<mjloggm ver="2.3"><GO type="225" lobby="0"/><UN n0="%E5%86%B7%E5%87%8D%E3%82%AE%E3%83%A7%E3%83%BC%E3%82%B6" n1="%E6%B4%BE%E9%81%A3%E3%81%AE%E3%82%B8%E3%83%A3%E3%83%83%E3%82%AF" n2="%E5%84%AA%40%41%42%43" n3="%E8%BE%9B%E5%8F%A3%E3%82%AB%E3%83%AC%E3%83%BC%E3%83%A9%E3%82%A4%E3%82%B9" dan="16,17,18,16" rate="2138.14,2213.52,2200.69,2222.61" sx="M,M,M,M"/><TAIKYOKU oya="0"/><INIT seed="0,0,0,3,2,113" ten="250,250,250,250" oya="0" hai0="1,15,81,107,94,102,74,110,48,97,20,52,83" hai1="75,9,10,126,14,11,22,25,79,57,134,66,130" hai2="44,124,49,59,32,50,2,7,26,101,54,123,122" hai3="69,19,65,71,119,105,86,95,112,37,30,93,62"/><T103/><D1/><U3/><E75/><V99/><F124/><W40/><G112/><T70/><D70/><U12/><E79/><V96/><F7/><W88/><G105/><T125/><D125/><U8/><E126/><V16/><F2/><W0/><G0/><T82/><D110/><U29/><E57/><V53/><F99/><W43/><G30/><T115/><D115/><U45/><E66/><V6/><F6/><W38/><G71/><T106/><D102/><U51/><E134/><V72/><F72/><W17/><G119/><T64/><D64/><U104/><E104/><V31/><REACH who="2" step="1"/><F16/><REACH who="2" ten="250,250,240,250" step="2"/><W76/><G17/><T35/><D74/><U41/><E130/><V114/><F114/><W18/><G19/><T24/><D15/><U67/><E3/><V127/><F127/><W61/><G18/><T116/><D97/><U131/><E131/><V133/><F133/><W58/><G86/><T92/><D106/><AGARI ba="0,1" hai="26,31,32,44,49,50,53,54,59,96,101,106,122,123" machi="106" ten="30,3900,0" yaku="1,1,7,1,53,1" doraHai="113" doraHaiUra="100" who="2" fromWho="0" sc="250,-39,250,0,240,49,250,0" /><INIT seed="1,0,0,5,4,117" ten="211,250,289,250" oya="1" hai0="131,0,129,8,31,64,63,3,71,115,121,72,26" hai1="105,65,45,7,67,89,134,74,47,23,100,73,2" hai2="78,87,32,85,90,103,135,17,69,38,15,28,80" hai3="48,57,11,128,40,113,70,16,118,114,102,1,92"/><U10/><E134/><V12/><F69/><W106/><G118/><T51/><D115/><U22/><E105/><V120/><F38/><W98/><G70/><T35/><D72/><U50/><E100/><V111/><F120/><W99/><G128/><N who="0" m="49227" /><D51/><U110/><E89/><V104/><F111/><W88/><G1/><N who="0" m="587" /><D8/><U6/><E2/><V29/><F32/><W123/><G123/><AGARI ba="0,0" hai="26,31,35,63,64,71,121,123" m="587,49227" machi="123" ten="40,8000,1" yaku="19,1,23,1,52,2" doraHai="117" who="0" fromWho="3" sc="211,80,250,0,289,0,250,-80" /><INIT seed="2,0,0,1,4,96" ten="291,250,289,170" oya="2" hai0="57,48,128,14,2,39,33,68,87,94,67,91,81" hai1="24,127,17,36,74,35,0,132,71,69,61,124,47" hai2="72,118,19,41,120,37,97,88,85,40,42,45,112" hai3="26,34,130,106,125,4,43,5,25,55,21,50,104"/><V6/><F112/><W98/><G125/><N who="1" m="48202" /><E132/><V75/><F118/><W63/><G130/><T107/><D107/><U110/><E110/><V10/><F120/><W15/><G34/><T70/><D2/><U31/><E74/><V32/><F32/><W99/><G43/><T126/><D39/><U13/><E0/><V51/><F19/><W103/><G63/><T79/><D128/><U76/><E76/><V49/><F97/><W65/><G65/><T78/><D78/><U58/><E47/><V93/><F51/><W131/><G131/><T60/><D33/><U123/><E123/><V52/><REACH who="2" step="1"/><F37/><REACH who="2" ten="291,250,279,170" step="2"/><W29/><G25/><T64/><D48/><U90/><E36/><V16/><F16/><W8/><G4/><T9/><D126/><U46/><E24/><V11/><F11/><W100/><REACH who="3" step="1"/><G50/><REACH who="3" ten="291,250,279,160" step="2"/><T101/><D60/><U102/><E61/><V53/><F53/><AGARI ba="0,2" hai="5,8,15,21,26,29,53,55,98,99,100,103,104,106" machi="53" ten="40,8000,1" yaku="1,1,2,1,9,1,52,2,53,0" doraHai="96" doraHaiUra="129" who="3" fromWho="2" sc="291,0,250,0,279,-80,160,100" /><INIT seed="3,0,0,2,2,1" ten="291,250,199,260" oya="3" hai0="6,84,93,26,105,35,58,97,125,52,20,46,101" hai1="77,69,71,66,107,80,104,23,115,112,113,129,10" hai2="40,3,94,68,128,48,65,130,27,98,121,75,31" hai3="62,49,81,117,16,0,83,122,63,119,54,92,12"/><W72/><G122/><T110/><D110/><U25/><E129/><N who="2" m="49771" /><F121/><W61/><G0/><T29/><D125/><U89/><E89/><V56/><F75/><W82/><G72/><T24/><D46/><U108/><E108/><V135/><F3/><W51/><G92/><T42/><D42/><U59/><E59/><V2/><F2/><W9/><REACH who="3" step="1"/><G54/><REACH who="3" ten="291,250,199,250" step="2"/><T60/><D105/><U57/><E107/><V116/><F116/><AGARI ba="0,1" hai="9,12,16,49,51,61,62,63,81,82,83,116,117,119" machi="116" ten="50,12000,1" yaku="1,1,2,1,54,1,53,2" doraHai="1" doraHaiUra="45" who="3" fromWho="2" sc="291,0,250,0,199,-120,250,130" owari="291,9.1,250,-15.0,79,-42.1,380,48.0" /></mjloggm>