<mjloggm ver="2.3"><GO type="225" lobby="0"/><UN n0="%E8%81%B7%E6%A5%AD%E3%80%81%E9%A2%A8%32" n1="%E5%B8%86%E7%AB%8B%E5%A4%8F%E8%A1%A3" n2="%E4%B8%89%E5%86%A0%E7%8E%8B%E3%83%BB%E5%B1%B1%E7%94%B0%E5%93%B2%E4%BA%BA" n3="%6D%75%75%6D%75%72%61" dan="16,17,16,16" rate="2115.86,2130.50,2142.24,2124.65" sx="M,M,M,F"/><TAIKYOKU oya="0"/><INIT seed="0,0,0,5,0,42" ten="250,250,250,250" oya="0" hai0="67,41,27,30,132,103,127,120,131,17,71,62,101" hai1="19,16,34,104,61,53,114,57,81,39,128,8,40" hai2="47,124,92,38,21,49,93,89,10,90,109,73,129" hai3="6,105,14,63,79,133,68,116,15,58,96,122,1"/><T99/><D120/><U130/><E34/><V74/><F109/><W33/><G122/><T110/><D110/><U9/><E104/><V32/><F32/><W46/><G68/><T95/><D127/><U18/><E114/><V65/><F124/><W107/><G116/><T134/><D131/><N who="1" m="50219" /><E81/><V135/><F129/><W69/><G69/><T118/><D118/><U72/><E72/><V87/><F135/><N who="0" m="51754" /><D41/><U2/><E2/><V5/><F65/><W29/><G1/><T106/><D17/><N who="1" m="4355" /><U86/><DORA hai="13" /><E86/><V22/><F38/><W56/><G107/><T26/><D30/><U115/><E115/><V84/><F74/><W35/><G29/><T94/><D106/><U43/><E43/><V31/><F73/><W37/><G105/><T70/><D70/><U76/><E76/><V78/><F78/><W28/><G79/><T24/><D95/><U11/><E40/><V12/><REACH who="2" step="1"/><F31/><REACH who="2" ten="250,250,240,250" step="2"/><W3/><G28/><T112/><D112/><U97/><E39/><V7/><F7/><W75/><G37/><T50/><D103/><U117/><E117/><V85/><F85/><W51/><G75/><T52/><D101/><U108/><E108/><V126/><F126/><W60/><G35/><T102/><D27/><U4/><E4/><V59/><F59/><AGARI ba="0,1" hai="24,26,50,52,59,62,67,71,94,99,102" m="51754" machi="59" ten="30,2900,0" yaku="20,1,54,1" doraHai="42,13" who="0" fromWho="2" sc="250,39,250,0,240,-29,250,0" /><INIT seed="0,1,0,5,5,57" ten="289,250,211,250" oya="0" hai0="47,90,55,85,27,23,54,0,22,111,28,40,60" hai1="110,79,102,63,33,58,74,31,42,10,16,127,125" hai2="62,80,8,107,83,44,91,87,41,24,118,129,39" hai3="75,109,5,115,13,128,53,3,6,43,131,108,88"/><T66/><D0/><U51/><E110/><N who="3" m="42602" /><G75/><T121/><D121/><U20/><E102/><V52/><F129/><N who="3" m="49739" /><G3/><T97/><D97/><U126/><E10/><V134/><F134/><W124/><G115/><T89/><D23/><U103/><E103/><V135/><F135/><W4/><G124/><T36/><D111/><U114/><E114/><V84/><F118/><W49/><G43/><T93/><REACH who="0" step="1"/><D89/><REACH who="0" ten="279,250,211,250" step="2"/><U94/><E20/><V64/><F91/><W105/><G88/><T77/><D77/><U101/><E79/><V116/><F116/><W7/><G105/><T106/><D106/><U98/><E125/><V81/><F107/><W112/><G112/><T68/><AGARI ba="1,1" hai="22,27,28,36,40,47,54,55,60,66,68,85,90,93" machi="68" ten="20,7800,0" yaku="1,1,0,1,7,1,52,1,53,0" doraHai="57" doraHaiUra="119" who="0" fromWho="0" sc="279,91,250,-27,211,-27,250,-27" /><INIT seed="0,2,0,5,3,61" ten="370,223,184,223" oya="0" hai0="22,98,104,23,112,59,90,84,1,103,71,63,72" hai1="73,56,122,119,50,36,96,85,91,14,29,48,116" hai2="93,25,67,65,62,118,2,128,34,120,88,109,82" hai3="32,5,47,52,97,117,78,43,66,68,133,20,75"/><T101/><D1/><U0/><E0/><V35/><F120/><W69/><G32/><T111/><D112/><U38/><E122/><V87/><F2/><W8/><G117/><T7/><D72/><U123/><E73/><V99/><F118/><W26/><G133/><T27/><D7/><U92/><E123/><V11/><F109/><W30/><G97/><T28/><D111/><U105/><E29/><V18/><F128/><W15/><G52/><T24/><D103/><U17/><E38/><V46/><F46/><W3/><G15/><T131/><D131/><U54/><E36/><V126/><F126/><W100/><G100/><T45/><D45/><U44/><E96/><V40/><F40/><W121/><G66/><T4/><D4/><U132/><E105/><V37/><F37/><N who="3" m="21999" /><G121/><T6/><D6/><U74/><E74/><V70/><F67/><W130/><G130/><T49/><D49/><U127/><E132/><V106/><F106/><W12/><G12/><T135/><D135/><U64/><E127/><V79/><REACH who="2" step="1"/><F11/><REACH who="2" ten="370,223,174,223" step="2"/><W58/><G58/><T89/><D59/><U94/><E64/><V13/><F13/><W60/><G8/><T83/><D71/><U33/><E119/><V129/><F129/><W115/><G69/><T124/><D124/><U107/><E116/><V86/><F86/><W108/><G68/><T102/><D84/><U134/><E107/><V95/><F95/><W41/><G108/><T53/><D104/><U80/><E134/><V42/><F42/><W125/><G41/><T76/><D98/><U16/><E92/><V110/><F110/><RYUUKYOKU ba="2,1" sc="370,-10,223,-10,174,30,223,-10" hai2="18,25,34,35,62,65,70,79,82,87,88,93,99" /><INIT seed="1,3,1,2,5,102" ten="360,213,204,213" oya="1" hai0="15,109,118,4,135,47,21,79,16,128,106,31,130" hai1="63,121,30,62,41,54,10,70,87,72,126,26,69" hai2="82,61,119,100,27,51,11,66,53,105,134,58,1" hai3="48,44,132,29,9,120,90,89,97,7,14,96,94"/><U22/><E121/><V24/><F119/><W113/><G120/><T125/><D118/><U40/><E72/><V25/><F134/><W75/><G132/><T122/><D135/><U42/><E126/><V95/><F82/><W3/><G75/><T74/><D106/><U108/><E108/><V77/><F77/><W5/><G113/><T64/><D64/><U78/><E70/><V13/><F1/><W60/><G29/><T88/><D109/><U92/><E69/><V18/><F95/><N who="3" m="56431" /><G3/><T43/><D125/><U52/><E10/><V81/><F81/><W127/><G60/><N who="1" m="23082" /><E78/><V38/><F38/><W110/><G127/><T99/><D79/><U59/><E59/><V129/><F129/><N who="0" m="49770" /><D74/><U50/><E50/><V85/><F85/><W67/><G110/><T28/><D122/><U36/><E36/><V32/><F32/><W55/><G67/><T124/><D4/><AGARI ba="3,1" hai="4,5,7,9,14,44,48,55,90,94,97" m="56431" machi="4" ten="30,1000,0" yaku="8,1" doraHai="102" who="3" fromWho="0" sc="360,-19,213,0,204,0,213,29" /><INIT seed="2,0,0,4,3,121" ten="341,213,204,242" oya="2" hai0="33,35,42,98,127,133,77,5,106,85,31,68,22" hai1="6,27,39,78,89,3,28,110,93,83,59,29,94" hai2="69,18,30,1,95,132,116,64,12,92,107,104,122" hai3="87,97,57,24,49,41,37,119,23,70,81,103,36"/><V101/><F1/><W82/><G70/><T58/><D68/><U75/><E110/><V17/><F116/><W19/><G119/><T88/><D127/><U43/><E59/><V45/><F122/><W9/><G9/><T96/><D133/><U2/><E29/><V10/><F132/><W71/><G71/><T61/><D5/><U99/><E93/><V16/><F30/><W7/><G7/><T108/><D108/><U51/><E39/><V100/><F45/><W52/><G41/><T40/><D77/><U13/><E13/><V65/><F69/><W8/><G8/><T109/><D109/><U126/><E6/><N who="2" m="3159" /><F107/><W111/><G111/><T11/><D106/><U76/><E126/><V26/><F104/><W21/><G23/><T4/><D33/><U62/><E78/><V129/><F26/><W44/><G44/><T134/><D134/><U47/><REACH who="1" step="1"/><E62/><REACH who="1" ten="341,203,204,242" step="2"/><V102/><F129/><W74/><G37/><T67/><D61/><U128/><E128/><V86/><F95/><N who="3" m="58815" /><G36/><T105/><D105/><U125/><E125/><V32/><F32/><AGARI ba="0,1" hai="2,3,27,28,32,43,47,51,75,76,83,89,94,99" machi="32" ten="30,3900,0" yaku="1,1,7,1,53,1" doraHai="121" doraHaiUra="72" who="1" fromWho="2" sc="341,0,203,49,204,-39,242,0" /><INIT seed="3,0,0,1,1,101" ten="341,252,165,242" oya="3" hai0="66,23,35,57,86,128,44,14,17,12,30,25,4" hai1="133,113,108,122,132,31,114,13,79,18,103,104,70" hai2="33,119,45,9,75,73,96,131,117,63,11,6,125" hai3="1,90,100,95,126,105,60,56,58,10,39,8,54"/><W85/><G126/><T121/><D128/><U38/><E70/><V91/><F131/><W94/><G39/><T130/><D130/><U123/><E38/><V92/><F125/><W64/><G1/><T115/><D121/><N who="1" m="46091" /><E31/><V83/><F33/><W3/><G3/><T16/><D115/><N who="1" m="44043" /><E13/><V34/><F34/><W65/><G105/><T112/><D4/><U62/><E62/><V59/><F119/><W89/><G100/><T99/><D44/><U68/><E18/><V111/><F117/><W84/><G65/><T51/><D66/><U124/><E68/><V46/><F111/><W7/><G7/><T27/><D27/><U29/><E29/><V37/><F73/><W22/><G22/><T69/><D69/><U42/><E42/><V134/><F134/><N who="1" m="51817" /><E79/><V74/><F74/><W87/><G85/><T118/><D86/><U116/><E116/><V72/><F72/><W61/><AGARI ba="0,0" hai="8,10,54,56,58,60,61,64,84,87,89,90,94,95" machi="61" ten="20,7800,0" yaku="0,1,7,1,9,1,8,1" doraHai="101" who="3" fromWho="3" sc="341,-26,252,-26,165,-26,242,78" owari="315,11.5,226,-17.4,139,-36.1,320,42.0" /></mjloggm>