<mjloggm ver="2.3"><GO type="225" lobby="0"/><UN n0="%E3%81%A4%E3%81%A3%E3%81%B1%E3%82%8A%E3%83%9D%E3%83%BC%E3%83%AB" n1="%E8%B6%85%E7%B4%9A%E9%B3%B3%E5%87%B0" n2="%E5%AD%90%E4%BE%9B%E4%BC%9A%E5%93%A1" n3="%E5%A4%9C%E3%81%AE%E3%82%AC%E3%82%B9%E3%83%91%E3%83%BC%E3%83%AB" dan="16,16,17,17" rate="2078.46,2184.61,2138.59,2153.40" sx="M,F,M,M"/><TAIKYOKU oya="0"/><INIT seed="0,0,0,3,2,36" ten="250,250,250,250" oya="0" hai0="77,89,18,96,129,111,87,122,69,49,24,47,45" hai1="66,118,75,63,7,53,37,132,22,48,6,51,128" hai2="57,40,5,0,123,52,59,135,116,70,104,3,25" hai3="12,102,76,17,80,79,90,85,54,10,100,112,38"/><T16/><D122/><U115/><E118/><V82/><F123/><W83/><G112/><T124/><D69/><U56/><E37/><V8/><F116/><W61/><G38/><T134/><D134/><U95/><E75/><V35/><F135/><W14/><G61/><T34/><D129/><U130/><E132/><V117/><F117/><W11/><G54/><T109/><D124/><U42/><E115/><V43/><F70/><W28/><G28/><N who="0" m="19719" /><D96/><U62/><E22/><V101/><F0/><W19/><REACH who="3" step="1"/><G90/><REACH who="3" ten="250,250,250,240" step="2"/><T73/><D89/><U131/><E66/><V41/><F52/><W31/><G31/><T120/><D120/><U60/><E95/><V103/><F104/><W133/><G133/><T50/><D50/><U20/><E51/><V23/><F43/><W74/><AGARI ba="0,1" hai="10,11,12,14,17,19,74,76,79,80,83,85,100,102" machi="74" ten="20,5200,0" yaku="1,1,0,1,7,1,9,1,53,0" doraHai="36" doraHaiUra="125" who="3" fromWho="3" sc="250,-26,250,-13,250,-13,240,62" /><INIT seed="1,0,0,2,0,118" ten="224,237,237,302" oya="1" hai0="84,77,2,125,43,127,101,114,40,5,95,113,3" hai1="130,124,109,70,63,53,8,50,44,52,83,134,29" hai2="22,100,116,73,71,36,32,64,106,102,78,110,81" hai3="34,24,30,46,57,123,76,21,117,23,60,56,91"/><U10/><E130/><V69/><F116/><W120/><G117/><T6/><D84/><U51/><E124/><N who="0" m="47689" /><D77/><U107/><E107/><V132/><F32/><W65/><G76/><T11/><D95/><U105/><E105/><V90/><F36/><W72/><G72/><T26/><D101/><U19/><E134/><V42/><F42/><N who="0" m="15914" /><D26/><U126/><E126/><V58/><F132/><W98/><G46/><T135/><D135/><U103/><E103/><V12/><F102/><W1/><G1/><N who="0" m="11" /><D11/><U18/><E8/><V14/><F100/><W31/><G34/><T94/><D94/><U9/><E10/><V59/><F78/><W39/><G91/><T0/><N who="0" m="19" /><T92/><DORA hai="104" /><D92/><U111/><E9/><V61/><F90/><W4/><G24/><T27/><D27/><U87/><E87/><V48/><F73/><W80/><G80/><T115/><AGARI ba="0,0" hai="5,6,113,114,115" m="19,15914,47689" machi="115" ten="60,7900,0" yaku="28,2,18,1" doraHai="118,104" who="0" fromWho="0" sc="224,79,237,-39,237,-20,302,-20" /><INIT seed="2,0,0,1,1,9" ten="303,198,217,282" oya="2" hai0="49,16,75,106,126,39,32,65,53,88,111,97,15" hai1="25,124,128,40,130,93,60,109,81,83,62,17,44" hai2="8,70,35,127,98,10,91,87,116,89,2,94,33" hai3="24,102,64,18,48,55,108,135,52,50,92,19,13"/><V22/><F116/><W74/><G74/><T45/><D32/><U68/><E109/><V63/><F127/><W131/><G108/><T84/><D75/><U96/><E124/><V122/><F122/><W30/><G131/><N who="1" m="50218" /><E25/><V47/><F22/><N who="3" m="15639" /><G135/><T3/><D3/><U41/><E17/><V99/><F47/><W77/><G77/><T56/><D111/><U105/><E105/><V6/><F10/><N who="3" m="6455" /><G64/><T133/><D126/><U34/><E34/><V29/><F29/><W14/><G102/><T113/><D113/><U90/><E41/><V110/><F110/><W61/><G92/><T57/><D65/><N who="1" m="40999" /><E62/><V103/><F63/><W132/><G132/><T0/><D133/><U129/><N who="1" m="50226" /><U78/><DORA hai="59" /><E78/><V31/><F70/><W38/><G38/><AGARI ba="0,0" hai="38,40,44,81,83,90,93,96" m="40999,50226" machi="38" ten="40,2600,0" yaku="19,1,52,1" doraHai="9,59" who="1" fromWho="3" sc="303,0,198,26,217,0,282,-26" /><INIT seed="3,0,0,5,4,105" ten="303,224,217,256" oya="3" hai0="134,43,107,87,88,60,54,18,46,13,104,53,51" hai1="50,72,44,21,33,75,98,55,129,95,83,67,2" hai2="0,30,9,62,118,126,52,23,81,48,58,25,3" hai3="82,42,96,120,32,26,28,80,1,36,91,47,73"/><W125/><G120/><T123/><D123/><U59/><E33/><V22/><F118/><W38/><G125/><T71/><D134/><U61/><E2/><V77/><F126/><W108/><G1/><T131/><D131/><U127/><E127/><V65/><F23/><W10/><G10/><N who="0" m="6455" /><D43/><U4/><E4/><V133/><F9/><W12/><G12/><T5/><D5/><U102/><E129/><V113/><F113/><W121/><G121/><T106/><D106/><U100/><E83/><V89/><F89/><W101/><G108/><T39/><D39/><U99/><REACH who="1" step="1"/><E21/><REACH who="1" ten="303,214,217,256" step="2"/><V119/><F133/><W7/><G7/><T76/><D76/><U34/><E34/><V11/><F119/><W93/><G82/><N who="0" m="49271" /><D71/><U115/><E115/><V74/><REACH who="2" step="1"/><F11/><REACH who="2" ten="303,214,207,256" step="2"/><W57/><G32/><T64/><D64/><U63/><E63/><V68/><AGARI ba="0,2" hai="0,3,22,25,30,48,52,58,62,65,68,74,77,81" machi="68" ten="20,12000,2" yaku="1,1,2,1,0,1,7,1,52,1,54,1,53,1" doraHai="105" doraHaiUra="24" who="2" fromWho="2" sc="303,-30,214,-30,207,140,256,-60" owari="273,7.3,184,-31.6,347,44.7,196,-20.4" /></mjloggm>