<mjloggm ver="2.3"><GO type="225" lobby="0"/><UN n0="%E7%BD%AA%E5%88%91%E6%B3%95%E5%AE%9A%E4%B8%BB%E7%BE%A9" n1="%E3%83%9F%E3%83%AA%E3%83%80%E3%81%97%E3%82%88" n2="%E9%A2%A8%E3%81%A7%E9%B3%B4%E3%81%8F" n3="%73%75%7A%75%72%61%6E%65" dan="16,16,16,16" rate="2167.60,2074.83,2134.58,2064.00" sx="M,M,M,M"/><TAIKYOKU oya="0"/><INIT seed="0,0,0,2,4,64" ten="250,250,250,250" oya="0" hai0="111,24,81,121,10,69,2,15,3,75,26,41,97" hai1="107,80,123,49,98,34,16,127,33,17,84,31,20" hai2="0,50,79,27,38,68,122,29,104,100,23,42,52" hai3="58,131,62,1,130,91,116,59,133,112,96,114,105"/><T32/><D121/><U70/><E123/><V65/><F0/><W94/><G1/><N who="0" m="11" /><D15/><U92/><E127/><V61/><F122/><W25/><G116/><T6/><D10/><U19/><E107/><V40/><F79/><W95/><G105/><T106/><D6/><U9/><E9/><V46/><REACH who="2" step="1"/><F38/><REACH who="2" ten="250,250,240,250" step="2"/><W13/><G114/><T126/><D126/><U56/><E34/><V90/><F90/><W30/><G112/><T54/><D32/><U53/><E33/><V132/><F132/><W51/><G133/><T21/><D111/><U128/><E128/><V57/><F57/><W39/><G39/><T8/><D75/><U67/><E56/><V125/><F125/><W22/><G58/><T115/><D115/><U76/><E76/><V102/><F102/><W88/><G51/><T78/><D78/><U124/><E49/><V4/><F4/><W36/><G36/><T48/><D48/><U86/><E124/><V11/><F11/><W47/><G131/><T108/><D8/><U99/><E20/><V72/><F72/><W113/><G130/><T7/><D21/><U28/><E28/><V43/><F43/><W85/><G113/><T120/><D41/><U93/><E31/><V5/><F5/><W103/><G91/><T118/><D7/><U87/><E17/><V129/><F129/><W77/><G77/><T55/><D120/><U135/><E19/><V89/><F89/><W35/><G35/><T66/><D108/><U109/><E109/><V134/><F134/><W73/><G73/><T117/><D118/><U12/><E135/><V82/><F82/><RYUUKYOKU ba="0,1" sc="250,-10,250,-10,240,30,250,-10" hai2="23,27,29,40,42,46,50,52,61,65,68,100,104" /><INIT seed="1,1,1,0,1,124" ten="240,240,270,240" oya="1" hai0="13,21,81,59,94,102,86,108,2,55,129,27,63" hai1="17,84,107,104,89,39,92,46,87,61,85,118,22" hai2="106,109,51,93,56,115,111,79,62,133,120,36,10" hai3="54,74,65,114,12,52,134,1,90,135,48,34,24"/><U123/><E123/><V91/><F36/><W6/><G74/><T82/><D108/><U122/><E122/><V28/><F106/><W43/><G1/><T66/><D2/><U132/><E118/><V126/><F120/><W29/><G65/><T116/><D116/><U113/><E113/><V53/><F126/><W97/><G114/><T83/><D129/><U127/><E127/><V40/><F115/><W50/><G6/><T71/><D13/><U31/><E31/><V5/><F79/><W70/><G70/><T20/><D102/><U125/><E125/><V26/><F133/><N who="3" m="50699" /><G12/><T33/><D33/><U47/><E61/><V44/><F10/><W7/><G7/><T15/><D15/><U117/><E117/><V8/><F8/><W0/><G0/><T80/><D94/><U30/><E30/><V4/><F109/><W9/><G9/><T96/><D96/><U67/><E67/><V58/><F58/><W68/><G68/><T131/><D131/><U112/><E112/><V78/><F78/><W119/><G119/><T105/><D105/><N who="1" m="40523" /><E132/><V64/><F64/><W121/><G121/><T18/><D21/><U37/><E37/><V88/><F111/><W98/><G43/><T41/><D41/><N who="1" m="22847" /><E47/><V38/><F38/><W130/><G130/><T25/><D25/><U45/><E45/><V19/><F28/><W77/><G98/><T57/><REACH who="0" step="1"/><D55/><REACH who="0" ten="230,240,270,240" step="2"/><U76/><E76/><AGARI ba="1,2" hai="18,20,27,57,59,63,66,71,76,80,81,82,83,86" machi="76" ten="40,2600,0" yaku="1,1,2,1,53,0" doraHai="124" doraHaiUra="100" who="0" fromWho="1" sc="230,49,240,-29,270,0,240,0" /><INIT seed="2,0,0,1,5,61" ten="279,211,270,240" oya="2" hai0="40,108,14,100,62,66,46,48,98,79,116,6,126" hai1="7,134,107,30,75,3,22,94,50,72,96,93,65" hai2="9,32,39,90,99,41,20,34,91,67,71,1,120" hai3="2,26,131,133,21,117,105,12,54,88,89,129,78"/><V103/><F120/><W43/><G2/><T82/><D108/><U81/><E134/><V18/><F91/><W55/><G117/><T8/><D126/><U19/><E30/><V124/><F90/><N who="3" m="34923" /><G105/><T36/><D116/><U0/><E107/><N who="2" m="63999" /><F20/><W83/><G43/><T123/><D123/><U70/><E81/><V85/><F85/><N who="3" m="48375" /><G133/><T128/><D128/><N who="3" m="49225" /><G12/><T11/><D36/><U25/><E3/><V84/><F84/><W24/><G24/><T114/><D114/><U64/><E72/><V16/><F124/><W27/><G27/><T101/><D98/><U42/><E75/><V92/><F92/><W33/><G33/><T53/><D40/><U119/><E119/><V44/><F18/><AGARI ba="0,0" hai="18,21,26,54,55" m="49225,48375,34923" machi="18" ten="30,2000,0" yaku="19,1,54,1" doraHai="61" who="3" fromWho="2" sc="279,0,211,0,270,-20,240,20" /><INIT seed="3,0,0,1,4,93" ten="279,211,250,260" oya="3" hai0="87,44,94,86,85,131,25,135,125,31,118,90,3" hai1="0,2,97,51,62,89,100,96,91,35,11,71,92" hai2="30,82,115,101,68,36,39,75,81,49,16,74,132" hai3="120,29,9,105,63,119,109,73,55,133,45,113,59"/><W123/><G113/><T70/><D118/><U72/><E72/><V69/><F30/><W18/><G119/><T48/><D3/><U17/><E35/><V104/><F49/><W5/><G73/><N who="2" m="27657" /><F115/><W121/><G105/><T79/><D70/><N who="2" m="27242" /><F132/><W103/><G133/><T40/><D135/><U43/><E71/><V61/><F61/><W114/><G114/><T108/><D108/><U60/><E2/><V124/><F104/><W67/><G29/><T98/><D125/><U24/><E0/><V54/><F101/><W83/><G103/><T122/><D131/><U56/><E100/><V33/><F54/><W27/><G109/><T21/><D122/><U64/><E62/><V20/><F20/><W57/><G45/><T78/><AGARI ba="0,0" hai="21,25,31,40,44,48,78,79,85,86,87,90,94,98" machi="78" ten="30,4000,0" yaku="0,1,8,1,52,1" doraHai="93" who="0" fromWho="0" sc="279,40,211,-10,250,-10,260,-20" owari="319,41.9,201,-29.9,240,4.0,240,-16.0" /></mjloggm>