<mjloggm ver="2.3"><GO type="225" lobby="0"/><UN n0="%47%32%E9%BE%8D%E9%96%80" n1="%E9%B3%B3%E6%9D%B1%E3%81%AE%E3%81%86%E3%81%95%E3%81%8E%E3%81%95%E3%82%93" n2="%E6%A0%B9%E5%85%83%E3%81%8B%E3%82%89%E5%90%B9%E3%81%A3%E9%A3%9B%E3%81%B6" n3="%6D%75%75%6D%75%72%61" dan="16,16,16,16" rate="2113.92,2112.37,2161.64,2133.52" sx="M,M,F,F"/><TAIKYOKU oya="0"/><INIT seed="0,0,0,4,3,91" ten="250,250,250,250" oya="0" hai0="33,51,72,78,0,127,25,87,85,67,34,11,92" hai1="100,54,110,39,30,42,63,69,23,3,32,132,134" hai2="48,1,60,41,46,36,113,15,9,44,75,27,68" hai3="50,121,89,119,21,12,76,55,26,84,40,4,58"/><T62/><D127/><U130/><E32/><V6/><F113/><W102/><G119/><T108/><D108/><U97/><E3/><V77/><F27/><W65/><G121/><T95/><D72/><U98/><E30/><V79/><F75/><W83/><G102/><T52/><D0/><U122/><E23/><V86/><F1/><W80/><G65/><T81/><D11/><U8/><E8/><V71/><F60/><W103/><G103/><T24/><D34/><U105/><E122/><V131/><F131/><W104/><G104/><T96/><D87/><U99/><E110/><V38/><F77/><W31/><G40/><T47/><D33/><U56/><E69/><V82/><REACH who="2" step="1"/><F46/><REACH who="2" ten="250,250,240,250" step="2"/><W59/><G76/><T123/><D123/><U133/><E130/><V94/><F94/><N who="0" m="35882" /><D96/><U116/><E116/><V74/><F74/><W28/><G84/><T2/><D2/><U101/><E101/><V106/><F106/><W120/><G120/><T66/><D62/><U35/><E35/><V7/><F7/><W19/><G4/><T49/><D49/><U16/><E99/><V93/><F93/><W10/><G50/><T90/><D78/><U128/><E128/><V124/><F124/><W20/><G89/><T88/><D90/><U73/><E73/><V29/><F29/><W37/><G31/><T115/><D115/><U57/><E98/><V118/><F118/><W18/><G28/><T112/><D112/><U61/><E61/><V126/><F126/><W114/><G114/><T5/><D5/><U43/><E63/><V109/><F109/><W135/><G19/><RYUUKYOKU ba="0,1" sc="250,15,250,-15,240,15,250,-15" hai0="24,25,47,51,52,66,67,81,85,88" hai2="6,9,15,36,38,41,44,48,68,71,79,82,86" /><INIT seed="0,1,1,4,3,120" ten="265,235,255,235" oya="0" hai0="19,103,36,126,98,59,7,64,10,133,24,82,0" hai1="15,9,65,51,74,80,121,100,47,66,118,70,40" hai2="130,83,78,116,127,114,25,37,67,104,34,28,102" hai3="29,79,110,108,23,6,76,63,61,109,124,92,134"/><T81/><D36/><U97/><E118/><V71/><F114/><W53/><G134/><T106/><D133/><U128/><E128/><V42/><F130/><W22/><G124/><T11/><D126/><U46/><E121/><V5/><F116/><W26/><G6/><T111/><D111/><U75/><E47/><V41/><F5/><W33/><G92/><T30/><D64/><U94/><E70/><V69/><F127/><W72/><G53/><T49/><D59/><U117/><E117/><V89/><F89/><W21/><G72/><T129/><D49/><U32/><E32/><V77/><F77/><AGARI ba="1,1" hai="21,22,23,26,29,33,61,63,76,77,79,108,109,110" machi="77" ten="50,8000,1" yaku="14,1,52,3" doraHai="120" who="3" fromWho="2" sc="265,0,235,0,255,-83,235,93" /><INIT seed="1,0,0,0,1,32" ten="265,235,172,328" oya="1" hai0="133,59,10,96,106,37,48,58,125,85,89,64,126" hai1="84,30,14,41,86,67,101,0,43,20,69,21,74" hai2="53,92,91,34,78,22,108,29,124,115,120,46,80" hai3="88,87,121,112,33,134,17,26,35,79,51,70,63"/><U107/><E74/><V6/><F120/><W60/><G121/><T7/><D37/><U54/><E69/><V119/><F119/><W28/><G112/><T61/><D133/><U49/><E67/><V1/><F108/><W57/><G134/><T52/><D106/><U128/><E128/><V95/><F124/><W75/><G70/><T102/><D96/><U5/><E107/><V104/><F104/><W8/><G35/><T77/><D77/><U16/><E101/><V82/><F34/><W13/><G79/><T18/><D18/><U130/><E130/><V27/><F95/><W94/><G75/><T68/><D102/><U122/><E122/><V135/><F135/><W36/><G36/><T109/><D109/><U113/><E113/><V62/><F115/><W24/><G24/><T100/><D100/><U131/><E131/><V15/><F78/><W9/><G9/><T76/><D76/><U72/><E0/><V42/><F1/><W123/><G123/><T90/><D68/><U3/><E3/><V129/><F129/><W93/><G93/><T73/><D73/><U132/><E5/><V39/><F53/><W4/><G4/><T98/><D98/><U105/><E132/><V83/><F62/><W31/><G28/><T12/><REACH who="0" step="1"/><D90/><REACH who="0" ten="255,235,172,328" step="2"/><U116/><E105/><V23/><F6/><W66/><G17/><T50/><D50/><U2/><E49/><V71/><F71/><W81/><G51/><T110/><D110/><U118/><E72/><V103/><F103/><W11/><G88/><T117/><D117/><U44/><E118/><V127/><F127/><RYUUKYOKU ba="0,1" sc="255,30,235,-10,172,-10,328,-10" hai0="7,10,12,48,52,58,59,61,64,85,89,125,126" /><INIT seed="2,1,1,5,4,70" ten="285,225,162,318" oya="2" hai0="97,83,29,131,73,74,130,7,101,126,15,44,1" hai1="4,52,3,84,105,92,75,35,47,40,125,113,69" hai2="8,120,122,46,135,24,100,34,14,39,0,20,18" hai3="119,124,65,102,77,54,37,85,93,41,33,36,103"/><V2/><F100/><W95/><G119/><T17/><D29/><U27/><E105/><V117/><F117/><W82/><G33/><T88/><D1/><U25/><E75/><V132/><F46/><W111/><G65/><T123/><D7/><U16/><E69/><V48/><F48/><W118/><G118/><T81/><D44/><U64/><E113/><V133/><F39/><W26/><G41/><T114/><D114/><U86/><E64/><V116/><F116/><W13/><G26/><T106/><D123/><N who="2" m="47146" /><F34/><W127/><G103/><T98/><D126/><N who="3" m="48169" /><G102/><T66/><D66/><U51/><E125/><V67/><F67/><W134/><G54/><T79/><D17/><AGARI ba="1,1" hai="0,2,8,14,17,18,20,24,132,133,135" m="47146" machi="17" ten="40,7700,0" yaku="20,1,34,2" doraHai="70" who="2" fromWho="0" sc="285,-80,225,0,162,90,318,0" /><INIT seed="2,2,0,0,0,3" ten="205,225,252,318" oya="2" hai0="12,77,41,36,133,105,21,126,42,99,2,57,66" hai1="117,85,123,63,81,98,74,28,55,35,60,124,38" hai2="96,100,94,91,116,106,102,32,5,110,86,121,24" hai3="7,129,11,46,25,83,19,109,54,29,31,45,88"/><V70/><F116/><W111/><G129/><T130/><D2/><U43/><E117/><V131/><F121/><W75/><G19/><T114/><D114/><U59/><E74/><V68/><F131/><W61/><G61/><T33/><D33/><U8/><E123/><V48/><F110/><N who="3" m="41995" /><G54/><T4/><D130/><U103/><E124/><V78/><F102/><W44/><G25/><T64/><D126/><U16/><E35/><V65/><F78/><N who="3" m="44511" /><G88/><T95/><D133/><U37/><E28/><V125/><F125/><W58/><G58/><T79/><D57/><U62/><E43/><N who="0" m="16393" /><D36/><U119/><E119/><V76/><F65/><N who="0" m="25194" /><D21/><U39/><E63/><V82/><F24/><W71/><G71/><T67/><N who="0" m="25202" /><T13/><DORA hai="87" /><D105/><U15/><E60/><V101/><F32/><W73/><G73/><T23/><D23/><U112/><E112/><V50/><F70/><W127/><G127/><T118/><D118/><U30/><E39/><V92/><F68/><W120/><G120/><T72/><D72/><U52/><E55/><V80/><F50/><W14/><AGARI ba="2,0" hai="7,11,14,29,31,44,45,46" m="44511,41995" machi="14" ten="30,2000,0" yaku="14,1,52,1" doraHai="3,87" who="3" fromWho="3" sc="205,-7,225,-7,252,-12,318,26" /><INIT seed="3,0,0,4,5,66" ten="198,218,240,344" oya="3" hai0="80,133,39,72,47,50,107,106,75,15,46,111,29" hai1="33,41,132,126,91,77,11,35,128,52,61,24,125" hai2="116,76,122,60,58,105,114,9,108,13,100,103,37" hai3="42,97,117,93,12,5,94,17,134,86,90,64,54"/><W110/><G117/><T82/><D111/><U18/><E128/><V129/><F76/><W22/><G134/><T31/><D15/><U59/><E132/><V83/><F83/><W67/><G42/><T119/><D133/><U49/><E77/><V104/><F37/><W19/><G5/><T123/><D50/><U113/><E113/><V3/><F3/><W2/><G2/><T8/><D8/><U56/><E91/><V48/><F48/><W99/><G86/><T65/><D65/><N who="1" m="39079" /><E41/><V34/><F34/><W44/><G44/><N who="0" m="16939" /><D39/><U6/><E18/><N who="2" m="8495" /><F129/><W32/><G32/><T25/><D25/><U38/><E24/><V84/><F116/><W27/><G54/><T7/><D7/><U43/><E38/><V53/><F108/><W102/><G110/><T73/><D123/><U124/><E43/><V127/><F105/><N who="0" m="39946" /><D119/><U70/><E70/><V57/><F104/><W98/><G98/><T4/><D4/><U68/><E68/><V101/><F58/><W40/><G40/><T10/><D10/><AGARI ba="0,0" hai="10,12,17,19,22,27,64,67,90,93,94,97,99,102" machi="10" ten="30,2900,0" yaku="7,1,8,1" doraHai="66" who="3" fromWho="0" sc="198,-29,218,0,240,0,344,29" owari="169,-33.1,218,-18.2,240,4.0,373,47.3" /></mjloggm>