<mjloggm ver="2.3"><GO type="225" lobby="0"/><UN n0="%E6%98%93%E5%88%A9%E8%96%A9%E4%BC%AF" n1="%6D%75%75%6D%75%72%61" n2="%E3%83%97%E3%83%AC%E3%83%B4%E3%82%A1%E3%83%86%E3%82%A3" n3="%E3%81%BF%E3%81%BF%E3%81%9A" dan="16,16,16,16" rate="2052.19,2084.36,2118.33,2184.04" sx="F,F,F,M"/><TAIKYOKU oya="0"/><INIT seed="0,0,0,4,2,49" ten="250,250,250,250" oya="0" hai0="40,28,4,112,63,19,116,88,46,100,119,8,39" hai1="108,80,75,11,30,3,27,109,66,21,79,35,17" hai2="58,2,82,56,67,84,47,69,91,43,93,77,126" hai3="129,86,14,97,1,7,78,55,83,74,132,38,62"/><T104/><D112/><U131/><E131/><V98/><F126/><W124/><G129/><T64/><D28/><U13/><REACH who="1" step="1"/><E66/><REACH who="1" ten="250,240,250,250" step="2"/><V52/><F2/><W57/><G1/><T81/><D64/><U41/><E41/><V61/><REACH who="2" step="1"/><F52/><REACH who="2" ten="250,240,240,250" step="2"/><W125/><G55/><T50/><D40/><U72/><E72/><V114/><F114/><W16/><G74/><T23/><D116/><U54/><E54/><V70/><F70/><W15/><G124/><T130/><D119/><U31/><E31/><V29/><F29/><W25/><G125/><T76/><D130/><U106/><E106/><V89/><F89/><W103/><G78/><T22/><D88/><U32/><E32/><V92/><F92/><W101/><G101/><T110/><D104/><U51/><E51/><AGARI ba="0,2" hai="43,47,51,56,58,61,67,69,77,82,84,91,93,98" machi="51" ten="30,2000,0" yaku="1,1,7,1,53,0" doraHai="49" doraHaiUra="117" who="2" fromWho="1" sc="250,0,240,-20,240,40,250,0" /><INIT seed="1,0,0,1,1,61" ten="250,220,280,250" oya="1" hai0="126,5,71,67,99,9,10,100,11,98,97,56,13" hai1="60,86,35,70,45,47,118,57,39,80,128,21,84" hai2="72,93,110,107,55,77,106,41,130,119,32,46,6" hai3="87,111,7,103,12,53,22,112,120,135,90,2,36"/><U74/><E35/><V31/><F119/><W92/><G120/><T38/><D71/><U64/><E118/><V15/><F110/><W3/><G112/><T134/><D38/><U0/><E128/><V54/><F130/><W27/><G111/><T63/><D134/><U58/><E0/><V114/><F114/><W20/><G135/><T91/><D126/><U4/><E74/><V88/><F32/><W125/><G125/><T62/><D100/><U16/><E4/><V94/><F31/><W108/><G36/><T78/><D78/><U96/><E96/><V115/><F115/><W26/><G108/><T132/><D132/><U34/><E34/><V59/><F94/><W122/><G122/><T49/><D63/><U37/><E37/><V95/><F95/><W68/><G68/><T81/><REACH who="0" step="1"/><D49/><REACH who="0" ten="240,220,280,250" step="2"/><U1/><E39/><V19/><F77/><W109/><G103/><T105/><D105/><U17/><E70/><V79/><F79/><W33/><G109/><T124/><D124/><U25/><E1/><V121/><F107/><W23/><G2/><T104/><D104/><U66/><E80/><V18/><F106/><W29/><G3/><T52/><D52/><N who="2" m="20010" /><F121/><W75/><G53/><T89/><D89/><U131/><E131/><V101/><F101/><W129/><G129/><T85/><AGARI ba="0,1" hai="5,9,10,11,13,56,62,67,81,85,91,97,98,99" machi="85" ten="30,7900,0" yaku="1,1,0,1,8,1,52,1,53,0" doraHai="61" doraHaiUra="50" who="0" fromWho="0" sc="240,89,220,-39,280,-20,250,-20" /><INIT seed="2,0,0,1,3,24" ten="329,181,260,230" oya="2" hai0="57,37,28,104,77,55,29,50,9,25,108,133,130" hai1="63,119,111,125,87,6,10,5,95,47,69,8,66" hai2="113,14,121,126,101,4,27,30,39,7,33,135,11" hai3="96,64,36,1,74,84,67,16,61,58,45,88,78"/><V12/><F39/><W110/><G1/><T86/><D104/><U72/><E119/><V81/><F113/><W22/><G110/><T112/><D112/><U46/><E72/><V93/><F121/><W56/><G74/><T128/><D37/><U129/><E125/><V100/><F126/><W109/><G109/><T21/><D108/><U32/><E129/><N who="0" m="49769" /><D133/><U131/><E111/><V75/><F135/><W103/><G78/><T20/><D9/><U124/><E124/><V118/><F118/><W115/><G115/><T134/><D134/><U43/><E32/><V23/><F93/><N who="3" m="58767" /><G45/><T59/><D59/><N who="3" m="22569" /><G61/><T13/><D13/><U3/><E131/><V60/><F60/><W70/><G70/><T107/><D107/><U49/><E46/><V92/><F92/><N who="3" m="54279" /><G36/><T102/><D102/><U117/><E117/><V122/><F122/><W54/><G54/><T48/><D48/><U42/><E95/><V0/><F81/><W90/><G90/><T80/><D21/><U79/><E79/><V31/><F75/><W51/><G51/><T89/><D89/><U62/><E62/><V53/><F53/><W98/><G98/><T2/><D2/><U105/><E105/><V127/><F127/><W18/><G22/><T73/><D73/><U38/><E87/><V132/><F132/><W65/><AGARI ba="0,0" hai="16,18,64,65,67" m="54279,22569,58767" machi="65" ten="30,4000,0" yaku="8,1,54,2" doraHai="24" who="3" fromWho="3" sc="329,-10,181,-10,260,-20,230,40" /><INIT seed="3,0,0,5,3,101" ten="319,171,240,270" oya="3" hai0="12,111,54,41,119,72,104,40,21,90,11,135,134" hai1="35,80,38,51,64,69,77,63,68,102,78,71,47" hai2="110,83,1,57,120,16,58,97,82,89,46,92,123" hai3="62,108,91,13,15,74,55,94,24,125,0,70,86"/><W130/><G0/><T49/><D72/><U122/><E122/><V113/><F113/><W129/><G125/><T79/><D104/><U127/><E127/><V87/><F1/><W19/><G74/><T44/><D79/><U99/><E38/><V31/><F110/><W61/><G108/><T52/><D119/><U27/><E71/><V85/><F31/><W65/><G24/><T39/><D21/><U114/><E114/><V4/><F4/><W67/><G55/><T60/><D111/><U36/><E69/><V95/><F46/><W42/><G42/><T116/><D90/><U126/><E36/><V115/><F115/><W50/><G50/><T8/><D8/><U75/><E126/><V96/><REACH who="2" step="1"/><F89/><REACH who="2" ten="319,171,230,270" step="2"/><W48/><G48/><T26/><D44/><U56/><E77/><V73/><F73/><W112/><G112/><T88/><D88/><U132/><E132/><V33/><F33/><W25/><G25/><T131/><D26/><U3/><E3/><V100/><F100/><W23/><REACH who="3" step="1"/><G13/><REACH who="3" ten="319,171,230,260" step="2"/><T6/><D49/><U29/><E51/><V66/><F66/><W43/><G43/><T128/><D12/><U76/><E47/><V84/><F84/><W81/><G81/><T10/><D40/><U45/><E45/><V34/><F34/><W133/><G133/><T53/><D41/><U5/><E35/><V37/><F37/><W20/><G20/><T98/><D39/><U2/><E80/><V109/><F109/><W121/><G121/><T9/><D135/><U117/><E75/><V32/><F32/><W7/><G7/><T105/><D134/><RYUUKYOKU ba="0,2" sc="319,-15,171,-15,230,15,260,15" hai2="16,57,58,82,83,85,87,92,95,96,97,120,123" hai3="15,19,23,61,62,65,67,70,86,91,94,129,130" /><INIT seed="3,1,2,0,2,82" ten="304,156,245,275" oya="3" hai0="103,30,6,67,83,113,36,91,32,87,80,55,96" hai1="65,28,106,52,69,7,86,84,100,51,130,127,79" hai2="48,121,64,95,60,13,39,40,108,50,37,3,78" hai3="111,54,89,126,85,77,29,56,114,81,16,14,72"/><W63/><G114/><T117/><D36/><N who="2" m="13898" /><F3/><W104/><G126/><T15/><D67/><U116/><E127/><V68/><F78/><W109/><G29/><T31/><D117/><U17/><E79/><V9/><F95/><W120/><G120/><T129/><D32/><U41/><E116/><V26/><F26/><W88/><G104/><T112/><D129/><U74/><E74/><V20/><F20/><N who="3" m="11287" /><G72/><T101/><D55/><U92/><E130/><V25/><F25/><W135/><G135/><T132/><D83/><U76/><E106/><V122/><F13/><W18/><G18/><T10/><D103/><U124/><E76/><V53/><F9/><W21/><G21/><T110/><D110/><AGARI ba="1,2" hai="54,56,63,77,81,85,88,89,109,110,111" m="11287" machi="110" ten="30,12000,1" yaku="14,1,10,1,52,1,54,2" doraHai="82" who="3" fromWho="0" sc="304,-123,156,0,245,0,275,143" owari="181,-21.9,156,-34.4,245,4.5,418,51.8" /></mjloggm>