<mjloggm ver="2.3"><GO type="225" lobby="0"/><UN n0="%E3%81%82%E3%81%99%E3%81%AB%E3%82%83%E3%82%80" n1="%73%6C%69%63%6B%33%31%39" n2="%E3%82%BC%E3%83%AB%E3%83%80%E3%81%AE%E4%BC%9D%E8%AA%AC" n3="%E5%AF%82%E5%AF%9E%E3%82%AE%E3%83%8D%E3%82%B9%E3%83%93%E3%83%BC%E3%83%AB" dan="16,16,16,16" rate="2112.65,2167.65,2150.13,2157.58" sx="F,M,M,M"/><TAIKYOKU oya="0"/><INIT seed="0,0,0,3,4,54" ten="250,250,250,250" oya="0" hai0="95,14,127,70,44,113,116,13,68,71,74,106,92" hai1="93,65,100,8,18,2,121,78,101,63,57,85,28" hai2="20,55,128,84,111,22,66,102,105,103,73,82,98" hai3="36,29,11,43,49,69,133,60,38,31,109,1,114"/><T6/><D106/><U32/><E121/><V26/><F111/><W126/><G114/><T125/><D113/><U15/><E2/><V96/><F128/><W27/><G109/><T59/><D44/><U81/><E32/><V131/><F131/><W67/><G126/><N who="0" m="48139" /><D74/><U41/><E28/><V47/><F73/><W33/><G133/><T46/><D46/><U61/><E41/><V132/><F132/><W3/><G31/><T77/><D77/><U86/><REACH who="1" step="1"/><E63/><REACH who="1" ten="250,240,250,250" step="2"/><V120/><F120/><W56/><G1/><T19/><D116/><U110/><E110/><V0/><F0/><W34/><G34/><T75/><D75/><U7/><E7/><V12/><F105/><W25/><G43/><T115/><D115/><U87/><E87/><V108/><F84/><W76/><G3/><T52/><D6/><U5/><E5/><V64/><F108/><W89/><G29/><T90/><D19/><U42/><E42/><V94/><F96/><W48/><G33/><T45/><D45/><U104/><E104/><V39/><F98/><W30/><G30/><T135/><D135/><U23/><E23/><V21/><F21/><W80/><G11/><T83/><D83/><U16/><E16/><N who="2" m="10247" /><F82/><W134/><G134/><T117/><D117/><U53/><E53/><V91/><F55/><W112/><G112/><T107/><D107/><U99/><E99/><N who="2" m="57823" /><F47/><W72/><G80/><T24/><D95/><U17/><E17/><N who="2" m="12623" /><F39/><W88/><G38/><T79/><D92/><U10/><E10/><V119/><F119/><W9/><G36/><T129/><D52/><U97/><E97/><RYUUKYOKU ba="0,1" sc="250,-15,240,15,250,15,250,-15" hai1="8,15,18,57,61,65,78,81,85,86,93,100,101" hai2="64,66,102,103" /><INIT seed="1,1,1,0,1,97" ten="235,255,265,235" oya="1" hai0="3,20,54,34,55,110,106,91,15,35,19,38,111" hai1="13,98,39,116,87,75,80,79,21,131,14,86,101" hai2="50,73,118,135,26,65,37,72,125,99,122,64,104" hai3="126,27,11,134,121,2,82,102,22,58,92,61,40"/><U62/><E116/><V4/><F37/><W124/><G121/><T67/><D38/><U119/><E119/><V89/><F118/><W95/><G134/><T6/><D67/><U83/><E39/><V76/><F122/><W81/><G40/><T32/><D106/><U45/><E131/><V90/><F4/><W52/><G11/><N who="0" m="2527" /><D91/><U88/><E45/><V114/><F50/><W44/><G2/><T74/><D74/><U31/><E62/><V77/><F26/><W25/><G44/><T113/><D113/><U108/><E108/><AGARI ba="1,1" hai="15,19,20,32,34,35,54,55,108,110,111" m="2527" machi="108" ten="40,1300,0" yaku="14,1" doraHai="97" who="0" fromWho="1" sc="235,26,255,-16,265,0,235,0" /><INIT seed="2,0,0,1,5,91" ten="261,239,265,235" oya="2" hai0="96,15,86,110,0,13,129,131,88,127,56,99,63" hai1="124,32,50,43,22,67,128,8,58,102,5,51,1" hai2="120,69,21,46,117,57,123,74,6,105,76,134,80" hai3="94,115,66,130,23,38,125,36,83,133,19,29,104"/><V7/><F69/><W126/><G104/><T61/><D0/><U9/><E32/><V68/><F68/><W4/><G133/><T47/><D47/><U85/><E128/><N who="0" m="49225" /><D110/><U59/><E124/><N who="3" m="47722" /><G130/><T65/><D63/><U37/><E37/><V30/><F117/><W98/><G115/><T18/><D127/><U95/><E22/><V84/><F105/><W71/><G4/><T35/><D35/><U97/><E9/><V108/><F134/><W72/><G29/><T52/><D65/><U116/><E116/><V28/><F108/><W100/><G66/><T33/><D33/><U87/><E67/><V14/><F123/><W45/><G45/><T103/><D103/><U90/><E87/><V81/><F120/><W54/><G54/><T27/><D27/><U111/><E111/><V48/><F57/><W101/><G101/><T70/><D70/><U75/><E58/><V10/><F7/><W44/><G44/><T12/><D18/><U20/><E59/><V114/><F114/><W53/><G53/><T93/><AGARI ba="0,0" hai="12,13,15,52,56,61,86,88,93,96,99" m="49225" machi="93" ten="30,7900,0" yaku="19,1,52,1,54,2" doraHai="91" who="0" fromWho="0" sc="261,79,239,-20,265,-39,235,-20" /><INIT seed="3,0,0,0,2,44" ten="340,219,226,215" oya="3" hai0="3,9,18,111,52,13,41,66,77,38,104,91,56" hai1="39,15,23,126,22,58,96,131,42,46,6,48,69" hai2="100,92,8,10,98,47,24,4,73,49,108,109,118" hai3="80,133,57,78,127,43,25,114,17,113,63,99,124"/><W93/><G43/><T71/><D104/><U83/><E69/><V90/><F118/><W120/><G120/><T1/><D77/><U103/><E39/><V105/><F73/><N who="3" m="43087" /><G17/><T94/><D111/><N who="2" m="42570" /><F24/><W61/><G25/><T59/><D41/><U116/><E116/><V54/><F4/><W64/><G63/><T16/><D38/><U84/><E58/><V62/><F62/><W95/><G133/><T97/><D71/><U26/><E26/><V51/><F51/><W74/><G74/><T75/><D75/><U37/><E37/><V36/><F36/><W76/><G76/><T68/><D59/><U11/><E23/><V14/><F14/><W40/><G40/><T31/><D66/><U110/><E22/><V7/><F7/><W101/><G95/><T19/><D68/><U70/><E70/><V102/><F102/><W28/><G28/><T12/><D31/><U117/><E117/><V35/><F35/><W123/><G123/><T88/><D91/><U2/><E110/><V87/><AGARI ba="0,0" hai="8,10,47,49,54,87,90,92,98,100,105" m="42570" machi="87" ten="30,2000,0" yaku="14,1,52,1" doraHai="44" who="2" fromWho="2" sc="340,-5,219,-5,226,20,215,-10" owari="335,43.5,214,-18.6,246,4.6,205,-29.5" /></mjloggm>