<mjloggm ver="2.3"><GO type="225" lobby="0"/><UN n0="%44%2E%65%61%67%6C%65" n1="%E6%98%93%E5%88%A9%E8%96%A9%E4%BC%AF" n2="%E3%83%94%E3%83%B3%E3%82%B5%E3%83%AD%E5%BA%97%E5%93%A1" n3="%6C%61%6D%62" dan="17,16,17,16" rate="2147.90,2037.57,2199.40,2170.79" sx="M,F,M,M"/><TAIKYOKU oya="0"/><INIT seed="0,0,0,1,0,84" ten="250,250,250,250" oya="0" hai0="3,28,30,42,16,37,103,29,118,59,36,86,0" hai1="46,132,93,120,78,77,20,75,117,108,41,79,102" hai2="128,109,124,96,125,74,115,122,101,76,114,19,51" hai3="133,68,87,113,31,92,4,112,126,6,67,9,13"/><T27/><D118/><U91/><E117/><V49/><F19/><W61/><G126/><N who="2" m="48745" /><F49/><W99/><G133/><T72/><D72/><U95/><E20/><V14/><F14/><W54/><G31/><T111/><D103/><U26/><E26/><V107/><F51/><W17/><G87/><T44/><D37/><U121/><E46/><V70/><F70/><W89/><REACH who="3" step="1"/><G54/><REACH who="3" ten="250,250,250,240" step="2"/><T48/><D86/><U33/><E132/><V5/><F115/><AGARI ba="0,1" hai="4,6,9,13,17,61,67,68,89,92,99,112,113,115" machi="115" ten="40,8000,1" yaku="1,1,2,1,52,1,53,2" doraHai="84" doraHaiUra="2" who="3" fromWho="2" sc="250,0,250,0,250,-80,240,90" /><INIT seed="1,0,0,4,5,108" ten="250,250,170,330" oya="1" hai0="57,88,132,49,102,35,43,69,53,74,18,14,113" hai1="61,60,85,39,101,117,96,34,29,28,50,106,23" hai2="93,56,128,120,129,118,83,4,122,111,87,54,42" hai3="27,99,3,52,94,64,6,81,58,92,62,9,84"/><U115/><E39/><V86/><F42/><W90/><G27/><T37/><D74/><U73/><E73/><V131/><F4/><W104/><G104/><T72/><D102/><U21/><E117/><V19/><F19/><W12/><G3/><T119/><D72/><U38/><E38/><V123/><F54/><W44/><G44/><T40/><D35/><U107/><E107/><V109/><F56/><W91/><REACH who="3" step="1"/><G81/><REACH who="3" ten="250,250,170,320" step="2"/><T112/><D119/><U95/><E106/><V89/><REACH who="2" step="1"/><F118/><REACH who="2" ten="250,250,160,320" step="2"/><W77/><G77/><AGARI ba="0,2" hai="77,83,86,87,89,93,109,111,120,122,123,128,129,131" machi="77" ten="50,12000,2" yaku="1,1,2,1,19,1,34,3,53,0" doraHai="108" doraHaiUra="5" who="2" fromWho="3" sc="250,0,250,0,160,140,320,-120" /><INIT seed="2,0,0,4,1,52" ten="250,250,300,200" oya="2" hai0="110,7,132,90,75,91,4,3,87,34,70,14,120" hai1="104,40,13,64,92,73,65,60,69,68,131,36,49" hai2="133,6,63,101,43,86,127,88,5,28,37,77,78" hai3="46,41,38,26,135,121,95,122,58,76,67,47,8"/><V61/><F133/><W51/><G135/><T39/><D132/><U102/><E104/><V99/><F127/><W56/><G76/><N who="2" m="29289" /><F37/><W96/><G8/><T1/><D70/><U17/><E73/><V27/><F43/><N who="3" m="23031" /><G26/><T117/><D34/><U50/><E131/><V89/><F101/><W30/><G30/><T2/><D120/><N who="3" m="46185" /><G95/><T107/><D107/><U18/><E18/><V124/><F124/><W59/><G96/><T54/><D39/><U98/><E40/><V22/><F99/><W105/><G105/><T118/><D75/><U71/><E36/><V83/><F89/><N who="0" m="33802" /><D14/><U32/><E32/><V126/><F126/><W23/><G23/><T115/><D87/><U0/><E0/><V84/><F84/><W72/><G72/><T42/><D115/><U9/><REACH who="1" step="1"/><E65/><AGARI ba="0,0" hai="41,46,51,56,58,59,65,67" m="46185,23031" machi="65" ten="30,8000,1" yaku="34,2,52,3" doraHai="52" who="3" fromWho="1" sc="250,0,250,-80,300,0,200,80" /><INIT seed="3,0,0,2,5,63" ten="250,170,300,280" oya="3" hai0="91,89,98,84,111,49,22,87,29,26,61,74,80" hai1="117,12,127,129,122,123,39,126,5,19,109,27,130" hai2="48,57,46,79,9,34,65,75,82,37,120,76,20" hai3="23,54,38,2,50,16,7,124,85,83,107,88,104"/><W47/><G124/><N who="1" m="47658" /><E39/><V51/><F34/><W78/><G38/><T15/><D74/><U30/><E109/><V56/><F120/><W11/><REACH who="3" step="1"/><G78/><REACH who="3" ten="250,170,300,270" step="2"/><T97/><D111/><U106/><E106/><V64/><F79/><W14/><AGARI ba="0,1" hai="2,7,11,14,16,23,47,50,54,83,85,88,104,107" machi="14" ten="20,18000,2" yaku="1,1,2,1,0,1,7,1,54,2,53,0" doraHai="63" doraHaiUra="36" who="3" fromWho="3" sc="250,-60,170,-60,300,-60,270,190" owari="190,-21.0,110,-39.0,240,4.0,460,56.0" /></mjloggm>