<mjloggm ver="2.3"><GO type="225" lobby="0"/><UN n0="%E7%9C%9F%E4%B8%80" n1="%E3%81%8F%E3%82%8A%E3%83%94%E3%83%BC" n2="%E8%81%B7%E6%A5%AD%E3%80%81%E9%A2%A8%32" n3="%E5%8C%97%E6%AC%A7%E3%81%AE%E3%82%82%E3%81%93%E3%81%86" dan="16,16,16,17" rate="2165.04,2091.90,2109.52,2170.83" sx="M,M,M,M"/><TAIKYOKU oya="0"/><INIT seed="0,0,0,3,0,128" ten="250,250,250,250" oya="0" hai0="77,133,5,35,91,15,64,41,50,44,112,18,126" hai1="99,21,125,82,45,90,22,109,83,65,2,14,102" hai2="72,54,29,0,58,69,46,52,113,25,106,89,47" hai3="131,16,74,121,63,87,97,8,20,1,93,33,117"/><T10/><D133/><U127/><E2/><V60/><F72/><W4/><G74/><T134/><D134/><U101/><E65/><V68/><F0/><W59/><G131/><T80/><D126/><N who="1" m="48139" /><E45/><V124/><F124/><W24/><G117/><T78/><D112/><U9/><E109/><V48/><F106/><W6/><G6/><T96/><D35/><U28/><E90/><V71/><F113/><W114/><G114/><T13/><D64/><U51/><E51/><V36/><F89/><W103/><G121/><T100/><D91/><U39/><E39/><V81/><F81/><N who="1" m="30729" /><E28/><V104/><F104/><W26/><G87/><T86/><D77/><U118/><E118/><V34/><F36/><W38/><G38/><T31/><D31/><U88/><E88/><V53/><REACH who="2" step="1"/><F47/><REACH who="2" ten="250,250,240,250" step="2"/><W132/><G1/><T3/><REACH who="0" step="1"/><D18/><REACH who="0" ten="240,250,240,250" step="2"/><N who="1" m="8527" /><E102/><V111/><F111/><W76/><G103/><T79/><D79/><U57/><E101/><V135/><F135/><W70/><G76/><T32/><D32/><U19/><E19/><V108/><F108/><W105/><G132/><T115/><D115/><U130/><E130/><V98/><F98/><W42/><G33/><T61/><D61/><U120/><E99/><V107/><F107/><AGARI ba="0,2" hai="3,5,10,13,15,41,44,50,78,80,86,96,100,107" machi="107" ten="30,2900,0" yaku="1,1,7,1,53,0" doraHai="128" doraHaiUra="116" who="0" fromWho="2" sc="240,49,250,0,240,-29,250,0" /><INIT seed="0,1,0,5,2,77" ten="289,250,211,250" oya="0" hai0="15,134,23,22,17,18,48,49,135,41,104,106,47" hai1="67,132,73,54,8,32,87,83,10,114,64,25,30" hai2="13,56,38,51,19,58,7,72,119,102,60,123,133" hai3="125,5,24,16,103,90,98,124,109,46,40,97,115"/><T11/><D11/><U0/><E132/><V26/><F133/><N who="0" m="50698" /><D49/><U129/><E129/><V120/><F38/><W93/><G115/><T126/><D126/><N who="3" m="48745" /><G109/><T21/><D21/><U81/><E73/><V35/><F72/><W105/><G5/><T86/><D86/><U57/><E114/><V80/><F119/><W94/><G24/><AGARI ba="1,0" hai="15,17,18,22,23,24,41,47,48,104,106" m="50698" machi="24" ten="30,1500,0" yaku="20,1" doraHai="77" who="0" fromWho="3" sc="289,18,250,0,211,0,250,-18" /><INIT seed="0,2,0,3,4,128" ten="307,250,211,232" oya="0" hai0="66,78,0,75,79,58,115,107,83,56,13,18,43" hai1="102,122,77,52,95,35,45,61,125,17,73,46,129" hai2="21,47,81,4,123,37,42,130,134,87,116,117,36" hai3="30,119,93,38,67,135,88,71,101,103,94,55,131"/><T110/><D115/><U34/><E122/><V126/><F123/><W89/><G38/><T90/><D107/><U121/><E121/><V91/><F130/><W10/><G131/><T127/><D0/><U68/><E129/><V16/><F126/><W11/><G119/><N who="2" m="45641" /><F4/><W99/><G30/><T19/><D127/><U92/><E125/><V54/><F54/><W53/><G71/><T133/><D43/><U80/><E17/><V3/><F3/><W24/><G67/><T41/><D41/><U100/><E68/><V23/><F23/><W22/><G135/><T86/><D133/><U120/><E120/><V39/><F134/><W44/><G22/><T40/><D40/><U27/><E27/><AGARI ba="2,0" hai="16,21,27,36,37,39,42,47,81,87,91" m="45641" machi="27" ten="30,2000,0" yaku="12,1,54,1" doraHai="128" who="2" fromWho="1" sc="307,0,250,-26,211,26,232,0" /><INIT seed="1,0,0,2,0,97" ten="307,224,237,232" oya="1" hai0="130,104,99,24,20,125,81,54,40,119,122,45,92" hai1="8,48,33,112,38,123,117,57,124,86,62,79,29" hai2="106,42,27,39,118,132,51,77,21,120,60,135,34" hai3="1,66,12,95,5,94,23,73,41,105,53,43,22"/><U115/><E38/><V127/><F120/><W70/><G105/><T111/><D119/><U96/><E123/><V113/><F118/><W71/><G73/><T80/><D122/><U109/><E117/><V68/><F34/><W107/><G107/><T44/><D111/><U19/><E109/><V65/><F106/><W102/><G1/><T10/><D104/><U75/><E75/><V88/><F77/><W128/><G128/><T47/><D130/><U14/><E124/><V82/><F127/><W31/><G66/><T84/><D125/><U13/><E48/><V18/><F51/><W126/><G5/><T76/><D54/><U69/><E69/><V46/><REACH who="2" step="1"/><F113/><REACH who="2" ten="307,224,227,232" step="2"/><W16/><G126/><T108/><D108/><U36/><E33/><V32/><F32/><W134/><G134/><T2/><D76/><U30/><E79/><V55/><F55/><W6/><G53/><T58/><D40/><U37/><E115/><V98/><F98/><W133/><G41/><T101/><D99/><U50/><E96/><V74/><F74/><W129/><G43/><T11/><D2/><U78/><E50/><V100/><F100/><W56/><G102/><T25/><D101/><U64/><E112/><V91/><F91/><W114/><G133/><T93/><D84/><AGARI ba="0,1" hai="18,21,27,39,42,46,60,65,68,82,84,88,132,135" machi="84" ten="40,5200,0" yaku="1,1,54,1,53,1" doraHai="97" doraHaiUra="61" who="2" fromWho="0" sc="307,-52,224,0,227,62,232,0" /><INIT seed="2,0,0,2,3,106" ten="255,224,289,232" oya="2" hai0="82,35,29,110,70,132,48,18,113,105,46,68,31" hai1="58,52,23,12,89,134,51,131,99,64,100,10,6" hai2="30,71,1,125,101,72,108,17,118,107,97,13,127" hai3="66,92,65,80,95,86,50,57,9,73,126,61,77"/><V44/><F118/><W32/><G126/><N who="2" m="48137" /><F1/><W8/><G32/><T112/><D105/><U130/><E134/><V40/><F72/><W91/><G66/><T16/><D132/><U96/><E64/><V49/><F30/><W33/><G33/><T22/><D35/><U11/><E23/><N who="2" m="11695" /><F108/><W98/><REACH who="3" step="1"/><G50/><REACH who="3" ten="255,224,289,222" step="2"/><T41/><D110/><U83/><E131/><V2/><F2/><W47/><G47/><T93/><D68/><AGARI ba="0,1" hai="40,44,49,68,71,97,101,107" m="11695,48137" machi="68" ten="30,1500,0" yaku="18,1" doraHai="106" who="2" fromWho="0" sc="255,-15,224,0,289,25,222,0" /><INIT seed="2,1,0,1,5,66" ten="240,224,314,222" oya="2" hai0="34,22,28,33,62,46,49,113,2,101,75,95,52" hai1="104,11,106,127,53,91,118,79,21,80,4,126,82" hai2="16,92,20,133,58,9,63,122,120,31,65,135,51" hai3="117,110,102,41,71,73,67,56,42,54,93,64,44"/><V18/><F92/><W129/><G73/><T47/><D113/><U84/><E21/><V39/><F39/><W24/><G117/><T107/><D107/><N who="1" m="41003" /><E53/><N who="2" m="32063" /><F31/><W13/><G110/><T70/><D2/><U115/><E11/><V128/><F18/><W132/><G129/><T17/><D75/><N who="1" m="43135" /><E4/><V32/><F9/><W78/><G132/><N who="2" m="50761" /><F32/><W99/><G78/><T19/><D28/><U125/><E115/><V119/><F128/><W35/><G35/><T72/><D72/><U108/><E108/><V94/><F94/><W109/><G24/><T103/><D17/><U124/><E126/><V48/><F48/><W55/><G109/><T87/><D34/><U83/><E83/><V23/><F23/><W68/><G13/><T37/><D33/><U86/><E86/><V50/><F50/><W10/><G10/><T59/><D37/><U8/><E8/><V69/><F119/><AGARI ba="1,0" hai="82,84,91,118,119,124,125,127" m="43135,41003" machi="119" ten="40,5200,0" yaku="18,1,34,2" doraHai="66" who="1" fromWho="2" sc="240,0,224,55,314,-55,222,0" /><INIT seed="3,0,0,4,2,84" ten="240,279,259,222" oya="3" hai0="47,102,98,61,19,82,8,5,126,88,121,29,134" hai1="65,72,94,95,3,113,26,24,56,35,87,20,31" hai2="103,10,58,92,76,33,75,125,59,69,18,131,91" hai3="86,0,23,67,22,112,51,30,104,73,28,105,57"/><W108/><G112/><T107/><D121/><U38/><E113/><V99/><F69/><W119/><G119/><T46/><D134/><U132/><E72/><V55/><F33/><W1/><G73/><T114/><D114/><U106/><E106/><V77/><F125/><W78/><G108/><T96/><D126/><U13/><E3/><V109/><F109/><W44/><G105/><T62/><D29/><N who="3" m="11369" /><G104/><T50/><D19/><U37/><E13/><N who="2" m="7479" /><F75/><W53/><G0/><T89/><D82/><U127/><E132/><V120/><F120/><W39/><G39/><T11/><D107/><U52/><E65/><V117/><F131/><W74/><G1/><T85/><D85/><U9/><E87/><N who="2" m="52351" /><F117/><W70/><G70/><T129/><D129/><U54/><E35/><V42/><F42/><N who="3" m="24983" /><G67/><T80/><D102/><U60/><E38/><V6/><F6/><W115/><G115/><T111/><D5/><U135/><E37/><V34/><F34/><W64/><G64/><T118/><D111/><U16/><E127/><V15/><F15/><W41/><G41/><T27/><D118/><U97/><E135/><V40/><F40/><W90/><G74/><T21/><D80/><U14/><E24/><V12/><F12/><W122/><G122/><T128/><D128/><U124/><E124/><V81/><F81/><N who="3" m="49487" /><G78/><N who="2" m="30313" /><F55/><W71/><G71/><T101/><D27/><U116/><E116/><V4/><F4/><W123/><G123/><T2/><D2/><U49/><E97/><V66/><F66/><W133/><G133/><T93/><D98/><U83/><E83/><V25/><F25/><RYUUKYOKU ba="0,0" sc="240,-30,279,10,259,10,222,10" hai1="9,14,16,20,26,31,49,52,54,56,60,94,95" hai2="58,59,99,103" hai3="22,23,53,57" /><INIT seed="3,1,0,4,1,107" ten="210,289,269,232" oya="3" hai0="98,61,70,20,56,34,37,45,74,88,130,17,41" hai1="30,122,13,36,116,51,38,93,102,84,33,71,134" hai2="105,89,10,8,114,47,22,85,23,109,21,14,129" hai3="80,58,1,113,94,62,19,40,83,99,78,128,44"/><W43/><G113/><T101/><D130/><U53/><E122/><V0/><F109/><W95/><G128/><T132/><D132/><U120/><E71/><V16/><F105/><W24/><G1/><T68/><D34/><U26/><E120/><V12/><F114/><W9/><G95/><T54/><D74/><U66/><E66/><V75/><F75/><W131/><G131/><T18/><D18/><U65/><E65/><V103/><F0/><W96/><G96/><T100/><D100/><U25/><E25/><V6/><F129/><W29/><G9/><T49/><D37/><U69/><E69/><V31/><F47/><W117/><G19/><T125/><D125/><U135/><E116/><V124/><F103/><W111/><G117/><T106/><REACH who="0" step="1"/><D88/><REACH who="0" ten="200,289,269,232" step="2"/><U104/><E38/><V86/><F124/><W59/><G78/><T28/><D28/><U7/><E36/><V35/><F89/><W92/><G111/><T15/><AGARI ba="1,1" hai="15,17,20,41,45,49,54,56,61,68,70,98,101,106" machi="15" ten="20,2700,0" yaku="1,1,0,1,7,1,53,0" doraHai="107" doraHaiUra="127" who="0" fromWho="0" sc="200,40,289,-8,269,-8,232,-14" /><INIT seed="4,0,0,2,0,69" ten="240,281,261,218" oya="0" hai0="43,45,96,94,59,15,52,49,135,55,0,40,73" hai1="106,123,78,77,86,25,65,35,85,8,129,32,16" hai2="3,19,61,56,20,105,95,89,33,48,118,10,51" hai3="76,114,81,22,47,124,67,37,24,70,100,57,92"/><T34/><D0/><U50/><E123/><V115/><F33/><W97/><G114/><T63/><D34/><U110/><E110/><V13/><F115/><W53/><G124/><T36/><D135/><U132/><E106/><V71/><F71/><W128/><G128/><T116/><D116/><U39/><E39/><V66/><F105/><W54/><G70/><T14/><D73/><U112/><E112/><V98/><F118/><W107/><G107/><T30/><D30/><U134/><E65/><V29/><F3/><W75/><G47/><T64/><D43/><U109/><E50/><V102/><F89/><W18/><G37/><T131/><D131/><U7/><E109/><V99/><F98/><W80/><G80/><T21/><D21/><N who="1" m="13479" /><E85/><V113/><F113/><W41/><G41/><T6/><D6/><U91/><E78/><V83/><F83/><W42/><G42/><T119/><D119/><U1/><E77/><V31/><F31/><W122/><G122/><T90/><D55/><U11/><E8/><V62/><F62/><W44/><G44/><AGARI ba="0,0" hai="14,15,36,40,44,45,49,52,59,63,64,90,94,96" machi="44" ten="30,5800,0" yaku="7,1,52,1,54,1" doraHai="69" who="0" fromWho="3" sc="240,58,281,0,261,0,218,-58" /><INIT seed="4,1,0,0,2,100" ten="298,281,261,160" oya="0" hai0="16,44,84,72,109,113,121,114,74,91,14,123,33" hai1="8,116,92,96,107,82,95,128,77,62,3,79,50" hai2="27,12,87,54,31,19,120,58,112,35,56,22,130" hai3="42,52,34,4,89,46,125,70,81,132,40,29,75"/><T85/><D33/><U67/><E116/><V47/><F112/><N who="0" m="43114" /><D44/><U111/><E111/><V133/><F130/><W80/><G70/><T68/><D68/><U76/><E128/><V90/><F120/><N who="0" m="46154" /><D109/><U23/><E50/><N who="2" m="29023" /><F35/><W6/><G132/><T65/><D65/><U41/><E67/><V36/><F36/><W0/><G125/><T103/><D103/><U129/><E41/><N who="3" m="15978" /><G0/><T48/><D48/><U32/><E3/><V126/><F126/><W119/><G75/><N who="0" m="28715" /><D91/><U73/><E32/><V127/><F133/><W106/><G106/><T25/><D25/><U83/><E107/><V5/><F127/><W57/><G46/><T86/><D86/><U69/><E73/><V71/><F71/><W30/><G119/><T24/><D24/><U28/><E69/><V134/><F134/><W122/><G122/><T64/><D64/><U2/><E76/><V17/><F5/><N who="3" m="2155" /><G34/><T10/><AGARI ba="1,0" hai="10,14,16,84,85" m="28715,46154,43114" machi="10" ten="40,3900,0" yaku="15,1,54,1" doraHai="100" who="0" fromWho="0" sc="298,42,281,-14,261,-14,160,-14" owari="340,44.0,267,6.7,247,-15.3,146,-35.4" /></mjloggm>