<mjloggm ver="2.3"><GO type="225" lobby="0"/><UN n0="%2D%E8%B1%8A%E5%8F%A3%E3%82%81%E3%81%90%E3%81%BF%2D" n1="%E9%A6%AC%E4%BA%86%E9%9A%94%E5%A3%81" n2="%6D%75%75%73%61%6E%6D%75" n3="%E9%B3%B3%E6%9D%B1%E3%81%AE%E3%81%86%E3%81%95%E3%81%8E%E3%81%95%E3%82%93" dan="16,18,16,17" rate="2098.72,2211.38,2122.91,2244.08" sx="F,M,F,M"/><TAIKYOKU oya="0"/><INIT seed="0,0,0,3,3,28" ten="250,250,250,250" oya="0" hai0="22,118,70,135,76,50,30,121,25,95,5,52,18" hai1="72,59,112,34,11,2,128,32,39,120,49,133,20" hai2="1,13,131,75,67,78,114,64,46,33,0,73,129" hai3="115,92,63,83,126,111,93,3,45,14,130,123,55"/><T86/><D118/><U51/><E120/><V119/><F114/><W29/><G115/><T58/><D121/><U23/><E112/><V12/><F46/><W21/><G123/><T80/><D135/><U91/><E39/><V97/><F97/><W61/><G3/><N who="2" m="1097" /><F78/><W37/><G111/><T132/><D132/><U71/><E71/><V99/><F99/><W98/><G130/><N who="2" m="49673" /><F33/><W127/><G45/><T24/><D70/><U90/><E128/><V6/><F6/><W66/><G98/><T17/><D5/><U68/><E68/><V84/><F84/><W74/><G37/><T105/><D105/><U94/><E72/><N who="2" m="27723" /><F119/><W89/><G74/><T100/><D100/><U43/><E133/><V9/><F9/><W10/><G10/><T81/><D95/><U57/><E2/><V53/><F53/><W107/><G55/><T109/><D109/><U35/><E35/><V16/><F16/><W82/><G93/><T69/><D69/><U26/><E11/><V108/><F108/><W31/><G92/><T104/><D104/><U38/><E94/><V48/><F48/><W96/><G107/><T60/><D81/><U27/><E38/><V116/><F116/><W8/><G8/><T15/><D17/><U47/><E47/><V65/><AGARI ba="0,0" hai="12,13,64,65,67" m="27723,49673,1097" machi="65" ten="40,5200,0" yaku="28,2,19,1" doraHai="28" who="2" fromWho="2" sc="250,-26,250,-13,250,52,250,-13" /><INIT seed="1,0,0,4,0,34" ten="224,237,302,237" oya="1" hai0="102,69,22,126,132,65,11,9,92,48,61,97,80" hai1="133,73,37,17,78,131,134,119,103,47,124,95,70" hai2="87,115,98,72,51,117,52,128,90,23,6,21,0" hai3="45,24,76,25,56,7,35,30,71,68,39,29,19"/><U8/><E119/><V5/><F117/><W77/><G19/><T28/><D126/><U99/><E70/><V46/><F72/><W33/><G56/><T120/><D132/><N who="1" m="50795" /><E124/><V129/><F98/><W57/><G57/><T64/><D64/><U79/><E131/><N who="2" m="50251" /><F115/><W85/><G7/><N who="2" m="2569" /><F0/><W20/><G20/><T96/><D120/><U93/><E73/><V58/><F58/><W100/><G100/><T66/><D66/><U109/><E109/><V101/><F101/><W54/><G85/><T32/><D97/><U41/><E95/><AGARI ba="0,0" hai="21,23,46,51,52,87,90,95" m="2569,50251" machi="95" ten="30,2000,0" yaku="19,1,54,1" doraHai="34" who="2" fromWho="1" sc="224,0,237,-20,302,20,237,0" /><INIT seed="2,0,0,5,1,52" ten="224,217,322,237" oya="2" hai0="92,24,42,61,53,18,49,59,11,19,40,17,2" hai1="14,20,72,56,51,128,37,65,121,29,102,0,125" hai2="43,12,112,10,22,119,131,105,91,133,78,45,134" hai3="62,127,94,118,88,3,30,123,111,32,95,63,41"/><V83/><F112/><W33/><G118/><T79/><D79/><U126/><E37/><V68/><F119/><W31/><G123/><T114/><D114/><U84/><E0/><V115/><F115/><W103/><G3/><T124/><D124/><N who="1" m="47723" /><E72/><V50/><F68/><W60/><G127/><T7/><D24/><N who="1" m="16519" /><E128/><V77/><F131/><W1/><G1/><T113/><D113/><U23/><E102/><V99/><F105/><W110/><G41/><T5/><D5/><U34/><E34/><N who="3" m="13418" /><G103/><T135/><D135/><U117/><E117/><V48/><F78/><W54/><G54/><T109/><D109/><N who="3" m="41481" /><G95/><T73/><D73/><U4/><E121/><V101/><F77/><W122/><G122/><T116/><D116/><U67/><E84/><AGARI ba="0,0" hai="30,31,60,62,63,84,88,94" m="41481,13418" machi="84" ten="40,2600,0" yaku="14,1,54,1" doraHai="52" who="3" fromWho="1" sc="224,0,217,-26,322,0,237,26" /><INIT seed="3,0,0,3,2,42" ten="224,191,322,263" oya="3" hai0="38,115,95,52,47,17,34,104,77,28,83,29,26" hai1="110,5,8,131,129,39,4,76,124,56,130,87,40" hai2="78,79,3,45,23,105,99,60,106,133,11,59,46" hai3="35,31,84,112,24,109,125,0,22,55,12,121,14"/><W63/><G112/><T98/><D104/><U72/><E110/><V97/><F133/><W64/><G121/><T126/><D126/><U66/><E124/><V102/><F23/><W44/><G125/><T9/><D115/><U10/><E87/><V51/><F3/><W92/><G0/><T30/><D17/><U68/><E68/><V16/><F79/><W18/><G109/><T61/><D9/><U81/><E8/><V134/><F78/><W75/><G75/><T37/><D37/><U128/><N who="1" m="32768" /><DORA hai="120" /><U15/><E4/><V71/><F71/><W7/><G7/><T13/><D13/><U80/><E80/><V43/><F134/><W86/><G12/><T85/><D38/><U53/><E66/><V96/><F11/><W33/><G33/><T19/><D19/><U48/><E39/><V114/><F16/><W107/><G86/><T41/><D41/><AGARI ba="0,0" hai="5,10,15,40,41,48,53,56,72,76,81" m="32768" machi="41" ten="70,2300,0" yaku="19,1" doraHai="42,120" who="1" fromWho="0" sc="224,-23,191,23,322,0,263,0" owari="201,-29.9,214,-18.6,322,42.2,263,6.3" /></mjloggm>