<mjloggm ver="2.3"><GO type="225" lobby="0"/><UN n0="%77%72%77%72%77%72%77%72" n1="%E3%83%99%E3%83%AB%E3%83%A2%E3%83%83%E3%83%88" n2="%E6%B8%A9%E2%98%85%E6%83%85%E2%98%85%E6%8E%AA%E2%98%85%E7%BD%AE" n3="%E3%82%A2%E3%82%A4%E3%82%B9%E3%83%86%E3%82%A3%E3%83%BC%E3%81%82%E3%81%B9" dan="16,16,17,16" rate="2235.80,2105.91,2206.73,2092.01" sx="M,M,M,M"/><TAIKYOKU oya="0"/><INIT seed="0,0,0,1,1,97" ten="250,250,250,250" oya="0" hai0="16,0,45,103,80,43,111,14,100,1,17,11,107" hai1="39,32,119,95,101,28,25,94,127,83,7,60,108" hai2="115,122,112,50,128,31,116,8,132,66,24,41,22" hai3="26,42,10,121,44,47,55,53,77,106,49,46,27"/><T82/><D111/><U21/><E119/><V20/><F116/><W13/><G106/><T56/><D107/><U57/><E39/><V129/><F122/><W34/><G121/><T118/><D118/><U63/><E127/><V88/><F132/><W81/><G34/><T130/><D130/><N who="2" m="50282" /><F66/><W62/><G47/><T93/><D0/><U117/><E7/><V23/><F8/><W18/><G62/><T58/><D1/><U64/><E108/><V110/><F110/><W79/><G79/><T85/><D93/><U52/><E32/><N who="2" m="20583" /><F88/><W30/><G30/><T89/><D82/><U6/><E83/><V92/><F92/><W15/><G13/><T29/><D29/><U104/><E6/><V48/><F41/><W37/><REACH who="3" step="1"/><G53/><REACH who="3" ten="250,250,250,240" step="2"/><T2/><D2/><U33/><E33/><V35/><F35/><W126/><G126/><T68/><D68/><U78/><E78/><V69/><F69/><W99/><G99/><T98/><D98/><N who="1" m="59607" /><E117/><V5/><F5/><W74/><AGARI ba="0,1" hai="10,15,18,26,27,37,42,44,46,49,55,74,77,81" machi="74" ten="20,2700,0" yaku="1,1,0,1,7,1,53,0" doraHai="97" doraHaiUra="124" who="3" fromWho="3" sc="250,-13,250,-7,250,-7,240,37" /><INIT seed="1,0,0,0,3,91" ten="237,243,243,277" oya="1" hai0="96,67,33,85,37,25,104,46,5,120,16,133,13" hai1="14,55,43,32,63,90,77,100,74,124,98,117,101" hai2="81,31,12,125,57,93,102,20,8,95,29,78,9" hai3="27,48,72,103,111,4,23,0,106,56,54,44,121"/><U64/><E32/><V11/><F125/><W116/><G111/><T22/><D133/><U122/><E117/><V73/><F102/><W82/><G121/><T51/><D120/><U80/><E122/><V39/><F39/><W84/><G72/><T129/><D129/><U26/><E43/><V6/><F57/><W49/><G116/><T21/><D37/><U50/><E124/><V75/><F75/><W28/><G0/><T69/><D33/><U108/><E108/><V131/><F131/><W52/><G4/><T130/><D130/><U128/><E26/><V113/><F113/><W58/><G106/><T71/><D67/><U35/><E35/><V62/><F62/><W97/><G97/><T99/><D5/><U3/><E3/><V115/><F115/><W18/><G103/><T87/><D71/><U66/><E128/><V65/><F65/><W127/><G127/><T19/><D69/><U135/><E135/><V34/><F34/><W109/><G109/><T41/><REACH who="0" step="1"/><D104/><REACH who="0" ten="227,243,243,277" step="2"/><U10/><E64/><V119/><F119/><W83/><G44/><T134/><D134/><U88/><E66/><V7/><F7/><W76/><G83/><T112/><D112/><U60/><E60/><V45/><F45/><W105/><G105/><T42/><D42/><U92/><E63/><V68/><F68/><W40/><G40/><T89/><D89/><U123/><E123/><V53/><F53/><W47/><G47/><T15/><D15/><U107/><E90/><V59/><F59/><W114/><G114/><T126/><D126/><U79/><E107/><V38/><F38/><RYUUKYOKU ba="0,1" sc="227,15,243,-15,243,-15,277,15" hai0="13,16,19,21,22,25,41,46,51,85,87,96,99" hai3="18,23,27,28,48,49,52,54,56,58,76,82,84" /><INIT seed="2,1,1,2,4,33" ten="242,228,228,292" oya="2" hai0="108,24,75,23,76,11,128,17,31,89,90,53,38" hai1="5,105,62,3,42,2,43,80,20,50,46,101,30" hai2="73,116,94,67,99,91,59,27,103,112,40,118,82" hai3="79,34,130,104,71,26,36,87,86,19,4,10,115"/><V102/><F112/><W16/><G104/><T120/><D120/><U123/><E5/><V0/><F0/><W83/><G71/><T21/><D38/><U84/><E43/><V12/><F40/><W121/><G121/><T77/><D108/><U68/><E123/><V69/><F69/><W96/><G96/><T55/><D11/><U61/><E68/><V56/><F73/><W8/><G36/><T54/><D128/><U111/><E111/><V125/><F125/><W81/><G130/><T13/><REACH who="0" step="1"/><D75/><REACH who="0" ten="232,228,228,292" step="2"/><U119/><E119/><V78/><F118/><W39/><G39/><T92/><D92/><U97/><E62/><N who="2" m="38343" /><F116/><W22/><G115/><T25/><D25/><U37/><E61/><V114/><F114/><W124/><G124/><T29/><D29/><U1/><E37/><V6/><F27/><W95/><G95/><T132/><D132/><U51/><E51/><V107/><F107/><W98/><G26/><T74/><D74/><U58/><E30/><V131/><F131/><W7/><G10/><T52/><N who="0" m="13312" /><DORA hai="18" /><T64/><D64/><U63/><E63/><V129/><F129/><W45/><G8/><T32/><D32/><U48/><E48/><V127/><F127/><W57/><G34/><T88/><AGARI ba="1,2" hai="13,17,21,23,24,31,76,77,88,89,90" m="13312" machi="88" ten="50,16000,3" yaku="1,1,0,1,8,1,52,2,54,2,53,3" doraHai="33,18" doraHaiUra="85,106" who="0" fromWho="0" sc="232,183,228,-41,228,-81,292,-41" /><INIT seed="3,0,0,4,5,16" ten="415,187,147,251" oya="3" hai0="1,12,10,31,75,65,124,108,66,69,64,2,80" hai1="13,41,85,74,47,11,68,15,86,14,44,7,18" hai2="23,77,99,120,58,6,73,89,5,131,50,95,51" hai3="101,116,119,60,37,59,127,30,63,128,130,103,84"/><W98/><G37/><T3/><D69/><U92/><E74/><V19/><F131/><N who="3" m="50219" /><G30/><T104/><D104/><U134/><E68/><V38/><F38/><W122/><G122/><T82/><D75/><U81/><E134/><V83/><F120/><W25/><G25/><T100/><D100/><N who="3" m="38473" /><G98/><T123/><D123/><U97/><E41/><V42/><F42/><W71/><G71/><T88/><D1/><U24/><E24/><V4/><REACH who="2" step="1"/><F58/><REACH who="2" ten="415,187,137,251" step="2"/><W121/><G121/><T26/><D26/><AGARI ba="0,1" hai="4,5,6,19,23,26,50,51,73,77,83,89,95,99" machi="26" ten="40,8000,1" yaku="1,1,2,1,52,1,53,1" doraHai="16" doraHaiUra="20" who="2" fromWho="0" sc="415,-80,187,0,137,90,251,0" owari="335,43.5,187,-31.3,227,-17.3,251,5.1" /></mjloggm>