<mjloggm ver="2.3"><GO type="225" lobby="0"/><UN n0="%E3%81%AF%E3%82%88%E3%81%8A%E3%81%98%E3%81%95%E3%82%93" n1="%E7%89%B9%E6%9D%B1%E3%81%AF%E4%B8%96%E7%95%8C%E3%82%92%E6%95%91%E3%81%86" n2="%E5%8F%AF%E5%85%90%E9%82%A3%E7%94%B1%E5%A4%9A" n3="%6D%75%75%6D%75%72%61" dan="17,16,17,17" rate="2161.65,2081.10,2234.29,2251.63" sx="M,M,F,F"/><TAIKYOKU oya="0"/><INIT seed="0,0,0,3,1,78" ten="250,250,250,250" oya="0" hai0="9,99,126,127,15,48,89,35,57,73,132,20,79" hai1="2,52,28,133,60,92,111,84,61,53,80,50,90" hai2="64,36,95,38,11,37,10,120,66,54,43,114,104" hai3="81,65,6,70,107,83,91,59,125,109,62,41,96"/><T27/><D35/><U77/><E111/><V123/><F104/><W101/><G109/><T44/><D132/><U75/><E133/><V21/><F114/><W119/><G119/><T71/><D71/><U105/><E2/><V87/><F43/><W46/><G125/><T106/><D57/><U122/><E122/><V3/><F54/><W55/><G6/><T42/><D79/><U56/><E28/><V113/><F113/><W94/><G70/><T100/><D89/><U110/><E110/><V118/><F118/><W29/><G29/><T32/><D73/><U102/><E53/><V5/><F21/><W58/><G107/><T134/><D32/><U97/><AGARI ba="0,0" hai="50,52,56,60,61,75,77,80,84,90,92,97,102,105" machi="97" ten="30,8000,1" yaku="0,1,24,2,52,1,54,1" doraHai="78" who="1" fromWho="1" sc="250,-40,250,80,250,-20,250,-20" /><INIT seed="1,0,0,2,5,90" ten="210,330,230,230" oya="1" hai0="37,21,67,64,123,25,33,108,106,85,78,23,135" hai1="100,15,4,65,125,7,127,53,110,42,10,82,52" hai2="119,22,113,38,103,84,36,73,97,74,126,99,29" hai3="20,130,11,47,62,87,81,66,118,13,76,48,134"/><U61/><E110/><V77/><F119/><W102/><G130/><T88/><D106/><U31/><E42/><V72/><F126/><N who="1" m="48137" /><E31/><V105/><F113/><W80/><G134/><T75/><D37/><U93/><E7/><V116/><F116/><W117/><G102/><T0/><D0/><U107/><E107/><V2/><F2/><W43/><G20/><T109/><D135/><U28/><E28/><V16/><F29/><W101/><G101/><T8/><D8/><U49/><E82/><V133/><F133/><W12/><G80/><N who="0" m="45151" /><D33/><U121/><E49/><V91/><F77/><W17/><REACH who="3" step="1"/><G13/><REACH who="3" ten="210,330,230,220" step="2"/><T3/><D21/><U34/><E121/><V41/><F103/><W95/><G95/><N who="0" m="54671" /><D3/><U104/><E104/><V83/><F105/><W40/><G40/><T39/><D123/><U79/><E34/><V5/><F41/><W50/><G50/><T60/><D39/><U6/><E15/><V132/><F132/><W94/><G94/><T32/><D32/><U24/><E93/><V59/><F38/><W30/><G30/><N who="0" m="17727" /><D60/><U129/><E61/><V112/><F36/><W1/><G1/><T98/><D98/><U58/><E100/><V45/><F97/><W131/><G131/><T44/><D108/><U63/><E129/><V114/><F99/><W19/><G19/><T46/><D109/><U128/><E128/><V51/><F51/><W26/><G26/><T35/><D35/><U9/><E24/><V57/><F22/><W56/><AGARI ba="0,1" hai="11,12,17,43,47,48,56,62,66,76,81,87,117,118" machi="56" ten="30,4000,0" yaku="1,1,0,1,53,1" doraHai="90" doraHaiUra="55" who="3" fromWho="3" sc="210,-10,330,-20,230,-10,220,50" /><INIT seed="2,0,0,2,0,113" ten="200,310,220,270" oya="2" hai0="11,16,129,39,73,106,67,13,28,52,43,74,36" hai1="0,131,49,79,60,5,62,114,100,9,103,97,24" hai2="38,120,127,93,46,115,117,80,121,48,2,42,95" hai3="85,6,81,45,55,88,99,50,122,64,101,30,118"/><V77/><F115/><W18/><G122/><T105/><D129/><U134/><E114/><V35/><F35/><W82/><G118/><T57/><D67/><U53/><E131/><V92/><F127/><W90/><G64/><T110/><D110/><U107/><E134/><V87/><F2/><W128/><G128/><T20/><D105/><U83/><E24/><V71/><F71/><W25/><G6/><T41/><D106/><U34/><E103/><V47/><REACH who="2" step="1"/><F117/><REACH who="2" ten="200,310,210,270" step="2"/><W19/><G81/><T26/><D39/><U8/><E34/><V75/><F75/><W112/><G112/><T56/><D36/><U15/><E83/><V111/><F111/><W126/><G126/><T130/><D130/><U102/><E0/><V108/><F108/><W89/><G82/><T66/><D74/><U68/><E68/><V29/><F29/><W65/><G30/><T44/><D73/><U78/><E107/><V91/><F91/><W96/><G89/><T133/><D133/><U124/><E124/><V51/><F51/><W59/><G90/><T27/><D28/><U7/><E49/><V23/><F23/><W98/><G88/><T104/><D20/><U76/><E76/><V84/><F84/><W132/><G85/><T125/><D125/><U109/><E109/><V40/><AGARI ba="0,1" hai="38,40,42,46,47,48,77,80,87,92,93,95,120,121" machi="40" ten="30,11700,0" yaku="1,1,0,1,53,2" doraHai="113" doraHaiUra="37" who="2" fromWho="2" sc="200,-39,310,-39,210,127,270,-39" /><INIT seed="2,1,0,4,3,104" ten="161,271,337,231" oya="2" hai0="63,124,77,73,3,37,49,76,0,58,8,27,78" hai1="92,55,61,51,75,97,134,26,1,2,100,62,82" hai2="39,30,103,59,113,91,42,34,110,93,102,60,9" hai3="67,108,5,17,125,116,16,4,14,96,80,6,56"/><V98/><F113/><W106/><G116/><T114/><D114/><U84/><E134/><V68/><F68/><W24/><G108/><T129/><D37/><U32/><E75/><V112/><F112/><W10/><G125/><T33/><D124/><U132/><E132/><V64/><F110/><W46/><G46/><T38/><D38/><U31/><E2/><V120/><F120/><W86/><G106/><T79/><D129/><U131/><E1/><V133/><F133/><W36/><G96/><T18/><D49/><U48/><E48/><V88/><F39/><W43/><G43/><T119/><D119/><U69/><E69/><V19/><F42/><W121/><G121/><T50/><D50/><U95/><E95/><N who="2" m="56679" /><F30/><W85/><G36/><T71/><D71/><U40/><E40/><V15/><F34/><W70/><G70/><T52/><N who="0" m="19456" /><DORA hai="87" /><T126/><D126/><U72/><E72/><V118/><F118/><W7/><G80/><T122/><D122/><U66/><E66/><V65/><F65/><W81/><G81/><T127/><D127/><U117/><E131/><V74/><F74/><W29/><G85/><AGARI ba="1,0" hai="9,15,19,59,60,64,85,91,93,102,103" m="56679" machi="85" ten="30,11600,0" yaku="8,1,52,2,54,1" doraHai="104,87" who="2" fromWho="3" sc="161,0,271,0,337,119,231,-119" /><INIT seed="2,2,0,5,2,106" ten="161,271,456,112" oya="2" hai0="23,16,25,65,104,122,125,58,15,131,108,7,81" hai1="5,91,0,117,70,123,8,62,105,119,44,43,115" hai2="93,56,26,33,95,73,82,128,133,49,80,27,31" hai3="77,32,100,12,46,22,42,21,69,14,50,19,41"/><V36/><F36/><W110/><G32/><T121/><D104/><U10/><E115/><V3/><F3/><W11/><G110/><T71/><D71/><U96/><E8/><V107/><F107/><W134/><G69/><T84/><D108/><U76/><E123/><V118/><F118/><W126/><G134/><T54/><D65/><N who="1" m="41271" /><E91/><V13/><F133/><W116/><G116/><T87/><D125/><U75/><E76/><V92/><F128/><W2/><G126/><T113/><D113/><U35/><E75/><V55/><F73/><W9/><G2/><T98/><D131/><U63/><E63/><V124/><F124/><W89/><G100/><T64/><D64/><U30/><E44/><V83/><F13/><W57/><G42/><T53/><D98/><U99/><E99/><V127/><F127/><W90/><G77/><T51/><D53/><U20/><E20/><V59/><F26/><W86/><G57/><T60/><D60/><U109/><E43/><V94/><F94/><W78/><G78/><T101/><D101/><N who="1" m="62631" /><E109/><V48/><F59/><W18/><REACH who="3" step="1"/><G89/><REACH who="3" ten="161,271,456,102" step="2"/><N who="0" m="51343" /><D122/><U130/><E130/><V34/><F33/><W132/><G132/><T47/><D121/><U24/><AGARI ba="2,1" hai="0,5,10,24,30,35,117,119" m="62631,41271" machi="24" ten="30,2000,0" yaku="25,1,23,1" doraHai="106" who="1" fromWho="1" sc="161,-7,271,36,456,-12,102,-7" /><INIT seed="3,0,0,4,0,107" ten="154,307,444,95" oya="3" hai0="66,21,14,43,108,57,96,37,84,101,122,15,10" hai1="90,74,91,123,80,6,22,115,75,78,106,53,26" hai2="126,38,19,58,27,13,129,40,8,65,86,95,18" hai3="103,52,51,116,68,50,92,76,87,94,112,97,67"/><W102/><G112/><T17/><D122/><U135/><E123/><V100/><F126/><W16/><G116/><T31/><D108/><U39/><E115/><V110/><F110/><W121/><G121/><T127/><D127/><U98/><E39/><V28/><F129/><W61/><G50/><T133/><D133/><U111/><E111/><V0/><F0/><W44/><G76/><T9/><D37/><U124/><E124/><V71/><F71/><W60/><G60/><N who="0" m="38159" /><D43/><U73/><E135/><V24/><F38/><W99/><REACH who="3" step="1"/><G87/><REACH who="3" ten="154,307,444,85" step="2"/><T32/><D84/><U132/><E132/><V30/><F86/><W23/><G23/><T70/><D32/><U105/><E78/><V49/><F49/><W120/><G120/><T63/><D63/><U113/><E113/><V89/><F40/><W3/><G3/><T119/><D119/><U93/><E22/><V114/><F114/><W69/><G69/><T64/><D70/><U25/><E73/><V72/><F72/><W56/><G56/><T41/><D41/><U1/><E75/><V29/><F58/><W118/><G118/><T36/><D36/><U48/><E74/><V62/><F62/><W20/><G20/><N who="0" m="11319" /><D64/><U85/><E1/><V12/><F65/><W130/><G130/><T7/><D21/><U45/><E48/><V34/><F34/><W79/><G79/><T128/><D128/><U11/><E85/><V5/><F29/><W82/><G82/><T109/><D109/><U125/><E125/><V83/><F30/><W88/><G88/><T59/><D31/><U104/><E80/><V47/><F83/><RYUUKYOKU ba="0,1" sc="154,-10,307,-10,444,-10,85,30" hai3="16,44,51,52,61,67,68,92,94,97,99,102,103" /><INIT seed="3,1,1,5,5,108" ten="144,297,434,115" oya="3" hai0="73,112,77,94,33,24,96,133,0,68,15,20,93" hai1="51,13,69,132,72,5,110,117,97,36,65,101,129" hai2="115,1,125,38,127,25,19,74,49,35,48,27,12" hai3="6,32,29,7,54,14,107,45,120,26,81,62,30"/><W46/><G120/><T9/><D68/><U23/><E36/><V67/><F115/><W83/><G107/><T102/><D112/><U95/><E72/><V60/><F38/><W8/><G6/><N who="0" m="1223" /><D133/><U99/><E110/><V116/><F1/><W47/><REACH who="3" step="1"/><G29/><REACH who="3" ten="144,297,434,105" step="2"/><N who="0" m="19623" /><D73/><U63/><E5/><V44/><F125/><W84/><G84/><T121/><D121/><U2/><E117/><V11/><F127/><W50/><G50/><T88/><D77/><U75/><E75/><V55/><F116/><W43/><G43/><T79/><D79/><U87/><E87/><V39/><F74/><W16/><G16/><N who="0" m="10271" /><D94/><U21/><E95/><V118/><F118/><W17/><G17/><T106/><D106/><U104/><E104/><V58/><F39/><W85/><G85/><T91/><AGARI ba="1,2" hai="88,91,93,96,102" m="10271,19623,1223" machi="91" ten="30,4000,0" yaku="24,1,54,2" doraHai="108" who="0" fromWho="0" sc="144,63,297,-11,434,-11,105,-21" owari="207,-19.3,286,8.6,423,52.3,84,-41.6" /></mjloggm>