<mjloggm ver="2.3"><GO type="225" lobby="0"/><UN n0="%E3%83%8F%E3%83%B3%E3%83%89%E3%83%A9%E3%83%BC%E3%83%BB%E3%83%AF%E3%83%B3" n1="%72%65%6E%6B%75%6E" n2="%E4%BA%95%E5%B8%AF" n3="%E3%80%93%E3%81%97%E3%83%BC%E3%82%89%E3%80%93" dan="17,17,16,16" rate="2239.63,2202.25,2029.29,2153.31" sx="M,M,M,M"/><TAIKYOKU oya="0"/><INIT seed="0,0,0,5,0,42" ten="250,250,250,250" oya="0" hai0="80,131,110,11,77,130,84,76,38,36,5,10,56" hai1="71,50,61,6,21,1,114,68,29,58,86,135,23" hai2="66,81,31,101,117,64,113,104,34,107,73,94,108" hai3="53,83,22,88,129,15,41,43,105,16,2,28,125"/><T95/><D77/><U27/><E114/><V46/><F113/><W51/><G2/><T106/><D106/><U63/><E135/><V92/><F117/><W17/><G105/><T8/><D5/><U75/><E75/><V99/><F108/><W62/><G125/><T126/><D126/><U45/><E21/><V112/><F112/><W0/><G0/><T24/><D110/><U109/><E109/><V69/><F107/><W3/><G3/><T60/><D95/><U52/><E86/><V55/><F66/><W91/><G28/><T72/><D24/><U122/><E122/><V127/><F127/><W26/><G62/><T39/><REACH who="0" step="1"/><D72/><REACH who="0" ten="240,250,250,250" step="2"/><U32/><E32/><V93/><F73/><W13/><G26/><T134/><D134/><U82/><E82/><V44/><F81/><W115/><G115/><T89/><D89/><N who="3" m="34377" /><G83/><T12/><D12/><U33/><E33/><V25/><REACH who="2" step="1"/><F55/><AGARI ba="0,1" hai="8,10,11,36,38,39,55,56,60,76,80,84,130,131" machi="55" ten="50,2400,0" yaku="1,1,53,0" doraHai="42" doraHaiUra="30" who="0" fromWho="2" sc="240,34,250,0,250,-24,250,0" /><INIT seed="0,1,0,5,1,47" ten="274,250,226,250" oya="0" hai0="76,107,134,13,87,12,77,22,43,46,48,117,5" hai1="119,56,53,32,124,25,44,80,89,1,65,15,45" hai2="14,133,64,75,105,101,111,11,116,126,19,70,120" hai3="36,102,34,63,16,17,37,52,98,40,129,28,54"/><T61/><D117/><U91/><E1/><V74/><F120/><W41/><G129/><T42/><D107/><U72/><E119/><V30/><F116/><W88/><G34/><T24/><D134/><U27/><E65/><V68/><F133/><W78/><G28/><T100/><D100/><U50/><E124/><V103/><F126/><W73/><G78/><N who="0" m="30315" /><D43/><N who="3" m="16457" /><G73/><T10/><D87/><N who="1" m="50407" /><E72/><V57/><F111/><W104/><G104/><T33/><D33/><U86/><E32/><V79/><F30/><W58/><G37/><T69/><D69/><U128/><E15/><V35/><F35/><W92/><G36/><T4/><D61/><U130/><E130/><V110/><F110/><W59/><G102/><T67/><D67/><U23/><E128/><V127/><F127/><W113/><G113/><T0/><D0/><U125/><E125/><V97/><F103/><W115/><G115/><T8/><D22/><U93/><E27/><AGARI ba="1,0" hai="4,5,8,10,12,13,24,27,42,46,48" m="30315" machi="27" ten="30,2900,0" yaku="8,1,52,1" doraHai="47" who="0" fromWho="1" sc="274,32,250,-32,226,0,250,0" /><INIT seed="0,2,0,3,0,106" ten="306,218,226,250" oya="0" hai0="6,95,61,24,108,21,129,126,103,77,11,127,26" hai1="64,131,48,90,73,10,39,109,28,56,53,132,12" hai2="102,47,60,71,31,54,19,63,116,25,112,91,130" hai3="135,85,45,99,49,82,52,7,2,121,32,86,115"/><T101/><D129/><U78/><E39/><V104/><F112/><W22/><G32/><T29/><D77/><U35/><E131/><V66/><F130/><W118/><G115/><T38/><D38/><U96/><E132/><V0/><F91/><W88/><G135/><T124/><D108/><U87/><E109/><V75/><F19/><W20/><G118/><T114/><D114/><U83/><E83/><V43/><F0/><W92/><G121/><T62/><D26/><U16/><E96/><N who="2" m="61511" /><F116/><W89/><G2/><T46/><D46/><U41/><E41/><V58/><F47/><W34/><G34/><T14/><D103/><U113/><E64/><V93/><F93/><N who="3" m="56743" /><G7/><T70/><D70/><U23/><E113/><V97/><F97/><AGARI ba="2,0" hai="6,11,14,21,24,29,61,62,95,97,101,124,126,127" machi="97" ten="40,2000,0" yaku="18,1" doraHai="106" who="0" fromWho="2" sc="306,26,218,0,226,-26,250,0" /><INIT seed="0,3,0,1,5,13" ten="332,218,200,250" oya="0" hai0="61,60,77,110,100,12,31,18,98,122,78,127,40" hai1="33,2,67,16,86,26,46,64,53,89,54,42,106" hai2="59,105,123,101,119,56,104,43,120,30,49,48,85" hai3="93,81,108,80,66,132,55,8,51,62,87,45,118"/><T84/><D122/><U111/><E106/><V90/><F119/><W94/><G118/><T7/><D127/><U92/><E2/><V3/><F3/><W83/><G108/><T14/><D31/><U121/><E33/><V95/><F30/><W113/><G113/><T130/><D130/><U27/><E111/><V126/><F126/><W34/><G34/><T52/><D40/><U25/><E121/><V63/><F59/><N who="3" m="37215" /><G132/><T57/><D110/><U112/><E112/><V9/><F9/><W17/><G87/><T11/><D60/><U79/><E79/><V134/><F134/><W125/><G125/><T50/><D61/><U23/><E67/><V73/><F73/><W68/><G68/><T19/><D84/><U75/><E75/><V135/><F135/><W70/><G70/><T28/><D28/><U131/><E64/><V22/><F22/><W1/><G1/><T69/><D69/><U115/><E115/><V72/><F72/><W4/><G4/><T44/><D57/><U39/><REACH who="1" step="1"/><E131/><REACH who="1" ten="332,208,200,250" step="2"/><V97/><F105/><W76/><G76/><T37/><D78/><U128/><E128/><V47/><REACH who="2" step="1"/><F48/><REACH who="2" ten="332,208,190,250" step="2"/><W6/><G51/><T5/><D50/><U124/><E124/><V82/><F82/><W109/><G83/><T0/><D0/><U91/><E91/><V107/><F107/><W36/><G81/><T35/><D35/><U32/><E32/><V20/><F20/><W29/><G80/><T21/><D21/><U114/><E114/><V116/><F116/><W102/><G109/><T65/><D77/><U71/><E71/><V74/><F74/><RYUUKYOKU ba="3,2" sc="332,-15,208,15,190,15,250,-15" hai1="16,23,25,26,27,39,42,46,53,54,86,89,92" hai2="43,47,49,56,63,85,90,95,97,101,104,120,123" /><INIT seed="1,4,2,5,5,106" ten="317,223,205,235" oya="1" hai0="73,55,25,29,104,82,124,78,86,13,16,43,95" hai1="0,89,116,105,36,76,60,121,5,6,62,74,67" hai2="7,93,135,32,38,96,99,77,130,51,40,123,110" hai3="122,70,101,53,75,4,109,79,103,37,91,59,131"/><U64/><E105/><V129/><F123/><W118/><G70/><T15/><D104/><U19/><E36/><V33/><F38/><W115/><G37/><T61/><D43/><U42/><E42/><V126/><F110/><W90/><G122/><T34/><D124/><U63/><E121/><V112/><F126/><W31/><G31/><T94/><D13/><U9/><E116/><V87/><F7/><W97/><G4/><T69/><D86/><U28/><E28/><V2/><F2/><W127/><G127/><T107/><D107/><U46/><E46/><N who="2" m="26055" /><F135/><W113/><G59/><T108/><D108/><U11/><E19/><V12/><F12/><W24/><G53/><T92/><D55/><U80/><REACH who="1" step="1"/><E89/><REACH who="1" ten="317,213,205,235" step="2"/><N who="2" m="53439" /><F112/><W102/><G118/><T22/><D69/><U18/><E18/><V71/><F130/><W65/><G131/><T125/><D125/><U10/><E10/><V68/><F129/><W20/><G113/><T119/><D119/><U35/><E35/><V27/><F33/><W14/><G115/><T17/><D17/><U128/><E128/><V50/><F32/><W52/><G91/><T114/><D114/><U57/><E57/><V54/><F71/><W88/><G90/><T83/><D34/><U81/><E81/><V66/><F68/><W72/><G88/><T49/><D83/><U3/><AGARI ba="4,3" hai="0,3,5,6,9,11,60,62,63,64,67,74,76,80" machi="3" ten="30,11700,0" yaku="1,1,0,1,9,1,52,1,53,0" doraHai="106" doraHaiUra="84" who="1" fromWho="1" sc="317,-43,213,159,205,-43,235,-43" /><INIT seed="1,5,0,2,5,65" ten="274,372,162,192" oya="1" hai0="135,52,35,70,38,3,74,67,102,60,63,41,54" hai1="75,134,14,1,69,26,107,94,56,11,83,33,10" hai2="72,122,15,119,12,21,66,129,124,101,93,77,108" hai3="99,27,46,132,95,117,121,85,6,8,120,57,89"/><U29/><E107/><V118/><F122/><W44/><G132/><T53/><D74/><U13/><E134/><V36/><F108/><W2/><G117/><T28/><D3/><U55/><E69/><V86/><F124/><W18/><G46/><N who="0" m="23863" /><D28/><U91/><E75/><V98/><F129/><W37/><G37/><T58/><D102/><U125/><E83/><V88/><F36/><W48/><G57/><N who="0" m="34855" /><D35/><U100/><E100/><V22/><F66/><W71/><G71/><T42/><D135/><U0/><E125/><V40/><F40/><W25/><G99/><T31/><D31/><U133/><E133/><V47/><F47/><W59/><G59/><T114/><D114/><U34/><E34/><V109/><F109/><W30/><G18/><T39/><D58/><U87/><E13/><V103/><F103/><W92/><G92/><T9/><D9/><U123/><E11/><V49/><F15/><W112/><G112/><T32/><D32/><U43/><E43/><V80/><F22/><W84/><G84/><T130/><D130/><U7/><REACH who="1" step="1"/><E123/><REACH who="1" ten="274,362,162,192" step="2"/><V106/><F106/><W61/><G121/><T23/><D23/><U79/><E79/><V96/><F72/><W127/><G120/><T4/><D4/><U111/><E111/><V105/><F77/><W104/><G104/><T81/><D81/><U110/><E110/><V68/><F80/><W113/><G6/><T16/><D42/><U78/><E78/><V97/><F105/><W131/><G131/><T115/><D39/><U50/><AGARI ba="5,1" hai="0,1,7,10,14,26,29,33,50,55,56,87,91,94" machi="50" ten="20,3900,0" yaku="1,1,0,1,7,1,53,0" doraHai="65" doraHaiUra="64" who="1" fromWho="1" sc="274,-18,362,64,162,-18,192,-18" /><INIT seed="1,6,0,3,3,125" ten="256,426,144,174" oya="1" hai0="3,18,40,1,134,98,95,76,51,23,131,100,106" hai1="105,37,122,77,121,0,71,117,53,49,75,132,24" hai2="85,64,80,42,12,15,69,50,34,89,87,10,56" hai3="130,60,82,20,93,101,19,127,73,36,47,128,114"/><U45/><E117/><V92/><F34/><W48/><G127/><T41/><D134/><U91/><E105/><V81/><F69/><W133/><G133/><T79/><D106/><U129/><E132/><V84/><F15/><W68/><G114/><T90/><D1/><U29/><E71/><V120/><F120/><W52/><G36/><T38/><D3/><U39/><E0/><V63/><F50/><W6/><G6/><T13/><D38/><U88/><E37/><V70/><F42/><N who="0" m="16490" /><D131/><N who="3" m="50217" /><G101/><T103/><D51/><U97/><E39/><V96/><REACH who="2" step="1"/><F70/><REACH who="2" ten="256,426,134,174" step="2"/><W28/><G68/><T72/><D72/><U32/><E129/><V107/><F107/><W124/><G124/><T11/><D23/><U21/><E21/><V110/><F110/><W112/><G112/><T62/><D62/><U61/><E61/><V27/><F27/><N who="3" m="14751" /><G60/><T2/><D2/><U7/><E122/><V43/><F43/><W65/><G65/><T135/><D135/><U123/><E123/><V55/><F55/><W59/><G28/><T58/><D13/><U35/><E29/><V8/><F8/><W99/><G59/><T67/><D58/><U57/><E53/><V17/><AGARI ba="6,1" hai="10,12,17,56,63,64,80,81,84,85,87,89,92,96" machi="17" ten="30,4000,0" yaku="1,1,0,1,8,1,53,0" doraHai="125" doraHaiUra="44" who="2" fromWho="2" sc="256,-16,426,-26,134,68,174,-16" /><INIT seed="2,0,0,3,0,52" ten="240,400,202,158" oya="2" hai0="65,127,66,25,32,123,45,119,81,89,120,86,72" hai1="18,55,36,105,39,33,80,122,96,73,15,114,71" hai2="109,118,3,5,14,132,54,48,95,107,0,9,68" hai3="42,78,116,83,50,111,126,16,61,40,30,47,87"/><V131/><F107/><W29/><G116/><T101/><D119/><U124/><E124/><V117/><F131/><W112/><G126/><T70/><D127/><U84/><E84/><V58/><F132/><W35/><G111/><T121/><D72/><U56/><E56/><V64/><F95/><W90/><G112/><T51/><D101/><U99/><E99/><V6/><F109/><W104/><G104/><T77/><D77/><U34/><E34/><V108/><F108/><W79/><G42/><T128/><D128/><U4/><E4/><V67/><F14/><W102/><G102/><T103/><D103/><U1/><E1/><V92/><F92/><W28/><G35/><T59/><D70/><U23/><E23/><V76/><F76/><W97/><G97/><T13/><D13/><U19/><E19/><V49/><F49/><W74/><G74/><T57/><D66/><U75/><E75/><V20/><F20/><W100/><G100/><T22/><D65/><U133/><E133/><V24/><F24/><W43/><G43/><T26/><D26/><U130/><E130/><V17/><F17/><W8/><REACH who="3" step="1"/><G61/><REACH who="3" ten="240,400,202,148" step="2"/><T129/><D32/><U110/><E110/><V85/><F118/><W2/><G2/><T44/><D129/><U12/><E12/><AGARI ba="0,1" hai="8,12,16,28,29,30,40,47,50,78,79,83,87,90" machi="12" ten="40,5200,0" yaku="1,1,8,1,54,1,53,0" doraHai="52" doraHaiUra="21" who="3" fromWho="1" sc="240,0,400,-52,202,0,148,62" /><INIT seed="3,0,0,1,3,80" ten="240,348,202,210" oya="3" hai0="70,112,88,4,67,98,96,7,95,117,29,122,121" hai1="77,74,47,10,19,71,134,57,27,72,56,90,87" hai2="52,114,18,43,60,76,59,30,83,130,68,111,28" hai3="129,55,92,50,86,93,118,106,128,1,62,75,124"/><W133/><G75/><T105/><D117/><U40/><E40/><V132/><F114/><W25/><G1/><T17/><D112/><U104/><E104/><V32/><F111/><W101/><G118/><T41/><D41/><U102/><E102/><V38/><F130/><N who="3" m="50283" /><G124/><T120/><D29/><U119/><E119/><V31/><F132/><W9/><G133/><T16/><D67/><U82/><E82/><V84/><F68/><W14/><G62/><T81/><D70/><U78/><E78/><V125/><F125/><W21/><G106/><T34/><D34/><U37/><E37/><V97/><F97/><W6/><G101/><T46/><D46/><U13/><E13/><V0/><F0/><W44/><G86/><T42/><D105/><U53/><E53/><V127/><F127/><W110/><G110/><T103/><D103/><U113/><E113/><V91/><F18/><AGARI ba="0,0" hai="6,9,14,18,21,25,44,50,55,92,93" m="50283" machi="18" ten="30,1500,0" yaku="19,1" doraHai="80" who="3" fromWho="2" sc="240,0,348,0,202,-15,210,15" /><INIT seed="3,1,0,4,3,115" ten="240,348,187,225" oya="3" hai0="16,3,61,71,11,125,45,89,36,27,99,129,41" hai1="73,96,30,19,58,32,34,128,8,26,59,127,29" hai2="82,85,28,132,133,93,20,31,100,40,64,121,108" hai3="69,10,46,80,74,54,101,50,94,37,78,70,62"/><W117/><G117/><T15/><D129/><U24/><E73/><V90/><F108/><W83/><G37/><T123/><D123/><U124/><E96/><V39/><F121/><W17/><G62/><T18/><D3/><U1/><E128/><V4/><F4/><W42/><G42/><T131/><D131/><U104/><E104/><V60/><F40/><W35/><G35/><T0/><D0/><U98/><E98/><V65/><F39/><W109/><G109/><T88/><D125/><N who="1" m="48203" /><E19/><V135/><F20/><W110/><G110/><T75/><D61/><U44/><E44/><V63/><F100/><W81/><G94/><T53/><D53/><U84/><E84/><V76/><F63/><W105/><G105/><T79/><D99/><U2/><E2/><V14/><F14/><N who="3" m="7383" /><G101/><T112/><D41/><U130/><E130/><V25/><F25/><W55/><G55/><T106/><D36/><U66/><E66/><V91/><F91/><W103/><G103/><T21/><D89/><U95/><E95/><V122/><F122/><W47/><G47/><T6/><D45/><U72/><E72/><V120/><F120/><W12/><G12/><T43/><D15/><U51/><E51/><V67/><REACH who="2" step="1"/><F60/><REACH who="2" ten="240,348,177,225" step="2"/><W5/><G5/><AGARI ba="1,1" hai="1,5,8,24,26,29,30,32,34,58,59" m="48203" machi="5" ten="30,1000,0" yaku="18,1" doraHai="115" who="1" fromWho="3" sc="240,0,348,23,177,0,225,-13" owari="240,4.0,371,47.1,177,-32.3,212,-18.8" /></mjloggm>