<mjloggm ver="2.3"><GO type="225" lobby="0"/><UN n0="%E8%81%B7%E6%A5%AD%E3%80%81%E9%A2%A8%32" n1="%E3%80%90%E8%92%BC%E7%90%89%E3%80%91" n2="%6D%75%75%6D%75%72%61" n3="%E3%81%86%E3%83%BC%E3%81%B1%E3%83%BC" dan="16,16,16,16" rate="2153.59,2143.79,2158.69,2186.86" sx="M,F,F,F"/><TAIKYOKU oya="0"/><INIT seed="0,0,0,1,5,111" ten="250,250,250,250" oya="0" hai0="17,82,7,106,56,2,54,125,4,23,18,99,118" hai1="93,44,43,73,19,59,98,108,112,74,10,94,51" hai2="41,14,115,50,15,127,69,75,105,80,131,84,124" hai3="29,81,5,8,64,123,33,55,28,58,91,11,60"/><T22/><D118/><U68/><E68/><V3/><F3/><W110/><G110/><T31/><D125/><N who="2" m="48202" /><F75/><W20/><G33/><T129/><D129/><U66/><E108/><V79/><F131/><W38/><G38/><T61/><D31/><U83/><E112/><V40/><F69/><W102/><G102/><T26/><D2/><U6/><E19/><V72/><F105/><W100/><G100/><T97/><D106/><U65/><E93/><V32/><F32/><W88/><G123/><T121/><D121/><U120/><E120/><V90/><F115/><W52/><G28/><T57/><D82/><U86/><E59/><V24/><F24/><N who="3" m="16519" /><G91/><T128/><D128/><U45/><E45/><N who="2" m="25895" /><F41/><W130/><G130/><T47/><D47/><U27/><E73/><V119/><F119/><W63/><G63/><T16/><D57/><U113/><E27/><V101/><F101/><W132/><G132/><T126/><D126/><U62/><E62/><V34/><F34/><W133/><G133/><T42/><D42/><U71/><E74/><V67/><F67/><W85/><G5/><N who="0" m="2123" /><D18/><U21/><E71/><V25/><F25/><AGARI ba="0,0" hai="16,17,22,23,25,26,54,56,61,97,99" m="2123" machi="25" ten="30,2900,0" yaku="8,1,54,1" doraHai="111" who="0" fromWho="2" sc="250,29,250,0,250,-29,250,0" /><INIT seed="0,1,0,3,0,125" ten="279,250,221,250" oya="0" hai0="52,27,95,49,21,46,61,44,96,121,77,104,19" hai1="66,133,129,94,16,115,30,112,73,54,26,35,59" hai2="91,89,74,10,64,48,76,34,36,60,15,3,97" hai3="120,109,65,92,87,43,85,42,22,132,56,84,2"/><T106/><D121/><U55/><E73/><V78/><F36/><W79/><G2/><T83/><D44/><U90/><E133/><V41/><F3/><W105/><G105/><T12/><D61/><N who="1" m="38207" /><E129/><V103/><F34/><W8/><G132/><T58/><D46/><U33/><E33/><V23/><F41/><W69/><G69/><T18/><D77/><U126/><E126/><V101/><F48/><W128/><G79/><T17/><D83/><U134/><E134/><V70/><F23/><W20/><G8/><T86/><D86/><U110/><E110/><V28/><F28/><W37/><G37/><T131/><D131/><U93/><E93/><V88/><F74/><W6/><G6/><T57/><D57/><U107/><E107/><V71/><F71/><W130/><G109/><T50/><D50/><U111/><E16/><V117/><F117/><W81/><G81/><T127/><D127/><U123/><E123/><V124/><F124/><W63/><G120/><T135/><D135/><U67/><E67/><V40/><F40/><N who="3" m="15403" /><G130/><T113/><D113/><N who="1" m="43595" /><E111/><V53/><F53/><W118/><G128/><T45/><D45/><U99/><AGARI ba="1,0" hai="26,30,35,54,55,90,94,99" m="43595,38207" machi="99" ten="30,1100,0" yaku="11,1" doraHai="125" who="1" fromWho="1" sc="279,-6,250,14,221,-4,250,-4" /><INIT seed="1,0,0,4,4,37" ten="273,264,217,246" oya="1" hai0="93,1,71,73,40,132,80,22,24,55,116,16,101" hai1="118,109,135,41,48,4,38,130,113,74,98,14,6" hai2="36,108,83,30,64,19,63,7,66,129,124,95,126" hai3="88,39,100,67,77,62,102,127,119,75,65,51,85"/><U23/><E38/><V121/><F121/><W13/><G39/><T12/><D71/><U33/><E74/><V97/><F108/><W105/><G127/><T59/><D1/><U34/><E118/><V42/><F129/><W45/><G119/><T92/><D116/><U54/><E109/><V106/><F106/><W61/><G77/><T46/><D132/><U28/><E135/><V9/><F19/><W87/><G75/><T76/><D101/><N who="3" m="39017" /><G85/><T56/><D56/><U90/><E113/><V29/><F83/><N who="3" m="49279" /><G105/><T82/><D82/><U89/><E34/><V47/><F95/><W43/><G13/><T25/><D92/><U72/><E33/><V99/><F124/><W35/><G35/><T117/><D93/><U125/><E72/><V91/><F91/><W52/><G62/><T20/><D117/><U53/><E130/><V57/><F126/><W10/><G10/><T17/><D12/><U111/><E111/><V112/><F112/><W104/><G104/><T11/><D11/><U84/><E98/><V50/><F36/><W26/><G26/><T60/><D55/><N who="1" m="21003" /><E125/><V134/><F134/><W103/><G103/><T2/><D2/><U15/><E90/><V81/><F81/><W68/><G68/><T5/><D60/><U131/><E131/><V27/><F27/><W123/><G123/><T8/><D8/><U78/><E89/><V133/><F133/><W3/><G3/><T0/><D0/><U79/><E79/><V31/><F66/><W122/><G122/><T70/><D70/><U58/><E78/><V86/><F86/><W107/><G107/><RYUUKYOKU ba="0,0" sc="273,-15,264,-15,217,15,246,15" hai2="7,9,29,30,31,42,47,50,57,63,64,97,99" hai3="43,45,51,52,61,65,67" /><INIT seed="2,1,0,3,4,66" ten="258,249,232,261" oya="2" hai0="115,107,31,27,125,118,10,58,39,130,26,67,11" hai1="5,9,135,69,129,19,89,94,40,49,55,7,133" hai2="124,121,3,24,53,86,29,36,79,35,16,74,108" hai3="109,60,65,70,80,83,97,2,119,77,42,45,68"/><V102/><F121/><W106/><G83/><T100/><D39/><U78/><E40/><V122/><F122/><W37/><G109/><T6/><D115/><U132/><E78/><V116/><F116/><W32/><G119/><T57/><D118/><U63/><E129/><V104/><F3/><W114/><G114/><T98/><D130/><U105/><E105/><V14/><F36/><W73/><G2/><T56/><D125/><U88/><E19/><V93/><F124/><W62/><G32/><T101/><D101/><U59/><E94/><V90/><F108/><W54/><G54/><T22/><D27/><U131/><E131/><V25/><F25/><W120/><G120/><T52/><D67/><N who="1" m="41215" /><E7/><V112/><F112/><W23/><G23/><T64/><D64/><U85/><E85/><V47/><F47/><W123/><G62/><T43/><D43/><U91/><E89/><V71/><F53/><W33/><G123/><T18/><D18/><U82/><E82/><V13/><F71/><W48/><G48/><T110/><D110/><U4/><E5/><V95/><F95/><W75/><G70/><T111/><D111/><U50/><E50/><V30/><F30/><W87/><G33/><T15/><REACH who="0" step="1"/><D11/><REACH who="0" ten="248,249,232,261" step="2"/><U8/><E9/><V99/><REACH who="2" step="1"/><F16/><REACH who="2" ten="248,249,222,261" step="2"/><W20/><G20/><T28/><D28/><U103/><E103/><V38/><F38/><W61/><G68/><T126/><D126/><U117/><E117/><V46/><F46/><W92/><G65/><T96/><D96/><U134/><E134/><V113/><F113/><W72/><G106/><T41/><D41/><RYUUKYOKU ba="1,2" sc="248,0,249,0,222,0,261,0" hai0="6,10,15,22,26,31,52,56,57,58,98,100,107" hai1="4,8,49,55,59,88,91,132,133,135" hai2="13,14,24,29,35,74,79,86,90,93,99,102,104" hai3="37,42,45,60,61,72,73,75,77,80,87,92,97" /><INIT seed="2,2,2,2,2,59" ten="248,249,222,261" oya="2" hai0="74,88,31,130,87,119,123,63,1,120,94,109,118" hai1="26,116,30,126,28,17,22,132,46,35,112,113,103" hai2="96,68,108,67,106,16,71,2,81,29,121,85,122" hai3="7,89,53,23,125,114,105,25,44,92,32,128,131"/><V102/><F2/><W61/><G105/><T15/><D109/><U79/><E79/><V97/><F108/><W129/><G125/><T38/><D1/><U41/><E116/><N who="0" m="44585" /><D38/><U83/><E83/><V73/><F73/><W10/><G32/><T107/><D107/><U6/><E126/><V40/><F40/><W117/><G114/><T34/><D74/><U18/><E132/><V66/><F97/><N who="3" m="57487" /><G117/><T14/><D130/><U133/><E133/><V3/><F3/><N who="3" m="383" /><G44/><T82/><D82/><U65/><E112/><V77/><F29/><N who="3" m="17599" /><G53/><T48/><D48/><U33/><E103/><V99/><F99/><W80/><G80/><T4/><D63/><AGARI ba="2,2" hai="61,63,128,129,131" m="17599,383,57487" machi="63" ten="30,3900,0" yaku="19,1,52,2" doraHai="59" who="3" fromWho="0" sc="248,-45,249,0,222,0,261,65" /><INIT seed="3,0,0,1,5,135" ten="203,249,222,326" oya="3" hai0="74,20,95,32,2,119,110,113,34,96,22,116,134" hai1="39,54,8,49,27,118,82,37,56,121,12,104,70" hai2="91,6,130,93,59,25,81,133,28,86,50,103,38" hai3="36,57,65,48,87,13,60,89,0,105,29,101,125"/><W128/><G36/><T123/><D74/><U15/><E70/><V41/><F133/><W47/><G0/><T24/><D123/><U63/><E104/><V9/><F38/><W43/><G128/><T107/><D107/><U55/><E121/><V75/><F130/><W73/><G73/><T40/><D134/><U100/><E100/><V11/><F75/><W97/><G125/><T115/><D40/><U46/><E118/><N who="0" m="45097" /><D2/><U23/><E82/><V3/><F3/><W99/><G105/><T98/><D110/><U21/><E21/><N who="0" m="8297" /><D24/><U31/><E15/><V117/><F117/><W58/><G29/><T18/><D18/><AGARI ba="0,0" hai="8,12,18,23,27,31,37,39,46,49,54,55,56,63" machi="18" ten="30,1000,0" yaku="7,1" doraHai="135" who="1" fromWho="0" sc="203,-10,249,10,222,0,326,0" owari="193,-30.7,259,5.9,222,-17.8,326,42.6" /></mjloggm>