<mjloggm ver="2.3"><GO type="225" lobby="0"/><UN n0="%73%6C%69%63%6B%33%31%39" n1="%E3%81%BF%E3%81%BF%E3%81%9A" n2="%72%61%6B%33" n3="%E3%81%9F%E3%81%A3%E3%81%A1%E3%82%87" dan="16,17,18,16" rate="2198.90,2173.79,2255.23,2099.06" sx="M,M,M,M"/><TAIKYOKU oya="0"/><INIT seed="0,0,0,1,1,121" ten="250,250,250,250" oya="0" hai0="103,48,85,93,50,101,11,56,21,66,31,76,7" hai1="10,18,113,6,132,60,26,75,117,111,81,90,27" hai2="133,72,77,5,118,87,23,91,123,64,67,104,130" hai3="89,135,15,65,119,1,38,24,98,88,92,37,28"/><T32/><D32/><U102/><E117/><V99/><F123/><W39/><G119/><T17/><D31/><U125/><E125/><V105/><F118/><W8/><G1/><T51/><D76/><U120/><E120/><V2/><F133/><W44/><G65/><T126/><D126/><U129/><E102/><V70/><F130/><W49/><G135/><T55/><D66/><U62/><E129/><V61/><F64/><W52/><G89/><T100/><D7/><U47/><E132/><V79/><F23/><W131/><G131/><T58/><D11/><U128/><E128/><V13/><F2/><W41/><G24/><N who="1" m="9258" /><E6/><V94/><F105/><W108/><G28/><T0/><D0/><U53/><E75/><V45/><F45/><W57/><REACH who="3" step="1"/><G108/><REACH who="3" ten="250,250,250,240" step="2"/><T30/><D30/><U16/><E111/><V69/><F69/><W54/><G54/><T40/><D55/><U124/><E124/><V34/><F67/><W95/><G95/><T83/><D93/><U73/><E113/><V71/><F70/><W109/><G109/><T33/><D40/><U134/><E134/><V97/><F71/><W116/><G116/><T43/><D43/><U29/><E29/><V3/><F3/><W4/><AGARI ba="0,1" hai="4,8,15,37,38,39,41,44,49,52,57,88,92,98" machi="4" ten="20,12000,2" yaku="1,1,0,1,7,1,54,2,53,1" doraHai="121" doraHaiUra="86" who="3" fromWho="3" sc="250,-60,250,-30,250,-30,240,130" /><INIT seed="1,0,0,2,0,73" ten="190,220,220,370" oya="1" hai0="40,4,84,17,105,100,109,123,110,78,93,116,54" hai1="23,121,88,44,91,12,13,122,68,63,135,29,86" hai2="61,52,39,98,10,114,46,31,131,92,76,45,36" hai3="132,38,112,28,41,58,128,126,96,21,134,85,101"/><U87/><E68/><V106/><F131/><W19/><G112/><T66/><D116/><U20/><E63/><V22/><F114/><W130/><G28/><T102/><D123/><U50/><E29/><V97/><F10/><W59/><G85/><T74/><D4/><U71/><E71/><V53/><F106/><N who="3" m="63783" /><G126/><T2/><D2/><U8/><E135/><N who="3" m="51754" /><G41/><T56/><D40/><U14/><E8/><V0/><F22/><W34/><G38/><T67/><D74/><U26/><E26/><V65/><F31/><W117/><G34/><T125/><D125/><U49/><REACH who="1" step="1"/><E13/><REACH who="1" ten="190,210,220,370" step="2"/><V1/><F61/><W111/><G117/><T32/><D32/><U127/><E127/><V42/><F65/><W6/><G128/><T35/><D35/><U129/><E129/><V60/><F60/><W77/><G130/><T43/><D66/><U119/><E119/><V80/><F0/><W7/><G21/><T115/><D67/><U11/><E11/><V3/><F3/><W62/><G62/><T107/><D115/><U104/><E104/><V72/><F1/><W9/><G9/><T120/><D105/><U55/><E55/><V118/><F118/><W16/><G19/><T33/><D54/><U64/><E64/><V83/><F53/><W89/><G16/><T37/><D17/><U70/><E70/><V81/><F52/><W124/><G124/><T24/><D107/><U113/><E113/><V69/><F69/><W75/><G6/><T94/><D33/><U47/><AGARI ba="0,1" hai="12,14,20,23,44,47,49,50,86,87,88,91,121,122" machi="47" ten="25,12000,1" yaku="1,1,0,1,22,2,54,1,53,0" doraHai="73" doraHaiUra="103" who="1" fromWho="1" sc="190,-40,210,130,220,-40,370,-40" /><INIT seed="1,1,0,4,1,84" ten="150,340,180,330" oya="1" hai0="12,86,122,93,25,67,90,13,129,134,106,133,128" hai1="75,35,40,1,6,20,54,115,89,58,94,85,107" hai2="41,66,116,50,91,51,123,9,70,43,3,65,59" hai3="23,45,55,49,110,63,33,125,39,83,77,124,46"/><U34/><E115/><V15/><F3/><W130/><G33/><T120/><D67/><U8/><E75/><V135/><F123/><N who="0" m="47146" /><D25/><U69/><E69/><V16/><F116/><W131/><G110/><T61/><D61/><U11/><E40/><V32/><F32/><W17/><G39/><T99/><D12/><U92/><E107/><V132/><F70/><W64/><G45/><T78/><D13/><U48/><E11/><V56/><F15/><N who="3" m="9663" /><G63/><T100/><D78/><U62/><E62/><V4/><F9/><W29/><G29/><T87/><D87/><U30/><REACH who="1" step="1"/><E94/><REACH who="1" ten="150,330,180,330" step="2"/><V68/><F68/><W98/><G64/><T37/><D37/><U27/><AGARI ba="1,1" hai="1,6,8,20,27,30,34,35,48,54,58,85,89,92" machi="27" ten="30,12000,1" yaku="1,1,2,1,0,1,52,1,53,1" doraHai="84" doraHaiUra="0" who="1" fromWho="1" sc="150,-41,330,133,180,-41,330,-41" /><INIT seed="1,2,0,3,1,46" ten="109,463,139,289" oya="1" hai0="32,43,93,13,94,129,24,34,115,104,105,83,71" hai1="125,36,76,102,18,23,89,111,98,62,27,120,37" hai2="2,55,64,35,117,73,28,122,80,33,58,75,50" hai3="16,77,103,96,65,5,9,101,26,72,90,131,97"/><U25/><E125/><V87/><F117/><W135/><G135/><T39/><D13/><U10/><E120/><V95/><F122/><W1/><G131/><T8/><D8/><U86/><E76/><V48/><F2/><W49/><G65/><T116/><D24/><U0/><E111/><V15/><F64/><W69/><G69/><T107/><D116/><U45/><E62/><V59/><F95/><N who="0" m="36362" /><D43/><U19/><E45/><V14/><F87/><W47/><G16/><T70/><D83/><U119/><E119/><V133/><F80/><W113/><G26/><T130/><D39/><U126/><E126/><V51/><F55/><W82/><G113/><T42/><D42/><U123/><E123/><V100/><F100/><W52/><REACH who="3" step="1"/><G90/><REACH who="3" ten="109,463,139,279" step="2"/><T4/><D4/><U66/><E66/><V106/><F133/><W7/><G7/><T78/><D115/><U17/><E89/><V74/><F28/><W11/><G11/><T56/><D78/><U118/><E118/><V109/><F109/><W41/><G41/><T12/><D12/><N who="2" m="4650" /><F106/><W92/><G92/><T110/><D110/><U128/><E128/><N who="0" m="49257" /><D56/><AGARI ba="2,1" hai="33,35,48,50,51,56,58,59,73,74,75" m="4650" machi="56" ten="40,8000,1" yaku="28,2,52,3" doraHai="46" who="2" fromWho="0" sc="109,-86,463,0,139,96,279,0" /><INIT seed="2,0,0,0,4,61" ten="23,463,235,279" oya="2" hai0="128,27,84,13,44,10,7,47,25,95,14,66,59" hai1="12,132,126,6,69,1,50,123,19,56,109,37,135" hai2="85,75,103,90,29,3,114,78,96,28,120,9,53" hai3="22,83,100,94,130,2,99,0,129,16,38,131,119"/><V60/><F114/><W26/><G38/><T49/><D128/><U106/><E123/><V112/><F120/><W89/><G119/><T24/><D14/><U31/><E69/><V74/><F112/><W87/><AGARI ba="0,0" hai="0,2,16,22,26,83,87,89,94,99,100,129,130,131" machi="87" ten="40,5200,0" yaku="0,1,19,1,54,1" doraHai="61" who="3" fromWho="3" sc="23,-13,463,-13,235,-26,279,52" /><INIT seed="3,0,0,4,0,103" ten="10,450,209,331" oya="3" hai0="56,45,35,125,59,106,33,13,26,128,113,60,46" hai1="104,39,88,82,91,78,18,11,69,87,52,110,73" hai2="41,102,31,1,64,117,4,131,53,121,114,25,92" hai3="79,38,32,90,119,115,14,132,98,57,120,29,99"/><W24/><G115/><T55/><D13/><U130/><E110/><V122/><F114/><W70/><G119/><T65/><D113/><U36/><E69/><V76/><F117/><W43/><G120/><T118/><D26/><U77/><E130/><V93/><F131/><W95/><G70/><T133/><D128/><U62/><E104/><V83/><F64/><W34/><G132/><T123/><D118/><U3/><E91/><V89/><F41/><W72/><G32/><T49/><D123/><U116/><E116/><V58/><F1/><W42/><G38/><T126/><D133/><U10/><E3/><V127/><F4/><W97/><G14/><T44/><D33/><U12/><E11/><V9/><F9/><W6/><G6/><T84/><D84/><U19/><E18/><V66/><F127/><W22/><G34/><T75/><D35/><U15/><E15/><V50/><F66/><W96/><REACH who="3" step="1"/><G57/><REACH who="3" ten="10,450,209,321" step="2"/><T27/><D27/><U2/><E2/><V101/><F122/><W5/><G5/><T20/><D75/><U105/><E36/><V54/><F121/><W47/><G47/><T81/><D20/><U61/><E39/><V68/><F68/><W0/><G0/><T63/><D81/><U30/><E12/><V135/><F135/><W8/><G8/><T100/><D100/><U21/><E10/><V108/><F102/><W107/><G107/><T23/><D23/><U109/><E105/><V74/><F101/><W71/><G71/><T40/><REACH who="0" step="1"/><D106/><REACH who="0" ten="0,450,209,321" step="2"/><U80/><E73/><N who="2" m="43407" /><F25/><W67/><G67/><T17/><D17/><U16/><E19/><RYUUKYOKU ba="0,2" sc="0,15,450,-15,209,-15,321,15" hai0="40,44,45,46,49,55,56,59,60,63,65,125,126" hai3="22,24,29,42,43,72,79,90,95,96,97,98,99" /><INIT seed="3,1,2,4,4,135" ten="15,435,194,336" oya="3" hai0="47,86,122,100,0,79,94,15,40,66,14,9,102" hai1="39,72,2,117,121,82,103,123,55,32,45,77,84" hai2="38,3,37,4,65,119,107,128,69,53,49,67,20" hai3="91,74,61,48,26,73,59,105,75,124,27,130,60"/><W92/><G105/><T52/><D122/><U34/><E55/><V108/><F20/><W80/><G130/><T112/><D112/><U6/><E84/><V116/><F4/><W81/><G124/><T50/><D0/><U7/><E7/><V5/><F5/><W104/><G104/><T16/><D66/><U76/><E103/><V120/><F3/><W90/><G48/><T33/><D33/><N who="1" m="12907" /><E77/><V126/><F107/><W134/><G134/><T129/><D129/><U18/><E18/><V28/><F28/><W30/><G59/><T111/><D111/><U106/><E117/><V127/><F128/><W22/><G26/><T43/><D14/><U10/><E106/><V12/><F12/><W95/><G80/><T51/><D43/><AGARI ba="1,2" hai="2,6,10,39,43,45,72,76,82,121,123" m="12907" machi="43" ten="30,2000,0" yaku="25,1,23,1" doraHai="135" who="1" fromWho="0" sc="15,-23,435,43,194,0,336,0" owari="-8,-50.8,478,57.8,194,-20.6,336,13.6" /></mjloggm>