<mjloggm ver="2.3"><GO type="225" lobby="0"/><UN n0="%E3%83%89%E3%83%A9%E3%81%8F%E3%82%8C" n1="%E9%A6%AC%E4%BA%86%E9%9A%94%E5%A3%81" n2="%77%72%77%72%77%72%77%72" n3="%72%69%6F%75%63%68%61%6E" dan="16,18,17,16" rate="2194.42,2209.88,2186.90,2172.58" sx="M,M,M,M"/><TAIKYOKU oya="0"/><INIT seed="0,0,0,4,3,26" ten="250,250,250,250" oya="0" hai0="25,54,97,20,53,104,80,109,99,64,32,134,4" hai1="27,79,123,74,129,34,45,117,128,48,66,21,2" hai2="52,116,78,56,98,28,3,88,102,31,121,9,106" hai3="67,62,124,7,30,127,86,49,16,73,8,35,87"/><T113/><D113/><U47/><E117/><V114/><F114/><W5/><G73/><T92/><D134/><U103/><E123/><V36/><F121/><W105/><G105/><T43/><D109/><U110/><E110/><V82/><F36/><W118/><G118/><T72/><D32/><U69/><E2/><V44/><F44/><W83/><G49/><T23/><D43/><U126/><E126/><N who="3" m="48170" /><G5/><T50/><D4/><U59/><E34/><V96/><F116/><W65/><G16/><T11/><D11/><U94/><E69/><V39/><F39/><W108/><G108/><T81/><D64/><N who="3" m="24649" /><G62/><T22/><D104/><U89/><E74/><V18/><F18/><W120/><G120/><T51/><D72/><U60/><E48/><N who="0" m="18473" /><D25/><U33/><E27/><V111/><F111/><W76/><G35/><T17/><D17/><U77/><E33/><V101/><F9/><W57/><G57/><T38/><D38/><U55/><E21/><V112/><F3/><N who="3" m="127" /><G86/><T85/><D85/><N who="1" m="52527" /><E66/><V13/><F13/><W58/><G58/><T29/><D99/><N who="2" m="37930" /><F106/><W10/><G10/><T107/><D107/><U41/><E41/><V122/><F112/><W6/><G6/><T63/><D63/><U68/><E68/><V75/><F122/><W1/><G1/><T42/><D42/><U24/><E24/><V130/><F130/><N who="1" m="50281" /><E103/><N who="2" m="39435" /><F75/><W19/><G19/><T61/><D61/><U93/><E45/><V100/><N who="2" m="39443" /><V132/><DORA hai="71" /><F56/><W90/><G90/><T115/><D115/><U84/><E47/><V135/><F88/><AGARI ba="0,0" hai="55,59,60,77,79,84,88,93" m="50281,52527" machi="88" ten="30,2000,0" yaku="19,1,54,1" doraHai="26,71" who="1" fromWho="2" sc="250,0,250,20,250,-20,250,0" /><INIT seed="1,0,0,5,3,64" ten="250,270,230,250" oya="1" hai0="1,70,42,114,65,17,91,109,106,90,84,69,56" hai1="2,57,108,37,61,86,76,96,34,95,30,15,47" hai2="73,130,113,7,116,31,59,36,83,99,13,23,115" hai3="58,94,104,72,97,119,98,46,8,127,124,21,111"/><U26/><E2/><V78/><F116/><W105/><G72/><T52/><D114/><N who="2" m="43530" /><F36/><W66/><G119/><T103/><D1/><U16/><E108/><V55/><F130/><W38/><G111/><T122/><D109/><U0/><E0/><V27/><F99/><W82/><G82/><T4/><D122/><U54/><E86/><V32/><F7/><W89/><G8/><T35/><D42/><U85/><E85/><V41/><F41/><N who="3" m="22839" /><G21/><T14/><D35/><U18/><E76/><V100/><F100/><W29/><G29/><T123/><D4/><U24/><E24/><V101/><F101/><W80/><G80/><T112/><D123/><U71/><E71/><V6/><F6/><W92/><G58/><T129/><D129/><U39/><E47/><V134/><F134/><W60/><G60/><T12/><D112/><U43/><E18/><V10/><F10/><W67/><G104/><T74/><D74/><U120/><E43/><V19/><F59/><W51/><G51/><T117/><D117/><U63/><E63/><V40/><F40/><W25/><G25/><T135/><D106/><U121/><E121/><V5/><F5/><W125/><G105/><T33/><D84/><U9/><REACH who="1" step="1"/><E120/><REACH who="1" ten="250,260,230,250" step="2"/><V3/><F3/><W75/><G75/><T133/><D17/><U53/><E53/><AGARI ba="0,1" hai="13,19,23,27,31,32,53,55,73,78,83" m="43530" machi="53" ten="30,1000,0" yaku="11,1" doraHai="64" who="2" fromWho="1" sc="250,0,260,-10,230,20,250,0" /><INIT seed="2,0,0,5,1,78" ten="250,250,250,250" oya="2" hai0="103,79,110,102,106,35,42,82,67,88,41,131,43" hai1="129,5,24,71,87,83,25,84,56,16,50,127,123" hai2="108,94,21,0,53,13,2,107,114,34,62,133,22" hai3="49,52,80,99,97,19,51,85,65,20,119,130,61"/><V135/><F107/><W40/><G119/><T75/><D35/><U63/><E129/><V58/><F34/><W46/><G130/><T105/><D131/><U44/><E71/><V121/><F114/><W1/><G1/><T132/><D132/><N who="2" m="50762" /><F121/><W86/><G86/><T66/><D110/><U12/><E127/><V95/><F108/><W18/><G61/><T124/><D124/><U15/><E5/><V81/><F81/><W32/><G65/><T30/><D30/><U104/><E104/><V116/><F116/><W118/><G32/><T120/><D120/><U134/><E87/><V29/><F13/><N who="3" m="9295" /><G19/><T76/><D76/><N who="1" m="46183" /><E12/><V128/><F128/><W17/><G17/><T122/><D122/><U100/><E100/><V93/><F29/><W37/><G37/><T98/><D88/><U8/><E134/><V69/><F69/><W10/><G10/><T125/><REACH who="0" step="1"/><D125/><REACH who="0" ten="240,250,250,250" step="2"/><U38/><E123/><V14/><F22/><W3/><G118/><T23/><D23/><U126/><E126/><V101/><F101/><W54/><G3/><T111/><D111/><U74/><E74/><V57/><F21/><W92/><G92/><T77/><D77/><U91/><E91/><V115/><F115/><W9/><G9/><T70/><D70/><U60/><E8/><V72/><F72/><W27/><G27/><T4/><D4/><U96/><E25/><V6/><F14/><W31/><G31/><T109/><D109/><U45/><E24/><V11/><F0/><W117/><G117/><T26/><D26/><U39/><E15/><V73/><F73/><W64/><G85/><RYUUKYOKU ba="0,1" sc="240,15,250,-15,250,15,250,-15" hai0="41,42,43,66,67,75,79,82,98,102,103,105,106" hai2="2,6,11,53,57,58,62,93,94,95" /><INIT seed="2,1,1,3,5,64" ten="255,235,265,235" oya="2" hai0="3,77,63,89,107,105,44,99,91,79,88,76,26" hai1="9,25,12,19,129,117,65,39,130,15,87,109,95" hai2="6,113,11,121,54,21,0,135,114,46,110,14,70" hai3="38,85,48,98,62,40,125,108,36,132,127,33,18"/><V5/><F121/><W104/><G33/><T51/><D3/><U80/><E117/><V83/><F70/><W126/><G108/><T111/><D111/><U97/><E109/><V72/><F110/><W92/><G132/><T84/><D84/><U101/><E39/><V119/><F135/><W93/><G18/><T22/><D99/><U78/><E25/><V81/><F119/><W13/><G13/><T68/><D63/><U128/><E15/><V60/><F6/><W102/><G62/><T75/><D68/><U31/><E65/><V43/><F54/><W134/><G134/><T10/><D10/><U94/><REACH who="1" step="1"/><E31/><REACH who="1" ten="255,225,265,235" step="2"/><V86/><F14/><W66/><G66/><T118/><D118/><U16/><E16/><V47/><F0/><W133/><G133/><T57/><D75/><U24/><E24/><V122/><F114/><W67/><G67/><T29/><REACH who="0" step="1"/><D57/><REACH who="0" ten="245,225,265,235" step="2"/><U124/><E124/><V52/><F113/><W7/><G127/><T61/><D61/><U116/><E116/><V27/><F72/><W115/><G115/><T50/><D50/><U112/><E112/><V28/><F60/><W103/><G126/><T106/><D106/><AGARI ba="1,3" hai="9,12,19,78,80,87,94,95,97,101,106,128,129,130" machi="106" ten="40,5200,0" yaku="1,1,19,1,53,1" doraHai="64" doraHaiUra="4" who="1" fromWho="0" sc="245,-55,225,85,265,0,235,0" /><INIT seed="3,0,0,1,4,128" ten="190,310,265,235" oya="3" hai0="88,87,26,122,3,56,39,30,9,42,40,100,44" hai1="54,79,52,11,7,21,59,75,49,109,124,12,82" hai2="77,94,89,131,115,78,20,135,98,74,2,120,114" hai3="55,53,15,96,65,126,31,71,41,19,43,117,129"/><W23/><G117/><T57/><D122/><U61/><E109/><V130/><F2/><W123/><G123/><T108/><D108/><U97/><E124/><V118/><F120/><W101/><G129/><N who="2" m="49161" /><F20/><W80/><G126/><T73/><D73/><U93/><E21/><V33/><F33/><W14/><G71/><T67/><D100/><U91/><E49/><V8/><F8/><W85/><G65/><AGARI ba="0,0" hai="7,11,12,52,54,59,61,65,75,79,82,91,93,97" machi="65" ten="30,2000,0" yaku="7,1,54,1" doraHai="128" who="1" fromWho="3" sc="190,0,310,20,265,0,235,-20" owari="190,-31.0,330,43.0,265,6.5,215,-18.5" /></mjloggm>