<mjloggm ver="2.3"><GO type="225" lobby="0"/><UN n0="%E3%82%BF%E3%83%BC%E3%83%90%E3%83%B3%E9%87%8E%E5%8F%A3" n1="%E3%81%8B%E3%82%8F%E3%81%A1%E3%82%83%E3%82%93%35%38" n2="%30%2E%31%32%30" n3="%6D%75%75%6D%75%72%61" dan="16,17,16,17" rate="2119.23,2140.26,2132.11,2260.06" sx="M,M,M,F"/><TAIKYOKU oya="0"/><INIT seed="0,0,0,2,1,44" ten="250,250,250,250" oya="0" hai0="125,56,110,67,90,98,87,99,9,60,88,120,131" hai1="104,45,46,55,2,47,106,51,132,19,96,101,39" hai2="26,103,32,22,97,49,94,52,53,119,28,5,61" hai3="14,86,129,122,102,8,36,1,17,59,58,15,124"/><T83/><D120/><U21/><E132/><V20/><F119/><W130/><G1/><T117/><D117/><U62/><E2/><V0/><F61/><W107/><G122/><T64/><D131/><N who="3" m="50185" /><G36/><T134/><D134/><U77/><E106/><V6/><F53/><W42/><G42/><T114/><D114/><U23/><E39/><V75/><F75/><W108/><G108/><T81/><D125/><U43/><E77/><V126/><F126/><W72/><G72/><T115/><D115/><U113/><E113/><V3/><F3/><W109/><G109/><T127/><D127/><U76/><E76/><V7/><REACH who="2" step="1"/><F0/><REACH who="2" ten="250,250,240,250" step="2"/><W116/><G124/><T85/><D110/><U18/><E62/><V82/><F82/><W24/><G116/><T100/><D67/><U91/><E55/><V31/><F31/><W93/><G59/><AGARI ba="0,1" hai="5,6,7,20,22,26,28,32,49,52,59,94,97,103" machi="59" ten="40,5200,0" yaku="1,1,52,1,54,1,53,0" doraHai="44" doraHaiUra="11" who="2" fromWho="3" sc="250,0,250,0,240,62,250,-52" /><INIT seed="1,0,0,3,3,30" ten="250,250,302,198" oya="1" hai0="72,3,56,80,8,111,117,133,77,85,131,17,88" hai1="129,110,135,64,119,39,83,104,66,11,114,93,63" hai2="6,61,132,19,90,13,12,50,134,62,53,103,124" hai3="31,14,22,18,99,40,102,91,84,44,38,29,24"/><U49/><E114/><V76/><F103/><W75/><G75/><T112/><D117/><U96/><E119/><V81/><F90/><W98/><G102/><T127/><D112/><U41/><E129/><V130/><F130/><W34/><REACH who="3" step="1"/><G29/><REACH who="3" ten="250,250,302,188" step="2"/><T46/><D131/><U126/><E104/><V35/><F132/><W43/><G43/><T73/><D72/><U70/><E135/><V26/><F134/><W16/><G16/><T67/><D73/><U33/><E41/><V1/><F19/><W37/><G37/><T59/><D17/><U28/><E28/><V42/><F42/><W97/><G97/><T121/><D133/><U71/><E96/><V5/><F124/><W48/><G48/><T57/><D127/><U86/><E49/><V45/><F50/><W123/><G123/><T21/><D121/><U92/><E126/><V15/><F6/><W65/><G65/><T115/><D67/><U60/><E39/><V25/><F5/><W9/><G9/><T118/><D115/><U51/><E51/><V122/><F122/><W105/><G105/><T79/><D118/><U69/><E11/><V68/><F62/><W108/><G108/><T89/><D111/><U55/><E110/><V128/><F61/><W4/><G4/><T107/><D107/><U27/><E70/><V95/><F68/><W120/><G120/><T58/><D8/><U2/><E55/><V47/><F53/><W32/><G32/><T109/><D109/><U7/><E7/><V94/><F128/><W0/><G0/><T20/><D3/><U113/><E2/><V116/><F1/><RYUUKYOKU ba="0,1" sc="250,-10,250,-10,302,-10,188,30" hai3="14,18,22,24,31,34,38,40,44,84,91,98,99" /><INIT seed="2,1,1,4,5,130" ten="240,240,292,218" oya="2" hai0="83,128,12,92,70,10,15,39,44,27,125,32,55" hai1="67,124,135,121,112,99,20,64,74,25,88,111,122" hai2="4,48,107,30,33,63,114,29,66,34,100,46,77" hai3="35,79,49,56,6,37,96,115,59,69,127,71,9"/><V97/><F114/><W78/><G37/><T11/><D70/><U129/><E112/><V54/><F77/><W106/><G115/><T118/><D128/><U91/><E129/><V120/><F120/><N who="1" m="46185" /><E111/><V60/><F4/><W108/><G108/><T18/><D125/><U68/><E124/><V82/><F82/><W8/><G127/><T51/><D118/><U110/><E110/><V3/><F3/><W41/><G35/><T38/><D83/><U45/><E74/><V2/><F2/><W24/><G24/><T104/><D104/><U75/><E75/><V119/><F119/><W73/><G73/><T85/><D85/><U22/><E135/><V86/><F86/><W98/><G6/><T19/><REACH who="0" step="1"/><D92/><REACH who="0" ten="230,240,292,218" step="2"/><U53/><E68/><N who="2" m="42055" /><F107/><W5/><G106/><T36/><D36/><U103/><E99/><V101/><F97/><W14/><G71/><T50/><D50/><U132/><E132/><V1/><F48/><W117/><G69/><T105/><D105/><U102/><E91/><V7/><F63/><W76/><G117/><T94/><D94/><U47/><E88/><V109/><F109/><W72/><G72/><T116/><D116/><U95/><E95/><V131/><F131/><W58/><G8/><T93/><D93/><U134/><E134/><V57/><F100/><W89/><G89/><T81/><D81/><U84/><E103/><V113/><F101/><W52/><G41/><T43/><D43/><U40/><E102/><V31/><F113/><W133/><G133/><T23/><D23/><N who="1" m="8747" /><E40/><V90/><F90/><W21/><G21/><T80/><D80/><RYUUKYOKU ba="1,2" sc="230,15,240,-15,292,-15,218,15" hai0="10,11,12,15,18,19,27,32,38,39,44,51,55" hai3="5,9,14,49,52,56,58,59,76,78,79,96,98" /><INIT seed="3,2,2,0,4,10" ten="245,225,277,233" oya="3" hai0="119,98,44,117,24,129,21,133,71,113,102,16,53" hai1="79,132,20,72,78,0,14,61,85,68,112,103,114" hai2="37,75,51,89,96,45,12,54,60,49,87,88,25" hai3="104,116,32,30,48,2,64,101,43,74,124,57,65"/><W76/><G116/><T33/><D133/><U40/><E0/><V29/><F75/><W91/><G2/><T93/><D129/><U73/><E73/><V95/><F12/><W134/><G134/><T18/><D113/><U47/><E72/><V27/><F37/><W26/><G124/><T126/><D126/><U77/><E132/><V1/><F1/><W11/><G11/><T82/><D71/><U39/><E103/><V23/><F27/><W131/><G131/><T62/><D33/><U7/><E85/><V31/><F31/><W28/><G28/><T69/><D82/><U35/><E35/><V123/><F123/><W90/><BYE who="2" /><G76/><T34/><D34/><U5/><E5/><V99/><F99/><W13/><G13/><T38/><D38/><U107/><E107/><V58/><F58/><W81/><G74/><T59/><D69/><U15/><E15/><V121/><F121/><W22/><G32/><T135/><D135/><U67/><REACH who="1" step="1"/><E7/><REACH who="1" ten="245,215,277,233" step="2"/><V50/><F50/><W55/><G104/><UN n2="%30%2E%31%32%30" /><T41/><D117/><U3/><E3/><V17/><F87/><N who="3" m="50543" /><G101/><T111/><D119/><U6/><E6/><V94/><F96/><W108/><G91/><N who="2" m="34889" /><F95/><W128/><G128/><T118/><D118/><U97/><E97/><V109/><F94/><W63/><G108/><T125/><D111/><U52/><E52/><N who="2" m="29743" /><F109/><W105/><G105/><T56/><D125/><U66/><E66/><V84/><F84/><W100/><G100/><T8/><D102/><U80/><E80/><V122/><F122/><W46/><AGARI ba="2,3" hai="22,26,30,43,46,48,55,57,63,64,65" m="50543" machi="46" ten="30,1500,0" yaku="8,1" doraHai="10" who="3" fromWho="3" sc="245,-7,215,-7,277,-7,233,51" /><INIT seed="3,3,0,1,5,27" ten="238,208,270,284" oya="3" hai0="9,20,118,54,43,89,71,135,123,28,1,84,49" hai1="70,133,126,55,97,100,29,122,109,63,64,15,115" hai2="52,121,92,103,130,80,32,127,102,14,105,116,7" hai3="131,94,120,8,73,57,72,2,42,60,31,22,44"/><W128/><G120/><T38/><D123/><U99/><E115/><V112/><F105/><W68/><G68/><T40/><D118/><U76/><E122/><V53/><F116/><W132/><G132/><T124/><D71/><U83/><E133/><V10/><F112/><W58/><G94/><T48/><D135/><U12/><E109/><V96/><F32/><W69/><G69/><T6/><D124/><U129/><E129/><N who="3" m="49738" /><G31/><T3/><D3/><U21/><E126/><V74/><F127/><W93/><G22/><T35/><D35/><U30/><E55/><N who="2" m="21067" /><F130/><W110/><G93/><T79/><D79/><U37/><E37/><V78/><F74/><N who="3" m="28779" /><G60/><T114/><D49/><U119/><E119/><V5/><F121/><W13/><G2/><T107/><D107/><U67/><E70/><V24/><F24/><W91/><G91/><T86/><D38/><U36/><E36/><V18/><F103/><W51/><G110/><T65/><D114/><U90/><E90/><V61/><F61/><W77/><G77/><T62/><D89/><U17/><E63/><V34/><F34/><W59/><G58/><T56/><D62/><U98/><E100/><V75/><F75/><W106/><G106/><T39/><D39/><U81/><E76/><V88/><F78/><W101/><G101/><T50/><D50/><U0/><E0/><V26/><F26/><W66/><G66/><N who="1" m="25130" /><E12/><V82/><F102/><W111/><G111/><T4/><D65/><U87/><E83/><AGARI ba="3,0" hai="5,7,10,14,18,80,82,83,88,92,96" m="21067" machi="83" ten="30,3900,0" yaku="8,1,54,2" doraHai="27" who="2" fromWho="1" sc="238,0,208,-48,270,48,284,0" owari="238,-16.2,160,-34.0,318,41.8,284,8.4" /></mjloggm>