<mjloggm ver="2.3"><GO type="225" lobby="0"/><UN n0="%E3%82%B2%E3%82%B9%E8%8C%82%E5%8B%9D" n1="%72%65%6E%6B%75%6E" n2="%E3%82%82%E3%82%93%E3%81%8D%E3%82%93%E3%81%90" n3="%72%61%6B%33" dan="16,17,16,16" rate="2114.19,2210.90,2071.58,2035.23" sx="F,M,M,M"/><TAIKYOKU oya="0"/><INIT seed="0,0,0,5,4,58" ten="250,250,250,250" oya="0" hai0="52,45,85,100,91,28,11,57,119,59,93,34,94" hai1="48,115,31,19,4,68,87,95,135,71,16,82,7" hai2="22,75,0,126,105,77,129,32,127,33,79,18,42" hai3="2,27,134,83,84,38,132,86,118,8,97,133,15"/><T107/><D119/><U47/><E135/><V125/><F105/><W43/><G118/><T114/><D114/><U120/><E120/><V128/><F0/><W99/><G2/><T55/><D45/><U70/><E115/><V30/><F42/><W5/><G84/><T89/><D11/><U25/><E95/><V51/><F51/><W35/><G35/><N who="2" m="13385" /><F75/><W41/><G27/><T76/><D76/><N who="2" m="29258" /><F30/><W61/><G38/><T72/><D72/><U39/><E39/><V106/><F106/><W10/><G10/><T67/><D34/><U53/><E31/><V56/><F56/><W116/><G116/><T121/><D121/><U23/><REACH who="1" step="1"/><E19/><REACH who="1" ten="250,240,250,250" step="2"/><V36/><F36/><W44/><G134/><T13/><D28/><U24/><E24/><AGARI ba="0,1" hai="18,22,24,125,126,127,128,129" m="29258,13385" machi="24" ten="40,1300,0" yaku="18,1" doraHai="58" who="2" fromWho="1" sc="250,0,240,-13,250,23,250,0" /><INIT seed="1,0,0,2,4,28" ten="250,227,273,250" oya="1" hai0="83,72,22,53,130,77,132,58,95,96,52,2,49" hai1="26,107,57,12,120,131,117,6,5,54,39,43,128" hai2="27,101,48,17,44,88,19,126,16,91,73,85,99" hai3="110,47,3,69,134,51,13,24,10,104,119,65,71"/><U89/><E107/><V32/><F73/><W125/><G3/><T115/><D130/><N who="1" m="49707" /><E117/><V9/><F126/><W15/><G125/><T100/><D132/><U20/><E120/><V98/><F9/><W23/><G134/><T116/><D115/><U25/><E12/><V82/><F91/><W36/><G36/><T21/><D2/><U133/><E133/><V76/><F76/><W4/><G110/><T135/><D116/><U112/><E112/><V103/><F32/><W56/><G104/><T34/><D135/><U79/><E79/><V108/><F27/><N who="1" m="10249" /><E20/><V38/><F38/><W46/><G15/><T114/><D114/><U122/><E122/><V123/><F108/><W14/><G13/><T62/><REACH who="0" step="1"/><D34/><REACH who="0" ten="240,227,273,250" step="2"/><U121/><E121/><V105/><F123/><W80/><G119/><T124/><D124/><U0/><E0/><V127/><F127/><W106/><G10/><T113/><D113/><U94/><E39/><V18/><F105/><W75/><G4/><T93/><D93/><U66/><E43/><V87/><F19/><W97/><G106/><T7/><D7/><U64/><E6/><V60/><F18/><W1/><G1/><T129/><D129/><U50/><E5/><V109/><F109/><W61/><G23/><T59/><AGARI ba="0,1" hai="21,22,49,52,53,58,59,62,72,77,83,95,96,100" machi="59" ten="20,8000,1" yaku="1,1,0,1,7,1,54,1,53,1" doraHai="28" doraHaiUra="45" who="0" fromWho="0" sc="240,90,227,-40,273,-20,250,-20" /><INIT seed="2,0,0,0,0,104" ten="330,187,253,230" oya="2" hai0="3,32,45,35,78,70,114,71,29,62,115,57,52" hai1="81,28,77,105,50,87,98,10,119,41,129,2,74" hai2="97,37,6,135,89,82,53,42,51,38,1,5,99" hai3="68,118,11,26,30,36,54,60,95,91,108,17,72"/><V8/><F135/><W92/><G118/><T79/><D3/><U134/><E119/><V103/><F42/><W12/><G36/><T49/><D71/><U24/><E134/><V67/><F67/><W33/><G108/><T100/><D100/><U19/><E129/><V39/><F5/><W111/><G111/><T75/><D70/><U15/><E2/><V56/><F103/><W94/><G72/><T61/><D61/><U124/><E124/><V44/><F44/><W128/><G128/><T107/><D107/><U73/><E98/><V66/><F66/><W116/><G116/><T18/><D18/><U86/><E105/><V88/><REACH who="2" step="1"/><F89/><REACH who="2" ten="330,187,243,230" step="2"/><W90/><G68/><T58/><D57/><U25/><E87/><AGARI ba="0,1" hai="1,6,8,37,38,39,51,53,56,82,87,88,97,99" machi="87" ten="40,7700,0" yaku="1,1,2,1,54,1,53,0" doraHai="104" doraHaiUra="112" who="2" fromWho="1" sc="330,0,187,-77,243,87,230,0" /><INIT seed="2,1,0,0,3,19" ten="330,110,330,230" oya="2" hai0="93,48,121,35,7,124,126,20,120,42,102,57,134" hai1="15,65,59,1,85,44,90,52,36,62,74,87,72" hai2="78,46,111,97,113,123,3,31,82,39,105,125,64" hai3="127,22,75,98,84,33,29,28,108,129,21,49,68"/><V118/><F64/><W10/><G75/><T23/><D35/><U63/><E1/><V106/><F31/><W135/><G68/><T67/><D7/><U5/><E36/><V60/><F60/><W12/><G33/><T50/><D134/><U71/><E44/><V110/><F118/><W53/><G135/><T69/><D69/><U58/><E71/><V8/><F123/><W92/><G108/><N who="2" m="41513" /><F113/><W26/><G84/><T80/><D80/><U79/><E79/><V13/><F97/><W104/><G104/><T25/><D93/><U94/><REACH who="1" step="1"/><E85/><REACH who="1" ten="330,100,330,230" step="2"/><N who="2" m="48343" /><F3/><W107/><G127/><T4/><D120/><U43/><E43/><N who="2" m="22911" /><F125/><W88/><G129/><T116/><D121/><U30/><E30/><V54/><F54/><W77/><G77/><T131/><D124/><U96/><E96/><V119/><F119/><W27/><G107/><T103/><D126/><U45/><E45/><V56/><F56/><W40/><G40/><T0/><D116/><U38/><E38/><V132/><F132/><W51/><G53/><T130/><D131/><U100/><E100/><V122/><F122/><W55/><G55/><T99/><D130/><U133/><E133/><V61/><F106/><W66/><G66/><T101/><D67/><U112/><E112/><V16/><F105/><W18/><AGARI ba="1,1" hai="10,12,18,21,22,26,27,28,29,49,51,88,92,98" machi="18" ten="20,12000,2" yaku="0,1,7,1,9,1,8,1,52,2,54,1" doraHai="19" who="3" fromWho="3" sc="330,-31,100,-31,330,-61,230,133" /><INIT seed="3,0,0,0,2,27" ten="299,69,269,363" oya="3" hai0="59,58,126,30,60,124,55,33,13,36,31,16,98" hai1="19,75,53,107,2,50,71,92,83,1,117,121,119" hai2="62,57,52,86,20,29,106,21,78,125,38,122,95" hai3="18,51,118,35,40,80,129,81,101,93,85,123,133"/><W109/><G118/><T134/><D36/><U34/><E19/><V7/><F106/><W103/><G123/><T17/><D134/><U28/><E92/><V63/><F38/><W94/><G35/><T22/><D98/><U49/><E53/><V15/><F125/><N who="0" m="48234" /><D33/><U44/><E44/><V42/><F122/><W56/><G133/><T45/><D45/><U11/><E83/><N who="2" m="47479" /><F42/><W0/><G0/><T64/><D17/><U66/><E11/><N who="2" m="4607" /><F95/><W68/><G40/><T132/><D132/><U26/><E66/><V6/><F6/><W104/><G104/><T47/><D47/><U128/><E50/><AGARI ba="0,0" hai="13,16,22,30,31,50,55,58,59,60,64" m="48234" machi="50" ten="30,7700,0" yaku="18,1,52,2,54,1" doraHai="27" who="0" fromWho="1" sc="299,77,69,-77,269,0,363,0" owari="376,47.6,-8,-50.8,269,-13.1,363,16.3" /></mjloggm>