<mjloggm ver="2.3"><GO type="225" lobby="0"/><UN n0="%E5%86%B7%E5%87%8D%E3%82%AE%E3%83%A7%E3%83%BC%E3%82%B6" n1="%E7%99%BD%E6%97%A5%E9%9B%AA%E8%8F%9C" n2="%E6%A0%B9%E5%85%83%E3%81%8B%E3%82%89%E5%90%B9%E3%81%A3%E9%A3%9B%E3%81%B6" n3="%E5%84%AA%40%41%42%43" dan="17,17,17,17" rate="2209.74,2183.89,2162.77,2163.06" sx="M,M,F,M"/><TAIKYOKU oya="0"/><INIT seed="0,0,0,0,4,37" ten="250,250,250,250" oya="0" hai0="90,100,76,59,27,1,102,69,93,104,97,83,133" hai1="41,62,24,124,46,96,20,14,66,9,53,33,6" hai2="25,50,35,107,73,80,132,68,61,7,129,72,64" hai3="47,110,34,98,95,43,77,87,65,67,74,32,29"/><T131/><D69/><U82/><E124/><V118/><F50/><W115/><G115/><T123/><D1/><U3/><E33/><V31/><F129/><W21/><G110/><T30/><D123/><U89/><E53/><V8/><F132/><W75/><G74/><N who="2" m="28777" /><F118/><W119/><G75/><T19/><D131/><U70/><E3/><N who="2" m="127" /><F80/><N who="3" m="47503" /><G34/><T105/><D133/><U17/><E82/><V13/><F13/><W101/><G32/><T79/><D19/><U112/><E112/><V36/><F36/><W42/><G119/><T122/><D122/><U48/><E89/><V103/><F103/><W109/><G47/><T108/><D108/><U88/><E88/><V134/><F134/><W116/><G109/><T28/><D28/><U117/><REACH who="1" step="1"/><E96/><REACH who="1" ten="250,240,250,250" step="2"/><V114/><F114/><W39/><G116/><AGARI ba="0,1" hai="6,9,14,17,20,24,41,46,48,62,66,70,116,117" machi="116" ten="40,8000,1" yaku="1,1,2,1,52,1,53,1" doraHai="37" doraHaiUra="16" who="1" fromWho="3" sc="250,0,240,90,250,0,250,-80" /><INIT seed="1,0,0,2,3,121" ten="250,330,250,170" oya="1" hai0="75,48,120,63,5,82,2,44,23,97,78,110,62" hai1="69,86,10,42,6,89,36,50,128,8,4,112,37" hai2="72,98,126,41,70,73,56,26,100,130,54,117,16" hai3="84,47,21,91,134,31,81,123,83,93,129,119,115"/><U27/><E112/><V108/><F117/><W66/><G123/><T68/><D120/><U55/><E69/><V106/><F108/><W1/><G115/><T24/><D68/><U101/><E128/><V113/><F126/><W76/><G1/><T30/><D110/><U11/><E101/><V0/><F113/><W39/><G119/><T49/><D49/><U116/><E116/><V19/><F130/><W13/><G134/><T87/><D75/><U92/><E27/><V65/><F0/><W33/><G66/><T118/><D118/><U59/><REACH who="1" step="1"/><E42/><REACH who="1" ten="250,320,250,170" step="2"/><V32/><F41/><W17/><G129/><T29/><D29/><U111/><E111/><V107/><F32/><W58/><G31/><T125/><D125/><U43/><E43/><V9/><F26/><W45/><G33/><T18/><D30/><U12/><E12/><V95/><F70/><W52/><G39/><AGARI ba="0,1" hai="4,6,8,10,11,36,37,39,50,55,59,86,89,92" machi="39" ten="40,2000,0" yaku="1,1,53,0" doraHai="121" doraHaiUra="67" who="1" fromWho="3" sc="250,0,320,30,250,0,170,-20" /><INIT seed="1,1,0,3,3,99" ten="250,350,250,150" oya="1" hai0="63,76,7,113,59,122,111,46,104,100,129,9,123" hai1="55,91,116,74,71,57,44,62,120,35,69,134,102" hai2="109,19,58,133,135,50,8,77,132,36,86,33,27" hai3="131,92,66,85,21,68,29,15,1,11,22,51,6"/><U28/><E116/><V73/><F36/><W34/><G131/><T20/><D113/><U83/><E120/><N who="0" m="46121" /><D111/><U119/><E119/><V64/><F109/><W37/><G37/><T125/><D125/><U118/><E118/><V117/><F117/><W78/><G68/><T42/><D76/><U14/><E134/><V115/><F115/><W130/><G66/><N who="0" m="39295" /><D20/><U2/><E2/><V127/><F127/><W126/><G126/><T121/><D129/><U106/><E35/><V67/><F73/><W94/><G130/><T23/><D23/><U108/><E74/><V52/><F8/><W84/><G22/><T105/><N who="0" m="46129" /><T112/><DORA hai="88" /><D100/><U43/><E102/><V30/><REACH who="2" step="1"/><F19/><REACH who="2" ten="250,350,240,150" step="2"/><W114/><G114/><T81/><D112/><U38/><E108/><V48/><F48/><W0/><G51/><N who="0" m="27095" /><D81/><AGARI ba="1,1" hai="27,30,33,50,52,58,64,67,77,81,86,132,133,135" machi="81" ten="40,8000,1" yaku="1,1,20,1,54,1,53,1" doraHai="99,88" doraHaiUra="54,96" who="2" fromWho="0" sc="250,-83,350,0,240,93,150,0" /><INIT seed="2,0,0,4,2,31" ten="167,350,333,150" oya="2" hai0="15,124,74,73,110,30,87,43,130,53,28,27,106" hai1="63,107,93,46,64,10,80,79,13,21,24,119,121" hai2="26,72,25,101,57,104,0,49,23,75,11,33,92" hai3="1,135,131,109,83,32,45,99,132,37,127,6,103"/><V42/><F104/><N who="3" m="63615" /><G109/><T14/><D110/><U105/><E119/><V111/><F111/><W9/><G127/><T47/><D106/><U58/><E93/><V54/><F42/><N who="3" m="22735" /><G83/><T78/><D124/><U69/><E46/><V114/><F114/><W7/><G6/><T62/><D130/><U113/><E113/><V126/><F126/><W128/><G32/><T41/><D87/><U22/><E58/><V12/><F0/><W5/><G5/><T76/><D47/><U56/><E56/><V90/><F101/><W3/><G3/><T115/><D115/><U81/><E81/><V85/><F33/><W71/><G71/><T122/><D27/><U51/><E51/><V34/><F26/><W52/><G52/><T134/><D53/><U61/><E24/><V59/><F59/><W50/><G50/><T84/><D84/><U48/><E48/><V133/><F34/><W36/><G36/><T29/><D29/><U86/><E105/><V125/><F125/><W88/><G88/><T68/><D68/><U4/><E107/><V16/><REACH who="2" step="1"/><F133/><AGARI ba="0,0" hai="1,7,9,128,131,132,133,135" m="22735,63615" machi="133" ten="30,2000,0" yaku="20,1,23,1" doraHai="31" who="3" fromWho="2" sc="167,0,350,0,333,-20,150,20" /><INIT seed="3,0,0,4,2,129" ten="167,350,313,170" oya="3" hai0="67,14,64,46,131,79,52,69,48,54,20,124,81" hai1="99,100,135,24,15,88,111,98,103,114,44,90,21" hai2="30,132,31,8,62,2,108,70,76,86,113,18,101" hai3="73,61,25,13,47,87,116,117,134,121,36,112,38"/><W6/><G73/><T43/><D124/><U115/><E111/><V96/><F113/><W16/><G87/><N who="0" m="48575" /><D69/><U68/><E68/><V109/><F70/><W57/><G112/><T0/><D0/><U9/><E135/><V7/><F62/><W27/><G121/><T74/><D74/><U41/><E99/><V51/><F51/><W110/><G110/><T82/><D82/><U56/><E56/><V128/><F128/><W107/><G107/><T53/><D131/><U133/><E133/><V78/><F132/><W65/><G134/><T11/><D20/><U127/><E127/><V34/><F18/><AGARI ba="0,0" hai="11,14,18,43,46,48,52,53,54,64,67" m="48575" machi="18" ten="30,2000,0" yaku="8,1,54,1" doraHai="129" who="0" fromWho="2" sc="167,20,350,0,313,-20,170,0" owari="187,-21.3,350,45.0,293,9.3,170,-33.0" /></mjloggm>