<mjloggm ver="2.3"><GO type="225" lobby="0"/><UN n0="%E5%A4%9C%E3%81%AE%E3%82%AC%E3%82%B9%E3%83%91%E3%83%BC%E3%83%AB" n1="%E3%82%A2%E3%83%9E%E3%83%9D%EF%BD%9E%EF%BD%9E%E3%83%A9" n2="%E3%81%86%E3%81%A9%E3%82%93%E3%81%93" n3="%E3%82%BF%E3%83%BC%E3%83%90%E3%83%B3%E9%87%8E%E5%8F%A3" dan="16,17,16,16" rate="2112.12,2139.78,2191.32,2139.13" sx="M,M,M,M"/><TAIKYOKU oya="0"/><INIT seed="0,0,0,0,5,42" ten="250,250,250,250" oya="0" hai0="95,76,105,75,37,11,58,113,39,10,88,66,29" hai1="62,52,49,73,94,80,63,12,117,84,4,102,23" hai2="46,17,118,7,15,99,92,121,127,79,31,77,103" hai3="1,125,123,28,53,60,83,21,56,72,69,115,5"/><T71/><D113/><U67/><E117/><V100/><F121/><W45/><G115/><T135/><D71/><U128/><E128/><V74/><F118/><W106/><G123/><T35/><D105/><U61/><E73/><V91/><F127/><W85/><G125/><T132/><D29/><U27/><E12/><V108/><F108/><W22/><G106/><T131/><D35/><U64/><E4/><V54/><F31/><W50/><G72/><T38/><D131/><U78/><E102/><N who="2" m="38955" /><F7/><W110/><G110/><T0/><D0/><U32/><E94/><V30/><F30/><W122/><G122/><T55/><D66/><U111/><E32/><V101/><N who="2" m="38963" /><V36/><DORA hai="68" /><F36/><W109/><G109/><T104/><D104/><U86/><E86/><V98/><F98/><W120/><G120/><T90/><D76/><U89/><E78/><V3/><F3/><W70/><G69/><T24/><D24/><U25/><E25/><V116/><F116/><W2/><G70/><T87/><D90/><U41/><E41/><V96/><F96/><W97/><G97/><T133/><REACH who="0" step="1"/><D75/><REACH who="0" ten="240,250,250,250" step="2"/><U130/><E130/><V6/><F74/><W114/><G114/><T20/><D20/><N who="3" m="7785" /><G28/><T51/><AGARI ba="0,1" hai="10,11,37,38,39,51,55,58,87,88,95,132,133,135" machi="51" ten="40,24000,3" yaku="1,1,0,1,20,1,52,3,54,1,53,1" doraHai="42,68" doraHaiUra="33,48" who="0" fromWho="0" sc="240,250,250,-80,250,-80,250,-80" /><INIT seed="0,1,0,0,5,40" ten="490,170,170,170" oya="0" hai0="57,124,42,122,128,100,2,74,50,15,113,99,75" hai1="120,36,88,8,107,130,79,95,85,98,135,27,104" hai2="25,20,61,23,28,72,10,117,121,56,78,60,87" hai3="51,70,44,31,58,7,83,132,109,129,47,134,125"/><T80/><D113/><U59/><E120/><V90/><F121/><W65/><G31/><T93/><D2/><U46/><E130/><V103/><F103/><W126/><G7/><T68/><D122/><U116/><E116/><V63/><F117/><W110/><G83/><T30/><D68/><U96/><E135/><N who="3" m="51754" /><G129/><T18/><D30/><U12/><E27/><V91/><F72/><W43/><G70/><T21/><D128/><U115/><E59/><V84/><F10/><W102/><G102/><T127/><D80/><U119/><E115/><V112/><F112/><W69/><G69/><T106/><D106/><U53/><E79/><V0/><F0/><W48/><G58/><T19/><D19/><U26/><E26/><V17/><F56/><W73/><G65/><T49/><D49/><U101/><E119/><V16/><F28/><W86/><G86/><N who="2" m="32809" /><F78/><W11/><G11/><T62/><D62/><N who="2" m="15874" /><V52/><DORA hai="39" /><F52/><N who="3" m="29703" /><G73/><T89/><D100/><U14/><E8/><V4/><F4/><W71/><G71/><T111/><D57/><U131/><E131/><V37/><F37/><W5/><G5/><T33/><D75/><U81/><E36/><V35/><F35/><W82/><G82/><T108/><D33/><U133/><E133/><V32/><F32/><W29/><G29/><T76/><D74/><U24/><E107/><V9/><F9/><W97/><G97/><T45/><D76/><U1/><E104/><V41/><F41/><W34/><G34/><T118/><D118/><U77/><E77/><V66/><F66/><W38/><G38/><T114/><D114/><RYUUKYOKU ba="1,0" sc="490,10,170,-30,170,10,170,10" hai0="15,18,21,42,45,50,89,93,99,108,111,124,127" hai2="16,17,20,23,25,90,91" hai3="43,47,51,109,110,125,126" /><INIT seed="0,2,0,5,0,24" ten="500,140,180,180" oya="0" hai0="97,71,127,5,133,52,49,4,117,46,57,14,86" hai1="41,124,29,115,76,61,60,79,21,54,36,83,126" hai2="70,107,101,92,69,38,130,78,42,67,75,132,33" hai3="109,110,30,104,50,96,28,135,134,80,68,1,105"/><T23/><D117/><U20/><E115/><V47/><F130/><W53/><G68/><T90/><D71/><U66/><E66/><V119/><F92/><W94/><G1/><T103/><D127/><N who="1" m="48683" /><E54/><V18/><F18/><W129/><G129/><T13/><D133/><N who="3" m="50697" /><G80/><T123/><D123/><U3/><E3/><V31/><F132/><W112/><G112/><T113/><D113/><U122/><E122/><V22/><F22/><N who="1" m="8809" /><E29/><N who="3" m="11370" /><G104/><T64/><D23/><U35/><E35/><V106/><F119/><W89/><G105/><T2/><D2/><U6/><E6/><V81/><F70/><W74/><G74/><T65/><D5/><U111/><E111/><V95/><F95/><W63/><G63/><N who="1" m="24138" /><E83/><V39/><F81/><W100/><G100/><T55/><D4/><U26/><E26/><V120/><F101/><W91/><G91/><T11/><D90/><U114/><E114/><V73/><F73/><W102/><G89/><T84/><D103/><U87/><E87/><V56/><F75/><W45/><AGARI ba="2,0" hai="45,50,53,94,96,102,109,110" m="11370,50697" machi="45" ten="30,7900,0" yaku="20,1,52,3" doraHai="24" who="3" fromWho="3" sc="500,-41,140,-22,180,-22,180,85" /><INIT seed="1,0,0,1,4,15" ten="459,118,158,265" oya="1" hai0="52,66,67,29,84,97,80,71,25,132,79,14,33" hai1="20,53,9,5,65,57,43,60,108,134,113,130,81" hai2="102,69,72,125,127,89,99,90,16,41,48,56,101" hai3="128,51,35,126,39,23,93,124,42,18,109,82,24"/><U87/><E113/><V19/><F69/><W73/><G109/><T22/><D132/><U118/><E118/><V76/><F76/><N who="3" m="44303" /><G128/><T46/><D71/><U115/><E115/><V116/><F72/><W114/><G114/><T47/><D97/><U122/><E122/><V28/><F116/><W8/><G39/><T88/><D33/><U37/><E130/><V44/><F28/><N who="3" m="19847" /><G8/><T64/><D79/><U83/><E108/><V123/><F123/><W3/><G3/><T12/><D47/><U119/><E119/><V49/><F56/><W38/><G38/><T106/><D106/><U103/><E103/><V85/><F85/><W107/><G107/><T36/><D36/><U135/><E20/><V13/><F99/><W129/><G93/><T121/><D121/><U104/><E104/><V96/><F96/><W26/><G129/><T1/><D1/><U59/><E43/><V7/><F7/><W45/><G51/><AGARI ba="0,0" hai="12,14,22,25,29,46,51,52,64,66,67,80,84,88" machi="51" ten="40,5200,0" yaku="8,1,54,2" doraHai="15" who="0" fromWho="3" sc="459,52,118,0,158,0,265,-52" /><INIT seed="2,0,0,0,1,34" ten="511,118,158,213" oya="2" hai0="74,53,15,52,51,109,68,119,49,28,123,44,40" hai1="64,97,78,65,95,42,98,43,90,85,110,41,107" hai2="99,132,37,13,14,77,7,4,127,124,5,128,112" hai3="91,59,116,2,46,24,86,69,16,120,63,88,39"/><V30/><F37/><W100/><G116/><T35/><D123/><U50/><E110/><V135/><F77/><W82/><G120/><T8/><D68/><U106/><E50/><V62/><F62/><W129/><G129/><T96/><D74/><U6/><E6/><V104/><F104/><W23/><G100/><T20/><D35/><U47/><E47/><V121/><F99/><W18/><G69/><T1/><D1/><U57/><E78/><V31/><F121/><W125/><G125/><N who="2" m="48201" /><F112/><W70/><G70/><T75/><D75/><U66/><REACH who="1" step="1"/><E57/><REACH who="1" ten="511,108,158,213" step="2"/><V72/><F72/><W32/><G46/><T73/><D73/><U93/><E93/><V118/><F118/><W10/><G59/><T54/><D109/><U76/><E76/><V26/><F128/><W0/><G39/><T94/><D119/><U17/><E17/><V92/><F92/><W67/><G18/><T22/><D51/><U108/><E108/><V38/><F38/><W12/><G16/><N who="0" m="8295" /><D28/><N who="2" m="10794" /><F26/><W80/><G24/><T55/><N who="0" m="13312" /><DORA hai="29" /><T56/><D56/><U114/><E114/><V131/><F131/><W58/><G58/><T83/><D83/><U19/><E19/><V27/><F27/><W84/><G82/><T36/><D36/><U115/><E115/><V105/><F105/><AGARI ba="0,1" hai="41,42,43,64,65,66,85,90,95,97,98,105,106,107" machi="105" ten="50,1600,0" yaku="1,1,53,0" doraHai="34,29" doraHaiUra="71,48" who="1" fromWho="2" sc="511,0,108,26,158,-16,213,0" /><INIT seed="3,0,0,0,2,98" ten="511,134,142,213" oya="3" hai0="24,82,78,97,96,62,34,79,118,3,15,6,89" hai1="93,133,43,27,25,8,120,91,92,126,99,65,128" hai2="30,105,68,21,4,7,80,114,39,129,12,103,127" hai3="84,90,72,54,77,17,134,26,32,119,122,121,11"/><W36/><G119/><T64/><D3/><U61/><E120/><V37/><F114/><W28/><G134/><T53/><D53/><U16/><E133/><V40/><F68/><W113/><G113/><T57/><D34/><U100/><E128/><V106/><F129/><W2/><G54/><T52/><D24/><N who="1" m="9291" /><E126/><V123/><F123/><W107/><G107/><T42/><D42/><U22/><E43/><V19/><F127/><W81/><G36/><T115/><D89/><U63/><E8/><V95/><F30/><W10/><G10/><N who="0" m="4567" /><D82/><U110/><E110/><V73/><F105/><W58/><G58/><T50/><D118/><U59/><E63/><V132/><F106/><W94/><G2/><T44/><D115/><U88/><E93/><V45/><F39/><W102/><G11/><T83/><D83/><U41/><E41/><V48/><F37/><W35/><G35/><T125/><D125/><U104/><E104/><V69/><F69/><W70/><G70/><T5/><D5/><U111/><E111/><V46/><F132/><W49/><G17/><T130/><D130/><U47/><E47/><V75/><F46/><W108/><G108/><T56/><D44/><U74/><E74/><N who="2" m="28171" /><F80/><W0/><G0/><T112/><D112/><U86/><E86/><V51/><F51/><W13/><G49/><T55/><D55/><U101/><E91/><V135/><F135/><W29/><G29/><T1/><D1/><U14/><AGARI ba="0,0" hai="14,16,22,59,61,65,88,92,99,100,101" m="9291" machi="14" ten="30,8000,1" yaku="8,1,52,2,54,2" doraHai="98" who="1" fromWho="1" sc="511,-20,134,80,142,-20,213,-40" owari="491,59.1,214,1.4,122,-37.8,173,-22.7" /></mjloggm>