<mjloggm ver="2.3"><GO type="225" lobby="0"/><UN n0="%E3%83%B4%E3%83%A0%EF%BC%99%E3%81%A6" n1="%73%75%7A%75%6D%65%33" n2="%E8%81%B7%E6%A5%AD%E3%80%81%E9%A2%A8%32" n3="%E3%81%AF%E3%82%88%E3%81%8A%E3%81%98%E3%81%95%E3%82%93" dan="17,18,16,17" rate="2175.44,2251.99,2163.22,2205.28" sx="M,M,M,M"/><TAIKYOKU oya="0"/><INIT seed="0,0,0,0,5,4" ten="250,250,250,250" oya="0" hai0="101,90,24,69,108,95,44,59,25,49,114,22,113" hai1="65,47,77,130,58,79,31,54,122,32,93,80,9" hai2="3,123,42,112,120,74,84,115,91,46,86,34,125" hai3="102,6,17,70,8,89,23,124,107,36,129,111,55"/><T50/><D69/><U60/><E122/><V133/><F34/><W51/><G36/><T7/><D108/><U2/><E130/><V16/><F74/><W97/><G70/><T134/><D134/><U132/><E132/><V5/><F133/><W116/><G116/><T10/><D101/><U85/><E77/><V20/><F125/><W94/><G124/><T26/><D59/><U33/><E31/><V66/><F66/><W62/><G129/><T88/><D22/><U67/><E33/><V78/><F78/><W41/><G111/><T126/><D126/><U53/><E32/><V72/><F72/><W99/><G41/><T21/><D21/><U87/><E2/><V15/><F86/><W37/><G37/><T40/><D50/><N who="1" m="28895" /><E9/><V11/><F123/><W52/><G62/><T0/><REACH who="0" step="1"/><D90/><AGARI ba="0,0" hai="54,58,60,65,67,79,80,85,87,90,93" m="28895" machi="90" ten="30,1000,0" yaku="8,1" doraHai="4" who="1" fromWho="0" sc="250,-10,250,10,250,0,250,0" /><INIT seed="1,0,0,0,1,24" ten="240,260,250,250" oya="1" hai0="12,42,11,31,49,25,127,50,20,0,39,85,98" hai1="57,83,5,46,112,75,22,109,126,81,15,118,108" hai2="26,124,14,96,38,84,8,119,74,64,102,21,55" hai3="131,13,32,63,51,113,92,67,30,120,37,133,69"/><U35/><E35/><V56/><F74/><W18/><G120/><T90/><D127/><U73/><E118/><V114/><F38/><W19/><G113/><T132/><D132/><U61/><E112/><V121/><F124/><W45/><G133/><T117/><D117/><U80/><E126/><V76/><F121/><W3/><G3/><T93/><D0/><U28/><E46/><V72/><F72/><W104/><G104/><T87/><D39/><U59/><E5/><V88/><F76/><W43/><G131/><T4/><D42/><U68/><E68/><V10/><F64/><W101/><G37/><T116/><D116/><U103/><E103/><V94/><F14/><W62/><G63/><T97/><D97/><U100/><E100/><V95/><F119/><W128/><G128/><T89/><REACH who="0" step="1"/><D98/><REACH who="0" ten="230,260,250,250" step="2"/><U58/><E61/><N who="2" m="35999" /><F114/><W130/><G62/><T66/><D66/><U48/><E48/><V34/><F34/><W40/><G67/><T53/><D53/><U65/><E65/><V99/><F99/><W9/><G43/><T111/><D111/><N who="1" m="42571" /><E15/><V52/><F52/><W17/><G130/><T135/><D135/><U70/><E70/><V27/><F27/><AGARI ba="0,1" hai="22,27,28,57,58,59,73,75,80,81,83" m="42571" machi="27" ten="40,7700,0" yaku="14,1,10,1,52,1" doraHai="24" who="1" fromWho="2" sc="230,0,260,87,250,-77,250,0" /><INIT seed="1,1,0,4,3,10" ten="230,347,173,250" oya="1" hai0="117,96,128,41,112,49,35,97,27,8,119,71,103" hai1="76,66,84,65,108,63,131,69,37,59,129,75,46" hai2="95,101,122,107,15,9,78,5,13,29,43,68,124" hai3="19,34,74,126,90,116,109,130,134,135,87,85,28"/><U26/><E75/><V113/><F122/><W104/><G74/><T73/><D112/><U111/><E26/><V127/><F68/><W18/><G104/><T51/><D73/><U125/><E76/><V36/><F107/><W79/><G109/><N who="1" m="42058" /><E84/><V31/><F113/><W38/><G38/><T80/><D80/><U11/><E11/><V17/><F78/><W45/><G45/><T105/><D71/><U40/><E125/><N who="2" m="48203" /><F43/><W12/><G126/><T47/><D97/><U6/><E6/><V102/><F36/><W21/><G87/><T64/><D64/><N who="1" m="24683" /><E69/><V20/><F95/><W57/><G79/><T72/><D72/><U132/><E132/><V58/><F58/><W0/><G57/><T94/><D94/><U77/><E77/><V3/><F3/><W123/><G0/><T81/><D105/><U48/><E37/><V4/><F5/><W7/><G7/><T23/><D81/><U118/><E118/><V82/><F82/><W14/><G116/><T24/><D117/><U39/><E39/><V61/><F61/><W60/><G60/><T91/><D119/><U56/><E56/><V67/><F67/><AGARI ba="1,0" hai="40,46,48,59,63,67,129,131" m="24683,42058" machi="67" ten="30,11600,0" yaku="14,1,10,1,34,2" doraHai="10" who="1" fromWho="2" sc="230,0,347,119,173,-119,250,0" /><INIT seed="1,2,0,1,4,4" ten="230,466,54,250" oya="1" hai0="128,46,104,105,20,64,94,123,78,48,32,57,102" hai1="125,12,39,129,106,27,11,71,68,34,6,111,18" hai2="17,69,29,116,84,127,73,72,86,103,47,90,130" hai3="40,60,113,8,124,33,132,80,23,97,74,26,98"/><U131/><E39/><V85/><F69/><W15/><G113/><T41/><D32/><U2/><E106/><V38/><F116/><W87/><G74/><T109/><D78/><U101/><E101/><V135/><F127/><W76/><G33/><T121/><D109/><U115/><E115/><V50/><F130/><N who="1" m="49673" /><E125/><V44/><F135/><W53/><G132/><T24/><D128/><U10/><E111/><V51/><F38/><W96/><G124/><T100/><D64/><U42/><E42/><V59/><F59/><N who="3" m="34927" /><G40/><T52/><D104/><U56/><E56/><V31/><F103/><W83/><G80/><T82/><D82/><U95/><E95/><V58/><F58/><W118/><G118/><T35/><D35/><U108/><E108/><V117/><F90/><W81/><G83/><T16/><D105/><U88/><E88/><V122/><F117/><W77/><G76/><T28/><D94/><U61/><E61/><V110/><F110/><W75/><G75/><T43/><D43/><U30/><AGARI ba="2,0" hai="2,6,10,11,12,18,27,30,34,68,71" m="49673" machi="30" ten="30,6000,0" yaku="19,1,52,2" doraHai="4" who="1" fromWho="1" sc="230,-22,466,66,54,-22,250,-22" /><INIT seed="1,3,0,2,5,83" ten="208,532,32,228" oya="1" hai0="48,33,134,21,34,8,20,44,52,1,90,58,87" hai1="79,92,103,13,135,111,80,41,100,96,89,119,105" hai2="98,62,113,124,35,2,115,68,10,24,69,56,81" hai3="106,77,15,82,14,4,84,18,25,125,51,120,43"/><U23/><E119/><V107/><F124/><W46/><G120/><T73/><D73/><U91/><E41/><V55/><F2/><W36/><G106/><T66/><D134/><U102/><E13/><V47/><F10/><N who="3" m="4423" /><G125/><T57/><D1/><U7/><E23/><V61/><F47/><W95/><G36/><T74/><D74/><N who="1" m="43127" /><E7/><V49/><F107/><W110/><G110/><T60/><D8/><U6/><E6/><V128/><F128/><W45/><G46/><T29/><D33/><U16/><E16/><V42/><F42/><W40/><G95/><N who="0" m="54751" /><D34/><U5/><E5/><V131/><F131/><W121/><G121/><T97/><D29/><U72/><E135/><V130/><F130/><W12/><G43/><N who="0" m="24607" /><D97/><N who="1" m="61679" /><E111/><V0/><F0/><W30/><G18/><T109/><D109/><U76/><E102/><V50/><F35/><AGARI ba="3,0" hai="12,15,25,30,35,40,45,51,77,82,84" m="4423" machi="35" ten="30,2000,0" yaku="25,1,52,1" doraHai="83" who="3" fromWho="2" sc="208,0,532,0,32,-29,228,29" /><INIT seed="2,0,0,5,1,9" ten="208,532,3,257" oya="2" hai0="111,0,81,116,70,7,54,28,60,4,86,79,98" hai1="35,6,22,32,80,109,29,117,20,128,101,121,87" hai2="123,59,102,78,5,24,49,38,124,2,13,53,46" hai3="11,96,37,133,61,89,55,43,110,66,125,129,115"/><V71/><F123/><W99/><G110/><T107/><D111/><U45/><E109/><V12/><F102/><W64/><G125/><T58/><D116/><U75/><E117/><V131/><F124/><W84/><G129/><T76/><D70/><U91/><E128/><V122/><F122/><W57/><G133/><T34/><D0/><U90/><E121/><V16/><F131/><W27/><G115/><T10/><D76/><U74/><E101/><V50/><F71/><W25/><G11/><T18/><D107/><U94/><E6/><V39/><F2/><W48/><G37/><T120/><D120/><U15/><E45/><V63/><F39/><W42/><G25/><T14/><REACH who="0" step="1"/><D98/><REACH who="0" ten="198,532,3,257" step="2"/><N who="3" m="37417" /><G27/><AGARI ba="0,1" hai="4,7,10,14,18,27,28,34,54,58,60,79,81,86" machi="27" ten="40,2600,0" yaku="1,1,52,1,53,0" doraHai="9" doraHaiUra="47" who="0" fromWho="3" sc="198,36,532,0,3,0,257,-26" /><INIT seed="3,0,0,3,3,47" ten="234,532,3,231" oya="3" hai0="33,31,135,117,43,93,9,107,100,28,92,8,122" hai1="124,79,67,25,37,81,80,29,127,12,68,71,102" hai2="52,46,106,97,91,38,56,121,53,112,78,50,30" hai3="118,32,5,40,119,62,17,105,6,70,130,55,108"/><W73/><G73/><T20/><D117/><U58/><E37/><V1/><F1/><W110/><G105/><T64/><D122/><U125/><E102/><V101/><F121/><W59/><G32/><T89/><D33/><N who="1" m="20655" /><E12/><V39/><F112/><W22/><G130/><T42/><D135/><U96/><E96/><V45/><F30/><N who="0" m="11306" /><D64/><U94/><E94/><V113/><F113/><W98/><G98/><N who="0" m="59463" /><D20/><U103/><E103/><V11/><F11/><N who="0" m="4170" /><D107/><U128/><E128/><V44/><F78/><W24/><G40/><T72/><D72/><N who="1" m="43111" /><E81/><V34/><F34/><W19/><G70/><T41/><D41/><U49/><E67/><V7/><F7/><N who="3" m="2571" /><G19/><T88/><D88/><U16/><E16/><V69/><F69/><W57/><G57/><T63/><D63/><U74/><E74/><V114/><F114/><W2/><G2/><T111/><D111/><AGARI ba="0,0" hai="17,22,24,55,59,62,108,110,111,118,119" m="2571" machi="111" ten="30,2900,0" yaku="14,1,10,1" doraHai="47" who="3" fromWho="0" sc="234,-29,532,0,3,0,231,29" /><INIT seed="3,1,0,4,5,26" ten="205,532,3,260" oya="3" hai0="58,25,79,83,77,108,102,84,81,18,29,100,72" hai1="30,59,71,119,24,8,44,14,3,126,53,0,41" hai2="40,98,127,22,133,56,132,66,36,109,33,69,85" hai3="86,130,47,112,49,97,11,7,1,68,120,96,9"/><W90/><G112/><T74/><D108/><U95/><E71/><V103/><F109/><W20/><G120/><T65/><D84/><U124/><E119/><V15/><F85/><W55/><G68/><T92/><D92/><U129/><E95/><V51/><F22/><W82/><G130/><T114/><D114/><U115/><E129/><V39/><F15/><W125/><G125/><N who="1" m="48234" /><E115/><V48/><F33/><W105/><G105/><T37/><D37/><N who="1" m="21551" /><E53/><V23/><F23/><W63/><G63/><T2/><D2/><U123/><E59/><V60/><F98/><W93/><G11/><T4/><D4/><N who="1" m="3335" /><E123/><V111/><F103/><W117/><G117/><T28/><D18/><U134/><E134/><N who="2" m="51819" /><F111/><W80/><G20/><AGARI ba="1,0" hai="0,3,20,24,30" m="3335,21551,48234" machi="20" ten="30,2000,0" yaku="18,1,52,1" doraHai="26" who="1" fromWho="3" sc="205,0,532,23,3,0,260,-23" owari="205,-19.5,555,65.5,3,-49.7,237,3.7" /></mjloggm>