<mjloggm ver="2.3"><GO type="225" lobby="0"/><UN n0="%E3%83%AB%E3%83%9B%E3%83%B3%E3%83%87%E3%82%A3%E3%82%A8" n1="%72%69%6F%75%63%68%61%6E" n2="%E3%81%B5%E3%81%98%E3%81%8B%E3%81%A4" n3="%E4%BF%BA%E3%81%A8%E5%A6%96%E5%A4%A2" dan="17,16,17,17" rate="2151.36,2186.14,2215.59,2177.37" sx="M,M,M,F"/><TAIKYOKU oya="0"/><INIT seed="0,0,0,5,2,15" ten="250,250,250,250" oya="0" hai0="105,23,51,117,130,59,96,100,81,83,79,67,98" hai1="128,22,106,133,125,54,33,120,82,121,46,7,9" hai2="122,21,109,114,131,86,52,97,13,115,80,71,108" hai3="69,8,92,6,135,14,107,20,76,99,91,116,19"/><T104/><D130/><U134/><E33/><V62/><F71/><W127/><G116/><T40/><D117/><U110/><E110/><N who="2" m="42603" /><F122/><W132/><G69/><T90/><D67/><U72/><E106/><V93/><F131/><W112/><G112/><T113/><D113/><U118/><E118/><V84/><F21/><W44/><G127/><T57/><D40/><U45/><E128/><V49/><F62/><W5/><G5/><T4/><D4/><U37/><E125/><V31/><F31/><W18/><G44/><T74/><D51/><N who="1" m="29039" /><E22/><V63/><F63/><W111/><G111/><T39/><D39/><U36/><E72/><V66/><F66/><W32/><G32/><T16/><D83/><U41/><E82/><V119/><F13/><W60/><G60/><T95/><REACH who="0" step="1"/><D105/><REACH who="0" ten="240,250,250,250" step="2"/><U42/><E42/><V88/><F119/><W3/><G107/><T2/><D2/><N who="1" m="247" /><E36/><V12/><F115/><W68/><G68/><T38/><D38/><U102/><E120/><V27/><F114/><W64/><G64/><T75/><D75/><U47/><E121/><V11/><F80/><W28/><G3/><T29/><D29/><U58/><E41/><V124/><F124/><W61/><G28/><T101/><D101/><U17/><E37/><V48/><F48/><W70/><G70/><T35/><D35/><U78/><E102/><V24/><F86/><W0/><G61/><T10/><D10/><U129/><E129/><V65/><F84/><W77/><REACH who="3" step="1"/><G19/><REACH who="3" ten="240,250,250,240" step="2"/><T56/><D56/><U85/><E58/><N who="2" m="33039" /><F65/><W43/><G43/><T123/><D123/><U87/><E17/><AGARI ba="0,2" hai="11,12,17,24,27,88,93,97" m="33039,42603" machi="17" ten="30,8000,1" yaku="6,1,14,1,52,1,54,2" doraHai="15" who="2" fromWho="1" sc="240,0,250,-80,250,100,240,0" /><INIT seed="1,0,0,0,1,123" ten="240,170,350,240" oya="1" hai0="100,118,89,80,58,23,32,101,45,10,125,102,35" hai1="112,17,73,69,55,86,4,42,124,9,64,114,119" hai2="133,44,120,135,82,33,40,34,134,8,83,43,105" hai3="115,122,20,39,63,36,37,88,107,66,6,14,29"/><U108/><E119/><V56/><F120/><W106/><G122/><T127/><D118/><U46/><E124/><N who="0" m="47689" /><D23/><U81/><E73/><V48/><F105/><W128/><G115/><T52/><D45/><U59/><E108/><V11/><F56/><W67/><G128/><T38/><D38/><U76/><E17/><V130/><F130/><W93/><G6/><T31/><D31/><U54/><E69/><V7/><F43/><W24/><G14/><T53/><D10/><N who="2" m="3626" /><F7/><W79/><G79/><T41/><D41/><U28/><E28/><V77/><F83/><W126/><G126/><T2/><D2/><U72/><E64/><V85/><AGARI ba="0,0" hai="33,34,40,44,48,77,82,85,133,134,135" m="3626" machi="85" ten="40,1500,0" yaku="20,1" doraHai="123" who="2" fromWho="2" sc="240,-4,170,-7,350,15,240,-4" /><INIT seed="2,0,0,3,2,116" ten="236,163,365,236" oya="2" hai0="3,12,27,29,31,40,118,133,72,19,104,95,15" hai1="9,52,24,26,78,106,1,85,110,113,5,36,81" hai2="66,131,82,108,21,70,94,11,43,126,16,0,59" hai3="17,65,87,100,101,135,42,34,88,28,107,129,61"/><V115/><F115/><W35/><G129/><T44/><D104/><U64/><E110/><V7/><F126/><W55/><G135/><T23/><D72/><U49/><E113/><V86/><F131/><W74/><G74/><T37/><D133/><U98/><E36/><V79/><F108/><W71/><G42/><T73/><D3/><U102/><REACH who="1" step="1"/><E64/><REACH who="1" ten="236,153,365,236" step="2"/><V128/><F66/><W58/><G65/><T51/><D37/><U103/><E103/><V84/><F128/><W20/><G100/><T10/><D118/><U112/><E112/><V91/><F70/><W111/><G71/><T50/><D73/><U25/><E25/><V8/><F0/><W54/><G111/><T121/><D121/><U4/><E4/><V132/><F7/><W67/><G101/><T99/><D51/><U32/><E32/><V6/><F6/><W114/><G35/><T38/><D38/><U120/><E120/><V92/><F132/><W47/><G114/><T22/><D50/><U117/><E117/><V48/><F48/><N who="3" m="28959" /><G34/><T119/><D119/><U39/><E39/><V130/><F130/><W18/><G67/><T56/><D27/><U60/><E60/><V68/><F68/><W2/><G2/><T62/><D62/><U77/><E77/><V93/><F79/><W75/><G75/><T123/><D123/><U69/><E69/><V97/><F91/><W57/><G61/><T89/><D89/><U76/><E76/><V109/><F109/><W127/><G88/><T53/><D15/><U124/><E124/><V134/><F134/><W80/><G127/><T41/><D12/><RYUUKYOKU ba="0,1" sc="236,-10,153,30,365,-10,236,-10" hai1="1,5,9,24,26,49,52,78,81,85,98,102,106" /><INIT seed="3,1,1,3,1,64" ten="226,183,355,226" oya="3" hai0="126,132,34,127,10,108,7,37,62,74,119,88,71" hai1="8,85,55,50,99,104,69,56,111,1,42,70,52" hai2="39,113,29,65,68,2,121,3,47,54,114,125,98" hai3="51,95,72,76,61,5,105,93,80,35,43,107,44"/><W78/><G35/><T83/><D119/><U122/><E122/><V12/><F54/><W118/><G118/><T33/><D108/><U31/><E111/><V18/><F29/><W60/><G5/><T112/><D37/><U9/><E42/><V101/><F47/><W84/><G76/><N who="0" m="44439" /><D88/><U4/><E31/><V15/><F39/><W135/><G135/><T22/><D22/><U49/><E85/><V102/><F15/><W134/><G134/><T66/><D112/><U36/><E36/><V24/><F125/><N who="0" m="47626" /><D132/><U106/><E8/><V97/><F12/><AGARI ba="1,1" hai="7,10,12,33,34,62,66,71" m="47626,44439" machi="12" ten="30,2000,0" yaku="18,1,52,1" doraHai="64" who="0" fromWho="2" sc="226,33,183,0,355,-23,226,0" owari="259,5.9,183,-31.7,332,43.2,226,-17.4" /></mjloggm>