<mjloggm ver="2.3"><GO type="225" lobby="0"/><UN n0="%E9%B4%A8%4E%45%47%49" n1="%E8%90%BD%E6%97%A5" n2="%E5%B8%86%E7%AB%8B%E5%A4%8F%E8%A1%A3" n3="%E3%83%A9%E3%82%A4%E3%83%B3%E3%81%AE%E8%99%8E" dan="16,17,17,16" rate="2097.14,2202.01,2166.49,2138.18" sx="M,F,M,M"/><TAIKYOKU oya="0"/><INIT seed="0,0,0,2,3,23" ten="250,250,250,250" oya="0" hai0="12,5,90,68,48,117,118,70,7,122,50,97,111" hai1="88,113,83,39,44,82,67,119,96,77,102,114,36" hai2="2,101,78,99,121,15,103,47,66,110,51,3,81" hai3="80,93,54,59,109,126,34,19,94,8,30,45,38"/><T133/><D122/><U135/><E119/><V69/><F110/><W18/><G109/><T74/><D74/><U124/><E67/><V33/><F121/><W17/><G126/><T105/><D111/><U24/><E124/><V28/><F15/><W131/><G131/><T63/><D90/><U1/><E1/><V25/><F103/><W40/><G8/><T79/><D79/><U4/><E4/><N who="0" m="1609" /><D12/><U32/><E135/><V84/><F66/><W120/><G120/><T29/><D63/><U107/><E44/><V21/><F33/><W14/><G14/><T6/><D29/><N who="1" m="19495" /><E88/><V60/><F60/><W35/><G80/><N who="1" m="30762" /><E77/><V41/><REACH who="2" step="1"/><F69/><REACH who="2" ten="250,250,240,250" step="2"/><N who="0" m="26730" /><D133/><U31/><E31/><V87/><F87/><W116/><G35/><T108/><D108/><U65/><E65/><V130/><F130/><W98/><G34/><T27/><N who="0" m="1617" /><T100/><DORA hai="129" /><D100/><U76/><E76/><V104/><AGARI ba="0,1" hai="2,3,21,25,28,41,47,51,78,81,84,99,101,104" machi="104" ten="20,8000,1" yaku="1,1,0,1,7,1,52,1,53,1" doraHai="23,129" doraHaiUra="95,9" who="2" fromWho="2" sc="250,-40,250,-20,240,90,250,-20" /><INIT seed="1,0,0,3,2,14" ten="210,230,330,230" oya="1" hai0="24,25,122,134,97,120,106,21,121,13,43,53,86" hai1="135,81,23,11,130,109,40,37,15,74,82,51,35" hai2="77,29,75,72,12,22,105,118,93,34,107,133,61" hai3="76,127,10,67,83,123,48,55,1,5,129,39,110"/><U94/><E35/><V104/><F118/><W26/><G110/><T3/><D3/><U113/><E113/><V71/><F133/><W50/><G127/><T85/><D134/><U132/><E37/><V70/><F93/><W56/><G129/><T126/><D126/><U95/><E130/><V125/><F125/><W117/><G117/><T64/><D64/><U31/><E109/><V16/><F61/><W45/><G123/><T114/><D114/><U33/><E33/><V79/><F29/><W108/><G108/><T92/><D43/><U66/><E66/><V32/><F32/><W68/><G26/><N who="0" m="10347" /><D106/><U6/><E132/><V84/><F84/><N who="0" m="32362" /><D53/><U54/><E135/><V87/><F87/><W8/><G48/><T116/><D116/><U46/><E31/><V36/><F34/><W18/><G68/><T47/><D47/><U80/><E74/><V19/><F36/><W103/><G67/><T9/><D21/><U78/><E78/><V60/><F60/><W119/><G119/><T101/><D13/><N who="1" m="5367" /><E40/><V52/><F52/><W59/><G39/><T131/><D9/><U73/><E73/><N who="2" m="28235" /><F71/><W27/><G8/><T98/><D98/><U89/><E89/><V112/><F70/><W128/><G128/><AGARI ba="0,0" hai="92,97,101,120,121,122,128,131" m="32362,10347" machi="128" ten="40,1300,0" yaku="13,1" doraHai="14" who="0" fromWho="3" sc="210,13,230,0,330,0,230,-13" /><INIT seed="2,0,0,4,5,89" ten="223,230,330,217" oya="2" hai0="3,71,74,26,60,104,57,65,34,114,50,75,115" hai1="126,36,111,124,21,67,134,76,87,53,128,41,24" hai2="28,27,29,6,79,48,1,39,81,18,19,17,54" hai3="31,46,123,37,45,55,102,5,129,25,97,110,94"/><V51/><F48/><W30/><G110/><T130/><D3/><U135/><E111/><V47/><F39/><W35/><G129/><T107/><D50/><U100/><E67/><V68/><F68/><W56/><G123/><T125/><D57/><U15/><E15/><V61/><F61/><W112/><G112/><N who="0" m="43051" /><D125/><N who="1" m="48235" /><E53/><V84/><REACH who="2" step="1"/><F27/><REACH who="2" ten="223,230,320,217" step="2"/><W0/><G37/><T49/><D49/><U64/><E128/><V92/><F92/><W32/><G25/><T9/><D130/><U93/><E36/><V22/><F22/><W58/><G94/><T40/><D26/><U82/><E41/><V73/><F73/><N who="0" m="27658" /><D34/><U10/><E10/><AGARI ba="0,1" hai="1,6,10,17,18,19,28,29,47,51,54,79,81,84" machi="10" ten="40,2000,0" yaku="1,1,53,0" doraHai="89" doraHaiUra="63" who="2" fromWho="1" sc="223,0,230,-20,320,30,217,0" /><INIT seed="2,1,0,2,4,38" ten="223,210,350,217" oya="2" hai0="44,53,76,112,62,35,14,25,34,31,93,3,108" hai1="79,55,28,13,17,129,50,51,110,61,97,122,9" hai2="32,69,56,82,121,107,109,65,20,132,23,6,59" hai3="24,5,120,7,18,86,111,130,131,21,92,102,27"/><V39/><F39/><W73/><G73/><T115/><D3/><U91/><E110/><V16/><F107/><W67/><G67/><T52/><D76/><U19/><E129/><N who="3" m="49162" /><G102/><T84/><D34/><U126/><E126/><V114/><F32/><W49/><G92/><T106/><D106/><U80/><E122/><V54/><F114/><W124/><G86/><T127/><D127/><U4/><E28/><V58/><F132/><W10/><G49/><N who="0" m="28711" /><D115/><U133/><E133/><V104/><F104/><W66/><G66/><T74/><D112/><U99/><E61/><V125/><F125/><W103/><G103/><T8/><D74/><U95/><E97/><V64/><F69/><W22/><G124/><T70/><D35/><U128/><E128/><V63/><F121/><W0/><G5/><N who="0" m="3343" /><D108/><U43/><E43/><V90/><F109/><W72/><G72/><T36/><D36/><U68/><E68/><V77/><F65/><W57/><G57/><N who="0" m="35119" /><D70/><U75/><REACH who="1" step="1"/><E55/><REACH who="1" ten="223,200,350,217" step="2"/><V87/><F54/><W2/><G111/><T88/><D31/><U98/><E98/><V81/><F64/><W60/><G60/><T47/><D47/><U123/><E123/><V85/><F63/><W96/><G120/><T118/><D118/><U30/><E30/><V33/><F33/><W89/><G96/><T78/><D78/><U100/><E100/><V134/><F134/><W41/><G41/><T11/><D11/><U15/><E15/><V29/><F59/><W12/><G89/><T40/><D40/><U42/><E42/><V1/><F58/><W46/><G46/><T26/><AGARI ba="1,1" hai="25,26,84,88,93" m="35119,3343,28711" machi="26" ten="30,7900,0" yaku="5,1,8,1,54,2" doraHai="38" who="0" fromWho="0" sc="223,92,200,-21,350,-40,217,-21" /><INIT seed="3,0,0,0,2,17" ten="315,179,310,196" oya="3" hai0="57,46,39,6,49,5,29,16,63,121,111,60,8" hai1="28,115,42,107,70,56,112,65,13,38,51,97,99" hai2="32,55,96,72,124,79,20,11,77,18,126,25,75" hai3="130,84,34,58,116,80,4,133,113,125,43,47,106"/><W59/><G113/><T123/><D111/><U81/><E81/><V90/><F32/><W23/><G34/><T129/><D129/><U62/><E28/><V102/><F90/><W48/><G116/><T118/><D118/><U35/><E35/><V27/><F55/><W41/><G106/><T95/><D39/><U108/><E108/><V61/><F61/><N who="0" m="23626" /><D123/><U9/><E97/><V117/><F117/><W88/><G125/><N who="2" m="48233" /><F11/><W54/><G133/><T0/><D0/><U109/><E109/><V50/><F27/><W82/><G4/><N who="0" m="1643" /><D57/><N who="3" m="21513" /><G80/><T92/><D29/><U100/><E9/><V14/><F25/><W30/><G130/><T24/><D121/><U37/><E13/><V76/><F50/><W22/><G30/><T71/><D71/><U52/><REACH who="1" step="1"/><E38/><REACH who="1" ten="315,169,310,196" step="2"/><V89/><F89/><W93/><G82/><T86/><D86/><U53/><E53/><V67/><F67/><W78/><G78/><T131/><D131/><U83/><E83/><N who="2" m="45447" /><F75/><W7/><G7/><T66/><D66/><U134/><E134/><V94/><AGARI ba="0,1" hai="14,18,20,77,79,94,96,102" m="45447,48233" machi="94" ten="30,2000,0" yaku="18,1,52,1" doraHai="17" who="2" fromWho="2" sc="315,-5,169,-5,310,30,196,-10" owari="310,11.0,164,-33.6,340,44.0,186,-21.4" /></mjloggm>