<mjloggm ver="2.3"><GO type="225" lobby="0"/><UN n0="%E3%81%99%E3%81%84%E3%81%BE%E3%81%9B%E3%83%BC%E3%82%93" n1="%E7%89%B9%E6%9D%B1%E3%81%AF%E4%B8%96%E7%95%8C%E3%82%92%E6%95%91%E3%81%86" n2="%54%4F%52" n3="%E4%BF%BA%E3%81%A8%E5%A6%96%E5%A4%A2" dan="18,16,17,17" rate="2210.97,2033.18,2211.03,2192.68" sx="M,M,M,F"/><TAIKYOKU oya="0"/><INIT seed="0,0,0,3,0,101" ten="250,250,250,250" oya="0" hai0="124,110,1,109,96,39,120,131,13,76,135,63,81" hai1="43,22,104,93,49,86,16,9,36,71,100,65,27" hai2="46,92,98,107,54,61,72,85,112,30,117,51,37" hai3="15,25,95,19,128,32,75,57,78,18,12,23,2"/><T59/><D120/><U91/><E36/><V127/><F72/><W97/><G128/><T126/><D1/><U88/><E71/><V119/><F112/><W47/><G2/><T122/><D122/><U41/><E65/><V10/><F127/><N who="0" m="48682" /><D39/><U87/><E49/><V60/><F30/><W84/><G75/><N who="0" m="43167" /><D131/><U90/><E9/><V66/><F37/><W48/><G57/><T89/><D13/><U121/><E121/><V80/><F10/><W50/><G32/><T79/><D79/><U94/><E90/><V67/><F67/><W115/><G115/><T56/><D135/><U68/><E68/><V44/><F44/><W113/><G113/><T55/><D56/><U0/><E0/><V28/><F28/><W31/><G31/><T24/><D24/><U83/><E104/><V17/><F107/><W69/><G25/><T114/><D114/><U5/><E5/><V14/><F117/><W77/><G84/><T108/><D96/><AGARI ba="0,0" hai="16,22,27,41,43,83,86,87,88,91,93,94,96,100" machi="96" ten="40,5200,0" yaku="8,1,54,2" doraHai="101" who="1" fromWho="0" sc="250,-52,250,52,250,0,250,0" /><INIT seed="1,0,0,2,5,101" ten="198,302,250,250" oya="1" hai0="27,10,58,47,6,99,29,42,116,70,66,132,80" hai1="72,65,37,110,131,98,74,14,56,4,26,39,92" hai2="11,35,55,102,84,2,95,49,31,121,54,17,43" hai3="96,24,127,51,9,87,120,36,38,59,83,89,25"/><U33/><E131/><V50/><F121/><W108/><G120/><T79/><D116/><U103/><E110/><V73/><F73/><W20/><G108/><T44/><D132/><U82/><E4/><V8/><F43/><W45/><G127/><T81/><D70/><U67/><E14/><V76/><F35/><W111/><G111/><T134/><D134/><U107/><E92/><V23/><F31/><W61/><G9/><T97/><D66/><U32/><E74/><V114/><F114/><W135/><G135/><T117/><D58/><U0/><E0/><V130/><F130/><W109/><G96/><T63/><D63/><U129/><E129/><V68/><F68/><W21/><G21/><T28/><D117/><U12/><E12/><V78/><F2/><W123/><G24/><T122/><D122/><U119/><E119/><V15/><F8/><W46/><G46/><T113/><D113/><U105/><E105/><V60/><F60/><W91/><G91/><T40/><D27/><U18/><E32/><V48/><F11/><W106/><G106/><T126/><D10/><U22/><E33/><V90/><REACH who="2" step="1"/><F102/><REACH who="2" ten="198,302,240,250" step="2"/><W86/><G123/><T3/><D3/><U69/><E69/><V118/><F118/><W77/><G61/><T64/><D64/><U34/><E67/><V125/><F125/><W7/><G109/><T124/><REACH who="0" step="1"/><D6/><REACH who="0" ten="188,302,240,250" step="2"/><U57/><E65/><V1/><F1/><W112/><G7/><T94/><D94/><U41/><E107/><V13/><F13/><W88/><G112/><T75/><D75/><U30/><E72/><V115/><F115/><RYUUKYOKU ba="0,2" sc="188,15,302,-15,240,15,250,-15" hai0="28,29,40,42,44,47,79,80,81,97,99,124,126" hai2="15,17,23,48,49,50,54,55,76,78,84,90,95" /><INIT seed="2,1,2,0,5,37" ten="203,287,255,235" oya="2" hai0="135,32,93,36,55,80,109,79,30,57,20,91,26" hai1="22,83,126,89,97,122,23,127,58,99,118,64,114" hai2="13,19,74,78,81,14,39,125,104,96,28,121,10" hai3="103,45,111,33,82,71,76,86,51,7,73,94,67"/><V6/><F121/><W120/><G120/><T92/><D109/><U65/><E122/><V90/><F125/><N who="1" m="47625" /><E114/><V27/><F39/><W105/><G33/><T56/><D135/><U123/><E123/><V40/><F40/><W69/><G111/><T75/><D36/><U113/><E113/><V85/><F96/><N who="1" m="36937" /><E118/><V72/><F104/><W59/><G105/><T47/><D32/><U48/><E48/><V54/><F54/><W52/><G7/><T108/><D108/><U4/><E4/><V41/><F41/><W132/><G132/><T8/><D8/><U21/><E58/><V3/><F78/><W70/><G103/><T68/><D68/><U88/><E83/><V102/><F102/><W117/><G117/><T87/><REACH who="0" step="1"/><D92/><REACH who="0" ten="193,287,255,235" step="2"/><U115/><E115/><V100/><F10/><W116/><G116/><T131/><D131/><U16/><E21/><V0/><F0/><W24/><G94/><T11/><D11/><U49/><E23/><V128/><F3/><W17/><G70/><T62/><D62/><U133/><E133/><V25/><F128/><W53/><G69/><T2/><D2/><U12/><E49/><AGARI ba="1,3" hai="20,26,30,47,49,55,56,57,75,79,80,87,91,93" machi="49" ten="40,2600,0" yaku="1,1,53,1" doraHai="37" doraHaiUra="46" who="0" fromWho="1" sc="193,59,287,-29,255,0,235,0" /><INIT seed="3,0,0,0,2,87" ten="252,258,255,235" oya="3" hai0="74,6,7,2,30,73,122,26,75,133,70,84,19" hai1="107,83,95,38,25,93,16,100,115,96,116,114,48" hai2="65,4,63,10,134,24,67,22,64,20,15,39,32" hai3="94,31,97,76,119,45,5,126,88,120,8,129,69"/><W108/><G119/><T127/><D122/><U34/><E38/><V23/><F39/><W130/><G120/><T91/><D70/><U99/><E116/><V92/><F134/><W42/><G69/><T27/><D133/><U9/><E83/><V41/><F41/><W128/><G126/><T98/><D127/><U57/><E107/><V40/><F40/><W106/><G108/><T52/><D98/><U111/><E111/><V82/><F82/><W71/><G71/><T125/><D125/><U46/><E57/><V1/><F92/><W81/><G31/><T90/><D2/><U44/><E44/><V109/><F109/><W123/><G106/><T135/><D135/><U124/><E124/><V28/><REACH who="2" step="1"/><F1/><REACH who="2" ten="252,258,245,235" step="2"/><W13/><G123/><T61/><D75/><U68/><E95/><V14/><F14/><W58/><G58/><AGARI ba="0,1" hai="4,10,15,20,22,23,24,28,32,58,63,64,65,67" machi="58" ten="40,1300,0" yaku="1,1,53,0" doraHai="87" doraHaiUra="110" who="2" fromWho="3" sc="252,0,258,0,245,23,235,-13" /><INIT seed="4,0,0,2,4,83" ten="252,258,268,222" oya="0" hai0="102,113,129,5,58,77,97,9,119,115,30,63,60" hai1="48,68,52,126,93,38,53,56,127,134,25,50,4" hai2="55,37,90,43,72,105,91,85,62,75,66,67,45" hai3="42,33,14,69,92,57,59,39,8,26,88,34,79"/><T125/><D119/><U103/><E38/><V95/><F105/><W101/><G69/><T19/><D129/><U46/><E4/><V6/><F6/><W61/><G101/><T98/><D125/><N who="1" m="47627" /><E68/><V41/><F41/><W94/><G79/><T123/><D123/><U78/><E78/><V12/><F12/><W22/><G42/><T65/><D30/><U112/><E134/><V35/><F35/><W54/><G39/><T89/><D19/><U13/><E13/><V128/><F128/><W28/><G92/><T24/><D24/><U21/><E112/><N who="0" m="43081" /><D77/><U130/><E130/><V18/><F18/><W70/><G70/><N who="0" m="42279" /><D89/><U86/><E103/><V81/><F55/><W31/><G31/><T106/><D102/><U20/><E25/><V109/><F109/><W117/><G117/><T27/><D27/><U3/><E3/><V116/><F116/><W51/><G14/><N who="0" m="5423" /><D106/><U0/><E0/><V135/><F135/><W104/><G8/><T73/><D73/><U74/><E74/><V131/><F131/><W76/><G76/><T96/><D96/><U122/><E122/><V17/><F17/><W64/><REACH who="3" step="1"/><G104/><REACH who="3" ten="252,258,268,212" step="2"/><T47/><D47/><U32/><E46/><V132/><F132/><W118/><G118/><T114/><N who="0" m="43089" /><T7/><DORA hai="44" /><D7/><U1/><E1/><V124/><F124/><W111/><G111/><T82/><D82/><U10/><E93/><V71/><F95/><W49/><G49/><T2/><D2/><U23/><E10/><V40/><F81/><W11/><G11/><T107/><D107/><U87/><E50/><V120/><F45/><RYUUKYOKU ba="0,1" sc="252,15,258,-15,268,-15,212,15" hai0="58,63,97,98" hai3="22,26,28,33,34,51,54,57,59,61,64,88,94" /><INIT seed="4,1,1,3,2,10" ten="267,243,253,227" oya="0" hai0="5,86,98,104,69,118,134,13,12,50,72,89,124" hai1="97,33,119,37,113,47,120,22,129,4,2,57,63" hai2="75,18,44,76,84,58,24,28,6,110,125,105,103" hai3="96,62,91,68,85,31,9,83,29,64,100,34,77"/><T126/><D118/><U45/><E119/><V108/><F75/><W26/><G29/><T107/><D72/><U94/><E120/><V90/><F76/><W106/><G9/><T20/><D69/><U131/><E33/><V36/><F125/><N who="0" m="48234" /><D134/><U38/><E4/><V53/><F6/><W17/><G17/><N who="0" m="10279" /><D98/><U23/><E2/><V8/><F103/><W52/><G77/><T61/><D61/><U40/><E113/><V128/><F105/><W19/><G19/><T135/><D135/><U7/><E7/><V0/><F0/><W55/><AGARI ba="1,1" hai="26,31,34,52,55,62,64,68,83,85,91,96,100,106" machi="55" ten="30,7900,0" yaku="0,1,25,2,54,1" doraHai="10" who="3" fromWho="3" sc="267,-40,243,-21,253,-21,227,92" owari="227,-17.3,222,-27.8,232,3.2,319,41.9" /></mjloggm>