<mjloggm ver="2.3"><GO type="225" lobby="0"/><UN n0="%E3%82%B2%E3%82%B9%E8%8C%82%E5%8B%9D" n1="%E3%81%8B%E3%82%8F%E3%81%A1%E3%82%83%E3%82%93%35%38" n2="%E3%82%A2%E3%82%A4%E3%82%B9%E3%83%86%E3%82%A3%E3%83%BC%E3%81%82%E3%81%B9" n3="%E5%8D%A0%E3%81%84%E5%B8%AB%E8%A3%8F%E3%81%AA%E3%81%84%E3%81%97" dan="16,16,16,16" rate="2097.35,2175.48,2107.57,2171.00" sx="F,M,M,M"/><TAIKYOKU oya="0"/><INIT seed="0,0,0,1,3,53" ten="250,250,250,250" oya="0" hai0="2,41,111,117,128,107,20,122,129,28,57,67,72" hai1="106,46,109,84,121,103,56,16,66,83,127,97,81" hai2="104,132,70,27,47,58,34,59,31,52,116,63,95" hai3="11,118,29,36,40,108,75,32,113,1,26,87,130"/><T69/><D20/><U102/><E121/><V45/><F104/><W49/><G113/><T99/><D28/><U62/><E109/><V54/><F132/><W38/><G118/><T78/><D41/><U6/><E127/><V74/><F74/><W22/><G75/><T4/><D57/><U10/><E103/><V14/><F70/><W13/><G108/><T24/><D24/><U88/><E46/><V94/><F116/><W123/><G123/><T77/><D77/><U5/><REACH who="1" step="1"/><E83/><REACH who="1" ten="250,240,250,250" step="2"/><V93/><REACH who="2" step="1"/><F14/><AGARI ba="0,1" hai="5,6,10,14,16,56,62,66,81,84,88,97,102,106" machi="14" ten="40,8000,1" yaku="1,1,2,1,52,1,54,2,53,0" doraHai="53" doraHaiUra="133" who="1" fromWho="2" sc="250,0,240,90,250,-80,250,0" /><INIT seed="1,0,0,4,0,21" ten="250,330,170,250" oya="1" hai0="28,99,53,5,24,59,127,67,58,118,129,18,122" hai1="107,74,38,20,115,121,50,135,114,117,84,8,43" hai2="130,105,94,13,86,71,79,102,103,49,29,109,133" hai3="85,60,41,97,23,52,32,35,33,98,110,1,123"/><U88/><E74/><V66/><F109/><W76/><G123/><T132/><D118/><U70/><E117/><V119/><F119/><W65/><G1/><T34/><D122/><U124/><E121/><V82/><F133/><W62/><G110/><T17/><D129/><U128/><E70/><V9/><F105/><W112/><G112/><T46/><D132/><U113/><E135/><V48/><F130/><W90/><G41/><T19/><D127/><U106/><E38/><V51/><F29/><W63/><G76/><T72/><D72/><U45/><E128/><V54/><F71/><W75/><G75/><T125/><D125/><U40/><E124/><V39/><F39/><W10/><G10/><T7/><D99/><U0/><E107/><V47/><F66/><W81/><G65/><T77/><D77/><U92/><E106/><V83/><F82/><W69/><G69/><T100/><D100/><U6/><REACH who="1" step="1"/><E20/><REACH who="1" ten="250,320,170,250" step="2"/><V131/><F131/><W44/><REACH who="3" step="1"/><G23/><REACH who="3" ten="250,320,170,240" step="2"/><T101/><D34/><U73/><E73/><V126/><F126/><W120/><G120/><T116/><D116/><U57/><E57/><V26/><F9/><W91/><G91/><T104/><D59/><U12/><E12/><V108/><F13/><W37/><G37/><T42/><D58/><U16/><E16/><V89/><F108/><W68/><G68/><T4/><D18/><U3/><E3/><V11/><F11/><W55/><G55/><AGARI ba="0,2" hai="0,6,8,40,43,45,50,55,84,88,92,113,114,115" machi="55" ten="40,7700,0" yaku="1,1,54,1,53,1" doraHai="21" doraHaiUra="87" who="1" fromWho="3" sc="250,0,320,97,170,0,240,-77" /><INIT seed="1,1,0,3,3,112" ten="250,417,170,163" oya="1" hai0="97,11,106,40,124,59,118,76,28,5,45,85,65" hai1="86,39,51,63,70,82,48,129,98,57,100,33,12" hai2="8,69,121,62,101,27,133,102,24,34,53,46,9" hai3="6,94,35,47,15,128,50,17,21,60,7,113,36"/><U41/><E33/><V115/><F121/><W80/><G113/><T66/><D118/><U81/><E70/><V16/><F115/><W130/><G35/><T77/><D124/><U95/><E129/><N who="3" m="49770" /><G36/><T19/><D19/><U119/><E119/><V116/><F116/><W72/><G94/><T20/><D97/><U58/><E39/><V105/><F133/><W91/><G60/><T114/><D106/><U74/><E74/><V2/><F2/><W84/><G72/><T117/><D114/><U68/><E68/><V122/><F122/><W52/><AGARI ba="1,0" hai="6,7,15,17,21,47,50,52,80,84,91" m="49770" machi="52" ten="30,2000,0" yaku="19,1,54,1" doraHai="112" who="3" fromWho="3" sc="250,-6,417,-11,170,-6,163,23" /><INIT seed="2,0,0,3,2,99" ten="244,406,164,186" oya="2" hai0="88,69,46,8,122,111,55,57,126,73,45,38,56" hai1="105,85,32,41,62,89,58,47,60,129,130,100,19" hai2="128,83,10,76,7,11,117,13,54,81,25,131,125" hai3="93,86,4,75,97,106,9,35,82,107,24,21,0"/><V66/><F117/><W14/><G75/><T64/><D73/><U61/><E32/><V116/><F116/><W5/><G5/><T27/><D122/><U102/><E58/><V52/><F125/><W18/><G86/><T104/><D104/><U114/><E19/><V78/><F66/><W50/><G50/><N who="0" m="30839" /><D27/><U68/><E68/><V95/><F95/><W109/><G82/><T53/><D88/><U72/><E72/><V118/><F118/><W67/><G67/><T28/><D28/><U12/><E12/><V29/><F83/><W77/><G77/><N who="2" m="29801" /><F11/><W135/><G109/><T123/><D8/><U17/><E17/><V101/><F101/><N who="3" m="60591" /><G135/><T124/><D123/><U84/><E114/><V121/><F81/><W98/><G98/><T39/><D111/><U70/><E70/><V22/><F121/><W108/><G108/><T112/><D112/><U91/><E105/><V115/><F115/><W42/><G42/><T49/><D39/><N who="1" m="21951" /><E89/><V48/><F48/><W127/><G127/><N who="0" m="48683" /><D38/><U30/><E30/><AGARI ba="0,0" hai="0,4,9,14,18,21,24,30,35,106,107" m="60591" machi="30" ten="30,2000,0" yaku="24,1,52,1" doraHai="99" who="3" fromWho="1" sc="244,0,406,-20,164,0,186,20" /><INIT seed="3,0,0,5,5,90" ten="244,386,164,206" oya="3" hai0="124,8,68,53,40,30,34,63,9,122,3,62,20" hai1="126,18,123,69,92,118,43,106,56,47,132,26,96" hai2="21,93,127,105,60,51,125,95,94,120,78,42,11" hai3="82,0,88,25,50,46,85,115,36,6,57,110,29"/><W59/><G115/><T87/><D122/><U135/><E69/><V67/><F120/><W114/><G114/><T2/><D124/><N who="2" m="47690" /><F105/><W76/><G36/><T109/><D109/><U102/><E126/><V14/><F78/><W28/><G110/><T75/><D75/><U79/><E123/><V22/><F51/><W5/><G0/><T101/><D101/><U13/><E118/><V72/><F42/><N who="3" m="24919" /><G76/><T52/><D68/><U39/><E79/><V35/><F35/><W128/><G128/><T48/><D34/><U31/><E56/><N who="3" m="21578" /><G25/><T66/><D40/><U16/><E106/><V131/><F72/><W74/><G74/><T116/><D116/><U77/><E77/><V1/><F1/><W80/><G80/><T65/><D2/><U55/><E55/><V41/><F41/><W121/><G121/><T111/><D3/><U7/><E7/><AGARI ba="0,0" hai="5,6,7,28,29,82,85,88" m="21578,24919" machi="7" ten="30,2900,0" yaku="8,1,54,1" doraHai="90" who="3" fromWho="1" sc="244,0,386,-29,164,0,206,29" /><INIT seed="3,1,0,4,0,122" ten="244,357,164,235" oya="3" hai0="38,63,116,32,109,126,118,31,127,60,65,69,80" hai1="48,132,106,94,97,2,104,55,129,50,51,54,128" hai2="11,30,75,119,82,40,26,135,27,64,110,16,112" hai3="12,47,124,84,52,66,131,95,92,17,114,77,134"/><W107/><G114/><T19/><D19/><U105/><E2/><V9/><F112/><W78/><G107/><T18/><D18/><U7/><E7/><V76/><F119/><W25/><G66/><N who="0" m="41159" /><D80/><U120/><E120/><V0/><F135/><W86/><G134/><T100/><D100/><N who="1" m="60471" /><E132/><V117/><F117/><N who="0" m="45162" /><D31/><U33/><E33/><V102/><F102/><W22/><G124/><N who="0" m="47659" /><D32/><U4/><E4/><V73/><F64/><W20/><G84/><T125/><D125/><U93/><E93/><V58/><F110/><W56/><G92/><T81/><D81/><U89/><E89/><V130/><F130/><AGARI ba="1,0" hai="48,50,51,54,55,104,105,106,128,129,130" m="60471" machi="130" ten="40,1300,0" yaku="19,1" doraHai="122" who="1" fromWho="2" sc="244,0,357,16,164,-16,235,0" owari="244,4.4,373,47.3,148,-35.2,235,-16.5" /></mjloggm>