<mjloggm ver="2.3"><GO type="225" lobby="0"/><UN n0="%43%68%65" n1="%E3%83%AD%E3%83%83%E3%83%86%E9%9B%80%E7%90%83" n2="%E5%AE%AE%E4%BF%9D%E9%B6%8F%E8%82%89" n3="%6D%75%75%6D%75%72%61" dan="16,17,16,16" rate="2171.33,2175.16,2126.80,2108.05" sx="M,M,M,F"/><TAIKYOKU oya="0"/><INIT seed="0,0,0,1,5,22" ten="250,250,250,250" oya="0" hai0="53,65,85,28,131,80,11,97,113,61,84,105,64" hai1="118,87,23,43,103,79,134,117,31,60,32,72,76" hai2="3,7,125,77,12,78,0,38,21,95,132,102,33" hai3="90,111,93,86,25,89,41,128,6,26,66,35,57"/><T83/><D113/><U37/><E23/><V91/><F33/><W109/><G128/><T121/><D121/><U58/><E87/><V27/><F38/><W129/><G129/><T40/><D131/><U47/><E134/><V55/><F132/><W96/><G35/><T94/><D40/><U106/><E58/><V44/><F102/><W8/><G41/><T19/><D105/><U13/><E13/><V50/><F125/><W99/><G66/><T34/><D53/><U10/><E10/><N who="2" m="4191" /><F0/><W88/><G57/><T42/><D42/><U17/><E17/><N who="2" m="12719" /><F3/><W115/><G115/><T71/><D65/><U51/><E103/><V62/><F62/><W92/><G8/><T9/><D9/><U108/><E60/><V98/><AGARI ba="0,0" hai="44,50,55,77,78,91,95,98" m="12719,4191" machi="98" ten="30,2000,0" yaku="8,1,52,1" doraHai="22" who="2" fromWho="2" sc="250,-10,250,-5,250,20,250,-5" /><INIT seed="1,0,0,2,5,89" ten="240,245,270,245" oya="1" hai0="33,126,32,64,18,98,52,107,130,131,105,48,113" hai1="100,69,51,11,123,122,15,5,40,133,101,76,36" hai2="8,7,104,65,16,24,46,67,92,38,106,3,9" hai3="42,58,49,118,44,88,115,29,77,81,66,79,99"/><U85/><E36/><V56/><F106/><W0/><G115/><T34/><D113/><U59/><E69/><V12/><F104/><W116/><G0/><T73/><D73/><U108/><E133/><V30/><F56/><W4/><G4/><T75/><D75/><U111/><E101/><V14/><F3/><W87/><G29/><T23/><D64/><U90/><E100/><V121/><F121/><W21/><G21/><T125/><D98/><U60/><E76/><V22/><F38/><W83/><G99/><T78/><D78/><U55/><E40/><V47/><F92/><N who="3" m="54303" /><G79/><T114/><D114/><U93/><REACH who="1" step="1"/><E60/><REACH who="1" ten="240,235,270,245" step="2"/><V6/><F30/><W45/><G77/><T39/><D39/><U95/><E95/><V129/><F129/><N who="0" m="49162" /><D107/><U27/><E27/><V120/><F120/><AGARI ba="0,1" hai="5,11,15,51,55,59,85,90,93,108,111,120,122,123" machi="120" ten="40,3900,0" yaku="1,1,52,1,53,0" doraHai="89" doraHaiUra="37" who="1" fromWho="2" sc="240,0,235,49,270,-39,245,0" /><INIT seed="1,1,0,4,3,8" ten="240,284,231,245" oya="1" hai0="17,115,129,119,92,60,96,99,25,59,112,1,85" hai1="83,67,51,127,15,122,121,109,28,2,9,40,39" hai2="50,14,27,71,26,41,101,108,107,87,66,29,78" hai3="105,120,118,95,46,70,61,7,22,72,56,0,4"/><U49/><E2/><V75/><F75/><W5/><G105/><T111/><D119/><U110/><E127/><V35/><F108/><N who="1" m="41577" /><E67/><V81/><F27/><W130/><G120/><N who="1" m="46186" /><E28/><V80/><F80/><W6/><G130/><T58/><D1/><U128/><E128/><V88/><F78/><W42/><G70/><T48/><D129/><U106/><E106/><V82/><F81/><W132/><G132/><T73/><D92/><U52/><E83/><V97/><F41/><W38/><G0/><T44/><D111/><U98/><E98/><V134/><F50/><W47/><G118/><T45/><D48/><U123/><N who="1" m="46194" /><U63/><DORA hai="79" /><E40/><V91/><F91/><W74/><G4/><T94/><D99/><U37/><E63/><N who="2" m="40415" /><F14/><W133/><G133/><AGARI ba="1,0" hai="26,29,35,82,87,88,97,101,107,133,134" m="40415" machi="133" ten="30,3900,0" yaku="25,1,52,1,54,1" doraHai="8,79" who="2" fromWho="3" sc="240,0,284,0,231,42,245,-42" /><INIT seed="2,0,0,5,5,118" ten="240,284,273,203" oya="2" hai0="120,16,2,8,101,77,28,82,116,123,89,94,119" hai1="35,59,15,69,81,70,11,66,107,100,79,24,121" hai2="113,51,74,78,102,57,126,22,14,36,54,98,33" hai3="83,46,26,9,73,86,104,31,75,58,60,115,20"/><V53/><F113/><W4/><G104/><T39/><D101/><U29/><E59/><V56/><F33/><W42/><G115/><T80/><D39/><U47/><E47/><V85/><F36/><W68/><G68/><T19/><D28/><U72/><E121/><V55/><F74/><W63/><G46/><T96/><D82/><U34/><E34/><V5/><F126/><W99/><G99/><T32/><D32/><U27/><E27/><V88/><F78/><W45/><G45/><T130/><D130/><U67/><E67/><V37/><F37/><W49/><G49/><T92/><D92/><U52/><E52/><V48/><F54/><W7/><G42/><T18/><D8/><U6/><E66/><V124/><F124/><W64/><G63/><T91/><D91/><U0/><E15/><V103/><F98/><AGARI ba="0,0" hai="0,6,11,24,29,35,69,70,72,79,81,98,100,107" machi="98" ten="40,5200,0" yaku="33,3" doraHai="118" who="1" fromWho="2" sc="240,0,284,52,273,-52,203,0" /><INIT seed="3,0,0,4,5,53" ten="240,336,221,203" oya="3" hai0="92,60,130,74,77,100,75,70,67,97,37,124,95" hai1="108,20,91,12,87,57,94,106,48,13,115,104,7" hai2="121,122,42,71,117,61,44,6,8,36,17,31,64" hai3="111,105,102,49,72,62,51,78,38,4,98,125,84"/><W30/><G38/><T21/><D37/><U58/><E108/><V11/><F117/><W19/><G111/><T79/><D124/><U132/><E132/><V55/><F31/><W47/><G125/><T18/><D130/><U25/><E115/><V15/><REACH who="2" step="1"/><F55/><REACH who="2" ten="240,336,211,203" step="2"/><W43/><G72/><T10/><D75/><U76/><E106/><V113/><F113/><W32/><G4/><T27/><D74/><U34/><E104/><V41/><F41/><W26/><G62/><T101/><D10/><U135/><E7/><V2/><AGARI ba="0,1" hai="2,6,8,11,15,17,36,42,44,61,64,71,121,122" machi="2" ten="30,2000,0" yaku="1,1,0,1,53,0" doraHai="53" doraHaiUra="99" who="2" fromWho="2" sc="240,-5,336,-5,211,30,203,-10" owari="235,-16.5,331,43.1,241,4.1,193,-30.7" /></mjloggm>