<mjloggm ver="2.3"><GO type="225" lobby="0"/><UN n0="%E3%81%8C%E3%81%9F" n1="%E7%B4%94%E6%BD%94%E3%83%94%E3%83%A9%E3%83%8B%E3%82%A2" n2="%E6%B8%A9%E2%98%85%E6%83%85%E2%98%85%E6%8E%AA%E2%98%85%E7%BD%AE" n3="%E3%81%A9%E3%82%8F%E3%82%93%E3%81%94" dan="16,16,17,16" rate="2138.35,2211.53,2245.69,2099.36" sx="M,M,M,M"/><TAIKYOKU oya="0"/><INIT seed="0,0,0,3,2,109" ten="250,250,250,250" oya="0" hai0="83,66,25,127,30,63,70,61,21,14,90,102,44" hai1="73,110,51,50,29,16,107,68,67,132,111,7,37" hai2="117,89,40,36,130,112,43,77,133,84,33,75,45" hai3="120,122,23,129,98,42,18,118,96,46,69,65,13"/><T35/><D127/><U47/><E7/><V19/><F133/><W100/><G118/><T82/><D44/><U56/><E29/><V48/><F117/><W126/><G126/><T0/><D0/><U93/><E107/><V85/><F130/><W106/><G129/><T5/><D61/><N who="1" m="40047" /><E73/><V54/><F33/><W114/><G114/><T80/><D90/><U79/><E79/><V94/><F112/><W32/><G32/><T57/><D102/><U91/><E132/><V28/><F75/><W88/><G65/><T64/><D70/><U123/><E123/><V78/><F28/><W52/><G69/><T81/><N who="0" m="20480" /><DORA hai="60" /><T135/><D135/><U72/><E72/><V87/><F19/><W108/><G108/><N who="1" m="41514" /><E56/><V105/><F105/><W10/><G10/><T12/><D35/><U128/><E128/><V86/><REACH who="2" step="1"/><F36/><REACH who="2" ten="250,250,240,250" step="2"/><W11/><G122/><T6/><D66/><U113/><E16/><V125/><F125/><W20/><G120/><T116/><D116/><U95/><E113/><V3/><F3/><W34/><G34/><T58/><D6/><U22/><E37/><V4/><F4/><W17/><G18/><T92/><D5/><U101/><E22/><V26/><F26/><W97/><G23/><T27/><D27/><U119/><E119/><V41/><AGARI ba="0,1" hai="40,41,43,45,48,54,77,78,84,85,86,87,89,94" machi="41" ten="30,4000,0" yaku="1,1,0,1,8,1,53,0" doraHai="109,60" doraHaiUra="62,2" who="2" fromWho="2" sc="250,-20,250,-10,240,50,250,-10" /><INIT seed="1,0,0,1,3,70" ten="230,240,290,240" oya="1" hai0="16,51,117,52,29,40,111,89,121,63,132,62,31" hai1="53,20,94,25,124,42,10,86,14,65,71,12,75" hai2="34,82,79,8,15,26,50,35,92,80,103,106,105" hai3="88,38,9,45,27,125,21,126,3,54,39,46,60"/><U112/><E112/><V114/><F114/><W93/><G3/><T2/><D117/><U13/><E75/><V102/><F50/><N who="3" m="29007" /><G60/><N who="0" m="23083" /><D2/><U97/><E71/><V85/><F92/><W123/><G46/><N who="0" m="26055" /><D111/><U61/><E65/><V67/><F26/><W109/><G9/><T107/><D107/><U18/><E42/><V69/><F69/><W131/><G109/><T58/><D132/><U55/><E124/><N who="3" m="47722" /><G131/><T130/><D130/><U36/><E36/><V72/><F67/><W108/><G123/><T78/><D78/><U24/><E24/><V11/><F79/><W120/><G120/><T41/><D41/><U101/><E61/><V99/><F72/><W17/><G108/><T30/><D121/><U74/><E74/><V134/><F134/><W37/><G37/><T57/><D89/><U64/><E64/><V28/><F106/><W76/><G76/><T90/><D90/><U95/><E10/><V135/><F105/><W127/><N who="3" m="47730" /><W48/><DORA hai="133" /><G48/><N who="0" m="30855" /><D58/><U43/><E43/><V128/><F128/><W77/><G77/><T56/><D56/><U81/><E94/><V118/><F135/><W87/><AGARI ba="0,0" hai="17,21,27,38,39,87,88,93" m="47730,29007" machi="87" ten="40,16000,3" yaku="18,1,52,6,54,1" doraHai="70,133" who="3" fromWho="3" sc="230,-40,240,-80,290,-40,240,160" /><INIT seed="2,0,0,5,4,122" ten="190,160,250,400" oya="2" hai0="126,66,102,8,15,62,125,64,31,123,116,14,81" hai1="91,69,78,10,68,130,114,30,28,59,103,44,61" hai2="57,26,48,25,45,47,87,129,94,50,27,80,5" hai3="71,96,1,3,97,92,79,117,19,72,99,107,101"/><V22/><F129/><W111/><G71/><T112/><D123/><U16/><E114/><V6/><F22/><W51/><G51/><T32/><D112/><U9/><E130/><V75/><F75/><W63/><G63/><T84/><D102/><U18/><E103/><V133/><F94/><W37/><G37/><T83/><D116/><U106/><E44/><V65/><F133/><W104/><G19/><T115/><D115/><U120/><E120/><V93/><F93/><N who="3" m="58511" /><G3/><T40/><D40/><U12/><E78/><V82/><F65/><W34/><G1/><T132/><D132/><U95/><E106/><N who="3" m="40490" /><G34/><T110/><D32/><U118/><E118/><V77/><F82/><N who="3" m="45415" /><G117/><T86/><D31/><U39/><E39/><V43/><F57/><W36/><G36/><T131/><D62/><U0/><E69/><V55/><AGARI ba="0,0" hai="5,6,25,26,27,43,45,47,48,50,55,77,80,87" machi="55" ten="30,3000,0" yaku="0,1,8,1" doraHai="122" who="2" fromWho="2" sc="190,-10,160,-10,250,30,400,-10" /><INIT seed="2,1,0,4,0,56" ten="180,150,280,390" oya="2" hai0="125,23,90,5,115,18,21,40,15,11,79,134,34" hai1="123,81,42,86,31,72,112,36,129,24,92,58,121" hai2="106,38,130,135,95,44,84,62,28,85,64,113,97" hai3="10,7,131,4,32,43,71,48,22,73,49,119,63"/><V132/><F113/><W96/><G119/><T66/><D115/><U67/><E112/><V118/><F118/><W25/><G32/><T6/><D79/><U39/><E129/><V1/><F1/><W109/><G73/><T14/><D40/><U89/><E72/><V94/><F106/><W103/><G131/><T128/><D90/><U99/><E42/><N who="2" m="22615" /><F28/><W78/><G78/><T2/><D66/><U76/><E123/><V105/><F105/><W13/><G7/><N who="0" m="1527" /><D128/><U33/><REACH who="1" step="1"/><E121/><REACH who="1" ten="180,140,280,390" step="2"/><V108/><F130/><W53/><G43/><T0/><D134/><U30/><E30/><V54/><F135/><W47/><G109/><T122/><D122/><U57/><E57/><V55/><F108/><W26/><G71/><T50/><D125/><U77/><E77/><V46/><F46/><W83/><G47/><T126/><D126/><U101/><E101/><V8/><F132/><W82/><G103/><T60/><D0/><U37/><E37/><V3/><F3/><W29/><G29/><T12/><D50/><U70/><E70/><V91/><F91/><W120/><G49/><T16/><D60/><AGARI ba="1,1" hai="24,31,33,36,39,58,60,67,76,81,86,89,92,99" machi="60" ten="40,2600,0" yaku="1,1,52,1,53,0" doraHai="56" doraHaiUra="133" who="1" fromWho="0" sc="180,-29,140,39,280,0,390,0" /><INIT seed="3,0,0,1,5,72" ten="151,179,280,390" oya="3" hai0="5,130,67,58,87,106,21,23,105,6,14,84,12" hai1="20,109,10,44,119,79,92,113,90,33,116,55,96" hai2="1,121,75,86,61,83,25,102,110,76,94,127,89" hai3="88,37,2,51,120,9,41,38,97,3,54,65,26"/><W81/><G120/><T134/><D58/><U114/><E33/><V80/><F1/><W56/><G65/><T107/><D67/><U126/><E109/><V62/><F25/><W34/><G41/><T7/><D130/><U50/><E126/><V135/><F61/><W16/><G38/><T30/><D134/><U46/><E79/><N who="2" m="44159" /><F62/><W53/><G37/><T17/><D30/><U40/><E20/><V66/><F66/><W99/><G54/><T132/><D132/><U52/><E10/><V59/><F59/><W71/><G71/><T93/><D93/><U133/><E133/><V13/><F13/><N who="3" m="7215" /><G3/><T11/><REACH who="0" step="1"/><D23/><REACH who="0" ten="141,179,280,390" step="2"/><U131/><E131/><V82/><F94/><W36/><G34/><T27/><D27/><U47/><E47/><V43/><F135/><W103/><G2/><T108/><D108/><U31/><E31/><V64/><F64/><W123/><G123/><T63/><D63/><U78/><E44/><V101/><F110/><W24/><G36/><T4/><AGARI ba="0,1" hai="4,5,6,7,11,12,14,17,21,84,87,105,106,107" machi="4" ten="40,2700,0" yaku="1,1,0,1,53,0" doraHai="72" doraHaiUra="117" who="0" fromWho="0" sc="141,37,179,-7,280,-7,390,-13" owari="178,-22.2,172,-32.8,273,7.3,377,47.7" /></mjloggm>