<mjloggm ver="2.3"><GO type="225" lobby="0"/><UN n0="%72%69%6F%75%63%68%61%6E" n1="%77%72%77%72%77%72%77%72" n2="%E7%B4%94%E6%BD%94%E3%83%94%E3%83%A9%E3%83%8B%E3%82%A2" n3="%E3%83%A9%E3%83%BC%E3%83%A1%E3%83%B3%E4%BA%94%E9%83%8E" dan="16,17,16,16" rate="2152.65,2216.65,2200.24,2097.55" sx="M,M,M,M"/><TAIKYOKU oya="0"/><INIT seed="0,0,0,5,5,79" ten="250,250,250,250" oya="0" hai0="105,83,31,101,17,12,102,112,77,25,126,84,70" hai1="103,38,22,60,107,33,64,32,91,34,78,133,92" hai2="48,66,100,69,62,106,109,61,95,30,98,20,85" hai3="120,89,97,5,39,1,23,2,125,6,28,52,110"/><T124/><D112/><U90/><E38/><V40/><F109/><W57/><G110/><T3/><D3/><U114/><E114/><V50/><F62/><W65/><G39/><T58/><D70/><U118/><E118/><V80/><F106/><W72/><G72/><T128/><D128/><U131/><E131/><V55/><F40/><W74/><G74/><T117/><D117/><U21/><E133/><V53/><F50/><W11/><G125/><N who="0" m="48235" /><D105/><U35/><N who="1" m="8192" /><DORA hai="104" /><U45/><E45/><V7/><F7/><W86/><G120/><T93/><D58/><U127/><E78/><V47/><F53/><W8/><G65/><T10/><D93/><U130/><E130/><V13/><F13/><W24/><G97/><T0/><D0/><U37/><E37/><V16/><F30/><W75/><G75/><N who="0" m="43455" /><D31/><U19/><E107/><V115/><F115/><W49/><REACH who="3" step="1"/><G89/><REACH who="3" ten="250,250,250,240" step="2"/><T135/><D135/><U76/><E90/><V123/><F123/><W111/><G111/><T73/><D73/><U134/><E91/><V56/><F69/><W132/><G132/><T121/><D121/><U68/><E76/><V67/><F66/><W96/><G96/><T113/><D113/><U43/><E134/><V42/><F67/><W119/><G119/><T71/><D71/><U88/><E88/><V44/><F98/><W82/><G82/><T94/><D94/><U26/><E127/><V54/><F95/><W15/><G15/><T9/><D84/><AGARI ba="0,1" hai="1,2,5,6,8,11,23,24,28,49,52,57,84,86" machi="84" ten="40,5200,0" yaku="1,1,9,1,54,1,53,0" doraHai="79,104" doraHaiUra="14,36" who="3" fromWho="0" sc="250,-52,250,0,250,0,240,62" /><INIT seed="1,0,0,2,1,130" ten="198,250,250,302" oya="1" hai0="83,17,0,27,25,97,120,14,131,32,19,40,52" hai1="119,30,107,110,135,5,77,106,100,24,67,91,21" hai2="74,118,58,65,41,33,39,66,68,108,116,105,75" hai3="50,55,78,20,95,36,38,61,3,125,129,134,47"/><U22/><E119/><V34/><F58/><W71/><G3/><T126/><D126/><U70/><E5/><V23/><F23/><W72/><G129/><T84/><D131/><U43/><E77/><V76/><F76/><W45/><G125/><T94/><D120/><U92/><E43/><V98/><F98/><W81/><G95/><T53/><D0/><U12/><E110/><V44/><F44/><W46/><G20/><T93/><D40/><U18/><E135/><V99/><F99/><W104/><G104/><T87/><D32/><U37/><E37/><V60/><F41/><W59/><REACH who="3" step="1"/><G134/><REACH who="3" ten="198,250,250,292" step="2"/><T54/><D94/><U114/><E107/><V10/><F105/><W109/><G109/><T11/><D19/><U31/><E106/><V48/><F108/><W35/><G35/><T82/><D82/><U101/><E114/><V2/><F33/><W62/><G62/><T63/><D63/><U124/><E124/><V13/><F60/><W122/><G122/><T90/><REACH who="0" step="1"/><D97/><REACH who="0" ten="188,250,250,292" step="2"/><U103/><E18/><N who="2" m="8503" /><F34/><W102/><G102/><T56/><D56/><U111/><E103/><V28/><F2/><W79/><G79/><AGARI ba="0,2" hai="11,14,17,25,27,52,53,54,79,83,84,87,90,93" machi="79" ten="40,5200,0" yaku="1,1,8,1,54,1,53,0" doraHai="130" doraHaiUra="123" who="0" fromWho="3" sc="188,72,250,0,250,0,292,-52" /><INIT seed="2,0,0,0,5,82" ten="260,250,250,240" oya="2" hai0="90,71,33,111,126,54,49,118,51,76,44,11,46" hai1="63,81,9,113,15,80,56,20,116,99,38,72,55" hai2="101,27,134,91,104,47,98,61,35,133,28,17,117" hai3="84,36,79,119,21,42,127,115,50,2,6,108,125"/><V16/><F117/><W37/><G119/><T32/><D118/><U23/><E113/><V85/><F47/><N who="3" m="25975" /><G115/><T102/><D71/><U124/><E116/><V19/><REACH who="2" step="1"/><F61/><REACH who="2" ten="260,250,240,240" step="2"/><W107/><G125/><T73/><D44/><U69/><E124/><V123/><F123/><W4/><G127/><T75/><D46/><U83/><E63/><V120/><F120/><W43/><G36/><T41/><D126/><U25/><E38/><V68/><F68/><W105/><G37/><T109/><D109/><U52/><E69/><V12/><F12/><W8/><G108/><T59/><D111/><U132/><E56/><V65/><F65/><W62/><G62/><T74/><D59/><U88/><E72/><V97/><F97/><W45/><G45/><T110/><D75/><U53/><E132/><V112/><F112/><W114/><G114/><T24/><D73/><U131/><E131/><V58/><F58/><W89/><G43/><T67/><D74/><U0/><E0/><V128/><F128/><W106/><G2/><T22/><D41/><U78/><E78/><V10/><F10/><W40/><G79/><T130/><D76/><U1/><E1/><V26/><F26/><W3/><G40/><T129/><D24/><U66/><E66/><V57/><F57/><W14/><G3/><T31/><D110/><U48/><E25/><V95/><AGARI ba="0,1" hai="16,17,19,27,28,35,85,91,95,98,101,104,133,134" machi="95" ten="30,18000,2" yaku="1,1,0,1,52,1,54,1,53,3" doraHai="82" doraHaiUra="13" who="2" fromWho="2" sc="260,-60,250,-60,240,190,240,-60" /><INIT seed="2,1,0,0,4,116" ten="200,190,430,180" oya="2" hai0="48,47,28,15,113,62,23,103,13,43,99,105,87" hai1="24,109,40,4,79,111,33,57,64,7,19,39,56" hai2="101,92,112,90,89,80,73,37,127,124,108,88,119" hai3="16,34,12,121,10,44,38,3,122,94,66,69,96"/><V91/><F37/><W67/><G34/><T58/><D113/><U45/><E79/><N who="2" m="44143" /><F119/><W125/><G3/><T126/><D126/><N who="2" m="48170" /><F108/><N who="1" m="41545" /><E19/><V68/><F68/><W82/><G125/><T32/><D32/><U52/><E64/><V128/><F101/><W25/><G25/><N who="0" m="16447" /><D105/><U17/><E57/><V120/><F120/><W95/><G82/><T118/><D118/><U132/><E132/><V130/><F112/><W93/><G96/><AGARI ba="1,0" hai="88,89,90,91,92,96,128,130" m="48170,44143" machi="96" ten="30,11600,0" yaku="18,1,34,2,54,1" doraHai="116" who="2" fromWho="3" sc="200,0,190,0,430,119,180,-119" /><INIT seed="2,2,0,3,2,37" ten="200,190,549,61" oya="2" hai0="26,73,53,82,32,33,52,91,48,111,104,62,81" hai1="22,17,51,106,15,84,108,135,55,16,68,42,114" hai2="109,11,74,28,117,86,35,89,61,79,94,10,123" hai3="126,3,1,115,2,124,100,9,95,120,12,66,103"/><V125/><F117/><W87/><G66/><T20/><D104/><U98/><E114/><V31/><F123/><W67/><G120/><T58/><D111/><U129/><E68/><V116/><F116/><W24/><G115/><T13/><D13/><U60/><E108/><V57/><F125/><W46/><G67/><T5/><D5/><U132/><E129/><V6/><F109/><W64/><G64/><T90/><D32/><U49/><E84/><V93/><F35/><W30/><G46/><T83/><D33/><U19/><E60/><V121/><F121/><W69/><G69/><T130/><D73/><U4/><E4/><V101/><F74/><W18/><G87/><T96/><D130/><U38/><E38/><V118/><F79/><W105/><G95/><N who="0" m="56439" /><D91/><U44/><E98/><N who="2" m="59599" /><F118/><W71/><G71/><T119/><D119/><U127/><E106/><V113/><F113/><W54/><G54/><N who="0" m="34135" /><D48/><U134/><E127/><N who="3" m="48682" /><G105/><T70/><D70/><U7/><E7/><V85/><F6/><W59/><G59/><AGARI ba="2,0" hai="15,16,17,19,22,42,44,49,51,55,59,132,134,135" machi="59" ten="40,5200,0" yaku="20,1,52,1,54,1" doraHai="37" who="1" fromWho="3" sc="200,0,190,58,549,0,61,-58" /><INIT seed="3,0,0,2,3,78" ten="200,248,549,3" oya="3" hai0="91,36,111,84,54,76,22,48,32,18,38,130,117" hai1="77,64,102,44,94,104,75,50,17,85,82,98,87" hai2="6,72,105,121,106,31,124,26,120,60,46,109,57" hai3="24,12,88,20,40,99,131,116,28,95,52,43,128"/><W19/><G116/><T115/><D117/><U69/><E17/><V108/><F46/><W7/><G7/><T118/><D118/><U47/><E47/><V29/><F6/><W93/><G93/><T53/><D32/><U23/><E23/><N who="2" m="15583" /><F72/><W67/><G67/><T35/><D35/><U9/><E9/><V25/><F105/><W123/><G123/><N who="2" m="47177" /><F106/><W68/><G68/><T112/><D130/><N who="3" m="49705" /><G52/><T71/><D71/><U37/><E69/><V41/><F41/><W103/><G103/><T62/><D54/><U126/><E94/><V63/><F124/><W39/><G39/><T73/><D62/><N who="2" m="23594" /><F57/><W5/><G5/><T49/><D49/><U100/><E100/><V135/><F135/><W132/><G132/><T107/><D107/><U3/><E37/><V134/><F134/><W92/><G92/><N who="0" m="54375" /><D36/><U83/><E64/><V70/><F70/><W90/><G90/><T79/><D38/><U59/><E59/><V89/><F89/><W97/><G97/><T51/><D48/><U58/><E58/><V14/><F14/><W4/><G4/><T0/><D0/><U8/><E3/><V125/><F125/><W86/><G99/><T113/><D51/><U61/><E61/><V80/><F80/><N who="1" m="30761" /><E126/><V1/><F1/><W114/><G114/><T11/><D53/><U42/><E50/><V96/><F96/><W127/><G127/><T10/><D115/><U2/><E98/><V56/><F56/><W55/><G55/><T65/><D113/><U16/><E2/><V45/><F45/><W110/><G110/><T27/><D111/><U66/><E66/><RYUUKYOKU ba="0,0" sc="200,-15,248,-15,549,15,3,15" hai2="25,31,108,109" hai3="12,19,20,24,28,40,43,86,88,95" /><INIT seed="3,1,0,0,2,126" ten="185,233,564,18" oya="3" hai0="95,23,57,84,92,119,45,71,85,6,105,52,110" hai1="113,86,135,79,62,122,16,93,128,29,27,24,74" hai2="31,38,81,25,101,104,46,8,73,70,120,88,78" hai3="108,39,50,112,69,33,43,0,61,130,129,65,14"/><W67/><G112/><T4/><D119/><U114/><E74/><V5/><F120/><W34/><G0/><T2/><D110/><U60/><E135/><V30/><F70/><W21/><G108/><T134/><D71/><U121/><E79/><V66/><F66/><W100/><G100/><T98/><D105/><U53/><E86/><N who="0" m="33385" /><D2/><U58/><E93/><N who="0" m="35913" /><D98/><U82/><E82/><V3/><F88/><W90/><G39/><T102/><D102/><U54/><E58/><V1/><F1/><W94/><G67/><T83/><D134/><U124/><E29/><V47/><F47/><N who="3" m="25983" /><G14/><T49/><D83/><U99/><E99/><N who="2" m="61503" /><F25/><W123/><G123/><T41/><D23/><U109/><E124/><V37/><F37/><W15/><G15/><T68/><D68/><U10/><E109/><V20/><F20/><W72/><G21/><T26/><D26/><U55/><E114/><V103/><F103/><W40/><G72/><T35/><D35/><U125/><E113/><V89/><F89/><W77/><G77/><T36/><D36/><U48/><E125/><V91/><F91/><W118/><G118/><T117/><D117/><U80/><E122/><V59/><F78/><W28/><G40/><T13/><D13/><N who="1" m="7223" /><E121/><V18/><F73/><W12/><G12/><T9/><D9/><U87/><E24/><V107/><F107/><W19/><G19/><T44/><D41/><U7/><E27/><V17/><F18/><W56/><G69/><T75/><D75/><U51/><E80/><V106/><F17/><W42/><G42/><T63/><D44/><U22/><E22/><RYUUKYOKU ba="1,0" sc="185,30,233,-10,564,-10,18,-10" hai0="4,6,45,49,52,57,63" owari="215,-18.5,223,2.3,554,65.4,8,-49.2" /></mjloggm>