<mjloggm ver="2.3"><GO type="225" lobby="0"/><UN n0="%E3%81%99%E3%81%84%E3%81%BE%E3%81%9B%E3%83%BC%E3%82%93" n1="%E3%81%82%E3%83%BC%E3%81%97" n2="%6D%75%75%6D%75%72%61" n3="%E3%81%AF%E3%82%88%E3%81%8A%E3%81%98%E3%81%95%E3%82%93" dan="16,16,16,16" rate="2127.33,2108.17,2146.91,2087.80" sx="M,M,F,M"/><TAIKYOKU oya="0"/><INIT seed="0,0,0,2,4,58" ten="250,250,250,250" oya="0" hai0="106,5,74,81,28,92,117,86,10,76,69,64,71" hai1="97,40,116,29,127,114,38,44,72,73,8,130,45" hai2="111,59,80,54,25,88,52,23,26,87,123,95,18" hai3="13,121,133,39,50,102,61,124,90,98,19,78,36"/><T66/><D117/><U14/><E116/><V77/><F111/><W4/><G124/><T22/><D106/><U2/><E127/><V1/><F1/><W21/><G133/><T118/><D118/><U63/><E2/><V120/><F26/><W104/><G121/><T33/><D33/><U48/><E130/><V91/><F91/><W20/><G78/><T56/><D28/><U125/><E29/><V34/><F34/><W35/><G35/><T60/><D22/><U42/><E125/><V53/><REACH who="2" step="1"/><F59/><REACH who="2" ten="250,250,240,250" step="2"/><W113/><G90/><T89/><REACH who="0" step="1"/><D66/><REACH who="0" ten="240,250,240,250" step="2"/><U27/><E114/><V24/><F24/><W93/><G113/><T43/><D43/><U70/><E27/><V6/><F6/><W30/><G4/><T112/><D112/><U100/><E42/><V32/><F32/><W68/><G30/><T65/><D65/><U107/><E40/><V75/><AGARI ba="0,2" hai="18,23,25,52,53,54,75,77,80,87,88,95,120,123" machi="75" ten="30,7900,0" yaku="1,1,0,1,54,2,53,0" doraHai="58" doraHaiUra="103" who="2" fromWho="2" sc="240,-39,250,-20,240,99,250,-20" /><INIT seed="1,0,0,0,0,31" ten="201,230,339,230" oya="1" hai0="1,4,103,48,128,12,20,79,2,131,88,59,41" hai1="125,50,76,118,70,129,95,110,119,92,51,120,97" hai2="5,27,84,6,25,13,74,24,16,96,85,114,23" hai3="14,80,135,127,57,67,65,42,113,105,109,68,29"/><U8/><E120/><V66/><F74/><W18/><G105/><T34/><D103/><U47/><E70/><V38/><F38/><W132/><G68/><T44/><D79/><U36/><E129/><N who="0" m="49737" /><D34/><U112/><E112/><V11/><F114/><W30/><G113/><T28/><D59/><U39/><E125/><V26/><F66/><W60/><G127/><T52/><D41/><U111/><E76/><V73/><F73/><W21/><G109/><N who="1" m="41482" /><E8/><V53/><F96/><W94/><G65/><T61/><D61/><U33/><E33/><V130/><F130/><W3/><G3/><T106/><D106/><U56/><E56/><V133/><F133/><N who="3" m="51275" /><G42/><T117/><D117/><N who="1" m="44555" /><E47/><V35/><F35/><W90/><G80/><T93/><D28/><U64/><E64/><V126/><F126/><W69/><G69/><T22/><D4/><U82/><E82/><V54/><F5/><W123/><G123/><T9/><D1/><U75/><E75/><V71/><F71/><W122/><G122/><T91/><D2/><U89/><E95/><V78/><F78/><W98/><AGARI ba="0,0" hai="14,18,21,29,30,57,60,67,90,94,98" m="51275" machi="98" ten="30,1100,0" yaku="20,1" doraHai="31" who="3" fromWho="3" sc="201,-3,230,-5,339,-3,230,11" /><INIT seed="2,0,0,3,4,66" ten="198,225,336,241" oya="2" hai0="15,25,62,27,86,67,94,5,37,126,12,17,110" hai1="70,40,134,64,4,7,2,84,125,107,109,124,65" hai2="52,28,79,75,38,32,132,63,57,10,53,0,102" hai3="31,9,106,55,116,103,127,23,129,68,1,74,3"/><V30/><F38/><W16/><G116/><T81/><D110/><U88/><E107/><V108/><F132/><W128/><G74/><T13/><D37/><U72/><E72/><V56/><F108/><W35/><G127/><N who="1" m="48714" /><E109/><V97/><F32/><W104/><G68/><T73/><D126/><U11/><E134/><V42/><F42/><W33/><G55/><T18/><D5/><N who="1" m="1463" /><E40/><V21/><F21/><W114/><G114/><T44/><D73/><U26/><E26/><V133/><F133/><W76/><G76/><T87/><D94/><N who="1" m="54535" /><E65/><V59/><F0/><N who="3" m="75" /><G103/><T117/><D117/><U50/><E50/><V120/><F10/><W34/><G106/><T92/><D92/><U101/><E101/><V6/><F6/><W51/><G51/><T82/><D67/><U105/><E105/><V61/><F30/><W36/><G104/><T95/><D95/><U89/><E89/><V85/><F28/><W112/><G36/><T46/><D12/><U47/><E47/><V90/><F75/><W8/><G31/><T29/><D29/><U93/><E93/><V118/><F118/><W60/><G112/><T122/><D122/><U113/><E113/><V83/><F120/><W119/><G119/><T69/><D62/><AGARI ba="0,0" hai="4,7,62,64,70" m="54535,1463,48714" machi="62" ten="30,3900,0" yaku="18,1,52,1,54,1" doraHai="66" who="1" fromWho="0" sc="198,-39,225,39,336,0,241,0" /><INIT seed="3,0,0,4,0,87" ten="159,264,336,241" oya="3" hai0="102,46,4,119,41,117,68,73,60,127,104,12,31" hai1="54,93,76,98,15,52,71,81,20,128,25,118,113" hai2="16,59,1,33,24,36,79,27,30,100,63,77,2" hai3="11,121,6,109,49,48,53,50,0,67,23,28,122"/><W99/><G109/><T42/><D73/><U9/><E113/><V18/><F36/><W80/><G67/><T86/><D86/><U3/><E3/><V61/><F100/><W114/><G114/><T96/><D127/><U65/><E65/><V132/><F59/><W40/><G40/><T58/><D41/><U56/><E71/><V19/><F132/><W51/><G80/><T108/><D58/><U43/><E43/><V66/><F19/><W74/><G74/><T37/><D12/><U34/><E34/><V134/><F134/><W82/><G82/><T124/><D124/><U95/><E128/><V45/><F66/><W84/><G84/><T21/><D108/><U97/><E54/><V35/><F45/><W89/><G23/><T107/><D107/><U129/><E118/><V14/><F14/><W70/><G28/><AGARI ba="0,0" hai="1,2,16,18,24,27,28,30,33,35,61,63,77,79" machi="28" ten="25,3200,0" yaku="22,2,54,1" doraHai="87" who="2" fromWho="3" sc="159,0,264,0,336,32,241,-32" owari="159,-34.1,264,6.4,368,46.8,209,-19.1" /></mjloggm>