<mjloggm ver="2.3"><GO type="225" lobby="0"/><UN n0="%E5%8F%AF%E5%85%90%E9%82%A3%E7%94%B1%E5%A4%9A" n1="%E3%81%A9%E3%82%8F%E3%82%93%E3%81%94" n2="%6D%75%75%6D%75%72%61" n3="%73%75%7A%75%6D%65%33" dan="17,16,16,18" rate="2175.13,2063.12,2088.37,2181.07" sx="F,M,F,M"/><TAIKYOKU oya="0"/><INIT seed="0,0,0,1,5,107" ten="250,250,250,250" oya="0" hai0="131,58,81,109,31,34,125,57,41,27,25,68,22" hai1="69,8,63,127,2,73,112,88,133,42,9,115,60" hai2="95,83,114,23,118,6,39,16,99,55,35,61,105" hai3="11,14,56,37,123,120,100,47,59,13,43,108,89"/><T65/><D125/><U87/><E127/><V49/><F114/><N who="1" m="43561" /><E42/><V67/><F39/><W103/><G108/><T94/><D131/><U21/><E133/><V132/><F35/><W101/><G89/><T76/><D109/><U4/><E9/><V24/><F132/><W53/><G13/><T91/><D41/><U74/><E21/><V113/><F105/><W122/><REACH who="3" step="1"/><G53/><REACH who="3" ten="250,250,250,240" step="2"/><T93/><D91/><U12/><E12/><V20/><F113/><W77/><G77/><T1/><D1/><U33/><E33/><V36/><F118/><W48/><G48/><T86/><D94/><N who="1" m="54559" /><E63/><V124/><F124/><W80/><G80/><T15/><D15/><U110/><E110/><V117/><F117/><W128/><G128/><T84/><D93/><U7/><E7/><AGARI ba="0,1" hai="7,11,14,37,43,47,56,59,100,101,103,120,122,123" machi="7" ten="50,3200,0" yaku="1,1,13,1,53,0" doraHai="107" doraHaiUra="78" who="3" fromWho="1" sc="250,0,250,-32,250,0,240,42" /><INIT seed="1,0,0,0,4,68" ten="250,218,250,282" oya="1" hai0="84,97,14,117,135,96,36,12,79,34,108,94,111" hai1="85,52,78,126,92,65,98,66,114,0,134,115,54" hai2="120,76,35,60,16,1,112,86,43,22,103,99,39" hai3="89,69,77,71,67,17,64,121,3,5,11,75,41"/><U73/><E0/><V133/><F120/><W122/><G17/><T119/><D34/><U74/><E85/><V129/><F1/><W113/><G89/><N who="0" m="53543" /><D12/><U70/><E134/><V9/><F133/><W109/><G113/><T42/><D14/><U63/><E126/><V82/><F35/><W45/><G67/><T6/><D6/><U72/><E78/><V15/><F129/><W21/><G21/><T44/><D135/><U124/><E124/><V23/><F60/><N who="3" m="40071" /><G71/><T88/><D79/><U56/><E54/><V38/><F112/><W57/><G57/><T105/><D105/><U107/><E66/><V131/><F131/><W26/><G26/><T51/><D51/><U30/><E30/><V130/><F130/><W10/><G10/><T102/><D102/><U33/><E107/><V27/><F43/><W62/><G62/><T90/><D97/><U116/><E33/><V46/><F46/><W80/><G109/><N who="0" m="42059" /><D96/><U83/><E83/><V53/><F23/><W87/><G87/><T61/><D61/><U32/><E32/><V37/><F53/><W100/><G100/><T2/><D2/><U59/><E70/><V13/><REACH who="2" step="1"/><F9/><REACH who="2" ten="250,218,240,282" step="2"/><W125/><G125/><T31/><D31/><U104/><E115/><V91/><F91/><AGARI ba="0,1" hai="36,42,44,88,90,91,117,119" m="42059,53543" machi="91" ten="30,3900,0" yaku="14,1,52,1,54,1" doraHai="68" who="0" fromWho="2" sc="250,49,218,0,240,-39,282,0" /><INIT seed="2,0,0,2,5,77" ten="299,218,201,282" oya="2" hai0="101,21,38,123,90,7,103,59,3,6,72,4,125" hai1="0,10,19,102,48,12,14,43,36,30,127,89,53" hai2="39,70,109,22,118,32,41,42,124,13,93,115,106" hai3="45,5,107,117,58,31,85,16,75,24,17,83,26"/><V79/><F115/><W92/><G107/><T66/><D123/><U95/><E127/><V116/><F106/><W51/><G117/><T57/><D38/><U80/><E0/><V119/><F32/><W133/><G75/><T61/><D72/><U105/><E30/><V40/><F124/><W20/><G133/><T84/><D125/><U88/><E36/><V87/><F70/><W110/><G110/><T111/><D111/><U54/><E105/><V63/><F109/><W11/><G92/><T15/><D3/><U29/><E29/><V130/><F130/><W129/><G58/><T91/><D59/><U37/><E37/><V68/><F39/><W25/><G129/><T76/><D76/><U74/><E74/><V86/><F93/><W55/><G17/><N who="0" m="10431" /><D91/><U47/><E102/><V62/><F68/><W73/><G73/><T78/><D78/><U108/><E108/><V94/><F94/><AGARI ba="0,0" hai="4,6,7,57,61,66,84,90,94,101,103" m="10431" machi="94" ten="30,1000,0" yaku="8,1" doraHai="77" who="0" fromWho="2" sc="299,10,218,0,201,-10,282,0" /><INIT seed="3,0,0,2,2,67" ten="309,218,191,282" oya="3" hai0="53,101,109,49,84,26,114,1,113,56,99,87,23" hai1="110,11,34,48,24,122,41,21,59,32,112,98,28" hai2="17,75,6,35,5,119,55,129,123,72,18,36,135" hai3="117,94,97,27,77,91,92,33,83,16,7,14,19"/><W73/><G73/><T104/><D1/><U115/><E122/><V68/><F119/><W106/><G106/><T38/><D38/><U126/><E110/><V103/><F36/><W4/><G117/><T25/><D109/><U30/><E98/><V81/><F35/><W10/><G92/><T96/><D96/><U42/><E59/><V2/><F123/><W44/><G44/><T102/><D102/><U9/><E48/><V60/><F129/><W50/><G50/><T100/><D100/><U85/><E85/><N who="0" m="32841" /><D23/><U105/><E105/><V107/><F135/><W118/><G118/><T120/><D120/><U0/><E0/><V22/><F17/><W111/><G111/><T76/><D76/><U64/><E64/><V3/><F3/><W66/><G66/><T78/><D78/><U88/><E21/><V127/><F127/><W134/><G134/><T124/><D124/><U121/><E126/><V90/><F90/><W89/><G89/><T74/><D74/><U13/><E121/><V133/><F133/><W116/><G116/><T86/><D86/><U95/><E88/><V71/><F2/><W70/><G70/><N who="2" m="26665" /><F103/><W29/><G19/><T57/><D57/><U62/><E95/><V93/><F93/><W43/><G43/><N who="1" m="16394" /><E62/><V131/><F131/><W12/><G12/><T82/><D82/><U47/><E47/><V8/><F107/><W20/><G33/><T51/><D51/><U52/><E13/><N who="2" m="7463" /><F22/><W40/><G40/><T15/><D15/><U58/><E115/><AGARI ba="0,0" hai="25,26,49,53,56,99,101,104,113,114,115" m="32841" machi="115" ten="30,1000,0" yaku="11,1" doraHai="67" who="0" fromWho="1" sc="309,10,218,-10,191,0,282,0" owari="319,41.9,208,-19.2,191,-30.9,282,8.2" /></mjloggm>