<mjloggm ver="2.3"><GO type="225" lobby="0"/><UN n0="%E7%89%B9%E6%9D%B1%E3%81%AF%E4%B8%96%E7%95%8C%E3%82%92%E6%95%91%E3%81%86" n1="%E4%BF%BA%E3%81%A8%E5%A6%96%E5%A4%A2" n2="%E5%91%A8%E6%9D%B1" n3="%E6%81%A5%E6%99%92%E3%81%97" dan="16,17,17,16" rate="2131.33,2219.86,2190.09,2161.97" sx="M,F,M,M"/><TAIKYOKU oya="0"/><INIT seed="0,0,0,0,1,15" ten="250,250,250,250" oya="0" hai0="1,116,115,64,74,47,36,97,100,133,128,82,4" hai1="70,120,73,124,42,25,94,105,91,98,38,88,50" hai2="6,30,96,68,117,46,51,56,72,99,108,121,90" hai3="79,80,35,13,24,49,114,76,106,66,14,16,22"/><T29/><D115/><U60/><E120/><V85/><F68/><W26/><G114/><T54/><D116/><U129/><E73/><V27/><F121/><W8/><G106/><T28/><D128/><U5/><E5/><V101/><F117/><W58/><G35/><T112/><D112/><U10/><E38/><V0/><F72/><W83/><G83/><T9/><D64/><U122/><E122/><V55/><F108/><W19/><G80/><T37/><D133/><U3/><E10/><V57/><F6/><W32/><G32/><T86/><D74/><U135/><E3/><V43/><F0/><W12/><G49/><T48/><D37/><U111/><E105/><V103/><F103/><W18/><G58/><T119/><D36/><U93/><E129/><V23/><F101/><W63/><G63/><T40/><D40/><U39/><E39/><V89/><F89/><W126/><G126/><T125/><D125/><U78/><E78/><N who="3" m="29738" /><G66/><T34/><D34/><U62/><E70/><V41/><F57/><W69/><G69/><T45/><D45/><N who="1" m="25911" /><E124/><V84/><F43/><W53/><G53/><T33/><D33/><U75/><E75/><V134/><F134/><W118/><G118/><T127/><D127/><U95/><E135/><V7/><F41/><W130/><G130/><T92/><D119/><U31/><E111/><V71/><F71/><W11/><AGARI ba="0,0" hai="8,11,12,13,14,16,18,19,22,24,26" m="29738" machi="11" ten="30,8000,1" yaku="8,1,52,3,54,1" doraHai="15" who="3" fromWho="3" sc="250,-40,250,-20,250,-20,250,80" /><INIT seed="1,0,0,3,1,99" ten="210,230,230,330" oya="1" hai0="77,33,3,105,30,71,90,134,28,70,66,119,113" hai1="101,0,58,83,128,60,6,65,32,86,135,23,50" hai2="34,91,5,85,13,31,38,27,133,92,15,51,43" hai3="103,107,114,118,46,97,98,8,21,24,109,73,110"/><U17/><E32/><V106/><F106/><W40/><G114/><T18/><D113/><U131/><E135/><V130/><F133/><W100/><G73/><T44/><D119/><U87/><E87/><V56/><F130/><N who="1" m="49705" /><E50/><V42/><F38/><W80/><G118/><T132/><D33/><U52/><E6/><V59/><F5/><W84/><G8/><T55/><D132/><U37/><E0/><V81/><F15/><W76/><G46/><T48/><D3/><U49/><E37/><V36/><F36/><W112/><G40/><T129/><D129/><U88/><E101/><N who="3" m="38986" /><G107/><T75/><D75/><U69/><E17/><V1/><F1/><W2/><G112/><T96/><D44/><N who="1" m="27687" /><E23/><V127/><F43/><W62/><G62/><T122/><D134/><U57/><AGARI ba="0,0" hai="57,58,60,65,69,83,86,88" m="27687,49705" machi="57" ten="30,6000,0" yaku="19,1,54,2" doraHai="99" who="1" fromWho="1" sc="210,-20,230,60,230,-20,330,-20" /><INIT seed="1,1,0,1,4,104" ten="190,290,210,310" oya="1" hai0="90,128,3,81,87,17,64,127,19,76,4,73,11" hai1="62,71,69,84,70,9,67,46,110,77,44,126,112" hai2="101,98,59,41,111,124,121,108,54,16,26,13,6" hai3="99,134,28,12,14,79,53,31,95,102,22,109,49"/><U92/><E112/><V8/><F124/><W58/><G109/><T45/><D128/><U88/><E126/><V55/><F121/><W105/><G134/><T125/><D64/><U94/><E110/><N who="2" m="42027" /><F41/><W119/><G119/><T2/><D2/><U24/><E77/><V97/><F97/><W37/><G37/><T68/><D68/><U36/><E9/><N who="2" m="6191" /><F26/><W106/><G79/><T65/><D65/><U56/><E36/><V51/><F51/><W40/><G40/><T86/><D86/><U7/><E7/><V21/><F21/><W114/><G114/><T38/><D125/><U107/><E107/><N who="2" m="63927" /><F59/><W93/><G106/><T18/><D127/><U47/><REACH who="1" step="1"/><E24/><REACH who="1" ten="190,280,210,310" step="2"/><V15/><AGARI ba="1,1" hai="6,8,15,54,55" m="63927,6191,42027" machi="15" ten="30,2000,0" yaku="14,1,54,1" doraHai="104" who="2" fromWho="2" sc="190,-6,280,-11,210,33,310,-6" /><INIT seed="2,0,0,0,4,38" ten="184,269,243,304" oya="2" hai0="133,116,43,97,0,72,80,70,60,56,22,2,39" hai1="114,95,65,87,14,11,115,130,32,27,100,83,119" hai2="63,85,125,31,66,71,7,77,53,102,44,48,105" hai3="99,134,68,42,54,96,103,52,112,12,98,67,46"/><V23/><F125/><W57/><G134/><T109/><D70/><U69/><E119/><V92/><F7/><W10/><G112/><T6/><D133/><U47/><E130/><V9/><F9/><W26/><G26/><T128/><D116/><U86/><E65/><V110/><F110/><W113/><G113/><T20/><D128/><U58/><E69/><V79/><F105/><W25/><G25/><T28/><D109/><U132/><E58/><V62/><F31/><W135/><G135/><T21/><D28/><U93/><E132/><V129/><F129/><W127/><G127/><T111/><D111/><U15/><E27/><V50/><F23/><W3/><G68/><T30/><D30/><U40/><E11/><V131/><F131/><W55/><G3/><T126/><D126/><U17/><E17/><V16/><F16/><N who="3" m="8215" /><G103/><T4/><D97/><U49/><E32/><V19/><F19/><W64/><G57/><T108/><D108/><U45/><E100/><V37/><F37/><W13/><G13/><T74/><D0/><U123/><E49/><AGARI ba="0,0" hai="42,46,49,52,54,55,64,67,96,98,99" m="8215" machi="49" ten="30,7700,0" yaku="8,1,52,1,54,2" doraHai="38" who="3" fromWho="1" sc="184,0,269,-77,243,0,304,77" /><INIT seed="3,0,0,1,1,77" ten="184,192,243,381" oya="3" hai0="132,118,45,106,10,109,24,36,12,60,61,81,82" hai1="52,30,73,25,39,16,4,19,54,122,21,120,38" hai2="44,67,11,63,27,131,2,86,110,113,9,8,94" hai3="64,62,104,102,127,37,95,89,111,93,28,32,31"/><W68/><G37/><T98/><D118/><U72/><E4/><V83/><F131/><W100/><G89/><T48/><D36/><N who="1" m="13867" /><E30/><V91/><F110/><W57/><G102/><T29/><D109/><U84/><E25/><V80/><F113/><W74/><G31/><T135/><D106/><U17/><E84/><V41/><F2/><W69/><G57/><T97/><D97/><U114/><E21/><V49/><REACH who="2" step="1"/><F27/><REACH who="2" ten="184,192,233,381" step="2"/><W56/><G111/><T115/><D115/><U79/><E114/><V134/><F134/><N who="0" m="51242" /><D98/><U90/><E79/><V18/><F18/><W130/><G28/><T55/><D61/><U105/><E105/><V20/><F20/><W23/><G23/><N who="0" m="15519" /><D60/><U117/><E117/><V40/><F40/><W50/><G62/><T107/><D107/><U42/><E42/><V124/><F124/><W22/><G130/><T14/><D14/><U129/><E129/><V66/><F66/><W65/><G64/><T58/><D45/><U126/><E126/><V78/><F78/><W53/><G65/><T15/><D15/><U5/><E5/><AGARI ba="0,1" hai="5,10,12,48,55,58,81,82" m="15519,51242" machi="5" ten="30,3900,0" yaku="20,1,52,2" doraHai="77" who="0" fromWho="1" sc="184,49,192,-39,233,0,381,0" owari="233,3.3,153,-34.7,233,-16.7,381,48.1" /></mjloggm>