<mjloggm ver="2.3"><GO type="225" lobby="0"/><UN n0="%E4%B8%89%E5%86%A0%E7%8E%8B%E3%83%BB%E5%B1%B1%E7%94%B0%E5%93%B2%E4%BA%BA" n1="%E3%82%A2%E3%83%8A%E3%83%BC%E3%81%8D%E3%83%BC" n2="%E3%81%82%E3%81%B9%E3%81%99%E3%81%91" n3="%E3%81%82%E3%81%99%E3%81%AB%E3%82%83%E3%82%80" dan="16,16,16,16" rate="2083.09,2089.19,2110.81,2125.75" sx="M,M,M,F"/><TAIKYOKU oya="0"/><INIT seed="0,0,0,5,5,118" ten="250,250,250,250" oya="0" hai0="39,94,123,116,79,67,21,114,52,31,1,59,26" hai1="66,121,68,25,91,12,51,95,46,78,56,135,49" hai2="88,122,102,73,125,101,134,97,84,110,24,82,131" hai3="30,105,126,89,42,17,29,132,90,44,83,103,86"/><T22/><D116/><U60/><E135/><V81/><F24/><W100/><G132/><T98/><D114/><U72/><E121/><V28/><F28/><N who="3" m="10859" /><G105/><T18/><D1/><U13/><E25/><V15/><F15/><W35/><G35/><T32/><D39/><U111/><E111/><V130/><F134/><W20/><G126/><T106/><D106/><U40/><E68/><V63/><F63/><W0/><G0/><T9/><D67/><U71/><E71/><V11/><F11/><W87/><G44/><T2/><D79/><U75/><E51/><V92/><F122/><W55/><G55/><T14/><D123/><U113/><E113/><V127/><F110/><W119/><G42/><T104/><D104/><U16/><E78/><N who="2" m="44239" /><F102/><W76/><G76/><T36/><D36/><U65/><E66/><V7/><F7/><W58/><G58/><T19/><D19/><U128/><E128/><AGARI ba="0,0" hai="82,84,88,92,97,101,125,127,128,130,131" m="44239" machi="128" ten="30,7700,0" yaku="19,1,34,2,54,1" doraHai="118" who="2" fromWho="1" sc="250,0,250,-77,250,77,250,0" /><INIT seed="1,0,0,5,3,81" ten="250,173,327,250" oya="1" hai0="135,22,50,84,15,6,57,54,82,76,104,10,65" hai1="53,7,97,113,4,12,56,55,99,102,37,70,18" hai2="52,2,116,78,61,129,19,85,122,83,27,133,66" hai3="42,93,58,46,95,32,109,38,36,119,28,34,117"/><U115/><E37/><V3/><F116/><N who="3" m="44619" /><G36/><T48/><D135/><U79/><E70/><V47/><F122/><W125/><G109/><T29/><D104/><U20/><E79/><V112/><F133/><W49/><G125/><T100/><D100/><U75/><E75/><V45/><F129/><W16/><G28/><T40/><D65/><U41/><E41/><V88/><F78/><W9/><G38/><T25/><REACH who="0" step="1"/><D40/><REACH who="0" ten="240,173,327,250" step="2"/><U11/><E115/><V110/><F66/><W130/><G130/><T131/><D131/><U0/><E113/><V14/><F112/><W71/><G71/><T94/><D94/><U67/><E4/><V106/><F106/><W8/><G95/><T87/><D87/><U23/><E23/><V5/><F85/><W74/><G93/><T127/><D127/><U86/><E86/><V69/><F5/><W105/><G105/><T39/><D39/><U126/><E126/><V101/><F101/><W64/><G74/><T111/><D111/><U43/><E43/><V35/><F69/><W68/><G68/><T73/><D73/><U118/><E118/><V134/><F110/><W132/><G132/><T59/><D59/><U77/><E77/><V51/><F134/><W13/><G8/><T92/><D92/><N who="1" m="58663" /><E99/><V44/><F35/><W1/><G32/><T128/><D128/><U62/><E20/><V90/><F83/><W103/><G34/><T124/><D124/><U114/><E114/><V96/><F96/><W72/><G72/><T98/><D98/><U60/><E60/><AGARI ba="0,1" hai="6,10,15,22,25,29,48,50,54,57,60,76,82,84" machi="60" ten="30,8000,1" yaku="1,1,7,1,8,1,52,1,53,1" doraHai="81" doraHaiUra="26" who="0" fromWho="1" sc="240,90,173,-80,327,0,250,0" /><INIT seed="2,0,0,3,5,100" ten="330,93,327,250" oya="2" hai0="127,35,54,82,69,96,104,25,49,43,110,17,117" hai1="108,19,58,67,26,4,106,70,8,83,80,130,20" hai2="134,73,30,76,113,120,44,12,33,45,66,132,79" hai3="3,50,119,116,94,74,89,55,51,63,71,9,85"/><V131/><F113/><W77/><G74/><T31/><D110/><U114/><E108/><V10/><F120/><W128/><G128/><T115/><D115/><U57/><E114/><V62/><F131/><W105/><G77/><N who="2" m="29769" /><F30/><W0/><G105/><T93/><D127/><U16/><E130/><V122/><F33/><W15/><G50/><T28/><D43/><U112/><E112/><V37/><F37/><W5/><G0/><T32/><D82/><U59/><E19/><N who="2" m="8599" /><F73/><W87/><G3/><T129/><D129/><U99/><E70/><V118/><F118/><W34/><G34/><T29/><D69/><U56/><N who="1" m="14336" /><DORA hai="75" /><U14/><REACH who="1" step="1"/><E67/><REACH who="1" ten="330,83,327,250" step="2"/><V84/><F66/><W121/><G71/><T135/><D17/><U65/><E65/><V81/><F122/><W1/><G121/><T68/><D68/><U95/><E95/><V53/><F62/><W107/><G63/><T91/><D29/><U21/><E21/><V40/><F134/><W61/><G61/><T101/><D135/><U98/><E98/><V36/><F132/><W48/><G116/><T41/><D117/><U125/><E125/><V52/><F36/><W22/><G22/><T78/><D31/><U13/><E13/><V6/><F6/><W42/><G15/><T23/><D35/><U27/><E27/><V123/><F123/><W103/><G119/><T111/><D111/><U38/><E38/><V124/><F124/><W86/><G5/><T47/><D32/><U97/><E97/><V88/><F40/><W7/><G42/><T126/><D41/><U90/><E90/><V109/><F109/><RYUUKYOKU ba="0,1" sc="330,-15,83,15,327,15,250,-15" hai1="4,8,14,16,20,26,80,83,99,106" hai2="44,45,52,53,81,84,88" /><INIT seed="2,1,1,4,2,45" ten="315,98,342,235" oya="2" hai0="58,124,36,47,48,126,40,100,71,122,9,81,133" hai1="10,129,118,39,34,120,75,17,107,127,99,52,50" hai2="101,67,26,116,35,24,38,28,97,103,114,82,4" hai3="135,94,46,60,110,1,69,93,21,41,130,49,5"/><V20/><F114/><W123/><G110/><T30/><D122/><U115/><RYUUKYOKU type="yao9" ba="1,1" sc="315,0,98,0,342,0,235,0" hai1="10,17,34,39,50,52,75,99,107,115,118,120,127,129" /><INIT seed="2,2,1,1,1,114" ten="315,98,342,235" oya="2" hai0="65,84,23,121,63,95,88,55,127,2,110,26,129" hai1="12,81,60,74,115,8,4,61,15,76,107,86,91" hai2="82,17,111,83,87,106,80,133,112,67,51,131,105" hai3="1,21,6,93,36,123,20,52,132,9,96,30,66"/><V24/><F112/><W48/><G123/><T64/><D121/><U101/><E115/><V50/><F67/><W78/><G36/><T135/><D2/><U102/><E15/><V103/><F131/><W77/><G66/><T32/><D32/><U108/><E108/><V31/><F87/><W40/><G40/><T58/><D110/><U119/><E119/><V125/><F111/><W99/><G99/><N who="0" m="57831" /><D129/><U62/><REACH who="1" step="1"/><E107/><REACH who="1" ten="315,88,342,235" step="2"/><V128/><F106/><W43/><G132/><T79/><D135/><U33/><E33/><V134/><F105/><W22/><G21/><T10/><D10/><U116/><E116/><V124/><F134/><W39/><G22/><T113/><D113/><U90/><E90/><V29/><F133/><W7/><G20/><T100/><D23/><U34/><E34/><V73/><F31/><W70/><G30/><T104/><D104/><U18/><E18/><V130/><F17/><W16/><G16/><T35/><D35/><U89/><E89/><V0/><F29/><W72/><G7/><T85/><D26/><U118/><E118/><V46/><F24/><W28/><G28/><T98/><D79/><U75/><E75/><V5/><F73/><W25/><G72/><T49/><D127/><U45/><E45/><V11/><F46/><N who="3" m="23935" /><G25/><T37/><D37/><U122/><E122/><V42/><F125/><W27/><G27/><T94/><D65/><U53/><E53/><V3/><F124/><W13/><G13/><T69/><D64/><U47/><E47/><V59/><F42/><W54/><G54/><T19/><D19/><U117/><E117/><RYUUKYOKU ba="2,2" sc="315,15,88,15,342,-15,235,-15" hai0="49,55,58,63,69,84,85,94,98,100" hai1="4,8,12,60,61,62,74,76,81,86,91,101,102" /><INIT seed="3,3,2,4,4,30" ten="330,103,327,220" oya="3" hai0="69,31,25,114,15,116,62,13,110,58,80,129,45" hai1="120,39,132,135,63,108,67,56,101,51,103,18,109" hai2="89,96,33,99,91,133,7,4,8,37,68,75,125" hai3="102,9,12,34,35,53,36,71,24,22,118,59,81"/><W112/><G71/><T44/><D69/><U130/><E18/><V127/><F37/><W26/><G118/><T28/><D116/><U86/><E86/><V40/><F40/><W70/><G36/><T10/><D110/><N who="1" m="42603" /><E103/><V93/><F33/><W65/><G112/><T124/><D124/><N who="2" m="47690" /><F133/><N who="1" m="51273" /><E101/><V78/><F68/><W119/><G70/><T84/><D129/><U23/><E23/><V54/><F54/><W126/><G65/><N who="0" m="39127" /><D114/><U123/><E39/><V29/><F29/><N who="0" m="11338" /><D25/><U20/><E20/><V107/><F8/><W52/><G26/><T87/><D87/><U41/><E130/><V73/><F107/><W66/><G102/><T115/><D115/><U100/><E100/><V122/><F122/><W19/><G12/><N who="0" m="4683" /><D10/><U21/><E21/><V16/><F16/><W55/><G22/><T60/><D60/><U17/><E17/><V128/><F128/><W83/><G81/><T49/><D49/><U117/><E117/><V105/><F105/><W3/><G119/><T94/><D94/><U1/><E1/><V42/><F75/><W85/><G85/><T11/><D11/><U2/><E2/><V57/><F73/><W38/><G19/><T98/><D98/><U76/><E76/><AGARI ba="3,2" hai="44,45,76,80,84" m="4683,11338,39127" machi="76" ten="30,1000,0" yaku="8,1" doraHai="30" who="0" fromWho="1" sc="330,39,103,-19,327,0,220,0" owari="369,46.9,84,-41.6,327,12.7,220,-18.0" /></mjloggm>