<mjloggm ver="2.3"><GO type="225" lobby="0"/><UN n0="%6D%75%75%73%61%6E%6D%75" n1="%E3%80%93%E3%81%97%E3%83%BC%E3%82%89%E3%80%93" n2="%E6%98%93%E5%88%A9%E8%96%A9%E4%BC%AF" n3="%E5%B8%86%E7%AB%8B%E5%A4%8F%E8%A1%A3" dan="17,17,16,17" rate="2177.38,2142.94,2084.62,2203.67" sx="F,M,F,M"/><TAIKYOKU oya="0"/><INIT seed="0,0,0,4,2,96" ten="250,250,250,250" oya="0" hai0="28,124,93,118,26,56,70,18,105,16,22,66,42" hai1="37,61,125,44,90,27,41,34,7,55,121,100,120" hai2="24,0,47,45,110,58,2,80,74,71,95,114,65" hai3="87,15,4,94,5,39,8,88,60,3,13,72,99"/><T131/><D105/><U21/><E34/><V64/><F71/><W63/><G72/><T81/><D118/><U35/><E35/><V25/><F114/><W19/><G39/><T101/><D70/><U33/><E33/><V68/><F68/><W122/><G122/><T23/><D124/><U10/><E125/><V78/><F110/><W84/><G3/><T79/><D131/><U36/><E36/><V130/><F130/><W91/><G99/><N who="0" m="59631" /><D42/><U115/><E115/><V76/><F95/><N who="3" m="54663" /><G4/><T119/><D119/><U117/><E117/><V54/><F58/><W53/><G53/><T89/><D89/><U128/><E90/><V57/><F57/><W98/><G87/><N who="0" m="48575" /><D23/><AGARI ba="0,0" hai="5,8,13,15,19,23,60,63,91,94,98" m="54663" machi="23" ten="30,2000,0" yaku="8,1,54,1" doraHai="96" who="3" fromWho="0" sc="250,-20,250,0,250,0,250,20" /><INIT seed="1,0,0,4,2,58" ten="230,250,250,270" oya="1" hai0="87,133,71,130,74,26,108,112,10,81,34,123,19" hai1="88,51,66,50,129,3,62,25,4,65,132,120,44" hai2="84,86,100,32,90,18,67,125,79,85,2,61,15" hai3="134,54,70,17,113,11,53,128,55,111,98,82,57"/><U36/><E120/><V80/><F2/><W63/><G113/><T101/><D112/><U124/><E124/><V52/><F32/><W47/><G111/><T33/><D108/><U135/><E129/><V60/><F125/><W119/><G128/><T107/><D130/><U96/><E65/><V16/><F100/><W122/><G134/><N who="1" m="51242" /><E25/><V69/><F15/><N who="3" m="7423" /><G70/><T97/><D133/><U109/><E109/><V13/><F13/><W40/><G122/><T92/><D123/><U103/><E4/><V76/><F76/><W20/><G119/><T1/><D71/><N who="1" m="42455" /><E3/><V7/><F7/><W131/><G131/><T77/><D1/><U115/><E115/><V46/><F86/><W99/><G20/><N who="0" m="13599" /><D10/><U110/><E110/><V127/><F127/><W9/><G9/><T48/><D48/><U43/><E88/><AGARI ba="0,0" hai="33,34,74,77,81,87,88,92,97,101,107" m="13599" machi="88" ten="30,2000,0" yaku="24,1,54,1" doraHai="58" who="0" fromWho="1" sc="230,20,250,-20,250,0,270,0" /><INIT seed="2,0,0,4,3,118" ten="250,230,250,270" oya="2" hai0="44,11,132,27,52,100,94,59,36,77,53,26,33" hai1="12,78,16,73,103,8,19,63,40,93,49,72,48" hai2="120,113,57,91,10,61,4,17,80,20,56,135,3" hai3="28,134,92,122,95,60,99,25,98,42,0,18,114"/><V82/><F113/><W1/><G114/><T102/><D132/><U128/><E128/><V79/><F135/><W83/><G134/><T105/><D105/><U69/><E19/><V123/><F91/><W6/><G42/><T96/><D33/><U111/><E111/><V58/><F61/><W81/><G18/><T45/><D36/><U106/><E106/><V109/><F109/><W5/><G60/><N who="0" m="35943" /><D77/><U46/><E49/><V126/><F126/><W41/><G41/><T39/><D39/><U133/><E133/><V127/><F127/><W67/><G67/><T129/><D129/><U70/><E63/><V68/><F68/><W90/><G25/><N who="0" m="9227" /><D11/><U88/><E103/><N who="0" m="39465" /><D53/><U37/><E37/><V84/><REACH who="2" step="1"/><F82/><REACH who="2" ten="250,230,240,270" step="2"/><W65/><G83/><T50/><D50/><U35/><E35/><V7/><F7/><W86/><G81/><T76/><D76/><U75/><REACH who="1" step="1"/><E78/><REACH who="1" ten="250,220,240,270" step="2"/><V108/><F108/><W43/><G6/><T62/><D62/><U66/><E66/><V104/><F104/><W112/><G5/><T125/><D125/><U124/><E124/><V130/><F130/><W131/><G131/><T30/><D30/><U34/><E34/><V32/><F32/><W87/><G28/><T22/><D94/><U9/><E9/><V64/><F64/><W2/><G65/><T21/><D21/><U121/><E121/><V101/><F101/><N who="3" m="60615" /><G122/><T97/><D22/><U107/><E107/><V119/><F119/><W51/><G112/><T54/><D54/><U23/><E23/><V13/><AGARI ba="0,2" hai="3,4,10,13,17,20,56,57,58,79,80,84,120,123" machi="13" ten="30,12000,1" yaku="1,1,0,1,52,2,53,1" doraHai="118" doraHaiUra="74" who="2" fromWho="2" sc="250,-40,220,-40,240,140,270,-40" /><INIT seed="2,1,0,2,1,6" ten="210,180,380,230" oya="2" hai0="77,44,65,28,61,131,52,89,122,27,59,46,106" hai1="120,79,57,3,23,105,115,81,134,25,102,116,55" hai2="38,109,60,127,17,64,22,14,80,63,62,76,50" hai3="121,84,85,0,70,114,69,1,67,10,103,58,42"/><V32/><F38/><W8/><G121/><T110/><D122/><U101/><E120/><V132/><F132/><W73/><G73/><T112/><D112/><U111/><E3/><V129/><F129/><W113/><G103/><T2/><D106/><U78/><E115/><V104/><F104/><W123/><G58/><T5/><D131/><U34/><E34/><V47/><F127/><W26/><G26/><T56/><D110/><U35/><E35/><V82/><F32/><W100/><G100/><N who="1" m="38506" /><E105/><V13/><F109/><W97/><G123/><T36/><D36/><U29/><E111/><V18/><F64/><W75/><G67/><T51/><D77/><N who="1" m="29195" /><E116/><V94/><F94/><W107/><G107/><T9/><D89/><U99/><E134/><V7/><F7/><W68/><G68/><T74/><D74/><U87/><E99/><V92/><F92/><W4/><G4/><T24/><D24/><U128/><E128/><V45/><F76/><W21/><G75/><T54/><D65/><U19/><E29/><V98/><F98/><W93/><G97/><T39/><D39/><U37/><E37/><V15/><F50/><W91/><G93/><T40/><D40/><U30/><E30/><V118/><F118/><W126/><G42/><T90/><D90/><N who="1" m="51567" /><E55/><V108/><F108/><W48/><G91/><T96/><D96/><U43/><E43/><V130/><F130/><W135/><G135/><T41/><D41/><U11/><E57/><V125/><F125/><W16/><G126/><T72/><D72/><U20/><E25/><V86/><F86/><W117/><G117/><RYUUKYOKU ba="1,0" sc="210,15,180,15,380,-15,230,-15" hai0="2,5,9,27,28,44,46,51,52,54,56,59,61" hai1="11,19,20,23" /><INIT seed="3,2,0,0,5,107" ten="225,195,365,215" oya="3" hai0="126,5,8,55,30,76,77,50,75,1,80,22,20" hai1="116,112,90,110,111,56,117,0,53,15,79,45,133" hai2="109,18,118,24,43,108,103,81,33,51,99,74,12" hai3="94,120,114,97,23,65,58,61,96,100,36,101,89"/><W34/><G34/><T13/><D126/><U82/><E0/><V121/><F118/><N who="1" m="45673" /><E112/><V6/><F6/><W123/><G36/><T98/><D76/><U62/><E133/><V128/><F128/><W125/><G114/><T85/><D30/><U47/><E90/><V130/><F121/><W71/><G125/><T41/><D41/><U87/><E15/><V35/><F74/><W113/><G113/><T129/><D129/><U28/><E28/><V73/><F73/><W78/><G78/><T27/><D1/><U88/><E79/><V84/><F51/><W131/><G131/><T93/><D27/><U11/><E11/><V10/><F43/><W2/><G2/><T31/><D31/><U134/><E134/><V124/><F124/><W21/><G89/><N who="0" m="55599" /><D75/><U46/><AGARI ba="2,0" hai="45,46,47,53,56,62,82,87,88,110,111" m="45673" machi="46" ten="40,2700,0" yaku="12,1,54,1" doraHai="107" who="1" fromWho="1" sc="225,-9,195,33,365,-9,215,-15" owari="216,-18.4,228,2.8,356,45.6,200,-30.0" /></mjloggm>