<mjloggm ver="2.3"><GO type="225" lobby="0"/><UN n0="%E7%AD%89%E3%80%85%E5%8A%9B%E5%8A%87%E5%A0%B4" n1="%E8%81%B7%E6%A5%AD%E3%80%81%E9%A2%A8%32" n2="%E3%81%86%E3%83%BC%E3%81%B1%E3%83%BC" n3="%73%6C%69%63%6B%33%31%39" dan="16,16,16,16" rate="2128.81,2139.85,2170.71,2158.03" sx="M,M,F,M"/><TAIKYOKU oya="0"/><INIT seed="0,0,0,0,3,0" ten="250,250,250,250" oya="0" hai0="23,81,68,77,97,1,108,95,52,74,19,103,116" hai1="59,56,93,11,127,92,6,104,46,83,16,31,15" hai2="49,12,65,43,41,5,75,18,94,17,91,107,22" hai3="25,111,121,113,123,82,38,32,28,8,66,134,73"/><T89/><D116/><U39/><E127/><V79/><F107/><W96/><G113/><T34/><D34/><U130/><E104/><V90/><F65/><W114/><G114/><T112/><D112/><U102/><E130/><V131/><F131/><W85/><G38/><T9/><D68/><U115/><E115/><V124/><F124/><W70/><G111/><T44/><D108/><U128/><E128/><V119/><F119/><W14/><G134/><T69/><D69/><U101/><E31/><V105/><F105/><W126/><G73/><T106/><D1/><U133/><E133/><V58/><F79/><W99/><G66/><T45/><D9/><U3/><E83/><V29/><F29/><W53/><G53/><T132/><D132/><U35/><E35/><V54/><F75/><W122/><G70/><T26/><REACH who="0" step="1"/><D52/><REACH who="0" ten="240,250,250,250" step="2"/><U72/><E11/><N who="2" m="4207" /><F41/><W4/><REACH who="3" step="1"/><G126/><REACH who="3" ten="240,250,250,240" step="2"/><T51/><D51/><U84/><E39/><V40/><F43/><W76/><AGARI ba="0,2" hai="4,8,14,25,28,32,76,82,85,96,99,121,122,123" machi="76" ten="30,8000,1" yaku="1,1,2,1,0,1,13,1,52,1,53,0" doraHai="0" doraHaiUra="109" who="3" fromWho="3" sc="240,-40,250,-20,250,-20,240,100" /><INIT seed="1,0,0,5,0,17" ten="200,230,230,340" oya="1" hai0="118,73,47,79,116,61,33,44,135,99,87,59,4" hai1="36,0,112,101,54,1,32,13,97,63,18,115,6" hai2="68,104,2,83,108,86,10,14,43,93,88,111,45" hai3="57,75,52,131,34,38,24,58,120,84,80,15,69"/><U74/><E74/><V9/><F104/><W56/><G120/><T48/><D33/><U65/><E36/><V124/><F68/><W132/><G69/><T121/><D73/><U37/><E37/><V130/><F130/><W96/><G75/><T5/><D135/><U11/><E32/><V42/><F124/><W114/><G114/><T41/><D121/><U51/><E1/><V109/><F45/><W62/><G38/><T46/><D99/><U71/><E51/><V3/><F83/><W53/><G131/><T60/><D60/><U12/><E54/><V64/><F64/><W28/><G132/><T21/><D118/><U40/><E40/><N who="2" m="15403" /><F9/><W89/><G53/><T125/><D116/><U66/><E66/><V134/><F134/><W85/><G96/><T126/><D46/><U129/><E129/><V92/><F93/><W122/><G122/><T94/><D47/><U102/><E0/><V31/><F31/><W117/><G117/><T39/><D39/><U106/><REACH who="1" step="1"/><E102/><REACH who="1" ten="200,220,230,340" step="2"/><V29/><F29/><W20/><G34/><T78/><D41/><U103/><E103/><V35/><F35/><W81/><G52/><T25/><D126/><U123/><E123/><V50/><F50/><W72/><G62/><T23/><D125/><U100/><E100/><V22/><F10/><AGARI ba="0,1" hai="6,10,11,12,13,18,63,65,71,97,101,106,112,115" machi="10" ten="30,2900,0" yaku="1,1,7,1,53,0" doraHai="17" doraHaiUra="107" who="1" fromWho="2" sc="200,0,220,39,230,-29,340,0" /><INIT seed="1,1,0,0,4,113" ten="200,259,201,340" oya="1" hai0="98,84,105,127,122,27,69,41,14,106,2,11,124" hai1="62,129,1,104,70,97,6,82,109,100,103,39,7" hai2="25,63,89,119,53,96,20,19,132,112,28,76,61" hai3="135,86,91,54,29,22,10,3,15,102,26,114,5"/><U60/><E129/><V55/><F112/><W101/><G114/><T12/><D69/><U95/><E39/><V117/><F76/><W58/><G3/><T38/><D2/><U123/><E123/><V36/><F36/><W79/><G79/><T8/><D38/><U32/><E32/><V88/><F132/><W16/><G29/><T49/><D49/><U56/><E109/><V116/><F28/><W99/><G99/><T126/><D41/><U94/><E70/><V33/><F33/><W71/><G71/><T85/><D98/><N who="1" m="59479" /><E1/><V111/><F111/><W18/><G18/><T46/><D46/><U107/><E107/><N who="0" m="40969" /><D27/><U125/><E104/><V90/><REACH who="2" step="1"/><F96/><REACH who="2" ten="200,259,191,340" step="2"/><W50/><G135/><T37/><D37/><U21/><E97/><V47/><F47/><W34/><G34/><T81/><D126/><U68/><E125/><V80/><F80/><AGARI ba="1,1" hai="5,10,15,16,22,26,50,54,58,80,86,91,101,102" machi="80" ten="30,3900,0" yaku="7,1,8,1,54,1" doraHai="113" who="3" fromWho="2" sc="200,0,259,0,191,-42,340,52" /><INIT seed="2,0,0,2,0,131" ten="200,259,149,392" oya="2" hai0="120,22,113,10,13,15,49,99,135,31,20,40,128" hai1="102,36,24,76,115,111,54,68,103,11,50,93,97" hai2="35,8,101,117,32,57,46,62,89,104,25,106,43" hai3="34,64,133,28,38,125,112,52,23,73,109,45,21"/><V58/><F117/><W33/><G73/><T95/><D128/><U84/><E111/><V19/><F101/><W114/><G133/><T41/><D120/><U88/><E36/><V17/><F89/><W66/><G109/><T60/><D113/><N who="3" m="43625" /><G125/><T18/><D135/><U4/><E68/><V16/><F8/><W90/><G90/><T98/><D60/><U79/><E115/><V132/><F132/><W30/><G52/><T56/><D56/><U78/><E24/><V37/><F58/><W12/><G12/><T2/><D2/><U67/><E67/><N who="3" m="25642" /><G45/><T7/><D49/><U77/><E77/><V123/><F123/><W44/><G44/><T61/><D61/><U6/><E11/><V71/><F71/><W29/><G38/><T83/><D83/><N who="1" m="49183" /><E103/><V82/><F82/><W55/><G55/><T127/><D127/><U63/><E63/><V72/><F72/><W0/><G0/><T70/><D70/><U116/><E116/><V119/><F119/><W126/><G126/><T124/><D124/><U48/><E48/><V74/><F74/><W69/><G69/><T108/><D108/><U121/><E121/><V5/><F5/><W51/><G51/><T105/><D7/><U3/><E3/><V96/><F25/><W100/><G100/><T94/><D15/><U75/><E75/><V53/><REACH who="2" step="1"/><F96/><REACH who="2" ten="200,259,139,392" step="2"/><W26/><G26/><N who="0" m="14615" /><D99/><U47/><AGARI ba="0,1" hai="4,6,47,50,54,76,78,79,93,97,102" m="49183" machi="47" ten="30,2000,0" yaku="8,1,54,1" doraHai="131" who="1" fromWho="1" sc="200,-5,259,30,139,-10,392,-5" /><INIT seed="3,0,0,4,0,45" ten="195,289,129,387" oya="3" hai0="38,101,76,35,115,4,47,64,100,29,85,118,103" hai1="96,50,32,91,126,75,9,23,108,6,105,27,72" hai2="36,132,134,68,60,16,98,112,119,55,18,1,82" hai3="102,69,80,8,62,104,71,111,42,61,15,52,127"/><W99/><G127/><T2/><D64/><U49/><E126/><V26/><F1/><W0/><G0/><T121/><D29/><U86/><E108/><V116/><F82/><W48/><G42/><T46/><D35/><U133/><E32/><V20/><F36/><W11/><G111/><T14/><D2/><U114/><E133/><V113/><F98/><W79/><G62/><T123/><D38/><U44/><E44/><V31/><F68/><W54/><G52/><T58/><D47/><U87/><E75/><V120/><F60/><W41/><G61/><T12/><D58/><U21/><E72/><V107/><F107/><W125/><G41/><T66/><D66/><U109/><E109/><V129/><F55/><W95/><G104/><T19/><D46/><U90/><E114/><N who="2" m="44139" /><F120/><W59/><G8/><T13/><D123/><U81/><E105/><V94/><F94/><W30/><G30/><T10/><D10/><U70/><E70/><V3/><F3/><W53/><G53/><T92/><D92/><U22/><E96/><V17/><F129/><W40/><G40/><T24/><D121/><U124/><E124/><V84/><F84/><W28/><G28/><T97/><D85/><U89/><E87/><V93/><F93/><W122/><G122/><T67/><D97/><U33/><E86/><V131/><F131/><W78/><G125/><T130/><D130/><U117/><E81/><V5/><F5/><N who="3" m="3567" /><G80/><T110/><D110/><U37/><E37/><V135/><AGARI ba="0,0" hai="16,17,18,20,26,31,116,119,132,134,135" m="44139" machi="135" ten="40,8000,1" yaku="20,1,34,2,54,1" doraHai="45" who="2" fromWho="2" sc="195,-20,289,-20,129,80,387,-40" owari="175,-32.5,269,6.9,209,-19.1,347,44.7" /></mjloggm>