<mjloggm ver="2.3"><GO type="225" lobby="0"/><UN n0="%E2%91%A3%E9%81%BF%E9%81%8A%E6%88%AF%E3%80%90%E6%9D%B1%E5%8D%97%E3%80%91" n1="%6D%75%75%6D%75%72%61" n2="%72%69%6F%75%63%68%61%6E" n3="%E8%90%BD%E6%97%A5" dan="16,16,16,19" rate="2050.84,2134.28,2198.33,2239.93" sx="M,F,M,F"/><TAIKYOKU oya="0"/><INIT seed="0,0,0,4,2,30" ten="250,250,250,250" oya="0" hai0="100,39,105,71,15,32,73,34,91,112,74,119,116" hai1="6,25,56,96,118,49,29,128,109,87,4,121,94" hai2="7,16,40,126,24,42,84,69,123,55,67,47,63" hai3="131,76,8,75,0,54,111,61,17,127,102,13,37"/><T99/><D15/><U107/><E118/><N who="0" m="45097" /><D91/><U97/><E121/><V11/><F126/><W113/><G102/><T80/><D112/><U43/><E109/><V86/><F123/><W114/><G111/><T44/><D71/><U129/><E107/><V26/><F55/><W33/><G127/><T35/><D80/><U125/><E87/><V45/><F45/><W64/><G76/><T2/><D2/><U82/><E82/><V36/><F40/><AGARI ba="0,0" hai="32,34,35,39,40,44,73,74,99,100,105" m="45097" machi="40" ten="40,12000,1" yaku="23,1,52,3" doraHai="30" who="0" fromWho="2" sc="250,120,250,0,250,-120,250,0" /><INIT seed="0,1,0,3,0,90" ten="370,250,130,250" oya="0" hai0="92,43,3,40,87,8,79,37,32,41,93,122,86" hai1="103,104,108,110,16,69,38,36,54,55,134,18,105" hai2="119,11,39,34,82,52,60,31,29,111,47,58,33" hai3="24,27,102,118,107,30,21,130,84,135,71,4,77"/><T80/><D122/><U98/><E69/><V44/><F111/><N who="1" m="42537" /><E105/><V28/><F119/><W66/><G118/><T106/><D32/><U121/><E121/><V62/><F11/><W94/><G130/><T19/><D106/><U85/><E85/><V132/><F132/><W49/><G135/><T46/><D87/><U64/><E64/><V50/><F82/><W6/><G107/><T113/><D113/><U74/><E74/><V73/><F73/><W96/><G49/><T10/><D10/><U72/><E72/><V127/><F127/><W88/><G77/><T17/><D17/><N who="1" m="6763" /><E134/><V13/><F13/><W100/><G27/><T0/><D0/><U97/><E97/><V1/><F1/><W125/><G125/><T22/><D8/><U35/><E35/><V48/><F39/><AGARI ba="1,0" hai="36,38,39,54,55,98,103,104" m="6763,42537" machi="39" ten="30,2000,0" yaku="14,1,54,1" doraHai="90" who="1" fromWho="2" sc="370,0,250,23,130,-23,250,0" /><INIT seed="1,0,0,5,5,8" ten="370,273,107,250" oya="1" hai0="27,18,108,12,62,49,98,129,52,61,69,127,128" hai1="112,97,71,53,30,58,25,47,13,126,3,110,124" hai2="99,55,22,16,84,113,107,65,80,101,23,5,2" hai3="35,20,41,103,60,134,31,7,89,135,34,116,37"/><U85/><E112/><V32/><F32/><W72/><G72/><T93/><D27/><U122/><E122/><V79/><F113/><W15/><G103/><T90/><D127/><U24/><E3/><V70/><F22/><W82/><G116/><T73/><D73/><U88/><E71/><V57/><F70/><W83/><G60/><T45/><D108/><U109/><E97/><V51/><F65/><W14/><G7/><T11/><REACH who="0" step="1"/><D69/><REACH who="0" ten="360,273,107,250" step="2"/><U64/><E124/><V40/><F40/><W87/><G41/><T0/><D0/><U9/><E126/><V21/><REACH who="2" step="1"/><F16/><REACH who="2" ten="360,273,97,250" step="2"/><W54/><G35/><T26/><D26/><U63/><E25/><V91/><F91/><W6/><G34/><T68/><D68/><U96/><E24/><V121/><F121/><W66/><G89/><T43/><D43/><U120/><E120/><V1/><F1/><W131/><G31/><T10/><D10/><AGARI ba="0,2" hai="2,5,10,21,23,51,55,57,79,80,84,99,101,107" machi="10" ten="40,1300,0" yaku="1,1,53,0" doraHai="8" doraHaiUra="56" who="2" fromWho="0" sc="360,-13,273,0,97,33,250,0" /><INIT seed="2,0,0,5,1,112" ten="347,273,130,250" oya="2" hai0="61,44,89,48,73,77,91,129,54,59,49,123,72" hai1="5,31,100,79,16,113,93,122,62,13,18,47,26" hai2="96,50,30,10,20,80,60,23,119,42,0,92,1" hai3="58,36,105,74,103,8,3,45,52,114,46,133,127"/><V95/><F80/><W101/><G127/><T90/><D123/><U17/><E113/><V104/><F104/><W22/><G114/><T2/><D129/><U63/><E122/><V33/><F119/><W66/><G133/><T110/><D2/><U19/><E5/><V97/><F33/><W131/><G131/><T39/><D110/><U28/><E79/><V83/><F83/><W29/><G74/><T126/><D126/><U32/><E47/><N who="2" m="25975" /><F0/><W121/><G121/><T34/><D34/><U116/><E31/><V118/><F118/><W134/><G134/><T124/><D124/><U21/><REACH who="1" step="1"/><E116/><REACH who="1" ten="347,263,130,250" step="2"/><V82/><F1/><W12/><G3/><T88/><D77/><U87/><E87/><V135/><F135/><W115/><G115/><T43/><D73/><U102/><E102/><N who="2" m="60679" /><F30/><W65/><G29/><T125/><D72/><U78/><E78/><V68/><F68/><W69/><G69/><T40/><D125/><U11/><E11/><V35/><F35/><W107/><G8/><T64/><D91/><U81/><E81/><V76/><F10/><W108/><G103/><T99/><D99/><AGARI ba="0,1" hai="13,16,17,18,19,21,26,28,32,62,63,93,99,100" machi="99" ten="40,12000,2" yaku="1,1,54,1,53,4" doraHai="112" doraHaiUra="14" who="1" fromWho="0" sc="347,-120,263,130,130,0,250,0" /><INIT seed="3,0,0,1,3,44" ten="227,393,130,250" oya="3" hai0="10,126,135,63,57,91,1,47,13,72,40,27,59" hai1="51,93,83,33,99,30,120,105,90,7,78,85,131" hai2="49,69,20,61,16,77,19,92,117,68,37,15,34" hai3="127,76,73,70,104,129,48,38,103,4,32,101,125"/><W60/><G38/><T109/><D109/><U35/><E120/><V5/><F117/><W36/><G36/><T79/><D126/><N who="3" m="48137" /><G32/><T118/><D135/><U80/><E131/><V82/><F37/><W115/><G115/><T41/><D118/><U106/><E7/><V46/><F34/><W6/><G129/><T17/><D1/><U121/><E121/><V75/><F5/><N who="3" m="2155" /><G104/><T42/><D72/><U94/><E105/><V108/><F108/><W65/><G48/><N who="0" m="26727" /><D79/><U52/><E106/><V26/><F92/><W31/><G31/><T21/><D91/><U130/><E30/><V2/><F2/><W132/><G132/><T24/><D59/><U9/><E130/><V100/><F100/><W119/><G119/><T56/><D57/><N who="1" m="32927" /><E35/><V81/><F81/><AGARI ba="0,0" hai="60,65,70,73,76,81,101,103" m="2155,48137" machi="81" ten="30,1500,0" yaku="18,1" doraHai="44" who="3" fromWho="2" sc="227,0,393,0,130,-15,250,15" /><INIT seed="3,1,0,2,1,45" ten="227,393,115,265" oya="3" hai0="127,83,15,74,100,25,80,67,30,123,126,31,98" hai1="99,82,77,13,68,117,16,114,41,55,85,124,59" hai2="81,109,58,26,34,97,65,104,44,135,70,94,79" hai3="10,28,134,52,8,71,17,46,90,5,38,95,18"/><W118/><G118/><T3/><D123/><U128/><E114/><V92/><F109/><W131/><G71/><T29/><D3/><U129/><E68/><V62/><F135/><W14/><G134/><T21/><D15/><U110/><E110/><V47/><F58/><W50/><G131/><T0/><D0/><U120/><E120/><V1/><F1/><W27/><G38/><T48/><D74/><U24/><E124/><V9/><F9/><W43/><G43/><T125/><D67/><U103/><E41/><V105/><F44/><W86/><G10/><T2/><D2/><U40/><E24/><V72/><F105/><W11/><G8/><T37/><D37/><U119/><E40/><V49/><F47/><W66/><G66/><T101/><D48/><N who="1" m="31207" /><E13/><V32/><F32/><AGARI ba="1,0" hai="5,11,14,17,18,27,28,32,46,50,52,86,90,95" machi="32" ten="30,5800,0" yaku="7,1,52,1,54,1" doraHai="45" who="3" fromWho="2" sc="227,0,393,0,115,-61,265,61" /><INIT seed="3,2,0,0,4,99" ten="227,393,54,326" oya="3" hai0="44,103,115,65,95,91,46,129,84,3,66,132,49" hai1="98,58,19,59,93,13,127,97,108,4,114,131,21" hai2="37,29,107,67,10,89,38,1,94,123,42,64,69" hai3="122,35,17,85,0,45,112,125,76,14,135,77,117"/><W6/><G112/><T118/><D115/><U78/><E114/><V51/><F107/><W104/><G117/><T120/><D118/><U18/><E108/><V134/><F134/><W31/><G122/><T28/><D132/><U26/><E131/><V22/><F123/><W15/><G135/><T48/><D129/><U62/><E127/><V25/><F69/><W124/><G104/><T110/><D3/><U20/><E78/><V41/><F37/><W40/><G35/><T12/><D120/><U7/><E97/><V43/><F38/><W50/><G31/><T79/><D28/><U33/><E33/><V61/><F1/><W53/><G53/><T111/><D79/><U75/><E75/><V30/><F30/><W56/><G56/><N who="1" m="21546" /><E62/><V9/><F51/><W82/><G77/><T55/><D110/><U105/><E105/><V81/><F81/><W57/><G57/><T11/><D111/><U36/><E36/><V128/><F128/><W23/><REACH who="3" step="1"/><G0/><REACH who="3" ten="227,393,54,316" step="2"/><T70/><D70/><U119/><E119/><V126/><F126/><W34/><G34/><T87/><D87/><U5/><E5/><V130/><F130/><W102/><G102/><AGARI ba="2,1" hai="4,7,13,18,19,20,21,26,93,98,102" m="21546" machi="102" ten="30,2000,0" yaku="8,1,52,1" doraHai="99" who="1" fromWho="3" sc="227,0,393,36,54,0,316,-26" owari="227,-17.3,429,52.9,54,-44.6,290,9.0" /></mjloggm>