<mjloggm ver="2.3"><GO type="225" lobby="0"/><UN n0="%E3%81%8B%E3%82%8F%E3%81%A1%E3%82%83%E3%82%93%35%38" n1="%E3%81%86%E3%82%8B%E3%81%8A%E3%81%A1%E3%82%83" n2="%6B%65%6E%6E%64%69" n3="%48%61%61%61%6C%61%6E%64" dan="16,16,16,18" rate="2140.91,2058.47,2173.81,2228.57" sx="M,F,M,M"/><TAIKYOKU oya="0"/><INIT seed="0,0,0,1,3,88" ten="250,250,250,250" oya="0" hai0="29,27,50,23,109,43,96,51,126,93,90,6,39" hai1="28,30,117,5,49,33,3,87,71,18,52,60,20" hai2="135,64,65,95,105,58,132,7,10,115,44,63,91" hai3="12,77,102,37,47,111,24,107,133,101,53,17,98"/><T31/><D126/><U13/><E117/><V80/><F115/><W92/><G111/><T15/><D109/><U38/><E38/><V120/><F120/><W83/><G133/><N who="2" m="51273" /><F105/><W122/><G122/><T40/><D31/><U34/><E34/><V134/><N who="2" m="51281" /><V62/><DORA hai="75" /><F44/><W127/><G24/><T70/><D70/><U106/><E106/><V16/><F80/><W113/><G127/><T94/><D39/><U2/><E2/><N who="2" m="375" /><F16/><W123/><G113/><T76/><D76/><U69/><E18/><V125/><F125/><W22/><G123/><T84/><D15/><U104/><E13/><V8/><F8/><W56/><G47/><T108/><D6/><U68/><E5/><V97/><F63/><W61/><G37/><T42/><REACH who="0" step="1"/><D108/><REACH who="0" ten="240,250,250,250" step="2"/><U26/><E30/><V103/><F91/><AGARI ba="0,1" hai="23,27,29,40,42,43,50,51,84,90,91,93,94,96" machi="91" ten="40,18000,2" yaku="1,1,2,1,8,1,52,2,53,2" doraHai="88,75" doraHaiUra="110,46" who="0" fromWho="2" sc="240,190,250,0,250,-180,250,0" /><INIT seed="0,1,0,1,3,103" ten="430,250,70,250" oya="0" hai0="120,111,102,22,30,51,40,78,39,25,71,57,135" hai1="2,52,6,85,54,117,69,45,47,109,11,126,68" hai2="38,112,133,130,119,36,80,9,1,70,35,92,17" hai3="5,60,26,82,74,29,131,129,88,7,115,61,34"/><T10/><D120/><U83/><E117/><V72/><RYUUKYOKU type="yao9" ba="1,0" sc="430,0,250,0,70,0,250,0" hai2="1,9,17,35,36,38,70,72,80,92,112,119,130,133" /><INIT seed="0,2,0,4,3,111" ten="430,250,70,250" oya="0" hai0="24,118,77,92,6,124,78,2,45,9,127,79,131" hai1="81,28,68,89,62,96,7,54,40,67,107,135,98" hai2="129,23,88,100,60,33,93,36,29,52,103,53,64" hai3="34,126,56,95,39,134,50,27,133,115,123,44,90"/><T0/><D118/><U114/><E135/><N who="3" m="51722" /><G123/><T11/><D131/><U49/><E28/><V22/><F36/><W74/><G74/><T87/><D24/><U75/><E7/><V120/><F120/><W13/><G126/><N who="0" m="48171" /><D45/><U63/><E40/><V128/><F33/><W71/><G71/><T19/><D19/><U26/><E26/><V61/><F93/><W8/><G39/><T104/><D104/><U94/><E63/><V3/><F29/><W121/><G121/><T1/><D6/><U55/><E114/><V110/><F3/><W85/><G115/><T80/><D92/><U101/><REACH who="1" step="1"/><E49/><REACH who="1" ten="430,240,70,250" step="2"/><V84/><F110/><W82/><G27/><T132/><D132/><U113/><E113/><V59/><F64/><W47/><G34/><T31/><D31/><U10/><E10/><AGARI ba="2,1" hai="0,1,2,9,10,11,77,78,79,80,87" m="48171" machi="10" ten="40,2000,0" yaku="18,1" doraHai="111" who="0" fromWho="1" sc="430,36,240,-26,70,0,250,0" /><INIT seed="0,3,0,1,2,48" ten="466,214,70,250" oya="0" hai0="82,37,59,77,132,129,69,88,15,40,32,65,111" hai1="16,24,96,78,1,114,130,80,53,39,101,72,66" hai2="131,6,45,54,109,5,118,13,105,133,51,83,25" hai3="107,9,100,97,87,28,2,90,121,94,73,20,85"/><T60/><D129/><U110/><E1/><V14/><F109/><W108/><G108/><T41/><D111/><U38/><E110/><V31/><F133/><W8/><G121/><T34/><D132/><U68/><E66/><V44/><F131/><W91/><G73/><T123/><D41/><U134/><E68/><V117/><F105/><W29/><G20/><T56/><D56/><U128/><E134/><V55/><F83/><W36/><G36/><T57/><D57/><U0/><E0/><V23/><F14/><W76/><G76/><T84/><D123/><U58/><E39/><V125/><F125/><W17/><G17/><T99/><D15/><U95/><E38/><V127/><F127/><W19/><G19/><T35/><D69/><U75/><E75/><V106/><F106/><W63/><G63/><T135/><D135/><U104/><E104/><V116/><F13/><W46/><G46/><N who="2" m="18025" /><F51/><W62/><G62/><T47/><REACH who="0" step="1"/><D99/><REACH who="0" ten="456,214,70,250" step="2"/><U112/><E128/><V113/><F113/><W33/><G2/><T120/><D120/><U71/><E130/><V27/><F25/><W126/><G126/><T122/><D122/><U42/><E42/><V61/><F61/><W4/><G97/><T119/><D119/><U18/><E71/><V93/><F5/><W11/><G4/><T12/><D12/><U26/><E24/><V22/><F6/><W115/><G8/><T89/><AGARI ba="3,1" hai="32,34,35,37,40,47,59,60,65,77,82,84,88,89" machi="89" ten="40,12000,1" yaku="1,1,0,1,54,1,53,1" doraHai="48" doraHaiUra="79" who="0" fromWho="0" sc="456,139,214,-43,70,-43,250,-43" /><INIT seed="0,4,0,5,5,40" ten="595,171,27,207" oya="0" hai0="91,83,125,48,14,96,92,67,90,76,18,34,47" hai1="94,58,116,17,99,19,80,81,95,77,85,7,112" hai2="74,78,27,0,97,43,88,119,131,55,53,103,111" hai3="68,1,89,52,13,29,101,32,133,26,65,4,37"/><T10/><D125/><U20/><E116/><V24/><F0/><W22/><G133/><T105/><D34/><U121/><E121/><V35/><F119/><W11/><G37/><T115/><D105/><U44/><E112/><V70/><F70/><W98/><G89/><T107/><D107/><U79/><E7/><V45/><F111/><W46/><G65/><T87/><D115/><U106/><E106/><V66/><F131/><W31/><G68/><T21/><D67/><U36/><E94/><V57/><F66/><W30/><G1/><T60/><D60/><U3/><E58/><V42/><F74/><W51/><REACH who="3" step="1"/><G32/><REACH who="3" ten="595,171,27,197" step="2"/><T16/><D91/><U117/><E3/><V2/><F35/><W75/><G75/><T120/><D120/><U50/><E36/><V122/><F2/><W25/><G25/><N who="2" m="9801" /><F122/><W73/><G73/><T82/><D82/><U124/><E81/><V23/><F78/><W54/><G54/><T41/><D21/><U59/><E77/><V130/><F23/><W84/><G84/><T69/><D69/><U114/><E20/><V61/><F130/><W118/><G118/><T86/><D86/><U135/><E85/><V6/><F88/><W132/><G132/><T102/><D90/><U9/><E79/><V104/><F55/><W8/><G8/><T72/><D72/><U15/><E9/><V38/><F43/><W71/><G71/><T109/><D109/><U129/><E135/><V123/><F123/><W100/><G100/><T62/><D62/><U134/><E117/><V63/><F61/><W93/><AGARI ba="4,1" hai="4,11,13,22,26,29,30,31,46,51,52,93,98,101" machi="93" ten="20,12000,2" yaku="1,1,0,1,7,1,8,1,52,1,54,1,53,1" doraHai="40" doraHaiUra="49" who="3" fromWho="3" sc="595,-64,171,-34,27,-34,197,142" owari="531,63.1,137,-26.3,-7,-50.7,339,13.9" /></mjloggm>