<mjloggm ver="2.3"><GO type="225" lobby="0"/><UN n0="%53%61%63%68%69%30%34" n1="%E5%B8%86%E7%AB%8B%E5%A4%8F%E8%A1%A3" n2="%E3%81%8B%E3%82%8F%E3%81%A1%E3%82%83%E3%82%93%35%38" n3="%6D%75%75%6D%75%72%61" dan="16,16,16,16" rate="2072.46,2061.39,2159.80,2158.91" sx="M,M,M,F"/><TAIKYOKU oya="0"/><INIT seed="0,0,0,0,0,21" ten="250,250,250,250" oya="0" hai0="32,134,80,78,98,74,20,41,49,113,85,26,64" hai1="55,120,82,58,24,106,97,118,79,114,42,131,10" hai2="48,124,46,99,129,115,71,109,43,125,62,40,25" hai3="17,89,77,13,121,110,52,19,76,6,128,23,87"/><T3/><D113/><U111/><E118/><V39/><F115/><W116/><G116/><T117/><D117/><U69/><E114/><V112/><F112/><W130/><G110/><T44/><D134/><U100/><E120/><V101/><F109/><W8/><G121/><T51/><D3/><U28/><E111/><V88/><F129/><N who="3" m="49771" /><G52/><T53/><D32/><U102/><E102/><V70/><F43/><W92/><G17/><T7/><D64/><U122/><E69/><V0/><F0/><AGARI ba="0,0" hai="0,6,8,13,19,23,76,77,87,89,92" m="49771" machi="0" ten="30,1000,0" yaku="19,1" doraHai="21" who="3" fromWho="2" sc="250,0,250,0,250,-10,250,10" /><INIT seed="1,0,0,2,5,49" ten="250,250,240,260" oya="1" hai0="129,29,66,98,101,120,123,95,36,39,127,90,83" hai1="81,6,119,3,79,1,106,32,76,58,69,50,94" hai2="88,86,99,61,132,47,80,102,59,134,114,74,116" hai3="65,130,46,64,105,24,82,77,7,23,44,16,63"/><U15/><E119/><V71/><F71/><W118/><G130/><T113/><D113/><U60/><E106/><V56/><F116/><W115/><G118/><T93/><D129/><U121/><E32/><V72/><F114/><W73/><G115/><T53/><D127/><U78/><E121/><N who="0" m="46665" /><D66/><U11/><E69/><V17/><F47/><W20/><G105/><T9/><D83/><U125/><E125/><V117/><F17/><W38/><G7/><T27/><D9/><U109/><E109/><V41/><F41/><W67/><G38/><T8/><D8/><U89/><E81/><V107/><F56/><W97/><G97/><N who="0" m="59567" /><D53/><U21/><E21/><AGARI ba="0,0" hai="21,27,29,36,39,90,95,98" m="59567,46665" machi="21" ten="30,1000,0" yaku="13,1" doraHai="49" who="0" fromWho="1" sc="250,10,250,-10,240,0,260,0" /><INIT seed="2,0,0,5,5,24" ten="260,240,240,260" oya="2" hai0="8,48,60,19,74,25,70,108,125,83,102,64,42" hai1="46,53,104,98,121,81,75,80,28,20,99,115,58" hai2="0,38,71,69,73,96,44,82,23,62,113,89,1" hai3="114,29,95,10,54,77,92,33,31,7,122,91,18"/><V3/><F113/><W22/><G122/><T68/><D108/><U63/><E115/><V40/><F23/><W50/><G33/><T116/><D125/><U14/><E121/><V16/><F16/><W78/><G114/><T35/><D70/><U37/><E104/><V131/><F131/><W43/><G43/><T86/><D74/><U130/><E130/><V27/><F27/><N who="3" m="14807" /><G10/><T26/><D102/><U76/><E80/><V11/><F62/><W45/><G7/><T97/><D97/><U135/><E135/><V67/><F67/><W111/><G111/><T88/><D116/><U2/><E2/><N who="2" m="1131" /><F89/><W59/><G59/><N who="0" m="36895" /><D35/><U120/><E120/><V30/><F30/><N who="3" m="11275" /><G95/><T100/><D68/><U41/><REACH who="1" step="1"/><E14/><REACH who="1" ten="260,230,240,260" step="2"/><V119/><F119/><W12/><G12/><T134/><D83/><U57/><E57/><V13/><F13/><W34/><G34/><T32/><D32/><U55/><E55/><V84/><F3/><W117/><G117/><T93/><D93/><U109/><E109/><V15/><F71/><W21/><G21/><T106/><D106/><U66/><E66/><V51/><F69/><W39/><G39/><T132/><D132/><U85/><E85/><AGARI ba="0,1" hai="45,50,54,77,78,85,91,92" m="11275,14807" machi="85" ten="30,7700,0" yaku="8,1,52,3" doraHai="24" who="3" fromWho="1" sc="260,0,230,-77,240,0,260,87" /><INIT seed="3,0,0,5,4,73" ten="260,153,240,347" oya="3" hai0="103,119,30,18,99,123,7,33,95,105,130,10,35" hai1="40,108,107,59,94,98,84,128,39,134,111,90,12" hai2="102,49,75,65,126,0,135,8,69,71,44,87,122" hai3="132,72,83,68,5,34,58,70,112,4,55,46,3"/><W17/><G112/><T106/><D123/><U21/><E40/><V116/><F116/><W120/><G34/><T133/><D119/><U32/><E39/><V42/><F75/><W15/><G46/><T100/><D18/><U64/><E32/><V129/><F102/><W38/><G132/><T9/><D133/><U19/><E134/><V124/><F135/><W48/><G83/><T22/><D130/><U13/><E128/><V81/><F129/><W97/><G97/><T11/><D7/><U45/><E45/><V36/><F36/><W57/><G57/><T53/><D103/><U60/><E107/><V91/><F122/><W127/><G58/><T26/><D35/><U113/><E113/><V78/><F91/><W47/><G127/><N who="2" m="48681" /><F65/><W93/><G72/><T62/><D33/><U115/><E115/><V82/><F82/><W29/><G93/><T92/><D106/><U74/><E74/><V2/><F2/><W66/><G3/><T61/><D105/><U52/><E64/><V104/><F104/><W16/><G66/><T89/><REACH who="0" step="1"/><D53/><REACH who="0" ten="250,153,240,347" step="2"/><U41/><E41/><V6/><AGARI ba="0,1" hai="0,6,8,42,44,49,69,71,78,81,87" m="48681" machi="6" ten="30,2000,0" yaku="18,1,52,1" doraHai="73" who="2" fromWho="2" sc="250,-5,153,-5,240,30,347,-10" owari="245,-15.5,148,-35.2,270,7.0,337,43.7" /></mjloggm>