<mjloggm ver="2.3"><GO type="225" lobby="0"/><UN n0="%72%69%6F%75%63%68%61%6E" n1="%E3%83%B4%E3%83%A0%EF%BC%99%E3%81%A6" n2="%28%EF%BF%A3%E2%96%BD%EF%BF%A3%29%CE%B4%E2%8C%92%E3%83%BB" n3="%E7%89%B9%E6%9D%B1%E3%81%AF%E4%B8%96%E7%95%8C%E3%82%92%E6%95%91%E3%81%86" dan="16,16,16,16" rate="2176.15,2092.77,2223.00,2195.48" sx="M,M,M,M"/><TAIKYOKU oya="0"/><INIT seed="0,0,0,5,2,126" ten="250,250,250,250" oya="0" hai0="5,65,96,55,34,38,80,16,23,45,98,47,53" hai1="70,104,109,41,134,28,71,7,89,48,33,18,81" hai2="40,110,127,75,120,106,102,130,1,82,99,14,105" hai3="20,121,66,114,79,117,58,52,13,54,10,84,135"/><T37/><D34/><U69/><E104/><N who="2" m="63583" /><F14/><W25/><G114/><T112/><D112/><U24/><E109/><V35/><F40/><W9/><G117/><T49/><D65/><U15/><E134/><V97/><F35/><W64/><G135/><T36/><D5/><U111/><E111/><V11/><F110/><W86/><G121/><T29/><D29/><U129/><E7/><N who="2" m="1519" /><F120/><W90/><G79/><T118/><D118/><U115/><E115/><V62/><F62/><W85/><G90/><T0/><D0/><U22/><E41/><V94/><F94/><W125/><G125/><T108/><D80/><U39/><E39/><V103/><F106/><W132/><G132/><T61/><D108/><U122/><E122/><V131/><F127/><W124/><G54/><T95/><D95/><U27/><E48/><V57/><F57/><W74/><G74/><T56/><REACH who="0" step="1"/><D45/><REACH who="0" ten="240,250,250,250" step="2"/><U83/><E83/><V133/><F133/><W6/><G124/><T43/><D43/><U88/><E81/><V67/><F67/><W12/><G66/><T72/><D72/><U8/><E33/><V100/><F100/><W68/><G64/><T59/><D59/><U119/><E119/><V123/><F123/><W91/><G58/><T26/><AGARI ba="0,1" hai="16,23,26,36,37,38,47,49,53,55,56,61,96,98" machi="26" ten="30,6000,0" yaku="1,1,0,1,54,1,53,0" doraHai="126" doraHaiUra="31" who="0" fromWho="0" sc="240,70,250,-20,250,-20,250,-20" /><INIT seed="0,1,0,1,3,50" ten="310,230,230,230" oya="0" hai0="134,95,96,77,30,18,20,71,106,9,51,79,25" hai1="100,67,78,94,34,64,120,24,103,38,132,11,32" hai2="128,115,92,4,23,127,12,105,133,81,117,60,22" hai3="80,56,57,59,31,41,44,112,129,97,121,2,104"/><T10/><D134/><U62/><E120/><V107/><F115/><W113/><G2/><T46/><D71/><U61/><E132/><V35/><F35/><W47/><G121/><T88/><D106/><U93/><E38/><V87/><F133/><W102/><G129/><T66/><D66/><U72/><E78/><N who="0" m="29705" /><D30/><U124/><E11/><V29/><F107/><W1/><G1/><T14/><D14/><U118/><E118/><V131/><F105/><W91/><G31/><T69/><D69/><U36/><E36/><V0/><F29/><W8/><G8/><T7/><D7/><U98/><E98/><V109/><F0/><W48/><REACH who="3" step="1"/><G44/><REACH who="3" ten="310,230,230,220" step="2"/><T63/><D63/><U40/><E61/><V116/><F60/><W5/><G5/><T70/><D70/><U21/><E62/><V125/><F4/><W27/><G27/><T119/><D119/><U39/><E24/><V114/><F117/><W99/><G99/><T122/><D122/><U54/><E64/><V108/><F116/><W52/><G52/><AGARI ba="1,1" hai="9,10,18,20,25,46,51,52,88,95,96" m="29705" machi="52" ten="30,11600,0" yaku="8,1,52,1,54,2" doraHai="50" who="0" fromWho="3" sc="310,129,230,0,230,0,220,-119" /><INIT seed="0,2,0,0,1,23" ten="439,230,230,101" oya="0" hai0="81,113,58,49,33,18,6,132,133,95,24,93,61" hai1="46,91,119,36,104,67,126,27,111,62,42,115,56" hai2="37,26,73,118,15,108,87,31,117,116,22,110,8" hai3="109,54,103,20,121,16,102,90,130,21,32,72,99"/><T64/><D113/><U10/><E119/><V45/><F73/><W88/><G32/><T100/><D6/><U7/><E115/><V106/><F106/><W89/><G72/><T12/><D81/><U80/><E104/><V134/><F87/><W79/><G109/><N who="2" m="42089" /><F45/><W135/><G130/><T107/><D107/><U76/><E111/><V51/><F51/><W5/><G135/><T65/><D64/><U50/><E126/><V123/><F37/><W59/><G5/><T1/><D1/><U43/><E91/><N who="3" m="34890" /><G79/><T39/><D39/><U112/><E112/><V69/><F69/><W53/><G21/><T34/><D34/><U120/><E120/><V94/><F94/><N who="3" m="56791" /><G121/><T3/><D3/><N who="1" m="383" /><E50/><V124/><F123/><W105/><G105/><T97/><D49/><U96/><E96/><V47/><F47/><W84/><G84/><T55/><D93/><U29/><E46/><V125/><F134/><W41/><G41/><T35/><D35/><N who="1" m="20927" /><E36/><V75/><F75/><W40/><G40/><T71/><D133/><U13/><E42/><V17/><AGARI ba="2,0" hai="8,15,17,22,26,31,116,117,118,124,125" m="42089" machi="17" ten="40,8000,1" yaku="12,1,14,1,34,2,52,1" doraHai="23" who="2" fromWho="2" sc="439,-42,230,-22,230,86,101,-22" /><INIT seed="1,0,0,0,2,25" ten="397,208,316,79" oya="1" hai0="38,91,53,125,63,48,68,76,15,37,39,43,117" hai1="12,26,72,47,83,34,128,80,1,100,31,55,127" hai2="120,32,134,3,27,9,52,97,112,23,106,11,19" hai3="105,104,16,129,61,111,58,88,73,2,41,113,84"/><U85/><E1/><V96/><F120/><W99/><G113/><T49/><D91/><U54/><E127/><V118/><F112/><W79/><G111/><T103/><D15/><U119/><E119/><V59/><F118/><W17/><G129/><T60/><D76/><U13/><E128/><V107/><F134/><W51/><G2/><T95/><D95/><U56/><E100/><V116/><F116/><W110/><G110/><T21/><D21/><U57/><E47/><V30/><F97/><W20/><G79/><T74/><D74/><U130/><E130/><V87/><F87/><W0/><G73/><T71/><D103/><U133/><E72/><V24/><F96/><W5/><G0/><T126/><D117/><U69/><E69/><N who="0" m="26697" /><D43/><U6/><E133/><V77/><F77/><W115/><G5/><T28/><D28/><U131/><E131/><V82/><F82/><W102/><G105/><T78/><D78/><U36/><E6/><V65/><F65/><W22/><G115/><T42/><D42/><U64/><E64/><V93/><F93/><W114/><G114/><T46/><D49/><U86/><E26/><V81/><F81/><N who="3" m="49167" /><G51/><T70/><N who="0" m="26705" /><T18/><DORA hai="122" /><D18/><N who="3" m="7273" /><G41/><T4/><D4/><U66/><E34/><V33/><F32/><W8/><G8/><T98/><D98/><U40/><E40/><V101/><F3/><W29/><G29/><T124/><AGARI ba="0,0" hai="37,38,39,46,48,53,60,63,124,125,126" m="26705" machi="124" ten="60,7900,0" yaku="18,1,34,2" doraHai="25,122" who="0" fromWho="0" sc="397,79,208,-39,316,-20,79,-20" /><INIT seed="2,0,0,0,3,40" ten="476,169,296,59" oya="2" hai0="15,32,65,114,95,127,75,112,103,101,85,64,94" hai1="79,2,55,50,67,119,68,66,69,34,3,63,44" hai2="102,123,11,54,105,52,98,128,121,25,129,134,59" hai3="46,84,47,42,13,104,61,21,17,12,82,71,96"/><V60/><F134/><W9/><G71/><T14/><D85/><U77/><E119/><V53/><F11/><W70/><G70/><T22/><D22/><U109/><E34/><V57/><F25/><W30/><G61/><T19/><D19/><U31/><E31/><V90/><F90/><W37/><G30/><T10/><D10/><U124/><E109/><V23/><F23/><W24/><G47/><T56/><D56/><U108/><E108/><V35/><F35/><W43/><G43/><T78/><D32/><U111/><E111/><V122/><REACH who="2" step="1"/><F59/><REACH who="2" ten="476,169,286,59" step="2"/><W38/><G9/><T7/><D103/><U74/><E69/><V20/><F20/><W33/><G33/><T4/><D101/><U116/><E68/><V48/><F48/><W118/><G38/><T87/><D114/><U80/><E50/><V76/><F76/><W45/><G24/><T5/><D112/><U113/><E79/><V135/><F135/><W81/><G37/><T83/><D78/><U110/><E113/><V86/><F86/><W58/><G84/><T29/><D87/><U72/><E110/><V28/><F28/><W36/><G58/><T49/><D29/><U1/><E77/><V39/><F39/><W97/><G21/><T8/><D8/><U125/><E74/><V106/><F106/><W6/><G36/><T92/><D75/><U26/><E72/><V91/><F91/><W130/><G104/><T126/><D49/><U99/><E26/><V0/><F0/><W132/><G132/><T27/><D27/><U120/><E1/><V100/><F100/><W16/><G13/><RYUUKYOKU ba="0,1" sc="476,-10,169,-10,286,30,59,-10" hai2="52,53,54,57,60,98,102,105,121,122,123,128,129" /><INIT seed="2,1,1,4,1,100" ten="466,159,316,49" oya="2" hai0="129,97,3,119,115,24,18,90,109,29,58,112,92" hai1="28,68,104,135,63,116,15,88,60,71,23,34,65" hai2="110,53,20,46,132,56,4,35,127,41,6,33,79" hai3="72,26,32,54,22,67,113,7,66,106,42,83,36"/><V14/><F127/><W94/><G113/><T111/><D129/><U118/><E135/><V75/><F132/><W125/><G125/><T8/><D119/><U13/><E34/><V37/><F110/><N who="0" m="41994" /><D58/><U131/><E131/><V30/><F20/><W44/><G32/><N who="0" m="20519" /><D18/><U101/><E88/><V11/><F4/><AGARI ba="1,1" hai="3,4,8,90,92,97,112,115" m="20519,41994" machi="4" ten="30,1000,0" yaku="14,1" doraHai="100" who="0" fromWho="2" sc="466,23,159,0,316,-13,49,0" /><INIT seed="3,0,0,5,2,95" ten="489,159,303,49" oya="3" hai0="34,69,26,82,52,58,33,118,133,77,86,42,49" hai1="8,45,25,48,14,19,121,5,4,116,84,39,119" hai2="98,74,70,92,17,72,97,107,63,68,87,123,94" hai3="85,53,13,43,46,37,6,21,16,30,40,117,15"/><W22/><G117/><N who="1" m="45130" /><E121/><V132/><F17/><W135/><G135/><T20/><D69/><U111/><E111/><V62/><F87/><W32/><G32/><T29/><D118/><U3/><E39/><V65/><F107/><W122/><G122/><T18/><D133/><U124/><E124/><V64/><F132/><W56/><G43/><T31/><D42/><N who="1" m="24631" /><E3/><V106/><F106/><W61/><G85/><T102/><D102/><U10/><E10/><V66/><F66/><W112/><G112/><T9/><D29/><U103/><E103/><V134/><F134/><W51/><G6/><T73/><D86/><U90/><E25/><V93/><F123/><W41/><G41/><T35/><D9/><U115/><E115/><V36/><REACH who="2" step="1"/><F36/><REACH who="2" ten="489,159,293,49" step="2"/><W50/><REACH who="3" step="1"/><G30/><REACH who="3" ten="489,159,293,39" step="2"/><T91/><D31/><U105/><E105/><V11/><F11/><W131/><G131/><T114/><D34/><U44/><E4/><V23/><F23/><W127/><G127/><T110/><D33/><U47/><E5/><V108/><F108/><W99/><G99/><AGARI ba="0,2" hai="62,63,64,65,68,70,72,74,92,93,94,97,98,99" machi="99" ten="40,8000,1" yaku="1,1,9,1,52,3,53,0" doraHai="95" doraHaiUra="100" who="2" fromWho="3" sc="489,0,159,0,293,100,39,-80" owari="489,58.9,159,-24.1,393,19.3,-41,-54.1" /></mjloggm>