<mjloggm ver="2.3"><GO type="225" lobby="0"/><UN n0="%E3%82%BC%E3%83%AB%E3%83%80%E3%81%AE%E4%BC%9D%E8%AA%AC" n1="%E3%81%99%E3%81%84%E3%81%BE%E3%81%9B%E3%83%BC%E3%82%93" n2="%E3%83%89%E3%83%A9%E3%81%8F%E3%82%8C" n3="%E3%81%B5%E3%81%98%E3%81%8B%E3%81%A4" dan="17,18,17,17" rate="2218.39,2189.48,2222.34,2212.28" sx="M,M,M,M"/><TAIKYOKU oya="0"/><INIT seed="0,0,0,4,0,92" ten="250,250,250,250" oya="0" hai0="118,18,12,21,133,96,25,127,31,55,101,65,2" hai1="19,6,13,61,32,103,102,85,80,49,108,77,121" hai2="111,46,8,60,9,73,94,0,37,54,43,28,98" hai3="56,107,122,115,75,24,26,123,93,58,90,124,87"/><T126/><D118/><U17/><E121/><N who="3" m="46090" /><G115/><T86/><D133/><U113/><E32/><V100/><F73/><W106/><G75/><T57/><D2/><U76/><E108/><V110/><F28/><W64/><G124/><N who="0" m="47659" /><D86/><U89/><E113/><V15/><F0/><W3/><G3/><T129/><D129/><U14/><E61/><V78/><F78/><N who="1" m="30313" /><E6/><V39/><F39/><W34/><G34/><T40/><D40/><U71/><E71/><V79/><F79/><W132/><G132/><T67/><D57/><N who="3" m="22121" /><G64/><T38/><D55/><U68/><E68/><V95/><F54/><W116/><G116/><T5/><D5/><U114/><E49/><V82/><F60/><W48/><G48/><T51/><D51/><U130/><E130/><V16/><F82/><W42/><G42/><T131/><D131/><U91/><E114/><V70/><F70/><W47/><G47/><T117/><D117/><U52/><E52/><V1/><F1/><W97/><G107/><N who="0" m="63911" /><D38/><U105/><E105/><V128/><F128/><W120/><N who="3" m="46098" /><W99/><DORA hai="36" /><G106/><T20/><AGARI ba="0,0" hai="12,18,20,21,25,31,65,67" m="63911,47659" machi="20" ten="30,3000,0" yaku="18,1,52,1" doraHai="92,36" who="0" fromWho="0" sc="250,30,250,-10,250,-10,250,-10" /><INIT seed="0,1,0,2,2,91" ten="280,240,240,240" oya="0" hai0="79,54,3,88,1,10,48,61,126,17,16,62,101" hai1="36,113,25,93,65,2,87,49,31,63,78,19,59" hai2="35,107,33,28,47,98,119,117,64,97,123,83,14" hai3="21,6,20,105,15,22,128,104,95,71,125,132,135"/><T86/><D126/><U57/><E36/><V50/><F123/><W96/><G71/><T55/><D101/><U115/><E2/><V40/><F64/><W43/><G43/><T118/><D118/><N who="2" m="45066" /><F28/><W45/><G45/><T70/><D79/><U32/><E19/><V69/><F69/><W53/><G53/><T77/><D77/><U73/><E73/><V44/><F83/><W76/><G76/><T39/><D39/><U75/><E75/><V82/><F82/><W67/><G67/><T34/><D34/><N who="2" m="12810" /><F107/><W84/><G84/><T81/><D70/><U99/><E87/><V27/><F27/><W51/><G51/><T4/><D3/><U134/><E78/><V12/><F47/><W110/><G125/><T102/><D102/><U23/><E32/><V109/><F109/><W29/><G110/><T111/><D111/><U11/><E134/><N who="3" m="51242" /><G29/><T38/><D38/><U30/><E30/><V52/><F40/><W108/><G108/><T133/><D133/><U121/><E121/><V5/><F5/><W0/><G0/><T85/><D85/><U92/><E31/><V74/><F74/><W131/><G6/><T8/><D1/><U90/><E65/><V120/><F120/><W112/><G15/><AGARI ba="1,0" hai="12,14,15,44,50,52,97,98" m="12810,45066" machi="15" ten="30,2000,0" yaku="12,1,54,1" doraHai="91" who="2" fromWho="3" sc="280,0,240,0,240,23,240,-23" /><INIT seed="1,0,0,2,1,99" ten="280,240,263,217" oya="1" hai0="42,14,58,17,134,54,49,67,21,113,98,92,76" hai1="29,43,82,28,94,108,26,45,131,47,63,62,122" hai2="9,8,102,87,24,128,3,34,97,66,124,23,100" hai3="106,81,52,10,77,80,109,103,127,79,12,104,116"/><U125/><E122/><V40/><F34/><W4/><G109/><T65/><D134/><U27/><E131/><V83/><F128/><W133/><G133/><T36/><D113/><U6/><E125/><V19/><F124/><W85/><G127/><T123/><D123/><U5/><E108/><V59/><F24/><W35/><G35/><T70/><D70/><U118/><E94/><V93/><F40/><W132/><G132/><T110/><D110/><U119/><REACH who="1" step="1"/><E43/><REACH who="1" ten="280,230,263,217" step="2"/><V107/><F93/><W33/><G116/><T75/><D42/><U126/><E126/><V89/><F107/><W120/><G120/><T74/><D92/><U61/><E61/><V111/><F111/><W71/><G106/><T53/><D75/><U18/><E18/><V15/><F97/><W55/><G104/><T114/><D74/><U30/><E30/><V112/><F112/><W1/><G81/><AGARI ba="0,1" hai="5,6,26,27,28,29,45,47,62,63,81,82,118,119" machi="81" ten="25,4800,0" yaku="1,1,22,2,53,0" doraHai="99" doraHaiUra="50" who="1" fromWho="3" sc="280,0,230,58,263,0,217,-48" /><INIT seed="1,1,0,2,3,134" ten="280,288,263,169" oya="1" hai0="85,33,108,44,116,129,55,42,46,128,72,131,86" hai1="35,11,135,117,10,122,59,104,23,68,120,81,56" hai2="110,36,89,115,125,96,70,21,2,99,12,109,60" hai3="78,132,8,111,49,26,88,82,84,61,9,41,16"/><U102/><E117/><V30/><F115/><W14/><G132/><T118/><D33/><U98/><E35/><V47/><F2/><W74/><G111/><T53/><D72/><U119/><E119/><N who="0" m="45609" /><D108/><N who="2" m="41578" /><F89/><W3/><G61/><T123/><D123/><U94/><E68/><V79/><F79/><W54/><G41/><T6/><D6/><U7/><E135/><V4/><F4/><W45/><G26/><T95/><D95/><U25/><E81/><V18/><F30/><W130/><G130/><T71/><D71/><U64/><E11/><V31/><F31/><W0/><REACH who="3" step="1"/><G8/><REACH who="3" ten="280,288,263,159" step="2"/><T66/><D42/><U63/><E122/><V80/><F60/><W106/><G106/><T37/><D131/><U101/><E104/><V107/><F107/><W40/><G40/><T15/><D129/><U83/><E120/><V57/><F36/><W5/><G5/><T121/><D37/><U113/><E7/><V126/><F70/><W19/><G19/><T17/><D128/><U97/><E10/><V32/><F18/><W69/><G69/><T13/><D17/><U20/><E25/><V52/><F32/><W1/><G1/><T133/><D133/><U62/><E62/><V65/><F21/><W87/><G87/><T38/><D38/><U112/><E63/><V124/><F12/><N who="0" m="4682" /><D121/><U24/><E24/><V29/><F29/><W105/><G105/><T77/><D86/><U91/><E20/><V67/><F67/><W28/><G28/><T22/><D66/><U90/><E64/><V92/><F65/><W93/><AGARI ba="1,1" hai="0,3,9,14,16,45,49,54,74,78,82,84,88,93" machi="93" ten="20,8000,1" yaku="1,1,0,1,7,1,54,2,53,0" doraHai="134" doraHaiUra="103" who="3" fromWho="3" sc="280,-21,288,-41,263,-21,159,93" /><INIT seed="2,0,0,3,1,85" ten="259,247,242,252" oya="2" hai0="115,101,116,31,51,132,19,43,12,131,16,93,118" hai1="86,82,129,50,24,111,4,60,20,3,110,34,8" hai2="9,128,104,63,76,10,44,75,29,135,40,94,33" hai3="80,120,54,47,21,97,95,99,125,65,127,123,122"/><V32/><F104/><W52/><G65/><T17/><D115/><U83/><E129/><V61/><F128/><W41/><G80/><T5/><D131/><U56/><E50/><V114/><F114/><W30/><G30/><T106/><D106/><U81/><E34/><V90/><F135/><W73/><G73/><T0/><D0/><U46/><E46/><V107/><F107/><W112/><G21/><T74/><D74/><U100/><E100/><V126/><F126/><N who="3" m="48139" /><G112/><T38/><D38/><U1/><E1/><V45/><F76/><W119/><G119/><N who="0" m="45611" /><D132/><U103/><E103/><V49/><F75/><W102/><G99/><N who="0" m="59631" /><D31/><U27/><E86/><V66/><F29/><W117/><G117/><T39/><D39/><AGARI ba="0,0" hai="39,41,47,52,54,95,97,102,120,122,123" m="48139" machi="39" ten="40,2600,0" yaku="18,1,54,1" doraHai="85" who="3" fromWho="0" sc="259,-26,247,0,242,0,252,26" /><INIT seed="3,0,0,1,1,126" ten="233,247,242,278" oya="3" hai0="75,114,41,52,93,91,33,54,86,62,46,112,133" hai1="101,9,65,11,118,129,29,67,7,44,8,35,25" hai2="132,45,106,38,20,60,117,95,121,97,21,88,17" hai3="24,59,1,99,89,37,32,5,78,104,122,111,109"/><W18/><G122/><T76/><D33/><U13/><E118/><V31/><F121/><W79/><G37/><T130/><D133/><U113/><E113/><N who="0" m="43625" /><D62/><U15/><E129/><V87/><F132/><W27/><G59/><T14/><D14/><U123/><E123/><V125/><F125/><W77/><G32/><T56/><D56/><U70/><E70/><V119/><F60/><W58/><G58/><T40/><D130/><U100/><E44/><V47/><F38/><W48/><G48/><N who="0" m="26695" /><D41/><U43/><E43/><V55/><F55/><N who="0" m="21034" /><D76/><U34/><E11/><V42/><F42/><W116/><G116/><T80/><D75/><U12/><E12/><V103/><F119/><W84/><G5/><T49/><D49/><U96/><E35/><V28/><F117/><W81/><G1/><T10/><D10/><U107/><REACH who="1" step="1"/><E100/><REACH who="1" ten="233,237,242,278" step="2"/><V19/><F47/><W134/><G134/><T4/><D4/><AGARI ba="0,1" hai="4,7,8,9,13,15,25,29,34,65,67,96,101,107" machi="4" ten="30,7700,0" yaku="1,1,2,1,7,1,9,1,53,0" doraHai="126" doraHaiUra="51" who="1" fromWho="0" sc="233,-77,237,87,242,0,278,0" owari="156,-34.4,324,42.4,242,-15.8,278,7.8" /></mjloggm>