<mjloggm ver="2.3"><GO type="225" lobby="0"/><UN n0="%E6%B4%BE%E9%81%A3%E3%81%AE%E3%82%B8%E3%83%A3%E3%83%83%E3%82%AF" n1="%6D%75%75%73%61%6E%6D%75" n2="%E3%81%B5%E3%81%98%E3%81%8B%E3%81%A4" n3="%33%74%72%65%65" dan="17,16,16,16" rate="2189.54,2096.41,2180.37,2120.27" sx="M,F,M,F"/><TAIKYOKU oya="0"/><INIT seed="0,0,0,2,5,93" ten="250,250,250,250" oya="0" hai0="33,89,122,85,9,105,83,49,44,61,32,6,57" hai1="45,0,125,28,51,86,34,103,65,48,4,22,110" hai2="43,42,31,58,106,15,90,78,99,36,96,128,21" hai3="26,102,123,54,14,101,82,117,67,74,104,118,121"/><T134/><D122/><N who="3" m="46601" /><G67/><T5/><D134/><U113/><E34/><V24/><F78/><N who="3" m="44375" /><G26/><T50/><D105/><U3/><E110/><V1/><F1/><W73/><G14/><T47/><D33/><U76/><E125/><V16/><F128/><W95/><G54/><N who="0" m="30015" /><D32/><U100/><E65/><V119/><F119/><N who="3" m="45579" /><G104/><T97/><D9/><U129/><E129/><V131/><F131/><W18/><G18/><T62/><D44/><U71/><E45/><V135/><F36/><W69/><G69/><T10/><D50/><U52/><E71/><V79/><F135/><W92/><G73/><T94/><D10/><U8/><E51/><V126/><F58/><W80/><G80/><T108/><D108/><U30/><E8/><N who="2" m="6247" /><F106/><W75/><G75/><T120/><D120/><U23/><E3/><V2/><F2/><W13/><G13/><T35/><D35/><U111/><E111/><V70/><F70/><W60/><G60/><N who="0" m="23147" /><D57/><U81/><E0/><V27/><F27/><W68/><G68/><T133/><D133/><U112/><E48/><V55/><F43/><W29/><G29/><T53/><D53/><U25/><E52/><V39/><F55/><W63/><G63/><T109/><D109/><U130/><E130/><V37/><F42/><W115/><G115/><N who="1" m="44106" /><E4/><V7/><F7/><W124/><G124/><T91/><AGARI ba="0,0" hai="5,6,83,85,89,91,94,97" m="23147,30015" machi="91" ten="30,3000,0" yaku="8,1,52,1" doraHai="93" who="0" fromWho="0" sc="250,30,250,-10,250,-10,250,-10" /><INIT seed="0,1,0,2,0,95" ten="280,240,240,240" oya="0" hai0="14,114,126,92,71,102,42,25,12,10,97,116,52" hai1="35,122,36,61,59,72,8,74,56,22,134,63,66" hai2="83,113,40,75,47,67,68,11,119,41,44,4,100" hai3="29,30,54,20,85,106,117,7,45,21,51,50,127"/><T132/><D114/><U15/><E35/><V73/><F113/><W18/><G117/><T91/><D116/><U108/><E122/><V101/><F119/><W34/><G127/><T57/><D71/><U135/><E36/><V103/><F68/><W49/><G34/><T46/><D132/><N who="1" m="50731" /><E22/><V123/><F67/><W64/><G7/><T77/><D77/><U26/><E26/><V9/><F83/><W0/><G0/><T131/><D131/><U112/><E108/><V99/><F103/><W28/><G64/><T110/><D126/><U78/><E78/><V58/><F58/><W104/><G20/><T27/><D110/><U39/><E39/><V32/><F32/><W125/><G125/><T1/><D1/><U84/><E84/><V96/><REACH who="2" step="1"/><F4/><REACH who="2" ten="280,240,230,240" step="2"/><W130/><G130/><T37/><D102/><U69/><E112/><V82/><F82/><W17/><G45/><T80/><D80/><U128/><E128/><V89/><F89/><W55/><G55/><T23/><D52/><N who="1" m="33927" /><E69/><V48/><F48/><W13/><G49/><T33/><D33/><U87/><E87/><V65/><F65/><W43/><G85/><T16/><D57/><U111/><E111/><V109/><F109/><W124/><G124/><T121/><D121/><AGARI ba="1,1" hai="9,11,40,41,44,47,73,75,96,99,100,101,121,123" machi="121" ten="25,8000,1" yaku="1,1,22,2,52,2,53,0" doraHai="95" doraHaiUra="60" who="2" fromWho="0" sc="280,-83,240,0,230,93,240,0" /><INIT seed="1,0,0,3,0,108" ten="197,240,323,240" oya="1" hai0="91,126,115,68,130,129,72,99,70,25,86,104,10" hai1="135,31,131,34,57,82,73,71,43,18,47,112,107" hai2="77,51,128,75,60,42,17,84,8,9,123,106,52" hai3="0,74,100,44,13,19,2,121,67,66,15,38,95"/><U124/><E71/><N who="0" m="27177" /><D72/><U30/><E107/><V1/><F123/><W12/><G121/><T98/><D10/><U32/><E131/><N who="0" m="50185" /><D25/><U49/><E135/><V117/><F75/><W118/><G74/><T50/><D50/><U20/><E124/><V53/><F106/><W89/><G12/><T69/><N who="0" m="27185" /><T133/><DORA hai="102" /><D126/><U55/><E112/><V58/><F128/><W29/><G13/><T22/><D22/><U76/><E34/><V46/><F1/><W14/><G15/><T85/><D133/><U127/><E127/><V3/><F9/><W23/><G2/><T6/><D6/><U39/><E32/><V119/><F3/><W122/><G14/><AGARI ba="0,0" hai="14,18,20,30,31,39,43,47,49,55,57,73,76,82" machi="14" ten="30,1500,0" yaku="7,1" doraHai="108,102" who="1" fromWho="3" sc="197,0,240,15,323,0,240,-15" /><INIT seed="1,1,0,3,5,127" ten="197,255,323,225" oya="1" hai0="15,8,4,29,68,95,97,120,104,77,48,87,128" hai1="133,27,107,91,88,11,71,92,53,3,14,30,100" hai2="124,2,33,89,26,44,5,64,99,49,112,55,20" hai3="93,122,28,62,103,86,105,1,115,75,9,79,61"/><U54/><E3/><V59/><F124/><W0/><G122/><T96/><D68/><U32/><E71/><V72/><F33/><W69/><G115/><T52/><D120/><U42/><E133/><V106/><F72/><W109/><G109/><T41/><D41/><U66/><E66/><V119/><F119/><W81/><G28/><T83/><D29/><U17/><E42/><V82/><F106/><W43/><G43/><T37/><D37/><U60/><E60/><V123/><F2/><N who="3" m="1131" /><G9/><T118/><D118/><U65/><E65/><V39/><F5/><W10/><G10/><T135/><D135/><U25/><E27/><V98/><F123/><W31/><G31/><T114/><D114/><U23/><E32/><V24/><F39/><W110/><G110/><T12/><D104/><U45/><E45/><V117/><F26/><W130/><G69/><T6/><D12/><U74/><E74/><V70/><F70/><W16/><G16/><N who="0" m="8295" /><D96/><N who="1" m="59399" /><E107/><V76/><F117/><W18/><G105/><T47/><D128/><U131/><E131/><V121/><F121/><W7/><G130/><T102/><AGARI ba="1,0" hai="4,6,47,48,52,77,83,87,95,97,102" m="8295" machi="102" ten="30,4000,0" yaku="8,1,54,2" doraHai="127" who="0" fromWho="0" sc="197,43,255,-21,323,-11,225,-11" /><INIT seed="2,0,0,3,4,101" ten="240,234,312,214" oya="2" hai0="112,54,56,84,0,62,46,105,123,79,118,42,128" hai1="21,11,83,71,106,8,122,134,29,99,131,76,96" hai2="86,135,59,53,67,27,33,49,111,103,3,125,4" hai3="9,41,68,82,93,23,132,5,61,88,78,117,26"/><V25/><F135/><W55/><G132/><T119/><D112/><U32/><E32/><V50/><F125/><W6/><G117/><N who="0" m="44555" /><D123/><U110/><E71/><V75/><F75/><W127/><G127/><T124/><D0/><U10/><E134/><V69/><F103/><W115/><G115/><T120/><D120/><U17/><E122/><V98/><F98/><N who="3" m="57639" /><G68/><T63/><D63/><U13/><E110/><V129/><F49/><W38/><G38/><N who="0" m="21847" /><D128/><U22/><E106/><V81/><F129/><W51/><G41/><T113/><D113/><U90/><E131/><V80/><F69/><W65/><G65/><T16/><D124/><U40/><E40/><V121/><F67/><W15/><G61/><T77/><D105/><U108/><E108/><V39/><F111/><W70/><G70/><T28/><D28/><U87/><E76/><V48/><F3/><W100/><G100/><T37/><D37/><U20/><E29/><V43/><F39/><W19/><G51/><T66/><D66/><U72/><E72/><V89/><F48/><W107/><G55/><T104/><D104/><U34/><E34/><V36/><F33/><W44/><G44/><T14/><D84/><U91/><E90/><V126/><F126/><W58/><G107/><T24/><D24/><U97/><AGARI ba="0,0" hai="8,10,11,13,17,20,21,22,83,87,91,96,97,99" machi="97" ten="30,2000,0" yaku="0,1,8,1" doraHai="101" who="1" fromWho="1" sc="240,-5,234,20,312,-10,214,-5" /><INIT seed="3,0,0,0,5,17" ten="235,254,302,209" oya="3" hai0="71,37,47,126,63,85,57,119,135,129,25,18,105" hai1="51,108,74,14,81,23,36,92,106,124,5,130,19" hai2="80,76,29,89,64,70,78,15,84,6,1,26,112" hai3="42,82,65,72,98,54,88,110,109,93,38,79,95"/><W133/><G133/><T21/><D119/><U24/><E106/><V0/><F112/><W59/><G65/><T60/><D105/><U127/><E36/><V11/><F70/><W87/><G42/><T125/><D129/><U33/><E130/><V118/><F64/><W103/><REACH who="3" step="1"/><G38/><REACH who="3" ten="235,254,302,199" step="2"/><T8/><D135/><U66/><E66/><V4/><F118/><W94/><G94/><T20/><D37/><U115/><E92/><V35/><F1/><W73/><G73/><T3/><D71/><U120/><E74/><V30/><F0/><W44/><G44/><T107/><D107/><U62/><E124/><N who="0" m="47721" /><D47/><U27/><E127/><V9/><F80/><W96/><G96/><T68/><D68/><U31/><E81/><V134/><F134/><W97/><G97/><T113/><D113/><U61/><E115/><V86/><F86/><W58/><G58/><T40/><D40/><U123/><E123/><V41/><F84/><W10/><G10/><T32/><D85/><U13/><E120/><V34/><F41/><W100/><G100/><T116/><D116/><U52/><E52/><V117/><F11/><W7/><G7/><N who="0" m="1151" /><D57/><U56/><E56/><V104/><F117/><W99/><G99/><T28/><D32/><U12/><E33/><N who="2" m="20663" /><F104/><W101/><G101/><T39/><D39/><U128/><E128/><V121/><F121/><W114/><G114/><T50/><D50/><AGARI ba="0,1" hai="50,54,59,72,79,82,87,88,93,95,98,103,109,110" machi="50" ten="40,3900,0" yaku="1,1,54,1,53,0" doraHai="17" doraHaiUra="2" who="3" fromWho="0" sc="235,-39,254,0,302,0,199,49" /><INIT seed="3,1,0,2,0,130" ten="196,254,302,248" oya="3" hai0="53,30,82,127,88,129,7,85,64,17,6,34,109" hai1="131,97,99,91,116,135,90,60,93,13,66,9,92" hai2="3,117,83,122,108,61,115,1,20,16,89,33,95" hai3="73,132,43,55,126,47,28,102,29,54,79,87,133"/><W50/><G73/><T107/><D107/><U110/><E131/><V25/><F115/><W22/><G102/><T57/><D129/><U103/><E110/><V39/><F117/><W112/><G112/><T62/><D109/><U134/><E116/><V114/><F114/><W44/><G126/><T2/><D127/><U37/><E37/><V119/><F39/><W69/><G69/><T58/><D2/><U35/><E35/><V118/><F83/><N who="3" m="47615" /><G22/><T31/><D17/><U78/><E78/><V123/><F33/><W36/><G54/><T26/><REACH who="0" step="1"/><D31/><REACH who="0" ten="186,254,302,248" step="2"/><U94/><E103/><V40/><F108/><W70/><G28/><T38/><D38/><U52/><E97/><V49/><F1/><W105/><G29/><T77/><D77/><U11/><E99/><N who="2" m="57839" /><F3/><W21/><G105/><T4/><D4/><U120/><E91/><V46/><F119/><W106/><G106/><T101/><D101/><U5/><E90/><V98/><F98/><W125/><G125/><T86/><D86/><U75/><E5/><V80/><F118/><W23/><G36/><T104/><D104/><U124/><E124/><V14/><F123/><W121/><G121/><T10/><D10/><U100/><E120/><V51/><F122/><W19/><G19/><T68/><D68/><N who="1" m="42055" /><E100/><V15/><F16/><W67/><G70/><T18/><D18/><N who="1" m="8495" /><E11/><V113/><F113/><W72/><G72/><T76/><D76/><U45/><E75/><V56/><F80/><W96/><G96/><T41/><D41/><U81/><E81/><V0/><F0/><W12/><G43/><T42/><D42/><RYUUKYOKU ba="1,1" sc="186,15,254,15,302,-15,248,-15" hai0="6,7,26,30,34,53,57,58,62,64,82,85,88" hai1="45,52,92,93,94,134,135" /><INIT seed="4,2,1,4,1,127" ten="201,269,287,233" oya="0" hai0="75,11,18,108,1,3,79,82,31,97,40,64,122" hai1="116,123,68,9,112,59,134,99,72,39,114,102,45" hai2="26,74,61,130,22,103,81,133,132,69,91,17,21" hai3="135,0,66,109,113,4,83,98,89,119,78,6,131"/><T128/><D122/><U124/><E68/><V47/><F130/><W67/><G119/><T16/><D31/><U24/><E116/><V49/><F103/><W70/><G109/><T80/><D108/><U93/><E123/><V129/><F129/><W110/><G110/><T10/><D128/><U77/><E124/><V14/><F69/><W86/><G131/><T50/><D64/><U34/><E134/><N who="2" m="51819" /><F61/><W43/><G70/><T51/><D97/><U90/><E59/><V54/><F91/><W42/><G89/><T33/><D40/><N who="1" m="22687" /><E9/><N who="2" m="6351" /><F26/><W60/><G135/><T96/><D96/><U121/><E121/><V23/><F23/><W30/><G98/><T115/><D115/><N who="1" m="44075" /><E72/><V100/><F100/><W20/><G113/><T35/><REACH who="0" step="1"/><D75/><REACH who="0" ten="191,269,287,233" step="2"/><U88/><E77/><AGARI ba="2,2" hai="21,22,47,49,54,74,77,81" m="6351,51819" machi="77" ten="30,1000,0" yaku="20,1" doraHai="127" who="2" fromWho="1" sc="191,0,269,-16,287,36,233,0" /><AGARI ba="2,0" hai="1,3,10,11,16,18,33,35,50,51,77,79,80,82" machi="77" ten="25,12000,1" yaku="1,1,2,1,22,2,54,1,53,0" doraHai="127" doraHaiUra="2" who="0" fromWho="1" sc="191,120,253,-120,323,0,233,0" /><INIT seed="4,3,0,5,5,110" ten="311,133,323,233" oya="0" hai0="102,124,30,48,16,123,1,59,100,15,109,101,14" hai1="37,17,43,57,127,94,78,125,116,51,47,18,93" hai2="23,56,104,122,19,55,130,129,50,36,75,22,41" hai3="92,2,61,115,95,82,39,80,11,27,119,71,99"/><T60/><D123/><U91/><E116/><V66/><F122/><W38/><G119/><T52/><D1/><U128/><E78/><V58/><F104/><W24/><G11/><N who="0" m="6239" /><D124/><U21/><E128/><N who="2" m="49259" /><F75/><W3/><G61/><T68/><D68/><U107/><E107/><V7/><F7/><W74/><G99/><T133/><D133/><U73/><E73/><V29/><F29/><W12/><G12/><T63/><D109/><U4/><E4/><V13/><F23/><W97/><G97/><T65/><D30/><U90/><E17/><V98/><F98/><W40/><G40/><T114/><D114/><U113/><E127/><V45/><F66/><W34/><G34/><T134/><D134/><U118/><E125/><V53/><F53/><W111/><G111/><T132/><D132/><U105/><E105/><V77/><F77/><W108/><G108/><T54/><D65/><U76/><E76/><V81/><F81/><W87/><G71/><T96/><D96/><U103/><E118/><V5/><F5/><W44/><G44/><AGARI ba="3,0" hai="13,19,22,36,41,44,45,50,55,56,58" m="49259" machi="44" ten="30,1000,0" yaku="19,1" doraHai="110" who="2" fromWho="3" sc="311,0,133,0,323,19,233,-19" owari="311,11.1,133,-36.7,342,44.2,214,-18.6" /></mjloggm>