<mjloggm ver="2.3"><GO type="225" lobby="0"/><UN n0="%E3%82%BC%E3%83%AB%E3%83%80%E3%81%AE%E4%BC%9D%E8%AA%AC" n1="%E6%B4%BE%E9%81%A3%E3%81%AE%E3%82%B8%E3%83%A3%E3%83%83%E3%82%AF" n2="%E3%81%82%E3%81%99%E3%81%AB%E3%82%83%E3%82%80" n3="%33%74%72%65%65" dan="17,17,16,16" rate="2256.34,2208.63,2093.16,2169.42" sx="M,M,F,F"/><TAIKYOKU oya="0"/><INIT seed="0,0,0,0,4,100" ten="250,250,250,250" oya="0" hai0="21,125,78,56,129,134,52,64,72,96,10,13,108" hai1="43,83,22,101,109,60,7,20,54,19,2,118,6" hai2="111,70,77,63,69,34,107,81,116,82,55,61,38" hai3="3,92,66,48,128,65,15,67,99,135,50,30,114"/><T131/><D125/><U16/><E118/><V29/><F116/><W23/><G3/><T104/><D134/><U115/><E109/><V35/><F111/><W14/><G114/><T71/><D108/><U124/><E124/><V36/><F55/><W26/><G128/><N who="0" m="49227" /><D21/><N who="1" m="8299" /><E2/><V119/><F119/><W95/><G135/><T121/><D121/><U33/><E33/><V47/><F77/><W51/><REACH who="3" step="1"/><G95/><REACH who="3" ten="250,250,250,240" step="2"/><T91/><D71/><U18/><E115/><V8/><F29/><W86/><G86/><T11/><D64/><U59/><E43/><V130/><F130/><W12/><G12/><T106/><D13/><U123/><E123/><V17/><F17/><W84/><G84/><T58/><D72/><U53/><E6/><V37/><F8/><N who="0" m="3114" /><D78/><U1/><E1/><V85/><F85/><W32/><G32/><T25/><D25/><U28/><E7/><V40/><F34/><W126/><G126/><T76/><D76/><U46/><E28/><V90/><F35/><W27/><G27/><T112/><D112/><U110/><E110/><V89/><F40/><W122/><G122/><T87/><D96/><U80/><E19/><V133/><F133/><W88/><AGARI ba="0,1" hai="14,15,23,26,30,48,50,51,65,66,67,88,92,99" machi="88" ten="30,8000,1" yaku="1,1,0,1,8,1,54,1,53,1" doraHai="100" doraHaiUra="93" who="3" fromWho="3" sc="250,-40,250,-20,250,-20,240,90" /><INIT seed="1,0,0,2,1,131" ten="210,230,230,330" oya="1" hai0="10,82,90,30,15,57,125,97,25,74,122,65,7" hai1="51,115,128,35,34,16,68,44,56,95,38,67,62" hai2="132,118,98,92,135,100,14,19,20,13,89,26,55" hai3="1,32,41,22,50,123,60,28,59,126,36,134,79"/><U43/><E115/><V39/><F39/><W130/><G123/><T70/><D125/><U104/><E104/><V33/><F118/><W96/><G32/><T91/><D122/><U107/><E107/><V93/><F33/><W21/><G36/><T77/><D70/><U116/><E116/><V49/><F13/><W42/><G1/><T6/><D6/><U110/><E128/><V78/><F78/><W121/><G79/><T17/><D7/><U80/><E80/><V8/><F55/><W3/><G3/><T101/><D57/><U63/><E110/><V84/><REACH who="2" step="1"/><F49/><REACH who="2" ten="210,230,220,330" step="2"/><W113/><G50/><T94/><REACH who="0" step="1"/><D65/><REACH who="0" ten="200,230,220,330" step="2"/><U73/><E67/><V119/><F119/><W23/><G121/><T69/><D69/><U12/><E68/><V48/><F48/><W53/><G126/><T129/><D129/><U47/><E51/><V24/><F24/><W4/><G130/><T52/><D52/><U46/><E38/><V61/><F61/><W106/><G53/><T37/><D37/><U40/><E62/><V11/><F11/><W120/><G60/><T127/><D127/><U88/><E63/><V124/><F124/><W0/><G120/><T58/><D58/><U72/><E56/><V64/><F64/><W108/><G59/><T5/><D5/><AGARI ba="0,2" hai="5,8,14,19,20,26,84,89,92,93,98,100,132,135" machi="5" ten="40,8000,1" yaku="1,1,52,2,53,1" doraHai="131" doraHaiUra="18" who="2" fromWho="0" sc="200,-80,230,0,220,100,330,0" /><INIT seed="2,0,0,0,4,75" ten="120,230,320,330" oya="2" hai0="11,42,109,101,103,23,83,123,33,95,38,112,64" hai1="67,73,28,40,49,16,96,20,41,110,89,1,111" hai2="68,122,85,131,52,126,107,31,87,7,69,24,2" hai3="27,78,6,71,17,130,124,65,57,36,121,34,12"/><V106/><F122/><W4/><G121/><T129/><D33/><U79/><E1/><V19/><F19/><W118/><G118/><T18/><D123/><U102/><E67/><V56/><F131/><W29/><G130/><T116/><D129/><U0/><E0/><V93/><F126/><W82/><G36/><T61/><D112/><U62/><E62/><V97/><F7/><W9/><G71/><T125/><D125/><U8/><E8/><V21/><F2/><W117/><G117/><T115/><D115/><U88/><E28/><V54/><F54/><W92/><G92/><T104/><D104/><U120/><E120/><V25/><F25/><W55/><G65/><T10/><D109/><N who="1" m="41483" /><E49/><V105/><F68/><W94/><G124/><T39/><D116/><U134/><E134/><V132/><F69/><W66/><G66/><T119/><D119/><U60/><E60/><V99/><F99/><W37/><G37/><T91/><D42/><N who="1" m="16491" /><E102/><V135/><F132/><W128/><G128/><T15/><D39/><U5/><E5/><V114/><F135/><W35/><G35/><T63/><D38/><U77/><E96/><V98/><F97/><W86/><G4/><T3/><D61/><U30/><E30/><V70/><F70/><W14/><G6/><T84/><D3/><U44/><E44/><V59/><F114/><W53/><G29/><T13/><D103/><U43/><N who="1" m="16499" /><U80/><DORA hai="81" /><E77/><V100/><F59/><W22/><G57/><N who="0" m="36975" /><D15/><AGARI ba="0,0" hai="15,16,20,73,79,80,88,89" m="16499,41483" machi="15" ten="40,8000,1" yaku="14,1,52,1,54,2" doraHai="75,81" who="1" fromWho="0" sc="120,-80,230,80,320,0,330,0" /><INIT seed="3,0,0,1,4,84" ten="40,310,320,330" oya="3" hai0="72,104,99,3,82,111,47,21,2,39,62,35,9" hai1="80,60,128,117,7,17,23,61,71,106,6,112,114" hai2="108,122,15,57,31,25,14,51,96,46,5,129,40" hai3="64,113,58,29,20,91,79,43,102,11,70,103,101"/><W42/><G70/><T26/><D111/><U19/><E106/><V69/><F108/><W0/><G113/><T53/><D53/><U126/><E126/><V30/><F69/><W86/><G79/><T110/><D110/><U133/><E133/><V16/><F129/><W13/><G0/><T22/><D22/><U65/><E128/><V10/><F122/><W100/><G100/><T89/><D21/><U125/><E125/><V98/><F57/><W67/><G20/><T37/><D62/><U132/><E132/><V34/><F30/><W107/><G29/><T45/><D26/><U75/><E117/><V68/><F68/><W81/><G107/><T87/><D35/><U55/><E55/><V24/><F24/><W116/><G116/><T41/><D9/><AGARI ba="0,0" hai="5,9,10,14,15,16,25,31,34,40,46,51,96,98" machi="9" ten="30,2000,0" yaku="7,1,54,1" doraHai="84" who="2" fromWho="0" sc="40,-20,310,0,320,20,330,0" owari="20,-48.0,310,-9.0,340,44.0,330,13.0" /></mjloggm>