<mjloggm ver="2.3"><GO type="225" lobby="0"/><UN n0="%E3%81%8B%E3%82%8F%E3%81%A1%E3%82%83%E3%82%93%35%38" n1="%72%69%6F%75%63%68%61%6E" n2="%E3%82%B2%E3%82%B9%E8%8C%82%E5%8B%9D" n3="%E9%B3%B3%E6%9D%B1%E3%81%AE%E3%81%BF%E3%81%91%E3%81%AB%E3%82%83%E3%82%93" dan="16,16,16,17" rate="2148.53,2154.93,2126.33,2157.71" sx="M,M,F,F"/><TAIKYOKU oya="0"/><INIT seed="0,0,0,3,3,126" ten="250,250,250,250" oya="0" hai0="40,103,115,39,5,108,106,3,26,4,119,46,9" hai1="13,87,17,20,95,29,117,109,23,52,51,99,73" hai2="28,31,43,70,110,44,41,80,104,112,74,0,76" hai3="132,120,47,75,30,1,54,50,123,113,82,98,124"/><T65/><D115/><U84/><E117/><V91/><F112/><W127/><G113/><T34/><D119/><U57/><E109/><V88/><F110/><W83/><G1/><T81/><D108/><U33/><E73/><V102/><F70/><W135/><G30/><N who="0" m="19799" /><D5/><U38/><E38/><V63/><F0/><W24/><G24/><T36/><D81/><N who="3" m="30729" /><G98/><N who="0" m="61815" /><D65/><U58/><E33/><V14/><F63/><W69/><G75/><T92/><D92/><U59/><E20/><V130/><F130/><W86/><G86/><N who="1" m="32810" /><E29/><V85/><F14/><W45/><G69/><T37/><AGARI ba="0,0" hai="3,4,9,36,37,39,40,46" m="61815,19799" machi="37" ten="30,3000,0" yaku="33,2" doraHai="126" who="0" fromWho="0" sc="250,30,250,-10,250,-10,250,-10" /><INIT seed="0,1,0,3,0,78" ten="280,240,240,240" oya="0" hai0="102,31,10,81,3,36,107,25,26,27,49,86,96" hai1="93,33,30,133,100,0,61,116,32,110,127,37,17" hai2="9,20,6,14,48,72,58,94,2,108,88,46,54" hai3="42,63,69,55,128,97,122,53,119,74,1,28,57"/><T13/><D36/><U12/><E116/><V134/><F108/><W43/><G74/><T5/><D49/><U67/><E110/><V11/><F134/><W47/><G97/><T35/><REACH who="0" step="1"/><D3/><REACH who="0" ten="270,240,240,240" step="2"/><U132/><E37/><V18/><F72/><W120/><G119/><T45/><D45/><U4/><E0/><V8/><REACH who="2" step="1"/><F46/><REACH who="2" ten="270,240,230,240" step="2"/><W129/><G47/><T79/><AGARI ba="1,2" hai="5,10,13,25,26,27,31,35,79,81,86,96,102,107" machi="79" ten="20,12000,1" yaku="1,1,0,1,7,1,52,1,53,1" doraHai="78" doraHaiUra="77" who="0" fromWho="0" sc="270,143,240,-41,230,-41,240,-41" /><INIT seed="0,2,0,2,5,93" ten="413,199,189,199" oya="0" hai0="122,45,65,6,30,74,26,11,9,34,70,131,43" hai1="114,105,127,38,71,104,72,29,87,22,94,67,49" hai2="59,73,85,113,96,64,130,31,69,47,76,100,89" hai3="33,101,42,62,10,121,102,24,110,99,129,0,78"/><T119/><D119/><U1/><E72/><V15/><F130/><W80/><G129/><T41/><D122/><U116/><E116/><V3/><F113/><W112/><G112/><T32/><D131/><U75/><E114/><V134/><F3/><W60/><G110/><T124/><D124/><U23/><E75/><V5/><F134/><W66/><G42/><T51/><D43/><U82/><E38/><V103/><F69/><W115/><G115/><T125/><D11/><U58/><E1/><V63/><F31/><W118/><G118/><T40/><D40/><U84/><E127/><V57/><F47/><W90/><G10/><T18/><D74/><U81/><E71/><V92/><F73/><W123/><G0/><T13/><D125/><U37/><E37/><V135/><F135/><W111/><G111/><T83/><D83/><U16/><E94/><V120/><F120/><N who="3" m="46155" /><G24/><T107/><D107/><U68/><E68/><V25/><F25/><W19/><G19/><T128/><D128/><U91/><E29/><V79/><F57/><N who="3" m="37135" /><G62/><T8/><D8/><U21/><E16/><V55/><F64/><W36/><G36/><T35/><D18/><U132/><E132/><V126/><F126/><W50/><G50/><T44/><D44/><U48/><E67/><V95/><F103/><W56/><G56/><T133/><D133/><U39/><E39/><V17/><F5/><W14/><G14/><T20/><D65/><U98/><E58/><V77/><F17/><W108/><G108/><T97/><D70/><U52/><E48/><V106/><F15/><W2/><G2/><RYUUKYOKU ba="2,0" sc="413,15,199,-15,189,15,199,-15" hai0="6,9,13,20,26,30,32,34,35,41,45,51,97" hai2="55,59,63,76,77,79,85,89,92,95,96,100,106" /><INIT seed="0,3,0,1,3,103" ten="428,184,204,184" oya="0" hai0="108,127,73,18,69,11,107,14,38,114,4,83,46" hai1="121,66,72,90,49,135,85,31,48,60,3,30,82" hai2="34,13,6,71,80,111,59,40,15,5,54,42,105" hai3="8,41,51,99,0,33,22,23,29,126,102,25,106"/><T110/><D114/><U74/><E121/><V88/><F111/><W10/><G126/><T21/><D69/><U52/><E3/><V133/><F133/><W68/><G68/><T86/><D73/><U2/><E2/><V112/><F112/><W20/><REACH who="3" step="1"/><G0/><REACH who="3" ten="428,184,204,174" step="2"/><T75/><D127/><U128/><E135/><V94/><F71/><W16/><G16/><T101/><D18/><U65/><E128/><V109/><F109/><W57/><G57/><T62/><D110/><U63/><E30/><V123/><F123/><W53/><G53/><T118/><D108/><U116/><E31/><V130/><F130/><W24/><G24/><T27/><D27/><U44/><E116/><V7/><F59/><W125/><G125/><T47/><D118/><U76/><E48/><V131/><F54/><W61/><G61/><T104/><D62/><U113/><E113/><V100/><F131/><W55/><G55/><T89/><D38/><U81/><REACH who="1" step="1"/><E72/><REACH who="1" ten="428,174,204,174" step="2"/><V134/><F134/><W45/><AGARI ba="3,2" hai="8,10,20,22,23,25,29,33,41,45,51,99,102,106" machi="45" ten="30,7900,0" yaku="1,1,0,1,52,1,53,1" doraHai="103" doraHaiUra="96" who="3" fromWho="3" sc="428,-42,174,-23,204,-23,174,108" /><INIT seed="1,0,0,2,2,103" ten="386,151,181,282" oya="1" hai0="87,84,119,123,44,75,10,88,21,17,80,51,22" hai1="106,46,90,113,54,19,60,61,85,20,8,26,93" hai2="102,118,59,38,127,31,66,81,23,56,83,86,4" hai3="70,30,7,124,18,82,134,95,53,71,32,16,39"/><U126/><E113/><V58/><F118/><W97/><G39/><T57/><D75/><U110/><E126/><V76/><F127/><W47/><G7/><T41/><D119/><U25/><E110/><V105/><F38/><W114/><G30/><T69/><D69/><U132/><E132/><V48/><F4/><W99/><G32/><T52/><D123/><U45/><E106/><V125/><F125/><W40/><G53/><T11/><D84/><U1/><E25/><N who="2" m="16831" /><F105/><W37/><G99/><T63/><D22/><U13/><E1/><V5/><F102/><W100/><G134/><T108/><D108/><U55/><E55/><N who="2" m="31847" /><F5/><W79/><G114/><T12/><AGARI ba="0,0" hai="10,11,12,17,21,41,44,51,52,57,63,80,87,88" machi="12" ten="20,8000,1" yaku="0,1,7,1,8,1,54,2" doraHai="103" who="0" fromWho="0" sc="386,80,151,-40,181,-20,282,-20" /><INIT seed="2,0,0,5,4,73" ten="466,111,161,262" oya="2" hai0="29,82,90,71,64,92,67,126,76,35,70,125,77" hai1="129,0,21,50,133,61,11,38,86,115,41,78,60" hai2="16,23,57,45,83,87,48,104,114,55,22,6,52" hai3="2,26,51,101,81,74,36,18,30,42,127,132,9"/><V122/><F114/><W7/><G132/><T12/><D12/><U33/><E33/><V124/><F122/><W25/><G127/><N who="0" m="48651" /><D29/><U89/><E115/><V109/><F124/><W80/><G36/><T17/><D17/><U123/><E133/><V94/><F104/><W113/><G101/><T97/><D35/><U88/><E123/><V24/><F109/><W56/><G74/><N who="0" m="43287" /><D77/><U98/><E129/><V107/><F107/><W10/><G18/><T47/><D47/><N who="1" m="25967" /><E38/><V65/><F65/><AGARI ba="0,0" hai="64,65,67,70,71,90,92,97" m="43287,48651" machi="65" ten="30,2000,0" yaku="18,1,52,1" doraHai="73" who="0" fromWho="2" sc="466,20,111,0,161,-20,262,0" /><INIT seed="3,0,0,5,4,24" ten="486,111,141,262" oya="3" hai0="125,65,90,36,116,109,28,89,121,11,62,59,34" hai1="48,40,9,96,13,77,75,0,105,27,103,100,132" hai2="63,52,21,45,102,129,69,68,128,35,120,15,71" hai3="91,93,106,10,4,12,38,81,30,95,26,57,22"/><W32/><G106/><T117/><D36/><U78/><E132/><V33/><F120/><W6/><G38/><T8/><D121/><U5/><E75/><V3/><F3/><W37/><G37/><T119/><D109/><U135/><E135/><V133/><F102/><W44/><G44/><T110/><D110/><U97/><E0/><V18/><F133/><W42/><G42/><T85/><D125/><U61/><E61/><V39/><F39/><W134/><G134/><T46/><D46/><U104/><REACH who="1" step="1"/><E27/><REACH who="1" ten="486,101,141,262" step="2"/><V20/><F63/><W58/><G26/><T115/><D89/><U53/><E53/><V55/><F55/><W72/><G91/><T101/><D59/><U50/><E50/><N who="2" m="28751" /><F21/><W51/><G22/><T122/><D85/><U86/><E86/><V94/><F35/><W108/><G32/><T7/><D8/><U76/><E76/><V49/><F33/><W79/><G10/><T80/><D80/><U60/><E60/><V70/><F49/><W82/><G51/><T107/><D107/><U64/><E64/><V88/><N who="2" m="17408" /><DORA hai="118" /><V111/><F111/><W25/><G81/><T114/><D7/><U56/><E56/><V29/><F29/><W23/><G82/><T31/><D101/><U87/><E87/><V47/><F47/><AGARI ba="0,1" hai="5,9,13,40,47,48,77,78,96,97,100,103,104,105" machi="47" ten="40,8000,1" yaku="1,1,9,1,53,2" doraHai="24,118" doraHaiUra="17,73" who="1" fromWho="2" sc="486,0,101,90,141,-80,262,0" owari="486,58.6,191,-20.9,61,-43.9,262,6.2" /></mjloggm>