<mjloggm ver="2.3"><GO type="225" lobby="0"/><UN n0="%6B%6F%64%61%6D%61%6E%37" n1="%E3%83%8F%E3%83%B3%E3%83%89%E3%83%A9%E3%83%BC%E3%83%BB%E3%83%AF%E3%83%B3" n2="%E5%A4%9C%E5%85%89%E5%A4%A9%E6%A5%BC" n3="%72%69%6F%75%63%68%61%6E" dan="16,17,17,16" rate="2094.56,2182.51,2190.48,2243.62" sx="M,M,M,M"/><TAIKYOKU oya="0"/><INIT seed="0,0,0,3,1,49" ten="250,250,250,250" oya="0" hai0="68,91,0,116,134,35,117,124,102,76,114,12,56" hai1="26,71,43,83,28,120,19,109,127,82,37,98,6" hai2="85,112,25,107,94,122,7,108,133,53,126,121,47" hai3="89,90,73,1,84,13,39,57,17,93,52,110,78"/><T105/><D68/><U5/><E120/><V8/><F112/><W79/><G1/><T63/><D0/><U54/><E71/><V31/><F107/><W23/><G110/><T34/><D114/><U59/><E109/><V129/><F108/><W86/><G39/><T135/><D76/><U61/><E19/><V70/><F70/><W72/><G72/><T69/><D12/><U132/><E132/><N who="0" m="50729" /><D124/><U75/><E127/><V77/><F133/><W99/><G73/><T51/><D91/><U50/><E37/><V81/><F126/><W96/><G96/><N who="0" m="61639" /><D51/><U29/><E98/><V97/><F122/><W125/><G125/><T41/><D41/><U9/><E75/><V130/><F121/><W55/><G99/><T123/><D123/><U36/><E36/><V3/><F97/><W44/><G44/><T60/><D60/><U64/><E43/><V67/><F47/><W106/><G106/><T92/><D92/><U87/><E82/><V95/><F94/><N who="3" m="54567" /><G55/><N who="0" m="34207" /><D69/><U22/><E9/><V88/><F95/><W18/><G18/><T65/><D65/><U113/><E113/><V119/><F67/><W27/><G13/><T40/><D40/><U38/><E38/><V45/><F45/><W24/><G27/><T21/><D21/><U2/><E2/><V42/><F42/><W66/><G66/><T15/><D15/><U20/><E20/><N who="2" m="15783" /><F53/><W74/><G74/><T11/><D11/><U118/><E29/><V100/><F100/><W111/><G111/><T10/><D10/><U131/><E28/><V101/><F101/><W33/><G33/><AGARI ba="0,0" hai="33,34,35,116,117" m="34207,61639,50729" machi="33" ten="30,2900,0" yaku="20,1,52,1" doraHai="49" who="0" fromWho="3" sc="250,29,250,0,250,0,250,-29" /><INIT seed="0,1,0,4,5,132" ten="279,250,250,221" oya="0" hai0="124,116,102,50,127,91,51,105,97,53,89,71,128" hai1="38,54,55,12,107,131,117,95,113,85,16,111,67" hai2="87,35,83,40,75,7,68,8,48,118,37,96,44" hai3="73,133,80,33,34,82,13,30,69,36,77,11,1"/><T23/><D71/><U41/><E113/><V104/><F118/><W28/><G133/><T108/><D116/><U125/><E117/><V32/><F68/><W42/><G69/><T18/><D128/><U112/><E107/><V130/><F130/><W39/><G82/><T84/><D51/><U122/><E112/><V0/><F48/><W115/><G115/><T10/><D108/><U126/><E122/><V99/><F99/><W78/><G78/><T29/><D29/><U62/><E131/><V135/><F87/><W110/><G110/><T129/><D10/><U79/><E111/><V61/><F61/><W9/><G9/><T88/><D84/><U24/><E24/><V81/><F81/><W74/><G74/><T65/><D65/><U123/><E123/><V134/><F134/><W15/><G15/><T26/><REACH who="0" step="1"/><D129/><REACH who="0" ten="269,250,250,221" step="2"/><U2/><E67/><V3/><F135/><W47/><G36/><T98/><D98/><U25/><E38/><V31/><F31/><W59/><G28/><T4/><D4/><U72/><E85/><V20/><F20/><W57/><G30/><T120/><D120/><U101/><E62/><V86/><F86/><W63/><G63/><T14/><D14/><U106/><E12/><V43/><F0/><W19/><REACH who="3" step="1"/><G1/><REACH who="3" ten="269,250,250,211" step="2"/><T92/><D92/><U49/><E95/><V60/><F60/><W56/><AGARI ba="1,2" hai="11,13,19,33,34,39,42,47,56,57,59,73,77,80" machi="56" ten="30,4000,0" yaku="1,1,2,1,0,1,53,0" doraHai="132" doraHaiUra="17" who="3" fromWho="3" sc="269,-21,250,-11,250,-11,211,63" /><INIT seed="1,0,0,1,2,78" ten="248,239,239,274" oya="1" hai0="131,121,9,79,90,10,84,18,132,15,49,59,38" hai1="6,108,75,65,30,91,98,5,93,92,61,52,87" hai2="51,115,2,46,100,42,37,89,33,124,71,85,29" hai3="36,0,120,67,88,127,27,26,116,19,80,20,133"/><U73/><E108/><V69/><F2/><W119/><G120/><T31/><D38/><U77/><E30/><V130/><F130/><W32/><G127/><T63/><D131/><U56/><E75/><V40/><F124/><W8/><G133/><T95/><D132/><U17/><E73/><V99/><F115/><W43/><G67/><T12/><D121/><U86/><E17/><V82/><F42/><W22/><G32/><T23/><D49/><U48/><E86/><V58/><F58/><W112/><G112/><T126/><D126/><U64/><E65/><V16/><F37/><W45/><G0/><T129/><D129/><U57/><REACH who="1" step="1"/><E77/><REACH who="1" ten="248,229,239,274" step="2"/><V1/><F16/><N who="3" m="12551" /><G8/><N who="0" m="3179" /><D79/><U7/><E7/><V81/><F1/><W110/><G110/><T35/><D31/><U60/><E60/><V117/><F29/><W97/><G119/><T123/><D123/><U53/><E53/><V128/><F117/><W94/><G116/><T68/><D35/><U72/><E72/><V125/><F33/><W62/><G62/><T122/><D122/><U50/><E50/><V106/><F128/><W113/><G113/><T44/><D63/><U14/><E14/><V118/><F118/><W66/><G66/><T4/><D12/><U96/><E96/><V114/><F125/><W21/><G21/><T134/><D4/><U28/><E28/><V47/><F114/><W102/><G36/><T101/><D134/><U13/><E13/><V34/><F34/><W83/><G22/><T41/><D23/><U70/><E70/><N who="2" m="26635" /><F82/><N who="3" m="31275" /><G19/><T135/><D18/><U107/><E107/><V111/><F111/><RYUUKYOKU ba="0,1" sc="248,-15,229,15,239,15,274,-15" hai1="5,6,48,52,56,57,61,64,87,91,92,93,98" hai2="40,46,47,51,81,85,89,99,100,106" /><INIT seed="1,1,1,2,0,128" ten="233,244,254,259" oya="1" hai0="52,95,54,43,81,38,115,44,37,10,88,27,57" hai1="32,34,35,80,5,18,87,22,47,8,36,61,119" hai2="123,105,53,24,114,71,58,102,69,72,40,118,11" hai3="135,62,12,79,76,99,91,108,117,104,60,28,122"/><U73/><E119/><V98/><F118/><W126/><G117/><T48/><D115/><U75/><E61/><V15/><F123/><W20/><G135/><T33/><D81/><U121/><E121/><V64/><F114/><W127/><G122/><T56/><D10/><U132/><E132/><V30/><F40/><W130/><G108/><T77/><D77/><U124/><E124/><N who="3" m="47658" /><G130/><T21/><D33/><U19/><E47/><V94/><F72/><W25/><G12/><T78/><D78/><N who="3" m="29737" /><G91/><T109/><D109/><U1/><E36/><V59/><F105/><W89/><G89/><T26/><D38/><U29/><E75/><V85/><F15/><W14/><G14/><T116/><D116/><U23/><E87/><V0/><F85/><W3/><G3/><T112/><D112/><U4/><E80/><V129/><F0/><W101/><AGARI ba="1,1" hai="20,25,28,60,62,99,101,104" m="29737,47658" machi="101" ten="30,1100,0" yaku="18,1" doraHai="128" who="3" fromWho="3" sc="233,-4,244,-6,254,-4,259,24" /><INIT seed="2,0,0,0,3,86" ten="229,238,250,283" oya="2" hai0="9,110,46,121,0,27,132,2,114,8,112,100,119" hai1="29,56,63,103,83,120,11,122,28,1,64,75,20" hai2="48,94,62,123,41,37,93,78,59,77,6,51,108" hai3="65,5,128,58,43,54,33,49,116,79,73,117,14"/><V102/><F123/><N who="1" m="47145" /><E103/><V92/><F108/><W105/><G33/><T12/><D121/><U106/><E106/><V98/><F6/><W91/><G105/><T88/><D100/><U74/><E20/><V87/><F37/><W104/><G104/><T22/><D46/><U71/><E71/><V42/><F93/><W38/><G128/><T50/><D50/><N who="2" m="18986" /><F78/><W113/><G113/><T25/><D110/><U44/><E44/><V70/><F70/><W80/><G5/><T4/><D88/><U85/><E11/><V66/><F77/><W107/><G107/><T115/><D132/><U129/><E1/><N who="0" m="617" /><D119/><U3/><E3/><V61/><F62/><W67/><G14/><N who="0" m="5383" /><D22/><U99/><E99/><V18/><F92/><W96/><G117/><T52/><D52/><U55/><E55/><V23/><F87/><W35/><G116/><T82/><D82/><U125/><E75/><V69/><F69/><W95/><REACH who="3" step="1"/><G35/><REACH who="3" ten="229,238,250,273" step="2"/><T97/><D97/><U126/><E129/><V31/><F98/><W134/><G134/><T30/><D30/><U47/><E28/><V68/><F31/><W133/><G133/><T24/><D114/><U101/><E29/><V60/><F68/><W26/><G26/><N who="0" m="6659" /><T130/><DORA hai="84" /><D130/><U109/><E109/><V15/><F15/><W40/><G40/><T32/><D32/><U135/><E135/><V111/><F111/><W90/><G90/><T13/><D13/><U17/><E101/><V19/><F42/><W45/><AGARI ba="0,1" hai="38,43,45,49,54,58,65,67,73,79,80,91,95,96" machi="45" ten="30,7900,0" yaku="1,1,0,1,52,2,53,0" doraHai="86,84" doraHaiUra="7,57" who="3" fromWho="3" sc="229,-20,238,-20,250,-39,273,89" /><INIT seed="3,0,0,5,5,121" ten="209,218,211,362" oya="3" hai0="94,80,27,93,124,92,106,77,65,131,41,55,112" hai1="9,14,37,69,107,128,116,89,134,75,83,42,127" hai2="8,11,0,57,43,115,52,111,71,85,25,34,47" hai3="88,103,20,123,10,38,72,95,1,104,53,132,100"/><W59/><G38/><T35/><D41/><U109/><RYUUKYOKU type="yao9" ba="0,0" sc="209,0,218,0,211,0,362,0" hai1="9,14,37,42,69,75,83,89,107,109,116,127,128,134" /><INIT seed="3,1,0,1,5,129" ten="209,218,211,362" oya="3" hai0="45,96,20,84,64,130,16,4,72,33,89,125,70" hai1="29,30,63,113,37,0,79,135,54,62,87,40,51" hai2="77,3,19,80,46,95,132,122,91,119,44,93,48" hai3="24,66,42,134,7,128,15,97,88,61,59,110,112"/><W32/><G134/><T25/><D72/><U31/><E0/><V85/><F119/><W94/><G112/><T18/><D130/><U116/><E135/><V69/><F132/><W12/><G128/><T76/><D125/><U55/><E113/><V6/><F122/><W123/><G123/><T120/><D120/><U28/><E28/><V1/><F69/><W58/><G110/><T74/><D33/><U90/><E79/><V124/><F124/><W22/><G32/><T73/><D4/><U5/><E5/><V50/><F19/><W56/><G42/><T111/><D111/><U10/><E10/><V101/><F6/><W49/><G49/><N who="2" m="19049" /><F3/><W83/><G83/><N who="0" m="47207" /><D45/><N who="2" m="17514" /><F1/><W103/><G103/><T127/><D127/><U8/><E116/><V82/><F77/><W17/><G12/><N who="0" m="9223" /><D64/><U105/><E105/><V92/><F82/><W86/><G86/><T60/><D70/><U36/><E36/><V81/><F80/><W104/><G104/><T43/><D43/><U65/><E40/><V26/><F26/><W67/><G66/><T98/><D60/><U126/><E63/><V118/><F118/><W107/><G107/><T13/><D25/><U9/><E37/><V11/><F11/><AGARI ba="1,0" hai="7,11,15,17,22,24,56,58,59,61,67,88,94,97" machi="11" ten="40,3900,0" yaku="8,1,54,1" doraHai="129" who="3" fromWho="2" sc="209,0,218,0,211,-42,362,42" owari="209,-19.1,218,1.8,169,-33.1,404,50.4" /></mjloggm>