<mjloggm ver="2.3"><GO type="225" lobby="0"/><UN n0="%E3%82%B2%E3%82%B9%E8%8C%82%E5%8B%9D" n1="%E3%81%B2%E3%81%AA%E3%81%AE%E3%82%8A%E3%81%8F" n2="%E7%99%BD%E5%92%B2%E8%8A%B1%E3%81%A1%E3%82%83%E3%82%93" n3="%E7%99%BD%E6%97%A5%E9%9B%AA%E8%8F%9C" dan="16,17,16,16" rate="2065.32,2181.92,2097.60,2142.24" sx="F,M,F,M"/><TAIKYOKU oya="0"/><INIT seed="0,0,0,3,1,105" ten="250,250,250,250" oya="0" hai0="0,18,46,13,34,39,66,51,3,121,64,25,96" hai1="60,45,68,63,9,81,58,133,110,89,112,74,7" hai2="20,122,135,102,116,32,19,44,24,109,113,41,14" hai3="106,48,4,108,50,42,1,15,57,88,2,94,84"/><T37/><D121/><U115/><E110/><V99/><F122/><W61/><G106/><T29/><D96/><U35/><E35/><V80/><F135/><W85/><G108/><T128/><D128/><U77/><E133/><V71/><F116/><W56/><G56/><T131/><D131/><U126/><E126/><V95/><F113/><N who="1" m="43593" /><E68/><V54/><F71/><W30/><G30/><T76/><D76/><U8/><E8/><V55/><F109/><W98/><G1/><T47/><D3/><N who="1" m="255" /><E58/><V40/><F40/><W12/><G2/><T119/><D0/><U134/><E134/><V104/><F104/><W78/><G4/><T132/><D132/><U23/><E23/><V26/><F80/><N who="3" m="47127" /><G98/><T52/><D119/><U127/><E127/><V103/><F32/><W107/><G107/><T65/><REACH who="0" step="1"/><D46/><REACH who="0" ten="240,250,250,250" step="2"/><U82/><E45/><V6/><F99/><W75/><G75/><T5/><D5/><U16/><E77/><V17/><F6/><W91/><G91/><T38/><D38/><U67/><E74/><V97/><F44/><N who="3" m="25623" /><G50/><T93/><D93/><U100/><E89/><V111/><F111/><W62/><G62/><T33/><D33/><U28/><E63/><V90/><F90/><W10/><G61/><T124/><D124/><U43/><E60/><V73/><F73/><W70/><G94/><T11/><AGARI ba="0,1" hai="11,13,18,25,29,34,37,39,47,51,52,64,65,66" machi="11" ten="30,6000,0" yaku="1,1,0,1,54,1,53,0" doraHai="105" doraHaiUra="53" who="0" fromWho="0" sc="240,70,250,-20,250,-20,250,-20" /><INIT seed="0,1,0,4,2,114" ten="310,230,230,230" oya="0" hai0="3,4,63,99,113,101,88,21,12,36,66,22,69" hai1="9,110,131,44,102,75,120,116,105,26,85,80,78" hai2="35,25,38,24,109,93,77,2,48,73,117,81,86" hai3="70,60,41,30,29,31,72,135,95,92,126,49,83"/><T65/><D113/><U50/><E120/><V8/><F109/><W0/><G0/><T118/><D36/><U27/><E110/><V129/><F129/><W1/><G1/><T40/><D40/><U55/><E131/><V134/><F134/><W10/><G10/><T34/><D65/><U123/><E123/><V82/><F93/><W84/><G135/><T53/><D3/><U122/><E122/><V20/><F48/><W13/><G72/><T96/><D34/><U64/><E116/><V74/><F38/><W5/><G126/><T54/><D118/><U107/><E75/><V17/><F117/><W132/><G132/><T52/><D4/><U94/><E64/><V46/><F46/><N who="3" m="25807" /><G60/><T23/><D12/><U33/><E9/><V79/><F86/><W124/><G70/><T32/><D32/><U130/><E130/><V6/><REACH who="2" step="1"/><F35/><REACH who="2" ten="310,230,220,230" step="2"/><W67/><G124/><T58/><D69/><U111/><E111/><V71/><F71/><W37/><G37/><T128/><D128/><U103/><E33/><V57/><F57/><W45/><G45/><T68/><D68/><U127/><E127/><V119/><F119/><W62/><G95/><N who="0" m="56423" /><D66/><U133/><E133/><V125/><F125/><W98/><G67/><T76/><D76/><U61/><E94/><AGARI ba="1,1" hai="21,22,23,52,53,54,58,63,94,99,101" m="56423" machi="94" ten="30,5800,0" yaku="8,1,54,2" doraHai="114" who="0" fromWho="1" sc="310,71,230,-61,220,0,230,0" /><INIT seed="0,2,0,2,3,82" ten="381,169,220,230" oya="0" hai0="23,50,2,122,120,92,128,1,54,20,111,121,132" hai1="113,37,14,31,30,77,71,135,59,32,110,63,68" hai2="99,57,85,47,29,117,126,33,75,106,34,40,3" hai3="22,112,73,103,16,124,43,9,108,84,21,91,129"/><T125/><D92/><U46/><E135/><V95/><F126/><W72/><G112/><T133/><D54/><U4/><E113/><V52/><F3/><N who="0" m="1034" /><D50/><U88/><E77/><V131/><F131/><W64/><G129/><T69/><D69/><U58/><E110/><V42/><F75/><W45/><G124/><T96/><D96/><U15/><E32/><V44/><F117/><W70/><G108/><T94/><D94/><U98/><E4/><V107/><F29/><W127/><G103/><T79/><D79/><U119/><E119/><V6/><F95/><W13/><G127/><T26/><D125/><U10/><E10/><V102/><F6/><W53/><G53/><T35/><D128/><U104/><E46/><V80/><F107/><W8/><G64/><T28/><D111/><U27/><E98/><V5/><F5/><W76/><G70/><T49/><D49/><U130/><E130/><V24/><F42/><W12/><G76/><T109/><D109/><U78/><E78/><V90/><F24/><W118/><G118/><T81/><D81/><U89/><E27/><V61/><REACH who="2" step="1"/><F47/><REACH who="2" ten="381,169,210,230" step="2"/><W48/><G73/><T39/><D39/><AGARI ba="2,1" hai="33,34,39,40,44,52,57,61,80,85,90,99,102,106" machi="39" ten="30,8000,1" yaku="1,1,2,1,7,1,52,1,54,1,53,0" doraHai="82" doraHaiUra="65" who="2" fromWho="0" sc="381,-86,169,0,210,96,230,0" /><INIT seed="1,0,0,4,3,119" ten="295,169,306,230" oya="1" hai0="25,107,88,100,16,11,42,132,134,17,40,73,77" hai1="79,39,126,56,28,3,71,78,34,125,8,64,111" hai2="20,6,36,83,58,112,22,124,86,45,66,135,70" hai3="128,0,26,113,80,49,72,31,1,9,122,92,131"/><U52/><E39/><V118/><F118/><W62/><G113/><T91/><D100/><U81/><E34/><V63/><F124/><N who="1" m="47721" /><E28/><V19/><F135/><N who="0" m="51754" /><D107/><U105/><E105/><V82/><F112/><W38/><G38/><T93/><D77/><U30/><E30/><V123/><F6/><W50/><G31/><T127/><D73/><N who="1" m="43215" /><E79/><V23/><F36/><W103/><G72/><T102/><D102/><U18/><E111/><V116/><F116/><W68/><G103/><T24/><D127/><U46/><E46/><V89/><F45/><W48/><G131/><T10/><D24/><U37/><E37/><V76/><F76/><W41/><G26/><T133/><D133/><U55/><E71/><V121/><F70/><W60/><G68/><T12/><D91/><U104/><E104/><V65/><F19/><W5/><G128/><T98/><D25/><U47/><E47/><V27/><F27/><W97/><G5/><T69/><D69/><U95/><E95/><V84/><F66/><W59/><G92/><T110/><D110/><U96/><E96/><V32/><F32/><W115/><G97/><T67/><D67/><U7/><E18/><V43/><F43/><N who="0" m="16426" /><D17/><U35/><E35/><V94/><REACH who="2" step="1"/><F86/><REACH who="2" ten="295,169,296,230" step="2"/><W4/><G115/><T61/><D10/><U85/><E85/><V87/><F87/><W21/><G9/><T109/><D109/><U29/><E29/><V108/><F108/><W44/><G41/><T74/><D74/><U114/><E114/><V99/><F99/><W130/><G130/><T75/><D75/><U129/><E129/><V33/><F33/><RYUUKYOKU ba="0,1" sc="295,10,169,10,296,10,230,-30" hai0="11,12,16,61,88,93,98" hai1="3,7,8,52,55,56,64" hai2="20,22,23,58,63,65,82,83,84,89,94,121,123" /><INIT seed="1,1,1,2,4,124" ten="305,179,306,200" oya="1" hai0="58,5,109,1,120,83,54,20,2,60,67,22,100" hai1="125,90,48,106,101,56,69,39,86,94,75,82,79" hai2="127,121,119,8,89,135,59,14,134,123,70,25,87" hai3="114,81,117,95,84,15,85,97,55,7,33,12,50"/><U126/><E69/><V116/><F70/><W68/><G68/><T51/><D109/><U63/><E39/><V132/><F59/><W16/><G114/><T23/><D120/><N who="2" m="46154" /><F87/><W105/><G33/><T19/><D100/><U62/><E48/><V80/><F80/><W41/><G105/><T96/><D96/><N who="1" m="61735" /><E63/><V76/><F76/><W65/><G65/><AGARI ba="1,1" hai="56,62,65,75,79,82,86,90,94,125,126" m="61735" machi="65" ten="30,1500,0" yaku="24,1" doraHai="124" who="1" fromWho="3" sc="305,0,179,28,306,0,200,-18" /><INIT seed="1,2,0,2,0,97" ten="305,207,306,182" oya="1" hai0="98,14,29,36,8,113,18,95,63,115,77,122,80" hai1="111,21,107,44,65,55,46,71,131,35,31,34,13" hai2="99,42,100,16,64,130,79,22,73,49,53,62,134" hai3="90,15,39,67,88,48,125,121,45,105,104,38,3"/><U24/><E131/><V101/><F134/><W87/><G121/><T132/><D132/><U117/><E117/><V108/><F108/><W40/><G3/><T119/><D119/><U92/><E107/><V52/><F130/><W103/><G125/><T102/><D122/><U32/><E111/><V120/><F120/><W109/><G109/><T26/><D63/><U75/><E75/><V9/><F9/><W47/><G67/><T126/><D36/><U76/><E76/><V17/><F73/><W123/><G123/><T129/><D126/><U91/><E55/><N who="2" m="21067" /><F79/><W19/><G38/><T128/><D129/><U50/><E50/><V6/><F6/><W94/><G90/><T72/><REACH who="0" step="1"/><D128/><REACH who="0" ten="295,207,306,182" step="2"/><U60/><REACH who="1" step="1"/><E13/><REACH who="1" ten="295,197,306,182" step="2"/><V27/><F49/><W20/><G48/><T66/><D66/><U0/><E0/><V114/><F64/><W85/><G39/><T127/><D127/><U116/><E116/><V58/><F62/><W28/><G15/><T112/><D112/><U61/><E61/><V89/><F114/><W5/><G40/><T43/><D43/><U41/><E41/><V70/><F42/><W124/><G124/><T68/><D68/><U81/><E81/><V69/><F70/><W2/><G2/><T93/><D93/><U110/><E110/><V96/><F69/><W51/><G94/><T86/><D86/><AGARI ba="2,2" hai="21,24,31,32,34,35,44,46,60,65,71,86,91,92" machi="86" ten="40,2000,0" yaku="1,1,53,0" doraHai="97" doraHaiUra="74" who="1" fromWho="0" sc="295,-26,197,46,306,0,182,0" /><INIT seed="1,3,0,4,5,103" ten="269,243,306,182" oya="1" hai0="69,106,88,95,55,10,80,68,122,60,84,45,57" hai1="99,130,108,113,125,87,83,133,73,13,43,59,41" hai2="1,116,92,77,76,70,23,17,36,18,12,131,134" hai3="16,123,105,110,19,89,128,120,53,26,38,37,48"/><U135/><E113/><V97/><F116/><W102/><G110/><T101/><D122/><U78/><E108/><V90/><F131/><W3/><G3/><T42/><D10/><U124/><E73/><V62/><F134/><N who="1" m="51209" /><E130/><V7/><F36/><W117/><G128/><T91/><D101/><U96/><E59/><V72/><F72/><W119/><G89/><T79/><D106/><U22/><E13/><V67/><F1/><W29/><G102/><T25/><D25/><U132/><E22/><V58/><F7/><W107/><G53/><T40/><D91/><U9/><E9/><V71/><REACH who="2" step="1"/><F18/><REACH who="2" ten="269,243,296,182" step="2"/><W52/><G19/><T0/><D0/><U86/><E132/><V109/><F109/><W35/><G16/><T61/><D61/><U51/><E51/><V39/><F39/><W114/><G114/><T4/><D4/><U21/><E125/><V129/><F129/><W54/><G38/><T56/><D60/><U31/><E124/><V121/><F121/><W24/><G37/><T75/><D75/><U104/><E87/><V34/><F34/><W33/><G29/><T30/><D84/><U127/><E127/><V64/><F64/><W63/><G48/><T47/><D30/><U27/><E99/><V11/><F11/><W65/><G63/><T49/><D49/><U6/><E6/><V118/><F118/><W5/><G5/><T82/><D42/><N who="1" m="15883" /><E96/><V50/><F50/><W100/><G100/><T2/><D2/><U126/><E126/><V66/><F66/><AGARI ba="3,1" hai="24,26,33,35,52,54,65,66,105,107,117,119,120,123" machi="66" ten="25,8000,1" yaku="22,2,52,2,54,1" doraHai="103" who="3" fromWho="2" sc="269,0,243,0,296,-89,182,99" /><INIT seed="2,0,0,5,1,18" ten="269,243,207,281" oya="2" hai0="122,61,38,51,47,101,49,6,0,5,120,75,56" hai1="87,103,7,81,107,99,45,108,129,114,89,134,86" hai2="65,22,133,14,82,12,76,19,79,64,83,78,135" hai3="26,132,84,9,23,30,68,97,20,44,105,4,106"/><V28/><F28/><W62/><G132/><N who="2" m="50761" /><F14/><W35/><G44/><T72/><D101/><U88/><E134/><V91/><F91/><W31/><G84/><T53/><D38/><U41/><E108/><V8/><F8/><W93/><G31/><T85/><D85/><U21/><E129/><V128/><F128/><W54/><G105/><T100/><D100/><U110/><E110/><V69/><F69/><W24/><G106/><T36/><D36/><U67/><E67/><AGARI ba="0,0" hai="12,19,22,64,65,67,76,78,79,82,83" m="50761" machi="67" ten="30,2900,0" yaku="20,1,52,1" doraHai="18" who="2" fromWho="1" sc="269,0,243,-29,207,29,281,0" /><INIT seed="2,1,0,5,4,84" ten="269,214,236,281" oya="2" hai0="61,41,22,125,103,63,60,110,106,18,43,58,119" hai1="74,12,86,126,25,134,13,130,56,15,51,72,121" hai2="52,73,69,45,55,4,85,115,0,2,79,5,118" hai3="109,59,89,91,102,94,132,111,11,40,34,105,113"/><V20/><F115/><W114/><G34/><T67/><D110/><N who="3" m="41993" /><G40/><N who="0" m="15435" /><D106/><U133/><E130/><V88/><F118/><W90/><G132/><N who="1" m="50794" /><E126/><V71/><F73/><N who="1" m="28265" /><E121/><V68/><F79/><W23/><G105/><T19/><D125/><U17/><E25/><V78/><F78/><W128/><G128/><T37/><D37/><U96/><E96/><V8/><F20/><W35/><G35/><T92/><D119/><U49/><E86/><V122/><F122/><W42/><G42/><T28/><D28/><U39/><E39/><V24/><F24/><W16/><G11/><T53/><D67/><U9/><E51/><V30/><F30/><W47/><G47/><T75/><D75/><U93/><E93/><V57/><F45/><W124/><G124/><T6/><D6/><U99/><E99/><V100/><F57/><W76/><G76/><T31/><D31/><U117/><E117/><V21/><F71/><W50/><G94/><T82/><D82/><U81/><E81/><V104/><F104/><W129/><G129/><T33/><D33/><U65/><E49/><V26/><F69/><W32/><G32/><T1/><D1/><U87/><E9/><N who="2" m="2183" /><F68/><W66/><G113/><T38/><D38/><U7/><E7/><V135/><F135/><W108/><G108/><T107/><D107/><U62/><E17/><N who="0" m="6153" /><D22/><U97/><E97/><AGARI ba="1,0" hai="53,58,60,61,63,92,97,103" m="6153,15435" machi="97" ten="30,1000,0" yaku="8,1" doraHai="84" who="0" fromWho="1" sc="269,13,214,-13,236,0,281,0" /><INIT seed="3,0,0,4,2,61" ten="282,201,236,281" oya="3" hai0="128,119,9,77,112,101,96,76,63,38,56,39,108" hai1="6,118,84,16,78,44,54,27,89,10,127,82,121" hai2="134,36,52,87,109,69,107,74,8,132,31,102,4" hai3="130,24,3,23,113,117,62,64,100,7,79,90,75"/><W22/><G113/><T126/><D119/><U116/><E121/><V50/><F74/><W86/><G117/><T43/><D112/><U55/><E127/><V95/><F36/><W59/><G100/><T88/><D126/><U125/><E125/><V47/><F69/><W81/><G130/><T83/><D128/><U80/><E118/><V17/><F109/><W58/><G58/><T114/><D114/><U46/><E116/><V20/><F31/><W13/><G3/><T60/><D108/><U0/><E46/><V65/><F107/><W18/><G7/><T12/><D39/><U123/><E123/><V37/><F37/><W14/><G23/><T41/><D60/><U19/><E27/><V26/><F65/><W91/><G91/><T71/><D71/><U73/><REACH who="1" step="1"/><E44/><REACH who="1" ten="282,191,236,281" step="2"/><V105/><F105/><W98/><G98/><T124/><D124/><U135/><E135/><V42/><F134/><W57/><G57/><T25/><D25/><U45/><E45/><V129/><F132/><W110/><G110/><T51/><D38/><U29/><E29/><V120/><F129/><W133/><G133/><T99/><D96/><U70/><E70/><V103/><F120/><W53/><G90/><T115/><D88/><U33/><E33/><V111/><F111/><W2/><G24/><T5/><D115/><U104/><E104/><V92/><F42/><W67/><G79/><T40/><D76/><U30/><E30/><V94/><REACH who="2" step="1"/><F87/><REACH who="2" ten="282,191,226,281" step="2"/><W35/><G86/><N who="0" m="48495" /><D40/><U15/><E15/><AGARI ba="0,2" hai="4,8,15,17,20,26,47,50,52,92,94,95,102,103" machi="15" ten="40,5200,0" yaku="1,1,8,1,54,1,53,0" doraHai="61" doraHaiUra="72" who="2" fromWho="1" sc="282,0,191,-52,226,72,281,0" /><INIT seed="4,0,0,0,0,30" ten="282,139,298,281" oya="0" hai0="134,48,62,8,39,101,24,102,75,35,91,120,76" hai1="124,49,41,84,135,122,87,13,46,132,97,83,99" hai2="38,19,114,22,68,1,127,92,123,27,125,11,72" hai3="10,53,105,28,67,133,70,73,15,98,96,106,113"/><T12/><D120/><U17/><E122/><V0/><F123/><W54/><G73/><T108/><D134/><N who="1" m="51243" /><E124/><N who="2" m="47691" /><F114/><W44/><G133/><T25/><D39/><U52/><E41/><V93/><F72/><W45/><G113/><T115/><D115/><U64/><E64/><V20/><F68/><W21/><G67/><T74/><D108/><U82/><E82/><V81/><F81/><W88/><G70/><T50/><D62/><U3/><E3/><N who="2" m="1099" /><F11/><W130/><G130/><T57/><D76/><N who="1" m="46183" /><E87/><V37/><F22/><AGARI ba="0,0" hai="13,17,22,46,49,52,97,99" m="46183,51243" machi="22" ten="30,2000,0" yaku="20,1,54,1" doraHai="30" who="1" fromWho="2" sc="282,0,139,20,298,-20,281,0" /><INIT seed="5,0,0,0,0,131" ten="282,159,278,281" oya="1" hai0="39,52,85,83,89,66,91,70,110,37,44,107,9" hai1="12,134,98,64,90,45,21,61,93,51,103,7,82" hai2="6,128,0,122,129,80,76,123,59,36,25,2,60" hai3="53,135,88,105,56,75,17,109,92,74,54,10,43"/><U20/><E7/><V16/><F36/><W13/><G109/><T119/><D110/><U77/><E134/><V72/><F122/><W78/><G105/><T65/><D107/><U71/><E103/><V1/><F123/><W124/><G135/><T127/><D127/><U113/><E113/><V117/><F6/><W22/><G43/><T29/><D119/><U121/><E121/><V99/><F99/><W57/><G124/><T34/><D9/><U42/><REACH who="1" step="1"/><E12/><REACH who="1" ten="282,149,278,281" step="2"/><V8/><F117/><W30/><G13/><T96/><D37/><U49/><E49/><V106/><F106/><W69/><G75/><AGARI ba="0,1" hai="20,21,42,45,51,61,64,71,75,77,82,90,93,98" machi="75" ten="30,2900,0" yaku="1,1,7,1,53,0" doraHai="131" doraHaiUra="132" who="1" fromWho="3" sc="282,0,149,39,278,0,281,-29" /><INIT seed="5,1,0,5,3,17" ten="282,188,278,252" oya="1" hai0="135,123,23,6,33,54,63,69,71,43,79,58,74" hai1="32,99,3,116,132,126,57,130,113,100,28,37,48" hai2="128,91,47,94,84,76,109,77,75,67,83,93,60" hai3="78,87,108,129,41,65,56,64,18,98,61,81,73"/><U105/><RYUUKYOKU type="yao9" ba="1,0" sc="282,0,188,0,278,0,252,0" hai1="3,28,32,37,48,57,99,100,105,113,116,126,130,132" /><INIT seed="5,2,0,0,4,74" ten="282,188,278,252" oya="1" hai0="64,2,68,73,35,93,82,66,13,33,3,9,47" hai1="31,124,29,12,79,113,16,116,106,20,58,90,23" hai2="32,89,132,60,14,41,97,36,61,27,131,103,21" hai3="107,71,25,45,98,19,88,102,111,11,108,81,127"/><U70/><E116/><V110/><F110/><W112/><G71/><T10/><D93/><U133/><E70/><V119/><F119/><W15/><G112/><T114/><D114/><U34/><E113/><V100/><F32/><W130/><G130/><T18/><D47/><U39/><E34/><V4/><F131/><W80/><G127/><T51/><D51/><U87/><E124/><V109/><F36/><W91/><G45/><T50/><D50/><U78/><E39/><V26/><F41/><W67/><G67/><T128/><D128/><U63/><E106/><V118/><F132/><W56/><G56/><T44/><D44/><U75/><E75/><V117/><F117/><W53/><G53/><T129/><D129/><U94/><E133/><V96/><F109/><W86/><G25/><N who="2" m="9225" /><F89/><W65/><G65/><T48/><D48/><U84/><E23/><V105/><F105/><W46/><G46/><T115/><D115/><U59/><E59/><V122/><F122/><W1/><G1/><T101/><D68/><U49/><E49/><V7/><F21/><W40/><G40/><T120/><D120/><U55/><E87/><AGARI ba="2,0" hai="11,15,19,80,81,86,87,88,91,98,102,107,108,111" machi="87" ten="40,2600,0" yaku="9,1,54,1" doraHai="74" who="3" fromWho="1" sc="282,0,188,-32,278,0,252,32" /><INIT seed="6,0,0,2,5,115" ten="282,156,278,284" oya="2" hai0="130,87,0,66,72,36,14,17,71,94,82,58,75" hai1="60,80,128,6,64,99,19,48,95,59,51,98,63" hai2="40,39,81,15,88,10,54,133,62,13,126,9,123" hai3="47,85,49,65,117,56,132,100,46,106,4,27,105"/><V84/><F123/><W53/><G117/><T118/><D118/><U78/><E128/><V102/><F126/><W131/><G131/><T120/><D130/><U24/><E6/><V31/><F133/><W32/><G132/><T108/><D108/><U93/><E63/><V26/><F102/><W43/><G65/><T90/><D36/><U55/><E51/><V112/><F40/><W97/><G106/><T121/><D71/><U2/><E2/><V101/><F101/><W50/><G4/><T114/><D0/><U33/><E99/><V124/><F39/><W37/><G85/><T86/><D114/><U45/><E98/><V119/><F112/><W8/><G8/><N who="2" m="3177" /><F119/><W20/><G32/><T44/><D44/><U67/><E67/><V104/><F104/><W12/><G12/><T18/><D120/><U3/><E3/><V129/><F129/><W76/><G76/><T122/><D121/><U52/><E64/><V16/><F31/><W91/><G91/><T41/><D41/><U107/><E107/><V110/><F124/><W70/><G70/><T125/><D125/><U30/><REACH who="1" step="1"/><E19/><REACH who="1" ten="282,146,278,284" step="2"/><V89/><F110/><W134/><G134/><T5/><D122/><U83/><E83/><V28/><F16/><N who="3" m="12679" /><G50/><T23/><D17/><U34/><E34/><N who="2" m="20759" /><F62/><W25/><G47/><T113/><D113/><U127/><E127/><V135/><F135/><W79/><G25/><T73/><D5/><U74/><AGARI ba="0,1" hai="24,30,33,45,48,52,55,59,60,74,78,80,93,95" machi="74" ten="20,5200,0" yaku="1,1,0,1,7,1,54,1,53,0" doraHai="115" doraHaiUra="61" who="1" fromWho="1" sc="282,-13,146,62,278,-26,284,-13" /><INIT seed="7,0,0,0,3,13" ten="269,208,252,271" oya="3" hai0="69,103,114,40,96,95,58,65,16,52,117,80,27" hai1="119,31,50,55,123,102,88,56,7,63,115,47,93" hai2="99,131,24,105,89,71,41,106,129,128,32,83,51" hai3="34,48,130,42,9,29,70,134,108,107,72,20,33"/><W14/><G72/><T76/><D117/><U53/><E123/><V81/><F71/><W49/><G70/><T78/><D114/><U57/><E115/><V101/><F41/><W94/><G107/><N who="2" m="40969" /><F51/><W25/><G134/><T75/><D40/><U132/><E132/><V66/><F66/><W91/><G49/><T38/><D38/><U11/><E119/><V126/><F126/><W28/><G130/><N who="2" m="33281" /><V17/><DORA hai="84" /><F89/><W97/><G29/><T45/><D76/><U18/><E31/><V26/><F32/><W5/><REACH who="3" step="1"/><G108/><REACH who="3" ten="269,208,252,261" step="2"/><T10/><D69/><U86/><E102/><V124/><F124/><W59/><G59/><T112/><D112/><U44/><REACH who="1" step="1"/><E18/><REACH who="1" ten="269,198,252,261" step="2"/><V8/><F17/><W125/><G125/><T73/><D16/><U12/><AGARI ba="0,2" hai="7,11,12,44,47,50,53,55,56,57,63,86,88,93" machi="12" ten="20,16000,3" yaku="1,1,2,1,0,1,7,1,8,1,52,1,54,1,53,2" doraHai="13,84" doraHaiUra="74,43" who="1" fromWho="1" sc="269,-40,198,180,252,-40,261,-80" owari="229,2.9,378,47.8,212,-18.8,181,-31.9" /></mjloggm>