<mjloggm ver="2.3"><GO type="225" lobby="0"/><UN n0="%E3%81%A1%E3%82%85%E3%81%86%E3%81%A9%E3%81%8F%E8%B1%A1%E3%81%95%E3%82%93" n1="%E3%82%BC%E3%83%AB%E3%83%80%E3%81%AE%E4%BC%9D%E8%AA%AC" n2="%E9%81%85%E5%88%BB%E3%81%AE%E3%83%97%E3%83%AA%E3%83%B3%E3%82%B9%E2%99%AA" n3="%6D%75%75%6D%75%72%61" dan="16,16,16,16" rate="2124.05,2124.67,2133.74,2097.07" sx="M,M,F,F"/><TAIKYOKU oya="0"/><INIT seed="0,0,0,4,3,84" ten="250,250,250,250" oya="0" hai0="3,114,83,44,45,64,80,62,130,1,28,78,82" hai1="39,30,57,111,25,79,4,96,66,126,36,46,125" hai2="113,47,63,98,131,18,58,124,74,91,73,110,40" hai3="107,69,21,127,13,94,11,134,121,2,92,61,42"/><T9/><D114/><U59/><E111/><V109/><F113/><W54/><G107/><T6/><D130/><U17/><E4/><V0/><F0/><W128/><G128/><T15/><D78/><U129/><E129/><V19/><F131/><W118/><G118/><T12/><D28/><U16/><E79/><V50/><F124/><N who="1" m="47721" /><E96/><V43/><F43/><W55/><G2/><T105/><D105/><U76/><E76/><V53/><F74/><W37/><G127/><T102/><D102/><U89/><E89/><V72/><F72/><W99/><G134/><T38/><D1/><U85/><E85/><V93/><REACH who="2" step="1"/><F73/><REACH who="2" ten="250,250,240,250" step="2"/><W117/><G117/><T112/><D112/><U100/><E36/><V41/><F41/><W88/><G42/><T20/><D38/><U133/><E39/><V60/><F60/><W8/><G37/><T35/><D3/><U97/><E133/><V108/><AGARI ba="0,1" hai="18,19,40,47,50,53,58,63,91,93,98,108,109,110" machi="108" ten="30,7900,0" yaku="1,1,0,1,14,1,52,1,53,0" doraHai="84" doraHaiUra="5" who="2" fromWho="2" sc="250,-39,250,-20,240,89,250,-20" /><INIT seed="1,0,0,1,2,92" ten="211,230,329,230" oya="1" hai0="4,80,3,52,116,124,17,85,18,5,46,119,118" hai1="11,25,103,44,87,6,104,107,95,32,37,125,20" hai2="78,40,54,56,64,60,120,39,28,117,86,19,22" hai3="90,71,15,2,76,133,45,58,93,49,121,77,23"/><U48/><E125/><V69/><F117/><W47/><G121/><T130/><D124/><U29/><E37/><V65/><F120/><W36/><G71/><T105/><D105/><U114/><E114/><V21/><F39/><W8/><G2/><T94/><D94/><U111/><E111/><V35/><F35/><W72/><G133/><T62/><D130/><U135/><E135/><V81/><F40/><W73/><G73/><T123/><D123/><U12/><E32/><V67/><F28/><W99/><G72/><T68/><D68/><U31/><E31/><V115/><F115/><W113/><G23/><T53/><D46/><N who="3" m="17417" /><G36/><T0/><D62/><U112/><E112/><V14/><REACH who="2" step="1"/><F22/><REACH who="2" ten="211,230,319,230" step="2"/><W74/><G113/><T100/><D118/><U98/><REACH who="1" step="1"/><E87/><REACH who="1" ten="211,220,319,230" step="2"/><V34/><F34/><W129/><G129/><T122/><D85/><U59/><E59/><V42/><F42/><AGARI ba="0,2" hai="6,11,12,20,25,29,42,44,48,95,98,103,104,107" machi="42" ten="30,5800,0" yaku="1,1,7,1,52,1,53,0" doraHai="92" doraHaiUra="84" who="1" fromWho="2" sc="211,0,220,78,319,-58,230,0" /><INIT seed="1,1,0,3,4,3" ten="211,298,261,230" oya="1" hai0="2,59,121,107,11,67,50,106,18,35,97,75,66" hai1="84,8,104,55,115,102,21,70,116,7,99,38,48" hai2="40,126,20,6,37,82,25,74,92,5,56,119,133" hai3="43,76,128,26,46,33,88,65,24,96,71,105,81"/><U120/><E115/><V17/><F119/><W44/><G128/><T112/><D112/><U124/><E124/><V30/><F126/><W108/><G108/><T73/><D35/><U27/><E120/><V79/><F133/><W41/><G105/><T32/><D32/><U68/><E38/><V132/><F132/><W91/><G71/><T15/><D121/><U58/><E84/><V29/><F56/><W12/><G65/><T53/><D2/><U62/><E62/><V4/><REACH who="2" step="1"/><F92/><REACH who="2" ten="211,298,251,230" step="2"/><N who="3" m="56327" /><G46/><AGARI ba="1,1" hai="4,5,6,17,20,25,29,30,37,40,46,74,79,82" machi="46" ten="40,8000,1" yaku="1,1,52,3,53,0" doraHai="3" doraHaiUra="34" who="2" fromWho="3" sc="211,0,298,0,251,93,230,-83" /><INIT seed="2,0,0,3,3,70" ten="211,298,344,147" oya="2" hai0="132,58,89,4,38,116,12,110,85,27,60,32,25" hai1="134,36,135,90,91,1,17,83,109,78,15,118,54" hai2="79,100,30,87,95,92,117,21,97,128,77,22,62" hai3="130,40,26,119,16,53,65,122,125,108,7,114,31"/><V55/><F117/><W46/><G119/><T5/><D110/><U29/><E118/><V104/><F128/><W33/><G122/><T96/><D116/><U66/><E1/><V48/><F62/><W74/><G108/><T123/><D123/><U45/><E109/><V19/><F30/><W93/><G130/><T61/><D96/><U102/><E66/><V41/><F41/><W42/><G125/><T75/><D75/><U11/><E102/><V13/><F22/><W49/><G74/><T113/><D113/><U101/><E101/><V57/><F104/><W112/><G7/><T103/><D103/><U72/><E29/><V37/><F37/><W44/><G65/><T9/><D38/><U0/><E0/><V28/><F28/><W2/><G2/><T84/><D132/><N who="1" m="50731" /><E54/><V126/><F126/><W67/><G67/><T111/><D111/><U6/><E17/><V68/><F68/><W8/><G93/><T133/><D133/><U43/><AGARI ba="0,0" hai="6,11,15,36,43,45,72,78,83,90,91" m="50731" machi="43" ten="30,2000,0" yaku="20,1,52,1" doraHai="70" who="1" fromWho="1" sc="211,-5,298,20,344,-10,147,-5" /><INIT seed="3,0,0,3,4,125" ten="206,318,334,142" oya="3" hai0="88,76,78,18,130,35,39,47,27,119,87,102,99" hai1="118,101,2,22,6,25,129,41,93,48,7,11,103" hai2="75,46,64,113,86,26,131,85,52,13,104,89,50" hai3="63,66,30,15,109,115,72,71,59,96,37,128,9"/><W117/><G115/><T73/><D119/><U107/><E118/><V16/><F131/><W20/><G117/><T90/><D130/><U58/><E129/><V121/><F75/><W1/><G128/><T116/><D116/><U114/><E114/><V82/><F104/><W61/><G72/><T62/><D73/><U40/><E107/><V23/><F113/><W49/><G37/><T34/><D90/><U5/><E11/><V70/><F121/><W80/><G1/><T135/><D135/><U69/><E69/><V54/><F64/><W14/><G80/><T67/><D47/><U65/><E2/><V127/><F70/><W3/><G49/><T33/><D39/><U36/><E36/><V111/><F111/><W68/><G109/><T38/><D38/><U112/><E112/><V83/><F127/><W92/><G3/><T21/><D99/><N who="1" m="59631" /><E103/><V31/><F54/><W134/><G134/><T42/><D42/><U44/><E41/><V32/><F86/><W123/><G123/><T100/><D100/><U8/><E8/><V105/><F105/><W91/><G63/><T94/><REACH who="0" step="1"/><D102/><REACH who="0" ten="196,318,334,142" step="2"/><U45/><E44/><V24/><F83/><W60/><G60/><T108/><D108/><U132/><E132/><V79/><F89/><W12/><REACH who="3" step="1"/><G9/><REACH who="3" ten="196,318,334,132" step="2"/><T57/><AGARI ba="0,2" hai="18,21,27,33,34,35,57,62,67,76,78,87,88,94" machi="57" ten="30,4000,0" yaku="1,1,0,1,54,1,53,0" doraHai="125" doraHaiUra="43" who="0" fromWho="0" sc="196,60,318,-10,334,-10,132,-20" owari="256,-14.4,308,10.8,324,42.4,112,-38.8" /></mjloggm>