<mjloggm ver="2.3"><GO type="225" lobby="0"/><UN n0="%E3%81%99%E3%81%84%E3%81%BE%E3%81%9B%E3%83%BC%E3%82%93" n1="%72%69%6F%75%63%68%61%6E" n2="%E3%81%82%E3%81%99%E3%81%AB%E3%82%83%E3%82%80" n3="%E3%81%8C%E3%81%9F" dan="18,16,16,16" rate="2196.93,2136.89,2102.55,2124.55" sx="M,M,F,M"/><TAIKYOKU oya="0"/><INIT seed="0,0,0,2,0,23" ten="250,250,250,250" oya="0" hai0="69,21,111,92,10,75,38,74,58,26,63,0,81" hai1="93,41,16,46,76,120,84,80,32,83,45,17,51" hai2="4,112,106,71,88,96,89,128,135,107,29,34,67" hai3="134,40,19,5,91,98,62,9,49,100,90,36,48"/><T125/><D69/><U86/><E120/><V22/><F112/><W105/><G134/><T132/><D132/><U87/><E32/><V18/><F135/><W114/><G114/><T122/><D122/><U43/><E93/><V30/><F4/><W7/><G36/><T99/><D38/><U116/><E116/><V39/><F39/><W82/><G62/><T37/><D37/><U13/><E13/><V27/><F30/><W131/><G131/><T124/><D111/><U55/><E87/><V59/><F59/><W108/><G108/><T6/><D81/><U33/><E33/><V79/><F79/><W117/><G117/><T68/><D68/><U35/><E35/><V60/><F107/><W126/><G126/><N who="0" m="48747" /><D92/><U65/><E65/><V64/><F64/><W8/><G82/><T119/><D99/><U130/><E130/><V14/><F128/><W85/><G105/><T104/><D104/><U44/><E41/><V57/><F57/><W97/><G40/><T56/><D56/><N who="1" m="32895" /><E43/><V121/><F121/><W53/><G53/><N who="0" m="34255" /><D119/><U72/><E72/><V77/><F77/><AGARI ba="0,0" hai="16,17,44,45,46,76,77,80,83,84,86" m="32895" machi="77" ten="30,2000,0" yaku="8,1,54,1" doraHai="23" who="1" fromWho="2" sc="250,0,250,20,250,-20,250,0" /><INIT seed="1,0,0,4,4,47" ten="250,270,230,250" oya="1" hai0="37,118,92,4,75,125,57,17,46,65,20,114,122" hai1="49,11,42,88,12,98,100,10,29,87,48,2,27" hai2="60,77,117,126,51,44,91,108,105,132,39,55,45" hai3="112,25,109,82,95,43,123,104,61,71,7,3,74"/><U79/><E79/><V96/><F117/><W66/><G123/><T38/><D118/><U22/><E2/><V34/><F34/><W8/><G112/><T6/><D114/><U72/><E72/><V97/><F108/><W103/><G95/><T110/><D75/><U102/><E42/><V127/><F77/><N who="3" m="44343" /><G43/><T31/><D31/><U62/><E62/><V53/><F132/><W24/><G24/><T5/><D110/><U113/><E113/><V28/><F28/><W21/><G21/><T15/><D125/><N who="2" m="47626" /><F105/><W134/><G25/><T0/><D0/><U64/><E64/><V41/><F91/><W1/><G109/><T106/><D106/><U85/><E85/><V93/><F93/><W99/><G3/><T70/><D70/><U73/><E73/><V116/><F116/><W59/><G59/><AGARI ba="0,0" hai="39,41,44,45,51,53,55,59,60,96,97" m="47626" machi="59" ten="30,2000,0" yaku="18,1,52,1" doraHai="47" who="2" fromWho="3" sc="250,0,270,0,230,20,250,-20" /><INIT seed="2,0,0,5,5,92" ten="250,270,250,230" oya="2" hai0="17,117,110,22,24,96,79,3,104,82,35,77,84" hai1="11,89,99,23,109,50,111,30,66,98,39,106,73" hai2="83,102,57,105,126,107,100,74,25,90,53,95,120" hai3="15,119,26,133,10,67,52,37,41,32,7,54,65"/><V97/><F120/><W28/><G119/><T48/><D117/><U115/><E39/><V55/><F126/><W64/><REACH who="3" step="1"/><G133/><REACH who="3" ten="250,270,250,220" step="2"/><T51/><D110/><U91/><E111/><V135/><F135/><W34/><G34/><T42/><D35/><U87/><E109/><V112/><F112/><W122/><G122/><T88/><D3/><U81/><E115/><V33/><F33/><W45/><AGARI ba="0,1" hai="7,10,15,26,28,32,37,41,45,52,54,64,65,67" machi="45" ten="30,7900,0" yaku="1,1,0,1,54,1,53,1" doraHai="92" doraHaiUra="40" who="3" fromWho="3" sc="250,-20,270,-20,250,-39,220,89" /><INIT seed="3,0,0,5,1,37" ten="230,250,211,309" oya="3" hai0="9,58,15,119,39,128,135,66,18,114,10,85,98" hai1="88,52,31,132,33,73,64,113,79,34,41,117,32" hai2="76,110,16,83,27,14,22,45,71,30,74,38,97" hai3="91,77,55,134,17,25,109,19,49,115,94,124,104"/><W130/><G115/><T75/><D119/><U53/><E113/><V11/><F110/><W87/><G104/><T29/><D75/><U80/><E31/><V43/><REACH who="2" step="1"/><F97/><REACH who="2" ten="230,250,201,309" step="2"/><W60/><G109/><T112/><D112/><U72/><E117/><V129/><F129/><W1/><G130/><T127/><D114/><U81/><E33/><V21/><F21/><W122/><G124/><T13/><D98/><U24/><E32/><V26/><F26/><W93/><G25/><T8/><D127/><U57/><E24/><V99/><F99/><W96/><G96/><T121/><D128/><U108/><E34/><V95/><F95/><W63/><G93/><T59/><D135/><U44/><E132/><V116/><F116/><W47/><G94/><T35/><D35/><U48/><E108/><V61/><F61/><W50/><G63/><T133/><D133/><U84/><E72/><V102/><F102/><W123/><G60/><T125/><D125/><U82/><E73/><V69/><AGARI ba="0,1" hai="11,14,16,22,27,30,38,43,45,69,71,74,76,83" machi="69" ten="30,8000,1" yaku="1,1,0,1,52,1,54,1,53,1" doraHai="37" doraHaiUra="68" who="2" fromWho="2" sc="230,-20,250,-20,201,90,309,-40" /><INIT seed="4,0,0,0,5,93" ten="210,230,291,269" oya="0" hai0="97,106,3,22,4,14,114,44,100,95,12,80,76" hai1="49,53,74,119,8,2,25,131,77,96,58,54,128" hai2="79,27,46,130,1,89,126,18,81,84,21,59,121" hai3="72,36,82,66,113,13,108,91,9,64,107,31,42"/><T83/><D114/><U111/><E111/><V62/><F1/><W60/><G108/><T33/><D33/><U48/><E119/><V57/><F121/><W23/><G107/><T16/><D106/><U26/><E74/><V15/><F130/><N who="1" m="49705" /><E77/><V110/><F110/><W67/><G113/><T19/><D76/><U118/><E118/><V5/><F126/><W135/><G135/><T117/><D117/><U102/><E8/><N who="2" m="4495" /><F46/><W103/><G103/><T75/><D75/><U90/><E90/><V70/><F70/><W47/><G72/><T34/><D34/><U105/><E2/><V69/><F57/><AGARI ba="0,0" hai="25,26,48,49,53,54,57,58,96,102,105" m="49705" machi="57" ten="30,2000,0" yaku="19,1,52,1" doraHai="93" who="1" fromWho="2" sc="210,0,230,20,291,-20,269,0" /><INIT seed="5,0,0,4,1,122" ten="210,250,271,269" oya="1" hai0="26,11,71,82,46,42,55,120,53,83,64,129,79" hai1="52,72,41,21,102,27,94,124,20,32,103,110,91" hai2="125,90,127,48,30,92,96,69,25,119,51,18,85" hai3="106,132,107,6,105,10,43,60,62,4,35,68,29"/><U100/><E72/><V59/><F69/><W78/><G132/><T111/><D120/><U70/><E70/><V84/><F18/><W104/><N who="3" m="26624" /><DORA hai="54" /><W37/><G78/><T67/><D129/><U134/><E41/><V5/><F5/><W17/><G17/><T74/><D111/><U80/><E80/><V56/><F119/><W63/><G29/><T131/><D131/><U50/><E124/><N who="2" m="47691" /><F48/><W115/><G35/><T16/><D83/><U117/><E110/><V65/><F51/><W87/><G115/><T112/><D112/><U58/><E117/><V34/><F65/><W23/><G23/><N who="1" m="8778" /><E32/><V45/><F45/><W130/><G130/><T98/><D98/><N who="1" m="57695" /><E134/><V61/><F61/><W19/><G68/><T66/><D71/><U135/><E135/><V38/><F38/><W76/><G43/><T109/><D109/><U101/><N who="1" m="25600" /><DORA hai="3" /><U113/><E113/><V12/><F12/><W128/><G37/><T14/><REACH who="0" step="1"/><D26/><AGARI ba="0,0" hai="26,27,50,52,58" m="25600,57695,8778" machi="26" ten="40,7700,0" yaku="8,1,52,1,54,1" doraHai="122,54,3" who="1" fromWho="0" sc="210,-77,250,77,271,0,269,0" owari="133,-36.7,327,42.7,271,7.1,269,-13.1" /></mjloggm>