<mjloggm ver="2.3"><GO type="225" lobby="0"/><UN n0="%E3%81%B5%E3%81%98%E3%81%8B%E3%81%A4" n1="%4C%4F%4C%49%54%41" n2="%33%74%72%65%65" n3="%74%61%6B%75%61%6B%61" dan="16,16,16,16" rate="2137.11,2172.71,2179.98,2099.34" sx="M,F,F,M"/><TAIKYOKU oya="0"/><INIT seed="0,0,0,4,4,87" ten="250,250,250,250" oya="0" hai0="18,71,122,125,3,79,13,82,85,16,111,34,10" hai1="11,38,46,90,12,105,101,29,32,65,4,39,93" hai2="81,44,14,106,110,68,56,67,78,61,72,76,84" hai3="47,128,7,28,55,22,27,17,94,124,113,98,48"/><T77/><D122/><U59/><E105/><V96/><F110/><W19/><G113/><T97/><D71/><U6/><E101/><V36/><F72/><W75/><G75/><T30/><D111/><U63/><E4/><V129/><F129/><W104/><G104/><T107/><D125/><U109/><E109/><V0/><F0/><W115/><G115/><T1/><D18/><U52/><E29/><V127/><F127/><W80/><G124/><T21/><D79/><U64/><E32/><V69/><F76/><W66/><G128/><T114/><D114/><U49/><REACH who="1" step="1"/><E65/><REACH who="1" ten="250,240,250,250" step="2"/><V116/><F106/><W43/><G7/><T99/><D107/><U42/><E42/><V95/><F67/><W88/><G66/><T31/><D31/><U24/><E24/><V123/><F123/><W133/><G133/><T117/><D117/><U57/><E57/><V92/><F56/><W119/><G119/><T60/><D3/><U70/><E70/><V45/><F68/><W74/><G74/><T120/><D120/><U2/><E2/><V118/><F69/><W126/><G126/><T20/><D1/><U9/><E9/><V8/><F8/><W131/><G131/><T40/><D40/><U41/><E41/><V134/><F134/><W83/><G43/><T132/><D132/><U15/><E15/><V121/><F118/><W91/><G80/><T102/><D102/><U135/><E135/><V33/><F81/><W50/><G50/><T58/><D34/><U112/><E112/><V37/><F121/><W108/><G108/><T26/><D10/><U23/><E23/><RYUUKYOKU ba="0,1" sc="250,10,240,10,250,-30,250,10" hai0="13,16,20,21,26,30,58,60,77,82,85,97,99" hai1="6,11,12,38,39,46,49,52,59,63,64,90,93" hai3="17,19,22,27,28,47,48,55,83,88,91,94,98" /><INIT seed="0,1,1,5,1,74" ten="260,250,220,260" oya="0" hai0="110,62,126,133,120,79,5,117,95,78,47,94,114" hai1="18,127,21,119,130,90,53,105,7,34,43,39,63" hai2="100,123,46,72,56,129,135,37,36,25,6,66,97" hai3="76,134,87,0,9,31,59,104,57,35,14,22,12"/><T20/><D120/><U49/><E119/><V101/><F123/><W52/><G104/><T11/><D114/><U88/><E34/><V103/><F129/><W16/><G134/><T17/><D117/><U75/><E105/><V98/><F135/><W38/><G38/><T112/><D133/><U108/><E75/><V118/><F118/><W115/><G115/><T77/><D112/><U106/><E106/><V50/><F6/><W3/><G35/><T55/><D126/><U109/><E130/><V45/><F72/><W58/><G31/><T92/><D110/><N who="1" m="42603" /><E7/><V86/><F37/><W128/><G128/><T48/><D62/><U125/><E63/><N who="2" m="38247" /><F36/><W33/><G33/><T131/><D131/><U30/><E30/><V42/><F46/><W24/><G24/><N who="0" m="14351" /><D5/><U51/><E43/><V68/><F68/><W10/><G22/><T122/><D122/><U111/><E39/><V29/><F25/><W40/><G40/><T1/><D1/><U124/><N who="1" m="42611" /><U54/><DORA hai="84" /><E51/><V107/><F29/><W96/><G0/><T89/><D11/><U99/><E99/><AGARI ba="1,1" hai="47,48,55,77,78,79,89,92,94,95,99" m="14351" machi="99" ten="30,12000,1" yaku="8,1,52,4" doraHai="74,84" who="0" fromWho="1" sc="260,133,250,-123,220,0,260,0" /><INIT seed="0,2,0,2,0,34" ten="393,127,220,260" oya="0" hai0="79,37,57,26,12,74,101,109,2,63,86,58,54" hai1="20,14,4,98,107,47,70,51,31,117,48,30,111" hai2="124,52,44,27,35,49,77,7,50,5,65,8,120" hai3="25,97,53,106,19,116,39,76,90,1,68,46,121"/><T87/><D37/><U100/><E117/><V129/><F120/><W3/><G116/><T127/><D127/><U84/><E70/><V71/><F124/><W45/><G68/><T15/><D109/><U94/><E111/><V93/><F129/><W133/><G133/><T96/><D2/><U75/><E75/><V105/><F105/><W41/><G121/><T104/><D26/><U23/><E107/><V110/><F110/><W43/><G53/><T55/><D74/><U38/><E38/><V99/><F77/><W36/><G76/><T42/><D42/><U67/><E67/><V81/><F81/><W114/><G114/><T60/><D79/><U125/><E125/><V72/><F72/><W24/><G90/><T89/><REACH who="0" step="1"/><D87/><REACH who="0" ten="383,127,220,260" step="2"/><U91/><E84/><V64/><F27/><W108/><G108/><T33/><D33/><U10/><E14/><V13/><F35/><W134/><G134/><T61/><D61/><U119/><E119/><V113/><F13/><W128/><G128/><T132/><D132/><U56/><E48/><V131/><F50/><W95/><G25/><T21/><D21/><U88/><E23/><V18/><F49/><W59/><G24/><T11/><D11/><U82/><E20/><V135/><F8/><W73/><G73/><T103/><D103/><U118/><E118/><V32/><F32/><W78/><G36/><T130/><D130/><U40/><E100/><V80/><F131/><W66/><G39/><T0/><D0/><N who="1" m="263" /><E56/><V6/><F135/><W122/><G59/><T29/><D29/><N who="1" m="10763" /><E91/><V28/><F28/><W69/><G78/><RYUUKYOKU ba="2,1" sc="383,15,127,15,220,-15,260,-15" hai0="12,15,54,55,57,58,60,63,86,89,96,101,104" hai1="40,47,51,82,88,94,98" /><INIT seed="0,3,1,0,3,48" ten="398,142,205,245" oya="0" hai0="111,79,87,131,22,55,26,32,78,106,29,63,102" hai1="9,128,57,73,1,74,20,21,89,16,14,90,132" hai2="47,68,37,67,112,115,36,31,0,91,98,126,66" hai3="11,107,19,24,92,133,15,81,103,5,54,49,123"/><T95/><D131/><U96/><E128/><V75/><F0/><W39/><G39/><T25/><D106/><U135/><E74/><V45/><F75/><W105/><G133/><N who="1" m="51274" /><E73/><V43/><F31/><W17/><G123/><T77/><D111/><U109/><E109/><V113/><F126/><W42/><G42/><T13/><D13/><U72/><E72/><V130/><F130/><W60/><G60/><T120/><D120/><U88/><E1/><V8/><F8/><W94/><G81/><T101/><D95/><U56/><E96/><V104/><F68/><W117/><G117/><T65/><D87/><U86/><E86/><V34/><F34/><W125/><G125/><T53/><D101/><U44/><E44/><V18/><F47/><W84/><G105/><T99/><D99/><U80/><E80/><V40/><F98/><N who="3" m="59863" /><G107/><T12/><D102/><U27/><E20/><V119/><F104/><W127/><G127/><T122/><D122/><U100/><E100/><V134/><F134/><W3/><G3/><T10/><D32/><U7/><AGARI ba="3,1" hai="7,9,14,16,21,27,56,57,88,89,90" m="51274" machi="7" ten="30,4000,0" yaku="20,1,54,2" doraHai="48" who="1" fromWho="1" sc="398,-23,142,59,205,-13,245,-13" /><INIT seed="1,0,0,0,3,130" ten="375,201,192,232" oya="1" hai0="95,115,30,50,57,101,79,70,87,60,82,80,116" hai1="24,110,102,94,88,11,15,119,1,96,72,23,39" hai2="3,111,121,84,112,33,89,62,6,40,123,63,58" hai3="37,108,99,131,64,97,71,118,126,45,32,61,67"/><U133/><E119/><V78/><F111/><W103/><G108/><T69/><D116/><U98/><E110/><V26/><F112/><W76/><G118/><T9/><D115/><U129/><E39/><V65/><F40/><W14/><G131/><T21/><D50/><U125/><E129/><V106/><F106/><W17/><G32/><T4/><D82/><U51/><E125/><V34/><F78/><W66/><G76/><T0/><D21/><U31/><E133/><V35/><F26/><W44/><G126/><T77/><D30/><U86/><E72/><V48/><F48/><W91/><G91/><T132/><D132/><U114/><E114/><V81/><REACH who="2" step="1"/><F63/><REACH who="2" ten="375,201,182,232" step="2"/><W43/><G61/><T5/><D77/><U46/><E1/><V68/><F68/><W20/><G71/><T73/><D70/><U42/><REACH who="1" step="1"/><E102/><REACH who="1" ten="375,191,182,232" step="2"/><V55/><F55/><W109/><G109/><T122/><D101/><U49/><E49/><V105/><F105/><W12/><G103/><T59/><D60/><U19/><AGARI ba="0,2" hai="11,15,19,23,24,31,42,46,51,86,88,94,96,98" machi="19" ten="20,18000,2" yaku="1,1,0,1,7,1,8,1,54,1,53,1" doraHai="130" doraHaiUra="13" who="1" fromWho="1" sc="375,-60,191,200,182,-60,232,-60" /><INIT seed="1,1,0,4,4,77" ten="315,391,122,172" oya="1" hai0="37,121,2,24,26,22,115,106,7,96,112,72,132" hai1="35,44,135,16,69,49,58,62,20,15,60,1,75" hai2="122,109,102,47,81,83,54,100,117,4,127,45,92" hai3="104,19,43,0,56,17,94,57,55,48,124,29,111"/><U39/><E1/><V11/><F117/><W79/><G104/><T42/><D72/><U76/><E35/><V85/><F122/><W50/><G111/><T46/><D121/><U73/><E39/><V41/><F109/><W113/><G113/><T80/><D132/><U32/><E32/><V59/><F127/><W14/><G0/><T18/><D26/><U125/><E125/><V52/><F4/><W70/><G70/><T74/><D96/><U6/><E135/><V116/><F11/><W134/><G134/><T87/><D106/><U119/><E119/><V131/><F116/><W65/><G29/><T40/><D40/><U30/><E6/><V5/><F5/><W25/><G124/><T97/><D97/><U3/><E3/><V10/><F10/><W84/><G25/><T107/><D107/><U130/><E130/><V101/><F131/><W34/><G34/><T71/><D71/><U99/><E30/><V103/><F41/><W61/><G14/><T90/><REACH who="0" step="1"/><D74/><REACH who="0" ten="305,391,122,172" step="2"/><U13/><E99/><N who="2" m="59495" /><F85/><W133/><G133/><T9/><AGARI ba="1,1" hai="2,7,9,18,22,24,37,42,46,80,87,90,112,115" machi="9" ten="30,4000,0" yaku="1,1,0,1,52,1,53,0" doraHai="77" doraHaiUra="128" who="0" fromWho="0" sc="305,53,391,-21,122,-11,172,-11" /><INIT seed="2,0,0,3,5,16" ten="358,370,111,161" oya="2" hai0="42,106,75,123,24,15,122,114,56,76,21,74,126" hai1="104,19,50,62,5,109,98,79,129,108,1,7,119" hai2="73,111,33,68,93,43,72,102,30,80,117,45,127" hai3="92,78,35,88,61,100,120,135,87,18,132,37,13"/><V110/><F117/><W38/><G120/><T81/><D114/><U0/><E119/><V22/><F68/><W26/><G78/><T41/><D106/><U17/><E129/><V101/><F33/><W65/><G100/><N who="2" m="38505" /><F80/><W8/><G35/><T58/><D126/><U44/><E79/><V31/><F31/><W29/><G29/><T105/><D105/><U64/><E98/><V52/><F93/><W96/><G26/><T134/><D15/><U89/><E89/><V36/><F127/><W107/><G96/><T83/><D134/><N who="3" m="51241" /><G107/><T48/><D48/><U130/><E19/><V59/><F30/><W46/><G46/><T57/><D75/><U103/><E17/><V128/><F128/><W32/><G32/><T39/><D83/><U11/><E130/><V55/><F72/><W53/><G53/><T86/><D74/><U54/><E103/><V47/><F47/><W113/><G113/><T90/><D39/><U49/><E104/><V131/><F73/><W25/><G25/><T95/><D123/><U2/><E44/><V82/><F82/><W3/><G3/><T40/><D122/><U97/><E0/><V91/><F131/><W66/><G66/><T34/><D34/><U6/><E1/><V71/><F91/><W94/><G94/><T63/><D95/><U51/><E64/><V121/><F121/><W20/><G8/><T23/><D76/><U115/><E115/><V84/><F55/><W70/><AGARI ba="0,0" hai="13,18,20,37,38,61,65,70,87,88,92" m="51241" machi="70" ten="30,4000,0" yaku="20,1,52,1,54,1" doraHai="16" who="3" fromWho="3" sc="358,-10,370,-10,111,-20,161,40" /><INIT seed="3,0,0,4,0,73" ten="348,360,91,201" oya="3" hai0="34,45,80,70,134,82,121,64,66,12,126,48,43" hai1="124,22,62,85,108,103,74,100,24,11,106,8,38" hai2="44,5,9,58,0,68,128,65,54,37,36,131,15" hai3="40,27,130,119,52,32,3,84,33,115,78,116,55"/><W26/><G115/><T87/><D121/><U69/><E74/><V46/><F0/><W105/><G105/><T50/><D34/><U51/><E38/><V127/><F5/><W102/><G3/><T79/><D126/><U67/><E124/><V41/><F127/><W63/><G102/><N who="1" m="38954" /><E69/><V98/><F98/><W110/><G130/><T111/><D111/><U16/><E106/><V81/><F81/><W30/><G110/><T95/><D134/><U53/><E108/><V133/><F133/><W83/><G40/><T97/><D70/><U104/><E104/><V89/><F89/><W96/><G96/><T72/><D50/><U76/><E62/><V29/><F29/><W6/><G6/><T4/><D82/><N who="1" m="47303" /><E67/><N who="0" m="25641" /><D72/><U91/><E91/><V88/><F88/><W125/><G125/><T129/><D129/><U92/><E92/><V118/><F118/><W49/><G63/><T113/><D113/><U1/><E1/><V2/><F2/><W122/><G122/><T94/><D97/><U60/><E60/><V42/><F68/><W112/><G112/><T59/><D59/><AGARI ba="0,0" hai="8,11,16,22,24,51,53,59" m="47303,38954" machi="59" ten="30,3900,0" yaku="8,1,52,1,54,1" doraHai="73" who="1" fromWho="0" sc="348,-39,360,39,91,0,201,0" owari="309,10.9,399,49.9,91,-40.9,201,-19.9" /></mjloggm>