<mjloggm ver="2.3"><GO type="225" lobby="0"/><UN n0="%E7%89%B9%E6%9D%B1%E3%81%AF%E4%B8%96%E7%95%8C%E3%82%92%E6%95%91%E3%81%86" n1="%E3%81%AF%E3%82%88%E3%81%8A%E3%81%98%E3%81%95%E3%82%93" n2="%72%61%6B%33" n3="%E3%81%A9%E3%82%93%E3%82%88%E3%81%8F%4D%6B%2E%32" dan="16,17,17,16" rate="2139.97,2183.82,2157.83,2160.26" sx="M,M,M,M"/><TAIKYOKU oya="0"/><INIT seed="0,0,0,0,5,31" ten="250,250,250,250" oya="0" hai0="2,99,87,112,91,94,127,18,28,20,110,77,103" hai1="86,71,38,45,89,62,61,48,29,56,131,113,21" hai2="11,92,76,49,53,36,74,68,41,58,34,81,26" hai3="100,111,90,63,93,7,22,6,54,4,23,19,117"/><T16/><D112/><U24/><E131/><V57/><F92/><W59/><G117/><T126/><D2/><U123/><E123/><V9/><F58/><W70/><G70/><T0/><D0/><U43/><E113/><V130/><F130/><W118/><G118/><T79/><D28/><U105/><E105/><V125/><F125/><N who="0" m="47626" /><D110/><U35/><E71/><V44/><REACH who="2" step="1"/><F68/><REACH who="2" ten="250,250,240,250" step="2"/><W98/><G111/><T109/><D109/><U42/><E56/><V129/><F129/><W25/><REACH who="3" step="1"/><G23/><REACH who="3" ten="250,250,240,240" step="2"/><T1/><D1/><U106/><E21/><V14/><F14/><W60/><G60/><T10/><D10/><U124/><E61/><V134/><F134/><W12/><G12/><N who="0" m="9223" /><D18/><U33/><E124/><V37/><F37/><W39/><G39/><T108/><D108/><U95/><E38/><V17/><F17/><W128/><G128/><T96/><D96/><U69/><E62/><V64/><F64/><W104/><G104/><AGARI ba="0,2" hai="77,79,87,91,94,99,103,104" m="9223,47626" machi="104" ten="30,2900,0" yaku="18,1,54,1" doraHai="31" who="0" fromWho="3" sc="250,49,250,0,240,0,240,-29" /><INIT seed="0,1,0,3,1,64" ten="299,250,240,211" oya="0" hai0="37,75,46,27,86,112,79,44,113,26,11,5,107" hai1="49,109,54,34,13,23,131,14,10,106,7,84,38" hai2="118,1,65,15,74,105,78,41,134,89,96,87,22" hai3="117,130,2,68,92,101,129,114,33,82,35,102,6"/><T42/><D107/><U24/><E38/><V66/><F1/><W135/><G114/><T62/><D86/><U111/><E106/><V80/><F134/><W122/><G117/><T61/><D46/><U32/><E131/><V103/><F118/><W53/><G122/><T124/><D124/><U120/><E120/><V51/><F22/><W47/><G135/><T127/><D127/><U123/><E123/><V91/><F15/><W20/><G20/><T4/><D4/><U121/><E121/><V126/><F126/><W95/><G82/><N who="0" m="45439" /><D61/><U90/><E14/><V81/><F91/><W40/><G53/><T57/><D27/><U116/><E116/><V55/><REACH who="2" step="1"/><F41/><REACH who="2" ten="299,250,230,211" step="2"/><W85/><G2/><N who="0" m="439" /><D26/><U77/><E24/><V63/><F63/><W43/><G43/><T30/><D30/><U45/><E23/><V16/><F16/><W73/><G40/><T72/><D62/><U128/><E128/><V100/><F100/><W12/><G102/><T76/><D42/><U0/><E0/><V108/><F108/><N who="1" m="41545" /><E77/><V48/><F48/><W71/><G101/><T39/><D39/><U18/><E18/><V19/><F19/><W28/><G129/><T125/><D125/><U88/><E90/><V60/><F60/><W52/><G130/><T3/><D3/><U94/><AGARI ba="1,1" hai="7,10,13,32,34,45,49,54,84,88,94" m="41545" machi="94" ten="30,2000,0" yaku="14,1,54,1" doraHai="64" who="1" fromWho="1" sc="299,-11,250,33,230,-6,211,-6" /><INIT seed="1,0,0,4,2,113" ten="288,283,224,205" oya="1" hai0="34,107,128,17,89,30,27,40,0,129,63,80,120" hai1="68,2,6,66,125,119,99,44,42,85,9,15,79" hai2="58,18,122,84,47,123,45,41,93,23,21,134,98" hai3="96,91,74,50,38,106,60,1,117,61,64,103,111"/><U114/><E114/><V131/><F134/><W127/><G38/><T33/><D120/><U54/><E125/><V71/><F71/><W77/><G1/><T133/><D133/><U49/><E119/><V32/><F32/><W101/><G127/><T104/><D0/><U13/><E99/><V43/><F131/><N who="0" m="50250" /><D33/><U37/><E85/><V83/><F58/><W94/><G111/><T118/><D118/><U109/><E79/><V31/><F31/><W8/><G103/><T39/><D17/><U3/><E3/><V62/><F62/><W16/><G117/><T102/><D63/><N who="1" m="40031" /><E109/><V11/><F11/><W52/><G64/><T88/><D80/><U14/><E2/><V7/><F7/><W116/><G116/><T97/><D107/><U53/><E53/><V22/><F18/><W19/><G74/><T5/><D5/><U10/><E10/><V126/><F126/><W72/><G72/><T100/><D100/><U75/><E75/><V25/><F25/><W76/><G19/><T12/><D12/><U110/><E110/><V135/><F135/><W90/><G106/><T95/><D104/><U55/><E55/><V69/><F123/><W36/><G16/><T57/><D57/><AGARI ba="0,0" hai="6,9,13,14,15,37,42,44,49,54,57" m="40031" machi="57" ten="30,1500,0" yaku="24,1" doraHai="113" who="1" fromWho="0" sc="288,-15,283,15,224,0,205,0" /><INIT seed="1,1,0,2,1,66" ten="273,298,224,205" oya="1" hai0="41,106,103,73,126,21,72,64,118,82,58,102,46" hai1="74,96,79,2,19,99,62,80,43,78,27,60,84" hai2="25,38,0,120,92,12,128,45,9,65,8,49,130" hai3="68,101,121,83,69,108,42,55,94,75,119,35,81"/><U50/><E2/><V77/><F120/><W53/><G35/><T113/><D113/><U125/><E125/><V20/><F38/><W104/><G104/><T22/><D118/><U98/><E78/><V86/><F0/><W31/><G121/><T4/><D4/><U117/><E74/><V26/><F65/><W111/><G31/><T32/><D32/><U88/><E79/><V52/><F9/><W110/><G119/><T63/><D126/><U40/><E117/><V90/><F77/><N who="3" m="44223" /><G42/><N who="1" m="15914" /><E50/><V39/><F39/><W109/><N who="3" m="27648" /><DORA hai="133" /><W93/><G83/><T122/><D82/><U36/><E36/><V105/><F105/><W116/><G116/><T134/><D73/><U127/><E127/><V6/><REACH who="2" step="1"/><F25/><REACH who="2" ten="273,298,214,205" step="2"/><W124/><G124/><T114/><D106/><U131/><E27/><V37/><F37/><W89/><G101/><T24/><D103/><U48/><E88/><V13/><F13/><W115/><G115/><T67/><D102/><U29/><E131/><V11/><F11/><W14/><G14/><T47/><D114/><U23/><E80/><V100/><F100/><W61/><G94/><T129/><D72/><U7/><E7/><V54/><F54/><N who="3" m="20491" /><G61/><T112/><D112/><U71/><E60/><V135/><F135/><W30/><G30/><AGARI ba="1,1" hai="6,8,12,20,26,30,45,49,52,86,90,92,128,130" machi="30" ten="40,5200,0" yaku="1,1,54,1,53,1" doraHai="66,133" doraHaiUra="107,17" who="2" fromWho="3" sc="273,0,298,0,214,65,205,-55" /><INIT seed="2,0,0,4,0,93" ten="273,298,279,150" oya="2" hai0="127,104,78,25,65,108,110,125,32,133,86,74,1" hai1="70,11,13,118,107,33,68,29,7,96,5,71,105" hai2="99,69,89,73,45,135,42,16,23,120,30,100,58" hai3="39,14,121,34,75,9,40,18,57,113,81,102,67"/><V117/><F117/><W49/><G121/><T20/><D1/><U123/><E118/><V88/><F69/><W97/><G34/><T27/><D74/><U101/><E123/><V15/><F120/><W37/><G113/><T130/><D104/><U126/><E126/><N who="0" m="48137" /><D130/><U12/><E105/><V56/><F73/><W115/><G115/><T61/><D32/><U87/><E87/><V50/><F135/><W112/><G112/><T94/><D133/><U124/><E124/><V41/><F41/><W72/><G67/><T85/><D94/><U84/><E84/><N who="0" m="32361" /><D78/><U3/><REACH who="1" step="1"/><E5/><REACH who="1" ten="273,288,279,150" step="2"/><V82/><F82/><W66/><G81/><T79/><D79/><U116/><E116/><V134/><F134/><W122/><G122/><T35/><D35/><U53/><E53/><V129/><F129/><W46/><G72/><T63/><D65/><U47/><E47/><V21/><F45/><W24/><G75/><T111/><D27/><AGARI ba="0,1" hai="3,7,11,12,13,27,29,33,68,70,71,96,101,107" machi="27" ten="40,2600,0" yaku="1,1,52,1,53,0" doraHai="93" doraHaiUra="48" who="1" fromWho="0" sc="273,-26,288,36,279,0,150,0" /><INIT seed="3,0,0,5,3,87" ten="247,324,279,150" oya="3" hai0="88,11,69,72,17,110,131,3,90,37,98,99,8" hai1="56,96,114,59,14,127,76,107,23,103,57,39,129" hai2="121,55,34,125,128,4,81,10,5,60,102,50,44" hai3="52,6,62,65,53,117,112,67,101,109,36,83,40"/><W133/><G112/><T123/><D123/><U108/><E114/><V84/><F121/><W21/><G117/><T93/><D37/><U118/><E39/><V70/><F125/><W2/><G101/><N who="0" m="60623" /><D69/><U42/><E127/><V35/><F128/><W119/><G119/><T94/><D72/><U104/><E118/><V49/><F102/><W74/><G133/><T54/><D3/><U58/><E129/><V27/><F50/><W12/><G2/><T68/><D68/><U48/><E108/><V126/><F126/><W38/><G109/><T91/><D131/><U75/><E104/><V51/><F51/><W28/><G38/><T106/><D106/><U47/><E58/><V71/><F4/><W13/><G36/><T24/><D110/><U115/><E115/><V134/><F134/><W46/><G6/><T97/><D54/><N who="3" m="21097" /><G74/><T15/><D97/><U16/><E75/><V85/><F71/><W92/><G83/><T31/><D8/><U89/><E76/><V132/><F132/><W22/><G92/><T86/><D86/><U82/><E82/><V122/><F122/><W130/><G130/><T79/><D79/><U105/><E107/><V77/><F85/><W135/><G135/><T9/><D9/><U80/><E80/><V20/><F5/><W19/><G62/><T41/><D41/><U73/><E73/><V63/><F63/><W33/><G33/><N who="2" m="12297" /><F60/><W95/><G95/><T25/><D94/><N who="1" m="56399" /><E105/><V29/><F70/><W0/><G0/><T1/><D1/><U66/><E103/><V124/><F124/><W30/><G40/><T7/><D7/><RYUUKYOKU ba="0,0" sc="247,-15,324,15,279,15,150,-15" hai1="14,16,23,42,47,48,56,57,59,66" hai2="10,20,27,29,44,49,55,77,81,84" owari="232,-16.8,339,43.9,294,9.4,135,-36.5" /></mjloggm>