<mjloggm ver="2.3"><GO type="225" lobby="0"/><UN n0="%E3%81%BF%E3%81%BF%E3%81%9A" n1="%48%61%61%61%6C%61%6E%64" n2="%E3%81%99%E3%81%84%E3%81%BE%E3%81%9B%E3%83%BC%E3%82%93" n3="%E3%83%97%E3%83%92" dan="16,18,17,17" rate="2128.41,2238.44,2246.85,2166.54" sx="M,M,M,M"/><TAIKYOKU oya="0"/><INIT seed="0,0,0,1,1,111" ten="250,250,250,250" oya="0" hai0="102,1,85,29,53,109,62,94,21,58,104,13,25" hai1="113,57,121,135,7,68,44,87,49,66,4,128,117" hai2="48,86,32,11,71,50,133,18,129,108,14,20,73" hai3="43,72,41,67,6,17,55,59,92,52,112,124,30"/><T65/><D109/><U126/><E117/><V26/><F73/><W24/><G72/><T28/><D1/><U15/><E121/><V77/><F108/><W100/><G124/><T64/><D104/><U78/><E68/><V103/><F129/><W60/><G6/><T81/><D28/><U46/><E126/><V3/><F71/><W107/><G17/><T88/><REACH who="0" step="1"/><D13/><REACH who="0" ten="240,250,250,250" step="2"/><U42/><E15/><V115/><F14/><W47/><G107/><T96/><AGARI ba="0,1" hai="21,25,29,53,58,62,64,65,81,85,88,94,96,102" machi="96" ten="30,12000,1" yaku="1,1,2,1,0,1,8,1,54,1,53,0" doraHai="111" doraHaiUra="69" who="0" fromWho="0" sc="240,130,250,-40,250,-40,250,-40" /><INIT seed="0,1,0,4,2,12" ten="370,210,210,210" oya="0" hai0="63,76,78,88,110,51,90,65,135,112,116,69,24" hai1="0,73,55,13,50,18,77,47,45,87,35,17,134" hai2="130,28,66,38,9,29,40,119,53,8,2,92,34" hai3="124,21,58,56,99,131,101,86,71,132,33,123,84"/><T127/><D112/><U129/><E0/><V6/><F130/><W128/><G33/><T5/><D116/><U23/><E73/><V122/><F122/><W1/><G71/><T19/><D127/><U7/><E35/><V95/><F119/><W60/><G1/><T36/><D36/><U105/><E105/><V57/><F66/><W20/><G123/><T67/><D5/><U22/><E129/><N who="3" m="49738" /><G132/><T61/><D135/><U46/><E7/><V91/><F9/><W89/><G56/><T108/><D51/><U118/><E118/><V83/><F83/><N who="3" m="49311" /><G86/><T98/><D98/><U64/><E64/><V75/><F75/><W3/><G3/><T94/><D94/><U44/><E134/><V25/><F29/><W126/><G124/><T120/><D120/><U16/><E13/><V4/><F4/><W30/><G30/><T121/><D121/><U41/><E41/><V59/><F59/><W32/><G32/><T100/><D100/><U43/><E43/><V31/><F28/><W80/><G80/><AGARI ba="1,0" hai="16,17,18,22,23,44,45,46,47,50,55,77,80,87" machi="80" ten="40,8000,1" yaku="8,1,52,3,54,1" doraHai="12" who="1" fromWho="3" sc="370,0,210,83,210,0,210,-83" /><INIT seed="1,0,0,2,3,47" ten="370,293,210,127" oya="1" hai0="15,45,37,24,125,16,90,100,54,76,66,94,17" hai1="55,86,88,51,134,64,82,43,9,30,53,23,42" hai2="72,127,128,1,59,32,46,7,33,105,117,115,6" hai3="120,65,10,0,5,98,39,97,11,61,116,22,40"/><U83/><E134/><V70/><RYUUKYOKU type="yao9" ba="0,0" sc="370,0,293,0,210,0,127,0" hai2="1,6,7,32,33,46,59,70,72,105,115,117,127,128" /><INIT seed="1,1,0,1,2,67" ten="370,293,210,127" oya="1" hai0="96,109,28,66,58,81,49,113,44,127,29,5,102" hai1="3,133,21,115,70,55,4,60,43,68,128,87,112" hai2="18,122,78,97,35,65,124,9,92,123,25,63,46" hai3="79,40,73,42,106,132,59,48,103,14,99,101,6"/><U107/><E107/><V111/><F111/><W121/><G121/><T84/><D113/><U82/><E128/><V134/><F134/><W131/><G132/><T110/><D5/><U54/><E133/><V125/><F78/><W85/><G103/><T51/><D127/><N who="2" m="48714" /><F46/><W24/><G73/><T22/><D66/><U105/><E105/><V10/><F35/><W108/><G108/><N who="0" m="41579" /><D58/><U83/><E43/><V56/><F25/><W69/><G24/><N who="0" m="16407" /><D44/><U76/><E112/><V0/><F10/><W8/><G131/><T27/><D96/><U47/><E115/><V13/><F0/><W30/><G30/><T26/><D102/><AGARI ba="1,0" hai="9,13,18,56,63,65,92,97,102,122,123" m="48714" machi="102" ten="30,1000,0" yaku="18,1" doraHai="67" who="2" fromWho="0" sc="370,-13,293,0,210,13,127,0" /><INIT seed="2,0,0,5,5,7" ten="357,293,223,127" oya="2" hai0="34,67,88,111,84,85,64,73,43,91,35,19,129" hai1="78,32,109,74,62,36,9,57,2,17,71,77,107" hai2="79,52,26,92,124,134,125,3,28,95,53,130,89" hai3="33,127,6,68,31,37,131,8,98,10,22,87,135"/><V81/><F130/><W58/><G68/><T14/><D73/><U72/><E71/><V118/><F134/><W110/><G33/><T96/><D129/><U18/><E107/><V5/><F118/><W97/><G131/><T128/><D128/><U115/><E115/><V40/><F40/><W46/><G37/><T76/><D76/><U16/><E32/><V106/><F106/><W126/><G135/><T75/><D75/><U83/><E36/><V1/><F1/><W108/><G87/><T121/><D43/><U112/><E109/><N who="3" m="42090" /><G58/><T4/><D4/><U113/><E78/><V39/><F39/><W29/><G46/><T13/><D111/><U56/><E74/><V90/><F79/><W66/><G66/><T116/><D19/><U120/><E56/><V119/><F81/><W55/><G55/><T99/><D121/><U15/><E2/><V42/><F42/><W25/><G31/><T133/><D133/><U65/><E120/><V47/><F119/><AGARI ba="0,0" hai="13,14,34,35,64,67,84,85,88,91,96,99,116,119" machi="119" ten="25,3200,0" yaku="22,2,54,1" doraHai="7" who="0" fromWho="2" sc="357,32,293,0,223,-32,127,0" /><INIT seed="3,0,0,5,2,65" ten="389,293,191,127" oya="3" hai0="123,1,25,49,36,87,3,4,116,21,132,18,86" hai1="135,114,97,52,127,15,111,24,32,130,6,112,11" hai2="134,63,69,133,59,64,26,66,104,47,82,94,39" hai3="40,67,58,45,99,79,70,108,126,48,10,0,8"/><W28/><G126/><T27/><D36/><U62/><E127/><V81/><F104/><W85/><G108/><T42/><D116/><U5/><E111/><V84/><F26/><W88/><G28/><T117/><D117/><U14/><E130/><V95/><F66/><W131/><G131/><T75/><D75/><U115/><E135/><N who="2" m="51723" /><F59/><W119/><G119/><T78/><D123/><U16/><E97/><V51/><F39/><W60/><G0/><T44/><D4/><U19/><E52/><N who="2" m="29823" /><F82/><W46/><G70/><T29/><D87/><U121/><E62/><V20/><F20/><W92/><REACH who="3" step="1"/><G46/><REACH who="3" ten="389,293,191,117" step="2"/><T55/><D1/><U61/><E121/><V43/><F43/><W107/><G107/><T128/><D3/><U109/><E109/><V110/><F110/><W30/><G30/><T7/><D132/><U22/><E61/><V77/><AGARI ba="0,1" hai="63,64,69,77,81,84,94,95" m="29823,51723" machi="77" ten="30,4000,0" yaku="20,1,52,1,54,1" doraHai="65" who="2" fromWho="2" sc="389,-10,293,-10,191,50,117,-20" owari="379,47.9,283,8.3,241,-15.9,97,-40.3" /></mjloggm>