<mjloggm ver="2.3"><GO type="225" lobby="0"/><UN n0="%E6%B8%A9%E2%98%85%E6%83%85%E2%98%85%E6%8E%AA%E2%98%85%E7%BD%AE" n1="%E6%98%93%E5%88%A9%E8%96%A9%E4%BC%AF" n2="%6B%79%6F%6E%6B%6F%31%31" n3="%E4%BF%BA%E3%81%A8%E5%A6%96%E5%A4%A2" dan="17,16,16,16" rate="2157.16,2114.54,2142.79,2131.52" sx="M,F,M,F"/><TAIKYOKU oya="0"/><INIT seed="0,0,0,3,3,45" ten="250,250,250,250" oya="0" hai0="113,19,62,89,10,118,71,130,60,13,43,124,8" hai1="116,24,15,96,103,83,5,102,94,41,123,0,121" hai2="101,29,25,46,112,28,98,70,100,110,36,82,7" hai3="97,129,40,14,55,34,104,47,120,73,88,114,126"/><T30/><D113/><U108/><E0/><V95/><F112/><W35/><G114/><T26/><D118/><U37/><E116/><V76/><F70/><W93/><G73/><T17/><D130/><U68/><E68/><V63/><F110/><W51/><G129/><T53/><D124/><U31/><E108/><V81/><F7/><W134/><G126/><T72/><D72/><U61/><E37/><V109/><F109/><W111/><G111/><T117/><D117/><U119/><E41/><V91/><F82/><W59/><G134/><T105/><D105/><U74/><E119/><V92/><F28/><W48/><G120/><T122/><D43/><U132/><E103/><V107/><F36/><W90/><G104/><T80/><D122/><U38/><E38/><V12/><F12/><W49/><G14/><N who="0" m="7367" /><D71/><U69/><E132/><V84/><F46/><W27/><G27/><T18/><D30/><U57/><E69/><V21/><F63/><N who="0" m="24106" /><D53/><U127/><E127/><V44/><F107/><W133/><G133/><T33/><D33/><U22/><E74/><V56/><F56/><W87/><G49/><T106/><D106/><U115/><E115/><V4/><F44/><W128/><G128/><T86/><D26/><U54/><E123/><V66/><F66/><W39/><G39/><T85/><D85/><U52/><E54/><V65/><F65/><W78/><G78/><T42/><D42/><U3/><E3/><V32/><F32/><W2/><G2/><T58/><D58/><U1/><E1/><V50/><F84/><W125/><G125/><T11/><D13/><RYUUKYOKU ba="0,0" sc="250,15,250,-15,250,-15,250,15" hai0="10,11,18,19,80,86,89" hai3="34,35,40,47,48,51,55,59,87,88,90,93,97" /><INIT seed="0,1,0,3,2,115" ten="265,235,235,265" oya="0" hai0="1,16,101,134,55,76,109,98,15,24,27,90,123" hai1="11,73,26,110,103,70,29,20,122,38,100,41,54" hai2="87,9,0,51,93,30,96,31,57,99,80,84,4" hai3="6,19,120,71,95,68,108,78,63,21,39,133,62"/><T56/><D123/><U25/><E70/><V10/><F84/><W112/><G112/><T94/><D1/><U64/><E73/><V58/><F10/><W14/><G39/><T83/><D134/><U8/><E64/><V53/><F57/><W44/><G120/><T67/><D67/><U126/><E110/><V17/><F17/><W97/><G133/><T127/><D109/><U72/><E72/><V107/><F107/><W121/><G121/><T77/><D127/><U5/><E11/><V74/><F74/><W28/><G108/><T106/><D101/><U50/><E126/><V89/><REACH who="2" step="1"/><F99/><REACH who="2" ten="265,235,225,265" step="2"/><W33/><G97/><T113/><D106/><U60/><E8/><V104/><F104/><W132/><G19/><T130/><D113/><U59/><E59/><V119/><F119/><W43/><G132/><T34/><D98/><U102/><E122/><V85/><F85/><W114/><G114/><T125/><D56/><U128/><E5/><V49/><F49/><W42/><G6/><T111/><D125/><U117/><E50/><V81/><F81/><W75/><G75/><T46/><D83/><U91/><E117/><V124/><F124/><W82/><G82/><T40/><D111/><U23/><E38/><V116/><F116/><W52/><G68/><T86/><D86/><U7/><E7/><V22/><F22/><W18/><G71/><T36/><D36/><U118/><E20/><V88/><AGARI ba="1,1" hai="0,4,9,30,31,51,53,58,80,87,88,89,93,96" machi="88" ten="20,5200,0" yaku="1,1,0,1,7,1,54,1,53,0" doraHai="115" doraHaiUra="66" who="2" fromWho="2" sc="265,-27,235,-14,225,65,265,-14" /><INIT seed="1,0,0,3,1,100" ten="238,221,290,251" oya="1" hai0="66,32,74,120,0,15,107,97,44,40,90,10,76" hai1="104,125,51,14,30,117,48,42,124,135,64,54,31" hai2="38,52,68,114,20,26,129,130,28,102,94,86,131" hai3="79,24,3,96,91,110,1,88,111,81,41,89,73"/><U9/><E117/><V69/><F38/><W25/><G41/><T4/><D120/><U53/><E64/><V18/><F114/><W126/><G96/><T118/><D118/><U46/><E135/><V71/><F102/><W80/><G126/><N who="1" m="48746" /><E104/><V5/><F5/><W119/><G119/><T113/><D113/><U84/><E84/><V55/><F28/><N who="1" m="10793" /><E51/><V63/><F63/><W34/><G34/><T47/><D32/><U60/><E60/><V99/><F99/><W27/><REACH who="3" step="1"/><G81/><REACH who="3" ten="238,221,290,241" step="2"/><T12/><D97/><U39/><E39/><V92/><F92/><W49/><G49/><T98/><D98/><U19/><AGARI ba="0,1" hai="9,14,19,42,46,48,53,54" m="10793,48746" machi="19" ten="30,1500,0" yaku="18,1" doraHai="100" who="1" fromWho="1" sc="238,-5,221,25,290,-5,241,-5" /><INIT seed="1,1,0,5,5,135" ten="233,246,285,236" oya="1" hai0="24,75,90,14,48,6,107,65,110,80,37,61,23" hai1="15,34,5,52,49,130,85,72,81,88,51,10,56" hai2="46,4,108,26,9,117,96,62,78,25,99,29,21" hai3="100,2,127,111,55,125,8,113,132,98,0,28,86"/><U67/><E130/><V39/><F108/><W43/><G113/><T63/><D37/><U38/><E38/><V133/><F133/><W102/><G132/><T20/><D107/><U115/><E115/><V47/><F117/><W74/><G74/><T123/><D110/><U114/><E114/><V106/><F78/><W44/><G111/><T76/><D123/><U45/><E34/><V91/><F91/><W3/><G28/><T60/><D48/><U79/><E67/><V95/><F106/><W73/><G73/><T131/><D131/><U17/><E5/><V42/><F47/><W121/><G55/><T1/><D1/><U7/><E7/><V27/><F62/><W92/><G102/><T53/><D53/><U57/><REACH who="1" step="1"/><E51/><REACH who="1" ten="233,236,285,236" step="2"/><V94/><F4/><W82/><G121/><T11/><D65/><U19/><E19/><V89/><F39/><W59/><G0/><T18/><D63/><U129/><E129/><V103/><F9/><W33/><G33/><T50/><D50/><U105/><E105/><V84/><F46/><W120/><G8/><T58/><D61/><U36/><E36/><V101/><F42/><W134/><G120/><T22/><D60/><U71/><E71/><V97/><F103/><W64/><G134/><T32/><D32/><U128/><E128/><V31/><F21/><W35/><G35/><T118/><D58/><U87/><E87/><V122/><F122/><W109/><G109/><T112/><D112/><U83/><AGARI ba="1,1" hai="10,15,17,45,49,52,56,57,72,79,81,83,85,88" machi="83" ten="20,18000,2" yaku="1,1,0,1,7,1,25,2,54,2,53,0" doraHai="135" doraHaiUra="69" who="1" fromWho="1" sc="233,-61,236,193,285,-61,236,-61" /><INIT seed="1,2,0,5,4,3" ten="172,429,224,175" oya="1" hai0="61,133,25,107,30,36,4,11,56,88,34,110,98" hai1="105,115,102,72,32,51,33,35,68,114,31,126,64" hai2="89,117,47,14,67,108,10,16,29,112,82,0,119" hai3="131,128,28,111,19,13,65,109,91,106,135,48,95"/><U45/><E72/><V132/><F108/><N who="3" m="41547" /><G106/><T100/><D110/><U87/><E126/><V46/><F132/><W127/><G28/><T116/><D133/><U42/><E31/><V96/><F112/><W123/><G135/><T122/><D116/><U57/><E87/><V12/><F0/><W63/><G127/><T8/><D36/><U80/><E80/><V6/><F29/><W75/><G48/><T27/><D122/><U99/><REACH who="1" step="1"/><E57/><REACH who="1" ten="172,419,224,175" step="2"/><V58/><F119/><W40/><G75/><T94/><D27/><U77/><E77/><V86/><F117/><W17/><G123/><T43/><D43/><U20/><E20/><N who="2" m="11271" /><F96/><N who="3" m="57471" /><G40/><T70/><D70/><U41/><E41/><V73/><F73/><W83/><G83/><T79/><D79/><U84/><E84/><V71/><F71/><N who="3" m="42431" /><G19/><T24/><D30/><U49/><E49/><V60/><AGARI ba="2,1" hai="6,10,14,46,47,58,60,67,82,86,89" m="11271" machi="60" ten="30,4000,0" yaku="8,1,52,1,54,1" doraHai="3" who="2" fromWho="2" sc="172,-12,419,-22,224,56,175,-12" /><INIT seed="2,0,0,3,1,130" ten="160,397,280,163" oya="2" hai0="103,6,109,48,57,28,134,84,74,60,29,61,42" hai1="11,82,117,58,120,20,30,47,72,121,67,108,69" hai2="129,50,62,113,51,13,64,127,100,101,66,54,56" hai3="19,99,9,71,81,89,132,0,122,102,63,59,116"/><V114/><F129/><W3/><G116/><T95/><D74/><U25/><E117/><V106/><F127/><W87/><G122/><N who="1" m="47210" /><E108/><V31/><F31/><N who="0" m="11850" /><D109/><U86/><E69/><V27/><F27/><W111/><G71/><T15/><D134/><U93/><E47/><V52/><F106/><W53/><G111/><T41/><D48/><U36/><E11/><V34/><F13/><W76/><G132/><T17/><D6/><U131/><E93/><V94/><F94/><W85/><G9/><N who="0" m="6383" /><D84/><U38/><E72/><V45/><F34/><W73/><G19/><T125/><D125/><U4/><E4/><V97/><F97/><W77/><G85/><T46/><D46/><U39/><E131/><V21/><F21/><W79/><REACH who="3" step="1"/><G73/><REACH who="3" ten="160,397,280,153" step="2"/><T24/><D24/><U110/><E110/><V91/><F113/><W37/><G37/><T70/><D70/><U1/><E39/><V128/><F114/><W123/><G123/><T68/><D68/><U7/><E38/><V33/><F128/><W14/><G14/><T118/><D118/><U65/><E36/><V40/><F33/><W26/><G26/><T2/><D2/><U55/><E1/><V88/><F40/><N who="0" m="15466" /><D57/><U75/><E75/><V104/><F45/><W126/><G126/><T107/><D107/><AGARI ba="0,1" hai="0,3,53,59,63,76,77,79,81,87,89,99,102,107" machi="107" ten="40,1300,0" yaku="1,1,53,0" doraHai="130" doraHaiUra="23" who="3" fromWho="0" sc="160,-13,397,0,280,0,153,23" /><INIT seed="3,0,0,5,5,123" ten="147,397,280,176" oya="3" hai0="95,90,57,7,21,12,13,40,125,51,100,119,78" hai1="34,1,48,11,117,105,43,17,124,19,114,118,35" hai2="81,94,131,28,130,65,67,61,108,113,59,76,24" hai3="52,44,47,9,134,29,50,55,18,135,30,129,132"/><W37/><G129/><N who="2" m="49161" /><F108/><W104/><G104/><T8/><D119/><N who="1" m="45579" /><E124/><V68/><F94/><W46/><G37/><T66/><D125/><U107/><E114/><V20/><F113/><W58/><G55/><T74/><D74/><U62/><E62/><V31/><F31/><W89/><G89/><T85/><D78/><U116/><E116/><V27/><F27/><W86/><G86/><T128/><D128/><U54/><E43/><V97/><F97/><W53/><G53/><N who="0" m="31935" /><D40/><U60/><E60/><V22/><F22/><W133/><G133/><T56/><D56/><U109/><E109/><V36/><F36/><W120/><G120/><T4/><D66/><U122/><E122/><V92/><F92/><W64/><G64/><T93/><D4/><N who="1" m="1423" /><E19/><V73/><F67/><W98/><G98/><T82/><D100/><U38/><E17/><V0/><F0/><W33/><G33/><N who="1" m="12298" /><E38/><V96/><F96/><W25/><G25/><T5/><D5/><U127/><E127/><V102/><F102/><W26/><G26/><T121/><D121/><U83/><E83/><V126/><F126/><W103/><G103/><T10/><D10/><U23/><E23/><V87/><F73/><W77/><G77/><T112/><D112/><U80/><E80/><V2/><F2/><W79/><G79/><T15/><D21/><U39/><E39/><V71/><AGARI ba="0,0" hai="20,24,28,59,61,65,68,71,76,81,87" m="49161" machi="71" ten="30,1100,0" yaku="19,1" doraHai="123" who="2" fromWho="2" sc="147,-3,397,-3,280,11,176,-5" owari="144,-35.6,394,49.4,291,9.1,171,-22.9" /></mjloggm>