<mjloggm ver="2.3"><GO type="225" lobby="0"/><UN n0="%E5%8D%A0%E3%81%84%E5%B8%AB%E8%A3%8F%E3%81%AA%E3%81%84%E3%81%97" n1="%E3%81%86%E3%81%A9%E3%82%93%E3%81%93" n2="%E5%A4%8F%E9%88%B4%E9%88%B4%E5%A4%8F" n3="%E5%A4%96%E5%B7%9D%E7%AB%9C%E6%88%90" dan="17,16,16,16" rate="2129.95,2146.30,2130.91,2149.40" sx="M,M,M,M"/><TAIKYOKU oya="0"/><INIT seed="0,0,0,1,1,125" ten="250,250,250,250" oya="0" hai0="15,30,9,98,46,112,12,69,7,63,73,94,132" hai1="79,5,32,60,18,78,36,97,107,28,64,67,70" hai2="38,105,33,3,49,127,74,95,82,47,92,124,26" hai3="90,8,81,80,11,17,37,129,45,27,34,76,1"/><T13/><D112/><U66/><E36/><V48/><F105/><W77/><G90/><T88/><D73/><U35/><E5/><V131/><F3/><W55/><G55/><T42/><D132/><U21/><E70/><V43/><F33/><W71/><G71/><T68/><D30/><U54/><E28/><V84/><F74/><W135/><G135/><T91/><D91/><U52/><E107/><V133/><F26/><W126/><G17/><T58/><D68/><U4/><E4/><V128/><F133/><W14/><G14/><T122/><D122/><U29/><E97/><V89/><F49/><W10/><G1/><T85/><D98/><U115/><E115/><V20/><F20/><W25/><G34/><T75/><D75/><U110/><E29/><V100/><F38/><W50/><G37/><T0/><D69/><U130/><E110/><V86/><F95/><W101/><G8/><T72/><D72/><U123/><E123/><V87/><F100/><W121/><G101/><T53/><REACH who="0" step="1"/><D0/><REACH who="0" ten="240,250,250,250" step="2"/><U59/><E35/><V116/><F116/><W39/><G121/><T65/><D65/><U93/><E32/><V96/><F82/><W108/><G108/><T23/><D23/><U56/><E93/><V61/><F61/><W103/><G126/><AGARI ba="0,1" hai="43,47,48,84,86,87,89,92,96,124,126,127,128,131" machi="126" ten="40,5200,0" yaku="18,1,52,2" doraHai="125" who="2" fromWho="3" sc="240,0,250,0,250,62,250,-52" /><INIT seed="1,0,0,4,5,8" ten="240,250,312,198" oya="1" hai0="131,83,127,95,74,51,93,58,91,111,59,115,81" hai1="61,84,121,24,44,39,102,5,100,66,123,16,46" hai2="76,99,64,36,63,14,17,13,15,70,103,105,94" hai3="67,118,101,43,20,104,112,32,1,77,52,49,50"/><U98/><E5/><V29/><F36/><W38/><G112/><T92/><D115/><U114/><E114/><V65/><F65/><W134/><G32/><T56/><D111/><U90/><E121/><V33/><F76/><W117/><G1/><T107/><D107/><U122/><E122/><V80/><F80/><W87/><G134/><T73/><D91/><U82/><E123/><V27/><REACH who="2" step="1"/><F94/><REACH who="2" ten="240,250,302,198" step="2"/><W2/><G67/><T128/><D93/><U108/><E39/><V133/><F133/><W125/><G38/><T6/><D92/><U109/><E109/><V119/><F119/><W69/><G77/><T120/><D95/><U18/><E108/><V21/><AGARI ba="0,1" hai="13,14,15,17,21,27,29,33,63,64,70,99,103,105" machi="21" ten="20,16000,3" yaku="1,1,0,1,7,1,25,2,52,3,53,1" doraHai="8" doraHaiUra="12" who="2" fromWho="2" sc="240,-40,250,-80,302,170,198,-40" /><INIT seed="2,0,0,1,0,118" ten="200,170,472,158" oya="2" hai0="13,82,115,91,47,126,77,19,31,85,7,96,55" hai1="41,54,121,75,81,116,35,3,28,76,51,92,119" hai2="84,34,132,88,66,130,1,42,23,45,63,9,0" hai3="120,104,80,112,46,87,21,105,12,61,6,8,72"/><V103/><F34/><W131/><G120/><T93/><D115/><U123/><E3/><V36/><F130/><W65/><G112/><T101/><D126/><U98/><E41/><V52/><F132/><W94/><G131/><T30/><D7/><U69/><E69/><V18/><F103/><W58/><G72/><T43/><D55/><U22/><E35/><V107/><F107/><W71/><G94/><T10/><D101/><U68/><E68/><V122/><F9/><W113/><G113/><T27/><D27/><N who="1" m="16503" /><E92/><V117/><F52/><W114/><G114/><T108/><D108/><U17/><E17/><V2/><F122/><N who="1" m="46601" /><E98/><V50/><F36/><AGARI ba="0,0" hai="10,13,19,30,31,36,43,47,77,82,85,91,93,96" machi="36" ten="30,1000,0" yaku="7,1" doraHai="118" who="0" fromWho="2" sc="200,10,170,0,472,-10,158,0" /><INIT seed="3,0,0,2,4,3" ten="210,170,462,158" oya="3" hai0="67,103,7,46,56,82,101,2,99,95,49,86,102" hai1="39,121,50,100,124,78,106,135,37,96,72,122,90" hai2="131,16,105,22,53,77,130,92,34,93,133,94,132" hai3="8,47,65,126,128,71,40,63,30,57,1,41,108"/><W110/><G126/><T21/><D7/><U14/><E124/><V13/><F105/><W36/><G128/><N who="2" m="49193" /><F34/><W68/><G30/><T23/><D2/><U62/><E135/><N who="2" m="51787" /><F53/><W61/><G8/><T24/><D56/><U119/><E119/><V114/><F77/><W55/><G1/><T45/><D67/><U38/><E62/><V59/><F59/><N who="3" m="35071" /><G41/><N who="0" m="24751" /><D46/><U76/><E76/><V64/><F64/><W11/><G11/><T18/><D21/><U104/><E104/><V73/><F114/><W6/><G6/><T35/><D35/><U20/><E78/><AGARI ba="0,0" hai="18,23,24,78,82,86,95,99,101,102,103" m="24751" machi="78" ten="30,1000,0" yaku="8,1" doraHai="3" who="0" fromWho="1" sc="210,10,170,-10,462,0,158,0" owari="220,2.0,160,-24.0,462,56.2,158,-34.2" /></mjloggm>