<mjloggm ver="2.3"><GO type="225" lobby="0"/><UN n0="%E3%81%99%E3%81%84%E3%81%BE%E3%81%9B%E3%83%BC%E3%82%93" n1="%E5%8D%A0%E3%81%84%E5%B8%AB%E8%A3%8F%E3%81%AA%E3%81%84%E3%81%97" n2="%E7%89%B9%E6%9D%B1%E3%81%AF%E4%B8%96%E7%95%8C%E3%82%92%E6%95%91%E3%81%86" n3="%E3%82%BC%E3%83%AB%E3%83%80%E3%81%AE%E4%BC%9D%E8%AA%AC" dan="18,17,16,17" rate="2222.66,2194.50,2133.59,2167.04" sx="M,M,M,M"/><TAIKYOKU oya="0"/><INIT seed="0,0,0,4,2,114" ten="250,250,250,250" oya="0" hai0="99,34,133,134,64,117,16,116,121,73,77,80,135" hai1="48,10,5,79,9,4,14,19,28,49,45,86,15" hai2="30,20,118,101,106,69,72,59,108,57,60,81,37" hai3="43,94,102,68,11,27,39,128,125,58,44,129,2"/><T29/><D121/><U63/><E28/><V42/><F69/><W65/><G125/><T67/><D99/><U98/><E98/><V76/><F101/><W22/><G102/><T55/><D55/><U82/><E63/><V32/><F106/><W132/><G132/><T124/><D124/><U105/><E105/><V90/><F32/><W111/><G111/><T46/><D46/><U61/><E61/><V120/><F120/><W112/><G112/><T33/><D16/><U13/><REACH who="1" step="1"/><E45/><REACH who="1" ten="250,240,250,250" step="2"/><V126/><F30/><W6/><G68/><T92/><D29/><U21/><AGARI ba="0,1" hai="4,5,9,10,13,14,15,19,21,48,49,79,82,86" machi="21" ten="20,12000,2" yaku="1,1,2,1,0,1,7,1,9,1,8,1,53,0" doraHai="114" doraHaiUra="25" who="1" fromWho="1" sc="250,-60,240,130,250,-30,250,-30" /><INIT seed="1,0,0,0,3,48" ten="190,370,220,220" oya="1" hai0="134,38,125,40,57,74,85,77,94,129,33,54,55" hai1="114,28,10,15,80,135,45,75,101,20,62,47,50" hai2="123,115,59,72,51,41,110,103,14,95,63,131,58" hai3="119,81,106,35,36,87,69,82,30,22,21,19,120"/><U5/><E114/><V76/><F123/><W66/><G120/><T43/><D33/><U73/><E135/><V11/><F115/><W32/><G36/><T109/><D134/><U46/><E101/><V98/><F110/><W52/><G106/><T100/><D109/><U108/><E108/><V3/><F3/><W104/><G104/><T42/><D38/><U23/><E75/><V67/><F131/><W4/><G4/><T113/><D113/><U49/><E62/><V18/><F72/><W2/><G2/><T121/><D129/><U6/><E6/><V24/><F76/><W83/><G119/><T56/><D74/><U107/><E107/><V90/><F24/><W132/><G87/><T16/><D125/><U91/><E73/><V128/><F128/><W27/><G132/><T61/><D121/><U8/><E8/><V1/><F1/><W39/><G39/><T71/><D71/><U70/><E70/><V84/><F41/><W99/><G99/><N who="0" m="59511" /><D16/><U64/><E28/><V86/><REACH who="2" step="1"/><F103/><REACH who="2" ten="190,370,210,220" step="2"/><W44/><G27/><T31/><D31/><U96/><E15/><V25/><F25/><W116/><G30/><T112/><D112/><U133/><E133/><V124/><F124/><W92/><G116/><T0/><D0/><U126/><E126/><V105/><F105/><W9/><G32/><T118/><D118/><U12/><E12/><V89/><F89/><W34/><G34/><T65/><D57/><U53/><E45/><V102/><F102/><W37/><G35/><T130/><D130/><U60/><E46/><V111/><F111/><W26/><G44/><RYUUKYOKU ba="0,1" sc="190,15,370,-15,210,15,220,-15" hai0="40,42,43,54,55,56,61,65,77,85" hai2="11,14,18,51,58,59,63,67,84,86,90,95,98" /><INIT seed="2,1,1,4,4,113" ten="205,355,225,205" oya="2" hai0="67,8,120,12,82,127,105,33,70,38,63,22,75" hai1="91,107,77,93,73,3,10,29,98,101,56,31,30" hai2="79,83,54,94,135,126,5,57,28,53,2,14,88" hai3="18,4,27,119,134,111,46,78,17,47,60,40,116"/><V36/><F135/><W45/><G40/><T114/><D114/><U24/><E3/><V99/><F36/><W39/><G39/><T117/><D33/><U50/><E10/><V44/><F2/><W103/><G103/><T42/><D105/><U65/><E73/><V104/><F126/><W84/><G4/><T0/><D120/><U37/><E37/><V49/><F104/><W112/><G112/><T11/><D127/><U41/><E77/><V68/><F68/><W132/><G60/><T72/><D22/><U23/><E41/><V129/><F129/><W21/><G111/><T32/><D32/><U76/><E76/><V15/><F28/><W96/><G96/><T61/><D61/><N who="1" m="38055" /><E107/><V1/><F5/><W59/><G59/><T130/><D130/><U102/><E50/><V86/><F1/><W20/><G84/><T97/><D97/><U109/><E109/><V71/><F71/><W123/><G78/><N who="0" m="44359" /><D75/><U13/><E13/><V115/><F115/><W121/><G45/><N who="0" m="23767" /><D11/><U133/><E133/><V34/><F34/><W25/><AGARI ba="1,1" hai="17,18,20,21,25,27,46,47,116,119,121,123,132,134" machi="25" ten="25,8000,1" yaku="0,1,22,2,52,2" doraHai="113" who="3" fromWho="3" sc="205,-21,355,-21,225,-41,205,93" /><INIT seed="3,0,0,4,4,117" ten="184,334,184,298" oya="3" hai0="134,9,36,43,76,71,84,59,33,25,22,128,46" hai1="127,12,10,19,85,51,75,90,45,14,30,73,28" hai2="52,48,88,92,35,74,79,3,39,125,69,111,65" hai3="80,120,115,129,61,5,133,53,112,123,60,118,70"/><W108/><G5/><T6/><D71/><U68/><E68/><V100/><F3/><W63/><G80/><T96/><D33/><U119/><E127/><V49/><F39/><W24/><G24/><T38/><D134/><U78/><E119/><V17/><F35/><W131/><G118/><T0/><D128/><N who="3" m="49225" /><G133/><T114/><D114/><N who="3" m="43561" /><G108/><T122/><D25/><U130/><E130/><V81/><F125/><W101/><G70/><T56/><D6/><N who="1" m="3159" /><E78/><V77/><F77/><W26/><G101/><T86/><D76/><U94/><E73/><V21/><F100/><W91/><G91/><T82/><D82/><U20/><E75/><V135/><F135/><W132/><G132/><T110/><D110/><U18/><E18/><V95/><F111/><W40/><G40/><AGARI ba="0,0" hai="14,19,20,28,30,40,45,51,85,90,94" m="3159" machi="40" ten="30,1000,0" yaku="8,1" doraHai="117" who="1" fromWho="3" sc="184,0,334,10,184,0,298,-10" owari="184,-21.6,344,44.4,184,-31.6,288,8.8" /></mjloggm>