<mjloggm ver="2.3"><GO type="225" lobby="0"/><UN n0="%72%69%6F%75%63%68%61%6E" n1="%33%74%72%65%65" n2="%E3%83%A9%E3%83%BC%E3%83%A1%E3%83%B3%E4%BA%94%E9%83%8E" n3="%E3%82%B3%E3%83%90%E3%83%AC%E3%82%A4" dan="16,16,16,16" rate="2169.75,2114.54,2119.46,2081.46" sx="M,F,M,M"/><TAIKYOKU oya="0"/><INIT seed="0,0,0,5,4,117" ten="250,250,250,250" oya="0" hai0="26,29,27,103,63,78,15,57,21,4,109,1,52" hai1="121,75,24,69,47,124,102,97,104,2,71,32,115" hai2="85,73,28,54,11,74,61,67,76,35,94,66,16" hai3="127,55,114,110,22,128,116,9,82,51,40,88,23"/><T8/><D109/><U131/><RYUUKYOKU type="yao9" ba="0,0" sc="250,0,250,0,250,0,250,0" hai1="2,24,32,47,69,71,75,97,102,104,115,121,124,131" /><INIT seed="0,1,0,3,1,21" ten="250,250,250,250" oya="0" hai0="36,92,32,1,133,40,33,130,93,20,106,66,116" hai1="83,67,115,58,23,50,10,28,79,54,37,131,70" hai2="51,82,75,96,42,114,41,85,14,25,60,9,102" hai3="13,86,107,135,4,27,121,113,0,17,81,47,127"/><T7/><D116/><U94/><E131/><V44/><F75/><W118/><G118/><T2/><D106/><U63/><E115/><V11/><F114/><W99/><G113/><T26/><D130/><U39/><E10/><V49/><F60/><W111/><G121/><T62/><D133/><U117/><E94/><N who="2" m="58647" /><F14/><W5/><G135/><T123/><D123/><U125/><E125/><V72/><F72/><W19/><G127/><T38/><D40/><U89/><E89/><N who="2" m="51383" /><F25/><W48/><G0/><T101/><D2/><U31/><E117/><V59/><F59/><W97/><G107/><T3/><D3/><U74/><REACH who="1" step="1"/><E23/><REACH who="1" ten="250,240,250,250" step="2"/><V129/><F129/><W16/><G111/><T68/><D32/><U91/><E91/><V134/><F134/><W87/><G99/><T108/><D33/><U8/><E8/><V78/><F78/><W100/><G97/><T112/><D112/><U90/><E90/><V120/><F120/><W73/><G100/><T15/><D108/><U64/><E64/><V24/><F9/><W76/><G76/><T132/><D132/><U6/><E6/><V104/><F11/><W109/><G109/><T65/><D101/><U124/><E124/><V80/><F104/><W71/><G5/><T52/><D66/><U45/><E45/><N who="2" m="25775" /><F80/><W22/><G4/><T55/><D7/><U119/><E119/><V88/><F88/><W61/><G47/><T29/><D1/><U105/><E105/><V110/><F110/><W77/><G77/><T53/><REACH who="0" step="1"/><D15/><REACH who="0" ten="240,240,250,250" step="2"/><U57/><E57/><V34/><F34/><W95/><G13/><T30/><D30/><AGARI ba="1,2" hai="28,30,31,37,39,50,54,58,63,67,70,74,79,83" machi="30" ten="40,2600,0" yaku="1,1,6,1,53,0" doraHai="21" doraHaiUra="18" who="1" fromWho="0" sc="240,-29,240,49,250,0,250,0" /><INIT seed="1,0,0,5,0,73" ten="211,289,250,250" oya="1" hai0="88,97,63,65,4,77,13,62,76,51,96,89,37" hai1="134,133,53,81,61,33,109,127,10,9,113,117,72" hai2="36,68,82,57,115,5,23,124,118,114,102,42,60" hai3="28,69,17,18,3,126,1,94,54,116,111,30,120"/><U66/><E113/><N who="2" m="43019" /><F118/><W58/><G69/><T101/><D37/><U7/><E117/><V107/><F124/><W8/><G116/><T12/><D51/><U95/><E127/><V21/><F68/><W24/><G126/><T75/><D75/><U52/><E33/><V132/><F132/><N who="1" m="50793" /><E109/><V26/><F5/><W105/><G105/><T106/><D4/><U70/><E95/><V84/><F42/><W71/><G71/><T135/><D135/><U47/><E47/><V22/><F36/><W103/><G111/><T44/><D44/><U49/><E49/><V78/><F102/><W46/><G46/><T108/><D108/><U15/><E10/><V59/><F107/><W35/><G30/><T119/><D119/><U14/><E14/><N who="0" m="5737" /><D106/><U93/><E93/><V29/><F57/><W11/><G8/><T41/><D41/><U32/><E32/><V31/><F26/><W19/><G11/><T79/><D101/><U112/><E112/><V86/><F86/><W2/><G120/><T128/><D128/><U40/><E40/><V74/><F74/><W6/><G6/><T104/><D104/><U121/><E121/><V64/><AGARI ba="0,0" hai="21,22,23,29,31,59,60,64,78,82,84" m="43019" machi="64" ten="30,2000,0" yaku="11,1,52,1" doraHai="73" who="2" fromWho="2" sc="211,-5,289,-10,250,20,250,-5" /><INIT seed="2,0,0,3,3,124" ten="206,279,270,245" oya="2" hai0="126,86,38,88,101,41,63,58,133,72,11,75,29" hai1="120,111,135,1,82,76,37,26,4,93,62,22,129" hai2="70,112,9,78,27,60,115,2,119,109,99,123,110" hai3="42,12,7,125,127,45,96,8,13,131,5,35,87"/><V100/><F119/><W134/><G35/><T54/><D126/><N who="3" m="48137" /><G96/><T84/><D133/><U33/><E33/><V65/><F123/><W15/><G134/><T105/><D29/><U74/><E120/><V89/><F78/><W36/><G87/><T34/><D34/><U50/><E76/><V61/><F89/><W6/><G8/><T71/><D71/><U16/><E135/><V64/><F27/><W81/><G81/><T80/><D11/><U17/><E82/><V53/><F53/><W51/><G36/><T122/><D122/><U66/><E37/><V68/><F9/><W46/><G46/><T83/><D41/><U10/><E10/><V128/><F2/><W94/><G94/><T118/><D38/><U92/><E93/><V24/><F24/><W43/><G43/><T56/><D118/><U103/><E92/><V108/><REACH who="2" step="1"/><F128/><AGARI ba="0,0" hai="5,6,7,12,13,15,42,45,51,128,131" m="48137" machi="128" ten="40,5200,0" yaku="18,1,52,2" doraHai="124" who="3" fromWho="2" sc="206,0,279,0,270,-52,245,52" /><INIT seed="3,0,0,4,4,55" ten="206,279,218,297" oya="3" hai0="15,93,84,32,135,121,123,91,69,117,127,94,83" hai1="40,106,122,51,85,101,49,98,18,108,7,9,46" hai2="82,17,70,114,31,52,8,134,1,58,20,66,25" hai3="43,34,45,47,4,53,22,62,96,65,5,61,10"/><W29/><G34/><T71/><D32/><U21/><E122/><N who="0" m="46601" /><D15/><U126/><E108/><V41/><F114/><W60/><G65/><T72/><D69/><U16/><E126/><V35/><F134/><W97/><G53/><T88/><D71/><U87/><E51/><V113/><F113/><W44/><G43/><T11/><D11/><U115/><E115/><V73/><F41/><W67/><G67/><T3/><D3/><U12/><REACH who="1" step="1"/><E18/><REACH who="1" ten="206,269,218,297" step="2"/><V77/><F17/><W89/><G4/><T102/><D127/><U95/><E95/><N who="0" m="36361" /><D135/><U2/><AGARI ba="0,1" hai="2,7,9,12,16,21,40,46,49,85,87,98,101,106" machi="2" ten="20,8000,1" yaku="1,1,0,1,7,1,54,1,53,1" doraHai="55" doraHaiUra="14" who="1" fromWho="1" sc="206,-20,269,90,218,-20,297,-40" owari="186,-31.4,359,45.9,198,-20.2,257,5.7" /></mjloggm>