<mjloggm ver="2.3"><GO type="225" lobby="0"/><UN n0="%6D%75%75%6D%75%72%61" n1="%E5%B8%86%E7%AB%8B%E5%A4%8F%E8%A1%A3" n2="%E5%A4%8F%E9%88%B4%E9%88%B4%E5%A4%8F" n3="%E5%8F%AF%E5%85%90%E9%82%A3%E7%94%B1%E5%A4%9A" dan="17,16,16,17" rate="2242.83,2099.03,2106.34,2256.96" sx="F,M,M,F"/><TAIKYOKU oya="0"/><INIT seed="0,0,0,2,0,38" ten="250,250,250,250" oya="0" hai0="117,25,91,1,97,123,47,14,75,46,128,67,122" hai1="93,74,108,12,124,109,100,37,77,0,131,115,33" hai2="111,96,70,51,118,135,86,57,85,20,61,19,90" hai3="60,8,3,98,113,26,27,92,64,104,83,34,40"/><T71/><D117/><U73/><E0/><V106/><F118/><W84/><G113/><T105/><D1/><U41/><E33/><V68/><F111/><N who="1" m="42569" /><E115/><V80/><F135/><W4/><G104/><T42/><D75/><U45/><E124/><V87/><F51/><W119/><G119/><T30/><D128/><U76/><E131/><V32/><F32/><W107/><G107/><T13/><D71/><U29/><E29/><V44/><F44/><W22/><G34/><T2/><D2/><U95/><E12/><V129/><F129/><W55/><G55/><T62/><D13/><U125/><E125/><V79/><F106/><W78/><G22/><T52/><D14/><U17/><E17/><V54/><F96/><W11/><G11/><T39/><D30/><U31/><E31/><V65/><F65/><W24/><G40/><T110/><D25/><U134/><E134/><V132/><F132/><W116/><G116/><T112/><D110/><U133/><E133/><V99/><F99/><W82/><G82/><T56/><D112/><U10/><E10/><V53/><F53/><W43/><G43/><T36/><D36/><U101/><E74/><N who="2" m="43127" /><F90/><W7/><G7/><T127/><D127/><U66/><E66/><V59/><F59/><W130/><G130/><T21/><D21/><U88/><E95/><V89/><F89/><N who="3" m="55567" /><G64/><T35/><D35/><U18/><E73/><V15/><F68/><W58/><G58/><T69/><D69/><U50/><E37/><V16/><F70/><W72/><G72/><T23/><D23/><U103/><E18/><V120/><F19/><RYUUKYOKU ba="0,0" sc="250,-30,250,10,250,10,250,10" hai1="41,45,50,76,77,88,93,100,101,103" hai2="15,16,20,54,57,61,85,86,87,120" hai3="3,4,8,24,26,27,60,78,83,84" /><INIT seed="1,1,0,0,4,10" ten="220,260,260,260" oya="1" hai0="124,70,55,45,8,108,60,54,20,101,28,96,84" hai1="94,116,102,42,99,129,50,13,125,63,111,104,22" hai2="83,9,126,31,75,72,85,69,65,86,37,47,35" hai3="56,4,0,115,82,46,112,93,67,1,95,34,14"/><U76/><E116/><V119/><F119/><W40/><G34/><T107/><D108/><U77/><E125/><V6/><F126/><W23/><G0/><T30/><D124/><U39/><E39/><V123/><F123/><W5/><G1/><T117/><D117/><U16/><E129/><V24/><F85/><W110/><G110/><T122/><D122/><U128/><E128/><V113/><F113/><W11/><G4/><T26/><D28/><U49/><E111/><V44/><F65/><W15/><G82/><T62/><D70/><U53/><E104/><V134/><F134/><W100/><G100/><T36/><D54/><U21/><E21/><V103/><F69/><W79/><G79/><N who="1" m="30282" /><E42/><V17/><F17/><N who="3" m="10687" /><G115/><T32/><D32/><U88/><E102/><V105/><F103/><W130/><G130/><T33/><D33/><U18/><E18/><V118/><F105/><W68/><G68/><T97/><D97/><U74/><E74/><V3/><F118/><W52/><G67/><T59/><D84/><U58/><AGARI ba="1,0" hai="13,16,22,49,50,53,58,63,88,94,99" m="30282" machi="58" ten="30,11700,0" yaku="8,1,52,1,54,2" doraHai="10" who="1" fromWho="1" sc="220,-40,260,120,260,-40,260,-40" /><INIT seed="1,2,0,3,1,44" ten="180,380,220,220" oya="1" hai0="12,88,128,11,43,124,121,103,116,76,37,13,135" hai1="90,42,0,10,133,21,40,70,47,49,26,18,91" hai2="87,61,25,63,59,109,122,65,84,86,113,131,17" hai3="119,27,16,9,38,125,35,39,69,60,52,22,95"/><U81/><E133/><V92/><F122/><W66/><G125/><T45/><D116/><U134/><E134/><V132/><F132/><W8/><G119/><T127/><D135/><U51/><E70/><V4/><F109/><W72/><G72/><T36/><D128/><U68/><E68/><V29/><F131/><W77/><G77/><T30/><D121/><U97/><E0/><V102/><F113/><W41/><G35/><T75/><D103/><U28/><E97/><N who="2" m="59687" /><F61/><W118/><G118/><T100/><D100/><U96/><E96/><V93/><F4/><W82/><G82/><T117/><D117/><U107/><E107/><V56/><F56/><W114/><G114/><T7/><D36/><U33/><E81/><V108/><F108/><W57/><G95/><T78/><D30/><U130/><E130/><V50/><F17/><W20/><G20/><T31/><D31/><U129/><E129/><V34/><F34/><W2/><G2/><T64/><D64/><U105/><E105/><V24/><F29/><W67/><G67/><T112/><D112/><U71/><E71/><V3/><F3/><W99/><G99/><T55/><D75/><U48/><E33/><V104/><F104/><W115/><G115/><T1/><D124/><U89/><E47/><V32/><F32/><W79/><G69/><T83/><D127/><U53/><E53/><N who="2" m="32183" /><F93/><W110/><G110/><T19/><D55/><U111/><E111/><V74/><F74/><W80/><G66/><T46/><D46/><N who="1" m="25671" /><E42/><V126/><F126/><W6/><G41/><T106/><D106/><U23/><E28/><RYUUKYOKU ba="2,0" sc="180,-10,380,-10,220,30,220,-10" hai2="24,25,63,65,84,86,87" /><INIT seed="2,3,0,4,0,39" ten="170,370,250,210" oya="2" hai0="1,31,16,60,109,78,113,99,63,49,90,101,121" hai1="32,3,76,29,73,93,57,48,122,28,105,0,89" hai2="24,82,131,47,70,120,102,84,132,83,37,74,25" hai3="95,45,126,134,100,54,107,36,34,106,114,128,92"/><V130/><F120/><W129/><G34/><T52/><D1/><U22/><E105/><N who="3" m="39946" /><G54/><T91/><D121/><U80/><E122/><V103/><F70/><W15/><G15/><T104/><D113/><U118/><E32/><V98/><F132/><W79/><G45/><T77/><D31/><U62/><E118/><V81/><F74/><W19/><G36/><T64/><D109/><U4/><E48/><V23/><F84/><W65/><G65/><T30/><D30/><U86/><E4/><V124/><F124/><W14/><G126/><T2/><D2/><U12/><E0/><V127/><F127/><W13/><G13/><T10/><D104/><U125/><E3/><V51/><F37/><W7/><G7/><T41/><D101/><N who="2" m="38410" /><F98/><W135/><G114/><T94/><D91/><U17/><E125/><V20/><F131/><N who="3" m="50251" /><G79/><N who="0" m="30219" /><D41/><U44/><E44/><V59/><F59/><W112/><G112/><T108/><D64/><AGARI ba="3,0" hai="12,17,22,28,29,57,62,64,73,76,80,86,89,93" machi="64" ten="30,1000,0" yaku="7,1" doraHai="39" who="1" fromWho="0" sc="170,-19,370,19,250,0,210,0" /><INIT seed="3,0,0,2,0,29" ten="151,389,250,210" oya="3" hai0="116,77,133,67,135,97,65,51,129,112,16,72,1" hai1="134,30,41,101,39,0,61,119,78,76,6,2,13" hai2="106,68,54,103,125,43,58,113,100,80,55,132,123" hai3="53,50,75,96,83,19,32,57,49,4,11,115,121"/><W74/><G115/><T64/><D1/><U63/><E0/><V8/><F68/><W102/><G121/><T91/><D116/><U122/><E2/><V18/><F113/><W127/><G127/><T37/><D112/><U107/><E30/><V99/><F103/><W110/><G19/><T34/><D37/><U117/><E122/><V42/><F123/><W70/><G70/><T85/><D129/><U108/><E108/><V24/><F125/><W46/><G32/><T5/><D5/><U118/><E134/><V130/><F132/><W105/><G83/><T9/><D133/><U33/><E33/><V26/><F54/><W15/><REACH who="3" step="1"/><G110/><REACH who="3" ten="151,389,250,200" step="2"/><T3/><D135/><U52/><E118/><V47/><F80/><W62/><G62/><T89/><D34/><U31/><E117/><V88/><F18/><W48/><G48/><T14/><D72/><U59/><E63/><V98/><F130/><W44/><G44/><T95/><D77/><U17/><E119/><V66/><F47/><W90/><G90/><T104/><D3/><U126/><E126/><V21/><F88/><W109/><G109/><T93/><REACH who="0" step="1"/><D104/><REACH who="0" ten="141,389,250,200" step="2"/><U120/><E61/><V7/><F106/><W23/><G23/><T114/><D114/><U73/><E17/><V111/><F21/><W38/><G38/><T36/><D36/><U28/><E59/><V71/><F58/><W45/><G45/><T124/><D124/><U131/><E107/><V27/><F111/><W10/><G10/><T56/><D56/><U92/><E120/><V25/><F8/><W81/><G81/><T79/><D79/><RYUUKYOKU ba="0,2" sc="141,15,389,-15,250,-15,200,15" hai0="9,14,16,51,64,65,67,85,89,91,93,95,97" hai3="4,11,15,46,49,50,53,57,74,75,96,102,105" /><INIT seed="3,1,2,1,2,57" ten="156,374,235,215" oya="3" hai0="87,73,1,106,101,42,29,75,97,78,74,4,26" hai1="109,92,86,58,128,123,90,16,9,63,10,120,19" hai2="70,60,121,43,88,14,129,11,46,82,131,22,117" hai3="59,0,126,112,25,99,127,61,32,12,114,65,56"/><W81/><G0/><T41/><D1/><U62/><E109/><V66/><F22/><W103/><G12/><T7/><D87/><U98/><E128/><N who="2" m="49227" /><F121/><W67/><G81/><T28/><D78/><U6/><E120/><V122/><F122/><W48/><G32/><T111/><D111/><U51/><E123/><V115/><F115/><N who="3" m="44075" /><G25/><T84/><D84/><U55/><E86/><N who="2" m="50263" /><F117/><W27/><G27/><T69/><D69/><U135/><E135/><V64/><F64/><N who="3" m="38951" /><G99/><T50/><D50/><U118/><E118/><V68/><F68/><W91/><G91/><T40/><REACH who="0" step="1"/><D26/><REACH who="0" ten="146,374,235,215" step="2"/><U72/><E51/><N who="2" m="27103" /><F14/><W5/><G48/><T34/><D34/><U104/><E10/><AGARI ba="1,3" hai="10,11,60,66,70" m="27103,50263,49227" machi="10" ten="30,3900,0" yaku="19,1,52,1,54,1" doraHai="57" who="2" fromWho="1" sc="146,0,374,-42,235,72,215,0" owari="146,-35.4,332,43.2,307,10.7,215,-18.5" /></mjloggm>