<mjloggm ver="2.3"><GO type="225" lobby="0"/><UN n0="%48%61%61%61%6C%61%6E%64" n1="%E9%A2%A8%E3%81%A7%E9%B3%B4%E3%81%8F" n2="%E5%8F%AF%E5%85%90%E9%82%A3%E7%94%B1%E5%A4%9A" n3="%E7%99%BD%E5%92%B2%E8%8A%B1%E3%81%A1%E3%82%83%E3%82%93" dan="18,16,17,16" rate="2202.93,2178.67,2137.01,2088.68" sx="M,M,F,F"/><TAIKYOKU oya="0"/><INIT seed="0,0,0,4,3,26" ten="250,250,250,250" oya="0" hai0="10,24,49,63,20,102,106,42,96,11,109,3,128" hai1="89,1,80,92,98,44,5,53,99,97,6,43,116" hai2="83,103,7,13,37,75,66,17,84,91,69,108,58" hai3="119,50,73,131,134,111,25,71,30,90,2,78,72"/><T107/><D128/><U81/><E116/><V79/><F37/><W55/><G119/><T88/><D109/><U120/><E120/><V4/><F108/><W122/><G111/><T15/><D107/><U127/><E127/><V110/><F110/><W62/><G122/><T38/><D38/><U54/><E1/><V132/><F69/><W74/><G2/><T101/><D3/><U8/><E43/><V60/><F103/><N who="0" m="39434" /><D63/><U86/><E8/><V31/><F31/><W29/><G78/><T32/><D32/><U121/><E121/><V76/><F132/><W118/><G118/><T23/><D106/><U12/><E12/><V57/><F57/><W39/><G39/><T117/><D117/><U125/><E125/><V61/><F61/><W129/><G134/><T59/><D20/><U16/><E16/><V34/><F34/><W70/><G90/><T124/><D15/><U123/><E123/><V35/><F35/><W67/><G71/><T40/><D40/><U0/><E0/><V18/><F18/><W112/><G112/><T36/><D36/><U135/><E135/><V46/><F75/><W130/><G25/><T104/><D104/><U22/><E22/><N who="2" m="11567" /><F46/><AGARI ba="0,0" hai="29,30,46,50,55,62,67,70,72,73,74,129,130,131" machi="46" ten="50,6400,0" yaku="19,1,52,2" doraHai="26" who="3" fromWho="2" sc="250,0,250,0,250,-64,250,64" /><INIT seed="1,0,0,3,2,35" ten="250,250,186,314" oya="1" hai0="9,92,131,44,11,50,43,76,27,82,119,90,108" hai1="103,100,107,42,18,29,49,23,1,8,79,51,65" hai2="54,3,4,32,45,55,91,31,98,20,63,96,12" hai3="110,10,72,47,15,2,83,39,61,60,22,41,73"/><U121/><E121/><V64/><F32/><W115/><G110/><T13/><D119/><U127/><E127/><V93/><F98/><W122/><G122/><T26/><D108/><U106/><E65/><V25/><F12/><W135/><G135/><T86/><D131/><U56/><E79/><V34/><F20/><W48/><G115/><T89/><D9/><U74/><E74/><V38/><F38/><W16/><G48/><T58/><D58/><U46/><E106/><V21/><F21/><W126/><G126/><T123/><D123/><U5/><E107/><V70/><REACH who="2" step="1"/><F45/><REACH who="2" ten="250,250,176,314" step="2"/><W113/><G113/><T62/><D26/><U112/><E112/><V69/><F69/><W105/><G22/><T14/><D27/><U78/><E29/><V84/><F84/><W116/><G72/><T59/><D14/><U104/><E104/><V118/><F118/><W85/><G85/><T87/><D87/><U129/><E129/><V52/><F52/><W28/><G105/><T111/><D111/><U75/><E56/><V88/><F88/><W80/><G116/><T134/><D92/><U128/><E128/><V53/><F53/><W77/><G28/><T94/><D94/><U66/><E66/><V117/><F117/><W19/><G73/><T68/><D68/><U6/><E75/><V17/><F17/><W130/><G130/><T133/><D133/><U97/><E78/><V99/><F99/><W30/><G77/><T114/><D134/><U40/><E97/><V125/><F125/><W33/><G19/><N who="0" m="8639" /><D114/><U57/><E57/><V109/><F109/><W102/><G39/><RYUUKYOKU ba="0,1" sc="250,15,250,-15,176,15,314,-15" hai0="43,44,50,59,62,76,82,86,89,90" hai2="3,4,25,31,34,54,55,63,64,70,91,93,96" /><INIT seed="2,1,1,5,2,118" ten="265,235,191,299" oya="2" hai0="76,4,129,91,1,107,70,85,21,22,63,123,131" hai1="94,7,37,73,45,126,133,50,79,97,93,24,52" hai2="122,11,66,92,28,61,105,44,29,56,78,101,48" hai3="113,72,49,59,95,109,25,58,102,20,8,40,116"/><V112/><F112/><W42/><G116/><T53/><D107/><U10/><E126/><V89/><F122/><W47/><G72/><T96/><D123/><U36/><E133/><V26/><F78/><W57/><G109/><T41/><D41/><U13/><E93/><V135/><F135/><W62/><G113/><T64/><D96/><U80/><REACH who="1" step="1"/><E24/><REACH who="1" ten="265,225,191,299" step="2"/><V55/><F26/><W9/><G95/><T46/><D129/><U108/><E108/><V103/><F105/><W115/><G115/><T134/><D131/><U104/><E104/><V38/><F38/><W121/><G121/><T67/><D134/><U98/><E98/><N who="2" m="57615" /><F11/><N who="3" m="4171" /><G102/><AGARI ba="1,2" hai="7,10,13,36,37,45,50,52,73,79,80,94,97,102" machi="102" ten="30,3900,0" yaku="1,1,7,1,54,1,53,0" doraHai="118" doraHaiUra="117" who="1" fromWho="3" sc="265,0,225,62,191,0,299,-42" /><AGARI ba="1,0" hai="28,29,44,48,55,56,61,66,101,102,103" m="57615" machi="102" ten="30,1500,0" yaku="8,1" doraHai="118" who="2" fromWho="3" sc="265,0,287,0,191,15,257,-15" /><INIT seed="2,2,0,5,0,127" ten="265,287,206,242" oya="2" hai0="7,90,48,18,21,88,102,32,106,131,36,80,78" hai1="83,6,54,23,40,135,57,34,67,76,13,101,8" hai2="65,44,75,128,0,43,84,95,49,42,20,19,110" hai3="85,125,96,11,132,56,122,12,41,37,50,47,4"/><V30/><F75/><W26/><G125/><T71/><D36/><U81/><E34/><V68/><F0/><W53/><G132/><T24/><D71/><U35/><E35/><V72/><F72/><W104/><G122/><T126/><D126/><U133/><E101/><V64/><F110/><W107/><G96/><T10/><D131/><U115/><E115/><V105/><F105/><W89/><REACH who="3" step="1"/><G26/><REACH who="3" ten="265,287,206,232" step="2"/><T121/><D121/><U17/><E135/><V69/><F128/><W45/><G45/><T28/><D106/><U120/><E133/><V9/><F69/><W117/><G117/><T55/><D102/><U114/><E120/><V52/><F68/><W79/><G79/><T97/><D97/><U74/><E114/><V108/><F108/><W59/><G59/><T2/><D78/><U73/><E76/><V130/><F130/><W22/><G22/><T31/><D32/><U134/><E134/><V25/><F43/><W82/><AGARI ba="2,1" hai="4,11,12,37,41,47,50,53,56,82,85,89,104,107" machi="82" ten="20,2700,0" yaku="1,1,0,1,7,1,53,0" doraHai="127" doraHaiUra="112" who="3" fromWho="3" sc="265,-9,287,-9,206,-15,232,43" /><INIT seed="3,0,0,4,5,108" ten="256,278,191,275" oya="3" hai0="32,58,38,131,72,126,68,24,100,29,21,112,86" hai1="54,104,109,75,123,30,69,39,41,10,25,8,43" hai2="76,81,40,22,102,17,49,73,119,116,59,47,125" hai3="34,2,107,98,12,118,89,65,135,42,103,87,134"/><W51/><G118/><T50/><D126/><U64/><E75/><V94/><F125/><W96/><G2/><T129/><D72/><U45/><E43/><V53/><F102/><W128/><G34/><T67/><D38/><U114/><E104/><V93/><F119/><W33/><G33/><T31/><D100/><U113/><E123/><V97/><F97/><W127/><G127/><T120/><D120/><U62/><E109/><V60/><REACH who="2" step="1"/><F116/><REACH who="2" ten="256,278,181,275" step="2"/><W19/><G98/><T37/><D129/><U95/><E95/><V71/><F71/><W110/><G110/><T11/><D68/><U36/><E36/><V83/><F83/><W122/><G122/><T20/><D37/><U5/><E54/><V4/><F4/><W63/><G128/><T0/><D131/><U27/><E5/><V106/><F106/><W18/><G107/><T16/><D67/><U117/><E117/><V132/><F132/><W121/><G103/><T13/><D29/><U92/><E92/><V78/><F78/><W101/><G101/><T99/><D99/><U90/><E90/><V61/><F61/><W3/><G96/><T35/><D31/><U9/><REACH who="1" step="1"/><E30/><REACH who="1" ten="256,268,181,275" step="2"/><V70/><F70/><N who="3" m="42303" /><G121/><T28/><D28/><U77/><E77/><V91/><F91/><W26/><G134/><T52/><D52/><U115/><AGARI ba="0,2" hai="8,9,10,25,27,39,41,45,62,64,69,113,114,115" machi="115" ten="40,8000,1" yaku="1,1,0,1,52,3,53,0" doraHai="108" doraHaiUra="14" who="1" fromWho="1" sc="256,-20,268,100,181,-20,275,-40" owari="236,3.6,368,46.8,161,-33.9,235,-16.5" /></mjloggm>