<mjloggm ver="2.3"><GO type="225" lobby="0"/><UN n0="%E3%81%86%E3%81%A9%E3%82%93%E3%81%93" n1="%72%69%6F%75%63%68%61%6E" n2="%E3%81%A4%E3%81%A3%E3%81%B1%E3%82%8A%E3%83%9D%E3%83%BC%E3%83%AB" n3="%E3%81%AA%E3%82%81%E3%81%93%E9%9B%80%E5%A3%AB" dan="16,16,17,16" rate="2147.15,2142.85,2219.85,2045.67" sx="M,M,M,M"/><TAIKYOKU oya="0"/><INIT seed="0,0,0,0,4,36" ten="250,250,250,250" oya="0" hai0="30,3,73,33,98,129,9,14,27,46,114,109,90" hai1="99,26,6,122,101,89,1,53,10,112,22,12,38" hai2="124,35,108,41,116,64,4,84,82,102,31,86,2" hai3="44,24,37,92,5,71,110,43,48,87,118,65,20"/><T68/><D114/><U11/><E122/><V61/><F108/><W131/><G110/><T78/><D109/><U57/><E112/><V55/><F124/><W83/><G118/><T60/><D129/><U67/><E38/><V105/><F116/><W119/><G119/><T39/><D3/><U42/><E67/><V121/><F121/><W133/><G131/><T104/><D78/><U70/><E70/><V93/><F55/><W120/><G133/><T81/><D73/><U75/><E75/><V97/><F93/><W135/><G135/><T13/><D13/><U117/><E117/><V111/><F111/><W80/><G120/><T51/><D39/><U85/><E42/><V32/><F41/><W130/><G5/><T18/><D104/><U96/><E101/><V50/><F50/><W123/><G123/><T21/><D60/><U115/><E115/><V125/><F125/><W59/><G130/><T134/><D134/><U77/><E77/><V88/><F31/><W29/><G71/><T127/><D68/><U58/><E10/><V95/><F4/><W113/><G113/><T45/><D45/><U25/><E58/><V23/><F23/><W16/><G29/><T76/><D127/><U62/><E1/><V79/><REACH who="2" step="1"/><F2/><REACH who="2" ten="250,250,240,250" step="2"/><W56/><G37/><T47/><D51/><U7/><E6/><V54/><F54/><W106/><G106/><T103/><D21/><U0/><E0/><V52/><F52/><N who="3" m="31751" /><G92/><N who="0" m="56599" /><D103/><U28/><E25/><V74/><F74/><W91/><G43/><T49/><D49/><U107/><E107/><V128/><F128/><W72/><G72/><RYUUKYOKU ba="0,1" sc="250,10,250,10,240,10,250,-30" hai0="9,14,18,27,30,33,46,47,76,81" hai1="7,11,12,22,26,28,53,57,62,85,89,96,99" hai2="32,35,61,64,79,82,84,86,88,95,97,102,105" /><INIT seed="0,1,1,1,1,135" ten="260,260,250,220" oya="0" hai0="104,27,42,21,49,69,88,61,46,103,29,14,96" hai1="45,53,23,113,33,65,128,24,26,55,32,22,36" hai2="108,58,92,37,94,133,13,90,51,39,48,35,47" hai3="82,109,12,80,16,99,10,124,5,130,126,19,30"/><T0/><D0/><U7/><E65/><V101/><F35/><N who="1" m="13385" /><E45/><V70/><F70/><W72/><G30/><T73/><D73/><U85/><E85/><V66/><F133/><W57/><G109/><T63/><D69/><U54/><E7/><V134/><F108/><W114/><G114/><T41/><D41/><U111/><E111/><V1/><F1/><W60/><G130/><T102/><D102/><U110/><E110/><V77/><F77/><W117/><G99/><T64/><D64/><U84/><E84/><N who="2" m="52295" /><F39/><W4/><G117/><T100/><D100/><U116/><E36/><V6/><F37/><W40/><G40/><T86/><REACH who="0" step="1"/><D14/><REACH who="0" ten="250,260,250,220" step="2"/><U89/><E116/><V120/><F13/><W93/><G72/><T11/><D11/><U119/><E119/><V9/><F9/><W43/><G43/><T132/><D132/><U78/><E113/><V25/><F66/><W17/><G5/><T15/><D15/><U125/><E128/><V131/><F6/><W107/><G107/><T76/><D76/><U50/><E78/><V56/><F134/><W59/><G93/><AGARI ba="1,2" hai="21,27,29,42,46,49,61,63,86,88,93,96,103,104" machi="93" ten="30,5800,0" yaku="1,1,7,1,54,1,53,0" doraHai="135" doraHaiUra="105" who="0" fromWho="3" sc="250,81,260,0,250,0,220,-61" /><INIT seed="0,2,0,1,2,89" ten="331,260,250,159" oya="0" hai0="91,35,53,125,88,65,110,44,107,28,59,79,78" hai1="101,58,108,120,50,129,128,16,68,111,98,123,43" hai2="131,20,81,126,12,90,40,72,100,3,49,133,105" hai3="14,11,76,21,8,4,64,45,18,75,127,47,25"/><T135/><D107/><U33/><E68/><V87/><F3/><W94/><G127/><T19/><D125/><U30/><E33/><V31/><F126/><W37/><G37/><T113/><D113/><U48/><E30/><V60/><F133/><W5/><G76/><T104/><D104/><U24/><E43/><V2/><F2/><W6/><G64/><T130/><D135/><U39/><E39/><V0/><F0/><W38/><G75/><T115/><D115/><U97/><E58/><V9/><F131/><N who="1" m="50249" /><E24/><V23/><F72/><W66/><G66/><T83/><D130/><U55/><E16/><V118/><F118/><W106/><G106/><T51/><D110/><N who="1" m="42027" /><E55/><V63/><F31/><W34/><G34/><T124/><D124/><U114/><E114/><V74/><F40/><W103/><G38/><T122/><D122/><N who="1" m="46635" /><E101/><V84/><F100/><W22/><G11/><T46/><D28/><U121/><N who="1" m="46643" /><U99/><AGARI ba="2,0" hai="48,50,97,98,99" m="46643,42027,50249" machi="99" ten="50,8000,1" yaku="4,1,28,2,19,1,14,1" doraHai="89" who="1" fromWho="1" sc="331,-42,260,86,250,-22,159,-22" /><INIT seed="1,0,0,4,1,110" ten="289,346,228,137" oya="1" hai0="99,50,45,46,134,57,9,22,70,31,121,0,11" hai1="49,61,131,107,30,109,18,32,59,123,129,56,34" hai2="130,40,29,74,60,108,14,116,124,102,77,12,92" hai3="72,24,89,91,78,90,96,36,66,58,133,115,88"/><U71/><E123/><V97/><F116/><W98/><G36/><T63/><D70/><U35/><E107/><V135/><F108/><W126/><G126/><T27/><D134/><U42/><E109/><V41/><F135/><W125/><G133/><T55/><D121/><U8/><E30/><V94/><F124/><W69/><G69/><T10/><D0/><U75/><E75/><V1/><F1/><W93/><G125/><T26/><D99/><U79/><E79/><V85/><F74/><W6/><G6/><T105/><D105/><U13/><E71/><V106/><F106/><W28/><G78/><T37/><D37/><U118/><E118/><V33/><F130/><W38/><G72/><T95/><D95/><U19/><E19/><V54/><F33/><W120/><G38/><T84/><D84/><U104/><E104/><V48/><F60/><W101/><G120/><T43/><D46/><U17/><E17/><V64/><F64/><W25/><G115/><T83/><D83/><U53/><REACH who="1" step="1"/><E42/><REACH who="1" ten="289,336,228,137" step="2"/><N who="2" m="16491" /><F29/><W44/><G44/><T47/><D47/><U65/><AGARI ba="0,1" hai="8,13,18,32,34,35,49,53,56,59,61,65,129,131" machi="65" ten="40,7800,0" yaku="1,1,0,1,53,1" doraHai="110" doraHaiUra="15" who="1" fromWho="1" sc="289,-26,336,88,228,-26,137,-26" /><INIT seed="1,1,0,1,4,79" ten="263,424,202,111" oya="1" hai0="69,41,7,2,9,22,100,114,10,131,14,135,117" hai1="63,99,61,98,30,34,130,134,116,126,58,19,46" hai2="59,93,127,23,82,15,3,80,52,112,65,64,102" hai3="67,83,60,133,124,21,85,50,88,129,70,11,45"/><U47/><E116/><V39/><F3/><W54/><G129/><T40/><D69/><U121/><E121/><V78/><F39/><W105/><G105/><T73/><D73/><U33/><E130/><V51/><F127/><W75/><G124/><T16/><D117/><U92/><E126/><V62/><F112/><W35/><G35/><T27/><D131/><U86/><E134/><V71/><F78/><W31/><G133/><T57/><D114/><U17/><E86/><V113/><F113/><W32/><G32/><T107/><D135/><U77/><E77/><V91/><F102/><W29/><G75/><T36/><D36/><U128/><E128/><V118/><F118/><W68/><G68/><T55/><D100/><U109/><E92/><V56/><F65/><W74/><G74/><T97/><D97/><U72/><E72/><V120/><F71/><W106/><G106/><T81/><D81/><U115/><E115/><V76/><F76/><W12/><REACH who="3" step="1"/><G21/><REACH who="3" ten="263,424,202,101" step="2"/><T104/><D104/><U132/><E132/><V43/><F120/><W111/><G111/><T87/><D107/><U38/><E109/><V95/><F95/><W26/><G26/><T0/><D22/><U24/><E34/><V18/><F43/><W90/><G90/><T48/><D27/><U44/><E24/><V84/><AGARI ba="1,1" hai="15,18,23,51,52,56,59,62,64,80,82,84,91,93" machi="84" ten="20,16000,3" yaku="0,1,7,1,25,2,8,1,52,2,54,1" doraHai="79" who="2" fromWho="2" sc="263,-41,424,-81,202,173,101,-41" /><INIT seed="2,0,0,2,3,106" ten="222,343,375,60" oya="2" hai0="63,15,100,1,119,112,110,124,91,41,74,46,134" hai1="34,10,98,47,56,52,84,12,55,6,54,2,14" hai2="87,72,20,66,0,133,93,79,105,81,25,103,69" hai3="109,21,88,39,129,32,22,71,49,23,40,107,13"/><V27/><F0/><W131/><G107/><T38/><D91/><U59/><E34/><V4/><F4/><W24/><G71/><T60/><D15/><U76/><E47/><V75/><F133/><W77/><G39/><T135/><D100/><U43/><E43/><V68/><F27/><W99/><G77/><T115/><D1/><U83/><REACH who="1" step="1"/><E98/><REACH who="1" ten="222,333,375,60" step="2"/><N who="2" m="61687" /><F66/><W67/><G67/><T8/><D46/><U120/><E120/><V95/><F69/><W113/><G32/><T58/><D41/><U35/><E35/><V104/><F68/><W48/><G40/><T36/><D135/><U102/><E102/><V121/><F121/><W80/><G109/><T111/><D134/><U96/><E96/><V116/><F116/><W108/><G108/><T65/><D119/><U45/><E45/><V3/><F104/><W7/><G113/><T9/><D112/><U26/><E26/><V42/><F42/><W16/><G99/><T17/><D115/><U97/><E97/><V92/><F25/><W101/><G101/><T37/><D111/><U125/><E125/><V29/><F3/><W61/><G24/><T127/><D110/><U78/><E78/><V50/><F79/><W30/><G30/><T114/><D114/><U5/><E5/><V94/><F29/><W126/><G7/><T117/><D124/><U132/><E132/><V89/><F89/><W19/><G126/><T90/><D127/><U31/><E31/><V28/><F28/><W82/><G88/><T130/><D90/><U118/><E118/><V53/><N who="2" m="23552" /><DORA hai="86" /><V122/><F122/><W64/><G19/><RYUUKYOKU ba="0,1" sc="222,-10,333,30,375,-10,60,-10" hai1="2,6,10,12,14,52,54,55,56,59,76,83,84" /><INIT seed="3,1,1,0,0,27" ten="212,363,365,50" oya="3" hai0="37,93,107,58,31,88,94,119,87,6,3,39,100" hai1="77,76,89,73,26,120,45,91,52,106,69,42,110" hai2="82,9,74,78,102,10,50,7,53,116,101,127,60" hai3="62,12,32,99,126,97,20,18,71,70,25,123,59"/><W84/><G126/><T14/><D119/><U55/><E120/><V28/><F116/><W130/><G123/><T114/><D3/><U21/><E69/><V117/><F117/><W33/><G130/><T4/><D114/><U40/><E106/><V1/><F127/><W104/><G71/><T79/><D107/><U49/><E110/><V90/><F28/><W67/><G33/><T43/><D79/><N who="1" m="30283" /><E73/><V92/><F60/><W63/><G104/><T121/><D121/><U34/><E34/><V113/><F10/><W80/><G12/><T132/><D132/><U38/><E38/><V85/><F113/><W96/><G32/><T5/><D58/><AGARI ba="1,1" hai="1,7,9,50,53,58,74,78,82,85,90,92,101,102" machi="58" ten="30,1000,0" yaku="7,1" doraHai="27" who="2" fromWho="0" sc="212,-13,363,0,365,23,50,0" owari="199,-20.1,363,16.3,388,48.8,50,-45.0" /></mjloggm>