<mjloggm ver="2.3"><GO type="225" lobby="0"/><UN n0="%E6%B4%BE%E9%81%A3%E3%81%AE%E3%82%B8%E3%83%A3%E3%83%83%E3%82%AF" n1="%6D%75%75%6D%75%72%61" n2="%72%61%6B%33" n3="%E5%8D%A0%E3%81%84%E5%B8%AB%E8%A3%8F%E3%81%AA%E3%81%84%E3%81%97" dan="17,17,16,16" rate="2197.98,2251.58,2098.73,2124.54" sx="M,F,M,M"/><TAIKYOKU oya="0"/><INIT seed="0,0,0,1,4,41" ten="250,250,250,250" oya="0" hai0="31,57,8,96,2,38,77,98,28,107,58,25,23" hai1="30,119,32,7,21,0,91,115,113,110,116,73,114" hai2="64,112,60,131,24,100,22,102,18,123,86,117,80" hai3="106,14,55,63,127,44,56,62,83,104,126,37,3"/><T46/><D31/><U99/><E73/><V40/><F112/><W90/><G3/><T35/><D77/><U70/><E70/><V9/><F123/><W71/><G14/><T125/><D125/><N who="3" m="47625" /><G90/><T111/><D111/><U20/><E99/><V17/><F131/><W10/><G10/><T120/><D120/><U54/><E91/><V92/><F117/><N who="1" m="45129" /><E54/><V12/><F92/><W134/><G83/><T39/><D35/><U76/><E76/><V81/><F40/><N who="3" m="22543" /><G134/><T19/><D96/><U43/><E43/><V34/><F34/><W121/><G121/><T65/><D98/><U53/><E53/><V6/><F6/><W49/><G71/><T45/><D107/><AGARI ba="0,0" hai="49,55,56,62,63,104,106,107" m="22543,47625" machi="107" ten="30,2000,0" yaku="18,1,52,1" doraHai="41" who="3" fromWho="0" sc="250,-20,250,0,250,0,250,20" /><INIT seed="1,0,0,1,1,16" ten="230,250,250,270" oya="1" hai0="30,66,134,116,61,127,8,18,121,34,50,104,26" hai1="49,70,124,41,28,7,68,82,27,67,111,88,13" hai2="96,89,51,60,135,113,35,118,102,43,91,112,125" hai3="130,31,77,55,32,76,128,37,52,95,87,84,114"/><U44/><E124/><V122/><F118/><W15/><G37/><T92/><D116/><U4/><E111/><V69/><F122/><W90/><G114/><T99/><D127/><U39/><E39/><V29/><F125/><W0/><G0/><T33/><D134/><U117/><E117/><V129/><F135/><W3/><G3/><T25/><D121/><U38/><E38/><V105/><F129/><W6/><G32/><T73/><D73/><U46/><E46/><V78/><F78/><W81/><G31/><T71/><D50/><U106/><E106/><V98/><F51/><W1/><G1/><T94/><D33/><U72/><E72/><V56/><F43/><W12/><G6/><T64/><D64/><U126/><E126/><V45/><F45/><W22/><G77/><T48/><D48/><U75/><E75/><V80/><F98/><W47/><G47/><T14/><REACH who="0" step="1"/><D26/><REACH who="0" ten="220,250,250,270" step="2"/><U120/><E120/><V53/><F112/><W109/><G130/><T132/><D132/><U11/><E67/><V110/><F113/><W36/><G36/><T107/><D107/><U5/><E68/><V74/><F69/><W115/><G128/><T97/><D97/><U21/><E70/><V10/><F74/><W93/><G115/><T23/><D23/><U65/><E65/><V9/><F35/><W59/><G22/><T79/><D79/><U100/><E100/><AGARI ba="0,1" hai="8,14,18,25,30,34,61,66,71,92,94,99,100,104" machi="100" ten="40,5200,0" yaku="1,1,25,2,53,0" doraHai="16" doraHaiUra="123" who="0" fromWho="1" sc="220,62,250,-52,250,0,270,0" /><INIT seed="2,0,0,4,3,83" ten="282,198,250,270" oya="2" hai0="120,75,54,63,80,33,28,124,77,26,92,10,135" hai1="44,115,58,22,127,27,108,121,131,103,109,122,48" hai2="61,87,6,76,84,30,132,2,91,4,17,65,55" hai3="106,49,134,12,125,35,90,59,66,1,105,21,9"/><V113/><F113/><W79/><G35/><T7/><D120/><N who="1" m="46187" /><E115/><V114/><F114/><W39/><G39/><T38/><D124/><U69/><E103/><V20/><F132/><W67/><G134/><T71/><D135/><U3/><E3/><V57/><F30/><W14/><G79/><T24/><D24/><U81/><E69/><V56/><F2/><W74/><G74/><T50/><D92/><U116/><E116/><V85/><F91/><W94/><G1/><T40/><D50/><U43/><E127/><V15/><F76/><W25/><G106/><T42/><D38/><U117/><E117/><V29/><F29/><W97/><G105/><T101/><D101/><U78/><E58/><V107/><F107/><W93/><G93/><T46/><D46/><U45/><E45/><V128/><F128/><W34/><G34/><T111/><D71/><U60/><E60/><AGARI ba="0,0" hai="4,6,15,17,20,55,56,57,60,61,65,84,85,87" machi="60" ten="40,12000,1" yaku="8,1,52,3" doraHai="83" who="2" fromWho="1" sc="282,0,198,-120,250,120,270,0" /><INIT seed="2,1,0,2,3,132" ten="282,78,370,270" oya="2" hai0="78,81,96,101,9,129,71,126,110,120,88,43,26" hai1="74,39,7,95,123,65,63,128,135,25,30,6,103" hai2="122,124,49,104,98,33,20,80,3,116,13,5,114" hai3="16,64,11,59,76,58,100,21,125,66,92,18,36"/><V47/><F33/><W90/><G36/><T62/><D120/><U111/><E135/><V79/><F3/><W89/><G76/><T23/><D110/><U10/><E111/><V70/><F70/><W91/><G11/><T134/><D43/><U17/><E74/><V133/><F114/><W48/><G125/><T130/><D134/><U82/><E39/><V112/><F124/><W46/><G100/><T55/><D9/><U85/><E128/><N who="0" m="49257" /><D126/><U93/><E123/><V69/><F69/><W38/><G92/><N who="0" m="56327" /><D101/><U40/><E40/><V86/><F133/><W131/><G38/><T2/><D2/><U19/><E103/><V15/><F112/><W121/><G121/><T127/><D127/><U73/><E73/><V56/><F122/><W75/><G75/><T61/><D55/><U1/><E7/><V60/><F5/><W106/><G106/><T57/><D57/><N who="3" m="21513" /><G131/><T37/><D71/><U83/><E65/><N who="3" m="25194" /><G21/><T42/><D42/><AGARI ba="1,0" hai="16,18,42,46,48,89,90,91" m="25194,21513" machi="42" ten="30,2000,0" yaku="8,1,54,1" doraHai="132" who="3" fromWho="0" sc="282,-23,78,0,370,0,270,23" /><INIT seed="3,0,0,5,2,76" ten="259,78,370,293" oya="3" hai0="91,8,23,7,116,24,71,29,5,47,90,1,104" hai1="92,100,109,48,38,61,12,11,105,9,10,53,123" hai2="60,74,4,25,68,35,115,79,125,93,55,42,77" hai3="52,17,131,117,32,28,111,103,97,96,82,33,46"/><W124/><G117/><T22/><D116/><U132/><E105/><V20/><F35/><W99/><G124/><T112/><D71/><U114/><E114/><V62/><F115/><W0/><G0/><T133/><D104/><U81/><E38/><V51/><F42/><W72/><G28/><T110/><D112/><U73/><E109/><V57/><F125/><W44/><G103/><T54/><D110/><U135/><E123/><V56/><F68/><W108/><G131/><T129/><D129/><U78/><E132/><V87/><F4/><W127/><G127/><T119/><D119/><U31/><E135/><V102/><F74/><W128/><G128/><T83/><D133/><U86/><E73/><V14/><F14/><W19/><G97/><T98/><D98/><U3/><E3/><V39/><F39/><W41/><G72/><T64/><D64/><U34/><E34/><V122/><F122/><W2/><G2/><T27/><D7/><U67/><E31/><N who="2" m="17831" /><F102/><W15/><G15/><T84/><D47/><U69/><E100/><V88/><F60/><W63/><G63/><T130/><D130/><U75/><E75/><V16/><F16/><W59/><G59/><T120/><D120/><U118/><E118/><V30/><F30/><W36/><G36/><T43/><D43/><U101/><E101/><V70/><F70/><W26/><G41/><T126/><D126/><U6/><E92/><V18/><F18/><W80/><G26/><T85/><D27/><U21/><E21/><V49/><F62/><W40/><G40/><T134/><D134/><U58/><E69/><RYUUKYOKU ba="0,0" sc="259,-30,78,10,370,10,293,10" hai1="6,9,10,11,12,48,53,58,61,67,78,81,86" hai2="49,51,55,56,57,77,79,87,88,93" hai3="17,19,32,33,44,46,52,80,82,96,99,108,111" /><INIT seed="3,1,0,4,2,4" ten="229,88,380,303" oya="3" hai0="18,13,108,11,12,63,97,111,96,54,15,109,94" hai1="112,36,51,115,29,50,105,98,14,82,40,22,67" hai2="87,62,133,95,123,90,73,52,131,2,114,27,10" hai3="128,65,57,60,17,45,42,64,41,86,9,121,101"/><W6/><G121/><T104/><D104/><U113/><E36/><V85/><F114/><W80/><G128/><T74/><D74/><U37/><E37/><V44/><F73/><W72/><G72/><T38/><D38/><U117/><E117/><V116/><F116/><W93/><G64/><T39/><D39/><U58/><E82/><V5/><F131/><W134/><G134/><T132/><D132/><U110/><E110/><V125/><F133/><W61/><G61/><T35/><D35/><U48/><E40/><V118/><F118/><W69/><G69/><T77/><D77/><U31/><E67/><V99/><F125/><W92/><G6/><T71/><D71/><U28/><E58/><N who="2" m="35143" /><F44/><W30/><G30/><T102/><D96/><U135/><E135/><V56/><F56/><AGARI ba="1,0" hai="11,12,13,15,18,54,56,63,94,97,102,108,109,111" machi="56" ten="40,2600,0" yaku="14,1,52,1" doraHai="4" who="0" fromWho="2" sc="229,29,88,0,380,-29,303,0" owari="258,-14.2,88,-41.2,351,45.1,303,10.3" /></mjloggm>