<mjloggm ver="2.3"><GO type="225" lobby="0"/><UN n0="%E6%A1%9C%E8%8A%B1%E9%96%83%E3%80%85" n1="%77%72%77%72%77%72%77%72" n2="%E3%81%BF%E3%81%BF%E3%81%9A" n3="%E7%99%BD%E6%97%A5%E9%9B%AA%E8%8F%9C" dan="16,16,16,17" rate="2102.80,2233.14,2152.09,2250.46" sx="M,M,M,M"/><TAIKYOKU oya="0"/><INIT seed="0,0,0,5,1,129" ten="250,250,250,250" oya="0" hai0="87,31,126,32,120,121,55,76,70,59,88,54,16" hai1="125,75,83,43,11,80,114,98,108,26,14,6,63" hai2="36,17,68,85,62,8,39,7,112,9,41,118,61" hai3="106,53,47,35,30,34,134,131,0,48,104,124,133"/><T97/><D70/><U38/><E108/><V119/><F112/><W24/><G0/><T73/><D126/><U110/><E110/><V15/><F85/><W123/><G131/><T18/><D73/><U113/><E125/><V95/><F95/><W90/><G124/><T99/><D76/><U25/><E43/><V52/><F68/><W10/><G35/><T135/><D135/><N who="3" m="51721" /><G123/><T86/><D31/><U74/><E38/><V82/><F82/><W81/><G10/><T100/><D32/><U66/><E74/><V3/><F62/><W56/><G56/><T77/><D77/><U89/><E75/><V23/><F8/><W58/><G58/><T107/><D59/><N who="1" m="37247" /><E114/><V72/><F72/><W130/><G130/><T92/><D120/><U12/><E12/><V13/><F13/><W69/><G69/><T57/><D55/><U40/><E40/><V21/><F41/><W127/><G127/><T109/><D109/><U84/><E98/><V37/><F52/><W91/><G81/><T49/><REACH who="0" step="1"/><D121/><REACH who="0" ten="240,250,250,250" step="2"/><U50/><E113/><V42/><F42/><W5/><G5/><T103/><D103/><U67/><E67/><V46/><F37/><W60/><G60/><T117/><D117/><N who="2" m="44554" /><F61/><W122/><G122/><T102/><D102/><U93/><E50/><V27/><F46/><W115/><G115/><T28/><D28/><AGARI ba="0,1" hai="3,7,9,15,17,21,23,27,28,36,39" m="44554" machi="28" ten="30,1000,0" yaku="12,1" doraHai="129" who="2" fromWho="0" sc="240,-10,250,0,250,20,250,0" /><INIT seed="1,0,0,3,1,123" ten="230,250,270,250" oya="1" hai0="104,109,13,48,58,52,86,121,85,82,36,69,88" hai1="38,7,111,4,35,66,98,61,131,41,89,54,28" hai2="53,1,12,8,113,125,37,42,119,21,22,133,26" hai3="100,80,19,108,116,32,97,64,39,114,99,46,33"/><U62/><E131/><V57/><F119/><W51/><G114/><T67/><D121/><U27/><E111/><V76/><F1/><W115/><G115/><T18/><D109/><U70/><E38/><V101/><F113/><W92/><G39/><T120/><D120/><U11/><E41/><V56/><F133/><W83/><G108/><T79/><D104/><U40/><E40/><V87/><F125/><W135/><G135/><T103/><D103/><U63/><E54/><V107/><F42/><W117/><G64/><T93/><D36/><U102/><E89/><V122/><F37/><W45/><G19/><T128/><D128/><U2/><REACH who="1" step="1"/><E4/><REACH who="1" ten="230,240,270,250" step="2"/><V30/><F122/><W127/><G127/><T10/><D69/><U16/><E16/><V5/><F53/><W124/><G124/><T129/><D129/><U9/><E9/><V31/><F8/><W49/><G100/><T6/><D67/><U17/><E17/><AGARI ba="0,1" hai="6,10,13,17,18,48,52,58,79,82,85,86,88,93" machi="17" ten="40,5200,0" yaku="8,1,54,2" doraHai="123" who="0" fromWho="1" sc="230,62,240,-52,270,0,250,0" /><INIT seed="2,0,0,1,3,101" ten="292,188,270,250" oya="2" hai0="82,10,29,52,45,32,121,118,117,39,85,130,75" hai1="77,2,134,116,38,100,132,63,89,122,72,56,37" hai2="97,126,50,79,35,6,31,107,95,30,36,24,86" hai3="73,22,26,7,78,104,102,125,47,103,54,12,94"/><V98/><F36/><W19/><G125/><T128/><D121/><U106/><E2/><V33/><F126/><W28/><G7/><T44/><D75/><U48/><E116/><N who="0" m="44649" /><D10/><U40/><E122/><V16/><F6/><W62/><G94/><T51/><D29/><U34/><E34/><V18/><F50/><W129/><G129/><N who="0" m="49771" /><D32/><U66/><E77/><V93/><F86/><W71/><G78/><N who="0" m="46295" /><D39/><U53/><E72/><V112/><F79/><W65/><G73/><T114/><D114/><U68/><E89/><V123/><F123/><W55/><G103/><T1/><D1/><U99/><REACH who="1" step="1"/><E37/><REACH who="1" ten="292,178,270,250" step="2"/><V87/><F112/><W91/><G102/><T84/><D84/><U60/><E60/><V67/><F87/><W115/><G62/><T88/><D88/><U92/><E92/><V27/><F95/><W127/><G91/><T64/><D64/><U119/><E119/><V74/><F93/><W41/><G65/><T70/><D70/><U120/><E120/><V131/><F74/><W59/><G71/><T14/><D14/><U105/><E105/><V20/><F131/><W11/><G104/><T5/><D5/><U42/><E42/><V61/><F107/><W76/><G12/><T69/><D69/><U21/><E21/><N who="2" m="13351" /><F35/><W113/><G22/><T108/><D108/><U135/><E135/><V46/><F33/><W83/><G115/><T0/><D0/><U58/><E58/><AGARI ba="0,1" hai="44,45,51,52,58" m="46295,49771,44649" machi="58" ten="30,3900,0" yaku="12,1,19,1,54,1" doraHai="101" who="0" fromWho="1" sc="292,49,178,-39,270,0,250,0" /><INIT seed="3,0,0,1,5,121" ten="341,139,270,250" oya="3" hai0="77,62,104,131,129,19,93,76,95,40,20,119,74" hai1="9,94,7,101,2,45,18,90,75,112,55,12,6" hai2="134,120,28,89,31,38,67,34,111,65,91,99,124" hai3="37,73,83,108,13,87,56,127,8,24,110,33,100"/><W66/><G37/><T114/><D119/><U59/><E112/><V122/><F38/><W79/><G127/><T118/><D118/><U70/><E70/><V68/><F124/><W1/><G1/><T26/><D114/><U58/><E75/><V57/><F57/><W30/><G100/><T72/><D104/><U71/><E71/><V107/><F68/><W42/><G42/><T11/><D40/><U78/><E78/><N who="0" m="30313" /><D62/><U109/><E101/><V27/><F134/><W85/><G66/><T47/><D47/><U126/><E126/><V123/><F107/><W4/><REACH who="3" step="1"/><G56/><REACH who="3" ten="341,139,270,240" step="2"/><T49/><D129/><U10/><E45/><V130/><F130/><W25/><G25/><T51/><D131/><U32/><E59/><V60/><F67/><W96/><G96/><T46/><D46/><U63/><E2/><V82/><F99/><W35/><G35/><T14/><D74/><U44/><E32/><V36/><F36/><W117/><G117/><T97/><D72/><U16/><E44/><V92/><F27/><W21/><G21/><T116/><D116/><U54/><E54/><V113/><F34/><W17/><G17/><N who="0" m="8415" /><D97/><U115/><E115/><V23/><F113/><W132/><G132/><T48/><AGARI ba="0,1" hai="19,20,26,48,49,51,93,95" m="8415,30313" machi="48" ten="30,1100,0" yaku="8,1" doraHai="121" who="0" fromWho="0" sc="341,21,139,-3,270,-3,240,-5" owari="362,46.2,136,-36.4,267,6.7,235,-16.5" /></mjloggm>