<mjloggm ver="2.3"><GO type="225" lobby="0"/><UN n0="%E3%81%A8%E3%82%93%E3%81%A8%E3%81%93%E3%81%A8%E3%82%93" n1="%E6%B4%BE%E9%81%A3%E3%81%AE%E3%82%B8%E3%83%A3%E3%83%83%E3%82%AF" n2="%E8%81%B7%E6%A5%AD%E3%80%81%E9%A2%A8%32" n3="%77%72%77%72%77%72%77%72" dan="16,17,16,16" rate="2088.69,2193.09,2120.80,2074.79" sx="M,M,M,M"/><TAIKYOKU oya="0"/><INIT seed="0,0,0,4,3,87" ten="250,250,250,250" oya="0" hai0="39,24,18,48,43,124,20,106,129,56,102,11,113" hai1="69,84,40,19,27,67,22,75,135,6,23,123,93" hai2="57,28,117,16,114,81,71,59,64,68,5,13,108" hai3="121,34,82,133,110,8,100,21,111,86,46,51,132"/><T52/><D113/><U105/><E105/><V127/><F114/><W12/><G34/><T38/><D124/><U116/><E116/><V128/><F117/><W35/><G35/><T1/><D129/><U91/><E75/><V0/><F108/><N who="3" m="41515" /><G21/><T29/><D43/><U2/><E123/><V49/><F128/><W33/><G100/><T118/><D118/><U17/><E135/><V85/><F0/><W61/><G61/><T63/><D63/><U115/><E115/><V60/><F5/><N who="3" m="3087" /><G33/><T96/><REACH who="0" step="1"/><D18/><REACH who="0" ten="240,250,250,250" step="2"/><U76/><E40/><V14/><F16/><W122/><G121/><T98/><D98/><U7/><E19/><V65/><F60/><W92/><G122/><T44/><D44/><U103/><E17/><V50/><F127/><W45/><G45/><T79/><D79/><U36/><E76/><N who="2" m="46247" /><F71/><W42/><G132/><T99/><D99/><U62/><E62/><V119/><F68/><W94/><G133/><T55/><D55/><U95/><E69/><V109/><F109/><W72/><G72/><T4/><AGARI ba="0,1" hai="1,4,11,20,24,29,38,39,48,52,56,96,102,106" machi="4" ten="30,6000,0" yaku="1,1,0,1,54,1,53,0" doraHai="87" doraHaiUra="131" who="0" fromWho="0" sc="240,70,250,-20,250,-20,250,-20" /><INIT seed="0,1,0,4,2,10" ten="310,230,230,230" oya="0" hai0="81,109,39,37,40,54,104,95,117,11,131,23,75" hai1="118,87,101,74,105,130,1,91,92,128,43,116,83" hai2="108,19,77,55,30,46,67,72,69,8,2,100,9" hai3="44,106,123,113,33,93,89,115,62,134,14,76,98"/><T41/><D104/><U60/><E60/><V65/><F108/><W29/><G134/><T88/><D117/><N who="1" m="45163" /><E43/><V51/><F100/><W133/><G133/><T53/><D131/><N who="1" m="50219" /><E1/><V63/><F30/><W107/><G123/><T121/><D121/><U73/><E105/><V15/><F67/><W97/><G62/><T52/><D109/><U18/><E18/><V3/><REACH who="2" step="1"/><F9/><REACH who="2" ten="310,230,220,230" step="2"/><W110/><G110/><T102/><D11/><U124/><E124/><V47/><F47/><W58/><G44/><T78/><D102/><U129/><N who="1" m="50227" /><U12/><DORA hai="132" /><E12/><V4/><F4/><W111/><G14/><T17/><D39/><U94/><E101/><V25/><F25/><W120/><G111/><T34/><D37/><U22/><E22/><V86/><F86/><W61/><G120/><T122/><D122/><U27/><E27/><V127/><F127/><W48/><G107/><T26/><REACH who="0" step="1"/><D34/><REACH who="0" ten="300,230,220,230" step="2"/><U70/><E70/><V5/><F5/><W57/><G33/><T64/><D64/><U135/><E135/><V79/><F79/><W13/><G76/><T80/><D80/><AGARI ba="1,2" hai="2,3,8,15,19,46,51,55,63,65,69,72,77,80" machi="80" ten="40,5200,0" yaku="1,1,52,1,53,1" doraHai="10,132" doraHaiUra="49,36" who="2" fromWho="0" sc="300,-55,230,0,220,75,230,0" /><INIT seed="1,0,0,2,2,135" ten="245,230,295,230" oya="1" hai0="79,72,114,91,106,67,56,71,93,50,54,103,23" hai1="112,123,42,64,131,85,26,11,119,133,68,129,99" hai2="46,31,128,0,20,100,29,10,9,92,83,108,81" hai3="62,34,120,14,110,55,90,15,87,121,38,63,3"/><U24/><E123/><V73/><F108/><W77/><G110/><T107/><D114/><U2/><E112/><V98/><F128/><N who="1" m="49225" /><E119/><V130/><F130/><W80/><G3/><T27/><D71/><U19/><E133/><V96/><F0/><W36/><G34/><T102/><D67/><U89/><E42/><V69/><F69/><W7/><G7/><T48/><D72/><U109/><E99/><N who="2" m="59495" /><F73/><W75/><G38/><T88/><D79/><U5/><E109/><V127/><F127/><W111/><G36/><T4/><D4/><U124/><E19/><V115/><F115/><W113/><G113/><T60/><D107/><U6/><E6/><V58/><F46/><W53/><G111/><T17/><D106/><U1/><E1/><V16/><F96/><W116/><G116/><T52/><D60/><N who="1" m="39943" /><E124/><V66/><F98/><W39/><G39/><T101/><REACH who="0" step="1"/><D93/><AGARI ba="0,0" hai="2,5,11,24,26,85,89,93" m="39943,49225" machi="93" ten="30,1500,0" yaku="19,1" doraHai="135" who="1" fromWho="0" sc="245,-15,230,15,295,0,230,0" /><INIT seed="1,1,0,5,0,4" ten="230,245,295,230" oya="1" hai0="11,3,95,81,77,5,18,10,34,96,65,135,0" hai1="40,55,117,53,122,61,76,105,118,63,93,108,15" hai2="70,45,42,22,41,26,23,112,106,8,19,88,109" hai3="104,25,43,17,30,98,110,103,1,82,123,47,129"/><U114/><E105/><V2/><F109/><W75/><G110/><T74/><D34/><U60/><E76/><V29/><F70/><W119/><G129/><T44/><D135/><U86/><E108/><V66/><F106/><W37/><G123/><T69/><D44/><U90/><E122/><V127/><F127/><W64/><G119/><T83/><D83/><U59/><E114/><V87/><F112/><W92/><G17/><T54/><D54/><U131/><E131/><V134/><F134/><W84/><G1/><T91/><D18/><U28/><E28/><V31/><F66/><W24/><G64/><T62/><REACH who="0" step="1"/><D11/><REACH who="0" ten="220,245,295,230" step="2"/><U133/><E133/><V85/><F45/><W68/><G30/><T51/><D51/><U9/><E40/><V72/><F8/><W80/><G80/><T13/><AGARI ba="1,1" hai="0,3,5,10,13,62,65,69,74,77,81,91,95,96" machi="13" ten="20,8000,1" yaku="1,1,0,1,7,1,52,1,53,1" doraHai="4" doraHaiUra="78" who="0" fromWho="0" sc="220,93,245,-41,295,-21,230,-21" /><INIT seed="2,0,0,4,5,84" ten="313,204,274,209" oya="2" hai0="121,85,76,1,132,86,60,90,65,40,92,82,120" hai1="79,5,31,102,73,126,81,110,20,96,30,50,78" hai2="91,44,77,3,129,57,115,16,80,13,68,103,23" hai3="17,15,28,131,21,69,51,43,135,118,26,106,107"/><V14/><F115/><W6/><G118/><T114/><D114/><U36/><E36/><V117/><F68/><W74/><G74/><T41/><D1/><U113/><E113/><V47/><F3/><W123/><G123/><T42/><REACH who="0" step="1"/><D132/><REACH who="0" ten="303,204,274,209" step="2"/><U122/><E122/><V100/><F117/><W34/><G135/><T66/><D66/><U64/><E64/><V38/><F129/><W71/><G131/><T19/><D19/><U11/><E110/><V83/><F103/><W22/><G6/><T72/><D72/><U133/><E133/><V95/><F100/><W75/><G75/><T87/><D87/><U58/><E73/><V63/><F14/><W55/><G17/><T127/><D127/><U0/><E126/><V105/><F13/><W53/><G15/><T27/><D27/><U109/><E109/><V7/><F16/><W116/><G116/><T104/><D104/><U56/><E0/><V54/><F105/><W61/><G107/><T99/><D99/><U8/><E5/><V24/><F7/><W25/><G106/><T18/><D18/><U89/><E102/><V112/><F24/><W2/><G2/><T49/><D49/><U9/><E50/><V12/><F112/><W62/><G34/><T4/><D4/><U98/><E98/><V93/><F38/><W125/><G125/><T130/><D130/><U97/><E97/><V33/><F12/><W10/><G10/><T46/><D46/><U32/><E32/><V134/><F33/><W52/><G51/><T124/><D124/><U67/><E8/><V88/><F134/><W94/><G25/><RYUUKYOKU ba="0,1" sc="303,30,204,-10,274,-10,209,-10" hai0="40,41,42,60,65,76,82,85,86,90,92,120,121" /><INIT seed="3,1,1,4,5,115" ten="333,194,264,199" oya="3" hai0="12,84,44,2,14,133,23,86,31,55,95,104,132" hai1="62,67,125,92,135,9,60,53,3,43,83,111,103" hai2="4,98,57,119,89,122,129,46,78,72,113,99,47" hai3="94,26,81,108,106,134,120,10,79,20,56,131,13"/><W70/><G120/><T25/><D104/><U66/><E111/><V37/><F113/><W21/><G70/><T126/><D2/><U128/><E128/><V110/><F110/><W121/><G106/><T116/><D116/><U42/><E125/><V68/><F119/><W109/><G121/><T36/><D126/><U127/><E127/><V73/><F68/><W76/><G131/><T5/><D95/><U18/><E135/><N who="0" m="51785" /><D5/><U75/><E75/><V90/><F78/><W49/><G134/><T7/><D7/><U51/><E83/><V82/><F4/><W91/><G81/><T107/><D107/><U63/><E3/><V38/><F82/><W80/><G80/><T59/><D44/><N who="1" m="27879" /><E92/><V40/><F57/><W28/><G109/><T93/><D36/><U41/><E103/><V0/><F0/><W100/><G100/><T97/><D86/><U33/><E33/><V48/><F40/><N who="1" m="10241" /><U50/><DORA hai="35" /><E50/><V19/><F48/><W88/><G108/><T58/><D84/><U39/><E39/><V96/><F38/><W112/><G112/><T22/><D22/><U45/><E45/><V69/><F37/><W29/><G94/><T1/><D1/><U11/><E11/><V118/><F73/><W74/><G74/><T114/><D114/><U65/><E9/><V102/><F72/><W52/><G21/><T27/><D93/><U85/><E85/><V105/><F102/><W130/><G130/><T101/><D23/><U32/><E32/><V16/><F105/><W124/><G124/><T71/><D101/><U123/><E123/><V87/><F122/><RYUUKYOKU ba="1,1" sc="333,-10,194,30,264,-10,199,-10" hai1="18,60,62,63,65,66,67" owari="333,43.3,224,-17.6,254,5.4,189,-31.1" /></mjloggm>