<mjloggm ver="2.3"><GO type="225" lobby="0"/><UN n0="%74%61%6B%65%2D%79%6F%75" n1="%E3%81%BF%E3%81%BF%E3%81%9A" n2="%E3%83%8F%E3%83%B3%E3%83%89%E3%83%A9%E3%83%BC%E3%83%BB%E3%83%AF%E3%83%B3" n3="%E6%A0%B9%E5%85%83%E3%81%8B%E3%82%89%E5%90%B9%E3%81%A3%E9%A3%9B%E3%81%B6" dan="17,17,16,17" rate="2174.34,2244.16,2180.11,2155.48" sx="M,M,M,F"/><TAIKYOKU oya="0"/><INIT seed="0,0,0,3,0,54" ten="250,250,250,250" oya="0" hai0="77,40,47,52,12,127,49,125,50,110,111,16,55" hai1="86,72,33,71,32,42,44,51,46,94,93,104,113" hai2="56,114,53,87,123,60,6,14,88,4,15,57,18" hai3="1,97,117,37,135,107,102,109,130,11,126,62,30"/><T133/><D133/><U38/><E72/><V92/><F123/><W0/><G30/><T69/><D69/><U96/><E113/><V59/><F114/><W21/><G21/><N who="0" m="11399" /><D77/><U35/><E71/><V75/><F75/><W25/><G25/><T19/><D19/><U105/><E86/><V36/><F36/><W22/><G22/><T101/><D101/><U122/><E122/><V99/><F99/><W115/><G97/><T61/><D61/><U20/><E20/><N who="2" m="11351" /><F4/><W89/><G89/><T48/><D55/><U83/><E83/><V3/><F3/><W116/><G62/><T82/><D82/><U76/><E76/><V95/><F95/><W31/><G102/><T65/><D65/><U26/><E26/><V29/><F29/><W131/><G31/><T84/><D84/><U66/><E66/><V134/><F134/><W5/><G5/><T100/><D100/><U58/><E94/><V74/><F74/><W28/><G28/><T64/><D64/><U73/><E73/><V23/><F23/><W34/><G1/><T128/><D128/><U124/><E105/><V68/><F68/><W108/><G130/><T24/><D24/><U80/><E104/><V118/><F118/><W129/><G116/><T106/><D106/><U17/><E80/><V10/><AGARI ba="0,0" hai="6,10,15,53,56,57,59,60,87,88,92" m="11351" machi="10" ten="30,8000,1" yaku="8,1,52,3,54,1" doraHai="54" who="2" fromWho="2" sc="250,-40,250,-20,250,80,250,-20" /><INIT seed="1,0,0,3,4,8" ten="210,230,330,230" oya="1" hai0="6,116,4,42,119,99,49,20,83,55,28,35,47" hai1="31,88,0,44,75,59,90,126,43,118,68,132,56" hai2="114,106,117,107,5,41,38,105,62,66,57,50,19" hai3="93,77,109,36,34,11,89,113,10,32,96,61,115"/><U65/><E118/><V45/><F117/><W21/><G109/><T54/><D35/><U123/><E123/><V51/><F114/><W15/><G36/><T7/><D116/><U48/><E75/><V131/><F131/><W92/><G77/><T91/><D119/><U100/><E0/><V24/><F5/><W134/><G134/><T97/><D83/><U70/><E132/><V84/><F84/><W79/><G79/><T122/><D122/><U13/><E100/><V27/><F19/><W127/><G127/><T30/><D91/><N who="1" m="34859" /><E70/><N who="2" m="42327" /><F50/><W60/><G21/><T73/><D73/><U94/><E68/><V101/><F101/><W46/><G89/><T133/><D133/><U111/><E126/><V53/><AGARI ba="0,0" hai="24,27,38,41,45,51,53,57,105,106,107" m="42327" machi="53" ten="40,1500,0" yaku="24,1" doraHai="8" who="2" fromWho="2" sc="210,-4,230,-7,330,15,230,-4" /><INIT seed="2,0,0,1,2,112" ten="206,223,345,226" oya="2" hai0="93,123,48,110,59,133,44,98,29,91,135,26,37" hai1="101,42,49,106,14,61,76,18,47,38,102,64,36" hai2="130,67,71,82,95,126,86,79,60,125,77,12,111" hai3="4,68,83,17,10,32,51,131,114,128,103,2,113"/><V11/><F130/><N who="3" m="49707" /><G68/><T115/><D115/><N who="3" m="44041" /><G51/><T15/><D123/><U78/><E36/><V65/><F111/><W117/><G103/><N who="1" m="39434" /><E106/><V72/><F67/><W35/><G83/><T62/><D37/><U33/><E33/><N who="3" m="12874" /><G17/><T52/><D110/><U88/><E38/><V75/><F79/><W119/><AGARI ba="0,0" hai="2,4,10,117,119" m="12874,44041,49707" machi="119" ten="40,12000,2" yaku="19,1,11,1,23,1,34,2,52,2" doraHai="112" who="3" fromWho="3" sc="206,-30,223,-30,345,-60,226,120" /><INIT seed="3,0,0,2,5,25" ten="176,193,285,346" oya="3" hai0="97,135,124,112,0,129,46,7,77,117,47,91,123" hai1="115,18,49,54,79,90,114,71,101,100,67,2,15" hai2="85,20,133,119,38,58,73,53,5,9,107,63,131" hai3="69,83,134,34,4,130,36,113,110,1,76,40,44"/><W127/><RYUUKYOKU type="yao9" ba="0,0" sc="176,0,193,0,285,0,346,0" hai3="1,4,34,36,40,44,69,76,83,110,113,127,130,134" /><INIT seed="3,1,0,3,3,100" ten="176,193,285,346" oya="3" hai0="78,35,123,46,26,27,93,13,64,54,119,56,127" hai1="107,0,40,60,2,41,8,111,82,17,89,110,44" hai2="118,12,74,90,99,53,20,10,63,124,121,130,116" hai3="67,112,95,58,50,103,133,108,4,18,49,113,15"/><W62/><G133/><T39/><D119/><U34/><E34/><V48/><F74/><W22/><G108/><N who="1" m="41514" /><E107/><V126/><F90/><W36/><G36/><T129/><D123/><U32/><E32/><V28/><F99/><N who="3" m="59903" /><G113/><T52/><D129/><U25/><E60/><V5/><F63/><W91/><G112/><T19/><D127/><N who="2" m="48682" /><F53/><N who="0" m="20586" /><D39/><N who="1" m="21535" /><E41/><V117/><F48/><N who="3" m="18539" /><G91/><T114/><D35/><U106/><E106/><V81/><F81/><W94/><G4/><T120/><D120/><U31/><E89/><V61/><F61/><W70/><G70/><T29/><D114/><U33/><E82/><V72/><F72/><W71/><G71/><T88/><D78/><U66/><E66/><V14/><F121/><W92/><AGARI ba="1,0" hai="15,18,22,58,62,67,92,94" m="18539,59903" machi="92" ten="30,1500,0" yaku="8,1" doraHai="100" who="3" fromWho="3" sc="176,-6,193,-6,285,-6,346,18" owari="170,-33.0,187,-21.3,279,7.9,364,46.4" /></mjloggm>