<mjloggm ver="2.3"><GO type="225" lobby="0"/><UN n0="%2D%E8%B1%8A%E5%8F%A3%E3%82%81%E3%81%90%E3%81%BF%2D" n1="%E5%8D%A0%E3%81%84%E5%B8%AB%E8%A3%8F%E3%81%AA%E3%81%84%E3%81%97" n2="%E6%B4%BE%E9%81%A3%E3%81%AE%E3%82%B8%E3%83%A3%E3%83%83%E3%82%AF" n3="%E5%A4%9C%E5%85%89%E5%A4%A9%E6%A5%BC" dan="16,17,17,17" rate="2155.72,2208.93,2214.27,2114.02" sx="F,M,M,M"/><TAIKYOKU oya="0"/><INIT seed="0,0,0,3,1,6" ten="250,250,250,250" oya="0" hai0="49,21,23,7,57,55,17,18,98,0,114,87,63" hai1="35,4,16,116,130,99,66,26,126,56,118,39,50" hai2="61,88,62,22,31,107,30,127,11,14,10,34,25" hai3="8,52,109,67,20,101,9,43,68,97,29,71,48"/><T42/><D114/><U5/><E39/><V85/><F107/><W41/><G109/><T120/><D120/><U33/><E126/><V69/><F127/><W96/><G71/><T125/><D125/><U13/><E130/><V129/><F129/><W24/><G67/><T76/><D98/><N who="3" m="37993" /><G68/><T58/><D7/><U123/><E123/><V51/><F69/><W90/><G90/><T93/><D0/><U91/><E66/><V15/><F51/><W92/><G92/><T74/><D74/><U121/><E91/><V60/><F31/><W38/><G38/><T104/><D104/><U103/><E50/><V12/><F34/><W135/><G101/><T72/><D72/><U134/><E56/><V46/><F46/><N who="3" m="27671" /><G135/><T40/><D93/><AGARI ba="0,0" hai="10,11,12,14,15,22,25,30,60,61,62,85,88,93" machi="93" ten="40,8000,1" yaku="8,1,52,2,54,1" doraHai="6" who="2" fromWho="0" sc="250,-80,250,0,250,80,250,0" /><INIT seed="1,0,0,3,0,49" ten="170,250,330,250" oya="1" hai0="112,97,113,25,94,101,3,69,110,33,17,1,2" hai1="27,62,86,106,22,14,23,96,32,37,39,89,67" hai2="119,124,130,18,109,92,41,19,51,8,129,11,121" hai3="20,16,12,68,53,100,60,118,10,78,21,91,80"/><U26/><E14/><V133/><F109/><W132/><G132/><T59/><D69/><U126/><E126/><V87/><F121/><W31/><G118/><T24/><D110/><U43/><E32/><V125/><F119/><W76/><G100/><T36/><D36/><U115/><E115/><V4/><F133/><W105/><G105/><T52/><D25/><U98/><E106/><V15/><F41/><W42/><G42/><T127/><D127/><N who="2" m="48714" /><F51/><W57/><G68/><T7/><D7/><U77/><E43/><V28/><F28/><W29/><G29/><T82/><D82/><U114/><E77/><N who="3" m="29802" /><G31/><T85/><D85/><AGARI ba="0,0" hai="10,12,16,20,21,53,57,60,80,85,91" m="29802" machi="85" ten="30,3900,0" yaku="8,1,52,1,54,1" doraHai="49" who="3" fromWho="0" sc="170,-39,250,0,330,0,250,39" /><INIT seed="2,0,0,0,3,25" ten="131,250,330,289" oya="2" hai0="115,107,100,4,35,6,60,43,90,39,0,122,101" hai1="120,65,114,80,108,2,116,13,91,59,132,81,36" hai2="121,71,38,117,96,92,93,57,133,129,105,15,24" hai3="104,98,32,54,61,29,67,23,73,40,58,33,42"/><V7/><F121/><W18/><G73/><T82/><D115/><U109/><E2/><V34/><F71/><W99/><G104/><T123/><D43/><N who="3" m="16425" /><G32/><T53/><D35/><U30/><E36/><V110/><F38/><W128/><G128/><T1/><D39/><U63/><E114/><V131/><F117/><W10/><G33/><T50/><D60/><U87/><E116/><V134/><F110/><N who="1" m="42601" /><E132/><N who="2" m="50795" /><F57/><N who="3" m="37295" /><G10/><T106/><D82/><U52/><E120/><V95/><F105/><W103/><G103/><T89/><REACH who="0" step="1"/><D50/><REACH who="0" ten="121,250,330,289" step="2"/><U16/><E81/><V44/><F34/><W66/><G66/><T11/><D11/><N who="1" m="6207" /><E65/><V97/><F129/><W83/><G83/><T135/><D135/><U102/><E102/><V76/><F131/><W64/><G64/><T112/><D112/><U47/><E47/><V75/><F44/><W125/><G58/><T48/><D48/><U69/><E69/><V55/><F55/><AGARI ba="0,1" hai="0,1,4,6,53,55,89,90,100,101,106,107,122,123" machi="55" ten="25,3200,0" yaku="1,1,22,2,53,0" doraHai="25" doraHaiUra="17" who="0" fromWho="2" sc="121,42,250,0,330,-32,289,0" /><INIT seed="3,0,0,4,2,20" ten="163,250,298,289" oya="3" hai0="52,87,35,21,54,37,94,27,56,34,39,68,91" hai1="65,58,100,25,86,44,89,125,13,106,104,67,114" hai2="116,130,4,81,70,112,121,19,111,105,46,132,22" hai3="43,131,69,28,135,129,92,122,102,40,73,30,123"/><W127/><G73/><T95/><D68/><U18/><E114/><V2/><RYUUKYOKU type="yao9" ba="0,0" sc="163,0,250,0,298,0,289,0" hai2="2,4,19,22,46,70,81,105,111,112,116,121,130,132" /><INIT seed="3,1,0,0,3,121" ten="163,250,298,289" oya="3" hai0="2,20,69,89,0,48,79,41,37,36,117,27,59" hai1="114,51,98,35,122,31,102,1,4,109,131,30,73" hai2="123,71,5,128,57,111,74,91,113,135,54,88,132" hai3="52,21,12,29,108,101,125,38,85,65,16,92,53"/><W40/><G125/><T7/><D117/><U90/><E122/><V103/><F111/><W8/><G108/><T9/><D69/><U45/><E114/><V78/><F123/><W82/><G65/><T130/><D130/><U39/><E131/><V119/><F119/><W77/><G40/><T17/><D0/><U70/><E109/><V14/><F113/><W55/><G38/><T66/><D79/><U93/><E39/><V19/><F5/><W110/><G110/><T25/><D25/><U50/><E70/><V43/><F103/><W134/><G134/><N who="2" m="51241" /><F43/><W32/><G32/><T75/><D75/><U61/><E73/><V80/><F71/><W26/><G92/><T18/><D18/><U112/><E112/><V100/><F100/><AGARI ba="1,0" hai="8,12,16,21,26,29,52,53,55,77,82,85,100,101" machi="100" ten="40,7700,0" yaku="8,1,54,2" doraHai="121" who="3" fromWho="2" sc="163,0,250,0,298,-80,289,80" owari="163,-33.7,250,5.0,218,-18.2,369,46.9" /></mjloggm>