<mjloggm ver="2.3"><GO type="225" lobby="0"/><UN n0="%E3%82%82%E3%81%90%E3%82%89" n1="%72%69%6F%75%63%68%61%6E" n2="%E3%81%9F%E3%81%93%E2%98%86%E7%84%BC%E3%81%8D" n3="%E3%81%A9%E3%82%8F%E3%82%93%E3%81%94" dan="17,17,16,16" rate="2170.84,2294.01,2055.41,2192.32" sx="F,M,M,M"/><TAIKYOKU oya="0"/><INIT seed="0,0,0,5,1,123" ten="250,250,250,250" oya="0" hai0="17,39,65,105,91,26,44,84,99,96,34,5,15" hai1="35,103,56,121,116,29,98,128,66,36,50,86,83" hai2="11,79,49,114,101,109,90,60,112,41,1,61,89" hai3="63,71,38,62,133,24,134,85,120,28,33,14,47"/><T46/><D65/><U57/><E128/><V135/><F41/><W74/><G74/><T10/><D39/><U111/><E111/><V80/><F101/><W21/><G120/><T9/><D34/><U95/><E116/><V131/><F49/><W58/><G71/><T32/><D32/><U19/><E36/><V7/><F131/><W2/><G85/><T104/><D104/><U75/><E121/><V76/><F80/><W94/><G94/><T16/><D105/><U119/><E119/><V53/><F7/><W51/><G38/><T118/><D118/><U110/><E110/><V13/><F13/><W68/><G68/><T82/><D26/><U55/><E75/><V64/><F11/><W52/><G2/><T69/><D69/><U25/><E19/><N who="0" m="7241" /><D10/><U0/><E0/><V73/><F1/><W100/><G100/><T40/><D40/><U107/><E107/><V45/><F64/><W12/><G62/><T70/><D70/><U129/><E129/><V127/><F61/><W42/><REACH who="3" step="1"/><G33/><REACH who="3" ten="250,250,250,240" step="2"/><T54/><D46/><U87/><E83/><V126/><F60/><W67/><G67/><T132/><D132/><AGARI ba="0,1" hai="12,14,21,24,28,42,47,51,52,58,63,132,133,134" machi="132" ten="40,5200,0" yaku="1,1,20,1,54,1,53,0" doraHai="123" doraHaiUra="81" who="3" fromWho="0" sc="250,-52,250,0,250,0,240,62" /><INIT seed="1,0,0,4,0,30" ten="198,250,250,302" oya="1" hai0="13,134,2,48,97,108,40,54,25,4,87,107,18" hai1="66,44,24,16,74,118,14,91,7,104,38,120,114" hai2="62,72,37,94,60,123,79,64,23,58,115,26,68" hai3="53,106,52,116,36,27,32,130,42,121,12,70,83"/><U117/><E114/><V111/><F111/><W78/><G121/><T131/><D108/><U101/><E120/><V56/><F37/><W39/><G106/><T65/><D131/><U122/><E122/><V105/><F105/><W28/><G70/><T41/><D134/><U84/><E74/><V85/><F68/><W5/><G130/><T93/><D65/><U46/><E7/><V9/><F72/><W57/><G116/><T67/><D67/><U50/><E66/><V90/><F79/><W61/><G42/><T100/><D25/><U20/><E24/><V113/><F9/><W86/><REACH who="3" step="1"/><G53/><REACH who="3" ten="198,250,250,292" step="2"/><T96/><D41/><U59/><E118/><V63/><F123/><W1/><G1/><T119/><D40/><U77/><E117/><V89/><F115/><W88/><G88/><N who="0" m="53407" /><D2/><U35/><E38/><V133/><F113/><W127/><G127/><T80/><D119/><U125/><E125/><V103/><F90/><W75/><G75/><T128/><D128/><U129/><E129/><V10/><F89/><W21/><G21/><N who="0" m="11471" /><D107/><U6/><E104/><V135/><F133/><W69/><G69/><T82/><D100/><U8/><E101/><V95/><F103/><W11/><AGARI ba="0,1" hai="5,11,12,27,28,32,36,39,52,57,61,78,83,86" machi="11" ten="30,8000,1" yaku="1,1,0,1,52,1,54,1,53,1" doraHai="30" doraHaiUra="76" who="3" fromWho="3" sc="198,-20,250,-40,250,-20,292,90" /><INIT seed="2,0,0,4,4,97" ten="178,210,230,382" oya="2" hai0="95,91,62,28,107,70,129,122,110,125,42,51,34" hai1="89,121,131,133,111,60,73,102,100,3,8,86,15" hai2="58,128,130,44,25,119,37,93,20,5,64,79,85" hai3="113,38,67,9,69,52,90,14,101,71,0,104,40"/><V123/><F119/><W7/><G113/><T109/><D122/><U47/><E73/><V56/><F123/><W63/><G0/><T30/><D107/><U76/><E121/><V59/><F5/><W135/><G135/><T48/><D129/><N who="2" m="49770" /><F37/><W23/><G23/><T106/><D106/><U50/><E131/><V112/><F44/><W124/><G124/><T4/><D4/><U33/><E33/><V1/><F1/><W29/><G29/><N who="0" m="11371" /><D42/><U16/><E111/><N who="0" m="42505" /><D34/><U10/><E133/><V27/><F20/><W83/><G40/><T94/><D125/><U87/><E60/><N who="2" m="37895" /><F112/><W80/><G7/><T49/><D91/><U46/><E3/><V35/><F35/><W32/><G90/><T88/><D88/><U72/><E8/><V6/><F6/><W117/><G9/><T65/><AGARI ba="0,0" hai="48,49,51,62,65,70,94,95" m="42505,11371" machi="65" ten="40,1500,0" yaku="14,1" doraHai="97" who="0" fromWho="0" sc="178,15,210,-4,230,-7,382,-4" /><INIT seed="3,0,0,0,3,48" ten="193,206,223,378" oya="3" hai0="131,15,61,11,130,85,117,114,32,12,49,132,17" hai1="115,45,3,62,107,101,119,34,129,112,127,7,70" hai2="35,121,71,81,21,53,78,65,51,72,73,59,126" hai3="30,50,135,123,92,66,134,102,67,86,79,106,75"/><W46/><G123/><T27/><D61/><U19/><E34/><V96/><F35/><W77/><G30/><N who="0" m="19551" /><D85/><U47/><E127/><V14/><F126/><W88/><G67/><T42/><D42/><U0/><E129/><N who="0" m="49161" /><D49/><U63/><E19/><V55/><F73/><W24/><G66/><T94/><D94/><U58/><E119/><V28/><F96/><N who="3" m="61767" /><G24/><T111/><D117/><U8/><E70/><V36/><F121/><W87/><G87/><T128/><N who="0" m="49169" /><T23/><DORA hai="26" /><D111/><U90/><E90/><V40/><F65/><W41/><G77/><T103/><D103/><U99/><E0/><V20/><F71/><W54/><G41/><T118/><D118/><U91/><E91/><V33/><F36/><W60/><G60/><T5/><D132/><U4/><E4/><V124/><F40/><W122/><G122/><T98/><D98/><U18/><E18/><V25/><F124/><W10/><G135/><T29/><D29/><U83/><E83/><V38/><F38/><W95/><G75/><T1/><D114/><U113/><REACH who="1" step="1"/><E63/><REACH who="1" ten="193,196,223,378" step="2"/><V37/><F81/><N who="3" m="49231" /><G134/><T9/><D9/><U120/><E120/><V74/><F78/><W56/><G10/><T100/><D100/><U110/><E110/><V39/><F33/><W68/><G79/><T104/><D104/><U44/><E44/><V116/><F116/><W80/><G46/><T125/><D125/><U109/><E109/><V16/><F74/><W133/><G133/><T89/><D89/><U64/><AGARI ba="0,1" hai="3,7,8,45,47,58,62,64,99,101,107,112,113,115" machi="64" ten="30,8000,1" yaku="1,1,0,1,53,3" doraHai="48,26" doraHaiUra="108,76" who="1" fromWho="1" sc="193,-20,196,90,223,-20,378,-40" owari="173,-32.7,286,8.6,203,-19.7,338,43.8" /></mjloggm>