<mjloggm ver="2.3"><GO type="225" lobby="0"/><UN n0="%74%61%6B%75%61%6B%61" n1="%E3%81%A1%E3%82%85%E3%81%86%E3%81%A9%E3%81%8F%E8%B1%A1%E3%81%95%E3%82%93" n2="%E6%97%A5%E6%9B%9C%E6%97%A5%E3%82%88%E3%82%8A%E3%81%AE%E4%BD%BF%E8%80%85" n3="%72%69%6F%75%63%68%61%6E" dan="16,16,17,17" rate="2167.55,2082.18,2216.28,2222.40" sx="M,M,M,M"/><TAIKYOKU oya="0"/><INIT seed="0,0,0,4,4,124" ten="250,250,250,250" oya="0" hai0="33,13,53,67,5,84,14,78,44,87,54,111,80" hai1="82,95,64,72,130,45,36,127,49,93,46,62,107" hai2="94,99,105,16,108,7,59,118,40,101,83,55,122" hai3="79,135,24,9,52,22,20,102,12,73,66,32,6"/><T92/><D33/><U3/><E107/><V125/><F122/><W77/><G135/><T91/><D111/><U17/><E127/><V51/><F125/><W23/><G66/><T97/><D67/><U48/><E3/><V21/><F108/><W74/><G102/><T18/><D5/><U29/><E29/><V81/><F118/><W30/><REACH who="3" step="1"/><G52/><REACH who="3" ten="250,250,250,240" step="2"/><N who="0" m="20075" /><D44/><U31/><E64/><V128/><F40/><W10/><G10/><N who="0" m="6455" /><D14/><U75/><E45/><V47/><F47/><W103/><G103/><T114/><D114/><U109/><E46/><V100/><F100/><W71/><G71/><T68/><D68/><U85/><E109/><V69/><F69/><W1/><G1/><T26/><D26/><U60/><E36/><V90/><F101/><W134/><G134/><T110/><D110/><U61/><E72/><AGARI ba="0,1" hai="6,9,12,20,22,23,24,30,32,72,73,74,77,79" machi="72" ten="40,1300,0" yaku="1,1,53,0" doraHai="124" doraHaiUra="56" who="3" fromWho="1" sc="250,0,250,-13,250,0,240,23" /><INIT seed="1,0,0,4,5,97" ten="250,237,250,263" oya="1" hai0="26,126,11,51,120,84,24,82,122,99,25,27,9" hai1="77,128,111,22,18,101,17,61,55,93,75,36,38" hai2="48,66,39,124,68,64,76,10,4,47,95,7,78" hai3="31,129,2,105,90,54,104,125,0,86,103,80,100"/><U130/><E111/><V115/><F39/><N who="1" m="14889" /><E77/><N who="2" m="29803" /><F68/><W8/><G125/><T46/><D126/><U3/><E3/><V87/><F124/><W102/><G129/><N who="1" m="49770" /><E75/><V107/><F107/><W43/><G43/><T5/><N who="0" m="6144" /><DORA hai="30" /><T53/><D99/><N who="1" m="59631" /><E22/><V49/><F115/><W20/><G20/><T29/><D29/><U74/><E74/><V12/><F4/><W127/><G31/><T13/><REACH who="0" step="1"/><D11/><REACH who="0" ten="240,237,250,263" step="2"/><U1/><E1/><V108/><F10/><W134/><G127/><T57/><D57/><AGARI ba="0,1" hai="17,18,55,57,61" m="59631,49770,14889" machi="57" ten="30,2900,0" yaku="19,1,52,1" doraHai="97,30" who="1" fromWho="0" sc="240,-29,237,39,250,0,263,0" /><INIT seed="1,1,0,4,1,48" ten="211,276,250,263" oya="1" hai0="106,110,3,6,53,24,65,61,83,128,37,127,95" hai1="97,120,56,15,105,80,41,57,2,13,130,131,51" hai2="69,66,113,45,135,76,107,26,129,103,72,92,111" hai3="38,44,33,71,59,79,62,116,89,124,94,81,125"/><U46/><E120/><V96/><F111/><W88/><G33/><T17/><D106/><U21/><E2/><V68/><F129/><N who="1" m="49161" /><E80/><V52/><F135/><W73/><G71/><T20/><D110/><U133/><E133/><V12/><F113/><W126/><G116/><T1/><D128/><U29/><E29/><V122/><F66/><W49/><G38/><T35/><D127/><U8/><E21/><V115/><F115/><W67/><REACH who="3" step="1"/><G94/><REACH who="3" ten="211,276,250,253" step="2"/><T98/><D37/><U84/><E105/><V74/><F69/><W4/><G4/><T36/><D6/><N who="1" m="3223" /><E97/><V54/><F107/><W30/><G30/><T18/><D98/><U55/><E84/><V27/><F96/><W99/><G99/><T10/><D95/><U87/><E87/><V70/><F92/><W63/><G63/><T14/><D61/><N who="1" m="35999" /><E57/><V91/><F70/><W47/><G47/><T9/><D36/><U22/><E22/><V32/><F45/><W42/><AGARI ba="1,1" hai="42,44,49,59,62,67,73,79,81,88,89,124,125,126" machi="42" ten="30,8000,1" yaku="1,1,0,1,18,1,54,1,53,1" doraHai="48" doraHaiUra="39" who="3" fromWho="3" sc="211,-21,276,-41,250,-21,253,93" /><INIT seed="2,0,0,3,0,72" ten="190,235,229,346" oya="2" hai0="109,80,96,55,5,78,3,41,11,40,123,118,110" hai1="86,121,6,15,103,21,25,128,126,89,65,90,94" hai2="74,12,84,34,27,71,120,9,0,133,48,122,68" hai3="61,49,1,37,73,60,116,59,97,129,108,99,101"/><V93/><F74/><W43/><G108/><N who="0" m="41579" /><D123/><U18/><E121/><V112/><F112/><W56/><G116/><T113/><D113/><U10/><E128/><V100/><F0/><W117/><G117/><T63/><D118/><U36/><E36/><V44/><F133/><W23/><G129/><T107/><D63/><U39/><E39/><V92/><F71/><W76/><G1/><T83/><D55/><U53/><E65/><V7/><F68/><W47/><G23/><T50/><D50/><U66/><E66/><V26/><F34/><W46/><G60/><T98/><D83/><N who="1" m="49375" /><E126/><V28/><F122/><W4/><G4/><T51/><D51/><U24/><E53/><N who="2" m="29831" /><F28/><W54/><G101/><N who="0" m="62887" /><D98/><N who="1" m="57687" /><E103/><V14/><F120/><W82/><REACH who="3" step="1"/><G56/><REACH who="3" ten="190,235,229,336" step="2"/><T29/><D29/><U8/><E6/><V2/><F100/><W20/><G20/><T33/><D33/><U102/><E21/><V115/><F2/><W87/><G87/><AGARI ba="0,1" hai="3,5,11,40,41,78,80,87" m="62887,41579" machi="87" ten="30,2000,0" yaku="14,1,52,1" doraHai="72" who="0" fromWho="3" sc="190,30,235,0,229,0,336,-20" /><INIT seed="3,0,0,5,4,41" ten="220,235,229,316" oya="3" hai0="10,24,128,4,76,89,63,82,65,70,78,133,86" hai1="129,124,19,105,1,112,44,18,0,110,51,43,50" hai2="55,64,113,17,35,75,92,72,30,115,49,68,32" hai3="15,39,96,95,29,122,28,93,12,69,73,33,118"/><W98/><G118/><T58/><D128/><U38/><E112/><V77/><F64/><W100/><G122/><T119/><D119/><U42/><E129/><V47/><F68/><W67/><G39/><T88/><D133/><U132/><E132/><V109/><F109/><W94/><G73/><T27/><D70/><U85/><E105/><V11/><F92/><W8/><G33/><T54/><D65/><U117/><E117/><V9/><F35/><W26/><G26/><T79/><REACH who="0" step="1"/><D89/><REACH who="0" ten="210,235,229,316" step="2"/><U5/><E110/><V121/><F121/><W134/><G134/><T84/><D84/><U102/><E85/><V127/><F115/><W36/><G67/><T6/><D6/><U90/><E90/><V34/><F113/><W45/><G69/><T62/><D62/><U135/><E5/><V126/><F75/><W3/><G98/><T57/><D57/><U23/><E135/><V66/><F66/><W116/><G116/><T37/><D37/><U130/><E38/><V25/><F34/><W111/><G111/><T80/><D80/><U61/><E61/><V46/><F46/><W71/><G71/><T14/><AGARI ba="0,1" hai="4,10,14,24,27,54,58,63,76,78,79,82,86,88" machi="14" ten="30,7900,0" yaku="1,1,0,1,8,1,54,1,53,0" doraHai="41" doraHaiUra="13" who="0" fromWho="0" sc="210,89,235,-20,229,-20,316,-39" /><INIT seed="4,0,0,5,4,8" ten="299,215,209,277" oya="0" hai0="115,12,102,133,125,97,59,28,87,76,58,99,40" hai1="47,94,31,18,80,131,77,90,126,68,71,24,15" hai2="129,100,55,34,74,82,11,20,60,79,107,33,45" hai3="132,39,134,19,123,43,110,5,118,64,120,117,101"/><T128/><D115/><U92/><E126/><V6/><F129/><W81/><G5/><T108/><D125/><U105/><E105/><V9/><F20/><W114/><G110/><T119/><D119/><N who="3" m="45577" /><G101/><T0/><D0/><U95/><E47/><V89/><F89/><W30/><G30/><T25/><D128/><U53/><E53/><V3/><F11/><W22/><G81/><N who="0" m="47527" /><D133/><N who="3" m="51305" /><G114/><T84/><D108/><U48/><E90/><V112/><F112/><W44/><G64/><T52/><D40/><U116/><E116/><V42/><F55/><W69/><G69/><T13/><D84/><U93/><E68/><V62/><F62/><W104/><G104/><T61/><D58/><U98/><E71/><V70/><F60/><W127/><G127/><T14/><D102/><U4/><E131/><V88/><F70/><W35/><G35/><T21/><AGARI ba="0,0" hai="12,13,14,21,25,28,52,59,61,97,99" m="47527" machi="21" ten="30,12000,1" yaku="8,1,52,3,54,1" doraHai="8" who="0" fromWho="0" sc="299,120,215,-40,209,-40,277,-40" owari="419,51.9,175,-22.5,169,-33.1,237,3.7" /></mjloggm>