<mjloggm ver="2.3"><GO type="225" lobby="0"/><UN n0="%E6%98%93%E5%88%A9%E8%96%A9%E4%BC%AF" n1="%E6%80%AA%E3%81%97%E3%81%99%E3%81%8E%E3%82%8B%E3%83%81%E3%83%BC" n2="%E5%AF%82%E5%AF%9E%E3%82%AE%E3%83%8D%E3%82%B9%E3%83%93%E3%83%BC%E3%83%AB" n3="%65%6B%61%72%75%74%65" dan="16,16,16,16" rate="2101.39,2161.96,2195.77,2132.63" sx="F,M,M,M"/><TAIKYOKU oya="0"/><INIT seed="0,0,0,0,2,81" ten="250,250,250,250" oya="0" hai0="10,26,38,27,45,37,109,23,64,77,107,28,3" hai1="105,4,75,95,51,7,62,33,121,53,103,117,131" hai2="90,135,72,54,94,129,30,63,11,55,100,50,25" hai3="93,92,36,116,124,24,98,74,60,126,125,43,83"/><T123/><D123/><U127/><E121/><V115/><F115/><W78/><G116/><T89/><D107/><U14/><E117/><V0/><F72/><W119/><G119/><T79/><D109/><U17/><E33/><V34/><F129/><W134/><G134/><T113/><D113/><U42/><E75/><V8/><F135/><W44/><G60/><T57/><D3/><U120/><E105/><V31/><F31/><W133/><G133/><T104/><D104/><U85/><E127/><V65/><F100/><W15/><G15/><T32/><D10/><U52/><E131/><V66/><F66/><W5/><G5/><N who="1" m="2122" /><E62/><V114/><F0/><W19/><REACH who="3" step="1"/><G98/><REACH who="3" ten="250,250,250,240" step="2"/><T13/><D13/><U59/><E120/><V67/><F114/><W16/><G16/><T82/><D64/><U87/><E42/><V99/><F67/><W18/><G18/><T108/><D108/><U29/><E53/><V22/><F55/><W86/><G86/><T35/><D28/><U12/><E29/><V76/><F34/><W132/><G132/><T58/><D35/><U46/><E14/><V39/><F63/><W91/><G91/><T128/><D89/><N who="1" m="53679" /><E103/><V71/><F65/><W118/><G118/><T68/><D32/><U9/><E87/><V80/><F30/><W69/><G69/><T106/><D68/><U88/><E88/><V6/><F71/><W70/><G70/><T96/><D128/><U41/><E41/><V40/><F40/><W110/><G110/><T84/><D84/><U122/><E122/><V20/><F90/><W61/><G61/><T1/><D1/><RYUUKYOKU ba="0,1" sc="250,-15,250,15,250,-15,240,15" hai1="9,12,17,46,51,52,59" hai3="19,24,36,43,44,74,78,83,92,93,124,125,126" /><INIT seed="1,1,1,0,5,61" ten="235,265,235,255" oya="1" hai0="125,73,17,112,94,35,124,109,55,101,130,127,77" hai1="93,41,115,83,98,8,118,70,19,131,28,133,37" hai2="57,74,10,56,85,5,46,52,11,26,90,12,60" hai3="20,63,117,87,106,36,114,64,13,31,9,86,76"/><U44/><E115/><V72/><F46/><W78/><G114/><T89/><D112/><U24/><E118/><V49/><F26/><N who="3" m="16839" /><G106/><T48/><D35/><U84/><E133/><V0/><F0/><W2/><G36/><T100/><D109/><U99/><E131/><V34/><F11/><W67/><G2/><T66/><D130/><U111/><E70/><V7/><F7/><N who="3" m="3263" /><G117/><T113/><D113/><U14/><E111/><V51/><F34/><W134/><G134/><T25/><D66/><N who="3" m="25129" /><G63/><T97/><D77/><AGARI ba="1,1" hai="76,77,78,86,87" m="25129,3263,16839" machi="77" ten="30,7700,0" yaku="8,1,52,3" doraHai="61" who="3" fromWho="0" sc="235,-80,265,0,235,0,255,90" /><INIT seed="2,0,0,0,5,98" ten="155,265,235,345" oya="2" hai0="111,127,20,59,92,15,6,131,112,41,128,75,109" hai1="35,129,50,53,25,10,85,118,7,79,44,77,17" hai2="124,82,69,14,33,29,37,22,42,71,73,123,84" hai3="27,125,89,31,93,62,74,110,126,130,26,100,134"/><V106/><F123/><W64/><G74/><T36/><D75/><U48/><E118/><V49/><F37/><W105/><G110/><N who="0" m="41995" /><D36/><U11/><E129/><N who="0" m="49737" /><D41/><U28/><E17/><V83/><F106/><W99/><G134/><T39/><D39/><U133/><E133/><V21/><F73/><W116/><G116/><T56/><D56/><U32/><E32/><V91/><F33/><W16/><G130/><T61/><D59/><U47/><E7/><V12/><F49/><W76/><G76/><T19/><D61/><U1/><E1/><V51/><F51/><W55/><G55/><T122/><D92/><U121/><E121/><V45/><F45/><W65/><G16/><N who="0" m="10271" /><D122/><U90/><E79/><V103/><F69/><W8/><G93/><T57/><D57/><U86/><E77/><V63/><F71/><W70/><G62/><T72/><D72/><U101/><E101/><V9/><F103/><W38/><G38/><T80/><D80/><U87/><E90/><V23/><F63/><W81/><G81/><T117/><D117/><U78/><E78/><V102/><F102/><W88/><G88/><T67/><D67/><U95/><E95/><V2/><F42/><W107/><G65/><T52/><D52/><U30/><E50/><V68/><F82/><W0/><G89/><T108/><N who="0" m="42003" /><T66/><DORA hai="60" /><D66/><U40/><E44/><V132/><F68/><W46/><G70/><T114/><D127/><U135/><E40/><V96/><F124/><W113/><G125/><T119/><D119/><U24/><E135/><V13/><F132/><W104/><G126/><RYUUKYOKU ba="0,0" sc="155,-10,265,30,235,-10,345,-10" hai1="10,11,24,25,28,30,35,47,48,53,85,86,87" /><INIT seed="3,1,0,0,4,126" ten="145,295,225,335" oya="3" hai0="124,41,49,76,43,81,8,107,128,25,127,93,33" hai1="51,29,57,18,64,96,23,10,77,22,19,61,65" hai2="7,27,35,15,52,123,13,120,21,74,92,121,78" hai3="44,101,100,3,109,118,2,116,26,62,30,94,88"/><W135/><G135/><T54/><D107/><U9/><E65/><V102/><F35/><W105/><G105/><T97/><D8/><U133/><E133/><V80/><F52/><W98/><G3/><T48/><D124/><U20/><E77/><V112/><F112/><W67/><G2/><T36/><D36/><U73/><E73/><V38/><F7/><W106/><G44/><T63/><D63/><U119/><E119/><V40/><F40/><W46/><G46/><T99/><D99/><U56/><E96/><N who="2" m="59655" /><F38/><W28/><G28/><AGARI ba="1,0" hai="13,15,21,27,28,74,78,80,120,121,123" m="59655" machi="28" ten="30,1000,0" yaku="13,1" doraHai="126" who="2" fromWho="3" sc="145,0,295,0,225,13,335,-13" owari="145,-35.5,295,9.5,238,-16.2,322,42.2" /></mjloggm>