<mjloggm ver="2.3"><GO type="225" lobby="0"/><UN n0="%E9%BB%92%E9%89%84%E7%8F%A0%E9%9B%AB" n1="%73%73%6B%5F%66%72%65%65" n2="%E3%81%8F%E3%82%89%E3%82%89" n3="%E3%81%B5%E3%81%98%E3%81%8B%E3%81%A4" dan="16,16,17,16" rate="2170.04,2107.64,2145.94,2146.40" sx="M,M,F,M"/><TAIKYOKU oya="0"/><INIT seed="0,0,0,3,0,56" ten="250,250,250,250" oya="0" hai0="11,122,31,115,95,43,69,74,16,50,89,128,72" hai1="110,45,96,70,117,118,3,20,106,114,15,23,84" hai2="29,4,124,26,86,57,133,75,79,10,44,22,130" hai3="2,135,6,47,85,104,98,40,39,5,1,100,78"/><T13/><D115/><U101/><E110/><V9/><F75/><W67/><G135/><T88/><D122/><U36/><E3/><V55/><F133/><W66/><G6/><T120/><D120/><U119/><E114/><V58/><F124/><W127/><G127/><T59/><D69/><U33/><E33/><V77/><F130/><W71/><G5/><T61/><D128/><U27/><E70/><V134/><F134/><W94/><G94/><T113/><D113/><U32/><E15/><N who="2" m="5543" /><F10/><W92/><G67/><T126/><D126/><U41/><REACH who="1" step="1"/><E84/><REACH who="1" ten="250,240,250,250" step="2"/><V76/><F86/><W103/><G85/><T37/><D74/><U111/><E111/><V18/><F79/><W116/><G78/><T35/><D72/><U102/><E102/><V28/><F77/><W112/><G112/><T68/><D35/><U60/><E60/><V54/><F76/><W105/><G71/><T21/><D68/><U65/><E65/><V82/><F82/><W12/><G66/><T19/><D89/><U63/><E63/><N who="2" m="36279" /><F44/><W125/><G47/><T25/><D88/><U99/><E99/><V24/><F24/><W129/><G98/><T52/><D52/><U107/><E107/><V64/><F64/><W17/><G129/><T93/><D61/><AGARI ba="0,1" hai="18,22,26,28,29,55,58,61" m="36279,5543" machi="61" ten="30,3900,0" yaku="8,1,52,2" doraHai="56" who="2" fromWho="0" sc="250,-39,240,0,250,49,250,0" /><INIT seed="1,0,0,2,3,121" ten="211,240,299,250" oya="1" hai0="90,131,126,60,96,106,43,125,123,57,18,119,0" hai1="20,52,100,61,17,109,85,11,80,6,133,30,111" hai2="29,42,120,127,2,117,51,16,132,21,32,25,73" hai3="56,26,39,86,48,128,14,10,110,28,22,12,31"/><U62/><E133/><V75/><F117/><W63/><G39/><T50/><D119/><U122/><E122/><V92/><F120/><W116/><G116/><T35/><D123/><U24/><E100/><V27/><F132/><W97/><G128/><T41/><D35/><U102/><E102/><V54/><F42/><W37/><G37/><T4/><D131/><U91/><E30/><V95/><F2/><W87/><G110/><N who="1" m="41994" /><E52/><V101/><F127/><W113/><G28/><T83/><D50/><U53/><E53/><V40/><F40/><W45/><G113/><T115/><D115/><U19/><E19/><V68/><F101/><W89/><G97/><T82/><D18/><U23/><E23/><V8/><F54/><N who="3" m="29967" /><G10/><N who="0" m="2311" /><D106/><U129/><E129/><V34/><F8/><W3/><G3/><AGARI ba="0,0" hai="3,6,11,17,20,24,61,62,80,85,91" m="41994" machi="3" ten="30,12000,1" yaku="14,1,10,1,52,3" doraHai="121" who="1" fromWho="3" sc="211,0,240,120,299,0,250,-120" /><INIT seed="1,1,0,5,4,71" ten="211,360,299,130" oya="1" hai0="16,5,2,61,96,23,11,9,14,109,36,7,57" hai1="54,69,45,117,77,60,100,110,50,115,97,127,105" hai2="41,93,99,113,0,28,114,90,103,79,133,19,31" hai3="37,66,53,26,78,51,22,135,58,74,32,20,64"/><U17/><E117/><V81/><F133/><W119/><G135/><T108/><D96/><U91/><E115/><N who="2" m="44043" /><F0/><W13/><G119/><T27/><REACH who="0" step="1"/><D36/><REACH who="0" ten="201,360,299,130" step="2"/><U15/><E127/><V112/><F112/><W59/><G37/><T120/><D120/><U67/><E110/><V76/><F99/><W86/><G74/><T8/><D8/><U4/><E97/><V10/><F103/><W18/><G32/><T92/><D92/><U118/><E100/><V88/><F93/><W102/><G102/><T49/><D49/><U85/><E105/><V132/><F10/><W33/><G33/><T84/><D84/><U124/><E85/><V121/><F121/><W62/><G86/><T106/><D106/><U63/><E50/><V73/><F132/><W52/><REACH who="3" step="1"/><G78/><REACH who="3" ten="201,360,299,120" step="2"/><T38/><D38/><U34/><E77/><V134/><F79/><W47/><G47/><T107/><D107/><U56/><E45/><V130/><F134/><W122/><G122/><T40/><D40/><U82/><E118/><V24/><F41/><W83/><G83/><T98/><D98/><U89/><E82/><V87/><F73/><W44/><G44/><T101/><D101/><U21/><E34/><V39/><F39/><W12/><G12/><T128/><D128/><U48/><E15/><V94/><F130/><W55/><G55/><AGARI ba="1,2" hai="2,5,7,9,11,14,16,23,27,55,57,61,108,109" machi="55" ten="40,2600,0" yaku="1,1,54,1,53,0" doraHai="71" doraHaiUra="111" who="0" fromWho="3" sc="201,49,360,0,299,0,120,-29" /><INIT seed="2,0,0,5,2,95" ten="250,360,299,91" oya="2" hai0="55,82,57,115,39,30,79,52,116,76,83,37,106" hai1="59,93,34,46,123,70,49,94,10,71,15,107,6" hai2="63,122,74,113,99,53,97,36,17,61,88,64,127" hai3="45,78,129,72,9,38,7,48,101,103,23,126,14"/><V130/><F113/><W77/><G126/><T114/><D106/><U67/><E107/><V26/><F122/><W42/><G129/><T40/><D30/><U111/><E34/><V47/><F74/><W125/><G125/><T58/><REACH who="0" step="1"/><D40/><REACH who="0" ten="240,360,299,91" step="2"/><N who="1" m="24775" /><E123/><V89/><F127/><W81/><G78/><T80/><D80/><U121/><E121/><V35/><F130/><W104/><G104/><T20/><D20/><U0/><E94/><V4/><F35/><W91/><G91/><T120/><D120/><U118/><E93/><V3/><F88/><W69/><G69/><T50/><D50/><U117/><E71/><V24/><F89/><W12/><G38/><T84/><D84/><U110/><E70/><V19/><F36/><W96/><G96/><T100/><D100/><U29/><E29/><V105/><F99/><W133/><G133/><T85/><D85/><U102/><E102/><V28/><F97/><W124/><G124/><T108/><D108/><U18/><E111/><V11/><F28/><W21/><G21/><T16/><D16/><U86/><E18/><V73/><F105/><W51/><G51/><T112/><D112/><U65/><E110/><V87/><F87/><W8/><REACH who="3" step="1"/><G23/><REACH who="3" ten="240,360,299,81" step="2"/><T131/><D131/><U1/><E118/><AGARI ba="0,2" hai="37,39,52,55,57,58,76,79,82,83,114,115,116,118" machi="118" ten="25,6400,0" yaku="1,1,22,2,54,1,53,0" doraHai="95" doraHaiUra="13" who="0" fromWho="1" sc="240,84,360,-64,299,0,81,0" /><INIT seed="3,0,0,3,3,70" ten="324,296,299,81" oya="3" hai0="80,113,128,117,35,69,40,126,36,46,48,74,5" hai1="83,8,10,59,28,60,132,33,3,30,100,16,17" hai2="76,21,73,64,31,55,49,102,119,85,2,38,118" hai3="0,27,90,42,122,77,18,7,61,37,121,20,15"/><W6/><G77/><T99/><D117/><U108/><E108/><V54/><F73/><W14/><G61/><T65/><D35/><U39/><E39/><V96/><F38/><W25/><G90/><T66/><D5/><N who="3" m="1545" /><G42/><T110/><D99/><U111/><E111/><V129/><F2/><W127/><G37/><T12/><D12/><N who="3" m="4649" /><G0/><T44/><D80/><U75/><E33/><V41/><F64/><W115/><G115/><T32/><D74/><U91/><E75/><V81/><F41/><W97/><G97/><T86/><D32/><U24/><E3/><V114/><F114/><W23/><G127/><T53/><D86/><N who="1" m="50655" /><E100/><V62/><F62/><W130/><G130/><T123/><D110/><U19/><E24/><N who="3" m="9290" /><G18/><T78/><D113/><U82/><E82/><V72/><F129/><W94/><G94/><T52/><D128/><U106/><E106/><V43/><F72/><W58/><G58/><T112/><D112/><U135/><E59/><V29/><F96/><W84/><G84/><T92/><D78/><U56/><E56/><V11/><F102/><W125/><G125/><T89/><D126/><U9/><E60/><V13/><F85/><W107/><G107/><T109/><D109/><U93/><E93/><V124/><F76/><W95/><G95/><T120/><D92/><U133/><AGARI ba="0,0" hai="8,9,10,16,17,19,28,30,132,133,135" m="50655" machi="133" ten="40,8000,1" yaku="29,2,20,1,54,1" doraHai="70" who="1" fromWho="1" sc="324,-20,296,80,299,-20,81,-40" owari="304,10.4,376,47.6,279,-12.1,41,-45.9" /></mjloggm>