<mjloggm ver="2.3"><GO type="225" lobby="0"/><UN n0="%65%6B%61%72%75%74%65" n1="%E4%BF%BA%E3%81%A8%E5%A6%96%E5%A4%A2" n2="%E3%83%B4%E3%83%A0%EF%BC%99%E3%81%A6" n3="%E6%9D%BE%E6%9C%AC%E5%81%A5%E7%94%B7" dan="16,17,16,16" rate="2077.24,2139.48,2103.93,2154.96" sx="M,F,M,M"/><TAIKYOKU oya="0"/><INIT seed="0,0,0,3,0,6" ten="250,250,250,250" oya="0" hai0="99,41,105,45,119,117,126,16,69,93,115,71,21" hai1="76,23,44,7,35,81,61,18,39,38,68,50,72" hai2="89,109,43,14,29,129,74,124,75,33,48,15,135" hai3="65,56,80,34,49,101,57,78,128,77,13,37,120"/><T127/><D105/><U94/><E35/><V110/><F135/><W20/><G34/><T122/><D115/><U131/><E131/><V17/><F129/><W26/><G37/><T27/><D122/><U123/><E123/><V96/><F124/><N who="0" m="47658" /><D117/><U108/><E108/><V107/><F29/><W5/><G128/><T42/><D119/><U82/><E94/><V10/><F33/><W12/><G120/><T32/><D32/><U85/><E7/><V46/><F89/><W66/><G101/><N who="0" m="60655" /><D42/><U36/><E61/><V52/><F43/><W91/><G91/><T73/><D73/><U11/><E68/><V60/><F60/><W112/><G77/><T98/><D98/><U30/><E81/><V2/><F2/><W53/><G112/><T9/><D9/><U116/><E116/><V95/><F107/><W31/><G5/><T104/><D104/><U134/><E134/><V88/><F74/><W100/><G100/><T24/><D27/><U58/><E11/><N who="2" m="6367" /><F75/><W59/><G78/><T3/><D3/><U114/><E72/><V19/><F109/><W133/><G133/><T25/><D25/><U22/><E114/><V51/><F110/><W132/><G132/><T97/><D97/><U125/><E125/><V0/><F0/><W55/><G12/><T4/><D4/><U111/><E111/><V83/><F83/><W84/><G13/><T87/><D87/><U90/><E76/><V8/><F8/><W103/><G103/><T92/><D92/><U62/><E82/><V28/><F28/><W102/><G102/><T86/><D86/><U63/><E85/><RYUUKYOKU ba="0,0" sc="250,15,250,-15,250,15,250,-15" hai0="16,21,24,41,45,69,71" hai2="10,15,19,46,48,51,52,88,95,96" /><INIT seed="0,1,0,5,0,24" ten="265,235,265,235" oya="0" hai0="128,56,115,125,0,21,80,90,126,27,47,99,28" hai1="33,86,3,49,133,60,114,89,68,81,63,6,46" hai2="93,15,66,74,87,10,120,122,100,101,43,116,112" hai3="94,88,97,123,22,38,12,17,20,104,16,58,42"/><T134/><D115/><U107/><E33/><V26/><F74/><W45/><G104/><T85/><D128/><U1/><E107/><V131/><F112/><W35/><G35/><T50/><D134/><U25/><E133/><V51/><F131/><W7/><G7/><T92/><D0/><U65/><E114/><V36/><F36/><W69/><G69/><T105/><D56/><U121/><E121/><V8/><F116/><W13/><G58/><T130/><D105/><U59/><E25/><V113/><F113/><W82/><REACH who="3" step="1"/><G82/><REACH who="3" ten="265,235,265,225" step="2"/><T18/><D130/><U30/><E6/><V71/><F71/><W31/><G31/><T48/><D18/><U96/><E30/><V106/><F106/><W2/><G2/><T37/><D126/><U54/><REACH who="1" step="1"/><E96/><REACH who="1" ten="265,225,265,225" step="2"/><V77/><F120/><AGARI ba="1,2" hai="12,13,16,17,20,22,38,42,45,88,94,97,120,123" machi="120" ten="40,8000,1" yaku="1,1,9,1,54,2,53,0" doraHai="24" doraHaiUra="108" who="3" fromWho="2" sc="265,0,225,0,265,-83,225,103" /><INIT seed="1,0,0,0,5,73" ten="265,225,182,328" oya="1" hai0="117,85,71,109,105,60,119,103,110,133,67,36,100" hai1="42,120,34,115,97,113,31,30,20,10,49,129,50" hai2="25,98,134,65,46,17,72,102,55,88,28,4,81" hai3="58,126,52,95,75,0,123,108,61,44,74,18,48"/><U15/><E34/><V106/><F134/><W16/><G123/><T63/><D133/><U14/><E120/><V32/><F4/><W22/><G108/><N who="0" m="41579" /><D36/><U41/><E97/><V43/><F65/><W11/><G126/><T27/><D105/><U114/><E20/><V90/><F55/><W47/><G47/><T7/><D7/><U37/><E37/><V89/><F17/><W64/><G95/><T3/><D3/><U1/><E1/><V84/><REACH who="2" step="1"/><F72/><REACH who="2" ten="265,225,172,328" step="2"/><W76/><G74/><T83/><D67/><U92/><E113/><V70/><F70/><W112/><G112/><T128/><D71/><U19/><E19/><V104/><F104/><W26/><G18/><T101/><D119/><U59/><E114/><V21/><F21/><W33/><G33/><T87/><D117/><U13/><E115/><V107/><F107/><W131/><G75/><T12/><D128/><U111/><E129/><V23/><F23/><W54/><G131/><T2/><D2/><U45/><E111/><V93/><F93/><W80/><G0/><T127/><D127/><U35/><E35/><V38/><AGARI ba="0,1" hai="25,28,32,38,43,46,81,84,88,89,90,98,102,106" machi="38" ten="20,5200,0" yaku="1,1,0,1,7,1,54,1,53,0" doraHai="73" doraHaiUra="118" who="2" fromWho="2" sc="265,-13,225,-26,172,62,328,-13" /><INIT seed="2,0,0,1,5,58" ten="252,199,234,315" oya="2" hai0="40,115,96,57,51,85,60,93,95,83,21,104,0" hai1="43,123,124,7,44,33,61,94,31,71,133,22,74" hai2="111,18,70,82,131,63,125,127,67,36,6,15,122" hai3="34,105,101,1,2,68,55,109,120,25,72,87,107"/><V73/><F122/><W77/><G120/><T45/><D115/><U42/><E123/><V113/><F113/><W92/><G68/><T28/><D0/><U48/><E33/><V23/><F131/><W99/><G109/><T129/><D129/><U37/><E74/><V100/><F111/><W135/><G135/><T27/><D104/><U91/><E133/><V78/><F36/><W114/><G114/><T35/><D35/><U59/><E124/><V116/><F116/><W13/><G13/><T11/><D11/><U110/><E110/><V53/><F100/><W132/><G107/><T50/><D50/><U49/><E7/><V102/><F102/><W5/><G5/><T118/><D118/><U121/><E121/><V29/><F53/><W84/><G84/><T89/><REACH who="0" step="1"/><D96/><REACH who="0" ten="242,199,234,315" step="2"/><U81/><E48/><V38/><F38/><W14/><G1/><T41/><D41/><N who="1" m="24719" /><E37/><V54/><F6/><W90/><G132/><T80/><D80/><U64/><E81/><V4/><F4/><W16/><G2/><T10/><D10/><U52/><E42/><V12/><F127/><W47/><G105/><T24/><D24/><N who="1" m="16791" /><E43/><V32/><F125/><W119/><G119/><T20/><D20/><U62/><E94/><V3/><F3/><W56/><G92/><T117/><D117/><U98/><E98/><V75/><F82/><W106/><G99/><T69/><D69/><U108/><E108/><V126/><F126/><W30/><G106/><T9/><D9/><U86/><E86/><V79/><F70/><W88/><G87/><T112/><D112/><U19/><E91/><RYUUKYOKU ba="0,1" sc="242,15,199,15,234,-15,315,-15" hai0="21,27,28,40,45,51,57,60,83,85,89,93,95" hai1="19,52,59,61,62,64,71" /><INIT seed="3,1,1,2,2,60" ten="257,214,219,300" oya="3" hai0="68,118,71,5,96,69,126,12,107,109,3,84,7" hai1="95,90,67,63,14,52,16,23,50,6,41,133,46" hai2="111,40,54,125,123,113,117,57,33,97,48,65,119" hai3="110,100,112,36,108,76,102,44,47,18,132,58,37"/><W20/><G112/><T49/><D118/><N who="2" m="45066" /><F33/><W99/><G76/><T131/><D3/><U30/><E133/><V87/><F87/><W92/><G102/><T53/><D84/><U13/><E30/><V51/><F97/><W104/><G58/><T4/><D12/><U38/><E6/><V11/><F11/><W74/><G104/><T134/><D134/><U56/><E13/><V2/><F2/><W39/><G74/><T25/><D25/><U31/><E31/><V130/><F113/><W120/><G120/><T93/><D107/><U21/><E21/><V27/><F27/><N who="3" m="14743" /><G132/><T17/><D17/><U28/><E28/><V26/><F26/><W64/><G64/><T127/><D71/><U77/><E77/><V89/><F89/><W106/><G106/><T105/><D69/><U34/><E34/><V62/><F123/><W22/><G22/><T101/><D68/><U98/><E38/><V59/><F111/><AGARI ba="1,1" hai="36,37,39,44,47,92,99,100,108,110,111" m="14743" machi="111" ten="40,3900,0" yaku="14,1,10,1" doraHai="60" who="3" fromWho="2" sc="257,0,214,0,219,-42,300,52" owari="257,5.7,214,-18.6,177,-32.3,352,45.2" /></mjloggm>