<mjloggm ver="2.3"><GO type="225" lobby="0"/><UN n0="%E4%B8%AD%E5%B9%B4%E3%81%AE%E5%8D%B1%E6%A9%9F" n1="%E6%B4%BE%E9%81%A3%E3%81%AE%E3%82%B8%E3%83%A3%E3%83%83%E3%82%AF" n2="%E3%82%BC%E3%83%AB%E3%83%80%E3%81%AE%E4%BC%9D%E8%AA%AC" n3="%E7%AD%89%E3%80%85%E5%8A%9B%E5%8A%87%E5%A0%B4" dan="17,16,16,16" rate="2209.82,2152.01,2151.81,2137.65" sx="M,M,M,M"/><TAIKYOKU oya="0"/><INIT seed="0,0,0,3,1,39" ten="250,250,250,250" oya="0" hai0="98,13,38,118,68,19,12,124,64,97,63,58,45" hai1="67,47,26,84,104,101,95,34,113,108,115,15,100" hai2="85,40,21,46,48,123,133,36,122,72,20,107,117" hai3="86,126,52,7,99,120,25,131,51,18,92,132,3"/><T116/><D124/><U135/><E108/><V30/><F72/><W81/><G132/><T60/><D118/><U91/><E15/><V4/><F107/><W16/><G131/><T103/><D116/><U127/><E135/><V82/><F133/><W14/><G126/><T0/><D0/><U29/><E127/><V32/><F117/><W54/><G120/><T1/><D1/><U44/><E67/><V119/><F119/><W61/><G3/><T76/><D76/><U11/><E11/><V57/><F32/><W27/><G7/><T78/><D78/><U129/><E129/><V6/><F122/><W87/><G61/><T90/><D90/><U88/><E91/><N who="2" m="51639" /><F36/><W55/><G18/><T134/><D134/><U70/><E70/><V49/><F123/><W96/><G87/><T28/><D28/><U22/><E34/><V50/><F50/><W24/><G51/><T93/><D98/><N who="1" m="61495" /><E100/><V33/><F33/><W35/><G92/><T94/><D94/><U130/><E130/><V125/><F125/><W65/><G65/><T69/><D63/><U59/><E59/><V41/><F21/><N who="3" m="11415" /><G35/><T66/><D66/><U109/><E109/><V43/><F57/><W111/><G111/><T79/><D79/><AGARI ba="0,0" hai="24,25,27,52,54,55,79,81,86,96,99" m="11415" machi="79" ten="30,3900,0" yaku="8,1,54,2" doraHai="39" who="3" fromWho="0" sc="250,-39,250,0,250,0,250,39" /><INIT seed="1,0,0,1,3,55" ten="211,250,250,289" oya="1" hai0="128,109,42,108,5,83,72,94,131,90,1,36,121" hai1="10,101,43,6,39,81,19,76,41,134,100,27,28" hai2="24,98,78,65,71,99,2,87,68,11,32,119,93" hai3="88,106,7,63,9,53,74,52,64,82,21,129,127"/><U125/><E125/><V126/><F119/><W66/><G106/><T92/><D1/><U20/><E134/><V110/><F126/><W120/><G127/><T112/><D42/><U22/><E100/><V16/><F110/><N who="0" m="42602" /><D5/><U29/><E101/><V13/><F2/><W122/><G129/><N who="0" m="49739" /><D36/><U95/><E95/><N who="0" m="36393" /><D112/><U118/><E118/><V23/><F32/><W85/><G7/><T38/><D38/><U49/><E39/><V117/><F117/><W103/><G103/><T84/><D72/><U58/><E43/><V40/><F40/><W59/><G74/><T107/><D107/><U111/><E111/><V0/><F0/><W3/><G3/><T4/><D4/><U14/><E41/><V114/><F114/><W37/><G37/><T26/><D26/><U91/><E27/><V34/><F34/><W69/><G9/><T97/><D97/><U73/><E6/><V67/><F99/><W102/><G102/><T17/><D17/><U60/><E10/><V44/><F11/><W89/><G21/><T35/><D35/><U115/><E115/><V135/><F24/><W79/><G69/><T12/><D12/><U80/><E22/><V56/><F68/><W57/><G122/><AGARI ba="0,0" hai="83,84,90,121,122" m="36393,49739,42602" machi="122" ten="40,8000,1" yaku="14,1,19,1,34,2" doraHai="55" who="0" fromWho="3" sc="211,80,250,0,250,0,289,-80" /><INIT seed="2,0,0,3,4,81" ten="291,250,250,209" oya="2" hai0="3,11,13,67,125,53,63,122,15,68,38,45,85" hai1="27,18,95,62,55,29,1,8,60,130,34,50,37" hai2="101,135,40,0,23,36,28,76,117,7,42,6,102" hai3="93,71,58,107,20,97,39,4,77,106,54,96,5"/><V84/><F117/><W48/><G71/><T132/><D122/><U72/><E37/><V44/><F135/><W52/><G39/><T94/><D132/><U124/><E72/><V86/><F0/><W21/><G77/><T56/><D125/><U25/><E124/><V99/><F76/><W59/><G93/><T90/><D3/><U91/><E130/><V83/><F83/><W43/><G48/><N who="0" m="30759" /><D11/><U75/><E75/><V111/><F111/><W82/><G82/><T74/><D74/><U116/><E116/><V79/><F79/><W9/><G9/><T22/><D22/><U113/><E113/><V126/><F126/><W78/><G78/><T12/><D12/><N who="1" m="7431" /><E34/><V30/><F23/><W103/><G103/><T14/><D14/><U69/><E69/><V120/><F99/><W70/><G70/><T119/><D119/><U32/><E1/><V65/><F44/><W92/><G92/><T49/><D49/><U127/><E127/><V16/><F36/><W47/><G47/><T2/><D2/><U123/><E123/><V73/><F73/><W114/><REACH who="3" step="1"/><G43/><AGARI ba="0,0" hai="13,15,38,43,45,63,67,68,85,90,94" m="30759" machi="43" ten="30,2000,0" yaku="24,1,52,1" doraHai="81" who="0" fromWho="3" sc="291,20,250,0,250,0,209,-20" /><INIT seed="3,0,0,2,2,45" ten="311,250,250,189" oya="3" hai0="34,56,94,58,46,9,100,47,61,116,113,48,66" hai1="81,101,19,22,11,120,75,104,83,5,70,131,95" hai2="21,63,2,41,54,29,62,86,77,25,60,127,109" hai3="128,32,134,118,57,14,27,114,119,20,51,130,98"/><W36/><G36/><T4/><D34/><U26/><E70/><V78/><F2/><W8/><G98/><N who="0" m="59479" /><D116/><N who="3" m="44585" /><G57/><N who="0" m="37167" /><D113/><U133/><E120/><V18/><F109/><W55/><G55/><N who="0" m="31847" /><D58/><U82/><E104/><V85/><F127/><W106/><G106/><T89/><D89/><U73/><E133/><V79/><F41/><W87/><G87/><N who="2" m="33289" /><F54/><W67/><G67/><T35/><D35/><U122/><E122/><V50/><F50/><W92/><G51/><T1/><D1/><U42/><E42/><V43/><F43/><W123/><G92/><T13/><AGARI ba="0,0" hai="4,9,13,46,47" m="31847,37167,59479" machi="13" ten="30,2000,0" yaku="8,1,52,1" doraHai="45" who="0" fromWho="0" sc="311,20,250,-5,250,-5,189,-10" owari="331,43.1,245,4.5,245,-15.5,179,-32.1" /></mjloggm>