<mjloggm ver="2.3"><GO type="225" lobby="0"/><UN n0="%E3%81%AF%E3%82%88%E3%81%8A%E3%81%98%E3%81%95%E3%82%93" n1="%E7%B4%94%E6%BD%94%E3%83%94%E3%83%A9%E3%83%8B%E3%82%A2" n2="%E8%81%B7%E6%A5%AD%E3%80%81%E9%A2%A8%32" n3="%43%68%65" dan="16,16,16,16" rate="2182.33,2085.08,2099.42,2163.05" sx="M,M,M,M"/><TAIKYOKU oya="0"/><INIT seed="0,0,0,0,3,113" ten="250,250,250,250" oya="0" hai0="103,45,62,108,32,69,88,68,53,107,115,4,78" hai1="127,56,8,125,104,24,41,16,33,97,114,71,75" hai2="54,55,13,0,22,6,51,57,95,130,129,17,28" hai3="52,120,118,20,18,79,19,5,36,1,46,117,37"/><T67/><D115/><U73/><E71/><V31/><F0/><W132/><G132/><T105/><D68/><U116/><E114/><V133/><F133/><W101/><G120/><T124/><D32/><U87/><E41/><V65/><F6/><W128/><G101/><T102/><D78/><U9/><E87/><V100/><F65/><W23/><G79/><T135/><D135/><U99/><E56/><V50/><F95/><W70/><G70/><T21/><D124/><N who="1" m="47691" /><E116/><V112/><F100/><W44/><G5/><T72/><D72/><N who="1" m="27723" /><E104/><V80/><F80/><W34/><G34/><T49/><D108/><U119/><E119/><V66/><F66/><W122/><G122/><T94/><D103/><U61/><E61/><V121/><F121/><W63/><G63/><T2/><D102/><U59/><E59/><N who="2" m="33239" /><F112/><W77/><G77/><T92/><D92/><U26/><E33/><V111/><F111/><W109/><G109/><T131/><D131/><AGARI ba="0,0" hai="13,17,22,28,31,51,55,57,129,130,131" m="33239" machi="131" ten="30,1000,0" yaku="19,1" doraHai="113" who="2" fromWho="0" sc="250,-10,250,0,250,10,250,0" /><INIT seed="1,0,0,1,3,105" ten="240,250,260,250" oya="1" hai0="111,55,108,81,6,54,66,14,68,93,53,78,100" hai1="31,46,4,79,96,63,2,122,132,36,116,9,15" hai2="74,25,33,20,77,51,42,18,98,85,92,65,59" hai3="75,38,106,67,60,129,0,10,50,114,11,19,56"/><U102/><E122/><V7/><F33/><W43/><G114/><T24/><D24/><U83/><E116/><V3/><F3/><W107/><G38/><T88/><D100/><U76/><E132/><V37/><F37/><W103/><G129/><T35/><D35/><U62/><E79/><V5/><F74/><W1/><G75/><N who="0" m="43231" /><D66/><U118/><E118/><V97/><F65/><W91/><G91/><T125/><D68/><U32/><E15/><V134/><F134/><W52/><G43/><T84/><D125/><U112/><E112/><V41/><F77/><W8/><G19/><T126/><D126/><U99/><E31/><V34/><F34/><W80/><G80/><T87/><D84/><U104/><E99/><N who="2" m="37899" /><F85/><W101/><G107/><T70/><D70/><U21/><E21/><V58/><F92/><W49/><G49/><T131/><D131/><U48/><E32/><V17/><F17/><W64/><G64/><T115/><D115/><U124/><E124/><V16/><F18/><W110/><G106/><T39/><D39/><U45/><E36/><V120/><F120/><W61/><G1/><T69/><D69/><U89/><E89/><V90/><F90/><W57/><G0/><T12/><D6/><N who="2" m="2058" /><F51/><W27/><G50/><T135/><D135/><U28/><E28/><V109/><F109/><AGARI ba="0,0" hai="12,14,53,54,55,87,88,93,108,109,111" m="43231" machi="109" ten="30,3900,0" yaku="14,1,52,1,54,1" doraHai="105" who="0" fromWho="2" sc="240,39,250,0,260,-39,250,0" /><INIT seed="2,0,0,1,4,125" ten="279,250,221,250" oya="2" hai0="102,25,55,31,60,13,113,59,124,18,46,45,37" hai1="128,29,85,92,132,80,89,73,134,42,44,91,84" hai2="129,97,78,93,105,3,43,126,114,50,109,9,116" hai3="14,82,16,4,69,99,56,131,72,107,40,103,20"/><V47/><F116/><W7/><G69/><T23/><D113/><U48/><E73/><V66/><F114/><W35/><G35/><T88/><D124/><U49/><E29/><V123/><F126/><W2/><G40/><T53/><D102/><U8/><E8/><V98/><F123/><W19/><G2/><T94/><D53/><U106/><E106/><V0/><F109/><W111/><G111/><T22/><REACH who="0" step="1"/><D37/><REACH who="0" ten="269,250,221,250" step="2"/><U108/><E108/><V28/><F66/><W71/><G103/><T68/><D68/><U52/><REACH who="1" step="1"/><E128/><REACH who="1" ten="269,240,221,250" step="2"/><V33/><F129/><W112/><G131/><T118/><D118/><U38/><E38/><V75/><F105/><W30/><G107/><T27/><D27/><U115/><E115/><V62/><F3/><W119/><G112/><T130/><D130/><U79/><E79/><V39/><F78/><W67/><G119/><T127/><D127/><U64/><E64/><V57/><F0/><W110/><G67/><T34/><D34/><U32/><E32/><V95/><F39/><W104/><G104/><T90/><D90/><U117/><E117/><V24/><F33/><W10/><G110/><T76/><D76/><U63/><E63/><V101/><F62/><W6/><G71/><T81/><D81/><U5/><E5/><V86/><F101/><W77/><G7/><T83/><D83/><U122/><E122/><V100/><F100/><W1/><G6/><T12/><D12/><U61/><E61/><V21/><F95/><W133/><G14/><T36/><D36/><U54/><E54/><V135/><F93/><W11/><G82/><RYUUKYOKU ba="0,2" sc="269,15,240,15,221,-15,250,-15" hai0="13,18,22,23,25,31,45,46,55,59,60,88,94" hai1="42,44,48,49,52,80,84,85,89,91,92,132,134" /><INIT seed="3,1,2,0,0,83" ten="284,255,206,235" oya="3" hai0="21,31,98,70,116,7,11,110,85,40,121,127,43" hai1="117,46,75,17,63,101,27,130,13,88,126,50,132" hai2="65,26,53,18,93,8,122,58,15,47,42,128,36" hai3="133,78,91,94,90,82,32,131,120,9,81,109,71"/><W24/><G71/><T57/><D116/><U23/><E117/><V39/><F122/><W19/><G120/><T129/><D70/><U76/><E126/><V66/><F39/><W25/><G131/><T86/><D121/><U5/><E130/><V103/><F128/><W135/><G32/><T95/><D129/><U55/><E132/><V79/><F79/><W45/><G45/><T22/><D127/><U61/><E101/><V74/><F74/><W69/><G69/><T30/><D110/><U105/><E105/><V16/><F103/><W87/><G109/><T104/><D104/><U64/><E76/><V123/><F123/><W28/><G28/><N who="0" m="10795" /><D57/><U80/><E64/><V20/><REACH who="2" step="1"/><F93/><REACH who="2" ten="284,255,196,235" step="2"/><W41/><G135/><T2/><D95/><U134/><E75/><V48/><AGARI ba="1,3" hai="8,15,16,18,20,26,36,42,47,48,53,58,65,66" machi="48" ten="20,12000,2" yaku="1,1,2,1,0,1,7,1,54,1,53,1" doraHai="83" doraHaiUra="6" who="2" fromWho="2" sc="284,-31,255,-31,196,153,235,-61" owari="253,5.3,224,-17.6,349,44.9,174,-32.6" /></mjloggm>