<mjloggm ver="2.3"><GO type="225" lobby="0"/><UN n0="%E3%82%B3%E3%83%90%E3%83%AC%E3%82%A4" n1="%E3%83%B4%E3%83%A0%EF%BC%99%E3%81%A6" n2="%E4%BF%BA%E3%81%A8%E5%A6%96%E5%A4%A2" n3="%E3%83%8F%E3%83%B3%E3%83%89%E3%83%A9%E3%83%BC%E3%83%BB%E3%83%AF%E3%83%B3" dan="16,16,16,17" rate="2173.31,2126.49,2123.78,2173.19" sx="M,M,F,M"/><TAIKYOKU oya="0"/><INIT seed="0,0,0,1,0,106" ten="250,250,250,250" oya="0" hai0="62,126,20,94,23,123,95,133,25,51,66,15,88" hai1="77,73,107,36,108,68,37,40,24,9,34,89,117" hai2="54,130,57,100,93,31,42,61,125,41,11,81,98" hai3="113,110,104,46,103,116,47,48,30,121,85,129,1"/><T52/><D123/><U7/><E117/><V118/><F118/><W134/><G116/><T102/><D126/><U35/><E108/><V50/><F125/><W60/><G113/><T71/><D133/><U111/><E111/><V28/><F130/><W91/><G110/><T120/><D120/><U2/><E89/><V4/><F81/><W38/><G1/><T26/><D102/><U16/><E68/><V119/><F119/><W5/><G5/><T112/><D95/><U75/><E107/><V124/><F124/><W86/><G129/><T131/><D131/><U69/><E69/><V22/><F50/><W6/><G6/><T49/><D49/><U127/><E127/><V90/><F100/><W63/><G134/><T79/><D79/><U59/><E59/><V17/><F31/><W74/><G30/><T44/><D112/><U96/><E96/><V27/><REACH who="2" step="1"/><F28/><REACH who="2" ten="250,250,240,250" step="2"/><W32/><G121/><T101/><D101/><U55/><E36/><V45/><F45/><W80/><G46/><T97/><REACH who="0" step="1"/><D15/><AGARI ba="0,1" hai="4,11,15,17,22,27,41,42,54,57,61,90,93,98" machi="15" ten="30,12000,2" yaku="1,1,7,1,25,2,8,1,53,1" doraHai="106" doraHaiUra="84" who="2" fromWho="0" sc="250,-120,250,0,240,130,250,0" /><INIT seed="1,0,0,3,1,72" ten="130,250,370,250" oya="1" hai0="44,128,57,132,38,92,120,43,3,76,70,36,19" hai1="42,50,97,5,7,113,91,111,85,25,135,41,2" hai2="134,22,126,130,33,101,112,34,81,32,90,28,78" hai3="23,82,102,119,109,98,11,40,54,71,123,21,88"/><U9/><E113/><V114/><F134/><W58/><G123/><T121/><D3/><U84/><E135/><V48/><F101/><W62/><G109/><T10/><D132/><U95/><E111/><V75/><F130/><W47/><G71/><T24/><D128/><U104/><E7/><V129/><F129/><W63/><G63/><T94/><D70/><U15/><E2/><V26/><F126/><W74/><G11/><T77/><D10/><U87/><E104/><V13/><F48/><W8/><G8/><T52/><D19/><U124/><E124/><V108/><F108/><W12/><G12/><T131/><D24/><U89/><E25/><V100/><F100/><W133/><G119/><T99/><D131/><U96/><REACH who="1" step="1"/><E50/><REACH who="1" ten="130,240,370,250" step="2"/><V127/><F127/><W51/><G133/><T64/><D38/><U125/><E125/><V69/><F114/><W16/><G51/><T60/><D121/><U49/><E49/><V61/><F112/><W0/><G0/><T86/><D120/><U30/><E30/><V118/><F28/><W67/><G47/><T56/><D36/><U65/><E65/><V66/><F26/><W39/><G67/><T93/><D44/><U35/><E35/><V27/><F27/><W110/><G39/><T55/><D64/><U116/><E116/><V105/><F118/><W107/><G110/><T59/><D60/><U79/><E79/><N who="0" m="30281" /><D43/><U14/><E14/><V115/><F115/><W37/><G40/><T46/><D46/><U18/><E18/><N who="2" m="10575" /><F105/><W17/><G37/><T4/><D4/><U68/><E68/><V122/><F122/><RYUUKYOKU ba="0,1" sc="130,-15,240,15,370,15,250,-15" hai1="5,9,15,41,42,84,85,87,89,91,95,96,97" hai2="32,33,34,61,66,69,75,78,81,90" /><INIT seed="1,1,1,1,0,55" ten="115,255,385,235" oya="1" hai0="121,133,25,16,70,97,101,95,124,92,12,11,134" hai1="31,29,132,30,24,52,103,8,13,74,19,99,6" hai2="90,68,59,100,89,33,2,45,87,116,80,3,54" hai3="104,56,135,114,115,39,120,105,91,36,107,51,28"/><U130/><E74/><V18/><F116/><W64/><G120/><T83/><D70/><U73/><E73/><V21/><F33/><W23/><G135/><T32/><D121/><U108/><E132/><V61/><F68/><W129/><G129/><T42/><D124/><U93/><E130/><V9/><F100/><W77/><G77/><T131/><D131/><U0/><E108/><V106/><F106/><W78/><G78/><T128/><D128/><U67/><E67/><V84/><F45/><W50/><G91/><T46/><D92/><U48/><E0/><V53/><F53/><W81/><G81/><T47/><D47/><N who="1" m="27679" /><E24/><V57/><F57/><W75/><G75/><T122/><D122/><U60/><E60/><V126/><F9/><W14/><G39/><T118/><D118/><U72/><E72/><V119/><F126/><W34/><G36/><T79/><D32/><U65/><E65/><V111/><F111/><W112/><G34/><T123/><D123/><U85/><E85/><V102/><F119/><W66/><G66/><T76/><D25/><U86/><E86/><V22/><F3/><W37/><G37/><T26/><D26/><U62/><E62/><V69/><F69/><W15/><G50/><N who="0" m="26967" /><D134/><U35/><E35/><V38/><F38/><W109/><G109/><T98/><D133/><U7/><AGARI ba="1,1" hai="6,7,8,13,19,29,30,31,93,99,103" m="27679" machi="7" ten="30,3000,0" yaku="8,1,54,1" doraHai="55" who="1" fromWho="1" sc="115,-11,255,43,385,-11,235,-11" /><INIT seed="1,2,0,3,1,37" ten="104,298,374,224" oya="1" hai0="79,105,33,13,114,41,49,72,70,63,43,61,35" hai1="89,115,31,54,99,58,90,81,127,130,27,7,45" hai2="50,40,84,67,100,98,24,47,51,9,28,32,107" hai3="131,128,1,75,118,0,6,62,113,116,92,4,38"/><U48/><E115/><V55/><F84/><W29/><G75/><T77/><D105/><U109/><E127/><V86/><F86/><W83/><G83/><T124/><D114/><U108/><E130/><N who="3" m="49706" /><G113/><T44/><D124/><U71/><E71/><V96/><F96/><W133/><G133/><T88/><D72/><U5/><E81/><V80/><F80/><W26/><G92/><T69/><D13/><U110/><E58/><V19/><F9/><W85/><G62/><T111/><D49/><U91/><REACH who="1" step="1"/><E99/><REACH who="1" ten="104,288,374,224" step="2"/><V57/><F67/><W126/><G126/><T20/><D44/><U97/><E97/><V23/><REACH who="2" step="1"/><F32/><AGARI ba="2,1" hai="5,7,27,31,32,45,48,54,89,90,91,108,109,110" machi="32" ten="50,9600,0" yaku="1,1,14,1,10,1,53,0" doraHai="37" doraHaiUra="106" who="1" fromWho="2" sc="104,0,288,112,374,-102,224,0" /><INIT seed="1,3,0,2,3,86" ten="104,400,272,224" oya="1" hai0="39,25,57,61,52,103,113,30,107,119,80,48,94" hai1="23,125,13,47,19,45,121,101,36,22,69,3,42" hai2="44,6,2,46,37,128,115,56,109,93,49,77,91" hai3="24,59,98,85,34,38,66,71,78,92,106,7,8"/><U10/><E121/><V16/><F109/><W18/><G38/><T110/><D39/><U11/><E69/><V40/><F128/><W35/><G71/><T123/><D119/><U21/><E125/><V129/><F129/><W104/><G35/><T0/><D0/><U90/><E101/><V83/><F115/><W31/><G18/><T20/><D113/><U82/><E45/><V58/><F16/><W96/><G96/><T53/><D110/><U133/><E133/><V84/><F6/><W73/><G73/><T89/><D123/><U122/><E122/><V97/><REACH who="2" step="1"/><F2/><REACH who="2" ten="104,400,262,224" step="2"/><W33/><G7/><T120/><D120/><U32/><E3/><V70/><F70/><W54/><G8/><T114/><D114/><U12/><E10/><V88/><F88/><W5/><G5/><T15/><D15/><U100/><E13/><V111/><F111/><W60/><G24/><T81/><D103/><U63/><E100/><V55/><AGARI ba="3,1" hai="37,40,44,46,49,55,56,58,77,83,84,91,93,97" machi="55" ten="20,8000,1" yaku="1,1,0,1,7,1,52,1,53,1" doraHai="86" doraHaiUra="50" who="2" fromWho="2" sc="104,-23,400,-43,262,99,224,-23" /><INIT seed="2,0,0,2,4,124" ten="81,357,361,201" oya="2" hai0="31,17,77,88,33,18,131,101,36,89,22,111,76" hai1="72,91,87,24,10,103,35,134,105,82,12,58,61" hai2="41,107,53,67,106,54,74,99,47,32,73,8,21" hai3="20,59,100,66,121,68,132,14,49,98,116,125,23"/><V97/><F67/><W110/><G116/><T123/><D36/><U83/><E134/><V29/><F32/><W85/><G121/><T109/><D123/><U16/><E105/><V39/><F8/><W50/><G68/><T70/><D70/><U25/><E103/><V112/><F112/><W52/><G125/><T69/><D69/><U40/><E40/><V55/><F29/><W127/><G127/><T130/><D22/><U2/><E2/><V0/><F0/><W64/><G110/><T115/><D31/><U56/><E35/><V79/><F21/><W119/><G119/><T113/><D101/><U126/><E126/><V7/><F7/><W128/><G132/><T71/><D71/><U94/><E58/><V15/><F15/><W60/><G85/><T114/><D115/><U19/><E72/><V38/><F79/><W43/><G23/><T34/><AGARI ba="0,0" hai="17,18,33,34,76,77,88,89,109,111,113,114,130,131" machi="34" ten="25,12000,2" yaku="0,1,22,2,52,2,54,1" doraHai="124" who="0" fromWho="0" sc="81,120,357,-30,361,-60,201,-30" /><INIT seed="3,0,0,5,4,127" ten="201,327,301,171" oya="3" hai0="43,95,15,70,114,5,96,61,99,83,35,44,73" hai1="74,49,13,64,60,59,89,65,17,131,54,75,71" hai2="112,107,81,67,126,4,42,69,26,80,119,37,11" hai3="94,51,18,129,10,113,33,130,29,109,27,62,41"/><W1/><G113/><T116/><D35/><U0/><E131/><N who="3" m="50186" /><G109/><T90/><D114/><U40/><E0/><V46/><F112/><W117/><G117/><T12/><D116/><U134/><E134/><V39/><F119/><W21/><G62/><T118/><D118/><U77/><E77/><V103/><F126/><W76/><G76/><T9/><D73/><U23/><E64/><V120/><F120/><W57/><G94/><T53/><D83/><U24/><E40/><V110/><F39/><W106/><G106/><T48/><D12/><U22/><E89/><V7/><F103/><W91/><G91/><T63/><D70/><U124/><E124/><V68/><F107/><W25/><G57/><T14/><D14/><U86/><E86/><V20/><F69/><W47/><G10/><T88/><D43/><U132/><E132/><V66/><F110/><W133/><G1/><T82/><D82/><U31/><AGARI ba="0,0" hai="13,17,22,23,24,31,49,54,59,60,65,71,74,75" machi="31" ten="20,1500,0" yaku="0,1,7,1" doraHai="127" who="1" fromWho="1" sc="201,-4,327,15,301,-4,171,-7" owari="197,-20.3,342,44.2,297,9.7,164,-33.6" /></mjloggm>