<mjloggm ver="2.3"><GO type="225" lobby="0"/><UN n0="%E5%8D%A0%E3%81%84%E5%B8%AB%E8%A3%8F%E3%81%AA%E3%81%84%E3%81%97" n1="%E6%A1%9C%E8%8A%B1%E9%96%83%E3%80%85" n2="%79%75%72%69%6D%6F%67" n3="%E7%8B%82%E6%B0%97%E3%81%AE%E7%9E%B3" dan="17,16,16,16" rate="2225.68,2224.82,2145.25,2042.49" sx="M,M,F,F"/><TAIKYOKU oya="0"/><INIT seed="0,0,0,3,1,39" ten="250,250,250,250" oya="0" hai0="17,16,131,134,11,62,15,19,96,64,0,101,48" hai1="41,84,22,10,13,114,54,121,119,40,112,98,4" hai2="45,26,9,83,65,95,24,67,88,1,103,117,32" hai3="93,115,68,6,107,77,53,72,125,79,27,21,110"/><T60/><D131/><U12/><E119/><V35/><F117/><W44/><G115/><N who="1" m="44074" /><E121/><V116/><F116/><W113/><G107/><T25/><D134/><U97/><E54/><V42/><F103/><W28/><G68/><T30/><D0/><U34/><E34/><V71/><F35/><W102/><G113/><T94/><D48/><U58/><E58/><V49/><F71/><W61/><G110/><T63/><REACH who="0" step="1"/><D64/><REACH who="0" ten="240,250,250,250" step="2"/><U7/><E7/><V56/><F1/><W87/><G6/><T37/><D37/><U130/><E130/><V23/><F32/><AGARI ba="0,1" hai="11,15,16,17,19,25,30,32,60,62,63,94,96,101" machi="32" ten="40,3900,0" yaku="1,1,54,1,53,0" doraHai="39" doraHaiUra="124" who="0" fromWho="2" sc="240,49,250,0,250,-39,250,0" /><INIT seed="0,1,0,3,1,16" ten="289,250,211,250" oya="0" hai0="37,100,133,14,113,22,6,15,60,78,75,5,35" hai1="125,80,65,25,99,10,1,85,55,81,98,76,74" hai2="123,95,32,36,69,79,118,46,73,105,103,33,88" hai3="58,92,29,102,126,115,9,56,3,82,131,44,129"/><T27/><D113/><U87/><E125/><V111/><F123/><W13/><G126/><T109/><D37/><U122/><E122/><V21/><F69/><W128/><G3/><T39/><D39/><U31/><E65/><V107/><F111/><W72/><G115/><T132/><D100/><U4/><E55/><V89/><F118/><W28/><G44/><T41/><D41/><U24/><E24/><V63/><F63/><W0/><G0/><T66/><D35/><U77/><REACH who="1" step="1"/><E74/><REACH who="1" ten="289,240,211,250" step="2"/><V134/><F73/><W42/><G129/><T130/><D130/><U110/><E110/><V121/><F121/><W71/><G128/><T86/><D75/><U124/><E124/><V49/><F134/><N who="0" m="51818" /><D109/><U62/><E62/><V53/><F53/><W23/><G72/><T34/><D60/><U127/><E127/><V57/><F107/><W59/><G131/><T40/><D66/><U54/><E54/><V20/><F105/><W12/><G42/><T97/><D40/><U19/><E19/><V93/><F46/><W108/><G108/><T17/><D17/><U94/><E94/><V50/><F93/><W2/><G92/><T45/><D27/><U120/><E120/><V112/><F95/><W114/><G114/><T104/><D45/><U7/><E7/><V18/><F112/><W101/><G101/><T61/><D5/><U64/><E64/><V117/><F18/><N who="3" m="10703" /><G102/><T47/><D47/><U68/><E68/><V30/><F103/><W43/><G71/><T119/><D104/><U8/><E8/><V84/><F30/><N who="3" m="11883" /><G43/><T96/><D6/><U38/><E38/><RYUUKYOKU ba="1,1" sc="289,-10,240,30,211,-10,250,-10" hai1="1,4,10,25,31,76,77,80,81,85,87,98,99" /><INIT seed="1,2,1,0,5,22" ten="279,270,201,240" oya="1" hai0="50,53,49,70,45,26,129,25,116,117,5,36,61" hai1="44,92,42,0,19,43,120,35,64,126,91,13,76" hai2="68,27,24,95,111,8,77,125,59,28,132,48,72" hai3="10,124,9,113,121,93,62,39,20,106,73,80,122"/><U108/><E120/><V81/><F68/><W115/><G39/><T82/><D36/><U15/><E0/><V127/><F111/><W51/><G106/><T56/><D129/><U84/><E126/><N who="2" m="48139" /><F132/><W23/><G124/><T67/><D5/><U3/><E3/><V7/><F28/><W71/><G93/><T105/><D105/><U119/><E119/><V18/><F18/><W100/><G100/><T40/><REACH who="0" step="1"/><D82/><REACH who="0" ten="269,270,201,240" step="2"/><N who="1" m="47175" /><E108/><V4/><F95/><W79/><G121/><T104/><D104/><U86/><E35/><V110/><F7/><W29/><G122/><T112/><D112/><U75/><E75/><V102/><F110/><W31/><G115/><T12/><D12/><U38/><E38/><V16/><F102/><W99/><G113/><T30/><D30/><U55/><E13/><N who="2" m="7207" /><F4/><W54/><G29/><T2/><D2/><U14/><E15/><V101/><F101/><W118/><G118/><AGARI ba="2,2" hai="25,26,40,45,49,50,53,56,61,67,70,116,117,118" machi="118" ten="40,5200,0" yaku="1,1,52,2,53,0" doraHai="22" doraHaiUra="133" who="0" fromWho="3" sc="269,78,270,0,201,0,240,-58" /><INIT seed="2,0,0,5,0,99" ten="347,270,201,182" oya="2" hai0="56,84,58,11,109,64,103,48,55,61,66,31,4" hai1="127,83,70,76,65,78,19,63,107,71,104,122,117" hai2="24,87,15,20,37,1,27,82,113,125,10,7,108" hai3="93,60,95,88,102,119,69,13,101,126,59,5,97"/><V9/><F113/><W49/><G119/><T36/><D109/><U134/><E117/><V16/><F37/><W114/><G114/><T50/><D36/><U32/><E32/><V35/><F125/><W133/><G126/><T100/><D31/><U129/><E127/><V96/><F35/><W39/><G39/><T45/><D84/><U57/><E129/><V21/><F96/><N who="3" m="57383" /><G69/><T116/><D116/><U77/><E134/><V112/><F112/><W124/><G124/><T67/><D48/><U115/><E115/><V51/><F51/><W73/><G73/><T6/><D6/><U79/><E19/><V25/><REACH who="2" step="1"/><F108/><REACH who="2" ten="347,270,191,182" step="2"/><W30/><G49/><T74/><D61/><U8/><E122/><V121/><F121/><W105/><G133/><T17/><D50/><U94/><E63/><V34/><F34/><W68/><G68/><T110/><D110/><U98/><E71/><V128/><F128/><W3/><G3/><T80/><D45/><U12/><E70/><V23/><F23/><W40/><G40/><T81/><D56/><U28/><E98/><V2/><F2/><W18/><G105/><T62/><D62/><U41/><E107/><V131/><F131/><W75/><G75/><T135/><D74/><U90/><E104/><V123/><F123/><W29/><G5/><T91/><D4/><U47/><E41/><V89/><AGARI ba="0,1" hai="1,7,9,10,15,16,20,21,24,25,27,82,87,89" machi="89" ten="30,18000,2" yaku="1,1,0,1,54,1,53,3" doraHai="99" doraHaiUra="22" who="2" fromWho="2" sc="347,-60,270,-60,191,190,182,-60" /><INIT seed="2,1,0,1,1,78" ten="287,210,381,122" oya="2" hai0="61,4,27,103,31,80,68,25,18,89,110,109,131" hai1="125,134,87,128,62,49,41,13,50,91,17,8,44" hai2="64,116,2,30,43,24,94,76,55,118,57,73,105" hai3="83,98,92,7,104,101,67,58,114,90,26,39,15"/><V112/><F105/><W37/><G114/><T46/><D131/><U108/><E108/><N who="0" m="41577" /><D4/><U65/><E134/><V56/><F2/><W1/><G1/><T19/><D103/><U124/><E128/><V48/><F112/><W81/><G37/><T5/><D5/><U77/><E77/><V135/><F43/><W96/><G39/><T40/><D68/><U82/><REACH who="1" step="1"/><E50/><REACH who="1" ten="287,200,381,122" step="2"/><V33/><F135/><W63/><REACH who="3" step="1"/><G26/><REACH who="3" ten="287,200,381,112" step="2"/><T100/><D25/><U97/><E97/><V20/><F24/><W132/><G132/><T75/><D27/><U120/><E120/><V70/><F30/><W115/><G115/><T107/><D31/><U52/><E52/><V16/><F55/><W86/><G86/><T74/><D74/><U123/><E123/><V119/><F73/><W38/><G38/><T99/><D75/><U54/><E54/><V130/><F130/><W3/><G3/><T121/><D121/><U72/><E72/><V9/><F116/><W0/><G0/><T23/><D99/><U60/><E60/><V14/><F118/><W71/><G71/><AGARI ba="1,2" hai="8,13,17,41,44,49,62,65,71,82,87,91,124,125" machi="71" ten="40,5200,0" yaku="1,1,52,1,53,1" doraHai="78" doraHaiUra="66" who="1" fromWho="3" sc="287,0,200,75,381,0,112,-55" /><INIT seed="3,0,0,4,5,0" ten="287,275,381,57" oya="3" hai0="78,77,8,68,134,115,111,130,128,24,34,86,23" hai1="73,50,55,21,80,76,18,84,25,119,26,88,127" hai2="9,103,4,17,41,81,95,99,98,100,96,6,11" hai3="97,46,59,110,27,15,122,38,114,104,45,42,112"/><W101/><G122/><T106/><D106/><U118/><E127/><V67/><F41/><W13/><G110/><T133/><D111/><U90/><E26/><V44/><F67/><W107/><G59/><T63/><D34/><U124/><E124/><V5/><F44/><W48/><G27/><T92/><D8/><N who="2" m="3146" /><F95/><W54/><REACH who="3" step="1"/><G107/><REACH who="3" ten="287,275,381,47" step="2"/><T83/><D24/><U58/><E73/><V49/><F49/><W102/><G102/><T12/><D130/><U108/><REACH who="1" step="1"/><E108/><REACH who="1" ten="287,265,381,47" step="2"/><V22/><F100/><W129/><G129/><T10/><D128/><U116/><AGARI ba="0,2" hai="18,21,25,50,55,58,76,80,84,88,90,116,118,119" machi="116" ten="30,12000,2" yaku="1,1,2,1,0,1,12,1,54,1,53,2" doraHai="0" doraHaiUra="85" who="1" fromWho="1" sc="287,-30,265,140,381,-30,47,-60" owari="257,-14.3,405,50.5,351,15.1,-13,-51.3" /></mjloggm>