<mjloggm ver="2.3"><GO type="225" lobby="0"/><UN n0="%72%61%6B%33" n1="%E3%81%B2%E3%81%BE%E3%81%A4%E3%81%B6%E3%81%97" n2="%E6%B4%BE%E9%81%A3%E3%81%AE%E3%82%B8%E3%83%A3%E3%83%83%E3%82%AF" n3="%E5%8D%A0%E3%81%84%E5%B8%AB%E8%A3%8F%E3%81%AA%E3%81%84%E3%81%97" dan="16,16,17,16" rate="2110.42,2140.79,2189.16,2119.63" sx="M,M,M,M"/><TAIKYOKU oya="0"/><INIT seed="0,0,0,2,4,24" ten="250,250,250,250" oya="0" hai0="82,94,50,36,129,31,78,38,37,99,29,83,93" hai1="104,14,90,55,59,100,70,135,66,102,26,8,97" hai2="96,57,131,122,88,114,107,79,60,22,134,34,5" hai3="121,72,33,108,117,74,71,133,45,32,58,0,118"/><T91/><D129/><U128/><E128/><V67/><F131/><W15/><G71/><T11/><D50/><U125/><E125/><V43/><F34/><W112/><G0/><T6/><D93/><U92/><E135/><V87/><F114/><W13/><G112/><T54/><D54/><U95/><E104/><V115/><F115/><W130/><G130/><T111/><D111/><U25/><E70/><V41/><F122/><W109/><G58/><T65/><D65/><U124/><E66/><V1/><F134/><W7/><G7/><T80/><REACH who="0" step="1"/><D78/><REACH who="0" ten="240,250,250,250" step="2"/><U4/><E124/><V42/><F79/><W17/><G133/><T56/><D56/><U116/><E116/><V28/><F107/><W119/><G119/><T132/><D132/><U123/><E123/><V84/><F43/><W73/><G121/><T2/><AGARI ba="0,1" hai="2,6,11,29,31,36,37,38,80,82,83,91,94,99" machi="2" ten="40,12000,1" yaku="1,1,0,1,52,2,53,0" doraHai="24" doraHaiUra="30" who="0" fromWho="0" sc="240,130,250,-40,250,-40,250,-40" /><INIT seed="0,1,0,0,4,41" ten="370,210,210,210" oya="0" hai0="134,53,125,96,111,26,121,78,87,70,94,75,115" hai1="130,48,64,56,9,35,100,112,49,3,0,102,55" hai2="126,95,37,101,31,28,10,99,11,73,118,54,122" hai3="27,82,89,129,47,76,133,93,29,60,103,5,131"/><T15/><D115/><U69/><E112/><V81/><F122/><W80/><G133/><T114/><D121/><U66/><E35/><V17/><F126/><W50/><G5/><T107/><D70/><U117/><E117/><V97/><F118/><W128/><G60/><T23/><D114/><U33/><E33/><V86/><F37/><W24/><G103/><T36/><D36/><U67/><E69/><V21/><F73/><W71/><G71/><T58/><D134/><U34/><E34/><V51/><F97/><N who="3" m="57519" /><G29/><N who="2" m="11337" /><F86/><N who="3" m="48391" /><G82/><T124/><D75/><U19/><E130/><N who="3" m="33282" /><W135/><DORA hai="7" /><G135/><T30/><D87/><U85/><E85/><V92/><F92/><W113/><G113/><T6/><D78/><U12/><REACH who="1" step="1"/><E48/><REACH who="1" ten="370,200,210,210" step="2"/><V38/><F38/><W83/><G83/><T18/><D125/><U14/><E14/><N who="2" m="9399" /><F81/><W59/><G59/><AGARI ba="1,1" hai="10,11,51,54,59,95,99,101" m="9399,11337" machi="59" ten="30,3900,0" yaku="8,1,52,2" doraHai="41,7" who="2" fromWho="3" sc="370,0,200,0,210,52,210,-42" /><INIT seed="1,0,0,4,3,101" ten="370,200,262,168" oya="1" hai0="124,31,69,14,25,73,103,13,121,48,82,100,7" hai1="42,104,91,51,77,78,68,12,26,53,29,16,92" hai2="81,9,62,1,47,5,72,106,61,85,35,43,8" hai3="22,45,46,66,65,41,126,18,94,32,123,34,122"/><U23/><E68/><V88/><F35/><W30/><G126/><T56/><D69/><U112/><E42/><V89/><F106/><W105/><G30/><T28/><D121/><U11/><E104/><V55/><F55/><W135/><G135/><T3/><D3/><U128/><E128/><V24/><F24/><W67/><G105/><T19/><D73/><U49/><E112/><V74/><F8/><W93/><G66/><T15/><D7/><U110/><E110/><V114/><F114/><W107/><G107/><T59/><D82/><U113/><E113/><V70/><F89/><W96/><G22/><N who="0" m="13535" /><D124/><U129/><E129/><V75/><REACH who="2" step="1"/><F70/><REACH who="2" ten="370,200,252,168" step="2"/><W50/><G41/><T125/><D125/><U40/><E40/><V116/><F116/><W102/><G102/><T115/><D115/><U37/><E37/><AGARI ba="0,1" hai="1,5,9,37,43,47,61,62,72,74,75,81,85,88" machi="37" ten="40,2600,0" yaku="1,1,54,1,53,0" doraHai="101" doraHaiUra="117" who="2" fromWho="1" sc="370,0,200,-26,252,36,168,0" /><INIT seed="2,0,0,4,2,108" ten="370,174,288,168" oya="2" hai0="34,126,97,113,21,132,0,1,74,20,99,135,60" hai1="63,69,50,15,39,40,111,81,45,28,68,134,130" hai2="58,57,100,55,37,76,102,33,91,23,62,5,118" hai3="94,49,84,121,90,54,67,53,110,61,78,107,77"/><V88/><F33/><W52/><G121/><T116/><D60/><U38/><E28/><V9/><F37/><N who="1" m="13833" /><E81/><V2/><F118/><W79/><G107/><T85/><D116/><U30/><E15/><V127/><F127/><W27/><G110/><T71/><D126/><U124/><E30/><V119/><F119/><W41/><G41/><T16/><D71/><N who="1" m="27211" /><E124/><V31/><F76/><W25/><REACH who="3" step="1"/><G49/><REACH who="3" ten="370,174,288,158" step="2"/><T65/><D132/><U103/><E111/><V12/><F62/><W48/><G48/><T6/><D135/><U46/><E134/><V64/><F2/><W80/><G80/><T73/><D0/><U82/><E82/><V75/><F75/><W7/><G7/><T117/><D1/><U29/><E130/><V112/><F5/><W4/><G4/><T106/><D6/><U26/><E40/><V95/><F95/><W56/><AGARI ba="0,1" hai="25,27,52,53,54,56,61,67,77,78,79,84,90,94" machi="56" ten="30,7900,0" yaku="1,1,0,1,8,1,54,1,53,0" doraHai="108" doraHaiUra="109" who="3" fromWho="3" sc="370,-20,174,-20,288,-39,158,89" /><INIT seed="3,0,0,3,5,118" ten="350,154,249,247" oya="3" hai0="66,6,87,32,0,64,60,86,56,70,20,63,91" hai1="47,15,18,17,28,34,67,82,99,122,116,90,102" hai2="76,134,46,10,37,75,93,38,16,50,127,40,13" hai3="117,36,58,59,132,51,33,7,45,105,21,35,24"/><W89/><G117/><T27/><D32/><U129/><E116/><V104/><F104/><W4/><G36/><T109/><D109/><U48/><E67/><V65/><F127/><W54/><G132/><T125/><D125/><U130/><E34/><V128/><F134/><W73/><G73/><T68/><D56/><N who="3" m="21545" /><G105/><T69/><D69/><U39/><E28/><V110/><F110/><W31/><G33/><T3/><D6/><N who="3" m="2089" /><G35/><T79/><D79/><U72/><E39/><V119/><F119/><W2/><G2/><T30/><D87/><U83/><E72/><V124/><F124/><W71/><G71/><T55/><D55/><U81/><E90/><AGARI ba="0,0" hai="21,24,31,45,51,54,89,90" m="2089,21545" machi="90" ten="30,1500,0" yaku="8,1" doraHai="118" who="3" fromWho="1" sc="350,0,154,-15,249,0,247,15" /><INIT seed="3,1,0,0,3,60" ten="350,139,249,262" oya="3" hai0="63,1,109,34,29,106,67,86,68,4,8,122,66" hai1="32,16,35,38,73,26,75,89,36,91,110,15,20" hai2="54,90,104,64,96,18,88,78,42,111,71,124,44" hai3="100,87,113,6,7,62,58,14,41,128,23,103,126"/><W25/><G113/><T83/><D122/><U102/><E110/><V77/><F111/><W121/><G121/><T31/><D109/><U2/><E102/><V81/><F124/><W9/><G128/><T47/><D106/><U56/><E75/><V101/><F54/><W70/><G70/><T49/><D67/><U120/><E73/><V93/><F18/><W133/><G6/><T59/><D34/><U55/><E120/><V99/><F90/><W114/><G133/><T94/><D94/><U131/><E131/><V12/><F12/><W116/><G116/><T119/><D68/><U5/><E38/><V37/><F81/><W30/><G114/><T50/><D50/><U11/><E36/><V105/><F105/><W52/><G126/><T95/><D95/><U85/><E35/><V13/><F13/><W80/><REACH who="3" step="1"/><G41/><REACH who="3" ten="350,139,249,252" step="2"/><T108/><D119/><U27/><E32/><V112/><F112/><W69/><G69/><T24/><D108/><U115/><E115/><V125/><F125/><W0/><G0/><T76/><D24/><U39/><E39/><V118/><F118/><W33/><G33/><T65/><D65/><U74/><E74/><V3/><F3/><W48/><G48/><T130/><D130/><U134/><E134/><V57/><F71/><W117/><G117/><T61/><D61/><U46/><E2/><V53/><F64/><W40/><G40/><AGARI ba="1,1" hai="1,4,8,29,31,40,47,49,59,63,66,76,83,86" machi="40" ten="30,2000,0" yaku="7,1,52,1" doraHai="60" who="0" fromWho="3" sc="350,33,139,0,249,0,252,-23" owari="383,48.3,139,-36.1,249,4.9,229,-17.1" /></mjloggm>