<mjloggm ver="2.3"><GO type="225" lobby="0"/><UN n0="%E5%8F%AF%E5%85%90%E9%82%A3%E7%94%B1%E5%A4%9A" n1="%72%61%6B%33" n2="%6D%75%75%6D%75%72%61" n3="%E6%B4%BE%E9%81%A3%E3%81%AE%E3%82%B8%E3%83%A3%E3%83%83%E3%82%AF" dan="16,17,16,16" rate="2201.70,2229.50,2156.39,2168.78" sx="F,M,F,M"/><TAIKYOKU oya="0"/><INIT seed="0,0,0,1,3,72" ten="250,250,250,250" oya="0" hai0="82,36,23,34,131,28,25,46,1,10,91,7,21" hai1="89,12,69,68,124,18,20,26,97,27,114,100,50" hai2="33,101,116,22,120,40,133,13,9,77,123,98,44" hai3="119,128,111,126,65,2,115,84,0,88,105,112,95"/><T66/><D131/><U110/><E110/><V87/><F33/><W38/><G38/><T54/><D66/><U81/><E124/><V53/><F133/><W127/><G105/><T56/><D91/><U121/><E121/><V117/><F53/><W52/><G111/><T61/><REACH who="0" step="1"/><D82/><REACH who="0" ten="240,250,250,250" step="2"/><U49/><E89/><V125/><F120/><W67/><G128/><T132/><D132/><U90/><E90/><V30/><F123/><W3/><G65/><T8/><D8/><U4/><E81/><N who="2" m="47535" /><F125/><N who="3" m="47627" /><G67/><T29/><D29/><U108/><E108/><V24/><F117/><W19/><G119/><T94/><D94/><U78/><E69/><V135/><F116/><W35/><G35/><T55/><D55/><U83/><E68/><V134/><F134/><W92/><G92/><T79/><D79/><U62/><E78/><V93/><F135/><W45/><G19/><T41/><AGARI ba="0,1" hai="1,7,10,21,23,25,28,34,36,41,46,54,56,61" machi="41" ten="30,3000,0" yaku="1,1,0,1,53,0" doraHai="72" doraHaiUra="118" who="0" fromWho="0" sc="240,40,250,-10,250,-10,250,-10" /><INIT seed="0,1,0,4,4,60" ten="280,240,240,240" oya="0" hai0="104,20,130,35,18,54,94,30,52,95,118,69,96" hai1="116,42,28,127,9,115,4,110,88,81,62,57,85" hai2="15,59,40,121,1,49,82,92,24,41,34,74,76" hai3="14,128,8,108,53,48,16,19,120,70,43,99,87"/><T103/><D118/><U64/><E110/><V3/><F1/><W45/><G108/><T6/><D130/><U107/><E116/><V2/><F121/><W27/><G128/><T133/><D133/><U51/><E127/><V106/><F106/><W12/><G120/><T117/><D117/><U134/><E134/><V39/><F39/><W10/><G99/><T58/><D69/><U113/><E107/><V67/><F15/><W50/><G70/><T97/><D6/><U63/><E28/><V66/><F92/><W80/><G27/><T101/><D104/><U132/><E132/><V126/><F126/><W125/><G125/><T86/><D35/><U78/><E62/><V37/><F37/><W5/><G5/><T89/><D30/><U112/><E51/><V124/><F124/><W135/><G135/><T44/><D44/><U79/><REACH who="1" step="1"/><E42/><REACH who="1" ten="280,230,240,240" step="2"/><V55/><F41/><W38/><REACH who="3" step="1"/><G53/><REACH who="3" ten="280,230,240,230" step="2"/><T73/><D54/><U17/><E17/><V129/><F129/><W32/><G32/><T7/><D7/><U131/><E131/><V90/><F55/><W36/><G36/><T68/><D52/><U29/><E29/><V13/><F40/><W56/><G56/><T23/><D58/><U91/><E91/><AGARI ba="1,2" hai="8,10,12,14,16,19,38,43,45,48,50,80,87,91" machi="91" ten="30,7700,0" yaku="1,1,7,1,9,1,54,1,53,0" doraHai="60" doraHaiUra="100" who="3" fromWho="1" sc="280,0,230,-80,240,0,230,100" /><INIT seed="1,0,0,0,1,2" ten="280,150,240,330" oya="1" hai0="65,35,30,34,73,61,108,118,90,22,117,62,21" hai1="60,52,74,56,63,26,91,43,32,81,58,85,31" hai2="92,19,71,15,93,44,24,123,113,104,1,114,125" hai3="68,95,53,97,45,78,99,50,64,110,105,86,28"/><U5/><E74/><V109/><F123/><W14/><G110/><T116/><D73/><U131/><E131/><V27/><F109/><W20/><G105/><T57/><D108/><U36/><E43/><V4/><F104/><W13/><G64/><T3/><D3/><U25/><E25/><V111/><F71/><W106/><G68/><T128/><D128/><U115/><E36/><V42/><F111/><W55/><G106/><T11/><D11/><U88/><E115/><N who="2" m="44043" /><F125/><W46/><G28/><T126/><D126/><U7/><E91/><V107/><F107/><W124/><G124/><T9/><D9/><U89/><E89/><V39/><F4/><W59/><G20/><T75/><D75/><U98/><REACH who="1" step="1"/><E98/><REACH who="1" ten="280,140,240,330" step="2"/><V37/><F37/><W82/><G97/><T129/><D129/><U18/><E18/><V17/><F17/><W69/><G99/><T135/><D90/><U96/><E96/><V29/><F1/><W76/><G76/><T112/><D112/><U16/><E16/><V133/><F27/><W103/><G78/><T47/><D117/><U41/><E41/><V134/><F24/><W130/><G130/><T79/><D118/><U23/><E23/><N who="2" m="11775" /><F29/><W80/><G14/><T119/><D79/><U100/><E100/><V33/><F33/><W102/><G13/><T12/><D12/><U70/><E70/><V120/><F120/><W121/><G69/><T38/><D119/><U132/><E132/><AGARI ba="0,1" hai="39,42,44,92,93,132,133,134" m="11775,44043" machi="132" ten="30,2000,0" yaku="20,1,11,1" doraHai="2" who="2" fromWho="1" sc="280,0,140,-20,240,30,330,0" /><INIT seed="2,0,0,3,2,38" ten="280,120,270,330" oya="2" hai0="128,61,94,47,29,35,80,18,87,22,42,99,72" hai1="76,109,23,13,77,50,55,69,100,134,4,58,127" hai2="43,54,102,96,65,71,115,126,66,84,7,124,120" hai3="1,2,114,122,32,73,85,44,33,135,67,11,5"/><V89/><F120/><W59/><G122/><T51/><D128/><U111/><E69/><V64/><F115/><W6/><G73/><T57/><D72/><U93/><E127/><N who="2" m="48683" /><F71/><W131/><G131/><T34/><D29/><U123/><E123/><V97/><F54/><W45/><G135/><T21/><D34/><U40/><E134/><V103/><F7/><W26/><G85/><T15/><D35/><U20/><E111/><V91/><F43/><W60/><G114/><T104/><D104/><U105/><E105/><N who="2" m="63687" /><F84/><W113/><G113/><T36/><D36/><U83/><E109/><V117/><F117/><W95/><G32/><T46/><D46/><U39/><E77/><V110/><F110/><W0/><G0/><T74/><D74/><U62/><E39/><V92/><AGARI ba="0,0" hai="64,65,66,89,91,92,97,103" m="63687,48683" machi="92" ten="30,1500,0" yaku="18,1" doraHai="38" who="2" fromWho="2" sc="280,-5,120,-5,270,15,330,-5" /><INIT seed="2,1,0,3,2,16" ten="275,115,285,325" oya="2" hai0="31,78,14,86,58,112,98,17,107,109,96,70,90" hai1="49,105,2,131,65,80,38,124,66,115,5,101,82" hai2="33,36,13,75,25,11,99,35,46,62,52,15,72" hai3="85,26,104,83,133,95,118,20,55,10,81,27,110"/><V6/><F15/><W28/><G104/><T93/><D112/><U74/><E38/><V45/><F99/><W91/><G110/><T0/><D70/><U4/><E115/><V24/><F36/><W67/><G133/><T121/><D121/><U7/><E2/><V44/><F25/><W128/><G67/><T21/><D0/><U122/><E122/><V56/><REACH who="2" step="1"/><F24/><REACH who="2" ten="275,115,275,325" step="2"/><W119/><G27/><N who="0" m="16879" /><D109/><U73/><E105/><V9/><F9/><W134/><G10/><N who="0" m="6359" /><D107/><U40/><E101/><V41/><F41/><W113/><G113/><T57/><D98/><U54/><E40/><V50/><F50/><W77/><G118/><T117/><D117/><U30/><E30/><V114/><F114/><W63/><G119/><T123/><D123/><U53/><E49/><V61/><F61/><W47/><G63/><T69/><D69/><U132/><E132/><V68/><F68/><W48/><G134/><T88/><D78/><U126/><REACH who="1" step="1"/><E7/><REACH who="1" ten="275,105,275,325" step="2"/><V32/><AGARI ba="1,2" hai="6,11,13,32,33,35,44,45,46,52,56,62,72,75" machi="32" ten="40,7800,0" yaku="1,1,0,1,54,1,53,0" doraHai="16" doraHaiUra="102" who="2" fromWho="2" sc="275,-27,105,-27,275,101,325,-27" /><INIT seed="2,2,0,0,5,87" ten="248,78,376,298" oya="2" hai0="42,100,119,95,68,71,31,120,67,78,8,123,32" hai1="117,134,61,58,19,14,109,16,1,15,72,102,10" hai2="122,9,52,27,0,25,88,127,94,34,57,18,70" hai3="40,59,103,44,50,49,46,66,28,24,26,69,128"/><V37/><F122/><W133/><G128/><T97/><D119/><U135/><E117/><V125/><F70/><W124/><G133/><T63/><D71/><U115/><E115/><V90/><F37/><W84/><G124/><N who="2" m="47689" /><F34/><W23/><G103/><T83/><D42/><U36/><E36/><V79/><F79/><W121/><G121/><T39/><D39/><U110/><E72/><V21/><F27/><N who="3" m="16511" /><G69/><T99/><D8/><U38/><E38/><V4/><F94/><W96/><G96/><T3/><D99/><U98/><E1/><V47/><F47/><W60/><G84/><T64/><D64/><U130/><E130/><V17/><F17/><W114/><G114/><T2/><D123/><U7/><E135/><V12/><F0/><W45/><G45/><T131/><D131/><U41/><E134/><V92/><F92/><W113/><G113/><T51/><D120/><U86/><E86/><V29/><F29/><W80/><G80/><T65/><D65/><U6/><E6/><V30/><F30/><W54/><AGARI ba="2,0" hai="24,26,40,44,46,49,50,54,59,60,66" m="16511" machi="54" ten="30,1100,0" yaku="8,1" doraHai="87" who="3" fromWho="3" sc="248,-5,78,-5,376,-7,298,17" /><INIT seed="3,0,0,2,5,56" ten="243,73,369,315" oya="3" hai0="44,65,100,64,41,118,35,129,1,122,43,70,14" hai1="50,21,54,63,10,111,30,85,121,103,0,109,97" hai2="72,47,102,4,39,131,23,124,2,66,36,99,114" hai3="61,116,28,76,88,108,33,77,27,22,11,38,80"/><W29/><G116/><T135/><D1/><U98/><E121/><V32/><F114/><W81/><G38/><T125/><D35/><U40/><E40/><V24/><F72/><W130/><G130/><T7/><D100/><U37/><E37/><V12/><F32/><W46/><G46/><T94/><D94/><U96/><E103/><V6/><F2/><W31/><G11/><T90/><D90/><U18/><E30/><V42/><F124/><W45/><G45/><T89/><D89/><U112/><E112/><V123/><F131/><W87/><G108/><T79/><D79/><N who="3" m="30281" /><G33/><T86/><D7/><U17/><E85/><V73/><F73/><W49/><G49/><T5/><D86/><U26/><E50/><V104/><F123/><W15/><G15/><T62/><D14/><U60/><E54/><V105/><F105/><W58/><G80/><T101/><D5/><U83/><E83/><V8/><F39/><W3/><G3/><T51/><D122/><U19/><E0/><V74/><F74/><W132/><G132/><T120/><D120/><U115/><E115/><V128/><F128/><W134/><G134/><T82/><D135/><U113/><E113/><V93/><F104/><W59/><G59/><T107/><D129/><U16/><REACH who="1" step="1"/><E10/><REACH who="1" ten="243,63,369,315" step="2"/><V127/><F36/><W78/><G78/><T48/><D82/><U92/><E92/><V126/><F126/><W53/><AGARI ba="0,1" hai="22,27,28,29,31,53,58,61,81,87,88" m="30281" machi="53" ten="30,6000,0" yaku="8,1,52,1,54,1" doraHai="56" who="3" fromWho="3" sc="243,-20,63,-20,369,-20,315,70" owari="223,-17.7,43,-45.7,349,14.9,385,48.5" /></mjloggm>