<mjloggm ver="2.3"><GO type="225" lobby="0"/><UN n0="%E3%81%8C%E3%81%9F" n1="%72%69%6F%75%63%68%61%6E" n2="%E3%81%A1%E3%82%85%E3%81%86%E3%81%A9%E3%81%8F%E8%B1%A1%E3%81%95%E3%82%93" n3="%6B%79%6F%6E%6B%6F%31%31" dan="16,16,16,17" rate="2117.91,2151.27,2171.03,2213.63" sx="F,M,M,M"/><TAIKYOKU oya="0"/><INIT seed="0,0,0,0,2,84" ten="250,250,250,250" oya="0" hai0="25,103,86,55,26,124,45,109,32,115,0,8,68" hai1="123,61,101,132,10,15,96,18,126,79,37,90,88" hai2="107,67,95,21,49,23,130,33,27,75,52,11,134" hai3="77,42,13,64,53,74,73,135,121,3,51,119,28"/><T108/><D115/><U1/><E123/><V127/><F107/><W39/><G3/><T62/><D124/><U122/><E122/><V16/><F75/><W56/><G121/><T58/><D103/><U50/><E37/><V82/><F127/><W81/><G119/><T63/><D45/><U12/><E126/><V38/><F38/><W111/><G111/><N who="0" m="42571" /><D32/><U100/><E1/><V46/><F130/><W85/><G135/><T105/><D105/><U128/><E128/><V114/><F114/><W102/><G102/><N who="1" m="39530" /><E132/><V14/><F134/><W4/><G28/><T117/><D117/><U48/><E79/><V35/><F67/><W93/><G64/><N who="0" m="40983" /><D86/><U30/><E30/><V129/><F129/><W40/><G39/><T72/><D72/><U9/><E61/><V66/><F66/><W118/><G118/><T78/><D78/><U71/><E71/><V34/><F95/><W120/><G120/><T106/><D106/><U22/><E96/><V131/><F131/><W6/><G74/><T29/><D29/><U133/><E133/><V60/><F60/><W43/><G73/><T54/><D55/><U92/><E9/><V104/><F104/><W112/><G112/><T47/><D47/><U113/><E113/><V59/><F46/><W44/><G44/><T31/><D31/><U97/><E90/><V116/><F116/><W87/><G77/><T69/><D69/><U57/><E57/><V110/><F110/><W76/><G56/><T94/><D94/><U19/><AGARI ba="0,0" hai="10,12,15,18,19,22,48,50,88,92,97" m="39530" machi="19" ten="30,4000,0" yaku="8,1,52,1,54,1" doraHai="84" who="1" fromWho="1" sc="250,-20,250,40,250,-10,250,-10" /><INIT seed="1,0,0,3,5,97" ten="230,290,240,240" oya="1" hai0="119,73,28,72,23,46,33,125,51,61,34,66,123" hai1="40,80,77,78,59,129,58,70,20,98,11,99,109" hai2="114,63,56,6,91,26,75,81,19,79,130,121,131" hai3="96,18,107,120,106,117,95,124,41,31,38,62,105"/><U94/><E70/><V24/><F121/><W82/><G120/><T4/><D123/><U48/><E129/><N who="2" m="49163" /><F114/><W60/><G124/><T88/><D119/><U2/><E109/><V84/><F6/><W7/><G117/><T90/><D125/><U113/><E113/><V110/><F110/><W0/><G31/><T67/><D4/><U3/><E20/><V10/><F10/><W93/><G93/><T22/><D51/><U89/><E99/><V15/><F15/><W27/><G82/><T45/><REACH who="0" step="1"/><D28/><REACH who="0" ten="220,290,240,240" step="2"/><U5/><E2/><V69/><F19/><W53/><G7/><T74/><D74/><U76/><REACH who="1" step="1"/><E80/><REACH who="1" ten="220,280,240,240" step="2"/><N who="2" m="49543" /><F69/><W39/><G0/><T43/><D43/><U50/><E50/><V13/><F81/><W85/><G41/><T104/><D104/><U47/><AGARI ba="0,2" hai="3,5,11,40,47,48,58,59,76,77,78,89,94,98" machi="47" ten="30,3000,0" yaku="1,1,0,1,53,0" doraHai="97" doraHaiUra="71" who="1" fromWho="1" sc="220,-10,280,50,240,-10,240,-10" /><INIT seed="1,1,0,5,4,78" ten="210,330,230,230" oya="1" hai0="15,101,20,60,38,75,46,72,1,43,48,37,87" hai1="67,25,14,115,135,91,18,126,76,134,34,28,86" hai2="56,30,35,121,85,119,89,116,123,77,99,36,81" hai3="100,54,6,106,83,9,65,16,44,64,103,114,95"/><U26/><E115/><V68/><F36/><W125/><G114/><T92/><D1/><U21/><E126/><V84/><F68/><W39/><G106/><T29/><D38/><U53/><E67/><V107/><F56/><W112/><G112/><T73/><D37/><U118/><E118/><N who="2" m="45099" /><F30/><W19/><G125/><T4/><D60/><U50/><E76/><V108/><F35/><W3/><G95/><T27/><D4/><U17/><E17/><V24/><F24/><W52/><G83/><T109/><D15/><U94/><REACH who="1" step="1"/><E25/><REACH who="1" ten="210,320,230,230" step="2"/><V98/><F108/><W69/><G65/><T0/><D109/><U23/><E23/><V57/><F57/><AGARI ba="1,1" hai="14,18,21,26,28,34,50,53,57,86,91,94,134,135" machi="57" ten="40,12000,1" yaku="1,1,25,2,53,1" doraHai="78" doraHaiUra="47" who="1" fromWho="2" sc="210,0,320,133,230,-123,230,0" /><INIT seed="1,2,0,0,1,118" ten="210,453,107,230" oya="1" hai0="34,99,81,20,133,114,5,4,89,83,71,18,110" hai1="129,48,101,79,11,117,56,40,93,12,35,91,0" hai2="68,53,104,113,63,55,30,130,25,54,36,124,112" hai3="66,119,64,134,84,127,26,109,100,73,69,19,131"/><U111/><E117/><V96/><F36/><W94/><G73/><T33/><D114/><U126/><E129/><V74/><F74/><W27/><G119/><T14/><D71/><U58/><E126/><V92/><F124/><W31/><G127/><T108/><D133/><U115/><E115/><V132/><F132/><W65/><G134/><T45/><D45/><U85/><E111/><N who="0" m="42537" /><D99/><U10/><E35/><N who="0" m="13321" /><D89/><U120/><E120/><V23/><F130/><W52/><G69/><T47/><D47/><U43/><E101/><V9/><F104/><W72/><G72/><T15/><D83/><U103/><E103/><V39/><F39/><W32/><G131/><T46/><D81/><U17/><E79/><V77/><F77/><W116/><G116/><T1/><D46/><U38/><E38/><V82/><F82/><W41/><G41/><T49/><D49/><U44/><REACH who="1" step="1"/><E40/><REACH who="1" ten="210,443,107,230" step="2"/><V78/><F78/><W123/><G109/><T80/><D1/><U98/><E98/><V128/><F128/><W3/><G100/><T57/><D5/><AGARI ba="2,1" hai="0,5,10,11,12,17,43,44,48,56,58,85,91,93" machi="5" ten="40,3900,0" yaku="1,1,53,1" doraHai="118" doraHaiUra="37" who="1" fromWho="0" sc="210,-45,443,55,107,0,230,0" /><INIT seed="1,3,0,3,3,95" ten="165,498,107,230" oya="1" hai0="2,14,85,106,135,28,88,55,97,42,82,41,104" hai1="30,81,118,108,44,114,7,5,34,102,107,39,96" hai2="126,127,124,78,64,92,6,40,121,112,65,72,11" hai3="94,33,51,89,131,49,48,23,69,27,76,113,83"/><U1/><E114/><V132/><F121/><W60/><G131/><T29/><D2/><U129/><E118/><V101/><F132/><W16/><G113/><T12/><D135/><U71/><E129/><V73/><F112/><W24/><G69/><T61/><D104/><U13/><E1/><V117/><F117/><W57/><G33/><T130/><D130/><U80/><E108/><V58/><F40/><N who="0" m="15466" /><D106/><U3/><E3/><V46/><F46/><W4/><G4/><T36/><D36/><U43/><E71/><V99/><F78/><W37/><G37/><T87/><D97/><U115/><E115/><V122/><F122/><W68/><G68/><T93/><D55/><U54/><E54/><V111/><F111/><W125/><G125/><T19/><D61/><U59/><E59/><V98/><F58/><W15/><G83/><T56/><D56/><U0/><E0/><V120/><F120/><W116/><G76/><N who="0" m="46279" /><D14/><U123/><E123/><V45/><F45/><W32/><G32/><T50/><D50/><U10/><REACH who="1" step="1"/><E7/><REACH who="1" ten="165,488,107,230" step="2"/><V62/><F64/><N who="3" m="38927" /><G116/><T105/><D105/><U74/><E74/><V47/><F65/><W91/><G91/><T86/><D86/><AGARI ba="3,1" hai="15,16,23,24,27,48,49,51,86,89,94" m="38927" machi="86" ten="30,2000,0" yaku="8,1,54,1" doraHai="95" who="3" fromWho="0" sc="165,-29,488,0,107,0,230,39" /><INIT seed="2,0,0,4,4,50" ten="136,488,107,269" oya="2" hai0="28,6,116,23,106,13,27,65,101,21,74,62,2" hai1="37,10,31,133,47,98,55,75,123,85,126,72,7" hai2="129,25,43,121,135,70,83,94,124,56,22,128,5" hai3="59,96,52,8,92,61,114,12,18,42,71,95,132"/><V60/><F121/><W9/><G132/><T20/><D74/><U41/><E133/><V87/><F135/><W97/><G114/><T76/><D76/><U122/><E126/><V105/><F105/><W77/><G71/><T29/><D116/><U64/><E64/><V73/><F124/><W113/><G113/><T53/><D53/><U91/><E31/><N who="2" m="17847" /><F70/><W118/><G118/><T11/><D2/><N who="1" m="375" /><E55/><N who="2" m="33823" /><F5/><W54/><G42/><T46/><D46/><U30/><E98/><N who="3" m="37994" /><G77/><T127/><D106/><U32/><E30/><V40/><F73/><W115/><G8/><T69/><D127/><U63/><E63/><V33/><F33/><W104/><G104/><T16/><D101/><U120/><E32/><V51/><F94/><AGARI ba="0,0" hai="37,41,47,72,75,85,91,94,120,122,123" m="375" machi="94" ten="30,1000,0" yaku="13,1" doraHai="50" who="1" fromWho="2" sc="136,0,488,10,107,-10,269,0" /><INIT seed="3,0,0,3,5,130" ten="136,498,97,269" oya="3" hai0="72,23,119,70,95,93,19,85,99,66,60,10,16" hai1="80,105,108,20,41,76,94,17,69,65,111,49,4" hai2="116,51,0,6,12,124,59,75,82,73,48,103,24" hai3="132,97,42,78,36,58,92,50,123,43,37,126,71"/><W63/><G123/><T67/><D72/><U8/><E105/><V14/><F116/><W101/><G126/><T96/><D119/><U11/><E94/><V90/><F124/><W107/><G71/><T2/><D85/><N who="1" m="48263" /><E65/><V45/><F103/><W46/><G78/><T135/><D60/><U9/><E69/><V28/><F0/><W100/><G132/><T40/><D19/><U5/><E49/><V27/><F59/><W113/><G113/><T131/><D23/><U15/><E41/><V122/><F122/><W87/><G43/><T112/><D96/><U115/><E115/><V83/><F90/><W55/><REACH who="3" step="1"/><G101/><REACH who="3" ten="136,498,97,259" step="2"/><T44/><D112/><U53/><E53/><V30/><REACH who="2" step="1"/><F45/><REACH who="2" ten="136,498,87,259" step="2"/><W57/><G57/><T91/><D44/><U118/><E118/><V31/><F31/><W133/><G133/><T129/><D135/><U86/><E108/><V121/><F121/><W62/><G62/><T39/><D70/><U134/><E111/><V81/><F81/><W117/><G117/><T120/><D120/><U114/><E134/><V21/><F21/><W38/><G38/><T33/><D39/><U13/><E114/><V7/><AGARI ba="0,2" hai="6,7,12,14,24,27,28,30,48,51,73,75,82,83" machi="7" ten="25,12000,2" yaku="1,1,0,1,22,2,53,2" doraHai="130" doraHaiUra="77" who="2" fromWho="2" sc="136,-30,498,-30,87,140,259,-60" owari="106,-39.4,468,56.8,227,2.7,199,-20.1" /></mjloggm>