<mjloggm ver="2.3"><GO type="225" lobby="0"/><UN n0="%E6%97%A5%E6%9B%9C%E6%97%A5%E3%82%88%E3%82%8A%E3%81%AE%E4%BD%BF%E8%80%85" n1="%E3%81%B2%E3%81%AA%E3%81%AE%E3%82%8A%E3%81%8F" n2="%6D%75%75%6D%75%72%61" n3="%E3%81%BE%E3%81%A8%E3%81%9F" dan="17,17,16,16" rate="2158.39,2171.05,2150.52,2169.80" sx="M,M,F,M"/><TAIKYOKU oya="0"/><INIT seed="0,0,0,2,0,75" ten="250,250,250,250" oya="0" hai0="90,33,1,2,135,31,107,48,69,15,85,97,59" hai1="81,51,125,45,6,106,131,3,110,18,55,58,93" hai2="91,14,109,116,42,128,67,122,40,111,130,83,66" hai3="79,32,47,29,95,89,65,12,61,94,39,119,27"/><T77/><D69/><U99/><E110/><N who="2" m="41995" /><F122/><W103/><G119/><T24/><D135/><U21/><E106/><V80/><F116/><W117/><G39/><T105/><D15/><U86/><E131/><N who="2" m="50219" /><F91/><W11/><G47/><T113/><D113/><U78/><E125/><V87/><F87/><W73/><G103/><T123/><D123/><U9/><E45/><V37/><F37/><W28/><G28/><T25/><D25/><U46/><E46/><V129/><F14/><W98/><G73/><T7/><D90/><U41/><E41/><N who="2" m="15979" /><F129/><W133/><G117/><T53/><D97/><U0/><E0/><V127/><F127/><W92/><G133/><T108/><D108/><U120/><E120/><V52/><F52/><W60/><G79/><T16/><D1/><U17/><REACH who="1" step="1"/><E21/><REACH who="1" ten="250,240,250,250" step="2"/><V43/><F43/><W68/><REACH who="3" step="1"/><G61/><REACH who="3" ten="250,240,250,240" step="2"/><T126/><D126/><U70/><E70/><V96/><F96/><W124/><G124/><T134/><D134/><U36/><E36/><V44/><F44/><W100/><G100/><AGARI ba="0,2" hai="3,6,9,17,18,51,55,58,78,81,86,93,99,100" machi="100" ten="30,8000,1" yaku="1,1,7,1,52,1,53,2" doraHai="75" doraHaiUra="13" who="1" fromWho="3" sc="250,0,240,100,250,0,240,-80" /><INIT seed="1,0,0,2,3,23" ten="250,340,250,160" oya="1" hai0="74,35,105,63,24,1,127,11,77,122,93,90,83" hai1="46,59,42,8,82,88,135,27,48,21,115,32,101" hai2="34,64,80,51,97,5,130,41,33,49,37,30,100" hai3="61,20,116,10,17,91,25,55,9,13,131,120,66"/><U22/><E115/><V0/><F130/><W102/><G120/><T99/><D127/><U38/><E135/><V86/><F64/><W65/><G131/><T108/><D108/><U104/><E104/><V103/><F37/><W112/><G112/><T118/><D118/><U134/><E134/><V85/><F0/><W124/><G124/><T106/><D122/><U129/><E101/><V98/><F5/><W31/><G116/><T18/><D63/><U7/><E129/><V128/><F128/><W69/><G102/><T43/><D43/><U117/><E117/><V3/><F3/><W47/><G66/><T96/><D96/><U2/><E22/><V6/><F6/><W126/><G126/><T60/><D60/><U45/><E32/><V75/><F41/><W81/><G10/><T19/><D1/><U94/><E59/><V79/><F80/><W67/><G69/><T36/><D36/><U58/><E58/><V84/><F84/><N who="3" m="50575" /><G61/><T28/><REACH who="0" step="1"/><D11/><REACH who="0" ten="240,340,250,160" step="2"/><U50/><E38/><V16/><F98/><W29/><G29/><T12/><D12/><U4/><E8/><V76/><F97/><W133/><G133/><T123/><D123/><U114/><E2/><V111/><F30/><W26/><G26/><T54/><D54/><U71/><E114/><V92/><F111/><W39/><G39/><T89/><D89/><U57/><E71/><V14/><F14/><W40/><G40/><T62/><D62/><U110/><E42/><V113/><F113/><W53/><G55/><T52/><D52/><U95/><E110/><V78/><F103/><W107/><G107/><AGARI ba="0,1" hai="18,19,24,28,35,74,77,83,90,93,99,105,106,107" machi="107" ten="40,5200,0" yaku="1,1,6,1,52,1,53,0" doraHai="23" doraHaiUra="56" who="0" fromWho="3" sc="240,62,340,0,250,0,160,-52" /><INIT seed="2,0,0,2,1,126" ten="302,340,250,108" oya="2" hai0="72,125,128,57,83,60,96,38,82,97,109,32,90" hai1="124,112,106,51,35,76,46,110,19,94,9,23,80" hai2="39,62,28,104,22,14,68,55,1,58,40,87,65" hai3="67,16,41,54,43,93,71,56,117,7,12,105,86"/><V70/><F1/><W8/><G105/><T37/><D32/><U134/><E106/><V95/><F104/><W2/><G117/><T61/><D125/><U29/><E112/><V30/><F39/><W123/><G123/><T42/><D42/><U63/><E124/><V107/><F107/><W78/><G71/><T33/><D33/><U4/><E110/><V85/><F40/><W36/><G67/><T73/><D57/><U127/><E127/><V75/><F75/><W24/><G36/><T0/><D0/><U81/><E29/><V114/><F114/><W79/><G24/><T118/><D90/><U133/><E94/><V132/><F132/><N who="1" m="50793" /><E63/><V10/><F95/><W44/><G44/><T116/><D109/><U21/><E35/><V129/><F62/><W31/><G31/><T52/><D52/><N who="1" m="29815" /><E19/><V50/><F65/><W59/><G59/><T20/><D20/><N who="1" m="7755" /><E76/><V122/><F22/><W45/><G43/><T47/><D47/><U69/><E69/><V130/><F58/><W6/><G45/><T64/><D64/><U101/><E101/><V11/><F55/><W66/><G41/><T13/><D13/><AGARI ba="0,0" hai="4,9,13,80,81" m="7755,29815,50793" machi="13" ten="30,2000,0" yaku="20,1,54,1" doraHai="126" who="1" fromWho="0" sc="302,-20,340,20,250,0,108,0" /><INIT seed="3,0,0,3,5,113" ten="282,360,250,108" oya="3" hai0="54,28,25,0,122,81,94,47,107,117,34,56,114" hai1="115,21,24,50,5,123,39,8,32,14,102,103,35" hai2="20,79,90,62,7,105,48,92,120,125,86,129,78" hai3="70,16,66,69,65,51,42,17,108,93,46,9,23"/><W104/><G104/><T96/><D122/><U18/><E39/><V27/><F120/><W116/><G108/><T76/><D0/><U37/><E37/><V45/><F129/><W22/><G9/><T75/><D114/><U33/><E115/><V133/><F125/><W72/><G72/><T4/><D4/><U111/><E111/><V100/><F133/><W87/><G116/><T91/><D107/><U110/><E110/><V15/><F105/><W83/><G93/><T40/><D40/><U58/><E123/><V89/><F100/><W19/><G70/><T13/><D13/><U88/><E88/><V10/><F62/><W71/><G69/><T112/><D47/><U43/><E43/><V121/><F90/><W134/><G134/><T77/><D77/><U130/><E130/><V97/><F97/><W127/><G127/><T57/><D112/><U109/><E109/><V36/><F36/><W85/><G71/><T64/><D64/><U38/><E38/><V99/><F99/><W53/><G42/><T82/><D82/><U60/><REACH who="1" step="1"/><E50/><REACH who="1" ten="282,350,250,108" step="2"/><V49/><F121/><W26/><G85/><T52/><REACH who="0" step="1"/><D117/><REACH who="0" ten="272,350,250,108" step="2"/><U63/><E63/><V11/><F11/><W41/><G41/><T6/><D6/><U80/><E80/><V44/><F78/><W74/><G74/><T68/><D68/><U31/><E31/><N who="2" m="17895" /><F79/><N who="3" m="46591" /><G19/><T55/><AGARI ba="0,2" hai="25,28,34,52,54,55,56,57,75,76,81,91,94,96" machi="55" ten="30,4000,0" yaku="1,1,0,1,54,1,53,0" doraHai="113" doraHaiUra="132" who="0" fromWho="0" sc="272,60,350,-10,250,-10,108,-20" owari="332,13.2,340,44.0,240,-16.0,88,-41.2" /></mjloggm>