<mjloggm ver="2.3"><GO type="225" lobby="0"/><UN n0="%E6%B8%A9%E2%98%85%E6%83%85%E2%98%85%E6%8E%AA%E2%98%85%E7%BD%AE" n1="%E7%B4%94%E6%BD%94%E3%83%94%E3%83%A9%E3%83%8B%E3%82%A2" n2="%E3%82%A2%E3%82%A4%E3%82%B9%E3%83%86%E3%82%A3%E3%83%BC%E3%81%82%E3%81%B9" n3="%E6%9D%B1%E9%A2%A8%E3%81%AE%E3%81%8D%E3%82%83%E3%81%B7%E3%81%95%E3%82%93" dan="17,16,16,16" rate="2197.95,2144.11,2096.80,2214.26" sx="M,M,M,M"/><TAIKYOKU oya="0"/><INIT seed="0,0,0,2,0,28" ten="250,250,250,250" oya="0" hai0="102,1,90,7,35,96,135,45,122,83,72,55,21" hai1="34,70,49,11,125,73,115,123,40,26,65,57,79" hai2="46,112,121,110,32,56,103,134,80,6,86,100,89" hai3="130,10,16,38,81,27,82,8,14,76,29,126,66"/><T120/><D135/><U37/><E11/><V74/><F110/><W92/><G38/><T116/><D116/><U59/><E59/><V31/><F121/><W42/><G42/><T4/><D35/><U99/><E99/><V98/><F112/><W118/><G66/><T54/><D21/><U9/><E9/><V52/><F74/><W64/><G8/><T12/><D1/><U95/><E95/><V132/><F6/><W97/><G126/><T124/><D124/><U107/><E57/><V87/><F46/><W0/><G0/><T2/><D2/><U36/><E49/><V84/><F87/><W61/><G76/><T127/><D127/><U67/><E67/><V63/><F86/><W109/><G130/><T77/><D90/><U111/><E40/><V114/><F114/><W60/><G109/><T101/><D12/><U25/><E25/><V15/><F15/><W23/><G118/><T41/><D102/><U119/><E26/><V94/><REACH who="2" step="1"/><F103/><REACH who="2" ten="250,250,240,250" step="2"/><W53/><G14/><T3/><D3/><U19/><E111/><V30/><F30/><W117/><G29/><T48/><D4/><U50/><E73/><V5/><F5/><W68/><G117/><T75/><D7/><U106/><E119/><V33/><F33/><W91/><G10/><T104/><REACH who="0" step="1"/><D75/><REACH who="0" ten="240,250,240,250" step="2"/><U43/><E125/><V58/><F58/><AGARI ba="0,2" hai="16,23,27,53,58,60,61,64,68,81,82,91,92,97" machi="58" ten="40,5200,0" yaku="25,2,54,1" doraHai="28" who="3" fromWho="2" sc="240,0,250,0,240,-52,250,72" /><INIT seed="1,0,0,2,1,104" ten="240,250,188,322" oya="1" hai0="29,108,72,128,15,94,64,7,45,41,127,107,123" hai1="134,34,75,37,88,77,106,48,17,114,90,101,67" hai2="23,1,25,125,78,115,22,60,87,61,55,98,33" hai3="50,13,11,19,69,91,18,5,76,80,57,54,35"/><U30/><E114/><V53/><F1/><W109/><G69/><T21/><D107/><U95/><E37/><V8/><F115/><W129/><G35/><T31/><D72/><U2/><E2/><V66/><F33/><W89/><G129/><T9/><D128/><U47/><E134/><V4/><F125/><W93/><G109/><T38/><D127/><U44/><E90/><V24/><F98/><W68/><G68/><T116/><D116/><U135/><E135/><V40/><F40/><W124/><G124/><T84/><D108/><U49/><E67/><V14/><F78/><W79/><G89/><T43/><D123/><U82/><E17/><N who="3" m="6154" /><G80/><T63/><D21/><N who="2" m="7690" /><F87/><AGARI ba="0,0" hai="5,11,13,50,54,57,76,79,87,91,93" m="6154" machi="87" ten="30,1000,0" yaku="8,1" doraHai="104" who="3" fromWho="2" sc="240,0,250,0,188,-10,322,10" /><INIT seed="2,0,0,4,3,66" ten="240,250,178,332" oya="2" hai0="39,69,12,21,127,70,101,48,35,32,54,16,50" hai1="109,49,47,4,81,3,56,99,64,24,118,2,20" hai2="31,19,11,80,22,36,131,104,78,97,116,111,93" hai3="55,40,115,59,45,75,53,85,18,42,90,43,79"/><V89/><F116/><W58/><G115/><T119/><D39/><U26/><E118/><V27/><F36/><W126/><G126/><T57/><D119/><U135/><E109/><V28/><F131/><W0/><G0/><T128/><D127/><U67/><E26/><V51/><F111/><W114/><G79/><T62/><D128/><U71/><E135/><V107/><F51/><W91/><G75/><T112/><D112/><U7/><E81/><V120/><F120/><W63/><G18/><T46/><D101/><U33/><E33/><V124/><F124/><W41/><G85/><T122/><D122/><U76/><E76/><V87/><REACH who="2" step="1"/><F11/><REACH who="2" ten="240,250,168,332" step="2"/><W117/><G117/><T95/><D50/><U6/><E49/><V23/><F23/><W94/><G114/><T25/><D35/><U17/><E20/><V121/><F121/><W88/><G45/><T38/><D32/><U52/><E47/><V84/><F84/><N who="3" m="52487" /><G41/><T105/><D38/><U37/><E37/><V130/><F130/><W30/><G42/><T125/><D125/><U44/><E44/><V106/><AGARI ba="0,1" hai="19,22,27,28,31,78,80,87,89,93,97,104,106,107" machi="106" ten="30,3000,0" yaku="1,1,0,1,53,0" doraHai="66" doraHaiUra="34" who="2" fromWho="2" sc="240,-10,250,-10,168,40,332,-10" /><INIT seed="2,1,0,1,2,71" ten="230,240,208,322" oya="2" hai0="88,61,73,49,84,119,117,11,65,60,108,85,97" hai1="124,52,26,86,9,12,66,25,47,37,57,111,76" hai2="41,16,134,127,45,104,103,43,24,22,48,13,118" hai3="89,128,3,82,54,106,126,39,1,93,6,94,109"/><V36/><F127/><W27/><G106/><T44/><D108/><U35/><E111/><V99/><F134/><W121/><G128/><T18/><D73/><U120/><E124/><V4/><F118/><N who="0" m="45066" /><D97/><U115/><E115/><V10/><REACH who="2" step="1"/><F43/><REACH who="2" ten="230,240,198,322" step="2"/><W38/><G126/><T46/><D61/><U107/><E120/><V92/><F92/><W125/><G121/><T30/><D30/><U96/><E107/><V0/><F0/><W15/><G125/><T135/><D135/><U87/><E96/><V58/><F58/><W31/><G94/><N who="0" m="54535" /><D49/><AGARI ba="1,1" hai="4,10,13,16,22,24,36,41,45,48,49,99,103,104" machi="49" ten="40,7700,0" yaku="1,1,52,1,54,1,53,0" doraHai="71" doraHaiUra="131" who="2" fromWho="0" sc="230,-80,240,0,198,90,322,0" /><INIT seed="2,2,0,4,0,74" ten="150,240,288,322" oya="2" hai0="104,92,26,15,123,3,58,131,41,51,99,61,50" hai1="0,96,34,127,7,80,69,125,98,110,68,31,43" hai2="5,45,16,85,81,100,42,36,57,106,103,124,55" hai3="70,79,119,108,14,21,40,122,116,76,32,102,64"/><V47/><F124/><N who="1" m="47689" /><E110/><V109/><F109/><W12/><G32/><T134/><D3/><U135/><E135/><V63/><F106/><W83/><G108/><T111/><D104/><U87/><E43/><V54/><F5/><W35/><G35/><T2/><D111/><U23/><E34/><V33/><F33/><W38/><G102/><T17/><D2/><U107/><E7/><V88/><F45/><W56/><G70/><N who="1" m="27242" /><E0/><V9/><REACH who="2" step="1"/><F55/><REACH who="2" ten="150,240,278,322" step="2"/><W46/><G119/><T128/><D134/><U37/><E107/><V132/><F132/><W30/><G116/><T118/><D118/><U97/><E37/><V18/><F18/><W73/><G38/><T24/><D17/><U66/><E66/><V48/><F48/><W75/><G64/><N who="0" m="38967" /><D51/><U71/><E31/><V19/><F19/><W27/><G46/><T91/><D50/><U13/><E23/><V52/><F52/><W86/><G40/><T129/><D41/><U130/><E130/><N who="0" m="33281" /><T93/><DORA hai="126" /><D123/><U29/><E29/><V11/><F11/><W49/><G30/><T67/><D67/><U114/><E114/><V120/><F120/><W28/><G28/><T121/><D121/><U94/><E13/><AGARI ba="2,1" hai="9,13,16,36,42,47,54,57,63,81,85,88,100,103" machi="13" ten="40,7700,0" yaku="1,1,54,2,53,0" doraHai="74,126" doraHaiUra="101,44" who="2" fromWho="1" sc="150,0,240,-83,278,93,322,0" /><INIT seed="2,3,0,5,0,25" ten="150,157,371,322" oya="2" hai0="107,76,31,3,95,55,86,87,119,4,19,135,44" hai1="58,38,45,39,98,66,10,16,109,68,30,77,130" hai2="124,28,15,41,105,63,125,54,48,115,5,127,104" hai3="49,88,65,94,121,112,8,89,74,83,18,106,33"/><V20/><F115/><W14/><G121/><T6/><D107/><U13/><E109/><V32/><F41/><W96/><G112/><T12/><D3/><U85/><E130/><V117/><F117/><W118/><G118/><T11/><D119/><U134/><E134/><V53/><F63/><W114/><G114/><T93/><D135/><U67/><E68/><V123/><F123/><W120/><G106/><N who="2" m="41065" /><F32/><W73/><G33/><T59/><D44/><U100/><E45/><V21/><F28/><W43/><G65/><T111/><D31/><U61/><E66/><V51/><F5/><W129/><G129/><T128/><D111/><U7/><E7/><N who="0" m="2601" /><D128/><U69/><E69/><V60/><F60/><W36/><G36/><T26/><D26/><U133/><E133/><V75/><F75/><W84/><G120/><T27/><D27/><U97/><E39/><V37/><F37/><W81/><G81/><N who="0" m="47399" /><D87/><U56/><E85/><V2/><F15/><W131/><G131/><T80/><D80/><U101/><E38/><V0/><F0/><W79/><G79/><T17/><D17/><U34/><E77/><V42/><F42/><W9/><G9/><T92/><D95/><U52/><E34/><V64/><F2/><W72/><G43/><T116/><D116/><U24/><E24/><V50/><F64/><W103/><G49/><AGARI ba="3,0" hai="11,12,19,49,55,59,92,93" m="47399,2601" machi="49" ten="30,1000,0" yaku="8,1" doraHai="25" who="0" fromWho="3" sc="150,19,157,0,371,0,322,-19" /><INIT seed="3,0,0,1,1,4" ten="169,157,371,303" oya="3" hai0="94,98,32,120,22,71,67,84,74,127,53,92,57" hai1="16,100,35,79,68,12,62,5,105,107,86,75,3" hai2="28,126,121,13,119,72,23,46,112,0,54,89,101" hai3="93,27,113,82,14,55,83,24,40,73,29,104,110"/><W51/><G104/><T129/><D32/><U43/><E75/><V130/><F0/><W134/><G113/><T80/><D120/><U124/><E35/><V64/><F89/><W115/><G115/><T6/><D74/><U61/><E3/><V88/><F54/><W117/><G117/><T1/><D129/><U25/><E68/><V36/><F126/><W114/><G114/><T87/><D127/><U123/><E123/><V15/><F119/><W20/><G73/><T2/><D71/><U49/><E124/><V135/><F64/><W69/><G69/><T41/><D67/><U21/><E107/><V91/><F91/><W9/><G134/><T45/><D22/><U96/><E5/><V66/><F66/><W18/><G110/><T52/><D6/><U116/><E116/><V31/><F23/><N who="3" m="15519" /><G93/><T38/><D92/><N who="1" m="58375" /><E25/><V122/><F31/><N who="3" m="17895" /><G40/><T133/><D133/><U108/><E108/><V8/><F28/><W90/><G90/><N who="0" m="55639" /><D2/><U118/><E105/><V81/><F135/><W102/><G102/><T11/><D80/><N who="1" m="47391" /><E118/><V26/><F101/><W77/><G77/><T95/><D95/><U109/><E109/><V30/><F30/><W10/><G10/><T111/><D111/><U58/><E43/><V97/><F8/><W85/><G85/><N who="0" m="32843" /><D1/><U37/><E37/><V47/><F121/><W42/><G42/><T63/><D11/><U48/><E61/><V34/><F122/><W44/><AGARI ba="0,0" hai="9,14,18,44,51,55,82,83" m="17895,15519" machi="44" ten="30,3000,0" yaku="8,1,52,1" doraHai="4" who="3" fromWho="3" sc="169,-10,157,-10,371,-10,303,30" /><INIT seed="3,1,0,1,3,48" ten="159,147,361,333" oya="3" hai0="8,52,66,106,92,63,81,69,87,127,94,67,74" hai1="71,99,73,18,33,82,104,17,131,97,34,83,64" hai2="113,126,90,128,42,15,24,124,112,121,72,110,22" hai3="60,58,10,45,68,50,56,108,47,20,57,0,122"/><W35/><G35/><T118/><D118/><U7/><E7/><V111/><F72/><W3/><G122/><T29/><D106/><U78/><E131/><V28/><F128/><W76/><G76/><T95/><D74/><U93/><E104/><V53/><F121/><W62/><G108/><N who="2" m="41513" /><F42/><W49/><G20/><T130/><D130/><U114/><E114/><N who="2" m="44139" /><F53/><N who="3" m="29871" /><G10/><T16/><D127/><U31/><E31/><V12/><F90/><W9/><G9/><T13/><D29/><U54/><E54/><V120/><F120/><W38/><G0/><T1/><D1/><U37/><E37/><V40/><F40/><N who="3" m="22935" /><G3/><T123/><D123/><U115/><E115/><V30/><F28/><W100/><G100/><T27/><D27/><U65/><E73/><V46/><F46/><W86/><G86/><T5/><D52/><U44/><E44/><V2/><F2/><W129/><G129/><T117/><D117/><U21/><E78/><V75/><F75/><W39/><G39/><T79/><D67/><U107/><E107/><V84/><F84/><W103/><G103/><T55/><REACH who="0" step="1"/><D55/><REACH who="0" ten="149,147,361,333" step="2"/><U91/><E64/><V119/><F119/><W36/><G36/><T61/><D61/><N who="3" m="23657" /><G50/><T125/><D125/><AGARI ba="1,1" hai="12,15,22,24,30,124,125,126" m="44139,41513" machi="125" ten="40,8000,1" yaku="18,1,14,1,34,2" doraHai="48" who="2" fromWho="0" sc="149,-83,147,0,361,93,333,0" owari="66,-43.4,147,-25.3,454,55.4,333,13.3" /></mjloggm>