<mjloggm ver="2.3"><GO type="225" lobby="0"/><UN n0="%E2%91%A3%E9%81%BF%E9%81%8A%E6%88%AF%E3%80%90%E6%9D%B1%E5%8D%97%E3%80%91" n1="%E3%81%99%E3%81%84%E3%81%BE%E3%81%9B%E3%83%BC%E3%82%93" n2="%E3%81%82%E3%81%84%E3%81%82%E3%81%8A%E3%81%84" n3="%E3%81%AF%E3%82%88%E3%81%8A%E3%81%98%E3%81%95%E3%82%93" dan="16,16,18,16" rate="2066.35,2110.83,2231.76,2098.50" sx="M,M,M,M"/><TAIKYOKU oya="0"/><INIT seed="0,0,0,0,0,13" ten="250,250,250,250" oya="0" hai0="132,6,27,3,123,20,93,131,49,120,21,45,98" hai1="96,87,61,111,84,97,23,33,100,86,78,66,7" hai2="15,133,85,105,4,35,28,90,48,54,124,30,67" hai3="26,74,83,118,75,128,114,80,32,0,121,56,117"/><T55/><D131/><U68/><E33/><V31/><F105/><W16/><G114/><T18/><D132/><U108/><E7/><V25/><F133/><W88/><G0/><T79/><D79/><U126/><E126/><V46/><F124/><W134/><G134/><T72/><D72/><U101/><E78/><V42/><F67/><W29/><G128/><T94/><D94/><U37/><E37/><V115/><F115/><W17/><G121/><T82/><D82/><U69/><E23/><V1/><F1/><W113/><G113/><T65/><D65/><U10/><E10/><V19/><F42/><W51/><G75/><T34/><D34/><U106/><REACH who="1" step="1"/><E69/><REACH who="1" ten="250,240,250,250" step="2"/><V109/><F4/><W24/><G32/><T8/><REACH who="0" step="1"/><D21/><REACH who="0" ten="240,240,250,250" step="2"/><U135/><E135/><V64/><F109/><W99/><G74/><T22/><D22/><U71/><E71/><V47/><F35/><W39/><G118/><T11/><D11/><U110/><E110/><V62/><F64/><W107/><G117/><T116/><D116/><U127/><E127/><V58/><F62/><W59/><G107/><AGARI ba="0,2" hai="61,66,68,84,86,87,96,97,100,101,106,107,108,111" machi="107" ten="40,2600,0" yaku="1,1,9,1,53,0" doraHai="13" doraHaiUra="40" who="1" fromWho="3" sc="240,0,240,46,250,0,250,-26" /><INIT seed="1,0,0,4,1,45" ten="240,286,250,224" oya="1" hai0="77,78,47,79,16,9,18,73,89,71,46,132,96" hai1="67,35,112,117,43,127,72,129,124,114,82,75,37" hai2="108,42,103,99,119,5,17,13,83,62,12,23,60" hai3="104,49,88,111,134,131,4,81,92,40,30,70,2"/><U50/><E35/><V53/><F108/><W8/><G104/><T6/><D132/><U110/><E117/><V38/><F119/><W130/><G70/><T26/><D71/><U69/><E110/><V10/><F83/><W123/><G111/><T7/><D73/><U109/><E109/><V48/><F42/><W86/><G123/><T39/><D39/><U29/><E29/><V121/><F38/><W20/><G134/><T56/><D56/><U63/><E129/><N who="3" m="49162" /><G30/><T102/><D89/><U68/><E68/><V44/><REACH who="2" step="1"/><F121/><REACH who="2" ten="240,286,240,224" step="2"/><W11/><G81/><T113/><D113/><U128/><E37/><V31/><F31/><W65/><G40/><T66/><D78/><U94/><E128/><V0/><F0/><W133/><G133/><T126/><D79/><U91/><E114/><V55/><F55/><W97/><G65/><T58/><D77/><U22/><E82/><V61/><F61/><W14/><G49/><T101/><D66/><U115/><E112/><V52/><F52/><W116/><G116/><T19/><D26/><U85/><E115/><V80/><F80/><W32/><G32/><T54/><D126/><N who="1" m="48171" /><E43/><V98/><F98/><W122/><G122/><T1/><D96/><U57/><E50/><V28/><F28/><W76/><G76/><T125/><D125/><U93/><E75/><V64/><F64/><W84/><G97/><T118/><D118/><U41/><E72/><V15/><F15/><W59/><G86/><T24/><D24/><U34/><E67/><V21/><F21/><W135/><G135/><T105/><D54/><U100/><E85/><RYUUKYOKU ba="0,1" sc="240,-10,286,-10,240,30,224,-10" hai2="5,10,12,13,17,23,44,48,53,60,62,99,103" /><INIT seed="2,1,1,3,5,68" ten="230,276,270,214" oya="2" hai0="62,23,132,51,21,44,97,60,107,47,94,105,17" hai1="61,56,43,101,121,3,91,100,93,79,128,24,7" hai2="84,125,50,129,25,27,52,53,80,1,133,12,18" hai3="92,26,120,98,48,59,39,73,71,78,11,46,28"/><V19/><F1/><W86/><G120/><T9/><D132/><U20/><E128/><V135/><F125/><W33/><G71/><T54/><D105/><U41/><E121/><V67/><F67/><W0/><G73/><T49/><D107/><U65/><E79/><V13/><F84/><W14/><G0/><T66/><D9/><U45/><E7/><V106/><F106/><W126/><G126/><T70/><D62/><U88/><E91/><V81/><REACH who="2" step="1"/><F50/><REACH who="2" ten="230,276,260,214" step="2"/><W75/><G75/><T127/><D127/><U55/><E65/><V119/><F119/><W2/><G2/><T10/><D51/><U99/><E3/><V122/><F122/><W72/><G72/><T130/><D130/><AGARI ba="1,2" hai="12,13,18,19,25,27,52,53,80,81,129,130,133,135" machi="130" ten="25,9600,0" yaku="1,1,22,2,54,1,53,0" doraHai="68" doraHaiUra="82" who="2" fromWho="0" sc="230,-99,276,0,260,119,214,0" /><INIT seed="2,2,0,3,2,132" ten="131,276,379,214" oya="2" hai0="78,119,115,118,70,24,69,61,3,131,75,106,133" hai1="37,128,96,48,83,36,95,121,89,35,104,112,17" hai2="60,30,101,0,42,110,13,14,40,8,80,91,65" hai3="92,82,85,52,117,47,93,88,49,32,66,6,84"/><V100/><F0/><W76/><G117/><T99/><D70/><U16/><E112/><V130/><F30/><W87/><G32/><T81/><D133/><U39/><E35/><V27/><F27/><W38/><G38/><T111/><D115/><U19/><E128/><V2/><F2/><W79/><G6/><T21/><D131/><U59/><E104/><V29/><F29/><W135/><G135/><T109/><D3/><U20/><E121/><V45/><F130/><W50/><G66/><T77/><D69/><U124/><E124/><V26/><F26/><W107/><G107/><T126/><D61/><U129/><E129/><V51/><F42/><W54/><G92/><T63/><D63/><U7/><E7/><V62/><F14/><W18/><G18/><T9/><D9/><U57/><E20/><V46/><F46/><W134/><G134/><T22/><D78/><U105/><E105/><V98/><F110/><N who="0" m="41994" /><D24/><U4/><E4/><N who="2" m="3207" /><F98/><W90/><G85/><T122/><D122/><U108/><E108/><V44/><F65/><W94/><G82/><T56/><D56/><AGARI ba="2,0" hai="47,49,50,52,54,56,76,79,84,87,88,90,93,94" machi="56" ten="30,8000,1" yaku="7,1,9,1,8,1,54,2" doraHai="132" who="3" fromWho="0" sc="131,-86,276,0,379,0,214,86" /><INIT seed="3,0,0,1,1,40" ten="45,276,379,300" oya="3" hai0="22,24,33,135,52,68,32,56,18,75,13,96,103" hai1="110,115,50,124,67,94,98,108,1,83,66,48,114" hai2="17,81,47,26,99,19,106,10,6,117,97,29,38" hai3="101,39,109,73,5,105,74,79,116,134,53,125,131"/><W80/><G116/><T12/><D135/><U8/><E124/><V76/><F117/><W126/><G39/><T107/><D68/><U102/><E83/><V55/><F106/><W42/><G42/><T123/><D123/><U11/><E1/><V59/><F38/><W16/><G5/><T30/><D75/><U3/><E3/><V54/><F47/><W84/><G53/><T49/><REACH who="0" step="1"/><D13/><REACH who="0" ten="35,276,379,300" step="2"/><U57/><E115/><V44/><F26/><W78/><G134/><T111/><D111/><U89/><E114/><V7/><F99/><N who="3" m="61631" /><G109/><T21/><AGARI ba="0,1" hai="12,18,21,22,24,30,32,33,49,52,56,96,103,107" machi="21" ten="20,8000,1" yaku="1,1,0,1,7,1,54,1,53,1" doraHai="40" doraHaiUra="51" who="0" fromWho="0" sc="35,90,276,-20,379,-20,300,-40" owari="125,-37.5,256,-14.4,359,45.9,260,6.0" /></mjloggm>