<mjloggm ver="2.3"><GO type="225" lobby="0"/><UN n0="%E3%82%B7%E3%83%B3%E5%A4%AA%E6%9C%97" n1="%E3%81%BF%E3%81%BF%E3%81%9A" n2="%72%69%6F%75%63%68%61%6E" n3="%E6%97%A5%E6%9B%9C%E6%97%A5%E3%82%88%E3%82%8A%E3%81%AE%E4%BD%BF%E8%80%85" dan="16,18,16,16" rate="2151.03,2218.70,2172.84,2100.46" sx="M,M,M,M"/><TAIKYOKU oya="0"/><INIT seed="0,0,0,4,3,108" ten="250,250,250,250" oya="0" hai0="16,45,5,84,71,29,40,42,121,132,26,135,70" hai1="62,31,111,41,25,69,59,83,114,106,32,110,9" hai2="126,105,76,117,96,52,3,12,102,60,30,46,35" hai3="130,57,127,6,128,19,100,79,93,54,23,24,115"/><T58/><D121/><U34/><E106/><V81/><F3/><W74/><G6/><T78/><D5/><U65/><E41/><V33/><F126/><W75/><G127/><T73/><D40/><U49/><E9/><V2/><F2/><W95/><G115/><T55/><D73/><N who="3" m="27657" /><G79/><T36/><D78/><U94/><E83/><V43/><F117/><W4/><G4/><T92/><D84/><U61/><E49/><V39/><F30/><W125/><G100/><T47/><D92/><U90/><E34/><V51/><F60/><N who="3" m="35895" /><G125/><T131/><D131/><AGARI ba="0,0" hai="19,23,24,93,95,128,130,131" m="35895,27657" machi="131" ten="30,1000,0" yaku="19,1" doraHai="108" who="3" fromWho="0" sc="250,-10,250,0,250,0,250,10" /><INIT seed="1,0,0,1,1,30" ten="240,250,250,260" oya="1" hai0="107,76,20,62,108,59,94,96,41,9,1,73,3" hai1="75,135,67,28,83,34,45,104,44,57,61,37,51" hai2="99,118,6,8,64,97,113,134,32,71,74,25,124" hai3="55,112,84,79,14,42,70,103,98,132,49,120,93"/><U38/><E104/><V50/><F118/><W101/><G112/><T35/><D107/><U133/><E75/><V66/><F113/><W31/><G120/><T17/><D108/><U85/><E28/><V12/><F124/><W102/><G70/><T13/><D35/><U115/><E34/><V26/><F134/><N who="1" m="51209" /><E115/><V10/><F74/><W88/><G132/><T72/><D41/><N who="1" m="24975" /><E45/><V0/><F50/><W52/><G31/><T16/><D1/><U58/><E85/><V105/><F32/><W4/><G42/><T65/><D76/><U95/><E95/><V22/><F25/><W87/><G79/><T129/><D129/><U11/><E11/><V2/><F2/><W33/><G33/><T60/><D60/><N who="1" m="38287" /><E83/><V127/><F127/><W63/><G63/><T77/><D77/><U114/><E114/><V121/><F121/><W68/><G68/><T106/><D106/><U40/><E40/><V86/><F86/><N who="3" m="32811" /><G49/><T122/><D122/><U15/><E15/><N who="2" m="5527" /><F71/><W109/><G109/><T29/><D29/><U82/><E82/><V100/><F0/><W116/><G116/><T69/><D69/><U89/><E89/><V54/><F105/><W27/><G27/><T80/><D80/><U46/><E46/><V19/><F100/><W81/><G81/><T123/><D123/><U125/><E125/><V110/><F110/><W126/><G126/><T47/><D47/><U78/><E78/><V131/><F26/><W111/><G111/><T7/><D17/><U48/><E48/><V117/><F19/><W90/><G90/><AGARI ba="0,0" hai="3,7,9,13,16,20,59,62,65,72,73,90,94,96" machi="90" ten="30,2000,0" yaku="7,1,54,1" doraHai="30" who="0" fromWho="3" sc="240,20,250,0,250,0,260,-20" /><INIT seed="2,0,0,3,4,52" ten="260,250,250,240" oya="2" hai0="126,122,97,31,66,103,109,95,133,110,20,98,1" hai1="48,74,89,54,118,4,85,28,8,37,43,61,104" hai2="41,124,79,78,84,45,24,83,60,73,87,22,82" hai3="100,36,3,57,39,50,56,70,68,93,102,105,59"/><V6/><F124/><W42/><G3/><T62/><D122/><U67/><E74/><V10/><F60/><W14/><G105/><T119/><D126/><U92/><E118/><V32/><F32/><W111/><G111/><N who="0" m="42507" /><D133/><U44/><E104/><V129/><F129/><W38/><G14/><T7/><D119/><U26/><E8/><V72/><F22/><W23/><G23/><T58/><D1/><U94/><E4/><V99/><F99/><W108/><G108/><T63/><D7/><U30/><E94/><V88/><F24/><W12/><G12/><T40/><D40/><U65/><E65/><V101/><F101/><W15/><G15/><T16/><D31/><U47/><REACH who="1" step="1"/><E26/><REACH who="1" ten="260,240,250,240" step="2"/><V132/><F132/><W5/><G5/><T0/><D0/><U71/><AGARI ba="0,1" hai="28,30,37,43,44,47,48,54,61,67,71,85,89,92" machi="71" ten="20,8000,1" yaku="1,1,2,1,0,1,7,1,53,1" doraHai="52" doraHaiUra="90" who="1" fromWho="1" sc="260,-20,240,90,250,-40,240,-20" /><INIT seed="3,0,0,3,1,120" ten="240,330,210,220" oya="3" hai0="67,135,74,85,104,130,84,112,121,86,111,80,5" hai1="64,38,45,23,59,0,108,63,49,47,71,94,124" hai2="65,133,100,44,83,131,103,56,42,4,39,41,90" hai3="105,113,54,58,61,132,88,48,82,116,60,117,55"/><W12/><G113/><T52/><D121/><U20/><E0/><V110/><F131/><W125/><G105/><T122/><D67/><U46/><E108/><V106/><F106/><W102/><G102/><N who="2" m="38953" /><F39/><W114/><G114/><T126/><D122/><U18/><E94/><V29/><F133/><W101/><G101/><T97/><D130/><U76/><E76/><V9/><F110/><W128/><G128/><T17/><D111/><U37/><E23/><V24/><F44/><N who="1" m="17001" /><E18/><V6/><F24/><W78/><G125/><T134/><D52/><N who="1" m="29759" /><E20/><V7/><F29/><W99/><G132/><T129/><D112/><U70/><E124/><V34/><F34/><W51/><G117/><T115/><D126/><U3/><E3/><V13/><F83/><W22/><G116/><T33/><D80/><U77/><E77/><V43/><F90/><W87/><G51/><T16/><D129/><U21/><E21/><V27/><F27/><W28/><G55/><T10/><D115/><U127/><E127/><V92/><F92/><N who="3" m="56711" /><G28/><T15/><D135/><U57/><E57/><V69/><F69/><AGARI ba="0,0" hai="37,38,59,63,64,69,70,71" m="29759,17001" machi="69" ten="30,12000,2" yaku="35,5,54,1" doraHai="120" who="1" fromWho="2" sc="240,0,330,120,210,-120,220,0" owari="240,4.0,450,55.0,90,-41.0,220,-18.0" /></mjloggm>