<mjloggm ver="2.3"><GO type="225" lobby="0"/><UN n0="%77%72%77%72%77%72%77%72" n1="%4D%50%43%32%38%30%30" n2="%E7%B4%94%E6%BD%94%E3%83%94%E3%83%A9%E3%83%8B%E3%82%A2" n3="%E3%83%97%E3%83%92" dan="16,16,16,17" rate="2222.22,2156.80,2165.19,2190.08" sx="M,M,M,M"/><TAIKYOKU oya="0"/><INIT seed="0,0,0,2,2,78" ten="250,250,250,250" oya="0" hai0="84,41,45,4,132,77,8,131,3,125,59,11,58" hai1="5,114,14,42,36,81,25,37,9,6,57,110,48" hai2="44,60,126,86,63,103,80,30,32,83,107,40,20" hai3="70,7,129,18,12,2,43,65,101,85,106,112,49"/><T92/><D131/><U111/><E114/><V113/><F32/><W29/><G112/><T105/><D105/><U133/><E133/><V123/><F123/><W120/><G120/><T66/><D132/><U50/><E6/><V76/><F113/><W134/><G134/><T88/><D125/><U96/><E96/><V71/><F71/><W72/><G29/><T94/><D66/><U73/><E25/><V75/><F126/><W97/><G72/><T53/><D11/><U23/><E23/><V90/><F107/><W118/><G118/><T15/><D3/><U68/><E68/><V82/><F103/><W64/><G70/><T99/><D53/><U102/><E102/><V62/><F75/><W69/><G69/><T91/><REACH who="0" step="1"/><D77/><REACH who="0" ten="240,250,250,250" step="2"/><N who="1" m="44207" /><E42/><V104/><F104/><W1/><G129/><T47/><D47/><U0/><E0/><V38/><REACH who="2" step="1"/><F76/><REACH who="2" ten="240,250,240,250" step="2"/><W13/><G106/><T55/><D55/><U24/><E111/><V56/><F56/><W119/><G119/><T35/><D35/><U128/><E57/><V21/><F21/><W127/><G127/><T51/><AGARI ba="0,2" hai="4,8,15,41,45,51,58,59,84,88,91,92,94,99" machi="51" ten="20,12000,1" yaku="1,1,0,1,7,1,8,1,54,1,53,0" doraHai="78" doraHaiUra="34" who="0" fromWho="0" sc="240,140,250,-40,240,-40,250,-40" /><INIT seed="0,1,0,0,2,34" ten="380,210,200,210" oya="0" hai0="132,31,51,4,104,109,49,41,53,59,60,55,64" hai1="13,18,121,17,5,115,105,111,89,113,73,70,54" hai2="97,81,72,101,36,117,98,46,108,130,69,29,3" hai3="118,67,24,80,40,119,19,84,7,76,93,56,100"/><T30/><D104/><U123/><E73/><V16/><F69/><W135/><G135/><T65/><D132/><U112/><E70/><V90/><F29/><W77/><G40/><T61/><D4/><U11/><E105/><V15/><F108/><W8/><G77/><T14/><D109/><U52/><E111/><V43/><F130/><W78/><G78/><T124/><D14/><U45/><E89/><V42/><F42/><W103/><G67/><T85/><D124/><U9/><E18/><V110/><F110/><W32/><G56/><T62/><D85/><U2/><REACH who="1" step="1"/><E45/><REACH who="1" ten="380,200,200,210" step="2"/><V83/><F72/><W20/><G103/><T22/><D30/><U128/><E128/><V133/><F133/><W21/><G118/><T122/><D31/><U92/><E92/><V28/><F28/><W35/><G119/><T71/><D122/><AGARI ba="1,1" hai="2,5,9,11,13,17,52,54,112,113,115,121,122,123" machi="122" ten="50,8000,1" yaku="1,1,11,1,52,1,54,1,53,0" doraHai="34" doraHaiUra="106" who="1" fromWho="0" sc="380,-83,200,93,200,0,210,0" /><INIT seed="1,0,0,3,1,127" ten="297,293,200,210" oya="1" hai0="104,110,33,124,25,102,57,96,130,46,3,1,100" hai1="90,132,51,129,58,28,23,21,47,64,109,103,44" hai2="69,60,75,14,135,97,61,20,2,134,59,24,62" hai3="39,26,114,10,86,32,52,121,17,29,12,131,92"/><U55/><E132/><N who="2" m="50731" /><F2/><W42/><G121/><T45/><D124/><U107/><E109/><V18/><F75/><W43/><G114/><T6/><D110/><U112/><E112/><V98/><F69/><W74/><G74/><T54/><D102/><U68/><E129/><V122/><F122/><W79/><G39/><T8/><D3/><U128/><E128/><V85/><F85/><W34/><G34/><T105/><D105/><U36/><E28/><N who="2" m="17415" /><F59/><W41/><G131/><T120/><D120/><U16/><E23/><AGARI ba="0,0" hai="14,18,23,60,61,62,97,98" m="17415,50731" machi="23" ten="30,1000,0" yaku="20,1" doraHai="127" who="2" fromWho="1" sc="297,0,293,-10,200,10,210,0" /><INIT seed="2,0,0,2,3,43" ten="297,283,210,210" oya="2" hai0="49,90,25,132,121,53,40,20,50,93,11,47,67" hai1="118,7,130,10,4,71,2,78,94,39,112,14,48" hai2="86,81,51,104,3,97,21,58,113,72,79,127,134" hai3="100,28,63,52,29,46,68,128,16,0,55,19,12"/><V123/><F113/><W61/><G0/><T91/><D132/><U89/><E118/><V35/><F35/><W84/><G128/><T103/><D121/><U101/><E112/><V125/><F123/><W6/><G68/><T1/><D67/><U126/><E39/><V124/><F3/><W80/><G100/><T82/><D1/><U114/><E71/><V110/><F134/><W122/><G6/><T85/><D11/><U83/><E114/><V115/><F115/><W135/><G122/><T88/><D103/><U38/><E38/><V60/><F110/><W37/><G19/><N who="0" m="12447" /><D93/><U32/><E32/><V133/><F133/><W98/><G37/><T116/><D116/><U73/><E130/><V17/><F104/><W87/><G135/><T109/><D109/><U107/><E126/><V54/><F97/><W27/><G98/><T22/><D22/><U34/><E34/><V117/><F117/><W33/><G84/><T92/><D92/><U129/><E129/><V74/><REACH who="2" step="1"/><F60/><REACH who="2" ten="297,283,200,210" step="2"/><W9/><G63/><T59/><AGARI ba="0,1" hai="40,47,49,50,53,59,82,85,88,90,91" m="12447" machi="59" ten="30,4000,0" yaku="8,1,52,1,54,1" doraHai="43" who="0" fromWho="0" sc="297,50,283,-10,200,-20,210,-10" /><INIT seed="3,0,0,3,0,37" ten="347,273,180,200" oya="3" hai0="67,5,70,65,55,50,81,123,125,61,31,29,105" hai1="100,85,52,77,74,43,117,133,128,10,73,28,17" hai2="19,98,126,27,69,2,26,134,75,114,45,63,57" hai3="87,101,62,80,0,6,127,48,93,118,51,22,109"/><W88/><G118/><T49/><D123/><U34/><E117/><V119/><F119/><W20/><G127/><T24/><D105/><U66/><E66/><V53/><F75/><W32/><G32/><T64/><D125/><U115/><E115/><V38/><F114/><W91/><G109/><T106/><D106/><U104/><E133/><V44/><F134/><W41/><G0/><T120/><D120/><U129/><E34/><V12/><F2/><W54/><G6/><T39/><D39/><U97/><E28/><V40/><F126/><W135/><G101/><T68/><D5/><U33/><E33/><V42/><F69/><W95/><G135/><T58/><D81/><U47/><E52/><V9/><F98/><W112/><G62/><T23/><D31/><U86/><E10/><V102/><F102/><W18/><G112/><T76/><D76/><U59/><E59/><V108/><F108/><W13/><G20/><T46/><D70/><U131/><E17/><V83/><F83/><W124/><G124/><T113/><D113/><U92/><E86/><V60/><F63/><W107/><G107/><T111/><D111/><U110/><E110/><V71/><F71/><W7/><G7/><T78/><D78/><U99/><E85/><V21/><F21/><W4/><G4/><T121/><D121/><U16/><E16/><V56/><F56/><N who="3" m="32839" /><G91/><T90/><D90/><N who="1" m="55447" /><E77/><V30/><F30/><W35/><G35/><T89/><D89/><U82/><E82/><V122/><F122/><W14/><G13/><T96/><D96/><U103/><E103/><V1/><F1/><RYUUKYOKU ba="0,0" sc="347,0,273,0,180,0,200,0" hai0="23,24,29,46,49,50,55,58,61,64,65,67,68" hai1="43,47,73,74,99,100,104,128,129,131" hai2="9,12,19,26,27,38,40,42,44,45,53,57,60" hai3="14,18,22,41,51,80,87,88,93,95" /><INIT seed="3,1,0,0,2,135" ten="347,273,180,200" oya="3" hai0="91,59,53,29,90,130,127,104,117,93,44,12,100" hai1="36,48,38,27,83,30,19,11,73,133,126,25,7" hai2="20,17,96,108,78,40,121,37,3,123,111,77,79" hai3="105,120,56,64,129,132,42,95,63,97,60,24,82"/><W61/><G120/><N who="2" m="46153" /><F3/><W131/><G132/><T101/><D104/><U80/><E133/><V47/><F96/><W70/><G105/><T67/><D130/><N who="3" m="49673" /><G42/><T9/><D29/><U124/><E48/><V122/><N who="2" m="46161" /><V2/><DORA hai="107" /><F2/><W89/><G70/><T109/><D101/><U118/><E118/><V49/><F37/><W113/><G113/><T0/><D100/><U74/><E19/><V46/><F47/><W102/><G24/><AGARI ba="1,0" hai="17,20,24,40,46,49,77,78,79,108,111" m="46161" machi="24" ten="50,1600,0" yaku="13,1" doraHai="135,107" who="2" fromWho="3" sc="347,0,273,0,180,19,200,-19" owari="347,44.7,273,7.3,199,-20.1,181,-31.9" /></mjloggm>