<mjloggm ver="2.3"><GO type="225" lobby="0"/><UN n0="%E9%B3%B3%E6%9D%B1%E3%81%AE%E3%81%86%E3%81%95%E3%81%8E%E3%81%95%E3%82%93" n1="%E3%81%BE%E3%81%A8%E3%81%9F" n2="%E8%B6%85%E7%B4%9A%E9%B3%B3%E5%87%B0" n3="%72%65%6E%6B%75%6E" dan="17,16,16,17" rate="2239.27,2125.56,2123.79,2252.70" sx="M,M,M,M"/><TAIKYOKU oya="0"/><INIT seed="0,0,0,3,2,90" ten="250,250,250,250" oya="0" hai0="52,101,80,45,39,133,37,118,11,51,63,128,87" hai1="102,70,109,76,92,19,13,129,96,7,100,115,97" hai2="98,121,134,40,110,27,72,34,130,29,58,81,84" hai3="36,132,48,122,107,42,55,114,22,67,46,14,31"/><T124/><D118/><U10/><E109/><V23/><F121/><W119/><G107/><T95/><D128/><U85/><E129/><V74/><F130/><W24/><G119/><T64/><D133/><U127/><E127/><V66/><F110/><W106/><G106/><T21/><D124/><U103/><E115/><V111/><F111/><W125/><G125/><T16/><D11/><U54/><E70/><V105/><F134/><W3/><G3/><T131/><D131/><U12/><E54/><V53/><F66/><W1/><G1/><T126/><D126/><U116/><E116/><V78/><F40/><W47/><G132/><T83/><D39/><U49/><E49/><V89/><F34/><W60/><G122/><T4/><D37/><U6/><E6/><V2/><F2/><W9/><G114/><T113/><D4/><U117/><E117/><V77/><F77/><W123/><G123/><T41/><D41/><U20/><E97/><V35/><F35/><W69/><G14/><N who="0" m="9367" /><D113/><U73/><E73/><V25/><F25/><W15/><G15/><T120/><D120/><U57/><E57/><V44/><F44/><W33/><REACH who="3" step="1"/><G9/><REACH who="3" ten="250,250,250,240" step="2"/><T79/><D83/><AGARI ba="0,1" hai="7,10,12,13,19,20,76,83,85,92,96,100,102,103" machi="83" ten="40,2600,0" yaku="8,1,52,1" doraHai="90" who="1" fromWho="0" sc="250,-26,250,36,250,0,240,0" /><INIT seed="1,0,0,4,2,37" ten="224,286,250,240" oya="1" hai0="21,135,98,50,124,14,86,129,12,92,59,74,16" hai1="109,70,119,122,90,75,113,121,82,43,79,25,69" hai2="94,20,76,28,116,23,57,35,101,42,100,26,2" hai3="33,1,99,4,120,107,132,67,112,17,0,125,32"/><U51/><E113/><V31/><F116/><W36/><G17/><T3/><D3/><U27/><E119/><V15/><F2/><W83/><G83/><T73/><D129/><U104/><E104/><V62/><F76/><W102/><G112/><T48/><D135/><U110/><E90/><V45/><F15/><W34/><G132/><T18/><D124/><U22/><E70/><V49/><F94/><W97/><G125/><T65/><D86/><U87/><E69/><V61/><F35/><W52/><G67/><T91/><D65/><U89/><E25/><N who="2" m="16423" /><F61/><W29/><G29/><T13/><D13/><U78/><E78/><V44/><F44/><W103/><G36/><T80/><D80/><U5/><E79/><V53/><AGARI ba="0,0" hai="23,26,31,42,45,49,53,57,62,100,101" m="16423" machi="53" ten="30,2000,0" yaku="8,1,52,1" doraHai="37" who="2" fromWho="2" sc="224,-5,286,-10,250,20,240,-5" /><INIT seed="2,0,0,3,5,87" ten="219,276,270,235" oya="2" hai0="12,85,61,90,133,35,70,115,38,109,77,79,67" hai1="26,53,57,103,123,25,86,118,11,14,94,81,124" hai2="114,112,69,134,119,37,75,36,39,55,24,1,59" hai3="113,95,110,58,104,8,34,62,107,56,74,108,126"/><V132/><F1/><W19/><G74/><T3/><D115/><N who="2" m="44074" /><F75/><W116/><G34/><T22/><D133/><N who="2" m="51306" /><F24/><W99/><G113/><T72/><D109/><N who="3" m="42089" /><G126/><T68/><D35/><U30/><E118/><V20/><F20/><W10/><G58/><T63/><D38/><U131/><E123/><V91/><F91/><N who="3" m="55807" /><G116/><T101/><D101/><U122/><E124/><V128/><F119/><W117/><G117/><T4/><D3/><U6/><E122/><V18/><F18/><W125/><G125/><T43/><D72/><U16/><E6/><V13/><F13/><N who="3" m="7591" /><G10/><T54/><D22/><U135/><E135/><V32/><F32/><W7/><G7/><T28/><D4/><U129/><E26/><V76/><F69/><W120/><G120/><T45/><D68/><U31/><E25/><V88/><F128/><N who="1" m="49225" /><E103/><V2/><F2/><W29/><G29/><T100/><D28/><U73/><E73/><V46/><F46/><W130/><G130/><T71/><D100/><U9/><E9/><V33/><F33/><W66/><AGARI ba="0,0" hai="56,62,66,104,107" m="7591,55807,42089" machi="66" ten="30,2000,0" yaku="14,1,52,1" doraHai="87" who="3" fromWho="3" sc="219,-5,276,-5,270,-10,235,20" /><INIT seed="3,0,0,2,1,1" ten="214,271,260,255" oya="3" hai0="9,128,25,38,102,27,125,44,19,121,110,43,111" hai1="14,129,84,80,56,112,17,79,71,105,101,29,81" hai2="30,61,98,5,34,70,117,21,24,99,107,123,62" hai3="12,7,13,106,114,33,87,49,131,60,11,28,15"/><W58/><G114/><T74/><D121/><U83/><E71/><V8/><F117/><W41/><G131/><T113/><D128/><U42/><E29/><V40/><F123/><W89/><G106/><T122/><D122/><U46/><E105/><V88/><F40/><W54/><G33/><T26/><D125/><U63/><E101/><V20/><F99/><W57/><G28/><T31/><D113/><U18/><E18/><V126/><F126/><W32/><G32/><T0/><D74/><U93/><E93/><V68/><F68/><W51/><G41/><T127/><D127/><U66/><E112/><V23/><F70/><W65/><G49/><T116/><D116/><U91/><E79/><V132/><F132/><W73/><G73/><T85/><D102/><U90/><E90/><V135/><F135/><W45/><G45/><T96/><D96/><U92/><E129/><V104/><F104/><W10/><G10/><T124/><D124/><U52/><E46/><V78/><F78/><W97/><G97/><T108/><D85/><U75/><E42/><V134/><F134/><W86/><G86/><T59/><D59/><U39/><E75/><V100/><REACH who="2" step="1"/><F88/><REACH who="2" ten="214,271,250,255" step="2"/><W118/><G118/><T130/><D130/><U3/><E91/><V47/><F47/><W35/><G35/><N who="0" m="20975" /><D19/><U50/><E17/><V67/><F67/><W37/><G37/><T115/><D115/><U4/><E66/><V82/><F82/><AGARI ba="0,1" hai="7,11,12,13,15,51,54,57,58,60,65,82,87,89" machi="82" ten="30,5800,0" yaku="7,1,8,1,52,1" doraHai="1" who="3" fromWho="2" sc="214,0,271,0,250,-58,255,68" owari="214,-18.6,271,7.1,192,-30.8,323,42.3" /></mjloggm>