<mjloggm ver="2.3"><GO type="225" lobby="0"/><UN n0="%E3%82%BC%E3%83%AB%E3%83%80%E3%81%AE%E4%BC%9D%E8%AA%AC" n1="%E5%B0%8F%E9%B3%A5%E9%81%8A%E7%B7%B4%E7%84%A1%32%31%E6%AD%B3" n2="%E3%81%BF%E3%81%BF%E3%81%9A" n3="%E3%82%B2%E3%82%B9%E8%8C%82%E5%8B%9D" dan="17,16,16,16" rate="2144.01,2168.38,2151.26,2025.95" sx="M,F,M,F"/><TAIKYOKU oya="0"/><INIT seed="0,0,0,4,2,133" ten="250,250,250,250" oya="0" hai0="40,60,99,82,121,61,12,123,35,128,130,14,114" hai1="11,96,65,113,13,69,10,21,16,66,103,45,39" hai2="70,5,127,75,15,93,132,95,111,3,32,42,125" hai3="9,108,76,64,72,53,87,67,52,117,31,8,109"/><T105/><D35/><U37/><E113/><V97/><F132/><W83/><G117/><T78/><D40/><U41/><E37/><V131/><F111/><N who="3" m="42571" /><G31/><T101/><D114/><U28/><E69/><V27/><F75/><W43/><G43/><T57/><D14/><U122/><E122/><V98/><F3/><W71/><G72/><N who="0" m="43335" /><D12/><U6/><E28/><N who="2" m="19487" /><F70/><W19/><G19/><T120/><D57/><U1/><REACH who="1" step="1"/><E10/><REACH who="1" ten="250,240,250,250" step="2"/><N who="3" m="4202" /><G71/><T112/><D112/><U110/><E110/><V74/><F131/><AGARI ba="0,1" hai="60,61,99,101,105,120,121,123,128,130,131" m="43335" machi="131" ten="40,2000,0" yaku="19,1" doraHai="133" who="0" fromWho="2" sc="250,30,240,0,250,-20,250,0" /><INIT seed="0,1,0,1,2,2" ten="280,240,230,250" oya="0" hai0="61,121,26,50,60,43,11,84,90,24,39,9,93" hai1="22,13,19,89,68,59,1,127,108,29,27,96,32" hai2="4,58,111,87,33,98,129,49,135,0,28,102,95" hai3="128,12,106,105,37,116,88,69,23,5,103,110,66"/><T21/><D39/><U3/><E68/><V132/><F111/><W45/><G116/><T73/><D73/><U18/><E127/><V64/><F129/><W14/><G110/><T42/><D121/><U17/><E108/><V118/><F118/><W54/><G128/><T41/><D50/><U76/><E76/><V134/><F87/><W7/><G66/><T114/><D114/><U74/><E74/><V62/><F49/><N who="3" m="28975" /><G69/><T113/><D113/><U71/><E71/><V15/><F0/><N who="1" m="73" /><E59/><V97/><F97/><W86/><G105/><T107/><D107/><U25/><E89/><V83/><F83/><N who="3" m="49247" /><G106/><T82/><D82/><U75/><E96/><V31/><REACH who="2" step="1"/><F33/><REACH who="2" ten="280,240,220,250" step="2"/><W67/><G37/><T65/><D61/><U130/><E75/><V126/><F126/><W36/><G36/><T80/><D80/><U8/><E130/><V123/><F123/><W30/><G103/><T85/><D85/><U56/><E56/><V101/><F101/><W81/><G81/><T78/><D78/><U20/><E32/><V92/><F92/><W53/><G67/><T70/><D70/><U46/><E46/><V79/><F79/><W40/><G40/><T104/><D104/><U57/><E57/><V112/><F112/><W63/><G53/><T6/><D65/><U124/><E124/><V99/><F99/><W94/><G94/><T52/><D52/><U16/><AGARI ba="1,1" hai="8,13,16,17,18,19,20,22,25,27,29" m="73" machi="16" ten="30,12000,2" yaku="35,5,54,1" doraHai="2" who="1" fromWho="1" sc="280,-61,240,133,220,-31,250,-31" /><INIT seed="1,0,0,2,1,109" ten="219,373,189,219" oya="1" hai0="77,19,76,11,3,63,32,39,25,1,115,73,24" hai1="87,116,126,62,27,57,58,33,9,17,23,80,100" hai2="124,134,122,128,111,91,125,123,129,70,0,74,35" hai3="135,106,20,7,90,95,108,96,22,45,121,82,5"/><U50/><E116/><V46/><F0/><W69/><G108/><T79/><D73/><U29/><E126/><N who="2" m="48747" /><F35/><W97/><G135/><T59/><D39/><U113/><E100/><V41/><F111/><W110/><G110/><T48/><D115/><U61/><E113/><V28/><F28/><W101/><G121/><N who="2" m="46089" /><F74/><W6/><G69/><T107/><D107/><U103/><E103/><V67/><F91/><W37/><REACH who="3" step="1"/><G82/><REACH who="3" ten="219,373,189,209" step="2"/><T119/><D119/><U98/><E80/><V30/><F134/><W16/><G16/><T21/><D19/><U53/><E17/><V94/><F30/><W64/><G64/><T49/><D1/><U99/><E33/><V10/><F94/><W133/><G133/><T40/><D3/><U72/><E29/><V83/><F83/><W42/><AGARI ba="0,1" hai="5,6,7,20,22,37,42,45,90,95,96,97,101,106" machi="42" ten="30,2000,0" yaku="1,1,0,1,53,0" doraHai="109" doraHaiUra="75" who="3" fromWho="3" sc="219,-5,373,-10,189,-5,209,30" /><INIT seed="2,0,0,2,0,24" ten="214,363,184,239" oya="2" hai0="89,55,47,95,21,98,107,65,61,124,117,39,35" hai1="56,93,120,63,97,100,50,44,102,84,125,0,108" hai2="45,112,109,29,92,41,37,20,12,91,48,26,82" hai3="4,49,25,127,46,103,77,130,16,51,96,110,13"/><V115/><F109/><W121/><G110/><T72/><D35/><U74/><E108/><V15/><F82/><W32/><G127/><T6/><D124/><U60/><E74/><V129/><F129/><W38/><G130/><T80/><D117/><U90/><E0/><V22/><F37/><W135/><G135/><T113/><D113/><U133/><E133/><V66/><F66/><W86/><G121/><T1/><D21/><U28/><E120/><V116/><F116/><W87/><G4/><T114/><D114/><U106/><E100/><V126/><F126/><W104/><G38/><T94/><D94/><U70/><E70/><V27/><F115/><W3/><G3/><T7/><D1/><U128/><E128/><V54/><F41/><W43/><G77/><T19/><D19/><U30/><E125/><V36/><F36/><W17/><G51/><N who="0" m="29183" /><D107/><U67/><E60/><V2/><F2/><W71/><G71/><N who="0" m="42415" /><D39/><U64/><E64/><V59/><F112/><W62/><G32/><T75/><D75/><U85/><E85/><N who="2" m="52335" /><F45/><W31/><G46/><T53/><D53/><AGARI ba="0,0" hai="28,30,44,50,53,56,63,67,84,90,93,97,102,106" machi="53" ten="30,3900,0" yaku="7,1,52,2" doraHai="24" who="1" fromWho="0" sc="214,-39,363,39,184,0,239,0" /><INIT seed="3,0,0,0,3,6" ten="175,402,184,239" oya="3" hai0="48,96,22,10,19,135,32,40,110,116,72,62,60" hai1="13,11,108,122,126,124,132,47,78,87,76,73,36" hai2="114,117,106,16,53,1,63,3,102,118,33,127,54" hai3="24,27,130,107,66,45,26,57,111,131,0,92,125"/><W21/><G107/><T51/><D116/><U44/><E73/><V113/><F16/><N who="3" m="12327" /><G0/><T97/><D32/><U120/><E132/><V101/><F63/><N who="0" m="24106" /><D72/><U82/><E76/><V28/><F28/><W85/><G66/><T128/><D135/><U84/><E84/><V119/><F127/><N who="1" m="48681" /><E108/><V31/><F31/><W18/><G125/><T95/><D110/><U77/><E78/><V91/><F91/><N who="3" m="53359" /><G111/><T115/><D128/><N who="3" m="49193" /><G57/><T100/><D115/><U103/><E103/><V86/><F118/><W14/><G45/><N who="1" m="17482" /><E36/><V41/><F106/><W83/><G83/><T65/><D65/><U88/><E77/><V23/><F117/><W75/><G75/><T17/><D97/><U50/><E50/><V80/><F119/><W134/><G134/><T81/><D81/><U104/><E104/><V4/><F80/><W9/><AGARI ba="0,0" hai="9,14,18,26,27" m="49193,53359,12327" machi="9" ten="30,6000,0" yaku="19,1,52,1,54,1" doraHai="6" who="3" fromWho="3" sc="175,-20,402,-20,184,-20,239,60" /><INIT seed="3,1,0,4,3,106" ten="155,382,164,299" oya="3" hai0="33,125,45,130,18,83,8,104,41,55,87,16,116" hai1="135,72,90,99,77,2,46,80,19,102,108,118,43" hai2="22,57,7,109,126,110,30,70,27,3,13,26,81" hai3="44,14,25,0,131,100,103,37,47,129,107,34,31"/><W58/><G0/><T132/><D116/><U76/><E76/><V52/><F70/><W63/><G14/><N who="0" m="7239" /><D104/><U85/><E2/><V5/><F126/><W12/><G12/><T17/><D33/><U69/><E69/><V117/><F117/><W93/><G107/><T56/><D125/><U95/><E108/><N who="2" m="41579" /><F3/><W115/><G115/><T120/><D120/><U9/><E135/><V101/><F101/><W97/><G103/><T59/><D132/><U119/><E19/><N who="0" m="7177" /><D41/><U11/><E118/><V68/><F68/><W61/><G61/><T105/><D105/><N who="1" m="63711" /><E119/><V50/><F13/><W65/><REACH who="3" step="1"/><G37/><AGARI ba="1,0" hai="9,11,37,43,46,72,77,80,85,90,95" m="63711" machi="37" ten="30,2000,0" yaku="24,1,52,1" doraHai="106" who="1" fromWho="3" sc="155,0,382,23,164,0,299,-23" owari="155,-34.5,405,50.5,164,-23.6,276,7.6" /></mjloggm>