<mjloggm ver="2.3"><GO type="225" lobby="0"/><UN n0="%E3%80%93%E3%81%97%E3%83%BC%E3%82%89%E3%80%93" n1="%72%69%6F%75%63%68%61%6E" n2="%E3%81%82%E3%81%99%E3%81%AB%E3%82%83%E3%82%80" n3="%E3%83%8F%E3%82%AC%E3%82%BF%E3%82%AB%E3%81%AE%E3%81%88%E3%81%98%E3%81%8D" dan="16,16,16,16" rate="2119.73,2175.01,2128.10,2173.12" sx="M,M,F,M"/><TAIKYOKU oya="0"/><INIT seed="0,0,0,1,0,104" ten="250,250,250,250" oya="0" hai0="118,110,53,133,113,71,58,62,41,134,12,111,22" hai1="34,123,37,70,116,61,40,122,100,19,4,51,16" hai2="67,131,126,52,66,13,121,17,97,82,73,39,36" hai3="55,103,31,128,85,94,75,93,98,42,2,26,135"/><T0/><D0/><U125/><E116/><V74/><F121/><W132/><G2/><T96/><D96/><U27/><E37/><V43/><F97/><W23/><G42/><T80/><D22/><U29/><E125/><V9/><F126/><W30/><G128/><T28/><D12/><U91/><E4/><V44/><F39/><W112/><G112/><T47/><D28/><U124/><E124/><V88/><F67/><W109/><G75/><T101/><D101/><U56/><E100/><V10/><F66/><W1/><G1/><T20/><D20/><U7/><E7/><V64/><F64/><W24/><G55/><T15/><D15/><U84/><E70/><V45/><F9/><W129/><G129/><T63/><D80/><U119/><E119/><V120/><F120/><W105/><G109/><N who="0" m="41483" /><D118/><U107/><E107/><V77/><F131/><W86/><G105/><T95/><D95/><U54/><E123/><V60/><F60/><N who="0" m="23082" /><D71/><U32/><E32/><V69/><F69/><W3/><G3/><T21/><D21/><N who="1" m="15599" /><E122/><V11/><F10/><W38/><G23/><T50/><D113/><U90/><E34/><V18/><F18/><N who="1" m="6697" /><E84/><N who="2" m="50199" /><F77/><W92/><G98/><T106/><D106/><U127/><E127/><V114/><F114/><W99/><G99/><T102/><D102/><U130/><E130/><V14/><F13/><W72/><G103/><T49/><AGARI ba="0,0" hai="41,47,49,50,53,58,133,134" m="23082,41483" machi="49" ten="30,11700,0" yaku="14,1,10,1,34,2" doraHai="104" who="0" fromWho="0" sc="250,117,250,-39,250,-39,250,-39" /><INIT seed="0,1,0,5,4,55" ten="367,211,211,211" oya="0" hai0="52,84,96,9,92,12,75,87,60,107,21,24,118" hai1="71,26,114,43,93,102,25,2,27,81,40,130,29" hai2="86,72,37,67,4,78,58,68,47,62,124,110,17" hai3="88,45,104,63,8,121,19,34,32,57,49,41,80"/><T13/><D75/><U33/><E2/><V46/><F110/><W16/><G104/><T22/><D107/><U44/><E71/><V1/><F124/><W119/><G119/><T77/><D118/><U117/><E117/><V18/><F72/><W61/><G121/><T70/><D70/><U15/><E130/><V115/><F115/><W89/><G61/><T38/><D38/><U85/><E40/><V128/><F128/><W129/><G129/><T135/><D135/><U120/><E120/><V10/><F68/><W56/><G34/><T5/><D13/><U125/><E125/><V109/><F109/><W65/><G32/><T59/><D77/><U106/><E106/><V74/><F74/><W7/><G57/><T64/><D64/><U14/><E114/><V100/><F100/><W31/><G31/><N who="0" m="17807" /><D22/><U95/><E29/><V111/><F111/><W30/><G30/><T122/><D122/><U53/><E33/><V20/><F37/><W51/><G51/><T94/><D94/><U108/><E95/><V3/><F3/><W48/><G48/><T126/><D126/><U101/><E93/><V112/><F112/><W103/><G103/><AGARI ba="1,0" hai="5,9,12,52,59,60,84,87,92,96,103" m="17807" machi="103" ten="30,5800,0" yaku="8,1,52,1,54,1" doraHai="55" who="0" fromWho="3" sc="367,61,211,0,211,0,211,-61" /><INIT seed="0,2,0,4,1,7" ten="428,211,211,150" oya="0" hai0="21,88,51,118,89,72,68,9,55,45,43,87,4" hai1="114,49,63,48,27,32,10,36,117,12,15,24,3" hai2="54,74,94,73,22,123,134,19,115,130,86,108,52" hai3="31,28,6,119,135,125,97,67,82,29,44,77,110"/><T2/><D72/><U17/><E117/><V37/><F123/><W58/><G119/><T60/><D118/><U95/><E36/><V39/><F115/><W129/><G110/><T78/><D78/><U121/><E121/><V92/><F108/><W42/><G125/><T127/><D127/><U98/><E3/><V0/><F0/><W112/><G112/><T111/><D111/><U57/><E114/><V76/><F130/><W113/><G113/><T18/><D87/><U85/><E85/><V104/><F104/><W70/><G70/><T96/><D96/><U83/><E83/><V62/><F134/><W47/><G135/><T133/><D133/><U35/><E35/><V34/><F34/><W25/><G6/><T93/><D93/><U122/><E122/><V69/><F69/><W53/><G67/><T20/><D20/><N who="1" m="11303" /><E32/><V30/><F30/><W40/><G97/><T106/><D106/><U16/><E24/><V128/><F128/><W64/><G64/><T56/><D68/><U14/><E27/><AGARI ba="2,0" hai="2,4,9,18,21,27,43,45,51,55,56,60,88,89" machi="27" ten="30,5800,0" yaku="7,1,52,1,54,1" doraHai="7" who="0" fromWho="1" sc="428,64,211,-64,211,0,150,0" /><INIT seed="0,3,0,0,0,86" ten="492,147,211,150" oya="0" hai0="21,123,16,57,133,41,101,44,2,4,104,48,60" hai1="81,109,36,120,71,30,68,53,62,89,135,65,83" hai2="14,106,10,76,87,6,112,80,74,110,61,97,82" hai3="54,111,90,114,126,8,52,78,11,127,107,128,9"/><T72/><D72/><U26/><E120/><V1/><F110/><W103/><G114/><T75/><D75/><U3/><E109/><V43/><F112/><W125/><G111/><T64/><D123/><U69/><E135/><V39/><F61/><W49/><G78/><T34/><D34/><U119/><E119/><V95/><F106/><W67/><G67/><T28/><D28/><U20/><E3/><V47/><F14/><W88/><G128/><T33/><D33/><U45/><E53/><N who="3" m="20586" /><G49/><T129/><D133/><U96/><E96/><AGARI ba="3,0" hai="8,9,11,88,90,96,103,107,125,126,127" m="20586" machi="96" ten="40,8000,1" yaku="18,1,52,2,54,2" doraHai="86" who="3" fromWho="1" sc="492,0,147,-89,211,0,150,89" /><INIT seed="1,0,0,3,3,124" ten="492,58,211,239" oya="1" hai0="19,74,59,3,122,55,120,44,42,24,133,23,121" hai1="98,38,54,125,135,75,48,50,112,7,0,78,14" hai2="17,81,60,86,110,123,66,100,25,9,10,63,16" hai3="114,117,11,46,126,134,5,105,2,89,37,129,97"/><U32/><E112/><V49/><F110/><W103/><G114/><T76/><D3/><U108/><E0/><V94/><F123/><W22/><G126/><T52/><D133/><U93/><E125/><V96/><F49/><W87/><G117/><T68/><D68/><U45/><E135/><V128/><F128/><W27/><G134/><T82/><D59/><U107/><E32/><V127/><F127/><W56/><G56/><T15/><REACH who="0" step="1"/><D24/><REACH who="0" ten="482,58,211,239" step="2"/><U64/><E108/><V1/><F1/><W61/><G2/><T20/><D20/><U67/><E107/><V85/><F25/><W8/><G22/><T36/><AGARI ba="0,1" hai="15,19,23,36,42,44,52,55,74,76,82,120,121,122" machi="36" ten="30,7900,0" yaku="1,1,0,1,13,1,54,1,53,0" doraHai="124" doraHaiUra="28" who="0" fromWho="0" sc="482,89,58,-39,211,-20,239,-20" /><INIT seed="2,0,0,4,5,113" ten="571,19,191,219" oya="2" hai0="73,68,128,19,28,23,5,26,130,93,22,41,56" hai1="24,33,101,46,94,14,119,83,10,77,57,52,102" hai2="104,99,127,85,75,27,106,43,38,7,55,132,124" hai3="81,60,61,42,111,82,117,70,6,109,135,131,120"/><V37/><F75/><W74/><G120/><T92/><D68/><U134/><E134/><V51/><F132/><W16/><G117/><T49/><D73/><U50/><E119/><V79/><F7/><W21/><G135/><T0/><D5/><U103/><E33/><V25/><F79/><W107/><G107/><N who="2" m="41001" /><F99/><W59/><G6/><T96/><D0/><U108/><E108/><N who="3" m="41546" /><G42/><T18/><D28/><U105/><E105/><V129/><F43/><W3/><G3/><T67/><D41/><U2/><E2/><V133/><F85/><W84/><G70/><T100/><D93/><U71/><E71/><V76/><F76/><N who="3" m="44183" /><G59/><T58/><D49/><U53/><E24/><N who="2" m="9291" /><F133/><W17/><G17/><T12/><REACH who="0" step="1"/><D67/><REACH who="0" ten="561,19,191,219" step="2"/><U13/><E94/><V45/><F37/><W39/><G39/><T1/><D1/><U121/><E121/><V114/><F38/><W110/><G110/><T40/><D40/><U116/><E116/><V115/><F115/><W90/><G131/><AGARI ba="0,1" hai="12,18,19,22,23,26,56,58,92,96,100,128,130,131" machi="131" ten="40,2600,0" yaku="1,1,19,1,53,0" doraHai="113" doraHaiUra="36" who="0" fromWho="3" sc="561,36,19,0,191,0,219,-26" /><INIT seed="3,0,0,2,4,75" ten="597,19,191,193" oya="3" hai0="23,135,120,5,114,11,109,4,99,12,103,60,87" hai1="16,51,82,22,52,131,107,7,110,96,121,50,45" hai2="27,134,79,59,118,2,18,68,106,61,111,83,38" hai3="133,129,100,64,102,42,115,69,104,57,34,72,29"/><W112/><G72/><T30/><D109/><U58/><E131/><V24/><F118/><W81/><G129/><T19/><D135/><U124/><E124/><V10/><F106/><W40/><G133/><T26/><D120/><U66/><E121/><V53/><F134/><W71/><G81/><T90/><D114/><U55/><E110/><V116/><F116/><W88/><G88/><T122/><D122/><U77/><E7/><V119/><F111/><W46/><G57/><T130/><D130/><U89/><E66/><V35/><F35/><W132/><G132/><T17/><D60/><U105/><E89/><V54/><F2/><W98/><G102/><T14/><D99/><U95/><E96/><V32/><F32/><W13/><G13/><T44/><D44/><U101/><E95/><V85/><F38/><N who="3" m="21783" /><G42/><T65/><D65/><U73/><REACH who="1" step="1"/><E101/><REACH who="1" ten="597,9,191,193" step="2"/><V113/><F113/><N who="3" m="43595" /><G64/><T74/><D74/><U117/><E117/><V3/><F119/><W97/><G97/><T33/><D103/><U39/><E39/><V86/><F68/><W9/><G71/><T20/><D33/><U56/><E56/><V108/><F59/><W31/><G69/><T37/><D37/><U70/><E70/><V8/><F108/><W28/><G34/><T78/><D90/><U63/><E63/><V21/><F61/><W47/><G98/><T15/><D11/><U94/><E94/><V36/><F10/><W41/><G9/><T126/><D5/><U67/><E67/><V62/><F36/><W76/><G100/><T6/><D4/><U93/><E93/><V91/><F62/><RYUUKYOKU ba="0,1" sc="597,-10,9,30,191,-10,193,-10" hai1="16,22,45,50,51,52,55,58,73,77,82,105,107" owari="597,69.7,39,-46.1,181,-21.9,183,-1.7" /></mjloggm>