<mjloggm ver="2.3"><GO type="225" lobby="0"/><UN n0="%E3%83%8F%E3%83%B3%E3%83%89%E3%83%A9%E3%83%BC%E3%83%BB%E3%83%AF%E3%83%B3" n1="%E4%BF%BA%E3%81%A8%E5%A6%96%E5%A4%A2" n2="%72%69%6F%75%63%68%61%6E" n3="%E3%82%BC%E3%83%AB%E3%83%80%E3%81%AE%E4%BC%9D%E8%AA%AC" dan="17,17,16,17" rate="2185.28,2178.86,2224.22,2225.57" sx="M,F,M,M"/><TAIKYOKU oya="0"/><INIT seed="0,0,0,1,5,31" ten="250,250,250,250" oya="0" hai0="34,94,28,29,80,44,120,25,43,85,59,53,63" hai1="117,127,32,135,81,15,45,103,133,111,33,9,105" hai2="114,108,116,74,98,13,75,42,107,106,68,22,123" hai3="128,87,95,113,14,125,12,30,79,88,58,124,130"/><T86/><D120/><U119/><E105/><V84/><F123/><W72/><G58/><T11/><D29/><U61/><E103/><V64/><F114/><W101/><G113/><T67/><D11/><U41/><E81/><V46/><F108/><W4/><G4/><T65/><D94/><U2/><E61/><V21/><F84/><W16/><G101/><T35/><D35/><N who="1" m="13387" /><E111/><V118/><F13/><W66/><G30/><T132/><D132/><N who="1" m="50763" /><E127/><N who="3" m="48714" /><G66/><T83/><D86/><U40/><E2/><V71/><F64/><W8/><G12/><T77/><REACH who="0" step="1"/><D80/><AGARI ba="0,0" hai="8,14,16,72,79,80,87,88,95,128,130" m="48714" machi="80" ten="30,3900,0" yaku="18,1,54,2" doraHai="31" who="3" fromWho="0" sc="250,-39,250,0,250,0,250,39" /><INIT seed="1,0,0,5,3,66" ten="211,250,250,289" oya="1" hai0="25,121,51,125,80,89,87,102,35,1,9,18,122" hai1="22,0,26,132,38,67,114,115,17,97,92,93,119" hai2="127,129,32,113,77,95,68,128,37,61,59,20,53" hai3="94,126,74,60,31,45,29,108,24,54,83,6,116"/><U16/><E38/><V30/><F127/><W10/><G126/><T12/><D125/><U5/><E119/><V42/><F77/><W33/><G116/><T111/><D111/><U57/><E132/><V46/><F32/><W107/><G107/><T110/><D110/><U120/><E120/><V3/><F3/><W88/><G29/><T41/><D1/><U72/><E72/><V124/><F124/><W76/><G108/><T131/><D102/><U135/><E135/><V63/><F95/><W112/><G112/><T52/><D41/><U39/><E39/><V69/><F113/><W98/><G45/><T71/><D71/><N who="2" m="27210" /><F20/><W103/><G60/><N who="2" m="23113" /><F30/><W100/><REACH who="3" step="1"/><G54/><REACH who="3" ten="211,250,250,279" step="2"/><T123/><D123/><U86/><E115/><V109/><F109/><W99/><G99/><T70/><D122/><U49/><E114/><V117/><F117/><W91/><G91/><T34/><D121/><U50/><E97/><V106/><F106/><W90/><G90/><T75/><D89/><U36/><E67/><V134/><F134/><W47/><G47/><T40/><D52/><U28/><E28/><V7/><F7/><W58/><G58/><T78/><D70/><U19/><E5/><V2/><F2/><AGARI ba="0,1" hai="2,6,10,24,31,33,74,76,83,88,94,98,100,103" machi="2" ten="30,7700,0" yaku="1,1,7,1,54,1,53,1" doraHai="66" doraHaiUra="105" who="3" fromWho="2" sc="211,0,250,0,250,-77,279,87" /><INIT seed="2,0,0,0,5,39" ten="211,250,173,366" oya="2" hai0="131,69,63,107,75,2,114,31,36,16,66,54,18" hai1="26,97,129,98,88,100,65,25,134,105,90,118,52" hai2="55,120,115,1,34,67,89,27,68,82,132,47,113" hai3="59,74,0,24,12,104,119,46,32,58,110,72,40"/><V128/><F120/><W50/><G0/><T14/><D114/><U53/><E118/><V122/><F122/><W56/><G119/><T108/><D2/><U71/><E134/><V95/><F1/><W64/><G104/><T83/><D107/><U51/><E129/><V23/><F34/><W44/><G110/><T21/><D108/><U7/><E7/><V77/><F132/><W6/><G64/><T79/><D131/><U91/><E97/><V76/><F128/><W48/><G6/><T13/><D36/><U133/><E133/><V38/><F68/><W92/><G12/><T109/><D109/><U127/><E127/><V61/><F82/><W49/><G92/><T123/><D123/><U111/><E111/><V45/><F115/><W9/><G9/><T15/><REACH who="0" step="1"/><D54/><REACH who="0" ten="201,250,173,366" step="2"/><U57/><REACH who="1" step="1"/><E53/><REACH who="1" ten="201,240,173,366" step="2"/><V5/><F113/><W84/><G74/><T124/><D124/><U103/><E103/><V117/><F117/><W43/><G72/><T73/><D73/><U11/><E11/><V93/><F55/><W30/><REACH who="3" step="1"/><G84/><REACH who="3" ten="201,240,173,356" step="2"/><T106/><D106/><U8/><E8/><V4/><F4/><W3/><G3/><T116/><D116/><U99/><E99/><V96/><F5/><W70/><G70/><T35/><D35/><U20/><E20/><V62/><F23/><W130/><G130/><T37/><D37/><AGARI ba="0,3" hai="24,30,32,37,40,43,44,46,48,49,50,56,58,59" machi="37" ten="40,5200,0" yaku="1,1,52,2,53,0" doraHai="39" doraHaiUra="94" who="3" fromWho="0" sc="201,-52,240,0,173,0,356,82" /><INIT seed="3,0,0,1,3,48" ten="149,240,173,438" oya="3" hai0="119,52,76,72,21,86,91,135,50,131,11,24,95" hai1="73,117,41,115,35,61,57,22,10,15,79,133,54" hai2="1,64,6,38,5,59,19,46,62,16,17,14,34" hai3="67,112,65,111,9,55,3,8,80,44,102,130,104"/><W121/><G80/><T43/><D119/><U45/><E115/><V123/><F34/><W56/><G56/><T98/><D131/><U66/><E35/><V128/><F1/><W47/><G102/><T63/><D135/><U83/><E133/><V85/><F128/><W20/><G20/><T40/><D72/><U116/><E22/><V118/><F118/><N who="1" m="45673" /><E41/><V93/><F123/><W51/><G51/><T33/><D33/><U36/><E36/><V71/><F71/><W77/><G111/><T82/><D11/><U69/><E45/><V81/><F93/><W94/><G94/><T74/><D74/><U4/><E69/><V106/><F106/><W42/><G104/><T37/><D37/><U75/><E75/><V126/><F126/><W108/><G9/><T53/><D63/><U7/><E66/><V30/><F30/><W110/><G67/><T109/><D109/><U89/><E89/><N who="2" m="51375" /><F38/><W31/><G31/><N who="0" m="17807" /><D53/><U99/><E99/><V84/><F84/><W68/><G65/><T23/><D23/><U2/><E4/><N who="2" m="1643" /><F14/><AGARI ba="0,0" hai="2,7,10,14,15,54,57,61,73,79,83" m="45673" machi="14" ten="30,2000,0" yaku="12,1,52,1" doraHai="48" who="1" fromWho="2" sc="149,0,240,20,173,-20,438,0" owari="149,-35.1,260,6.0,153,-24.7,438,53.8" /></mjloggm>