<mjloggm ver="2.3"><GO type="225" lobby="0"/><UN n0="%E9%B3%B3%E6%9D%B1%E3%81%AE%E3%81%86%E3%81%95%E3%81%8E%E3%81%95%E3%82%93" n1="%E3%81%BF%E3%81%BF%E3%81%9A" n2="%E7%AD%89%E3%80%85%E5%8A%9B%E5%8A%87%E5%A0%B4" n3="%E3%83%B4%E3%83%A0%EF%BC%99%E3%81%A6" dan="17,17,16,17" rate="2264.86,2226.00,2152.12,2197.00" sx="M,M,M,M"/><TAIKYOKU oya="0"/><INIT seed="0,0,0,4,1,14" ten="250,250,250,250" oya="0" hai0="73,77,133,66,19,49,52,26,110,47,121,12,13" hai1="100,128,118,17,112,91,67,6,81,18,114,45,5" hai2="86,11,74,16,27,75,94,31,127,63,109,35,104" hai3="51,60,65,15,131,80,83,59,53,55,68,113,57"/><T46/><D121/><U105/><E118/><V8/><F104/><W129/><G113/><N who="1" m="43626" /><E67/><V2/><F109/><W124/><G15/><N who="0" m="5707" /><D73/><U101/><E45/><V34/><F127/><W98/><G98/><T58/><D133/><U33/><E33/><V70/><F35/><W36/><G124/><T72/><D72/><U107/><E128/><N who="3" m="49226" /><G36/><T90/><D110/><U82/><E91/><V0/><F75/><W106/><G106/><N who="1" m="40458" /><E82/><V84/><F74/><W111/><G111/><T20/><D77/><U1/><E81/><V22/><F70/><W135/><G135/><T123/><D123/><U88/><E88/><V69/><F69/><W21/><G21/><T41/><D90/><U40/><E40/><V23/><F23/><W48/><AGARI ba="0,0" hai="48,51,53,55,57,59,60,65,68,80,83" m="49226" machi="48" ten="30,1100,0" yaku="19,1" doraHai="14" who="3" fromWho="3" sc="250,-5,250,-3,250,-3,250,11" /><INIT seed="1,0,0,0,3,72" ten="245,247,247,261" oya="1" hai0="82,23,35,70,14,20,32,84,119,41,49,8,121" hai1="19,113,1,122,134,38,103,13,93,130,97,79,118" hai2="52,15,85,110,33,47,10,56,127,51,123,89,53" hai3="133,25,39,109,7,87,0,65,100,94,114,3,108"/><U34/><E113/><V128/><F123/><W131/><G114/><T60/><D119/><U76/><E122/><V78/><F110/><W125/><G39/><T50/><D121/><U83/><E118/><V74/><F128/><W135/><G131/><T22/><D70/><U129/><E1/><V29/><F127/><W99/><G125/><T42/><D60/><U26/><E38/><V77/><F74/><W63/><G25/><T48/><D32/><U116/><E116/><V117/><F117/><W107/><G7/><T95/><D95/><U71/><E71/><V27/><F89/><N who="3" m="53567" /><G0/><T9/><D35/><U111/><E111/><N who="3" m="42570" /><G3/><T64/><D64/><U59/><E134/><V88/><F53/><W18/><G18/><T69/><D69/><AGARI ba="0,0" hai="63,65,69,99,100,107,133,135" m="42570,53567" machi="69" ten="30,1000,0" yaku="14,1" doraHai="72" who="3" fromWho="0" sc="245,-10,247,0,247,0,261,10" /><INIT seed="2,0,0,1,1,110" ten="235,247,247,271" oya="2" hai0="123,80,109,22,102,130,126,90,120,64,81,125,82" hai1="93,72,7,12,98,112,61,18,29,70,71,73,67" hai2="47,94,74,24,25,79,52,30,77,37,83,66,19" hai3="68,106,104,20,69,92,128,117,35,114,57,118,38"/><V103/><F66/><W91/><G35/><T111/><D22/><U49/><E71/><V40/><F79/><W11/><G38/><T15/><D15/><U122/><E122/><N who="0" m="46633" /><D64/><U59/><E29/><V9/><F103/><W16/><G11/><T84/><D102/><U23/><E112/><V32/><F94/><W87/><G128/><T101/><D101/><U42/><E7/><V41/><F41/><W116/><G57/><T33/><D33/><U121/><E121/><V127/><F127/><N who="0" m="48650" /><D130/><U36/><E36/><V108/><F9/><W53/><G53/><T51/><D51/><U13/><E13/><V107/><F52/><W50/><G50/><T21/><D21/><U43/><E70/><V2/><F32/><W135/><G68/><T44/><D44/><U95/><E49/><V124/><F47/><W1/><G69/><T65/><D65/><U5/><E5/><V14/><F37/><W55/><G55/><T27/><D27/><U3/><E3/><V62/><F2/><W100/><G1/><T63/><D63/><U31/><E31/><V115/><F30/><W129/><G129/><T113/><D113/><U39/><E39/><V99/><F115/><W17/><G114/><T4/><D4/><U0/><E0/><V28/><F62/><W97/><G17/><T6/><D6/><U46/><E46/><V56/><F28/><W8/><G8/><T96/><D96/><U54/><E67/><V119/><F124/><W10/><G10/><T105/><D105/><U34/><E34/><V85/><F56/><W26/><G104/><T131/><D131/><RYUUKYOKU ba="0,0" sc="235,15,247,-15,247,-15,271,15" hai0="80,81,82,84,90,109,111" hai3="16,20,26,87,91,92,97,100,106,116,117,118,135" /><INIT seed="3,1,0,4,4,122" ten="250,232,232,286" oya="3" hai0="67,6,120,54,40,37,27,17,29,118,75,16,30" hai1="113,130,80,98,83,20,26,65,106,45,108,86,5" hai2="11,101,121,85,103,44,76,21,50,115,59,28,78" hai3="99,96,13,105,127,111,64,32,95,57,38,63,74"/><W94/><G74/><T66/><D118/><U7/><E113/><V3/><F115/><W135/><G32/><T126/><D75/><U104/><E130/><V23/><F121/><W14/><G38/><T71/><D120/><U131/><E131/><V132/><F132/><W73/><G73/><T68/><D126/><U79/><E65/><N who="0" m="24585" /><D6/><U24/><E108/><V33/><F33/><W18/><G111/><T36/><D27/><U4/><E98/><N who="3" m="37418" /><G105/><T133/><D54/><U134/><E134/><V8/><F59/><N who="3" m="36991" /><G127/><T124/><D40/><U31/><E45/><V19/><F3/><W58/><G13/><T119/><D119/><U55/><E55/><V100/><F28/><N who="0" m="10858" /><D124/><U35/><E26/><V128/><F128/><W56/><G135/><T107/><D107/><U72/><REACH who="1" step="1"/><E35/><REACH who="1" ten="250,222,232,286" step="2"/><V92/><F44/><W91/><G56/><T84/><D133/><U34/><E34/><V77/><F103/><W0/><G0/><T48/><D68/><U116/><E116/><V10/><F101/><W81/><G57/><T52/><D71/><U25/><E25/><V82/><F100/><W97/><G58/><N who="0" m="33031" /><D37/><U129/><E129/><V123/><F123/><W22/><G97/><T125/><D36/><U89/><AGARI ba="1,1" hai="4,5,7,20,24,31,72,79,80,83,86,89,104,106" machi="89" ten="30,2000,0" yaku="1,1,0,1,53,0" doraHai="122" doraHaiUra="15" who="1" fromWho="1" sc="250,-6,222,33,232,-6,286,-11" /><INIT seed="4,0,0,4,2,15" ten="244,255,226,275" oya="0" hai0="18,97,66,0,9,89,115,45,48,71,123,132,134" hai1="96,30,79,73,35,17,119,76,78,64,25,86,67" hai2="124,118,113,59,13,103,121,58,127,74,34,133,1" hai3="125,69,85,56,130,27,99,43,29,50,110,92,54"/><T10/><D123/><U32/><E119/><V105/><RYUUKYOKU type="yao9" ba="0,0" sc="244,0,255,0,226,0,275,0" hai2="1,13,34,58,59,74,103,105,113,118,121,124,127,133" /><INIT seed="4,1,0,5,4,56" ten="244,255,226,275" oya="0" hai0="107,113,43,94,79,4,98,89,121,23,26,45,67" hai1="46,119,97,86,20,77,102,42,87,128,64,129,53" hai2="36,103,72,35,116,91,124,25,3,50,2,95,74" hai3="120,41,130,37,27,93,133,7,24,39,134,125,127"/><T18/><D113/><U38/><E119/><V96/><F36/><N who="3" m="13899" /><G41/><T111/><D121/><U13/><E64/><V34/><F124/><N who="3" m="47691" /><G120/><T123/><D123/><U80/><E53/><V92/><F116/><W131/><G93/><T33/><D111/><U114/><E114/><V109/><F109/><W1/><G7/><T22/><D79/><U21/><E87/><V17/><F74/><W31/><G1/><T84/><D4/><U122/><E122/><V132/><F72/><W110/><G110/><T12/><D33/><U0/><E0/><V63/><F3/><W75/><G75/><T5/><D67/><U49/><E38/><V55/><F2/><W71/><G71/><T90/><D107/><U108/><E108/><V69/><F132/><N who="3" m="50795" /><G24/><T60/><D5/><U6/><E129/><V135/><F135/><W76/><G76/><T66/><D43/><U48/><E128/><V70/><F70/><W62/><G62/><T68/><D26/><U101/><E49/><V47/><F69/><W83/><G83/><T104/><D104/><U85/><E6/><V8/><F63/><W14/><G14/><T105/><D105/><N who="1" m="63663" /><E13/><V10/><F35/><AGARI ba="1,0" hai="27,31,35,130,131" m="50795,47691,13899" machi="35" ten="40,8000,1" yaku="30,2,18,1,20,1,23,1" doraHai="56" who="3" fromWho="2" sc="244,0,255,0,226,-83,275,83" owari="244,-15.6,255,5.5,143,-35.7,358,45.8" /></mjloggm>