<mjloggm ver="2.3"><GO type="225" lobby="0"/><UN n0="%E3%81%AF%E3%82%88%E3%81%8A%E3%81%98%E3%81%95%E3%82%93" n1="%6D%75%75%6D%75%72%61" n2="%E7%B4%94%E6%BD%94%E3%83%94%E3%83%A9%E3%83%8B%E3%82%A2" n3="%E3%81%A8%E3%82%93%E3%81%A8%E3%81%93%E3%81%A8%E3%82%93" dan="17,16,16,16" rate="2244.04,2070.74,2155.02,2151.68" sx="M,F,M,F"/><TAIKYOKU oya="0"/><INIT seed="0,0,0,2,1,129" ten="250,250,250,250" oya="0" hai0="19,0,103,59,51,36,91,16,92,44,22,33,74" hai1="126,64,77,15,117,106,132,73,95,100,124,65,32" hai2="84,7,66,23,97,18,72,53,21,63,113,12,90" hai3="83,109,67,6,130,86,38,96,111,31,26,78,4"/><T49/><D33/><U17/><E106/><V2/><F72/><W43/><G67/><T10/><D74/><U48/><E117/><V82/><F113/><W127/><G96/><T56/><D36/><U29/><E77/><V105/><F53/><W107/><G107/><T41/><D103/><U81/><E81/><V98/><F105/><W70/><G70/><T122/><D122/><U45/><E73/><V57/><F2/><W37/><G127/><T1/><D19/><U89/><E100/><V52/><F7/><N who="3" m="2603" /><G43/><T25/><D10/><U133/><E29/><V39/><F39/><W20/><G130/><T24/><D25/><U94/><E32/><V85/><F23/><W99/><G99/><T60/><D51/><U115/><E115/><V3/><F3/><W120/><G120/><T116/><D56/><U50/><E50/><V123/><F123/><W93/><G93/><N who="1" m="35338" /><E89/><V112/><F112/><W68/><G68/><T119/><D0/><U42/><E64/><V14/><F14/><W75/><G75/><T71/><D71/><U58/><E65/><V8/><F21/><W121/><G121/><T108/><D1/><U79/><E79/><V101/><F101/><W128/><G128/><T28/><D28/><U76/><E76/><N who="2" m="46151" /><F66/><W134/><G134/><N who="1" m="51818" /><E58/><V9/><F90/><W135/><G135/><T61/><D116/><U27/><E27/><V118/><F118/><W47/><G37/><T69/><D69/><U54/><E42/><V55/><F57/><W5/><G38/><T114/><D119/><U13/><E13/><V110/><F12/><W35/><G35/><RYUUKYOKU ba="0,0" sc="250,-10,250,30,250,-10,250,-10" hai1="15,17,45,48,54,124,126" /><INIT seed="1,1,0,3,5,40" ten="240,280,240,240" oya="1" hai0="86,23,81,38,26,125,129,88,106,66,4,122,73" hai1="131,28,20,16,56,65,123,42,47,46,75,132,78" hai2="104,12,96,112,69,105,18,54,9,90,3,1,95" hai3="133,21,130,127,17,85,44,118,49,6,30,39,10"/><U99/><E123/><V110/><F69/><W111/><G39/><T135/><D38/><U77/><E75/><V100/><F112/><W72/><G72/><T11/><D106/><U58/><E42/><V13/><F110/><W15/><G111/><T27/><D73/><U93/><E28/><V134/><F134/><W98/><G133/><T51/><D135/><U64/><E131/><V76/><F105/><W117/><G130/><T80/><D129/><U79/><E132/><V119/><F119/><W109/><G109/><T121/><D125/><U29/><E29/><V91/><F76/><W103/><G127/><T8/><D66/><N who="1" m="25707" /><E58/><V31/><F31/><W19/><G85/><T5/><D51/><U62/><E56/><V55/><F13/><W101/><G30/><T68/><D68/><U102/><E62/><V57/><F55/><W22/><G117/><T32/><D32/><U87/><E87/><V70/><F70/><W50/><G118/><T115/><D115/><U114/><E114/><V60/><REACH who="2" step="1"/><F104/><REACH who="2" ten="240,280,230,240" step="2"/><W7/><G15/><AGARI ba="1,1" hai="15,16,20,46,47,77,78,79,93,99,102" m="25707" machi="15" ten="30,11600,0" yaku="8,1,52,2,54,1" doraHai="40" who="1" fromWho="3" sc="240,0,280,129,230,0,240,-119" /><INIT seed="1,2,0,2,3,11" ten="240,409,230,121" oya="1" hai0="24,77,87,1,25,76,58,52,113,73,59,45,119" hai1="101,9,20,78,32,69,64,92,112,13,71,27,14" hai2="56,72,60,8,21,132,106,131,79,118,3,33,82" hai3="5,51,42,120,95,116,89,108,10,105,110,39,88"/><U19/><E112/><V85/><F118/><W61/><G120/><T100/><D119/><U135/><E135/><V57/><F132/><W84/><G105/><T121/><D113/><U91/><E101/><V117/><F33/><W129/><G116/><T90/><D1/><U17/><E78/><N who="0" m="30313" /><D73/><U31/><E64/><V122/><F122/><W12/><G39/><T109/><D109/><U130/><E130/><V70/><F117/><W86/><G129/><T29/><D100/><U125/><E125/><V34/><F34/><W83/><REACH who="3" step="1"/><G61/><REACH who="3" ten="240,409,230,111" step="2"/><T111/><D121/><U15/><E71/><V38/><F60/><W30/><G30/><T96/><D29/><U6/><E69/><V66/><F70/><W36/><G36/><T37/><D37/><U123/><E123/><V81/><F38/><W68/><G68/><T97/><D111/><U128/><E128/><V18/><F106/><W63/><G63/><N who="0" m="36295" /><D59/><U127/><E127/><V65/><F57/><W75/><G75/><T49/><D49/><U50/><E50/><V35/><F56/><W2/><G2/><T94/><D45/><AGARI ba="2,1" hai="5,10,12,42,45,51,83,84,86,88,89,95,108,110" machi="45" ten="40,5200,0" yaku="1,1,52,1,54,1,53,0" doraHai="11" doraHaiUra="67" who="3" fromWho="0" sc="240,-58,409,0,230,0,111,68" /><INIT seed="2,0,0,0,4,109" ten="182,409,230,179" oya="2" hai0="94,40,124,93,100,50,14,54,74,83,28,10,102" hai1="106,99,135,107,90,82,20,104,77,29,44,9,6" hai2="45,1,117,78,79,133,108,127,41,27,11,46,36" hai3="12,49,98,7,105,30,72,58,110,25,113,112,130"/><V61/><F117/><W39/><G39/><T115/><D115/><N who="3" m="44105" /><G72/><T123/><D123/><U13/><E135/><V48/><F133/><W67/><G110/><T4/><D124/><U5/><E5/><V2/><F127/><W37/><G37/><T91/><D40/><U92/><E44/><V38/><F108/><W42/><G130/><T95/><D28/><U80/><E77/><V33/><F33/><N who="3" m="20687" /><G67/><T56/><REACH who="0" step="1"/><D74/><REACH who="0" ten="172,409,230,179" step="2"/><U8/><E29/><V59/><F38/><W26/><G26/><T35/><D35/><U122/><E122/><V64/><F27/><W81/><G81/><T23/><D23/><U126/><E82/><V55/><F11/><N who="3" m="4223" /><G42/><T22/><D22/><U97/><E80/><V68/><REACH who="2" step="1"/><F46/><REACH who="2" ten="172,409,220,179" step="2"/><W116/><G116/><T101/><D101/><U134/><E126/><V125/><F125/><W0/><G0/><AGARI ba="0,2" hai="0,1,2,36,41,45,48,55,59,61,64,68,78,79" machi="0" ten="40,12000,1" yaku="1,1,24,2,53,1" doraHai="109" doraHaiUra="65" who="2" fromWho="3" sc="172,0,409,0,220,140,179,-120" /><INIT seed="2,1,0,0,3,82" ten="172,409,360,59" oya="2" hai0="13,34,25,130,127,58,44,23,115,9,62,19,50" hai1="73,77,11,37,117,134,40,95,90,3,121,20,17" hai2="12,123,7,42,76,52,69,15,1,114,92,97,56" hai3="120,83,54,47,30,21,106,53,51,131,0,57,60"/><V43/><F69/><W16/><G120/><T63/><D115/><U8/><E117/><V113/><F123/><W14/><G131/><T81/><D130/><U78/><E121/><V31/><F1/><W26/><G0/><T104/><D104/><U133/><E40/><N who="2" m="15403" /><F114/><W2/><G2/><T10/><D127/><U99/><E37/><V122/><F122/><W24/><G106/><T66/><D34/><U71/><E71/><V100/><F113/><W112/><G112/><T70/><D50/><U91/><E73/><V116/><F116/><W125/><G125/><T59/><D44/><U48/><E3/><V101/><F76/><W18/><G18/><T49/><D49/><U103/><E78/><V86/><F31/><W4/><G4/><T109/><D109/><U96/><E77/><V36/><F36/><W105/><G105/><T129/><D129/><U27/><E48/><N who="2" m="30727" /><F7/><W102/><G102/><N who="2" m="39529" /><F97/><W89/><REACH who="3" step="1"/><G30/><REACH who="3" ten="172,409,360,49" step="2"/><T33/><D19/><U35/><E17/><V88/><AGARI ba="1,1" hai="12,15,86,88,92" m="39529,30727,15403" machi="88" ten="30,11700,0" yaku="8,1,52,1,54,2" doraHai="82" who="2" fromWho="2" sc="172,-40,409,-40,360,130,49,-40" /><INIT seed="2,2,0,2,2,100" ten="132,369,490,9" oya="2" hai0="41,68,134,51,98,104,28,14,38,124,69,91,89" hai1="60,34,71,113,31,26,80,129,8,131,126,54,18" hai2="120,29,128,33,17,47,64,49,96,27,13,110,119" hai3="15,35,74,40,77,103,50,44,6,111,25,58,45"/><V108/><F119/><W101/><G74/><T43/><D38/><U84/><E113/><V99/><F120/><W36/><G77/><T61/><D28/><U19/><E126/><V93/><F64/><W75/><G75/><T5/><D124/><U10/><E71/><V82/><F82/><W86/><G86/><T76/><D76/><U37/><E37/><V112/><F112/><W57/><G111/><N who="2" m="42537" /><F93/><W135/><G135/><T2/><D2/><U127/><E127/><V81/><F81/><W85/><G85/><T66/><D69/><U94/><E94/><V7/><F7/><W24/><G6/><T9/><D134/><U42/><E84/><V52/><F128/><W130/><G15/><T23/><D14/><U95/><E80/><V55/><F55/><W123/><G130/><T4/><D66/><U1/><E54/><V78/><F78/><W63/><G123/><T106/><D4/><U102/><E95/><V92/><F92/><W65/><G57/><T116/><D68/><U70/><E70/><V59/><F59/><W3/><G3/><T87/><D87/><U114/><E1/><V125/><F125/><W105/><G35/><T56/><D116/><U20/><E34/><V32/><F33/><W72/><G72/><T97/><D56/><U115/><E115/><V48/><F48/><W0/><G0/><T117/><D51/><U22/><E114/><V83/><F83/><W122/><G122/><T53/><D5/><U107/><E131/><V90/><F90/><W109/><G109/><T39/><D91/><U12/><E129/><V67/><F67/><RYUUKYOKU ba="2,0" sc="132,-10,369,-10,490,30,9,-10" hai2="13,17,27,29,32,47,49,52,96,99" owari="122,-27.8,359,15.9,520,62.0,-1,-50.1" /></mjloggm>