<mjloggm ver="2.3"><GO type="225" lobby="0"/><UN n0="%67%61%79%75%6E%79" n1="%4C%4F%4C%49%54%41" n2="%E8%A8%88%E7%AE%97%E6%A9%9F%E8%87%AA%E7%84%B6" n3="%E5%84%AA%40%41%42%43" dan="16,16,17,17" rate="2170.69,2198.35,2242.82,2245.58" sx="M,F,M,M"/><TAIKYOKU oya="0"/><INIT seed="0,0,0,3,0,21" ten="250,250,250,250" oya="0" hai0="77,79,37,16,69,103,100,67,119,43,65,49,31" hai1="74,14,89,85,93,26,81,10,112,134,70,133,32" hai2="75,4,101,114,35,12,50,125,126,132,34,113,84" hai3="105,29,62,41,13,86,121,53,61,129,7,64,23"/><T99/><D37/><U88/><E70/><V40/><F75/><W135/><G105/><T54/><D43/><U11/><E112/><N who="2" m="43115" /><F101/><W1/><G135/><N who="1" m="51722" /><E14/><V110/><F84/><W92/><G41/><T3/><D3/><U131/><E131/><V120/><F132/><W95/><G1/><T102/><D99/><N who="1" m="57775" /><E74/><V116/><F120/><W48/><G129/><T9/><D31/><AGARI ba="0,0" hai="10,11,26,31,32,81,85,88" m="57775,51722" machi="31" ten="30,3900,0" yaku="20,1,52,1,54,1" doraHai="21" who="1" fromWho="0" sc="250,-39,250,39,250,0,250,0" /><INIT seed="1,0,0,5,4,32" ten="211,289,250,250" oya="1" hai0="25,113,55,134,130,7,93,110,22,112,126,58,107" hai1="40,26,33,80,30,79,123,60,43,97,45,42,29" hai2="135,133,59,84,37,41,15,115,48,109,119,46,108" hai3="11,17,66,13,20,49,95,77,38,9,5,127,21"/><U102/><E123/><V83/><F15/><W52/><G38/><T91/><D107/><U124/><E124/><V62/><F84/><W27/><G127/><T125/><D110/><N who="2" m="42602" /><F83/><W70/><G70/><T68/><D68/><U114/><E30/><V10/><F10/><W104/><G66/><T63/><D134/><N who="2" m="51210" /><F115/><W2/><G104/><T0/><D130/><U19/><E19/><V103/><F103/><W122/><G122/><T73/><D73/><U47/><E60/><V16/><F16/><W82/><G95/><T54/><D54/><U86/><E114/><V67/><F119/><W69/><G69/><T61/><D61/><U116/><E116/><V118/><F118/><W39/><G39/><AGARI ba="0,0" hai="37,39,41,46,48,59,62,67" m="51210,42602" machi="39" ten="30,7700,0" yaku="14,1,20,1,34,2" doraHai="32" who="2" fromWho="3" sc="211,0,289,0,250,77,250,-77" /><INIT seed="2,0,0,1,4,86" ten="211,289,327,173" oya="2" hai0="93,82,122,90,78,91,54,55,127,26,69,76,101" hai1="17,75,121,34,33,4,71,68,70,36,9,126,27" hai2="18,66,105,48,114,22,56,84,92,94,3,52,97" hai3="65,23,2,81,24,11,135,85,115,124,79,12,14"/><V106/><F114/><W80/><G135/><T99/><D69/><U46/><E126/><V21/><F3/><W28/><G124/><T98/><D122/><U1/><E121/><V109/><F109/><W119/><G119/><T31/><D127/><U96/><E17/><V103/><F66/><W112/><G65/><T89/><D99/><U62/><E62/><V125/><F21/><W5/><REACH who="3" step="1"/><G80/><REACH who="3" ten="211,289,327,163" step="2"/><T30/><D78/><U117/><E117/><V57/><F125/><W60/><G60/><T13/><D13/><AGARI ba="0,1" hai="2,5,11,12,13,14,23,24,28,79,81,85,112,115" machi="13" ten="40,1300,0" yaku="1,1,53,0" doraHai="86" doraHaiUra="102" who="3" fromWho="0" sc="211,-13,289,0,327,0,163,23" /><INIT seed="3,0,0,0,3,91" ten="198,289,327,186" oya="3" hai0="113,59,14,111,117,8,31,64,33,45,108,103,118" hai1="20,32,121,50,133,125,29,110,68,63,119,23,5" hai2="76,96,106,74,9,35,62,127,84,53,41,21,61" hai3="54,7,30,3,132,11,19,57,34,105,122,51,67"/><W77/><G122/><T99/><D113/><U128/><E121/><V92/><F35/><W37/><G37/><T115/><D115/><U52/><E110/><N who="0" m="42025" /><D45/><U107/><E107/><V43/><F74/><W56/><G105/><N who="0" m="63743" /><D31/><U89/><E5/><V101/><F127/><W18/><G132/><T104/><D33/><U129/><E133/><V116/><F116/><W1/><G3/><T39/><D39/><U130/><E125/><V102/><F102/><W131/><G131/><T65/><D104/><U70/><E119/><N who="0" m="45577" /><D59/><N who="1" m="33175" /><E32/><V75/><F9/><W72/><G67/><T26/><D26/><U135/><E135/><V48/><F61/><W112/><G112/><T6/><AGARI ba="0,0" hai="6,8,14,64,65" m="45577,63743,42025" machi="6" ten="30,1100,0" yaku="14,1" doraHai="91" who="0" fromWho="0" sc="198,11,289,-3,327,-3,186,-5" owari="209,-19.1,286,8.6,324,42.4,181,-31.9" /></mjloggm>