<mjloggm ver="2.3"><GO type="225" lobby="0"/><UN n0="%E5%8F%AF%E5%85%90%E9%82%A3%E7%94%B1%E5%A4%9A" n1="%73%6C%69%63%6B%33%31%39" n2="%6D%75%75%6D%75%72%61" n3="%E7%AD%89%E3%80%85%E5%8A%9B%E5%8A%87%E5%A0%B4" dan="16,16,16,17" rate="2183.15,2113.93,2142.45,2149.84" sx="F,M,F,M"/><TAIKYOKU oya="0"/><INIT seed="0,0,0,2,1,79" ten="250,250,250,250" oya="0" hai0="120,4,54,6,58,81,116,28,17,42,24,64,15" hai1="103,63,19,97,111,43,2,59,90,39,117,99,36" hai2="89,29,23,44,82,93,94,86,55,56,105,48,96" hai3="113,98,52,60,47,135,11,70,118,84,91,30,87"/><T76/><D116/><U10/><E117/><V34/><F34/><W107/><G118/><T31/><D120/><U122/><E122/><V80/><F105/><W95/><G113/><T41/><D64/><U18/><E111/><V121/><F121/><W69/><G135/><T73/><D4/><U78/><E78/><V125/><F125/><W57/><G30/><T12/><D6/><U124/><E124/><V101/><F44/><W72/><G72/><T133/><D133/><U68/><E68/><V67/><F67/><W132/><G132/><T14/><D17/><U7/><E90/><V115/><F115/><W3/><G11/><T127/><D31/><U74/><E74/><V45/><F45/><W40/><G3/><T130/><D130/><U1/><E1/><V49/><F49/><W20/><G20/><T0/><D0/><U46/><E39/><V102/><F102/><W123/><G123/><T110/><D110/><U35/><E35/><V9/><F9/><W50/><G107/><T92/><D92/><U104/><REACH who="1" step="1"/><E99/><REACH who="1" ten="250,240,250,250" step="2"/><V51/><F51/><W25/><G70/><T38/><D38/><U22/><E22/><V85/><F86/><W71/><G69/><T37/><D37/><U129/><E129/><V33/><F33/><W112/><G71/><T75/><D75/><U32/><E32/><V8/><F8/><W5/><G112/><T16/><D127/><U126/><E126/><V83/><F94/><W61/><G87/><T53/><D73/><U13/><E13/><V114/><F114/><W108/><G84/><N who="0" m="48167" /><D12/><U62/><E62/><V88/><F89/><RYUUKYOKU ba="0,1" sc="250,-15,240,15,250,15,250,-15" hai1="2,7,10,18,19,36,43,46,59,63,97,103,104" hai2="23,29,48,55,56,80,82,83,85,88,93,96,101" /><INIT seed="1,1,1,0,1,113" ten="235,255,265,235" oya="1" hai0="38,28,103,66,104,84,95,123,34,126,72,128,119" hai1="81,76,23,51,14,46,21,31,53,77,82,47,94" hai2="68,70,8,91,121,12,26,87,56,16,73,127,85" hai3="41,132,131,63,67,24,64,134,88,17,49,57,133"/><U36/><E94/><V101/><F121/><W35/><G131/><T27/><D119/><U112/><E112/><V110/><F73/><W98/><G67/><T1/><D128/><U111/><E111/><V10/><F110/><W45/><G17/><T106/><D123/><U40/><E31/><V62/><F127/><W116/><G116/><T105/><D72/><U100/><E100/><V89/><F101/><W124/><G124/><T30/><D126/><U125/><E125/><V61/><F26/><W97/><REACH who="3" step="1"/><G88/><REACH who="3" ten="235,255,265,225" step="2"/><N who="2" m="33865" /><F70/><W44/><G44/><T75/><D66/><U19/><E81/><V32/><F68/><W114/><G114/><T15/><D103/><U60/><E82/><V25/><F56/><W96/><G96/><T9/><D30/><AGARI ba="1,2" hai="24,30,35,41,45,49,57,63,64,97,98,132,133,134" machi="30" ten="40,5200,0" yaku="1,1,20,1,53,1" doraHai="113" doraHaiUra="42" who="3" fromWho="0" sc="235,-55,255,0,265,0,225,75" /><INIT seed="2,0,0,2,5,61" ten="180,255,265,300" oya="2" hai0="86,57,109,13,53,105,62,73,84,131,75,117,60" hai1="18,118,65,51,7,123,59,106,94,35,34,104,122" hai2="110,72,69,3,23,125,10,91,81,44,102,42,46" hai3="129,128,83,0,63,135,90,121,79,89,39,14,56"/><V101/><F125/><W37/><G0/><T32/><D105/><N who="1" m="40555" /><E7/><V119/><F119/><W52/><G121/><N who="1" m="46090" /><E118/><V80/><F110/><W108/><G135/><T58/><D117/><U76/><E76/><N who="2" m="44039" /><F46/><W4/><G108/><T6/><D109/><U127/><E127/><V1/><F1/><W50/><G39/><T15/><D32/><N who="1" m="12331" /><E94/><V38/><F23/><W11/><G37/><T77/><D131/><N who="3" m="50249" /><G50/><T47/><D47/><U112/><E18/><V17/><F17/><W54/><G54/><T98/><D6/><U99/><E99/><V132/><F132/><W31/><G31/><T27/><D98/><U126/><E126/><V115/><F115/><W25/><G25/><T41/><D27/><U20/><E20/><V71/><F101/><W28/><G28/><T2/><D2/><U124/><E124/><V66/><F102/><W85/><AGARI ba="0,0" hai="4,11,14,52,56,63,79,83,85,89,90" m="50249" machi="85" ten="30,2000,0" yaku="19,1,54,1" doraHai="61" who="3" fromWho="3" sc="180,-5,255,-5,265,-10,300,20" /><INIT seed="3,0,0,2,2,74" ten="175,250,255,320" oya="3" hai0="88,16,119,36,107,9,126,86,56,71,39,69,45" hai1="44,58,20,53,125,90,100,73,64,111,41,131,7" hai2="79,42,26,77,93,99,4,91,113,114,1,38,5" hai3="95,65,60,121,135,14,48,132,23,59,25,94,13"/><W28/><G121/><T105/><D119/><U76/><E100/><V12/><F1/><W24/><G24/><T130/><D130/><U47/><E64/><V54/><F38/><W109/><G109/><T102/><D126/><U21/><E7/><V129/><F42/><W117/><G117/><T40/><D39/><U67/><E67/><V83/><F129/><W75/><G75/><T2/><D56/><U87/><E131/><V33/><F54/><W101/><G48/><T68/><D102/><U66/><E66/><V96/><F96/><N who="3" m="59543" /><G95/><T46/><D46/><U89/><E73/><V92/><F92/><W104/><G104/><T84/><D2/><U49/><E125/><V19/><F26/><W82/><G82/><T120/><D120/><U124/><E111/><V52/><F33/><W30/><G30/><T98/><D98/><U63/><E44/><V108/><F108/><W37/><G37/><T57/><D57/><U116/><E124/><V78/><F83/><W31/><G31/><T29/><D29/><U35/><E35/><V110/><F110/><W18/><G14/><T123/><D123/><U3/><E3/><V81/><F81/><W112/><G112/><T127/><D127/><U70/><E70/><V50/><F114/><W134/><G13/><T27/><D9/><U17/><E116/><V22/><F113/><W122/><G28/><T6/><D6/><U34/><E34/><V61/><F61/><W0/><G0/><T51/><D36/><U106/><E106/><V97/><F97/><W115/><G122/><T11/><D27/><N who="1" m="14735" /><E21/><V15/><F15/><RYUUKYOKU ba="0,0" sc="175,-30,250,10,255,10,320,10" hai1="41,47,49,53,58,63,76,87,89,90" hai2="4,5,12,19,22,50,52,77,78,79,91,93,99" hai3="18,23,25,59,60,65,115,132,134,135" owari="145,-35.5,260,-14.0,265,6.5,330,43.0" /></mjloggm>