<mjloggm ver="2.3"><GO type="225" lobby="0"/><UN n0="%E3%81%A1%E3%82%85%E3%81%86%E3%81%A9%E3%81%8F%E8%B1%A1%E3%81%95%E3%82%93" n1="%E6%97%A5%E6%9B%9C%E6%97%A5%E3%82%88%E3%82%8A%E3%81%AE%E4%BD%BF%E8%80%85" n2="%E8%81%B7%E6%A5%AD%E3%80%81%E9%A2%A8%32" n3="%43%68%65" dan="16,17,16,16" rate="2107.90,2170.87,2115.84,2164.11" sx="M,M,M,M"/><TAIKYOKU oya="0"/><INIT seed="0,0,0,4,0,51" ten="250,250,250,250" oya="0" hai0="71,37,12,111,36,80,107,16,29,43,28,79,96" hai1="27,57,53,94,122,90,85,61,3,1,78,68,131" hai2="48,23,52,112,121,124,66,58,45,108,26,128,65" hai3="127,32,56,50,63,34,33,110,46,116,60,73,100"/><T4/><D71/><U81/><E122/><V13/><F108/><W82/><G116/><T118/><D118/><U119/><E119/><V15/><F112/><W134/><G110/><T59/><D4/><U55/><E131/><V54/><F128/><W69/><G69/><T41/><D111/><U76/><E68/><V115/><F115/><W91/><G127/><T104/><D59/><U133/><E133/><V44/><F124/><W62/><G100/><T95/><D41/><U35/><E78/><V19/><F45/><W83/><G134/><T31/><D43/><U117/><E117/><V6/><F121/><W47/><G73/><T123/><D123/><U9/><E9/><N who="2" m="4279" /><F15/><W25/><G25/><T97/><D107/><U67/><E35/><V0/><F0/><W125/><G125/><T101/><D104/><U11/><E27/><V88/><F88/><W74/><G74/><T120/><D97/><U103/><E103/><V30/><F30/><W132/><G132/><T18/><D120/><U114/><E114/><V64/><F64/><W92/><G47/><T102/><D102/><U7/><REACH who="1" step="1"/><E1/><REACH who="1" ten="250,240,250,250" step="2"/><V86/><F86/><AGARI ba="0,1" hai="3,7,11,53,55,57,61,67,76,81,85,86,90,94" machi="86" ten="30,12000,2" yaku="1,1,2,1,7,1,52,2,53,1" doraHai="51" doraHaiUra="84" who="1" fromWho="2" sc="250,0,240,130,250,-120,250,0" /><INIT seed="1,0,0,0,3,88" ten="250,370,130,250" oya="1" hai0="53,76,27,39,83,96,107,59,14,54,134,102,116" hai1="99,13,72,21,23,132,52,74,120,25,55,26,48" hai2="115,105,18,17,61,103,20,123,43,42,38,65,130" hai3="77,124,60,122,44,57,64,90,75,62,81,97,58"/><U118/><E118/><V125/><F123/><W78/><G122/><T131/><D116/><U106/><E120/><V69/><F115/><W89/><G124/><T82/><D134/><U35/><E35/><V1/><F1/><W7/><G78/><T30/><D131/><U101/><E13/><V9/><F130/><W79/><G79/><T32/><D39/><U24/><E132/><V112/><F112/><W98/><G7/><T34/><D34/><U51/><E74/><V127/><F9/><W113/><G44/><T16/><D59/><U67/><E67/><V126/><F38/><W128/><G128/><T29/><D30/><U46/><E72/><V0/><F0/><W73/><G73/><T66/><D66/><U15/><E15/><V8/><F8/><W70/><G113/><T135/><D135/><U2/><E2/><V92/><F105/><W41/><G41/><T94/><D107/><U85/><E85/><V28/><F28/><W45/><G45/><AGARI ba="0,0" hai="21,23,24,25,26,45,46,48,51,52,55,99,101,106" machi="45" ten="40,3900,0" yaku="9,1,54,1" doraHai="88" who="1" fromWho="3" sc="250,0,370,39,130,0,250,-39" /><INIT seed="1,1,0,4,5,123" ten="250,409,130,211" oya="1" hai0="119,54,46,126,69,30,42,102,52,13,94,129,43" hai1="11,84,114,53,108,45,92,109,93,3,135,25,19" hai2="98,120,64,9,89,87,26,77,112,16,85,79,70" hai3="15,96,61,125,134,39,116,78,51,48,21,40,101"/><U31/><E114/><V105/><F120/><W62/><G39/><T72/><D72/><U118/><E118/><V106/><F112/><W128/><G116/><T133/><D119/><U67/><E67/><V10/><F70/><W82/><G125/><T122/><D69/><U97/><E84/><N who="2" m="32331" /><F64/><W73/><G128/><T24/><D122/><U104/><E104/><N who="2" m="40043" /><F26/><W4/><G134/><T110/><D126/><U34/><E135/><V20/><F20/><W5/><G5/><T121/><D121/><U12/><E3/><V91/><F16/><W17/><G4/><T2/><D133/><U88/><E93/><N who="2" m="56623" /><F10/><W74/><G51/><T115/><D129/><U56/><E45/><V0/><F9/><W6/><G6/><T86/><D115/><U22/><E34/><V107/><F0/><W58/><G40/><T23/><D2/><U44/><E44/><V75/><F75/><W100/><G73/><T47/><D13/><U60/><AGARI ba="1,0" hai="11,12,19,22,25,31,53,56,60,88,92,97,108,109" machi="60" ten="30,11700,0" yaku="0,1,52,2,54,1" doraHai="123" who="1" fromWho="1" sc="250,-40,409,120,130,-40,211,-40" /><INIT seed="1,2,0,4,2,41" ten="210,529,90,171" oya="1" hai0="36,60,10,48,120,66,116,20,94,110,5,128,59" hai1="51,39,105,73,95,121,4,56,122,1,100,61,15" hai2="119,3,107,37,101,22,106,135,33,0,86,97,114" hai3="18,102,85,82,14,75,47,23,118,26,52,6,93"/><U54/><E105/><V42/><F33/><W111/><G111/><T132/><D36/><U96/><E1/><V84/><F114/><W71/><G71/><T65/><D116/><U113/><E113/><V50/><F119/><W134/><G118/><T91/><D120/><U11/><E39/><V81/><F37/><W115/><G115/><T32/><D32/><U34/><E34/><V55/><F42/><W125/><G125/><T28/><D110/><U126/><E73/><V2/><F135/><W87/><G75/><T124/><D124/><U70/><E126/><V72/><F107/><W68/><G68/><T77/><D77/><U79/><E79/><V62/><F62/><W17/><G6/><T130/><D132/><U99/><E99/><V76/><REACH who="2" step="1"/><F22/><REACH who="2" ten="210,529,80,171" step="2"/><N who="3" m="11575" /><G134/><T78/><D20/><U43/><E43/><V64/><F64/><W63/><G63/><T53/><D65/><U30/><E122/><V123/><F123/><W12/><G23/><T133/><D66/><U104/><E121/><V90/><F90/><W127/><G127/><T9/><D60/><U112/><E112/><V49/><F49/><W27/><G52/><T38/><D38/><U92/><E70/><V44/><AGARI ba="2,1" hai="0,2,3,44,50,55,72,76,81,84,86,97,101,106" machi="44" ten="30,4000,0" yaku="1,1,0,1,52,1,53,0" doraHai="41" doraHaiUra="13" who="2" fromWho="2" sc="210,-12,529,-22,80,56,171,-12" /><INIT seed="2,0,0,4,0,32" ten="198,507,136,159" oya="2" hai0="125,120,113,67,15,31,27,114,129,73,77,72,103" hai1="7,45,30,24,50,54,123,42,43,92,5,62,116" hai2="14,75,135,9,11,97,95,25,39,126,105,102,69" hai3="18,134,110,52,112,84,91,6,127,71,107,26,20"/><V96/><F69/><W83/><G110/><T98/><D120/><U133/><E116/><V86/><F39/><W66/><G127/><T128/><D67/><U109/><E109/><V8/><F75/><N who="0" m="28746" /><D15/><U57/><E123/><V115/><F115/><N who="0" m="44042" /><D77/><U33/><E133/><V78/><F135/><W80/><G134/><T3/><D125/><U101/><E43/><V117/><F126/><W22/><G107/><N who="0" m="63991" /><D3/><U48/><E62/><V94/><F117/><W13/><G112/><T64/><D64/><U1/><E1/><V99/><F25/><W100/><G66/><T130/><D27/><U132/><E132/><V85/><F14/><W28/><G71/><T124/><D124/><U65/><E65/><V63/><F63/><W81/><G6/><T53/><D53/><U131/><E131/><V58/><F58/><W60/><G100/><T41/><D41/><U44/><E44/><V51/><F51/><W104/><G104/><T40/><D40/><U2/><E2/><V37/><F37/><W21/><G21/><T74/><N who="0" m="28754" /><T70/><DORA hai="93" /><D31/><U68/><E68/><AGARI ba="0,0" hai="68,70,128,129,130" m="63991,44042,28754" machi="68" ten="50,6400,0" yaku="19,1,23,1,52,1" doraHai="32,93" who="0" fromWho="1" sc="198,64,507,-64,136,0,159,0" /><INIT seed="3,0,0,4,1,15" ten="262,443,136,159" oya="3" hai0="49,50,118,117,91,94,27,66,47,108,134,92,19" hai1="87,58,109,70,34,83,102,127,2,106,8,37,44" hai2="43,17,84,56,101,77,120,29,60,115,39,14,85" hai3="68,104,55,36,26,130,97,74,32,113,72,10,38"/><W76/><G113/><T12/><D108/><U33/><E58/><V46/><F115/><W112/><G112/><T105/><D105/><U73/><E70/><V125/><F125/><W93/><G130/><T128/><D128/><U78/><E109/><V18/><F120/><W131/><G131/><T69/><D27/><U52/><E127/><V51/><F29/><W96/><G68/><T80/><D134/><U81/><E52/><N who="2" m="33799" /><F39/><W3/><G55/><T122/><D122/><U116/><E87/><N who="2" m="33355" /><F77/><W103/><G93/><T98/><D80/><U62/><E62/><V25/><F101/><W31/><G96/><T24/><D24/><U110/><E8/><N who="2" m="6343" /><F25/><W129/><G129/><T22/><D49/><U61/><E44/><N who="2" m="26015" /><F18/><W53/><G53/><T132/><D132/><U35/><E35/><V124/><F124/><W114/><G114/><T82/><D82/><U16/><E102/><V88/><F88/><W5/><G76/><T21/><D92/><U111/><E61/><V13/><F13/><W45/><G45/><AGARI ba="0,0" hai="45,46" m="26015,6343,33355,33799" machi="45" ten="30,3900,0" yaku="8,1,52,1,54,1" doraHai="15" who="2" fromWho="3" sc="262,0,443,0,136,39,159,-39" owari="262,6.2,443,54.3,175,-22.5,120,-38.0" /></mjloggm>