<mjloggm ver="2.3"><GO type="225" lobby="0"/><UN n0="%E6%A1%9C%E8%8A%B1%E9%96%83%E3%80%85" n1="%E7%B4%94%E6%BD%94%E3%83%94%E3%83%A9%E3%83%8B%E3%82%A2" n2="%E3%81%A9%E3%82%8F%E3%82%93%E3%81%94" n3="%33%74%72%65%65" dan="16,16,16,16" rate="2061.67,2104.25,2045.17,2068.42" sx="M,M,M,F"/><TAIKYOKU oya="0"/><INIT seed="0,0,0,0,3,97" ten="250,250,250,250" oya="0" hai0="3,109,101,16,69,85,71,77,55,88,127,117,35" hai1="57,14,60,122,2,11,43,32,31,53,111,87,58" hai2="65,61,34,92,46,63,120,118,86,24,13,79,78" hai3="119,52,12,19,38,50,68,29,99,39,20,59,83"/><T121/><D117/><U90/><E122/><V56/><F118/><W15/><G119/><T45/><D121/><U62/><E111/><V112/><F120/><W42/><G68/><T74/><D35/><U9/><E2/><V132/><F132/><W126/><G126/><T6/><D127/><U107/><E107/><V102/><F112/><W133/><G133/><T28/><D28/><U0/><E0/><V114/><F34/><W51/><G29/><T5/><D101/><U47/><E32/><V108/><F108/><W93/><G83/><T98/><D74/><U54/><E31/><V129/><F24/><W135/><G135/><T75/><D98/><U36/><REACH who="1" step="1"/><E14/><REACH who="1" ten="250,240,250,250" step="2"/><V91/><F13/><W44/><REACH who="3" step="1"/><G12/><REACH who="3" ten="250,240,250,240" step="2"/><T95/><D3/><U105/><E105/><V64/><F114/><W33/><G33/><T100/><D109/><U26/><E26/><V48/><F129/><W17/><G17/><T8/><D16/><U110/><E110/><V30/><F30/><W125/><G125/><T113/><D113/><U84/><E84/><V18/><F18/><W73/><G73/><T134/><D75/><U67/><E67/><V96/><F65/><W128/><G128/><T94/><D85/><U23/><E23/><V21/><F21/><W1/><G1/><T115/><D115/><U22/><E22/><V104/><F64/><W130/><G130/><T49/><D134/><U4/><E4/><V27/><F27/><W116/><G116/><T123/><D5/><U25/><E25/><V89/><F86/><W80/><G80/><AGARI ba="0,2" hai="9,11,36,43,47,53,54,57,58,60,62,80,87,90" machi="80" ten="30,8000,1" yaku="1,1,7,1,9,1,53,2" doraHai="97" doraHaiUra="7" who="1" fromWho="3" sc="250,0,240,100,250,0,240,-80" /><INIT seed="1,0,0,1,1,63" ten="250,340,250,160" oya="1" hai0="102,53,30,67,80,101,127,55,39,92,24,57,130" hai1="87,88,32,128,43,17,85,51,124,109,91,59,0" hai2="27,97,74,62,45,99,48,115,81,33,21,11,18" hai3="95,22,125,100,89,65,77,54,113,118,50,94,29"/><U82/><E32/><V44/><F115/><W9/><G113/><T103/><D127/><U31/><E124/><V16/><F33/><W13/><G125/><T34/><D130/><U36/><E0/><V38/><F74/><W25/><G118/><T121/><D39/><U132/><E132/><V37/><F81/><W108/><G108/><T122/><D80/><U61/><E128/><V1/><F38/><W117/><G117/><T26/><D26/><U83/><E109/><V90/><F37/><W114/><G114/><T68/><D68/><U10/><E36/><V2/><F62/><W52/><G77/><T126/><D126/><U42/><E51/><V79/><F79/><W76/><G76/><T73/><D73/><U105/><E105/><V120/><F120/><N who="0" m="46186" /><D92/><U98/><E98/><V58/><F99/><W40/><G100/><T123/><N who="0" m="46194" /><T104/><DORA hai="46" /><D104/><U70/><E70/><V60/><F97/><N who="3" m="57551" /><G95/><T56/><D67/><N who="1" m="39359" /><E31/><V12/><F1/><W119/><G65/><T64/><D57/><U116/><E116/><V47/><F2/><W134/><G134/><T96/><D96/><U66/><E66/><N who="2" m="39191" /><F90/><W93/><G93/><T72/><D72/><U4/><E83/><V112/><F112/><W7/><G119/><T5/><D5/><U131/><E91/><V71/><F71/><W75/><G75/><T129/><D129/><U35/><E131/><V23/><F11/><W15/><G15/><T28/><D28/><U106/><E106/><V133/><F133/><W110/><G110/><T19/><D19/><U107/><E107/><V135/><F135/><RYUUKYOKU ba="0,0" sc="250,10,340,-30,250,10,160,10" hai0="24,30,34,53,55,56,64,101,102,103" hai2="12,16,18,21,23,27,44,45,47,48" hai3="7,9,13,22,25,29,40,50,52,54" /><INIT seed="2,1,0,5,5,76" ten="260,310,260,170" oya="2" hai0="49,50,111,26,19,11,31,34,107,127,101,112,56" hai1="8,14,128,28,35,53,123,4,117,114,39,61,13" hai2="9,87,94,93,120,69,22,124,3,30,57,109,100" hai3="119,38,72,86,77,15,12,27,20,106,25,70,89"/><V1/><F120/><W78/><G119/><T90/><D112/><U48/><E39/><V108/><F69/><W47/><G70/><T95/><D111/><N who="2" m="42570" /><F124/><W18/><G106/><T40/><D127/><U65/><E35/><V113/><F113/><W121/><G121/><T44/><D107/><U67/><E117/><V79/><F57/><W23/><G38/><T41/><D101/><U84/><E128/><V54/><F54/><W85/><G72/><T74/><D74/><U105/><E105/><V103/><F30/><W63/><G63/><T24/><D56/><U71/><E28/><V133/><F22/><W55/><G47/><N who="0" m="25831" /><D31/><U62/><E123/><V115/><F115/><W126/><G126/><T43/><D43/><U83/><E114/><V91/><F133/><W59/><G59/><T16/><D34/><U98/><E67/><V118/><F118/><W73/><G73/><T75/><D75/><U80/><E65/><V92/><F79/><W7/><G55/><T21/><D21/><U99/><E71/><V68/><F68/><W2/><G77/><T32/><D32/><U104/><E104/><V51/><F51/><W122/><G122/><T97/><D11/><U17/><E62/><V102/><F9/><W110/><G110/><T96/><D26/><U116/><E61/><V64/><F64/><W52/><G23/><T45/><D45/><U132/><E132/><V6/><F3/><W88/><G2/><T46/><D46/><U42/><E116/><V5/><F1/><W135/><G135/><T130/><D44/><N who="1" m="25623" /><E8/><V36/><F36/><W66/><G66/><RYUUKYOKU ba="1,0" sc="260,-10,310,-10,260,30,170,-10" hai2="5,6,87,91,92,93,94,100,102,103" /><INIT seed="2,2,0,3,1,111" ten="250,300,290,160" oya="2" hai0="5,55,73,79,44,125,106,67,96,108,78,57,99" hai1="18,13,132,6,30,21,9,1,88,115,40,66,76" hai2="62,28,89,10,45,42,14,104,51,93,3,92,32" hai3="11,53,27,15,23,22,31,0,4,118,19,77,119"/><V46/><F104/><W43/><G43/><T81/><D108/><U24/><E76/><V135/><F3/><W39/><G39/><T80/><D125/><U12/><E40/><V86/><F135/><W60/><G77/><T34/><D34/><N who="1" m="20807" /><E66/><V56/><F32/><W110/><G110/><T71/><D5/><N who="1" m="1199" /><E88/><V113/><F28/><W134/><G134/><T38/><D71/><U94/><E94/><N who="2" m="54583" /><F113/><W131/><G53/><T84/><D67/><U75/><E75/><V8/><F45/><W54/><G54/><T7/><D7/><U59/><E59/><V133/><F10/><W33/><G60/><T87/><D106/><U130/><E132/><V58/><F58/><W97/><G97/><T98/><D73/><U122/><E115/><V72/><F72/><W64/><G64/><T117/><D117/><U61/><E61/><V126/><F133/><W68/><G68/><T116/><D116/><U82/><E82/><V128/><F62/><W121/><G131/><T83/><D83/><U74/><E74/><V41/><F128/><W48/><G48/><N who="0" m="30951" /><D38/><U70/><E70/><V20/><F42/><W100/><G100/><T47/><AGARI ba="2,0" hai="44,47,78,79,80,81,84,87,96,98,99" m="30951" machi="47" ten="30,1100,0" yaku="8,1" doraHai="111" who="0" fromWho="0" sc="250,17,300,-5,290,-7,160,-5" /><INIT seed="3,0,0,4,4,0" ten="267,295,283,155" oya="3" hai0="71,135,125,128,97,107,102,77,47,78,35,2,3" hai1="70,36,12,65,38,94,40,104,64,59,69,27,103" hai2="8,93,34,58,33,5,48,108,129,119,109,56,22" hai3="116,19,124,81,23,75,120,76,89,113,92,54,49"/><W106/><G113/><T91/><D128/><U90/><E104/><V83/><F119/><W26/><G116/><T105/><D125/><U127/><E103/><V30/><F129/><W99/><G124/><T88/><D35/><U101/><E101/><V9/><F83/><W67/><G106/><T114/><D71/><U57/><E27/><N who="2" m="16759" /><F93/><W7/><G120/><T133/><D102/><U82/><E12/><N who="2" m="5135" /><F9/><W60/><G7/><T32/><D47/><U96/><E82/><V1/><F1/><W132/><G132/><T134/><D134/><U79/><E79/><V14/><F14/><W37/><G37/><N who="1" m="14442" /><E90/><V121/><F121/><W16/><G19/><T31/><D31/><U126/><E94/><V118/><F118/><W51/><REACH who="3" step="1"/><G54/><REACH who="3" ten="267,295,283,145" step="2"/><T87/><D114/><U62/><E127/><V55/><F55/><W6/><G6/><T39/><D39/><U66/><E126/><V17/><F17/><W130/><G130/><T21/><D107/><U84/><E40/><V10/><F10/><W11/><G11/><T123/><D123/><U42/><E42/><V115/><F115/><W15/><G15/><T53/><D53/><U122/><E122/><V85/><F109/><W131/><G131/><T111/><D111/><U13/><E13/><V43/><F108/><W63/><G63/><T44/><D105/><U74/><E62/><V18/><F18/><W72/><G72/><T45/><D133/><U4/><E74/><V112/><F112/><W28/><G28/><T25/><D135/><U24/><E4/><V29/><F29/><W52/><G52/><T98/><D2/><RYUUKYOKU ba="0,1" sc="267,-10,295,-10,283,-10,145,30" hai3="16,23,26,49,51,60,67,75,76,81,89,92,99" /><INIT seed="3,1,1,0,2,42" ten="257,285,273,175" oya="3" hai0="110,15,60,121,26,101,0,58,17,111,31,20,86" hai1="51,36,117,39,2,105,120,130,24,127,96,79,106" hai2="13,21,122,82,4,81,98,54,76,7,70,46,126" hai3="28,9,91,87,90,49,64,77,14,115,84,68,18"/><W47/><G115/><T5/><D101/><U32/><E51/><N who="2" m="29047" /><F70/><W132/><G132/><T23/><D86/><N who="3" m="32809" /><G68/><T41/><D41/><U131/><E79/><V67/><F126/><W97/><G64/><T69/><D69/><U109/><E127/><V125/><F125/><W124/><G124/><T129/><D58/><U3/><E109/><N who="0" m="41481" /><D60/><U11/><E117/><V45/><F67/><W104/><G104/><N who="1" m="40042" /><E96/><V95/><F45/><W65/><G65/><T83/><D83/><N who="2" m="31754" /><F76/><W112/><G112/><T55/><D55/><U89/><E89/><N who="3" m="33802" /><G77/><T108/><D108/><U29/><E120/><V80/><F80/><W30/><G97/><T74/><D74/><U22/><E32/><V62/><F122/><W99/><G99/><T37/><D37/><U119/><E119/><V63/><F98/><W40/><AGARI ba="1,1" hai="9,14,18,28,30,40,47,49" m="33802,32809" machi="40" ten="30,3000,0" yaku="8,1,52,1" doraHai="42" who="3" fromWho="3" sc="257,-11,285,-11,273,-11,175,43" /><INIT seed="3,2,0,5,0,30" ten="246,274,262,218" oya="3" hai0="58,12,108,26,121,80,99,38,97,53,65,101,8" hai1="114,48,113,134,84,11,105,102,19,25,92,55,111" hai2="73,89,28,103,117,43,66,68,0,3,59,34,49" hai3="83,112,76,35,91,71,21,47,126,135,81,56,98"/><W124/><G112/><T37/><D121/><U94/><E111/><V82/><F59/><W40/><G71/><T61/><D108/><U85/><E134/><V90/><F117/><W6/><G135/><T120/><D120/><U131/><E131/><V78/><F90/><W44/><G6/><T118/><D118/><U50/><E105/><V29/><F89/><W14/><G35/><T7/><D80/><U62/><E62/><N who="2" m="40023" /><F29/><W9/><G56/><T95/><D53/><U110/><E110/><V109/><F49/><N who="3" m="26759" /><G47/><T123/><D123/><U4/><E19/><V72/><F109/><W129/><G129/><T133/><D133/><U130/><E130/><V77/><F103/><W13/><G21/><T23/><REACH who="0" step="1"/><D99/><REACH who="0" ten="236,274,262,218" step="2"/><U100/><E55/><V74/><F43/><W20/><G81/><T10/><D10/><U27/><E11/><V132/><F132/><W63/><G9/><T87/><D87/><U119/><E119/><V116/><F116/><W18/><G98/><T64/><D64/><U127/><E4/><V31/><F73/><W69/><G83/><T52/><D52/><U45/><E45/><V54/><F54/><W107/><G126/><AGARI ba="2,1" hai="25,27,48,50,84,85,92,94,100,102,113,114,126,127" machi="126" ten="25,1600,0" yaku="22,2" doraHai="30" who="1" fromWho="3" sc="236,0,274,32,262,0,218,-22" owari="236,-16.4,306,40.6,262,6.2,196,-30.4" /></mjloggm>