<mjloggm ver="2.3"><GO type="225" lobby="0"/><UN n0="%E3%81%92%E3%81%A3%E3%81%A1" n1="%E5%84%AA%40%41%42%43" n2="%E3%81%B5%E3%81%98%E3%81%8B%E3%81%A4" n3="%72%69%6F%75%63%68%61%6E" dan="17,17,17,16" rate="2231.87,2159.92,2211.43,2165.79" sx="M,M,M,M"/><TAIKYOKU oya="0"/><INIT seed="0,0,0,0,0,95" ten="250,250,250,250" oya="0" hai0="121,6,128,29,93,28,74,125,3,64,92,134,14" hai1="111,97,110,50,47,101,21,59,114,117,62,84,123" hai2="58,116,10,76,104,51,71,5,56,75,26,130,39" hai3="43,17,42,61,22,32,70,133,81,99,86,18,24"/><T109/><D121/><U35/><E35/><V98/><F130/><W4/><G133/><T66/><D128/><U108/><E117/><V91/><F71/><W129/><G129/><T27/><D3/><U8/><E123/><V73/><F39/><W105/><G32/><T40/><D134/><U87/><E8/><V79/><F116/><W7/><G70/><T115/><D74/><U25/><E114/><V44/><F26/><W69/><G69/><T96/><D115/><U106/><E50/><V100/><F91/><W120/><G120/><T82/><D125/><U34/><E47/><V49/><F75/><W80/><G61/><T68/><D40/><U53/><REACH who="1" step="1"/><E34/><REACH who="1" ten="250,240,250,250" step="2"/><V103/><F51/><W72/><G4/><T9/><D109/><U33/><E33/><V85/><F49/><W118/><G7/><T124/><D9/><U63/><E63/><V126/><F44/><W45/><G45/><T83/><D6/><U0/><E0/><V23/><F10/><W102/><G118/><T77/><D124/><U37/><E37/><V13/><F5/><W36/><G36/><T11/><D11/><U55/><E55/><V54/><F126/><W90/><G42/><T94/><D66/><U132/><E132/><V52/><F54/><W57/><G43/><T112/><D64/><U30/><AGARI ba="0,1" hai="21,25,30,53,59,62,84,87,97,101,106,108,110,111" machi="30" ten="30,8000,1" yaku="1,1,0,1,14,1,52,1,53,1" doraHai="95" doraHaiUra="16" who="1" fromWho="1" sc="250,-40,240,90,250,-20,250,-20" /><INIT seed="1,0,0,4,5,130" ten="210,330,230,230" oya="1" hai0="87,118,28,62,121,65,39,71,50,8,72,56,41" hai1="132,92,134,54,53,64,19,15,86,114,82,52,61" hai2="116,133,26,2,94,129,101,78,85,109,98,104,67" hai3="51,66,74,20,42,24,34,111,124,32,17,44,46"/><U135/><E92/><V3/><F116/><W18/><G111/><T10/><D72/><U123/><E114/><V95/><F129/><W63/><G124/><T108/><D118/><U79/><E123/><V40/><F67/><W69/><G74/><T6/><D121/><U22/><E53/><V57/><F109/><W80/><G80/><T48/><D108/><U58/><AGARI ba="0,0" hai="15,19,22,52,54,58,61,64,79,82,86,132,134,135" machi="58" ten="30,18000,2" yaku="0,1,20,1,52,3,54,1" doraHai="130" who="1" fromWho="1" sc="210,-60,330,180,230,-60,230,-60" /><INIT seed="1,1,0,4,3,112" ten="150,510,170,170" oya="1" hai0="132,48,97,35,6,94,91,30,68,86,109,61,73" hai1="59,104,77,41,60,7,14,44,67,32,25,57,84" hai2="135,8,134,64,36,125,49,122,102,66,101,58,114" hai3="89,47,126,83,20,52,108,124,17,22,54,1,131"/><U90/><E104/><V129/><F114/><W120/><G120/><T51/><D73/><U72/><E72/><V27/><F122/><W10/><G108/><T65/><D109/><U107/><E107/><V70/><F36/><W62/><G131/><T13/><D132/><N who="2" m="50730" /><F129/><W37/><G62/><T63/><D63/><U26/><E77/><V87/><F70/><W12/><G1/><T21/><D6/><U85/><E59/><V56/><F125/><N who="3" m="48235" /><G37/><T82/><D35/><U123/><E84/><V55/><F87/><N who="3" m="50431" /><G54/><T46/><D46/><U11/><E32/><V15/><F27/><W50/><AGARI ba="1,0" hai="10,12,17,20,22,47,50,52" m="50431,48235" machi="50" ten="30,4000,0" yaku="25,1,18,1,54,1" doraHai="112" who="3" fromWho="3" sc="150,-11,510,-21,170,-11,170,43" /><INIT seed="2,0,0,2,3,24" ten="139,489,159,213" oya="2" hai0="94,70,102,8,4,54,22,12,126,5,86,113,76" hai1="31,52,28,107,91,87,71,57,116,63,40,79,56" hai2="120,129,55,51,42,43,68,13,118,44,16,93,89" hai3="34,39,85,133,7,60,49,69,20,64,88,121,104"/><V109/><F120/><W108/><G34/><T45/><D70/><U75/><E107/><V33/><F118/><W65/><G121/><T41/><D113/><U48/><E71/><V97/><F129/><W14/><G39/><T47/><D126/><U124/><E124/><V123/><F123/><W81/><G104/><T98/><D54/><U66/><E116/><V83/><F68/><W100/><G64/><T112/><D112/><U38/><E75/><V32/><F109/><W73/><G100/><T125/><D125/><U53/><E79/><V30/><F83/><W134/><G108/><T58/><D58/><N who="1" m="37239" /><E40/><V61/><F61/><W26/><G73/><T80/><D22/><U92/><E38/><V135/><F135/><N who="3" m="51723" /><G49/><AGARI ba="0,0" hai="28,31,48,49,52,53,56,57,87,91,92" m="37239" machi="49" ten="30,7700,0" yaku="8,1,52,2,54,1" doraHai="24" who="1" fromWho="3" sc="139,0,489,77,159,0,213,-77" /><INIT seed="3,0,0,4,4,57" ten="139,566,159,136" oya="3" hai0="127,122,114,134,9,23,111,84,59,16,38,118,92" hai1="123,78,72,67,80,14,133,62,106,3,96,40,7" hai2="90,24,108,28,17,131,81,88,115,33,54,26,77" hai3="39,135,41,48,6,27,71,53,119,85,83,110,128"/><W61/><G119/><T112/><D118/><U2/><E123/><V5/><F115/><N who="0" m="44074" /><D122/><U55/><E40/><V52/><F108/><W132/><G128/><T46/><D111/><U43/><E43/><V82/><F131/><W74/><G110/><T15/><D127/><U76/><E76/><V60/><F5/><W100/><G74/><T116/><D116/><U20/><E55/><N who="2" m="21035" /><F33/><W29/><G6/><T34/><D34/><U10/><E20/><N who="2" m="15431" /><F60/><W105/><G41/><N who="0" m="22839" /><D59/><U103/><E133/><N who="3" m="51274" /><G39/><T68/><D68/><AGARI ba="0,0" hai="2,3,7,10,14,62,67,68,72,78,80,96,103,106" machi="68" ten="30,2000,0" yaku="7,1,52,1" doraHai="57" who="1" fromWho="0" sc="139,-20,566,20,159,0,136,0" owari="119,-38.1,586,68.6,159,-4.1,136,-26.4" /></mjloggm>