<mjloggm ver="2.3"><GO type="225" lobby="0"/><UN n0="%6E%69%63%6B%6C%6F%77" n1="%E8%81%B7%E6%A5%AD%E3%80%81%E9%A2%A8%32" n2="%E3%81%B2%E3%81%AA%E3%81%AE%E3%82%8A%E3%81%8F" n3="%72%61%6B%33" dan="16,16,17,18" rate="2080.88,2142.89,2196.21,2253.30" sx="F,M,M,M"/><TAIKYOKU oya="0"/><INIT seed="0,0,0,3,1,2" ten="250,250,250,250" oya="0" hai0="123,15,122,52,130,128,20,21,12,92,119,37,112" hai1="66,82,29,101,106,71,64,69,80,95,38,24,96" hai2="116,51,84,81,48,59,110,134,113,11,90,27,129" hai3="85,74,75,34,70,6,54,118,14,73,39,131,61"/><T99/><D37/><U30/><E38/><V94/><F113/><W10/><G118/><T33/><D92/><U100/><E95/><V88/><F110/><W87/><G131/><N who="0" m="50219" /><D99/><U79/><E24/><V47/><F134/><W17/><G34/><T28/><D112/><U40/><E79/><V60/><F116/><W42/><G54/><T108/><D119/><U102/><E40/><V89/><F129/><W93/><G93/><T0/><D52/><U43/><E43/><V18/><F47/><W32/><G32/><T45/><D45/><U97/><REACH who="1" step="1"/><E100/><REACH who="1" ten="250,240,250,250" step="2"/><V91/><F94/><W50/><G39/><T103/><D103/><U115/><E115/><V4/><F27/><W25/><G42/><T23/><D108/><U31/><E31/><V133/><F133/><W8/><G25/><N who="0" m="18575" /><D0/><U53/><E53/><V7/><F51/><W120/><G50/><T107/><D107/><AGARI ba="0,1" hai="29,30,64,66,69,71,80,82,96,97,101,102,106,107" machi="107" ten="25,3200,0" yaku="1,1,22,2,53,0" doraHai="2" doraHaiUra="135" who="1" fromWho="0" sc="250,-32,240,42,250,0,250,0" /><INIT seed="1,0,0,3,1,125" ten="218,282,250,250" oya="1" hai0="38,123,97,44,83,5,75,69,62,80,79,16,88" hai1="6,114,85,70,61,10,77,119,29,47,95,73,45" hai2="99,109,53,40,60,43,71,1,101,51,3,72,41" hai3="92,133,82,81,15,20,0,103,30,59,108,55,18"/><U32/><E119/><V13/><F72/><W22/><G0/><T12/><D123/><U130/><E114/><V118/><F118/><W7/><G7/><T50/><D5/><U2/><E130/><V134/><F109/><W105/><G105/><T124/><D124/><U93/><E32/><V52/><F134/><W87/><G108/><T126/><D126/><U26/><E70/><V65/><F13/><W28/><G133/><T54/><D38/><U67/><E61/><V78/><F78/><W39/><G39/><T107/><D107/><U35/><E67/><V56/><REACH who="2" step="1"/><F53/><REACH who="2" ten="218,282,240,250" step="2"/><W11/><G55/><T66/><D75/><U132/><E132/><V104/><AGARI ba="0,1" hai="1,3,40,41,43,51,52,56,60,65,71,99,101,104" machi="104" ten="30,7900,0" yaku="1,1,2,1,0,1,54,1,53,0" doraHai="125" doraHaiUra="8" who="2" fromWho="2" sc="218,-20,282,-39,240,89,250,-20" /><INIT seed="2,0,0,4,3,31" ten="198,243,329,230" oya="2" hai0="83,58,99,96,48,44,118,24,92,5,50,45,80" hai1="132,40,61,128,70,20,19,21,86,111,72,17,94" hai2="109,37,0,73,112,77,42,108,52,91,1,122,84" hai3="53,39,88,4,69,120,101,55,36,23,25,7,100"/><V87/><F112/><W10/><G69/><T129/><D118/><U82/><E111/><N who="2" m="42571" /><F73/><W103/><G120/><T135/><D129/><U134/><E72/><V110/><F42/><W121/><G121/><T90/><D135/><N who="1" m="51755" /><E128/><V97/><F37/><W131/><G131/><T65/><D5/><U81/><E40/><V8/><F77/><W11/><G88/><T115/><D115/><U113/><E113/><V13/><F97/><W104/><G104/><T114/><D114/><U98/><E19/><N who="2" m="8615" /><F87/><W41/><G41/><T29/><D99/><U107/><E86/><V85/><F85/><W26/><G101/><T35/><D44/><U2/><E98/><V66/><F66/><W14/><G14/><T62/><REACH who="0" step="1"/><D50/><REACH who="0" ten="188,243,329,230" step="2"/><U74/><E2/><V117/><F117/><W106/><G106/><T130/><D130/><U38/><E107/><V93/><F110/><W119/><G119/><T116/><D116/><U105/><E105/><V49/><F122/><W68/><G39/><T30/><D30/><U18/><E38/><V64/><F1/><W43/><G36/><T95/><D95/><U125/><E94/><V54/><F0/><W67/><G43/><AGARI ba="0,1" hai="24,29,35,43,45,48,58,62,65,80,83,90,92,96" machi="43" ten="30,7700,0" yaku="1,1,7,1,52,1,53,1" doraHai="31" doraHaiUra="57" who="0" fromWho="3" sc="188,87,243,0,329,0,230,-77" /><INIT seed="3,0,0,1,4,120" ten="275,243,329,153" oya="3" hai0="1,44,16,106,94,49,22,135,27,37,115,114,46" hai1="8,119,29,123,51,28,72,102,12,0,107,97,132" hai2="76,7,126,40,92,66,10,34,24,133,67,57,111" hai3="39,81,109,52,25,117,14,131,43,118,47,108,20"/><W26/><G131/><T35/><D106/><U69/><E123/><V13/><F76/><W41/><G81/><T63/><D1/><U98/><E69/><V31/><F111/><N who="3" m="42571" /><G43/><T32/><D135/><U30/><E72/><V110/><F67/><W11/><G52/><N who="0" m="29735" /><D94/><U23/><E0/><V121/><F40/><W113/><G113/><N who="0" m="43019" /><D63/><U122/><E132/><V62/><F133/><W96/><G96/><T18/><D46/><U38/><E122/><V83/><F110/><W61/><G61/><T55/><D55/><U84/><E119/><N who="3" m="45578" /><G20/><N who="0" m="13703" /><D37/><U50/><E38/><V82/><F62/><W36/><G36/><T54/><D54/><U33/><E23/><V64/><F121/><W88/><G88/><T59/><D59/><U75/><E98/><V103/><F57/><W101/><G101/><T42/><D42/><U5/><E97/><V99/><F103/><W74/><G74/><T134/><D134/><U105/><E102/><V124/><F83/><W48/><G39/><T128/><D128/><U53/><E75/><V91/><F82/><W3/><G3/><T79/><D79/><U19/><E53/><V6/><F91/><W77/><G77/><T129/><D129/><U71/><E51/><V127/><F99/><W65/><G65/><T73/><D73/><U17/><E50/><V68/><F66/><W90/><G90/><T125/><D125/><U80/><E80/><V60/><F92/><W45/><G45/><T21/><D21/><U85/><E107/><V93/><F93/><W112/><G112/><T70/><D70/><U104/><E71/><V9/><F68/><RYUUKYOKU ba="0,0" sc="275,15,243,-15,329,-15,153,15" hai0="18,22,32,35" hai3="11,14,25,26,41,47,48" /><INIT seed="3,1,0,1,4,99" ten="290,228,314,168" oya="3" hai0="97,3,70,111,129,126,24,8,78,18,43,69,109" hai1="37,55,134,72,94,108,100,4,49,2,31,125,35" hai2="91,60,42,0,23,29,59,77,81,117,107,96,120" hai3="80,57,41,131,130,9,89,38,122,52,102,25,19"/><W17/><G122/><T112/><D78/><U11/><E37/><V132/><F0/><W54/><G38/><T7/><D43/><U48/><E108/><N who="0" m="41545" /><D129/><N who="3" m="49161" /><G41/><T74/><D74/><U82/><E125/><V127/><F117/><W65/><G9/><T123/><D123/><U50/><E134/><V76/><F42/><W51/><G65/><T64/><D64/><U33/><E72/><V22/><F132/><W103/><G54/><T16/><D126/><U119/><E119/><V116/><F116/><W45/><G45/><T93/><D112/><U113/><E113/><V10/><F127/><W44/><G44/><T21/><D18/><N who="3" m="6665" /><G25/><T58/><D58/><U15/><E55/><V61/><F59/><W118/><G118/><T30/><D30/><U110/><E110/><V124/><F29/><W73/><G89/><N who="0" m="55471" /><D70/><U87/><E31/><V95/><F124/><W66/><G66/><T133/><D69/><U75/><E2/><V20/><F120/><W104/><G104/><T68/><D68/><U26/><E26/><V56/><F107/><W53/><G53/><T135/><AGARI ba="1,0" hai="3,7,8,16,21,24,133,135" m="55471,41545" machi="135" ten="30,2000,0" yaku="14,1,54,1" doraHai="99" who="0" fromWho="0" sc="290,23,228,-6,314,-6,168,-11" owari="313,41.3,222,-17.8,308,10.8,157,-34.3" /></mjloggm>