<mjloggm ver="2.3"><GO type="225" lobby="0"/><UN n0="%E6%81%A5%E6%99%92%E3%81%97" n1="%77%72%77%72%77%72%77%72" n2="%E6%B4%BE%E9%81%A3%E3%81%AE%E3%82%B8%E3%83%A3%E3%83%83%E3%82%AF" n3="%E3%82%8C%E3%81%99%E3%81%93" dan="16,17,17,16" rate="2146.39,2239.24,2234.47,2120.91" sx="M,M,M,F"/><TAIKYOKU oya="0"/><INIT seed="0,0,0,4,3,131" ten="250,250,250,250" oya="0" hai0="99,85,23,68,5,69,118,24,1,87,73,26,18" hai1="39,102,94,74,12,89,4,130,76,17,36,10,61" hai2="133,80,47,121,81,21,117,114,28,105,51,134,48" hai3="100,32,19,66,103,42,113,71,116,75,123,7,52"/><T132/><D132/><BYE who="0" /><N who="2" m="50794" /><F114/><UN n0="%E6%81%A5%E6%99%92%E3%81%97" /><W125/><G113/><T128/><D118/><U44/><E130/><V20/><F121/><W110/><G116/><T119/><D119/><U65/><E102/><V84/><F117/><W63/><G123/><T98/><D73/><U93/><E93/><V82/><F105/><W86/><G75/><T31/><D128/><U53/><E76/><N who="2" m="46087" /><F48/><W92/><G110/><T43/><D43/><U37/><E74/><V90/><F28/><W95/><G125/><T14/><D26/><U11/><E53/><N who="2" m="29951" /><F81/><W8/><G92/><T109/><D109/><U54/><E54/><V15/><F15/><W70/><G52/><T25/><D31/><U50/><E50/><V127/><F127/><W135/><G95/><T122/><D14/><U49/><E49/><V0/><F0/><W126/><G126/><T64/><D122/><U91/><E44/><V77/><F90/><W115/><G115/><T83/><D83/><U40/><E40/><V97/><F97/><W60/><G42/><T111/><D111/><U58/><REACH who="1" step="1"/><E94/><REACH who="1" ten="250,240,250,250" step="2"/><V120/><F120/><W6/><G135/><T3/><D98/><U67/><E67/><V124/><F124/><W29/><G66/><T22/><D99/><U27/><E27/><V104/><F104/><W38/><G103/><T79/><D64/><U13/><AGARI ba="0,1" hai="4,10,11,12,13,17,36,37,39,58,61,65,89,91" machi="13" ten="40,2700,0" yaku="1,1,0,1,53,0" doraHai="131" doraHaiUra="101" who="1" fromWho="1" sc="250,-13,240,37,250,-7,250,-7" /><INIT seed="1,0,0,4,4,99" ten="237,277,243,243" oya="1" hai0="52,35,32,94,4,90,54,129,25,68,45,76,75" hai1="47,37,98,128,77,21,39,30,27,46,18,117,11" hai2="62,1,113,61,64,14,108,69,43,19,16,85,71" hai3="110,95,118,104,22,116,135,112,51,72,59,123,96"/><U13/><E117/><N who="3" m="45162" /><G112/><T49/><D129/><U80/><E128/><V12/><F108/><W42/><G123/><T88/><D68/><U67/><E67/><V130/><F130/><W15/><G72/><T17/><D4/><U102/><E39/><V106/><F43/><W109/><G104/><T114/><D114/><U24/><E24/><V127/><F113/><W60/><G135/><T87/><D75/><U44/><E37/><V56/><F1/><W119/><N who="3" m="45170" /><W63/><DORA hai="97" /><G42/><T20/><D76/><U120/><E120/><V73/><F73/><W28/><G51/><T125/><D125/><U121/><E121/><V133/><F127/><W38/><G38/><T101/><D101/><U86/><REACH who="1" step="1"/><E44/><REACH who="1" ten="237,267,243,243" step="2"/><V131/><F131/><W78/><G110/><T58/><REACH who="0" step="1"/><D90/><REACH who="0" ten="227,267,243,243" step="2"/><U124/><E124/><V83/><F133/><W9/><G109/><T84/><D84/><U57/><E57/><V82/><F56/><W31/><G59/><T132/><D132/><U74/><E74/><V3/><F85/><W105/><G78/><T66/><D66/><U29/><E29/><V36/><F64/><W91/><G31/><T7/><D7/><U70/><E70/><V122/><F122/><W34/><G28/><T111/><D111/><U8/><E8/><V10/><F10/><W5/><G5/><T0/><D0/><U33/><E33/><V26/><F3/><W41/><G34/><T53/><D53/><U55/><E55/><V65/><F65/><W89/><G9/><T81/><D81/><U50/><E50/><AGARI ba="0,2" hai="17,20,25,32,35,45,49,50,52,54,58,87,88,94" machi="50" ten="30,7700,0" yaku="1,1,7,1,54,2,53,0" doraHai="99,97" doraHaiUra="93,115" who="0" fromWho="1" sc="227,97,267,-77,243,0,243,0" /><INIT seed="2,0,0,1,0,76" ten="324,190,243,243" oya="2" hai0="4,3,61,63,82,15,48,47,121,87,64,110,11" hai1="93,73,51,74,25,58,88,31,5,52,122,67,23" hai2="60,33,79,72,37,132,120,26,78,83,117,13,98" hai3="99,114,18,94,90,6,24,49,111,125,123,131,20"/><V44/><F120/><W8/><G123/><T29/><D110/><U102/><E122/><V0/><F117/><W105/><G111/><T34/><D121/><U54/><E5/><V127/><F127/><W10/><G125/><T124/><D124/><U1/><E1/><V36/><F132/><W133/><G133/><T118/><D118/><U19/><E102/><V108/><F108/><W42/><G131/><T45/><D63/><U81/><E67/><V119/><F119/><W7/><G105/><T16/><D34/><U126/><E126/><V22/><F0/><W113/><G7/><T92/><D92/><U128/><E128/><V91/><F60/><W100/><G100/><T68/><D29/><U62/><E31/><V27/><F78/><W75/><G75/><T55/><D47/><U77/><E74/><V135/><F135/><W41/><G8/><T65/><D65/><U134/><E134/><V71/><F71/><W32/><G32/><T116/><D116/><U39/><E39/><V86/><F98/><W35/><G35/><T130/><D130/><U85/><REACH who="1" step="1"/><E54/><REACH who="1" ten="324,180,243,243" step="2"/><V57/><F36/><W69/><G6/><T2/><D4/><U103/><E103/><V80/><F33/><W9/><G114/><T107/><D107/><U96/><E96/><V115/><F115/><W97/><G97/><T53/><D55/><U70/><E70/><V40/><F37/><W104/><G113/><T112/><D112/><U38/><E38/><V101/><F72/><W129/><G129/><T109/><D109/><U56/><E56/><V84/><F101/><W14/><G104/><RYUUKYOKU ba="0,1" sc="324,15,180,15,243,-15,243,-15" hai0="2,3,11,15,16,45,48,53,61,64,68,82,87" hai1="19,23,25,51,52,58,62,73,77,81,85,88,93" /><INIT seed="3,1,1,0,5,79" ten="339,195,228,228" oya="3" hai0="55,113,14,31,87,112,61,44,128,108,0,51,49" hai1="12,46,122,110,78,89,134,45,69,105,27,82,37" hai2="22,80,57,107,71,101,106,11,100,1,130,38,95" hai3="50,13,23,73,26,5,109,120,92,85,29,68,62"/><W39/><G120/><T125/><D108/><U126/><E122/><V102/><F71/><W20/><G73/><T3/><D125/><U111/><E69/><V65/><F38/><W16/><G39/><T4/><D31/><U34/><E126/><V129/><F95/><W54/><G109/><N who="1" m="41482" /><E134/><V127/><F127/><W74/><G74/><T36/><D61/><U17/><E105/><V84/><F22/><W7/><G62/><T133/><D87/><N who="1" m="50423" /><E37/><V86/><F86/><W135/><G68/><T88/><D51/><U70/><E78/><N who="2" m="46103" /><F57/><N who="3" m="32983" /><G135/><T18/><D14/><U124/><E70/><V42/><F65/><W123/><G123/><T35/><D18/><U66/><E66/><V9/><F1/><W121/><G121/><T10/><D10/><N who="2" m="3594" /><F42/><W81/><G92/><T114/><D133/><U30/><E124/><V43/><F43/><W53/><G53/><T94/><D36/><U56/><E56/><V83/><F83/><W76/><AGARI ba="1,1" hai="5,7,13,16,20,23,26,29,76,81,85" m="32983" machi="76" ten="30,6000,0" yaku="8,1,52,1,54,1" doraHai="79" who="3" fromWho="3" sc="339,-21,195,-21,228,-21,228,73" /><INIT seed="3,2,0,1,2,128" ten="318,174,207,301" oya="3" hai0="133,120,89,26,41,76,79,97,131,45,13,72,24" hai1="115,86,31,112,1,64,27,87,11,38,130,90,105" hai2="108,55,101,8,25,49,121,21,84,91,100,103,10" hai3="14,6,124,34,37,39,67,106,82,98,19,94,66"/><W70/><G34/><T4/><D133/><U63/><E130/><V73/><F108/><W99/><G106/><T42/><D131/><U88/><E105/><V96/><F96/><W114/><G114/><T134/><D134/><U48/><E38/><V83/><F73/><W107/><G107/><T7/><D120/><U118/><E118/><V78/><F78/><N who="0" m="29738" /><D72/><U43/><E1/><V44/><F121/><W122/><G122/><T18/><D45/><U62/><E11/><V57/><F57/><W2/><G2/><T135/><D135/><U51/><E27/><N who="0" m="10281" /><D42/><U129/><E129/><V32/><F32/><W16/><G39/><T54/><D54/><U60/><E43/><V53/><F55/><W23/><G37/><T0/><D41/><U30/><E63/><V29/><AGARI ba="2,0" hai="8,10,21,25,29,44,49,53,83,84,91,100,101,103" machi="29" ten="30,2000,0" yaku="0,1,8,1" doraHai="128" who="2" fromWho="2" sc="318,-7,174,-7,207,26,301,-12" owari="311,41.1,167,-33.3,233,-16.7,289,8.9" /></mjloggm>