<mjloggm ver="2.3"><GO type="225" lobby="0"/><UN n0="%E6%A1%9C%E8%8A%B1%E9%96%83%E3%80%85" n1="%E3%82%B5%E3%83%AB%E3%82%B7%E3%83%B3" n2="%72%69%6F%75%63%68%61%6E" n3="%E3%81%A1%E3%82%85%E3%81%86%E3%81%A9%E3%81%8F%E8%B1%A1%E3%81%95%E3%82%93" dan="17,16,17,17" rate="2195.76,2105.65,2231.36,2134.33" sx="M,M,M,M"/><TAIKYOKU oya="0"/><INIT seed="0,0,0,5,0,129" ten="250,250,250,250" oya="0" hai0="104,84,25,47,5,0,108,51,16,98,116,11,32" hai1="103,42,30,21,41,90,135,44,125,4,91,64,79" hai2="66,131,61,133,73,13,6,122,88,68,70,130,48" hai3="65,87,24,14,97,83,132,33,55,1,96,71,45"/><T10/><D116/><U127/><E103/><V109/><F133/><W28/><G1/><T29/><D108/><U81/><E64/><V106/><F109/><W101/><G14/><T27/><D84/><U43/><E44/><V76/><F122/><W50/><G132/><T80/><D80/><U117/><E135/><V58/><F106/><W38/><G38/><T78/><D78/><U3/><E117/><V54/><F68/><W77/><REACH who="3" step="1"/><G101/><REACH who="3" ten="250,250,250,240" step="2"/><T134/><D134/><U18/><E3/><V89/><F13/><W119/><G119/><T26/><D104/><U35/><E127/><V86/><F6/><W7/><G7/><T59/><D98/><U20/><E125/><V63/><F131/><W57/><G57/><T110/><D59/><U85/><E4/><V75/><F130/><W31/><G31/><T111/><D111/><U69/><E69/><V74/><REACH who="2" step="1"/><F48/><REACH who="2" ten="250,250,240,240" step="2"/><W114/><G114/><T126/><D110/><U8/><E43/><V123/><F123/><W2/><G2/><T121/><D121/><U56/><E42/><V112/><F112/><W118/><G118/><T94/><D126/><U36/><E41/><V100/><F100/><W9/><G9/><T93/><D11/><U120/><E8/><V52/><F52/><W128/><G128/><T82/><D10/><U12/><E120/><V39/><F39/><W23/><G23/><T107/><D5/><U92/><E21/><V105/><F105/><W46/><G46/><T62/><D107/><U124/><E36/><V37/><F37/><W17/><G17/><T22/><D47/><U40/><E124/><RYUUKYOKU ba="0,2" sc="250,-15,250,-15,240,15,240,15" hai2="54,58,61,63,66,70,73,74,75,76,86,88,89" hai3="24,28,33,45,50,55,65,71,77,83,87,96,97" /><INIT seed="1,1,2,0,4,88" ten="235,235,255,255" oya="1" hai0="98,43,46,4,119,3,5,7,103,35,91,24,17" hai1="26,93,59,67,31,20,32,47,111,133,83,117,22" hai2="69,33,121,55,21,112,80,113,13,124,36,29,131" hai3="16,1,126,86,8,68,9,123,128,44,61,57,96"/><U110/><E117/><V82/><F121/><W109/><G123/><T101/><D119/><U23/><E133/><V65/><F124/><W18/><G126/><T127/><D3/><U114/><E114/><N who="2" m="44139" /><F36/><W58/><G68/><T90/><D127/><U34/><E34/><V64/><F131/><W71/><G71/><T135/><D135/><U39/><E83/><N who="2" m="31787" /><F69/><W120/><G120/><T105/><D101/><U92/><E47/><V115/><N who="2" m="44147" /><V37/><DORA hai="132" /><F37/><W15/><G128/><T56/><D56/><U45/><E45/><V102/><F102/><W76/><G109/><N who="1" m="41482" /><E39/><V84/><F84/><W122/><G122/><T28/><REACH who="0" step="1"/><D17/><REACH who="0" ten="225,235,255,255" step="2"/><U42/><E42/><V99/><F64/><W100/><G1/><T30/><D30/><U73/><E73/><V41/><F65/><W53/><G18/><T94/><D94/><U19/><E19/><V104/><F29/><W50/><G58/><T97/><D97/><U108/><E108/><V25/><F99/><W27/><G96/><T116/><D116/><U0/><E0/><V95/><F104/><W54/><G100/><T77/><D77/><U60/><AGARI ba="1,3" hai="20,22,23,26,31,32,59,60,67,92,93" m="41482" machi="60" ten="40,12000,1" yaku="14,1,10,1,52,2" doraHai="88,132" who="1" fromWho="1" sc="225,-41,235,153,255,-41,255,-41" /><INIT seed="1,2,0,0,1,31" ten="184,388,214,214" oya="1" hai0="46,2,19,16,94,57,37,27,123,87,76,32,33" hai1="54,95,52,11,9,88,90,8,125,18,124,24,121" hai2="67,75,115,22,55,26,25,49,64,45,128,42,101" hai3="111,34,4,5,21,85,113,36,53,83,103,84,1"/><U58/><E121/><V47/><F128/><W29/><G113/><T20/><D123/><U7/><E7/><V89/><F115/><W107/><G36/><T108/><D2/><U63/><E54/><V70/><F75/><W133/><G133/><T40/><D108/><U77/><E77/><V78/><F78/><W68/><G68/><T130/><D130/><U129/><E129/><V56/><F101/><W127/><G127/><N who="1" m="48714" /><E95/><V91/><F45/><W69/><G111/><T110/><D110/><U74/><E74/><V135/><F135/><W117/><G117/><T28/><D57/><U99/><E99/><V62/><F67/><W81/><G69/><T122/><D122/><U60/><E60/><V50/><REACH who="2" step="1"/><F26/><REACH who="2" ten="184,388,204,214" step="2"/><W6/><G103/><T14/><D76/><U120/><E120/><V10/><F10/><W13/><G1/><T112/><D112/><U82/><E11/><V15/><F15/><W93/><G13/><T23/><REACH who="0" step="1"/><D28/><AGARI ba="2,1" hai="22,25,28,42,47,49,50,55,56,62,64,70,89,91" machi="28" ten="30,2000,0" yaku="1,1,7,1,53,0" doraHai="31" doraHaiUra="106" who="2" fromWho="0" sc="184,-26,388,0,204,36,214,0" /><INIT seed="2,0,0,2,2,49" ten="158,388,240,214" oya="2" hai0="33,87,58,117,91,53,95,103,118,56,55,40,90" hai1="17,135,105,94,37,52,96,13,116,47,51,85,62" hai2="115,21,79,112,77,0,60,99,127,93,6,29,122" hai3="123,34,14,97,107,128,132,63,126,11,3,111,83"/><V38/><F122/><W78/><G34/><T67/><D33/><U16/><E116/><N who="0" m="44649" /><D40/><U86/><E105/><V44/><F127/><W9/><G3/><T92/><D103/><N who="1" m="60823" /><E37/><V70/><F0/><W59/><G126/><T120/><D120/><U5/><E135/><V42/><F6/><W7/><G123/><T133/><D133/><U36/><E36/><V64/><F115/><W71/><G132/><T102/><D102/><U134/><E134/><V10/><F10/><W124/><G71/><T2/><D2/><U19/><E62/><V65/><F112/><W68/><G68/><T12/><D12/><U25/><E25/><V131/><F131/><W84/><G124/><T30/><D30/><U106/><E106/><V69/><F64/><W104/><G128/><T130/><D130/><U98/><E98/><V22/><F69/><W27/><G27/><T119/><N who="0" m="44657" /><T45/><DORA hai="121" /><D45/><U43/><E43/><V89/><REACH who="2" step="1"/><F29/><REACH who="2" ten="158,388,230,214" step="2"/><W100/><G9/><AGARI ba="0,1" hai="5,9,13,16,17,19,47,51,52,85,86" m="60823" machi="9" ten="30,7700,0" yaku="8,1,52,1,54,2" doraHai="49,121" who="1" fromWho="3" sc="158,0,388,87,230,0,214,-77" /><INIT seed="3,0,0,0,0,24" ten="158,475,230,137" oya="3" hai0="113,104,47,65,95,70,92,36,122,114,45,23,79" hai1="64,93,49,126,123,3,73,110,88,12,2,80,28" hai2="8,83,25,91,108,94,128,75,131,86,22,40,121" hai3="0,4,52,42,103,43,124,7,56,85,109,26,34"/><W130/><G0/><T14/><D104/><U116/><E123/><V63/><F108/><W33/><G103/><T72/><D122/><U62/><E110/><V107/><F107/><W125/><G109/><T66/><D79/><U11/><E126/><N who="3" m="48746" /><G130/><N who="2" m="49705" /><F121/><W77/><G4/><T100/><D72/><U57/><E116/><V46/><F63/><N who="3" m="36231" /><G7/><T76/><D100/><U51/><E3/><V105/><F105/><W38/><G38/><T71/><D36/><U111/><E2/><V112/><F112/><W50/><G50/><T96/><D66/><U68/><E64/><V53/><F53/><W60/><G60/><T101/><D65/><U5/><E62/><V120/><F120/><W30/><G33/><T6/><D6/><U9/><E5/><V115/><F115/><W29/><G29/><T90/><D113/><U1/><E28/><N who="2" m="17463" /><F8/><W41/><G85/><N who="0" m="52303" /><D114/><U39/><E51/><N who="2" m="27079" /><F75/><W134/><G77/><T48/><D76/><U58/><E49/><V27/><F27/><W54/><G54/><N who="0" m="29967" /><D47/><U119/><E1/><V61/><F61/><W19/><G19/><N who="0" m="10743" /><D70/><U127/><E111/><V55/><F55/><W89/><G89/><T133/><D71/><U82/><E88/><V99/><F99/><W44/><G44/><T59/><D59/><U87/><E87/><V117/><F117/><W106/><G106/><T102/><D101/><U16/><E16/><V13/><F13/><W21/><G34/><T32/><D32/><U74/><E119/><V118/><F118/><W31/><G31/><T67/><D67/><U132/><E39/><V15/><F15/><W37/><G37/><RYUUKYOKU ba="0,0" sc="158,10,475,-30,230,10,137,10" hai0="95,96,102,133" hai2="83,86,91,94" hai3="21,26,30,41,42,43,134" /><INIT seed="3,1,0,2,4,101" ten="168,445,240,147" oya="3" hai0="85,41,79,43,9,55,53,66,22,98,19,65,114" hai1="13,107,81,134,110,92,124,24,102,91,94,36,31" hai2="33,119,48,8,82,17,62,99,126,132,3,5,57" hai3="135,78,84,93,18,44,95,100,123,12,34,131,97"/><W0/><G123/><T60/><D114/><U25/><E36/><V113/><F119/><W28/><G0/><T111/><D111/><U125/><E110/><V83/><F113/><W116/><G116/><T14/><D98/><N who="1" m="59719" /><E107/><V59/><F33/><W69/><G69/><T11/><D55/><U26/><E134/><V117/><F117/><W68/><G68/><T21/><D53/><U87/><E13/><N who="2" m="5263" /><F132/><W51/><G135/><T133/><D22/><N who="1" m="15767" /><E94/><V108/><F3/><W58/><G131/><T4/><D9/><U39/><E39/><V88/><F126/><AGARI ba="1,0" hai="25,26,81,87,91,124,125,126" m="15767,59719" machi="126" ten="30,1000,0" yaku="18,1" doraHai="101" who="1" fromWho="2" sc="168,0,445,13,240,-13,147,0" owari="168,-23.2,458,55.8,227,2.7,147,-35.3" /></mjloggm>