<mjloggm ver="2.3"><GO type="225" lobby="0"/><UN n0="%72%69%6F%75%63%68%61%6E" n1="%6D%75%75%6D%75%72%61" n2="%E3%81%BF%E3%82%84%E3%81%93%E3%82%93%EF%BC%91%EF%BC%90%E6%AD%B3" n3="%63%68%78%62%64" dan="17,17,16,16" rate="2236.65,2187.14,2064.74,2088.83" sx="M,F,M,M"/><TAIKYOKU oya="0"/><INIT seed="0,0,0,5,5,60" ten="250,250,250,250" oya="0" hai0="111,102,8,33,133,74,99,14,49,23,95,69,63" hai1="27,110,105,87,57,76,130,71,35,19,56,126,68" hai2="64,106,113,84,66,134,86,89,36,32,83,50,101" hai3="61,119,73,16,51,25,55,21,38,94,107,47,123"/><T10/><D33/><U81/><E105/><V88/><F36/><W2/><G119/><T78/><D133/><U54/><E110/><V58/><F113/><W116/><G107/><T65/><D111/><U22/><E130/><V75/><F75/><W128/><G116/><T11/><D49/><U124/><E35/><V97/><F32/><W41/><G73/><T70/><D69/><U67/><E57/><V114/><F114/><W46/><G128/><T24/><D74/><U13/><E27/><V4/><F4/><W44/><G2/><T91/><D78/><U31/><E31/><V120/><F134/><W1/><G1/><T39/><D39/><U53/><E53/><V109/><F120/><W117/><G117/><T77/><D77/><U129/><E129/><V59/><F109/><W28/><G123/><T104/><D14/><U72/><E72/><V121/><F121/><W80/><G80/><T3/><D3/><U122/><E122/><V115/><F115/><W125/><G125/><N who="1" m="48234" /><E67/><V18/><F18/><W103/><G61/><AGARI ba="0,0" hai="13,19,22,54,56,61,68,71,76,81,87" m="48234" machi="61" ten="30,1000,0" yaku="18,1" doraHai="60" who="1" fromWho="3" sc="250,0,250,10,250,0,250,-10" /><INIT seed="1,0,0,5,2,45" ten="250,260,250,240" oya="1" hai0="20,23,88,24,58,61,135,13,81,107,68,73,27" hai1="0,101,30,111,115,9,119,32,87,121,134,1,77" hai2="94,90,110,64,33,126,50,62,128,84,113,102,108" hai3="116,47,37,112,2,127,100,10,109,46,31,26,95"/><U125/><E115/><V123/><F123/><W35/><G112/><T8/><D135/><U93/><E121/><V67/><F113/><W3/><G116/><T129/><D129/><U106/><E119/><V7/><F128/><W114/><G114/><T92/><D107/><U99/><E134/><V55/><F33/><W5/><G109/><N who="2" m="42089" /><F126/><W72/><G127/><T65/><D68/><U42/><E111/><V71/><F67/><W124/><G124/><T19/><D73/><U75/><E125/><V14/><F102/><W6/><G72/><T85/><D81/><U44/><E75/><V91/><F91/><W105/><G105/><T74/><D74/><U51/><E9/><N who="2" m="4415" /><F55/><W70/><G70/><T133/><D133/><U12/><E12/><V96/><F96/><W83/><G83/><T131/><D131/><U39/><E39/><V4/><F4/><W34/><G34/><T103/><D103/><U118/><E118/><V21/><F21/><AGARI ba="0,0" hai="8,13,19,20,21,23,24,27,58,61,65,85,88,92" machi="21" ten="40,2600,0" yaku="8,1,54,1" doraHai="45" who="0" fromWho="2" sc="250,26,260,0,250,-26,240,0" /><INIT seed="2,0,0,3,5,117" ten="276,260,224,240" oya="2" hai0="41,78,89,47,135,87,10,21,1,100,18,49,99" hai1="114,110,97,82,115,103,92,84,22,38,46,86,13" hai2="96,90,134,106,54,53,35,98,12,109,112,34,125" hai3="58,2,8,4,45,67,26,25,59,126,77,55,133"/><V27/><F112/><W5/><G133/><T29/><D135/><U121/><E110/><V132/><F109/><W69/><G126/><T23/><D78/><U94/><E121/><V127/><F12/><W85/><G69/><T91/><D29/><U111/><E111/><V108/><F108/><W128/><G128/><T66/><D66/><U40/><E94/><V81/><F81/><W14/><G45/><T118/><D118/><U9/><E22/><V80/><F80/><W93/><G67/><T52/><D41/><U79/><REACH who="1" step="1"/><E86/><REACH who="1" ten="276,250,224,240" step="2"/><V119/><F119/><W30/><G93/><N who="0" m="58479" /><D87/><U36/><E36/><V17/><F106/><W56/><G85/><T105/><D105/><U3/><E3/><V65/><F27/><W95/><G26/><T28/><D1/><U20/><E20/><N who="0" m="7753" /><D28/><U62/><E62/><V48/><F48/><W122/><G30/><T6/><D6/><AGARI ba="0,1" hai="6,9,13,38,40,46,79,82,84,92,97,103,114,115" machi="6" ten="30,2000,0" yaku="1,1,7,1,53,0" doraHai="117" doraHaiUra="19" who="1" fromWho="0" sc="276,-20,250,30,224,0,240,0" /><INIT seed="3,0,0,3,2,103" ten="256,280,224,240" oya="3" hai0="41,23,36,126,125,93,35,69,32,54,8,13,64" hai1="81,68,77,49,6,129,110,43,73,116,34,118,90" hai2="100,98,97,119,14,12,133,21,84,95,4,56,66" hai3="67,102,22,37,2,89,76,20,120,113,17,27,128"/><W59/><G120/><T45/><D23/><U112/><E112/><V33/><F33/><W52/><G113/><T53/><D93/><U101/><E68/><V31/><F133/><W75/><G2/><T135/><D135/><U107/><E34/><N who="0" m="12841" /><D64/><U124/><E110/><V46/><F119/><N who="1" m="45609" /><E129/><V1/><F84/><W109/><G128/><T122/><D69/><U87/><E124/><N who="0" m="47721" /><D122/><U58/><E6/><AGARI ba="0,0" hai="6,8,13,36,41,45,53,54" m="47721,12841" machi="6" ten="30,1000,0" yaku="18,1" doraHai="103" who="0" fromWho="1" sc="256,10,280,-10,224,0,240,0" /><INIT seed="4,0,0,5,5,55" ten="266,270,224,240" oya="0" hai0="97,5,35,56,20,133,62,31,87,99,135,36,7" hai1="95,39,102,63,109,100,101,18,33,57,54,3,9" hai2="89,41,42,85,19,68,129,90,53,113,76,120,112" hai3="65,134,130,64,58,10,93,126,49,71,30,32,59"/><T105/><D35/><U94/><E109/><V11/><F120/><W115/><G134/><N who="0" m="51211" /><D36/><U13/><E39/><V0/><F129/><W6/><G130/><T119/><D119/><U78/><E33/><V1/><F68/><W2/><G126/><T117/><D117/><U116/><E116/><V66/><F66/><W103/><G115/><N who="2" m="44105" /><F76/><W98/><G49/><T124/><D124/><U14/><E3/><N who="2" m="1099" /><F53/><W70/><G65/><N who="0" m="39111" /><D87/><U47/><E47/><V8/><F19/><W22/><G32/><T4/><D105/><U29/><E29/><V81/><F81/><W114/><G114/><T75/><D75/><U51/><E78/><V38/><F38/><W74/><G74/><T92/><D92/><U46/><REACH who="1" step="1"/><E14/><REACH who="1" ten="266,260,224,240" step="2"/><V16/><F8/><W43/><G30/><T80/><D80/><U106/><E106/><V132/><F132/><W60/><G10/><T111/><D111/><U24/><E24/><AGARI ba="0,1" hai="4,5,7,20,24,31,97,99" m="39111,51211" machi="24" ten="30,2900,0" yaku="20,1,52,1" doraHai="55" who="0" fromWho="1" sc="266,39,260,-29,224,0,240,0" owari="305,40.5,231,-16.9,224,-27.6,240,4.0" /></mjloggm>