<mjloggm ver="2.3"><GO type="225" lobby="0"/><UN n0="%E9%80%9F%E6%B0%B4%E5%87%9B%E9%A6%99" n1="%43%68%65" n2="%E3%81%A1%E3%82%85%E3%81%86%E3%81%A9%E3%81%8F%E8%B1%A1%E3%81%95%E3%82%93" n3="%E3%81%9D%E3%81%B5%E3%81%81%E3%82%82%E3%82%93" dan="16,16,17,16" rate="2084.38,2124.40,2178.96,2114.71" sx="F,M,M,M"/><TAIKYOKU oya="0"/><INIT seed="0,0,0,0,3,104" ten="250,250,250,250" oya="0" hai0="99,71,68,56,133,110,64,67,7,101,18,42,25" hai1="109,31,26,32,93,22,21,44,50,12,119,62,47" hai2="127,105,111,122,13,77,6,5,124,49,48,46,51" hai3="14,75,98,118,15,10,34,78,35,79,108,30,72"/><T88/><D42/><U116/><E109/><V120/><F105/><W106/><G118/><T1/><D7/><N who="2" m="2570" /><F111/><W86/><G108/><T114/><D1/><U115/><E115/><V126/><F77/><W83/><G86/><T0/><D0/><U3/><E3/><V107/><F107/><W43/><G43/><T87/><D114/><U23/><E62/><V66/><F66/><W41/><G41/><T65/><D110/><U96/><E12/><V92/><F92/><W57/><G57/><T73/><D73/><U63/><E63/><V53/><F13/><W9/><G106/><T27/><D133/><U4/><E4/><V82/><F82/><W128/><G98/><T17/><D71/><U38/><E38/><V94/><F94/><W54/><G30/><T24/><D68/><U37/><E37/><V97/><F97/><W112/><G83/><N who="0" m="49279" /><D56/><U40/><REACH who="1" step="1"/><E47/><REACH who="1" ten="250,240,250,250" step="2"/><V91/><F91/><AGARI ba="0,1" hai="21,22,23,26,31,32,40,44,50,91,93,96,116,119" machi="91" ten="40,5200,0" yaku="1,1,2,1,53,1" doraHai="104" doraHaiUra="45" who="1" fromWho="2" sc="250,0,240,62,250,-52,250,0" /><INIT seed="1,0,0,5,5,1" ten="250,302,198,250" oya="1" hai0="93,110,114,75,33,24,57,133,26,78,31,116,120" hai1="64,81,127,17,98,49,130,100,126,21,59,105,23" hai2="30,91,132,54,90,39,40,134,88,109,89,123,34" hai3="25,44,113,69,27,103,79,83,77,48,41,86,46"/><U60/><E130/><V85/><F123/><W96/><G113/><T10/><D114/><U42/><E81/><V71/><F71/><W19/><G69/><T47/><D116/><U131/><E131/><V66/><F66/><W108/><G108/><T61/><D110/><U95/><E105/><V2/><F2/><W5/><G79/><T3/><D133/><N who="2" m="51306" /><F109/><W104/><G19/><T62/><D120/><U117/><E117/><V87/><N who="2" m="22528" /><DORA hai="121" /><V122/><F122/><W97/><G97/><T84/><D93/><U107/><E107/><V128/><F128/><W32/><G32/><T124/><D84/><N who="2" m="32330" /><F54/><W37/><REACH who="3" step="1"/><G5/><REACH who="3" ten="250,302,198,240" step="2"/><T22/><D78/><U99/><E99/><V65/><F65/><W67/><G67/><T70/><D70/><U9/><E64/><V18/><F18/><W4/><G4/><T29/><D75/><U63/><E17/><V73/><F73/><W112/><G112/><T125/><D33/><U45/><E98/><V0/><F0/><W55/><AGARI ba="0,1" hai="25,27,37,41,44,46,48,55,77,83,86,96,103,104" machi="55" ten="20,5200,0" yaku="1,1,0,1,7,1,53,1" doraHai="1,121" doraHaiUra="68,118" who="3" fromWho="3" sc="250,-13,302,-26,198,-13,240,62" /><INIT seed="2,0,0,5,1,17" ten="237,276,185,302" oya="2" hai0="87,63,86,104,97,4,44,108,102,72,100,6,84" hai1="51,98,96,24,128,94,12,14,15,121,103,39,46" hai2="135,56,25,73,0,65,49,13,74,2,7,54,92" hai3="107,89,21,23,58,66,61,33,34,26,41,110,50"/><V80/><F135/><W111/><G107/><T27/><D72/><U83/><E39/><V67/><F92/><W48/><G89/><T28/><D108/><N who="3" m="41513" /><G41/><T91/><D44/><U113/><E113/><V9/><F25/><W10/><G10/><T109/><D109/><U133/><E133/><V30/><F30/><N who="3" m="19671" /><G34/><T118/><D118/><U55/><E121/><V20/><F74/><W52/><G50/><T115/><D115/><U57/><E128/><V79/><REACH who="2" step="1"/><F0/><REACH who="2" ten="237,276,175,302" step="2"/><W32/><G32/><T19/><D27/><U99/><E24/><V85/><F85/><W116/><G116/><T106/><D28/><U22/><E83/><V53/><F53/><W78/><G78/><T35/><D87/><U42/><E94/><V37/><F37/><W95/><G95/><T119/><D86/><U120/><E120/><V64/><F64/><W43/><G43/><T31/><D119/><U38/><REACH who="1" step="1"/><E103/><REACH who="1" ten="237,266,175,302" step="2"/><V11/><F11/><W125/><G125/><T117/><D102/><U101/><E101/><V1/><F1/><W112/><G112/><T69/><D100/><U122/><E122/><V114/><F114/><W134/><G134/><T124/><D117/><U76/><E76/><V16/><AGARI ba="0,2" hai="2,7,9,13,16,20,49,54,56,65,67,73,79,80" machi="16" ten="30,12000,1" yaku="1,1,0,1,52,1,54,1,53,1" doraHai="17" doraHaiUra="18" who="2" fromWho="2" sc="237,-40,266,-40,175,140,302,-40" /><INIT seed="2,1,0,3,2,113" ten="197,226,315,262" oya="2" hai0="100,122,43,3,61,84,97,98,111,124,59,10,31" hai1="21,93,45,11,37,50,20,5,1,39,40,33,51" hai2="18,66,73,28,85,77,48,119,49,114,54,121,101" hai3="106,96,65,69,112,126,55,35,72,32,108,74,117"/><V41/><F121/><W38/><RYUUKYOKU type="yao9" ba="1,0" sc="197,0,226,0,315,0,262,0" hai3="32,35,38,55,65,69,72,74,96,106,108,112,117,126" /><INIT seed="2,2,0,2,4,77" ten="197,226,315,262" oya="2" hai0="130,26,131,103,74,133,126,89,97,63,82,111,119" hai1="57,20,85,70,5,120,87,125,104,95,19,32,92" hai2="52,55,106,88,75,134,15,109,30,117,40,102,28" hai3="44,108,58,61,65,1,45,37,17,76,118,14,107"/><V101/><F117/><W96/><G118/><T132/><D63/><U114/><E70/><V29/><F75/><W10/><G108/><T71/><D26/><U3/><E32/><V53/><F134/><N who="0" m="51818" /><D71/><U116/><E104/><V11/><F40/><W99/><G1/><T50/><D50/><U22/><E116/><V86/><F106/><W113/><G113/><T84/><D119/><U54/><E114/><V112/><F112/><W48/><G107/><N who="0" m="63983" /><D111/><U0/><E125/><V94/><F109/><W46/><G37/><T4/><D4/><AGARI ba="2,0" hai="4,11,15,28,29,30,52,53,55,86,88,94,101,102" machi="4" ten="40,7700,0" yaku="8,1,54,2" doraHai="77" who="2" fromWho="0" sc="197,-83,226,0,315,83,262,0" /><INIT seed="2,3,0,4,5,20" ten="114,226,398,262" oya="2" hai0="94,135,99,50,46,30,66,95,116,87,15,45,105" hai1="43,129,0,113,81,96,107,77,35,69,131,27,64" hai2="3,40,5,28,34,1,44,68,114,112,38,13,132" hai3="134,122,12,101,8,82,70,53,111,74,75,41,127"/><V130/><F130/><W42/><G122/><T33/><D105/><U9/><E43/><V18/><F132/><W61/><G111/><T128/><D135/><U104/><E113/><V88/><F68/><W109/><G109/><T10/><D128/><N who="1" m="49227" /><E96/><V103/><F103/><W2/><G2/><T29/><D116/><U60/><E0/><V16/><F1/><W121/><G101/><T11/><D66/><U133/><E9/><N who="2" m="2239" /><F88/><W126/><G121/><T7/><D33/><U24/><E133/><V119/><F18/><W102/><G102/><T89/><D11/><U62/><E62/><V19/><F19/><W55/><G61/><T25/><D25/><N who="1" m="9803" /><E35/><V56/><F34/><W58/><G41/><T78/><D78/><U93/><E93/><V47/><F40/><W86/><G42/><N who="0" m="24887" /><D46/><U124/><E124/><V76/><F44/><W97/><G97/><T110/><D110/><U63/><E63/><V106/><F47/><W22/><G8/><T120/><D120/><U115/><E115/><V71/><F114/><W59/><G134/><T100/><AGARI ba="3,0" hai="7,10,15,29,30,87,89,94,95,99,100" m="24887" machi="100" ten="30,1100,0" yaku="8,1" doraHai="20" who="0" fromWho="0" sc="114,20,226,-6,398,-8,262,-6" /><INIT seed="3,0,0,3,1,32" ten="134,220,390,256" oya="3" hai0="5,50,99,7,83,17,65,54,45,97,74,90,96" hai1="89,110,61,69,16,129,117,12,38,81,77,48,59" hai2="22,68,11,121,104,112,58,91,103,79,134,29,37" hai3="60,120,84,111,131,1,113,133,82,105,8,56,23"/><W21/><G113/><T109/><D109/><U34/><E38/><V128/><F91/><W64/><G120/><T25/><D74/><U33/><E110/><V80/><F58/><W49/><G105/><T35/><D35/><U70/><E89/><V63/><F63/><W135/><G131/><T123/><D123/><U73/><E129/><V118/><F11/><W94/><G94/><T44/><D65/><U119/><E33/><V20/><F80/><W30/><G49/><T92/><D44/><U46/><E34/><V101/><F29/><W42/><G42/><T43/><D43/><N who="1" m="24671" /><E59/><V57/><F57/><W72/><G72/><T106/><D106/><U6/><E6/><V78/><F68/><W62/><G62/><T86/><REACH who="0" step="1"/><D92/><REACH who="0" ten="124,220,390,256" step="2"/><U126/><E73/><V14/><F104/><W87/><G111/><T19/><D19/><U67/><E67/><V130/><F128/><W40/><G40/><T31/><D31/><U100/><E16/><V55/><F130/><W132/><G30/><T36/><D36/><U10/><E70/><V85/><F37/><W2/><G132/><T26/><D26/><U15/><E69/><V98/><F134/><W115/><G133/><T39/><D39/><U93/><E93/><V24/><F24/><W13/><G135/><T66/><D66/><U51/><E119/><V4/><F118/><W53/><G64/><T108/><D108/><U75/><E117/><V125/><F4/><W52/><G60/><T3/><D3/><U28/><E61/><V71/><F71/><W9/><G1/><T95/><D95/><U47/><E75/><RYUUKYOKU ba="0,1" sc="124,30,220,-10,390,-10,256,-10" hai0="5,7,17,25,45,50,54,83,86,90,96,97,99" owari="154,-34.6,210,-19.0,390,49.0,246,4.6" /></mjloggm>