<mjloggm ver="2.3"><GO type="225" lobby="0"/><UN n0="%E3%81%B6%E3%82%8B%E3%82%8B%E3%81%B6%E3%81%B6" n1="%E9%BB%92%E9%89%84%E7%8F%A0%E9%9B%AB" n2="%6D%75%75%6D%75%72%61" n3="%73%69%72%6F%75%74" dan="16,16,17,16" rate="2082.66,2189.33,2112.67,2029.25" sx="M,M,F,M"/><TAIKYOKU oya="0"/><INIT seed="0,0,0,3,5,11" ten="250,250,250,250" oya="0" hai0="42,45,22,31,75,129,6,57,78,9,62,106,104" hai1="80,114,91,63,111,101,51,12,48,13,122,120,26" hai2="41,118,134,123,32,35,84,8,109,116,102,14,17" hai3="95,36,82,99,43,0,54,107,66,133,47,27,2"/><T89/><D129/><U76/><E111/><V5/><F109/><W74/><G133/><T112/><D112/><U71/><E114/><V56/><F123/><W28/><G107/><T1/><D89/><U77/><E101/><V126/><F134/><W20/><G66/><T61/><D31/><U7/><E7/><V92/><F126/><W34/><G34/><T69/><D69/><U16/><E71/><V96/><F41/><W127/><G127/><T97/><D22/><N who="1" m="13639" /><E120/><V21/><F56/><W18/><G54/><T40/><D40/><U119/><E119/><N who="2" m="45611" /><F84/><W37/><G37/><T88/><D75/><U124/><E124/><V55/><F55/><W67/><G67/><T33/><D33/><U44/><E63/><V64/><F64/><W130/><G130/><T23/><D62/><U86/><E122/><V25/><AGARI ba="0,0" hai="5,8,14,17,21,25,32,35,92,96,102" m="45611" machi="25" ten="30,2000,0" yaku="12,1,52,1" doraHai="11" who="2" fromWho="2" sc="250,-10,250,-5,250,20,250,-5" /><INIT seed="1,0,0,2,1,35" ten="240,245,270,245" oya="1" hai0="55,36,60,30,61,51,114,19,85,2,103,53,18" hai1="77,45,117,68,120,47,25,21,111,44,130,123,131" hai2="74,104,91,86,34,105,31,99,40,116,96,81,132" hai3="71,12,112,15,95,52,6,134,50,13,73,135,70"/><U59/><E68/><V127/><F40/><W94/><G73/><T63/><D36/><U29/><E77/><N who="2" m="44215" /><F31/><W75/><G112/><T82/><D114/><U125/><E117/><V16/><F16/><N who="0" m="6186" /><D2/><U118/><E118/><V79/><F34/><W80/><G6/><T42/><D103/><U72/><E72/><V27/><F27/><W5/><G5/><T22/><D42/><U87/><E59/><V39/><F39/><W41/><G41/><T0/><D0/><U93/><E125/><V119/><F127/><W4/><G4/><T122/><D122/><U43/><E43/><V69/><F69/><W56/><G71/><T76/><D51/><U62/><E62/><V38/><F38/><W106/><G106/><N who="2" m="41065" /><F132/><N who="3" m="50731" /><G70/><T129/><D129/><N who="1" m="49163" /><E111/><V9/><F9/><W124/><G124/><T65/><D65/><U102/><E87/><V11/><F11/><W54/><G54/><T78/><D78/><AGARI ba="0,0" hai="12,13,15,50,52,56,75,78,80,94,95" m="50731" machi="78" ten="30,2000,0" yaku="20,1,54,1" doraHai="35" who="3" fromWho="0" sc="240,-20,245,0,270,0,245,20" /><INIT seed="2,0,0,2,5,46" ten="220,245,270,265" oya="2" hai0="87,110,126,37,82,79,132,55,91,78,129,47,108" hai1="38,36,6,83,103,54,0,59,14,76,39,111,95" hai2="69,92,63,40,72,33,114,53,65,71,15,51,73" hai3="28,18,34,80,133,135,10,8,123,84,121,35,113"/><V67/><F114/><W125/><G113/><T45/><D126/><U1/><E111/><N who="0" m="42537" /><D129/><U32/><E32/><N who="3" m="12330" /><G125/><T115/><D115/><U116/><E116/><V50/><F33/><W61/><G61/><T22/><D132/><N who="3" m="50761" /><G28/><T52/><D22/><U60/><E103/><V117/><F117/><W130/><G130/><T25/><D25/><U56/><E95/><V96/><F15/><N who="3" m="7527" /><G10/><T107/><D107/><U26/><E60/><V88/><F65/><W4/><G4/><T85/><D79/><AGARI ba="0,0" hai="79,80,84,121,123" m="7527,50761,12330" machi="79" ten="30,1000,0" yaku="20,1" doraHai="46" who="3" fromWho="0" sc="220,-10,245,0,270,0,265,10" /><INIT seed="3,0,0,5,0,63" ten="210,245,270,275" oya="3" hai0="98,46,61,56,96,126,26,5,91,76,33,41,106" hai1="45,109,20,7,118,77,134,89,128,32,16,4,104" hai2="49,51,95,97,131,105,101,47,37,23,21,54,72" hai3="70,115,39,133,112,87,1,40,24,27,124,83,65"/><W74/><G1/><T25/><D126/><U3/><E104/><V35/><F131/><W73/><G87/><T44/><D76/><U113/><E113/><V79/><F35/><W11/><G11/><T34/><D5/><U29/><E109/><V43/><F105/><W78/><G24/><T66/><D33/><U64/><E77/><V12/><F72/><N who="3" m="43463" /><G27/><N who="0" m="10251" /><D34/><U114/><E29/><V28/><F79/><W17/><G17/><T62/><D106/><U84/><E128/><V71/><F28/><W55/><G55/><T48/><D44/><U50/><E134/><V13/><F71/><W0/><G0/><T122/><D122/><U107/><E107/><V86/><F86/><W53/><G53/><T10/><D10/><U81/><E32/><V130/><F130/><W67/><G124/><T132/><D132/><U14/><E114/><N who="3" m="43562" /><G70/><T88/><D62/><U93/><E118/><V60/><F60/><W52/><G52/><T108/><D108/><U36/><E3/><V38/><F23/><W58/><G58/><T59/><D56/><U125/><E125/><V90/><F21/><W75/><G133/><T119/><D119/><U31/><E31/><V110/><F110/><W100/><G74/><T103/><D103/><U18/><E18/><V80/><F101/><W135/><G100/><T15/><D15/><N who="2" m="5706" /><F80/><W127/><G135/><T94/><D94/><U6/><E81/><V117/><F117/><W116/><G116/><T42/><D42/><U68/><E36/><N who="2" m="13931" /><F95/><W92/><G92/><T30/><D30/><U129/><E129/><V102/><F43/><W82/><G127/><RYUUKYOKU ba="0,0" sc="210,30,245,-10,270,-10,275,-10" hai0="41,46,48,59,61,66,88,91,96,98" /><INIT seed="4,1,0,0,4,47" ten="240,235,260,265" oya="0" hai0="113,128,1,102,88,111,127,15,19,90,27,28,36" hai1="114,48,63,104,110,33,26,38,80,62,31,126,99" hai2="30,112,3,130,79,7,44,83,51,69,6,32,67" hai3="132,84,42,98,76,21,77,39,11,129,106,50,4"/><T119/><D119/><U81/><E38/><V118/><F112/><W54/><G42/><T125/><D113/><U55/><E110/><V58/><F118/><W57/><G39/><T72/><D111/><U24/><E114/><V85/><F130/><W94/><G129/><T45/><D72/><U59/><E126/><N who="0" m="48137" /><D1/><U115/><E115/><V120/><F120/><W17/><G106/><T68/><D68/><U14/><E14/><V13/><F3/><W133/><G84/><T12/><D102/><U35/><E104/><V0/><F0/><W73/><G11/><N who="0" m="6559" /><D15/><U9/><E9/><V60/><F69/><W16/><G4/><T56/><D56/><U134/><E134/><N who="3" m="51818" /><G73/><T18/><D18/><N who="3" m="7273" /><G21/><N who="0" m="15471" /><D128/><U105/><E105/><V131/><F131/><W87/><G87/><T78/><D78/><U92/><E26/><V95/><F6/><W74/><G74/><T65/><D65/><U70/><E35/><V49/><F32/><W64/><G64/><T53/><D36/><U122/><E122/><V61/><F13/><W123/><G123/><T75/><D75/><U135/><E135/><V2/><F7/><W97/><G97/><T5/><D5/><U20/><E33/><V100/><F2/><W41/><G76/><T37/><D37/><U107/><E107/><V91/><F67/><W43/><G77/><T10/><D10/><U117/><E117/><V82/><F30/><W96/><G96/><T109/><D109/><U23/><E70/><V93/><F100/><AGARI ba="1,0" hai="41,43,50,54,57,94,98,100" m="7273,51818" machi="100" ten="30,3900,0" yaku="20,1,52,1,54,1" doraHai="47" who="3" fromWho="2" sc="240,0,235,0,260,-42,265,42" owari="240,4.0,235,-16.5,218,-28.2,307,40.7" /></mjloggm>