<mjloggm ver="2.3"><GO type="225" lobby="0"/><UN n0="%77%72%77%72%77%72%77%72" n1="%E3%83%89%E3%83%A9%E3%81%8F%E3%82%8C" n2="%E3%81%BF%E3%81%BF%E3%81%9A" n3="%E3%81%8C%E3%81%9F" dan="17,16,17,16" rate="2176.96,2181.18,2284.47,2094.55" sx="M,M,M,M"/><TAIKYOKU oya="0"/><BYE who="0" /><UN n0="%77%72%77%72%77%72%77%72" /><INIT seed="0,0,0,2,0,65" ten="250,250,250,250" oya="0" hai0="9,67,55,92,135,121,105,61,30,5,37,7,129" hai1="27,132,32,38,31,36,50,34,104,54,133,59,39" hai2="125,77,81,82,91,66,123,21,48,24,14,84,33" hai3="46,78,103,107,23,134,109,64,43,101,71,20,114"/><T12/><D121/><U11/><E104/><V80/><F125/><W18/><G114/><T115/><D115/><U113/><E113/><V15/><F123/><W19/><G109/><T29/><D105/><U72/><E72/><V131/><F131/><W10/><G134/><N who="1" m="51818" /><E11/><V112/><F112/><W0/><G78/><T108/><D135/><U16/><E16/><N who="2" m="12327" /><F33/><AGARI ba="0,0" hai="27,31,32,33,34,36,38,39,50,54,59" m="51818" machi="33" ten="40,1300,0" yaku="20,1" doraHai="65" who="1" fromWho="2" sc="250,0,250,13,250,-13,250,0" /><INIT seed="1,0,0,0,2,106" ten="250,263,237,250" oya="1" hai0="66,19,112,78,48,6,130,16,13,111,72,75,37" hai1="131,51,84,123,94,55,76,114,28,11,97,38,117" hai2="86,62,87,26,135,74,1,42,99,20,102,115,122" hai3="10,88,116,92,100,103,104,35,68,21,91,39,132"/><U53/><E123/><V59/><F122/><W25/><G39/><T52/><D37/><U8/><E117/><V2/><F135/><W67/><G35/><T127/><D112/><U40/><E114/><V133/><F115/><W70/><G132/><T121/><D121/><U83/><E131/><V105/><F42/><W56/><G104/><T33/><D33/><U5/><E28/><V60/><F133/><W17/><G116/><T34/><D34/><U14/><E11/><V73/><F1/><W126/><G126/><T69/><D127/><U85/><E85/><V7/><F60/><N who="3" m="38279" /><G68/><T107/><D107/><U89/><E38/><V22/><F22/><W24/><G70/><T101/><D101/><N who="3" m="38985" /><G10/><T90/><D130/><U36/><E36/><V128/><F128/><W41/><G41/><T31/><D31/><U18/><E18/><V57/><F57/><W64/><G64/><T113/><D113/><U47/><AGARI ba="0,0" hai="5,8,14,40,47,51,53,55,76,83,84,89,94,97" machi="47" ten="30,11700,0" yaku="0,1,25,2,8,1" doraHai="106" who="1" fromWho="1" sc="250,-39,263,117,237,-39,250,-39" /><INIT seed="1,1,0,3,3,88" ten="211,380,198,211" oya="1" hai0="50,56,71,135,107,46,133,1,104,62,37,49,58" hai1="75,82,21,110,116,61,30,119,117,65,72,129,128" hai2="8,39,5,103,54,27,127,78,96,19,100,59,13" hai3="98,86,130,91,80,90,123,66,63,28,9,51,38"/><U22/><E110/><V125/><F39/><W112/><G123/><T16/><D1/><U131/><E30/><V53/><F78/><W94/><G112/><T111/><D111/><U83/><E61/><V99/><F27/><W35/><G38/><T57/><D16/><U68/><E65/><V77/><F77/><W34/><G130/><T109/><D107/><U76/><E68/><V20/><F99/><W44/><G9/><T3/><D3/><U124/><E124/><N who="2" m="47691" /><F59/><N who="0" m="22602" /><D104/><U101/><E101/><V12/><F103/><W31/><G34/><T114/><D71/><U48/><E48/><N who="0" m="18537" /><D114/><U29/><E29/><V11/><F8/><W18/><G18/><T10/><D10/><U43/><E43/><V132/><F132/><W32/><G32/><T106/><D106/><AGARI ba="1,0" hai="5,11,12,13,19,20,53,54,96,100,106" m="47691" machi="106" ten="30,1000,0" yaku="18,1" doraHai="88" who="2" fromWho="0" sc="211,-13,380,0,198,13,211,0" /><INIT seed="2,0,0,3,4,31" ten="198,380,211,211" oya="2" hai0="129,12,21,66,49,112,93,78,7,107,110,29,90" hai1="75,89,128,83,119,120,19,64,8,81,26,79,116" hai2="43,69,58,62,104,44,5,20,28,101,127,114,41" hai3="52,73,55,131,105,68,18,48,94,117,0,47,24"/><V118/><F114/><W102/><G117/><T40/><D112/><U15/><E128/><V109/><F118/><W106/><G73/><T96/><D129/><U10/><E120/><V125/><F69/><W77/><G131/><T85/><D110/><U42/><E64/><V46/><F5/><W130/><G130/><T16/><D107/><U122/><E122/><V34/><F20/><W84/><G0/><T61/><D29/><U99/><E42/><V39/><F101/><W50/><G68/><T115/><D115/><U4/><E26/><V97/><F97/><N who="3" m="59703" /><G105/><T98/><D78/><U13/><E99/><V36/><F104/><W86/><G77/><T74/><D74/><U2/><E2/><V82/><F82/><W54/><G106/><T72/><D72/><U45/><E45/><V27/><REACH who="2" step="1"/><F109/><REACH who="2" ten="198,380,201,211" step="2"/><W67/><G67/><AGARI ba="0,1" hai="27,28,34,36,39,41,43,44,46,58,62,67,125,127" machi="67" ten="40,12000,1" yaku="1,1,2,1,9,1,52,1,53,1" doraHai="31" doraHaiUra="23" who="2" fromWho="3" sc="198,0,380,0,201,130,211,-120" /><INIT seed="2,1,0,1,3,129" ten="198,380,331,91" oya="2" hai0="70,84,42,101,34,27,22,47,26,124,134,93,128" hai1="1,31,56,105,114,37,77,25,109,24,72,123,89" hai2="55,100,112,46,91,116,117,54,135,132,85,102,67" hai3="83,87,73,99,44,68,43,45,36,62,9,75,125"/><V103/><F67/><W118/><G118/><N who="2" m="45673" /><F46/><W65/><G125/><T39/><D134/><N who="2" m="51242" /><F112/><W32/><G32/><T10/><D47/><U133/><E56/><V50/><F50/><W30/><G30/><T21/><D70/><U12/><E133/><V41/><F41/><W23/><G23/><T48/><D22/><U95/><E37/><V61/><F61/><W115/><G115/><T71/><D21/><U108/><E109/><V97/><F97/><W82/><G44/><T38/><D48/><U13/><E108/><V81/><AGARI ba="1,0" hai="54,55,81,85,91,100,102,103" m="51242,45673" machi="81" ten="40,12000,1" yaku="20,1,52,3" doraHai="129" who="2" fromWho="2" sc="198,-41,380,-41,331,123,91,-41" /><INIT seed="2,2,0,1,1,84" ten="157,339,454,50" oya="2" hai0="90,47,101,75,9,106,25,130,129,22,55,36,81" hai1="87,89,111,131,123,59,125,115,52,121,93,107,15" hai2="88,122,91,63,6,61,70,2,64,109,65,113,44" hai3="56,5,77,69,100,0,57,34,14,82,110,49,31"/><V127/><F122/><N who="1" m="46601" /><E115/><V3/><F113/><W78/><G69/><T1/><D101/><U30/><E107/><V97/><F127/><W46/><G0/><T112/><D106/><U94/><E125/><V126/><F126/><W8/><G110/><T42/><D55/><U67/><E111/><V21/><F109/><W96/><G34/><T48/><D48/><N who="1" m="31111" /><E67/><V41/><F21/><W16/><G31/><T72/><D22/><U26/><E15/><V68/><F97/><W37/><G37/><T79/><D36/><U117/><E117/><V20/><F20/><W62/><G5/><T124/><D1/><U135/><E135/><V66/><F66/><W71/><G71/><T114/><D124/><U11/><E11/><V134/><F134/><W58/><G62/><T104/><D9/><U45/><E45/><V29/><F29/><W132/><G132/><T33/><D47/><U35/><E131/><V128/><F128/><W32/><G32/><T60/><D33/><U92/><AGARI ba="2,0" hai="26,30,35,87,89,92,93,94" m="31111,46601" machi="92" ten="30,4000,0" yaku="13,1,52,1,54,1" doraHai="84" who="1" fromWho="1" sc="157,-12,339,46,454,-22,50,-12" /><INIT seed="3,0,0,4,1,37" ten="145,385,432,38" oya="3" hai0="104,118,49,46,19,102,107,38,71,95,51,70,61" hai1="44,122,83,117,100,130,132,26,56,15,18,55,13" hai2="89,3,29,92,24,115,125,65,87,76,119,86,69" hai3="16,96,120,39,41,134,54,133,50,40,127,48,21"/><W79/><G120/><T62/><D118/><U12/><E122/><V91/><F119/><W85/><G39/><T123/><D123/><U47/><E117/><V10/><F115/><W17/><G127/><T53/><D19/><N who="3" m="7241" /><G96/><T116/><D116/><U113/><E113/><V8/><F76/><W68/><G68/><T66/><D38/><U124/><E124/><V59/><F69/><W98/><G98/><T0/><D0/><U74/><E132/><N who="3" m="50794" /><G21/><T135/><D135/><U94/><E100/><V101/><F101/><W77/><G50/><T114/><D114/><U1/><E130/><V43/><F125/><W126/><G126/><T93/><D102/><U103/><E103/><V30/><F24/><W131/><G131/><T58/><D107/><U6/><E26/><V34/><F34/><W64/><G64/><T81/><D104/><U90/><E18/><V20/><F20/><W108/><G108/><T73/><D71/><U80/><E6/><V11/><F65/><W57/><G85/><T63/><D70/><U5/><E5/><V33/><F33/><W112/><G112/><T2/><D66/><U35/><E35/><V110/><F110/><W31/><G31/><T28/><D28/><U99/><E74/><V22/><F22/><W111/><G111/><T97/><D97/><U129/><E129/><V67/><F67/><W121/><G121/><T106/><D106/><U72/><E72/><V52/><F29/><W27/><G27/><T36/><D36/><U88/><E99/><N who="2" m="57743" /><F30/><W32/><G32/><T75/><D51/><U84/><E84/><V25/><F87/><RYUUKYOKU ba="0,0" sc="145,-10,385,-10,432,-10,38,30" hai3="40,41,48,54,57,77,79" /><INIT seed="3,1,0,0,0,14" ten="135,375,422,68" oya="3" hai0="117,19,29,98,129,36,9,110,32,67,122,92,73" hai1="109,23,17,38,11,10,54,61,47,37,48,25,21" hai2="0,89,64,45,58,85,68,83,4,18,105,104,88" hai3="96,70,132,39,26,74,90,51,108,53,55,111,20"/><W113/><G113/><T99/><D36/><U126/><E109/><N who="3" m="42058" /><G39/><T72/><D110/><U8/><E126/><V60/><F45/><W3/><G3/><T77/><D122/><U87/><E87/><V93/><F18/><N who="3" m="12567" /><G74/><T13/><D117/><U66/><REACH who="1" step="1"/><E23/><REACH who="1" ten="135,365,422,68" step="2"/><V130/><F130/><W1/><G1/><T114/><D129/><U50/><E50/><V86/><REACH who="2" step="1"/><F68/><AGARI ba="1,1" hai="8,10,11,17,21,25,37,38,47,48,54,61,66,68" machi="68" ten="40,2600,0" yaku="1,1,52,1,53,0" doraHai="14" doraHaiUra="119" who="1" fromWho="2" sc="135,0,365,39,422,-29,68,0" owari="135,-26.5,404,50.4,393,19.3,68,-43.2" /></mjloggm>