<mjloggm ver="2.3"><GO type="225" lobby="0"/><UN n0="%E9%80%9F%E6%B0%B4%E5%87%9B%E9%A6%99" n1="%6D%75%75%6D%75%72%61" n2="%E3%83%AD%E3%83%83%E3%83%86%E9%9B%80%E7%90%83" n3="%E3%82%82%E3%81%90%E3%82%89" dan="16,17,17,17" rate="2093.46,2198.32,2162.51,2172.97" sx="F,F,M,M"/><TAIKYOKU oya="0"/><INIT seed="0,0,0,5,3,28" ten="250,250,250,250" oya="0" hai0="31,16,83,6,32,33,5,76,87,75,103,47,80" hai1="102,96,108,0,26,39,58,17,9,104,126,97,120" hai2="94,65,100,121,129,27,62,95,106,68,113,50,7" hai3="116,117,19,8,105,43,36,11,38,115,81,71,57"/><T46/><D103/><U21/><E120/><V10/><F121/><W48/><G71/><T44/><D16/><U132/><E108/><V72/><F113/><W112/><G105/><T133/><D133/><U69/><E69/><V82/><F129/><W45/><G112/><T77/><REACH who="0" step="1"/><D31/><REACH who="0" ten="240,250,250,250" step="2"/><U111/><E132/><V99/><F100/><W74/><G115/><T92/><D92/><U78/><E102/><V40/><F95/><W79/><G19/><T60/><D60/><U3/><E17/><V52/><F94/><W37/><REACH who="3" step="1"/><G57/><REACH who="3" ten="240,250,250,240" step="2"/><T18/><D18/><U131/><E58/><V67/><F68/><W61/><G61/><T118/><D118/><AGARI ba="0,2" hai="8,11,36,37,38,43,45,48,74,79,81,116,117,118" machi="118" ten="50,1600,0" yaku="1,1,53,0" doraHai="28" doraHaiUra="22" who="3" fromWho="0" sc="240,-16,250,0,250,0,240,36" /><INIT seed="1,0,0,3,3,34" ten="224,250,250,276" oya="1" hai0="1,63,60,9,57,54,6,33,44,18,71,85,41" hai1="124,125,89,103,111,76,86,101,51,127,72,88,43" hai2="35,5,52,83,84,102,16,112,116,92,77,128,117" hai3="23,115,104,28,50,4,15,132,7,13,62,126,95"/><U32/><E32/><V24/><F128/><W36/><G36/><T113/><D113/><U105/><E43/><V31/><F112/><W58/><G104/><T99/><D33/><U106/><E51/><V73/><F5/><W14/><G115/><T110/><D110/><U90/><E72/><V21/><F52/><N who="3" m="34119" /><G132/><T79/><D18/><U109/><E106/><V65/><F65/><W53/><G126/><T61/><D99/><N who="1" m="61631" /><E103/><V69/><F69/><W123/><G123/><T0/><D71/><U66/><E66/><V22/><F35/><W129/><G129/><T29/><D29/><U98/><E98/><V37/><F37/><W48/><G95/><T46/><D46/><U91/><E76/><V20/><F20/><W2/><G2/><T26/><D26/><U100/><E100/><V30/><F102/><W118/><G118/><T40/><D40/><U130/><E130/><V45/><F31/><W3/><G3/><T78/><D78/><U108/><E127/><V55/><F92/><AGARI ba="0,0" hai="86,88,89,90,91,92,108,109,111,124,125" m="61631" machi="92" ten="40,12000,1" yaku="14,1,10,1,34,2,54,1" doraHai="34" who="1" fromWho="2" sc="224,0,250,120,250,-120,276,0" /><INIT seed="1,1,0,3,0,52" ten="224,370,130,276" oya="1" hai0="54,83,130,24,87,32,27,4,50,60,42,65,80" hai1="34,118,71,1,66,81,72,14,115,37,106,2,99" hai2="132,28,120,102,126,108,103,73,97,16,112,21,0" hai3="94,95,69,67,49,20,25,110,64,107,98,10,36"/><U79/><E115/><V22/><F120/><W127/><G36/><T76/><D32/><U68/><E118/><V46/><F73/><W117/><G117/><T29/><D42/><U90/><E90/><V59/><F0/><N who="1" m="105" /><E14/><V100/><F108/><W62/><G107/><T124/><D4/><U58/><E58/><V33/><F126/><W88/><G127/><T85/><D130/><U135/><E66/><V51/><F132/><W70/><G110/><T133/><D29/><U43/><E34/><V93/><F33/><W86/><G49/><T17/><D17/><U23/><E23/><V38/><F38/><W121/><G10/><T8/><D8/><U116/><E116/><V75/><F75/><W55/><G55/><T128/><D128/><U84/><E84/><V45/><F112/><W74/><G74/><T89/><D133/><U125/><E125/><V5/><F5/><W134/><G134/><T57/><REACH who="0" step="1"/><D124/><REACH who="0" ten="214,370,130,276" step="2"/><U15/><E135/><V11/><F11/><W131/><G131/><T109/><D109/><U114/><E114/><V96/><F28/><W6/><G6/><T104/><D104/><U41/><E41/><V35/><F35/><W91/><G20/><T9/><D9/><U82/><E43/><V53/><F22/><W44/><G25/><T122/><D122/><U119/><E106/><V47/><REACH who="2" step="1"/><F93/><REACH who="2" ten="214,370,120,276" step="2"/><W92/><G92/><T7/><D7/><U18/><E119/><V61/><F61/><N who="3" m="40079" /><G121/><T113/><D113/><U129/><E129/><V19/><F19/><W3/><G3/><T30/><D30/><U101/><E18/><V39/><F39/><RYUUKYOKU ba="1,2" sc="214,10,370,-30,120,10,276,10" hai0="24,27,50,54,57,60,65,76,80,83,85,87,89" hai2="16,21,45,46,47,51,53,59,96,97,100,102,103" hai3="44,62,67,70,86,88,91,94,95,98" /><INIT seed="2,2,2,2,4,51" ten="224,340,130,286" oya="2" hai0="118,59,75,96,70,21,26,15,18,100,13,99,1" hai1="73,87,49,42,39,91,82,112,10,74,31,135,20" hai2="115,79,5,128,57,103,41,125,0,67,34,29,124" hai3="28,110,17,38,107,105,81,94,54,127,62,68,131"/><V101/><F115/><W53/><G38/><T95/><D70/><U84/><E112/><V24/><F128/><W6/><G131/><T80/><D75/><U132/><E39/><V126/><F41/><W119/><G119/><T35/><D1/><U102/><E102/><V133/><F133/><N who="1" m="51273" /><E10/><N who="2" m="2343" /><F79/><W66/><G110/><T117/><D80/><N who="1" m="49543" /><E31/><V64/><F64/><W48/><G28/><T47/><D47/><N who="1" m="25847" /><E20/><V23/><F34/><W114/><G114/><T2/><D2/><U55/><E55/><V129/><F129/><W25/><G6/><T7/><D7/><U8/><E8/><V111/><F111/><W109/><G109/><T32/><D32/><U69/><E69/><V88/><F88/><AGARI ba="2,2" hai="73,74,82,87,88" m="25847,49543,51273" machi="88" ten="30,2000,0" yaku="20,1,54,1" doraHai="51" who="1" fromWho="2" sc="224,0,340,46,130,-26,286,0" /><INIT seed="3,0,0,1,3,74" ten="224,386,104,286" oya="3" hai0="9,28,128,78,124,96,33,70,38,40,39,69,59" hai1="98,106,6,116,2,126,132,18,100,121,10,109,36" hai2="111,44,4,93,82,130,48,57,25,103,52,62,14" hai3="84,112,135,58,17,55,90,91,72,21,134,41,23"/><W43/><G112/><T131/><D28/><U95/><E121/><V56/><F111/><W49/><G72/><T119/><D33/><U94/><E109/><V104/><F130/><W63/><G23/><T8/><D96/><U97/><E126/><V47/><F104/><W85/><G135/><T75/><D75/><U22/><E36/><V20/><F82/><W12/><G134/><T105/><D59/><U110/><E110/><V71/><F71/><W66/><G85/><T64/><D64/><U65/><E132/><V67/><F4/><W92/><REACH who="3" step="1"/><G91/><REACH who="3" ten="224,386,104,276" step="2"/><T113/><D113/><U5/><E22/><V51/><F14/><W114/><G114/><T73/><D73/><U87/><E87/><V125/><F125/><W60/><G60/><T68/><D124/><U80/><E2/><V15/><F15/><W24/><G24/><T107/><D119/><U50/><E116/><V46/><F51/><W37/><G37/><T129/><D78/><U77/><E50/><V42/><F42/><W133/><G133/><T54/><D40/><U3/><E77/><V120/><F120/><W102/><G102/><T99/><D38/><U13/><E100/><V122/><F122/><W89/><G89/><T27/><D39/><U127/><E3/><V0/><F0/><W81/><G81/><T101/><D27/><U117/><E80/><V108/><F108/><W83/><G83/><T19/><D101/><U26/><E117/><V79/><F79/><W30/><G30/><T7/><D129/><U45/><E127/><V118/><F118/><W123/><G123/><T32/><D128/><RYUUKYOKU ba="0,1" sc="224,-10,386,-10,104,-10,276,30" hai3="12,17,21,41,43,49,55,58,63,66,84,90,92" /><INIT seed="3,1,1,3,0,133" ten="214,376,94,306" oya="3" hai0="46,114,47,115,97,134,53,58,17,125,64,121,60" hai1="44,92,126,96,84,12,94,11,14,100,85,23,57" hai2="42,83,98,120,71,4,107,106,10,63,15,117,1" hai3="73,110,104,0,108,29,93,72,54,13,111,132,9"/><W90/><G104/><T131/><D97/><N who="1" m="59431" /><E126/><V37/><F117/><W38/><G132/><T105/><D17/><N who="1" m="10663" /><E57/><V51/><F120/><W102/><G38/><T35/><D35/><U18/><E44/><V45/><F15/><W65/><G65/><T82/><D82/><U91/><AGARI ba="1,1" hai="11,14,18,84,85,91,94,96" m="10663,59431" machi="91" ten="30,1100,0" yaku="8,1" doraHai="133" who="1" fromWho="1" sc="214,-4,376,24,94,-4,306,-6" owari="210,-19.0,400,50.0,90,-41.0,300,10.0" /></mjloggm>