<mjloggm ver="2.3"><GO type="225" lobby="0"/><UN n0="%72%65%6E%6B%75%6E" n1="%E3%81%A9%E3%82%8F%E3%82%93%E3%81%94" n2="%73%6C%69%63%6B%33%31%39" n3="%77%72%77%72%77%72%77%72" dan="17,16,16,16" rate="2227.68,2110.02,2108.10,2264.63" sx="M,M,M,M"/><TAIKYOKU oya="0"/><INIT seed="0,0,0,2,2,51" ten="250,250,250,250" oya="0" hai0="45,116,61,124,50,117,93,18,105,60,56,76,25" hai1="78,128,81,102,0,35,68,109,8,82,97,72,26" hai2="111,65,13,77,133,89,74,123,121,98,130,103,37" hai3="3,6,101,19,79,70,2,106,104,95,55,54,85"/><T66/><D105/><U118/><E109/><V46/><F65/><W57/><G70/><T114/><D114/><U28/><E128/><V64/><F64/><W135/><G135/><T107/><D107/><N who="1" m="63951" /><E82/><N who="2" m="45367" /><F13/><W84/><G106/><T22/><D124/><U83/><E83/><V49/><F37/><W99/><G104/><T67/><D93/><U32/><E118/><V42/><F111/><W119/><G119/><T125/><D76/><U92/><E92/><N who="2" m="58823" /><F89/><W91/><G6/><T33/><D33/><N who="1" m="20631" /><E68/><V59/><F59/><W132/><G132/><T24/><D24/><U20/><E20/><V126/><F133/><W38/><G38/><T15/><D25/><U90/><E90/><V5/><F5/><AGARI ba="0,0" hai="0,5,8,32,35,72,78,81" m="20631,63951" machi="5" ten="30,2000,0" yaku="33,2" doraHai="51" who="1" fromWho="2" sc="250,0,250,20,250,-20,250,0" /><INIT seed="1,0,0,1,0,9" ten="250,270,230,250" oya="1" hai0="123,54,51,52,45,34,115,71,30,119,33,40,99" hai1="38,19,130,0,18,89,98,50,35,23,112,78,84" hai2="20,125,59,97,31,28,105,96,26,100,107,61,16" hai3="53,110,3,60,116,14,44,32,131,95,68,42,102"/><U126/><E112/><V72/><F125/><W65/><G3/><T124/><D115/><U17/><E38/><V8/><F72/><W1/><G1/><T122/><D119/><U41/><E35/><N who="0" m="13321" /><D71/><U92/><E126/><V79/><F79/><W47/><G116/><T56/><D124/><U55/><E0/><V127/><F127/><W111/><G32/><T64/><D30/><U49/><E130/><V94/><F8/><W106/><G106/><T76/><D76/><U48/><E41/><V27/><F27/><W82/><G82/><T104/><D64/><U83/><REACH who="1" step="1"/><E55/><REACH who="1" ten="250,260,230,250" step="2"/><V81/><F81/><W5/><G53/><T128/><D128/><U85/><E85/><V39/><F39/><W13/><G42/><T67/><D40/><U90/><E90/><V108/><F108/><W69/><G131/><T88/><D88/><U74/><E74/><V73/><F73/><W114/><G114/><T121/><D54/><U12/><AGARI ba="0,1" hai="12,17,18,19,23,48,49,50,78,83,84,89,92,98" machi="12" ten="30,11700,0" yaku="1,1,0,1,8,1,52,1,53,0" doraHai="9" doraHaiUra="134" who="1" fromWho="1" sc="250,-39,260,127,230,-39,250,-39" /><INIT seed="1,1,0,1,4,124" ten="211,387,191,211" oya="1" hai0="48,62,76,77,56,80,23,71,7,92,34,15,133" hai1="30,38,24,120,107,85,86,51,111,35,103,59,132" hai2="101,108,65,10,95,47,57,102,68,52,122,123,25" hai3="18,99,70,44,42,79,13,3,43,20,67,6,131"/><U31/><E120/><V36/><F108/><W134/><G134/><T125/><D34/><U39/><E132/><V17/><F68/><W96/><G79/><T37/><D37/><U88/><E30/><V69/><F95/><W75/><G75/><T105/><D105/><U49/><E111/><V73/><F73/><W116/><G116/><T55/><D133/><U74/><E74/><V117/><F117/><W50/><G3/><T26/><D125/><U2/><E2/><V84/><F84/><W11/><G70/><T98/><D80/><U126/><E86/><V93/><F93/><W5/><G67/><T9/><D48/><U63/><E126/><V81/><F81/><W29/><G42/><T78/><D71/><U127/><E127/><V90/><F90/><W58/><G58/><T19/><REACH who="0" step="1"/><D77/><REACH who="0" ten="201,387,191,211" step="2"/><U60/><E39/><V109/><F109/><W0/><G131/><T119/><D119/><U64/><E38/><V14/><F69/><W21/><G50/><T129/><D129/><U118/><E118/><V1/><F36/><W82/><G82/><T28/><D28/><U106/><E106/><V45/><F123/><W61/><G29/><T8/><D8/><U22/><E35/><V72/><F10/><W97/><G11/><T128/><D128/><U12/><E107/><V114/><F122/><W112/><G112/><T33/><D33/><U121/><E49/><V32/><F114/><W91/><G61/><T94/><D94/><U104/><E63/><V113/><F32/><W27/><G20/><T46/><D46/><U87/><E121/><V66/><F113/><RYUUKYOKU ba="1,1" sc="201,30,387,-10,191,-10,211,-10" hai0="7,9,15,19,23,26,55,56,62,76,78,92,98" /><INIT seed="2,2,1,0,2,3" ten="231,377,181,201" oya="2" hai0="124,34,14,41,27,123,56,118,62,129,79,63,76" hai1="55,115,32,125,49,31,19,89,57,48,119,24,28" hai2="66,120,113,90,15,46,22,8,17,25,84,20,91" hai3="36,126,13,16,38,67,6,100,44,2,135,121,78"/><V60/><F113/><W11/><G121/><T86/><D123/><U116/><E115/><V7/><F120/><W92/><G135/><T40/><D124/><U106/><E125/><V71/><F84/><W51/><G126/><T18/><D129/><U69/><E106/><V72/><F72/><W33/><G33/><T47/><D118/><U133/><E69/><V101/><F101/><W96/><G67/><T9/><D63/><U94/><E133/><V12/><REACH who="2" step="1"/><F46/><REACH who="2" ten="231,377,171,201" step="2"/><W0/><G78/><T127/><D127/><U37/><E119/><V52/><F52/><W35/><G35/><T93/><D47/><U114/><E116/><V131/><F131/><W39/><REACH who="3" step="1"/><G6/><REACH who="3" ten="231,377,171,191" step="2"/><N who="0" m="3383" /><D34/><U50/><E32/><V53/><F53/><AGARI ba="2,3" hai="0,2,11,13,16,36,38,39,44,51,53,92,96,100" machi="53" ten="40,2600,0" yaku="1,1,54,1,53,0" doraHai="3" doraHaiUra="122" who="3" fromWho="2" sc="231,0,377,0,171,-32,191,62" /><INIT seed="3,0,0,2,3,3" ten="231,377,139,253" oya="3" hai0="101,19,49,99,127,61,85,106,10,40,65,107,38" hai1="116,68,80,70,82,51,79,20,12,122,96,114,46" hai2="77,0,128,34,9,83,25,132,59,42,54,13,11" hai3="104,45,31,86,120,27,110,76,55,117,93,57,21"/><W75/><G117/><T47/><D127/><U18/><E122/><V44/><F132/><W74/><G104/><T89/><D106/><U92/><E114/><V98/><F128/><W125/><G120/><T6/><D19/><U109/><E109/><V133/><F133/><W14/><G125/><T58/><D85/><U52/><E116/><V53/><F98/><W95/><G45/><T81/><D81/><U124/><E82/><V119/><F119/><W73/><G110/><T88/><D38/><U4/><E4/><V48/><F34/><W115/><G73/><T37/><D37/><U131/><E131/><V91/><F25/><W26/><G74/><T39/><D39/><U105/><E105/><V134/><F134/><W130/><G75/><T111/><D111/><U102/><E124/><V90/><F0/><AGARI ba="0,0" hai="0,6,10,40,47,49,58,61,65,88,89,99,101,107" machi="0" ten="30,3900,0" yaku="7,1,52,1,54,1" doraHai="3" who="0" fromWho="2" sc="231,39,377,0,139,-39,253,0" owari="270,7.0,377,47.7,100,-40.0,253,-14.7" /></mjloggm>