<mjloggm ver="2.3"><GO type="225" lobby="0"/><UN n0="%E3%83%AD%E3%83%83%E3%83%86%E9%9B%80%E7%90%83" n1="%43%68%65" n2="%E3%82%82%E3%81%90%E3%82%89" n3="%E3%81%B7%E3%82%8A%E3%82%93%E8%81%96%E4%BA%BA" dan="17,16,17,16" rate="2263.84,2148.77,2177.36,2089.65" sx="M,M,M,M"/><TAIKYOKU oya="0"/><INIT seed="0,0,0,4,2,45" ten="250,250,250,250" oya="0" hai0="105,135,82,131,29,48,86,90,13,34,110,77,16" hai1="64,106,32,24,130,63,62,22,12,99,52,18,109" hai2="38,30,134,51,84,100,120,75,6,94,68,40,93" hai3="58,1,107,95,119,54,114,73,102,127,59,88,41"/><T83/><D131/><U9/><E130/><V57/><F75/><W122/><G73/><T111/><D135/><U26/><E109/><N who="0" m="41481" /><D105/><U5/><E32/><V72/><F72/><W132/><G1/><T65/><D65/><U123/><E123/><V43/><F68/><W78/><G78/><T49/><D29/><U113/><E113/><V4/><F120/><W44/><G107/><T37/><D37/><U115/><E115/><V46/><F134/><W133/><G102/><T89/><D34/><U91/><E63/><V70/><F70/><W121/><G114/><T104/><D104/><U112/><E112/><V23/><F94/><W98/><G119/><T71/><D71/><U76/><E76/><V117/><F117/><W50/><G59/><T11/><D90/><U42/><E64/><V126/><F100/><W125/><G122/><T39/><D39/><U87/><E106/><V2/><F38/><W55/><G121/><T27/><D27/><U80/><E99/><V124/><F30/><W8/><G132/><T35/><D35/><U92/><E26/><V116/><F116/><W61/><G133/><T53/><D53/><U79/><E42/><V28/><F43/><W97/><G55/><T96/><D96/><N who="1" m="57375" /><E52/><V118/><F118/><W108/><G108/><T3/><D3/><U31/><E31/><V129/><F2/><W60/><G97/><T56/><D56/><U14/><E62/><V17/><F28/><W69/><G69/><T0/><D0/><U7/><E24/><N who="2" m="14447" /><F57/><W20/><G61/><T74/><AGARI ba="0,0" hai="11,13,16,48,49,74,77,82,83,86,89" m="41481" machi="74" ten="30,12000,1" yaku="14,1,10,1,52,2,54,1" doraHai="45" who="0" fromWho="0" sc="250,120,250,-40,250,-40,250,-40" /><INIT seed="0,1,0,5,0,101" ten="370,210,210,210" oya="0" hai0="73,62,8,82,109,105,5,56,133,111,54,127,70" hai1="107,14,123,114,67,52,59,72,47,65,84,28,46" hai2="87,134,118,81,9,55,7,92,96,10,39,24,120" hai3="124,83,88,16,34,126,98,4,44,112,129,125,11"/><T61/><D127/><U106/><E72/><V103/><F120/><W79/><G34/><T76/><D133/><U86/><E123/><V49/><F134/><W37/><G112/><T66/><REACH who="0" step="1"/><D105/><REACH who="0" ten="360,210,210,210" step="2"/><U26/><E114/><V85/><F118/><W63/><G124/><T130/><D130/><U108/><E107/><V131/><F131/><W58/><G129/><T6/><D6/><U57/><E106/><V12/><F39/><W15/><G4/><T95/><D95/><U53/><E108/><V48/><F81/><W78/><G125/><T31/><D31/><U89/><E28/><V0/><F7/><W36/><G126/><T38/><D38/><U64/><E26/><V115/><F24/><W42/><G37/><T71/><D71/><U116/><E116/><V23/><F115/><W119/><G119/><T121/><D121/><U110/><E110/><V51/><F92/><W13/><G83/><T20/><D20/><U128/><E128/><V35/><F23/><W45/><G36/><T102/><D102/><U100/><E100/><V19/><F103/><W21/><G21/><T29/><D29/><U41/><E14/><AGARI ba="1,1" hai="5,8,14,54,56,61,62,66,70,73,76,82,109,111" machi="14" ten="40,2000,0" yaku="1,1,53,0" doraHai="101" doraHaiUra="117" who="0" fromWho="1" sc="360,33,210,-23,210,0,210,0" /><INIT seed="0,2,0,2,0,24" ten="393,187,210,210" oya="0" hai0="13,102,115,26,0,75,97,68,93,110,64,119,9" hai1="28,122,29,52,128,88,60,54,36,16,126,98,114" hai2="58,65,22,33,76,78,124,56,48,103,15,84,129" hai3="4,38,127,67,53,99,82,132,40,108,134,46,5"/><T70/><D115/><U77/><E122/><V31/><F124/><W2/><G67/><T106/><D119/><U50/><E36/><V44/><F129/><W120/><G127/><T118/><D75/><U133/><E126/><V51/><F103/><W63/><G120/><T121/><D0/><U11/><E128/><V42/><F33/><W112/><G112/><T95/><D118/><U71/><E77/><V21/><F65/><W94/><G82/><T101/><D110/><U18/><E71/><V57/><F51/><W73/><G73/><T30/><D121/><U85/><E98/><V8/><F84/><W89/><G108/><T72/><D72/><U91/><E114/><V27/><REACH who="2" step="1"/><F22/><REACH who="2" ten="393,187,200,210" step="2"/><W37/><G37/><T17/><D102/><U123/><E123/><V7/><AGARI ba="2,1" hai="7,8,15,21,27,31,42,44,48,56,57,58,76,78" machi="7" ten="30,8000,1" yaku="1,1,2,1,0,1,8,1,52,1,53,0" doraHai="24" doraHaiUra="113" who="2" fromWho="2" sc="393,-42,187,-22,200,96,210,-22" /><INIT seed="1,0,0,4,3,58" ten="351,165,296,188" oya="1" hai0="29,36,61,125,126,48,1,16,74,73,2,37,102" hai1="65,57,123,9,119,39,67,84,19,21,47,13,44" hai2="108,51,116,101,76,52,127,34,113,4,98,95,107" hai3="75,18,45,27,124,112,88,42,25,55,3,85,70"/><U130/><E119/><V114/><F116/><W72/><G3/><N who="0" m="1035" /><D29/><U132/><E123/><V103/><F34/><W81/><G70/><T63/><D48/><U22/><E130/><V71/><F108/><W43/><G112/><N who="2" m="43113" /><F71/><W6/><G6/><T50/><D50/><U118/><E118/><V28/><F28/><W32/><G32/><T82/><D16/><N who="1" m="8239" /><E132/><V86/><F127/><N who="0" m="48650" /><D102/><U0/><E0/><V115/><F4/><W49/><G124/><T120/><D120/><U78/><E39/><N who="0" m="14921" /><D82/><N who="1" m="47191" /><E22/><V17/><F17/><W56/><G43/><T59/><D59/><U38/><E38/><V87/><F115/><W90/><G90/><T96/><D96/><U60/><E67/><V92/><F76/><W20/><REACH who="3" step="1"/><G27/><AGARI ba="0,0" hai="19,21,27,44,47,57,60,65" m="47191,8239" machi="27" ten="30,5800,0" yaku="8,1,52,1,54,1" doraHai="58" who="1" fromWho="3" sc="351,0,165,58,296,0,188,-58" /><INIT seed="1,1,0,4,4,51" ten="351,223,296,130" oya="1" hai0="37,123,80,98,20,68,24,132,5,26,59,35,63" hai1="3,113,124,66,18,82,53,102,100,56,45,7,92" hai2="46,117,38,87,47,33,40,128,70,95,78,108,122" hai3="9,69,67,135,84,127,60,30,119,81,2,28,58"/><U13/><E113/><V1/><F122/><W105/><G105/><T11/><D132/><U29/><E124/><V115/><F117/><W10/><G127/><T125/><D125/><U74/><E29/><V44/><F115/><W96/><G69/><T89/><D37/><U83/><E7/><V116/><F116/><W27/><G135/><T19/><D68/><U65/><E3/><V15/><F1/><W75/><G75/><T121/><D35/><U49/><E74/><V93/><F33/><W17/><G2/><N who="0" m="439" /><D26/><U79/><E79/><V43/><F70/><W12/><G10/><T94/><D80/><N who="1" m="30763" /><E92/><V52/><F128/><W22/><G119/><T130/><D130/><U109/><E109/><V36/><F108/><W31/><REACH who="3" step="1"/><G96/><REACH who="3" ten="351,223,296,120" step="2"/><T126/><D126/><U104/><E104/><V88/><F38/><W39/><G39/><T8/><D8/><N who="1" m="6439" /><E66/><V57/><F36/><W103/><G103/><T61/><D123/><U101/><E65/><V21/><F78/><AGARI ba="1,1" hai="9,12,17,22,27,28,30,31,58,60,67,78,81,84" machi="78" ten="30,7700,0" yaku="1,1,7,1,8,1,53,1" doraHai="51" doraHaiUra="62" who="3" fromWho="2" sc="351,0,223,0,296,-80,120,90" /><INIT seed="2,0,0,1,1,2" ten="351,223,216,210" oya="2" hai0="17,60,18,109,112,12,119,133,29,5,113,126,68" hai1="42,125,135,15,83,79,130,21,20,24,56,25,62" hai2="98,114,33,107,7,110,67,48,36,19,43,65,76" hai3="32,95,13,100,8,22,88,3,92,70,93,50,72"/><V61/><F114/><W81/><G70/><T124/><D109/><U1/><E1/><V10/><F33/><W44/><G32/><T129/><D129/><U30/><E130/><V120/><F120/><W41/><G3/><T37/><D133/><U49/><E135/><V102/><F110/><W111/><G111/><T51/><D37/><U46/><E125/><N who="0" m="48233" /><D119/><U101/><E15/><V4/><F36/><W134/><G134/><T86/><D29/><U38/><E101/><V127/><F127/><W131/><G131/><T121/><D121/><U57/><E38/><V99/><F76/><W45/><G45/><T28/><D28/><U54/><E57/><N who="2" m="37039" /><F107/><W75/><G22/><T103/><D103/><U74/><E25/><V108/><F67/><W9/><G9/><N who="0" m="4143" /><D51/><U77/><E77/><V59/><F108/><W53/><G100/><T85/><D60/><U35/><AGARI ba="0,0" hai="20,21,24,30,35,42,46,49,54,56,62,74,79,83" machi="35" ten="20,1500,0" yaku="0,1,7,1" doraHai="2" who="1" fromWho="1" sc="351,-4,223,15,216,-7,210,-4" /><INIT seed="3,0,0,5,2,30" ten="347,238,209,206" oya="3" hai0="64,14,119,33,17,101,74,34,122,118,28,53,46" hai1="68,107,105,42,134,12,128,130,109,26,94,67,43" hai2="23,15,56,9,80,48,29,8,7,111,129,126,45" hai3="81,5,103,113,132,115,73,112,92,18,76,71,3"/><W35/><G71/><T11/><D74/><U58/><E68/><V121/><F111/><W44/><G132/><T133/><D122/><U106/><E109/><V93/><F121/><W31/><G18/><T49/><D133/><U100/><E134/><V131/><F126/><W77/><G76/><T117/><D28/><U21/><E12/><V50/><F80/><W27/><G92/><T55/><D64/><U85/><E67/><V24/><F56/><W104/><G44/><T78/><D101/><U89/><E58/><V38/><F93/><W10/><G103/><T59/><REACH who="0" step="1"/><D78/><REACH who="0" ten="337,238,209,206" step="2"/><U108/><E100/><V97/><F97/><W65/><G65/><T125/><D125/><U22/><E108/><V79/><F79/><W36/><G36/><T84/><D84/><U87/><E87/><V4/><F38/><W25/><G25/><T96/><D96/><U124/><E124/><V116/><F116/><W90/><G90/><T40/><D40/><N who="1" m="15403" /><E26/><V114/><F114/><W91/><G91/><T16/><D16/><U88/><E89/><V37/><F37/><W54/><G54/><T135/><D135/><U39/><E39/><V95/><F29/><W72/><G72/><T120/><D120/><U99/><E99/><V63/><F4/><W82/><G82/><T70/><D70/><U83/><E83/><V86/><F7/><W2/><G2/><T110/><D110/><U75/><E75/><V19/><F19/><W51/><G51/><AGARI ba="0,1" hai="11,14,17,33,34,46,49,51,53,55,59,117,118,119" machi="51" ten="40,5200,0" yaku="1,1,52,2,53,0" doraHai="30" doraHaiUra="61" who="0" fromWho="3" sc="337,62,238,0,209,0,206,-52" owari="399,49.9,238,3.8,209,-19.1,154,-34.6" /></mjloggm>