<mjloggm ver="2.3"><GO type="225" lobby="0"/><UN n0="%72%69%6F%75%63%68%61%6E" n1="%E4%BA%AE%E6%B5%81%E6%89%93%E8%80%85" n2="%E6%98%93%E5%88%A9%E8%96%A9%E4%BC%AF" n3="%33%74%72%65%65" dan="17,16,16,16" rate="2180.13,2084.53,2111.23,2113.21" sx="M,F,F,F"/><TAIKYOKU oya="0"/><INIT seed="0,0,0,1,5,121" ten="250,250,250,250" oya="0" hai0="66,45,112,25,21,65,14,74,68,89,119,103,54" hai1="106,16,114,73,63,70,1,52,102,118,132,94,29" hai2="53,3,97,15,122,93,67,0,108,104,34,49,125" hai3="117,88,64,126,115,50,130,31,100,124,76,109,86"/><T120/><D112/><U128/><E94/><V27/><F122/><W57/><G115/><T80/><D120/><U95/><E95/><V41/><F104/><W127/><G117/><T55/><D119/><U42/><E42/><V10/><F41/><W92/><G130/><T40/><D103/><U47/><E47/><V75/><F75/><W84/><G100/><T87/><D74/><U39/><E29/><V32/><F67/><W20/><G109/><T129/><D129/><U59/><E16/><V123/><F125/><W37/><G37/><T72/><D72/><U51/><E52/><N who="0" m="20009" /><D68/><U135/><E51/><V7/><F123/><W56/><G50/><N who="0" m="26919" /><D14/><U78/><E78/><V22/><F108/><W90/><G76/><T33/><D33/><U99/><E102/><V8/><F34/><W69/><G69/><T26/><D26/><U113/><E114/><V44/><F32/><W81/><G64/><T12/><D12/><U2/><E2/><V91/><REACH who="2" step="1"/><F10/><REACH who="2" ten="250,250,240,250" step="2"/><W77/><G124/><T60/><D60/><U83/><E63/><V46/><F46/><W38/><G127/><T17/><AGARI ba="0,1" hai="17,21,25,65,66,80,87,89" m="26919,20009" machi="17" ten="30,3000,0" yaku="8,1,54,1" doraHai="121" who="0" fromWho="0" sc="250,40,250,-10,240,-10,250,-10" /><INIT seed="0,1,0,5,0,107" ten="290,240,230,240" oya="0" hai0="38,2,69,79,62,125,124,4,85,135,5,106,34" hai1="92,134,61,121,102,58,18,31,16,104,84,19,25" hai2="87,72,41,13,29,93,64,108,1,119,22,114,23" hai3="45,47,12,117,101,66,97,33,133,109,103,11,42"/><T77/><D34/><U43/><E121/><V98/><F1/><W122/><G117/><T60/><D135/><U105/><E134/><V8/><F108/><W10/><G133/><T56/><D106/><U73/><E73/><V14/><F114/><W24/><G109/><T91/><D38/><U75/><E43/><V115/><F115/><W53/><G66/><N who="0" m="41159" /><D2/><U6/><E75/><V55/><F64/><W9/><G122/><T120/><D120/><U37/><E6/><N who="0" m="2665" /><D91/><U54/><E37/><V15/><F41/><W32/><G12/><T44/><D85/><U112/><E112/><V68/><F68/><W80/><G80/><T40/><D44/><U17/><N who="1" m="4096" /><DORA hai="28" /><U81/><E102/><V63/><F72/><W27/><G53/><N who="0" m="34063" /><D40/><U95/><E105/><V67/><F8/><W7/><G7/><T111/><D111/><U113/><E104/><V130/><F87/><W86/><G86/><T96/><D96/><U48/><E61/><V71/><F55/><W20/><G20/><T126/><AGARI ba="1,0" hai="77,79,124,125,126" m="34063,2665,41159" machi="126" ten="40,2100,0" yaku="18,1" doraHai="107,28" who="0" fromWho="0" sc="290,24,240,-8,230,-8,240,-8" /><INIT seed="0,2,0,0,3,97" ten="314,232,222,232" oya="0" hai0="132,93,107,47,18,9,61,21,46,24,98,79,125" hai1="58,81,64,17,89,54,14,113,22,43,55,39,33" hai2="86,26,104,127,28,6,4,68,30,11,66,36,60" hai3="111,102,88,126,96,57,10,19,101,71,76,50,13"/><T40/><D125/><U114/><E33/><V3/><F6/><W94/><G126/><T23/><D132/><U0/><E0/><V121/><F127/><W44/><G71/><T56/><D107/><U90/><E64/><V67/><F67/><W106/><G111/><T20/><D79/><U131/><E131/><V31/><F36/><W73/><G106/><T5/><D47/><N who="1" m="24063" /><E81/><V103/><F86/><W42/><REACH who="3" step="1"/><G57/><REACH who="3" ten="314,232,222,222" step="2"/><T119/><D56/><U38/><E58/><V115/><F115/><N who="1" m="44041" /><E38/><V92/><F121/><W72/><G72/><T53/><D119/><U45/><E45/><V25/><REACH who="2" step="1"/><F92/><REACH who="2" ten="314,232,212,222" step="2"/><W8/><G8/><T15/><D93/><U74/><E74/><V51/><F51/><W77/><G77/><T7/><D9/><U95/><E95/><V134/><F134/><W70/><G70/><T99/><D5/><U78/><E78/><V52/><F52/><AGARI ba="2,2" hai="14,17,22,52,54,55,89,90" m="44041,24063" machi="52" ten="30,2000,0" yaku="11,1,54,1" doraHai="97" who="1" fromWho="2" sc="314,0,232,46,212,-26,222,0" /><INIT seed="1,0,0,0,5,12" ten="314,278,186,222" oya="1" hai0="90,128,19,63,126,84,46,80,85,89,122,29,30" hai1="105,120,52,54,1,88,124,98,34,61,95,20,5" hai2="40,68,130,8,108,60,96,51,58,6,14,107,28" hai3="26,9,27,33,135,42,31,127,74,119,78,47,39"/><U4/><E34/><V132/><F108/><W64/><G135/><T13/><D126/><U15/><E120/><V131/><F132/><W69/><G127/><T75/><D75/><U94/><E105/><V103/><F28/><W65/><G119/><T36/><D122/><U87/><E1/><V16/><F68/><W41/><G69/><T7/><D128/><U37/><E37/><V79/><F79/><W43/><G39/><T102/><D7/><N who="1" m="2635" /><E61/><V109/><F109/><W110/><G110/><T111/><D111/><U35/><E35/><V83/><F83/><W50/><G9/><T10/><D102/><N who="1" m="60759" /><E124/><V115/><F115/><W71/><G71/><T38/><D36/><U86/><E87/><V32/><F32/><W104/><G104/><T91/><D91/><U114/><E114/><V106/><F106/><W117/><G117/><T55/><D38/><U97/><E97/><V11/><F51/><W56/><G78/><T66/><D66/><U21/><E21/><V99/><F99/><W48/><G74/><T22/><D22/><U100/><E100/><V67/><REACH who="2" step="1"/><F40/><REACH who="2" ten="314,278,176,222" step="2"/><W76/><G76/><T57/><D46/><U123/><E123/><V92/><F92/><AGARI ba="0,1" hai="10,13,19,29,30,55,57,63,80,84,85,89,90,92" machi="92" ten="30,3900,0" yaku="7,1,8,1,52,1" doraHai="12" who="0" fromWho="2" sc="314,49,278,0,176,-39,222,0" /><INIT seed="2,0,0,5,0,44" ten="363,278,137,222" oya="2" hai0="4,42,129,65,47,61,97,91,100,1,57,51,80" hai1="33,15,81,58,49,23,82,29,9,12,14,79,28" hai2="67,24,127,13,41,98,74,115,6,25,126,60,84" hai3="52,45,103,8,48,116,38,99,119,59,73,114,86"/><V16/><F74/><W54/><G73/><T118/><D129/><U113/><E33/><V95/><F115/><W22/><G114/><T31/><D118/><U70/><E70/><V89/><F6/><W108/><G108/><T109/><D109/><U83/><E113/><V26/><F41/><W123/><G123/><T37/><D31/><N who="1" m="11851" /><E79/><V11/><REACH who="2" step="1"/><F98/><REACH who="2" ten="363,278,127,222" step="2"/><W94/><G116/><T93/><D4/><U96/><E96/><V46/><F46/><W56/><G119/><T36/><D1/><U71/><E9/><V85/><F85/><W69/><G8/><T20/><D42/><U102/><E102/><V87/><F87/><W133/><G86/><T62/><D100/><U120/><E120/><V111/><F111/><W78/><G45/><T101/><D47/><U77/><E77/><V50/><F50/><W125/><G48/><T7/><D51/><U72/><E72/><V130/><F130/><W35/><G99/><T39/><D97/><U0/><E0/><V135/><F135/><W2/><G133/><T3/><D3/><U105/><E49/><V5/><F5/><W66/><G2/><T128/><D7/><U68/><E105/><V30/><F30/><W117/><G117/><T17/><D128/><U124/><E81/><V18/><F18/><W55/><G103/><T121/><D17/><N who="1" m="10663" /><E82/><V131/><F131/><W10/><G35/><T132/><D80/><U104/><E83/><V107/><F107/><W34/><G34/><T53/><D132/><U90/><E104/><V122/><F122/><W75/><G75/><T21/><D121/><U43/><E43/><RYUUKYOKU ba="0,1" sc="363,-10,278,-10,127,30,222,-10" hai2="11,13,16,24,25,26,60,67,84,89,95,126,127" /><INIT seed="2,1,1,2,3,70" ten="353,268,157,212" oya="2" hai0="21,34,92,1,53,82,85,27,120,89,130,63,105" hai1="45,90,129,71,108,39,135,74,65,84,121,69,28" hai2="87,24,8,42,122,41,58,107,17,16,4,13,116" hai3="80,50,14,33,124,103,78,51,46,134,97,96,32"/><V64/><F116/><W111/><G111/><T5/><D120/><U49/><E74/><V86/><F107/><W61/><G134/><T113/><D113/><U127/><E108/><V57/><F122/><W2/><G2/><T56/><D105/><U7/><E121/><V48/><F42/><W19/><G124/><T106/><D106/><U109/><E109/><V123/><F123/><W26/><G61/><T77/><D130/><U91/><E28/><V72/><F72/><W54/><G51/><T118/><D118/><U119/><E119/><V83/><F87/><W128/><G128/><T67/><D34/><U66/><E129/><V23/><F17/><W62/><G62/><T0/><D5/><U9/><E135/><V98/><F98/><W76/><G76/><T73/><D67/><U101/><E49/><V81/><F81/><W95/><G97/><T47/><D47/><U29/><E66/><V88/><REACH who="2" step="1"/><F64/><REACH who="2" ten="353,268,147,212" step="2"/><W125/><G96/><T44/><D44/><AGARI ba="1,2" hai="4,8,13,16,23,24,41,44,48,57,58,83,86,88" machi="44" ten="40,18000,2" yaku="1,1,2,1,8,1,54,2,53,1" doraHai="70" doraHaiUra="3" who="2" fromWho="0" sc="353,-183,268,0,147,203,212,0" /><INIT seed="2,2,0,0,2,118" ten="170,268,350,212" oya="2" hai0="63,43,135,131,5,98,16,41,8,75,31,134,110" hai1="121,108,111,4,99,120,90,85,119,35,132,7,49" hai2="20,106,87,77,21,93,73,39,29,64,11,27,95" hai3="101,133,66,37,91,124,123,22,96,69,54,46,103"/><V48/><F39/><W115/><G101/><T102/><D110/><N who="1" m="42027" /><E35/><V44/><F73/><W122/><G91/><T15/><D131/><U32/><E32/><V17/><F106/><N who="3" m="63847" /><G22/><T86/><D75/><U114/><E114/><V25/><F64/><W126/><G115/><T6/><D31/><U117/><E132/><N who="0" m="50729" /><D63/><U94/><E49/><V3/><F11/><W84/><G84/><T130/><D130/><U28/><E28/><V42/><REACH who="2" step="1"/><F3/><REACH who="2" ten="170,268,340,212" step="2"/><W83/><G133/><T113/><D113/><U56/><E117/><V2/><F2/><W59/><G37/><T30/><D30/><U47/><E119/><V71/><F71/><W88/><G69/><T23/><D86/><U18/><E85/><V105/><F105/><W72/><G72/><T81/><D81/><AGARI ba="2,1" hai="17,20,21,25,27,29,42,44,48,77,81,87,93,95" machi="81" ten="40,3900,0" yaku="1,1,8,1,53,0" doraHai="118" doraHaiUra="104" who="2" fromWho="0" sc="170,-45,268,0,340,55,212,0" /><INIT seed="2,3,0,4,3,61" ten="125,268,395,212" oya="2" hai0="89,28,70,65,24,9,109,19,88,10,46,125,20" hai1="111,135,85,15,83,44,81,56,121,134,75,18,103" hai2="26,77,13,17,45,63,94,76,32,14,100,36,78" hai3="132,91,41,105,59,39,6,27,69,92,11,49,124"/><V50/><F36/><W99/><G124/><T80/><D125/><U90/><E111/><V119/><F119/><W131/><G131/><T106/><D109/><U60/><E103/><V4/><F63/><W68/><G132/><N who="1" m="50730" /><E44/><V108/><F108/><W116/><G116/><T58/><D106/><U67/><E121/><V104/><F104/><W122/><G122/><T33/><D70/><U51/><E51/><V102/><F32/><W43/><G105/><T8/><D46/><U34/><E34/><V120/><F4/><W133/><G133/><T71/><D71/><U0/><E0/><V12/><F94/><W118/><G118/><T1/><D1/><U73/><E81/><V31/><F31/><W64/><G39/><T86/><D89/><U115/><E115/><V107/><F107/><W95/><G91/><T35/><REACH who="0" step="1"/><D28/><REACH who="0" ten="115,268,395,212" step="2"/><U74/><E74/><V98/><F120/><W62/><G69/><T79/><D79/><U126/><E126/><V96/><F77/><W21/><G68/><T128/><D128/><U117/><E117/><V66/><F78/><W23/><G59/><T123/><D123/><U53/><E73/><V29/><F76/><W93/><G99/><T30/><D30/><U127/><E75/><V25/><F29/><W129/><G129/><T82/><D82/><U3/><E3/><V54/><F98/><W57/><G57/><T110/><D110/><U5/><E127/><V113/><F96/><W87/><G87/><T72/><D72/><U97/><E97/><V55/><F102/><W22/><G95/><T114/><D114/><U101/><E85/><RYUUKYOKU ba="3,1" sc="115,30,268,-10,395,-10,212,-10" hai0="8,9,10,19,20,24,33,35,58,65,80,86,88" /><INIT seed="3,4,1,5,2,111" ten="145,258,385,202" oya="3" hai0="130,0,45,63,118,90,32,44,67,132,93,84,73" hai1="129,58,30,102,100,88,38,70,128,47,72,77,76" hai2="10,119,81,124,15,12,133,62,18,106,109,96,33" hai3="9,11,99,79,105,31,135,94,121,61,34,122,85"/><W86/><G135/><T64/><D118/><U78/><E70/><V104/><F109/><W115/><G115/><T87/><D73/><U108/><E108/><V97/><F33/><W107/><G34/><T60/><D32/><U26/><E72/><V16/><F124/><W82/><G31/><T116/><D116/><U126/><E126/><V56/><F133/><W120/><G61/><T69/><D132/><U134/><E134/><V113/><F113/><W57/><G57/><T49/><D0/><U117/><E117/><V24/><F24/><W125/><G125/><T91/><D49/><U41/><E58/><V46/><F46/><W74/><G11/><T66/><D130/><N who="1" m="50283" /><E88/><V80/><F106/><N who="3" m="40459" /><G9/><T92/><REACH who="0" step="1"/><D64/><REACH who="0" ten="135,258,385,202" step="2"/><U51/><E51/><V53/><F119/><W59/><G74/><T98/><D98/><U65/><E65/><V20/><F97/><W103/><G99/><T1/><D1/><U114/><E114/><V75/><F75/><W35/><G35/><AGARI ba="4,2" hai="26,30,35,38,41,47,76,77,78,100,102" m="50283" machi="35" ten="30,1000,0" yaku="19,1" doraHai="111" who="1" fromWho="3" sc="135,0,258,42,385,0,202,-22" owari="135,-36.5,300,10.0,385,48.5,180,-22.0" /></mjloggm>