<mjloggm ver="2.3"><GO type="225" lobby="0"/><UN n0="%E5%88%9D%E5%8F%B7%E6%A9%9F%E3%81%A8%E4%BA%8C%E5%8F%B7%E6%A9%9F" n1="%E5%80%89%E6%A9%8B%EF%BC%A0%E4%BA%8B%E5%8B%99" n2="%72%69%6F%75%63%68%61%6E" n3="%E7%A7%8B%E6%9C%88%E7%9C%9F%E7%90%86%E4%BA%9E" dan="17,16,17,16" rate="2184.30,2077.18,2257.04,2108.18" sx="M,M,M,F"/><TAIKYOKU oya="0"/><INIT seed="0,0,0,0,5,25" ten="250,250,250,250" oya="0" hai0="15,110,43,111,20,58,90,127,131,30,65,47,35" hai1="63,56,97,10,120,28,36,114,5,23,59,84,12" hai2="4,94,61,21,118,0,7,107,135,2,17,19,68" hai3="3,40,27,76,117,16,50,123,34,133,42,119,124"/><T115/><D115/><U104/><E120/><V69/><F107/><W89/><G3/><N who="2" m="1065" /><F61/><W41/><G123/><T98/><D65/><U74/><E74/><V62/><F62/><W129/><G129/><T80/><D58/><U52/><E114/><V128/><F94/><W79/><G124/><T48/><D127/><U73/><E73/><V83/><F83/><W8/><G133/><T33/><D131/><U116/><E116/><V31/><F128/><W51/><G119/><T81/><D81/><U67/><E36/><V99/><F99/><W77/><G117/><T130/><D130/><U113/><E113/><V54/><F54/><W13/><G34/><T6/><D6/><N who="2" m="2090" /><F118/><W95/><REACH who="3" step="1"/><G27/><REACH who="3" ten="250,250,250,240" step="2"/><N who="0" m="16743" /><D15/><U55/><E12/><V57/><F135/><W82/><G82/><T91/><D80/><U86/><E67/><V125/><F125/><W9/><G9/><T85/><D33/><U64/><E10/><V46/><F21/><W49/><G49/><T44/><D35/><U22/><E23/><V45/><F69/><W29/><G29/><T37/><D48/><U70/><E22/><V109/><F68/><W26/><G26/><T93/><D37/><U53/><E70/><V60/><F31/><W75/><G75/><T66/><D43/><U96/><E28/><V92/><F17/><W18/><G18/><T105/><D105/><U39/><E39/><V100/><F19/><W1/><G1/><T121/><D121/><U11/><E104/><V78/><F60/><W134/><G134/><T32/><D32/><U126/><E126/><V108/><F109/><N who="0" m="41482" /><D93/><U71/><E71/><RYUUKYOKU ba="0,1" sc="250,-10,250,-10,250,-10,240,30" hai3="8,13,16,40,41,42,50,51,76,77,79,89,95" /><INIT seed="1,1,1,2,1,122" ten="240,240,240,270" oya="1" hai0="73,56,83,111,22,114,47,68,121,45,74,14,105" hai1="93,95,112,130,123,2,97,50,8,133,7,20,64" hai2="108,88,46,38,81,51,127,92,99,103,25,52,48" hai3="76,35,0,17,87,3,115,27,120,94,31,33,117"/><U65/><E112/><V67/><F108/><W90/><G115/><T62/><D68/><U69/><E130/><V60/><F127/><W4/><G120/><T30/><D114/><U6/><E133/><V16/><F38/><W107/><G107/><T128/><D105/><U116/><E116/><V109/><F109/><W26/><G117/><T40/><D111/><U12/><E123/><V57/><F48/><W119/><G119/><T41/><D128/><U36/><E36/><V89/><F81/><W49/><G4/><T54/><D121/><U55/><E69/><V34/><REACH who="2" step="1"/><F16/><REACH who="2" ten="240,240,230,270" step="2"/><W9/><G49/><T101/><D83/><U71/><E50/><V77/><F77/><W5/><G76/><T118/><D118/><U32/><E7/><V131/><F131/><W70/><G17/><T78/><D78/><U63/><E6/><V1/><F1/><W132/><G3/><T86/><D73/><U100/><E2/><V129/><F129/><W24/><G132/><T66/><D74/><U10/><E10/><V106/><F106/><W21/><G0/><T29/><D41/><U42/><E8/><V11/><F11/><W96/><G9/><T23/><D40/><U79/><E42/><V18/><F18/><W13/><G13/><T98/><D14/><U113/><E12/><V80/><F80/><W82/><G5/><T134/><D134/><U102/><E79/><V58/><F58/><W125/><G125/><T135/><D56/><U104/><E113/><V110/><F110/><W43/><G43/><T72/><D135/><U91/><E104/><V75/><F75/><RYUUKYOKU ba="1,2" sc="240,-10,240,-10,230,30,270,-10" hai2="25,34,46,51,52,57,60,67,88,89,92,99,103" /><INIT seed="2,2,2,3,4,124" ten="230,230,260,260" oya="2" hai0="47,12,20,101,108,106,121,28,80,52,103,92,53" hai1="16,97,6,89,18,50,11,102,67,75,133,123,118" hai2="77,32,17,78,0,117,88,109,15,116,45,26,8" hai3="64,58,59,14,125,104,51,105,86,99,57,135,41"/><V93/><F109/><W62/><G125/><T134/><D108/><U21/><E118/><V66/><F0/><W76/><G135/><T70/><D134/><U3/><E133/><V49/><F66/><W46/><G14/><T7/><D70/><U113/><E113/><V112/><F112/><W129/><G129/><T24/><D106/><U115/><E115/><V79/><F32/><W39/><G99/><T110/><D110/><U29/><E123/><V96/><REACH who="2" step="1"/><F26/><REACH who="2" ten="230,230,250,260" step="2"/><W1/><G1/><T55/><D121/><U71/><E67/><V107/><F107/><W114/><G114/><T25/><D25/><U5/><E3/><V27/><F27/><W68/><G105/><T127/><D127/><U33/><E33/><V83/><F83/><W65/><G65/><T30/><D80/><U40/><E71/><V120/><F120/><W82/><REACH who="3" step="1"/><G104/><REACH who="3" ten="230,230,250,250" step="2"/><T44/><D12/><U61/><E75/><V111/><F111/><W132/><G132/><T9/><D28/><U48/><E29/><V87/><F87/><W43/><G43/><AGARI ba="2,4" hai="8,15,17,43,45,49,77,78,79,88,93,96,116,117" machi="43" ten="40,7700,0" yaku="1,1,54,1,53,1" doraHai="124" doraHaiUra="91" who="2" fromWho="3" sc="230,0,230,0,250,123,250,-83" /><INIT seed="2,3,0,4,0,54" ten="230,230,373,167" oya="2" hai0="93,77,121,44,3,122,76,61,48,36,12,8,6" hai1="128,69,42,63,134,96,62,87,88,104,70,91,112" hai2="116,15,41,123,13,73,29,108,83,78,72,92,64" hai3="30,57,117,109,126,31,125,113,58,67,33,98,45"/><V80/><F116/><W95/><G117/><T39/><D39/><U118/><E112/><V40/><F123/><W90/><G113/><T46/><D3/><U66/><E118/><V79/><F108/><W71/><G109/><T75/><D36/><U23/><E128/><V4/><F29/><W35/><G45/><T97/><D46/><U74/><E134/><V82/><F64/><W18/><G18/><T86/><D75/><N who="2" m="28746" /><F92/><W105/><G105/><T129/><D129/><U17/><E74/><V53/><F53/><W26/><G71/><T52/><D61/><U34/><E34/><V28/><F28/><W5/><G5/><T11/><D11/><U27/><E42/><N who="2" m="16491" /><F4/><W0/><G0/><T1/><D1/><U132/><E132/><V24/><F24/><N who="3" m="18631" /><G67/><T19/><D6/><U68/><E66/><V110/><F110/><W9/><G9/><T99/><D99/><U14/><E27/><V16/><F16/><W25/><G26/><T131/><D131/><U49/><E104/><V47/><F47/><W51/><G51/><T21/><D8/><U114/><E49/><V38/><F38/><W119/><G119/><T94/><D94/><N who="1" m="56391" /><E114/><V20/><F20/><W85/><G98/><T56/><D44/><U65/><E69/><V55/><F55/><W2/><G2/><T100/><REACH who="0" step="1"/><D86/><REACH who="0" ten="220,230,373,167" step="2"/><U130/><E130/><V59/><F59/><W7/><G7/><T101/><D101/><U124/><E68/><V37/><F37/><W106/><G106/><T89/><D89/><U135/><E135/><V102/><F102/><W127/><AGARI ba="3,1" hai="25,31,35,57,58,85,90,95,125,126,127" m="18631" machi="127" ten="30,4000,0" yaku="18,1,52,2" doraHai="54" who="3" fromWho="3" sc="220,-13,230,-13,373,-23,167,59" /><INIT seed="3,0,0,2,5,69" ten="207,217,350,226" oya="3" hai0="91,36,95,127,81,68,79,27,49,117,119,115,40" hai1="135,14,46,71,101,123,86,122,132,120,35,133,78" hai2="76,59,118,97,63,129,42,116,29,11,114,60,32" hai3="56,28,131,87,34,1,18,90,19,111,83,62,57"/><W10/><G131/><T21/><D68/><U96/><E71/><V124/><F114/><W26/><G111/><T82/><D115/><U58/><E35/><V100/><F129/><W108/><G108/><T109/><D109/><U103/><E58/><V3/><F124/><W72/><G72/><T47/><D127/><U89/><E14/><V23/><F32/><W2/><G57/><T107/><D107/><U24/><E24/><N who="2" m="16543" /><F60/><W112/><G112/><T61/><D61/><U41/><E78/><V99/><F76/><W8/><G8/><T75/><D82/><N who="1" m="49367" /><E96/><V13/><F3/><W126/><G126/><T0/><D0/><U74/><E74/><V65/><F42/><W4/><REACH who="3" step="1"/><G1/><REACH who="3" ten="207,217,350,216" step="2"/><T48/><D117/><U128/><E128/><V104/><F118/><W45/><G45/><T70/><D119/><U94/><E123/><V77/><F116/><W113/><G113/><T37/><D70/><U55/><E122/><V30/><F11/><W88/><G88/><T6/><D75/><U106/><E120/><V53/><F77/><W15/><G15/><T43/><D79/><U51/><E133/><V17/><F13/><W105/><G105/><T7/><D47/><N who="1" m="28159" /><E106/><V12/><F104/><W20/><G20/><T67/><D21/><U64/><E135/><V50/><F100/><W85/><G85/><T33/><D33/><U25/><E132/><V44/><F44/><W66/><AGARI ba="0,1" hai="2,4,10,18,19,26,28,34,56,62,66,83,87,90" machi="66" ten="20,3900,0" yaku="1,1,0,1,7,1,53,0" doraHai="69" doraHaiUra="125" who="3" fromWho="3" sc="207,-13,217,-13,350,-13,216,49" /><INIT seed="3,1,0,2,5,109" ten="194,204,337,265" oya="3" hai0="86,0,64,111,39,55,101,12,2,58,125,107,71" hai1="23,112,30,52,129,78,94,73,113,75,24,8,89" hai2="69,104,120,22,28,74,133,19,63,3,96,91,33" hai3="54,67,90,108,7,16,41,66,48,135,116,98,31"/><W118/><G108/><T37/><D111/><U70/><E129/><V84/><F74/><W49/><G135/><T128/><D37/><U85/><E70/><V100/><F133/><W103/><G7/><T88/><D39/><U9/><E75/><V110/><F110/><W21/><G31/><T82/><D71/><U72/><E73/><V42/><F3/><W29/><G29/><T114/><D64/><U36/><E36/><V17/><F120/><W83/><G41/><T92/><D128/><U105/><E105/><V46/><F22/><W56/><G48/><T15/><D107/><U35/><E35/><V131/><F131/><W99/><G116/><T14/><D125/><U45/><E72/><V130/><F130/><W5/><G5/><T4/><D4/><U57/><E45/><V44/><F44/><W127/><G127/><T122/><D122/><U38/><E78/><V121/><F121/><W76/><G76/><T32/><D32/><U27/><E27/><N who="2" m="18591" /><F46/><W68/><G68/><T102/><D114/><U80/><E94/><N who="2" m="54631" /><F42/><W124/><G124/><T106/><D106/><U18/><E38/><V43/><F43/><W79/><G79/><N who="0" m="46431" /><D0/><U81/><E81/><V65/><AGARI ba="1,0" hai="17,19,63,65,69,96,100,104" m="54631,18591" machi="65" ten="30,1100,0" yaku="25,1" doraHai="109" who="2" fromWho="2" sc="194,-4,204,-4,337,14,265,-6" owari="190,-31.0,200,-20.0,351,45.1,259,5.9" /></mjloggm>