<mjloggm ver="2.3"><GO type="225" lobby="0"/><UN n0="%66%67%67%68%68%64%66" n1="%E7%B4%94%E6%BD%94%E3%83%94%E3%83%A9%E3%83%8B%E3%82%A2" n2="%E3%81%99%E3%81%84%E3%81%BE%E3%81%9B%E3%83%BC%E3%82%93" n3="%E3%83%A9%E3%83%BC%E3%83%A1%E3%83%B3%E4%BA%94%E9%83%8E" dan="16,16,16,16" rate="2076.90,2082.32,2103.33,2115.11" sx="M,M,M,M"/><TAIKYOKU oya="0"/><INIT seed="0,0,0,4,3,130" ten="250,250,250,250" oya="0" hai0="29,115,109,52,87,49,60,8,66,70,15,43,75" hai1="55,92,50,116,37,90,13,21,32,62,3,30,28" hai2="33,129,103,48,27,104,84,95,36,134,12,120,108" hai3="119,9,59,111,91,20,34,94,106,121,10,118,22"/><T2/><D115/><U97/><E37/><V73/><F36/><W1/><G106/><T7/><D75/><U89/><E3/><V127/><F73/><W101/><G34/><T81/><D109/><U78/><E116/><V69/><F69/><W41/><G101/><T77/><D29/><U17/><E78/><V135/><F120/><W79/><G111/><T83/><D83/><U100/><E62/><V6/><F108/><W99/><G121/><T65/><D65/><U61/><E61/><V74/><F74/><W126/><G126/><T31/><D31/><N who="1" m="11819" /><E32/><V24/><F33/><W14/><G79/><T23/><D43/><U98/><E97/><V46/><F127/><W105/><G105/><T82/><D82/><U125/><E125/><V4/><F104/><W72/><G72/><T110/><D110/><U35/><E35/><V132/><F129/><W26/><G41/><T133/><D133/><U25/><E13/><V112/><F112/><W131/><G131/><T44/><REACH who="0" step="1"/><D23/><REACH who="0" ten="240,250,250,250" step="2"/><U5/><E5/><V113/><F113/><W123/><G20/><T11/><D11/><U80/><E80/><V114/><F114/><W117/><G123/><T85/><D85/><U45/><AGARI ba="0,1" hai="17,21,25,45,50,55,89,90,92,98,100" m="11819" machi="45" ten="30,1100,0" yaku="8,1" doraHai="130" who="1" fromWho="1" sc="240,-5,250,21,250,-3,250,-3" /><INIT seed="1,0,0,3,3,122" ten="235,271,247,247" oya="1" hai0="89,115,57,65,63,3,87,98,56,26,80,30,52" hai1="85,96,107,59,104,111,31,0,101,78,106,2,118" hai2="11,112,35,19,124,105,128,79,23,12,8,129,134" hai3="77,62,121,24,81,76,130,64,68,16,73,48,102"/><U123/><E123/><V1/><F105/><W120/><G130/><N who="2" m="50281" /><F79/><W14/><G24/><T84/><D115/><U49/><E118/><V34/><F112/><W67/><G102/><T15/><D3/><U9/><E31/><V66/><F66/><W41/><G67/><T55/><D15/><U27/><E27/><N who="2" m="14847" /><F134/><W40/><G76/><T32/><D98/><U97/><E49/><V91/><F91/><W92/><G92/><T116/><D116/><U6/><E59/><V127/><F1/><W100/><G100/><T28/><D28/><U131/><E131/><V54/><F54/><W25/><G40/><T50/><REACH who="0" step="1"/><D87/><REACH who="0" ten="225,271,247,247" step="2"/><U61/><E0/><V21/><F8/><W72/><G120/><T126/><D126/><N who="2" m="48170" /><F21/><W18/><G121/><T135/><D135/><U33/><E9/><V29/><F29/><W109/><G72/><T36/><D36/><U69/><E2/><V20/><F20/><W71/><G73/><T94/><D94/><U53/><E104/><V13/><F13/><W45/><G14/><T90/><D90/><U88/><E88/><V60/><F60/><W82/><G62/><T95/><D95/><U132/><E107/><V133/><F133/><W7/><G81/><T37/><D37/><U86/><E106/><V70/><F12/><W22/><G82/><T119/><D119/><U51/><E61/><V42/><F11/><W46/><G77/><T99/><D99/><U108/><E78/><V75/><F75/><W74/><G74/><T117/><D117/><U110/><E132/><V43/><F70/><W125/><G68/><T39/><D39/><RYUUKYOKU ba="0,1" sc="225,15,271,-15,247,15,247,-15" hai0="26,30,32,50,52,55,56,57,63,65,80,84,89" hai2="34,35,42,43" /><INIT seed="2,1,1,0,0,102" ten="240,256,262,232" oya="2" hai0="11,14,19,115,23,121,62,12,43,45,7,39,112" hai1="47,95,5,56,24,92,71,131,8,46,111,28,44" hai2="79,119,63,17,18,133,100,127,1,42,41,106,73" hai3="91,21,70,25,38,68,117,86,135,104,94,81,13"/><V52/><F119/><W27/><G117/><T53/><REACH who="0" step="1"/><D121/><REACH who="0" ten="230,256,262,232" step="2"/><U82/><E111/><V76/><F127/><W51/><G68/><T105/><D105/><U87/><E71/><V30/><F106/><W99/><G70/><T118/><D118/><U85/><E131/><V129/><F129/><W55/><G104/><T9/><D9/><U31/><E8/><V110/><F110/><W103/><G135/><T78/><D78/><U122/><E122/><V32/><F79/><W123/><G123/><T93/><D93/><U98/><E95/><V36/><F76/><W10/><G10/><T132/><D132/><U2/><E92/><V3/><F133/><W6/><G6/><T125/><D125/><U130/><E5/><V15/><F1/><W120/><G120/><T69/><D69/><U65/><E2/><V77/><F77/><W49/><G94/><T40/><D40/><U108/><E108/><V0/><F42/><W88/><G103/><T50/><D50/><U126/><E126/><V57/><F100/><W16/><G38/><T64/><D64/><U48/><E65/><V109/><F109/><W96/><G49/><T113/><D113/><U22/><E48/><V58/><F36/><W60/><G91/><T114/><D114/><U74/><E130/><V37/><F37/><W83/><G81/><T34/><D34/><U4/><E4/><V107/><F107/><W35/><G35/><T26/><D26/><N who="3" m="9737" /><G60/><T128/><D128/><U72/><E82/><V67/><F32/><W89/><G89/><T75/><D75/><U84/><E74/><V29/><F73/><RYUUKYOKU ba="1,2" sc="230,15,256,-15,262,-15,232,15" hai0="7,11,12,14,19,23,39,43,45,53,62,112,115" hai3="13,16,21,51,55,83,86,88,96,99" /><INIT seed="3,2,2,3,1,116" ten="245,241,247,247" oya="3" hai0="114,134,44,1,28,0,25,103,23,122,76,110,13" hai1="20,127,42,9,51,93,86,90,111,3,131,33,14" hai2="113,43,69,63,126,77,46,37,95,115,84,106,100" hai3="101,17,7,79,64,102,96,135,117,74,34,59,132"/><W87/><G117/><T72/><D110/><U61/><E111/><V92/><F126/><W27/><G74/><T48/><D134/><N who="3" m="51241" /><G7/><T62/><D114/><U58/><E33/><V45/><F106/><W128/><G128/><T70/><D103/><N who="3" m="39433" /><G96/><T60/><D122/><U57/><E131/><V32/><F100/><W71/><G71/><T83/><D13/><U47/><E127/><V50/><F69/><W18/><G34/><T11/><D70/><U29/><E3/><V109/><F32/><W8/><G8/><T4/><D0/><U133/><E133/><V2/><F2/><W65/><G27/><T36/><D36/><U54/><E57/><V56/><F109/><W88/><G79/><T89/><D89/><U16/><REACH who="1" step="1"/><E29/><REACH who="1" ten="245,231,247,247" step="2"/><V105/><F115/><W85/><G59/><T12/><REACH who="0" step="1"/><D1/><REACH who="0" ten="235,231,247,247" step="2"/><U123/><E123/><V130/><F113/><W53/><G64/><T68/><D68/><U24/><E24/><V31/><F130/><W119/><G65/><T120/><D120/><U118/><E118/><V6/><F105/><W66/><G66/><T82/><D82/><U107/><E107/><V67/><F67/><W112/><G119/><T121/><D121/><U94/><E94/><V75/><F95/><N who="3" m="54671" /><G112/><T52/><AGARI ba="2,4" hai="4,11,12,23,25,28,44,48,52,60,62,72,76,83" machi="52" ten="20,5200,0" yaku="1,1,0,1,7,1,54,1,53,0" doraHai="116" doraHaiUra="38" who="0" fromWho="0" sc="235,98,231,-15,247,-15,247,-28" owari="333,43.3,216,-28.4,232,3.2,219,-18.1" /></mjloggm>