<mjloggm ver="2.3"><GO type="225" lobby="0"/><UN n0="%E6%97%A5%E6%9B%9C%E6%97%A5%E3%82%88%E3%82%8A%E3%81%AE%E4%BD%BF%E8%80%85" n1="%E7%AD%89%E3%80%85%E5%8A%9B%E5%8A%87%E5%A0%B4" n2="%E9%B3%B3%E6%9D%B1%E3%81%AE%E3%81%86%E3%81%95%E3%81%8E%E3%81%95%E3%82%93" n3="%6D%75%75%6D%75%72%61" dan="18,16,17,16" rate="2178.61,2146.41,2268.46,2141.34" sx="M,M,M,F"/><TAIKYOKU oya="0"/><INIT seed="0,0,0,5,0,90" ten="250,250,250,250" oya="0" hai0="67,56,61,129,109,34,55,110,121,17,100,15,25" hai1="14,132,0,101,70,118,6,123,33,116,31,130,53" hai2="112,37,74,1,60,108,22,8,95,57,134,87,16" hai3="68,64,12,63,135,27,32,29,45,93,122,104,4"/><T18/><D121/><U78/><E70/><V20/><F74/><W107/><G122/><T79/><D129/><U19/><E123/><V85/><F112/><W83/><G135/><T119/><D119/><U59/><E132/><V111/><F37/><W13/><G83/><T35/><D79/><U28/><E130/><V99/><F134/><W48/><G93/><T42/><D42/><U5/><E78/><V114/><F114/><W39/><G39/><T73/><D73/><U89/><E101/><N who="2" m="60671" /><F1/><W3/><G3/><T46/><D100/><U10/><E6/><V9/><F20/><W128/><G128/><T91/><D91/><U40/><E40/><V41/><F41/><W65/><G65/><T113/><D113/><U94/><E33/><V124/><F124/><W7/><G7/><T58/><D46/><U24/><E118/><V62/><F62/><W82/><G82/><T44/><D44/><U105/><E105/><V127/><F127/><W2/><G2/><T77/><D77/><U54/><E116/><V125/><F125/><W96/><G96/><T23/><D35/><U36/><E36/><V80/><F111/><W52/><REACH who="3" step="1"/><G4/><REACH who="3" ten="250,250,250,240" step="2"/><T43/><D110/><U81/><E81/><V86/><F80/><W69/><G69/><T115/><D109/><U97/><E0/><V120/><F108/><W47/><G47/><T26/><D115/><U49/><E54/><N who="2" m="33847" /><F120/><W98/><G98/><T38/><D38/><U117/><E117/><V131/><F131/><W75/><G75/><T71/><D71/><U50/><E97/><V84/><N who="2" m="21504" /><DORA hai="30" /><V92/><F92/><RYUUKYOKU ba="0,1" sc="250,-15,250,-15,250,15,240,15" hai2="8,9,16,22" hai3="12,13,27,29,32,45,48,52,63,64,68,104,107" /><INIT seed="1,1,1,3,4,6" ten="235,235,265,255" oya="1" hai0="103,30,4,41,69,65,8,28,7,108,54,46,1" hai1="75,89,130,132,102,13,23,110,22,2,114,115,26" hai2="127,35,39,88,124,104,96,126,32,18,117,83,77" hai3="5,42,10,66,71,0,100,95,49,24,15,70,45"/><U113/><E2/><V20/><F117/><W53/><G66/><T48/><D108/><U37/><E37/><V63/><F39/><W133/><G133/><T57/><D103/><U79/><E130/><V109/><F109/><W29/><G0/><T55/><D7/><U67/><E110/><V64/><F104/><W50/><G95/><T118/><D118/><U112/><E132/><V25/><F96/><W123/><G100/><T76/><D76/><U105/><E115/><V84/><REACH who="2" step="1"/><F77/><REACH who="2" ten="235,235,255,255" step="2"/><W21/><REACH who="3" step="1"/><G123/><REACH who="3" ten="235,235,255,245" step="2"/><T87/><D65/><U78/><E67/><V62/><F62/><W91/><G91/><T11/><D69/><AGARI ba="1,3" hai="18,20,25,32,35,63,64,69,83,84,88,124,126,127" machi="69" ten="40,8000,1" yaku="1,1,18,1,54,1,53,1" doraHai="6" doraHaiUra="17" who="2" fromWho="0" sc="235,-83,235,0,255,113,245,0" /><INIT seed="2,0,0,4,4,96" ten="152,235,368,245" oya="2" hai0="19,62,129,49,106,7,72,29,114,31,131,12,25" hai1="48,67,57,132,23,50,35,121,24,120,110,100,84" hai2="8,0,59,104,4,52,33,113,10,61,68,86,36" hai3="111,14,90,118,97,28,73,87,17,22,43,55,79"/><V65/><F113/><W11/><G118/><T26/><D72/><U122/><E35/><V116/><F116/><W39/><G111/><T60/><D106/><U115/><E115/><V13/><F104/><W82/><G55/><T135/><D49/><U93/><E110/><V3/><F33/><W58/><G58/><T69/><D69/><U42/><E132/><V117/><F117/><W40/><G39/><T30/><D114/><U89/><E42/><V32/><F32/><W45/><G45/><T54/><D54/><U130/><E130/><N who="0" m="49673" /><D62/><N who="1" m="38351" /><E100/><V105/><F105/><W38/><G38/><T15/><D60/><U80/><E80/><V5/><F36/><W102/><G73/><T70/><D70/><U78/><E78/><V101/><F101/><W98/><G79/><T81/><D81/><U37/><E37/><V112/><F112/><W127/><G127/><T20/><D135/><U16/><AGARI ba="0,0" hai="16,23,24,48,50,84,89,93,120,121,122" m="38351" machi="16" ten="30,2000,0" yaku="13,1,54,1" doraHai="96" who="1" fromWho="1" sc="152,-5,235,20,368,-10,245,-5" /><INIT seed="3,0,0,1,0,57" ten="147,255,358,240" oya="3" hai0="50,37,104,13,61,71,129,131,105,125,19,116,3" hai1="109,66,62,12,36,41,21,11,17,100,117,124,46" hai2="81,78,56,47,40,134,75,77,54,5,10,97,24" hai3="28,16,88,90,127,112,96,20,6,65,32,55,25"/><W74/><G112/><T69/><D116/><U44/><E109/><V133/><F78/><W15/><G74/><T4/><D37/><U103/><E124/><V31/><F97/><W135/><G127/><T8/><D125/><U49/><E117/><V52/><F24/><W1/><G135/><N who="2" m="51721" /><F56/><W85/><G96/><T106/><D50/><U128/><E128/><V82/><F82/><W34/><G65/><T23/><REACH who="0" step="1"/><D71/><REACH who="0" ten="137,255,358,240" step="2"/><U121/><E49/><N who="2" m="26855" /><F31/><W130/><G130/><T108/><D108/><U102/><E36/><V111/><F111/><W122/><G122/><T118/><D118/><U2/><E121/><V59/><F59/><W126/><G126/><T86/><D86/><U101/><E46/><V39/><F39/><W92/><G34/><T99/><D99/><U87/><E87/><V72/><F72/><W35/><G35/><T91/><D91/><U80/><E44/><V29/><F29/><W73/><G73/><T38/><D38/><U26/><E103/><V98/><F98/><W51/><G90/><T93/><D93/><U60/><E102/><V42/><F42/><W0/><G6/><T27/><D27/><U63/><E26/><V76/><F76/><W33/><G32/><T58/><D58/><AGARI ba="0,1" hai="0,1,15,16,20,25,28,33,51,55,58,85,88,92" machi="58" ten="30,12000,1" yaku="7,1,25,2,54,2" doraHai="57" who="3" fromWho="0" sc="137,-120,255,0,358,0,240,130" owari="17,-48.3,255,-14.5,358,15.8,370,47.0" /></mjloggm>