<mjloggm ver="2.3"><GO type="225" lobby="0"/><UN n0="%E8%BE%9B%E5%8F%A3%E3%82%AB%E3%83%AC%E3%83%BC%E3%83%A9%E3%82%A4%E3%82%B9" n1="%E3%81%B5%E3%81%98%E3%81%8B%E3%81%A4" n2="%E3%81%BF%E3%81%BF%E3%81%9A" n3="%E3%80%93%E3%81%97%E3%83%BC%E3%82%89%E3%80%93" dan="17,16,16,16" rate="2208.13,2208.59,2202.92,2075.77" sx="M,M,M,M"/><TAIKYOKU oya="0"/><INIT seed="0,0,0,5,2,125" ten="250,250,250,250" oya="0" hai0="77,93,131,17,73,21,89,83,104,52,45,122,41" hai1="100,120,11,64,5,35,12,128,80,134,31,1,39" hai2="7,119,97,70,30,110,27,43,40,135,124,87,118" hai3="78,68,19,76,82,8,44,61,13,84,51,98,0"/><T67/><D122/><U79/><E120/><V95/><F124/><W116/><G116/><N who="2" m="44585" /><F110/><W75/><G0/><T37/><D104/><U57/><E134/><V26/><F135/><W81/><G98/><T28/><D67/><U53/><E100/><N who="2" m="60479" /><F70/><W24/><G68/><T55/><D131/><U18/><E64/><V20/><F7/><W32/><G61/><T92/><D28/><U133/><E133/><V29/><F87/><W96/><G96/><T65/><D65/><U9/><E39/><V109/><F109/><W107/><G107/><T14/><REACH who="0" step="1"/><D93/><REACH who="0" ten="240,250,250,250" step="2"/><U38/><E31/><V111/><F111/><W102/><G81/><T36/><D36/><U47/><E128/><V71/><F71/><W126/><G82/><T121/><D121/><U113/><E38/><V88/><F88/><W106/><G106/><T34/><D34/><AGARI ba="0,1" hai="20,26,27,29,30,34,40,43" m="60479,44585" machi="34" ten="30,1000,0" yaku="12,1" doraHai="125" who="2" fromWho="0" sc="240,-10,250,0,250,20,250,0" /><INIT seed="1,0,0,2,1,131" ten="230,250,270,250" oya="1" hai0="35,99,51,92,40,130,106,55,25,45,78,112,68" hai1="116,53,2,104,34,43,49,84,134,123,111,71,12" hai2="42,124,90,80,89,26,29,122,120,69,65,100,87" hai3="19,58,20,57,83,108,18,48,14,64,129,126,96"/><U113/><RYUUKYOKU type="yao9" ba="0,0" sc="230,0,250,0,270,0,250,0" hai1="2,12,34,43,49,53,71,84,104,111,113,116,123,134" /><INIT seed="1,1,0,0,1,61" ten="230,250,270,250" oya="1" hai0="41,81,100,56,0,104,55,11,66,133,85,126,89" hai1="113,26,63,75,46,16,82,135,10,79,95,98,53" hai2="54,31,5,111,110,64,106,58,122,35,22,119,44" hai3="73,3,17,84,30,101,27,14,130,80,39,45,8"/><U99/><E113/><V74/><F119/><W118/><G118/><T57/><D133/><U34/><E135/><V120/><F74/><W76/><G130/><T2/><D126/><U90/><E34/><V86/><F106/><W132/><G132/><T96/><D41/><U6/><E46/><V134/><F134/><W51/><G101/><T103/><D103/><U1/><E53/><V24/><F5/><W68/><G68/><T116/><D116/><U131/><E63/><N who="2" m="38007" /><F86/><W15/><G39/><T48/><REACH who="0" step="1"/><D11/><REACH who="0" ten="220,250,270,250" step="2"/><U32/><E131/><V105/><F105/><W77/><G8/><T9/><D9/><U114/><E114/><V13/><F122/><W72/><G3/><T71/><D71/><U125/><E125/><V4/><F120/><W60/><G72/><T18/><D18/><U123/><E123/><V67/><F4/><W91/><G17/><T52/><D52/><U12/><E1/><V38/><F54/><W78/><G73/><T49/><D49/><U102/><E6/><V108/><F38/><W83/><G51/><T42/><D42/><U117/><E117/><V36/><F36/><W25/><G60/><AGARI ba="1,1" hai="0,2,48,55,56,57,60,66,81,85,89,96,100,104" machi="60" ten="40,2600,0" yaku="1,1,52,1,53,0" doraHai="61" doraHaiUra="88" who="0" fromWho="3" sc="220,39,250,0,270,0,250,-29" /><INIT seed="2,0,0,0,5,106" ten="259,250,270,221" oya="2" hai0="108,52,75,7,69,102,107,96,40,17,41,103,45" hai1="72,110,124,57,39,67,64,113,122,25,16,80,125" hai2="88,56,44,18,24,90,49,86,92,35,4,66,23" hai3="8,131,53,94,119,27,36,0,51,82,73,42,93"/><V26/><F4/><N who="3" m="1031" /><G119/><T105/><D69/><U15/><E113/><V115/><F115/><W133/><G27/><T114/><D114/><U65/><E39/><V54/><F35/><W59/><G133/><T100/><D7/><U19/><E110/><V85/><F26/><W1/><G1/><T87/><D108/><U13/><E25/><V91/><REACH who="2" step="1"/><F92/><REACH who="2" ten="259,250,260,221" step="2"/><W135/><G135/><T6/><D107/><U43/><E122/><V33/><F33/><W68/><G94/><T2/><D6/><U77/><E43/><V34/><F34/><W10/><G93/><T14/><D105/><U128/><E128/><V37/><F37/><W61/><G131/><T79/><D40/><U74/><E124/><V84/><F84/><W63/><G36/><T117/><D87/><U83/><E125/><V62/><AGARI ba="0,1" hai="18,23,24,44,49,54,56,62,66,85,86,88,90,91" machi="62" ten="30,11700,0" yaku="1,1,0,1,8,1,54,1,53,0" doraHai="106" doraHaiUra="98" who="2" fromWho="2" sc="259,-39,250,-39,260,127,221,-39" /><INIT seed="2,1,0,2,2,3" ten="220,211,387,182" oya="2" hai0="53,40,94,103,110,72,22,7,106,124,114,77,62" hai1="39,57,95,101,79,131,20,73,65,108,85,87,107" hai2="45,64,105,104,68,15,120,71,69,52,49,80,48" hai3="121,99,91,102,88,6,90,26,100,67,125,96,84"/><V42/><F120/><W127/><G67/><T133/><D114/><U63/><E39/><V21/><F64/><W83/><G26/><T135/><D110/><U50/><E108/><V38/><F49/><W24/><G24/><T126/><D40/><U118/><E118/><V92/><F80/><W130/><G6/><T89/><D22/><U97/><E131/><V76/><F76/><N who="3" m="46183" /><G130/><T112/><D112/><U134/><E134/><N who="0" m="51209" /><D7/><U111/><E111/><V132/><F132/><W2/><G2/><T61/><D77/><U0/><E0/><V23/><F92/><N who="3" m="58375" /><G121/><T60/><D72/><U25/><E107/><AGARI ba="1,0" hai="88,90,91,99,102,107,125,127" m="58375,46183" machi="107" ten="30,3900,0" yaku="34,2,54,1" doraHai="3" who="3" fromWho="1" sc="220,0,211,-42,387,0,182,42" /><INIT seed="3,0,0,3,5,76" ten="220,169,387,224" oya="3" hai0="101,18,7,58,83,59,118,86,119,14,120,5,47" hai1="127,19,84,126,74,55,22,71,82,48,62,116,68" hai2="11,128,2,117,110,121,6,106,43,52,72,102,69" hai3="34,32,111,26,37,87,20,56,85,15,30,105,38"/><W9/><G105/><T130/><D120/><U109/><E74/><V88/><F69/><W8/><G111/><T27/><D130/><U75/><E75/><V4/><F72/><W25/><G56/><N who="0" m="21547" /><D118/><U24/><E109/><V112/><F112/><W107/><G107/><T66/><D66/><U49/><E116/><V100/><F117/><W61/><G61/><T29/><D101/><U124/><E62/><V10/><F128/><W95/><G95/><T54/><D27/><U51/><REACH who="1" step="1"/><E55/><REACH who="1" ten="220,159,387,224" step="2"/><V21/><F110/><W97/><G34/><T1/><D54/><U108/><E108/><V23/><F43/><W122/><G32/><T98/><D119/><U60/><E60/><V42/><F121/><W45/><G122/><T65/><D65/><U64/><E64/><V125/><F125/><W33/><G33/><T35/><D35/><U0/><E0/><V50/><F42/><W94/><G30/><T80/><D1/><U3/><E3/><V17/><F106/><W132/><G132/><T115/><D29/><U81/><E81/><V99/><F2/><W73/><G73/><T79/><D83/><U12/><E12/><V129/><F99/><W67/><G97/><T89/><D98/><U77/><AGARI ba="0,1" hai="19,22,24,48,49,51,68,71,77,82,84,124,126,127" machi="77" ten="40,8000,1" yaku="1,1,0,1,18,1,52,1,53,0" doraHai="76" doraHaiUra="93" who="1" fromWho="1" sc="220,-20,159,90,387,-20,224,-40" owari="200,-20.0,249,4.9,367,46.7,184,-31.6" /></mjloggm>