<mjloggm ver="2.3"><GO type="225" lobby="0"/><UN n0="%E4%BF%BA%E3%81%A8%E5%A6%96%E5%A4%A2" n1="%E3%81%B5%E3%81%98%E3%81%8B%E3%81%A4" n2="%E3%83%89%E3%83%A9%E3%81%8F%E3%82%8C" n3="%E6%A0%B9%E5%85%83%E3%81%8B%E3%82%89%E5%90%B9%E3%81%A3%E9%A3%9B%E3%81%B6" dan="17,16,17,17" rate="2198.93,2126.30,2196.61,2161.44" sx="F,M,M,F"/><TAIKYOKU oya="0"/><INIT seed="0,0,0,0,2,112" ten="250,250,250,250" oya="0" hai0="101,5,128,15,54,7,127,61,111,86,47,85,43" hai1="126,26,12,23,99,91,107,134,132,36,94,103,35" hai2="42,57,125,104,69,131,25,83,93,52,98,0,39" hai3="67,87,74,59,89,72,16,60,68,79,6,106,118"/><T120/><D120/><U17/><E36/><V56/><F0/><W22/><G106/><T53/><D128/><U109/><E126/><V33/><F125/><W14/><G118/><T135/><D127/><U71/><E71/><V63/><F131/><W41/><G41/><T20/><D135/><N who="1" m="51755" /><E109/><V117/><F104/><W8/><G79/><T21/><D111/><U44/><E44/><V11/><F69/><W100/><G100/><T46/><D101/><U62/><E62/><V90/><F117/><W40/><G40/><T123/><D123/><U95/><E91/><V129/><F129/><W45/><G45/><T70/><D70/><U130/><E130/><V65/><F39/><W37/><G37/><T13/><D43/><U32/><E12/><V77/><F42/><W81/><G68/><T19/><D19/><U1/><E1/><V88/><F90/><W24/><G74/><T124/><D124/><U75/><E75/><V78/><F83/><W92/><G72/><T82/><D61/><U64/><E64/><V2/><F2/><W50/><G50/><T96/><D82/><AGARI ba="0,0" hai="6,8,14,16,22,24,59,60,67,81,82,87,89,92" machi="82" ten="40,2600,0" yaku="8,1,54,1" doraHai="112" who="3" fromWho="0" sc="250,-26,250,0,250,0,250,26" /><INIT seed="1,0,0,0,5,131" ten="224,250,250,276" oya="1" hai0="10,20,99,90,29,3,125,78,114,92,49,113,28" hai1="51,109,123,7,58,95,26,98,42,120,103,133,53" hai2="122,23,60,52,31,34,68,69,102,8,62,18,71" hai3="25,0,61,21,82,96,132,130,39,48,11,100,97"/><U119/><E119/><V38/><F122/><W19/><G39/><T94/><D125/><U14/><E26/><V73/><F73/><W85/><G130/><T104/><D104/><U64/><E64/><V126/><F126/><W50/><G132/><T35/><D35/><U127/><E127/><V43/><F102/><W24/><G24/><T124/><D124/><U2/><E2/><V81/><F81/><W63/><G0/><T70/><D70/><U57/><E133/><V56/><F8/><W93/><G97/><T32/><D32/><U135/><E135/><V9/><F9/><W44/><G50/><T88/><D78/><U5/><E42/><V74/><F74/><W47/><G47/><T27/><D29/><U112/><E112/><V101/><F101/><W108/><G108/><T77/><D77/><U17/><E109/><V4/><F4/><N who="1" m="1609" /><E123/><V105/><F105/><W129/><G11/><T36/><D36/><U59/><E120/><V16/><F34/><W66/><G66/><T41/><D10/><AGARI ba="0,0" hai="10,14,17,51,53,57,58,59,95,98,103" m="1609" machi="10" ten="30,1500,0" yaku="8,1" doraHai="131" who="1" fromWho="0" sc="224,-15,250,15,250,0,276,0" /><INIT seed="1,1,0,3,5,113" ten="209,265,250,276" oya="1" hai0="134,43,127,98,0,107,118,78,46,19,40,85,41" hai1="123,117,66,36,26,74,77,106,133,31,82,124,67" hai2="11,32,94,91,103,29,16,97,120,18,1,126,42" hai3="23,45,15,73,47,88,44,75,63,55,86,24,114"/><U81/><E123/><V7/><F120/><W105/><G105/><T49/><D0/><U21/><E124/><V92/><F126/><W122/><G114/><T119/><D127/><U110/><E106/><V22/><F42/><W111/><G111/><T20/><D134/><U132/><E110/><V64/><F32/><W59/><G15/><T13/><D41/><U100/><E36/><V50/><F64/><N who="1" m="24617" /><E82/><V33/><F33/><W58/><G58/><T65/><D65/><U30/><E100/><V48/><F29/><W93/><REACH who="3" step="1"/><G122/><REACH who="3" ten="209,265,250,266" step="2"/><T68/><D68/><U61/><E132/><V116/><F116/><W37/><G37/><T130/><D130/><U4/><E117/><V109/><F109/><W14/><G14/><T128/><D128/><U76/><E133/><V125/><F125/><W101/><G101/><T135/><D135/><U17/><E26/><V10/><F10/><W84/><G84/><T72/><D72/><U83/><E74/><V115/><F115/><W5/><G5/><T70/><D70/><U71/><E4/><V96/><REACH who="2" step="1"/><F18/><AGARI ba="1,1" hai="18,23,24,44,45,47,55,59,63,73,75,86,88,93" machi="18" ten="40,2600,0" yaku="1,1,54,1,53,0" doraHai="113" doraHaiUra="6" who="3" fromWho="2" sc="209,0,265,0,250,-29,266,39" /><INIT seed="2,0,0,2,3,116" ten="209,265,221,305" oya="2" hai0="59,5,24,1,119,133,3,44,71,51,107,91,118" hai1="61,66,13,20,84,112,7,72,25,49,55,130,104" hai2="0,64,17,50,125,98,68,62,23,86,114,8,103" hai3="75,53,110,77,81,60,97,95,39,41,100,58,32"/><V21/><F114/><W43/><G110/><T94/><D71/><U73/><E112/><V108/><F108/><W109/><G109/><T30/><D107/><U47/><E104/><V105/><F125/><W82/><G32/><T38/><D38/><U70/><E130/><V33/><F33/><W4/><G4/><T111/><D59/><U40/><E84/><V120/><F120/><W78/><G39/><T123/><D111/><U122/><E122/><V121/><F121/><W102/><REACH who="3" step="1"/><G102/><REACH who="3" ten="209,265,221,295" step="2"/><T29/><D123/><U129/><E7/><V12/><F0/><W79/><G79/><T132/><D5/><U117/><E117/><N who="0" m="44553" /><D3/><U19/><E129/><V67/><F67/><W36/><G36/><T16/><D1/><U57/><REACH who="1" step="1"/><E13/><REACH who="1" ten="209,255,221,295" step="2"/><V2/><F2/><W45/><G45/><T28/><D132/><U11/><E11/><V88/><REACH who="2" step="1"/><F50/><AGARI ba="0,2" hai="19,20,25,40,47,49,50,55,57,61,66,70,72,73" machi="50" ten="30,3900,0" yaku="1,1,7,1,53,1" doraHai="116" doraHaiUra="63" who="1" fromWho="2" sc="209,0,255,59,221,-39,295,0" /><INIT seed="3,0,0,1,0,30" ten="209,314,182,295" oya="3" hai0="3,125,37,70,10,89,84,29,12,62,63,43,131" hai1="80,99,59,74,2,13,103,53,105,67,91,46,93" hai2="88,50,41,109,39,119,42,126,135,94,83,130,16" hai3="4,75,77,51,134,106,55,92,102,68,69,38,128"/><W24/><G38/><T48/><D3/><U107/><E2/><V123/><F119/><W7/><G128/><T28/><D37/><U26/><E26/><V23/><F130/><W111/><G106/><T20/><D131/><U54/><E13/><V118/><F118/><W97/><G69/><T124/><D43/><U61/><E46/><V40/><F39/><W5/><G68/><T120/><D48/><U66/><E66/><V96/><F123/><W121/><G121/><T87/><D87/><N who="1" m="52479" /><E107/><V11/><F135/><W112/><G112/><T104/><D104/><U19/><E19/><V32/><F32/><W18/><G134/><T0/><D0/><U14/><E14/><N who="2" m="7263" /><F126/><N who="0" m="48746" /><D120/><U33/><E33/><V1/><F1/><W116/><G116/><T44/><D44/><U81/><E81/><V25/><F109/><W85/><G75/><T60/><D20/><U57/><E57/><V17/><F83/><N who="3" m="47343" /><G111/><T34/><D34/><U78/><AGARI ba="0,0" hai="53,54,59,61,67,74,78,80,99,103,105" m="52479" machi="78" ten="30,1100,0" yaku="24,1" doraHai="30" who="1" fromWho="1" sc="209,-3,314,11,182,-3,295,-5" owari="206,-19.4,325,42.5,179,-32.1,290,9.0" /></mjloggm>