<mjloggm ver="2.3"><GO type="225" lobby="0"/><UN n0="%E7%B4%94%E6%BD%94%E3%83%94%E3%83%A9%E3%83%8B%E3%82%A2" n1="%E7%AD%89%E3%80%85%E5%8A%9B%E5%8A%87%E5%A0%B4" n2="%E5%B0%8F%E9%B3%A5%E9%81%8A%E7%B7%B4%E7%84%A1%32%31%E6%AD%B3" n3="%E3%82%A2%E3%83%9E%E3%83%9D%EF%BD%9E%EF%BD%9E%E3%83%A9" dan="18,16,16,17" rate="2264.20,2139.18,2125.59,2184.25" sx="M,M,F,M"/><TAIKYOKU oya="0"/><INIT seed="0,0,0,3,0,89" ten="250,250,250,250" oya="0" hai0="131,0,96,41,69,3,28,108,73,123,46,61,115" hai1="20,81,80,60,116,94,34,117,8,1,113,32,38" hai2="118,51,79,78,49,102,33,74,91,129,72,58,106" hai3="19,57,127,30,114,119,52,10,103,31,101,24,107"/><T70/><D115/><U65/><E38/><V13/><F33/><W21/><G119/><T90/><D123/><U105/><E105/><V132/><F118/><W109/><G109/><T110/><D73/><U126/><E126/><V77/><F132/><W64/><G64/><T56/><D28/><N who="3" m="10793" /><G107/><T92/><D131/><U71/><E34/><V43/><F129/><W39/><G39/><T75/><D75/><U63/><E32/><V35/><F35/><W27/><G27/><T47/><D69/><U17/><E113/><V128/><F102/><W22/><G22/><T100/><D100/><U124/><E124/><V59/><F106/><W99/><G127/><T40/><D70/><U120/><E120/><V44/><F13/><N who="3" m="7607" /><G99/><T14/><D14/><U95/><E117/><V134/><F128/><W88/><G88/><N who="0" m="55303" /><D41/><U4/><E116/><V42/><F91/><W82/><G82/><T68/><D68/><U98/><E98/><V135/><F77/><W84/><G84/><T93/><D40/><U25/><E81/><V112/><F112/><W66/><G66/><N who="0" m="39207" /><D90/><U11/><E80/><V87/><F87/><W5/><G114/><T50/><D50/><U104/><E104/><V36/><F36/><W37/><G37/><T29/><D29/><U18/><REACH who="1" step="1"/><E63/><REACH who="1" ten="250,240,250,250" step="2"/><V6/><F134/><W86/><G86/><T125/><D125/><U133/><E133/><V121/><F135/><W2/><G103/><T12/><D12/><AGARI ba="0,1" hai="1,4,8,11,12,17,18,20,25,60,65,71,94,95" machi="12" ten="40,8000,1" yaku="1,1,52,2,53,1" doraHai="89" doraHaiUra="62" who="1" fromWho="0" sc="250,-80,240,90,250,0,250,0" /><INIT seed="1,0,0,3,2,77" ten="170,330,250,250" oya="1" hai0="56,104,36,18,130,52,17,87,132,33,83,97,82" hai1="34,15,39,46,29,113,116,133,89,88,67,94,7" hai2="21,101,69,0,79,22,13,27,106,74,2,65,10" hai3="3,92,84,48,41,98,126,61,32,76,9,53,129"/><U37/><E113/><V123/><F123/><W72/><G32/><T30/><D36/><U11/><E116/><V6/><F101/><W75/><G126/><T12/><D130/><U55/><E133/><V127/><F106/><W50/><G3/><T64/><D132/><U117/><E117/><V28/><F69/><W14/><G75/><T121/><D121/><U118/><E118/><V42/><F42/><W1/><G72/><T59/><D33/><U43/><E37/><V78/><F65/><W5/><G1/><T120/><D30/><U38/><E38/><V24/><F127/><W125/><G41/><T31/><D31/><U102/><E67/><V4/><F74/><W44/><G129/><T62/><D120/><U23/><E34/><V110/><F110/><W93/><G61/><N who="0" m="37927" /><D104/><U45/><E102/><V108/><F108/><W99/><G50/><T122/><D122/><U114/><E114/><V115/><F115/><W68/><G68/><T25/><D97/><N who="3" m="36873" /><G125/><T109/><D87/><U86/><E89/><V134/><F134/><W80/><AGARI ba="0,0" hai="5,9,14,44,48,53,76,80,84,92,93" m="36873" machi="80" ten="30,2000,0" yaku="8,1,52,1" doraHai="77" who="3" fromWho="3" sc="170,-5,330,-10,250,-5,250,20" /><INIT seed="2,0,0,0,2,126" ten="165,320,245,270" oya="2" hai0="53,54,82,134,32,77,91,78,26,116,92,93,33" hai1="114,52,20,36,133,113,45,124,39,61,27,11,130" hai2="88,42,12,72,110,44,70,23,131,81,21,115,43" hai3="122,80,3,132,86,16,95,55,69,67,24,59,56"/><V101/><F115/><W49/><G69/><T104/><D104/><U94/><E124/><V100/><F70/><W64/><G3/><T128/><D116/><U48/><E133/><V121/><F121/><W97/><G132/><T38/><D134/><U29/><E130/><V8/><F131/><W37/><G37/><T75/><D38/><U31/><E31/><V13/><F72/><W83/><G122/><T22/><D128/><U62/><E39/><V118/><F118/><W105/><G105/><T10/><D10/><U108/><E108/><V41/><F44/><W117/><G59/><T112/><D112/><U89/><E36/><V7/><F110/><W40/><G40/><T28/><D77/><U68/><E11/><V50/><F50/><W25/><G83/><T6/><D6/><U63/><REACH who="1" step="1"/><E68/><REACH who="1" ten="165,310,245,270" step="2"/><V35/><F35/><W125/><G125/><T57/><D32/><U85/><AGARI ba="0,1" hai="20,27,29,45,48,52,61,62,63,85,89,94,113,114" machi="85" ten="30,7900,0" yaku="1,1,2,1,0,1,54,1,53,0" doraHai="126" doraHaiUra="129" who="1" fromWho="1" sc="165,-20,310,89,245,-39,270,-20" /><INIT seed="3,0,0,4,3,61" ten="145,399,206,250" oya="3" hai0="60,130,51,93,95,49,2,121,133,3,119,28,132" hai1="70,58,40,87,80,120,24,36,106,66,105,67,84" hai2="26,94,112,39,135,101,125,30,37,54,108,23,57" hai3="52,97,79,107,50,104,124,20,76,15,6,1,62"/><W72/><G124/><T44/><D28/><U10/><E70/><V77/><F112/><W116/><G1/><T4/><D119/><U118/><E120/><V32/><F108/><W17/><G6/><T55/><D121/><U41/><E36/><V21/><F135/><W73/><G73/><T16/><D130/><U69/><E69/><V103/><F125/><W31/><G31/><T68/><D4/><U86/><E118/><V45/><F77/><W98/><G107/><T25/><D68/><U19/><E106/><V53/><F94/><W46/><G104/><T11/><D60/><U134/><E105/><V7/><F7/><W56/><G116/><T63/><D63/><U43/><E134/><V22/><F45/><W91/><G72/><T127/><D127/><U113/><E113/><V123/><F123/><W96/><REACH who="3" step="1"/><G91/><REACH who="3" ten="145,399,206,240" step="2"/><T35/><D35/><U42/><E80/><V117/><F117/><W88/><G88/><T27/><D55/><AGARI ba="0,1" hai="15,17,20,46,50,52,55,56,62,76,79,96,97,98" machi="55" ten="40,7700,0" yaku="1,1,8,1,54,1,53,0" doraHai="61" doraHaiUra="38" who="3" fromWho="0" sc="145,-77,399,0,206,0,240,87" /><INIT seed="3,1,0,3,2,119" ten="68,399,206,327" oya="3" hai0="0,9,96,36,6,85,47,7,30,26,45,66,134" hai1="4,127,121,81,50,108,52,57,90,95,58,107,43" hai2="92,74,124,111,29,100,91,65,18,129,112,82,80" hai3="28,61,27,41,14,34,93,55,86,101,132,94,64"/><W122/><G132/><T128/><D85/><U135/><E107/><V67/><F29/><W20/><G41/><T76/><D96/><U72/><E121/><V23/><F100/><W56/><G122/><T109/><D76/><U75/><E108/><V117/><F112/><W105/><G105/><T70/><D66/><U5/><E127/><V71/><F129/><W46/><G34/><T59/><D59/><U25/><E135/><V88/><F111/><W79/><G14/><T114/><D45/><U110/><E110/><V49/><F71/><W125/><G125/><T126/><D47/><U22/><E43/><V77/><F80/><N who="3" m="47391" /><G101/><T48/><D48/><AGARI ba="1,0" hai="20,27,28,46,48,55,56,61,64,93,94" m="47391" machi="48" ten="30,1500,0" yaku="8,1" doraHai="119" who="3" fromWho="0" sc="68,-18,399,0,206,0,327,18" /><INIT seed="3,2,0,3,3,117" ten="50,399,206,345" oya="3" hai0="130,5,116,24,134,7,89,67,32,53,100,15,34" hai1="19,113,49,54,58,9,94,122,16,133,90,25,3" hai2="75,129,124,42,72,73,61,82,27,41,128,126,10" hai3="13,74,26,110,70,88,59,44,11,77,115,56,57"/><W51/><G115/><T1/><D89/><U48/><E122/><V121/><F61/><W66/><G110/><T18/><D53/><N who="1" m="32039" /><E3/><V4/><F27/><W86/><G74/><T71/><D100/><U43/><E113/><V108/><F82/><N who="3" m="49239" /><G70/><T60/><D60/><U23/><E133/><V135/><F135/><W127/><G127/><N who="2" m="48681" /><F108/><W105/><G105/><T131/><D67/><U78/><E78/><V93/><F93/><W38/><G38/><T102/><D102/><U87/><E43/><N who="2" m="16395" /><F10/><W0/><G0/><T33/><D71/><U84/><E9/><V79/><F79/><W17/><G77/><T46/><D46/><N who="1" m="27959" /><E87/><V104/><F4/><W111/><G111/><T14/><D134/><U120/><E120/><V12/><F104/><W80/><G80/><T63/><D63/><U92/><E92/><V39/><F39/><W91/><G91/><T2/><D34/><U83/><E94/><V125/><F125/><W95/><G95/><T132/><D132/><U28/><AGARI ba="2,0" hai="16,19,23,25,28,83,84,90" m="27959,32039" machi="28" ten="30,2000,0" yaku="8,1,54,1" doraHai="117" who="1" fromWho="1" sc="50,-7,399,26,206,-7,345,-12" owari="43,-45.7,425,52.5,199,-20.1,333,13.3" /></mjloggm>