<mjloggm ver="2.3"><GO type="225" lobby="0"/><UN n0="%E7%99%BD%E6%97%A5%E9%9B%AA%E8%8F%9C" n1="%33%74%72%65%65" n2="%E4%BF%BA%E3%81%A8%E5%A6%96%E5%A4%A2" n3="%72%61%6B%33" dan="17,16,17,16" rate="2218.91,2110.83,2207.15,2089.58" sx="M,F,F,M"/><TAIKYOKU oya="0"/><INIT seed="0,0,0,2,0,111" ten="250,250,250,250" oya="0" hai0="65,29,70,6,45,101,68,25,87,63,11,53,67" hai1="57,99,28,123,52,13,90,97,37,12,116,71,104" hai2="39,66,129,133,91,33,114,96,134,43,79,106,30" hai3="17,0,126,121,74,112,113,54,24,38,130,110,122"/><T9/><D101/><U88/><E116/><V124/><F79/><W131/><G74/><T119/><D119/><U75/><E123/><N who="3" m="47114" /><G38/><T51/><D87/><U108/><E71/><V95/><F66/><W98/><G0/><T100/><D100/><U109/><E75/><V81/><F81/><W77/><G77/><T80/><D80/><U132/><E37/><V14/><F106/><W93/><G110/><N who="1" m="42602" /><E28/><V115/><F14/><N who="1" m="5737" /><E132/><N who="2" m="50795" /><F129/><N who="3" m="49163" /><G126/><T10/><D67/><U128/><E128/><V118/><F124/><W73/><G73/><T69/><REACH who="0" step="1"/><D6/><REACH who="0" ten="240,250,250,250" step="2"/><U83/><E104/><V34/><F118/><W86/><G86/><T44/><D44/><U49/><E83/><V20/><F96/><AGARI ba="0,1" hai="49,52,57,88,90,96,97,99" m="5737,42602" machi="96" ten="30,3900,0" yaku="14,1,54,2" doraHai="111" who="1" fromWho="2" sc="240,0,250,49,250,-39,250,0" /><INIT seed="1,0,0,3,2,80" ten="240,299,211,250" oya="1" hai0="16,83,89,50,106,77,68,65,25,51,23,49,64" hai1="54,44,53,76,131,115,43,81,71,132,86,19,128" hai2="119,101,92,107,85,61,110,122,125,37,114,99,11" hai3="126,103,87,13,42,55,112,94,2,62,26,40,58"/><U105/><E115/><V91/><F119/><W57/><G112/><T72/><D106/><U88/><E132/><V35/><F114/><W18/><G2/><T30/><D68/><U9/><E71/><V34/><F122/><W123/><G126/><T17/><REACH who="0" step="1"/><D89/><REACH who="0" ten="230,299,211,250" step="2"/><U33/><E105/><V45/><F125/><W1/><G123/><T56/><D56/><U41/><E88/><V31/><F107/><W75/><G58/><T98/><D98/><U39/><E41/><V109/><F99/><W10/><G40/><T63/><D63/><U70/><E70/><V117/><F61/><W97/><G42/><T46/><D46/><U95/><E44/><V32/><F117/><W133/><G62/><T29/><D29/><U120/><E43/><V104/><F45/><W3/><G57/><T69/><D69/><U90/><E120/><V28/><F37/><W7/><G97/><T4/><D4/><U129/><E39/><V116/><F116/><W113/><G7/><T127/><D127/><U93/><E90/><V47/><F47/><W84/><G113/><T73/><D73/><U96/><E96/><V82/><F104/><W15/><G75/><T108/><D108/><N who="2" m="41578" /><F101/><W22/><G103/><T67/><AGARI ba="0,1" hai="16,17,23,25,30,49,50,51,64,65,67,72,77,83" machi="67" ten="30,12000,2" yaku="1,1,0,1,54,1,53,3" doraHai="80" doraHaiUra="60" who="0" fromWho="0" sc="230,130,299,-60,211,-30,250,-30" /><INIT seed="2,0,0,0,4,130" ten="360,239,181,220" oya="2" hai0="15,119,59,135,74,31,17,58,103,6,4,12,27" hai1="73,19,1,101,115,52,22,88,16,72,75,67,23" hai2="90,28,85,93,61,39,3,66,48,79,51,21,69" hai3="68,9,18,36,40,125,78,43,122,127,5,114,94"/><V30/><F39/><W11/><G122/><T109/><D74/><U112/><E101/><V77/><F3/><W49/><G68/><T8/><D109/><U47/><E67/><V56/><F69/><W54/><G114/><T100/><D119/><U95/><E1/><V0/><F0/><W2/><G78/><N who="2" m="29705" /><F21/><W57/><G94/><T116/><D116/><U29/><E29/><AGARI ba="0,0" hai="28,29,30,48,51,56,61,66,85,90,93" m="29705" machi="29" ten="30,1500,0" yaku="8,1" doraHai="130" who="2" fromWho="1" sc="360,0,239,-15,181,15,220,0" /><INIT seed="2,1,0,5,4,53" ten="360,224,196,220" oya="2" hai0="103,28,109,42,58,67,97,44,9,108,86,70,68" hai1="121,79,55,85,39,30,76,32,65,52,63,120,90" hai2="71,75,45,127,5,83,24,124,130,106,94,14,12" hai3="49,31,46,10,118,82,54,126,17,96,92,110,131"/><V41/><F106/><W77/><G110/><N who="0" m="42603" /><D28/><U21/><E32/><V105/><F105/><W113/><G126/><N who="2" m="48169" /><F71/><W16/><G131/><T38/><D86/><U129/><E129/><V2/><F130/><W8/><G118/><T36/><D36/><U88/><E39/><N who="2" m="21695" /><F94/><W95/><G113/><T111/><D111/><U26/><E120/><V93/><F93/><W0/><G31/><T15/><D58/><N who="1" m="37111" /><E121/><V122/><F24/><W1/><G95/><N who="0" m="58815" /><D67/><U72/><E72/><V101/><F101/><W115/><G115/><T66/><D66/><U107/><E107/><V98/><F98/><W100/><G92/><T80/><D80/><N who="1" m="47239" /><E79/><N who="2" m="44543" /><F122/><W27/><G96/><T125/><D125/><U102/><E102/><V116/><F116/><W78/><G100/><T6/><AGARI ba="1,0" hai="6,9,15,38,42,44,68,70" m="58815,42603" machi="6" ten="30,1100,0" yaku="14,1" doraHai="53" who="0" fromWho="0" sc="360,14,224,-4,196,-6,220,-4" /><INIT seed="3,0,0,4,2,131" ten="374,220,190,216" oya="3" hai0="46,108,120,51,53,61,130,93,102,113,17,47,90" hai1="126,32,79,57,5,129,117,50,49,16,12,114,20" hai2="80,71,22,88,40,98,76,56,30,65,128,54,37" hai3="135,78,95,110,52,18,9,86,81,84,112,121,100"/><W13/><G112/><T66/><D120/><U116/><E114/><V106/><F128/><W111/><G121/><T75/><D75/><U34/><E129/><V123/><F123/><W1/><G1/><T58/><D130/><U92/><E126/><V70/><F37/><W39/><G39/><T44/><D108/><N who="3" m="41513" /><G135/><T48/><D102/><U119/><E79/><V85/><F40/><W77/><G100/><T26/><D113/><U35/><E5/><V8/><F65/><W103/><G103/><T124/><D124/><U72/><E72/><V134/><F134/><W127/><G127/><T43/><D26/><U68/><E68/><V28/><F106/><W105/><G105/><T62/><D17/><U91/><E57/><V3/><F71/><W125/><G125/><T15/><D15/><U11/><E11/><V23/><F70/><W69/><G69/><T104/><D104/><U97/><AGARI ba="0,0" hai="12,16,20,32,34,35,49,50,91,92,97,116,117,119" machi="97" ten="40,5200,0" yaku="0,1,12,1,54,1" doraHai="131" who="1" fromWho="1" sc="374,-13,220,52,190,-13,216,-26" owari="361,46.1,272,7.2,177,-32.3,190,-21.0" /></mjloggm>