<mjloggm ver="2.3"><GO type="225" lobby="0"/><UN n0="%E3%83%AD%E3%83%83%E3%83%86%E9%9B%80%E7%90%83" n1="%E5%84%AA%40%41%42%43" n2="%EF%BC%81%E3%81%BC%E3%81%9F%E3%82%82%E3%81%A1%EF%BC%81" n3="%E3%81%A9%E3%82%8F%E3%82%93%E3%81%94" dan="17,18,17,16" rate="2216.98,2209.08,2211.35,2118.81" sx="M,M,M,M"/><TAIKYOKU oya="0"/><INIT seed="0,0,0,1,0,120" ten="250,250,250,250" oya="0" hai0="109,124,85,46,126,87,50,40,73,25,132,105,10" hai1="58,20,100,106,12,72,19,41,48,111,32,107,95" hai2="22,89,43,45,75,36,98,83,29,86,26,113,6" hai3="92,112,114,79,60,129,28,135,128,116,77,1,7"/><T63/><D73/><U119/><E72/><V62/><F113/><N who="3" m="43627" /><G28/><T122/><D122/><U71/><E71/><V103/><F6/><W21/><G21/><T55/><D132/><U84/><E32/><V14/><F75/><W64/><G116/><T47/><D105/><U31/><E119/><V101/><F14/><W17/><G17/><T13/><D25/><U74/><E74/><V3/><F3/><W91/><G7/><N who="0" m="3295" /><D63/><U0/><E0/><V96/><REACH who="2" step="1"/><F62/><REACH who="2" ten="250,250,240,250" step="2"/><W30/><G1/><T93/><D126/><U123/><E12/><V80/><F80/><W70/><G135/><T18/><D124/><U125/><E123/><V15/><F15/><W68/><G60/><T5/><D5/><U104/><E125/><V8/><F8/><W61/><G61/><T88/><D109/><U130/><E111/><V37/><F37/><W38/><G38/><T110/><D110/><U102/><E130/><N who="3" m="50282" /><G70/><T82/><D82/><U51/><E51/><V97/><AGARI ba="0,1" hai="22,26,29,36,43,45,83,86,89,96,97,98,101,103" machi="97" ten="30,2000,0" yaku="1,1,0,1,53,0" doraHai="120" doraHaiUra="57" who="2" fromWho="2" sc="250,-10,250,-5,240,30,250,-5" /><INIT seed="1,0,0,5,2,127" ten="240,245,270,245" oya="1" hai0="37,19,120,7,32,23,123,44,84,21,129,115,134" hai1="0,42,114,72,64,4,105,76,81,59,56,29,135" hai2="121,66,24,102,103,124,25,87,71,60,91,35,31" hai3="113,85,125,13,78,122,67,74,94,95,65,39,49"/><U58/><E114/><V90/><F121/><N who="0" m="46666" /><D115/><U22/><E135/><V69/><F124/><W12/><G39/><T70/><D32/><U89/><E105/><V36/><F36/><W57/><G113/><T5/><D70/><U48/><E0/><V62/><F91/><W126/><G74/><T118/><D118/><U73/><E4/><V11/><F11/><W92/><G122/><T3/><D84/><U99/><E73/><V26/><F26/><W117/><G117/><T133/><D129/><U83/><E64/><N who="3" m="24650" /><G126/><T53/><D53/><U128/><E128/><V38/><F71/><W54/><G125/><T34/><D34/><U80/><E29/><V43/><F62/><W77/><G77/><T112/><D112/><U93/><REACH who="1" step="1"/><E22/><REACH who="1" ten="240,235,270,245" step="2"/><V51/><F31/><W14/><G78/><T41/><D23/><U88/><E88/><AGARI ba="0,1" hai="12,13,14,49,54,57,85,88,92,94,95" m="24650" machi="88" ten="30,2000,0" yaku="8,1,54,1" doraHai="127" who="3" fromWho="1" sc="240,0,235,-20,270,0,245,30" /><INIT seed="2,0,0,5,2,73" ten="240,215,270,275" oya="2" hai0="111,14,61,2,109,55,97,21,23,82,72,92,39" hai1="11,26,98,134,63,132,10,100,30,15,71,12,42" hai2="104,22,125,129,102,77,84,108,45,96,24,5,64" hai3="127,123,94,48,36,51,8,89,114,93,67,79,95"/><V17/><F129/><W4/><G123/><T32/><D2/><U105/><E42/><V135/><F135/><N who="1" m="51753" /><E71/><V1/><F125/><W120/><G36/><T86/><D32/><N who="1" m="20567" /><E63/><V60/><F108/><N who="0" m="41546" /><D72/><U9/><AGARI ba="0,0" hai="9,10,11,12,15,98,100,105" m="20567,51753" machi="9" ten="30,1100,0" yaku="20,1" doraHai="73" who="1" fromWho="1" sc="240,-3,215,11,270,-5,275,-3" /><INIT seed="3,0,0,2,1,22" ten="237,226,265,272" oya="3" hai0="14,62,37,52,59,26,80,111,5,100,12,113,50" hai1="94,13,56,11,81,1,24,2,86,123,68,0,92" hai2="131,3,77,110,74,44,135,47,121,30,33,36,63" hai3="112,39,61,19,38,16,105,83,133,126,27,6,102"/><W18/><G112/><T53/><D111/><U96/><E123/><V91/><F3/><W70/><G6/><T43/><D113/><U120/><E68/><V122/><F110/><W108/><G108/><T42/><D37/><U124/><E120/><V127/><F127/><W9/><G126/><T66/><D100/><U118/><E118/><V104/><F104/><W114/><G114/><T31/><D80/><U125/><E56/><V116/><F116/><W64/><G133/><T46/><D53/><U115/><E115/><V85/><F131/><W97/><G9/><T95/><D95/><U8/><E8/><V134/><F77/><W49/><G83/><T88/><D88/><U75/><E94/><V78/><F78/><W129/><G129/><T40/><REACH who="0" step="1"/><D5/><REACH who="0" ten="227,226,265,272" step="2"/><N who="1" m="3311" /><E75/><V7/><F122/><W130/><G130/><T79/><D79/><N who="1" m="46399" /><E125/><V32/><F121/><W98/><G39/><T57/><D57/><U58/><E58/><V29/><F74/><W28/><G38/><T41/><N who="0" m="10240" /><DORA hai="65" /><T73/><D73/><U45/><E124/><V117/><F36/><W109/><G109/><T90/><D90/><U72/><E72/><V20/><F117/><W67/><G102/><T48/><D48/><U84/><E84/><V25/><F7/><W35/><G105/><T106/><D106/><U103/><E45/><V4/><F4/><W132/><G49/><T34/><AGARI ba="0,1" hai="12,14,26,31,34,46,50,52,59,62,66" m="10240" machi="34" ten="40,8000,1" yaku="1,1,0,1,52,1,54,1,53,1" doraHai="22,65" doraHaiUra="107,54" who="0" fromWho="0" sc="227,90,226,-20,265,-20,272,-40" owari="317,41.7,206,-29.4,245,4.5,232,-16.8" /></mjloggm>