<mjloggm ver="2.3"><GO type="225" lobby="0"/><UN n0="%E6%B8%A9%E2%98%85%E6%83%85%E2%98%85%E6%8E%AA%E2%98%85%E7%BD%AE" n1="%E3%81%A8%E3%82%93%E3%81%A8%E3%81%93%E3%81%A8%E3%82%93" n2="%E3%83%88%E3%83%A9%E3%83%9E%E3%83%AB" n3="%E7%AC%B9%E9%A4%85" dan="16,16,16,16" rate="2160.15,2104.45,2087.35,2214.02" sx="M,M,M,M"/><TAIKYOKU oya="0"/><INIT seed="0,0,0,4,1,89" ten="250,250,250,250" oya="0" hai0="88,18,16,97,19,71,34,8,127,25,120,94,14" hai1="133,58,37,28,101,111,65,112,95,27,92,9,103" hai2="78,135,124,84,2,47,4,129,26,23,130,93,102" hai3="11,57,134,96,123,66,51,12,81,50,99,13,52"/><T108/><D120/><U75/><E37/><V33/><F33/><W29/><G123/><T5/><D127/><U38/><E38/><V54/><F124/><W1/><G134/><T3/><D71/><U105/><E75/><V20/><F135/><W48/><G1/><T125/><D125/><U68/><E133/><V86/><F2/><W107/><G107/><T91/><D108/><U64/><E105/><V114/><F114/><W90/><G29/><N who="0" m="19759" /><D91/><U61/><E111/><V74/><F74/><W35/><G35/><T53/><D53/><N who="1" m="33999" /><E68/><V31/><F4/><W69/><G69/><T22/><AGARI ba="0,0" hai="3,5,8,14,16,18,19,22,88,94,97" m="19759" machi="22" ten="30,11700,0" yaku="24,1,52,1,54,2" doraHai="89" who="0" fromWho="0" sc="250,117,250,-39,250,-39,250,-39" /><INIT seed="0,1,0,4,2,48" ten="367,211,211,211" oya="0" hai0="134,124,128,53,65,34,94,20,17,27,60,14,83" hai1="21,35,4,47,68,90,33,69,96,129,18,120,114" hai2="72,113,108,29,80,106,59,44,75,39,52,6,30" hai3="78,9,82,62,110,37,70,122,76,126,2,71,38"/><T57/><D134/><U116/><E116/><V0/><F113/><W8/><G110/><T22/><D128/><U133/><E120/><V25/><F106/><W117/><G117/><T79/><D124/><U91/><E129/><V64/><F64/><W89/><G126/><T58/><D34/><U5/><E133/><V1/><F108/><W12/><G122/><T127/><D127/><U130/><E130/><V77/><F75/><W51/><G51/><T121/><D121/><U32/><E47/><V15/><F15/><W109/><G109/><T67/><D94/><U23/><E96/><V104/><F104/><W7/><G89/><N who="1" m="33802" /><E18/><V49/><F6/><N who="1" m="2665" /><E114/><V98/><F98/><W54/><G12/><T115/><D115/><U55/><E55/><V26/><F25/><W131/><G131/><T95/><D58/><U111/><E111/><V97/><F97/><W36/><G9/><T43/><D95/><U24/><E24/><V132/><F132/><W63/><G78/><T88/><D79/><U84/><E84/><V10/><F10/><W112/><G112/><T73/><D73/><U100/><E100/><V46/><F30/><W119/><G119/><T16/><D43/><U86/><E86/><AGARI ba="1,0" hai="14,16,17,20,22,27,53,57,60,65,67,83,86,88" machi="86" ten="40,12000,1" yaku="8,1,52,1,54,2" doraHai="48" who="0" fromWho="1" sc="367,123,211,-123,211,0,211,0" /><INIT seed="0,2,0,3,1,45" ten="490,88,211,211" oya="0" hai0="64,103,29,96,97,57,129,62,88,121,15,115,70" hai1="99,78,82,100,7,4,114,81,124,30,25,10,33" hai2="74,104,27,28,72,65,85,125,84,94,47,76,135" hai3="95,44,24,0,73,131,48,128,112,123,54,98,8"/><T120/><D115/><U108/><E114/><V3/><F104/><W60/><G112/><T105/><D129/><N who="3" m="49737" /><G73/><T37/><D37/><U119/><E119/><V126/><F3/><W46/><G123/><T9/><D29/><U69/><E108/><V77/><F65/><W75/><G75/><T102/><D70/><U20/><E124/><V35/><F135/><W13/><G0/><T89/><D121/><U109/><E109/><V111/><F111/><W122/><G122/><T5/><REACH who="0" step="1"/><D120/><REACH who="0" ten="480,88,211,211" step="2"/><U116/><E116/><V130/><F130/><W55/><G60/><T53/><D53/><U42/><E69/><V52/><F126/><W50/><G24/><T11/><D11/><U40/><E33/><V17/><F125/><W67/><G67/><T23/><D23/><U49/><E49/><V79/><F28/><W68/><G68/><T22/><D22/><U58/><E10/><V91/><F35/><W63/><G63/><T93/><AGARI ba="2,1" hai="5,9,15,57,62,64,88,89,93,96,97,102,103,105" machi="93" ten="20,7800,0" yaku="1,1,0,1,7,1,54,1,53,0" doraHai="45" doraHaiUra="41" who="0" fromWho="0" sc="480,94,88,-28,211,-28,211,-28" /><INIT seed="0,3,0,2,3,81" ten="574,60,183,183" oya="0" hai0="50,9,55,78,133,107,90,58,97,34,68,8,75" hai1="3,112,48,1,7,84,33,21,69,134,0,47,126" hai2="42,87,104,123,57,98,31,54,109,61,103,13,38" hai3="24,99,83,65,71,77,26,116,63,122,118,86,23"/><T35/><D133/><U51/><E33/><V106/><F123/><W30/><G122/><T132/><D68/><U89/><E69/><V49/><F109/><W73/><G73/><T6/><D132/><U67/><E134/><V14/><F106/><W43/><G43/><T124/><D124/><U46/><E126/><V2/><F2/><W22/><REACH who="3" step="1"/><G99/><REACH who="3" ten="574,60,183,173" step="2"/><T74/><D74/><U62/><E112/><V113/><F113/><W16/><AGARI ba="3,1" hai="16,22,23,24,26,30,63,65,71,77,83,86,116,118" machi="16" ten="20,16000,3" yaku="1,1,2,1,0,1,7,1,52,1,54,1,53,2" doraHai="81" doraHaiUra="20" who="3" fromWho="3" sc="574,-83,60,-43,183,-43,173,179" /><INIT seed="1,0,0,1,1,69" ten="491,17,140,352" oya="1" hai0="81,46,65,86,44,17,115,120,112,15,8,128,29" hai1="117,133,98,74,52,110,84,36,45,4,5,88,72" hai2="100,34,3,82,127,125,57,107,130,1,119,11,12" hai3="73,114,116,56,95,96,83,22,106,135,49,26,33"/><U99/><E117/><V2/><F119/><W59/><G114/><T105/><D128/><U129/><E129/><V58/><F34/><W108/><G106/><T94/><D105/><U89/><E133/><V62/><F130/><W91/><G33/><T9/><D120/><U53/><E84/><V87/><F107/><W23/><G116/><T61/><D29/><U0/><E45/><V19/><F100/><W30/><G135/><T41/><D94/><U102/><E102/><V85/><F85/><W111/><G23/><T124/><D8/><U18/><E18/><V54/><REACH who="2" step="1"/><F58/><REACH who="2" ten="491,17,130,352" step="2"/><W123/><G59/><T51/><D86/><U75/><E110/><V55/><F55/><N who="1" m="21065" /><E0/><V121/><F121/><W16/><G123/><T64/><D115/><U70/><E70/><V14/><F14/><W118/><G118/><T66/><D112/><U50/><E36/><V93/><F93/><W79/><G56/><T109/><D109/><U76/><E76/><AGARI ba="0,1" hai="1,2,3,11,12,19,54,57,62,76,82,87,125,127" machi="76" ten="40,1300,0" yaku="1,1,53,0" doraHai="69" doraHaiUra="40" who="2" fromWho="1" sc="491,0,17,-13,130,23,352,0" /><INIT seed="2,0,0,3,2,72" ten="491,4,153,352" oya="2" hai0="74,70,55,44,126,127,105,8,120,78,66,64,71" hai1="35,80,79,86,16,69,93,119,122,23,92,100,84" hai2="6,113,91,14,67,22,104,90,103,121,45,101,108" hai3="40,15,31,134,2,63,96,28,54,60,107,27,94"/><V24/><F113/><W129/><G2/><T29/><D105/><U65/><E119/><V30/><F121/><W5/><G107/><T39/><D29/><U46/><E35/><V34/><F108/><W17/><G129/><T99/><D99/><U36/><E122/><V50/><F67/><N who="0" m="25642" /><D8/><U43/><E100/><N who="2" m="38475" /><F34/><W33/><G134/><T56/><D120/><U112/><E112/><V124/><F104/><W21/><G40/><N who="0" m="22559" /><D78/><U53/><E53/><N who="2" m="29903" /><F124/><N who="0" m="47658" /><D74/><U13/><E86/><V0/><F0/><W26/><G5/><T47/><D47/><U83/><E80/><V117/><F117/><W20/><G54/><T37/><D37/><U135/><E135/><V130/><F130/><W48/><G33/><T25/><D25/><U110/><E110/><V82/><F82/><W75/><G75/><T133/><D133/><U42/><E42/><V132/><F132/><W4/><G27/><T68/><D71/><U114/><E114/><V87/><F87/><W58/><G26/><T18/><D70/><U57/><E69/><V95/><F95/><W32/><G94/><T62/><D68/><U7/><E7/><V3/><F3/><W116/><G4/><T98/><D98/><U115/><E115/><V41/><F41/><W125/><G96/><T111/><D111/><U49/><E36/><V106/><F106/><W59/><G125/><T77/><D18/><U10/><E23/><V52/><F52/><W61/><G32/><T38/><D38/><U123/><E123/><V1/><F1/><W102/><G21/><T97/><D97/><U73/><E73/><V118/><F118/><RYUUKYOKU ba="0,0" sc="491,10,4,10,153,10,352,-30" hai0="55,56,62,77" hai1="10,13,16,43,46,49,57,65,79,83,84,92,93" hai2="6,14,22,24,30,90,91" /><INIT seed="2,1,0,5,0,1" ten="501,14,163,322" oya="2" hai0="66,125,34,106,30,37,35,61,20,75,56,24,63" hai1="101,78,13,2,96,33,132,114,16,80,123,50,86" hai2="126,10,77,72,79,112,45,39,67,29,43,104,91" hai3="14,98,134,47,100,42,117,38,73,120,60,119,70"/><V93/><F104/><W109/><G120/><T88/><D106/><U7/><E114/><V115/><F126/><W122/><G122/><T25/><D75/><U133/><E123/><V18/><F67/><N who="3" m="41319" /><G14/><T99/><D37/><U71/><E71/><V105/><F105/><N who="3" m="63639" /><G109/><T62/><D125/><U64/><E33/><V102/><F102/><W41/><G134/><N who="1" m="51818" /><E64/><V121/><F121/><W90/><G90/><T68/><D35/><U76/><E50/><V28/><F79/><W128/><G128/><T4/><D68/><U113/><E113/><V84/><F115/><W51/><G51/><T12/><D34/><U32/><E32/><V17/><F112/><W74/><G42/><T131/><D25/><U19/><E2/><V59/><F59/><W108/><G108/><T49/><D49/><U23/><E76/><V54/><F54/><W53/><G53/><T118/><D131/><U31/><E31/><V6/><F28/><W15/><G15/><T36/><D36/><U52/><E52/><V46/><F46/><W44/><G44/><T135/><D63/><U81/><E81/><N who="2" m="45223" /><F29/><W111/><G111/><T40/><D62/><U5/><E19/><V65/><F65/><W116/><AGARI ba="1,0" hai="38,41,47,73,74,116,117,119" m="63639,41319" machi="116" ten="30,1100,0" yaku="23,1" doraHai="1" who="3" fromWho="3" sc="501,-4,14,-4,163,-6,322,14" /><INIT seed="3,0,0,3,1,95" ten="497,10,157,336" oya="3" hai0="62,91,131,89,14,26,35,125,106,30,126,12,111" hai1="43,5,74,32,92,4,75,48,87,88,31,94,54" hai2="113,68,25,0,7,42,103,3,102,20,133,56,44" hai3="120,23,9,27,50,115,117,36,51,41,46,130,82"/><W98/><G115/><T64/><D106/><U73/><E43/><V84/><F68/><W121/><G117/><T13/><D111/><U93/><E32/><V86/><F133/><W132/><G132/><T101/><D101/><U52/><E31/><V6/><F56/><W83/><G130/><T96/><D131/><U28/><E28/><V118/><F44/><W8/><G36/><T11/><D11/><U49/><E87/><V80/><F20/><W47/><G121/><T29/><D96/><U33/><E88/><V38/><F38/><W100/><G120/><T45/><D45/><U60/><E33/><V40/><F25/><W104/><G82/><T134/><D30/><U119/><E119/><V39/><F39/><W110/><G83/><T79/><D79/><U16/><E16/><V59/><F59/><W85/><G85/><T34/><D34/><U129/><E129/><V76/><F80/><W122/><G110/><T90/><D134/><U57/><REACH who="1" step="1"/><E54/><REACH who="1" ten="497,0,157,336" step="2"/><V116/><F76/><W124/><G122/><T109/><REACH who="0" step="1"/><D109/><REACH who="0" ten="487,0,157,336" step="2"/><U21/><E21/><V53/><F53/><W17/><REACH who="3" step="1"/><G124/><REACH who="3" ten="487,0,157,326" step="2"/><T97/><D97/><U69/><E69/><AGARI ba="0,3" hai="12,13,14,26,29,35,62,64,69,89,90,91,125,126" machi="69" ten="40,2600,0" yaku="1,1,53,1" doraHai="95" doraHaiUra="65" who="0" fromWho="1" sc="487,56,0,-26,157,0,326,0" owari="543,64.3,-26,-52.6,157,-24.3,326,12.6" /></mjloggm>