<mjloggm ver="2.3"><GO type="225" lobby="0"/><UN n0="%E3%81%A1%E3%82%85%E3%81%86%E3%81%A9%E3%81%8F%E8%B1%A1%E3%81%95%E3%82%93" n1="%E4%B8%89%E5%86%A0%E7%8E%8B%E3%83%BB%E5%B1%B1%E7%94%B0%E5%93%B2%E4%BA%BA" n2="%43%68%65" n3="%E9%A2%A8%E3%81%A7%E9%B3%B4%E3%81%8F" dan="17,16,16,16" rate="2154.83,2169.27,2159.02,2125.49" sx="M,M,M,M"/><TAIKYOKU oya="0"/><INIT seed="0,0,0,2,0,2" ten="250,250,250,250" oya="0" hai0="110,65,75,113,108,93,106,76,90,15,79,45,47" hai1="123,61,16,5,98,4,124,86,40,51,38,126,107" hai2="57,135,117,120,131,99,55,133,97,19,0,121,77" hai3="101,24,22,82,94,20,12,89,68,41,132,21,103"/><T74/><D65/><U114/><E123/><V130/><F0/><W72/><G68/><T56/><D56/><U84/><E38/><V128/><F19/><W95/><G132/><N who="2" m="50761" /><F117/><W35/><G41/><T1/><D1/><U64/><E114/><V96/><F77/><N who="0" m="29770" /><D15/><U37/><E37/><V53/><F57/><W71/><G71/><T112/><D106/><U105/><E105/><V104/><F104/><W70/><G70/><T6/><D6/><N who="1" m="2667" /><E16/><V9/><F9/><W129/><G95/><T8/><D8/><U92/><E107/><V11/><F11/><W27/><G35/><T49/><D49/><U18/><E18/><V52/><AGARI ba="0,0" hai="52,53,55,96,97,99,120,121,128,130,131" m="50761" machi="52" ten="50,12000,2" yaku="29,2,28,2,19,1,20,1,54,1" doraHai="2" who="2" fromWho="2" sc="250,-60,250,-30,250,120,250,-30" /><INIT seed="1,0,0,5,1,90" ten="190,220,370,220" oya="1" hai0="17,121,44,134,52,14,81,45,128,131,48,100,135" hai1="31,15,112,57,102,6,43,35,105,115,99,25,12" hai2="97,41,21,83,109,74,67,29,0,47,73,50,61" hai3="82,70,85,129,75,106,3,59,111,5,58,37,84"/><U110/><E110/><V133/><F0/><W96/><G70/><T32/><D32/><U69/><E43/><V103/><F109/><W13/><G3/><T19/><D81/><U76/><E76/><V53/><F53/><W117/><G37/><T89/><D100/><U94/><E69/><V9/><F9/><W11/><G75/><T8/><D121/><U77/><E77/><V79/><F133/><N who="0" m="50698" /><D44/><U49/><E105/><V16/><F29/><W87/><G82/><T24/><D89/><U63/><E49/><V4/><F4/><W22/><G106/><T93/><D93/><U60/><E60/><V36/><F36/><W7/><G111/><T92/><D92/><U26/><E26/><V107/><F74/><W118/><G96/><T55/><D55/><U39/><E39/><V86/><F73/><W122/><G122/><T130/><D24/><U101/><E101/><V98/><F98/><W23/><G117/><T120/><D120/><U116/><E116/><V108/><F108/><W68/><G118/><T126/><D17/><U113/><REACH who="1" step="1"/><E6/><REACH who="1" ten="190,210,370,220" step="2"/><V64/><F61/><W132/><G5/><T65/><D65/><AGARI ba="0,1" hai="12,15,25,31,35,57,63,65,94,99,102,112,113,115" machi="65" ten="40,7700,0" yaku="1,1,2,1,52,1,53,0" doraHai="90" doraHaiUra="42" who="1" fromWho="0" sc="190,-77,210,87,370,0,220,0" /><INIT seed="1,1,0,2,3,26" ten="113,297,370,220" oya="1" hai0="19,133,4,62,127,77,16,54,103,109,104,122,96" hai1="52,123,51,132,93,67,115,22,46,44,31,24,18" hai2="98,116,60,117,66,106,76,2,80,53,72,118,11" hai3="85,110,134,39,83,82,111,119,1,97,7,42,49"/><U74/><E115/><V112/><F53/><W130/><G82/><T9/><D109/><U79/><E123/><V25/><F112/><W89/><G130/><T129/><D122/><U124/><E132/><V58/><F25/><W13/><G1/><T17/><D129/><U30/><E124/><V90/><F90/><W41/><G39/><T68/><D133/><U43/><E67/><V88/><F106/><W23/><G134/><T71/><D127/><U87/><E74/><V21/><F21/><W37/><G37/><T59/><REACH who="0" step="1"/><D77/><REACH who="0" ten="103,297,370,220" step="2"/><U48/><REACH who="1" step="1"/><E93/><REACH who="1" ten="103,287,370,220" step="2"/><V102/><F117/><W78/><G119/><T6/><D6/><U86/><E86/><V3/><F118/><W36/><G7/><T61/><D61/><U73/><E73/><V94/><F116/><W69/><G111/><T27/><D27/><U12/><E12/><AGARI ba="1,2" hai="4,9,12,16,17,19,54,59,62,68,71,96,103,104" machi="12" ten="40,2600,0" yaku="1,1,54,1,53,0" doraHai="26" doraHaiUra="114" who="0" fromWho="1" sc="103,49,287,-29,370,0,220,0" /><INIT seed="2,0,0,3,0,49" ten="152,258,370,220" oya="2" hai0="0,124,35,56,72,69,93,122,116,61,55,129,113" hai1="3,135,59,84,66,91,127,131,112,43,38,68,18" hai2="106,52,70,5,9,64,21,19,27,88,28,134,51" hai3="37,60,71,89,79,26,90,8,58,132,34,14,81"/><V40/><F134/><W50/><G37/><T54/><RYUUKYOKU type="yao9" ba="0,0" sc="152,0,258,0,370,0,220,0" hai0="0,35,54,55,56,61,69,72,93,113,116,122,124,129" /><INIT seed="2,1,0,1,3,5" ten="152,258,370,220" oya="2" hai0="102,49,24,98,85,93,114,12,11,107,72,104,56" hai1="27,52,4,88,79,8,135,6,14,103,30,58,63" hai2="74,28,51,13,117,0,109,76,54,84,59,25,53" hai3="89,134,68,120,73,37,55,48,31,18,122,119,77"/><V10/><F117/><W126/><G68/><T70/><D114/><U125/><E135/><V95/><F0/><W23/><G37/><T129/><D129/><U34/><E125/><V33/><F109/><W96/><G31/><T100/><D70/><U91/><E79/><V111/><F111/><W64/><G64/><T9/><D72/><U131/><E131/><V92/><F74/><W1/><G1/><T21/><D12/><U17/><REACH who="1" step="1"/><E103/><REACH who="1" ten="152,248,370,220" step="2"/><V39/><F76/><W67/><G77/><T50/><D104/><U35/><E35/><V86/><F39/><W99/><G134/><T46/><D102/><U66/><E66/><V41/><F41/><W101/><G67/><T44/><D107/><U78/><E78/><V83/><F54/><W121/><G55/><N who="0" m="31855" /><D85/><U94/><E94/><V97/><F95/><W20/><G101/><T3/><D3/><U108/><E108/><V75/><F75/><W110/><G110/><T36/><D36/><U113/><E113/><V15/><F83/><W47/><G73/><T40/><D46/><U7/><AGARI ba="1,1" hai="4,6,7,8,14,17,27,30,34,52,58,63,88,91" machi="7" ten="30,8000,1" yaku="1,1,0,1,52,1,54,2,53,0" doraHai="5" doraHaiUra="65" who="1" fromWho="1" sc="152,-21,248,93,370,-41,220,-21" /><INIT seed="3,0,0,1,3,93" ten="131,341,329,199" oya="3" hai0="60,22,101,59,104,38,121,124,51,13,47,18,16" hai1="103,110,81,107,80,20,28,115,105,62,129,44,72" hai2="58,5,65,30,112,0,31,69,26,134,42,122,35" hai3="111,39,106,15,84,56,32,25,102,127,83,6,12"/><W61/><G39/><T125/><D121/><U90/><E115/><V92/><F112/><W126/><G6/><T114/><D114/><U48/><E110/><V43/><F69/><W109/><G25/><T1/><D1/><U45/><E72/><V21/><F122/><W52/><G32/><T11/><D38/><U8/><E107/><V46/><F134/><W19/><G102/><T53/><D104/><U135/><E105/><V17/><F92/><W36/><G36/><T50/><D101/><U116/><E103/><V108/><F108/><N who="3" m="41547" /><G106/><T33/><D33/><U4/><E135/><V96/><F31/><W76/><G19/><T29/><D29/><U117/><E28/><V41/><F5/><W9/><G9/><T94/><D94/><U77/><E20/><V89/><F0/><W128/><G128/><T55/><D124/><AGARI ba="0,0" hai="12,15,52,56,61,76,83,84,124,126,127" m="41547" machi="124" ten="30,11600,0" yaku="18,1,14,1,10,1,54,1" doraHai="93" who="3" fromWho="0" sc="131,-116,341,0,329,0,199,116" /><INIT seed="3,1,0,5,3,128" ten="15,341,329,315" oya="3" hai0="24,29,57,78,103,35,133,81,129,12,66,61,18" hai1="21,38,16,115,28,30,36,32,56,54,59,62,120" hai2="101,112,91,70,76,7,83,94,117,48,111,130,31" hai3="135,125,37,43,121,5,80,82,65,52,11,71,25"/><W132/><G121/><T124/><D129/><U20/><E115/><V22/><F130/><W19/><G125/><T119/><D124/><U105/><E105/><V77/><F112/><W23/><G52/><T8/><D119/><U45/><E32/><V4/><F117/><W108/><G108/><T84/><D103/><U27/><E120/><V131/><F70/><W64/><G43/><T107/><D107/><U67/><E45/><V109/><F131/><W39/><G82/><T68/><D57/><U86/><E86/><N who="2" m="50655" /><F48/><W33/><G33/><T106/><D106/><U46/><E46/><V9/><F111/><W6/><G80/><T96/><D96/><U75/><E75/><V41/><F41/><W10/><G71/><T50/><D50/><U34/><E34/><V126/><F126/><W110/><G110/><T90/><D90/><U118/><E118/><V122/><F122/><W85/><G85/><T127/><D127/><U95/><E95/><V100/><F109/><W14/><G64/><T102/><D102/><N who="2" m="39530" /><F94/><W69/><G65/><T88/><D78/><N who="2" m="30314" /><F9/><W87/><G87/><T13/><D13/><N who="1" m="9231" /><E38/><V49/><F49/><W53/><G53/><T97/><D97/><U17/><E36/><N who="3" m="13898" /><G69/><T15/><D15/><U89/><E89/><V47/><F47/><W55/><G55/><T63/><D63/><AGARI ba="1,0" hai="17,21,27,28,30,54,56,59,62,63,67" m="9231" machi="63" ten="30,2000,0" yaku="8,1,54,1" doraHai="128" who="1" fromWho="0" sc="15,-23,341,23,329,0,315,0" owari="-8,-50.8,364,46.4,329,12.9,315,-8.5" /></mjloggm>