<mjloggm ver="2.3"><GO type="225" lobby="0"/><UN n0="%E3%82%B2%E3%82%B9%E8%8C%82%E5%8B%9D" n1="%E3%81%82%E3%80%81%E8%B2%A0%E3%81%91%E3%81%BE%E3%81%97%E3%81%9F" n2="%E3%83%AB%E3%83%9B%E3%83%B3%E3%83%87%E3%82%A3%E3%82%A8" n3="%E3%83%97%E3%83%AC%E3%83%B4%E3%82%A1%E3%83%86%E3%82%A3" dan="16,16,17,16" rate="2112.24,2119.90,2194.98,2072.20" sx="F,M,M,F"/><TAIKYOKU oya="0"/><INIT seed="0,0,0,4,0,40" ten="250,250,250,250" oya="0" hai0="120,105,20,57,104,112,84,125,21,56,13,76,107" hai1="126,90,109,12,66,59,14,50,83,92,26,85,130" hai2="33,134,0,17,80,75,113,51,47,91,102,27,69" hai3="64,16,133,128,88,68,70,55,32,67,4,111,95"/><T123/><D112/><U78/><E109/><V41/><F69/><W62/><G111/><T74/><D74/><U93/><E126/><V34/><F0/><W86/><G32/><T48/><D125/><U118/><E130/><V122/><F122/><W72/><G72/><T103/><D103/><U53/><E118/><V106/><F113/><W28/><G28/><T43/><D84/><U61/><E26/><V81/><F134/><W23/><G133/><T100/><D100/><U22/><E93/><V115/><F115/><W11/><G128/><T24/><D76/><U99/><REACH who="1" step="1"/><E22/><REACH who="1" ten="250,240,250,250" step="2"/><V108/><F108/><W82/><G95/><T5/><D120/><U89/><E89/><V87/><F27/><N who="3" m="14823" /><G70/><AGARI ba="0,1" hai="12,14,50,53,59,61,66,70,78,83,85,90,92,99" machi="70" ten="30,2000,0" yaku="1,1,7,1,53,0" doraHai="40" doraHaiUra="96" who="1" fromWho="3" sc="250,0,240,30,250,0,250,-20" /><INIT seed="1,0,0,4,0,51" ten="250,270,250,230" oya="1" hai0="35,118,122,87,10,50,55,80,44,17,15,7,46" hai1="86,53,45,107,62,96,16,43,79,115,26,92,99" hai2="84,20,12,21,130,113,127,24,34,39,4,66,124" hai3="132,13,116,103,117,68,129,6,109,128,97,0,67"/><U104/><E115/><V77/><F39/><W23/><G68/><T78/><D118/><N who="3" m="45673" /><G67/><T70/><D122/><U22/><E107/><V30/><F66/><W27/><G97/><T81/><D70/><U61/><E104/><V75/><F84/><W1/><G103/><T14/><D35/><U63/><E43/><V3/><F77/><W36/><G36/><T60/><D80/><N who="1" m="47391" /><E92/><V38/><F75/><W2/><G109/><T11/><REACH who="0" step="1"/><D60/><REACH who="0" ten="240,270,250,230" step="2"/><U100/><E100/><V119/><F34/><W71/><G71/><T98/><D98/><U42/><E42/><V49/><F119/><W134/><G13/><T32/><D32/><U85/><E85/><V65/><F12/><W40/><G40/><T125/><D125/><U91/><E91/><V41/><F124/><W102/><G102/><T83/><D83/><U72/><E72/><V29/><F127/><W37/><G37/><T28/><D28/><U111/><E111/><V101/><F29/><N who="3" m="17663" /><G6/><T59/><AGARI ba="0,1" hai="7,10,11,14,15,17,44,46,50,55,59,78,81,87" machi="59" ten="20,12000,2" yaku="1,1,0,1,7,1,8,1,52,1,53,2" doraHai="51" doraHaiUra="9" who="0" fromWho="0" sc="240,130,270,-60,250,-30,230,-30" /><INIT seed="2,0,0,0,1,40" ten="370,210,220,200" oya="2" hai0="85,95,131,88,74,75,18,52,17,127,1,47,78" hai1="57,7,48,39,73,45,106,84,10,67,130,22,108" hai2="27,42,61,104,122,83,107,24,98,135,64,19,114" hai3="81,56,109,80,44,46,12,112,63,29,26,121,94"/><V125/><F114/><W32/><G121/><T34/><D127/><U103/><E73/><V72/><F122/><W21/><G112/><T58/><D131/><U20/><E108/><V13/><F135/><W5/><G109/><T0/><D34/><U76/><E39/><V77/><F125/><W69/><G69/><T105/><D105/><U55/><E106/><V53/><F53/><W16/><G94/><T132/><D132/><U118/><E103/><V31/><F42/><W38/><G38/><T30/><D30/><U9/><E118/><V54/><F54/><W65/><G5/><T89/><D89/><U71/><E71/><V60/><F60/><W133/><G133/><T35/><D35/><U92/><E130/><V79/><F79/><W66/><G65/><T59/><D0/><U97/><E9/><V33/><F24/><W120/><G120/><T28/><D28/><U113/><E113/><V86/><F98/><W134/><G134/><T4/><D1/><U123/><E123/><V11/><REACH who="2" step="1"/><F72/><REACH who="2" ten="370,210,210,200" step="2"/><W36/><G36/><T51/><D74/><U90/><E76/><V50/><F50/><W41/><G41/><T49/><D78/><U93/><E67/><V43/><F43/><W129/><REACH who="3" step="1"/><G129/><REACH who="3" ten="370,210,210,190" step="2"/><T116/><D116/><U6/><E97/><V100/><F100/><W3/><G3/><T8/><D75/><U37/><E37/><V102/><F102/><W119/><G119/><T91/><D52/><U14/><E55/><V82/><F82/><AGARI ba="0,2" hai="12,16,21,26,29,32,44,46,56,63,66,80,81,82" machi="82" ten="40,8000,1" yaku="1,1,52,2,54,1,53,0" doraHai="40" doraHaiUra="128" who="3" fromWho="2" sc="370,0,210,0,210,-80,190,100" /><INIT seed="3,0,0,1,3,8" ten="370,210,130,290" oya="3" hai0="72,70,22,57,62,73,60,130,17,47,41,133,28" hai1="52,99,49,27,9,29,48,123,87,0,38,2,66" hai2="129,3,76,106,111,43,31,104,45,12,19,84,25" hai3="36,128,64,11,92,98,79,69,46,13,7,109,68"/><W85/><G128/><T112/><D130/><U107/><E123/><V67/><F3/><W116/><G116/><T127/><D127/><U30/><E38/><V101/><F111/><W10/><G109/><T54/><D133/><U122/><E122/><V88/><F129/><W118/><G118/><T56/><D112/><U5/><E49/><V75/><F67/><W33/><G33/><T40/><D28/><U4/><E87/><V135/><F135/><W14/><G64/><T35/><D35/><U53/><E66/><V42/><F75/><W44/><G36/><T102/><D70/><U125/><E125/><V6/><F76/><W124/><G124/><T21/><D102/><U113/><E113/><V16/><F6/><N who="3" m="3287" /><G69/><T96/><D96/><U86/><E86/><V126/><F126/><W15/><G15/><T18/><D47/><N who="3" m="17961" /><G68/><T114/><D114/><U20/><E0/><V37/><F43/><W51/><G51/><T63/><D63/><U93/><E48/><V59/><F59/><W50/><G50/><T65/><D65/><U1/><E107/><V134/><F134/><W74/><G74/><T119/><D119/><U82/><E2/><V23/><F12/><W58/><G58/><T108/><D108/><U89/><E4/><V132/><F132/><W81/><G98/><T83/><D54/><U32/><E32/><V95/><F106/><W131/><G131/><T39/><D39/><U103/><E29/><V80/><F104/><W55/><G55/><T120/><D120/><U77/><E53/><V91/><F101/><W117/><G117/><T97/><D97/><AGARI ba="0,0" hai="16,19,23,25,31,37,42,45,80,84,88,91,95,97" machi="97" ten="30,7700,0" yaku="6,1,7,1,54,2" doraHai="8" who="2" fromWho="0" sc="370,-77,210,0,130,77,290,0" /><INIT seed="4,0,0,5,0,66" ten="293,210,207,290" oya="0" hai0="97,4,82,11,135,84,76,115,120,87,0,95,104" hai1="60,18,92,27,98,2,19,14,1,131,78,46,39" hai2="122,10,62,105,71,6,48,113,54,23,126,24,31" hai3="129,13,103,49,107,56,108,112,74,93,73,109,132"/><T123/><D135/><U70/><E131/><V21/><F122/><W88/><G132/><T37/><D37/><U35/><E78/><V32/><F113/><W90/><G129/><T114/><D87/><U52/><E35/><V34/><F126/><W128/><G128/><T75/><D84/><U16/><E27/><V68/><F105/><W91/><G112/><N who="0" m="43051" /><D104/><U17/><E39/><V55/><F62/><W118/><G118/><T28/><D28/><U22/><E46/><V53/><F48/><W80/><G13/><T110/><D110/><N who="3" m="42601" /><G49/><T7/><D7/><U94/><E94/><V124/><F124/><W100/><G56/><T61/><D61/><U9/><E9/><V111/><F111/><W59/><G59/><T63/><D63/><U121/><E121/><V43/><F43/><W127/><G127/><T67/><D67/><U58/><REACH who="1" step="1"/><E70/><REACH who="1" ten="293,200,207,290" step="2"/><V41/><F41/><W85/><G107/><T130/><D130/><U3/><E3/><V64/><F64/><W20/><G20/><T8/><D11/><U65/><E65/><V38/><F38/><W99/><G103/><AGARI ba="0,1" hai="0,4,8,75,76,82,95,97,103,120,123" m="43051" machi="103" ten="30,1500,0" yaku="15,1" doraHai="66" who="0" fromWho="3" sc="293,25,200,0,207,0,290,-15" /><AGARI ba="0,0" hai="1,2,14,16,17,18,19,22,52,58,60,92,98,103" machi="103" ten="40,5200,0" yaku="1,1,54,2,53,0" doraHai="66" doraHaiUra="47" who="1" fromWho="3" sc="318,0,200,52,207,0,275,-52" owari="318,41.8,252,5.2,207,-29.3,223,-17.7" /></mjloggm>