<mjloggm ver="2.3"><GO type="225" lobby="0"/><UN n0="%72%69%6F%75%63%68%61%6E" n1="%77%72%77%72%77%72%77%72" n2="%E3%81%BF%E3%81%BF%E3%81%9A" n3="%E3%81%B2%E3%81%AA%E3%81%AE%E3%82%8A%E3%81%8F" dan="16,16,16,17" rate="2093.61,2179.76,2178.17,2211.32" sx="M,M,M,M"/><TAIKYOKU oya="0"/><INIT seed="0,0,0,2,3,28" ten="250,250,250,250" oya="0" hai0="70,15,59,18,64,71,54,19,25,34,33,133,75" hai1="91,36,103,126,116,0,50,111,57,37,4,108,114" hai2="124,117,7,62,3,60,128,135,45,58,79,84,51" hai3="113,73,65,87,69,49,110,98,90,96,40,27,127"/><T112/><D112/><U67/><E116/><V16/><F117/><W131/><G113/><T77/><D133/><U55/><E114/><V132/><F128/><W106/><G131/><T130/><D130/><U115/><E115/><V46/><F124/><W93/><G73/><T22/><D64/><U43/><E126/><V48/><F3/><W6/><G127/><T29/><D33/><U121/><E121/><V104/><F104/><W122/><G110/><N who="1" m="42026" /><E103/><V26/><F7/><W53/><G40/><T2/><D2/><U118/><E118/><V89/><F79/><W8/><G106/><T125/><D125/><U88/><E67/><V20/><F135/><W80/><G122/><T76/><D19/><U13/><E0/><V101/><F101/><W85/><G85/><T72/><D72/><U63/><E63/><V35/><F35/><W100/><G96/><T105/><D105/><U44/><E37/><V14/><F26/><W21/><G65/><T17/><D17/><U78/><E78/><V82/><F58/><W107/><G69/><T38/><D38/><U42/><E42/><N who="2" m="24631" /><F132/><W134/><G134/><T86/><D75/><U30/><E30/><V95/><F82/><W12/><G107/><T109/><D109/><U74/><E74/><V120/><F120/><W66/><G66/><T119/><D119/><U1/><E1/><V94/><F95/><W83/><G83/><N who="0" m="47463" /><D77/><U97/><E97/><V52/><AGARI ba="0,0" hai="14,16,20,46,51,52,60,62,84,89,94" m="24631" machi="52" ten="30,4000,0" yaku="8,1,54,2" doraHai="28" who="2" fromWho="2" sc="250,-20,250,-10,250,40,250,-10" /><INIT seed="1,0,0,3,3,66" ten="230,240,290,240" oya="1" hai0="31,9,108,82,60,65,56,3,78,40,8,129,118" hai1="23,5,120,10,103,39,116,45,109,67,110,64,42" hai2="18,12,58,80,91,101,37,62,38,89,104,84,92" hai3="49,105,97,50,7,13,36,4,57,19,72,106,41"/><U85/><E116/><V124/><F124/><W61/><G72/><T47/><D108/><N who="1" m="41579" /><E120/><V21/><F104/><W86/><G36/><T128/><D118/><U87/><E103/><V74/><F101/><W127/><G127/><T102/><D102/><U59/><E23/><V27/><F74/><W130/><G97/><T0/><D31/><U1/><E59/><V96/><REACH who="2" step="1"/><F12/><REACH who="2" ten="230,240,280,240" step="2"/><W94/><G106/><T95/><D0/><U73/><E73/><V93/><F93/><W32/><G13/><T15/><D95/><U119/><E119/><V43/><F43/><W2/><G94/><T54/><D3/><U28/><E28/><V114/><F114/><W6/><G41/><T69/><D15/><U121/><E121/><V76/><F76/><W20/><G2/><T115/><D115/><U44/><E87/><V14/><F14/><W25/><G86/><N who="0" m="48471" /><D129/><U77/><E85/><V90/><F90/><W107/><G130/><T123/><D128/><U111/><E77/><V134/><F134/><W48/><REACH who="3" step="1"/><G32/><REACH who="3" ten="230,240,280,230" step="2"/><T100/><D123/><U26/><E111/><V35/><F35/><W88/><G88/><T79/><D100/><U24/><E42/><V131/><F131/><W11/><G11/><T125/><D125/><U55/><E10/><V34/><F34/><W16/><G16/><T46/><D79/><U22/><E1/><V132/><F132/><W99/><G99/><T29/><D40/><U52/><E39/><V51/><F51/><W63/><G63/><N who="0" m="40127" /><D29/><U17/><E17/><V122/><F122/><W75/><G75/><T33/><D33/><U68/><E5/><RYUUKYOKU ba="0,2" sc="230,10,240,-30,280,10,230,10" hai0="8,9,46,47,54,56,60" hai2="18,21,27,37,38,58,62,80,84,89,91,92,96" hai3="4,6,7,19,20,25,48,49,50,57,61,105,107" /><INIT seed="2,1,2,3,5,2" ten="240,210,290,240" oya="2" hai0="96,103,87,99,55,67,30,74,129,45,111,91,76" hai1="81,48,43,128,93,21,33,130,61,5,77,133,16" hai2="89,70,116,72,117,42,109,41,90,44,101,28,124" hai3="14,53,102,97,62,12,66,71,123,68,104,7,63"/><V29/><F72/><W73/><G73/><T25/><D111/><U32/><E93/><V52/><F70/><W1/><G123/><T59/><D129/><N who="1" m="49771" /><E133/><V127/><F101/><W3/><G3/><T112/><D112/><U107/><E107/><V6/><F109/><W15/><G1/><T95/><D67/><U57/><E48/><V17/><F17/><W82/><G82/><T135/><D135/><U80/><E43/><V34/><F34/><N who="1" m="13417" /><E77/><V79/><F79/><W126/><G126/><T119/><D119/><U19/><E5/><V122/><F122/><W22/><G22/><N who="0" m="15671" /><D74/><U106/><E106/><V100/><F100/><W11/><G53/><T92/><D45/><U88/><E88/><V120/><F120/><W56/><G56/><T26/><D76/><U13/><E19/><V54/><F44/><W60/><G60/><N who="0" m="35967" /><D96/><U69/><E69/><V83/><F83/><W121/><G121/><T113/><D113/><U38/><E38/><V58/><F58/><W132/><G132/><T39/><D39/><U114/><E114/><V85/><F85/><W24/><G24/><AGARI ba="1,2" hai="24,26,87,91,92,95,99,103" m="35967,15671" machi="24" ten="30,1000,0" yaku="8,1" doraHai="2" who="0" fromWho="3" sc="240,33,210,0,290,0,240,-13" /><INIT seed="3,0,0,3,0,52" ten="273,210,290,227" oya="3" hai0="81,3,80,128,75,105,135,99,32,38,96,90,45" hai1="62,39,10,48,122,93,117,132,121,18,92,109,88" hai2="49,0,24,12,112,44,29,86,73,19,98,41,1" hai3="13,23,4,2,8,116,65,106,129,67,134,14,28"/><W87/><G106/><T35/><D3/><U91/><E39/><V74/><F112/><W43/><G116/><T125/><D125/><U97/><E117/><V37/><F86/><W5/><G134/><T53/><D128/><U103/><E132/><V110/><F110/><W21/><G129/><T60/><D135/><U78/><E109/><V50/><F98/><W16/><G43/><T15/><D75/><U57/><E48/><V111/><F111/><W108/><G108/><T25/><D32/><U83/><E18/><V42/><F74/><W59/><G2/><T22/><D35/><U102/><E10/><V47/><F73/><W77/><G28/><T107/><D15/><U63/><E83/><V104/><F104/><W64/><G23/><T69/><D107/><U133/><E133/><V30/><F37/><W26/><G4/><T54/><D105/><U123/><E78/><V84/><F84/><W89/><G77/><T127/><D127/><U6/><E6/><V113/><F113/><W20/><G20/><T27/><D22/><U95/><E63/><V118/><F118/><W79/><G79/><T100/><D60/><U40/><E40/><V36/><F36/><W51/><G51/><T7/><D38/><U126/><E126/><V58/><F58/><W61/><G26/><T56/><D25/><U82/><E82/><AGARI ba="0,0" hai="5,8,13,14,16,21,59,61,64,65,67,82,87,89" machi="82" ten="30,11600,0" yaku="7,1,8,1,52,1,54,1" doraHai="52" who="3" fromWho="1" sc="273,0,210,-116,290,0,227,116" owari="273,-12.7,94,-40.6,290,9.0,343,44.3" /></mjloggm>