<mjloggm ver="2.3"><GO type="225" lobby="0"/><UN n0="%E3%81%86%E3%82%8C%E3%81%9F%E3%82%93%E6%9E%95" n1="%E3%81%AA%E3%81%A1%30%39%32%37" n2="%E5%B8%86%E7%AB%8B%E5%A4%8F%E8%A1%A3" n3="%E3%81%A8%E3%82%93%E3%81%A8%E3%81%93%E3%81%A8%E3%82%93" dan="16,16,16,16" rate="2108.78,2124.20,2140.49,2084.59" sx="F,M,M,M"/><TAIKYOKU oya="0"/><INIT seed="0,0,0,2,0,98" ten="250,250,250,250" oya="0" hai0="74,134,128,26,36,61,49,105,117,21,133,116,63" hai1="14,25,0,39,54,62,79,77,120,35,45,8,20" hai2="17,16,10,119,44,52,15,67,109,33,88,32,7" hai3="115,23,76,112,93,46,121,38,113,68,66,107,12"/><T90/><D105/><U108/><E108/><V70/><F109/><W129/><G107/><T4/><D36/><U111/><E111/><V27/><F119/><W130/><G76/><T72/><D128/><U84/><E120/><V19/><F70/><W102/><G121/><T55/><D4/><U87/><E35/><V80/><F67/><W78/><G78/><N who="1" m="29706" /><E39/><V118/><F118/><N who="0" m="45674" /><D90/><U42/><E42/><V92/><F80/><W85/><G68/><T13/><D13/><U2/><E2/><V30/><F33/><W24/><G12/><T73/><D21/><U53/><E0/><V29/><F27/><W126/><G129/><T95/><D95/><U64/><E64/><V41/><F32/><W122/><G130/><T127/><D26/><U47/><E20/><V58/><F44/><N who="1" m="16969" /><E25/><V28/><F41/><N who="3" m="22839" /><G122/><T57/><D127/><U89/><E62/><N who="2" m="36167" /><F30/><N who="3" m="17695" /><G126/><T37/><D37/><U123/><E14/><V99/><AGARI ba="0,0" hai="7,10,15,16,17,19,28,29,88,92,99" m="36167" machi="99" ten="30,7900,0" yaku="8,1,54,3" doraHai="98" who="2" fromWho="2" sc="250,-39,250,-20,250,79,250,-20" /><INIT seed="1,0,0,3,1,8" ten="211,230,329,230" oya="1" hai0="46,129,5,56,71,66,26,44,122,91,79,38,115" hai1="19,34,42,17,102,109,131,37,33,40,3,104,78" hai2="128,123,53,96,116,108,31,124,15,89,35,16,18" hai3="43,120,117,113,121,86,103,74,100,23,12,63,81"/><U50/><E131/><V119/><F123/><W114/><G43/><T110/><D115/><U57/><E37/><V41/><F41/><W92/><G63/><T106/><D110/><U45/><E3/><V30/><F108/><W125/><G23/><T69/><D129/><U32/><E109/><V84/><F128/><W97/><G12/><T135/><D135/><U51/><E78/><V77/><F124/><W4/><G4/><T127/><D122/><N who="3" m="47209" /><G125/><T22/><D5/><U59/><E102/><N who="3" m="38954" /><G74/><T13/><D71/><U64/><E104/><V68/><F15/><W65/><G65/><T99/><D69/><U61/><REACH who="1" step="1"/><E57/><REACH who="1" ten="211,220,329,230" step="2"/><V6/><F68/><W58/><G58/><T10/><D106/><U93/><E93/><V133/><F133/><W118/><G114/><T80/><D127/><U83/><E83/><V36/><F36/><W70/><G70/><T94/><D38/><U24/><E24/><V132/><F132/><W75/><G113/><T27/><D27/><U28/><E28/><V54/><F31/><W62/><G75/><T49/><D80/><U20/><E20/><V105/><F30/><W82/><G81/><T76/><D26/><U7/><E7/><V60/><F6/><W112/><G112/><T55/><D22/><U72/><E72/><V111/><F111/><W47/><G82/><T1/><D1/><U39/><E39/><V52/><F77/><N who="0" m="29770" /><D66/><U29/><E29/><V90/><F105/><W0/><G0/><T48/><D56/><U88/><E88/><V87/><F90/><W101/><G92/><T25/><D25/><U11/><E11/><RYUUKYOKU ba="0,1" sc="211,-10,220,30,329,-10,230,-10" hai1="17,19,32,33,34,40,42,45,50,51,59,61,64" /><INIT seed="1,1,1,5,2,27" ten="201,250,319,220" oya="1" hai0="102,125,77,85,99,11,55,60,79,108,54,63,24" hai1="130,40,51,34,92,59,110,119,47,29,121,13,132" hai2="41,37,84,111,101,127,9,49,21,118,88,56,33" hai3="95,107,100,18,115,8,73,39,96,134,109,28,112"/><U26/><E119/><V82/><F33/><W44/><G73/><T12/><D108/><U126/><E121/><V124/><F111/><W48/><G109/><T25/><D125/><N who="2" m="48202" /><F118/><W50/><G134/><T133/><D133/><U69/><E69/><V10/><F101/><W20/><G39/><T62/><D25/><U78/><E126/><V90/><F21/><W38/><G38/><T128/><D24/><U16/><E110/><V76/><F37/><W19/><G107/><T42/><D42/><U57/><E132/><V3/><F56/><W5/><G112/><T104/><D128/><U35/><E130/><V68/><F68/><W64/><G115/><T17/><REACH who="0" step="1"/><D85/><REACH who="0" ten="191,250,319,220" step="2"/><U98/><E34/><V116/><F116/><W123/><G123/><T43/><D43/><U7/><E26/><V72/><F84/><W66/><G28/><T75/><D75/><U83/><E29/><V105/><F72/><W97/><G96/><T2/><D2/><U113/><E35/><V117/><F3/><W15/><G97/><T22/><D22/><U36/><E113/><V30/><F30/><W86/><G20/><T106/><D106/><U67/><E40/><V80/><F105/><W46/><G86/><T1/><D1/><U4/><E98/><V52/><F41/><N who="3" m="24591" /><G66/><T6/><D6/><U114/><E7/><V103/><F117/><W120/><G64/><T129/><D129/><U0/><E67/><V32/><F32/><W70/><G120/><T74/><D74/><U61/><E0/><V31/><F31/><W135/><G135/><T89/><D89/><U45/><E114/><RYUUKYOKU ba="1,2" sc="191,30,250,-10,319,-10,220,-10" hai0="11,12,17,54,55,60,62,63,77,79,99,102,104" /><INIT seed="2,2,2,4,5,90" ten="221,240,309,210" oya="2" hai0="55,52,48,39,21,79,121,25,4,57,104,5,42" hai1="47,107,89,98,80,30,36,97,135,96,112,28,75" hai2="76,35,32,65,128,102,22,58,117,23,50,87,77" hai3="91,64,123,2,124,68,46,125,41,38,24,70,16"/><V15/><F117/><W33/><G123/><T111/><D121/><U114/><E107/><V54/><F128/><W69/><G2/><T44/><D111/><U17/><E135/><V71/><F71/><W67/><G91/><T95/><D104/><U99/><E36/><V59/><F35/><W85/><G85/><T120/><D120/><U6/><E6/><V132/><F32/><W88/><G88/><T93/><D79/><N who="2" m="30282" /><F132/><W133/><G133/><T3/><D3/><U118/><E75/><V131/><F131/><W127/><REACH who="3" step="1"/><G16/><REACH who="3" ten="221,240,309,200" step="2"/><N who="0" m="12455" /><D39/><U61/><E17/><V66/><F87/><W122/><G122/><T81/><D81/><U49/><E80/><V11/><F102/><W130/><G130/><T56/><D4/><U106/><E89/><V129/><F129/><W53/><G53/><N who="0" m="20555" /><D5/><U78/><E78/><V73/><F73/><W105/><G105/><T100/><D100/><U109/><E106/><V10/><F54/><W8/><G8/><T74/><D74/><U94/><E94/><AGARI ba="2,3" hai="42,44,48,56,57,93,94,95" m="20555,12455" machi="94" ten="30,12000,2" yaku="8,1,52,3,54,2" doraHai="90" who="0" fromWho="1" sc="221,156,240,-126,309,0,200,0" /><INIT seed="3,0,0,4,1,114" ten="377,114,309,200" oya="3" hai0="52,93,69,102,112,131,125,94,61,111,71,92,83" hai1="56,50,55,3,39,95,35,10,88,134,130,27,100" hai2="113,70,43,18,90,29,119,120,97,4,128,47,17" hai3="87,34,9,66,109,23,73,45,1,60,62,85,8"/><W132/><G34/><T126/><D111/><U133/><E39/><V37/><F113/><W31/><G73/><T86/><D112/><U14/><E130/><V25/><F128/><W53/><G132/><T74/><D131/><U101/><E3/><V13/><F70/><W104/><G104/><T20/><D74/><U54/><E35/><V77/><F77/><W2/><G109/><T127/><D20/><U118/><E133/><V103/><F90/><W64/><G23/><T28/><D28/><U30/><E134/><V121/><F4/><W57/><G31/><T42/><D42/><U106/><E106/><N who="2" m="63855" /><F13/><W6/><G45/><T67/><D102/><U129/><E129/><V40/><F40/><W89/><G53/><T78/><D52/><U22/><E55/><V32/><F18/><W124/><G89/><T11/><D11/><U33/><E33/><V58/><F58/><AGARI ba="0,0" hai="58,61,67,69,71,78,83,86,92,93,94,125,126,127" machi="58" ten="50,1600,0" yaku="18,1" doraHai="114" who="0" fromWho="2" sc="377,16,114,0,309,-16,200,0" owari="393,49.3,114,-38.6,293,9.3,200,-20.0" /></mjloggm>