<mjloggm ver="2.3"><GO type="225" lobby="0"/><UN n0="%72%69%6F%75%63%68%61%6E" n1="%E9%80%86%E9%80%A3%E5%B8%AF%E3%81%AE%E9%AC%BC" n2="%E3%81%9F%E3%81%93%E2%98%86%E7%84%BC%E3%81%8D" n3="%E3%81%8B%E3%82%8F%E3%81%A1%E3%82%83%E3%82%93%35%38" dan="16,16,16,16" rate="2193.09,2151.79,2095.17,2136.65" sx="M,M,M,M"/><TAIKYOKU oya="0"/><INIT seed="0,0,0,0,0,70" ten="250,250,250,250" oya="0" hai0="17,79,2,0,91,61,60,38,53,48,82,52,51" hai1="125,68,4,113,103,95,16,1,28,135,128,5,25" hai2="106,116,57,109,39,31,24,33,85,115,110,13,11" hai3="26,10,7,49,93,18,120,41,107,19,105,69,23"/><T71/><D71/><U76/><E113/><V6/><F106/><W67/><G69/><T3/><D38/><U89/><E135/><V8/><F39/><W62/><G41/><T72/><D17/><U20/><E128/><V123/><F85/><W42/><G42/><T88/><D51/><U96/><E125/><V108/><F57/><W37/><G49/><T84/><D53/><U78/><E68/><V87/><F87/><W112/><G112/><T124/><D124/><U29/><E1/><V102/><F102/><W9/><G93/><T55/><D55/><U97/><E29/><V27/><F115/><W75/><G75/><T50/><D50/><U36/><E36/><V119/><F123/><W114/><G37/><T127/><D127/><U131/><E131/><V129/><F129/><W83/><G83/><T111/><D111/><U133/><E133/><V15/><F24/><W30/><G114/><T86/><D72/><U32/><E78/><V34/><F34/><N who="3" m="20823" /><G10/><T90/><REACH who="0" step="1"/><D84/><REACH who="0" ten="240,250,250,250" step="2"/><U40/><E40/><V77/><F77/><W104/><G19/><AGARI ba="0,1" hai="6,8,11,13,15,19,27,31,33,108,109,110,116,119" machi="19" ten="40,8000,1" yaku="14,1,34,3" doraHai="70" who="2" fromWho="3" sc="240,0,250,0,250,90,250,-80" /><INIT seed="1,0,0,2,0,115" ten="240,250,340,170" oya="1" hai0="82,90,24,35,22,48,74,14,8,110,116,128,65" hai1="55,106,77,19,88,3,111,28,21,135,92,113,60" hai2="38,121,84,67,66,119,64,87,45,13,93,101,70" hai3="25,78,72,37,118,68,61,56,62,2,105,12,44"/><U132/><E113/><V29/><F119/><W125/><G2/><T36/><D116/><U1/><E106/><V127/><F127/><W91/><G105/><T49/><D36/><U75/><E28/><V97/><F29/><W52/><G125/><T122/><D110/><U100/><E100/><V15/><F121/><W123/><G123/><T85/><D122/><U20/><E111/><V16/><F13/><W134/><G134/><T32/><D128/><U83/><E1/><V124/><F70/><W9/><G118/><T41/><D65/><U98/><E3/><V94/><F124/><W104/><G104/><T130/><D130/><U129/><E129/><V30/><F30/><W43/><G25/><T58/><D74/><U99/><E99/><N who="2" m="59631" /><F45/><W10/><G91/><T50/><D41/><U80/><E80/><V42/><F42/><W95/><G95/><T39/><D39/><U31/><E31/><V26/><F26/><W54/><G12/><T69/><D69/><U102/><E102/><N who="2" m="60727" /><F38/><W109/><G109/><T47/><D47/><U89/><E89/><V73/><F73/><W11/><G68/><T117/><D117/><U81/><E81/><V27/><F27/><W59/><REACH who="3" step="1"/><G72/><REACH who="3" ten="240,250,340,160" step="2"/><T17/><REACH who="0" step="1"/><D58/><REACH who="0" ten="230,250,340,160" step="2"/><N who="1" m="34911" /><E135/><V40/><F40/><W18/><G18/><AGARI ba="0,2" hai="8,14,17,18,22,24,32,35,48,49,50,82,85,90" machi="18" ten="40,2600,0" yaku="1,1,53,1" doraHai="115" doraHaiUra="6" who="0" fromWho="3" sc="230,46,250,0,340,0,160,-26" /><INIT seed="2,0,0,3,2,13" ten="276,250,340,134" oya="2" hai0="49,31,73,42,99,113,107,105,48,4,93,26,111" hai1="47,23,67,24,54,120,68,98,72,64,32,131,46" hai2="33,34,82,7,108,28,76,19,0,89,44,78,61" hai3="121,63,91,104,36,77,65,15,53,134,94,80,117"/><V112/><F112/><W75/><G134/><T5/><D113/><U9/><E120/><V126/><F126/><W92/><G117/><T115/><D115/><U124/><E124/><V119/><F119/><W58/><G121/><T135/><D111/><U106/><E72/><V103/><F103/><W38/><G104/><T1/><D135/><U41/><E131/><V14/><F61/><W81/><G81/><T52/><D73/><U59/><E32/><V71/><F71/><W17/><G65/><T133/><D133/><U79/><E79/><V122/><F44/><W100/><G100/><T118/><D118/><U127/><E127/><V125/><F33/><W21/><REACH who="3" step="1"/><G94/><REACH who="3" ten="276,250,340,124" step="2"/><T110/><D93/><U6/><E67/><V109/><F82/><W57/><G57/><T74/><D107/><U39/><E64/><V116/><F116/><W86/><AGARI ba="0,1" hai="15,17,21,36,38,53,58,63,75,77,80,86,91,92" machi="86" ten="20,5200,0" yaku="1,1,0,1,7,1,52,1,53,0" doraHai="13" doraHaiUra="129" who="3" fromWho="3" sc="276,-13,250,-13,340,-26,124,62" /><INIT seed="3,0,0,4,5,2" ten="263,237,314,186" oya="3" hai0="109,104,23,36,68,52,121,74,97,94,113,46,110" hai1="66,125,80,117,55,43,135,85,107,102,7,88,101" hai2="37,115,106,103,16,3,86,14,21,131,62,31,47" hai3="10,89,111,132,28,59,64,67,41,82,57,35,84"/><W98/><G132/><T19/><D121/><U108/><E135/><V9/><F115/><W134/><G134/><T90/><D113/><U54/><E117/><V105/><F62/><W48/><G35/><T87/><D68/><U8/><E108/><V91/><F103/><W27/><G111/><N who="0" m="42507" /><D74/><U12/><E125/><V20/><F3/><W24/><G98/><T51/><D36/><U81/><E43/><V44/><F21/><N who="3" m="15375" /><G27/><N who="0" m="14847" /><D104/><U95/><E66/><N who="3" m="25130" /><G10/><T126/><D126/><U6/><E107/><V40/><F106/><W100/><G100/><T114/><D114/><U53/><E102/><V123/><F105/><W122/><G122/><T70/><D70/><U1/><E101/><V56/><F31/><W26/><G26/><T75/><D75/><U39/><E39/><V34/><F34/><W124/><G124/><T78/><D78/><U18/><E1/><V77/><F77/><W83/><G83/><AGARI ba="0,0" hai="6,7,8,12,18,53,54,55,80,81,83,85,88,95" machi="83" ten="40,8000,1" yaku="8,1,52,2,54,1" doraHai="2" who="1" fromWho="3" sc="263,0,237,80,314,0,186,-80" owari="263,-13.7,317,41.7,314,11.4,106,-39.4" /></mjloggm>