<mjloggm ver="2.3"><GO type="225" lobby="0"/><UN n0="%E5%B8%86%E7%AB%8B%E5%A4%8F%E8%A1%A3" n1="%E3%81%82%E3%82%86%E3%81%AE%E9%A2%A8" n2="%E3%81%95%E3%81%8D%E3%81%9F%E3%81%BE%E6%9E%97%E6%AA%8E" n3="%E6%A1%9C%E8%8A%B1%E9%96%83%E3%80%85" dan="16,16,16,16" rate="2178.14,2099.53,2085.34,2210.82" sx="M,M,M,M"/><TAIKYOKU oya="0"/><INIT seed="0,0,0,0,4,6" ten="250,250,250,250" oya="0" hai0="105,26,111,45,25,16,55,89,82,28,58,101,5" hai1="8,65,20,83,52,11,113,88,107,33,80,49,85" hai2="134,73,3,36,0,18,27,124,19,91,30,13,40" hai3="34,106,131,53,126,100,87,39,81,99,98,15,46"/><T90/><D105/><U127/><E33/><V50/><F73/><W32/><G131/><T7/><D101/><U115/><E127/><V9/><F36/><W116/><G116/><T14/><D111/><U109/><E109/><V12/><F91/><N who="0" m="34826" /><D82/><N who="1" m="31275" /><E107/><V35/><F50/><W128/><G128/><T96/><D45/><N who="1" m="27695" /><E65/><V66/><F66/><W129/><G129/><T62/><D96/><U79/><E79/><V120/><F40/><W67/><G126/><T118/><D118/><U42/><E42/><V86/><F86/><W112/><G112/><N who="1" m="43082" /><E20/><N who="2" m="11335" /><F124/><W43/><G67/><T108/><D108/><U104/><E104/><V21/><F120/><W121/><G121/><T97/><D97/><U119/><E119/><V47/><F47/><W117/><G117/><T1/><D1/><N who="2" m="586" /><F134/><W103/><G53/><T135/><D135/><U10/><E10/><AGARI ba="0,0" hai="9,10,13,19,21,27,30,35" m="586,11335" machi="10" ten="30,12000,2" yaku="35,5,52,2" doraHai="6" who="2" fromWho="1" sc="250,0,250,-120,250,120,250,0" /><INIT seed="1,0,0,1,2,73" ten="250,130,370,250" oya="1" hai0="98,102,63,31,47,29,25,66,118,49,125,57,23" hai1="105,129,5,128,132,119,112,103,69,133,3,81,65" hai2="75,59,99,91,32,121,120,7,22,108,114,93,39" hai3="43,51,6,72,20,27,107,18,96,54,55,123,9"/><U0/><E112/><V46/><F32/><W21/><G123/><T35/><D125/><U109/><E119/><V67/><F114/><W17/><G72/><T38/><D118/><U50/><E50/><V19/><F7/><W122/><G122/><T82/><D38/><U53/><E53/><V131/><F131/><N who="1" m="50249" /><E81/><V1/><F1/><N who="1" m="585" /><E5/><V101/><F75/><W26/><G43/><T13/><D82/><U64/><E109/><V130/><F108/><W30/><G51/><T42/><D13/><U8/><E8/><V80/><F39/><W71/><G54/><T117/><D117/><U10/><E10/><V90/><F121/><W36/><G55/><T83/><D83/><U24/><E24/><V28/><F80/><W52/><G52/><T124/><D124/><U48/><E48/><V45/><F120/><W12/><G36/><T94/><REACH who="0" step="1"/><D35/><REACH who="0" ten="240,130,370,250" step="2"/><U92/><E105/><V88/><F130/><W134/><G107/><T40/><D40/><U79/><E79/><V86/><F45/><W87/><G12/><T113/><D113/><U95/><E69/><V104/><F46/><W100/><G71/><T62/><D62/><U4/><E4/><V77/><F59/><W74/><G6/><T15/><D15/><U85/><E92/><V126/><F93/><W61/><G61/><T41/><D41/><U34/><E34/><V33/><F33/><W44/><G44/><T111/><D111/><U14/><E14/><V60/><F104/><W70/><G70/><T127/><D127/><U11/><E95/><V78/><F126/><W89/><G9/><T116/><D116/><RYUUKYOKU ba="0,1" sc="240,30,130,-10,370,-10,250,-10" hai0="23,25,29,31,42,47,49,57,63,66,94,98,102" /><INIT seed="2,1,1,0,5,22" ten="270,120,360,240" oya="2" hai0="121,97,132,74,102,20,93,5,45,109,101,67,113" hai1="11,59,118,36,64,89,1,130,66,124,7,53,73" hai2="46,37,8,49,42,127,81,14,10,21,25,35,61" hai3="99,71,77,119,115,12,60,120,30,75,129,32,128"/><V18/><F127/><W19/><G119/><T38/><D121/><U91/><E118/><V15/><F37/><W44/><G120/><T126/><D74/><U92/><E124/><V108/><F108/><W4/><G4/><T117/><D113/><U33/><E73/><V135/><F135/><W28/><G115/><T29/><D109/><U39/><E130/><N who="3" m="50282" /><G44/><T3/><D67/><U122/><E33/><V85/><F61/><W103/><G77/><T116/><D132/><U110/><E110/><V70/><F70/><W54/><G75/><T57/><D126/><U94/><E122/><V80/><F80/><W65/><G54/><T13/><D45/><U26/><E53/><V23/><F35/><W24/><G30/><T104/><D29/><U112/><E112/><V82/><F82/><W79/><G79/><T86/><D5/><U17/><E39/><V106/><F106/><N who="3" m="63871" /><G12/><T63/><D13/><U107/><E107/><V83/><F15/><W68/><G19/><T123/><D123/><U69/><E36/><V125/><F83/><W2/><G71/><T41/><D38/><U78/><E78/><N who="2" m="46263" /><F125/><W27/><G24/><T62/><D116/><U111/><E111/><V6/><F6/><W43/><G43/><T40/><D117/><U90/><E69/><V88/><F42/><W50/><G50/><T114/><D114/><U34/><E34/><V0/><F49/><W100/><G100/><T98/><D41/><U133/><E133/><V51/><F51/><W47/><G47/><T87/><D40/><U96/><E7/><V131/><F131/><W58/><G68/><RYUUKYOKU ba="1,1" sc="270,-10,120,-10,360,-10,240,30" hai3="2,27,28,32,58,60,65" /><INIT seed="3,2,1,2,0,75" ten="260,110,350,270" oya="3" hai0="76,71,29,80,109,34,50,107,10,1,124,25,45" hai1="85,112,86,55,0,57,53,13,28,130,87,42,17" hai2="103,81,8,39,99,104,105,30,15,128,61,60,2" hai3="19,123,16,43,127,6,110,31,119,96,36,18,70"/><W3/><G70/><T98/><D71/><U133/><E130/><V114/><F114/><W21/><G119/><T22/><D109/><U93/><E133/><V135/><F39/><W72/><G123/><T77/><D124/><U26/><E0/><V14/><F135/><W101/><G127/><T69/><D69/><U84/><E112/><V83/><F2/><W120/><G120/><T78/><D34/><U27/><E42/><V118/><F118/><W73/><G110/><T35/><D35/><U68/><E68/><V4/><F30/><W66/><G66/><T122/><D122/><U59/><N who="1" m="21504" /><DORA hai="94" /><U126/><E126/><V74/><F128/><W129/><G129/><T116/><D116/><U7/><E7/><V38/><F38/><W115/><G115/><T64/><D64/><U40/><E40/><V89/><F89/><W33/><G21/><T90/><D80/><U113/><E113/><V52/><F74/><W91/><G91/><T63/><D63/><U134/><E134/><V51/><F105/><N who="3" m="63655" /><G31/><T102/><D90/><U54/><E93/><N who="2" m="58863" /><F83/><W49/><G33/><T62/><D62/><U58/><E28/><V44/><F81/><W23/><G23/><T132/><D132/><U79/><E79/><V41/><F104/><W106/><G106/><T121/><D121/><U24/><E17/><N who="2" m="8391" /><F41/><W46/><G36/><T108/><D108/><U95/><E95/><V88/><F88/><W37/><G37/><T5/><D78/><U92/><E92/><V82/><F82/><W20/><G20/><T32/><D32/><U125/><E125/><V11/><AGARI ba="2,1" hai="4,11,15,44,51,52,60,61" m="8391,58863" machi="11" ten="30,7900,0" yaku="5,1,8,1,52,1,54,1" doraHai="75,94" who="2" fromWho="2" sc="260,-22,110,-22,350,95,270,-41" owari="238,3.8,88,-41.2,445,54.5,229,-17.1" /></mjloggm>