<mjloggm ver="2.3"><GO type="225" lobby="0"/><UN n0="%E7%89%B9%E6%9D%B1%E3%81%AF%E4%B8%96%E7%95%8C%E3%82%92%E6%95%91%E3%81%86" n1="%E3%81%B2%E3%81%AA%E3%81%AE%E3%82%8A%E3%81%8F" n2="%E3%82%8C%E3%81%99%E3%81%93" n3="%E4%BF%BA%E3%81%A8%E5%A6%96%E5%A4%A2" dan="16,17,16,17" rate="2111.38,2204.53,2113.18,2215.78" sx="M,M,F,F"/><TAIKYOKU oya="0"/><INIT seed="0,0,0,2,2,31" ten="250,250,250,250" oya="0" hai0="118,59,134,116,43,130,42,135,93,121,88,26,78" hai1="66,2,104,61,126,51,98,57,1,133,123,68,124" hai2="101,72,102,56,103,41,3,86,34,109,17,46,129" hai3="106,69,111,65,4,39,55,64,44,47,18,114,35"/><T50/><D121/><U87/><E123/><V19/><F72/><W27/><G114/><T84/><D130/><U119/><E119/><V105/><F105/><W29/><G106/><T21/><D78/><U115/><E115/><V33/><F3/><W22/><G111/><T100/><D100/><U113/><E113/><V20/><F109/><W13/><G69/><T70/><D70/><U62/><E133/><N who="0" m="50697" /><D43/><U38/><E38/><V83/><F56/><W97/><G97/><T76/><D76/><U40/><E87/><V11/><F11/><W89/><G89/><T96/><D96/><U5/><E5/><V25/><F19/><W107/><G107/><T91/><D91/><U131/><E98/><V92/><F92/><W75/><G75/><T67/><D67/><U120/><E104/><V0/><F0/><W99/><G99/><T127/><D127/><N who="1" m="48683" /><E131/><V58/><F58/><W16/><G4/><T53/><D42/><U71/><E71/><V122/><F129/><W36/><G64/><T28/><AGARI ba="0,0" hai="21,26,28,50,53,59,84,88,93,116,118" m="50697" machi="28" ten="30,3000,0" yaku="20,1,54,1" doraHai="31" who="0" fromWho="0" sc="250,30,250,-10,250,-10,250,-10" /><INIT seed="0,1,0,5,0,95" ten="280,240,240,240" oya="0" hai0="87,123,120,92,6,15,79,115,23,114,104,69,135" hai1="70,39,93,49,14,67,3,52,103,47,13,133,55" hai2="10,130,9,30,61,134,83,12,43,35,97,100,125" hai3="72,89,8,29,99,77,106,118,128,96,112,73,32"/><T66/><D69/><U7/><E3/><V108/><F108/><W85/><G32/><T0/><D66/><U36/><E133/><V75/><F134/><W129/><G29/><T31/><D135/><U37/><E67/><V57/><F130/><N who="3" m="50283" /><G112/><T101/><D0/><U91/><E103/><V80/><F43/><W94/><G8/><T1/><D1/><U121/><E70/><V19/><F125/><W33/><G33/><T25/><D104/><U4/><E121/><V116/><F116/><W119/><G106/><T54/><D54/><U71/><E71/><V68/><F10/><W38/><G38/><T11/><D79/><U42/><E55/><V51/><F51/><W81/><G72/><T20/><D20/><U78/><E78/><V117/><F75/><W40/><G40/><T82/><D82/><U34/><E34/><V109/><F109/><W124/><G124/><T22/><D22/><U26/><E42/><V48/><F48/><W41/><G41/><T90/><REACH who="0" step="1"/><D101/><REACH who="0" ten="270,240,240,240" step="2"/><U5/><REACH who="1" step="1"/><E26/><REACH who="1" ten="270,230,240,240" step="2"/><V63/><F68/><W53/><G53/><T88/><D88/><U122/><E122/><AGARI ba="1,2" hai="6,11,15,23,25,31,87,90,92,114,115,120,122,123" machi="122" ten="40,3900,0" yaku="1,1,53,1" doraHai="95" doraHaiUra="2" who="0" fromWho="1" sc="270,62,230,-42,240,0,240,0" /><INIT seed="0,2,0,2,2,67" ten="332,188,240,240" oya="0" hai0="48,117,49,0,101,28,55,31,10,83,2,106,85" hai1="8,116,84,107,76,80,56,45,134,95,50,113,123" hai2="88,22,64,103,57,37,114,20,61,1,58,9,111" hai3="11,87,118,4,13,62,65,5,14,127,38,74,93"/><T3/><D117/><U75/><E116/><V12/><F114/><W30/><G118/><T71/><D71/><U44/><E123/><V90/><F37/><W89/><G38/><T24/><D10/><U100/><E113/><V112/><F1/><W21/><G74/><T35/><D31/><U39/><E134/><V115/><F111/><W128/><G128/><T131/><D131/><U122/><E122/><V23/><F103/><W77/><G127/><T16/><D16/><U125/><E39/><V17/><REACH who="2" step="1"/><F58/><REACH who="2" ten="332,188,230,240" step="2"/><N who="3" m="37079" /><G77/><T59/><D101/><U124/><E56/><V25/><F25/><N who="3" m="16687" /><G14/><T86/><D2/><U32/><E124/><V130/><F130/><W46/><G46/><T70/><D0/><U121/><E44/><V78/><F78/><W82/><G4/><T120/><D3/><U36/><E125/><V104/><F104/><W7/><G7/><T94/><D106/><U102/><E107/><V126/><F126/><W68/><G68/><T27/><D70/><U79/><E121/><V41/><F41/><W6/><G6/><T132/><D120/><U40/><E76/><V110/><F110/><W29/><G29/><T91/><D28/><U43/><E43/><V81/><F81/><AGARI ba="2,1" hai="5,11,13,81,82,87,89,93" m="16687,37079" machi="81" ten="30,1000,0" yaku="8,1" doraHai="67" who="3" fromWho="2" sc="332,0,188,0,230,-16,240,26" /><INIT seed="1,0,0,1,2,8" ten="332,188,214,266" oya="1" hai0="48,120,5,1,129,44,69,21,95,15,26,59,63" hai1="109,40,33,89,41,130,84,90,125,108,55,19,97" hai2="134,0,133,92,29,102,128,60,93,106,107,74,62" hai3="2,36,113,110,88,135,131,81,10,58,115,52,57"/><U73/><E73/><V17/><F0/><W12/><G2/><T78/><D1/><U127/><E33/><V87/><F74/><W51/><G110/><N who="1" m="42602" /><E130/><V103/><F29/><W98/><G131/><T68/><D78/><U13/><E97/><V7/><F128/><W23/><G36/><T116/><D116/><U20/><E55/><V11/><F17/><W82/><G135/><N who="2" m="51721" /><F102/><W18/><G113/><T99/><D129/><U6/><E6/><V101/><F103/><W66/><G115/><T105/><D5/><U76/><E76/><V94/><F87/><W79/><G79/><T16/><D99/><U3/><E3/><N who="2" m="511" /><F101/><W4/><G4/><T119/><D119/><U14/><E14/><V65/><F60/><N who="3" m="38159" /><G23/><T64/><D21/><U24/><E24/><V32/><F32/><W75/><G75/><T56/><D26/><U42/><E90/><V112/><F112/><W46/><G46/><T124/><D44/><U100/><E100/><V27/><F27/><W114/><G114/><T91/><D91/><U118/><E118/><V96/><F96/><W35/><G35/><T122/><D15/><U53/><E53/><V70/><AGARI ba="0,0" hai="62,65,70,92,93,94,106,107" m="511,51721" machi="70" ten="30,1100,0" yaku="20,1" doraHai="8" who="2" fromWho="2" sc="332,-3,188,-5,214,11,266,-3" /><INIT seed="2,0,0,4,5,4" ten="329,183,225,263" oya="2" hai0="38,37,57,47,45,54,28,120,135,74,78,107,11" hai1="34,99,22,50,62,8,10,64,25,128,132,18,117" hai2="92,123,87,7,113,63,102,130,70,119,2,65,24" hai3="12,98,112,56,124,51,69,104,91,5,71,82,84"/><V95/><F113/><W125/><G112/><T111/><D107/><U72/><E117/><V100/><F119/><W40/><G104/><T60/><D28/><U68/><E72/><V131/><F123/><W103/><G103/><N who="2" m="39465" /><F24/><W29/><G98/><T93/><D120/><U35/><E99/><V55/><F55/><N who="3" m="31871" /><G40/><T116/><D116/><U127/><E132/><V26/><F26/><W76/><G29/><T67/><D38/><U85/><E127/><N who="3" m="48714" /><G91/><T30/><D30/><U101/><E101/><V61/><F61/><W94/><G94/><T53/><D93/><U83/><E128/><N who="2" m="49195" /><F87/><W110/><G110/><T114/><D60/><U109/><E109/><V27/><F27/><W31/><G31/><T66/><D111/><U15/><E50/><V19/><F19/><W46/><G46/><T115/><D47/><U52/><E25/><V33/><F33/><W97/><G97/><T14/><D45/><U129/><E129/><V39/><F39/><W41/><G41/><T88/><D37/><U134/><E134/><V89/><F89/><W3/><G84/><T21/><D135/><U118/><E118/><V86/><F86/><W90/><G90/><T13/><D88/><N who="1" m="51263" /><E35/><V126/><F126/><W73/><G73/><T59/><D74/><U43/><E34/><V81/><F81/><W121/><G82/><T105/><D115/><U122/><E122/><V36/><F36/><W80/><G80/><T44/><D114/><U108/><E108/><V17/><F17/><W23/><G121/><T42/><D105/><U96/><E18/><V77/><F77/><W106/><G76/><RYUUKYOKU ba="0,0" sc="329,-10,183,-10,225,30,263,-10" hai2="2,7,63,65,70,92,95" /><INIT seed="2,1,0,2,4,106" ten="319,173,255,253" oya="2" hai0="118,37,98,2,52,1,79,66,119,61,6,3,101" hai1="38,87,124,89,120,31,53,78,11,18,21,48,33" hai2="127,46,59,43,126,13,92,25,39,91,26,44,56" hai3="95,58,72,122,28,71,135,70,5,36,81,64,68"/><V7/><F44/><W63/><G122/><T111/><D37/><U23/><E120/><V82/><F82/><W14/><G135/><T4/><D79/><U99/><E124/><N who="2" m="47659" /><F7/><W80/><G36/><T128/><D52/><U12/><E38/><V109/><F13/><W49/><G28/><T47/><D111/><U94/><E31/><V51/><F109/><W85/><G49/><T16/><D16/><U114/><E33/><V100/><F100/><W60/><G60/><T40/><D47/><U9/><E114/><V104/><F104/><W42/><G42/><T93/><D40/><U24/><E24/><N who="2" m="9323" /><F39/><W130/><G5/><T90/><D101/><U129/><E129/><V83/><F83/><W134/><G14/><T84/><D128/><U55/><E55/><V57/><F59/><W29/><G29/><T74/><D6/><U131/><E131/><V54/><F43/><W116/><G130/><T96/><D4/><U67/><E11/><V35/><F35/><W22/><G81/><T27/><D27/><U108/><E108/><V15/><F15/><W113/><G80/><T88/><D90/><U69/><E9/><V50/><F51/><W73/><G68/><N who="0" m="42063" /><D74/><U45/><E69/><V125/><F125/><W86/><G70/><T75/><D75/><U132/><E45/><V30/><F30/><W76/><G71/><T102/><D102/><U107/><E107/><V112/><F112/><W20/><G113/><T105/><D105/><U103/><E103/><V65/><F65/><W10/><G64/><T115/><D115/><U77/><E67/><V8/><F8/><RYUUKYOKU ba="1,0" sc="319,15,173,-15,255,15,253,-15" hai0="1,2,3,84,88,93,96,98,118,119" hai2="46,50,54,56,57,91,92" /><INIT seed="2,2,0,0,4,100" ten="334,158,270,238" oya="2" hai0="78,75,54,113,97,63,65,55,52,51,126,127,105" hai1="36,38,132,46,90,109,91,12,93,49,47,116,125" hai2="114,22,121,67,66,8,62,128,77,27,56,35,50" hai3="48,112,15,6,87,85,79,40,115,11,39,129,23"/><V17/><F114/><N who="3" m="43563" /><G39/><T7/><D113/><U96/><E116/><V24/><F121/><W43/><G129/><T117/><D117/><U133/><E109/><V19/><F128/><W135/><G135/><T44/><D7/><U26/><E125/><N who="0" m="47625" /><D78/><U119/><E119/><V83/><F35/><W70/><G70/><N who="0" m="42303" /><D75/><U69/><E69/><V0/><F0/><W73/><G23/><T10/><D10/><U88/><E38/><V131/><F131/><W82/><G48/><T107/><D97/><U20/><E36/><V89/><F50/><W4/><G4/><T41/><AGARI ba="2,0" hai="41,44,51,52,54,55,105,107" m="42303,47625" machi="41" ten="30,7900,0" yaku="18,1,52,2,54,1" doraHai="100" who="0" fromWho="0" sc="334,85,158,-22,270,-41,238,-22" /><INIT seed="3,0,0,0,5,30" ten="419,136,229,216" oya="3" hai0="3,18,112,81,38,72,12,48,100,89,51,118,73" hai1="63,27,79,41,16,98,122,60,126,105,56,20,131" hai2="119,53,96,9,74,52,4,28,69,26,114,55,125" hai3="66,103,34,82,108,129,31,92,88,94,11,19,124"/><W101/><G129/><T25/><D38/><U78/><E126/><V132/><F114/><W102/><G124/><T90/><D3/><U10/><E122/><V87/><F74/><W77/><G66/><T106/><D118/><U1/><E131/><V40/><F125/><W21/><G11/><T86/><D25/><U110/><E110/><V117/><F69/><W35/><G31/><T85/><D51/><U43/><E63/><V7/><F40/><W107/><G94/><T62/><D112/><U59/><E59/><V93/><F87/><W130/><G107/><T37/><D37/><U23/><E43/><V67/><F67/><W97/><G108/><T22/><D48/><U99/><E41/><V76/><F76/><W24/><REACH who="3" step="1"/><G130/><REACH who="3" ten="419,136,229,206" step="2"/><T104/><D104/><U109/><E105/><V8/><F8/><W121/><G121/><T68/><D106/><U134/><E109/><V33/><F9/><W47/><G47/><T84/><D68/><U0/><E10/><V49/><F119/><W42/><G42/><T57/><D100/><U113/><E113/><V64/><F64/><W75/><AGARI ba="0,1" hai="19,21,24,34,35,75,77,82,88,92,97,101,102,103" machi="75" ten="30,12000,1" yaku="1,1,0,1,52,2,54,1,53,0" doraHai="30" doraHaiUra="111" who="3" fromWho="3" sc="419,-40,136,-40,229,-40,206,130" /><INIT seed="3,1,0,5,2,34" ten="379,96,189,336" oya="3" hai0="132,128,130,14,58,95,103,67,44,86,135,5,13" hai1="90,109,104,7,98,55,94,3,126,101,8,89,93" hai2="62,31,45,25,112,24,85,102,56,12,78,43,9" hai3="131,60,27,71,70,42,80,107,122,41,22,119,40"/><W21/><G119/><T124/><D124/><U99/><E109/><V134/><F112/><W76/><G122/><T59/><D44/><U73/><E126/><V81/><F102/><W65/><G107/><T64/><D103/><U114/><E114/><V23/><F134/><N who="0" m="51242" /><D86/><U54/><E73/><V110/><F110/><W30/><G131/><N who="0" m="50219" /><D95/><U92/><E104/><V0/><F0/><W63/><G22/><T116/><D116/><U133/><E133/><V17/><F31/><W32/><G32/><T69/><D69/><U88/><REACH who="1" step="1"/><E101/><REACH who="1" ten="379,86,189,336" step="2"/><V19/><F25/><W84/><REACH who="3" step="1"/><G41/><REACH who="3" ten="379,86,189,326" step="2"/><T20/><D20/><U87/><AGARI ba="1,2" hai="3,7,8,54,55,87,88,89,90,92,93,94,98,99" machi="87" ten="20,12000,2" yaku="1,1,2,1,0,1,7,1,9,1,52,1,54,1,53,0" doraHai="34" doraHaiUra="120" who="1" fromWho="1" sc="379,-31,86,143,189,-31,326,-61" owari="348,44.8,229,-17.1,158,-34.2,265,6.5" /></mjloggm>