<mjloggm ver="2.3"><GO type="225" lobby="0"/><UN n0="%E3%81%A9%E3%82%8F%E3%82%93%E3%81%94" n1="%72%61%6B%33" n2="%73%75%7A%75%72%61%6E%65" n3="%E3%81%8F%E3%81%BE%E3%81%96%E3%82%8F" dan="16,16,16,16" rate="2198.25,2228.80,2040.37,2008.74" sx="M,M,M,M"/><TAIKYOKU oya="0"/><INIT seed="0,0,0,2,5,16" ten="250,250,250,250" oya="0" hai0="15,86,38,45,116,79,90,62,32,80,39,128,75" hai1="56,71,25,95,23,29,89,3,7,106,57,118,53" hai2="109,31,85,2,61,115,77,123,134,51,99,76,113" hai3="37,131,66,10,107,49,59,54,50,22,105,127,11"/><T6/><D116/><U48/><E71/><V126/><F2/><W102/><G37/><T33/><D128/><U12/><E106/><V63/><F85/><W55/><G131/><T30/><D62/><U112/><E112/><V40/><F31/><W35/><G35/><T60/><D60/><U110/><E110/><V70/><F109/><W73/><G73/><T84/><D75/><U100/><E118/><V120/><F51/><W97/><G127/><T94/><D30/><U130/><E3/><V14/><F14/><W18/><G105/><T93/><D93/><U92/><E130/><V68/><F99/><W69/><G66/><T72/><D72/><U42/><E42/><V58/><F58/><W46/><REACH who="3" step="1"/><G69/><REACH who="3" ten="250,250,250,240" step="2"/><T83/><D39/><U5/><E100/><V78/><F126/><W41/><G41/><T124/><D124/><U103/><E103/><V64/><F40/><W0/><G0/><T47/><D38/><U129/><E129/><V28/><F64/><W36/><G36/><T117/><D33/><U44/><E53/><V8/><F68/><W81/><G81/><N who="0" m="47167" /><D32/><U24/><E95/><V65/><F70/><W9/><G9/><N who="0" m="4535" /><D117/><U121/><E92/><V88/><F65/><W27/><AGARI ba="0,1" hai="10,11,18,22,27,46,49,50,54,55,59,97,102,107" machi="27" ten="20,5200,0" yaku="1,1,0,1,7,1,52,1,53,0" doraHai="16" doraHaiUra="82" who="3" fromWho="3" sc="250,-26,250,-13,250,-13,240,62" /><INIT seed="1,0,0,5,3,32" ten="224,237,237,302" oya="1" hai0="46,55,71,115,27,25,75,51,45,2,93,15,80" hai1="103,114,100,112,43,33,85,108,7,56,4,16,52" hai2="123,128,135,8,94,61,24,65,12,122,78,48,119" hai3="66,63,120,73,58,130,36,37,101,77,5,9,19"/><U20/><E33/><V53/><F119/><W72/><G120/><T89/><D115/><U132/><E132/><V129/><F78/><W134/><G73/><T99/><D71/><U54/><E43/><V118/><F118/><W64/><G134/><T95/><D2/><U21/><E85/><V98/><F24/><W86/><G72/><T28/><D15/><U82/><E82/><V133/><F12/><W22/><G101/><T17/><D17/><U90/><E56/><N who="2" m="32807" /><F8/><W127/><G37/><T23/><D27/><U40/><E40/><V84/><F84/><W18/><G36/><T97/><D80/><U104/><E90/><V83/><F83/><W117/><G77/><T31/><D75/><U110/><E104/><V38/><F38/><W59/><G86/><T126/><D126/><U113/><E114/><V121/><F94/><W6/><G127/><T106/><D106/><U81/><E81/><V76/><F98/><W0/><G117/><T131/><D131/><N who="2" m="50250" /><F76/><W107/><G130/><T41/><D31/><U44/><E44/><V62/><F62/><W102/><G63/><T92/><D99/><U29/><E29/><V69/><AGARI ba="0,0" hai="61,65,69,121,122,123,133,135" m="50250,32807" machi="69" ten="40,5200,0" yaku="19,1,34,2" doraHai="32" who="2" fromWho="2" sc="224,-13,237,-26,237,52,302,-13" /><INIT seed="2,0,0,0,1,133" ten="211,211,289,289" oya="2" hai0="81,20,94,115,39,64,83,5,85,105,77,80,114" hai1="107,18,51,102,75,121,34,26,92,72,73,12,128" hai2="23,61,76,98,100,2,66,111,45,88,84,96,56" hai3="126,19,53,68,90,17,32,134,97,82,113,10,38"/><V129/><F2/><W35/><G68/><T86/><D39/><U99/><E128/><V40/><F129/><W1/><G38/><T6/><D64/><U95/><E121/><V22/><F76/><W59/><G134/><T63/><D63/><U49/><E34/><V135/><F111/><W109/><G109/><T69/><D69/><U7/><E7/><V4/><F4/><W117/><G117/><T30/><D105/><U28/><E26/><V13/><F13/><W36/><G36/><T52/><D115/><U43/><E28/><V41/><F41/><W50/><G19/><T116/><D114/><U15/><E15/><V42/><F42/><W118/><G118/><T112/><D112/><U110/><E110/><V87/><F87/><W93/><G82/><N who="0" m="31851" /><D116/><U27/><E27/><V124/><F98/><W71/><G71/><T70/><D70/><U130/><E130/><V14/><F96/><W78/><G35/><T108/><D108/><U46/><REACH who="1" step="1"/><E49/><REACH who="1" ten="211,201,289,289" step="2"/><V125/><F135/><W29/><G113/><T89/><D30/><U67/><E67/><V131/><F131/><W119/><G29/><T74/><D74/><U48/><E48/><N who="2" m="26663" /><F14/><W57/><G119/><T33/><D33/><U44/><E44/><V21/><F100/><W127/><G32/><T25/><D6/><U58/><E58/><V122/><F122/><W8/><G59/><T55/><D5/><U60/><E60/><V65/><F65/><W47/><G57/><T3/><D3/><U123/><E123/><V54/><F66/><W62/><G1/><T79/><D77/><U37/><E37/><RYUUKYOKU ba="0,1" sc="211,10,201,10,289,10,289,-30" hai0="20,25,52,55,79,83,85,86,89,94" hai1="12,18,43,46,51,72,73,75,92,95,99,102,107" hai2="21,22,23,54,56,61,84,88,124,125" /><INIT seed="2,1,1,1,1,133" ten="221,211,299,259" oya="2" hai0="24,16,88,35,113,60,10,97,105,84,102,12,18" hai1="42,66,121,82,29,108,124,28,34,95,37,71,36" hai2="76,26,22,81,112,86,72,111,73,89,129,65,23" hai3="100,50,114,9,51,52,19,87,68,98,103,99,4"/><V64/><F112/><W30/><G68/><T110/><D113/><U120/><E108/><V55/><F129/><W106/><G114/><T38/><D110/><U11/><E124/><V13/><F73/><W7/><G30/><T6/><D35/><U21/><E34/><V90/><F55/><W135/><G135/><T70/><D38/><U77/><E95/><V33/><F33/><W5/><G87/><T130/><D24/><U27/><E28/><V134/><F111/><W92/><G50/><T54/><D130/><U15/><E66/><V47/><F47/><W125/><G125/><T39/><D39/><U117/><E71/><V44/><F44/><W91/><G19/><T69/><D69/><U25/><E25/><V101/><F101/><W58/><REACH who="3" step="1"/><G103/><REACH who="3" ten="221,211,299,249" step="2"/><T46/><D70/><U74/><E117/><V63/><F134/><W53/><G53/><T109/><D109/><U1/><E37/><V57/><F86/><W122/><G122/><T79/><D79/><U75/><E75/><V132/><F132/><W123/><G123/><N who="1" m="47178" /><E36/><V116/><F116/><W126/><G126/><T32/><D32/><U41/><E1/><AGARI ba="1,2" hai="1,4,5,7,9,51,52,58,91,92,98,99,100,106" machi="1" ten="30,7700,0" yaku="1,1,7,1,54,1,53,1" doraHai="133" doraHaiUra="45" who="3" fromWho="1" sc="221,0,211,-80,299,0,249,100" /><INIT seed="3,0,0,5,1,106" ten="221,131,299,349" oya="3" hai0="38,60,127,14,114,46,107,131,119,35,99,97,18" hai1="86,105,58,125,42,123,116,30,65,29,47,100,132" hai2="1,112,80,3,79,27,52,88,17,103,43,32,135" hai3="109,22,126,39,21,64,121,5,110,48,44,73,134"/><W16/><G121/><T71/><D119/><U89/><E123/><V28/><F112/><W9/><G39/><T6/><D114/><U4/><E116/><V124/><F43/><W62/><G73/><T118/><D35/><U104/><E125/><V129/><F124/><W77/><G77/><T66/><D6/><U108/><E108/><N who="3" m="41578" /><G16/><T41/><D18/><U91/><E132/><V130/><F103/><W7/><G134/><T24/><D127/><U85/><E4/><V0/><F17/><W93/><G93/><T11/><D38/><U90/><E100/><V96/><F135/><W34/><G34/><T67/><D107/><U117/><E117/><V53/><F79/><W111/><G111/><T25/><D25/><U83/><E105/><V69/><F69/><N who="3" m="42135" /><G126/><T13/><D24/><U101/><E101/><V23/><F32/><W72/><G72/><T122/><D118/><U63/><E104/><V20/><F20/><N who="3" m="7787" /><G9/><T115/><D11/><U57/><E57/><V128/><F80/><W51/><G51/><T61/><D115/><U113/><E113/><V59/><F59/><W76/><G76/><T54/><D71/><U92/><REACH who="1" step="1"/><E90/><REACH who="1" ten="221,121,299,349" step="2"/><V74/><F74/><W49/><G5/><T15/><D122/><U82/><E82/><V33/><F33/><W55/><G7/><T2/><D2/><U84/><E84/><V8/><F8/><W40/><G40/><T10/><D41/><U19/><E19/><V45/><F45/><W78/><G78/><T68/><D46/><U56/><E56/><V26/><F26/><W37/><G44/><T95/><D10/><RYUUKYOKU ba="0,1" sc="221,-15,121,15,299,15,349,-15" hai1="29,30,42,47,58,63,65,83,85,86,89,91,92" hai2="0,1,3,23,27,28,52,53,88,96,128,129,130" owari="206,-19.4,136,-36.4,314,11.4,344,44.4" /></mjloggm>