<mjloggm ver="2.3"><GO type="225" lobby="0"/><UN n0="%E6%A1%9C%E8%8A%B1%E9%96%83%E3%80%85" n1="%E3%81%8F%E3%81%BE%E3%81%96%E3%82%8F" n2="%72%69%6F%75%63%68%61%6E" n3="%74%61%6B%65%2D%79%6F%75" dan="18,16,17,17" rate="2219.88,2040.82,2259.68,2128.77" sx="M,M,M,M"/><TAIKYOKU oya="0"/><INIT seed="0,0,0,3,0,39" ten="250,250,250,250" oya="0" hai0="51,111,76,45,106,4,105,52,113,115,50,63,94" hai1="35,103,34,124,36,116,3,112,17,99,61,83,77" hai2="58,88,55,53,62,82,74,48,7,19,54,109,16" hai3="126,12,70,5,114,41,0,13,122,78,31,87,97"/><T49/><D76/><U90/><E3/><V40/><F109/><W121/><G114/><T127/><D127/><U64/><E116/><V18/><F7/><W25/><G70/><T28/><D111/><U59/><E124/><V98/><F74/><W56/><G126/><T134/><D134/><U101/><E112/><V133/><F133/><W80/><G0/><T130/><D113/><U119/><E119/><V47/><REACH who="2" step="1"/><F98/><REACH who="2" ten="250,250,240,250" step="2"/><W102/><G97/><T73/><D4/><U68/><E103/><V125/><F125/><W120/><G102/><T57/><D73/><U69/><E101/><V79/><F79/><W60/><G5/><T66/><D115/><U128/><E77/><V22/><F22/><W84/><G78/><T86/><D130/><U1/><E128/><V11/><F11/><W42/><G121/><T46/><D28/><U37/><E99/><V24/><F24/><W43/><G25/><T10/><D10/><U20/><E34/><V33/><F33/><W81/><G31/><T129/><D129/><U108/><E35/><V9/><F9/><W89/><G122/><T96/><D96/><U132/><E132/><V100/><F100/><W14/><G120/><T26/><D26/><U135/><E135/><V117/><F117/><W72/><G72/><T15/><D105/><U38/><E108/><V92/><F92/><N who="3" m="54311" /><G87/><AGARI ba="0,1" hai="16,18,19,40,47,48,53,54,55,58,62,82,87,88" machi="87" ten="40,8000,1" yaku="1,1,8,1,52,1,54,2,53,0" doraHai="39" doraHaiUra="95" who="2" fromWho="3" sc="250,0,250,0,240,90,250,-80" /><INIT seed="1,0,0,3,4,106" ten="250,250,330,170" oya="1" hai0="48,109,1,35,57,90,50,41,83,78,132,84,69" hai1="118,40,72,55,64,82,52,51,75,54,99,30,24" hai2="46,37,7,85,10,130,93,3,47,91,131,33,87" hai3="26,86,4,133,98,13,66,18,110,111,25,112,23"/><U100/><E118/><V70/><F33/><W88/><G112/><T102/><D69/><U14/><E14/><V114/><F114/><W126/><G133/><T65/><D132/><U119/><E119/><V6/><F70/><W11/><G126/><T15/><D1/><U73/><E64/><V96/><F7/><W77/><G66/><T17/><D35/><U27/><E82/><V67/><F67/><W123/><G123/><T116/><D109/><N who="3" m="41481" /><G77/><T34/><D34/><U124/><E124/><V9/><F9/><W60/><G60/><N who="0" m="38031" /><D116/><U95/><REACH who="1" step="1"/><E30/><REACH who="1" ten="250,240,330,170" step="2"/><V22/><F131/><W28/><G28/><T31/><D31/><U105/><E105/><V59/><F130/><W108/><G108/><T58/><D15/><U115/><E115/><V107/><F107/><W63/><G13/><T89/><D17/><U43/><E43/><V56/><F3/><W103/><G18/><T44/><D102/><U32/><E32/><V79/><F6/><W104/><G4/><T68/><D68/><U113/><E113/><V81/><F10/><W8/><G11/><T134/><D134/><U36/><E36/><V19/><F37/><W135/><G8/><T121/><D121/><U5/><E5/><V21/><F19/><W92/><G135/><T76/><D76/><U129/><E129/><V80/><F21/><W49/><G23/><T39/><D39/><U117/><E117/><V74/><F22/><W61/><G25/><T128/><D128/><U120/><E120/><V42/><F42/><W29/><G26/><T71/><D71/><U12/><E12/><V94/><F79/><RYUUKYOKU ba="0,1" sc="250,15,240,15,330,-15,170,-15" hai0="41,44,48,50,58,78,83,84,89,90" hai1="24,27,40,51,52,54,55,72,73,75,95,99,100" /><INIT seed="1,1,1,2,2,47" ten="265,255,315,155" oya="1" hai0="5,0,121,58,19,66,11,116,120,15,8,42,69" hai1="104,14,6,64,45,109,52,70,75,97,72,78,128" hai2="65,77,37,100,28,49,57,48,73,41,34,129,13" hai3="60,126,3,54,84,132,90,103,40,38,22,127,95"/><U87/><E70/><V17/><F129/><W36/><G132/><T71/><D116/><U67/><E75/><V130/><F130/><W81/><G3/><T18/><D42/><U98/><E72/><V93/><F37/><W99/><G22/><T26/><D26/><U39/><E39/><V112/><F112/><W82/><G82/><T115/><D115/><U125/><E125/><N who="3" m="47626" /><G40/><T4/><D58/><AGARI ba="1,1" hai="36,38,54,58,60,81,84,90,95,99,103" m="47626" machi="58" ten="30,1000,0" yaku="18,1" doraHai="47" who="3" fromWho="0" sc="265,-13,255,0,315,0,155,23" /><INIT seed="2,0,0,3,1,20" ten="252,255,315,178" oya="2" hai0="16,81,94,95,59,104,55,8,126,109,45,50,2" hai1="28,111,3,121,29,47,40,115,26,120,76,131,61" hai2="89,54,91,43,103,113,123,92,101,78,108,85,23" hai3="68,100,66,98,62,7,53,114,125,87,79,6,39"/><V116/><F113/><W9/><G114/><T35/><D104/><U11/><E115/><V18/><F116/><W63/><G125/><T42/><D126/><U99/><E76/><V17/><F123/><W64/><G39/><T24/><D109/><U37/><E111/><V133/><F108/><W60/><G53/><T107/><D107/><U1/><E29/><V33/><F133/><W72/><G72/><T12/><D2/><U51/><E51/><V31/><F43/><W82/><G9/><T122/><D122/><N who="1" m="47211" /><E11/><V56/><F78/><W34/><G34/><T119/><D81/><U19/><E19/><V135/><F135/><W15/><G15/><T5/><D119/><U118/><E131/><V30/><F33/><W110/><G110/><T38/><REACH who="0" step="1"/><D5/><REACH who="0" ten="242,255,315,178" step="2"/><U134/><E134/><V106/><F106/><W41/><G6/><T49/><D49/><U13/><E1/><V14/><F91/><W27/><G7/><T44/><D44/><U10/><E3/><V75/><F75/><W74/><G74/><T102/><D102/><N who="2" m="38922" /><F18/><W57/><G100/><T58/><D58/><U88/><E118/><V90/><F89/><W124/><G124/><T84/><D84/><U25/><E88/><V4/><F4/><W46/><G87/><T65/><D65/><U36/><E36/><V32/><F32/><W22/><G66/><T105/><D105/><U83/><E37/><V48/><AGARI ba="0,1" hai="14,17,23,30,31,48,54,56,85,90,92" m="38922" machi="48" ten="30,3000,0" yaku="25,1,8,1" doraHai="20" who="2" fromWho="2" sc="242,-10,255,-10,315,40,178,-10" /><INIT seed="2,1,0,1,5,123" ten="232,245,355,168" oya="2" hai0="16,53,121,124,44,47,68,114,107,1,75,67,132" hai1="20,56,34,102,27,126,120,54,103,119,86,7,115" hai2="50,92,118,59,127,88,0,40,49,94,45,113,32" hai3="41,76,135,43,129,100,26,72,73,51,58,87,57"/><V23/><F113/><W48/><G129/><T130/><RYUUKYOKU type="yao9" ba="1,0" sc="232,0,245,0,355,0,168,0" hai0="1,16,44,47,53,67,68,75,107,114,121,124,130,132" /><INIT seed="2,2,0,0,3,64" ten="232,245,355,168" oya="2" hai0="41,78,6,85,23,105,84,98,133,110,103,126,68" hai1="72,112,46,117,89,99,35,86,50,94,118,82,28" hai2="69,107,134,90,45,122,47,0,52,128,48,108,124" hai3="92,116,91,17,54,13,130,4,114,135,25,27,115"/><V111/><F124/><W123/><G116/><T97/><D126/><U119/><E112/><V73/><F134/><W36/><G123/><T76/><D133/><U2/><E2/><V102/><F128/><W8/><G135/><T104/><D41/><U18/><E18/><V70/><F122/><W129/><G36/><T24/><D6/><U16/><E28/><V100/><F0/><W58/><G129/><T9/><D9/><U125/><E35/><V65/><F73/><W30/><G130/><T3/><D3/><U81/><E125/><V20/><F65/><W12/><G30/><T5/><D5/><U19/><E81/><V80/><F20/><W79/><G79/><T42/><D42/><U49/><E49/><V14/><F14/><W26/><G115/><T32/><D110/><N who="2" m="42026" /><F45/><W131/><G131/><T7/><D23/><U22/><E72/><V55/><F55/><W15/><G114/><T44/><D44/><U75/><E75/><V38/><F38/><W37/><G37/><T61/><D24/><U127/><E22/><V33/><F33/><W29/><G29/><T71/><D32/><U11/><E11/><V83/><F83/><W57/><G4/><T62/><D103/><N who="2" m="39466" /><F107/><W132/><G132/><T31/><D7/><U63/><E127/><V109/><N who="2" m="42034" /><V96/><DORA hai="120" /><F96/><N who="3" m="57375" /><G54/><T113/><D31/><U101/><E19/><V106/><F106/><W93/><G93/><T43/><D43/><N who="1" m="24927" /><E16/><V87/><AGARI ba="2,0" hai="47,48,52,69,70,80,87,90" m="39466,42034" machi="87" ten="50,24000,3" yaku="14,1,10,1,52,6,54,1" doraHai="64,120" who="2" fromWho="2" sc="232,-82,245,-82,355,246,168,-82" /><INIT seed="2,3,0,3,4,13" ten="150,163,601,86" oya="2" hai0="109,5,44,73,112,78,12,14,64,6,48,104,134" hai1="82,63,38,18,120,25,31,71,76,52,88,2,16" hai2="35,43,34,87,67,114,17,125,1,81,126,19,46" hai3="128,8,53,42,135,108,122,61,118,103,20,28,119"/><V111/><F114/><W127/><G122/><T7/><D112/><U45/><E2/><V15/><F1/><W115/><G115/><T54/><D109/><U96/><E120/><V83/><F111/><W121/><G108/><T72/><D134/><U113/><E113/><V92/><F67/><W74/><G121/><T106/><D64/><U41/><E71/><V26/><F92/><W100/><G135/><T10/><D14/><U55/><E96/><V105/><F105/><W98/><G128/><T97/><D106/><U89/><E76/><V4/><F4/><W86/><G74/><T56/><D56/><U102/><E102/><V107/><F107/><W75/><G75/><T99/><D73/><U79/><E79/><N who="2" m="46527" /><F83/><W77/><G127/><N who="2" m="48649" /><F15/><W27/><G118/><T23/><D104/><U131/><E82/><V9/><F9/><W36/><G8/><T57/><D72/><U3/><E3/><V124/><N who="2" m="48657" /><V133/><DORA hai="84" /><F133/><W39/><G119/><T123/><D78/><U24/><E131/><V47/><F47/><W29/><G77/><T50/><D123/><U65/><E89/><V101/><F101/><W70/><G103/><T68/><D68/><N who="1" m="42047" /><E88/><V69/><F69/><W85/><G100/><T37/><D6/><U32/><E45/><V59/><F59/><W117/><G70/><T94/><D5/><U11/><E11/><V60/><F60/><W93/><G61/><N who="0" m="36023" /><D94/><U33/><E33/><N who="2" m="12299" /><F26/><N who="1" m="10345" /><E32/><V129/><F129/><W49/><G117/><T51/><D23/><U80/><E80/><V40/><F17/><N who="1" m="6761" /><E31/><V130/><F130/><W91/><G29/><RYUUKYOKU ba="3,0" sc="150,15,163,15,601,-15,86,-15" hai0="7,10,12,37,44,48,50,51,97,99" hai1="38,41,52,55" /><INIT seed="3,4,0,3,5,134" ten="165,178,586,71" oya="3" hai0="56,34,14,73,41,17,101,66,76,110,106,98,116" hai1="45,109,33,54,1,32,63,120,99,37,107,26,108" hai2="126,67,91,55,92,39,71,133,5,0,3,20,48" hai3="97,124,12,123,52,135,85,89,40,11,102,105,83"/><W104/><G123/><T57/><D116/><U93/><E107/><V127/><F133/><W58/><G135/><T119/><D119/><U118/><E118/><V84/><F39/><W68/><G68/><T96/><D34/><U129/><E1/><V113/><F113/><W23/><G40/><T19/><D41/><U130/><E120/><V100/><F100/><W74/><G74/><T125/><D125/><N who="2" m="47626" /><F5/><W69/><G124/><T94/><D110/><N who="1" m="42603" /><E63/><N who="2" m="40447" /><F20/><W30/><G69/><T90/><D66/><U24/><E33/><V95/><F95/><W88/><G104/><T114/><D19/><U51/><E37/><V7/><F7/><W111/><G111/><T60/><D60/><U4/><E4/><V31/><F31/><W16/><G30/><T59/><D114/><U115/><E32/><V15/><F15/><W103/><G103/><T78/><D73/><U64/><E64/><V9/><F9/><W112/><G112/><T86/><D98/><U70/><E70/><V121/><F121/><W49/><REACH who="3" step="1"/><G23/><REACH who="3" ten="165,178,586,61" step="2"/><T6/><D106/><U21/><E115/><V22/><F22/><W35/><G35/><T77/><D101/><N who="1" m="60655" /><E21/><V122/><F122/><W82/><G82/><T8/><D96/><U13/><E13/><V80/><F80/><W65/><G65/><T18/><AGARI ba="4,1" hai="6,8,14,17,18,56,57,59,76,77,78,86,90,94" machi="18" ten="40,2700,0" yaku="0,1,8,1" doraHai="134" who="0" fromWho="0" sc="165,49,178,-11,586,-11,61,-17" owari="214,1.4,167,-23.3,575,67.5,44,-45.6" /></mjloggm>