<mjloggm ver="2.3"><GO type="225" lobby="0"/><UN n0="%E3%83%8F%E3%82%AC%E3%82%BF%E3%82%AB%E3%81%AE%E3%81%88%E3%81%98%E3%81%8D" n1="%E6%97%A5%E6%9B%9C%E6%97%A5%E3%82%88%E3%82%8A%E3%81%AE%E4%BD%BF%E8%80%85" n2="%72%69%6F%75%63%68%61%6E" n3="%73%6C%69%63%6B%33%31%39" dan="16,18,17,16" rate="2145.15,2179.18,2186.68,2156.04" sx="M,M,M,M"/><TAIKYOKU oya="0"/><INIT seed="0,0,0,1,5,27" ten="250,250,250,250" oya="0" hai0="96,38,135,28,76,57,6,130,125,48,9,21,4" hai1="19,79,90,134,78,54,2,124,71,50,39,49,43" hai2="56,113,32,123,111,0,116,104,118,42,69,108,31" hai3="84,40,25,112,26,17,55,95,128,14,120,66,72"/><T114/><D114/><U87/><E2/><V107/><F69/><W67/><G112/><T12/><D38/><U105/><E105/><N who="2" m="40523" /><F113/><W133/><G72/><T99/><D125/><U119/><E119/><N who="2" m="45611" /><F123/><W89/><G120/><T11/><D130/><U94/><E71/><V85/><F0/><W70/><G128/><T30/><D76/><U10/><E39/><V97/><F42/><W83/><G133/><T100/><D21/><U5/><E124/><V132/><F132/><W44/><G95/><N who="0" m="58399" /><D99/><U24/><E134/><V121/><F121/><W61/><G67/><T3/><D3/><U93/><E43/><V20/><F32/><W117/><G117/><T92/><D92/><U60/><E94/><V126/><F126/><W101/><G101/><T115/><D115/><U18/><E93/><V36/><F36/><W13/><G40/><T8/><D135/><U34/><E34/><V86/><F97/><W75/><G75/><T64/><D12/><U45/><E78/><V122/><F122/><W103/><G13/><T65/><D48/><U33/><E79/><V77/><F77/><W29/><G103/><T110/><D110/><N who="2" m="42026" /><F56/><W53/><G14/><T80/><D80/><U63/><E33/><V131/><F131/><W68/><G68/><T1/><D1/><N who="1" m="303" /><E50/><V81/><F81/><W74/><G74/><T129/><D129/><U16/><E24/><AGARI ba="0,0" hai="20,24,31,85,86" m="42026,45611,40523" machi="24" ten="40,5200,0" yaku="12,1,14,1,52,1" doraHai="27" who="2" fromWho="1" sc="250,0,250,-52,250,52,250,0" /><INIT seed="1,0,0,4,3,66" ten="250,198,302,250" oya="1" hai0="30,84,11,86,63,73,75,31,55,6,25,13,102" hai1="41,17,22,80,103,128,36,89,91,113,9,4,28" hai2="78,0,10,115,134,100,105,2,94,23,16,33,118" hai3="14,88,47,117,123,101,67,77,96,43,45,124,44"/><U114/><E103/><V3/><F118/><W52/><G123/><T133/><D102/><U60/><E28/><V26/><F105/><W90/><G117/><T46/><D133/><U19/><E128/><V34/><F78/><W72/><G67/><T40/><D31/><U108/><E108/><V65/><F134/><W56/><G124/><T48/><D75/><U106/><E106/><V81/><F81/><W125/><G125/><T38/><D73/><U82/><E36/><V127/><F127/><W104/><G43/><T130/><D130/><U116/><E116/><V87/><F115/><W24/><G24/><T54/><D63/><U8/><E41/><V99/><F65/><W5/><G5/><T1/><D1/><U64/><E64/><V50/><F87/><W20/><G14/><T39/><D39/><U135/><E22/><V32/><REACH who="2" step="1"/><F50/><REACH who="2" ten="250,198,292,250" step="2"/><W107/><G107/><T69/><D84/><U27/><E135/><V131/><F131/><W71/><G77/><T110/><D86/><U12/><E114/><V111/><F111/><W74/><G72/><T121/><D110/><U57/><E113/><V97/><F97/><W92/><G74/><T53/><D121/><U119/><E119/><V51/><F51/><W21/><G104/><T83/><D83/><U7/><E82/><V112/><F112/><W76/><G76/><T58/><REACH who="0" step="1"/><D69/><REACH who="0" ten="240,198,292,250" step="2"/><U98/><E80/><V109/><F109/><W129/><G71/><T62/><D62/><U68/><E68/><V37/><F37/><W29/><G129/><T61/><D61/><U85/><E60/><V120/><F120/><RYUUKYOKU ba="0,2" sc="240,15,198,-15,292,15,250,-15" hai0="6,11,13,25,30,38,40,46,48,53,54,55,58" hai2="0,2,3,10,16,23,26,32,33,34,94,99,100" /><INIT seed="2,1,2,1,5,100" ten="255,183,307,235" oya="2" hai0="1,55,33,61,18,9,12,13,64,133,113,96,121" hai1="90,24,65,103,17,135,28,116,2,125,127,95,71" hai2="0,44,122,123,20,4,93,84,110,77,52,45,72" hai3="58,47,10,75,21,68,41,63,36,67,92,120,30"/><V117/><F117/><W108/><G120/><T60/><D121/><U98/><E116/><V43/><F110/><W66/><G75/><T14/><D113/><U59/><E2/><V46/><F43/><W50/><G10/><T109/><D33/><N who="1" m="20615" /><E59/><V128/><F128/><W132/><G108/><T87/><D109/><U15/><E15/><V79/><F72/><W119/><G119/><T23/><D133/><U22/><E22/><V69/><F69/><W34/><G34/><T78/><D55/><U3/><E17/><V27/><F123/><W130/><G132/><T106/><D1/><U124/><E3/><V48/><F122/><W73/><G73/><T80/><D9/><U134/><E90/><N who="2" m="53447" /><F4/><W81/><G130/><T40/><D40/><U85/><E85/><V112/><F0/><W126/><G21/><T32/><D32/><U89/><E89/><V111/><F111/><W37/><G30/><T11/><D11/><U49/><E49/><V88/><F88/><W118/><G118/><T82/><D82/><U102/><E102/><V39/><F112/><W101/><G81/><T86/><D86/><U5/><E5/><V29/><F39/><W105/><G36/><T107/><D96/><U131/><E131/><V8/><F8/><W54/><G37/><T97/><D97/><U56/><E71/><V35/><F35/><W26/><G68/><T38/><D38/><U115/><E115/><V76/><AGARI ba="1,2" hai="20,27,29,44,45,46,48,52,76,77,79" m="53447" machi="76" ten="30,3000,0" yaku="8,1,54,1" doraHai="100" who="2" fromWho="2" sc="255,-11,183,-11,307,53,235,-11" /><INIT seed="2,2,0,5,4,59" ten="244,172,360,224" oya="2" hai0="9,110,66,44,82,70,62,133,45,115,132,67,116" hai1="72,112,113,10,92,58,102,19,129,25,95,76,120" hai2="18,106,16,37,90,4,26,12,97,135,78,74,49" hai3="61,94,47,50,86,75,134,77,38,89,114,96,105"/><V2/><F37/><W130/><G130/><T7/><D115/><U40/><E129/><V52/><F135/><N who="0" m="51786" /><D110/><U117/><E117/><V104/><F2/><W83/><G134/><T14/><D116/><U24/><E120/><V21/><F4/><W17/><G114/><T56/><D82/><U5/><E113/><V127/><F127/><W119/><G119/><T100/><D100/><U71/><E71/><V125/><F125/><W79/><G79/><T109/><D109/><U8/><E112/><V30/><F18/><W6/><G38/><T36/><D36/><U87/><E72/><V28/><F28/><W81/><G6/><T124/><D124/><U69/><E69/><V103/><F90/><W57/><G17/><T65/><D70/><U101/><E40/><V63/><F63/><W64/><G105/><T20/><D20/><U128/><E128/><V107/><F78/><W32/><G32/><T53/><AGARI ba="2,0" hai="7,9,14,44,45,53,56,62,65,66,67" m="51786" machi="53" ten="30,2000,0" yaku="20,1,52,1" doraHai="59" who="0" fromWho="0" sc="244,26,172,-7,360,-12,224,-7" /><INIT seed="3,0,0,4,2,50" ten="270,165,348,217" oya="3" hai0="99,68,64,128,6,28,95,82,90,71,109,37,14" hai1="53,102,15,96,26,56,70,4,67,12,103,52,132" hai2="105,42,22,135,41,16,17,91,62,75,65,25,127" hai3="121,32,51,1,101,78,123,110,76,31,86,24,80"/><W43/><G1/><T47/><D109/><U13/><E70/><V134/><F105/><W66/><G101/><N who="1" m="38410" /><E132/><N who="2" m="50731" /><F127/><W20/><G110/><T63/><D71/><U55/><E96/><V54/><F75/><W81/><G66/><T115/><D128/><U119/><E119/><V61/><F91/><W44/><REACH who="3" step="1"/><G32/><REACH who="3" ten="270,165,348,207" step="2"/><T34/><D64/><U35/><E35/><V40/><F65/><W126/><G126/><T11/><D34/><U97/><E97/><V33/><F33/><W100/><G100/><T9/><D99/><U125/><E125/><V27/><F54/><N who="1" m="21097" /><E67/><V77/><F77/><W131/><G131/><T79/><D79/><U73/><E73/><AGARI ba="0,1" hai="20,24,31,43,44,51,73,76,78,80,81,86,121,123" machi="73" ten="30,11600,0" yaku="1,1,7,1,53,2" doraHai="50" doraHaiUra="74" who="3" fromWho="1" sc="270,0,165,-116,348,0,207,126" /><INIT seed="3,1,0,5,3,39" ten="270,49,348,333" oya="3" hai0="28,60,105,93,73,111,104,99,121,27,119,101,33" hai1="2,85,59,52,32,49,123,80,108,55,86,12,3" hai2="97,75,132,7,58,45,38,70,88,47,22,46,23" hai3="109,115,69,24,91,42,83,81,8,37,131,113,26"/><W118/><G118/><T34/><D119/><U0/><E123/><V124/><F70/><W94/><G69/><T5/><D121/><U90/><E108/><V14/><F75/><W125/><G109/><T10/><D111/><U54/><E32/><V19/><F124/><W122/><G122/><T96/><D73/><U64/><E12/><V29/><F132/><W87/><G125/><T43/><D34/><U89/><E49/><V79/><F79/><W41/><G115/><T76/><D76/><U17/><E17/><N who="2" m="10551" /><F38/><W72/><G113/><T21/><D33/><U66/><E59/><V63/><F7/><W120/><G120/><T129/><D129/><U4/><E4/><V102/><F102/><W107/><G107/><T98/><D104/><U31/><E31/><V57/><F29/><W11/><G131/><T106/><D106/><U48/><E48/><V18/><F63/><W13/><G8/><T56/><D43/><N who="3" m="16393" /><G72/><T71/><D105/><U82/><E86/><V103/><F103/><W84/><G37/><T30/><D71/><U92/><E85/><V68/><F68/><W114/><G114/><T44/><D44/><U40/><E40/><V77/><F77/><N who="3" m="46127" /><G83/><T36/><D30/><U25/><E92/><N who="2" m="56455" /><F18/><AGARI ba="1,0" hai="11,13,18,24,26,87,91,94" m="46127,16393" machi="18" ten="30,11600,0" yaku="8,1,52,3" doraHai="39" who="3" fromWho="2" sc="270,0,49,0,348,-119,333,119" owari="270,7.0,49,-45.1,229,-17.1,452,55.2" /></mjloggm>