<mjloggm ver="2.3"><GO type="225" lobby="0"/><UN n0="%4E%49%4A%49%49%52%4F" n1="%4E%6F%2E%30%30%30%31" n2="%E9%80%9F%E6%B0%B4%E5%87%9B%E9%A6%99" n3="%E3%81%86%E3%82%8B%E3%81%8A%E3%81%A1%E3%82%83" dan="16,18,17,16" rate="2185.43,2242.86,2173.57,2127.03" sx="M,M,F,F"/><TAIKYOKU oya="0"/><INIT seed="0,0,0,2,4,89" ten="250,250,250,250" oya="0" hai0="68,14,119,86,62,83,59,123,3,48,92,111,121" hai1="95,39,58,114,120,55,65,81,132,78,91,69,71" hai2="50,60,36,135,31,51,16,122,117,124,47,98,64" hai3="17,1,13,54,97,30,84,118,11,15,18,112,88"/><T93/><D3/><U42/><E120/><V12/><F122/><W126/><G112/><T125/><D119/><U29/><E132/><V128/><F135/><W106/><G118/><T43/><D68/><U34/><E114/><V96/><F128/><W46/><G126/><T67/><D125/><U63/><E29/><V28/><F124/><W70/><G70/><T5/><D111/><U82/><E34/><V56/><F36/><W101/><G30/><N who="2" m="11305" /><F117/><W116/><G1/><T6/><D123/><U105/><E105/><V127/><F127/><W134/><G116/><T66/><D66/><U74/><E82/><V80/><F80/><W57/><G46/><N who="0" m="25695" /><D121/><U90/><E90/><V110/><F110/><W26/><G26/><T115/><D115/><U49/><E42/><N who="2" m="24951" /><F51/><W108/><G108/><T75/><D75/><U131/><E39/><V100/><F100/><W52/><G57/><T2/><D2/><U32/><E32/><V94/><F94/><N who="0" m="36458" /><D14/><U87/><E131/><V19/><F19/><W23/><G134/><T7/><D5/><U109/><E109/><V24/><F24/><W130/><G130/><T99/><D99/><U44/><AGARI ba="0,0" hai="44,49,55,58,63,65,69,71,74,78,81,87,91,95" machi="44" ten="20,2700,0" yaku="0,1,7,1,52,1" doraHai="89" who="1" fromWho="1" sc="250,-13,250,27,250,-7,250,-7" /><INIT seed="1,0,0,0,3,11" ten="237,277,243,243" oya="1" hai0="135,57,71,131,81,52,92,128,101,134,50,96,34" hai1="58,116,31,30,109,55,122,86,39,105,129,98,117" hai2="27,20,74,94,88,46,29,48,13,19,44,47,87" hai3="22,61,16,114,99,79,80,106,118,85,53,91,132"/><U26/><E122/><V69/><F69/><W83/><G114/><T124/><D71/><U82/><E39/><V3/><F3/><W127/><G127/><T111/><D111/><U59/><E129/><N who="0" m="49737" /><D34/><U15/><E109/><V93/><F74/><W75/><G132/><N who="0" m="50731" /><D81/><U90/><E116/><V56/><F56/><N who="3" m="34959" /><G106/><T133/><N who="0" m="50739" /><T65/><DORA hai="67" /><D65/><U84/><E59/><V120/><F120/><W66/><G75/><T51/><D124/><U64/><E64/><V95/><REACH who="2" step="1"/><F48/><AGARI ba="0,0" hai="48,50,51,52,57,92,96,101" m="50739,49737" machi="48" ten="50,6400,0" yaku="19,1,20,1,54,1" doraHai="11,67" who="0" fromWho="2" sc="237,64,277,0,243,-64,243,0" /><INIT seed="2,0,0,4,3,73" ten="301,277,179,243" oya="2" hai0="38,66,2,26,71,112,61,127,32,107,118,77,91" hai1="124,87,130,92,110,109,113,94,122,132,128,39,135" hai2="15,43,95,36,22,121,44,131,97,114,63,99,6" hai3="103,12,57,78,17,67,120,102,31,25,65,129,54"/><V106/><F121/><W90/><G120/><T14/><D112/><U69/><E69/><V29/><F114/><W28/><G129/><N who="1" m="49770" /><E113/><V82/><F131/><W30/><G25/><T24/><D2/><U123/><E39/><V49/><F106/><W75/><G90/><T52/><D127/><U34/><E34/><V7/><F36/><W11/><G75/><T46/><D107/><U5/><E5/><V40/><F40/><W41/><G41/><T134/><D134/><N who="1" m="51243" /><E124/><V18/><F97/><W96/><G78/><T86/><D77/><U13/><E13/><V83/><F29/><W10/><G10/><T33/><D14/><U59/><E59/><V108/><F108/><N who="1" m="41577" /><E94/><V104/><F104/><W105/><G57/><T20/><D32/><U111/><N who="1" m="41585" /><U64/><DORA hai="85" /><E64/><V70/><F70/><W74/><G67/><T37/><D33/><U19/><E19/><V101/><REACH who="2" step="1"/><F63/><REACH who="2" ten="301,277,169,243" step="2"/><W126/><G30/><T21/><D61/><U51/><E51/><V84/><F84/><W93/><G31/><T125/><D86/><U4/><E87/><V55/><F55/><W60/><G54/><T23/><D52/><U3/><E123/><V58/><F58/><N who="3" m="37015" /><G28/><T48/><D38/><U27/><E122/><V117/><F117/><W100/><G105/><T45/><D118/><U115/><E115/><V0/><F0/><W16/><G126/><T50/><D125/><U116/><E116/><V42/><F42/><W47/><G47/><T119/><D45/><U133/><E133/><V53/><F53/><W56/><G56/><T81/><D119/><U98/><E3/><RYUUKYOKU ba="0,1" sc="301,-10,277,-10,169,30,243,-10" hai2="6,7,15,18,22,43,44,49,82,83,95,99,101" /><INIT seed="2,1,1,1,0,48" ten="291,267,199,233" oya="2" hai0="75,11,16,77,133,98,117,119,95,58,79,6,103" hai1="61,130,82,64,132,88,76,102,122,121,49,14,44" hai2="27,67,78,1,28,97,104,0,100,43,134,128,68" hai3="53,56,35,101,17,87,123,118,5,86,3,42,124"/><V111/><F128/><W12/><G118/><N who="0" m="45067" /><D133/><U129/><E102/><V13/><F134/><W32/><G123/><N who="1" m="47114" /><E14/><V91/><F78/><W41/><G124/><T135/><D135/><U57/><E132/><V8/><F43/><N who="3" m="16395" /><G3/><N who="0" m="479" /><D75/><N who="1" m="43295" /><E88/><V85/><F111/><W39/><G39/><T18/><D58/><U45/><E49/><V99/><F99/><W120/><G35/><T20/><D18/><U70/><E57/><V105/><F105/><W63/><G32/><T21/><D21/><U30/><E30/><V9/><F91/><W106/><G106/><T4/><D4/><U37/><E37/><V93/><F93/><W55/><G5/><T65/><D65/><U126/><E126/><V47/><F85/><N who="3" m="32267" /><G101/><T96/><D96/><U60/><E60/><N who="2" m="40039" /><F47/><AGARI ba="1,1" hai="44,45,47,61,64,70,129,130" m="43295,47114" machi="47" ten="30,1000,0" yaku="13,1" doraHai="48" who="1" fromWho="2" sc="291,0,267,23,199,-13,233,0" /><INIT seed="3,0,0,3,2,63" ten="291,290,186,233" oya="3" hai0="65,31,48,72,99,134,41,75,68,106,114,38,54" hai1="37,22,107,46,121,20,30,83,60,61,88,105,98" hai2="96,89,123,50,115,34,33,51,26,79,43,57,124" hai3="62,9,93,3,4,32,74,94,45,132,44,36,77"/><W12/><G132/><T21/><D134/><U87/><E121/><V80/><F115/><W119/><G119/><T109/><D109/><U66/><E61/><V95/><F123/><W25/><G45/><T64/><D68/><U97/><E105/><V29/><F124/><W108/><G12/><T130/><D114/><U102/><E30/><V42/><F33/><W47/><G47/><T127/><D41/><U19/><E97/><V28/><F28/><N who="3" m="19471" /><G62/><T59/><D38/><U112/><E112/><V18/><F18/><W53/><G53/><T55/><D55/><U67/><E60/><V11/><F11/><W82/><G108/><T135/><D135/><U23/><REACH who="1" step="1"/><E19/><REACH who="1" ten="291,280,186,233" step="2"/><V8/><F8/><W110/><G110/><T122/><D122/><U125/><E125/><V49/><REACH who="2" step="1"/><F57/><REACH who="2" ten="291,280,176,233" step="2"/><W100/><G100/><T126/><D126/><U13/><E13/><V17/><F17/><W78/><G9/><T1/><D127/><U35/><E35/><V6/><F6/><W16/><G4/><T5/><D5/><U15/><E15/><V2/><F2/><W101/><G3/><T118/><D1/><U14/><E14/><V92/><F92/><W70/><G16/><T10/><D59/><U40/><AGARI ba="0,2" hai="20,22,23,37,40,46,66,67,83,87,88,98,102,107" machi="40" ten="30,8000,1" yaku="1,1,0,1,52,2,54,1,53,0" doraHai="63" doraHaiUra="91" who="1" fromWho="1" sc="291,-20,280,100,176,-20,233,-40" owari="271,7.1,380,48.0,156,-34.4,193,-20.7" /></mjloggm>