<mjloggm ver="2.3"><GO type="225" lobby="0"/><UN n0="%E6%9D%B1%E9%A2%A8%E3%81%AE%E3%81%8D%E3%82%83%E3%81%B7%E3%81%95%E3%82%93" n1="%E6%A1%9C%E8%8A%B1%E9%96%83%E3%80%85" n2="%E4%BA%BA%E9%96%93%E3%83%81%E3%83%A3%E3%83%BC%E3%83%8F%E3%83%B3" n3="%E3%81%AA%E3%82%81%E3%81%93%E9%9B%80%E5%A3%AB" dan="17,16,16,16" rate="2212.81,2189.38,2158.01,2017.99" sx="M,M,M,M"/><TAIKYOKU oya="0"/><INIT seed="0,0,0,5,3,79" ten="250,250,250,250" oya="0" hai0="18,11,0,21,129,90,124,48,50,125,42,41,59" hai1="113,29,86,27,101,114,103,22,71,107,40,13,68" hai2="45,102,123,3,47,93,132,31,133,33,57,28,77" hai3="80,100,118,61,36,127,75,99,37,56,43,26,25"/><T128/><D90/><U35/><E40/><N who="0" m="15465" /><D11/><U44/><E44/><N who="2" m="16971" /><F123/><W117/><G127/><N who="0" m="48715" /><D0/><U8/><E35/><V96/><F3/><W54/><G43/><T63/><D21/><U106/><E86/><V23/><F33/><W105/><G26/><T87/><D18/><N who="1" m="8487" /><E101/><V51/><F77/><W119/><G25/><T81/><D81/><U126/><E126/><V49/><F23/><W97/><G97/><T17/><D87/><U82/><E82/><V89/><F57/><W12/><G12/><T32/><D17/><U30/><E30/><N who="2" m="11307" /><F102/><W34/><REACH who="3" step="1"/><G34/><REACH who="3" ten="250,250,250,240" step="2"/><T121/><D32/><U74/><E27/><V1/><F1/><W4/><G4/><T76/><D121/><U9/><E114/><V94/><F133/><W108/><G108/><T69/><D76/><AGARI ba="0,1" hai="36,37,54,56,61,75,76,80,99,100,105,117,118,119" machi="76" ten="40,2600,0" yaku="1,1,52,1,53,0" doraHai="79" doraHaiUra="38" who="3" fromWho="0" sc="250,-26,250,0,250,0,240,36" /><INIT seed="1,0,0,2,5,68" ten="224,250,250,276" oya="1" hai0="111,6,93,133,61,47,12,131,4,79,70,53,32" hai1="7,78,27,51,115,66,81,11,98,91,56,19,41" hai2="102,113,97,92,69,60,34,82,129,44,5,124,9" hai3="33,135,18,39,3,109,96,38,126,24,130,75,114"/><U49/><E115/><V117/><F117/><W132/><G114/><T48/><D32/><U65/><E98/><V118/><F118/><W105/><G109/><T104/><D104/><U112/><E91/><V122/><F122/><W121/><G121/><T62/><D111/><U77/><E112/><V116/><F34/><W17/><G130/><T8/><D131/><U30/><E19/><V28/><F116/><W134/><G126/><T58/><D133/><U108/><E77/><V40/><F129/><W15/><G3/><T67/><D79/><U31/><E31/><V20/><F113/><W87/><G75/><T72/><D72/><U73/><E41/><V90/><F69/><W23/><G87/><T120/><D120/><U26/><E26/><N who="2" m="16455" /><F60/><W35/><G35/><T10/><D93/><U76/><E76/><V21/><F21/><N who="3" m="13359" /><G33/><T110/><D110/><U101/><E101/><AGARI ba="0,0" hai="15,18,23,38,39,96,101,105,132,134,135" m="13359" machi="101" ten="30,3900,0" yaku="20,1,52,2" doraHai="68" who="3" fromWho="1" sc="224,0,250,-39,250,0,276,39" /><INIT seed="2,0,0,4,2,0" ten="224,211,250,315" oya="2" hai0="132,110,51,127,95,21,108,28,109,2,97,6,58" hai1="16,134,120,124,33,41,23,96,122,13,19,79,81" hai2="114,123,9,31,71,38,62,106,129,61,135,1,7" hai3="24,105,54,84,26,87,37,131,130,34,10,101,3"/><V11/><F114/><W86/><G37/><T78/><D78/><U98/><E33/><V121/><F106/><W22/><G34/><T12/><D132/><U60/><E134/><V15/><F135/><W39/><G39/><T99/><D127/><U116/><E116/><V104/><F104/><W66/><G66/><T80/><D80/><U85/><E124/><V14/><F38/><W90/><G54/><N who="0" m="32095" /><D95/><U27/><E60/><N who="2" m="23147" /><F71/><W69/><G26/><N who="0" m="16463" /><D2/><U70/><E41/><V47/><F1/><W43/><G43/><T102/><D102/><U40/><E40/><V5/><F123/><N who="1" m="47145" /><E70/><V20/><F121/><W59/><G101/><T45/><D45/><U103/><E103/><V115/><F129/><N who="3" m="49163" /><G105/><T50/><D50/><U133/><E133/><V63/><F115/><W35/><G35/><T73/><D73/><U89/><E79/><V36/><F36/><W65/><G69/><T53/><D53/><U68/><E68/><V111/><F111/><N who="0" m="28418" /><T44/><DORA hai="17" /><D44/><U29/><E29/><V32/><F63/><W100/><G100/><T76/><D76/><U55/><E55/><V64/><F47/><W57/><G65/><T83/><D83/><U82/><E82/><V74/><F74/><W93/><G59/><T88/><D88/><U67/><E67/><V48/><F64/><W118/><G57/><T128/><D128/><U42/><E42/><V72/><F72/><W126/><G126/><T18/><D18/><U112/><E112/><V75/><F75/><W107/><G90/><T92/><D92/><U113/><E113/><V91/><F91/><N who="3" m="53479" /><G107/><T49/><D49/><RYUUKYOKU ba="0,0" sc="224,15,211,15,250,-15,315,-15" hai0="6,12,97,99" hai1="13,16,19,23,27,81,85,89,96,98" /><INIT seed="3,1,0,4,2,117" ten="239,226,235,300" oya="3" hai0="30,39,124,43,63,19,38,84,25,113,26,33,15" hai1="100,17,86,12,129,58,46,36,16,0,134,91,73" hai2="99,88,47,41,115,109,51,112,104,94,85,72,20" hai3="67,9,61,69,119,76,131,22,66,64,83,27,5"/><W70/><G131/><T37/><D124/><U54/><E0/><V107/><F109/><W114/><G114/><T71/><D113/><U42/><E129/><V92/><F72/><W111/><G111/><T10/><D84/><U90/><E73/><V102/><F104/><W96/><G96/><T78/><D78/><U24/><E134/><V97/><REACH who="2" step="1"/><F20/><REACH who="2" ten="239,226,225,300" step="2"/><W57/><G22/><T116/><D116/><U93/><E100/><AGARI ba="1,1" hai="41,47,51,85,88,92,94,97,99,100,102,107,112,115" machi="100" ten="30,7700,0" yaku="1,1,2,1,7,1,54,1,53,0" doraHai="117" doraHaiUra="53" who="2" fromWho="1" sc="239,0,226,-80,225,90,300,0" owari="239,-16.1,146,-35.4,315,41.5,300,10.0" /></mjloggm>