<mjloggm ver="2.3"><GO type="225" lobby="0"/><UN n0="%E3%81%AF%E3%82%88%E3%81%8A%E3%81%98%E3%81%95%E3%82%93" n1="%E5%8F%AF%E5%85%90%E9%82%A3%E7%94%B1%E5%A4%9A" n2="%33%74%72%65%65" n3="%E7%BD%AA%E5%88%91%E6%B3%95%E5%AE%9A%E4%B8%BB%E7%BE%A9" dan="17,17,16,16" rate="2152.98,2258.96,2125.43,2160.55" sx="M,F,F,M"/><TAIKYOKU oya="0"/><INIT seed="0,0,0,2,1,71" ten="250,250,250,250" oya="0" hai0="2,16,72,118,20,116,121,125,95,30,32,78,130" hai1="39,107,90,127,63,79,55,15,46,41,109,28,8" hai2="11,115,14,104,74,94,3,85,13,26,42,36,89" hai3="64,54,110,50,84,37,59,112,6,96,128,99,66"/><T51/><D121/><U117/><E117/><V34/><F115/><W7/><G112/><T81/><D2/><U82/><E107/><V43/><F104/><W22/><G110/><T98/><D125/><U0/><E109/><V87/><F74/><W105/><G37/><T119/><D130/><U113/><E113/><V12/><F85/><W83/><G128/><T23/><D32/><U133/><E127/><V131/><F131/><W88/><G22/><T134/><D134/><U52/><E133/><V76/><F76/><W33/><G33/><T126/><D126/><U132/><E132/><V65/><F65/><N who="3" m="25195" /><G105/><T47/><D30/><U38/><E28/><V45/><F43/><W21/><G21/><T9/><D9/><U123/><E123/><V114/><F114/><W129/><G129/><T60/><D60/><U111/><E111/><V101/><F101/><W5/><AGARI ba="0,0" hai="5,6,7,50,54,59,83,84,88,96,99" m="25195" machi="5" ten="30,2000,0" yaku="8,1,54,1" doraHai="71" who="3" fromWho="3" sc="250,-10,250,-5,250,-5,250,20" /><INIT seed="1,0,0,5,1,2" ten="240,245,245,270" oya="1" hai0="96,42,7,57,125,22,45,97,82,113,62,24,14" hai1="17,70,54,34,61,5,123,104,81,135,55,18,117" hai2="6,59,0,73,35,132,3,79,13,77,71,65,111" hai3="95,58,76,86,49,131,130,25,69,128,29,52,107"/><U36/><E117/><V21/><F71/><W100/><G69/><T50/><D125/><U53/><E123/><V89/><F35/><W37/><G37/><T105/><D113/><U15/><E34/><V98/><F111/><W12/><G12/><T78/><D105/><U74/><E36/><V44/><F132/><W20/><G107/><T33/><D33/><U43/><E104/><V103/><F89/><N who="3" m="53687" /><G76/><T9/><D82/><U126/><E43/><V114/><F114/><W47/><G100/><T28/><REACH who="0" step="1"/><D78/><REACH who="0" ten="230,245,245,270" step="2"/><U67/><E126/><V75/><F79/><W31/><G31/><T116/><D116/><U119/><E119/><V40/><F77/><W134/><G134/><T41/><D41/><U23/><E135/><V122/><F40/><W84/><G84/><T88/><D88/><U38/><E81/><V127/><F127/><W124/><G124/><T110/><D110/><U92/><E92/><V90/><F90/><W83/><G83/><T120/><D120/><U112/><E112/><V11/><F73/><W56/><AGARI ba="0,1" hai="20,25,29,47,49,52,56,58,128,130,131" m="53687" machi="56" ten="40,2700,0" yaku="19,1,54,1" doraHai="2" who="3" fromWho="3" sc="230,-7,245,-13,245,-7,270,37" /><INIT seed="2,0,0,5,0,28" ten="223,232,238,307" oya="2" hai0="131,100,0,1,36,50,81,98,92,9,24,129,64" hai1="17,112,25,43,84,78,113,117,40,16,41,126,124" hai2="105,102,42,135,15,125,19,115,127,83,107,10,76" hai3="32,73,111,48,53,37,130,87,62,33,93,7,109"/><V20/><F115/><N who="1" m="44105" /><E25/><V44/><F135/><W120/><G37/><T12/><D36/><U106/><E106/><V67/><F67/><W58/><G73/><T46/><D64/><U30/><E30/><V38/><F10/><W59/><G7/><T31/><D81/><U104/><E104/><V63/><F63/><W74/><G74/><T134/><D134/><U8/><E8/><V65/><F65/><N who="3" m="39127" /><G120/><T132/><D132/><U70/><E117/><V123/><F123/><W11/><G11/><T114/><D114/><U86/><E70/><V88/><F76/><W128/><G93/><T57/><D57/><U22/><E78/><V77/><F77/><W47/><G87/><N who="1" m="33322" /><E22/><V80/><F102/><W91/><G91/><T118/><D118/><U90/><E90/><V6/><F88/><W108/><G59/><T101/><D100/><U133/><E133/><V99/><F105/><W35/><AGARI ba="0,0" hai="32,33,35,47,48,53,108,109,111,128,130" m="39127" machi="35" ten="40,8000,1" yaku="14,1,52,3" doraHai="28" who="3" fromWho="3" sc="223,-20,232,-20,238,-40,307,80" /><INIT seed="3,0,0,5,1,118" ten="203,212,198,387" oya="3" hai0="60,74,101,110,85,51,0,67,111,26,125,66,57" hai1="33,117,65,78,46,69,94,32,31,87,54,23,62" hai2="47,98,27,97,14,72,79,8,53,120,70,116,20" hai3="49,109,100,13,29,89,4,52,11,64,42,3,17"/><W15/><G100/><T34/><D74/><U38/><E117/><V104/><F116/><W129/><G129/><T126/><D0/><U76/><E23/><V127/><F70/><W59/><G29/><N who="0" m="19767" /><D101/><U55/><E76/><V128/><F128/><W132/><G132/><T19/><D66/><U95/><E95/><V39/><F120/><W133/><G109/><N who="0" m="41483" /><D19/><U112/><E112/><V93/><F127/><N who="0" m="48650" /><D51/><U24/><E65/><V22/><F104/><W28/><G64/><T75/><D75/><U71/><E31/><N who="2" m="17895" /><F39/><W80/><G42/><T63/><D85/><U99/><E87/><V21/><F72/><W107/><G107/><T103/><D103/><U9/><E38/><V119/><F119/><W81/><G28/><T58/><D63/><U134/><E62/><V36/><F36/><W135/><G3/><T6/><D6/><U77/><E69/><AGARI ba="0,0" hai="57,58,60,67,69" m="48650,41483,19767" machi="69" ten="30,2000,0" yaku="14,1,18,1" doraHai="118" who="0" fromWho="1" sc="203,20,212,-20,198,0,387,0" owari="223,2.3,192,-30.8,198,-20.2,387,48.7" /></mjloggm>