<mjloggm ver="2.3"><GO type="225" lobby="0"/><UN n0="%E3%83%81%E3%83%AF%E3%83%AF%E9%9A%8A%E9%95%B7" n1="%E6%9A%87%E4%BA%BA%EF%BC%A0%E9%85%8D%E4%BF%A1%E5%9E%A2" n2="%E3%82%A2%E3%83%A1%E3%82%A2%E3%83%A9%E3%83%AC" n3="%E6%97%A5%E6%9B%9C%E6%97%A5%E3%82%88%E3%82%8A%E3%81%AE%E4%BD%BF%E8%80%85" dan="17,17,16,16" rate="2173.95,2198.71,2154.39,2089.92" sx="M,M,M,M"/><TAIKYOKU oya="0"/><INIT seed="0,0,0,2,5,37" ten="250,250,250,250" oya="0" hai0="1,29,118,46,80,114,73,113,64,115,28,83,42" hai1="127,62,123,129,90,15,22,48,3,56,26,120,94" hai2="24,132,12,53,100,75,97,70,30,95,7,54,32" hai3="45,67,4,66,112,104,87,6,106,13,5,74,14"/><T119/><D1/><U79/><E3/><V18/><F132/><W108/><G74/><T9/><D9/><U101/><E127/><V122/><F122/><W126/><G112/><T65/><D73/><U68/><E129/><V27/><F75/><W133/><G126/><T17/><D17/><U93/><E79/><V2/><F70/><W52/><G133/><T91/><D91/><U25/><E68/><V110/><F110/><W19/><G108/><T86/><D86/><N who="1" m="52439" /><E48/><V99/><F27/><W33/><G33/><T11/><D11/><U10/><E22/><N who="2" m="11591" /><F99/><W102/><G106/><T131/><D113/><U85/><E120/><V16/><F16/><W130/><G130/><T84/><D131/><U128/><E123/><V39/><F39/><W81/><G102/><T116/><D116/><U71/><E71/><V20/><F20/><N who="3" m="11375" /><G14/><T76/><D119/><U43/><E128/><V59/><F59/><W77/><G104/><T58/><D118/><U107/><E107/><V89/><F100/><W125/><G125/><T57/><D115/><U23/><E101/><V105/><F105/><W98/><G98/><T135/><D114/><U38/><E15/><V8/><AGARI ba="0,0" hai="2,7,8,24,30,32,53,54,89,95,97" m="11591" machi="8" ten="30,1100,0" yaku="24,1" doraHai="37" who="2" fromWho="2" sc="250,-5,250,-3,250,11,250,-3" /><INIT seed="1,0,0,4,1,126" ten="245,247,261,247" oya="1" hai0="35,92,90,93,80,83,103,99,76,79,14,57,24" hai1="28,30,77,82,110,16,53,1,44,102,32,42,69" hai2="120,86,9,100,25,63,73,135,56,54,84,91,33" hai3="18,75,31,125,109,37,22,3,20,131,21,0,132"/><U5/><E69/><V59/><F120/><W112/><G75/><N who="0" m="43039" /><D14/><U51/><E102/><V67/><F73/><W129/><G37/><T36/><D57/><U127/><E127/><V7/><F135/><W34/><G125/><T95/><D24/><U55/><E110/><V78/><F100/><W88/><G109/><T124/><D35/><U46/><E32/><V38/><F38/><W121/><G121/><T66/><D66/><U23/><E5/><V50/><F78/><W85/><G132/><T72/><D36/><U11/><E11/><V119/><F119/><W70/><G70/><T10/><D10/><U64/><E64/><V15/><F84/><W26/><G112/><T65/><D65/><U29/><E1/><V4/><F33/><W108/><G108/><T17/><D17/><U52/><E44/><V89/><F89/><W27/><G27/><T43/><D43/><U128/><E128/><N who="3" m="49226" /><G18/><T13/><D124/><U62/><E62/><V113/><F25/><W12/><G12/><T8/><D13/><U133/><E133/><V94/><F113/><W87/><G87/><N who="0" m="52319" /><D8/><U60/><E60/><V115/><F115/><W105/><G105/><AGARI ba="0,0" hai="72,79,83,93,95,99,103,105" m="52319,43039" machi="105" ten="30,12000,2" yaku="24,1,35,5" doraHai="126" who="0" fromWho="3" sc="245,120,247,0,261,0,247,-120" /><INIT seed="2,0,0,0,1,6" ten="365,247,261,127" oya="2" hai0="76,132,34,101,15,43,47,57,128,114,83,116,125" hai1="90,80,73,104,117,72,112,61,33,98,123,89,8" hai2="18,130,59,84,31,85,16,133,29,64,131,118,12" hai3="135,46,74,19,24,75,3,68,36,91,60,41,27"/><V93/><F118/><W122/><G122/><T67/><D114/><U28/><E112/><V5/><F133/><W14/><G3/><T44/><D34/><U51/><E117/><V2/><F2/><W134/><G91/><T7/><D116/><U50/><E123/><V54/><F64/><W39/><G68/><T121/><D121/><U119/><E119/><V42/><F42/><W52/><G36/><T103/><D132/><U100/><E61/><N who="2" m="36087" /><F5/><W10/><G135/><T81/><D43/><U87/><E89/><N who="2" m="53415" /><F85/><W102/><G102/><T62/><D101/><U55/><E50/><V20/><F18/><W23/><G134/><T99/><D7/><U58/><E33/><V66/><F66/><W97/><G97/><T4/><D99/><U78/><E28/><V56/><F56/><W65/><G65/><T1/><D57/><U86/><E86/><V127/><F127/><W108/><G75/><T88/><D125/><U106/><E106/><V129/><AGARI ba="0,0" hai="12,16,20,29,31,129,130,131" m="53415,36087" machi="129" ten="30,3000,0" yaku="19,1,54,1" doraHai="6" who="2" fromWho="2" sc="365,-10,247,-10,261,30,127,-10" /><INIT seed="2,1,0,1,4,32" ten="355,237,291,117" oya="2" hai0="129,113,1,96,9,53,135,114,56,112,28,23,82" hai1="119,2,33,127,31,101,97,67,106,45,93,92,132" hai2="40,50,38,84,14,25,134,3,18,29,21,88,86" hai3="55,70,100,60,87,11,65,89,59,72,102,73,125"/><V63/><F134/><W83/><G125/><T122/><D122/><U75/><E119/><V64/><F38/><W85/><G73/><T121/><D121/><U34/><E75/><V117/><F117/><W47/><G72/><T41/><D135/><U4/><E132/><V95/><F3/><W49/><G85/><T46/><D129/><U58/><E127/><V76/><F50/><W42/><REACH who="3" step="1"/><G11/><REACH who="3" ten="355,237,291,107" step="2"/><T124/><D9/><N who="1" m="2199" /><E106/><V116/><F116/><W115/><G115/><T44/><D124/><U20/><E92/><V54/><F84/><W66/><G66/><T104/><D112/><U131/><E67/><V15/><F64/><W105/><G105/><T27/><D104/><U51/><E93/><V81/><F95/><W52/><G52/><T71/><D53/><U6/><E131/><V108/><F54/><W77/><G77/><T94/><D114/><U61/><E97/><V118/><F76/><W103/><G103/><T13/><D96/><U109/><E101/><V80/><F86/><W98/><G98/><T5/><D94/><U90/><E90/><V79/><F88/><W111/><G111/><T36/><D113/><U35/><E109/><V7/><F108/><W130/><G130/><T133/><D133/><U26/><E34/><N who="2" m="20783" /><F79/><W37/><AGARI ba="1,1" hai="37,42,47,49,55,59,60,65,70,83,87,89,100,102" machi="37" ten="20,8000,1" yaku="1,1,0,1,7,1,24,2,53,0" doraHai="32" doraHaiUra="126" who="3" fromWho="3" sc="355,-21,237,-21,291,-41,107,93" /><INIT seed="3,0,0,0,4,75" ten="334,216,250,200" oya="3" hai0="110,23,100,47,4,86,5,18,2,54,60,125,41" hai1="96,91,78,105,58,82,79,135,70,31,0,92,64" hai2="97,67,21,25,8,127,45,133,118,39,30,37,81" hai3="42,83,51,103,62,84,73,44,132,16,108,128,131"/><W53/><G73/><T68/><D125/><U35/><E0/><V113/><F113/><W40/><G132/><T107/><D110/><U13/><E135/><V6/><F118/><W26/><G103/><T69/><D2/><U87/><E58/><V93/><F127/><W56/><G108/><T17/><D68/><U106/><E13/><V112/><F112/><W124/><G124/><T33/><D33/><U115/><E115/><V102/><F45/><W111/><G111/><T101/><D17/><U46/><E46/><V119/><F119/><W38/><G38/><T57/><D69/><U98/><E98/><V9/><F9/><W12/><G26/><T90/><D100/><N who="1" m="62599" /><E92/><V1/><F133/><W129/><G42/><T121/><D121/><U3/><E3/><V36/><F67/><W104/><G104/><T49/><D101/><U77/><E91/><V109/><F109/><W66/><G40/><T24/><D107/><U72/><E72/><V116/><F116/><W7/><G7/><T76/><D90/><U11/><E11/><V55/><F55/><W120/><G120/><T126/><D126/><U22/><E22/><V74/><F37/><W94/><G94/><T99/><D99/><U123/><E106/><V88/><F74/><W32/><G32/><T89/><D89/><N who="1" m="51447" /><E123/><V27/><F27/><W122/><G122/><T117/><D117/><U95/><E95/><V63/><F63/><W20/><REACH who="3" step="1"/><G131/><REACH who="3" ten="334,216,250,190" step="2"/><T85/><D4/><U15/><E15/><V61/><F39/><W71/><G71/><T29/><D5/><U14/><E14/><V80/><F36/><RYUUKYOKU ba="0,1" sc="334,-10,216,-10,250,-10,190,30" hai3="12,16,20,44,51,53,56,62,66,83,84,128,129" /><INIT seed="3,1,1,0,3,3" ten="324,206,240,220" oya="3" hai0="108,112,74,42,130,55,40,127,131,43,94,103,110" hai1="49,117,118,38,37,45,48,109,53,36,100,34,8" hai2="69,89,6,31,123,85,7,15,122,10,30,80,18" hai3="101,105,96,120,56,52,99,73,93,128,133,67,77"/><W78/><G120/><N who="2" m="46121" /><F69/><W23/><G73/><T20/><D74/><U121/><E121/><V84/><F84/><W88/><G128/><N who="0" m="49195" /><D112/><U87/><E109/><V113/><F113/><W62/><G133/><T75/><D75/><U124/><E124/><V132/><F132/><W95/><G105/><T2/><D2/><U116/><E34/><V72/><F72/><W91/><G101/><T115/><D115/><U59/><E100/><V44/><F44/><W28/><G67/><T9/><D127/><U104/><E104/><V27/><F27/><AGARI ba="1,1" hai="23,27,28,52,56,62,77,78,88,91,93,95,96,99" machi="27" ten="40,12000,1" yaku="9,1,8,1,54,2" doraHai="3" who="3" fromWho="2" sc="324,0,206,0,240,-123,220,133" owari="324,12.4,206,-19.4,117,-38.3,353,45.3" /></mjloggm>