<mjloggm ver="2.3"><GO type="225" lobby="0"/><UN n0="%E4%BF%BA%E3%81%A8%E5%A6%96%E5%A4%A2" n1="%E3%81%B5%E3%81%98%E3%81%8B%E3%81%A4" n2="%E3%83%AD%E3%83%83%E3%83%86%E9%9B%80%E7%90%83" n3="%EF%BC%AE%EF%BC%A1%EF%BC%AF%33%33%39" dan="17,16,16,17" rate="2163.96,2188.29,2179.41,2139.27" sx="F,M,M,M"/><TAIKYOKU oya="0"/><INIT seed="0,0,0,3,5,30" ten="250,250,250,250" oya="0" hai0="57,101,5,133,120,62,0,51,84,16,9,80,85" hai1="95,20,117,24,86,123,18,90,87,91,106,48,40" hai2="132,65,15,110,104,32,64,82,130,60,35,53,131" hai3="108,8,14,112,66,4,29,135,12,73,74,111,25"/><T2/><D120/><U105/><E123/><V10/><F104/><W97/><G112/><T45/><D133/><U128/><E117/><V98/><F132/><W125/><G135/><T115/><D115/><U3/><E3/><V46/><F98/><W121/><G121/><T116/><D116/><U47/><REACH who="1" step="1"/><E128/><REACH who="1" ten="250,240,250,250" step="2"/><V63/><F131/><W89/><G111/><T78/><D0/><U100/><E100/><V77/><F130/><W19/><G108/><T34/><D101/><U113/><E113/><V99/><F110/><W88/><G125/><T17/><D85/><U27/><E27/><V41/><F99/><W134/><G134/><T103/><D103/><U36/><E36/><V33/><F65/><W23/><G66/><T11/><D34/><U31/><E31/><V107/><F64/><W49/><G97/><T58/><D9/><U52/><E52/><V70/><F53/><W126/><G126/><T69/><D2/><U44/><E44/><V39/><F107/><W109/><G109/><T54/><D11/><U22/><E22/><V55/><F55/><W122/><G122/><T102/><D102/><U76/><E76/><V43/><F43/><W93/><G89/><T28/><D78/><U50/><E50/><V68/><F63/><W94/><G49/><T129/><D129/><U75/><E75/><V127/><F60/><W114/><G114/><T7/><D28/><U71/><E71/><V37/><F127/><W21/><G88/><N who="0" m="51207" /><D69/><U92/><AGARI ba="0,1" hai="18,20,24,40,47,48,86,87,90,91,92,95,105,106" machi="92" ten="20,5200,0" yaku="1,1,0,1,7,1,9,1,53,0" doraHai="30" doraHaiUra="72" who="1" fromWho="1" sc="250,-26,240,62,250,-13,250,-13" /><INIT seed="1,0,0,2,1,3" ten="224,302,237,237" oya="1" hai0="44,69,5,46,115,21,47,99,40,41,93,26,8" hai1="65,14,132,123,66,11,79,10,117,121,105,57,120" hai2="128,107,27,94,90,33,74,30,62,61,1,56,38" hai3="113,2,37,116,7,24,50,22,95,83,71,25,0"/><U75/><E117/><V131/><F107/><W9/><G37/><T6/><D69/><U97/><E132/><V134/><F38/><W124/><G71/><T68/><D68/><U19/><E57/><V39/><F39/><W114/><G83/><T73/><D73/><U130/><E130/><N who="2" m="49707" /><F134/><W106/><G106/><T36/><D115/><U35/><E35/><V102/><F1/><W20/><G95/><T84/><D84/><U63/><E11/><V108/><F108/><W126/><G50/><T85/><D85/><U80/><REACH who="1" step="1"/><E63/><REACH who="1" ten="224,292,237,237" step="2"/><V32/><F32/><W43/><G9/><T59/><D59/><U12/><E12/><V125/><F33/><W53/><G116/><T110/><D8/><U81/><E81/><V4/><F62/><W17/><G2/><T100/><D110/><U49/><E49/><V72/><F61/><W15/><G0/><T51/><REACH who="0" step="1"/><D44/><REACH who="0" ten="214,292,237,237" step="2"/><U28/><E28/><AGARI ba="0,2" hai="5,6,21,26,28,36,40,41,46,47,51,93,99,100" machi="28" ten="30,8000,1" yaku="1,1,2,1,7,1,52,2,53,0" doraHai="3" doraHaiUra="31" who="0" fromWho="1" sc="214,100,292,-80,237,0,237,0" /><INIT seed="2,0,0,2,4,81" ten="314,212,237,237" oya="2" hai0="77,132,29,78,35,43,58,127,16,122,108,70,73" hai1="74,92,56,32,20,63,51,30,99,10,18,13,101" hai2="36,134,80,114,105,91,85,116,97,2,1,89,100" hai3="123,22,129,14,50,33,37,69,27,39,68,34,75"/><V125/><F114/><W52/><G123/><T88/><D122/><U90/><E74/><V66/><F116/><W76/><G75/><T54/><D70/><U120/><E120/><V5/><F125/><W87/><G68/><T38/><D127/><U130/><E130/><V110/><F134/><W98/><G69/><T115/><D115/><U59/><E32/><V102/><F36/><W60/><G60/><T0/><D0/><U83/><E51/><V28/><F66/><W26/><G14/><T8/><D29/><U25/><E63/><V61/><F61/><W47/><G98/><T65/><D35/><U113/><E113/><V49/><F102/><W21/><G129/><T3/><D3/><U12/><REACH who="1" step="1"/><E13/><REACH who="1" ten="314,202,237,237" step="2"/><V135/><F135/><W17/><G34/><T11/><D73/><U112/><E112/><V128/><F128/><W79/><G33/><T46/><D132/><U45/><E45/><V82/><F1/><W31/><G39/><T95/><D46/><U107/><E107/><V126/><F49/><W44/><G37/><T67/><D38/><U57/><E57/><V42/><F126/><W121/><G121/><T23/><D58/><U41/><E41/><V4/><F42/><W133/><G133/><T71/><D43/><U24/><E24/><V84/><F2/><W19/><G47/><T40/><D71/><U6/><E6/><V62/><F62/><W106/><G106/><T72/><D40/><U103/><E103/><V96/><F100/><W117/><G44/><T86/><D72/><U48/><E48/><V7/><F105/><W119/><G50/><RYUUKYOKU ba="0,1" sc="314,-10,202,30,237,-10,237,-10" hai1="10,12,18,20,25,30,56,59,83,90,92,99,101" /><INIT seed="3,1,1,0,2,104" ten="304,232,227,227" oya="3" hai0="130,4,99,116,38,56,100,95,7,92,75,91,125" hai1="36,3,69,17,58,25,102,103,114,20,108,119,47" hai2="105,2,124,22,11,15,133,79,71,24,37,90,30" hai3="16,115,28,48,46,97,134,27,70,86,135,52,129"/><W122/><G122/><T23/><D116/><U82/><E114/><V0/><F105/><W68/><G115/><T72/><D38/><U8/><E69/><V53/><F71/><W64/><G64/><T33/><D33/><U73/><E58/><V44/><F79/><W123/><G123/><T96/><D130/><U26/><E26/><V10/><F10/><W43/><G129/><T78/><D125/><U80/><E80/><V66/><F66/><W61/><G97/><T5/><D78/><U110/><E119/><V128/><F128/><W109/><G86/><T29/><D56/><U93/><E93/><V12/><F12/><W67/><G68/><T101/><D91/><U126/><E103/><V120/><F133/><N who="3" m="50699" /><G109/><N who="1" m="42090" /><E102/><V9/><F124/><W118/><G118/><T6/><D6/><N who="1" m="1119" /><E126/><V13/><F120/><W19/><G43/><T51/><D51/><U50/><E36/><V111/><F37/><W62/><G61/><T14/><D14/><U39/><E39/><V85/><F111/><W84/><G84/><T31/><D31/><U121/><E121/><V83/><F0/><W107/><G107/><T88/><D88/><U131/><E131/><V45/><F2/><W54/><G54/><T132/><D132/><U49/><E47/><V87/><F53/><W81/><G81/><T21/><D29/><U113/><E113/><V98/><F98/><W32/><AGARI ba="1,1" hai="16,19,27,28,32,46,48,52,62,67,70" m="50699" machi="32" ten="30,6000,0" yaku="20,1,54,2" doraHai="104" who="3" fromWho="3" sc="304,-21,232,-21,227,-21,227,73" owari="283,8.3,211,-18.9,206,-29.4,300,40.0" /></mjloggm>