<mjloggm ver="2.3"><GO type="225" lobby="0"/><UN n0="%73%6C%69%63%6B%33%31%39" n1="%E9%80%9F%E6%B0%B4%E5%87%9B%E9%A6%99" n2="%E5%80%89%E6%A9%8B%EF%BC%A0%E4%BA%8B%E5%8B%99" n3="%E3%81%AA%E3%81%8C%E3%81%95%E3%82%8F%E3%81%BE%E3%81%95%E3%81%BF" dan="17,16,16,16" rate="2162.55,2117.04,2093.37,2098.80" sx="M,F,M,F"/><TAIKYOKU oya="0"/><INIT seed="0,0,0,0,4,108" ten="250,250,250,250" oya="0" hai0="97,4,116,79,55,122,123,104,35,71,130,105,10" hai1="59,127,18,86,39,5,15,132,121,16,101,69,89" hai2="135,40,90,23,6,64,76,107,21,83,9,110,78" hai3="22,48,131,68,25,124,133,85,70,17,0,88,74"/><T50/><D116/><U43/><E69/><V96/><F110/><W115/><G74/><T32/><D71/><U63/><E121/><V42/><F135/><W46/><G133/><T129/><D79/><U53/><E132/><V112/><F64/><W92/><G131/><T29/><D97/><U58/><E127/><V65/><F65/><W62/><G124/><T56/><D104/><U119/><E119/><V82/><F107/><W75/><G75/><T67/><D67/><U26/><E101/><V84/><F96/><W95/><G62/><T47/><D105/><U57/><E26/><V126/><F126/><W113/><G0/><N who="0" m="263" /><D56/><N who="1" m="21611" /><E43/><V60/><F60/><W93/><G68/><T20/><D20/><U102/><E39/><V27/><F112/><W33/><G33/><N who="0" m="12875" /><D29/><U44/><E44/><V111/><F111/><W31/><G31/><T106/><D106/><U38/><E38/><V114/><F114/><W125/><G70/><T128/><AGARI ba="0,0" hai="47,50,55,122,123,128,129,130" m="12875,263" machi="128" ten="40,2100,0" yaku="19,1" doraHai="108" who="0" fromWho="0" sc="250,21,250,-7,250,-7,250,-7" /><INIT seed="0,1,0,5,4,108" ten="271,243,243,243" oya="0" hai0="13,83,53,29,59,7,105,74,72,84,18,31,60" hai1="131,100,97,132,93,71,88,15,57,27,8,26,5" hai2="90,50,125,113,65,30,47,76,36,94,38,98,49" hai3="85,75,135,89,33,67,64,114,99,129,28,80,55"/><T130/><D105/><U48/><E71/><V128/><F76/><W2/><G2/><T14/><D130/><U110/><E132/><V122/><F122/><W9/><G135/><T6/><D74/><U56/><E110/><V112/><F128/><W37/><G37/><T104/><D104/><U117/><E117/><V133/><F133/><W22/><G33/><T68/><D72/><U17/><E131/><V1/><F1/><W124/><G114/><T16/><D68/><U40/><E40/><V11/><F65/><W82/><G124/><T70/><D70/><U86/><E48/><V62/><F125/><W21/><G9/><N who="0" m="6191" /><D6/><U109/><E109/><V0/><F62/><W66/><G28/><T107/><D7/><U77/><E77/><V123/><F123/><W44/><G99/><T10/><D107/><U61/><E5/><V23/><F0/><W121/><G121/><T69/><D69/><U43/><E43/><V119/><F119/><W115/><G115/><T4/><D18/><U103/><E57/><V73/><F73/><W116/><G116/><T102/><D102/><U126/><E126/><V79/><F11/><W87/><G75/><T118/><D118/><U45/><E45/><V32/><F32/><W24/><G129/><T52/><D53/><N who="1" m="33935" /><E103/><V25/><F38/><W19/><G55/><T81/><D81/><AGARI ba="1,0" hai="8,15,17,26,27,81,86,88,93,97,100" m="33935" machi="81" ten="30,2000,0" yaku="8,1,54,1" doraHai="108" who="1" fromWho="0" sc="271,-23,243,23,243,0,243,0" /><INIT seed="1,0,0,4,3,63" ten="248,266,243,243" oya="1" hai0="72,69,60,98,18,35,125,68,130,95,111,23,53" hai1="17,50,11,7,105,101,121,12,33,79,120,25,46" hai2="110,127,126,22,92,128,54,40,36,32,83,59,96" hai3="135,131,2,38,112,57,114,87,1,129,104,34,52"/><U97/><E79/><V62/><F32/><W74/><G74/><T78/><D35/><U24/><E33/><V84/><F110/><W122/><G122/><T65/><D111/><U123/><REACH who="1" step="1"/><E7/><REACH who="1" ten="248,256,243,243" step="2"/><V5/><F5/><W81/><G112/><T113/><D78/><U51/><E51/><V134/><F36/><W77/><G114/><T37/><D37/><U108/><E108/><V75/><F127/><W41/><G135/><T67/><D125/><U82/><E82/><V80/><F83/><W13/><G34/><T39/><D39/><U44/><E44/><V100/><F80/><W58/><G38/><T31/><D113/><U116/><E116/><V10/><F126/><W4/><G77/><T43/><D72/><U93/><E93/><V102/><F92/><W117/><G117/><T71/><D95/><U88/><E88/><V124/><F75/><W89/><G104/><T66/><D130/><U94/><E94/><V119/><F128/><W48/><G131/><T45/><D45/><U28/><E28/><V30/><F30/><W132/><G129/><T21/><D31/><U107/><E107/><V106/><F106/><W70/><G132/><T20/><D98/><U86/><E86/><V6/><F96/><W47/><G81/><T0/><D71/><U42/><AGARI ba="0,1" hai="11,12,17,24,25,42,46,50,97,101,105,120,121,123" machi="42" ten="30,3000,0" yaku="1,1,0,1,53,0" doraHai="63" doraHaiUra="133" who="1" fromWho="1" sc="248,-10,256,40,243,-10,243,-10" /><INIT seed="1,1,0,2,2,121" ten="238,296,233,233" oya="1" hai0="65,122,30,125,133,108,120,19,16,87,100,67,21" hai1="47,26,27,36,34,56,128,2,11,88,132,29,75" hai2="116,129,46,51,104,77,99,33,1,41,79,54,50" hai3="93,92,64,28,32,62,5,37,4,117,23,126,91"/><U58/><E75/><V85/><F116/><W86/><G37/><T78/><D125/><U81/><E132/><V68/><F68/><W111/><G32/><T102/><D133/><U44/><E128/><V35/><F1/><W10/><G117/><T55/><D30/><U43/><E47/><V76/><F129/><W12/><G126/><T115/><D115/><U105/><E105/><V96/><F85/><W8/><G111/><T112/><D112/><U98/><E26/><V13/><F13/><N who="3" m="5255" /><G62/><T83/><D55/><U103/><E103/><N who="0" m="39465" /><D108/><U82/><E82/><V72/><F72/><W25/><G64/><N who="0" m="24651" /><D21/><U18/><E18/><V15/><F104/><W66/><G66/><T106/><D106/><U14/><E14/><V110/><F110/><W69/><G69/><T114/><D114/><U45/><E45/><V20/><F35/><W80/><AGARI ba="1,0" hai="5,10,12,23,25,28,80,86,91,92,93" m="5255" machi="80" ten="30,1100,0" yaku="8,1" doraHai="121" who="3" fromWho="3" sc="238,-4,296,-6,233,-4,233,14" /><INIT seed="2,0,0,3,4,118" ten="234,290,229,247" oya="2" hai0="76,18,107,10,65,96,105,91,50,88,25,109,72" hai1="33,11,36,3,15,62,13,42,52,28,69,35,120" hai2="67,64,124,44,73,103,7,93,61,113,0,71,34" hai3="41,129,115,23,85,6,20,81,1,39,45,53,5"/><V128/><F113/><W131/><G115/><T14/><D72/><U49/><E3/><V104/><F73/><W51/><G1/><T47/><D76/><U102/><E102/><V134/><F67/><W90/><G20/><T16/><D65/><N who="1" m="41143" /><E28/><V111/><F93/><W132/><G132/><T56/><D56/><N who="1" m="32783" /><E15/><V59/><F59/><W77/><G23/><N who="0" m="13543" /><D107/><U95/><E95/><V9/><F134/><W70/><G70/><T54/><D105/><U84/><E84/><V86/><F86/><W79/><G77/><T66/><D66/><U87/><E87/><V121/><F44/><N who="3" m="27879" /><G79/><T32/><D32/><U31/><E31/><V74/><F74/><W80/><G81/><T98/><D109/><U89/><E89/><AGARI ba="0,0" hai="10,14,18,47,50,54,88,89,91,96,98" m="13543" machi="89" ten="30,3900,0" yaku="8,1,54,2" doraHai="118" who="0" fromWho="1" sc="234,39,290,-39,229,0,247,0" /><INIT seed="3,0,0,3,3,112" ten="273,251,229,247" oya="3" hai0="84,27,82,93,135,116,126,23,118,15,57,43,8" hai1="3,10,132,13,107,39,35,101,127,32,80,21,109" hai2="72,97,94,108,20,64,75,113,100,102,74,71,124" hai3="58,134,73,59,120,40,25,69,89,16,51,0,17"/><W2/><G120/><T37/><D37/><U22/><E39/><V52/><F113/><W9/><G69/><T103/><D43/><U106/><E80/><V47/><F108/><W76/><G134/><T63/><D135/><U19/><E101/><V119/><F124/><W30/><G76/><T95/><D126/><U53/><E53/><V33/><F33/><N who="1" m="12873" /><E107/><V18/><F119/><W45/><G73/><T98/><D93/><U114/><E106/><V42/><F102/><W122/><G122/><T92/><D92/><U4/><E114/><V12/><F71/><W104/><G104/><T65/><D15/><N who="1" m="9471" /><E132/><V115/><F64/><W41/><G41/><T91/><D8/><U111/><E127/><V130/><F115/><W5/><G0/><T133/><D133/><U55/><E55/><V49/><REACH who="2" step="1"/><F130/><REACH who="2" ten="273,251,219,247" step="2"/><W121/><G121/><T87/><D87/><U68/><E68/><V77/><F77/><W26/><G89/><T38/><D38/><U48/><E111/><V128/><F128/><W110/><G110/><T24/><D24/><U34/><E109/><V129/><F129/><W78/><G78/><T96/><D96/><U62/><E34/><V31/><F31/><AGARI ba="0,1" hai="23,27,31,57,63,65,82,84,91,95,98,103,116,118" machi="31" ten="30,8000,1" yaku="7,1,25,2,52,2" doraHai="112" who="0" fromWho="2" sc="273,90,251,0,219,-80,247,0" owari="363,46.3,251,5.1,139,-36.1,247,-15.3" /></mjloggm>