<mjloggm ver="2.3"><GO type="225" lobby="0"/><UN n0="%E6%B0%B7%E5%B7%9D%E9%87%8C%E5%A5%88" n1="%6D%75%75%6D%75%72%61" n2="%E5%B0%8F%E9%B3%A5%E9%81%8A%E7%B7%B4%E7%84%A1%32%31%E6%AD%B3" n3="%E3%81%AA%E3%81%A1%30%39%32%37" dan="16,17,16,16" rate="2112.74,2166.39,2177.62,2108.89" sx="F,F,F,M"/><TAIKYOKU oya="0"/><INIT seed="0,0,0,5,2,32" ten="250,250,250,250" oya="0" hai0="43,44,89,7,117,104,134,73,3,63,54,88,72" hai1="90,27,59,92,8,81,12,109,83,94,21,110,46" hai2="75,129,10,61,15,2,0,118,112,42,82,108,25" hai3="125,131,126,67,74,13,99,80,91,78,98,60,114"/><T76/><D117/><U34/><E34/><V20/><F112/><W52/><G114/><T39/><D134/><U38/><E38/><V29/><F118/><W101/><G131/><T103/><D103/><U100/><E46/><V19/><F129/><W24/><G13/><T4/><D104/><U116/><E116/><V124/><F124/><W22/><G91/><T6/><D3/><U86/><E59/><V45/><F108/><N who="1" m="41577" /><E94/><V93/><F93/><W31/><G52/><T40/><D40/><U96/><E96/><V127/><F127/><N who="3" m="48651" /><G101/><T56/><REACH who="0" step="1"/><D76/><REACH who="0" ten="240,250,250,250" step="2"/><U16/><E100/><V97/><F42/><W51/><G51/><T115/><D115/><U119/><E119/><V132/><F132/><W95/><G95/><T33/><D33/><U79/><E79/><V102/><F102/><W66/><G66/><T105/><D105/><U107/><E107/><V41/><F41/><W47/><G47/><T135/><D135/><U123/><E123/><V55/><F45/><W9/><G9/><T68/><D68/><AGARI ba="0,1" hai="22,24,31,60,67,68,74,78,80,98,99" m="48651" machi="68" ten="30,1000,0" yaku="18,1" doraHai="32" who="3" fromWho="0" sc="240,-10,250,0,250,0,250,20" /><INIT seed="1,0,0,2,3,53" ten="230,250,250,270" oya="1" hai0="110,67,14,31,59,7,95,104,119,76,103,107,98" hai1="54,42,64,83,22,6,12,70,122,29,120,99,121" hai2="88,118,23,132,65,26,124,1,4,35,86,19,13" hai3="117,11,10,40,39,8,92,24,60,81,17,94,50"/><U109/><E109/><V131/><F118/><W135/><G135/><T18/><D119/><U61/><E42/><V71/><F132/><W66/><G117/><T45/><D110/><U111/><E111/><V102/><F102/><W112/><G39/><T46/><D76/><U133/><E133/><V85/><F85/><W114/><G81/><T96/><D7/><U27/><E83/><V2/><F131/><W101/><G114/><T28/><D107/><U134/><E134/><V25/><F65/><W36/><G36/><T63/><D98/><U115/><E115/><V52/><F71/><W0/><G0/><T38/><D104/><U74/><E74/><V97/><F97/><W9/><G101/><T16/><D38/><U32/><E99/><V49/><F4/><W93/><G112/><T90/><D103/><U33/><REACH who="1" step="1"/><E54/><REACH who="1" ten="230,240,250,270" step="2"/><V89/><F52/><W75/><G75/><T106/><D106/><U51/><E51/><V55/><F49/><W77/><G50/><T62/><D62/><U73/><E73/><V128/><F55/><W130/><G40/><T125/><D125/><U129/><E129/><V56/><F124/><W3/><G130/><T126/><D126/><U48/><E48/><V108/><F128/><W37/><G37/><T105/><D105/><U72/><E72/><V123/><F108/><W30/><G3/><T58/><D45/><U47/><E47/><V79/><F1/><W78/><G78/><T34/><D46/><U68/><E68/><V5/><F79/><W69/><G77/><T87/><D96/><U43/><E43/><V20/><F2/><RYUUKYOKU ba="0,1" sc="230,-10,240,30,250,-10,270,-10" hai1="6,12,22,27,29,32,33,61,64,70,120,121,122" /><INIT seed="1,1,1,2,2,13" ten="220,270,240,260" oya="1" hai0="119,56,42,36,93,14,58,66,132,44,114,3,103" hai1="41,12,80,8,95,77,126,59,46,107,118,83,60" hai2="72,16,100,125,10,52,110,24,70,32,45,43,25" hai3="57,74,5,11,105,65,55,92,40,2,39,48,47"/><U50/><E107/><V17/><F70/><W75/><G105/><T117/><D3/><U96/><E126/><V99/><F72/><W123/><G123/><T9/><D114/><U18/><E118/><V38/><F125/><W113/><G113/><T121/><D132/><U30/><E30/><V4/><F110/><W69/><REACH who="3" step="1"/><G92/><REACH who="3" ten="220,270,240,250" step="2"/><T115/><D121/><U35/><E35/><V86/><F32/><W108/><G108/><T26/><D115/><U133/><E133/><V37/><F37/><W28/><G28/><T120/><D119/><U127/><E127/><V135/><F135/><W90/><G90/><T134/><D120/><U128/><E128/><V116/><F116/><W73/><G73/><T129/><D117/><U20/><E77/><V98/><F86/><W81/><G81/><T21/><D129/><U130/><E130/><V88/><F98/><W64/><G64/><T89/><D134/><U15/><E95/><V53/><F88/><W29/><G29/><T1/><D66/><N who="1" m="39199" /><E96/><V22/><F99/><W109/><G109/><T94/><D94/><U122/><E122/><V33/><F33/><W87/><G87/><T112/><D112/><U76/><E76/><V101/><F101/><W31/><G31/><T104/><D103/><U7/><AGARI ba="1,2" hai="7,8,12,15,18,20,41,46,50,80,83" m="39199" machi="7" ten="30,3000,0" yaku="8,1,52,1" doraHai="13" who="1" fromWho="1" sc="220,-11,270,53,240,-11,250,-11" /><INIT seed="1,2,0,0,2,50" ten="209,323,229,239" oya="1" hai0="63,75,124,130,77,62,79,100,132,1,33,40,29" hai1="22,4,104,101,34,24,125,86,61,8,2,67,118" hai2="49,48,27,98,117,42,39,21,23,129,110,47,31" hai3="114,53,102,81,56,41,80,119,68,108,91,70,112"/><U37/><E118/><V120/><F117/><W88/><G119/><T107/><D1/><U92/><E37/><V96/><F120/><W35/><G35/><T26/><D40/><U43/><E125/><V113/><F110/><W15/><G108/><T116/><D116/><U105/><E43/><V11/><F129/><W3/><G3/><T7/><D132/><U89/><E34/><V17/><F11/><W25/><G41/><T87/><D124/><U65/><E101/><V71/><F71/><W57/><G15/><T94/><D130/><U52/><E67/><V106/><F113/><W131/><G131/><T123/><D7/><U103/><E103/><V45/><F39/><W133/><G102/><T109/><D109/><U76/><E76/><V19/><F31/><W14/><G14/><T55/><D123/><U13/><E2/><V121/><F106/><W69/><G69/><T78/><D75/><U64/><E104/><V66/><F66/><W99/><G99/><T58/><D107/><U36/><E36/><V60/><F60/><W46/><G46/><T122/><D122/><U90/><E90/><V111/><F111/><W135/><G25/><T54/><D100/><U44/><E105/><V0/><F0/><W95/><G95/><T82/><D94/><U74/><E74/><V51/><F121/><W30/><G30/><T127/><D127/><U10/><E10/><V20/><F42/><W9/><G9/><T128/><D128/><U134/><E134/><V72/><F72/><W32/><G32/><T85/><D82/><U83/><E8/><V28/><F28/><RYUUKYOKU ba="2,0" sc="209,15,323,-15,229,-15,239,15" hai0="26,29,33,54,55,58,62,63,77,78,79,85,87" hai3="53,56,57,68,70,80,81,88,91,112,114,133,135" /><INIT seed="2,3,0,4,4,101" ten="224,308,214,254" oya="2" hai0="129,109,82,47,85,29,68,124,86,37,117,97,42" hai1="108,35,91,131,78,62,24,94,130,88,40,60,116" hai2="115,87,66,69,135,54,52,80,126,53,61,95,120" hai3="111,127,4,57,27,63,125,106,76,13,41,31,96"/><V105/><F120/><W12/><G111/><T19/><D109/><U84/><E108/><V58/><F115/><W2/><G41/><T79/><D68/><U114/><E116/><V16/><F126/><N who="3" m="48139" /><G76/><T15/><D124/><U133/><E114/><V6/><F135/><W73/><G73/><T100/><D129/><N who="1" m="49163" /><E133/><V25/><F6/><W110/><G110/><T113/><D113/><U45/><E78/><V10/><F95/><W21/><G2/><T1/><D117/><U89/><E35/><V5/><F105/><W7/><G7/><T98/><D1/><U107/><E24/><V48/><F5/><W38/><G38/><T93/><D29/><U119/><E107/><V44/><F69/><W50/><G50/><T14/><D97/><N who="1" m="57543" /><E119/><V92/><F92/><W34/><G34/><T18/><D86/><U134/><E134/><V64/><F64/><N who="3" m="39023" /><G4/><T74/><D74/><U121/><E121/><V65/><F65/><W56/><G56/><T11/><D15/><U51/><E91/><N who="2" m="51687" /><F25/><W20/><G20/><T71/><D71/><U83/><AGARI ba="3,0" hai="40,45,51,60,62,83,84,89" m="57543,49163" machi="83" ten="30,2000,0" yaku="19,1,54,1" doraHai="101" who="1" fromWho="1" sc="224,-8,308,29,214,-13,254,-8" /><INIT seed="3,0,0,1,1,48" ten="216,337,201,246" oya="3" hai0="29,125,97,120,27,22,92,38,69,73,118,85,50" hai1="4,42,104,30,35,45,116,80,66,111,133,49,15" hai2="16,55,78,26,39,5,1,46,44,114,19,59,18" hai3="89,67,10,130,9,119,88,53,90,99,20,106,71"/><W112/><G112/><T135/><D118/><U54/><E104/><V117/><F117/><W23/><G119/><T52/><D120/><U47/><E35/><V96/><F114/><W100/><G130/><T79/><D38/><U41/><E111/><V6/><F39/><W127/><G127/><T25/><D69/><U103/><E103/><V31/><F78/><W56/><G67/><T0/><D0/><U126/><E30/><V21/><F96/><W28/><G71/><T34/><D73/><U58/><E66/><V40/><F1/><W102/><G23/><N who="0" m="15615" /><D135/><U11/><E80/><V98/><F98/><W36/><G36/><T95/><D34/><U70/><E70/><V72/><F72/><W84/><G84/><T105/><D105/><U110/><E110/><V76/><F76/><W43/><G43/><T93/><D125/><U68/><E41/><V87/><F87/><W131/><G131/><T124/><D124/><U94/><E68/><V101/><F101/><N who="3" m="39019" /><G99/><T129/><D129/><U13/><E42/><V128/><F128/><W24/><G106/><T57/><D97/><U32/><E32/><V81/><F81/><W2/><G2/><T33/><D33/><U37/><E37/><V109/><F109/><W75/><G75/><T132/><D132/><U122/><E122/><V91/><F91/><W17/><G28/><N who="0" m="17463" /><D79/><U108/><E108/><V7/><F40/><W64/><G64/><T14/><D14/><N who="1" m="5131" /><E126/><V65/><F65/><W51/><AGARI ba="0,0" hai="9,10,17,20,24,51,53,56,88,89,90" m="39019" machi="51" ten="30,6000,0" yaku="8,1,52,1,54,1" doraHai="48" who="3" fromWho="3" sc="216,-20,337,-20,201,-20,246,60" /><INIT seed="3,1,0,5,4,2" ten="196,317,181,306" oya="3" hai0="124,32,105,57,29,91,36,81,39,47,23,61,16" hai1="89,10,122,125,18,60,45,35,96,67,108,111,79" hai2="49,88,54,103,93,72,126,1,110,90,55,65,115" hai3="129,20,87,14,70,0,86,104,132,44,22,78,19"/><W101/><G70/><T114/><D105/><U123/><E35/><V6/><F115/><W21/><G0/><T48/><D32/><U77/><E125/><V50/><F72/><W131/><G132/><T3/><D3/><U5/><E18/><V56/><F65/><W40/><G101/><T127/><D29/><U41/><E89/><V118/><F118/><W128/><G104/><T7/><D7/><U83/><E96/><N who="2" m="59791" /><F110/><N who="1" m="42025" /><E60/><V37/><F37/><N who="3" m="21519" /><G78/><N who="1" m="29706" /><E83/><V94/><F126/><N who="0" m="48170" /><D114/><U15/><E67/><V4/><F1/><W92/><G92/><T13/><D91/><N who="2" m="34858" /><F94/><W25/><G20/><T63/><D81/><U17/><E5/><V11/><F11/><W135/><G135/><T43/><D63/><U80/><E80/><V121/><F121/><W66/><G66/><AGARI ba="1,0" hai="13,16,23,36,39,43,47,48,57,61,66" m="48170" machi="66" ten="30,2000,0" yaku="18,1,54,1" doraHai="2" who="0" fromWho="3" sc="196,23,317,0,181,0,306,-23" owari="219,-18.1,317,41.7,181,-31.9,283,8.3" /></mjloggm>