<mjloggm ver="2.3"><GO type="225" lobby="0"/><UN n0="%33%74%72%65%65" n1="%E2%91%A3%E9%81%BF%E9%81%8A%E6%88%AF%E3%80%90%E6%9D%B1%E5%8D%97%E3%80%91" n2="%E2%98%86%41%64%72%69%61%6E" n3="%72%61%6B%33" dan="17,16,17,16" rate="2183.84,2136.29,2143.95,2214.23" sx="F,M,M,M"/><TAIKYOKU oya="0"/><INIT seed="0,0,0,2,4,34" ten="250,250,250,250" oya="0" hai0="113,50,5,99,28,72,119,91,79,48,111,18,76" hai1="62,84,67,11,37,106,132,24,42,39,108,121,104" hai2="26,0,69,125,97,95,43,47,56,75,74,115,9" hai3="126,130,4,36,32,30,109,25,131,45,31,100,65"/><T107/><D113/><U60/><E121/><V88/><F69/><W13/><G65/><T96/><D119/><U116/><E116/><V98/><F115/><W133/><G100/><T86/><D111/><U127/><E108/><V103/><F125/><W33/><G109/><T8/><D28/><U92/><E127/><V59/><F26/><N who="3" m="18519" /><G45/><T55/><D18/><U123/><E123/><V94/><F75/><W63/><G63/><T77/><D72/><U90/><E62/><V46/><F74/><W54/><G54/><T112/><D112/><U58/><E24/><V21/><F21/><W105/><G105/><T17/><D17/><U89/><E106/><V93/><F93/><W29/><G36/><T27/><D27/><U82/><E104/><V53/><F43/><W102/><G102/><T44/><D50/><U20/><E20/><V110/><F110/><W2/><G31/><T12/><REACH who="0" step="1"/><D107/><REACH who="0" ten="240,250,250,250" step="2"/><U35/><E39/><V1/><F47/><W15/><G126/><T135/><D135/><U66/><E132/><V7/><F46/><W114/><G133/><T122/><D122/><U120/><E37/><V101/><F101/><W129/><G114/><T16/><D16/><U87/><E120/><V64/><F103/><W14/><G131/><T118/><D118/><U3/><E35/><V124/><F124/><W134/><G134/><T23/><D23/><U71/><E11/><AGARI ba="0,1" hai="2,4,11,13,14,15,25,29,33,129,130" m="18519" machi="11" ten="30,3900,0" yaku="34,2,52,1" doraHai="34" who="3" fromWho="1" sc="240,0,250,-39,250,0,250,49" /><INIT seed="1,0,0,5,3,105" ten="240,211,250,299" oya="1" hai0="84,36,88,58,60,135,104,133,8,119,25,23,77" hai1="92,111,109,34,100,9,1,117,81,24,134,59,106" hai2="113,130,90,110,78,22,17,72,87,126,46,30,121" hai3="124,18,115,83,108,41,35,0,98,89,93,44,129"/><U131/><E117/><V86/><F121/><W10/><G115/><T21/><D119/><U47/><E59/><V102/><F113/><W55/><G35/><T75/><D104/><U19/><E106/><V123/><F123/><W132/><G108/><N who="1" m="41546" /><E47/><V71/><F71/><W6/><G124/><T80/><D36/><U28/><E100/><V91/><F110/><W66/><G129/><T63/><D8/><U107/><E107/><V32/><F126/><W57/><G132/><N who="0" m="50763" /><D58/><U37/><BYE who="3" /><E134/><V39/><F102/><W118/><G118/><T16/><D23/><N who="1" m="13439" /><E92/><AGARI ba="0,0" hai="16,21,25,60,63,75,77,80,84,88,92" m="50763" machi="92" ten="30,7700,0" yaku="20,1,52,1,54,2" doraHai="105" who="0" fromWho="1" sc="240,77,211,-77,250,0,299,0" /><INIT seed="2,0,0,5,1,134" ten="317,134,250,299" oya="2" hai0="129,79,51,119,9,53,36,87,127,78,47,73,103" hai1="8,62,54,77,23,22,107,33,25,28,67,122,72" hai2="38,0,88,48,82,69,35,86,55,90,109,5,1" hai3="99,105,114,49,91,83,41,63,85,50,101,80,30"/><V2/><F35/><W124/><G124/><T71/><D127/><U132/><E132/><V97/><F38/><W70/><G70/><T68/><D129/><U24/><E107/><V45/><F69/><W40/><G40/><T31/><D119/><U95/><E122/><V84/><F109/><W131/><G131/><T102/><D73/><U13/><E72/><V56/><F97/><UN n3="%72%61%6B%33" /><W93/><G114/><T61/><D68/><U75/><E75/><V58/><REACH who="2" step="1"/><F5/><REACH who="2" ten="317,134,240,299" step="2"/><W100/><G99/><T7/><D71/><U96/><E33/><V111/><F111/><W98/><G98/><T34/><D36/><U76/><E67/><V81/><AGARI ba="0,1" hai="0,1,2,45,48,55,56,58,81,82,84,86,88,90" machi="81" ten="30,11700,0" yaku="1,1,0,1,9,1,54,1,53,0" doraHai="134" doraHaiUra="16" who="2" fromWho="2" sc="317,-39,134,-39,240,127,299,-39" /><INIT seed="2,1,0,3,3,16" ten="278,95,367,260" oya="2" hai0="47,86,75,106,60,26,38,109,2,78,56,89,116" hai1="82,102,49,114,53,39,113,7,103,123,42,20,62" hai2="33,110,71,111,108,52,130,72,22,68,129,12,28" hai3="127,119,107,50,80,23,85,36,29,83,101,69,87"/><V128/><F72/><W32/><G36/><T46/><D109/><U98/><E123/><V9/><F33/><W124/><G69/><T57/><D116/><U30/><E7/><N who="2" m="3135" /><F52/><W100/><G32/><T66/><D2/><U84/><E39/><V126/><F126/><W64/><G119/><T132/><D38/><U61/><E114/><V3/><F3/><W43/><G50/><T93/><D106/><U1/><E1/><V40/><F40/><W135/><G43/><T117/><D117/><U51/><E113/><V55/><F55/><W88/><G107/><T13/><D57/><U35/><E35/><V34/><F34/><W21/><G135/><T58/><D58/><U134/><E134/><V97/><F97/><W118/><G118/><T17/><D132/><U41/><E53/><V79/><F79/><W48/><G48/><T70/><D70/><U5/><E5/><V96/><F96/><W77/><G64/><T14/><D78/><U0/><E0/><V44/><F44/><W4/><G4/><T105/><D75/><U19/><E98/><V125/><F125/><N who="3" m="48203" /><G29/><T115/><D105/><U18/><E30/><V8/><F8/><W24/><G24/><AGARI ba="1,0" hai="22,24,28,68,71,108,110,111,128,129,130" m="3135" machi="24" ten="40,12000,1" yaku="14,1,10,1,19,1,52,1" doraHai="16" who="2" fromWho="3" sc="278,0,95,0,367,123,260,-123" /><INIT seed="2,2,0,4,3,51" ten="278,95,490,137" oya="2" hai0="34,92,7,48,133,68,8,89,97,24,28,61,112" hai1="62,64,129,32,95,132,125,127,128,119,41,120,13" hai2="65,122,115,35,80,59,88,54,9,63,111,106,71" hai3="40,116,75,82,50,43,14,45,37,55,109,39,90"/><V83/><F122/><W134/><G116/><T121/><D112/><U126/><E32/><V79/><F115/><W44/><G109/><T99/><D121/><U29/><E29/><V47/><F106/><W91/><G134/><T23/><D133/><U100/><E120/><V20/><F35/><W107/><G107/><T118/><D118/><U78/><E119/><V58/><F111/><W6/><G6/><T77/><D77/><U16/><E78/><V38/><F9/><W15/><G75/><T103/><D48/><U12/><E12/><V42/><F20/><W4/><G82/><T67/><D23/><U74/><E74/><V102/><F102/><W70/><G70/><T21/><D21/><N who="1" m="11407" /><E41/><V56/><F80/><W18/><G4/><T101/><D97/><N who="1" m="59455" /><E132/><V93/><F83/><W123/><G123/><T66/><D8/><U22/><E22/><V17/><F17/><W69/><G69/><AGARI ba="2,0" hai="62,64,69,125,126,127,128,129" m="59455,11407" machi="69" ten="30,2000,0" yaku="18,1,54,1" doraHai="51" who="1" fromWho="3" sc="278,0,95,26,490,0,137,-26" /><INIT seed="3,0,0,2,4,28" ten="278,121,490,111" oya="3" hai0="52,112,94,35,129,6,73,44,77,135,126,3,9" hai1="29,33,36,131,31,50,91,14,4,46,48,107,97" hai2="34,64,23,80,108,25,69,96,110,27,60,117,5" hai3="24,116,54,19,43,128,100,111,124,93,75,114,123"/><W53/><G114/><T67/><D135/><U32/><E36/><V89/><F117/><W65/><G116/><T42/><D129/><U56/><E33/><V82/><F5/><W17/><G123/><T83/><D126/><U119/><E32/><V18/><F34/><W72/><G124/><T16/><D35/><U74/><E131/><V78/><F27/><W1/><G128/><T99/><D67/><U120/><E74/><V39/><F39/><W21/><G1/><T88/><D16/><N who="3" m="6217" /><G75/><T103/><D112/><U68/><E68/><V70/><F70/><W98/><G72/><T127/><D127/><U92/><E107/><V90/><F96/><W41/><G65/><T7/><D7/><U37/><E37/><V55/><F55/><N who="3" m="21003" /><G111/><N who="2" m="42537" /><F80/><W22/><G24/><T2/><D2/><U59/><E119/><V87/><AGARI ba="0,0" hai="18,23,25,60,64,69,78,82,87,89,90" m="42537" machi="87" ten="30,1100,0" yaku="14,1" doraHai="28" who="2" fromWho="2" sc="278,-3,121,-3,490,11,111,-5" owari="275,7.5,118,-28.2,501,60.1,106,-39.4" /></mjloggm>