<mjloggm ver="2.3"><GO type="225" lobby="0"/><UN n0="%E5%A4%8F%E9%88%B4%E9%88%B4%E5%A4%8F" n1="%E6%B4%BE%E9%81%A3%E3%81%AE%E3%82%B8%E3%83%A3%E3%83%83%E3%82%AF" n2="%E3%82%B2%E3%82%B9%E8%8C%82%E5%8B%9D" n3="%6D%75%75%6D%75%72%61" dan="16,17,16,16" rate="2149.51,2188.96,2086.29,2129.32" sx="M,M,F,F"/><TAIKYOKU oya="0"/><INIT seed="0,0,0,4,3,24" ten="250,250,250,250" oya="0" hai0="94,5,84,82,49,96,46,91,14,105,2,27,98" hai1="120,68,37,116,81,17,12,69,129,60,76,9,71" hai2="21,117,42,73,62,115,58,25,4,110,23,67,15" hai3="57,79,38,97,55,19,114,89,104,26,133,54,75"/><T3/><D105/><U70/><E116/><V108/><F115/><W50/><G114/><T111/><D111/><N who="2" m="42538" /><F73/><W88/><G38/><T20/><D2/><U30/><E37/><V87/><F117/><W35/><G133/><T100/><D3/><U44/><E120/><V10/><F42/><W109/><G109/><T40/><D98/><U93/><E44/><V121/><F121/><W107/><G75/><T95/><D14/><U36/><E36/><V99/><F99/><W48/><G79/><T52/><D5/><U124/><E124/><V85/><F21/><W13/><G104/><T41/><REACH who="0" step="1"/><D95/><REACH who="0" ten="240,250,250,250" step="2"/><U61/><E93/><V127/><F127/><W64/><G97/><T90/><D90/><U0/><E0/><V80/><F80/><W47/><G107/><T106/><D106/><U39/><E81/><V22/><F22/><W65/><G89/><T8/><D8/><U118/><E118/><V63/><F4/><W131/><G88/><T1/><D1/><U86/><E9/><V74/><F15/><W126/><G126/><T33/><D33/><U32/><E12/><V51/><F10/><W128/><G13/><T112/><D112/><U7/><E7/><V78/><F23/><N who="3" m="13695" /><G35/><T56/><D56/><U123/><E32/><V130/><F58/><W134/><G134/><T101/><D101/><U6/><E6/><V132/><F132/><W122/><G122/><T125/><D125/><U11/><E123/><V29/><F25/><W72/><G72/><T34/><D34/><U31/><N who="1" m="17408" /><DORA hai="59" /><U45/><E11/><V135/><F135/><W16/><G16/><AGARI ba="0,1" hai="16,20,27,40,41,46,49,52,82,84,91,94,96,100" machi="16" ten="30,18000,2" yaku="1,1,6,1,7,1,8,1,54,2,53,1" doraHai="24,59" doraHaiUra="113,77" who="0" fromWho="3" sc="240,190,250,0,250,0,250,-180" /><INIT seed="0,1,0,5,4,36" ten="430,250,250,70" oya="0" hai0="52,102,38,27,93,67,16,2,6,58,123,0,115" hai1="60,41,47,64,3,130,63,100,116,110,126,56,70" hai2="86,109,23,53,21,73,33,10,121,72,113,112,61" hai3="131,81,35,107,75,135,9,22,49,127,12,43,104"/><T119/><D115/><U77/><E116/><V114/><F33/><W8/><G35/><T89/><D119/><U42/><E3/><V13/><F121/><W34/><G127/><T97/><D123/><U101/><E77/><V48/><F109/><W24/><G131/><T50/><D38/><U88/><E130/><V118/><F118/><W71/><G71/><T20/><D6/><U54/><E126/><V29/><F61/><W44/><G135/><T39/><D39/><U91/><E110/><V57/><F86/><W17/><G34/><T85/><REACH who="0" step="1"/><D67/><REACH who="0" ten="420,250,250,70" step="2"/><U87/><E91/><V90/><F112/><W105/><REACH who="3" step="1"/><G12/><REACH who="3" ten="420,250,250,60" step="2"/><T45/><D45/><U125/><E47/><V74/><F113/><W30/><G30/><T18/><D18/><U122/><E125/><V14/><F29/><W132/><G132/><T1/><D1/><U80/><E122/><V5/><F14/><W15/><G15/><T82/><AGARI ba="1,2" hai="0,2,16,20,27,50,52,58,82,85,89,93,97,102" machi="82" ten="20,18000,2" yaku="1,1,0,1,7,1,54,2,53,1" doraHai="36" doraHaiUra="83" who="0" fromWho="0" sc="420,203,250,-61,250,-61,60,-61" owari="623,72.3,189,-1.1,189,-21.1,-1,-50.1" /></mjloggm>