<mjloggm ver="2.3"><GO type="225" lobby="0"/><UN n0="%E3%81%8B%E3%82%8F%E3%81%A1%E3%82%83%E3%82%93%35%38" n1="%E5%B8%86%E7%AB%8B%E5%A4%8F%E8%A1%A3" n2="%33%74%72%65%65" n3="%6D%75%75%6D%75%72%61" dan="17,16,16,17" rate="2149.64,2119.84,2147.97,2203.59" sx="M,M,F,F"/><TAIKYOKU oya="0"/><INIT seed="0,0,0,0,3,105" ten="250,250,250,250" oya="0" hai0="9,124,77,43,50,49,125,79,90,2,102,47,130" hai1="54,59,36,118,122,52,92,127,37,111,120,56,27" hai2="42,107,16,87,0,26,95,11,28,104,135,99,48" hai3="81,38,116,45,22,41,44,134,30,73,91,78,34"/><T128/><D102/><U51/><E111/><V19/><F135/><W89/><G116/><T68/><D68/><U131/><E118/><V101/><F0/><W74/><G134/><T108/><D90/><U71/><E92/><V8/><F107/><W40/><G34/><T1/><D9/><N who="2" m="3658" /><F104/><W82/><G30/><T126/><D108/><U72/><E72/><V32/><F32/><W96/><G22/><T10/><D49/><N who="1" m="30735" /><E27/><V29/><F87/><W121/><G121/><N who="1" m="46698" /><E131/><N who="0" m="50217" /><D2/><U69/><E127/><N who="0" m="32513" /><T55/><DORA hai="7" /><D43/><U133/><E133/><V98/><F98/><W25/><G25/><T62/><D62/><U132/><E132/><V4/><F4/><AGARI ba="0,0" hai="1,4,10,47,50,55,77,79" m="32513,50217" machi="4" ten="50,9600,0" yaku="19,1,18,1,52,1" doraHai="105,7" who="0" fromWho="2" sc="250,96,250,0,250,-96,250,0" /><INIT seed="0,1,0,5,5,43" ten="346,250,154,250" oya="0" hai0="114,57,44,75,120,27,72,73,61,29,12,109,94" hai1="30,129,99,49,39,17,25,89,51,108,92,96,22" hai2="123,80,86,78,26,42,54,115,100,87,41,15,135" hai3="67,14,7,10,118,1,93,35,24,20,59,8,5"/><T33/><D114/><U70/><E108/><V101/><F115/><W38/><G118/><T4/><D120/><U84/><E129/><V74/><F123/><W107/><G107/><T113/><D113/><U110/><E110/><V47/><F135/><W58/><G38/><T98/><D109/><U97/><E70/><V68/><F68/><W125/><G125/><T83/><D4/><U121/><E121/><V3/><F3/><W6/><G6/><T126/><D12/><U62/><E39/><V66/><F66/><W71/><G35/><T46/><D83/><U91/><E62/><V31/><F15/><W0/><G14/><T13/><D13/><U56/><E30/><V117/><F117/><W111/><G111/><T60/><D60/><U2/><E2/><V104/><F54/><W112/><G112/><T76/><D76/><U50/><REACH who="1" step="1"/><E56/><REACH who="1" ten="346,240,154,250" step="2"/><V119/><F119/><W90/><G71/><T11/><D57/><U64/><E64/><V9/><F31/><W122/><G67/><T48/><D61/><U130/><E130/><V40/><F47/><W37/><G37/><T82/><D46/><U52/><E52/><V55/><F55/><W77/><G122/><T79/><D126/><U45/><E45/><V103/><F104/><W18/><REACH who="3" step="1"/><G77/><REACH who="3" ten="346,240,154,240" step="2"/><T132/><D79/><U34/><E34/><V128/><F128/><W21/><G21/><T127/><D33/><U88/><AGARI ba="1,2" hai="17,22,25,49,50,51,84,88,89,91,92,96,97,99" machi="88" ten="40,8000,1" yaku="1,1,0,1,8,1,54,1,53,0" doraHai="43" doraHaiUra="131" who="1" fromWho="1" sc="346,-41,240,103,154,-21,240,-21" /><INIT seed="1,0,0,0,2,90" ten="305,343,133,219" oya="1" hai0="107,11,128,53,80,63,43,39,92,95,26,38,114" hai1="96,105,121,77,108,98,24,52,117,25,88,113,14" hai2="130,89,16,17,54,57,75,74,29,2,33,22,93" hai3="119,135,27,48,116,76,0,59,122,91,30,6,46"/><U40/><E113/><V83/><F130/><W126/><G122/><T19/><D114/><U82/><E117/><V125/><F125/><W134/><G76/><T49/><D107/><U9/><E121/><V85/><F2/><W3/><G59/><T133/><D39/><U69/><E69/><V12/><F17/><W13/><G91/><T87/><D38/><U44/><E108/><V100/><F29/><W123/><G123/><T101/><D101/><U112/><E105/><V15/><F15/><W71/><G71/><T81/><D81/><U78/><E112/><V110/><F33/><W51/><G126/><T115/><D115/><U8/><E8/><V70/><F70/><W36/><G36/><T47/><D133/><N who="3" m="50697" /><G13/><N who="0" m="7615" /><D26/><N who="1" m="10347" /><E40/><V37/><F37/><W94/><G94/><N who="0" m="35883" /><D128/><U1/><E78/><V45/><F110/><W61/><G61/><T120/><D120/><U18/><E77/><V56/><F75/><W67/><G51/><T127/><D127/><U28/><E1/><N who="3" m="586" /><G6/><T58/><D80/><U124/><E124/><V21/><F74/><W72/><G72/><T73/><D73/><U23/><E82/><V42/><F83/><W99/><G99/><T104/><D104/><U4/><E98/><V103/><F103/><W131/><G131/><T62/><D62/><U84/><E96/><V132/><F100/><W102/><G102/><T31/><D87/><U111/><E84/><V10/><F132/><W86/><G86/><T106/><D106/><U97/><E97/><V5/><F85/><W35/><G67/><T129/><D129/><U41/><E111/><V20/><F93/><RYUUKYOKU ba="0,0" sc="305,15,343,-15,133,-15,219,15" hai0="31,43,47,49,53,58,63" hai3="27,30,35,46,48,116,119" /><INIT seed="2,1,0,3,3,31" ten="320,328,118,234" oya="2" hai0="40,113,98,126,103,68,5,116,135,2,7,48,67" hai1="118,18,125,131,101,132,76,104,75,134,71,19,96" hai2="97,65,8,9,63,59,123,12,11,88,25,121,90" hai3="127,36,49,108,4,112,60,111,89,129,35,122,70"/><V107/><F12/><W17/><G36/><T37/><D113/><U42/><E118/><V83/><F25/><W61/><G122/><T95/><D37/><U13/><E125/><V41/><F41/><W69/><G127/><T120/><D120/><U85/><E131/><V51/><F51/><W54/><G129/><T117/><D126/><U1/><E1/><V102/><REACH who="2" step="1"/><F90/><REACH who="2" ten="320,328,108,234" step="2"/><W80/><G49/><T124/><D124/><U72/><E42/><V27/><F27/><W84/><G89/><T86/><D48/><U109/><E13/><V78/><F78/><W33/><G112/><T47/><D40/><U100/><E76/><V91/><F91/><W50/><G50/><T23/><D117/><U119/><E119/><V57/><F57/><W81/><G70/><T130/><D68/><U106/><E71/><V110/><F110/><W82/><G69/><T58/><D130/><U20/><E109/><V52/><F52/><W93/><G54/><T3/><D116/><U92/><E19/><V38/><F38/><W62/><G17/><T128/><D58/><U66/><E18/><V53/><F53/><W26/><G26/><T29/><D128/><U34/><E66/><V87/><AGARI ba="1,1" hai="8,9,11,59,63,65,83,87,88,97,102,107,121,123" machi="87" ten="30,6000,0" yaku="1,1,0,1,54,1,53,0" doraHai="31" doraHaiUra="133" who="2" fromWho="2" sc="320,-21,328,-21,108,73,234,-21" /><INIT seed="2,2,0,1,4,64" ten="299,307,181,213" oya="2" hai0="29,41,92,49,134,117,106,13,1,48,36,104,61" hai1="40,42,35,26,57,5,56,133,67,135,50,53,15" hai2="7,97,79,108,20,130,45,91,51,24,69,113,37" hai3="75,93,32,17,99,6,118,30,54,55,10,72,121"/><V31/><F113/><W25/><G118/><T23/><D1/><U60/><E5/><V70/><F130/><W65/><G121/><T114/><D114/><U76/><E76/><V73/><F37/><W47/><G65/><T88/><D36/><U89/><E15/><V58/><F108/><W11/><G17/><T95/><D106/><U123/><E89/><V111/><F111/><W62/><G11/><T131/><D104/><U122/><E26/><V78/><F58/><W82/><G62/><T0/><D0/><U80/><E80/><V81/><F78/><W125/><G125/><T120/><D120/><N who="1" m="46123" /><E35/><V112/><F7/><W127/><G127/><T22/><D131/><U14/><E14/><V18/><F112/><W129/><G82/><T43/><D117/><U66/><E67/><V94/><REACH who="2" step="1"/><F31/><REACH who="2" ten="299,307,171,213" step="2"/><W101/><G129/><T102/><D29/><U12/><E57/><V21/><F21/><W16/><G16/><T105/><D22/><U3/><E56/><V85/><F85/><W119/><G119/><T83/><D23/><U71/><E66/><V90/><F90/><W126/><G126/><T2/><D88/><U103/><E103/><V87/><F87/><W128/><G128/><T107/><D102/><U63/><E63/><V27/><F27/><W74/><REACH who="3" step="1"/><G47/><REACH who="3" ten="299,307,171,203" step="2"/><T109/><D61/><U116/><E60/><V44/><F44/><W9/><G9/><T98/><D109/><U96/><E116/><V110/><F110/><W84/><G84/><T46/><D46/><U68/><E50/><V4/><F4/><W86/><G86/><T59/><D48/><RYUUKYOKU ba="2,2" sc="299,-15,307,-15,171,15,203,15" hai2="18,20,24,45,51,69,70,73,79,81,91,94,97" hai3="6,10,25,30,32,54,55,72,74,75,93,99,101" /><INIT seed="2,3,2,5,1,1" ten="284,292,186,218" oya="2" hai0="28,77,49,15,73,95,74,134,37,110,43,61,50" hai1="55,19,70,8,48,56,33,22,84,54,121,101,123" hai2="125,30,6,10,17,103,24,18,45,135,29,111,60" hai3="97,90,83,105,57,76,92,53,102,99,13,31,114"/><V80/><F135/><W106/><G114/><T25/><D37/><U66/><E33/><V127/><F103/><W59/><G31/><T2/><D2/><U69/><E101/><V75/><F45/><W16/><G105/><T5/><D77/><U88/><E8/><V91/><F60/><W3/><G3/><T126/><D74/><U67/><E55/><V85/><F75/><W9/><REACH who="3" step="1"/><G53/><REACH who="3" ten="284,292,186,208" step="2"/><T35/><D28/><U133/><E133/><V117/><F29/><W71/><G71/><T118/><D134/><U27/><E70/><V113/><F113/><W128/><G128/><T34/><D34/><U51/><E69/><V64/><F117/><W89/><G89/><T46/><D35/><U40/><E67/><V26/><F64/><W39/><G39/><T119/><D118/><U82/><E66/><V122/><F122/><N who="1" m="46601" /><E40/><V98/><F30/><W62/><G62/><AGARI ba="3,3" hai="19,22,27,48,51,54,56,62,82,84,88" m="46601" machi="62" ten="30,2000,0" yaku="13,1,54,1" doraHai="1" who="1" fromWho="3" sc="284,0,292,59,186,0,208,-29" /><INIT seed="3,0,0,4,5,77" ten="284,351,186,179" oya="3" hai0="126,72,28,20,57,130,123,62,27,76,95,91,70" hai1="32,41,60,97,56,63,44,135,23,105,66,113,4" hai2="36,53,92,17,18,37,83,118,125,39,5,116,19" hai3="13,2,22,87,110,71,14,35,16,46,0,85,73"/><W10/><G73/><T42/><D123/><U21/><E113/><V86/><F125/><W1/><G35/><T74/><D126/><U101/><E135/><V129/><F129/><W78/><G71/><T133/><D70/><U114/><E114/><V117/><F5/><W61/><G110/><T24/><D133/><U6/><E32/><V122/><F122/><W127/><G127/><T131/><D42/><U67/><E6/><V29/><F29/><W82/><G61/><T88/><D27/><U124/><E4/><V115/><F115/><W108/><G108/><T47/><D47/><U40/><E40/><V68/><F68/><W106/><G106/><T15/><D15/><U98/><E124/><V52/><F92/><W54/><G87/><T89/><D95/><U43/><E43/><V8/><F8/><W75/><G75/><T128/><REACH who="0" step="1"/><D76/><AGARI ba="0,0" hai="17,18,19,36,37,39,52,53,76,83,86,116,117,118" machi="76" ten="50,8000,1" yaku="29,2,52,1,54,1" doraHai="77" who="2" fromWho="0" sc="284,-80,351,0,186,80,179,0" owari="204,-19.6,351,45.1,266,6.6,179,-32.1" /></mjloggm>