<mjloggm ver="2.3"><GO type="225" lobby="0"/><UN n0="%E6%B2%A1%E7%94%B7" n1="%E3%83%AD%E3%83%83%E3%83%86%E9%9B%80%E7%90%83" n2="%E3%83%AC%E3%82%A4%E3%83%88%E3%83%B3%E5%87%86%E6%95%99%E6%8E%88" n3="%E3%81%A9%E3%82%8F%E3%82%93%E3%81%94" dan="16,17,18,16" rate="2051.63,2253.80,2192.49,2141.97" sx="M,M,M,M"/><TAIKYOKU oya="0"/><INIT seed="0,0,0,2,4,105" ten="250,250,250,250" oya="0" hai0="21,35,101,109,9,89,75,94,126,59,29,80,134" hai1="41,8,3,133,68,13,67,127,32,43,63,91,55" hai2="2,77,92,25,97,86,82,5,73,78,114,102,44" hai3="52,6,38,0,70,16,46,100,111,110,19,120,10"/><T1/><D134/><U95/><E133/><V58/><F114/><W11/><G70/><T72/><D35/><U37/><E127/><V15/><F2/><W26/><G120/><T14/><D126/><U48/><E37/><V53/><F44/><W112/><G112/><T24/><D101/><U81/><E3/><V33/><F33/><W121/><G121/><T113/><D113/><U7/><E81/><V54/><F25/><W135/><G135/><T27/><D1/><U118/><E118/><V74/><F77/><W71/><G71/><T130/><D80/><U22/><E22/><V47/><F47/><W23/><G100/><T87/><D130/><U84/><REACH who="1" step="1"/><E32/><REACH who="1" ten="250,240,250,250" step="2"/><V30/><F30/><W76/><G76/><T125/><D125/><U42/><E42/><V115/><F115/><W17/><G11/><T31/><D109/><N who="3" m="41481" /><G38/><T61/><D27/><U93/><E93/><V45/><F78/><W99/><G99/><T66/><REACH who="0" step="1"/><D31/><REACH who="0" ten="240,240,250,250" step="2"/><U56/><AGARI ba="0,2" hai="7,8,13,41,43,48,55,56,63,67,68,84,91,95" machi="56" ten="20,2700,0" yaku="1,1,0,1,7,1,53,0" doraHai="105" doraHaiUra="98" who="1" fromWho="1" sc="240,-13,240,47,250,-7,250,-7" /><INIT seed="1,0,0,5,4,122" ten="227,287,243,243" oya="1" hai0="75,19,42,91,1,112,114,105,40,103,83,73,9" hai1="26,37,41,76,12,108,131,32,16,123,80,35,10" hai2="58,117,48,36,135,27,57,30,109,118,31,133,28" hai3="68,70,102,130,115,11,74,87,126,99,100,69,25"/><U104/><E104/><V22/><F36/><W79/><G115/><T6/><D75/><U59/><E123/><V65/><F65/><W77/><G74/><T101/><D101/><U39/><E108/><V45/><F109/><W71/><G130/><T55/><D112/><U86/><E131/><V128/><F128/><W82/><G126/><T62/><D19/><U54/><E41/><V95/><F95/><W89/><N who="3" m="17408" /><DORA hai="110" /><W127/><G127/><T8/><D8/><U38/><REACH who="1" step="1"/><E26/><REACH who="1" ten="227,277,243,243" step="2"/><V29/><F117/><W119/><G119/><T67/><D42/><U72/><E72/><V51/><F118/><W13/><G25/><T14/><D40/><U94/><E94/><V7/><F27/><W5/><REACH who="3" step="1"/><G102/><REACH who="3" ten="227,277,243,233" step="2"/><T120/><D103/><U66/><E66/><V107/><F133/><W111/><G111/><T90/><D67/><U116/><E116/><V15/><F135/><W52/><G52/><T20/><D55/><U85/><E85/><V121/><F121/><W84/><G84/><T93/><D73/><U129/><E129/><V24/><F24/><W132/><G132/><T124/><D120/><U96/><E96/><V0/><F30/><W34/><G34/><T44/><D124/><U4/><E4/><V97/><F29/><W50/><G50/><AGARI ba="0,2" hai="10,12,16,32,35,37,38,39,50,54,59,76,80,86" machi="50" ten="40,3900,0" yaku="1,1,54,1,53,0" doraHai="122,110" doraHaiUra="113,60" who="1" fromWho="3" sc="227,0,277,59,243,0,233,-39" /><INIT seed="1,1,0,1,4,109" ten="227,336,243,194" oya="1" hai0="125,104,45,94,115,82,62,121,8,127,75,48,99" hai1="15,71,105,47,77,56,110,134,60,102,44,17,36" hai2="64,0,108,3,55,53,114,59,58,135,31,81,129" hai3="10,2,119,16,101,9,30,112,57,128,93,51,70"/><U34/><E34/><V83/><F108/><W6/><G70/><T29/><D121/><U74/><E102/><V78/><F129/><W63/><G128/><T123/><D123/><U100/><E100/><V41/><F41/><W21/><G119/><T52/><D104/><U1/><E1/><V24/><F64/><W89/><G101/><T25/><D8/><U33/><E56/><V61/><F135/><W116/><G116/><T107/><D107/><U91/><E91/><V132/><F132/><W133/><G51/><T38/><D38/><U106/><E17/><V67/><F67/><W84/><G133/><T85/><D75/><U11/><E11/><V40/><F40/><W19/><G112/><T73/><D73/><U130/><E60/><V50/><F114/><W5/><G21/><T80/><D115/><U103/><E103/><V120/><F120/><W117/><G30/><T72/><D72/><U54/><E33/><V42/><F42/><W43/><G43/><T131/><D62/><U86/><E74/><V32/><F81/><W88/><G89/><N who="0" m="55759" /><D131/><U26/><E71/><V20/><F32/><W79/><G79/><N who="0" m="46239" /><D82/><U87/><E36/><V92/><F92/><W95/><G95/><T12/><D12/><U23/><E106/><V37/><F37/><W122/><G117/><T90/><D90/><U96/><E105/><V49/><F61/><W76/><G76/><T97/><D97/><U124/><E110/><V69/><F69/><W111/><G111/><T22/><D29/><U14/><E130/><V7/><F7/><W35/><G122/><T126/><D126/><RYUUKYOKU ba="1,0" sc="227,15,336,-15,243,15,194,-15" hai0="22,25,45,48,52,125,127" hai2="0,3,20,24,31,49,50,53,55,58,59,78,83" /><INIT seed="2,2,0,3,5,97" ten="242,321,258,179" oya="2" hai0="58,103,7,94,13,67,27,120,29,3,25,47,14" hai1="85,109,95,49,40,62,90,61,2,104,37,31,64" hai2="124,54,134,30,57,111,116,73,39,127,42,33,131" hai3="41,60,121,43,93,82,65,123,112,19,56,108,32"/><V23/><F116/><W88/><G32/><T86/><D120/><U102/><E37/><V8/><F131/><W1/><G1/><T0/><D0/><U74/><E2/><V113/><F113/><W38/><G112/><T52/><D3/><U135/><E74/><V78/><F33/><W80/><G108/><T18/><D7/><U117/><E117/><V100/><F111/><W5/><G5/><T59/><D29/><U17/><E31/><V46/><F8/><W105/><G105/><T119/><D119/><U89/><E102/><V96/><F134/><W83/><G19/><T87/><D47/><N who="1" m="25831" /><E64/><V125/><F78/><W63/><G38/><T129/><D67/><U91/><E104/><V126/><F73/><W81/><N who="3" m="20480" /><DORA hai="26" /><W15/><G15/><N who="0" m="5643" /><D129/><U51/><E17/><V99/><F100/><W79/><G79/><T107/><D59/><U75/><E75/><V72/><F72/><W68/><G123/><T36/><D36/><U24/><E24/><N who="0" m="9289" /><D18/><U35/><E135/><V6/><F6/><W118/><G118/><T69/><D69/><U20/><E20/><V34/><F23/><W44/><G44/><T110/><D107/><U92/><E109/><V132/><F132/><W114/><G114/><T133/><D133/><U84/><E35/><V66/><F127/><W9/><G121/><T130/><D110/><U101/><E90/><V70/><F34/><W11/><G11/><T77/><D130/><U115/><E91/><V22/><F22/><W98/><REACH who="3" step="1"/><G9/><REACH who="3" ten="242,321,258,169" step="2"/><T28/><D77/><U106/><E115/><V12/><F124/><W48/><G48/><RYUUKYOKU ba="2,1" sc="242,-10,321,-10,258,-10,169,30" hai3="41,43,56,60,63,65,68,88,93,98" /><INIT seed="3,3,1,0,5,39" ten="232,311,248,199" oya="3" hai0="125,48,13,0,117,93,127,2,19,116,76,42,9" hai1="87,96,121,122,130,102,77,20,30,113,99,29,123" hai2="49,78,101,128,69,79,14,21,5,54,108,24,126" hai3="81,40,89,72,103,56,34,75,44,53,66,74,61"/><W95/><G34/><T22/><D76/><U17/><E113/><V12/><F69/><W1/><G1/><N who="0" m="619" /><D93/><U18/><E130/><V97/><F108/><W58/><G103/><T86/><D86/><U28/><E99/><V46/><F128/><W38/><G58/><T100/><D100/><U106/><E20/><V131/><F126/><N who="0" m="48138" /><D22/><U55/><E55/><V111/><F111/><W7/><G7/><T84/><D84/><U73/><E73/><V98/><F131/><W134/><G134/><T33/><D33/><U4/><E4/><V112/><F112/><W59/><G81/><T43/><D48/><U16/><E87/><V8/><F12/><W91/><REACH who="3" step="1"/><G95/><REACH who="3" ten="232,311,248,189" step="2"/><T71/><D71/><U88/><E88/><V50/><F101/><W110/><G110/><T90/><D90/><U65/><E77/><V107/><F78/><W135/><G135/><T15/><D15/><U82/><E82/><V67/><F79/><W27/><G27/><T70/><D70/><U36/><E102/><V80/><F80/><W26/><G26/><T133/><D133/><U45/><E122/><V35/><F35/><W83/><G83/><T105/><D105/><U64/><E123/><V119/><F107/><W129/><G129/><T31/><D117/><U57/><E121/><V6/><F119/><W32/><G32/><T62/><D116/><U11/><E106/><V68/><F5/><W104/><G104/><T25/><D13/><U52/><E57/><N who="2" m="32975" /><F68/><W3/><G3/><T120/><D25/><U41/><E65/><V124/><F67/><W118/><G118/><T92/><D120/><RYUUKYOKU ba="3,2" sc="232,-10,311,-10,248,-10,189,30" hai3="38,40,44,53,56,59,61,66,72,74,75,89,91" /><INIT seed="3,4,2,4,0,103" ten="222,301,238,219" oya="3" hai0="131,71,132,88,135,75,38,28,115,123,76,40,1" hai1="44,35,11,72,74,57,90,102,78,12,99,42,116" hai2="117,22,6,43,7,14,101,95,45,79,82,8,65" hai3="24,100,83,61,31,2,41,80,114,0,16,113,129"/><W108/><G41/><T59/><D123/><U20/><E35/><V107/><F107/><W118/><G118/><T39/><D71/><U128/><E90/><V60/><F117/><W18/><G100/><T134/><D131/><U112/><E112/><V5/><F22/><W105/><G105/><T92/><D115/><U66/><E20/><V97/><F60/><W33/><G129/><T81/><D1/><U119/><E128/><V68/><F65/><W109/><G61/><T3/><D3/><N who="3" m="1065" /><G80/><T26/><D59/><U58/><E58/><V25/><F25/><N who="3" m="18671" /><G83/><T86/><D40/><U93/><E74/><V36/><REACH who="2" step="1"/><F68/><REACH who="2" ten="222,301,228,219" step="2"/><W32/><G114/><T64/><D64/><U110/><E66/><V84/><AGARI ba="4,3" hai="5,6,7,8,14,36,43,45,79,82,84,95,97,101" machi="84" ten="20,5200,0" yaku="1,1,2,1,0,1,7,1,53,0" doraHai="103" doraHaiUra="104" who="2" fromWho="2" sc="222,-17,301,-17,228,94,219,-30" owari="205,-19.5,284,8.4,322,42.2,189,-31.1" /></mjloggm>