<mjloggm ver="2.3"><GO type="225" lobby="0"/><UN n0="%E9%A6%AC%E4%BA%86%E9%9A%94%E5%A3%81" n1="%2D%E6%84%9B%E5%AE%95%E7%B5%B9%E6%81%B5%2D" n2="%E7%99%BD%E6%97%A5%E9%9B%AA%E8%8F%9C" n3="%E3%83%AB%E3%83%9B%E3%83%B3%E3%83%87%E3%82%A3%E3%82%A8" dan="18,16,17,17" rate="2209.29,2106.32,2216.79,2199.32" sx="M,M,M,M"/><TAIKYOKU oya="0"/><INIT seed="0,0,0,5,5,40" ten="250,250,250,250" oya="0" hai0="35,107,52,68,42,56,75,17,100,11,55,93,74" hai1="87,37,22,119,32,14,125,44,89,57,112,69,15" hai2="9,88,48,127,115,26,90,106,121,30,5,6,38" hai3="39,23,67,36,103,101,13,66,12,65,86,21,64"/><T97/><D68/><U19/><E119/><V43/><F115/><W85/><G66/><T134/><D35/><U47/><E112/><V50/><F121/><W0/><REACH who="3" step="1"/><G64/><REACH who="3" ten="250,250,250,240" step="2"/><T51/><D134/><U24/><E69/><V122/><F122/><W111/><G111/><T80/><D107/><U109/><E109/><V3/><F106/><W126/><G126/><T118/><D118/><U25/><E125/><V10/><F127/><W124/><G124/><T120/><D120/><U27/><E37/><V71/><F71/><W46/><G46/><N who="1" m="17450" /><E32/><V94/><F38/><W8/><G8/><T123/><D123/><U34/><E34/><V59/><F10/><W105/><G105/><T33/><D33/><U78/><E57/><V2/><F59/><W95/><G95/><T129/><D93/><N who="1" m="54463" /><E78/><V4/><F94/><W92/><G92/><T83/><D56/><U16/><E14/><V91/><F3/><AGARI ba="0,1" hai="0,3,12,13,21,23,36,39,65,67,85,86,101,103" machi="3" ten="25,3200,0" yaku="1,1,22,2,53,0" doraHai="40" doraHaiUra="49" who="3" fromWho="2" sc="250,0,250,0,250,-32,240,42" /><INIT seed="1,0,0,2,4,79" ten="250,250,218,282" oya="1" hai0="15,132,75,38,111,117,116,85,10,131,71,101,54" hai1="55,53,1,11,110,94,41,27,100,93,34,23,78" hai2="3,68,133,58,44,49,103,102,124,47,89,2,62" hai3="86,17,80,106,130,0,69,4,50,51,57,40,76"/><U39/><E110/><V61/><F68/><W105/><G69/><T13/><D75/><U125/><E125/><V118/><F118/><W33/><G33/><T82/><D71/><U64/><E34/><V52/><F124/><W5/><G130/><T135/><D38/><U83/><E64/><V21/><F133/><N who="0" m="51274" /><D111/><U37/><E53/><V108/><F108/><W127/><G0/><T74/><D74/><U123/><E123/><V97/><F3/><W24/><G106/><T113/><D113/><U70/><E70/><V109/><F2/><W19/><G105/><T14/><D101/><U28/><E55/><V63/><F109/><W42/><G57/><T31/><D31/><U35/><E100/><N who="2" m="38443" /><F21/><N who="3" m="13359" /><G19/><N who="0" m="8631" /><D54/><U67/><E67/><V12/><F12/><N who="0" m="4650" /><D131/><U122/><E35/><V60/><N who="2" m="15360" /><DORA hai="32" /><V6/><F6/><N who="3" m="2667" /><G127/><T36/><D36/><U45/><E37/><V114/><F114/><W104/><G104/><T120/><D120/><U25/><E122/><V121/><F121/><W81/><G42/><T107/><D107/><U115/><E115/><V8/><F8/><W92/><G40/><T59/><D59/><U43/><E41/><V96/><F58/><W20/><G20/><T119/><D117/><U22/><E11/><V95/><F44/><W134/><G134/><T72/><D72/><U84/><REACH who="1" step="1"/><E1/><REACH who="1" ten="250,240,218,282" step="2"/><V46/><F46/><W128/><G128/><T98/><D119/><U26/><E26/><V18/><F47/><W48/><G48/><T66/><D116/><U7/><E7/><V77/><F49/><W129/><G129/><T91/><D66/><U9/><E9/><RYUUKYOKU ba="0,1" sc="250,15,240,15,218,-15,282,-15" hai0="82,85,91,98" hai1="22,23,25,27,28,39,43,45,78,83,84,93,94" /><INIT seed="1,1,1,3,1,99" ten="265,255,203,267" oya="1" hai0="116,5,110,31,29,85,49,83,47,42,11,20,84" hai1="86,77,56,115,14,95,94,19,107,44,24,109,78" hai2="21,26,108,119,89,105,33,30,103,74,102,51,132" hai3="50,57,127,67,65,32,40,106,111,2,81,122,16"/><U131/><E115/><V17/><F119/><W134/><G2/><T39/><D116/><U118/><E118/><V128/><F74/><W34/><G106/><T100/><D110/><U52/><E107/><V104/><F108/><W98/><G122/><T70/><D70/><U68/><E68/><V135/><F128/><W133/><G111/><T7/><D39/><U8/><E131/><V35/><F89/><W18/><G127/><T79/><D84/><U10/><E109/><V53/><F105/><W37/><G37/><T112/><D112/><U9/><E44/><V120/><F120/><W123/><G81/><T126/><D126/><U82/><E24/><N who="2" m="14383" /><F35/><N who="3" m="13355" /><G98/><T28/><D20/><N who="1" m="11383" /><E77/><V90/><F90/><W93/><G93/><T125/><D125/><U46/><E46/><N who="2" m="27895" /><F104/><W15/><G123/><T80/><D80/><U23/><E23/><V54/><F54/><N who="3" m="31959" /><G18/><T36/><D36/><U58/><E58/><V25/><F25/><W4/><G4/><T73/><D73/><U59/><E59/><V45/><F45/><W76/><G76/><T101/><REACH who="0" step="1"/><D5/><REACH who="0" ten="255,255,203,267" step="2"/><U92/><E8/><V1/><F1/><AGARI ba="1,2" hai="1,7,11,28,29,31,42,47,49,79,83,85,100,101" machi="1" ten="40,8000,1" yaku="1,1,2,1,52,2,53,0" doraHai="99" doraHaiUra="121" who="0" fromWho="2" sc="255,103,255,0,203,-83,267,0" /><INIT seed="2,0,0,3,1,79" ten="358,255,120,267" oya="2" hai0="94,82,135,52,76,102,101,125,39,90,16,65,80" hai1="87,116,40,17,114,32,23,127,110,46,12,95,55" hai2="77,67,11,54,113,99,61,10,72,58,50,1,106" hai3="26,27,130,14,96,86,0,88,123,124,49,48,84"/><V85/><F113/><W42/><G0/><T129/><D39/><U5/><E114/><V22/><F72/><W118/><G123/><T53/><D129/><U21/><E116/><V117/><F117/><W122/><G118/><T97/><D125/><U104/><E127/><V108/><F108/><W91/><G122/><T126/><D126/><U71/><E104/><V56/><F1/><W119/><G96/><T57/><D135/><U121/><E121/><V69/><F69/><W36/><G36/><T45/><D16/><U28/><E71/><V70/><F22/><W112/><G119/><T18/><D18/><U51/><E110/><V75/><F75/><W13/><G124/><T29/><D29/><U78/><E5/><V38/><F58/><W120/><G42/><T134/><D134/><U43/><E32/><V7/><F7/><W81/><G120/><T9/><D9/><U133/><E133/><V115/><F115/><W3/><G3/><T131/><D131/><U111/><E111/><V89/><F77/><W62/><G62/><N who="0" m="38095" /><D76/><U109/><E109/><V34/><F34/><W24/><G112/><T30/><D30/><U93/><E28/><V47/><F99/><W6/><G130/><T31/><D31/><U44/><E23/><V37/><F106/><W103/><G103/><N who="0" m="39435" /><D45/><U15/><E12/><N who="3" m="4714" /><G6/><T33/><D33/><U92/><E46/><V60/><F37/><W19/><G19/><T64/><D64/><U107/><E107/><V105/><F105/><W2/><G2/><T8/><D8/><U63/><E63/><V35/><F61/><W66/><G66/><RYUUKYOKU ba="0,0" sc="358,10,255,10,120,-30,267,10" hai0="52,53,80,82,90,94,97" hai1="15,17,21,40,43,44,51,55,78,87,92,93,95" hai3="24,26,27,48,49,81,84,86,88,91" /><INIT seed="3,1,0,3,4,31" ten="368,265,90,277" oya="3" hai0="23,15,126,95,60,54,124,81,30,133,74,48,2" hai1="106,103,57,18,101,119,104,70,24,90,85,52,53" hai2="36,115,58,7,1,8,89,98,97,41,120,66,3" hai3="63,19,99,76,50,112,9,118,128,79,55,131,127"/><W32/><G112/><T17/><D133/><U33/><E119/><V83/><F115/><W0/><G118/><T130/><D130/><N who="3" m="49705" /><G63/><T45/><D2/><U11/><E70/><V72/><F1/><W121/><G121/><T13/><D30/><U110/><E110/><V91/><F120/><W135/><G135/><T44/><D95/><U116/><E116/><V114/><F114/><W129/><G129/><T87/><D74/><U6/><E106/><V49/><F66/><W105/><G32/><T77/><D60/><U5/><E53/><V12/><F12/><N who="3" m="7567" /><G0/><T46/><REACH who="0" step="1"/><D13/><REACH who="0" ten="358,265,90,277" step="2"/><N who="1" m="7487" /><E104/><V34/><F34/><W75/><G75/><T93/><D93/><N who="1" m="54479" /><E33/><V38/><F98/><W42/><G127/><AGARI ba="1,1" hai="15,17,23,44,45,46,48,54,77,81,87,124,126,127" machi="127" ten="40,2600,0" yaku="1,1,18,1,53,0" doraHai="31" doraHaiUra="96" who="0" fromWho="3" sc="358,39,265,0,90,0,277,-29" owari="397,49.7,265,6.5,90,-41.0,248,-15.2" /></mjloggm>