<mjloggm ver="2.3"><GO type="225" lobby="0"/><UN n0="%E6%A1%9C%E8%8A%B1%E9%96%83%E3%80%85" n1="%E3%82%82%E3%81%90%E3%82%89" n2="%6D%75%75%6D%75%72%61" n3="%73%75%7A%75%6D%65%33" dan="18,17,16,17" rate="2275.41,2169.81,2132.60,2199.13" sx="M,M,F,M"/><TAIKYOKU oya="0"/><INIT seed="0,0,0,5,3,62" ten="250,250,250,250" oya="0" hai0="118,45,100,82,43,57,58,51,106,91,83,3,98" hai1="30,38,54,15,24,133,128,81,25,116,65,90,134" hai2="8,0,11,85,80,76,9,94,64,127,53,72,107" hai3="7,68,52,114,109,59,5,37,60,110,101,19,86"/><T44/><D118/><U22/><E116/><V119/><F119/><W32/><G114/><T4/><D45/><U21/><E128/><V129/><F107/><W12/><G37/><T61/><D91/><U63/><E38/><V14/><F129/><W93/><G32/><T33/><D33/><U16/><E54/><V73/><F127/><W105/><G105/><T46/><D46/><U77/><E90/><V26/><F0/><W78/><G68/><T122/><D122/><U31/><E81/><V111/><F111/><N who="3" m="42507" /><G78/><T42/><D42/><U71/><REACH who="1" step="1"/><E77/><REACH who="1" ten="250,240,250,250" step="2"/><V97/><F53/><W117/><G117/><T47/><D47/><U115/><E115/><V89/><F14/><W29/><G101/><T88/><D88/><U69/><E69/><V18/><F89/><N who="3" m="53431" /><G29/><T1/><D57/><U66/><E66/><V121/><F64/><W125/><G125/><T70/><D70/><U75/><E75/><V23/><F121/><W87/><G87/><T123/><D123/><U135/><E135/><V41/><F41/><W112/><G112/><T35/><D1/><U95/><E95/><V13/><F73/><W28/><G28/><T6/><D3/><U56/><E56/><V124/><F72/><W103/><G103/><T132/><D132/><U10/><AGARI ba="0,1" hai="10,15,16,21,22,24,25,30,31,63,65,71,133,134" machi="10" ten="30,8000,1" yaku="1,1,0,1,9,1,52,1,54,1,53,0" doraHai="62" doraHaiUra="49" who="1" fromWho="1" sc="250,-40,240,90,250,-20,250,-20" /><INIT seed="1,0,0,2,3,111" ten="210,330,230,230" oya="1" hai0="10,135,81,8,45,28,121,37,40,9,86,85,120" hai1="71,13,61,82,29,92,84,130,11,41,88,93,119" hai2="12,23,0,116,97,112,25,5,64,21,106,75,55" hai3="46,33,103,90,105,51,118,127,128,48,42,70,91"/><U62/><E119/><V76/><F116/><W123/><G118/><T53/><D135/><U65/><E130/><V63/><F0/><W126/><G123/><N who="0" m="47179" /><D28/><U73/><E73/><V57/><F75/><W78/><G128/><T19/><D53/><U34/><E41/><V108/><F108/><W27/><G70/><T109/><D109/><U87/><E62/><V38/><F76/><W3/><G3/><T32/><D32/><U30/><E34/><V96/><F38/><W47/><G78/><N who="0" m="46263" /><D86/><U67/><E67/><V20/><F106/><W114/><G33/><T79/><D79/><U125/><E125/><N who="3" m="47626" /><G27/><T80/><D80/><U17/><REACH who="1" step="1"/><E93/><REACH who="1" ten="210,320,230,230" step="2"/><V132/><F64/><W99/><G114/><T18/><AGARI ba="0,1" hai="8,9,10,18,19,37,40,45" m="46263,47179" machi="18" ten="40,1500,0" yaku="13,1" doraHai="111" who="0" fromWho="0" sc="210,25,320,-7,230,-4,230,-4" /><INIT seed="2,0,0,2,1,31" ten="235,313,226,226" oya="2" hai0="131,55,4,56,107,119,127,18,67,46,29,102,53" hai1="84,0,47,14,75,132,125,105,128,38,58,30,72" hai2="115,120,13,118,63,99,110,11,16,133,17,85,49" hai3="104,36,35,28,23,89,123,77,48,100,5,57,19"/><V50/><F115/><W74/><G123/><T52/><D127/><U101/><E0/><V82/><F120/><W37/><G5/><T7/><D131/><U10/><E125/><V21/><F118/><W41/><G89/><T126/><D126/><U6/><E128/><V80/><F133/><W39/><G28/><T135/><D135/><U108/><E132/><V81/><F110/><W98/><G35/><T91/><D29/><U60/><E108/><V121/><F121/><W66/><G66/><T22/><D119/><U73/><E30/><V24/><F85/><W54/><G77/><T76/><D76/><U68/><E68/><V97/><REACH who="2" step="1"/><F63/><REACH who="2" ten="235,313,216,226" step="2"/><W51/><G74/><T113/><D113/><U45/><E84/><V106/><F106/><W26/><REACH who="3" step="1"/><G41/><REACH who="3" ten="235,313,216,216" step="2"/><T111/><D111/><U87/><E75/><V34/><F34/><W109/><G109/><T114/><D114/><U88/><E73/><V83/><N who="2" m="20480" /><DORA hai="59" /><V2/><F2/><W3/><G3/><T130/><D130/><U32/><E32/><V61/><F61/><AGARI ba="0,2" hai="19,23,26,36,37,39,48,51,54,57,61,98,100,104" machi="61" ten="40,5200,0" yaku="1,1,52,1,53,1" doraHai="31,59" doraHaiUra="42,93" who="3" fromWho="2" sc="235,0,313,0,216,-52,216,72" /><INIT seed="3,0,0,4,5,6" ten="235,313,164,288" oya="3" hai0="40,80,119,51,123,11,30,67,45,63,101,81,106" hai1="32,10,69,87,110,102,129,20,22,90,37,43,56" hai2="2,83,59,24,14,79,42,97,111,127,44,28,1" hai3="132,29,109,16,3,124,8,64,66,99,100,65,85"/><W73/><G73/><T128/><D123/><U107/><E69/><V21/><F111/><W60/><G109/><T46/><D119/><U134/><E32/><V17/><F127/><W55/><G124/><T113/><D128/><U33/><E33/><V133/><F133/><W15/><G132/><T7/><D30/><U35/><E35/><V130/><F130/><W98/><G3/><T41/><D113/><U76/><E110/><V96/><F59/><N who="3" m="34943" /><G29/><T135/><D101/><U120/><E120/><V118/><F118/><W57/><G100/><T89/><D89/><U36/><E76/><V71/><F71/><W117/><G117/><T112/><D106/><U103/><E134/><V39/><F2/><W68/><G68/><T104/><D104/><U131/><E56/><V75/><REACH who="2" step="1"/><F1/><REACH who="2" ten="235,313,154,288" step="2"/><W25/><G57/><N who="0" m="37359" /><D135/><U18/><E131/><V122/><F122/><W74/><G74/><T88/><D112/><U34/><E129/><V9/><AGARI ba="0,1" hai="9,14,17,21,24,28,39,42,44,75,79,83,96,97" machi="9" ten="20,8000,1" yaku="1,1,0,1,7,1,52,1,53,1" doraHai="6" doraHaiUra="4" who="2" fromWho="2" sc="235,-20,313,-20,154,90,288,-40" /><INIT seed="4,0,0,0,2,13" ten="215,293,244,248" oya="0" hai0="1,75,8,24,74,63,72,104,115,17,20,88,29" hai1="41,65,31,64,19,123,94,59,124,77,25,68,101" hai2="5,80,131,105,52,7,32,129,120,53,44,35,38" hai3="117,26,89,2,128,118,56,85,21,54,76,119,82"/><T60/><D115/><U51/><E123/><V108/><F120/><W109/><G2/><T47/><D104/><U111/><E111/><V0/><F108/><W84/><G109/><T45/><D29/><U27/><E68/><V48/><F105/><W69/><G69/><T50/><D47/><N who="1" m="26095" /><E124/><V112/><F112/><W58/><G128/><N who="2" m="49225" /><F38/><W12/><G12/><T33/><D33/><N who="2" m="12874" /><F0/><W91/><G54/><N who="2" m="21097" /><F80/><W70/><G70/><T102/><D102/><U95/><E31/><V127/><F127/><W9/><G9/><T42/><REACH who="0" step="1"/><D88/><REACH who="0" ten="205,293,244,248" step="2"/><U4/><E101/><V81/><F81/><W14/><G91/><T96/><D96/><U62/><E95/><V113/><F113/><W100/><G100/><T30/><D30/><U37/><E94/><V114/><F114/><W92/><G119/><T61/><D61/><U55/><E62/><V126/><F126/><W10/><G118/><T107/><D107/><U28/><E28/><V23/><F44/><W49/><G117/><T98/><D98/><U116/><E116/><V79/><F48/><W39/><G39/><T134/><D134/><U34/><E37/><V130/><F130/><W18/><G49/><T40/><D40/><U15/><E34/><V132/><F132/><W78/><G78/><T6/><AGARI ba="0,1" hai="1,6,8,17,20,24,42,45,50,60,63,72,74,75" machi="6" ten="40,12000,1" yaku="1,1,0,1,52,1,53,1" doraHai="13" doraHaiUra="16" who="0" fromWho="0" sc="205,130,293,-40,244,-40,248,-40" owari="335,43.5,253,5.3,204,-29.6,208,-19.2" /></mjloggm>