<mjloggm ver="2.3"><GO type="225" lobby="0"/><UN n0="%73%6C%69%63%6B%33%31%39" n1="%E8%A8%88%E7%AE%97%E6%A9%9F%E8%87%AA%E7%84%B6" n2="%33%74%72%65%65" n3="%E8%BE%9B%E5%8F%A3%E3%82%AB%E3%83%AC%E3%83%BC%E3%83%A9%E3%82%A4%E3%82%B9" dan="17,17,17,16" rate="2176.03,2201.15,2197.97,2133.36" sx="M,M,F,M"/><TAIKYOKU oya="0"/><INIT seed="0,0,0,1,4,116" ten="250,250,250,250" oya="0" hai0="124,93,29,20,125,58,121,135,60,131,61,18,30" hai1="57,72,14,33,55,65,87,69,76,113,47,97,56" hai2="52,64,1,132,122,11,118,68,2,112,133,54,44" hai3="89,5,103,111,13,4,110,106,78,23,99,96,10"/><T3/><D3/><N who="2" m="1034" /><F112/><W8/><G78/><T51/><D135/><N who="2" m="51786" /><F118/><W71/><G71/><T46/><D131/><U120/><E33/><V28/><F28/><W39/><G39/><T85/><D121/><U86/><E69/><V75/><F122/><W16/><G8/><T82/><D93/><U105/><E72/><V37/><F75/><W108/><REACH who="3" step="1"/><G10/><REACH who="3" ten="250,250,250,240" step="2"/><T79/><D124/><U42/><E76/><V117/><F11/><W95/><AGARI ba="0,1" hai="4,5,13,16,23,89,95,96,99,103,106,108,110,111" machi="95" ten="40,12000,2" yaku="1,1,2,1,0,1,14,1,54,1,53,2" doraHai="116" doraHaiUra="0" who="3" fromWho="3" sc="250,-60,250,-30,250,-30,240,130" /><INIT seed="1,0,0,1,1,89" ten="190,220,220,370" oya="1" hai0="37,43,40,106,118,71,100,9,124,19,30,134,80" hai1="96,116,97,42,35,121,45,61,63,33,16,46,21" hai2="6,44,3,128,119,8,82,127,38,20,62,120,12" hai3="112,64,103,111,23,87,55,115,13,27,36,98,125"/><U86/><E121/><V74/><F120/><W110/><G36/><T99/><D118/><U60/><E116/><V11/><F119/><W2/><G2/><T58/><D71/><U76/><E33/><V81/><F128/><W73/><G73/><T122/><D122/><U70/><E35/><V54/><F127/><W126/><G64/><T94/><D124/><N who="3" m="47721" /><G55/><T53/><D134/><U85/><E70/><V4/><F74/><W95/><G13/><N who="0" m="7599" /><D106/><U32/><E32/><V90/><F38/><W39/><G39/><T78/><D30/><U92/><E96/><V1/><F90/><N who="3" m="53727" /><G23/><T25/><D25/><N who="1" m="14503" /><E42/><N who="0" m="15913" /><D37/><U102/><E85/><V130/><F130/><W101/><G27/><T41/><N who="0" m="15921" /><T0/><DORA hai="5" /><D0/><U67/><E67/><V48/><F20/><W135/><G135/><T117/><D117/><U15/><E15/><V22/><F22/><W88/><G103/><T29/><D29/><U123/><E123/><V34/><F12/><W83/><G101/><T18/><D18/><U51/><E51/><V105/><F34/><W47/><G112/><T26/><D26/><U59/><E59/><V129/><F129/><W72/><G47/><T91/><D100/><U131/><E131/><V84/><F105/><W113/><G115/><T75/><D75/><U77/><E77/><V7/><F1/><W133/><G113/><T10/><D10/><N who="2" m="3626" /><F3/><W69/><G69/><T108/><D78/><U107/><E107/><V49/><F49/><W132/><G132/><T57/><D80/><AGARI ba="0,0" hai="45,46,60,61,63,76,80,86,92,97,102" m="14503" machi="80" ten="30,5800,0" yaku="8,1,52,1,54,1" doraHai="89,5" who="1" fromWho="0" sc="190,-58,220,58,220,0,370,0" /><INIT seed="1,1,0,2,3,115" ten="132,278,220,370" oya="1" hai0="124,82,106,134,86,30,68,125,130,41,108,135,88" hai1="10,62,52,128,67,120,57,23,6,61,31,102,87" hai2="45,48,5,20,18,77,126,46,32,8,9,66,39" hai3="51,36,107,72,96,24,95,133,7,0,127,109,64"/><U54/><E120/><V28/><F126/><N who="0" m="48746" /><D68/><U56/><E128/><V75/><F66/><W84/><G36/><T85/><D41/><U116/><E116/><V22/><F39/><W33/><G7/><T70/><D70/><U114/><E114/><V58/><F32/><W112/><G24/><T40/><D40/><U81/><E102/><V25/><F58/><W104/><G104/><T47/><D47/><U89/><E67/><V43/><F45/><W122/><G51/><T27/><D108/><U131/><E131/><V19/><F5/><W121/><G84/><N who="0" m="50199" /><D130/><U79/><E89/><V42/><F42/><W2/><G112/><T123/><D123/><U15/><E23/><V83/><REACH who="2" step="1"/><F28/><AGARI ba="1,0" hai="6,10,15,28,31,52,54,56,57,61,62,79,81,87" machi="28" ten="40,7700,0" yaku="9,1,8,1,54,1" doraHai="115" who="1" fromWho="2" sc="132,0,278,80,220,-80,370,0" /><INIT seed="1,2,0,1,5,74" ten="132,358,140,370" oya="1" hai0="95,87,18,73,107,93,63,47,69,4,125,27,44" hai1="6,104,50,119,79,106,19,13,94,118,122,52,75" hai2="91,65,131,92,83,129,10,57,126,123,8,7,55" hai3="134,110,12,15,60,102,96,109,90,128,130,80,39"/><U62/><E122/><V36/><F123/><W88/><G39/><T89/><D107/><U132/><E6/><V35/><F35/><W3/><G3/><T70/><D73/><U81/><E132/><V17/><F36/><W11/><G60/><T112/><D112/><U25/><E25/><V108/><F65/><W28/><G28/><T120/><D120/><U115/><E62/><V66/><F66/><W101/><G134/><T99/><D125/><U111/><E115/><V51/><F126/><W64/><G64/><T37/><D63/><U42/><E42/><V72/><F17/><W56/><G56/><T5/><D69/><U26/><E26/><V124/><F124/><W0/><G0/><T1/><D70/><U22/><E111/><N who="3" m="42506" /><G80/><T86/><D1/><U16/><E19/><V46/><F57/><W114/><G114/><T78/><D37/><U58/><REACH who="1" step="1"/><E94/><REACH who="1" ten="132,348,140,370" step="2"/><V98/><F108/><W34/><G34/><T2/><D18/><U133/><E133/><V135/><F135/><W9/><G128/><T76/><D27/><U53/><E53/><V121/><F121/><W30/><G130/><T24/><D24/><U43/><E43/><V68/><F7/><W23/><G30/><T113/><D113/><U116/><AGARI ba="2,1" hai="13,16,22,50,52,58,75,79,81,104,106,116,118,119" machi="116" ten="30,12000,1" yaku="1,1,0,1,52,1,54,2,53,0" doraHai="74" doraHaiUra="84" who="1" fromWho="1" sc="132,-42,348,136,140,-42,370,-42" /><INIT seed="1,3,0,0,4,55" ten="90,484,98,328" oya="1" hai0="46,79,98,115,92,15,81,111,83,61,91,121,63" hai1="109,76,102,119,127,132,67,62,8,18,40,69,29" hai2="64,114,49,87,54,24,85,7,71,80,32,101,44" hai3="74,35,72,36,12,42,11,116,57,25,84,124,99"/><U125/><E119/><V90/><F114/><W34/><G116/><T113/><D111/><U97/><E132/><V37/><F7/><W70/><G70/><T2/><D2/><U53/><E40/><V118/><F118/><W117/><G117/><T4/><D121/><U96/><E76/><V103/><F37/><W120/><G120/><T68/><D68/><U104/><E109/><V20/><F32/><W78/><G124/><T131/><D131/><U52/><E96/><V123/><F123/><W14/><G36/><T21/><D115/><U5/><E18/><V89/><F64/><W108/><G108/><T56/><D113/><U75/><E75/><V107/><F107/><W133/><G42/><T112/><D112/><U65/><E65/><V30/><REACH who="2" step="1"/><F71/><REACH who="2" ten="90,484,88,328" step="2"/><W47/><G34/><T27/><D4/><U106/><E106/><V31/><F31/><W19/><G35/><T126/><D126/><N who="1" m="48139" /><E29/><V105/><F105/><W33/><G19/><T134/><D134/><U82/><E67/><V129/><F129/><W9/><G133/><T43/><D79/><U45/><E104/><V95/><AGARI ba="3,1" hai="20,24,30,44,49,54,80,85,87,89,90,95,101,103" machi="95" ten="20,8000,1" yaku="1,1,0,1,7,1,8,1,53,1" doraHai="55" doraHaiUra="77" who="2" fromWho="2" sc="90,-23,484,-43,88,99,328,-23" /><INIT seed="2,0,0,3,5,71" ten="67,441,187,305" oya="2" hai0="125,51,112,131,92,100,87,130,1,84,32,105,33" hai1="82,65,58,14,134,89,38,99,54,111,88,117,93" hai2="61,97,18,20,81,77,95,0,94,37,132,109,11" hai3="52,135,59,113,68,41,30,64,40,13,85,15,110"/><V17/><F132/><W31/><G110/><T2/><D51/><U60/><E117/><V62/><F109/><W133/><G113/><T46/><D46/><U98/><E38/><V4/><F37/><W66/><G85/><T22/><D92/><N who="1" m="56583" /><E134/><N who="3" m="51210" /><G68/><T129/><D100/><U16/><E111/><V103/><F94/><W24/><G13/><T56/><D56/><U108/><E108/><V86/><F18/><W35/><G15/><AGARI ba="0,0" hai="0,4,11,15,17,20,61,62,77,81,86,95,97,103" machi="15" ten="30,1500,0" yaku="7,1" doraHai="71" who="2" fromWho="3" sc="67,0,441,0,187,15,305,-15" /><INIT seed="2,1,0,0,5,52" ten="67,441,202,290" oya="2" hai0="57,66,121,125,27,15,11,56,12,101,89,116,78" hai1="118,5,8,32,53,44,120,1,60,71,48,84,20" hai2="109,4,98,95,34,103,17,22,126,86,92,10,47" hai3="58,79,96,46,72,85,115,68,59,94,114,100,3"/><V112/><F112/><N who="3" m="43051" /><G68/><T6/><D125/><U119/><E32/><V54/><F34/><W61/><G3/><T107/><D121/><U124/><E124/><V132/><F132/><W77/><G61/><T2/><D116/><U13/><E120/><V7/><F10/><W74/><G46/><T113/><D113/><U37/><E37/><V127/><F109/><W70/><G70/><T23/><D78/><N who="3" m="29705" /><G85/><T50/><D89/><U0/><E84/><V18/><F86/><W111/><G111/><T87/><D87/><U76/><E76/><V104/><F47/><W128/><G128/><T36/><D36/><U38/><E38/><V24/><F126/><W49/><G49/><T64/><D101/><U65/><E0/><V16/><F127/><W25/><G25/><T90/><D90/><U102/><E102/><V28/><F54/><W41/><G41/><T123/><D107/><U82/><E82/><V42/><F42/><W81/><G81/><T29/><D123/><U105/><E105/><V14/><F14/><W93/><G93/><T31/><D31/><U67/><E67/><V91/><F104/><W19/><G19/><T9/><D2/><U110/><E110/><V122/><F122/><W134/><G134/><T88/><D88/><U21/><E1/><V97/><AGARI ba="1,0" hai="4,7,16,17,18,22,24,28,91,92,95,97,98,103" machi="97" ten="30,6000,0" yaku="0,1,8,1,54,1" doraHai="52" who="2" fromWho="2" sc="67,-21,441,-21,202,63,290,-21" /><INIT seed="2,2,0,5,4,10" ten="46,420,265,269" oya="2" hai0="95,74,5,13,49,97,3,22,28,51,46,17,45" hai1="33,69,58,87,98,68,105,128,72,34,134,7,130" hai2="44,112,35,38,63,101,11,59,15,93,118,131,48" hai3="96,36,20,19,110,14,79,62,67,77,92,83,86"/><V6/><F118/><W129/><G110/><T23/><D74/><U30/><E72/><V52/><F112/><W89/><G129/><N who="1" m="49770" /><E134/><V132/><F131/><W102/><REACH who="3" step="1"/><G36/><REACH who="3" ten="46,420,265,259" step="2"/><T135/><D135/><U16/><E34/><V124/><F132/><W9/><G9/><T12/><D3/><U76/><E33/><V119/><F35/><W111/><G111/><T122/><D122/><U54/><E68/><AGARI ba="2,1" hai="14,19,20,62,67,68,77,79,83,86,89,92,96,102" machi="68" ten="30,3900,0" yaku="1,1,7,1,52,1,53,0" doraHai="10" doraHaiUra="1" who="3" fromWho="1" sc="46,0,420,-45,265,0,259,55" /><INIT seed="3,0,0,4,3,60" ten="46,375,265,314" oya="3" hai0="5,62,105,125,32,130,99,134,56,76,35,100,29" hai1="1,38,52,132,28,84,44,75,57,88,135,33,93" hai2="6,43,67,65,11,13,78,51,119,112,72,109,68" hai3="50,80,26,77,42,117,25,121,110,30,101,95,85"/><W86/><G117/><T63/><D5/><U23/><E1/><V21/><F112/><W61/><G121/><T107/><D29/><U36/><E33/><V15/><F119/><W92/><G110/><T3/><D99/><U114/><E75/><V37/><F37/><W55/><G42/><T90/><D90/><U89/><E114/><V111/><F72/><W69/><G101/><T24/><D56/><U2/><E2/><V108/><F68/><W7/><G7/><T73/><D24/><N who="1" m="16415" /><E89/><V70/><F70/><W104/><G104/><T115/><D76/><U48/><E57/><V128/><F128/><W98/><G86/><T131/><D100/><U120/><E120/><V34/><F34/><W96/><G96/><T116/><D62/><U124/><E124/><V83/><F83/><W102/><G95/><T133/><D63/><U9/><E9/><V113/><F78/><W74/><G74/><T59/><D59/><U53/><E53/><V97/><F97/><W91/><G77/><T71/><D105/><U18/><E18/><N who="2" m="10447" /><F113/><W58/><REACH who="3" step="1"/><G30/><REACH who="3" ten="46,375,265,304" step="2"/><T64/><D131/><U122/><E122/><V118/><F118/><W106/><G106/><T16/><D133/><AGARI ba="0,1" hai="36,38,44,48,52,84,88,93,132,133,135" m="16415" machi="133" ten="30,3900,0" yaku="20,1,54,2" doraHai="60" who="1" fromWho="0" sc="46,-39,375,49,265,0,304,0" owari="7,-49.3,424,52.4,265,-13.5,304,10.4" /></mjloggm>