<mjloggm ver="2.3"><GO type="225" lobby="0"/><UN n0="%E3%81%A9%E3%82%8F%E3%82%93%E3%81%94" n1="%E8%81%B7%E6%A5%AD%E3%80%81%E9%A2%A8%32" n2="%E9%BB%92%E4%BA%BA%40%E3%81%8F%E3%82%8D%E3%82%93%E3%81%A1%E3%82%85" n3="%33%74%72%65%65" dan="16,16,16,17" rate="2169.38,2096.64,2090.00,2126.15" sx="M,M,M,F"/><TAIKYOKU oya="0"/><INIT seed="0,0,0,2,3,108" ten="250,250,250,250" oya="0" hai0="54,34,119,30,66,40,74,116,43,28,20,115,6" hai1="29,58,106,38,76,35,107,104,18,11,60,94,33" hai2="41,36,96,121,67,65,80,64,109,26,103,63,51" hai3="134,95,105,130,98,47,32,70,122,0,17,61,84"/><T69/><D74/><U16/><E38/><V23/><F121/><W12/><G130/><T101/><D101/><U135/><E135/><V8/><F36/><W39/><G0/><T114/><D66/><U45/><E45/><V99/><F109/><W131/><G32/><T132/><D69/><U129/><E129/><V72/><F72/><W88/><G131/><T14/><D54/><U97/><E76/><V75/><F75/><W78/><G134/><T100/><D100/><U59/><E59/><V81/><F63/><W120/><G105/><T21/><D34/><U112/><E112/><N who="0" m="43049" /><D40/><U102/><E29/><N who="0" m="11369" /><D43/><U128/><E128/><V50/><F8/><W52/><G39/><T77/><D77/><U55/><REACH who="1" step="1"/><E18/><REACH who="1" ten="250,240,250,250" step="2"/><N who="2" m="12663" /><F41/><W3/><G120/><T49/><D132/><U110/><E110/><V44/><F44/><W53/><G122/><T89/><D49/><U82/><E82/><V56/><F51/><W13/><G47/><T25/><D119/><U10/><E10/><V124/><F50/><W15/><G17/><N who="0" m="10295" /><D116/><U71/><E71/><V123/><F123/><W127/><G70/><T57/><D57/><U118/><E118/><V5/><F80/><W87/><G78/><T83/><D83/><U92/><E92/><V126/><F81/><W1/><G61/><T73/><D73/><U2/><E2/><V91/><F56/><W9/><G1/><T31/><D89/><U85/><E85/><V62/><F62/><W113/><G87/><T37/><D37/><U22/><E22/><V42/><F42/><W19/><G84/><T86/><D86/><U24/><E24/><RYUUKYOKU ba="0,1" sc="250,15,240,15,250,-15,250,-15" hai0="6,21,25,31" hai1="11,16,33,35,55,58,60,94,97,102,104,106,107" /><INIT seed="0,1,1,5,1,119" ten="265,255,235,235" oya="0" hai0="60,31,36,82,41,16,71,108,12,61,112,56,17" hai1="9,69,107,49,40,127,83,53,65,54,37,85,29" hai2="100,47,3,129,75,68,45,22,121,50,96,132,93" hai3="58,113,133,81,4,5,128,126,104,62,101,32,117"/><T26/><D112/><U27/><E107/><V97/><F68/><W92/><G104/><T28/><D71/><U33/><E127/><V125/><F75/><W24/><G113/><T63/><D36/><U6/><E37/><V11/><F121/><W99/><G117/><T134/><D134/><U120/><E120/><V130/><F125/><W1/><G126/><T34/><D41/><U76/><E65/><V95/><F132/><W23/><G32/><T80/><D108/><U8/><E8/><V135/><F135/><W48/><G133/><T110/><D110/><U19/><E19/><V74/><F74/><W21/><G128/><N who="2" m="49257" /><F22/><W105/><G23/><N who="0" m="13671" /><D34/><U131/><E69/><V35/><F35/><W103/><G1/><T25/><D25/><U38/><E38/><V114/><F114/><W15/><G24/><T124/><D124/><U7/><E7/><N who="2" m="1535" /><F50/><W39/><G48/><T94/><D94/><U43/><E131/><V73/><F73/><W66/><G39/><T55/><D31/><U86/><E86/><V52/><F52/><W20/><G105/><T67/><D28/><U78/><E78/><V88/><AGARI ba="1,1" hai="45,47,88,93,95,96,97,100" m="1535,49257" machi="88" ten="30,2000,0" yaku="19,1,54,1" doraHai="119" who="2" fromWho="2" sc="265,-11,255,-6,235,33,235,-6" /><INIT seed="1,0,0,4,4,14" ten="254,249,268,229" oya="1" hai0="6,69,37,11,129,92,100,39,89,60,51,95,27" hai1="90,57,63,85,94,52,119,2,56,122,75,45,20" hai2="88,116,1,126,33,54,70,110,55,32,128,83,82" hai3="40,133,38,8,5,132,77,66,114,86,76,80,16"/><U123/><E75/><V107/><F116/><W84/><G114/><T135/><D135/><N who="3" m="51785" /><G66/><T124/><D124/><U72/><E72/><V29/><F1/><N who="3" m="47" /><G40/><T28/><D129/><U65/><E2/><V117/><F117/><W48/><G38/><T17/><D100/><U0/><E0/><V50/><F107/><W46/><G48/><T7/><D51/><U111/><E119/><V19/><F70/><W112/><G46/><T9/><D69/><U67/><E111/><V78/><F126/><W130/><BYE who="0" /><G130/><T120/><D120/><U18/><E45/><V47/><F128/><W58/><G58/><T31/><D31/><U12/><REACH who="1" step="1"/><E67/><REACH who="1" ten="254,239,268,229" step="2"/><V87/><F110/><W103/><G112/><T15/><D15/><U49/><AGARI ba="0,1" hai="12,18,20,49,52,56,57,63,65,85,90,94,122,123" machi="49" ten="20,24000,3" yaku="1,1,2,1,0,1,7,1,25,2,52,1,54,1,53,0" doraHai="14" doraHaiUra="98" who="1" fromWho="1" sc="254,-80,239,250,268,-80,229,-80" /><INIT seed="1,1,0,0,5,18" ten="174,489,188,149" oya="1" hai0="37,126,3,59,105,121,29,78,124,52,12,92,31" hai1="77,46,60,104,44,87,62,63,36,96,35,95,100" hai2="67,103,127,23,16,133,42,56,6,106,53,61,131" hai3="26,58,34,65,28,27,129,89,7,91,117,98,32"/><U50/><E35/><V68/><F127/><W123/><G123/><T110/><D110/><U112/><E112/><V30/><F133/><W38/><G129/><T0/><D0/><U49/><E36/><V118/><F118/><W114/><G114/><T128/><D128/><U135/><E135/><V20/><F131/><W33/><G117/><T71/><D71/><U99/><E77/><UN n0="%E3%81%A9%E3%82%8F%E3%82%93%E3%81%94" /><V39/><F6/><W86/><G38/><T134/><D134/><U40/><E87/><V94/><F106/><W108/><G108/><T85/><D105/><U72/><E72/><V113/><F113/><W43/><G43/><T1/><D37/><U122/><E122/><V55/><F30/><N who="0" m="11274" /><D12/><U64/><E99/><N who="2" m="59895" /><F55/><W102/><G7/><T116/><D116/><U22/><E22/><N who="2" m="8235" /><F39/><W73/><G73/><T47/><D121/><U93/><REACH who="1" step="1"/><E64/><REACH who="1" ten="174,479,188,149" step="2"/><V51/><F67/><W132/><G132/><T14/><D126/><U11/><E11/><V79/><F79/><W48/><G65/><T111/><D78/><U75/><E75/><V4/><F53/><AGARI ba="1,1" hai="40,44,46,49,50,53,60,62,63,93,95,96,100,104" machi="53" ten="40,7700,0" yaku="1,1,53,2" doraHai="18" doraHaiUra="45" who="1" fromWho="2" sc="174,0,479,90,188,-80,149,0" /><INIT seed="1,2,0,1,0,96" ten="174,569,108,149" oya="1" hai0="3,135,125,57,63,5,91,80,54,65,29,99,6" hai1="40,15,60,120,58,62,110,26,55,31,95,20,25" hai2="10,44,101,76,121,100,43,112,89,41,75,131,68" hai3="114,102,129,64,109,71,28,52,116,85,72,128,33"/><U13/><E120/><V9/><F121/><W130/><G72/><T84/><D135/><U37/><E37/><V103/><F68/><W22/><G114/><T93/><D125/><U21/><E40/><N who="2" m="15435" /><F75/><W97/><G109/><T134/><D134/><U1/><E1/><V108/><F112/><W118/><G22/><T77/><D3/><U2/><E2/><V105/><F105/><N who="3" m="63695" /><G85/><T36/><D36/><U90/><E62/><V53/><F108/><W87/><G87/><T73/><D29/><U39/><E39/><V98/><F76/><W61/><G52/><T82/><REACH who="0" step="1"/><D54/><REACH who="0" ten="164,569,108,149" step="2"/><U79/><E110/><V46/><F131/><W74/><G74/><T78/><AGARI ba="2,1" hai="5,6,57,63,65,73,77,78,80,82,84,91,93,99" machi="78" ten="20,5200,0" yaku="1,1,2,1,0,1,7,1,53,0" doraHai="96" doraHaiUra="67" who="0" fromWho="0" sc="164,68,569,-28,108,-15,149,-15" /><INIT seed="2,0,0,2,2,6" ten="232,541,93,134" oya="2" hai0="62,103,73,63,118,2,110,116,90,115,21,29,120" hai1="119,66,50,98,75,91,38,10,42,26,60,131,59" hai2="37,86,74,22,57,19,8,52,92,53,82,97,13" hai3="84,78,12,106,43,85,47,128,31,48,7,44,41"/><V81/><F37/><W33/><G128/><T39/><D120/><U58/><E75/><V113/><F113/><W4/><G106/><T36/><D73/><U30/><E131/><V107/><F107/><W11/><G4/><T101/><D2/><U0/><E119/><N who="0" m="45609" /><D115/><U20/><E38/><N who="0" m="14377" /><D110/><U87/><E98/><V105/><F105/><W114/><G114/><T83/><D83/><U99/><E99/><V45/><F74/><W69/><G69/><T35/><D90/><U88/><E87/><V65/><F22/><W49/><REACH who="3" step="1"/><G78/><REACH who="3" ten="232,541,93,124" step="2"/><T93/><D103/><U32/><E0/><V77/><F82/><W5/><G5/><T79/><D79/><U133/><E133/><V64/><F45/><W56/><G56/><T51/><D101/><U109/><E59/><V135/><F135/><W127/><G127/><T100/><D100/><U121/><E58/><V96/><F53/><W117/><G117/><T125/><D125/><U130/><E130/><V61/><F92/><W24/><AGARI ba="0,1" hai="7,11,12,24,31,33,41,43,44,47,48,49,84,85" machi="24" ten="30,7900,0" yaku="1,1,0,1,9,1,52,1,53,0" doraHai="6" doraHaiUra="18" who="3" fromWho="3" sc="232,-20,541,-20,93,-39,124,89" /><INIT seed="3,0,0,1,4,93" ten="212,521,54,213" oya="3" hai0="95,52,79,99,19,67,126,84,113,75,105,24,72" hai1="43,54,40,56,31,127,42,119,46,129,130,91,50" hai2="21,47,77,58,70,92,118,59,14,4,116,26,10" hai3="30,5,104,103,20,68,11,2,48,88,35,13,45"/><W121/><G121/><T38/><D38/><U1/><E1/><V110/><F70/><W115/><G115/><T22/><D113/><U74/><E74/><V12/><F77/><W25/><G68/><T8/><D126/><U111/><E111/><V109/><F47/><W108/><G108/><T28/><D105/><U97/><E127/><V0/><F92/><W3/><G104/><T94/><D67/><U114/><E119/><V78/><F78/><W66/><G66/><T73/><D52/><U15/><E97/><V128/><F128/><N who="1" m="49257" /><E91/><V29/><F59/><W57/><G103/><T100/><D95/><U60/><E31/><V120/><F58/><W49/><G57/><T64/><D64/><N who="1" m="38919" /><E15/><V76/><F76/><W132/><G132/><T98/><D98/><U6/><E6/><V71/><F71/><W87/><G35/><T85/><D79/><U36/><E114/><V27/><F120/><W34/><G34/><T16/><REACH who="0" step="1"/><D8/><REACH who="0" ten="202,521,54,213" step="2"/><U37/><AGARI ba="0,1" hai="36,37,40,42,43,46,50,54" m="38919,49257" machi="37" ten="40,5200,0" yaku="19,1,34,2" doraHai="93" who="1" fromWho="1" sc="202,-13,521,62,54,-13,213,-26" owari="189,-1.1,583,68.3,41,-45.9,187,-21.3" /></mjloggm>