<mjloggm ver="2.3"><GO type="225" lobby="0"/><UN n0="%E3%81%BE%E3%81%A8%E3%81%9F" n1="%E6%A1%9C%E8%8A%B1%E9%96%83%E3%80%85" n2="%72%61%6B%33" n3="%72%69%6F%75%63%68%61%6E" dan="16,18,16,17" rate="2165.21,2237.37,2198.55,2256.96" sx="M,M,M,M"/><TAIKYOKU oya="0"/><INIT seed="0,0,0,1,5,30" ten="250,250,250,250" oya="0" hai0="95,76,89,88,43,33,125,119,103,82,110,64,8" hai1="106,124,116,98,35,72,73,9,48,46,5,69,134" hai2="91,93,87,83,61,81,123,51,113,65,57,101,111" hai3="47,108,11,15,86,7,130,16,2,58,71,53,100"/><T14/><D119/><U90/><E116/><V80/><F111/><W112/><G108/><T26/><D125/><U21/><E124/><V6/><F123/><W117/><G130/><T68/><D43/><U20/><E69/><V63/><F113/><W28/><G117/><T85/><D110/><U115/><E115/><V66/><F6/><W42/><G112/><T40/><D40/><U19/><E134/><V52/><F101/><W37/><G71/><T120/><D120/><U45/><E21/><V102/><F102/><W99/><G28/><T127/><D127/><U104/><E46/><V23/><F23/><W18/><G86/><T3/><D3/><U59/><E59/><V135/><F135/><W77/><G77/><T4/><D26/><U109/><E35/><V31/><F31/><W78/><G78/><T25/><D25/><N who="1" m="14495" /><E90/><V67/><AGARI ba="0,0" hai="51,52,57,61,63,65,66,67,80,81,83,87,91,93" machi="67" ten="30,4000,0" yaku="0,1,8,1,54,1" doraHai="30" who="2" fromWho="2" sc="250,-20,250,-10,250,40,250,-10" /><INIT seed="1,0,0,0,5,74" ten="230,240,290,240" oya="1" hai0="107,98,55,94,15,41,96,104,50,61,112,57,49" hai1="120,58,67,70,64,44,13,62,48,9,19,46,33" hai2="108,95,82,122,24,77,1,6,71,121,72,125,103" hai3="99,20,11,115,73,26,45,68,91,14,105,5,54"/><U134/><E120/><V126/><F71/><W10/><G115/><T65/><D112/><U25/><E134/><V118/><F24/><W130/><G130/><T17/><D41/><U83/><E83/><V123/><F6/><W86/><G73/><T35/><D35/><U117/><E117/><V23/><F23/><W66/><G11/><T37/><D37/><U3/><E3/><V40/><F40/><W127/><G127/><N who="2" m="48649" /><F1/><W97/><G105/><T42/><D42/><U21/><E33/><V27/><F27/><W63/><G45/><T111/><D96/><U135/><E135/><V8/><F8/><W131/><G131/><T90/><D50/><U56/><E70/><V59/><F59/><W16/><REACH who="3" step="1"/><G54/><REACH who="3" ten="230,240,290,230" step="2"/><T128/><D128/><U47/><E67/><V18/><F118/><W102/><G102/><T28/><D107/><U51/><REACH who="1" step="1"/><E58/><REACH who="1" ten="230,230,290,230" step="2"/><V80/><F123/><W76/><G76/><T4/><D57/><U110/><E110/><V32/><F108/><W100/><G100/><T119/><D111/><U22/><E22/><V87/><F121/><W129/><G129/><T85/><D119/><U53/><E53/><V132/><F122/><W93/><AGARI ba="0,2" hai="5,10,14,16,20,26,63,66,68,86,91,93,97,99" machi="93" ten="20,8000,1" yaku="1,1,0,1,7,1,54,1,53,1" doraHai="74" doraHaiUra="81" who="3" fromWho="3" sc="230,-20,230,-40,290,-20,230,100" /><INIT seed="2,0,0,0,2,22" ten="210,190,270,330" oya="2" hai0="114,30,6,36,72,54,68,62,19,86,83,117,113" hai1="41,132,118,94,31,16,38,18,92,130,100,59,4" hai2="131,126,70,79,50,105,53,81,34,45,15,116,2" hai3="103,127,29,93,101,75,28,66,106,71,124,13,65"/><V58/><F2/><W37/><G75/><T42/><D117/><U91/><E118/><V61/><F116/><W48/><G37/><T27/><D72/><U35/><E4/><V8/><F105/><W32/><G106/><T39/><D6/><U9/><E130/><V74/><F131/><W49/><G13/><T24/><D39/><U135/><E100/><N who="3" m="38474" /><G93/><N who="1" m="35946" /><E91/><V43/><F126/><N who="3" m="48171" /><G71/><T97/><D97/><U121/><E59/><V98/><F34/><W133/><G133/><N who="1" m="51274" /><E9/><V104/><F104/><W14/><G14/><T78/><D113/><U63/><E63/><V95/><F70/><W23/><G32/><T7/><D7/><U57/><E57/><V12/><REACH who="2" step="1"/><F8/><REACH who="2" ten="210,190,260,330" step="2"/><W33/><G33/><T1/><D68/><U90/><E121/><V26/><F26/><N who="3" m="16479" /><G29/><T87/><D30/><U69/><E69/><V115/><F115/><W76/><G76/><T3/><D114/><U56/><E31/><V109/><F109/><W73/><G73/><T125/><D78/><U107/><E35/><V21/><F21/><W110/><G110/><T55/><D125/><U52/><E107/><V102/><AGARI ba="0,1" hai="12,15,43,45,50,53,58,61,74,79,81,95,98,102" machi="102" ten="20,7800,0" yaku="1,1,0,1,7,1,53,1" doraHai="22" doraHaiUra="51" who="2" fromWho="2" sc="210,-26,190,-26,260,88,330,-26" /><INIT seed="2,1,0,5,2,63" ten="184,164,348,304" oya="2" hai0="31,116,3,98,40,54,135,9,103,73,41,125,34" hai1="70,78,77,134,67,15,23,84,24,59,29,43,109" hai2="83,50,119,92,52,42,90,131,64,30,91,56,95" hai3="20,86,7,72,115,14,60,130,6,100,79,1,26"/><V129/><F119/><W76/><G130/><N who="2" m="49673" /><F30/><W69/><G115/><T127/><D135/><U36/><E134/><V80/><F42/><W47/><G1/><T118/><D73/><U58/><E109/><V108/><F108/><W45/><G72/><T105/><D54/><U39/><E70/><V35/><F35/><W81/><G100/><T111/><D111/><U38/><E43/><N who="0" m="16457" /><D31/><U104/><E104/><V71/><F95/><W65/><G76/><T133/><D34/><U123/><E123/><V117/><F117/><N who="0" m="45162" /><D133/><U89/><E15/><V102/><F102/><W121/><G121/><T113/><D113/><U66/><E59/><V124/><F124/><W106/><G106/><T51/><D51/><U132/><E132/><V96/><F91/><W44/><REACH who="3" step="1"/><G14/><REACH who="3" ten="184,164,348,294" step="2"/><T21/><D125/><U94/><REACH who="1" step="1"/><E58/><REACH who="1" ten="184,154,348,294" step="2"/><N who="2" m="33047" /><F71/><W0/><G0/><T2/><D127/><U11/><E11/><V49/><F49/><W85/><G85/><T97/><D9/><U112/><E112/><V128/><F128/><W88/><G88/><T18/><D97/><U107/><E107/><V57/><F56/><W74/><G74/><T17/><D2/><U110/><E110/><V8/><F8/><W13/><G13/><N who="0" m="9391" /><D3/><U46/><E46/><V19/><F57/><W55/><G55/><T122/><D122/><U22/><E22/><V114/><F114/><W5/><G5/><T101/><D101/><U28/><E28/><AGARI ba="1,2" hai="6,7,20,26,28,44,45,47,60,65,69,79,81,86" machi="28" ten="40,5200,0" yaku="1,1,52,1,53,1" doraHai="63" doraHaiUra="25" who="3" fromWho="1" sc="184,0,154,-55,348,0,294,75" /><INIT seed="3,0,0,4,2,61" ten="184,99,348,369" oya="3" hai0="45,73,101,74,22,42,35,50,36,113,3,131,78" hai1="30,2,69,47,121,38,32,80,56,34,86,28,89" hai2="90,41,83,59,134,0,76,127,116,79,60,112,71" hai3="12,54,13,81,29,6,43,85,72,94,25,53,84"/><W135/><G135/><T20/><D35/><U23/><E121/><V1/><F112/><W4/><G72/><T14/><D131/><U108/><E69/><V105/><F116/><W64/><G64/><T109/><D3/><U26/><E108/><V122/><F134/><W10/><G43/><T27/><D109/><U95/><E2/><V70/><F105/><W119/><G119/><T68/><D68/><U49/><E38/><V15/><F122/><W46/><G94/><T114/><D101/><U106/><E106/><V132/><F132/><W48/><G54/><T18/><D36/><U107/><E107/><V133/><F133/><W124/><G124/><T75/><D78/><U9/><E34/><V33/><F33/><W55/><G55/><T104/><D104/><U125/><E125/><V87/><F127/><W130/><G130/><T118/><D118/><U123/><E123/><V44/><F0/><W82/><G85/><T98/><D98/><U115/><E115/><N who="0" m="44041" /><D74/><U97/><E32/><V39/><F1/><W57/><G84/><T91/><D91/><U40/><E9/><V100/><F70/><W51/><G4/><T120/><D120/><U99/><E28/><AGARI ba="0,0" hai="14,18,20,22,27,28,42,45,50,73,75" m="44041" machi="28" ten="30,1000,0" yaku="11,1" doraHai="61" who="0" fromWho="1" sc="184,10,99,-10,348,0,369,0" owari="194,-20.6,89,-41.1,348,14.8,369,46.9" /></mjloggm>