<mjloggm ver="2.3"><GO type="225" lobby="0"/><UN n0="%E3%83%81%E3%83%AF%E3%83%AF%E9%9A%8A%E9%95%B7" n1="%E5%90%91%E4%BA%95%E7%A7%80%E5%BE%B3" n2="%48%61%61%61%6C%61%6E%64" n3="%52%61%69%61%6E%2E" dan="16,16,18,16" rate="2167.95,2054.80,2179.84,2055.17" sx="M,M,M,M"/><TAIKYOKU oya="0"/><INIT seed="0,0,0,1,1,13" ten="250,250,250,250" oya="0" hai0="89,105,42,12,21,56,18,20,103,124,29,84,22" hai1="126,49,27,83,95,117,125,53,26,55,135,65,82" hai2="118,61,98,62,54,28,133,73,90,37,72,75,51" hai3="68,19,24,87,0,129,41,120,94,3,111,122,97"/><T25/><D124/><N who="1" m="47723" /><E117/><V78/><F37/><W79/><G68/><T85/><D42/><U108/><E65/><V91/><F118/><W99/><G41/><T70/><D70/><U9/><E108/><V130/><F78/><W30/><G111/><T110/><D110/><U66/><E66/><V59/><F130/><W69/><G69/><T88/><D105/><U10/><E135/><V92/><F133/><W39/><G39/><T40/><D103/><U58/><E95/><V109/><F109/><W132/><G132/><T8/><D40/><U114/><E55/><V43/><F43/><W101/><G97/><T5/><D56/><U113/><E27/><V102/><REACH who="2" step="1"/><F28/><REACH who="2" ten="250,250,240,250" step="2"/><W47/><G30/><T64/><D64/><U7/><E114/><V104/><F104/><W119/><G119/><T96/><D96/><U31/><E113/><V33/><F33/><W93/><G79/><T115/><D115/><U121/><E121/><V2/><F2/><W48/><G129/><T134/><D134/><U60/><E31/><V63/><AGARI ba="0,1" hai="51,54,59,61,62,63,72,73,75,90,91,92,98,102" machi="63" ten="40,2700,0" yaku="1,1,0,1,53,0" doraHai="13" doraHaiUra="77" who="2" fromWho="2" sc="250,-13,250,-7,240,37,250,-7" /><INIT seed="1,0,0,0,5,36" ten="237,243,277,243" oya="1" hai0="53,115,90,39,32,133,30,42,18,122,93,33,31" hai1="25,119,105,51,80,41,48,61,60,26,102,103,67" hai2="28,5,81,95,76,35,74,134,12,19,98,78,92" hai3="11,116,24,128,118,3,123,71,132,15,63,57,64"/><U86/><E119/><N who="3" m="45610" /><G123/><T21/><D115/><U77/><E105/><V69/><F134/><W111/><G132/><T10/><D133/><U110/><E110/><V45/><F69/><W88/><G111/><T100/><D122/><U79/><E67/><V121/><F121/><W66/><G128/><T83/><D100/><U20/><E79/><V47/><F5/><N who="3" m="3567" /><G3/><T91/><D10/><U82/><E82/><V84/><F76/><W43/><G24/><N who="1" m="9322" /><E20/><V65/><F35/><W135/><G135/><T108/><D108/><U106/><E106/><V129/><F129/><W55/><G71/><T50/><D32/><U97/><E51/><V54/><F28/><W126/><G126/><T73/><D33/><U49/><E49/><V2/><F2/><W56/><G56/><T72/><D30/><U117/><E117/><V13/><F78/><W1/><G1/><T52/><D31/><U58/><E58/><V70/><F70/><W0/><G0/><T37/><D73/><U87/><E87/><V59/><F84/><W114/><G114/><T113/><D72/><U17/><E17/><V27/><F19/><W22/><G22/><T68/><D113/><U16/><E16/><V107/><F74/><W96/><G64/><T112/><D68/><U75/><E75/><V85/><F65/><W109/><G109/><T46/><D112/><U101/><E97/><V38/><F98/><W94/><G66/><T29/><D29/><U9/><E9/><V6/><F27/><W131/><G131/><T40/><D21/><U62/><E62/><V124/><F59/><W104/><G104/><RYUUKYOKU ba="0,0" sc="237,-15,243,15,277,-15,243,15" hai1="41,48,60,61,77,80,86,101,102,103" hai3="43,55,57,63,88,94,96" /><INIT seed="1,1,0,5,4,114" ten="222,258,262,258" oya="1" hai0="90,41,112,100,70,28,84,75,26,87,57,59,64" hai1="29,1,13,104,73,124,92,122,62,55,116,39,18" hai2="50,74,12,117,110,53,63,95,118,71,33,135,16" hai3="43,8,101,17,126,133,37,131,128,45,115,9,88"/><U97/><E122/><V51/><F33/><W42/><G115/><T22/><D112/><U113/><E113/><V21/><F74/><W15/><G101/><T134/><D75/><U96/><E39/><V32/><F32/><W93/><G133/><T5/><D134/><U121/><E121/><V89/><F135/><W11/><G42/><T130/><D130/><N who="3" m="49705" /><G126/><T34/><D41/><U81/><E1/><V65/><F110/><W80/><G80/><T78/><D5/><U109/><E124/><V19/><F19/><W36/><G37/><T31/><D100/><U61/><E116/><V127/><F50/><W123/><G123/><T40/><D40/><U49/><E29/><V77/><F77/><W72/><G72/><T94/><D70/><U105/><E109/><V86/><F127/><W85/><AGARI ba="1,0" hai="8,9,11,15,17,36,43,45,85,88,93" m="49705" machi="85" ten="30,2000,0" yaku="19,1,54,1" doraHai="114" who="3" fromWho="3" sc="222,-6,258,-11,262,-6,258,23" /><INIT seed="2,0,0,1,5,100" ten="216,247,256,281" oya="2" hai0="41,102,37,62,45,61,128,14,98,17,79,12,106" hai1="6,108,8,0,105,131,80,88,91,75,82,84,94" hai2="40,25,134,34,68,83,107,78,42,99,122,27,29" hai3="124,109,111,89,4,33,55,123,110,125,50,36,44"/><V59/><F122/><W63/><G123/><T117/><D128/><U67/><E131/><V130/><F130/><W133/><G133/><T35/><D35/><U135/><E135/><V66/><F59/><N who="3" m="35327" /><G36/><T20/><D117/><U97/><E108/><V93/><F134/><W43/><G33/><T9/><REACH who="0" step="1"/><D79/><REACH who="0" ten="206,247,256,281" step="2"/><U118/><E118/><V30/><F78/><W56/><G125/><T13/><D13/><U3/><E0/><V21/><F34/><W11/><G124/><T1/><D1/><U129/><E129/><V69/><F25/><W95/><G111/><T53/><D53/><U28/><E67/><V26/><F66/><W114/><G110/><T73/><D73/><U92/><E75/><V10/><F26/><W101/><G109/><T72/><D72/><U113/><E113/><V47/><F27/><W85/><G114/><T15/><D15/><U39/><E28/><V48/><F29/><W90/><G43/><T54/><D54/><U81/><REACH who="1" step="1"/><E39/><REACH who="1" ten="206,237,256,281" step="2"/><V18/><F30/><W103/><G44/><T126/><D126/><U87/><E87/><V22/><F47/><W46/><G46/><T52/><D52/><U96/><E96/><V51/><F99/><W76/><G85/><T116/><D116/><U71/><E71/><V19/><F69/><W60/><G76/><T7/><AGARI ba="0,2" hai="7,9,12,14,17,20,37,41,45,61,62,98,102,106" machi="7" ten="20,5200,0" yaku="1,1,0,1,7,1,52,1,53,0" doraHai="100" doraHaiUra="127" who="0" fromWho="0" sc="206,72,237,-13,256,-26,281,-13" /><INIT seed="3,0,0,1,5,76" ten="278,224,230,268" oya="3" hai0="85,135,55,46,17,63,51,116,47,48,128,22,74" hai1="20,117,82,109,32,42,18,50,129,43,75,111,131" hai2="15,64,90,49,40,126,19,5,99,100,95,9,62" hai3="36,88,65,105,23,35,96,6,59,106,0,123,93"/><W28/><G123/><T89/><D116/><U67/><E32/><V21/><F126/><W124/><G35/><T84/><D74/><U94/><E67/><V77/><F77/><W11/><G36/><T127/><D127/><U57/><E117/><V112/><F112/><W26/><REACH who="3" step="1"/><G124/><REACH who="3" ten="278,224,230,258" step="2"/><T125/><D125/><U101/><E129/><V72/><F72/><W119/><G119/><T53/><D128/><U33/><E131/><V83/><F40/><W69/><G69/><T29/><D135/><U10/><E33/><V45/><F21/><W34/><G34/><T56/><D22/><U38/><E38/><V7/><F9/><W12/><G12/><T73/><D73/><U102/><E10/><V132/><F15/><W44/><G44/><T113/><D46/><N who="1" m="25943" /><E43/><V110/><F132/><W92/><G92/><T8/><D8/><U107/><E107/><V133/><F133/><W52/><G52/><T130/><D55/><U81/><E94/><V80/><F45/><W61/><AGARI ba="0,1" hai="0,6,11,23,26,28,59,61,65,88,93,96,105,106" machi="61" ten="30,6000,0" yaku="1,1,0,1,54,1,53,0" doraHai="76" doraHaiUra="115" who="3" fromWho="3" sc="278,-20,224,-20,230,-20,258,70" owari="258,5.8,204,-29.6,210,-19.0,328,42.8" /></mjloggm>