<mjloggm ver="2.3"><GO type="225" lobby="0"/><UN n0="%E3%81%BF%E3%81%BF%E3%81%9A" n1="%72%61%6B%33" n2="%6D%75%75%6D%75%72%61" n3="%33%74%72%65%65" dan="17,17,16,17" rate="2176.21,2248.31,2096.64,2148.54" sx="M,M,F,F"/><TAIKYOKU oya="0"/><INIT seed="0,0,0,4,3,60" ten="250,250,250,250" oya="0" hai0="95,11,125,111,83,90,45,69,116,107,96,49,3" hai1="92,37,75,59,5,76,7,129,35,128,52,63,32" hai2="99,0,29,42,34,27,106,104,2,74,9,64,38" hai3="4,112,117,89,77,48,36,51,66,53,1,20,26"/><T82/><D116/><U14/><E37/><V109/><F109/><W118/><G112/><T102/><D69/><U105/><E105/><V85/><F74/><W6/><G36/><T68/><D68/><U84/><E75/><V17/><F85/><W126/><G77/><T113/><D125/><U78/><E78/><V62/><F17/><W91/><G126/><T108/><D113/><U61/><E61/><V80/><F80/><W115/><G115/><T43/><D11/><N who="1" m="4463" /><E7/><V127/><F127/><W41/><G1/><T133/><D3/><U134/><E134/><V16/><F99/><W18/><G117/><T47/><D133/><U86/><E86/><V67/><F0/><W23/><G118/><T121/><D121/><U21/><E21/><V40/><F62/><W79/><G20/><T65/><D65/><U28/><E28/><V39/><F2/><W73/><G79/><T44/><D82/><N who="1" m="47175" /><E92/><V19/><F9/><W88/><G66/><T30/><D83/><U87/><E87/><V98/><F98/><W15/><G73/><T130/><D30/><U101/><E101/><V132/><F29/><W100/><G100/><T56/><D130/><AGARI ba="0,0" hai="32,35,52,59,63,128,129,130" m="47175,4463" machi="130" ten="30,2000,0" yaku="19,1,54,1" doraHai="60" who="1" fromWho="0" sc="250,-20,250,20,250,0,250,0" /><INIT seed="1,0,0,3,1,25" ten="230,270,250,250" oya="1" hai0="102,110,14,71,99,51,60,20,1,6,30,92,48" hai1="35,28,126,83,129,119,0,5,36,9,15,54,70" hai2="103,75,50,86,34,56,84,98,132,109,115,24,53" hai3="85,21,114,82,68,2,23,47,131,37,104,73,100"/><U41/><E119/><V90/><F109/><W97/><G114/><T62/><D110/><U27/><E126/><V7/><F115/><W18/><G131/><T78/><D1/><U55/><E129/><V22/><F75/><W3/><G68/><T67/><D78/><U123/><E123/><V108/><F108/><W105/><G105/><T13/><D62/><U80/><E70/><V89/><F132/><W8/><G73/><T10/><REACH who="0" step="1"/><D13/><REACH who="0" ten="220,270,250,250" step="2"/><U76/><E15/><V52/><F7/><W101/><G3/><T42/><D42/><U133/><E133/><V77/><F77/><W57/><G2/><T96/><D96/><U122/><E122/><V39/><F98/><W130/><G97/><T124/><D124/><U33/><E76/><V106/><F86/><W64/><G85/><T40/><D40/><U63/><E63/><V26/><F84/><W91/><G130/><T111/><D111/><U65/><E41/><V58/><F53/><W113/><G113/><T88/><D88/><U17/><E55/><V87/><F90/><W127/><G91/><T135/><D135/><U19/><E54/><V74/><F74/><W44/><G127/><T45/><D45/><U81/><E65/><V61/><F61/><W69/><G64/><T12/><D12/><U31/><E36/><V4/><F39/><W43/><G37/><T94/><D94/><U49/><E49/><V95/><F50/><W93/><G43/><T16/><D16/><U134/><E134/><V112/><F52/><W125/><G125/><T118/><D118/><U120/><E120/><V117/><F117/><RYUUKYOKU ba="0,1" sc="220,15,270,15,250,-15,250,-15" hai0="6,10,14,20,30,48,51,60,67,71,92,99,102" hai1="0,5,9,17,19,27,28,31,33,35,80,81,83" /><INIT seed="1,1,1,1,2,129" ten="235,285,235,235" oya="1" hai0="131,60,93,2,13,80,76,45,95,54,5,126,59" hai1="37,31,22,47,61,99,44,53,89,108,77,18,51" hai2="30,121,111,3,115,65,112,64,94,104,134,113,81" hai3="130,8,120,6,109,69,100,98,43,75,11,7,125"/><U50/><E37/><V0/><F104/><W24/><G75/><T71/><D131/><U85/><E108/><V66/><F111/><W82/><G69/><T107/><D107/><U48/><E31/><V52/><F121/><W17/><G109/><T78/><D126/><U42/><E77/><N who="0" m="29801" /><D2/><U84/><E51/><V110/><F110/><W68/><G82/><T4/><D71/><U123/><E123/><V57/><F81/><W83/><G83/><T33/><D33/><U15/><REACH who="1" step="1"/><E61/><REACH who="1" ten="235,275,235,235" step="2"/><N who="2" m="36007" /><F30/><W67/><G120/><T87/><D45/><U106/><E106/><V9/><F134/><W1/><G130/><T102/><D102/><U116/><E116/><V20/><F113/><W105/><G100/><T135/><D135/><U34/><E34/><V72/><F112/><W14/><G105/><T127/><D127/><U26/><E26/><V32/><F115/><W118/><G24/><T103/><D103/><U79/><E79/><V91/><F32/><W56/><G118/><T117/><D117/><U97/><E97/><V114/><F114/><W128/><G98/><T70/><D87/><U133/><E133/><V62/><F62/><W86/><G86/><T38/><D38/><U16/><E16/><V39/><F39/><W55/><G17/><T21/><D60/><U92/><AGARI ba="1,2" hai="15,18,22,42,44,47,48,50,53,84,85,89,92,99" machi="92" ten="30,6000,0" yaku="1,1,0,1,8,1,53,0" doraHai="129" doraHaiUra="63" who="1" fromWho="1" sc="235,-21,275,83,235,-21,235,-21" /><INIT seed="1,2,0,0,1,135" ten="214,358,214,214" oya="1" hai0="119,124,80,115,0,7,24,8,86,37,55,53,63" hai1="77,83,20,120,121,29,104,111,43,65,109,113,38" hai2="71,60,66,62,19,45,22,46,93,129,50,126,11" hai3="2,6,32,81,105,52,123,3,76,112,79,118,54"/><U78/><E65/><V82/><F129/><W13/><G123/><T128/><D115/><U39/><E113/><V26/><F126/><W64/><G105/><T101/><D119/><U73/><E78/><V68/><F82/><W134/><G32/><T74/><D128/><U47/><E38/><V25/><F93/><W88/><G64/><T14/><D37/><U61/><E61/><V5/><F25/><W31/><G31/><T48/><D74/><U42/><E42/><V27/><F27/><W51/><G134/><T12/><D124/><U75/><E75/><V108/><F108/><N who="1" m="41545" /><E104/><V17/><F17/><W95/><G79/><T15/><D101/><U59/><E59/><V67/><REACH who="2" step="1"/><F50/><REACH who="2" ten="214,358,204,214" step="2"/><W130/><G51/><T91/><D24/><AGARI ba="2,1" hai="20,24,29,39,43,47,73,77,83,120,121" m="41545" machi="24" ten="30,2900,0" yaku="14,1,10,1" doraHai="135" who="1" fromWho="0" sc="214,-35,358,45,204,0,214,0" /><INIT seed="1,3,0,2,1,9" ten="179,403,204,214" oya="1" hai0="39,0,80,85,106,81,42,10,37,117,21,70,43" hai1="78,84,96,111,27,11,75,46,95,114,133,54,60" hai2="98,102,32,83,28,33,88,125,34,23,57,8,50" hai3="63,103,79,55,40,123,18,7,51,120,17,72,36"/><U100/><E114/><V19/><F125/><W109/><G109/><T31/><D117/><U134/><E111/><V5/><F57/><W116/><G116/><T53/><D106/><U15/><E75/><V3/><F50/><W73/><G7/><T115/><D115/><U58/><E27/><V124/><F124/><W16/><G63/><T2/><D70/><U48/><E84/><V59/><F59/><W131/><G131/><T119/><D119/><U128/><E78/><V122/><F122/><W44/><G103/><T69/><D69/><U67/><REACH who="1" step="1"/><E128/><REACH who="1" ten="179,393,204,214" step="2"/><V65/><F83/><W113/><G113/><T97/><D85/><U112/><E112/><V135/><F135/><W26/><G26/><T99/><D81/><U76/><E76/><V110/><F110/><W29/><G72/><T62/><D80/><U4/><AGARI ba="3,1" hai="4,11,15,46,48,54,58,60,67,95,96,100,133,134" machi="4" ten="30,6000,0" yaku="1,1,0,1,52,1,53,0" doraHai="9" doraHaiUra="12" who="1" fromWho="1" sc="179,-23,393,79,204,-23,214,-23" /><INIT seed="1,4,0,3,4,33" ten="156,472,181,191" oya="1" hai0="61,133,21,85,25,132,51,75,44,71,76,121,11" hai1="8,127,128,88,82,20,91,40,39,27,69,104,113" hai2="131,55,93,50,41,22,53,94,4,36,135,0,72" hai3="67,92,56,80,3,77,7,10,47,37,96,26,14"/><U107/><E113/><V2/><F72/><W42/><G26/><T99/><D75/><U9/><E69/><V134/><F131/><W101/><G67/><T28/><D121/><U78/><E127/><V15/><F36/><W29/><G29/><T13/><D99/><U90/><E128/><V83/><F83/><W118/><G56/><T45/><D61/><U52/><E52/><N who="2" m="20043" /><F50/><W32/><G32/><T38/><D38/><U120/><E120/><V64/><F64/><W68/><G68/><T57/><D71/><U100/><E40/><V49/><F49/><W16/><G118/><T1/><D57/><U102/><E39/><V24/><F41/><W70/><G70/><T129/><D129/><U110/><E110/><V60/><F60/><W63/><G63/><T112/><D112/><U109/><E109/><V46/><F46/><W117/><G117/><T48/><D1/><N who="2" m="618" /><F15/><W58/><G58/><T73/><D73/><U111/><E111/><V115/><F4/><W19/><G14/><T106/><D106/><U125/><E107/><V66/><F66/><W123/><G123/><T43/><D48/><U108/><E104/><V18/><F115/><W5/><G5/><N who="0" m="3311" /><D45/><U116/><E116/><V95/><F95/><W34/><G34/><T124/><D124/><U114/><E125/><V23/><F23/><W79/><G79/><T81/><AGARI ba="4,0" hai="21,25,28,43,44,51,76,81,85,132,133" m="3311" machi="81" ten="30,1100,0" yaku="25,1" doraHai="33" who="0" fromWho="0" sc="156,23,472,-9,181,-7,191,-7" /><INIT seed="2,0,0,0,2,77" ten="179,463,174,184" oya="2" hai0="6,8,36,40,114,46,48,41,22,110,124,106,54" hai1="33,96,51,26,17,132,94,107,34,9,100,101,113" hai2="79,32,89,59,112,128,129,57,126,111,45,84,27" hai3="121,105,135,133,88,116,86,122,119,49,18,19,7"/><V2/><F112/><W91/><G49/><T5/><D114/><U23/><E113/><V20/><F126/><W60/><G7/><T99/><D124/><U61/><E132/><N who="3" m="50762" /><G60/><T76/><D110/><U25/><E101/><V90/><F2/><W87/><G105/><T82/><D22/><U50/><E107/><V71/><F71/><W62/><G62/><T43/><D36/><U12/><E33/><V118/><F32/><W93/><G18/><T127/><D127/><U38/><E38/><V74/><F118/><N who="3" m="45099" /><G19/><T56/><D56/><N who="2" m="21578" /><F45/><W120/><G91/><T31/><D31/><U68/><E34/><V16/><F111/><W28/><G28/><T63/><D63/><U70/><E70/><V115/><F115/><W108/><G108/><T95/><D106/><U103/><E68/><V11/><F11/><W130/><G130/><N who="2" m="50281" /><F90/><W109/><G109/><T73/><REACH who="0" step="1"/><D8/><REACH who="0" ten="169,463,174,184" step="2"/><U44/><E9/><V10/><F10/><W29/><G29/><T97/><D97/><AGARI ba="0,1" hai="86,87,88,93,97,120,121,122" m="45099,50762" machi="97" ten="40,8000,1" yaku="20,1,34,2,54,1" doraHai="77" who="3" fromWho="0" sc="169,-80,463,0,174,0,184,90" /><INIT seed="3,0,0,2,5,95" ten="89,463,174,274" oya="3" hai0="126,59,100,122,0,71,105,31,88,96,2,102,109" hai1="74,107,78,128,3,79,27,16,37,33,56,82,39" hai2="121,9,36,11,69,41,70,90,53,29,17,83,18" hai3="124,28,110,64,65,117,6,134,47,131,35,72,81"/><W113/><G81/><T44/><D122/><U123/><E3/><V23/><F121/><W48/><G6/><T66/><D109/><U54/><E123/><V30/><F36/><W8/><G8/><T67/><D126/><U127/><E107/><V73/><F41/><W130/><G28/><T19/><D71/><U98/><E127/><V132/><F132/><W52/><G35/><T80/><D31/><U22/><E79/><V60/><F73/><W133/><G72/><T38/><D19/><U104/><E33/><V91/><F60/><W76/><G76/><T114/><D114/><U55/><E128/><N who="3" m="49194" /><G124/><T129/><D129/><U10/><E10/><V42/><F42/><W101/><G101/><T99/><D44/><U89/><E54/><V108/><F83/><W85/><G85/><T115/><D115/><U1/><E1/><V61/><F108/><W68/><G110/><T87/><D38/><U51/><E104/><V14/><F61/><N who="3" m="39951" /><G113/><T116/><D116/><U86/><E98/><V43/><F23/><W24/><G24/><T84/><D84/><U12/><E27/><V40/><F14/><W34/><G34/><T97/><D97/><U50/><E74/><V26/><F26/><W75/><G75/><T119/><D119/><U25/><E78/><V118/><F118/><W106/><G117/><T57/><D67/><U13/><E25/><V125/><F125/><W135/><G65/><T7/><D7/><U15/><E13/><V4/><F4/><W112/><G112/><T49/><D66/><U46/><E12/><V93/><F93/><W63/><G135/><RYUUKYOKU ba="0,0" sc="89,-15,463,15,174,15,274,-15" hai1="15,16,22,37,39,46,50,51,55,56,82,86,89" hai2="9,11,17,18,29,30,40,43,53,69,70,90,91" owari="74,-42.6,478,57.8,189,-21.1,259,5.9" /></mjloggm>