<mjloggm ver="2.3"><GO type="225" lobby="0"/><UN n0="%E3%81%8B%E3%82%8F%E3%81%A1%E3%82%83%E3%82%93%35%38" n1="%47%68%6F%73%74%55%30" n2="%E3%81%A9%E3%82%8F%E3%82%93%E3%81%94" n3="%6D%61%74%69%67%75%73%61" dan="16,17,16,17" rate="2172.78,2175.91,2089.74,2193.64" sx="M,M,M,M"/><TAIKYOKU oya="0"/><INIT seed="0,0,0,2,3,56" ten="250,250,250,250" oya="0" hai0="37,120,29,124,28,58,109,85,25,49,132,2,133" hai1="17,128,30,131,65,69,93,61,35,102,71,111,44" hai2="4,9,106,15,10,94,117,59,33,18,3,116,118" hai3="77,134,119,51,82,74,63,95,92,70,88,81,55"/><T50/><D37/><U110/><E71/><V105/><F33/><W104/><G104/><T78/><D120/><U107/><E93/><V22/><F10/><W26/><G119/><T62/><D2/><U7/><E7/><V113/><F113/><W90/><G134/><N who="0" m="51819" /><D124/><U24/><E17/><V73/><F73/><W43/><G26/><T12/><D12/><U5/><E5/><V84/><F59/><W6/><G6/><T108/><D85/><U8/><E44/><V72/><F72/><W0/><G0/><T64/><D78/><U21/><E21/><V97/><F84/><W46/><G82/><T121/><D121/><U23/><E23/><V86/><REACH who="2" step="1"/><F86/><REACH who="2" ten="250,250,240,250" step="2"/><W135/><G135/><T27/><D29/><U32/><E8/><V14/><F14/><W36/><G70/><T48/><D27/><U60/><E32/><AGARI ba="0,1" hai="25,28,32,48,49,50,58,62,64,108,109" m="51819" machi="32" ten="40,3900,0" yaku="20,1,52,1" doraHai="56" who="0" fromWho="1" sc="250,49,250,-39,240,0,250,0" /><INIT seed="0,1,0,2,5,108" ten="299,211,240,250" oya="0" hai0="46,80,106,21,31,41,53,107,17,99,2,123,96" hai1="58,43,116,62,18,112,97,67,9,122,57,66,130" hai2="20,28,101,48,79,104,132,64,118,40,1,54,98" hai3="25,13,26,111,76,11,5,89,44,27,86,127,23"/><T70/><D70/><U128/><E116/><V12/><F1/><W109/><G127/><T6/><D31/><U0/><E122/><V100/><F118/><W133/><G133/><T16/><D123/><U134/><E134/><V74/><F132/><W19/><G76/><T73/><D53/><U56/><E97/><V49/><F101/><W50/><G111/><T110/><D17/><U77/><E77/><V32/><F64/><N who="1" m="24617" /><E18/><V69/><F69/><W95/><REACH who="3" step="1"/><G109/><REACH who="3" ten="299,211,240,240" step="2"/><T131/><D110/><U113/><E62/><V30/><F79/><W33/><G33/><T126/><D126/><U38/><E0/><V71/><F32/><W117/><G117/><T63/><D63/><U103/><E103/><V84/><F100/><W115/><G115/><N who="1" m="44106" /><E9/><V125/><F125/><W24/><G24/><T83/><D73/><U3/><E3/><V85/><F74/><W90/><G90/><T14/><D2/><U37/><E43/><AGARI ba="1,1" hai="5,11,13,19,23,25,26,27,43,44,50,86,89,95" machi="43" ten="30,7700,0" yaku="1,1,7,1,8,1,53,1" doraHai="108" doraHaiUra="81" who="3" fromWho="1" sc="299,0,211,-80,240,0,240,90" /><INIT seed="1,0,0,4,5,134" ten="299,131,240,330" oya="1" hai0="90,3,41,36,116,126,72,31,63,8,11,71,79" hai1="93,0,119,87,59,103,110,28,37,108,22,130,56" hai2="100,129,21,14,133,29,82,123,67,68,5,65,109" hai3="47,76,91,66,131,16,43,45,83,98,33,51,69"/><U26/><E119/><V17/><F123/><W112/><G33/><T48/><D31/><U88/><E37/><V77/><F133/><W24/><G112/><T113/><D90/><U124/><E0/><V58/><F109/><N who="1" m="42089" /><E130/><V89/><F68/><W55/><G131/><T1/><D48/><U75/><E75/><V74/><F129/><W118/><G118/><T107/><D11/><U46/><E124/><V86/><F100/><W122/><G122/><T70/><D1/><U106/><E46/><V32/><F5/><W62/><G91/><T20/><D20/><U10/><E10/><V117/><F117/><W35/><G98/><AGARI ba="0,0" hai="22,26,28,56,59,87,88,93,98,103,106" m="42089" machi="98" ten="30,5800,0" yaku="14,1,10,1,54,1" doraHai="134" who="1" fromWho="3" sc="299,0,131,58,240,0,330,-58" /><INIT seed="1,1,0,5,0,9" ten="299,189,240,272" oya="1" hai0="105,116,70,39,11,12,52,104,106,132,83,65,96" hai1="108,71,58,22,27,86,47,131,60,42,50,128,125" hai2="118,124,54,51,8,103,33,117,25,122,81,121,28" hai3="95,19,94,21,5,75,99,14,34,69,7,53,107"/><U55/><E125/><V43/><F103/><W10/><G75/><T44/><D116/><N who="2" m="44650" /><F54/><W17/><G34/><T62/><D132/><U101/><E101/><V1/><F51/><W73/><G73/><T102/><D83/><U6/><E6/><N who="2" m="1103" /><F81/><W48/><G69/><T4/><REACH who="0" step="1"/><D52/><REACH who="0" ten="289,189,240,272" step="2"/><N who="1" m="33863" /><E108/><V112/><F112/><W46/><G107/><T36/><D36/><U130/><E71/><V123/><F43/><AGARI ba="1,1" hai="4,11,12,39,43,44,62,65,70,96,102,104,105,106" machi="43" ten="40,2600,0" yaku="1,1,52,1,53,0" doraHai="9" doraHaiUra="77" who="0" fromWho="2" sc="289,39,189,0,240,-29,272,0" /><INIT seed="2,0,0,5,2,39" ten="328,189,211,272" oya="2" hai0="20,34,14,12,75,106,113,33,84,128,133,100,96" hai1="119,107,13,72,80,18,114,70,121,27,26,53,101" hai2="4,51,95,44,85,45,102,5,122,17,127,103,62" hai3="3,87,99,36,0,81,40,90,104,19,58,131,110"/><V92/><F127/><W11/><G110/><T74/><D113/><U24/><E119/><V22/><F122/><W105/><G131/><T129/><D84/><U55/><E114/><V86/><F62/><W111/><G111/><T65/><D65/><U21/><E70/><V124/><F124/><W69/><G69/><T32/><D133/><U130/><E130/><N who="0" m="50281" /><D20/><U50/><E121/><V67/><F67/><W123/><G123/><T60/><D60/><U31/><E101/><V2/><F2/><W7/><G58/><T132/><D132/><U8/><E107/><V97/><F22/><W88/><G19/><T134/><D134/><U25/><E72/><AGARI ba="0,0" hai="12,14,32,33,34,72,74,75,96,100,106" m="50281" machi="72" ten="40,1300,0" yaku="19,1" doraHai="39" who="0" fromWho="1" sc="328,13,189,-13,211,0,272,0" /><INIT seed="3,0,0,5,3,39" ten="341,176,211,272" oya="3" hai0="81,83,61,102,59,45,134,66,101,80,71,65,56" hai1="14,55,79,106,37,7,126,96,116,38,115,84,1" hai2="51,5,25,110,6,123,112,26,53,86,22,129,46" hai3="57,130,90,24,91,73,49,72,132,108,64,0,88"/><W62/><G0/><T128/><D71/><U104/><E115/><V16/><F110/><W42/><G130/><T107/><D107/><U32/><E116/><V60/><F129/><W47/><G132/><T118/><D118/><U87/><E1/><V75/><F112/><W2/><G108/><T82/><D128/><U85/><E126/><V119/><F75/><W28/><REACH who="3" step="1"/><G2/><REACH who="3" ten="341,176,211,262" step="2"/><T92/><D134/><U93/><E79/><V50/><F119/><W89/><N who="3" m="22528" /><DORA hai="97" /><W40/><G40/><T35/><D82/><U98/><E32/><AGARI ba="0,1" hai="24,28,32,42,47,49,57,62,64,72,73" m="22528" machi="32" ten="50,9600,0" yaku="1,1,52,1,54,1,53,0" doraHai="39,97" doraHaiUra="76,33" who="3" fromWho="1" sc="341,0,176,-96,211,0,262,106" owari="341,14.1,80,-42.0,211,-18.9,368,46.8" /></mjloggm>