<mjloggm ver="2.3"><GO type="225" lobby="0"/><UN n0="%E3%82%BC%E3%83%AB%E3%83%80%E3%81%AE%E4%BC%9D%E8%AA%AC" n1="%77%72%77%72%77%72%77%72" n2="%E3%81%82%E3%81%99%E3%81%AB%E3%82%83%E3%82%80" n3="%E7%99%BD%E6%97%A5%E9%9B%AA%E8%8F%9C" dan="17,16,16,16" rate="2154.11,2107.70,2111.89,2136.77" sx="M,M,F,M"/><TAIKYOKU oya="0"/><INIT seed="0,0,0,2,1,26" ten="250,250,250,250" oya="0" hai0="32,130,108,55,117,99,20,60,0,40,123,35,34" hai1="134,41,126,98,69,46,29,53,9,85,104,61,115" hai2="14,74,83,7,70,107,102,58,1,27,16,120,79" hai3="37,47,92,38,11,121,106,101,91,96,78,132,128"/><T2/><D117/><U118/><E118/><V97/><F70/><W39/><G132/><T45/><D123/><U13/><E134/><V52/><F120/><W64/><G121/><T75/><D75/><U8/><E126/><V18/><F1/><W63/><G128/><T6/><D130/><U72/><E72/><V116/><F116/><W24/><G78/><T44/><D108/><U73/><E73/><V87/><F27/><W56/><G11/><T23/><D99/><U122/><E122/><V28/><F28/><W33/><G24/><T4/><D32/><U81/><E29/><V77/><F77/><W65/><G33/><T112/><D55/><U19/><E115/><V114/><F114/><W124/><G124/><T25/><D25/><U62/><E69/><V95/><F7/><W42/><REACH who="3" step="1"/><G64/><REACH who="3" ten="250,250,250,240" step="2"/><T103/><D112/><U12/><E8/><V59/><F14/><W105/><G105/><T57/><D34/><U127/><E104/><V84/><F107/><W131/><G131/><T3/><D35/><U43/><E13/><V68/><F74/><W5/><G5/><T89/><D3/><U17/><E127/><V36/><F79/><W100/><G100/><T31/><D103/><U30/><E17/><V119/><F16/><W125/><G125/><T21/><D0/><U66/><E30/><V82/><F18/><W88/><G88/><T135/><D135/><U54/><E66/><V76/><F119/><W90/><G90/><T22/><D89/><U48/><E19/><V50/><F76/><W110/><G110/><T109/><D109/><U71/><E9/><RYUUKYOKU ba="0,1" sc="250,-10,250,-10,250,-10,240,30" hai3="37,38,39,42,47,56,63,65,91,92,96,101,106" /><INIT seed="1,1,1,1,3,71" ten="240,240,240,270" oya="1" hai0="103,115,17,46,42,56,20,70,37,63,64,104,90" hai1="82,101,80,81,10,3,11,31,7,128,23,89,83" hai2="74,27,22,49,97,44,38,24,85,134,135,75,119" hai3="62,73,68,55,132,18,33,8,52,98,50,2,1"/><U54/><E128/><V109/><F109/><W36/><G73/><T0/><D115/><U12/><E101/><V106/><F119/><W84/><G33/><T126/><D126/><U65/><E65/><V125/><F125/><W100/><G36/><T102/><D0/><U76/><E89/><V131/><F131/><W41/><G132/><N who="2" m="50729" /><F38/><W79/><G41/><T121/><D121/><U26/><E54/><V19/><F85/><W111/><G111/><T118/><D118/><U107/><E107/><V93/><F27/><W61/><G55/><T25/><D104/><U92/><E92/><V94/><F94/><W86/><G86/><T116/><D116/><U35/><E35/><V51/><F106/><W66/><G62/><T47/><D90/><U124/><E124/><V77/><F77/><W45/><G84/><T28/><D47/><U5/><REACH who="1" step="1"/><E83/><REACH who="1" ten="240,230,240,270" step="2"/><V87/><F44/><W122/><G45/><T59/><D103/><U113/><E113/><V110/><F110/><W117/><G66/><T4/><D102/><U112/><E112/><V69/><F69/><W16/><G68/><T88/><D88/><U21/><E21/><V129/><F22/><W40/><G117/><T105/><D105/><U130/><E130/><V34/><F34/><W48/><G100/><T91/><D91/><U72/><AGARI ba="1,2" hai="3,5,7,10,11,12,23,26,31,72,76,80,81,82" machi="72" ten="20,3900,0" yaku="1,1,0,1,7,1,53,0" doraHai="71" doraHaiUra="39" who="1" fromWho="1" sc="240,-14,230,62,240,-14,270,-14" /><INIT seed="1,2,0,1,0,19" ten="226,292,226,256" oya="1" hai0="53,108,91,130,80,122,129,135,124,33,128,120,123" hai1="78,11,74,9,95,64,46,26,96,8,101,81,34" hai2="62,36,39,118,31,5,56,68,90,18,47,63,51" hai3="77,32,76,134,103,109,50,97,106,17,3,13,41"/><U7/><E64/><N who="2" m="40983" /><F5/><W133/><G109/><T113/><D33/><U61/><E61/><V10/><F10/><W114/><G114/><T73/><D113/><U116/><E116/><V42/><F18/><W132/><G3/><T83/><D108/><U82/><E82/><N who="0" m="31273" /><D53/><U48/><E34/><V71/><F31/><W85/><G32/><T66/><D66/><U30/><E26/><V44/><F90/><W87/><G87/><T84/><D135/><U1/><REACH who="1" step="1"/><E30/><REACH who="1" ten="226,282,226,256" step="2"/><V107/><F118/><W43/><G134/><T59/><D124/><U22/><E22/><V49/><F71/><W112/><G133/><T37/><D123/><U111/><E111/><V69/><F69/><W86/><G132/><T38/><D122/><U110/><E110/><V28/><F28/><W21/><G112/><T127/><D127/><U75/><E75/><V98/><F107/><W14/><G106/><T57/><D120/><U45/><E45/><V72/><F72/><W117/><G117/><T89/><D73/><U94/><E94/><V52/><F98/><W35/><G97/><T100/><D128/><U125/><E125/><V23/><F23/><W93/><G21/><T92/><D129/><U119/><E119/><V16/><F16/><W15/><G17/><T105/><D130/><U2/><E2/><V70/><F70/><W55/><G35/><T67/><D105/><U102/><E102/><V58/><F58/><N who="0" m="22026" /><D100/><U0/><E0/><V12/><F12/><W4/><G15/><T25/><D67/><AGARI ba="2,1" hai="36,39,42,44,47,49,51,52,56,63,67" m="40983" machi="67" ten="30,12000,2" yaku="35,5,54,1" doraHai="19" who="2" fromWho="0" sc="226,-126,282,0,226,136,256,0" /><INIT seed="2,0,0,1,5,32" ten="100,282,362,256" oya="2" hai0="16,110,113,76,112,82,127,51,40,47,80,38,57" hai1="104,23,3,105,55,25,126,11,132,129,26,78,56" hai2="114,49,35,52,116,122,28,24,65,131,4,39,90" hai3="62,97,121,50,85,92,44,13,125,124,119,100,108"/><V71/><F114/><W64/><G119/><T83/><D110/><U133/><E129/><V63/><F116/><W99/><G121/><T84/><D127/><N who="3" m="48713" /><G108/><T27/><D82/><U22/><E126/><V15/><F122/><W98/><G85/><T42/><D80/><U1/><E78/><V59/><F131/><W58/><G13/><T46/><REACH who="0" step="1"/><D57/><REACH who="0" ten="90,282,362,256" step="2"/><U70/><E56/><V135/><F59/><W33/><G33/><T109/><D109/><U17/><E70/><V94/><F35/><W12/><G12/><T0/><D0/><U118/><E1/><V36/><F15/><W79/><G79/><T34/><D34/><U60/><E3/><V95/><F71/><W88/><G100/><T130/><D130/><U96/><E25/><V20/><F24/><W93/><G93/><T77/><D77/><U75/><E26/><V128/><F94/><W48/><G48/><T67/><D67/><U117/><E118/><V19/><F65/><W91/><G91/><T106/><D106/><U89/><E89/><V102/><F90/><W7/><G88/><T6/><D6/><U43/><E105/><V72/><F4/><W9/><G92/><T111/><D111/><U103/><E104/><V69/><F95/><W45/><G50/><T86/><D86/><U29/><E103/><V18/><F49/><W123/><G123/><T8/><D8/><U87/><E11/><V5/><F102/><W68/><G58/><T107/><D107/><U53/><E87/><V30/><F128/><W81/><G81/><T14/><D14/><U31/><E117/><V134/><F69/><RYUUKYOKU ba="0,1" sc="90,15,282,-15,362,-15,256,15" hai0="16,27,38,40,42,46,47,51,76,83,84,112,113" hai3="7,9,44,45,62,64,68,97,98,99" /><INIT seed="3,1,1,1,1,110" ten="105,267,347,271" oya="3" hai0="13,104,54,134,34,67,6,38,132,28,19,103,32" hai1="125,108,82,106,74,87,17,27,14,116,76,36,85" hai2="99,10,86,48,72,65,89,121,53,84,105,83,40" hai3="20,117,31,16,26,127,73,129,118,21,120,0,109"/><W122/><G73/><T62/><D38/><U77/><E36/><V33/><F33/><W3/><G127/><T78/><D54/><U80/><E108/><V15/><F65/><W128/><G109/><T55/><D55/><U111/><E111/><V92/><F105/><W102/><G102/><T2/><D78/><U94/><E125/><V50/><F72/><W51/><G51/><T88/><D88/><U63/><E106/><V60/><F86/><W1/><G120/><T52/><D52/><U69/><E116/><N who="3" m="44650" /><G122/><T98/><D13/><AGARI ba="1,1" hai="0,1,3,13,16,20,21,26,31,128,129" m="44650" machi="13" ten="40,7700,0" yaku="34,2,54,1" doraHai="110" who="3" fromWho="0" sc="105,-80,267,0,347,0,271,90" owari="25,-47.5,267,-13.3,347,14.7,361,46.1" /></mjloggm>