<mjloggm ver="2.3"><GO type="225" lobby="0"/><UN n0="%E5%82%8D%E8%8B%A5%E7%84%A1%E4%BA%BA%35%31" n1="%E7%99%BD%E6%97%A5%E9%9B%AA%E8%8F%9C" n2="%63%68%78%62%64" n3="%E3%83%97%E3%83%92" dan="16,16,16,16" rate="2131.34,2185.25,2166.50,2144.32" sx="M,M,M,M"/><TAIKYOKU oya="0"/><INIT seed="0,0,0,2,3,133" ten="250,250,250,250" oya="0" hai0="111,9,12,32,41,105,121,53,64,92,89,59,113" hai1="27,26,99,52,58,30,134,37,8,67,102,33,3" hai2="108,29,80,14,115,23,131,16,55,15,60,126,38" hai3="120,36,5,21,72,11,91,63,71,56,7,94,62"/><T35/><D121/><U81/><E37/><V86/><F115/><W101/><G120/><T17/><D105/><U18/><E134/><V10/><F108/><W130/><G36/><T84/><D113/><U68/><E81/><V124/><F38/><W61/><G71/><T48/><D111/><U76/><E76/><V46/><F131/><W57/><G72/><T66/><REACH who="0" step="1"/><D41/><REACH who="0" ten="240,250,250,250" step="2"/><U25/><E33/><AGARI ba="0,1" hai="9,12,17,32,33,35,48,53,59,64,66,84,89,92" machi="33" ten="40,3900,0" yaku="1,1,2,1,53,0" doraHai="133" doraHaiUra="118" who="0" fromWho="1" sc="240,49,250,-39,250,0,250,0" /><INIT seed="0,1,0,0,4,9" ten="289,211,250,250" oya="0" hai0="46,49,2,15,52,102,25,103,88,96,113,126,133" hai1="68,53,18,13,11,111,120,0,130,59,110,134,61" hai2="107,44,132,3,112,1,76,29,135,93,131,100,50" hai3="85,75,109,80,48,43,34,117,123,56,47,79,54"/><T91/><D2/><U41/><E120/><V89/><F112/><W16/><G123/><T73/><D113/><U4/><E130/><V90/><F131/><W20/><G117/><T36/><D73/><U99/><E134/><N who="2" m="51243" /><F76/><W22/><G34/><T33/><D126/><U92/><E41/><N who="2" m="24847" /><F29/><W128/><G128/><T45/><D133/><U10/><REACH who="1" step="1"/><E68/><REACH who="1" ten="289,201,250,250" step="2"/><V86/><F90/><AGARI ba="1,1" hai="0,4,10,11,13,18,53,59,61,90,92,99,110,111" machi="90" ten="40,8000,1" yaku="1,1,2,1,52,1,53,1" doraHai="9" doraHaiUra="12" who="1" fromWho="2" sc="289,0,201,93,250,-83,250,0" /><INIT seed="1,0,0,5,3,9" ten="289,294,167,250" oya="1" hai0="98,30,57,21,89,65,96,82,7,115,10,86,15" hai1="61,130,78,31,134,79,41,52,2,127,54,12,133" hai2="95,33,39,0,42,104,76,108,92,55,103,70,94" hai3="87,34,25,51,113,73,56,27,100,75,29,63,20"/><U62/><E2/><V119/><F119/><W77/><G113/><T122/><D122/><U102/><E41/><V32/><F108/><W59/><G100/><T40/><D40/><U112/><E112/><V37/><F0/><W14/><G51/><T28/><D115/><U128/><E102/><V99/><F70/><W45/><G45/><T80/><D80/><U1/><E1/><V74/><F55/><N who="1" m="21033" /><E31/><N who="0" m="11817" /><D21/><U64/><E12/><V60/><F60/><AGARI ba="0,0" hai="7,10,15,57,60,65,82,86,89,96,98" m="11817" machi="60" ten="30,2000,0" yaku="8,1,52,1" doraHai="9" who="0" fromWho="2" sc="289,20,294,0,167,-20,250,0" /><INIT seed="2,0,0,1,4,92" ten="309,294,147,250" oya="2" hai0="88,12,19,85,9,6,5,103,73,62,96,2,120" hai1="1,41,47,94,7,65,134,27,38,48,8,30,17" hai2="89,116,119,3,52,46,4,129,14,114,53,69,55" hai3="64,110,105,87,128,34,44,25,104,0,122,79,101"/><V63/><F114/><W86/><G122/><T132/><D73/><U49/><E134/><V51/><F3/><W80/><G110/><T83/><D132/><U131/><E131/><V133/><F129/><W71/><G128/><T130/><D120/><U113/><E113/><V107/><F133/><W50/><G0/><T20/><D130/><U31/><E65/><V98/><F69/><W59/><G71/><T91/><D62/><U40/><E94/><V127/><F127/><W95/><G25/><T15/><D6/><U29/><E40/><V68/><F68/><W45/><G34/><T23/><D91/><U102/><E102/><V75/><F75/><W10/><G10/><T78/><D78/><U24/><E17/><V99/><F107/><W90/><G101/><T35/><D35/><U70/><E70/><V123/><F123/><W56/><G44/><T124/><D124/><U32/><E30/><V57/><F53/><W13/><G13/><T42/><D42/><U84/><E84/><V26/><F26/><W22/><G22/><AGARI ba="0,0" hai="1,7,8,22,24,27,29,31,32,38,41,47,48,49" machi="22" ten="30,1000,0" yaku="7,1" doraHai="92" who="1" fromWho="3" sc="309,0,294,10,147,0,250,-10" /><INIT seed="3,0,0,1,4,107" ten="309,304,147,240" oya="3" hai0="128,6,113,78,58,43,2,94,9,98,31,86,64" hai1="102,120,13,117,52,29,45,28,40,59,125,73,99" hai2="19,84,68,76,33,44,126,27,105,85,83,22,34" hai3="103,54,95,20,60,123,91,46,81,55,111,65,10"/><W116/><G116/><T17/><D128/><U32/><E120/><V5/><F105/><W72/><G123/><T88/><D113/><U23/><E73/><V30/><F68/><W127/><G127/><T4/><D31/><U112/><E112/><V21/><F126/><W110/><G10/><T101/><D78/><U16/><E125/><V3/><F44/><W15/><G103/><T70/><D70/><U71/><E71/><V82/><F3/><W75/><G81/><T97/><D43/><U56/><E117/><V50/><F5/><N who="0" m="2154" /><D2/><U25/><E52/><N who="3" m="20010" /><G46/><T39/><D39/><U12/><E29/><V118/><F50/><W37/><G37/><T61/><D101/><U77/><E77/><V49/><F49/><W62/><G15/><AGARI ba="0,0" hai="9,15,17,58,61,64,86,88,94,97,98" m="2154" machi="15" ten="30,2000,0" yaku="8,1,54,1" doraHai="107" who="0" fromWho="3" sc="309,20,304,0,147,0,240,-20" owari="329,42.9,304,10.4,147,-35.3,220,-18.0" /></mjloggm>