<mjloggm ver="2.3"><GO type="225" lobby="0"/><UN n0="%E3%81%8F%E3%82%8A%E3%83%94%E3%83%BC" n1="%E5%B8%86%E7%AB%8B%E5%A4%8F%E8%A1%A3" n2="%43%68%65" n3="%E3%83%8F%E3%82%AC%E3%82%BF%E3%82%AB%E3%81%AE%E3%81%88%E3%81%98%E3%81%8D" dan="16,17,16,16" rate="2137.65,2164.75,2083.01,2137.08" sx="M,M,M,M"/><TAIKYOKU oya="0"/><INIT seed="0,0,0,4,5,77" ten="250,250,250,250" oya="0" hai0="38,35,119,50,92,120,76,20,102,17,65,70,74" hai1="117,11,7,67,18,60,63,107,42,81,51,39,61" hai2="29,116,131,94,49,124,98,106,40,127,101,95,31" hai3="59,132,118,37,69,73,43,122,108,64,22,85,133"/><T99/><D119/><U47/><E117/><V125/><F131/><W66/><G73/><T130/><D120/><U109/><E109/><V111/><F111/><W25/><G118/><T56/><D130/><U0/><E107/><V62/><F116/><W6/><G69/><T21/><D35/><U84/><E18/><V90/><F62/><W100/><G100/><T8/><D38/><U26/><E26/><V75/><F75/><W41/><G108/><T32/><D32/><U93/><E93/><N who="2" m="35339" /><F90/><W4/><G85/><T2/><D70/><U58/><REACH who="1" step="1"/><E39/><REACH who="1" ten="250,240,250,250" step="2"/><V24/><F24/><W86/><G37/><T89/><D92/><U129/><E129/><V114/><F114/><W30/><G25/><T72/><D17/><U87/><E87/><V134/><F134/><W3/><G86/><T15/><D74/><U110/><E110/><V91/><F91/><AGARI ba="0,1" hai="0,7,11,42,47,51,58,60,61,63,67,81,84,91" machi="91" ten="30,3900,0" yaku="1,1,7,1,52,1,53,0" doraHai="77" doraHaiUra="71" who="1" fromWho="2" sc="250,0,240,49,250,-39,250,0" /><INIT seed="1,0,0,3,3,58" ten="250,289,211,250" oya="1" hai0="26,97,5,35,61,132,131,48,75,69,20,129,120" hai1="53,40,56,3,43,107,23,51,83,104,10,60,73" hai2="21,106,25,127,17,109,90,130,57,84,64,99,7" hai3="105,45,93,76,98,126,15,19,11,68,108,80,55"/><U46/><E43/><V42/><F109/><W44/><G108/><T114/><D114/><U135/><E135/><V41/><F130/><W111/><G126/><T24/><D132/><U9/><E23/><V123/><F123/><W59/><G68/><T27/><D75/><U115/><E115/><V119/><F119/><W33/><G33/><T30/><D120/><U87/><E73/><V118/><F127/><W116/><G105/><T96/><D5/><U65/><E3/><V81/><F118/><W0/><G0/><T110/><D48/><U128/><E128/><N who="0" m="49225" /><D110/><U4/><E4/><V32/><F32/><W66/><G66/><N who="0" m="41167" /><D26/><U37/><E107/><V63/><REACH who="2" step="1"/><F7/><REACH who="2" ten="250,289,201,250" step="2"/><W103/><G111/><T125/><D125/><U113/><E113/><V74/><F74/><W102/><G116/><T88/><D88/><U22/><E104/><V13/><F13/><W62/><G103/><AGARI ba="0,1" hai="17,21,25,41,42,57,63,64,81,84,90,99,103,106" machi="103" ten="40,5200,0" yaku="1,1,52,1,53,1" doraHai="58" doraHaiUra="78" who="2" fromWho="3" sc="250,0,289,0,201,62,250,-52" /><INIT seed="2,0,0,0,1,18" ten="250,289,263,198" oya="2" hai0="96,90,7,47,89,28,124,101,33,135,20,60,102" hai1="51,75,99,50,27,9,130,63,119,88,120,107,74" hai2="19,23,53,58,93,133,36,108,64,42,129,48,91" hai3="49,87,55,31,6,84,113,29,78,30,4,79,111"/><V134/><F129/><W41/><G111/><T21/><D33/><U76/><E119/><V16/><F108/><W100/><G113/><T3/><D3/><U54/><E130/><V112/><F112/><W105/><G100/><T92/><D135/><N who="2" m="51722" /><F64/><W61/><G61/><T34/><D124/><U32/><E120/><V70/><F70/><W121/><G105/><T85/><D34/><U73/><E76/><N who="3" m="29226" /><G121/><T68/><D68/><U69/><E9/><V77/><F77/><W10/><G41/><T2/><D2/><U56/><E69/><V95/><F19/><W40/><G40/><T115/><D7/><N who="3" m="2601" /><G10/><T128/><D128/><U45/><E107/><V5/><F5/><W67/><G67/><T57/><D47/><AGARI ba="0,0" hai="29,30,31,47,49,55,84,87" m="2601,29226" machi="47" ten="30,1000,0" yaku="8,1" doraHai="18" who="3" fromWho="0" sc="250,-10,289,0,263,0,198,10" /><INIT seed="3,0,0,3,2,53" ten="240,289,263,208" oya="3" hai0="81,95,84,123,99,67,126,93,55,104,115,102,66" hai1="1,24,103,98,114,100,90,130,42,49,33,26,80" hai2="37,71,110,78,97,120,91,2,68,101,135,85,25" hai3="15,79,134,7,105,108,118,34,117,106,63,48,52"/><W124/><G34/><T54/><D123/><U36/><E36/><V17/><F120/><W14/><G124/><T112/><D126/><U10/><E114/><N who="0" m="43561" /><D95/><U3/><E130/><V35/><F37/><W94/><G134/><T20/><D93/><U86/><E33/><V23/><F135/><W129/><G129/><T28/><D55/><U13/><E3/><V107/><F110/><W82/><G108/><T75/><D75/><U12/><E12/><V43/><F43/><W70/><G63/><T113/><N who="0" m="43569" /><T87/><DORA hai="60" /><D87/><U27/><E1/><V132/><F2/><W30/><G70/><T116/><D54/><U31/><E31/><V4/><F4/><W127/><G127/><T50/><D50/><U40/><E49/><V11/><F132/><W88/><G106/><T111/><D116/><U56/><E56/><V83/><F35/><W6/><G105/><T59/><D59/><U58/><E58/><V16/><F78/><W62/><G62/><T57/><D57/><U22/><E98/><V128/><F128/><W65/><G65/><N who="0" m="24587" /><D111/><U122/><E122/><V133/><F133/><W18/><G117/><T69/><D69/><U29/><E42/><V8/><F71/><W109/><G118/><T121/><D121/><U44/><E40/><V41/><F41/><W96/><G109/><T77/><D28/><U119/><E119/><V39/><F39/><W64/><G64/><T89/><D20/><U45/><E22/><V131/><F68/><W47/><G30/><T51/><D51/><U74/><E29/><N who="2" m="17599" /><F131/><W72/><G18/><N who="2" m="7273" /><F107/><W21/><G21/><RYUUKYOKU ba="0,0" sc="240,10,289,-30,263,10,208,10" hai0="77,81,84,89,99,102,104" hai2="8,11,83,85,91,97,101" hai3="6,7,14,15,47,48,52,72,79,82,88,94,96" /><INIT seed="3,1,0,2,1,72" ten="250,259,273,218" oya="3" hai0="23,65,101,42,64,45,112,79,103,89,29,111,60" hai1="8,90,93,55,20,46,4,114,105,135,75,107,3" hai2="49,31,78,52,68,133,74,28,88,61,94,40,81" hai3="115,96,18,132,126,53,6,36,59,92,13,86,83"/><W0/><G115/><T118/><D111/><U108/><E114/><V27/><F133/><W106/><G132/><T69/><D118/><U82/><E135/><V47/><F27/><W102/><G36/><T71/><D89/><U128/><E108/><V54/><F54/><W16/><G0/><T95/><D95/><U100/><E128/><V11/><F11/><N who="3" m="4343" /><G106/><T127/><D127/><U66/><E66/><V21/><F21/><W77/><G126/><T30/><D112/><U50/><E20/><V84/><REACH who="2" step="1"/><F52/><REACH who="2" ten="250,259,263,218" step="2"/><W122/><G122/><T87/><D65/><AGARI ba="1,1" hai="28,31,40,47,49,61,65,68,74,78,81,84,88,94" machi="65" ten="40,8000,1" yaku="1,1,2,1,52,1,54,1,53,0" doraHai="72" doraHaiUra="22" who="2" fromWho="0" sc="250,-83,259,0,263,93,218,0" owari="167,-33.3,259,5.9,356,45.6,218,-18.2" /></mjloggm>