<mjloggm ver="2.3"><GO type="225" lobby="0"/><UN n0="%E8%81%B7%E6%A5%AD%E3%80%81%E9%A2%A8%32" n1="%73%6C%69%63%6B%33%31%39" n2="%E9%80%9F%E6%B0%B4%E5%87%9B%E9%A6%99" n3="%E3%82%82%E3%81%90%E3%82%89" dan="16,17,16,17" rate="2103.78,2184.27,2161.55,2221.10" sx="M,M,F,M"/><TAIKYOKU oya="0"/><INIT seed="0,0,0,0,3,131" ten="250,250,250,250" oya="0" hai0="105,119,44,74,79,67,11,112,96,95,12,4,19" hai1="2,115,92,108,111,52,61,114,66,43,37,118,8" hai2="25,59,72,23,55,58,41,39,78,64,87,50,110" hai3="123,116,17,6,98,9,88,14,3,62,49,29,97"/><T24/><D119/><U36/><E92/><V73/><F72/><W28/><G116/><T7/><D112/><N who="1" m="43051" /><E118/><V120/><F73/><W35/><G123/><T81/><D105/><U90/><E90/><V130/><F120/><W27/><G29/><T75/><D67/><U34/><E34/><V76/><F130/><W85/><G49/><T48/><D24/><U113/><N who="1" m="43059" /><U5/><DORA hai="94" /><E43/><V109/><F41/><W100/><G62/><T82/><D81/><U91/><E91/><V89/><F39/><N who="1" m="14921" /><E52/><N who="2" m="32023" /><F64/><W38/><G38/><T125/><D75/><U68/><AGARI ba="0,0" hai="2,5,8,61,66,68,108,111" m="14921,43059" machi="68" ten="50,3200,0" yaku="11,1,23,1" doraHai="131,94" who="1" fromWho="1" sc="250,-16,250,32,250,-8,250,-8" /><INIT seed="1,0,0,2,4,92" ten="234,282,242,242" oya="1" hai0="44,10,103,74,0,69,81,47,129,128,42,22,79" hai1="111,131,39,115,89,2,116,40,32,96,17,133,29" hai2="56,60,101,77,54,35,95,63,6,41,126,120,11" hai3="124,55,86,110,118,112,23,65,4,13,37,98,30"/><U106/><RYUUKYOKU type="yao9" ba="0,0" sc="234,0,282,0,242,0,242,0" hai1="2,17,29,32,39,40,89,96,106,111,115,116,131,133" /><INIT seed="1,1,0,1,3,51" ten="234,282,242,242" oya="1" hai0="85,97,13,57,99,122,3,45,53,46,31,134,88" hai1="29,104,52,113,71,65,47,69,62,44,103,68,35" hai2="74,87,120,54,24,76,6,131,130,91,119,100,128" hai3="89,109,25,38,116,39,93,18,92,61,48,33,1"/><U60/><E113/><V12/><F120/><W55/><G1/><T59/><D3/><U2/><E2/><V32/><F100/><W36/><G109/><T9/><D134/><U96/><E47/><N who="0" m="17929" /><D59/><N who="1" m="34919" /><E44/><V27/><F32/><W129/><G48/><N who="0" m="30887" /><D31/><U135/><E135/><V114/><F76/><W78/><G78/><T17/><D122/><U75/><E75/><V42/><F42/><W56/><G129/><T90/><D90/><U11/><E11/><N who="2" m="4215" /><F74/><W34/><G93/><AGARI ba="1,0" hai="9,13,17,85,88,93,97,99" m="30887,17929" machi="93" ten="30,3900,0" yaku="8,1,52,1,54,1" doraHai="51" who="0" fromWho="3" sc="234,42,282,0,242,0,242,-42" /><INIT seed="2,0,0,1,5,127" ten="276,282,242,200" oya="2" hai0="55,56,122,26,50,101,59,51,22,2,103,106,105" hai1="64,29,107,114,92,70,11,38,88,89,67,12,95" hai2="94,45,71,7,19,21,10,20,37,78,117,1,18" hai3="24,76,86,30,57,126,102,54,120,82,125,131,3"/><V77/><F71/><W61/><G120/><T85/><D2/><U133/><E107/><V72/><F117/><W129/><G102/><T13/><D122/><U47/><E114/><V60/><F60/><W128/><REACH who="3" step="1"/><G3/><REACH who="3" ten="276,282,242,190" step="2"/><T36/><D103/><U121/><E121/><V9/><F94/><W111/><G111/><T108/><D101/><U53/><E92/><V14/><F72/><W35/><AGARI ba="0,1" hai="24,30,35,54,57,61,76,82,86,125,126,128,129,131" machi="35" ten="40,12000,2" yaku="1,1,0,1,19,1,52,3,53,0" doraHai="127" doraHaiUra="15" who="3" fromWho="3" sc="276,-30,282,-30,242,-60,190,130" /><INIT seed="3,0,0,0,2,66" ten="246,252,182,320" oya="3" hai0="98,22,112,37,67,92,0,46,87,48,134,108,84" hai1="101,54,103,27,20,59,96,61,56,45,24,57,75" hai2="47,35,21,12,71,5,18,129,53,73,77,133,81" hai3="9,89,60,126,3,109,106,41,114,51,104,70,105"/><W69/><G114/><T116/><D0/><U58/><E75/><V8/><F129/><W113/><G113/><T1/><D1/><U86/><E27/><V118/><F133/><W131/><G131/><T79/><D37/><U100/><E86/><N who="0" m="32809" /><D108/><U80/><E80/><V119/><F35/><W93/><G60/><T91/><D67/><U111/><E111/><V135/><F135/><W94/><G94/><T85/><D116/><U42/><E42/><V43/><F53/><W34/><G34/><T17/><D134/><U32/><E32/><V52/><F52/><W117/><G126/><T16/><D22/><U63/><E45/><V23/><F23/><W83/><G83/><N who="0" m="47359" /><D112/><U102/><E102/><V125/><F125/><W25/><G117/><T44/><D44/><U28/><REACH who="1" step="1"/><E61/><REACH who="1" ten="246,242,182,320" step="2"/><V2/><REACH who="2" step="1"/><F71/><REACH who="2" ten="246,242,172,320" step="2"/><W124/><G70/><T64/><D64/><U128/><E128/><V88/><F88/><W55/><G69/><T97/><D91/><U39/><E39/><AGARI ba="0,2" hai="2,5,8,12,18,21,39,43,47,73,77,81,118,119" machi="39" ten="30,8000,1" yaku="1,1,7,1,25,2,53,1" doraHai="66" doraHaiUra="36" who="2" fromWho="1" sc="246,0,242,-80,172,100,320,0" owari="246,-15.4,162,-33.8,272,7.2,320,42.0" /></mjloggm>