<mjloggm ver="2.3"><GO type="225" lobby="0"/><UN n0="%E3%82%BC%E3%83%AB%E3%83%80%E3%81%AE%E4%BC%9D%E8%AA%AC" n1="%E3%81%86%E3%82%8C%E3%81%9F%E3%82%93%E6%9E%95" n2="%E3%81%AA%E3%81%A1%30%39%32%37" n3="%72%61%6B%33" dan="17,16,16,17" rate="2235.65,2104.87,2093.88,2133.28" sx="M,F,M,M"/><TAIKYOKU oya="0"/><INIT seed="0,0,0,5,2,69" ten="250,250,250,250" oya="0" hai0="72,116,120,96,4,135,21,52,30,9,119,74,109" hai1="0,117,111,102,25,84,107,121,53,32,62,35,124" hai2="3,106,68,46,86,16,70,13,31,12,75,49,131" hai3="67,45,5,127,2,40,64,14,11,85,20,15,89"/><T104/><D120/><U130/><E117/><V59/><F3/><W110/><G110/><T50/><D109/><U128/><E111/><V79/><F131/><N who="1" m="50217" /><E0/><V126/><F126/><W77/><G127/><T58/><D135/><U122/><E124/><V83/><F106/><W56/><G77/><T63/><D119/><U73/><E73/><V88/><F31/><W100/><G100/><T36/><D116/><U118/><E118/><V33/><F33/><N who="1" m="12873" /><E25/><V7/><F7/><W129/><G129/><T95/><D104/><U103/><E84/><V10/><F59/><W55/><G20/><T80/><D36/><U101/><E107/><V37/><F13/><W54/><G14/><T34/><D34/><U66/><E53/><V39/><F68/><AGARI ba="0,0" hai="62,66,68,101,102,103,121,122" m="12873,50217" machi="68" ten="40,1300,0" yaku="19,1" doraHai="69" who="1" fromWho="2" sc="250,0,250,13,250,-13,250,0" /><INIT seed="1,0,0,5,4,42" ten="250,263,237,250" oya="1" hai0="121,39,99,41,122,21,18,52,94,105,111,103,86" hai1="49,54,97,27,69,93,134,38,110,60,20,72,24" hai2="26,124,45,125,68,116,109,19,40,4,126,102,51" hai3="131,65,73,23,77,88,84,31,92,80,34,13,6"/><U78/><E38/><V83/><F116/><W30/><G131/><T114/><D111/><U104/><E110/><V79/><F109/><W100/><G34/><T7/><D114/><U47/><E134/><V91/><F68/><W44/><G65/><T15/><D7/><U50/><E104/><V107/><F4/><W0/><G0/><T135/><D135/><U108/><E108/><V113/><F113/><W53/><G100/><T1/><D1/><U61/><E69/><V3/><F3/><W123/><G123/><N who="0" m="47115" /><D52/><N who="1" m="29759" /><E72/><N who="2" m="43495" /><F91/><W35/><G35/><T66/><D66/><U71/><E78/><V17/><F26/><N who="1" m="9769" /><E20/><V95/><F107/><W62/><G23/><T64/><D64/><U29/><E29/><V46/><F46/><W32/><G32/><T117/><D117/><U70/><E70/><V90/><F102/><W130/><G44/><N who="0" m="23615" /><D105/><U63/><E71/><V58/><F58/><W87/><G73/><T25/><D25/><U67/><E67/><V43/><F43/><W12/><G53/><T82/><D21/><U56/><E50/><V2/><F2/><W76/><G30/><T81/><D15/><U119/><E119/><V118/><F118/><W9/><G31/><T48/><D48/><U11/><E11/><V10/><F10/><W89/><G12/><T128/><D128/><U14/><E14/><V33/><F33/><W5/><G130/><T22/><D22/><U57/><E54/><V8/><F8/><W101/><G5/><T132/><D132/><U98/><E93/><V129/><F129/><W106/><G62/><T59/><D94/><U75/><E75/><RYUUKYOKU ba="0,0" sc="250,-30,263,10,237,10,250,10" hai1="56,57,60,61,63,97,98" hai2="17,19,40,45,51,90,95,124,125,126" hai3="6,9,13,76,77,80,84,87,88,89,92,101,106" /><INIT seed="1,1,0,5,0,1" ten="220,273,247,260" oya="1" hai0="16,64,106,81,96,73,121,58,60,48,39,116,4" hai1="67,94,34,128,74,10,44,78,32,23,75,104,72" hai2="77,122,107,99,101,42,108,9,66,95,125,53,52" hai3="127,133,105,70,88,65,47,114,87,98,112,43,79"/><U126/><E104/><V3/><F122/><W69/><G127/><T82/><D116/><U6/><E126/><V102/><F125/><W59/><G133/><T89/><D39/><U31/><E128/><V91/><F108/><W103/><G79/><T97/><D121/><U37/><E67/><V45/><F66/><W22/><G59/><T13/><D73/><U124/><E124/><V21/><F77/><W20/><G20/><N who="0" m="11279" /><D106/><U80/><E94/><V29/><F29/><W2/><G2/><T17/><D4/><U100/><E100/><V30/><F9/><W18/><G69/><T15/><D48/><U35/><E23/><V50/><F3/><W46/><G70/><T85/><D82/><U84/><E31/><V86/><REACH who="2" step="1"/><F101/><REACH who="2" ten="220,273,237,260" step="2"/><W119/><G65/><T93/><D81/><U27/><E27/><AGARI ba="1,1" hai="21,27,30,42,45,50,52,53,86,91,95,99,102,107" machi="27" ten="40,5200,0" yaku="1,1,2,1,54,1,53,0" doraHai="1" doraHaiUra="117" who="2" fromWho="1" sc="220,0,273,-55,237,65,260,0" /><INIT seed="2,0,0,5,4,90" ten="220,218,302,260" oya="2" hai0="96,55,80,58,87,5,23,69,76,70,26,82,46" hai1="129,88,77,25,108,19,56,59,125,95,2,62,42" hai2="100,4,22,112,66,81,64,122,53,127,44,73,39" hai3="135,72,31,121,48,115,71,14,103,9,41,128,24"/><V132/><F112/><W49/><G121/><T15/><D46/><U104/><E2/><V13/><F122/><W28/><G72/><T102/><D80/><U78/><E104/><V67/><F132/><W131/><G71/><T107/><D15/><U92/><E108/><V38/><F127/><W105/><G135/><T124/><D5/><U61/><E129/><V119/><F119/><W85/><G85/><T21/><D124/><U74/><E125/><V114/><F67/><W65/><G65/><T98/><D98/><N who="1" m="57607" /><E42/><V106/><F106/><W123/><G115/><T79/><D79/><N who="1" m="30219" /><E74/><V93/><F73/><W52/><G41/><T68/><REACH who="0" step="1"/><D26/><REACH who="0" ten="210,218,302,260" step="2"/><U118/><E118/><V50/><F13/><W83/><G24/><T32/><D32/><U35/><E35/><V11/><F81/><W37/><G14/><T20/><D20/><N who="1" m="13471" /><E95/><V33/><F33/><W97/><G105/><T99/><D99/><U75/><E75/><V7/><F93/><W51/><G97/><T60/><AGARI ba="0,1" hai="21,23,55,58,60,68,69,70,76,82,87,96,102,107" machi="60" ten="30,2000,0" yaku="1,1,0,1,53,0" doraHai="90" doraHaiUra="111" who="0" fromWho="0" sc="210,30,218,-5,302,-10,260,-5" /><INIT seed="3,0,0,2,1,60" ten="240,213,292,255" oya="3" hai0="52,88,121,8,109,43,118,12,67,57,47,19,9" hai1="64,63,113,101,115,77,106,1,92,96,31,35,69" hai2="75,117,91,97,68,130,98,13,134,83,84,78,49" hai3="70,6,73,132,58,33,27,59,17,48,107,102,122"/><W133/><G70/><T120/><D118/><U89/><E77/><V103/><F68/><W5/><G122/><T104/><D104/><U111/><E1/><V108/><F13/><W82/><G107/><T36/><D109/><U25/><REACH who="1" step="1"/><E111/><REACH who="1" ten="240,203,292,255" step="2"/><V29/><F78/><W131/><G133/><T129/><D121/><U30/><E30/><V80/><F29/><W28/><G132/><T61/><D120/><U123/><E123/><V114/><F134/><W95/><G28/><T81/><D129/><U110/><E110/><V10/><F130/><W0/><G0/><T62/><D8/><U128/><E128/><V55/><F10/><W112/><G131/><T39/><D39/><U87/><AGARI ba="0,1" hai="25,31,35,63,64,69,87,89,92,96,101,106,113,115" machi="87" ten="20,12000,2" yaku="1,1,0,1,7,1,25,2,52,1,53,0" doraHai="60" doraHaiUra="50" who="1" fromWho="1" sc="240,-30,203,130,292,-30,255,-60" owari="210,-19.0,333,43.3,262,6.2,195,-30.5" /></mjloggm>