<mjloggm ver="2.3"><GO type="225" lobby="0"/><UN n0="%E6%A0%B9%E5%85%83%E3%81%8B%E3%82%89%E5%90%B9%E3%81%A3%E9%A3%9B%E3%81%B6" n1="%4C%4F%4C%49%54%41" n2="%4B%2E%32%2E%4B%2E" n3="%E3%81%86%E3%81%A3%E3%81%97%E3%83%BC%30%30" dan="17,16,17,16" rate="2161.12,2168.28,2187.21,2072.23" sx="F,F,M,M"/><TAIKYOKU oya="0"/><INIT seed="0,0,0,5,1,92" ten="250,250,250,250" oya="0" hai0="101,111,110,54,94,8,88,116,104,20,19,97,124" hai1="24,109,125,85,121,108,107,58,78,38,89,68,64" hai2="43,1,37,83,112,100,36,81,120,27,45,13,77" hai3="7,95,135,47,22,53,80,15,11,84,48,56,62"/><T26/><D124/><U0/><E121/><V123/><F112/><W122/><G135/><T32/><D116/><U73/><E68/><V39/><F100/><W103/><G122/><T115/><D115/><U67/><E38/><N who="2" m="21751" /><F13/><W2/><G2/><T70/><D70/><U10/><E107/><V74/><F27/><W6/><G22/><T59/><D32/><U9/><E125/><V127/><F127/><W18/><G95/><T128/><D128/><U3/><E24/><V86/><F86/><W76/><REACH who="3" step="1"/><G103/><REACH who="3" ten="250,250,250,240" step="2"/><T60/><REACH who="0" step="1"/><D8/><REACH who="0" ten="240,250,250,240" step="2"/><U21/><E9/><V105/><F123/><W87/><G87/><AGARI ba="0,2" hai="19,20,26,54,59,60,87,88,94,97,101,104,110,111" machi="87" ten="40,12000,1" yaku="1,1,2,1,52,1,54,1,53,0" doraHai="92" doraHaiUra="114" who="0" fromWho="3" sc="240,140,250,0,250,0,240,-120" /><INIT seed="0,1,0,0,3,85" ten="380,250,250,120" oya="0" hai0="7,95,120,71,27,48,58,39,4,59,74,101,130" hai1="76,50,31,124,51,35,32,21,93,64,45,53,125" hai2="57,133,43,114,107,82,28,104,44,0,3,132,56" hai3="131,86,109,119,47,8,126,108,60,83,22,118,110"/><T98/><D120/><U37/><E37/><V72/><F28/><W81/><G8/><T26/><D74/><U113/><E113/><V75/><F114/><W106/><G47/><T18/><D71/><U70/><E76/><V89/><F44/><W116/><G60/><T100/><D39/><U2/><E2/><V17/><F17/><W128/><G22/><N who="0" m="13655" /><D130/><N who="3" m="49705" /><G106/><N who="2" m="40489" /><F43/><W97/><G126/><T123/><D123/><U80/><E45/><V46/><F46/><W84/><G97/><T90/><D27/><U92/><E125/><V62/><F56/><N who="0" m="21546" /><D48/><U30/><E51/><V61/><F61/><W38/><G38/><T10/><D10/><U99/><E50/><V68/><F68/><W25/><G25/><T24/><D24/><U34/><E70/><V69/><F69/><W42/><G42/><T79/><D79/><U9/><E124/><V129/><F129/><W19/><G19/><T23/><D23/><U134/><E21/><V66/><F3/><W15/><G15/><T67/><D67/><U49/><E49/><V127/><F127/><W29/><G29/><T73/><D73/><N who="2" m="28234" /><F0/><W65/><G65/><T55/><D55/><U11/><E53/><V91/><F66/><W94/><G94/><T5/><AGARI ba="1,0" hai="4,5,7,90,95,98,100,101" m="21546,13655" machi="5" ten="30,3000,0" yaku="8,1,52,1" doraHai="85" who="0" fromWho="0" sc="380,33,250,-11,250,-11,120,-11" /><INIT seed="0,2,0,5,1,20" ten="413,239,239,109" oya="0" hai0="130,79,18,51,118,80,131,25,128,28,15,89,107" hai1="110,77,48,88,31,58,86,3,44,12,109,30,49" hai2="1,42,97,120,121,90,2,116,11,33,9,7,0" hai3="62,56,52,67,117,6,70,104,46,27,84,5,125"/><T53/><D107/><U61/><E3/><N who="2" m="1099" /><F97/><W133/><G117/><T47/><D118/><U85/><E77/><V19/><F90/><W66/><G133/><T57/><D89/><U102/><E102/><V100/><F100/><W132/><G132/><T105/><D105/><U22/><E85/><V135/><F42/><W39/><G125/><T81/><D57/><U83/><E48/><V108/><F135/><W87/><G104/><T16/><D15/><U40/><E12/><N who="2" m="7567" /><F116/><W41/><G67/><T60/><D60/><U69/><E69/><V93/><F93/><W26/><G6/><T68/><D68/><U106/><E106/><V65/><F65/><W114/><G5/><T64/><D64/><N who="1" m="38967" /><E31/><V4/><F4/><W129/><G114/><T95/><D95/><U35/><E30/><V112/><F112/><W122/><G122/><N who="2" m="47209" /><F33/><W32/><G32/><N who="0" m="20495" /><D81/><U63/><E35/><V76/><F76/><W98/><G98/><T113/><D113/><U38/><E63/><V103/><F103/><W96/><G96/><T101/><D101/><U50/><E50/><V99/><F99/><W75/><G75/><AGARI ba="2,0" hai="16,18,47,51,53,75,79,80,128,130,131" m="20495" machi="75" ten="30,5800,0" yaku="19,1,52,1,54,1" doraHai="20" who="0" fromWho="3" sc="413,64,239,0,239,0,109,-64" /><INIT seed="0,3,0,3,3,94" ten="477,239,239,45" oya="0" hai0="54,114,102,18,36,28,13,52,115,78,17,116,47" hai1="14,46,96,63,20,124,0,77,120,79,64,38,5" hai2="69,74,21,107,89,3,51,58,37,48,135,62,121" hai3="16,7,40,56,126,34,80,76,31,110,6,12,125"/><T41/><D116/><U29/><E120/><V49/><F121/><W111/><G40/><T99/><D78/><U66/><E124/><N who="3" m="47722" /><G56/><T8/><D28/><U61/><E0/><V73/><F107/><W75/><G80/><T128/><D128/><U108/><E108/><N who="3" m="41514" /><G76/><T65/><D65/><U15/><E38/><V11/><F37/><W44/><G44/><T4/><D18/><U109/><E46/><V82/><F69/><W91/><G91/><T67/><D17/><U97/><E109/><V19/><F89/><W70/><G70/><T130/><D67/><U105/><E20/><V24/><F82/><W83/><G83/><T30/><D30/><U50/><E29/><V59/><F59/><W86/><G86/><T133/><D130/><U92/><E92/><V81/><F81/><W127/><N who="3" m="47730" /><W85/><DORA hai="106" /><G85/><T71/><D71/><U93/><E93/><V1/><F58/><W60/><G60/><T26/><D54/><U101/><E5/><V2/><F62/><W39/><G39/><T55/><D52/><U10/><E50/><V98/><F98/><W84/><G84/><T123/><D55/><U87/><E87/><V103/><F103/><W90/><G90/><T112/><D123/><U129/><E105/><V23/><F51/><W57/><G57/><T27/><REACH who="0" step="1"/><D133/><REACH who="0" ten="467,239,239,45" step="2"/><U43/><E129/><V118/><F135/><W32/><G75/><T132/><D132/><U68/><E68/><V72/><F72/><W33/><G31/><T25/><D25/><U53/><E66/><V35/><F74/><W104/><G104/><AGARI ba="3,1" hai="4,8,13,26,27,36,41,47,99,102,104,112,114,115" machi="104" ten="40,7700,0" yaku="1,1,52,1,53,1" doraHai="94,106" doraHaiUra="42,134" who="0" fromWho="3" sc="467,96,239,0,239,0,45,-86" owari="563,66.3,239,3.9,239,-16.1,-41,-54.1" /></mjloggm>