<mjloggm ver="2.3"><GO type="225" lobby="0"/><UN n0="%73%61%6E%64%69%72%69%73" n1="%4E%49%4A%49%49%52%4F" n2="%E9%80%9F%E6%B0%B4%E5%87%9B%E9%A6%99" n3="%E6%B0%B7%E5%B7%9D%E9%87%8C%E5%A5%88" dan="16,17,16,16" rate="2144.33,2204.49,2123.61,2086.81" sx="M,M,F,F"/><TAIKYOKU oya="0"/><INIT seed="0,0,0,5,5,107" ten="250,250,250,250" oya="0" hai0="126,92,47,19,110,62,121,24,72,36,73,105,46" hai1="31,12,134,65,53,130,116,123,26,57,84,48,102" hai2="79,0,6,108,23,30,27,112,76,91,69,103,28" hai3="88,14,16,10,74,58,99,54,83,87,90,101,81"/><T9/><D105/><U61/><E123/><V43/><F69/><W89/><G83/><T78/><D121/><U37/><E116/><V114/><F108/><W70/><G70/><T60/><D78/><U22/><E37/><V77/><F103/><W2/><G2/><T35/><D126/><U132/><E130/><V100/><F100/><W133/><G133/><N who="1" m="51306" /><E12/><V34/><F43/><W8/><G8/><T131/><D131/><U25/><E102/><V118/><F118/><W95/><REACH who="3" step="1"/><G74/><REACH who="3" ten="250,250,250,240" step="2"/><T59/><D73/><U50/><E84/><V111/><F111/><W109/><G109/><T96/><D72/><U18/><E65/><V104/><F0/><W51/><AGARI ba="0,1" hai="10,14,16,51,54,58,81,87,88,89,90,95,99,101" machi="51" ten="20,12000,2" yaku="1,1,0,1,7,1,8,1,54,2,53,0" doraHai="107" doraHaiUra="125" who="3" fromWho="3" sc="250,-60,250,-30,250,-30,240,130" /><INIT seed="1,0,0,2,2,69" ten="190,220,220,370" oya="1" hai0="24,15,104,7,16,26,43,102,119,86,1,22,79" hai1="32,14,71,78,2,48,84,115,62,94,6,23,9" hai2="125,122,118,59,83,82,61,19,68,77,49,40,39" hai3="45,63,38,28,114,116,5,105,33,30,56,132,92"/><U123/><E123/><V37/><F122/><W121/><G121/><T107/><D119/><U51/><E115/><V36/><F118/><W103/><G114/><T53/><D43/><U66/><E32/><V57/><F125/><W74/><G116/><T58/><D1/><U50/><E23/><V111/><F111/><W35/><G74/><T112/><D112/><U124/><E124/><V46/><F19/><W81/><G105/><T117/><D117/><U89/><REACH who="1" step="1"/><E78/><REACH who="1" ten="190,210,220,370" step="2"/><V127/><F127/><W70/><G33/><T60/><D7/><U110/><E110/><V73/><REACH who="2" step="1"/><F82/><REACH who="2" ten="190,210,210,370" step="2"/><W25/><G81/><T93/><D79/><U20/><E20/><V130/><F130/><W72/><G35/><T87/><D22/><U31/><E31/><V41/><F41/><W120/><G30/><T67/><D26/><U95/><E95/><V108/><F108/><W100/><G92/><T55/><D24/><U29/><E29/><V42/><F42/><W90/><G28/><T101/><D93/><U99/><E99/><V54/><F54/><W34/><G34/><T10/><D104/><U109/><E109/><V133/><F133/><W91/><G132/><T97/><D55/><U12/><AGARI ba="0,2" hai="2,6,9,12,14,48,50,51,62,66,71,84,89,94" machi="12" ten="30,3000,0" yaku="1,1,0,1,53,0" doraHai="69" doraHaiUra="75" who="1" fromWho="1" sc="190,-10,210,50,210,-10,370,-10" /><INIT seed="1,1,0,5,0,39" ten="180,260,200,360" oya="1" hai0="109,27,49,79,54,119,128,110,94,105,125,11,132" hai1="92,76,60,16,4,17,18,103,106,20,53,122,29" hai2="31,12,25,118,84,81,116,102,117,56,9,23,32" hai3="62,85,100,45,113,97,40,111,57,19,91,3,120"/><U37/><E122/><V70/><F70/><W26/><G120/><T104/><D119/><U15/><E106/><V36/><F102/><W30/><G3/><T0/><D79/><U89/><E37/><V129/><F129/><W127/><G113/><T78/><D128/><U48/><E76/><V87/><F36/><W74/><G74/><T114/><D114/><U130/><E130/><V1/><F56/><W38/><G111/><T73/><D132/><U7/><E60/><V121/><F121/><W44/><G127/><T72/><D27/><N who="1" m="16615" /><E103/><V28/><F28/><W13/><G44/><T69/><D94/><U135/><E15/><V35/><F84/><W21/><G97/><T95/><D95/><U96/><E135/><V6/><REACH who="2" step="1"/><F1/><REACH who="2" ten="180,260,190,360" step="2"/><W34/><G100/><T86/><D69/><U64/><E64/><V58/><F58/><AGARI ba="1,1" hai="4,7,16,17,18,48,53,58,89,92,96" m="16615" machi="58" ten="30,2900,0" yaku="8,1,54,1" doraHai="39" who="1" fromWho="2" sc="180,0,260,42,190,-32,360,0" /><INIT seed="1,2,0,5,0,102" ten="180,302,158,360" oya="1" hai0="121,8,61,41,118,110,23,58,79,126,108,91,74" hai1="16,132,19,124,89,67,56,70,128,15,49,116,38" hai2="5,122,109,83,100,26,59,37,86,95,43,134,92" hai3="22,99,66,112,114,2,71,17,32,131,90,0,127"/><U11/><E116/><V93/><F122/><W96/><G32/><T80/><D118/><U76/><E38/><V101/><F109/><W111/><G111/><N who="0" m="42539" /><D126/><U120/><E120/><V28/><F134/><W113/><G127/><T44/><D121/><U7/><E124/><V46/><F5/><W123/><G123/><T106/><D23/><U20/><E128/><V24/><F59/><W47/><G131/><T117/><D8/><U81/><E132/><V82/><F82/><W85/><G47/><T69/><D69/><U35/><E35/><V135/><F135/><W6/><G66/><N who="0" m="39223" /><D91/><U115/><E115/><V125/><F125/><W3/><G71/><T39/><D117/><U36/><E36/><V107/><F107/><AGARI ba="2,0" hai="39,41,44,74,79,80,106,107" m="39223,42539" machi="107" ten="30,3900,0" yaku="14,1,52,2" doraHai="102" who="0" fromWho="2" sc="180,45,302,0,158,-45,360,0" /><INIT seed="2,0,0,3,4,99" ten="225,302,113,360" oya="2" hai0="0,36,37,122,78,14,121,21,100,48,96,114,19" hai1="109,13,70,76,132,127,23,12,84,93,38,135,29" hai2="126,44,15,2,111,24,97,25,88,32,33,5,68" hai3="7,61,53,73,65,85,69,134,57,101,64,28,17"/><V60/><F2/><W71/><G134/><N who="1" m="51242" /><E38/><V11/><F126/><W123/><G73/><T89/><D114/><U54/><E127/><V1/><F1/><W59/><G123/><T6/><D78/><U62/><E109/><V47/><F111/><W113/><G113/><T26/><D121/><U55/><E29/><V9/><F9/><W98/><G7/><T41/><D0/><U117/><E117/><V95/><F33/><W91/><G28/><T46/><D122/><U77/><E23/><V110/><F110/><W83/><G17/><T20/><D89/><N who="1" m="53415" /><E55/><V119/><F119/><W103/><G98/><T66/><D66/><N who="1" m="41303" /><E54/><V35/><F35/><W128/><G128/><T52/><D41/><U104/><E104/><V120/><F120/><W107/><G107/><T22/><D6/><U42/><E42/><V31/><REACH who="2" step="1"/><F25/><REACH who="2" ten="225,302,103,360" step="2"/><W108/><G108/><T34/><D34/><U124/><E124/><V92/><F92/><W8/><G8/><T79/><D26/><U56/><E12/><V50/><F50/><N who="3" m="30903" /><G71/><T72/><D37/><U94/><E13/><V90/><F90/><W129/><G69/><T102/><D36/><U27/><E27/><V115/><F115/><W87/><G129/><T130/><D130/><U67/><E94/><V86/><F86/><W63/><G85/><T51/><D51/><U45/><E76/><V105/><F105/><W131/><G131/><T10/><REACH who="0" step="1"/><D96/><REACH who="0" ten="215,302,103,360" step="2"/><U3/><E77/><V81/><F81/><AGARI ba="0,2" hai="10,14,19,20,21,22,46,48,52,72,79,81,100,102" machi="81" ten="40,12000,2" yaku="1,1,2,1,52,2,54,1,53,1" doraHai="99" doraHaiUra="43" who="0" fromWho="2" sc="215,140,302,0,103,-120,360,0" owari="355,15.5,302,-9.8,-17,-51.7,360,46.0" /></mjloggm>