<mjloggm ver="2.3"><GO type="225" lobby="0"/><UN n0="%6D%75%75%73%61%6E%6D%75" n1="%E3%83%81%E3%83%AF%E3%83%AF%E9%9A%8A%E9%95%B7" n2="%E9%80%86%E9%80%A3%E5%B8%AF%E3%81%AE%E9%AC%BC" n3="%E5%B0%8F%E9%B3%A5%E9%81%8A%E7%B7%B4%E7%84%A1%32%31%E6%AD%B3" dan="16,17,17,16" rate="2118.62,2188.78,2186.45,2191.19" sx="F,M,M,F"/><TAIKYOKU oya="0"/><INIT seed="0,0,0,1,0,45" ten="250,250,250,250" oya="0" hai0="20,113,108,91,99,88,106,90,52,71,34,54,109" hai1="133,15,117,69,42,131,2,84,82,64,85,116,81" hai2="31,120,77,118,97,17,4,6,128,21,63,102,27" hai3="134,28,16,48,11,66,78,114,76,24,61,68,135"/><T75/><D113/><U0/><E131/><V107/><F120/><W86/><G114/><T112/><D112/><U93/><E133/><N who="3" m="50698" /><G86/><T129/><D34/><U9/><E93/><V18/><F128/><W62/><G62/><T125/><D129/><U96/><E96/><V51/><F118/><W126/><G126/><T87/><D75/><U3/><E42/><V95/><F77/><W83/><G83/><T119/><D119/><U12/><E0/><V58/><F107/><W1/><G1/><T132/><D132/><U72/><E72/><V25/><F51/><W41/><G28/><T123/><D123/><U50/><E50/><V104/><F104/><W33/><G33/><T74/><D74/><U8/><REACH who="1" step="1"/><E64/><REACH who="1" ten="250,240,250,250" step="2"/><V57/><F57/><W124/><G124/><T101/><D125/><U23/><E23/><N who="2" m="13551" /><F31/><W13/><G24/><T53/><D71/><AGARI ba="0,1" hai="2,3,8,9,12,15,69,71,81,82,84,85,116,117" machi="71" ten="25,3200,0" yaku="1,1,22,2,53,0" doraHai="45" doraHaiUra="60" who="1" fromWho="0" sc="250,-32,240,42,250,0,250,0" /><INIT seed="1,0,0,1,0,53" ten="218,282,250,250" oya="1" hai0="10,27,107,74,95,2,76,66,21,94,132,111,97" hai1="130,3,120,47,134,110,64,12,90,116,0,114,113" hai2="96,1,77,133,49,125,59,33,30,87,84,14,82" hai3="123,25,8,58,46,45,89,42,61,70,135,112,72"/><U104/><E116/><V81/><F1/><W29/><G123/><T75/><D111/><U6/><E120/><V24/><F133/><W48/><G135/><T131/><D132/><U86/><E134/><V101/><F125/><W50/><G70/><T63/><D131/><U31/><E104/><V38/><F38/><W117/><G117/><T128/><D128/><U56/><E130/><V83/><F14/><W44/><G72/><T15/><D2/><U98/><E110/><V91/><F82/><W32/><G112/><T109/><D107/><U18/><E98/><V127/><F127/><W80/><G8/><T36/><D36/><U19/><E0/><V105/><F49/><W20/><G32/><T43/><D109/><U16/><E3/><V106/><F106/><W52/><G48/><T9/><D43/><U34/><E47/><V51/><F51/><W103/><G103/><T122/><D122/><U13/><E13/><V60/><F96/><W41/><G41/><T55/><D55/><U7/><E114/><V88/><F101/><W124/><G124/><T54/><D54/><U37/><E113/><V35/><F105/><W39/><G39/><T11/><D15/><U67/><E37/><V40/><F40/><W119/><G119/><T28/><D76/><U69/><E12/><V92/><F35/><W85/><AGARI ba="0,0" hai="20,25,29,42,44,45,46,50,52,58,61,80,85,89" machi="85" ten="30,7900,0" yaku="0,1,8,1,52,1,54,1" doraHai="53" who="3" fromWho="3" sc="218,-20,282,-39,250,-20,250,79" /><INIT seed="2,0,0,2,5,133" ten="198,243,230,329" oya="2" hai0="63,47,37,86,126,83,104,22,14,29,85,11,112" hai1="32,49,6,93,128,74,53,34,62,48,33,60,94" hai2="58,88,111,55,110,89,92,25,7,18,26,81,0" hai3="24,115,39,113,124,19,16,36,130,90,17,5,59"/><V15/><F81/><W87/><G130/><T27/><D112/><N who="3" m="43081" /><G5/><T76/><D104/><U108/><E74/><V79/><F79/><W129/><G129/><T43/><D63/><U80/><E128/><V20/><F0/><W120/><G120/><T99/><D99/><U1/><E108/><N who="2" m="41515" /><F7/><W117/><G117/><T97/><D97/><U127/><E80/><V134/><F134/><W9/><G9/><T51/><D37/><N who="3" m="14409" /><G59/><T46/><D46/><U95/><E6/><V103/><F103/><W91/><G24/><N who="2" m="9321" /><F92/><N who="3" m="54367" /><G91/><T23/><D126/><AGARI ba="0,0" hai="16,17,19,124,126" m="54367,14409,43081" machi="126" ten="40,8000,1" yaku="11,1,52,2,54,1" doraHai="133" who="3" fromWho="0" sc="198,-80,243,0,230,0,329,80" /><INIT seed="3,0,0,0,2,20" ten="118,243,230,409" oya="3" hai0="56,12,133,65,134,57,123,117,58,67,21,59,31" hai1="42,10,100,129,128,111,87,92,83,124,33,5,48" hai2="101,88,49,34,30,25,64,17,73,86,24,135,70" hai3="131,23,3,127,9,63,0,44,125,91,14,35,107"/><W69/><G35/><T66/><N who="0" m="14336" /><DORA hai="116" /><T80/><D117/><U121/><E33/><V13/><F73/><W76/><G91/><T96/><D96/><N who="1" m="59399" /><E124/><V120/><F135/><W110/><G44/><T54/><D80/><U93/><E93/><V82/><F101/><W43/><G23/><T109/><D109/><U19/><E19/><V37/><F37/><W105/><G14/><T104/><D104/><U126/><E111/><V72/><F72/><W108/><G63/><T39/><D39/><U99/><E126/><V38/><F38/><W60/><G60/><T97/><D97/><U27/><E99/><V79/><F49/><W7/><G69/><T40/><D40/><U4/><E48/><V53/><F53/><W74/><G43/><T45/><D123/><U90/><E121/><V22/><F120/><W2/><G125/><T36/><D36/><U15/><E42/><V68/><F64/><W113/><G127/><T114/><D114/><U28/><E128/><V46/><F46/><W77/><G131/><T29/><D45/><U6/><E129/><V98/><F98/><W103/><G113/><T85/><D85/><U71/><E71/><V62/><F62/><W50/><G110/><T52/><D12/><U89/><E15/><V8/><REACH who="2" step="1"/><F79/><REACH who="2" ten="118,243,220,409" step="2"/><W118/><G76/><T95/><D95/><U75/><E75/><V84/><F84/><W55/><G77/><T26/><REACH who="0" step="1"/><D31/><AGARI ba="0,1" hai="8,13,17,22,24,25,30,31,34,68,70,82,86,88" machi="31" ten="30,12000,2" yaku="1,1,7,1,52,2,54,1,53,1" doraHai="20,116" doraHaiUra="18,32" who="2" fromWho="0" sc="118,-120,243,0,220,130,409,0" owari="-2,-50.2,243,-15.7,350,15.0,409,50.9" /></mjloggm>