<mjloggm ver="2.3"><GO type="225" lobby="0"/><UN n0="%E3%81%AF%E3%82%88%E3%81%8A%E3%81%98%E3%81%95%E3%82%93" n1="%E6%A1%9C%E8%8A%B1%E9%96%83%E3%80%85" n2="%6D%75%75%6D%75%72%61" n3="%E8%81%B7%E6%A5%AD%E3%80%81%E9%A2%A8%32" dan="16,17,17,16" rate="2135.78,2190.93,2192.16,2086.02" sx="M,M,F,M"/><TAIKYOKU oya="0"/><INIT seed="0,0,0,1,3,96" ten="250,250,250,250" oya="0" hai0="62,95,98,50,87,135,32,121,128,31,56,82,81" hai1="130,38,20,41,26,72,34,104,76,0,93,123,89" hai2="120,84,2,110,3,65,37,105,64,23,99,111,78" hai3="80,125,115,43,15,100,122,106,90,86,92,126,11"/><T103/><D121/><U54/><E123/><V51/><F120/><W47/><G115/><T107/><D128/><U40/><E34/><V101/><F37/><W68/><G68/><T21/><D135/><U133/><E0/><V124/><F124/><N who="3" m="47723" /><G106/><T57/><D32/><U102/><E130/><V30/><F51/><N who="3" m="27135" /><G100/><T88/><D50/><U113/><E54/><V13/><F2/><W17/><G122/><T12/><D56/><U94/><E94/><AGARI ba="0,0" hai="11,15,17,80,86,90,92,94" m="27135,47723" machi="94" ten="30,1000,0" yaku="18,1" doraHai="96" who="3" fromWho="1" sc="250,0,250,-10,250,0,250,10" /><INIT seed="1,0,0,4,2,131" ten="250,240,250,260" oya="1" hai0="121,101,88,52,115,2,116,65,30,86,103,6,84" hai1="126,9,34,0,80,8,99,109,107,10,81,13,74" hai2="100,67,122,45,53,117,31,91,37,18,46,92,11" hai3="95,64,40,75,111,55,79,20,114,17,78,21,25"/><U26/><E126/><V104/><F117/><W71/><G111/><T133/><D115/><U98/><E109/><V22/><F122/><W47/><G114/><T15/><D116/><U110/><E110/><V123/><F123/><W124/><G75/><T56/><D121/><U97/><E107/><V33/><F67/><W41/><G71/><T32/><D2/><U48/><E0/><V1/><F100/><W128/><G128/><T39/><D39/><U12/><E74/><V54/><F104/><W135/><G64/><T83/><D65/><U19/><E48/><V106/><F106/><W113/><G113/><T105/><D105/><U16/><REACH who="1" step="1"/><E9/><REACH who="1" ten="250,230,250,260" step="2"/><V119/><F11/><W69/><G124/><T28/><D32/><U94/><E94/><V35/><F1/><W51/><G95/><T108/><D108/><U93/><E93/><V4/><F92/><W70/><G51/><T29/><D101/><U3/><E3/><V62/><F35/><W102/><G102/><T27/><D103/><U132/><E132/><V90/><F33/><W134/><G135/><T118/><D133/><U36/><E36/><V44/><F37/><W63/><G134/><T59/><D86/><U61/><E61/><V85/><F62/><W130/><G63/><N who="0" m="36231" /><D118/><U50/><E50/><V129/><F119/><W7/><G130/><T120/><D120/><U125/><E125/><V42/><F129/><W112/><G112/><T14/><D84/><U77/><E77/><V23/><F85/><W49/><G79/><T66/><D88/><U96/><N who="1" m="24576" /><DORA hai="43" /><U60/><E60/><V127/><F127/><RYUUKYOKU ba="0,1" sc="250,-10,230,30,250,-10,260,-10" hai1="8,10,12,13,16,19,26,34,80,81" /><INIT seed="1,1,1,2,5,47" ten="240,260,240,250" oya="1" hai0="1,27,111,31,60,86,129,42,5,90,84,12,45" hai1="100,14,33,113,133,38,46,101,82,123,89,88,66" hai2="34,50,109,51,19,61,118,104,48,135,44,124,78" hai3="69,40,43,99,92,17,110,73,76,59,39,15,3"/><U114/><E33/><V93/><F118/><W80/><G110/><T8/><D111/><U94/><E66/><V77/><F109/><W102/><G3/><T117/><D117/><U23/><E123/><V115/><F104/><W128/><G69/><T105/><D105/><U132/><E23/><V6/><F34/><W91/><G39/><T63/><D129/><U74/><E14/><V53/><F124/><W98/><G59/><T81/><D84/><N who="1" m="50199" /><E74/><V37/><F135/><N who="1" m="51785" /><E46/><V62/><F115/><N who="1" m="44041" /><E38/><V0/><F0/><W68/><G128/><T24/><D1/><U112/><N who="1" m="44049" /><U125/><DORA hai="64" /><E125/><V131/><F131/><W79/><G68/><T18/><D24/><U103/><E89/><V57/><F6/><W52/><G79/><N who="2" m="30217" /><F37/><W9/><REACH who="3" step="1"/><G52/><REACH who="3" ten="240,260,240,240" step="2"/><T126/><D126/><U119/><E119/><V72/><F53/><W122/><G122/><T30/><D45/><U75/><E75/><V127/><F72/><W83/><G83/><T13/><D81/><U58/><E58/><V56/><F44/><W87/><G87/><T41/><D86/><U67/><E67/><V106/><F127/><W2/><G2/><T10/><D42/><U116/><E116/><V32/><F56/><W20/><G20/><T95/><D41/><U29/><E29/><V7/><F57/><W96/><G96/><AGARI ba="1,2" hai="94,96,100,101,103" m="44049,51785,50199" machi="96" ten="50,12000,1" yaku="20,1,34,2,54,1" doraHai="47,64" who="1" fromWho="3" sc="240,0,260,143,240,0,240,-123" /><INIT seed="1,2,0,1,1,102" ten="240,403,240,117" oya="1" hai0="26,96,121,126,131,95,124,79,8,20,59,112,35" hai1="52,117,133,4,94,108,77,123,109,119,10,82,88" hai2="111,98,2,85,21,127,48,120,5,36,12,42,49" hai3="122,97,106,60,70,69,19,58,75,11,31,74,78"/><U62/><E123/><V81/><F120/><W93/><G122/><T64/><D121/><RYUUKYOKU type="kaze4" ba="2,0" sc="240,0,403,0,240,0,117,0" /><INIT seed="1,3,0,1,4,96" ten="240,403,240,117" oya="1" hai0="52,92,33,115,6,7,135,97,116,130,119,40,105" hai1="37,131,58,26,31,21,5,59,95,61,81,64,73" hai2="93,99,35,109,65,19,50,126,57,46,72,68,90" hai3="102,17,9,18,47,79,128,101,4,88,127,32,94"/><U80/><E131/><V112/><F109/><W1/><G32/><T53/><D115/><U24/><E37/><V78/><F126/><W118/><G128/><T16/><D130/><U63/><E73/><V100/><F112/><W43/><G127/><T134/><D105/><U69/><E69/><V70/><F35/><W13/><G118/><T76/><D33/><U91/><E26/><V132/><F132/><N who="0" m="50730" /><D40/><U48/><E48/><V107/><F57/><W55/><G79/><T34/><D34/><U60/><E5/><N who="0" m="1545" /><D76/><U106/><E106/><V87/><F65/><W123/><G55/><N who="0" m="21067" /><D16/><U113/><E113/><V14/><F46/><W30/><G30/><T114/><D114/><U39/><E39/><V71/><F50/><N who="3" m="27007" /><G123/><T98/><D98/><N who="1" m="57727" /><E60/><V0/><F0/><W121/><G121/><T25/><D25/><U62/><E61/><V111/><F111/><W82/><G82/><T2/><D2/><U120/><E120/><V45/><F45/><W133/><G1/><T8/><D8/><U75/><E75/><V54/><F54/><AGARI ba="3,0" hai="21,24,31,54,58,59,62,63,64,80,81" m="57727" machi="54" ten="30,1500,0" yaku="8,1" doraHai="96" who="1" fromWho="2" sc="240,0,403,24,240,-24,117,0" /><INIT seed="1,4,0,1,4,106" ten="240,427,216,117" oya="1" hai0="49,110,68,94,88,103,43,124,11,47,67,126,5" hai1="37,87,97,135,122,105,19,133,70,13,89,0,116" hai2="114,57,108,65,32,8,7,119,77,45,48,22,44" hai3="73,36,84,3,69,54,60,20,86,131,90,96,104"/><U74/><E0/><V82/><F32/><W40/><G3/><T4/><D110/><U99/><E70/><V42/><F108/><W17/><G131/><T98/><D103/><U61/><E37/><V34/><F119/><W56/><G69/><T66/><D4/><U25/><E116/><V109/><F34/><W51/><G73/><T62/><REACH who="0" step="1"/><D67/><REACH who="0" ten="230,427,216,117" step="2"/><U41/><E133/><V100/><F109/><W102/><G36/><T85/><D85/><U35/><E87/><V18/><F100/><W9/><G86/><T10/><D10/><U28/><E135/><V117/><F65/><W2/><G9/><T121/><D121/><U111/><E122/><V33/><F8/><W125/><G2/><AGARI ba="4,1" hai="2,5,11,43,47,49,62,66,68,88,94,98,124,126" machi="2" ten="40,5200,0" yaku="1,1,54,1,53,1" doraHai="106" doraHaiUra="64" who="0" fromWho="3" sc="230,74,427,0,216,0,117,-64" /><INIT seed="2,0,0,5,3,82" ten="304,427,216,53" oya="2" hai0="67,63,20,92,40,113,51,111,125,7,74,32,1" hai1="127,17,95,85,55,79,128,114,28,75,106,109,47" hai2="132,72,88,60,96,42,2,105,68,69,81,76,93" hai3="118,22,46,104,61,98,99,26,135,126,11,52,66"/><V84/><F132/><W108/><G108/><T120/><D111/><U70/><E28/><V110/><F110/><W14/><G118/><T31/><D32/><U50/><E109/><V21/><F2/><W123/><G135/><T116/><D74/><U43/><E106/><V122/><F122/><W44/><G123/><T119/><D113/><U48/><E75/><V34/><F34/><W18/><G126/><T112/><D112/><U115/><E70/><V4/><F42/><W78/><G78/><T97/><D125/><U87/><E127/><V10/><F21/><W9/><G9/><T30/><D120/><U6/><E6/><V59/><F10/><W86/><G86/><N who="1" m="32778" /><E95/><V121/><F4/><W100/><G99/><T27/><D30/><U102/><E102/><N who="2" m="62663" /><F121/><W54/><G44/><N who="0" m="25991" /><D7/><U39/><E39/><V45/><F45/><W62/><G46/><T90/><D1/><U83/><E17/><V36/><F36/><W57/><REACH who="3" step="1"/><G62/><REACH who="3" ten="304,427,216,43" step="2"/><T103/><D116/><U89/><E115/><V53/><AGARI ba="0,1" hai="53,59,60,68,69,72,76,81,84,88,93" m="62663" machi="53" ten="30,6000,0" yaku="24,1,52,1,54,1" doraHai="82" who="2" fromWho="2" sc="304,-20,427,-20,216,70,43,-20" /><INIT seed="2,1,0,5,4,98" ten="284,407,286,23" oya="2" hai0="128,104,23,2,33,113,62,87,57,82,81,10,126" hai1="68,53,26,80,27,11,75,71,109,38,64,90,129" hai2="22,21,103,122,51,45,95,127,85,61,19,25,6" hai3="91,74,84,42,16,36,79,119,8,92,30,76,50"/><V83/><F122/><W9/><G119/><T65/><D113/><U131/><E109/><V39/><F127/><W86/><G36/><T111/><D33/><U115/><E115/><V112/><F112/><W117/><G74/><T135/><D104/><U118/><E118/><V18/><F39/><W4/><G117/><T78/><D111/><U121/><E121/><V88/><F6/><W114/><G114/><T31/><D126/><U110/><E38/><V13/><F61/><W69/><G69/><T125/><D125/><U28/><E53/><V3/><F3/><W60/><G60/><T108/><D108/><U96/><E11/><V102/><F83/><W100/><G30/><T46/><D128/><U44/><E44/><V54/><AGARI ba="1,0" hai="13,18,19,21,22,25,45,51,54,85,88,95,102,103" machi="54" ten="20,18000,2" yaku="0,1,7,1,8,1,52,2,54,1" doraHai="98" who="2" fromWho="2" sc="284,-61,407,-61,286,183,23,-61" owari="223,-17.7,346,14.6,469,56.9,-38,-53.8" /></mjloggm>