<mjloggm ver="2.3"><GO type="225" lobby="0"/><UN n0="%E3%81%BF%E3%81%BF%E3%81%9A" n1="%E9%97%98%E5%B0%86%E3%81%A0%E3%82%93%E3%81%A7%E3%81%83" n2="%E6%A1%9C%E8%8A%B1%E9%96%83%E3%80%85" n3="%E3%81%BE%E3%81%A8%E3%81%9F" dan="17,16,16,16" rate="2311.89,2139.12,2144.54,2157.32" sx="M,M,M,M"/><TAIKYOKU oya="0"/><INIT seed="0,0,0,0,1,126" ten="250,250,250,250" oya="0" hai0="86,28,83,134,60,135,107,72,98,7,88,3,63" hai1="91,96,14,121,75,17,85,97,73,81,13,99,82" hai2="93,125,80,70,95,16,67,10,6,0,110,101,129" hai3="25,51,29,114,118,45,22,21,128,54,119,19,127"/><T35/><D3/><U33/><E33/><V102/><F110/><W117/><G114/><T61/><D7/><U4/><E121/><V55/><F125/><W69/><G127/><T32/><D72/><U90/><E4/><V50/><F80/><W12/><REACH who="3" step="1"/><G69/><REACH who="3" ten="250,250,250,240" step="2"/><T47/><D135/><U106/><E106/><V58/><F70/><W92/><G92/><T20/><D134/><U46/><E75/><V79/><F95/><W104/><G104/><T42/><D107/><U111/><E111/><V38/><F93/><W123/><G123/><T49/><REACH who="0" step="1"/><D98/><REACH who="0" ten="240,250,250,240" step="2"/><U1/><E73/><V84/><F102/><W76/><G76/><T5/><D5/><U59/><E96/><V116/><F101/><W68/><G68/><T40/><D40/><U77/><E97/><V78/><F79/><W57/><G57/><T130/><D130/><AGARI ba="0,2" hai="12,19,21,22,25,29,45,51,54,117,118,119,128,130" machi="130" ten="50,6400,0" yaku="1,1,52,2,53,0" doraHai="126" doraHaiUra="133" who="3" fromWho="0" sc="240,-64,250,0,250,0,240,84" /><INIT seed="1,0,0,5,2,73" ten="176,250,250,324" oya="1" hai0="125,54,127,15,128,20,1,102,106,30,3,47,126" hai1="18,33,93,74,8,100,52,66,61,71,60,75,5" hai2="68,29,42,91,21,95,32,64,107,82,19,122,63" hai3="43,135,0,90,11,117,70,101,86,45,124,114,84"/><U2/><E33/><V46/><F122/><W28/><G114/><T83/><D106/><U58/><E100/><V17/><F107/><W65/><G124/><N who="0" m="31747" /><T76/><DORA hai="112" /><D102/><U48/><E93/><V27/><F82/><W120/><G86/><N who="0" m="48487" /><D128/><U98/><E98/><V16/><F91/><W80/><G90/><T81/><D81/><U31/><E31/><V113/><F95/><W39/><G28/><T134/><D134/><U130/><E130/><V109/><F109/><W44/><G101/><T133/><D133/><U62/><E62/><V97/><F97/><W22/><G80/><T24/><D15/><U105/><E105/><V41/><F41/><W89/><G43/><T78/><D78/><U51/><REACH who="1" step="1"/><E18/><REACH who="1" ten="176,240,250,324" step="2"/><V104/><F104/><W123/><G135/><T69/><D69/><U121/><E121/><V132/><F132/><W116/><G70/><T92/><D92/><U118/><E118/><V115/><REACH who="2" step="1"/><F32/><REACH who="2" ten="176,240,240,324" step="2"/><W103/><G120/><T34/><D34/><U131/><E131/><V4/><F4/><W37/><G123/><T12/><D12/><U26/><E26/><V96/><F96/><W10/><G116/><T23/><D1/><U79/><E79/><V56/><F56/><W55/><G0/><T25/><D3/><U99/><E99/><V53/><F53/><W13/><G55/><T9/><D54/><U77/><E77/><V108/><F108/><W119/><G117/><T110/><D110/><U85/><E85/><V40/><F40/><W88/><G119/><T67/><D25/><U87/><E87/><V94/><F94/><W50/><G84/><RYUUKYOKU ba="0,2" sc="176,-15,240,15,240,15,324,-15" hai1="2,5,8,48,51,52,58,60,61,66,71,74,75" hai2="16,17,19,21,27,29,42,46,63,64,68,113,115" /><INIT seed="1,1,2,4,2,52" ten="161,255,255,309" oya="1" hai0="87,58,56,5,42,23,96,95,135,39,24,15,77" hai1="19,109,117,51,124,60,45,70,9,67,20,37,79" hai2="25,21,68,36,62,30,132,43,46,61,119,22,35" hai3="73,107,1,53,88,41,111,130,94,100,98,49,127"/><U126/><E117/><V13/><F119/><W106/><G1/><T102/><D135/><U103/><E109/><V0/><F0/><W44/><G73/><T90/><D77/><U134/><E134/><V120/><F132/><W113/><G113/><T93/><D42/><U71/><E103/><V85/><F120/><W29/><G111/><T101/><D39/><U114/><E114/><V84/><F62/><W32/><G130/><T6/><D101/><U66/><E9/><V64/><REACH who="2" step="1"/><F13/><REACH who="2" ten="161,255,245,309" step="2"/><W40/><G127/><T26/><D26/><U133/><E133/><V10/><F10/><W105/><REACH who="3" step="1"/><G100/><REACH who="3" ten="161,255,245,299" step="2"/><T89/><D102/><U121/><E124/><V81/><F81/><W78/><G78/><T11/><REACH who="0" step="1"/><D5/><REACH who="0" ten="151,255,245,299" step="2"/><U8/><E79/><V80/><F80/><W28/><G28/><AGARI ba="1,5" hai="6,11,15,23,24,28,56,58,87,89,90,93,95,96" machi="28" ten="30,12000,2" yaku="1,1,2,1,7,1,8,1,52,2,53,0" doraHai="52" doraHaiUra="104" who="0" fromWho="3" sc="151,173,255,0,245,0,299,-123" /><INIT seed="2,0,0,3,0,69" ten="324,255,245,176" oya="2" hai0="117,54,50,28,100,2,133,62,90,85,95,48,122" hai1="23,7,16,76,47,5,22,65,14,123,102,45,125" hai2="84,126,39,131,74,43,40,68,113,101,52,120,77" hai3="36,34,92,38,41,129,135,10,104,112,72,29,114"/><V99/><F113/><N who="3" m="43627" /><G104/><T81/><D122/><U91/><E125/><V60/><F120/><W66/><G72/><T79/><D2/><U115/><E115/><V37/><F77/><W89/><G66/><T0/><D0/><U12/><E123/><V106/><F74/><W111/><G41/><T20/><D133/><U32/><E32/><V26/><F126/><W11/><G135/><T124/><D100/><U67/><E91/><V105/><F131/><W103/><G103/><T9/><D9/><N who="3" m="3081" /><G129/><T8/><D8/><U78/><E102/><V1/><F1/><W56/><G56/><N who="0" m="35095" /><D117/><U25/><E25/><V27/><F84/><N who="3" m="52263" /><G111/><T130/><D124/><U24/><E24/><AGARI ba="0,0" hai="24,29,34,36,38" m="52263,3081,43627" machi="24" ten="30,3900,0" yaku="11,1,52,2" doraHai="69" who="3" fromWho="1" sc="324,0,255,-39,245,0,176,39" /><INIT seed="3,0,0,0,1,46" ten="324,216,245,215" oya="3" hai0="97,83,14,102,5,66,96,0,121,4,52,62,120" hai1="91,68,51,23,106,70,65,90,8,33,45,61,109" hai2="64,10,27,124,95,44,63,50,67,132,119,36,116" hai3="60,74,57,108,30,21,43,22,53,86,1,31,85"/><W105/><G74/><T20/><D0/><U133/><E33/><V93/><F36/><W41/><G1/><T24/><D52/><N who="1" m="29807" /><E106/><V13/><F124/><W84/><G105/><T59/><D83/><U18/><E70/><V130/><F130/><W135/><G135/><T42/><D42/><N who="3" m="15881" /><G108/><T123/><D14/><N who="1" m="7495" /><E109/><V11/><F132/><W127/><G127/><T72/><D72/><U76/><E76/><V25/><F63/><W40/><N who="3" m="15889" /><W94/><DORA hai="34" /><G94/><N who="0" m="58647" /><D97/><U56/><E68/><V29/><F44/><W89/><G89/><T112/><D112/><U38/><E38/><V73/><F73/><W9/><G9/><T126/><D126/><U87/><E133/><V16/><F10/><W125/><G125/><T26/><D26/><U39/><E39/><V98/><F25/><W134/><G134/><T118/><D118/><U28/><E28/><AGARI ba="0,0" hai="21,22,28,30,31,53,57,60,84,85,86" m="15889" machi="28" ten="40,2000,0" yaku="8,1" doraHai="46,34" who="3" fromWho="1" sc="324,0,216,-20,245,0,215,20" /><AGARI ba="0,0" hai="4,5,20,24,28,59,62,66,120,121,123" m="58647" machi="28" ten="30,1000,0" yaku="25,1" doraHai="46,34" who="0" fromWho="1" sc="324,10,196,-10,245,0,235,0" /><INIT seed="3,1,0,5,0,22" ten="334,186,245,235" oya="3" hai0="121,81,101,29,134,28,84,38,61,37,43,49,18" hai1="109,10,2,126,1,117,85,39,51,97,40,70,110" hai2="15,125,6,114,30,19,122,35,52,17,118,23,96" hai3="32,100,88,67,74,54,80,13,25,106,68,14,65"/><W89/><G54/><T130/><D121/><U5/><E70/><V64/><F118/><W132/><G74/><T11/><D101/><U107/><E85/><V98/><F114/><W92/><G80/><T69/><D69/><U93/><E39/><V135/><F64/><W21/><G32/><T77/><D37/><U8/><E107/><V86/><F125/><W63/><G65/><T36/><D38/><U57/><E126/><V62/><F135/><W24/><G106/><T58/><D36/><U16/><E117/><V91/><F6/><W26/><G132/><T31/><D130/><U78/><E78/><V45/><F30/><W55/><G55/><N who="0" m="34015" /><D134/><U3/><E57/><N who="2" m="35111" /><F35/><W133/><G133/><T12/><D49/><U59/><E59/><V60/><F60/><W44/><G44/><T112/><D112/><U9/><E5/><V128/><F128/><W27/><G89/><T42/><AGARI ba="1,0" hai="11,12,18,28,29,31,42,43,77,81,84" m="34015" machi="42" ten="30,1100,0" yaku="8,1" doraHai="22" who="0" fromWho="0" sc="334,14,186,-4,245,-4,235,-6" owari="348,44.8,182,-31.8,241,4.1,229,-17.1" /></mjloggm>