<mjloggm ver="2.3"><GO type="225" lobby="0"/><UN n0="%72%65%6E%6B%75%6E" n1="%EF%BC%AE%EF%BC%A1%EF%BC%AF%33%33%39" n2="%E7%99%BD%E6%97%A5%E9%9B%AA%E8%8F%9C" n3="%E3%83%B4%E3%82%A3%E3%83%AF%E3%82%B3%E3%82%B0%E3%83%8B" dan="17,17,17,16" rate="2193.97,2196.27,2239.35,2164.10" sx="M,M,M,M"/><TAIKYOKU oya="0"/><INIT seed="0,0,0,1,3,43" ten="250,250,250,250" oya="0" hai0="78,8,123,111,37,112,133,108,119,26,93,70,99" hai1="67,104,88,85,86,128,103,33,117,105,115,84,95" hai2="29,98,74,18,25,22,122,125,23,6,24,42,4" hai3="56,113,40,82,5,65,118,7,124,127,2,129,63"/><T89/><D70/><U20/><E33/><V27/><F74/><W81/><G113/><T126/><D37/><U72/><E67/><V30/><F98/><W134/><G118/><T28/><D119/><U61/><E61/><V90/><F90/><W0/><G40/><T41/><D41/><U57/><E57/><V21/><F42/><W32/><G32/><T48/><D48/><U131/><E20/><N who="2" m="7787" /><F122/><W79/><G129/><N who="1" m="49738" /><E117/><V35/><F125/><N who="3" m="48203" /><G134/><T50/><D8/><U17/><E17/><V1/><F1/><N who="3" m="619" /><G82/><T83/><D83/><U130/><N who="1" m="49746" /><U100/><DORA hai="135" /><E72/><AGARI ba="0,0" hai="5,7,56,63,65,72,79,81" m="619,48203" machi="72" ten="30,7700,0" yaku="18,1,52,3" doraHai="43,135" who="3" fromWho="1" sc="250,0,250,-77,250,0,250,77" /><INIT seed="1,0,0,3,5,122" ten="250,173,250,327" oya="1" hai0="80,27,10,34,90,104,114,106,110,92,17,134,36" hai1="113,5,100,54,111,12,67,7,33,52,71,0,4" hai2="132,91,83,99,77,76,47,70,29,105,3,31,62" hai3="78,115,40,57,14,74,116,19,87,30,135,44,107"/><U81/><E113/><V22/><F3/><W93/><G115/><T46/><D114/><U64/><E33/><V9/><F132/><W130/><G135/><T96/><D134/><U2/><E100/><V51/><F105/><W35/><G130/><T6/><D80/><U128/><E12/><V103/><F9/><W39/><G107/><T88/><D90/><U75/><E81/><V1/><F1/><N who="1" m="617" /><E71/><V84/><F70/><W108/><G74/><T86/><D6/><U38/><E38/><V42/><F62/><W20/><G78/><N who="2" m="30313" /><F22/><W45/><G45/><T37/><D10/><U43/><E43/><V101/><F99/><W59/><G30/><AGARI ba="0,0" hai="29,30,31,42,47,51,83,84,91,101,103" m="30313" machi="30" ten="30,1000,0" yaku="8,1" doraHai="122" who="2" fromWho="3" sc="250,0,173,0,250,10,327,-10" /><INIT seed="2,0,0,1,1,35" ten="250,173,260,317" oya="2" hai0="63,29,54,51,48,41,135,82,109,129,18,19,105" hai1="22,1,122,93,5,37,96,104,4,27,83,77,66" hai2="7,115,58,107,30,131,69,40,91,106,124,17,103" hai3="43,116,31,101,55,133,60,16,62,132,74,23,14"/><V130/><F115/><W86/><G74/><T125/><D105/><U42/><E66/><V10/><F69/><W0/><G116/><T56/><D109/><U100/><E122/><V13/><F124/><W25/><G0/><T89/><D125/><U90/><E42/><V61/><F40/><W80/><G101/><T20/><D129/><N who="2" m="49162" /><F30/><W121/><G121/><T38/><D38/><U119/><E37/><V28/><F28/><W118/><G118/><T128/><D128/><U79/><E119/><V50/><F50/><N who="0" m="18986" /><D135/><N who="3" m="51785" /><G55/><T113/><D113/><U73/><E79/><V88/><F17/><W11/><G43/><T71/><D71/><U81/><E81/><V46/><F46/><W126/><G126/><T67/><D67/><U72/><E72/><V111/><F111/><W26/><G25/><N who="0" m="16551" /><D41/><U65/><E65/><N who="2" m="39095" /><F103/><W49/><G49/><T84/><AGARI ba="0,0" hai="18,19,54,56,63,82,84,89" m="16551,18986" machi="84" ten="30,1100,0" yaku="8,1" doraHai="35" who="0" fromWho="0" sc="250,11,173,-3,260,-5,317,-3" /><INIT seed="3,0,0,1,1,54" ten="261,170,255,314" oya="3" hai0="62,116,103,66,106,9,48,112,46,93,28,0,117" hai1="91,68,84,78,39,100,4,85,121,92,111,58,113" hai2="53,74,124,82,128,1,59,40,120,42,131,7,69" hai3="101,102,45,73,14,24,13,105,64,26,43,96,25"/><W122/><G122/><T22/><D112/><U118/><E121/><V2/><F69/><W95/><G73/><T34/><D0/><N who="2" m="106" /><F7/><W70/><G70/><N who="0" m="42327" /><D22/><U52/><E68/><V98/><F120/><W37/><G64/><T75/><D93/><U90/><E39/><V12/><F12/><W77/><G77/><T31/><D31/><U104/><E113/><V3/><F3/><W15/><REACH who="3" step="1"/><G105/><REACH who="3" ten="261,170,255,304" step="2"/><T63/><D75/><U89/><E118/><V10/><F74/><W36/><G36/><T99/><D106/><U41/><E104/><V30/><F131/><W135/><G135/><T6/><D116/><U94/><E4/><V49/><F128/><W130/><G130/><T38/><D6/><U81/><E111/><V5/><F5/><W27/><N who="3" m="6144" /><DORA hai="119" /><W107/><G107/><T61/><D38/><U56/><E41/><V126/><F42/><W8/><G8/><T110/><D9/><U133/><E133/><V60/><F10/><W18/><G18/><T97/><D110/><U16/><E16/><V21/><F40/><W134/><G134/><T108/><D108/><U65/><E65/><V71/><F71/><W115/><G115/><T127/><D117/><U35/><E35/><V17/><F17/><W50/><G50/><T57/><D48/><U76/><E76/><V32/><F49/><W125/><G125/><T33/><D127/><U109/><E109/><V20/><F126/><W55/><G55/><T87/><D34/><U79/><E79/><V83/><F53/><W47/><G47/><T123/><D33/><U19/><E19/><V88/><F124/><RYUUKYOKU ba="0,1" sc="261,-10,170,-10,255,-10,304,30" hai3="13,14,15,37,43,45,95,96,101,102" owari="251,5.1,160,-34.0,245,-15.5,344,44.4" /></mjloggm>