<mjloggm ver="2.3"><GO type="225" lobby="0"/><UN n0="%E3%81%AA%E3%81%A1%30%39%32%37" n1="%6D%75%75%6D%75%72%61" n2="%E7%BD%AA%E5%88%91%E6%B3%95%E5%AE%9A%E4%B8%BB%E7%BE%A9" n3="%72%69%6F%75%63%68%61%6E" dan="16,17,16,17" rate="2113.29,2182.10,2165.59,2205.43" sx="M,F,M,M"/><TAIKYOKU oya="0"/><INIT seed="0,0,0,2,0,61" ten="250,250,250,250" oya="0" hai0="130,127,135,124,102,84,50,101,45,92,94,121,9" hai1="106,78,41,90,34,28,7,48,21,55,103,16,126" hai2="83,115,113,129,118,39,31,19,58,68,24,80,26" hai3="13,73,20,53,104,47,109,0,99,133,32,95,5"/><T37/><D121/><U120/><E120/><V18/><F68/><W132/><G109/><T10/><D37/><U108/><E108/><V15/><F39/><W27/><G104/><T23/><D23/><U72/><E126/><N who="0" m="48169" /><D135/><N who="3" m="51785" /><G73/><T91/><D130/><U70/><E70/><V38/><F38/><W88/><G0/><T40/><D94/><U119/><E41/><V42/><F42/><W62/><G32/><T67/><D67/><U6/><E119/><V98/><F129/><W25/><G62/><T65/><D65/><U122/><E122/><V54/><F118/><W22/><G22/><T36/><D50/><U81/><E34/><V111/><F111/><W66/><G66/><T52/><D52/><U69/><E69/><V128/><F128/><W131/><G131/><T43/><D43/><U11/><E55/><V100/><F115/><W3/><G3/><T60/><D60/><U64/><E64/><V110/><F113/><W8/><G20/><T51/><D51/><AGARI ba="0,0" hai="5,8,13,25,27,47,51,53,88,95,99" m="51785" machi="51" ten="30,2000,0" yaku="20,1,54,1" doraHai="61" who="3" fromWho="0" sc="250,-20,250,0,250,0,250,20" /><INIT seed="1,0,0,2,2,55" ten="230,250,250,270" oya="1" hai0="72,109,124,117,129,24,58,0,132,22,127,103,37" hai1="9,32,64,99,77,86,101,52,82,133,92,85,114" hai2="48,59,21,69,25,53,28,12,87,90,108,50,125" hai3="94,10,120,115,74,79,112,20,91,40,70,71,102"/><U8/><E114/><V3/><F3/><W80/><G120/><T65/><D117/><U51/><E32/><V106/><F106/><W19/><G102/><T113/><D113/><U41/><E133/><V23/><F69/><W121/><G121/><T93/><D72/><U44/><E64/><V78/><F108/><W88/><G70/><T7/><D37/><U42/><E85/><V126/><F78/><W95/><G71/><T66/><D109/><U119/><E119/><V34/><F50/><W104/><G104/><T128/><D0/><U26/><E26/><V76/><F76/><W2/><G40/><AGARI ba="0,0" hai="8,9,40,41,42,44,51,52,77,82,86,92,99,101" machi="40" ten="40,3900,0" yaku="8,1,54,1" doraHai="55" who="1" fromWho="3" sc="230,0,250,39,250,0,270,-39" /><INIT seed="1,1,0,1,1,19" ten="230,289,250,231" oya="1" hai0="103,54,70,28,17,129,3,89,37,31,45,13,99" hai1="130,121,73,22,69,76,111,23,97,79,16,135,2" hai2="5,49,12,102,15,81,24,38,82,34,93,59,105" hai3="9,46,20,94,133,60,77,65,61,36,127,115,68"/><U75/><E121/><V21/><F34/><W44/><G115/><T126/><D70/><U39/><E2/><V47/><F105/><W78/><G127/><T14/><D3/><U8/><E69/><V132/><F132/><W101/><G133/><T63/><D126/><U50/><E39/><V125/><F125/><W53/><G9/><T33/><D129/><U57/><E135/><V117/><F117/><W100/><G36/><T104/><D37/><U74/><E130/><V80/><F38/><W10/><G10/><T88/><D13/><U66/><E111/><V40/><F59/><W108/><G108/><T118/><D118/><U32/><E32/><V35/><F35/><W6/><G6/><T109/><D109/><U51/><E97/><N who="2" m="59695" /><F5/><W62/><G68/><T96/><D96/><U42/><E75/><V85/><F85/><W106/><G65/><T11/><D45/><N who="3" m="17513" /><G106/><T116/><D116/><U87/><E73/><V134/><F134/><W30/><G53/><T83/><D83/><N who="2" m="21250" /><V25/><DORA hai="43" /><F25/><N who="3" m="16679" /><G94/><T18/><D18/><AGARI ba="1,0" hai="12,15,18,21,24,40,47,49" m="21250,59695" machi="18" ten="30,3900,0" yaku="8,1,52,2" doraHai="19,43" who="2" fromWho="0" sc="230,-42,289,0,250,42,231,0" /><INIT seed="2,0,0,1,2,8" ten="188,289,292,231" oya="2" hai0="107,40,73,74,125,120,53,119,86,67,23,27,115" hai1="121,49,102,108,26,106,112,101,42,4,28,66,62" hai2="18,34,127,58,24,44,32,117,25,61,69,38,90" hai3="100,72,36,47,37,91,59,99,6,13,21,75,83"/><V82/><F117/><W3/><G3/><T78/><D115/><U126/><E112/><V94/><F69/><W132/><G132/><T96/><D120/><U46/><E121/><V19/><F127/><W63/><G91/><T85/><D125/><U50/><E126/><V114/><F114/><W80/><G72/><T130/><D119/><U133/><E108/><V29/><F82/><W88/><G83/><T111/><D111/><U97/><E133/><V11/><F11/><W2/><G2/><T103/><D130/><U7/><E101/><V10/><F10/><W110/><G110/><T113/><D113/><U45/><E49/><V55/><F38/><W48/><G6/><T70/><D40/><U135/><E45/><V52/><F44/><W89/><G36/><T105/><D53/><U35/><REACH who="1" step="1"/><E135/><REACH who="1" ten="188,279,292,231" step="2"/><V134/><F134/><W81/><G37/><T56/><D103/><U39/><E39/><V43/><F43/><W95/><G47/><T87/><D78/><U84/><E84/><V57/><F34/><W71/><G75/><T68/><D74/><U77/><E77/><V17/><F25/><W92/><G100/><T5/><D73/><U16/><E16/><V109/><F109/><W51/><G51/><T93/><D27/><U20/><E20/><V104/><F17/><N who="3" m="10415" /><G48/><T22/><D22/><U64/><E64/><V54/><F54/><N who="3" m="34295" /><G71/><AGARI ba="0,1" hai="4,7,26,28,35,42,46,50,62,66,71,97,102,106" machi="71" ten="30,7700,0" yaku="1,1,7,1,25,2,53,0" doraHai="8" doraHaiUra="14" who="1" fromWho="3" sc="188,0,279,87,292,0,231,-77" /><INIT seed="3,0,0,1,0,33" ten="188,366,292,154" oya="3" hai0="89,93,8,100,14,84,5,44,101,105,63,107,115" hai1="125,126,66,113,28,43,68,58,82,106,74,30,108" hai2="24,4,7,79,65,26,17,76,11,12,75,131,109" hai3="40,45,71,104,87,41,97,118,127,57,52,39,130"/><W78/><G118/><T56/><D115/><U48/><E113/><V20/><F109/><W95/><G71/><T119/><D119/><U91/><E108/><V64/><F131/><W22/><G127/><N who="1" m="48650" /><E106/><V53/><F75/><W23/><G130/><T112/><D112/><U86/><E74/><V37/><F37/><W85/><G40/><T102/><REACH who="0" step="1"/><D44/><REACH who="0" ten="178,366,292,154" step="2"/><N who="1" m="25631" /><E68/><V121/><F121/><W50/><G104/><T73/><D73/><U117/><E117/><V13/><F79/><W94/><G94/><T61/><D61/><AGARI ba="0,1" hai="28,30,58,61,66,82,86,91" m="25631,48650" machi="61" ten="30,1000,0" yaku="18,1" doraHai="33" who="1" fromWho="0" sc="178,-10,366,20,292,0,154,0" owari="168,-23.2,386,48.6,292,9.2,154,-34.6" /></mjloggm>