<mjloggm ver="2.3"><GO type="225" lobby="0"/><UN n0="%E7%B4%94%E6%BD%94%E3%83%94%E3%83%A9%E3%83%8B%E3%82%A2" n1="%E5%8D%A0%E3%81%84%E5%B8%AB%E8%A3%8F%E3%81%AA%E3%81%84%E3%81%97" n2="%E3%81%A4%E3%81%A3%E3%81%B1%E3%82%8A%E3%83%9D%E3%83%BC%E3%83%AB" n3="%E3%81%B2%E3%81%AA%E3%81%AE%E3%82%8A%E3%81%8F" dan="16,17,16,17" rate="2110.18,2178.76,2087.92,2148.54" sx="M,M,M,M"/><TAIKYOKU oya="0"/><INIT seed="0,0,0,1,4,80" ten="250,250,250,250" oya="0" hai0="0,128,110,53,44,11,83,104,69,67,115,135,78" hai1="1,109,54,106,56,92,73,118,117,82,24,58,6" hai2="43,15,40,14,133,12,66,127,36,101,134,103,51" hai3="28,18,13,87,27,8,72,105,125,98,102,74,38"/><T77/><D115/><U116/><E106/><V122/><F122/><W45/><G125/><T33/><D33/><U64/><E109/><V97/><F127/><W88/><G45/><T9/><D104/><U3/><E6/><V63/><F36/><W113/><G38/><T107/><D107/><U41/><E41/><N who="2" m="15947" /><F51/><W50/><G50/><T22/><D53/><U114/><E114/><V19/><F19/><W86/><G86/><T89/><D44/><U60/><E24/><V5/><F5/><W130/><G130/><T55/><D55/><U121/><E92/><V131/><F97/><W91/><G91/><T31/><D0/><U10/><E10/><V20/><F20/><W2/><G2/><T30/><D67/><U61/><REACH who="1" step="1"/><E121/><REACH who="1" ten="250,240,250,250" step="2"/><V16/><F131/><W99/><G113/><T111/><D128/><U52/><E52/><V57/><F16/><W100/><G100/><T49/><D9/><U32/><E32/><V90/><F103/><W23/><REACH who="3" step="1"/><G99/><REACH who="3" ten="250,240,250,240" step="2"/><T46/><D111/><U47/><E47/><V29/><F101/><W123/><G123/><T4/><D110/><U120/><E120/><V37/><F133/><W119/><G119/><T62/><D46/><U21/><E21/><V129/><F134/><W68/><G68/><T96/><D69/><U81/><E81/><AGARI ba="0,2" hai="8,13,18,23,27,28,72,74,81,87,88,98,102,105" machi="81" ten="30,8000,1" yaku="1,1,7,1,52,1,54,1,53,1" doraHai="80" doraHaiUra="79" who="3" fromWho="1" sc="250,0,240,-80,250,0,240,100" /><INIT seed="1,0,0,1,3,28" ten="250,160,250,340" oya="1" hai0="102,30,72,67,53,101,34,58,45,86,130,54,38" hai1="44,15,47,99,80,109,113,69,122,29,50,124,43" hai2="97,35,22,36,90,49,57,119,108,126,98,68,125" hai3="32,48,106,6,9,121,103,11,62,25,94,107,77"/><U79/><E113/><V123/><F123/><W66/><G77/><T59/><D72/><U93/><E122/><V14/><F119/><W61/><G121/><T129/><D86/><U37/><E69/><V55/><F36/><W52/><G11/><T117/><D67/><U26/><E124/><N who="2" m="47723" /><F68/><W111/><G111/><T74/><D74/><U84/><E109/><V40/><F108/><W33/><G94/><T131/><D117/><U132/><E132/><V128/><F128/><W83/><G83/><T19/><D19/><U18/><E44/><N who="2" m="25735" /><F35/><W91/><G91/><T12/><D12/><U7/><E7/><V78/><F78/><W63/><G66/><T41/><D58/><U114/><E114/><V51/><F90/><W27/><G27/><N who="0" m="18783" /><D53/><U92/><E37/><V42/><F42/><W81/><G25/><T31/><D31/><U118/><E118/><V115/><F115/><W134/><G134/><T17/><D17/><AGARI ba="0,0" hai="14,17,22,51,55,57,97,98" m="25735,47723" machi="17" ten="30,1000,0" yaku="18,1" doraHai="28" who="2" fromWho="0" sc="250,-10,160,0,250,10,340,0" /><INIT seed="2,0,0,0,3,40" ten="240,160,260,340" oya="2" hai0="105,6,46,5,14,110,52,45,36,90,131,43,73" hai1="87,135,109,96,116,111,69,33,12,7,31,64,92" hai2="100,66,35,59,19,32,49,42,95,101,9,67,62" hai3="65,57,70,47,97,118,68,21,115,26,54,78,29"/><V71/><F71/><W117/><G78/><T23/><D73/><U91/><E116/><V55/><F42/><W126/><G126/><T16/><D110/><U86/><E135/><V82/><F67/><W134/><G134/><T77/><D77/><U50/><E31/><V81/><F35/><W28/><G115/><T103/><D131/><U13/><E33/><V17/><F32/><W98/><G29/><T83/><D83/><N who="2" m="31754" /><F95/><W8/><G8/><T104/><D90/><U125/><E125/><V22/><F9/><W48/><G117/><T2/><D2/><U11/><E12/><N who="2" m="9511" /><F19/><W30/><G30/><T1/><D1/><U15/><E15/><V39/><F39/><W107/><G70/><T0/><D0/><U4/><E4/><V114/><F114/><W130/><G107/><T124/><D124/><U85/><E64/><V112/><F112/><W63/><G130/><T56/><D104/><U75/><E69/><V133/><F133/><W18/><G118/><T38/><D105/><U34/><E34/><V72/><F72/><W51/><G28/><T27/><D103/><N who="2" m="39498" /><F66/><W129/><G129/><T106/><D106/><U132/><E132/><V128/><F128/><W60/><G60/><AGARI ba="0,0" hai="49,55,59,60,62" m="39498,9511,31754" machi="60" ten="30,1500,0" yaku="8,1" doraHai="40" who="2" fromWho="3" sc="240,0,160,0,260,15,340,-15" /><INIT seed="2,1,0,4,1,40" ten="240,160,275,325" oya="2" hai0="41,38,97,37,51,124,23,14,95,33,11,69,22" hai1="81,106,6,121,91,52,73,132,4,7,79,83,72" hai2="78,57,17,20,5,109,115,89,111,59,102,36,0" hai3="58,90,47,113,32,9,35,25,125,30,131,18,94"/><V29/><F115/><W12/><G113/><T16/><D69/><U49/><E132/><V56/><F36/><W64/><G131/><T44/><D33/><U99/><E121/><V10/><F102/><W133/><G133/><T127/><D37/><U112/><E112/><V1/><F78/><W123/><G123/><T84/><D84/><U98/><E106/><V119/><F119/><W116/><G116/><T96/><D38/><U104/><E104/><V26/><F0/><W76/><G76/><T93/><D93/><U42/><E42/><V107/><F107/><W48/><G125/><N who="0" m="48203" /><D96/><U43/><E43/><V28/><REACH who="2" step="1"/><F89/><AGARI ba="1,0" hai="11,14,16,22,23,41,44,51,89,95,97" m="48203" machi="89" ten="30,3900,0" yaku="18,1,52,1,54,1" doraHai="40" who="0" fromWho="2" sc="240,42,160,0,275,-42,325,0" /><INIT seed="3,0,0,4,5,87" ten="282,160,233,325" oya="3" hai0="124,91,97,2,65,56,88,18,95,71,110,68,126" hai1="49,93,98,101,58,86,36,61,92,16,35,113,75" hai2="41,54,9,20,111,15,55,45,60,11,44,37,39" hai3="7,78,117,14,123,83,81,79,69,26,40,8,80"/><W104/><G123/><T82/><D2/><U43/><E35/><V30/><F111/><W46/><G104/><T67/><D110/><U21/><E113/><V72/><F72/><W96/><G69/><N who="0" m="26699" /><D18/><U59/><E36/><V131/><F131/><W29/><G96/><T31/><D31/><U108/><E108/><V47/><F60/><W4/><G4/><T5/><D5/><U34/><E75/><V50/><F39/><W134/><G117/><T85/><D56/><U38/><E38/><V90/><F37/><W73/><G73/><T17/><D17/><U77/><E34/><V23/><F11/><W112/><G112/><T125/><AGARI ba="0,0" hai="65,67,82,85,88,91,95,97,124,125,126" m="26699" machi="125" ten="40,8000,1" yaku="18,1,52,2,54,1" doraHai="87" who="0" fromWho="0" sc="282,80,160,-20,233,-20,325,-40" owari="362,46.2,140,-36.0,213,-18.7,285,8.5" /></mjloggm>