<mjloggm ver="2.3"><GO type="225" lobby="0"/><UN n0="%E5%84%AA%40%41%42%43" n1="%67%61%79%75%6E%79" n2="%E8%81%B7%E6%A5%AD%E3%80%81%E9%A2%A8%32" n3="%E3%81%AA%E3%81%BE%E3%81%91%E8%80%85" dan="17,16,16,16" rate="2241.14,2128.77,2113.62,2077.97" sx="M,M,M,M"/><TAIKYOKU oya="0"/><INIT seed="0,0,0,4,1,12" ten="250,250,250,250" oya="0" hai0="35,81,48,92,83,85,26,1,4,70,57,59,31" hai1="112,124,96,61,37,87,62,121,101,16,58,131,25" hai2="3,49,71,90,56,47,22,0,106,19,7,5,11" hai3="63,9,114,6,122,120,34,14,125,18,108,123,102"/><T133/><D70/><U86/><E121/><V17/><F71/><W129/><G102/><T64/><D133/><U118/><E37/><V111/><F106/><W91/><G114/><T2/><D59/><U20/><E118/><V60/><F111/><W69/><G129/><T99/><D4/><U115/><E124/><V89/><F3/><W10/><G108/><T77/><D83/><U36/><E36/><V28/><F28/><W117/><G117/><T110/><D110/><U134/><E134/><V74/><F74/><W107/><G107/><T116/><D116/><U84/><E131/><V113/><F113/><N who="1" m="43593" /><E58/><V97/><F0/><W67/><G125/><T66/><D66/><U73/><E73/><V24/><F7/><W39/><G39/><T132/><D132/><U41/><E41/><N who="2" m="24815" /><F5/><W45/><G45/><T52/><REACH who="0" step="1"/><D64/><REACH who="0" ten="240,250,250,250" step="2"/><U95/><AGARI ba="0,1" hai="16,20,25,61,62,84,86,87,95,96,101" m="43593" machi="95" ten="30,4000,0" yaku="11,1,52,1,54,1" doraHai="12" who="1" fromWho="1" sc="240,-20,250,50,250,-10,250,-10" /><INIT seed="1,0,0,5,3,96" ten="220,300,240,240" oya="1" hai0="89,18,2,120,128,7,55,93,32,98,133,33,22" hai1="100,121,4,127,16,134,9,51,92,15,74,8,70" hai2="25,122,71,61,81,45,111,59,50,83,78,60,36" hai3="1,113,130,114,31,12,53,103,41,79,38,43,95"/><U75/><E127/><V72/><F111/><W17/><G1/><T80/><D133/><U11/><E121/><V47/><F122/><W115/><G79/><T132/><D132/><U126/><E126/><V3/><F3/><W46/><G41/><T77/><D120/><U118/><E70/><V58/><F71/><W102/><G130/><T19/><D128/><U28/><E118/><V29/><F36/><W76/><G31/><T0/><D19/><U13/><E134/><V87/><F50/><W26/><G26/><T99/><D98/><N who="1" m="59463" /><E75/><V14/><F14/><W21/><G95/><T110/><D110/><U108/><E74/><V91/><F59/><W54/><REACH who="3" step="1"/><G76/><REACH who="3" ten="220,300,240,230" step="2"/><T42/><D42/><U35/><E108/><V107/><F107/><W5/><G5/><T20/><D2/><U106/><E106/><V64/><REACH who="2" step="1"/><F61/><REACH who="2" ten="220,300,230,230" step="2"/><W85/><G85/><T124/><D124/><U117/><E117/><V65/><F65/><W23/><G23/><AGARI ba="0,2" hai="23,25,29,45,47,58,60,64,72,78,81,83,87,91" machi="23" ten="30,2000,0" yaku="1,1,7,1,53,0" doraHai="96" doraHaiUra="37" who="2" fromWho="3" sc="220,0,300,0,230,40,230,-20" /><INIT seed="2,0,0,5,2,97" ten="220,300,270,210" oya="2" hai0="46,121,118,108,41,72,16,90,61,73,110,103,50" hai1="35,86,12,65,125,85,106,95,112,28,78,60,27" hai2="26,49,2,20,129,58,124,1,30,6,75,25,0" hai3="81,134,18,57,47,107,45,115,102,42,92,31,32"/><V130/><F75/><W36/><G134/><T127/><D121/><U83/><E112/><V17/><F124/><W59/><G115/><T33/><D33/><U48/><E125/><V53/><REACH who="2" step="1"/><F6/><REACH who="2" ten="220,300,260,210" step="2"/><W131/><G131/><T70/><D127/><U111/><E111/><V132/><F132/><W9/><G36/><T38/><D73/><U87/><E83/><V94/><F94/><W93/><G81/><T37/><D72/><U76/><E95/><V15/><F15/><W69/><G93/><T71/><D38/><U67/><E106/><V56/><F56/><W84/><G92/><T98/><D37/><U80/><E12/><V126/><F126/><W117/><G59/><T68/><D68/><U63/><E80/><V116/><F116/><W29/><G57/><T122/><D118/><U77/><E78/><V128/><F128/><W24/><G107/><T123/><D71/><U66/><E77/><V82/><F82/><W114/><G69/><T4/><D4/><U8/><E76/><V89/><F89/><W135/><G117/><T99/><D90/><U120/><E120/><V19/><F19/><W13/><G18/><T5/><D5/><U43/><E28/><V40/><F40/><W10/><G42/><T54/><D16/><U88/><E43/><V51/><F51/><W7/><G31/><T62/><D70/><U91/><E48/><V23/><AGARI ba="0,1" hai="0,1,2,17,20,23,25,26,30,49,53,58,129,130" machi="23" ten="40,3900,0" yaku="1,1,0,1,53,0" doraHai="97" doraHaiUra="119" who="2" fromWho="2" sc="220,-13,300,-13,260,49,210,-13" /><INIT seed="2,1,0,5,0,97" ten="207,287,309,197" oya="2" hai0="104,53,27,85,95,16,41,61,124,56,49,80,30" hai1="118,106,122,48,92,75,0,13,86,43,19,69,9" hai2="126,98,34,96,47,40,12,23,62,131,17,20,66" hai3="50,11,39,119,107,59,130,115,31,99,90,7,28"/><V129/><F34/><W128/><G119/><T8/><D104/><U83/><E118/><V32/><F32/><W24/><G39/><T63/><D124/><U10/><E106/><V134/><F23/><W81/><G115/><T87/><D87/><U117/><E69/><N who="2" m="42199" /><F134/><W101/><G81/><T110/><D110/><U73/><E117/><V51/><F126/><W79/><G79/><T44/><D95/><U94/><E122/><V89/><F89/><W2/><G90/><T4/><D30/><U3/><E3/><V108/><F108/><W25/><G31/><T82/><D63/><U67/><E67/><V125/><F125/><W46/><G59/><T102/><D102/><U33/><E33/><V38/><F38/><W71/><G71/><T132/><D132/><U120/><E120/><V52/><F40/><W22/><REACH who="3" step="1"/><G25/><REACH who="3" ten="207,287,309,187" step="2"/><T35/><D35/><U76/><E76/><V45/><F45/><W116/><G116/><T127/><D127/><U113/><E83/><V114/><F114/><W70/><G70/><T100/><D82/><U77/><E77/><V29/><F29/><W57/><G57/><T15/><D27/><U68/><E68/><V121/><F121/><W93/><G93/><T105/><D105/><U21/><E94/><V5/><F47/><W26/><G26/><T72/><D72/><U123/><E123/><V64/><F131/><W133/><G133/><T60/><D61/><U74/><E113/><V42/><F129/><W18/><G18/><T109/><D109/><U103/><E75/><V6/><F17/><W1/><G1/><T112/><D16/><RYUUKYOKU ba="1,1" sc="207,-10,287,-10,309,-10,187,30" hai3="2,7,11,22,24,28,46,50,99,101,107,128,130" /><INIT seed="3,2,1,4,2,78" ten="197,277,299,217" oya="3" hai0="122,67,6,133,70,135,109,66,21,85,93,97,132" hai1="27,48,1,75,38,12,60,52,33,63,80,131,62" hai2="79,116,130,50,42,3,96,106,121,31,25,68,51" hai3="77,39,103,99,15,59,110,17,115,69,36,128,102"/><W112/><G69/><T14/><D122/><U43/><E1/><V5/><F116/><W30/><G30/><T65/><D109/><U92/><E131/><V47/><F68/><W88/><G128/><T94/><D70/><U10/><E38/><V34/><F121/><W44/><G110/><T134/><N who="0" m="33792" /><DORA hai="100" /><T20/><D85/><U35/><E43/><V24/><F24/><W55/><G77/><T45/><D45/><U125/><E125/><V61/><F79/><W41/><G39/><T76/><D76/><U82/><E35/><V29/><F34/><W81/><G102/><T90/><REACH who="0" step="1"/><D93/><REACH who="0" ten="187,277,299,217" step="2"/><U19/><E92/><V18/><F47/><W26/><G26/><T124/><D124/><U119/><E119/><V126/><F25/><W58/><G115/><T23/><D23/><N who="1" m="13823" /><E33/><V13/><F126/><W72/><G112/><T74/><D74/><U114/><E75/><V118/><F130/><W64/><G72/><T46/><D46/><N who="1" m="27671" /><E114/><V83/><F118/><W84/><G44/><T28/><D28/><U86/><E86/><V98/><F29/><W105/><G36/><T113/><D113/><U32/><E32/><V40/><F31/><W73/><G73/><T49/><D49/><U9/><E9/><AGARI ba="2,2" hai="6,9,14,20,21,65,66,67,90,94,97" m="33792" machi="9" ten="70,8000,1" yaku="1,1,20,1,53,1" doraHai="78,100" doraHaiUra="56,89" who="0" fromWho="1" sc="187,106,277,-86,299,0,217,0" /><INIT seed="4,0,0,0,1,26" ten="293,191,299,217" oya="0" hai0="133,51,61,11,124,102,104,118,123,79,21,4,98" hai1="27,63,135,84,30,88,96,112,24,83,71,35,58" hai2="90,22,121,25,70,19,131,86,91,56,44,127,32" hai3="105,78,20,60,117,125,108,69,36,3,40,92,28"/><T106/><D118/><U29/><E112/><V97/><F70/><W10/><G105/><T12/><D123/><U132/><E71/><V74/><F74/><W6/><G117/><T89/><D133/><U134/><E96/><V7/><F121/><W18/><G108/><T1/><D124/><U130/><E130/><V129/><F127/><W107/><G107/><T59/><D79/><U50/><E50/><V0/><F44/><W16/><G125/><T9/><D89/><U64/><REACH who="1" step="1"/><E134/><REACH who="1" ten="293,181,299,217" step="2"/><V57/><F97/><W122/><G122/><T114/><D114/><U113/><E113/><V76/><F129/><W110/><G110/><T126/><D126/><U43/><E43/><V120/><F131/><W85/><G40/><T99/><D51/><U52/><E52/><V37/><F120/><W116/><G36/><T38/><D38/><U75/><E75/><V103/><F37/><W55/><G116/><T80/><D99/><U95/><E95/><V101/><F86/><W73/><G69/><T67/><D106/><U53/><E53/><V42/><F42/><W47/><G73/><T2/><D98/><U100/><E100/><V41/><F41/><W33/><G92/><T115/><D102/><U54/><E54/><V39/><F101/><W34/><G60/><T111/><D104/><U128/><E128/><V93/><F93/><W72/><G72/><T66/><D111/><U62/><E62/><V65/><F103/><W81/><G55/><N who="0" m="34047" /><D115/><U119/><E119/><V94/><F39/><W15/><G47/><T31/><D67/><U68/><E68/><V14/><F65/><RYUUKYOKU ba="0,1" sc="293,-10,181,30,299,-10,217,-10" hai1="24,27,29,30,35,58,63,64,83,84,88,132,135" /><INIT seed="5,1,1,3,5,126" ten="283,211,289,207" oya="1" hai0="40,34,66,37,115,129,78,16,94,55,14,120,114" hai1="113,88,18,51,15,11,68,49,61,73,106,81,12" hai2="131,54,63,112,90,69,59,70,7,119,132,104,30" hai3="118,0,111,56,4,20,96,60,10,36,62,2,3"/><U47/><E113/><N who="0" m="43017" /><D129/><U31/><E106/><V45/><F112/><W99/><G111/><T74/><D34/><U67/><E31/><V6/><F104/><W117/><G36/><T108/><D108/><U103/><E103/><V86/><F131/><W29/><G29/><T80/><D66/><U134/><E134/><V79/><F132/><W98/><G20/><N who="0" m="11287" /><D120/><U71/><E71/><V107/><F107/><W110/><G110/><T133/><D133/><U128/><E128/><V9/><F69/><W75/><G75/><T17/><D17/><U123/><E123/><V82/><F70/><W26/><G26/><T28/><D28/><U95/><E15/><N who="2" m="5559" /><F119/><N who="3" m="45579" /><G62/><T21/><D21/><U77/><REACH who="1" step="1"/><E47/><REACH who="1" ten="283,201,289,207" step="2"/><V64/><F30/><W135/><G135/><T13/><D13/><U42/><E42/><V125/><F45/><W130/><G130/><T58/><D40/><U38/><E38/><V35/><F35/><W19/><G19/><T8/><D37/><U100/><E100/><V109/><F109/><W76/><G76/><T91/><D78/><U92/><E92/><V124/><F79/><W48/><G0/><T39/><D39/><U46/><E46/><V101/><F101/><W84/><G2/><T32/><D94/><U87/><AGARI ba="1,2" hai="11,12,18,49,51,61,67,68,73,77,81,87,88,95" machi="87" ten="20,12000,1" yaku="1,1,0,1,7,1,54,1,53,1" doraHai="126" doraHaiUra="105" who="1" fromWho="1" sc="283,-41,201,143,289,-41,207,-41" owari="242,-15.8,344,44.4,248,4.8,166,-33.4" /></mjloggm>