<mjloggm ver="2.3"><GO type="225" lobby="0"/><UN n0="%E3%81%95%E3%81%8D%E3%81%9F%E3%81%BE%E6%9E%97%E6%AA%8E" n1="%E5%B8%86%E7%AB%8B%E5%A4%8F%E8%A1%A3" n2="%6E%69%63%6F%6E%74%6F" n3="%E3%80%93%E3%81%97%E3%83%BC%E3%82%89%E3%80%93" dan="16,16,16,16" rate="2060.71,2172.13,2129.43,2160.50" sx="M,M,M,M"/><TAIKYOKU oya="0"/><INIT seed="0,0,0,0,5,18" ten="250,250,250,250" oya="0" hai0="80,133,122,66,85,79,39,50,98,22,125,61,16" hai1="27,89,87,52,69,93,75,25,8,130,63,105,119" hai2="118,47,30,12,78,113,31,32,99,42,88,51,3" hai3="68,33,126,90,29,127,7,23,73,120,21,58,129"/><T123/><D133/><U94/><E105/><V17/><F113/><W95/><G68/><T110/><D125/><N who="3" m="47625" /><G73/><T97/><D39/><U72/><E119/><V124/><F124/><W109/><G109/><T40/><D110/><U128/><E8/><V1/><F118/><W4/><G129/><N who="1" m="49770" /><E94/><V46/><F78/><W14/><G120/><T53/><D40/><U59/><E69/><V91/><F3/><W56/><G33/><T104/><D104/><U62/><E63/><V116/><F1/><W48/><G29/><N who="2" m="10761" /><F32/><W20/><G14/><N who="0" m="9495" /><D123/><U81/><E93/><N who="2" m="56743" /><F91/><W15/><G15/><T106/><D106/><U65/><E65/><V107/><F107/><W24/><G24/><AGARI ba="0,0" hai="24,25,27,52,59,62,72,75,81,87,89" m="49770" machi="24" ten="30,2000,0" yaku="19,1,54,1" doraHai="18" who="1" fromWho="3" sc="250,0,250,20,250,0,250,-20" /><INIT seed="1,0,0,0,3,78" ten="250,270,250,230" oya="1" hai0="85,37,79,115,121,7,2,20,120,18,126,27,32" hai1="56,118,124,5,104,134,97,91,23,34,105,60,95" hai2="9,6,13,116,43,42,28,86,58,75,15,110,92" hai3="76,35,17,4,45,113,26,122,11,1,117,46,16"/><U111/><E118/><V96/><F110/><W71/><G71/><T44/><D115/><U40/><E34/><V0/><F116/><W77/><G117/><T132/><D132/><U81/><E134/><V88/><F75/><W83/><G122/><N who="0" m="47211" /><D126/><U8/><E124/><V22/><F58/><W41/><G113/><T39/><D32/><U125/><E125/><V119/><F119/><W107/><G107/><T38/><D2/><U65/><E111/><V21/><F0/><W102/><G102/><T31/><D7/><U49/><E23/><V103/><F22/><W106/><G76/><T99/><D99/><U123/><E123/><V128/><F128/><W12/><G106/><T131/><D131/><U108/><E108/><V52/><F52/><W82/><G77/><T89/><D79/><U50/><E105/><V98/><F98/><W3/><G3/><T59/><D59/><U19/><E104/><V93/><REACH who="2" step="1"/><F13/><REACH who="2" ten="250,270,240,230" step="2"/><N who="3" m="5351" /><G35/><T109/><D109/><U51/><E40/><V127/><F127/><W129/><G129/><T70/><D70/><U72/><E72/><V80/><F80/><N who="3" m="30763" /><G1/><T57/><D57/><U54/><E81/><V87/><F87/><W114/><G114/><T29/><D44/><U112/><E112/><V33/><F33/><W10/><G41/><T90/><D85/><U25/><E54/><V94/><F94/><W66/><G66/><T48/><D39/><U84/><E84/><V133/><F133/><W36/><G36/><T100/><D38/><U53/><E53/><V30/><F30/><W14/><G12/><T130/><D37/><U62/><E65/><RYUUKYOKU ba="0,1" sc="250,-15,270,-15,240,15,230,15" hai2="6,9,15,21,28,42,43,86,88,92,93,96,103" hai3="10,14,16,17,26,45,46" /><INIT seed="2,1,1,3,4,79" ten="235,255,255,245" oya="2" hai0="107,111,73,21,70,43,57,115,14,52,30,71,29" hai1="60,77,4,64,87,89,81,128,23,53,17,1,99" hai2="135,118,80,19,8,32,33,133,3,112,62,114,63" hai3="9,117,74,6,82,18,24,26,28,46,20,51,55"/><V132/><F118/><W90/><G117/><T93/><D115/><N who="2" m="44074" /><F19/><W131/><G131/><T37/><D107/><U130/><E1/><V48/><F48/><W84/><G74/><T75/><D111/><U104/><E4/><N who="2" m="1055" /><F80/><W134/><G134/><N who="2" m="34305" /><V58/><DORA hai="105" /><F63/><W95/><G95/><T7/><D37/><U109/><E109/><V103/><F103/><W40/><G40/><T88/><D43/><U45/><E45/><V94/><F94/><W61/><G61/><N who="0" m="36007" /><D71/><U44/><E44/><V66/><AGARI ba="1,1" hai="32,33,58,62,66" m="34305,1055,44074" machi="66" ten="50,2400,0" yaku="20,1" doraHai="79,105" who="2" fromWho="2" sc="235,-9,255,-9,255,37,245,-9" /><INIT seed="2,2,0,1,0,65" ten="226,246,292,236" oya="2" hai0="109,100,77,61,49,126,51,94,93,132,91,46,78" hai1="60,10,41,114,76,59,92,133,120,14,125,39,53" hai2="113,66,90,13,131,22,25,32,15,111,43,104,35" hai3="57,34,88,85,38,28,56,23,27,64,124,62,67"/><V82/><F113/><W4/><G38/><T68/><D132/><U21/><E114/><V97/><F131/><W16/><G124/><T72/><D126/><U117/><E125/><V52/><F111/><W110/><G110/><T58/><D72/><U87/><E117/><V121/><F121/><W2/><G2/><T119/><D68/><U12/><E133/><V6/><F35/><W55/><G4/><T89/><D119/><U122/><E41/><V127/><F32/><W42/><G42/><T130/><D130/><U71/><E39/><V7/><F66/><N who="3" m="39239" /><G28/><T86/><D100/><U31/><E71/><V115/><F43/><W108/><G34/><T73/><D73/><U29/><E122/><V75/><F75/><W105/><G105/><T123/><D123/><U30/><E120/><V19/><F104/><W40/><G40/><N who="0" m="24775" /><D51/><U33/><E33/><V99/><F99/><W118/><G118/><T36/><D36/><U74/><E74/><V69/><F69/><W70/><G70/><T116/><D116/><U9/><E21/><V5/><F97/><W80/><G108/><T84/><D109/><U26/><E26/><V44/><F115/><W112/><G112/><T96/><D96/><U24/><E24/><V81/><F127/><W98/><G98/><T0/><D0/><U102/><E12/><N who="2" m="4683" /><F90/><W50/><AGARI ba="2,0" hai="16,23,27,50,55,57,64,67,80,85,88" m="39239" machi="50" ten="30,4000,0" yaku="8,1,54,2" doraHai="65" who="3" fromWho="3" sc="226,-12,246,-12,292,-22,236,46" /><INIT seed="3,0,0,5,5,87" ten="214,234,270,282" oya="3" hai0="31,17,109,45,111,67,70,56,63,108,124,128,44" hai1="105,74,30,37,52,59,99,38,19,57,84,32,100" hai2="54,28,9,92,101,61,8,110,117,46,40,78,42" hai3="91,96,127,121,14,20,129,116,81,62,76,22,43"/><W35/><G35/><T86/><D31/><U60/><E74/><V132/><F110/><W68/><G116/><T6/><D6/><U53/><E19/><V126/><F126/><W119/><G119/><T115/><D124/><U26/><REACH who="1" step="1"/><E84/><REACH who="1" ten="214,224,270,282" step="2"/><V25/><F117/><W2/><G127/><T66/><D115/><U134/><E134/><V36/><F132/><W1/><G121/><T102/><D128/><U49/><AGARI ba="0,1" hai="26,30,32,37,38,49,52,53,57,59,60,99,100,105" machi="49" ten="20,8000,1" yaku="1,1,0,1,7,1,54,1,53,1" doraHai="87" doraHaiUra="24" who="1" fromWho="1" sc="214,-20,224,90,270,-20,282,-40" owari="194,-30.6,314,41.4,250,5.0,242,-15.8" /></mjloggm>