<mjloggm ver="2.3"><GO type="225" lobby="0"/><UN n0="%43%68%65" n1="%E3%81%A1%E3%82%85%E3%81%86%E3%81%A9%E3%81%8F%E8%B1%A1%E3%81%95%E3%82%93" n2="%E3%81%AF%E3%82%88%E3%81%8A%E3%81%98%E3%81%95%E3%82%93" n3="%E5%A4%96%E5%B7%9D%E7%AB%9C%E6%88%90" dan="16,17,16,16" rate="2122.41,2190.46,2159.35,2132.94" sx="M,M,M,M"/><TAIKYOKU oya="0"/><INIT seed="0,0,0,5,3,100" ten="250,250,250,250" oya="0" hai0="38,126,113,124,74,66,6,112,60,68,84,129,128" hai1="125,63,3,116,71,118,105,25,30,52,4,133,15" hai2="17,99,50,42,107,69,39,5,108,59,56,94,96" hai3="21,120,35,64,87,76,12,81,51,78,8,67,58"/><T11/><D74/><U119/><E3/><V122/><F122/><W123/><G35/><T102/><D102/><U54/><E133/><V29/><F69/><W1/><G1/><T13/><D84/><U18/><E125/><N who="0" m="48233" /><D38/><U9/><E105/><V26/><F39/><W73/><G73/><T57/><D68/><U117/><N who="1" m="29696" /><DORA hai="90" /><U41/><E41/><V95/><F5/><W19/><G78/><T80/><D80/><U79/><E79/><V7/><F7/><W91/><G76/><T2/><D2/><U53/><E4/><V103/><F17/><W101/><G101/><T40/><D40/><U24/><REACH who="1" step="1"/><E30/><REACH who="1" ten="250,240,250,250" step="2"/><V28/><F107/><W20/><G120/><T88/><D113/><U36/><E36/><V83/><F42/><W70/><G123/><T46/><D112/><U97/><E97/><V134/><F134/><W104/><G104/><T0/><D0/><U14/><E14/><V114/><F114/><W55/><G70/><T33/><D13/><U131/><E131/><V72/><F29/><W132/><G132/><T47/><D6/><U48/><E48/><V135/><F50/><W77/><G77/><T31/><D31/><U98/><E98/><V109/><F135/><W62/><REACH who="3" step="1"/><G51/><REACH who="3" ten="250,240,250,240" step="2"/><T93/><D129/><U65/><AGARI ba="0,2" hai="9,15,18,24,25,52,53,54,63,65,71" m="29696" machi="65" ten="60,8000,1" yaku="1,1,0,1,54,1,53,1" doraHai="100,90" doraHaiUra="45,61" who="1" fromWho="1" sc="250,-40,240,100,250,-20,240,-20" /><INIT seed="1,0,0,2,3,38" ten="210,340,230,220" oya="1" hai0="122,8,120,39,104,84,25,7,32,19,116,18,103" hai1="86,112,118,40,20,115,98,44,6,70,33,78,114" hai2="132,93,91,76,16,67,46,105,15,58,100,124,59" hai3="28,24,89,121,130,110,102,64,123,75,83,68,57"/><U62/><E118/><V95/><F105/><W88/><G110/><T73/><D73/><U65/><E33/><V27/><F124/><W85/><G68/><T17/><D116/><U34/><E34/><V63/><F132/><W117/><G117/><T37/><D84/><U101/><E6/><V71/><F76/><W5/><G130/><T49/><D49/><U94/><E20/><V14/><F46/><W54/><G64/><T126/><D126/><U135/><E135/><V72/><F72/><W111/><G111/><T66/><D66/><U113/><E113/><V131/><F131/><W128/><G128/><T45/><D103/><U50/><REACH who="1" step="1"/><E114/><REACH who="1" ten="210,330,230,220" step="2"/><V2/><F2/><W99/><G5/><T4/><D4/><U10/><E10/><V22/><F14/><W56/><G123/><T52/><D7/><U133/><E133/><V0/><F15/><W134/><G121/><T106/><D8/><U55/><E55/><V48/><F0/><W9/><G9/><T43/><D122/><U77/><E77/><V90/><F22/><W87/><G134/><T41/><D120/><U61/><E61/><V109/><F63/><W12/><G12/><T35/><D52/><U51/><E51/><V119/><F48/><W21/><G54/><T36/><D25/><U79/><E79/><V81/><F27/><W3/><G3/><T31/><D35/><U53/><E53/><V74/><F119/><W47/><G21/><T30/><D32/><U69/><E69/><V11/><F71/><W108/><G24/><T80/><D37/><U96/><E96/><N who="2" m="59407" /><F11/><W1/><G1/><RYUUKYOKU ba="0,1" sc="210,-10,330,30,230,-10,220,-10" hai1="40,44,50,62,65,70,78,86,94,98,101,112,115" /><INIT seed="1,1,1,5,1,78" ten="200,360,220,210" oya="1" hai0="1,107,130,25,9,23,108,67,51,52,29,30,3" hai1="91,101,11,77,6,113,21,38,55,132,49,112,127" hai2="60,115,44,42,80,66,120,73,24,41,53,34,20" hai3="102,64,114,133,16,89,119,63,47,12,109,110,45"/><U18/><E38/><V131/><F120/><W81/><G114/><T125/><D107/><U17/><E101/><V104/><F104/><W40/><G102/><T85/><D67/><U22/><E77/><V10/><F34/><W7/><G7/><T36/><D36/><U58/><E127/><V32/><F32/><W26/><G26/><T0/><D125/><U39/><E39/><V68/><F131/><W75/><G40/><T93/><D130/><U72/><E72/><V35/><F35/><W126/><G126/><T95/><D108/><N who="3" m="41577" /><G133/><T83/><D9/><U123/><E123/><V82/><F73/><W57/><G119/><T128/><D30/><U94/><E132/><V84/><F10/><N who="3" m="6167" /><G89/><T79/><REACH who="0" step="1"/><D128/><REACH who="0" ten="190,360,220,210" step="2"/><U134/><E11/><V97/><F66/><W71/><G71/><T90/><D90/><U61/><E91/><V103/><F68/><W8/><G8/><T86/><D86/><U96/><E134/><V105/><F84/><W13/><G75/><T48/><D48/><U99/><E49/><N who="2" m="28839" /><F60/><W37/><G37/><T74/><D74/><U4/><E61/><V100/><F103/><W2/><G64/><T87/><D87/><U5/><E112/><V31/><F115/><W106/><G63/><T28/><D28/><U62/><E113/><V59/><F31/><W116/><G106/><T117/><D117/><U111/><E96/><V33/><F33/><W69/><G116/><T124/><D124/><U14/><E99/><V43/><F59/><AGARI ba="1,2" hai="0,1,3,23,25,29,51,52,59,79,83,85,93,95" machi="59" ten="40,5200,0" yaku="1,1,52,1,54,1,53,0" doraHai="78" doraHaiUra="135" who="0" fromWho="2" sc="190,75,360,0,220,-55,210,0" /><INIT seed="2,0,0,5,5,3" ten="265,360,165,210" oya="2" hai0="110,57,96,93,13,90,122,74,34,1,35,10,30" hai1="104,114,56,17,86,126,58,75,134,121,89,49,53" hai2="82,128,65,69,78,117,18,133,80,47,102,2,28" hai3="73,59,63,84,12,119,42,41,106,127,64,111,40"/><V51/><F117/><W14/><G73/><T135/><D122/><U48/><E114/><V46/><F2/><W71/><G119/><T19/><D110/><U43/><E75/><V115/><F115/><W60/><G111/><T9/><D135/><U38/><E104/><V6/><F133/><W123/><G123/><T68/><D68/><U101/><E121/><V79/><F128/><W120/><G120/><T44/><D74/><U132/><E126/><V87/><F69/><W31/><G106/><T85/><D44/><U129/><E129/><V11/><F65/><W125/><G84/><T23/><D30/><U22/><E101/><V108/><F108/><W72/><G31/><T97/><D97/><U103/><E103/><V77/><F102/><W55/><REACH who="3" step="1"/><G72/><REACH who="3" ten="265,360,165,200" step="2"/><T5/><D85/><U112/><E86/><N who="2" m="48399" /><F28/><W50/><G50/><T45/><D35/><U130/><E112/><V92/><F92/><W131/><G131/><T36/><D34/><U81/><E130/><V98/><F98/><W16/><G16/><T21/><D36/><U116/><E17/><V54/><F18/><W26/><G26/><T70/><D19/><U33/><E38/><V88/><F47/><W99/><G99/><T0/><D45/><U66/><E132/><V29/><F29/><W20/><G20/><T24/><D23/><U76/><E33/><V27/><F27/><W25/><G25/><T62/><D21/><U52/><E134/><V4/><F11/><W61/><G61/><T37/><D24/><U7/><E116/><V105/><F105/><W83/><G83/><T8/><D10/><RYUUKYOKU ba="0,1" sc="265,-15,360,-15,165,15,200,15" hai2="4,6,46,51,54,78,79,82,87,88" hai3="12,14,40,41,42,55,59,60,63,64,71,125,127" /><INIT seed="2,1,1,4,4,67" ten="250,345,180,215" oya="2" hai0="95,27,118,127,119,110,62,94,84,116,18,130,5" hai1="44,106,131,55,72,120,51,108,99,33,77,73,31" hai2="49,63,135,22,41,105,93,15,115,52,1,104,14" hai3="3,83,124,47,26,126,25,90,70,128,6,107,78"/><V36/><F115/><W35/><G128/><T9/><D130/><U56/><E131/><V29/><F1/><W12/><G107/><T21/><D110/><U98/><E108/><V28/><F36/><W125/><G3/><T132/><D127/><U2/><E2/><V0/><F0/><W66/><G90/><T59/><D132/><U23/><E33/><V89/><F135/><W17/><G6/><T76/><D5/><U54/><E106/><V96/><F104/><W60/><G47/><T97/><D9/><U61/><E120/><V117/><F117/><W13/><G35/><T50/><D50/><U111/><E111/><V123/><F105/><W122/><G122/><T64/><D97/><U113/><E113/><V112/><F112/><W20/><G12/><N who="2" m="4649" /><F123/><W65/><G65/><T34/><D34/><U103/><E99/><V8/><F8/><W39/><G39/><T45/><D45/><U71/><E77/><V7/><F7/><W58/><G58/><T48/><D48/><U37/><E71/><V16/><F63/><W69/><G69/><T68/><D59/><U46/><E37/><V57/><F41/><W74/><AGARI ba="1,1" hai="13,17,20,25,26,60,66,70,74,78,83,124,125,126" machi="74" ten="30,4000,0" yaku="0,1,18,1,52,1" doraHai="67" who="3" fromWho="3" sc="250,-11,345,-11,180,-21,215,53" /><INIT seed="3,0,0,1,4,54" ten="239,334,159,268" oya="3" hai0="111,132,3,69,109,11,108,35,1,4,13,113,23" hai1="14,121,51,56,72,29,60,31,127,85,95,68,71" hai2="89,97,45,50,22,106,120,87,104,34,10,19,73" hai3="84,98,130,62,80,52,76,75,48,70,129,20,123"/><W134/><G123/><T91/><D69/><U126/><E72/><V99/><F73/><W83/><G134/><T26/><D91/><N who="1" m="53743" /><E121/><V55/><F34/><W77/><G98/><T47/><D47/><U38/><E38/><V67/><F120/><W58/><G20/><T94/><D94/><U17/><E51/><V79/><F106/><W128/><G70/><T116/><D116/><U57/><E57/><V0/><F104/><W131/><G131/><T90/><D90/><U42/><E42/><V53/><F79/><W12/><G12/><N who="0" m="5223" /><D132/><U102/><E102/><V25/><F67/><W114/><G114/><T63/><D63/><AGARI ba="0,0" hai="48,52,58,62,63,75,76,77,80,83,84,128,129,130" machi="63" ten="40,7700,0" yaku="19,1,52,1,54,1" doraHai="54" who="3" fromWho="0" sc="239,-77,334,0,159,0,268,77" owari="162,-23.8,334,13.4,159,-34.1,345,44.5" /></mjloggm>