<mjloggm ver="2.3"><GO type="225" lobby="0"/><UN n0="%33%74%72%65%65" n1="%E8%83%83%E3%81%A8%E8%85%B8" n2="%E3%81%BB%E3%81%86%E3%82%88%E3%81%86%E3%81%95%E3%81%8B%E3%81%AA" n3="%43%68%65" dan="16,16,16,16" rate="2148.16,2160.04,2129.12,2143.22" sx="F,M,M,M"/><TAIKYOKU oya="0"/><INIT seed="0,0,0,1,1,86" ten="250,250,250,250" oya="0" hai0="92,63,19,50,42,23,55,36,128,120,94,115,109" hai1="65,74,22,124,5,64,76,102,111,90,98,47,27" hai2="52,6,123,37,35,26,114,53,75,3,61,0,85" hai3="107,15,48,113,93,41,89,9,57,11,31,67,122"/><T73/><D115/><U66/><E111/><V54/><F123/><W43/><G113/><T105/><D120/><U13/><E124/><V100/><F75/><W127/><G122/><T38/><D105/><U69/><E69/><V78/><F37/><W95/><G107/><T126/><D73/><U118/><E118/><V56/><F114/><W24/><G127/><T49/><D126/><U91/><E47/><V8/><F100/><W7/><G11/><T101/><D109/><U70/><E70/><V88/><F78/><W131/><G95/><T130/><D63/><U96/><E76/><V71/><F71/><W87/><G131/><N who="0" m="50219" /><D42/><U116/><E74/><V58/><F0/><W117/><G117/><T80/><D80/><U30/><E116/><V108/><F108/><W29/><G29/><T25/><D49/><U125/><E125/><V34/><F26/><W60/><REACH who="3" step="1"/><G48/><REACH who="3" ten="250,250,250,240" step="2"/><T45/><D92/><N who="1" m="58631" /><E98/><AGARI ba="0,1" hai="19,23,25,36,38,45,50,55,94,98,101" m="50219" machi="98" ten="30,1500,0" yaku="19,1" doraHai="86" who="0" fromWho="1" sc="250,25,250,-15,250,0,240,0" /><INIT seed="0,1,0,5,1,21" ten="275,235,250,240" oya="0" hai0="113,103,44,84,20,121,81,91,70,63,73,119,100" hai1="30,56,131,98,71,94,16,10,122,77,115,88,45" hai2="87,85,104,97,19,118,48,72,126,35,46,86,31" hai3="54,79,61,127,2,28,66,27,5,130,132,17,12"/><T117/><D113/><U101/><E71/><V107/><F72/><W15/><G127/><T92/><D121/><U111/><E122/><V0/><F0/><W47/><G130/><T90/><D73/><U93/><E131/><V39/><F39/><W38/><G132/><T7/><D119/><U1/><E111/><V62/><F126/><W108/><G79/><T74/><D117/><U68/><E77/><V41/><F118/><W76/><G76/><T105/><D105/><U133/><E68/><V13/><F97/><W24/><G108/><T102/><D74/><U11/><E133/><V106/><F62/><W134/><G2/><T52/><D7/><U120/><E120/><V112/><F112/><W58/><G134/><T14/><D70/><U40/><E115/><V9/><F31/><W32/><G5/><T50/><D63/><U64/><E30/><V89/><REACH who="2" step="1"/><F35/><REACH who="2" ten="275,235,240,240" step="2"/><W23/><REACH who="3" step="1"/><G38/><REACH who="3" ten="275,235,240,230" step="2"/><T109/><D109/><U59/><E1/><V3/><F3/><W96/><G96/><T25/><D84/><N who="1" m="52359" /><E64/><V78/><F78/><W69/><G69/><T26/><D103/><U18/><E101/><V37/><F37/><W124/><G124/><T75/><D102/><U34/><E98/><V135/><F135/><W60/><G60/><T99/><D100/><U43/><E34/><V55/><F55/><W83/><G83/><AGARI ba="1,2" hai="9,13,19,41,46,48,83,85,86,87,89,104,106,107" machi="83" ten="40,1300,0" yaku="1,1,53,0" doraHai="21" doraHaiUra="49" who="2" fromWho="3" sc="275,0,235,0,240,36,230,-16" /><INIT seed="1,0,0,0,0,18" ten="275,235,276,214" oya="1" hai0="61,44,20,98,70,36,100,21,93,102,19,52,72" hai1="57,106,119,127,46,67,8,32,88,12,96,17,82" hai2="97,92,43,1,37,15,4,129,31,103,69,22,76" hai3="78,65,51,107,79,91,24,60,25,48,110,121,84"/><U123/><E119/><V113/><F69/><W73/><G107/><T13/><D72/><U23/><E32/><V47/><F129/><W40/><G121/><T56/><D70/><U109/><E123/><V11/><F113/><W117/><G117/><T87/><D100/><U108/><E127/><V29/><F76/><W35/><G110/><N who="1" m="42602" /><E46/><V89/><F1/><W39/><G39/><T34/><D34/><U59/><E67/><V120/><F120/><W62/><G73/><T71/><D71/><U5/><E106/><V134/><F134/><W130/><G130/><T63/><D87/><N who="1" m="50295" /><E96/><V26/><F103/><W115/><G65/><T45/><D36/><U101/><E101/><V7/><F7/><W116/><G35/><T9/><D44/><U28/><E28/><AGARI ba="0,0" hai="4,11,15,22,26,28,29,31,37,43,47,89,92,97" machi="28" ten="30,2000,0" yaku="7,1,52,1" doraHai="18" who="2" fromWho="1" sc="275,0,235,-20,276,20,214,0" /><INIT seed="2,0,0,5,2,72" ten="275,215,296,214" oya="2" hai0="43,83,122,115,78,34,90,132,16,44,105,85,52" hai1="0,39,102,91,128,109,134,77,4,113,103,99,69" hai2="28,97,94,66,54,104,47,59,3,127,17,67,125" hai3="130,129,82,108,79,14,62,114,53,116,111,70,18"/><V49/><F104/><W68/><G116/><T88/><D122/><U121/><E4/><V87/><F3/><W27/><G27/><T1/><D115/><U80/><E69/><V45/><F28/><W36/><G36/><T126/><D1/><U118/><E39/><V26/><F87/><W124/><G114/><T35/><D105/><U9/><E9/><V30/><F17/><W46/><G124/><N who="2" m="47689" /><F66/><W84/><G46/><T135/><D126/><U24/><E24/><V38/><F67/><W13/><G53/><T56/><D16/><U55/><E55/><V76/><F76/><W93/><G93/><T61/><D34/><U131/><E0/><V37/><F37/><W58/><G18/><T65/><D65/><U74/><E113/><V2/><F2/><W110/><G58/><T50/><D35/><U64/><E64/><V120/><F120/><W92/><G92/><T96/><D96/><U12/><E12/><N who="3" m="4714" /><G62/><T112/><D112/><U101/><E121/><V31/><F38/><W86/><G86/><T42/><D42/><U98/><E118/><V107/><F107/><W75/><G84/><T100/><D100/><U133/><E99/><V106/><F106/><W48/><G48/><T73/><D73/><U22/><E98/><V5/><F5/><W10/><G10/><T71/><D71/><AGARI ba="0,0" hai="68,70,71,75,79,82,108,110,111,129,130" m="4714" machi="71" ten="40,2600,0" yaku="14,1,52,1" doraHai="72" who="3" fromWho="0" sc="275,-26,215,0,296,0,214,26" /><INIT seed="3,0,0,0,1,31" ten="249,215,296,240" oya="3" hai0="14,30,41,17,9,123,2,124,7,102,106,125,113" hai1="3,28,42,76,71,66,98,122,85,34,88,128,60" hai2="35,49,87,68,115,29,56,83,58,48,25,11,47" hai3="18,81,93,12,73,108,91,77,104,69,55,20,62"/><W107/><G108/><T36/><D123/><U50/><E122/><V45/><F68/><W15/><G15/><T63/><D113/><U96/><E3/><V131/><F115/><W118/><G118/><T114/><D114/><U40/><E76/><V1/><F1/><W101/><G101/><T57/><D30/><U132/><E132/><V19/><F131/><W84/><REACH who="3" step="1"/><G55/><REACH who="3" ten="249,215,296,230" step="2"/><T0/><D102/><U121/><E121/><V117/><F117/><W27/><G27/><T70/><D14/><U86/><E128/><V126/><F126/><W64/><AGARI ba="0,1" hai="12,18,20,62,64,69,73,77,81,84,91,93,104,107" machi="64" ten="30,3000,0" yaku="1,1,0,1,53,0" doraHai="31" doraHaiUra="133" who="3" fromWho="3" sc="249,-10,215,-10,296,-10,230,40" /><INIT seed="3,1,0,2,0,116" ten="239,205,286,270" oya="3" hai0="73,67,76,36,105,51,52,5,72,91,55,88,44" hai1="86,69,49,63,92,17,103,46,112,65,21,129,133" hai2="123,39,22,64,29,48,74,31,32,19,124,60,35" hai3="121,90,126,26,79,94,100,118,113,40,130,45,58"/><W108/><G113/><T104/><D67/><U37/><E133/><V111/><F39/><W89/><G118/><T14/><D36/><U117/><E117/><V134/><F74/><W10/><G121/><T119/><D119/><U54/><E129/><V53/><F134/><W68/><G68/><T109/><D109/><U98/><E112/><V101/><F124/><W34/><G126/><T6/><D14/><U47/><E86/><V33/><F111/><W3/><G79/><T77/><D51/><U7/><E7/><V62/><F123/><W87/><G108/><T2/><REACH who="0" step="1"/><D44/><REACH who="0" ten="229,205,286,270" step="2"/><U110/><E110/><V59/><F48/><W93/><G45/><T11/><D11/><U70/><E70/><V9/><F9/><W81/><G10/><T57/><D57/><U80/><E37/><V85/><F64/><W56/><G56/><T122/><D122/><U50/><E50/><V15/><F60/><W8/><G58/><T4/><D4/><U42/><E46/><V115/><F115/><W61/><G61/><T107/><D107/><U27/><REACH who="1" step="1"/><E80/><REACH who="1" ten="229,195,286,270" step="2"/><V106/><F62/><W102/><G81/><T99/><D99/><U38/><E38/><V1/><F59/><W127/><G127/><T41/><D41/><AGARI ba="1,2" hai="17,21,27,41,42,47,49,54,63,65,69,92,98,103" machi="41" ten="40,1300,0" yaku="1,1,53,0" doraHai="116" doraHaiUra="131" who="1" fromWho="0" sc="229,-16,195,36,286,0,270,0" /><INIT seed="4,0,0,5,4,52" ten="213,231,286,270" oya="0" hai0="97,49,42,61,109,133,88,89,125,129,1,67,96" hai1="72,27,116,21,64,22,117,66,65,79,14,10,33" hai2="121,63,76,132,45,101,120,56,36,12,35,75,77" hai3="123,106,29,100,30,4,85,122,102,81,26,55,98"/><T99/><D133/><U11/><E33/><V80/><F35/><W13/><G102/><T94/><D129/><U131/><E131/><V112/><F132/><W113/><G113/><T37/><D125/><U48/><E48/><V38/><F112/><W68/><G68/><T128/><D128/><U58/><E72/><V110/><F110/><W28/><G55/><T9/><D109/><U50/><E79/><V57/><F101/><W44/><G44/><T71/><D37/><U20/><E27/><V70/><F70/><W95/><G106/><T8/><D89/><U111/><E111/><V118/><F118/><W107/><G107/><T25/><D25/><U34/><E34/><V32/><F32/><N who="3" m="20503" /><G13/><T60/><D60/><U62/><E50/><V87/><F45/><W0/><G4/><T46/><REACH who="0" step="1"/><D1/><REACH who="0" ten="203,231,286,270" step="2"/><U103/><E103/><V126/><F63/><W92/><G0/><T15/><D15/><U114/><E114/><V105/><F12/><W41/><G123/><T127/><D127/><U51/><E51/><V19/><F126/><W40/><G122/><T18/><D18/><U119/><REACH who="1" step="1"/><E14/><REACH who="1" ten="203,221,286,270" step="2"/><V6/><F36/><W74/><G30/><T124/><D124/><U23/><N who="1" m="5120" /><DORA hai="115" /><U16/><E16/><V47/><F19/><W84/><G29/><T2/><D2/><U59/><E59/><V39/><F56/><W134/><G134/><T54/><D54/><AGARI ba="0,2" hai="10,11,54,58,62,64,65,66,116,117,119" m="5120" machi="54" ten="60,12000,2" yaku="1,1,29,2,52,4,53,0" doraHai="52,115" doraHaiUra="24,31" who="1" fromWho="0" sc="203,-120,221,140,286,0,270,0" owari="83,-41.7,361,46.1,286,8.6,270,-13.0" /></mjloggm>