<mjloggm ver="2.3"><GO type="225" lobby="0"/><UN n0="%E3%81%B8%E3%82%80%E3%81%B8%E3%82%80%EF%BC%92%E5%8F%B7" n1="%E8%81%B7%E6%A5%AD%E3%80%81%E9%A2%A8%32" n2="%74%61%6B%75%61%6B%61" n3="%E3%82%BC%E3%83%AB%E3%83%80%E3%81%AE%E4%BC%9D%E8%AA%AC" dan="17,16,16,16" rate="2194.69,2114.33,2165.13,2125.35" sx="M,M,M,M"/><TAIKYOKU oya="0"/><INIT seed="0,0,0,5,1,54" ten="250,250,250,250" oya="0" hai0="99,132,52,95,72,113,10,80,63,83,20,47,131" hai1="119,123,19,60,93,56,129,118,97,122,53,28,134" hai2="91,21,32,8,27,88,0,70,106,39,75,114,116" hai3="127,115,17,16,81,130,65,74,107,124,12,78,68"/><T90/><D113/><U13/><E129/><V50/><F39/><W9/><G115/><T61/><D131/><U121/><E134/><V86/><F75/><W128/><G107/><T101/><D132/><U1/><E1/><V120/><F32/><W96/><G96/><T18/><D10/><U34/><E28/><V110/><F106/><W64/><G130/><T126/><D126/><N who="3" m="48169" /><G128/><T14/><D72/><U117/><E34/><V46/><F70/><W51/><G68/><T125/><D125/><U57/><E53/><V133/><F133/><W112/><G112/><T94/><D63/><U82/><E82/><V3/><F114/><W66/><G51/><N who="0" m="28799" /><D61/><U33/><E33/><V36/><F36/><W109/><G109/><T35/><D35/><U92/><E60/><V11/><F110/><W89/><G89/><T85/><AGARI ba="0,0" hai="14,18,20,80,83,85,90,94,95,99,101" m="28799" machi="85" ten="30,3000,0" yaku="8,1,54,1" doraHai="54" who="0" fromWho="0" sc="250,30,250,-10,250,-10,250,-10" /><INIT seed="0,1,0,1,5,76" ten="280,240,240,240" oya="0" hai0="92,38,119,118,95,16,115,8,62,124,22,75,57" hai1="63,134,126,80,31,56,133,53,54,81,65,85,100" hai2="44,40,71,113,64,123,39,11,59,121,69,109,66" hai3="43,48,97,79,84,74,106,131,2,30,4,29,114"/><T128/><D115/><U105/><E126/><V73/><F73/><W96/><G114/><T108/><D75/><U135/><E31/><V58/><F11/><W37/><G131/><T93/><D38/><U129/><E129/><V52/><F113/><W47/><G48/><T9/><D128/><U18/><E100/><V42/><F109/><W61/><G84/><T7/><D124/><U25/><E105/><V127/><F127/><W78/><G78/><T77/><D77/><U35/><E35/><V23/><F23/><W3/><G61/><T20/><D108/><U125/><E125/><V15/><F15/><W0/><G96/><T110/><D110/><U68/><E85/><V36/><REACH who="2" step="1"/><F52/><REACH who="2" ten="280,240,230,240" step="2"/><N who="1" m="20073" /><E68/><V70/><F70/><W34/><G34/><T50/><D20/><AGARI ba="1,1" hai="18,20,25,56,63,65,80,81,133,134,135" m="20073" machi="20" ten="40,8000,1" yaku="20,1,52,2,54,1" doraHai="76" who="1" fromWho="0" sc="280,-83,240,93,230,0,240,0" /><INIT seed="1,0,0,2,3,135" ten="197,333,230,240" oya="1" hai0="96,112,25,92,65,103,129,99,87,83,6,95,81" hai1="12,56,35,45,122,27,38,67,93,29,59,40,46" hai2="55,3,68,15,51,89,47,7,100,110,120,109,125" hai3="61,86,41,60,118,127,114,123,90,14,17,11,74"/><U108/><E122/><V31/><F120/><W107/><G123/><T124/><D129/><U116/><E116/><V71/><F3/><W58/><G114/><T28/><D112/><U32/><E32/><V97/><F125/><W44/><G118/><T111/><D111/><N who="2" m="42506" /><F89/><W42/><G74/><T53/><D65/><U76/><E67/><V57/><F31/><W54/><G107/><T69/><D69/><U113/><E113/><V70/><F7/><W121/><G121/><T128/><D128/><U48/><E93/><N who="2" m="58415" /><F15/><W72/><G72/><T5/><D53/><U85/><E12/><V1/><F1/><W119/><G119/><T117/><D117/><U66/><E66/><V88/><F88/><W130/><G130/><T10/><D124/><U62/><E108/><V102/><F102/><W50/><G127/><T115/><D115/><U132/><E29/><V52/><F55/><W73/><G73/><T39/><D39/><U16/><E27/><V98/><F98/><W4/><G4/><T18/><D18/><U9/><E16/><V22/><F22/><W30/><G30/><T33/><D87/><U75/><E85/><V101/><F101/><W82/><REACH who="3" step="1"/><G41/><REACH who="3" ten="197,333,230,230" step="2"/><T84/><D5/><U0/><E40/><V24/><F24/><W77/><G77/><T2/><D84/><U37/><E76/><V21/><F21/><W8/><G8/><T131/><D131/><U43/><E43/><V36/><F36/><AGARI ba="0,1" hai="11,14,17,36,42,44,50,54,58,60,61,82,86,90" machi="36" ten="30,2000,0" yaku="1,1,7,1,53,0" doraHai="135" doraHaiUra="63" who="3" fromWho="2" sc="197,0,333,0,230,-20,230,30" /><INIT seed="2,0,0,5,3,4" ten="197,333,210,260" oya="2" hai0="32,83,0,26,24,133,10,42,88,65,45,6,5" hai1="131,98,121,8,20,115,69,84,100,92,74,124,79" hai2="25,70,113,52,72,60,34,135,23,71,89,38,3" hai3="53,22,68,19,18,7,31,87,99,33,118,41,111"/><V126/><F113/><W59/><G118/><T47/><D133/><U82/><E69/><V97/><F34/><W40/><G68/><T78/><D65/><U109/><E109/><V95/><F135/><W17/><G111/><T51/><D32/><U122/><E20/><V27/><F38/><W125/><G125/><T114/><D114/><U94/><E124/><V101/><F72/><W110/><G110/><T1/><D88/><U49/><E115/><V12/><F126/><W106/><G33/><T67/><D67/><U16/><E49/><V30/><F3/><W129/><G129/><T44/><D44/><U29/><E29/><V134/><F134/><W62/><G106/><T61/><D61/><U39/><E39/><V37/><F37/><W127/><G127/><T128/><D128/><U48/><E48/><V90/><F25/><N who="3" m="16823" /><G7/><T107/><D107/><U123/><E131/><V132/><F132/><W14/><G99/><T96/><D96/><U80/><E94/><V86/><F12/><W21/><G87/><T103/><D103/><U63/><E84/><V91/><REACH who="2" step="1"/><F86/><REACH who="2" ten="197,333,200,260" step="2"/><W66/><G14/><T54/><D0/><U11/><E74/><V76/><F76/><W55/><G21/><T75/><D5/><U85/><E79/><V58/><AGARI ba="0,1" hai="23,27,30,52,58,60,70,71,89,90,91,95,97,101" machi="58" ten="30,6000,0" yaku="1,1,0,1,54,1,53,0" doraHai="4" doraHaiUra="81" who="2" fromWho="2" sc="197,-20,333,-20,200,70,260,-20" /><INIT seed="2,1,0,0,1,132" ten="177,313,270,240" oya="2" hai0="45,47,129,79,121,84,28,35,97,112,114,81,65" hai1="74,56,55,100,75,32,31,46,6,29,16,62,51" hai2="4,105,11,131,77,104,73,50,83,43,123,53,71" hai3="128,87,89,41,124,88,57,39,34,117,2,20,1"/><V86/><F123/><W95/><G117/><T7/><D121/><U3/><E100/><V133/><F133/><W102/><G34/><T103/><D129/><U94/><E94/><V0/><F131/><W93/><G128/><T85/><D65/><U36/><E36/><V119/><F119/><W5/><G124/><T115/><D85/><U59/><E59/><V18/><F71/><W49/><G102/><T10/><D28/><U107/><E107/><V98/><F43/><W30/><G39/><T21/><D21/><U66/><E6/><V116/><F116/><W70/><G70/><T14/><REACH who="0" step="1"/><D35/><REACH who="0" ten="167,313,270,240" step="2"/><U8/><E29/><V120/><F120/><W78/><G30/><T72/><D72/><U82/><E75/><V15/><F73/><W42/><G20/><T58/><D58/><U109/><E31/><V19/><F98/><W25/><G57/><T38/><D38/><U99/><E56/><V61/><F86/><W69/><G87/><T110/><D110/><U60/><E109/><V80/><F11/><W118/><G118/><T48/><D48/><U40/><E51/><V26/><F50/><W134/><G49/><T67/><D67/><U113/><E66/><V108/><F108/><W23/><G23/><T24/><D24/><U127/><E8/><V17/><F26/><W13/><G25/><T52/><D52/><U12/><E55/><V111/><F111/><W27/><G27/><T9/><D9/><U90/><E74/><V122/><F53/><W33/><G33/><T125/><D125/><U126/><E127/><V68/><F122/><W106/><G134/><RYUUKYOKU ba="1,1" sc="167,30,313,-10,270,-10,240,-10" hai0="7,10,14,45,47,79,81,84,97,103,112,114,115" /><INIT seed="3,2,1,2,5,86" ten="197,303,260,230" oya="3" hai0="13,9,106,120,20,41,60,72,112,14,29,83,47" hai1="63,100,5,109,0,97,46,35,107,54,114,81,21" hai2="25,15,53,52,115,40,27,73,92,125,121,31,7" hai3="116,104,6,8,134,26,16,71,82,51,69,85,117"/><W34/><G104/><T55/><D120/><U66/><E114/><V103/><F115/><W95/><G134/><T57/><D106/><U19/><E35/><V43/><F73/><W18/><G95/><T84/><D72/><U23/><E23/><N who="2" m="15807" /><F27/><W108/><G108/><T45/><D112/><U39/><E109/><V62/><F125/><W32/><G51/><T128/><D128/><U88/><E5/><V67/><F67/><W4/><G85/><T126/><D126/><U98/><E0/><V24/><F24/><W123/><G26/><N who="0" m="16583" /><D41/><N who="2" m="15946" /><F62/><W68/><G82/><T130/><D130/><U61/><E81/><V133/><F121/><W2/><G123/><T90/><D13/><U48/><E39/><V74/><F74/><W38/><G38/><T79/><D79/><U28/><E28/><V96/><F133/><W102/><G102/><T22/><D22/><U70/><E63/><V105/><F105/><W101/><G101/><T77/><D77/><U118/><E118/><N who="3" m="45674" /><G8/><AGARI ba="2,1" hai="7,8,15,52,53,92,96,103" m="15946,15807" machi="8" ten="30,2000,0" yaku="8,1,54,1" doraHai="86" who="2" fromWho="3" sc="197,0,303,0,260,36,230,-26" owari="197,-30.3,303,40.3,296,9.6,204,-19.6" /></mjloggm>