<mjloggm ver="2.3"><GO type="225" lobby="0"/><UN n0="%E9%87%8E%E3%80%85%E5%AE%AE%E8%97%8D" n1="%4C%4F%4C%49%54%41" n2="%72%61%6B%33" n3="%E3%81%A0%E3%81%8A" dan="17,16,17,16" rate="2147.42,2187.95,2245.77,2035.36" sx="F,F,M,M"/><TAIKYOKU oya="0"/><INIT seed="0,0,0,1,3,68" ten="250,250,250,250" oya="0" hai0="23,103,111,122,105,62,94,84,101,104,34,1,31" hai1="108,82,64,90,22,92,113,72,9,69,102,19,2" hai2="59,121,71,28,95,61,112,21,49,76,123,135,98" hai3="46,96,51,126,119,107,35,81,117,6,86,115,134"/><T106/><D1/><U63/><E108/><V114/><F76/><W14/><G115/><T36/><D34/><U53/><E113/><V89/><F135/><W37/><G37/><T125/><D36/><U17/><E102/><V15/><F71/><W77/><G35/><T47/><D47/><U39/><E39/><V40/><F112/><W93/><G107/><T74/><D122/><U54/><E72/><V73/><F73/><W29/><G29/><T99/><D74/><U44/><E82/><V85/><F114/><W8/><G126/><T3/><D3/><U130/><E130/><V87/><F40/><W109/><G109/><T124/><D111/><U67/><E67/><V88/><F49/><W38/><G38/><T24/><D103/><U65/><E65/><V133/><F133/><W0/><G0/><T91/><REACH who="0" step="1"/><D62/><REACH who="0" ten="240,250,250,250" step="2"/><U79/><E2/><V4/><F61/><W41/><G134/><T58/><D58/><U33/><E33/><V66/><F59/><W118/><G117/><T100/><D100/><AGARI ba="0,1" hai="6,8,14,41,46,51,77,81,86,93,96,100,118,119" machi="100" ten="30,3900,0" yaku="7,1,25,2" doraHai="68" who="3" fromWho="0" sc="240,-39,250,0,250,0,250,49" /><INIT seed="1,0,0,1,1,13" ten="201,250,250,299" oya="1" hai0="122,107,44,74,16,71,20,47,25,129,34,109,30" hai1="43,72,73,102,132,27,78,58,3,83,84,2,61" hai2="95,96,91,127,67,29,114,37,49,101,123,99,40" hai3="106,110,97,23,94,104,38,116,45,59,105,89,8"/><U69/><E69/><V53/><F123/><W41/><G110/><T0/><D107/><U42/><E132/><V26/><F127/><W48/><G116/><T33/><D74/><U126/><E126/><V32/><F114/><W134/><G134/><T92/><D71/><U70/><E70/><V82/><F37/><W80/><G8/><T60/><D109/><U135/><E135/><V21/><F40/><W93/><G80/><T24/><D34/><U50/><E102/><V66/><F32/><W113/><G113/><T14/><D0/><U75/><E43/><V28/><F28/><W118/><G118/><T18/><D122/><U103/><E103/><V46/><REACH who="2" step="1"/><F82/><REACH who="2" ten="201,250,240,299" step="2"/><W62/><G38/><T7/><D129/><U1/><E42/><V54/><F54/><W130/><G130/><T64/><D7/><U17/><E50/><V131/><F131/><W87/><G41/><T98/><D64/><U22/><REACH who="1" step="1"/><E72/><REACH who="1" ten="201,240,240,299" step="2"/><V57/><F57/><W85/><G59/><T36/><D36/><U79/><E79/><V6/><F6/><W68/><G48/><T35/><D60/><U11/><E11/><V88/><F88/><W19/><G89/><T51/><D51/><U124/><E124/><V77/><F77/><W125/><G62/><T121/><D121/><U15/><E15/><V120/><F120/><W65/><G125/><T119/><D119/><U133/><E133/><V108/><F108/><W39/><G68/><T10/><D35/><U117/><E117/><V100/><F100/><AGARI ba="0,2" hai="10,14,16,18,20,24,25,30,33,44,47,92,98,100" machi="100" ten="30,7700,0" yaku="7,1,52,2,54,1" doraHai="13" who="0" fromWho="2" sc="201,97,240,0,240,-77,299,0" /><INIT seed="2,0,0,5,3,48" ten="298,240,163,299" oya="2" hai0="96,86,41,27,105,46,71,25,64,109,80,35,63" hai1="128,95,135,55,56,43,24,81,74,91,3,40,85" hai2="4,115,67,113,23,0,62,129,42,98,22,79,110" hai3="20,2,50,77,99,10,124,126,131,7,89,21,103"/><V114/><F129/><W90/><G77/><T8/><D109/><U9/><E128/><V123/><F123/><W83/><G50/><T15/><D35/><U121/><E135/><V5/><F110/><W38/><G38/><T72/><D72/><U44/><E121/><V92/><F42/><W104/><G131/><T84/><D96/><U39/><E43/><V94/><F79/><W111/><G111/><T65/><D65/><U36/><E36/><V31/><F94/><W6/><G6/><T116/><D105/><U17/><E74/><V132/><F132/><W78/><G89/><T119/><D27/><U107/><E107/><V53/><F0/><W108/><G90/><T130/><D25/><U106/><E106/><V45/><F31/><W87/><G108/><T51/><D130/><U19/><E24/><V59/><F4/><W76/><G78/><N who="0" m="46103" /><D86/><U37/><E37/><V120/><F5/><AGARI ba="0,0" hai="5,8,15,41,46,51,63,64,71,116,119" m="46103" machi="5" ten="30,1000,0" yaku="25,1" doraHai="48" who="0" fromWho="2" sc="298,10,240,0,163,-10,299,0" /><INIT seed="3,0,0,3,1,135" ten="308,240,153,299" oya="3" hai0="39,81,100,88,38,72,65,4,124,134,55,60,40" hai1="78,87,61,82,63,24,30,69,32,11,95,111,115" hai2="41,132,96,121,47,28,10,34,120,19,126,122,71" hai3="9,46,6,36,125,51,67,73,66,27,106,21,117"/><W74/><G117/><T91/><D40/><U93/><E115/><V133/><F71/><W92/><G106/><T75/><D55/><U97/><E111/><V49/><F96/><W64/><G125/><T1/><D100/><U17/><E69/><V109/><F109/><W12/><G36/><T25/><D25/><U101/><E93/><V48/><F34/><W35/><G92/><T7/><D124/><U15/><AGARI ba="0,0" hai="11,15,17,24,30,32,61,63,78,82,87,95,97,101" machi="15" ten="30,1100,0" yaku="0,1" doraHai="135" who="1" fromWho="1" sc="308,-3,240,11,153,-3,299,-5" owari="305,40.5,251,-14.9,150,-35.0,294,9.4" /></mjloggm>