<mjloggm ver="2.3"><GO type="225" lobby="0"/><UN n0="%E3%81%BF%E3%81%BF%E3%81%9A" n1="%E5%A4%9C%E5%85%89%E5%A4%A9%E6%A5%BC" n2="%E4%BF%BA%E3%81%A8%E5%A6%96%E5%A4%A2" n3="%6D%75%75%73%61%6E%6D%75" dan="17,16,17,16" rate="2280.63,2096.42,2172.99,2082.89" sx="M,F,F,F"/><TAIKYOKU oya="0"/><INIT seed="0,0,0,4,2,51" ten="250,250,250,250" oya="0" hai0="73,2,47,8,112,35,12,52,127,32,95,59,82" hai1="26,108,50,129,54,117,45,39,48,22,7,118,133" hai2="114,134,122,98,49,58,24,93,40,97,123,66,101" hai3="1,33,83,37,13,3,14,64,75,92,126,53,63"/><T120/><D112/><U105/><E105/><V61/><F114/><W110/><G33/><T89/><D120/><U74/><E74/><V76/><F134/><W81/><G37/><T27/><D2/><U102/><E39/><V17/><F76/><W46/><G110/><T99/><D47/><U9/><E102/><V68/><F97/><W67/><G126/><T80/><D127/><U16/><E108/><V23/><REACH who="2" step="1"/><F40/><REACH who="2" ten="250,250,240,250" step="2"/><W5/><G75/><T44/><D73/><U115/><E115/><V86/><F86/><W104/><G3/><T19/><D44/><U109/><E133/><V25/><F25/><W28/><G1/><T56/><D56/><U6/><E109/><V88/><F88/><W116/><G46/><T34/><REACH who="0" step="1"/><D27/><REACH who="0" ten="240,250,240,250" step="2"/><N who="1" m="14791" /><E45/><V113/><F113/><W42/><G42/><T21/><D21/><U69/><E26/><V60/><F60/><AGARI ba="0,2" hai="8,12,19,32,34,35,52,59,60,80,82,89,95,99" machi="60" ten="40,7700,0" yaku="1,1,52,1,54,1,53,0" doraHai="51" doraHaiUra="135" who="0" fromWho="2" sc="240,97,250,0,240,-77,250,0" /><INIT seed="0,1,0,5,0,85" ten="337,250,163,250" oya="0" hai0="95,103,15,38,67,30,60,110,37,57,27,99,40" hai1="130,49,64,97,59,2,69,8,120,71,10,45,126" hai2="66,26,5,105,68,83,53,3,127,115,78,107,42" hai3="89,4,108,58,54,117,33,131,119,52,135,79,70"/><T28/><D28/><U35/><E120/><V102/><F115/><W80/><G70/><T46/><D110/><U129/><E35/><V36/><F127/><W12/><G33/><T133/><D133/><U65/><E2/><V82/><F102/><W22/><G108/><T109/><D109/><U87/><E97/><V92/><F82/><W75/><G135/><T112/><D15/><U77/><E126/><V18/><F53/><W84/><G131/><N who="1" m="50186" /><E87/><V121/><F92/><W25/><G54/><T17/><D17/><U104/><E77/><V134/><F121/><W9/><G75/><T101/><D112/><U6/><E64/><V132/><F132/><W31/><REACH who="3" step="1"/><G79/><REACH who="3" ten="337,250,163,240" step="2"/><T11/><D11/><U123/><E10/><V21/><F134/><W76/><G76/><T34/><REACH who="0" step="1"/><D103/><REACH who="0" ten="327,250,163,240" step="2"/><U7/><E8/><V72/><F3/><W93/><G93/><T39/><AGARI ba="1,2" hai="27,30,34,37,38,39,40,46,57,60,67,95,99,101" machi="39" ten="20,7800,0" yaku="1,1,2,1,0,1,7,1,53,0" doraHai="85" doraHaiUra="0" who="0" fromWho="0" sc="327,101,250,-27,163,-27,240,-27" /><INIT seed="0,2,0,5,2,118" ten="428,223,136,213" oya="0" hai0="31,3,39,1,34,67,44,20,51,28,107,15,93" hai1="90,43,26,24,35,77,91,101,63,10,95,99,21" hai2="127,55,108,57,102,12,23,98,68,135,58,109,71" hai3="11,49,73,115,85,54,132,124,46,40,66,104,129"/><T81/><D107/><U2/><E77/><V97/><F135/><W53/><G73/><T25/><D39/><U14/><E2/><V106/><F127/><W36/><G104/><T111/><D67/><U30/><E43/><V7/><F97/><W92/><G115/><T87/><D93/><U42/><E42/><V88/><F57/><W114/><G114/><T105/><D105/><U9/><E9/><V112/><F112/><W119/><G119/><T134/><D134/><U125/><E125/><V47/><F47/><W61/><G124/><T100/><D100/><U32/><E63/><V79/><F79/><W89/><G132/><T74/><D74/><U121/><E35/><V38/><F38/><W83/><G129/><T96/><D96/><U8/><E8/><V82/><F7/><W0/><G36/><T131/><D111/><N who="2" m="42570" /><F12/><W59/><REACH who="3" step="1"/><G92/><REACH who="3" ten="428,223,136,203" step="2"/><T33/><D131/><U122/><E122/><V110/><F110/><W70/><G70/><T27/><D20/><U120/><E120/><V19/><F23/><W65/><G65/><T123/><D123/><U86/><E121/><V45/><F68/><W126/><G126/><T22/><D22/><U130/><E130/><V6/><F71/><W64/><G64/><T117/><D117/><U76/><E21/><V72/><F72/><W78/><G78/><T17/><D34/><U128/><E128/><V62/><F106/><W84/><G84/><T103/><D33/><U56/><E76/><V16/><F98/><W41/><G41/><N who="0" m="24975" /><D87/><U69/><E86/><V50/><F55/><W75/><G75/><T113/><D113/><RYUUKYOKU ba="2,1" sc="428,-10,223,-10,136,-10,203,30" hai3="0,11,40,46,49,53,54,59,61,66,83,85,89" /><INIT seed="1,3,1,1,4,19" ten="418,213,126,233" oya="1" hai0="25,75,17,88,2,22,73,113,117,11,80,68,120" hai1="65,33,48,37,125,30,131,61,124,63,81,15,60" hai2="10,53,85,102,103,134,5,106,72,123,20,6,62" hai3="109,74,90,55,101,126,54,39,93,130,31,13,26"/><U35/><E37/><V92/><F123/><W1/><G1/><T118/><D113/><U82/><E65/><V97/><F72/><W110/><G39/><T66/><D120/><U71/><E71/><V46/><F134/><W16/><G74/><T47/><D73/><U8/><E48/><V57/><F46/><W38/><G101/><T29/><D47/><U79/><E131/><V64/><F53/><W42/><G42/><T111/><D111/><N who="3" m="42505" /><G126/><N who="1" m="48746" /><E30/><V100/><F106/><W108/><G38/><T83/><D68/><U24/><E24/><V77/><F20/><N who="3" m="11279" /><G130/><T27/><D66/><U44/><E44/><V40/><F40/><W114/><N who="3" m="42513" /><W12/><DORA hai="127" /><G12/><T50/><D27/><U7/><E79/><V119/><F119/><W56/><G56/><T115/><D25/><U105/><E105/><V112/><F112/><W133/><G133/><T122/><D115/><U96/><E35/><V49/><F77/><W36/><G36/><T91/><D117/><U69/><E33/><V70/><F70/><W128/><G128/><T76/><D118/><U18/><E69/><V43/><F43/><W107/><G107/><T34/><D76/><U104/><E7/><V94/><F5/><W28/><G114/><T67/><D34/><U132/><E132/><V121/><F121/><W51/><G51/><T3/><D122/><U99/><E104/><V116/><F116/><W41/><BYE who="2" /><G41/><T14/><D75/><U23/><E8/><V98/><F98/><AGARI ba="3,1" hai="15,18,23,60,61,63,81,82,96,98,99" m="48746" machi="98" ten="30,2900,0" yaku="18,1,52,1" doraHai="19,127" who="1" fromWho="2" sc="418,0,213,48,126,-38,233,0" /><INIT seed="1,4,0,3,4,120" ten="418,261,88,233" oya="1" hai0="75,109,60,93,5,49,117,17,4,88,94,27,3" hai1="72,78,34,95,13,74,47,29,107,59,43,133,21" hai2="44,104,11,125,100,36,119,82,76,116,73,12,24" hai3="33,28,126,84,46,81,86,99,134,85,37,96,18"/><U128/><E107/><V54/><F54/><W48/><G126/><T30/><D75/><UN n2="%E4%BF%BA%E3%81%A8%E5%A6%96%E5%A4%A2" /><U102/><E128/><V22/><F125/><W9/><G37/><T19/><D117/><U135/><E34/><V67/><F67/><W79/><G134/><N who="1" m="51210" /><E78/><V58/><F58/><W71/><G71/><T70/><D70/><U16/><E29/><V45/><F100/><W115/><G115/><T101/><D60/><U87/><E59/><V39/><F104/><W108/><G33/><T124/><D124/><U112/><E112/><V10/><F39/><W65/><G65/><T127/><D127/><U61/><E61/><V1/><F11/><W69/><G28/><T97/><D49/><N who="1" m="26879" /><E87/><V122/><F122/><W53/><G69/><T62/><D62/><U114/><E114/><V111/><F116/><W55/><G85/><T56/><D56/><U98/><AGARI ba="4,0" hai="13,16,21,72,74,95,98,102" m="26879,51210" machi="98" ten="30,3000,0" yaku="20,1,54,1" doraHai="120" who="1" fromWho="1" sc="418,-14,261,42,88,-14,233,-14" /><INIT seed="1,5,0,4,3,6" ten="404,303,74,219" oya="1" hai0="11,3,12,65,132,17,8,92,25,1,10,119,82" hai1="133,115,13,63,23,21,96,69,101,61,80,79,14" hai2="59,85,83,27,16,46,123,9,102,111,2,60,99" hai3="0,47,109,103,126,112,44,124,87,122,86,15,35"/><U68/><E115/><V19/><F123/><W53/><G0/><T51/><D119/><U116/><E116/><V33/><F111/><W70/><G122/><T57/><D132/><U58/><E68/><V37/><F37/><W52/><G112/><T127/><D127/><N who="3" m="48681" /><G70/><T20/><D1/><U95/><E69/><V24/><F46/><N who="3" m="17451" /><G35/><T28/><D82/><U7/><E63/><V78/><F2/><W81/><G109/><T91/><D3/><U32/><E32/><V75/><F75/><W105/><G15/><T30/><D25/><N who="2" m="9802" /><F33/><W104/><G87/><N who="0" m="52351" /><D51/><U121/><E133/><V88/><F102/><W34/><G34/><T74/><D74/><U18/><E121/><V43/><F43/><W108/><G108/><T22/><D20/><U67/><E23/><V31/><F31/><W130/><G130/><T125/><D125/><U39/><E39/><V131/><F131/><W72/><G72/><T42/><D42/><U4/><E14/><N who="2" m="7247" /><F19/><W38/><G38/><T64/><D57/><U73/><AGARI ba="5,0" hai="4,7,13,18,21,58,61,67,73,79,80,95,96,101" machi="73" ten="20,2100,0" yaku="0,1,7,1" doraHai="6" who="1" fromWho="1" sc="404,-12,303,36,74,-12,219,-12" /><INIT seed="1,6,0,5,2,132" ten="392,339,62,207" oya="1" hai0="40,42,135,30,58,47,32,57,81,94,95,17,65" hai1="117,31,52,119,19,96,103,55,11,128,125,116,88" hai2="21,9,25,114,129,71,12,3,49,23,74,134,84" hai3="7,34,77,36,124,109,107,127,82,78,41,27,108"/><U62/><E128/><V5/><F74/><W64/><G107/><T0/><D0/><U69/><E31/><V115/><F71/><W73/><G64/><T48/><D135/><U51/><E69/><V66/><F66/><W67/><G67/><T83/><D32/><U22/><E62/><V113/><F134/><W130/><G130/><T90/><D30/><U10/><E125/><N who="3" m="48202" /><G77/><T70/><D70/><U59/><E55/><V2/><F49/><W14/><G34/><T80/><D65/><U92/><REACH who="1" step="1"/><E103/><REACH who="1" ten="392,329,62,207" step="2"/><V122/><F129/><W72/><G109/><T56/><D42/><U76/><E76/><V53/><F53/><W50/><G108/><T4/><D4/><U86/><E86/><V104/><F84/><W13/><G73/><T61/><D61/><U118/><N who="1" m="29696" /><DORA hai="37" /><U60/><E60/><V126/><F126/><W35/><G72/><T112/><D112/><U26/><AGARI ba="6,1" hai="10,11,19,22,26,51,52,59,88,92,96" m="29696" machi="26" ten="60,12000,1" yaku="1,1,0,1,54,2,53,1" doraHai="132,37" doraHaiUra="46,38" who="1" fromWho="1" sc="392,-46,329,148,62,-46,207,-46" /><INIT seed="1,7,0,5,4,17" ten="346,477,16,161" oya="1" hai0="92,125,130,89,123,104,84,70,54,100,10,112,111" hai1="107,115,4,67,79,121,41,29,20,122,57,69,23" hai2="117,11,71,81,94,25,131,18,49,116,45,1,76" hai3="16,113,129,126,32,6,65,0,120,109,78,24,39"/><U64/><E115/><V15/><F131/><W110/><G39/><T135/><D112/><U9/><E107/><V40/><F71/><W91/><G113/><T90/><D70/><U102/><E102/><V5/><F94/><W38/><G38/><T27/><D130/><U43/><E69/><V2/><F2/><W77/><G129/><T28/><D123/><U50/><E29/><V86/><REACH who="2" step="1"/><F25/><REACH who="2" ten="346,477,6,161" step="2"/><W31/><G0/><T56/><D111/><U119/><E121/><V68/><F68/><W21/><G120/><T127/><D104/><U83/><E122/><V61/><F61/><W80/><G109/><T30/><D100/><U33/><E119/><V53/><F53/><W3/><G110/><T134/><D27/><U87/><E64/><V42/><F42/><W95/><G65/><T72/><D92/><U22/><E67/><V108/><F108/><W128/><G128/><T103/><D54/><N who="1" m="31959" /><E33/><V105/><F105/><W118/><G118/><T7/><D103/><U73/><E43/><V14/><F14/><W48/><G32/><T60/><D60/><U124/><E41/><V85/><F85/><W37/><G3/><T88/><D84/><U59/><E87/><V97/><F97/><W58/><G24/><T101/><D101/><U96/><E96/><V62/><F62/><W44/><G95/><T114/><D114/><U46/><E73/><V35/><F35/><W106/><G106/><T63/><D72/><U12/><E12/><V66/><F66/><W52/><G52/><N who="0" m="34183" /><D30/><U26/><E26/><V34/><F34/><W13/><G31/><T132/><D28/><RYUUKYOKU ba="7,1" sc="346,15,477,-15,6,15,161,-15" hai0="7,10,88,89,90,125,127,132,134,135" hai2="1,5,11,15,18,40,45,49,76,81,86,116,117" /><INIT seed="2,8,1,5,5,11" ten="361,462,21,146" oya="2" hai0="73,124,24,15,39,38,95,74,115,77,46,108,16" hai1="67,100,31,7,126,106,103,131,49,125,45,8,2" hai2="109,88,43,9,66,76,56,121,118,14,98,129,117" hai3="122,32,91,101,79,87,20,30,89,33,26,41,58"/><V17/><F121/><W63/><G122/><T99/><D115/><U40/><E131/><V61/><F129/><W97/><G41/><T133/><D108/><U75/><E75/><V93/><F109/><W5/><G5/><T27/><D124/><N who="1" m="47723" /><E106/><V102/><F76/><W83/><G33/><T51/><D133/><U69/><E31/><V62/><F43/><W59/><G32/><T64/><D64/><U60/><AGARI ba="8,1" hai="2,7,8,40,45,49,60,67,69,100,103" m="47723" machi="60" ten="30,1100,0" yaku="18,1" doraHai="11" who="1" fromWho="1" sc="361,-11,462,45,21,-13,146,-11" /><INIT seed="3,0,0,5,0,68" ten="350,507,8,135" oya="3" hai0="52,51,75,41,117,53,111,95,33,59,128,80,57" hai1="7,120,101,23,112,31,44,125,45,54,58,109,83" hai2="92,98,119,66,85,8,56,77,86,135,38,34,82" hai3="84,102,36,37,121,10,14,110,70,25,130,49,76"/><W18/><G121/><T21/><D33/><U60/><E101/><V0/><F34/><W28/><G70/><T22/><D117/><U6/><E125/><V104/><F119/><W39/><G130/><T67/><D128/><U72/><E109/><V27/><F27/><W134/><G110/><T115/><D111/><U132/><E72/><V62/><F135/><W9/><G134/><T11/><D67/><U133/><E112/><V26/><F26/><W63/><G63/><T55/><D115/><U103/><E31/><V91/><F8/><W46/><G102/><T126/><D126/><U71/><E103/><V16/><F0/><W114/><G114/><T61/><D95/><U35/><E35/><V131/><F131/><W105/><G105/><T47/><D11/><U42/><E71/><V88/><F104/><W129/><G129/><T123/><D123/><U113/><E23/><N who="0" m="8713" /><D75/><U15/><E113/><V73/><F73/><W24/><G10/><T79/><D59/><U96/><E120/><V93/><F38/><W30/><G30/><T108/><D108/><U90/><E58/><V78/><F78/><W124/><G124/><T1/><D1/><U100/><E132/><V69/><F69/><W116/><G116/><T20/><N who="0" m="8721" /><T64/><DORA hai="13" /><D79/><U65/><E65/><V127/><F127/><W4/><G28/><T5/><D80/><U107/><E83/><V17/><AGARI ba="0,0" hai="16,17,56,62,66,77,82,85,86,88,91,92,93,98" machi="17" ten="30,12000,2" yaku="0,1,8,1,52,2,54,2" doraHai="68,13" who="2" fromWho="2" sc="350,-30,507,-30,8,120,135,-60" owari="320,12.0,477,57.7,128,-27.2,75,-42.5" /></mjloggm>