<mjloggm ver="2.3"><GO type="225" lobby="0"/><UN n0="%E3%81%AF%E3%82%88%E3%81%8A%E3%81%98%E3%81%95%E3%82%93" n1="%E3%81%8F%E3%81%BE%E3%81%96%E3%82%8F" n2="%45%6C%79%73%69%75%6D" n3="%73%6C%69%63%6B%33%31%39" dan="16,16,18,16" rate="2139.66,2035.43,2204.17,2177.84" sx="M,M,F,M"/><TAIKYOKU oya="0"/><INIT seed="0,0,0,1,2,115" ten="250,250,250,250" oya="0" hai0="74,50,121,88,66,14,8,82,23,16,11,48,69" hai1="89,58,20,84,126,108,78,4,113,81,12,93,54" hai2="131,63,34,85,110,83,37,104,64,17,116,120,22" hai3="38,6,41,101,111,7,102,59,87,90,132,107,86"/><T28/><D121/><U30/><E108/><V103/><F120/><W94/><G38/><T25/><D74/><U27/><E126/><V128/><F37/><W53/><G41/><T1/><D69/><U80/><E113/><V70/><F34/><W43/><G43/><T68/><D68/><U124/><E124/><V19/><F110/><W95/><G111/><T119/><D119/><U40/><E40/><V36/><F36/><W134/><G59/><T10/><D66/><U127/><E127/><V39/><F39/><W31/><G31/><T100/><D100/><U42/><E42/><V135/><F135/><W2/><G53/><T109/><D109/><U5/><E12/><V45/><F45/><W91/><REACH who="3" step="1"/><G2/><REACH who="3" ten="250,250,250,240" step="2"/><T73/><D1/><U57/><E58/><V52/><F52/><W98/><G98/><T106/><D106/><AGARI ba="0,1" hai="6,7,86,87,90,91,94,95,101,102,106,107,132,134" machi="106" ten="25,3200,0" yaku="1,1,22,2,53,0" doraHai="115" doraHaiUra="112" who="3" fromWho="0" sc="250,-32,250,0,250,0,240,42" /><INIT seed="1,0,0,5,2,109" ten="218,250,250,282" oya="1" hai0="24,125,130,113,47,106,127,100,96,25,33,134,94" hai1="23,6,89,77,132,9,19,42,76,114,49,61,88" hai2="56,84,81,21,135,30,83,8,92,87,37,67,58" hai3="107,121,112,27,41,39,129,62,32,120,44,64,13"/><U102/><E132/><V97/><F37/><W110/><G110/><T111/><D111/><U68/><E102/><V65/><F135/><W108/><G108/><T117/><D117/><U85/><E68/><V52/><F8/><W2/><G13/><T22/><D134/><U57/><E114/><V1/><F1/><W51/><G129/><T10/><D130/><U29/><E29/><V60/><F67/><W75/><G2/><T14/><D33/><U63/><E63/><N who="2" m="36231" /><F84/><W116/><G116/><T15/><D106/><U3/><E42/><V90/><F87/><W91/><G75/><T17/><D47/><U31/><E31/><V70/><F70/><W69/><G107/><T66/><D66/><U4/><E4/><V79/><F79/><W128/><G128/><T43/><D43/><U12/><E89/><V34/><F34/><W118/><G118/><T124/><REACH who="0" step="1"/><D113/><REACH who="0" ten="208,250,250,282" step="2"/><U0/><E0/><V28/><F28/><N who="3" m="19487" /><G112/><T18/><AGARI ba="0,1" hai="10,14,15,17,18,22,24,25,94,96,100,124,125,127" machi="18" ten="40,5200,0" yaku="1,1,0,1,18,1,53,0" doraHai="109" doraHaiUra="105" who="0" fromWho="0" sc="208,62,250,-26,250,-13,282,-13" /><INIT seed="2,0,0,5,2,102" ten="270,224,237,269" oya="2" hai0="48,14,41,4,100,105,118,98,107,104,2,120,33" hai1="10,67,51,56,103,76,50,92,84,49,61,91,74" hai2="20,22,52,99,72,126,39,112,45,89,1,79,9" hai3="93,110,30,5,6,17,34,114,21,38,133,29,53"/><V24/><F112/><W97/><G38/><T12/><D120/><U26/><E103/><V80/><F126/><W28/><G114/><T63/><D33/><U54/><E10/><V81/><F52/><W106/><G106/><T75/><D75/><U23/><E74/><V32/><F32/><W115/><G115/><T31/><D31/><U121/><E121/><V13/><F24/><W15/><G110/><T0/><D118/><U69/><REACH who="1" step="1"/><E76/><REACH who="1" ten="270,214,237,269" step="2"/><V83/><F72/><W119/><G119/><T70/><D100/><U127/><E127/><V42/><F79/><W96/><G34/><T64/><D0/><U47/><E47/><V35/><F1/><W101/><G5/><T18/><D2/><U62/><E62/><V46/><F46/><W44/><G6/><T135/><D4/><U73/><E73/><V25/><F35/><W66/><G44/><T58/><D63/><U90/><E90/><V82/><F9/><W113/><G113/><T57/><D107/><U87/><E87/><N who="2" m="50407" /><F99/><W108/><G96/><T94/><D98/><U130/><E130/><V116/><F116/><W128/><G128/><T117/><D105/><U68/><E68/><V85/><F85/><W111/><G111/><T125/><D70/><U129/><E129/><V78/><F78/><W36/><G108/><T123/><D104/><U55/><E55/><V109/><F109/><W124/><G124/><T86/><D125/><U60/><E60/><V40/><F40/><W16/><G101/><T3/><D41/><U37/><E37/><V132/><F39/><W134/><G36/><T95/><D117/><RYUUKYOKU ba="0,1" sc="270,-10,214,30,237,-10,269,-10" hai1="23,26,49,50,51,54,56,61,67,69,84,91,92" /><INIT seed="3,1,1,2,2,5" ten="260,244,227,259" oya="3" hai0="92,51,48,3,25,134,127,121,90,133,12,122,49" hai1="108,94,97,70,67,53,57,19,79,75,86,16,30" hai2="35,28,34,71,7,39,115,135,45,17,21,118,37" hai3="69,126,113,26,29,42,111,43,81,74,76,62,109"/><W77/><G113/><T98/><D3/><U82/><E108/><N who="3" m="41546" /><G76/><T95/><D127/><U23/><E70/><V18/><F71/><W32/><G126/><T101/><D25/><N who="1" m="16703" /><E75/><V64/><F115/><W78/><G78/><T128/><D128/><U131/><E131/><V1/><F64/><AGARI ba="1,1" hai="26,29,32,42,43,62,64,69,74,77,81" m="41546" machi="64" ten="30,2900,0" yaku="14,1,10,1" doraHai="5" who="3" fromWho="2" sc="260,0,244,0,227,-32,259,42" owari="260,6.0,244,-15.6,195,-30.5,301,40.1" /></mjloggm>