<mjloggm ver="2.3"><GO type="225" lobby="0"/><UN n0="%E5%A4%8F%E9%88%B4%E9%88%B4%E5%A4%8F" n1="%6D%75%75%6D%75%72%61" n2="%E3%81%82%E3%81%84%E3%81%82%E3%81%8A%E3%81%84" n3="%E3%81%AF%E3%82%88%E3%81%8A%E3%81%98%E3%81%95%E3%82%93" dan="16,16,18,16" rate="2126.77,2158.24,2237.38,2097.20" sx="M,F,M,M"/><TAIKYOKU oya="0"/><INIT seed="0,0,0,0,4,97" ten="250,250,250,250" oya="0" hai0="60,130,124,107,2,100,53,82,55,24,19,112,41" hai1="114,42,47,45,8,39,34,86,108,16,92,61,89" hai2="122,18,127,15,67,98,56,116,50,71,38,96,51" hai3="128,110,111,23,40,9,31,17,14,48,101,43,46"/><T78/><D112/><U0/><E114/><V99/><F38/><W93/><G128/><T91/><D2/><U129/><E129/><V57/><F122/><W75/><G75/><T63/><D130/><U30/><E108/><N who="3" m="41514" /><G43/><T119/><D41/><U11/><E0/><V62/><F127/><W105/><G105/><T120/><D119/><U26/><E47/><V113/><F113/><W69/><G69/><T5/><D5/><U33/><E33/><V64/><F116/><W20/><G31/><T80/><D91/><U10/><REACH who="1" step="1"/><E61/><REACH who="1" ten="250,240,250,250" step="2"/><N who="2" m="37927" /><F71/><W74/><G74/><T49/><D60/><U4/><E4/><V54/><F67/><W118/><G118/><T52/><D63/><U102/><E102/><V77/><F77/><W58/><G58/><T68/><D100/><U79/><E79/><V73/><F73/><W109/><G109/><T106/><D68/><U59/><E59/><V70/><F70/><W87/><G101/><T117/><D117/><U85/><E85/><V29/><F29/><W36/><G36/><T66/><D78/><U12/><AGARI ba="0,1" hai="8,10,11,12,16,26,30,34,39,42,45,86,89,92" machi="12" ten="30,4000,0" yaku="1,1,0,1,54,1,53,0" doraHai="97" doraHaiUra="94" who="1" fromWho="1" sc="250,-20,240,50,250,-10,250,-10" /><INIT seed="1,0,0,0,5,124" ten="230,290,240,240" oya="1" hai0="69,116,38,89,0,45,119,82,23,31,129,90,87" hai1="104,108,92,97,123,26,3,83,18,77,78,46,107" hai2="134,80,16,100,1,64,106,109,125,20,50,72,37" hai3="76,43,118,130,49,102,22,114,57,56,81,11,51"/><U58/><E123/><V93/><F37/><W70/><G114/><T7/><D69/><U74/><E3/><V88/><F1/><W66/><G118/><T75/><D75/><U41/><E78/><V135/><F64/><W24/><G102/><T33/><D33/><U68/><E68/><V94/><F125/><W32/><G32/><T85/><D129/><U62/><E26/><V5/><F5/><W2/><G70/><T120/><D120/><U13/><E108/><V105/><F50/><W4/><G130/><T6/><D116/><U67/><E18/><V12/><F109/><W131/><G131/><T48/><D38/><U25/><E25/><V53/><F53/><W132/><G132/><N who="2" m="50729" /><F100/><W29/><G66/><T91/><D119/><U103/><REACH who="1" step="1"/><E13/><REACH who="1" ten="230,280,240,240" step="2"/><V98/><F94/><W115/><G115/><T112/><D112/><U17/><E17/><V61/><F61/><W10/><G2/><T110/><D110/><U9/><E9/><V113/><F113/><W44/><G11/><T8/><D6/><U39/><AGARI ba="0,1" hai="39,41,46,58,62,67,74,77,83,92,97,103,104,107" machi="39" ten="20,7800,0" yaku="1,1,0,1,7,1,53,1" doraHai="124" doraHaiUra="79" who="1" fromWho="1" sc="230,-26,280,88,240,-26,240,-26" /><INIT seed="1,1,0,2,0,0" ten="204,368,214,214" oya="1" hai0="135,23,98,42,113,35,120,93,81,109,127,66,92" hai1="114,1,91,122,64,43,100,84,2,14,110,34,128" hai2="125,15,46,61,126,19,129,73,85,95,20,65,4" hai3="57,107,26,82,71,28,55,117,40,116,133,52,106"/><U63/><E114/><V47/><F73/><W80/><G71/><T121/><D35/><U99/><E122/><V86/><F129/><W69/><G69/><T90/><D66/><U102/><E128/><V88/><F86/><W132/><G40/><T12/><D113/><U17/><E34/><V123/><F123/><N who="0" m="47178" /><D109/><U48/><E100/><V96/><F85/><W131/><G131/><T21/><D127/><N who="2" m="48650" /><F4/><W13/><G13/><T29/><D135/><N who="3" m="51785" /><G107/><T59/><D42/><U74/><E74/><V36/><F36/><W79/><G106/><T37/><D37/><U108/><E108/><V6/><F6/><W58/><G58/><AGARI ba="1,0" hai="15,19,20,46,47,58,61,65,88,95,96" m="48650" machi="58" ten="30,2000,0" yaku="18,1,54,1" doraHai="0" who="2" fromWho="3" sc="204,0,368,0,214,23,214,-23" /><INIT seed="2,0,0,1,5,74" ten="204,368,237,191" oya="2" hai0="65,98,4,6,81,123,93,35,44,53,102,117,28" hai1="105,57,101,126,83,87,29,59,89,12,5,99,134" hai2="111,45,90,58,128,39,18,71,103,36,135,122,25" hai3="66,104,27,2,11,21,79,67,24,78,76,107,82"/><V42/><F122/><W43/><G43/><T8/><D123/><U15/><E134/><V22/><F71/><W56/><G82/><T131/><D131/><U127/><E29/><V51/><F135/><W132/><G132/><T120/><D120/><U7/><E15/><V0/><F0/><W64/><G56/><N who="1" m="21578" /><E12/><V16/><F128/><W17/><REACH who="3" step="1"/><G27/><REACH who="3" ten="204,368,237,181" step="2"/><T100/><D81/><U97/><E83/><V84/><F111/><W40/><G40/><T115/><D53/><U23/><E126/><V47/><F58/><W77/><N who="3" m="19456" /><DORA hai="121" /><W133/><G133/><T72/><D117/><U48/><E127/><V60/><F42/><W119/><G119/><T34/><D72/><U63/><E48/><V85/><F51/><W116/><G116/><T80/><D80/><U9/><E63/><V96/><F60/><W112/><G112/><T106/><D115/><U50/><E50/><V91/><F25/><W130/><G130/><T13/><D65/><U32/><E32/><V75/><F75/><W1/><G1/><T113/><D113/><U3/><E3/><V118/><F118/><W10/><G10/><N who="0" m="4295" /><D44/><U26/><E9/><V52/><F47/><W88/><G88/><T129/><D129/><U95/><E26/><V49/><F45/><W38/><G38/><T92/><D34/><U37/><E37/><V41/><F39/><W55/><G55/><T110/><D35/><U62/><E62/><V20/><F41/><W124/><G124/><T86/><D8/><U114/><E114/><V125/><F36/><W54/><G54/><T69/><D69/><U70/><E70/><RYUUKYOKU ba="0,1" sc="204,-10,368,-10,237,-10,181,30" hai3="2,11,17,21,24,64,66,67,104,107" /><INIT seed="3,1,1,2,0,33" ten="194,358,227,211" oya="3" hai0="65,85,103,97,82,81,59,60,123,98,134,111,113" hai1="95,14,121,109,61,8,12,114,110,105,40,68,73" hai2="89,84,120,93,57,58,91,96,56,130,69,70,17" hai3="64,19,75,28,47,76,101,22,2,39,31,51,7"/><W10/><G64/><T99/><D123/><U124/><E105/><V87/><F130/><W20/><G101/><T132/><D111/><N who="1" m="42507" /><E121/><V86/><F120/><W3/><G3/><T34/><D113/><U9/><E114/><V78/><F78/><W119/><G119/><T104/><D34/><U49/><E73/><V112/><F112/><W83/><G51/><T16/><D81/><U45/><E124/><V13/><REACH who="2" step="1"/><F89/><REACH who="2" ten="194,358,217,211" step="2"/><W131/><G131/><T108/><D108/><U37/><E8/><AGARI ba="1,2" hai="8,13,17,56,57,58,69,70,84,86,87,91,93,96" machi="8" ten="40,2600,0" yaku="1,1,2,1,53,0" doraHai="33" doraHaiUra="50" who="2" fromWho="1" sc="194,0,358,-29,217,49,211,0" owari="194,-30.6,329,42.9,266,6.6,211,-18.9" /></mjloggm>