<mjloggm ver="2.3"><GO type="225" lobby="0"/><UN n0="%E5%82%8D%E8%8B%A5%E7%84%A1%E4%BA%BA%35%31" n1="%E3%82%B3%E3%83%90%E3%83%AC%E3%82%A4" n2="%72%65%6E%6B%75%6E" n3="%E3%81%8B%E3%82%8F%E3%81%A1%E3%82%83%E3%82%93%35%38" dan="16,16,17,16" rate="2124.34,2113.41,2276.51,2121.87" sx="M,M,M,M"/><TAIKYOKU oya="0"/><INIT seed="0,0,0,0,3,32" ten="250,250,250,250" oya="0" hai0="51,25,79,31,131,113,92,50,12,2,81,99,41" hai1="114,42,45,16,80,1,107,64,101,63,69,46,128" hai2="111,11,77,22,30,112,3,36,135,90,134,106,37" hai3="23,83,48,73,34,89,117,76,78,27,102,40,38"/><T98/><D131/><U94/><E128/><V19/><F112/><W61/><G117/><T35/><D113/><U53/><E114/><V110/><F106/><W20/><G38/><N who="2" m="14953" /><F77/><W4/><G78/><T33/><D2/><U5/><E107/><V125/><F90/><W82/><G102/><T95/><D12/><U67/><E67/><V47/><F47/><W13/><G34/><T93/><D35/><U55/><E46/><V87/><F87/><W39/><G39/><T96/><REACH who="0" step="1"/><D41/><REACH who="0" ten="240,250,250,250" step="2"/><U130/><E42/><V71/><F3/><W84/><G40/><T88/><D88/><U97/><E130/><V108/><F125/><W123/><G89/><T21/><D21/><U121/><E1/><V29/><F11/><W43/><G43/><T115/><D115/><U9/><E9/><V60/><F134/><W24/><G20/><T122/><D122/><U52/><E121/><V100/><F135/><W91/><G123/><T10/><D10/><U132/><E132/><V54/><F100/><W65/><G23/><T6/><D6/><U103/><E5/><V126/><F126/><W86/><G4/><T8/><D8/><U7/><E7/><V68/><F30/><W70/><G13/><T129/><D129/><U14/><E103/><V0/><F29/><W49/><G24/><T120/><D120/><U75/><E14/><N who="2" m="9591" /><F0/><W133/><G133/><T72/><AGARI ba="0,1" hai="25,31,33,50,51,72,79,81,92,93,95,96,98,99" machi="72" ten="30,3000,0" yaku="1,1,0,1,53,0" doraHai="32" doraHaiUra="56" who="0" fromWho="0" sc="240,40,250,-10,250,-10,250,-10" /><INIT seed="0,1,0,2,4,48" ten="280,240,240,240" oya="0" hai0="58,94,40,7,59,78,112,84,4,106,41,8,30" hai1="132,97,71,82,88,1,121,11,118,57,62,90,128" hai2="18,126,110,102,109,119,95,3,47,46,0,85,56" hai3="63,9,43,36,100,64,37,12,55,20,2,127,107"/><T103/><D112/><U29/><E121/><V89/><F126/><W51/><G2/><N who="2" m="553" /><F119/><W38/><G20/><T50/><D106/><U81/><E118/><V108/><F102/><W65/><G100/><T134/><D134/><U17/><E132/><V91/><F18/><W34/><G34/><T31/><D103/><U93/><E71/><V124/><F124/><W72/><G72/><T92/><D50/><U105/><E105/><V99/><F56/><N who="3" m="35231" /><G12/><T42/><D78/><U115/><E115/><V113/><F113/><W24/><G24/><T15/><D7/><U68/><E68/><V129/><F129/><W39/><G9/><T67/><D67/><N who="3" m="25673" /><G107/><T98/><D98/><U120/><E128/><V77/><F77/><W16/><G16/><T101/><D101/><U26/><E120/><V130/><F130/><W74/><G74/><T96/><D96/><U123/><E123/><V23/><F23/><W125/><N who="3" m="9216" /><DORA hai="122" /><W6/><G6/><T86/><D31/><U135/><E90/><V80/><AGARI ba="1,0" hai="46,47,80,85,89,91,95,99,108,109,110" m="553" machi="80" ten="40,8000,1" yaku="14,1,52,3" doraHai="48,122" who="2" fromWho="2" sc="280,-41,240,-21,240,83,240,-21" /><INIT seed="1,0,0,5,2,74" ten="239,219,323,219" oya="1" hai0="105,9,103,112,125,124,10,55,48,39,102,121,29" hai1="52,26,107,72,23,47,99,127,7,118,65,42,110" hai2="131,32,89,19,63,49,111,43,30,119,104,28,96" hai3="4,82,20,46,130,79,122,53,45,81,13,135,16"/><U8/><E118/><V75/><F119/><W12/><G122/><T22/><D39/><U60/><E72/><V56/><F111/><W71/><G71/><T37/><D37/><U77/><E110/><V80/><F131/><W100/><G130/><T78/><D112/><U94/><E107/><V73/><F19/><W1/><G1/><T91/><D121/><U44/><E127/><N who="0" m="48713" /><D78/><U128/><E128/><V90/><F104/><W92/><G135/><T101/><D91/><U133/><E77/><V87/><F96/><N who="3" m="59399" /><G82/><T115/><D115/><U41/><E133/><V64/><F90/><W69/><G69/><T54/><D105/><U113/><E113/><V76/><F32/><W17/><G4/><T68/><D68/><U132/><E132/><V27/><F27/><N who="3" m="14727" /><G53/><N who="0" m="19979" /><D48/><U15/><E42/><V24/><F24/><AGARI ba="0,0" hai="9,10,22,24,29,101,102,103" m="19979,48713" machi="24" ten="40,1300,0" yaku="18,1" doraHai="74" who="0" fromWho="2" sc="239,13,219,0,323,-13,219,0" /><INIT seed="2,0,0,0,3,13" ten="252,219,310,219" oya="2" hai0="29,124,101,90,49,19,72,93,86,52,39,59,121" hai1="73,79,57,134,92,131,42,88,35,22,58,36,113" hai2="11,98,8,63,14,21,84,1,114,56,53,125,135" hai3="110,112,0,102,111,103,99,132,67,43,75,119,77"/><V65/><F114/><W105/><G0/><T126/><D121/><U133/><E35/><V82/><F135/><W78/><G43/><T55/><D39/><U60/><E113/><V62/><F125/><N who="0" m="48234" /><D72/><U108/><E131/><V83/><F98/><N who="3" m="61655" /><G112/><T104/><D29/><U122/><E122/><V7/><F21/><W37/><G37/><T27/><D101/><U4/><E4/><V5/><REACH who="2" step="1"/><F84/><REACH who="2" ten="252,219,300,219" step="2"/><W48/><G132/><T6/><D104/><U31/><E133/><V30/><F30/><W10/><G111/><T23/><D6/><U26/><E108/><V34/><F34/><W47/><G110/><T15/><D55/><U61/><E134/><V85/><F85/><W24/><G99/><T71/><D71/><AGARI ba="0,1" hai="1,5,7,8,11,14,53,56,62,63,65,71,82,83" machi="71" ten="30,2900,0" yaku="1,1,7,1,53,0" doraHai="13" doraHaiUra="16" who="2" fromWho="0" sc="252,-29,219,0,300,39,219,0" /><INIT seed="2,1,0,2,0,74" ten="223,219,339,219" oya="2" hai0="46,75,107,42,77,122,63,53,48,98,112,37,104" hai1="126,106,40,84,28,70,100,117,88,52,60,64,96" hai2="26,61,11,68,90,2,34,123,119,93,22,23,85" hai3="33,31,69,39,97,44,103,91,41,13,55,51,111"/><V102/><F119/><W125/><G69/><T73/><D122/><U62/><E117/><V120/><F34/><W110/><G125/><T133/><D112/><U114/><E126/><V3/><F102/><W12/><G91/><T25/><D133/><U54/><E40/><V67/><F23/><W101/><G31/><T89/><D63/><U80/><E114/><V20/><F22/><W58/><G33/><T5/><D25/><U78/><E62/><V109/><F109/><N who="3" m="41483" /><G103/><T66/><D66/><U127/><E127/><V86/><F85/><W16/><G16/><T19/><D19/><U43/><E43/><V129/><F129/><W87/><G87/><T15/><D75/><U14/><E14/><V27/><F27/><W113/><G113/><T128/><D128/><U30/><E30/><V35/><F35/><W132/><G132/><T49/><D89/><U0/><E0/><V118/><F118/><W50/><G50/><T10/><D98/><U105/><E105/><AGARI ba="1,0" hai="12,13,39,41,44,51,55,58,97,101,105" m="41483" machi="105" ten="30,1000,0" yaku="14,1" doraHai="74" who="3" fromWho="1" sc="223,0,219,-13,339,0,219,13" /><INIT seed="3,0,0,1,3,41" ten="223,206,339,232" oya="3" hai0="67,74,63,49,118,53,54,43,18,116,58,85,102" hai1="75,99,8,40,19,29,23,46,24,131,109,84,64" hai2="26,32,120,92,10,121,33,88,2,81,11,45,31" hai3="7,106,9,111,65,36,113,20,28,47,35,90,44"/><W66/><G113/><T134/><D74/><U37/><E75/><V96/><F32/><W71/><G106/><T110/><D102/><U16/><E131/><V108/><F108/><W98/><G35/><T91/><D110/><U77/><E109/><V39/><F39/><W95/><G111/><T79/><D79/><U12/><E64/><N who="3" m="24682" /><G36/><T13/><D134/><U76/><E99/><V4/><F45/><N who="3" m="17483" /><G71/><T104/><D104/><U5/><E84/><V86/><REACH who="2" step="1"/><F11/><REACH who="2" ten="223,206,329,232" step="2"/><W34/><G34/><T59/><D43/><U42/><E42/><V3/><F3/><W100/><G9/><N who="0" m="6447" /><D118/><U0/><E19/><V17/><F17/><W62/><G7/><T93/><D116/><U6/><E5/><V133/><F133/><W128/><G128/><T38/><D38/><U60/><E60/><V82/><F82/><W68/><G62/><T25/><D67/><U122/><E122/><V89/><AGARI ba="0,1" hai="2,4,10,26,31,33,81,86,88,89,92,96,120,121" machi="89" ten="30,4000,0" yaku="1,1,0,1,54,1,53,0" doraHai="41" doraHaiUra="103" who="2" fromWho="2" sc="223,-10,206,-10,329,50,232,-20" owari="213,1.3,196,-30.4,379,47.9,212,-18.8" /></mjloggm>