<mjloggm ver="2.3"><GO type="225" lobby="0"/><UN n0="%E6%81%A5%E6%99%92%E3%81%97" n1="%E3%81%BE%E3%81%A8%E3%81%9F" n2="%E3%81%A6%E3%82%93%E3%81%8F%E3%81%86" n3="%72%69%6F%75%63%68%61%6E" dan="16,17,16,16" rate="2111.52,2138.88,2145.91,2143.53" sx="M,M,M,M"/><TAIKYOKU oya="0"/><INIT seed="0,0,0,4,2,70" ten="250,250,250,250" oya="0" hai0="107,25,100,9,34,74,7,76,73,13,111,108,46" hai1="64,40,59,30,56,112,48,49,96,63,129,50,118" hai2="75,57,94,54,68,81,60,67,1,47,77,105,87" hai3="116,6,106,113,121,84,127,99,53,35,10,17,122"/><T95/><D107/><U55/><E118/><V38/><F105/><W69/><G113/><T3/><D13/><U123/><E123/><N who="3" m="47114" /><G116/><T115/><D115/><U102/><E129/><V103/><F1/><W21/><G35/><T88/><D100/><U78/><E112/><V93/><F103/><N who="3" m="62847" /><G69/><T120/><D120/><U79/><E30/><V130/><F130/><W18/><G127/><T39/><D34/><U23/><E23/><V101/><F101/><W104/><G104/><T61/><D61/><U110/><E110/><N who="0" m="42025" /><D25/><U83/><E40/><N who="2" m="22935" /><F75/><W32/><G32/><T5/><D5/><U26/><E26/><V126/><F126/><W28/><G53/><T11/><D11/><U114/><E114/><V45/><F45/><W43/><G43/><N who="0" m="22911" /><D76/><U72/><E78/><V41/><F41/><W65/><G65/><T31/><D31/><U2/><E2/><V33/><F33/><W109/><G109/><T51/><D51/><AGARI ba="0,0" hai="51,54,57,60,67,68,77,81,87,93,94" m="22935" machi="51" ten="30,2000,0" yaku="24,1,52,1" doraHai="70" who="2" fromWho="0" sc="250,-20,250,0,250,20,250,0" /><INIT seed="1,0,0,1,0,83" ten="230,250,270,250" oya="1" hai0="127,133,48,90,35,113,54,38,122,112,67,1,86" hai1="60,2,98,9,107,5,104,44,89,79,37,69,111" hai2="109,47,22,100,49,24,65,21,135,91,114,87,120" hai3="27,77,10,55,16,51,97,81,4,128,99,88,82"/><U73/><E111/><V72/><F109/><W62/><G128/><T70/><D38/><U92/><E69/><V75/><F120/><W52/><G62/><T28/><D122/><U134/><E60/><V71/><F135/><W40/><G40/><T17/><D133/><U68/><E68/><V74/><F114/><W32/><G32/><T130/><D130/><U11/><E11/><V123/><F123/><W101/><G81/><T12/><D127/><U53/><E53/><V3/><F3/><W102/><G4/><T29/><D1/><U106/><E134/><V8/><F8/><W26/><G26/><T18/><D67/><U108/><E108/><V23/><F100/><N who="3" m="38507" /><G77/><T15/><D70/><U39/><REACH who="1" step="1"/><E44/><REACH who="1" ten="230,240,270,250" step="2"/><V36/><F71/><W93/><G10/><T118/><D112/><U124/><E124/><V58/><F65/><W56/><G55/><T46/><D113/><U42/><E42/><V110/><F110/><W126/><G126/><T105/><D118/><U45/><E45/><V59/><F59/><W64/><G64/><T131/><D54/><U13/><E13/><V20/><F58/><W76/><G56/><T30/><D46/><U132/><E132/><V19/><F36/><W66/><G66/><T125/><D125/><U80/><AGARI ba="0,1" hai="2,5,9,37,39,73,79,80,89,92,98,104,106,107" machi="80" ten="40,7800,0" yaku="1,1,0,1,53,1" doraHai="83" doraHaiUra="6" who="1" fromWho="1" sc="230,-26,240,88,270,-26,250,-26" /><INIT seed="1,1,0,1,3,83" ten="204,328,244,224" oya="1" hai0="60,100,18,114,46,28,76,86,88,103,97,9,71" hai1="7,130,104,105,65,47,135,20,53,110,122,72,55" hai2="38,15,131,73,127,5,75,36,26,25,40,10,4" hai3="49,102,35,21,78,16,129,14,94,58,33,48,61"/><U42/><E122/><V43/><F15/><W13/><G129/><T74/><D114/><U123/><E123/><V11/><REACH who="2" step="1"/><F127/><REACH who="2" ten="204,328,234,224" step="2"/><W64/><G13/><N who="0" m="7471" /><D74/><U133/><E130/><AGARI ba="1,1" hai="4,5,10,11,25,26,36,38,40,43,73,75,130,131" machi="130" ten="25,3200,0" yaku="1,1,22,2,53,0" doraHai="83" doraHaiUra="113" who="2" fromWho="1" sc="204,0,328,-35,234,45,224,0" /><INIT seed="2,0,0,4,1,13" ten="204,293,279,224" oya="2" hai0="50,51,38,134,84,81,40,88,113,128,94,15,106" hai1="131,73,45,102,20,7,30,56,90,39,26,62,96" hai2="52,4,91,135,16,67,103,70,98,71,9,21,64" hai3="65,25,132,130,11,127,43,32,42,118,112,34,14"/><V107/><F135/><W126/><G118/><T41/><D113/><U28/><E131/><V59/><F71/><W49/><G130/><T116/><D134/><U10/><E73/><V66/><F70/><W3/><G132/><T18/><D106/><U115/><E115/><V24/><F91/><W89/><G112/><T105/><D105/><U19/><E90/><V12/><F66/><W110/><G110/><T123/><D123/><U109/><E109/><V86/><F86/><W5/><G65/><T95/><D128/><U46/><E30/><V72/><F72/><W78/><G78/><T108/><D108/><U129/><E28/><V63/><AGARI ba="0,0" hai="4,9,12,16,21,24,52,59,63,64,67,98,103,107" machi="63" ten="20,12000,1" yaku="0,1,7,1,52,1,54,2" doraHai="13" who="2" fromWho="2" sc="204,-40,293,-40,279,120,224,-40" /><INIT seed="2,1,0,1,0,98" ten="164,253,399,184" oya="2" hai0="130,26,64,67,124,76,118,59,84,91,22,5,13" hai1="73,117,78,82,38,31,28,61,16,135,100,7,45" hai2="72,71,80,89,49,86,96,121,95,33,8,122,97" hai3="25,102,111,12,70,88,9,112,92,30,34,68,47"/><V4/><F33/><W127/><G111/><T101/><D130/><U132/><E117/><V116/><F116/><W41/><G127/><T104/><D124/><U74/><E7/><V123/><F71/><W55/><G112/><T120/><D120/><U115/><E115/><V2/><F72/><W69/><G55/><T105/><D105/><U19/><E74/><V63/><F63/><W1/><G1/><T65/><D118/><U133/><E100/><V32/><F32/><W10/><G102/><T3/><D3/><U126/><E126/><V35/><F35/><W87/><REACH who="3" step="1"/><G12/><REACH who="3" ten="164,253,399,174" step="2"/><T60/><D101/><U106/><E133/><V0/><F0/><W57/><G57/><T128/><D128/><U17/><E132/><V83/><F123/><W103/><G103/><T51/><D59/><U50/><E135/><V54/><F122/><W94/><G94/><T79/><D13/><U29/><E106/><V129/><F129/><W37/><AGARI ba="1,1" hai="9,10,25,30,34,37,41,47,68,69,70,87,88,92" machi="37" ten="30,7900,0" yaku="1,1,0,1,54,1,53,1" doraHai="98" doraHaiUra="20" who="3" fromWho="3" sc="164,-21,253,-21,399,-40,174,92" /><INIT seed="3,0,0,2,0,51" ten="143,232,359,266" oya="3" hai0="104,70,92,116,84,43,78,39,15,58,114,31,54" hai1="109,22,8,14,119,121,105,25,56,75,123,9,10" hai2="120,95,5,7,21,49,101,23,81,27,93,44,34" hai3="29,19,73,132,20,52,50,99,129,63,100,111,2"/><W28/><G2/><T125/><D116/><U134/><E75/><V76/><F34/><W69/><G73/><T89/><D125/><U115/><E105/><V57/><F120/><N who="1" m="46153" /><E56/><V60/><F76/><W71/><G129/><T36/><D70/><U40/><E40/><N who="2" m="24711" /><F81/><W26/><G132/><T127/><D127/><U37/><E37/><V88/><F101/><W45/><G111/><T47/><D114/><U46/><E46/><V72/><F72/><W74/><G74/><T48/><D104/><U4/><E109/><V59/><F57/><W3/><G3/><T124/><D124/><U126/><E126/><V42/><F42/><W97/><G97/><T107/><D107/><U24/><E115/><V110/><F93/><W0/><G0/><T98/><D31/><N who="1" m="17815" /><E134/><V80/><F80/><W79/><G79/><T106/><D106/><U67/><E67/><N who="2" m="39327" /><F110/><W11/><G71/><T131/><D131/><U122/><N who="1" m="46161" /><U33/><DORA hai="66" /><E119/><V113/><F113/><W108/><G108/><T13/><D78/><U65/><E65/><V82/><F82/><W18/><G69/><T1/><D1/><U135/><E135/><V12/><F95/><N who="3" m="58495" /><G63/><T91/><REACH who="0" step="1"/><D36/><REACH who="0" ten="133,232,359,266" step="2"/><U30/><AGARI ba="0,1" hai="4,8,9,10,14,25,30,33" m="17815,46161" machi="30" ten="40,2700,0" yaku="34,2" doraHai="51,66" who="1" fromWho="1" sc="133,-7,232,37,359,-7,266,-13" owari="126,-37.4,269,6.9,352,45.2,253,-14.7" /></mjloggm>