<mjloggm ver="2.3"><GO type="225" lobby="0"/><UN n0="%65%6B%61%72%75%74%65" n1="%E9%80%9F%E6%B0%B4%E5%87%9B%E9%A6%99" n2="%E7%B4%94%E6%BD%94%E3%83%94%E3%83%A9%E3%83%8B%E3%82%A2" n3="%E9%B3%B3%E6%9D%B1%E3%81%AE%E3%81%86%E3%81%95%E3%81%8E%E3%81%95%E3%82%93" dan="16,16,18,17" rate="2162.15,2106.25,2307.29,2268.63" sx="M,F,M,M"/><TAIKYOKU oya="0"/><INIT seed="0,0,0,0,3,122" ten="250,250,250,250" oya="0" hai0="99,80,9,112,5,38,77,2,34,83,30,78,65" hai1="7,52,123,12,58,46,15,36,47,98,29,53,66" hai2="104,100,106,24,90,64,71,131,39,111,37,125,18" hai3="84,35,105,109,57,55,54,128,25,133,132,45,94"/><T60/><D112/><U3/><E123/><V89/><F125/><W115/><G115/><T63/><D38/><U1/><E36/><V62/><F131/><W14/><G105/><T74/><D34/><U93/><E66/><V20/><F39/><W68/><G68/><T28/><D99/><U44/><E29/><V21/><F37/><W40/><G128/><T73/><REACH who="0" step="1"/><D63/><REACH who="0" ten="240,250,250,250" step="2"/><U107/><E107/><V101/><F106/><W59/><G35/><T27/><D27/><U108/><E108/><V81/><F104/><W75/><G25/><T135/><D135/><U8/><E1/><V10/><F62/><W110/><G133/><T127/><D127/><U70/><E70/><AGARI ba="0,1" hai="2,5,9,28,30,60,65,70,73,74,77,78,80,83" machi="70" ten="30,12000,1" yaku="1,1,7,1,9,1,53,2" doraHai="122" doraHaiUra="26" who="0" fromWho="1" sc="240,130,250,-120,250,0,250,0" /><INIT seed="0,1,0,4,2,1" ten="370,130,250,250" oya="0" hai0="58,83,47,75,69,100,37,28,9,123,99,55,43" hai1="44,124,117,6,134,133,60,26,96,73,10,112,20" hai2="131,98,42,122,53,94,114,72,40,49,27,82,5" hai3="66,102,16,135,68,91,89,50,110,7,116,13,63"/><T120/><D69/><U105/><E73/><V106/><F106/><W4/><G116/><T125/><D125/><U18/><E117/><V57/><F122/><W23/><G110/><T48/><D28/><U2/><E124/><V86/><F114/><W90/><G135/><T35/><D35/><U79/><E79/><V109/><F72/><W3/><G3/><T24/><D24/><U128/><E128/><V92/><F109/><W33/><G33/><T118/><D118/><U84/><E84/><V45/><F131/><W80/><G80/><T0/><D83/><U119/><E119/><V51/><F27/><W32/><G32/><T21/><D21/><U15/><E44/><V78/><F94/><W39/><G39/><T121/><D75/><U113/><E60/><V34/><F34/><W93/><REACH who="3" step="1"/><G50/><REACH who="3" ten="370,130,250,240" step="2"/><T104/><REACH who="0" step="1"/><D120/><REACH who="0" ten="360,130,250,240" step="2"/><U70/><E134/><V77/><F82/><W46/><G46/><T54/><D54/><U52/><E133/><V8/><F40/><W81/><G81/><T115/><D115/><U12/><E52/><V11/><F53/><W74/><G74/><T38/><D38/><U107/><E113/><V67/><F45/><W87/><G87/><T97/><D97/><AGARI ba="1,2" hai="4,7,13,16,23,63,66,68,89,90,91,93,97,102" machi="97" ten="40,8000,1" yaku="1,1,52,2,54,1,53,0" doraHai="1" doraHaiUra="127" who="3" fromWho="0" sc="360,-83,130,0,250,0,240,103" /><INIT seed="1,0,0,2,5,83" ten="277,130,250,343" oya="1" hai0="122,72,21,101,45,79,75,32,91,98,105,106,59" hai1="129,14,5,56,74,60,103,67,118,102,89,2,51" hai2="132,109,110,120,52,76,87,121,125,6,20,53,114" hai3="86,27,10,124,46,130,50,29,55,58,93,113,117"/><U85/><E118/><V126/><F6/><W127/><G113/><T40/><D32/><U24/><E2/><V63/><F20/><W43/><G117/><T108/><D122/><N who="2" m="47210" /><F114/><W112/><G112/><T94/><D108/><N who="2" m="41578" /><F132/><W33/><G130/><T17/><D59/><U16/><E74/><V38/><F38/><W71/><G71/><T115/><D115/><U123/><E123/><V54/><F63/><W49/><G10/><T99/><D79/><U62/><E129/><V22/><F22/><W42/><G42/><T65/><D65/><U31/><E5/><V19/><F19/><W95/><G86/><T41/><D106/><U34/><E62/><V57/><F57/><W92/><AGARI ba="0,0" hai="27,29,33,43,46,49,50,55,58,92,93,95,124,127" machi="92" ten="30,1100,0" yaku="0,1" doraHai="83" who="3" fromWho="3" sc="277,-3,130,-5,250,-3,343,11" /><INIT seed="2,0,0,3,2,96" ten="274,125,247,354" oya="2" hai0="10,117,19,85,70,129,92,2,21,119,52,58,74" hai1="22,90,4,71,6,118,25,69,125,7,60,17,36" hai2="45,114,107,99,12,67,62,46,64,123,106,116,23" hai3="9,48,121,115,110,11,13,97,57,124,66,76,50"/><V37/><F123/><W54/><G121/><T78/><D70/><U104/><E118/><N who="0" m="45065" /><D129/><U98/><E36/><V42/><F116/><W28/><G110/><T61/><D2/><U89/><E125/><V49/><F114/><W127/><G115/><T108/><D108/><U44/><E44/><V77/><F77/><W79/><G28/><T56/><D10/><U68/><REACH who="1" step="1"/><E60/><REACH who="1" ten="274,115,247,354" step="2"/><V31/><F62/><W32/><G127/><T3/><D61/><U86/><E86/><V130/><F130/><W80/><G124/><T18/><D85/><U33/><E33/><V65/><F99/><W100/><G32/><T16/><D74/><U81/><E81/><V132/><F132/><W47/><G80/><T1/><D1/><U29/><E29/><V84/><F84/><W15/><G47/><T83/><D3/><U63/><E63/><V30/><F30/><W39/><G39/><T27/><D83/><U113/><E113/><V40/><F31/><W59/><G66/><T87/><D87/><U111/><E111/><V93/><F93/><W112/><G112/><T75/><D92/><U109/><E109/><V88/><F64/><W102/><G97/><T101/><D75/><U95/><E95/><V26/><F67/><W122/><G122/><T120/><D120/><U131/><E131/><V14/><F65/><W133/><G133/><T24/><D58/><U20/><E20/><V55/><F37/><W105/><G105/><T82/><D56/><U34/><E34/><V128/><F107/><W41/><G59/><T135/><D135/><U53/><E53/><V134/><F55/><RYUUKYOKU ba="0,1" sc="274,-10,115,30,247,-10,354,-10" hai1="4,6,7,17,22,25,68,69,71,89,90,98,104" /><INIT seed="3,1,1,0,5,68" ten="264,145,237,344" oya="3" hai0="110,131,100,99,24,65,66,17,127,60,133,1,46" hai1="23,115,79,120,93,48,62,3,89,129,117,123,5" hai2="105,31,78,16,97,135,45,6,49,76,59,28,95" hai3="132,18,2,124,64,33,38,42,113,53,57,34,39"/><W8/><G113/><T26/><D1/><U63/><E115/><V4/><F105/><W121/><G121/><T107/><D46/><U111/><E111/><V11/><F59/><W69/><G132/><T52/><D17/><U55/><E79/><N who="2" m="30251" /><F135/><W15/><G2/><T13/><D13/><U73/><E73/><V130/><F130/><W37/><G124/><T29/><D26/><U92/><E129/><V30/><F16/><W101/><G101/><T71/><D66/><U84/><E117/><V54/><F11/><W82/><G82/><T74/><D74/><U70/><E70/><V22/><F22/><W19/><G42/><T27/><D27/><U122/><E93/><V126/><F126/><W125/><G125/><T58/><D110/><U112/><E112/><V50/><F49/><W103/><G103/><AGARI ba="1,1" hai="4,6,28,30,31,45,50,54,95,97,103" m="30251" machi="103" ten="30,1000,0" yaku="8,1" doraHai="68" who="2" fromWho="3" sc="264,0,145,0,237,23,344,-13" owari="264,6.4,145,-35.5,260,-14.0,331,43.1" /></mjloggm>