<mjloggm ver="2.3"><GO type="225" lobby="0"/><UN n0="%E3%81%BF%E3%81%BF%E3%81%9A" n1="%72%69%6F%75%63%68%61%6E" n2="%E8%90%BD%E6%97%A5" n3="%E3%81%A8%E3%82%89%E3%81%84%E3%81%A1" dan="16,16,16,16" rate="2188.96,2119.44,2090.02,2111.49" sx="M,M,F,M"/><TAIKYOKU oya="0"/><INIT seed="0,0,0,5,5,65" ten="250,250,250,250" oya="0" hai0="117,85,13,26,61,78,135,129,88,100,36,112,2" hai1="66,64,44,97,46,41,125,109,48,59,16,114,18" hai2="102,56,30,8,81,52,28,120,91,39,42,106,40" hai3="133,58,128,12,76,72,132,53,79,14,37,49,103"/><T38/><D112/><U6/><E114/><V82/><F120/><W33/><G33/><T45/><D2/><U34/><E109/><V70/><F70/><W3/><G3/><T4/><D117/><U60/><E125/><V31/><F106/><W1/><G1/><T87/><D100/><U84/><E34/><V90/><F102/><W80/><G79/><T17/><D129/><U118/><E118/><V51/><F8/><W43/><G128/><T75/><D75/><U50/><E6/><V126/><F126/><W93/><G37/><T54/><D135/><N who="3" m="51785" /><G43/><N who="2" m="16425" /><F39/><W22/><G22/><N who="0" m="13647" /><D38/><U89/><E66/><V110/><F110/><W7/><G7/><T68/><D68/><U74/><E74/><V20/><F20/><W94/><G103/><T19/><D36/><U32/><E32/><V71/><F71/><W113/><G113/><T86/><D4/><U10/><E10/><V111/><F111/><W130/><G130/><T77/><D88/><AGARI ba="0,0" hai="28,30,31,51,52,56,81,82,88,90,91" m="16425" machi="88" ten="30,3900,0" yaku="8,1,54,2" doraHai="65" who="2" fromWho="0" sc="250,-39,250,0,250,39,250,0" /><INIT seed="1,0,0,0,4,105" ten="211,250,289,250" oya="1" hai0="6,10,61,72,3,91,133,120,81,88,17,33,101" hai1="86,94,118,13,69,135,98,35,70,24,64,85,129" hai2="116,68,73,114,121,15,52,112,100,50,126,5,103" hai3="56,117,90,130,74,93,95,59,27,124,47,18,66"/><U28/><E118/><V19/><F116/><W89/><G124/><T79/><D133/><U122/><E122/><V82/><F121/><W26/><G117/><T4/><D120/><U107/><E135/><V49/><F68/><W42/><G130/><T23/><D6/><U102/><E129/><V48/><F5/><W78/><G78/><T57/><D33/><U99/><E13/><V53/><F126/><W34/><G34/><T0/><D101/><U54/><E54/><V29/><F29/><W46/><G66/><T123/><D0/><U22/><E22/><V125/><F125/><W60/><G60/><T108/><D108/><U12/><E12/><V1/><F1/><W8/><G42/><T39/><D39/><U106/><E106/><V71/><F71/><W65/><G65/><T25/><REACH who="0" step="1"/><D123/><REACH who="0" ten="201,250,289,250" step="2"/><U43/><E70/><V80/><F103/><W84/><G18/><T31/><D31/><U115/><E115/><V87/><F100/><W109/><G109/><T2/><D2/><U110/><E110/><V83/><F112/><W45/><G8/><T32/><D32/><U16/><E16/><V104/><F114/><W58/><REACH who="3" step="1"/><G74/><REACH who="3" ten="201,250,289,240" step="2"/><T96/><D96/><AGARI ba="0,2" hai="26,27,45,46,47,56,58,59,84,89,90,93,95,96" machi="96" ten="40,5200,0" yaku="1,1,2,1,8,1,53,0" doraHai="105" doraHaiUra="7" who="3" fromWho="0" sc="201,-52,250,0,289,0,240,72" /><INIT seed="2,0,0,4,4,15" ten="149,250,289,312" oya="2" hai0="39,23,103,81,88,12,29,1,38,117,80,89,55" hai1="42,112,67,21,36,57,33,100,79,56,11,20,69" hai2="27,96,6,92,49,93,102,24,85,125,86,4,0" hai3="62,32,72,13,124,48,22,47,73,44,46,18,54"/><V108/><F125/><W123/><G123/><T109/><D1/><U116/><E112/><V64/><F108/><W106/><G124/><T115/><D115/><U61/><E116/><V70/><F70/><W78/><G106/><T17/><D109/><U119/><E119/><V8/><F64/><W97/><G32/><T90/><D117/><U26/><E79/><V121/><F121/><W77/><G97/><T134/><D134/><U25/><E33/><V132/><F132/><W63/><G72/><T65/><D65/><U51/><E100/><V101/><F49/><W126/><G126/><T68/><D68/><U71/><E11/><V50/><F50/><W118/><G118/><T5/><D5/><U131/><E131/><V2/><F96/><W129/><G129/><T66/><D66/><U94/><E94/><V114/><REACH who="2" step="1"/><F8/><REACH who="2" ten="149,250,279,312" step="2"/><W59/><REACH who="3" step="1"/><G73/><REACH who="3" ten="149,250,279,302" step="2"/><T111/><D111/><U99/><E99/><V28/><F28/><W84/><G84/><T133/><D133/><U135/><E135/><V10/><F10/><W30/><G30/><T104/><D29/><U45/><E71/><V9/><F9/><W37/><G37/><T130/><D130/><U113/><E113/><AGARI ba="0,2" hai="0,2,4,6,24,27,85,86,92,93,101,102,113,114" machi="113" ten="25,12000,1" yaku="1,1,22,2,53,2" doraHai="15" doraHaiUra="35" who="2" fromWho="1" sc="149,0,250,-120,279,140,302,0" /><INIT seed="2,1,0,4,5,128" ten="149,130,419,302" oya="2" hai0="16,55,112,69,111,70,10,130,5,108,13,109,32" hai1="135,49,42,34,91,0,93,126,117,72,85,12,40" hai2="48,127,58,101,97,1,54,64,62,114,8,39,123" hai3="19,104,79,57,24,124,61,121,41,83,107,75,18"/><V25/><F114/><W29/><G121/><T30/><D112/><U102/><E117/><V84/><F123/><W98/><G124/><T14/><D55/><U122/><E0/><V20/><F127/><W129/><G129/><T6/><D130/><U68/><E126/><V44/><F1/><W73/><G73/><T132/><D132/><U110/><E72/><V65/><F8/><W94/><G41/><T131/><D131/><U106/><E122/><V71/><F84/><W11/><G11/><N who="0" m="4335" /><D6/><U116/><E116/><V28/><F39/><W46/><G46/><T23/><D32/><U80/><E68/><N who="0" m="26217" /><D30/><U33/><E135/><V134/><F134/><W90/><G19/><T99/><D99/><U51/><E106/><V115/><F115/><W67/><REACH who="3" step="1"/><G18/><REACH who="3" ten="149,130,419,292" step="2"/><T92/><D10/><U22/><E40/><V50/><F71/><W9/><G9/><T100/><D109/><U26/><E110/><V47/><F47/><W76/><G76/><T119/><D119/><U31/><E42/><V38/><F38/><W2/><G2/><T66/><D111/><U21/><E12/><V78/><F78/><W52/><G52/><T113/><D108/><U105/><E105/><V125/><F125/><W63/><G63/><T37/><D113/><U96/><REACH who="1" step="1"/><E21/><AGARI ba="1,1" hai="21,24,29,57,61,67,75,79,83,90,94,98,104,107" machi="21" ten="30,2000,0" yaku="1,1,7,1,53,0" doraHai="128" doraHaiUra="81" who="3" fromWho="1" sc="149,0,130,-23,419,0,292,33" /><INIT seed="3,0,0,1,0,96" ten="149,107,419,325" oya="3" hai0="67,8,122,95,92,57,124,111,82,65,98,85,87" hai1="19,99,20,131,127,13,40,75,66,44,93,79,71" hai2="31,2,15,94,30,48,22,133,81,45,38,130,117" hai3="43,14,110,16,129,21,104,69,109,28,3,132,80"/><W26/><G132/><T39/><D122/><U51/><E127/><V64/><F2/><W112/><G112/><T108/><D39/><U91/><E131/><V55/><F117/><W56/><G129/><T29/><D124/><U23/><E75/><V0/><F0/><W72/><G69/><T49/><D29/><U106/><E79/><V7/><F130/><W116/><G116/><T102/><D8/><U41/><E71/><V12/><F38/><W6/><G104/><T47/><D92/><U86/><E66/><N who="0" m="25097" /><D57/><U83/><E106/><V36/><F15/><W58/><G43/><N who="0" m="24831" /><D82/><U10/><REACH who="1" step="1"/><E40/><REACH who="1" ten="149,97,419,325" step="2"/><V77/><F12/><W103/><G103/><T73/><D73/><U123/><E123/><V105/><F22/><W89/><G3/><T25/><D25/><U115/><E115/><V114/><F7/><W27/><G6/><T88/><D102/><U90/><AGARI ba="0,1" hai="10,13,19,20,23,41,44,51,83,86,90,91,93,99" machi="90" ten="20,5200,0" yaku="1,1,0,1,7,1,8,1,53,0" doraHai="96" doraHaiUra="53" who="1" fromWho="1" sc="149,-13,97,62,419,-13,325,-26" owari="136,-36.4,159,-24.1,406,50.6,299,9.9" /></mjloggm>