<mjloggm ver="2.3"><GO type="225" lobby="0"/><UN n0="%E5%BE%80%E5%B9%B4%E3%81%AE%E3%82%B4%E3%83%AA%E3%83%A9" n1="%E6%9C%AA%E6%9D%A5%E5%B0%91%E5%B9%B4" n2="%E6%80%AA%E3%81%97%E3%81%99%E3%81%8E%E3%82%8B%E3%83%81%E3%83%BC" n3="%E3%81%99%E3%81%84%E3%81%BE%E3%81%9B%E3%83%BC%E3%82%93" dan="16,16,16,16" rate="2090.07,2157.98,2058.56,2093.81" sx="M,M,M,M"/><TAIKYOKU oya="0"/><INIT seed="0,0,0,1,1,37" ten="250,250,250,250" oya="0" hai0="134,43,133,118,46,39,126,120,50,117,114,58,119" hai1="45,90,97,81,92,125,121,70,61,53,42,112,107" hai2="1,27,80,64,55,72,15,21,86,48,94,96,99" hai3="40,19,51,22,4,123,74,41,32,44,33,9,69"/><T104/><D104/><U18/><E121/><V30/><F72/><W3/><G69/><T31/><D31/><U36/><E125/><V14/><F1/><W63/><G123/><T124/><D120/><U38/><E112/><V5/><F64/><W122/><G122/><T93/><D93/><U135/><E135/><N who="0" m="51721" /><D114/><U83/><E38/><V108/><F108/><W130/><G130/><T128/><D128/><U13/><E107/><V75/><F75/><W12/><G74/><T23/><D23/><U59/><REACH who="1" step="1"/><E70/><REACH who="1" ten="250,240,250,250" step="2"/><V68/><F68/><W6/><G6/><T116/><D116/><U79/><E79/><N who="2" m="46367" /><F5/><W85/><G4/><T56/><D39/><U88/><E88/><N who="2" m="55367" /><F99/><W106/><G106/><T87/><D87/><U95/><E95/><V76/><F76/><W77/><G85/><T54/><D54/><U89/><E89/><V98/><F98/><W101/><G77/><T115/><D115/><U102/><E102/><V7/><F7/><W91/><G101/><T103/><D103/><U26/><E26/><V49/><F49/><W129/><G91/><T10/><D10/><AGARI ba="0,1" hai="10,13,18,36,42,45,53,59,61,81,83,90,92,97" machi="10" ten="30,3900,0" yaku="1,1,7,1,52,1,53,0" doraHai="37" doraHaiUra="25" who="1" fromWho="0" sc="250,-39,240,49,250,0,250,0" /><INIT seed="1,0,0,5,2,124" ten="211,289,250,250" oya="1" hai0="58,93,12,31,101,88,28,85,127,89,90,103,131" hai1="56,120,19,48,123,18,91,95,43,51,73,44,57" hai2="23,82,81,109,47,37,52,72,98,87,105,50,14" hai3="133,78,53,116,39,7,132,84,22,59,35,8,45"/><U24/><E73/><V111/><F37/><W113/><G113/><T55/><D127/><U10/><E120/><V94/><F105/><W121/><G121/><T60/><D131/><U65/><E123/><V70/><F70/><W16/><G35/><T54/><D12/><N who="1" m="7447" /><E65/><V30/><F72/><W66/><G116/><T74/><D74/><U117/><E117/><V69/><F69/><W130/><G130/><T6/><D6/><U32/><E32/><V102/><F14/><W77/><G66/><T13/><D13/><U80/><E80/><V134/><F134/><N who="3" m="51819" /><G84/><T41/><D41/><U3/><E48/><V92/><F92/><W122/><G122/><T71/><D71/><U62/><E62/><V119/><F119/><W63/><G8/><T26/><D55/><U75/><E3/><V104/><F104/><W76/><G7/><T67/><D67/><U25/><E75/><V49/><F49/><W11/><G11/><T40/><D40/><U126/><E126/><V33/><F33/><W97/><G97/><T61/><D61/><U4/><E4/><V38/><F38/><W106/><G106/><T9/><D9/><U64/><E64/><V100/><F81/><W99/><G99/><T68/><D68/><U34/><E34/><V36/><F36/><W1/><G1/><T0/><D0/><U115/><E115/><V110/><F102/><W15/><G39/><T135/><D135/><U129/><E129/><V118/><F118/><W125/><G125/><T96/><D101/><U46/><E46/><AGARI ba="0,0" hai="15,16,22,45,46,53,59,63,76,77,78" m="51819" machi="46" ten="30,2000,0" yaku="20,1,54,1" doraHai="124" who="3" fromWho="1" sc="211,0,289,-20,250,0,250,20" /><INIT seed="2,0,0,3,4,61" ten="211,269,250,270" oya="2" hai0="21,131,78,32,115,19,3,87,75,0,42,31,48" hai1="70,132,41,25,76,4,16,67,66,35,34,33,46" hai2="77,57,116,128,106,9,73,28,98,85,90,40,38" hai3="83,114,135,45,53,10,47,133,122,6,110,13,111"/><V62/><F116/><W89/><G122/><T126/><D115/><U112/><E112/><V124/><F128/><W64/><G64/><T72/><D131/><U81/><E70/><V123/><F123/><W54/><G114/><T93/><D126/><U69/><E69/><V15/><F124/><W51/><G89/><T29/><D3/><U65/><E4/><V58/><F28/><W95/><G95/><T23/><D23/><U74/><E132/><N who="3" m="50762" /><G83/><T7/><D93/><U88/><E88/><V118/><F118/><W127/><G127/><T52/><D42/><U91/><E91/><V129/><F129/><W24/><G24/><T92/><D92/><U86/><E74/><V119/><F119/><W120/><G120/><T109/><D31/><U130/><E130/><V2/><F73/><W17/><G6/><T96/><D96/><U22/><REACH who="1" step="1"/><E34/><REACH who="1" ten="211,259,250,270" step="2"/><V79/><F90/><W108/><G108/><T49/><D109/><U59/><E59/><V20/><F57/><W30/><G111/><T121/><D121/><U113/><E113/><V56/><F58/><W14/><G110/><T105/><D75/><U71/><E71/><V18/><F56/><W101/><G101/><T36/><D72/><U43/><E43/><V12/><F40/><W117/><G117/><T37/><D7/><U134/><E134/><V68/><F68/><W100/><G100/><T102/><D102/><U1/><E1/><V103/><F2/><W104/><G47/><T55/><D0/><U107/><E107/><V27/><F106/><W39/><G104/><T97/><D105/><U94/><E94/><RYUUKYOKU ba="0,1" sc="211,-10,259,30,250,-10,270,-10" hai1="16,22,25,33,35,41,46,65,66,67,76,81,86" /><INIT seed="3,1,1,4,3,56" ten="201,289,240,260" oya="3" hai0="47,11,41,20,72,113,131,79,33,102,69,114,29" hai1="128,36,7,94,66,23,91,17,2,78,89,117,0" hai2="24,50,75,101,96,112,126,6,54,121,115,77,18" hai3="51,38,21,83,42,64,58,48,107,82,27,98,70"/><W59/><G38/><T80/><D131/><U10/><E36/><V5/><F126/><W16/><G70/><T22/><D102/><U62/><E128/><V61/><F121/><W105/><G105/><T45/><D69/><U86/><E117/><V129/><F129/><W85/><G107/><T49/><D11/><U12/><E78/><V9/><F75/><W109/><G109/><T123/><D123/><U65/><E89/><V25/><F77/><W110/><G110/><T3/><D3/><U19/><E19/><V134/><F134/><W39/><G39/><T32/><D47/><U99/><E99/><V57/><F50/><N who="3" m="18987" /><G42/><T100/><D100/><U46/><E46/><V87/><F87/><W84/><G98/><T43/><D43/><U31/><E31/><V104/><F6/><W76/><G64/><T93/><D93/><U28/><E28/><V135/><F135/><W63/><G63/><T106/><D106/><U37/><E37/><V122/><F122/><W73/><G73/><T14/><D29/><U111/><E66/><V44/><F44/><W88/><AGARI ba="1,1" hai="16,21,27,58,59,76,82,83,84,85,88" m="18987" machi="88" ten="30,6000,0" yaku="8,1,54,2" doraHai="56" who="3" fromWho="3" sc="201,-21,289,-21,240,-21,260,73" owari="180,-32.0,268,6.8,219,-18.1,333,43.3" /></mjloggm>