<mjloggm ver="2.3"><GO type="225" lobby="0"/><UN n0="%E3%82%B7%E3%83%B3%E5%A4%AA%E6%9C%97" n1="%E3%83%99%E3%83%AB%E3%83%A2%E3%83%83%E3%83%88" n2="%E7%99%BD%E6%97%A5%E9%9B%AA%E8%8F%9C" n3="%E5%B0%8F%E9%B3%A5%E9%81%8A%E7%B7%B4%E7%84%A1%32%31%E6%AD%B3" dan="16,16,17,16" rate="2148.98,2108.21,2261.90,2167.83" sx="M,M,M,F"/><TAIKYOKU oya="0"/><INIT seed="0,0,0,0,4,90" ten="250,250,250,250" oya="0" hai0="77,39,127,95,69,66,129,123,73,33,115,89,44" hai1="106,34,2,27,130,118,51,46,72,97,28,12,94" hai2="117,60,63,120,85,3,122,6,101,83,86,61,49" hai3="114,35,29,79,21,91,55,135,59,50,81,41,42"/><T116/><RYUUKYOKU type="yao9" ba="0,0" sc="250,0,250,0,250,0,250,0" hai0="33,39,44,66,69,73,77,89,95,115,116,123,127,129" /><INIT seed="0,1,0,5,4,7" ten="250,250,250,250" oya="0" hai0="50,85,55,93,69,52,31,62,1,70,83,63,127" hai1="76,17,129,112,8,46,22,87,107,103,23,57,125" hai2="68,48,131,130,114,117,122,14,10,44,106,30,18" hai3="61,16,53,97,54,72,126,29,121,77,111,66,96"/><T109/><D1/><U124/><E129/><N who="2" m="49163" /><F122/><W47/><G111/><T92/><D109/><U120/><E120/><V94/><F106/><W21/><G126/><N who="1" m="48746" /><E46/><V82/><F114/><W12/><G121/><T43/><D127/><U0/><E107/><V28/><F68/><W60/><G29/><T88/><D31/><U99/><E57/><V13/><F117/><W118/><G118/><T115/><D115/><U128/><E128/><V34/><F34/><W2/><G2/><T81/><D43/><U32/><E32/><V84/><F94/><W135/><G135/><T33/><D33/><U90/><E76/><N who="2" m="46151" /><F14/><W59/><G77/><T35/><D35/><U65/><E65/><V134/><F134/><W105/><G72/><T40/><D40/><AGARI ba="1,0" hai="10,13,18,28,30,40,44,48" m="46151,49163" machi="40" ten="30,2000,0" yaku="19,1,52,1" doraHai="7" who="2" fromWho="0" sc="250,-23,250,0,250,23,250,0" /><INIT seed="1,0,0,2,0,64" ten="227,250,273,250" oya="1" hai0="66,6,59,48,91,122,25,126,19,106,2,84,83" hai1="131,73,63,135,123,14,50,72,67,86,53,17,40" hai2="132,18,23,94,15,111,117,13,21,80,27,39,114" hai3="37,45,128,77,125,33,43,55,110,107,29,121,133"/><U99/><E123/><V51/><F39/><W7/><G121/><T95/><D106/><U20/><E135/><V87/><F117/><W32/><G110/><T52/><D122/><U61/><E40/><V78/><F111/><W118/><G118/><T16/><D126/><U1/><E1/><V81/><F132/><W47/><G133/><T68/><D68/><U88/><E99/><V31/><F114/><W65/><G107/><T120/><D120/><U49/><E63/><V0/><F0/><W85/><G7/><T35/><D66/><U127/><E131/><V11/><F51/><W82/><G29/><T75/><D6/><U70/><E50/><V58/><F58/><W113/><G113/><T30/><REACH who="0" step="1"/><D2/><REACH who="0" ten="217,250,273,250" step="2"/><U42/><E127/><V115/><F115/><W102/><G125/><T62/><D62/><U134/><E134/><V57/><F57/><W74/><G65/><T93/><D93/><U101/><E101/><V69/><F69/><W54/><G102/><T76/><AGARI ba="0,1" hai="16,19,25,30,35,48,52,59,75,76,83,84,91,95" machi="76" ten="30,8000,1" yaku="1,1,0,1,54,2,53,1" doraHai="64" doraHaiUra="104" who="0" fromWho="0" sc="217,90,250,-40,273,-20,250,-20" /><INIT seed="2,0,0,2,4,77" ten="307,210,253,230" oya="2" hai0="135,90,92,126,83,55,42,48,114,39,86,75,2" hai1="21,127,8,117,69,110,54,99,44,67,1,88,60" hai2="33,9,58,68,34,130,113,109,133,89,32,120,119" hai3="112,49,7,31,5,28,46,104,0,22,74,132,79"/><V87/><F68/><W12/><G104/><T111/><D114/><U35/><E35/><V62/><F119/><W105/><G105/><T131/><D2/><U29/><E110/><V11/><F120/><W103/><G103/><T124/><D111/><U106/><E106/><V64/><F113/><W57/><G132/><T16/><D135/><U81/><E117/><V121/><F121/><W71/><G71/><T51/><D131/><U50/><E127/><N who="0" m="48681" /><D39/><U52/><E1/><V6/><F109/><W129/><G57/><T76/><D42/><U80/><E8/><V78/><F133/><W97/><G129/><T85/><D55/><U14/><E54/><V123/><F123/><W102/><G0/><T66/><D66/><U13/><E13/><V65/><F130/><W93/><G12/><T4/><D4/><U53/><E53/><V40/><F40/><W98/><G5/><T3/><D3/><U122/><E122/><V134/><F134/><W100/><G7/><T37/><D37/><U94/><REACH who="1" step="1"/><E14/><REACH who="1" ten="307,200,253,230" step="2"/><V125/><F125/><W63/><G112/><T27/><D75/><U95/><E95/><V84/><F11/><W101/><G93/><T115/><D115/><U26/><AGARI ba="0,1" hai="21,26,29,44,50,52,60,67,69,80,81,88,94,99" machi="26" ten="30,12000,2" yaku="1,1,0,1,52,2,54,2,53,0" doraHai="77" doraHaiUra="38" who="1" fromWho="1" sc="307,-30,200,130,253,-60,230,-30" /><INIT seed="3,0,0,1,0,63" ten="277,330,193,200" oya="3" hai0="94,20,54,87,74,12,117,34,14,57,15,92,50" hai1="49,67,129,122,82,10,66,71,107,86,41,47,51" hai2="123,69,65,128,126,13,102,79,9,112,2,60,23" hai3="70,77,11,48,83,120,55,115,104,106,127,35,43"/><W88/><G120/><T72/><D117/><U37/><E71/><V95/><F112/><W53/><G115/><T105/><D105/><U29/><E107/><V64/><F123/><W110/><G106/><T42/><D34/><U113/><E29/><V133/><F133/><W78/><G104/><T100/><D42/><U125/><E122/><V31/><F2/><W40/><G35/><T59/><D74/><U109/><E113/><V90/><F65/><W124/><G70/><T27/><D72/><U25/><E25/><V108/><F108/><W28/><G11/><T121/><D100/><U46/><E37/><V81/><F102/><W16/><G28/><T44/><D121/><U91/><E109/><V114/><F114/><W8/><G110/><T103/><D87/><U4/><E129/><V73/><F128/><W131/><G131/><T6/><D6/><U39/><E39/><V62/><F126/><N who="3" m="48171" /><G43/><T61/><D103/><U17/><E125/><V0/><F0/><W18/><G40/><N who="0" m="24839" /><D59/><U36/><E36/><V85/><F62/><W21/><G8/><T84/><D84/><U32/><E32/><V24/><F9/><W3/><G3/><T80/><D80/><U1/><E17/><AGARI ba="0,0" hai="12,14,15,17,20,27,54,57,61,92,94" m="24839" machi="17" ten="30,1000,0" yaku="8,1" doraHai="63" who="0" fromWho="1" sc="277,10,330,-10,193,0,200,0" owari="287,8.7,320,42.0,193,-30.7,200,-20.0" /></mjloggm>