<mjloggm ver="2.3"><GO type="225" lobby="0"/><UN n0="%E3%81%8A%E3%81%8B%E3%81%8F%E3%82%89" n1="%47%32%E9%BE%8D%E9%96%80" n2="%E3%82%82%E3%81%90%E3%82%89" n3="%33%74%72%65%65" dan="17,16,16,17" rate="2100.43,2092.93,2217.28,2253.59" sx="M,M,M,F"/><TAIKYOKU oya="0"/><INIT seed="0,0,0,2,1,5" ten="250,250,250,250" oya="0" hai0="70,125,31,77,112,131,69,66,26,75,123,22,61" hai1="9,65,85,117,16,80,118,20,39,100,30,110,87" hai2="64,14,55,51,62,12,58,107,10,71,95,45,17" hai3="41,81,56,119,79,113,91,92,88,86,104,35,50"/><T116/><D112/><U90/><E39/><V7/><F107/><W54/><G113/><T135/><D116/><U34/><E110/><V132/><F132/><W111/><G119/><T128/><D123/><U84/><E100/><V114/><F114/><W3/><G111/><T13/><D135/><U42/><E42/><V124/><F124/><W96/><G35/><T126/><D13/><N who="1" m="7215" /><E34/><V130/><F95/><W18/><G104/><T15/><D15/><U11/><E118/><V8/><REACH who="2" step="1"/><F130/><REACH who="2" ten="250,250,240,250" step="2"/><N who="0" m="49706" /><D70/><AGARI ba="0,1" hai="7,8,10,12,14,17,45,51,55,58,62,64,70,71" machi="70" ten="40,5200,0" yaku="1,1,52,2,53,0" doraHai="5" doraHaiUra="99" who="2" fromWho="0" sc="250,-52,250,0,240,62,250,0" /><INIT seed="1,0,0,1,3,87" ten="198,250,302,250" oya="1" hai0="8,40,18,56,75,117,105,61,25,74,48,126,6" hai1="131,11,24,95,32,46,98,72,52,79,68,7,53" hai2="22,42,58,129,134,28,101,69,19,10,59,103,47" hai3="113,0,93,1,38,45,26,29,4,5,55,62,57"/><U78/><E68/><V111/><F69/><W96/><G113/><T2/><D105/><U70/><E70/><V50/><F111/><W121/><G121/><T91/><D117/><U109/><E109/><V132/><F129/><W20/><G0/><T39/><D126/><U100/><E131/><V130/><F28/><W119/><G1/><T17/><D39/><U133/><E133/><N who="2" m="51307" /><F10/><W23/><G119/><T106/><D106/><U12/><E72/><V15/><F130/><W54/><G38/><T3/><D3/><U112/><E112/><V89/><F89/><W33/><G33/><T99/><D48/><N who="1" m="28695" /><E32/><V135/><N who="2" m="51315" /><V102/><AGARI ba="0,0" hai="15,19,22,42,47,50,58,59,101,102,103" m="51315" machi="102" ten="50,3200,0" yaku="4,1,20,1" doraHai="87" who="2" fromWho="2" sc="198,-8,250,-16,302,32,250,-8" /><INIT seed="2,0,0,4,4,13" ten="190,234,334,242" oya="2" hai0="6,64,51,12,111,118,103,134,121,73,42,117,86" hai1="135,98,56,25,82,80,34,2,85,5,40,53,30" hai2="96,78,1,27,74,75,129,128,131,110,60,36,22" hai3="26,81,116,58,97,119,55,65,68,24,7,61,90"/><V32/><F110/><W20/><G7/><T89/><D73/><U57/><E135/><V38/><F1/><W126/><G126/><T35/><D35/><U33/><E40/><V62/><F32/><W107/><G26/><T106/><D121/><U84/><E34/><V49/><F49/><W15/><G15/><T120/><D120/><U8/><E98/><V104/><F96/><W18/><G81/><T9/><D134/><U41/><E41/><V125/><F104/><W45/><G45/><T48/><D111/><U11/><E11/><V87/><F87/><W54/><G54/><T105/><D64/><U113/><E113/><V10/><F10/><W77/><G77/><T99/><D105/><U123/><E123/><V124/><F78/><W91/><G91/><T130/><D130/><U88/><REACH who="1" step="1"/><E53/><REACH who="1" ten="190,224,334,242" step="2"/><V115/><F115/><W46/><G116/><N who="0" m="44651" /><D42/><U93/><E93/><AGARI ba="0,1" hai="6,9,12,48,51,86,89,93,99,103,106" m="44651" machi="93" ten="30,1000,0" yaku="12,1" doraHai="13" who="0" fromWho="1" sc="190,20,224,-10,334,0,242,0" /><INIT seed="3,0,0,2,3,99" ten="210,214,334,242" oya="3" hai0="74,50,89,10,122,0,16,83,82,57,61,125,104" hai1="87,40,98,117,67,39,126,68,22,46,133,97,62" hai2="37,100,32,5,30,123,17,21,80,63,6,128,76" hai3="129,130,111,43,24,33,54,102,92,26,64,120,25"/><W107/><G120/><T101/><D122/><U86/><E133/><V96/><F37/><W134/><G134/><T109/><D50/><U19/><E126/><V60/><F123/><W66/><G33/><T3/><D3/><U124/><E124/><V23/><F32/><W34/><G34/><T79/><D125/><U49/><E117/><V35/><F35/><W47/><G54/><T77/><D109/><U45/><E98/><V7/><F128/><N who="3" m="49259" /><G107/><T4/><D89/><U38/><E97/><V2/><F2/><W36/><G111/><T14/><D101/><U112/><E112/><V116/><F30/><W1/><G1/><T27/><D27/><U44/><E44/><V108/><F116/><W93/><G102/><T52/><D104/><U106/><E106/><V95/><F108/><W12/><G12/><T91/><D91/><U28/><E28/><V84/><F23/><W114/><G114/><T29/><D29/><U94/><E94/><AGARI ba="0,0" hai="24,25,26,36,43,47,64,66,92,93,94" m="49259" machi="94" ten="30,1500,0" yaku="19,1" doraHai="99" who="3" fromWho="1" sc="210,0,214,-15,334,0,242,15" /><INIT seed="3,1,0,4,4,104" ten="210,199,334,257" oya="3" hai0="119,70,27,75,95,33,79,54,19,45,103,34,113" hai1="24,126,86,80,49,38,12,92,127,42,8,123,32" hai2="51,29,74,125,63,93,90,106,69,30,116,23,122" hai3="91,121,87,78,112,83,47,3,55,18,101,96,118"/><W107/><G3/><T67/><D119/><U64/><E123/><V131/><F106/><W109/><G112/><T46/><D79/><U37/><E64/><V14/><F116/><W111/><G18/><T84/><D75/><U68/><E68/><V129/><F74/><N who="3" m="43479" /><G55/><T65/><D19/><U1/><E1/><V57/><F122/><W50/><G50/><T88/><D103/><U15/><E92/><V105/><F105/><W22/><G22/><T26/><D113/><U132/><E132/><V6/><F51/><W135/><G47/><T43/><D54/><U48/><E24/><V73/><F57/><W133/><G118/><T41/><D70/><U35/><E42/><V13/><F69/><W120/><G121/><T59/><D59/><U85/><E80/><V10/><F63/><W81/><G120/><T124/><D124/><U9/><AGARI ba="1,0" hai="8,9,12,15,32,35,37,38,48,49,85,86,126,127" machi="9" ten="25,3200,0" yaku="0,1,22,2" doraHai="104" who="1" fromWho="1" sc="210,-9,199,35,334,-9,257,-17" owari="201,-29.9,234,-16.6,325,42.5,240,4.0" /></mjloggm>