<mjloggm ver="2.3"><GO type="225" lobby="0"/><UN n0="%E3%82%B2%E3%82%B9%E8%8C%82%E5%8B%9D" n1="%E3%81%8B%E3%82%8F%E3%81%A1%E3%82%83%E3%82%93%35%38" n2="%72%69%6F%75%63%68%61%6E" n3="%E3%83%97%E3%83%AC%E3%83%B4%E3%82%A1%E3%83%86%E3%82%A3" dan="16,16,16,16" rate="2107.29,2118.85,2164.41,2086.42" sx="F,M,M,F"/><TAIKYOKU oya="0"/><INIT seed="0,0,0,5,3,116" ten="250,250,250,250" oya="0" hai0="92,135,121,2,3,64,49,81,67,84,100,4,65" hai1="6,126,55,52,90,44,108,130,75,76,117,63,97" hai2="103,70,91,123,8,35,12,37,134,74,85,86,80" hai3="38,110,61,128,33,104,122,50,106,95,31,48,51"/><T39/><D39/><U17/><E117/><V9/><F123/><W34/><G38/><T36/><D36/><U18/><E6/><V98/><F134/><W118/><G118/><T21/><D135/><U78/><E75/><V47/><F70/><W10/><G110/><T77/><D4/><U20/><E126/><V41/><F35/><W26/><G128/><T7/><D7/><U45/><E108/><V71/><F71/><W83/><G10/><T14/><D49/><U72/><E72/><V32/><F32/><W125/><G125/><T19/><D121/><U57/><E130/><V115/><F115/><W13/><G122/><T129/><D129/><U11/><E11/><V111/><F111/><W0/><G0/><T56/><D56/><U93/><E17/><V29/><F29/><W99/><G13/><T28/><D28/><U88/><E90/><V114/><F114/><W30/><G61/><T107/><D107/><U102/><E102/><V46/><F74/><W53/><G83/><T112/><D112/><U25/><E55/><V113/><F113/><W60/><G60/><T24/><D14/><U82/><E82/><N who="2" m="49591" /><F47/><AGARI ba="0,0" hai="18,20,25,44,45,47,52,57,63,76,78,88,93,97" machi="47" ten="40,8000,1" yaku="25,2,8,1,54,2" doraHai="116" who="1" fromWho="2" sc="250,0,250,80,250,-80,250,0" /><INIT seed="1,0,0,1,5,16" ten="250,330,170,250" oya="1" hai0="83,117,128,53,42,3,60,72,108,116,61,25,51" hai1="113,115,23,73,120,45,11,4,18,79,17,24,123" hai2="8,88,2,130,89,86,19,38,64,39,66,105,22" hai3="67,74,98,81,91,118,124,27,104,132,14,125,126"/><U54/><E54/><V109/><F105/><W52/><G118/><T106/><D3/><N who="1" m="415" /><E45/><V112/><F130/><W57/><G67/><T70/><D128/><U78/><E78/><V0/><F109/><W65/><G65/><N who="2" m="25193" /><F8/><W28/><G14/><T127/><D108/><U92/><E92/><V71/><F86/><W41/><G41/><T21/><D106/><U82/><E82/><V6/><F6/><W9/><G9/><T30/><D42/><U133/><E79/><V110/><F110/><W135/><G74/><T62/><D70/><U12/><E73/><V32/><F19/><W40/><G40/><T43/><D43/><U10/><E133/><N who="3" m="51274" /><G81/><T7/><D7/><U33/><E33/><V103/><F32/><W99/><G91/><N who="2" m="34889" /><F103/><W13/><G13/><T87/><D72/><U131/><E131/><V94/><F94/><W90/><G90/><T48/><D87/><U101/><E101/><V121/><F121/><AGARI ba="0,0" hai="10,12,17,18,23,24,113,115,120,121,123" m="415" machi="121" ten="30,5800,0" yaku="34,2,52,1" doraHai="16" who="1" fromWho="2" sc="250,0,330,58,170,-58,250,0" /><INIT seed="1,1,0,1,5,114" ten="250,388,112,250" oya="1" hai0="98,120,78,79,60,67,27,40,111,126,81,28,107" hai1="103,50,49,65,33,129,74,55,21,88,125,4,56" hai2="85,90,100,52,38,105,35,134,8,3,72,16,2" hai3="10,94,135,57,58,6,115,47,19,124,92,112,96"/><U36/><E33/><V15/><F38/><W77/><G124/><T68/><D126/><U130/><E74/><V45/><F134/><W46/><G135/><T1/><D111/><U102/><E36/><V31/><F72/><W20/><G77/><T7/><D40/><U109/><E125/><V12/><F100/><W22/><G96/><T89/><D120/><U39/><E39/><V122/><F105/><W54/><G19/><T29/><D29/><U113/><E65/><V23/><F122/><W128/><G10/><T26/><D26/><U24/><E4/><V76/><F76/><W62/><G62/><T43/><D43/><U44/><E113/><V127/><F127/><W34/><G34/><T99/><D99/><U66/><E66/><V59/><F35/><W41/><G41/><T11/><D81/><U123/><E123/><V30/><F45/><W9/><G9/><T132/><D132/><U83/><E109/><V97/><F97/><W104/><G104/><T75/><D75/><U73/><E73/><V18/><F2/><W5/><REACH who="3" step="1"/><G54/><REACH who="3" ten="250,388,112,240" step="2"/><T117/><D107/><U91/><E55/><V32/><F32/><W87/><G87/><T63/><D79/><U133/><E133/><V108/><F108/><W86/><G86/><T13/><D78/><U70/><E21/><V84/><F84/><W131/><AGARI ba="1,1" hai="5,6,20,22,46,47,57,58,92,94,112,115,128,131" machi="131" ten="25,6400,0" yaku="1,1,0,1,22,2,53,0" doraHai="114" doraHaiUra="93" who="3" fromWho="3" sc="250,-17,388,-33,112,-17,240,77" /><INIT seed="2,0,0,1,5,71" ten="233,355,95,317" oya="2" hai0="109,40,114,92,64,59,86,26,111,68,62,126,84" hai1="98,53,90,45,101,4,44,102,29,8,42,135,74" hai2="69,131,107,124,51,100,31,67,58,2,75,66,103" hai3="52,63,5,20,60,87,18,13,3,6,73,110,117"/><V12/><F2/><W96/><G117/><T33/><D114/><U56/><E74/><V36/><F75/><W16/><G73/><T21/><D126/><U72/><E72/><V81/><F124/><W123/><G123/><T11/><D33/><U80/><E29/><V89/><F131/><W129/><G129/><T112/><D112/><U97/><E90/><V46/><F31/><W50/><G3/><T7/><D40/><U41/><E80/><V105/><F105/><W28/><G28/><T55/><D92/><U15/><E135/><V10/><F107/><W0/><G0/><T104/><D104/><U65/><E65/><N who="2" m="24587" /><F36/><W23/><G110/><N who="0" m="41995" /><D21/><U19/><E4/><N who="3" m="1642" /><G96/><N who="1" m="36970" /><E42/><N who="2" m="25047" /><F69/><W127/><G127/><T77/><D26/><U61/><E41/><V93/><F81/><W25/><G87/><T70/><D77/><U54/><E54/><V82/><F58/><AGARI ba="0,0" hai="13,16,18,20,23,25,50,52,58,60,63" m="1642" machi="58" ten="30,3900,0" yaku="8,1,54,2" doraHai="71" who="3" fromWho="2" sc="233,0,355,0,95,-39,317,39" /><INIT seed="3,0,0,5,3,23" ten="233,355,56,356" oya="3" hai0="51,64,2,50,44,30,52,75,12,116,106,117,46" hai1="13,133,28,131,99,67,9,69,94,107,95,124,78" hai2="128,91,126,85,97,71,49,120,27,89,24,32,77" hai3="33,4,45,47,86,22,135,11,102,80,114,65,6"/><W73/><G114/><T48/><D2/><U14/><E107/><V112/><F112/><W1/><G33/><T110/><D106/><U132/><E124/><V81/><F126/><W68/><G135/><N who="1" m="51786" /><E131/><V41/><F128/><W56/><G68/><T19/><D75/><U36/><E36/><V103/><F120/><W40/><G73/><T104/><D104/><U87/><E28/><V98/><F71/><W38/><G102/><T53/><D110/><U76/><E13/><V31/><F103/><W63/><G6/><T118/><D64/><U60/><E87/><V59/><F32/><W108/><G108/><T34/><D48/><U127/><E127/><V82/><F31/><W90/><G22/><T109/><D109/><U96/><E95/><V113/><F113/><W10/><G10/><T25/><D116/><U134/><N who="1" m="51794" /><U0/><DORA hai="92" /><E0/><V18/><F18/><W101/><G101/><T84/><D84/><U111/><E111/><V100/><F100/><W62/><G62/><T16/><D19/><N who="1" m="8655" /><E99/><N who="2" m="37899" /><F81/><W57/><G56/><T105/><D105/><U3/><E3/><V29/><F29/><W129/><G45/><T123/><D123/><U125/><E125/><V35/><F35/><W130/><AGARI ba="0,0" hai="1,4,11,38,40,47,57,63,65,80,86,90,129,130" machi="130" ten="30,1500,0" yaku="0,1" doraHai="23,92" who="3" fromWho="3" sc="233,-5,355,-5,56,-5,356,15" owari="228,-17.2,350,15.0,51,-44.9,371,47.1" /></mjloggm>