<mjloggm ver="2.3"><GO type="225" lobby="0"/><UN n0="%E4%BA%BA%E9%96%93%E3%83%81%E3%83%A3%E3%83%BC%E3%83%8F%E3%83%B3" n1="%E3%83%9E%E3%83%AB%E3%83%9E%E3%83%AB%E3%81%A1%E3%82%83%E3%82%93" n2="%E5%84%AA%40%41%42%43" n3="%E5%B8%86%E7%AB%8B%E5%A4%8F%E8%A1%A3" dan="16,16,17,16" rate="2167.82,2060.54,2153.39,2148.87" sx="M,M,M,M"/><TAIKYOKU oya="0"/><INIT seed="0,0,0,2,1,37" ten="250,250,250,250" oya="0" hai0="107,3,84,72,71,59,122,82,115,19,92,54,126" hai1="94,134,33,97,131,113,14,53,21,124,35,121,48" hai2="67,127,89,104,50,135,23,74,130,95,20,83,28" hai3="30,32,36,68,91,66,0,98,111,99,45,1,79"/><T109/><D109/><U90/><E121/><V43/><F104/><W125/><G125/><T18/><D18/><BYE who="0" /><U118/><E118/><V105/><F105/><W128/><G79/><T7/><D7/><U133/><E124/><V132/><F127/><W85/><G128/><T10/><D10/><U2/><E2/><V119/><F130/><W61/><G111/><T106/><D106/><U63/><E131/><V26/><F119/><W46/><G1/><T77/><D77/><U51/><E113/><V24/><F67/><W120/><G0/><T22/><D22/><U38/><E38/><V41/><F83/><W42/><G46/><T25/><D25/><U16/><E63/><V56/><F74/><W64/><G64/><T11/><D11/><U44/><REACH who="1" step="1"/><E51/><REACH who="1" ten="250,240,250,250" step="2"/><V49/><F50/><W88/><G120/><T55/><D55/><U102/><E102/><UN n0="%E4%BA%BA%E9%96%93%E3%83%81%E3%83%A3%E3%83%BC%E3%83%8F%E3%83%B3" /><V13/><F132/><AGARI ba="0,1" hai="14,16,21,33,35,44,48,53,90,94,97,132,133,134" machi="132" ten="40,8000,1" yaku="1,1,20,1,54,1,53,2" doraHai="37" doraHaiUra="29" who="1" fromWho="2" sc="250,0,240,90,250,-80,250,0" /><INIT seed="1,0,0,4,5,38" ten="250,330,170,250" oya="1" hai0="125,21,113,114,93,65,7,37,40,122,6,33,112" hai1="11,92,75,119,36,27,106,74,34,115,0,97,5" hai2="46,43,29,64,102,109,108,24,85,61,20,111,22" hai3="57,15,99,55,4,63,105,107,132,104,14,13,32"/><U89/><E115/><V95/><F85/><W54/><G32/><T19/><D33/><U50/><E119/><V41/><F20/><W66/><G132/><T45/><D125/><U71/><E36/><V18/><F18/><W17/><G4/><T58/><D122/><U30/><E71/><V16/><F29/><W87/><G87/><T3/><D3/><U60/><E60/><V100/><F95/><W129/><G129/><T26/><REACH who="0" step="1"/><D93/><REACH who="0" ten="240,330,170,250" step="2"/><U110/><E106/><V56/><REACH who="2" step="1"/><F43/><REACH who="2" ten="240,330,160,250" step="2"/><W42/><G42/><T70/><D70/><U88/><E110/><V101/><F101/><W77/><G107/><T25/><D25/><U39/><E92/><V1/><F1/><W80/><G105/><T44/><D44/><U76/><E0/><V28/><F28/><W123/><G104/><T128/><D128/><U48/><E27/><V78/><F78/><W94/><G77/><T52/><D52/><U72/><E30/><V82/><F82/><W79/><G80/><T121/><D121/><U86/><E76/><V117/><F117/><W124/><G79/><T127/><D127/><U68/><E34/><V131/><F131/><W31/><G124/><T83/><D83/><U116/><E116/><V8/><F8/><N who="3" m="6311" /><G31/><T103/><D103/><U118/><E118/><V73/><F73/><W91/><G123/><T69/><D69/><U90/><E74/><V59/><F59/><N who="3" m="37247" /><G55/><T51/><D51/><AGARI ba="0,2" hai="16,22,24,41,46,51,56,61,64,100,102,108,109,111" machi="51" ten="40,8000,1" yaku="1,1,14,1,52,1,54,1,53,1" doraHai="38" doraHaiUra="53" who="2" fromWho="0" sc="240,-80,330,0,160,100,250,0" /><AGARI ba="0,0" hai="14,15,51,54,57,91,94,99" m="37247,6311" machi="51" ten="30,1000,0" yaku="8,1" doraHai="38" who="3" fromWho="0" sc="160,-10,330,0,260,0,250,10" /><INIT seed="2,0,0,3,0,37" ten="150,330,260,260" oya="2" hai0="33,121,32,63,19,44,105,129,52,75,67,117,46" hai1="31,132,122,114,72,111,88,15,59,107,78,35,24" hai2="30,47,5,17,109,134,95,3,100,13,65,108,61" hai3="27,83,25,58,106,36,0,45,93,29,123,71,119"/><V10/><F134/><W94/><G71/><T96/><D121/><U8/><E114/><V28/><F100/><W82/><G106/><T98/><D75/><U6/><E111/><N who="2" m="42571" /><F95/><N who="3" m="36363" /><G36/><T90/><D129/><U97/><E97/><N who="0" m="37481" /><D90/><U101/><E101/><V62/><F47/><N who="0" m="17962" /><D63/><N who="2" m="24074" /><F65/><W49/><G58/><T128/><D67/><U41/><E107/><V127/><F127/><W116/><G0/><T92/><D92/><U12/><E132/><V80/><F80/><N who="3" m="30763" /><G123/><T23/><D105/><U69/><E69/><V68/><F68/><W57/><G119/><T86/><D117/><U11/><E122/><V87/><F87/><W2/><G2/><T84/><D128/><U115/><E72/><V126/><F126/><W43/><G116/><T103/><D103/><U99/><E115/><V113/><F113/><W124/><G124/><T79/><D79/><U4/><E99/><V104/><F104/><W55/><G29/><T91/><D84/><U9/><E78/><V38/><F38/><W66/><G66/><T50/><D33/><U81/><E81/><V89/><F89/><W131/><G131/><T74/><D32/><U77/><E77/><V73/><F73/><W26/><G57/><N who="0" m="32919" /><D74/><U125/><E88/><V40/><F40/><AGARI ba="0,0" hai="25,26,27,40,43,45,49,55" m="30763,36363" machi="40" ten="30,3900,0" yaku="8,1,52,2" doraHai="37" who="3" fromWho="2" sc="150,0,330,0,260,-39,260,39" /><INIT seed="3,0,0,5,3,96" ten="150,330,221,299" oya="3" hai0="81,7,60,21,89,49,132,69,75,50,73,76,86" hai1="24,15,71,98,107,48,5,4,111,127,23,14,20" hai2="65,82,102,3,95,12,40,2,45,35,41,93,117" hai3="39,17,114,112,84,54,113,38,52,58,0,106,1"/><W99/><G84/><T57/><D132/><U22/><E71/><V121/><F35/><W134/><G134/><T67/><D73/><U46/><E111/><V42/><F117/><W77/><G77/><T118/><D118/><U87/><E127/><V94/><F65/><W123/><G123/><T62/><D7/><N who="1" m="2635" /><E107/><V126/><F45/><W122/><G122/><T33/><D33/><U63/><E98/><V128/><F121/><W131/><G131/><T130/><D130/><U105/><E105/><V6/><F128/><W85/><G85/><T78/><D69/><U43/><E63/><V100/><F126/><W18/><G99/><T119/><D119/><U36/><E36/><N who="3" m="13866" /><G58/><T25/><D62/><U124/><E124/><V133/><F133/><W56/><G56/><T32/><D32/><U129/><E129/><V27/><F27/><W37/><G37/><T19/><REACH who="0" step="1"/><D75/><REACH who="0" ten="140,330,221,299" step="2"/><U92/><E24/><V64/><F2/><N who="3" m="1131" /><G106/><T55/><D55/><AGARI ba="0,1" hai="17,18,52,54,55,112,113,114" m="1131,13866" machi="55" ten="40,7700,0" yaku="28,2,54,1" doraHai="96" who="3" fromWho="0" sc="140,-77,330,0,221,0,299,87" owari="63,-43.7,330,13.0,221,-17.9,386,48.6" /></mjloggm>