<mjloggm ver="2.3"><GO type="225" lobby="0"/><UN n0="%30%2E%31%32%30" n1="%E5%A4%96%E5%B7%9D%E7%AB%9C%E6%88%90" n2="%E8%83%83%E3%81%A8%E8%85%B8" n3="%6D%75%75%6D%75%72%61" dan="16,16,16,17" rate="2130.44,2169.01,2208.22,2222.33" sx="M,M,M,F"/><TAIKYOKU oya="0"/><INIT seed="0,0,0,2,2,81" ten="250,250,250,250" oya="0" hai0="16,121,36,89,97,19,64,5,134,49,112,21,30" hai1="40,44,45,13,85,125,2,65,110,73,68,86,3" hai2="26,74,76,11,4,56,48,92,118,108,24,18,8" hai3="67,61,103,123,93,15,28,6,78,82,63,38,116"/><T80/><D121/><U102/><E73/><V122/><F122/><W29/><G116/><T59/><D36/><U32/><E32/><V128/><F118/><W84/><G123/><T52/><D112/><U42/><E102/><V62/><F108/><W99/><G38/><T115/><D115/><U75/><E75/><V83/><F128/><W60/><REACH who="3" step="1"/><G67/><REACH who="3" ten="250,250,250,240" step="2"/><T34/><D34/><U127/><E65/><V126/><F126/><W47/><G47/><T130/><D130/><U132/><E110/><V101/><F48/><W119/><G119/><T14/><D64/><U1/><E45/><V12/><F101/><W55/><G55/><T133/><D133/><U23/><E44/><V50/><F50/><W77/><G77/><T31/><D134/><U91/><E132/><V69/><F69/><W66/><G66/><T33/><D52/><U57/><E68/><V96/><F56/><W94/><G94/><T135/><D49/><U114/><E57/><V70/><F70/><W90/><G90/><T106/><D89/><U104/><E91/><V0/><F62/><W35/><G35/><T53/><D59/><U120/><E114/><V46/><F46/><W95/><G95/><T117/><D53/><U88/><E120/><V79/><F79/><W100/><G100/><T72/><D135/><U41/><E88/><V17/><F92/><W105/><G105/><T10/><D106/><U129/><E104/><V7/><F96/><W131/><G131/><T113/><D117/><U43/><E129/><V22/><F24/><W39/><G39/><T25/><D113/><U9/><E127/><RYUUKYOKU ba="0,1" sc="250,-15,250,-15,250,15,240,15" hai2="0,4,7,8,11,12,17,18,22,26,74,76,83" hai3="6,15,28,29,60,61,63,78,82,84,93,99,103" /><INIT seed="1,1,1,1,2,48" ten="235,235,265,255" oya="1" hai0="101,14,30,103,94,108,15,13,2,104,27,75,50" hai1="7,80,18,58,130,69,59,55,23,116,134,129,133" hai2="17,52,34,77,90,11,8,99,127,85,22,53,51" hai3="20,67,12,64,100,83,110,54,33,70,57,9,95"/><U97/><E116/><V109/><F34/><W119/><G33/><T114/><D114/><U63/><E69/><V25/><F109/><W24/><G119/><T68/><D104/><U4/><E97/><V74/><F127/><W76/><G70/><T47/><D75/><U21/><E80/><N who="2" m="47247" /><F74/><W122/><G122/><T3/><D68/><U72/><E72/><V41/><F41/><W123/><G123/><T35/><D108/><U49/><E4/><V96/><F51/><W29/><G110/><T46/><D46/><U118/><E7/><V16/><F99/><N who="3" m="59519" /><G76/><T98/><REACH who="0" step="1"/><D101/><REACH who="0" ten="225,235,265,255" step="2"/><U86/><E118/><V61/><F61/><N who="3" m="36023" /><G83/><T39/><D39/><U115/><E115/><V56/><F56/><W92/><G92/><T45/><D45/><U42/><E59/><V60/><F60/><W31/><G31/><T132/><D132/><U36/><E63/><V79/><F79/><W62/><G62/><T88/><D88/><U0/><E134/><V117/><F117/><W126/><G126/><T10/><D10/><U40/><E133/><V44/><F44/><W124/><G124/><T37/><D37/><U66/><E36/><V89/><F11/><W135/><G135/><T26/><D26/><U6/><E58/><V112/><F112/><W38/><G38/><T131/><D131/><U120/><E130/><V1/><F89/><W87/><G87/><T19/><D19/><AGARI ba="1,2" hai="9,12,19,20,24,29,64,67" m="36023,59519" machi="19" ten="30,2000,0" yaku="8,1,52,1" doraHai="48" who="3" fromWho="0" sc="225,-23,235,0,265,0,255,43" /><INIT seed="2,0,0,5,5,102" ten="202,235,265,298" oya="2" hai0="86,79,125,33,123,23,32,98,113,37,5,44,15" hai1="126,73,109,43,69,108,95,14,99,45,31,64,112" hai2="88,119,46,13,101,72,110,122,63,24,53,17,8" hai3="7,62,55,124,47,118,57,134,104,48,0,131,135"/><V78/><F119/><W41/><G118/><T85/><D123/><U115/><E73/><V67/><F122/><W128/><G7/><T89/><D125/><U59/><E31/><V116/><F116/><W26/><G0/><T28/><D113/><U106/><E126/><V92/><F110/><N who="1" m="42601" /><E69/><V103/><F24/><W132/><G26/><T56/><D32/><U84/><E14/><V120/><F120/><W97/><G124/><T93/><D33/><U96/><E59/><N who="2" m="37375" /><F78/><W40/><G40/><T130/><D130/><N who="3" m="49705" /><G97/><T91/><D37/><N who="1" m="21743" /><E64/><V87/><F72/><W22/><G22/><T21/><D21/><U12/><E12/><V54/><F54/><W61/><G104/><T133/><D23/><U18/><E18/><V38/><F38/><AGARI ba="0,0" hai="38,41,47,48,55,57,61,62,132,134,135" m="49705" machi="38" ten="40,8000,1" yaku="20,1,19,1,34,2" doraHai="102" who="3" fromWho="2" sc="202,0,235,0,265,-80,298,80" /><INIT seed="3,0,0,1,3,21" ten="202,235,185,378" oya="3" hai0="3,107,27,127,105,108,30,109,33,46,38,41,89" hai1="112,14,106,45,131,24,114,100,37,135,23,104,19" hai2="5,13,34,96,116,88,26,82,65,57,93,132,111" hai3="91,90,73,77,119,133,9,66,22,7,8,79,15"/><W4/><G66/><T17/><D127/><U98/><E131/><V123/><F116/><W101/><G119/><T120/><D120/><U76/><E135/><V0/><F132/><W74/><G22/><T6/><D17/><U35/><E106/><V43/><F0/><W29/><G133/><T84/><D6/><U42/><E76/><V69/><F69/><W72/><G101/><T39/><D39/><U11/><REACH who="1" step="1"/><E35/><REACH who="1" ten="202,225,185,378" step="2"/><V125/><F123/><W32/><G77/><T87/><D107/><U115/><E115/><V75/><F125/><W20/><G79/><T118/><D105/><U99/><E99/><V54/><F111/><W130/><G32/><T94/><D118/><U28/><AGARI ba="0,1" hai="11,14,19,23,24,28,37,42,45,98,100,104,112,114" machi="28" ten="20,8000,1" yaku="1,1,0,1,7,1,52,1,53,1" doraHai="21" doraHaiUra="40" who="1" fromWho="1" sc="202,-20,225,90,185,-20,378,-40" owari="182,-21.8,315,11.5,165,-33.5,338,43.8" /></mjloggm>