<mjloggm ver="2.3"><GO type="225" lobby="0"/><UN n0="%E3%81%B7%E3%82%8A%E3%82%93%E8%81%96%E4%BA%BA" n1="%72%69%6F%75%63%68%61%6E" n2="%E9%80%9F%E6%B0%B4%E5%87%9B%E9%A6%99" n3="%E3%81%A1%E3%82%85%E3%81%86%E3%81%A9%E3%81%8F%E8%B1%A1%E3%81%95%E3%82%93" dan="16,17,16,17" rate="2088.08,2262.04,2081.27,2185.10" sx="M,M,F,M"/><TAIKYOKU oya="0"/><INIT seed="0,0,0,0,4,3" ten="250,250,250,250" oya="0" hai0="0,16,41,129,60,82,43,71,57,115,24,29,108" hai1="9,90,62,117,5,87,84,83,21,102,91,42,113" hai2="20,33,99,44,68,59,112,78,27,123,94,86,85" hai3="55,98,97,119,95,81,13,76,19,35,37,134,51"/><T106/><D106/><U128/><E128/><V53/><F68/><W72/><G37/><T120/><D71/><U93/><E117/><V61/><F33/><W74/><G35/><T34/><D115/><U109/><E109/><V22/><F112/><W49/><G119/><T101/><D101/><U110/><E110/><V88/><F123/><W15/><G134/><T65/><D0/><U107/><E113/><V116/><F116/><W38/><G38/><T18/><D120/><U58/><E42/><V30/><F78/><W48/><G74/><T17/><D129/><U67/><E21/><V11/><F11/><W50/><G19/><T114/><D114/><U69/><E69/><V26/><REACH who="2" step="1"/><F44/><REACH who="2" ten="250,250,240,250" step="2"/><W28/><G28/><AGARI ba="0,1" hai="20,22,26,27,28,30,53,59,61,85,86,88,94,99" machi="28" ten="30,12000,2" yaku="1,1,2,1,7,1,9,1,8,1,54,1,53,0" doraHai="3" doraHaiUra="75" who="2" fromWho="3" sc="250,0,250,0,240,130,250,-120" /><INIT seed="1,0,0,4,4,118" ten="250,250,370,130" oya="1" hai0="67,37,131,104,122,18,125,43,26,116,108,68,7" hai1="55,126,35,27,111,54,2,51,83,38,16,9,61" hai2="93,70,60,48,69,96,66,31,135,53,79,119,109" hai3="30,4,36,45,73,64,59,114,87,10,15,105,80"/><U94/><E38/><V120/><F119/><W39/><G114/><T82/><D18/><U19/><E126/><V24/><F120/><W102/><G73/><T74/><D26/><U28/><E111/><V14/><F109/><W12/><G30/><T32/><D7/><U84/><E94/><V72/><F135/><W106/><G102/><T134/><D67/><U85/><E84/><V63/><F14/><W40/><G36/><T110/><D43/><U92/><E92/><V75/><F79/><W56/><G12/><T49/><D49/><U130/><E130/><V123/><F123/><W71/><G71/><T101/><D82/><U100/><E100/><V103/><F60/><W115/><G115/><T78/><D78/><U23/><E61/><V21/><F69/><W13/><G13/><T1/><D101/><U97/><E97/><V95/><F95/><W3/><G3/><T121/><D121/><U17/><E35/><V6/><F6/><W20/><G20/><T76/><D76/><U127/><E127/><V65/><F65/><W47/><G47/><AGARI ba="0,0" hai="21,24,31,47,48,53,63,66,70,72,75,93,96,103" machi="47" ten="30,1000,0" yaku="7,1" doraHai="118" who="2" fromWho="3" sc="250,0,250,0,370,10,130,-10" /><INIT seed="2,0,0,5,4,45" ten="250,250,380,120" oya="2" hai0="36,117,135,0,11,47,115,126,83,2,119,28,125" hai1="75,105,111,74,72,116,32,113,26,108,69,132,77" hai2="121,59,18,65,131,29,44,110,49,73,95,122,81" hai3="43,15,30,23,90,22,96,89,134,87,93,127,31"/><V13/><F29/><W48/><G127/><N who="0" m="48651" /><D115/><U94/><E113/><V38/><F38/><W76/><G134/><T19/><D83/><U56/><E132/><V70/><F70/><W58/><G76/><T6/><D47/><U46/><E116/><N who="0" m="44617" /><D36/><U107/><E69/><V55/><F131/><W52/><G43/><T71/><D71/><U80/><E56/><V123/><F110/><N who="1" m="42025" /><E46/><V130/><F130/><W16/><REACH who="3" step="1"/><G22/><REACH who="3" ten="250,250,380,110" step="2"/><T64/><D135/><U63/><E32/><V79/><F79/><W67/><G67/><T3/><D64/><U84/><E26/><V78/><F65/><W86/><G86/><T92/><D92/><AGARI ba="0,1" hai="15,16,23,30,31,48,52,58,87,89,90,92,93,96" machi="92" ten="30,16000,3" yaku="1,1,7,1,25,2,8,1,52,1,54,2,53,0" doraHai="45" doraHaiUra="97" who="3" fromWho="0" sc="250,-160,250,0,380,0,110,170" /><INIT seed="3,0,0,4,1,59" ten="90,250,380,280" oya="3" hai0="43,126,38,33,62,134,41,130,17,31,77,1,64" hai1="54,74,12,56,11,116,22,131,32,100,2,110,60" hai2="96,81,112,83,93,127,108,135,5,129,16,63,132" hai3="95,49,133,109,24,115,73,117,10,46,53,51,71"/><W19/><G115/><T106/><D106/><U107/><E32/><V121/><F112/><W23/><G117/><T45/><D41/><U47/><E116/><V0/><F108/><W21/><G71/><T68/><D1/><U3/><E110/><V66/><F129/><W29/><G109/><T101/><D17/><U13/><E131/><V80/><F127/><W48/><G73/><T26/><D130/><U85/><E74/><V61/><F121/><W55/><G133/><N who="2" m="51273" /><F66/><W25/><G10/><T39/><D134/><U98/><E85/><V18/><F5/><W78/><G78/><T9/><D126/><U40/><E22/><V90/><F0/><W4/><G4/><T8/><D8/><U123/><E123/><V36/><F36/><W105/><G105/><T88/><D88/><U114/><E114/><V91/><F91/><W28/><G19/><AGARI ba="0,0" hai="16,18,19,61,63,80,81,83,90,93,96" m="51273" machi="19" ten="30,7700,0" yaku="20,1,52,2,54,1" doraHai="59" who="2" fromWho="3" sc="90,0,250,0,380,77,280,-77" owari="90,-41.0,250,5.0,457,55.7,203,-19.7" /></mjloggm>