<mjloggm ver="2.3"><GO type="225" lobby="0"/><UN n0="%E3%81%BF%E3%81%BF%E3%81%9A" n1="%E3%81%A0%E3%81%8A" n2="%E3%82%B2%E3%82%B9%E8%8C%82%E5%8B%9D" n3="%E3%83%97%E3%83%92" dan="16,16,16,16" rate="2164.43,2049.87,2064.07,2164.52" sx="M,M,F,M"/><TAIKYOKU oya="0"/><INIT seed="0,0,0,2,1,135" ten="250,250,250,250" oya="0" hai0="74,1,95,19,117,63,73,61,115,134,24,80,113" hai1="112,58,72,83,118,98,101,86,89,103,108,92,122" hai2="53,40,52,70,106,69,21,132,87,60,31,126,29" hai3="37,105,54,130,66,41,35,100,119,84,18,94,124"/><T133/><D1/><U6/><E118/><V110/><F106/><W15/><G119/><T107/><D117/><U68/><E68/><V45/><F87/><W20/><G35/><T22/><D107/><U38/><E122/><V81/><F81/><W85/><G84/><T109/><D95/><U127/><E108/><V43/><F21/><W102/><G66/><T79/><D74/><U33/><E33/><V16/><F110/><W13/><G54/><T121/><D121/><U55/><E38/><V62/><F45/><N who="3" m="23727" /><G13/><T91/><D91/><U116/><E72/><V46/><F46/><W36/><G36/><T12/><D109/><U131/><E131/><V67/><F67/><W48/><G48/><T11/><D61/><U56/><E112/><V8/><F16/><N who="3" m="10271" /><G105/><T76/><D63/><U26/><E116/><V3/><F3/><W28/><G28/><T9/><D76/><U71/><E86/><V17/><F17/><W23/><G23/><T93/><D93/><U114/><E92/><V50/><F50/><W104/><G18/><N who="0" m="12375" /><D9/><U111/><E111/><V34/><F34/><W125/><G130/><T2/><D2/><U59/><E103/><V128/><F128/><W97/><G85/><T47/><D47/><U99/><E101/><V129/><F129/><W4/><G4/><T44/><D44/><U49/><E6/><V10/><F132/><AGARI ba="0,0" hai="11,12,19,73,79,80,113,115,132,133,134" m="12375" machi="132" ten="30,1500,0" yaku="20,1" doraHai="135" who="0" fromWho="2" sc="250,15,250,0,250,-15,250,0" /><INIT seed="0,1,0,3,4,113" ten="265,250,235,250" oya="0" hai0="74,80,109,82,86,128,97,73,62,117,76,11,118" hai1="87,58,52,101,98,37,83,49,26,102,90,122,77" hai2="110,100,91,12,114,99,4,72,135,19,70,111,38" hai3="42,44,47,28,9,95,106,130,27,125,84,94,129"/><T119/><D128/><N who="3" m="49257" /><G106/><T23/><D109/><N who="2" m="41482" /><F114/><W46/><G125/><T103/><D23/><U7/><E122/><V17/><F135/><W1/><G42/><T131/><D131/><U6/><E37/><V20/><F72/><W108/><G108/><T51/><D51/><U41/><E41/><V120/><F120/><W10/><G84/><N who="0" m="48135" /><D11/><N who="3" m="4105" /><G1/><T57/><D57/><U24/><E77/><V33/><F33/><AGARI ba="1,0" hai="27,28,33,44,46,47,94,95" m="4105,49257" machi="33" ten="30,1000,0" yaku="19,1" doraHai="113" who="3" fromWho="2" sc="265,0,250,0,235,-13,250,13" /><INIT seed="1,0,0,1,5,102" ten="265,250,222,263" oya="1" hai0="75,2,117,52,4,95,20,76,71,101,6,105,130" hai1="15,48,94,54,16,78,126,56,34,19,37,41,89" hai2="82,57,81,120,69,60,133,42,61,29,77,47,11" hai3="49,116,73,8,113,72,103,17,70,86,67,98,14"/><U127/><E34/><V83/><F133/><W108/><G113/><T96/><D117/><U55/><E78/><V115/><F120/><W36/><G36/><T35/><D35/><U1/><E1/><V33/><F69/><W100/><G108/><T110/><D71/><U124/><E54/><V90/><F115/><W80/><G103/><T129/><D110/><U132/><E132/><V45/><F77/><W63/><G49/><T44/><D20/><U104/><E104/><V74/><F74/><W43/><G43/><T53/><D95/><U31/><E31/><V64/><F11/><W28/><G28/><T107/><D107/><U131/><E131/><N who="0" m="50185" /><D2/><U119/><E119/><V50/><F45/><W97/><G97/><T46/><D44/><N who="1" m="23599" /><E15/><V5/><F5/><N who="0" m="2154" /><D46/><U84/><AGARI ba="0,0" hai="16,19,48,55,56,84,89,94,124,126,127" m="23599" machi="84" ten="30,3000,0" yaku="18,1,54,1" doraHai="102" who="1" fromWho="1" sc="265,-10,250,30,222,-10,263,-10" /><INIT seed="1,1,0,2,4,18" ten="255,280,212,253" oya="1" hai0="75,123,46,110,127,66,135,134,101,120,109,107,52" hai1="79,1,24,108,47,133,12,51,70,91,122,77,105" hai2="0,49,59,97,45,132,48,13,60,68,15,23,16" hai3="8,25,50,19,106,4,41,5,90,30,64,27,111"/><U56/><E1/><V44/><F132/><N who="0" m="50730" /><D75/><U32/><E70/><V57/><F0/><W85/><G106/><T81/><D81/><U104/><E122/><N who="0" m="46633" /><D107/><U95/><E133/><V86/><F97/><W113/><G111/><N who="0" m="42507" /><D101/><U20/><E108/><V26/><F68/><W54/><G85/><T100/><D100/><U58/><E105/><V55/><F86/><W98/><G90/><T115/><D127/><U84/><E104/><V93/><F93/><W112/><G98/><T61/><D115/><U14/><E32/><V31/><F31/><W39/><G30/><T119/><D119/><U121/><E121/><V10/><F10/><W35/><G8/><T117/><D117/><U74/><E74/><V87/><F87/><W72/><G72/><T80/><D80/><U42/><E79/><V17/><F26/><W125/><G25/><T69/><D46/><N who="2" m="18026" /><F59/><N who="1" m="22569" /><E77/><V116/><F116/><W3/><G112/><T129/><D129/><U6/><E6/><V63/><F60/><W102/><G4/><T33/><D33/><U43/><E43/><V65/><F65/><W124/><G64/><T53/><AGARI ba="1,0" hai="52,53,61,66,69" m="42507,46633,50730" machi="53" ten="40,12000,2" yaku="20,1,13,1,14,1,34,2,54,1" doraHai="18" who="0" fromWho="0" sc="255,123,280,-61,212,-31,253,-31" /><INIT seed="2,0,0,0,5,121" ten="378,219,181,222" oya="2" hai0="22,79,81,0,107,38,113,4,62,98,39,42,24" hai1="46,104,115,31,75,6,36,65,15,87,60,51,61" hai2="28,135,48,78,35,119,128,53,63,49,85,89,33" hai3="91,123,76,108,100,11,82,133,84,95,26,103,126"/><V40/><F119/><W90/><G123/><T112/><D62/><U118/><E75/><V68/><F128/><W83/><G11/><N who="0" m="2439" /><D22/><U57/><E104/><V58/><F135/><W44/><G44/><N who="0" m="23639" /><D24/><U67/><E118/><V102/><F78/><N who="3" m="46167" /><G26/><T9/><D9/><U114/><E36/><V111/><F111/><W97/><G133/><T18/><D18/><U134/><E134/><V88/><F102/><N who="3" m="38955" /><G126/><T13/><D13/><U106/><E15/><V86/><F28/><W117/><G117/><T73/><D39/><U19/><E31/><V132/><F132/><W120/><G120/><T59/><D59/><U45/><E57/><V55/><F68/><W14/><G14/><T47/><D47/><U1/><E46/><N who="2" m="25671" /><F33/><W8/><G8/><T93/><D107/><U130/><E106/><V92/><F35/><W23/><G23/><T21/><D21/><U56/><E45/><N who="2" m="27823" /><F89/><AGARI ba="0,0" hai="73,79,81,89,93,98,112,113" m="23639,2439" machi="89" ten="30,1000,0" yaku="25,1" doraHai="121" who="0" fromWho="2" sc="378,10,219,0,181,-10,222,0" /><INIT seed="3,0,0,0,2,135" ten="388,219,171,222" oya="3" hai0="97,117,114,134,102,19,116,47,38,26,91,56,104" hai1="28,88,6,110,50,40,41,122,5,93,69,20,8" hai2="34,30,81,89,7,103,33,24,55,95,1,85,106" hai3="57,132,74,100,27,58,94,11,105,42,21,112,130"/><W4/><G132/><T44/><D134/><U128/><E122/><V68/><F68/><W123/><G74/><T23/><D114/><U12/><E69/><V36/><F36/><W52/><G105/><T63/><D91/><U83/><E110/><V107/><F34/><W32/><G32/><T75/><D75/><U51/><E128/><V92/><F107/><W101/><G42/><N who="1" m="16490" /><E83/><V76/><F95/><W10/><G123/><T120/><D120/><U0/><E0/><V71/><F71/><W87/><G58/><T129/><D129/><U48/><E28/><V49/><F7/><N who="1" m="2569" /><E20/><V62/><F1/><W109/><G109/><T118/><REACH who="0" step="1"/><D38/><REACH who="0" ten="378,219,171,222" step="2"/><U78/><E78/><V66/><F106/><W61/><G112/><T82/><D82/><U72/><E72/><V86/><F103/><W3/><G130/><T127/><D127/><U17/><E88/><V18/><F18/><W115/><G115/><T39/><D39/><U60/><E93/><V15/><F15/><W31/><G10/><T79/><D79/><U2/><E2/><V25/><F33/><W90/><AGARI ba="0,1" hai="3,4,11,21,27,31,52,57,61,87,90,94,100,101" machi="90" ten="30,3000,0" yaku="0,1,54,1" doraHai="135" who="3" fromWho="3" sc="378,-10,219,-10,171,-10,222,40" /><INIT seed="3,1,0,4,5,17" ten="368,209,161,262" oya="3" hai0="54,95,76,85,57,81,129,86,105,24,0,2,75" hai1="98,128,111,121,123,73,122,52,1,97,115,3,96" hai2="13,82,108,53,50,62,41,113,16,46,45,18,37" hai3="125,99,49,36,21,12,67,55,6,60,118,58,66"/><W90/><G118/><T61/><D129/><U59/><E115/><V117/><F113/><W87/><G36/><T14/><D105/><U26/><E73/><V35/><F117/><W84/><G125/><T79/><D75/><U106/><E106/><V32/><F108/><W29/><G6/><T127/><D127/><U19/><E111/><V71/><F18/><N who="3" m="10439" /><G29/><T94/><D14/><U74/><E74/><V5/><F5/><W135/><G135/><T10/><D24/><U116/><E128/><V112/><F112/><W103/><G103/><T23/><D23/><U70/><E70/><V28/><F28/><W131/><G66/><T126/><D126/><U38/><E38/><V51/><F37/><W42/><G42/><T88/><D79/><U130/><E130/><V43/><F82/><W44/><G131/><T77/><D77/><U93/><E116/><V92/><F92/><AGARI ba="1,0" hai="44,49,55,58,60,67,84,87,90,92,99" m="10439" machi="92" ten="30,2900,0" yaku="8,1,52,1" doraHai="17" who="3" fromWho="2" sc="368,0,209,0,161,-32,262,32" /><INIT seed="3,2,0,5,4,64" ten="368,209,129,294" oya="3" hai0="11,85,51,8,2,132,122,118,47,135,82,106,72" hai1="43,124,62,100,78,114,103,53,112,61,109,123,120" hai2="4,86,69,63,126,98,91,117,84,60,113,127,116" hai3="10,32,33,35,0,34,17,24,31,15,40,110,45"/><W101/><G101/><T75/><D106/><U13/><E109/><V65/><F4/><N who="3" m="1287" /><G45/><T18/><D118/><U46/><E78/><V7/><F7/><W30/><G40/><N who="0" m="25063" /><D122/><U25/><E13/><V58/><F98/><W20/><G110/><T37/><D37/><U89/><E25/><AGARI ba="2,0" hai="15,17,20,24,25,30,31,32,33,34,35" m="1287" machi="25" ten="30,18000,2" yaku="24,1,35,5" doraHai="64" who="3" fromWho="1" sc="368,0,209,-186,129,0,294,186" owari="368,16.8,23,-47.7,129,-27.1,480,58.0" /></mjloggm>