<mjloggm ver="2.3"><GO type="225" lobby="0"/><UN n0="%E3%81%86%E3%81%A9%E3%82%93%E3%81%93" n1="%45%6C%79%73%69%75%6D" n2="%E6%9D%B1%E9%A2%A8%E3%81%AE%E3%81%8D%E3%82%83%E3%81%B7%E3%81%95%E3%82%93" n3="%E3%82%B7%E3%83%B3%E5%A4%AA%E6%9C%97" dan="16,17,16,16" rate="2144.75,2126.61,2162.42,2197.74" sx="M,F,M,M"/><TAIKYOKU oya="0"/><INIT seed="0,0,0,2,1,68" ten="250,250,250,250" oya="0" hai0="65,73,111,28,44,63,83,92,45,70,130,51,66" hai1="11,58,5,121,120,23,81,110,54,55,21,40,34" hai2="49,123,32,71,109,125,101,33,119,8,107,98,88" hai3="82,99,77,24,94,78,48,60,29,127,84,105,91"/><T89/><D130/><U56/><E34/><V57/><F123/><W126/><G48/><T93/><D111/><U74/><E110/><V100/><F71/><W41/><G41/><T87/><D65/><U2/><E40/><V97/><F125/><N who="3" m="47627" /><G60/><T10/><D28/><U79/><E56/><V80/><F109/><W7/><G7/><T19/><D45/><U4/><E4/><V115/><F8/><W20/><G105/><T30/><D30/><U31/><E55/><V76/><F119/><W128/><G128/><T26/><D73/><U135/><E135/><V62/><F49/><W96/><G77/><T117/><D117/><U85/><E74/><AGARI ba="0,0" hai="20,24,29,74,78,82,84,91,94,96,99" m="47627" machi="74" ten="30,1000,0" yaku="18,1" doraHai="68" who="3" fromWho="1" sc="250,0,250,-10,250,0,250,10" /><INIT seed="1,0,0,0,1,49" ten="250,240,250,260" oya="1" hai0="92,61,5,93,86,20,104,122,115,12,134,95,69" hai1="47,110,57,72,13,52,78,42,76,64,2,84,26" hai2="15,21,117,7,103,3,9,56,27,39,114,53,75" hai3="32,96,79,97,38,125,6,106,105,55,107,66,130"/><U17/><E2/><V118/><F75/><W124/><G32/><T91/><D104/><U128/><E72/><V131/><F39/><W37/><G6/><T30/><D122/><U102/><E64/><V87/><F131/><W68/><G79/><T108/><D108/><U50/><E128/><V23/><F114/><W25/><G130/><T99/><D115/><U44/><E110/><V63/><F103/><W48/><G25/><T65/><D134/><U113/><E113/><V133/><F133/><W34/><G34/><T16/><D30/><U70/><E70/><V120/><F120/><W8/><G8/><T10/><REACH who="0" step="1"/><D99/><REACH who="0" ten="240,240,250,260" step="2"/><U121/><E121/><V4/><F118/><W119/><G119/><T90/><D90/><U40/><E102/><V85/><F117/><W127/><G97/><T18/><D18/><U77/><E84/><N who="2" m="32331" /><F3/><AGARI ba="0,1" hai="3,5,10,12,16,20,61,65,69,86,91,92,93,95" machi="3" ten="30,3900,0" yaku="1,1,7,1,54,1,53,0" doraHai="49" doraHaiUra="41" who="0" fromWho="2" sc="240,49,240,0,250,-39,260,0" /><INIT seed="2,0,0,2,1,119" ten="289,240,211,260" oya="2" hai0="98,8,83,90,46,18,97,60,1,55,104,0,96" hai1="108,133,128,37,14,92,131,71,22,89,11,42,47" hai2="85,63,99,135,121,107,82,15,88,132,127,4,43" hai3="110,129,44,49,102,2,41,77,103,122,12,78,100"/><V61/><F43/><W112/><G112/><T51/><D104/><U50/><E71/><V48/><F48/><W75/><G110/><T64/><D83/><U114/><E108/><V124/><F15/><W31/><G129/><N who="1" m="49738" /><E114/><V5/><F61/><W52/><G2/><T56/><D90/><U74/><E74/><V6/><F63/><W16/><G75/><T81/><D81/><U93/><E133/><N who="2" m="51275" /><F121/><W70/><G122/><T28/><D28/><U29/><E37/><V58/><F58/><W23/><G70/><T7/><D18/><N who="1" m="8543" /><E89/><V123/><F123/><W67/><G67/><T80/><D80/><U134/><E134/><V27/><F27/><AGARI ba="0,0" hai="22,27,29,42,47,50,92,93" m="8543,49738" machi="27" ten="30,1000,0" yaku="19,1" doraHai="119" who="1" fromWho="2" sc="289,0,240,10,211,-10,260,0" /><INIT seed="3,0,0,1,5,101" ten="289,250,201,260" oya="3" hai0="107,60,88,74,6,37,13,43,97,92,96,45,41" hai1="116,100,10,31,77,75,16,129,27,113,73,112,39" hai2="14,3,91,106,20,34,24,105,33,21,126,52,11" hai3="2,121,54,79,57,15,53,38,5,118,40,4,102"/><W76/><G118/><T124/><D74/><U23/><E116/><V19/><F126/><W87/><G121/><T8/><D124/><U70/><E70/><V0/><F91/><W78/><G2/><N who="2" m="553" /><F52/><W66/><G102/><T17/><D43/><U9/><E129/><V119/><F119/><W28/><G28/><T56/><D107/><U51/><E39/><V80/><F80/><W69/><G69/><T7/><D96/><U111/><E100/><V71/><F71/><W58/><G38/><T1/><D1/><U117/><E117/><V93/><F93/><W109/><G40/><T104/><D104/><U50/><E77/><V82/><F82/><W59/><G66/><AGARI ba="0,0" hai="6,7,8,13,17,37,41,45,56,60,66,88,92,97" machi="66" ten="30,2000,0" yaku="7,1,54,1" doraHai="101" who="0" fromWho="3" sc="289,20,250,0,201,0,260,-20" owari="309,40.9,250,5.0,201,-29.9,240,-16.0" /></mjloggm>