<mjloggm ver="2.3"><GO type="225" lobby="0"/><UN n0="%E7%B4%94%E6%BD%94%E3%83%94%E3%83%A9%E3%83%8B%E3%82%A2" n1="%E6%A0%B9%E5%85%83%E3%81%8B%E3%82%89%E5%90%B9%E3%81%A3%E9%A3%9B%E3%81%B6" n2="%54%4F%52" n3="%6D%75%75%6D%75%72%61" dan="16,17,17,16" rate="2161.44,2140.04,2235.78,2087.13" sx="M,F,M,F"/><TAIKYOKU oya="0"/><INIT seed="0,0,0,5,4,18" ten="250,250,250,250" oya="0" hai0="12,82,86,44,107,54,101,132,125,29,103,58,45" hai1="134,50,88,1,10,25,39,83,52,53,105,2,20" hai2="16,6,37,31,92,91,80,120,114,55,76,127,46" hai3="41,108,21,71,96,98,49,110,43,22,112,36,3"/><T35/><D125/><U128/><E105/><V79/><F114/><W40/><G112/><T63/><D132/><U48/><E39/><V30/><F120/><W32/><G32/><T17/><D29/><U130/><E134/><V129/><F127/><W65/><G36/><T64/><D35/><U4/><E2/><V60/><F6/><W24/><G3/><T122/><D122/><U61/><E61/><V14/><F129/><N who="1" m="49769" /><E50/><N who="2" m="29143" /><F60/><N who="3" m="40359" /><G24/><T9/><D107/><U42/><E42/><V124/><F37/><W11/><G11/><T56/><D56/><U33/><E33/><V66/><F66/><W27/><G27/><T81/><D81/><U95/><E48/><V38/><F38/><W115/><G49/><N who="0" m="28967" /><D45/><U77/><E83/><V34/><F34/><W74/><G74/><T57/><D57/><U94/><E94/><V0/><F0/><W73/><G73/><T116/><D116/><U8/><E8/><N who="2" m="6215" /><F124/><W89/><G115/><T13/><D13/><U70/><E70/><V78/><F80/><W113/><G113/><T69/><D69/><U111/><E111/><N who="3" m="42538" /><G89/><AGARI ba="0,0" hai="9,12,17,58,63,64,82,86,89,101,103" m="28967" machi="89" ten="30,2900,0" yaku="25,1,8,1" doraHai="18" who="0" fromWho="3" sc="250,29,250,0,250,0,250,-29" /><INIT seed="0,1,0,0,3,61" ten="279,250,250,221" oya="0" hai0="22,118,44,95,40,104,75,64,54,105,84,11,86" hai1="3,1,135,28,45,15,128,67,130,17,80,69,88" hai2="12,19,38,117,35,63,29,59,18,23,7,70,65" hai3="31,131,51,5,62,132,92,16,20,8,99,116,27"/><T109/><D75/><U25/><E135/><V79/><F38/><W101/><G116/><T111/><D118/><U26/><E45/><V37/><F37/><W2/><G132/><T56/><D11/><U120/><E120/><V46/><F117/><W110/><G110/><N who="0" m="41995" /><D22/><U49/><E49/><V4/><F46/><W9/><G131/><N who="1" m="50218" /><E69/><V76/><F70/><W83/><G83/><T114/><D114/><U36/><E36/><V10/><F4/><W115/><G115/><T39/><D64/><U77/><E67/><V112/><F112/><W14/><G62/><N who="0" m="36119" /><D95/><U34/><E26/><N who="2" m="16607" /><F35/><W129/><G129/><T72/><D72/><U43/><E43/><V33/><F33/><W124/><REACH who="3" step="1"/><G51/><REACH who="3" ten="279,250,250,211" step="2"/><T13/><D39/><U81/><E81/><V48/><F48/><W68/><G68/><T55/><D40/><U60/><E60/><V126/><F126/><AGARI ba="1,1" hai="2,5,8,9,14,16,20,27,31,92,99,101,124,126" machi="126" ten="40,8000,1" yaku="1,1,54,1,53,2" doraHai="61" doraHaiUra="134" who="3" fromWho="2" sc="279,0,250,0,250,-83,211,93" /><INIT seed="1,0,0,3,3,23" ten="279,250,167,304" oya="1" hai0="111,98,85,8,127,58,133,124,76,108,54,71,40" hai1="101,116,129,39,75,78,47,22,135,112,1,51,37" hai2="113,68,36,7,33,74,84,55,100,126,123,61,13" hai3="72,94,45,57,107,62,95,16,77,65,81,82,32"/><U105/><E51/><V46/><F74/><W115/><G115/><T99/><D71/><U43/><E39/><V2/><F2/><W125/><G107/><T15/><D40/><U53/><E53/><V44/><F33/><W73/><G125/><N who="0" m="48203" /><D133/><U80/><E22/><V35/><F35/><W5/><G5/><N who="0" m="3471" /><D76/><U92/><E92/><V104/><F123/><W128/><G128/><T34/><D85/><U3/><E112/><V42/><F126/><W9/><G32/><T120/><D34/><U11/><E116/><V66/><F113/><W122/><G45/><T134/><D120/><U20/><E129/><V114/><F114/><W89/><G122/><T96/><D134/><U86/><E135/><V19/><F7/><W63/><G63/><AGARI ba="0,0" hai="54,58,63,96,98,99,108,111" m="3471,48203" machi="63" ten="30,1000,0" yaku="18,1" doraHai="23" who="0" fromWho="3" sc="279,10,250,0,167,0,304,-10" /><INIT seed="2,0,0,2,3,36" ten="289,250,167,294" oya="2" hai0="113,51,62,84,68,3,66,7,11,124,6,108,72" hai1="18,128,103,50,45,104,82,63,133,54,65,19,106" hai2="123,73,43,23,92,111,58,102,52,8,13,86,41" hai3="88,61,22,20,75,35,114,47,55,28,118,14,42"/><V2/><F123/><W77/><G118/><T44/><D113/><U89/><E128/><V83/><F73/><W125/><G35/><T122/><D72/><U17/><E133/><V100/><F2/><W80/><G125/><T57/><D124/><U98/><E106/><V105/><F105/><W25/><G114/><T95/><D108/><U112/><E112/><V107/><F107/><W90/><G61/><T116/><D116/><U48/><E48/><N who="2" m="30983" /><F23/><W10/><G55/><T101/><D7/><U110/><E110/><V69/><F69/><W31/><G20/><T26/><D26/><U134/><E134/><V37/><F37/><W21/><G21/><T12/><D122/><U132/><E132/><V78/><F111/><W97/><G97/><T33/><D33/><U96/><E96/><N who="2" m="59399" /><F102/><W76/><G76/><T34/><D34/><U81/><REACH who="1" step="1"/><E89/><REACH who="1" ten="289,240,167,294" step="2"/><V91/><F91/><W85/><G90/><N who="0" m="53703" /><D101/><U129/><E129/><V32/><F32/><W74/><G88/><T127/><D127/><U59/><AGARI ba="0,1" hai="17,18,19,45,50,54,59,63,65,81,82,98,103,104" machi="59" ten="30,2000,0" yaku="1,1,0,1,53,0" doraHai="36" doraHaiUra="30" who="1" fromWho="1" sc="289,-5,240,30,167,-10,294,-5" /><INIT seed="3,0,0,1,5,66" ten="284,270,157,289" oya="3" hai0="100,74,71,37,64,121,30,117,79,41,28,12,128" hai1="129,115,51,122,106,133,14,24,82,10,92,8,112" hai2="52,21,109,105,131,57,73,58,111,18,85,42,83" hai3="25,78,29,94,56,36,101,45,7,114,47,69,118"/><W88/><G114/><T19/><D117/><U93/><E122/><V126/><F105/><W108/><G118/><T86/><D121/><U135/><E106/><V31/><F73/><W123/><G69/><T102/><D74/><U40/><E24/><V4/><F131/><W5/><G36/><T134/><D128/><U16/><E82/><V44/><F31/><W13/><G101/><T95/><D41/><U91/><E129/><V48/><F4/><W110/><G78/><T116/><D37/><U20/><E20/><V119/><F119/><W68/><G68/><T90/><D79/><U11/><E51/><V81/><F126/><W62/><G123/><T98/><D134/><U60/><E40/><V38/><F58/><W26/><G94/><N who="1" m="36458" /><E60/><V107/><F107/><W120/><G88/><T49/><D49/><U23/><E91/><V124/><F124/><W15/><G120/><T27/><D27/><N who="3" m="10249" /><G29/><T22/><D116/><U84/><E84/><V50/><F38/><W2/><G2/><T54/><D28/><U130/><E130/><V3/><F3/><W46/><G110/><N who="2" m="41993" /><F85/><W103/><G103/><T132/><D30/><U70/><E70/><V96/><F96/><W32/><G32/><T104/><D102/><U87/><E87/><V127/><F127/><W75/><G75/><T99/><D86/><U67/><E67/><V77/><F77/><W0/><G108/><T34/><D95/><U65/><E65/><V113/><F113/><W1/><G1/><T17/><D71/><U33/><E33/><V63/><F63/><W80/><G0/><T55/><D34/><RYUUKYOKU ba="0,0" sc="284,-15,270,15,157,15,289,-15" hai1="8,10,11,14,16,23,112,115,133,135" hai2="18,21,42,44,48,50,52,57,81,83" /><INIT seed="4,1,0,5,4,106" ten="269,285,172,274" oya="0" hai0="53,94,58,85,43,19,77,71,11,92,107,12,6" hai1="20,28,110,88,113,48,9,101,56,3,13,95,57" hai2="27,4,122,81,128,70,30,133,15,93,75,129,108" hai3="1,74,32,89,54,104,87,83,61,25,79,64,102"/><T116/><D71/><U124/><E110/><V35/><F108/><W37/><G1/><T65/><D107/><U36/><E36/><V45/><F122/><W100/><G37/><T7/><D116/><U63/><E9/><N who="2" m="4519" /><F70/><W14/><G54/><T42/><D65/><U10/><E3/><V52/><F93/><N who="0" m="35946" /><D85/><N who="1" m="52623" /><E101/><V49/><F81/><W103/><G74/><T24/><D77/><U18/><E124/><V16/><F16/><W105/><G79/><T60/><D24/><N who="1" m="16391" /><E113/><V118/><F118/><W73/><G73/><T62/><D62/><U80/><E80/><V72/><F133/><W51/><G104/><T66/><D66/><N who="1" m="39271" /><E57/><V78/><F78/><W135/><G105/><T50/><D60/><U112/><E112/><V84/><F84/><W8/><G135/><T26/><D26/><U68/><E68/><V38/><F38/><W69/><G25/><T134/><D134/><U127/><E127/><V33/><F33/><W115/><G32/><T121/><D121/><U82/><E82/><V131/><AGARI ba="1,0" hai="27,30,35,45,49,52,72,75,128,129,131" m="4519" machi="131" ten="30,7900,0" yaku="19,1,52,2,54,1" doraHai="106" who="2" fromWho="2" sc="269,-40,285,-21,172,82,274,-21" /><INIT seed="5,0,0,3,0,124" ten="229,264,254,253" oya="1" hai0="126,87,45,14,116,18,52,5,132,92,97,100,56" hai1="95,28,61,130,34,134,123,117,135,48,84,106,64" hai2="91,43,20,1,98,108,60,113,32,19,129,12,10" hai3="39,66,9,7,21,11,79,53,78,115,109,76,26"/><U38/><E117/><V0/><F108/><W55/><G109/><T104/><D116/><U77/><E106/><V40/><F32/><W54/><G115/><T121/><D126/><U62/><E38/><V85/><F113/><W102/><G39/><T71/><D71/><U133/><E123/><V16/><F129/><W107/><G66/><T50/><D121/><U67/><E48/><V4/><F0/><W58/><G107/><T3/><D132/><U103/><E28/><V29/><F29/><W27/><G102/><T110/><D110/><U122/><E34/><V41/><F60/><N who="1" m="23145" /><E122/><V46/><F19/><W112/><G112/><T120/><D120/><U96/><E130/><V88/><F98/><W13/><G9/><T63/><D3/><U65/><E84/><V118/><F118/><W81/><G21/><T125/><D125/><U51/><E51/><V17/><F17/><W83/><G58/><T75/><D75/><U128/><E77/><V131/><F131/><W93/><G93/><T68/><D68/><U57/><E128/><V89/><REACH who="2" step="1"/><F46/><REACH who="2" ten="229,264,244,253" step="2"/><W70/><G70/><T49/><D45/><U111/><E111/><V47/><F47/><W74/><G74/><T105/><D5/><U59/><AGARI ba="0,1" hai="57,59,64,65,67,95,96,103,133,134,135" m="23145" machi="59" ten="40,2100,0" yaku="20,1" doraHai="124" who="1" fromWho="1" sc="229,-7,264,31,244,-7,253,-7" /><INIT seed="5,1,0,5,5,93" ten="222,295,237,246" oya="1" hai0="125,13,89,102,32,41,98,84,73,14,57,83,6" hai1="69,130,120,133,0,17,54,134,67,19,62,91,15" hai2="131,25,68,66,61,9,96,7,71,114,1,85,64" hai3="40,46,110,78,99,52,5,20,118,59,115,80,106"/><U65/><E0/><V95/><F131/><W107/><G110/><T88/><D32/><U29/><E120/><V39/><F39/><W12/><G115/><T135/><D125/><U101/><E29/><V72/><F72/><W121/><G121/><T109/><D109/><U100/><E65/><V97/><F114/><W34/><G34/><T22/><D135/><N who="1" m="51723" /><E130/><V42/><F42/><W53/><G40/><T51/><D73/><U108/><E54/><V111/><F111/><W48/><G52/><N who="0" m="31903" /><D41/><U79/><E79/><V63/><F25/><W86/><G53/><T104/><D104/><U37/><E91/><AGARI ba="1,0" hai="1,7,9,61,63,64,66,68,71,85,91,95,96,97" machi="91" ten="40,5200,0" yaku="9,1,52,2" doraHai="93" who="2" fromWho="1" sc="222,0,295,-55,237,55,246,0" /><INIT seed="6,0,0,4,1,116" ten="222,240,292,246" oya="2" hai0="110,38,120,118,99,2,115,62,87,73,122,5,82" hai1="98,131,117,29,42,81,59,37,133,45,34,94,39" hai2="121,64,1,78,95,114,79,66,31,128,65,46,113" hai3="36,33,7,88,132,92,13,40,89,43,6,54,129"/><V60/><F121/><W19/><G33/><T123/><D110/><U27/><E117/><V84/><F1/><W80/><G36/><T107/><D118/><U0/><E131/><V100/><F128/><W126/><G126/><T24/><D115/><N who="2" m="44042" /><F31/><W112/><G132/><T101/><D24/><U96/><E37/><V30/><F30/><W119/><G112/><T69/><D38/><U93/><E81/><N who="2" m="47159" /><F46/><W22/><G80/><T91/><D73/><U56/><E0/><V51/><F51/><W9/><G119/><T90/><D90/><U57/><E133/><V102/><F79/><W104/><G89/><T25/><D25/><U53/><E53/><V12/><F12/><W103/><G13/><T76/><D91/><U74/><E74/><V47/><F47/><W97/><G54/><T105/><D105/><U135/><E135/><V85/><F85/><W55/><G55/><T70/><REACH who="0" step="1"/><D62/><REACH who="0" ten="212,240,292,246" step="2"/><U21/><E34/><V11/><F60/><W108/><G88/><T26/><D26/><U127/><E127/><V67/><F102/><W4/><G108/><T32/><D32/><U8/><E96/><V106/><F106/><W63/><G63/><T52/><D52/><U130/><E130/><V15/><F66/><W111/><G129/><T49/><D49/><U35/><E35/><V77/><F77/><W109/><G104/><T3/><D3/><U124/><E124/><V72/><F72/><W48/><G48/><T50/><D50/><U23/><E98/><N who="2" m="59487" /><F67/><W61/><G61/><T125/><D125/><U68/><E68/><V10/><F15/><W28/><G109/><RYUUKYOKU ba="0,1" sc="212,15,240,-15,292,15,246,-15" hai0="2,5,69,70,76,82,87,99,101,107,120,122,123" hai2="10,11,64,65" owari="227,-17.3,225,-27.5,317,41.7,231,3.1" /></mjloggm>