<mjloggm ver="2.3"><GO type="225" lobby="0"/><UN n0="%E6%81%A5%E6%99%92%E3%81%97" n1="%E6%97%A5%E6%9B%9C%E6%97%A5%E3%82%88%E3%82%8A%E3%81%AE%E4%BD%BF%E8%80%85" n2="%E5%B0%8F%E9%B3%A5%E9%81%8A%E7%B7%B4%E7%84%A1%32%31%E6%AD%B3" n3="%E3%82%BF%E3%83%BC%E3%83%90%E3%83%B3%E9%87%8E%E5%8F%A3" dan="16,16,16,16" rate="2065.51,2093.20,2152.05,2048.08" sx="M,M,F,M"/><TAIKYOKU oya="0"/><INIT seed="0,0,0,1,1,2" ten="250,250,250,250" oya="0" hai0="97,129,48,52,76,19,116,57,94,38,62,18,96" hai1="66,123,41,43,122,71,87,82,127,134,101,50,3" hai2="113,64,20,77,124,32,132,1,63,69,92,114,102" hai3="100,67,135,58,115,70,42,83,8,33,109,12,120"/><T45/><D129/><U65/><E3/><V80/><F32/><W93/><G115/><T60/><D116/><U9/><E101/><V72/><F132/><W106/><G33/><T90/><D76/><U26/><E134/><V105/><F20/><W34/><G135/><T126/><D126/><U31/><E9/><V130/><F92/><W131/><G34/><T110/><D110/><U46/><E43/><V74/><F74/><W37/><G106/><T39/><D62/><U112/><E127/><V99/><F124/><W36/><G70/><T118/><D118/><U28/><E112/><N who="2" m="43115" /><F1/><W17/><G42/><T49/><D49/><U13/><E13/><V73/><F73/><W86/><G109/><T104/><D104/><U89/><E31/><V40/><F40/><W84/><G131/><AGARI ba="0,0" hai="63,64,69,72,77,80,99,102,105,130,131" m="43115" machi="131" ten="30,1000,0" yaku="23,1" doraHai="2" who="2" fromWho="3" sc="250,0,250,0,250,10,250,-10" /><INIT seed="1,0,0,5,5,66" ten="250,250,260,240" oya="1" hai0="27,42,18,13,14,54,25,48,119,62,1,56,63" hai1="114,39,75,20,33,64,98,59,81,128,116,52,127" hai2="87,6,44,31,68,12,35,60,94,122,26,51,112" hai3="29,131,88,2,76,28,124,15,21,120,73,9,34"/><U85/><E33/><V69/><F122/><W17/><G120/><T133/><D133/><U135/><E114/><V83/><F94/><W46/><G124/><T113/><D119/><U79/><E116/><V58/><F112/><W91/><G131/><T101/><D113/><U16/><E128/><V96/><F96/><W22/><G29/><T107/><D1/><U110/><E135/><V47/><F47/><W30/><G30/><T108/><D108/><U125/><E39/><V77/><F58/><W65/><G22/><T90/><D101/><U123/><E123/><V43/><F60/><W23/><G23/><T118/><D107/><U104/><E64/><V38/><F38/><W37/><G65/><T102/><D102/><U50/><E110/><V82/><F82/><W132/><G132/><T61/><D13/><U36/><E36/><V86/><F86/><W71/><G71/><T55/><D42/><U49/><E49/><V78/><F78/><W0/><G0/><T41/><D41/><U109/><E109/><V8/><AGARI ba="0,0" hai="6,8,12,26,31,35,43,44,51,68,69,77,83,87" machi="8" ten="30,8000,1" yaku="0,1,25,2,52,2" doraHai="66" who="2" fromWho="2" sc="250,-20,250,-40,260,80,240,-20" /><INIT seed="2,0,0,0,1,50" ten="230,210,340,220" oya="2" hai0="8,120,69,34,5,96,51,77,54,27,33,4,95" hai1="15,61,29,100,133,46,66,110,81,13,43,11,24" hai2="75,88,113,114,16,87,59,28,92,115,68,121,58" hai3="65,122,86,60,0,111,127,118,134,55,41,17,39"/><V129/><F68/><W6/><G122/><T47/><D120/><U112/><E112/><V26/><F129/><W35/><G118/><T48/><D69/><U18/><E110/><V119/><F121/><W56/><G35/><T57/><D77/><U94/><E133/><V72/><F119/><W9/><G111/><T80/><D80/><U22/><E81/><V116/><F116/><W79/><G134/><T32/><D27/><U128/><E128/><V31/><F28/><W62/><G127/><T38/><D38/><U23/><E100/><V14/><F72/><W102/><G102/><T93/><D96/><U49/><E94/><V101/><F75/><W98/><G98/><T107/><D107/><U3/><E3/><V84/><F84/><W30/><G30/><T97/><D4/><U2/><E2/><V132/><F101/><W44/><G17/><T124/><D124/><U42/><E42/><V130/><F130/><W109/><G109/><T105/><D105/><U135/><E135/><V126/><F126/><W91/><G79/><T90/><D95/><U10/><REACH who="1" step="1"/><E15/><REACH who="1" ten="230,200,340,220" step="2"/><V70/><F132/><W82/><REACH who="3" step="1"/><G62/><REACH who="3" ten="230,200,340,210" step="2"/><T106/><D106/><U85/><E85/><V40/><F87/><W103/><G103/><T53/><D34/><U1/><E1/><AGARI ba="0,2" hai="1,5,8,32,33,47,48,51,53,54,57,90,93,97" machi="1" ten="30,3900,0" yaku="7,1,52,2" doraHai="50" who="0" fromWho="1" sc="230,59,200,-39,340,0,210,0" /><INIT seed="3,0,0,2,4,23" ten="289,161,340,210" oya="3" hai0="131,19,56,95,32,2,92,43,94,13,52,68,27" hai1="63,21,49,117,79,40,124,57,125,58,30,78,105" hai2="85,37,39,107,133,48,100,113,130,7,64,24,110" hai3="86,87,28,15,31,98,74,60,104,115,4,45,34"/><W1/><G115/><T53/><D68/><U50/><E105/><V36/><F113/><W118/><G74/><T59/><D2/><U65/><E117/><V111/><F130/><W71/><G118/><T5/><D131/><U54/><E40/><V26/><F133/><W3/><G3/><T25/><D43/><U67/><E30/><V22/><F22/><W6/><G1/><T10/><D32/><U80/><E21/><V66/><F7/><W11/><G45/><T77/><D77/><U89/><E89/><V46/><F85/><W116/><G4/><T102/><D102/><U132/><E132/><V114/><F114/><W101/><G31/><T120/><D120/><U18/><E80/><V103/><F103/><W70/><G70/><T109/><D109/><N who="2" m="41482" /><F100/><W55/><G55/><N who="0" m="21067" /><D5/><U112/><E54/><N who="2" m="29975" /><F107/><W17/><G6/><T42/><D42/><U81/><E112/><V134/><F134/><W73/><G73/><T61/><D61/><U121/><E63/><V44/><F44/><W47/><G47/><T91/><D91/><U106/><E106/><V128/><F128/><W69/><G69/><T84/><D84/><U129/><E129/><V72/><F72/><W14/><G116/><T82/><D82/><U88/><E81/><V108/><F108/><W41/><G41/><T0/><D0/><U16/><REACH who="1" step="1"/><E88/><REACH who="1" ten="289,151,340,210" step="2"/><V90/><F90/><W97/><G104/><T135/><D135/><U33/><E33/><V93/><F37/><W62/><G34/><T123/><D123/><AGARI ba="0,1" hai="16,18,49,50,57,58,65,67,78,79,121,123,124,125" machi="123" ten="25,6400,0" yaku="1,1,22,2,54,1,53,0" doraHai="23" doraHaiUra="20" who="1" fromWho="0" sc="289,-64,151,74,340,0,210,0" owari="225,2.5,225,-17.5,340,44.0,210,-29.0" /></mjloggm>