<mjloggm ver="2.3"><GO type="225" lobby="0"/><UN n0="%E9%89%A2%E5%B7%BB%E3%82%AC%E3%83%96" n1="%E8%81%B7%E6%A5%AD%E3%80%81%E9%A2%A8%32" n2="%E5%AF%82%E5%AF%9E%E3%82%AE%E3%83%8D%E3%82%B9%E3%83%93%E3%83%BC%E3%83%AB" n3="%73%75%7A%75%6D%65%33" dan="16,16,16,18" rate="2056.77,2141.76,2159.49,2241.44" sx="M,M,M,M"/><TAIKYOKU oya="0"/><INIT seed="0,0,0,0,5,88" ten="250,250,250,250" oya="0" hai0="104,41,92,32,2,84,117,5,113,124,1,98,57" hai1="71,107,91,9,111,129,82,6,37,17,81,4,116" hai2="123,101,22,20,50,115,68,56,74,24,85,100,31" hai3="114,87,119,132,7,112,58,95,90,44,30,122,35"/><T11/><D113/><U121/><E111/><V83/><F68/><W120/><G119/><T28/><D117/><U62/><E37/><V60/><F74/><W38/><G132/><T14/><D124/><U103/><E121/><N who="3" m="46698" /><G7/><T13/><D104/><U79/><E129/><V76/><F115/><W48/><G58/><T55/><D41/><U102/><E116/><V46/><F20/><W64/><G64/><T77/><D14/><U0/><E6/><V135/><F135/><W16/><G38/><T34/><D84/><U23/><E107/><V59/><F123/><W80/><G30/><T47/><D47/><U43/><E43/><N who="2" m="24927" /><F59/><W105/><G105/><T49/><D77/><U63/><E71/><V110/><F110/><W65/><G65/><AGARI ba="0,0" hai="22,24,31,56,60,65,76,83,85,100,101" m="24927" machi="65" ten="30,1000,0" yaku="8,1" doraHai="88" who="2" fromWho="3" sc="250,0,250,0,250,10,250,-10" /><INIT seed="1,0,0,5,0,37" ten="250,250,260,240" oya="1" hai0="36,110,3,87,54,123,20,112,49,7,90,124,118" hai1="65,48,83,45,26,119,121,106,21,17,8,79,57" hai2="62,113,50,12,9,18,103,43,115,40,93,6,4" hai3="131,69,71,34,19,16,74,125,46,64,127,10,61"/><U68/><E121/><V130/><F130/><W13/><G74/><T42/><D112/><N who="2" m="43082" /><F62/><W25/><G131/><T133/><D118/><U22/><E106/><V5/><F50/><W24/><G69/><T66/><D110/><U70/><E119/><V126/><F126/><N who="3" m="48139" /><G34/><T76/><D124/><U29/><E8/><V33/><F33/><W111/><G111/><T82/><D7/><N who="2" m="1794" /><V2/><DORA hai="84" /><F2/><W99/><G99/><AGARI ba="0,0" hai="9,12,18,40,43,93,99,103" m="1794,43082" machi="99" ten="40,5200,0" yaku="11,1,52,2" doraHai="37,84" who="2" fromWho="3" sc="250,0,250,0,260,52,240,-52" /><INIT seed="2,0,0,4,2,60" ten="250,250,312,188" oya="2" hai0="41,119,71,52,43,128,11,83,72,84,14,0,48" hai1="92,39,22,118,82,123,57,49,131,104,126,24,85" hai2="75,67,130,97,102,3,115,10,25,87,113,86,18" hai3="6,36,95,30,44,7,68,112,111,54,121,127,20"/><V70/><F75/><W132/><G121/><T100/><D128/><U114/><E39/><V51/><F130/><W77/><G111/><T19/><D119/><U27/><E104/><V32/><F51/><W62/><G132/><T21/><D72/><U109/><E109/><V69/><F69/><W74/><G112/><T105/><D71/><U108/><E114/><V116/><F116/><W50/><G127/><T40/><D100/><U34/><E126/><V16/><F87/><W56/><G74/><T107/><D21/><U46/><E123/><V96/><F86/><W76/><G68/><T53/><D0/><U94/><E34/><V73/><F97/><W4/><G36/><T17/><D17/><U88/><E131/><V23/><F73/><W129/><G95/><N who="1" m="36394" /><E108/><V58/><F32/><W61/><G61/><T79/><REACH who="0" step="1"/><D53/><REACH who="0" ten="240,250,312,188" step="2"/><N who="1" m="31919" /><E118/><V98/><F70/><W117/><G117/><T63/><D63/><U55/><E22/><V5/><F18/><W135/><G129/><T106/><D106/><U45/><E55/><V31/><F102/><W66/><REACH who="3" step="1"/><G135/><REACH who="3" ten="240,250,312,178" step="2"/><T110/><D110/><U90/><E27/><AGARI ba="0,2" hai="4,6,7,20,27,30,44,50,54,56,62,66,76,77" machi="27" ten="40,8000,1" yaku="1,1,2,1,8,1,52,1,53,0" doraHai="60" doraHaiUra="120" who="3" fromWho="1" sc="240,0,250,-80,312,0,178,100" /><INIT seed="3,0,0,5,4,107" ten="240,170,312,278" oya="3" hai0="12,51,77,74,66,46,87,0,73,25,57,7,63" hai1="58,103,102,30,14,86,54,80,117,6,48,104,96" hai2="106,71,59,114,94,76,100,32,116,69,4,83,43" hai3="1,121,64,34,22,11,21,108,133,42,126,131,2"/><W28/><G121/><T52/><D0/><N who="3" m="105" /><G64/><T36/><D25/><U55/><E117/><V112/><F116/><W17/><G42/><N who="0" m="25047" /><D36/><U62/><E30/><V78/><F94/><W93/><G93/><T105/><D66/><U44/><E104/><V128/><F59/><W56/><G56/><T3/><D3/><U49/><E96/><V79/><F100/><W124/><G133/><T111/><D111/><U123/><E123/><V120/><F112/><W16/><G108/><T99/><D99/><U40/><E6/><V85/><F83/><W129/><G11/><N who="0" m="4223" /><D105/><U26/><E14/><V47/><F71/><W29/><G34/><T92/><D92/><U130/><E26/><V20/><F69/><W50/><G50/><T110/><D110/><U109/><E109/><V38/><F38/><W24/><G126/><T82/><AGARI ba="0,0" hai="52,57,63,73,74,77,82,87" m="4223,25047" machi="82" ten="30,7900,0" yaku="25,1,52,2,54,1" doraHai="107" who="0" fromWho="0" sc="240,79,170,-20,312,-20,278,-39" owari="319,41.9,150,-35.0,292,9.2,239,-16.1" /></mjloggm>