<mjloggm ver="2.3"><GO type="225" lobby="0"/><UN n0="%33%74%72%65%65" n1="%6D%75%75%73%61%6E%6D%75" n2="%E5%A4%9C%E5%85%89%E5%A4%A9%E6%A5%BC" n3="%E9%A6%AC%E4%BA%86%E9%9A%94%E5%A3%81" dan="16,16,16,18" rate="2146.03,2125.28,2067.08,2209.17" sx="F,F,F,M"/><TAIKYOKU oya="0"/><INIT seed="0,0,0,0,0,33" ten="250,250,250,250" oya="0" hai0="105,46,66,115,126,22,114,133,71,118,135,13,65" hai1="59,122,23,20,52,7,16,60,73,19,25,121,84" hai2="96,50,107,94,39,14,69,11,80,3,24,97,109" hai3="98,101,58,132,38,92,45,61,99,5,130,108,129"/><T79/><D118/><U63/><E73/><V40/><F69/><W36/><G108/><T90/><D126/><U1/><E84/><V10/><F109/><W88/><G132/><N who="0" m="50763" /><D105/><U125/><E125/><V53/><F107/><W110/><G110/><T123/><D123/><U112/><E112/><V134/><F134/><W49/><G5/><T127/><D127/><U113/><E113/><V103/><F39/><W70/><G70/><T128/><D128/><N who="3" m="49257" /><G49/><T51/><D79/><U54/><E7/><V116/><F40/><W95/><G45/><T68/><D71/><U81/><E81/><V74/><F74/><W62/><G62/><N who="0" m="39991" /><D90/><U111/><E111/><V78/><F78/><W119/><G119/><T89/><D89/><U64/><E1/><V93/><F3/><W83/><G83/><T6/><D66/><AGARI ba="0,0" hai="36,38,58,61,66,88,92,95,98,99,101" m="49257" machi="66" ten="30,2000,0" yaku="19,1,54,1" doraHai="33" who="3" fromWho="0" sc="250,-20,250,0,250,0,250,20" /><INIT seed="1,0,0,2,0,63" ten="230,250,250,270" oya="1" hai0="77,131,103,76,56,91,12,34,118,106,113,120,45" hai1="46,125,72,85,8,68,37,71,32,38,14,20,3" hai2="50,30,51,25,96,110,44,54,15,58,53,11,43" hai3="24,107,130,57,78,105,83,59,0,86,90,126,124"/><U21/><E72/><V70/><F110/><W100/><G0/><T62/><D113/><U109/><E32/><V66/><F70/><W2/><G2/><T69/><D118/><U61/><E109/><V121/><F96/><N who="3" m="61575" /><G24/><T88/><D131/><U35/><E35/><V1/><F1/><W26/><G26/><T89/><D120/><U92/><E125/><N who="3" m="48234" /><G107/><T132/><D132/><U48/><E3/><V95/><F95/><N who="3" m="54743" /><G130/><T101/><D34/><U49/><E37/><V52/><F66/><W74/><AGARI ba="0,0" hai="57,59,74,78,83" m="54743,48234,61575" machi="74" ten="30,2000,0" yaku="24,1,18,1" doraHai="63" who="3" fromWho="3" sc="230,-5,250,-10,250,-5,270,20" /><INIT seed="2,0,0,5,2,19" ten="225,240,245,290" oya="2" hai0="85,69,10,119,63,55,49,129,3,97,6,45,92" hai1="40,123,79,14,64,110,33,17,84,77,53,60,34" hai2="91,27,70,46,90,107,38,113,103,88,75,18,57" hai3="25,41,109,128,115,133,36,135,100,74,87,61,89"/><V96/><F113/><W28/><G74/><T126/><D129/><U101/><E110/><V65/><F75/><W35/><G109/><T13/><D126/><U23/><E123/><V32/><F57/><W71/><G128/><T78/><D119/><U82/><E79/><V12/><F38/><W24/><G115/><T105/><D105/><U76/><E76/><V132/><F46/><W42/><G100/><T43/><D3/><U122/><E122/><V22/><F132/><N who="3" m="50763" /><G25/><T1/><D1/><U66/><E40/><V131/><F131/><W134/><G36/><T26/><D26/><U111/><E101/><V130/><F130/><W5/><G5/><T48/><D69/><U112/><E111/><V9/><F32/><W120/><G120/><T117/><D117/><U94/><E112/><V16/><F65/><N who="3" m="41391" /><G134/><T56/><D49/><U98/><E34/><V15/><F70/><W116/><G116/><T121/><D121/><U4/><E4/><V80/><REACH who="2" step="1"/><F27/><REACH who="2" ten="225,240,235,290" step="2"/><W125/><G125/><T124/><D124/><U2/><E33/><V81/><AGARI ba="0,1" hai="9,12,15,16,18,22,80,81,88,90,91,96,103,107" machi="81" ten="30,18000,2" yaku="1,1,2,1,0,1,52,1,54,2,53,0" doraHai="19" doraHaiUra="73" who="2" fromWho="2" sc="225,-60,240,-60,235,190,290,-60" /><INIT seed="2,1,0,0,2,23" ten="165,180,425,230" oya="2" hai0="77,40,6,14,102,29,135,111,123,80,86,93,72" hai1="119,120,96,133,52,11,126,39,46,43,122,130,0" hai2="64,116,112,27,105,106,63,35,75,103,82,121,66" hai3="101,107,32,20,54,58,17,70,1,115,18,33,113"/><V69/><F112/><N who="3" m="43083" /><G70/><T45/><D123/><N who="1" m="47147" /><E119/><V100/><F121/><W4/><G1/><T104/><D135/><U89/><E133/><V31/><F66/><W22/><G4/><T134/><D134/><U26/><E126/><V94/><F94/><W124/><G124/><T9/><D111/><U37/><E130/><V128/><F128/><W55/><G101/><T42/><D29/><U7/><E52/><N who="3" m="20010" /><G58/><T61/><D61/><U3/><E3/><V81/><F116/><W65/><G107/><T90/><REACH who="0" step="1"/><D45/><REACH who="0" ten="155,180,425,230" step="2"/><U24/><E37/><V84/><F63/><W19/><G65/><T129/><D129/><U73/><E73/><V38/><F75/><W8/><G8/><T50/><D50/><U125/><E125/><V85/><F64/><W83/><G83/><T74/><D74/><U62/><E62/><V59/><F82/><W67/><G67/><T88/><D88/><U48/><E48/><V41/><F81/><W60/><G60/><T2/><D2/><U28/><E28/><V56/><F38/><W118/><G118/><T10/><D10/><U87/><E46/><V36/><F36/><W12/><G17/><T110/><D110/><U21/><E39/><V132/><F132/><W15/><AGARI ba="1,1" hai="12,15,18,19,20,22,32,33" m="20010,43083" machi="15" ten="30,2000,0" yaku="11,1,54,1" doraHai="23" who="3" fromWho="3" sc="155,-6,180,-6,425,-11,230,33" /><INIT seed="3,0,0,0,1,55" ten="149,174,414,263" oya="3" hai0="45,67,39,127,120,81,33,84,10,103,31,74,96" hai1="23,38,109,75,13,54,102,49,110,85,131,98,62" hai2="71,78,3,47,48,40,60,72,52,91,129,63,65" hai3="44,66,22,104,114,126,134,15,86,118,119,57,73"/><W133/><G73/><T79/><D120/><U41/><E75/><V124/><F3/><W112/><G104/><T25/><D127/><U42/><E38/><V51/><F124/><W64/><G126/><T4/><D67/><N who="3" m="25641" /><G86/><T24/><D84/><U37/><E62/><V5/><F72/><W122/><G15/><T36/><D45/><N who="1" m="27951" /><E37/><V46/><F71/><W123/><G22/><T93/><REACH who="0" step="1"/><D25/><REACH who="0" ten="139,174,414,263" step="2"/><U18/><E85/><V87/><F65/><W9/><G44/><T121/><D121/><U92/><E131/><V95/><F78/><W113/><G122/><T29/><D29/><U35/><E35/><V8/><F129/><W128/><G123/><T53/><D53/><U76/><E76/><V21/><F21/><W89/><G128/><T43/><D43/><U58/><E58/><V12/><AGARI ba="0,1" hai="5,8,12,40,46,47,48,51,52,60,63,87,91,95" machi="12" ten="20,5200,0" yaku="0,1,7,1,8,1,54,1" doraHai="55" who="2" fromWho="2" sc="139,-13,174,-13,414,62,263,-26" owari="126,-37.4,161,-23.9,476,57.6,237,3.7" /></mjloggm>