<mjloggm ver="2.3"><GO type="225" lobby="0"/><UN n0="%E6%80%AA%E3%81%97%E3%81%99%E3%81%8E%E3%82%8B%E3%83%81%E3%83%BC" n1="%E3%81%A9%E3%82%8F%E3%82%93%E3%81%94" n2="%E5%80%89%E6%A9%8B%EF%BC%A0%E4%BA%8B%E5%8B%99" n3="%E6%81%AC%E6%B7%A1%E5%AF%82%E5%AF%9E" dan="16,16,16,16" rate="2091.96,2234.27,2110.50,2108.33" sx="M,M,M,F"/><TAIKYOKU oya="0"/><INIT seed="0,0,0,2,3,126" ten="250,250,250,250" oya="0" hai0="77,58,131,124,127,43,52,28,1,26,65,125,89" hai1="23,109,87,95,47,20,128,88,132,99,107,115,92" hai2="130,53,76,8,13,70,114,106,59,104,39,49,118" hai3="129,46,110,18,85,102,111,100,31,54,22,84,6"/><T120/><D120/><U134/><E109/><N who="3" m="41482" /><G31/><T42/><D1/><U93/><E115/><V101/><F114/><W68/><G68/><T29/><D131/><U117/><E117/><V24/><F39/><W50/><G6/><T7/><D7/><U67/><E67/><V37/><F37/><W94/><G129/><T57/><D77/><U3/><E3/><V72/><F70/><W27/><G85/><T71/><D71/><U48/><E128/><V119/><F130/><W17/><G17/><T86/><D65/><U15/><E107/><N who="2" m="41003" /><F24/><W66/><G66/><T74/><D74/><U56/><E56/><N who="0" m="21609" /><D52/><N who="1" m="29727" /><E99/><V75/><F76/><W82/><G94/><N who="1" m="36458" /><E15/><V73/><F101/><W40/><G54/><T62/><D62/><U19/><E19/><V121/><F121/><W103/><G103/><T60/><D60/><U51/><E51/><V14/><F8/><W80/><G80/><N who="0" m="49351" /><D29/><U36/><E36/><V83/><F83/><W4/><G4/><T96/><D96/><U45/><E45/><V135/><F119/><W21/><G21/><AGARI ba="0,0" hai="21,26,28,42,43,124,125,127" m="49351,21609" machi="21" ten="30,1500,0" yaku="18,1" doraHai="126" who="0" fromWho="3" sc="250,15,250,0,250,0,250,-15" /><INIT seed="0,1,0,2,5,111" ten="265,250,250,235" oya="0" hai0="109,100,30,68,108,130,86,66,125,53,18,115,124" hai1="98,128,80,101,51,73,112,94,61,70,25,12,88" hai2="69,91,82,36,107,5,104,114,123,131,20,74,129" hai3="119,11,10,127,34,13,96,97,3,122,110,0,28"/><T33/><D115/><U41/><E128/><N who="2" m="49227" /><F69/><W77/><G119/><T117/><D117/><U116/><E116/><V103/><F36/><W7/><G110/><N who="0" m="42603" /><D130/><U85/><E112/><V21/><F5/><W54/><G77/><T39/><D39/><U47/><E73/><V35/><F35/><W44/><G0/><T1/><D1/><U72/><E72/><V17/><F123/><W102/><G127/><N who="0" m="48715" /><D100/><U49/><E25/><N who="2" m="14479" /><F103/><W90/><G102/><T46/><D18/><U133/><E133/><V76/><F21/><W60/><G3/><T43/><D53/><U59/><E70/><V78/><F78/><W132/><G132/><T56/><D68/><U8/><E41/><V58/><F91/><W42/><G90/><T48/><D33/><U9/><E47/><V23/><F58/><W16/><G44/><T126/><D30/><U52/><E9/><V71/><F71/><W83/><G42/><T95/><D126/><U106/><E106/><N who="2" m="40491" /><F23/><W2/><G34/><T29/><D29/><U57/><E57/><V4/><F4/><AGARI ba="1,0" hai="4,8,12,49,51,52,59,61,80,85,88,94,98,101" machi="4" ten="30,7700,0" yaku="7,1,8,1,54,2" doraHai="111" who="1" fromWho="2" sc="265,0,250,80,250,-80,235,0" /><INIT seed="1,0,0,4,2,91" ten="265,330,170,235" oya="1" hai0="82,51,49,61,48,23,9,42,21,30,33,102,114" hai1="109,89,73,76,10,85,6,45,125,72,106,0,83" hai2="34,14,2,124,75,50,79,115,35,13,135,18,92" hai3="88,94,46,52,20,54,78,107,120,74,67,47,127"/><U5/><E125/><V105/><F2/><W113/><G113/><T3/><D114/><U87/><E106/><V1/><F105/><W118/><G107/><T7/><D42/><U80/><E109/><V27/><F1/><W110/><G120/><T111/><D102/><U24/><E6/><V68/><F115/><W22/><G74/><T32/><D111/><U69/><E69/><V112/><F68/><W116/><G78/><T31/><D61/><U101/><E101/><V90/><F112/><W43/><G67/><T29/><REACH who="0" step="1"/><D82/><REACH who="0" ten="255,330,170,235" step="2"/><U4/><E83/><V131/><F124/><W11/><G127/><T130/><D130/><U119/><E80/><V122/><F131/><W93/><G110/><T129/><D129/><U99/><E119/><V53/><F122/><W84/><G43/><T103/><D103/><U133/><E73/><V19/><F75/><W77/><G77/><T12/><D12/><U56/><E76/><V123/><F79/><W108/><G108/><T16/><D16/><U64/><E72/><V71/><F123/><W41/><G41/><T58/><D58/><U39/><E56/><V26/><F71/><W97/><G116/><T25/><D25/><N who="2" m="9226" /><F13/><W104/><G118/><T132/><D132/><U17/><E133/><V66/><F135/><W60/><G60/><T96/><D96/><U28/><E99/><N who="2" m="57751" /><F19/><W98/><G98/><T62/><BYE who="3" /><D62/><U121/><E17/><V37/><F37/><W44/><G44/><T86/><D86/><U65/><E39/><V63/><F63/><UN n3="%E6%81%AC%E6%B7%A1%E5%AF%82%E5%AF%9E" /><W36/><G104/><T126/><D126/><U81/><E121/><RYUUKYOKU ba="0,1" sc="255,30,330,-10,170,-10,235,-10" hai0="3,7,9,21,23,29,30,31,32,33,48,49,51" /><INIT seed="2,1,1,3,4,103" ten="285,320,160,225" oya="2" hai0="105,15,50,82,85,1,110,68,6,80,114,14,122" hai1="129,58,130,63,111,23,92,42,21,9,134,113,5" hai2="10,53,34,64,116,117,90,77,27,46,120,16,79" hai3="7,126,123,71,11,29,87,119,18,69,25,104,3"/><V40/><F120/><W19/><G123/><T132/><D122/><U48/><E113/><V88/><F64/><W74/><G119/><T30/><D68/><U28/><E111/><V43/><F34/><N who="3" m="20783" /><G87/><T56/><D110/><U109/><E109/><V76/><F117/><W47/><G47/><T131/><D105/><U100/><E134/><V44/><F116/><W93/><G93/><T2/><D132/><U112/><E112/><V22/><F10/><W94/><G94/><T106/><D106/><U26/><E23/><V12/><F12/><W35/><G35/><T125/><D30/><U0/><E48/><N who="2" m="28807" /><F46/><W97/><G126/><T17/><D125/><U31/><E42/><AGARI ba="1,1" hai="16,22,27,40,42,43,76,77,79,88,90" m="28807" machi="42" ten="30,5800,0" yaku="8,1,54,2" doraHai="103" who="2" fromWho="1" sc="285,0,320,-61,160,71,225,0" /><INIT seed="2,2,0,1,1,125" ten="285,259,231,225" oya="2" hai0="117,25,116,69,84,31,13,94,53,2,40,119,109" hai1="57,18,33,4,91,14,37,83,65,77,38,48,27" hai2="72,110,3,50,115,12,74,64,42,58,34,16,79" hai3="11,7,9,96,43,6,62,93,88,103,73,26,24"/><V15/><F3/><W131/><G73/><T5/><D109/><U133/><E133/><V63/><F115/><W70/><G43/><T124/><D124/><U51/><E4/><N who="3" m="1578" /><G70/><T39/><D69/><U76/><E33/><V104/><F34/><W36/><G36/><T44/><D53/><U71/><E71/><V56/><F104/><W30/><G62/><T89/><D2/><U126/><E27/><N who="3" m="10282" /><G30/><T134/><D134/><U127/><E38/><V66/><F110/><W10/><G131/><T75/><D75/><U98/><E37/><V67/><F72/><W32/><G32/><N who="0" m="20591" /><D5/><U101/><E127/><V59/><F74/><W135/><G135/><T20/><D13/><U129/><E129/><V49/><F12/><W52/><G103/><T23/><AGARI ba="2,0" hai="20,23,39,40,44,84,89,94,116,117,119" m="20591" machi="23" ten="40,1500,0" yaku="12,1" doraHai="125" who="0" fromWho="0" sc="285,21,259,-6,231,-9,225,-6" /><INIT seed="3,0,0,0,4,107" ten="306,253,222,219" oya="3" hai0="134,132,36,91,59,24,87,73,104,13,101,63,55" hai1="65,47,16,117,60,9,123,106,28,3,0,70,85" hai2="121,38,118,92,54,98,71,33,122,135,129,42,2" hai3="119,103,100,40,32,21,84,8,120,108,43,74,75"/><W88/><G32/><T14/><D73/><N who="3" m="27657" /><G8/><T46/><D24/><U50/><E123/><N who="2" m="47115" /><F118/><W7/><G120/><T5/><D104/><U99/><E117/><V39/><F71/><W112/><G119/><T22/><D101/><N who="3" m="38985" /><G7/><T25/><D46/><U57/><E99/><V37/><F33/><W62/><G62/><T130/><D130/><U114/><E106/><V97/><F2/><W111/><G21/><T124/><D124/><U90/><E28/><V19/><F129/><W44/><G44/><T78/><D78/><U110/><E70/><V89/><F42/><N who="3" m="15915" /><G112/><T29/><D5/><U72/><E72/><V48/><F19/><W34/><G34/><T68/><D68/><U45/><E45/><N who="2" m="27919" /><F135/><N who="0" m="51754" /><D36/><N who="2" m="9218" /><V53/><DORA hai="127" /><F53/><W4/><G4/><T133/><D133/><U95/><E114/><V52/><F52/><W18/><G18/><T82/><AGARI ba="0,0" hai="13,14,22,25,29,55,59,63,82,87,91" m="51754" machi="82" ten="30,1100,0" yaku="20,1" doraHai="107,127" who="0" fromWho="0" sc="306,11,253,-3,222,-3,219,-5" owari="317,41.7,250,5.0,219,-18.1,214,-28.6" /></mjloggm>