<mjloggm ver="2.3"><GO type="225" lobby="0"/><UN n0="%E3%83%B4%E3%83%A0%EF%BC%99%E3%81%A6" n1="%E3%82%82%E3%81%90%E3%82%89" n2="%E6%A1%9C%E8%8A%B1%E9%96%83%E3%80%85" n3="%E4%B8%89%E5%86%A0%E7%8E%8B%E3%83%BB%E5%B1%B1%E7%94%B0%E5%93%B2%E4%BA%BA" dan="17,17,16,16" rate="2192.75,2188.19,2140.28,2134.13" sx="M,F,M,M"/><TAIKYOKU oya="0"/><INIT seed="0,0,0,4,3,55" ten="250,250,250,250" oya="0" hai0="9,50,69,89,37,101,13,36,72,62,34,134,43" hai1="8,97,124,31,104,91,95,18,68,0,73,109,126" hai2="79,57,14,92,120,71,29,61,85,82,40,26,16" hai3="90,17,107,80,128,119,108,19,81,53,65,74,12"/><T78/><D34/><U48/><E68/><V118/><F120/><W23/><G119/><T86/><D134/><U35/><E73/><V15/><F71/><W116/><G116/><T83/><D101/><U2/><E109/><V4/><F118/><W52/><G107/><T94/><D69/><U66/><E66/><V1/><F40/><W10/><G108/><T105/><D62/><U123/><E123/><V131/><F131/><W103/><G103/><T121/><D121/><U11/><E104/><V93/><F1/><W135/><G128/><T88/><D105/><U30/><E48/><V42/><F42/><W59/><G135/><T51/><D89/><U3/><E35/><V115/><F14/><N who="3" m="7383" /><G74/><T132/><D132/><U58/><E18/><V133/><F4/><W99/><G81/><T24/><D24/><U125/><REACH who="1" step="1"/><E58/><REACH who="1" ten="250,240,250,250" step="2"/><V28/><F133/><W114/><G19/><T70/><D70/><U25/><E25/><V27/><F27/><W44/><G59/><T49/><REACH who="0" step="1"/><D43/><REACH who="0" ten="240,240,250,250" step="2"/><U21/><E21/><N who="2" m="11423" /><F26/><W54/><G23/><T20/><D20/><U45/><E45/><V38/><F28/><AGARI ba="0,2" hai="0,2,3,8,11,28,30,31,91,95,97,124,125,126" machi="28" ten="50,3200,0" yaku="1,1,18,1,53,0" doraHai="55" doraHaiUra="122" who="1" fromWho="2" sc="240,0,240,52,250,-32,250,0" /><INIT seed="1,0,0,5,0,105" ten="240,292,218,250" oya="1" hai0="33,81,84,64,68,23,49,61,128,134,65,111,88" hai1="80,53,69,99,3,30,12,50,51,57,122,52,39" hai2="86,92,8,26,100,29,60,120,36,131,93,5,102" hai3="38,43,15,44,10,129,14,110,76,71,83,85,112"/><U103/><E3/><V113/><F120/><W89/><G71/><T16/><D33/><U35/><E69/><V41/><F131/><W62/><G112/><T82/><D128/><U132/><E39/><V48/><F36/><W25/><G129/><T67/><D111/><U109/><E122/><V70/><F113/><W40/><G110/><T20/><D134/><U34/><E109/><V91/><F92/><W127/><G43/><T66/><D49/><U133/><E80/><V18/><F18/><W58/><G127/><T123/><D123/><U90/><E90/><V74/><F74/><W32/><G32/><T94/><REACH who="0" step="1"/><D23/><REACH who="0" ten="230,292,218,250" step="2"/><U27/><E35/><V106/><F48/><W24/><G38/><T13/><AGARI ba="0,1" hai="13,16,20,61,64,65,66,67,68,81,82,84,88,94" machi="13" ten="30,8000,1" yaku="1,1,2,1,0,1,54,2,53,0" doraHai="105" doraHaiUra="108" who="0" fromWho="0" sc="230,90,292,-40,218,-20,250,-20" /><INIT seed="2,0,0,4,2,104" ten="320,252,198,230" oya="2" hai0="32,11,5,122,90,97,126,13,125,56,20,19,132" hai1="25,40,81,127,124,113,57,65,42,99,29,9,48" hai2="85,33,105,7,78,38,62,26,52,50,3,117,28" hai3="102,92,121,123,2,0,106,93,89,27,17,98,70"/><V60/><F117/><W82/><G70/><T95/><D122/><U72/><E113/><V118/><F118/><W4/><G93/><T83/><D32/><U68/><E68/><V133/><F38/><W61/><G61/><T112/><D112/><U111/><E111/><V108/><F105/><W79/><G17/><T67/><D132/><U131/><E9/><V34/><F34/><W66/><G66/><T58/><D83/><U91/><E99/><V87/><F133/><W96/><G27/><T69/><D69/><U86/><E131/><V30/><F30/><W51/><G51/><T75/><D75/><U35/><E72/><V23/><F33/><W1/><REACH who="3" step="1"/><G4/><REACH who="3" ten="320,252,198,220" step="2"/><T54/><D67/><U18/><E18/><V74/><F108/><W110/><G110/><T119/><D119/><U134/><E65/><V120/><F60/><W109/><G109/><T64/><D64/><U101/><E48/><V14/><F62/><W114/><G114/><T107/><D107/><U46/><E134/><V45/><F120/><W80/><G80/><T73/><D5/><U43/><E81/><V94/><F94/><W37/><G37/><T22/><D19/><U128/><E25/><V63/><F63/><W129/><G129/><T10/><D95/><U115/><E128/><V130/><F130/><W77/><G77/><T39/><D39/><U16/><E115/><V84/><F78/><W47/><G47/><T12/><D58/><U15/><E57/><V71/><F71/><W116/><G116/><T49/><D56/><U8/><E46/><V53/><F45/><W24/><G24/><RYUUKYOKU ba="0,1" sc="320,-10,252,-10,198,-10,220,30" hai3="0,1,2,79,82,89,92,96,98,102,106,121,123" /><INIT seed="3,1,1,4,3,26" ten="310,242,188,250" oya="3" hai0="68,100,48,50,115,125,52,31,51,104,40,70,41" hai1="34,1,87,67,98,35,123,130,126,94,54,109,9" hai2="78,19,101,55,103,85,108,24,45,13,79,118,32" hai3="61,110,93,22,12,33,114,59,90,64,17,82,99"/><W81/><G114/><T49/><D115/><U60/><E123/><V30/><F108/><W39/><G39/><T121/><D121/><U120/><E120/><V14/><F118/><W111/><REACH who="3" step="1"/><G33/><REACH who="3" ten="310,242,188,240" step="2"/><T6/><D125/><U63/><E34/><V88/><F13/><W128/><G128/><T44/><D41/><U42/><E35/><V16/><F78/><W28/><G28/><T20/><D31/><U10/><E42/><V102/><F79/><W5/><G5/><T129/><D6/><U97/><E130/><V53/><F45/><W119/><G119/><T113/><D113/><U72/><E126/><V27/><F27/><W7/><G7/><T73/><D129/><U112/><E112/><V116/><F116/><W8/><G8/><T127/><D44/><U75/><E10/><V56/><F14/><W36/><G36/><T124/><D40/><U134/><E9/><V131/><F131/><W4/><G4/><T25/><D127/><U77/><E77/><V84/><F84/><W107/><G107/><T43/><D104/><U0/><E87/><V92/><REACH who="2" step="1"/><F53/><REACH who="2" ten="310,242,178,240" step="2"/><W106/><G106/><T65/><D124/><U135/><E54/><V105/><F105/><W58/><G58/><T18/><D52/><U47/><E47/><V83/><F83/><AGARI ba="1,3" hai="12,17,22,59,61,64,81,82,83,90,93,99,110,111" machi="83" ten="40,2000,0" yaku="1,1,53,0" doraHai="26" doraHaiUra="2" who="3" fromWho="2" sc="310,0,242,0,178,-23,240,53" /><INIT seed="3,2,0,2,3,38" ten="310,242,155,293" oya="3" hai0="73,13,121,28,27,79,7,94,33,76,49,54,74" hai1="93,5,18,4,134,44,69,32,118,46,25,21,29" hai2="104,56,50,14,20,48,43,127,101,99,1,66,51" hai3="91,71,108,65,6,83,12,129,2,22,60,107,128"/><W57/><G107/><T84/><D121/><U81/><E69/><V61/><F127/><W37/><G37/><T109/><D109/><U125/><E125/><V15/><F1/><W135/><G108/><T123/><D123/><U95/><E134/><V42/><REACH who="2" step="1"/><F20/><REACH who="2" ten="310,242,145,293" step="2"/><W78/><G2/><T17/><D33/><U41/><E32/><V114/><F114/><W34/><G34/><T19/><D73/><U97/><E118/><V23/><F23/><W0/><G0/><T132/><D74/><U31/><E21/><V70/><F70/><W100/><G71/><T36/><D132/><U72/><E72/><V10/><F10/><N who="3" m="4183" /><G135/><T126/><D126/><U63/><E31/><V39/><F39/><W122/><G22/><T130/><D36/><U11/><E29/><V110/><F110/><W116/><G116/><T96/><D28/><U53/><E11/><V59/><F59/><W3/><G3/><T92/><D27/><U120/><E25/><V87/><F87/><W75/><G122/><T58/><D84/><U86/><E86/><V24/><F24/><W45/><G57/><T111/><D111/><U131/><E120/><V9/><F9/><W62/><G75/><T115/><D115/><U55/><E5/><V8/><F8/><W30/><G30/><T103/><D7/><U16/><E4/><V64/><F64/><W124/><G65/><T105/><D58/><U133/><E133/><V82/><F82/><W98/><G83/><T88/><D17/><U112/><E18/><V52/><F52/><W77/><G124/><T26/><D19/><U47/><E16/><RYUUKYOKU ba="2,1" sc="310,-10,242,-10,145,30,293,-10" hai2="14,15,42,43,48,50,51,56,61,66,99,101,104" owari="310,41.0,232,-16.8,175,-32.5,283,8.3" /></mjloggm>