<mjloggm ver="2.3"><GO type="225" lobby="0"/><UN n0="%70%68%65%6E%6F%6D%65" n1="%E3%81%A1%E3%82%85%E3%81%86%E3%81%A9%E3%81%8F%E8%B1%A1%E3%81%95%E3%82%93" n2="%33%74%72%65%65" n3="%E6%B2%A1%E7%94%B7" dan="16,16,17,16" rate="2150.25,2103.45,2136.35,2075.62" sx="M,M,F,M"/><TAIKYOKU oya="0"/><INIT seed="0,0,0,0,5,117" ten="250,250,250,250" oya="0" hai0="65,5,61,56,103,90,41,9,76,29,20,99,3" hai1="110,94,129,115,28,82,8,52,26,95,72,59,34" hai2="67,39,27,123,30,19,73,2,17,49,78,107,21" hai3="105,35,98,112,44,80,74,111,81,135,97,48,60"/><T10/><D76/><U124/><E110/><V51/><F39/><W89/><G112/><T126/><D126/><U69/><E124/><V116/><F116/><W128/><G35/><T96/><D41/><U102/><E69/><V84/><F73/><W22/><G111/><T43/><D43/><U63/><E129/><V118/><F118/><W31/><G128/><T77/><D77/><U50/><E115/><V83/><F123/><W53/><G135/><T79/><D79/><U92/><E72/><V32/><F107/><W23/><G74/><T86/><D10/><U64/><E82/><N who="3" m="31850" /><G105/><T11/><D9/><U33/><E8/><V38/><F38/><W130/><G130/><T75/><D75/><U134/><E134/><V114/><F114/><W131/><G131/><T14/><D103/><U109/><E109/><V88/><F2/><W45/><G45/><T37/><D37/><U100/><REACH who="1" step="1"/><E33/><REACH who="1" ten="250,240,250,250" step="2"/><V42/><F32/><W54/><G23/><T58/><D3/><U13/><E13/><V1/><F1/><W7/><G22/><T66/><D20/><U6/><E6/><V36/><F78/><W68/><G7/><T55/><D5/><U62/><E62/><V101/><F21/><W12/><G68/><T15/><D14/><U132/><E132/><V122/><F83/><W40/><G12/><T25/><D15/><U16/><E16/><V57/><F17/><W70/><G70/><T133/><D11/><U0/><E0/><V4/><F19/><W85/><G60/><N who="0" m="35871" /><D133/><U104/><E104/><V91/><F4/><W71/><G71/><T87/><D61/><RYUUKYOKU ba="0,1" sc="250,-10,240,30,250,-10,250,-10" hai1="26,28,34,50,52,59,63,64,92,94,95,100,102" /><INIT seed="1,1,1,1,5,40" ten="240,270,240,240" oya="1" hai0="10,62,68,97,117,15,43,22,46,122,20,132,134" hai1="87,127,131,13,93,24,90,102,67,37,5,98,133" hai2="130,39,115,119,1,95,101,53,83,116,28,61,57" hai3="106,76,108,124,7,52,92,81,120,3,113,6,111"/><U128/><E127/><V71/><F130/><N who="1" m="49705" /><E133/><N who="0" m="51305" /><D117/><U86/><E37/><V59/><F71/><W129/><G106/><T70/><D97/><N who="1" m="57527" /><E67/><V84/><F39/><W114/><G129/><T96/><D122/><U75/><E75/><V58/><F101/><W38/><G120/><T33/><D33/><U48/><E48/><V73/><F73/><W66/><G38/><N who="0" m="21879" /><D96/><U51/><E51/><V12/><F119/><W125/><G66/><N who="0" m="41047" /><D70/><U78/><E24/><V17/><F116/><W44/><G125/><T99/><D99/><U85/><E13/><V47/><F12/><W121/><G124/><T42/><D42/><U69/><E69/><V31/><F84/><W104/><G121/><T91/><D91/><U82/><E5/><AGARI ba="1,1" hai="5,10,15,20,22" m="41047,21879,51305" machi="5" ten="30,2000,0" yaku="20,1,52,1" doraHai="40" who="0" fromWho="1" sc="240,33,270,-23,240,0,240,0" /><INIT seed="2,0,0,2,0,85" ten="273,247,240,240" oya="2" hai0="58,21,66,61,62,68,125,23,18,4,9,129,113" hai1="80,16,89,14,60,103,15,82,73,134,102,83,28" hai2="120,25,91,70,116,95,119,133,64,7,63,34,81" hai3="107,74,130,39,57,100,114,78,48,105,50,69,65"/><V67/><F120/><W99/><G39/><T20/><D113/><U55/><E134/><V124/><F133/><W131/><G114/><T126/><D129/><N who="3" m="49161" /><G107/><T72/><D72/><U98/><E73/><V111/><F124/><W84/><G74/><T8/><D18/><U94/><E28/><V19/><F111/><W106/><G106/><T40/><D40/><U128/><E128/><V117/><F67/><W24/><G24/><T56/><D68/><U45/><E14/><V77/><F7/><W132/><G69/><T75/><D75/><U76/><E76/><V44/><F44/><W46/><G132/><T112/><D112/><U1/><E1/><V17/><F34/><W26/><G26/><T122/><D122/><U49/><REACH who="1" step="1"/><E60/><REACH who="1" ten="273,237,240,240" step="2"/><V42/><F119/><W3/><G3/><T51/><D62/><U123/><E123/><V47/><F117/><W127/><G127/><N who="0" m="48651" /><D4/><U29/><E29/><V35/><F116/><W104/><G78/><T108/><D108/><U54/><E54/><AGARI ba="0,1" hai="8,9,20,21,23,51,54,56,58,61,66" m="48651" machi="54" ten="30,1000,0" yaku="18,1" doraHai="85" who="0" fromWho="1" sc="273,20,237,-10,240,0,240,0" /><INIT seed="3,0,0,4,5,105" ten="293,227,240,240" oya="3" hai0="58,53,59,23,81,102,39,129,100,91,78,89,62" hai1="65,48,49,120,36,131,76,125,67,3,13,24,130" hai2="43,69,70,5,87,88,27,52,35,134,116,34,10" hai3="111,26,15,12,54,104,68,33,38,86,117,94,42"/><W18/><G117/><T82/><D39/><U45/><E120/><V123/><F116/><W40/><G104/><T9/><D129/><N who="1" m="49163" /><E3/><V99/><F123/><W72/><G72/><T121/><D121/><U0/><E0/><V66/><F43/><W8/><G68/><T55/><D9/><U60/><E125/><V133/><F99/><W126/><G126/><T79/><D23/><U11/><E76/><V103/><F103/><W29/><G38/><T32/><D62/><U19/><E24/><V113/><F113/><W84/><G111/><T75/><D75/><U127/><E127/><V63/><F69/><W25/><G25/><T97/><D97/><U109/><E109/><V106/><F106/><W95/><G95/><T21/><D21/><U115/><E115/><V83/><F27/><W112/><G112/><T122/><D122/><U96/><E96/><V93/><F93/><W128/><G128/><T7/><D7/><U44/><E36/><V85/><F85/><W16/><G54/><T132/><D32/><U135/><E135/><AGARI ba="0,0" hai="53,55,58,59,78,79,81,82,89,91,100,102,132,135" machi="135" ten="25,1600,0" yaku="22,2" doraHai="105" who="0" fromWho="1" sc="293,16,227,-16,240,0,240,0" owari="309,40.9,211,-28.9,240,4.0,240,-16.0" /></mjloggm>