<mjloggm ver="2.3"><GO type="225" lobby="0"/><UN n0="%77%72%77%72%77%72%77%72" n1="%E3%81%82%E3%81%B9%E3%81%99%E3%81%91" n2="%E7%99%BD%E9%9B%AA%E4%B9%83%E6%84%9B" n3="%28%EF%BF%A3%E2%96%BD%EF%BF%A3%29%CE%B4%E2%8C%92%E3%83%BB" dan="16,16,16,16" rate="2162.96,2139.63,2063.13,2120.74" sx="M,M,F,M"/><TAIKYOKU oya="0"/><INIT seed="0,0,0,4,3,84" ten="250,250,250,250" oya="0" hai0="133,41,2,45,89,70,42,11,117,132,123,0,99" hai1="51,50,37,91,104,77,115,108,88,19,23,30,44" hai2="121,17,35,53,5,93,85,59,86,112,128,40,105" hai3="8,130,79,134,131,21,96,95,122,48,111,90,38"/><T129/><D117/><U39/><E30/><V106/><F121/><W14/><G38/><T68/><D123/><U107/><E77/><V15/><F112/><W1/><G122/><T61/><D129/><U127/><E44/><V7/><F35/><W36/><G36/><N who="0" m="21671" /><D42/><U63/><E63/><V66/><F66/><W100/><G1/><N who="0" m="619" /><D11/><U82/><E82/><V4/><F40/><W72/><G21/><T24/><D24/><U120/><E23/><V58/><F128/><W124/><G131/><T43/><D43/><U55/><E120/><V78/><F59/><W81/><G130/><T110/><D110/><U20/><E20/><N who="2" m="11327" /><F78/><W75/><G111/><T69/><D61/><U80/><E108/><V13/><F13/><W87/><G48/><T12/><D12/><U56/><E56/><V119/><F119/><W114/><G114/><T54/><D54/><U33/><E55/><V98/><F106/><W60/><G60/><T135/><D68/><U125/><E115/><V16/><F105/><W74/><G134/><T6/><D6/><U26/><E80/><V29/><F29/><W10/><G10/><T32/><D32/><U25/><E33/><V73/><F16/><AGARI ba="0,0" hai="16,19,25,26,37,39,50,51,88,91,104,107,125,127" machi="16" ten="25,12000,2" yaku="22,2,52,2,54,2" doraHai="84" who="1" fromWho="2" sc="250,0,250,120,250,-120,250,0" /><INIT seed="1,0,0,4,5,125" ten="250,370,130,250" oya="1" hai0="76,33,53,107,104,62,40,9,85,36,67,21,108" hai1="26,35,8,80,120,12,122,52,63,68,30,127,99" hai2="88,119,20,45,28,113,92,51,65,18,27,32,42" hai3="135,47,123,3,109,29,131,129,70,83,74,75,61"/><U46/><E127/><V60/><F119/><W64/><G123/><T96/><D33/><U79/><E99/><V37/><F113/><W112/><G112/><T0/><D108/><U57/><E46/><V69/><F37/><W111/><G3/><T71/><D21/><U132/><E68/><V84/><REACH who="2" step="1"/><F32/><REACH who="2" ten="250,370,120,250" step="2"/><W41/><G135/><T95/><D36/><U19/><E132/><V89/><F89/><W49/><G29/><AGARI ba="0,1" hai="18,20,27,28,29,42,45,51,60,65,69,84,88,92" machi="29" ten="40,2600,0" yaku="1,1,54,1,53,0" doraHai="125" doraHaiUra="103" who="2" fromWho="3" sc="250,0,370,0,120,36,250,-26" /><INIT seed="2,0,0,5,4,23" ten="250,370,156,224" oya="2" hai0="3,75,58,61,121,129,94,82,54,106,132,18,15" hai1="115,22,41,44,0,72,7,46,118,114,5,119,103" hai2="102,134,59,53,6,84,29,125,131,30,96,55,91" hai3="20,21,25,71,32,69,14,101,1,49,73,67,28"/><V104/><F134/><W127/><G73/><T85/><D121/><U86/><E103/><V97/><F131/><W68/><G1/><T16/><D106/><U56/><E22/><V33/><F125/><W62/><G127/><T110/><D3/><U40/><E86/><V111/><F111/><W60/><G101/><T93/><D75/><U36/><E56/><V120/><F120/><W112/><G112/><T109/><D132/><U48/><E72/><V89/><F6/><W64/><G71/><T70/><D70/><U12/><E12/><V45/><F33/><W77/><G77/><T11/><D129/><U95/><E95/><N who="0" m="36361" /><D110/><U122/><E122/><V63/><F97/><W90/><G90/><N who="0" m="51511" /><D109/><U74/><E74/><V135/><F135/><W8/><REACH who="3" step="1"/><G49/><REACH who="3" ten="250,370,156,214" step="2"/><T100/><D100/><U78/><E48/><V51/><REACH who="2" step="1"/><F89/><REACH who="2" ten="250,370,146,214" step="2"/><W66/><G66/><T38/><D38/><U26/><E115/><V116/><F116/><W65/><G65/><T2/><D2/><U83/><E114/><V42/><F42/><W35/><G35/><T105/><D105/><U133/><E0/><V43/><F43/><W124/><G124/><T80/><D54/><U34/><E41/><V10/><F10/><W81/><G81/><AGARI ba="0,2" hai="29,30,45,51,53,55,59,63,81,84,91,96,102,104" machi="81" ten="30,5800,0" yaku="1,1,7,1,53,1" doraHai="23" doraHaiUra="79" who="2" fromWho="3" sc="250,0,370,0,146,78,214,-58" /><INIT seed="2,1,0,0,4,109" ten="250,370,224,156" oya="2" hai0="45,116,27,78,33,64,8,76,69,95,85,68,117" hai1="5,18,31,77,11,24,39,43,52,1,96,32,123" hai2="129,6,35,135,106,119,30,92,62,7,122,103,97" hai3="26,113,51,65,101,3,54,105,15,89,75,28,81"/><V130/><F119/><N who="0" m="45642" /><D8/><U4/><E4/><V91/><F122/><W48/><G3/><T9/><D9/><U22/><E77/><N who="0" m="29801" /><D64/><U104/><E43/><V127/><F127/><W46/><G65/><T99/><D85/><U47/><E39/><V66/><F135/><W58/><G75/><T53/><D53/><U134/><E134/><V98/><F130/><W71/><G71/><T70/><D45/><U42/><E52/><V100/><F129/><W82/><G89/><N who="0" m="55791" /><D27/><U29/><E47/><V10/><F10/><W49/><G15/><T19/><D19/><U79/><E42/><V23/><F35/><AGARI ba="1,0" hai="33,35,68,69,70" m="55791,29801,45642" machi="35" ten="40,1300,0" yaku="12,1" doraHai="109" who="0" fromWho="2" sc="250,16,370,0,224,-16,156,0" /><INIT seed="3,0,0,3,5,64" ten="266,370,208,156" oya="3" hai0="106,39,54,34,67,1,80,128,93,11,116,9,87" hai1="73,124,114,61,122,98,4,22,133,23,102,14,37" hai2="119,123,41,12,33,18,108,48,45,118,21,110,112" hai3="50,111,0,31,13,90,127,85,105,130,3,66,71"/><W20/><G105/><T126/><D106/><U97/><E14/><V78/><F112/><W35/><G127/><T94/><D126/><U30/><E61/><V17/><F33/><W29/><G130/><T26/><D39/><U7/><E30/><V77/><F123/><W57/><G111/><N who="2" m="42537" /><F17/><W68/><G35/><T120/><D116/><AGARI ba="0,0" hai="12,18,21,41,45,48,77,78,116,118,119" m="42537" machi="116" ten="30,1000,0" yaku="14,1" doraHai="64" who="2" fromWho="0" sc="266,-10,370,0,208,10,156,0" owari="256,5.6,370,47.0,218,-18.2,156,-34.4" /></mjloggm>