<mjloggm ver="2.3"><GO type="225" lobby="0"/><UN n0="%72%69%6F%75%63%68%61%6E" n1="%E8%AB%B8%E8%91%9B%E4%BA%AE" n2="%E8%B6%85%E7%B4%9A%E9%B3%B3%E5%87%B0" n3="%6D%75%75%6D%75%72%61" dan="16,16,16,16" rate="2103.10,2113.45,2130.30,2095.23" sx="M,M,M,F"/><TAIKYOKU oya="0"/><INIT seed="0,0,0,5,2,116" ten="250,250,250,250" oya="0" hai0="78,64,19,101,114,82,130,58,75,5,43,71,127" hai1="33,117,53,111,13,22,125,65,56,84,94,67,52" hai2="14,120,129,80,97,54,9,103,16,98,46,20,0" hai3="26,23,95,72,11,28,86,89,96,40,126,122,87"/><T4/><D114/><U131/><E117/><V106/><F129/><W76/><G126/><T128/><D127/><U134/><E125/><V113/><F113/><W29/><G40/><T37/><D71/><U93/><E33/><V85/><F98/><W90/><G72/><T35/><D35/><U62/><E131/><N who="0" m="50217" /><D101/><U112/><E112/><V8/><F120/><W36/><G36/><T91/><D19/><N who="1" m="10607" /><E111/><V73/><F73/><W110/><G110/><T7/><D91/><N who="1" m="53479" /><E134/><V123/><F123/><W88/><G122/><T77/><D78/><U41/><E41/><V50/><REACH who="2" step="1"/><F0/><REACH who="2" ten="250,250,240,250" step="2"/><W49/><G96/><T31/><D75/><U102/><E102/><V21/><F21/><W45/><G86/><T83/><D37/><U118/><E118/><V74/><F74/><W34/><G87/><T12/><D77/><AGARI ba="0,1" hai="8,9,14,16,20,46,50,54,77,80,85,97,103,106" machi="77" ten="30,7700,0" yaku="1,1,7,1,54,1,53,1" doraHai="116" doraHaiUra="15" who="2" fromWho="0" sc="250,-77,250,0,240,87,250,0" /><INIT seed="1,0,0,2,4,41" ten="173,250,327,250" oya="1" hai0="2,122,28,19,119,131,11,46,77,108,96,10,101" hai1="29,118,7,91,72,134,62,35,83,60,116,129,13" hai2="56,51,76,124,73,100,84,38,25,21,12,99,98" hai3="68,87,16,4,88,34,1,132,106,133,44,5,79"/><U117/><E129/><V27/><F38/><W64/><G106/><T45/><D119/><U107/><E107/><V23/><F124/><W37/><G34/><T61/><D131/><U49/><E134/><N who="3" m="51818" /><G79/><T114/><D114/><U24/><E49/><V57/><F73/><W8/><G64/><T18/><D108/><U102/><E102/><V110/><F110/><W128/><G68/><T85/><D122/><U40/><E40/><V104/><F99/><W105/><G105/><T53/><D28/><U36/><E36/><V75/><F75/><W70/><G70/><T31/><D31/><U66/><E66/><V50/><F50/><W33/><G33/><T103/><D103/><U125/><E125/><V47/><F12/><N who="3" m="7175" /><G128/><T115/><D115/><U58/><E72/><V54/><F76/><W89/><G1/><T112/><D112/><U113/><E113/><V86/><F56/><W135/><N who="3" m="51826" /><W48/><DORA hai="130" /><G37/><T9/><D2/><U15/><E58/><V6/><F57/><W30/><G30/><T42/><D61/><U52/><E62/><V90/><F104/><W0/><G0/><T55/><D18/><U26/><E60/><V39/><F39/><W22/><G22/><T111/><D19/><U94/><E35/><V93/><F21/><W80/><G89/><T69/><D69/><U121/><E29/><V78/><F23/><W63/><G63/><T127/><D127/><U3/><E117/><V81/><F6/><W109/><G109/><T32/><D111/><U92/><E118/><V97/><F100/><W20/><G20/><T43/><D32/><RYUUKYOKU ba="0,0" sc="173,-15,250,-15,327,15,250,15" hai2="25,27,47,51,54,78,81,84,86,90,93,97,98" hai3="4,5,44,48,80,87,88" /><INIT seed="2,1,0,1,4,68" ten="158,235,342,265" oya="2" hai0="29,118,14,115,22,85,87,124,96,66,134,97,12" hai1="72,53,86,112,0,75,42,45,26,23,104,93,121" hai2="58,83,20,54,76,69,126,18,90,80,38,122,30" hai3="108,91,51,125,89,133,81,100,88,37,105,16,94"/><V130/><F122/><W64/><G108/><T57/><D115/><U70/><E112/><V1/><F69/><W103/><G105/><T17/><D124/><U6/><E104/><V13/><F1/><W10/><G37/><T52/><D134/><U41/><E121/><V128/><F126/><W60/><G125/><T114/><D114/><U74/><E70/><V3/><F3/><W95/><G133/><T101/><D118/><U47/><E0/><V36/><F30/><W50/><G81/><T99/><D101/><N who="3" m="38985" /><G60/><T21/><D66/><U31/><E6/><V48/><F90/><N who="3" m="34923" /><G64/><T67/><D67/><U32/><E32/><V123/><F123/><W33/><G33/><T28/><D28/><U35/><E35/><V56/><F80/><W24/><G95/><T8/><D29/><U15/><E93/><V102/><F102/><W2/><G2/><T19/><REACH who="0" step="1"/><D8/><REACH who="0" ten="148,235,342,265" step="2"/><U117/><E31/><V27/><F20/><N who="3" m="13319" /><G10/><T5/><D5/><U40/><E117/><V71/><F18/><W73/><G73/><T25/><D25/><U39/><E26/><V59/><F27/><W127/><G127/><T9/><D9/><U132/><E132/><V129/><F128/><W119/><G119/><T65/><D65/><U109/><E75/><V34/><F71/><W107/><G107/><T79/><D79/><U46/><E74/><V120/><F34/><W61/><G61/><AGARI ba="1,1" hai="12,14,17,19,21,22,52,57,61,85,87,96,97,99" machi="61" ten="40,8000,1" yaku="1,1,9,1,8,1,54,1,53,0" doraHai="68" doraHaiUra="106" who="0" fromWho="3" sc="148,93,235,0,342,0,265,-83" /><INIT seed="3,0,0,0,5,22" ten="241,235,342,182" oya="3" hai0="121,68,92,99,90,72,70,93,12,40,131,3,88" hai1="69,53,117,8,39,83,31,52,122,132,45,66,54" hai2="114,98,91,33,125,97,127,106,60,59,111,29,44" hai3="87,5,77,100,21,47,108,50,49,104,18,9,67"/><W102/><G108/><T116/><D116/><U135/><E8/><V109/><F114/><W28/><G28/><T96/><D121/><U115/><E83/><V65/><F44/><W73/><G73/><T80/><D3/><U11/><E11/><V118/><F118/><W51/><G47/><T27/><D131/><U32/><E117/><V42/><F42/><W103/><G104/><T110/><D110/><N who="2" m="41994" /><F91/><W35/><G35/><T48/><D12/><U85/><E85/><V89/><F89/><W78/><G67/><T36/><D36/><U81/><E81/><V107/><F98/><W4/><G87/><T61/><D61/><N who="1" m="40143" /><E122/><V19/><F19/><W57/><G57/><T46/><D27/><N who="1" m="18559" /><E115/><V37/><F37/><W134/><G134/><N who="1" m="51242" /><E39/><V79/><F79/><AGARI ba="0,0" hai="40,46,48,68,70,72,79,80,88,90,92,93,96,99" machi="79" ten="40,2600,0" yaku="9,1,54,1" doraHai="22" who="0" fromWho="2" sc="241,26,235,0,342,-26,182,0" owari="267,6.7,235,-16.5,316,41.6,182,-31.8" /></mjloggm>