<mjloggm ver="2.3"><GO type="225" lobby="0"/><UN n0="%E3%82%B2%E3%82%B9%E8%8C%82%E5%8B%9D" n1="%E3%82%A2%E3%82%A4%E3%82%B9%E3%83%86%E3%82%A3%E3%83%BC%E3%81%82%E3%81%B9" n2="%E7%99%BD%E6%97%A5%E9%9B%AA%E8%8F%9C" n3="%E8%83%83%E3%81%A8%E8%85%B8" dan="16,16,16,16" rate="2056.29,2124.74,2127.36,2201.23" sx="F,M,M,M"/><TAIKYOKU oya="0"/><INIT seed="0,0,0,5,5,114" ten="250,250,250,250" oya="0" hai0="111,88,70,115,12,20,112,130,45,36,27,64,131" hai1="30,35,23,18,50,83,100,133,109,43,95,110,19" hai2="60,128,98,85,119,34,92,123,28,101,96,77,10" hai3="129,21,14,2,49,65,113,99,117,73,93,22,51"/><T79/><D79/><U8/><E133/><V55/><F123/><W37/><G37/><T126/><D126/><U17/><E83/><N who="2" m="47343" /><F34/><W57/><G2/><T56/><D70/><U78/><E78/><V38/><F38/><W116/><G73/><T72/><D72/><U66/><E66/><V58/><F128/><N who="0" m="49194" /><D12/><N who="1" m="7303" /><E43/><V11/><F28/><W118/><G113/><T108/><D45/><U29/><E50/><V59/><F119/><W97/><G129/><T15/><D36/><U48/><E48/><N who="2" m="31079" /><F98/><W94/><G65/><AGARI ba="0,0" hai="10,11,59,60,65,92,96,101" m="31079,47343" machi="65" ten="30,1000,0" yaku="8,1" doraHai="114" who="2" fromWho="3" sc="250,0,250,0,250,10,250,-10" /><INIT seed="1,0,0,5,3,65" ten="250,250,260,240" oya="1" hai0="90,1,109,110,53,100,95,40,118,124,128,36,26" hai1="50,98,74,66,34,129,107,78,122,132,58,23,20" hai2="5,21,9,99,6,133,86,24,39,27,69,17,67" hai3="12,25,89,43,105,126,130,10,68,85,48,8,113"/><U63/><E122/><V42/><F133/><W112/><G105/><T28/><D118/><U82/><E34/><V54/><F39/><W52/><G43/><T92/><D1/><U104/><E132/><V94/><F42/><W33/><G126/><T93/><D124/><U57/><E129/><V71/><F86/><W37/><G37/><T115/><D115/><U32/><E32/><V87/><F87/><W46/><G130/><T61/><D128/><U101/><REACH who="1" step="1"/><E107/><REACH who="1" ten="250,240,260,240" step="2"/><V51/><F67/><W55/><G33/><T19/><D36/><U123/><E123/><V83/><F83/><N who="3" m="49343" /><G113/><T56/><D93/><U127/><E127/><V108/><F108/><W106/><G106/><T119/><D109/><U14/><E14/><V64/><F64/><W73/><G112/><T80/><D110/><U116/><E116/><V38/><F38/><W84/><G12/><T11/><D119/><U30/><E30/><V88/><F27/><W96/><G25/><T2/><D80/><U120/><E120/><V76/><F24/><W7/><G73/><T44/><D26/><U114/><E114/><V18/><F94/><W134/><G134/><T49/><D95/><U3/><E3/><V77/><F77/><W102/><G84/><T79/><D79/><U117/><E117/><V60/><F76/><W41/><G96/><T31/><D2/><U121/><E121/><V22/><F99/><W131/><G131/><T70/><D31/><U62/><E62/><V29/><F60/><W59/><G48/><T75/><D28/><U91/><E91/><V135/><F88/><W103/><G103/><RYUUKYOKU ba="0,1" sc="250,-10,240,30,260,-10,240,-10" hai1="20,23,50,57,58,63,66,74,78,82,98,101,104" /><INIT seed="1,1,1,3,2,77" ten="240,270,250,230" oya="1" hai0="98,115,78,73,31,92,67,132,35,60,53,12,107" hai1="68,51,18,44,74,88,47,105,111,24,8,42,134" hai2="40,89,33,82,15,32,64,128,57,114,20,122,91" hai3="37,36,110,13,41,21,11,25,27,133,6,55,126"/><U97/><E68/><V23/><F122/><W109/><G133/><T80/><D132/><U61/><E134/><V124/><F124/><W101/><G126/><T103/><D115/><U86/><E74/><V30/><F114/><W2/><G101/><T50/><D12/><U1/><E111/><N who="3" m="42506" /><G55/><T46/><D31/><U7/><E61/><N who="2" m="37935" /><F33/><W87/><G87/><T14/><D14/><U104/><E97/><V112/><F32/><W52/><G52/><T135/><D135/><U95/><REACH who="1" step="1"/><E47/><REACH who="1" ten="240,260,250,230" step="2"/><V29/><F112/><W94/><G94/><T39/><D35/><U26/><E26/><N who="3" m="9738" /><G41/><T123/><D123/><U120/><E120/><V85/><F40/><W83/><G83/><T93/><REACH who="0" step="1"/><D39/><REACH who="0" ten="230,260,250,230" step="2"/><U58/><E58/><AGARI ba="1,3" hai="46,50,53,58,60,67,73,78,80,92,93,98,103,107" machi="58" ten="30,7700,0" yaku="1,1,2,1,7,1,52,1,53,0" doraHai="77" doraHaiUra="71" who="0" fromWho="1" sc="230,110,260,-80,250,0,230,0" /><INIT seed="2,0,0,5,2,73" ten="340,180,250,230" oya="2" hai0="65,134,127,70,82,68,72,27,100,113,91,48,55" hai1="67,131,135,90,59,95,41,126,117,112,121,79,104" hai2="93,19,129,53,81,44,63,106,2,122,130,101,87" hai3="29,10,114,26,30,0,23,36,5,102,42,80,7"/><V88/><F122/><W128/><G128/><N who="2" m="49257" /><F2/><W50/><G114/><T116/><D113/><U84/><E112/><V105/><F19/><W46/><G102/><T119/><D100/><U92/><E131/><V56/><F44/><W18/><G5/><T11/><D11/><U14/><E117/><N who="0" m="45129" /><D127/><U37/><E104/><N who="2" m="40043" /><F101/><W118/><G118/><T71/><D134/><U86/><E135/><V132/><F132/><W3/><G3/><T8/><D8/><U35/><E35/><V69/><F69/><W75/><G50/><T49/><D65/><U45/><E126/><V77/><F93/><W85/><REACH who="3" step="1"/><G75/><REACH who="3" ten="340,180,250,220" step="2"/><T107/><D72/><U16/><E121/><V38/><F38/><W22/><G22/><T57/><D48/><U32/><E32/><V98/><F98/><W39/><G39/><T120/><D120/><U94/><E86/><V103/><F103/><W58/><G58/><T61/><D107/><U6/><E6/><V28/><F28/><W4/><G4/><T51/><D49/><U78/><E59/><V31/><F31/><W17/><G17/><T125/><D51/><U83/><REACH who="1" step="1"/><E67/><REACH who="1" ten="340,170,250,220" step="2"/><V13/><F87/><W133/><G133/><T109/><D125/><U66/><E66/><V33/><F56/><W115/><G115/><T43/><D57/><U124/><E124/><V24/><F33/><W89/><AGARI ba="0,2" hai="0,7,10,18,23,26,29,30,36,42,46,80,85,89" machi="89" ten="20,2700,0" yaku="1,1,0,1,7,1,53,0" doraHai="73" doraHaiUra="123" who="3" fromWho="3" sc="340,-7,170,-7,250,-13,220,47" /><INIT seed="3,0,0,1,0,79" ten="333,163,237,267" oya="3" hai0="83,122,15,2,96,4,124,19,80,119,38,33,135" hai1="10,39,8,7,21,14,105,86,61,129,28,116,107" hai2="123,73,67,126,97,52,11,59,112,58,110,35,91" hai3="54,114,57,99,16,106,6,30,27,18,44,23,72"/><W94/><G106/><T89/><D119/><U75/><E75/><V82/><F112/><W103/><G114/><T47/><D122/><U120/><E120/><V56/><F123/><W115/><G115/><T37/><D33/><U43/><E116/><V68/><F35/><W42/><G72/><T100/><D124/><U63/><E129/><V101/><F126/><W85/><G6/><T32/><D32/><U5/><E43/><V60/><F110/><W55/><G85/><T36/><D135/><U74/><E74/><V24/><F24/><W130/><G130/><T20/><D89/><U69/><E39/><V132/><F11/><W66/><G66/><T76/><D76/><U118/><E118/><V17/><F17/><W113/><G113/><T1/><D47/><U104/><E69/><V108/><F108/><W64/><G64/><T25/><D25/><U90/><E21/><V111/><F111/><W0/><G0/><T93/><REACH who="0" step="1"/><D4/><REACH who="0" ten="323,163,237,267" step="2"/><U117/><E117/><V92/><F132/><W31/><G31/><T77/><D77/><U133/><E28/><V87/><REACH who="2" step="1"/><F73/><REACH who="2" ten="323,163,227,267" step="2"/><W81/><G30/><T62/><D62/><AGARI ba="0,2" hai="52,56,58,59,60,62,67,68,82,87,91,92,97,101" machi="62" ten="30,12000,2" yaku="1,1,2,1,7,1,52,1,54,1,53,1" doraHai="79" doraHaiUra="65" who="2" fromWho="0" sc="323,-120,163,0,227,140,267,0" owari="203,-19.7,163,-33.7,367,46.7,267,6.7" /></mjloggm>