<mjloggm ver="2.3"><GO type="225" lobby="0"/><UN n0="%E3%81%9F%E3%81%93%E2%98%86%E7%84%BC%E3%81%8D" n1="%53%41%49%2A" n2="%E3%81%82%E3%83%BC%E3%81%97" n3="%E9%80%9F%E6%B0%B4%E5%87%9B%E9%A6%99" dan="16,16,16,16" rate="2081.17,2133.36,2111.09,2120.24" sx="M,M,M,F"/><TAIKYOKU oya="0"/><INIT seed="0,0,0,3,1,82" ten="250,250,250,250" oya="0" hai0="26,59,53,130,17,27,55,24,61,18,58,67,57" hai1="73,4,83,49,15,25,65,11,33,78,104,19,98" hai2="52,84,117,108,91,16,23,44,109,107,99,42,12" hai3="119,47,95,10,102,121,97,90,66,131,111,48,125"/><T2/><D2/><U114/><E114/><V41/><F117/><W50/><G119/><T96/><D130/><U71/><E49/><N who="2" m="28711" /><F107/><W81/><G131/><T110/><D110/><N who="2" m="42602" /><F99/><W51/><G125/><T77/><D77/><U89/><E71/><V30/><F30/><W40/><G121/><T87/><D96/><U35/><E65/><V94/><AGARI ba="0,0" hai="12,16,23,41,42,84,91,94" m="42602,28711" machi="94" ten="30,7900,0" yaku="14,1,52,1,54,2" doraHai="82" who="2" fromWho="2" sc="250,-39,250,-20,250,79,250,-20" /><INIT seed="1,0,0,5,2,88" ten="211,230,329,230" oya="1" hai0="43,30,7,66,34,32,1,19,24,84,40,94,75" hai1="87,108,68,112,23,8,61,110,12,97,125,28,134" hai2="58,81,56,130,83,114,120,13,109,100,6,98,27" hai3="14,69,3,15,95,47,57,118,48,16,74,72,133"/><U37/><E37/><V44/><F120/><W9/><G69/><T82/><D66/><U51/><E112/><V102/><F109/><N who="1" m="42089" /><E125/><V39/><F27/><W132/><G3/><T21/><D34/><U25/><E134/><N who="3" m="51818" /><G57/><T70/><D70/><U29/><E87/><V50/><F56/><W18/><G118/><T53/><D53/><U117/><E117/><V86/><F58/><W122/><G122/><T55/><D55/><U63/><E29/><V135/><F83/><W76/><G76/><T101/><D75/><U4/><E68/><V93/><F102/><W46/><G46/><T113/><D113/><U42/><E97/><V60/><F39/><W131/><G131/><T31/><D31/><U59/><E59/><V115/><F130/><W123/><G123/><T22/><D22/><U106/><E106/><V2/><F60/><W104/><G104/><T65/><D65/><U64/><E64/><V49/><F135/><W20/><G95/><T62/><D62/><U99/><E99/><V121/><F121/><W5/><G74/><T41/><D101/><U107/><E107/><V96/><F98/><W73/><G73/><T36/><D36/><U90/><E90/><V105/><F105/><W11/><G72/><T80/><D94/><U33/><E33/><V17/><F115/><W45/><G48/><T0/><D84/><U54/><E54/><V119/><F114/><W103/><G103/><T127/><D127/><U124/><E124/><V78/><F119/><W26/><AGARI ba="0,0" hai="5,9,11,14,15,16,18,20,26,45,47" m="51818" machi="26" ten="30,2000,0" yaku="20,1,54,1" doraHai="88" who="3" fromWho="3" sc="211,-5,230,-10,329,-5,230,20" /><INIT seed="2,0,0,3,3,84" ten="206,220,324,250" oya="2" hai0="91,10,109,95,127,30,29,129,113,81,1,21,86" hai1="100,59,126,48,15,2,73,130,77,37,85,11,68" hai2="114,90,88,16,118,31,36,45,107,69,18,87,38" hai3="43,71,97,63,12,119,4,115,40,17,51,99,96"/><V111/><F69/><W39/><G39/><T72/><D113/><U93/><E68/><V123/><F118/><W35/><G35/><T116/><D116/><U6/><E37/><V82/><F123/><W27/><G119/><T19/><D109/><U55/><E126/><V65/><F107/><W46/><G115/><T80/><D129/><U124/><E124/><V32/><F65/><W22/><G71/><T14/><D72/><U54/><E130/><V70/><F70/><W101/><G63/><T105/><D105/><U9/><E73/><V78/><F38/><W50/><G4/><T122/><D122/><U24/><E24/><V25/><F114/><W117/><G117/><T58/><D58/><U89/><E55/><V92/><F111/><W57/><G27/><N who="0" m="14783" /><D1/><U7/><E77/><V0/><F0/><W23/><G23/><T120/><D120/><U74/><E74/><V104/><F104/><W98/><G57/><T62/><D62/><U112/><E100/><V110/><F110/><W83/><G83/><N who="0" m="31819" /><D127/><U125/><E125/><V5/><F5/><AGARI ba="0,0" hai="5,10,14,29,30,86,91,95" m="31819,14783" machi="5" ten="30,2000,0" yaku="8,1,52,1" doraHai="84" who="0" fromWho="2" sc="206,20,220,0,324,-20,250,0" /><INIT seed="3,0,0,0,4,95" ten="226,220,304,250" oya="3" hai0="128,12,115,42,116,74,79,98,4,106,99,57,3" hai1="78,31,37,123,109,104,13,127,51,19,126,65,38" hai2="11,22,129,52,30,5,29,134,44,92,39,101,10" hai3="34,73,96,93,80,67,18,26,16,131,130,121,24"/><W102/><G67/><T32/><D106/><U94/><E104/><V50/><F39/><W2/><G2/><T70/><D32/><U25/><E123/><V69/><F69/><W0/><G0/><T110/><D3/><U56/><E78/><V125/><F134/><W15/><G34/><T68/><D116/><U64/><E109/><V60/><F129/><N who="3" m="49163" /><G121/><T66/><D42/><U83/><E83/><V86/><F125/><N who="1" m="47625" /><E94/><V9/><F5/><W112/><G112/><T111/><D57/><U107/><E107/><V108/><F108/><N who="0" m="41514" /><D66/><N who="1" m="25707" /><E51/><V119/><F60/><W97/><G97/><N who="0" m="36875" /><D115/><U28/><E56/><V88/><F101/><W58/><G58/><T23/><D128/><U40/><E40/><V45/><F119/><W122/><G122/><T1/><D79/><U133/><E133/><V77/><F77/><N who="3" m="44079" /><G18/><N who="0" m="10695" /><D74/><U43/><E43/><V20/><F45/><W114/><G114/><T87/><D87/><U36/><E25/><V120/><F120/><W59/><G59/><T55/><D55/><U118/><E118/><V27/><F27/><W81/><G81/><T84/><D84/><U41/><E41/><V8/><N who="2" m="2048" /><DORA hai="49" /><V113/><F113/><W21/><AGARI ba="0,0" hai="15,16,21,24,26,93,96,102" m="44079,49163" machi="21" ten="30,6000,0" yaku="19,1,52,1,54,1" doraHai="95,49" who="3" fromWho="3" sc="226,-20,220,-20,304,-20,250,60" owari="206,-19.4,200,-30.0,284,8.4,310,41.0" /></mjloggm>