<mjloggm ver="2.3"><GO type="225" lobby="0"/><UN n0="%E6%81%A5%E6%99%92%E3%81%97" n1="%E3%81%A4%E3%81%A3%E3%81%B1%E3%82%8A%E3%83%9D%E3%83%BC%E3%83%AB" n2="%EF%BC%94%36" n3="%72%69%6F%75%63%68%61%6E" dan="16,17,16,16" rate="2075.87,2230.86,2053.71,2188.34" sx="M,M,M,M"/><TAIKYOKU oya="0"/><INIT seed="0,0,0,5,1,113" ten="250,250,250,250" oya="0" hai0="87,51,78,75,43,36,21,60,101,100,89,90,74" hai1="33,16,4,115,117,76,11,122,86,104,12,96,108" hai2="65,52,134,27,40,99,77,80,62,10,94,2,126" hai3="82,28,111,131,57,83,118,107,41,121,20,59,135"/><T9/><D36/><U42/><E122/><V88/><F126/><W8/><G107/><T102/><D75/><U119/><E33/><V112/><F112/><W31/><G121/><T0/><D74/><U6/><E115/><V70/><F134/><W3/><G135/><T39/><D39/><U79/><E42/><V106/><F40/><W66/><G111/><T84/><D0/><U67/><E67/><V34/><F2/><W14/><G131/><T116/><D9/><U71/><E71/><V19/><F106/><W22/><G41/><T128/><D128/><U120/><E120/><V7/><F7/><W97/><G3/><T37/><D37/><U124/><E124/><V23/><F23/><N who="3" m="8747" /><G97/><T130/><D130/><U30/><E30/><N who="3" m="11306" /><G118/><T114/><D114/><U49/><E108/><V44/><F34/><W93/><G93/><T56/><D116/><U15/><E96/><V53/><F44/><W24/><G24/><T123/><D123/><U26/><E104/><V91/><F91/><N who="0" m="34826" /><D21/><N who="1" m="13607" /><E119/><V72/><REACH who="2" step="1"/><F27/><REACH who="2" ten="250,250,240,250" step="2"/><W110/><G110/><T47/><D78/><U95/><E117/><V35/><F35/><W64/><G14/><AGARI ba="0,1" hai="10,14,19,52,53,62,65,70,72,77,80,88,94,99" machi="14" ten="40,8000,1" yaku="1,1,54,2,53,2" doraHai="113" doraHaiUra="48" who="2" fromWho="3" sc="250,0,250,0,240,90,250,-80" /><INIT seed="1,0,0,1,2,35" ten="250,250,330,170" oya="1" hai0="20,130,52,132,123,125,85,113,69,92,1,49,114" hai1="108,67,5,61,56,53,27,121,86,26,120,105,109" hai2="10,65,101,128,25,16,33,90,110,117,59,126,95" hai3="71,11,97,84,19,51,38,107,18,135,81,96,8"/><U50/><E105/><V76/><F117/><W103/><G38/><T122/><D69/><U48/><E5/><V87/><F33/><W111/><G111/><N who="1" m="42570" /><E86/><V66/><F110/><W24/><G71/><T77/><D125/><U4/><E4/><V70/><F70/><W30/><G135/><T78/><D132/><U115/><E27/><V31/><F126/><W47/><G97/><T64/><D64/><U116/><E26/><V46/><F128/><W127/><G127/><T91/><D130/><U119/><E115/><V93/><F76/><W74/><G74/><T7/><D20/><U36/><E36/><V28/><F28/><W32/><G8/><N who="0" m="2159" /><D113/><U106/><E106/><V57/><F31/><W29/><G11/><T37/><D37/><U73/><E73/><V131/><F131/><W39/><G39/><T22/><D22/><U45/><E50/><V15/><F25/><W68/><G68/><T80/><D92/><U75/><E75/><V98/><F95/><W54/><REACH who="3" step="1"/><G29/><REACH who="3" ten="250,250,330,160" step="2"/><T82/><D114/><U99/><E99/><V40/><F98/><W44/><G44/><N who="0" m="27687" /><D82/><U9/><E9/><V89/><F46/><W58/><G58/><T72/><D72/><U43/><E43/><V55/><F57/><W88/><AGARI ba="0,1" hai="18,19,24,30,32,47,51,54,81,84,88,96,103,107" machi="88" ten="20,5200,0" yaku="1,1,0,1,7,1,54,1,53,0" doraHai="35" doraHaiUra="124" who="3" fromWho="3" sc="250,-13,250,-26,330,-13,160,62" /><INIT seed="2,0,0,0,0,67" ten="237,224,317,222" oya="2" hai0="15,5,99,111,6,29,54,109,39,44,16,24,13" hai1="82,55,70,49,36,101,28,129,20,98,80,123,63" hai2="110,53,11,57,9,52,81,42,35,48,92,47,125" hai3="21,19,119,72,124,26,74,50,73,3,68,10,71"/><V83/><F35/><W134/><G119/><T38/><D99/><U133/><E36/><V135/><F135/><W23/><G134/><T122/><D54/><U117/><E117/><V126/><F53/><W56/><G124/><N who="2" m="47721" /><F92/><W97/><G97/><T96/><D96/><U51/><E133/><V17/><F110/><N who="0" m="41994" /><D122/><U31/><E129/><V131/><F131/><W32/><G32/><N who="0" m="20519" /><D15/><U107/><E123/><V112/><F112/><W7/><REACH who="3" step="1"/><G23/><REACH who="3" ten="237,224,317,212" step="2"/><N who="0" m="11663" /><D39/><U18/><E98/><V30/><F30/><W114/><G114/><T116/><D116/><U46/><E31/><V77/><F77/><W69/><G69/><T104/><D104/><U85/><E70/><V103/><F103/><W2/><G2/><T127/><D127/><U100/><E28/><V91/><F91/><W95/><G95/><T130/><D130/><U89/><E107/><V106/><F106/><W132/><G132/><T12/><D12/><N who="1" m="9287" /><E101/><V27/><F83/><W60/><G60/><T34/><D34/><U115/><E115/><V65/><F81/><W90/><G90/><T1/><D1/><U102/><E63/><N who="2" m="38127" /><F42/><AGARI ba="0,1" hai="5,6,38,42,44" m="11663,20519,41994" machi="42" ten="30,2000,0" yaku="14,1,54,1" doraHai="67" who="0" fromWho="2" sc="237,30,224,0,317,-20,212,0" /><INIT seed="3,0,0,2,0,71" ten="267,224,297,212" oya="3" hai0="67,9,42,11,41,49,88,98,96,103,109,47,87" hai1="126,122,16,64,83,85,75,53,92,90,24,58,19" hai2="118,76,62,133,12,80,99,77,5,60,34,22,105" hai3="2,68,14,135,102,45,120,89,52,82,39,117,26"/><W59/><G117/><T10/><D109/><U134/><E122/><V84/><F34/><W18/><G120/><T21/><D67/><U128/><E128/><V4/><F118/><W55/><G2/><T108/><D108/><U63/><E134/><V91/><F133/><W3/><G3/><T17/><D41/><U132/><E132/><V57/><F105/><W32/><G135/><T113/><D103/><U27/><E126/><V13/><F60/><W124/><G68/><T15/><REACH who="0" step="1"/><D113/><REACH who="0" ten="257,224,297,212" step="2"/><U30/><E64/><N who="2" m="38991" /><F99/><W115/><G115/><T95/><AGARI ba="0,1" hai="9,10,11,15,17,21,42,47,49,87,88,95,96,98" machi="95" ten="30,7900,0" yaku="1,1,0,1,8,1,54,1,53,0" doraHai="71" doraHaiUra="48" who="0" fromWho="0" sc="257,89,224,-20,297,-20,212,-39" owari="346,44.6,204,-19.6,277,7.7,173,-32.7" /></mjloggm>