<mjloggm ver="2.3"><GO type="225" lobby="0"/><UN n0="%E3%82%BF%E3%83%BC%E3%83%90%E3%83%B3%E9%87%8E%E5%8F%A3" n1="%E6%81%A5%E6%99%92%E3%81%97" n2="%63%68%78%62%64" n3="%E3%81%9F%E3%81%8B%E3%80%82" dan="16,16,16,16" rate="2048.83,2070.14,2130.09,2098.28" sx="M,M,M,M"/><TAIKYOKU oya="0"/><INIT seed="0,0,0,3,4,50" ten="250,250,250,250" oya="0" hai0="103,17,83,33,65,6,69,122,128,7,70,24,92" hai1="116,119,58,120,124,19,59,12,37,118,98,135,101" hai2="68,72,35,2,18,85,133,66,97,87,95,41,64" hai3="67,110,46,123,34,76,100,91,28,121,132,20,47"/><T106/><D122/><N who="3" m="46601" /><G132/><T61/><D128/><U3/><E120/><V30/><F2/><W89/><G110/><T22/><D70/><U94/><E135/><V79/><F72/><W74/><G100/><T31/><D92/><U40/><E3/><V25/><F41/><W13/><G34/><T36/><D83/><U114/><E124/><V134/><F18/><N who="3" m="10319" /><G28/><T4/><D36/><U73/><E73/><V127/><F127/><W99/><G67/><T125/><D125/><U43/><E114/><V102/><F66/><W107/><G107/><T126/><D126/><U60/><E37/><V9/><F133/><W81/><G99/><N who="0" m="61823" /><D4/><U26/><E26/><AGARI ba="0,0" hai="6,7,17,22,24,26,31,33,61,65,69" m="61823" machi="26" ten="30,1500,0" yaku="25,1" doraHai="50" who="0" fromWho="1" sc="250,15,250,-15,250,0,250,0" /><INIT seed="0,1,0,2,2,45" ten="265,235,250,250" oya="0" hai0="110,28,43,42,112,101,16,69,51,62,134,75,0" hai1="105,78,111,49,74,76,92,96,102,131,39,103,80" hai2="95,27,32,121,44,2,108,127,79,73,77,68,18" hai3="34,71,106,65,113,123,87,91,12,55,52,89,130"/><T93/><D112/><U84/><E39/><V135/><F121/><W4/><G113/><T15/><D0/><U120/><E120/><V33/><F135/><W86/><G106/><T107/><D75/><N who="1" m="43039" /><E111/><V94/><F108/><W72/><G34/><T30/><D110/><U23/><E23/><V37/><F2/><W29/><G29/><N who="0" m="11371" /><D107/><U50/><E131/><V17/><F44/><W3/><G3/><T81/><D69/><U109/><E109/><V99/><F37/><W67/><G72/><T53/><D62/><U14/><E14/><V63/><F63/><W59/><G71/><T126/><D126/><U56/><E56/><V48/><F68/><W8/><G130/><T24/><D24/><U132/><E103/><V20/><F27/><W19/><G4/><T98/><D81/><N who="1" m="45271" /><E132/><V26/><F26/><W5/><G5/><T22/><D134/><U25/><E25/><V9/><F73/><W58/><G123/><T46/><AGARI ba="1,0" hai="15,16,22,42,43,46,51,53,93,98,101" m="11371" machi="46" ten="30,6000,0" yaku="8,1,52,1,54,1" doraHai="45" who="0" fromWho="0" sc="265,63,235,-21,250,-21,250,-21" /><INIT seed="0,2,0,1,3,89" ten="328,214,229,229" oya="0" hai0="19,102,48,97,35,104,131,71,72,120,3,118,88" hai1="80,81,96,87,47,8,9,18,1,85,69,55,53" hai2="86,130,75,27,62,51,77,54,39,99,90,100,133" hai3="119,38,66,57,42,30,17,134,43,32,84,128,112"/><T49/><D120/><U111/><E69/><V34/><F39/><W129/><G119/><T21/><D118/><U93/><E1/><V31/><F133/><W67/><G112/><T46/><D35/><U52/><E111/><V76/><F62/><N who="3" m="38223" /><G17/><T59/><D71/><U33/><E47/><V29/><F130/><N who="3" m="50283" /><G30/><T41/><D3/><U68/><E68/><V117/><F31/><W83/><G32/><T5/><D72/><U113/><E33/><V4/><F4/><W73/><G73/><T24/><D5/><U6/><E113/><V108/><F108/><W61/><G134/><T26/><D131/><U98/><E6/><V58/><F75/><W107/><G107/><T116/><D116/><U74/><E74/><V135/><F135/><W132/><G132/><T70/><D70/><U12/><E9/><V63/><F117/><W22/><G22/><T105/><D105/><U15/><E15/><V126/><F126/><W50/><G83/><N who="1" m="31818" /><E98/><V95/><F63/><W125/><G84/><T14/><D49/><U79/><E79/><V78/><F78/><W94/><G125/><T65/><D65/><U45/><E45/><V40/><F40/><N who="3" m="15403" /><G50/><T16/><D104/><AGARI ba="2,0" hai="27,29,34,51,54,58,76,77,86,90,95,99,100,104" machi="104" ten="30,2000,0" yaku="7,1,52,1" doraHai="89" who="2" fromWho="0" sc="328,-26,214,0,229,26,229,0" /><INIT seed="1,0,0,2,4,107" ten="302,214,255,229" oya="1" hai0="116,105,65,77,119,46,11,34,86,95,85,64,66" hai1="112,78,125,80,21,72,70,33,101,97,25,87,17" hai2="4,31,69,79,113,108,3,59,102,14,99,0,22" hai3="131,123,49,24,62,74,88,83,96,35,32,132,128"/><U23/><E112/><V2/><F113/><W122/><G62/><T100/><D34/><N who="3" m="12841" /><G24/><T106/><D11/><U42/><E125/><V73/><F69/><W134/><G49/><T6/><D6/><U15/><E70/><V7/><F108/><W54/><G54/><T52/><D77/><U130/><E130/><N who="3" m="49706" /><G96/><T55/><D100/><U56/><E33/><V104/><F59/><W20/><G20/><T91/><D85/><U129/><E129/><V43/><F43/><W93/><G93/><T18/><D18/><U38/><E56/><V9/><F7/><W114/><G114/><T124/><D124/><U1/><E1/><V8/><F8/><W50/><G50/><T36/><D36/><U47/><E87/><V135/><F135/><N who="3" m="51755" /><G88/><T63/><D63/><U51/><E51/><V71/><F71/><W103/><G103/><T45/><D45/><U126/><E126/><V12/><F12/><W109/><G109/><T110/><D110/><U94/><REACH who="1" step="1"/><E23/><REACH who="1" ten="302,204,255,229" step="2"/><V117/><F22/><W133/><G133/><T10/><D46/><U76/><E76/><AGARI ba="0,1" hai="74,76,83,122,123" m="51755,49706,12841" machi="76" ten="40,8000,1" yaku="19,1,20,1,23,1,52,1" doraHai="107" who="3" fromWho="1" sc="302,0,204,-80,255,0,229,90" /><INIT seed="2,0,0,1,4,9" ten="302,124,255,319" oya="2" hai0="131,91,51,134,99,0,79,89,57,31,21,97,94" hai1="133,113,103,30,28,63,54,86,24,73,5,38,48" hai2="4,107,1,135,60,61,119,78,26,35,114,44,93" hai3="80,27,123,115,52,22,101,85,87,20,95,14,112"/><V10/><F119/><W125/><G123/><T124/><D0/><U33/><E113/><N who="3" m="43594" /><G125/><T34/><D124/><U49/><E73/><V37/><F114/><W77/><G52/><N who="0" m="31903" /><D134/><U36/><E133/><V40/><F107/><W82/><G101/><N who="0" m="60599" /><D34/><U70/><E86/><N who="3" m="32778" /><G95/><T65/><D131/><U96/><E30/><V106/><F106/><W83/><G77/><T120/><D120/><U126/><E126/><V56/><F135/><W47/><G47/><T92/><D65/><U67/><E49/><V98/><F78/><W72/><G72/><T59/><D59/><U42/><E5/><V118/><F118/><W64/><G64/><T29/><D79/><U90/><E90/><N who="0" m="34313" /><D21/><N who="3" m="8297" /><G27/><T43/><D43/><U58/><REACH who="1" step="1"/><E42/><REACH who="1" ten="302,114,255,319" step="2"/><V128/><F4/><W62/><G62/><T8/><D8/><U19/><E19/><V127/><F10/><W13/><AGARI ba="0,1" hai="13,14,80,82,83" m="8297,32778,43594" machi="13" ten="40,8000,1" yaku="28,2,11,1,52,2" doraHai="9" who="3" fromWho="3" sc="302,-20,114,-20,255,-40,319,90" /><INIT seed="3,0,0,0,4,59" ten="282,94,215,409" oya="3" hai0="58,41,39,122,27,123,84,68,75,19,15,8,97" hai1="94,56,98,0,109,44,65,13,62,83,38,80,121" hai2="96,12,34,120,89,135,106,7,119,30,114,26,60" hai3="82,42,76,133,36,73,5,4,63,50,92,49,134"/><W70/><G92/><T45/><D75/><U11/><E109/><V28/><F120/><W127/><G127/><T102/><D68/><U47/><E121/><V24/><F114/><W33/><G33/><T20/><D84/><U1/><E1/><V105/><F135/><N who="3" m="51723" /><G36/><T116/><D116/><U43/><E0/><V55/><F119/><W104/><G104/><T126/><D126/><U25/><E38/><V72/><F72/><W40/><G63/><T69/><D69/><U115/><E115/><V31/><F89/><W23/><G23/><T35/><D35/><U29/><E44/><V113/><F113/><W130/><G70/><T117/><D117/><U2/><E2/><V64/><F55/><W18/><G18/><T124/><D124/><U17/><E47/><V51/><F51/><N who="3" m="19467" /><G130/><T6/><D58/><U46/><E46/><V48/><F48/><W9/><G5/><T16/><D6/><U57/><E57/><V66/><F96/><W101/><G101/><T74/><D74/><U71/><E71/><V54/><F54/><W87/><G73/><T22/><D22/><U95/><E43/><V93/><F93/><AGARI ba="0,0" hai="8,15,16,19,20,27,39,41,45,93,97,102,122,123" machi="93" ten="30,2000,0" yaku="7,1,54,1" doraHai="59" who="0" fromWho="2" sc="282,20,94,0,215,-20,409,0" owari="302,10.2,94,-40.6,195,-20.5,409,50.9" /></mjloggm>