<mjloggm ver="2.3"><GO type="225" lobby="0"/><UN n0="%E6%A1%9C%E8%8A%B1%E9%96%83%E3%80%85" n1="%E3%82%82%E3%81%90%E3%82%89" n2="%E3%81%B6%E3%82%8B%E3%82%8B%E3%81%B6%E3%81%B6" n3="%4E%49%4A%49%49%52%4F" dan="18,17,16,16" rate="2253.93,2154.70,2088.11,2165.74" sx="M,M,M,M"/><TAIKYOKU oya="0"/><INIT seed="0,0,0,1,5,54" ten="250,250,250,250" oya="0" hai0="52,4,99,16,13,126,130,23,28,112,90,79,127" hai1="14,116,92,128,129,134,35,119,91,76,68,45,118" hai2="36,38,114,30,95,98,9,67,113,80,115,19,75" hai3="47,53,59,57,72,3,65,29,97,46,17,100,74"/><T0/><D112/><U27/><E68/><V117/><F117/><W18/><G3/><T103/><D79/><U41/><E14/><V39/><F30/><W62/><G29/><T24/><D90/><U31/><E76/><V78/><F67/><W122/><G122/><T21/><D130/><U10/><E10/><V135/><F135/><W43/><G72/><T25/><D0/><U85/><REACH who="1" step="1"/><E134/><REACH who="1" ten="250,240,250,250" step="2"/><V22/><F9/><W109/><G109/><T7/><D13/><U66/><E66/><V93/><REACH who="2" step="1"/><F98/><REACH who="2" ten="250,240,240,250" step="2"/><W1/><G97/><T111/><D111/><U61/><E61/><V40/><F40/><W15/><G43/><T32/><D32/><U88/><E88/><V87/><F87/><W6/><G62/><T34/><D34/><U73/><E73/><V104/><F104/><W106/><G65/><T58/><D127/><U96/><E96/><V12/><AGARI ba="0,2" hai="12,19,22,36,38,39,75,78,80,93,95,113,114,115" machi="12" ten="40,2700,0" yaku="1,1,0,1,53,0" doraHai="54" doraHaiUra="37" who="2" fromWho="2" sc="250,-13,240,-7,240,47,250,-7" /><INIT seed="1,0,0,5,2,121" ten="237,233,287,243" oya="1" hai0="67,11,44,108,40,27,4,51,84,124,28,53,83" hai1="59,119,82,31,77,113,78,103,75,6,36,26,64" hai2="110,111,132,104,120,133,3,115,127,79,55,107,41" hai3="25,34,102,70,38,118,46,90,114,92,129,54,7"/><U63/><E119/><V93/><F3/><W126/><G118/><T48/><D124/><U122/><E122/><V135/><F120/><W24/><G114/><T52/><D67/><U96/><E113/><V62/><F115/><W72/><G126/><T21/><D108/><N who="2" m="41514" /><F127/><W18/><G72/><T19/><D28/><U15/><E36/><V105/><F79/><W9/><G70/><T2/><REACH who="0" step="1"/><D48/><REACH who="0" ten="227,233,287,243" step="2"/><U39/><E39/><V65/><F41/><W98/><G38/><T106/><D106/><U43/><E64/><V66/><F93/><W101/><G92/><T74/><D74/><U29/><E75/><V131/><F131/><W125/><G129/><T71/><D71/><U47/><E63/><V50/><F62/><W60/><G60/><T94/><D94/><U58/><E77/><AGARI ba="0,1" hai="2,4,11,19,21,27,40,44,51,52,53,77,83,84" machi="77" ten="30,3900,0" yaku="1,1,7,1,54,1,53,0" doraHai="121" doraHaiUra="86" who="0" fromWho="1" sc="227,49,233,-39,287,0,243,0" /><INIT seed="2,0,0,3,0,47" ten="276,194,287,243" oya="2" hai0="90,57,58,36,105,8,73,126,75,130,16,2,119" hai1="50,53,3,35,22,110,68,41,67,10,95,114,33" hai2="80,59,129,46,96,94,64,18,102,39,84,86,0" hai3="52,44,15,123,66,77,60,98,113,83,65,117,103"/><V38/><F129/><W118/><G123/><T4/><D36/><U14/><E114/><V109/><F0/><W13/><G113/><T62/><D130/><U111/><E41/><V5/><F5/><W49/><G118/><T116/><D105/><U61/><E3/><V124/><F124/><W32/><G32/><T27/><D126/><U19/><E95/><V101/><F109/><W125/><G125/><T99/><D90/><U132/><E132/><V72/><F102/><W1/><G1/><T40/><D99/><U24/><E111/><V91/><F18/><W23/><G23/><N who="0" m="13799" /><D40/><U131/><E131/><V112/><F112/><W122/><G122/><T56/><D62/><U63/><E63/><V92/><F64/><W9/><G9/><T29/><D29/><U69/><E69/><V81/><F59/><W85/><G117/><AGARI ba="0,0" hai="2,4,8,56,57,58,73,75,116,117,119" m="13799" machi="117" ten="30,2000,0" yaku="12,1,54,1" doraHai="47" who="0" fromWho="3" sc="276,20,194,0,287,0,243,-20" /><INIT seed="3,0,0,2,1,67" ten="296,194,287,223" oya="3" hai0="61,38,104,91,79,15,43,125,57,103,26,0,83" hai1="11,116,110,106,88,6,51,20,135,75,40,93,105" hai2="109,86,131,118,100,25,55,94,74,27,81,36,66" hai3="71,17,8,9,99,78,12,126,82,30,77,121,22"/><W98/><G121/><T132/><D0/><U119/><E75/><V32/><F118/><N who="1" m="45097" /><E110/><V111/><F36/><W89/><G126/><T128/><D125/><U31/><E135/><V87/><F131/><W18/><G71/><T54/><D128/><U112/><E112/><V24/><F32/><W70/><G70/><T33/><D91/><U46/><E20/><V59/><F66/><W129/><G129/><T76/><D15/><N who="1" m="5623" /><E31/><V5/><F5/><W28/><G89/><T122/><D26/><U52/><E40/><V42/><F42/><W13/><G82/><T114/><D33/><U53/><E53/><V50/><F74/><W64/><G64/><T133/><D114/><U107/><E107/><V130/><F130/><W60/><G60/><T63/><D63/><U39/><E39/><V3/><F3/><W16/><G17/><T48/><D38/><U123/><E123/><V92/><F81/><W101/><G22/><T14/><D14/><U127/><E127/><V117/><F117/><W69/><G69/><T90/><D122/><U62/><E62/><V41/><F41/><W4/><G4/><T124/><D124/><U84/><AGARI ba="0,0" hai="46,51,52,84,88,93,105,106" m="5623,45097" machi="84" ten="30,4000,0" yaku="12,1,54,2" doraHai="67" who="1" fromWho="1" sc="296,-10,194,40,287,-10,223,-20" /><INIT seed="4,0,0,2,1,112" ten="286,234,277,203" oya="0" hai0="60,35,47,32,91,33,6,77,126,58,30,9,83" hai1="103,68,78,75,82,69,17,27,61,79,49,39,107" hai2="20,57,1,125,29,0,46,85,118,131,31,7,71" hai3="8,130,43,54,111,133,127,13,92,105,119,18,98"/><T59/><D126/><U115/><E39/><V42/><F71/><W121/><G111/><T28/><D91/><U73/><E115/><V102/><F125/><W38/><G127/><T19/><D19/><U53/><E61/><V100/><F131/><W16/><G130/><T123/><D47/><U10/><E103/><V5/><F57/><W45/><G133/><T15/><D123/><U113/><E107/><V64/><F64/><W37/><G121/><T132/><D132/><U87/><E113/><V67/><F67/><W128/><G128/><T70/><D70/><U2/><E2/><V25/><F31/><W50/><G105/><T86/><REACH who="0" step="1"/><D59/><REACH who="0" ten="276,234,277,203" step="2"/><U40/><E68/><V81/><F46/><W62/><G18/><T74/><D74/><U84/><E69/><V122/><F122/><W26/><G26/><T65/><AGARI ba="0,1" hai="6,9,15,28,30,32,33,35,58,60,65,77,83,86" machi="65" ten="30,3000,0" yaku="1,1,0,1,53,0" doraHai="112" doraHaiUra="21" who="0" fromWho="0" sc="276,40,234,-10,277,-10,203,-10" owari="316,41.6,224,-17.6,267,6.7,193,-30.7" /></mjloggm>