<mjloggm ver="2.3"><GO type="225" lobby="0"/><UN n0="%E3%81%B2%E3%81%AA%E3%81%AE%E3%82%8A%E3%81%8F" n1="%E3%81%86%E3%83%BC%E3%81%B1%E3%83%BC" n2="%E3%83%A9%E3%83%96%E3%83%AC%E3%83%BC" n3="%E7%AD%89%E3%80%85%E5%8A%9B%E5%8A%87%E5%A0%B4" dan="17,16,18,16" rate="2203.34,2111.15,2243.43,2118.26" sx="M,M,M,M"/><TAIKYOKU oya="0"/><INIT seed="0,0,0,3,1,81" ten="250,250,250,250" oya="0" hai0="124,121,42,97,33,32,83,3,34,78,59,133,99" hai1="21,69,67,13,17,92,40,86,4,45,18,60,0" hai2="68,28,73,57,87,62,12,90,104,88,26,102,108" hai3="119,95,1,20,76,29,65,6,74,72,93,89,44"/><T56/><D121/><U51/><E0/><V48/><F73/><W2/><G65/><T116/><D116/><U24/><E4/><V128/><F108/><W132/><G44/><T117/><D117/><U7/><E7/><V85/><F68/><W55/><G6/><T53/><D3/><U25/><REACH who="1" step="1"/><E18/><REACH who="1" ten="250,240,250,250" step="2"/><V80/><F128/><W43/><G1/><T30/><D133/><U35/><E35/><V91/><F12/><W100/><G132/><T103/><D34/><U82/><E82/><V105/><F80/><W64/><G2/><T120/><D33/><U16/><E16/><V61/><F28/><W114/><G29/><T38/><D120/><U22/><E22/><V96/><F26/><W129/><G20/><T84/><D30/><U54/><E54/><V126/><F126/><W66/><G55/><T106/><D32/><U14/><E14/><V71/><F71/><W63/><G119/><T127/><D53/><U23/><E23/><V36/><F57/><W47/><G129/><T52/><D127/><U75/><E75/><V130/><F130/><W50/><G74/><T58/><D124/><U112/><E112/><V9/><F9/><W37/><G72/><T107/><D42/><U8/><E8/><V46/><F46/><W101/><G47/><T70/><D70/><U15/><E15/><V49/><F36/><W27/><G37/><T5/><D38/><U109/><E109/><V41/><F41/><W131/><G43/><T113/><D5/><U123/><E123/><V77/><F105/><W134/><G131/><T39/><D39/><U115/><E115/><RYUUKYOKU ba="0,1" sc="250,-10,240,30,250,-10,250,-10" hai1="13,17,21,24,25,40,45,51,60,67,69,86,92" /><INIT seed="1,1,1,5,0,27" ten="240,270,240,240" oya="1" hai0="115,125,2,62,116,46,129,109,28,29,33,124,93" hai1="66,54,0,51,35,89,104,18,74,31,83,39,80" hai2="118,65,92,42,50,95,40,38,17,119,44,75,86" hai3="9,130,99,122,67,1,73,68,43,30,16,3,71"/><U48/><E39/><V63/><F75/><W72/><G122/><T8/><D115/><U64/><E104/><V56/><F38/><W5/><G130/><T128/><D116/><U37/><E0/><V133/><F133/><W25/><G1/><T15/><D2/><U61/><E37/><V132/><F132/><W22/><G43/><T102/><D109/><U6/><E6/><V47/><F119/><W36/><G36/><T121/><D121/><U11/><E74/><V60/><F118/><W127/><G127/><N who="0" m="48715" /><D46/><N who="2" m="17450" /><F50/><N who="1" m="18985" /><E35/><V23/><F63/><W70/><G67/><N who="1" m="25642" /><E89/><N who="2" m="53303" /><F95/><W88/><G88/><T105/><D105/><U97/><E97/><V34/><F34/><W13/><REACH who="3" step="1"/><G99/><REACH who="3" ten="240,270,240,230" step="2"/><N who="0" m="59759" /><D33/><AGARI ba="1,2" hai="3,5,9,13,16,22,25,30,33,68,70,71,72,73" machi="33" ten="40,8000,1" yaku="1,1,24,2,52,1,54,1,53,0" doraHai="27" doraHaiUra="135" who="3" fromWho="0" sc="240,-83,270,0,240,0,230,103" /><INIT seed="2,0,0,2,5,132" ten="157,270,240,333" oya="2" hai0="43,72,18,60,89,83,103,16,27,8,29,106,19" hai1="36,84,129,34,94,113,66,54,55,120,71,45,32" hai2="52,38,96,92,77,97,44,102,76,105,48,88,64" hai3="93,119,53,99,81,118,14,49,22,21,123,1,63"/><V73/><F38/><W78/><G1/><T131/><D131/><U30/><E113/><V114/><F114/><W25/><G123/><T98/><D43/><U51/><E36/><V50/><F64/><W10/><G63/><T24/><D60/><U15/><E71/><V124/><F124/><W107/><G107/><T122/><D122/><U116/><E66/><V35/><F35/><W101/><G25/><T65/><D65/><U12/><E116/><V5/><F5/><W41/><G41/><T69/><D69/><U108/><E108/><V85/><F73/><W3/><G3/><T127/><D8/><U42/><E129/><V91/><F50/><W112/><G112/><T125/><D27/><U26/><E34/><V126/><F126/><W58/><G119/><T100/><D103/><U117/><E117/><V4/><F4/><W86/><REACH who="3" step="1"/><G118/><REACH who="3" ten="157,270,240,323" step="2"/><T17/><N who="0" m="4096" /><DORA hai="57" /><T68/><D68/><U56/><E42/><V95/><AGARI ba="0,1" hai="44,48,52,76,77,85,88,91,92,95,96,97,102,105" machi="95" ten="20,7800,0" yaku="0,1,7,1,54,2" doraHai="132,57" who="2" fromWho="2" sc="157,-26,270,-26,240,88,323,-26" /><INIT seed="2,1,0,0,0,44" ten="131,244,328,297" oya="2" hai0="101,75,4,17,62,97,78,110,14,112,63,117,82" hai1="61,6,77,132,46,111,100,60,126,8,26,1,41" hai2="67,83,43,102,24,13,118,128,65,30,64,73,105" hai3="93,0,116,68,36,23,59,127,69,70,35,28,3"/><V20/><F118/><W11/><G35/><T42/><D110/><U76/><E111/><V39/><F39/><W114/><G116/><T123/><D123/><U134/><E100/><V37/><F37/><W96/><G36/><T45/><D112/><U57/><E26/><V91/><F43/><W84/><G127/><T103/><D4/><U108/><E108/><V119/><F128/><W98/><G114/><T18/><D103/><U51/><E61/><V120/><F120/><W88/><G28/><T135/><D135/><N who="1" m="51755" /><E126/><V49/><F119/><W129/><G129/><T38/><D117/><U2/><E2/><V131/><F102/><W10/><G0/><T12/><D12/><U121/><E121/><V34/><F105/><W115/><G3/><T113/><D113/><U7/><E6/><V29/><F29/><W58/><G115/><T53/><D53/><AGARI ba="1,0" hai="1,7,8,41,46,51,53,57,60,76,77" m="51755" machi="53" ten="30,2000,0" yaku="20,1,52,1" doraHai="44" who="1" fromWho="0" sc="131,-23,244,23,328,0,297,0" /><INIT seed="3,0,0,2,4,131" ten="108,267,328,297" oya="3" hai0="36,2,38,115,63,102,14,7,68,75,85,34,4" hai1="49,103,28,0,15,23,113,16,50,21,18,93,8" hai2="88,133,57,90,127,71,104,98,66,59,33,101,3" hai3="78,134,126,79,65,122,120,129,45,132,89,117,92"/><W1/><G1/><T112/><D85/><U77/><E113/><V56/><F3/><W26/><G65/><T12/><D2/><U52/><E77/><N who="3" m="29194" /><G45/><T27/><D102/><U47/><E0/><V70/><F127/><W31/><G26/><T105/><D105/><U94/><E103/><V95/><F33/><W51/><G51/><T30/><D27/><N who="1" m="16495" /><E49/><V119/><F119/><W124/><G31/><T130/><D130/><U44/><E44/><V64/><F71/><W43/><G43/><T99/><D99/><U19/><E19/><V32/><F66/><W91/><G117/><T76/><D76/><U118/><E118/><V87/><F64/><W13/><G13/><AGARI ba="0,0" hai="8,13,15,16,18,23,47,50,52,93,94" m="16495" machi="13" ten="30,3900,0" yaku="8,1,54,2" doraHai="131" who="1" fromWho="3" sc="108,0,267,39,328,0,297,-39" owari="108,-39.2,306,10.6,328,42.8,258,-14.2" /></mjloggm>