<mjloggm ver="2.3"><GO type="225" lobby="0"/><UN n0="%4B%2E%32%2E%4B%2E" n1="%33%74%72%65%65" n2="%E3%81%B5%E3%81%98%E3%81%8B%E3%81%A4" n3="%E3%81%8B%E3%82%8F%E3%81%A1%E3%82%83%E3%82%93%35%38" dan="16,16,16,17" rate="2127.08,2108.09,2115.73,2188.09" sx="M,F,M,M"/><TAIKYOKU oya="0"/><INIT seed="0,0,0,3,4,116" ten="250,250,250,250" oya="0" hai0="7,108,47,3,75,102,134,15,14,43,69,68,118" hai1="78,44,104,0,80,88,20,19,54,52,87,38,90" hai2="126,31,129,59,5,110,128,83,6,22,58,107,24" hai3="23,130,10,72,35,48,29,113,117,57,125,32,30"/><T51/><D118/><U112/><E0/><V62/><F107/><W77/><G57/><T71/><D134/><U53/><E104/><V16/><F126/><W17/><G48/><T65/><D75/><U114/><E38/><V70/><F110/><W106/><G77/><T132/><D132/><U135/><E44/><V55/><F70/><W81/><G81/><T34/><D34/><N who="3" m="12841" /><G72/><T28/><D28/><N who="3" m="10857" /><G106/><T76/><D76/><U119/><E119/><V56/><F83/><W12/><G117/><T61/><D108/><U111/><E111/><V64/><F31/><W123/><G113/><N who="1" m="43626" /><E135/><V105/><F105/><W63/><G63/><T60/><D102/><U37/><E37/><V115/><F115/><W109/><G109/><T40/><D40/><U93/><E93/><V122/><F122/><W1/><G125/><T8/><REACH who="0" step="1"/><D71/><REACH who="0" ten="240,250,250,250" step="2"/><U67/><E67/><AGARI ba="0,1" hai="3,7,8,14,15,43,47,51,60,61,65,67,68,69" machi="67" ten="40,7700,0" yaku="1,1,2,1,9,1,53,0" doraHai="116" doraHaiUra="94" who="0" fromWho="1" sc="240,87,250,-77,250,0,250,0" /><INIT seed="0,1,0,0,3,102" ten="327,173,250,250" oya="0" hai0="108,85,103,111,116,120,78,42,93,10,34,109,71" hai1="4,29,33,23,118,68,21,59,47,43,69,74,87" hai2="131,25,133,119,128,79,115,77,9,8,44,65,122" hai3="76,19,62,6,32,0,51,18,105,63,107,97,48"/><T38/><D116/><U46/><E74/><V13/><F122/><W2/><G97/><N who="0" m="59823" /><D120/><U130/><E118/><V28/><F119/><W16/><G6/><T53/><D71/><U124/><E33/><V112/><F65/><W49/><G76/><T14/><D34/><U83/><E130/><N who="2" m="49707" /><F44/><W86/><G86/><T88/><D53/><U39/><E124/><V24/><F133/><W57/><G32/><T113/><D113/><N who="2" m="43594" /><F28/><W89/><G89/><T72/><D42/><U99/><E47/><V92/><F92/><W54/><REACH who="3" step="1"/><G62/><REACH who="3" ten="327,173,250,240" step="2"/><T129/><D129/><U114/><E87/><V135/><F79/><W134/><G134/><T91/><D85/><U55/><E114/><V95/><F77/><W26/><G26/><T36/><D78/><U41/><E83/><V117/><F135/><W127/><G127/><T20/><D72/><U90/><E90/><N who="0" m="34345" /><D20/><U1/><E23/><V45/><F117/><W98/><G98/><T61/><D61/><U67/><E99/><V80/><F80/><W100/><G100/><T66/><D66/><U64/><E64/><V11/><F95/><W110/><G110/><T15/><D15/><U94/><E94/><V82/><F82/><W31/><G31/><T123/><D123/><U17/><E29/><V126/><F126/><W12/><G12/><T125/><D125/><U50/><E67/><V73/><F73/><W40/><G40/><T22/><D22/><U121/><E43/><V35/><F35/><W60/><G60/><T132/><D132/><U58/><E121/><V96/><F13/><W56/><G56/><T3/><D14/><RYUUKYOKU ba="1,1" sc="327,15,173,-15,250,-15,240,15" hai0="3,10,36,38,108,109,111" hai3="0,2,16,18,19,48,49,51,54,57,63,105,107" /><INIT seed="0,2,1,5,3,0" ten="342,158,235,255" oya="0" hai0="54,113,90,94,16,17,55,99,125,53,128,97,57" hai1="67,96,10,74,111,132,77,49,70,86,8,87,106" hai2="35,105,33,2,129,91,119,65,92,78,85,62,76" hai3="123,122,118,130,59,27,21,3,63,69,72,104,100"/><T135/><D125/><U11/><E111/><V98/><F2/><W131/><G72/><T89/><D128/><N who="3" m="49193" /><G118/><T28/><D135/><U47/><E132/><V134/><F129/><W20/><G69/><T80/><D113/><U58/><E70/><V25/><F134/><W107/><G3/><T37/><D37/><U39/><E39/><V120/><F120/><N who="3" m="46123" /><G100/><T84/><D28/><U126/><E126/><V71/><F119/><W60/><G60/><T9/><D9/><U51/><E74/><V83/><F105/><N who="3" m="40523" /><G27/><T115/><D115/><U82/><E87/><V15/><F15/><W121/><N who="3" m="46131" /><W66/><AGARI ba="2,1" hai="20,21,59,63,66" m="40523,46131,49193" machi="66" ten="50,6400,0" yaku="4,1,19,1,13,1" doraHai="0" who="3" fromWho="3" sc="342,-34,158,-18,235,-18,255,80" /><INIT seed="1,0,0,5,1,50" ten="308,140,217,335" oya="1" hai0="100,26,115,12,7,53,54,80,90,95,111,108,29" hai1="38,32,125,21,9,102,39,67,124,35,72,132,5" hai2="61,10,2,106,79,91,128,71,16,25,33,107,22" hai3="34,15,19,36,13,40,105,81,6,68,85,121,17"/><U98/><E72/><V83/><F128/><W76/><G121/><T4/><D115/><U3/><E67/><V62/><F91/><W70/><G34/><N who="1" m="12842" /><E21/><V93/><F93/><W47/><G6/><T1/><D1/><U87/><E87/><V119/><F119/><W37/><G105/><T114/><D100/><U110/><E132/><V134/><F134/><W117/><G117/><T75/><D80/><U122/><E122/><V66/><F62/><W11/><REACH who="3" step="1"/><G37/><REACH who="3" ten="308,140,217,325" step="2"/><N who="1" m="13834" /><E110/><V8/><F33/><W92/><G92/><T45/><D111/><U48/><E48/><V27/><F106/><AGARI ba="0,1" hai="3,5,9,98,102,106,124,125" m="13834,12842" machi="106" ten="30,1500,0" yaku="23,1" doraHai="50" who="1" fromWho="2" sc="308,0,140,25,217,-15,325,0" /><INIT seed="1,1,0,1,4,37" ten="308,165,202,325" oya="1" hai0="117,77,120,130,125,27,96,103,16,71,43,128,93" hai1="54,127,50,62,29,22,97,5,39,70,45,9,68" hai2="19,11,15,64,107,74,101,60,110,47,129,102,87" hai3="13,115,85,66,122,91,92,38,34,132,67,114,33"/><U113/><E113/><V98/><F110/><W100/><G38/><T72/><D117/><U80/><E127/><V36/><F129/><N who="0" m="49770" /><D71/><U131/><E131/><V134/><F134/><W73/><G122/><T53/><D120/><U116/><E116/><V86/><F101/><W118/><G118/><T90/><D125/><U84/><E97/><V65/><F74/><W24/><G73/><T88/><D53/><U2/><E62/><V23/><F11/><W40/><G40/><T99/><D99/><U20/><E39/><V89/><F60/><W31/><G33/><T133/><D133/><U55/><E55/><V59/><F59/><W35/><G132/><T25/><D43/><U48/><E48/><V111/><F111/><W123/><G123/><T41/><D41/><U126/><E126/><V6/><F6/><W12/><G100/><T26/><D16/><U106/><E106/><V51/><F36/><W42/><G42/><T3/><D3/><U0/><E0/><V63/><F63/><W124/><G124/><T112/><D112/><U76/><REACH who="1" step="1"/><E29/><REACH who="1" ten="308,155,202,325" step="2"/><V4/><F107/><W79/><G115/><T21/><D96/><U32/><E32/><V135/><F135/><W83/><G35/><T121/><D121/><U95/><E95/><N who="2" m="56687" /><F102/><W7/><G114/><T49/><D49/><U14/><E14/><N who="2" m="9719" /><F64/><W18/><G12/><T78/><D93/><U58/><E58/><V52/><F65/><W8/><G7/><T44/><D103/><U75/><E75/><V119/><F119/><W69/><G69/><AGARI ba="1,1" hai="2,5,9,20,22,45,50,54,68,69,70,76,80,84" machi="69" ten="40,2000,0" yaku="1,1,53,0" doraHai="37" doraHaiUra="105" who="1" fromWho="3" sc="308,0,155,33,202,0,325,-23" /><INIT seed="1,2,0,0,0,46" ten="308,188,202,302" oya="1" hai0="18,34,19,82,113,8,15,108,27,68,9,112,72" hai1="49,48,21,57,81,47,130,116,16,66,118,121,65" hai2="74,88,111,99,61,35,73,55,119,60,78,95,86" hai3="23,91,42,104,93,58,131,7,103,126,107,44,52"/><U41/><E121/><V128/><F119/><W132/><G103/><T114/><D68/><U36/><E130/><V106/><F35/><W51/><G131/><T105/><D105/><U31/><E31/><V0/><F0/><W94/><G94/><T2/><D72/><U71/><E81/><N who="2" m="45271" /><F128/><W129/><G129/><T102/><D102/><U43/><E21/><V13/><F13/><W56/><G132/><T30/><D108/><U6/><E6/><V115/><F73/><W122/><G122/><T127/><D127/><U50/><E16/><V89/><F111/><W62/><G126/><T64/><D64/><N who="1" m="24683" /><E71/><V3/><F3/><W29/><G7/><N who="0" m="1143" /><D82/><U124/><E124/><V87/><F115/><W97/><REACH who="3" step="1"/><G58/><REACH who="3" ten="308,188,202,292" step="2"/><T26/><D26/><AGARI ba="2,1" hai="23,26,29,42,44,51,52,56,62,91,93,97,104,107" machi="26" ten="40,8000,1" yaku="1,1,2,1,52,1,54,1,53,1" doraHai="46" doraHaiUra="92" who="3" fromWho="0" sc="308,-86,188,0,202,0,292,96" /><INIT seed="2,0,0,5,1,124" ten="222,188,202,388" oya="2" hai0="6,122,52,114,39,104,128,126,98,85,5,118,97" hai1="110,123,112,37,54,72,9,27,127,87,57,33,83" hai2="51,53,94,102,105,103,135,130,119,77,106,79,109" hai3="68,129,43,96,56,116,84,22,28,11,15,76,89"/><V4/><F119/><W71/><G116/><T74/><D118/><U117/><E117/><RYUUKYOKU type="kaze4" ba="0,0" sc="222,0,188,0,202,0,388,0" /><INIT seed="2,1,0,1,0,42" ten="222,188,202,388" oya="2" hai0="48,99,106,0,23,84,52,77,87,40,128,41,58" hai1="125,114,76,115,36,2,25,109,70,22,13,4,27" hai2="102,32,123,49,26,108,127,110,95,98,75,14,66" hai3="101,88,57,93,38,132,59,34,56,119,9,17,134"/><V65/><F123/><W63/><G119/><T73/><D0/><U19/><E70/><V55/><F75/><W104/><G38/><T53/><D128/><U117/><E76/><V89/><F127/><W44/><G34/><T83/><D106/><U94/><E36/><V24/><F14/><N who="3" m="7375" /><G101/><T122/><D122/><U118/><E94/><V54/><F32/><W92/><G104/><T100/><D100/><U111/><E2/><V15/><F15/><W29/><G29/><T8/><D99/><U129/><E129/><V10/><F10/><W62/><G44/><N who="0" m="27783" /><D73/><U72/><E72/><V67/><F102/><W45/><G45/><T30/><D87/><U21/><E125/><V69/><F69/><W11/><G11/><T131/><D8/><N who="1" m="4231" /><E118/><V28/><F28/><W112/><G112/><N who="1" m="43050" /><E117/><V37/><F37/><W46/><G46/><T51/><D131/><U103/><E103/><V121/><F121/><W1/><G1/><T68/><D68/><U6/><E6/><V82/><F24/><AGARI ba="1,0" hai="23,24,30,40,41,51,52,58,77,83,84" m="27783" machi="24" ten="30,3900,0" yaku="8,1,52,1,54,1" doraHai="42" who="0" fromWho="2" sc="222,42,188,0,202,-42,388,0" /><INIT seed="3,0,0,3,4,43" ten="264,188,160,388" oya="3" hai0="66,123,120,32,47,113,69,95,2,14,39,20,45" hai1="44,53,124,104,115,85,121,70,131,93,126,97,6" hai2="74,89,119,57,52,129,125,109,111,80,55,19,87" hai3="64,60,0,84,86,1,92,30,106,79,51,36,78"/><W110/><G51/><T75/><D32/><U17/><E121/><V42/><F119/><W58/><G92/><T107/><D107/><U77/><E115/><V135/><F74/><W61/><G30/><T63/><D2/><U105/><E70/><V98/><F125/><N who="1" m="48233" /><E131/><V28/><F129/><W35/><G58/><T90/><D75/><U67/><E67/><V132/><F28/><W94/><G94/><T133/><D133/><N who="2" m="51274" /><F98/><W37/><G64/><T54/><D39/><U96/><E6/><V8/><F42/><W108/><G35/><T24/><D14/><U128/><E128/><V88/><F89/><W46/><G46/><T50/><D113/><U29/><E29/><V41/><F41/><W76/><G76/><T21/><D21/><U81/><E17/><V3/><F55/><W102/><G102/><T73/><D73/><U91/><E97/><V59/><F59/><W27/><G27/><T99/><REACH who="0" step="1"/><D45/><REACH who="0" ten="254,188,160,388" step="2"/><U5/><E105/><AGARI ba="0,1" hai="0,1,36,37,60,61,78,79,84,86,105,106,108,110" machi="105" ten="25,2400,0" yaku="22,2" doraHai="43" who="3" fromWho="1" sc="254,0,188,-24,160,0,388,34" owari="254,5.4,164,-23.6,160,-34.0,422,52.2" /></mjloggm>