<mjloggm ver="2.3"><GO type="225" lobby="0"/><UN n0="%E6%80%AA%E3%81%97%E3%81%99%E3%81%8E%E3%82%8B%E3%83%81%E3%83%BC" n1="%4E%49%4A%49%49%52%4F" n2="%66%67%67%68%68%64%66" n3="%E3%82%B8%E3%83%A3%E3%83%9E%E3%83%BC%E3%83%AB%E3%83%9E%E3%83%AC%E3%83%BC" dan="16,16,16,17" rate="2189.00,2194.85,2076.75,2193.28" sx="M,M,M,M"/><TAIKYOKU oya="0"/><INIT seed="0,0,0,0,4,94" ten="250,250,250,250" oya="0" hai0="2,77,78,125,97,42,84,126,110,102,107,33,135" hai1="96,29,66,24,124,103,85,87,100,0,111,109,17" hai2="57,95,4,60,47,80,119,59,11,122,130,131,123" hai3="132,5,41,25,22,99,1,19,113,52,20,134,34"/><T117/><D117/><U115/><E0/><V116/><F95/><W37/><G113/><T3/><D33/><U12/><E115/><V21/><F21/><W53/><G34/><T16/><D135/><N who="3" m="51753" /><G20/><T114/><D114/><U32/><E124/><N who="0" m="47721" /><D110/><N who="1" m="41995" /><E66/><N who="2" m="39183" /><F80/><W79/><G79/><N who="0" m="30219" /><D42/><U36/><E36/><V14/><F59/><W50/><G37/><T62/><D62/><U27/><E27/><V15/><F15/><W120/><G120/><N who="2" m="46121" /><F47/><N who="3" m="25967" /><G99/><T127/><D127/><U45/><E45/><V105/><F105/><W23/><G23/><T72/><D72/><U93/><E100/><V63/><F63/><W81/><G81/><T48/><D84/><U73/><E73/><V64/><F64/><W39/><G39/><T9/><D48/><U108/><N who="1" m="42003" /><U74/><DORA hai="54" /><E74/><V121/><N who="2" m="46129" /><V38/><DORA hai="68" /><F38/><W26/><G26/><T118/><D118/><AGARI ba="0,0" hai="4,11,14,116,118,119,130,131" m="46129,39183" machi="118" ten="50,3200,0" yaku="12,1,52,1" doraHai="94,54,68" who="2" fromWho="0" sc="250,-32,250,0,250,32,250,0" /><INIT seed="1,0,0,5,4,62" ten="218,250,282,250" oya="1" hai0="115,111,83,4,76,10,100,19,74,105,84,24,23" hai1="18,37,49,89,130,133,125,54,40,13,25,134,9" hai2="17,6,81,132,82,99,56,107,86,5,41,121,127" hai3="27,72,87,58,110,26,42,11,128,28,92,46,63"/><U20/><E125/><V114/><F114/><W55/><G72/><T113/><D111/><U120/><E120/><V3/><F121/><W75/><G110/><T59/><D84/><U101/><E130/><V65/><F127/><W48/><G75/><T129/><D129/><U66/><E66/><V93/><F107/><W64/><G128/><T112/><D59/><U30/><E101/><V124/><F124/><W78/><G11/><T38/><D38/><U21/><E89/><V103/><F132/><N who="1" m="50793" /><E40/><V97/><F3/><W106/><G106/><T135/><D135/><U1/><E37/><V53/><F97/><W44/><G28/><T96/><REACH who="0" step="1"/><D112/><REACH who="0" ten="208,250,282,250" step="2"/><U43/><E43/><V14/><F86/><W32/><G87/><T0/><AGARI ba="0,1" hai="0,4,10,19,23,24,74,76,83,96,100,105,113,115" machi="0" ten="20,5200,0" yaku="1,1,2,1,0,1,7,1,53,0" doraHai="62" doraHaiUra="47" who="0" fromWho="0" sc="208,62,250,-26,282,-13,250,-13" /><INIT seed="2,0,0,1,2,94" ten="270,224,269,237" oya="2" hai0="41,87,91,103,22,88,85,126,51,117,1,49,110" hai1="115,69,118,33,114,61,102,66,89,54,28,36,27" hai2="119,135,34,7,63,64,24,53,19,4,101,18,121" hai3="105,62,26,52,93,127,128,43,35,79,108,75,67"/><V16/><F119/><W111/><G105/><T57/><D1/><U9/><E118/><V47/><F121/><W83/><G128/><T112/><D110/><N who="3" m="42025" /><G127/><T50/><D112/><U29/><E29/><V71/><F135/><W132/><G132/><T74/><D74/><U55/><E36/><V96/><F34/><W123/><G43/><T82/><D126/><U78/><E78/><V32/><F53/><W86/><G52/><N who="0" m="31887" /><D117/><U31/><E31/><N who="2" m="19559" /><F47/><W76/><G76/><T72/><D72/><U45/><E89/><V2/><F2/><W3/><G3/><T133/><D133/><U65/><E65/><V58/><F58/><W122/><G75/><T97/><D22/><U15/><E55/><V113/><F113/><W6/><G35/><T73/><D73/><U92/><E54/><V23/><F23/><W0/><G0/><T13/><D13/><U38/><E45/><V77/><F77/><W129/><G122/><T109/><D41/><U134/><E134/><V56/><F56/><W106/><G79/><T95/><D109/><U81/><E38/><V37/><F37/><W60/><G123/><T25/><D25/><U48/><E48/><V17/><N who="2" m="4096" /><DORA hai="46" /><V14/><F14/><W125/><G26/><T90/><D90/><U5/><REACH who="1" step="1"/><E81/><AGARI ba="0,0" hai="50,51,81,82,85,87,88,91,95,97,103" m="31887" machi="81" ten="30,12000,2" yaku="8,1,52,4,54,2" doraHai="94,46" who="0" fromWho="1" sc="270,120,224,-120,269,0,237,0" /><INIT seed="3,0,0,1,4,65" ten="390,104,269,237" oya="3" hai0="5,23,120,86,13,73,110,133,3,39,22,43,107" hai1="20,126,76,97,8,109,69,125,44,83,82,78,49" hai2="102,89,58,93,92,79,47,118,88,114,37,57,131" hai3="38,108,30,7,19,2,18,75,26,66,54,53,99"/><W1/><G75/><T112/><D86/><U0/><E20/><V25/><F118/><W117/><G117/><T91/><D91/><U135/><E97/><V61/><F114/><W17/><G38/><T71/><D13/><U21/><E21/><V122/><F131/><W96/><G66/><T95/><D71/><U59/><E59/><V111/><F111/><W129/><G129/><T98/><D23/><U63/><E63/><V45/><F79/><W101/><G108/><T106/><D110/><U16/><E109/><V60/><F102/><W56/><G54/><T52/><D95/><U94/><E135/><V121/><F25/><W4/><G2/><T11/><D22/><U77/><E94/><V46/><F46/><W27/><G1/><T115/><D52/><U42/><E0/><V62/><F62/><W113/><G113/><N who="0" m="43595" /><D133/><U12/><E125/><V130/><F130/><W41/><G26/><T123/><D73/><U24/><E126/><V103/><F103/><W32/><G99/><T6/><D6/><U100/><E100/><V104/><F104/><N who="0" m="39978" /><D98/><U10/><E24/><V35/><F35/><W119/><G119/><T132/><D132/><U14/><REACH who="1" step="1"/><E69/><REACH who="1" ten="390,94,269,237" step="2"/><V36/><AGARI ba="0,1" hai="36,37,45,47,57,58,60,61,88,89,92,93,121,122" machi="36" ten="25,6400,0" yaku="0,1,22,2,54,1" doraHai="65" who="2" fromWho="2" sc="390,-16,94,-16,269,74,237,-32" owari="374,47.4,78,-42.2,343,14.3,205,-19.5" /></mjloggm>