<mjloggm ver="2.3"><GO type="225" lobby="0"/><UN n0="%4E%49%4A%49%49%52%4F" n1="%E3%81%B2%E3%81%AA%E3%81%AE%E3%82%8A%E3%81%8F" n2="%E5%B0%8F%E9%B3%A5%E9%81%8A%E7%B7%B4%E7%84%A1%32%31%E6%AD%B3" n3="%E3%82%BC%E3%83%AB%E3%83%80%E3%81%AE%E4%BC%9D%E8%AA%AC" dan="17,17,16,16" rate="2205.53,2221.49,2191.07,2204.53" sx="M,M,F,M"/><TAIKYOKU oya="0"/><INIT seed="0,0,0,4,5,15" ten="250,250,250,250" oya="0" hai0="41,117,7,23,114,86,69,71,25,107,99,65,18" hai1="56,5,11,80,27,97,45,22,47,50,112,113,1" hai2="44,12,2,105,121,19,77,14,94,33,49,4,123" hai3="93,42,129,38,60,134,58,34,24,125,70,128,108"/><T127/><D117/><U90/><E56/><V82/><F105/><W66/><G93/><T116/><D114/><N who="1" m="44139" /><E50/><V67/><F2/><W131/><G34/><T79/><D116/><U132/><E132/><V62/><F4/><W88/><G134/><T110/><D127/><U83/><E97/><V68/><F33/><W95/><G125/><T115/><D110/><U74/><E90/><V63/><F12/><W76/><G108/><T52/><D115/><U130/><E130/><V43/><F62/><W59/><G76/><T84/><D41/><U48/><E74/><V39/><F94/><W106/><G106/><T73/><D73/><U103/><E103/><V72/><REACH who="2" step="1"/><F39/><REACH who="2" ten="250,250,240,250" step="2"/><W51/><G24/><T9/><D107/><U61/><E61/><V13/><F13/><W64/><G38/><T40/><D7/><U30/><E47/><V21/><AGARI ba="0,1" hai="14,19,21,43,44,49,63,67,68,72,77,82,121,123" machi="21" ten="20,8000,1" yaku="1,1,0,1,7,1,52,1,53,1" doraHai="15" doraHaiUra="37" who="2" fromWho="2" sc="250,-40,250,-20,240,90,250,-20" /><INIT seed="1,0,0,2,0,23" ten="210,230,330,230" oya="1" hai0="40,48,35,11,89,122,111,94,108,100,61,54,98" hai1="120,91,80,127,96,9,63,67,132,42,104,59,77" hai2="43,119,88,7,130,37,66,34,22,112,78,13,92" hai3="21,16,116,75,31,47,129,50,123,62,106,20,6"/><U25/><E120/><V84/><F119/><W46/><G123/><T134/><D122/><U19/><E132/><V70/><F34/><W115/><G115/><T133/><D35/><U135/><E135/><N who="0" m="51721" /><D11/><U81/><E127/><V14/><F130/><W68/><G129/><T55/><D61/><U113/><E113/><V76/><F70/><W69/><G75/><T121/><D121/><U3/><E42/><V51/><F37/><W57/><G106/><T110/><D40/><U105/><E3/><V2/><F66/><W73/><G73/><T93/><D48/><U0/><E0/><V79/><F112/><W45/><G50/><T41/><D41/><U17/><E105/><V82/><F2/><W85/><G116/><T103/><D103/><U53/><E104/><V97/><F14/><W95/><G6/><T124/><D124/><U102/><E102/><V125/><F125/><W5/><G5/><T109/><N who="0" m="27648" /><DORA hai="114" /><T15/><D15/><N who="1" m="7407" /><E67/><V60/><F60/><W32/><G32/><T74/><D74/><U18/><E18/><V72/><F72/><W101/><G101/><T4/><D4/><U49/><E49/><V10/><REACH who="2" step="1"/><F22/><REACH who="2" ten="210,230,320,230" step="2"/><W126/><G21/><T26/><D26/><U118/><E118/><V87/><F87/><AGARI ba="0,1" hai="54,55,87,89,93,94,98,100" m="27648,51721" machi="87" ten="60,3900,0" yaku="20,1,14,1" doraHai="23,114" who="0" fromWho="2" sc="210,49,230,0,320,-39,230,0" /><INIT seed="2,0,0,2,3,70" ten="259,230,281,230" oya="2" hai0="89,34,64,20,54,66,130,118,39,129,73,100,91" hai1="29,86,117,41,62,121,134,114,88,69,116,23,4" hai2="109,44,57,27,65,45,60,92,80,0,123,77,22" hai3="128,110,25,36,67,99,85,59,63,53,132,19,83"/><V18/><F123/><W107/><G110/><T135/><D34/><U126/><E114/><V2/><F109/><W75/><G132/><T38/><D73/><U51/><E134/><V21/><F0/><W133/><G133/><T43/><D135/><U49/><E121/><V103/><F2/><W96/><G128/><N who="0" m="49259" /><D43/><U97/><E126/><V119/><F119/><W78/><G107/><T81/><D100/><U102/><E4/><V87/><F22/><N who="3" m="13535" /><G36/><N who="0" m="13867" /><D118/><U28/><E41/><V48/><F48/><N who="3" m="31143" /><G75/><T33/><D33/><U1/><E116/><V47/><F103/><W90/><G78/><T112/><D112/><U61/><E117/><V35/><F35/><W12/><G12/><T104/><D104/><U125/><E1/><V31/><REACH who="2" step="1"/><F92/><REACH who="2" ten="259,230,271,230" step="2"/><W68/><G63/><T58/><D20/><U26/><E62/><V30/><AGARI ba="0,1" hai="18,21,27,30,31,44,45,47,57,60,65,77,80,87" machi="30" ten="30,12000,1" yaku="1,1,2,1,0,1,8,1,53,1" doraHai="70" doraHaiUra="82" who="2" fromWho="2" sc="259,-40,230,-40,271,130,230,-40" /><INIT seed="2,1,0,5,5,114" ten="219,190,401,190" oya="2" hai0="77,68,24,101,51,35,46,31,63,6,37,95,120" hai1="42,13,74,12,5,47,106,98,59,27,60,26,34" hai2="30,52,39,123,28,22,99,130,66,107,8,17,85" hai3="102,129,7,25,73,21,64,124,83,71,14,3,109"/><V38/><F130/><W111/><G129/><T44/><D120/><U93/><E106/><V82/><F66/><W36/><G36/><T121/><D121/><U134/><E74/><V57/><F8/><W126/><G102/><T88/><D37/><U18/><E134/><V103/><F38/><W15/><G64/><T135/><D135/><U55/><E5/><V65/><F65/><W67/><G83/><T117/><D77/><U87/><E87/><V97/><F97/><W125/><G73/><T40/><D6/><U90/><E34/><V113/><F39/><W76/><G76/><T69/><D101/><U43/><E12/><N who="3" m="4650" /><G67/><T86/><D63/><U115/><E115/><V20/><F113/><W49/><G49/><T91/><D46/><U48/><REACH who="1" step="1"/><E43/><REACH who="1" ten="219,180,401,190" step="2"/><V0/><F107/><W33/><G33/><T100/><D100/><U122/><E122/><V89/><F123/><W133/><G133/><T70/><REACH who="0" step="1"/><D91/><REACH who="0" ten="209,180,401,190" step="2"/><U84/><E84/><V53/><F85/><W50/><G71/><T105/><D105/><U54/><E54/><V41/><F53/><W128/><G128/><T9/><D9/><AGARI ba="1,2" hai="9,13,18,26,27,42,47,48,55,59,60,90,93,98" machi="9" ten="30,3900,0" yaku="1,1,7,1,8,1,53,0" doraHai="114" doraHaiUra="61" who="1" fromWho="0" sc="209,-42,180,62,401,0,190,0" /><INIT seed="3,0,0,2,4,119" ten="167,242,401,190" oya="3" hai0="135,101,122,95,24,74,123,117,54,66,103,43,37" hai1="65,73,49,15,63,76,120,53,78,110,11,118,80" hai2="23,28,16,12,7,21,71,18,40,68,13,105,38" hai3="14,132,85,35,92,126,114,99,82,46,44,6,4"/><W79/><G114/><T89/><D117/><U5/><E118/><V61/><F7/><W109/><G35/><T30/><D74/><U86/><E110/><V88/><F28/><W45/><G109/><T55/><D66/><U72/><E120/><V9/><F105/><W39/><G126/><T29/><D43/><U36/><E36/><V90/><F9/><W0/><G132/><T107/><D37/><U102/><E102/><V127/><F127/><W87/><G0/><T60/><D135/><U113/><E113/><V34/><F34/><W128/><G128/><T62/><D95/><U2/><E2/><V8/><F8/><W104/><G39/><T31/><D89/><U121/><E76/><V33/><F33/><W1/><G1/><T19/><D19/><U26/><E121/><N who="0" m="46089" /><D24/><U64/><E26/><V47/><F61/><N who="0" m="23658" /><D107/><U75/><E63/><V27/><F27/><W106/><G106/><T116/><D116/><U111/><E111/><V93/><F90/><N who="3" m="55703" /><G104/><T56/><D56/><U94/><E94/><V58/><F58/><W57/><G57/><T125/><D125/><U97/><E72/><V77/><F77/><N who="3" m="46287" /><G14/><T134/><D134/><U41/><E73/><V98/><AGARI ba="0,0" hai="12,13,16,18,21,23,38,40,47,68,71,88,93,98" machi="98" ten="20,8000,1" yaku="0,1,7,1,9,1,54,2" doraHai="119" who="2" fromWho="2" sc="167,-20,242,-20,401,80,190,-40" owari="147,-35.3,222,2.2,481,58.1,150,-25.0" /></mjloggm>