<mjloggm ver="2.3"><GO type="225" lobby="0"/><UN n0="%E3%81%B6%E3%82%8B%E3%82%8B%E3%81%B6%E3%81%B6" n1="%E3%83%AD%E3%83%83%E3%83%86%E9%9B%80%E7%90%83" n2="%E3%81%8F%E3%82%8A%E3%83%94%E3%83%BC" n3="%E3%82%82%E3%81%90%E3%82%89" dan="16,17,16,17" rate="2089.36,2167.26,2083.24,2143.00" sx="M,M,M,M"/><TAIKYOKU oya="0"/><INIT seed="0,0,0,3,1,101" ten="250,250,250,250" oya="0" hai0="118,66,12,65,63,18,56,1,7,17,26,21,20" hai1="95,75,48,32,61,25,53,73,60,81,9,24,93" hai2="110,67,100,85,128,114,111,30,47,127,104,108,6" hai3="59,38,99,121,46,28,22,89,90,71,82,116,107"/><T122/><D122/><U133/><E133/><V84/><F114/><W76/><G71/><T62/><D118/><U35/><E9/><V43/><F127/><W102/><G116/><T15/><D1/><U4/><E48/><V42/><F128/><W29/><G121/><T131/><D131/><U37/><E81/><V23/><F6/><W103/><G103/><T115/><D115/><U132/><E4/><V44/><F67/><W120/><G120/><T129/><D129/><U41/><E132/><V113/><F113/><W27/><G29/><T13/><REACH who="0" step="1"/><D7/><REACH who="0" ten="240,250,250,250" step="2"/><U54/><REACH who="1" step="1"/><E37/><REACH who="1" ten="240,240,250,250" step="2"/><V40/><F110/><W125/><G38/><T11/><D11/><U88/><E88/><V68/><F108/><W3/><G90/><T91/><D91/><U112/><E112/><V117/><F111/><W74/><G89/><T33/><D33/><U87/><E87/><V72/><F85/><W126/><G126/><T8/><D8/><U135/><E135/><V57/><F84/><W34/><G125/><T70/><AGARI ba="0,2" hai="12,13,15,17,18,20,21,26,56,62,63,65,66,70" machi="70" ten="20,3900,0" yaku="1,1,0,1,7,1,53,0" doraHai="101" doraHaiUra="36" who="0" fromWho="0" sc="240,59,240,-13,250,-13,250,-13" /><INIT seed="0,1,0,4,4,118" ten="299,227,237,237" oya="0" hai0="58,79,102,122,17,87,97,60,55,77,8,85,0" hai1="131,33,24,113,92,63,99,70,64,16,134,32,83" hai2="133,75,47,98,15,67,37,108,72,103,61,76,128" hai3="28,41,91,95,6,69,93,107,115,35,104,31,11"/><T86/><D122/><U48/><E131/><V2/><F2/><W132/><G115/><T27/><D0/><U54/><E134/><V124/><F108/><W9/><G69/><T89/><D89/><U105/><E105/><V71/><F128/><W78/><G132/><T125/><D125/><U114/><E83/><V82/><F124/><W51/><G78/><T34/><D34/><U117/><E117/><V13/><F75/><W112/><G112/><N who="1" m="43114" /><E16/><V5/><F5/><W22/><G104/><T40/><D40/><U127/><E24/><V46/><F133/><W18/><G107/><T116/><D116/><U45/><E127/><V119/><F119/><W43/><G51/><T84/><N who="0" m="21504" /><DORA hai="74" /><T129/><D129/><U106/><E106/><V111/><F111/><W135/><G95/><N who="0" m="58687" /><D8/><U1/><E1/><V12/><REACH who="2" step="1"/><F37/><REACH who="2" ten="299,227,227,237" step="2"/><W14/><G135/><T94/><D94/><AGARI ba="1,1" hai="12,13,15,46,47,61,67,71,72,76,82,94,98,103" machi="94" ten="40,5200,0" yaku="1,1,2,1,52,1,53,0" doraHai="118,74" doraHaiUra="123,120" who="2" fromWho="0" sc="299,-55,227,0,227,65,237,0" /><INIT seed="1,0,0,1,1,107" ten="244,227,292,237" oya="1" hai0="67,60,49,20,91,34,83,9,127,5,66,6,23" hai1="36,52,41,76,126,17,93,125,92,1,7,73,115" hai2="88,46,118,47,87,130,56,26,54,12,112,82,104" hai3="129,50,133,13,37,24,22,113,95,70,117,27,103"/><U0/><E115/><V77/><F118/><W8/><G37/><T38/><D127/><N who="1" m="48651" /><E17/><V43/><F130/><W84/><G113/><T89/><D38/><U25/><E25/><V28/><F104/><W85/><G70/><T62/><D83/><N who="1" m="45455" /><E7/><V94/><F12/><W98/><G129/><T72/><D49/><U29/><E29/><V128/><F43/><W108/><G117/><T134/><D134/><U11/><E11/><V116/><F116/><W86/><G133/><T21/><D21/><U101/><E101/><V109/><F109/><W18/><G108/><T51/><D51/><U63/><E41/><V100/><F100/><W80/><G50/><T14/><D14/><U68/><E68/><V42/><F42/><W106/><G106/><T16/><D9/><U69/><E69/><V64/><F128/><W71/><G71/><T15/><D15/><U124/><N who="1" m="48659" /><U78/><DORA hai="65" /><E78/><V48/><F64/><W121/><G27/><T4/><D5/><U45/><E36/><V135/><F135/><W30/><REACH who="3" step="1"/><G121/><REACH who="3" ten="244,227,292,227" step="2"/><T10/><D62/><U90/><E45/><V97/><REACH who="2" step="1"/><F112/><REACH who="2" ten="244,227,282,227" step="2"/><W105/><G105/><T2/><D2/><U102/><E0/><V131/><F131/><W61/><G61/><T19/><D60/><U79/><E1/><V81/><F81/><AGARI ba="0,2" hai="8,13,18,22,24,30,80,81,84,85,86,95,98,103" machi="81" ten="40,2600,0" yaku="1,1,8,1,53,0" doraHai="107,65" doraHaiUra="58,74" who="3" fromWho="2" sc="244,0,227,0,282,-26,227,46" /><INIT seed="2,0,0,5,1,15" ten="244,227,256,273" oya="2" hai0="111,58,75,113,50,4,82,43,66,72,36,7,123" hai1="54,81,17,86,6,121,51,97,67,79,27,118,83" hai2="38,76,56,98,32,45,33,115,42,21,101,127,9" hai3="53,128,107,78,91,99,0,34,119,11,65,55,130"/><V31/><F115/><W25/><G119/><T39/><D113/><U60/><E121/><V22/><F127/><W71/><G78/><T63/><D111/><U40/><E118/><V90/><F76/><W116/><G116/><T85/><D123/><U3/><E40/><V24/><F90/><W70/><G0/><T10/><D50/><U35/><E83/><V117/><F117/><W104/><G11/><T102/><D102/><U131/><E131/><N who="3" m="50218" /><G91/><T110/><D110/><U87/><E87/><V134/><F134/><W47/><G47/><T108/><D108/><U68/><E97/><V48/><F9/><W14/><G14/><T5/><D10/><U69/><E69/><N who="3" m="26122" /><G65/><T84/><D84/><U135/><E135/><V61/><F21/><W106/><G99/><T37/><REACH who="0" step="1"/><D43/><REACH who="0" ten="234,227,256,273" step="2"/><U41/><E41/><V95/><REACH who="2" step="1"/><F48/><REACH who="2" ten="234,227,246,273" step="2"/><W125/><G125/><T18/><D18/><U13/><E51/><V120/><F120/><W12/><G34/><T16/><D16/><U129/><E17/><V103/><F103/><W19/><G25/><T57/><D57/><N who="1" m="34871" /><E27/><V100/><F100/><W23/><AGARI ba="0,2" hai="12,19,23,53,55,104,106,107" m="26122,50218" machi="23" ten="40,2700,0" yaku="19,1,52,1" doraHai="15" who="3" fromWho="3" sc="234,-7,227,-7,246,-13,273,47" /><INIT seed="3,0,0,5,0,33" ten="227,220,233,320" oya="3" hai0="26,102,25,117,41,21,79,130,3,100,63,83,39" hai1="97,53,77,46,80,23,34,58,106,20,69,128,72" hai2="32,1,110,62,108,82,38,121,105,81,74,96,17" hai3="36,87,109,123,54,122,44,65,68,27,31,55,70"/><W111/><G36/><T92/><D130/><U103/><E128/><V5/><F32/><W93/><G93/><T107/><D107/><U119/><E69/><N who="3" m="26730" /><G87/><T116/><D3/><U114/><E114/><V129/><F129/><W30/><G65/><T101/><D63/><U13/><E34/><V95/><F105/><W49/><G31/><T88/><D41/><U98/><E119/><N who="0" m="45641" /><D39/><U18/><E98/><V112/><F121/><N who="3" m="46091" /><G27/><T57/><D57/><U120/><E120/><V75/><F38/><W126/><G30/><T61/><D61/><U133/><E133/><V19/><F62/><W35/><G35/><T94/><D88/><U6/><E6/><V66/><F112/><W132/><G132/><T113/><D113/><U135/><E135/><V86/><F66/><W84/><G84/><N who="0" m="48255" /><D26/><U0/><E0/><V47/><F1/><W50/><G126/><T90/><D90/><U7/><E7/><V67/><F5/><W104/><G104/><T134/><D134/><U115/><E115/><V40/><F67/><W71/><G71/><T73/><D73/><U45/><E23/><V29/><F29/><W99/><G99/><T43/><D43/><U124/><E124/><V4/><F4/><W64/><G64/><T56/><D56/><AGARI ba="0,0" hai="44,49,50,54,55,56,109,111" m="46091,26730" machi="56" ten="40,3900,0" yaku="34,2" doraHai="33" who="3" fromWho="0" sc="227,-39,220,0,233,0,320,39" owari="188,-31.2,220,-18.0,233,3.3,359,45.9" /></mjloggm>