<mjloggm ver="2.3"><GO type="225" lobby="0"/><UN n0="%6D%75%75%73%61%6E%6D%75" n1="%E6%A1%9C%E8%8A%B1%E9%96%83%E3%80%85" n2="%E7%99%BD%E6%97%A5%E9%9B%AA%E8%8F%9C" n3="%E6%B0%B7%E5%B7%9D%E9%87%8C%E5%A5%88" dan="16,16,17,16" rate="2119.65,2197.70,2235.93,2089.47" sx="F,M,M,F"/><TAIKYOKU oya="0"/><INIT seed="0,0,0,1,0,15" ten="250,250,250,250" oya="0" hai0="32,45,6,19,53,62,93,96,111,41,107,20,78" hai1="115,81,112,51,88,77,48,13,125,60,116,87,134" hai2="50,40,114,124,120,26,23,99,38,103,42,67,3" hai3="72,12,85,126,43,5,59,90,11,76,109,44,54"/><T52/><D32/><U105/><E116/><V66/><F114/><N who="1" m="43561" /><E134/><V10/><F120/><W68/><G68/><T64/><D107/><U17/><E125/><V16/><F38/><W9/><G109/><T70/><D6/><U4/><E105/><V31/><F124/><W132/><G126/><T130/><D78/><U24/><E4/><V36/><F36/><W128/><G132/><T33/><D33/><U102/><E102/><V94/><F3/><W37/><G128/><T1/><D1/><U122/><E24/><V123/><F123/><W97/><G97/><T58/><D111/><U30/><E30/><V22/><F10/><W108/><G108/><T117/><D70/><U84/><E60/><V98/><F99/><W57/><G11/><T21/><D130/><U25/><E25/><N who="2" m="16823" /><F50/><W35/><G35/><T63/><D21/><N who="1" m="11439" /><E122/><V14/><F26/><W74/><G76/><T92/><D117/><U133/><E133/><V8/><F23/><W118/><G118/><T104/><D104/><U131/><E131/><V113/><F113/><W27/><G27/><N who="0" m="14751" /><D63/><U49/><E49/><V110/><F110/><W89/><G5/><T0/><D0/><U86/><E86/><V121/><F121/><W79/><G85/><T55/><D96/><U18/><E18/><V82/><F82/><AGARI ba="0,0" hai="48,51,77,81,82,84,87,88" m="11439,43561" machi="82" ten="30,3900,0" yaku="11,1,52,1,54,1" doraHai="15" who="1" fromWho="2" sc="250,0,250,39,250,-39,250,0" /><INIT seed="1,0,0,1,5,45" ten="250,289,211,250" oya="1" hai0="18,55,87,66,111,17,120,51,40,80,59,28,8" hai1="96,73,67,109,91,72,122,56,62,31,64,10,94" hai2="65,93,50,61,84,5,135,25,82,2,76,104,60" hai3="123,100,89,26,33,19,48,75,47,107,98,46,11"/><U35/><E122/><V44/><F104/><W20/><G123/><T92/><D120/><U41/><E109/><V68/><F135/><W101/><G75/><T15/><D111/><U37/><E67/><V121/><F121/><W58/><G33/><T27/><D92/><U125/><E125/><V38/><F38/><W39/><G39/><T99/><D99/><U13/><E41/><V127/><F127/><W86/><G101/><T23/><D66/><U113/><E113/><V42/><F61/><W118/><G118/><T115/><D40/><U57/><E57/><V29/><F93/><W130/><G130/><T97/><D97/><U134/><E37/><V7/><REACH who="2" step="1"/><F2/><REACH who="2" ten="250,289,201,250" step="2"/><W34/><G34/><AGARI ba="0,1" hai="5,7,25,29,34,42,44,50,60,65,68,76,82,84" machi="34" ten="30,7700,0" yaku="1,1,2,1,7,1,52,1,53,0" doraHai="45" doraHaiUra="14" who="2" fromWho="3" sc="250,0,289,0,201,87,250,-77" /><INIT seed="2,0,0,2,5,81" ten="250,289,288,173" oya="2" hai0="107,25,123,49,104,43,66,64,130,98,39,62,46" hai1="82,127,11,59,85,53,40,32,72,114,0,16,27" hai2="126,61,7,50,131,20,28,13,35,14,99,120,112" hai3="34,109,89,2,83,132,84,51,44,115,134,26,94"/><V125/><F112/><W38/><G115/><T118/><D123/><U54/><E114/><V52/><F120/><W19/><G109/><T108/><D108/><U24/><E72/><V93/><F35/><W63/><G2/><T75/><D75/><U18/><E127/><N who="2" m="48651" /><F61/><W113/><G113/><T70/><D130/><U3/><E40/><V88/><F7/><W73/><G38/><T86/><D118/><U74/><E74/><V96/><F131/><W48/><G73/><T80/><D66/><U97/><E97/><V67/><F67/><W105/><G105/><T128/><D98/><U110/><E53/><V6/><F6/><W21/><G34/><T47/><D25/><U106/><E106/><V12/><F99/><W33/><G33/><T23/><D23/><U87/><E110/><V8/><F8/><W60/><G83/><T129/><D129/><U15/><E32/><V31/><F20/><W77/><G77/><T117/><D117/><U55/><E55/><V41/><F41/><W56/><G56/><AGARI ba="0,0" hai="12,13,14,28,31,50,52,56,88,93,96" m="48651" machi="56" ten="30,5800,0" yaku="18,1,54,2" doraHai="81" who="2" fromWho="3" sc="250,0,289,0,288,58,173,-58" /><INIT seed="2,1,0,0,1,79" ten="250,289,346,115" oya="2" hai0="48,47,53,125,110,14,26,70,106,33,117,85,107" hai1="131,35,90,86,116,62,92,3,84,61,112,23,56" hai2="134,46,82,111,75,80,78,121,126,124,5,1,93" hai3="24,127,20,55,12,98,100,30,32,8,7,60,43"/><V9/><F121/><W123/><G123/><T71/><D110/><U49/><E116/><V105/><F105/><W21/><G127/><N who="2" m="48681" /><F134/><W63/><G43/><T41/><D125/><U28/><E35/><V104/><F104/><W50/><G32/><T81/><D117/><U10/><E112/><V72/><F111/><W2/><G2/><T122/><D122/><U132/><E131/><V108/><F108/><W74/><G74/><N who="2" m="28201" /><F78/><W25/><G98/><T119/><D106/><U40/><E84/><V73/><N who="2" m="28209" /><V67/><DORA hai="64" /><F67/><W94/><G94/><T31/><D107/><U103/><E92/><V11/><F46/><W118/><G100/><T6/><D119/><U13/><E103/><V109/><F109/><W58/><REACH who="3" step="1"/><G118/><REACH who="3" ten="250,289,346,105" step="2"/><T57/><D33/><U51/><E3/><N who="2" m="191" /><F93/><W65/><G65/><T83/><D41/><U42/><E40/><V113/><F113/><W133/><G133/><T15/><D83/><U91/><E42/><V4/><AGARI ba="1,1" hai="1,4,11,80,82" m="191,28209,48681" machi="4" ten="50,9600,0" yaku="18,1,52,2" doraHai="79,64" who="2" fromWho="2" sc="250,-33,289,-33,346,109,105,-33" /><INIT seed="2,2,0,0,0,76" ten="217,256,455,72" oya="2" hai0="103,49,56,135,89,72,115,31,13,40,5,100,85" hai1="75,43,121,14,126,106,12,35,101,122,112,116,48" hai2="4,34,95,62,28,131,104,111,16,61,57,15,50" hai3="19,78,64,52,32,41,51,6,79,27,83,118,22"/><V80/><F104/><W123/><G118/><T54/><D115/><U3/><E112/><V26/><F131/><W24/><G123/><T87/><D135/><U90/><E3/><V91/><F111/><W132/><G132/><T94/><D72/><U96/><E116/><V125/><F125/><W82/><G6/><T86/><D31/><U77/><E35/><V105/><F105/><W93/><G64/><T108/><D40/><U107/><E107/><V74/><F4/><W58/><G41/><T7/><D108/><U42/><E90/><V9/><F50/><W39/><G39/><T47/><D7/><U29/><E29/><V110/><F110/><W97/><G27/><T44/><D44/><N who="1" m="25623" /><E126/><V128/><F128/><W88/><G32/><T33/><D47/><U55/><E55/><V21/><F34/><W133/><G133/><T114/><D33/><U130/><E43/><V46/><F46/><W20/><G20/><T10/><D114/><U134/><E134/><V25/><F25/><W0/><G0/><T63/><D49/><U60/><E60/><V81/><F74/><W67/><G67/><T119/><D119/><U99/><E99/><AGARI ba="2,0" hai="5,10,13,54,56,63,85,86,87,89,94,99,100,103" machi="99" ten="40,1300,0" yaku="8,1" doraHai="76" who="0" fromWho="1" sc="217,19,256,-19,455,0,72,0" /><INIT seed="3,0,0,1,2,49" ten="236,237,455,72" oya="3" hai0="30,13,126,26,8,2,90,89,59,129,17,77,25" hai1="72,81,135,37,78,73,67,88,32,75,76,128,43" hai2="24,116,108,58,71,125,109,3,98,57,63,102,64" hai3="120,70,38,130,131,50,29,110,122,44,46,86,56"/><W28/><G86/><T9/><D77/><U6/><E32/><V66/><F116/><W69/><G56/><T82/><D129/><N who="3" m="49161" /><G29/><T15/><D2/><U99/><E128/><V41/><F3/><W83/><G83/><T114/><D114/><U118/><E67/><V133/><F66/><W105/><G28/><T40/><D82/><U1/><E118/><V91/><F58/><W123/><G105/><T65/><D40/><U11/><E78/><V96/><F41/><N who="3" m="22583" /><G110/><T21/><D26/><U39/><E75/><V51/><F24/><W0/><G0/><T52/><D65/><U14/><E73/><V80/><F57/><W27/><G27/><T84/><D84/><U45/><E37/><V16/><F80/><W19/><G19/><N who="0" m="8615" /><D126/><U47/><E47/><V54/><F16/><W5/><G5/><T132/><D132/><U119/><E135/><V48/><F133/><W107/><G107/><T121/><D121/><N who="3" m="30977" /><W92/><DORA hai="134" /><G92/><T53/><D53/><AGARI ba="0,0" hai="46,50,53,69,70" m="30977,22583,49161" machi="53" ten="40,12000,1" yaku="19,1,34,2,52,1" doraHai="49,134" who="3" fromWho="0" sc="236,-120,237,0,455,0,72,120" /><INIT seed="3,1,0,0,0,99" ten="116,237,455,192" oya="3" hai0="60,61,87,36,78,6,110,1,119,108,65,20,118" hai1="91,131,57,83,112,64,84,127,9,12,115,129,42" hai2="48,11,89,82,45,122,71,55,26,109,75,134,25" hai3="97,67,105,21,23,53,73,120,28,47,94,51,98"/><W54/><G120/><T43/><D1/><U22/><E42/><V104/><F71/><W14/><G73/><T90/><D78/><U133/><E133/><V123/><F104/><W72/><G72/><T10/><D36/><U8/><E127/><V52/><F109/><W33/><G67/><T7/><D43/><U15/><E22/><V77/><F134/><W66/><G66/><T117/><D20/><U81/><E57/><V16/><F89/><W24/><G14/><N who="1" m="5162" /><E81/><V18/><F55/><W132/><G132/><T5/><D10/><N who="1" m="4203" /><E64/><V63/><F63/><W50/><G105/><T58/><D61/><U124/><E124/><V44/><F11/><W40/><G98/><T76/><D76/><U85/><E85/><V31/><F82/><W86/><G86/><T56/><D56/><U69/><E69/><V2/><F77/><W17/><G17/><T121/><D121/><U49/><E49/><V93/><F18/><W79/><G79/><T102/><D110/><U130/><AGARI ba="1,0" hai="83,84,91,112,115,129,130,131" m="4203,5162" machi="130" ten="40,1500,0" yaku="19,1" doraHai="99" who="1" fromWho="1" sc="116,-5,237,18,455,-5,192,-8" owari="111,-38.9,255,5.5,450,55.0,184,-21.6" /></mjloggm>