<mjloggm ver="2.3"><GO type="225" lobby="0"/><UN n0="%E3%81%82%E3%81%99%E3%81%AB%E3%82%83%E3%82%80" n1="%E3%81%9F%E3%81%8C%E3%82%84%E3%81%99" n2="%E3%83%A2%E3%83%B3%E3%82%AD%E3%83%BC%E3%83%88%E3%83%AA%E3%83%83%E3%82%AF" n3="%73%69%72%6F%75%74" dan="16,16,16,16" rate="2084.47,2134.21,2174.33,2018.18" sx="F,M,M,M"/><TAIKYOKU oya="0"/><INIT seed="0,0,0,0,5,25" ten="250,250,250,250" oya="0" hai0="9,104,41,31,125,1,64,76,131,34,85,8,132" hai1="87,99,110,39,63,16,5,66,38,86,33,74,127" hai2="11,123,43,82,122,109,107,7,100,92,79,81,3" hai3="119,133,97,32,84,108,73,60,53,67,58,45,115"/><T88/><D131/><U18/><E74/><V96/><F82/><W120/><G73/><T98/><D76/><U62/><E33/><V121/><F92/><W134/><G32/><T130/><D130/><U48/><E5/><V46/><F109/><W24/><G108/><T112/><D112/><U10/><E110/><V30/><F30/><W124/><G115/><T80/><D125/><U68/><E127/><V37/><REACH who="2" step="1"/><F122/><REACH who="2" ten="250,250,240,250" step="2"/><W0/><G120/><T20/><D34/><U72/><E72/><AGARI ba="0,1" hai="3,7,11,37,43,46,72,79,81,96,100,107,121,123" machi="72" ten="30,12000,2" yaku="1,1,2,1,7,1,25,2,23,2,53,0" doraHai="25" doraHaiUra="26" who="2" fromWho="1" sc="250,0,250,-120,240,130,250,0" /><INIT seed="1,0,0,5,3,20" ten="250,130,370,250" oya="1" hai0="94,10,43,64,58,8,85,50,21,29,123,16,53" hai1="100,31,12,28,69,0,87,70,80,135,22,6,40" hai2="105,113,49,47,56,130,120,9,127,57,126,46,7" hai3="34,82,91,110,88,45,37,3,84,83,35,106,92"/><U13/><E0/><V33/><F120/><W117/><G3/><T38/><D123/><U71/><E135/><V112/><F33/><W39/><G106/><T103/><D29/><U122/><E122/><V36/><F105/><W131/><G110/><T26/><D64/><U11/><E100/><V102/><F102/><W24/><G131/><T95/><D38/><U32/><E32/><V66/><F130/><W61/><G61/><T124/><D124/><N who="2" m="47658" /><F9/><N who="0" m="3690" /><D103/><U101/><E101/><V19/><F19/><W42/><G117/><T132/><D132/><U76/><REACH who="1" step="1"/><E40/><REACH who="1" ten="250,120,370,250" step="2"/><N who="2" m="22791" /><F7/><W97/><G35/><T5/><D5/><U75/><E75/><V89/><F66/><W51/><G34/><T99/><D43/><U52/><E52/><N who="2" m="29759" /><F89/><W128/><G128/><T98/><D85/><U79/><E79/><V109/><F109/><W18/><G91/><T115/><D99/><U118/><E118/><V67/><F67/><W104/><G97/><T60/><D98/><U55/><E55/><V77/><F77/><W108/><G108/><T81/><D53/><U15/><E15/><V41/><F41/><W90/><G104/><T2/><D2/><U121/><E121/><V114/><AGARI ba="0,1" hai="56,57,112,113,114" m="29759,22791,47658" machi="114" ten="40,8000,1" yaku="11,1,18,1,34,2,54,1" doraHai="20" who="2" fromWho="2" sc="250,-20,120,-40,370,90,250,-20" /><INIT seed="2,0,0,2,3,71" ten="230,80,460,230" oya="2" hai0="29,70,114,110,14,97,113,53,99,67,21,59,66" hai1="56,19,64,132,1,15,22,39,125,85,17,126,81" hai2="33,58,60,86,69,10,26,98,2,93,49,77,45" hai3="38,88,40,118,92,18,134,73,111,107,57,48,122"/><V121/><F69/><W100/><G122/><T87/><D110/><U16/><E1/><V116/><F116/><W34/><G34/><T7/><D113/><U31/><E132/><V51/><F33/><W89/><G89/><T91/><D114/><U108/><E108/><V35/><F35/><W103/><G118/><T133/><D133/><U123/><E123/><V65/><F2/><W128/><G38/><T78/><D78/><U28/><E39/><V75/><F75/><W105/><G105/><T41/><D41/><U20/><E64/><N who="0" m="24617" /><D7/><U0/><E56/><V46/><F10/><W115/><G115/><T25/><D14/><U102/><E102/><N who="2" m="60751" /><F26/><W52/><G73/><T62/><D70/><U112/><E112/><V11/><F11/><W119/><G119/><T127/><D127/><U9/><E0/><V95/><F121/><W12/><G107/><T79/><D79/><U72/><E72/><V5/><F5/><W90/><G111/><T50/><D62/><U63/><E63/><V42/><F77/><W61/><G90/><T109/><D109/><U36/><E36/><V96/><F42/><W68/><G134/><T83/><AGARI ba="0,0" hai="21,25,29,50,53,59,83,87,91,97,99" m="24617" machi="83" ten="30,1100,0" yaku="8,1" doraHai="71" who="0" fromWho="0" sc="230,11,80,-3,460,-5,230,-3" /><INIT seed="3,0,0,0,0,103" ten="241,77,455,227" oya="3" hai0="12,87,111,28,60,52,117,127,13,19,50,1,116" hai1="70,118,77,22,133,9,83,35,100,32,31,61,59" hai2="115,107,37,88,113,65,8,64,109,125,110,47,55" hai3="84,78,134,99,71,126,23,49,92,53,34,89,101"/><W104/><G71/><T17/><D111/><N who="2" m="42506" /><F125/><W75/><G34/><T20/><D1/><U123/><E70/><V82/><F107/><W3/><G3/><T45/><D127/><U27/><E123/><V46/><F8/><W112/><G126/><T74/><D74/><U129/><E133/><V97/><F82/><N who="3" m="45407" /><G23/><T51/><D28/><U85/><E129/><V108/><F108/><W41/><G41/><T76/><D60/><U72/><E118/><V86/><F47/><N who="3" m="27839" /><G112/><T4/><D4/><U30/><E72/><V114/><F97/><W44/><G44/><T21/><D51/><U69/><E69/><V67/><F86/><W57/><G57/><T11/><D11/><U6/><E9/><V130/><F130/><W10/><G10/><T135/><D135/><AGARI ba="0,0" hai="84,89,92,99,101,104,134,135" m="27839,45407" machi="135" ten="30,2900,0" yaku="24,1,52,1" doraHai="103" who="3" fromWho="0" sc="241,-29,77,0,455,0,227,29" /><INIT seed="3,1,0,1,1,21" ten="212,77,455,256" oya="3" hai0="4,55,111,122,97,130,98,69,23,104,99,24,65" hai1="80,68,125,134,56,132,1,35,46,79,76,74,71" hai2="70,29,85,34,19,26,38,61,6,51,106,43,110" hai3="45,8,0,123,44,108,115,20,33,54,10,127,91"/><W14/><G123/><T75/><D111/><U93/><E56/><V120/><F106/><W17/><G33/><T49/><D122/><U30/><E93/><V62/><F120/><W64/><G115/><T86/><D75/><U28/><E125/><V82/><F6/><W83/><G64/><T16/><D4/><U94/><E94/><V131/><F110/><W73/><G127/><T90/><D104/><U53/><E53/><V15/><F38/><W92/><G108/><T18/><D130/><U57/><E57/><V81/><F70/><W39/><G45/><N who="0" m="28079" /><D69/><U32/><E46/><V96/><F96/><W48/><G0/><T117/><D117/><U63/><E63/><V77/><F82/><W60/><G60/><T52/><D65/><U25/><E1/><V13/><F131/><W11/><G39/><T133/><D133/><U47/><E47/><V126/><F126/><W5/><G73/><T42/><D42/><U88/><E88/><V105/><F105/><W12/><G83/><N who="0" m="49503" /><D52/><U114/><E114/><V116/><F116/><W67/><G67/><T101/><D101/><U128/><E128/><V113/><F113/><W36/><G36/><T37/><D37/><U95/><E95/><V121/><F62/><W9/><G9/><T109/><D109/><U103/><E103/><V78/><F61/><W27/><G5/><T59/><D59/><U102/><E102/><V3/><F121/><W124/><G124/><T119/><D119/><U87/><E74/><V89/><F3/><W118/><G54/><T22/><D99/><U2/><E2/><V135/><F135/><RYUUKYOKU ba="1,0" sc="212,30,77,-10,455,-10,256,-10" hai0="16,18,22,23,24,97,98" owari="242,-15.8,67,-43.3,445,54.5,246,4.6" /></mjloggm>