<mjloggm ver="2.3"><GO type="225" lobby="0"/><UN n0="%E3%81%BF%E3%81%BF%E3%81%9A" n1="%6D%75%75%6D%75%72%61" n2="%E6%98%93%E5%88%A9%E8%96%A9%E4%BC%AF" n3="%E3%81%86%E3%83%BC%E3%81%B1%E3%83%BC" dan="16,17,16,16" rate="2158.21,2172.47,2081.55,2148.67" sx="M,F,F,F"/><TAIKYOKU oya="0"/><INIT seed="0,0,0,3,0,51" ten="250,250,250,250" oya="0" hai0="101,11,3,72,68,133,36,1,124,102,9,95,117" hai1="62,14,66,88,73,121,53,59,84,116,132,33,28" hai2="42,69,40,126,5,87,104,119,94,78,35,54,83" hai3="107,111,80,13,20,29,112,21,129,27,30,7,19"/><T97/><D117/><U48/><E116/><V6/><F104/><W55/><G107/><T4/><D124/><U125/><E73/><V25/><F69/><W52/><G112/><T2/><D133/><U114/><E132/><V67/><F67/><W32/><G111/><T75/><D68/><U57/><E125/><V58/><F126/><W81/><G129/><T70/><D70/><U24/><E114/><V108/><F108/><W31/><G32/><T60/><D36/><U50/><E121/><V8/><F119/><W34/><G34/><T130/><D130/><U135/><E135/><V44/><F94/><W61/><G61/><T120/><D120/><U65/><E14/><V123/><F6/><W82/><G7/><T90/><D9/><U85/><E66/><V115/><F123/><W49/><REACH who="3" step="1"/><G55/><REACH who="3" ten="250,250,250,240" step="2"/><T46/><D60/><U22/><E33/><V10/><F5/><W91/><G91/><T23/><D1/><U0/><E0/><V86/><F35/><W89/><G89/><T100/><D2/><U92/><E84/><V113/><F87/><W79/><G79/><T39/><D75/><U47/><REACH who="1" step="1"/><E48/><REACH who="1" ten="250,240,250,240" step="2"/><V43/><F113/><W134/><G134/><T98/><D72/><U15/><E15/><V37/><F115/><W63/><G63/><T110/><D110/><U12/><E12/><V99/><F86/><W109/><G109/><T122/><D122/><U96/><E96/><V105/><F99/><W106/><G106/><T64/><D64/><U71/><AGARI ba="0,2" hai="22,24,28,47,50,53,57,59,62,65,71,85,88,92" machi="71" ten="20,8000,1" yaku="1,1,0,1,7,1,52,1,54,1,53,0" doraHai="51" doraHaiUra="74" who="1" fromWho="1" sc="250,-40,240,100,250,-20,240,-20" /><INIT seed="1,0,0,0,0,10" ten="210,340,230,220" oya="1" hai0="135,107,71,56,112,68,44,134,40,58,37,49,33" hai1="133,25,30,129,72,83,4,100,51,63,9,125,106" hai2="1,81,74,99,82,78,89,111,70,119,61,104,127" hai3="32,55,132,11,65,2,48,23,98,118,41,0,131"/><U24/><E129/><V115/><F1/><W13/><G32/><T46/><D107/><U35/><E133/><N who="0" m="50697" /><D112/><U7/><E125/><V34/><F119/><W95/><G132/><T102/><D102/><U88/><E24/><V64/><F111/><W14/><G41/><N who="0" m="22575" /><D33/><U53/><E63/><V84/><F115/><W36/><G36/><T8/><D8/><U103/><E106/><V108/><F108/><W45/><G118/><T26/><D26/><U110/><E110/><V39/><F39/><W90/><G131/><T121/><D121/><U124/><E124/><V57/><F34/><W116/><G116/><T47/><D47/><U130/><E130/><V75/><F70/><AGARI ba="0,0" hai="40,46,49,56,58,68,70,71" m="22575,50697" machi="70" ten="30,3900,0" yaku="20,1,34,2" doraHai="10" who="0" fromWho="2" sc="210,39,340,0,230,-39,220,0" /><INIT seed="2,0,0,1,5,133" ten="249,340,191,220" oya="2" hai0="75,50,21,77,19,26,119,43,95,94,118,46,63" hai1="39,89,52,104,8,23,108,16,35,124,113,88,48" hai2="0,47,110,41,22,24,82,105,129,81,33,10,128" hai3="87,38,102,85,32,28,135,68,59,90,6,29,93"/><V2/><F105/><W58/><G68/><T111/><D111/><U14/><E113/><V57/><F33/><W91/><G38/><T25/><D63/><U11/><E39/><V132/><F132/><W120/><G135/><T131/><D131/><N who="2" m="50250" /><F57/><N who="3" m="21515" /><G32/><T66/><D66/><U83/><E104/><V34/><F34/><W112/><G120/><T56/><D56/><N who="1" m="32775" /><E35/><V69/><F69/><W42/><G112/><T122/><D25/><N who="1" m="14567" /><E108/><V125/><F110/><W71/><G71/><T98/><D122/><U115/><E115/><V65/><F65/><W12/><G102/><T121/><D121/><U45/><E124/><V15/><F2/><W27/><G27/><T36/><D36/><U64/><E64/><V70/><F0/><W96/><G42/><T114/><D114/><U130/><E130/><V126/><F70/><W73/><G73/><T54/><D43/><U72/><E72/><V31/><F47/><W107/><G107/><T78/><D75/><U92/><E45/><V7/><F41/><W61/><G61/><T106/><D119/><U20/><E83/><AGARI ba="0,0" hai="7,10,15,22,24,31,81,82,83,125,126" m="50250" machi="83" ten="30,5800,0" yaku="19,1,52,2" doraHai="133" who="2" fromWho="1" sc="249,0,340,-58,191,58,220,0" /><INIT seed="2,1,0,2,2,110" ten="249,282,249,220" oya="2" hai0="80,73,104,116,121,41,69,127,3,8,48,128,107" hai1="10,30,61,96,66,77,125,55,40,97,71,94,14" hai2="18,93,62,131,82,60,102,135,64,124,57,52,9" hai3="65,46,120,100,68,76,58,59,117,105,98,26,79"/><V95/><F124/><W22/><G120/><T103/><D48/><U88/><E125/><V114/><F114/><W7/><G117/><T35/><D127/><U11/><E77/><V54/><F135/><W50/><G7/><N who="0" m="1151" /><D121/><U17/><E40/><V74/><F131/><W21/><G68/><T92/><D92/><U45/><E30/><V118/><F102/><W19/><G59/><T1/><D103/><U90/><E10/><V83/><F118/><W84/><G84/><T24/><D41/><U67/><E67/><V119/><F119/><W5/><G5/><T49/><D49/><U78/><E78/><V132/><F132/><W108/><G108/><T134/><D134/><U28/><E28/><V12/><F74/><W29/><G58/><T2/><D69/><U20/><E11/><V106/><F106/><N who="0" m="40490" /><D116/><U16/><E17/><V31/><F31/><W123/><G65/><T85/><D85/><U51/><E90/><V53/><REACH who="2" step="1"/><F62/><REACH who="2" ten="249,282,239,220" step="2"/><W91/><G123/><T56/><D128/><U112/><E112/><V70/><F70/><W99/><G100/><T6/><D73/><U42/><E96/><V86/><F86/><W113/><G113/><T126/><D126/><U122/><E122/><V43/><F43/><N who="3" m="24927" /><G98/><T33/><D33/><U101/><E42/><V38/><F38/><W27/><G105/><T0/><D35/><U37/><E37/><V15/><F15/><W109/><G109/><T34/><D34/><U32/><E32/><V115/><F115/><W47/><G99/><T4/><D1/><U87/><E97/><V63/><F63/><W129/><G129/><RYUUKYOKU ba="1,1" sc="249,-15,282,15,239,15,220,-15" hai1="14,16,20,45,51,55,61,66,71,87,88,94,101" hai2="9,12,18,52,53,54,57,60,64,82,83,93,95" /><INIT seed="2,2,1,3,2,107" ten="234,297,254,205" oya="2" hai0="131,10,126,98,103,86,132,95,116,36,66,30,92" hai1="28,67,105,65,43,2,13,49,51,53,122,9,63" hai2="114,25,24,40,109,106,84,47,121,26,69,18,111" hai3="35,12,34,61,3,29,52,32,62,64,60,79,39"/><V4/><F114/><W74/><G3/><T127/><D36/><U58/><E2/><V56/><F69/><W94/><G39/><T57/><D132/><U15/><E105/><V112/><F112/><W73/><G64/><N who="1" m="24650" /><E122/><V22/><F106/><W77/><G29/><T129/><D30/><U104/><E104/><V80/><F56/><W100/><G12/><N who="1" m="4682" /><E28/><V78/><F4/><W14/><G14/><T37/><D10/><U7/><E9/><V90/><F78/><W11/><G52/><T44/><D116/><U31/><E31/><V87/><F87/><W128/><G128/><N who="0" m="49227" /><D44/><N who="1" m="25759" /><E7/><V46/><F46/><W8/><G11/><T96/><D37/><U93/><E93/><V17/><F121/><W5/><G8/><T101/><D66/><U82/><E82/><V27/><REACH who="2" step="1"/><F18/><REACH who="2" ten="234,297,244,205" step="2"/><W0/><G5/><T33/><D57/><U42/><E42/><V19/><F19/><W123/><G123/><T48/><D33/><U1/><E1/><V119/><F119/><W124/><G0/><T88/><D48/><AGARI ba="2,2" hai="48,51,53,58,63" m="25759,4682,24650" machi="48" ten="30,1000,0" yaku="8,1" doraHai="107" who="1" fromWho="0" sc="234,-16,297,36,244,0,205,0" /><AGARI ba="2,0" hai="17,22,24,25,26,27,40,47,48,80,84,90,109,111" machi="48" ten="40,2000,0" yaku="1,1,53,0" doraHai="107" doraHaiUra="75" who="2" fromWho="0" sc="218,-20,333,0,244,20,205,0" /><INIT seed="2,3,0,2,2,9" ten="198,333,264,205" oya="2" hai0="82,95,39,94,97,76,116,48,50,20,36,81,12" hai1="110,83,93,23,38,132,11,96,17,42,28,7,120" hai2="131,2,91,134,80,88,31,70,129,71,111,19,118" hai3="45,37,112,5,75,22,61,124,8,13,26,60,104"/><V103/><F118/><W25/><G104/><T102/><D116/><U90/><E110/><V105/><F2/><W108/><G108/><T135/><D135/><U115/><E115/><V130/><F31/><W68/><G68/><N who="2" m="26153" /><F111/><W127/><G75/><T56/><D39/><U106/><E132/><V109/><F109/><W92/><G112/><T57/><D36/><U59/><E28/><V128/><F134/><W4/><G4/><T67/><D95/><U64/><E106/><V21/><F131/><W99/><G45/><T40/><D67/><U85/><E120/><V62/><F62/><W34/><G37/><T58/><D40/><U123/><E123/><V6/><F6/><W15/><G34/><T66/><D66/><U3/><E3/><V43/><F43/><W113/><G113/><T47/><D47/><U32/><E32/><V126/><F80/><N who="0" m="30826" /><D76/><U100/><E42/><V1/><F1/><W122/><G122/><T121/><D121/><U114/><E38/><V35/><F35/><W14/><G8/><T55/><D55/><U133/><E114/><V119/><F119/><W27/><G22/><T16/><AGARI ba="3,0" hai="12,16,20,48,50,56,57,58,94,97,102" m="30826" machi="16" ten="30,4000,0" yaku="8,1,52,1,54,1" doraHai="9" who="0" fromWho="0" sc="198,49,333,-13,264,-23,205,-13" /><INIT seed="3,0,0,5,3,18" ten="247,320,241,192" oya="3" hai0="129,68,44,11,29,109,78,110,70,60,32,5,30" hai1="121,15,21,43,118,82,133,64,89,54,102,7,94" hai2="90,58,65,55,33,50,13,27,117,108,103,86,115" hai3="73,52,57,97,46,16,93,126,12,95,72,87,6"/><W53/><G126/><T134/><D134/><U63/><E121/><V119/><F108/><N who="0" m="41578" /><D129/><U48/><E102/><V74/><F74/><W130/><G6/><T20/><D32/><U26/><E43/><V77/><F77/><W132/><G132/><T28/><D20/><U56/><E118/><V98/><F65/><W131/><G46/><T45/><D78/><U61/><E82/><V8/><F27/><W10/><G87/><T3/><D60/><U1/><E1/><V31/><F31/><W128/><G93/><T62/><D62/><U25/><E63/><V38/><F33/><W123/><G123/><T14/><D3/><U113/><E113/><V59/><F59/><W79/><G79/><T69/><AGARI ba="0,0" hai="5,11,14,28,29,30,44,45,68,69,70" m="41578" machi="69" ten="40,1500,0" yaku="14,1" doraHai="18" who="0" fromWho="0" sc="247,15,320,-4,241,-4,192,-7" owari="262,6.2,316,41.6,237,-16.3,185,-31.5" /></mjloggm>