<mjloggm ver="2.3"><GO type="225" lobby="0"/><UN n0="%52%61%69%61%6E%2E" n1="%33%74%72%65%65" n2="%E5%A4%9C%E5%85%89%E5%A4%A9%E6%A5%BC" n3="%E5%A4%9C%E3%81%AE%E3%82%AC%E3%82%B9%E3%83%91%E3%83%BC%E3%83%AB" dan="16,16,17,17" rate="2025.43,2147.94,2169.90,2232.26" sx="M,F,M,M"/><TAIKYOKU oya="0"/><INIT seed="0,0,0,3,3,28" ten="250,250,250,250" oya="0" hai0="54,113,50,60,111,75,107,49,34,92,10,19,116" hai1="51,126,127,108,83,1,100,129,42,80,45,121,117" hai2="16,39,20,114,125,79,36,31,30,53,84,14,55" hai3="67,68,7,99,2,32,96,13,89,110,65,5,46"/><T78/><D113/><U131/><E117/><V58/><F114/><W104/><G2/><T27/><D116/><U71/><E121/><V120/><F120/><W103/><G110/><T24/><D107/><U86/><E108/><V101/><F125/><N who="1" m="47625" /><E1/><V91/><F39/><W90/><G46/><T17/><D111/><U122/><E122/><V95/><F36/><W74/><G74/><T3/><D75/><U88/><E71/><V82/><F101/><W48/><G48/><T11/><D78/><U112/><E112/><V38/><F38/><W41/><G41/><T21/><D60/><U22/><E100/><V37/><F37/><W109/><G103/><T119/><D119/><U123/><E123/><V77/><F77/><W135/><G109/><T70/><D70/><U43/><E43/><V44/><F44/><W47/><G47/><T134/><D134/><U23/><E80/><V6/><F6/><W59/><G68/><T9/><D92/><U102/><E102/><V12/><F53/><W105/><G59/><T25/><D34/><U56/><E56/><V57/><F57/><W115/><G115/><T69/><D69/><U33/><E33/><V26/><F58/><W0/><G0/><T61/><D3/><U15/><E15/><N who="2" m="5675" /><F55/><W63/><G13/><N who="0" m="9455" /><D61/><U85/><E85/><AGARI ba="0,0" hai="16,20,26,30,31,79,82,84,85,91,95" m="5675" machi="85" ten="30,2000,0" yaku="8,1,54,1" doraHai="28" who="2" fromWho="1" sc="250,0,250,-20,250,20,250,0" /><INIT seed="1,0,0,5,3,56" ten="250,230,270,250" oya="1" hai0="98,4,128,11,41,65,63,118,62,50,69,108,77" hai1="15,23,52,80,132,87,119,74,113,28,58,1,115" hai2="71,106,16,32,82,91,83,75,6,30,109,53,97" hai3="90,39,45,57,94,103,42,130,134,117,49,110,70"/><U7/><E119/><V78/><F109/><W129/><G110/><T133/><D108/><U84/><E74/><V48/><F71/><W96/><G134/><T46/><D118/><U99/><E132/><V121/><F121/><W14/><G117/><T9/><D133/><U66/><E1/><V17/><F6/><W2/><G2/><T104/><D128/><N who="3" m="49257" /><G70/><T120/><D120/><U64/><E113/><V20/><F32/><W59/><G14/><T3/><D77/><N who="1" m="46095" /><E115/><V93/><F83/><W124/><G124/><T35/><D35/><U92/><E87/><V34/><F106/><N who="3" m="63847" /><G39/><T79/><D79/><U10/><E28/><V40/><F34/><W86/><AGARI ba="0,0" hai="42,45,49,57,59,86,90,94" m="63847,49257" machi="86" ten="30,1100,0" yaku="19,1" doraHai="56" who="3" fromWho="3" sc="250,-3,230,-5,270,-3,250,11" /><INIT seed="2,0,0,0,1,80" ten="247,225,267,261" oya="2" hai0="74,12,41,8,28,135,107,115,67,83,51,94,58" hai1="11,65,77,100,47,134,21,4,102,42,55,10,118" hai2="120,29,117,32,75,129,62,61,69,2,53,79,85" hai3="125,113,68,91,27,128,90,24,111,13,88,49,123"/><V101/><F120/><W36/><G36/><T121/><D115/><U124/><E118/><V72/><F117/><W60/><G123/><T112/><D112/><U84/><E134/><V96/><F2/><W95/><G113/><T56/><D107/><U57/><E124/><V19/><F129/><W25/><G111/><T116/><D116/><U1/><E65/><V132/><F62/><W59/><G125/><T130/><D121/><U99/><E11/><V64/><F53/><W16/><G49/><T114/><D114/><U122/><E122/><V131/><F19/><W66/><G68/><T127/><D28/><U14/><E99/><V7/><F7/><W104/><G104/><T103/><D135/><U81/><E21/><V89/><F79/><W33/><G33/><T39/><D39/><U31/><E31/><V26/><F131/><W46/><G46/><N who="0" m="26063" /><D67/><U63/><E1/><V52/><F52/><N who="3" m="33895" /><G128/><T105/><D105/><U87/><E87/><V78/><F132/><W3/><G66/><T5/><D130/><U45/><E45/><V126/><F126/><W93/><G3/><T71/><D71/><U35/><E35/><V106/><F78/><W54/><G54/><T20/><D20/><AGARI ba="0,0" hai="13,16,20,24,25,27,88,90,91,93,95" m="33895" machi="20" ten="30,7700,0" yaku="8,1,54,3" doraHai="80" who="3" fromWho="0" sc="247,-77,225,0,267,0,261,77" /><INIT seed="3,0,0,4,4,83" ten="170,225,267,338" oya="3" hai0="53,125,40,55,61,96,14,74,122,107,80,20,49" hai1="133,22,130,66,115,127,129,31,30,11,36,50,128" hai2="10,67,24,84,52,73,91,2,118,17,102,37,43" hai3="0,4,68,135,86,106,93,100,75,39,65,25,79"/><W124/><G39/><T114/><D122/><U70/><E36/><V120/><F118/><W33/><G124/><T112/><D125/><U47/><E127/><V69/><F73/><W121/><G121/><T54/><D61/><N who="1" m="40271" /><E115/><V51/><F102/><W110/><G135/><T13/><D107/><U57/><E133/><V89/><F67/><W117/><G117/><T76/><D96/><U12/><E22/><N who="2" m="13391" /><F69/><W9/><G110/><T35/><D35/><U113/><E57/><N who="2" m="32927" /><F2/><W5/><G65/><T81/><D81/><U48/><E113/><V105/><F105/><W26/><G75/><T94/><D94/><U95/><E95/><V126/><F37/><W21/><G68/><T123/><D123/><U85/><E50/><V60/><F60/><W134/><G0/><T109/><D109/><U16/><E48/><V63/><F63/><W82/><G106/><T108/><D108/><U88/><E47/><V131/><F43/><W7/><G134/><T103/><D103/><U72/><E72/><V1/><F1/><W87/><G100/><T56/><D56/><U132/><E132/><V27/><F120/><W34/><G34/><T15/><REACH who="0" step="1"/><D20/><REACH who="0" ten="160,225,267,338" step="2"/><U71/><E71/><V101/><F101/><W58/><G21/><T41/><D41/><U77/><E129/><V46/><F131/><W6/><G33/><T111/><D111/><U28/><E130/><V19/><F126/><W104/><G104/><T44/><AGARI ba="0,1" hai="13,14,15,40,44,49,53,54,55,74,76,80,112,114" machi="44" ten="40,2700,0" yaku="1,1,0,1,53,0" doraHai="83" doraHaiUra="99" who="0" fromWho="0" sc="160,37,225,-7,267,-7,338,-13" owari="197,-30.3,218,-18.2,260,6.0,325,42.5" /></mjloggm>