<mjloggm ver="2.3"><GO type="225" lobby="0"/><UN n0="%4C%4F%4C%49%54%41" n1="%72%65%6E%6B%75%6E" n2="%E3%81%86%E3%81%A1%E3%83%BC" n3="%45%6C%79%73%69%75%6D" dan="16,17,17,18" rate="2128.67,2236.33,2183.85,2151.78" sx="F,M,M,F"/><TAIKYOKU oya="0"/><INIT seed="0,0,0,2,2,80" ten="250,250,250,250" oya="0" hai0="48,81,58,7,9,68,45,24,109,38,123,129,28" hai1="64,43,52,50,22,111,93,83,88,46,61,37,18" hai2="54,113,102,128,6,30,0,108,71,131,3,84,98" hai3="66,130,62,89,34,59,23,70,78,11,56,73,116"/><T94/><D123/><U87/><E111/><V126/><F108/><W2/><G34/><T97/><D68/><U39/><E83/><V92/><F113/><W17/><G130/><N who="2" m="49705" /><F71/><W19/><G116/><T91/><D129/><U40/><E39/><V13/><F30/><W51/><G78/><T20/><D109/><U25/><REACH who="1" step="1"/><E37/><REACH who="1" ten="250,240,250,250" step="2"/><V77/><F126/><W5/><G73/><T35/><D38/><U15/><E15/><V127/><F127/><W44/><G89/><T99/><D81/><U41/><E41/><V95/><F77/><W96/><G2/><T10/><D35/><U14/><E14/><V31/><F13/><W21/><G5/><T100/><D7/><U72/><E72/><V101/><F6/><W115/><G115/><T85/><D97/><U47/><E47/><V60/><F98/><W122/><G96/><T112/><D112/><U42/><E42/><V121/><F0/><W119/><G122/><T82/><REACH who="0" step="1"/><D58/><AGARI ba="0,1" hai="18,22,25,40,43,46,50,52,58,61,64,87,88,93" machi="58" ten="30,12000,2" yaku="1,1,7,1,8,1,52,1,54,2,53,1" doraHai="80" doraHaiUra="16" who="1" fromWho="0" sc="250,-120,240,130,250,0,250,0" /><INIT seed="1,0,0,3,3,101" ten="130,370,250,250" oya="1" hai0="58,113,92,124,6,99,59,127,22,27,105,75,103" hai1="133,85,80,55,132,43,50,74,1,61,32,116,100" hai2="114,131,110,93,33,129,10,4,26,41,104,65,108" hai3="30,54,19,79,111,76,11,46,29,18,121,24,2"/><U102/><E116/><V51/><F65/><W69/><G69/><T20/><D113/><U130/><E1/><V68/><F68/><W71/><G71/><T62/><D75/><U47/><E32/><V73/><F73/><W94/><G94/><T42/><D42/><U128/><E74/><V84/><F114/><W57/><G46/><T64/><D6/><U86/><E61/><V81/><F93/><W91/><G91/><T72/><D72/><U78/><E55/><V112/><F112/><W125/><G111/><N who="2" m="42537" /><F51/><W38/><G38/><T107/><D58/><U56/><E56/><V117/><F41/><W83/><G57/><T115/><D115/><U122/><E122/><V12/><F104/><N who="0" m="40010" /><D22/><U48/><E43/><V0/><F117/><W89/><G54/><T14/><D14/><U37/><E80/><V63/><F63/><W118/><G83/><T9/><D9/><U21/><E21/><V25/><F12/><W53/><G53/><T31/><AGARI ba="0,0" hai="20,27,31,59,62,64,92,99,103,124,127" m="40010" machi="31" ten="30,7900,0" yaku="25,1,52,3" doraHai="101" who="0" fromWho="0" sc="130,79,370,-39,250,-20,250,-20" /><INIT seed="2,0,0,3,3,34" ten="209,331,230,230" oya="2" hai0="69,75,85,83,134,12,73,39,71,2,5,111,40" hai1="67,32,102,19,135,15,107,29,57,18,56,126,80" hai2="94,28,77,41,101,50,108,131,27,92,43,49,11" hai3="37,21,78,65,81,74,59,116,106,97,110,99,31"/><V115/><F115/><W54/><G37/><T91/><D111/><U10/><E126/><V79/><F131/><W100/><G116/><T26/><D134/><U48/><E135/><V35/><F108/><W120/><G110/><T88/><D12/><U82/><E32/><V123/><F123/><W24/><G99/><T58/><D58/><U95/><E29/><V76/><F11/><W61/><REACH who="3" step="1"/><G120/><REACH who="3" ten="209,331,230,220" step="2"/><T98/><D39/><U87/><E107/><V72/><F72/><W114/><G114/><T3/><D73/><U55/><E87/><V96/><REACH who="2" step="1"/><F94/><REACH who="2" ten="209,331,220,220" step="2"/><W44/><G44/><T66/><D75/><U125/><E125/><V118/><F118/><W68/><G68/><T25/><D71/><U7/><E95/><V1/><F1/><W124/><G124/><T112/><D2/><U109/><E109/><V6/><F6/><W17/><G17/><T133/><D5/><U23/><E18/><V8/><F8/><W122/><G122/><T52/><D3/><U45/><E45/><V20/><F20/><W0/><G0/><T113/><D113/><U30/><E7/><V53/><F53/><AGARI ba="0,2" hai="21,24,31,53,54,59,61,65,74,78,81,97,100,106" machi="53" ten="40,1300,0" yaku="1,1,53,0" doraHai="34" doraHaiUra="129" who="3" fromWho="2" sc="209,0,331,0,220,-13,220,33" /><INIT seed="3,0,0,1,5,96" ten="209,331,207,253" oya="3" hai0="14,103,46,44,123,91,107,4,85,104,39,84,12" hai1="110,30,118,67,119,130,49,58,117,80,17,54,82" hai2="24,19,75,37,31,40,28,112,10,68,11,95,38" hai3="105,41,32,21,42,1,133,25,89,50,8,132,36"/><W93/><G105/><T134/><D39/><U83/><E110/><V108/><F68/><W52/><G32/><T60/><D4/><U109/><E109/><V61/><F108/><W55/><G55/><T115/><D123/><U56/><E130/><V48/><F112/><W88/><G89/><T29/><D29/><N who="2" m="11338" /><F75/><W70/><G70/><T79/><D91/><U64/><E30/><V33/><F33/><W47/><G21/><T57/><D134/><N who="3" m="51817" /><G25/><T87/><D79/><U101/><E101/><V5/><F38/><W9/><G1/><T127/><D103/><U66/><REACH who="1" step="1"/><E17/><REACH who="1" ten="209,321,207,253" step="2"/><V43/><F37/><W3/><G36/><T97/><D115/><U51/><E51/><V114/><F114/><W122/><G122/><T131/><D131/><U62/><AGARI ba="0,1" hai="49,54,56,58,62,64,66,67,80,82,83,117,118,119" machi="62" ten="40,5200,0" yaku="1,1,0,1,12,1,53,0" doraHai="96" doraHaiUra="100" who="1" fromWho="1" sc="209,-13,321,62,207,-13,253,-26" owari="196,-20.4,383,48.3,194,-30.6,227,2.7" /></mjloggm>