<mjloggm ver="2.3"><GO type="225" lobby="0"/><UN n0="%31%38%63%6D%E7%AB%8B%E7%9B%B4%E6%A3%92" n1="%E7%AD%89%E3%80%85%E5%8A%9B%E5%8A%87%E5%A0%B4" n2="%72%61%6B%33" n3="%6E%69%63%6B%6C%6F%77" dan="16,17,17,16" rate="2131.90,2147.81,2160.73,2075.55" sx="M,M,M,F"/><TAIKYOKU oya="0"/><INIT seed="0,0,0,5,2,89" ten="250,250,250,250" oya="0" hai0="71,11,60,16,53,103,28,63,94,129,23,54,51" hai1="133,2,35,39,102,5,96,31,55,97,70,99,47" hai2="30,48,127,105,13,43,123,117,44,124,17,41,114" hai3="78,46,49,42,40,38,88,32,62,7,4,3,45"/><T107/><D129/><U115/><E70/><V24/><F114/><W21/><G32/><T68/><D28/><U65/><E65/><V119/><F105/><W116/><G116/><T112/><D112/><U36/><E115/><V98/><F43/><W101/><G78/><T74/><D74/><U25/><E133/><V56/><F56/><W22/><G101/><T121/><D11/><U80/><E5/><V108/><F108/><W122/><G62/><T34/><D34/><U66/><E66/><V27/><F98/><W106/><G106/><T93/><D107/><U87/><E2/><V26/><F30/><W86/><G122/><T75/><D75/><U82/><E39/><V113/><F123/><W73/><G73/><T79/><D79/><U90/><E80/><V77/><F77/><W110/><G110/><T9/><D9/><U14/><E36/><V111/><F111/><W0/><G7/><T20/><D103/><U135/><E102/><V118/><REACH who="2" step="1"/><F113/><REACH who="2" ten="250,250,240,250" step="2"/><W84/><G84/><T104/><D104/><U67/><E87/><V100/><F100/><W61/><G61/><T37/><D121/><U29/><E99/><V57/><F57/><W58/><G58/><T134/><D37/><U59/><E97/><V131/><F131/><W19/><G4/><T120/><D120/><U76/><E96/><V69/><F69/><W1/><REACH who="3" step="1"/><G19/><REACH who="3" ten="250,250,240,240" step="2"/><T91/><D16/><U8/><E59/><V125/><F125/><W109/><G109/><T128/><D134/><U10/><E135/><V52/><F52/><W64/><G64/><T83/><D68/><U33/><E76/><RYUUKYOKU ba="0,2" sc="250,-15,250,-15,240,15,240,15" hai2="13,17,24,26,27,41,44,48,117,118,119,124,127" hai3="0,1,3,21,22,38,40,42,45,46,49,86,88" /><INIT seed="1,1,2,3,5,102" ten="235,235,255,255" oya="1" hai0="51,48,82,46,85,37,66,95,109,28,15,86,53" hai1="83,20,58,50,134,65,33,47,56,130,9,94,103" hai2="63,44,72,25,11,122,99,5,74,131,30,39,10" hai3="70,17,107,73,6,64,105,116,126,128,29,42,127"/><U80/><E33/><V87/><F122/><W135/><G73/><T23/><D37/><U121/><E121/><V89/><F131/><W133/><G128/><T1/><D1/><U21/><E130/><V24/><F63/><N who="3" m="40223" /><G116/><T45/><D66/><U2/><E134/><N who="3" m="51210" /><G29/><T114/><D114/><U36/><E36/><V100/><F24/><W118/><G118/><T101/><D109/><U43/><E2/><V125/><F125/><N who="3" m="47627" /><G6/><T77/><D28/><U32/><E32/><V81/><F5/><W12/><G42/><T92/><D101/><U14/><E103/><V106/><F74/><W69/><G69/><T108/><D108/><U4/><E94/><V59/><F72/><W93/><G93/><T97/><D97/><U38/><E43/><V90/><F99/><W129/><G129/><T111/><D111/><U41/><E41/><V91/><F30/><W61/><G61/><T0/><D0/><U8/><E4/><V57/><F100/><W84/><G84/><T27/><D86/><U49/><E83/><V96/><F81/><W117/><G117/><T79/><D79/><U98/><E80/><V78/><F78/><W35/><G35/><T88/><D77/><U75/><E75/><V67/><F87/><W18/><G18/><N who="0" m="12791" /><D15/><U13/><E98/><V76/><F96/><W40/><G40/><AGARI ba="1,2" hai="40,45,46,48,51,53,82,85,88,92,95" m="12791" machi="40" ten="30,2000,0" yaku="8,1,54,1" doraHai="102" who="0" fromWho="3" sc="235,43,235,0,255,0,255,-23" /><INIT seed="2,0,0,2,1,78" ten="278,235,255,232" oya="2" hai0="57,125,123,119,41,83,79,11,104,94,108,9,115" hai1="22,48,35,82,120,61,110,50,113,39,118,88,7" hai2="65,126,77,56,81,132,76,30,117,53,134,4,38" hai3="128,13,25,36,0,5,64,100,27,24,89,68,133"/><V130/><F117/><W55/><G0/><T111/><D104/><U54/><E35/><V3/><F38/><W103/><G36/><T99/><D125/><U63/><E113/><V45/><F126/><W2/><G2/><T107/><D107/><U135/><E39/><V52/><F30/><W127/><G127/><T109/><D41/><U97/><E118/><V26/><F26/><W98/><G68/><T75/><D119/><U17/><E110/><V112/><F112/><W49/><G64/><T42/><D115/><U37/><E37/><V85/><F130/><W43/><G133/><N who="2" m="51305" /><F45/><W74/><G74/><T59/><D42/><U131/><E135/><V12/><F3/><W102/><G43/><T105/><D105/><U32/><E32/><V87/><F76/><W122/><G122/><T70/><D70/><U15/><E131/><V71/><F71/><W69/><G69/><T19/><D123/><U6/><E120/><V116/><F116/><W33/><G33/><T16/><D59/><U73/><E50/><V93/><F93/><N who="3" m="56623" /><G128/><T62/><D9/><U90/><E73/><N who="2" m="43183" /><F65/><W29/><G29/><T124/><D124/><U67/><E67/><V31/><F31/><W129/><G129/><T80/><D11/><U96/><E22/><V47/><F47/><N who="3" m="28095" /><G13/><T34/><D34/><U72/><E15/><V91/><F56/><W106/><G106/><T8/><D75/><U18/><E72/><V92/><F87/><W20/><G20/><T101/><D79/><U23/><E23/><V66/><F66/><W84/><G84/><T21/><D21/><U58/><E58/><RYUUKYOKU ba="0,0" sc="278,-15,235,-15,255,15,232,15" hai2="4,12,52,53,85,91,92" hai3="5,24,25,27,100,102,103" /><INIT seed="2,1,0,1,1,82" ten="263,220,270,247" oya="2" hai0="22,25,127,90,35,16,47,110,42,7,92,28,19" hai1="70,21,37,54,120,4,58,64,121,93,59,11,91" hai2="106,65,30,13,126,83,49,100,8,52,133,50,115" hai3="61,103,39,95,112,75,6,48,134,62,69,23,56"/><V26/><F115/><W36/><G75/><T31/><D110/><U135/><E37/><V131/><F126/><W46/><G6/><T12/><D127/><U29/><E70/><V41/><F131/><W84/><G103/><T81/><D81/><U1/><E135/><V51/><F133/><W15/><G134/><T109/><D109/><U68/><E68/><V94/><F106/><W66/><G112/><T123/><D123/><U5/><E5/><V116/><F65/><W33/><G33/><T89/><D7/><U45/><E64/><V86/><F41/><W18/><G62/><T79/><D79/><U27/><E45/><V32/><F116/><W78/><G78/><T3/><D3/><U38/><E38/><V60/><F94/><W98/><G98/><T73/><D73/><U101/><E101/><V74/><F100/><W43/><REACH who="3" step="1"/><G69/><REACH who="3" ten="263,220,270,237" step="2"/><T71/><D71/><U132/><E132/><V88/><F74/><W96/><G96/><T108/><D35/><U118/><E118/><V113/><F113/><W24/><G24/><T40/><D25/><U77/><E77/><V119/><F119/><W124/><G124/><T63/><D63/><U76/><E76/><V53/><REACH who="2" step="1"/><F60/><REACH who="2" ten="263,220,260,237" step="2"/><W105/><G105/><T0/><D108/><U122/><REACH who="1" step="1"/><E54/><REACH who="1" ten="263,210,260,237" step="2"/><V34/><F34/><W80/><G80/><T85/><D42/><U128/><E128/><V14/><F14/><W107/><G107/><T44/><D40/><U111/><E111/><V97/><F97/><AGARI ba="1,3" hai="1,4,11,21,27,29,58,59,91,93,97,120,121,122" machi="97" ten="40,5200,0" yaku="1,1,13,1,53,1" doraHai="82" doraHaiUra="17" who="1" fromWho="2" sc="263,0,210,85,260,-55,237,0" /><INIT seed="3,0,0,2,5,30" ten="263,295,205,237" oya="3" hai0="31,120,86,13,78,81,97,22,105,112,19,21,101" hai1="68,132,47,116,60,92,27,42,34,25,100,12,104" hai2="107,77,125,54,124,29,4,61,134,121,2,95,41" hai3="8,79,3,26,83,32,133,45,49,65,106,33,93"/><W117/><G117/><T90/><D120/><U63/><E92/><V114/><F107/><W35/><G106/><T14/><D112/><U103/><E132/><V0/><F114/><W44/><G133/><T88/><REACH who="0" step="1"/><D14/><REACH who="0" ten="253,295,205,237" step="2"/><U108/><E12/><V36/><F121/><W102/><G26/><AGARI ba="0,1" hai="13,19,21,22,26,31,78,81,86,88,90,97,101,105" machi="26" ten="40,5200,0" yaku="1,1,2,1,54,1,53,0" doraHai="30" doraHaiUra="56" who="0" fromWho="3" sc="253,62,295,0,205,0,237,-52" owari="315,41.5,295,9.5,205,-19.5,185,-31.5" /></mjloggm>