<mjloggm ver="2.3"><GO type="225" lobby="0"/><UN n0="%E5%B0%8F%E9%B3%A5%E9%81%8A%E7%B7%B4%E7%84%A1%32%31%E6%AD%B3" n1="%38%63%E3%81%AF%E3%81%A3%E3%81%97%E3%83%BC" n2="%6D%75%75%6D%75%72%61" n3="%E6%B8%A9%E2%98%85%E6%83%85%E2%98%85%E6%8E%AA%E2%98%85%E7%BD%AE" dan="16,16,16,16" rate="2148.89,2095.29,2160.58,2161.49" sx="F,M,F,M"/><TAIKYOKU oya="0"/><INIT seed="0,0,0,4,2,56" ten="250,250,250,250" oya="0" hai0="58,64,130,110,38,98,121,102,32,67,133,19,44" hai1="96,65,119,13,5,77,71,126,105,59,41,27,95" hai2="62,92,39,70,76,72,43,2,14,123,10,112,88" hai3="26,51,75,66,89,45,85,21,49,35,86,91,7"/><T60/><D121/><U129/><E119/><V124/><F123/><W37/><G75/><T57/><D130/><U120/><E120/><V54/><F112/><W122/><G122/><T25/><D133/><U94/><E129/><V23/><F124/><W63/><G35/><T84/><D84/><U46/><E71/><V131/><F131/><W33/><G33/><T53/><D110/><U11/><E126/><V108/><F108/><W15/><G37/><T36/><D19/><U83/><E105/><V113/><F2/><W111/><G111/><T29/><D44/><U18/><E27/><V30/><F113/><W78/><G78/><T9/><D9/><U73/><E18/><V22/><F39/><W90/><G15/><T101/><D101/><U4/><E4/><V16/><F43/><W97/><G97/><T106/><REACH who="0" step="1"/><D67/><REACH who="0" ten="240,250,250,250" step="2"/><U20/><E96/><N who="2" m="57351" /><F72/><W40/><G7/><T93/><D93/><U135/><E135/><V114/><F114/><W104/><G104/><T3/><D3/><U24/><E95/><V48/><F30/><W28/><G86/><T17/><D17/><U34/><E94/><V8/><F8/><W118/><G85/><T52/><D52/><U107/><E107/><V80/><F80/><W117/><G117/><T12/><D12/><U128/><E128/><V103/><F103/><W134/><G118/><T42/><D42/><U31/><E83/><V50/><F54/><W61/><G134/><T69/><D69/><U6/><E11/><V0/><F0/><W115/><G66/><T99/><D99/><U74/><E65/><N who="2" m="41271" /><F76/><W100/><G100/><RYUUKYOKU ba="0,1" sc="240,15,250,-15,250,15,250,-15" hai0="25,29,32,36,38,53,57,58,60,64,98,102,106" hai2="10,14,16,22,23,48,50" /><INIT seed="0,1,1,4,0,128" ten="255,235,265,235" oya="0" hai0="88,64,70,114,93,108,113,6,65,59,73,90,28" hai1="115,21,47,31,124,34,48,15,107,101,84,24,129" hai2="17,111,62,36,80,126,4,30,130,23,25,61,8" hai3="92,121,74,110,13,102,45,19,100,10,134,14,112"/><T76/><D70/><U49/><E129/><V33/><F130/><W98/><G112/><T122/><D122/><U105/><E115/><V50/><F36/><W60/><G121/><T72/><D6/><U68/><E68/><V135/><F111/><W123/><G123/><T87/><D28/><U2/><E2/><V75/><F126/><W96/><G74/><T85/><D59/><U32/><E124/><V43/><F135/><W77/><G110/><T26/><D26/><U71/><E71/><V67/><F43/><W116/><G116/><T35/><D35/><U51/><E47/><V39/><F50/><W117/><G117/><T3/><D3/><U86/><E101/><V79/><F39/><W38/><G134/><T37/><D37/><U56/><E56/><V109/><F109/><W42/><G77/><T22/><D22/><U89/><E86/><V11/><F67/><W95/><REACH who="3" step="1"/><G14/><REACH who="3" ten="255,235,265,225" step="2"/><T29/><D76/><U119/><E119/><V125/><F125/><W5/><G5/><T120/><D108/><U103/><E15/><V58/><F75/><W131/><G131/><T94/><D29/><U66/><E66/><V83/><F79/><W20/><G20/><T16/><D120/><U78/><E78/><V41/><F4/><W82/><G82/><T0/><D0/><U104/><REACH who="1" step="1"/><E103/><REACH who="1" ten="255,225,265,225" step="2"/><V12/><F12/><W118/><G118/><T53/><D113/><U91/><E91/><V99/><F80/><AGARI ba="1,3" hai="21,24,31,32,34,48,49,51,80,84,89,104,105,107" machi="80" ten="50,8000,1" yaku="1,1,53,3" doraHai="128" doraHaiUra="46" who="1" fromWho="2" sc="255,0,225,113,265,-83,225,0" /><INIT seed="1,0,0,3,4,104" ten="255,338,182,225" oya="1" hai0="36,122,43,99,51,35,66,9,96,11,54,84,16" hai1="58,77,56,75,85,81,120,25,101,76,5,47,134" hai2="21,59,100,63,103,20,117,4,130,55,33,52,125" hai3="41,19,69,34,86,127,106,70,132,135,92,108,128"/><U93/><E120/><V114/><F33/><W13/><G106/><T7/><D122/><U62/><E134/><N who="3" m="51242" /><G108/><T1/><D35/><U22/><E5/><V38/><F117/><W27/><G128/><T73/><D66/><U78/><E47/><V113/><F130/><W46/><G127/><T107/><D84/><U90/><E101/><N who="2" m="38987" /><F125/><W79/><G27/><T14/><D107/><U10/><E10/><V44/><F4/><W115/><G34/><T6/><D36/><U121/><E121/><V23/><F38/><N who="3" m="21815" /><G115/><N who="2" m="44041" /><F44/><W94/><G79/><T118/><D43/><U42/><E42/><V32/><F32/><W49/><G49/><T133/><D118/><U71/><E71/><N who="3" m="27146" /><G86/><T57/><D133/><U105/><E105/><V65/><AGARI ba="0,0" hai="20,21,23,52,55,59,63,65" m="44041,38987" machi="65" ten="40,2700,0" yaku="11,1,54,1" doraHai="104" who="2" fromWho="2" sc="255,-7,338,-13,182,27,225,-7" /><INIT seed="2,0,0,3,0,8" ten="248,325,209,218" oya="2" hai0="94,111,69,2,42,58,6,128,59,23,88,24,113" hai1="117,61,48,47,35,67,38,5,45,134,34,102,22" hai2="123,49,99,12,56,1,109,115,26,80,21,118,41" hai3="120,52,103,19,132,20,130,125,112,29,104,84,106"/><V89/><F115/><W87/><G120/><T62/><D113/><U63/><E117/><V107/><F123/><W90/><G112/><T78/><D111/><U119/><E119/><V100/><F118/><W81/><G132/><T25/><D78/><U82/><E102/><V74/><F1/><W66/><G130/><T54/><D128/><U70/><E63/><V17/><F109/><W15/><G125/><T31/><D42/><U101/><E101/><V7/><F7/><W91/><G66/><T16/><D69/><U96/><E96/><V73/><F89/><W27/><G103/><T64/><D2/><U95/><E95/><V122/><F122/><W131/><G52/><T13/><D6/><U4/><E22/><V32/><F80/><W39/><G39/><T46/><D46/><U85/><E45/><V14/><F41/><W98/><G98/><T36/><D31/><U68/><E68/><V18/><F32/><W86/><G131/><T30/><D30/><U83/><E38/><V71/><F71/><W92/><REACH who="3" step="1"/><G86/><REACH who="3" ten="248,325,209,208" step="2"/><N who="0" m="52503" /><D36/><U108/><E134/><V77/><F77/><W43/><G43/><T93/><D93/><U127/><E47/><V57/><F57/><W110/><G110/><T126/><D126/><U37/><E127/><V44/><F44/><W121/><G121/><T60/><AGARI ba="0,1" hai="13,16,23,24,25,54,58,59,60,62,64" m="52503" machi="60" ten="30,7900,0" yaku="8,1,52,1,54,2" doraHai="8" who="0" fromWho="0" sc="248,89,325,-20,209,-39,208,-20" /><INIT seed="3,0,0,1,3,73" ten="337,305,170,188" oya="3" hai0="54,51,97,40,59,123,84,26,42,45,23,117,9" hai1="105,13,83,37,102,95,111,41,14,2,122,108,21" hai2="100,36,5,110,28,118,29,55,16,33,49,129,81" hai3="119,113,62,92,66,17,53,4,57,86,99,125,48"/><W126/><G113/><T72/><D72/><U65/><E2/><V22/><F118/><W50/><G119/><T116/><D123/><U69/><E105/><V8/><F33/><W96/><G4/><T115/><D115/><U134/><E122/><V74/><F36/><W0/><G0/><T107/><D9/><U124/><E124/><N who="3" m="47722" /><G17/><T93/><D107/><U91/><E102/><V75/><F129/><W44/><G50/><T80/><D117/><U89/><E134/><V131/><F131/><W114/><G114/><T135/><D135/><U60/><E41/><V52/><F110/><W27/><G27/><T25/><D116/><U39/><E37/><V7/><F100/><W63/><G63/><T120/><D120/><U43/><E43/><V68/><F68/><W46/><G46/><T109/><D109/><U90/><E39/><V3/><F7/><W35/><G35/><T38/><D40/><U76/><E111/><V30/><F49/><W94/><G86/><T58/><D26/><U85/><E108/><V18/><F18/><W67/><G67/><T61/><D38/><U6/><E6/><V82/><F74/><W112/><G112/><T24/><D61/><U19/><REACH who="1" step="1"/><E13/><REACH who="1" ten="337,295,170,188" step="2"/><N who="2" m="9487" /><F75/><AGARI ba="0,1" hai="14,19,21,60,65,69,75,76,83,85,89,90,91,95" machi="75" ten="30,7700,0" yaku="1,1,7,1,52,1,53,1" doraHai="73" doraHaiUra="15" who="1" fromWho="2" sc="337,0,295,87,170,-77,188,0" owari="337,13.7,382,48.2,93,-40.7,188,-21.2" /></mjloggm>