<mjloggm ver="2.3"><GO type="225" lobby="0"/><UN n0="%72%69%6F%75%63%68%61%6E" n1="%E6%A1%9C%E8%8A%B1%E9%96%83%E3%80%85" n2="%E3%82%BC%E3%83%AB%E3%83%80%E3%81%AE%E4%BC%9D%E8%AA%AC" n3="%E4%B8%89%E5%86%A0%E7%8E%8B%E3%83%BB%E5%B1%B1%E7%94%B0%E5%93%B2%E4%BA%BA" dan="17,18,16,17" rate="2201.62,2179.15,2170.94,2144.91" sx="M,M,M,M"/><TAIKYOKU oya="0"/><INIT seed="0,0,0,5,4,93" ten="250,250,250,250" oya="0" hai0="94,92,105,23,41,128,24,130,54,98,95,77,7" hai1="120,42,60,126,78,91,135,14,57,52,66,48,68" hai2="19,38,13,75,69,39,30,5,32,61,84,71,87" hai3="0,103,90,88,44,26,67,111,8,64,31,21,37"/><T56/><D41/><U89/><E120/><V133/><F75/><W17/><G111/><T134/><D134/><U10/><E135/><V96/><F133/><W25/><G103/><T73/><D7/><U107/><E126/><V114/><F114/><W51/><G37/><T110/><D110/><U33/><E33/><V97/><F5/><W43/><G0/><T46/><D46/><U22/><E107/><V62/><F19/><W122/><G122/><T118/><D118/><U119/><E119/><V4/><F4/><W117/><G117/><T58/><D77/><U125/><E125/><V85/><F13/><N who="3" m="7335" /><G26/><T3/><D73/><U15/><E78/><V35/><REACH who="2" step="1"/><F85/><REACH who="2" ten="250,250,240,250" step="2"/><W9/><G9/><T102/><D3/><U106/><E15/><V123/><F123/><W80/><G80/><T40/><D40/><U20/><E42/><V59/><F59/><W83/><G83/><T104/><D56/><U101/><E10/><V131/><F131/><W16/><G31/><AGARI ba="0,1" hai="30,31,32,35,38,39,61,62,69,71,84,87,96,97" machi="31" ten="25,8000,1" yaku="1,1,22,2,52,2,53,0" doraHai="93" doraHaiUra="12" who="2" fromWho="3" sc="250,0,250,0,240,90,250,-80" /><INIT seed="1,0,0,1,5,105" ten="250,250,330,170" oya="1" hai0="14,74,116,120,1,75,130,106,122,7,80,54,3" hai1="29,25,81,59,124,40,132,70,104,41,51,117,62" hai2="8,44,109,87,121,134,102,108,16,56,11,48,125" hai3="91,72,103,6,13,107,85,82,0,131,33,4,36"/><U123/><E117/><V114/><F121/><N who="0" m="46698" /><D116/><U46/><E123/><V22/><F125/><W126/><G126/><T65/><D130/><U20/><E124/><V99/><F134/><W17/><G131/><T67/><D106/><U83/><E132/><V112/><F56/><W30/><G36/><T37/><D37/><U32/><E104/><N who="2" m="63583" /><F87/><W53/><G0/><N who="0" m="75" /><D80/><U23/><E70/><V66/><F66/><N who="0" m="25098" /><D54/><N who="1" m="34167" /><E32/><V84/><F84/><W42/><G42/><N who="1" m="16490" /><E20/><V98/><F98/><W10/><G107/><T71/><D71/><U89/><E89/><V50/><F8/><AGARI ba="0,0" hai="7,8,14,74,75" m="25098,75,46698" machi="8" ten="40,5200,0" yaku="13,1,52,2" doraHai="105" who="0" fromWho="2" sc="250,52,250,0,330,-52,170,0" /><INIT seed="2,0,0,5,0,41" ten="302,250,278,170" oya="2" hai0="53,52,54,55,29,84,8,101,99,86,32,64,89" hai1="96,30,28,58,85,87,27,19,129,75,35,59,100" hai2="2,74,61,135,40,97,130,36,76,131,33,7,126" hai3="103,73,16,108,11,123,39,94,60,106,71,17,113"/><V0/><F126/><W67/><G123/><T15/><D64/><U119/><E119/><V80/><F135/><W10/><G73/><T23/><D32/><U26/><E75/><V4/><F33/><W49/><G108/><T95/><N who="0" m="13312" /><DORA hai="107" /><T68/><D68/><U110/><E129/><N who="2" m="49163" /><F97/><W116/><G116/><T90/><D23/><U111/><E19/><V65/><F40/><W117/><G117/><T43/><D29/><U6/><E6/><N who="2" m="2091" /><F36/><W70/><G39/><T37/><D43/><U1/><E1/><V20/><F20/><W92/><G10/><T44/><D37/><U38/><E38/><V91/><F91/><N who="0" m="34826" /><D44/><U112/><E35/><V79/><F79/><W22/><G11/><T63/><D63/><U134/><E30/><V72/><F72/><W34/><G22/><T12/><D8/><U118/><E28/><V31/><F31/><W45/><G34/><T66/><D66/><U102/><E118/><V127/><F127/><W3/><G67/><T83/><D84/><U62/><E87/><V93/><F93/><W5/><G94/><T25/><D25/><U132/><E85/><V98/><F98/><W77/><G92/><T109/><D109/><U50/><E96/><V115/><F115/><W48/><G113/><T13/><D12/><U81/><E62/><V78/><F78/><AGARI ba="0,0" hai="13,15,78,83,86,95,99,101" m="34826,13312" machi="78" ten="40,2600,0" yaku="8,1,54,1" doraHai="41,107" who="0" fromWho="2" sc="302,26,250,0,278,-26,170,0" /><INIT seed="3,0,0,2,1,85" ten="328,250,252,170" oya="3" hai0="17,8,63,76,100,103,40,42,67,109,106,134,59" hai1="33,66,64,55,23,61,70,20,110,101,73,130,135" hai2="68,90,77,115,21,52,4,29,133,34,98,49,48" hai3="10,91,93,94,99,132,16,9,88,81,43,84,83"/><W118/><G118/><T124/><D109/><U1/><E33/><V22/><F68/><W41/><G132/><T0/><D124/><U26/><E110/><V45/><F115/><W129/><G129/><T62/><D134/><U114/><E135/><V120/><F133/><W24/><G9/><T80/><D106/><U6/><E114/><V87/><F120/><W5/><G83/><T13/><D0/><U75/><E130/><V53/><F4/><W3/><REACH who="3" step="1"/><G81/><REACH who="3" ten="328,250,252,160" step="2"/><T44/><D80/><U117/><E117/><V36/><F77/><W46/><G46/><T2/><D76/><U19/><E73/><V25/><F36/><W125/><G125/><T32/><D2/><U128/><E75/><V89/><F45/><W121/><G121/><T69/><D40/><U72/><E72/><V38/><F38/><W60/><G60/><T28/><D44/><U102/><E128/><V104/><F48/><W96/><G96/><T18/><D42/><U108/><E108/><V107/><F49/><W112/><G112/><T14/><D62/><U56/><E1/><V35/><F98/><W127/><G127/><T50/><D50/><U7/><E61/><V47/><F47/><W58/><G58/><T65/><D69/><U126/><E70/><V116/><F116/><W97/><G97/><T37/><D37/><U105/><E126/><V51/><F51/><W54/><G54/><T39/><D39/><U123/><E123/><V30/><F87/><W79/><G79/><T15/><D67/><U12/><E64/><V113/><F113/><W57/><G57/><T119/><D59/><RYUUKYOKU ba="0,1" sc="328,-15,250,-15,252,15,160,15" hai2="21,22,25,29,30,34,35,52,53,89,90,104,107" hai3="3,5,10,16,24,41,43,84,88,91,93,94,99" /><INIT seed="3,1,1,1,1,24" ten="313,235,267,175" oya="3" hai0="20,113,101,8,120,9,11,27,104,63,80,4,95" hai1="94,97,86,54,114,10,30,26,116,44,135,22,45" hai2="96,21,47,46,84,122,43,98,61,111,37,90,92" hai3="16,78,3,109,134,65,72,130,51,79,15,102,49"/><W133/><G3/><T59/><D120/><U12/><E114/><V38/><F122/><W40/><G130/><T2/><D113/><U69/><E135/><N who="3" m="51722" /><G65/><N who="0" m="39167" /><D104/><U64/><E116/><V7/><F111/><W93/><G109/><T19/><D2/><U117/><E117/><V74/><F74/><W32/><G32/><T71/><D71/><U48/><E69/><V42/><F7/><W105/><G105/><T81/><D4/><N who="1" m="3143" /><E64/><V56/><REACH who="2" step="1"/><F21/><REACH who="2" ten="313,235,257,175" step="2"/><N who="3" m="11423" /><G72/><T5/><D5/><U129/><E129/><V119/><F119/><W28/><G28/><T125/><D125/><U70/><E70/><V91/><F91/><W58/><G40/><T83/><D8/><U132/><E132/><V67/><AGARI ba="1,2" hai="37,38,42,43,46,47,56,61,67,84,90,92,96,98" machi="67" ten="20,5200,0" yaku="1,1,0,1,7,1,9,1,53,0" doraHai="24" doraHaiUra="124" who="2" fromWho="2" sc="313,-14,235,-14,257,75,175,-27" owari="299,9.9,221,-17.9,332,43.2,148,-35.2" /></mjloggm>