<mjloggm ver="2.3"><GO type="225" lobby="0"/><UN n0="%E3%81%B5%E3%81%98%E3%81%8B%E3%81%A4" n1="%72%65%6E%6B%75%6E" n2="%E3%82%A2%E3%83%BC%E3%83%A2%E3%83%AD%E3%83%BC%E3%83%B4%E3%82%A1" n3="%E4%BA%95%E5%B8%AF" dan="16,17,16,16" rate="2198.97,2210.63,2136.54,2059.02" sx="M,M,M,M"/><TAIKYOKU oya="0"/><INIT seed="0,0,0,0,2,111" ten="250,250,250,250" oya="0" hai0="15,10,19,21,120,43,63,91,69,98,94,118,16" hai1="29,31,59,78,58,115,110,102,74,123,122,4,37" hai2="121,26,95,14,40,5,44,34,52,105,60,108,100" hai3="50,93,17,131,3,124,36,116,130,101,128,7,106"/><T30/><D118/><U103/><E4/><V90/><F121/><W86/><G116/><T65/><D120/><U8/><E8/><N who="2" m="4367" /><F105/><W89/><G36/><T33/><D43/><U117/><E117/><V13/><F34/><W119/><G119/><T77/><D77/><U107/><E78/><V45/><F108/><W28/><G28/><T129/><D129/><U85/><E85/><V109/><F109/><W47/><G124/><T81/><D81/><U35/><E110/><V27/><F100/><W1/><G17/><T73/><D33/><U82/><E82/><V113/><F113/><W72/><G7/><T64/><D64/><U20/><E20/><V12/><F13/><W80/><G72/><T0/><D73/><U38/><E74/><V6/><F12/><W75/><G106/><T67/><D67/><U97/><E107/><V68/><F68/><W42/><REACH who="3" step="1"/><G75/><REACH who="3" ten="250,250,250,240" step="2"/><T48/><D30/><U62/><E35/><V53/><F6/><W51/><G51/><T88/><D48/><U32/><E32/><V24/><F40/><W76/><G76/><T11/><D0/><U132/><E62/><V99/><F60/><W134/><G134/><T104/><D104/><U18/><E18/><V2/><F2/><W55/><G55/><AGARI ba="0,1" hai="24,26,27,44,45,52,53,55,90,95,99" m="4367" machi="55" ten="30,2000,0" yaku="8,1,54,1" doraHai="111" who="2" fromWho="3" sc="250,0,250,0,250,30,240,-20" /><INIT seed="1,0,0,4,3,22" ten="250,250,280,220" oya="1" hai0="96,12,132,5,81,48,0,113,50,86,8,29,62" hai1="89,67,99,127,77,51,69,20,21,95,118,115,47" hai2="44,41,100,26,71,121,57,70,40,87,76,18,128" hai3="130,30,82,124,55,16,2,36,42,6,97,73,28"/><U11/><E118/><V105/><F121/><W92/><G124/><T3/><D113/><U61/><E115/><V108/><F105/><W75/><G55/><T119/><D119/><U131/><E127/><V38/><F100/><W93/><G93/><T65/><D132/><U52/><E131/><V1/><F1/><W112/><G75/><T107/><D29/><U27/><E77/><V110/><F41/><W125/><G130/><T60/><D60/><U4/><REACH who="1" step="1"/><E27/><REACH who="1" ten="250,240,280,220" step="2"/><V17/><F128/><W13/><G125/><T72/><D0/><AGARI ba="0,1" hai="0,4,11,20,21,47,51,52,61,67,69,89,95,99" machi="0" ten="30,11600,0" yaku="1,1,2,1,7,1,54,1,53,0" doraHai="22" doraHaiUra="83" who="1" fromWho="0" sc="250,-116,240,126,280,0,220,0" /><INIT seed="1,1,0,0,0,59" ten="134,366,280,220" oya="1" hai0="110,129,131,51,13,97,3,8,123,45,44,84,43" hai1="80,50,1,40,95,124,62,118,41,16,122,126,65" hai2="64,29,127,85,33,18,87,57,66,7,38,52,23" hai3="2,132,99,6,82,103,21,28,78,93,14,90,113"/><U61/><E1/><V119/><F119/><W108/><G113/><T54/><D3/><U105/><E105/><V42/><F7/><W77/><G108/><T67/><D110/><U89/><E118/><V32/><F38/><W69/><G69/><T134/><D97/><U72/><E122/><V81/><F42/><N who="1" m="16489" /><E50/><V53/><F127/><N who="1" m="48681" /><E65/><V128/><F128/><N who="0" m="49226" /><D84/><N who="1" m="52647" /><E16/><V39/><F39/><W96/><G2/><T17/><D67/><U106/><E106/><V133/><F18/><W109/><G109/><T26/><D123/><U116/><E116/><V135/><F66/><W25/><G6/><T27/><D134/><U0/><E0/><V130/><F64/><W63/><G132/><T76/><D76/><AGARI ba="1,0" hai="61,62,72,76,80" m="52647,48681,16489" machi="76" ten="30,5800,0" yaku="18,1,52,2" doraHai="59" who="1" fromWho="0" sc="134,-61,366,61,280,0,220,0" /><INIT seed="1,2,0,5,3,17" ten="73,427,280,220" oya="1" hai0="120,10,2,42,1,94,71,23,58,108,72,110,125" hai1="33,93,87,38,21,79,49,39,13,20,69,19,73" hai2="81,46,66,113,89,9,103,83,78,7,62,118,43" hai3="3,76,6,45,95,31,14,48,54,75,41,84,5"/><U52/><E33/><V51/><F118/><W37/><G31/><T24/><D71/><U100/><E69/><V26/><F113/><W63/><G63/><T15/><D72/><U121/><E121/><V115/><F115/><W55/><G14/><T82/><D42/><U4/><E4/><V16/><F103/><W40/><G6/><N who="0" m="3543" /><D82/><N who="1" m="47583" /><E73/><N who="2" m="43215" /><F89/><W53/><G41/><T101/><D94/><U25/><E39/><N who="2" m="21887" /><F83/><N who="3" m="45471" /><G84/><T90/><D101/><U88/><E100/><V124/><F51/><W111/><G95/><T57/><D90/><U112/><E38/><V129/><F62/><W104/><G104/><T59/><D59/><N who="1" m="33167" /><E112/><V70/><F70/><W61/><G61/><T117/><D58/><U99/><E25/><V86/><F66/><W32/><G32/><T106/><D57/><U122/><E122/><V47/><F47/><W119/><G119/><T128/><D106/><U74/><E74/><V109/><F7/><W29/><G5/><T107/><D107/><U35/><E35/><V56/><F56/><W77/><G37/><T68/><D68/><U91/><E91/><V130/><F26/><W65/><G77/><T85/><D117/><U135/><E135/><V126/><F126/><W92/><G92/><T34/><D120/><U127/><E127/><V114/><F124/><W105/><G105/><T134/><D125/><U22/><AGARI ba="2,0" hai="13,19,20,21,22,88,93,99" m="33167,47583" machi="22" ten="30,18000,2" yaku="8,1,52,3,54,2" doraHai="17" who="1" fromWho="1" sc="73,-62,427,186,280,-62,220,-62" /><INIT seed="1,3,0,4,5,2" ten="11,613,218,158" oya="1" hai0="50,134,5,13,56,25,8,10,123,89,27,34,1" hai1="38,40,73,114,88,133,82,131,120,19,28,46,97" hai2="71,112,86,75,102,94,32,35,109,45,43,126,6" hai3="108,130,125,52,16,0,69,20,21,107,80,44,116"/><U68/><E68/><V48/><F75/><W33/><G107/><T93/><D123/><U90/><E120/><V29/><F71/><W95/><G69/><T47/><D134/><U15/><E114/><V24/><F109/><W128/><G33/><T70/><D70/><U62/><E131/><N who="3" m="50218" /><G108/><T105/><D105/><U11/><E133/><V22/><F126/><W110/><G110/><T99/><D56/><U106/><E28/><V103/><F112/><W67/><G67/><T59/><D59/><U7/><E62/><V100/><F6/><W55/><G125/><T81/><D81/><U12/><E106/><V135/><F135/><W41/><G116/><T18/><REACH who="0" step="1"/><D34/><REACH who="0" ten="1,613,218,158" step="2"/><U74/><E97/><V111/><F111/><W61/><G80/><T98/><D98/><U118/><E118/><V87/><F35/><W63/><G61/><T113/><D113/><U119/><E119/><V78/><F32/><W91/><G63/><T127/><D127/><U101/><E101/><V124/><F124/><W84/><G0/><T51/><D51/><U83/><E83/><N who="2" m="47479" /><F103/><W117/><G117/><T115/><D115/><U129/><E129/><V79/><F94/><W31/><G95/><T14/><D14/><U37/><E37/><V77/><F102/><W121/><G121/><T92/><D92/><U60/><E60/><V17/><F100/><W53/><G44/><T85/><D85/><U122/><E122/><V65/><F87/><W3/><G84/><T30/><D30/><U42/><E82/><V9/><F65/><W57/><G31/><T132/><D132/><U104/><E104/><RYUUKYOKU ba="3,1" sc="1,15,613,-15,218,15,158,-15" hai0="1,5,8,10,13,18,25,27,47,50,89,93,99" hai2="9,17,22,24,29,43,45,48,77,79" /><INIT seed="2,4,1,4,2,120" ten="16,598,233,143" oya="2" hai0="3,85,102,4,7,37,106,56,44,1,92,68,17" hai1="12,63,70,28,67,96,64,116,97,130,95,65,39" hai2="54,90,124,13,52,117,24,75,8,43,30,58,104" hai3="25,55,48,88,18,113,134,60,121,99,19,32,100"/><V78/><F117/><W107/><G121/><T108/><D68/><U126/><E116/><V59/><F104/><W61/><G134/><T21/><D106/><U41/><E130/><V133/><F43/><W94/><G113/><T128/><D128/><U23/><E126/><V22/><F124/><W62/><G32/><T9/><D56/><U122/><E122/><V86/><F78/><W83/><G25/><T53/><D108/><U115/><E115/><V91/><F75/><W74/><G74/><T132/><D132/><U51/><E39/><V46/><F46/><W40/><G40/><T20/><D37/><U81/><E81/><V29/><F29/><W111/><G111/><T34/><D34/><U26/><E12/><V5/><F133/><W114/><G114/><T14/><D44/><U31/><E31/><V119/><F119/><W79/><G79/><T112/><D112/><U27/><E27/><V127/><F127/><W103/><G103/><T101/><D53/><N who="2" m="20586" /><F91/><W69/><G69/><T131/><D131/><U15/><E28/><V98/><F98/><W45/><REACH who="3" step="1"/><G107/><REACH who="3" ten="16,598,233,133" step="2"/><T71/><D71/><U125/><E41/><V76/><F76/><W77/><G77/><T11/><REACH who="0" step="1"/><D21/><REACH who="0" ten="6,598,233,133" step="2"/><U33/><E70/><V49/><F49/><W42/><G42/><T2/><D2/><U123/><E51/><V57/><F57/><W84/><AGARI ba="4,3" hai="18,19,45,48,55,60,61,62,83,84,88,94,99,100" machi="84" ten="30,7900,0" yaku="1,1,0,1,8,1,54,1,53,0" doraHai="120" doraHaiUra="6" who="3" fromWho="3" sc="6,-24,598,-24,233,-43,133,121" owari="-18,-51.8,574,67.4,190,-21.0,254,5.4" /></mjloggm>