<mjloggm ver="2.3"><GO type="225" lobby="0"/><UN n0="%E7%8D%85%E5%AD%90%E6%80%92%E3%82%93" n1="%E7%BD%AA%E5%88%91%E6%B3%95%E5%AE%9A%E4%B8%BB%E7%BE%A9" n2="%E8%90%BD%E6%97%A5" n3="%E3%81%AF%E3%82%88%E3%81%8A%E3%81%98%E3%81%95%E3%82%93" dan="16,16,19,16" rate="2182.43,2149.82,2275.80,2156.47" sx="M,M,F,M"/><TAIKYOKU oya="0"/><INIT seed="0,0,0,4,1,122" ten="250,250,250,250" oya="0" hai0="23,34,50,14,44,76,9,52,25,127,10,116,64" hai1="102,49,106,104,75,16,74,11,67,54,95,85,111" hai2="59,87,77,6,79,115,69,92,26,80,29,24,47" hai3="134,130,82,1,78,31,36,103,20,72,81,99,101"/><T131/><D116/><U39/><E39/><V38/><F69/><W42/><G1/><T113/><D113/><U57/><E67/><V114/><F6/><W4/><G4/><T133/><D127/><U2/><E2/><V89/><F79/><W21/><G130/><T105/><D105/><U109/><E106/><V40/><F59/><W93/><G134/><T28/><D131/><U118/><E104/><V41/><F41/><W90/><G81/><T22/><D133/><U128/><E128/><V3/><F3/><W7/><G7/><T13/><D76/><U12/><E118/><V107/><F107/><W126/><G126/><T65/><D34/><U66/><E66/><N who="0" m="25705" /><D22/><U56/><E56/><V45/><F45/><W84/><G31/><T112/><D112/><U60/><E60/><V86/><REACH who="2" step="1"/><F24/><REACH who="2" ten="250,250,240,250" step="2"/><W108/><G78/><T94/><D94/><U132/><E132/><V98/><F98/><W73/><G99/><T83/><D83/><U17/><E75/><V61/><F61/><W123/><G93/><T30/><D30/><U117/><E74/><V88/><F88/><W55/><G90/><T120/><D120/><U96/><E117/><V51/><F51/><W100/><G123/><T33/><D33/><AGARI ba="0,1" hai="26,29,33,38,40,47,77,80,86,87,89,92,114,115" machi="33" ten="30,2000,0" yaku="1,1,7,1,53,0" doraHai="122" doraHaiUra="129" who="2" fromWho="0" sc="250,-20,250,0,240,30,250,0" /><INIT seed="1,0,0,2,2,6" ten="230,250,270,250" oya="1" hai0="86,118,100,24,63,32,10,114,3,26,84,4,131" hai1="107,43,125,132,93,15,39,69,72,106,38,102,133" hai2="94,44,21,117,98,49,60,52,35,13,62,96,129" hai3="121,65,97,130,9,91,48,85,66,25,23,40,11"/><U42/><E72/><V76/><F117/><W45/><G130/><T70/><D118/><U113/><E93/><V79/><F35/><W56/><G121/><T71/><D114/><U87/><E87/><V46/><F129/><W88/><G97/><T67/><D131/><U22/><E113/><V77/><F46/><W53/><G66/><T122/><D122/><U29/><E69/><V31/><F96/><W18/><G65/><T90/><D71/><U115/><E115/><V57/><F44/><W95/><REACH who="3" step="1"/><G91/><REACH who="3" ten="230,250,270,240" step="2"/><T116/><D116/><U73/><E133/><V61/><F79/><W27/><G27/><T124/><D100/><U19/><E102/><V68/><F77/><W47/><G47/><T109/><D90/><U34/><E132/><V123/><F76/><W36/><AGARI ba="0,1" hai="9,11,18,23,25,36,40,45,48,53,56,85,88,95" machi="36" ten="20,12000,2" yaku="1,1,0,1,7,1,52,2,54,1,53,1" doraHai="6" doraHaiUra="51" who="3" fromWho="3" sc="230,-30,250,-60,270,-30,240,130" /><INIT seed="2,0,0,1,4,63" ten="200,190,240,370" oya="2" hai0="118,49,17,27,81,55,74,97,19,102,129,132,62" hai1="31,20,77,23,35,79,107,99,82,85,3,21,39" hai2="0,116,14,41,108,105,103,111,2,34,52,44,127" hai3="56,110,25,133,84,8,73,40,86,70,101,120,37"/><V123/><F116/><W124/><G70/><T1/><D1/><U13/><E3/><V42/><F123/><W134/><G73/><T60/><D118/><U95/><E107/><V115/><F115/><W24/><G120/><T80/><D129/><U119/><E119/><V29/><F127/><W131/><G124/><T11/><D132/><U122/><E122/><V135/><F135/><W93/><G131/><T22/><D74/><U45/><E79/><V89/><F14/><W36/><G110/><N who="2" m="42025" /><F89/><W10/><G56/><T33/><D33/><U91/><E35/><V67/><F67/><W57/><G57/><T30/><D80/><U28/><REACH who="1" step="1"/><E13/><REACH who="1" ten="200,180,240,370" step="2"/><V109/><F109/><W65/><G134/><T75/><D75/><U54/><E54/><V68/><F2/><W71/><G133/><T18/><D11/><U128/><E128/><V5/><F52/><W66/><G8/><T64/><D64/><U130/><E130/><V58/><F0/><W78/><G10/><T46/><REACH who="0" step="1"/><D81/><REACH who="0" ten="190,180,240,370" step="2"/><U12/><E12/><V9/><F34/><W121/><G65/><T88/><D88/><U90/><E90/><V112/><F9/><W51/><G66/><T32/><D32/><U104/><E104/><AGARI ba="0,2" hai="17,18,19,22,27,30,46,49,55,60,62,97,102,104" machi="104" ten="40,2600,0" yaku="1,1,53,1" doraHai="63" doraHaiUra="47" who="0" fromWho="1" sc="190,46,180,-26,240,0,370,0" /><INIT seed="3,0,0,3,2,117" ten="236,154,240,370" oya="3" hai0="53,100,101,127,76,95,110,90,133,93,98,11,78" hai1="34,82,75,124,49,121,14,105,36,33,51,35,18" hai2="60,132,107,61,80,77,10,25,69,104,44,131,6" hai3="83,16,64,97,55,50,68,96,111,106,67,19,2"/><W13/><G2/><T103/><D110/><U126/><E36/><V40/><F131/><W114/><G114/><T102/><D127/><U99/><E75/><V71/><F132/><W79/><G111/><T56/><D11/><U63/><E82/><V47/><F25/><W46/><G19/><T89/><N who="0" m="25600" /><DORA hai="128" /><T113/><D113/><U91/><E105/><V94/><F94/><W8/><G106/><T1/><D1/><U81/><E63/><V85/><F47/><W24/><G24/><T39/><D39/><U32/><N who="1" m="8192" /><DORA hai="59" /><U15/><E15/><N who="2" m="5591" /><F71/><W109/><G109/><T122/><D122/><U130/><E130/><V58/><F69/><W120/><G120/><T54/><D133/><U135/><E135/><V123/><F123/><W17/><G17/><T43/><D43/><U92/><E81/><V87/><F87/><N who="3" m="48639" /><G68/><T27/><D27/><U62/><E62/><N who="2" m="24171" /><F58/><W52/><G55/><N who="0" m="21003" /><D56/><U31/><E31/><V26/><F26/><W42/><G52/><T28/><D28/><U134/><E134/><V38/><F38/><W72/><G72/><T116/><D116/><U12/><E121/><V22/><F22/><W21/><G21/><T0/><D0/><U119/><E119/><V45/><F45/><W74/><G74/><T65/><D65/><AGARI ba="0,0" hai="8,13,16,42,46,50,64,65,67,96,97" m="48639" machi="65" ten="30,2900,0" yaku="8,1,54,1" doraHai="117,128,59" who="3" fromWho="0" sc="236,-29,154,0,240,0,370,29" owari="207,-19.3,154,-34.6,240,4.0,399,49.9" /></mjloggm>