<mjloggm ver="2.3"><GO type="225" lobby="0"/><UN n0="%72%61%6B%33" n1="%E3%81%86%E3%81%A9%E3%82%93%E3%81%93" n2="%E9%B3%B3%E6%9D%B1%E3%81%AE%E3%81%86%E3%81%95%E3%81%8E%E3%81%95%E3%82%93" n3="%E3%82%A2%E3%82%A4%E3%82%B9%E3%83%86%E3%82%A3%E3%83%BC%E3%81%82%E3%81%B9" dan="16,16,17,16" rate="2091.36,2148.76,2229.23,2123.76" sx="M,M,M,M"/><TAIKYOKU oya="0"/><INIT seed="0,0,0,3,2,75" ten="250,250,250,250" oya="0" hai0="43,37,45,26,99,48,76,132,30,6,12,80,66" hai1="68,116,90,3,79,135,104,34,114,40,72,129,5" hai2="77,100,97,41,120,73,56,8,123,122,50,7,39" hai3="119,10,1,35,58,71,118,85,105,54,95,89,23"/><T110/><D132/><U82/><RYUUKYOKU type="yao9" ba="0,0" sc="250,0,250,0,250,0,250,0" hai1="3,5,34,40,68,72,79,82,90,104,114,116,129,135" /><INIT seed="0,1,0,1,2,29" ten="250,250,250,250" oya="0" hai0="55,135,90,5,41,34,38,59,78,103,46,110,98" hai1="99,14,30,49,133,17,19,60,16,12,66,2,36" hai2="72,58,24,113,37,124,93,106,61,27,81,20,57" hai3="45,33,130,56,22,79,40,39,76,26,32,86,131"/><T95/><D135/><U67/><E36/><V109/><F113/><W92/><G56/><T0/><D110/><U120/><E120/><V119/><F106/><W43/><G40/><T94/><D78/><U123/><E2/><V82/><F109/><W28/><G92/><T100/><D34/><N who="3" m="13417" /><G86/><T31/><D31/><U134/><E123/><V10/><F93/><W53/><G53/><T104/><D104/><U85/><E30/><V44/><F58/><W105/><G105/><T21/><D21/><U115/><E115/><V84/><F20/><W129/><AGARI ba="1,0" hai="22,26,28,39,43,45,76,79,129,130,131" m="13417" machi="129" ten="40,8000,1" yaku="19,1,52,3" doraHai="29" who="3" fromWho="3" sc="250,-41,250,-21,250,-21,250,83" /><INIT seed="1,0,0,4,5,115" ten="209,229,229,333" oya="1" hai0="75,74,122,1,124,77,16,97,116,114,108,125,0" hai1="94,31,90,128,24,20,130,98,111,95,110,62,134" hai2="32,30,17,84,5,7,68,73,37,23,39,80,91" hai3="86,53,79,6,105,29,8,70,33,78,18,129,57"/><U88/><E134/><V52/><F68/><W103/><G70/><T83/><D114/><U2/><E62/><V27/><F73/><W101/><G18/><T89/><D108/><N who="1" m="41515" /><E2/><V76/><F76/><W36/><G36/><T117/><D75/><U55/><E55/><V49/><F39/><W51/><G129/><N who="1" m="49770" /><E95/><V47/><REACH who="2" step="1"/><F37/><REACH who="2" ten="209,229,219,333" step="2"/><W92/><G79/><T81/><D77/><U100/><AGARI ba="0,1" hai="20,24,31,88,90,94,98,100" m="49770,41515" machi="100" ten="30,11700,0" yaku="14,1,10,1,19,1,54,1" doraHai="115" who="1" fromWho="1" sc="209,-39,229,127,219,-39,333,-39" /><INIT seed="1,1,0,3,4,65" ten="170,356,180,294" oya="1" hai0="105,15,58,66,40,37,111,47,132,124,7,116,86" hai1="117,20,106,14,17,67,23,95,71,81,1,56,78" hai2="97,75,82,85,0,108,87,100,55,8,12,123,28" hai3="112,76,61,46,92,34,102,119,91,129,35,84,134"/><U90/><E106/><V126/><F123/><W24/><G112/><T103/><D116/><U93/><E1/><V30/><F0/><W25/><G119/><T18/><D111/><U22/><E117/><V11/><F108/><W131/><G134/><T130/><D132/><U31/><E71/><V57/><F75/><W41/><G76/><T62/><D124/><U133/><E133/><V98/><F126/><W80/><G61/><T27/><D130/><N who="3" m="49673" /><G102/><T94/><D105/><U16/><E31/><N who="2" m="11819" /><F100/><W53/><G53/><T49/><D27/><N who="3" m="10313" /><G92/><T109/><D109/><U44/><E93/><V2/><F2/><W101/><G101/><T127/><D127/><U125/><E125/><V107/><F107/><W77/><G91/><T83/><D103/><U104/><E104/><V45/><F45/><W4/><G4/><T114/><D7/><U70/><E44/><V68/><F82/><W121/><G121/><T63/><D94/><U39/><E95/><V72/><F55/><W89/><G89/><T135/><D135/><U52/><E90/><V99/><F99/><W3/><G3/><T122/><D122/><U42/><E52/><V64/><F98/><W51/><AGARI ba="1,0" hai="34,35,41,46,51,77,80,84" m="10313,49673" machi="51" ten="30,1100,0" yaku="19,1" doraHai="65" who="3" fromWho="3" sc="170,-4,356,-6,180,-4,294,14" /><INIT seed="2,0,0,1,1,76" ten="166,350,176,308" oya="2" hai0="9,4,22,123,117,18,57,89,129,33,1,101,108" hai1="128,90,5,88,94,87,75,61,68,46,122,86,2" hai2="36,82,26,92,30,28,120,116,119,65,103,47,107" hai3="124,48,62,121,10,112,21,16,37,104,109,106,83"/><V74/><F120/><W127/><G109/><T40/><D123/><U15/><E75/><V97/><F30/><W0/><G37/><T3/><D108/><U38/><E2/><V59/><F107/><W41/><G121/><T131/><D101/><U42/><E122/><V98/><F98/><W43/><G112/><T126/><D40/><N who="3" m="15433" /><G48/><T105/><D105/><U39/><E128/><V19/><F19/><W91/><G62/><T69/><D69/><U93/><E39/><V95/><F95/><W79/><G91/><T110/><D89/><U66/><E15/><V27/><F47/><W6/><G79/><T34/><D57/><U130/><E130/><N who="0" m="49673" /><D110/><U56/><E5/><V53/><F36/><W71/><G71/><AGARI ba="0,0" hai="38,42,46,56,61,66,68,71,86,87,88,90,93,94" machi="71" ten="40,2600,0" yaku="9,1,54,1" doraHai="76" who="1" fromWho="3" sc="166,0,350,26,176,0,308,-26" /><INIT seed="3,0,0,3,5,20" ten="166,376,176,282" oya="3" hai0="90,35,115,58,21,114,12,41,81,46,100,43,22" hai1="44,30,72,92,132,78,69,52,116,83,112,60,117" hai2="47,24,87,19,65,23,102,54,126,99,39,97,73" hai3="104,70,56,18,32,80,103,26,42,85,125,57,94"/><W95/><G125/><T110/><D35/><U134/><E112/><N who="0" m="43049" /><D110/><U91/><E30/><V101/><F73/><W27/><G70/><T51/><D100/><N who="2" m="38506" /><F39/><W8/><G32/><T84/><D41/><U61/><E44/><V111/><F126/><W0/><G42/><T88/><D12/><U59/><E60/><V105/><F105/><W135/><G135/><N who="1" m="51754" /><E69/><V3/><F3/><W68/><G68/><T4/><D4/><U62/><E62/><V67/><F87/><AGARI ba="0,0" hai="52,59,61,72,78,83,87,91,92,116,117" m="51754" machi="87" ten="30,2000,0" yaku="20,1,54,1" doraHai="20" who="1" fromWho="2" sc="166,0,376,20,176,-20,282,0" owari="166,-23.4,396,49.6,156,-34.4,282,8.2" /></mjloggm>