<mjloggm ver="2.3"><GO type="225" lobby="0"/><UN n0="%4B%2E%32%2E%4B%2E" n1="%E6%98%93%E5%88%A9%E8%96%A9%E4%BC%AF" n2="%28%EF%BF%A3%E2%96%BD%EF%BF%A3%29%CE%B4%E2%8C%92%E3%83%BB" n3="%E7%8B%82%E6%B0%97%E3%81%AE%E7%9E%B3" dan="17,16,17,16" rate="2194.08,2086.96,2252.25,2035.64" sx="M,F,M,F"/><TAIKYOKU oya="0"/><INIT seed="0,0,0,4,1,34" ten="250,250,250,250" oya="0" hai0="22,80,106,105,60,92,64,68,121,110,111,67,82" hai1="76,69,30,95,43,33,93,113,15,108,46,27,14" hai2="72,120,57,71,134,7,48,51,8,2,87,75,41" hai3="91,59,117,73,65,52,94,84,19,74,135,21,10"/><T0/><D121/><U45/><E108/><N who="0" m="41513" /><D92/><U86/><E69/><V78/><F71/><W20/><G117/><T99/><D67/><U100/><E46/><V40/><F120/><W127/><G127/><T116/><D116/><U24/><E24/><V18/><F134/><W1/><G135/><T17/><D0/><U32/><E32/><V126/><F126/><W58/><G65/><T132/><D132/><U131/><E131/><V70/><F70/><W124/><G124/><T26/><D99/><U125/><E113/><V11/><F57/><W118/><G59/><T61/><D60/><U28/><E28/><V42/><F72/><W88/><G91/><T133/><D133/><U104/><E104/><AGARI ba="0,0" hai="17,22,26,61,64,68,80,82,104,105,106" m="41513" machi="104" ten="30,2900,0" yaku="14,1,10,1" doraHai="34" who="0" fromWho="1" sc="250,29,250,-29,250,0,250,0" /><INIT seed="0,1,0,0,2,80" ten="279,221,250,250" oya="0" hai0="123,74,23,38,121,37,129,22,32,27,3,43,35" hai1="106,34,5,83,133,86,62,28,82,55,102,94,25" hai2="132,105,84,10,128,69,101,21,131,45,20,85,40" hai3="68,135,72,64,15,26,44,107,11,8,48,118,52"/><T57/><D74/><U81/><E133/><V99/><F69/><W111/><G118/><T66/><D3/><U71/><E5/><V50/><F132/><W73/><G135/><T96/><D96/><U60/><E71/><V19/><F10/><W92/><G107/><T4/><D4/><U54/><E106/><V47/><F47/><W70/><G8/><T53/><D66/><U122/><E122/><V110/><F110/><W24/><G111/><T134/><D129/><N who="2" m="49738" /><F21/><W91/><G70/><T88/><D22/><U78/><E102/><V114/><F114/><W79/><G64/><T46/><D37/><U75/><E94/><V119/><F119/><W56/><G68/><T112/><D112/><U17/><E17/><V0/><F0/><W89/><G44/><T49/><D134/><U59/><REACH who="1" step="1"/><E75/><REACH who="1" ten="279,211,250,250" step="2"/><V12/><AGARI ba="1,1" hai="12,19,20,40,45,50,84,85,99,101,105" m="49738" machi="12" ten="30,4000,0" yaku="19,1,52,2" doraHai="80" who="2" fromWho="2" sc="279,-21,211,-11,250,53,250,-11" /><INIT seed="1,0,0,0,5,56" ten="258,200,303,239" oya="1" hai0="69,19,60,22,121,118,93,83,66,2,84,61,16" hai1="96,7,49,130,73,36,123,94,47,62,33,34,53" hai2="112,50,1,113,90,77,127,92,126,102,128,74,58" hai3="110,9,99,78,129,26,89,39,43,111,4,12,101"/><U0/><E123/><V134/><F1/><W64/><G129/><T119/><D121/><U31/><E73/><V23/><F128/><W14/><G78/><T15/><D2/><U72/><E72/><V81/><F23/><W88/><G26/><T20/><D93/><U27/><E36/><V57/><F102/><W18/><G43/><T54/><D54/><U103/><E130/><V45/><F134/><W122/><G39/><T32/><D60/><U42/><E34/><V120/><F120/><W67/><G122/><T132/><D132/><U8/><REACH who="1" step="1"/><E42/><REACH who="1" ten="258,190,303,239" step="2"/><N who="2" m="24887" /><F127/><W44/><G110/><T98/><D32/><U80/><E80/><V11/><F126/><W114/><G111/><T6/><D118/><U75/><E75/><V107/><F81/><W71/><G114/><T65/><D119/><U106/><E106/><V37/><F107/><W116/><G116/><T30/><D83/><U97/><E97/><V133/><F74/><W131/><G131/><T108/><D98/><U124/><E124/><V125/><F125/><W52/><G99/><T35/><D108/><U79/><E79/><V5/><F77/><W51/><G101/><T55/><D35/><U68/><E68/><V24/><F37/><W63/><G67/><T82/><D66/><U17/><E17/><V115/><F112/><W59/><G71/><T85/><D82/><U29/><E29/><V135/><F113/><W40/><G64/><T21/><D30/><U25/><E25/><V76/><F24/><W105/><G105/><T28/><D28/><U38/><E38/><V91/><F115/><W46/><G46/><RYUUKYOKU ba="0,1" sc="258,-15,190,15,303,-15,239,15" hai1="0,7,8,27,31,33,47,49,53,62,94,96,103" hai3="4,9,12,14,18,40,44,51,52,59,63,88,89" /><INIT seed="1,1,1,4,1,111" ten="243,205,288,254" oya="1" hai0="130,119,37,71,124,61,58,133,34,63,2,57,102" hai1="88,76,96,16,12,35,20,6,97,59,7,11,54" hai2="47,10,78,73,68,26,84,100,131,45,62,85,17" hai3="32,69,117,23,99,64,135,74,50,87,5,77,121"/><U65/><E35/><V125/><F125/><W29/><G117/><T122/><RYUUKYOKU type="yao9" ba="1,1" sc="243,0,205,0,288,0,254,0" hai0="2,34,37,57,58,61,63,71,102,119,122,124,130,133" /><INIT seed="1,2,1,0,3,104" ten="243,205,288,254" oya="1" hai0="81,90,16,64,133,122,66,85,120,129,51,17,39" hai1="113,112,5,6,84,28,70,80,12,107,19,34,58" hai2="106,60,86,95,29,48,99,98,131,93,72,100,119" hai3="118,123,101,91,109,37,74,77,35,15,56,3,121"/><U23/><E70/><V41/><F72/><W92/><G3/><T75/><D39/><U42/><E107/><V11/><F119/><W44/><G35/><T132/><D129/><U126/><E42/><V71/><F131/><W0/><G0/><T31/><D31/><U38/><E38/><V88/><F29/><W8/><G109/><T103/><D103/><U102/><E102/><V1/><F41/><W94/><G118/><T62/><D51/><U78/><E126/><V20/><F48/><W68/><G68/><N who="0" m="42007" /><D66/><U49/><E112/><V40/><F60/><W25/><G25/><T76/><D90/><U55/><REACH who="1" step="1"/><E113/><REACH who="1" ten="243,195,288,254" step="2"/><V125/><F40/><N who="3" m="22543" /><G101/><T9/><D122/><U43/><E43/><V30/><F71/><W32/><G121/><T61/><D120/><U87/><E87/><V111/><F125/><W24/><G123/><T54/><D85/><U33/><E33/><V45/><F106/><W13/><G74/><T105/><D105/><U22/><E22/><V79/><F86/><W10/><G32/><T117/><D117/><U50/><E50/><V36/><F20/><W63/><G77/><T127/><D127/><U26/><AGARI ba="2,2" hai="5,6,12,19,23,26,28,34,49,55,58,78,80,84" machi="26" ten="30,3000,0" yaku="1,1,0,1,53,0" doraHai="104" doraHaiUra="130" who="1" fromWho="1" sc="243,-12,195,56,288,-12,254,-12" /><INIT seed="1,3,0,5,1,117" ten="231,251,276,242" oya="1" hai0="110,51,53,33,108,69,74,21,95,127,12,94,36" hai1="17,78,24,71,89,41,82,49,118,10,84,15,28" hai2="128,58,134,1,5,16,130,77,92,79,3,13,122" hai3="119,62,131,133,90,68,126,115,37,30,9,63,40"/><U97/><E71/><V107/><F107/><W55/><G119/><T50/><D36/><U81/><E118/><V75/><F134/><W99/><G115/><T8/><D33/><U103/><E41/><V129/><F5/><W121/><G133/><T0/><D74/><U11/><E49/><V114/><F114/><W96/><G131/><T80/><D69/><U20/><E103/><V113/><F113/><W47/><G126/><T56/><D127/><U91/><E97/><V46/><F46/><W101/><G121/><T73/><D21/><U112/><E112/><V104/><F104/><W105/><G9/><T102/><D0/><N who="2" m="74" /><F75/><W59/><G30/><T98/><D94/><U23/><REACH who="1" step="1"/><E91/><REACH who="1" ten="231,241,276,242" step="2"/><V116/><F116/><W19/><G90/><T26/><D50/><U85/><AGARI ba="3,1" hai="10,11,15,17,20,23,24,28,78,81,82,84,85,89" machi="85" ten="20,12000,1" yaku="1,1,2,1,0,1,7,1,8,1,53,0" doraHai="117" doraHaiUra="124" who="1" fromWho="1" sc="231,-43,241,139,276,-43,242,-43" /><INIT seed="1,4,0,5,3,100" ten="188,380,233,199" oya="1" hai0="11,128,39,1,122,98,33,44,7,77,27,84,82" hai1="133,49,83,81,14,41,134,19,79,2,6,34,45" hai2="37,36,97,107,101,78,116,91,0,59,110,56,61" hai3="8,68,67,119,126,30,50,64,102,63,75,130,76"/><U127/><E34/><V58/><F116/><W74/><G119/><T17/><D128/><U123/><E123/><V69/><F0/><W52/><G130/><T109/><D109/><U15/><E127/><V121/><F121/><W73/><G126/><T40/><D122/><U4/><E81/><V95/><F110/><W93/><G67/><T96/><REACH who="0" step="1"/><D17/><REACH who="0" ten="178,380,233,199" step="2"/><U25/><E19/><V94/><F61/><W71/><G30/><AGARI ba="4,1" hai="1,7,11,27,30,33,39,40,44,77,82,84,96,98" machi="30" ten="40,2600,0" yaku="1,1,2,1,53,0" doraHai="100" doraHaiUra="89" who="0" fromWho="3" sc="178,48,380,0,233,0,199,-38" /><INIT seed="2,0,0,3,5,97" ten="226,380,233,161" oya="2" hai0="72,130,95,5,70,117,42,35,87,26,67,101,75" hai1="61,119,37,80,114,116,4,118,88,104,122,50,106" hai2="17,66,86,102,110,73,135,99,10,71,124,25,33" hai3="15,44,62,93,40,91,47,30,132,45,74,43,109"/><V82/><F73/><W20/><G74/><T24/><D130/><U98/><E37/><V21/><F124/><W89/><G132/><T105/><D24/><U52/><E61/><V29/><F135/><W83/><G109/><T56/><D56/><U107/><E114/><V13/><F110/><W64/><G83/><T46/><D5/><U85/><E4/><V16/><F71/><W84/><G91/><N who="0" m="53759" /><D46/><U36/><E36/><V133/><F66/><W8/><G30/><N who="0" m="19927" /><D42/><U112/><E112/><V115/><F133/><W96/><G20/><T51/><D51/><U31/><E31/><V100/><F99/><W49/><G84/><T131/><D131/><U39/><E39/><V111/><F111/><W57/><REACH who="3" step="1"/><G43/><REACH who="3" ten="226,380,233,151" step="2"/><T123/><D72/><U92/><E122/><V126/><F115/><W90/><G90/><T3/><D75/><U41/><E41/><V6/><F126/><W22/><G22/><T7/><D123/><U121/><E121/><V14/><F6/><AGARI ba="0,1" hai="6,8,15,40,44,45,47,49,57,62,64,89,93,96" machi="6" ten="30,3900,0" yaku="1,1,7,1,8,1,53,0" doraHai="97" doraHaiUra="23" who="3" fromWho="2" sc="226,0,380,0,233,-39,151,49" /><INIT seed="3,0,0,1,2,133" ten="226,380,194,200" oya="3" hai0="68,53,61,74,76,7,92,88,118,20,121,22,28" hai1="115,62,10,1,11,58,109,131,110,25,45,41,17" hai2="116,50,0,39,129,47,19,44,23,127,111,54,21" hai3="103,6,100,35,101,107,38,32,80,71,81,33,49"/><W42/><G71/><T31/><D118/><U79/><E131/><V93/><F0/><W108/><G107/><T104/><D104/><U24/><E79/><V66/><F116/><W48/><G6/><T40/><D121/><U78/><E78/><V106/><F106/><W14/><G14/><T27/><D40/><U85/><E85/><V90/><F129/><W126/><G126/><T97/><D74/><U59/><E59/><N who="2" m="33239" /><F39/><W34/><N who="3" m="8192" /><DORA hai="77" /><W29/><G29/><T134/><D76/><U119/><E17/><V69/><F69/><W57/><G57/><N who="0" m="34991" /><D68/><U125/><E115/><V105/><F105/><W56/><G56/><T89/><D7/><U72/><E72/><V95/><F127/><W46/><REACH who="3" step="1"/><G108/><REACH who="3" ten="226,380,194,190" step="2"/><N who="1" m="41578" /><E125/><V114/><F111/><W117/><G117/><T36/><D31/><U124/><E119/><V55/><F114/><W51/><AGARI ba="0,1" hai="38,42,46,48,49,51,80,81,100,101,103" m="8192" machi="51" ten="70,36000,4" yaku="1,1,0,1,29,2,52,2,53,6" doraHai="133,77" doraHaiUra="96,99" who="3" fromWho="3" sc="226,-120,380,-120,194,-120,190,370" owari="106,-29.4,260,6.0,74,-42.6,560,66.0" /></mjloggm>