<mjloggm ver="2.3"><GO type="225" lobby="0"/><UN n0="%E5%8D%A0%E3%81%84%E5%B8%AB%E8%A3%8F%E3%81%AA%E3%81%84%E3%81%97" n1="%28%EF%BF%A3%E2%96%BD%EF%BF%A3%29%CE%B4%E2%8C%92%E3%83%BB" n2="%E3%83%9D%E3%82%B1%E3%83%83%E3%83%88" n3="%6D%61%74%69%67%75%73%61" dan="17,17,16,17" rate="2183.15,2268.32,2114.74,2184.59" sx="M,M,M,M"/><TAIKYOKU oya="0"/><INIT seed="0,0,0,3,1,70" ten="250,250,250,250" oya="0" hai0="77,120,106,28,66,58,82,113,15,118,13,84,53" hai1="123,100,12,41,94,38,22,68,101,126,17,72,10" hai2="21,86,39,6,0,121,130,122,64,19,111,2,44" hai3="1,67,128,45,35,5,61,55,83,11,30,127,50"/><T36/><D113/><U110/><E68/><V26/><F111/><W97/><G128/><T60/><D118/><U63/><E110/><V18/><F130/><W93/><G127/><T34/><D120/><U98/><E72/><V132/><F64/><W65/><G35/><T48/><D106/><U125/><E123/><V87/><F132/><W116/><G30/><T73/><D73/><U117/><E117/><V3/><F6/><W102/><G116/><T14/><D34/><U124/><E63/><V80/><F19/><W31/><G31/><T108/><D108/><U32/><E32/><V24/><F24/><W47/><G83/><T23/><D36/><U103/><REACH who="1" step="1"/><E22/><REACH who="1" ten="250,240,250,250" step="2"/><V134/><F134/><W119/><G119/><T90/><D23/><U76/><E76/><V57/><F122/><W133/><G133/><T20/><D77/><U16/><E16/><V59/><F121/><W95/><G61/><T81/><D28/><U37/><E37/><V89/><REACH who="2" step="1"/><F87/><REACH who="2" ten="250,240,240,250" step="2"/><W52/><G65/><T115/><D66/><U114/><E114/><V85/><F85/><W42/><G67/><T91/><D115/><U92/><E92/><V62/><F62/><W8/><G93/><T135/><D135/><U33/><E33/><V112/><F112/><W96/><G95/><T51/><D20/><U40/><E40/><AGARI ba="0,2" hai="0,2,3,18,21,26,39,40,44,57,59,80,86,89" machi="40" ten="40,2600,0" yaku="1,1,52,1,53,0" doraHai="70" doraHaiUra="107" who="2" fromWho="1" sc="250,0,240,-26,240,46,250,0" /><INIT seed="1,0,0,2,5,77" ten="250,214,286,250" oya="1" hai0="45,55,24,10,0,57,133,59,78,109,74,87,19" hai1="1,130,127,83,81,11,62,29,116,92,58,23,122" hai2="26,135,98,53,65,132,63,25,54,115,96,75,66" hai3="126,72,32,36,82,113,76,7,47,31,37,51,89"/><U34/><E34/><V93/><F75/><W86/><G113/><T44/><D74/><U13/><E116/><V40/><F40/><W112/><G112/><T94/><D109/><U84/><E122/><V20/><F115/><W67/><G67/><T46/><D133/><N who="2" m="51274" /><F66/><W12/><G126/><T95/><D0/><U105/><E105/><V125/><F125/><W110/><G110/><T64/><D64/><N who="1" m="38999" /><E1/><V33/><F33/><W27/><G12/><N who="0" m="7575" /><D24/><N who="2" m="9322" /><F20/><W119/><G7/><T56/><D55/><N who="2" m="21002" /><F93/><W61/><G61/><T14/><D14/><U90/><E127/><V21/><F21/><W88/><G119/><T106/><D106/><U22/><E130/><V18/><F18/><W102/><G36/><T103/><D95/><U124/><E124/><V49/><F49/><W5/><G37/><T120/><D120/><U16/><E29/><V48/><F48/><W123/><G123/><T60/><D60/><U117/><E117/><V41/><F41/><W39/><G39/><T8/><D94/><U6/><E23/><V35/><F35/><W111/><G111/><T128/><D128/><U108/><E108/><V68/><AGARI ba="0,0" hai="63,65,68,96,98" m="21002,9322,51274" machi="68" ten="30,1100,0" yaku="20,1" doraHai="77" who="2" fromWho="2" sc="250,-3,214,-5,286,11,250,-3" /><INIT seed="2,0,0,3,5,118" ten="247,209,297,247" oya="2" hai0="97,131,132,16,70,85,113,3,9,83,24,31,91" hai1="15,73,78,65,45,54,2,69,95,11,7,128,122" hai2="28,84,114,60,13,86,46,50,119,38,35,48,61" hai3="112,39,19,103,12,71,67,105,62,55,40,51,30"/><V130/><F119/><W109/><G30/><T89/><D113/><U33/><E33/><V4/><F114/><W104/><G112/><T88/><D70/><U53/><E128/><V25/><F38/><W14/><G14/><N who="0" m="7247" /><D3/><U107/><E107/><V76/><F130/><W121/><G103/><T93/><D131/><U111/><E111/><V98/><F98/><W133/><G133/><T134/><D24/><U32/><E32/><V64/><F50/><W115/><G109/><T87/><D31/><U99/><E122/><V77/><F77/><W92/><G115/><T66/><D66/><U101/><E45/><V72/><F72/><W34/><G34/><T90/><D134/><U27/><E27/><V10/><F76/><W125/><G125/><T8/><D8/><U26/><E26/><V21/><F35/><W43/><G92/><N who="0" m="54287" /><D132/><U123/><E123/><V100/><F100/><AGARI ba="0,0" hai="83,87,89,90,91,93,97,100" m="54287,7247" machi="100" ten="30,3900,0" yaku="8,1,54,2" doraHai="118" who="0" fromWho="2" sc="247,39,209,0,297,-39,247,0" /><INIT seed="3,0,0,5,1,32" ten="286,209,258,247" oya="3" hai0="83,58,96,56,84,38,52,88,103,85,123,30,82" hai1="51,2,22,28,6,68,118,47,93,124,112,27,64" hai2="127,11,97,104,17,77,69,33,100,94,105,41,125" hai3="135,110,16,107,99,4,37,61,25,87,54,115,44"/><W59/><G115/><T43/><D123/><U0/><E112/><V15/><F33/><W36/><G4/><T8/><D30/><U70/><E6/><V50/><F69/><W106/><G135/><T18/><D43/><U7/><E7/><V120/><F120/><W121/><G121/><T10/><D38/><U92/><E124/><N who="2" m="47691" /><F77/><W133/><G133/><T74/><D74/><U57/><E57/><V60/><F60/><W13/><G25/><T53/><D18/><U78/><E78/><V65/><F65/><W14/><G14/><T21/><D21/><U73/><E73/><V117/><F117/><W5/><G5/><T72/><D72/><U130/><E130/><V86/><F86/><W119/><G110/><T23/><D23/><U90/><E118/><V108/><F108/><W76/><G119/><T89/><D96/><U55/><E93/><V40/><F40/><W20/><G44/><AGARI ba="0,0" hai="11,15,17,41,44,50,94,97,100,104,105" m="47691" machi="44" ten="30,1000,0" yaku="18,1" doraHai="32" who="2" fromWho="3" sc="286,0,209,0,258,10,247,-10" /><INIT seed="4,0,0,1,3,21" ten="286,209,268,237" oya="0" hai0="49,27,87,70,14,4,114,86,9,22,108,58,84" hai1="52,131,29,103,24,64,30,32,48,72,10,11,59" hai2="81,80,79,16,122,106,88,123,26,128,53,107,135" hai3="124,69,31,62,25,109,42,92,66,83,125,63,132"/><T37/><D70/><U19/><E72/><V115/><F115/><W105/><G109/><T5/><D114/><U120/><E120/><V44/><F128/><W45/><G105/><T57/><D37/><U13/><E131/><V56/><F44/><W77/><G92/><T40/><D4/><U75/><E75/><V65/><F65/><W15/><G15/><T119/><D119/><U91/><E103/><V0/><F0/><W47/><G62/><T17/><D108/><U2/><E64/><V99/><F135/><W43/><G132/><T23/><D23/><U8/><E2/><V113/><F113/><W55/><G55/><N who="0" m="31983" /><D58/><U78/><E78/><V67/><F67/><W41/><G47/><T35/><D35/><U110/><E110/><V73/><F106/><W93/><G93/><T116/><D116/><U133/><E133/><V89/><F107/><W126/><G45/><T20/><D20/><U12/><E12/><V46/><F46/><W127/><N who="3" m="31744" /><DORA hai="111" /><W71/><G71/><T18/><D5/><U102/><E102/><V1/><F1/><W121/><G121/><T50/><D50/><U7/><E7/><V94/><F123/><W68/><G68/><T36/><D36/><U60/><E48/><V33/><F33/><N who="3" m="20719" /><G42/><AGARI ba="0,0" hai="9,14,17,18,22,27,40,42,84,86,87" m="31983" machi="42" ten="30,2900,0" yaku="8,1,52,1" doraHai="21,111" who="0" fromWho="3" sc="286,29,209,0,268,0,237,-29" owari="315,41.5,209,-19.1,268,6.8,208,-29.2" /></mjloggm>