<mjloggm ver="2.3"><GO type="225" lobby="0"/><UN n0="%E5%8D%A0%E3%81%84%E5%B8%AB%E8%A3%8F%E3%81%AA%E3%81%84%E3%81%97" n1="%E3%81%BF%E3%81%BF%E3%81%9A" n2="%E5%A4%96%E5%B7%9D%E7%AB%9C%E6%88%90" n3="%77%72%77%72%77%72%77%72" dan="16,16,16,16" rate="2117.22,2153.69,2174.54,2131.03" sx="M,M,M,M"/><TAIKYOKU oya="0"/><INIT seed="0,0,0,4,0,70" ten="250,250,250,250" oya="0" hai0="75,92,125,122,124,34,18,68,54,129,118,111,132" hai1="5,99,109,96,8,46,11,4,43,38,67,69,32" hai2="131,65,108,91,113,130,116,101,104,7,81,114,71" hai3="39,120,22,90,16,21,94,80,57,53,84,12,133"/><T83/><RYUUKYOKU type="yao9" ba="0,0" sc="250,0,250,0,250,0,250,0" hai0="18,34,54,68,75,83,92,111,118,122,124,125,129,132" /><INIT seed="0,1,0,5,5,40" ten="250,250,250,250" oya="0" hai0="49,88,12,111,135,133,102,54,29,57,97,108,39" hai1="107,125,55,70,43,122,5,32,98,82,9,33,124" hai2="26,18,101,62,126,36,30,90,15,117,31,63,75" hai3="69,79,42,10,89,46,100,72,95,11,119,118,45"/><T73/><D73/><U25/><E122/><V38/><F75/><W83/><G69/><T71/><D71/><U4/><E70/><V84/><F101/><W81/><G100/><T74/><D74/><U19/><E55/><V21/><F126/><N who="1" m="48745" /><E82/><V109/><F109/><N who="0" m="42058" /><D39/><U92/><E107/><V77/><F77/><W51/><G81/><T13/><D29/><U6/><E43/><V56/><F117/><W22/><G22/><T121/><D121/><U65/><E65/><V96/><F31/><W3/><G3/><T134/><D88/><N who="1" m="55559" /><E19/><V123/><F123/><W131/><G131/><T80/><D80/><U130/><E25/><V23/><F63/><W64/><G64/><T85/><D85/><U61/><E61/><V50/><F62/><W14/><G119/><T17/><D17/><U34/><E130/><V105/><F96/><W104/><G104/><AGARI ba="1,0" hai="12,13,49,54,57,97,102,104,133,134,135" m="42058" machi="104" ten="40,7700,0" yaku="20,1,14,1,10,1" doraHai="40" who="0" fromWho="3" sc="250,80,250,0,250,0,250,-80" /><INIT seed="0,2,0,0,5,17" ten="330,250,250,170" oya="0" hai0="71,29,106,67,121,84,132,97,23,57,19,55,37" hai1="24,125,130,80,77,126,123,2,117,111,93,36,5" hai2="98,91,102,10,6,43,15,129,131,58,27,62,72" hai3="115,38,94,34,42,26,21,114,52,104,41,48,9"/><T66/><D121/><U109/><E123/><V101/><F72/><W3/><G104/><T56/><D37/><U99/><E36/><V35/><F43/><W13/><G34/><T70/><D132/><U73/><E2/><V133/><F133/><W22/><G3/><T135/><D135/><U107/><E5/><V88/><F35/><W25/><G38/><T119/><D29/><U81/><E24/><N who="3" m="9322" /><G115/><T75/><D75/><U31/><E31/><V53/><F27/><W124/><G124/><N who="1" m="47722" /><E117/><V100/><REACH who="2" step="1"/><F98/><REACH who="2" ten="330,250,240,170" step="2"/><W118/><G114/><T32/><D97/><U64/><E130/><AGARI ba="2,1" hai="6,10,15,53,58,62,88,91,100,101,102,129,130,131" machi="130" ten="40,8000,1" yaku="1,1,2,1,19,1,54,1,53,0" doraHai="17" doraHaiUra="68" who="2" fromWho="1" sc="330,0,250,-86,240,96,170,0" /><INIT seed="1,0,0,4,1,94" ten="330,164,336,170" oya="1" hai0="45,51,14,28,6,97,29,103,106,112,99,68,34" hai1="13,43,96,93,46,130,105,118,90,38,64,48,15" hai2="131,126,83,42,74,16,125,25,76,72,115,70,71" hai3="53,66,114,1,36,11,23,122,135,57,89,63,108"/><U10/><E118/><V59/><F131/><W27/><G114/><T54/><D112/><U65/><E130/><V62/><F42/><W79/><G122/><T86/><D68/><U69/><E69/><V44/><F44/><W31/><G108/><T92/><D34/><U50/><E15/><V113/><F72/><W119/><G135/><T3/><D3/><U22/><E105/><V91/><F91/><W87/><G36/><T32/><D32/><U127/><E127/><N who="2" m="48651" /><F71/><W7/><G119/><T124/><D124/><U18/><REACH who="1" step="1"/><E10/><REACH who="1" ten="330,154,336,170" step="2"/><V101/><F70/><W134/><G134/><T58/><D14/><U75/><E75/><V117/><F117/><W120/><G120/><T133/><D106/><U67/><AGARI ba="0,1" hai="13,18,22,38,43,46,48,50,64,65,67,90,93,96" machi="67" ten="30,6000,0" yaku="1,1,0,1,52,1,53,0" doraHai="94" doraHaiUra="55" who="1" fromWho="1" sc="330,-20,154,70,336,-20,170,-20" /><INIT seed="1,1,0,3,2,115" ten="310,224,316,150" oya="1" hai0="99,61,105,87,130,32,36,118,2,134,40,8,27" hai1="69,127,91,131,51,78,20,88,21,52,54,71,73" hai2="9,63,56,19,98,90,77,26,107,129,67,122,48" hai3="81,114,62,14,65,100,4,35,33,86,109,5,31"/><U126/><E78/><V1/><F122/><W28/><G114/><T124/><D124/><N who="1" m="47659" /><E73/><V96/><F129/><W46/><G109/><T43/><D130/><U7/><E7/><V117/><F117/><W49/><G100/><T132/><D118/><U106/><E106/><V45/><F77/><W25/><G31/><N who="0" m="19583" /><D87/><U6/><E131/><V112/><F112/><W44/><G33/><T30/><D30/><U57/><E6/><V23/><F107/><W37/><G37/><T11/><D11/><U22/><E54/><V102/><F102/><W133/><G133/><T83/><D83/><U53/><E53/><V64/><F64/><W121/><G121/><T34/><D34/><U16/><E16/><V123/><F123/><W111/><G111/><T18/><D18/><U41/><E41/><V50/><F1/><W29/><G29/><T108/><D108/><U84/><E91/><V135/><F135/><W70/><G14/><T85/><D43/><U0/><E0/><V82/><F9/><W93/><G4/><T103/><D8/><U72/><E72/><V17/><F17/><W3/><G5/><T24/><D2/><U110/><E110/><V128/><F128/><W66/><G3/><T42/><D42/><U76/><E76/><V38/><F38/><W116/><G116/><T113/><D113/><U47/><E47/><V15/><F15/><W59/><G44/><N who="0" m="23559" /><D24/><U39/><E39/><V13/><F13/><W68/><G46/><T95/><D61/><U92/><AGARI ba="1,0" hai="20,21,22,51,52,57,69,71,84,88,92" m="47659" machi="92" ten="30,6000,0" yaku="18,1,54,2" doraHai="115" who="1" fromWho="1" sc="310,-21,224,63,316,-21,150,-21" /><INIT seed="1,2,0,4,5,48" ten="289,287,295,129" oya="1" hai0="33,51,113,129,85,104,43,56,82,19,84,106,127" hai1="18,34,23,72,87,118,20,6,50,108,61,15,116" hai2="46,0,40,131,94,107,91,39,2,101,22,92,98" hai3="41,133,128,12,5,62,52,8,132,134,11,89,31"/><U125/><E72/><V123/><F123/><W42/><G31/><T17/><D113/><U90/><E34/><V73/><F131/><W103/><G128/><T10/><D33/><U93/><E125/><V109/><F109/><W58/><G103/><T126/><D129/><U67/><E108/><V38/><F38/><W76/><G76/><T119/><D119/><U4/><E118/><V37/><F37/><W68/><G68/><T45/><D56/><U112/><E112/><V30/><F73/><W79/><G79/><T57/><D57/><U105/><E105/><N who="0" m="40553" /><D84/><U115/><E115/><V44/><F44/><W71/><G71/><T65/><D65/><U24/><E116/><V55/><F55/><W86/><REACH who="3" step="1"/><G11/><REACH who="3" ten="289,287,295,119" step="2"/><T47/><D10/><U99/><E87/><V28/><F30/><W78/><G78/><T16/><D85/><U114/><E114/><V14/><F28/><W13/><G13/><T95/><D127/><U97/><E99/><V74/><F74/><W27/><G27/><T63/><D126/><U29/><REACH who="1" step="1"/><E50/><REACH who="1" ten="289,277,295,119" step="2"/><V102/><F98/><W124/><G124/><T3/><D51/><U64/><E64/><V83/><F39/><W111/><G111/><T70/><D70/><AGARI ba="2,2" hai="4,6,15,18,20,23,24,29,61,67,70,90,93,97" machi="70" ten="30,2900,0" yaku="1,1,7,1,53,0" doraHai="48" doraHaiUra="130" who="1" fromWho="0" sc="289,-35,277,55,295,0,119,0" /><INIT seed="1,3,0,4,3,24" ten="254,332,295,119" oya="1" hai0="101,113,132,27,14,118,108,135,3,37,86,44,46" hai1="13,16,77,23,29,43,123,74,116,21,105,76,0" hai2="75,54,7,67,26,115,70,53,96,107,6,57,79" hai3="58,1,117,106,40,36,17,82,59,64,65,97,45"/><U119/><E123/><V20/><F70/><W87/><G1/><T49/><D3/><U30/><E105/><V28/><F75/><W25/><G117/><T73/><D113/><U35/><E0/><V60/><F79/><W111/><G111/><T63/><D73/><U80/><E77/><V112/><F107/><W69/><G106/><T8/><D118/><U38/><E35/><V15/><F96/><W41/><G97/><T51/><D108/><U126/><E126/><V18/><F115/><W2/><G2/><T121/><D101/><U4/><E4/><N who="2" m="1579" /><F112/><W102/><G102/><T129/><D129/><U11/><E119/><V34/><F34/><W62/><G65/><T5/><D37/><U110/><E116/><V109/><F109/><W89/><REACH who="3" step="1"/><G41/><REACH who="3" ten="254,332,295,109" step="2"/><T56/><D121/><U31/><REACH who="1" step="1"/><E110/><REACH who="1" ten="254,322,295,109" step="2"/><V52/><F67/><W66/><G66/><T68/><D135/><U134/><E134/><V55/><F55/><W39/><G39/><T98/><D132/><U85/><E85/><V9/><AGARI ba="3,2" hai="9,15,18,20,26,28,52,53,54,57,60" m="1579" machi="9" ten="30,4000,0" yaku="8,1,52,1,54,1" doraHai="24" who="2" fromWho="2" sc="254,-13,322,-23,295,69,109,-13" /><INIT seed="2,0,0,2,3,62" ten="241,299,364,96" oya="2" hai0="2,132,107,32,90,68,84,135,134,6,53,34,13" hai1="129,64,125,126,22,35,24,25,94,114,55,117,40" hai2="71,73,80,39,41,91,11,76,78,69,130,74,19" hai3="88,7,131,9,38,118,59,44,109,28,47,15,16"/><V70/><F130/><W79/><G118/><T63/><D107/><U46/><E117/><V96/><F39/><W33/><G131/><T98/><D2/><U122/><E129/><V51/><F41/><W116/><G116/><T1/><D1/><U12/><E114/><V115/><F51/><W50/><G109/><T99/><D6/><U31/><E122/><V77/><F115/><W121/><G121/><T86/><D13/><U120/><E120/><V0/><F19/><W105/><G105/><T65/><D53/><U106/><E106/><V3/><F3/><W66/><G79/><T100/><D100/><U21/><E55/><V83/><F78/><W93/><G28/><T102/><D102/><U4/><E94/><V85/><F96/><W42/><G33/><N who="0" m="12907" /><D84/><U82/><E82/><AGARI ba="0,0" hai="63,65,68,82,86,90,98,99,132,134,135" m="12907" machi="82" ten="40,2600,0" yaku="20,1,52,1" doraHai="62" who="0" fromWho="1" sc="241,26,299,-26,364,0,96,0" /><INIT seed="3,0,0,4,2,135" ten="267,273,364,96" oya="3" hai0="83,26,105,100,127,4,24,57,75,101,45,35,41" hai1="6,130,103,40,82,96,80,91,22,39,87,54,27" hai2="31,88,2,5,118,14,81,42,18,94,66,120,79" hai3="110,17,78,63,116,134,67,125,71,107,115,98,113"/><W28/><G116/><T3/><D105/><U47/><E130/><V56/><F31/><W76/><G134/><T133/><D133/><U29/><E6/><V121/><F42/><W60/><G110/><T99/><D127/><U36/><E54/><V108/><F108/><W85/><G125/><T52/><D99/><U65/><E65/><V10/><F118/><W104/><G17/><T46/><D46/><U70/><E70/><V25/><F56/><W109/><G109/><T97/><D97/><U114/><E82/><V33/><F66/><W74/><G28/><T73/><D73/><U12/><E12/><V124/><F124/><W15/><G15/><T0/><D0/><U69/><E69/><V50/><F50/><W21/><G98/><T84/><D35/><U68/><E68/><V1/><F25/><N who="0" m="9834" /><D75/><U112/><E36/><V61/><F61/><W38/><G38/><T37/><D4/><U62/><E62/><V48/><F48/><W43/><G43/><T93/><D93/><AGARI ba="0,0" hai="22,27,29,39,40,47,80,87,91,93,96,103,112,114" machi="93" ten="30,1000,0" yaku="7,1" doraHai="135" who="1" fromWho="0" sc="267,-10,273,10,364,0,96,0" owari="257,-14.3,283,8.3,364,46.4,96,-40.4" /></mjloggm>