<mjloggm ver="2.3"><GO type="225" lobby="0"/><UN n0="%72%61%6B%33" n1="%E9%80%9F%E6%B0%B4%E5%87%9B%E9%A6%99" n2="%73%6C%69%63%6B%33%31%39" n3="%72%69%6F%75%63%68%61%6E" dan="16,16,16,17" rate="2156.82,2084.54,2153.31,2254.34" sx="M,F,M,M"/><TAIKYOKU oya="0"/><INIT seed="0,0,0,0,3,91" ten="250,250,250,250" oya="0" hai0="64,115,128,42,118,120,27,60,70,102,49,127,35" hai1="7,59,105,100,48,13,51,109,86,30,85,104,134" hai2="110,112,32,89,122,97,101,133,68,34,113,25,82" hai3="75,87,38,50,12,1,56,130,16,39,67,40,108"/><T76/><D115/><U54/><E109/><V106/><F122/><W83/><G108/><T43/><D120/><U55/><E134/><V117/><F110/><W53/><G130/><T46/><D118/><U96/><E30/><N who="2" m="19535" /><F133/><W78/><G1/><T103/><D128/><U124/><E124/><V29/><F89/><W33/><G33/><T23/><D127/><U47/><E105/><V6/><F82/><W71/><G40/><T77/><D35/><U121/><E121/><V72/><F72/><W92/><G67/><T132/><D132/><U15/><E15/><V95/><F95/><W36/><G71/><T88/><D43/><U73/><E73/><V119/><F6/><W81/><G92/><T131/><D131/><U129/><E129/><V135/><F68/><W17/><REACH who="3" step="1"/><G12/><REACH who="3" ten="250,250,250,240" step="2"/><T114/><D114/><N who="2" m="44138" /><F135/><W62/><G62/><T90/><D60/><U69/><E69/><V8/><F8/><W94/><G94/><T66/><D70/><U5/><E104/><V11/><F11/><W4/><G4/><T65/><D103/><U24/><E5/><V111/><F111/><W99/><G99/><T18/><REACH who="0" step="1"/><D102/><REACH who="0" ten="240,250,250,240" step="2"/><U57/><E100/><V19/><F119/><W26/><G26/><T41/><D41/><N who="1" m="24687" /><E24/><N who="2" m="18727" /><F117/><W79/><AGARI ba="0,2" hai="16,17,36,38,39,50,53,56,75,78,79,81,83,87" machi="79" ten="40,5200,0" yaku="1,1,0,1,54,1,53,0" doraHai="91" doraHaiUra="125" who="3" fromWho="3" sc="240,-26,250,-13,250,-13,240,72" /><INIT seed="1,0,0,5,3,40" ten="214,237,237,312" oya="1" hai0="83,15,104,72,92,99,79,89,128,70,49,7,110" hai1="130,61,116,33,96,108,100,88,131,34,134,120,129" hai2="29,91,76,36,97,47,113,32,81,12,3,98,135" hai3="54,122,75,44,118,133,30,31,51,117,5,28,9"/><U85/><E120/><V84/><F3/><N who="3" m="191" /><G75/><T77/><D70/><U93/><E116/><N who="3" m="44650" /><G133/><T65/><D65/><U121/><E121/><AGARI ba="0,0" hai="28,30,31,44,51,54,121,122" m="44650,191" machi="121" ten="30,2000,0" yaku="12,1,52,1" doraHai="40" who="3" fromWho="1" sc="214,0,237,-20,237,0,312,20" /><INIT seed="2,0,0,1,2,116" ten="214,217,237,332" oya="2" hai0="2,0,15,89,4,29,38,57,121,124,60,32,1" hai1="46,114,104,5,14,81,120,131,20,54,122,118,132" hai2="90,82,77,97,27,23,56,88,59,50,127,93,37" hai3="52,25,8,91,72,73,43,71,78,10,9,126,76"/><V58/><F127/><W123/><G123/><N who="1" m="47146" /><E118/><V28/><F37/><W31/><G71/><T109/><D38/><U106/><E114/><V130/><F130/><W66/><G66/><T70/><D70/><U18/><E131/><V80/><F90/><W17/><G43/><T86/><D109/><U45/><E132/><V65/><F65/><W42/><G42/><T75/><D124/><U61/><E81/><V69/><F69/><W7/><G73/><T125/><D75/><U92/><E92/><V62/><F62/><W30/><G72/><T100/><D60/><U68/><E5/><V96/><F77/><W103/><G78/><T13/><D4/><U26/><E14/><V12/><F96/><W107/><G76/><T133/><D13/><U34/><E34/><V117/><F117/><W21/><G7/><T35/><D15/><U40/><E68/><V84/><F12/><W33/><G33/><T3/><D32/><U22/><E20/><V41/><F97/><W115/><G115/><T67/><D35/><U53/><E61/><V105/><F105/><N who="1" m="40553" /><E45/><AGARI ba="0,0" hai="23,27,28,41,45,50,56,58,59,80,82,84,88,93" machi="45" ten="40,3900,0" yaku="8,1,54,1" doraHai="116" who="2" fromWho="1" sc="214,0,217,-39,237,39,332,0" /><INIT seed="2,1,0,0,2,48" ten="214,178,276,332" oya="2" hai0="26,62,55,124,28,10,92,67,5,23,30,11,53" hai1="64,15,122,88,17,4,51,112,105,128,34,69,78" hai2="114,126,32,82,85,109,106,57,31,130,16,97,0" hai3="90,103,77,80,120,134,35,13,76,99,100,45,29"/><V65/><F114/><W2/><G120/><T8/><D124/><U50/><E112/><V104/><F0/><W61/><G2/><T25/><D5/><U73/><E105/><V98/><F32/><W66/><G134/><T27/><D92/><U86/><E34/><V89/><F31/><W74/><G76/><T41/><D41/><U40/><E128/><V81/><F126/><W132/><G132/><T22/><REACH who="0" step="1"/><D26/><REACH who="0" ten="204,178,276,332" step="2"/><U12/><E122/><V125/><F125/><W3/><G3/><T115/><D115/><U19/><E40/><V121/><F121/><W118/><G118/><T47/><D47/><U110/><E4/><V131/><F131/><W75/><G45/><T72/><D72/><U117/><E73/><V63/><F130/><W60/><G74/><T56/><AGARI ba="1,1" hai="8,10,11,22,23,25,27,28,30,53,55,56,62,67" machi="56" ten="30,12000,2" yaku="1,1,0,1,9,1,8,1,52,2,53,0" doraHai="48" doraHaiUra="133" who="0" fromWho="0" sc="204,133,178,-31,276,-61,332,-31" /><INIT seed="3,0,0,4,2,8" ten="337,147,215,301" oya="3" hai0="110,34,75,83,118,135,76,78,22,17,97,59,26" hai1="129,47,90,41,12,123,114,77,31,71,117,43,67" hai2="33,70,84,57,107,32,27,42,52,37,19,92,126" hai3="48,36,132,120,113,116,4,23,0,82,2,93,64"/><W72/><G113/><T99/><D118/><U13/><E123/><V51/><F107/><W109/><G116/><T79/><D110/><U20/><E117/><V58/><F70/><W15/><G120/><T18/><D135/><U49/><E114/><V104/><F104/><W14/><G36/><T39/><D39/><U130/><E77/><V66/><F37/><W91/><G64/><T65/><D34/><U80/><E71/><V81/><F33/><W115/><G115/><T25/><D75/><U3/><E3/><V89/><F126/><W38/><G38/><T131/><D83/><U11/><E67/><V63/><F32/><W106/><G106/><T21/><D131/><U94/><E130/><V95/><F42/><W44/><G132/><T62/><AGARI ba="0,0" hai="17,18,21,22,25,26,59,62,65,76,78,79,97,99" machi="62" ten="30,4000,0" yaku="0,1,9,1,8,1" doraHai="8" who="0" fromWho="0" sc="337,40,147,-10,215,-10,301,-20" owari="377,47.7,137,-36.3,205,-19.5,281,8.1" /></mjloggm>