<mjloggm ver="2.3"><GO type="225" lobby="0"/><UN n0="%4D%50%43%32%38%30%30" n1="%E9%A2%A8%E3%81%A7%E9%B3%B4%E3%81%8F" n2="%E3%81%B7%E3%82%8A%E3%82%93%E8%81%96%E4%BA%BA" n3="%E3%81%A1%E3%82%85%E3%81%86%E3%81%A9%E3%81%8F%E8%B1%A1%E3%81%95%E3%82%93" dan="16,16,16,17" rate="2174.87,2133.92,2161.72,2181.21" sx="M,M,M,M"/><TAIKYOKU oya="0"/><INIT seed="0,0,0,2,2,118" ten="250,250,250,250" oya="0" hai0="52,1,127,34,13,24,48,32,96,109,31,102,58" hai1="89,124,68,38,35,82,49,110,27,20,64,84,85" hai2="41,132,77,69,94,73,125,26,128,115,121,56,81" hai3="46,62,131,37,122,98,86,12,95,53,51,111,97"/><T15/><D1/><U47/><E110/><V54/><F115/><W28/><G131/><T55/><D109/><U63/><E124/><V14/><F69/><W90/><G111/><T17/><D127/><U107/><E107/><V74/><F41/><W70/><G28/><T71/><D71/><U116/><E116/><V29/><F128/><W8/><G37/><T39/><D39/><U135/><E135/><V19/><F132/><W99/><G122/><T130/><D130/><U0/><E0/><V9/><F94/><W101/><G70/><T25/><D55/><U57/><E35/><V112/><F112/><W92/><REACH who="3" step="1"/><G62/><REACH who="3" ten="250,250,250,240" step="2"/><T103/><D34/><U45/><E38/><V134/><F125/><W80/><G80/><T93/><REACH who="0" step="1"/><D103/><REACH who="0" ten="240,250,250,240" step="2"/><U75/><E68/><V18/><F134/><W65/><G65/><T21/><AGARI ba="0,2" hai="13,15,17,21,24,25,31,32,48,52,58,93,96,102" machi="21" ten="30,11700,0" yaku="1,1,2,1,0,1,54,1,53,0" doraHai="118" doraHaiUra="6" who="0" fromWho="0" sc="240,137,250,-39,250,-39,240,-39" /><INIT seed="0,1,0,0,5,40" ten="377,211,211,201" oya="0" hai0="38,95,68,3,56,21,42,32,85,61,125,83,72" hai1="49,94,118,79,134,63,108,123,90,24,113,37,59" hai2="91,133,66,16,96,93,87,132,26,131,119,11,47" hai3="102,62,23,69,88,13,60,82,110,77,124,116,19"/><T58/><D32/><U92/><E37/><V105/><F131/><W64/><G116/><T112/><D112/><U86/><E118/><V17/><F66/><W10/><G110/><T4/><D21/><U130/><E123/><V135/><F119/><W28/><G124/><T70/><D95/><U74/><E108/><V101/><F26/><W9/><G102/><T29/><D29/><U122/><E24/><V117/><F117/><W1/><G62/><T57/><D61/><U99/><E134/><V41/><REACH who="2" step="1"/><F11/><REACH who="2" ten="377,211,201,201" step="2"/><W98/><G9/><N who="0" m="2207" /><D70/><U14/><E130/><V33/><F33/><W100/><G10/><T30/><D68/><U65/><E65/><V0/><F0/><W120/><G1/><T52/><D125/><U31/><E113/><V81/><F81/><W8/><G8/><T53/><D83/><U51/><E14/><V6/><F6/><W43/><G82/><T73/><D73/><U5/><E74/><V55/><F55/><W103/><G64/><T22/><D72/><U50/><E5/><V127/><F127/><W97/><G13/><T39/><D53/><U35/><E35/><V46/><F46/><W107/><G23/><T129/><D22/><U25/><E25/><V67/><F67/><W109/><G109/><T89/><D129/><U15/><E15/><V114/><F114/><W36/><G43/><T75/><D42/><U7/><E7/><V128/><F128/><W78/><G78/><T12/><D75/><U84/><E79/><V111/><F111/><W121/><G77/><T106/><D12/><U2/><E2/><V115/><F115/><RYUUKYOKU ba="1,1" sc="377,-10,211,-10,201,30,201,-10" hai2="16,17,41,47,87,91,93,96,101,105,132,133,135" /><INIT seed="1,2,1,4,3,17" ten="367,201,231,191" oya="1" hai0="8,133,87,1,5,38,72,63,107,121,7,37,65" hai1="55,77,60,50,131,122,59,132,73,33,24,12,15" hai2="105,35,126,13,9,70,118,54,18,117,103,39,4" hai3="74,108,110,82,80,47,123,61,101,102,78,104,79"/><U71/><E122/><V3/><F39/><W130/><G47/><T69/><D133/><U21/><E33/><V22/><F70/><W76/><G61/><T95/><D107/><U56/><E71/><V53/><F105/><W111/><G123/><T42/><D72/><U114/><E114/><V92/><F126/><W113/><G113/><T27/><D121/><U120/><E120/><V109/><F109/><W100/><G104/><T135/><D135/><U32/><E32/><V36/><F36/><W119/><G130/><T75/><D75/><U41/><E132/><V134/><F134/><W85/><G119/><T23/><D42/><U98/><E131/><V34/><F54/><W94/><G94/><T49/><D49/><U112/><E112/><V99/><F53/><W128/><G128/><T66/><D66/><N who="1" m="39175" /><E73/><V83/><F35/><W97/><G97/><T46/><D38/><U124/><E77/><AGARI ba="2,1" hai="74,76,77,78,79,80,82,85,100,101,102,108,110,111" machi="77" ten="50,8000,1" yaku="14,1,34,3" doraHai="17" who="3" fromWho="1" sc="367,0,201,-86,231,0,191,96" /><INIT seed="2,0,0,1,1,76" ten="367,115,231,287" oya="2" hai0="130,22,5,44,45,111,108,124,57,52,1,126,24" hai1="99,95,18,77,78,13,30,64,35,58,107,123,132" hai2="12,82,16,103,106,10,114,85,3,120,19,68,73" hai3="0,41,46,47,93,62,40,61,96,34,25,42,83"/><V80/><F68/><W118/><G0/><T56/><D56/><U33/><E99/><V102/><F3/><W59/><G118/><T104/><D104/><U28/><E123/><V75/><F120/><W9/><G9/><N who="0" m="2223" /><D130/><U135/><E107/><V31/><F31/><W88/><G34/><T63/><D45/><N who="3" m="16905" /><G25/><T37/><D44/><U23/><E95/><V116/><F116/><W86/><G59/><T51/><D63/><U49/><E64/><V133/><F114/><W87/><G87/><T11/><D11/><N who="1" m="6463" /><E49/><V122/><F122/><W121/><G121/><T67/><D67/><U55/><E55/><V127/><F85/><W70/><G70/><T79/><D79/><AGARI ba="0,0" hai="40,41,42,61,62,79,83,86,88,93,96" m="16905" machi="79" ten="30,3900,0" yaku="8,1,52,1,54,1" doraHai="76" who="3" fromWho="0" sc="367,-39,115,0,231,0,287,39" /><INIT seed="3,0,0,1,5,134" ten="328,115,231,326" oya="3" hai0="117,21,34,88,120,17,113,63,84,8,36,12,26" hai1="7,6,89,64,47,61,127,74,94,15,97,107,9" hai2="135,92,40,3,55,59,32,128,68,50,42,58,132" hai3="115,29,43,49,83,35,10,39,20,24,91,19,102"/><W85/><G115/><T72/><D36/><U44/><E74/><V70/><F32/><W13/><G102/><T114/><D72/><U37/><E107/><V125/><F3/><W126/><G39/><T66/><D117/><U90/><E6/><V86/><F86/><W106/><G106/><T23/><D120/><U110/><E110/><V118/><F92/><W109/><G109/><T5/><D34/><U52/><E90/><V11/><F11/><W71/><G71/><N who="2" m="27177" /><F118/><W1/><G126/><T28/><D66/><U51/><E37/><V30/><F30/><W80/><G80/><T22/><D63/><U2/><E47/><V41/><F128/><W79/><G79/><T18/><D18/><U119/><E119/><V105/><F105/><W38/><G38/><T4/><D4/><U111/><E111/><V46/><F125/><W108/><G108/><T67/><D67/><U33/><E33/><V104/><F104/><W129/><G129/><T81/><REACH who="0" step="1"/><D23/><REACH who="0" ten="318,115,231,326" step="2"/><U54/><E2/><AGARI ba="0,1" hai="2,5,8,12,17,21,22,26,28,81,84,88,113,114" machi="2" ten="40,5200,0" yaku="1,1,2,1,54,1,53,0" doraHai="134" doraHaiUra="130" who="0" fromWho="1" sc="318,62,115,-52,231,0,326,0" owari="380,48.0,63,-43.7,231,-16.9,326,12.6" /></mjloggm>