<mjloggm ver="2.3"><GO type="225" lobby="0"/><UN n0="%72%61%6B%33" n1="%45%6C%79%73%69%75%6D" n2="%E6%A1%9C%E8%8A%B1%E9%96%83%E3%80%85" n3="%72%65%6E%6B%75%6E" dan="16,16,16,17" rate="2113.99,2087.96,2117.55,2225.94" sx="M,F,M,M"/><TAIKYOKU oya="0"/><INIT seed="0,0,0,3,2,64" ten="250,250,250,250" oya="0" hai0="11,32,86,78,4,128,103,69,43,117,30,109,126" hai1="38,90,37,68,49,25,104,16,27,127,131,2,46" hai2="8,51,88,10,7,44,80,130,1,79,53,82,115" hai3="114,34,108,73,118,113,40,121,107,97,76,77,55"/><T39/><D117/><U134/><E68/><V62/><F130/><W133/><G34/><T94/><D128/><U59/><E131/><V63/><F115/><N who="3" m="44043" /><G40/><T17/><D17/><U102/><E2/><V6/><F82/><N who="3" m="45327" /><G55/><T54/><D54/><U21/><E134/><V105/><F105/><W35/><G35/><T57/><D57/><U99/><E127/><V95/><F80/><W48/><G48/><T66/><D126/><U100/><E100/><V52/><F79/><W19/><G19/><T116/><D78/><U13/><E90/><V36/><F36/><W60/><G60/><T18/><D18/><U71/><E71/><V45/><F53/><W15/><G15/><T3/><D103/><U125/><E125/><V106/><F106/><W96/><G118/><T14/><D116/><U120/><E120/><V91/><F45/><W61/><G61/><N who="0" m="40143" /><D14/><U42/><REACH who="1" step="1"/><E59/><REACH who="1" ten="250,240,250,250" step="2"/><V87/><REACH who="2" step="1"/><F91/><REACH who="2" ten="250,240,240,250" step="2"/><W33/><G133/><T89/><D89/><U101/><E101/><V0/><AGARI ba="0,2" hai="0,1,6,7,8,10,44,51,52,62,63,87,88,95" machi="0" ten="20,12000,2" yaku="1,1,2,1,0,1,7,1,9,1,54,2,53,0" doraHai="64" doraHaiUra="119" who="2" fromWho="2" sc="250,-60,240,-30,240,140,250,-30" /><INIT seed="1,0,0,1,5,37" ten="190,210,380,220" oya="1" hai0="84,14,34,21,11,105,22,92,80,38,29,4,28" hai1="64,83,98,2,112,69,99,133,57,108,15,110,61" hai2="23,103,115,3,59,91,89,53,107,134,113,6,30" hai3="87,45,54,126,93,118,132,49,128,7,50,95,109"/><U68/><E2/><V88/><F134/><W27/><G109/><N who="1" m="42090" /><E133/><V8/><F103/><W35/><G132/><T74/><D105/><U129/><E112/><N who="2" m="43083" /><F107/><W97/><G128/><T94/><D74/><U123/><E123/><V41/><F41/><W13/><G126/><T102/><D38/><U33/><E33/><V44/><F44/><W20/><G35/><T104/><D104/><U120/><E120/><V130/><F130/><W42/><G87/><T125/><D125/><U55/><E129/><V75/><F75/><W43/><G49/><T114/><D34/><U60/><E69/><V81/><F23/><N who="0" m="8714" /><D114/><U78/><E15/><V127/><F30/><N who="0" m="11882" /><D102/><U12/><E12/><V19/><F19/><N who="3" m="12703" /><G118/><T16/><D4/><U31/><E31/><V100/><F100/><N who="3" m="60463" /><G95/><T72/><D72/><AGARI ba="0,0" hai="55,57,60,61,64,68,72,78,83,98,99" m="42090" machi="72" ten="30,2900,0" yaku="14,1,10,1" doraHai="37" who="1" fromWho="0" sc="190,-29,210,29,380,0,220,0" /><INIT seed="1,1,0,0,0,73" ten="161,239,380,220" oya="1" hai0="5,56,100,80,18,77,78,92,57,121,116,54,51" hai1="120,114,35,106,134,60,66,22,28,47,86,132,64" hai2="88,110,111,126,15,13,72,4,7,45,9,76,63" hai3="119,90,79,43,17,82,39,112,44,71,2,34,122"/><U85/><E114/><V68/><F126/><W135/><G122/><T24/><D116/><U50/><E120/><V89/><F45/><W14/><G135/><N who="1" m="51754" /><E106/><V125/><F125/><W23/><G119/><T83/><D121/><U31/><E35/><V91/><F68/><W55/><G34/><T30/><D5/><U104/><E104/><V10/><F63/><W75/><G2/><T25/><D18/><U115/><E115/><V1/><F1/><W3/><G3/><T62/><D83/><AGARI ba="1,0" hai="4,7,9,10,13,15,72,76,83,88,89,91,110,111" machi="83" ten="40,5200,0" yaku="9,1,52,1,54,1" doraHai="73" who="2" fromWho="0" sc="161,-55,239,0,380,55,220,0" /><INIT seed="2,0,0,4,4,114" ten="106,239,435,220" oya="2" hai0="49,134,89,32,74,98,69,135,7,126,6,25,44" hai1="27,116,53,97,60,99,18,88,78,68,38,0,128" hai2="63,93,109,45,130,71,121,43,105,96,112,123,115" hai3="46,31,81,86,85,62,61,50,30,66,40,54,103"/><V10/><F10/><W35/><G35/><T79/><D69/><U14/><E0/><V95/><F95/><W56/><G103/><T12/><D126/><U67/><E116/><V124/><F93/><W5/><G5/><T51/><D98/><U76/><E38/><N who="2" m="21751" /><F124/><W72/><G72/><T108/><D108/><U127/><E53/><V106/><F130/><W100/><G100/><T94/><D94/><U39/><E60/><V33/><F33/><W19/><G19/><T52/><D89/><U132/><E27/><V21/><F21/><W101/><G101/><T75/><D51/><U65/><E76/><V48/><F48/><W4/><G4/><T133/><D79/><U117/><E18/><V9/><F9/><W57/><REACH who="3" step="1"/><G86/><REACH who="3" ten="106,239,435,210" step="2"/><T104/><D104/><N who="2" m="40042" /><F96/><W42/><G42/><T118/><D6/><U55/><E97/><V58/><F109/><W20/><G20/><T8/><REACH who="0" step="1"/><D118/><REACH who="0" ten="96,239,435,210" step="2"/><U129/><E117/><V36/><F115/><W90/><AGARI ba="0,2" hai="30,31,40,46,50,54,56,57,61,62,66,81,85,90" machi="90" ten="20,5200,0" yaku="1,1,0,1,7,1,8,1,53,0" doraHai="114" doraHaiUra="34" who="3" fromWho="3" sc="96,-13,239,-13,435,-26,210,72" /><INIT seed="3,0,0,0,2,125" ten="83,226,409,282" oya="3" hai0="38,56,101,88,124,46,77,7,102,18,43,107,54" hai1="35,93,120,103,30,17,34,99,2,89,132,49,21" hai2="47,44,133,8,123,80,86,27,108,24,50,60,82" hai3="37,115,128,40,100,55,19,11,48,1,106,16,66"/><W73/><G115/><T59/><D124/><U94/><E120/><V81/><F108/><W79/><G66/><T109/><D109/><U131/><E131/><V12/><F133/><W135/><G135/><T96/><D77/><U113/><E2/><V110/><F110/><W61/><G61/><T97/><D7/><U118/><E132/><V53/><F123/><W69/><G69/><T4/><D4/><U67/><E113/><V29/><F60/><W95/><G106/><T130/><D18/><U10/><E118/><V127/><F127/><W65/><G65/><T68/><D68/><U111/><E111/><V15/><F47/><N who="3" m="23951" /><G95/><T45/><D130/><U36/><E36/><V26/><F29/><W9/><G100/><T104/><D54/><U58/><E10/><V117/><F117/><W20/><G20/><T112/><D112/><U83/><E83/><N who="2" m="31819" /><F8/><W41/><G41/><T32/><D32/><U6/><E6/><V122/><F122/><W57/><G128/><T74/><D74/><U85/><E30/><V91/><AGARI ba="0,0" hai="12,15,24,26,27,44,50,53,82,86,91" m="31819" machi="91" ten="30,1100,0" yaku="8,1" doraHai="125" who="2" fromWho="2" sc="83,-3,226,-3,409,11,282,-5" owari="80,-42.0,223,-17.7,420,52.0,277,7.7" /></mjloggm>