<mjloggm ver="2.3"><GO type="225" lobby="0"/><UN n0="%E3%81%B5%E3%81%98%E3%81%8B%E3%81%A4" n1="%E9%B3%B3%E6%9D%B1%E3%81%AE%E3%81%86%E3%81%95%E3%81%8E%E3%81%95%E3%82%93" n2="%E6%A1%9C%E8%8A%B1%E9%96%83%E3%80%85" n3="%E7%B4%94%E6%BD%94%E3%83%94%E3%83%A9%E3%83%8B%E3%82%A2" dan="16,17,16,17" rate="2143.42,2291.63,2142.30,2201.92" sx="M,M,M,M"/><TAIKYOKU oya="0"/><INIT seed="0,0,0,4,0,135" ten="250,250,250,250" oya="0" hai0="16,3,34,71,128,48,119,62,121,72,4,55,26" hai1="23,103,108,52,6,69,9,8,56,41,12,92,70" hai2="94,107,25,5,40,43,117,44,14,85,7,100,101" hai3="76,111,80,132,31,131,104,50,88,120,47,20,58"/><T93/><D119/><U67/><E108/><V96/><F117/><W84/><G104/><T106/><D121/><U109/><E109/><V28/><F43/><W73/><G111/><T0/><D106/><U24/><E41/><V98/><F85/><W42/><G132/><T122/><D72/><U35/><E35/><V49/><REACH who="2" step="1"/><F14/><REACH who="2" ten="250,250,240,250" step="2"/><W113/><G120/><T74/><D122/><U102/><E12/><V78/><F78/><W126/><G113/><T87/><D87/><U19/><E9/><V110/><F110/><W105/><G76/><T54/><D74/><U127/><E8/><V39/><F39/><W124/><G73/><T95/><D0/><U65/><E70/><V75/><F75/><W11/><G131/><T15/><D3/><U129/><E69/><V116/><F116/><W81/><G11/><T59/><D128/><U36/><E36/><V79/><F79/><W18/><G105/><T90/><D71/><U82/><E129/><V33/><AGARI ba="0,1" hai="5,7,25,28,33,40,44,49,94,96,98,100,101,107" machi="33" ten="20,5200,0" yaku="1,1,0,1,7,1,53,1" doraHai="135" doraHaiUra="45" who="2" fromWho="2" sc="250,-26,250,-13,240,62,250,-13" /><INIT seed="1,0,0,4,5,110" ten="224,237,302,237" oya="1" hai0="71,46,8,10,75,43,108,19,49,26,115,47,118" hai1="95,36,129,86,105,5,94,93,12,61,50,97,81" hai2="24,121,116,40,127,90,76,44,125,92,13,20,104" hai3="16,18,56,65,41,33,89,112,109,14,122,29,6"/><U77/><E36/><V52/><F116/><W9/><G109/><T78/><D108/><U135/><E135/><V80/><F121/><W38/><G122/><T91/><D118/><U27/><E129/><V85/><F104/><W4/><G38/><T23/><D71/><U48/><E27/><V107/><F107/><W114/><G41/><T72/><D115/><N who="3" m="44073" /><G56/><T25/><D91/><U45/><E61/><V96/><F13/><N who="3" m="7471" /><G65/><T126/><D78/><U123/><E123/><V0/><F0/><W131/><G89/><T119/><D119/><U79/><E79/><V57/><F44/><W69/><G69/><T28/><D47/><U1/><E1/><V35/><F35/><W42/><G42/><T99/><D72/><U39/><E39/><V32/><F32/><W68/><G68/><T113/><D75/><U106/><E97/><V3/><F3/><W134/><G134/><T132/><D99/><U130/><E130/><V67/><F40/><W54/><G54/><T58/><D132/><U101/><E101/><V53/><F67/><W74/><G74/><T22/><D113/><U60/><E60/><N who="2" m="35879" /><F53/><W17/><G131/><T55/><REACH who="0" step="1"/><D126/><REACH who="0" ten="214,237,302,237" step="2"/><U31/><E45/><V70/><F70/><W111/><G111/><T37/><AGARI ba="0,1" hai="8,10,19,22,23,25,26,28,37,43,46,49,55,58" machi="37" ten="20,5200,0" yaku="1,1,2,1,0,1,7,1,53,0" doraHai="110" doraHaiUra="82" who="0" fromWho="0" sc="214,62,237,-26,302,-13,237,-13" /><INIT seed="2,0,0,5,1,75" ten="276,211,289,224" oya="2" hai0="40,92,45,124,14,2,20,120,42,26,69,54,82" hai1="134,4,102,99,27,127,87,22,6,67,131,81,74" hai2="12,128,72,65,133,111,34,86,36,35,17,83,73" hai3="122,59,28,117,13,89,123,62,38,130,107,16,109"/><V66/><F36/><W60/><G38/><T96/><D120/><U53/><E131/><V10/><F128/><W104/><G130/><T85/><D69/><U24/><E134/><V77/><F133/><W18/><G28/><T79/><D2/><U30/><E127/><V126/><F126/><W44/><G44/><T11/><D124/><U41/><E74/><V135/><F135/><W0/><G0/><T68/><D68/><U114/><E114/><V118/><F118/><W33/><G33/><T112/><D54/><U108/><E108/><V58/><F111/><W48/><G48/><T84/><D84/><U106/><E41/><V91/><F72/><W50/><G50/><T97/><D97/><U71/><E53/><V80/><REACH who="2" step="1"/><F66/><REACH who="2" ten="276,211,279,224" step="2"/><W9/><G109/><T110/><D110/><U78/><REACH who="1" step="1"/><E27/><REACH who="1" ten="276,201,279,224" step="2"/><V49/><F49/><W61/><G117/><T55/><D112/><U100/><E100/><V43/><F43/><W101/><G101/><N who="0" m="60551" /><D42/><U95/><E95/><V125/><F125/><W32/><G122/><T39/><D40/><U3/><E3/><V56/><F56/><W105/><G123/><T37/><D55/><U7/><E7/><V90/><F90/><W8/><G89/><T132/><D132/><U52/><E52/><V64/><F64/><W63/><G59/><T119/><D119/><U57/><E57/><V19/><F19/><W76/><G104/><T98/><D45/><U29/><E29/><V15/><F15/><W129/><G105/><T70/><D39/><U23/><E23/><V25/><F25/><W115/><G107/><T113/><D37/><RYUUKYOKU ba="0,2" sc="276,-15,201,15,279,15,224,-15" hai1="4,6,22,24,30,67,71,78,81,87,99,102,106" hai2="10,12,17,34,35,58,65,73,77,80,83,86,91" /><INIT seed="2,1,2,4,2,72" ten="261,216,294,209" oya="2" hai0="88,50,122,22,78,27,63,102,55,51,100,85,16" hai1="105,135,99,28,11,10,17,76,49,70,112,18,77" hai2="131,106,69,40,125,93,81,118,84,57,15,71,46" hai3="47,33,95,109,61,119,7,87,94,4,128,103,52"/><V107/><F118/><W65/><G33/><T127/><D127/><U62/><E112/><V121/><F121/><W97/><G119/><T56/><D122/><U6/><E135/><V32/><F125/><W1/><G1/><T53/><D78/><N who="1" m="30315" /><E70/><V80/><F32/><W59/><G109/><T130/><D130/><U67/><E105/><V36/><F131/><W123/><G128/><T8/><D8/><N who="1" m="3115" /><E6/><V115/><F115/><W19/><G19/><N who="1" m="7178" /><E28/><V41/><F71/><W45/><G123/><T73/><D73/><U43/><E99/><V75/><F69/><W38/><G38/><T74/><D74/><U24/><E24/><V3/><F107/><W13/><G4/><T98/><D98/><U101/><E101/><N who="0" m="39017" /><D55/><U64/><E62/><V111/><F106/><W34/><G34/><T86/><D86/><U42/><E49/><V39/><F75/><W68/><G7/><T83/><AGARI ba="1,2" hai="16,22,27,50,51,53,56,63,83,85,88" m="39017" machi="83" ten="30,4000,0" yaku="8,1,54,2" doraHai="72" who="0" fromWho="0" sc="261,63,216,-11,294,-21,209,-11" /><INIT seed="3,0,0,5,1,99" ten="324,205,273,198" oya="3" hai0="59,22,123,37,15,117,49,72,42,119,116,53,68" hai1="57,46,62,112,34,90,8,128,95,81,79,33,61" hai2="73,5,16,80,24,113,87,83,75,66,43,54,13" hai3="1,47,85,126,17,108,19,26,39,120,20,21,18"/><W122/><G1/><T74/><D123/><U0/><E112/><V44/><F113/><W101/><G126/><T23/><D68/><U110/><E110/><V29/><F5/><W84/><G108/><T30/><D30/><U31/><E128/><V60/><F54/><W65/><G65/><T93/><D93/><U114/><E114/><V96/><F96/><W127/><G127/><T103/><D103/><U50/><E0/><V77/><F83/><W105/><G105/><T88/><D88/><U107/><E107/><V86/><F75/><W58/><G58/><T56/><D56/><U124/><E31/><V9/><F60/><W104/><G104/><T12/><D37/><U48/><E33/><V51/><REACH who="2" step="1"/><F66/><REACH who="2" ten="324,205,263,198" step="2"/><W55/><G55/><T27/><D72/><U125/><E61/><V111/><F111/><W41/><G101/><T135/><D74/><U2/><E62/><V118/><F118/><W32/><G122/><T69/><D117/><U121/><E81/><V132/><F132/><W92/><G120/><T36/><D135/><U35/><E121/><V134/><F134/><W52/><G52/><T4/><D119/><U7/><E125/><V115/><F115/><W64/><G64/><T133/><D53/><N who="1" m="31911" /><E124/><V94/><F94/><W67/><G67/><T10/><D133/><U14/><E95/><V70/><F70/><W106/><G106/><T98/><D69/><U100/><E100/><V25/><F25/><W3/><G3/><T89/><D27/><U129/><E2/><V131/><F131/><W82/><G92/><T109/><D116/><U91/><E129/><RYUUKYOKU ba="0,1" sc="324,-10,205,-10,263,30,198,-10" hai2="9,13,16,24,29,43,44,51,73,77,80,86,87" owari="324,42.4,195,-20.5,293,9.3,188,-31.2" /></mjloggm>