<mjloggm ver="2.3"><GO type="225" lobby="0"/><UN n0="%E3%81%AF%E3%82%88%E3%81%8A%E3%81%98%E3%81%95%E3%82%93" n1="%E3%81%82%E3%81%99%E3%81%AB%E3%82%83%E3%82%80" n2="%6D%75%75%6D%75%72%61" n3="%E3%81%A1%E3%82%85%E3%81%86%E3%81%A9%E3%81%8F%E8%B1%A1%E3%81%95%E3%82%93" dan="16,16,17,17" rate="2124.40,2026.06,2124.25,2169.81" sx="M,F,F,M"/><TAIKYOKU oya="0"/><INIT seed="0,0,0,2,0,27" ten="250,250,250,250" oya="0" hai0="28,8,0,58,125,25,64,17,49,53,60,85,12" hai1="18,62,120,92,13,102,71,83,74,118,54,10,65" hai2="42,24,123,116,36,88,91,77,80,134,81,67,39" hai3="127,4,78,52,63,130,129,57,20,86,93,106,14"/><T121/><D125/><U101/><E118/><V128/><F123/><W70/><G106/><T34/><D121/><U19/><E120/><V46/><F116/><W79/><G127/><T40/><D0/><U124/><E124/><V33/><F128/><N who="3" m="49259" /><G70/><T97/><D40/><U55/><E19/><V5/><F134/><W16/><G4/><T107/><D85/><U3/><E3/><V99/><F39/><W115/><G115/><T56/><D97/><U15/><E15/><V96/><F5/><W7/><G7/><T68/><REACH who="0" step="1"/><D107/><REACH who="0" ten="240,250,250,250" step="2"/><U111/><E74/><V69/><F99/><W117/><G117/><T47/><AGARI ba="0,1" hai="8,12,17,25,28,34,47,49,53,56,58,60,64,68" machi="47" ten="20,18000,2" yaku="1,1,2,1,0,1,7,1,52,1,53,1" doraHai="27" doraHaiUra="59" who="0" fromWho="0" sc="240,190,250,-60,250,-60,250,-60" /><INIT seed="0,1,0,0,3,61" ten="430,190,190,190" oya="0" hai0="10,18,3,67,93,12,54,86,119,50,78,79,36" hai1="83,97,95,22,0,58,130,102,99,28,81,56,120" hai2="24,65,62,17,57,70,109,23,48,125,113,15,33" hai3="84,75,133,106,98,11,82,104,101,68,44,115,63"/><T85/><D36/><U52/><E120/><V123/><F123/><W29/><G115/><T32/><D119/><U105/><E0/><V26/><F113/><W77/><G133/><T92/><D32/><U13/><E58/><V64/><F109/><W45/><G106/><T118/><D3/><U5/><E130/><V117/><F125/><W91/><G11/><T112/><D118/><U19/><E28/><V110/><F110/><W111/><G29/><T135/><D135/><U96/><E96/><V89/><F117/><W124/><G124/><T60/><D112/><U103/><REACH who="1" step="1"/><E5/><REACH who="1" ten="430,180,190,190" step="2"/><V73/><F57/><W66/><REACH who="3" step="1"/><G111/><REACH who="3" ten="430,180,190,180" step="2"/><T31/><D31/><U47/><E47/><V59/><F33/><W39/><G39/><T53/><D18/><U132/><E132/><V69/><F17/><W43/><G43/><T30/><D30/><U107/><E107/><V2/><F2/><W127/><G127/><T76/><D10/><U4/><E4/><V34/><F34/><W49/><G49/><AGARI ba="1,2" hai="13,19,22,49,52,56,81,83,95,97,99,102,103,105" machi="49" ten="30,3900,0" yaku="1,1,7,1,54,1,53,0" doraHai="61" doraHaiUra="108" who="1" fromWho="3" sc="430,0,180,62,190,0,180,-42" /><INIT seed="1,0,0,0,3,14" ten="430,242,190,138" oya="1" hai0="38,16,116,89,6,4,105,113,62,103,133,90,69" hai1="11,104,37,58,17,85,10,27,114,106,41,100,107" hai2="35,122,95,42,110,126,48,22,84,24,86,3,23" hai3="66,33,30,63,83,64,2,55,70,60,94,26,97"/><U29/><E114/><V54/><F122/><W78/><G2/><T112/><D116/><U47/><E100/><V67/><F110/><W74/><G55/><T65/><D38/><U25/><E85/><V102/><F126/><W9/><G9/><T99/><D133/><U36/><E36/><V131/><F3/><W72/><G94/><T98/><D113/><U118/><E118/><V135/><F135/><W43/><G43/><T130/><D130/><U128/><E128/><V20/><F131/><W132/><G97/><T21/><D112/><U57/><E57/><V45/><F67/><W59/><REACH who="3" step="1"/><G132/><REACH who="3" ten="430,242,190,128" step="2"/><T75/><D99/><U73/><E10/><V120/><F42/><W7/><G7/><T71/><D4/><U108/><E11/><V123/><F123/><W109/><G109/><T34/><D6/><U80/><E108/><V79/><F120/><W119/><G119/><T0/><D0/><U56/><E41/><V129/><F129/><W28/><G28/><T8/><D8/><U81/><E29/><V117/><F117/><W96/><G96/><T121/><D98/><U87/><E107/><V134/><F134/><W44/><G44/><T52/><D105/><U68/><E47/><V5/><F5/><W51/><G51/><T77/><D121/><U61/><E104/><V50/><F50/><W19/><G19/><T12/><D52/><U88/><E106/><V92/><F92/><W32/><G32/><T31/><D31/><U124/><E17/><V46/><F95/><W15/><G15/><T18/><D34/><U101/><E37/><V115/><F46/><RYUUKYOKU ba="0,1" sc="430,-10,242,-10,190,-10,128,30" hai3="26,30,33,59,60,63,64,66,70,72,74,78,83" /><INIT seed="2,1,1,1,0,81" ten="420,232,180,158" oya="2" hai0="100,103,58,133,117,57,67,63,5,111,12,20,9" hai1="55,2,17,122,16,49,74,31,54,64,50,131,89" hai2="112,14,15,42,110,47,34,102,129,21,94,32,38" hai3="36,116,76,25,134,51,68,98,127,130,88,84,71"/><V29/><F112/><W19/><G116/><T121/><D121/><U62/><E2/><V105/><F105/><W24/><G36/><T13/><D117/><U35/><E74/><V106/><F106/><W40/><G127/><T128/><D111/><U8/><E122/><V33/><F129/><W113/><G130/><T27/><D128/><U53/><E31/><V77/><F110/><W18/><G113/><T87/><D133/><U22/><E35/><V37/><F37/><W23/><G134/><T59/><D13/><N who="1" m="7207" /><E131/><V11/><F77/><W132/><G132/><T26/><D26/><N who="1" m="14671" /><E89/><V95/><F102/><N who="0" m="38954" /><D87/><U52/><E64/><V93/><REACH who="2" step="1"/><F11/><REACH who="2" ten="420,232,170,158" step="2"/><W91/><G76/><T104/><D104/><U123/><E123/><V108/><F108/><W101/><G71/><T4/><D4/><U124/><E124/><V115/><F115/><W45/><G68/><T28/><AGARI ba="1,2" hai="5,9,12,20,27,28,57,58,59,63,67" m="38954" machi="28" ten="30,1100,0" yaku="8,1" doraHai="81" who="0" fromWho="0" sc="420,34,232,-4,170,-6,158,-4" /><INIT seed="3,0,0,0,0,33" ten="454,228,164,154" oya="3" hai0="59,34,109,11,58,107,132,39,21,73,6,129,118" hai1="68,134,9,61,111,89,43,110,36,69,67,84,91" hai2="25,71,72,130,126,113,52,17,124,80,115,70,24" hai3="26,121,30,104,16,135,86,98,38,18,123,97,63"/><W106/><G38/><T79/><D34/><U66/><E134/><V77/><F130/><W85/><G63/><T133/><D107/><U116/><E116/><V42/><F42/><W78/><G135/><T64/><D39/><U53/><E9/><V94/><F94/><W76/><G26/><N who="2" m="10345" /><F17/><W125/><REACH who="3" step="1"/><G30/><REACH who="3" ten="454,228,164,144" step="2"/><T122/><D132/><U51/><E36/><V49/><F71/><W74/><G74/><T82/><D73/><U40/><E68/><V127/><F70/><W27/><G27/><T32/><D133/><U29/><E29/><V3/><F3/><W75/><G75/><T96/><D32/><U5/><E69/><V128/><F128/><W46/><G46/><AGARI ba="0,1" hai="46,49,52,72,77,80,113,115,124,126,127" m="10345" machi="46" ten="30,2000,0" yaku="18,1,54,1" doraHai="33" who="2" fromWho="3" sc="454,0,228,0,164,30,144,-20" owari="454,55.4,228,2.8,194,-20.6,124,-37.6" /></mjloggm>