<mjloggm ver="2.3"><GO type="225" lobby="0"/><UN n0="%E5%8D%A0%E3%81%84%E5%B8%AB%E8%A3%8F%E3%81%AA%E3%81%84%E3%81%97" n1="%E3%81%99%E3%81%84%E3%81%BE%E3%81%9B%E3%83%BC%E3%82%93" n2="%48%61%61%61%6C%61%6E%64" n3="%66%67%67%68%68%64%66" dan="16,17,18,16" rate="2162.76,2250.84,2293.38,2081.87" sx="M,M,M,M"/><TAIKYOKU oya="0"/><INIT seed="0,0,0,3,2,120" ten="250,250,250,250" oya="0" hai0="35,9,34,126,121,66,94,93,118,16,2,100,79" hai1="119,77,105,15,92,28,129,51,74,107,70,33,18" hai2="53,10,52,111,128,135,114,61,102,85,40,62,25" hai3="134,67,11,89,22,43,31,23,131,75,80,98,65"/><T84/><D118/><U55/><E119/><V110/><F114/><W99/><G131/><T47/><D121/><U39/><E39/><V124/><F128/><W0/><G134/><T36/><D126/><U26/><E70/><V82/><F135/><W30/><G43/><T130/><D130/><U21/><E129/><V104/><F124/><W69/><G0/><T59/><D34/><U116/><E116/><V17/><F40/><W64/><G69/><T60/><D35/><U123/><E123/><V1/><F102/><W45/><G45/><T115/><D115/><U72/><E92/><V58/><F104/><W8/><G75/><T109/><D100/><U133/><E74/><V76/><F25/><W14/><G80/><N who="0" m="47135" /><D36/><U90/><E90/><V49/><F17/><W42/><G42/><T46/><D2/><U19/><E133/><V73/><F73/><W68/><G68/><T13/><D109/><N who="2" m="41482" /><F53/><W57/><G65/><T83/><D83/><U41/><E41/><V88/><F76/><W91/><G14/><T3/><D3/><U113/><E113/><V122/><F122/><W96/><REACH who="3" step="1"/><G99/><REACH who="3" ten="250,250,250,240" step="2"/><T97/><D97/><U112/><E112/><V103/><F103/><W108/><G108/><T106/><D106/><U81/><E107/><V127/><F127/><W71/><G71/><T63/><D46/><N who="1" m="28151" /><E105/><V86/><F86/><W37/><G37/><T29/><D47/><U7/><E72/><V125/><F125/><W54/><G54/><T95/><D66/><U87/><E87/><V48/><F49/><W32/><G32/><T56/><D60/><U101/><E101/><RYUUKYOKU ba="0,1" sc="250,-15,250,-15,250,15,240,15" hai2="1,10,48,52,58,61,62,82,85,88" hai3="8,11,22,23,30,31,57,64,67,89,91,96,98" /><INIT seed="1,1,1,4,4,68" ten="235,235,265,255" oya="1" hai0="105,127,24,4,123,120,12,63,116,14,122,65,53" hai1="97,49,85,28,61,132,81,25,92,0,112,76,40" hai2="17,106,72,131,110,111,83,19,36,69,70,126,134" hai3="115,66,87,58,52,135,8,15,2,54,39,104,102"/><U128/><E112/><V41/><F106/><W82/><G115/><T23/><D116/><U90/><E128/><V45/><F131/><W117/><G2/><T13/><D105/><U98/><E132/><V79/><F134/><W3/><G3/><T21/><D127/><U7/><E61/><V114/><F114/><W91/><G135/><T32/><D53/><U93/><E0/><V109/><REACH who="2" step="1"/><F126/><REACH who="2" ten="235,235,255,255" step="2"/><W60/><G117/><T51/><D51/><U89/><E49/><V101/><F101/><W30/><G39/><T35/><D4/><U26/><E7/><V33/><F33/><N who="0" m="12874" /><D24/><U5/><E5/><V59/><F59/><AGARI ba="1,2" hai="12,13,14,21,23,59,63,65,120,122,123" m="12874" machi="59" ten="40,1300,0" yaku="13,1" doraHai="68" who="0" fromWho="2" sc="235,36,235,0,255,-16,255,0" /><INIT seed="2,0,0,0,2,2" ten="271,235,239,255" oya="2" hai0="50,110,13,17,93,59,37,84,11,9,134,112,60" hai1="55,57,41,64,89,91,32,73,106,135,100,80,56" hai2="7,12,72,122,92,6,21,66,45,126,68,61,103" hai3="46,39,28,4,128,27,133,79,36,38,58,107,83"/><V127/><F122/><W5/><G107/><T121/><D112/><U51/><E135/><V113/><F113/><W23/><G133/><T69/><D37/><U111/><E111/><V24/><F72/><W119/><G119/><T42/><D121/><U85/><E32/><V47/><F103/><W65/><G128/><T129/><D110/><U34/><E34/><V40/><F92/><W74/><REACH who="3" step="1"/><G46/><REACH who="3" ten="271,235,239,245" step="2"/><T96/><D129/><U124/><E106/><V104/><F104/><W102/><G102/><T25/><D134/><U30/><E100/><V131/><F131/><W97/><G97/><T71/><D96/><U78/><E124/><N who="2" m="47659" /><F12/><W86/><G86/><T10/><D84/><U95/><E73/><V108/><F108/><W16/><G16/><T52/><D13/><U19/><E19/><N who="2" m="12351" /><F47/><W0/><G0/><T53/><D17/><U87/><E87/><V62/><F62/><AGARI ba="0,1" hai="4,5,23,27,28,36,38,39,58,62,65,74,79,83" machi="62" ten="40,12000,2" yaku="1,1,52,2,53,3" doraHai="2" doraHaiUra="70" who="3" fromWho="2" sc="271,0,235,0,239,-120,245,130" /><INIT seed="3,0,0,3,5,75" ten="271,235,119,375" oya="3" hai0="40,135,42,53,29,70,130,120,9,115,83,26,127" hai1="4,41,16,59,30,23,85,84,32,78,43,100,28" hai2="104,50,60,124,106,102,5,2,111,55,77,62,73" hai3="57,108,72,69,47,35,37,118,31,6,21,116,52"/><W44/><G72/><T117/><D120/><U95/><E4/><V113/><F113/><W74/><G74/><T22/><D117/><U103/><E59/><V39/><F111/><W126/><G35/><T86/><D115/><U7/><E7/><V10/><F124/><W99/><G126/><T71/><D127/><U112/><E32/><V64/><F39/><W63/><G6/><T15/><D135/><U17/><E112/><V45/><F62/><W48/><G99/><T105/><D105/><U123/><E123/><V25/><F25/><N who="3" m="16815" /><G47/><T11/><D130/><U131/><E131/><V46/><F46/><W114/><G108/><T107/><D107/><U97/><E103/><V80/><REACH who="2" step="1"/><F102/><REACH who="2" ten="271,235,109,375" step="2"/><W65/><G114/><T101/><D26/><U94/><E100/><V20/><F20/><W67/><G37/><T96/><D22/><U18/><E23/><V1/><F1/><W68/><G44/><T109/><D101/><U14/><E14/><V88/><F88/><W19/><G63/><T92/><D15/><U119/><E119/><V33/><F33/><W61/><G61/><T66/><D109/><U56/><E28/><V134/><F134/><W27/><G118/><T79/><D29/><U34/><E30/><V49/><F49/><W128/><G48/><T81/><D70/><AGARI ba="0,1" hai="2,5,10,45,50,55,60,64,70,73,77,80,104,106" machi="70" ten="30,3900,0" yaku="1,1,7,1,52,1,53,0" doraHai="75" doraHaiUra="93" who="2" fromWho="0" sc="271,-39,235,0,109,49,375,0" owari="232,-16.8,235,3.5,158,-34.2,375,47.5" /></mjloggm>