<mjloggm ver="2.3"><GO type="225" lobby="0"/><UN n0="%E9%B3%B3%E6%9D%B1%E3%81%AE%E3%81%86%E3%81%95%E3%81%8E%E3%81%95%E3%82%93" n1="%47%32%E9%BE%8D%E9%96%80" n2="%E7%88%86%E8%A3%82%E9%83%BD%E5%B8%82%EF%BD%9E" n3="%72%61%6B%33" dan="16,16,16,16" rate="2108.95,2132.09,2105.03,2188.02" sx="M,M,M,M"/><TAIKYOKU oya="0"/><INIT seed="0,0,0,4,2,44" ten="250,250,250,250" oya="0" hai0="134,10,73,50,86,85,108,83,115,28,45,21,72" hai1="37,17,75,120,18,49,11,98,135,6,92,30,97" hai2="126,52,60,79,130,33,81,132,87,121,94,61,23" hai3="13,102,78,32,131,127,14,67,119,46,100,3,20"/><T96/><D115/><U16/><E120/><V47/><F121/><W129/><G67/><T7/><D134/><U101/><E37/><V41/><F33/><W62/><G32/><T80/><D108/><U68/><E68/><V116/><F132/><W36/><G3/><T133/><D133/><U125/><E135/><V99/><F130/><W42/><G119/><T9/><D96/><U12/><E75/><V39/><F126/><W128/><G127/><T71/><D71/><U110/><E110/><V26/><F116/><W57/><G78/><N who="0" m="46327" /><D73/><U95/><E125/><V104/><F104/><W84/><G84/><T31/><D72/><U112/><E112/><V5/><F5/><W88/><G88/><N who="0" m="51271" /><D21/><U82/><E82/><V90/><F52/><N who="3" m="34087" /><G20/><T38/><D38/><U22/><E30/><AGARI ba="0,0" hai="23,26,30,39,41,47,60,61,79,81,87,90,94,99" machi="30" ten="30,1000,0" yaku="7,1" doraHai="44" who="2" fromWho="1" sc="250,0,250,-10,250,10,250,0" /><INIT seed="1,0,0,0,2,11" ten="250,240,260,250" oya="1" hai0="24,48,21,28,70,131,118,80,42,116,113,40,7" hai1="112,44,53,20,33,109,78,47,43,46,67,51,110" hai2="98,125,6,59,127,15,4,41,122,89,108,18,52" hai3="88,3,97,45,91,115,71,0,2,132,22,65,37"/><U104/><E33/><V5/><F122/><W9/><G115/><T101/><D113/><U10/><E104/><V8/><F41/><W100/><G132/><T69/><D131/><U135/><E112/><V129/><F108/><N who="1" m="41577" /><E135/><V111/><F111/><W94/><G22/><T49/><D101/><U61/><E78/><V58/><F129/><W93/><G71/><T17/><D80/><U23/><E10/><V50/><F59/><W102/><G65/><T96/><D7/><U126/><E126/><N who="2" m="48139" /><F98/><W76/><G76/><T29/><D96/><U124/><E124/><V79/><F79/><W32/><G32/><T85/><D85/><U117/><E117/><V90/><AGARI ba="0,0" hai="4,5,6,8,15,18,50,52,58,89,90" m="48139" machi="90" ten="40,5200,0" yaku="18,1,52,1,54,1" doraHai="11" who="2" fromWho="2" sc="250,-13,240,-26,260,52,250,-13" /><INIT seed="2,0,0,0,2,45" ten="237,214,312,237" oya="2" hai0="64,129,31,96,119,98,81,102,18,113,94,37,58" hai1="105,133,59,6,13,135,82,109,21,62,68,12,116" hai2="87,23,30,44,106,91,36,56,9,29,11,121,99" hai3="72,14,8,79,78,15,127,112,49,61,7,43,74"/><V114/><F114/><W19/><G112/><T41/><D113/><U93/><E105/><V120/><F11/><W67/><G127/><T89/><D129/><U80/><E116/><V76/><F76/><W88/><G74/><T107/><D119/><U86/><E68/><V53/><F106/><W103/><G103/><T134/><D134/><N who="1" m="51211" /><E109/><V130/><F99/><W24/><G24/><T66/><D31/><U108/><E108/><V50/><F130/><W83/><G79/><T125/><D125/><U126/><E126/><V16/><F9/><W122/><G122/><T48/><D18/><N who="1" m="10439" /><E13/><N who="2" m="9615" /><F121/><W90/><G14/><T69/><D69/><U52/><E6/><V110/><F110/><W54/><G43/><T104/><D104/><U3/><E3/><V101/><F101/><W65/><G7/><T75/><D37/><U33/><E33/><V100/><F100/><W123/><G123/><T28/><D41/><U117/><E117/><V40/><F120/><W4/><G4/><T111/><D111/><U46/><E46/><V39/><F39/><W131/><G131/><T47/><D47/><U51/><E62/><N who="2" m="36111" /><F36/><W32/><G32/><T63/><D107/><U25/><E25/><V70/><F70/><W0/><G0/><T132/><D132/><U97/><E86/><V95/><AGARI ba="0,0" hai="29,30,40,44,50,87,91,95" m="36111,9615" machi="95" ten="30,6000,0" yaku="8,1,52,1,54,1" doraHai="45" who="2" fromWho="2" sc="237,-20,214,-20,312,60,237,-20" /><INIT seed="2,1,0,4,0,71" ten="217,194,372,217" oya="2" hai0="21,74,9,118,96,66,24,103,49,26,124,58,55" hai1="101,99,135,0,19,45,93,64,28,33,98,116,56" hai2="91,69,117,107,43,37,134,15,6,62,46,105,59" hai3="73,133,97,67,121,108,14,81,125,100,8,5,17"/><V53/><F117/><W4/><G108/><T22/><D124/><U84/><E116/><V104/><F134/><W61/><G121/><T82/><D118/><U72/><E72/><V1/><F1/><W132/><G125/><T120/><D120/><U41/><E0/><V110/><F110/><W115/><G115/><T106/><D66/><U63/><E135/><N who="3" m="51786" /><G81/><T109/><D109/><U119/><E119/><V10/><F91/><W13/><G13/><T16/><D9/><U54/><E33/><V40/><F40/><W34/><G73/><T48/><D74/><U79/><E28/><V25/><F25/><W129/><G34/><T94/><D82/><N who="1" m="47199" /><E98/><V131/><REACH who="2" step="1"/><F69/><REACH who="2" ten="217,194,362,217" step="2"/><N who="3" m="42223" /><G129/><AGARI ba="1,1" hai="6,10,15,37,43,46,53,59,62,104,105,107,129,131" machi="129" ten="50,9600,0" yaku="1,1,52,1,53,1" doraHai="71" doraHaiUra="42" who="2" fromWho="3" sc="217,0,194,0,362,109,217,-99" /><INIT seed="2,2,0,5,1,131" ten="217,194,471,118" oya="2" hai0="2,72,81,88,4,53,105,32,93,104,55,15,6" hai1="96,44,64,47,107,75,106,50,110,40,73,99,68" hai2="30,49,25,132,91,92,94,128,45,117,90,112,3" hai3="71,108,82,111,118,57,67,84,61,0,59,41,69"/><V35/><F112/><W14/><G0/><T70/><D2/><U102/><E110/><N who="3" m="42026" /><G14/><T10/><D70/><N who="3" m="26633" /><G84/><T7/><D32/><U52/><E64/><V51/><F128/><W80/><G82/><T127/><D127/><U12/><E68/><V133/><F3/><W38/><G80/><T34/><D34/><U89/><E12/><V58/><F117/><W16/><G16/><N who="0" m="8311" /><D105/><U74/><E89/><V98/><F58/><N who="3" m="37303" /><G118/><T8/><D104/><U109/><E109/><V19/><F19/><W28/><G28/><T43/><D43/><U65/><E65/><V103/><F103/><W101/><G101/><T54/><D72/><U121/><E96/><V42/><REACH who="2" step="1"/><F49/><REACH who="2" ten="217,194,461,118" step="2"/><W29/><G29/><T62/><D4/><U100/><E100/><V130/><F130/><W115/><G115/><T31/><D6/><U48/><E107/><V83/><F83/><W120/><G120/><T129/><D31/><U5/><E121/><V114/><F114/><W27/><G27/><T36/><D81/><U113/><E5/><V17/><F17/><W22/><G59/><T46/><D129/><U63/><E113/><V123/><F123/><W79/><G57/><T122/><D122/><U33/><E106/><V39/><F39/><W125/><G38/><T85/><D36/><U23/><E102/><V21/><F21/><W119/><G22/><T97/><D7/><U56/><E23/><V124/><F124/><W20/><G125/><T78/><D8/><U60/><E56/><V9/><F9/><W87/><G20/><T13/><D13/><U77/><E50/><V134/><F134/><RYUUKYOKU ba="2,1" sc="217,-10,194,-10,461,30,118,-10" hai2="25,30,35,42,45,51,90,91,92,94,98,132,133" /><INIT seed="2,3,1,5,4,125" ten="207,184,491,108" oya="2" hai0="8,45,33,20,57,110,11,4,124,59,86,13,21" hai1="65,78,129,97,88,18,41,111,15,128,127,122,14" hai2="98,107,22,76,104,96,118,16,108,112,133,87,17" hai3="90,56,101,100,91,62,71,105,6,93,24,39,58"/><V32/><F32/><W89/><G39/><T135/><D124/><U31/><E127/><V36/><F112/><W113/><G113/><T54/><D33/><U40/><E111/><V63/><F36/><W52/><G71/><T106/><D106/><U102/><E122/><V42/><F118/><W80/><G105/><T132/><D110/><U28/><E78/><V12/><F42/><N who="1" m="16489" /><E65/><V85/><F108/><W55/><G6/><T5/><D45/><U67/><E67/><V120/><F120/><W116/><G116/><T53/><D86/><U23/><E88/><N who="3" m="33898" /><G24/><T47/><D47/><U60/><E60/><V81/><F87/><N who="3" m="52479" /><G80/><T123/><D13/><U130/><E14/><N who="2" m="9495" /><F107/><AGARI ba="3,1" hai="15,18,23,28,31,97,102,107,128,129,130" m="16489" machi="107" ten="30,7700,0" yaku="19,1,52,3" doraHai="125" who="1" fromWho="2" sc="207,0,184,96,491,-86,108,0" /><INIT seed="3,0,0,4,3,7" ten="207,280,405,108" oya="3" hai0="44,91,18,35,70,31,59,39,14,87,89,15,30" hai1="112,81,128,103,101,6,133,11,93,122,41,26,56" hai2="55,43,67,28,119,48,68,45,97,0,1,51,29" hai3="36,64,130,95,77,12,25,71,75,113,49,98,21"/><W33/><G113/><T54/><D70/><U114/><E122/><V104/><F119/><W129/><G36/><T83/><D35/><U66/><E128/><N who="3" m="49258" /><G33/><T2/><D2/><U99/><E41/><V109/><F109/><W111/><G111/><T117/><D117/><U106/><E26/><V126/><F68/><W58/><G71/><T38/><D38/><U57/><E81/><V125/><F67/><W108/><G108/><T63/><D39/><U100/><E133/><V34/><F104/><W78/><G75/><T135/><D135/><U37/><E37/><V72/><F72/><W74/><G74/><T47/><D14/><U88/><E106/><V22/><F34/><W69/><G69/><T123/><D123/><U42/><E42/><V85/><F97/><W73/><G73/><T110/><D110/><U61/><REACH who="1" step="1"/><E56/><REACH who="1" ten="207,270,405,108" step="2"/><V94/><F43/><W62/><G49/><T46/><REACH who="0" step="1"/><D91/><REACH who="0" ten="197,270,405,108" step="2"/><U27/><E27/><V84/><F126/><W32/><G32/><T10/><AGARI ba="0,2" hai="10,15,18,30,31,44,46,47,54,59,63,83,87,89" machi="10" ten="30,12000,2" yaku="1,1,2,1,0,1,8,1,52,1,53,1" doraHai="7" doraHaiUra="8" who="0" fromWho="0" sc="197,140,270,-30,405,-30,108,-60" owari="337,13.7,240,-16.0,375,47.5,48,-45.2" /></mjloggm>