<mjloggm ver="2.3"><GO type="225" lobby="0"/><UN n0="%E3%83%A1%E3%82%AC%E3%83%87%E3%82%B8" n1="%33%74%72%65%65" n2="%4D%50%43%32%38%30%30" n3="%E9%BA%BB%E9%9B%80%E5%B0%91%E5%B9%B4" dan="16,17,16,17" rate="2099.62,2180.42,2126.99,2158.30" sx="F,F,M,M"/><TAIKYOKU oya="0"/><INIT seed="0,0,0,2,3,74" ten="250,250,250,250" oya="0" hai0="15,30,108,34,44,31,95,100,125,110,21,124,13" hai1="55,80,114,94,18,53,12,119,22,45,1,59,32" hai2="8,88,58,121,84,63,105,24,91,37,0,103,7" hai3="109,90,48,131,27,86,5,113,120,85,104,43,19"/><T33/><D100/><U117/><E114/><V115/><F115/><W70/><G113/><T41/><D95/><U129/><E129/><V89/><F121/><W92/><G120/><T50/><D34/><U9/><E32/><V17/><F37/><W57/><G104/><T35/><D33/><U66/><E94/><V69/><F69/><W56/><G70/><T83/><D35/><U101/><E101/><V127/><F127/><N who="0" m="48714" /><D83/><U96/><E96/><V81/><F24/><W68/><G131/><T11/><D21/><U6/><E66/><V23/><F103/><W52/><G68/><T102/><D102/><U106/><E106/><V3/><F3/><W61/><G109/><N who="0" m="42091" /><D15/><U20/><E20/><V107/><F107/><W2/><G2/><T25/><D25/><U122/><E80/><V71/><F71/><W78/><G27/><T73/><D73/><U116/><E122/><V111/><F105/><W118/><G118/><T26/><D26/><U126/><E126/><V64/><F111/><W79/><G85/><T82/><D82/><U99/><E99/><V51/><F23/><W97/><G86/><T42/><D41/><U98/><E98/><V54/><F17/><AGARI ba="0,0" hai="11,13,17,30,31,42,44,50" m="42091,48714" machi="17" ten="30,5800,0" yaku="18,1,14,1,10,1" doraHai="74" who="0" fromWho="2" sc="250,58,250,0,250,-58,250,0" /><INIT seed="0,1,0,3,5,113" ten="308,250,192,250" oya="0" hai0="50,24,114,72,81,106,57,8,75,64,58,111,124" hai1="47,63,76,62,93,131,134,84,112,96,25,1,43" hai2="52,54,116,83,15,130,90,94,105,59,69,104,77" hai3="9,51,4,21,35,129,98,87,11,38,126,128,110"/><T107/><D114/><U99/><E112/><V61/><F130/><N who="3" m="50283" /><G35/><T97/><D124/><U33/><E131/><V3/><F3/><W102/><G38/><T88/><D111/><U80/><E134/><V20/><F69/><W5/><G126/><T71/><D71/><U133/><E133/><V39/><F39/><W45/><G110/><T108/><D108/><U67/><E1/><V30/><F116/><W100/><G87/><T40/><D107/><U101/><E67/><V6/><F54/><N who="3" m="30063" /><G21/><T56/><D64/><U125/><E125/><V82/><F82/><W23/><G23/><T66/><D66/><U19/><E99/><V68/><F68/><W18/><G18/><T119/><D8/><N who="3" m="3145" /><G102/><T123/><D81/><U120/><E19/><V49/><F6/><W32/><G32/><T17/><D17/><U103/><E103/><V78/><F78/><W53/><G53/><T10/><D10/><U122/><E33/><V12/><F105/><AGARI ba="1,0" hai="4,5,98,100,105" m="3145,30063,50283" machi="105" ten="30,1000,0" yaku="19,1" doraHai="113" who="3" fromWho="2" sc="308,0,250,0,192,-13,250,13" /><INIT seed="1,0,0,4,2,103" ten="308,250,179,263" oya="1" hai0="101,46,16,28,135,41,133,75,91,87,71,65,57" hai1="1,134,130,32,96,99,44,78,120,112,115,26,77" hai2="125,20,131,39,98,54,13,0,49,40,117,119,59" hai3="48,106,116,108,94,23,85,31,7,11,109,62,61"/><U105/><E1/><V43/><F0/><W4/><G116/><T3/><D75/><U58/><E58/><V37/><F98/><W72/><G72/><T66/><D3/><U88/><E44/><N who="2" m="27943" /><F20/><W132/><G132/><N who="0" m="50763" /><D71/><U73/><E134/><V56/><F13/><W127/><G106/><T63/><D28/><U52/><E99/><V81/><F81/><W104/><G104/><T84/><D101/><U17/><E78/><V21/><F21/><W123/><G123/><T114/><D114/><U102/><E120/><V50/><F131/><W6/><G127/><T60/><D16/><U95/><E17/><V33/><F33/><W68/><G11/><T129/><D129/><U92/><E32/><V36/><F125/><W76/><G68/><N who="0" m="42023" /><D91/><U18/><E88/><V70/><F70/><W79/><G31/><T107/><D107/><U53/><E130/><V22/><F22/><W55/><G23/><T35/><D35/><U24/><E73/><V8/><F8/><W2/><G2/><T111/><D111/><N who="3" m="42569" /><G79/><T12/><D12/><U86/><E86/><V5/><F5/><W128/><G128/><T89/><D89/><U45/><E95/><V15/><F15/><W80/><G94/><T42/><D87/><U121/><E26/><V38/><N who="2" m="9216" /><DORA hai="110" /><V83/><F83/><W126/><G126/><T30/><D84/><U82/><E96/><V74/><F74/><W124/><G124/><T51/><D30/><U90/><E24/><V67/><F67/><W93/><G93/><T27/><D27/><U113/><E92/><V19/><F19/><W29/><G29/><RYUUKYOKU ba="0,0" sc="308,15,250,-15,179,-15,263,15" hai0="41,42,46,51,57,63,66" hai3="4,6,7,48,55,61,62,76,80,85" /><INIT seed="2,1,0,1,3,6" ten="323,235,164,278" oya="2" hai0="25,41,65,109,123,111,72,39,37,74,22,27,114" hai1="48,32,90,108,49,10,120,100,69,61,87,4,36" hai2="19,81,18,11,57,124,51,59,58,107,82,116,71" hai3="47,35,117,34,115,17,62,42,28,84,106,12,86"/><V70/><F116/><W40/><G106/><T85/><D123/><U110/><E32/><V122/><F107/><W60/><G117/><T118/><D118/><U101/><E36/><N who="0" m="13897" /><D41/><U64/><E120/><V129/><F122/><W89/><G115/><T112/><D65/><U76/><E76/><V119/><F119/><W2/><G2/><T98/><D85/><U133/><E133/><V88/><F129/><W43/><G47/><T83/><D98/><U46/><E100/><V80/><F124/><W38/><G38/><T52/><D52/><U56/><E101/><V1/><F51/><W23/><G86/><T132/><D132/><U13/><E69/><V91/><F1/><W8/><G62/><T130/><D83/><U16/><E4/><V128/><F128/><W131/><G60/><T5/><D5/><U9/><E9/><V99/><F99/><W3/><G131/><T92/><D92/><U68/><E68/><N who="2" m="26155" /><F11/><W135/><G135/><T55/><D114/><U134/><E134/><V29/><F29/><W67/><G67/><T73/><D112/><U79/><E79/><V50/><F50/><W33/><G3/><T30/><D130/><U44/><E49/><V104/><F104/><W127/><G127/><T77/><D77/><U126/><E126/><V78/><F78/><W66/><G66/><T26/><D55/><N who="1" m="30087" /><E46/><V75/><F75/><W96/><G96/><T54/><D54/><U95/><E95/><V102/><F102/><W15/><G84/><T20/><D30/><U63/><E63/><V125/><F125/><W113/><G28/><T93/><D93/><RYUUKYOKU ba="1,0" sc="323,10,235,10,164,10,278,-30" hai0="20,22,25,26,27,72,73,74,109,111" hai1="10,13,16,56,61,64,87,90,108,110" hai2="18,19,57,58,59,80,81,82,88,91" /><INIT seed="2,2,0,1,1,100" ten="333,245,174,248" oya="2" hai0="99,26,133,1,66,71,39,31,4,123,89,110,75" hai1="69,58,134,10,33,34,79,36,97,56,21,65,2" hai2="7,130,63,18,119,85,94,35,41,102,128,78,91" hai3="57,111,129,105,109,77,116,19,104,131,64,55,20"/><V92/><F119/><W43/><G116/><T74/><D89/><U27/><E36/><V6/><F35/><W90/><G64/><T93/><D93/><U15/><E2/><V135/><F135/><W49/><G43/><T0/><D123/><U121/><E134/><V82/><F41/><W24/><G90/><T101/><D110/><N who="3" m="41993" /><G77/><T127/><D127/><U95/><E79/><V42/><F42/><W8/><G8/><N who="0" m="2055" /><D1/><U72/><E72/><V11/><F63/><W117/><G117/><T86/><D86/><U67/><E69/><V88/><F102/><W17/><G17/><T52/><D52/><U68/><E68/><V80/><F18/><W60/><G60/><N who="0" m="40391" /><D39/><U62/><E58/><V112/><F112/><W70/><G70/><T113/><D113/><U13/><E67/><V103/><F103/><W40/><G40/><T118/><D118/><U46/><E46/><V124/><F124/><W87/><G87/><T132/><D132/><U29/><E121/><V81/><F78/><W50/><G50/><T51/><D51/><U3/><E3/><V44/><F44/><W126/><G126/><T5/><D5/><N who="1" m="3279" /><E15/><V84/><F11/><W38/><G38/><T48/><D48/><U54/><E54/><V9/><F9/><W14/><G14/><T61/><D61/><U37/><E37/><V23/><REACH who="2" step="1"/><F80/><REACH who="2" ten="333,245,164,248" step="2"/><W32/><G32/><N who="0" m="20599" /><D133/><U83/><E83/><V107/><F107/><AGARI ba="2,1" hai="19,20,24,49,55,57,104,105,107,129,131" m="41993" machi="107" ten="30,7700,0" yaku="14,1,52,3" doraHai="100" who="3" fromWho="2" sc="333,0,245,0,164,-83,248,93" /><INIT seed="3,0,0,2,0,49" ten="333,245,81,341" oya="3" hai0="35,70,32,86,83,52,77,7,29,93,105,92,20" hai1="5,113,100,116,99,135,124,121,8,43,24,3,33" hai2="34,39,72,53,73,54,44,118,51,19,42,80,130" hai3="103,2,16,108,107,1,63,106,50,67,66,69,17"/><W133/><G133/><T98/><D70/><U11/><E121/><V97/><F118/><W12/><G66/><T84/><D7/><U110/><E113/><V30/><F130/><W40/><G108/><T129/><D129/><U13/><E110/><V68/><F68/><W114/><G114/><T15/><D105/><U127/><E43/><V123/><F123/><W31/><G31/><T132/><D132/><U65/><E65/><V126/><F126/><N who="1" m="48169" /><E99/><V37/><F97/><W71/><G71/><T102/><D52/><U101/><E135/><V76/><F34/><W94/><G94/><T112/><D112/><U78/><E78/><V28/><F42/><W90/><G90/><T82/><D93/><U111/><E111/><V79/><F51/><W60/><G60/><T96/><D96/><U58/><E58/><V119/><F119/><W75/><G75/><T91/><REACH who="0" step="1"/><D15/><REACH who="0" ten="323,245,81,341" step="2"/><U41/><E41/><V57/><F80/><W23/><G107/><T21/><D21/><U74/><E74/><V88/><F19/><W18/><G106/><T10/><D10/><U14/><E116/><V36/><F36/><W22/><G103/><N who="1" m="39498" /><E11/><V56/><REACH who="2" step="1"/><F44/><REACH who="2" ten="323,245,71,341" step="2"/><N who="3" m="25863" /><G17/><T85/><D85/><U47/><E33/><V134/><F134/><W27/><G69/><T87/><D87/><U59/><E47/><V6/><F6/><W48/><G18/><T115/><D115/><U0/><E5/><V62/><F62/><W125/><G63/><T64/><D64/><U122/><E122/><V131/><F131/><W4/><G67/><T9/><D9/><U117/><E8/><V128/><F128/><RYUUKYOKU ba="0,2" sc="323,15,245,-15,71,15,341,-15" hai0="20,29,32,35,77,82,83,84,86,91,92,98,102" hai2="28,30,37,39,53,54,56,57,72,73,76,79,88" owari="358,45.8,230,-17.0,86,-41.4,326,12.6" /></mjloggm>