<mjloggm ver="2.3"><GO type="225" lobby="0"/><UN n0="%E2%91%A3%E9%81%BF%E9%81%8A%E6%88%AF%E3%80%90%E6%9D%B1%E5%8D%97%E3%80%91" n1="%E9%B3%B3%E6%9D%B1%E3%81%AE%E3%81%86%E3%81%95%E3%81%8E%E3%81%95%E3%82%93" n2="%E3%83%AB%E3%83%9B%E3%83%B3%E3%83%87%E3%82%A3%E3%82%A8" n3="%E5%A4%96%E5%B7%9D%E7%AB%9C%E6%88%90" dan="16,16,17,16" rate="2167.86,2178.66,2190.02,2122.85" sx="M,M,M,M"/><TAIKYOKU oya="0"/><INIT seed="0,0,0,1,1,105" ten="250,250,250,250" oya="0" hai0="47,116,109,89,37,50,84,90,100,88,132,39,9" hai1="24,130,117,45,22,107,52,98,41,27,101,83,31" hai2="78,35,115,55,82,26,134,7,32,102,19,1,44" hai3="86,17,53,40,112,66,97,87,131,33,57,124,59"/><T69/><D116/><U18/><E130/><V126/><F115/><W121/><G33/><T10/><D69/><U48/><E117/><V125/><F102/><W21/><G112/><T43/><D100/><U68/><E68/><V0/><F55/><W122/><G124/><N who="2" m="47721" /><F44/><W16/><G131/><T49/><D132/><U42/><REACH who="1" step="1"/><E83/><REACH who="1" ten="250,240,250,250" step="2"/><V25/><F82/><W99/><G122/><T46/><D109/><U110/><E110/><V114/><F134/><W123/><G121/><T62/><D84/><U133/><E133/><V79/><F114/><W29/><G87/><T118/><D118/><U67/><E67/><V54/><F35/><AGARI ba="0,1" hai="18,22,24,27,31,35,41,42,45,48,52,98,101,107" machi="35" ten="30,3900,0" yaku="1,1,7,1,54,1,53,0" doraHai="105" doraHaiUra="34" who="1" fromWho="2" sc="250,0,240,49,250,-39,250,0" /><INIT seed="1,0,0,4,0,64" ten="250,289,211,250" oya="1" hai0="73,5,78,36,2,52,98,29,21,45,105,123,55" hai1="50,83,9,125,76,102,130,16,25,71,27,24,134" hai2="58,133,60,109,51,72,101,38,39,89,97,20,47" hai3="19,111,80,68,14,90,35,11,91,28,8,124,118"/><U116/><E116/><V6/><F109/><W34/><G111/><T69/><D123/><U103/><E130/><V120/><F133/><W10/><G124/><T18/><D29/><U22/><E125/><V65/><F72/><W40/><G40/><T100/><D69/><U108/><E108/><V110/><F120/><W122/><G122/><T126/><D126/><U107/><E134/><V87/><F20/><W57/><G68/><T12/><D36/><U44/><E9/><V70/><F6/><W15/><G118/><T53/><D2/><U114/><E114/><V56/><F56/><W129/><G129/><T99/><D5/><U63/><E63/><V37/><F110/><W66/><G8/><T0/><D0/><U74/><E71/><V115/><F58/><W85/><G91/><T113/><D113/><U43/><REACH who="1" step="1"/><E107/><REACH who="1" ten="250,279,211,250" step="2"/><V67/><F115/><W104/><G104/><T23/><D105/><U127/><E127/><V48/><F67/><W93/><G66/><T119/><D119/><U31/><E31/><V75/><F60/><W82/><G28/><T13/><D45/><U92/><E92/><V95/><F65/><W84/><G57/><T4/><D55/><U41/><E41/><V117/><F70/><W94/><G19/><T7/><D52/><U26/><AGARI ba="0,1" hai="16,22,24,25,26,27,43,44,50,74,76,83,102,103" machi="26" ten="30,6000,0" yaku="1,1,0,1,54,1,53,0" doraHai="64" doraHaiUra="30" who="1" fromWho="1" sc="250,-20,279,70,211,-20,250,-20" /><BYE who="3" /><UN n3="%E5%A4%96%E5%B7%9D%E7%AB%9C%E6%88%90" /><INIT seed="1,1,0,4,5,75" ten="230,349,191,230" oya="1" hai0="109,128,52,84,29,47,67,117,45,42,134,101,121" hai1="126,30,98,77,5,82,46,55,66,40,92,130,78" hai2="63,74,2,18,103,97,93,76,81,31,7,26,114" hai3="96,100,54,48,34,12,90,89,53,62,13,27,50"/><U38/><E130/><V83/><F114/><W102/><G62/><T19/><D117/><U94/><E126/><V61/><F2/><W80/><G34/><T33/><D128/><U119/><E119/><V86/><F7/><W68/><G68/><T57/><D121/><U127/><E127/><V24/><F18/><W131/><G131/><T11/><D101/><U16/><E66/><V135/><F135/><W112/><G112/><T28/><D134/><U73/><E30/><V99/><F99/><W59/><G27/><T79/><D67/><U23/><E5/><V106/><F24/><W22/><G80/><N who="0" m="47135" /><D33/><U6/><E78/><V129/><F129/><W39/><G39/><T87/><D87/><U44/><E98/><V36/><F36/><W124/><G124/><T116/><D116/><U35/><E35/><V110/><F110/><W95/><G90/><T104/><D104/><U123/><E6/><V58/><F58/><W25/><G102/><T10/><D42/><U133/><E123/><V15/><F15/><W108/><G100/><T8/><D19/><U132/><E132/><V120/><F120/><W17/><REACH who="3" step="1"/><G108/><REACH who="3" ten="230,349,191,220" step="2"/><T65/><D109/><U3/><E133/><V1/><F81/><W125/><G125/><T72/><D65/><U9/><E82/><V20/><F1/><W41/><G41/><T122/><D122/><U0/><E40/><V51/><F51/><W43/><G43/><T85/><D72/><U115/><E73/><V118/><F118/><W88/><G88/><AGARI ba="1,1" hai="20,26,31,61,63,74,76,83,86,88,93,97,103,106" machi="88" ten="40,8000,1" yaku="24,2,52,1,54,1" doraHai="75" who="2" fromWho="3" sc="230,0,349,0,191,93,220,-83" /><INIT seed="2,0,0,5,2,54" ten="230,349,284,137" oya="2" hai0="83,82,132,81,47,62,84,56,73,89,117,118,85" hai1="128,72,35,93,98,133,26,77,95,109,91,74,102" hai2="4,8,31,12,22,129,37,75,112,67,18,11,38" hai3="44,135,113,100,30,27,78,20,57,97,42,23,105"/><V107/><F75/><W70/><G135/><T103/><D132/><U49/><E133/><V6/><F107/><W80/><G113/><T110/><D110/><U40/><E109/><V34/><F67/><W66/><G70/><T50/><D103/><U71/><E71/><V21/><F38/><W28/><G66/><T33/><D33/><U59/><E77/><V9/><F37/><W92/><G105/><T125/><D73/><U87/><E128/><V101/><F101/><W119/><G119/><T48/><D82/><U1/><E1/><V94/><F94/><W116/><G116/><N who="0" m="44651" /><D47/><U126/><E126/><V29/><F112/><W61/><G44/><T60/><D60/><U90/><E102/><V106/><F106/><W65/><G42/><T86/><D86/><U79/><E79/><V88/><F88/><W124/><G124/><T55/><D125/><U121/><E121/><V53/><F53/><W16/><REACH who="3" step="1"/><G20/><REACH who="3" ten="230,349,284,127" step="2"/><T17/><D83/><U114/><E114/><V43/><F43/><W63/><G63/><T15/><D62/><U58/><E40/><V130/><F129/><W131/><G131/><T25/><D81/><U3/><E95/><V14/><F130/><W2/><G2/><T96/><D50/><U36/><E49/><V32/><F11/><W123/><G123/><T52/><D48/><U115/><E115/><V39/><F39/><W68/><G68/><T134/><D134/><U46/><E36/><V111/><F111/><W64/><G64/><T120/><D120/><U13/><E93/><V69/><F69/><W19/><G19/><AGARI ba="0,1" hai="4,6,8,9,12,14,18,19,21,22,29,31,32,34" machi="19" ten="25,24000,3" yaku="22,2,35,6" doraHai="54" who="2" fromWho="3" sc="230,0,349,0,284,250,127,-240" owari="230,-17.0,349,14.9,534,63.4,-113,-61.3" /></mjloggm>