<mjloggm ver="2.3"><GO type="225" lobby="0"/><UN n0="%E3%81%99%E3%81%84%E3%81%BE%E3%81%9B%E3%83%BC%E3%82%93" n1="%E7%B4%94%E6%BD%94%E3%83%94%E3%83%A9%E3%83%8B%E3%82%A2" n2="%6D%75%75%6D%75%72%61" n3="%E3%82%BC%E3%83%AB%E3%83%80%E3%81%AE%E4%BC%9D%E8%AA%AC" dan="16,18,16,16" rate="2057.93,2307.69,2123.07,2203.32" sx="M,M,F,M"/><TAIKYOKU oya="0"/><BYE who="3" /><BYE who="2" /><UN n2="%6D%75%75%6D%75%72%61" /><UN n3="%E3%82%BC%E3%83%AB%E3%83%80%E3%81%AE%E4%BC%9D%E8%AA%AC" /><INIT seed="0,0,0,0,2,27" ten="250,250,250,250" oya="0" hai0="30,120,9,19,21,135,91,8,57,109,56,76,54" hai1="31,42,65,40,78,74,34,103,101,83,108,67,22" hai2="97,18,10,77,62,37,49,129,99,86,102,73,84" hai3="12,26,46,107,124,95,134,32,118,132,60,114,88"/><T79/><D79/><BYE who="0" /><BYE who="3" /><UN n0="%E3%81%99%E3%81%84%E3%81%BE%E3%81%9B%E3%83%BC%E3%82%93" /><UN n3="%E3%82%BC%E3%83%AB%E3%83%80%E3%81%AE%E4%BC%9D%E8%AA%AC" /><U68/><BYE who="2" /><E34/><UN n2="%6D%75%75%6D%75%72%61" /><V3/><BYE who="0" /><BYE who="3" /><F3/><UN n0="%E3%81%99%E3%81%84%E3%81%BE%E3%81%9B%E3%83%BC%E3%82%93" /><W82/><G82/><T47/><BYE who="2" /><D120/><UN n3="%E3%82%BC%E3%83%AB%E3%83%80%E3%81%AE%E4%BC%9D%E8%AA%AC" /><U89/><E108/><UN n2="%6D%75%75%6D%75%72%61" /><V126/><F37/><W112/><G107/><T1/><D109/><U80/><E89/><V23/><F73/><W63/><G118/><T127/><D127/><U29/><E22/><V4/><F126/><W35/><G124/><T11/><D135/><N who="3" m="51753" /><G12/><T41/><D76/><U44/><E68/><V55/><F129/><W116/><G116/><T45/><D1/><U48/><E42/><V110/><F110/><W20/><G46/><N who="0" m="17419" /><D41/><U24/><E24/><V17/><F4/><W14/><G14/><N who="0" m="9463" /><D91/><U113/><E113/><N who="3" m="43626" /><G35/><T16/><D56/><U39/><E39/><V119/><F119/><W104/><G104/><T0/><D0/><U43/><E78/><V36/><F77/><W128/><G128/><T25/><D57/><U2/><E2/><V115/><F36/><W13/><G13/><N who="0" m="7207" /><D54/><U69/><E69/><V100/><F115/><W53/><G53/><T121/><D121/><U72/><E44/><V50/><F55/><W51/><G32/><T94/><D94/><U28/><E74/><V70/><F10/><W5/><G5/><T33/><D33/><U7/><E72/><V66/><F23/><W59/><G95/><T38/><D38/><U58/><E7/><V64/><F70/><W130/><G88/><T93/><D93/><U71/><E71/><V122/><F122/><W106/><G106/><T92/><D92/><U133/><E133/><V98/><F99/><W123/><G123/><T131/><D131/><U15/><E43/><RYUUKYOKU ba="0,0" sc="250,15,250,-15,250,15,250,-15" hai0="9,11,25,30" hai2="17,18,49,50,62,64,66,84,86,97,98,100,102" /><INIT seed="0,1,0,4,1,25" ten="265,235,265,235" oya="0" hai0="90,77,131,83,2,58,74,81,17,28,6,45,65" hai1="60,20,8,110,47,130,1,62,106,73,48,112,92" hai2="57,121,24,9,10,53,21,68,117,91,50,46,84" hai3="26,101,3,100,39,102,97,118,54,75,37,43,14"/><T86/><D131/><U49/><E130/><V95/><F121/><W89/><G3/><T15/><D2/><U61/><E106/><V104/><F68/><W123/><G118/><T51/><D6/><U111/><E73/><V116/><F104/><W22/><G75/><T99/><D28/><U71/><E20/><V128/><F128/><W113/><G113/><T85/><D99/><U5/><E112/><V0/><F57/><W40/><G123/><T108/><D108/><N who="1" m="41515" /><E92/><V29/><REACH who="2" step="1"/><F0/><REACH who="2" ten="265,235,255,235" step="2"/><W70/><G70/><T56/><D65/><U59/><E71/><V18/><F18/><W67/><G67/><T127/><D127/><U33/><E59/><V7/><F7/><W134/><G134/><T105/><D105/><U114/><E114/><V88/><F88/><W124/><G124/><T82/><D58/><U107/><E107/><V126/><F126/><W11/><G89/><T135/><D56/><U80/><E47/><V79/><F79/><W23/><G101/><T30/><D135/><U44/><E44/><V66/><F66/><W35/><G100/><T32/><D90/><U42/><E62/><V119/><AGARI ba="1,1" hai="9,10,21,24,29,46,50,53,84,91,95,116,117,119" machi="119" ten="30,7900,0" yaku="1,1,0,1,12,1,52,1,53,0" doraHai="25" doraHaiUra="122" who="2" fromWho="2" sc="265,-40,235,-21,255,92,235,-21" /><INIT seed="1,0,0,2,1,87" ten="225,214,347,214" oya="1" hai0="30,122,133,71,10,33,86,44,17,129,22,119,121" hai1="68,49,29,130,66,101,67,125,58,111,59,98,80" hai2="117,96,15,31,41,72,2,43,32,9,52,39,57" hai3="79,60,36,18,55,131,37,126,120,124,51,85,115"/><U7/><E125/><N who="3" m="48234" /><G120/><N who="0" m="46187" /><D71/><U110/><E130/><V4/><F117/><W21/><G115/><T69/><D69/><U27/><E7/><V134/><F134/><W56/><G131/><T70/><D70/><U25/><E80/><V118/><F118/><W54/><G79/><T116/><D129/><U75/><E75/><V14/><F72/><W74/><G85/><T93/><D133/><U0/><E0/><V20/><F32/><W61/><G74/><T99/><D10/><U11/><E11/><V97/><F39/><N who="3" m="14923" /><G54/><T46/><D86/><U16/><E68/><V100/><F2/><W1/><G1/><T109/><D119/><U106/><E66/><V40/><F100/><W34/><G34/><T132/><D132/><U112/><E67/><V3/><F3/><W24/><AGARI ba="0,0" hai="18,21,24,51,55,56,60,61" m="14923,48234" machi="24" ten="30,1100,0" yaku="18,1" doraHai="87" who="3" fromWho="3" sc="225,-3,214,-5,347,-3,214,11" /><INIT seed="2,0,0,0,3,45" ten="222,209,344,225" oya="2" hai0="87,21,42,84,106,12,18,80,61,47,43,8,3" hai1="103,54,38,31,11,56,74,132,52,131,55,77,49" hai2="130,78,62,48,70,20,15,126,83,100,71,32,14" hai3="13,129,79,28,108,93,117,111,91,89,57,65,86"/><V101/><F32/><W26/><G117/><T97/><D61/><U2/><E131/><V134/><F130/><W81/><G129/><T123/><D123/><U107/><E132/><V41/><F134/><W40/><G40/><T36/><D43/><U124/><E38/><V39/><F39/><W64/><G13/><T88/><D87/><U127/><E31/><V90/><F126/><N who="1" m="48169" /><E107/><V58/><F90/><W63/><G64/><T44/><D44/><U115/><E103/><V1/><F1/><W133/><G133/><T96/><D106/><U16/><E115/><V109/><F109/><N who="3" m="42059" /><G93/><T17/><D3/><U85/><E74/><V102/><F71/><W53/><G65/><T121/><D121/><U92/><E2/><V10/><F70/><W66/><G66/><T35/><D35/><AGARI ba="0,0" hai="26,28,35,53,57,63,79,81,86,89,91" m="42059" machi="35" ten="30,1000,0" yaku="14,1" doraHai="45" who="3" fromWho="0" sc="222,-10,209,0,344,0,225,10" /><INIT seed="3,0,0,4,2,123" ten="212,209,344,235" oya="3" hai0="128,67,53,65,124,132,7,80,126,12,25,88,89" hai1="34,81,130,100,20,22,58,125,51,52,114,94,116" hai2="28,74,3,77,11,14,42,105,33,104,56,43,134" hai3="108,86,120,99,69,37,9,98,72,29,85,63,68"/><W75/><G29/><T40/><D128/><U48/><E114/><V66/><F3/><W54/><G9/><N who="0" m="4159" /><D132/><U27/><E130/><V46/><F66/><N who="0" m="25098" /><D40/><U1/><E1/><V129/><F14/><W79/><G54/><T127/><D80/><U39/><E39/><V36/><F56/><W2/><G63/><T103/><D103/><U16/><E34/><V8/><F46/><W0/><G79/><T35/><D53/><N who="1" m="32039" /><E125/><N who="0" m="32001" /><T59/><DORA hai="70" /><D59/><N who="1" m="33183" /><E116/><V57/><F104/><W93/><G120/><T44/><D44/><U121/><E121/><V64/><F129/><W122/><G122/><T118/><D118/><U78/><E20/><V82/><F8/><W38/><G93/><T73/><D73/><U26/><E26/><V15/><F105/><W24/><G24/><T4/><D4/><U115/><E115/><V83/><F11/><W41/><G41/><T32/><D35/><U133/><E133/><V109/><F134/><W71/><G71/><T84/><D84/><N who="1" m="48183" /><E94/><V106/><F106/><W61/><G61/><T119/><D119/><U49/><E49/><V47/><F33/><W102/><G102/><AGARI ba="0,0" hai="16,22,27,100,102" m="48183,33183,32039" machi="102" ten="30,3900,0" yaku="8,1,54,2" doraHai="123,70" who="1" fromWho="3" sc="212,0,209,39,344,0,235,-39" owari="212,-18.8,248,4.8,344,44.4,196,-30.4" /></mjloggm>