<mjloggm ver="2.3"><GO type="225" lobby="0"/><UN n0="%E4%BA%BA%E9%96%93%E3%83%81%E3%83%A3%E3%83%BC%E3%83%8F%E3%83%B3" n1="%E5%A4%9C%E5%85%89%E5%A4%A9%E6%A5%BC" n2="%E5%B8%86%E7%AB%8B%E5%A4%8F%E8%A1%A3" n3="%E3%81%BF%E3%81%BF%E3%81%9A" dan="16,17,16,18" rate="2085.83,2170.91,2144.76,2250.91" sx="M,M,M,M"/><TAIKYOKU oya="0"/><INIT seed="0,0,0,3,2,115" ten="250,250,250,250" oya="0" hai0="49,77,66,86,99,91,26,106,87,63,95,60,9" hai1="96,2,21,124,70,44,38,50,121,108,69,58,102" hai2="128,68,120,97,14,98,76,90,107,114,29,10,92" hai3="131,8,16,47,94,12,7,84,110,42,0,57,15"/><T35/><D9/><U64/><E2/><V93/><F114/><W89/><G110/><T19/><D49/><U53/><E121/><V11/><F120/><W130/><G57/><T46/><D46/><U65/><E108/><V27/><F107/><W45/><G0/><T80/><D106/><U36/><E21/><V39/><F68/><N who="1" m="26217" /><E96/><V117/><F128/><N who="3" m="49195" /><G42/><T72/><D63/><N who="1" m="36303" /><E102/><V78/><F39/><N who="1" m="14889" /><E124/><V30/><F11/><AGARI ba="0,0" hai="7,8,11,12,15,16,45,47,84,89,94" m="49195" machi="11" ten="30,2000,0" yaku="19,1,54,1" doraHai="115" who="3" fromWho="2" sc="250,0,250,0,250,-20,250,20" /><INIT seed="1,0,0,4,3,42" ten="250,250,230,270" oya="1" hai0="119,69,29,84,70,45,123,114,63,12,3,98,78" hai1="0,87,108,26,82,56,135,104,39,61,126,43,117" hai2="107,65,5,27,47,100,91,4,24,62,80,92,33" hai3="38,112,129,102,85,77,86,21,71,120,121,99,110"/><U50/><E117/><V75/><F27/><W37/><G112/><T17/><D114/><U19/><E0/><V74/><F74/><W128/><G71/><T111/><D119/><U7/><E104/><V49/><F107/><N who="3" m="63967" /><G21/><T132/><D3/><U89/><E7/><V68/><F100/><W32/><G32/><T113/><D113/><U35/><E35/><V97/><F80/><N who="3" m="47247" /><G110/><T101/><D29/><U10/><E108/><V25/><F25/><W95/><G37/><T76/><D111/><U55/><E39/><V51/><F75/><W93/><G38/><T58/><D132/><U8/><E135/><V127/><F51/><W133/><G133/><T105/><D123/><N who="3" m="47177" /><G86/><T52/><D84/><U96/><E96/><V122/><F122/><W109/><G109/><T6/><D6/><U88/><E10/><V64/><F64/><W14/><G14/><T44/><D70/><U11/><E11/><V40/><REACH who="2" step="1"/><F127/><REACH who="2" ten="250,250,220,270" step="2"/><W54/><G54/><T83/><D69/><U1/><E126/><V48/><F48/><W16/><G93/><N who="0" m="58575" /><D83/><U115/><E115/><V59/><F59/><W23/><G95/><T57/><D57/><U106/><E106/><V28/><AGARI ba="0,1" hai="4,5,24,28,33,40,47,49,62,65,68,91,92,97" machi="28" ten="30,7900,0" yaku="1,1,0,1,52,1,53,1" doraHai="42" doraHaiUra="41" who="2" fromWho="2" sc="250,-20,250,-39,220,89,270,-20" /><INIT seed="2,0,0,5,3,6" ten="230,211,309,250" oya="2" hai0="21,104,9,51,133,118,39,115,0,60,52,56,13" hai1="64,121,46,28,32,63,72,30,25,79,33,69,76" hai2="94,88,14,75,106,100,108,16,50,80,2,37,93" hai3="24,41,86,1,99,23,17,10,114,43,130,73,126"/><V98/><F37/><W36/><G73/><T49/><D115/><U128/><E128/><V102/><F2/><W11/><G130/><T135/><D39/><U53/><E121/><V66/><F108/><W65/><G114/><T122/><D122/><U34/><E72/><V119/><F119/><W19/><G126/><T59/><D104/><U120/><E120/><V20/><F66/><W35/><G35/><T109/><D109/><U127/><E127/><V62/><F62/><W58/><G1/><T44/><D118/><U54/><E34/><V129/><F129/><W31/><G99/><T124/><D21/><U116/><E116/><V3/><F3/><W87/><G36/><T78/><D78/><U92/><E92/><V95/><F102/><W85/><G58/><T74/><D74/><U27/><E54/><V89/><REACH who="2" step="1"/><F50/><AGARI ba="0,0" hai="25,27,28,30,32,33,46,50,53,63,64,69,76,79" machi="50" ten="40,1300,0" yaku="9,1" doraHai="6" who="1" fromWho="2" sc="230,0,211,13,309,-13,250,0" /><INIT seed="3,0,0,3,4,129" ten="230,224,296,250" oya="3" hai0="133,44,21,66,37,13,79,96,77,106,12,86,110" hai1="17,114,18,9,65,108,117,105,51,82,84,107,43" hai2="102,127,103,26,76,4,115,68,48,55,14,112,90" hai3="57,47,93,135,0,85,25,73,63,31,32,8,70"/><W40/><G73/><T71/><D110/><U27/><E114/><V34/><F68/><W50/><G70/><T134/><D71/><U64/><E108/><V75/><F115/><W111/><G111/><T7/><D66/><U38/><E38/><V124/><F90/><W42/><G42/><N who="0" m="22607" /><D21/><N who="1" m="13743" /><E105/><V30/><F112/><W61/><G0/><T58/><D58/><U52/><E43/><V41/><F41/><W94/><G8/><N who="0" m="4127" /><D86/><U80/><E107/><V1/><F14/><W113/><G113/><T101/><D13/><N who="1" m="7471" /><E117/><V29/><F29/><W131/><G131/><T126/><D126/><N who="2" m="48170" /><F4/><W130/><G130/><T2/><D2/><U123/><E123/><V100/><F1/><W67/><G63/><T20/><D20/><U60/><E60/><V121/><F121/><W95/><G85/><T23/><D23/><U88/><E82/><N who="2" m="45343" /><F103/><W99/><G99/><T118/><D118/><U45/><AGARI ba="0,0" hai="45,51,52,64,65,80,84,88" m="7471,13743" machi="45" ten="30,7900,0" yaku="25,1,8,1,54,2" doraHai="129" who="1" fromWho="1" sc="230,-20,224,79,296,-20,250,-39" owari="210,-29.0,303,40.3,276,7.6,211,-18.9" /></mjloggm>