<mjloggm ver="2.3"><GO type="225" lobby="0"/><UN n0="%E3%83%AD%E3%83%83%E3%83%86%E9%9B%80%E7%90%83" n1="%E7%B4%94%E6%BD%94%E3%83%94%E3%83%A9%E3%83%8B%E3%82%A2" n2="%E3%82%82%E3%81%90%E3%82%89" n3="%E3%81%A1%E3%82%85%E3%81%86%E3%81%A9%E3%81%8F%E8%B1%A1%E3%81%95%E3%82%93" dan="17,16,17,16" rate="2253.86,2109.11,2173.74,2093.69" sx="M,M,M,M"/><TAIKYOKU oya="0"/><INIT seed="0,0,0,3,4,36" ten="250,250,250,250" oya="0" hai0="130,109,76,15,68,133,110,88,99,124,116,115,119" hai1="3,65,13,91,32,75,81,122,54,100,40,27,39" hai2="117,89,31,43,49,66,46,93,17,5,2,0,55" hai3="52,86,35,58,56,12,48,53,127,19,84,6,108"/><T105/><D68/><U85/><E122/><V34/><F117/><N who="0" m="45130" /><D15/><U126/><E3/><V125/><F125/><W37/><G127/><T112/><D124/><U18/><E126/><V61/><F17/><W87/><G108/><N who="0" m="41579" /><D133/><U121/><E121/><V94/><F94/><W14/><G37/><T10/><D10/><U44/><E100/><V107/><F107/><W9/><G35/><T47/><D130/><U74/><E65/><V57/><F5/><W111/><G111/><T120/><D120/><U24/><E54/><N who="3" m="21098" /><G48/><T67/><D67/><U131/><E131/><V11/><F11/><AGARI ba="0,0" hai="6,9,11,12,14,19,56,58,84,86,87" m="21098" machi="11" ten="30,2000,0" yaku="8,1,54,1" doraHai="36" who="3" fromWho="2" sc="250,0,250,0,250,-20,250,20" /><INIT seed="1,0,0,0,5,41" ten="250,250,230,270" oya="1" hai0="21,24,45,77,93,53,32,86,58,98,40,64,54" hai1="37,46,96,125,92,84,29,61,81,30,49,3,55" hai2="132,2,101,31,13,104,95,102,42,124,129,91,118" hai3="135,14,127,8,59,51,39,16,66,130,122,76,15"/><U90/><E3/><V113/><F2/><W69/><G122/><T87/><D32/><U1/><E1/><V73/><F118/><W44/><G130/><T38/><D64/><U72/><E72/><V18/><F129/><W10/><G135/><T107/><D107/><U108/><E125/><V50/><F132/><W70/><G127/><T67/><D67/><U0/><E0/><V116/><F116/><W110/><G76/><T28/><D77/><U133/><E133/><V79/><F31/><W27/><G27/><T94/><D94/><U134/><E134/><V5/><F5/><W112/><G112/><T22/><D22/><U57/><E37/><V117/><F117/><W60/><G39/><T48/><REACH who="0" step="1"/><D54/><REACH who="0" ten="240,250,230,270" step="2"/><U19/><E108/><V33/><F33/><W25/><G110/><T52/><D52/><U75/><E75/><V20/><F104/><W105/><G105/><T89/><AGARI ba="0,1" hai="21,24,28,38,40,45,48,53,58,86,87,89,93,98" machi="89" ten="20,5200,0" yaku="1,1,0,1,7,1,52,1,53,0" doraHai="41" doraHaiUra="74" who="0" fromWho="0" sc="240,62,250,-26,230,-13,270,-13" /><INIT seed="2,0,0,0,0,118" ten="302,224,217,257" oya="2" hai0="52,45,66,122,69,17,90,60,74,106,2,40,93" hai1="71,23,59,27,37,89,77,98,46,48,85,109,95" hai2="132,22,0,82,72,124,101,14,119,96,131,55,54" hai3="58,21,3,53,107,113,80,61,104,110,108,102,75"/><V73/><F119/><W79/><G3/><T1/><D122/><U8/><E71/><V97/><F131/><W57/><G113/><T63/><D106/><U123/><E109/><N who="3" m="42090" /><G102/><T49/><D74/><U5/><E37/><V135/><F0/><W19/><G57/><T31/><D31/><U24/><E59/><V78/><F73/><W127/><G127/><T47/><D17/><U51/><E123/><V16/><F124/><W111/><N who="3" m="42098" /><W26/><AGARI ba="0,0" hai="19,21,26,53,58,61,75,79,80,104,107" m="42098" machi="26" ten="40,2700,0" yaku="4,1,14,1" doraHai="118" who="3" fromWho="3" sc="302,-7,224,-7,217,-13,257,27" /><INIT seed="3,0,0,3,3,106" ten="295,217,204,284" oya="3" hai0="66,82,4,40,54,12,34,116,57,23,33,89,50" hai1="0,129,26,94,32,70,58,107,25,44,39,22,64" hai2="46,78,112,92,13,85,20,35,36,18,123,28,17" hai3="97,121,125,131,75,76,103,19,2,21,68,60,86"/><W96/><G121/><T83/><D116/><U59/><E107/><V14/><F112/><W29/><G2/><T49/><D34/><U117/><E0/><V124/><F123/><W88/><G29/><T93/><D33/><U69/><E117/><V11/><F124/><W134/><G125/><T63/><D40/><U42/><E129/><V37/><F46/><W24/><G131/><T130/><D130/><U102/><E32/><V8/><F35/><W113/><G113/><T84/><D50/><U81/><E81/><V16/><F28/><W122/><G122/><T98/><D98/><U53/><E102/><V71/><F71/><W30/><G19/><N who="0" m="10727" /><D4/><U9/><E9/><V6/><F6/><W133/><G68/><AGARI ba="0,0" hai="49,54,57,63,66,68,82,83,84,89,93" m="10727" machi="68" ten="30,1000,0" yaku="25,1" doraHai="106" who="0" fromWho="3" sc="295,10,217,0,204,0,284,-10" owari="305,40.5,217,-18.3,204,-29.6,274,7.4" /></mjloggm>