<mjloggm ver="2.3"><GO type="225" lobby="0"/><UN n0="%E4%B8%89%E5%86%A0%E7%8E%8B%E3%83%BB%E5%B1%B1%E7%94%B0%E5%93%B2%E4%BA%BA" n1="%E7%AC%B9%E9%A4%85" n2="%E3%82%BC%E3%83%AB%E3%83%80%E3%81%AE%E4%BC%9D%E8%AA%AC" n3="%E3%81%82%E3%81%99%E3%81%AB%E3%82%83%E3%82%80" dan="16,16,16,16" rate="2122.59,2194.97,2173.24,2192.13" sx="M,M,M,F"/><TAIKYOKU oya="0"/><INIT seed="0,0,0,3,2,94" ten="250,250,250,250" oya="0" hai0="11,57,5,82,34,64,106,118,110,67,97,49,51" hai1="46,119,111,36,76,41,81,7,29,6,126,37,74" hai2="120,80,91,125,115,8,39,132,28,55,96,33,61" hai3="27,38,59,23,95,129,99,58,108,104,116,130,15"/><T73/><D34/><U19/><E119/><V53/><F120/><W75/><G38/><T45/><D118/><U117/><E117/><V66/><F115/><W90/><G116/><T4/><D110/><U103/><E111/><V78/><F39/><W35/><G75/><T17/><D17/><U127/><E37/><V25/><F125/><N who="1" m="47625" /><E29/><V107/><F132/><W102/><G15/><T2/><D4/><N who="1" m="1579" /><E19/><V18/><F8/><W105/><G35/><T40/><D73/><U109/><E109/><V9/><F9/><W69/><G69/><T89/><D82/><U112/><E103/><N who="2" m="62951" /><F91/><W63/><G108/><T43/><D57/><N who="3" m="21513" /><G102/><T100/><REACH who="0" step="1"/><D89/><REACH who="0" ten="240,250,250,250" step="2"/><U77/><E76/><V21/><F80/><W86/><G90/><T88/><D88/><U0/><E112/><V70/><F78/><W133/><G133/><T16/><D16/><U10/><E10/><V135/><F135/><W68/><G68/><T32/><D32/><U92/><E0/><V113/><F113/><W48/><G130/><T20/><D20/><U87/><E74/><V26/><AGARI ba="0,1" hai="18,21,25,26,28,33,53,55,61,66,70" m="62951" machi="26" ten="30,2000,0" yaku="25,1,52,1" doraHai="94" who="2" fromWho="2" sc="240,-10,250,-5,250,30,250,-5" /><INIT seed="1,0,0,4,2,102" ten="230,245,280,245" oya="1" hai0="6,90,67,8,9,12,36,23,37,34,43,66,85" hai1="117,92,123,79,55,68,103,83,26,69,125,84,105" hai2="127,51,52,120,74,7,17,38,10,124,70,99,56" hai3="21,20,71,129,31,27,131,47,134,97,45,63,115"/><U88/><E117/><V108/><F120/><W77/><G115/><T98/><D34/><U121/><E55/><V107/><F108/><W119/><G134/><T3/><D23/><U5/><E5/><V82/><F38/><W133/><G133/><T59/><D98/><N who="1" m="61687" /><E26/><V48/><F70/><N who="1" m="27241" /><E125/><N who="2" m="48203" /><F17/><W14/><G77/><T122/><D122/><U22/><E22/><V100/><F82/><W35/><G119/><T60/><D66/><U86/><E86/><V116/><F74/><W101/><G21/><T61/><D61/><U25/><E25/><V16/><F116/><W46/><G20/><T57/><D57/><U76/><E76/><V111/><F111/><W73/><G73/><T104/><D43/><U113/><E113/><V53/><F16/><W91/><G14/><T2/><D104/><U118/><E118/><V44/><F7/><W13/><G13/><T126/><D126/><U62/><E62/><V75/><F75/><W96/><G96/><T93/><REACH who="0" step="1"/><D2/><REACH who="0" ten="220,245,280,245" step="2"/><U128/><E121/><V30/><F30/><W39/><G63/><T49/><D49/><U32/><E123/><V58/><F58/><W65/><G65/><T106/><D106/><U1/><E1/><V42/><F42/><W64/><G64/><T112/><D112/><U11/><E32/><V72/><F56/><W89/><G71/><T50/><D50/><U78/><E11/><V24/><F10/><W80/><G39/><T132/><D132/><U15/><E15/><V19/><F51/><W81/><G35/><T41/><D41/><U95/><E128/><V94/><F48/><W109/><G129/><RYUUKYOKU ba="0,1" sc="220,15,245,15,280,-15,245,-15" hai0="3,6,8,9,12,36,37,59,60,67,85,90,93" hai1="78,79,83,84,88,92,95" /><INIT seed="1,1,1,2,0,28" ten="235,260,265,230" oya="1" hai0="129,65,82,123,46,113,7,81,39,0,66,109,112" hai1="19,24,54,45,100,119,131,11,13,83,89,127,21" hai2="15,120,43,91,104,122,25,111,134,86,90,23,71" hai3="77,35,126,12,36,40,56,108,59,20,110,49,51"/><U58/><E119/><V124/><F71/><W16/><G126/><T10/><D109/><N who="3" m="42089" /><G77/><T87/><D129/><U17/><E127/><V1/><F1/><W50/><G35/><T60/><D123/><U9/><E131/><V34/><F124/><W85/><G85/><T116/><D116/><U118/><E118/><V130/><F130/><W95/><G95/><T80/><D87/><N who="1" m="50431" /><E100/><V61/><F111/><W18/><G18/><T88/><D88/><U78/><E78/><V73/><F73/><W93/><G93/><T76/><D76/><U84/><E84/><V67/><F34/><W6/><G6/><T37/><D66/><U8/><E45/><AGARI ba="1,1" hai="12,16,20,36,40,45,49,50,51,56,59" m="42089" machi="45" ten="30,2000,0" yaku="14,1,54,1" doraHai="28" who="3" fromWho="1" sc="235,0,260,-23,265,0,230,33" /><INIT seed="2,0,0,2,3,11" ten="235,237,265,263" oya="2" hai0="111,124,27,132,46,13,130,35,59,128,51,81,100" hai1="114,52,16,15,41,63,122,97,9,123,23,83,5" hai2="55,82,127,47,104,49,99,43,58,7,0,4,21" hai3="87,48,14,102,8,125,60,64,117,71,80,126,1"/><V84/><F127/><N who="3" m="48651" /><G117/><T98/><D124/><U28/><E114/><V26/><F0/><W112/><G112/><T65/><D111/><U91/><E41/><V62/><F104/><W116/><G116/><T103/><D132/><U110/><E110/><V36/><F99/><W20/><G102/><T30/><D81/><U24/><E122/><V31/><REACH who="2" step="1"/><F36/><REACH who="2" ten="235,237,255,263" step="2"/><W56/><G1/><T121/><D98/><U17/><E123/><V90/><AGARI ba="0,1" hai="4,7,21,26,31,43,47,49,55,58,62,82,84,90" machi="90" ten="20,12000,1" yaku="1,1,2,1,0,1,7,1,8,1,53,0" doraHai="11" doraHaiUra="75" who="2" fromWho="2" sc="235,-40,237,-40,255,130,263,-40" /><INIT seed="2,1,0,0,5,88" ten="195,197,385,223" oya="2" hai0="123,72,57,100,130,94,117,13,104,135,98,41,11" hai1="131,118,71,65,84,22,29,93,99,25,128,31,129" hai2="132,87,60,107,9,96,83,124,52,20,59,109,17" hai3="10,50,61,86,79,67,119,74,110,33,49,45,54"/><V37/><F37/><W78/><G110/><T58/><D123/><U134/><E118/><V43/><F43/><W5/><G33/><T105/><D117/><U69/><E134/><V101/><F132/><W18/><G74/><T19/><D135/><U66/><E84/><V42/><F42/><W3/><G119/><T115/><D115/><U92/><E31/><V64/><F124/><W1/><G1/><T21/><D130/><U90/><E93/><V126/><F126/><W112/><G112/><T7/><D72/><U77/><E77/><V73/><F109/><W46/><G18/><T36/><D41/><U120/><E120/><V55/><F9/><W106/><G106/><T12/><D36/><U68/><AGARI ba="1,0" hai="22,25,29,65,66,68,69,71,90,92,99,128,129,131" machi="68" ten="40,5200,0" yaku="0,1,19,1,52,1" doraHai="88" who="1" fromWho="1" sc="195,-14,197,55,385,-27,223,-14" /><INIT seed="3,0,0,4,5,44" ten="181,252,358,209" oya="3" hai0="59,128,123,82,22,67,100,6,94,30,53,13,34" hai1="88,121,42,19,27,84,35,120,50,66,112,56,127" hai2="97,52,8,46,76,54,106,55,91,33,101,57,113" hai3="81,105,124,3,48,131,99,17,10,20,29,134,92"/><W61/><G134/><T28/><D123/><U11/><E112/><V78/><F113/><W5/><G131/><T132/><D132/><U72/><E72/><V51/><F33/><W25/><G124/><T7/><D34/><U125/><E42/><V89/><F8/><W95/><G81/><T49/><D128/><U16/><E121/><V40/><REACH who="2" step="1"/><F57/><REACH who="2" ten="181,252,348,209" step="2"/><W47/><G10/><N who="0" m="4311" /><D7/><U1/><E11/><V21/><F21/><W31/><G5/><T129/><D129/><U96/><E56/><V93/><F93/><W41/><G92/><T71/><D71/><U39/><E35/><V85/><F85/><W45/><G95/><T9/><D9/><U111/><E84/><V75/><F75/><W118/><G3/><T116/><D116/><U65/><E1/><V87/><F87/><W98/><G118/><T102/><D82/><U90/><E120/><V130/><F130/><W119/><G119/><T58/><D22/><U73/><E73/><V86/><F86/><W14/><G105/><T114/><D114/><U122/><E122/><V32/><F32/><W43/><G29/><N who="0" m="11371" /><D94/><U64/><E125/><V24/><F24/><W117/><G117/><T38/><D38/><U60/><E39/><V77/><AGARI ba="0,1" hai="40,46,51,52,54,55,76,77,78,89,91,97,101,106" machi="77" ten="30,12000,2" yaku="1,1,0,1,52,1,54,1,53,3" doraHai="44" doraHaiUra="74" who="2" fromWho="2" sc="181,-30,252,-30,348,130,209,-60" owari="151,-24.9,222,2.2,478,57.8,149,-35.1" /></mjloggm>