<mjloggm ver="2.3"><GO type="225" lobby="0"/><UN n0="%E3%82%BC%E3%83%AB%E3%83%80%E3%81%AE%E4%BC%9D%E8%AA%AC" n1="%68%6F%72%69%30%39%30%31" n2="%E3%81%82%E3%81%B9%E3%81%99%E3%81%91" n3="%73%6C%69%63%6B%33%31%39" dan="16,16,16,16" rate="2183.52,2045.63,2115.40,2117.35" sx="M,M,M,M"/><TAIKYOKU oya="0"/><INIT seed="0,0,0,3,5,0" ten="250,250,250,250" oya="0" hai0="50,32,30,24,49,18,127,16,38,20,129,41,61" hai1="102,78,112,67,86,58,94,47,60,91,80,1,68" hai2="109,9,100,35,72,108,23,96,14,7,97,77,19" hai3="110,26,75,4,54,120,17,82,84,29,101,128,104"/><T11/><D127/><U121/><E121/><V69/><F69/><W36/><G36/><T25/><D129/><U22/><E112/><V46/><F35/><W66/><G128/><T79/><D79/><U13/><E1/><V90/><F46/><W65/><G75/><T40/><D61/><U12/><E68/><V37/><F37/><W99/><G110/><N who="2" m="42601" /><F90/><W48/><G17/><T123/><D123/><U88/><E102/><V28/><F28/><W118/><G118/><T6/><D18/><N who="1" m="10567" /><E94/><V111/><N who="2" m="42609" /><V27/><DORA hai="81" /><F100/><W85/><G4/><T113/><D113/><U122/><E122/><V92/><F92/><W125/><G125/><T51/><REACH who="0" step="1"/><D38/><REACH who="0" ten="240,250,250,250" step="2"/><U106/><E106/><V57/><F57/><W55/><G104/><T95/><D95/><U103/><E58/><V62/><F62/><W117/><G120/><T87/><D87/><U63/><E60/><V56/><F56/><W52/><G84/><T116/><D116/><U73/><E86/><V21/><F77/><W15/><G85/><T131/><D131/><U45/><E78/><V114/><F72/><W43/><G82/><T8/><D8/><U59/><E80/><V71/><F114/><W135/><G117/><T93/><D93/><U134/><E73/><V133/><F71/><W39/><G39/><T107/><D107/><U42/><E63/><V5/><F133/><W33/><G135/><T2/><AGARI ba="0,1" hai="2,6,11,16,20,24,25,30,32,40,41,49,50,51" machi="2" ten="30,12000,1" yaku="1,1,0,1,52,1,54,1,53,1" doraHai="0,81" doraHaiUra="98,31" who="0" fromWho="0" sc="240,130,250,-40,250,-40,250,-40" /><INIT seed="0,1,0,0,3,123" ten="370,210,210,210" oya="0" hai0="120,116,117,51,128,28,135,101,88,54,27,38,118" hai1="52,124,98,58,46,61,9,134,50,15,83,1,32" hai2="19,126,17,49,57,10,0,89,91,21,64,68,105" hai3="94,81,63,48,34,12,125,33,24,71,109,11,3"/><T93/><D120/><U129/><E32/><V43/><F105/><W39/><G39/><T96/><D38/><U121/><E121/><V127/><F68/><W6/><G125/><N who="2" m="47625" /><F64/><W56/><G71/><T47/><D135/><U60/><E124/><V18/><F21/><W70/><G70/><T87/><D128/><U75/><E1/><V23/><F23/><W45/><G3/><T77/><D77/><U104/><E134/><V72/><F72/><W13/><G13/><T114/><D114/><U113/><E113/><V86/><F91/><W5/><G5/><T14/><D14/><U85/><E129/><V22/><F22/><W74/><G24/><T133/><D133/><U108/><E75/><V92/><F0/><W37/><G94/><T122/><D122/><U130/><E108/><V90/><F89/><W82/><G109/><T41/><D41/><U26/><E26/><V62/><F62/><W111/><G111/><T78/><D78/><U95/><E104/><V20/><F20/><W115/><G115/><T107/><D118/><U132/><E132/><V84/><F10/><W30/><G63/><T4/><D4/><N who="1" m="3495" /><E130/><V44/><F57/><W73/><G56/><T31/><D31/><U100/><E58/><V53/><F43/><N who="3" m="24639" /><G30/><T8/><D8/><U69/><E69/><V67/><F67/><W16/><G6/><T29/><D29/><U79/><AGARI ba="1,0" hai="46,50,52,60,61,79,83,85,95,98,100" m="3495" machi="79" ten="30,2000,0" yaku="8,1,54,1" doraHai="123" who="1" fromWho="1" sc="370,-11,210,23,210,-6,210,-6" /><INIT seed="1,0,0,5,2,23" ten="359,233,204,204" oya="1" hai0="3,36,132,52,124,14,32,48,57,110,31,75,0" hai1="49,116,17,56,10,59,33,94,66,107,47,58,118" hai2="112,29,114,24,122,129,125,101,39,91,37,130,83" hai3="119,93,26,99,9,13,8,16,84,95,79,21,77"/><U53/><E107/><V67/><F122/><W30/><G119/><T97/><D75/><U85/><E33/><N who="2" m="20647" /><F101/><W46/><G46/><T100/><D36/><U74/><E74/><V135/><F67/><W2/><G2/><T105/><D110/><U50/><E116/><V51/><F51/><W64/><G64/><T117/><D117/><U111/><E111/><V115/><F125/><W69/><G69/><T102/><D124/><U90/><E118/><V45/><F135/><W38/><G38/><N who="2" m="14345" /><F45/><W71/><G71/><T61/><D132/><U76/><E76/><V134/><F134/><W6/><G84/><AGARI ba="0,0" hai="83,84,91,112,114,115,129,130" m="14345,20647" machi="84" ten="40,2600,0" yaku="11,1,52,1" doraHai="23" who="2" fromWho="3" sc="359,0,233,0,204,26,204,-26" /><INIT seed="2,0,0,5,3,79" ten="359,233,230,178" oya="2" hai0="88,4,83,128,37,74,34,95,29,57,118,22,91" hai1="110,75,112,115,16,122,41,106,109,107,121,82,101" hai2="9,68,23,72,63,17,96,31,130,20,2,100,116" hai3="46,45,43,135,73,124,36,64,25,6,33,0,67"/><V52/><F116/><W92/><G73/><T7/><D37/><U55/><E41/><V84/><F72/><W48/><G124/><T129/><D34/><U8/><E55/><V104/><F130/><N who="0" m="50282" /><D118/><U30/><E30/><V50/><F68/><W19/><G135/><T87/><D57/><U119/><E119/><V21/><F63/><W28/><G0/><T89/><D74/><U98/><E107/><V44/><F84/><W102/><G6/><N who="0" m="2091" /><D95/><U38/><E38/><V24/><REACH who="2" step="1"/><F2/><REACH who="2" ten="359,233,220,178" step="2"/><W85/><G85/><T94/><D83/><U59/><E82/><V90/><F90/><W53/><G102/><T10/><D89/><U5/><E75/><V132/><F132/><W127/><G127/><T134/><D88/><U108/><E112/><V103/><F103/><W14/><REACH who="3" step="1"/><G92/><REACH who="3" ten="359,233,220,168" step="2"/><T86/><D134/><U15/><E115/><V49/><F49/><W61/><G61/><T105/><D86/><U113/><E113/><V32/><F32/><W117/><G117/><T70/><D87/><U76/><E76/><V26/><F26/><W1/><G1/><T18/><D94/><U71/><E110/><V93/><F93/><W81/><G81/><T69/><D91/><U97/><E109/><V125/><F125/><W11/><AGARI ba="0,2" hai="11,14,19,25,28,33,36,43,45,46,48,53,64,67" machi="11" ten="20,2700,0" yaku="1,1,0,1,7,1,53,0" doraHai="79" doraHaiUra="111" who="3" fromWho="3" sc="359,-7,233,-7,220,-13,168,47" /><INIT seed="3,0,0,0,2,62" ten="352,226,207,215" oya="3" hai0="31,12,113,126,133,35,114,5,105,26,70,40,93" hai1="11,45,47,73,135,117,112,98,32,65,68,106,120" hai2="103,22,41,58,44,79,24,116,23,30,18,86,110" hai3="94,109,2,4,72,36,134,85,28,102,121,75,25"/><W43/><G121/><T95/><D105/><U82/><E112/><N who="0" m="43113" /><D126/><U63/><E120/><V50/><F116/><W14/><G2/><T111/><D111/><U122/><E122/><V10/><F110/><W119/><G119/><T48/><D133/><U29/><E11/><V80/><F103/><W19/><G4/><T88/><D70/><U27/><E135/><V13/><F58/><W51/><G36/><T84/><D95/><U100/><REACH who="1" step="1"/><E117/><REACH who="1" ten="352,216,207,215" step="2"/><V34/><AGARI ba="0,1" hai="10,13,18,22,23,24,30,34,41,44,50,79,80,86" machi="34" ten="20,1500,0" yaku="0,1,7,1" doraHai="62" who="2" fromWho="2" sc="352,-4,216,-4,207,25,215,-7" owari="348,44.8,212,-18.8,232,3.2,208,-29.2" /></mjloggm>