<mjloggm ver="2.3"><GO type="225" lobby="0"/><UN n0="%48%61%61%61%6C%61%6E%64" n1="%E7%89%B9%E6%9D%B1%E3%81%AF%E4%B8%96%E7%95%8C%E3%82%92%E6%95%91%E3%81%86" n2="%E3%83%8F%E3%82%AC%E3%82%BF%E3%82%AB%E3%81%AE%E3%81%88%E3%81%98%E3%81%8D" n3="%E3%81%A1%E3%82%85%E3%81%86%E3%81%A9%E3%81%8F%E8%B1%A1%E3%81%95%E3%82%93" dan="17,16,16,16" rate="2237.13,2173.02,2153.38,2100.02" sx="M,M,M,M"/><TAIKYOKU oya="0"/><INIT seed="0,0,0,1,0,54" ten="250,250,250,250" oya="0" hai0="47,82,86,69,122,56,44,28,76,57,50,93,64" hai1="49,5,22,80,87,53,111,131,106,72,127,26,114" hai2="104,83,43,20,25,121,62,12,100,48,74,16,81" hai3="70,10,105,88,116,113,30,96,37,61,7,132,94"/><T15/><D122/><U51/><E106/><V32/><F121/><W21/><G116/><T128/><D128/><U67/><E131/><V92/><F104/><W99/><G113/><T103/><D28/><U120/><E120/><V101/><F74/><W119/><G119/><T85/><D69/><U133/><E114/><V45/><F32/><W58/><G70/><T1/><D1/><U17/><E72/><V66/><F25/><W115/><G115/><T59/><D64/><U71/><E111/><V73/><F73/><W75/><G75/><T102/><D15/><U134/><E5/><V108/><F108/><W8/><G37/><T42/><D44/><U112/><E127/><V123/><F123/><W68/><G68/><T78/><D93/><U55/><E51/><V33/><F33/><W90/><G132/><N who="1" m="50794" /><E49/><V84/><F92/><N who="3" m="56327" /><G105/><T129/><D129/><U34/><E34/><V109/><F109/><W6/><G6/><T126/><D126/><U130/><E112/><V11/><F83/><AGARI ba="0,0" hai="42,47,50,56,57,59,76,78,82,83,85,86,102,103" machi="83" ten="40,12000,1" yaku="9,1,8,1,52,3" doraHai="54" who="0" fromWho="2" sc="250,120,250,0,250,-120,250,0" /><INIT seed="0,1,0,3,2,9" ten="370,250,130,250" oya="0" hai0="55,25,64,92,44,17,105,18,61,103,96,84,115" hai1="20,12,134,13,5,79,99,131,112,40,72,123,38" hai2="101,49,33,73,23,109,93,51,124,16,41,3,70" hai3="10,108,95,31,14,89,30,28,118,0,11,122,21"/><T97/><D115/><U116/><E116/><V34/><F70/><W106/><G106/><T68/><D84/><U26/><E123/><V113/><F113/><W46/><G118/><T87/><D87/><U126/><E112/><V62/><F3/><W43/><G122/><T1/><D1/><U8/><E131/><V47/><F73/><W107/><G107/><T98/><D98/><U117/><E117/><V24/><F109/><W29/><G108/><T53/><D44/><N who="1" m="23575" /><E99/><V4/><F4/><W104/><G104/><T66/><D66/><U60/><E60/><V74/><F74/><W50/><G0/><T67/><D67/><U27/><E27/><V7/><F7/><W52/><G43/><T132/><D132/><U6/><E6/><V63/><F51/><W59/><G46/><T65/><D65/><U77/><E77/><V83/><F83/><W81/><G81/><T80/><D80/><N who="1" m="45159" /><E126/><V90/><F101/><W100/><G100/><T88/><REACH who="0" step="1"/><D25/><REACH who="0" ten="360,250,130,250" step="2"/><U85/><E85/><V57/><F124/><W110/><G110/><T32/><D32/><U54/><E134/><V78/><F34/><W91/><G91/><T125/><D125/><U56/><E26/><V36/><F33/><W130/><G130/><T35/><D35/><U102/><E102/><V39/><F78/><W127/><G127/><T58/><D58/><U2/><E56/><V15/><F57/><W22/><G59/><T48/><D48/><U71/><E2/><V42/><F24/><W129/><G50/><T135/><D135/><U128/><E128/><V45/><F49/><W119/><G129/><RYUUKYOKU ba="1,1" sc="360,15,250,-15,130,15,250,-15" hai0="17,18,53,55,61,64,68,88,92,96,97,103,105" hai2="15,16,23,36,39,41,42,45,47,62,63,90,93" /><INIT seed="0,2,1,5,1,74" ten="375,235,145,235" oya="0" hai0="54,1,29,49,0,8,75,124,47,115,7,116,123" hai1="44,87,73,60,34,70,99,46,17,5,79,128,66" hai2="36,132,135,11,95,30,105,77,108,71,59,19,21" hai3="61,82,113,20,28,104,14,51,83,121,102,90,81"/><T91/><D115/><U24/><E73/><V41/><F105/><W9/><G113/><T42/><D116/><U98/><E128/><V63/><F71/><W40/><G121/><T27/><D123/><U26/><E5/><V72/><F108/><W16/><G61/><T62/><D124/><U55/><E24/><V88/><F30/><W84/><G104/><T119/><D119/><U6/><E6/><V114/><F11/><W126/><G102/><T94/><D75/><U32/><E32/><V96/><F41/><W120/><G120/><T10/><D10/><U3/><E3/><V31/><F31/><W58/><G126/><T106/><D106/><U85/><E85/><V39/><F114/><W69/><G69/><T4/><D4/><U103/><E55/><N who="2" m="34303" /><F77/><W110/><G110/><T25/><D0/><U13/><E34/><V23/><F23/><W80/><G40/><T134/><D29/><U107/><E79/><V65/><F65/><W64/><G64/><T127/><D127/><U86/><E70/><V22/><F22/><W111/><G111/><T93/><D42/><U76/><E66/><V43/><F72/><W92/><G92/><T52/><D94/><U97/><E107/><V53/><F53/><N who="3" m="32063" /><G81/><T78/><D93/><U67/><E67/><V125/><F125/><W50/><G50/><T56/><D54/><U130/><E60/><V101/><F101/><W57/><G57/><T129/><D56/><U15/><E103/><V109/><F109/><W37/><G37/><N who="2" m="14409" /><F43/><W100/><G100/><T18/><D52/><U2/><E46/><V48/><F48/><RYUUKYOKU ba="2,1" sc="375,-15,235,-15,145,15,235,15" hai2="19,21,88,95,96,132,135" hai3="9,14,16,20,28,80,82,83,84,90" /><INIT seed="1,3,1,5,1,106" ten="360,220,160,250" oya="1" hai0="112,52,13,94,45,19,47,74,97,128,100,50,43" hai1="25,23,67,131,93,77,61,116,54,65,21,26,108" hai2="130,76,83,70,91,102,114,63,4,109,80,34,110" hai3="95,44,36,48,87,86,16,28,117,49,118,6,96"/><U9/><E116/><N who="3" m="44650" /><G28/><T73/><D128/><U33/><E131/><V1/><F130/><W35/><G35/><T75/><D112/><U127/><E33/><V31/><F114/><W85/><G6/><T68/><D68/><U17/><E127/><V46/><F102/><N who="3" m="60703" /><G16/><T11/><D75/><U39/><E39/><AGARI ba="3,1" hai="11,13,19,39,43,45,47,50,52,73,74,94,97,100" machi="39" ten="30,7700,0" yaku="7,1,52,2,54,1" doraHai="106" who="0" fromWho="1" sc="360,96,220,-86,160,0,250,0" /><INIT seed="2,0,0,2,0,87" ten="456,134,160,250" oya="2" hai0="61,82,10,41,95,80,48,134,27,101,1,105,122" hai1="100,108,45,113,118,54,88,6,65,125,17,15,24" hai2="85,126,133,94,52,78,67,109,68,49,20,28,127" hai3="129,93,34,97,8,98,104,74,71,112,106,131,117"/><V107/><F107/><N who="3" m="41003" /><G8/><T53/><D105/><U36/><E113/><V79/><F133/><W121/><G34/><T110/><D110/><U11/><E118/><V50/><F109/><W59/><G59/><T56/><D122/><U96/><E108/><V92/><F67/><W33/><G33/><T66/><D41/><U135/><E135/><V123/><F68/><W103/><G71/><T130/><D130/><N who="3" m="49673" /><G121/><T7/><D134/><U31/><E125/><N who="2" m="47627" /><F49/><W43/><G43/><T132/><D132/><U25/><E100/><V3/><F3/><W55/><G55/><T35/><D35/><U91/><E65/><V81/><F79/><W128/><G117/><T47/><D27/><N who="1" m="10315" /><E96/><V119/><F123/><W5/><G5/><T30/><D30/><U75/><E75/><V84/><F119/><W63/><G63/><T60/><D61/><U116/><E36/><V46/><F28/><W9/><G9/><T124/><D124/><U37/><E37/><V39/><F20/><W16/><G16/><T44/><D60/><U21/><E116/><V115/><F115/><W69/><G69/><T40/><D66/><U23/><E31/><V58/><F85/><W89/><G128/><T51/><D56/><U32/><E32/><V2/><F2/><W57/><G57/><T120/><D120/><U42/><E42/><AGARI ba="0,0" hai="39,42,46,50,52,58,78,81,84,92,94" m="47627" machi="42" ten="30,2900,0" yaku="18,1,54,1" doraHai="87" who="2" fromWho="1" sc="456,0,134,-29,160,29,250,0" /><INIT seed="2,1,0,0,0,89" ten="456,105,189,250" oya="2" hai0="27,56,87,13,17,95,65,31,49,57,36,69,74" hai1="54,16,110,25,32,78,117,29,103,60,2,126,64" hai2="118,19,100,34,116,62,127,130,97,22,24,12,76" hai3="52,39,68,71,61,9,115,104,99,8,131,72,79"/><V1/><F1/><W102/><G131/><T66/><D74/><U80/><E110/><V5/><F76/><W113/><G39/><T123/><D36/><U106/><E126/><V92/><F130/><W119/><G119/><T6/><D6/><U53/><E2/><V43/><F127/><W109/><G109/><T111/><D123/><U30/><E117/><V128/><F128/><W98/><G79/><T0/><D0/><U20/><E103/><V50/><F62/><W40/><G72/><T58/><D49/><U88/><E106/><V48/><F48/><W82/><G82/><T37/><D37/><U108/><E108/><V73/><F73/><W51/><G40/><T83/><D95/><U105/><E105/><V11/><REACH who="2" step="1"/><F34/><REACH who="2" ten="456,105,179,250" step="2"/><W59/><G113/><T81/><D111/><U4/><E78/><V90/><F90/><W93/><G115/><T63/><D63/><U38/><E38/><V84/><F84/><W23/><G61/><T70/><D87/><U7/><E60/><V3/><F3/><W86/><G86/><T18/><D66/><U33/><E64/><V101/><F101/><N who="3" m="60623" /><G68/><T10/><D69/><U121/><E88/><V120/><F120/><W46/><G71/><T21/><D70/><U132/><E121/><V91/><F91/><W96/><G96/><T55/><D65/><U44/><E32/><V45/><AGARI ba="1,1" hai="5,11,12,19,22,24,43,45,50,92,97,100,116,118" machi="45" ten="30,6000,0" yaku="1,1,0,1,52,1,53,0" doraHai="89" doraHaiUra="26" who="2" fromWho="2" sc="456,-21,105,-21,179,73,250,-21" /><INIT seed="2,2,0,2,1,83" ten="435,84,252,229" oya="2" hai0="4,47,120,134,70,19,13,38,58,80,113,88,50" hai1="41,133,26,33,60,17,6,89,52,122,81,87,82" hai2="132,46,48,7,21,57,44,56,96,125,37,109,66" hai3="2,129,53,65,75,92,34,0,79,12,25,130,105"/><V20/><F125/><W121/><G121/><T68/><D120/><U108/><E108/><V115/><F115/><W99/><G105/><T112/><D134/><U40/><E133/><V14/><F132/><W59/><G65/><T107/><D107/><U1/><E122/><V104/><F109/><W27/><G12/><T5/><D38/><U94/><E6/><N who="0" m="2665" /><D68/><U74/><E1/><N who="3" m="618" /><G79/><T110/><D70/><U8/><E33/><V128/><F128/><N who="3" m="49259" /><G75/><T101/><D110/><U62/><E62/><V77/><F77/><W69/><G34/><T18/><D13/><N who="1" m="7335" /><E26/><V135/><F104/><W22/><G22/><T63/><D113/><U35/><E35/><V126/><F21/><W23/><G23/><T43/><D101/><U32/><E32/><V64/><F20/><W116/><G116/><T97/><D112/><U117/><E117/><V49/><F14/><W106/><G106/><T100/><D100/><U73/><E73/><V55/><F7/><W71/><G71/><T111/><D111/><U114/><E114/><V51/><F126/><W9/><G9/><T124/><D124/><U131/><E131/><V78/><F78/><W86/><G69/><T39/><D18/><U10/><E10/><V127/><F127/><W30/><G30/><T29/><D19/><U54/><E74/><V15/><F15/><W28/><G28/><T67/><D29/><U76/><E76/><V91/><F135/><W24/><G24/><T42/><D67/><U3/><E3/><V72/><F66/><W16/><G25/><T103/><D103/><U98/><E54/><N who="2" m="31815" /><F72/><W45/><G27/><RYUUKYOKU ba="2,0" sc="435,0,84,0,252,0,229,0" /><INIT seed="3,3,0,0,1,21" ten="435,84,252,229" oya="3" hai0="118,103,8,97,12,109,51,73,45,5,115,23,65" hai1="85,38,129,125,50,101,48,10,0,84,34,119,15" hai2="33,63,70,81,127,110,58,54,35,86,108,135,36" hai3="102,6,49,83,56,80,17,37,27,11,76,19,43"/><W92/><G37/><T116/><D109/><N who="2" m="42090" /><F135/><W60/><G43/><T79/><D115/><U114/><E114/><V26/><F127/><W95/><G49/><T3/><D65/><U74/><E74/><V20/><F70/><W106/><G106/><T96/><D73/><U4/><E38/><V82/><F36/><W31/><G83/><N who="2" m="31753" /><F86/><N who="3" m="48391" /><G31/><AGARI ba="3,0" hai="20,26,31,33,35,54,58,63" m="31753,42090" machi="31" ten="30,2000,0" yaku="14,1,52,1" doraHai="21" who="2" fromWho="3" sc="435,0,84,0,252,29,229,-29" owari="435,53.5,84,-41.6,281,8.1,200,-20.0" /></mjloggm>