<mjloggm ver="2.3"><GO type="225" lobby="0"/><UN n0="%E9%80%86%E9%80%A3%E5%B8%AF%E3%81%AE%E9%AC%BC" n1="%E7%AB%8B%E8%8A%B1%E9%9F%BF" n2="%48%61%61%61%6C%61%6E%64" n3="%E3%81%BF%E3%81%BF%E3%81%9A" dan="16,17,18,16" rate="2127.98,2142.39,2241.12,2140.08" sx="M,F,M,M"/><TAIKYOKU oya="0"/><INIT seed="0,0,0,0,3,29" ten="250,250,250,250" oya="0" hai0="45,61,132,104,128,103,130,71,10,6,64,101,119" hai1="133,55,14,39,46,34,109,3,19,83,118,47,18" hai2="11,56,26,90,93,76,81,49,43,70,9,41,107" hai3="100,110,97,60,134,27,112,116,59,33,36,4,131"/><T105/><D119/><U25/><E118/><V58/><F70/><W12/><G116/><T23/><D132/><U125/><E3/><V57/><F107/><W24/><G36/><T79/><D79/><U21/><E133/><V124/><F124/><W117/><G134/><T66/><D66/><U111/><E125/><V86/><F26/><W108/><G117/><T115/><D115/><U74/><E55/><V2/><F2/><W88/><G112/><T65/><D65/><U67/><E67/><V72/><REACH who="2" step="1"/><F49/><REACH who="2" ten="250,250,240,250" step="2"/><W80/><G27/><T75/><D105/><U40/><E39/><V91/><F91/><W42/><G24/><T8/><D104/><U96/><E25/><V121/><F121/><W31/><G88/><T62/><D71/><U50/><E50/><V69/><F69/><W113/><G113/><T52/><D103/><U106/><E106/><V122/><F122/><W22/><G100/><T84/><D101/><U87/><E111/><V30/><F30/><W85/><G31/><T92/><D130/><U63/><E109/><V28/><F28/><W1/><G131/><T89/><D128/><U114/><E114/><V5/><F5/><W98/><G4/><T82/><D6/><U7/><E7/><V123/><F123/><W78/><G108/><T102/><D89/><U126/><E126/><V53/><F53/><W0/><G110/><T54/><D54/><U68/><E68/><V135/><F135/><W20/><G0/><T38/><D52/><U44/><E18/><V77/><F77/><W37/><G1/><T127/><D38/><U73/><E19/><RYUUKYOKU ba="0,1" sc="250,-10,250,-10,240,30,250,-10" hai2="9,11,41,43,56,57,58,72,76,81,86,90,93" /><INIT seed="1,1,1,0,0,117" ten="240,240,270,240" oya="1" hai0="113,67,11,22,106,101,86,34,97,5,85,43,8" hai1="17,33,1,26,15,63,84,36,32,51,2,72,100" hai2="30,94,38,53,79,75,69,48,49,128,123,20,134" hai3="45,3,7,109,31,74,83,111,76,41,124,121,80"/><U108/><E36/><V42/><F128/><W50/><G124/><T21/><D113/><U92/><E72/><V102/><F69/><W96/><G31/><T59/><D34/><U58/><E51/><V103/><F134/><W4/><G121/><T82/><D43/><U56/><E108/><N who="3" m="41546" /><G3/><T37/><D37/><U10/><E58/><V14/><F123/><W125/><G125/><T132/><D85/><U68/><E68/><V44/><F38/><W122/><G122/><T119/><D11/><U35/><E26/><N who="2" m="16711" /><F75/><W115/><G115/><T54/><D67/><U66/><REACH who="1" step="1"/><E100/><REACH who="1" ten="240,230,270,240" step="2"/><V73/><F73/><N who="3" m="43023" /><G96/><T64/><D132/><U116/><E116/><V89/><F103/><W24/><G24/><T104/><D119/><U12/><E12/><V135/><F135/><W70/><G70/><T91/><D97/><U62/><E62/><V39/><F39/><W95/><G95/><T90/><D101/><U81/><E81/><V120/><F102/><W118/><G118/><T16/><D82/><U60/><E60/><V131/><F14/><W127/><G127/><T19/><D59/><U55/><E55/><V29/><F120/><W13/><G13/><T65/><D54/><U93/><E93/><V107/><F94/><W114/><G114/><T0/><D0/><U133/><E133/><V130/><F53/><W110/><N who="3" m="41554" /><W99/><DORA hai="126" /><G99/><T25/><D25/><U52/><E52/><V77/><F131/><W40/><G41/><T129/><D129/><U78/><E78/><AGARI ba="1,2" hai="4,7,40,45,50,74,78,83" m="43023,41554" machi="78" ten="40,1300,0" yaku="14,1" doraHai="117,126" who="3" fromWho="1" sc="240,0,230,-16,270,0,240,36" /><INIT seed="2,0,0,5,3,30" ten="240,214,270,276" oya="2" hai0="70,91,37,71,42,89,18,120,66,82,22,128,50" hai1="53,115,121,69,26,61,55,131,29,114,74,59,39" hai2="104,3,98,28,125,33,75,108,78,124,90,102,123" hai3="6,84,65,38,83,87,11,2,13,129,60,73,68"/><V103/><F123/><W81/><G129/><T36/><D120/><U111/><E121/><V17/><F108/><W10/><G38/><T96/><D128/><U24/><E131/><V54/><F103/><W15/><G73/><T5/><D5/><U88/><E74/><V85/><F3/><W127/><G127/><N who="2" m="48713" /><F17/><W107/><G107/><T92/><D50/><U32/><E111/><V51/><F78/><W118/><G118/><T12/><D66/><U19/><E39/><V7/><F7/><W64/><G64/><T134/><D134/><U0/><E0/><V40/><F40/><W23/><G23/><T106/><D106/><U58/><E69/><V86/><F75/><W126/><G126/><T135/><D135/><U1/><E1/><V49/><F90/><W47/><G47/><T76/><D91/><U41/><E41/><V97/><F97/><W113/><G113/><T110/><D110/><U57/><E88/><V45/><F49/><W94/><G94/><T46/><REACH who="0" step="1"/><D37/><REACH who="0" ten="230,214,270,276" step="2"/><U99/><E99/><V77/><F77/><W101/><G101/><T117/><D117/><U132/><E132/><V63/><F63/><W67/><G6/><T34/><D34/><U95/><E95/><V43/><F54/><W48/><G48/><T21/><D21/><U20/><E58/><V35/><F35/><W100/><G100/><T52/><D52/><U133/><E133/><V62/><F62/><AGARI ba="0,1" hai="19,20,24,26,29,32,53,55,57,59,61,62,114,115" machi="62" ten="30,3900,0" yaku="7,1,9,1,52,1" doraHai="30" who="1" fromWho="2" sc="230,0,214,49,270,-39,276,0" /><INIT seed="3,0,0,4,4,87" ten="230,263,231,276" oya="3" hai0="83,85,118,88,38,124,22,6,105,11,26,93,110" hai1="122,33,5,125,108,59,98,91,135,37,73,82,78" hai2="25,27,113,111,47,35,75,114,81,0,76,41,89" hai3="126,99,70,120,61,96,101,84,92,3,2,12,56"/><W17/><G120/><T100/><D110/><U66/><E122/><V116/><F111/><W69/><G84/><T53/><D124/><U74/><E33/><V60/><F116/><W4/><G126/><T117/><D38/><U48/><E37/><V19/><F0/><W18/><G18/><T55/><D105/><U46/><E108/><V20/><F60/><W36/><G36/><T80/><D118/><U95/><E125/><V50/><REACH who="2" step="1"/><F89/><REACH who="2" ten="230,263,221,276" step="2"/><W127/><G2/><T94/><D117/><U49/><E91/><V21/><F21/><W97/><G127/><T15/><D83/><U40/><E82/><V30/><AGARI ba="0,1" hai="19,20,25,27,30,35,41,47,50,75,76,81,113,114" machi="30" ten="30,4000,0" yaku="1,1,0,1,53,1" doraHai="87" doraHaiUra="31" who="2" fromWho="2" sc="230,-10,263,-10,221,50,276,-20" /><INIT seed="4,0,0,3,1,71" ten="220,253,271,256" oya="0" hai0="133,51,38,78,117,20,3,40,56,2,65,108,105" hai1="42,45,1,25,0,90,85,126,88,120,96,27,31" hai2="55,63,124,123,22,70,81,87,17,131,98,47,29" hai3="109,119,69,111,113,67,104,30,19,110,115,61,132"/><T114/><D117/><U127/><E120/><V34/><F123/><W83/><G119/><T128/><D105/><U130/><E96/><V101/><F124/><N who="1" m="47657" /><E130/><V103/><F131/><W49/><G132/><T77/><D128/><U21/><E27/><V32/><F29/><W41/><G30/><T12/><D133/><U37/><E90/><V52/><F32/><W43/><G104/><T48/><D108/><U23/><E21/><V9/><F34/><W129/><G129/><T80/><D114/><N who="3" m="43529" /><G19/><T135/><D135/><U60/><E60/><V72/><F63/><W79/><G49/><T125/><D125/><U66/><E66/><V100/><F17/><W16/><G16/><T18/><D51/><U15/><E15/><V14/><F14/><W24/><G24/><T13/><D13/><U75/><E75/><AGARI ba="0,0" hai="41,43,61,67,69,75,79,83,109,110,111" m="43529" machi="75" ten="40,1300,0" yaku="15,1" doraHai="71" who="3" fromWho="1" sc="220,0,253,-13,271,0,256,13" /><INIT seed="5,0,0,4,4,24" ten="220,240,271,269" oya="1" hai0="54,100,126,88,87,17,123,6,89,117,36,91,129" hai1="55,43,130,19,61,37,29,93,40,13,58,53,34" hai2="133,86,78,134,35,99,2,106,45,96,5,79,125" hai3="72,108,59,20,112,90,62,10,46,28,71,83,73"/><U124/><E130/><V67/><F125/><W12/><G108/><T131/><D36/><U8/><E124/><V97/><F67/><W98/><G71/><T4/><D126/><U57/><E37/><V68/><F68/><W109/><G109/><T121/><D117/><U65/><E65/><V95/><F35/><W60/><G112/><T76/><D100/><U77/><E77/><N who="2" m="29195" /><F45/><W21/><G46/><T56/><D17/><U122/><E122/><N who="0" m="46601" /><D76/><U120/><E120/><V7/><F2/><W107/><G107/><T47/><D47/><U11/><E11/><V49/><F49/><W52/><G73/><T50/><D87/><U81/><E81/><V119/><F106/><W64/><G72/><T101/><D101/><U39/><E39/><V80/><F119/><W9/><G9/><T33/><D33/><U31/><E93/><V32/><F95/><W84/><G98/><T63/><D50/><N who="1" m="30903" /><E34/><V51/><F32/><W102/><G102/><T128/><AGARI ba="0,0" hai="4,6,54,56,63,88,89,91,128,129,131" m="46601" machi="128" ten="40,5200,0" yaku="19,1,13,1,54,1" doraHai="24" who="0" fromWho="0" sc="220,52,240,-26,271,-13,269,-13" /><INIT seed="6,0,0,3,4,24" ten="272,214,258,256" oya="2" hai0="70,39,50,76,91,40,92,9,99,57,42,0,132" hai1="54,35,129,16,96,114,65,44,17,67,72,113,10" hai2="3,121,133,130,112,29,128,61,47,6,94,103,43" hai3="78,38,88,25,117,80,122,100,104,14,58,98,66"/><V85/><F121/><W28/><G117/><T90/><D70/><U49/><E72/><V19/><F112/><N who="1" m="43113" /><E129/><V106/><F133/><W33/><G122/><T126/><D132/><U134/><E134/><V123/><F123/><W7/><G38/><T56/><D126/><U13/><E35/><V111/><F111/><W118/><G118/><T60/><D76/><U74/><E74/><V21/><F106/><W79/><G7/><T115/><D115/><U36/><E36/><V89/><F103/><W87/><REACH who="3" step="1"/><G14/><REACH who="3" ten="272,214,258,246" step="2"/><T12/><D39/><U135/><E135/><V105/><F6/><W41/><G41/><T69/><D42/><U108/><E108/><V62/><F43/><W64/><G64/><N who="1" m="24650" /><E96/><V107/><F128/><W37/><G37/><T52/><D40/><U93/><E93/><V27/><F130/><W82/><G82/><T11/><D99/><U55/><E55/><V75/><F94/><W83/><G83/><T131/><D92/><U8/><E8/><V26/><F105/><W119/><G119/><T53/><D131/><U20/><E20/><V51/><F107/><W77/><G77/><T71/><D11/><U48/><E48/><V81/><F51/><W109/><G109/><T110/><D110/><U116/><E116/><V23/><F23/><W2/><G2/><T73/><D0/><U84/><E84/><V32/><F3/><W102/><G102/><T95/><D73/><U4/><AGARI ba="0,1" hai="4,10,13,16,17,44,49,54" m="24650,43113" machi="4" ten="30,2000,0" yaku="15,1,54,1" doraHai="24" who="1" fromWho="1" sc="272,-5,214,30,258,-10,246,-5" /><INIT seed="7,0,0,3,0,76" ten="267,244,248,241" oya="3" hai0="0,6,75,88,114,28,118,92,132,71,80,119,128" hai1="127,27,87,109,95,25,53,41,72,65,84,9,32" hai2="49,63,57,12,47,62,15,29,97,135,46,17,26" hai3="4,121,70,107,37,7,104,131,24,58,112,50,74"/><W100/><G121/><T89/><D71/><U45/><E109/><V79/><F135/><W36/><G70/><T133/><D28/><U105/><E105/><N who="3" m="40522" /><G100/><T38/><D38/><N who="3" m="14953" /><G74/><T48/><D128/><U83/><E127/><V129/><F129/><W78/><G78/><T1/><D48/><N who="1" m="26671" /><E32/><V73/><F79/><W125/><G131/><T56/><D56/><U16/><E72/><V101/><F73/><W122/><G24/><N who="1" m="9290" /><E65/><V86/><F26/><W98/><G98/><T68/><D68/><U67/><E67/><V52/><F97/><W42/><G122/><T120/><D120/><U124/><E124/><V69/><F69/><W64/><G125/><T31/><D31/><U77/><E53/><V30/><F29/><W117/><G117/><T23/><D75/><U44/><E44/><V134/><F30/><W39/><N who="3" m="14961" /><W103/><DORA hai="90" /><G103/><T40/><D119/><U59/><E59/><V110/><F101/><W34/><G34/><T13/><D118/><U14/><E87/><V130/><F130/><W93/><G112/><T20/><D114/><U5/><E95/><V113/><F113/><W54/><G93/><T22/><D40/><U106/><E106/><V61/><F134/><N who="0" m="51818" /><D92/><U85/><E85/><V111/><F86/><W82/><G82/><T126/><D126/><U123/><E123/><V43/><F43/><W91/><G42/><T66/><D66/><U81/><E81/><V115/><F115/><W21/><G91/><N who="0" m="34891" /><D80/><U18/><AGARI ba="0,0" hai="5,9,14,16,18,77,83,84" m="9290,26671" machi="18" ten="30,7900,0" yaku="25,1,8,1,52,1,54,1" doraHai="76,90" who="1" fromWho="1" sc="267,-20,244,79,248,-20,241,-39" owari="247,4.7,323,42.3,228,-17.2,202,-29.8" /></mjloggm>