<mjloggm ver="2.3"><GO type="225" lobby="0"/><UN n0="%E6%B8%A9%E2%98%85%E6%83%85%E2%98%85%E6%8E%AA%E2%98%85%E7%BD%AE" n1="%E6%B4%BE%E9%81%A3%E3%81%AE%E3%82%B8%E3%83%A3%E3%83%83%E3%82%AF" n2="%6D%75%75%6D%75%72%61" n3="%45%6C%79%73%69%75%6D" dan="16,16,17,17" rate="2164.24,2210.16,2213.37,2083.60" sx="M,M,F,F"/><TAIKYOKU oya="0"/><INIT seed="0,0,0,3,1,86" ten="250,250,250,250" oya="0" hai0="82,61,50,55,87,98,16,5,108,3,74,80,83" hai1="59,33,10,32,109,37,6,19,65,100,9,114,106" hai2="110,135,28,95,66,78,23,44,35,13,88,93,52" hai3="90,129,92,24,58,64,63,120,14,22,54,34,115"/><T45/><D108/><U84/><E37/><V60/><F110/><W104/><G115/><T105/><D74/><U99/><E109/><V132/><F78/><W113/><G113/><T133/><D133/><N who="2" m="51274" /><F35/><W72/><G72/><T116/><D116/><U68/><E68/><V71/><F44/><W62/><G104/><T15/><D3/><U29/><E29/><V56/><F28/><W89/><G129/><T21/><D5/><U11/><E114/><V112/><F112/><W111/><G111/><T17/><D61/><U75/><E75/><V41/><F41/><W69/><G120/><T47/><D47/><U46/><E46/><V42/><F42/><W70/><G70/><T38/><D38/><U30/><E30/><V53/><F93/><W12/><G34/><T122/><D122/><U77/><E6/><V2/><F2/><W96/><REACH who="3" step="1"/><G90/><REACH who="3" ten="250,250,250,240" step="2"/><N who="0" m="51559" /><D105/><U127/><E32/><V36/><F71/><W128/><G128/><T121/><D121/><U8/><E33/><V81/><F36/><W73/><G73/><T131/><D131/><U18/><E106/><V117/><F117/><W57/><G57/><T101/><D101/><U134/><E134/><V79/><F79/><W43/><G43/><T107/><D107/><U124/><E77/><V1/><F1/><W103/><G103/><T49/><D45/><U85/><E100/><V27/><F81/><W48/><G48/><T76/><D50/><U26/><N who="1" m="2048" /><DORA hai="31" /><U123/><E123/><V130/><F130/><W97/><G97/><T94/><D76/><U67/><E99/><N who="2" m="57831" /><F27/><W102/><G102/><T125/><D83/><RYUUKYOKU ba="0,1" sc="250,-15,250,-15,250,15,240,15" hai2="13,23,52,53,56,60,66" hai3="12,14,22,24,54,58,62,63,64,69,89,92,96" /><INIT seed="1,1,1,4,4,94" ten="235,235,265,255" oya="1" hai0="7,50,77,118,130,100,105,8,74,123,108,37,32" hai1="126,1,68,131,30,22,121,25,95,2,53,117,42" hai2="44,66,91,87,12,48,52,18,41,80,49,62,58" hai3="134,96,29,19,86,27,70,133,11,28,14,47,36"/><U67/><E121/><V61/><REACH who="2" step="1"/><F66/><REACH who="2" ten="235,235,255,255" step="2"/><W10/><G133/><T16/><D123/><U132/><E67/><V63/><F63/><W101/><G134/><T46/><D118/><U55/><E132/><V69/><F69/><W115/><G70/><T111/><D111/><U85/><E117/><V26/><F26/><W9/><G115/><T114/><D114/><U71/><E71/><V81/><F81/><W72/><G27/><T92/><D108/><U112/><E68/><V124/><F124/><W116/><G116/><T113/><D113/><U51/><E112/><V45/><F45/><W0/><G47/><T54/><D46/><U84/><E126/><V79/><F79/><W107/><G36/><T78/><D78/><U15/><E25/><V97/><F97/><W40/><G96/><T102/><D77/><U83/><E83/><V23/><AGARI ba="1,2" hai="12,18,23,41,44,48,49,52,58,61,62,80,87,91" machi="23" ten="20,12000,2" yaku="21,2,0,1,7,1,8,1,54,1,53,0" doraHai="94" doraHaiUra="128" who="2" fromWho="2" sc="235,-31,235,-61,255,143,255,-31" /><INIT seed="2,0,0,1,4,125" ten="204,174,398,224" oya="2" hai0="104,85,89,132,62,34,78,84,97,117,43,113,19" hai1="82,63,59,105,31,128,2,103,91,79,41,107,110" hai2="4,1,9,134,71,118,49,14,124,0,57,44,39" hai3="75,28,58,98,131,80,133,122,64,101,121,26,51"/><V106/><F118/><W129/><G133/><T18/><D113/><U33/><E2/><V100/><F71/><W16/><G75/><T11/><D34/><U6/><E6/><V109/><F134/><W114/><G114/><T90/><D132/><U3/><E3/><V126/><F39/><W67/><G80/><N who="0" m="47127" /><D104/><U135/><E135/><V92/><F106/><N who="3" m="63799" /><G51/><T35/><D35/><U37/><E110/><V77/><F77/><W123/><G58/><T83/><D117/><U112/><E112/><V54/><F109/><W96/><G96/><T21/><D43/><U48/><E37/><V36/><F100/><W47/><G47/><T12/><D62/><U88/><E105/><V30/><F92/><W108/><G108/><T29/><D29/><U15/><E15/><V55/><F30/><W95/><G95/><N who="0" m="56567" /><D19/><U40/><E40/><V38/><F38/><W68/><G16/><T25/><D25/><U130/><E31/><V66/><F36/><W119/><G119/><T17/><D18/><U86/><E33/><V24/><F24/><W10/><G10/><AGARI ba="0,0" hai="10,11,12,17,21,83,85,89" m="56567,47127" machi="10" ten="30,1000,0" yaku="8,1" doraHai="125" who="0" fromWho="3" sc="204,10,174,0,398,0,224,-10" /><INIT seed="3,0,0,1,3,12" ten="214,174,398,214" oya="3" hai0="135,92,109,8,77,41,83,24,95,7,127,75,2" hai1="63,119,51,61,30,85,49,38,124,73,76,105,37" hai2="62,33,60,84,111,116,59,129,112,81,5,98,19" hai3="56,10,36,4,67,71,104,108,70,103,113,121,125"/><W9/><G121/><T102/><D109/><U91/><E119/><V123/><F112/><W114/><G36/><T50/><D135/><U20/><E105/><V22/><F116/><W46/><G108/><T69/><D69/><U93/><E124/><V11/><F111/><W6/><G125/><T82/><D127/><U34/><E34/><V79/><F33/><W3/><G56/><T52/><D102/><U72/><E37/><V86/><F129/><W132/><G46/><T118/><D118/><U74/><E76/><V87/><F98/><N who="3" m="61559" /><G132/><T100/><D100/><U78/><E78/><V133/><F123/><W32/><G32/><T110/><D83/><U106/><E38/><V64/><F133/><W57/><G57/><T115/><D115/><N who="3" m="44041" /><G67/><T18/><D41/><U13/><E106/><V94/><F60/><W117/><G117/><T1/><D1/><AGARI ba="0,0" hai="1,3,4,6,9,10,70,71" m="44041,61559" machi="1" ten="30,1500,0" yaku="23,1" doraHai="12" who="3" fromWho="0" sc="214,-15,174,0,398,0,214,15" /><INIT seed="3,1,0,2,5,33" ten="199,174,398,229" oya="3" hai0="115,122,83,42,113,98,108,110,24,4,80,46,7" hai1="104,135,10,47,41,20,52,120,63,19,54,30,49" hai2="130,2,62,15,81,34,0,58,57,93,125,74,94" hai3="11,59,32,121,131,105,107,55,119,9,17,76,53"/><W116/><G32/><T112/><D122/><U48/><E120/><V28/><F130/><W102/><G121/><T86/><D98/><U61/><E104/><V1/><F125/><W69/><G69/><T50/><D24/><N who="1" m="16647" /><E135/><V89/><F34/><W99/><G131/><T14/><D83/><U51/><E10/><V21/><F57/><W64/><G76/><N who="0" m="46343" /><D7/><U88/><E19/><V97/><F74/><W100/><G17/><T60/><D60/><N who="1" m="23115" /><E88/><V123/><F123/><W31/><G31/><T67/><D67/><U77/><E77/><V75/><F97/><W37/><G99/><T128/><D128/><U117/><E117/><V40/><F40/><W65/><G37/><T114/><N who="0" m="28672" /><DORA hai="26" /><T36/><D36/><U103/><E103/><V25/><F15/><W35/><G35/><T45/><D45/><U27/><E27/><V78/><REACH who="2" step="1"/><F89/><REACH who="2" ten="199,174,388,229" step="2"/><W133/><G116/><T68/><D68/><U84/><E84/><V118/><F118/><W87/><G119/><T96/><D96/><U8/><E8/><AGARI ba="1,1" hai="4,8,14,42,46,50,108,110" m="28672,46343" machi="8" ten="60,3900,0" yaku="25,1,11,1" doraHai="33,26" who="0" fromWho="1" sc="199,52,174,-42,388,0,229,0" owari="251,5.1,132,-36.8,388,48.8,229,-17.1" /></mjloggm>