<mjloggm ver="2.3"><GO type="225" lobby="0"/><UN n0="%E4%BF%BA%E3%81%A8%E5%A6%96%E5%A4%A2" n1="%77%72%77%72%77%72%77%72" n2="%E3%81%B2%E3%81%AA%E3%81%AE%E3%82%8A%E3%81%8F" n3="%72%69%6F%75%63%68%61%6E" dan="17,17,17,17" rate="2213.16,2213.83,2209.79,2198.81" sx="F,M,M,M"/><TAIKYOKU oya="0"/><INIT seed="0,0,0,0,1,2" ten="250,250,250,250" oya="0" hai0="91,59,37,132,22,11,115,51,43,18,57,69,48" hai1="33,122,79,3,14,56,111,65,12,126,93,13,54" hai2="30,49,120,26,77,102,7,41,118,81,76,35,113" hai3="9,0,117,74,123,121,44,19,8,124,16,92,36"/><T135/><D69/><U100/><E122/><N who="3" m="46602" /><G74/><T61/><D115/><U134/><E111/><V27/><F120/><W110/><G117/><T95/><D37/><U47/><E33/><V86/><F113/><W28/><G36/><T84/><D57/><U106/><E106/><V23/><F118/><W50/><G110/><T17/><D11/><N who="3" m="4169" /><G0/><T127/><D127/><U119/><E126/><V34/><F102/><W15/><G124/><T78/><D78/><U72/><E3/><V89/><F7/><W112/><G112/><T58/><D17/><N who="3" m="6729" /><G28/><T108/><D108/><U98/><E72/><V103/><F103/><W20/><G92/><T55/><D43/><U64/><E119/><V5/><F5/><W38/><G38/><T62/><D135/><U25/><E134/><V131/><F30/><W67/><G67/><N who="0" m="39351" /><D132/><U101/><E64/><V105/><F105/><W10/><G20/><T75/><D75/><U80/><E65/><V73/><F23/><W90/><G90/><T82/><D95/><U96/><E93/><V128/><F73/><W68/><G68/><T71/><D71/><U52/><E101/><V60/><F89/><W97/><G97/><T21/><D21/><U88/><E88/><V1/><F1/><W85/><G85/><T63/><D51/><N who="1" m="28799" /><E100/><V87/><F49/><W66/><G66/><T32/><D32/><U129/><E98/><V29/><F29/><W24/><G24/><AGARI ba="0,0" hai="18,22,24,48,55,59,62,63,82,84,91" m="39351" machi="24" ten="30,1500,0" yaku="8,1" doraHai="2" who="0" fromWho="3" sc="250,15,250,0,250,0,250,-15" /><INIT seed="0,1,0,4,0,13" ten="265,250,250,235" oya="0" hai0="33,19,82,30,125,61,57,133,26,134,118,66,36" hai1="2,55,94,71,53,10,103,80,43,75,27,64,0" hai2="93,85,104,42,98,14,90,15,39,84,59,3,21" hai3="38,109,135,112,128,1,29,113,11,63,119,48,86"/><T116/><D36/><U22/><E43/><V16/><F3/><W41/><G119/><T107/><D107/><U72/><E71/><V91/><F104/><W37/><G109/><T99/><D99/><U51/><E64/><V40/><F98/><W122/><G128/><T9/><D82/><U89/><E103/><V126/><F126/><W79/><G135/><N who="0" m="51723" /><D125/><U4/><E2/><V78/><F78/><W44/><G122/><T28/><D28/><U35/><E35/><V65/><F39/><W92/><G29/><T114/><D114/><U68/><E68/><V7/><F7/><W120/><G120/><T8/><D8/><U117/><E55/><V73/><F15/><AGARI ba="1,0" hai="9,15,19,26,30,33,57,61,66,116,118" m="51723" machi="15" ten="30,2900,0" yaku="20,1,52,1" doraHai="13" who="0" fromWho="2" sc="265,32,250,0,250,-32,235,0" /><INIT seed="0,2,0,1,2,129" ten="297,250,218,235" oya="0" hai0="3,43,42,54,27,102,110,35,46,4,88,106,126" hai1="90,0,25,101,83,96,82,24,56,94,67,17,130" hai2="79,80,7,28,85,87,72,74,125,99,64,134,93" hai3="78,69,37,73,107,44,62,81,92,22,6,132,63"/><T98/><D126/><U1/><E130/><V95/><F7/><W38/><G132/><T36/><D43/><U84/><E0/><V119/><F28/><W55/><G107/><T33/><D27/><U122/><E1/><V111/><F64/><W112/><G112/><T76/><D76/><U59/><E122/><V115/><F115/><W77/><G6/><T39/><D39/><U60/><E59/><V12/><F12/><W14/><G78/><T31/><D31/><U104/><E82/><V57/><F57/><W5/><G92/><T123/><D123/><U26/><REACH who="1" step="1"/><E104/><REACH who="1" ten="297,240,218,235" step="2"/><V108/><F125/><W128/><G128/><T29/><D3/><U32/><E32/><V65/><F80/><W30/><G81/><T9/><D35/><U45/><E45/><V20/><F108/><W71/><G44/><T124/><D110/><U13/><E13/><V23/><F111/><W49/><G14/><T120/><D120/><U113/><E113/><V103/><F74/><W19/><G73/><T47/><D47/><U41/><E41/><V91/><F72/><W116/><G71/><T15/><D124/><U89/><E89/><V133/><F91/><W117/><G69/><T121/><D121/><U66/><E66/><V135/><F65/><W114/><G114/><T100/><D88/><U105/><E105/><V51/><F79/><W58/><G77/><T40/><D40/><U50/><E50/><V21/><F51/><N who="3" m="31103" /><G37/><T75/><D75/><U34/><E34/><V97/><F119/><W70/><G116/><T68/><D36/><U2/><E2/><V16/><F16/><AGARI ba="2,1" hai="16,17,24,25,26,56,60,67,83,84,90,94,96,101" machi="16" ten="40,8000,1" yaku="1,1,6,1,8,1,54,1,53,0" doraHai="129" doraHaiUra="118" who="1" fromWho="2" sc="297,0,240,96,218,-86,235,0" /><INIT seed="1,0,0,0,2,112" ten="297,336,132,235" oya="1" hai0="22,125,30,132,52,4,130,92,94,75,105,90,84" hai1="56,17,77,99,16,96,40,100,126,12,44,37,89" hai2="78,20,66,48,101,33,123,74,1,115,76,107,106" hai3="129,10,91,15,118,19,62,81,134,46,65,83,49"/><U131/><E131/><V23/><F33/><W93/><G134/><T6/><D105/><U0/><E0/><V110/><F115/><W38/><G129/><T61/><D130/><U73/><E126/><V133/><F1/><W55/><G38/><T58/><D75/><U14/><E56/><V27/><F133/><W114/><G114/><T79/><D79/><U13/><E89/><V50/><F66/><W97/><REACH who="3" step="1"/><G118/><REACH who="3" ten="297,336,132,225" step="2"/><T54/><D132/><U63/><E73/><V36/><F74/><W7/><G7/><T45/><D125/><U111/><E111/><V24/><F36/><W67/><G67/><T34/><D34/><U5/><E5/><V127/><F127/><W98/><G98/><T51/><REACH who="0" step="1"/><D92/><REACH who="0" ten="287,336,132,225" step="2"/><U87/><E77/><V35/><F35/><W113/><G113/><T102/><D102/><U9/><E100/><V122/><REACH who="2" step="1"/><F101/><REACH who="2" ten="287,336,122,225" step="2"/><W95/><G95/><T42/><D42/><U80/><E40/><V53/><F53/><W3/><G3/><T120/><D120/><U28/><E37/><V2/><F2/><W32/><G32/><T117/><D117/><U104/><E104/><V124/><F124/><W68/><AGARI ba="0,3" hai="10,15,19,46,49,55,62,65,68,81,83,91,93,97" machi="68" ten="20,2700,0" yaku="1,1,0,1,7,1,53,0" doraHai="112" doraHaiUra="69" who="3" fromWho="3" sc="287,-7,336,-13,122,-7,225,57" /><INIT seed="2,0,0,4,0,67" ten="280,323,115,282" oya="2" hai0="62,119,110,58,76,72,19,45,92,104,47,80,57" hai1="3,52,22,102,33,13,16,17,74,89,84,56,105" hai2="78,132,101,49,30,124,59,79,27,68,120,35,6" hai3="60,43,117,61,7,8,71,75,118,123,38,108,116"/><V135/><F120/><W130/><G123/><T54/><D104/><U106/><E74/><V51/><F6/><W31/><G108/><T10/><D110/><U40/><E40/><V88/><F101/><W99/><G130/><T25/><D119/><U113/><E113/><V83/><F124/><W86/><G75/><T111/><D111/><U103/><E33/><V29/><F59/><W55/><G31/><T122/><D122/><U107/><E3/><V90/><F83/><W66/><G99/><T42/><D92/><N who="1" m="54311" /><E17/><V24/><REACH who="2" step="1"/><F35/><REACH who="2" ten="280,323,105,282" step="2"/><W109/><G109/><T134/><D57/><U94/><E107/><V48/><F48/><W93/><G118/><T41/><D58/><U53/><E106/><V64/><F64/><W100/><G100/><T21/><D80/><U95/><E105/><V50/><F50/><W12/><G117/><T63/><D63/><U69/><E103/><V23/><F23/><W125/><G60/><T131/><D62/><U82/><E82/><V127/><F127/><W46/><G125/><T77/><D21/><U5/><E102/><V4/><F4/><W9/><G116/><T98/><D47/><U128/><E5/><V115/><F115/><W32/><G32/><T70/><D45/><U20/><E20/><V0/><F0/><W65/><G8/><T36/><D10/><U91/><E56/><V11/><F11/><W28/><G65/><T85/><D36/><U26/><E22/><V126/><F126/><W73/><G66/><T112/><D112/><U44/><E44/><V2/><F2/><N who="3" m="247" /><G46/><T97/><D41/><U81/><E81/><RYUUKYOKU ba="0,1" sc="280,-10,323,-10,105,30,282,-10" hai2="24,27,29,30,49,51,68,78,79,88,90,132,135" /><INIT seed="2,1,1,1,4,114" ten="270,313,135,272" oya="2" hai0="124,105,118,13,80,73,27,43,71,35,135,81,97" hai1="82,119,55,78,31,109,38,89,21,30,132,90,60" hai2="63,129,130,72,58,113,94,98,108,100,128,44,96" hai3="6,49,91,70,9,59,10,111,46,75,93,19,48"/><V133/><F113/><W86/><G70/><T117/><D71/><U88/><E119/><N who="0" m="45577" /><D135/><U1/><E1/><V61/><F72/><W40/><G75/><T106/><D124/><U57/><E132/><V29/><F133/><W123/><G123/><T45/><D13/><U121/><E38/><V69/><F69/><W131/><G111/><T77/><D81/><U74/><E109/><V107/><F108/><W110/><G110/><T51/><D97/><U66/><E121/><V11/><F29/><AGARI ba="1,1" hai="27,29,35,43,45,51,73,77,80,105,106" m="45577" machi="29" ten="30,7700,0" yaku="12,1,52,3" doraHai="114" who="0" fromWho="2" sc="270,90,313,0,135,-80,272,0" /><INIT seed="3,0,0,5,5,110" ten="360,313,55,272" oya="3" hai0="29,107,32,35,28,124,56,8,24,116,88,5,99" hai1="53,98,10,38,117,108,51,22,20,85,55,50,114" hai2="73,63,67,48,30,103,7,120,21,69,129,126,65" hai3="14,118,68,42,123,26,95,62,133,81,52,119,72"/><W11/><G123/><T27/><D116/><U115/><E117/><V79/><F7/><W25/><G133/><T101/><D124/><U6/><E38/><V37/><F73/><W58/><G42/><T125/><D125/><U61/><E98/><V97/><F79/><W84/><G72/><T131/><D56/><U49/><E85/><V31/><F126/><W122/><G122/><T43/><D43/><U77/><E77/><V66/><F129/><W87/><G68/><T93/><D131/><U105/><E105/><V0/><F0/><W45/><G45/><T127/><D127/><U83/><E83/><V15/><F37/><W71/><G71/><T36/><D36/><U91/><E91/><V59/><F69/><W33/><G33/><T70/><D70/><U104/><E104/><V64/><F120/><W12/><G119/><T60/><D60/><U1/><E108/><V90/><F90/><N who="3" m="53703" /><G118/><T80/><D80/><U54/><REACH who="1" step="1"/><E61/><REACH who="1" ten="360,303,55,272" step="2"/><V74/><F74/><W89/><G14/><T41/><D107/><U111/><E111/><V112/><F48/><W34/><G34/><T102/><D41/><U23/><AGARI ba="0,1" hai="1,6,10,20,22,23,49,50,51,53,54,55,114,115" machi="23" ten="40,12000,2" yaku="1,1,0,1,29,2,52,2,53,1" doraHai="110" doraHaiUra="4" who="1" fromWho="1" sc="360,-30,303,130,55,-30,272,-60" owari="330,13.0,433,53.3,25,-47.5,212,-18.8" /></mjloggm>