<mjloggm ver="2.3"><GO type="225" lobby="0"/><UN n0="%E6%81%A5%E6%99%92%E3%81%97" n1="%6E%69%63%6F%6E%74%6F" n2="%E6%98%BC%E4%B8%8B%E3%81%8C%E3%82%8A%E3%81%AE%E5%9B%A3%E5%9C%B0%E5%A6%BB" n3="%E6%A1%9C%E8%8A%B1%E9%96%83%E3%80%85" dan="16,16,16,16" rate="2123.00,2131.44,2174.36,2148.16" sx="M,M,F,M"/><TAIKYOKU oya="0"/><INIT seed="0,0,0,3,4,3" ten="250,250,250,250" oya="0" hai0="114,47,126,8,44,64,56,106,31,104,11,7,87" hai1="9,108,113,91,80,65,62,68,78,41,23,125,13" hai2="105,75,53,52,12,4,101,85,134,45,122,124,119" hai3="70,73,55,50,57,42,98,27,130,48,84,61,32"/><T72/><D114/><U69/><E108/><V1/><F122/><W43/><G73/><T116/><D116/><U14/><E113/><V63/><F75/><W40/><G98/><T93/><D72/><U115/><E115/><V6/><F119/><W60/><G84/><T123/><D123/><U111/><E125/><V54/><F1/><W10/><G32/><T35/><D126/><U94/><E111/><V39/><F124/><W46/><G27/><T132/><D132/><U2/><E41/><N who="3" m="15978" /><G10/><T26/><D11/><U76/><E23/><V120/><F120/><W129/><G70/><T59/><D104/><U82/><E82/><V67/><F134/><W121/><G121/><T15/><D106/><U30/><E30/><V107/><F12/><W22/><G22/><T19/><D19/><U128/><E69/><V5/><F85/><W117/><G117/><T18/><D18/><U97/><E78/><V102/><F105/><W37/><G37/><T28/><D31/><U34/><E34/><V0/><F0/><W89/><G89/><T36/><D36/><U88/><E91/><V133/><F133/><W135/><G135/><T110/><D110/><U127/><E127/><V103/><F107/><W77/><G77/><T17/><D17/><N who="1" m="8367" /><E14/><V118/><F118/><W92/><G92/><T71/><D93/><U90/><E90/><V16/><F16/><W79/><G79/><T83/><D71/><U58/><E2/><V96/><F39/><W20/><G20/><T109/><D109/><U81/><E68/><N who="2" m="42111" /><F96/><W38/><G38/><T95/><D87/><N who="1" m="48519" /><E81/><V29/><F29/><RYUUKYOKU ba="0,0" sc="250,-30,250,10,250,10,250,10" hai1="58,62,65,88,94,97,128" hai2="4,5,6,45,52,53,54,101,102,103" hai3="43,46,48,50,55,57,60,61,129,130" /><INIT seed="1,1,0,4,2,115" ten="220,260,260,260" oya="1" hai0="9,75,10,67,54,127,117,51,3,102,22,17,129" hai1="47,59,4,2,112,83,21,44,30,6,95,61,74" hai2="80,62,31,58,27,33,35,46,8,53,66,91,16" hai3="87,48,122,126,34,14,65,94,73,71,24,96,12"/><U90/><E112/><V37/><F35/><W49/><G122/><T55/><D75/><U89/><E74/><V133/><F133/><W50/><G73/><T15/><D127/><U82/><E2/><V121/><F121/><W85/><G126/><T42/><D129/><U106/><E106/><V25/><F37/><W68/><G34/><T105/><D67/><U5/><E30/><V110/><F110/><W124/><G124/><T100/><D42/><U77/><E21/><V135/><F135/><W60/><G24/><T93/><D105/><U84/><E83/><V88/><F80/><W28/><G28/><T63/><D3/><U111/><E111/><V13/><REACH who="2" step="1"/><F27/><REACH who="2" ten="220,260,250,260" step="2"/><W39/><G39/><T43/><D102/><U18/><E77/><V109/><F109/><W56/><G71/><T98/><D117/><U52/><REACH who="1" step="1"/><E18/><REACH who="1" ten="220,250,250,260" step="2"/><V123/><F123/><W92/><G92/><T40/><D93/><U113/><E113/><V70/><F70/><W101/><G68/><T45/><D17/><U114/><E114/><V0/><F0/><W78/><G78/><T103/><D103/><U36/><E36/><V107/><F107/><W108/><G108/><T32/><D100/><U79/><E79/><V104/><F104/><W130/><G130/><T38/><D38/><U20/><E20/><V97/><F97/><AGARI ba="1,2" hai="4,5,6,44,47,52,59,61,82,84,89,90,95,97" machi="97" ten="40,7700,0" yaku="1,1,8,1,54,1,53,0" doraHai="115" doraHaiUra="7" who="1" fromWho="2" sc="220,0,250,100,250,-80,260,0" /><INIT seed="1,2,0,5,5,116" ten="220,350,170,260" oya="1" hai0="33,83,65,117,36,39,131,123,64,80,97,21,134" hai1="3,87,73,46,25,18,133,1,61,130,106,107,30" hai2="95,112,12,48,6,29,28,111,50,53,27,77,120" hai3="72,45,135,88,2,113,19,4,75,93,15,56,124"/><U82/><E130/><V102/><F111/><W79/><G113/><T108/><D33/><U20/><E133/><V22/><F112/><W13/><G135/><T89/><D117/><U78/><E107/><V31/><F120/><W0/><G124/><T90/><D134/><U126/><E106/><V59/><F77/><W8/><G45/><T67/><D108/><U114/><E126/><V129/><F129/><W24/><G24/><T81/><D131/><U55/><E114/><V69/><F69/><W101/><G101/><T74/><D21/><U70/><E73/><V26/><F50/><W47/><G47/><T38/><D97/><U68/><E68/><V99/><REACH who="2" step="1"/><F22/><REACH who="2" ten="220,350,160,260" step="2"/><W94/><G79/><T110/><D110/><U9/><E70/><V7/><F7/><W32/><G32/><T16/><D74/><U35/><E35/><V91/><F91/><N who="0" m="34826" /><D16/><U54/><E78/><V52/><F52/><W17/><G75/><T76/><D76/><U86/><E55/><V92/><F92/><W118/><G118/><T104/><D104/><U100/><E54/><V85/><F85/><W115/><G115/><T122/><AGARI ba="2,1" hai="36,38,39,64,65,67,80,81,83,122,123" m="34826" machi="122" ten="50,12000,2" yaku="29,2,28,2,52,2" doraHai="116" who="0" fromWho="0" sc="220,136,350,-62,160,-32,260,-32" /><INIT seed="2,0,0,5,1,36" ten="356,288,128,228" oya="2" hai0="63,57,61,108,128,129,86,23,39,115,20,28,31" hai1="56,99,52,33,114,113,73,84,127,18,4,53,72" hai2="111,58,135,95,9,65,120,80,1,68,88,117,133" hai3="71,74,132,41,126,118,69,107,87,45,54,125,103"/><V104/><F117/><W47/><G74/><T97/><D115/><U24/><E33/><V83/><F120/><W44/><G87/><T93/><D86/><U66/><E4/><V6/><F104/><W34/><G34/><T64/><D108/><U25/><E56/><V119/><F68/><N who="3" m="26187" /><G103/><N who="0" m="60847" /><D39/><U90/><E84/><N who="2" m="52615" /><F119/><W102/><G118/><T116/><D63/><U40/><E90/><V82/><F111/><W8/><G8/><T96/><D96/><U35/><E35/><V130/><F130/><N who="0" m="50282" /><D116/><U100/><E99/><V2/><F58/><W105/><G102/><T70/><D57/><U62/><E100/><V78/><F65/><W3/><G107/><T92/><D92/><U19/><E66/><V43/><F2/><W13/><G3/><T21/><AGARI ba="0,0" hai="20,21,23,28,31,61,64,70" m="50282,60847" machi="21" ten="30,1100,0" yaku="19,1" doraHai="36" who="0" fromWho="0" sc="356,11,288,-3,128,-5,228,-3" /><INIT seed="3,0,0,4,1,38" ten="367,285,123,225" oya="3" hai0="21,48,122,89,37,116,55,51,35,68,100,84,101" hai1="53,95,50,127,0,32,34,82,14,132,39,58,46" hai2="72,23,113,121,45,13,62,4,119,22,40,9,97" hai3="71,3,79,31,52,91,42,74,99,117,114,29,135"/><W24/><G117/><T27/><D116/><U28/><E0/><V66/><F119/><W92/><G114/><T96/><D35/><U80/><E127/><V26/><F72/><W104/><G71/><T118/><D68/><U107/><E107/><V7/><F113/><W6/><G135/><T130/><D37/><U90/><E132/><V54/><F121/><W126/><G126/><T102/><D130/><U20/><E34/><V1/><F1/><W112/><G112/><T81/><D122/><U64/><E32/><V15/><F54/><W108/><G104/><T16/><D118/><U129/><E129/><V83/><F83/><W128/><G6/><T67/><D67/><U86/><E39/><V47/><F97/><W87/><G3/><T110/><D110/><U125/><E125/><V2/><F4/><W41/><G74/><T49/><D96/><U43/><E64/><V61/><F66/><W44/><G128/><T17/><D17/><N who="1" m="10295" /><E28/><N who="3" m="10826" /><G24/><T103/><D103/><U60/><AGARI ba="0,0" hai="43,46,50,53,58,60,80,82,86,90,95" m="10295" machi="60" ten="30,2000,0" yaku="8,1,52,1" doraHai="38" who="1" fromWho="1" sc="367,-5,285,20,123,-5,225,-10" owari="362,46.2,305,10.5,118,-38.2,215,-18.5" /></mjloggm>