<mjloggm ver="2.3"><GO type="225" lobby="0"/><UN n0="%E3%81%B5%E3%81%98%E3%81%8B%E3%81%A4" n1="%E5%A4%9C%E5%85%89%E5%A4%A9%E6%A5%BC" n2="%72%69%6F%75%63%68%61%6E" n3="%E3%81%99%E3%81%84%E3%81%BE%E3%81%9B%E3%83%BC%E3%82%93" dan="17,17,16,18" rate="2216.92,2179.03,2233.32,2207.39" sx="M,M,M,M"/><TAIKYOKU oya="0"/><INIT seed="0,0,0,5,1,73" ten="250,250,250,250" oya="0" hai0="27,39,32,122,132,33,134,71,56,34,111,5,84" hai1="47,66,26,0,86,54,17,105,120,10,49,55,79" hai2="48,116,118,4,127,77,68,85,83,53,88,107,106" hai3="119,123,103,35,31,67,41,51,96,70,62,7,24"/><T38/><D56/><U133/><E120/><V46/><F127/><W90/><G123/><T128/><D84/><U130/><E105/><V74/><F68/><W135/><G119/><N who="2" m="45609" /><F4/><W30/><G30/><T131/><D122/><U6/><E66/><V100/><F100/><W78/><G7/><T22/><D5/><U14/><E130/><N who="0" m="49705" /><D71/><U63/><E63/><V64/><F64/><W21/><G135/><N who="0" m="51755" /><D111/><U126/><E133/><V109/><F109/><W112/><G70/><T25/><D22/><N who="1" m="13647" /><E126/><V97/><F97/><W18/><G96/><T104/><D104/><N who="2" m="39978" /><F74/><W9/><G67/><T11/><D11/><U115/><E0/><V29/><F29/><W2/><G31/><T114/><D114/><U95/><E115/><V23/><F23/><W13/><G112/><T72/><D72/><U102/><E102/><V36/><F36/><AGARI ba="0,0" hai="25,27,32,33,34,36,38,39" m="51755,49705" machi="36" ten="40,12000,1" yaku="28,2,19,1,20,1" doraHai="73" who="0" fromWho="2" sc="250,120,250,0,250,-120,250,0" /><INIT seed="0,1,0,0,2,25" ten="370,250,130,250" oya="0" hai0="75,131,37,113,125,65,30,91,34,127,86,66,129" hai1="50,11,4,61,74,21,36,29,62,70,77,73,39" hai2="104,126,45,122,81,128,52,96,88,48,49,133,90" hai3="111,115,107,134,98,56,102,124,47,13,1,40,7"/><T58/><D37/><U132/><E132/><V19/><F122/><W44/><G115/><T68/><D75/><U121/><E121/><V120/><F120/><W93/><G134/><T42/><D42/><U110/><E110/><V101/><F133/><W5/><G111/><T20/><D20/><U32/><E21/><V95/><F126/><N who="0" m="48138" /><D113/><U97/><E50/><V35/><F128/><N who="0" m="49226" /><D58/><U33/><E97/><V28/><F19/><W6/><G56/><T41/><D41/><U9/><E4/><V57/><F81/><W114/><G7/><T79/><D79/><U26/><E77/><V3/><F3/><W16/><G1/><T82/><D68/><U15/><E70/><V24/><F104/><W100/><G40/><AGARI ba="1,0" hai="24,28,35,40,45,48,49,52,57,88,90,95,96,101" machi="40" ten="30,7700,0" yaku="7,1,52,1,54,2" doraHai="25" who="2" fromWho="3" sc="370,0,250,0,130,80,250,-80" /><INIT seed="1,0,0,0,3,42" ten="370,250,210,170" oya="1" hai0="65,77,99,97,93,126,129,46,127,125,62,86,24" hai1="109,76,73,9,89,27,36,78,40,32,82,1,30" hai2="131,133,37,71,33,22,58,92,12,57,64,106,28" hai3="17,29,35,3,20,102,74,26,70,67,47,34,13"/><U19/><E78/><V21/><F106/><W134/><G74/><T8/><D129/><U0/><E109/><V56/><F131/><W88/><G134/><T44/><D24/><U100/><E89/><V59/><F133/><W112/><G112/><T4/><D86/><U98/><E19/><V130/><F130/><W118/><G118/><T43/><D43/><U69/><E9/><V14/><F37/><W55/><G3/><N who="0" m="31" /><D77/><U91/><E91/><V122/><F122/><W49/><G102/><N who="0" m="60719" /><D99/><U95/><E69/><AGARI ba="0,0" hai="44,46,62,65,69,125,126,127" m="60719,31" machi="69" ten="30,3900,0" yaku="18,1,52,2" doraHai="42" who="0" fromWho="1" sc="370,39,250,-39,210,0,170,0" /><INIT seed="2,0,0,0,5,13" ten="409,211,210,170" oya="2" hai0="100,131,64,68,52,115,40,1,35,9,33,93,88" hai1="128,55,70,2,53,103,63,110,5,21,11,19,104" hai2="76,108,133,82,97,44,24,27,92,42,57,26,81" hai3="6,7,58,98,80,72,54,66,130,18,102,124,134"/><V109/><F133/><W62/><G134/><T34/><D115/><U61/><E110/><N who="2" m="42603" /><F57/><W0/><G130/><T74/><D100/><U65/><E128/><V10/><F10/><W30/><G124/><T73/><D40/><U116/><E116/><V43/><F76/><W59/><G30/><T119/><D131/><U83/><E63/><V85/><F85/><W123/><G123/><T106/><D9/><U132/><E132/><V45/><F42/><W111/><G111/><T3/><D119/><U14/><REACH who="1" step="1"/><E83/><REACH who="1" ten="409,201,210,170" step="2"/><N who="2" m="31755" /><F43/><W4/><G80/><T25/><D73/><U47/><E47/><V50/><F50/><W31/><G72/><T16/><D74/><U112/><E112/><V95/><F95/><N who="3" m="58719" /><G0/><T127/><D93/><U122/><E122/><V67/><F67/><W60/><G31/><T135/><D64/><U48/><E48/><V125/><F125/><W120/><G120/><T8/><D127/><U121/><E121/><V94/><F92/><W126/><G126/><T118/><D135/><U78/><E78/><V75/><F75/><W129/><G129/><T77/><D77/><U29/><E29/><V32/><F32/><W89/><G89/><AGARI ba="0,1" hai="24,26,27,44,45,89,94,97" m="31755,42603" machi="89" ten="30,2900,0" yaku="14,1,10,1" doraHai="13" who="2" fromWho="3" sc="409,0,201,0,210,39,170,-29" /><INIT seed="2,1,0,2,1,11" ten="409,201,249,141" oya="2" hai0="105,62,70,72,56,123,128,108,129,73,36,61,131" hai1="64,110,89,44,132,94,43,113,98,37,116,7,6" hai2="3,80,47,85,115,45,104,40,74,134,0,32,35" hai3="76,10,52,82,17,58,75,63,33,20,101,133,19"/><V130/><F115/><W77/><G133/><T114/><D123/><U4/><E110/><V106/><F85/><W18/><G33/><N who="2" m="12873" /><F134/><W59/><G77/><T9/><D108/><U84/><E113/><V65/><F65/><W66/><G101/><T5/><D114/><U13/><E132/><V30/><F30/><W71/><G10/><T120/><D120/><U78/><E116/><V22/><F22/><W48/><REACH who="3" step="1"/><G71/><REACH who="3" ten="409,201,249,131" step="2"/><T88/><D70/><U96/><E78/><N who="2" m="44119" /><F130/><W121/><G121/><T1/><D131/><U95/><E89/><V51/><F0/><W100/><G100/><T60/><D88/><U97/><E97/><V118/><F3/><W79/><G79/><T90/><D90/><U119/><E98/><V14/><F118/><W93/><G93/><T28/><D129/><U67/><E96/><V135/><F135/><W15/><AGARI ba="1,1" hai="15,17,18,19,20,48,52,58,59,63,66,75,76,82" machi="15" ten="20,12000,2" yaku="1,1,0,1,7,1,52,1,54,1,53,2" doraHai="11" doraHaiUra="54" who="3" fromWho="3" sc="409,-31,201,-31,249,-61,131,133" /><INIT seed="3,0,0,1,2,53" ten="378,170,188,264" oya="3" hai0="72,54,29,75,77,10,21,60,109,68,113,42,25" hai1="81,50,116,61,100,66,43,20,67,117,26,7,135" hai2="56,22,16,11,115,86,91,134,45,93,6,108,9" hai3="39,57,74,107,110,38,95,28,64,46,87,88,96"/><W132/><G74/><T103/><D109/><U40/><E67/><V3/><F115/><W82/><G132/><T52/><D42/><U80/><E100/><V120/><F108/><W12/><G107/><T13/><D103/><U90/><E7/><V84/><F134/><W106/><G106/><T34/><D34/><U101/><E101/><V17/><F120/><W19/><G28/><T128/><D128/><U111/><E135/><V63/><F45/><W23/><G46/><T94/><D113/><U98/><E50/><V126/><F126/><W71/><G71/><T69/><D94/><N who="1" m="56663" /><E111/><V62/><F86/><W33/><G33/><T129/><D54/><U127/><E127/><V32/><F32/><W31/><G31/><T55/><D55/><U30/><E43/><V65/><F11/><W15/><G110/><T105/><D105/><U78/><E78/><V133/><F133/><W48/><G39/><T5/><D129/><U104/><E40/><V130/><F130/><W2/><G38/><T118/><D118/><N who="1" m="45675" /><E104/><V112/><F112/><W4/><G4/><T36/><D36/><U76/><E76/><V83/><F93/><W124/><G95/><T123/><D123/><U37/><E37/><V121/><F121/><W14/><G124/><T35/><D35/><U44/><E44/><V51/><F51/><W122/><G48/><T89/><D75/><U102/><E102/><V99/><F99/><W0/><G96/><T59/><D72/><U41/><E41/><V70/><F22/><W92/><G122/><T47/><D21/><U1/><E1/><N who="3" m="618" /><G23/><T79/><D47/><RYUUKYOKU ba="0,0" sc="378,-15,170,15,188,15,264,-15" hai1="20,26,30,61,66,80,81" hai2="3,6,9,16,17,56,62,63,65,70,83,84,91" owari="363,46.3,185,-31.5,203,-19.7,249,4.9" /></mjloggm>