<mjloggm ver="2.3"><GO type="225" lobby="0"/><UN n0="%E6%B0%B7%E5%B7%9D%E9%87%8C%E5%A5%88" n1="%E3%83%89%E3%83%A9%E3%81%8F%E3%82%8C" n2="%77%72%77%72%77%72%77%72" n3="%E3%81%B5%E3%81%98%E3%81%8B%E3%81%A4" dan="16,16,17,16" rate="2082.25,2190.69,2174.97,2185.61" sx="F,M,M,M"/><TAIKYOKU oya="0"/><INIT seed="0,0,0,3,3,74" ten="250,250,250,250" oya="0" hai0="45,104,68,82,48,57,40,87,89,72,99,92,84" hai1="115,93,47,31,10,94,27,54,39,91,1,120,135" hai2="75,12,118,53,69,16,133,124,100,9,125,18,126" hai3="34,42,77,25,51,65,66,71,64,113,98,86,2"/><T30/><D68/><U80/><E120/><V83/><F133/><W33/><G113/><T128/><D128/><U76/><E135/><V116/><F69/><W7/><G71/><T46/><D30/><U88/><E115/><V20/><F100/><W85/><G98/><T95/><D104/><U90/><E1/><V61/><F61/><W32/><G25/><T50/><D57/><U130/><E10/><V102/><F102/><W52/><G42/><T29/><D29/><U41/><E54/><V73/><F53/><W3/><G7/><T38/><D72/><N who="2" m="27722" /><F83/><W112/><G112/><T62/><D62/><U101/><E130/><V58/><F58/><W17/><G17/><T114/><D114/><U11/><E101/><V134/><F134/><W79/><G51/><T111/><D45/><U19/><E11/><V6/><F18/><W22/><G22/><T13/><D13/><AGARI ba="0,0" hai="6,9,12,13,16,20,116,118,124,125,126" m="27722" machi="13" ten="40,2600,0" yaku="18,1,54,1" doraHai="74" who="2" fromWho="0" sc="250,-26,250,0,250,26,250,0" /><INIT seed="1,0,0,5,0,45" ten="224,250,276,250" oya="1" hai0="91,46,74,77,22,25,68,103,15,130,52,78,112" hai1="110,104,86,129,133,90,89,80,2,0,44,8,69" hai2="79,119,96,11,51,17,40,31,120,98,118,97,87" hai3="10,83,82,55,12,84,115,3,107,63,38,50,34"/><U71/><E129/><V21/><F120/><W6/><G115/><T105/><D112/><U9/><E133/><V35/><F11/><W16/><G38/><T18/><D68/><U132/><E132/><V37/><F37/><W121/><G121/><T70/><D70/><U66/><E104/><V56/><F35/><W48/><G107/><T58/><D130/><U135/><E135/><V24/><F31/><W99/><G34/><T109/><D109/><U106/><E106/><V60/><F79/><W128/><G128/><T113/><D113/><U114/><E114/><V43/><F87/><W13/><G3/><T14/><D46/><U26/><E26/><V23/><F23/><N who="3" m="11655" /><G99/><T125/><D125/><U93/><E110/><V127/><F127/><W101/><G101/><T47/><D47/><U7/><E66/><V102/><F102/><W126/><G126/><T122/><D122/><U123/><E44/><N who="2" m="25991" /><F119/><W85/><G85/><T92/><D103/><U42/><E42/><V61/><F118/><W36/><G36/><T29/><D105/><U19/><E123/><V41/><F60/><W4/><G4/><T117/><D117/><U20/><E2/><V32/><F32/><W39/><G39/><T76/><D74/><U49/><E71/><V65/><AGARI ba="0,0" hai="17,21,24,41,43,56,61,65,96,97,98" m="25991" machi="65" ten="30,2000,0" yaku="8,1,52,1" doraHai="45" who="2" fromWho="2" sc="224,-5,250,-10,276,20,250,-5" /><INIT seed="2,0,0,2,3,107" ten="219,240,296,245" oya="2" hai0="15,84,29,70,120,85,20,126,71,6,124,114,36" hai1="119,49,94,88,26,2,62,121,77,101,55,134,122" hai2="67,0,45,38,61,63,9,123,35,50,39,34,92" hai3="12,97,19,57,86,4,53,68,108,102,22,66,82"/><V112/><F112/><W78/><G108/><T89/><D114/><U106/><E119/><V3/><F123/><N who="1" m="47113" /><E2/><V135/><F135/><W41/><G41/><T69/><D36/><U56/><E134/><V48/><F92/><W125/><G125/><N who="0" m="48235" /><D120/><U18/><E77/><V128/><F128/><W99/><G4/><T79/><D79/><U127/><E127/><V37/><F9/><W32/><G32/><N who="2" m="12329" /><F45/><W54/><G68/><N who="0" m="17411" /><T83/><DORA hai="31" /><D84/><N who="1" m="52487" /><E101/><V129/><F67/><W131/><G131/><T13/><D6/><U104/><E62/><N who="2" m="23563" /><F129/><W40/><G66/><T75/><D75/><U90/><E90/><V28/><F28/><W43/><G97/><T95/><D95/><U76/><E76/><V74/><F74/><W7/><G99/><T109/><D109/><U105/><E105/><V46/><F46/><W117/><G102/><T111/><D111/><U52/><E55/><V73/><F73/><W8/><G54/><T80/><D80/><U110/><E110/><V64/><F64/><W65/><G65/><T133/><D133/><U30/><E18/><V44/><F44/><W21/><G53/><T118/><D118/><U24/><E24/><AGARI ba="0,0" hai="13,15,20,24,29,83,85,89" m="17411,48235" machi="24" ten="50,1600,0" yaku="18,1" doraHai="107,31" who="0" fromWho="1" sc="219,16,240,-16,296,0,245,0" /><INIT seed="3,0,0,4,5,28" ten="235,224,296,245" oya="3" hai0="64,74,108,23,40,102,126,20,94,36,131,85,9" hai1="30,42,134,133,83,120,2,38,33,99,116,125,27" hai2="72,10,67,71,53,90,12,100,15,0,7,16,18" hai3="68,32,47,44,35,4,29,61,3,113,106,24,26"/><W132/><G113/><T48/><D74/><U84/><E120/><V80/><F100/><W56/><G68/><T118/><D118/><U129/><E2/><V121/><F121/><W49/><G106/><T76/><D36/><U43/><E116/><V86/><F72/><W25/><G132/><N who="1" m="50794" /><E129/><V21/><F53/><W117/><G117/><T109/><D131/><U124/><E99/><V59/><F71/><W98/><G98/><N who="0" m="59735" /><D64/><U127/><E38/><V22/><F59/><W37/><G37/><T34/><D9/><U128/><E128/><V82/><F67/><W87/><G47/><N who="0" m="25703" /><D126/><N who="1" m="32259" /><U66/><DORA hai="63" /><E66/><V95/><AGARI ba="0,0" hai="0,7,10,12,15,16,18,21,22,80,82,86,90,95" machi="95" ten="20,5200,0" yaku="0,1,7,1,9,1,54,1" doraHai="28,63" who="2" fromWho="2" sc="235,-13,224,-13,296,52,245,-26" owari="222,2.2,211,-28.9,348,44.8,219,-18.1" /></mjloggm>