<mjloggm ver="2.3"><GO type="225" lobby="0"/><UN n0="%E3%81%B5%E3%81%98%E3%81%8B%E3%81%A4" n1="%E6%A1%9C%E8%8A%B1%E9%96%83%E3%80%85" n2="%E6%9D%B1%E9%A2%A8%E3%81%AE%E3%81%8D%E3%82%83%E3%81%B7%E3%81%95%E3%82%93" n3="%E3%80%93%E3%81%97%E3%83%BC%E3%82%89%E3%80%93" dan="16,16,17,16" rate="2146.78,2134.84,2181.36,2149.42" sx="M,M,M,M"/><TAIKYOKU oya="0"/><INIT seed="0,0,0,0,1,93" ten="250,250,250,250" oya="0" hai0="53,16,96,74,111,30,18,10,35,9,5,23,132" hai1="94,25,108,123,3,99,7,83,60,43,75,86,42" hai2="21,130,119,80,98,56,122,85,39,106,92,102,45" hai3="120,66,11,63,82,13,32,118,57,14,114,58,28"/><T59/><D74/><U125/><E123/><V110/><F110/><W117/><G120/><T121/><D121/><U95/><E75/><V52/><F130/><W70/><G114/><T17/><D132/><U49/><E108/><V76/><F119/><W68/><G82/><T2/><D111/><U100/><E125/><V6/><F122/><W129/><G129/><T36/><D36/><U112/><E112/><V19/><F6/><W81/><G81/><T40/><D40/><U107/><E60/><V101/><F39/><W89/><G89/><T135/><D135/><U127/><E127/><V61/><F45/><W1/><G63/><T72/><D72/><U48/><E25/><N who="2" m="14527" /><F106/><W64/><G11/><N who="0" m="2487" /><D96/><N who="1" m="59423" /><E107/><V109/><F109/><W50/><G50/><N who="1" m="19562" /><E7/><V51/><F51/><W79/><G32/><T0/><D53/><U87/><E3/><V113/><F113/><W88/><G1/><T78/><D59/><U27/><E27/><V124/><F124/><W128/><G128/><T34/><D78/><N who="1" m="46455" /><E87/><V90/><AGARI ba="0,0" hai="52,56,61,76,80,85,90,92,98,101,102" m="14527" machi="90" ten="30,7900,0" yaku="25,1,8,1,52,1,54,1" doraHai="93" who="2" fromWho="2" sc="250,-39,250,-20,250,79,250,-20" /><INIT seed="1,0,0,5,5,110" ten="211,230,329,230" oya="1" hai0="88,17,57,1,126,120,21,8,53,25,87,18,5" hai1="66,104,7,43,39,63,2,42,70,73,47,91,82" hai2="26,10,111,97,119,133,36,124,92,67,86,32,135" hai3="58,60,30,132,12,101,130,54,50,51,62,125,64"/><U4/><E43/><V117/><F36/><W128/><G101/><T89/><D126/><U79/><E91/><V113/><F67/><W49/><G30/><T27/><D120/><U75/><E75/><V85/><F10/><W72/><G72/><T76/><D76/><U38/><E38/><V59/><F59/><N who="3" m="36895" /><G12/><T45/><D45/><U78/><E78/><V41/><F41/><W23/><G23/><T15/><D18/><U103/><REACH who="1" step="1"/><E2/><REACH who="1" ten="211,220,329,230" step="2"/><V24/><F119/><W115/><G125/><T22/><D89/><U122/><E122/><V46/><F124/><W129/><G132/><T96/><D96/><AGARI ba="0,1" hai="4,7,39,42,47,63,66,70,73,79,82,96,103,104" machi="96" ten="40,2000,0" yaku="1,1,53,0" doraHai="110" doraHaiUra="35" who="1" fromWho="0" sc="211,-20,220,30,329,0,230,0" /><INIT seed="1,1,0,4,1,72" ten="191,250,329,230" oya="1" hai0="100,2,126,39,46,18,88,53,118,132,69,41,17" hai1="112,92,96,106,84,32,48,77,80,13,21,90,31" hai2="75,64,102,33,135,0,15,22,63,133,70,51,122" hai3="89,45,10,86,57,134,110,68,103,25,74,82,47"/><U65/><E112/><V123/><F0/><W98/><G68/><T97/><D118/><U42/><E32/><V43/><F33/><W36/><G134/><T71/><D132/><N who="2" m="50762" /><F75/><W6/><G110/><T3/><D126/><U83/><E106/><V7/><F102/><W35/><G36/><T67/><D53/><U12/><E65/><V58/><F7/><W81/><G57/><T91/><D71/><U99/><E99/><V125/><F125/><W9/><G25/><T107/><D3/><U95/><E95/><V34/><F34/><W59/><G59/><T23/><D2/><U117/><E117/><V14/><F22/><W54/><G35/><T61/><REACH who="0" step="1"/><D17/><REACH who="0" ten="181,250,329,230" step="2"/><U108/><E108/><V11/><F43/><W120/><G54/><T52/><D52/><U40/><E40/><V94/><F70/><W104/><G120/><T30/><D30/><U27/><REACH who="1" step="1"/><E83/><REACH who="1" ten="181,240,329,230" step="2"/><V111/><F123/><W121/><G121/><T16/><D16/><U8/><E8/><V101/><F11/><W66/><G10/><T119/><D119/><U129/><E129/><V124/><F124/><W44/><G66/><T114/><D114/><U93/><E93/><V38/><F94/><W24/><G82/><T113/><D113/><U127/><E127/><V85/><F122/><W131/><G131/><T29/><D29/><U28/><E28/><V128/><F111/><W56/><G9/><T60/><D60/><U87/><E87/><V109/><F63/><W5/><G74/><T116/><D116/><U79/><E79/><V105/><F128/><W4/><G4/><T19/><D19/><RYUUKYOKU ba="1,2" sc="181,15,240,15,329,-15,230,-15" hai0="18,23,39,41,46,61,67,69,88,91,97,100,107" hai1="12,13,21,27,31,42,48,77,80,84,90,92,96" /><INIT seed="1,2,2,1,1,95" ten="196,255,314,215" oya="1" hai0="48,44,79,37,39,100,46,66,131,116,94,24,11" hai1="103,91,1,110,10,93,76,18,87,99,82,133,126" hai2="27,61,109,122,129,135,12,20,113,26,41,72,124" hai3="85,81,97,121,80,53,127,17,107,49,55,36,45"/><U123/><E123/><V52/><F72/><W105/><G121/><T4/><D116/><U112/><E112/><V70/><F109/><W89/><G127/><T0/><D131/><U15/><E126/><V2/><F135/><W43/><G80/><T68/><D46/><U108/><E133/><V64/><F2/><W67/><G67/><T62/><D79/><U69/><E69/><V86/><F41/><W57/><G17/><T102/><D24/><U60/><E60/><V118/><F113/><W111/><G111/><N who="1" m="42538" /><E1/><V74/><F74/><W5/><G5/><T96/><REACH who="0" step="1"/><D102/><AGARI ba="2,2" hai="10,15,18,76,82,87,91,93,99,102,103" m="42538" machi="102" ten="30,5800,0" yaku="14,1,10,1,52,1" doraHai="95" who="1" fromWho="0" sc="196,-64,255,84,314,0,215,0" /><INIT seed="1,3,0,1,3,131" ten="132,339,314,215" oya="1" hai0="44,59,26,66,123,133,12,74,82,76,103,101,108" hai1="56,87,88,35,11,72,65,9,96,91,0,5,6" hai2="116,113,115,118,13,67,86,98,28,70,95,60,32" hai3="54,120,51,37,77,105,16,63,52,121,47,122,19"/><U23/><E35/><V2/><F2/><W83/><G105/><T38/><D123/><U81/><E72/><V46/><F86/><W129/><G129/><T134/><D108/><U107/><E23/><V71/><F46/><W125/><G125/><T15/><D26/><U85/><E107/><V75/><F75/><W80/><G37/><T42/><D15/><U48/><E96/><V58/><F13/><W49/><G63/><N who="0" m="38271" /><D12/><U53/><E65/><V130/><F28/><W68/><G68/><N who="2" m="26153" /><F32/><W90/><G90/><T92/><D92/><U40/><E40/><V110/><F130/><W62/><G62/><T117/><D117/><U34/><E34/><V132/><F110/><W7/><G7/><N who="1" m="2570" /><E0/><V33/><F33/><W94/><G94/><AGARI ba="3,0" hai="9,11,48,53,56,81,85,87,88,91,94" m="2570" machi="94" ten="30,2900,0" yaku="8,1,54,1" doraHai="131" who="1" fromWho="3" sc="132,0,339,38,314,0,215,-38" /><INIT seed="1,4,0,0,0,1" ten="132,377,314,177" oya="1" hai0="48,115,27,129,7,45,90,126,110,11,77,15,23" hai1="69,36,30,89,107,88,16,5,19,0,131,114,67" hai2="98,108,53,122,38,47,130,78,18,61,21,113,58" hai3="91,66,33,109,20,44,9,13,83,93,46,57,119"/><U80/><E114/><V41/><F122/><W116/><G33/><T121/><D115/><U71/><E107/><V120/><F120/><W39/><G109/><T26/><D121/><U25/><E36/><V117/><F130/><W100/><G39/><T31/><D110/><U135/><E131/><V40/><F40/><W4/><G100/><T43/><D129/><U112/><E112/><V62/><F117/><N who="3" m="45131" /><G83/><T132/><D132/><U106/><E106/><V134/><F134/><W51/><G20/><T85/><D126/><U73/><E135/><V42/><F42/><W118/><N who="3" m="45139" /><W70/><DORA hai="56" /><G70/><T68/><D68/><U124/><E71/><V59/><F78/><W60/><G51/><T101/><D101/><U10/><E124/><V72/><F72/><W74/><G74/><T32/><D77/><U86/><E73/><V97/><F108/><W76/><G76/><T29/><D85/><AGARI ba="4,0" hai="4,9,13,44,46,57,60,66,85,91,93" m="45139" machi="85" ten="40,5200,0" yaku="12,1,52,2" doraHai="1,56" who="3" fromWho="0" sc="132,-64,377,0,314,0,177,64" /><INIT seed="2,0,0,5,1,5" ten="68,377,314,241" oya="2" hai0="135,9,8,4,39,54,21,99,79,81,128,74,26" hai1="112,93,35,63,60,58,33,43,129,45,10,42,109" hai2="61,53,101,111,7,2,52,104,30,134,114,48,34" hai3="65,113,120,41,92,20,64,36,32,16,14,50,110"/><V22/><F34/><W67/><G32/><T24/><D135/><U23/><E112/><V108/><F134/><W75/><G75/><T71/><D128/><U103/><E129/><V1/><F114/><W49/><G113/><T17/><D71/><U96/><E109/><N who="2" m="42059" /><F61/><W3/><G110/><T85/><D39/><U38/><E43/><V12/><F101/><W117/><G117/><T55/><D74/><U90/><E63/><V130/><F104/><W123/><G3/><N who="2" m="1033" /><F130/><W121/><REACH who="3" step="1"/><G92/><REACH who="3" ten="68,377,314,231" step="2"/><T28/><D4/><U78/><E93/><V80/><F80/><W105/><G105/><T88/><D99/><U69/><E96/><V31/><F53/><N who="0" m="19978" /><D79/><U119/><E78/><V127/><F127/><W82/><G82/><T115/><D115/><U94/><E94/><V11/><F22/><AGARI ba="0,1" hai="8,9,17,21,22,24,26,28,81,85,88" m="19978" machi="22" ten="30,7700,0" yaku="8,1,52,2,54,1" doraHai="5" who="0" fromWho="2" sc="68,87,377,0,314,-77,231,0" /><INIT seed="3,0,0,4,5,43" ten="155,377,237,231" oya="3" hai0="87,12,22,30,45,131,126,130,32,100,135,59,101" hai1="104,121,69,48,29,4,92,26,123,61,128,120,110" hai2="124,93,103,9,82,109,49,118,134,19,81,127,58" hai3="97,40,5,56,57,71,15,23,115,96,75,68,80"/><W11/><G115/><T21/><D87/><U106/><E110/><V95/><F134/><W86/><G75/><T113/><D113/><U63/><E4/><V74/><F118/><W60/><G71/><T73/><D73/><U27/><E128/><V16/><F109/><W91/><G68/><T37/><D135/><U85/><E48/><V6/><F58/><W132/><G132/><T105/><D126/><N who="2" m="48170" /><F49/><W31/><G57/><T39/><D59/><U46/><E92/><N who="2" m="35403" /><F103/><W44/><G23/><T94/><D94/><U90/><E26/><V77/><F82/><W28/><G97/><T129/><D105/><U114/><E27/><V107/><F107/><W99/><G96/><T62/><D62/><U47/><E63/><V51/><F51/><N who="3" m="27015" /><G99/><T119/><D119/><U35/><E114/><V8/><F8/><W89/><G91/><T76/><D32/><U70/><E90/><V0/><AGARI ba="0,0" hai="0,6,9,16,19,74,77,81" m="35403,48170" machi="0" ten="30,2000,0" yaku="18,1,54,1" doraHai="43" who="2" fromWho="2" sc="155,-5,377,-5,237,20,231,-10" owari="150,-35.0,372,47.2,257,5.7,221,-17.9" /></mjloggm>