<mjloggm ver="2.3"><GO type="225" lobby="0"/><UN n0="%E3%81%82%E3%82%93%E3%81%AA%E3%81%A4" n1="%E8%BE%9B%E5%8F%A3%E3%82%AB%E3%83%AC%E3%83%BC%E3%83%A9%E3%82%A4%E3%82%B9" n2="%E3%81%8F%E3%82%8A%E3%83%94%E3%83%BC" n3="%E3%81%95%E3%81%8D%E3%81%9F%E3%81%BE%E6%9E%97%E6%AA%8E" dan="16,16,16,16" rate="2118.79,2144.52,2100.75,2136.78" sx="M,M,M,M"/><TAIKYOKU oya="0"/><INIT seed="0,0,0,2,0,16" ten="250,250,250,250" oya="0" hai0="40,63,58,59,32,81,99,5,105,119,124,116,76" hai1="4,31,102,64,90,46,70,133,11,101,30,43,123" hai2="84,72,27,132,17,20,73,13,22,18,88,98,135" hai3="36,71,21,80,7,47,29,125,41,10,26,130,129"/><T37/><D32/><U50/><E123/><V109/><F109/><W104/><G125/><T8/><D124/><U3/><E133/><N who="2" m="51275" /><F98/><W127/><G127/><T93/><D105/><U97/><E90/><V28/><F18/><W35/><G104/><T45/><D93/><AGARI ba="0,0" hai="13,17,20,22,27,28,72,73,84,88,93" m="51275" machi="93" ten="30,7700,0" yaku="20,1,52,2,54,1" doraHai="16" who="2" fromWho="0" sc="250,-77,250,0,250,77,250,0" /><INIT seed="1,0,0,1,5,6" ten="173,250,327,250" oya="1" hai0="64,74,32,50,104,33,49,135,28,84,72,124,60" hai1="29,5,45,118,59,10,83,34,112,132,36,24,110" hai2="21,93,78,20,133,80,96,82,91,127,54,129,70" hai3="100,52,63,67,107,57,119,15,102,11,79,3,117"/><U106/><E112/><V39/><F39/><W128/><G128/><T37/><D37/><U23/><E118/><N who="3" m="45066" /><G3/><T62/><D104/><U14/><E106/><V35/><F35/><W125/><G125/><T25/><D124/><U1/><E132/><V126/><F70/><W38/><G38/><T68/><D135/><U69/><E69/><V43/><F43/><W58/><G79/><T87/><D68/><U41/><E110/><V105/><F82/><W115/><G107/><T65/><D25/><U76/><E59/><V75/><F20/><W71/><G71/><T8/><D8/><U17/><E83/><V9/><F21/><W18/><G115/><T130/><REACH who="0" step="1"/><D28/><REACH who="0" ten="163,250,327,250" step="2"/><U4/><E4/><V55/><F9/><W111/><G111/><T16/><D16/><N who="1" m="10647" /><E76/><V48/><F133/><W61/><AGARI ba="0,1" hai="11,15,18,52,57,58,61,63,67,100,102" m="45066" machi="61" ten="30,4000,0" yaku="12,1,52,1,54,1" doraHai="6" who="3" fromWho="3" sc="163,-10,250,-20,327,-10,250,50" /><INIT seed="2,0,0,4,2,109" ten="153,230,317,300" oya="2" hai0="107,94,68,64,85,81,43,120,53,25,1,79,133" hai1="67,89,105,82,10,48,41,9,87,46,16,101,128" hai2="97,114,96,7,119,124,37,110,23,28,34,118,36" hai3="18,42,38,77,33,32,4,127,20,30,66,22,11"/><V86/><F34/><N who="3" m="13419" /><G66/><T100/><D1/><U117/><E128/><V5/><F86/><W29/><G42/><T0/><D0/><U84/><E117/><V60/><F60/><W56/><G56/><T88/><D120/><U90/><E67/><V44/><F44/><W8/><G38/><T63/><D133/><U131/><E131/><V76/><F76/><W35/><G77/><T91/><D43/><U98/><REACH who="1" step="1"/><E16/><REACH who="1" ten="153,220,317,300" step="2"/><V132/><F119/><W80/><G18/><T31/><D53/><U3/><E3/><V115/><F118/><W12/><G30/><T121/><D121/><U122/><E122/><V39/><F132/><W14/><G29/><T62/><D62/><U73/><E73/><V103/><F28/><W45/><G4/><T70/><D70/><U47/><E47/><V27/><F5/><W49/><G45/><T74/><D31/><U57/><E57/><V126/><F7/><W112/><G35/><T113/><D25/><U50/><E50/><V111/><F27/><W83/><G49/><T104/><D113/><N who="2" m="43018" /><F23/><W26/><G22/><T123/><D123/><U69/><E69/><V51/><F51/><W65/><G20/><T21/><D21/><U24/><E24/><V54/><F54/><W40/><G26/><T102/><REACH who="0" step="1"/><D91/><REACH who="0" ten="143,220,317,300" step="2"/><U75/><E75/><V130/><F130/><W116/><G112/><T134/><D134/><U95/><AGARI ba="0,2" hai="9,10,41,46,48,82,84,87,89,90,95,98,101,105" machi="95" ten="20,2700,0" yaku="1,1,0,1,7,1,53,0" doraHai="109" doraHaiUra="17" who="1" fromWho="1" sc="143,-7,220,47,317,-13,300,-7" /><INIT seed="3,0,0,0,1,120" ten="136,267,304,293" oya="3" hai0="26,98,46,106,66,97,39,28,68,31,104,54,131" hai1="4,80,20,6,101,59,1,40,60,5,135,77,122" hai2="42,67,119,71,12,70,127,96,92,19,61,114,102" hai3="3,94,27,82,65,130,133,48,58,117,44,53,16"/><W36/><G117/><T89/><D131/><U112/><E122/><V115/><F71/><W55/><G3/><T64/><D54/><U8/><E112/><V99/><F119/><W0/><G0/><T43/><D89/><U52/><E135/><V41/><F127/><W78/><G133/><T22/><D31/><U85/><E101/><V33/><F33/><W83/><G130/><T11/><D11/><U124/><E124/><V73/><F73/><W91/><G65/><T15/><D15/><U113/><E113/><V118/><F42/><W57/><G57/><T107/><REACH who="0" step="1"/><D68/><REACH who="0" ten="126,267,304,293" step="2"/><U88/><E88/><V49/><F12/><W100/><G100/><T18/><D18/><U105/><E8/><V108/><F19/><W134/><G134/><T2/><D2/><U76/><E1/><V116/><F114/><W110/><G55/><T90/><D90/><U9/><E52/><V84/><F115/><W81/><G16/><T95/><D95/><U23/><E9/><V17/><F17/><W38/><G91/><T21/><D21/><U121/><E23/><V126/><F70/><W35/><G94/><T10/><D10/><U111/><E20/><V14/><F92/><W37/><G53/><T86/><D86/><U29/><E85/><V87/><F87/><W7/><G83/><T47/><D47/><U109/><E29/><V103/><F84/><W45/><G44/><T24/><D24/><U123/><E80/><V51/><F118/><W69/><G82/><T128/><D128/><U132/><E121/><V75/><F116/><W56/><G81/><T79/><D79/><RYUUKYOKU ba="0,1" sc="126,30,267,-10,304,-10,293,-10" hai0="22,26,28,39,43,46,64,66,97,98,104,106,107" /><INIT seed="4,1,1,4,1,114" ten="156,257,294,283" oya="0" hai0="102,124,31,17,119,11,25,54,65,20,60,82,48" hai1="85,56,121,37,90,98,113,64,94,15,27,72,129" hai2="97,110,93,45,13,12,8,95,107,89,108,128,101" hai3="32,36,28,42,59,33,68,14,134,109,67,61,133"/><T30/><D124/><U127/><E127/><V1/><F1/><W126/><G126/><T63/><D119/><U3/><E121/><V125/><F128/><W83/><G109/><T120/><D120/><U57/><E3/><V29/><F29/><W123/><G123/><T38/><D38/><U35/><E72/><V51/><F95/><W58/><G83/><T19/><D102/><U86/><E129/><V122/><F13/><W6/><G42/><T91/><D30/><U115/><E37/><V52/><F122/><W24/><G33/><T77/><D77/><U34/><E15/><V76/><F76/><W0/><G0/><T16/><D11/><U81/><E86/><V117/><F117/><W96/><G96/><T111/><D65/><U100/><E27/><V40/><F40/><W135/><G36/><T106/><D106/><U44/><E44/><V26/><F26/><W7/><G14/><T22/><D22/><U5/><E5/><AGARI ba="1,1" hai="5,6,7,24,28,32,58,59,61,67,68,133,134,135" machi="5" ten="40,1300,0" yaku="20,1" doraHai="114" who="3" fromWho="1" sc="156,0,257,-16,294,0,283,26" owari="156,-34.4,241,-15.9,294,9.4,309,40.9" /></mjloggm>