<mjloggm ver="2.3"><GO type="225" lobby="0"/><UN n0="%E5%A4%96%E5%B7%9D%E7%AB%9C%E6%88%90" n1="%E5%80%89%E6%A9%8B%EF%BC%A0%E4%BA%8B%E5%8B%99" n2="%74%61%6B%65%2D%79%6F%75" n3="%6D%75%75%6D%75%72%61" dan="16,16,16,17" rate="2129.49,2125.14,2182.20,2212.43" sx="M,M,M,F"/><TAIKYOKU oya="0"/><INIT seed="0,0,0,5,5,68" ten="250,250,250,250" oya="0" hai0="27,100,96,31,37,115,78,4,109,51,107,125,56" hai1="66,63,90,60,21,124,119,86,67,116,39,91,49" hai2="58,73,131,118,111,15,59,17,40,74,34,80,69" hai3="76,132,33,28,129,25,48,46,121,127,133,72,26"/><T12/><D115/><U8/><E49/><V41/><F111/><W30/><G129/><T55/><D109/><U113/><E21/><V16/><F131/><W92/><G127/><T77/><D125/><U19/><E8/><V81/><F15/><W128/><G128/><T44/><D12/><U32/><E86/><V122/><F69/><W99/><G121/><T14/><D14/><U35/><E124/><V98/><F98/><W97/><G76/><T29/><D4/><U88/><E90/><V70/><F70/><W36/><G36/><T102/><D102/><U95/><E95/><V52/><F34/><W20/><G72/><T3/><D3/><U42/><E42/><V18/><F118/><W62/><G62/><T71/><D71/><U130/><E130/><V43/><F122/><W83/><G83/><N who="2" m="31817" /><F52/><N who="3" m="29719" /><G92/><T106/><D106/><U75/><E19/><V47/><F47/><W38/><G38/><T105/><D31/><U120/><E120/><V5/><F5/><W114/><G114/><T53/><D107/><U61/><E63/><V0/><F0/><W9/><G9/><T134/><D134/><AGARI ba="0,0" hai="20,25,26,28,30,33,97,99,132,133,134" m="29719" machi="134" ten="30,2000,0" yaku="20,1,54,1" doraHai="68" who="3" fromWho="0" sc="250,-20,250,0,250,0,250,20" /><INIT seed="1,0,0,2,1,6" ten="230,250,250,270" oya="1" hai0="108,109,106,89,119,1,69,22,19,116,113,31,122" hai1="18,46,70,114,33,39,55,102,97,132,126,50,121" hai2="129,107,86,83,17,90,15,29,120,115,42,0,96" hai3="53,130,68,76,41,112,100,20,62,73,57,28,82"/><U134/><E114/><V2/><F120/><W60/><G112/><T124/><D113/><U7/><E121/><V45/><F115/><W64/><G130/><T71/><D122/><U5/><E33/><V56/><F129/><W103/><G28/><T9/><D106/><U128/><E70/><N who="0" m="26633" /><D89/><U40/><E128/><V95/><F107/><W80/><G41/><T51/><D51/><U52/><E126/><V30/><F56/><W27/><REACH who="3" step="1"/><G80/><REACH who="3" ten="230,250,250,260" step="2"/><T14/><D124/><U67/><E40/><V85/><F30/><W26/><G26/><N who="0" m="16855" /><D1/><U123/><E123/><V117/><F0/><W32/><G32/><T44/><D44/><U88/><E46/><V74/><F2/><W21/><G21/><T35/><D35/><U127/><E127/><V78/><F29/><W23/><G23/><T38/><D38/><U43/><E39/><V10/><REACH who="2" step="1"/><F117/><REACH who="2" ten="230,250,240,260" step="2"/><W3/><G3/><T118/><D118/><U11/><E134/><V37/><AGARI ba="0,2" hai="10,15,17,37,42,45,74,78,83,85,86,90,95,96" machi="37" ten="20,8000,1" yaku="1,1,2,1,0,1,7,1,52,1,53,0" doraHai="6" doraHaiUra="25" who="2" fromWho="2" sc="230,-20,250,-40,240,100,260,-20" /><INIT seed="2,0,0,2,4,31" ten="210,210,340,240" oya="2" hai0="111,47,36,46,94,123,74,57,23,116,1,109,33" hai1="115,35,11,108,122,34,8,12,88,135,80,41,16" hai2="132,3,78,98,55,43,22,110,45,29,38,106,72" hai3="67,131,99,79,76,44,117,97,82,118,26,124,93"/><V19/><F132/><W42/><G124/><T125/><D123/><U89/><E115/><V126/><F126/><W10/><G131/><T40/><D125/><U104/><E104/><V58/><F110/><N who="0" m="41994" /><D1/><U37/><E108/><V70/><F70/><W62/><G10/><T24/><D74/><U6/><E135/><V28/><F3/><W113/><G113/><T81/><D81/><U112/><E112/><V15/><F72/><W100/><G97/><T61/><D116/><U50/><E37/><V39/><F39/><W7/><G7/><T77/><D77/><U129/><E129/><V127/><F78/><W52/><G79/><T25/><D94/><U121/><E41/><V65/><F43/><W49/><G42/><T103/><D103/><U71/><E50/><V56/><F38/><W53/><G53/><N who="0" m="33967" /><D47/><U92/><E80/><V105/><F45/><W130/><G130/><T83/><D83/><U63/><E11/><V86/><F106/><W75/><REACH who="3" step="1"/><G26/><REACH who="3" ten="210,210,340,230" step="2"/><N who="0" m="10347" /><D23/><U85/><E6/><V120/><F22/><W102/><G102/><T0/><D0/><U91/><E122/><V51/><F120/><W114/><G114/><T101/><D101/><U107/><E121/><V84/><F127/><W14/><G14/><T21/><D21/><U30/><E12/><V73/><F15/><W4/><G4/><T68/><D33/><U133/><E35/><V96/><F55/><W32/><G32/><T66/><D66/><N who="1" m="41439" /><E34/><V134/><F65/><W54/><G54/><T9/><D9/><U2/><E8/><V64/><F64/><W13/><G13/><T95/><D68/><AGARI ba="0,1" hai="44,49,52,62,67,68,75,76,82,93,99,100,117,118" machi="68" ten="30,7700,0" yaku="1,1,6,1,7,1,54,1,53,0" doraHai="31" doraHaiUra="17" who="3" fromWho="0" sc="210,-77,210,0,340,0,230,87" /><INIT seed="3,0,0,1,1,83" ten="133,210,340,317" oya="3" hai0="73,95,86,84,35,93,118,42,31,112,8,5,59" hai1="117,68,121,47,33,13,12,50,43,71,16,40,87" hai2="9,119,27,66,11,14,135,45,44,15,127,26,91" hai3="63,51,126,90,18,120,69,89,104,79,32,78,128"/><W103/><G120/><T54/><D118/><U52/><E121/><V96/><F119/><W130/><G126/><T57/><D73/><U80/><E33/><V85/><F127/><W62/><G32/><T122/><D122/><U131/><E117/><V38/><F135/><W21/><G51/><T25/><D112/><U107/><E107/><V102/><F66/><N who="3" m="41175" /><G63/><T70/><D70/><U22/><E131/><N who="3" m="50218" /><G103/><T88/><D42/><N who="1" m="15915" /><E68/><V20/><F38/><W99/><G104/><T23/><D35/><U65/><E71/><V64/><F102/><W98/><G89/><N who="0" m="53415" /><D54/><U129/><E129/><V114/><F114/><W111/><G111/><T105/><D105/><U58/><E65/><V115/><F64/><W77/><G90/><T34/><D34/><U48/><E48/><V134/><F91/><W10/><G10/><T1/><D1/><U4/><E47/><V41/><F44/><W53/><G53/><T0/><D0/><U75/><E75/><V133/><F45/><W110/><G110/><T61/><D61/><U60/><E60/><V124/><F124/><W49/><G49/><T123/><D123/><U19/><E4/><V56/><F115/><W6/><G6/><T67/><D67/><U30/><E30/><V97/><F41/><W2/><G2/><T74/><D74/><U37/><E37/><V55/><F55/><W29/><G29/><T106/><D106/><U109/><E109/><V28/><F28/><W132/><G132/><T100/><D100/><U17/><E22/><V3/><F3/><W108/><G108/><T72/><D72/><U82/><E82/><RYUUKYOKU ba="0,0" sc="133,10,210,10,340,-30,317,10" hai0="5,8,23,25,31,57,59,86,88,95" hai1="12,13,16,17,19,50,52,58,80,87" hai3="18,21,77,78,79,98,99" owari="143,-35.7,220,-18.0,310,11.0,327,42.7" /></mjloggm>