<mjloggm ver="2.3"><GO type="225" lobby="0"/><UN n0="%E3%82%BF%E3%83%BC%E3%83%90%E3%83%B3%E9%87%8E%E5%8F%A3" n1="%E5%B0%8F%E9%B3%A5%E9%81%8A%E7%B7%B4%E7%84%A1%32%31%E6%AD%B3" n2="%E5%A4%96%E5%B7%9D%E7%AB%9C%E6%88%90" n3="%E3%81%AF%E3%82%88%E3%81%8A%E3%81%98%E3%81%95%E3%82%93" dan="16,16,16,17" rate="2145.50,2179.07,2153.19,2225.28" sx="M,F,M,M"/><TAIKYOKU oya="0"/><INIT seed="0,0,0,2,4,125" ten="250,250,250,250" oya="0" hai0="115,20,11,49,96,91,103,126,100,52,132,120,61" hai1="89,116,48,0,14,35,34,69,110,81,9,16,41" hai2="15,23,47,121,106,99,2,102,127,111,97,123,109" hai3="26,79,33,113,119,5,17,101,122,118,4,50,93"/><T117/><D120/><N who="2" m="46154" /><F47/><W78/><G122/><T3/><D117/><U28/><E116/><V59/><F59/><W94/><G113/><T24/><D115/><U70/><E110/><N who="2" m="41995" /><F15/><W56/><G56/><N who="0" m="34951" /><D126/><U131/><E0/><V30/><F2/><W40/><G50/><T45/><D3/><U72/><E28/><V130/><F127/><W46/><G46/><T105/><D11/><U44/><E69/><V107/><F23/><W64/><G40/><N who="0" m="24743" /><D105/><N who="2" m="39946" /><F30/><W6/><G64/><T98/><D132/><U42/><E70/><V76/><F76/><W65/><G65/><T8/><D8/><U85/><E41/><V73/><F73/><W129/><G78/><T27/><D27/><U13/><E72/><V108/><F108/><W71/><G79/><T82/><D82/><U67/><E67/><V12/><F12/><W84/><G71/><T128/><D91/><U104/><E13/><V37/><F37/><W74/><G74/><T39/><D39/><U19/><E14/><V87/><F102/><N who="0" m="38954" /><D128/><U18/><E131/><V43/><F43/><W135/><G129/><T54/><D54/><U95/><E9/><V124/><F130/><W92/><G101/><T51/><D51/><U36/><E36/><V134/><F124/><W60/><G60/><T21/><D21/><U133/><E104/><V22/><F22/><N who="3" m="13647" /><G33/><T1/><D1/><U58/><E34/><V32/><F32/><W38/><G38/><T10/><D10/><U53/><E35/><V77/><F134/><W62/><G135/><T80/><D80/><AGARI ba="0,0" hai="77,80,87,97,99" m="39946,41995,46154" machi="80" ten="40,5200,0" yaku="14,1,34,2" doraHai="125" who="2" fromWho="0" sc="250,-52,250,0,250,52,250,0" /><INIT seed="1,0,0,3,4,2" ten="198,250,302,250" oya="1" hai0="81,88,123,16,15,67,93,95,73,25,11,48,87" hai1="84,126,112,72,23,66,91,124,56,50,32,43,51" hai2="64,108,13,110,4,9,86,22,117,82,132,119,29" hai3="12,39,115,129,33,114,89,120,61,53,78,20,133"/><U103/><E32/><V101/><F101/><W102/><G120/><T30/><D123/><U71/><E72/><V17/><F64/><W59/><G33/><T57/><D73/><U128/><E103/><V107/><F107/><W45/><G129/><T24/><D24/><U77/><E77/><V80/><F80/><W68/><G133/><T44/><D57/><U134/><E112/><V109/><F29/><W55/><G78/><T79/><D67/><U0/><E71/><V83/><F132/><W92/><G102/><T113/><D79/><U118/><E134/><V18/><F82/><W38/><G68/><T54/><D113/><U31/><E0/><N who="2" m="135" /><F18/><W122/><G122/><T97/><D97/><U6/><E118/><N who="2" m="45067" /><F83/><W14/><G38/><T34/><AGARI ba="0,0" hai="11,15,16,25,30,34,44,48,54,81,87,88,93,95" machi="34" ten="20,12000,2" yaku="0,1,7,1,25,2,54,2" doraHai="2" who="0" fromWho="0" sc="198,120,250,-60,302,-30,250,-30" /><INIT seed="2,0,0,0,1,111" ten="318,190,272,220" oya="2" hai0="76,23,1,123,30,12,38,83,88,70,85,113,77" hai1="127,118,36,48,5,42,24,57,107,67,45,81,72" hai2="46,2,47,69,50,27,92,10,75,102,101,115,44" hai3="74,68,14,31,4,28,18,54,108,106,110,86,122"/><V7/><F115/><W96/><G74/><T91/><D1/><U34/><E127/><V97/><F75/><W89/><G122/><T98/><D123/><U49/><E118/><V73/><F73/><W55/><G68/><T120/><D120/><U104/><E67/><V64/><F50/><W20/><G4/><T15/><D38/><U126/><E126/><V135/><F135/><W26/><G106/><T11/><D113/><U94/><E94/><V128/><F128/><W0/><G0/><T129/><D70/><U19/><E49/><V78/><F78/><W134/><G96/><T119/><D129/><U41/><E57/><V40/><F40/><W8/><G31/><T116/><D119/><U59/><E59/><V51/><F51/><W132/><G55/><T65/><D65/><U112/><E112/><V121/><F121/><W37/><G54/><T9/><D116/><U61/><E61/><V105/><F27/><W58/><G58/><T131/><D131/><U39/><E48/><V99/><REACH who="2" step="1"/><F47/><REACH who="2" ten="318,190,262,220" step="2"/><W71/><G37/><T35/><D76/><U63/><E36/><V13/><F13/><W66/><G134/><T25/><D77/><U103/><E39/><V33/><F33/><W53/><G132/><T22/><D35/><U125/><E72/><V16/><F16/><W124/><G124/><T32/><D32/><U29/><E19/><V82/><F82/><N who="3" m="49367" /><G110/><T3/><D3/><U95/><E125/><V109/><F109/><W114/><G108/><T117/><D117/><U52/><E34/><V43/><F43/><W80/><G114/><T87/><D12/><RYUUKYOKU ba="0,1" sc="318,-10,190,-10,262,30,220,-10" hai2="2,7,10,44,46,64,69,92,97,99,101,102,105" /><INIT seed="2,1,1,1,1,115" ten="308,180,292,210" oya="2" hai0="12,13,36,76,110,87,74,73,104,91,40,57,67" hai1="14,33,88,30,31,124,131,7,66,52,99,135,101" hai2="9,77,98,17,24,123,72,105,18,112,26,56,95" hai3="122,44,38,90,5,84,10,63,54,15,6,53,126"/><V129/><F112/><W21/><G122/><T34/><D104/><U29/><E131/><V43/><F105/><W47/><G126/><T8/><D34/><U111/><E111/><V120/><F129/><W85/><G38/><T81/><D110/><U22/><E33/><V2/><F43/><W114/><G114/><T45/><D13/><U42/><E135/><V102/><F56/><N who="3" m="35215" /><G5/><T100/><D100/><U41/><E124/><V134/><F134/><W65/><G65/><T11/><D11/><N who="1" m="4479" /><E66/><V113/><F113/><W0/><G0/><T107/><D107/><U79/><E79/><V86/><F72/><W48/><G21/><T80/><D67/><U121/><E101/><V128/><F128/><W20/><G20/><T64/><D64/><U96/><E22/><V103/><F103/><W127/><G127/><T55/><D74/><U94/><E121/><V23/><F26/><W16/><G6/><T3/><D3/><U69/><E99/><V83/><REACH who="2" step="1"/><F2/><REACH who="2" ten="308,180,282,210" step="2"/><W59/><G59/><T130/><D130/><U27/><E27/><V89/><F89/><W108/><G108/><T71/><D57/><U117/><E69/><V68/><F68/><W1/><G1/><T133/><D71/><U35/><E35/><V118/><F118/><W28/><G28/><T37/><D133/><U51/><E117/><V32/><F32/><W39/><G90/><T19/><D36/><U97/><E97/><V119/><F119/><W132/><G132/><T25/><D25/><U75/><E75/><V93/><F93/><W50/><G39/><T92/><D92/><U61/><E61/><RYUUKYOKU ba="1,2" sc="308,0,180,0,282,0,210,0" hai0="8,12,19,37,40,45,55,73,76,80,81,87,91" hai1="29,30,31,41,42,51,52,88,94,96" hai2="9,17,18,23,24,77,83,86,95,98,102,120,123" hai3="10,15,16,44,47,48,50,54,84,85" /><INIT seed="2,2,2,2,2,64" ten="308,180,282,210" oya="2" hai0="21,6,27,126,42,79,32,34,98,33,104,110,44" hai1="71,94,113,134,54,128,3,135,87,30,51,18,103" hai2="31,123,17,70,65,20,38,97,91,19,2,129,90" hai3="131,63,16,117,56,52,58,68,60,29,120,124,121"/><V28/><F123/><W12/><G117/><T24/><D110/><U83/><E3/><V118/><F118/><W107/><G107/><T49/><D126/><U106/><E113/><V89/><F38/><W23/><G124/><T130/><D130/><U76/><E30/><N who="2" m="11307" /><F70/><W43/><G131/><T101/><D21/><U5/><E5/><V109/><F2/><W133/><G133/><N who="1" m="50698" /><E128/><V75/><F75/><W10/><G43/><T46/><D6/><U102/><E106/><V41/><F65/><W1/><G68/><T13/><D13/><U55/><E18/><N who="2" m="6667" /><F129/><W11/><G1/><T62/><D79/><U99/><E71/><V47/><F109/><W4/><G29/><T53/><REACH who="0" step="1"/><D62/><REACH who="0" ten="298,180,282,210" step="2"/><U9/><E9/><V45/><F20/><W112/><G112/><T132/><D132/><U111/><E111/><V40/><F97/><W93/><G10/><T35/><N who="0" m="8192" /><DORA hai="25" /><T114/><D114/><U80/><E99/><V72/><F72/><W0/><G120/><T116/><D116/><U50/><E76/><V57/><F57/><W92/><G121/><T119/><D119/><U115/><E115/><V78/><F78/><W69/><G69/><T61/><D61/><U105/><E87/><V95/><F47/><W67/><AGARI ba="2,3" hai="0,4,11,12,16,23,52,56,58,60,63,67,92,93" machi="67" ten="20,5200,0" yaku="0,1,7,1,54,2" doraHai="64,25" who="3" fromWho="3" sc="298,-15,180,-15,282,-28,210,88" /><INIT seed="3,0,0,2,2,65" ten="283,165,254,298" oya="3" hai0="123,9,119,47,11,135,72,52,117,115,130,27,61" hai1="103,81,56,54,104,118,40,45,133,129,62,76,105" hai2="41,46,121,71,132,20,102,112,6,64,12,93,107" hai3="39,15,83,74,113,125,80,134,35,0,85,114,98"/><W51/><G0/><T26/><D123/><U24/><E129/><V109/><F107/><W116/><G39/><T7/><D72/><U49/><E133/><V75/><F75/><W89/><G116/><T90/><D130/><U94/><E118/><V86/><F112/><W37/><G37/><T50/><D135/><U97/><REACH who="1" step="1"/><E24/><REACH who="1" ten="283,155,254,298" step="2"/><V111/><F132/><W67/><G134/><T25/><D117/><U59/><E59/><V58/><F58/><W82/><G114/><T95/><D119/><U57/><E57/><V22/><F121/><W34/><G113/><T101/><D115/><U17/><E17/><V68/><F111/><W55/><G125/><T84/><D61/><U128/><E128/><V131/><F109/><W18/><G18/><T23/><D7/><U21/><E21/><V73/><F22/><W28/><G34/><T91/><D23/><U33/><E33/><V5/><F6/><W31/><G35/><T63/><D63/><U108/><E108/><V60/><F5/><W42/><G28/><T10/><D27/><U44/><E44/><V48/><F131/><W66/><G31/><T36/><D26/><U29/><E29/><V88/><F20/><W19/><G19/><T4/><D25/><U2/><E2/><V110/><F110/><W69/><G15/><T96/><D4/><U3/><E3/><V1/><F1/><W32/><G32/><T14/><D14/><U126/><E126/><V78/><F12/><W30/><G30/><T127/><D127/><U79/><E79/><V120/><F120/><W77/><G77/><T43/><D96/><RYUUKYOKU ba="0,1" sc="283,-10,155,30,254,-10,298,-10" hai1="40,45,49,54,56,62,76,81,94,97,103,104,105" /><INIT seed="4,1,1,5,0,11" ten="273,185,244,288" oya="0" hai0="22,27,115,72,21,75,130,63,73,88,68,109,116" hai1="78,93,83,135,107,51,71,98,112,47,57,105,35" hai2="129,30,127,113,6,133,89,16,9,125,91,61,64" hai3="20,76,102,8,39,31,66,67,34,55,43,44,58"/><T7/><D116/><U56/><E71/><V24/><F113/><W110/><G110/><T79/><D115/><U53/><E112/><V82/><F82/><W118/><G118/><T50/><D109/><U74/><E35/><V32/><F129/><W45/><G34/><T84/><D130/><U69/><E69/><V132/><F91/><W15/><G102/><T123/><D123/><U96/><E135/><N who="2" m="51787" /><F89/><W49/><G76/><T28/><D79/><U0/><E0/><N who="2" m="199" /><F61/><W111/><G111/><T117/><D7/><U1/><E1/><V5/><F64/><W19/><G44/><T40/><D117/><U114/><E114/><V85/><F85/><W122/><G122/><T46/><D21/><U95/><E107/><V86/><F86/><W124/><G124/><N who="2" m="47689" /><F5/><W14/><G66/><T25/><D25/><U18/><E18/><AGARI ba="1,1" hai="16,18,24,30,32" m="47689,199,51787" machi="18" ten="30,8000,1" yaku="20,1,18,1,34,2,54,1" doraHai="11" who="2" fromWho="1" sc="273,0,185,-83,244,93,288,0" owari="273,-12.7,102,-39.8,337,43.7,288,8.8" /></mjloggm>