<mjloggm ver="2.3"><GO type="225" lobby="0"/><UN n0="%E3%82%BC%E3%83%AB%E3%83%80%E3%81%AE%E4%BC%9D%E8%AA%AC" n1="%E3%81%B5%E3%81%98%E3%81%8B%E3%81%A4" n2="%E3%81%BF%E3%81%BF%E3%81%9A" n3="%6D%61%74%69%67%75%73%61" dan="18,16,18,17" rate="2194.01,2088.53,2264.57,2142.78" sx="M,M,M,M"/><TAIKYOKU oya="0"/><INIT seed="0,0,0,4,5,95" ten="250,250,250,250" oya="0" hai0="44,102,114,14,9,0,42,126,74,89,75,132,54" hai1="90,130,128,38,46,101,123,108,71,5,87,40,120" hai2="107,27,52,88,129,118,35,68,76,119,4,33,109" hai3="48,127,43,135,58,1,17,121,18,25,57,99,67"/><T6/><D114/><U22/><E101/><V110/><F129/><N who="1" m="49769" /><E5/><V16/><F68/><W80/><G1/><T34/><D34/><N who="2" m="12810" /><F76/><W117/><G135/><T3/><D132/><U15/><E108/><N who="2" m="41579" /><F107/><W28/><G127/><T32/><D126/><U125/><E71/><V111/><N who="2" m="41587" /><V113/><DORA hai="69" /><F113/><W122/><G117/><N who="2" m="44553" /><F4/><W13/><G67/><T62/><D32/><U82/><E125/><V39/><F39/><W73/><G73/><T96/><D75/><U12/><E22/><N who="2" m="13767" /><F88/><W103/><G58/><T86/><D74/><U79/><E79/><V133/><F133/><W112/><G57/><T91/><D91/><U36/><E36/><V106/><F106/><W94/><G94/><T131/><D54/><AGARI ba="0,0" hai="52,54" m="13767,44553,41587,12810" machi="54" ten="50,8000,1" yaku="14,1,12,1,54,2" doraHai="95,69" who="2" fromWho="0" sc="250,-80,250,0,250,80,250,0" /><INIT seed="1,0,0,3,5,45" ten="170,250,330,250" oya="1" hai0="42,12,134,19,15,77,127,129,72,38,83,90,100" hai1="79,122,130,123,32,69,21,105,118,53,10,120,84" hai2="116,66,1,75,94,20,115,55,16,124,26,36,49" hai3="9,13,91,14,102,117,98,88,81,74,37,2,121"/><U58/><E118/><V78/><F116/><W106/><G121/><T103/><D127/><U70/><E105/><V50/><F36/><W56/><G117/><T76/><D134/><U63/><E130/><V73/><F124/><W71/><G71/><T18/><D129/><U46/><E32/><V85/><F1/><W44/><G56/><T6/><D90/><U133/><E133/><V87/><F66/><W104/><G106/><T25/><D25/><U110/><E110/><V108/><F108/><W33/><G13/><T114/><D114/><U68/><E10/><V62/><F115/><W128/><G128/><T24/><D24/><U82/><E21/><V47/><F62/><W5/><G14/><T97/><D77/><U31/><E31/><V57/><F78/><N who="3" m="44247" /><G33/><T126/><D126/><U29/><E29/><V34/><F34/><W109/><G109/><T51/><D38/><U54/><REACH who="1" step="1"/><E46/><REACH who="1" ten="170,240,330,250" step="2"/><V0/><F0/><W28/><G28/><T11/><D15/><U89/><E89/><V80/><F47/><W41/><AGARI ba="0,1" hai="2,5,9,37,41,44,88,91,98,102,104" m="44247" machi="41" ten="30,2000,0" yaku="25,1,54,1" doraHai="45" who="3" fromWho="3" sc="170,-5,240,-10,330,-5,250,30" /><INIT seed="2,0,0,5,2,24" ten="165,230,325,280" oya="2" hai0="48,84,82,74,112,60,33,102,55,131,9,127,113" hai1="40,89,76,85,105,67,96,123,1,14,106,19,94" hai2="104,4,25,133,120,70,50,98,18,87,10,17,53" hai3="111,52,69,73,42,135,129,45,41,64,47,92,15"/><V31/><F120/><W79/><G73/><T22/><D33/><U101/><E123/><V27/><F70/><W16/><G79/><T59/><D127/><U132/><E132/><V30/><F133/><W20/><G135/><T86/><D131/><U118/><E118/><V36/><F36/><W26/><G111/><T121/><D121/><U21/><E1/><V34/><F87/><W71/><G64/><T2/><D74/><U72/><E67/><V88/><F104/><W12/><G92/><T107/><D86/><U93/><REACH who="1" step="1"/><E40/><REACH who="1" ten="165,220,325,280" step="2"/><V130/><F130/><W117/><G129/><T32/><D113/><U108/><E108/><V91/><F17/><W114/><G117/><T49/><D2/><U68/><E68/><V134/><F18/><W61/><G114/><T35/><D112/><U54/><E54/><V97/><F134/><W23/><G71/><T110/><D110/><U5/><E5/><V100/><F53/><W38/><G69/><T78/><D35/><U6/><E6/><V44/><F4/><W77/><G52/><T116/><D32/><U66/><E66/><V37/><F34/><W62/><G16/><T119/><D119/><U0/><E0/><V29/><F29/><W80/><G42/><T51/><D116/><U109/><E109/><V103/><F30/><W39/><G41/><T115/><D115/><U56/><E56/><V13/><F31/><W122/><G122/><T83/><D55/><U3/><E3/><V11/><F44/><W124/><G47/><T95/><D59/><U7/><E7/><V63/><F63/><W58/><G62/><RYUUKYOKU ba="0,1" sc="165,-10,220,30,325,-10,280,-10" hai1="14,19,21,72,76,85,89,93,94,96,101,105,106" /><INIT seed="3,1,1,3,2,81" ten="155,250,315,270" oya="3" hai0="85,13,72,121,56,17,90,102,40,44,125,59,66" hai1="103,126,25,64,134,127,100,47,89,96,60,99,70" hai2="27,20,7,86,115,32,119,84,117,62,9,41,124" hai3="68,116,94,120,51,54,28,71,43,18,14,75,49"/><W118/><G75/><T61/><D125/><N who="1" m="47627" /><E134/><V130/><F124/><W11/><G120/><T123/><D72/><U95/><E47/><V132/><F115/><W23/><G68/><T106/><D59/><U46/><E99/><V26/><F41/><W73/><G73/><T55/><D106/><U3/><E3/><V133/><F130/><W4/><G71/><T114/><D114/><U12/><E12/><N who="2" m="5183" /><F62/><W131/><G131/><T2/><D2/><U101/><E46/><V21/><F32/><W52/><G28/><T78/><D78/><U80/><E25/><V35/><F35/><W108/><G108/><T57/><D102/><U111/><E111/><V16/><F117/><W91/><G43/><T69/><D69/><U8/><E8/><V98/><F98/><W34/><G34/><T113/><D113/><U30/><E30/><N who="2" m="17735" /><F119/><W36/><G36/><T38/><D57/><U19/><E19/><V5/><F5/><W105/><G105/><T79/><D79/><U82/><AGARI ba="1,1" hai="60,64,70,80,82,89,95,96,100,101,103" m="47627" machi="82" ten="40,1500,0" yaku="18,1" doraHai="81" who="1" fromWho="1" sc="155,-5,250,28,315,-5,270,-8" owari="150,-35.0,278,7.8,310,41.0,262,-13.8" /></mjloggm>