<mjloggm ver="2.3"><GO type="225" lobby="0"/><UN n0="%E3%81%B2%E3%81%AA%E3%81%AE%E3%82%8A%E3%81%8F" n1="%E6%A0%B9%E5%85%83%E3%81%8B%E3%82%89%E5%90%B9%E3%81%A3%E9%A3%9B%E3%81%B6" n2="%E3%81%B5%E3%81%98%E3%81%8B%E3%81%A4" n3="%72%69%6F%75%63%68%61%6E" dan="17,17,16,16" rate="2221.43,2175.16,2122.18,2160.95" sx="M,F,M,M"/><TAIKYOKU oya="0"/><INIT seed="0,0,0,3,4,23" ten="250,250,250,250" oya="0" hai0="44,13,58,91,104,84,131,99,123,40,36,113,80" hai1="11,12,24,54,81,69,42,61,132,50,70,56,73" hai2="26,16,128,118,29,93,120,48,19,31,18,83,95" hai3="21,25,79,87,64,74,66,89,9,76,71,130,0"/><T3/><D113/><U65/><E132/><V135/><F120/><W33/><G130/><T98/><D3/><U39/><E70/><V115/><F135/><W117/><G117/><T124/><D123/><U119/><E119/><V90/><F115/><W35/><G33/><T100/><D131/><U5/><E81/><V38/><F38/><W47/><G35/><T108/><D124/><U46/><E73/><V125/><F128/><W85/><G74/><T94/><D108/><U62/><E62/><V43/><F125/><W67/><G71/><T107/><D13/><U97/><E97/><V8/><F8/><W27/><G47/><T134/><D58/><U86/><REACH who="1" step="1"/><E24/><REACH who="1" ten="250,240,250,250" step="2"/><N who="3" m="9290" /><G87/><AGARI ba="0,1" hai="5,11,12,39,42,46,50,54,56,61,65,69,86,87" machi="87" ten="40,8000,1" yaku="1,1,24,2,53,1" doraHai="23" doraHaiUra="52" who="1" fromWho="3" sc="250,0,240,90,250,0,250,-80" /><INIT seed="1,0,0,1,3,40" ten="250,330,250,170" oya="1" hai0="130,121,103,47,126,57,16,111,41,69,32,102,8" hai1="7,53,107,9,93,56,44,25,123,78,94,38,133" hai2="63,115,60,113,112,110,106,82,65,1,88,46,77" hai3="19,36,84,98,67,15,11,114,108,64,101,26,97"/><U81/><E123/><V74/><F1/><W20/><G108/><T21/><D69/><U127/><E127/><V66/><F110/><W2/><G114/><T34/><D111/><U75/><E133/><V87/><F106/><W62/><G36/><T49/><D126/><U58/><E107/><V50/><F63/><W54/><G2/><T23/><D130/><U33/><E25/><V31/><F31/><W95/><G84/><T45/><D8/><U105/><E105/><V104/><F104/><W135/><G135/><T0/><D0/><U76/><E76/><V109/><F109/><W37/><G37/><T117/><D117/><U13/><E33/><V52/><F60/><W96/><G54/><T68/><D68/><U116/><E116/><V125/><F125/><W39/><G39/><T18/><D57/><U99/><E94/><AGARI ba="0,0" hai="46,50,52,65,66,74,77,82,87,88,94,112,113,115" machi="94" ten="40,8000,1" yaku="11,1,52,1,54,2" doraHai="40" who="2" fromWho="1" sc="250,0,330,-80,250,80,170,0" /><INIT seed="2,0,0,2,5,15" ten="250,250,330,170" oya="2" hai0="105,88,72,132,59,74,55,31,13,125,65,33,114" hai1="5,0,67,43,1,49,21,3,77,124,53,81,7" hai2="48,93,11,41,44,122,26,112,134,80,56,120,52" hai3="95,84,110,35,66,78,99,111,6,108,79,12,63"/><V58/><F112/><W36/><G35/><T127/><D114/><U86/><E124/><N who="0" m="47689" /><D65/><U87/><E67/><V133/><F80/><W46/><G84/><T29/><D105/><U85/><E43/><V119/><F119/><W113/><G113/><T37/><D37/><U117/><E117/><V71/><F93/><W47/><G6/><T27/><D31/><U102/><E102/><V28/><F11/><W118/><G118/><T9/><D88/><U103/><E103/><V76/><F76/><W2/><G2/><T90/><D90/><U22/><E7/><V106/><F106/><W20/><G36/><T91/><D91/><U135/><E5/><V82/><F82/><W116/><G116/><T98/><D98/><U101/><E101/><V45/><F71/><W100/><G78/><T104/><D104/><U96/><E96/><V107/><F26/><W61/><G79/><T130/><D130/><U121/><E81/><V129/><F28/><W97/><G99/><T18/><D132/><N who="2" m="50794" /><F129/><W51/><G51/><AGARI ba="0,0" hai="9,13,18,27,29,33,51,55,59,72,74" m="47689" machi="51" ten="30,2000,0" yaku="18,1,52,1" doraHai="15" who="0" fromWho="3" sc="250,20,250,0,330,0,170,-20" /><INIT seed="3,0,0,5,2,88" ten="270,250,330,150" oya="3" hai0="116,66,3,19,128,113,126,27,117,5,41,109,44" hai1="102,124,96,86,6,59,67,114,58,94,22,26,92" hai2="35,125,60,98,57,31,51,56,119,0,18,47,65" hai3="62,99,63,120,75,54,82,12,40,21,36,105,95"/><W85/><G120/><T106/><D106/><U43/><E114/><V89/><F0/><W87/><G105/><T111/><D113/><U52/><E124/><V90/><F35/><W91/><G75/><T10/><D128/><U14/><E43/><V4/><F4/><W49/><G40/><T48/><D126/><U112/><E112/><V78/><F78/><W38/><G36/><T110/><D66/><U93/><E86/><V135/><F119/><N who="0" m="45642" /><D19/><N who="1" m="12639" /><E67/><V129/><F31/><W25/><G38/><T53/><D27/><U103/><E59/><V130/><F135/><W1/><G1/><T115/><D115/><U118/><E118/><V70/><F125/><W69/><G12/><T15/><D15/><U17/><E6/><V13/><F129/><W37/><G37/><T81/><D81/><U71/><E71/><V134/><F134/><W68/><G68/><T28/><D28/><U64/><E64/><V133/><F133/><W20/><G69/><T50/><D50/><N who="1" m="30999" /><E103/><V29/><F70/><W100/><G85/><T76/><D76/><U73/><E73/><V32/><F65/><W11/><G11/><AGARI ba="0,0" hai="11,14,17,92,93,94,96,102" m="30999,12639" machi="11" ten="30,8000,1" yaku="8,1,52,3,54,1" doraHai="88" who="1" fromWho="3" sc="270,0,250,80,330,0,150,-80" owari="270,-13.0,330,43.0,330,13.0,70,-43.0" /></mjloggm>