<mjloggm ver="2.3"><GO type="225" lobby="0"/><UN n0="%65%76%61%63%61%6E%69%61" n1="%E5%86%B7%E5%87%8D%E3%82%AE%E3%83%A7%E3%83%BC%E3%82%B6" n2="%E6%97%A5%E6%9B%9C%E6%97%A5%E3%82%88%E3%82%8A%E3%81%AE%E4%BD%BF%E8%80%85" n3="%E5%8F%AF%E5%85%90%E9%82%A3%E7%94%B1%E5%A4%9A" dan="16,16,17,16" rate="2151.00,2139.08,2126.17,2203.88" sx="M,M,M,F"/><TAIKYOKU oya="0"/><INIT seed="0,0,0,4,4,87" ten="250,250,250,250" oya="0" hai0="98,67,58,35,99,53,16,127,94,117,85,20,38" hai1="93,115,133,1,65,76,80,72,69,63,37,126,22" hai2="75,129,134,24,97,39,46,71,29,130,14,54,42" hai3="55,50,131,73,104,4,5,122,96,36,28,124,108"/><T32/><D117/><U60/><E133/><V25/><F75/><W51/><G36/><T91/><D38/><U132/><E132/><V21/><F134/><W116/><G116/><T2/><D2/><U59/><E126/><V114/><F114/><W61/><G73/><T43/><D43/><U17/><E115/><V95/><F71/><W48/><G124/><T0/><D0/><U120/><E37/><V77/><F77/><W82/><G108/><T13/><D67/><U44/><E44/><V128/><F54/><W121/><G131/><T15/><D127/><U27/><E1/><V62/><F62/><W49/><G82/><T125/><D125/><U19/><E120/><N who="3" m="46186" /><G28/><T64/><D64/><U123/><E123/><V31/><F14/><W101/><G61/><T66/><D66/><U7/><E7/><N who="3" m="2634" /><G51/><N who="0" m="31039" /><D13/><U52/><REACH who="1" step="1"/><E93/><REACH who="1" ten="250,240,250,250" step="2"/><V56/><F130/><W89/><G55/><T68/><D68/><U74/><E74/><V23/><REACH who="2" step="1"/><F56/><REACH who="2" ten="250,240,240,250" step="2"/><W83/><G49/><T18/><D18/><AGARI ba="0,2" hai="17,18,19,22,27,52,59,60,63,65,69,72,76,80" machi="18" ten="30,3900,0" yaku="1,1,7,1,54,1,53,0" doraHai="87" doraHaiUra="88" who="1" fromWho="0" sc="250,-39,240,59,240,0,250,0" /><INIT seed="1,0,0,5,0,75" ten="211,299,240,250" oya="1" hai0="117,106,110,123,113,38,54,65,42,48,70,79,126" hai1="132,84,33,39,66,53,58,127,87,91,80,12,125" hai2="116,71,63,77,10,92,17,133,74,68,32,43,118" hai3="94,89,27,96,18,122,76,4,59,16,49,67,98"/><U9/><E132/><V99/><F32/><W78/><G122/><T102/><D113/><U83/><E33/><V30/><F30/><W120/><G120/><T56/><D123/><U135/><E66/><V34/><F34/><W107/><G4/><T52/><D117/><U51/><E39/><V95/><F43/><W55/><G67/><T134/><D134/><U46/><E58/><V131/><F133/><W64/><G64/><T36/><D106/><U88/><REACH who="1" step="1"/><E135/><REACH who="1" ten="211,289,240,250" step="2"/><V93/><F118/><W40/><G40/><T60/><D42/><U0/><E0/><V114/><F116/><W19/><REACH who="3" step="1"/><G27/><REACH who="3" ten="211,289,240,240" step="2"/><T20/><D65/><U103/><E103/><AGARI ba="0,2" hai="16,18,19,49,55,59,76,78,89,94,96,98,103,107" machi="103" ten="40,8000,1" yaku="1,1,2,1,52,2,54,1,53,0" doraHai="75" doraHaiUra="11" who="3" fromWho="1" sc="211,0,289,-80,240,0,240,100" /><INIT seed="2,0,0,2,5,9" ten="211,209,240,340" oya="2" hai0="105,121,51,102,94,40,42,118,79,82,3,112,24" hai1="46,45,30,58,39,34,109,119,132,66,78,29,47" hai2="64,135,7,44,76,116,68,115,130,89,127,72,53" hai3="108,91,22,90,117,74,6,37,32,99,59,56,49"/><V122/><F7/><W25/><G37/><T27/><D121/><U114/><E114/><V126/><F76/><W16/><G74/><T106/><D3/><U75/><E119/><V54/><F72/><W97/><G117/><T35/><D112/><U71/><E109/><V8/><F116/><W101/><G108/><T104/><D118/><U5/><E132/><V98/><F115/><W48/><G32/><T80/><D51/><N who="3" m="19529" /><G6/><T12/><D82/><U11/><E71/><V52/><F122/><W133/><G133/><T129/><D129/><U83/><E34/><V95/><F135/><W69/><G69/><T28/><D27/><U73/><E73/><V113/><F113/><W65/><G101/><T2/><D2/><U62/><REACH who="1" step="1"/><E39/><REACH who="1" ten="211,199,240,340" step="2"/><V107/><F130/><W21/><G56/><T111/><D111/><U14/><AGARI ba="0,1" hai="5,11,14,29,30,45,46,47,58,62,66,75,78,83" machi="14" ten="30,12000,2" yaku="1,1,2,1,0,1,52,1,53,3" doraHai="9" doraHaiUra="43" who="1" fromWho="1" sc="211,-30,199,130,240,-60,340,-30" /><INIT seed="3,0,0,3,3,7" ten="181,329,180,310" oya="3" hai0="19,37,85,75,51,61,109,96,121,72,67,55,64" hai1="2,124,117,29,63,111,10,9,74,20,116,8,87" hai2="80,11,30,82,35,131,135,123,41,110,71,112,88" hai3="56,62,5,12,0,79,70,105,21,18,66,17,89"/><W15/><G105/><T48/><D121/><U118/><E74/><V92/><F112/><W6/><G0/><T13/><D37/><U38/><E111/><V73/><F71/><W83/><G70/><T1/><D1/><U45/><E124/><V127/><F73/><W128/><G128/><T102/><D109/><U69/><E87/><N who="2" m="52255" /><F110/><W42/><G42/><T115/><D115/><U78/><E78/><V25/><F127/><W47/><G47/><T4/><D4/><U44/><E38/><V86/><F131/><W52/><G66/><N who="0" m="25131" /><D75/><U26/><E2/><V49/><F123/><W104/><G104/><T54/><D72/><U95/><E95/><V59/><F135/><W114/><G79/><T46/><D61/><U40/><E40/><V100/><F100/><W98/><G114/><T81/><D96/><U39/><E39/><V33/><F33/><W126/><G126/><T3/><D102/><U36/><E36/><V133/><F133/><W31/><G31/><T58/><D3/><U125/><E125/><V77/><F82/><W57/><G57/><T120/><D120/><U97/><E97/><V68/><F68/><W50/><G62/><T23/><D81/><U122/><E122/><V24/><F24/><W103/><G103/><T119/><D119/><U94/><E94/><V107/><F107/><W34/><G34/><T106/><D106/><U84/><E84/><AGARI ba="0,0" hai="13,19,23,46,48,51,54,55,58,84,85" m="25131" machi="84" ten="30,1000,0" yaku="8,1" doraHai="7" who="0" fromWho="1" sc="181,10,329,-10,180,0,310,0" owari="191,-20.9,319,41.9,180,-32.0,310,11.0" /></mjloggm>