<mjloggm ver="2.3"><GO type="225" lobby="0"/><UN n0="%E3%81%86%E3%83%BC%E3%81%B1%E3%83%BC" n1="%E6%B0%B7%E5%B7%9D%E9%87%8C%E5%A5%88" n2="%E3%82%BC%E3%83%AB%E3%83%80%E3%81%AE%E4%BC%9D%E8%AA%AC" n3="%E7%BD%AA%E5%88%91%E6%B3%95%E5%AE%9A%E4%B8%BB%E7%BE%A9" dan="17,16,17,16" rate="2152.62,2131.06,2229.04,2186.35" sx="F,F,M,M"/><TAIKYOKU oya="0"/><INIT seed="0,0,0,0,5,21" ten="250,250,250,250" oya="0" hai0="38,51,19,50,0,96,9,75,83,84,12,37,48" hai1="63,42,30,10,70,106,33,53,72,127,2,93,94" hai2="99,114,31,76,58,67,135,115,59,22,56,89,77" hai3="28,79,116,68,124,132,92,73,29,65,111,131,109"/><T62/><D75/><U55/><E127/><V123/><F123/><W80/><G116/><T52/><D0/><U87/><E72/><V11/><F135/><W34/><G124/><T14/><D96/><U35/><E106/><V17/><F115/><W104/><G132/><T125/><D125/><U126/><E126/><V88/><F114/><W101/><G92/><T46/><D62/><U82/><E42/><V69/><F69/><W105/><G28/><T18/><D38/><U90/><E2/><V102/><F11/><W39/><G39/><T7/><D37/><U64/><E10/><V81/><F31/><W15/><G15/><T129/><D129/><U122/><E122/><V130/><F67/><W133/><G133/><T118/><D118/><U57/><E55/><V95/><F130/><W117/><G117/><T113/><D113/><U91/><E30/><V112/><F112/><W103/><G103/><T134/><D134/><U121/><E82/><V128/><F128/><W107/><G101/><T6/><D18/><U32/><E121/><V26/><REACH who="2" step="1"/><F77/><REACH who="2" ten="250,250,240,250" step="2"/><W40/><G131/><T78/><D6/><U120/><E120/><V60/><F60/><N who="3" m="39975" /><G40/><T3/><D3/><U108/><E70/><V110/><F110/><W8/><G8/><AGARI ba="0,1" hai="7,8,9,12,14,19,46,48,50,51,52,78,83,84" machi="8" ten="30,5800,0" yaku="7,1,8,1,54,1" doraHai="21" who="0" fromWho="3" sc="250,68,250,0,240,0,250,-58" /><INIT seed="0,1,0,3,5,58" ten="318,250,240,192" oya="0" hai0="111,96,1,67,12,36,127,119,57,53,28,16,20" hai1="15,128,74,9,22,59,13,27,116,8,18,5,102" hai2="91,103,115,63,60,46,24,106,2,78,83,123,54" hai3="121,105,51,0,23,44,114,17,49,126,118,85,82"/><T66/><D119/><U117/><E74/><V89/><F123/><W48/><G118/><T112/><D112/><U88/><E102/><V41/><F115/><W56/><G114/><T99/><D1/><U90/><E128/><V104/><F2/><W52/><G0/><T80/><D36/><U45/><E45/><V92/><F106/><W129/><G105/><T86/><D28/><U81/><E116/><V34/><F34/><W11/><G126/><T26/><D12/><U94/><E117/><V42/><F104/><W97/><G129/><T125/><D111/><U77/><E94/><V120/><F24/><W7/><G97/><N who="0" m="37451" /><D127/><U110/><E110/><V30/><F30/><W29/><G29/><T101/><D101/><U64/><E77/><V107/><F107/><W4/><G121/><T65/><D125/><U47/><E47/><V55/><F103/><W131/><G131/><T40/><D40/><U100/><E100/><V62/><F120/><W132/><G132/><T75/><D75/><U19/><E81/><V84/><F41/><W33/><G33/><T72/><D72/><U130/><E130/><V38/><REACH who="2" step="1"/><F89/><REACH who="2" ten="318,250,230,192" step="2"/><N who="3" m="51383" /><G11/><T133/><D133/><U135/><E135/><V37/><F37/><W95/><G95/><T43/><D43/><U71/><E90/><V113/><F113/><W70/><G70/><T134/><D134/><U25/><E71/><V76/><F76/><W98/><G98/><AGARI ba="1,1" hai="38,42,46,54,55,60,62,63,78,83,84,91,92,98" machi="98" ten="40,8000,1" yaku="1,1,52,3,53,1" doraHai="58" doraHaiUra="87" who="2" fromWho="3" sc="318,0,250,0,230,93,192,-83" /><INIT seed="1,0,0,2,3,64" ten="318,250,323,109" oya="1" hai0="27,130,37,47,73,101,21,87,11,98,18,1,62" hai1="105,91,15,30,131,71,134,97,95,77,48,80,117" hai2="72,70,10,28,84,3,128,31,43,16,63,2,127" hai3="14,53,90,29,74,59,55,32,40,126,49,133,42"/><U120/><E117/><V51/><F72/><W54/><G74/><T52/><D73/><U9/><E120/><V23/><F127/><W89/><G126/><T20/><D130/><U56/><E134/><V68/><F128/><W25/><G133/><T88/><D37/><U93/><E131/><V5/><F2/><W111/><G111/><T46/><D1/><U81/><E105/><V60/><F84/><W106/><G106/><T13/><D101/><U67/><E30/><V82/><F82/><W103/><G103/><T6/><D21/><U107/><E107/><V113/><F60/><W79/><G79/><T94/><D87/><U41/><E95/><V39/><F39/><W50/><G55/><T26/><D26/><U122/><E122/><V85/><F85/><W8/><G42/><T109/><D109/><U69/><E77/><V75/><F75/><W38/><G40/><T86/><D86/><U36/><E36/><V125/><F125/><W0/><G0/><T135/><D135/><U116/><E116/><V102/><F102/><W76/><G76/><T4/><D4/><N who="1" m="3495" /><E41/><V78/><F78/><W35/><G35/><T96/><D98/><U7/><E7/><V58/><F113/><W124/><G124/><T108/><D108/><U132/><E132/><V99/><F99/><W83/><G38/><T44/><D62/><N who="1" m="38343" /><E48/><AGARI ba="0,0" hai="6,11,13,18,20,27,44,46,47,48,52,88,94,96" machi="48" ten="40,5200,0" yaku="8,1,54,2" doraHai="64" who="0" fromWho="1" sc="318,52,250,-52,323,0,109,0" /><INIT seed="2,0,0,1,2,80" ten="370,198,323,109" oya="2" hai0="28,60,22,44,65,8,104,81,3,12,79,86,83" hai1="85,32,120,121,119,20,55,0,130,53,70,69,19" hai2="54,23,106,36,35,100,68,43,91,51,123,18,115" hai3="13,102,103,14,67,24,10,16,2,114,112,101,133"/><V25/><F115/><W38/><G38/><T78/><D104/><U117/><E32/><V108/><F123/><N who="1" m="47177" /><E0/><V75/><F68/><N who="1" m="26217" /><E85/><V57/><F75/><W88/><G67/><T122/><D122/><U95/><E95/><V7/><F108/><W125/><G125/><T66/><D44/><U4/><E4/><V34/><F7/><W118/><G118/><N who="1" m="45066" /><E130/><V45/><REACH who="2" step="1"/><F91/><REACH who="2" ten="370,198,313,109" step="2"/><W93/><G133/><T96/><D79/><U9/><E9/><V129/><F129/><W97/><G2/><T47/><D78/><U72/><E72/><V107/><F107/><W131/><G131/><T27/><D8/><U40/><E40/><V126/><F126/><W6/><REACH who="3" step="1"/><G24/><AGARI ba="0,1" hai="19,20,24,53,55" m="45066,26217,47177" machi="24" ten="40,1300,0" yaku="13,1" doraHai="80" who="1" fromWho="3" sc="370,0,198,23,313,0,109,-13" /><INIT seed="3,0,0,4,4,106" ten="370,221,313,96" oya="3" hai0="72,102,15,20,4,78,41,90,40,29,82,30,9" hai1="116,98,135,38,107,109,110,71,81,66,83,55,75" hai2="84,43,79,57,47,6,104,80,62,121,85,11,65" hai3="130,92,133,45,120,27,7,112,44,73,0,132,74"/><W128/><G27/><T8/><D102/><N who="1" m="62935" /><E38/><V23/><F104/><W39/><G112/><T70/><D70/><U97/><E97/><V134/><F134/><N who="3" m="51819" /><G120/><T37/><D90/><U100/><E135/><V96/><F96/><W2/><G92/><T16/><D9/><U123/><E100/><V34/><F121/><W31/><G31/><T10/><D8/><U89/><E123/><V54/><F34/><W17/><G17/><T48/><D48/><U22/><E116/><V101/><F101/><W87/><G87/><T24/><D37/><U67/><E22/><V91/><F23/><W99/><G99/><T28/><AGARI ba="0,0" hai="4,10,15,16,20,24,28,29,30,40,41,72,78,82" machi="28" ten="30,4000,0" yaku="0,1,52,1,54,1" doraHai="106" who="0" fromWho="0" sc="370,40,221,-10,313,-10,96,-20" owari="410,51.0,211,-18.9,303,10.3,76,-42.4" /></mjloggm>