<mjloggm ver="2.3"><GO type="225" lobby="0"/><UN n0="%E6%A1%9C%E8%8A%B1%E9%96%83%E3%80%85" n1="%E7%B4%94%E6%BD%94%E3%83%94%E3%83%A9%E3%83%8B%E3%82%A2" n2="%4B%2E%32%2E%4B%2E" n3="%E3%83%AD%E3%83%83%E3%83%86%E9%9B%80%E7%90%83" dan="17,18,16,17" rate="2153.15,2289.88,2055.77,2222.85" sx="M,M,M,M"/><TAIKYOKU oya="0"/><INIT seed="0,0,0,4,3,28" ten="250,250,250,250" oya="0" hai0="114,42,59,69,24,90,23,76,75,106,44,109,22" hai1="68,47,27,101,45,100,134,53,86,92,40,49,39" hai2="35,91,135,113,26,61,119,126,89,6,79,43,62" hai3="33,2,108,72,41,67,14,129,107,36,120,25,77"/><T124/><D114/><U95/><E68/><V37/><F113/><W116/><RYUUKYOKU type="yao9" ba="0,0" sc="250,0,250,0,250,0,250,0" hai3="2,14,25,33,36,41,67,72,77,107,108,116,120,129" /><INIT seed="0,1,0,5,4,119" ten="250,250,250,250" oya="0" hai0="132,12,81,98,43,11,33,99,74,6,65,49,112" hai1="125,31,69,105,52,97,131,47,59,40,56,113,114" hai2="120,121,101,88,70,75,39,118,133,76,73,18,64" hai3="45,22,46,85,48,72,26,20,103,128,111,14,129"/><T110/><D112/><N who="1" m="43115" /><E31/><V58/><F18/><N who="3" m="10327" /><G72/><N who="2" m="27721" /><F58/><W115/><G115/><T109/><D33/><U86/><E86/><V61/><F76/><W37/><G111/><N who="0" m="42507" /><D132/><U41/><E97/><N who="0" m="36873" /><D65/><U90/><E90/><V0/><F101/><W116/><G103/><T107/><D107/><U67/><E105/><V63/><F63/><W42/><G85/><T1/><D1/><U51/><E131/><N who="3" m="50250" /><G116/><T13/><D13/><U50/><E125/><V30/><F118/><W80/><G80/><T124/><D124/><U16/><E16/><V106/><F106/><W135/><G135/><T123/><D81/><U5/><E5/><V55/><F133/><W126/><G126/><T8/><D8/><U36/><E69/><V35/><F0/><W104/><G104/><T127/><D74/><U28/><E28/><V87/><F35/><W71/><G71/><T102/><D102/><U108/><E108/><V77/><F70/><W93/><G93/><T92/><D92/><U54/><E67/><V19/><F64/><W34/><G34/><T21/><D127/><U134/><E134/><V2/><F2/><W38/><G22/><T91/><D21/><U62/><E41/><V24/><F77/><W89/><G89/><T10/><D91/><U57/><E62/><V96/><F96/><W100/><G100/><T4/><D11/><U68/><E68/><V66/><F66/><W29/><G29/><T94/><D94/><U53/><AGARI ba="1,0" hai="36,40,47,50,51,52,53,54,56,57,59" m="43115" machi="53" ten="40,8000,1" yaku="11,1,34,2,54,1" doraHai="119" who="1" fromWho="1" sc="250,-41,250,83,250,-21,250,-21" /><INIT seed="1,0,0,5,0,130" ten="209,333,229,229" oya="1" hai0="58,47,60,107,44,40,96,64,35,17,53,9,98" hai1="0,1,67,25,63,77,132,91,36,128,19,76,51" hai2="112,120,78,101,4,72,28,23,3,103,50,99,134" hai3="22,121,52,45,115,48,14,90,95,108,106,38,70"/><U24/><E36/><V55/><F120/><W46/><G115/><T89/><D35/><U110/><E128/><V74/><F112/><W81/><G108/><T13/><D107/><U113/><E113/><V116/><F116/><W66/><G106/><T2/><D2/><U80/><E110/><V127/><F127/><W122/><G81/><T11/><D11/><U29/><E51/><V59/><F4/><W61/><G22/><T30/><D30/><U34/><E91/><V20/><F3/><W33/><G14/><T6/><D6/><U92/><E92/><V97/><F28/><W100/><G100/><T39/><D89/><U56/><E77/><V93/><F134/><W31/><G31/><T119/><D119/><U105/><E105/><V32/><F32/><W109/><G33/><T65/><REACH who="0" step="1"/><D47/><REACH who="0" ten="199,333,229,229" step="2"/><U42/><E1/><V21/><REACH who="2" step="1"/><F78/><REACH who="2" ten="199,333,219,229" step="2"/><W83/><G109/><T135/><D135/><U49/><E132/><V129/><F129/><W117/><G117/><T27/><D27/><U86/><E0/><V7/><F7/><W111/><G111/><T54/><D54/><U133/><E133/><V68/><F68/><W18/><G52/><T123/><D123/><U124/><E24/><V57/><F57/><W131/><G70/><T126/><D126/><U82/><E124/><V94/><AGARI ba="0,2" hai="20,21,23,50,55,59,72,74,93,94,97,99,101,103" machi="94" ten="30,8000,1" yaku="1,1,0,1,9,1,53,2" doraHai="130" doraHaiUra="88" who="2" fromWho="2" sc="199,-20,333,-40,219,100,229,-20" /><INIT seed="2,0,0,2,2,58" ten="179,293,319,209" oya="2" hai0="38,60,84,24,83,7,30,114,121,57,33,13,29" hai1="87,61,49,134,129,28,2,115,107,127,131,55,65" hai2="88,70,119,111,51,125,120,56,12,128,6,67,124" hai3="130,104,45,117,69,97,23,34,109,40,108,44,93"/><V89/><F119/><W92/><G117/><T98/><D121/><U31/><E115/><V81/><F120/><W42/><G34/><T0/><D114/><U85/><E107/><V47/><F70/><W101/><G69/><T26/><D0/><U52/><E2/><V113/><F113/><W122/><G122/><T74/><D74/><U135/><E127/><N who="2" m="48715" /><F128/><N who="1" m="49225" /><E85/><V105/><F105/><W66/><G66/><T103/><D38/><U78/><E87/><V126/><F126/><W90/><G23/><T15/><D7/><U99/><E99/><V25/><F81/><W50/><G130/><T59/><D59/><N who="1" m="37055" /><E78/><V48/><F25/><N who="0" m="9834" /><D33/><U73/><E73/><V110/><F110/><N who="3" m="42603" /><G90/><N who="2" m="34921" /><F47/><W54/><G42/><T17/><D98/><U32/><E32/><V118/><F118/><W71/><G71/><T80/><D103/><U16/><E31/><N who="0" m="11785" /><D84/><U68/><E28/><V112/><F112/><W77/><G77/><T11/><D13/><U75/><E68/><V63/><F111/><W14/><G14/><T5/><D5/><U43/><E75/><V19/><F6/><W72/><G72/><T86/><D86/><U1/><E1/><V20/><AGARI ba="0,0" hai="12,19,20,48,51,56,63,67" m="34921,48715" machi="20" ten="30,6000,0" yaku="18,1,52,1,54,1" doraHai="58" who="2" fromWho="2" sc="179,-20,293,-20,319,60,209,-20" /><INIT seed="2,1,0,0,4,67" ten="159,273,379,189" oya="2" hai0="115,65,64,5,106,11,91,132,114,58,17,24,40" hai1="97,85,109,10,89,66,75,45,37,101,61,95,108" hai2="68,131,63,15,124,27,130,71,69,32,14,19,20" hai3="74,42,34,110,23,21,53,126,26,78,99,113,123"/><V18/><F124/><W70/><G123/><T29/><D106/><U111/><E75/><V57/><F32/><W86/><G74/><T62/><D132/><U125/><E10/><V56/><F27/><W112/><G110/><T60/><D40/><N who="1" m="22671" /><E125/><V43/><F43/><W35/><G42/><T121/><D121/><U47/><E47/><V16/><F56/><W33/><G53/><T3/><D17/><N who="2" m="6154" /><F14/><W0/><G99/><T8/><D91/><U1/><E1/><V6/><F6/><W55/><G55/><T22/><REACH who="0" step="1"/><D8/><REACH who="0" ten="149,273,379,189" step="2"/><U46/><E111/><V4/><F4/><W129/><G126/><T102/><D102/><U59/><E109/><V49/><F131/><W122/><G129/><T135/><D135/><U72/><E108/><V52/><F130/><W2/><G122/><T13/><D13/><U90/><E90/><V107/><F107/><W128/><G128/><T100/><D100/><U7/><E101/><V80/><F15/><W94/><G113/><T127/><D127/><U119/><E119/><V118/><F118/><W117/><G112/><T84/><D84/><U103/><E72/><V25/><F16/><W39/><G117/><T28/><D28/><U31/><E31/><V96/><F25/><W77/><G26/><T81/><D81/><N who="1" m="49327" /><E7/><V48/><F80/><W79/><G0/><T133/><D133/><U44/><E103/><V87/><F87/><W9/><G2/><T83/><D83/><U73/><E73/><V120/><F120/><W116/><G116/><T93/><D93/><U105/><E95/><V92/><F92/><W104/><G94/><RYUUKYOKU ba="1,1" sc="149,15,273,15,379,-15,189,-15" hai0="3,5,11,22,24,29,58,60,62,64,65,114,115" hai1="44,46,59,61,66,97,105" /><INIT seed="3,2,1,2,2,94" ten="164,288,364,174" oya="3" hai0="26,60,131,106,78,107,29,73,123,17,128,72,51" hai1="70,3,48,67,9,1,31,49,56,100,58,6,132" hai2="127,97,129,119,89,74,25,47,115,81,65,134,83" hai3="53,39,8,122,102,61,120,33,0,50,71,110,112"/><W80/><G112/><T99/><D123/><U76/><E76/><V14/><F115/><W19/><G33/><N who="0" m="20663" /><D51/><U68/><E31/><V11/><F127/><W86/><G39/><T96/><D17/><U36/><E36/><V69/><F129/><N who="0" m="49738" /><D60/><U95/><E132/><V7/><F119/><W130/><G130/><T37/><D37/><U93/><E6/><V63/><F74/><N who="0" m="28778" /><D78/><U101/><REACH who="1" step="1"/><E9/><REACH who="1" ten="164,278,364,174" step="2"/><V118/><F7/><W104/><G8/><T117/><D117/><U12/><E12/><V27/><F118/><W133/><G133/><T52/><D52/><U103/><E103/><V126/><F134/><W105/><G102/><T16/><D16/><U121/><E121/><V22/><F14/><W28/><G122/><T44/><D44/><U92/><E92/><V91/><F47/><W18/><G120/><T32/><D32/><U111/><E111/><V116/><F116/><W135/><G53/><T30/><D30/><U24/><E24/><V84/><F11/><W66/><G28/><T46/><D46/><U77/><E77/><V59/><F27/><W15/><G110/><T41/><D41/><U5/><E5/><V20/><F25/><W40/><G40/><T23/><D23/><U109/><E109/><V35/><F20/><W43/><G135/><T98/><AGARI ba="2,2" hai="96,98,99,106,107" m="28778,49738,20663" machi="98" ten="40,8000,1" yaku="19,1,52,3" doraHai="94" who="0" fromWho="0" sc="164,106,278,-22,364,-22,174,-42" owari="270,7.0,256,-14.4,342,44.2,132,-36.8" /></mjloggm>