<mjloggm ver="2.3"><GO type="225" lobby="0"/><UN n0="%E8%90%BD%E6%97%A5" n1="%E8%BE%9B%E5%8F%A3%E3%82%AB%E3%83%AC%E3%83%BC%E3%83%A9%E3%82%A4%E3%82%B9" n2="%E3%81%B5%E3%81%98%E3%81%8B%E3%81%A4" n3="%E3%81%BF%E3%81%BF%E3%81%9A" dan="17,17,16,17" rate="2210.88,2260.02,2173.20,2276.03" sx="F,M,M,M"/><TAIKYOKU oya="0"/><INIT seed="0,0,0,5,5,64" ten="250,250,250,250" oya="0" hai0="52,42,33,65,2,41,133,56,106,72,71,61,117" hai1="104,119,30,109,46,96,79,98,118,76,129,120,39" hai2="17,20,83,102,31,89,78,125,101,134,85,11,124" hai3="66,115,84,58,91,24,116,103,3,51,69,53,8"/><T92/><D106/><U19/><E30/><V132/><F11/><W95/><G115/><T99/><D117/><N who="1" m="44555" /><E19/><V45/><F31/><W0/><G116/><T57/><D133/><N who="2" m="51306" /><F45/><W90/><G103/><N who="2" m="39433" /><F17/><W73/><G73/><T27/><D72/><U77/><E46/><V36/><F20/><W114/><G114/><T110/><D110/><U123/><E39/><V16/><F16/><W127/><G127/><N who="2" m="48713" /><F36/><W26/><G26/><T55/><D2/><U63/><E63/><V86/><F86/><W9/><G24/><T34/><D27/><U50/><E50/><V23/><F23/><W12/><G9/><T43/><D57/><U15/><E15/><V74/><F74/><W113/><G12/><T130/><D55/><U82/><E104/><V80/><F80/><W32/><G8/><T37/><D37/><U108/><E82/><V13/><F13/><W60/><G32/><T135/><D135/><U35/><E35/><V29/><F29/><W10/><G10/><T1/><D1/><U54/><E54/><V25/><F25/><W105/><G105/><T4/><D4/><U68/><E68/><V107/><F107/><W28/><G28/><T14/><D14/><U40/><E40/><V94/><F94/><N who="3" m="54599" /><G113/><T100/><D34/><U112/><E112/><V67/><F67/><W88/><G0/><T18/><D33/><U128/><E98/><V7/><F7/><W38/><G3/><T59/><D18/><U87/><E96/><V111/><F111/><N who="1" m="42569" /><E87/><V21/><F21/><W121/><G38/><T93/><D71/><U44/><E44/><V75/><F75/><RYUUKYOKU ba="0,0" sc="250,-15,250,15,250,15,250,-15" hai1="76,77,79,120,123,128,129" hai2="78,83,85,89" /><INIT seed="1,1,0,3,4,119" ten="235,265,265,235" oya="1" hai0="4,91,97,128,43,51,54,126,100,60,106,26,32" hai1="10,12,22,109,114,127,69,121,99,135,45,88,120" hai2="111,70,72,90,29,38,13,63,37,86,93,66,21" hai3="24,56,18,101,25,103,89,40,30,112,85,83,23"/><U28/><E114/><V3/><F111/><W39/><G112/><T20/><D126/><U65/><E127/><V64/><F3/><W75/><G75/><T57/><D128/><U48/><E135/><V33/><F72/><W58/><G40/><T113/><D113/><U34/><E34/><V117/><F117/><W49/><G39/><T50/><D32/><U81/><E69/><V46/><F66/><W31/><G18/><T55/><D43/><U84/><E65/><V123/><F123/><W77/><G89/><T92/><D4/><U7/><E109/><V11/><F33/><W87/><G49/><T129/><D129/><U110/><E110/><V95/><F46/><W82/><REACH who="3" step="1"/><G23/><REACH who="3" ten="235,265,265,225" step="2"/><T78/><D78/><AGARI ba="1,1" hai="24,25,30,31,56,58,77,78,82,83,85,87,101,103" machi="78" ten="25,8000,1" yaku="1,1,2,1,22,2,8,1,53,0" doraHai="119" doraHaiUra="108" who="3" fromWho="0" sc="235,-83,265,0,265,0,225,93" /><INIT seed="2,0,0,5,0,85" ten="152,265,265,318" oya="2" hai0="86,31,3,82,1,45,81,0,90,98,11,113,118" hai1="25,55,40,29,100,126,131,67,135,110,46,84,123" hai2="99,121,10,114,103,43,35,89,17,49,14,48,124" hai3="57,95,77,92,36,105,74,9,7,128,59,71,60"/><V80/><F114/><W65/><G105/><T4/><D113/><U47/><E110/><V78/><F124/><W20/><G128/><T112/><D112/><U44/><E131/><V54/><F121/><W116/><G116/><T23/><D118/><U69/><E126/><V64/><F35/><W2/><G20/><T8/><D45/><U102/><E135/><V68/><F68/><W24/><G24/><T27/><D98/><U133/><E133/><V104/><F64/><W125/><G125/><T79/><REACH who="0" step="1"/><D11/><REACH who="0" ten="142,265,265,318" step="2"/><U127/><E127/><V53/><F99/><W120/><G9/><T63/><D63/><U134/><E134/><V122/><F10/><W130/><G130/><T58/><D58/><U21/><E47/><V26/><F122/><W75/><G57/><T42/><D42/><U62/><E123/><V66/><F43/><W83/><G59/><T37/><D37/><U109/><E46/><V38/><F38/><W96/><G96/><T119/><D119/><U73/><E40/><V13/><F54/><W93/><G36/><T19/><D19/><U56/><E44/><V5/><F53/><W101/><G120/><T15/><D15/><U34/><E55/><V115/><F13/><W30/><G60/><T39/><D39/><U72/><E56/><V88/><F14/><W61/><G61/><T28/><D28/><U50/><E62/><V32/><F17/><W52/><G30/><T111/><D111/><U117/><E109/><V12/><F12/><W87/><G65/><T107/><D107/><U70/><E117/><V16/><F104/><W22/><G52/><RYUUKYOKU ba="0,1" sc="142,30,265,-10,265,-10,318,-10" hai0="0,1,3,4,8,23,27,31,79,81,82,86,90" /><INIT seed="3,1,1,3,2,90" ten="172,255,255,308" oya="3" hai0="0,129,77,58,80,29,83,48,11,3,49,12,99" hai1="73,2,88,19,21,125,1,98,133,95,61,115,40" hai2="119,30,35,27,70,31,128,28,96,124,130,43,22" hai3="113,94,107,101,108,67,24,132,106,17,135,131,114"/><W66/><G94/><T34/><D129/><N who="2" m="49770" /><F70/><W42/><G42/><T37/><D37/><U123/><E115/><N who="3" m="44042" /><G131/><T91/><D29/><N who="2" m="11370" /><F43/><W38/><G38/><T23/><D34/><U116/><E123/><V105/><F119/><W10/><G108/><T41/><D23/><U109/><E133/><N who="3" m="51274" /><G101/><T75/><D49/><U69/><E109/><V68/><F68/><W55/><G55/><T87/><D99/><U78/><E40/><V20/><F96/><W110/><G110/><T64/><D64/><N who="3" m="24617" /><G10/><T71/><D71/><U39/><E39/><V126/><F105/><W54/><G54/><T84/><D75/><U122/><E73/><V44/><F44/><W103/><G103/><T60/><D60/><U63/><E69/><V46/><F46/><W8/><G8/><T9/><D9/><U118/><E63/><V6/><F6/><W59/><G59/><T112/><D112/><U51/><E61/><V52/><F52/><W33/><G33/><T79/><D91/><U56/><E88/><V18/><F35/><W97/><G97/><T76/><D76/><U50/><E98/><V127/><F22/><AGARI ba="1,1" hai="17,22,24,106,107" m="24617,51274,44042" machi="22" ten="40,2000,0" yaku="20,1" doraHai="90" who="3" fromWho="2" sc="172,0,255,0,255,-23,308,33" owari="172,-32.8,255,5.5,232,-16.8,341,44.1" /></mjloggm>