<mjloggm ver="2.3"><GO type="225" lobby="0"/><UN n0="%E6%A1%9C%E8%8A%B1%E9%96%83%E3%80%85" n1="%E3%81%86%E3%81%A9%E3%82%93%E3%81%93" n2="%E6%B8%A9%E2%98%85%E6%83%85%E2%98%85%E6%8E%AA%E2%98%85%E7%BD%AE" n3="%72%61%6B%33" dan="16,16,16,17" rate="2105.13,2100.52,2141.69,2163.32" sx="M,M,M,M"/><TAIKYOKU oya="0"/><INIT seed="0,0,0,1,0,64" ten="250,250,250,250" oya="0" hai0="28,63,22,47,40,108,84,132,65,5,120,95,24" hai1="96,25,74,13,106,130,81,29,46,73,112,18,76" hai2="134,103,110,127,54,21,61,98,94,126,78,44,99" hai3="92,43,39,10,11,124,105,88,35,23,117,32,75"/><T97/><D132/><U90/><E130/><V86/><F134/><W59/><G105/><T115/><D115/><U57/><E112/><V68/><F110/><W1/><G75/><T42/><D120/><U20/><E46/><V67/><F21/><W135/><G117/><T48/><D108/><U7/><E7/><V91/><F78/><W104/><G104/><T70/><D84/><U60/><E74/><V30/><F30/><W8/><G1/><T3/><D5/><U66/><E90/><V122/><F122/><W87/><G124/><N who="2" m="47657" /><F103/><W116/><G116/><T77/><D77/><U45/><E45/><V82/><F82/><W15/><G135/><T34/><D3/><U51/><E51/><AGARI ba="0,0" hai="44,51,54,61,67,68,86,91,94,98,99" m="47657" machi="51" ten="30,2000,0" yaku="18,1,52,1" doraHai="64" who="2" fromWho="1" sc="250,0,250,-20,250,20,250,0" /><INIT seed="1,0,0,2,0,127" ten="250,230,270,250" oya="1" hai0="125,49,73,117,0,94,48,90,70,98,3,26,120" hai1="91,35,124,68,51,27,131,118,61,60,109,56,113" hai2="6,130,123,12,43,14,44,135,45,21,36,24,107" hai3="106,85,134,4,93,16,112,71,81,69,108,99,105"/><U111/><E113/><V11/><F123/><W95/><G112/><T53/><D117/><U89/><E118/><V22/><F135/><W122/><G134/><T40/><D125/><U80/><E124/><V42/><F107/><W7/><G108/><N who="1" m="41546" /><E51/><V65/><F65/><W30/><G30/><T129/><D70/><U104/><E104/><V79/><F79/><W82/><G85/><T8/><D73/><U18/><E68/><V23/><F130/><W88/><G99/><T72/><D72/><U114/><E114/><V66/><F66/><W50/><G50/><T32/><D8/><U64/><E61/><V58/><F58/><W28/><G28/><T2/><D40/><U116/><E116/><V15/><REACH who="2" step="1"/><F24/><REACH who="2" ten="250,230,260,250" step="2"/><W128/><G122/><T1/><D26/><U100/><E131/><V87/><F87/><W126/><G126/><T54/><D129/><U102/><E80/><V37/><AGARI ba="0,1" hai="6,11,12,14,15,21,22,23,36,37,42,43,44,45" machi="37" ten="30,12000,2" yaku="1,1,0,1,9,1,53,3" doraHai="127" doraHaiUra="19" who="2" fromWho="2" sc="250,-30,230,-60,260,130,250,-30" /><INIT seed="2,0,0,2,5,45" ten="220,170,390,220" oya="2" hai0="50,109,28,104,128,130,21,47,103,120,53,127,43" hai1="65,100,93,113,12,94,26,78,116,85,79,99,27" hai2="72,22,23,95,129,132,36,10,16,7,55,71,15" hai3="60,102,8,64,115,35,84,6,123,134,1,34,42"/><V131/><F72/><W69/><G123/><T9/><D120/><U30/><E113/><V87/><F71/><W80/><G115/><T61/><D109/><U135/><E116/><V73/><F73/><W49/><G102/><T11/><D127/><U14/><E135/><V118/><F36/><W112/><G134/><T81/><D81/><U119/><E119/><V40/><F40/><W110/><G110/><T114/><D114/><U62/><E27/><V4/><F118/><W52/><G42/><T111/><D21/><N who="2" m="7690" /><F55/><W3/><G3/><T48/><D61/><U75/><E75/><V19/><F132/><W91/><REACH who="3" step="1"/><G112/><REACH who="3" ten="220,170,390,210" step="2"/><T32/><D111/><U92/><E100/><V89/><F131/><W76/><G76/><T56/><D103/><U37/><E37/><V101/><F129/><N who="0" m="49770" /><D104/><U68/><E99/><N who="2" m="59647" /><F4/><W124/><G124/><T97/><D97/><U88/><E79/><V117/><F117/><W57/><AGARI ba="0,1" hai="1,6,8,34,35,49,52,57,60,64,69,80,84,91" machi="57" ten="20,12000,2" yaku="1,1,0,1,7,1,52,1,54,1,53,1" doraHai="45" doraHaiUra="86" who="3" fromWho="3" sc="220,-30,170,-30,390,-60,210,130" /><INIT seed="3,0,0,5,4,116" ten="190,140,330,340" oya="3" hai0="76,93,73,58,103,66,45,55,109,120,111,129,68" hai1="112,34,20,18,89,105,5,128,51,24,78,50,7" hai2="131,118,31,69,75,90,114,35,4,84,27,115,117" hai3="98,52,99,56,67,79,17,126,70,64,80,32,9"/><W47/><G32/><T16/><D120/><U97/><E112/><N who="2" m="43051" /><F84/><N who="3" m="48159" /><G70/><T41/><D129/><U1/><E128/><V40/><F131/><W85/><G126/><T57/><D16/><U100/><E78/><V6/><F69/><W125/><G125/><T38/><D93/><U110/><E110/><N who="0" m="41993" /><D103/><U39/><E39/><V59/><F75/><W71/><G71/><T81/><D55/><U122/><E122/><V72/><F72/><W25/><G85/><T62/><AGARI ba="0,0" hai="38,41,45,57,58,62,66,68,73,76,81" m="41993" machi="62" ten="30,1100,0" yaku="14,1" doraHai="116" who="0" fromWho="0" sc="190,11,140,-3,330,-3,340,-5" owari="201,-19.9,137,-36.3,327,12.7,335,43.5" /></mjloggm>