<mjloggm ver="2.3"><GO type="225" lobby="0"/><UN n0="%70%65%6E%74%6F%6C%61" n1="%E3%82%BC%E3%83%AB%E3%83%80%E3%81%AE%E4%BC%9D%E8%AA%AC" n2="%E6%97%A5%E6%9B%9C%E6%97%A5%E3%82%88%E3%82%8A%E3%81%AE%E4%BD%BF%E8%80%85" n3="%E3%81%8F%E3%82%8A%E3%83%94%E3%83%BC" dan="16,16,17,16" rate="2134.07,2109.78,2172.40,2099.02" sx="M,M,M,M"/><TAIKYOKU oya="0"/><INIT seed="0,0,0,5,0,24" ten="250,250,250,250" oya="0" hai0="68,55,60,48,101,27,53,25,15,76,78,74,81" hai1="83,79,22,34,30,129,13,9,47,118,8,69,70" hai2="43,98,1,90,2,120,38,45,46,119,130,82,57" hai3="64,115,97,121,127,88,103,122,52,108,35,28,128"/><T56/><D68/><U93/><E118/><V104/><F120/><N who="3" m="46187" /><G115/><T112/><D112/><U65/><E129/><V89/><F130/><W10/><G128/><T109/><D109/><U58/><E34/><V12/><F119/><W50/><G64/><T125/><D125/><U131/><E131/><V4/><F57/><W100/><G108/><T91/><D15/><U21/><E93/><V54/><F12/><W41/><G41/><T5/><D5/><U63/><E8/><V135/><F135/><W117/><G10/><T3/><D3/><U40/><E69/><V94/><F104/><W95/><G127/><T19/><D101/><U67/><E30/><V73/><F4/><W84/><G84/><N who="0" m="50575" /><D74/><U71/><E67/><V32/><F32/><W133/><G133/><T114/><D114/><U36/><E70/><V102/><F73/><W123/><G117/><T87/><D19/><U86/><REACH who="1" step="1"/><E71/><REACH who="1" ten="250,240,250,250" step="2"/><V23/><F23/><W44/><G123/><T75/><D75/><U92/><E92/><V33/><F33/><W77/><G77/><N who="0" m="29803" /><D87/><U124/><E124/><V0/><F82/><W14/><G14/><T66/><D66/><U49/><E49/><V18/><F0/><W7/><G7/><AGARI ba="0,1" hai="7,9,13,21,22,36,40,47,58,63,65,79,83,86" machi="7" ten="30,2000,0" yaku="1,1,7,1,53,0" doraHai="24" doraHaiUra="31" who="1" fromWho="3" sc="250,0,240,30,250,0,250,-20" /><INIT seed="1,0,0,1,0,104" ten="250,270,250,230" oya="1" hai0="134,51,88,132,43,114,94,62,97,131,40,38,79" hai1="8,44,49,121,105,39,33,111,135,128,24,15,34" hai2="17,26,110,101,133,5,9,89,64,84,25,118,80" hai3="116,112,13,117,2,23,127,47,46,70,87,6,69"/><U125/><E121/><V126/><F118/><N who="3" m="45675" /><G112/><T21/><D114/><U4/><E105/><V10/><F110/><W18/><G127/><T67/><D38/><U90/><E125/><V100/><F126/><W31/><G31/><T57/><D131/><U42/><E128/><V66/><F133/><N who="0" m="51306" /><D79/><U7/><E135/><V56/><F56/><W53/><G87/><T115/><D115/><U71/><E111/><V14/><F25/><W28/><G28/><T81/><D81/><U12/><E71/><N who="3" m="27146" /><G53/><N who="0" m="31935" /><D21/><U20/><E39/><V113/><F113/><W130/><G130/><T58/><AGARI ba="0,0" hai="40,43,58,62,67,88,94,97" m="31935,51306" machi="58" ten="30,2000,0" yaku="20,1,54,1" doraHai="104" who="0" fromWho="0" sc="250,20,270,-10,250,-5,230,-5" /><INIT seed="2,0,0,4,3,133" ten="270,260,245,225" oya="2" hai0="108,52,64,74,128,92,111,51,11,104,67,122,68" hai1="6,109,56,124,13,131,71,38,55,14,65,119,132" hai2="25,70,116,89,22,59,130,126,105,29,2,47,15" hai3="27,85,0,91,28,4,84,81,94,78,7,53,129"/><V103/><F70/><W120/><G129/><T135/><D122/><U62/><E119/><V24/><F116/><W32/><G120/><T37/><D104/><U100/><E132/><V41/><F2/><W50/><REACH who="3" step="1"/><G0/><REACH who="3" ten="270,260,245,215" step="2"/><T127/><D135/><U26/><E131/><V98/><F130/><W57/><AGARI ba="0,1" hai="4,7,27,28,32,50,53,57,78,81,84,85,91,94" machi="57" ten="20,5200,0" yaku="1,1,2,1,0,1,7,1,53,0" doraHai="133" doraHaiUra="33" who="3" fromWho="3" sc="270,-13,260,-13,245,-26,215,62" /><INIT seed="3,0,0,5,2,94" ten="257,247,219,277" oya="3" hai0="110,103,86,106,45,116,19,90,111,120,105,55,31" hai1="24,52,104,93,7,16,47,84,50,76,127,125,81" hai2="2,97,25,123,37,54,34,44,70,83,135,20,112" hai3="82,38,30,56,80,48,98,10,49,99,63,78,85"/><W115/><G115/><T67/><D120/><U32/><E104/><V132/><F112/><W100/><G38/><T36/><D116/><U89/><E7/><V26/><F70/><W62/><G30/><T134/><D134/><N who="2" m="51242" /><F123/><W64/><G10/><T128/><D103/><U130/><E130/><V21/><F2/><W42/><G100/><T8/><D128/><U61/><E61/><V95/><F83/><W102/><G102/><T101/><D101/><U5/><E5/><V40/><F54/><W23/><G23/><N who="2" m="8777" /><F34/><W129/><G129/><T73/><D73/><U79/><E16/><V118/><F118/><W27/><G27/><N who="2" m="10249" /><F95/><W108/><G108/><N who="0" m="41515" /><D36/><U107/><E107/><V66/><F66/><W0/><G0/><T114/><D67/><U124/><REACH who="1" step="1"/><E93/><REACH who="1" ten="257,237,219,277" step="2"/><V109/><F109/><W71/><G63/><T53/><D114/><U122/><E122/><V68/><F68/><W60/><G60/><T131/><D131/><U69/><E69/><V113/><F113/><W65/><G71/><T117/><D117/><U1/><E1/><V133/><F133/><W46/><G65/><T91/><D106/><U15/><E15/><V87/><F87/><N who="3" m="48535" /><G48/><N who="0" m="28815" /><D105/><U14/><E14/><V6/><F6/><W35/><G35/><T28/><D55/><U39/><E39/><V17/><F17/><W92/><G92/><N who="0" m="54359" /><D91/><AGARI ba="0,1" hai="42,46,49,56,62,64,82,85,91,98,99" m="48535" machi="91" ten="30,5800,0" yaku="8,1,52,2" doraHai="94" who="3" fromWho="0" sc="257,-58,237,0,219,0,277,68" owari="199,-30.1,237,3.7,219,-18.1,345,44.5" /></mjloggm>