<mjloggm ver="2.3"><GO type="225" lobby="0"/><UN n0="%E5%B0%8F%E9%B3%A5%E9%81%8A%E7%B7%B4%E7%84%A1%32%31%E6%AD%B3" n1="%6D%75%75%6D%75%72%61" n2="%E7%89%B9%E6%9D%B1%E3%81%AF%E4%B8%96%E7%95%8C%E3%82%92%E6%95%91%E3%81%86" n3="%E3%81%86%E3%83%BC%E3%81%B1%E3%83%BC" dan="16,17,16,17" rate="2142.97,2182.66,2095.17,2162.16" sx="F,F,M,F"/><TAIKYOKU oya="0"/><INIT seed="0,0,0,5,2,83" ten="250,250,250,250" oya="0" hai0="120,94,28,126,22,68,104,37,114,123,24,113,77" hai1="50,5,85,105,117,9,4,107,30,59,58,93,29" hai2="103,46,61,34,86,25,127,74,11,100,16,31,63" hai3="92,97,106,55,42,64,70,41,44,13,121,14,71"/><T119/><BYE who="3" /><D77/><U79/><E117/><V65/><F74/><UN n3="%E3%81%86%E3%83%BC%E3%81%B1%E3%83%BC" /><W131/><G106/><T118/><D94/><U53/><E59/><V133/><F133/><W21/><G131/><T10/><D104/><U110/><E110/><V17/><F127/><W96/><G55/><T82/><D82/><U33/><E4/><V125/><F125/><W6/><G6/><T101/><D101/><U1/><E79/><V0/><F63/><W57/><G57/><T69/><D37/><U72/><E72/><V112/><F112/><N who="0" m="43114" /><D68/><U23/><E33/><V98/><F46/><W8/><G92/><T102/><D102/><U130/><E130/><V51/><F51/><W81/><G81/><T48/><D48/><U115/><E115/><V27/><F86/><W43/><G44/><T35/><D69/><U124/><E124/><V108/><F108/><W128/><G121/><N who="0" m="46667" /><D126/><U95/><E95/><V56/><F25/><W32/><G128/><T18/><D10/><U54/><E54/><V60/><F60/><W15/><G8/><T12/><AGARI ba="0,0" hai="12,18,22,24,28,35,118,119" m="46667,43114" machi="12" ten="30,3000,0" yaku="34,2" doraHai="83" who="0" fromWho="0" sc="250,30,250,-10,250,-10,250,-10" /><INIT seed="0,1,0,2,4,37" ten="280,240,240,240" oya="0" hai0="122,96,121,14,8,20,62,26,125,109,98,28,123" hai1="129,3,72,49,21,77,15,134,89,65,127,10,4" hai2="1,108,73,11,94,135,79,70,81,30,90,101,66" hai3="5,57,38,7,0,100,88,131,54,23,87,31,27"/><T32/><D125/><U50/><E127/><V112/><F112/><W43/><G0/><T74/><D74/><U42/><E129/><V80/><F108/><W46/><G100/><T111/><D62/><U106/><E134/><V41/><F135/><W75/><G75/><T68/><D68/><U6/><E106/><V69/><F30/><W91/><G131/><T116/><D116/><U113/><E113/><V36/><F80/><W110/><G110/><N who="0" m="41995" /><D96/><U115/><E115/><V133/><F66/><W84/><G87/><T35/><D98/><U17/><E6/><AGARI ba="1,0" hai="6,8,14,20,26,28,32,35,121,122,123" m="41995" machi="6" ten="40,12000,1" yaku="14,1,10,1,34,2" doraHai="37" who="0" fromWho="1" sc="280,123,240,-123,240,0,240,0" /><INIT seed="0,2,0,5,1,66" ten="403,117,240,240" oya="0" hai0="41,123,53,105,133,88,118,135,44,17,74,59,30" hai1="47,107,126,78,46,61,23,50,129,10,15,4,82" hai2="109,28,11,65,45,29,13,131,91,111,48,56,62" hai3="80,106,69,36,134,68,76,55,26,6,52,122,104"/><T124/><D118/><U43/><E129/><V86/><F131/><W97/><G36/><T117/><D117/><U33/><E33/><V21/><F21/><W127/><G6/><T38/><D105/><U51/><E107/><V5/><F111/><W83/><G76/><T31/><D123/><U119/><E119/><V72/><F72/><W130/><G130/><T24/><D74/><U73/><E126/><V110/><F110/><W12/><G12/><T49/><D124/><U0/><E61/><V116/><F116/><W115/><G127/><T18/><D30/><U22/><REACH who="1" step="1"/><E0/><REACH who="1" ten="403,107,240,240" step="2"/><V37/><F109/><W94/><G106/><T81/><D135/><U112/><E112/><V71/><F37/><W90/><G104/><T7/><D133/><U75/><E75/><V100/><F100/><W25/><G115/><T113/><D113/><U64/><E64/><V35/><F35/><W39/><G134/><T32/><REACH who="0" step="1"/><D7/><REACH who="0" ten="393,107,240,240" step="2"/><U79/><E79/><V120/><F120/><W2/><G122/><T89/><D89/><U57/><E57/><V93/><F56/><W125/><G125/><T54/><D54/><AGARI ba="2,2" hai="4,10,15,22,23,43,46,47,50,51,54,73,78,82" machi="54" ten="30,2000,0" yaku="1,1,7,1,53,0" doraHai="66" doraHaiUra="99" who="1" fromWho="0" sc="393,-26,107,46,240,0,240,0" /><AGARI ba="2,0" hai="5,11,13,28,29,45,48,54,62,65,71,86,91,93" machi="54" ten="30,2000,0" yaku="7,1,52,1" doraHai="66" who="2" fromWho="0" sc="367,-20,153,0,240,20,240,0" /><INIT seed="1,0,0,0,3,48" ten="347,153,260,240" oya="1" hai0="29,16,6,95,120,44,84,69,79,114,82,55,25" hai1="68,26,60,96,115,62,35,52,9,113,91,17,63" hai2="89,85,124,73,72,110,36,123,104,45,42,116,34" hai3="67,57,106,19,76,77,46,12,3,101,83,99,40"/><U92/><E68/><V102/><F116/><W61/><G3/><T126/><D69/><U33/><E33/><V107/><F123/><W111/><G83/><T87/><D114/><U13/><E113/><V23/><F34/><W32/><G32/><T58/><D6/><U30/><REACH who="1" step="1"/><E115/><REACH who="1" ten="347,143,260,240" step="2"/><V81/><F124/><W128/><G128/><T27/><D126/><U10/><E10/><V53/><F110/><W31/><G111/><T14/><D120/><U71/><E71/><V38/><F23/><W22/><REACH who="3" step="1"/><G31/><REACH who="3" ten="347,143,260,230" step="2"/><T105/><D29/><U134/><E134/><V97/><F73/><W64/><G64/><T127/><D127/><U41/><E41/><V86/><F72/><W5/><G5/><T65/><D65/><U109/><E109/><V37/><F42/><W88/><G88/><N who="0" m="53639" /><D105/><U74/><E74/><V50/><F104/><W4/><G4/><T1/><D1/><U103/><E103/><V43/><F43/><W28/><G28/><T118/><D118/><U122/><E122/><V56/><F107/><W54/><G54/><AGARI ba="0,2" hai="9,13,17,26,30,35,52,54,60,62,63,91,92,96" machi="54" ten="40,12000,1" yaku="1,1,52,2,54,1,53,1" doraHai="48" doraHaiUra="94" who="1" fromWho="3" sc="347,0,143,140,260,0,230,-120" /><INIT seed="1,1,0,0,3,75" ten="347,283,260,110" oya="1" hai0="57,36,7,119,124,126,30,29,120,118,53,47,84" hai1="96,54,73,68,50,85,49,133,15,105,83,70,31" hai2="112,33,116,74,20,129,127,87,97,44,115,107,0" hai3="18,64,93,26,92,40,5,135,62,89,102,106,98"/><U122/><E122/><V72/><F33/><W25/><G135/><T132/><D7/><U32/><E133/><V52/><F0/><W21/><G5/><T131/><D132/><U128/><E73/><V110/><F116/><W76/><G106/><T10/><D131/><U125/><E128/><V58/><F129/><W123/><G123/><T37/><D10/><U69/><E125/><N who="0" m="48233" /><D120/><U51/><E15/><V23/><F127/><W46/><G26/><T99/><D99/><U103/><E31/><N who="0" m="11785" /><D84/><U117/><E32/><V90/><F72/><W35/><G35/><T121/><D121/><U8/><E8/><V86/><F74/><W39/><G76/><T109/><D109/><U14/><E14/><V63/><F110/><W41/><G41/><N who="0" m="22951" /><D37/><U43/><E43/><V19/><F44/><W66/><REACH who="3" step="1"/><G62/><AGARI ba="1,0" hai="53,57,62,118,119" m="22951,11785,48233" machi="62" ten="30,1000,0" yaku="18,1" doraHai="75" who="0" fromWho="3" sc="347,13,283,0,260,0,110,-13" /><INIT seed="2,0,0,4,0,108" ten="360,283,260,97" oya="2" hai0="36,105,96,27,9,71,7,131,44,92,40,78,80" hai1="12,32,107,119,120,77,118,51,11,89,101,2,132" hai2="130,1,135,129,124,109,88,121,18,57,59,45,14" hai3="104,38,113,73,79,0,94,95,122,68,55,33,100"/><V29/><F121/><W37/><G79/><T31/><D71/><U64/><E2/><V126/><F1/><W46/><G0/><N who="0" m="231" /><D105/><U86/><E132/><V13/><F29/><W69/><G33/><T93/><D96/><U116/><E32/><V66/><F109/><W103/><G104/><T87/><D87/><U114/><E120/><V76/><F76/><W16/><G122/><T115/><D131/><N who="2" m="50186" /><F45/><W56/><G46/><T5/><D5/><U20/><E77/><V6/><F6/><W15/><G15/><N who="2" m="5641" /><F18/><W83/><G83/><T3/><D3/><U75/><E75/><V35/><F35/><W53/><G56/><N who="2" m="21577" /><F66/><W84/><G84/><T22/><D78/><U91/><E64/><V58/><N who="2" m="21585" /><V19/><DORA hai="39" /><F19/><W60/><G16/><T125/><D31/><U128/><E128/><V8/><F8/><W82/><G82/><T72/><D44/><U81/><E11/><V99/><F135/><W10/><G10/><T110/><D110/><U54/><E12/><V112/><F112/><W106/><G106/><T21/><D115/><U63/><E114/><V49/><F49/><W127/><G113/><T30/><D30/><U34/><E34/><V98/><F88/><W28/><G28/><T23/><D21/><U117/><E91/><V52/><F52/><W133/><G133/><T17/><D22/><U70/><E20/><V102/><F102/><W65/><G65/><T25/><D17/><U48/><E118/><V97/><AGARI ba="0,0" hai="97,98,99,124,126" m="21585,5641,50186" machi="97" ten="50,9600,0" yaku="28,2,19,1" doraHai="108,39" who="2" fromWho="2" sc="360,-32,283,-32,260,96,97,-32" /><INIT seed="2,1,0,3,1,93" ten="328,251,356,65" oya="2" hai0="109,91,110,49,115,44,123,97,117,45,76,100,38" hai1="51,134,3,11,77,63,78,84,132,1,96,85,18" hai2="89,16,47,95,23,113,58,54,122,92,37,69,19" hai3="106,71,41,62,66,87,131,90,53,111,14,25,112"/><V82/><F122/><W88/><G111/><N who="0" m="42507" /><D115/><U121/><E121/><V15/><F69/><W101/><G112/><T30/><D123/><U7/><E51/><V32/><F32/><W21/><G131/><T50/><D76/><N who="1" m="29291" /><E63/><V125/><F125/><W5/><G41/><T39/><D30/><U127/><E3/><V59/><F113/><W118/><G118/><T24/><D91/><U64/><E64/><V124/><F124/><W27/><G53/><N who="0" m="29863" /><D24/><U126/><E18/><V42/><F59/><W86/><G101/><T35/><D35/><U103/><E127/><V133/><F133/><N who="1" m="51305" /><E126/><V73/><F73/><W61/><G106/><AGARI ba="1,0" hai="1,7,11,84,85,96,103,106" m="51305,29291" machi="106" ten="30,2000,0" yaku="20,1,52,1" doraHai="93" who="1" fromWho="3" sc="328,0,251,23,356,0,65,-23" /><INIT seed="3,0,0,4,4,20" ten="328,274,356,42" oya="3" hai0="78,27,28,26,111,17,76,104,56,86,126,120,71" hai1="23,90,128,7,25,50,82,30,60,109,59,91,18" hai2="11,81,98,83,24,35,34,89,125,107,112,44,123" hai3="133,101,1,47,105,19,92,9,88,13,65,57,69"/><W43/><G133/><T12/><D71/><U116/><E109/><V41/><F112/><W95/><G69/><T64/><D120/><U100/><E128/><V118/><F118/><W10/><G105/><T135/><D104/><U33/><E116/><V58/><F123/><W8/><G1/><T122/><D122/><U68/><E68/><V94/><F125/><W115/><G115/><T53/><D28/><U96/><E50/><V84/><F107/><W102/><G92/><T75/><D75/><U48/><E48/><V70/><F70/><W85/><G65/><T14/><D126/><U108/><E7/><V62/><F11/><W97/><G57/><T5/><D64/><U134/><E108/><V51/><F24/><N who="0" m="9258" /><D111/><U93/><E82/><V119/><F83/><W113/><G113/><T130/><D135/><U16/><E134/><V49/><F49/><W4/><G85/><T2/><D86/><U73/><E73/><V80/><F80/><W3/><REACH who="3" step="1"/><G10/><REACH who="3" ten="328,274,356,32" step="2"/><N who="0" m="4175" /><D2/><U110/><E110/><V6/><F119/><W46/><G46/><T124/><D124/><U36/><E33/><V132/><F132/><W67/><G67/><T114/><D114/><U40/><E59/><V55/><F35/><W79/><G79/><T72/><D72/><U87/><E87/><V0/><F34/><W103/><G103/><T42/><D76/><U52/><E100/><N who="2" m="60503" /><F0/><W129/><G129/><T121/><D78/><U37/><E91/><V61/><F81/><W31/><G31/><T74/><D130/><U99/><E93/><V22/><F84/><W54/><G54/><T127/><D74/><RYUUKYOKU ba="0,1" sc="328,-10,274,-10,356,-10,32,30" hai3="3,4,8,9,13,19,43,47,88,95,97,101,102" /><INIT seed="3,1,1,0,4,132" ten="318,264,346,62" oya="3" hai0="16,133,24,130,94,42,84,126,93,59,44,40,88" hai1="3,70,43,75,67,131,33,114,102,129,123,118,78" hai2="103,90,6,82,115,99,17,10,85,55,113,35,26" hai3="50,49,28,108,53,62,34,116,14,51,18,54,98"/><W127/><G116/><T87/><D126/><U119/><E123/><V61/><F55/><W31/><G34/><T96/><D130/><N who="1" m="49675" /><E114/><V89/><F89/><W41/><G41/><N who="0" m="15979" /><D44/><U8/><E33/><V64/><F17/><W91/><G108/><T19/><D133/><U30/><E30/><N who="3" m="11306" /><G62/><T11/><D59/><U9/><E102/><V74/><F26/><W36/><G36/><T77/><D77/><U15/><E3/><V21/><F21/><N who="3" m="11479" /><G127/><T80/><D84/><U12/><E43/><V0/><F74/><W122/><G122/><T124/><D124/><U2/><E2/><V7/><F7/><W110/><G110/><T45/><D45/><U73/><E67/><V65/><F35/><W63/><G63/><T134/><D134/><U32/><E32/><V121/><F121/><W76/><G76/><N who="0" m="46471" /><D24/><U112/><E70/><V92/><F65/><W101/><G101/><N who="0" m="60559" /><D11/><N who="1" m="4171" /><E112/><V25/><F25/><W13/><G13/><N who="1" m="5194" /><E78/><V47/><F47/><W71/><G71/><AGARI ba="1,1" hai="0,6,10,61,64,71,82,85,90,92,99,103,113,115" machi="71" ten="30,1000,0" yaku="7,1" doraHai="132" who="2" fromWho="3" sc="318,0,264,0,346,23,62,-13" owari="318,11.8,264,-13.6,369,46.9,49,-45.1" /></mjloggm>