<mjloggm ver="2.3"><GO type="225" lobby="0"/><UN n0="%E3%83%97%E3%83%AC%E3%83%B4%E3%82%A1%E3%83%86%E3%82%A3" n1="%47%48%4F%53%54" n2="%70%68%65%6E%6F%6D%65" n3="%E8%83%83%E3%81%A8%E8%85%B8" dan="16,17,16,17" rate="2155.16,2285.99,2133.77,2234.32" sx="F,M,M,M"/><TAIKYOKU oya="0"/><INIT seed="0,0,0,1,1,47" ten="250,250,250,250" oya="0" hai0="27,102,36,13,98,18,58,23,100,68,79,6,0" hai1="83,61,130,2,40,35,107,94,20,14,133,50,101" hai2="60,53,25,85,74,9,126,3,105,62,119,88,95" hai3="4,71,42,52,72,106,82,10,19,28,113,103,21"/><T132/><D68/><U43/><E2/><V45/><F126/><W117/><G71/><T48/><D36/><U29/><E35/><V54/><F119/><W99/><G42/><T93/><D132/><U11/><E107/><V120/><F120/><W104/><G28/><T87/><D0/><U84/><E130/><V44/><F74/><W41/><G41/><T17/><D6/><U128/><E128/><V38/><F105/><W118/><G104/><T92/><D79/><N who="1" m="46207" /><E61/><V15/><F3/><W39/><G39/><T65/><D65/><U76/><E76/><V123/><F123/><W8/><G113/><T46/><D58/><U112/><E112/><V5/><F25/><W37/><G37/><T32/><D32/><U67/><E67/><V12/><F12/><W121/><G121/><T77/><D77/><U90/><E101/><V22/><F22/><W127/><G127/><T34/><D34/><U7/><E50/><N who="2" m="28871" /><F38/><W16/><G72/><T75/><D75/><U56/><E56/><V135/><F135/><W114/><G114/><T86/><D100/><U134/><E133/><V66/><F66/><W109/><G103/><T64/><D64/><U1/><E134/><V124/><F124/><W30/><G117/><T96/><D96/><N who="1" m="57431" /><E1/><V31/><F31/><W115/><G30/><T125/><D93/><U73/><E73/><V80/><F95/><W111/><G106/><T59/><D59/><U91/><E91/><V63/><F45/><W116/><G115/><T49/><D125/><U122/><E122/><V24/><F24/><AGARI ba="0,0" hai="7,11,14,20,24,29,40,43" m="57431,46207" machi="24" ten="30,1000,0" yaku="8,1" doraHai="47" who="1" fromWho="2" sc="250,0,250,10,250,-10,250,0" /><INIT seed="1,0,0,1,5,6" ten="250,260,240,250" oya="1" hai0="62,19,102,95,77,71,126,94,64,122,16,124,50" hai1="121,97,93,24,52,63,1,89,129,70,85,78,11" hai2="51,18,26,76,108,115,106,54,84,112,116,104,107" hai3="17,20,111,5,65,128,60,75,131,2,72,15,0"/><U105/><E121/><V22/><F116/><W48/><G111/><T88/><D122/><U10/><E129/><N who="3" m="49738" /><G48/><T12/><D77/><U117/><E117/><V53/><F108/><W27/><G75/><T81/><D81/><N who="1" m="47287" /><E70/><V57/><F76/><W67/><G72/><T45/><D102/><U135/><E1/><N who="3" m="618" /><G60/><T9/><D19/><U119/><E105/><V123/><F123/><W23/><G5/><T28/><D28/><AGARI ba="0,0" hai="15,17,20,23,27,28,65,67" m="618,49738" machi="28" ten="30,1000,0" yaku="19,1" doraHai="6" who="3" fromWho="0" sc="250,-10,260,0,240,0,250,10" /><INIT seed="2,0,0,5,1,85" ten="240,260,240,260" oya="2" hai0="80,70,20,58,118,74,98,64,119,78,103,75,44" hai1="97,62,95,115,25,120,27,86,9,46,124,87,23" hai2="33,128,22,2,133,71,73,102,37,56,116,68,30" hai3="51,40,36,106,126,42,111,122,7,132,63,113,101"/><V135/><F116/><W125/><G7/><T83/><D70/><U94/><E115/><V99/><F128/><W55/><G101/><T13/><D44/><U3/><E120/><V81/><F2/><W6/><G6/><T47/><D47/><U105/><E124/><N who="3" m="47722" /><G106/><T49/><D20/><U129/><E105/><N who="2" m="63711" /><F37/><W57/><G122/><T10/><D49/><U90/><E129/><V21/><F56/><N who="3" m="32895" /><G113/><T14/><D58/><U39/><E9/><V130/><F130/><W77/><G77/><T16/><D64/><U12/><E3/><V91/><F33/><W93/><G93/><T82/><D14/><U29/><E95/><V121/><F121/><W107/><G107/><T34/><D34/><U50/><E39/><V43/><F43/><W31/><G31/><T5/><D5/><U76/><E76/><N who="2" m="44175" /><F91/><W60/><G36/><T100/><D78/><U26/><E62/><V134/><F22/><W79/><G79/><T15/><D103/><U38/><E38/><V48/><F48/><W131/><G131/><T45/><D45/><U61/><E61/><V84/><F84/><N who="1" m="32297" /><E12/><V127/><F127/><W59/><G60/><T53/><D15/><U117/><E117/><N who="0" m="44553" /><D53/><AGARI ba="0,0" hai="23,25,26,27,29,46,50,53,90,94,97" m="32297" machi="53" ten="30,2000,0" yaku="8,1,52,1" doraHai="85" who="1" fromWho="0" sc="240,-20,260,20,240,0,260,0" /><INIT seed="3,0,0,4,5,76" ten="220,280,240,260" oya="3" hai0="135,94,23,97,4,91,101,18,66,33,58,52,78" hai1="112,128,111,10,70,30,13,16,3,79,120,8,0" hai2="21,5,36,65,129,61,19,123,1,51,60,125,53" hai3="77,99,71,46,84,106,133,96,20,24,103,83,130"/><W40/><G130/><T43/><D33/><U15/><E112/><V132/><F36/><W59/><G71/><T95/><D135/><U35/><E70/><V82/><F132/><W12/><G133/><T80/><D43/><U45/><E79/><V62/><F129/><W75/><G12/><T26/><D4/><N who="1" m="3271" /><E45/><V98/><F125/><W105/><G75/><T41/><D41/><U113/><E113/><V48/><F123/><W17/><G59/><T126/><D126/><U122/><E111/><V121/><F121/><N who="1" m="46697" /><E128/><V90/><F65/><W9/><G9/><T50/><D66/><U131/><E131/><V31/><F31/><W67/><G67/><T27/><D27/><AGARI ba="0,0" hai="0,3,8,15,16,27,30,35" m="46697,3271" machi="27" ten="30,3900,0" yaku="34,2,54,1" doraHai="76" who="1" fromWho="0" sc="220,-39,280,39,240,0,260,0" owari="181,-31.9,319,41.9,240,-16.0,260,6.0" /></mjloggm>