<mjloggm ver="2.3"><GO type="225" lobby="0"/><UN n0="%4B%2E%32%2E%4B%2E" n1="%E3%81%AF%E3%82%88%E3%81%8A%E3%81%98%E3%81%95%E3%82%93" n2="%E3%81%A0%E3%81%8A" n3="%E3%83%97%E3%83%92" dan="16,17,16,16" rate="2149.06,2226.57,2061.23,2166.31" sx="M,M,M,M"/><TAIKYOKU oya="0"/><INIT seed="0,0,0,0,2,11" ten="250,250,250,250" oya="0" hai0="42,135,15,54,78,76,56,127,98,29,22,71,38" hai1="133,109,99,87,112,128,10,69,3,81,105,77,0" hai2="13,106,70,18,122,117,24,52,123,53,21,114,46" hai3="20,5,44,103,75,31,74,48,41,102,47,129,84"/><T16/><D71/><U100/><E69/><V107/><F114/><W35/><G35/><T95/><D127/><U88/><E112/><V1/><F1/><W2/><G129/><T68/><D68/><U134/><E128/><V17/><F117/><W63/><G2/><T79/><D135/><N who="1" m="51723" /><E109/><V91/><F70/><W118/><G5/><T66/><D66/><U62/><E62/><V60/><F53/><W12/><G74/><T45/><D29/><U111/><E111/><V120/><F91/><W82/><G75/><T86/><D86/><N who="1" m="48431" /><E10/><V25/><F25/><W92/><G63/><T37/><D37/><U67/><E67/><V125/><F125/><W85/><G118/><T23/><D23/><U61/><E61/><V96/><F60/><W8/><G47/><T43/><D43/><U57/><E57/><V7/><F122/><W121/><G84/><T6/><D6/><U94/><AGARI ba="0,0" hai="0,3,87,88,94,99,100,105" m="48431,51723" machi="94" ten="30,2000,0" yaku="20,1,54,1" doraHai="11" who="1" fromWho="1" sc="250,-10,250,20,250,-5,250,-5" /><INIT seed="1,0,0,4,3,40" ten="240,270,245,245" oya="1" hai0="130,87,36,109,60,0,129,80,58,108,61,125,55" hai1="76,73,63,19,48,94,2,34,67,56,119,126,104" hai2="31,96,45,32,42,3,100,30,69,27,79,44,5" hai3="29,93,37,82,38,11,89,131,17,105,74,117,133"/><U22/><E104/><V86/><F69/><W116/><G105/><T84/><D0/><U26/><E119/><N who="3" m="45642" /><G131/><N who="0" m="50187" /><D125/><U123/><E123/><V57/><F31/><W118/><G29/><T59/><D36/><U68/><E2/><V70/><F70/><W135/><G82/><T25/><D25/><U33/><E126/><V97/><F57/><W88/><G74/><T72/><D72/><U132/><E132/><N who="3" m="50762" /><G89/><N who="0" m="51335" /><D87/><U99/><E76/><V53/><F86/><N who="3" m="52375" /><G118/><T91/><D91/><U98/><E73/><V90/><F79/><W121/><G121/><T85/><D85/><U122/><E122/><V114/><F90/><W134/><N who="3" m="50770" /><W106/><DORA hai="102" /><G106/><T66/><AGARI ba="0,0" hai="55,58,59,60,61,66,108,109" m="51335,50187" machi="66" ten="30,1100,0" yaku="19,1" doraHai="40,102" who="0" fromWho="0" sc="240,11,270,-5,245,-3,245,-3" /><INIT seed="2,0,0,4,4,111" ten="251,265,242,242" oya="2" hai0="26,5,132,104,60,123,62,102,22,91,66,94,7" hai1="20,87,99,27,70,9,17,103,80,49,129,97,61" hai2="45,6,36,38,126,37,56,78,108,106,89,131,31" hai3="128,133,42,13,119,11,116,73,41,51,44,114,3"/><V18/><F106/><W109/><G109/><T71/><D123/><U57/><E129/><V75/><F108/><W68/><G128/><T127/><D127/><U120/><E120/><V55/><F131/><W72/><G3/><T46/><D132/><U0/><E70/><V14/><F126/><W117/><G133/><T69/><D46/><U8/><E49/><V122/><F6/><W23/><G68/><T19/><D102/><U64/><E0/><V88/><F31/><W35/><G35/><T43/><D104/><U21/><E21/><V2/><F2/><W40/><G23/><T50/><D50/><U115/><E115/><V30/><F30/><W48/><G114/><T76/><D76/><U110/><E110/><V24/><F24/><W81/><G48/><T118/><D43/><U79/><REACH who="1" step="1"/><E99/><REACH who="1" ten="251,255,242,242" step="2"/><V59/><F122/><W130/><G130/><T86/><D118/><U121/><E121/><V84/><F36/><W77/><REACH who="3" step="1"/><G73/><REACH who="3" ten="251,255,242,232" step="2"/><T74/><D74/><U58/><E58/><V29/><F59/><W33/><G33/><T96/><D86/><U107/><AGARI ba="0,2" hai="8,9,17,20,27,57,61,64,79,80,87,97,103,107" machi="107" ten="20,5200,0" yaku="1,1,0,1,7,1,53,1" doraHai="111" doraHaiUra="63" who="1" fromWho="1" sc="251,-13,255,72,242,-26,232,-13" /><INIT seed="3,0,0,2,4,40" ten="238,327,216,219" oya="3" hai0="129,17,15,2,28,104,8,130,124,43,81,56,29" hai1="6,46,39,132,94,92,112,62,65,114,18,99,26" hai2="93,79,82,91,34,5,69,73,37,135,16,38,33" hai3="4,106,68,64,27,20,55,63,35,59,113,44,1"/><W133/><G113/><T66/><D124/><U0/><E132/><V61/><F135/><W60/><G133/><T117/><D117/><U36/><E6/><V128/><F5/><W134/><G134/><T70/><D70/><U47/><E0/><V107/><F107/><W41/><G106/><T119/><D119/><U42/><E39/><V25/><F128/><N who="0" m="49258" /><D43/><U102/><E47/><V53/><F33/><W57/><G35/><T88/><D104/><U71/><E94/><V22/><F34/><W87/><G87/><N who="0" m="50287" /><D2/><U48/><E36/><V98/><F69/><W103/><G103/><T31/><D56/><AGARI ba="0,0" hai="16,22,25,37,38,53,56,61,73,79,82,91,93,98" machi="56" ten="40,5200,0" yaku="25,2,54,1" doraHai="40" who="2" fromWho="0" sc="238,-52,327,0,216,52,219,0" owari="186,-31.4,327,42.7,268,6.8,219,-18.1" /></mjloggm>