<mjloggm ver="2.3"><GO type="225" lobby="0"/><UN n0="%E6%97%A5%E6%9B%9C%E6%97%A5%E3%82%88%E3%82%8A%E3%81%AE%E4%BD%BF%E8%80%85" n1="%E3%82%A2%E3%83%9E%E3%83%9D%EF%BD%9E%EF%BD%9E%E3%83%A9" n2="%E3%81%86%E3%83%BC%E3%81%B1%E3%83%BC" n3="%E5%AF%82%E5%AF%9E%E3%82%AE%E3%83%8D%E3%82%B9%E3%83%93%E3%83%BC%E3%83%AB" dan="18,17,16,16" rate="2160.30,2181.91,2146.77,2134.85" sx="M,M,F,M"/><TAIKYOKU oya="0"/><INIT seed="0,0,0,5,0,18" ten="250,250,250,250" oya="0" hai0="22,132,81,11,118,27,0,4,129,111,56,60,109" hai1="20,122,131,130,99,82,54,95,34,91,79,58,31" hai2="105,75,104,59,32,47,40,106,73,133,52,72,123" hai3="101,26,41,126,49,115,61,36,65,128,125,134,100"/><T57/><D118/><U50/><E34/><V92/><F32/><W45/><G115/><T19/><D129/><U84/><E84/><V116/><BYE who="1" /><F123/><W1/><G128/><T103/><D132/><U88/><E88/><V96/><F133/><W39/><G1/><T67/><D103/><UN n1="%E3%82%A2%E3%83%9E%E3%83%9D%EF%BD%9E%EF%BD%9E%E3%83%A9" /><U21/><E122/><V71/><F71/><N who="3" m="42415" /><G134/><T15/><D81/><U114/><E114/><V107/><F116/><W5/><G5/><T68/><REACH who="0" step="1"/><D0/><REACH who="0" ten="240,250,250,250" step="2"/><U28/><E131/><V127/><F107/><W51/><G100/><T23/><D23/><N who="1" m="8779" /><E130/><V85/><F106/><W83/><G101/><T37/><D37/><U7/><E82/><V35/><F105/><W87/><G39/><T29/><D29/><U94/><E94/><V70/><F104/><W3/><G3/><T6/><D6/><U117/><E117/><V43/><F92/><W102/><G102/><T55/><D55/><U10/><E79/><V74/><F35/><W38/><G36/><T17/><D17/><U77/><E77/><V110/><F72/><W120/><G120/><T2/><D2/><U25/><E25/><V42/><F74/><W93/><G26/><T69/><D69/><U78/><E78/><V16/><F70/><W64/><G93/><T30/><D30/><N who="1" m="11307" /><E7/><V135/><F75/><W98/><G83/><T124/><D124/><U113/><E113/><V62/><F127/><W48/><G126/><T119/><D119/><U66/><E66/><N who="2" m="39263" /><F73/><W33/><G125/><T86/><D86/><U76/><E76/><V46/><F85/><W112/><G87/><T80/><D80/><U90/><E90/><RYUUKYOKU ba="0,1" sc="240,15,250,15,250,-15,250,-15" hai0="4,11,15,19,22,27,56,57,60,67,68,109,111" hai1="10,50,54,58,91,95,99" /><INIT seed="0,1,1,4,1,84" ten="255,265,235,235" oya="0" hai0="79,116,57,96,9,37,109,70,32,89,91,132,18" hai1="90,131,73,55,125,50,97,1,88,4,133,40,0" hai2="22,82,29,93,3,6,59,75,38,16,100,65,54" hai3="42,68,120,123,114,92,112,20,110,47,46,78,11"/><T26/><D70/><U81/><E125/><V64/><F38/><W121/><G68/><T28/><D116/><U24/><E131/><V99/><F3/><W107/><G107/><T76/><D37/><U101/><E40/><V5/><F29/><W127/><G127/><T119/><D119/><U19/><E133/><V83/><F75/><W122/><G110/><T130/><D130/><U72/><E72/><V105/><F105/><W113/><G78/><T80/><D132/><U56/><E73/><V61/><F83/><W85/><N who="3" m="30720" /><DORA hai="21" /><W49/><G11/><T13/><D109/><U33/><E4/><N who="2" m="1643" /><F82/><W86/><G92/><T98/><D57/><U53/><E53/><V39/><F39/><N who="3" m="21855" /><G20/><T134/><D134/><U74/><E74/><V14/><AGARI ba="1,1" hai="14,16,22,54,59,61,64,65,93,99,100" m="1643" machi="14" ten="30,2000,0" yaku="8,1,54,1" doraHai="84,21" who="2" fromWho="2" sc="255,-11,265,-6,235,33,235,-6" /><INIT seed="1,0,0,4,5,64" ten="244,259,268,229" oya="1" hai0="78,55,77,133,127,69,50,54,112,6,60,19,5" hai1="105,35,75,23,37,122,70,113,25,121,53,101,81" hai2="16,1,34,46,97,52,65,115,63,124,38,30,125" hai3="9,134,36,86,118,20,32,7,74,31,67,102,41"/><U114/><E53/><V108/><F1/><W119/><G74/><T99/><D112/><U47/><E23/><V129/><F115/><N who="1" m="44041" /><E101/><V100/><F129/><W90/><G32/><T72/><D127/><N who="2" m="48714" /><F108/><W24/><G134/><T71/><D133/><U85/><E85/><V135/><F135/><W66/><G102/><T126/><D126/><U8/><E8/><V84/><F84/><W4/><G36/><T0/><D19/><U39/><E105/><N who="2" m="63631" /><F16/><N who="3" m="12295" /><G41/><T79/><D72/><U109/><E109/><V49/><F38/><W42/><G42/><T131/><D131/><U33/><E39/><V62/><F65/><N who="3" m="24587" /><G9/><T76/><D0/><U68/><E37/><V13/><F13/><W15/><G31/><T40/><D40/><U61/><E25/><AGARI ba="0,0" hai="25,30,34,46,49,52,62,63" m="63631,48714" machi="25" ten="30,2000,0" yaku="18,1,54,1" doraHai="64" who="2" fromWho="1" sc="244,0,259,-20,268,20,229,0" /><INIT seed="2,0,0,3,3,35" ten="244,239,288,229" oya="2" hai0="130,122,51,11,41,31,42,133,64,14,10,83,45" hai1="90,124,0,125,39,37,76,66,96,63,132,126,74" hai2="111,85,72,9,75,103,32,33,12,7,99,116,4" hai3="115,17,135,58,112,57,117,36,93,2,47,128,129"/><V49/><F116/><W78/><G117/><T54/><D122/><U28/><E132/><V68/><F68/><W61/><G78/><T20/><D133/><U27/><E0/><V22/><F111/><W87/><G135/><T120/><D120/><U69/><E90/><V1/><F85/><W19/><G2/><T109/><D109/><U29/><E96/><V38/><F38/><N who="1" m="14345" /><E27/><V123/><F123/><W101/><G47/><T25/><D130/><N who="3" m="50281" /><G36/><T134/><D134/><U119/><E119/><V79/><F49/><W67/><G57/><T86/><D64/><U56/><E56/><V55/><F55/><W40/><G40/><T113/><D113/><N who="3" m="43593" /><G87/><T23/><D23/><U16/><E76/><V8/><F22/><W89/><G89/><N who="0" m="51423" /><D10/><U95/><E74/><V121/><F121/><W46/><G46/><T114/><D114/><U110/><E110/><V91/><F91/><W30/><G30/><T62/><D62/><U102/><E29/><V94/><REACH who="2" step="1"/><F79/><REACH who="2" ten="244,239,278,229" step="2"/><W65/><G65/><T34/><D34/><AGARI ba="0,1" hai="1,4,7,8,9,12,32,33,34,72,75,94,99,103" machi="34" ten="40,7700,0" yaku="1,1,2,1,52,1,53,0" doraHai="35" doraHaiUra="13" who="2" fromWho="0" sc="244,-77,239,0,278,87,229,0" /><INIT seed="2,1,0,3,3,39" ten="167,239,365,229" oya="2" hai0="52,84,88,132,59,47,95,19,34,4,20,31,68" hai1="7,126,45,127,24,28,109,29,91,63,73,48,90" hai2="49,18,12,97,16,14,3,17,67,53,0,10,128" hai3="6,38,72,50,115,64,121,30,61,129,69,65,113"/><V93/><F128/><W94/><G121/><T80/><D68/><U99/><E109/><V41/><F67/><W76/><G129/><T104/><D104/><U42/><E73/><V43/><F3/><W106/><G65/><T103/><D132/><U92/><E63/><V62/><F0/><W85/><G38/><T23/><D34/><U108/><E108/><V56/><F62/><W116/><G116/><T2/><D2/><U9/><E91/><N who="2" m="55487" /><F18/><W5/><G30/><T55/><D4/><U25/><E9/><AGARI ba="1,0" hai="9,10,12,14,16,17,41,43,49,53,56" m="55487" machi="9" ten="30,11600,0" yaku="8,1,52,2,54,1" doraHai="39" who="2" fromWho="1" sc="167,0,239,-119,365,119,229,0" /><INIT seed="2,2,0,4,2,56" ten="167,120,484,229" oya="2" hai0="34,70,57,109,84,90,86,38,131,47,51,93,37" hai1="75,1,11,107,40,113,8,77,22,49,89,9,92" hai2="132,87,116,73,88,54,71,96,7,10,105,130,6" hai3="0,134,76,48,95,67,102,53,120,94,30,100,74"/><V2/><F73/><W33/><G120/><T68/><D34/><U121/><E107/><V61/><F7/><W64/><G0/><T97/><D109/><U20/><E113/><V58/><F116/><W32/><G76/><T19/><D131/><U36/><E121/><V80/><F130/><W119/><G74/><T114/><D114/><U126/><E126/><V18/><F132/><W117/><G48/><T135/><D135/><U98/><E36/><V108/><F108/><W65/><G53/><T83/><D38/><U12/><E1/><V81/><F71/><W16/><G30/><T41/><D84/><U21/><E77/><V66/><F18/><W133/><G65/><T23/><D37/><U129/><E75/><V3/><F66/><W112/><G112/><T43/><D43/><U52/><E40/><V63/><F2/><W59/><G59/><T45/><D45/><N who="1" m="27695" /><E129/><V25/><F25/><W110/><G110/><T15/><REACH who="0" step="1"/><D57/><REACH who="0" ten="157,120,484,229" step="2"/><U50/><E50/><N who="2" m="31063" /><F87/><W39/><G39/><T60/><D60/><U101/><E101/><AGARI ba="2,1" hai="15,19,23,41,47,51,68,70,83,86,90,93,97,101" machi="101" ten="30,3900,0" yaku="1,1,7,1,53,1" doraHai="56" doraHaiUra="91" who="0" fromWho="1" sc="157,55,120,-45,484,0,229,0" /><INIT seed="3,0,0,3,4,37" ten="212,75,484,229" oya="3" hai0="30,93,108,6,124,83,5,24,53,19,42,54,118" hai1="63,26,41,91,115,87,89,50,31,44,133,28,126" hai2="92,29,58,46,101,97,18,134,17,39,12,130,10" hai3="67,25,49,116,81,79,74,38,98,106,100,57,105"/><W88/><G38/><T32/><D118/><U99/><E126/><V45/><F39/><W111/><G116/><T8/><D124/><U35/><E133/><V109/><F134/><W125/><G125/><T123/><D123/><U128/><E128/><V121/><F130/><W96/><G111/><T107/><D107/><U40/><E115/><V75/><F75/><W65/><G25/><T1/><D6/><U71/><E31/><V102/><F29/><W2/><G2/><T127/><D127/><U84/><E99/><V120/><F102/><W7/><G7/><T3/><D3/><U73/><E73/><V95/><F95/><W117/><G117/><T14/><D108/><U48/><E71/><V59/><F109/><W13/><G13/><T66/><D66/><U69/><E69/><V33/><F33/><W94/><REACH who="3" step="1"/><G105/><REACH who="3" ten="212,75,484,219" step="2"/><T56/><D1/><U47/><REACH who="1" step="1"/><E63/><REACH who="1" ten="212,65,484,219" step="2"/><V129/><F129/><W70/><G70/><T82/><D30/><U131/><E131/><V90/><F121/><W21/><G21/><T77/><D32/><U51/><E51/><V16/><F120/><W4/><G4/><T122/><D5/><U52/><E52/><AGARI ba="0,2" hai="49,52,57,65,67,74,79,81,88,94,96,98,100,106" machi="52" ten="40,7700,0" yaku="1,1,54,2,53,0" doraHai="37" doraHaiUra="22" who="3" fromWho="1" sc="212,0,65,-77,484,0,219,97" owari="212,-18.8,-12,-51.2,484,58.4,316,11.6" /></mjloggm>