<mjloggm ver="2.3"><GO type="225" lobby="0"/><UN n0="%73%73%6B%5F%66%72%65%65" n1="%E5%A4%9C%E3%81%AE%E3%82%AC%E3%82%B9%E3%83%91%E3%83%BC%E3%83%AB" n2="%E6%B0%B7%E5%B7%9D%E9%87%8C%E5%A5%88" n3="%72%69%6F%75%63%68%61%6E" dan="16,16,16,16" rate="2111.86,2124.21,2059.57,2153.41" sx="M,M,F,M"/><TAIKYOKU oya="0"/><INIT seed="0,0,0,0,2,107" ten="250,250,250,250" oya="0" hai0="83,110,64,57,120,131,6,5,127,18,52,21,87" hai1="133,84,106,134,30,122,45,132,46,35,37,33,36" hai2="92,101,28,100,22,0,113,50,39,32,103,26,27" hai3="98,135,55,128,81,43,118,47,12,8,23,63,11"/><T34/><D120/><U3/><E122/><V59/><F113/><W109/><G118/><T10/><D131/><U70/><E106/><V123/><F123/><W15/><G128/><T74/><D127/><U94/><E70/><V29/><F39/><N who="1" m="14921" /><E3/><V93/><F0/><W119/><G119/><T42/><D34/><N who="1" m="12811" /><E30/><V124/><F124/><W95/><G109/><T96/><D42/><U78/><E94/><V17/><F17/><W16/><G135/><T117/><D117/><U41/><E41/><V62/><REACH who="2" step="1"/><F50/><REACH who="2" ten="250,250,240,250" step="2"/><N who="3" m="27007" /><G81/><AGARI ba="0,1" hai="45,46,78,81,84,132,133,134" m="12811,14921" machi="81" ten="40,1300,0" yaku="20,1" doraHai="107" who="1" fromWho="3" sc="250,0,250,23,240,0,250,-13" /><INIT seed="1,0,0,2,3,11" ten="250,273,240,237" oya="1" hai0="25,47,1,110,6,123,117,12,41,79,115,84,73" hai1="118,33,35,96,64,57,20,34,95,86,97,21,59" hai2="124,85,67,62,28,63,61,78,51,81,114,72,37" hai3="30,104,16,54,45,42,98,48,125,80,69,122,111"/><U4/><E118/><V89/><F124/><W102/><G122/><T126/><D117/><U15/><E4/><V75/><F37/><W58/><G125/><T134/><D115/><U27/><E86/><V87/><F114/><W66/><G111/><T101/><D110/><U8/><E96/><V133/><F133/><W103/><G30/><T9/><D126/><U91/><E64/><V10/><F28/><W113/><G113/><T68/><D134/><U116/><E116/><V121/><F121/><W14/><G102/><T135/><D135/><U40/><E40/><V3/><F67/><W128/><G128/><T29/><D68/><U131/><E131/><V22/><F22/><W2/><G2/><T19/><D19/><BYE who="0" /><UN n0="%73%73%6B%5F%66%72%65%65" /><U120/><E120/><V77/><F51/><W94/><G80/><N who="0" m="47135" /><D73/><U44/><E44/><V92/><REACH who="2" step="1"/><F78/><REACH who="2" ten="250,273,230,237" step="2"/><W93/><G66/><T109/><D123/><U38/><E38/><V105/><F105/><W32/><G32/><T88/><D109/><U31/><E21/><V108/><F108/><W82/><G69/><T53/><D29/><U39/><E39/><V46/><F46/><W13/><G104/><T7/><D47/><U60/><E60/><V5/><AGARI ba="0,1" hai="3,5,10,61,62,63,72,75,77,81,85,87,89,92" machi="5" ten="30,4000,0" yaku="1,1,0,1,53,1" doraHai="11" doraHaiUra="74" who="2" fromWho="2" sc="250,-10,273,-20,230,50,237,-10" /><INIT seed="2,0,0,3,4,62" ten="240,253,280,227" oya="2" hai0="52,115,57,101,99,71,25,93,7,135,1,104,26" hai1="128,127,84,124,32,92,54,96,13,129,109,87,114" hai2="50,112,118,2,0,107,48,39,36,64,8,121,3" hai3="81,60,67,30,18,89,65,22,40,56,73,111,106"/><V6/><F112/><W100/><G111/><T69/><D115/><U35/><E114/><V49/><F118/><W70/><G30/><T42/><D135/><U80/><E109/><V134/><F134/><W110/><G110/><T59/><D42/><U28/><E13/><V77/><F121/><W19/><G40/><T38/><D38/><U5/><E5/><V130/><F130/><N who="1" m="50281" /><E54/><V113/><F113/><W116/><G116/><T91/><D1/><U103/><E87/><V23/><F107/><W85/><G73/><T4/><D71/><U102/><E102/><V79/><F23/><W88/><G106/><T123/><D69/><U31/><E31/><V83/><F64/><N who="3" m="24651" /><G70/><T68/><D68/><U15/><E15/><V78/><REACH who="2" step="1"/><F83/><REACH who="2" ten="240,253,270,227" step="2"/><N who="3" m="49215" /><G22/><T12/><D104/><U75/><E35/><V131/><F131/><W122/><G122/><T95/><D123/><U105/><E105/><V86/><F86/><N who="3" m="50383" /><G100/><T43/><D101/><U58/><E103/><V74/><F74/><W55/><AGARI ba="0,1" hai="18,19,55,56,60" m="50383,49215,24651" machi="55" ten="30,8000,1" yaku="8,1,52,3,54,1" doraHai="62" who="3" fromWho="3" sc="240,-20,253,-20,270,-40,227,90" /><INIT seed="3,0,0,2,5,4" ten="220,233,230,317" oya="3" hai0="119,113,12,30,93,102,59,41,26,90,2,120,56" hai1="63,20,89,82,68,57,43,15,34,124,118,3,129" hai2="58,18,55,87,48,98,51,123,23,80,52,94,65" hai3="42,54,106,130,47,112,32,103,1,44,39,109,73"/><W122/><RYUUKYOKU type="yao9" ba="0,0" sc="220,0,233,0,230,0,317,0" hai3="1,32,39,42,44,47,54,73,103,106,109,112,122,130" /><INIT seed="3,1,0,4,4,135" ten="220,233,230,317" oya="3" hai0="9,73,105,57,131,19,126,39,130,52,133,31,103" hai1="53,70,81,132,77,40,113,0,18,94,116,106,67" hai2="26,123,119,82,47,41,7,36,95,27,6,46,2" hai3="111,29,122,33,120,30,21,108,91,125,50,128,85"/><W121/><G125/><T84/><D126/><U14/><E113/><V89/><F119/><W17/><G128/><N who="0" m="49195" /><D133/><U78/><E0/><V42/><F123/><W49/><G33/><T15/><D73/><U134/><E106/><V99/><F82/><N who="3" m="49591" /><G29/><T110/><D110/><N who="3" m="42025" /><G30/><T34/><D39/><U35/><E116/><V61/><F61/><W8/><G8/><T44/><D31/><U60/><E35/><V24/><F2/><W45/><G45/><N who="2" m="16905" /><F36/><W96/><G96/><N who="0" m="61671" /><D34/><U16/><E132/><V86/><F99/><W38/><G38/><T4/><D44/><U23/><E134/><V107/><F107/><W11/><G11/><T43/><D43/><AGARI ba="1,0" hai="6,7,24,26,27,41,42,43,86,89,95" m="16905" machi="43" ten="30,1000,0" yaku="8,1" doraHai="135" who="2" fromWho="0" sc="220,-13,233,0,230,13,317,0" owari="207,-29.3,233,-16.7,243,4.3,317,41.7" /></mjloggm>