<mjloggm ver="2.3"><GO type="225" lobby="0"/><UN n0="%74%61%6B%75%61%6B%61" n1="%E3%81%82%E3%81%99%E3%81%AB%E3%82%83%E3%82%80" n2="%E7%B4%94%E6%BD%94%E3%83%94%E3%83%A9%E3%83%8B%E3%82%A2" n3="%E3%83%B4%E3%83%A0%EF%BC%99%E3%81%A6" dan="16,16,18,17" rate="2136.14,2129.57,2200.26,2149.22" sx="M,F,M,M"/><TAIKYOKU oya="0"/><INIT seed="0,0,0,3,2,116" ten="250,250,250,250" oya="0" hai0="58,15,112,107,44,27,135,14,109,68,99,72,87" hai1="110,31,11,105,90,20,49,115,118,129,85,62,69" hai2="22,0,59,21,89,2,95,106,16,42,84,1,130" hai3="134,113,64,66,4,7,76,104,24,91,29,54,128"/><T51/><D72/><U79/><E118/><V19/><F106/><W125/><G113/><T48/><D68/><U60/><E115/><V33/><F33/><W65/><G104/><T101/><D112/><U77/><E105/><V26/><F42/><W12/><G125/><T9/><D135/><U45/><E110/><V111/><F130/><W13/><G128/><T133/><D133/><U127/><E127/><V57/><REACH who="2" step="1"/><F111/><REACH who="2" ten="250,250,240,250" step="2"/><W25/><G134/><T17/><D109/><U46/><E129/><V78/><F78/><W73/><G76/><T92/><D107/><U37/><E77/><V55/><F55/><W121/><G73/><T124/><D124/><U39/><E79/><V119/><F119/><W34/><G54/><N who="0" m="32071" /><D87/><U18/><E85/><V61/><F61/><W5/><G64/><T41/><D9/><U86/><E11/><V47/><F47/><W80/><G65/><T126/><D126/><U35/><E45/><V28/><F28/><W3/><G66/><T32/><D32/><U122/><E46/><V56/><F56/><W120/><G29/><T6/><D6/><U71/><E35/><V53/><F53/><W88/><G34/><T52/><D41/><U83/><E31/><V36/><F36/><W97/><G5/><T81/><D81/><U131/><E83/><V123/><F123/><W102/><G80/><T98/><D98/><U38/><E122/><V23/><F23/><AGARI ba="0,1" hai="14,15,17,23,27,44,51,52,92,99,101" m="32071" machi="23" ten="30,2900,0" yaku="8,1,54,1" doraHai="116" who="0" fromWho="2" sc="250,39,250,0,240,-29,250,0" /><INIT seed="0,1,0,0,3,105" ten="289,250,211,250" oya="0" hai0="96,9,48,88,81,5,70,7,38,114,55,30,104" hai1="111,119,26,122,123,35,57,41,67,44,112,12,84" hai2="20,135,29,45,118,68,71,22,49,121,31,125,99" hai3="33,103,66,134,110,25,19,13,74,43,90,94,106"/><T80/><D38/><U69/><E119/><V132/><F121/><W58/><G110/><T4/><D70/><U65/><E111/><V21/><F118/><W54/><G134/><N who="2" m="51241" /><F99/><W116/><G116/><T129/><D114/><U1/><E1/><V131/><F125/><W42/><G66/><T89/><D30/><N who="2" m="11274" /><F131/><W117/><G25/><T39/><D39/><U32/><E57/><V36/><F36/><W127/><G33/><T93/><D129/><U63/><E26/><V53/><AGARI ba="1,0" hai="20,21,22,45,49,53,68,71" m="11274,51241" machi="53" ten="40,1500,0" yaku="20,1" doraHai="105" who="2" fromWho="2" sc="289,-8,250,-5,211,18,250,-5" /><INIT seed="1,0,0,3,0,87" ten="281,245,229,245" oya="1" hai0="72,23,109,67,9,75,13,99,64,38,25,42,65" hai1="114,92,34,28,26,128,129,82,122,85,24,52,133" hai2="90,33,41,81,10,62,98,31,135,131,117,58,2" hai3="15,110,120,91,78,77,61,125,116,37,55,60,4"/><U7/><E114/><V22/><F117/><W66/><G120/><T80/><D109/><U50/><E122/><V70/><F70/><W102/><G37/><T76/><D99/><U96/><E133/><V83/><F135/><W51/><G110/><T121/><D121/><U39/><E39/><V89/><F33/><W63/><G102/><T108/><D108/><U123/><E7/><V53/><F131/><N who="1" m="50249" /><E123/><V104/><F104/><W32/><G32/><T43/><D72/><U71/><E71/><V18/><F2/><W103/><G103/><T112/><D112/><U0/><E0/><V93/><F41/><W107/><G66/><T115/><D38/><U73/><E73/><V47/><F47/><W126/><G107/><T12/><D115/><U68/><E68/><V127/><F127/><W35/><G35/><T118/><D118/><U36/><E36/><V29/><F10/><N who="3" m="4551" /><G116/><T124/><D124/><N who="3" m="47721" /><G91/><T84/><D75/><U105/><E105/><V8/><F8/><W30/><G30/><N who="2" m="11273" /><F89/><W97/><G97/><T21/><D9/><U20/><E96/><V134/><F134/><W106/><G106/><T11/><D11/><U95/><E26/><AGARI ba="0,0" hai="18,22,26,53,58,62,81,83,90,93,98" m="11273" machi="26" ten="30,3900,0" yaku="25,1,8,1,52,1" doraHai="87" who="2" fromWho="1" sc="281,0,245,-39,229,39,245,0" /><INIT seed="2,0,0,3,1,87" ten="281,206,268,245" oya="2" hai0="68,112,21,118,97,95,19,1,114,80,81,27,77" hai1="7,48,71,6,93,46,20,45,34,22,65,82,100" hai2="25,50,94,23,90,85,83,47,12,58,132,98,89" hai3="51,52,16,26,8,105,37,91,57,15,60,56,18"/><V3/><F3/><W109/><G37/><T124/><D124/><U63/><E34/><V36/><F36/><W111/><G105/><T53/><D118/><U35/><E35/><V61/><F132/><W126/><G126/><T13/><D1/><U59/><E71/><V0/><F0/><W31/><G18/><T72/><D68/><U55/><E45/><V39/><F39/><W99/><G99/><T88/><D80/><U125/><E125/><V73/><F73/><W129/><G91/><T10/><REACH who="0" step="1"/><D53/><REACH who="0" ten="271,206,268,245" step="2"/><U106/><E82/><V104/><F104/><W9/><G129/><T41/><D41/><U74/><E106/><V119/><F119/><W69/><G69/><T116/><D116/><U49/><E74/><V96/><F12/><W102/><G109/><T134/><D134/><U130/><E130/><V62/><F58/><W78/><G111/><T28/><AGARI ba="0,1" hai="10,13,19,21,27,28,72,77,81,88,95,97,112,114" machi="28" ten="20,8000,1" yaku="1,1,0,1,7,1,52,1,54,1,53,0" doraHai="87" doraHaiUra="122" who="0" fromWho="0" sc="271,90,206,-20,268,-40,245,-20" /><INIT seed="3,0,0,1,4,54" ten="361,186,228,225" oya="3" hai0="71,100,9,31,97,135,114,57,129,74,59,76,60" hai1="56,117,5,32,79,47,80,82,11,27,58,78,88" hai2="42,20,18,103,63,2,29,61,84,36,62,95,15" hai3="105,16,4,75,44,35,66,83,92,104,6,125,37"/><W86/><G35/><T113/><D129/><U68/><E68/><V19/><F2/><W99/><G125/><T65/><D135/><U122/><E122/><V120/><F120/><W123/><G123/><T25/><D9/><U93/><E117/><V81/><F36/><W108/><G66/><T52/><D76/><N who="1" m="29227" /><E32/><V38/><F38/><W64/><G75/><T110/><D74/><U14/><E47/><V111/><F111/><W13/><G64/><T85/><D85/><N who="1" m="52367" /><E27/><N who="2" m="16615" /><F42/><W48/><G37/><T45/><D45/><U43/><E43/><V10/><F81/><AGARI ba="0,0" hai="5,11,14,56,58,80,81,82" m="52367,29227" machi="81" ten="30,7700,0" yaku="8,1,52,2,54,1" doraHai="54" who="1" fromWho="2" sc="361,0,186,77,228,-77,225,0" owari="361,46.1,263,6.3,151,-34.9,225,-17.5" /></mjloggm>