<mjloggm ver="2.3"><GO type="225" lobby="0"/><UN n0="%E3%83%AB%E3%83%9B%E3%83%B3%E3%83%87%E3%82%A3%E3%82%A8" n1="%E3%82%BC%E3%83%AB%E3%83%80%E3%81%AE%E4%BC%9D%E8%AA%AC" n2="%E6%B8%A9%E2%98%85%E6%83%85%E2%98%85%E6%8E%AA%E2%98%85%E7%BD%AE" n3="%E5%84%AA%40%41%42%43" dan="17,17,18,17" rate="2169.09,2190.92,2210.82,2157.06" sx="M,M,M,M"/><TAIKYOKU oya="0"/><INIT seed="0,0,0,4,2,64" ten="250,250,250,250" oya="0" hai0="46,30,113,22,23,86,35,49,14,19,95,134,56" hai1="32,135,33,114,3,45,29,120,67,79,88,102,110" hai2="39,125,52,10,5,122,68,131,83,97,44,92,101" hai3="34,132,63,66,106,28,59,16,111,107,96,80,126"/><T43/><D134/><U58/><E120/><V85/><F122/><W20/><G111/><T119/><D119/><U76/><E3/><V130/><F125/><W87/><G126/><T112/><D35/><U116/><E116/><V1/><F68/><W38/><G38/><T99/><D86/><U25/><E110/><V74/><F85/><W98/><G132/><T61/><D30/><U2/><E33/><V41/><REACH who="2" step="1"/><F52/><REACH who="2" ten="250,250,240,250" step="2"/><W71/><G98/><T27/><D113/><U118/><E114/><V53/><F53/><W54/><G96/><T18/><D112/><U127/><E127/><V11/><F11/><W60/><G34/><T90/><D56/><U37/><E118/><V4/><F4/><W55/><G54/><T124/><D124/><U13/><E58/><V70/><F70/><W109/><G109/><T21/><D61/><U26/><E135/><V108/><F108/><W94/><G94/><T24/><D23/><U72/><E32/><V78/><AGARI ba="0,1" hai="1,5,10,39,41,44,74,78,83,92,97,101,130,131" machi="78" ten="30,7900,0" yaku="1,1,0,1,25,2,53,0" doraHai="64" doraHaiUra="15" who="2" fromWho="2" sc="250,-39,250,-20,240,89,250,-20" /><INIT seed="1,0,0,0,1,0" ten="211,230,329,230" oya="1" hai0="124,128,62,8,132,34,88,102,97,55,16,2,24" hai1="99,25,106,27,91,58,63,94,118,50,127,70,112" hai2="28,125,121,98,1,67,31,23,9,3,79,71,18" hai3="37,72,44,123,52,43,21,130,109,96,111,113,57"/><U41/><E112/><V92/><F121/><W4/><G123/><T100/><D124/><U73/><E118/><V85/><F125/><W66/><G72/><T103/><D128/><U77/><E127/><V119/><F119/><W93/><G113/><T47/><D132/><U15/><E106/><V30/><F71/><W39/><G66/><T45/><D34/><U46/><E70/><V6/><F67/><W131/><G21/><N who="0" m="13351" /><D2/><U114/><E114/><V48/><F48/><N who="3" m="26655" /><G4/><T60/><D8/><U134/><E134/><V35/><F1/><W14/><G14/><T107/><D107/><U82/><REACH who="1" step="1"/><E15/><REACH who="1" ten="211,220,329,230" step="2"/><V5/><F3/><W26/><G131/><T74/><D74/><U10/><E10/><V83/><F9/><W53/><G130/><T7/><D7/><U68/><E68/><V86/><F6/><W54/><G111/><T126/><D126/><U129/><E129/><V78/><F5/><W19/><G109/><T80/><D80/><U120/><E120/><V69/><F83/><W95/><G95/><N who="0" m="56551" /><D62/><U110/><E110/><V133/><F69/><W32/><G93/><T49/><D60/><U40/><E40/><V13/><F133/><W33/><G33/><T101/><N who="0" m="25600" /><DORA hai="117" /><T38/><D38/><U89/><E89/><N who="2" m="55567" /><F35/><W76/><G32/><T81/><D81/><U65/><AGARI ba="0,1" hai="25,27,41,46,50,58,63,65,73,77,82,91,94,99" machi="65" ten="20,18000,2" yaku="1,1,0,1,7,1,53,3" doraHai="0,117" doraHaiUra="22,36" who="1" fromWho="1" sc="211,-60,220,190,329,-60,230,-60" /><INIT seed="1,1,0,4,2,29" ten="151,410,269,170" oya="1" hai0="89,23,37,57,31,85,122,34,53,111,45,62,0" hai1="22,95,1,131,7,87,56,76,35,48,66,32,82" hai2="132,21,33,40,106,73,24,120,93,46,90,134,43" hai3="109,81,19,119,12,51,64,14,117,58,97,84,49"/><U83/><E131/><V91/><F106/><W28/><G109/><T115/><D115/><U41/><E95/><V55/><F73/><W26/><G97/><T121/><D0/><U61/><E22/><V27/><F120/><N who="0" m="46186" /><D111/><U47/><REACH who="1" step="1"/><E83/><REACH who="1" ten="151,400,269,170" step="2"/><V135/><F21/><W96/><G81/><N who="0" m="49327" /><D23/><U18/><E18/><V8/><F93/><W75/><G19/><T6/><D6/><U74/><E74/><V54/><F135/><W92/><G75/><T50/><D31/><U118/><E118/><V79/><F134/><W70/><G28/><T129/><D129/><U3/><E3/><V17/><F17/><W116/><G92/><T110/><D110/><U63/><E63/><V105/><F132/><W2/><G2/><T94/><D94/><U107/><E107/><V5/><F105/><W36/><G119/><T25/><D25/><U101/><E101/><V67/><F5/><W9/><G26/><T104/><D104/><U98/><E98/><V20/><F20/><W15/><G96/><T127/><D127/><U10/><AGARI ba="1,1" hai="1,7,10,32,35,41,47,48,56,61,66,76,82,87" machi="10" ten="30,11700,0" yaku="1,1,0,1,52,2,53,0" doraHai="29" doraHaiUra="69" who="1" fromWho="1" sc="151,-40,400,130,269,-40,170,-40" /><INIT seed="1,2,0,4,5,120" ten="111,530,229,130" oya="1" hai0="75,130,78,64,44,27,10,87,21,76,38,89,4" hai1="98,133,42,108,11,126,26,100,54,80,114,124,36" hai2="113,101,119,116,94,61,72,70,5,83,134,25,93" hai3="74,103,18,57,2,8,17,79,109,84,30,65,77"/><U37/><E114/><V39/><F113/><W118/><G74/><T35/><D35/><U66/><E66/><V28/><F134/><W12/><G2/><T31/><D130/><U20/><E133/><V51/><F39/><W50/><G30/><T135/><D135/><U13/><E54/><V68/><F5/><W104/><G104/><T3/><D75/><U22/><E80/><V82/><F51/><W34/><G34/><T23/><D23/><U14/><E42/><V1/><F1/><W67/><G103/><T59/><D38/><U115/><E115/><V32/><F72/><W131/><G131/><T121/><D44/><U53/><E53/><V106/><F93/><W102/><G102/><T62/><REACH who="0" step="1"/><D121/><REACH who="0" ten="101,530,229,130" step="2"/><U45/><E20/><V123/><F32/><W110/><G118/><T24/><D24/><U33/><E45/><V46/><F46/><W88/><G50/><T16/><D16/><U92/><E33/><V117/><F25/><W128/><G18/><T86/><D86/><U111/><E36/><V15/><F123/><W107/><G128/><T73/><D73/><U49/><E49/><V40/><F117/><W55/><G17/><T43/><D43/><U29/><E37/><V127/><F40/><W52/><G84/><T105/><D105/><U125/><E11/><V47/><F119/><W19/><G107/><T9/><D9/><U63/><E63/><V129/><F106/><W7/><G8/><T112/><D112/><U90/><E100/><V91/><F129/><W95/><G19/><T132/><D132/><U60/><E26/><V69/><F101/><RYUUKYOKU ba="2,1" sc="101,30,530,-10,229,-10,130,-10" hai0="3,4,10,21,27,31,59,62,64,76,78,87,89" /><INIT seed="2,3,1,5,5,56" ten="131,520,219,120" oya="2" hai0="95,7,88,55,69,40,82,123,5,111,96,51,44" hai1="17,62,114,80,131,104,120,2,100,94,125,28,30" hai2="134,122,73,37,118,9,128,45,79,36,42,124,74" hai3="130,91,27,18,76,116,67,126,132,105,16,84,86"/><V38/><F118/><W107/><G116/><T13/><D111/><U8/><E104/><V89/><F122/><W58/><G126/><T25/><D123/><U32/><E120/><V11/><F124/><W85/><G130/><T6/><D69/><U113/><E125/><V83/><F128/><W61/><G132/><T102/><D13/><U81/><E131/><V19/><F74/><W14/><G76/><T133/><D133/><U35/><E94/><V47/><F134/><W12/><G27/><T119/><D119/><U41/><E41/><V129/><F129/><W4/><G4/><T48/><D25/><U70/><E100/><V20/><F89/><W1/><G1/><T46/><D82/><U127/><E127/><V101/><F101/><AGARI ba="3,1" hai="5,6,7,40,44,46,48,51,55,88,95,96,101,102" machi="101" ten="40,2600,0" yaku="8,1,54,1" doraHai="56" who="0" fromWho="2" sc="131,45,520,0,219,-35,120,0" /><INIT seed="3,0,0,0,5,43" ten="176,520,184,120" oya="3" hai0="117,95,100,98,132,71,111,129,119,81,35,13,112" hai1="65,76,62,40,33,106,133,49,57,48,86,19,12" hai2="124,92,38,30,126,74,23,15,32,88,116,29,103" hai3="120,9,11,96,94,18,58,72,97,114,47,64,45"/><W66/><G72/><T110/><D71/><U3/><E3/><V109/><F116/><N who="0" m="44618" /><D35/><U52/><E133/><V131/><F109/><N who="0" m="41482" /><D132/><U67/><E106/><V89/><F131/><W56/><G114/><T22/><D129/><U70/><E33/><V34/><F38/><W121/><G94/><T61/><D61/><U125/><E125/><N who="2" m="48235" /><F34/><W130/><G18/><N who="0" m="10575" /><D81/><N who="1" m="47399" /><E70/><V37/><F37/><W83/><REACH who="3" step="1"/><G130/><REACH who="3" ten="176,520,184,110" step="2"/><T84/><D84/><U68/><E19/><N who="2" m="10751" /><F74/><W79/><G79/><T41/><D112/><U108/><E108/><V14/><F92/><W107/><G107/><T21/><D95/><U115/><E115/><V99/><F30/><W36/><G36/><T55/><D98/><U26/><E68/><V39/><F39/><W127/><G127/><T87/><D100/><U46/><E67/><V44/><F103/><W4/><G4/><T5/><D5/><U118/><E65/><V63/><F99/><W77/><G77/><T17/><D87/><U6/><E118/><V20/><F89/><W85/><G85/><T105/><D105/><U16/><E16/><V27/><F88/><W0/><G0/><T73/><D73/><U102/><E102/><V123/><F29/><W93/><G93/><T101/><D101/><U24/><E6/><V78/><F78/><W69/><G69/><T82/><D82/><AGARI ba="0,1" hai="9,11,45,47,56,58,64,66,82,83,96,97,120,121" machi="82" ten="25,12000,1" yaku="1,1,22,2,52,2,53,0" doraHai="43" doraHaiUra="91" who="3" fromWho="0" sc="176,-120,520,0,184,0,110,130" /><INIT seed="3,1,0,1,4,122" ten="56,520,184,240" oya="3" hai0="111,63,94,88,130,16,19,67,35,53,118,29,81" hai1="54,132,51,112,46,133,61,117,25,30,97,32,129" hai2="78,102,48,93,10,74,37,47,110,87,11,123,109" hai3="1,98,27,49,119,95,69,9,3,113,121,135,40"/><W45/><G113/><T50/><D118/><U57/><E112/><V58/><F123/><W120/><G119/><T83/><D130/><U71/><E117/><V106/><F37/><W24/><G69/><T7/><D7/><U68/><E97/><N who="2" m="59695" /><F106/><W80/><G135/><N who="1" m="51786" /><E129/><V65/><F74/><W85/><G24/><T128/><D128/><U22/><E22/><V108/><F78/><W34/><G1/><T96/><D35/><U2/><E2/><V72/><F72/><W52/><G3/><T75/><D29/><U42/><AGARI ba="1,0" hai="25,30,32,42,46,51,54,57,61,68,71" m="51786" machi="42" ten="30,1100,0" yaku="20,1" doraHai="122" who="1" fromWho="1" sc="56,-4,520,14,184,-4,240,-6" owari="52,-44.8,534,63.4,180,-22.0,234,3.4" /></mjloggm>