<mjloggm ver="2.3"><GO type="225" lobby="0"/><UN n0="%E3%81%B5%E3%81%98%E3%81%8B%E3%81%A4" n1="%33%74%72%65%65" n2="%E4%BA%BA%E9%96%93%E3%83%81%E3%83%A3%E3%83%BC%E3%83%8F%E3%83%B3" n3="%E6%A1%90%E5%B4%8E%E5%8D%83%E6%A3%98" dan="17,16,16,16" rate="2192.00,2136.96,2103.43,2137.27" sx="M,F,M,M"/><TAIKYOKU oya="0"/><INIT seed="0,0,0,0,1,92" ten="250,250,250,250" oya="0" hai0="64,116,26,134,43,60,86,46,115,98,9,28,112" hai1="56,69,132,71,96,61,119,13,6,7,55,82,40" hai2="67,20,23,129,1,19,113,24,122,18,114,31,111" hai3="85,103,72,110,79,108,102,78,33,16,80,32,12"/><T130/><D116/><U117/><E119/><V35/><F67/><W127/><G127/><T97/><D134/><U22/><E117/><V70/><F70/><W17/><G85/><T73/><D73/><U5/><E132/><V87/><F87/><W95/><G79/><T68/><D130/><U10/><E82/><V58/><F58/><W107/><G107/><T133/><D133/><U14/><E40/><V59/><F59/><W21/><G17/><N who="2" m="6153" /><F122/><W81/><G81/><T126/><D126/><U89/><E22/><N who="2" m="8235" /><F1/><W48/><G48/><T53/><D9/><U104/><E10/><V105/><F105/><W57/><G57/><T99/><D86/><U120/><E120/><V45/><F45/><W75/><G75/><T27/><D53/><U91/><E71/><V30/><F129/><W84/><G72/><T94/><D94/><U8/><E8/><V0/><F0/><W76/><G78/><T118/><D118/><U125/><E69/><V29/><F111/><N who="3" m="42539" /><G102/><T34/><REACH who="0" step="1"/><D27/><REACH who="0" ten="240,250,250,250" step="2"/><U124/><E124/><V106/><F106/><W100/><G103/><T109/><D109/><U47/><E125/><V93/><F93/><W37/><G100/><T2/><D2/><U3/><E3/><V123/><F123/><W66/><G95/><T54/><D54/><U101/><REACH who="1" step="1"/><E47/><REACH who="1" ten="240,240,250,250" step="2"/><V50/><F113/><W4/><G80/><T88/><D88/><AGARI ba="0,2" hai="5,6,7,13,14,55,56,61,88,89,91,96,101,104" machi="88" ten="40,8000,1" yaku="1,1,2,1,52,1,54,1,53,0" doraHai="92" doraHaiUra="65" who="1" fromWho="0" sc="240,-80,240,100,250,0,250,0" /><INIT seed="1,0,0,0,2,92" ten="160,340,250,250" oya="1" hai0="53,86,77,30,129,23,74,134,104,25,75,125,8" hai1="100,11,98,70,135,10,87,93,95,80,19,60,27" hai2="79,65,37,36,112,50,14,78,115,76,42,108,4" hai3="121,58,128,69,17,132,67,2,16,89,72,63,127"/><U46/><E135/><V44/><F108/><W119/><G121/><T43/><D134/><U68/><E93/><V48/><F65/><W34/><G132/><T113/><D129/><U99/><E99/><V126/><F126/><W122/><G122/><T96/><D125/><U0/><E0/><V90/><F90/><W20/><G127/><T124/><D124/><U88/><E46/><V116/><F116/><W40/><G34/><T109/><D113/><N who="2" m="43594" /><F50/><W51/><G2/><T85/><D109/><U52/><E68/><V7/><F14/><W54/><G72/><T55/><D43/><U81/><E81/><V106/><F106/><W103/><G128/><T94/><D104/><U5/><E5/><AGARI ba="0,0" hai="4,5,7,36,37,42,44,48,76,78,79" m="43594" machi="5" ten="30,1000,0" yaku="11,1" doraHai="92" who="2" fromWho="1" sc="160,0,340,-10,250,10,250,0" /><INIT seed="2,0,0,0,1,78" ten="160,330,260,250" oya="2" hai0="85,126,43,120,44,97,122,103,69,100,63,16,99" hai1="31,28,68,58,98,30,91,132,60,118,108,10,94" hai2="25,40,76,101,54,134,11,65,82,71,42,104,6" hai3="121,127,130,93,129,46,20,56,80,22,70,74,24"/><V106/><F134/><W107/><G107/><T66/><D126/><U8/><E118/><V57/><F25/><W37/><G70/><T62/><D62/><U128/><E132/><V5/><F65/><W59/><G121/><T109/><D109/><U115/><E115/><V64/><F64/><W112/><G127/><T116/><D116/><U18/><E68/><V3/><F71/><W135/><G135/><T53/><D53/><N who="1" m="33871" /><E108/><V38/><F6/><W13/><G112/><T75/><D75/><U102/><E128/><N who="3" m="49258" /><G93/><T84/><D99/><U123/><E123/><V61/><F101/><W32/><G32/><T79/><D103/><U113/><E113/><V29/><F29/><N who="3" m="17543" /><G46/><T73/><D85/><U7/><E102/><V83/><F40/><W21/><G37/><T88/><D16/><U36/><E36/><V105/><REACH who="2" step="1"/><F76/><REACH who="2" ten="160,330,250,250" step="2"/><N who="3" m="44055" /><G13/><T77/><D122/><U111/><E7/><V117/><F117/><W81/><G22/><T26/><D120/><U41/><E41/><V131/><F131/><W23/><G21/><T67/><D73/><U90/><E111/><V9/><F9/><W72/><G23/><T87/><D26/><U0/><E8/><V48/><F48/><W34/><G34/><T119/><D67/><U133/><E133/><V45/><AGARI ba="0,1" hai="3,5,11,38,42,45,54,57,61,82,83,104,105,106" machi="45" ten="40,12000,1" yaku="1,1,0,1,52,2,53,1" doraHai="78" doraHaiUra="49" who="2" fromWho="2" sc="160,-40,330,-40,250,130,250,-40" /><INIT seed="2,1,0,0,3,90" ten="120,290,380,210" oya="2" hai0="82,99,8,27,51,97,49,56,66,4,32,58,29" hai1="103,11,63,116,33,89,6,15,83,41,78,110,42" hai2="92,54,119,94,127,24,91,19,12,31,28,88,96" hai3="10,100,47,131,102,2,108,30,77,109,53,26,121"/><V60/><F127/><W64/><G121/><T72/><D72/><U81/><E116/><V117/><F117/><W5/><G131/><T76/><D66/><U18/><E110/><N who="3" m="42602" /><G64/><T45/><D51/><U67/><E33/><V115/><F115/><W40/><G53/><T123/><D123/><U35/><E35/><V14/><F119/><W55/><G55/><T37/><D56/><N who="1" m="37351" /><E103/><V21/><F60/><W68/><G77/><T50/><D50/><U3/><E3/><V107/><F107/><W101/><G68/><T62/><D62/><U52/><E78/><V1/><F1/><W9/><G9/><T80/><D58/><U75/><E52/><V79/><F79/><W34/><G102/><T104/><D104/><U43/><E75/><V112/><F112/><W65/><G65/><T38/><D38/><AGARI ba="1,0" hai="2,5,10,26,30,34,38,40,47,100,101" m="42602" machi="38" ten="30,1000,0" yaku="14,1" doraHai="90" who="3" fromWho="0" sc="120,-13,290,0,380,0,210,13" /><INIT seed="3,0,0,0,1,88" ten="107,290,380,223" oya="3" hai0="23,83,91,15,71,101,109,4,73,46,104,59,78" hai1="49,72,77,47,102,22,42,80,60,79,110,103,20" hai2="32,7,13,56,84,96,126,5,123,120,119,118,121" hai3="18,132,133,30,54,105,129,82,100,29,21,44,66"/><W128/><G66/><T25/><D71/><U98/><E110/><V76/><F126/><W24/><G82/><T43/><D109/><U52/><E77/><V51/><F32/><W90/><G100/><T113/><D113/><U33/><E33/><V36/><F36/><W93/><G105/><T127/><D127/><U108/><E108/><V41/><F96/><N who="3" m="57399" /><G44/><T63/><D104/><U135/><E135/><N who="3" m="51786" /><G54/><T70/><D101/><U116/><E116/><N who="2" m="44587" /><F41/><W2/><G2/><T85/><D70/><U31/><E102/><V117/><F117/><W134/><N who="3" m="51794" /><W55/><DORA hai="62" /><G55/><T114/><D114/><U12/><E52/><N who="2" m="31775" /><F13/><W27/><G18/><T125/><D125/><U57/><E80/><AGARI ba="0,0" hai="5,7,76,80,84,120,121,123" m="31775,44587" machi="80" ten="40,2600,0" yaku="13,1,54,1" doraHai="88,62" who="2" fromWho="1" sc="107,0,290,-26,380,26,223,0" owari="107,-39.3,264,6.4,406,50.6,223,-17.7" /></mjloggm>