<mjloggm ver="2.3"><GO type="225" lobby="0"/><UN n0="%E3%81%8C%E3%81%9F" n1="%E4%BF%BA%E3%81%A8%E5%A6%96%E5%A4%A2" n2="%33%74%72%65%65" n3="%E3%83%89%E3%83%A9%E3%81%8F%E3%82%8C" dan="16,17,17,16" rate="2152.09,2202.08,2232.44,2115.93" sx="F,F,F,M"/><TAIKYOKU oya="0"/><INIT seed="0,0,0,2,2,58" ten="250,250,250,250" oya="0" hai0="18,81,6,98,7,67,77,26,48,113,96,87,109" hai1="114,103,80,30,116,130,117,36,32,57,56,105,110" hai2="122,82,97,22,126,12,118,49,107,42,43,71,99" hai3="112,74,29,78,93,47,25,106,94,51,73,89,101"/><T133/><D113/><U64/><E114/><V45/><F122/><W63/><G112/><T72/><D133/><U41/><E110/><V20/><F126/><W69/><G78/><T8/><D109/><U70/><E130/><V16/><F118/><W75/><G106/><T119/><D119/><U55/><E80/><V95/><F71/><W79/><G79/><T68/><D72/><U54/><E30/><V52/><F82/><W4/><G4/><T61/><D48/><N who="1" m="30791" /><E32/><V23/><F107/><W121/><G101/><T34/><D7/><U17/><E17/><V131/><F131/><W65/><G89/><T10/><D10/><U40/><E103/><N who="2" m="60863" /><F99/><W125/><G125/><T108/><D108/><U66/><E105/><V11/><AGARI ba="0,0" hai="11,12,16,20,22,23,42,43,45,49,52" m="60863" machi="11" ten="30,4000,0" yaku="8,1,54,2" doraHai="58" who="2" fromWho="2" sc="250,-20,250,-10,250,40,250,-10" /><INIT seed="1,0,0,1,5,49" ten="230,240,290,240" oya="1" hai0="72,66,55,129,70,42,107,24,102,13,121,113,4" hai1="14,74,122,67,85,29,41,62,86,75,83,54,5" hai2="106,43,30,2,51,7,87,27,118,64,117,116,100" hai3="95,78,40,8,76,82,31,39,11,88,38,1,110"/><U48/><E122/><V57/><F87/><W37/><G110/><T63/><D113/><U112/><E112/><V94/><F106/><W126/><G126/><T98/><D72/><U10/><E41/><V90/><F100/><W18/><G31/><T53/><D121/><U19/><E29/><V26/><F7/><W103/><G103/><T32/><D129/><U135/><E135/><V22/><F2/><W36/><G78/><T130/><D130/><U20/><E75/><V65/><F27/><W25/><G1/><T68/><D68/><U52/><E74/><V80/><F80/><W120/><G120/><T101/><D101/><U105/><E105/><V46/><F57/><W17/><G40/><T125/><D125/><U127/><E48/><V133/><F133/><W91/><G82/><T16/><D42/><U92/><E92/><V61/><F61/><W9/><G76/><T73/><D73/><U124/><E86/><V119/><F116/><W45/><G45/><T81/><D81/><U21/><E127/><V15/><F118/><W56/><G25/><T115/><D115/><U77/><E21/><N who="2" m="15695" /><F119/><W99/><N who="3" m="9216" /><DORA hai="108" /><W6/><G6/><T47/><D47/><U97/><E97/><N who="2" m="57559" /><F117/><W44/><G44/><T132/><D132/><U128/><E128/><V71/><F71/><W69/><G69/><T89/><D4/><U23/><E124/><V104/><F104/><W111/><G111/><T35/><D89/><U12/><REACH who="1" step="1"/><E23/><REACH who="1" ten="230,230,290,240" step="2"/><V58/><F22/><W79/><G79/><T96/><D96/><U0/><E0/><V33/><F43/><W93/><G99/><RYUUKYOKU ba="0,1" sc="230,-10,230,30,290,-10,240,-10" hai1="5,10,12,14,19,20,52,54,62,67,77,83,85" /><INIT seed="1,1,1,2,5,117" ten="220,260,280,230" oya="1" hai0="12,37,97,67,52,27,22,108,6,129,85,16,43" hai1="118,55,29,69,40,75,100,25,15,70,120,47,81" hai2="49,41,1,95,61,93,59,23,83,9,44,89,132" hai3="31,135,32,42,26,92,80,58,45,131,4,74,110"/><U30/><E118/><V71/><F71/><W57/><G131/><T126/><D129/><U112/><E112/><V39/><F132/><W105/><G105/><T38/><D108/><U5/><E55/><V104/><F104/><W24/><G110/><T98/><D126/><U86/><E100/><V11/><F39/><W50/><G135/><T46/><D37/><U77/><E75/><V122/><F122/><W78/><G4/><T3/><D3/><U68/><E120/><V73/><F1/><W20/><REACH who="3" step="1"/><G92/><REACH who="3" ten="220,260,280,220" step="2"/><T103/><D6/><U96/><E5/><V84/><F95/><W124/><G124/><T109/><D109/><U66/><E70/><V64/><F93/><W115/><G115/><T90/><D103/><U121/><E69/><V111/><F111/><W114/><G114/><T128/><D128/><U18/><E68/><V53/><F73/><W19/><AGARI ba="1,2" hai="19,20,24,26,31,32,42,45,50,57,58,74,78,80" machi="19" ten="20,2700,0" yaku="1,1,0,1,7,1,53,0" doraHai="117" doraHaiUra="133" who="3" fromWho="3" sc="220,-8,260,-14,280,-8,220,50" /><INIT seed="2,0,0,0,0,85" ten="212,246,272,270" oya="2" hai0="12,34,48,115,43,118,97,20,109,39,3,22,127" hai1="0,75,95,32,60,67,36,57,66,59,80,103,53" hai2="122,83,130,99,126,108,88,6,4,120,33,45,121" hai3="24,63,41,13,18,38,86,135,10,17,106,23,2"/><V105/><F33/><W119/><G119/><T71/><D115/><U42/><E32/><V82/><F45/><W117/><G117/><T29/><D118/><U30/><E30/><V72/><F4/><W110/><G106/><T28/><D39/><U96/><E0/><V55/><F55/><W104/><G104/><T134/><D71/><U132/><E132/><V58/><F58/><W46/><G135/><T31/><D3/><U77/><E42/><V52/><F52/><W70/><G110/><T74/><D134/><U133/><E133/><V49/><F49/><W44/><G44/><N who="0" m="25631" /><D74/><U7/><E7/><V35/><F6/><W124/><G124/><T90/><D109/><U113/><E36/><V123/><F35/><W112/><G2/><T78/><D34/><U54/><REACH who="1" step="1"/><E113/><REACH who="1" ten="212,236,272,270" step="2"/><V93/><F121/><W87/><G112/><T14/><D127/><U94/><E94/><V64/><F126/><W5/><G5/><T8/><D78/><U116/><E116/><V16/><F108/><W51/><G38/><T76/><D76/><U102/><E102/><V11/><F122/><W91/><G70/><T26/><D31/><U92/><E92/><V9/><F123/><W69/><G69/><T128/><D29/><U84/><E84/><V89/><F120/><W81/><G87/><T101/><D101/><U65/><E65/><V50/><F64/><W131/><G131/><T25/><D128/><U129/><E129/><V37/><F130/><W79/><G79/><T27/><D28/><U73/><E73/><V125/><F72/><W19/><G18/><N who="0" m="8455" /><D14/><U111/><E111/><RYUUKYOKU ba="0,1" sc="212,10,236,10,272,-30,270,10" hai0="20,22,25,26,27,90,97" hai1="53,54,57,59,60,66,67,75,77,80,95,96,103" hai3="10,13,17,19,23,24,41,46,51,63,81,86,91" /><INIT seed="3,1,1,3,3,37" ten="222,246,242,280" oya="3" hai0="65,56,96,33,19,42,108,15,77,51,48,131,70" hai1="117,103,111,50,21,5,10,100,43,47,97,116,85" hai2="126,11,86,59,17,107,71,73,45,105,75,104,38" hai3="80,7,69,61,36,26,94,41,40,130,74,79,82"/><W99/><G36/><T78/><D33/><U54/><E111/><V76/><F71/><W125/><G125/><T52/><D108/><U133/><E133/><V55/><F126/><W28/><G130/><T31/><D131/><U92/><E21/><V6/><F17/><W128/><G128/><T121/><D121/><U29/><E29/><V57/><F86/><W101/><G7/><T16/><D31/><U24/><E24/><V3/><F73/><W114/><G114/><T62/><D96/><U60/><E85/><V84/><F84/><W25/><G82/><T22/><REACH who="0" step="1"/><D19/><REACH who="0" ten="212,246,242,280" step="2"/><U39/><E116/><V89/><F89/><W23/><REACH who="3" step="1"/><G26/><REACH who="3" ten="212,246,242,270" step="2"/><T44/><AGARI ba="1,3" hai="15,16,22,42,44,48,51,52,56,62,65,70,77,78" machi="44" ten="30,12000,2" yaku="1,1,2,1,0,1,52,1,54,2,53,0" doraHai="37" doraHaiUra="87" who="0" fromWho="0" sc="212,153,246,-31,242,-31,270,-61" owari="365,46.5,215,1.5,211,-18.9,209,-29.1" /></mjloggm>