<mjloggm ver="2.3"><GO type="225" lobby="0"/><UN n0="%E3%82%A2%E3%82%A4%E3%82%B9%E3%83%86%E3%82%A3%E3%83%BC%E3%81%82%E3%81%B9" n1="%E6%B0%B7%E5%B7%9D%E9%87%8C%E5%A5%88" n2="%E5%BA%83%E7%80%AC%E5%BA%B7%E4%B8%80" n3="%68%6F%72%69%30%39%30%31" dan="16,16,16,16" rate="2093.12,2121.56,2125.37,2081.13" sx="M,F,M,M"/><TAIKYOKU oya="0"/><INIT seed="0,0,0,4,5,123" ten="250,250,250,250" oya="0" hai0="45,19,106,105,78,29,44,12,13,79,75,17,68" hai1="82,110,121,22,2,54,36,108,127,32,38,60,0" hai2="52,15,9,131,90,33,84,4,133,67,95,69,102" hai3="5,62,61,76,39,119,117,122,43,80,111,130,107"/><T72/><REACH who="0" step="1"/><D29/><REACH who="0" ten="240,250,250,250" step="2"/><U101/><E121/><V46/><F131/><W63/><G122/><T96/><D96/><U41/><E127/><V71/><F133/><W81/><G117/><T57/><D57/><U7/><E32/><V98/><F33/><W89/><G119/><T25/><D25/><U88/><E101/><V128/><F128/><W31/><G130/><T125/><D125/><U66/><E2/><V47/><F71/><AGARI ba="0,1" hai="12,13,17,19,44,45,68,71,72,75,78,79,105,106" machi="71" ten="25,18000,2" yaku="21,2,22,2,53,2" doraHai="123" doraHaiUra="10" who="0" fromWho="2" sc="240,190,250,0,250,-180,250,0" /><INIT seed="0,1,0,1,1,102" ten="430,250,70,250" oya="0" hai0="68,65,5,114,132,46,23,98,83,134,36,24,127" hai1="16,15,48,112,37,87,100,108,30,67,39,90,19" hai2="42,77,84,128,0,118,7,74,31,12,78,2,6" hai3="95,94,124,126,14,25,32,105,107,54,101,41,52"/><T45/><D114/><U43/><E112/><V13/><F74/><W129/><G129/><T121/><D121/><U62/><E108/><V79/><F128/><W96/><G41/><T133/><D127/><N who="3" m="48681" /><G14/><T51/><D5/><N who="2" m="1546" /><F84/><W44/><G94/><T122/><D122/><U28/><E100/><V58/><F58/><W1/><G1/><N who="2" m="617" /><F42/><W9/><G9/><T4/><D4/><U117/><E48/><V20/><F20/><W80/><G80/><T35/><D83/><U116/><E43/><V40/><F40/><W104/><G44/><T63/><D36/><U106/><E87/><V110/><F31/><AGARI ba="1,0" hai="25,31,32,52,54,95,96,101,104,105,107" m="48681" machi="31" ten="40,8000,1" yaku="18,1,52,3,54,1" doraHai="102" who="3" fromWho="2" sc="430,0,250,0,70,-83,250,83" owari="430,53.0,250,-15.0,-13,-51.3,333,13.3" /></mjloggm>