<mjloggm ver="2.3"><GO type="225" lobby="0"/><UN n0="%E3%82%B5%E3%83%AB%E3%82%B7%E3%83%B3" n1="%E6%97%A5%E6%9B%9C%E6%97%A5%E3%82%88%E3%82%8A%E3%81%AE%E4%BD%BF%E8%80%85" n2="%E5%B8%86%E7%AB%8B%E5%A4%8F%E8%A1%A3" n3="%E5%A4%8F%E9%88%B4%E9%88%B4%E5%A4%8F" dan="16,17,17,16" rate="2091.79,2161.57,2176.99,2118.45" sx="F,M,M,M"/><TAIKYOKU oya="0"/><INIT seed="0,0,0,1,3,114" ten="250,250,250,250" oya="0" hai0="93,27,44,98,59,13,24,30,9,122,11,125,29" hai1="119,83,18,113,35,34,128,56,79,77,71,15,76" hai2="53,78,117,74,88,43,42,45,21,97,8,33,132" hai3="120,32,101,105,92,91,80,63,28,126,121,31,47"/><T89/><D125/><U86/><E71/><V40/><F33/><W95/><G126/><T14/><D122/><N who="3" m="47209" /><G105/><T106/><D106/><U5/><E5/><V100/><F132/><W52/><G32/><T49/><D59/><U124/><E124/><V20/><F74/><W90/><G80/><T50/><D14/><U85/><E113/><V99/><F78/><W46/><G101/><T1/><D11/><U16/><E128/><V62/><F117/><W55/><G28/><N who="0" m="10859" /><D1/><U7/><E119/><V84/><F8/><W41/><G31/><T72/><D72/><U6/><E76/><V75/><F75/><W104/><G104/><T135/><D135/><U116/><E116/><V66/><F21/><W10/><G10/><T130/><D130/><U61/><E35/><V127/><F20/><W96/><G63/><T129/><D129/><U23/><E34/><V17/><F100/><W25/><G25/><N who="0" m="9803" /><D44/><U112/><E112/><V82/><F127/><W60/><G60/><T111/><D111/><U81/><REACH who="1" step="1"/><E18/><AGARI ba="0,0" hai="9,13,18,49,50,89,93,98" m="9803,10859" machi="18" ten="30,1500,0" yaku="8,1" doraHai="114" who="0" fromWho="1" sc="250,15,250,-15,250,0,250,0" /><INIT seed="0,1,0,4,2,66" ten="265,235,250,250" oya="0" hai0="28,30,116,84,103,4,131,85,87,75,46,107,102" hai1="90,12,83,123,34,81,23,48,125,57,35,6,108" hai2="3,24,129,43,134,100,104,61,73,13,80,54,25" hai3="38,45,133,118,50,20,76,62,22,126,135,74,69"/><T122/><D122/><U56/><E123/><V96/><F129/><W111/><G38/><T106/><D75/><U8/><E125/><V68/><F134/><N who="3" m="51211" /><G118/><T9/><D116/><U51/><E108/><V110/><F3/><W124/><G111/><T105/><D131/><U2/><E2/><V59/><F110/><W67/><G76/><T49/><D30/><U16/><E35/><V39/><F13/><W29/><G74/><T130/><D28/><U70/><E70/><V77/><F39/><W21/><G29/><T10/><D130/><U63/><E34/><V5/><F5/><W72/><G72/><T18/><D18/><U121/><E121/><V94/><F43/><AGARI ba="1,0" hai="20,21,22,43,45,50,62,67,69,124,126" m="51211" machi="43" ten="30,2000,0" yaku="20,1,52,1" doraHai="66" who="3" fromWho="2" sc="265,0,235,0,250,-23,250,23" /><INIT seed="1,0,0,4,0,107" ten="265,235,227,273" oya="1" hai0="101,94,77,18,37,52,67,76,129,95,99,32,109" hai1="85,41,104,75,115,113,121,83,2,24,78,7,29" hai2="131,49,19,23,102,36,122,100,133,124,70,12,63" hai3="48,106,8,6,82,4,105,91,72,116,118,87,25"/><U135/><E121/><V68/><F36/><W96/><G4/><T97/><D37/><U64/><E135/><V74/><F122/><W22/><G48/><T112/><D112/><U54/><E54/><V39/><F39/><W30/><G72/><T34/><D67/><U93/><E41/><V1/><F124/><W65/><G65/><T86/><D129/><U17/><E17/><V66/><F131/><W81/><G81/><T5/><D5/><U110/><E64/><V114/><F114/><W117/><REACH who="3" step="1"/><G96/><REACH who="3" ten="265,235,227,263" step="2"/><T134/><D99/><U128/><E115/><V42/><F74/><W20/><G20/><T119/><D97/><U11/><E113/><V90/><F49/><W21/><G21/><T61/><D61/><U53/><E128/><V56/><F42/><W62/><G62/><T45/><D34/><U73/><E110/><V132/><F1/><AGARI ba="0,1" hai="1,6,8,22,25,30,82,87,91,105,106,116,117,118" machi="1" ten="40,2600,0" yaku="1,1,12,1,53,0" doraHai="107" doraHaiUra="69" who="3" fromWho="2" sc="265,0,235,0,227,-26,263,36" /><INIT seed="2,0,0,4,1,50" ten="265,235,201,299" oya="2" hai0="52,21,83,93,7,105,10,6,26,109,76,89,46" hai1="18,22,24,108,27,99,82,66,45,119,80,134,104" hai2="29,43,74,38,54,102,37,0,39,101,9,17,47" hai3="35,97,121,13,98,135,60,127,114,77,112,116,91"/><V67/><F74/><W64/><G116/><T56/><D105/><U125/><E119/><V79/><F79/><W110/><G121/><T30/><D109/><U132/><E108/><V8/><F67/><W85/><G110/><T57/><D46/><U72/><E125/><V86/><F86/><W62/><G127/><T12/><D57/><U28/><E66/><V32/><F37/><W40/><G135/><N who="1" m="51754" /><E72/><V133/><F39/><W95/><G40/><T131/><D131/><U130/><E130/><V70/><F70/><N who="3" m="42247" /><G35/><T25/><D25/><U128/><E128/><V78/><F78/><W68/><G68/><T15/><D83/><N who="1" m="31787" /><E45/><V96/><F133/><W81/><G13/><N who="0" m="5335" /><D7/><U103/><E27/><V94/><F0/><W92/><G62/><N who="0" m="36103" /><D76/><U117/><E117/><V55/><F32/><W63/><G63/><T44/><D44/><U59/><E59/><V1/><F1/><W118/><G118/><T75/><D75/><U5/><E5/><V49/><F38/><W16/><G112/><T4/><D4/><U126/><E126/><V42/><F42/><W106/><G114/><T65/><D65/><U123/><E123/><V11/><F29/><AGARI ba="0,0" hai="18,22,24,28,29,99,103,104" m="31787,51754" machi="29" ten="30,1000,0" yaku="20,1" doraHai="50" who="1" fromWho="2" sc="265,0,235,10,201,-10,299,0" /><INIT seed="3,0,0,0,5,4" ten="265,245,191,299" oya="3" hai0="41,50,84,28,107,24,92,122,6,103,44,119,29" hai1="74,98,93,90,55,80,60,105,16,64,118,117,104" hai2="1,5,128,22,12,127,75,120,65,37,58,82,0" hai3="68,40,99,34,35,129,3,39,130,42,21,47,20"/><W110/><G110/><T88/><D122/><U71/><E55/><V111/><F120/><W26/><G3/><T102/><D119/><U132/><E132/><V33/><F33/><W27/><G68/><T31/><D6/><U73/><E73/><V11/><F111/><W45/><G99/><T89/><D107/><U69/><E69/><V25/><F127/><W36/><AGARI ba="0,0" hai="20,21,26,27,34,35,36,39,40,42,45,47,129,130" machi="36" ten="25,4800,0" yaku="0,1,22,2" doraHai="4" who="3" fromWho="3" sc="265,-16,245,-16,191,-16,299,48" owari="249,4.9,229,-17.1,175,-32.5,347,44.7" /></mjloggm>