<mjloggm ver="2.3"><GO type="225" lobby="0"/><UN n0="%E3%82%BC%E3%83%AB%E3%83%80%E3%81%AE%E4%BC%9D%E8%AA%AC" n1="%E9%A2%A8%E3%81%A7%E9%B3%B4%E3%81%8F" n2="%E3%81%B5%E3%81%98%E3%81%8B%E3%81%A4" n3="%E3%81%BF%E3%81%BF%E3%81%9A" dan="17,16,17,18" rate="2208.45,2111.79,2213.26,2240.50" sx="M,M,M,M"/><TAIKYOKU oya="0"/><INIT seed="0,0,0,5,4,22" ten="250,250,250,250" oya="0" hai0="50,98,103,33,53,100,91,81,106,124,78,26,117" hai1="21,44,133,132,27,24,128,38,75,49,126,25,16" hai2="30,79,3,58,12,28,56,125,101,97,104,39,94" hai3="120,69,65,60,90,71,63,87,102,4,114,34,115"/><T107/><D117/><U92/><E75/><V74/><F125/><W55/><G120/><T51/><D124/><U82/><E126/><V76/><F3/><W70/><G102/><T37/><D37/><U88/><E82/><V112/><F39/><W0/><G34/><T116/><D116/><U111/><E111/><V11/><F112/><W93/><G55/><T73/><D91/><U32/><E32/><V118/><F104/><W110/><G110/><T7/><D7/><U135/><E128/><V47/><F47/><W108/><G108/><T23/><D33/><U131/><E38/><V86/><F74/><W8/><REACH who="3" step="1"/><G60/><REACH who="3" ten="250,250,250,240" step="2"/><T89/><D53/><N who="1" m="29863" /><E131/><V29/><F118/><W31/><G31/><T45/><D45/><U9/><E9/><V109/><F109/><W72/><G72/><T10/><D10/><U5/><E5/><N who="2" m="3183" /><F76/><W105/><G105/><T17/><D89/><U59/><E59/><AGARI ba="0,1" hai="0,4,8,59,63,65,69,70,71,87,90,93,114,115" machi="59" ten="40,1300,0" yaku="1,1,53,0" doraHai="22" doraHaiUra="42" who="3" fromWho="1" sc="250,0,250,-13,250,0,240,23" /><INIT seed="1,0,0,4,1,46" ten="250,237,250,263" oya="1" hai0="108,113,7,121,59,111,120,73,86,45,61,84,77" hai1="32,127,131,52,54,37,55,63,53,80,27,9,130" hai2="17,68,93,71,60,118,132,33,64,72,85,58,16" hai3="70,117,97,28,95,25,119,69,24,74,56,49,11"/><U20/><E32/><V62/><F118/><N who="3" m="45067" /><G74/><T51/><D73/><U48/><E37/><V13/><F132/><W102/><G11/><T96/><D7/><U35/><E35/><V57/><F72/><W43/><G24/><T133/><D96/><U104/><E104/><V0/><F0/><W87/><G87/><T115/><D77/><U19/><E127/><V14/><F33/><N who="3" m="20623" /><G43/><N who="0" m="25023" /><D86/><U83/><E63/><V34/><F34/><W81/><G81/><T44/><D44/><U23/><E9/><V22/><F85/><W76/><G76/><T88/><D133/><U30/><E130/><V65/><REACH who="2" step="1"/><F93/><REACH who="2" ten="250,237,240,263" step="2"/><W91/><G91/><T107/><D107/><U79/><E131/><V124/><F124/><W5/><G5/><T67/><D113/><U82/><E79/><V50/><F50/><W109/><G109/><N who="0" m="42059" /><D115/><U42/><E42/><V39/><F39/><W47/><G95/><AGARI ba="0,1" hai="59,61,67,84,88,95,120,121" m="42059,25023" machi="95" ten="30,3900,0" yaku="14,1,52,1,54,1" doraHai="46" who="0" fromWho="3" sc="250,49,237,0,240,0,263,-39" /><INIT seed="2,0,0,1,4,80" ten="299,237,240,224" oya="2" hai0="58,83,52,131,69,105,11,125,75,46,116,71,127" hai1="120,124,64,122,106,0,5,49,30,130,123,24,26" hai2="57,4,84,79,39,102,21,42,76,78,43,110,48" hai3="3,91,67,70,15,73,2,87,65,45,56,23,98"/><V7/><F39/><W133/><G73/><T50/><D105/><U25/><E106/><V95/><F21/><W63/><G133/><T28/><D131/><U35/><E64/><V68/><F68/><W18/><G98/><T85/><D75/><U132/><E132/><V47/><F110/><W118/><G118/><T74/><D74/><U82/><E130/><V12/><F42/><W119/><G119/><T117/><D117/><U32/><E124/><N who="0" m="47689" /><D116/><U37/><E37/><V100/><F57/><W54/><G45/><T113/><D113/><U10/><E30/><V38/><F38/><W135/><G135/><T14/><D28/><U41/><E82/><V61/><F61/><W1/><REACH who="3" step="1"/><G70/><REACH who="3" ten="299,237,240,214" step="2"/><T101/><D46/><AGARI ba="0,1" hai="0,5,10,24,25,26,32,35,41,46,49,120,122,123" machi="46" ten="50,1600,0" yaku="13,1" doraHai="80" who="1" fromWho="0" sc="299,-16,237,26,240,0,214,0" /><INIT seed="3,0,0,0,3,116" ten="283,263,240,214" oya="3" hai0="131,66,18,118,21,129,41,58,128,83,85,86,49" hai1="38,115,94,125,40,28,30,44,127,50,10,14,15" hai2="79,112,78,106,101,120,76,24,97,72,95,93,20" hai3="27,99,102,123,134,8,110,13,122,17,12,6,53"/><W130/><G130/><T88/><D118/><U75/><E75/><V105/><F112/><W70/><G134/><T55/><D86/><U103/><E115/><V80/><F20/><W36/><G36/><T81/><D66/><U68/><E68/><V46/><F46/><W96/><G70/><T98/><D98/><N who="1" m="59863" /><E50/><V0/><F0/><W31/><G53/><T113/><D113/><U32/><E15/><V25/><F120/><W108/><G99/><T43/><D83/><U107/><E107/><N who="2" m="40971" /><F24/><AGARI ba="0,0" hai="18,21,24,41,43,49,55,58,81,85,88,128,129,131" machi="24" ten="40,2600,0" yaku="19,1,54,1" doraHai="116" who="0" fromWho="2" sc="283,26,263,0,240,-26,214,0" owari="309,40.9,263,6.3,214,-18.6,214,-28.6" /></mjloggm>