<mjloggm ver="2.3"><GO type="225" lobby="0"/><UN n0="%E3%82%82%E3%81%90%E3%82%89" n1="%E5%B8%86%E7%AB%8B%E5%A4%8F%E8%A1%A3" n2="%E3%82%B7%E3%83%B3%E5%A4%AA%E6%9C%97" n3="%E6%B8%A9%E2%98%85%E6%83%85%E2%98%85%E6%8E%AA%E2%98%85%E7%BD%AE" dan="17,16,16,17" rate="2185.04,2123.78,2193.70,2256.93" sx="F,M,M,M"/><TAIKYOKU oya="0"/><INIT seed="0,0,0,5,3,53" ten="250,250,250,250" oya="0" hai0="73,30,29,108,45,38,134,46,76,84,79,52,86" hai1="39,116,23,129,128,59,126,101,15,4,11,58,122" hai2="35,110,17,50,109,93,71,69,5,64,88,90,117" hai3="60,100,99,121,67,118,34,10,135,130,106,37,55"/><T6/><D134/><U36/><E116/><V18/><F117/><W94/><G118/><T107/><D107/><U113/><E101/><V12/><F35/><W2/><G135/><T114/><D114/><U124/><E122/><V77/><F77/><W111/><G121/><T19/><D6/><U78/><E78/><V41/><F5/><W105/><G111/><N who="2" m="42505" /><F64/><W123/><G123/><T22/><D108/><U72/><E72/><V25/><F90/><W42/><G130/><N who="1" m="50282" /><E113/><V33/><F50/><W63/><G34/><T56/><D38/><N who="1" m="14379" /><E23/><N who="2" m="13551" /><F41/><W7/><G42/><T83/><D73/><U21/><E21/><N who="2" m="11463" /><F33/><W98/><G37/><T28/><D46/><U44/><E44/><V20/><F20/><W48/><G63/><N who="0" m="36231" /><D45/><U40/><E40/><V1/><F1/><W125/><G125/><AGARI ba="0,0" hai="4,11,15,58,59,124,125,126" m="14379,50282" machi="125" ten="40,8000,1" yaku="18,1,19,1,52,2" doraHai="53" who="1" fromWho="3" sc="250,0,250,80,250,0,250,-80" /><INIT seed="1,0,0,4,4,40" ten="250,330,250,170" oya="1" hai0="75,66,87,98,38,88,8,109,106,67,128,135,117" hai1="92,132,21,32,131,30,42,63,113,72,46,133,0" hai2="58,69,91,24,2,85,34,107,48,3,18,60,31" hai3="116,71,112,120,59,45,15,79,49,56,43,111,108"/><U28/><E113/><V22/><F107/><W77/><G77/><T96/><D117/><U54/><E131/><V118/><F69/><W123/><G79/><T101/><D128/><U41/><E72/><V119/><F48/><W10/><G10/><T13/><D75/><U53/><E32/><V6/><F6/><W11/><G11/><T76/><D38/><U52/><E0/><V68/><F68/><W78/><G78/><T4/><D135/><N who="1" m="51787" /><E42/><V37/><F37/><W16/><G112/><T23/><D109/><N who="3" m="42057" /><G116/><T25/><D98/><U1/><E1/><V74/><F74/><W90/><G90/><T122/><D76/><U14/><E92/><V83/><F118/><W7/><G7/><T82/><REACH who="0" step="1"/><D122/><REACH who="0" ten="240,330,250,170" step="2"/><N who="3" m="46633" /><G71/><T94/><D94/><U121/><E121/><V26/><REACH who="2" step="1"/><F119/><REACH who="2" ten="240,330,240,170" step="2"/><W104/><G104/><T19/><AGARI ba="0,2" hai="4,8,13,19,23,25,66,67,82,87,88,96,101,106" machi="19" ten="20,8000,1" yaku="1,1,0,1,7,1,54,1,53,1" doraHai="40" doraHaiUra="12" who="0" fromWho="0" sc="240,100,330,-40,240,-20,170,-20" /><INIT seed="2,0,0,0,1,70" ten="340,290,220,150" oya="2" hai0="40,86,43,0,5,128,112,45,113,8,60,124,110" hai1="10,33,94,126,88,63,25,21,19,72,22,16,17" hai2="42,62,74,89,103,54,66,82,44,135,114,118,27" hai3="41,15,104,80,130,109,127,67,120,7,102,56,46"/><V87/><F135/><W83/><G120/><T95/><D110/><U2/><E72/><V20/><F118/><W75/><G109/><T26/><D128/><U117/><E117/><V29/><F114/><W18/><G130/><T48/><D124/><U1/><E126/><V13/><F74/><W125/><G7/><T38/><D60/><U71/><E71/><V134/><F134/><W6/><G6/><T28/><D95/><U73/><E73/><V90/><F103/><W107/><G67/><T36/><D86/><U78/><E78/><V91/><F13/><W65/><G65/><T81/><D81/><N who="3" m="31305" /><G56/><T11/><D11/><U101/><E101/><V55/><F54/><W119/><G102/><T58/><D58/><U59/><E33/><V123/><F55/><W51/><G75/><T77/><D77/><U93/><E93/><V31/><F31/><W85/><G85/><T84/><D84/><N who="1" m="52487" /><E1/><V12/><F12/><W24/><G119/><T9/><D9/><U129/><E129/><V105/><F105/><N who="3" m="40523" /><G24/><T35/><D48/><U37/><E2/><V61/><F123/><W32/><G32/><T96/><D96/><U50/><E50/><N who="2" m="26903" /><F66/><W39/><G51/><T121/><D121/><U116/><E116/><V4/><F4/><W132/><G132/><T68/><D68/><U122/><E122/><V111/><F111/><W100/><G100/><T30/><D30/><U133/><E133/><V47/><F47/><AGARI ba="0,0" hai="0,5,8,26,28,35,36,38,40,43,45,47,112,113" machi="47" ten="40,8000,1" yaku="9,1,23,2,52,2" doraHai="70" who="0" fromWho="2" sc="340,80,290,0,220,-80,150,0" /><INIT seed="3,0,0,2,1,11" ten="420,290,140,150" oya="3" hai0="116,6,88,86,82,45,67,46,53,56,74,31,62" hai1="128,91,76,16,13,131,44,119,36,4,115,28,78" hai2="130,105,14,69,133,15,84,99,68,117,7,70,114" hai3="35,27,77,85,38,18,129,50,65,100,79,107,75"/><W73/><G38/><T112/><D116/><U51/><E115/><V60/><F117/><W108/><G65/><T71/><D112/><U132/><E119/><V23/><F114/><W63/><G107/><T98/><D74/><U92/><E36/><V40/><F40/><W96/><G63/><T93/><D6/><U94/><E4/><V89/><F130/><N who="1" m="49705" /><E28/><V80/><F133/><W3/><G3/><T26/><D71/><U10/><E132/><V135/><F135/><W42/><G129/><T87/><D53/><N who="1" m="29927" /><E94/><V21/><F60/><W30/><G108/><T110/><D110/><U1/><E1/><V33/><F33/><W19/><G19/><T66/><D66/><U124/><E124/><V48/><F48/><W126/><G18/><T113/><D113/><U17/><E17/><V109/><F109/><W9/><G126/><T54/><D54/><U122/><E122/><V52/><F52/><W90/><G50/><T97/><D45/><U59/><E59/><V29/><F7/><W32/><G42/><T37/><D46/><U64/><E64/><V118/><F118/><W111/><G32/><T41/><D41/><U55/><E55/><V49/><F49/><W121/><G111/><T102/><D37/><U2/><E2/><V5/><F5/><W83/><G9/><T72/><D31/><U57/><E57/><V0/><F0/><W103/><G121/><T120/><D67/><U104/><E104/><V22/><REACH who="2" step="1"/><F29/><REACH who="2" ten="420,290,130,150" step="2"/><W24/><G24/><T106/><D26/><U12/><E12/><V47/><F47/><W8/><G79/><T95/><D62/><RYUUKYOKU ba="0,1" sc="420,-15,290,15,130,15,150,-15" hai1="10,13,16,76,78,91,92" hai2="14,15,21,22,23,68,69,70,80,84,89,99,105" owari="415,51.5,305,10.5,145,-25.5,135,-36.5" /></mjloggm>