<mjloggm ver="2.3"><GO type="225" lobby="0"/><UN n0="%33%74%72%65%65" n1="%E6%98%93%E5%88%A9%E8%96%A9%E4%BC%AF" n2="%E3%81%8B%E3%82%8F%E3%81%A1%E3%82%83%E3%82%93%35%38" n3="%E3%81%9F%E3%81%93%E2%98%86%E7%84%BC%E3%81%8D" dan="17,16,16,16" rate="2231.87,2126.12,2130.39,2075.98" sx="F,F,M,M"/><TAIKYOKU oya="0"/><INIT seed="0,0,0,0,4,0" ten="250,250,250,250" oya="0" hai0="10,20,102,30,90,50,107,91,59,54,134,124,103" hai1="26,47,80,51,34,68,75,99,130,69,23,85,56" hai2="11,46,49,111,45,61,18,123,7,119,94,92,109" hai3="83,70,31,110,63,28,131,95,106,62,97,52,15"/><T64/><D134/><U93/><E75/><V33/><F123/><W4/><G70/><T98/><D124/><U43/><E34/><V86/><F33/><W126/><G106/><T122/><D122/><U13/><E13/><N who="2" m="5375" /><F119/><W29/><G110/><N who="2" m="41993" /><F86/><W108/><G83/><T78/><D102/><U135/><E130/><V101/><F101/><W72/><G131/><T35/><D35/><U74/><E56/><V81/><F81/><W128/><G72/><T88/><D10/><U125/><E74/><V14/><F61/><W17/><G126/><T27/><REACH who="0" step="1"/><D64/><REACH who="0" ten="240,250,250,250" step="2"/><U3/><E135/><V48/><F48/><W6/><G108/><T112/><D112/><U1/><E125/><V16/><F49/><W5/><G128/><T113/><D113/><U114/><E114/><V24/><F46/><W82/><G52/><T67/><D67/><U127/><E127/><V96/><F45/><W79/><G63/><T132/><D132/><U121/><E121/><V71/><F71/><W104/><G62/><T115/><D115/><U22/><E69/><V133/><F133/><W21/><G104/><T41/><D41/><U116/><E68/><V32/><F32/><W40/><G40/><T66/><D66/><U9/><E43/><V87/><F96/><W8/><G8/><T44/><D44/><U38/><E99/><V19/><F24/><W36/><G97/><T105/><D105/><U89/><E26/><V55/><F55/><W117/><G36/><T65/><D65/><U2/><E38/><V76/><F14/><W12/><G15/><T84/><D84/><U58/><E85/><RYUUKYOKU ba="0,1" sc="240,15,250,-15,250,15,250,-15" hai0="20,27,30,50,54,59,78,88,90,91,98,103,107" hai2="16,18,19,76,87,92,94" /><INIT seed="0,1,1,3,2,9" ten="255,235,265,235" oya="0" hai0="54,4,20,2,132,52,57,95,88,68,104,99,49" hai1="26,100,44,108,12,107,8,48,25,81,105,96,116" hai2="126,13,17,85,128,37,42,30,36,75,87,127,61" hai3="130,109,66,112,134,93,28,69,46,62,47,114,102"/><T60/><D132/><U10/><E116/><V86/><F75/><W73/><G73/><T122/><D122/><U58/><E107/><V117/><F117/><W0/><G109/><T115/><D115/><U74/><E108/><V133/><F133/><W33/><G0/><T77/><D104/><U15/><E58/><V39/><F128/><W123/><G130/><T7/><D2/><U106/><E106/><V29/><F61/><W6/><G6/><T124/><D124/><N who="2" m="47658" /><F42/><W84/><G123/><T70/><D77/><U110/><E110/><V83/><F83/><W131/><G131/><T80/><D80/><U135/><E135/><V18/><F18/><W101/><G134/><T125/><D125/><U40/><E8/><AGARI ba="1,1" hai="8,13,17,29,30,36,37,39,85,86,87" m="47658" machi="8" ten="40,2600,0" yaku="18,1,52,1" doraHai="9" who="2" fromWho="1" sc="255,0,235,-29,265,39,235,0" /><INIT seed="1,0,0,2,2,47" ten="255,206,304,235" oya="1" hai0="37,64,12,54,98,113,38,26,120,124,130,9,58" hai1="74,32,127,122,106,91,29,90,15,27,103,17,20" hai2="19,76,46,95,72,28,86,92,16,60,107,57,84" hai3="83,131,75,134,10,69,0,22,85,43,34,2,129"/><U114/><E114/><V105/><F72/><W71/><G75/><T6/><D113/><U125/><E74/><V52/><F107/><W55/><G34/><T35/><D130/><N who="3" m="49673" /><G134/><T119/><D119/><U33/><E122/><V102/><F105/><W135/><G135/><T132/><D132/><U3/><E33/><V23/><F28/><W101/><G101/><T42/><D124/><N who="1" m="47691" /><E3/><N who="3" m="1066" /><G43/><T40/><D42/><U116/><E116/><V13/><F76/><N who="3" m="46311" /><G10/><T110/><D40/><U56/><E56/><V53/><F102/><W77/><G77/><T62/><D120/><U93/><E93/><N who="2" m="35915" /><F19/><W1/><N who="3" m="1074" /><W115/><DORA hai="94" /><G115/><T118/><D118/><U82/><E82/><V66/><F46/><W73/><G73/><T4/><D58/><U7/><E7/><V128/><F128/><W65/><G22/><T30/><D6/><U63/><E63/><V78/><F78/><W5/><G5/><T123/><D62/><U97/><AGARI ba="0,0" hai="15,17,20,27,29,32,90,91,97,103,106" m="47691" machi="97" ten="30,3000,0" yaku="18,1,52,1" doraHai="47,94" who="1" fromWho="1" sc="255,-10,206,30,304,-10,235,-10" /><INIT seed="1,1,0,1,4,81" ten="245,236,294,225" oya="1" hai0="68,122,134,26,102,44,14,41,126,118,94,80,104" hai1="36,112,40,42,125,128,57,135,67,47,76,46,62" hai2="19,2,49,21,77,39,31,86,66,32,34,85,7" hai3="120,113,65,53,51,88,60,58,107,13,108,16,8"/><U59/><E76/><V9/><F39/><W52/><G107/><T61/><D118/><U35/><E35/><V10/><F66/><W75/><G75/><T130/><D130/><U123/><E112/><V20/><F77/><W37/><G120/><T3/><D3/><U30/><E30/><V99/><F99/><W93/><G37/><T106/><D134/><U78/><E123/><V24/><F49/><W129/><G108/><T64/><D80/><U114/><E114/><V98/><F98/><N who="3" m="57639" /><G129/><T90/><D102/><U73/><E128/><V55/><F55/><W11/><G113/><T29/><D14/><U27/><E135/><V56/><F56/><N who="3" m="36999" /><G53/><T22/><D126/><U28/><E125/><V74/><F74/><W109/><G109/><T0/><D0/><U1/><E1/><V100/><F100/><W91/><G91/><T132/><D132/><U45/><E57/><V131/><F131/><W33/><G33/><T43/><D122/><U72/><E73/><V17/><F32/><W124/><G124/><T89/><D89/><U115/><E115/><V84/><F34/><W87/><G87/><T127/><D127/><U79/><E72/><V6/><F84/><W50/><G50/><T12/><D104/><U117/><E117/><V133/><F2/><W82/><G82/><T101/><D106/><U18/><E28/><V121/><F133/><W63/><G51/><T69/><D69/><U71/><E71/><V103/><F121/><W105/><G105/><T97/><D68/><U4/><E36/><V5/><F103/><W54/><G54/><T116/><D101/><RYUUKYOKU ba="1,0" sc="245,-10,236,-10,294,-10,225,30" hai3="8,11,13,16,52,58,63" /><INIT seed="2,2,0,2,4,41" ten="235,226,284,255" oya="2" hai0="32,69,92,19,106,86,125,127,34,124,33,98,57" hai1="62,55,135,71,132,31,97,22,78,72,104,82,90" hai2="0,42,108,119,51,134,25,56,50,43,65,18,37" hai3="47,73,103,8,14,88,85,109,63,68,11,112,13"/><V61/><F0/><W17/><G73/><T70/><D106/><U40/><E22/><V128/><F18/><W49/><G109/><T39/><D39/><U2/><E2/><V74/><F25/><W84/><G103/><N who="0" m="60871" /><D86/><U76/><E31/><V94/><F94/><W26/><G26/><T120/><D120/><U52/><E78/><V24/><F74/><W30/><G30/><T116/><D116/><U121/><E121/><V115/><F24/><W67/><G112/><T29/><D29/><U1/><E1/><V75/><F75/><W83/><G85/><T58/><D19/><U126/><E126/><V81/><F81/><W60/><G67/><T100/><D100/><N who="1" m="62479" /><E40/><N who="2" m="15403" /><F115/><W3/><G68/><AGARI ba="2,0" hai="32,33,34,57,58,68,69,70,124,125,127" m="60871" machi="68" ten="40,1300,0" yaku="18,1" doraHai="41" who="0" fromWho="3" sc="235,19,226,0,284,0,255,-19" /><INIT seed="3,0,0,3,1,117" ten="254,226,284,236" oya="3" hai0="39,98,32,53,96,6,85,97,41,74,68,111,46" hai1="94,37,1,78,81,21,64,122,88,38,19,49,3" hai2="118,55,34,26,99,61,84,119,66,8,83,132,104" hai3="102,110,128,127,92,131,100,54,80,36,7,17,121"/><W112/><G36/><T63/><D74/><U57/><E122/><V109/><F8/><W126/><G7/><T120/><D120/><U43/><E38/><V18/><F55/><W82/><G54/><T23/><D32/><U30/><E37/><V124/><F18/><W135/><G17/><T42/><D111/><U71/><E30/><N who="2" m="19799" /><F109/><W58/><G58/><T114/><D114/><U10/><E10/><V35/><F35/><W62/><G62/><T28/><D6/><U75/><E71/><N who="2" m="42447" /><F132/><W90/><G112/><T130/><D42/><U116/><E116/><V22/><F22/><W31/><G121/><T27/><D85/><N who="1" m="52495" /><E64/><V107/><F107/><W76/><G31/><T9/><D9/><U40/><E3/><V5/><F5/><W12/><G12/><T13/><D13/><N who="1" m="9455" /><E1/><V72/><F124/><N who="3" m="47659" /><G135/><T44/><D53/><AGARI ba="0,0" hai="40,43,49,53,57,75,78,81" m="9455,52495" machi="53" ten="30,2000,0" yaku="25,1,54,1" doraHai="117" who="1" fromWho="0" sc="254,-20,226,20,284,0,236,0" /><INIT seed="4,0,0,0,2,98" ten="234,246,284,236" oya="0" hai0="96,53,129,7,40,3,74,43,4,116,38,113,58" hai1="39,93,80,13,126,22,91,5,82,73,59,12,83" hai2="45,57,125,15,117,72,65,92,114,76,99,66,135" hai3="32,132,31,37,19,27,24,109,29,79,10,107,42"/><T47/><D116/><U11/><E39/><V61/><F72/><W46/><G109/><T119/><D119/><U67/><E126/><V110/><F117/><W0/><G79/><T133/><D113/><U87/><E73/><V120/><F110/><W115/><G115/><T35/><D129/><U90/><E67/><V88/><F114/><W63/><G132/><T6/><D133/><U48/><E91/><V17/><F135/><W60/><G107/><T33/><D3/><U44/><E59/><V128/><F125/><W112/><G112/><T75/><D43/><U118/><E118/><V85/><F128/><W134/><G134/><T70/><D70/><U36/><E36/><V21/><F120/><W102/><G102/><T54/><D54/><U26/><E13/><V30/><F45/><W84/><G84/><T49/><REACH who="0" step="1"/><D96/><REACH who="0" ten="224,246,284,236" step="2"/><U103/><E103/><V14/><F99/><W121/><G121/><T52/><D52/><U20/><E26/><V25/><F66/><W16/><G0/><T94/><D94/><U68/><E68/><V41/><F41/><AGARI ba="0,1" hai="5,11,12,20,22,41,44,48,80,82,83,87,90,93" machi="41" ten="40,1300,0" yaku="8,1" doraHai="98" who="1" fromWho="2" sc="224,0,246,23,284,-13,236,0" /><INIT seed="5,0,0,0,4,67" ten="224,269,271,236" oya="1" hai0="52,19,103,133,130,97,108,65,9,30,85,125,51" hai1="135,132,81,16,20,82,68,87,83,36,122,54,124" hai2="88,17,126,104,106,84,3,33,28,38,27,26,91" hai3="121,35,117,2,120,114,18,58,1,37,0,69,59"/><U41/><E122/><N who="3" m="47210" /><G35/><T23/><D108/><U12/><E68/><V22/><F126/><W73/><G37/><T5/><D125/><U46/><E124/><V109/><F109/><W61/><G18/><T102/><D30/><U111/><E111/><V55/><F3/><W92/><G92/><T63/><D130/><U57/><REACH who="1" step="1"/><E87/><REACH who="1" ten="224,259,271,236" step="2"/><V90/><F84/><W8/><G69/><T98/><D85/><U45/><E45/><V24/><F38/><W118/><G73/><T93/><D133/><U31/><E31/><V86/><F86/><W89/><G58/><T129/><D129/><U80/><N who="1" m="20480" /><DORA hai="6" /><U115/><E115/><V56/><F28/><W75/><G75/><T128/><D128/><U71/><E71/><V131/><F131/><W64/><G114/><T44/><D98/><U123/><E123/><V116/><F56/><W113/><G113/><T29/><D29/><U15/><E15/><V99/><F26/><W78/><G0/><T95/><D97/><U62/><AGARI ba="0,1" hai="12,16,20,36,41,46,54,57,62,132,135" m="20480" machi="62" ten="40,7800,0" yaku="1,1,0,1,54,1,53,0" doraHai="67,6" doraHaiUra="4,107" who="1" fromWho="1" sc="224,-26,259,88,271,-26,236,-26" owari="198,-30.2,347,44.7,245,4.5,210,-19.0" /></mjloggm>