<mjloggm ver="2.3"><GO type="225" lobby="0"/><UN n0="%E3%82%BF%E3%83%BC%E3%83%90%E3%83%B3%E9%87%8E%E5%8F%A3" n1="%73%6C%69%63%6B%33%31%39" n2="%E5%86%B7%E5%87%8D%E3%82%AE%E3%83%A7%E3%83%BC%E3%82%B6" n3="%E3%81%AF%E3%82%88%E3%81%8A%E3%81%98%E3%81%95%E3%82%93" dan="16,16,17,17" rate="2127.71,2073.89,2197.25,2216.06" sx="M,M,M,M"/><TAIKYOKU oya="0"/><INIT seed="0,0,0,4,3,26" ten="250,250,250,250" oya="0" hai0="42,32,20,128,17,131,73,120,91,117,14,33,36" hai1="135,21,92,8,79,18,37,27,78,69,130,12,28" hai2="83,124,102,11,84,57,23,122,96,50,100,113,80" hai3="107,1,48,13,35,46,10,112,66,118,116,85,109"/><T49/><D120/><U63/><E37/><V51/><F122/><W62/><G112/><T31/><D117/><U54/><E135/><V129/><F113/><W75/><G75/><T59/><D73/><U52/><E130/><N who="0" m="49705" /><D36/><U9/><E69/><V44/><F129/><W103/><G109/><T6/><D91/><U34/><E34/><N who="0" m="13417" /><D59/><N who="1" m="35303" /><E8/><V68/><F68/><W56/><G1/><T95/><D49/><U76/><E54/><N who="2" m="31959" /><F124/><W90/><G35/><T119/><D95/><AGARI ba="0,0" hai="9,12,18,21,27,28,76,78,79,92,95" m="35303" machi="95" ten="30,3900,0" yaku="8,1,52,1,54,1" doraHai="26" who="1" fromWho="0" sc="250,-39,250,39,250,0,250,0" /><INIT seed="1,0,0,5,0,28" ten="211,289,250,250" oya="1" hai0="20,89,85,135,75,58,8,91,30,120,46,134,71" hai1="4,86,47,17,97,40,109,34,105,13,62,123,115" hai2="29,121,57,49,70,116,95,1,124,100,98,39,36" hai3="27,131,26,84,76,72,88,2,78,81,79,51,25"/><U44/><E115/><V82/><F116/><W65/><G2/><T24/><D75/><U9/><E123/><V6/><F121/><W106/><G131/><T118/><D71/><U113/><E113/><V90/><F124/><W38/><G38/><T22/><D118/><U122/><E122/><V114/><F70/><W61/><G106/><T130/><D120/><U37/><E109/><V18/><F114/><W129/><G129/><T7/><D130/><U3/><E34/><V108/><F108/><W103/><G103/><T45/><D58/><U67/><E86/><V104/><F82/><W102/><G102/><T69/><D20/><U52/><E97/><V23/><F29/><W94/><REACH who="3" step="1"/><G51/><REACH who="3" ten="211,289,250,240" step="2"/><T133/><D69/><AGARI ba="0,1" hai="25,26,27,61,65,69,72,76,78,79,81,84,88,94" machi="69" ten="40,5200,0" yaku="1,1,2,1,54,1,53,0" doraHai="28" doraHaiUra="48" who="3" fromWho="0" sc="211,-52,289,0,250,0,240,62" /><INIT seed="2,0,0,2,5,45" ten="159,289,250,302" oya="2" hai0="11,55,46,2,54,133,129,20,87,103,101,36,119" hai1="118,121,113,112,88,89,0,60,63,50,117,22,57" hai2="41,10,128,105,72,26,75,135,132,13,97,38,114" hai3="1,94,77,96,3,62,98,108,99,110,65,44,78"/><V131/><F114/><N who="1" m="44137" /><E22/><V104/><F26/><W127/><G127/><T125/><D129/><N who="2" m="49738" /><F41/><W111/><G94/><T61/><D133/><N who="2" m="51274" /><F38/><W81/><G44/><T134/><D125/><U5/><E5/><V25/><F25/><W102/><G102/><T58/><D134/><U49/><E0/><N who="3" m="74" /><G81/><T27/><D119/><N who="1" m="45579" /><E121/><V115/><F115/><W16/><G16/><T14/><D2/><U30/><E30/><V39/><F39/><W48/><G48/><N who="1" m="18538" /><E57/><AGARI ba="0,0" hai="57,62,65,77,78,96,98,99,108,110,111" m="74" machi="57" ten="40,1300,0" yaku="14,1" doraHai="45" who="3" fromWho="1" sc="159,0,289,-13,250,0,302,13" /><INIT seed="3,0,0,1,4,82" ten="159,276,250,315" oya="3" hai0="12,0,29,89,9,117,14,111,127,30,120,50,72" hai1="97,76,39,93,122,105,116,6,54,66,31,23,21" hai2="99,73,48,134,65,1,60,125,63,52,114,69,110" hai3="40,11,128,119,24,4,98,96,59,58,104,86,102"/><W2/><G119/><T67/><D72/><U17/><E122/><V92/><F114/><W19/><G128/><T112/><D117/><U74/><E105/><V51/><F110/><W64/><G40/><T103/><D120/><U49/><E39/><V32/><F125/><W90/><G96/><T87/><D111/><U113/><E113/><V20/><F32/><W34/><G64/><T53/><D112/><U84/><E74/><V61/><F134/><W3/><G2/><T132/><D132/><U15/><E6/><V13/><F1/><W85/><G85/><T16/><D127/><U91/><E66/><V8/><F20/><W101/><G102/><T121/><D103/><U95/><E116/><V107/><F48/><W62/><G62/><T94/><D0/><U123/><E123/><V38/><F107/><W135/><G135/><T46/><D67/><U79/><E23/><V33/><F33/><W115/><G115/><T25/><D25/><U22/><E22/><V5/><F38/><W129/><G19/><N who="0" m="8591" /><D121/><U27/><E27/><V78/><F73/><W106/><G129/><T68/><D68/><U28/><E31/><V131/><F131/><W42/><G42/><T80/><D94/><U56/><E28/><V70/><F70/><W57/><G106/><T88/><D89/><AGARI ba="0,0" hai="15,17,21,49,54,56,76,79,84,89,91,93,95,97" machi="89" ten="30,8000,1" yaku="7,1,25,2,8,1,52,1" doraHai="82" who="1" fromWho="0" sc="159,-80,276,80,250,0,315,0" owari="79,-42.1,356,45.6,250,-15.0,315,11.5" /></mjloggm>