<mjloggm ver="2.3"><GO type="225" lobby="0"/><UN n0="%E6%81%A5%E6%99%92%E3%81%97" n1="%52%61%69%61%6E%2E" n2="%48%61%61%61%6C%61%6E%64" n3="%E3%83%81%E3%83%AF%E3%83%AF%E9%9A%8A%E9%95%B7" dan="16,16,18,16" rate="2094.22,2061.47,2177.52,2169.69" sx="M,M,M,M"/><TAIKYOKU oya="0"/><INIT seed="0,0,0,3,2,37" ten="250,250,250,250" oya="0" hai0="13,63,122,92,130,120,86,33,90,24,87,5,40" hai1="45,21,44,32,76,77,91,71,48,7,6,41,108" hai2="57,58,19,94,125,15,80,51,117,74,118,59,128" hai3="95,2,81,112,16,70,126,11,4,22,36,42,50"/><T61/><D130/><U46/><E32/><V10/><F128/><W62/><G112/><T119/><D119/><N who="2" m="45578" /><F125/><W25/><G126/><T73/><D73/><U35/><E35/><V12/><F94/><W100/><G36/><T55/><D120/><U84/><E71/><V123/><F123/><W107/><G107/><T106/><D106/><U101/><E101/><V132/><F132/><W34/><G34/><T56/><D122/><U52/><E21/><V113/><F113/><W38/><G38/><T85/><D63/><U114/><E108/><V104/><F104/><W1/><G1/><T65/><D55/><U17/><E17/><V23/><F51/><W72/><G100/><T103/><D103/><U29/><E29/><V27/><F10/><W9/><G9/><N who="0" m="4271" /><D33/><U99/><E99/><V69/><F69/><W89/><G70/><T135/><D24/><U0/><E114/><V111/><F111/><W127/><G127/><T3/><D3/><U78/><E0/><V116/><F116/><W47/><G62/><T131/><D135/><U96/><E96/><V83/><F74/><W75/><REACH who="3" step="1"/><G81/><AGARI ba="0,0" hai="12,15,19,23,27,57,58,59,80,81,83" m="45578" machi="81" ten="30,1000,0" yaku="12,1" doraHai="37" who="2" fromWho="3" sc="250,0,250,0,250,10,250,-10" /><INIT seed="1,0,0,1,5,124" ten="250,250,260,240" oya="1" hai0="97,80,101,10,78,72,119,31,113,47,59,2,58" hai1="9,102,52,12,20,0,127,53,69,24,104,66,122" hai2="62,120,37,71,98,44,16,25,84,129,99,93,133" hai3="41,87,74,8,128,121,112,116,103,35,46,92,111"/><U28/><E122/><V125/><F120/><W106/><G121/><T17/><D113/><U57/><E127/><V38/><F125/><W36/><G74/><T134/><D134/><U76/><E76/><V110/><F133/><W34/><G112/><T95/><D119/><U68/><E0/><V4/><F4/><W108/><G106/><T117/><D117/><U50/><E66/><V64/><F110/><N who="3" m="42027" /><G116/><T79/><D31/><U73/><E73/><V19/><F129/><W63/><G128/><T96/><D79/><U90/><E104/><V23/><F19/><W27/><G27/><T61/><D97/><U70/><E102/><V94/><F84/><W123/><G123/><T130/><D130/><U43/><E90/><V89/><REACH who="2" step="1"/><F44/><REACH who="2" ten="250,250,250,240" step="2"/><N who="3" m="23591" /><G87/><T131/><D131/><U5/><REACH who="1" step="1"/><E57/><REACH who="1" ten="250,240,250,240" step="2"/><V45/><F45/><AGARI ba="0,2" hai="5,9,12,20,24,28,43,45,50,52,53,68,69,70" machi="45" ten="40,7700,0" yaku="1,1,2,1,54,1,53,0" doraHai="124" doraHaiUra="107" who="1" fromWho="2" sc="250,0,240,97,250,-77,240,0" /><INIT seed="1,1,0,4,1,59" ten="250,337,173,240" oya="1" hai0="82,16,60,24,111,73,115,89,37,108,32,125,7" hai1="43,1,77,18,63,126,105,97,119,0,15,127,107" hai2="19,86,129,109,132,50,36,28,42,123,12,26,116" hai3="81,98,78,41,130,110,65,94,27,102,76,21,57"/><U72/><E43/><V117/><F123/><W64/><G130/><T121/><D115/><U93/><E119/><V70/><F129/><W30/><G110/><N who="0" m="42027" /><D121/><U53/><E77/><V128/><F128/><W118/><G118/><T90/><D37/><U122/><E72/><V2/><F36/><W31/><G41/><T62/><D125/><N who="1" m="47627" /><E122/><V120/><F120/><W13/><G30/><N who="0" m="19527" /><D7/><U45/><E45/><V106/><F109/><W66/><G13/><T34/><D34/><U114/><E114/><V5/><F5/><W124/><G124/><T14/><D73/><U96/><E96/><V104/><F117/><W20/><G20/><N who="0" m="11287" /><D90/><N who="1" m="55479" /><E53/><V25/><F116/><W17/><G78/><T56/><D56/><U74/><E74/><V71/><F42/><W44/><G44/><T58/><D58/><U135/><E135/><V40/><F132/><W49/><G57/><T46/><D46/><U47/><E47/><V103/><F40/><W8/><G64/><T91/><D91/><U6/><E6/><V79/><F79/><W35/><G76/><T101/><D101/><U52/><E52/><V84/><F103/><W133/><G102/><T67/><D67/><U55/><E55/><V100/><F100/><W68/><G133/><T87/><AGARI ba="1,0" hai="60,62,82,87,89" m="11287,19527,42027" machi="87" ten="30,7900,0" yaku="14,1,52,2,54,1" doraHai="59" who="0" fromWho="0" sc="250,82,337,-40,173,-21,240,-21" /><INIT seed="2,0,0,1,1,105" ten="332,297,152,219" oya="2" hai0="58,20,91,127,126,25,107,117,113,73,13,108,28" hai1="69,125,102,47,99,56,124,85,26,104,132,95,111" hai2="93,87,79,22,82,2,7,36,66,51,129,23,11" hai3="78,67,133,34,55,31,37,130,19,88,63,74,50"/><V44/><F129/><W86/><G37/><T64/><D113/><U45/><E69/><V89/><F66/><W96/><G130/><T15/><D108/><U109/><E56/><V71/><F71/><W35/><G133/><T118/><D73/><U39/><E26/><V60/><F60/><W80/><G31/><T103/><D91/><N who="1" m="53743" /><E132/><V40/><REACH who="2" step="1"/><F51/><REACH who="2" ten="332,297,142,219" step="2"/><W65/><G65/><T123/><D64/><U83/><E39/><V101/><F101/><W53/><G67/><T120/><D103/><U48/><E48/><V21/><F21/><W10/><G63/><T72/><D20/><U134/><E134/><V5/><F5/><W9/><G50/><T0/><D120/><U29/><E109/><V59/><F59/><W62/><G62/><T14/><D58/><U32/><E111/><V84/><AGARI ba="0,1" hai="2,7,11,22,23,36,40,44,79,82,84,87,89,93" machi="84" ten="20,3900,0" yaku="1,1,0,1,7,1,53,0" doraHai="105" doraHaiUra="122" who="2" fromWho="2" sc="332,-13,297,-13,142,49,219,-13" /><INIT seed="2,1,0,5,4,40" ten="319,284,191,206" oya="2" hai0="47,19,107,114,57,43,134,81,39,126,74,1,108" hai1="92,87,129,26,0,29,64,71,48,125,116,98,4" hai2="55,27,44,24,91,133,80,13,28,20,106,102,110" hai3="53,18,23,33,93,25,16,120,70,115,78,97,61"/><V132/><F110/><W118/><G120/><T75/><D114/><U117/><E48/><N who="2" m="29063" /><F106/><W131/><G118/><T63/><D126/><U60/><E125/><V83/><F102/><W127/><G127/><T17/><D1/><U103/><E129/><V42/><F42/><W67/><G131/><T77/><D134/><N who="2" m="51818" /><F13/><W21/><G115/><T52/><D108/><U58/><E71/><V22/><F91/><W111/><G111/><T65/><D107/><U89/><E0/><V54/><F54/><W105/><G105/><T31/><D65/><U69/><E4/><V7/><F7/><W94/><G53/><T135/><D135/><U15/><E15/><V36/><F36/><W88/><G78/><T62/><D75/><U3/><E69/><V72/><F72/><W90/><G90/><T5/><D5/><U109/><E3/><V76/><F76/><W10/><G70/><T100/><D100/><U113/><E109/><V123/><F123/><W46/><G67/><T79/><D77/><U85/><E113/><V130/><F130/><W8/><G88/><T82/><D79/><U112/><E112/><V30/><AGARI ba="1,0" hai="20,22,24,27,28,30,80,83" m="51818,29063" machi="30" ten="30,3000,0" yaku="20,1,52,1" doraHai="40" who="2" fromWho="2" sc="319,-11,284,-11,191,33,206,-11" /><INIT seed="2,2,0,0,2,77" ten="308,273,224,195" oya="2" hai0="72,45,41,74,51,27,96,88,115,81,131,29,125" hai1="113,67,5,132,104,16,9,2,43,129,21,80,56" hai2="92,38,49,66,23,34,99,105,10,114,101,60,76" hai3="109,68,98,94,119,30,42,123,91,55,31,1,46"/><V93/><F114/><W121/><G119/><T17/><D115/><U65/><E113/><V130/><F38/><W62/><G1/><T118/><D118/><U3/><E104/><V19/><F34/><W50/><G109/><T117/><D117/><U126/><E2/><V70/><F130/><W59/><REACH who="3" step="1"/><G68/><REACH who="3" ten="308,273,224,185" step="2"/><T53/><D131/><U22/><E129/><V25/><F10/><W64/><G64/><T120/><D120/><AGARI ba="2,1" hai="30,31,42,46,50,55,59,62,91,94,98,120,121,123" machi="120" ten="40,2600,0" yaku="1,1,53,1" doraHai="77" doraHaiUra="54" who="3" fromWho="0" sc="308,-32,273,0,224,0,185,42" /><INIT seed="3,0,0,2,1,41" ten="276,273,224,227" oya="3" hai0="127,37,97,116,15,48,84,95,115,23,62,77,20" hai1="122,112,17,0,121,124,100,47,12,60,54,7,1" hai2="74,117,91,46,51,125,58,18,107,132,71,66,39" hai3="92,67,5,94,40,118,119,103,36,135,57,63,43"/><W33/><G33/><T82/><D116/><U83/><E112/><V78/><F117/><W16/><G135/><T3/><D3/><U52/><E100/><V126/><F132/><W133/><G133/><T30/><D127/><N who="2" m="48650" /><F107/><W120/><G120/><T101/><D37/><U50/><E124/><V108/><F108/><W44/><G5/><T56/><D115/><U9/><E1/><V87/><F71/><W79/><G79/><T31/><D48/><U98/><E98/><V93/><F39/><W131/><G131/><T32/><D32/><U73/><E60/><N who="2" m="38167" /><F18/><W128/><G128/><T86/><D86/><U130/><E130/><V105/><F105/><W76/><G76/><T24/><D15/><U68/><E68/><V19/><F19/><W4/><G4/><T104/><D104/><U70/><E70/><V11/><F11/><W85/><G40/><T49/><D49/><U114/><E114/><V106/><F106/><W102/><G118/><T111/><D111/><U96/><E96/><V26/><F26/><W61/><G119/><T99/><D97/><U25/><E25/><V10/><F10/><W22/><G63/><T69/><D69/><U123/><E123/><V80/><F51/><W53/><G67/><N who="0" m="39367" /><D24/><U6/><E6/><V8/><F8/><W35/><G35/><T59/><D59/><U109/><E109/><V65/><F65/><W90/><G92/><T13/><D13/><AGARI ba="0,0" hai="13,16,22,36,43,44,53,57,61,85,90,94,102,103" machi="13" ten="30,5800,0" yaku="7,1,52,1,54,1" doraHai="41" who="3" fromWho="0" sc="276,-58,273,0,224,0,227,58" /><INIT seed="3,1,0,3,3,44" ten="218,273,224,285" oya="3" hai0="102,12,79,49,31,66,107,104,38,23,65,55,123" hai1="71,0,29,128,33,5,2,25,105,13,121,74,93" hai2="40,101,129,20,70,130,15,60,21,127,126,19,10" hai3="56,27,75,112,96,61,135,69,100,108,91,122,78"/><W39/><G112/><T11/><D38/><U7/><E105/><V18/><F101/><W83/><G122/><T103/><D123/><U57/><E71/><V3/><F40/><W17/><G39/><T54/><D79/><U14/><E74/><V26/><F60/><W110/><G69/><T115/><D115/><U68/><E68/><V22/><F70/><W94/><G135/><T117/><D117/><U88/><E121/><V4/><F21/><N who="3" m="13743" /><G100/><N who="0" m="38443" /><D104/><U120/><E120/><V62/><F62/><W30/><G30/><T132/><D107/><U97/><E128/><AGARI ba="1,0" hai="3,4,10,15,18,19,20,22,26,126,127,128,129,130" machi="128" ten="40,8000,1" yaku="19,1,34,3" doraHai="44" who="2" fromWho="1" sc="218,0,273,-83,224,83,285,0" owari="218,-18.2,190,-31.0,307,40.7,285,8.5" /></mjloggm>