<mjloggm ver="2.3"><GO type="225" lobby="0"/><UN n0="%E3%81%A8%E3%82%93%E3%81%A8%E3%81%93%E3%81%A8%E3%82%93" n1="%66%67%67%68%68%64%66" n2="%77%72%77%72%77%72%77%72" n3="%74%61%6B%65%2D%79%6F%75" dan="16,16,17,17" rate="2098.30,2080.19,2215.09,2169.27" sx="F,M,M,M"/><TAIKYOKU oya="0"/><INIT seed="0,0,0,3,0,17" ten="250,250,250,250" oya="0" hai0="30,73,5,84,125,58,92,22,85,23,68,56,119" hai1="91,15,79,40,41,117,80,38,57,108,10,120,89" hai2="109,131,21,43,96,123,110,132,72,94,93,114,18" hai3="1,52,75,126,71,99,101,3,66,106,39,37,12"/><T134/><D119/><U78/><E117/><V13/><F114/><W0/><G126/><T83/><D68/><U87/><E120/><V54/><F123/><W8/><G75/><T14/><D73/><U48/><E108/><N who="2" m="41579" /><F131/><W64/><G52/><T36/><D36/><U65/><E38/><V115/><F115/><W34/><G34/><T124/><D92/><U32/><E32/><V20/><F132/><W135/><G135/><T88/><D134/><U107/><E107/><V102/><F72/><W63/><REACH who="3" step="1"/><G64/><REACH who="3" ten="250,250,250,240" step="2"/><T11/><D124/><U16/><E65/><V62/><F43/><N who="1" m="16457" /><E79/><V50/><F62/><W46/><G46/><T69/><D125/><U105/><E105/><N who="2" m="63687" /><F54/><AGARI ba="0,1" hai="10,15,16,48,54,57,78,80,87,89,91" m="16457" machi="54" ten="30,2000,0" yaku="8,1,54,1" doraHai="17" who="1" fromWho="2" sc="250,0,250,30,250,-20,240,0" /><INIT seed="1,0,0,3,5,17" ten="250,280,230,240" oya="1" hai0="8,123,45,92,105,84,56,73,71,27,23,22,11" hai1="91,82,0,18,93,7,57,78,106,95,41,98,119" hai2="111,6,51,116,52,81,101,99,135,50,128,30,89" hai3="134,117,59,130,68,13,58,74,38,32,39,124,65"/><U79/><E119/><V115/><F116/><W66/><G117/><T10/><D71/><U29/><E106/><V46/><F111/><W85/><G74/><T132/><D73/><U36/><E29/><V83/><F128/><W16/><G130/><T110/><D105/><U125/><E125/><V44/><F135/><W26/><G124/><T102/><D110/><U86/><E0/><V131/><F131/><W5/><G134/><T33/><D132/><U120/><E7/><V49/><F115/><W108/><G108/><T2/><D2/><U112/><E120/><V133/><F133/><W77/><G38/><T69/><D69/><U21/><E112/><V48/><F6/><W107/><G39/><T90/><D123/><U129/><E129/><V118/><F118/><W4/><G107/><T96/><D45/><U100/><E41/><V19/><F30/><W113/><G113/><T114/><D114/><U63/><E82/><V109/><F109/><W122/><G122/><T43/><D43/><U76/><E36/><V70/><F70/><W34/><G34/><T64/><D33/><U53/><REACH who="1" step="1"/><E78/><REACH who="1" ten="250,270,230,240" step="2"/><V12/><F83/><W20/><G77/><T88/><D27/><AGARI ba="0,1" hai="18,21,27,53,57,63,76,79,86,91,93,95,98,100" machi="27" ten="30,12000,1" yaku="1,1,2,1,7,1,8,1,52,1,53,0" doraHai="17" doraHaiUra="121" who="1" fromWho="0" sc="250,-120,270,130,230,0,240,0" /><INIT seed="1,1,0,2,5,85" ten="130,400,230,240" oya="1" hai0="41,63,131,25,94,121,99,122,12,128,133,107,97" hai1="86,51,126,42,91,36,90,114,76,18,82,34,7" hai2="45,130,118,24,103,52,11,50,48,68,28,110,17" hai3="112,71,29,132,61,124,22,92,4,127,67,120,15"/><U57/><E114/><V113/><F118/><W8/><G112/><T73/><D41/><U84/><E34/><V60/><F113/><W106/><G120/><N who="0" m="46187" /><D25/><U102/><E36/><V0/><F110/><W6/><G106/><T104/><D12/><U20/><E126/><N who="3" m="48170" /><G132/><T39/><D63/><U66/><E102/><V27/><F130/><N who="0" m="49706" /><D39/><U19/><E7/><V38/><F103/><W21/><G29/><T1/><D1/><U101/><E101/><V119/><F119/><W125/><G125/><T89/><D133/><U93/><E76/><V87/><F38/><W44/><G4/><T47/><D47/><N who="1" m="26103" /><E20/><V5/><F17/><W2/><G2/><T31/><D31/><U9/><E9/><V69/><F60/><AGARI ba="1,0" hai="18,19,57,60,66,82,84,86,90,91,93" m="26103" machi="60" ten="30,5800,0" yaku="8,1,52,2" doraHai="85" who="1" fromWho="2" sc="130,0,400,61,230,-61,240,0" /><INIT seed="1,2,0,1,2,82" ten="130,461,169,240" oya="1" hai0="75,100,114,41,122,8,62,57,105,86,31,98,21" hai1="79,87,35,81,32,58,61,19,43,117,17,109,46" hai2="91,121,50,48,129,12,7,33,94,39,77,131,54" hai3="80,11,127,23,71,63,70,92,93,51,113,76,107"/><U123/><E117/><V30/><F121/><W83/><G113/><T118/><D75/><U25/><E123/><V28/><F39/><W119/><G119/><T97/><D114/><U9/><E109/><V42/><F77/><W60/><G107/><T88/><D118/><U102/><E102/><V20/><F33/><W49/><G76/><T29/><D122/><U5/><E35/><V84/><F42/><W3/><G23/><T101/><D41/><U103/><E103/><V38/><F38/><W44/><G44/><T125/><D125/><U130/><E130/><N who="2" m="49675" /><F48/><W95/><G11/><T36/><D36/><U99/><E99/><V110/><F110/><W90/><G90/><T1/><D21/><U73/><E25/><V47/><F7/><W16/><G127/><T134/><D134/><U106/><E32/><V2/><F2/><W64/><G3/><T34/><D34/><U4/><E4/><V22/><F22/><W24/><G49/><T72/><D72/><U96/><E73/><V89/><F89/><W120/><G51/><T104/><D8/><U59/><E9/><V69/><F69/><W6/><G6/><T116/><D1/><U13/><E5/><V14/><F14/><W128/><G120/><T132/><D132/><U66/><E13/><V115/><F115/><W56/><G70/><T67/><D116/><U37/><REACH who="1" step="1"/><E58/><REACH who="1" ten="130,451,169,240" step="2"/><V26/><F12/><W111/><G128/><T52/><REACH who="0" step="1"/><D67/><REACH who="0" ten="120,451,169,240" step="2"/><U10/><E10/><V68/><F28/><W18/><G111/><T124/><D124/><U126/><E126/><V65/><F65/><W112/><G64/><RYUUKYOKU ba="2,2" sc="120,10,451,10,169,10,240,-30" hai0="29,31,52,57,62,86,88,97,98,100,101,104,105" hai1="17,19,37,43,46,59,61,66,79,81,87,96,106" hai2="20,26,30,47,50,54,68,84,91,94" /><INIT seed="1,3,2,4,1,68" ten="130,461,179,210" oya="1" hai0="120,14,88,17,116,3,102,41,49,129,6,75,7" hai1="97,43,29,30,72,81,38,77,89,119,123,118,36" hai2="64,128,78,100,2,27,5,126,70,13,48,67,134" hai3="110,103,131,104,55,94,19,93,53,92,15,22,91"/><U39/><E123/><V1/><F70/><W62/><G110/><T111/><D116/><U117/><REACH who="1" step="1"/><E43/><REACH who="1" ten="130,451,179,210" step="2"/><V74/><F128/><W90/><G131/><T21/><D120/><U61/><E61/><V79/><F134/><W16/><G62/><T25/><D129/><U54/><E54/><V4/><F126/><W63/><G55/><T20/><D111/><U130/><E130/><V124/><F124/><W127/><G127/><T42/><D75/><U86/><E86/><V125/><F74/><W82/><G53/><T95/><D102/><U59/><E59/><V51/><F125/><W50/><G63/><T31/><D3/><U18/><E18/><V65/><F1/><W83/><G19/><T85/><D41/><U80/><E80/><V99/><F2/><W114/><G83/><T76/><D76/><U60/><E60/><V115/><F79/><W34/><G82/><T122/><D122/><U8/><E8/><V58/><F78/><W23/><G16/><T44/><AGARI ba="3,3" hai="6,7,14,17,20,21,25,31,42,44,49,85,88,95" machi="44" ten="30,4000,0" yaku="0,1,8,1,54,1" doraHai="68" who="0" fromWho="0" sc="130,79,451,-23,179,-13,210,-13" /><INIT seed="2,0,0,0,0,30" ten="209,428,166,197" oya="2" hai0="73,25,114,56,29,9,57,84,4,2,17,59,40" hai1="31,92,100,61,3,21,113,125,94,49,60,115,106" hai2="10,67,98,128,66,123,87,91,96,88,110,35,63" hai3="134,133,37,122,0,117,62,72,28,70,42,129,1"/><V75/><F123/><W13/><G122/><T74/><D114/><U41/><E3/><V23/><F75/><W12/><G117/><T78/><D40/><U19/><E106/><V105/><F128/><W112/><G72/><T85/><D17/><U101/><E31/><V131/><F131/><W20/><G129/><T107/><D107/><U116/><E116/><V95/><F110/><W26/><G112/><T45/><D45/><N who="1" m="25775" /><E125/><V58/><F35/><W102/><G102/><N who="1" m="39530" /><E115/><V130/><F105/><W36/><G36/><T33/><REACH who="0" step="1"/><D73/><REACH who="0" ten="199,428,166,197" step="2"/><U82/><E19/><V127/><F130/><W65/><G42/><T77/><D77/><U43/><E43/><V53/><F127/><W51/><G37/><T24/><D24/><U119/><E113/><V126/><F126/><W5/><G26/><T15/><D15/><U108/><E119/><V81/><F10/><W7/><G12/><T14/><D14/><U48/><E108/><V64/><REACH who="2" step="1"/><F23/><REACH who="2" ten="199,428,156,197" step="2"/><W68/><G20/><T39/><D39/><U124/><E21/><V109/><F109/><W104/><G104/><T132/><D132/><U86/><E124/><V8/><F8/><W34/><G133/><T32/><D32/><U80/><E94/><V79/><F79/><W90/><G34/><T76/><D76/><U103/><E92/><V121/><F121/><W54/><G134/><T111/><D111/><U97/><E80/><AGARI ba="0,2" hai="2,4,9,25,29,33,56,57,59,74,78,80,84,85" machi="80" ten="40,2600,0" yaku="1,1,52,1,53,0" doraHai="30" doraHaiUra="93" who="0" fromWho="1" sc="199,46,428,-26,156,0,197,0" /><INIT seed="3,0,0,1,0,132" ten="245,402,156,197" oya="3" hai0="5,60,24,61,65,105,39,59,11,52,135,7,33" hai1="19,73,115,44,56,96,129,82,31,36,97,127,90" hai2="64,124,87,109,86,83,2,57,4,22,101,118,79" hai3="75,21,25,23,54,70,8,94,15,130,104,125,120"/><W121/><G104/><T16/><D105/><U67/><E115/><V112/><F112/><W58/><G130/><T113/><D39/><U12/><E31/><V63/><F118/><W38/><G70/><T99/><D113/><U42/><E129/><V28/><F109/><W51/><G75/><T88/><D33/><U48/><E36/><V122/><F122/><W111/><G111/><T9/><D135/><U71/><E71/><V43/><F43/><W40/><G94/><N who="0" m="56775" /><D61/><U134/><E134/><V131/><F131/><W41/><G23/><N who="0" m="13415" /><D65/><U123/><E67/><V34/><F34/><W78/><G38/><T95/><D95/><U0/><E0/><V77/><F101/><W1/><G1/><T102/><D102/><U116/><E123/><V62/><F62/><W14/><G121/><T107/><D107/><U117/><E73/><V114/><F114/><W68/><G68/><T103/><D103/><U91/><E116/><V69/><F69/><W45/><G120/><T26/><D26/><U20/><E117/><V72/><F124/><W81/><G125/><T10/><AGARI ba="0,0" hai="5,7,9,10,11,52,59,60" m="13415,56775" machi="10" ten="30,8000,1" yaku="25,1,8,1,54,3" doraHai="132" who="0" fromWho="0" sc="245,80,402,-20,156,-20,197,-40" owari="325,12.5,382,48.2,136,-36.4,157,-24.3" /></mjloggm>