<mjloggm ver="2.3"><GO type="225" lobby="0"/><UN n0="%73%73%6B%5F%66%72%65%65" n1="%6D%75%75%73%61%6E%6D%75" n2="%E3%80%90%E3%83%88%E3%83%AA%E3%83%A5%E3%83%95%E3%80%91" n3="%74%2E%6F%2E%6F%2E%73" dan="16,17,16,17" rate="2220.77,2171.03,2065.85,2124.33" sx="M,F,M,M"/><TAIKYOKU oya="0"/><INIT seed="0,0,0,2,3,84" ten="250,250,250,250" oya="0" hai0="119,12,115,117,135,62,92,82,98,114,125,112,7" hai1="2,121,104,42,94,81,46,35,90,38,88,124,133" hai2="17,99,75,78,66,83,89,71,16,86,19,60,56" hai3="49,34,8,58,14,77,57,29,96,73,76,103,52"/><T111/><D135/><U21/><E104/><V48/><F99/><W43/><G43/><T63/><D125/><U97/><E35/><V108/><F108/><W5/><G73/><T110/><D82/><U101/><E121/><V123/><F123/><W51/><G29/><T122/><D12/><U100/><E133/><V116/><F116/><N who="0" m="44618" /><D7/><U27/><E2/><V25/><F25/><W11/><G34/><T59/><D59/><U134/><E134/><V37/><F37/><W70/><G70/><T10/><D10/><U95/><E124/><V39/><F39/><W68/><G68/><T113/><D113/><U47/><E81/><V85/><REACH who="2" step="1"/><F89/><REACH who="2" ten="250,250,240,250" step="2"/><W69/><G96/><T20/><D122/><U74/><E74/><V9/><F9/><W130/><G8/><T23/><D98/><N who="1" m="57687" /><E38/><V31/><F31/><W32/><G11/><T0/><D110/><U4/><E42/><V80/><F80/><W6/><G103/><N who="1" m="39498" /><E4/><V64/><F64/><W106/><G5/><T50/><D111/><U127/><E127/><V33/><F33/><W15/><G6/><T13/><D115/><U3/><E3/><V30/><F30/><AGARI ba="0,1" hai="21,27,30,46,47,88,95,97" m="39498,57687" machi="30" ten="30,7700,0" yaku="8,1,52,2,54,1" doraHai="84" who="1" fromWho="2" sc="250,0,250,87,240,-77,250,0" /><INIT seed="1,0,0,4,2,87" ten="250,337,163,250" oya="1" hai0="29,22,121,109,35,58,62,7,83,41,73,8,82" hai1="71,68,43,120,27,26,28,125,116,52,90,16,13" hai2="39,130,72,129,85,104,127,10,74,30,135,45,93" hai3="11,89,99,118,111,60,96,54,64,42,76,49,79"/><U9/><E116/><V134/><F104/><W61/><G111/><T3/><D109/><U59/><E120/><V119/><F30/><W98/><G118/><T0/><D35/><U65/><E43/><V100/><F10/><W31/><G31/><T110/><D110/><U81/><E125/><V112/><F119/><W56/><G11/><T101/><D101/><U15/><E68/><V95/><F45/><W55/><G42/><T1/><D41/><U6/><E71/><V53/><F53/><W37/><G37/><T113/><D113/><U46/><E46/><V17/><F17/><W107/><G107/><T117/><D117/><U24/><E65/><V126/><F112/><W63/><G64/><T36/><D36/><U51/><E81/><V14/><F14/><W114/><G114/><T103/><D103/><U47/><E47/><V33/><F33/><W50/><REACH who="3" step="1"/><G89/><REACH who="3" ten="250,337,163,240" step="2"/><T44/><D29/><U133/><E90/><N who="2" m="53455" /><F39/><W20/><G20/><T102/><D22/><N who="1" m="15383" /><E133/><N who="2" m="50699" /><F126/><W5/><G5/><T40/><D7/><U128/><E128/><N who="2" m="49259" /><F127/><W66/><G66/><T4/><D40/><U91/><E91/><V75/><F100/><W69/><G69/><T80/><D102/><U34/><E34/><V19/><F19/><W86/><G86/><T108/><D108/><U105/><E105/><V32/><F32/><W132/><G132/><T21/><D21/><AGARI ba="0,1" hai="6,9,13,15,16,21,26,27,51,52,59" m="15383" machi="21" ten="30,5800,0" yaku="8,1,54,2" doraHai="87" who="1" fromWho="0" sc="250,-58,337,68,163,0,240,0" /><INIT seed="1,1,0,3,3,72" ten="192,405,163,240" oya="1" hai0="18,20,122,29,70,16,115,59,101,113,0,8,69" hai1="64,22,9,123,86,97,132,81,12,65,66,120,112" hai2="128,95,19,85,134,63,30,91,44,116,121,76,125" hai3="48,28,31,4,14,25,129,110,133,96,111,109,51"/><U52/><E112/><V99/><F116/><W11/><G129/><T83/><D122/><U93/><E132/><V37/><F121/><W106/><G133/><T7/><D101/><U89/><E22/><V118/><F118/><W49/><REACH who="3" step="1"/><G25/><REACH who="3" ten="192,405,163,230" step="2"/><T78/><D115/><U47/><E120/><V61/><F134/><W102/><AGARI ba="1,1" hai="4,11,14,28,31,48,49,51,96,102,106,109,110,111" machi="102" ten="40,8000,1" yaku="1,1,2,1,0,1,14,1,53,0" doraHai="72" doraHaiUra="56" who="3" fromWho="3" sc="192,-21,405,-41,163,-21,230,93" /><INIT seed="2,0,0,5,3,46" ten="171,364,142,323" oya="2" hai0="29,116,51,49,45,28,132,24,126,14,53,131,129" hai1="100,39,98,2,5,121,11,54,27,101,118,117,114" hai2="97,71,102,42,0,41,109,135,76,25,36,74,95" hai3="37,78,82,6,91,30,55,62,3,52,93,119,110"/><V17/><F0/><W23/><G37/><T127/><D116/><U13/><E114/><V56/><F135/><W33/><G33/><T77/><D77/><U60/><E39/><V73/><F71/><W32/><G32/><N who="0" m="20487" /><D14/><U57/><E121/><V75/><F109/><W89/><G119/><T12/><D12/><U128/><E128/><N who="0" m="49225" /><D29/><U70/><E2/><V48/><F36/><W1/><G78/><T87/><D87/><U61/><E27/><V8/><F76/><W125/><G30/><T26/><D26/><U96/><E13/><V67/><F8/><W16/><G110/><T21/><D21/><U115/><E11/><V72/><N who="2" m="18432" /><DORA hai="113" /><V15/><F25/><W43/><G23/><T31/><D31/><U99/><E115/><V83/><F83/><W79/><G82/><T47/><D132/><U106/><E5/><V120/><F120/><W105/><G6/><T133/><D133/><U22/><E22/><V66/><F15/><W65/><G79/><T63/><D63/><U34/><E34/><V88/><F17/><W84/><G16/><T58/><D58/><U44/><E70/><V35/><F35/><W18/><G18/><T64/><D64/><U112/><E112/><V7/><F7/><W69/><G65/><T107/><D107/><U122/><E122/><V81/><F67/><W9/><G1/><T10/><D10/><U68/><E68/><V4/><F4/><W103/><G3/><T90/><D90/><U20/><E20/><V59/><F66/><W19/><G9/><T123/><D123/><U134/><E134/><V94/><F59/><RYUUKYOKU ba="0,0" sc="171,30,364,-10,142,-10,323,-10" hai0="45,47,49,51,53,126,127" /><INIT seed="3,1,0,1,4,14" ten="201,354,132,313" oya="3" hai0="69,7,6,24,67,65,58,63,117,48,38,70,16" hai1="76,107,61,9,84,33,123,82,91,30,92,44,95" hai2="19,98,79,26,55,21,83,121,3,29,105,36,1" hai3="39,32,100,72,119,81,59,120,47,54,101,2,13"/><W40/><G119/><T74/><D38/><U85/><E107/><V41/><F121/><W90/><G120/><T106/><D117/><U113/><E113/><V46/><F55/><W97/><G32/><T87/><D74/><U49/><E123/><V127/><F127/><W132/><G132/><T129/><D129/><U60/><E33/><V31/><F31/><W10/><G97/><T66/><D106/><U34/><E34/><V11/><F11/><W8/><G8/><T103/><D103/><U124/><E30/><V22/><F98/><W5/><G13/><T75/><D75/><U111/><E124/><V0/><F105/><W93/><G93/><N who="1" m="35914" /><E111/><V18/><REACH who="2" step="1"/><F22/><REACH who="2" ten="201,354,122,313" step="2"/><W43/><G43/><T135/><D67/><U25/><E9/><V12/><F12/><W118/><G118/><T68/><D66/><U17/><E25/><V134/><F134/><W115/><G115/><T4/><D135/><U57/><E61/><V102/><F102/><W20/><G20/><N who="0" m="13319" /><D70/><U130/><E60/><V116/><F116/><W94/><G94/><T35/><D69/><U42/><E42/><V71/><F71/><W131/><G131/><T51/><D68/><U110/><E130/><V126/><F126/><W62/><G90/><T88/><D35/><U112/><E112/><V80/><F80/><AGARI ba="1,1" hai="4,6,7,48,51,58,63,65,80,87,88" m="13319" machi="80" ten="30,7700,0" yaku="8,1,52,1,54,2" doraHai="14" who="0" fromWho="2" sc="201,90,354,0,122,-80,313,0" owari="291,-10.9,354,45.4,42,-45.8,313,11.3" /></mjloggm>