<mjloggm ver="2.3"><GO type="225" lobby="0"/><UN n0="%E9%B3%B3%E6%9D%B1%E3%81%AE%E3%81%86%E3%81%95%E3%81%8E%E3%81%95%E3%82%93" n1="%E3%83%9D%E3%83%B3%E3%83%9D%E3%82%B3%E5%95%86%E4%BA%8B" n2="%E5%BA%97%E9%95%B7%4D" n3="%72%69%6F%75%63%68%61%6E" dan="17,16,16,16" rate="2275.14,2136.35,2124.53,2155.63" sx="M,M,M,M"/><TAIKYOKU oya="0"/><INIT seed="0,0,0,5,2,123" ten="250,250,250,250" oya="0" hai0="30,2,62,92,48,103,28,43,128,60,116,63,101" hai1="54,82,126,57,16,32,68,13,133,125,118,51,87" hai2="25,69,114,14,100,38,98,71,21,124,97,95,66" hai3="61,15,55,107,64,18,73,20,81,49,56,22,39"/><T34/><D116/><U65/><E118/><V86/><F114/><W106/><G39/><T59/><D128/><U52/><E32/><V84/><F38/><W19/><G81/><T109/><D2/><U47/><E68/><V17/><F124/><N who="1" m="47721" /><E133/><V112/><F112/><W45/><REACH who="3" step="1"/><G73/><REACH who="3" ten="250,250,250,240" step="2"/><T88/><D109/><U12/><E65/><V6/><F66/><W115/><G115/><T96/><D34/><U42/><E57/><V99/><F69/><W50/><G50/><T58/><D58/><U113/><E113/><V80/><F71/><W108/><G108/><T24/><D59/><U134/><E134/><V85/><F80/><W102/><G102/><N who="0" m="38923" /><D24/><AGARI ba="0,1" hai="15,18,19,20,22,24,45,49,55,56,61,64,106,107" machi="24" ten="30,2000,0" yaku="1,1,7,1,53,0" doraHai="123" doraHaiUra="76" who="3" fromWho="0" sc="250,-20,250,0,250,0,240,30" /><INIT seed="1,0,0,5,4,85" ten="230,250,250,270" oya="1" hai0="28,98,24,129,52,60,119,118,89,87,126,121,96" hai1="102,39,29,97,42,123,11,4,90,127,116,50,113" hai2="7,109,74,86,14,18,64,19,135,40,63,58,91" hai3="15,76,112,84,66,35,6,82,53,73,131,71,72"/><U47/><E113/><V43/><F74/><W3/><G112/><T21/><D129/><U83/><E116/><V9/><F109/><W95/><G131/><T62/><D126/><U10/><E123/><V65/><F65/><W111/><G3/><T48/><D121/><U30/><E127/><V122/><F122/><W75/><G111/><T55/><D119/><U104/><E11/><V16/><REACH who="2" step="1"/><F135/><REACH who="2" ten="230,250,240,270" step="2"/><W12/><G66/><T37/><D118/><U13/><REACH who="1" step="1"/><E39/><REACH who="1" ten="230,240,240,270" step="2"/><V8/><F8/><W56/><G72/><T115/><D37/><U67/><E67/><V45/><F45/><W41/><G75/><T80/><D115/><U34/><E34/><V108/><F108/><W79/><G35/><T23/><D23/><U110/><E110/><V134/><F134/><W103/><G73/><T120/><D120/><U77/><E77/><V69/><F69/><W38/><G71/><T20/><D20/><U101/><E101/><V93/><AGARI ba="0,2" hai="7,9,14,16,18,19,40,43,58,63,64,86,91,93" machi="93" ten="30,12000,2" yaku="1,1,0,1,8,1,52,1,54,1,53,1" doraHai="85" doraHaiUra="57" who="2" fromWho="2" sc="230,-30,240,-60,240,140,270,-30" /><INIT seed="2,0,0,1,5,64" ten="200,180,380,240" oya="2" hai0="124,131,74,55,9,86,46,90,129,51,109,79,88" hai1="135,45,21,47,11,26,104,125,83,73,63,112,93" hai2="12,117,91,71,49,3,40,36,105,1,120,29,126" hai3="31,68,85,101,33,22,133,58,65,132,28,80,130"/><V61/><F117/><W122/><G122/><T123/><D123/><U67/><E112/><V10/><F105/><W0/><G130/><N who="0" m="49675" /><D109/><U60/><E104/><V110/><F36/><W15/><G0/><T48/><D124/><U2/><E125/><V7/><F120/><W95/><G33/><T84/><D9/><U53/><E135/><N who="3" m="51786" /><G58/><N who="0" m="33127" /><D74/><U4/><E93/><V20/><F91/><N who="0" m="34858" /><D79/><U27/><E73/><V62/><F3/><W121/><G121/><T56/><D56/><U111/><E83/><V57/><F57/><W35/><G35/><T50/><D50/><U14/><E111/><V106/><F49/><W113/><G113/><T30/><D30/><U116/><E2/><V107/><F29/><W102/><G95/><T16/><D16/><U23/><E116/><V76/><F1/><W82/><G28/><T19/><D19/><U44/><E53/><AGARI ba="0,0" hai="46,51,53,84,86" m="34858,33127,49675" machi="53" ten="30,2000,0" yaku="19,1,54,1" doraHai="64" who="0" fromWho="1" sc="200,20,180,-20,380,0,240,0" /><INIT seed="3,0,0,2,0,41" ten="220,160,380,240" oya="3" hai0="31,134,49,118,47,37,10,46,76,64,44,45,110" hai1="112,34,77,130,99,135,122,9,86,104,93,12,62" hai2="108,116,57,15,71,88,103,120,21,26,22,121,96" hai3="72,19,75,6,39,124,131,4,23,32,20,35,90"/><W95/><G124/><T58/><D118/><U82/><E112/><V107/><F71/><W54/><G131/><T50/><D110/><U102/><E122/><N who="2" m="47211" /><F116/><W56/><G39/><T92/><D134/><U109/><E109/><V59/><F108/><W123/><G123/><T127/><D127/><U117/><E117/><V65/><F65/><W7/><G32/><T68/><D31/><U28/><E130/><V48/><F48/><N who="0" m="18538" /><D92/><U55/><E135/><V11/><F88/><W16/><G35/><T98/><D10/><U14/><E104/><V33/><F33/><W101/><G101/><T38/><D98/><U24/><E62/><V132/><F22/><N who="3" m="8235" /><G75/><T0/><D76/><U128/><E128/><V113/><F113/><W81/><G81/><T106/><D0/><U25/><E55/><V91/><F91/><W97/><G72/><T8/><D8/><U30/><E30/><N who="2" m="17743" /><F132/><W60/><AGARI ba="0,0" hai="4,6,7,16,19,54,56,60,90,95,97" m="8235" machi="60" ten="30,3000,0" yaku="8,1,54,1" doraHai="41" who="3" fromWho="3" sc="220,-10,160,-10,380,-10,240,30" /><INIT seed="3,1,0,2,3,113" ten="210,150,370,270" oya="3" hai0="132,34,130,10,103,53,51,37,44,4,105,66,30" hai1="85,125,86,81,13,73,11,134,109,32,91,65,64" hai2="77,21,31,79,117,121,98,131,126,115,135,110,92" hai3="99,42,80,120,88,95,133,17,112,16,100,2,56"/><W84/><G112/><T108/><D108/><U116/><E109/><V114/><F117/><W119/><G119/><T89/><D130/><U1/><E1/><V62/><F110/><W76/><G120/><T97/><D132/><U55/><E134/><V59/><F135/><W41/><G133/><T69/><D37/><U27/><E73/><V102/><F115/><W49/><G2/><T8/><D89/><U122/><E122/><V68/><F68/><W54/><G76/><T67/><D4/><U93/><E116/><V74/><F74/><W94/><G80/><T39/><D39/><U106/><E106/><V104/><F104/><W124/><G124/><T38/><D38/><U58/><E125/><V83/><F83/><W70/><G70/><T90/><D90/><U43/><E43/><AGARI ba="1,0" hai="16,17,41,42,43,49,54,56,84,88,94,95,99,100" machi="43" ten="40,7700,0" yaku="8,1,54,2" doraHai="113" who="3" fromWho="1" sc="210,0,150,-80,370,0,270,80" /><INIT seed="3,2,0,0,1,86" ten="210,70,370,350" oya="3" hai0="98,2,107,113,19,119,13,102,5,115,65,118,35" hai1="45,51,87,105,49,23,26,69,104,129,93,114,95" hai2="106,74,109,67,55,63,78,56,54,48,90,126,103" hai3="84,112,58,110,37,88,22,29,62,3,92,52,128"/><W97/><G112/><N who="0" m="43083" /><D35/><U27/><E114/><V101/><F109/><W99/><G37/><T133/><D133/><U21/><E87/><V125/><F90/><W71/><G3/><T59/><D5/><U24/><E45/><V8/><F8/><W4/><G4/><T81/><D2/><U68/><REACH who="1" step="1"/><E27/><REACH who="1" ten="210,60,370,350" step="2"/><V34/><F74/><W94/><G110/><T76/><D119/><U100/><E100/><V116/><F103/><N who="3" m="60839" /><G128/><T7/><D118/><U39/><E39/><V11/><F101/><N who="3" m="60663" /><G71/><T91/><D102/><U42/><E42/><V38/><F38/><W14/><G14/><T10/><D13/><U60/><E60/><V46/><F116/><W70/><G70/><T72/><D72/><U75/><E75/><V30/><F63/><W41/><G41/><T108/><D108/><U77/><E77/><V89/><F78/><W111/><G111/><T16/><D76/><U131/><AGARI ba="2,1" hai="21,23,24,26,49,51,68,69,93,95,104,105,129,131" machi="131" ten="25,6400,0" yaku="1,1,0,1,22,2,53,0" doraHai="86" doraHaiUra="31" who="1" fromWho="1" sc="210,-18,60,80,370,-18,350,-34" owari="192,-20.8,140,-36.0,352,45.2,316,11.6" /></mjloggm>