<mjloggm ver="2.3"><GO type="225" lobby="0"/><UN n0="%E3%81%A1%E3%82%85%E3%81%86%E3%81%A9%E3%81%8F%E8%B1%A1%E3%81%95%E3%82%93" n1="%70%68%65%6E%6F%6D%65" n2="%72%69%6F%75%63%68%61%6E" n3="%E6%97%A5%E6%9B%9C%E6%97%A5%E3%82%88%E3%82%8A%E3%81%AE%E4%BD%BF%E8%80%85" dan="16,16,17,17" rate="2079.74,2150.84,2224.69,2210.50" sx="M,M,M,M"/><TAIKYOKU oya="0"/><INIT seed="0,0,0,5,5,121" ten="250,250,250,250" oya="0" hai0="20,119,58,9,19,54,97,28,111,107,90,84,47" hai1="37,26,32,22,3,125,120,53,35,127,39,14,42" hai2="11,118,126,70,89,1,66,49,76,23,95,108,41" hai3="69,57,88,34,82,87,72,68,17,83,122,116,80"/><T7/><D119/><U16/><E120/><V96/><F126/><N who="1" m="48137" /><E3/><V81/><F108/><W135/><G116/><T112/><D112/><U13/><E53/><V8/><F118/><W92/><G34/><N who="1" m="12842" /><E42/><V51/><F23/><W21/><G122/><T115/><D115/><U78/><E78/><V94/><F1/><W25/><G135/><T59/><D28/><N who="1" m="17495" /><E13/><V40/><F40/><W93/><G72/><T55/><D107/><U133/><E133/><V123/><F123/><W131/><G131/><T0/><D97/><U73/><E73/><V130/><F130/><W36/><G36/><T4/><D47/><U91/><E91/><V50/><F41/><W62/><REACH who="3" step="1"/><G93/><REACH who="3" ten="250,250,250,240" step="2"/><T98/><D0/><U103/><E103/><V77/><F95/><W12/><G12/><T60/><D58/><U105/><E105/><V46/><F70/><W99/><G99/><T65/><D98/><U113/><E113/><V110/><F96/><W114/><G114/><T100/><D59/><U106/><E106/><V27/><F94/><W71/><G71/><T64/><D100/><U29/><E29/><V134/><F134/><W18/><G18/><T75/><D19/><U6/><E6/><V43/><F46/><W128/><G128/><T2/><D4/><U48/><E48/><V63/><F50/><W101/><G101/><T15/><D75/><U38/><E37/><V5/><F49/><W45/><G45/><T79/><D15/><U132/><E132/><V109/><F51/><W33/><G33/><T56/><D2/><U86/><E86/><N who="2" m="50383" /><F43/><W74/><G74/><T129/><D84/><RYUUKYOKU ba="0,1" sc="250,-15,250,15,250,-15,240,15" hai1="14,16,38,39" hai3="17,21,25,57,62,68,69,80,82,83,87,88,92" /><INIT seed="1,1,1,1,0,106" ten="235,265,235,255" oya="1" hai0="3,98,54,2,23,1,131,45,121,30,99,78,82" hai1="55,44,48,84,16,97,96,0,66,43,129,105,71" hai2="8,132,12,72,92,4,70,37,85,15,27,122,5" hai3="47,28,24,79,58,135,51,17,57,50,29,21,93"/><U117/><E117/><V40/><F122/><W90/><G79/><T75/><D121/><U53/><E0/><V102/><F132/><W20/><G135/><T107/><D131/><U118/><E118/><V9/><F70/><W89/><G51/><T26/><REACH who="0" step="1"/><D107/><REACH who="0" ten="225,265,235,255" step="2"/><U128/><E105/><V63/><F37/><W101/><G101/><T32/><D32/><U103/><E103/><V95/><F102/><W133/><G133/><T31/><D31/><U7/><E128/><V112/><F112/><W109/><G109/><T35/><D35/><U60/><E129/><V83/><F72/><W91/><G29/><T76/><D76/><U61/><E7/><V116/><F116/><W19/><G93/><T88/><D88/><U74/><E74/><V111/><F111/><W134/><G134/><T73/><D73/><U86/><E96/><V81/><F85/><W14/><REACH who="3" step="1"/><G28/><REACH who="3" ten="225,265,235,245" step="2"/><T39/><D39/><U119/><E119/><V115/><F115/><W62/><G62/><T34/><D34/><U10/><E61/><V6/><F63/><W108/><G108/><T125/><D125/><U67/><E67/><V36/><F95/><W52/><AGARI ba="1,3" hai="14,17,19,20,21,24,47,50,52,57,58,89,90,91" machi="52" ten="30,7900,0" yaku="1,1,0,1,8,1,54,1,53,0" doraHai="106" doraHaiUra="120" who="3" fromWho="3" sc="225,-21,265,-40,235,-21,245,112" /><INIT seed="2,0,0,4,4,23" ten="204,225,214,357" oya="2" hai0="52,81,34,79,39,37,99,49,24,94,28,43,59" hai1="114,119,48,22,118,25,124,88,125,3,72,15,76" hai2="93,41,73,78,46,117,32,133,11,130,33,83,16" hai3="103,51,126,69,116,57,1,61,42,68,89,56,38"/><V123/><F117/><W96/><G1/><T20/><D34/><U80/><E3/><V115/><F115/><W19/><G38/><T84/><REACH who="0" step="1"/><D43/><REACH who="0" ten="194,225,214,357" step="2"/><U82/><E118/><V10/><F123/><W31/><G42/><T77/><D77/><U47/><E119/><V54/><F41/><W2/><G116/><T27/><D27/><U66/><E114/><V105/><F130/><W50/><G126/><T135/><D135/><U26/><E124/><V91/><F133/><W106/><G69/><T92/><D92/><U18/><E125/><V129/><F129/><W5/><G68/><T35/><D35/><U100/><E66/><V102/><F32/><W4/><G106/><T65/><D65/><U70/><E70/><V85/><F33/><W101/><G57/><T7/><D7/><U36/><E36/><V113/><F113/><W40/><G56/><T55/><D55/><U30/><E100/><AGARI ba="0,1" hai="20,24,28,37,39,49,52,59,79,81,84,94,99,100" machi="100" ten="30,7700,0" yaku="1,1,7,1,52,1,54,1,53,0" doraHai="23" doraHaiUra="86" who="0" fromWho="1" sc="194,87,225,-77,214,0,357,0" /><INIT seed="3,0,0,0,4,16" ten="281,148,214,357" oya="3" hai0="105,32,96,10,53,81,121,80,4,13,47,113,126" hai1="11,19,88,135,83,41,71,21,7,60,34,112,123" hai2="1,100,36,98,91,75,20,73,2,129,55,95,52" hai3="17,37,77,127,31,29,116,125,48,130,51,9,27"/><W134/><G37/><T61/><D121/><U46/><E123/><V70/><F70/><W24/><G77/><T118/><D118/><U114/><E135/><V97/><F36/><W89/><G89/><T103/><D126/><U102/><E34/><V58/><F129/><W101/><G101/><T68/><D113/><U122/><E122/><V92/><F55/><W44/><G116/><T67/><D47/><U82/><E102/><V56/><F58/><W65/><G65/><T43/><D43/><U50/><E71/><V6/><F6/><W86/><G86/><T78/><D78/><U90/><E60/><V64/><F64/><W79/><G51/><T133/><D133/><U33/><E33/><V120/><F120/><W63/><G48/><T5/><D5/><U115/><E83/><V84/><F1/><W23/><G63/><T54/><D54/><U131/><E131/><V59/><F2/><W72/><G134/><T106/><D53/><U8/><E82/><V93/><F56/><W104/><G44/><T132/><D132/><U87/><E7/><V15/><F97/><W107/><G130/><T18/><D105/><U128/><E128/><V111/><F93/><W117/><G107/><T42/><D42/><U94/><REACH who="1" step="1"/><E90/><REACH who="1" ten="281,138,214,357" step="2"/><V25/><F100/><W99/><G127/><T38/><D80/><U22/><E22/><V35/><F20/><W40/><G23/><T76/><D32/><U119/><E119/><V109/><F35/><W26/><G117/><T124/><D124/><U85/><E85/><V66/><F84/><W12/><G125/><T30/><D81/><RYUUKYOKU ba="0,1" sc="281,-10,138,30,214,-10,357,-10" hai1="8,11,19,21,41,46,50,87,88,94,112,114,115" owari="271,7.1,168,-33.2,204,-19.6,357,45.7" /></mjloggm>