<mjloggm ver="2.3"><GO type="225" lobby="0"/><UN n0="%E6%B8%A9%E2%98%85%E6%83%85%E2%98%85%E6%8E%AA%E2%98%85%E7%BD%AE" n1="%E4%BF%BA%E3%81%A8%E5%A6%96%E5%A4%A2" n2="%E4%B8%96%E7%95%8C%E9%81%BA%E7%94%A3%E6%A3%AE%E5%B1%B1%E8%8C%82%E5%92%8C" n3="%72%69%6F%75%63%68%61%6E" dan="17,16,17,16" rate="2156.99,2131.59,2145.72,2205.31" sx="M,F,M,M"/><TAIKYOKU oya="0"/><INIT seed="0,0,0,1,2,29" ten="250,250,250,250" oya="0" hai0="66,42,90,1,116,86,124,60,27,123,62,112,84" hai1="39,49,45,3,14,59,108,0,48,26,53,70,94" hai2="19,32,128,7,20,130,6,127,25,120,63,119,85" hai3="79,129,87,69,50,122,97,51,133,75,15,64,81"/><T121/><D112/><U44/><E70/><V110/><F120/><W125/><G122/><T58/><D116/><U134/><E108/><V40/><F40/><W100/><G129/><N who="2" m="49769" /><F63/><W47/><G125/><T38/><D124/><U30/><E134/><V33/><F127/><W10/><G133/><T82/><D1/><U111/><E111/><V88/><F119/><W67/><G75/><T98/><D98/><U16/><E39/><V102/><F102/><W131/><G131/><T92/><D27/><U21/><E94/><N who="2" m="54543" /><F110/><W24/><G24/><T76/><REACH who="0" step="1"/><D62/><REACH who="0" ten="240,250,250,250" step="2"/><U65/><E0/><V107/><F107/><W78/><G69/><T41/><D41/><U34/><E3/><V113/><F113/><W56/><G51/><T99/><D99/><U80/><E48/><V8/><F8/><W77/><G97/><T83/><D83/><U28/><E80/><V11/><F11/><W109/><G109/><T13/><D13/><U71/><E49/><V89/><F89/><N who="3" m="51439" /><G100/><T68/><D68/><U115/><E71/><V93/><F93/><W135/><G135/><T17/><D17/><U126/><E126/><V91/><F91/><W104/><G104/><T105/><D105/><U2/><E2/><V46/><F46/><AGARI ba="0,1" hai="38,42,46,58,60,66,76,82,84,86,90,92,121,123" machi="46" ten="40,3900,0" yaku="1,1,53,1" doraHai="29" doraHaiUra="36" who="0" fromWho="2" sc="240,49,250,0,250,-39,250,0" /><INIT seed="0,1,0,0,1,97" ten="289,250,211,250" oya="0" hai0="68,122,46,3,16,1,106,14,91,104,6,43,20" hai1="114,70,53,48,8,73,4,21,89,78,60,37,17" hai2="18,99,112,75,33,111,22,133,109,86,125,79,55" hai3="88,51,34,98,28,23,120,121,15,108,61,29,0"/><T96/><D68/><U118/><E118/><V123/><F123/><N who="3" m="47179" /><G108/><N who="2" m="41545" /><F112/><W52/><G0/><T129/><D122/><U9/><E37/><V30/><F75/><W13/><G34/><T36/><D129/><U50/><E114/><V40/><F40/><W92/><G61/><T119/><D119/><U26/><E73/><V69/><F69/><W5/><G5/><T80/><D6/><U11/><E78/><V82/><F125/><W110/><G110/><T84/><REACH who="0" step="1"/><D96/><REACH who="0" ten="279,250,211,250" step="2"/><U93/><E4/><V87/><F99/><W24/><G28/><T117/><D117/><U35/><E70/><V135/><F30/><W81/><G81/><T128/><D128/><U64/><E35/><V47/><F33/><W57/><AGARI ba="1,1" hai="13,15,23,24,29,51,52,57,88,92,98" m="47179" machi="57" ten="30,4000,0" yaku="13,1,54,2" doraHai="97" who="3" fromWho="3" sc="279,-21,250,-11,211,-11,250,53" /><INIT seed="1,0,0,2,1,88" ten="258,239,200,303" oya="1" hai0="87,37,110,61,107,19,1,95,41,29,46,23,102" hai1="120,125,0,25,14,80,64,75,115,113,77,9,108" hai2="43,49,73,66,85,119,90,105,17,81,72,106,48" hai3="47,60,82,129,40,31,15,36,68,38,67,3,20"/><U53/><E120/><V135/><F119/><W4/><G129/><T24/><D110/><U52/><E108/><V34/><F34/><W112/><G112/><T30/><D1/><U39/><E0/><V116/><F116/><W44/><G82/><T16/><D107/><U42/><E125/><V126/><F126/><W76/><G76/><T65/><D30/><U114/><E64/><V98/><F135/><W89/><G3/><T117/><D117/><U127/><E127/><V130/><F130/><W28/><G89/><T118/><D118/><U122/><E122/><V78/><F66/><W51/><G36/><T50/><D37/><U103/><E103/><V96/><F17/><W8/><REACH who="3" step="1"/><G20/><REACH who="3" ten="258,239,200,293" step="2"/><T79/><D79/><U132/><E132/><V69/><F78/><W22/><G22/><T124/><D124/><U83/><E80/><V58/><F90/><W27/><G27/><T7/><D87/><U86/><E25/><V131/><F85/><W59/><G59/><N who="0" m="37055" /><D7/><U63/><E86/><V93/><F131/><W109/><G109/><T13/><D13/><U35/><E35/><V121/><F121/><W57/><G57/><T123/><D123/><U128/><E128/><V84/><F58/><W97/><G97/><AGARI ba="0,1" hai="16,19,23,24,29,41,46,50,95,97,102" m="37055" machi="97" ten="30,7700,0" yaku="25,1,8,1,52,1,54,1" doraHai="88" who="0" fromWho="3" sc="258,87,239,0,200,0,293,-77" /><INIT seed="2,0,0,0,1,35" ten="345,239,200,216" oya="2" hai0="86,13,41,1,38,123,91,120,114,100,66,132,23" hai1="60,14,39,73,134,46,82,117,68,128,57,115,75" hai2="81,27,78,47,90,106,127,76,61,36,70,31,79" hai3="22,44,77,67,0,99,30,80,11,131,6,2,72"/><V51/><F106/><W85/><G131/><T59/><D114/><U7/><E115/><V102/><F102/><W105/><G67/><T17/><D1/><U83/><E117/><V16/><F36/><W101/><G44/><T116/><D116/><U52/><E128/><V26/><F127/><W135/><G135/><T96/><D132/><U133/><E133/><V20/><F61/><W126/><G126/><T87/><D38/><U118/><E118/><V34/><F70/><W124/><G124/><T33/><D33/><U63/><E134/><V49/><F90/><W56/><G56/><T4/><D4/><U43/><E75/><V119/><F119/><W125/><G125/><T40/><D120/><U64/><REACH who="1" step="1"/><E73/><REACH who="1" ten="345,229,200,216" step="2"/><V54/><REACH who="2" step="1"/><F49/><REACH who="2" ten="345,229,190,216" step="2"/><W50/><G50/><T95/><D123/><U71/><E71/><V12/><F12/><W58/><G0/><T98/><D13/><U5/><E5/><V10/><F10/><AGARI ba="0,2" hai="7,10,14,39,43,46,52,57,60,63,64,68,82,83" machi="10" ten="40,5200,0" yaku="1,1,54,1,53,1" doraHai="35" doraHaiUra="69" who="1" fromWho="2" sc="345,0,229,72,190,-52,216,0" /><INIT seed="3,0,0,0,1,26" ten="345,301,138,216" oya="3" hai0="77,113,83,53,87,42,36,100,46,38,24,49,32" hai1="128,57,101,2,62,19,29,17,3,47,61,89,112" hai2="45,66,107,0,106,55,114,131,121,72,40,67,13" hai3="134,79,7,59,74,56,119,126,91,68,35,102,96"/><W135/><G119/><T34/><D113/><U44/><E101/><V18/><F114/><W75/><G68/><T97/><D24/><U129/><E112/><V20/><F121/><W76/><G35/><T117/><D117/><U85/><E85/><V125/><F72/><N who="3" m="27691" /><G7/><T4/><D4/><U28/><E57/><N who="3" m="22090" /><G91/><AGARI ba="0,0" hai="2,3,17,19,28,29,44,47,61,62,89,91,128,129" machi="91" ten="25,6400,0" yaku="22,2,52,2" doraHai="26" who="1" fromWho="3" sc="345,0,301,64,138,0,216,-64" owari="345,14.5,365,46.5,138,-36.2,152,-24.8" /></mjloggm>