<mjloggm ver="2.3"><GO type="225" lobby="0"/><UN n0="%E9%89%A2%E5%B7%BB%E3%82%AC%E3%83%96" n1="%E9%B3%B3%E6%9D%B1%E3%81%AE%E3%81%86%E3%81%95%E3%81%8E%E3%81%95%E3%82%93" n2="%E5%AE%AE%E4%BF%9D%E9%B6%8F%E8%82%89" n3="%E8%81%B7%E6%A5%AD%E3%80%81%E9%A2%A8%32" dan="16,17,16,16" rate="2084.80,2260.14,2112.36,2175.61" sx="M,M,M,M"/><TAIKYOKU oya="0"/><INIT seed="0,0,0,5,3,44" ten="250,250,250,250" oya="0" hai0="1,122,133,36,80,103,83,49,7,27,99,90,39" hai1="134,60,112,87,69,98,50,3,32,85,41,115,92" hai2="53,11,47,131,8,19,121,116,23,89,63,29,132" hai3="6,57,2,10,118,97,12,129,88,79,26,106,18"/><T16/><D122/><U67/><E3/><V104/><F121/><W37/><G129/><T45/><D1/><U84/><E32/><V17/><F131/><W71/><G118/><T66/><D7/><U61/><E61/><V5/><F104/><W33/><G71/><T101/><D133/><U108/><E108/><V40/><F132/><W125/><G125/><T114/><D114/><N who="1" m="43563" /><E134/><V48/><F116/><W28/><G37/><T14/><D66/><U9/><E9/><N who="2" m="3659" /><F5/><W94/><G106/><T109/><D27/><U120/><E120/><V24/><F89/><W58/><REACH who="3" step="1"/><G79/><REACH who="3" ten="250,250,250,240" step="2"/><T72/><D36/><U100/><E41/><V38/><F38/><W30/><G30/><T51/><D39/><U113/><E113/><V73/><F73/><W31/><G31/><T86/><D72/><U42/><E42/><V135/><F135/><W46/><G46/><T52/><D109/><U124/><E124/><V93/><F93/><W130/><G130/><T82/><D49/><AGARI ba="0,1" hai="49,50,60,67,69,84,85,87,92,98,100" m="43563" machi="49" ten="30,3900,0" yaku="11,1,52,2" doraHai="44" who="1" fromWho="0" sc="250,-39,250,49,250,0,240,0" /><INIT seed="1,0,0,2,0,89" ten="211,299,250,240" oya="1" hai0="13,77,4,70,129,114,51,86,92,73,134,59,29" hai1="49,135,42,125,45,94,35,79,25,76,20,67,61" hai2="46,11,116,84,47,128,31,69,8,82,87,130,9" hai3="68,123,60,41,107,78,105,34,38,30,74,102,80"/><U66/><E135/><V52/><F116/><W106/><G123/><T10/><D114/><U108/><E125/><V53/><F69/><W109/><G109/><T62/><D134/><U133/><E133/><V64/><F64/><N who="3" m="40967" /><G41/><T33/><D129/><N who="2" m="49770" /><F31/><W100/><G100/><T115/><D115/><U48/><E35/><V71/><F71/><W0/><G0/><T104/><D104/><U39/><E108/><V72/><F72/><W101/><G101/><T91/><D70/><U132/><E132/><V111/><F111/><W28/><G28/><T24/><D51/><U88/><E48/><V98/><F98/><N who="3" m="61655" /><G38/><T54/><REACH who="0" step="1"/><D73/><REACH who="0" ten="201,299,250,240" step="2"/><U124/><E39/><V14/><F14/><W27/><AGARI ba="0,1" hai="27,30,34,74,78,80,106,107" m="61655,40967" machi="27" ten="30,4000,0" yaku="25,1,33,2" doraHai="89" who="3" fromWho="3" sc="201,-10,299,-20,250,-10,240,50" /><INIT seed="2,0,0,2,0,73" ten="191,279,240,290" oya="2" hai0="114,106,30,62,100,74,16,101,53,33,117,55,82" hai1="25,102,43,134,18,35,48,52,44,105,97,6,37" hai2="119,27,1,38,5,11,60,57,78,103,96,50,75" hai3="120,15,113,85,121,21,3,81,68,65,31,109,104"/><V118/><F38/><W63/><G109/><T72/><D114/><U13/><E134/><V112/><F112/><W34/><G3/><T94/><D117/><U14/><E6/><V115/><F115/><W116/><G116/><T39/><D39/><U7/><E7/><V28/><F50/><W26/><G104/><T80/><D106/><U70/><E70/><V135/><F135/><W69/><G69/><T87/><D30/><U22/><REACH who="1" step="1"/><E35/><REACH who="1" ten="191,269,240,290" step="2"/><V41/><F118/><W32/><G32/><T107/><D33/><U88/><E88/><V4/><F4/><W54/><G113/><T66/><D101/><U130/><E130/><V51/><F119/><W47/><G34/><T126/><D100/><U61/><E61/><V111/><F60/><W40/><G68/><T77/><D62/><U29/><E29/><V0/><F0/><W89/><G31/><T36/><D126/><U83/><E83/><V95/><F1/><W125/><G81/><T49/><D82/><U86/><E86/><V59/><F5/><W23/><G85/><T8/><D87/><U128/><E128/><V79/><F111/><W19/><G89/><T46/><D80/><U67/><E67/><V10/><F75/><W93/><G65/><T123/><D66/><U99/><E99/><V98/><F96/><W71/><G71/><T133/><D74/><U45/><AGARI ba="0,1" hai="13,14,18,22,25,37,43,44,45,48,52,97,102,105" machi="45" ten="20,5200,0" yaku="1,1,0,1,7,1,54,1,53,0" doraHai="73" doraHaiUra="110" who="1" fromWho="1" sc="191,-13,269,62,240,-26,290,-13" /><INIT seed="3,0,0,3,4,116" ten="178,331,214,277" oya="3" hai0="13,113,26,74,29,84,54,72,38,80,124,126,20" hai1="17,75,35,0,95,110,89,48,50,42,15,39,94" hai2="30,69,3,22,60,21,119,102,77,33,43,41,98" hai3="56,53,79,58,36,112,27,6,5,104,78,90,114"/><W100/><G36/><T28/><D38/><U31/><E0/><V1/><F119/><W115/><G100/><T118/><D118/><U34/><E75/><V45/><F77/><W61/><G104/><T132/><D72/><U123/><E123/><V111/><F111/><W14/><G90/><T47/><D74/><U64/><E110/><V120/><F33/><W4/><G14/><T117/><D117/><U40/><E35/><V65/><F120/><W70/><G70/><T16/><D132/><U103/><E64/><V127/><F127/><W107/><G107/><T32/><D113/><U67/><E67/><V88/><F88/><W66/><G27/><T46/><D29/><U122/><E122/><V91/><F91/><W82/><G82/><T12/><D12/><U96/><E34/><V92/><F43/><N who="1" m="16425" /><E31/><V19/><F30/><W76/><G66/><T99/><D99/><N who="1" m="59895" /><E39/><V131/><F131/><W11/><G11/><AGARI ba="0,0" hai="11,15,17,48,50,89,95,96" m="59895,16425" machi="11" ten="30,1000,0" yaku="8,1" doraHai="116" who="1" fromWho="3" sc="178,0,331,10,214,0,277,-10" owari="178,-32.2,341,44.1,214,-18.6,267,6.7" /></mjloggm>