<mjloggm ver="2.3"><GO type="225" lobby="0"/><UN n0="%73%75%7A%75%6D%65%33" n1="%E3%83%B4%E3%83%A0%EF%BC%99%E3%81%A6" n2="%E6%A1%9C%E8%8A%B1%E9%96%83%E3%80%85" n3="%E6%97%A5%E6%9B%9C%E6%97%A5%E3%82%88%E3%82%8A%E3%81%AE%E4%BD%BF%E8%80%85" dan="16,17,18,17" rate="2186.74,2179.26,2252.07,2149.27" sx="M,M,M,M"/><TAIKYOKU oya="0"/><INIT seed="0,0,0,3,0,27" ten="250,250,250,250" oya="0" hai0="46,38,117,114,34,9,72,17,61,131,2,66,115" hai1="125,97,83,15,43,37,8,60,44,87,80,134,45" hai2="5,20,82,28,127,52,118,21,24,86,90,3,99" hai3="40,122,22,19,18,124,65,73,67,7,47,64,120"/><T106/><D117/><U74/><E125/><V51/><F127/><W53/><G73/><T107/><D131/><U100/><E134/><V23/><F118/><W79/><G124/><T102/><D17/><U4/><E74/><V112/><F112/><W130/><G130/><T108/><D108/><U39/><E60/><V84/><F99/><W54/><G79/><T77/><D34/><U50/><E87/><V101/><F101/><W98/><G7/><N who="0" m="1271" /><D102/><U88/><E37/><V57/><F3/><W14/><G98/><T129/><D129/><U31/><E31/><V85/><F5/><W92/><G92/><T70/><D115/><U63/><E63/><V132/><F132/><W1/><G1/><T81/><D114/><U95/><REACH who="1" step="1"/><E100/><REACH who="1" ten="250,240,250,250" step="2"/><V133/><F133/><W76/><G76/><T29/><D29/><U35/><E35/><V41/><F85/><W96/><G96/><T111/><D111/><U126/><E126/><V123/><F123/><N who="3" m="47147" /><G19/><T116/><D116/><U33/><E33/><V78/><REACH who="2" step="1"/><F41/><AGARI ba="0,1" hai="38,41,46,61,66,70,72,77,81,106,107" m="1271" machi="41" ten="30,5800,0" yaku="25,1,33,2" doraHai="27" who="0" fromWho="2" sc="250,68,240,0,250,-58,250,0" /><AGARI ba="0,0" hai="4,8,15,39,41,43,44,45,50,80,83,88,95,97" machi="41" ten="30,7700,0" yaku="1,1,7,1,54,1,53,1" doraHai="27" doraHaiUra="0" who="1" fromWho="2" sc="318,0,240,77,192,-77,250,0" /><INIT seed="0,1,0,4,5,69" ten="318,317,115,250" oya="0" hai0="46,132,7,81,72,92,59,75,105,116,63,0,13" hai1="42,53,122,94,25,87,31,91,127,51,23,21,88" hai2="125,82,95,113,99,104,114,93,62,76,135,134,4" hai3="118,89,111,37,100,27,48,2,20,28,106,130,107"/><T26/><D116/><U103/><E122/><V117/><F4/><W67/><G118/><T128/><D105/><U47/><E127/><V44/><F117/><W90/><G2/><T38/><D128/><U49/><E21/><V5/><F5/><W73/><G73/><T40/><D132/><N who="2" m="50730" /><F62/><W85/><G130/><T39/><D26/><U61/><E61/><V54/><F54/><W14/><G67/><T109/><D109/><U80/><E103/><N who="2" m="62591" /><F44/><W96/><G111/><T84/><D92/><N who="2" m="35402" /><F125/><W22/><G107/><T57/><D0/><U71/><E71/><V126/><F126/><W8/><G48/><N who="0" m="26695" /><D75/><AGARI ba="1,0" hai="75,76,82,113,114" m="35402,62591,50730" machi="75" ten="30,3900,0" yaku="20,1,34,2" doraHai="69" who="2" fromWho="0" sc="318,-42,317,0,115,42,250,0" /><INIT seed="1,0,0,3,5,34" ten="276,317,157,250" oya="1" hai0="90,98,46,72,86,21,97,37,27,2,115,84,70" hai1="16,68,119,5,110,99,125,79,133,57,47,6,75" hai2="81,35,67,100,114,96,120,88,17,73,39,83,92" hai3="65,124,25,121,24,106,36,74,22,103,76,94,14"/><U53/><E119/><V13/><F120/><W63/><G121/><T38/><D70/><U60/><E125/><V49/><F39/><W107/><G36/><T28/><D72/><U101/><E133/><V3/><F114/><W52/><G124/><T82/><D115/><U51/><E68/><V129/><F129/><W55/><G74/><T31/><D2/><U45/><E110/><V23/><F35/><W135/><G76/><T41/><D37/><U118/><E118/><V80/><F3/><W62/><G107/><T104/><D104/><U33/><E33/><V32/><F32/><W54/><G106/><T0/><D31/><U105/><E47/><V64/><F73/><W131/><G131/><T43/><D43/><U10/><E79/><V12/><F49/><W77/><G77/><T130/><D130/><U127/><E127/><V71/><F71/><W11/><G135/><T48/><D0/><U59/><E59/><V42/><F42/><W117/><G117/><T61/><D61/><N who="3" m="23049" /><G22/><T91/><REACH who="0" step="1"/><D38/><REACH who="0" ten="266,317,157,250" step="2"/><U109/><E75/><V128/><F128/><W132/><G132/><T44/><D44/><U85/><E109/><V111/><F111/><W95/><G65/><T40/><D40/><U29/><E29/><V87/><REACH who="2" step="1"/><F13/><REACH who="2" ten="266,317,147,250" step="2"/><W4/><G14/><T56/><D56/><U9/><E57/><V50/><F50/><W26/><G26/><T15/><D15/><N who="1" m="7279" /><E10/><V8/><F8/><W134/><G134/><T116/><D116/><U102/><E51/><V19/><F19/><W30/><G24/><T112/><D112/><U78/><E45/><V123/><F123/><RYUUKYOKU ba="0,2" sc="266,15,317,-15,147,15,250,-15" hai0="21,27,28,41,46,48,82,84,86,90,91,97,98" hai2="12,17,23,64,67,80,81,83,87,88,92,96,100" /><INIT seed="2,1,2,3,5,42" ten="281,302,162,235" oya="2" hai0="75,29,17,68,62,7,64,77,78,48,120,10,19" hai1="100,87,30,116,21,95,114,20,112,65,18,115,98" hai2="85,106,13,119,88,134,76,80,121,73,86,97,135" hai3="25,0,36,126,27,54,108,124,45,61,12,66,55"/><V89/><F13/><W117/><G0/><T63/><D120/><U103/><E116/><V52/><F121/><W93/><G93/><T6/><D29/><U26/><E65/><V31/><F31/><W83/><G83/><T72/><D48/><U111/><E111/><V24/><F24/><N who="3" m="9291" /><G12/><T11/><D64/><U92/><E20/><V99/><F119/><W39/><G117/><T33/><REACH who="0" step="1"/><D68/><REACH who="0" ten="271,302,162,235" step="2"/><U110/><E30/><V53/><F73/><W43/><G36/><T122/><D122/><U22/><E110/><V56/><F76/><W16/><G108/><T41/><D41/><U38/><E112/><V34/><F34/><AGARI ba="1,3" hai="6,7,10,11,17,19,33,34,62,63,72,75,77,78" machi="34" ten="25,3200,0" yaku="1,1,22,2,53,0" doraHai="42" doraHaiUra="127" who="0" fromWho="2" sc="271,65,302,0,162,-35,235,0" /><INIT seed="3,0,0,2,5,81" ten="336,302,127,235" oya="3" hai0="121,107,96,99,109,57,131,12,114,76,115,4,27" hai1="89,135,43,105,69,19,31,8,20,30,16,40,2" hai2="120,23,86,94,21,26,95,15,100,110,68,48,91" hai3="17,126,87,108,106,18,132,124,61,55,97,74,44"/><W83/><G74/><T77/><D131/><U64/><E105/><V65/><F110/><W92/><G106/><T119/><D109/><U51/><E69/><V39/><F39/><W25/><G108/><T79/><D121/><U117/><E64/><V116/><F116/><W134/><G44/><T50/><D119/><U46/><E117/><V125/><F120/><W104/><G104/><T129/><D129/><U71/><E71/><V67/><F125/><N who="3" m="48235" /><G55/><N who="0" m="31991" /><D107/><U85/><E135/><N who="3" m="51754" /><G25/><T0/><D0/><U103/><E103/><V56/><F68/><W63/><G63/><T84/><D27/><N who="1" m="14727" /><E2/><V52/><F15/><W47/><G47/><T1/><D1/><U102/><E102/><V111/><F111/><W54/><G54/><T73/><D73/><U14/><E40/><V36/><F36/><W35/><G61/><T29/><D29/><U13/><E13/><V72/><F72/><W101/><G35/><T45/><D45/><U62/><E62/><V58/><F58/><W53/><G53/><T42/><D42/><U37/><E37/><V113/><F113/><W90/><AGARI ba="0,0" hai="17,18,83,87,90,92,97,101" m="51754,48235" machi="90" ten="30,6000,0" yaku="18,1,20,1,52,1" doraHai="81" who="3" fromWho="3" sc="336,-20,302,-20,127,-20,235,60" /><INIT seed="3,1,0,4,4,76" ten="316,282,107,295" oya="3" hai0="98,133,91,70,60,126,111,1,47,116,32,130,131" hai1="86,42,119,66,120,35,105,40,102,112,63,90,48" hai2="6,109,22,99,117,100,106,15,64,123,93,53,115" hai3="71,34,128,11,28,65,74,80,75,43,49,21,29"/><W94/><G34/><T61/><BYE who="1" /><D116/><U89/><E89/><V69/><F117/><W129/><G11/><UN n1="%E3%83%B4%E3%83%A0%EF%BC%99%E3%81%A6" /><T24/><D111/><U26/><E120/><V17/><F115/><W16/><G94/><N who="0" m="56671" /><D133/><U81/><E112/><V125/><F125/><W96/><G96/><T132/><D132/><U67/><E119/><V38/><F109/><W31/><G65/><T78/><D126/><U124/><E124/><V114/><F114/><W8/><G8/><T122/><D1/><U36/><E36/><V83/><F123/><W0/><G71/><T52/><D78/><U9/><E9/><V39/><F106/><W56/><G80/><T88/><D122/><U77/><E77/><V55/><F6/><W104/><G0/><T7/><D7/><U19/><E67/><V45/><F69/><W51/><G104/><T41/><D88/><U92/><E92/><V101/><F64/><W14/><G43/><T44/><D70/><N who="1" m="42335" /><E48/><N who="3" m="18506" /><G56/><N who="0" m="34823" /><D61/><U10/><E10/><V73/><F100/><W134/><G134/><T107/><D107/><U57/><E57/><V37/><REACH who="2" step="1"/><F45/><REACH who="2" ten="316,282,97,295" step="2"/><W97/><G97/><T135/><D135/><U30/><E102/><V23/><F23/><W118/><G118/><T127/><D127/><U54/><E105/><V18/><F18/><W46/><G46/><T5/><D5/><U113/><E113/><V121/><F121/><W33/><G33/><T62/><D44/><U59/><E19/><V108/><F108/><W110/><G110/><T103/><D47/><U20/><E35/><V4/><F4/><W72/><G16/><T82/><D32/><U2/><E2/><RYUUKYOKU ba="1,1" sc="316,-30,282,10,97,10,295,10" hai1="20,26,30,40,42,54,59,81,86,90" hai2="15,17,22,37,38,39,53,55,73,83,93,99,101" hai3="14,21,28,29,31,72,74,75,128,129" owari="286,-11.4,292,9.2,107,-39.3,315,41.5" /></mjloggm>