<mjloggm ver="2.3"><GO type="225" lobby="0"/><UN n0="%E3%83%81%E3%83%AF%E3%83%AF%E9%9A%8A%E9%95%B7" n1="%E6%81%A5%E6%99%92%E3%81%97" n2="%E3%81%B5%E3%81%98%E3%81%8B%E3%81%A4" n3="%E8%90%BD%E6%97%A5" dan="16,16,16,16" rate="2176.28,2085.74,2186.04,2146.19" sx="M,M,M,F"/><TAIKYOKU oya="0"/><INIT seed="0,0,0,1,0,0" ten="250,250,250,250" oya="0" hai0="74,14,43,97,90,24,128,34,69,58,32,95,93" hai1="72,124,15,76,129,118,31,35,134,132,64,88,42" hai2="61,8,110,126,77,39,112,30,37,45,87,25,10" hai3="119,48,40,79,52,67,100,101,85,56,78,23,54"/><T104/><D69/><U133/><E118/><V4/><F112/><W22/><G119/><T121/><D121/><U53/><E124/><V11/><F126/><W86/><G40/><T57/><D74/><U75/><E76/><V26/><F110/><W59/><REACH who="3" step="1"/><G48/><REACH who="3" ten="250,250,250,240" step="2"/><T2/><D43/><U9/><E42/><V103/><F39/><W19/><G19/><T46/><D128/><U49/><E129/><V109/><F37/><W60/><G60/><T5/><D34/><U89/><E35/><V18/><F61/><W28/><G28/><T130/><D32/><U1/><E31/><V135/><F30/><W80/><G80/><T41/><D130/><U70/><E70/><V21/><F109/><W63/><G63/><T91/><D41/><U83/><E64/><AGARI ba="0,1" hai="22,23,52,54,56,59,64,67,78,79,85,86,100,101" machi="64" ten="25,12000,2" yaku="1,1,22,2,8,1,54,1,53,2" doraHai="0" doraHaiUra="98" who="3" fromWho="1" sc="250,0,250,-120,250,0,240,130" /><INIT seed="1,0,0,0,2,63" ten="250,130,250,370" oya="1" hai0="131,15,27,118,12,72,95,66,23,18,46,48,88" hai1="130,52,3,21,124,98,81,108,53,127,9,135,44" hai2="10,105,50,134,71,125,60,37,75,34,79,74,112" hai3="82,110,7,96,99,84,54,92,6,94,128,86,45"/><U93/><E130/><V76/><F50/><N who="3" m="29007" /><G128/><T103/><D131/><U80/><E135/><V38/><F10/><W117/><G110/><T73/><D118/><U51/><E108/><V121/><F60/><W100/><G117/><T107/><D107/><U22/><E3/><V8/><F8/><W32/><G32/><T90/><D103/><U2/><E9/><V36/><F121/><W62/><G62/><T56/><D73/><U30/><E2/><V104/><F38/><W133/><G133/><T113/><D72/><U0/><E0/><V87/><F87/><N who="3" m="33323" /><G82/><N who="1" m="31850" /><E53/><V122/><F134/><W78/><G78/><T1/><D1/><U120/><E30/><V114/><F122/><W68/><G68/><T115/><D115/><U5/><E5/><V123/><F123/><W111/><G111/><T102/><D113/><U17/><E17/><V43/><F71/><W101/><AGARI ba="0,0" hai="6,7,92,94,96,99,100,101" m="33323,29007" machi="101" ten="30,1100,0" yaku="8,1" doraHai="63" who="3" fromWho="3" sc="250,-3,130,-5,250,-3,370,11" /><INIT seed="2,0,0,3,4,49" ten="247,125,247,381" oya="2" hai0="75,106,107,52,51,96,23,5,12,2,117,100,54" hai1="119,80,60,41,87,27,105,46,35,63,120,133,88" hai2="118,18,22,102,42,70,114,21,56,48,4,89,61" hai3="62,135,16,20,98,25,72,90,14,57,30,74,111"/><V93/><F114/><W59/><G111/><T68/><D2/><U91/><E119/><V134/><F118/><W17/><G135/><T71/><D117/><U47/><E105/><V82/><F134/><W0/><G0/><T8/><D75/><U101/><E133/><V128/><F70/><W126/><G126/><T66/><D107/><U6/><E120/><V76/><F102/><W34/><G59/><T55/><D66/><U19/><E101/><V26/><F4/><W121/><G121/><T129/><D129/><U11/><E35/><V38/><F38/><W40/><G40/><T131/><D131/><U115/><E115/><V10/><F10/><W67/><G17/><T116/><D116/><U86/><E6/><V64/><F22/><W58/><G58/><T77/><D77/><U9/><E27/><V108/><F108/><W44/><G44/><T53/><REACH who="0" step="1"/><D23/><REACH who="0" ten="237,125,247,381" step="2"/><U124/><E124/><V125/><F125/><W122/><G122/><T99/><D99/><U37/><E19/><V1/><F1/><W31/><G31/><T132/><D132/><U95/><REACH who="1" step="1"/><E47/><AGARI ba="0,1" hai="5,8,12,47,51,52,53,54,55,68,71,96,100,106" machi="47" ten="40,12000,2" yaku="1,1,52,4,54,1,53,1" doraHai="49" doraHaiUra="43" who="0" fromWho="1" sc="237,130,125,-120,247,0,381,0" /><INIT seed="3,0,0,2,2,27" ten="367,5,247,381" oya="3" hai0="69,48,132,12,66,52,24,68,33,60,106,120,118" hai1="10,1,117,99,110,40,79,58,17,63,108,38,43" hai2="133,3,25,116,49,16,123,51,4,28,128,95,129" hai3="100,42,46,65,82,92,115,113,0,78,14,130,98"/><W29/><G0/><T44/><D118/><U15/><E99/><V90/><F116/><W85/><G130/><N who="2" m="50281" /><F49/><W47/><G47/><T86/><D120/><U96/><E96/><V50/><F51/><W80/><G29/><T122/><D122/><U135/><E79/><V72/><F50/><W67/><G113/><T55/><D106/><U30/><E1/><V71/><F90/><W61/><G115/><T57/><D132/><U103/><E103/><V114/><F95/><W5/><G82/><T93/><D12/><U94/><E94/><V121/><F72/><W76/><G76/><T9/><D9/><U124/><E135/><V107/><F107/><W77/><G77/><T39/><D39/><U56/><E117/><V88/><F71/><W7/><G14/><T109/><D109/><U73/><E73/><V54/><F88/><W32/><G32/><T102/><D66/><U11/><E124/><V2/><F54/><W97/><G97/><T125/><D125/><U89/><E89/><V70/><F70/><W111/><G111/><T6/><D102/><U75/><E75/><V26/><F133/><W45/><G67/><T126/><D126/><U19/><E15/><V74/><F74/><W101/><G101/><T36/><D36/><U84/><E38/><V23/><F114/><W13/><G13/><T91/><D6/><N who="3" m="2057" /><G42/><T59/><D44/><U104/><E104/><V127/><F127/><W119/><G119/><T83/><D83/><U22/><E63/><V20/><F3/><W64/><G61/><T37/><D37/><U105/><E105/><V62/><F62/><RYUUKYOKU ba="0,0" sc="367,10,5,-30,247,10,381,10" hai0="24,33,48,52,55,57,59,60,68,69,86,91,93" hai2="2,4,16,20,23,25,26,28,121,123" hai3="45,46,64,65,78,80,85,92,98,100" owari="377,17.7,-25,-52.5,257,-14.3,391,49.1" /></mjloggm>