<mjloggm ver="2.3"><GO type="225" lobby="0"/><UN n0="%E3%81%95%E3%81%8D%E3%81%9F%E3%81%BE%E6%9E%97%E6%AA%8E" n1="%E3%81%A1%E3%82%85%E3%81%86%E3%81%A9%E3%81%8F%E8%B1%A1%E3%81%95%E3%82%93" n2="%E8%A8%88%E7%AE%97%E6%A9%9F%E8%87%AA%E7%84%B6" n3="%E3%81%8F%E3%81%BE%E3%81%96%E3%82%8F" dan="16,17,17,16" rate="2132.80,2124.06,2172.06,2068.58" sx="M,M,M,M"/><TAIKYOKU oya="0"/><INIT seed="0,0,0,1,4,0" ten="250,250,250,250" oya="0" hai0="7,2,109,68,22,126,135,35,132,94,23,85,86" hai1="46,120,70,54,72,28,59,48,125,79,17,99,67" hai2="122,45,18,129,100,91,95,34,89,63,128,74,9" hai3="133,60,1,11,84,66,81,134,106,10,123,115,92"/><T121/><BYE who="3" /><D121/><U75/><E120/><V42/><F122/><UN n3="%E3%81%8F%E3%81%BE%E3%81%96%E3%82%8F" /><W56/><G123/><RYUUKYOKU type="kaze4" ba="0,0" sc="250,0,250,0,250,0,250,0" /><INIT seed="0,1,0,5,4,94" ten="250,250,250,250" oya="0" hai0="50,43,105,0,89,129,100,20,56,124,76,115,2" hai1="112,114,28,36,63,131,111,85,123,130,87,134,82" hai2="119,8,71,68,45,1,54,86,97,108,46,55,12" hai3="125,11,110,58,5,35,10,7,39,37,29,122,49"/><T19/><D115/><N who="1" m="44075" /><E36/><V3/><F108/><W80/><G110/><T21/><D76/><U9/><E111/><V95/><F86/><W67/><G122/><T16/><D124/><U41/><E41/><V22/><F22/><W62/><G125/><T103/><D89/><U81/><E28/><V25/><F25/><W65/><G35/><T18/><D43/><U48/><E48/><V92/><F12/><W99/><G29/><T78/><D78/><N who="1" m="46263" /><E9/><V17/><F8/><W30/><G30/><T15/><D129/><N who="1" m="49163" /><E63/><V127/><F127/><W96/><G62/><T4/><D0/><U52/><E52/><V74/><F17/><W6/><G6/><T98/><D2/><U107/><E134/><V101/><F54/><W113/><G113/><T47/><D56/><U116/><E116/><V120/><F119/><W109/><G109/><T121/><D50/><U59/><E59/><V77/><F1/><W73/><G49/><T40/><D40/><U66/><E66/><V44/><F3/><W53/><G58/><T14/><D47/><U128/><N who="1" m="49171" /><U133/><DORA hai="72" /><E133/><V64/><F55/><W118/><G118/><T84/><D19/><U51/><E51/><V117/><F117/><W126/><G126/><T104/><D4/><U135/><E135/><V27/><F44/><W102/><G53/><T83/><D18/><U33/><E33/><V69/><F45/><W75/><G39/><T70/><D16/><U34/><E34/><V26/><F46/><W91/><G37/><T57/><D57/><U88/><E107/><V42/><F42/><W90/><G80/><RYUUKYOKU ba="1,0" sc="250,-15,250,15,250,-15,250,15" hai1="82,87,88,123" hai3="5,7,10,11,65,67,73,75,90,91,96,99,102" /><INIT seed="1,2,0,0,0,48" ten="235,265,235,265" oya="1" hai0="121,49,90,103,88,134,46,70,27,19,73,92,79" hai1="80,41,106,43,15,131,68,74,45,61,56,52,96" hai2="128,100,25,38,105,66,20,40,112,39,94,126,99" hai3="32,101,37,24,115,14,78,10,8,120,111,53,35"/><U87/><E74/><V93/><F128/><W67/><G115/><T89/><D70/><U71/><E131/><V58/><F112/><W60/><G120/><T4/><D4/><U102/><E15/><V0/><F0/><W12/><G111/><T95/><D121/><U44/><E44/><V21/><F126/><W124/><G37/><T42/><D134/><U13/><E13/><V31/><F20/><W7/><G124/><T11/><D73/><U2/><E2/><V1/><F1/><W57/><G78/><T86/><D103/><U47/><E47/><V29/><F29/><W76/><G76/><T75/><D75/><U123/><E123/><V22/><F22/><W84/><G101/><T30/><D11/><U91/><E43/><V116/><F116/><W77/><G24/><T110/><D110/><U54/><E54/><V118/><F40/><W28/><G28/><T63/><D63/><U23/><E23/><V117/><F118/><W55/><G35/><T69/><D69/><U9/><E9/><V65/><F117/><W36/><G36/><AGARI ba="2,0" hai="36,41,45,52,56,61,68,71,80,87,91,96,102,106" machi="36" ten="30,5800,0" yaku="7,1,52,1,54,1" doraHai="48" who="1" fromWho="3" sc="235,0,265,64,235,0,265,-64" /><INIT seed="1,3,0,0,5,76" ten="235,329,235,201" oya="1" hai0="100,70,119,15,83,102,3,104,113,43,67,30,11" hai1="125,26,24,45,121,74,2,126,5,81,110,117,80" hai2="25,72,28,59,96,18,38,73,101,8,93,27,58" hai3="49,78,34,71,128,61,84,87,79,95,56,89,20"/><U130/><E117/><V48/><F38/><W66/><G128/><T68/><D113/><U50/><E121/><V98/><F48/><W94/><G34/><T127/><D3/><U0/><E130/><V85/><F85/><W6/><G6/><T134/><D134/><U122/><E122/><V62/><F58/><W90/><REACH who="3" step="1"/><G20/><REACH who="3" ten="235,329,235,191" step="2"/><T118/><D119/><U1/><E5/><V13/><F25/><W7/><G7/><T75/><D118/><U116/><E116/><V47/><F27/><W109/><G109/><T114/><D114/><U57/><E110/><V40/><F28/><W82/><G82/><T54/><D83/><N who="1" m="31819" /><E74/><V41/><F72/><W111/><G111/><T53/><D75/><U60/><E24/><V39/><F73/><W42/><G42/><T131/><D43/><N who="1" m="24895" /><E26/><V92/><F39/><W97/><G97/><T52/><D30/><U115/><E115/><V44/><F40/><W123/><G123/><T35/><D35/><U16/><E16/><V55/><REACH who="2" step="1"/><F41/><REACH who="2" ten="235,329,225,191" step="2"/><W107/><G107/><T51/><D104/><U77/><E77/><V133/><F133/><W120/><G120/><T32/><D32/><U37/><E37/><V10/><F10/><W108/><G108/><T21/><D11/><U86/><E86/><V17/><F17/><W14/><G14/><T23/><D15/><U29/><E29/><V46/><F46/><W88/><G88/><AGARI ba="3,2" hai="8,13,18,44,47,55,59,62,88,92,93,96,98,101" machi="88" ten="30,7700,0" yaku="1,1,7,1,8,1,54,1,53,0" doraHai="76" doraHaiUra="129" who="2" fromWho="3" sc="235,0,329,0,225,106,191,-86" /><INIT seed="2,0,0,0,0,35" ten="235,329,331,105" oya="2" hai0="58,132,109,9,18,123,61,65,110,102,134,84,91" hai1="129,124,5,27,4,11,114,116,121,53,59,103,22" hai2="21,60,104,33,76,122,30,135,73,15,54,41,13" hai3="47,69,99,71,34,8,50,67,97,88,3,78,112"/><V81/><F122/><W48/><G112/><T24/><D102/><U89/><E114/><V49/><F104/><W23/><G34/><T12/><D24/><U107/><E116/><V111/><F33/><W25/><G78/><T105/><D105/><U1/><E121/><V0/><F135/><N who="0" m="51754" /><D123/><U40/><E5/><V46/><F111/><W82/><G71/><T66/><D66/><U80/><E124/><V87/><F73/><W32/><G32/><T117/><D117/><U118/><E118/><V45/><F0/><W43/><G69/><T101/><D101/><U95/><E129/><V131/><F131/><W126/><G67/><T55/><D65/><U108/><E108/><V86/><F86/><W75/><G126/><T120/><D120/><U29/><E80/><AGARI ba="0,0" hai="9,12,18,55,58,61,80,84,91,109,110" m="51754" machi="80" ten="30,1000,0" yaku="20,1" doraHai="35" who="0" fromWho="1" sc="235,10,329,-10,331,0,105,0" /><INIT seed="3,0,0,5,4,64" ten="245,319,331,105" oya="3" hai0="96,112,0,2,105,109,101,22,106,134,42,26,17" hai1="46,47,66,56,133,57,45,128,118,24,1,115,111" hai2="70,30,80,98,114,103,123,38,33,51,84,28,69" hai3="78,120,88,73,13,29,65,119,131,34,10,93,58"/><W41/><G119/><T71/><D109/><U16/><E115/><V19/><F38/><W36/><G120/><T102/><D42/><U104/><E104/><V92/><F114/><W44/><G131/><T50/><D112/><U86/><E1/><V108/><F108/><W3/><G34/><T107/><D50/><U81/><E111/><V117/><F117/><W8/><G29/><T95/><D134/><U5/><E118/><V99/><F123/><W21/><G21/><T39/><D39/><U121/><E121/><V48/><F69/><W4/><G65/><T63/><D102/><U82/><E133/><V12/><F70/><W60/><G60/><T59/><D71/><U54/><E5/><V127/><F98/><W37/><G37/><T124/><D124/><U23/><E128/><V15/><F15/><W6/><G58/><T62/><D62/><N who="1" m="38215" /><E86/><V67/><F67/><W130/><G130/><T11/><D11/><U32/><E32/><V91/><F127/><W116/><G116/><T25/><D25/><U122/><E122/><V77/><F103/><W49/><G49/><AGARI ba="0,0" hai="16,23,24,45,46,47,49,54,57,81,82" m="38215" machi="49" ten="30,2000,0" yaku="8,1,54,1" doraHai="64" who="1" fromWho="3" sc="245,0,319,20,331,0,105,-20" owari="245,-15.5,339,43.9,331,13.1,85,-41.5" /></mjloggm>