<mjloggm ver="2.3"><GO type="225" lobby="0"/><UN n0="%6D%75%75%6D%75%72%61" n1="%E3%81%AF%E3%82%88%E3%81%8A%E3%81%98%E3%81%95%E3%82%93" n2="%E5%8F%AF%E5%85%90%E9%82%A3%E7%94%B1%E5%A4%9A" n3="%E5%86%B7%E5%87%8D%E3%82%AE%E3%83%A7%E3%83%BC%E3%82%B6" dan="17,17,17,16" rate="2236.50,2149.46,2254.56,2132.64" sx="F,M,F,M"/><TAIKYOKU oya="0"/><INIT seed="0,0,0,1,3,114" ten="250,250,250,250" oya="0" hai0="125,88,41,113,8,52,101,85,118,57,83,28,44" hai1="129,76,122,13,35,40,34,69,124,6,81,60,128" hai2="45,108,50,4,103,7,61,20,72,49,65,33,79" hai3="26,32,22,54,105,135,42,27,112,84,91,2,132"/><T0/><D113/><U77/><E122/><V73/><F33/><W82/><G112/><T99/><D125/><U66/><E124/><V93/><F108/><W80/><G2/><T30/><D118/><U14/><E40/><V75/><F79/><W87/><G105/><T3/><D3/><U29/><E76/><V63/><F20/><W110/><G110/><T98/><D0/><U43/><E43/><V92/><F103/><W86/><G42/><T11/><D44/><U62/><E60/><N who="2" m="23115" /><F65/><W70/><G70/><T107/><D41/><U59/><E69/><V130/><F45/><W120/><G120/><T116/><D99/><U1/><E1/><V106/><F106/><W109/><G109/><T51/><REACH who="0" step="1"/><D116/><REACH who="0" ten="240,250,250,250" step="2"/><U90/><E66/><V123/><F123/><W68/><G68/><T46/><D46/><U96/><E96/><V55/><F55/><W25/><G54/><T111/><D111/><U127/><E127/><V19/><F130/><W21/><G32/><T89/><D89/><U64/><E90/><V15/><F73/><W94/><G132/><T117/><D117/><U71/><E71/><V37/><F75/><W36/><G135/><T24/><D24/><N who="1" m="18727" /><E35/><V38/><F72/><W97/><G36/><T100/><D100/><U102/><E102/><V16/><F38/><W131/><G131/><T31/><AGARI ba="0,1" hai="8,11,28,30,31,51,52,57,83,85,88,98,101,107" machi="31" ten="30,11700,0" yaku="1,1,0,1,54,2,53,0" doraHai="114" doraHaiUra="121" who="0" fromWho="0" sc="240,127,250,-39,250,-39,250,-39" /><INIT seed="0,1,0,1,1,117" ten="367,211,211,211" oya="0" hai0="33,128,47,94,19,91,36,88,54,67,16,4,20" hai1="21,6,68,48,41,105,134,34,110,114,45,132,52" hai2="28,109,81,37,57,13,40,32,46,86,49,95,69" hai3="56,118,131,121,123,10,113,79,2,60,76,50,135"/><T124/><D33/><U65/><E34/><V97/><F109/><W27/><G113/><T73/><D73/><U103/><E110/><V74/><F74/><W51/><G118/><T55/><D128/><U5/><E114/><V14/><F69/><W75/><G27/><T85/><D124/><U89/><E89/><V64/><F32/><W53/><G131/><T119/><D119/><U87/><E87/><V15/><F28/><W58/><G135/><N who="1" m="51754" /><E21/><V7/><F37/><W93/><G93/><T92/><D4/><U17/><E17/><V82/><F7/><N who="3" m="1399" /><G50/><T83/><D67/><U70/><E41/><V12/><N who="2" m="3072" /><DORA hai="0" /><V120/><F86/><W116/><G75/><T3/><D3/><U18/><E18/><N who="0" m="6697" /><D36/><U99/><E68/><V104/><F104/><W31/><G31/><T98/><D20/><U30/><E30/><V44/><F44/><W29/><G29/><T35/><D35/><U39/><E39/><V66/><F66/><N who="3" m="39175" /><G116/><T90/><D47/><U100/><E103/><N who="2" m="60863" /><F64/><W108/><G108/><T22/><D22/><U11/><E11/><V125/><F57/><W84/><G84/><AGARI ba="1,0" hai="54,55,83,84,85,88,90,91,92,94,98" m="6697" machi="84" ten="30,5800,0" yaku="8,1,54,2" doraHai="117,0" who="0" fromWho="3" sc="367,61,211,0,211,0,211,-61" /><INIT seed="0,2,0,5,4,121" ten="428,211,211,150" oya="0" hai0="70,64,91,89,90,102,80,115,125,30,8,92,83" hai1="34,73,15,78,36,101,54,69,44,134,104,55,79" hai2="23,123,58,27,98,40,66,35,124,51,21,109,20" hai3="111,3,86,24,76,113,0,9,61,128,11,12,32"/><T14/><D115/><U59/><E69/><V48/><F123/><W82/><G113/><T129/><D129/><U135/><E34/><V56/><F124/><W106/><G128/><T25/><D125/><U1/><E1/><V95/><F35/><W38/><G38/><T118/><D118/><U50/><E36/><V22/><F109/><W120/><G120/><T75/><D70/><U105/><E15/><V18/><F40/><W57/><G106/><T63/><D75/><U29/><E29/><V31/><F18/><W6/><G111/><T107/><D107/><U43/><E43/><V49/><REACH who="2" step="1"/><F66/><REACH who="2" ten="428,211,201,150" step="2"/><W62/><G32/><T28/><D64/><U17/><E17/><V4/><F4/><W2/><G24/><T133/><D25/><U33/><E33/><V65/><F65/><W39/><G39/><T60/><D30/><U41/><E41/><V72/><F72/><W67/><REACH who="3" step="1"/><G61/><REACH who="3" ten="428,211,201,140" step="2"/><T131/><D60/><U108/><E108/><V88/><AGARI ba="2,2" hai="20,21,22,23,27,31,48,49,51,56,58,88,95,98" machi="88" ten="30,12000,2" yaku="1,1,0,1,8,1,54,1,53,3" doraHai="121" doraHaiUra="47" who="2" fromWho="2" sc="428,-62,211,-32,201,146,140,-32" /><INIT seed="1,0,0,1,0,5" ten="366,179,347,108" oya="1" hai0="98,91,101,60,54,22,12,34,85,70,4,112,17" hai1="2,53,131,28,90,89,76,132,13,6,38,30,119" hai2="29,55,110,15,35,58,122,127,82,33,114,45,95" hai3="32,51,75,61,65,96,113,97,40,86,48,128,50"/><U10/><E119/><V21/><F122/><W120/><G75/><T0/><D112/><U59/><E38/><V129/><F110/><W99/><G120/><T3/><D34/><U84/><E2/><V9/><F127/><W14/><G32/><T36/><D36/><U19/><E131/><V23/><F129/><W94/><G113/><T27/><D70/><U92/><E132/><V126/><F126/><W134/><G134/><T78/><D78/><U43/><E43/><V56/><F114/><W73/><G73/><T93/><D60/><U135/><E135/><V79/><F45/><W44/><G128/><T118/><D54/><U130/><E130/><V26/><F35/><W25/><G25/><T133/><D118/><U121/><E121/><V103/><F95/><W1/><G1/><T105/><REACH who="0" step="1"/><D133/><REACH who="0" ten="356,179,347,108" step="2"/><U109/><E76/><V46/><F33/><W68/><G68/><T104/><D104/><U116/><E116/><V57/><F55/><W39/><G61/><T100/><D100/><U77/><E77/><V52/><F103/><W80/><G65/><T41/><D41/><U20/><E109/><V72/><F52/><W49/><G39/><T11/><AGARI ba="0,1" hai="0,3,4,11,12,17,22,27,85,91,93,98,101,105" machi="11" ten="30,4000,0" yaku="1,1,0,1,52,1,53,0" doraHai="5" doraHaiUra="64" who="0" fromWho="0" sc="356,50,179,-20,347,-10,108,-10" /><INIT seed="2,0,0,0,5,28" ten="406,159,337,98" oya="2" hai0="106,132,60,71,41,36,13,20,4,79,25,85,123" hai1="135,115,96,53,117,5,70,62,3,0,88,21,99" hai2="129,107,65,128,61,80,78,105,34,43,67,120,32" hai3="104,7,37,118,14,109,29,23,6,16,134,27,57"/><V94/><F120/><W111/><G37/><T68/><D106/><N who="2" m="40458" /><F94/><W50/><G104/><T133/><D123/><U74/><E115/><V93/><F93/><W46/><G57/><T102/><D102/><U8/><E117/><V114/><F43/><W108/><G118/><T31/><D36/><U97/><E135/><N who="0" m="51785" /><D41/><U11/><E74/><N who="2" m="43095" /><F114/><W64/><G64/><T58/><D79/><U110/><E110/><V121/><F67/><W69/><G69/><T112/><D85/><U49/><E62/><V9/><F9/><W116/><G116/><T92/><D92/><U100/><E70/><N who="2" m="42287" /><F121/><W52/><REACH who="3" step="1"/><G134/><REACH who="3" ten="406,159,337,88" step="2"/><T17/><D112/><U124/><E100/><V24/><F24/><W84/><G84/><T82/><D71/><U103/><E103/><V45/><F45/><W81/><G81/><T39/><D68/><U131/><E97/><V122/><F122/><W42/><G42/><T12/><D82/><U89/><E96/><V77/><F77/><W87/><G87/><T76/><D39/><U66/><E99/><V55/><F55/><W26/><G26/><T30/><D76/><U48/><E66/><V63/><F63/><W1/><G1/><T127/><D25/><U90/><E53/><V22/><F22/><AGARI ba="0,1" hai="6,7,14,16,22,23,27,29,46,50,52,108,109,111" machi="22" ten="40,8000,1" yaku="1,1,14,1,54,2,53,0" doraHai="28" doraHaiUra="119" who="3" fromWho="2" sc="406,0,159,0,337,-80,88,90" /><INIT seed="3,0,0,2,5,113" ten="406,159,257,178" oya="3" hai0="9,94,30,87,114,33,5,92,63,81,20,48,95" hai1="64,73,58,11,74,121,37,99,42,107,49,50,76" hai2="41,124,18,111,36,126,123,109,89,129,28,52,84" hai3="8,45,10,35,93,66,106,56,83,12,34,117,116"/><W29/><G106/><T38/><D38/><U19/><E121/><V128/><F28/><W44/><G83/><T82/><D33/><U16/><E37/><V51/><F41/><W0/><G93/><T105/><D105/><U133/><E133/><V25/><F36/><W39/><G0/><T61/><D114/><U31/><E31/><V65/><F65/><W57/><G39/><T3/><D48/><U47/><E76/><V67/><F67/><W6/><G29/><T132/><D132/><U80/><E80/><N who="2" m="49287" /><F123/><W115/><G115/><T22/><D82/><U98/><E73/><V24/><F111/><W72/><G66/><T15/><D3/><U78/><E74/><V131/><F109/><W23/><G72/><T71/><D71/><U1/><E78/><V62/><F62/><N who="0" m="23562" /><D30/><U125/><E125/><N who="2" m="48235" /><F18/><N who="1" m="6697" /><E1/><V70/><F70/><W2/><G2/><T13/><D13/><U32/><E32/><V118/><F129/><W110/><G110/><T69/><D69/><U21/><E107/><V90/><F131/><W91/><G23/><T27/><D27/><U14/><E21/><V112/><F112/><W4/><G91/><AGARI ba="0,0" hai="5,9,15,20,22,81,87,91,92,94,95" m="23562" machi="91" ten="30,1000,0" yaku="8,1" doraHai="113" who="0" fromWho="3" sc="406,10,159,0,257,0,178,-10" owari="416,51.6,159,-34.1,257,5.7,168,-23.2" /></mjloggm>