<mjloggm ver="2.3"><GO type="225" lobby="0"/><UN n0="%E9%B3%B3%E6%9D%B1%E3%81%AE%E3%81%BF%E3%81%91%E3%81%AB%E3%82%83%E3%82%93" n1="%E7%99%BD%E6%97%A5%E9%9B%AA%E8%8F%9C" n2="%E3%83%A9%E3%83%BC%E3%83%A1%E3%83%B3%E4%BA%94%E9%83%8E" n3="%E3%82%B2%E3%82%B9%E8%8C%82%E5%8B%9D" dan="17,17,16,16" rate="2157.73,2235.41,2051.03,2110.60" sx="F,M,M,F"/><TAIKYOKU oya="0"/><INIT seed="0,0,0,0,3,109" ten="250,250,250,250" oya="0" hai0="23,47,97,5,46,3,51,8,39,4,106,122,134" hai1="129,72,84,113,66,28,89,119,65,135,13,75,128" hai2="108,49,14,78,60,48,86,127,9,118,20,115,80" hai3="10,25,71,16,112,29,93,125,56,42,15,126,133"/><T26/><D122/><U101/><E28/><V44/><F108/><W95/><G71/><T54/><D134/><U94/><E13/><V99/><F127/><N who="3" m="48651" /><G133/><T34/><D34/><U103/><E135/><V120/><F120/><W52/><G42/><T64/><D64/><U0/><E0/><V57/><F118/><W82/><G82/><T87/><D5/><U123/><E65/><V11/><F115/><W111/><G112/><T107/><D87/><N who="1" m="52543" /><E66/><N who="2" m="39183" /><F99/><W50/><G111/><T130/><D130/><N who="1" m="50283" /><E123/><V70/><F70/><W18/><G18/><T67/><D67/><U73/><E119/><V43/><F49/><W104/><G104/><T81/><D81/><U74/><E72/><V40/><F40/><W92/><G92/><T27/><D107/><U88/><E113/><V36/><F36/><W69/><G69/><T114/><D114/><U6/><E6/><V30/><F30/><W131/><G131/><T38/><D106/><U98/><E98/><V24/><F24/><W58/><G56/><T61/><D97/><U1/><E1/><V45/><F45/><W62/><G62/><T91/><D26/><U90/><E90/><V22/><F9/><W41/><G41/><N who="0" m="25039" /><D91/><U100/><E100/><V63/><F63/><W35/><AGARI ba="0,0" hai="10,15,16,25,29,35,50,52,58,93,95" m="48651" machi="35" ten="30,4000,0" yaku="18,1,54,2" doraHai="109" who="3" fromWho="3" sc="250,-20,250,-10,250,-10,250,40" /><INIT seed="1,0,0,3,4,56" ten="230,240,240,290" oya="1" hai0="76,126,96,36,83,5,10,108,11,70,60,16,67" hai1="78,123,104,81,0,80,45,52,85,117,130,82,53" hai2="103,62,132,68,17,28,38,84,106,40,7,88,71" hai3="92,113,86,94,31,79,101,3,105,95,14,111,58"/><U112/><E112/><V128/><F132/><W32/><G3/><T57/><D108/><U27/><E123/><V120/><F120/><W1/><G1/><T91/><D126/><U42/><E117/><V127/><F127/><W77/><G111/><T99/><D36/><U19/><E104/><V20/><F128/><W54/><G113/><T73/><D91/><U34/><E0/><V109/><F109/><W98/><G86/><T46/><D5/><U43/><E130/><V59/><F28/><W93/><N who="3" m="23552" /><DORA hai="124" /><W47/><G47/><T131/><D131/><U102/><E102/><V100/><F7/><W64/><G64/><T18/><D46/><U89/><E42/><V24/><F40/><W15/><G31/><T26/><D70/><U13/><E34/><V110/><F38/><W72/><G32/><T125/><D125/><U135/><E27/><V65/><F110/><W12/><REACH who="3" step="1"/><G72/><REACH who="3" ten="230,240,240,280" step="2"/><T9/><REACH who="0" step="1"/><D26/><REACH who="0" ten="220,240,240,280" step="2"/><U48/><E135/><V74/><F24/><W61/><AGARI ba="0,2" hai="12,14,15,54,58,61,77,79,98,101,105" m="23552" machi="61" ten="50,8000,1" yaku="1,1,2,1,0,1,52,1,53,1" doraHai="56,124" doraHaiUra="23,51" who="3" fromWho="3" sc="220,-20,240,-40,240,-20,280,100" /><INIT seed="2,0,0,5,3,135" ten="200,200,220,380" oya="2" hai0="102,67,34,99,123,42,77,53,26,24,85,29,113" hai1="91,112,4,131,63,32,20,73,8,79,133,94,39" hai2="5,83,72,22,74,80,134,130,0,86,12,48,100" hai3="93,101,2,81,59,21,45,114,120,18,104,109,124"/><V127/><F134/><W90/><G114/><T108/><D123/><U25/><E112/><V51/><F0/><W16/><G109/><T3/><D3/><U76/><E133/><V11/><F130/><W106/><G120/><T75/><D75/><U27/><E39/><V95/><F72/><W52/><G2/><T33/><D42/><U68/><E73/><V38/><F38/><W14/><G45/><T132/><D67/><U92/><E92/><V61/><F74/><W118/><G118/><T89/><D77/><U121/><E121/><V96/><F127/><W103/><G124/><T110/><D113/><U28/><E63/><V41/><F41/><W6/><G81/><N who="2" m="31305" /><F86/><N who="3" m="52439" /><G104/><T44/><D24/><U87/><E68/><V117/><F117/><W1/><G106/><T49/><D33/><U46/><E46/><V64/><F22/><N who="3" m="11543" /><G6/><T17/><D132/><U129/><E129/><V56/><AGARI ba="0,0" hai="5,11,12,48,51,56,61,64,95,96,100" m="31305" machi="56" ten="30,1500,0" yaku="8,1" doraHai="135" who="2" fromWho="2" sc="200,-5,200,-5,220,15,380,-5" /><INIT seed="2,1,0,0,4,35" ten="195,195,235,375" oya="2" hai0="20,10,114,55,31,19,96,68,13,108,88,42,36" hai1="56,93,60,111,7,25,73,121,6,34,28,76,70" hai2="84,128,26,41,50,61,78,62,74,46,132,120,64" hai3="80,47,40,11,109,127,110,29,39,85,79,33,129"/><V30/><F120/><W27/><G127/><T98/><D114/><U105/><E105/><V124/><F124/><W100/><G129/><T86/><D68/><U53/><E121/><V134/><F128/><W15/><REACH who="3" step="1"/><G100/><REACH who="3" ten="195,195,235,365" step="2"/><T0/><D108/><U72/><E111/><V107/><F134/><W63/><G63/><T24/><D98/><U22/><E70/><V38/><F132/><W99/><G99/><T12/><D96/><U3/><E73/><V71/><F74/><W5/><AGARI ba="1,1" hai="5,11,15,27,29,33,39,40,47,79,80,85,109,110" machi="5" ten="30,2000,0" yaku="1,1,0,1,53,0" doraHai="35" doraHaiUra="116" who="3" fromWho="3" sc="195,-6,195,-6,235,-11,365,33" /><INIT seed="3,0,0,4,0,120" ten="189,189,224,398" oya="3" hai0="97,105,106,45,71,129,36,92,134,63,66,58,30" hai1="64,107,65,33,72,44,39,4,46,112,132,68,13" hai2="133,42,79,40,21,131,116,91,14,34,18,27,29" hai3="19,24,26,43,85,74,55,52,100,118,10,48,60"/><W25/><G118/><T62/><D134/><U69/><E72/><V78/><F116/><W28/><G74/><T86/><D129/><U117/><E107/><V53/><F133/><W37/><G37/><T111/><D111/><U8/><E132/><V125/><F131/><W135/><G135/><T119/><D119/><U102/><E117/><V128/><F128/><W38/><G38/><T35/><D86/><U84/><E112/><V51/><F125/><W76/><G100/><T3/><D3/><U80/><E33/><V81/><F91/><W93/><G28/><T59/><D30/><U115/><E102/><V94/><F94/><W126/><G126/><T47/><D35/><U7/><E115/><V11/><F34/><W50/><G43/><N who="2" m="16425" /><F81/><N who="3" m="47271" /><G93/><T15/><D92/><U82/><E39/><V83/><F83/><W23/><G10/><T17/><D36/><U70/><E84/><V113/><F113/><W12/><G60/><T87/><D87/><U16/><E82/><V77/><F77/><W54/><AGARI ba="0,0" hai="12,19,23,24,25,26,48,50,52,54,55" m="47271" machi="54" ten="30,3000,0" yaku="8,1,54,1" doraHai="120" who="3" fromWho="3" sc="189,-10,189,-10,224,-10,398,30" owari="179,-22.1,179,-32.1,214,1.4,428,52.8" /></mjloggm>