<mjloggm ver="2.3"><GO type="225" lobby="0"/><UN n0="%72%69%6F%75%63%68%61%6E" n1="%73%6C%69%63%6B%33%31%39" n2="%43%68%65" n3="%E3%81%95%E3%81%8D%E3%81%9F%E3%81%BE%E6%9E%97%E6%AA%8E" dan="17,17,16,16" rate="2266.38,2185.87,2083.52,2131.04" sx="M,M,M,M"/><TAIKYOKU oya="0"/><INIT seed="0,0,0,3,5,59" ten="250,250,250,250" oya="0" hai0="93,70,55,47,65,114,103,88,120,116,111,12,82" hai1="56,69,87,32,112,51,61,99,122,98,94,46,86" hai2="90,80,71,17,44,50,105,41,106,24,131,101,35" hai3="54,42,66,53,10,132,126,60,121,4,38,91,58"/><T57/><D114/><U102/><E122/><V127/><F127/><W31/><G132/><T85/><D116/><U76/><E32/><V92/><F131/><W3/><G126/><T27/><D120/><U123/><E123/><V72/><F71/><W13/><G121/><T108/><D47/><U119/><E119/><V22/><F35/><W96/><G31/><T89/><D103/><U129/><E69/><V21/><F101/><W1/><G38/><T110/><D27/><U16/><E129/><V115/><F115/><W124/><G42/><T67/><D12/><U113/><E98/><V25/><F80/><W68/><G124/><T14/><D14/><U97/><E97/><V62/><F62/><W75/><G75/><T40/><D40/><N who="1" m="25031" /><E76/><V18/><REACH who="2" step="1"/><F72/><REACH who="2" ten="250,250,240,250" step="2"/><W77/><G68/><T23/><D70/><U8/><E112/><V39/><F39/><W45/><G77/><T95/><D23/><U130/><E130/><V11/><F11/><W36/><G36/><T6/><D6/><U48/><E48/><V2/><F2/><W34/><G34/><T43/><D43/><U15/><E113/><V79/><F79/><W83/><G1/><T30/><D30/><U128/><E128/><V134/><F134/><W7/><G3/><T117/><D117/><U63/><E63/><V26/><F26/><W52/><G60/><N who="0" m="35903" /><D82/><U29/><E29/><V78/><F78/><W20/><G83/><T133/><D133/><U19/><E19/><V118/><F118/><W37/><G37/><T84/><AGARI ba="0,1" hai="65,67,84,85,88,89,93,95,108,110,111" m="35903" machi="84" ten="30,11700,0" yaku="14,1,10,1,52,1,54,1" doraHai="59" who="0" fromWho="0" sc="250,127,250,-39,240,-39,250,-39" /><INIT seed="0,1,0,2,4,14" ten="377,211,201,211" oya="0" hai0="85,38,130,65,3,111,22,116,57,123,77,120,126" hai1="76,26,133,7,48,78,112,75,102,34,66,92,122" hai2="67,82,127,135,74,119,51,100,33,10,49,81,36" hai3="0,29,15,90,37,55,91,40,8,129,21,39,107"/><T97/><D116/><U31/><E122/><V110/><F36/><W42/><G107/><T41/><D3/><U96/><E133/><V93/><F33/><W43/><G129/><T108/><D126/><U124/><E124/><V19/><F127/><W80/><G0/><T88/><D130/><U50/><E7/><V103/><F74/><W68/><G68/><T2/><D2/><U101/><E66/><V45/><F67/><W89/><G80/><T6/><D6/><U27/><E75/><V24/><F110/><N who="0" m="42026" /><D77/><U9/><E9/><V20/><F10/><W11/><G55/><T86/><D86/><U87/><E87/><V128/><F135/><W72/><G72/><T53/><D97/><U16/><E78/><V125/><F119/><W4/><REACH who="3" step="1"/><G8/><REACH who="3" ten="377,211,201,201" step="2"/><T114/><D65/><U69/><E69/><V54/><F128/><W47/><G47/><N who="0" m="23991" /><D114/><U25/><E112/><V52/><F125/><W59/><G59/><T12/><D12/><U62/><E27/><AGARI ba="1,1" hai="4,11,15,21,27,29,37,39,40,42,43,89,90,91" machi="27" ten="40,1300,0" yaku="1,1,53,0" doraHai="14" doraHaiUra="60" who="3" fromWho="1" sc="377,0,211,-16,201,0,201,26" /><INIT seed="1,0,0,0,3,58" ten="377,195,201,227" oya="1" hai0="107,51,41,63,69,106,74,4,128,39,18,59,125" hai1="101,120,13,110,20,15,1,48,53,25,47,5,29" hai2="96,17,46,89,82,130,56,109,103,90,92,79,86" hai3="129,132,40,115,112,65,21,119,123,54,108,114,124"/><U14/><E120/><V85/><F109/><W88/><G123/><T135/><D74/><U3/><E5/><V75/><F130/><W71/><G40/><T68/><D128/><U24/><E101/><V30/><F30/><W122/><G122/><T34/><D34/><U102/><E102/><V6/><F6/><W26/><G129/><T80/><D125/><U57/><E110/><V45/><F17/><W36/><G36/><T95/><D135/><U55/><REACH who="1" step="1"/><E25/><REACH who="1" ten="377,185,201,227" step="2"/><V77/><F77/><W73/><G108/><T64/><D4/><U105/><E105/><N who="2" m="63719" /><F56/><W49/><G115/><T113/><D59/><U37/><E37/><V50/><F50/><AGARI ba="0,1" hai="1,3,13,14,15,20,24,29,47,48,50,53,55,57" machi="50" ten="40,2000,0" yaku="1,1,53,0" doraHai="58" doraHaiUra="83" who="1" fromWho="2" sc="377,0,185,30,201,-20,227,0" /><INIT seed="1,1,0,5,4,103" ten="377,215,181,227" oya="1" hai0="14,100,79,113,126,30,121,60,111,91,35,73,57" hai1="74,11,17,41,8,77,54,135,15,98,127,75,94" hai2="110,115,125,0,38,101,129,26,92,31,62,10,131" hai3="2,82,28,117,48,132,40,120,71,86,88,90,7"/><U107/><E127/><V55/><F125/><W24/><G120/><T23/><D113/><U118/><E118/><V13/><F0/><W61/><G132/><T83/><D126/><U65/><E135/><V43/><F115/><W29/><G117/><T42/><D111/><U67/><E41/><V81/><F81/><W87/><G2/><T108/><D108/><U119/><E119/><V96/><F110/><W12/><G71/><T122/><D100/><U50/><E107/><V45/><F55/><W102/><G102/><T124/><D124/><U123/><E123/><N who="0" m="47113" /><D42/><U1/><E67/><V109/><F62/><W66/><G40/><T72/><D35/><U69/><E65/><V39/><F39/><W64/><G48/><T106/><D91/><U76/><E69/><V70/><F70/><W44/><G44/><T16/><D30/><U51/><E51/><V93/><F93/><W27/><G61/><T3/><D3/><U46/><E76/><V63/><F63/><W80/><REACH who="3" step="1"/><G12/><REACH who="3" ten="377,215,181,217" step="2"/><T58/><D60/><U21/><E1/><V33/><REACH who="2" step="1"/><F109/><REACH who="2" ten="377,215,171,217" step="2"/><W19/><G19/><AGARI ba="1,2" hai="10,13,19,26,31,33,38,43,45,92,96,101,129,131" machi="19" ten="40,2600,0" yaku="1,1,2,1,53,0" doraHai="103" doraHaiUra="47" who="2" fromWho="3" sc="377,0,215,0,171,49,217,-29" /><INIT seed="2,0,0,4,3,112" ten="377,215,220,188" oya="2" hai0="121,72,78,67,48,85,100,83,66,52,15,70,132" hai1="60,103,22,29,90,65,49,39,89,87,26,92,51" hai2="12,24,98,62,97,11,56,20,95,117,58,99,53" hai3="115,105,35,10,1,88,128,108,44,102,14,37,64"/><V4/><F58/><W32/><G108/><T109/><D109/><U30/><E39/><V124/><F117/><W13/><G115/><T101/><D121/><U73/><E73/><V71/><F71/><W82/><G128/><T123/><D123/><U133/><E133/><V0/><F124/><W18/><G1/><T104/><D132/><U69/><E103/><N who="0" m="39497" /><D72/><U135/><E135/><V23/><F0/><W38/><G64/><T21/><D104/><U57/><E69/><V129/><F129/><W91/><G105/><T76/><D76/><U74/><E74/><V84/><F24/><W42/><G102/><T86/><D85/><U27/><REACH who="1" step="1"/><E89/><AGARI ba="0,0" hai="4,11,12,20,23,53,56,62,84,89,95,97,98,99" machi="89" ten="40,2000,0" yaku="8,1" doraHai="112" who="2" fromWho="1" sc="377,0,215,-20,220,20,188,0" /><INIT seed="2,1,0,2,3,110" ten="377,195,240,188" oya="2" hai0="49,104,95,117,12,55,116,19,91,73,106,66,96" hai1="76,40,2,81,13,80,115,45,100,114,125,62,103" hai2="59,118,131,14,35,85,27,0,1,78,22,58,122" hai3="43,99,107,10,90,9,74,135,54,89,75,21,4"/><V31/><F122/><W101/><G135/><T82/><D66/><U3/><E13/><V26/><F118/><N who="0" m="45674" /><D82/><U68/><E125/><V64/><F131/><W30/><G43/><T113/><D113/><U130/><E130/><V111/><F14/><W94/><G54/><T65/><D65/><N who="1" m="41015" /><E81/><V33/><F64/><W29/><G107/><T71/><D73/><N who="1" m="43023" /><E100/><V42/><F78/><W87/><G75/><T48/><D71/><U63/><E63/><V24/><F24/><N who="3" m="16527" /><G74/><T8/><D48/><U53/><E53/><V57/><F42/><W112/><G112/><N who="1" m="43050" /><E103/><V123/><F22/><W97/><G101/><T79/><D79/><U86/><E86/><V37/><F85/><W36/><G90/><T93/><D95/><U38/><AGARI ba="1,0" hai="2,3,38,40,45" m="43050,43023,41015" machi="38" ten="30,7900,0" yaku="23,1,52,3" doraHai="110" who="1" fromWho="1" sc="377,-21,195,82,240,-40,188,-21" /><INIT seed="3,0,0,0,4,104" ten="356,277,200,167" oya="3" hai0="108,121,132,25,105,27,72,29,126,52,80,21,118" hai1="73,43,131,111,49,115,109,26,55,22,71,96,135" hai2="98,95,37,20,112,9,5,86,35,114,78,91,64" hai3="123,134,47,15,107,129,19,41,45,62,99,13,17"/><W94/><G123/><T38/><D118/><U130/><E115/><V57/><F35/><W30/><G134/><T40/><D121/><U90/><E73/><V127/><F37/><W28/><G107/><T117/><D117/><U11/><E71/><V33/><F33/><W14/><G129/><N who="1" m="49162" /><E43/><V74/><F74/><W65/><G30/><T23/><D132/><U46/><E11/><V2/><F127/><W10/><G28/><T50/><D126/><U3/><E3/><V120/><F120/><W122/><G122/><T83/><D105/><U56/><E56/><V70/><F70/><W119/><G119/><T84/><D108/><U31/><E135/><V54/><F64/><W39/><G47/><T102/><D102/><U76/><E76/><V53/><F53/><W89/><REACH who="3" step="1"/><G10/><REACH who="3" ten="356,277,200,157" step="2"/><T48/><D29/><U7/><E46/><V66/><F114/><W4/><G4/><T51/><D40/><U113/><E7/><V1/><F112/><W79/><G79/><T60/><D38/><U124/><E113/><V93/><F78/><W110/><G110/><T44/><D44/><N who="1" m="28071" /><E124/><V116/><F116/><W82/><G82/><T92/><D83/><U97/><E109/><V6/><F6/><W81/><G81/><T0/><D72/><U125/><E111/><V8/><F8/><W103/><G103/><T88/><D80/><U63/><E125/><V75/><F2/><W32/><G32/><T36/><D36/><U69/><E90/><N who="2" m="55607" /><F20/><N who="0" m="7754" /><D0/><U68/><E31/><V61/><F75/><W85/><G85/><T58/><AGARI ba="0,1" hai="25,27,48,50,51,52,58,60,84,88,92" m="7754" machi="58" ten="30,4000,0" yaku="8,1,54,2" doraHai="104" who="0" fromWho="0" sc="356,50,277,-10,200,-10,157,-20" owari="406,50.6,267,6.7,190,-21.0,137,-36.3" /></mjloggm>