<mjloggm ver="2.3"><GO type="225" lobby="0"/><UN n0="%E5%8D%A0%E3%81%84%E5%B8%AB%E8%A3%8F%E3%81%AA%E3%81%84%E3%81%97" n1="%E5%B8%86%E7%AB%8B%E5%A4%8F%E8%A1%A3" n2="%73%6C%69%63%6B%33%31%39" n3="%E5%B0%8F%E9%B3%A5%E9%81%8A%E7%B7%B4%E7%84%A1%32%31%E6%AD%B3" dan="16,16,16,16" rate="2128.13,2091.52,2101.51,2154.75" sx="M,M,M,F"/><TAIKYOKU oya="0"/><INIT seed="0,0,0,2,0,111" ten="250,250,250,250" oya="0" hai0="99,25,97,70,108,44,125,52,114,83,31,4,14" hai1="112,50,124,66,86,55,126,72,7,62,74,59,32" hai2="98,57,123,79,81,19,0,88,49,67,128,17,47" hai3="46,92,87,38,68,113,127,34,60,118,37,22,15"/><T107/><D125/><N who="1" m="48235" /><E32/><V9/><F123/><W63/><G34/><T106/><D70/><N who="1" m="42327" /><E7/><V103/><F128/><W36/><G118/><T121/><D121/><U100/><E100/><V30/><F30/><W53/><G127/><T93/><D108/><U116/><E116/><V21/><F0/><W29/><G68/><T5/><D83/><U10/><E10/><V33/><F33/><W43/><G60/><T134/><D134/><U90/><E112/><V3/><F57/><W61/><G113/><T58/><D44/><U71/><E71/><V91/><F67/><W94/><G61/><T11/><D4/><U89/><E89/><N who="2" m="34379" /><F3/><W42/><G63/><T54/><D114/><U65/><E65/><V76/><F9/><W101/><G101/><T26/><D58/><U48/><E50/><V56/><F56/><W85/><G37/><T73/><D73/><U96/><E96/><N who="0" m="36937" /><D107/><U16/><E16/><V115/><F115/><W120/><G120/><T18/><D106/><U132/><E132/><V64/><F64/><W41/><G36/><T23/><D93/><AGARI ba="0,0" hai="48,55,59,72,74,86,90,93" m="42327,48235" machi="93" ten="30,1000,0" yaku="18,1" doraHai="111" who="1" fromWho="0" sc="250,-10,250,10,250,0,250,0" /><INIT seed="1,0,0,0,2,74" ten="240,260,250,250" oya="1" hai0="68,42,12,110,37,119,5,39,80,54,15,17,47" hai1="73,59,121,87,102,101,93,89,23,91,56,11,116" hai2="16,53,114,29,22,123,107,124,96,45,97,41,95" hai3="46,2,48,52,115,130,60,69,82,81,20,66,100"/><U131/><E116/><V125/><F123/><W62/><G115/><T36/><D119/><U105/><E121/><V113/><F29/><W43/><G130/><T135/><D110/><U128/><E73/><V64/><F64/><W27/><G2/><T33/><D33/><U112/><E112/><N who="2" m="43115" /><F53/><W24/><G24/><T61/><D135/><U49/><E23/><V1/><F1/><W67/><G100/><N who="1" m="38506" /><E105/><V75/><F75/><W85/><G43/><T109/><D109/><U108/><E108/><V30/><F30/><W58/><REACH who="3" step="1"/><G85/><REACH who="3" ten="240,260,250,240" step="2"/><T6/><D42/><U98/><E131/><V99/><F107/><W103/><G103/><T55/><D15/><U18/><E128/><V118/><F118/><W38/><G38/><T120/><D36/><U88/><E49/><N who="2" m="26799" /><F95/><W92/><G92/><T40/><D37/><U34/><E34/><V106/><F106/><W84/><G84/><T126/><D39/><U90/><E87/><V117/><F117/><W122/><G122/><T44/><D120/><U94/><E94/><V86/><F86/><W129/><G129/><T50/><D40/><U28/><E28/><AGARI ba="0,1" hai="20,27,28,46,48,52,58,60,62,66,67,69,81,82" machi="28" ten="30,3900,0" yaku="1,1,7,1,54,1,53,0" doraHai="74" doraHaiUra="132" who="3" fromWho="1" sc="240,0,260,-39,250,0,240,49" /><INIT seed="2,0,0,0,0,10" ten="240,221,250,289" oya="2" hai0="23,21,72,32,54,27,57,123,39,112,14,113,11" hai1="49,16,1,92,102,58,118,47,135,42,53,0,114" hai2="81,5,55,22,40,73,48,45,66,130,132,38,129" hai3="61,88,94,104,68,79,13,29,80,59,107,37,98"/><V3/><F3/><W20/><G68/><T75/><D123/><U120/><E114/><V34/><F5/><W91/><G37/><T51/><D39/><U18/><E118/><V67/><F34/><W44/><G44/><T121/><D32/><U36/><E120/><V9/><F9/><W78/><G91/><T46/><D121/><U125/><E125/><V103/><F103/><W95/><G95/><T133/><D133/><U76/><E135/><V99/><F99/><W108/><G108/><T6/><D23/><U43/><E43/><V64/><F22/><W111/><G111/><T109/><D109/><U17/><REACH who="1" step="1"/><E76/><REACH who="1" ten="240,211,250,289" step="2"/><N who="2" m="44175" /><F132/><W96/><G78/><T110/><D110/><U83/><E83/><V31/><F40/><W100/><G80/><T24/><D112/><U4/><E4/><V35/><F38/><W41/><G79/><T56/><D113/><U52/><E52/><V65/><F65/><N who="3" m="39103" /><G41/><T12/><D6/><U33/><E33/><V93/><F66/><W69/><G107/><T117/><D117/><U7/><E7/><V25/><F64/><W86/><G104/><T84/><D54/><U126/><E126/><V8/><F67/><W116/><G116/><T63/><D75/><U106/><E106/><V115/><F115/><W30/><G69/><T119/><D72/><U26/><E26/><V71/><F71/><W105/><G105/><T85/><D119/><U134/><E134/><V62/><F35/><W122/><G122/><T15/><D24/><U97/><AGARI ba="0,1" hai="0,1,16,17,18,36,42,47,49,53,58,92,97,102" machi="97" ten="30,4000,0" yaku="1,1,0,1,54,1,53,0" doraHai="10" doraHaiUra="60" who="1" fromWho="1" sc="240,-10,211,50,250,-20,289,-10" /><INIT seed="3,0,0,0,4,53" ten="230,261,230,279" oya="3" hai0="116,74,12,117,58,105,6,23,84,134,36,37,121" hai1="47,3,10,76,54,101,29,103,15,35,114,51,55" hai2="31,1,79,52,64,97,112,43,73,22,20,4,38" hai3="75,109,59,33,62,8,129,93,135,42,122,30,14"/><W125/><G122/><T83/><D121/><U72/><E114/><V56/><F112/><W45/><G75/><T126/><D74/><U96/><E3/><V7/><F64/><W80/><G125/><T34/><D34/><U86/><E72/><V90/><F73/><W91/><G129/><T2/><D2/><U50/><E29/><V11/><F38/><W46/><G80/><T110/><D105/><U13/><E35/><V61/><F43/><W63/><G135/><T89/><D134/><U71/><E71/><V94/><F79/><W49/><G45/><T5/><D110/><U100/><E96/><V106/><F31/><W39/><G30/><T44/><D126/><U16/><E15/><V130/><F130/><W41/><G33/><T115/><D115/><U127/><E127/><V66/><F4/><W68/><G41/><T81/><D116/><U92/><E76/><V82/><F82/><W18/><G68/><T98/><D81/><U119/><E119/><V69/><REACH who="2" step="1"/><F106/><REACH who="2" ten="230,261,220,279" step="2"/><W57/><G39/><T124/><D37/><U113/><E113/><V118/><F118/><W131/><G131/><T87/><D117/><U78/><E78/><V132/><F132/><W104/><G104/><T24/><D36/><U32/><E32/><V99/><F99/><N who="3" m="57791" /><G109/><T128/><D128/><U0/><E86/><V120/><F120/><W107/><G107/><T21/><D87/><U28/><E28/><V27/><F27/><W65/><G65/><T102/><D124/><U26/><E26/><V60/><AGARI ba="0,1" hai="1,7,11,20,22,52,56,60,61,66,69,90,94,97" machi="60" ten="20,12000,2" yaku="1,1,0,1,7,1,52,1,54,1,53,1" doraHai="53" doraHaiUra="85" who="2" fromWho="2" sc="230,-30,261,-30,220,130,279,-60" owari="200,-30.0,231,3.1,350,45.0,219,-18.1" /></mjloggm>