<mjloggm ver="2.3"><GO type="225" lobby="0"/><UN n0="%E6%98%93%E5%88%A9%E8%96%A9%E4%BC%AF" n1="%6D%75%75%6D%75%72%61" n2="%E7%99%BD%E9%9B%AA%E4%B9%83%E6%84%9B" n3="%77%72%77%72%77%72%77%72" dan="16,17,16,16" rate="2064.55,2202.98,2054.32,2138.31" sx="F,F,F,M"/><TAIKYOKU oya="0"/><INIT seed="0,0,0,2,2,18" ten="250,250,250,250" oya="0" hai0="72,35,88,28,39,81,116,0,130,77,60,30,86" hai1="61,52,80,76,25,111,33,135,104,84,115,106,5" hai2="48,96,2,11,51,132,36,66,91,123,94,73,32" hai3="50,98,126,23,118,55,121,103,100,125,128,14,44"/><T19/><D116/><U127/><E111/><V69/><F123/><W12/><G118/><T29/><D39/><U129/><E129/><V107/><F36/><W56/><G128/><T71/><D0/><U134/><E127/><N who="3" m="48650" /><G121/><T110/><D130/><U75/><E5/><V79/><F32/><W53/><G103/><T93/><D110/><U42/><E42/><V15/><F2/><W68/><G68/><T99/><D35/><U59/><E75/><V70/><F132/><N who="1" m="50729" /><E115/><V114/><F114/><W47/><G47/><T38/><D38/><U119/><E119/><V113/><F113/><W31/><G31/><AGARI ba="0,0" hai="25,31,33,52,59,61,76,80,84,104,106" m="50729" machi="31" ten="30,2000,0" yaku="20,1,54,1" doraHai="18" who="1" fromWho="3" sc="250,0,250,20,250,0,250,-20" /><INIT seed="1,0,0,1,4,80" ten="250,270,250,230" oya="1" hai0="94,86,97,68,115,103,116,133,134,38,70,88,45" hai1="42,43,58,53,2,36,81,11,1,135,132,121,61" hai2="72,76,127,129,28,107,8,100,118,40,26,92,63" hai3="130,112,55,57,119,25,82,131,19,73,128,66,31"/><U3/><E121/><V110/><F118/><W126/><G112/><T83/><D115/><U32/><E32/><V120/><F120/><W54/><G119/><T21/><D116/><U24/><E36/><V99/><F110/><W87/><G73/><T15/><D15/><U95/><E24/><V89/><F129/><W75/><G75/><T22/><D22/><U113/><E113/><V111/><F111/><W17/><G66/><T77/><D21/><U79/><E95/><V39/><F127/><W6/><G6/><T46/><D46/><U23/><E23/><V85/><F8/><W67/><G67/><T69/><REACH who="0" step="1"/><D103/><REACH who="0" ten="240,270,250,230" step="2"/><U29/><E11/><V62/><F39/><W16/><G126/><T50/><D50/><U122/><E122/><V47/><F47/><W51/><G51/><T35/><D35/><U18/><E29/><V27/><F40/><AGARI ba="0,1" hai="38,40,45,68,69,70,77,83,86,88,94,97,133,134" machi="40" ten="50,6400,0" yaku="1,1,52,1,54,1,53,0" doraHai="80" doraHaiUra="102" who="0" fromWho="2" sc="240,74,270,0,250,-64,230,0" /><INIT seed="2,0,0,1,2,2" ten="314,270,186,230" oya="2" hai0="64,53,133,82,123,73,21,43,35,18,48,78,45" hai1="15,22,3,67,47,117,118,58,26,57,11,95,4" hai2="119,110,130,42,114,61,121,52,102,100,65,5,23" hai3="19,87,50,103,98,97,40,37,34,77,134,24,44"/><V81/><F114/><W104/><G134/><T59/><D133/><U36/><E3/><V111/><F119/><W135/><G135/><T51/><D35/><U109/><E109/><N who="2" m="41483" /><F121/><W66/><G66/><T112/><D112/><U127/><E127/><V88/><F130/><W49/><G97/><T128/><D64/><U8/><E118/><V115/><F115/><W20/><REACH who="3" step="1"/><G34/><REACH who="3" ten="314,270,186,220" step="2"/><T13/><REACH who="0" step="1"/><D123/><REACH who="0" ten="304,270,186,220" step="2"/><U7/><E67/><V80/><F65/><W89/><G89/><T69/><D69/><U71/><E71/><V62/><F102/><W27/><G27/><T1/><D1/><U29/><E117/><V56/><F100/><W86/><G86/><T60/><D60/><U105/><E26/><V41/><F62/><W39/><G39/><T14/><D14/><U106/><E15/><V72/><F72/><W124/><G124/><T90/><D90/><U120/><E36/><V126/><F126/><W113/><G113/><T28/><D28/><U17/><E29/><V76/><F88/><W54/><G54/><T0/><D0/><U30/><E120/><V75/><F75/><W38/><G38/><T96/><D96/><U93/><E30/><V83/><F76/><W6/><G6/><T16/><D16/><U131/><E17/><V91/><F91/><W132/><G132/><T32/><D32/><U85/><E85/><V108/><F108/><W92/><G92/><T9/><D9/><U55/><E7/><V74/><F74/><W70/><G70/><T94/><D94/><U122/><E4/><V129/><F5/><W33/><G33/><T107/><D107/><RYUUKYOKU ba="0,2" sc="304,15,270,-15,186,-15,220,15" hai0="13,18,21,43,45,48,51,53,59,73,78,82,128" hai3="19,20,24,37,40,44,49,50,77,87,98,103,104" /><INIT seed="3,1,2,5,1,37" ten="319,255,171,235" oya="3" hai0="52,22,3,132,6,31,35,13,96,8,41,109,16" hai1="106,93,107,2,39,78,72,124,68,14,74,133,24" hai2="53,7,25,36,12,73,28,46,110,27,15,63,5" hai3="130,44,75,69,90,62,19,30,26,112,108,88,134"/><W91/><G112/><T61/><D41/><U92/><E2/><V34/><F110/><W80/><G108/><T119/><D109/><U86/><E39/><V60/><F73/><N who="1" m="28265" /><E68/><V29/><F53/><W71/><G130/><T122/><D132/><U54/><E54/><V18/><F46/><W127/><G134/><T111/><D122/><U59/><E14/><V125/><F36/><W116/><G127/><T85/><D85/><U64/><E24/><V105/><F105/><N who="1" m="39945" /><E59/><V20/><F125/><W117/><G44/><T0/><D52/><U123/><E64/><V84/><F84/><W17/><G69/><T21/><D61/><U99/><E133/><V121/><F121/><W95/><G71/><T76/><D3/><U51/><E51/><V70/><F70/><W33/><G62/><T67/><D22/><U120/><E124/><V58/><F58/><W56/><G56/><T50/><D50/><U114/><E114/><V65/><F65/><W45/><G45/><T79/><D67/><U32/><E32/><N who="2" m="20495" /><F63/><W115/><G115/><T9/><D35/><U40/><E40/><V47/><F60/><W94/><G17/><T101/><D16/><U126/><E126/><V11/><F47/><W118/><G19/><AGARI ba="1,2" hai="5,7,11,12,15,18,19,20,27,29,34" m="20495" machi="19" ten="30,8000,1" yaku="35,5" doraHai="37" who="2" fromWho="3" sc="319,0,255,0,171,103,235,-83" owari="319,41.9,255,-14.5,274,7.4,152,-34.8" /></mjloggm>