<mjloggm ver="2.3"><GO type="225" lobby="0"/><UN n0="%E3%81%BF%E3%81%BF%E3%81%9A" n1="%E3%81%9F%E3%81%93%E2%98%86%E7%84%BC%E3%81%8D" n2="%E3%81%A1%E3%82%85%E3%81%86%E3%81%A9%E3%81%8F%E8%B1%A1%E3%81%95%E3%82%93" n3="%E4%B8%89%E5%86%A0%E7%8E%8B%E3%83%BB%E5%B1%B1%E7%94%B0%E5%93%B2%E4%BA%BA" dan="17,16,17,16" rate="2258.57,2098.84,2195.97,2156.06" sx="M,M,M,M"/><TAIKYOKU oya="0"/><INIT seed="0,0,0,3,0,37" ten="250,250,250,250" oya="0" hai0="81,51,71,125,69,32,44,22,9,113,92,135,73" hai1="70,64,90,50,45,11,14,56,28,105,41,94,58" hai2="100,65,110,86,106,82,13,124,103,114,46,53,5" hai3="1,97,20,96,38,30,75,57,98,76,130,127,95"/><T29/><D113/><U72/><E105/><V89/><F114/><W118/><G118/><T47/><D32/><U60/><E72/><V40/><F106/><W10/><G127/><T27/><D125/><U35/><E28/><V62/><F124/><W77/><G130/><T55/><D135/><U88/><E35/><V33/><F33/><W122/><G122/><T133/><D133/><U121/><E121/><V87/><F110/><W31/><G95/><T107/><D107/><U25/><E25/><V43/><F86/><W66/><G38/><T74/><D92/><U23/><E23/><V52/><F5/><W39/><G39/><T8/><D74/><U15/><E90/><V36/><F13/><W132/><G132/><T129/><D129/><U42/><E41/><N who="2" m="15947" /><F36/><W131/><G1/><T134/><D134/><U68/><E70/><V79/><F79/><W21/><G76/><T116/><D116/><U12/><REACH who="1" step="1"/><E11/><REACH who="1" ten="250,240,250,250" step="2"/><V0/><F103/><W26/><G75/><T59/><D69/><U6/><E6/><V3/><F100/><W91/><G10/><N who="0" m="4203" /><D71/><U67/><E67/><V126/><F126/><W4/><G66/><T111/><D111/><U119/><E119/><V109/><F109/><W123/><G123/><T63/><D73/><U84/><AGARI ba="0,1" hai="12,14,15,42,45,50,56,58,60,64,68,84,88,94" machi="84" ten="30,7900,0" yaku="1,1,0,1,52,1,54,1,53,0" doraHai="37" doraHaiUra="18" who="1" fromWho="1" sc="250,-39,240,89,250,-20,250,-20" /><INIT seed="1,0,0,3,5,4" ten="211,329,230,230" oya="1" hai0="93,24,109,91,97,29,60,41,63,107,129,59,8" hai1="75,112,81,69,21,85,54,27,19,2,86,125,10" hai2="52,84,128,30,65,132,70,71,101,48,88,6,9" hai3="108,44,90,133,56,66,96,43,28,39,1,3,34"/><U35/><E112/><V7/><F132/><W80/><G133/><T122/><D109/><U20/><E69/><V31/><F128/><W104/><G108/><T98/><D129/><U92/><E75/><V100/><F65/><W67/><G67/><T55/><D122/><U23/><E35/><V49/><F84/><W17/><G56/><T116/><D116/><U36/><E36/><V45/><F45/><W46/><G46/><T13/><D41/><U131/><E125/><V77/><F77/><W16/><G66/><T82/><D82/><U79/><E54/><V42/><F42/><W95/><G104/><T37/><D37/><U62/><E62/><V61/><F61/><W50/><G39/><T126/><D126/><U15/><E2/><V58/><F58/><W106/><G106/><T72/><D72/><U0/><E0/><V135/><F135/><W38/><G38/><T110/><D110/><U118/><E118/><V115/><F115/><W18/><REACH who="3" step="1"/><G80/><REACH who="3" ten="211,329,230,220" step="2"/><T76/><D63/><U32/><E131/><V113/><F113/><W130/><G130/><T94/><D107/><U124/><E124/><V127/><F127/><W99/><G99/><T5/><D76/><U121/><E121/><V51/><F51/><W105/><G105/><T53/><D60/><U33/><E92/><V47/><F47/><W119/><G119/><T103/><REACH who="0" step="1"/><D59/><REACH who="0" ten="201,329,230,220" step="2"/><U111/><E79/><V73/><F71/><W57/><G57/><T78/><D78/><U64/><E81/><V40/><F70/><W120/><G120/><T26/><D26/><AGARI ba="0,2" hai="1,3,16,17,18,26,28,34,43,44,50,90,95,96" machi="26" ten="40,2600,0" yaku="1,1,54,1,53,0" doraHai="4" doraHaiUra="123" who="3" fromWho="0" sc="201,-26,329,0,230,0,220,46" /><INIT seed="2,0,0,4,5,6" ten="175,329,230,266" oya="2" hai0="37,62,80,40,49,59,134,16,87,12,101,17,86" hai1="106,27,72,64,79,95,107,91,46,32,71,116,104" hai2="121,118,70,67,34,1,22,25,113,102,29,111,2" hai3="28,92,120,123,18,35,103,110,133,14,93,24,15"/><V7/><F113/><W74/><G74/><T21/><D134/><U3/><E3/><V0/><F121/><W20/><G133/><T126/><D126/><U132/><E116/><V131/><F118/><W100/><G110/><T41/><D37/><U122/><E46/><V117/><F117/><W44/><G100/><T57/><D101/><U65/><E122/><V51/><F111/><W73/><G73/><T8/><D49/><U19/><E71/><V69/><F131/><W83/><G92/><T84/><D80/><U128/><E128/><V127/><F127/><W124/><G124/><T130/><D130/><U13/><E27/><V55/><F102/><W119/><G83/><T90/><D90/><U47/><E47/><V30/><F67/><W11/><G119/><T43/><REACH who="0" step="1"/><D62/><REACH who="0" ten="165,329,230,266" step="2"/><U81/><E132/><V108/><F108/><W63/><G63/><T50/><D50/><U88/><E91/><V96/><F51/><W23/><G103/><T76/><D76/><U9/><REACH who="1" step="1"/><E32/><REACH who="1" ten="165,319,230,266" step="2"/><V26/><F34/><W38/><G123/><T58/><D58/><U89/><E89/><V114/><F70/><W129/><G120/><T61/><D61/><U56/><E56/><V66/><F69/><W4/><G129/><T109/><D109/><U33/><E33/><V45/><F45/><W77/><G44/><T78/><D78/><U48/><E48/><V42/><F114/><W5/><G38/><T85/><N who="0" m="21504" /><DORA hai="36" /><T52/><D52/><U54/><E54/><V53/><F55/><W97/><G77/><T105/><D105/><U112/><E112/><V10/><F53/><RYUUKYOKU ba="0,2" sc="165,15,319,15,230,-15,266,-15" hai0="8,12,16,17,21,40,41,43,57,59" hai1="9,13,19,64,65,72,79,81,88,95,104,106,107" /><INIT seed="3,1,2,5,5,9" ten="180,334,215,251" oya="3" hai0="40,126,119,131,57,55,82,12,116,98,60,129,68" hai1="85,100,21,110,121,13,134,93,95,111,79,89,71" hai2="23,1,51,107,49,97,103,124,83,114,48,8,26" hai3="43,25,69,28,11,105,86,45,99,7,120,132,16"/><W88/><G132/><T30/><D30/><U62/><E121/><V96/><F114/><W64/><G120/><T135/><D135/><U0/><E79/><V3/><F124/><W84/><G64/><N who="0" m="40967" /><D98/><N who="1" m="59471" /><E0/><V6/><F96/><W20/><G69/><T108/><D126/><U22/><E134/><V106/><F83/><W122/><G28/><T65/><D82/><U34/><E34/><V78/><F78/><W52/><G122/><T63/><D12/><U130/><E130/><N who="0" m="49673" /><D108/><N who="1" m="41515" /><E13/><V67/><F67/><AGARI ba="1,2" hai="21,22,62,67,71,85,89,95" m="41515,59471" machi="67" ten="30,1000,0" yaku="14,1" doraHai="9" who="1" fromWho="2" sc="180,0,334,33,215,-13,251,0" owari="180,-32.0,367,46.7,202,-19.8,251,5.1" /></mjloggm>