<mjloggm ver="2.3"><GO type="225" lobby="0"/><UN n0="%6D%75%75%6D%75%72%61" n1="%E9%80%9F%E6%B0%B4%E5%87%9B%E9%A6%99" n2="%E2%91%A3%E9%81%BF%E9%81%8A%E6%88%AF%E3%80%90%E6%9D%B1%E5%8D%97%E3%80%91" n3="%E3%81%86%E3%81%A1%E3%83%BC" dan="16,16,16,17" rate="2176.01,2146.85,2109.95,2187.84" sx="F,F,M,M"/><TAIKYOKU oya="0"/><INIT seed="0,0,0,1,0,83" ten="250,250,250,250" oya="0" hai0="29,1,56,109,26,38,71,6,112,115,105,111,62" hai1="92,135,98,67,31,40,68,11,85,52,96,25,80" hai2="76,16,55,65,7,22,114,119,46,24,30,23,113" hai3="21,48,66,89,19,117,15,108,81,42,47,54,34"/><T107/><D38/><U9/><E135/><V35/><F119/><W90/><G34/><T18/><D71/><U60/><E40/><V3/><F65/><W77/><G108/><N who="0" m="41547" /><D18/><U118/><E118/><V10/><F23/><W91/><G66/><N who="0" m="39239" /><D6/><U129/><E129/><V64/><F64/><W28/><G28/><T127/><D1/><U103/><E96/><V88/><F76/><W4/><G4/><T126/><D107/><U63/><E63/><V131/><F131/><W70/><G70/><T49/><D49/><U51/><E25/><V97/><F46/><W125/><G125/><N who="0" m="47627" /><D105/><U5/><E31/><V33/><F55/><W86/><G117/><T41/><D41/><AGARI ba="0,0" hai="15,19,21,41,42,47,48,54,77,81,86,89,90,91" machi="41" ten="40,2600,0" yaku="8,1,52,1" doraHai="83" who="3" fromWho="0" sc="250,-26,250,0,250,0,250,26" /><INIT seed="1,0,0,4,4,18" ten="224,250,250,276" oya="1" hai0="16,62,4,106,55,111,11,53,95,88,91,69,80" hai1="89,108,101,1,107,71,23,76,121,24,72,26,90" hai2="34,63,98,105,100,73,114,130,13,109,29,117,77" hai3="96,92,17,118,31,20,102,36,12,44,57,60,79"/><U52/><E121/><V68/><F117/><W129/><G129/><T115/><D106/><U97/><E1/><V125/><F130/><W133/><G133/><T124/><D115/><U40/><E40/><V43/><F114/><W14/><G118/><T22/><D111/><U28/><E71/><V10/><F109/><W134/><G31/><T75/><D124/><U47/><E108/><V42/><F125/><W61/><G79/><T15/><D69/><U50/><REACH who="1" step="1"/><E26/><REACH who="1" ten="224,240,250,276" step="2"/><V66/><F43/><W74/><G134/><T127/><D127/><U8/><E8/><V82/><F42/><W113/><G113/><T110/><D110/><U51/><E51/><V3/><F13/><W83/><G12/><N who="0" m="9479" /><D62/><U46/><E46/><V2/><F10/><W135/><G44/><T32/><D32/><U86/><E86/><V56/><F56/><W87/><G135/><T49/><D49/><U27/><E27/><AGARI ba="0,1" hai="2,3,27,29,34,63,66,68,73,77,82,98,100,105" machi="27" ten="40,8000,1" yaku="25,2,33,3" doraHai="18" who="2" fromWho="1" sc="224,0,240,-80,250,90,276,0" /><INIT seed="2,0,0,3,5,37" ten="224,160,340,276" oya="2" hai0="77,9,60,89,67,107,55,110,93,132,32,18,135" hai1="88,36,64,65,90,23,109,41,103,19,101,120,0" hai2="38,16,86,121,54,85,105,117,10,80,98,29,134" hai3="17,127,73,35,46,68,72,97,115,78,87,59,122"/><V131/><F121/><W113/><G68/><T34/><D110/><U40/><E0/><V112/><F117/><W61/><G122/><T63/><D107/><U62/><E120/><V2/><F112/><W33/><G97/><T92/><D77/><U108/><E36/><V14/><F2/><W22/><G46/><T30/><D18/><U12/><E109/><V42/><F86/><W24/><G87/><T1/><D55/><U49/><E108/><V83/><F80/><N who="3" m="45127" /><G73/><T45/><D45/><U106/><E106/><V70/><F70/><W52/><G127/><T4/><D92/><U58/><E65/><V26/><F98/><W25/><G24/><N who="0" m="18503" /><D67/><U100/><E49/><V129/><F105/><W50/><G50/><T5/><D5/><U116/><E116/><V6/><F6/><W28/><G17/><T102/><D102/><U104/><E104/><V114/><F114/><AGARI ba="0,0" hai="22,25,28,33,35,52,59,61,113,114,115" m="45127" machi="114" ten="30,2000,0" yaku="11,1,54,1" doraHai="37" who="3" fromWho="2" sc="224,0,160,0,340,-20,276,20" /><INIT seed="3,0,0,4,4,135" ten="224,160,320,296" oya="3" hai0="53,9,131,93,59,120,61,95,23,42,65,19,41" hai1="105,103,32,108,74,40,112,28,78,21,99,36,72" hai2="13,134,18,123,71,47,3,83,110,17,114,73,109" hai3="14,46,122,66,70,37,101,10,81,15,90,100,27"/><W117/><G117/><T39/><D131/><U118/><E112/><V44/><F114/><W52/><G122/><T11/><D120/><U62/><E118/><V104/><F123/><W121/><G121/><T91/><D39/><U79/><E108/><N who="2" m="41579" /><F3/><W55/><G70/><T67/><D11/><U127/><E21/><V132/><F104/><W77/><G66/><N who="0" m="25099" /><D9/><U69/><E40/><N who="0" m="15465" /><D91/><U92/><E36/><V45/><F71/><W111/><G90/><T113/><D113/><U102/><E62/><V6/><F6/><W22/><G37/><T56/><D56/><U68/><E28/><V97/><F97/><W34/><G34/><T98/><D98/><U75/><E32/><V107/><F107/><W87/><G46/><T63/><D63/><U31/><E31/><V2/><F2/><W125/><G101/><T25/><AGARI ba="0,0" hai="19,23,25,53,59,61,93,95" m="15465,25099" machi="25" ten="30,1100,0" yaku="8,1" doraHai="135" who="0" fromWho="0" sc="224,11,160,-3,320,-3,296,-5" owari="235,-16.5,157,-34.3,317,41.7,291,9.1" /></mjloggm>