<mjloggm ver="2.3"><GO type="225" lobby="0"/><UN n0="%E3%81%9F%E3%81%A3%E3%81%A1%E3%82%87" n1="%6E%69%63%6F%6E%74%6F" n2="%73%69%72%6F%75%74" n3="%E3%83%AD%E3%83%83%E3%83%86%E9%9B%80%E7%90%83" dan="16,17,16,17" rate="2058.77,2142.52,2147.30,2242.80" sx="M,M,M,M"/><TAIKYOKU oya="0"/><INIT seed="0,0,0,0,1,32" ten="250,250,250,250" oya="0" hai0="43,13,40,104,50,130,66,59,118,39,131,26,125" hai1="12,51,112,36,124,17,129,75,103,77,102,100,37" hai2="72,27,53,113,16,128,7,70,135,0,33,120,1" hai3="88,121,111,90,92,117,84,110,35,55,98,21,126"/><T41/><D104/><U38/><E129/><N who="0" m="49161" /><D26/><U2/><E124/><V83/><F128/><W119/><G35/><T14/><D118/><N who="3" m="45065" /><G21/><T5/><D125/><U19/><E112/><V107/><F53/><W133/><G55/><N who="0" m="32247" /><D66/><U79/><E75/><V61/><F113/><W15/><G15/><N who="0" m="5643" /><D5/><U28/><E28/><N who="2" m="19615" /><F16/><W69/><G69/><T71/><D71/><U24/><E24/><V63/><F7/><W60/><G60/><T25/><D25/><U48/><E12/><V123/><F61/><W81/><G126/><T62/><D62/><U67/><E67/><N who="2" m="41343" /><F107/><W115/><G115/><T94/><D94/><U99/><E99/><V93/><F93/><N who="3" m="56615" /><G121/><N who="2" m="46665" /><F135/><W116/><G116/><T20/><D20/><U80/><E19/><V31/><F31/><W65/><G65/><T127/><D127/><U96/><E17/><V95/><F95/><W132/><G92/><T56/><D56/><U73/><E96/><V86/><F86/><W89/><G89/><T108/><D108/><AGARI ba="0,0" hai="81,84,90,108,110,111,132,133" m="56615,45065" machi="108" ten="30,7700,0" yaku="14,1,34,2,54,1" doraHai="32" who="3" fromWho="0" sc="250,-77,250,0,250,0,250,77" /><INIT seed="1,0,0,2,4,67" ten="173,250,250,327" oya="1" hai0="77,132,82,52,74,24,68,121,112,105,43,91,20" hai1="85,28,123,61,40,101,39,29,128,63,76,62,47" hai2="30,75,116,79,18,54,87,89,27,78,107,56,99" hai3="41,15,50,80,117,70,124,22,133,31,26,100,34"/><U0/><E123/><V9/><F116/><W86/><G70/><T88/><D112/><U36/><E128/><V5/><F18/><W4/><G124/><T93/><D121/><U51/><E101/><V25/><F75/><W65/><G133/><T129/><D129/><U55/><E0/><V125/><F125/><W2/><G65/><T131/><D131/><U10/><E10/><V111/><F111/><W58/><G100/><T102/><D132/><U35/><E35/><V119/><F119/><W103/><G103/><T46/><D105/><U135/><E135/><V3/><F99/><W8/><G117/><T64/><D102/><U21/><E21/><V59/><F59/><W19/><G58/><T33/><D33/><U72/><E72/><V90/><F90/><N who="3" m="51527" /><G50/><T60/><D93/><U12/><E12/><V94/><F25/><W118/><G118/><T23/><D23/><U92/><E39/><V13/><F3/><W81/><G81/><T113/><D113/><U17/><E17/><V44/><F44/><W130/><G130/><T97/><D97/><U57/><E76/><V84/><F84/><W120/><G41/><T114/><D114/><U104/><E104/><V127/><F107/><W106/><G106/><T7/><D7/><U11/><E11/><V49/><REACH who="2" step="1"/><F127/><REACH who="2" ten="173,250,240,327" step="2"/><W73/><G73/><T98/><D98/><U108/><E108/><V38/><F38/><W71/><G120/><T37/><REACH who="0" step="1"/><D52/><REACH who="0" ten="163,250,240,327" step="2"/><U122/><E122/><V6/><F6/><W53/><G53/><T126/><D126/><U69/><E69/><V115/><F115/><W134/><G71/><RYUUKYOKU ba="0,2" sc="163,0,250,0,240,0,327,0" hai0="20,24,37,43,46,60,64,68,74,77,82,88,91" hai1="28,29,36,40,47,51,55,57,61,62,63,85,92" hai2="5,9,13,27,30,49,54,56,78,79,87,89,94" hai3="2,4,8,15,19,22,26,31,34,134" /><INIT seed="1,1,2,3,5,53" ten="163,250,240,327" oya="1" hai0="125,52,80,108,116,34,58,8,111,94,128,65,57" hai1="98,40,114,38,41,133,81,86,51,84,79,106,60" hai2="31,1,11,55,19,124,97,23,54,105,5,61,132" hai3="13,123,24,16,75,83,120,115,127,4,18,2,59"/><U46/><E133/><V110/><F132/><W30/><G59/><N who="0" m="22539" /><D116/><U39/><E114/><V66/><F110/><N who="0" m="42026" /><D125/><U26/><E41/><V107/><F31/><W87/><G18/><T117/><D117/><U129/><E129/><V90/><F107/><W89/><G16/><T50/><D128/><U37/><E60/><V100/><F90/><W62/><G89/><T130/><D130/><U43/><E43/><V73/><F73/><W22/><G75/><T49/><D65/><U20/><E106/><V21/><F124/><W69/><G30/><T76/><D94/><U25/><E98/><V63/><F97/><W14/><G115/><T74/><D34/><U70/><E70/><V102/><F66/><W113/><G69/><T15/><D52/><U44/><E44/><V71/><F54/><W99/><G123/><T112/><D112/><U103/><E103/><V42/><F100/><W126/><G120/><T32/><D32/><U68/><E68/><V118/><F102/><W72/><G113/><T67/><D67/><U29/><REACH who="1" step="1"/><E26/><REACH who="1" ten="163,240,240,327" step="2"/><V131/><F71/><W45/><G24/><T85/><D85/><AGARI ba="1,3" hai="20,25,29,37,38,39,40,46,51,79,81,84,85,86" machi="85" ten="40,7700,0" yaku="1,1,2,1,53,1" doraHai="53" doraHaiUra="36" who="1" fromWho="0" sc="163,-80,240,110,240,0,327,0" /><INIT seed="1,2,0,1,2,57" ten="83,350,240,327" oya="1" hai0="81,21,10,130,99,22,49,110,60,26,135,107,113" hai1="88,131,30,127,27,128,18,58,52,120,25,121,63" hai2="64,59,38,8,77,3,35,85,91,24,2,40,100" hai3="9,68,74,75,101,124,34,123,116,95,44,89,41"/><U134/><E134/><V15/><F77/><W51/><G123/><T72/><D113/><U6/><E6/><V117/><F117/><W13/><G124/><T56/><D110/><U133/><E133/><V71/><F59/><W29/><G116/><T23/><D135/><U62/><E127/><V106/><F40/><W14/><G68/><T4/><D130/><N who="1" m="49707" /><E18/><V19/><F38/><W47/><G101/><T66/><D72/><U114/><E114/><V125/><F125/><W37/><G34/><T129/><D129/><U104/><E104/><V80/><F100/><W11/><G29/><T82/><D107/><U55/><E88/><V115/><F106/><W32/><G32/><T109/><D109/><U102/><E102/><V76/><F115/><W36/><G89/><T94/><D49/><N who="1" m="30991" /><E55/><V92/><F24/><N who="1" m="9289" /><E30/><V108/><F35/><W79/><G95/><T103/><REACH who="0" step="1"/><D26/><REACH who="0" ten="73,350,240,327" step="2"/><U50/><E50/><V53/><F108/><W93/><G51/><T54/><D54/><U42/><E42/><V12/><F53/><W20/><G41/><T118/><D118/><U86/><E86/><V65/><F65/><W1/><G75/><T70/><D70/><U105/><E105/><V96/><F64/><W112/><G74/><T43/><D43/><U97/><E97/><V78/><F71/><W132/><G112/><T7/><D7/><U46/><E46/><V90/><F96/><W16/><G47/><T67/><D67/><U39/><E39/><V31/><F85/><W98/><G44/><T126/><D126/><U48/><E48/><V83/><F31/><W61/><G37/><RYUUKYOKU ba="2,1" sc="73,15,350,15,240,-15,327,-15" hai0="4,10,21,22,23,56,60,66,81,82,94,99,103" hai1="62,63,120,121" /><INIT seed="1,3,1,5,1,31" ten="88,365,225,312" oya="1" hai0="3,72,42,126,37,89,20,22,29,125,62,38,84" hai1="71,40,52,101,14,8,79,82,103,0,39,13,6" hai2="2,68,26,27,69,5,135,59,12,61,97,45,122" hai3="110,132,16,24,66,77,15,113,17,76,23,47,7"/><U86/><E71/><V118/><F122/><W96/><G113/><T78/><D72/><U64/><E64/><V53/><F2/><W75/><G110/><T50/><D78/><U134/><E134/><V130/><F118/><W133/><G7/><T28/><D3/><U10/><E0/><V34/><F135/><N who="3" m="51787" /><G75/><T21/><D62/><U91/><E39/><N who="0" m="14857" /><D89/><U127/><E40/><V111/><F111/><W58/><G47/><T129/><D129/><U41/><E41/><V131/><F26/><W106/><G66/><T70/><D42/><U51/><E79/><V80/><F45/><W104/><G58/><T18/><D18/><N who="1" m="8487" /><E127/><N who="0" m="48649" /><D84/><U67/><E67/><V109/><F109/><W123/><G123/><T48/><D70/><U43/><E43/><V120/><F120/><W124/><G124/><T88/><D88/><U54/><E54/><V32/><F69/><W25/><G77/><T114/><D114/><U92/><E92/><V55/><F68/><W112/><G76/><T60/><D60/><U98/><E98/><V49/><F97/><W63/><G96/><T94/><D94/><U9/><E9/><V128/><F27/><W19/><G25/><T1/><D1/><U35/><E35/><V36/><F36/><W33/><G33/><N who="2" m="12905" /><F80/><W93/><G24/><T81/><D81/><U107/><E107/><V85/><F85/><W116/><G106/><T119/><D119/><U100/><E100/><V102/><F102/><W46/><G104/><T56/><D56/><AGARI ba="3,1" hai="6,10,14,51,52,56,82,86,91,101,103" m="8487" machi="56" ten="30,2900,0" yaku="8,1,54,1" doraHai="31" who="1" fromWho="0" sc="88,-38,365,48,225,0,312,0" /><INIT seed="1,4,0,4,2,122" ten="50,413,225,312" oya="1" hai0="129,116,10,16,15,12,104,27,72,50,94,112,43" hai1="13,102,103,135,9,107,51,80,71,29,69,97,99" hai2="40,4,75,132,126,110,48,84,30,1,63,14,65" hai3="68,101,47,44,26,100,41,123,37,96,115,3,106"/><U21/><E135/><V67/><F75/><W74/><G115/><T86/><D104/><U88/><E51/><V114/><F1/><W55/><G123/><T56/><D112/><U82/><E29/><V95/><F114/><W28/><G3/><T53/><D116/><U78/><E21/><V109/><F30/><W7/><G7/><T58/><D129/><U70/><E78/><V38/><F38/><W24/><G74/><T127/><D127/><U33/><E33/><V22/><F126/><W0/><G0/><T18/><D72/><U17/><REACH who="1" step="1"/><E88/><REACH who="1" ten="50,403,225,312" step="2"/><N who="2" m="53639" /><F132/><W73/><G28/><T125/><D125/><U117/><E117/><V62/><F48/><W35/><G35/><T6/><D27/><U124/><E124/><V118/><F118/><W83/><G24/><T19/><D43/><U49/><E49/><V32/><F32/><W92/><G26/><T111/><D111/><N who="2" m="42506" /><F40/><W25/><G41/><T57/><REACH who="0" step="1"/><D15/><REACH who="0" ten="40,403,225,312" step="2"/><U98/><E98/><V60/><F22/><W120/><G96/><T2/><D2/><U34/><E34/><V66/><F14/><W45/><G25/><T113/><D113/><U87/><E87/><V39/><F39/><W8/><G37/><T121/><D121/><U20/><E20/><V61/><N who="2" m="15360" /><DORA hai="105" /><V11/><F67/><W90/><G120/><T54/><D54/><U59/><E59/><V5/><F66/><W64/><G55/><T81/><D81/><U42/><E42/><V23/><F65/><W134/><G83/><T128/><D128/><U133/><E133/><V77/><F23/><W131/><G134/><T31/><D31/><RYUUKYOKU ba="4,2" sc="40,15,403,15,225,-15,312,-15" hai0="6,10,12,16,18,19,50,53,56,57,58,86,94" hai1="9,13,17,69,70,71,80,82,97,99,102,103,107" /><INIT seed="1,5,2,1,1,72" ten="55,418,210,297" oya="1" hai0="63,89,60,93,32,120,45,41,48,117,104,131,47" hai1="8,102,16,23,56,103,22,43,6,119,134,25,11" hai2="42,112,135,111,7,57,24,27,97,105,85,58,76" hai3="107,9,50,46,0,77,10,1,130,66,74,109,122"/><U29/><E119/><V92/><F7/><W79/><G122/><T113/><D104/><U73/><E73/><V12/><F42/><W26/><G107/><T64/><D32/><U69/><E69/><V44/><F44/><W14/><G74/><T65/><D117/><U96/><E134/><V59/><F111/><W52/><G109/><T4/><D4/><U90/><E6/><V38/><F38/><W62/><G130/><T84/><D84/><U51/><E90/><V98/><F135/><W36/><G36/><N who="0" m="21671" /><D93/><N who="1" m="58639" /><E103/><V34/><F112/><W95/><G95/><T121/><D89/><U100/><E100/><V115/><F115/><W128/><G128/><T68/><D113/><U37/><E37/><V71/><F71/><W86/><G86/><T114/><D114/><U123/><E123/><N who="0" m="47177" /><D131/><U83/><E83/><N who="2" m="47335" /><F34/><W127/><G0/><T133/><D133/><U110/><E110/><V75/><F75/><W99/><G1/><T129/><D129/><U81/><E81/><V28/><F105/><W5/><G99/><T88/><D88/><U78/><E78/><V53/><F12/><W33/><G79/><T87/><D87/><U17/><E43/><V106/><F106/><W82/><G77/><T39/><D39/><U124/><E29/><V54/><F28/><W13/><G82/><T67/><D68/><U49/><E49/><V40/><F92/><W19/><G33/><T20/><D20/><U126/><E51/><V91/><F91/><W80/><G80/><T101/><D101/><U61/><E8/><N who="3" m="3178" /><G5/><T94/><D94/><U15/><E11/><V30/><F98/><RYUUKYOKU ba="5,2" sc="55,15,418,15,210,-15,297,-15" hai0="47,48,60,63,64,65,67" hai1="15,16,17,22,23,25,56,61,124,126" /><INIT seed="1,6,2,5,2,59" ten="70,433,195,282" oya="1" hai0="105,31,2,92,77,41,88,130,39,37,95,11,83" hai1="106,53,125,68,56,127,129,27,118,82,119,30,109" hai2="98,99,70,40,126,24,103,96,66,16,60,79,25" hai3="108,26,76,101,38,114,123,43,87,49,116,134,120"/><U52/><E106/><V133/><F126/><N who="1" m="48137" /><E68/><V42/><F133/><W5/><G38/><T57/><D130/><U90/><E129/><V63/><F79/><W131/><G114/><T8/><D105/><U71/><E71/><V128/><F66/><W54/><G43/><N who="2" m="16425" /><F70/><W13/><G108/><T75/><D31/><U33/><E109/><V112/><F112/><W61/><G101/><T100/><D37/><U32/><E32/><V10/><F103/><W3/><G3/><T34/><D11/><U7/><E7/><V29/><F128/><W12/><G5/><N who="0" m="1079" /><D34/><U72/><E53/><V19/><F29/><W1/><G54/><T9/><D9/><U73/><E90/><V80/><F80/><W14/><G123/><T113/><D113/><U36/><E36/><V110/><F110/><W102/><G76/><T18/><D18/><N who="2" m="6698" /><F10/><W121/><G131/><T86/><D100/><U28/><E28/><V21/><F21/><W17/><G134/><T135/><D135/><U0/><E0/><V45/><F45/><W20/><G1/><T35/><D35/><U89/><E73/><V65/><F65/><W84/><G121/><T48/><D95/><U122/><E122/><V62/><AGARI ba="6,2" hai="24,25,60,62,63,96,98,99" m="6698,16425" machi="62" ten="40,12000,2" yaku="28,2,8,1,52,3,54,1" doraHai="59" who="2" fromWho="2" sc="70,-36,433,-66,195,158,282,-36" /><INIT seed="2,0,0,5,1,43" ten="34,367,353,246" oya="2" hai0="135,60,112,97,3,75,40,93,28,82,134,84,90" hai1="29,122,106,6,49,133,56,100,102,131,116,111,20" hai2="7,77,109,105,13,22,45,123,130,81,62,36,33" hai3="8,27,118,16,4,101,41,115,51,79,47,114,87"/><V11/><F123/><W2/><G118/><T32/><D3/><U92/><E116/><V108/><F105/><W132/><G132/><T31/><D112/><N who="3" m="43049" /><G101/><T1/><D1/><U67/><E122/><V9/><F33/><W104/><G104/><T94/><D60/><N who="1" m="38279" /><E133/><V66/><F130/><W124/><G124/><T88/><D134/><U99/><E131/><V103/><F103/><W63/><G63/><T121/><D135/><U64/><E111/><N who="2" m="42571" /><F22/><N who="3" m="13767" /><G87/><T59/><D121/><U18/><E64/><V30/><F30/><W73/><G79/><T58/><D32/><U48/><E29/><V129/><F129/><W44/><G44/><T57/><REACH who="0" step="1"/><D40/><REACH who="0" ten="24,367,353,246" step="2"/><U125/><E125/><V107/><F107/><W5/><G41/><T14/><D14/><N who="1" m="9303" /><E6/><V78/><F13/><W128/><G5/><T72/><D72/><U15/><E15/><V24/><F7/><W119/><G73/><T25/><D25/><U71/><E71/><V35/><F24/><W89/><G128/><T80/><D80/><U54/><E54/><V96/><F35/><W61/><G4/><T70/><D70/><U46/><E106/><V85/><F81/><W12/><G2/><T126/><D126/><U21/><E92/><V68/><F68/><W10/><G12/><T55/><D55/><U65/><E65/><V38/><F66/><W0/><G0/><T76/><AGARI ba="0,1" hai="28,31,57,58,59,75,76,82,84,88,90,93,94,97" machi="76" ten="30,8000,1" yaku="1,1,0,1,54,1,53,2" doraHai="43" doraHaiUra="91" who="0" fromWho="0" sc="24,90,367,-20,353,-40,246,-20" /><INIT seed="3,0,0,5,2,5" ten="114,347,313,226" oya="3" hai0="11,26,101,74,102,89,17,122,69,13,14,51,15" hai1="1,57,96,49,111,25,62,116,94,92,42,19,21" hai2="35,67,132,109,64,53,93,104,45,123,129,52,65" hai3="86,37,54,85,41,40,16,47,44,75,110,133,39"/><W59/><G133/><T80/><D122/><U107/><E116/><V99/><F35/><W61/><G75/><T108/><D69/><U23/><E111/><V77/><F104/><W30/><G110/><T128/><D108/><U34/><E1/><V130/><F123/><W9/><G30/><T112/><D112/><U55/><E34/><V76/><F109/><W20/><REACH who="3" step="1"/><G9/><REACH who="3" ten="114,347,313,216" step="2"/><N who="0" m="6319" /><D128/><N who="2" m="49258" /><F132/><W114/><G114/><T72/><D74/><U73/><E73/><V100/><F45/><W48/><G48/><T127/><D72/><U36/><E36/><V88/><F100/><N who="0" m="38506" /><D127/><U106/><E106/><V103/><F103/><W95/><G95/><T29/><D51/><U135/><E107/><V43/><F43/><W7/><G7/><N who="0" m="3455" /><D80/><U38/><E135/><V105/><F105/><W12/><AGARI ba="0,1" hai="12,16,20,37,39,40,41,44,47,54,59,61,85,86" machi="12" ten="20,12000,1" yaku="1,1,0,1,7,1,9,1,54,1,53,0" doraHai="5" doraHaiUra="97" who="3" fromWho="3" sc="114,-40,347,-40,313,-40,216,130" owari="74,-42.6,307,10.7,273,-12.7,346,44.6" /></mjloggm>