<mjloggm ver="2.3"><GO type="225" lobby="0"/><UN n0="%E3%81%AA%E3%82%81%E3%81%93%E9%9B%80%E5%A3%AB" n1="%E6%81%A5%E6%99%92%E3%81%97" n2="%6D%75%75%73%61%6E%6D%75" n3="%72%69%6F%75%63%68%61%6E" dan="16,16,17,16" rate="2016.58,2109.36,2164.42,2184.31" sx="M,M,F,M"/><TAIKYOKU oya="0"/><INIT seed="0,0,0,3,2,130" ten="250,250,250,250" oya="0" hai0="61,23,16,74,105,17,110,14,27,48,66,87,51" hai1="124,76,114,54,6,9,60,91,24,95,80,64,19" hai2="131,31,37,78,11,107,70,127,128,39,125,38,3" hai3="92,72,79,57,112,101,2,93,123,63,20,50,102"/><T103/><D74/><U119/><E124/><N who="2" m="47691" /><F107/><W83/><G112/><T135/><D110/><U8/><E119/><V10/><F70/><W120/><G2/><T116/><D116/><U71/><E114/><V0/><F31/><W122/><G50/><T117/><D117/><U89/><E54/><V26/><F26/><W108/><G108/><T58/><D135/><U68/><E68/><V32/><F78/><W33/><G33/><T28/><D17/><U34/><E95/><N who="3" m="36426" /><G20/><T29/><D87/><U18/><E18/><V100/><F100/><W47/><G47/><T46/><D46/><U104/><E104/><V4/><F32/><W81/><G81/><T118/><D118/><U115/><E115/><V121/><F121/><N who="3" m="30979" /><W62/><DORA hai="22" /><G62/><T109/><D109/><U73/><E9/><N who="2" m="3083" /><F4/><W67/><AGARI ba="0,0" hai="57,63,67,72,79,83,101,102" m="30979,36426" machi="67" ten="40,1500,0" yaku="13,1" doraHai="130,22" who="3" fromWho="3" sc="250,-7,250,-4,250,-4,250,15" /><INIT seed="1,0,0,4,2,113" ten="243,246,246,265" oya="1" hai0="19,36,99,53,89,1,69,40,0,75,116,34,84" hai1="51,81,119,26,124,83,59,77,3,72,114,74,103" hai2="50,87,4,85,22,24,127,62,29,27,52,21,109" hai3="101,86,121,47,134,2,32,60,20,10,96,12,117"/><U115/><E3/><V80/><F109/><W120/><G134/><T49/><D75/><U105/><E124/><V78/><F127/><W71/><G32/><T76/><D69/><U13/><E13/><V8/><F62/><W15/><G2/><T126/><D34/><U41/><E119/><V130/><F130/><W43/><G117/><T88/><D1/><U65/><E26/><V79/><F8/><W129/><G129/><T91/><D0/><U67/><E41/><V70/><F70/><W68/><G71/><T133/><D126/><U42/><E103/><V7/><F85/><W82/><G20/><T102/><D133/><U45/><E105/><V106/><F79/><W58/><G68/><T6/><D6/><U16/><E16/><V18/><REACH who="2" step="1"/><F106/><REACH who="2" ten="243,246,236,265" step="2"/><W132/><G10/><T28/><D76/><U17/><E74/><V95/><F95/><N who="3" m="58527" /><G132/><T14/><D84/><U111/><E114/><V64/><F64/><N who="3" m="38935" /><G120/><T63/><D63/><U33/><E115/><V30/><F30/><W97/><G97/><T131/><D28/><U35/><E72/><V55/><F55/><W118/><G118/><T5/><D116/><U108/><E67/><V98/><F98/><W46/><G121/><T23/><D131/><U9/><E65/><V112/><F112/><W25/><G43/><T73/><D73/><U61/><E108/><V38/><F38/><W90/><G86/><T93/><D36/><U11/><E111/><V125/><F125/><W92/><G92/><T66/><D66/><N who="1" m="39231" /><E9/><V31/><F31/><W94/><G94/><T44/><D5/><U37/><E37/><RYUUKYOKU ba="0,1" sc="243,15,246,-15,236,15,265,-15" hai0="14,19,23,40,44,49,53,88,89,91,93,99,102" hai2="4,7,18,21,22,24,27,29,50,52,78,80,87" /><INIT seed="2,1,1,4,2,119" ten="258,231,251,250" oya="2" hai0="120,68,78,90,1,30,7,26,123,94,32,17,130" hai1="102,135,98,46,64,122,127,109,110,5,129,23,117" hai2="28,95,35,53,69,83,58,128,84,65,105,80,60" hai3="21,77,4,39,87,6,14,36,63,108,71,45,59"/><V73/><F105/><W85/><G108/><N who="1" m="41578" /><E117/><V132/><F132/><W101/><G71/><T25/><D68/><U88/><E135/><V41/><F128/><W12/><G101/><T37/><D37/><U20/><E129/><V126/><F126/><W13/><G21/><N who="0" m="13487" /><D78/><U49/><E127/><V75/><F41/><W70/><G70/><T40/><D94/><N who="1" m="56647" /><E64/><V79/><F95/><W56/><G56/><T3/><D90/><U96/><E5/><N who="3" m="2154" /><G39/><T62/><D62/><U66/><E66/><V72/><F69/><W124/><G36/><T103/><D103/><U115/><E115/><V134/><F134/><W81/><G124/><T111/><D40/><N who="1" m="24775" /><E122/><N who="0" m="46633" /><D130/><U29/><E29/><V50/><F28/><W57/><G63/><T9/><D111/><U10/><E10/><V8/><F8/><W48/><G85/><T34/><D34/><U22/><E23/><V93/><F35/><W89/><G89/><T33/><D32/><U19/><E19/><V116/><F116/><W131/><G131/><T44/><D44/><U112/><E112/><V51/><F93/><AGARI ba="1,1" hai="20,22,93,96,102" m="24775,56647,41578" machi="93" ten="30,2000,0" yaku="14,1,54,1" doraHai="119" who="1" fromWho="2" sc="258,0,231,33,251,-23,250,0" /><INIT seed="3,0,0,3,0,99" ten="258,264,228,250" oya="3" hai0="101,67,85,63,15,33,48,22,31,37,122,70,40" hai1="81,34,73,96,29,84,17,7,92,94,42,106,127" hai2="46,104,134,123,71,43,58,64,28,102,49,89,61" hai3="111,10,6,45,100,98,20,93,21,90,109,30,50"/><W115/><G115/><T74/><D74/><U12/><E127/><V2/><F2/><N who="3" m="343" /><G90/><T86/><D122/><U75/><E7/><V108/><F123/><W76/><G76/><T124/><D124/><U19/><E42/><V107/><F108/><N who="3" m="41547" /><G30/><T79/><D79/><U129/><E129/><V83/><F134/><W77/><G77/><T16/><D37/><U113/><E113/><V69/><F28/><W128/><G128/><T103/><D31/><U105/><E29/><V132/><F132/><W39/><G39/><T11/><D33/><U55/><E34/><V68/><REACH who="2" step="1"/><F102/><REACH who="2" ten="258,264,218,250" step="2"/><W88/><G100/><T8/><D103/><U82/><E12/><V51/><F51/><W32/><G32/><T65/><D101/><U38/><E38/><V60/><F60/><W78/><G78/><T13/><D13/><U116/><E105/><V25/><F25/><W135/><G135/><T26/><D26/><U5/><E106/><V62/><F62/><W112/><G112/><T119/><D63/><U95/><E96/><V56/><F56/><W44/><G44/><N who="0" m="25607" /><D70/><U35/><E35/><V117/><F117/><W57/><G57/><T91/><D119/><U80/><E116/><V59/><F59/><W14/><G14/><T97/><D11/><U110/><E110/><V24/><F24/><W4/><G4/><T66/><D8/><U118/><E118/><V121/><F121/><W41/><AGARI ba="0,1" hai="20,21,41,45,50,88,93,98" m="41547,343" machi="41" ten="30,6000,0" yaku="14,1,10,1,54,1" doraHai="99" who="3" fromWho="3" sc="258,-20,264,-20,218,-20,250,70" owari="238,-16.2,244,4.4,198,-30.2,320,42.0" /></mjloggm>