<mjloggm ver="2.3"><GO type="225" lobby="0"/><UN n0="%E3%83%A9%E3%83%96%E3%83%AC%E3%83%BC" n1="%6D%75%75%6D%75%72%61" n2="%E6%80%AA%E3%81%97%E3%81%99%E3%81%8E%E3%82%8B%E3%83%81%E3%83%BC" n3="%4C%4F%4C%49%54%41" dan="18,16,17,16" rate="2243.58,2089.59,2159.96,2191.04" sx="M,F,M,F"/><TAIKYOKU oya="0"/><INIT seed="0,0,0,1,3,23" ten="250,250,250,250" oya="0" hai0="104,52,53,17,89,78,11,122,81,134,35,107,57" hai1="31,20,14,59,44,21,88,87,103,66,127,6,80" hai2="62,109,114,85,10,102,27,82,49,86,60,75,39" hai3="105,5,16,3,124,9,7,92,45,116,101,74,72"/><T126/><D122/><U30/><E127/><V70/><F39/><W61/><G105/><T63/><D35/><U58/><E103/><V110/><F114/><W38/><G116/><T42/><D126/><U130/><E130/><V100/><F49/><W64/><G124/><T96/><D42/><U128/><E128/><V95/><F10/><W8/><G101/><N who="2" m="39017" /><F27/><W84/><G92/><T83/><D134/><U1/><E1/><V132/><F70/><W15/><G84/><N who="2" m="32361" /><F95/><W67/><G5/><T69/><D69/><U115/><E115/><V119/><F132/><W76/><G76/><T28/><D78/><U36/><E36/><V91/><F91/><W34/><G34/><T65/><D28/><N who="1" m="10795" /><E44/><V32/><F32/><W97/><G64/><T22/><D11/><N who="1" m="4471" /><E58/><V37/><F37/><W123/><G45/><T117/><D107/><U46/><E46/><V118/><F82/><N who="0" m="31242" /><D104/><U90/><E90/><V98/><F75/><W19/><G72/><T135/><D135/><U0/><E0/><V2/><F2/><W26/><G74/><T33/><D33/><U68/><E68/><V77/><F77/><W112/><G112/><T108/><D89/><U24/><E24/><V47/><F47/><W48/><G38/><T121/><D57/><U29/><N who="1" m="10803" /><U18/><DORA hai="131" /><E18/><V71/><F71/><W125/><G125/><T73/><D73/><U106/><E106/><V99/><F119/><W133/><G133/><T54/><D117/><U13/><E13/><V56/><F118/><W120/><G3/><T51/><D17/><U41/><E41/><V79/><F79/><RYUUKYOKU ba="0,0" sc="250,-10,250,30,250,-10,250,-10" hai1="20,21,59,66,80,87,88" /><INIT seed="1,1,0,1,4,17" ten="240,280,240,240" oya="1" hai0="37,68,24,103,84,133,11,100,90,52,104,39,62" hai1="65,35,76,60,51,3,114,87,41,92,28,101,49" hai2="89,31,111,32,6,109,134,83,13,7,16,82,88" hai3="124,123,116,63,18,15,81,58,10,57,54,112,110"/><U30/><E114/><V71/><F71/><W85/><G123/><T93/><D133/><U72/><E3/><V29/><F134/><W12/><G112/><T106/><D68/><U102/><E72/><V97/><F97/><W122/><G122/><T131/><D131/><U64/><E35/><V67/><F67/><N who="1" m="25673" /><E60/><V105/><F32/><W119/><G110/><N who="2" m="41993" /><F105/><W127/><G57/><T107/><D11/><U45/><E49/><V126/><F126/><N who="3" m="48171" /><G15/><T75/><D75/><U50/><E50/><V59/><F59/><W1/><G1/><T20/><D39/><U48/><E48/><V74/><F83/><W135/><G135/><T98/><D37/><U46/><E46/><V118/><F118/><W129/><G129/><T69/><D69/><U33/><E33/><V77/><F7/><W25/><G25/><T115/><D115/><U44/><E44/><V61/><F6/><W132/><G132/><T14/><D14/><U43/><E43/><V8/><F61/><W128/><G128/><T55/><D62/><U56/><E56/><V95/><F89/><AGARI ba="1,0" hai="10,12,18,54,58,63,81,85,89,116,119" m="48171" machi="89" ten="30,1000,0" yaku="18,1" doraHai="17" who="3" fromWho="2" sc="240,0,280,0,240,-13,240,13" /><INIT seed="2,0,0,1,0,117" ten="240,280,227,253" oya="2" hai0="69,104,106,62,86,26,3,105,58,8,20,21,120" hai1="61,95,66,23,25,64,60,9,67,45,111,32,33" hai2="98,4,83,76,28,11,122,75,10,1,16,115,130" hai3="109,19,36,2,12,85,29,40,107,48,31,57,77"/><V7/><F115/><W81/><G2/><T123/><D69/><U39/><E111/><V49/><F130/><W74/><G107/><T100/><D100/><U124/><E124/><V110/><F110/><W42/><G109/><T37/><D37/><U14/><E95/><V22/><F122/><W126/><G126/><T55/><D21/><U15/><E39/><V93/><F49/><W46/><G74/><T5/><REACH who="0" step="1"/><D86/><REACH who="0" ten="230,280,227,253" step="2"/><U114/><E114/><V0/><F28/><AGARI ba="0,1" hai="3,5,8,20,26,28,55,58,62,104,105,106,120,123" machi="28" ten="40,8000,1" yaku="1,1,2,1,52,2,53,1" doraHai="117" doraHaiUra="24" who="0" fromWho="2" sc="230,90,280,0,227,-80,253,0" /><INIT seed="3,0,0,4,0,47" ten="320,280,147,253" oya="3" hai0="135,108,64,130,111,25,44,87,107,8,110,4,104" hai1="41,106,18,39,113,16,30,129,98,83,29,42,60" hai2="115,128,62,15,84,1,45,82,9,68,56,48,53" hai3="23,81,80,65,75,54,95,27,32,40,116,102,125"/><W14/><G116/><T117/><D117/><U85/><E113/><V122/><F128/><W88/><G125/><T105/><D130/><U61/><E129/><V43/><F122/><W33/><G102/><T57/><D25/><U92/><E106/><V5/><F115/><W10/><G40/><N who="1" m="15466" /><E39/><V99/><F68/><W51/><G65/><T101/><D44/><U2/><E2/><V71/><F71/><W55/><G55/><T124/><D124/><U100/><E60/><V12/><F99/><N who="3" m="57831" /><G75/><T123/><D123/><U93/><E93/><V72/><F72/><W109/><G32/><T38/><D38/><U112/><E61/><V6/><F1/><W21/><G33/><T0/><D87/><U74/><E74/><V28/><F28/><N who="1" m="10857" /><E112/><V114/><F114/><W134/><G134/><T70/><D135/><U90/><AGARI ba="0,0" hai="16,18,83,85,90,92,98,100" m="10857,15466" machi="90" ten="30,2000,0" yaku="8,1,54,1" doraHai="47" who="1" fromWho="1" sc="320,-5,280,20,147,-5,253,-10" owari="315,41.5,300,10.0,142,-35.8,243,-15.7" /></mjloggm>