<mjloggm ver="2.3"><GO type="225" lobby="0"/><UN n0="%E3%81%B5%E3%81%98%E3%81%8B%E3%81%A4" n1="%E7%B4%94%E6%BD%94%E3%83%94%E3%83%A9%E3%83%8B%E3%82%A2" n2="%E3%81%82%E3%81%B9%E3%81%99%E3%81%91" n3="%E6%B8%A9%E2%98%85%E6%83%85%E2%98%85%E6%8E%AA%E2%98%85%E7%BD%AE" dan="16,16,16,17" rate="2168.74,2143.32,2056.40,2204.67" sx="M,M,M,M"/><TAIKYOKU oya="0"/><INIT seed="0,0,0,0,3,1" ten="250,250,250,250" oya="0" hai0="25,130,76,24,73,52,63,120,11,103,134,29,72" hai1="58,128,112,84,75,5,93,81,69,77,51,48,49" hai2="119,26,46,10,95,66,15,101,127,30,129,78,17" hai3="55,9,54,74,19,113,4,124,98,59,47,27,106"/><T50/><D120/><U92/><E69/><V0/><F0/><W53/><G113/><T14/><D134/><U8/><E112/><V126/><F129/><W44/><G124/><N who="2" m="47657" /><F119/><W133/><G133/><T111/><D130/><U38/><E38/><V100/><F78/><W71/><G71/><T35/><D111/><U114/><E114/><V131/><F131/><W67/><G74/><T68/><D103/><U6/><E128/><V82/><F82/><W116/><G116/><T33/><D76/><U34/><E34/><N who="2" m="20823" /><F95/><N who="1" m="36425" /><E75/><V36/><F66/><W57/><G67/><T3/><D3/><U115/><E115/><V20/><F20/><N who="3" m="13727" /><G106/><T22/><D35/><U135/><E135/><V102/><F46/><N who="3" m="17451" /><G98/><T7/><D68/><U32/><E32/><V60/><F36/><W99/><G99/><T13/><D63/><AGARI ba="0,0" hai="10,15,17,60,63,100,101,102" m="20823,47657" machi="63" ten="30,1000,0" yaku="18,1" doraHai="1" who="2" fromWho="0" sc="250,-10,250,0,250,10,250,0" /><INIT seed="1,0,0,0,3,57" ten="240,250,260,250" oya="1" hai0="62,126,102,128,104,75,88,86,60,124,12,93,21" hai1="110,44,115,17,43,14,38,3,130,117,63,135,100" hai2="7,70,66,6,125,96,121,72,83,35,76,48,118" hai3="19,92,50,5,15,116,97,89,26,61,74,36,95"/><U106/><E115/><V25/><F118/><W113/><G36/><T16/><D128/><U32/><E117/><V131/><F121/><W45/><G116/><T51/><D51/><U41/><E130/><V22/><F131/><W1/><G74/><T37/><D75/><U129/><E129/><V13/><F125/><N who="0" m="48234" /><D37/><U23/><E43/><V122/><F122/><W46/><G113/><T10/><D104/><U111/><E32/><V99/><F35/><W112/><G112/><T67/><D67/><U2/><E135/><V71/><F48/><W123/><G1/><T0/><D102/><U78/><E78/><V29/><F13/><W81/><G123/><T58/><D58/><U90/><E90/><V109/><F109/><N who="1" m="41481" /><E63/><N who="0" m="24105" /><D0/><N who="1" m="43" /><E100/><V134/><F134/><W84/><G61/><T42/><D42/><U127/><E127/><V31/><F72/><W20/><G50/><T80/><D80/><U9/><E106/><V68/><F71/><W54/><G54/><T28/><D28/><U27/><E38/><V108/><F108/><W55/><G55/><T56/><D56/><U40/><E44/><V64/><F70/><W133/><G133/><T73/><D73/><U105/><E105/><V94/><F68/><W18/><G81/><T98/><D98/><U132/><E132/><V87/><F99/><W11/><G97/><T103/><D103/><U69/><E69/><V30/><F66/><W24/><G95/><T33/><D33/><U47/><E47/><V8/><F64/><W82/><G92/><T101/><D101/><U34/><E34/><V49/><F94/><W59/><G59/><RYUUKYOKU ba="0,0" sc="240,10,250,10,260,-30,250,10" hai0="10,12,16,21,86,88,93" hai1="9,14,17,23,27,40,41" hai3="5,11,15,18,19,20,24,26,45,46,82,84,89" /><INIT seed="1,1,0,0,5,64" ten="250,260,230,260" oya="1" hai0="51,81,112,88,91,109,53,38,119,125,90,79,124" hai1="129,57,83,8,96,52,1,70,39,118,86,5,44" hai2="35,17,2,15,132,76,43,122,113,22,114,94,93" hai3="45,49,26,89,68,123,33,128,54,104,12,126,101"/><U72/><E118/><V131/><F122/><W116/><G123/><T67/><D119/><U10/><E129/><V48/><F2/><W127/><G116/><T82/><D112/><N who="2" m="43114" /><F132/><W3/><G3/><T84/><D109/><U108/><E108/><V58/><F131/><W115/><G115/><T14/><D38/><U73/><E10/><V16/><F35/><W75/><G75/><N who="0" m="43263" /><D67/><U7/><E7/><V134/><F76/><W28/><G128/><T30/><D30/><U59/><E96/><V47/><F134/><W71/><G89/><N who="0" m="51351" /><D14/><U87/><E87/><V99/><F99/><N who="3" m="61503" /><G12/><T42/><D42/><U78/><E59/><V120/><F120/><W80/><G80/><T106/><D51/><U65/><E65/><V24/><F58/><W95/><G95/><T100/><D53/><U18/><E18/><V31/><F17/><W133/><G133/><T60/><D60/><U102/><E102/><V117/><F117/><W36/><G36/><T105/><D100/><U41/><REACH who="1" step="1"/><E70/><REACH who="1" ten="250,250,230,260" step="2"/><V69/><F69/><W37/><G71/><T62/><D62/><AGARI ba="1,1" hai="1,5,8,39,41,44,52,57,62,72,73,78,83,86" machi="62" ten="30,12000,1" yaku="1,1,2,1,7,1,54,1,53,1" doraHai="64" doraHaiUra="56" who="1" fromWho="0" sc="250,-123,250,133,230,0,260,0" /><INIT seed="1,2,0,0,3,3" ten="127,383,230,260" oya="1" hai0="5,115,82,101,25,55,0,48,89,28,50,121,66" hai1="134,76,133,106,17,135,92,111,97,47,71,41,118" hai2="26,15,30,83,132,44,80,116,88,56,11,104,127" hai3="105,68,64,84,21,34,8,110,22,32,79,49,40"/><U36/><E118/><V114/><F116/><W43/><G105/><T112/><D121/><U42/><E71/><V95/><F104/><W90/><G110/><T94/><D101/><U120/><E120/><V9/><F132/><W130/><G130/><T2/><D66/><U123/><E123/><V70/><F70/><W124/><G79/><T102/><D102/><U31/><E111/><V75/><F127/><W72/><G72/><T19/><D82/><U33/><E76/><V18/><F75/><W61/><G124/><T122/><D122/><U53/><E106/><V81/><F44/><W6/><G34/><T93/><D19/><U20/><E33/><V100/><F100/><W96/><G96/><T74/><D74/><U16/><E42/><V14/><F56/><W13/><G32/><T131/><D131/><U91/><E53/><V108/><F108/><W58/><G68/><T37/><D37/><U125/><E125/><V113/><F26/><AGARI ba="2,0" hai="16,17,20,26,31,36,41,47,91,92,97,133,134,135" machi="26" ten="40,3900,0" yaku="20,1,54,1" doraHai="3" who="1" fromWho="2" sc="127,0,383,45,230,-45,260,0" /><INIT seed="1,3,0,5,1,63" ten="127,428,185,260" oya="1" hai0="18,10,69,72,29,30,92,39,24,31,59,20,5" hai1="61,97,57,94,86,46,100,103,112,90,23,51,116" hai2="98,131,6,110,113,52,70,77,13,43,122,56,88" hai3="50,55,64,134,4,105,8,133,16,60,53,82,126"/><U67/><E112/><V14/><F122/><W66/><G105/><T114/><D69/><U48/><E116/><V107/><F110/><W93/><G126/><T33/><D72/><U1/><E1/><V21/><F131/><W28/><G28/><T65/><D39/><U83/><E23/><V73/><F70/><W95/><G82/><T11/><D114/><U96/><REACH who="1" step="1"/><E46/><REACH who="1" ten="127,418,185,260" step="2"/><V104/><F21/><W123/><G123/><T35/><D11/><U121/><E121/><V81/><F113/><W125/><G8/><T91/><D10/><U32/><E32/><V128/><F128/><W3/><G3/><T2/><D2/><U44/><E44/><V89/><F14/><W47/><G47/><T34/><D5/><U119/><E119/><V79/><F13/><W0/><G0/><T129/><D129/><U135/><E135/><V38/><F6/><W111/><G4/><T101/><D35/><U49/><E49/><V15/><F15/><W78/><G50/><T41/><D34/><U22/><E22/><V115/><F115/><W76/><G125/><T118/><D118/><U85/><E85/><V87/><F38/><W19/><G60/><N who="0" m="38047" /><D33/><U36/><E36/><V124/><F124/><W9/><G9/><T27/><D27/><U132/><E132/><V45/><F73/><W7/><G7/><T84/><D41/><U40/><E40/><V17/><F43/><W42/><G42/><T108/><D108/><AGARI ba="3,1" hai="16,19,53,55,64,66,76,78,93,95,108,111,133,134" machi="108" ten="25,8000,1" yaku="22,2,52,2,54,1" doraHai="63" who="3" fromWho="0" sc="127,-89,418,0,185,0,260,99" /><INIT seed="2,0,0,0,3,28" ten="38,418,185,359" oya="2" hai0="23,44,113,4,89,52,77,68,38,62,134,43,35" hai1="46,41,22,16,130,135,82,123,71,96,115,97,58" hai2="122,45,5,126,94,117,114,78,120,106,12,37,3" hai3="7,93,119,65,27,98,19,124,24,20,81,118,116"/><V1/><F114/><W60/><G124/><T30/><D113/><U6/><E71/><V29/><F106/><W101/><G7/><T0/><D134/><U80/><E115/><V104/><F104/><W21/><G81/><T57/><D77/><U112/><E112/><V55/><F117/><W47/><G47/><T92/><D68/><U99/><E6/><V9/><F126/><W127/><G127/><T84/><D4/><U88/><E135/><V103/><F78/><W49/><G49/><T91/><D0/><U56/><E82/><V74/><F74/><W63/><REACH who="3" step="1"/><G65/><REACH who="3" ten="38,418,185,349" step="2"/><T36/><D38/><U107/><E123/><V125/><F125/><W76/><G76/><T2/><D2/><U108/><E130/><V50/><F3/><W15/><G15/><T110/><D110/><U26/><E108/><V11/><F37/><W85/><G85/><T64/><D64/><U17/><E107/><V18/><F122/><W33/><G33/><T133/><D133/><U72/><E72/><V39/><F39/><W10/><G10/><T59/><D23/><U8/><E8/><V86/><F86/><W100/><G100/><T132/><D132/><U111/><E111/><V31/><F120/><W67/><G67/><T109/><D109/><U53/><E80/><V105/><F105/><W83/><G83/><T25/><D89/><U121/><E88/><V70/><F70/><W128/><G128/><T95/><REACH who="0" step="1"/><D59/><REACH who="0" ten="28,418,185,349" step="2"/><U87/><E56/><V66/><F66/><W13/><G13/><T69/><D69/><U48/><E121/><V40/><F1/><W131/><G131/><RYUUKYOKU ba="0,2" sc="28,15,418,-15,185,-15,349,15" hai0="25,30,35,36,43,44,52,57,62,84,91,92,95" hai3="19,20,21,24,27,60,63,93,98,101,116,118,119" /><INIT seed="3,1,2,1,5,135" ten="43,403,170,364" oya="3" hai0="65,50,92,90,94,28,118,31,61,93,47,52,36" hai1="59,38,39,111,131,70,72,99,98,55,120,126,58" hai2="25,78,1,4,129,86,102,57,27,73,66,23,6" hai3="125,104,77,116,106,42,9,130,119,103,5,41,114"/><W40/><G114/><T88/><D118/><U26/><E26/><V115/><F115/><W62/><G130/><T19/><D36/><U56/><E56/><V48/><F73/><W117/><G125/><T123/><D123/><U7/><E126/><V33/><F102/><W67/><G77/><T87/><D94/><U34/><E55/><V37/><F57/><W45/><G45/><T0/><D0/><U68/><E7/><V11/><F48/><W43/><N who="3" m="10240" /><DORA hai="81" /><W124/><G124/><T60/><D19/><U80/><E80/><V54/><F54/><W63/><G103/><T91/><D91/><U44/><E44/><V101/><F101/><W97/><G97/><T35/><D35/><U113/><E34/><V24/><F78/><W76/><G76/><T14/><D14/><U46/><E46/><V8/><F33/><W85/><G85/><T21/><D21/><U122/><E113/><V89/><F23/><W17/><G17/><T22/><D22/><U20/><E20/><V96/><F129/><W108/><G108/><T71/><REACH who="0" step="1"/><D61/><REACH who="0" ten="33,403,170,364" step="2"/><U128/><E131/><V12/><F37/><W83/><G63/><T107/><D107/><U100/><E128/><V75/><F1/><W2/><REACH who="3" step="1"/><G83/><REACH who="3" ten="33,403,170,354" step="2"/><T79/><D79/><U84/><E39/><V29/><F27/><W53/><G53/><T13/><D13/><U82/><E38/><V10/><F12/><W49/><G49/><T127/><D127/><U105/><E105/><V3/><F25/><W133/><G133/><T132/><D132/><U74/><E82/><V110/><F24/><W121/><G121/><RYUUKYOKU ba="1,4" sc="33,15,403,-15,170,-15,354,15" hai0="28,31,47,50,52,60,65,71,87,88,90,92,93" hai3="2,5,9,62,67,104,106,116,117,119" /><INIT seed="3,2,4,4,5,34" ten="48,388,155,369" oya="3" hai0="114,65,13,85,16,101,47,24,55,67,94,56,133" hai1="105,64,123,88,130,48,63,91,10,98,72,135,53" hai2="103,40,90,3,5,19,46,99,83,93,41,42,111" hai3="27,14,108,120,21,70,107,126,61,22,116,60,121"/><W30/><G116/><T92/><D114/><U100/><E72/><V49/><F111/><W97/><G108/><T52/><D133/><U71/><E123/><V134/><F134/><W33/><G126/><T6/><D6/><U36/><E36/><V89/><F3/><W132/><G132/><T4/><D4/><U31/><E135/><V17/><F5/><W73/><G73/><T75/><D75/><U122/><E122/><N who="3" m="47210" /><G61/><T51/><D24/><U81/><E10/><V44/><F44/><W110/><G14/><T43/><D101/><U38/><E38/><V69/><F69/><W32/><G32/><T68/><D68/><U12/><E12/><V87/><F90/><W118/><G118/><T39/><D55/><AGARI ba="2,4" hai="17,19,40,41,42,46,49,55,83,87,89,93,99,103" machi="55" ten="40,1300,0" yaku="8,1" doraHai="34" who="2" fromWho="0" sc="48,-19,388,0,155,59,369,0" owari="29,-47.1,388,48.8,214,-18.6,369,16.9" /></mjloggm>