<mjloggm ver="2.3"><GO type="225" lobby="0"/><UN n0="%6D%75%75%73%61%6E%6D%75" n1="%E3%83%A9%E3%83%BC%E3%83%A1%E3%83%B3%E4%BA%94%E9%83%8E" n2="%E3%83%81%E3%83%83%E3%82%BF%E3%82%BD%E3%83%BC" n3="%E6%98%93%E5%88%A9%E8%96%A9%E4%BC%AF" dan="17,16,17,16" rate="2158.80,2136.67,2173.23,2096.80" sx="F,M,F,F"/><TAIKYOKU oya="0"/><INIT seed="0,0,0,0,5,82" ten="250,250,250,250" oya="0" hai0="30,21,49,53,122,37,38,90,29,62,35,119,117" hai1="20,15,1,42,93,52,98,44,74,89,133,134,103" hai2="4,105,107,50,27,56,64,70,66,81,10,85,96" hai3="55,31,132,17,95,0,106,5,76,24,48,84,102"/><T125/><D122/><U88/><E1/><V114/><F114/><W118/><G118/><T45/><D125/><U100/><E74/><V99/><F70/><W33/><G132/><N who="1" m="50794" /><E89/><V32/><F105/><W12/><G106/><T9/><D35/><U110/><E110/><V126/><F126/><W72/><G72/><T121/><D121/><U26/><E15/><V108/><F108/><W131/><G131/><T36/><D9/><U83/><E83/><V128/><F128/><W23/><G102/><T86/><D62/><U8/><E8/><V19/><F107/><W13/><G13/><T111/><D111/><U123/><E123/><V7/><F7/><W43/><G43/><T135/><D135/><U77/><E77/><V68/><F68/><W124/><G124/><T101/><D101/><U65/><E65/><V3/><F66/><W54/><G48/><T59/><D45/><U22/><E22/><V69/><F69/><W120/><G120/><T57/><D57/><U129/><E129/><V60/><F50/><W127/><G127/><T71/><D71/><U130/><E130/><V18/><F18/><W34/><G34/><T79/><D79/><U115/><E115/><V6/><F6/><W47/><G47/><T75/><D75/><U80/><E80/><V113/><F113/><W91/><G76/><T2/><D2/><U11/><E11/><AGARI ba="0,0" hai="0,5,11,12,17,23,24,31,33,54,55,84,91,95" machi="11" ten="40,5200,0" yaku="24,2,52,1" doraHai="82" who="3" fromWho="1" sc="250,0,250,-52,250,0,250,52" /><INIT seed="1,0,0,5,3,92" ten="250,198,250,302" oya="1" hai0="76,78,34,55,87,133,116,16,29,121,63,97,80" hai1="101,33,42,58,135,93,51,79,114,15,88,104,117" hai2="94,8,99,75,105,77,2,56,35,13,18,72,4" hai3="57,98,70,89,21,90,109,14,85,132,110,44,27"/><U120/><E114/><V53/><F105/><W111/><G70/><T126/><D116/><U86/><E117/><V129/><F129/><W108/><N who="3" m="27648" /><DORA hai="22" /><W61/><G132/><T7/><D133/><U48/><E135/><V43/><F43/><W73/><G73/><T107/><D126/><U95/><E120/><V41/><F41/><W91/><G14/><T122/><D7/><U26/><E104/><V17/><F35/><W31/><G44/><T119/><D119/><U128/><E128/><V118/><F118/><W49/><G49/><T9/><D55/><U65/><E79/><V62/><F77/><W5/><G5/><T11/><D63/><U25/><E33/><V123/><F123/><N who="0" m="47114" /><D76/><U68/><E68/><V52/><F53/><N who="3" m="33967" /><G85/><T67/><D67/><U3/><E3/><V127/><F127/><W102/><G102/><N who="0" m="62927" /><D16/><U1/><E42/><V115/><F115/><W30/><G30/><T23/><D23/><U100/><E1/><V54/><F54/><W40/><G40/><T36/><D36/><U32/><E32/><V81/><F18/><W12/><G12/><T47/><D47/><U24/><E15/><V84/><F17/><W20/><G20/><T0/><D0/><U60/><E101/><N who="2" m="60663" /><F2/><W103/><G103/><T64/><D64/><U38/><E38/><V125/><F125/><W10/><G10/><T83/><D29/><U74/><E74/><V96/><F72/><W69/><G69/><T131/><D34/><U82/><E100/><V28/><F75/><W19/><G31/><T66/><D131/><U113/><E113/><V106/><F28/><RYUUKYOKU ba="0,0" sc="250,-15,198,15,250,-15,302,15" hai1="24,25,26,48,51,58,60,65,82,86,88,93,95" hai3="19,21,27,89,90,91,98" /><INIT seed="1,1,0,1,1,122" ten="235,213,235,317" oya="1" hai0="76,23,93,125,78,27,39,22,129,16,97,115,59" hai1="66,41,131,106,49,56,98,1,20,42,100,85,6" hai2="37,15,99,108,126,43,102,30,96,81,73,55,14" hai3="71,4,17,52,8,28,124,29,110,32,50,130,70"/><U111/><E131/><V61/><F126/><W13/><G110/><T116/><D116/><U33/><E33/><V57/><F108/><W5/><G124/><T80/><D115/><U64/><E111/><V62/><F30/><W31/><G32/><T104/><D125/><U36/><E36/><V133/><F133/><W113/><G113/><T75/><D129/><U24/><E85/><V18/><F62/><W90/><G130/><T3/><D39/><U63/><E66/><V25/><F25/><W107/><G107/><T86/><D3/><U60/><E60/><V68/><F68/><W105/><G105/><T40/><D104/><U84/><E84/><V12/><F43/><W54/><G54/><T82/><D40/><U38/><E38/><V21/><F37/><W79/><G79/><T114/><D114/><U0/><E6/><V77/><REACH who="2" step="1"/><F96/><REACH who="2" ten="235,213,225,317" step="2"/><W9/><G70/><T26/><D59/><U109/><E109/><V128/><F128/><W72/><G29/><T44/><D44/><U94/><E41/><V53/><F53/><W123/><G28/><T74/><D27/><U87/><E42/><V103/><F103/><W132/><G31/><T135/><D135/><U34/><E34/><V47/><F47/><W46/><G46/><T120/><D120/><U51/><E49/><V19/><F19/><W101/><G50/><T88/><D23/><U89/><E51/><V121/><F121/><W92/><G132/><T58/><D58/><U65/><E64/><V45/><F45/><W11/><G123/><T2/><D2/><N who="1" m="1131" /><E24/><V119/><F119/><W69/><G69/><RYUUKYOKU ba="1,1" sc="235,10,213,10,225,10,317,-30" hai0="16,22,26,74,75,76,78,80,82,86,88,93,97" hai1="20,56,63,65,87,89,94,98,100,106" hai2="12,14,15,18,21,55,57,61,73,77,81,99,102" /><INIT seed="1,2,1,5,0,39" ten="245,223,235,287" oya="1" hai0="44,110,30,106,67,17,111,74,75,69,35,20,92" hai1="46,128,83,96,132,130,103,91,8,12,54,94,68" hai2="114,13,135,36,6,40,101,37,84,100,19,79,29" hai3="88,93,118,27,129,107,42,58,57,25,125,60,38"/><U95/><E68/><V24/><F135/><W62/><G107/><T53/><D106/><U14/><E132/><V102/><F114/><W109/><G109/><N who="0" m="41483" /><D35/><U87/><E95/><V70/><F70/><W2/><G2/><T71/><D30/><U52/><E14/><V108/><F108/><W116/><G129/><N who="1" m="49770" /><E46/><V1/><F6/><AGARI ba="2,1" hai="6,8,12,52,54,83,87,91,94,96,103" m="49770" machi="6" ten="30,2900,0" yaku="19,1,54,1" doraHai="39" who="1" fromWho="2" sc="245,0,223,45,235,-35,287,0" /><INIT seed="1,3,0,5,5,72" ten="245,268,200,287" oya="1" hai0="4,77,123,47,23,31,92,114,15,99,63,37,32" hai1="62,20,21,30,83,104,119,27,115,54,102,96,40" hai2="43,41,90,120,0,49,133,122,81,13,55,89,34" hai3="101,56,113,97,124,26,68,9,61,64,103,5,24"/><U67/><E115/><V8/><F0/><W127/><G113/><T135/><D114/><U91/><E119/><V38/><F34/><W46/><G68/><T79/><D135/><U78/><E91/><V85/><F133/><W132/><G46/><T18/><D123/><U76/><E54/><V71/><F71/><W19/><G103/><T116/><D116/><U66/><E40/><V106/><F106/><W93/><G132/><T105/><D105/><U16/><E83/><V7/><F120/><W10/><G10/><N who="0" m="4551" /><D32/><U108/><E108/><V44/><F122/><W59/><G59/><T128/><D37/><U45/><E45/><V82/><F38/><W110/><G19/><T11/><D47/><U88/><E88/><V73/><F73/><W86/><G86/><AGARI ba="3,0" hai="7,8,13,41,43,44,49,55,81,82,85,86,89,90" machi="86" ten="40,2600,0" yaku="9,1,8,1" doraHai="72" who="2" fromWho="3" sc="245,0,268,0,200,35,287,-35" /><INIT seed="2,0,0,1,5,45" ten="245,268,235,252" oya="2" hai0="103,122,72,0,14,86,63,32,92,37,43,61,15" hai1="33,38,75,26,21,66,125,82,73,62,23,24,11" hai2="30,34,119,109,56,1,132,39,18,70,101,9,95" hai3="65,69,100,28,4,31,8,80,79,91,48,127,3"/><V60/><F119/><W134/><G100/><T121/><D0/><U98/><E38/><V94/><F132/><W133/><G91/><T123/><D72/><U129/><E33/><V116/><F116/><W50/><G127/><T25/><D37/><U120/><E11/><V54/><F39/><W5/><G5/><T12/><D43/><U27/><E125/><V88/><F109/><W97/><G97/><T35/><D25/><U77/><E73/><V87/><F70/><W74/><G65/><T131/><D131/><U13/><E13/><V16/><F30/><N who="3" m="11307" /><G69/><T2/><D2/><U112/><E112/><V67/><F34/><N who="0" m="12842" /><D103/><U36/><E36/><V135/><F135/><AGARI ba="0,0" hai="3,4,8,48,50,74,79,80,133,134,135" m="11307" machi="135" ten="30,3900,0" yaku="20,1,52,2" doraHai="45" who="3" fromWho="2" sc="245,0,268,0,235,-39,252,39" /><INIT seed="3,0,0,0,2,6" ten="245,268,196,291" oya="3" hai0="8,17,86,135,108,99,79,88,11,123,3,110,5" hai1="87,20,40,106,93,32,43,101,56,70,46,120,104" hai2="58,114,90,51,100,0,23,30,50,55,39,25,72" hai3="62,89,83,94,117,111,66,1,69,26,52,122,19"/><W9/><G117/><T24/><D123/><U14/><E32/><V124/><F114/><W112/><G112/><T129/><D129/><U131/><E70/><V21/><F124/><W85/><G122/><T74/><D135/><U54/><E120/><V68/><F68/><W113/><G113/><T71/><D71/><U12/><E131/><V126/><F126/><W2/><G111/><N who="0" m="42539" /><D99/><U42/><E46/><V77/><F39/><W118/><G118/><T119/><D119/><U59/><E59/><V47/><F100/><W102/><G52/><T13/><D24/><U48/><E101/><V84/><F0/><W132/><G132/><T63/><D63/><U128/><E128/><V53/><F72/><W82/><G26/><T95/><D74/><U18/><E12/><V133/><F133/><W92/><G92/><T109/><D109/><U80/><E80/><V16/><F77/><AGARI ba="0,0" hai="3,5,8,11,13,17,77,79,86,88,95" m="42539" machi="77" ten="30,7700,0" yaku="14,1,52,2,54,1" doraHai="6" who="0" fromWho="2" sc="245,77,268,0,196,-77,291,0" owari="322,42.2,268,-13.2,119,-38.1,291,9.1" /></mjloggm>