<mjloggm ver="2.3"><GO type="225" lobby="0"/><UN n0="%4E%49%4A%49%49%52%4F" n1="%43%68%65" n2="%6D%75%75%6D%75%72%61" n3="%33%74%72%65%65" dan="16,16,17,17" rate="2179.24,2172.80,2174.22,2148.16" sx="M,M,F,F"/><TAIKYOKU oya="0"/><INIT seed="0,0,0,0,1,71" ten="250,250,250,250" oya="0" hai0="77,88,97,37,67,51,26,120,33,27,40,48,61" hai1="82,105,78,19,4,34,45,57,110,104,74,13,1" hai2="117,96,89,100,72,94,60,108,75,58,44,11,66" hai3="79,125,3,64,38,46,5,76,98,49,107,101,129"/><T83/><D120/><U128/><E110/><V115/><F108/><W121/><G121/><T103/><D33/><U73/><E73/><V30/><F115/><W7/><G125/><T70/><D51/><U9/><E128/><V122/><F122/><W32/><G129/><T8/><D48/><U39/><E57/><V29/><F117/><W102/><G32/><T12/><D37/><U90/><E90/><V28/><F44/><W56/><G101/><T17/><D40/><N who="1" m="22687" /><E34/><V123/><F123/><W18/><G18/><T95/><REACH who="0" step="1"/><D103/><REACH who="0" ten="240,250,250,250" step="2"/><U6/><E6/><V91/><F100/><W116/><G7/><T131/><D131/><U111/><E111/><V42/><F42/><W54/><G116/><T86/><AGARI ba="0,1" hai="8,12,17,26,27,61,67,70,77,83,86,88,95,97" machi="86" ten="20,12000,1" yaku="1,1,0,1,7,1,54,1,53,1" doraHai="71" doraHaiUra="93" who="0" fromWho="0" sc="240,130,250,-40,250,-40,250,-40" /><INIT seed="0,1,0,1,4,84" ten="370,210,210,210" oya="0" hai0="116,64,30,8,36,132,17,86,4,63,129,131,3" hai1="67,61,130,97,47,102,68,59,33,72,109,49,46" hai2="113,99,76,71,38,105,79,123,6,75,88,122,89" hai3="7,114,112,20,45,40,128,18,121,31,81,82,108"/><T124/><D116/><U12/><E109/><V127/><F71/><W41/><G108/><T91/><D36/><U90/><E130/><N who="0" m="49673" /><D30/><U0/><E0/><V95/><F38/><W125/><G31/><T13/><D124/><U94/><E94/><N who="2" m="56775" /><F6/><W65/><G125/><T54/><D54/><U98/><E72/><V69/><F69/><W117/><G117/><T14/><D132/><U42/><E33/><V5/><F5/><W106/><G7/><T133/><D17/><U27/><E27/><V34/><F34/><W22/><G18/><T51/><D51/><U24/><E24/><V101/><BYE who="1" /><F127/><W37/><G37/><T73/><D73/><UN n1="%43%68%65" /><U16/><E102/><V110/><F110/><W100/><G100/><T77/><D77/><N who="2" m="29770" /><F75/><W103/><G103/><T87/><D87/><U50/><E68/><V104/><F113/><W29/><G114/><T39/><D133/><U28/><E28/><V57/><F57/><W135/><G29/><T25/><D39/><U10/><REACH who="1" step="1"/><E90/><REACH who="1" ten="370,200,210,210" step="2"/><V74/><F74/><W55/><G128/><T80/><D25/><U111/><E111/><V11/><F101/><W78/><G112/><T21/><D3/><U66/><E66/><V35/><F35/><W107/><G65/><T52/><D64/><U62/><E62/><V23/><F23/><W26/><G20/><T92/><D21/><U120/><E120/><N who="2" m="46123" /><F11/><W19/><G121/><T53/><D8/><U60/><E60/><V2/><F2/><W43/><G135/><T48/><D63/><U118/><E118/><V1/><F1/><W9/><G9/><T70/><D70/><RYUUKYOKU ba="1,1" sc="370,-15,200,15,210,15,210,-15" hai1="10,12,16,42,46,47,49,50,59,61,67,97,98" hai2="89,95,104,105" /><INIT seed="1,2,1,0,0,76" ten="355,215,225,195" oya="1" hai0="102,26,98,135,72,90,43,39,61,112,0,62,12" hai1="87,64,46,11,14,51,71,119,2,22,83,82,131" hai2="54,56,52,73,94,78,41,120,20,29,3,93,40" hai3="84,92,10,59,101,104,99,67,134,5,96,128,65"/><U24/><E119/><V88/><F120/><W15/><G128/><T1/><D72/><U30/><E131/><V125/><F3/><W34/><G134/><T37/><D135/><U114/><E114/><V17/><F125/><W109/><G109/><T111/><D112/><U23/><E2/><V21/><F93/><W25/><G84/><T35/><D111/><U105/><E105/><V81/><F29/><W79/><G79/><T6/><D90/><U126/><E126/><V69/><F69/><W118/><G118/><T31/><D12/><U127/><E127/><V121/><F121/><W48/><G34/><T55/><D55/><U63/><E23/><V132/><F54/><W95/><G25/><T27/><D27/><U133/><E87/><V60/><F132/><W4/><G104/><T103/><D103/><U74/><E74/><V9/><F9/><W58/><G4/><T108/><D108/><U44/><E133/><V116/><F116/><W129/><G129/><T97/><D97/><U49/><E49/><V75/><F75/><W77/><G77/><T106/><D0/><U85/><E85/><V47/><F47/><W123/><G123/><T13/><D1/><U113/><E46/><V124/><F124/><W53/><REACH who="3" step="1"/><G59/><REACH who="3" ten="355,215,225,185" step="2"/><T18/><D6/><U19/><REACH who="1" step="1"/><E113/><REACH who="1" ten="355,205,225,185" step="2"/><V130/><F130/><W45/><G45/><T50/><D106/><U91/><E91/><AGARI ba="2,3" hai="5,10,15,48,53,58,65,67,91,92,95,96,99,101" machi="91" ten="30,3900,0" yaku="1,1,7,1,8,1,53,0" doraHai="76" doraHaiUra="70" who="3" fromWho="1" sc="355,0,205,-45,225,0,185,75" /><INIT seed="2,0,0,4,0,135" ten="355,160,225,260" oya="2" hai0="129,112,88,3,7,35,123,34,27,130,71,19,82" hai1="89,51,58,23,14,45,110,30,54,125,92,90,69" hai2="4,56,13,24,95,46,73,21,5,74,120,93,96" hai3="80,47,25,1,121,107,55,106,118,78,115,75,0"/><V26/><F120/><W133/><G121/><T57/><D123/><U100/><E69/><V2/><F2/><W117/><G133/><T85/><D71/><U94/><E110/><V101/><F46/><W70/><G115/><T66/><D112/><U109/><E109/><V12/><F93/><W86/><G86/><T83/><D83/><U132/><E132/><V10/><F56/><W105/><G55/><T104/><D104/><U38/><E38/><V98/><F98/><W17/><G47/><T79/><D79/><U48/><E125/><V65/><F65/><W42/><G42/><T126/><D126/><U37/><E37/><V28/><F26/><W60/><G17/><T108/><D108/><U44/><E58/><V131/><F131/><N who="0" m="50186" /><D7/><U76/><E76/><V62/><F62/><W41/><G25/><T113/><D113/><U99/><E94/><V114/><F114/><W128/><G41/><T81/><D81/><U8/><E30/><V102/><F102/><W31/><G31/><T64/><D3/><N who="3" m="1097" /><G128/><T52/><D64/><AGARI ba="0,0" hai="60,64,70,75,78,80,105,106,107,117,118" m="1097" machi="64" ten="40,1300,0" yaku="23,1" doraHai="135" who="3" fromWho="0" sc="355,-13,160,0,225,0,260,13" /><INIT seed="3,0,0,2,2,68" ten="342,160,225,273" oya="3" hai0="42,8,0,107,33,120,71,118,70,89,13,88,91" hai1="116,51,102,84,74,123,99,17,119,69,19,43,41" hai2="77,82,40,66,65,87,12,67,54,47,1,92,109" hai3="49,52,62,113,73,61,53,44,132,101,75,79,59"/><W2/><G113/><T50/><D120/><U90/><E123/><V131/><F1/><W60/><G2/><T34/><D118/><U64/><E74/><V100/><F109/><W129/><G75/><T108/><D107/><U58/><E69/><V115/><F115/><W31/><G101/><T78/><D108/><U45/><E43/><V38/><F131/><W46/><G31/><T110/><D0/><U23/><E119/><V16/><F54/><N who="3" m="33911" /><G79/><T6/><D78/><U10/><E116/><V126/><F126/><W36/><G73/><T125/><D110/><U35/><E35/><V18/><F12/><W106/><G106/><T37/><D50/><U127/><E127/><V93/><F93/><W134/><G129/><T122/><D122/><U20/><E99/><V81/><F81/><W124/><G124/><T85/><D125/><U72/><E102/><V83/><F83/><W9/><G9/><T128/><D128/><U112/><E72/><V25/><F25/><W21/><G21/><T96/><D70/><U86/><E112/><V11/><F11/><W3/><G3/><T97/><D71/><U114/><E114/><V117/><F117/><W14/><G14/><T30/><D30/><U63/><E10/><V135/><F135/><N who="3" m="51755" /><G53/><T56/><D33/><U80/><REACH who="1" step="1"/><E86/><REACH who="1" ten="342,150,225,273" step="2"/><N who="2" m="48463" /><F100/><W104/><G104/><T133/><D34/><U22/><AGARI ba="0,1" hai="17,19,20,22,23,41,45,51,58,63,64,80,84,90" machi="22" ten="30,4000,0" yaku="1,1,0,1,8,1,53,0" doraHai="68" doraHaiUra="24" who="1" fromWho="1" sc="342,-10,150,50,225,-10,273,-20" owari="332,43.2,200,-30.0,215,-18.5,253,5.3" /></mjloggm>