<mjloggm ver="2.3"><GO type="225" lobby="0"/><UN n0="%E3%81%BF%E3%81%BF%E3%81%9A" n1="%E3%82%BC%E3%83%AB%E3%83%80%E3%81%AE%E4%BC%9D%E8%AA%AC" n2="%61%67%65%48%61" n3="%E6%97%A5%E6%9B%9C%E6%97%A5%E3%82%88%E3%82%8A%E3%81%AE%E4%BD%BF%E8%80%85" dan="18,18,16,17" rate="2220.09,2240.46,2098.59,2099.42" sx="M,M,M,M"/><TAIKYOKU oya="0"/><INIT seed="0,0,0,5,3,37" ten="250,250,250,250" oya="0" hai0="74,4,3,35,112,71,55,72,51,44,1,87,127" hai1="7,39,102,128,23,18,97,130,29,86,106,122,90" hai2="98,95,42,27,99,80,92,66,21,109,15,0,111" hai3="43,46,33,126,124,41,75,8,117,113,6,9,38"/><T48/><D112/><U20/><E122/><V68/><F0/><N who="3" m="71" /><G113/><T103/><D35/><U133/><E133/><V5/><F80/><W134/><G117/><T78/><D71/><U61/><E39/><V135/><F135/><W32/><G134/><T123/><D103/><U85/><E7/><V116/><F116/><W76/><G9/><T104/><D104/><U120/><E120/><V88/><F66/><W65/><G43/><T67/><D67/><U105/><E105/><V34/><F34/><N who="3" m="13419" /><G65/><T70/><D70/><U69/><E29/><V52/><F68/><W107/><G107/><T45/><D123/><U121/><E121/><V53/><F42/><W62/><G62/><T100/><D100/><U17/><E61/><V24/><F111/><W81/><AGARI ba="0,0" hai="38,41,46,75,76,81,124,126" m="13419,71" machi="81" ten="30,4000,0" yaku="25,1,23,1,52,1" doraHai="37" who="3" fromWho="3" sc="250,-20,250,-10,250,-10,250,40" /><INIT seed="1,0,0,4,2,22" ten="230,240,240,290" oya="1" hai0="48,19,71,95,52,112,17,122,26,38,33,83,50" hai1="0,101,103,111,117,44,98,134,28,75,67,58,74" hai2="126,106,63,119,35,116,20,115,51,131,78,130,128" hai3="46,82,11,129,7,79,23,121,81,120,2,47,109"/><U21/><E117/><V92/><F106/><W69/><G69/><T88/><D38/><U133/><E0/><V124/><F35/><W94/><G109/><T8/><D112/><U97/><E44/><V49/><F78/><W43/><G129/><T45/><D71/><U56/><E21/><V37/><F37/><N who="3" m="21871" /><G47/><N who="0" m="27679" /><D33/><U64/><REACH who="1" step="1"/><E28/><REACH who="1" ten="230,230,240,290" step="2"/><V29/><F20/><W100/><G23/><N who="0" m="13679" /><D122/><U1/><E1/><V89/><F29/><W27/><G121/><T123/><D123/><U99/><E99/><N who="2" m="57743" /><F115/><W25/><G120/><T86/><D8/><U55/><E55/><V68/><F68/><W102/><G11/><T85/><D19/><U39/><E39/><V72/><F72/><W66/><G2/><T10/><D10/><U114/><E114/><V57/><F119/><W41/><G41/><N who="0" m="24879" /><D85/><U32/><E32/><V12/><F116/><W61/><G7/><T9/><D9/><U110/><AGARI ba="0,1" hai="56,58,64,67,74,75,97,98,101,103,110,111,133,134" machi="110" ten="25,9600,0" yaku="1,1,0,1,22,2,53,0" doraHai="22" doraHaiUra="14" who="1" fromWho="1" sc="230,-32,230,106,240,-32,290,-32" /><INIT seed="1,1,0,5,1,29" ten="198,336,208,258" oya="1" hai0="58,93,83,107,110,127,33,9,27,20,73,123,45" hai1="51,70,104,42,38,61,121,28,4,31,7,41,106" hai2="134,98,120,85,46,13,99,89,52,17,133,109,67" hai3="82,71,19,22,50,81,6,129,56,113,100,47,76"/><U59/><E121/><V64/><F120/><W118/><G71/><T122/><D107/><U116/><E116/><V101/><F109/><W88/><G113/><T62/><D110/><U131/><E131/><V69/><F69/><W96/><G129/><T84/><D127/><U117/><E117/><V1/><F1/><W77/><G6/><T125/><D125/><U130/><E130/><V0/><F0/><W66/><G66/><T135/><D135/><N who="2" m="51722" /><F64/><W26/><G56/><T21/><D9/><U35/><E59/><V18/><F67/><W63/><G63/><T75/><D45/><U115/><E51/><N who="2" m="28791" /><F101/><W92/><G118/><T126/><D126/><U54/><E70/><V25/><F25/><W2/><G2/><T80/><D27/><U14/><E14/><V94/><F18/><W60/><G60/><T36/><D62/><U40/><E61/><V43/><F43/><N who="3" m="24959" /><G100/><T5/><D58/><U79/><E115/><V12/><F12/><W23/><G23/><AGARI ba="1,0" hai="13,17,23,85,89,94,98,99" m="28791,51722" machi="23" ten="30,2000,0" yaku="20,1,54,1" doraHai="29" who="2" fromWho="3" sc="198,0,336,0,208,23,258,-23" /><INIT seed="2,0,0,2,3,101" ten="198,336,231,235" oya="2" hai0="117,31,107,76,51,105,64,84,63,27,0,78,23" hai1="70,94,134,41,6,62,80,46,69,24,22,19,98" hai2="122,93,100,36,61,52,118,25,12,81,58,114,75" hai3="97,111,47,17,72,32,103,95,33,34,130,83,127"/><V26/><F114/><W5/><G111/><T71/><D117/><U59/><E134/><V16/><F118/><W7/><G127/><T11/><D51/><U10/><E80/><V90/><F122/><W39/><G130/><T123/><D123/><U133/><E133/><V85/><F36/><W121/><G121/><T15/><D0/><U28/><E46/><V113/><F113/><W4/><G17/><T53/><D53/><U82/><E82/><V131/><F131/><W66/><G66/><T91/><D78/><U92/><E41/><V54/><F54/><W120/><G120/><T29/><D76/><U48/><E48/><V87/><F75/><W112/><G112/><T126/><D31/><U37/><E94/><V35/><F35/><W21/><G21/><T20/><D23/><U135/><E37/><V88/><F100/><W104/><G95/><T14/><D126/><U102/><E19/><V115/><F115/><W68/><G68/><T119/><D119/><U30/><E30/><V128/><F128/><W110/><G110/><T43/><D43/><U8/><E135/><V132/><F132/><W99/><G99/><T55/><D55/><U124/><E124/><V44/><F44/><W125/><G125/><T67/><D67/><N who="1" m="39391" /><E10/><AGARI ba="0,0" hai="10,12,16,25,26,52,58,61,81,85,87,88,90,93" machi="10" ten="30,12000,1" yaku="7,1,8,1,54,3" doraHai="101" who="2" fromWho="1" sc="198,0,336,-120,231,120,235,0" /><INIT seed="2,1,0,2,0,58" ten="198,216,351,235" oya="2" hai0="81,47,126,77,105,37,92,51,74,73,7,44,91" hai1="36,100,50,118,98,2,115,88,16,93,114,119,129" hai2="127,103,70,46,67,49,0,35,75,94,10,106,124" hai3="90,5,19,71,28,12,79,120,56,4,27,97,72"/><V63/><F94/><N who="3" m="56535" /><G72/><T57/><D126/><N who="2" m="48170" /><F75/><W110/><G71/><T109/><D109/><U80/><E36/><V24/><F24/><W95/><G120/><T104/><D74/><U83/><E2/><V20/><F20/><N who="3" m="15463" /><G110/><T31/><D31/><U117/><E16/><V64/><F64/><W66/><G79/><T78/><D78/><U101/><E50/><V8/><F35/><W29/><G29/><T17/><D7/><U128/><E80/><V52/><F0/><W11/><G95/><T131/><D131/><N who="1" m="50251" /><E83/><V6/><F6/><W39/><G39/><T122/><D122/><U40/><E40/><V96/><AGARI ba="1,0" hai="8,10,46,49,52,63,67,70,96,103,106" m="48170" machi="96" ten="30,6000,0" yaku="18,1,52,1,54,1" doraHai="58" who="2" fromWho="2" sc="198,-21,216,-21,351,63,235,-21" /><INIT seed="2,2,0,4,2,30" ten="177,195,414,214" oya="2" hai0="39,70,51,121,80,59,101,94,29,42,24,134,52" hai1="4,58,108,105,9,2,123,28,103,99,1,84,85" hai2="132,15,45,113,65,100,25,90,91,107,86,3,96" hai3="32,13,117,75,43,54,61,38,124,81,63,37,17"/><V16/><F113/><W102/><G117/><T118/><D121/><U31/><E123/><V78/><F3/><W131/><G102/><T47/><D118/><U133/><E108/><V135/><F65/><W46/><G37/><T5/><D134/><N who="2" m="51242" /><F25/><W56/><G124/><T104/><D5/><U64/><E1/><V116/><F116/><W36/><G36/><T95/><D80/><U122/><E122/><V68/><F68/><W44/><G131/><T55/><D70/><U20/><E133/><V57/><F57/><W27/><G46/><T109/><D109/><U126/><E126/><V130/><F130/><W88/><G75/><T74/><D74/><U50/><E31/><V87/><F45/><W62/><G81/><T97/><REACH who="0" step="1"/><D55/><REACH who="0" ten="167,195,414,214" step="2"/><U129/><E129/><V48/><F78/><W106/><G54/><T41/><D41/><U14/><E2/><V6/><F6/><W73/><G73/><T127/><D127/><U92/><E105/><V119/><F119/><W0/><G106/><T120/><D120/><U22/><E50/><V72/><F48/><W76/><G0/><T79/><D79/><U21/><E28/><V89/><F72/><W83/><G76/><T49/><D49/><U71/><E71/><V66/><F66/><W112/><G43/><T34/><AGARI ba="2,1" hai="24,29,34,39,42,47,51,52,59,94,95,97,101,104" machi="34" ten="20,8000,1" yaku="1,1,0,1,7,1,52,1,54,1,53,0" doraHai="30" doraHaiUra="18" who="0" fromWho="0" sc="167,96,195,-22,414,-42,214,-22" /><INIT seed="3,0,0,3,3,19" ten="263,173,372,192" oya="3" hai0="57,14,116,71,100,96,10,41,26,106,113,84,52" hai1="98,107,94,31,104,61,115,128,50,102,60,53,48" hai2="81,69,21,30,2,114,11,72,99,68,85,126,83" hai3="3,20,80,75,58,27,90,105,123,0,101,7,63"/><W95/><G123/><T43/><D71/><U134/><E115/><V131/><F114/><W86/><G7/><T76/><D113/><U130/><E31/><V109/><F109/><W88/><G105/><N who="1" m="40522" /><E134/><V108/><F21/><W117/><G101/><T16/><D116/><U65/><E53/><V1/><F85/><W13/><G13/><T22/><D84/><U132/><E132/><V122/><F99/><W42/><G42/><T28/><REACH who="0" step="1"/><D76/><REACH who="0" ten="253,173,372,192" step="2"/><U44/><E44/><V110/><F110/><W54/><G117/><T24/><D24/><U89/><E102/><V47/><F108/><W40/><G75/><T120/><D120/><U62/><E65/><V37/><F72/><W91/><G86/><T17/><D17/><U9/><E9/><V78/><F11/><W127/><G27/><T133/><D133/><U12/><E12/><V79/><F78/><W64/><G64/><T66/><D66/><U77/><E77/><V111/><F79/><W125/><G0/><T92/><D92/><U97/><E97/><V36/><F1/><W87/><G3/><T29/><D29/><U49/><E98/><V118/><F30/><W51/><G95/><T32/><D32/><U6/><E6/><V74/><F2/><W38/><G20/><T135/><D135/><U4/><E4/><V112/><F74/><W67/><G87/><T34/><D34/><U18/><E18/><V8/><F111/><W23/><G23/><T56/><D56/><U25/><E25/><V121/><F122/><W73/><G73/><T129/><D129/><N who="1" m="49771" /><E94/><V82/><F131/><W33/><G33/><RYUUKYOKU ba="0,1" sc="253,15,173,15,372,-15,192,-15" hai0="10,14,16,22,26,28,41,43,52,57,96,100,106" hai1="48,49,50,60,61,62,89" owari="268,6.8,188,-21.2,367,46.7,177,-32.3" /></mjloggm>