<mjloggm ver="2.3"><GO type="225" lobby="0"/><UN n0="%E3%81%82%E3%81%99%E3%81%AB%E3%82%83%E3%82%80" n1="%E8%BE%9B%E5%8F%A3%E3%82%AB%E3%83%AC%E3%83%BC%E3%83%A9%E3%82%A4%E3%82%B9" n2="%E7%B4%94%E6%BD%94%E3%83%94%E3%83%A9%E3%83%8B%E3%82%A2" n3="%E6%9D%B1%E9%A2%A8%E3%81%AE%E3%81%8D%E3%82%83%E3%81%B7%E3%81%95%E3%82%93" dan="16,17,16,17" rate="2100.96,2256.52,2180.47,2270.10" sx="F,M,M,M"/><TAIKYOKU oya="0"/><INIT seed="0,0,0,5,5,93" ten="250,250,250,250" oya="0" hai0="68,44,58,51,67,74,55,75,113,48,92,83,62" hai1="54,39,43,26,105,71,50,117,85,132,23,91,18" hai2="45,128,60,124,120,97,61,81,111,79,126,15,104" hai3="25,119,112,99,87,52,49,46,8,98,41,6,11"/><T42/><D113/><U35/><E117/><V69/><F120/><W122/><G119/><T7/><D7/><U37/><E71/><V32/><F111/><W103/><G122/><T17/><D83/><U36/><E105/><V5/><F128/><W29/><G112/><T106/><D106/><U108/><E108/><V21/><F32/><W78/><G103/><T100/><REACH who="0" step="1"/><D17/><REACH who="0" ten="240,250,250,250" step="2"/><U77/><E132/><V95/><F104/><W80/><G41/><T38/><D38/><U22/><E43/><V89/><F5/><W0/><REACH who="3" step="1"/><G11/><REACH who="3" ten="240,250,250,240" step="2"/><T118/><D118/><U53/><E39/><V127/><F124/><W63/><G63/><T24/><D24/><U101/><E37/><V73/><F126/><W125/><G125/><T130/><D130/><U131/><E36/><V82/><F60/><W33/><AGARI ba="0,2" hai="0,6,8,25,29,33,46,49,52,78,80,87,98,99" machi="33" ten="20,12000,2" yaku="1,1,0,1,7,1,52,2,54,1,53,0" doraHai="93" doraHaiUra="65" who="3" fromWho="3" sc="240,-60,250,-30,250,-30,240,140" /><INIT seed="1,0,0,0,3,22" ten="180,220,220,380" oya="1" hai0="59,18,98,7,57,120,27,75,48,117,47,45,135" hai1="61,114,121,19,29,126,16,101,122,17,53,113,111" hai2="73,15,69,34,2,71,107,43,42,62,92,79,46" hai3="123,40,37,32,108,103,131,90,106,94,119,35,44"/><U112/><E101/><V74/><F107/><W58/><G123/><N who="1" m="47114" /><E53/><V81/><F2/><W6/><G108/><T88/><D120/><U8/><E61/><V51/><F34/><W50/><G131/><T93/><D117/><U52/><E52/><V21/><F74/><W66/><G119/><T24/><D75/><U99/><E99/><V63/><F43/><W41/><G6/><T30/><D7/><U68/><E68/><V89/><F69/><W3/><G3/><T95/><D135/><U39/><E39/><V87/><F71/><W31/><G31/><T33/><D95/><U13/><E111/><V124/><F124/><W72/><G72/><T84/><D98/><U38/><E38/><V55/><F55/><W78/><G78/><T28/><D18/><N who="1" m="8487" /><E29/><V11/><F21/><W110/><G110/><T20/><D45/><U82/><E82/><V127/><F127/><AGARI ba="0,0" hai="16,17,19,112,113,114,126,127" m="8487,47114" machi="127" ten="40,7700,0" yaku="34,2,54,1" doraHai="22" who="1" fromWho="2" sc="180,0,220,77,220,-77,380,0" /><INIT seed="1,1,0,2,3,89" ten="180,297,143,380" oya="1" hai0="58,80,19,23,20,7,0,47,38,113,78,104,84" hai1="106,9,70,14,68,109,48,72,81,12,73,97,64" hai2="27,5,86,127,76,16,57,65,37,133,93,46,123" hai3="24,125,74,71,120,6,100,44,32,99,105,8,54"/><U3/><E3/><V11/><F123/><W41/><G120/><T134/><D113/><U79/><E109/><V130/><F127/><W111/><G54/><T22/><D134/><U117/><E117/><V61/><F130/><W45/><G45/><T69/><D69/><U101/><E73/><V25/><F133/><W18/><G125/><T110/><D110/><U119/><E119/><V131/><F131/><W49/><G71/><T92/><D104/><U34/><E34/><V4/><F37/><W77/><G111/><T124/><D124/><U121/><E121/><V50/><F76/><W15/><G77/><T42/><D58/><U59/><E14/><N who="2" m="7263" /><F25/><W103/><G103/><T67/><D67/><U96/><E96/><V17/><F17/><W60/><G60/><T128/><D128/><U36/><E36/><V33/><F27/><W95/><G74/><T88/><D7/><U10/><E10/><V66/><F65/><W29/><REACH who="3" step="1"/><G6/><REACH who="3" ten="180,297,143,370" step="2"/><T13/><REACH who="0" step="1"/><D0/><REACH who="0" ten="170,297,143,370" step="2"/><U82/><E68/><N who="2" m="42063" /><F5/><W43/><G43/><T52/><D52/><U30/><E70/><V94/><F4/><W39/><G39/><T28/><D28/><U115/><E30/><V75/><F57/><W116/><G116/><T118/><D118/><U108/><E59/><V129/><F129/><W31/><G31/><T62/><D62/><U2/><E108/><V112/><F112/><W21/><G21/><T40/><D40/><U135/><E2/><V87/><F33/><W85/><G85/><AGARI ba="1,2" hai="13,19,20,22,23,38,42,47,78,80,84,85,88,92" machi="85" ten="30,7700,0" yaku="1,1,7,1,52,1,54,1,53,0" doraHai="89" doraHaiUra="35" who="0" fromWho="3" sc="170,100,297,0,143,0,370,-80" /><INIT seed="2,0,0,3,0,108" ten="270,297,143,290" oya="2" hai0="59,20,15,125,38,22,53,45,79,26,73,62,88" hai1="83,133,16,85,28,90,32,67,47,122,129,36,70" hai2="39,35,25,78,107,66,117,37,82,84,60,50,0" hai3="5,49,43,80,98,3,51,120,87,27,61,75,42"/><V131/><F117/><W130/><G120/><T74/><D125/><U115/><E115/><V116/><F116/><W114/><G114/><T11/><D79/><U81/><E122/><V64/><F107/><W106/><G75/><T21/><D26/><U110/><E110/><V65/><F131/><W4/><G130/><T58/><D58/><U92/><E129/><V56/><F0/><W71/><G3/><T8/><D8/><U31/><E133/><V127/><F127/><W24/><G98/><T94/><D45/><U100/><E67/><V101/><F101/><W69/><G106/><T93/><D93/><U44/><E70/><V89/><F50/><W111/><G61/><T18/><REACH who="0" step="1"/><D38/><REACH who="0" ten="260,297,143,290" step="2"/><U34/><E36/><V112/><F112/><W97/><G111/><T72/><D72/><U132/><E47/><V10/><F10/><W23/><G27/><T91/><D91/><U30/><E44/><V7/><F7/><W109/><G24/><T19/><D19/><U13/><E132/><V1/><F1/><W41/><G109/><T119/><D119/><U95/><E95/><V46/><F39/><W63/><G4/><T2/><D2/><U126/><E126/><V76/><F76/><W123/><G5/><T52/><D52/><U55/><E55/><V57/><F57/><W33/><G123/><T77/><D77/><U103/><E103/><V68/><F68/><W102/><G69/><T6/><D6/><U54/><E54/><N who="2" m="33815" /><F78/><W135/><G135/><T96/><AGARI ba="0,1" hai="11,15,18,20,21,22,53,59,62,73,74,88,94,96" machi="96" ten="30,8000,1" yaku="1,1,0,1,54,1,53,2" doraHai="108" doraHaiUra="105" who="0" fromWho="0" sc="260,90,297,-20,143,-40,290,-20" /><INIT seed="3,0,0,5,3,102" ten="350,277,103,270" oya="3" hai0="19,20,46,110,2,111,24,104,82,134,17,94,13" hai1="53,106,77,116,133,21,84,109,37,93,65,43,39" hai2="64,11,36,55,122,8,115,35,49,66,120,90,51" hai3="50,126,118,38,129,76,130,121,73,61,59,80,63"/><W117/><G38/><T58/><D104/><U14/><E106/><V88/><F36/><W97/><G97/><T99/><D2/><U54/><E109/><N who="0" m="41481" /><D134/><U98/><E133/><V70/><F35/><W95/><G95/><T29/><D46/><U100/><E65/><V125/><F125/><W78/><G78/><T33/><D82/><N who="1" m="47183" /><E39/><V30/><F30/><W79/><G79/><T47/><D47/><U128/><E37/><V48/><F48/><W41/><G126/><T32/><D58/><U40/><E128/><N who="3" m="49258" /><G121/><T26/><D26/><U12/><E116/><N who="3" m="44650" /><G41/><N who="1" m="15946" /><E21/><V114/><REACH who="2" step="1"/><F70/><REACH who="2" ten="350,277,93,270" step="2"/><W86/><G73/><T91/><D33/><U67/><E67/><V52/><AGARI ba="0,1" hai="8,11,49,51,52,55,64,66,88,90,114,115,120,122" machi="52" ten="25,12000,2" yaku="1,1,2,1,0,1,22,2,54,2,53,0" doraHai="102" doraHaiUra="18" who="2" fromWho="2" sc="350,-30,277,-30,93,130,270,-60" owari="320,42.0,247,4.7,223,-17.7,210,-29.0" /></mjloggm>