<mjloggm ver="2.3"><GO type="225" lobby="0"/><UN n0="%E3%83%A9%E3%82%A4%E3%83%B3%E3%81%AE%E8%99%8E" n1="%E5%8D%A0%E3%81%84%E5%B8%AB%E8%A3%8F%E3%81%AA%E3%81%84%E3%81%97" n2="%E3%81%AB%E3%81%97%E3%81%A0%E3%81%8F%E3%82%93" n3="%E6%A1%9C%E8%8A%B1%E9%96%83%E3%80%85" dan="16,17,16,17" rate="2119.51,2199.83,2072.11,2171.31" sx="M,M,M,M"/><TAIKYOKU oya="0"/><INIT seed="0,0,0,3,4,119" ten="250,250,250,250" oya="0" hai0="135,30,53,65,31,28,38,62,49,17,59,56,94" hai1="79,14,75,22,114,66,106,61,100,83,87,63,123" hai2="27,16,3,103,104,37,111,132,118,78,2,117,92" hai3="98,54,121,122,36,80,39,116,8,24,12,46,13"/><T18/><D135/><U72/><E114/><V99/><F37/><N who="3" m="14411" /><G116/><N who="2" m="44649" /><F111/><W81/><G24/><T40/><D38/><U113/><E113/><V1/><F132/><W82/><G98/><T108/><D108/><U35/><E35/><V76/><F104/><W131/><G131/><T112/><D40/><U93/><E123/><N who="3" m="47114" /><G8/><T9/><D112/><U115/><E115/><V34/><F34/><W6/><G6/><T96/><REACH who="0" step="1"/><D9/><REACH who="0" ten="240,250,250,250" step="2"/><U105/><E105/><V74/><F74/><W95/><G95/><T130/><D130/><U107/><E106/><V11/><F11/><W89/><G89/><AGARI ba="0,1" hai="17,18,28,30,31,49,53,56,59,62,65,89,94,96" machi="89" ten="40,3900,0" yaku="1,1,8,1,53,0" doraHai="119" doraHaiUra="42" who="0" fromWho="3" sc="240,49,250,0,250,0,250,-39" /><INIT seed="0,1,0,5,2,47" ten="289,250,250,211" oya="0" hai0="21,100,127,29,93,22,20,79,59,67,13,128,51" hai1="134,62,6,71,118,108,54,27,30,34,1,99,94" hai2="32,52,35,0,98,56,55,106,107,44,81,97,126" hai3="84,111,115,46,76,11,7,119,112,114,3,73,95"/><T101/><D127/><U103/><E118/><V16/><F0/><W39/><G111/><T41/><D128/><U72/><E108/><V66/><F126/><W75/><G119/><T2/><D2/><U91/><E134/><V45/><F81/><W74/><G95/><T77/><D67/><U125/><E125/><V86/><F86/><W123/><G84/><T37/><D37/><U87/><E72/><V122/><F56/><W96/><G96/><N who="0" m="59407" /><D101/><U53/><E6/><V124/><F124/><W38/><G123/><T40/><D29/><U130/><E1/><V5/><F5/><W110/><G110/><T83/><D13/><U121/><E130/><V113/><F66/><W60/><G39/><T65/><D83/><U9/><E9/><V14/><F122/><W57/><G38/><T131/><D131/><U64/><REACH who="1" step="1"/><E121/><REACH who="1" ten="289,240,250,211" step="2"/><V31/><F113/><W61/><G114/><T70/><D70/><U24/><E24/><V8/><F8/><W33/><G115/><T78/><D65/><U135/><E135/><V49/><F31/><W23/><G112/><T63/><D63/><U43/><E43/><V105/><F105/><AGARI ba="1,1" hai="27,30,34,53,54,62,64,71,87,91,94,99,103,105" machi="105" ten="30,8000,1" yaku="1,1,7,1,25,2,53,1" doraHai="47" doraHaiUra="88" who="1" fromWho="2" sc="289,0,240,93,250,-83,211,0" /><INIT seed="1,0,0,3,4,53" ten="289,333,167,211" oya="1" hai0="10,122,80,3,117,89,81,34,112,21,94,74,102" hai1="105,32,55,46,62,37,97,95,52,133,126,75,18" hai2="25,135,85,77,40,103,30,119,123,57,48,43,116" hai3="36,127,96,124,134,54,28,0,70,39,67,118,6"/><U38/><E75/><V8/><F123/><W1/><G134/><T47/><D34/><U63/><E133/><V44/><F135/><W24/><G118/><T22/><D112/><U4/><E105/><V108/><F103/><W111/><G111/><T120/><D102/><U92/><E32/><V19/><F108/><W84/><G96/><T98/><D117/><U73/><E73/><V68/><F68/><W87/><G54/><T71/><D71/><U51/><E126/><N who="3" m="48170" /><G67/><T121/><D47/><U129/><E129/><V50/><F8/><N who="3" m="2119" /><G1/><T42/><D42/><U9/><E95/><V69/><F69/><W15/><G15/><T115/><D115/><U107/><E107/><V45/><F19/><W83/><G70/><T56/><D56/><U132/><E18/><V130/><F130/><W23/><G87/><T104/><D104/><U66/><E55/><V110/><F110/><W35/><G35/><T31/><D31/><U86/><E86/><V125/><F125/><W78/><AGARI ba="0,0" hai="23,24,28,36,39,78,83,84" m="2119,48170" machi="78" ten="30,1100,0" yaku="18,1" doraHai="53" who="3" fromWho="3" sc="289,-3,333,-5,167,-3,211,11" /><INIT seed="2,0,0,2,1,36" ten="286,328,164,222" oya="2" hai0="23,71,41,33,107,13,124,46,135,80,127,115,81" hai1="69,28,116,21,57,61,53,51,102,112,98,68,108" hai2="24,62,0,43,130,105,77,16,17,122,38,106,97" hai3="123,73,75,96,125,64,74,92,93,88,117,47,45"/><V114/><F122/><W111/><G123/><T49/><D115/><U22/><E112/><V58/><F114/><W131/><G117/><T52/><D33/><U25/><E116/><V90/><F0/><W6/><G111/><T120/><D71/><U32/><E108/><V65/><F77/><W60/><G125/><N who="0" m="48203" /><D107/><N who="1" m="63959" /><E69/><V113/><F113/><W128/><G6/><T76/><D120/><U83/><E83/><N who="0" m="31817" /><D135/><U42/><E42/><V94/><F130/><N who="3" m="49707" /><G92/><T110/><D110/><U10/><E10/><V87/><F106/><W40/><G40/><T20/><D76/><U100/><E100/><V29/><F105/><W59/><AGARI ba="0,0" hai="45,47,59,60,64,73,74,75,88,93,96" m="49707" machi="59" ten="40,2700,0" yaku="19,1,54,1" doraHai="36" who="3" fromWho="3" sc="286,-7,328,-7,164,-13,222,27" /><INIT seed="3,0,0,1,3,28" ten="279,321,151,249" oya="3" hai0="8,52,120,90,86,121,113,31,96,123,80,101,22" hai1="39,53,72,89,132,19,134,6,36,37,73,55,35" hai2="51,117,15,129,9,133,76,130,58,83,47,131,74" hai3="21,27,10,65,112,50,45,2,115,92,99,49,94"/><W54/><G65/><T135/><D135/><N who="1" m="51755" /><E35/><V127/><F133/><W77/><G77/><T125/><D125/><U33/><E33/><V71/><F71/><W24/><G94/><T57/><D113/><U100/><E100/><V17/><F127/><W93/><G92/><T124/><D124/><U11/><E19/><V114/><F58/><W16/><G27/><T41/><D41/><U34/><E34/><V26/><F114/><W109/><G109/><T64/><D8/><U18/><E18/><V59/><F59/><W14/><G50/><T1/><D1/><N who="1" m="463" /><E89/><V43/><REACH who="2" step="1"/><F26/><REACH who="2" ten="279,321,141,249" step="2"/><W102/><REACH who="3" step="1"/><G2/><REACH who="3" ten="279,321,141,239" step="2"/><T107/><D121/><U46/><E46/><V30/><F30/><AGARI ba="0,2" hai="10,14,16,21,24,30,45,49,54,93,99,102,112,115" machi="30" ten="30,12000,1" yaku="1,1,2,1,7,1,54,1,53,1" doraHai="28" doraHaiUra="23" who="3" fromWho="2" sc="279,0,321,0,141,-120,239,140" owari="279,-12.1,321,12.1,21,-47.9,379,47.9" /></mjloggm>