<mjloggm ver="2.3"><GO type="225" lobby="0"/><UN n0="%E3%82%BC%E3%83%AB%E3%83%80%E3%81%AE%E4%BC%9D%E8%AA%AC" n1="%E3%81%82%E3%82%93%E3%81%AA%E3%81%A4" n2="%6C%61%6D%62" n3="%E7%9C%9F%E4%B8%80" dan="16,16,16,17" rate="2115.71,2112.14,2145.45,2254.20" sx="M,M,M,M"/><TAIKYOKU oya="0"/><INIT seed="0,0,0,5,4,17" ten="250,250,250,250" oya="0" hai0="128,108,100,6,12,103,85,101,111,88,51,22,81" hai1="80,23,134,94,83,90,113,40,44,68,66,2,61" hai2="121,33,71,127,84,73,130,109,91,112,74,117,36" hai3="105,5,70,76,26,57,19,27,16,38,99,53,129"/><T25/><D128/><U9/><E134/><V29/><RYUUKYOKU type="yao9" ba="0,0" sc="250,0,250,0,250,0,250,0" hai2="29,33,36,71,73,74,84,91,109,112,117,121,127,130" /><INIT seed="0,1,0,1,0,109" ten="250,250,250,250" oya="0" hai0="50,19,12,61,118,127,7,39,110,2,57,122,11" hai1="53,74,31,24,132,32,134,93,60,103,63,108,106" hai2="117,133,121,135,1,4,129,20,28,65,80,43,81" hai3="66,45,0,46,86,104,113,10,130,44,62,83,101"/><T38/><D118/><U107/><E74/><V56/><F121/><W59/><G113/><T119/><D119/><U120/><E120/><V42/><F117/><W75/><G75/><T51/><D122/><U88/><E108/><V91/><F1/><W89/><G130/><T55/><D110/><U85/><E103/><V78/><F4/><W68/><G101/><T79/><D127/><U5/><E5/><V14/><F129/><W87/><G104/><T96/><D79/><U72/><E72/><V76/><F91/><W58/><G0/><T97/><D39/><U22/><E32/><V29/><F56/><W40/><G10/><T92/><D38/><U115/><E115/><V26/><F14/><W13/><G13/><T98/><REACH who="0" step="1"/><D92/><REACH who="0" ten="240,250,250,250" step="2"/><U37/><E37/><V77/><F77/><W84/><G40/><T18/><D18/><U47/><E106/><V128/><F128/><W82/><REACH who="3" step="1"/><G86/><REACH who="3" ten="240,250,250,240" step="2"/><T70/><D70/><U124/><E107/><V94/><F42/><W17/><G17/><T25/><D25/><U54/><E124/><V6/><F43/><W48/><G48/><T111/><D111/><U126/><E126/><V52/><F26/><W102/><G102/><T23/><AGARI ba="1,2" hai="2,7,11,12,19,23,50,51,55,57,61,96,97,98" machi="23" ten="30,6000,0" yaku="1,1,0,1,53,1" doraHai="109" doraHaiUra="9" who="0" fromWho="0" sc="240,83,250,-21,250,-21,240,-21" /><INIT seed="0,2,0,3,5,129" ten="323,229,229,219" oya="0" hai0="123,50,6,88,28,25,31,63,82,39,38,69,1" hai1="86,40,61,113,80,4,17,46,23,34,57,66,12" hai2="111,90,83,134,78,133,125,33,68,97,72,120,58" hai3="62,37,92,18,2,42,27,71,109,124,102,121,108"/><T14/><D123/><U132/><E113/><V73/><F68/><W135/><G2/><T21/><D1/><U95/><E34/><V60/><F33/><W16/><G121/><T47/><D31/><U35/><E35/><V52/><F120/><W30/><G124/><T51/><D6/><U15/><E95/><N who="2" m="56567" /><F125/><W41/><G102/><T59/><D69/><U3/><E3/><V65/><F65/><N who="3" m="41399" /><G92/><T122/><D122/><U117/><E117/><V76/><F76/><W87/><G87/><T99/><D14/><U45/><E132/><N who="2" m="50795" /><F111/><N who="3" m="42571" /><G135/><T19/><D99/><U79/><E40/><N who="3" m="15466" /><G37/><T32/><D39/><U44/><E4/><V94/><F94/><W0/><G0/><T11/><D38/><U67/><E67/><V103/><F103/><W9/><G9/><T116/><D11/><U131/><E131/><V114/><F114/><W115/><G115/><T13/><D116/><U20/><E23/><AGARI ba="2,0" hai="16,18,23,27,30" m="15466,42571,41399" machi="23" ten="30,2000,0" yaku="14,1,54,1" doraHai="129" who="3" fromWho="1" sc="323,0,229,-26,229,0,219,26" /><INIT seed="1,0,0,1,5,24" ten="323,203,229,245" oya="1" hai0="52,3,51,108,117,46,22,6,86,56,77,123,114" hai1="21,47,36,5,101,125,44,85,119,107,9,106,48" hai2="88,49,90,1,12,17,34,91,58,110,98,2,37" hai3="45,74,73,40,124,43,81,4,115,65,131,28,10"/><U113/><E113/><V64/><F37/><W76/><G115/><T42/><D114/><U18/><E119/><V83/><F34/><W122/><G122/><T26/><D117/><U75/><E75/><V82/><F110/><W134/><G131/><T13/><D108/><U8/><E125/><V54/><F64/><W0/><G124/><T116/><D3/><U84/><E36/><V94/><F2/><W29/><G134/><T39/><D116/><U71/><E71/><V87/><F1/><W20/><G65/><T69/><D123/><U30/><E5/><V19/><F12/><W23/><G74/><T50/><D69/><U133/><E133/><V111/><F111/><W16/><G43/><T60/><D77/><U68/><E68/><V61/><F61/><W130/><G130/><T92/><D86/><AGARI ba="0,0" hai="17,19,49,54,58,82,83,86,87,88,90,91,94,98" machi="86" ten="40,5200,0" yaku="9,1,8,1,54,1" doraHai="24" who="2" fromWho="0" sc="323,-52,203,0,229,52,245,0" /><INIT seed="2,0,0,4,1,108" ten="271,203,281,245" oya="2" hai0="1,54,26,79,20,104,85,31,30,130,17,33,63" hai1="53,35,86,109,58,68,112,64,134,67,40,106,72" hai2="47,55,105,70,32,42,43,80,133,121,73,71,38" hai3="77,15,14,61,135,45,22,100,34,95,28,9,3"/><V60/><F105/><W103/><G135/><T101/><D1/><U0/><E0/><V111/><F32/><W83/><G34/><T10/><D130/><U115/><E72/><V48/><F121/><W36/><G61/><T56/><D10/><U37/><E106/><V110/><F73/><N who="3" m="43439" /><G95/><T90/><D79/><U13/><E35/><V8/><F8/><W125/><G125/><T75/><D75/><U84/><E13/><N who="3" m="4618" /><G22/><T16/><D17/><U44/><E134/><V25/><F80/><W127/><G28/><T62/><D62/><N who="1" m="39959" /><E109/><N who="2" m="41483" /><F25/><W5/><G127/><T126/><D126/><U122/><E67/><N who="2" m="41319" /><F133/><W92/><G92/><T82/><D33/><U46/><E46/><N who="2" m="23895" /><F71/><W129/><G129/><T69/><D69/><U81/><E122/><V66/><F66/><W52/><G9/><T51/><D104/><U118/><E118/><V74/><F74/><W93/><G3/><T29/><D101/><U107/><E107/><V91/><F91/><W23/><G103/><T88/><D90/><N who="1" m="51471" /><E86/><V87/><F87/><W4/><G100/><T24/><D24/><U76/><E76/><V50/><F55/><W96/><G52/><N who="0" m="34183" /><D31/><U49/><AGARI ba="0,0" hai="37,40,44,49,53,58,112,115" m="51471,39959" machi="49" ten="30,4000,0" yaku="24,1,52,2" doraHai="108" who="1" fromWho="1" sc="271,-10,203,40,281,-20,245,-10" /><INIT seed="3,0,0,1,2,114" ten="261,243,261,235" oya="3" hai0="23,66,36,60,75,26,126,101,133,59,53,27,70" hai1="58,134,21,88,19,61,14,81,31,90,11,127,119" hai2="44,40,92,104,116,5,123,37,79,118,77,115,128" hai3="15,16,122,43,89,93,7,33,54,22,2,51,50"/><W18/><G122/><T1/><D1/><U85/><E134/><V24/><F115/><W47/><G33/><T0/><D0/><U83/><E127/><V73/><F104/><W86/><G2/><T35/><D126/><U52/><E119/><V110/><F123/><W68/><G68/><T67/><D133/><U71/><E71/><V9/><F110/><W112/><G112/><T32/><D75/><U103/><E103/><V34/><F92/><W29/><G29/><T121/><D121/><U95/><E90/><V102/><F102/><W108/><G108/><T72/><D72/><U100/><E100/><V124/><F124/><W117/><G117/><T78/><D78/><U12/><E31/><N who="2" m="19815" /><F79/><W99/><G7/><AGARI ba="0,0" hai="7,11,12,14,19,21,52,58,61,81,83,85,88,95" machi="7" ten="30,7700,0" yaku="7,1,8,1,54,2" doraHai="114" who="1" fromWho="3" sc="261,0,243,77,261,0,235,-77" owari="261,6.1,320,42.0,261,-13.9,158,-34.2" /></mjloggm>