<mjloggm ver="2.3"><GO type="225" lobby="0"/><UN n0="%E3%82%82%E3%81%90%E3%82%89" n1="%72%69%6F%75%63%68%61%6E" n2="%72%61%6B%33" n3="%E3%81%9F%E3%81%93%E2%98%86%E7%84%BC%E3%81%8D" dan="17,17,16,16" rate="2218.66,2268.78,2178.72,2119.88" sx="M,M,M,M"/><TAIKYOKU oya="0"/><INIT seed="0,0,0,3,5,1" ten="250,250,250,250" oya="0" hai0="70,98,111,115,89,101,127,73,114,32,0,45,78" hai1="33,80,38,119,124,12,30,116,35,120,39,49,34" hai2="106,61,56,123,104,135,31,74,28,69,18,91,134" hai3="47,103,59,52,121,50,109,29,53,87,10,107,4"/><T132/><D70/><U46/><E124/><V77/><F123/><W51/><G109/><T84/><D32/><U129/><E129/><V57/><F69/><W86/><G29/><T105/><D0/><U15/><E120/><V8/><F91/><W133/><G133/><T128/><D45/><U99/><E30/><V97/><F77/><W96/><REACH who="3" step="1"/><G121/><REACH who="3" ten="250,250,250,240" step="2"/><T72/><D132/><U117/><E117/><V85/><F28/><W67/><G67/><T79/><D111/><U25/><E119/><V16/><F31/><W54/><G54/><T5/><D128/><U62/><E116/><V55/><F55/><W125/><G125/><T75/><D127/><U88/><E34/><V92/><F135/><W14/><AGARI ba="0,1" hai="4,10,14,47,50,51,52,53,59,86,87,96,103,107" machi="14" ten="20,8000,1" yaku="1,1,0,1,7,1,52,1,54,1,53,0" doraHai="1" doraHaiUra="130" who="3" fromWho="3" sc="250,-40,250,-20,250,-20,240,90" /><INIT seed="1,0,0,1,2,126" ten="210,230,230,330" oya="1" hai0="24,111,40,15,95,58,23,1,37,72,21,2,64" hai1="123,13,125,135,36,61,11,41,0,18,99,79,94" hai2="116,110,71,83,56,73,49,106,25,19,103,5,32" hai3="131,113,109,74,14,100,115,68,122,91,7,59,84"/><U76/><E123/><V45/><F110/><W118/><G59/><T82/><D111/><U65/><E125/><V51/><F116/><W35/><G14/><T6/><D95/><U28/><E135/><V101/><F71/><W67/><G7/><T104/><D104/><U17/><E0/><V133/><F133/><W87/><G67/><T30/><D40/><U3/><E3/><V46/><F5/><W112/><G35/><T63/><D37/><U92/><E28/><V108/><F108/><W105/><G68/><T85/><D72/><U27/><E94/><V90/><F56/><W96/><G122/><T38/><D38/><U98/><E99/><V9/><F106/><W16/><G16/><T29/><D6/><U77/><E36/><V53/><F32/><W50/><G50/><T80/><D80/><U119/><E119/><V130/><F73/><W88/><G74/><T128/><D128/><U114/><E114/><V93/><F130/><W55/><G55/><T52/><D64/><U4/><E41/><N who="2" m="24751" /><F83/><N who="3" m="49183" /><G118/><T132/><D132/><U127/><E127/><V12/><F25/><W44/><G44/><T102/><D102/><U129/><E129/><V107/><F107/><W81/><G109/><T121/><D121/><U47/><E47/><V39/><F39/><W97/><G131/><T22/><D15/><U134/><E27/><V26/><F26/><W60/><G60/><T86/><D29/><U48/><E48/><V31/><F31/><W33/><G33/><N who="0" m="20679" /><D82/><U120/><E134/><V75/><F75/><W34/><G34/><T8/><D1/><U10/><E120/><RYUUKYOKU ba="0,0" sc="210,10,230,-30,230,10,330,10" hai0="2,8,21,22,23,52,58,63,85,86" hai2="9,12,19,46,51,53,90,93,101,103" hai3="81,87,91,96,97,100,105,112,113,115" /><INIT seed="2,1,0,3,0,117" ten="220,200,240,340" oya="2" hai0="97,116,59,57,86,62,95,43,110,119,64,121,33" hai1="46,10,91,3,118,42,81,22,133,2,9,20,69" hai2="80,99,6,41,71,109,23,127,90,32,16,66,18" hai3="13,27,36,94,135,76,38,45,0,104,61,132,85"/><V78/><F32/><W26/><G0/><T79/><D33/><U130/><E118/><N who="0" m="45097" /><D110/><U92/><E69/><V88/><F109/><W89/><G104/><T1/><D1/><U7/><E130/><V123/><F123/><W103/><G103/><N who="0" m="60863" /><D43/><U134/><E81/><V131/><F127/><W56/><G76/><T60/><D79/><U101/><E101/><V124/><F124/><W122/><G13/><T114/><D86/><U125/><E125/><V98/><F41/><W55/><G122/><T34/><D34/><U4/><E133/><N who="3" m="51274" /><G45/><T126/><D126/><U51/><REACH who="1" step="1"/><E134/><REACH who="1" ten="220,190,240,340" step="2"/><V47/><F131/><W87/><G36/><T111/><D121/><U35/><E35/><V84/><F80/><W112/><G38/><T129/><D129/><U75/><E75/><V100/><F100/><W73/><G73/><T44/><D111/><U74/><E74/><V40/><F78/><W120/><G112/><T68/><D114/><U28/><E28/><V77/><F77/><W108/><G108/><T67/><D44/><U72/><E72/><V106/><F47/><W54/><G120/><T50/><D68/><U31/><E31/><V17/><F71/><W113/><G113/><T65/><D59/><U82/><E82/><V29/><F29/><W52/><G56/><T58/><D57/><U107/><E107/><V12/><F106/><W128/><G128/><T93/><D93/><U53/><E53/><AGARI ba="1,1" hai="50,53,58,60,62,64,65,67" m="60863,45097" machi="53" ten="30,1000,0" yaku="12,1" doraHai="117" who="0" fromWho="1" sc="220,23,190,-13,240,0,340,0" /><INIT seed="3,0,0,1,0,18" ten="243,177,240,340" oya="3" hai0="19,67,5,103,132,128,62,126,8,118,64,77,105" hai1="111,60,11,35,96,42,23,21,91,4,86,76,70" hai2="65,26,113,9,106,129,53,39,133,6,120,28,71" hai3="49,34,33,102,43,57,48,66,87,74,123,68,117"/><W0/><G74/><T46/><D118/><U83/><E35/><V85/><F113/><W98/><G0/><T127/><D128/><U116/><E116/><V63/><F129/><W114/><G114/><T95/><D132/><U80/><E111/><V50/><F133/><W108/><G108/><T122/><D122/><U75/><E42/><V38/><F85/><W29/><G123/><T20/><D77/><U124/><E124/><N who="0" m="47657" /><D46/><U101/><E60/><V47/><F106/><W25/><G34/><T61/><D105/><U45/><E45/><V88/><F88/><W109/><G109/><T27/><D62/><U32/><E70/><V82/><F82/><W131/><G131/><T104/><D104/><U1/><E32/><V100/><F100/><W94/><G68/><T112/><D61/><U90/><E90/><V134/><F134/><W22/><G33/><T54/><D54/><U115/><E115/><V69/><F69/><W79/><G43/><T89/><D103/><U110/><E110/><V125/><F120/><W121/><G121/><T52/><D52/><U44/><E44/><V30/><F125/><W10/><G117/><T59/><D59/><U93/><AGARI ba="0,0" hai="1,4,11,21,23,75,76,80,83,86,91,93,96,101" machi="93" ten="20,5200,0" yaku="0,1,7,1,52,2" doraHai="18" who="1" fromWho="1" sc="243,-13,177,52,240,-13,340,-26" owari="230,3.0,229,-17.1,227,-27.3,314,41.4" /></mjloggm>