<mjloggm ver="2.3"><GO type="225" lobby="0"/><UN n0="%E3%81%9F%E3%81%93%E2%98%86%E7%84%BC%E3%81%8D" n1="%E5%B8%86%E7%AB%8B%E5%A4%8F%E8%A1%A3" n2="%E9%B3%B3%E6%9D%B1%E3%81%AE%E3%81%86%E3%81%95%E3%81%8E%E3%81%95%E3%82%93" n3="%E3%81%95%E3%81%8D%E3%81%9F%E3%81%BE%E6%9E%97%E6%AA%8E" dan="16,17,16,16" rate="2124.62,2139.19,2157.53,2101.30" sx="M,M,M,M"/><TAIKYOKU oya="0"/><INIT seed="0,0,0,2,2,28" ten="250,250,250,250" oya="0" hai0="114,73,102,1,64,62,85,20,112,104,55,59,69" hai1="107,66,120,76,37,51,106,80,108,10,6,35,0" hai2="11,89,99,88,57,124,97,56,50,53,36,92,43" hai3="70,87,24,52,39,105,27,58,61,100,131,25,116"/><T123/><D1/><U45/><E51/><V109/><F109/><W79/><G116/><T110/><D73/><N who="1" m="43023" /><E108/><V115/><F124/><W125/><G131/><T130/><D130/><U21/><E21/><V48/><F115/><W135/><G135/><T117/><D123/><U103/><E103/><V94/><F11/><W19/><G125/><T2/><D2/><U113/><E113/><V90/><F36/><W132/><G132/><T86/><D117/><U23/><E23/><V96/><F43/><W77/><G39/><T78/><D86/><U93/><E93/><N who="2" m="35947" /><F53/><W41/><G41/><T68/><D68/><U31/><E66/><V84/><F84/><W30/><G70/><T127/><D110/><U4/><E4/><V3/><F3/><W91/><G100/><T118/><D118/><U71/><E71/><V32/><F32/><W12/><G30/><T44/><D20/><U128/><E128/><V95/><N who="2" m="35955" /><V15/><DORA hai="129" /><F15/><W13/><G105/><T98/><D127/><U60/><E120/><V111/><F111/><W54/><G54/><T7/><D7/><U8/><E8/><V74/><F74/><W29/><G29/><T40/><D85/><U5/><E5/><V134/><F134/><W38/><G38/><N who="0" m="21527" /><D78/><N who="3" m="29705" /><G19/><T17/><D17/><U33/><E33/><V126/><F126/><W26/><N who="3" m="6144" /><DORA hai="72" /><W14/><G87/><T81/><D81/><U82/><E82/><V65/><F65/><W67/><G67/><T121/><D121/><U34/><E31/><V63/><F63/><W75/><G75/><T9/><D9/><U49/><E10/><RYUUKYOKU ba="0,0" sc="250,10,250,-30,250,10,250,10" hai0="55,59,62,64,69,98,102,104,112,114" hai2="48,50,56,57,88,89,90,96,97,99" hai3="12,13,14,52,58,61,91" /><INIT seed="0,1,0,0,1,34" ten="260,220,260,260" oya="0" hai0="73,10,31,32,120,95,55,72,0,133,101,46,12" hai1="78,106,85,89,82,39,92,27,25,80,49,107,94" hai2="121,68,48,76,70,62,19,6,42,29,3,1,18" hai3="47,75,126,135,52,45,112,40,74,22,131,58,61"/><T59/><D120/><U36/><E85/><V86/><F121/><W113/><G75/><T124/><D133/><U128/><E49/><V91/><F29/><W56/><G74/><T132/><D132/><U129/><REACH who="1" step="1"/><E89/><REACH who="1" ten="260,210,260,260" step="2"/><V110/><F91/><W63/><G135/><T100/><D73/><U111/><E111/><V8/><F110/><W96/><G96/><T109/><D72/><U84/><E84/><V54/><F86/><W77/><G77/><AGARI ba="1,1" hai="25,27,36,39,77,78,80,82,92,94,106,107,128,129" machi="77" ten="25,3200,0" yaku="1,1,22,2,53,0" doraHai="34" doraHaiUra="117" who="1" fromWho="3" sc="260,0,210,45,260,0,260,-35" /><INIT seed="1,0,0,0,1,0" ten="260,255,260,225" oya="1" hai0="113,16,67,14,49,46,76,12,66,48,41,92,75" hai1="69,43,7,117,35,2,123,87,95,27,6,62,129" hai2="135,54,126,8,85,108,26,91,71,102,80,103,116" hai3="31,5,52,13,96,58,120,133,134,19,22,83,11"/><U101/><E117/><V3/><F116/><W25/><G120/><T61/><D75/><U78/><E123/><V72/><F108/><W131/><G131/><T33/><D33/><U39/><E129/><V36/><F71/><W104/><G83/><T81/><D12/><U115/><E115/><V122/><F122/><W89/><G104/><T98/><D48/><U56/><E69/><V1/><F36/><W60/><REACH who="3" step="1"/><G31/><REACH who="3" ten="260,255,260,215" step="2"/><T29/><D29/><U109/><E109/><V38/><F80/><W110/><G110/><T114/><D81/><U59/><E95/><AGARI ba="0,1" hai="5,11,13,19,22,25,52,58,60,89,95,96,133,134" machi="95" ten="40,8000,1" yaku="1,1,25,2,52,1,54,1,53,0" doraHai="0" doraHaiUra="132" who="3" fromWho="1" sc="260,0,255,-80,260,0,215,90" /><INIT seed="2,0,0,3,3,91" ten="260,175,260,305" oya="2" hai0="106,120,14,12,95,0,37,80,27,90,104,13,94" hai1="48,34,93,19,76,23,118,135,47,100,59,42,49" hai2="43,1,61,9,54,25,3,39,51,124,121,89,31" hai3="6,88,82,71,67,132,114,69,18,122,97,24,98"/><V53/><F121/><W50/><G122/><T131/><D80/><U86/><E135/><V130/><F130/><W87/><G132/><T83/><D83/><U129/><E129/><V56/><F124/><W30/><G114/><T28/><D0/><U21/><E118/><V102/><F102/><W8/><G18/><T5/><D5/><U4/><E34/><V60/><F89/><W72/><G72/><T134/><D37/><U125/><E125/><V92/><F92/><W119/><G119/><T40/><D40/><U123/><E123/><V96/><F96/><W113/><G113/><T55/><D131/><U111/><E111/><V38/><F43/><W64/><G71/><T78/><D78/><U103/><E23/><V20/><F61/><W62/><G50/><T105/><D90/><N who="1" m="53463" /><E4/><V133/><F133/><W32/><G67/><T58/><D120/><U127/><E76/><V63/><F63/><W74/><G74/><T33/><REACH who="0" step="1"/><D134/><REACH who="0" ten="250,175,260,305" step="2"/><U85/><E127/><V77/><F77/><W126/><G126/><T2/><D2/><AGARI ba="0,1" hai="2,6,8,24,30,32,62,64,69,82,87,88,97,98" machi="2" ten="30,2000,0" yaku="7,1,54,1" doraHai="91" who="3" fromWho="0" sc="250,-20,175,0,260,0,305,30" /><INIT seed="3,0,0,4,3,63" ten="230,175,260,335" oya="3" hai0="78,54,29,42,105,55,60,48,43,18,26,73,19" hai1="94,74,61,39,50,34,46,117,70,76,104,86,99" hai2="90,65,33,112,85,35,72,1,84,132,111,121,123" hai3="128,22,79,57,116,133,49,124,66,100,5,3,40"/><W118/><G100/><T53/><D105/><U69/><E117/><V36/><F112/><W75/><G133/><T92/><D73/><U87/><E39/><V129/><F132/><W23/><G128/><T21/><D78/><U77/><E34/><V126/><F129/><W0/><G124/><T122/><D122/><N who="2" m="46602" /><F111/><W51/><G40/><N who="0" m="15403" /><D92/><U103/><E77/><V106/><F36/><W83/><G5/><T67/><D48/><U24/><E24/><V10/><F126/><W93/><G51/><T91/><D91/><U30/><E30/><V52/><F72/><W58/><G49/><T25/><D25/><U41/><E104/><V7/><F106/><W2/><G93/><T44/><D44/><U95/><E95/><N who="2" m="54727" /><F52/><W37/><G37/><T125/><D125/><U119/><E119/><V110/><F110/><W62/><G116/><T16/><D67/><U109/><E109/><V11/><F65/><W88/><G66/><T17/><N who="0" m="4096" /><DORA hai="81" /><T9/><D9/><U96/><E96/><V108/><F108/><W107/><G107/><T20/><D20/><U130/><E130/><V131/><F131/><W4/><G23/><T114/><D114/><U28/><E28/><V56/><F10/><W120/><G118/><T12/><D12/><U64/><REACH who="1" step="1"/><E70/><REACH who="1" ten="230,165,260,335" step="2"/><V31/><F35/><W101/><G79/><T102/><D102/><U127/><E127/><V14/><F33/><W80/><G101/><T59/><AGARI ba="0,1" hai="21,26,29,53,54,55,59,60" m="4096,15403" machi="59" ten="50,3200,0" yaku="8,1,54,1" doraHai="63,81" who="0" fromWho="0" sc="230,42,165,-8,260,-8,335,-16" owari="272,7.2,157,-34.3,252,-14.8,319,41.9" /></mjloggm>