<mjloggm ver="2.3"><GO type="225" lobby="0"/><UN n0="%E7%99%BD%E6%97%A5%E9%9B%AA%E8%8F%9C" n1="%E6%B8%A9%E2%98%85%E6%83%85%E2%98%85%E6%8E%AA%E2%98%85%E7%BD%AE" n2="%E5%B0%8F%E9%B3%A5%E9%81%8A%E7%B7%B4%E7%84%A1%32%31%E6%AD%B3" n3="%E3%83%B4%E3%82%A3%E3%83%AF%E3%82%B3%E3%82%B0%E3%83%8B" dan="16,17,16,16" rate="2199.65,2192.26,2196.72,2179.37" sx="M,M,F,M"/><TAIKYOKU oya="0"/><INIT seed="0,0,0,2,2,129" ten="250,250,250,250" oya="0" hai0="90,19,17,21,41,110,0,53,105,45,97,89,37" hai1="25,98,133,126,102,67,74,49,127,35,33,81,69" hai2="10,76,101,27,112,57,77,4,86,114,95,116,109" hai3="42,120,11,24,132,60,119,91,28,66,122,134,121"/><T22/><D0/><U14/><E133/><N who="3" m="51306" /><G119/><T70/><D70/><U124/><E14/><V61/><F116/><W80/><G42/><T40/><D110/><U64/><E49/><V63/><F27/><W71/><G11/><T131/><D131/><U85/><E74/><V111/><F61/><W13/><G13/><T36/><D53/><U2/><E2/><V92/><F114/><W12/><G12/><T56/><D56/><U5/><E5/><V59/><F63/><W52/><G52/><T16/><D105/><N who="1" m="63703" /><E69/><V75/><F112/><W43/><G43/><T83/><D41/><U32/><E25/><V128/><F10/><W78/><G91/><AGARI ba="0,0" hai="32,33,35,64,67,81,85,91,124,126,127" m="63703" machi="91" ten="40,1300,0" yaku="18,1" doraHai="129" who="1" fromWho="3" sc="250,0,250,13,250,0,250,-13" /><INIT seed="1,0,0,3,3,116" ten="250,263,250,237" oya="1" hai0="110,11,106,112,57,36,86,14,102,103,22,37,8" hai1="46,55,44,108,35,91,89,39,123,32,79,49,95" hai2="115,71,30,59,4,121,40,2,83,27,87,122,73" hai3="52,114,63,19,82,104,113,1,111,92,135,25,20"/><U21/><E123/><N who="2" m="47115" /><F73/><W88/><G111/><T9/><D112/><U26/><E108/><V16/><F71/><W31/><G135/><T54/><D110/><U23/><E79/><V15/><F59/><W28/><G1/><T96/><D103/><U43/><E23/><N who="2" m="11679" /><F40/><W56/><G104/><T94/><D22/><U41/><E41/><V65/><F65/><W34/><G82/><T64/><D64/><U69/><E69/><V77/><F87/><W67/><G67/><T72/><D72/><U101/><E101/><V80/><F77/><W33/><G33/><T81/><D14/><U3/><E3/><V131/><F83/><W127/><G34/><T75/><D75/><U130/><E91/><V60/><F60/><W50/><G50/><T12/><D12/><U13/><E95/><V133/><F80/><W107/><G107/><T58/><D106/><U90/><E90/><V7/><F133/><W120/><G120/><T74/><D74/><U105/><E89/><V62/><F62/><W93/><G93/><T61/><D58/><U129/><E105/><V76/><F76/><W5/><G5/><N who="2" m="2121" /><F131/><W84/><REACH who="3" step="1"/><G127/><REACH who="3" ten="250,263,250,227" step="2"/><T109/><D109/><U17/><E130/><V100/><F2/><W48/><G48/><T97/><D97/><U99/><E129/><V70/><F115/><AGARI ba="0,1" hai="19,20,25,28,31,52,56,63,84,88,92,113,114,115" machi="115" ten="40,5200,0" yaku="1,1,54,2,53,0" doraHai="116" doraHaiUra="78" who="3" fromWho="2" sc="250,0,263,0,250,-52,227,62" /><INIT seed="2,0,0,1,0,128" ten="250,263,198,289" oya="2" hai0="116,21,92,43,89,51,65,82,86,119,31,103,88" hai1="2,75,135,112,120,94,99,46,134,12,66,54,90" hai2="4,45,10,25,79,107,87,37,131,36,29,96,11" hai3="98,70,16,59,32,1,39,58,20,101,127,95,72"/><V126/><F131/><W115/><G70/><T18/><D65/><U76/><E2/><V9/><F126/><W3/><G32/><T68/><D68/><U117/><E112/><V121/><F121/><W6/><G39/><T97/><D31/><U35/><E35/><V110/><F4/><W15/><G72/><T123/><D123/><U122/><E117/><N who="0" m="45129" /><D51/><N who="1" m="29047" /><E66/><V48/><F110/><W124/><G115/><T0/><D43/><U40/><E40/><V106/><F87/><W55/><G58/><T56/><D56/><U80/><E12/><V91/><F79/><W17/><G17/><T132/><D0/><U42/><E42/><V64/><F64/><W114/><G114/><T118/><N who="0" m="45137" /><T104/><DORA hai="53" /><D132/><AGARI ba="0,0" hai="75,76,80,90,94,99,120,122,132,134,135" m="29047" machi="132" ten="30,7700,0" yaku="20,1,52,3" doraHai="128,53" who="1" fromWho="0" sc="250,-77,263,77,198,0,289,0" /><INIT seed="3,0,0,5,1,35" ten="173,340,198,289" oya="3" hai0="122,56,124,126,87,51,37,101,66,116,33,113,115" hai1="120,68,2,11,118,98,25,110,86,70,13,84,102" hai2="46,63,104,43,23,14,36,57,18,132,1,59,117" hai3="34,48,30,38,78,80,24,12,28,16,108,105,42"/><W81/><G38/><T15/><D33/><U107/><E120/><V39/><F117/><W103/><G30/><T109/><D101/><U83/><E2/><V27/><F1/><W93/><G105/><T96/><D37/><U50/><E110/><V133/><F104/><W8/><G108/><T76/><D109/><U127/><E127/><N who="0" m="48681" /><D116/><U17/><E118/><V121/><F121/><W10/><G10/><T94/><D122/><U89/><E50/><V52/><F36/><W60/><G60/><N who="0" m="38151" /><D51/><U6/><E6/><V5/><F59/><W61/><G61/><T20/><D96/><U55/><E55/><V97/><F97/><W7/><G7/><T73/><D73/><U79/><E25/><V111/><F111/><W106/><G106/><T75/><D75/><U114/><E114/><N who="0" m="43529" /><D94/><AGARI ba="0,0" hai="11,13,17,68,70,79,83,84,86,89,94,98,102,107" machi="94" ten="30,1000,0" yaku="7,1" doraHai="35" who="1" fromWho="0" sc="173,-10,340,10,198,0,289,0" owari="163,-33.7,350,45.0,198,-20.2,289,8.9" /></mjloggm>