<mjloggm ver="2.3"><GO type="225" lobby="0"/><UN n0="%43%68%65" n1="%E8%90%BD%E6%97%A5" n2="%E2%91%A3%E9%81%BF%E9%81%8A%E6%88%AF%E3%80%90%E6%9D%B1%E5%8D%97%E3%80%91" n3="%4E%49%4A%49%49%52%4F" dan="16,18,16,16" rate="2159.19,2185.80,2107.78,2185.05" sx="M,F,M,M"/><TAIKYOKU oya="0"/><INIT seed="0,0,0,4,2,134" ten="250,250,250,250" oya="0" hai0="75,12,90,112,25,124,94,70,40,15,76,58,32" hai1="3,56,20,121,36,7,135,127,119,33,100,11,77" hai2="85,116,29,52,21,53,6,133,117,96,73,114,108" hai3="128,28,109,59,131,5,50,83,107,84,101,16,35"/><T61/><D112/><U48/><E119/><V13/><F73/><W14/><G109/><T9/><D70/><U92/><E121/><V125/><F108/><W38/><G38/><T81/><D40/><U2/><E36/><V8/><F114/><W43/><G5/><T87/><D124/><U46/><E33/><V17/><F125/><W129/><G101/><T103/><D103/><U82/><E135/><V126/><F126/><W115/><G107/><T113/><D113/><U45/><E3/><V41/><F133/><W31/><G115/><T34/><D15/><U106/><E106/><V120/><F120/><W132/><G35/><T122/><D25/><U23/><E46/><V55/><F29/><W95/><G95/><T44/><D44/><U65/><E127/><V39/><F85/><W42/><G132/><T102/><D102/><U130/><E130/><V123/><F123/><W49/><G49/><T66/><REACH who="0" step="1"/><D122/><REACH who="0" ten="240,250,250,250" step="2"/><U93/><E100/><V74/><F41/><W111/><G43/><T10/><D10/><U89/><E45/><V98/><F39/><W80/><G111/><T99/><D99/><U24/><E24/><N who="2" m="14383" /><F74/><W62/><G42/><T37/><D37/><U60/><E23/><V86/><F86/><W30/><G84/><T118/><D118/><AGARI ba="0,1" hai="6,8,13,52,53,55,96,98,116,117,118" m="14383" machi="118" ten="30,2000,0" yaku="12,1,54,1" doraHai="134" who="2" fromWho="0" sc="240,-20,250,0,250,30,250,0" /><INIT seed="1,0,0,2,3,71" ten="220,250,280,250" oya="1" hai0="50,42,88,45,91,30,103,66,133,47,94,115,93" hai1="2,31,14,101,87,89,61,24,46,114,90,100,69" hai2="27,102,68,80,35,123,70,43,73,11,72,96,128" hai3="57,41,75,40,8,3,124,125,15,13,105,77,78"/><U98/><E2/><V54/><F123/><W79/><G105/><T10/><D115/><U0/><E114/><V118/><F118/><W134/><G75/><T33/><D133/><U20/><E0/><V112/><F112/><W32/><G32/><T38/><D103/><U25/><E14/><N who="3" m="5130" /><G134/><T111/><D111/><U67/><E101/><V12/><F128/><W49/><G3/><T63/><D10/><U34/><E87/><V74/><F54/><W99/><G99/><T120/><D120/><U9/><E46/><V108/><F108/><W92/><G8/><T116/><D116/><U76/><E76/><V95/><F43/><N who="3" m="16459" /><G92/><T23/><D33/><U28/><REACH who="1" step="1"/><E9/><REACH who="1" ten="220,240,280,250" step="2"/><V62/><F74/><W48/><G57/><T26/><D47/><U121/><E121/><V127/><F73/><W135/><G135/><T36/><D91/><U110/><E110/><V132/><F72/><W84/><G84/><T104/><D104/><AGARI ba="0,1" hai="20,24,25,28,31,34,61,67,69,89,90,98,100,104" machi="104" ten="30,11600,0" yaku="1,1,7,1,25,2,53,0" doraHai="71" doraHaiUra="1" who="1" fromWho="0" sc="220,-116,240,126,280,0,250,0" /><INIT seed="1,1,0,2,5,104" ten="104,366,280,250" oya="1" hai0="121,19,92,20,82,91,125,47,51,111,133,1,39" hai1="58,9,117,93,41,100,65,95,83,114,116,40,42" hai2="90,131,85,43,126,81,109,127,32,59,113,16,110" hai3="73,84,74,69,77,76,14,135,52,22,132,6,108"/><U80/><E114/><V28/><F113/><W61/><G108/><N who="2" m="41577" /><F43/><W48/><G61/><T12/><D111/><U122/><E122/><V50/><F131/><W96/><G69/><T71/><D71/><U49/><E9/><V97/><F28/><W17/><G96/><T7/><D121/><U34/><E34/><V53/><F32/><W11/><G84/><T120/><D39/><U26/><E26/><V10/><F97/><W64/><G64/><T129/><D120/><U119/><E100/><V8/><F16/><W118/><G118/><T3/><D129/><U134/><E134/><N who="3" m="51242" /><G77/><T78/><D7/><U35/><E35/><V25/><F25/><N who="3" m="14543" /><G76/><T87/><D125/><AGARI ba="1,0" hai="8,10,50,53,59,81,85,90,125,126,127" m="41577" machi="125" ten="30,2000,0" yaku="18,1,14,1" doraHai="104" who="2" fromWho="0" sc="104,-23,366,0,280,23,250,0" /><INIT seed="2,0,0,3,1,124" ten="81,366,303,250" oya="2" hai0="100,118,56,129,0,23,4,73,69,120,63,122,41" hai1="106,68,71,21,28,84,90,113,29,27,51,24,66" hai2="64,97,89,102,125,25,30,109,103,31,18,86,119" hai3="82,5,85,1,67,40,83,112,45,110,58,8,17"/><V116/><F125/><W131/><G110/><T20/><D73/><U99/><E113/><V42/><F109/><W101/><G112/><T7/><D69/><U91/><E51/><V22/><F103/><W114/><G114/><T53/><D100/><U16/><E66/><V107/><F42/><W121/><G121/><T81/><D118/><U95/><E29/><V133/><F133/><W132/><G101/><T44/><D81/><U34/><REACH who="1" step="1"/><E106/><REACH who="1" ten="81,356,303,250" step="2"/><V96/><F116/><W14/><G67/><T78/><D122/><U127/><E127/><V36/><F119/><W80/><G132/><T9/><D120/><U98/><E98/><V37/><F31/><W55/><G85/><T135/><D135/><U126/><E126/><V70/><F97/><W92/><G92/><AGARI ba="0,1" hai="16,21,24,27,28,34,68,71,84,90,91,92,95,99" machi="92" ten="30,3900,0" yaku="1,1,7,1,54,1,53,0" doraHai="124" doraHaiUra="61" who="1" fromWho="3" sc="81,0,356,49,303,0,250,-39" /><INIT seed="3,0,0,5,1,6" ten="81,405,303,211" oya="3" hai0="72,46,42,92,100,97,36,106,10,88,83,84,117" hai1="9,63,39,53,26,67,14,21,73,13,48,11,123" hai2="105,47,55,40,37,45,43,101,95,30,116,132,12" hai3="131,98,31,76,19,134,27,130,15,107,20,51,7"/><W16/><G76/><T33/><D33/><U93/><E39/><V124/><F116/><W108/><G51/><T91/><D117/><U65/><E73/><V17/><F124/><W57/><G57/><T61/><D61/><U127/><E127/><V23/><F132/><W115/><G134/><T99/><REACH who="0" step="1"/><D72/><REACH who="0" ten="71,405,303,211" step="2"/><U2/><E123/><V18/><F105/><W32/><G107/><T75/><D75/><U34/><E34/><V79/><F79/><W90/><G130/><T89/><D89/><U69/><E2/><V87/><F101/><W82/><G131/><T133/><D133/><U85/><E67/><V38/><F95/><W121/><G90/><T77/><D77/><U3/><E3/><V28/><F87/><W120/><G32/><T135/><D135/><U110/><E110/><V126/><F126/><W50/><G108/><T113/><D113/><U104/><E104/><V1/><F1/><W119/><G115/><T109/><D109/><U22/><E85/><V4/><F4/><W5/><G121/><T71/><D71/><U125/><E93/><V60/><F18/><W74/><G120/><T44/><D44/><U24/><E125/><V80/><F80/><W8/><G82/><T52/><D52/><U35/><E53/><V102/><F102/><W25/><G74/><T62/><D62/><U103/><E63/><V86/><F86/><W129/><G119/><T59/><D59/><AGARI ba="0,1" hai="12,17,23,28,30,37,38,40,43,45,47,55,59,60" machi="59" ten="40,1300,0" yaku="9,1" doraHai="6" who="2" fromWho="0" sc="71,-13,405,0,303,23,211,0" owari="58,-44.2,405,50.5,326,12.6,211,-18.9" /></mjloggm>