<mjloggm ver="2.3"><GO type="225" lobby="0"/><UN n0="%72%69%6F%75%63%68%61%6E" n1="%E3%81%8B%E3%82%8F%E3%81%A1%E3%82%83%E3%82%93%35%38" n2="%E5%8F%AF%E5%85%90%E9%82%A3%E7%94%B1%E5%A4%9A" n3="%E6%98%93%E5%88%A9%E8%96%A9%E4%BC%AF" dan="16,16,17,16" rate="2109.74,2195.70,2160.49,2037.43" sx="M,M,F,F"/><TAIKYOKU oya="0"/><INIT seed="0,0,0,4,2,85" ten="250,250,250,250" oya="0" hai0="60,62,42,90,119,38,110,69,82,107,56,37,123" hai1="115,50,52,68,127,117,75,9,5,134,125,66,34" hai2="122,129,0,94,48,55,18,31,43,26,51,71,126" hai3="103,108,64,49,128,21,114,28,22,112,6,132,17"/><T36/><D107/><U73/><E117/><V135/><F122/><W133/><G64/><N who="0" m="41095" /><D82/><U104/><E34/><V99/><F71/><W102/><G49/><T1/><D90/><U97/><E134/><N who="3" m="51818" /><G6/><T4/><D1/><U98/><E115/><N who="3" m="44074" /><G108/><T7/><D7/><U24/><E24/><V39/><F94/><W87/><G128/><T58/><D4/><U105/><E66/><V41/><F99/><N who="1" m="37897" /><E68/><V23/><F0/><W111/><G111/><T19/><D123/><U57/><E104/><V16/><F18/><W14/><G87/><T83/><D19/><U89/><E105/><V70/><F16/><N who="3" m="10391" /><G28/><T74/><D110/><U25/><E75/><V81/><F31/><W54/><G54/><N who="0" m="34071" /><D74/><U106/><E73/><V63/><F135/><W116/><G116/><T130/><D119/><U3/><E106/><V92/><F129/><W33/><G33/><T11/><D130/><U44/><E5/><V2/><F51/><W120/><G120/><T124/><D11/><U35/><E9/><V61/><F2/><W93/><G93/><T27/><D27/><AGARI ba="0,0" hai="17,22,27,102,103" m="10391,44074,51818" machi="27" ten="30,2000,0" yaku="20,1,54,1" doraHai="85" who="3" fromWho="0" sc="250,-20,250,0,250,0,250,20" /><INIT seed="1,0,0,5,5,8" ten="230,250,250,270" oya="1" hai0="135,62,66,2,110,49,75,93,33,109,58,38,13" hai1="55,69,18,41,101,29,105,76,73,27,0,34,133" hai2="132,47,31,112,25,96,44,10,50,36,17,80,100" hai3="30,45,6,125,20,113,134,102,12,24,37,54,35"/><U56/><E69/><V122/><F122/><W88/><G113/><T4/><D135/><U106/><E133/><V51/><F132/><W97/><G134/><T121/><D121/><U114/><E114/><V46/><F112/><W95/><G125/><T40/><D75/><U82/><E0/><V78/><F36/><W53/><G102/><T85/><D2/><U48/><E101/><V87/><F31/><W119/><G119/><T115/><D33/><U64/><E64/><V116/><F116/><W43/><REACH who="3" step="1"/><G6/><REACH who="3" ten="230,250,250,260" step="2"/><T60/><D4/><U3/><E3/><V65/><F65/><W71/><G71/><T5/><D5/><U117/><E117/><V68/><F68/><W123/><G123/><T107/><D66/><U21/><REACH who="1" step="1"/><E41/><REACH who="1" ten="230,240,250,260" step="2"/><V108/><F100/><W7/><G7/><T70/><D40/><U91/><E91/><V89/><F89/><W90/><G90/><N who="0" m="53455" /><D70/><U26/><AGARI ba="0,2" hai="18,21,26,27,29,34,48,55,56,73,76,82,105,106" machi="26" ten="20,3900,0" yaku="1,1,0,1,7,1,53,0" doraHai="8" doraHaiUra="126" who="1" fromWho="1" sc="230,-13,240,59,250,-13,260,-13" /><INIT seed="1,1,0,5,3,77" ten="217,299,237,247" oya="1" hai0="35,63,105,104,41,54,27,2,15,45,44,43,66" hai1="59,132,32,115,110,55,52,124,62,9,51,36,121" hai2="84,96,30,58,135,12,56,49,127,65,87,92,17" hai3="37,75,40,22,53,78,16,109,48,24,100,68,4"/><U47/><E32/><V89/><F135/><W114/><G114/><T81/><D2/><U131/><E9/><V128/><F128/><W122/><G122/><T26/><D54/><U133/><E121/><V118/><F118/><W3/><G68/><T20/><D15/><U129/><E115/><V107/><F127/><W21/><G109/><T18/><D35/><U70/><E110/><V19/><F30/><W67/><G100/><T85/><D27/><U88/><E88/><N who="2" m="55303" /><F107/><W72/><G67/><T125/><D125/><U94/><E94/><V73/><F73/><W57/><G22/><T39/><D63/><N who="1" m="36327" /><E36/><V93/><F84/><W116/><G116/><T7/><D66/><N who="1" m="41303" /><E124/><V119/><F119/><W111/><G111/><T83/><D7/><U112/><E112/><V6/><F65/><W11/><REACH who="3" step="1"/><G78/><REACH who="3" ten="217,299,237,237" step="2"/><T117/><D117/><U126/><E126/><V134/><F134/><AGARI ba="1,1" hai="47,51,55,129,131,132,133,134" m="41303,36327" machi="134" ten="30,11600,0" yaku="20,1,34,2,54,1" doraHai="77" who="1" fromWho="2" sc="217,0,299,129,237,-119,237,0" /><INIT seed="1,2,0,4,2,0" ten="217,428,118,237" oya="1" hai0="64,113,71,82,94,111,108,121,88,58,57,19,20" hai1="79,80,83,118,37,28,12,38,123,34,6,15,90" hai2="2,16,42,116,11,67,46,7,68,124,128,26,1" hai3="132,85,23,5,44,119,31,54,74,24,40,14,110"/><U106/><E106/><V25/><F116/><W43/><G74/><T22/><D113/><U48/><E48/><V109/><F128/><W66/><G110/><N who="0" m="42027" /><D121/><U3/><E3/><V51/><F109/><W13/><G132/><T62/><D82/><U70/><E28/><V98/><F124/><W77/><G66/><T135/><D135/><U134/><E79/><V78/><F1/><W97/><G97/><N who="0" m="57543" /><D20/><U50/><E34/><V49/><F78/><W133/><G119/><T114/><D114/><U75/><E90/><V17/><F98/><W99/><G99/><T130/><D130/><U41/><E83/><V104/><F104/><W76/><G85/><T96/><D96/><U18/><E80/><V112/><F112/><W101/><G101/><T32/><D32/><U127/><E75/><V105/><F105/><W89/><G89/><T102/><D102/><U120/><E134/><V10/><F49/><W8/><G133/><T35/><D35/><U84/><E50/><V115/><F115/><W103/><G103/><T56/><D71/><U52/><E70/><V59/><F68/><W100/><G100/><T117/><D117/><U55/><E118/><V86/><F86/><W60/><G77/><T53/><D64/><U73/><E123/><V122/><F122/><W92/><G92/><T45/><D45/><U129/><E120/><V87/><F87/><W63/><G76/><T126/><D126/><U125/><E127/><V61/><REACH who="2" step="1"/><F11/><REACH who="2" ten="217,428,108,237" step="2"/><W95/><G8/><T39/><D39/><N who="1" m="14859" /><E125/><V29/><F29/><W93/><G31/><T131/><D131/><U47/><E129/><RYUUKYOKU ba="2,1" sc="217,15,428,-15,108,15,237,-15" hai0="19,22,53,56,57,58,62" hai2="2,7,10,16,17,25,26,42,46,51,59,61,67" /><INIT seed="2,3,1,2,4,114" ten="232,413,123,222" oya="2" hai0="105,15,99,16,73,58,17,128,79,96,90,19,126" hai1="71,57,82,124,93,83,45,72,113,34,130,120,2" hai2="53,59,115,78,92,23,85,86,66,3,52,36,35" hai3="134,27,10,31,44,88,21,97,29,104,61,127,26"/><V70/><F115/><W55/><G134/><T32/><D32/><U5/><E93/><V0/><F35/><W112/><G127/><T60/><D126/><U116/><E83/><V25/><F36/><W56/><G112/><T30/><D30/><U64/><E82/><N who="2" m="47319" /><F70/><W62/><G10/><T108/><D108/><U14/><E71/><V37/><F37/><W7/><G7/><T76/><D128/><U91/><E34/><V75/><F75/><W8/><G8/><T49/><D49/><U33/><E33/><V106/><F106/><W40/><G61/><T54/><D73/><U1/><E1/><V131/><F131/><W133/><G133/><T74/><D74/><U22/><E2/><V110/><F3/><W117/><G117/><T4/><D105/><U42/><E72/><V12/><F0/><W125/><G125/><T47/><D47/><U77/><E113/><V101/><F110/><W94/><G104/><T46/><D46/><U69/><E69/><V80/><F12/><W68/><G68/><T38/><D38/><U50/><E130/><V81/><F66/><W102/><G102/><T84/><D15/><U95/><E124/><V65/><F65/><W11/><G11/><T39/><D39/><U48/><E64/><V24/><F53/><W6/><G6/><T129/><D4/><U63/><E14/><V109/><F109/><W18/><G27/><N who="2" m="10313" /><F23/><W87/><G87/><T51/><D129/><U103/><E22/><V118/><F118/><W135/><G135/><T98/><D60/><U119/><E116/><V107/><F107/><W28/><G28/><RYUUKYOKU ba="3,1" sc="232,15,413,-15,123,-15,222,15" hai0="16,17,19,51,54,58,76,79,84,90,96,98,99" hai3="18,21,26,29,31,40,44,55,56,62,88,94,97" /><INIT seed="3,4,1,5,2,9" ten="247,398,108,237" oya="3" hai0="112,91,116,80,89,61,28,102,54,34,121,81,12" hai1="67,41,68,4,55,134,31,96,126,48,16,135,45" hai2="60,97,70,66,2,21,30,122,46,106,76,10,1" hai3="50,128,0,119,104,14,94,38,7,52,33,59,65"/><W88/><G119/><T49/><D116/><U53/><E126/><V84/><F122/><W117/><G117/><T36/><D121/><U19/><E4/><V39/><F21/><W127/><G104/><T51/><D36/><U18/><E31/><V47/><F47/><W114/><G114/><T113/><D102/><U103/><E67/><V111/><F111/><W63/><G38/><T64/><D34/><U11/><E11/><V8/><F8/><N who="3" m="4383" /><G0/><T72/><D28/><U133/><E68/><V78/><F84/><N who="3" m="52487" /><G128/><T6/><D72/><U5/><E5/><V13/><F30/><W17/><G127/><T37/><D37/><U109/><E109/><V107/><F1/><W22/><G33/><T123/><D123/><U25/><E25/><V93/><F2/><W101/><G101/><T43/><D113/><U24/><E24/><V74/><F74/><W108/><G108/><T120/><D112/><U86/><E86/><V27/><F27/><N who="3" m="14799" /><G65/><T90/><D64/><U132/><E132/><V75/><F75/><W29/><G29/><T77/><D120/><U83/><E83/><V85/><F107/><AGARI ba="4,1" hai="16,18,19,41,45,48,53,55,96,103,107,133,134,135" machi="107" ten="50,3200,0" yaku="20,1,54,1" doraHai="9" who="1" fromWho="2" sc="247,0,398,54,108,-44,237,0" owari="247,4.7,452,55.2,64,-43.6,237,-16.3" /></mjloggm>