<mjloggm ver="2.3"><GO type="225" lobby="0"/><UN n0="%4B%2E%32%2E%4B%2E" n1="%E3%82%A2%E3%83%A1%E3%82%A2%E3%83%A9%E3%83%AC" n2="%E6%81%A5%E6%99%92%E3%81%97" n3="%E5%A4%9C%E3%81%AE%E3%82%AC%E3%82%B9%E3%83%91%E3%83%BC%E3%83%AB" dan="16,16,16,17" rate="2145.16,2107.69,2125.17,2169.12" sx="M,M,M,M"/><TAIKYOKU oya="0"/><INIT seed="0,0,0,0,4,134" ten="250,250,250,250" oya="0" hai0="127,131,7,121,104,57,101,86,50,54,32,98,51" hai1="124,56,87,14,35,25,19,13,130,44,117,58,28" hai2="118,2,8,81,5,66,84,112,79,83,69,61,41" hai3="49,133,52,63,78,100,31,91,123,90,47,119,102"/><T76/><D121/><U88/><E117/><V128/><F128/><W125/><G119/><T109/><D131/><U33/><E130/><V22/><F112/><W77/><G133/><T29/><D109/><U71/><E71/><V106/><F118/><W93/><G123/><T34/><D29/><U30/><E124/><V26/><F106/><W73/><G125/><T97/><D127/><U95/><E13/><V10/><F10/><W103/><G31/><T46/><D7/><U96/><E44/><V21/><F26/><W105/><G105/><T59/><D59/><U55/><E30/><V4/><F4/><W70/><G73/><T16/><D97/><U89/><E35/><V67/><F41/><W120/><G120/><T126/><D126/><U64/><E64/><V11/><F11/><W20/><G20/><T114/><D114/><U75/><E75/><V27/><F27/><W60/><G91/><T48/><D48/><U36/><E55/><V68/><REACH who="2" step="1"/><F83/><REACH who="2" ten="250,250,240,250" step="2"/><W1/><G1/><T24/><D24/><U116/><E116/><V18/><F18/><W80/><G80/><T99/><D16/><U82/><E36/><V43/><F43/><W53/><G53/><N who="0" m="31927" /><D34/><U132/><E132/><V62/><AGARI ba="0,1" hai="2,5,8,21,22,61,62,66,67,68,69,79,81,84" machi="62" ten="30,7900,0" yaku="1,1,0,1,9,1,53,1" doraHai="134" doraHaiUra="74" who="2" fromWho="2" sc="250,-39,250,-20,240,89,250,-20" /><INIT seed="1,0,0,2,5,53" ten="211,230,329,230" oya="1" hai0="114,97,130,28,80,1,112,107,25,67,56,121,27" hai1="117,95,84,61,92,90,135,38,46,0,20,82,51" hai2="11,69,131,79,63,73,34,83,36,93,35,22,60" hai3="29,33,109,86,119,126,76,48,9,42,118,102,50"/><U106/><E117/><N who="3" m="44554" /><G109/><T99/><D1/><U122/><E122/><V81/><F131/><W21/><G126/><T116/><D116/><U57/><E135/><V23/><F36/><W2/><G33/><T103/><D130/><U134/><E106/><V7/><F93/><W105/><G42/><T127/><D127/><U64/><E38/><V49/><F49/><W71/><G71/><T108/><D108/><U113/><E0/><V75/><F11/><W104/><G104/><T62/><D121/><U17/><E113/><V66/><F7/><N who="3" m="1271" /><G29/><T68/><D80/><U115/><E134/><V15/><F15/><W98/><G21/><T74/><D74/><U16/><E115/><V94/><F69/><W19/><G19/><N who="1" m="7242" /><E20/><V91/><F75/><W133/><G133/><T32/><D25/><U88/><E90/><V120/><F120/><W4/><G4/><T30/><D30/><U70/><E70/><V8/><F23/><W5/><G5/><T14/><D14/><U31/><E31/><V111/><F22/><W59/><G50/><T18/><D18/><U124/><E124/><V78/><F8/><W125/><G125/><T129/><D129/><U39/><E39/><V85/><F111/><W101/><G101/><T10/><D10/><U41/><AGARI ba="0,0" hai="41,46,51,57,61,64,82,84,88,92,95" m="7242" machi="41" ten="30,11700,0" yaku="8,1,52,1,54,2" doraHai="53" who="1" fromWho="1" sc="211,-39,230,117,329,-39,230,-39" /><INIT seed="1,1,0,1,1,14" ten="172,347,290,191" oya="1" hai0="97,31,40,35,116,10,131,130,102,8,121,101,113" hai1="105,2,124,12,6,99,27,24,112,9,58,108,91" hai2="118,43,72,132,81,0,103,82,80,3,133,13,63" hai3="94,42,129,65,33,96,15,7,47,117,84,66,123"/><U29/><E112/><V67/><F72/><W95/><G123/><T93/><D113/><U107/><E124/><V68/><F118/><W59/><G33/><T17/><D116/><U60/><E108/><V70/><F43/><W55/><G129/><N who="0" m="49163" /><D121/><U57/><E57/><V48/><F103/><N who="0" m="39434" /><D40/><U120/><E27/><V30/><F48/><N who="3" m="26743" /><G117/><T106/><D106/><U79/><E79/><V19/><F30/><W22/><G84/><T41/><D41/><U92/><E2/><V87/><F87/><W109/><G109/><T115/><D115/><U122/><E122/><V89/><F89/><N who="3" m="55375" /><G95/><T86/><D86/><U32/><REACH who="1" step="1"/><E120/><REACH who="1" ten="172,337,290,191" step="2"/><V20/><REACH who="2" step="1"/><F70/><REACH who="2" ten="172,337,280,191" step="2"/><W114/><G114/><T125/><D125/><U74/><E74/><V37/><F37/><W76/><G76/><T88/><D31/><U50/><E50/><V61/><F61/><W53/><G59/><T126/><D126/><U110/><E110/><V78/><F78/><W1/><G1/><AGARI ba="1,2" hai="0,1,3,13,19,20,63,67,68,80,81,82,132,133" machi="1" ten="40,2600,0" yaku="1,1,52,1,53,0" doraHai="14" doraHaiUra="111" who="2" fromWho="3" sc="172,0,337,0,280,49,191,-29" /><INIT seed="2,0,0,1,5,68" ten="172,337,329,162" oya="2" hai0="54,32,127,44,19,86,85,122,80,58,55,134,75" hai1="21,2,74,72,11,82,0,88,35,30,95,65,28" hai2="102,90,109,106,84,91,116,24,37,29,25,79,9" hai3="5,6,76,115,10,101,70,43,23,59,81,71,69"/><V1/><F116/><W117/><G117/><T20/><D122/><U100/><E35/><V39/><F79/><W77/><G115/><T119/><D119/><U121/><E121/><V132/><F25/><W135/><G135/><T12/><D134/><U129/><E65/><V93/><F132/><W124/><G124/><T22/><D32/><U40/><E100/><V45/><F109/><W99/><G77/><T110/><D127/><U56/><E56/><V96/><F45/><W113/><G113/><T33/><D33/><U98/><E0/><V31/><F91/><W16/><G10/><T46/><D110/><U114/><E40/><V108/><F108/><W47/><G59/><T48/><D75/><U83/><E129/><V92/><F106/><W51/><G99/><T120/><D120/><U13/><E74/><V87/><F84/><W27/><REACH who="3" step="1"/><G101/><REACH who="3" ten="172,337,329,152" step="2"/><T131/><D131/><U8/><E98/><V7/><F31/><W89/><G89/><N who="0" m="51367" /><D86/><AGARI ba="0,1" hai="5,6,16,23,27,43,47,51,69,70,71,76,81,86" machi="86" ten="40,2600,0" yaku="1,1,54,1,53,0" doraHai="68" doraHaiUra="50" who="3" fromWho="0" sc="172,-26,337,0,329,0,152,36" /><INIT seed="3,0,0,1,0,53" ten="146,337,329,188" oya="3" hai0="50,128,42,110,27,73,91,87,12,5,2,6,126" hai1="21,46,55,97,29,127,84,62,89,32,106,76,83" hai2="61,71,35,131,123,118,122,38,66,31,116,72,117" hai3="34,115,9,39,94,79,93,81,49,47,95,26,7"/><W88/><G115/><T65/><D73/><U52/><E127/><V56/><F131/><W80/><G39/><T28/><D2/><U15/><E32/><V41/><F72/><W121/><G121/><N who="2" m="46089" /><F56/><W67/><G67/><T109/><D126/><U16/><E29/><V98/><F98/><W1/><G34/><T23/><D128/><U11/><E106/><V24/><F41/><W101/><G26/><T105/><D105/><U8/><E62/><V14/><F14/><W130/><G101/><T13/><D65/><U3/><E3/><V74/><F74/><W124/><G130/><T68/><D68/><U86/><E97/><V120/><N who="2" m="46097" /><V57/><DORA hai="19" /><F57/><W17/><G17/><T40/><D12/><U133/><E133/><V33/><F38/><W58/><G124/><T134/><D134/><U85/><E85/><V119/><F119/><W104/><G58/><T20/><D50/><N who="1" m="28759" /><E55/><V48/><F35/><W114/><G114/><T44/><D6/><U111/><E111/><N who="0" m="42505" /><D5/><U18/><E18/><V59/><F71/><W103/><G104/><T90/><D44/><U77/><E77/><V108/><F108/><W36/><G47/><T107/><D107/><U64/><E64/><V102/><F102/><W70/><G70/><T82/><D91/><U78/><E78/><V37/><F37/><W0/><G88/><T43/><D13/><U69/><E69/><V63/><F61/><W54/><G79/><T135/><D135/><U129/><E129/><V25/><F25/><W4/><G1/><T132/><D132/><U75/><E75/><V45/><F118/><RYUUKYOKU ba="0,0" sc="146,10,337,10,329,10,188,-30" hai0="20,23,27,28,40,42,43,82,87,90" hai1="8,11,15,16,21,76,83,84,86,89" hai2="24,31,33,45,48,59,63,66,116,117" owari="156,-34.4,347,44.7,339,13.9,158,-24.2" /></mjloggm>