<mjloggm ver="2.3"><GO type="225" lobby="0"/><UN n0="%E3%81%8F%E3%82%8A%E3%83%94%E3%83%BC" n1="%E2%91%A3%E9%81%BF%E9%81%8A%E6%88%AF%E3%80%90%E6%9D%B1%E5%8D%97%E3%80%91" n2="%E3%82%82%E3%81%90%E3%82%89" n3="%E6%A1%9C%E8%8A%B1%E9%96%83%E3%80%85" dan="16,16,17,16" rate="2115.03,2098.22,2183.97,2136.55" sx="M,M,F,M"/><TAIKYOKU oya="0"/><INIT seed="0,0,0,2,4,65" ten="250,250,250,250" oya="0" hai0="118,89,23,57,116,38,109,5,18,67,64,77,33" hai1="56,110,68,59,60,70,37,19,22,82,98,74,95" hai2="119,133,117,62,40,81,55,114,96,26,49,29,125" hai3="128,134,8,86,32,51,132,102,127,3,85,9,4"/><T16/><D33/><U126/><E37/><V13/><F114/><W79/><G102/><T28/><D38/><U17/><E110/><V103/><F133/><N who="3" m="51307" /><G32/><T21/><D77/><U58/><E126/><V104/><F125/><W90/><G127/><T129/><D129/><U0/><E0/><V69/><F13/><W123/><G128/><T34/><D34/><U112/><E112/><V122/><F81/><N who="3" m="47295" /><G51/><T131/><D131/><U61/><E74/><V135/><F122/><W94/><G9/><T48/><D109/><U93/><E82/><V12/><F12/><W1/><G1/><T80/><D5/><U97/><E59/><N who="2" m="33263" /><F135/><W42/><G42/><T44/><D28/><U107/><E22/><N who="0" m="8201" /><D118/><N who="2" m="45066" /><F40/><W20/><G20/><T83/><D116/><U78/><E78/><V66/><F29/><W101/><G101/><T130/><D83/><U84/><E84/><V99/><F96/><W27/><G27/><AGARI ba="0,0" hai="26,27,62,66,69,99,103,104" m="45066,33263" machi="27" ten="30,2000,0" yaku="12,1,52,1" doraHai="65" who="2" fromWho="3" sc="250,0,250,0,250,20,250,-20" /><INIT seed="1,0,0,2,4,26" ten="250,250,270,230" oya="1" hai0="18,55,67,106,15,80,16,37,49,12,111,110,83" hai1="64,51,47,96,68,128,127,38,91,129,1,35,48" hai2="10,97,66,109,17,2,104,94,78,65,74,88,108" hai3="79,41,22,103,105,56,73,53,87,100,7,134,20"/><U5/><E127/><V114/><F114/><W31/><G134/><T14/><D67/><U92/><E35/><V131/><F131/><N who="1" m="50249" /><E38/><V52/><F104/><W112/><G112/><T23/><D106/><U42/><E51/><V119/><F119/><W59/><G73/><T58/><D37/><U39/><E39/><V135/><F135/><W122/><G122/><T57/><D57/><U69/><E64/><V86/><F86/><W8/><G41/><T71/><D71/><N who="1" m="27211" /><E5/><V72/><F66/><W115/><G56/><T120/><D120/><U9/><E9/><V13/><F65/><W95/><G8/><N who="0" m="6151" /><D14/><U85/><E1/><V29/><F2/><W27/><G7/><T70/><D70/><U102/><E85/><V3/><F3/><W50/><G115/><T107/><D107/><U121/><E121/><V118/><F74/><W46/><G105/><T25/><D15/><U98/><E98/><V84/><F97/><W0/><G0/><T45/><D45/><U130/><N who="1" m="50257" /><U101/><AGARI ba="0,0" hai="42,47,48,91,92,96,101,102" m="27211,50257" machi="101" ten="50,4800,0" yaku="4,1,19,1" doraHai="26" who="1" fromWho="1" sc="250,-16,250,48,270,-16,230,-16" /><INIT seed="1,1,0,2,0,107" ten="234,298,254,214" oya="1" hai0="121,46,20,119,50,17,69,2,108,0,104,99,71" hai1="44,129,89,117,118,13,7,25,132,31,59,100,9" hai2="38,48,3,95,35,115,78,51,111,16,12,62,14" hai3="101,70,39,4,79,68,33,53,54,113,28,42,105"/><U127/><E127/><V1/><F38/><W55/><G113/><T128/><D119/><U58/><E129/><V80/><F35/><W45/><G4/><T126/><D128/><U82/><E132/><V125/><F125/><W56/><G79/><T72/><D126/><U124/><E124/><V27/><F115/><W122/><G122/><T103/><D108/><U84/><E100/><V66/><F111/><W83/><G83/><T135/><D135/><U77/><E117/><V88/><F27/><W133/><G133/><T43/><D72/><U60/><E118/><V73/><F14/><W96/><REACH who="3" step="1"/><G56/><REACH who="3" ten="234,298,254,204" step="2"/><T97/><D121/><U91/><E59/><V8/><F1/><W49/><G49/><T22/><D71/><U6/><E7/><V52/><F3/><W65/><G65/><T15/><D69/><U94/><E44/><V76/><F76/><W23/><G23/><T32/><D32/><U74/><E91/><V112/><F112/><W75/><G75/><T19/><REACH who="0" step="1"/><D99/><REACH who="0" ten="224,298,254,204" step="2"/><U130/><E130/><V114/><F114/><W90/><G90/><T120/><D120/><U67/><E74/><V29/><F73/><W109/><G109/><T131/><D131/><U30/><E89/><V64/><F88/><W47/><G47/><T92/><D92/><U86/><E94/><V11/><F95/><W37/><G37/><T61/><D61/><U98/><E98/><V102/><F62/><W24/><AGARI ba="1,2" hai="24,28,33,39,42,45,53,54,55,68,70,96,101,105" machi="24" ten="30,2000,0" yaku="1,1,0,1,53,0" doraHai="107" doraHaiUra="34" who="3" fromWho="3" sc="224,-6,298,-11,254,-6,204,43" /><INIT seed="2,0,0,5,2,50" ten="218,287,248,247" oya="2" hai0="63,17,47,101,6,72,89,114,118,52,131,97,23" hai1="33,30,32,1,84,35,55,67,5,92,56,79,99" hai2="3,71,8,14,107,41,70,51,48,10,102,74,59" hai3="133,69,68,57,124,34,80,109,75,100,11,0,77"/><V117/><F74/><W106/><G109/><T62/><D114/><U15/><E67/><V130/><F117/><W45/><G57/><T134/><D72/><U54/><E1/><V21/><F130/><W4/><G124/><T19/><D131/><U81/><E30/><V86/><F3/><W40/><G133/><T126/><D126/><U85/><E56/><V66/><F21/><W60/><G60/><N who="0" m="23083" /><D134/><U37/><E37/><V132/><F66/><W122/><G34/><T135/><D118/><U112/><E112/><V31/><F31/><W12/><G12/><T87/><D6/><U129/><E129/><V25/><F25/><W88/><G88/><T123/><D123/><U76/><E5/><V103/><F107/><W116/><G116/><T46/><D23/><U29/><E15/><V73/><F8/><W53/><G53/><T13/><D13/><U98/><E29/><V108/><F71/><W121/><G100/><T111/><D47/><U110/><E110/><V83/><F70/><N who="3" m="27243" /><G106/><T78/><D78/><U2/><E2/><V64/><F108/><W22/><G22/><T61/><D135/><U127/><E127/><V36/><F64/><W65/><G65/><T113/><D113/><U9/><E9/><V20/><F10/><W27/><G27/><T95/><D111/><U16/><E16/><V94/><F20/><W91/><G91/><T125/><D125/><U49/><E35/><V82/><F14/><W105/><G105/><N who="0" m="63663" /><D46/><U96/><E32/><V24/><F132/><W7/><G7/><T90/><D89/><N who="1" m="53295" /><E33/><V44/><F24/><W26/><G26/><RYUUKYOKU ba="0,0" sc="218,15,287,-15,248,-15,247,15" hai0="17,19,52,61,87,90,95" hai3="0,4,11,40,45,75,77,80,121,122" /><INIT seed="3,1,0,2,0,75" ten="233,272,233,262" oya="3" hai0="14,87,103,55,118,64,48,10,20,33,131,32,57" hai1="34,122,97,38,8,135,98,3,114,35,82,27,59" hai2="105,61,93,130,7,45,72,60,107,6,46,91,112" hai3="83,133,40,0,89,22,37,115,51,127,28,29,62"/><W79/><G115/><T128/><D118/><U67/><E114/><V11/><F112/><W96/><G127/><T24/><D103/><U73/><E122/><V69/><F72/><W84/><G37/><T90/><D64/><U68/><E135/><V39/><F130/><W12/><G0/><T78/><D78/><U99/><E27/><V16/><F107/><W44/><G62/><N who="2" m="24169" /><F105/><W100/><G133/><T95/><D131/><U26/><E26/><V18/><F69/><W126/><G126/><T120/><D120/><U54/><E67/><V50/><F39/><W63/><G63/><T74/><D74/><U111/><E68/><V65/><F65/><W121/><G121/><T108/><D108/><U41/><E59/><V116/><F116/><W21/><G89/><T42/><D42/><U77/><E54/><N who="2" m="30031" /><F46/><W49/><G49/><T47/><D47/><N who="1" m="23991" /><E111/><V80/><F80/><W123/><G123/><T5/><REACH who="0" step="1"/><D128/><REACH who="0" ten="223,272,233,262" step="2"/><U15/><E73/><V102/><F102/><W71/><G71/><T104/><D104/><U94/><E77/><V134/><F134/><W132/><G132/><T76/><D76/><U43/><E43/><V81/><F81/><W13/><G100/><T117/><D117/><U2/><E82/><V109/><F109/><W53/><G40/><T85/><D85/><U4/><E94/><V25/><F93/><W36/><G36/><T129/><D129/><U9/><E3/><V125/><F125/><W58/><G44/><T70/><D70/><U86/><E86/><V17/><F91/><W106/><G106/><T52/><D52/><U23/><E2/><RYUUKYOKU ba="1,1" sc="223,30,272,-10,233,-10,262,-10" hai0="5,10,14,20,24,32,33,48,55,57,87,90,95" /><INIT seed="4,2,1,4,2,24" ten="253,262,223,252" oya="0" hai0="108,13,121,5,76,106,22,12,2,53,18,99,69" hai1="115,14,66,60,63,67,17,73,33,57,34,47,50" hai2="56,72,135,89,101,9,92,111,127,70,29,114,85" hai3="31,52,64,37,0,75,94,43,78,86,88,134,87"/><T68/><D121/><U118/><E73/><V16/><F111/><W120/><G120/><T125/><D108/><U131/><E118/><V112/><F70/><W46/><G64/><T105/><D2/><U132/><E115/><N who="2" m="44075" /><F72/><W91/><G0/><T20/><D76/><U71/><E132/><V95/><F135/><W83/><G134/><T98/><D53/><U32/><E131/><V42/><F127/><W116/><G116/><T44/><D44/><U8/><REACH who="1" step="1"/><E34/><REACH who="1" ten="253,252,223,252" step="2"/><V10/><F42/><AGARI ba="2,2" hai="8,14,17,32,33,42,47,50,57,60,63,66,67,71" machi="42" ten="30,7700,0" yaku="1,1,2,1,7,1,53,1" doraHai="24" doraHaiUra="6" who="1" fromWho="2" sc="253,0,252,103,223,-83,252,0" owari="253,5.3,355,45.5,140,-36.0,252,-14.8" /></mjloggm>