<mjloggm ver="2.3"><GO type="225" lobby="0"/><UN n0="%E6%B8%A9%E2%98%85%E6%83%85%E2%98%85%E6%8E%AA%E2%98%85%E7%BD%AE" n1="%E8%BE%9B%E5%8F%A3%E3%82%AB%E3%83%AC%E3%83%BC%E3%83%A9%E3%82%A4%E3%82%B9" n2="%72%69%6F%75%63%68%61%6E" n3="%E4%B8%89%E5%88%86%E5%B0%8F%E5%83%A7" dan="17,17,16,16" rate="2163.56,2202.29,2214.94,2084.33" sx="M,M,M,M"/><TAIKYOKU oya="0"/><INIT seed="0,0,0,2,1,128" ten="250,250,250,250" oya="0" hai0="116,26,11,118,122,106,12,42,21,74,19,15,108" hai1="127,85,6,64,92,76,48,88,46,73,80,135,68" hai2="112,23,49,72,31,40,44,53,131,78,51,89,95" hai3="94,117,70,37,29,103,32,126,98,54,125,90,87"/><T0/><D74/><U5/><E135/><V34/><F131/><W71/><G117/><T1/><D106/><U60/><REACH who="1" step="1"/><E127/><REACH who="1" ten="250,240,250,250" step="2"/><N who="3" m="48650" /><G37/><T30/><D122/><U84/><E84/><V62/><F112/><W8/><G8/><N who="0" m="6631" /><D42/><AGARI ba="0,1" hai="5,6,42,46,48,60,64,68,73,76,80,85,88,92" machi="42" ten="30,7700,0" yaku="1,1,7,1,54,1,53,1" doraHai="128" doraHaiUra="82" who="1" fromWho="0" sc="250,-77,240,87,250,0,250,0" /><INIT seed="1,0,0,0,3,32" ten="173,327,250,250" oya="1" hai0="39,17,15,7,61,119,133,123,131,56,73,34,45" hai1="27,108,60,114,48,70,97,82,129,16,126,41,111" hai2="30,92,5,105,47,22,3,46,23,33,88,68,135" hai3="31,11,38,62,26,91,130,25,69,120,127,44,74"/><U52/><E114/><V50/><F105/><W8/><G120/><T85/><D119/><U19/><E126/><V112/><F112/><W12/><G127/><T93/><D73/><U59/><E129/><V29/><F135/><W110/><G130/><T75/><D75/><U13/><E82/><V18/><F68/><W104/><G110/><N who="1" m="42026" /><E97/><V83/><F83/><W49/><G38/><T21/><D34/><U128/><E128/><V89/><F33/><W72/><G104/><T99/><D7/><U42/><E27/><V121/><F121/><W81/><G11/><T117/><D117/><U35/><E35/><V77/><F77/><W43/><G31/><T6/><D6/><U28/><E28/><V64/><F64/><W40/><G40/><N who="1" m="15466" /><E13/><V115/><F115/><W132/><G132/><T66/><D133/><U90/><E90/><V36/><F89/><W1/><G26/><T4/><D131/><U55/><E70/><V134/><F134/><W118/><G25/><T54/><D123/><U0/><E0/><V98/><F30/><W95/><G1/><T76/><D99/><U53/><E53/><N who="2" m="29911" /><F29/><W71/><G81/><N who="0" m="47271" /><D93/><U102/><E102/><V86/><F98/><N who="3" m="57727" /><G118/><T101/><D101/><U103/><E103/><V51/><F18/><N who="3" m="8455" /><G71/><T10/><D39/><U67/><E67/><V122/><F36/><W80/><G80/><T37/><D37/><U20/><E20/><V125/><F125/><W57/><G69/><T78/><D78/><U100/><E100/><V9/><F122/><W116/><G116/><T84/><D21/><U58/><AGARI ba="0,0" hai="16,19,48,52,55,58,59,60" m="15466,42026" machi="58" ten="30,11700,0" yaku="14,1,10,1,54,2" doraHai="32" who="1" fromWho="1" sc="173,-39,327,117,250,-39,250,-39" /><INIT seed="1,1,0,4,1,71" ten="134,444,211,211" oya="1" hai0="87,5,17,61,15,43,126,52,63,74,50,24,35" hai1="10,56,105,88,127,48,67,104,14,33,21,103,53" hai2="62,134,89,64,22,0,91,121,26,60,55,95,8" hai3="77,135,54,96,47,32,4,45,120,19,36,11,125"/><U65/><E33/><V99/><F134/><W106/><G120/><T98/><D74/><U68/><E127/><V69/><F121/><W93/><G106/><T2/><D126/><U110/><E103/><V42/><F42/><W49/><G125/><T75/><D75/><U94/><E110/><V115/><F115/><W51/><G135/><T27/><D43/><U128/><E128/><V112/><F112/><W59/><G77/><T46/><D2/><U31/><E68/><V85/><F0/><W82/><G82/><T57/><D5/><U76/><E76/><V81/><F8/><W37/><G32/><T25/><D35/><U16/><E104/><V90/><F60/><W133/><G19/><T124/><D124/><U78/><E78/><V86/><F55/><W72/><G72/><T83/><D98/><N who="1" m="57671" /><E105/><V34/><F34/><W12/><G133/><T108/><D57/><U84/><E84/><V29/><REACH who="2" step="1"/><F86/><REACH who="2" ten="134,444,201,211" step="2"/><W101/><G59/><T44/><D44/><U97/><E97/><V117/><F117/><W38/><G38/><T123/><D123/><U20/><E10/><V100/><AGARI ba="1,1" hai="22,26,29,62,64,69,81,85,89,90,91,95,99,100" machi="100" ten="20,2700,0" yaku="1,1,0,1,7,1,53,0" doraHai="71" doraHaiUra="13" who="2" fromWho="2" sc="134,-8,444,-14,201,40,211,-8" /><INIT seed="2,0,0,3,0,57" ten="126,430,241,203" oya="2" hai0="54,6,53,86,82,115,38,65,85,72,70,2,89" hai1="116,44,73,125,3,98,58,129,7,24,81,106,64" hai2="32,36,133,5,95,55,79,60,52,18,128,88,12" hai3="29,134,121,127,25,83,4,87,39,117,63,48,126"/><V68/><F32/><W91/><G39/><T69/><D72/><U80/><E116/><V93/><F36/><W10/><G117/><T21/><D38/><U100/><E73/><V84/><F128/><W131/><G121/><T101/><D115/><U9/><E129/><V45/><F133/><W30/><G131/><T108/><D108/><U124/><E44/><V0/><F0/><W23/><G134/><T22/><D101/><U110/><E110/><V99/><F5/><W33/><G48/><T114/><D114/><U61/><REACH who="1" step="1"/><E24/><REACH who="1" ten="126,420,241,203" step="2"/><V56/><F45/><W130/><G130/><T122/><D122/><U103/><E103/><N who="2" m="60911" /><F68/><W20/><G126/><AGARI ba="0,1" hai="3,7,9,58,61,64,80,81,98,100,106,124,125,126" machi="126" ten="40,12000,2" yaku="1,1,18,1,52,1,53,3" doraHai="57" doraHaiUra="135" who="1" fromWho="3" sc="126,0,420,130,241,0,203,-120" /><INIT seed="3,0,0,5,5,37" ten="126,550,241,83" oya="3" hai0="74,133,77,116,22,95,46,3,88,6,86,130,36" hai1="61,120,113,13,4,54,91,5,47,1,83,79,100" hai2="84,18,45,117,78,94,126,57,11,103,31,20,110" hai3="50,128,10,69,16,44,60,111,63,98,9,87,53"/><W67/><G128/><T80/><D116/><U72/><E1/><V119/><F110/><W125/><G125/><T112/><D130/><U26/><E100/><V59/><F126/><W17/><G111/><T7/><D133/><U32/><E13/><N who="2" m="7487" /><F119/><W85/><G63/><T64/><D112/><U55/><E55/><V0/><F0/><W52/><G53/><T129/><D129/><U75/><E91/><N who="2" m="53607" /><F117/><W96/><G10/><N who="0" m="2399" /><D22/><U14/><E14/><V34/><F34/><W105/><G9/><T65/><D7/><U19/><E47/><V12/><F103/><W118/><G118/><T38/><D38/><U135/><E19/><N who="2" m="10343" /><F78/><W127/><G127/><T43/><AGARI ba="0,0" hai="36,43,46,64,65,74,77,80,86,88,95" m="2399" machi="43" ten="30,4000,0" yaku="25,1,52,1,54,1" doraHai="37" who="0" fromWho="0" sc="126,40,550,-10,241,-10,83,-20" owari="166,-23.4,540,64.0,231,3.1,63,-43.7" /></mjloggm>