<mjloggm ver="2.3"><GO type="225" lobby="0"/><UN n0="%73%75%7A%75%6D%65%33" n1="%4E%6F%2E%30%30%30%31" n2="%E8%A8%88%E7%AE%97%E6%A9%9F%E8%87%AA%E7%84%B6" n3="%E7%A7%8B%E6%9C%88%E7%9C%9F%E7%90%86%E4%BA%9E" dan="16,18,17,16" rate="2192.27,2233.48,2205.11,2115.75" sx="M,M,M,F"/><TAIKYOKU oya="0"/><INIT seed="0,0,0,2,3,120" ten="250,250,250,250" oya="0" hai0="58,81,72,101,77,127,32,44,31,66,60,131,133" hai1="12,38,117,19,42,37,57,103,27,85,128,48,92" hai2="55,13,25,87,76,5,116,28,39,108,91,69,98" hai3="2,40,54,123,56,9,35,53,134,122,50,96,6"/><T7/><D127/><U33/><E117/><V105/><F39/><W63/><G35/><T130/><D133/><U21/><E128/><V94/><F69/><W10/><G134/><T119/><D119/><U59/><E38/><V115/><F116/><W125/><G125/><T89/><D101/><U132/><E132/><V24/><F115/><W80/><G40/><T83/><D7/><U18/><E37/><V129/><F129/><N who="0" m="49162" /><D44/><N who="1" m="25623" /><E33/><V8/><F105/><W20/><G10/><T112/><D112/><U41/><E41/><V93/><F108/><W111/><G111/><T3/><D3/><U47/><E47/><V67/><F67/><W70/><G20/><T14/><D14/><U121/><E121/><V74/><F74/><W84/><G96/><T106/><D106/><U22/><E85/><V97/><F28/><W26/><G26/><N who="0" m="18551" /><D83/><U43/><E43/><V49/><F97/><AGARI ba="0,0" hai="12,18,19,21,22,27,57,59,92,97,103" m="25623" machi="97" ten="30,1000,0" yaku="8,1" doraHai="120" who="1" fromWho="2" sc="250,0,250,10,250,-10,250,0" /><INIT seed="1,0,0,1,2,59" ten="250,260,240,250" oya="1" hai0="66,75,93,83,12,11,118,96,50,91,15,127,9" hai1="14,123,98,108,29,44,57,117,88,131,104,13,133" hai2="17,37,34,129,119,81,110,27,95,55,89,0,72" hai3="30,100,24,78,99,1,94,7,31,69,20,121,48"/><U71/><E117/><V103/><F119/><W58/><G121/><T67/><D118/><U32/><E123/><V126/><F0/><W102/><G69/><T26/><D127/><U38/><E71/><V64/><F37/><W51/><G78/><T101/><D26/><U134/><E131/><V86/><F110/><W23/><G102/><T40/><D75/><U42/><E108/><V120/><F120/><W4/><G1/><T68/><D68/><U5/><E5/><V113/><F64/><W111/><G111/><T84/><D12/><U60/><E29/><V125/><F129/><W43/><G51/><T62/><D9/><U56/><E32/><V130/><F130/><W19/><G31/><T41/><D50/><U18/><E56/><V16/><F55/><N who="3" m="32103" /><G43/><N who="0" m="16459" /><D62/><U115/><E115/><V45/><F113/><W79/><G79/><T63/><D63/><U52/><E104/><V122/><F122/><W132/><G132/><N who="1" m="50794" /><E18/><AGARI ba="0,0" hai="11,15,18,66,67,83,84,91,93,96,101" m="16459" machi="18" ten="30,1000,0" yaku="8,1" doraHai="59" who="0" fromWho="1" sc="250,10,260,-10,240,0,250,0" /><INIT seed="2,0,0,3,1,115" ten="260,250,240,250" oya="2" hai0="15,110,25,49,23,29,109,59,6,114,72,18,53" hai1="134,32,122,61,108,126,103,55,71,54,7,111,77" hai2="41,81,14,34,128,35,83,52,87,119,31,24,62" hai3="106,74,127,20,85,51,90,121,117,64,98,86,0"/><V47/><F128/><W9/><G121/><T3/><D72/><U120/><E32/><V2/><F2/><W38/><G38/><T28/><D114/><U37/><E7/><V112/><F112/><W36/><G36/><T78/><D78/><U50/><E103/><V80/><F35/><W67/><G74/><T1/><D29/><U33/><E77/><V22/><F119/><W56/><G127/><T100/><D100/><U11/><E11/><V45/><F34/><W96/><G86/><T116/><D116/><U69/><E37/><V130/><F130/><W16/><G117/><T125/><D125/><U104/><E104/><V48/><F14/><N who="3" m="9239" /><G9/><T27/><D27/><U58/><E134/><V95/><F62/><W82/><G106/><T135/><D135/><U79/><E79/><V88/><F45/><W4/><G4/><T97/><D97/><N who="3" m="37481" /><G0/><T19/><D19/><U57/><E33/><V44/><REACH who="2" step="1"/><F47/><REACH who="2" ten="260,250,230,250" step="2"/><W123/><G123/><N who="1" m="47146" /><E126/><V60/><F60/><W107/><G107/><T84/><D1/><U118/><E118/><V124/><F124/><W75/><G75/><T76/><D3/><U113/><E113/><V46/><F46/><W131/><G131/><T92/><D6/><U63/><E61/><V30/><F30/><W93/><G51/><T94/><D28/><U73/><E73/><V39/><F39/><W21/><G56/><T26/><D59/><U101/><E101/><V68/><F68/><AGARI ba="0,1" hai="50,54,55,57,58,63,68,69,71,108,111" m="47146" machi="68" ten="30,3900,0" yaku="13,1,34,2" doraHai="115" who="1" fromWho="2" sc="260,0,250,49,230,-39,250,0" /><INIT seed="3,0,0,0,4,70" ten="260,299,191,250" oya="3" hai0="54,9,110,59,76,51,80,115,133,40,33,63,84" hai1="3,74,123,109,114,86,22,16,43,15,45,13,17" hai2="11,102,18,91,104,61,96,36,66,39,81,32,56" hai3="125,120,27,42,7,83,98,48,49,112,37,89,60"/><W12/><G112/><T69/><D115/><U34/><E114/><V5/><F18/><W128/><G120/><T101/><D33/><U107/><E74/><V52/><F32/><W99/><G128/><T24/><D133/><U19/><E34/><V57/><F91/><W90/><G125/><T8/><D110/><U94/><E3/><V6/><F81/><W132/><G132/><T23/><D101/><U113/><E107/><V134/><F134/><W122/><G122/><T20/><D20/><U75/><E75/><V2/><REACH who="2" step="1"/><F6/><REACH who="2" ten="260,299,181,250" step="2"/><W129/><G129/><T38/><D24/><U29/><E113/><V46/><F46/><W4/><G27/><T64/><D23/><U77/><E123/><V73/><F73/><W121/><G121/><T85/><D85/><U95/><E22/><V88/><F88/><W130/><G130/><T62/><D62/><AGARI ba="0,1" hai="2,5,11,36,39,52,56,57,61,62,66,96,102,104" machi="62" ten="30,8000,1" yaku="1,1,7,1,52,2,54,1,53,0" doraHai="70" doraHaiUra="14" who="2" fromWho="0" sc="260,-80,299,0,181,90,250,0" /><INIT seed="4,0,0,4,3,128" ten="180,299,271,250" oya="0" hai0="133,118,2,125,86,57,46,55,123,71,38,51,103" hai1="76,9,10,18,68,59,73,41,39,116,47,90,7" hai2="4,61,95,89,119,58,124,37,83,110,45,113,14" hai3="23,25,93,26,91,98,56,0,131,70,120,104,35"/><T21/><D118/><U62/><E116/><V42/><F113/><W100/><G0/><T17/><D123/><U107/><E107/><V3/><F124/><W5/><G70/><T24/><D125/><U19/><E68/><V102/><F110/><W94/><G131/><T135/><D2/><N who="1" m="247" /><E90/><V66/><F119/><W64/><G120/><T13/><D71/><U108/><E10/><V78/><F102/><W111/><G111/><T75/><D75/><U85/><E85/><V33/><F33/><W11/><G35/><T80/><D103/><U40/><E40/><V22/><F3/><W84/><G11/><T130/><D130/><U69/><E69/><V109/><F109/><W81/><G5/><T32/><D38/><U49/><E49/><V77/><F4/><W106/><G81/><T96/><D96/><U36/><E39/><V1/><F83/><W74/><G74/><T63/><D32/><U12/><E12/><V97/><F1/><W115/><G26/><T132/><D13/><U6/><E6/><V114/><F114/><W122/><G115/><T54/><D86/><U30/><E30/><V127/><F127/><W16/><G122/><T88/><D80/><N who="1" m="45071" /><E108/><V87/><F87/><W101/><G101/><T112/><D112/><U31/><E31/><V28/><REACH who="2" step="1"/><F14/><REACH who="2" ten="180,299,261,250" step="2"/><W67/><G106/><T82/><D82/><U134/><E134/><V72/><F72/><W53/><G104/><T27/><D88/><U34/><E34/><V126/><F126/><W60/><AGARI ba="0,1" hai="16,23,25,53,56,60,64,67,84,91,93,94,98,100" machi="60" ten="20,5200,0" yaku="0,1,7,1,8,1,54,1" doraHai="128" who="3" fromWho="3" sc="180,-26,299,-13,261,-13,250,62" owari="154,-34.6,286,8.6,248,-15.2,312,41.2" /></mjloggm>