<mjloggm ver="2.3"><GO type="225" lobby="0"/><UN n0="%E3%81%BF%E3%81%BF%E3%81%9A" n1="%E8%A8%88%E7%AE%97%E6%A9%9F%E8%87%AA%E7%84%B6" n2="%E6%97%A5%E6%9B%9C%E6%97%A5%E3%82%88%E3%82%8A%E3%81%AE%E4%BD%BF%E8%80%85" n3="%E5%B8%86%E7%AB%8B%E5%A4%8F%E8%A1%A3" dan="17,17,17,16" rate="2163.88,2234.60,2144.72,2066.70" sx="M,M,M,M"/><TAIKYOKU oya="0"/><INIT seed="0,0,0,0,3,94" ten="250,250,250,250" oya="0" hai0="87,88,54,45,15,57,31,55,0,131,95,66,23" hai1="8,120,61,68,2,11,20,115,52,123,51,26,73" hai2="96,134,127,24,37,106,93,69,17,47,97,90,85" hai3="84,53,65,43,22,130,67,60,118,30,109,64,59"/><T76/><D131/><U40/><E73/><V124/><F69/><W103/><G118/><T29/><D0/><U129/><E129/><V10/><F134/><W128/><G109/><T70/><D70/><U42/><E115/><V133/><F133/><W82/><G43/><T86/><D66/><U75/><E75/><V105/><F47/><W113/><G113/><T74/><D74/><U112/><E112/><V25/><F37/><W107/><G30/><T92/><D45/><U46/><E68/><V99/><F10/><W19/><G107/><N who="2" m="40969" /><F17/><W9/><G9/><T132/><D132/><U16/><E8/><V100/><F100/><W33/><G103/><T119/><D119/><U117/><E117/><V83/><F83/><W80/><G80/><N who="0" m="47367" /><D95/><U63/><E40/><V38/><F38/><W114/><G33/><T5/><D54/><U102/><E102/><V36/><F36/><W41/><G41/><T35/><D35/><U7/><REACH who="1" step="1"/><E42/><REACH who="1" ten="250,240,250,250" step="2"/><V28/><F28/><W58/><G114/><T14/><D5/><U48/><E48/><V91/><F91/><N who="3" m="51607" /><G130/><T56/><D31/><U77/><E77/><V50/><F50/><N who="3" m="31031" /><G128/><T71/><D71/><U39/><E39/><V111/><F111/><W135/><G135/><T32/><D32/><U21/><E21/><V44/><F44/><W27/><AGARI ba="0,1" hai="19,22,27,59,60,64,65,67" m="31031,51607" machi="27" ten="30,1100,0" yaku="8,1" doraHai="94" who="3" fromWho="3" sc="250,-5,240,-3,250,-3,250,21" /><INIT seed="1,0,0,3,4,49" ten="245,237,247,271" oya="1" hai0="122,102,57,119,60,135,104,117,39,59,73,91,133" hai1="5,131,11,37,26,88,67,127,80,43,93,55,46" hai2="15,61,66,34,18,12,123,124,68,90,110,35,114" hai3="44,87,24,32,33,106,112,111,36,6,107,96,19"/><U74/><E131/><V21/><F123/><W4/><G112/><T125/><D73/><U92/><E127/><V69/><F124/><W52/><G111/><T130/><D125/><U85/><E67/><V71/><F110/><W72/><G72/><T3/><D3/><U86/><E74/><V58/><F114/><W50/><G36/><T20/><D39/><U84/><E26/><V89/><REACH who="2" step="1"/><F12/><REACH who="2" ten="245,237,237,271" step="2"/><W41/><G33/><AGARI ba="0,1" hai="15,18,21,33,34,35,58,61,66,68,69,71,89,90" machi="33" ten="50,8000,1" yaku="1,1,2,1,53,3" doraHai="49" doraHaiUra="31" who="2" fromWho="3" sc="245,0,237,0,237,90,271,-80" /><INIT seed="2,0,0,0,5,89" ten="245,237,327,191" oya="2" hai0="18,7,96,65,102,87,71,1,101,8,31,54,94" hai1="37,58,5,97,66,74,135,10,99,26,15,108,48" hai2="100,86,32,124,110,103,80,85,28,134,106,129,22" hai3="111,93,79,82,116,14,16,43,117,47,98,133,120"/><V57/><F32/><W55/><G111/><T95/><D31/><U127/><E37/><V67/><F67/><W64/><G133/><T38/><D38/><U119/><E119/><V2/><F57/><W23/><G120/><T9/><D54/><U59/><E74/><V114/><F22/><W121/><G121/><T29/><D29/><U123/><E123/><V84/><F28/><W12/><G64/><T60/><D87/><N who="2" m="33354" /><F2/><W39/><G55/><T49/><D49/><U44/><E108/><V45/><F45/><W21/><G82/><T41/><D41/><U128/><E128/><V112/><F110/><W20/><G79/><T68/><D68/><U72/><E72/><V81/><F106/><W83/><G83/><N who="2" m="31817" /><F134/><W125/><G125/><T27/><D9/><U61/><E127/><V4/><F4/><W131/><G131/><T33/><D33/><U30/><E58/><V70/><F70/><W3/><G3/><T105/><REACH who="0" step="1"/><D102/><REACH who="0" ten="235,237,327,191" step="2"/><U126/><E135/><V63/><F103/><W113/><G113/><T19/><D19/><U109/><E109/><V69/><F100/><W107/><G107/><T75/><D75/><U104/><E104/><V36/><F36/><W62/><G62/><T35/><D35/><N who="1" m="20951" /><E126/><V24/><F124/><W42/><G42/><T130/><D130/><U91/><E91/><V90/><F129/><W76/><G76/><T6/><D6/><U53/><E61/><V13/><F63/><W122/><G122/><T50/><D50/><N who="1" m="28871" /><E66/><V132/><F132/><W46/><G46/><T52/><D52/><N who="1" m="32135" /><E5/><V0/><F69/><W88/><G23/><AGARI ba="0,1" hai="1,7,8,18,23,27,60,65,71,94,95,96,101,105" machi="23" ten="40,8000,1" yaku="1,1,6,1,52,2,53,0" doraHai="89" doraHaiUra="40" who="0" fromWho="3" sc="235,90,237,0,327,0,191,-80" /><INIT seed="3,0,0,3,1,25" ten="325,237,327,111" oya="3" hai0="125,100,124,15,53,87,102,33,27,1,61,52,122" hai1="68,59,117,89,22,2,63,43,79,127,110,34,132" hai2="17,74,40,118,116,70,31,13,75,73,42,56,129" hai3="72,26,99,0,98,121,36,103,21,39,14,51,10"/><W101/><G121/><T113/><D122/><U134/><E34/><V88/><F70/><W81/><G0/><T45/><D1/><U12/><E2/><V80/><F31/><W57/><G72/><T109/><D113/><U38/><E79/><V58/><F118/><W128/><G128/><T7/><D109/><U84/><E110/><V77/><F116/><W115/><G115/><T71/><D87/><U54/><E117/><V93/><F75/><W62/><G81/><T119/><D119/><U83/><E127/><N who="0" m="48713" /><D27/><U3/><E3/><V123/><F74/><W48/><G39/><T4/><D33/><U114/><E114/><V30/><F30/><N who="3" m="17743" /><G36/><T120/><D120/><U64/><E12/><V135/><F135/><W18/><G99/><T96/><D15/><U108/><E22/><V65/><F123/><W9/><G9/><T37/><D71/><U29/><E108/><V78/><F78/><W11/><G11/><T49/><D37/><U67/><E29/><V23/><F129/><W46/><G98/><T69/><D102/><N who="3" m="38921" /><G46/><T94/><D69/><U131/><E131/><V16/><F17/><W86/><G86/><T91/><D100/><U55/><E132/><V44/><F44/><W82/><G82/><T97/><D96/><U90/><E134/><V133/><F133/><W85/><G85/><T66/><D66/><AGARI ba="0,0" hai="10,14,18,48,51,57,62,66" m="38921,17743" machi="66" ten="30,2900,0" yaku="8,1,52,1" doraHai="25" who="3" fromWho="0" sc="325,-29,237,0,327,0,111,29" /><INIT seed="3,1,0,5,0,12" ten="296,237,327,140" oya="3" hai0="127,14,112,103,37,30,20,92,135,34,133,16,78" hai1="31,107,99,63,10,95,7,1,122,104,28,80,77" hai2="45,15,74,85,35,75,125,6,21,97,128,83,81" hai3="93,50,87,43,42,71,110,102,40,73,33,113,4"/><W46/><G113/><T101/><D37/><U0/><E122/><V116/><F35/><W17/><G73/><T51/><D112/><U91/><E0/><V48/><F116/><W100/><G71/><T84/><D127/><U66/><E104/><V94/><F125/><W109/><G33/><T65/><D65/><U2/><E2/><V117/><F117/><W130/><G4/><T69/><D69/><U132/><E132/><N who="0" m="50761" /><D51/><U96/><E99/><V124/><F124/><W9/><G130/><T53/><D53/><U89/><E91/><N who="2" m="55519" /><F128/><W8/><G87/><T24/><D92/><U129/><E107/><V22/><F75/><W60/><G60/><T82/><AGARI ba="1,0" hai="14,16,20,24,30,34,78,82,84,101,103" m="50761" machi="82" ten="30,4000,0" yaku="20,1,52,1,54,1" doraHai="12" who="0" fromWho="0" sc="296,43,237,-11,327,-11,140,-21" owari="339,43.9,226,-17.4,316,11.6,119,-38.1" /></mjloggm>