<mjloggm ver="2.3"><GO type="225" lobby="0"/><UN n0="%E3%81%BF%E3%81%BF%E3%81%9A" n1="%E3%82%BC%E3%83%AB%E3%83%80%E3%81%AE%E4%BC%9D%E8%AA%AC" n2="%33%74%72%65%65" n3="%E5%A4%9C%E5%85%89%E5%A4%A9%E6%A5%BC" dan="18,17,16,17" rate="2233.48,2240.56,2179.10,2174.97" sx="M,M,F,M"/><TAIKYOKU oya="0"/><INIT seed="0,0,0,1,5,31" ten="250,250,250,250" oya="0" hai0="61,52,5,122,73,92,18,49,111,72,79,133,46" hai1="131,36,28,82,123,89,76,37,22,110,101,98,85" hai2="55,62,32,104,135,1,38,102,71,88,103,70,47" hai3="23,6,84,118,17,95,25,60,74,53,65,10,13"/><T54/><D122/><U40/><E123/><V68/><F135/><W64/><G74/><T30/><D133/><U117/><E117/><V106/><F1/><W130/><G130/><T63/><D5/><U80/><E110/><V34/><F62/><W19/><G118/><T20/><D30/><U83/><E131/><V50/><F38/><W124/><G124/><T2/><D2/><U134/><E134/><V105/><REACH who="2" step="1"/><F88/><REACH who="2" ten="250,250,240,250" step="2"/><N who="3" m="53639" /><G53/><T69/><D111/><U14/><E89/><V97/><F97/><W125/><G125/><T42/><D54/><U29/><E98/><V132/><F132/><W35/><G60/><T7/><D63/><U94/><E37/><V45/><F45/><W43/><G43/><T26/><D69/><U48/><E36/><V119/><F119/><W21/><G35/><AGARI ba="0,1" hai="32,34,35,47,50,55,68,70,71,102,103,104,105,106" machi="35" ten="50,12000,2" yaku="1,1,26,2,52,3,53,1" doraHai="31" doraHaiUra="44" who="2" fromWho="3" sc="250,0,250,0,240,130,250,-120" /><INIT seed="1,0,0,5,5,104" ten="250,250,370,130" oya="1" hai0="135,83,99,38,24,79,80,108,132,120,61,46,93" hai1="1,35,84,71,4,37,12,131,91,124,90,118,106" hai2="107,134,82,130,55,25,62,11,52,76,78,122,95" hai3="31,54,27,100,111,97,3,49,59,129,56,103,67"/><U88/><E118/><V18/><F107/><W121/><G121/><T16/><D120/><U117/><E117/><V26/><F122/><W60/><G111/><T115/><D115/><U123/><E106/><V116/><F116/><W51/><G129/><T13/><D108/><U86/><E123/><V40/><F40/><W0/><G51/><T33/><D61/><U7/><E71/><V19/><F134/><N who="0" m="51242" /><D24/><U72/><E35/><V81/><F62/><W101/><REACH who="3" step="1"/><G97/><REACH who="3" ten="250,250,370,120" step="2"/><T2/><D38/><U98/><E37/><V65/><F130/><W50/><G50/><T125/><D125/><U112/><E1/><V110/><F110/><W68/><G68/><T114/><D2/><U87/><E131/><V73/><F65/><W8/><G8/><T22/><D114/><U74/><E112/><V58/><F11/><W17/><G17/><T32/><D46/><U28/><E124/><V109/><F109/><W30/><G30/><T34/><D79/><U43/><E28/><V44/><F44/><W23/><AGARI ba="0,1" hai="0,3,23,27,31,49,54,56,59,60,67,100,101,103" machi="23" ten="30,2000,0" yaku="1,1,0,1,53,0" doraHai="104" doraHaiUra="102" who="3" fromWho="3" sc="250,-5,250,-10,370,-5,120,30" /><INIT seed="2,0,0,5,0,13" ten="245,240,365,150" oya="2" hai0="4,108,58,11,8,94,81,74,17,37,30,21,80" hai1="122,47,9,78,55,15,90,1,32,3,99,79,124" hai2="42,104,113,46,29,88,36,129,60,2,66,56,70" hai3="105,48,117,96,109,106,68,115,95,135,20,114,92"/><V101/><F113/><N who="3" m="43019" /><G68/><T91/><D37/><U19/><E32/><V118/><F118/><W128/><G117/><T18/><D108/><U24/><E124/><V14/><F2/><W76/><G48/><T134/><D134/><U132/><E132/><V6/><F129/><W103/><G135/><T98/><D74/><U38/><E122/><V23/><F101/><W45/><G45/><T72/><D72/><U69/><E69/><V31/><F104/><N who="3" m="40043" /><G20/><T71/><D71/><U120/><E120/><V41/><F41/><W93/><G109/><T62/><D30/><U111/><E111/><V44/><F44/><W27/><G27/><N who="0" m="14767" /><D4/><U26/><E1/><V85/><F70/><W63/><G63/><T25/><D8/><U33/><E3/><V22/><F6/><W89/><G76/><N who="1" m="29226" /><E33/><V59/><F60/><W131/><G89/><T119/><D119/><U123/><E38/><V16/><F88/><W65/><G65/><N who="0" m="39127" /><D11/><U12/><E123/><V121/><F36/><W54/><G54/><T75/><D75/><U130/><E55/><V116/><F121/><W83/><G83/><T127/><D127/><U125/><E125/><V57/><F116/><W102/><G102/><T49/><D49/><U86/><E9/><V64/><F23/><AGARI ba="0,0" hai="18,23,25,80,81,91,94,98" m="39127,14767" machi="23" ten="30,3900,0" yaku="8,1,52,2" doraHai="13" who="0" fromWho="2" sc="245,39,240,0,365,-39,150,0" /><INIT seed="3,0,0,3,5,63" ten="284,240,326,150" oya="3" hai0="40,102,14,86,101,77,30,79,44,45,115,28,27" hai1="91,22,80,95,70,106,75,112,18,48,59,65,57" hai2="7,111,133,2,87,82,129,73,56,108,42,130,99" hai3="96,88,36,116,126,135,74,11,16,125,121,97,122"/><W85/><G74/><T64/><D115/><U131/><E112/><V105/><F73/><W117/><G36/><T37/><D14/><U83/><E106/><V110/><F133/><W113/><G135/><T69/><D86/><U81/><E75/><V26/><F42/><W25/><G11/><T10/><D10/><U134/><E131/><N who="2" m="50187" /><F7/><W52/><G52/><T58/><D69/><U35/><E35/><V124/><F2/><W76/><G76/><T3/><D3/><U47/><E70/><V51/><F26/><W43/><G43/><T123/><D123/><N who="3" m="47113" /><G16/><T55/><D55/><U103/><E81/><V61/><F51/><W4/><G4/><T17/><D17/><U53/><E59/><V62/><F56/><W9/><G9/><T92/><D58/><U104/><E18/><V31/><F108/><W29/><G29/><T100/><D44/><U67/><E22/><V78/><F31/><W119/><G25/><T13/><D13/><U128/><E91/><V49/><F49/><W118/><N who="3" m="29696" /><DORA hai="66" /><W21/><G21/><T71/><D30/><U90/><E95/><V39/><F39/><W5/><G5/><T109/><D109/><U34/><E53/><V127/><F110/><W54/><G54/><T93/><D77/><U6/><E6/><V46/><F111/><W89/><G113/><T33/><REACH who="0" step="1"/><D79/><REACH who="0" ten="274,240,326,150" step="2"/><U68/><E47/><V8/><F46/><W19/><G19/><T15/><D15/><U60/><E57/><V12/><F12/><W132/><G132/><T72/><D72/><U23/><E134/><V50/><F78/><W1/><G1/><RYUUKYOKU ba="0,1" sc="274,30,240,-10,326,-10,150,-10" hai0="27,28,33,37,40,45,64,71,92,93,100,101,102" owari="304,10.4,230,-17.0,326,42.6,140,-36.0" /></mjloggm>