<mjloggm ver="2.3"><GO type="225" lobby="0"/><UN n0="%E3%82%BC%E3%83%AB%E3%83%80%E3%81%AE%E4%BC%9D%E8%AA%AC" n1="%E6%98%93%E5%88%A9%E8%96%A9%E4%BC%AF" n2="%E3%82%B2%E3%82%B9%E8%8C%82%E5%8B%9D" n3="%E3%81%A8%E3%82%93%E3%81%A8%E3%81%93%E3%81%A8%E3%82%93" dan="17,16,16,16" rate="2137.06,2063.54,2080.48,2130.21" sx="M,F,F,F"/><TAIKYOKU oya="0"/><INIT seed="0,0,0,2,2,67" ten="250,250,250,250" oya="0" hai0="18,123,135,60,37,128,74,103,66,35,118,61,69" hai1="94,25,119,79,125,83,96,29,12,31,52,62,34" hai2="91,58,124,28,129,84,102,132,90,63,105,53,15" hai3="65,110,48,43,99,4,116,40,109,89,22,45,41"/><T50/><D118/><U44/><E125/><V112/><F124/><W36/><G4/><T8/><D123/><U16/><E119/><V32/><F129/><W121/><G116/><T133/><D37/><U9/><E31/><V104/><F132/><N who="0" m="50762" /><D128/><U7/><E7/><V97/><F112/><W122/><G22/><T86/><D74/><U80/><E79/><V93/><F15/><W11/><G11/><T47/><D35/><U3/><E3/><V117/><F117/><W77/><G77/><T42/><D61/><U95/><E95/><V73/><F73/><W2/><G2/><T115/><D115/><U17/><E17/><V126/><F126/><W70/><G89/><T57/><D103/><U39/><E39/><V100/><F100/><W59/><G99/><T19/><D8/><U130/><E130/><V33/><F28/><W134/><G134/><T14/><D86/><U51/><REACH who="1" step="1"/><E62/><REACH who="1" ten="250,240,250,250" step="2"/><V107/><REACH who="2" step="1"/><F90/><AGARI ba="0,1" hai="9,12,16,25,29,34,44,51,52,80,83,90,94,96" machi="90" ten="30,8000,1" yaku="1,1,2,1,7,1,54,2,53,0" doraHai="67" doraHaiUra="82" who="1" fromWho="2" sc="250,0,240,90,250,-80,250,0" /><INIT seed="1,0,0,2,4,119" ten="250,330,170,250" oya="1" hai0="44,18,67,91,36,93,133,68,59,2,10,62,122" hai1="105,41,100,45,40,77,70,43,5,83,46,11,92" hai2="101,26,35,49,107,127,37,22,85,126,32,28,96" hai3="63,47,84,42,118,15,124,123,131,97,89,60,8"/><U86/><E70/><V114/><F37/><W87/><G118/><T56/><D133/><U98/><REACH who="1" step="1"/><E105/><REACH who="1" ten="250,320,170,250" step="2"/><V48/><F114/><W16/><G124/><N who="2" m="47657" /><F85/><W12/><G131/><T0/><D68/><U81/><E81/><V23/><F35/><W103/><G84/><T134/><D134/><U50/><E50/><AGARI ba="0,1" hai="22,23,26,28,32,48,49,50,96,101,107" m="47657" machi="50" ten="30,1000,0" yaku="18,1" doraHai="119" who="2" fromWho="1" sc="250,0,320,-10,170,20,250,0" /><INIT seed="2,0,0,4,2,50" ten="250,310,190,250" oya="2" hai0="62,123,65,116,27,120,41,88,104,54,94,38,117" hai1="128,6,102,13,111,22,80,101,130,119,7,93,12" hai2="24,103,10,47,25,8,37,20,21,86,58,127,70" hai3="28,68,90,23,84,96,40,63,110,43,42,52,81"/><V18/><F70/><W36/><G110/><T106/><D27/><U15/><E119/><N who="0" m="45641" /><D41/><U5/><E93/><V134/><F134/><W39/><G96/><N who="0" m="57415" /><D38/><U113/><E80/><V115/><F127/><W79/><G68/><N who="0" m="42039" /><D54/><U100/><E111/><V0/><F115/><W44/><G39/><T126/><D126/><U19/><REACH who="1" step="1"/><E113/><REACH who="1" ten="250,300,190,250" step="2"/><V82/><F103/><W31/><G36/><T114/><D114/><U131/><AGARI ba="0,1" hai="5,6,7,12,13,15,19,22,100,101,102,128,130,131" machi="131" ten="40,12000,2" yaku="1,1,2,1,0,1,29,2,19,1,53,0" doraHai="50" doraHaiUra="66" who="1" fromWho="1" sc="250,-30,300,130,190,-60,250,-30" /><INIT seed="3,0,0,3,5,84" ten="220,430,130,220" oya="3" hai0="93,27,62,85,63,117,24,52,98,86,131,44,76" hai1="73,72,6,110,114,39,4,74,135,11,1,19,37" hai2="80,91,30,88,90,69,95,66,100,12,81,28,65" hai3="128,104,94,53,55,87,111,16,79,33,134,112,18"/><W125/><G112/><T77/><D117/><U56/><E114/><V41/><F41/><W42/><G104/><T127/><D127/><U126/><E110/><V43/><F43/><W57/><G33/><T119/><D119/><U3/><E56/><V9/><F69/><W130/><G134/><T75/><D131/><N who="3" m="50217" /><G125/><T103/><D75/><U99/><E126/><V60/><F100/><W35/><G35/><T8/><D8/><U124/><E124/><V47/><F47/><W17/><G111/><T102/><D44/><U40/><E135/><V21/><F95/><W15/><G42/><T89/><D102/><U121/><E121/><V20/><F60/><N who="0" m="23082" /><D52/><N who="3" m="20041" /><G57/><T34/><D34/><U58/><E58/><V13/><F91/><N who="3" m="53631" /><G79/><N who="0" m="30283" /><D85/><U122/><E72/><V70/><F70/><W54/><N who="3" m="20049" /><W132/><DORA hai="31" /><G132/><T116/><D116/><U2/><E73/><V46/><F46/><W49/><G49/><T29/><D29/><U38/><E74/><V118/><REACH who="2" step="1"/><F9/><AGARI ba="0,0" hai="9,15,16,17,18" m="53631,20049,50217" machi="9" ten="40,12000,1" yaku="19,1,52,1,54,2" doraHai="84,31" who="3" fromWho="2" sc="220,0,430,0,130,-120,220,120" /><INIT seed="3,1,0,4,2,108" ten="220,430,10,340" oya="3" hai0="77,82,81,103,30,33,94,67,24,37,130,126,21" hai1="86,7,105,48,133,75,5,13,91,34,97,135,131" hai2="42,55,112,120,22,129,123,41,46,16,49,47,71" hai3="61,95,3,73,107,10,110,23,74,85,127,8,99"/><W68/><G127/><T117/><D37/><U84/><E75/><V78/><F78/><W66/><G110/><T52/><D117/><U11/><E34/><V87/><F87/><W90/><G23/><T113/><D126/><U59/><E131/><V100/><F100/><W96/><G10/><T25/><D130/><U1/><E1/><V43/><F16/><W64/><G66/><T121/><D121/><U9/><E59/><V0/><F0/><W35/><G35/><T26/><D67/><U122/><E48/><V4/><F4/><W6/><REACH who="3" step="1"/><G107/><REACH who="3" ten="220,430,10,330" step="2"/><T65/><D65/><U60/><E105/><V56/><F22/><W106/><G106/><T70/><D21/><U32/><E32/><V76/><F76/><W80/><G80/><T119/><D82/><U72/><E11/><V17/><F17/><W124/><G124/><T132/><D33/><U39/><E9/><V36/><F129/><W27/><G27/><T114/><D25/><U58/><E7/><V128/><F128/><W134/><G134/><T125/><D132/><U89/><E5/><V54/><F71/><W118/><G118/><T109/><D70/><U53/><E135/><V98/><F98/><AGARI ba="1,1" hai="3,6,8,61,64,68,73,74,85,90,95,96,98,99" machi="98" ten="40,2000,0" yaku="1,1,53,0" doraHai="108" doraHaiUra="14" who="3" fromWho="2" sc="220,0,430,0,10,-23,330,33" owari="220,-18.0,430,53.0,-13,-51.3,363,16.3" /></mjloggm>