<mjloggm ver="2.3"><GO type="225" lobby="0"/><UN n0="%4C%4F%4C%49%54%41" n1="%E3%82%B2%E3%82%B9%E8%8C%82%E5%8B%9D" n2="%E8%B6%85%E7%B4%9A%E9%B3%B3%E5%87%B0" n3="%33%74%72%65%65" dan="16,16,16,16" rate="2196.88,2071.84,2116.76,2082.30" sx="F,F,M,F"/><TAIKYOKU oya="0"/><INIT seed="0,0,0,1,3,125" ten="250,250,250,250" oya="0" hai0="95,49,26,86,123,129,46,39,40,68,33,13,83" hai1="100,19,106,31,94,18,130,52,92,4,105,109,61" hai2="90,79,119,112,7,80,77,54,67,6,35,23,2" hai3="107,111,11,10,108,17,117,43,36,72,24,133,15"/><T44/><D123/><U126/><E126/><V110/><F112/><W25/><G107/><T62/><D95/><U3/><E31/><V115/><F115/><W103/><G103/><T20/><D33/><U91/><E109/><N who="3" m="42058" /><G72/><T51/><D13/><U8/><E100/><V41/><F110/><W114/><G114/><T82/><D129/><U32/><E32/><V58/><F35/><W28/><G43/><T64/><D46/><U84/><E130/><V127/><F127/><W60/><G60/><T59/><D68/><U102/><E94/><V81/><F119/><W85/><G85/><T42/><D42/><U88/><E91/><V21/><F41/><W30/><G36/><T63/><D63/><U48/><E61/><V116/><F116/><W53/><G53/><T12/><D12/><U27/><E27/><N who="3" m="10314" /><G117/><T75/><D75/><U89/><E89/><V70/><F90/><W56/><G56/><T76/><REACH who="0" step="1"/><D82/><REACH who="0" ten="240,250,250,250" step="2"/><U47/><REACH who="1" step="1"/><E106/><REACH who="1" ten="240,240,250,250" step="2"/><V122/><F122/><W29/><G133/><T34/><D34/><U14/><E14/><V96/><F2/><W9/><AGARI ba="0,2" hai="9,10,11,15,17,28,29,30" m="10314,42058" machi="9" ten="40,5200,0" yaku="14,1,34,2" doraHai="125" who="3" fromWho="3" sc="240,-26,240,-13,250,-13,250,72" /><INIT seed="1,0,0,5,5,78" ten="214,227,237,322" oya="1" hai0="120,11,25,82,88,64,4,104,121,45,29,44,115" hai1="9,112,77,46,31,12,71,133,69,99,131,103,80" hai2="114,125,24,68,23,135,75,6,21,84,106,70,86" hai3="119,54,113,85,98,94,22,89,15,63,72,2,62"/><U56/><E112/><V19/><F75/><W74/><G113/><T48/><D104/><U18/><E133/><V28/><F114/><W3/><G119/><T91/><D115/><U37/><E131/><V35/><F106/><W51/><G72/><T59/><D64/><U67/><E31/><V129/><F129/><W87/><G74/><T42/><D59/><U96/><E56/><V41/><F135/><W76/><G2/><T66/><D66/><U117/><E117/><V43/><F125/><W55/><G3/><T73/><D45/><U20/><E20/><V107/><F107/><W47/><G54/><T57/><D57/><U40/><E67/><V30/><F24/><W127/><G127/><T111/><D111/><U90/><E90/><V122/><F6/><W13/><G87/><N who="0" m="50295" /><D91/><U32/><E32/><V100/><F35/><W109/><G109/><T79/><D79/><U95/><REACH who="1" step="1"/><E99/><REACH who="1" ten="214,217,237,322" step="2"/><V61/><F70/><W123/><G98/><T36/><D29/><U81/><E81/><V101/><F68/><W134/><G134/><T26/><D120/><U128/><E128/><V58/><F122/><W110/><G22/><T118/><D121/><U124/><E124/><V1/><F58/><W49/><G123/><T7/><D118/><U126/><E126/><V34/><F34/><W10/><G89/><T16/><D44/><U65/><E65/><V14/><F23/><W132/><G47/><T97/><D97/><U38/><E38/><V39/><F21/><W102/><G132/><T8/><D36/><U53/><E53/><V17/><F39/><W52/><G55/><RYUUKYOKU ba="0,1" sc="214,-10,217,30,237,-10,322,-10" hai1="9,12,18,37,40,46,69,71,77,80,95,96,103" /><INIT seed="1,1,1,1,0,129" ten="204,247,227,312" oya="1" hai0="132,96,100,36,3,28,33,0,14,70,120,47,127" hai1="29,44,114,59,133,60,126,76,89,85,131,23,68" hai2="90,124,58,15,119,54,83,27,111,49,104,118,22" hai3="17,123,56,74,80,99,115,26,41,55,19,20,109"/><U101/><E114/><V106/><F111/><W34/><G109/><T50/><D36/><U82/><E68/><V53/><F124/><W94/><G115/><T62/><D127/><U63/><E126/><V52/><F15/><W48/><G123/><T21/><D120/><U16/><E131/><V51/><F104/><W117/><G117/><T92/><D33/><U66/><E29/><V121/><F106/><W79/><G34/><T130/><D130/><U11/><E11/><V113/><F121/><W93/><G41/><T18/><D28/><U72/><E101/><V102/><F102/><W38/><G38/><T103/><D100/><U125/><E125/><V77/><F90/><W64/><G64/><T30/><D30/><U40/><E63/><V43/><F43/><W67/><G67/><T6/><D6/><U86/><E89/><V32/><F32/><W42/><G42/><T7/><D7/><U134/><E44/><V95/><F95/><W107/><G107/><T112/><D112/><U45/><E45/><V35/><F35/><W81/><G99/><T105/><D132/><N who="1" m="50795" /><E40/><V110/><F113/><W24/><G56/><T8/><D8/><U135/><N who="1" m="50803" /><U69/><DORA hai="37" /><E69/><V75/><F110/><W87/><G79/><T78/><D78/><U128/><E128/><V31/><REACH who="2" step="1"/><F58/><REACH who="2" ten="204,247,217,312" step="2"/><W10/><G10/><T84/><D105/><U9/><E9/><V57/><F57/><W13/><G20/><T4/><D103/><U61/><E61/><V2/><F2/><W5/><G5/><T65/><D4/><U71/><E59/><V91/><F91/><RYUUKYOKU ba="1,2" sc="204,-15,247,15,217,15,312,-15" hai1="16,23,60,66,71,72,76,82,85,86" hai2="22,27,31,49,51,52,53,54,75,77,83,118,119" /><INIT seed="1,2,2,1,2,5" ten="189,262,232,297" oya="1" hai0="46,25,102,61,26,24,93,88,78,2,107,109,133" hai1="53,9,126,104,19,47,23,37,35,68,95,83,52" hai2="31,130,11,135,56,54,71,22,7,51,6,20,49" hai3="41,62,65,122,39,79,55,16,91,67,111,73,10"/><U117/><E104/><V42/><F71/><W131/><G122/><T108/><D2/><U94/><E35/><V3/><F130/><W0/><G131/><T81/><D133/><U72/><E117/><V110/><F135/><W132/><G132/><T17/><D107/><U18/><E68/><V97/><F110/><N who="0" m="42602" /><D102/><U29/><E29/><V14/><F6/><N who="3" m="1351" /><G91/><T92/><D61/><U40/><E126/><V75/><F75/><W98/><G98/><N who="0" m="57607" /><D93/><U58/><E53/><V125/><F125/><W116/><G55/><T89/><D46/><U85/><E72/><V120/><F120/><W15/><G62/><T119/><D89/><U48/><E83/><V74/><F74/><W27/><G116/><T1/><D1/><U129/><E129/><V28/><F97/><W45/><G111/><T100/><D100/><U66/><E66/><V77/><F77/><W43/><G65/><T4/><D4/><U44/><E47/><N who="2" m="25847" /><F3/><W114/><G67/><T134/><D134/><U50/><E37/><V113/><F113/><W57/><G114/><T124/><D119/><U84/><E85/><V106/><F106/><W34/><G39/><T96/><D96/><U127/><E84/><V86/><F86/><W80/><G73/><N who="0" m="43215" /><D124/><U30/><E127/><V13/><F13/><W118/><G118/><T33/><D33/><U70/><E70/><V115/><F115/><W99/><G34/><T101/><D101/><U60/><E95/><V82/><F82/><W128/><G80/><T121/><D121/><U105/><E94/><V8/><F8/><N who="3" m="6247" /><G128/><T21/><AGARI ba="2,2" hai="17,21,24,25,26" m="43215,57607,42602" machi="21" ten="30,2000,0" yaku="14,1,54,1" doraHai="5" who="0" fromWho="0" sc="189,46,262,-12,232,-7,297,-7" /><INIT seed="2,0,0,0,0,122" ten="235,250,225,290" oya="2" hai0="100,36,80,9,90,86,14,134,126,30,16,48,111" hai1="96,13,7,47,46,127,83,73,41,45,10,116,23" hai2="89,34,43,25,53,35,114,119,91,59,70,106,110" hai3="97,68,77,22,17,3,72,85,8,92,88,11,124"/><V32/><F114/><W37/><G124/><T94/><D36/><U103/><E127/><V81/><F119/><W12/><G37/><T108/><D126/><U121/><E121/><V60/><F106/><W26/><G68/><T42/><D134/><U18/><E116/><V113/><F113/><W128/><G128/><T71/><D71/><U107/><E83/><V15/><F70/><W82/><G3/><T31/><D42/><U120/><E120/><V98/><F43/><W52/><G52/><T84/><D48/><U51/><REACH who="1" step="1"/><E73/><REACH who="1" ten="235,240,225,290" step="2"/><V102/><F81/><W27/><G72/><T24/><D100/><U78/><E78/><V39/><F102/><W133/><G133/><T4/><D4/><U58/><E58/><V62/><F59/><W131/><G131/><T66/><D80/><U40/><E40/><V69/><F69/><W20/><G26/><AGARI ba="0,1" hai="7,10,13,18,23,26,41,45,46,47,51,96,103,107" machi="26" ten="30,2000,0" yaku="1,1,7,1,53,0" doraHai="122" doraHaiUra="74" who="1" fromWho="3" sc="235,0,240,30,225,0,290,-20" /><INIT seed="3,0,0,2,4,81" ten="235,270,225,270" oya="3" hai0="109,97,12,77,59,86,42,89,68,123,72,103,53" hai1="73,122,23,1,45,50,41,115,52,13,92,15,3" hai2="100,113,21,36,66,85,51,74,96,24,88,18,112" hai3="132,58,44,116,108,20,106,31,93,40,26,60,10"/><W37/><G116/><T16/><D123/><U35/><E115/><V76/><F36/><W78/><G106/><T2/><D2/><U64/><E73/><V111/><F66/><W14/><G132/><T0/><D0/><U63/><E122/><V110/><F51/><W131/><G131/><T126/><D68/><U134/><E35/><V9/><F9/><W125/><G125/><T11/><D109/><N who="2" m="41482" /><F76/><W120/><G120/><T105/><D126/><U69/><E134/><V91/><F74/><W102/><G78/><T48/><D42/><U56/><E92/><N who="2" m="58375" /><F91/><W84/><G108/><T95/><D77/><U34/><E34/><V94/><AGARI ba="0,0" hai="18,21,24,85,88,94,112,113" m="58375,41482" machi="94" ten="30,4000,0" yaku="14,1,52,1,54,1" doraHai="81" who="2" fromWho="2" sc="235,-10,270,-10,225,40,270,-20" /><INIT seed="4,0,0,5,0,44" ten="225,260,265,250" oya="0" hai0="46,106,93,80,24,123,73,18,108,74,30,50,120" hai1="103,61,29,20,118,6,89,58,56,48,10,42,100" hai2="97,78,62,81,52,69,124,130,96,75,115,9,68" hai3="84,70,36,72,76,109,0,59,102,104,40,57,14"/><T94/><D106/><U34/><E118/><V31/><F115/><W101/><G70/><T121/><D108/><U5/><E34/><V128/><F124/><W79/><G0/><T13/><D93/><U11/><E89/><V27/><F9/><N who="1" m="3081" /><E29/><V41/><F41/><W47/><G109/><T125/><D125/><U88/><E20/><V64/><F68/><W91/><G14/><T23/><D94/><U17/><E17/><V122/><F122/><W112/><G112/><T119/><D80/><U77/><E77/><V7/><F7/><N who="1" m="2569" /><E88/><V133/><F133/><W98/><G76/><T63/><D63/><U53/><E42/><V83/><F83/><N who="3" m="45543" /><G101/><T3/><D3/><U43/><E43/><V28/><F28/><W82/><G82/><T116/><D119/><U38/><E38/><V25/><F27/><W66/><G91/><T87/><D87/><U39/><E39/><V55/><F96/><W1/><G84/><T21/><REACH who="0" step="1"/><D116/><REACH who="0" ten="215,260,265,250" step="2"/><U127/><E127/><V15/><F97/><W113/><G1/><T117/><D117/><U45/><E61/><V99/><F99/><W126/><G126/><T114/><D114/><U16/><E100/><V135/><F78/><W67/><G113/><T111/><D111/><U33/><E103/><V35/><F81/><W19/><G102/><T86/><D86/><U37/><E37/><V90/><F90/><W105/><G98/><T132/><D132/><U134/><E134/><V92/><F135/><W8/><G104/><T49/><D49/><U51/><E51/><V107/><F107/><W26/><G105/><T22/><D22/><RYUUKYOKU ba="0,1" sc="215,30,260,-10,265,-10,250,-10" hai0="13,18,21,23,24,30,46,50,73,74,120,121,123" /><INIT seed="4,1,1,0,4,66" ten="245,250,255,240" oya="0" hai0="77,108,61,88,63,109,96,27,45,51,118,97,48" hai1="56,121,116,131,92,120,126,20,3,134,13,113,35" hai2="38,18,11,125,25,111,84,39,72,128,29,34,107" hai3="114,135,42,104,36,37,31,98,2,90,17,127,87"/><T115/><D118/><U68/><RYUUKYOKU type="yao9" ba="1,1" sc="245,0,250,0,255,0,240,0" hai1="3,13,20,35,56,68,92,113,116,120,121,126,131,134" /><INIT seed="4,2,1,0,0,21" ten="245,250,255,240" oya="0" hai0="106,112,93,43,35,51,2,122,64,47,26,3,9" hai1="120,48,111,28,58,116,11,40,20,7,41,110,99" hai2="29,57,115,104,94,134,45,0,55,33,8,126,24" hai3="109,107,12,91,119,54,133,31,72,78,131,71,15"/><T44/><D106/><U101/><E116/><V81/><F104/><W61/><G31/><T56/><D122/><U113/><E120/><V50/><F115/><W52/><G107/><T22/><D35/><U95/><E113/><V76/><F126/><W17/><G119/><T103/><D112/><U16/><E28/><V74/><F94/><W53/><G109/><T13/><D47/><U25/><E40/><V108/><F134/><W4/><G4/><T89/><D103/><U82/><E82/><V96/><F96/><W63/><G133/><T73/><D73/><U34/><E34/><V130/><F130/><W62/><G131/><T69/><D69/><U46/><REACH who="1" step="1"/><E58/><REACH who="1" ten="245,240,255,240" step="2"/><V27/><F57/><W38/><G71/><T6/><D56/><U129/><E129/><V87/><F29/><W127/><G127/><T98/><REACH who="0" step="1"/><D64/><REACH who="0" ten="235,240,255,240" step="2"/><U114/><E114/><V1/><F33/><W68/><G68/><T100/><D100/><U49/><E49/><V80/><F50/><W65/><G65/><T128/><D128/><U86/><E86/><V30/><F87/><W75/><G63/><T77/><D77/><U132/><E132/><V5/><F76/><W79/><G62/><T97/><D97/><U70/><E70/><V23/><F74/><W32/><G61/><T124/><D124/><U85/><E85/><V105/><F45/><W14/><G75/><T59/><D59/><U66/><E66/><V83/><F105/><W117/><G72/><T67/><D67/><U135/><E135/><V37/><F37/><W42/><G78/><T19/><AGARI ba="2,3" hai="2,3,6,9,13,19,22,26,43,44,51,89,93,98" machi="19" ten="20,7800,0" yaku="1,1,0,1,7,1,52,1,53,0" doraHai="21" doraHaiUra="121" who="0" fromWho="0" sc="235,114,240,-28,255,-28,240,-28" owari="349,44.9,212,-18.8,227,2.7,212,-28.8" /></mjloggm>