<mjloggm ver="2.3"><GO type="225" lobby="0"/><UN n0="%65%2D%73%65%70%65%6E%3B" n1="%33%74%72%65%65" n2="%73%6C%69%63%6B%33%31%39" n3="%E3%81%95%E3%81%8D%E3%81%9F%E3%81%BE%E6%9E%97%E6%AA%8E" dan="17,17,17,16" rate="2142.20,2225.33,2186.90,2121.54" sx="M,F,M,M"/><TAIKYOKU oya="0"/><INIT seed="0,0,0,2,2,33" ten="250,250,250,250" oya="0" hai0="58,55,97,112,51,134,107,42,34,53,31,72,108" hai1="0,6,59,84,81,105,48,65,111,114,37,90,32" hai2="102,43,26,86,129,19,120,74,82,35,135,4,45" hai3="89,23,76,103,122,79,88,87,13,67,3,25,127"/><T64/><D72/><U46/><E111/><V69/><F120/><W80/><G127/><T2/><D112/><U44/><E114/><V29/><F69/><W61/><G122/><T49/><D42/><U131/><E131/><V27/><F129/><W63/><G3/><T5/><D64/><U99/><E32/><V50/><F135/><W41/><G41/><T126/><D134/><U73/><E37/><V100/><F74/><W52/><G103/><T91/><D126/><U28/><E28/><V130/><F4/><W113/><G113/><T38/><D38/><U20/><E20/><V123/><F123/><W14/><G67/><T98/><D107/><U7/><E73/><V94/><F94/><W17/><G89/><T119/><D119/><U1/><E7/><V96/><F130/><W40/><G40/><T21/><D34/><U10/><E1/><V16/><F26/><W124/><G124/><T12/><D91/><U71/><E71/><V109/><F109/><W60/><REACH who="3" step="1"/><G52/><REACH who="3" ten="250,250,250,240" step="2"/><T93/><D55/><U133/><E133/><V30/><F100/><W9/><G9/><T11/><D2/><U125/><E125/><V118/><F118/><W57/><G57/><T104/><D58/><U106/><E65/><V47/><F47/><W83/><G83/><T24/><D53/><N who="1" m="32167" /><E44/><V66/><F66/><W75/><G75/><T117/><D108/><U15/><E46/><V85/><F82/><W77/><AGARI ba="0,1" hai="13,14,17,23,25,60,61,63,76,77,79,80,87,88" machi="77" ten="30,7900,0" yaku="1,1,0,1,8,1,54,1,53,0" doraHai="33" doraHaiUra="128" who="3" fromWho="3" sc="250,-39,250,-20,250,-20,240,89" /><INIT seed="1,0,0,1,3,106" ten="211,230,230,329" oya="1" hai0="9,131,116,119,29,43,61,107,48,65,79,49,56" hai1="26,122,134,75,28,76,30,123,103,98,128,115,23" hai2="45,18,34,64,94,58,85,44,50,35,80,90,13" hai3="5,81,59,57,32,46,132,60,111,21,33,69,104"/><U7/><E115/><V127/><F127/><W86/><G111/><T54/><D107/><U72/><E128/><V135/><F135/><W102/><G132/><T2/><D79/><U124/><E134/><V118/><F118/><W36/><G5/><T92/><D29/><U110/><E124/><V53/><F35/><W130/><G130/><T4/><D131/><U22/><E110/><V93/><F34/><W11/><G11/><T16/><D43/><U1/><E76/><V108/><F108/><W73/><G69/><T114/><D114/><U10/><E23/><V84/><F64/><W20/><G86/><T109/><D109/><U15/><E28/><V99/><F85/><W101/><G46/><T41/><D41/><U17/><E122/><V96/><F94/><W19/><G81/><T91/><D49/><U77/><E77/><V39/><F39/><W133/><G133/><T47/><REACH who="0" step="1"/><D16/><REACH who="0" ten="201,230,230,329" step="2"/><U113/><E113/><V70/><F70/><W87/><G19/><T63/><D63/><U100/><E123/><V51/><F50/><W121/><G60/><T40/><D40/><U71/><E71/><V125/><F125/><W89/><G36/><T3/><D3/><U24/><E1/><V74/><F74/><W120/><G73/><T117/><D117/><U14/><E75/><V66/><F18/><W88/><G104/><T25/><D25/><N who="1" m="16695" /><E72/><V97/><F13/><W83/><G121/><T0/><D0/><U42/><E42/><V126/><F126/><W37/><G120/><T62/><D62/><U6/><E24/><V105/><F105/><W27/><G37/><RYUUKYOKU ba="0,1" sc="201,30,230,-10,230,-10,329,-10" hai0="2,4,9,47,48,54,56,61,65,91,92,116,119" /><INIT seed="2,1,1,3,0,72" ten="231,220,220,319" oya="2" hai0="100,39,127,38,79,120,133,44,108,37,135,110,74" hai1="130,112,4,29,134,55,47,106,56,0,94,1,111" hai2="102,98,105,3,88,28,8,118,128,61,80,122,35" hai3="43,7,132,90,33,97,93,34,16,50,12,126,5"/><V124/><F122/><W87/><G132/><N who="0" m="50763" /><D120/><U69/><E106/><V26/><F118/><W10/><G126/><T6/><D127/><U42/><E69/><V24/><F124/><W99/><G34/><T73/><D6/><N who="3" m="2057" /><G33/><T30/><D30/><U70/><E70/><V96/><F128/><W76/><G76/><T125/><D125/><U23/><E29/><V25/><F3/><W123/><G123/><T57/><D100/><U46/><E130/><V82/><F8/><W83/><G93/><T101/><D101/><U63/><E94/><V54/><F82/><W66/><G66/><T31/><D31/><U51/><E0/><V129/><F129/><W15/><G15/><T95/><D95/><U2/><E1/><V40/><F40/><W113/><G113/><T64/><D44/><AGARI ba="1,1" hai="10,12,16,43,44,50,83,87,90,97,99" m="2057" machi="44" ten="30,2000,0" yaku="8,1,54,1" doraHai="72" who="3" fromWho="0" sc="231,-23,220,0,220,0,319,33" /><INIT seed="3,0,0,5,4,29" ten="208,220,220,352" oya="3" hai0="76,53,17,18,96,106,102,59,82,25,63,57,117" hai1="4,98,32,116,47,64,108,6,31,126,61,88,42" hai2="26,129,8,119,120,113,97,128,110,62,44,28,93" hai3="33,19,12,2,38,7,134,72,40,34,23,9,124"/><W99/><G72/><T39/><D117/><U46/><E116/><V65/><F113/><W1/><G38/><T22/><D39/><U3/><E108/><V71/><F119/><W10/><G40/><T101/><D101/><U24/><E126/><V30/><F110/><W69/><G99/><T73/><REACH who="0" step="1"/><D59/><REACH who="0" ten="198,220,220,352" step="2"/><U130/><E130/><V54/><F120/><W77/><G124/><T84/><D84/><U78/><E98/><V83/><F83/><W36/><G69/><T75/><D75/><U68/><E68/><V94/><F8/><W15/><G36/><T79/><D79/><U121/><E78/><V51/><F30/><AGARI ba="0,1" hai="17,18,22,25,30,53,57,63,73,76,82,96,102,106" machi="30" ten="30,3900,0" yaku="1,1,7,1,53,1" doraHai="29" doraHaiUra="103" who="0" fromWho="2" sc="198,49,220,0,220,-39,352,0" owari="247,4.7,220,-18.0,181,-31.9,352,45.2" /></mjloggm>