<mjloggm ver="2.3"><GO type="225" lobby="0"/><UN n0="%E6%B0%B7%E5%B7%9D%E9%87%8C%E5%A5%88" n1="%E3%82%A2%E3%82%A4%E3%82%B9%E3%83%86%E3%82%A3%E3%83%BC%E3%81%82%E3%81%B9" n2="%E5%BA%83%E7%80%AC%E5%BA%B7%E4%B8%80" n3="%E3%83%97%E3%83%AC%E3%83%B4%E3%82%A1%E3%83%86%E3%82%A3" dan="16,16,16,16" rate="2119.48,2099.19,2119.27,2145.01" sx="F,M,M,F"/><TAIKYOKU oya="0"/><INIT seed="0,0,0,1,1,72" ten="250,250,250,250" oya="0" hai0="116,39,87,66,106,4,6,134,96,47,101,108,120" hai1="17,82,132,26,27,75,77,78,8,85,43,114,105" hai2="124,89,135,107,5,68,2,45,103,24,36,131,61" hai3="104,102,81,110,15,129,119,117,19,65,21,14,49"/><T22/><D116/><U42/><E105/><V34/><F89/><W11/><G110/><T109/><D120/><U76/><E132/><V86/><F86/><W64/><G129/><T125/><D134/><U58/><E75/><V48/><F36/><W130/><G130/><T10/><D125/><U9/><E114/><V67/><F135/><W55/><G117/><T35/><D35/><U31/><E58/><V73/><F73/><W113/><G113/><T93/><D66/><U122/><E122/><V51/><F45/><W62/><G119/><T46/><D22/><N who="1" m="15831" /><E27/><V38/><F38/><W69/><G65/><T128/><D128/><U29/><E29/><N who="2" m="19751" /><F124/><W25/><G81/><T54/><D6/><U83/><E83/><V94/><F94/><W57/><G104/><T13/><D39/><U40/><E17/><V56/><F56/><W18/><G102/><T111/><D54/><U99/><E99/><N who="2" m="61951" /><F131/><W41/><G41/><T53/><D53/><U50/><E50/><V52/><F52/><W127/><G127/><T100/><D100/><U23/><E23/><V97/><F97/><W70/><REACH who="3" step="1"/><G25/><REACH who="3" ten="250,250,250,240" step="2"/><T33/><D33/><U16/><E8/><AGARI ba="0,1" hai="2,5,8,48,51,61,67,68" m="61951,19751" machi="8" ten="30,1000,0" yaku="25,1" doraHai="72" who="2" fromWho="1" sc="250,0,250,-10,250,20,240,0" /><INIT seed="1,0,0,0,3,96" ten="250,240,270,240" oya="1" hai0="128,3,47,122,57,46,23,66,33,68,94,75,109" hai1="35,20,67,51,108,126,124,63,90,50,42,120,115" hai2="87,121,79,14,114,116,77,89,21,11,106,16,72" hai3="113,31,81,127,132,133,129,123,95,80,49,105,74"/><U134/><E120/><V112/><F116/><W1/><G1/><T130/><D33/><U97/><E115/><N who="2" m="44075" /><F121/><W86/><G113/><T37/><D68/><U65/><E35/><V101/><F72/><W41/><G123/><T88/><D122/><U78/><E134/><N who="3" m="51818" /><G31/><T82/><D3/><U10/><E108/><V4/><F106/><W52/><G41/><T28/><D109/><U111/><E111/><V19/><F19/><W91/><G127/><N who="1" m="48682" /><E78/><V107/><F107/><W48/><G48/><N who="1" m="18474" /><E42/><V76/><F101/><W84/><G129/><T2/><D37/><U59/><E10/><V8/><F4/><W135/><N who="3" m="51826" /><W73/><DORA hai="119" /><G105/><T102/><D130/><U12/><E12/><V26/><F14/><W34/><G34/><T29/><D128/><U85/><E20/><V22/><F22/><W54/><G54/><T18/><D2/><U58/><E97/><V103/><F103/><W92/><G52/><T118/><D118/><U30/><E30/><V98/><F98/><W70/><G70/><T15/><D29/><U5/><E5/><V125/><F125/><W24/><G49/><T55/><D28/><U36/><E36/><V43/><F43/><W104/><G104/><T61/><D55/><N who="1" m="34271" /><E59/><V62/><F8/><W7/><G7/><T117/><D117/><U25/><E25/><V17/><F11/><W100/><G24/><T83/><D102/><U110/><E110/><V39/><F39/><W64/><G100/><T53/><D53/><U60/><E60/><V93/><F62/><W131/><G131/><T0/><D0/><U71/><E71/><RYUUKYOKU ba="0,0" sc="250,-15,240,15,270,15,240,-15" hai1="65,67,85,90" hai2="16,17,21,26,76,77,79,87,89,93" /><INIT seed="1,1,0,3,3,11" ten="235,255,285,225" oya="1" hai0="73,36,120,92,112,54,5,119,44,62,60,70,63" hai1="37,49,83,79,72,53,69,110,86,46,7,28,18" hai2="65,104,75,2,98,1,32,107,45,16,6,20,132" hai3="96,64,35,99,31,128,22,17,123,51,130,68,26"/><U59/><E69/><V125/><F32/><W93/><G123/><T106/><D106/><U100/><E110/><V87/><F75/><W4/><G4/><T38/><D119/><U108/><E108/><V58/><F45/><W117/><G117/><T19/><D73/><U126/><E126/><V76/><F132/><W71/><G99/><T34/><D34/><U109/><E109/><V10/><F1/><W111/><G111/><T101/><D112/><U25/><E7/><V56/><F56/><W40/><G40/><T82/><D70/><U90/><E100/><V66/><F65/><W29/><G29/><T12/><D120/><U81/><E18/><V61/><F98/><W131/><G51/><T116/><D116/><U43/><E25/><V118/><F125/><W30/><G30/><T8/><D82/><U24/><E24/><V14/><REACH who="2" step="1"/><F118/><REACH who="2" ten="235,255,275,225" step="2"/><W48/><G64/><T0/><D44/><U135/><REACH who="1" step="1"/><E28/><REACH who="1" ten="235,245,275,225" step="2"/><V57/><F57/><W97/><G71/><T21/><D0/><U27/><E27/><V50/><F50/><W129/><G68/><T127/><D127/><U55/><E55/><V124/><F124/><W85/><G48/><T88/><D54/><U94/><E94/><V41/><F41/><W13/><G130/><T39/><D39/><U91/><E91/><AGARI ba="1,2" hai="13,17,22,26,31,35,85,91,93,96,97,128,129,131" machi="91" ten="40,2600,0" yaku="19,1,52,1" doraHai="11" who="3" fromWho="1" sc="235,0,245,-29,275,0,225,49" /><INIT seed="2,0,0,1,3,32" ten="235,216,275,274" oya="2" hai0="99,60,72,18,66,27,119,117,124,30,82,7,130" hai1="126,133,111,37,46,5,78,89,95,107,52,59,64" hai2="56,97,19,92,104,1,73,132,85,14,134,96,83" hai3="29,28,49,41,115,112,87,67,71,16,2,98,121"/><V76/><F104/><W8/><G121/><T10/><D124/><U54/><E107/><V105/><F105/><W125/><G98/><T69/><D130/><U36/><E126/><V100/><F1/><W63/><G125/><T38/><D18/><U12/><E111/><V103/><F56/><W0/><G87/><T91/><D38/><U79/><E133/><N who="2" m="51307" /><F19/><W120/><G120/><T90/><D99/><N who="2" m="37962" /><F14/><N who="3" m="7239" /><G41/><T116/><D82/><U6/><E37/><V86/><F92/><W80/><G49/><T109/><D72/><U102/><E36/><V4/><F4/><N who="1" m="1641" /><E102/><AGARI ba="0,0" hai="73,76,83,85,86,100,102,103" m="37962,51307" machi="102" ten="30,5800,0" yaku="20,1,34,2" doraHai="32" who="2" fromWho="1" sc="235,0,216,-58,275,58,274,0" /><INIT seed="2,1,0,2,5,35" ten="235,158,333,274" oya="2" hai0="22,64,95,74,101,76,1,3,58,107,30,48,113" hai1="130,19,120,127,31,7,121,43,13,34,65,63,25" hai2="122,17,33,40,23,110,82,102,5,39,2,85,134" hai3="135,62,124,118,123,16,92,99,60,67,10,57,81"/><V128/><F122/><N who="1" m="47209" /><E43/><V97/><F33/><W129/><G123/><T75/><D107/><U115/><E63/><V103/><F134/><W104/><G135/><T71/><D71/><U27/><E65/><V114/><F114/><W68/><G104/><T78/><D113/><U109/><E115/><V72/><F128/><W9/><G129/><T94/><D48/><U100/><E100/><V29/><F29/><W28/><G28/><T0/><D76/><U112/><E112/><V45/><F97/><W46/><G124/><T133/><D133/><U36/><E36/><V125/><F110/><W131/><G131/><T88/><D78/><U6/><E130/><V87/><F85/><W55/><G118/><T21/><D101/><U47/><E47/><V106/><F106/><W126/><G126/><T93/><D88/><U89/><E89/><V86/><F86/><W44/><G81/><T117/><D117/><U53/><E53/><V54/><F54/><W108/><G108/><T4/><D4/><N who="1" m="1579" /><E109/><V61/><F61/><W20/><G46/><T51/><D64/><U119/><E119/><V79/><F125/><W50/><G92/><T52/><REACH who="0" step="1"/><D30/><REACH who="0" ten="225,158,333,274" step="2"/><N who="1" m="19791" /><E127/><V132/><F132/><W73/><G99/><T49/><D49/><U105/><E105/><V18/><F102/><W42/><G73/><AGARI ba="1,1" hai="0,1,3,21,22,51,52,58,73,74,75,93,94,95" machi="73" ten="50,8000,1" yaku="1,1,52,3,54,1,53,0" doraHai="35" doraHaiUra="14" who="0" fromWho="3" sc="225,93,158,0,333,0,274,-83" /><INIT seed="3,0,0,5,3,119" ten="318,158,333,191" oya="3" hai0="29,33,16,88,11,79,113,63,117,31,126,44,135" hai1="114,106,109,10,46,128,27,45,42,51,67,82,70" hai2="7,17,41,116,23,122,21,71,57,77,24,53,20" hai3="62,107,102,81,65,36,0,69,72,125,123,134,19"/><W68/><G36/><T87/><D117/><U14/><E109/><V127/><F116/><W97/><G125/><T76/><D126/><U91/><E114/><V3/><F71/><N who="3" m="42423" /><G19/><T86/><D135/><U118/><E118/><V111/><F77/><N who="0" m="29770" /><D33/><U55/><E106/><V101/><F41/><W2/><G134/><T130/><D130/><U124/><E128/><V13/><F127/><W108/><G81/><N who="0" m="49231" /><D44/><U112/><E112/><V50/><F3/><N who="3" m="1067" /><G72/><T9/><D113/><U104/><E104/><V78/><F78/><W48/><G48/><T22/><D87/><U80/><E124/><V95/><F50/><W60/><G60/><T84/><D84/><U37/><E27/><V58/><F24/><W99/><G99/><T98/><D98/><U115/><E115/><V94/><F58/><W120/><G108/><T38/><D63/><U103/><E103/><V129/><F57/><W56/><G56/><T34/><D38/><U100/><E100/><V52/><F101/><W35/><G35/><T83/><D83/><U25/><E25/><V75/><F75/><W121/><AGARI ba="0,0" hai="68,69,97,102,107,120,121,123" m="1067,42423" machi="121" ten="40,12000,1" yaku="23,1,52,3" doraHai="119" who="3" fromWho="3" sc="318,-40,158,-40,333,-40,191,120" owari="278,-12.2,118,-38.2,293,9.3,311,41.1" /></mjloggm>