<mjloggm ver="2.3"><GO type="225" lobby="0"/><UN n0="%E3%81%BF%E3%81%BF%E3%81%9A" n1="%E5%B8%86%E7%AB%8B%E5%A4%8F%E8%A1%A3" n2="%E9%B3%B3%E6%9D%B1%E3%81%AE%E3%81%BF%E3%81%91%E3%81%AB%E3%82%83%E3%82%93" n3="%E9%98%BF%E9%83%A8%E5%AF%9B%EF%BC%A0%E9%B3%B3%E5%8D%93" dan="16,16,16,16" rate="2165.50,2109.82,2107.55,2098.84" sx="M,M,F,F"/><TAIKYOKU oya="0"/><INIT seed="0,0,0,5,2,107" ten="250,250,250,250" oya="0" hai0="118,5,110,48,57,26,54,121,46,93,62,64,61" hai1="69,65,105,78,43,58,127,35,39,86,91,9,89" hai2="100,122,77,53,31,125,20,38,97,7,28,6,120" hai3="80,129,92,67,52,113,117,12,19,42,27,94,123"/><T55/><D118/><U83/><E127/><V44/><F125/><W13/><G117/><T71/><D5/><U23/><E35/><V112/><F112/><W131/><G113/><T87/><D121/><U114/><E114/><V101/><F77/><W116/><G116/><T45/><D26/><U11/><E69/><V119/><F119/><W41/><G123/><T49/><D87/><U60/><E105/><V102/><F97/><W50/><G67/><N who="0" m="41455" /><D93/><N who="3" m="35945" /><G80/><T124/><D110/><U15/><E43/><N who="3" m="16394" /><G131/><T40/><D124/><U59/><E59/><V30/><F20/><N who="3" m="13727" /><G129/><T17/><D17/><N who="1" m="10687" /><E39/><V84/><F38/><W63/><G63/><T128/><D128/><U98/><E98/><V51/><REACH who="2" step="1"/><F84/><REACH who="2" ten="250,250,240,250" step="2"/><W36/><G36/><T109/><D109/><U34/><E34/><V47/><F47/><AGARI ba="0,1" hai="12,13,47,50,52" m="13727,16394,35945" machi="47" ten="30,2000,0" yaku="8,1,54,1" doraHai="107" who="3" fromWho="2" sc="250,0,250,0,240,-20,250,30" /><INIT seed="1,0,0,1,5,16" ten="250,250,220,280" oya="1" hai0="26,93,84,65,99,27,96,111,7,28,114,50,113" hai1="82,122,10,5,77,24,66,44,3,45,123,39,129" hai2="69,49,106,101,41,104,30,70,58,36,128,2,31" hai3="121,91,73,81,120,46,55,110,63,124,59,87,102"/><U85/><E129/><V135/><F2/><W0/><G110/><T100/><D111/><U127/><E127/><V14/><F128/><W17/><G124/><T119/><D119/><U108/><E108/><V19/><F135/><W15/><G0/><T56/><D7/><U67/><E45/><V98/><F106/><W95/><G73/><T74/><D74/><U22/><E122/><V54/><F36/><W103/><G120/><T71/><D26/><U133/><E133/><V134/><F41/><W4/><G121/><T80/><D99/><U107/><E107/><V79/><F79/><W35/><G35/><T25/><D25/><U78/><E77/><V116/><F116/><W75/><G4/><T51/><D71/><U8/><E8/><V12/><F12/><W43/><G75/><T18/><D18/><U48/><E39/><V125/><F125/><W53/><G95/><T62/><D114/><U117/><E117/><V88/><F134/><W72/><G72/><T90/><REACH who="0" step="1"/><D113/><REACH who="0" ten="240,250,220,280" step="2"/><U40/><E123/><V37/><F70/><W11/><G43/><T130/><D130/><U131/><E131/><V97/><F69/><W21/><G17/><AGARI ba="0,1" hai="3,5,10,17,22,24,40,44,48,66,67,78,82,85" machi="17" ten="30,2900,0" yaku="7,1,52,1" doraHai="16" who="1" fromWho="3" sc="240,0,250,39,220,0,280,-29" /><INIT seed="1,1,0,1,0,114" ten="240,289,220,251" oya="1" hai0="43,25,82,37,107,91,126,26,88,98,9,125,33" hai1="122,100,81,83,42,5,66,80,75,15,117,22,6" hai2="39,67,133,109,130,23,121,78,4,119,113,105,116" hai3="36,3,13,48,58,72,52,57,16,110,8,31,41"/><U112/><E112/><V128/><F23/><W50/><G110/><T104/><D9/><U2/><E2/><V29/><F29/><W70/><G72/><T74/><D43/><U73/><E122/><V53/><F113/><W27/><G70/><T134/><D37/><U69/><E100/><V77/><F4/><W101/><G101/><T127/><D134/><U12/><E80/><V62/><F105/><N who="0" m="40522" /><D33/><U1/><E1/><V90/><F133/><W49/><G3/><T89/><D98/><U86/><E69/><N who="2" m="42231" /><F109/><W85/><G85/><T30/><D30/><U95/><E86/><V40/><F53/><W96/><G96/><T20/><D20/><U0/><E0/><V106/><F106/><W32/><REACH who="3" step="1"/><G58/><REACH who="3" ten="240,289,220,241" step="2"/><T59/><D59/><U135/><E135/><V60/><F121/><W28/><G28/><T63/><D63/><U19/><E75/><V108/><F60/><W102/><G102/><T79/><AGARI ba="1,1" hai="25,26,74,79,82,88,89,91,125,126,127" m="40522" machi="79" ten="40,2700,0" yaku="18,1,54,1" doraHai="114" who="0" fromWho="0" sc="240,40,289,-14,220,-8,241,-8" /><INIT seed="2,0,0,3,4,45" ten="280,275,212,233" oya="2" hai0="87,99,107,94,59,57,22,76,43,89,118,96,12" hai1="29,37,117,40,133,53,130,72,25,55,88,51,50" hai2="119,134,101,52,41,20,54,68,33,0,92,21,116" hai3="63,11,65,125,97,127,31,7,131,105,90,82,39"/><V126/><F33/><W19/><G131/><T9/><D118/><U30/><E117/><V61/><F0/><W36/><G19/><T95/><D107/><U70/><E72/><V5/><F5/><W18/><G18/><T27/><D43/><U16/><E70/><V83/><F134/><W80/><G31/><N who="1" m="11786" /><E37/><N who="3" m="14410" /><G90/><N who="0" m="55383" /><D22/><N who="1" m="13511" /><E130/><V104/><F104/><W47/><G47/><T135/><D135/><U128/><E128/><V23/><F126/><N who="3" m="48139" /><G97/><T132/><D27/><U110/><E110/><V66/><F41/><W67/><G105/><T129/><D129/><U56/><E133/><V15/><F15/><N who="3" m="5631" /><G67/><T100/><D132/><U6/><E6/><V34/><F34/><W91/><G91/><T124/><D124/><U69/><E40/><V93/><F119/><W71/><AGARI ba="0,0" hai="63,65,71,80,82" m="5631,48139,14410" machi="71" ten="30,1100,0" yaku="18,1" doraHai="45" who="3" fromWho="3" sc="280,-3,275,-3,212,-5,233,11" /><INIT seed="3,0,0,2,1,31" ten="277,272,207,244" oya="3" hai0="117,64,30,66,97,78,41,35,132,14,20,37,11" hai1="114,81,72,93,122,28,112,120,104,24,33,123,61" hai2="9,49,67,85,95,80,103,128,17,118,79,71,2" hai3="46,43,53,42,110,111,19,12,106,126,54,82,127"/><W55/><G106/><T99/><D117/><U50/><E50/><V100/><F118/><W131/><G82/><T74/><D20/><U13/><E13/><V109/><F109/><N who="3" m="41483" /><G131/><T58/><D132/><U57/><E93/><V107/><F128/><W40/><G46/><T34/><D30/><U47/><E47/><V69/><F107/><W130/><G130/><T92/><D41/><U15/><E15/><V18/><F49/><W133/><G133/><T45/><D45/><U105/><E57/><V52/><F69/><W88/><G88/><T48/><D37/><U60/><E60/><V75/><F71/><W76/><G76/><T70/><D70/><U98/><E61/><V101/><F67/><W25/><G25/><T10/><D78/><N who="1" m="44231" /><E105/><V6/><F75/><W84/><G84/><T27/><D74/><U26/><E24/><V89/><REACH who="2" step="1"/><F52/><REACH who="2" ten="277,272,197,244" step="2"/><N who="3" m="13315" /><W68/><DORA hai="4" /><G68/><T102/><D64/><U38/><E38/><V36/><F36/><W16/><G19/><T44/><D66/><U32/><E32/><V86/><AGARI ba="0,1" hai="2,6,9,17,18,79,80,85,86,89,95,100,101,103" machi="86" ten="30,4000,0" yaku="1,1,0,1,52,1,53,0" doraHai="31,4" doraHaiUra="63,108" who="2" fromWho="2" sc="277,-10,272,-10,197,50,244,-20" /><INIT seed="4,0,0,4,2,113" ten="267,262,247,224" oya="0" hai0="130,107,73,118,10,60,127,52,128,34,94,19,46" hai1="106,97,27,81,119,55,49,99,132,8,4,35,14" hai2="58,17,26,120,38,93,111,105,70,90,126,92,7" hai3="0,71,57,114,43,3,67,129,39,21,72,103,33"/><T88/><D118/><U44/><E132/><V101/><F70/><W134/><G114/><T102/><D73/><U13/><E106/><V22/><F120/><W115/><G115/><T45/><D34/><U40/><E119/><V61/><F111/><W109/><G109/><T2/><D102/><U131/><E131/><N who="0" m="50217" /><D107/><U63/><E35/><V79/><F38/><W116/><G116/><T18/><D127/><U85/><E27/><V30/><F105/><W110/><G71/><T25/><D25/><U122/><E14/><V112/><F79/><W12/><G39/><T104/><D104/><U36/><E122/><V41/><F41/><W42/><G0/><T23/><D23/><U20/><E20/><V89/><F7/><W29/><G3/><T95/><D95/><U6/><E6/><V98/><F126/><W84/><G72/><T96/><D45/><U66/><E36/><V135/><F135/><W125/><G33/><T86/><D96/><U51/><E85/><N who="2" m="52271" /><F112/><W82/><G134/><T24/><D24/><U32/><E32/><V87/><F30/><W48/><G129/><T68/><D68/><U124/><E124/><V76/><F76/><W5/><G125/><T11/><D2/><U78/><E78/><V15/><F15/><W69/><G69/><T56/><D46/><N who="1" m="25799" /><E81/><V65/><F87/><W64/><G110/><T91/><D91/><AGARI ba="0,0" hai="17,22,26,58,61,65,90,91,93,98,101" m="52271" machi="91" ten="30,1000,0" yaku="8,1" doraHai="113" who="2" fromWho="0" sc="267,-10,262,0,247,10,224,0" /><INIT seed="5,0,0,0,0,11" ten="257,262,257,224" oya="1" hai0="120,55,106,89,42,14,80,102,87,24,124,95,127" hai1="122,86,59,43,22,56,129,26,32,74,62,81,77" hai2="112,9,119,135,5,25,20,105,71,35,52,8,118" hai3="70,131,93,72,19,132,18,61,97,41,94,34,73"/><U10/><E122/><V103/><F71/><W58/><G70/><T50/><D120/><U2/><E129/><V113/><F135/><W6/><G132/><T75/><D42/><U48/><E32/><V45/><F35/><W107/><G34/><T90/><D24/><U33/><E33/><V40/><F103/><W16/><G131/><T38/><D38/><U23/><E74/><V1/><F105/><W68/><G68/><T116/><D116/><U100/><E100/><V126/><F126/><W4/><G107/><T13/><D90/><U85/><E85/><V84/><F84/><W82/><G41/><T109/><D109/><U63/><E10/><N who="2" m="4203" /><F40/><W12/><G12/><N who="0" m="4715" /><D50/><U60/><E22/><V0/><F5/><W49/><G49/><T29/><D55/><U47/><REACH who="1" step="1"/><E2/><REACH who="1" ten="257,252,257,224" step="2"/><V91/><F0/><W30/><G73/><T96/><D29/><AGARI ba="0,1" hai="23,26,29,43,47,48,56,59,60,62,63,77,81,86" machi="29" ten="40,7700,0" yaku="1,1,2,1,8,1,53,0" doraHai="11" doraHaiUra="108" who="1" fromWho="0" sc="257,-77,252,87,257,0,224,0" owari="180,-32.0,339,43.9,257,5.7,224,-17.6" /></mjloggm>