<mjloggm ver="2.3"><GO type="225" lobby="0"/><UN n0="%E9%81%85%E5%88%BB%E3%81%AE%E3%83%97%E3%83%AA%E3%83%B3%E3%82%B9%E2%99%AA" n1="%E3%82%A2%E3%83%BC%E3%83%A2%E3%83%AD%E3%83%BC%E3%83%B4%E3%82%A1" n2="%73%61%6E%64%69%72%69%73" n3="%E7%9C%9F%E4%B8%80" dan="16,16,16,17" rate="2153.26,2102.87,2132.85,2241.67" sx="F,M,M,M"/><TAIKYOKU oya="0"/><INIT seed="0,0,0,0,3,57" ten="250,250,250,250" oya="0" hai0="90,125,60,41,54,25,67,88,124,7,28,127,8" hai1="93,91,35,55,17,29,50,2,31,18,109,6,21" hai2="97,78,9,1,69,120,45,79,37,52,39,48,113" hai3="76,74,24,99,71,86,119,115,23,121,92,0,72"/><T105/><D105/><U4/><E109/><V98/><F120/><W10/><G115/><T107/><D107/><U135/><E135/><V36/><F113/><W114/><G114/><T61/><D41/><U12/><E35/><V111/><F111/><W77/><G71/><T13/><D54/><U73/><E73/><V103/><F69/><W134/><G119/><T70/><REACH who="0" step="1"/><D60/><REACH who="0" ten="240,250,250,250" step="2"/><U65/><E55/><V85/><F52/><W106/><G106/><T112/><D112/><U59/><E50/><V46/><F48/><W131/><G121/><T95/><D95/><U89/><E93/><V104/><F104/><W51/><G92/><T133/><D133/><U108/><E108/><V15/><F37/><W80/><G51/><T27/><D27/><U87/><E65/><V100/><F39/><W62/><G62/><T3/><D3/><U84/><E2/><V30/><F1/><W129/><G0/><T128/><D128/><U19/><E12/><V38/><F15/><W94/><G134/><T75/><D75/><U44/><E44/><V81/><F46/><W20/><G131/><T42/><D42/><U117/><E117/><V110/><F45/><W26/><G129/><T14/><D14/><U34/><E84/><V33/><F85/><W102/><G74/><T11/><D11/><U5/><E87/><V116/><F116/><W130/><G10/><T49/><D49/><U43/><E43/><V22/><F38/><W47/><G47/><T66/><D66/><U16/><N who="1" m="4096" /><DORA hai="40" /><U58/><E59/><V126/><F36/><W122/><G130/><T83/><D83/><RYUUKYOKU ba="0,1" sc="240,30,250,-10,250,-10,250,-10" hai0="7,8,13,25,28,61,67,70,88,90,124,125,127" /><INIT seed="0,1,1,1,1,80" ten="270,240,240,240" oya="0" hai0="35,87,25,61,120,24,29,46,3,43,100,12,27" hai1="49,129,47,8,52,106,125,85,50,105,23,5,33" hai2="135,72,0,126,14,58,97,75,114,83,134,70,81" hai3="10,40,67,123,118,59,108,19,38,133,56,31,64"/><T36/><D120/><U99/><E33/><V37/><F70/><W53/><G31/><T39/><D3/><U28/><E129/><V112/><F37/><W124/><G10/><T127/><D127/><U78/><E125/><V109/><F0/><W130/><G19/><T6/><D39/><U63/><E63/><V69/><F69/><W32/><G32/><T89/><D100/><U131/><E131/><V121/><F58/><W107/><G107/><T93/><REACH who="0" step="1"/><D61/><REACH who="0" ten="260,240,240,240" step="2"/><U77/><E105/><V22/><F121/><W4/><G124/><T9/><AGARI ba="1,2" hai="6,9,12,24,25,27,29,35,36,43,46,87,89,93" machi="9" ten="30,11700,0" yaku="1,1,2,1,0,1,52,1,53,0" doraHai="80" doraHaiUra="132" who="0" fromWho="0" sc="260,140,240,-40,240,-40,240,-40" /><INIT seed="0,2,0,4,1,88" ten="400,200,200,200" oya="0" hai0="34,26,57,109,1,23,104,106,112,53,98,52,81" hai1="7,68,123,107,39,54,9,70,46,37,84,129,19" hai2="11,72,126,79,20,113,47,5,108,91,83,2,61" hai3="73,119,35,110,130,116,12,38,59,124,82,95,133"/><T8/><D112/><U18/><E123/><V93/><F108/><W118/><G38/><T103/><D34/><U42/><E129/><V85/><F126/><W21/><G35/><T114/><D114/><U24/><E107/><V122/><F122/><W135/><G110/><T40/><D109/><U31/><E39/><V17/><F113/><W22/><G124/><T14/><D1/><U65/><E54/><V131/><F131/><W3/><G3/><T44/><D106/><U101/><E101/><V62/><REACH who="2" step="1"/><F47/><REACH who="2" ten="400,200,190,200" step="2"/><W105/><G130/><T36/><D57/><U120/><E120/><V99/><F99/><W94/><G59/><T27/><D81/><U96/><E96/><V134/><F134/><N who="3" m="51211" /><G105/><T6/><REACH who="0" step="1"/><D27/><AGARI ba="2,1" hai="2,5,11,17,20,27,61,62,72,79,83,85,91,93" machi="27" ten="30,3900,0" yaku="1,1,7,1,52,1,53,0" doraHai="88" doraHaiUra="49" who="2" fromWho="0" sc="400,-45,200,0,190,55,200,0" /><INIT seed="1,0,0,2,5,89" ten="355,200,245,200" oya="1" hai0="54,28,105,13,70,37,98,3,26,100,74,113,44" hai1="90,68,109,52,135,27,43,120,71,121,114,47,104" hai2="102,127,85,32,5,23,35,55,134,31,115,45,126" hai3="125,112,38,129,97,67,119,99,91,8,53,50,79"/><U61/><E104/><V69/><F69/><N who="1" m="26697" /><E90/><V65/><F65/><W106/><G67/><T62/><D3/><U73/><E27/><V95/><F5/><W86/><G38/><T22/><D113/><U25/><E25/><N who="2" m="16831" /><F134/><W75/><G112/><T51/><D74/><U36/><E114/><V110/><F110/><W111/><G111/><T72/><D72/><U2/><E2/><V82/><F115/><W94/><G129/><T60/><D70/><U0/><E0/><V63/><F63/><W12/><G125/><N who="2" m="47625" /><F55/><W39/><G39/><T130/><D130/><U56/><E73/><V9/><F45/><W83/><G106/><T33/><D37/><U122/><E109/><V84/><F9/><W11/><G119/><T21/><D33/><N who="2" m="12874" /><F82/><W133/><G133/><AGARI ba="0,0" hai="36,43,47,52,56,61,120,121,122,133,135" m="26697" machi="133" ten="40,7700,0" yaku="34,2,54,1" doraHai="89" who="1" fromWho="3" sc="355,0,200,77,245,0,200,-77" /><INIT seed="1,1,0,0,5,129" ten="355,277,245,123" oya="1" hai0="32,56,86,37,78,76,22,135,87,6,107,103,66" hai1="75,19,67,127,114,83,15,68,104,61,100,102,94" hai2="57,81,74,63,16,41,49,90,69,117,43,35,34" hai3="99,80,26,52,131,101,40,116,70,59,47,105,106"/><U65/><E114/><V128/><F117/><W98/><G131/><T21/><D32/><U46/><E104/><V4/><F4/><W123/><G116/><T133/><D37/><U54/><E127/><V115/><F69/><W7/><G123/><T124/><D124/><U27/><E27/><V119/><F119/><W48/><G70/><T64/><D6/><U12/><E67/><N who="0" m="25641" /><D56/><U111/><E111/><V17/><F35/><W79/><G7/><T62/><D62/><U134/><E94/><V109/><F34/><W58/><G26/><T93/><D107/><U110/><E12/><V108/><F115/><W96/><G106/><T31/><D103/><U112/><E110/><V55/><F128/><W14/><G14/><T0/><D0/><U53/><E102/><V8/><F108/><W25/><G25/><N who="0" m="16815" /><D22/><U28/><E100/><V95/><F109/><W18/><G18/><T82/><D93/><U122/><E28/><V38/><F38/><W89/><G59/><T88/><D87/><U125/><E125/><V30/><F30/><W50/><REACH who="3" step="1"/><G89/><REACH who="3" ten="355,277,245,113" step="2"/><T33/><D33/><U84/><E122/><V29/><F90/><W120/><G120/><T10/><D10/><U13/><E13/><V85/><F17/><W42/><G42/><T71/><D71/><U113/><E113/><V60/><F43/><W97/><G97/><T72/><D72/><AGARI ba="1,1" hai="40,47,48,50,52,58,72,79,80,96,98,99,101,105" machi="72" ten="30,3900,0" yaku="1,1,7,1,54,1,53,0" doraHai="129" doraHaiUra="2" who="3" fromWho="0" sc="355,-42,277,0,245,0,113,52" /><INIT seed="2,0,0,2,2,17" ten="313,277,245,165" oya="2" hai0="81,111,83,28,121,106,51,11,52,39,18,38,91" hai1="123,124,31,1,107,55,49,45,48,101,84,13,99" hai2="96,110,30,126,102,114,19,112,65,46,130,40,7" hai3="22,76,75,125,113,116,67,9,132,57,69,4,133"/><V63/><F130/><W108/><G116/><T10/><D121/><U131/><E1/><V135/><F135/><W36/><G36/><T94/><D106/><U64/><E131/><V73/><F73/><W115/><G108/><T90/><D28/><U87/><E124/><V50/><F126/><W47/><G125/><T120/><D120/><U105/><E105/><V32/><F7/><W89/><G69/><T42/><D42/><U21/><E123/><V14/><F110/><W109/><G109/><T71/><D71/><U79/><E64/><V85/><F85/><W82/><G47/><T92/><D18/><U26/><E79/><V68/><F30/><W44/><G44/><T54/><D111/><U15/><E49/><AGARI ba="0,0" hai="10,11,38,39,49,51,52,54,81,83,90,91,92,94" machi="49" ten="25,3200,0" yaku="22,2,54,1" doraHai="17" who="0" fromWho="1" sc="313,32,277,-32,245,0,165,0" /><INIT seed="3,0,0,5,4,69" ten="345,245,245,165" oya="3" hai0="115,76,43,71,106,16,36,1,119,70,131,14,30" hai1="75,28,56,42,48,135,13,18,65,23,15,101,35" hai2="103,37,125,2,92,85,81,7,82,44,26,25,9" hai3="40,33,3,134,22,4,128,72,126,54,58,29,94"/><W118/><G118/><T32/><D119/><U74/><E101/><V59/><F125/><W27/><G126/><T12/><D12/><U84/><E13/><N who="2" m="5311" /><F37/><W116/><G116/><T73/><D131/><U123/><E123/><V47/><F2/><W31/><G128/><T129/><D129/><U46/><E135/><V63/><F92/><W117/><G117/><T124/><D14/><U97/><E97/><V60/><F103/><W133/><G72/><T127/><D16/><U130/><E130/><V109/><F109/><W98/><G40/><T53/><D53/><U80/><E28/><V19/><F63/><N who="3" m="36311" /><G4/><T120/><D115/><U68/><E35/><V77/><F82/><W66/><G66/><T110/><D110/><U99/><E99/><V104/><F104/><W108/><G3/><T45/><D120/><U6/><E6/><V11/><F11/><W51/><G51/><T79/><D106/><U21/><E68/><V5/><F5/><W113/><G113/><T55/><D1/><U61/><E23/><N who="2" m="13567" /><F26/><N who="3" m="18615" /><G108/><T24/><D73/><U64/><E65/><AGARI ba="0,0" hai="44,47,59,60,65,77,81,85" m="13567,5311" machi="65" ten="30,1000,0" yaku="8,1" doraHai="69" who="2" fromWho="1" sc="345,0,245,-10,245,10,165,0" owari="345,44.5,235,-16.5,255,5.5,165,-33.5" /></mjloggm>