<mjloggm ver="2.3"><GO type="225" lobby="0"/><UN n0="%E7%AC%B9%E9%A4%85" n1="%6B%65%6E%6E%64%69" n2="%E7%B4%94%E6%BD%94%E3%83%94%E3%83%A9%E3%83%8B%E3%82%A2" n3="%6D%75%75%6D%75%72%61" dan="16,16,18,16" rate="2178.77,2146.90,2251.58,2176.33" sx="M,M,M,F"/><TAIKYOKU oya="0"/><INIT seed="0,0,0,5,1,106" ten="250,250,250,250" oya="0" hai0="22,132,79,54,113,77,8,92,37,128,33,91,72" hai1="51,23,61,50,47,67,62,78,36,34,40,70,45" hai2="99,126,49,41,24,105,134,97,48,55,116,120,43" hai3="5,25,27,93,130,83,76,12,110,114,35,38,122"/><T20/><D113/><U65/><E34/><V63/><F105/><W15/><G114/><T131/><D33/><U95/><E78/><V26/><F126/><W2/><G38/><T75/><D37/><N who="1" m="21647" /><E95/><V11/><F11/><W127/><G127/><T112/><D112/><U121/><E23/><N who="0" m="8745" /><D54/><U17/><E17/><V133/><F55/><W69/><G110/><T57/><D8/><U74/><E74/><N who="0" m="28201" /><D57/><N who="1" m="37039" /><E121/><V6/><F63/><W0/><G69/><T82/><D82/><U56/><E70/><V118/><REACH who="2" step="1"/><F6/><REACH who="2" ten="250,250,240,250" step="2"/><W100/><G5/><T53/><D53/><U115/><E115/><V14/><F14/><W119/><G12/><T71/><D71/><U9/><E9/><V102/><F102/><W117/><G15/><T42/><D42/><AGARI ba="0,1" hai="36,42,47,50,51,56,62,67" m="37039,21647" machi="42" ten="30,8000,1" yaku="35,5" doraHai="106" who="1" fromWho="0" sc="250,-80,250,90,240,0,250,0" /><INIT seed="1,0,0,1,0,129" ten="170,340,240,250" oya="1" hai0="35,118,122,94,32,59,81,127,114,39,55,6,34" hai1="24,57,85,48,134,76,45,103,41,109,28,66,113" hai2="33,130,115,31,42,64,119,88,89,18,102,38,112" hai3="77,54,100,124,37,131,84,111,44,49,92,29,121"/><U107/><E113/><N who="2" m="43595" /><F130/><W7/><G121/><T47/><D122/><U126/><E126/><V22/><F119/><W87/><G131/><T27/><D118/><U90/><E109/><V101/><F64/><W104/><G124/><T56/><D114/><U50/><E76/><V123/><F123/><W67/><G111/><T10/><D127/><U43/><E107/><V70/><F70/><W1/><G37/><T23/><D94/><U11/><E11/><V62/><F62/><W83/><G104/><T4/><D81/><U12/><E12/><V51/><F38/><W30/><G67/><T46/><D39/><U116/><E103/><N who="2" m="39435" /><F31/><N who="3" m="11787" /><G1/><T99/><D99/><U14/><E14/><N who="2" m="9559" /><F33/><W2/><G2/><T135/><D4/><U71/><E71/><V65/><F65/><W117/><G117/><T40/><D40/><U26/><E28/><V20/><F20/><W91/><G100/><T82/><D32/><U0/><E0/><V13/><F13/><W80/><G92/><T86/><D34/><U58/><E66/><V98/><F98/><W95/><G95/><T132/><D35/><U9/><E9/><V25/><F25/><W72/><G72/><T96/><D10/><U19/><E116/><V108/><F108/><W97/><G97/><T73/><D96/><U15/><E26/><V16/><F16/><W125/><G125/><T128/><D128/><U17/><E24/><V93/><F93/><W69/><G69/><T36/><D27/><U133/><E15/><V52/><F42/><N who="3" m="24727" /><G7/><T53/><D6/><U78/><E17/><V79/><F79/><W21/><G21/><RYUUKYOKU ba="0,0" sc="170,-15,340,-15,240,15,250,15" hai2="51,52,88,89" hai3="54,77,80,83,84,87,91" /><INIT seed="2,1,0,1,3,61" ten="155,325,255,265" oya="2" hai0="62,25,63,121,19,77,75,80,0,70,106,40,5" hai1="28,96,68,30,91,126,83,32,12,132,90,110,20" hai2="105,102,9,11,89,100,74,111,84,78,1,93,57" hai3="53,49,6,129,87,35,112,17,36,54,118,24,135"/><V116/><F116/><W13/><G118/><T41/><D121/><U98/><E68/><V114/><F114/><W44/><G36/><T21/><D106/><U10/><E32/><V4/><F111/><W117/><G117/><T113/><D113/><U48/><E110/><V72/><F78/><W122/><G112/><T134/><D134/><U16/><E126/><V33/><F33/><W94/><G135/><T52/><D0/><U59/><E132/><V103/><F105/><W108/><G122/><T66/><REACH who="0" step="1"/><D5/><REACH who="0" ten="145,325,255,265" step="2"/><U23/><E30/><V38/><F1/><W115/><G115/><T76/><D76/><U29/><E28/><V45/><F4/><W69/><G108/><T92/><D92/><U58/><E29/><V131/><F131/><W71/><G129/><T109/><D109/><U34/><E34/><V120/><F120/><W15/><G35/><T47/><D47/><U99/><E90/><V125/><F125/><W124/><G124/><T51/><D51/><U130/><E48/><V3/><F3/><W85/><G6/><T43/><D43/><U27/><E130/><V37/><F45/><W128/><G128/><T119/><D119/><U60/><E91/><V123/><F123/><W50/><G94/><T104/><D104/><U107/><E107/><V18/><F38/><W86/><G44/><T82/><D82/><U73/><E83/><V42/><F37/><W65/><G50/><T64/><D64/><U7/><E7/><V55/><F42/><W97/><G49/><T56/><AGARI ba="1,1" hai="19,21,25,40,41,52,56,62,63,66,70,75,77,80" machi="56" ten="30,7900,0" yaku="1,1,0,1,52,1,54,1,53,0" doraHai="61" doraHaiUra="101" who="0" fromWho="0" sc="145,92,325,-21,255,-40,265,-21" /><INIT seed="3,0,0,1,3,17" ten="237,304,215,244" oya="3" hai0="21,5,111,40,78,33,96,19,100,50,56,16,122" hai1="0,112,72,1,18,90,77,3,44,65,106,57,133" hai2="75,34,43,107,14,64,76,116,67,8,88,80,99" hai3="41,23,39,97,51,15,126,59,25,83,47,86,52"/><W134/><G134/><T62/><D122/><U11/><E112/><V95/><F34/><W68/><G126/><T54/><D33/><U124/><E124/><V53/><F116/><W109/><G109/><T120/><D120/><U104/><E133/><V110/><F110/><W93/><G68/><T74/><D111/><U85/><E72/><V91/><F43/><W70/><G70/><T87/><D74/><U12/><E77/><V92/><F53/><W48/><G15/><T26/><D5/><U31/><E31/><V13/><F107/><W130/><G130/><T38/><D38/><U9/><E9/><V135/><F135/><W60/><G83/><N who="0" m="47607" /><D40/><U6/><E6/><V27/><F27/><W45/><G86/><T121/><D121/><U71/><E71/><V114/><F13/><W81/><G81/><T98/><D100/><U108/><E108/><V37/><F37/><W36/><G36/><T24/><D62/><U115/><E115/><V49/><F49/><N who="3" m="19019" /><G41/><T29/><D29/><U105/><E44/><V20/><F114/><W4/><G4/><T94/><D94/><U30/><E30/><V118/><F118/><W113/><G39/><T102/><D102/><U82/><E105/><V61/><F61/><W22/><G113/><T46/><D46/><N who="3" m="17417" /><G25/><T63/><D63/><N who="1" m="38127" /><E106/><V10/><F64/><W42/><G42/><T58/><D56/><U7/><E7/><V28/><F67/><W117/><G117/><T32/><D32/><U79/><E104/><V89/><F28/><W123/><G123/><T127/><D127/><U55/><E55/><V69/><F69/><RYUUKYOKU ba="0,0" sc="237,10,304,10,215,-30,244,10" hai0="16,19,21,24,26,50,54,58,96,98" hai1="0,1,3,11,12,18,79,82,85,90" hai3="22,23,52,59,60,93,97" /><INIT seed="3,1,0,3,3,56" ten="247,314,185,254" oya="3" hai0="42,60,49,121,6,69,52,99,0,81,131,75,12" hai1="72,92,61,28,119,80,20,112,67,37,128,21,84" hai2="68,63,82,3,134,98,126,120,29,39,16,9,115" hai3="107,106,50,64,41,73,15,109,133,132,30,17,34"/><W102/><G73/><T93/><D121/><U103/><E112/><V135/><F115/><W54/><G41/><T33/><D33/><U97/><E37/><V116/><F116/><W11/><G109/><T24/><D0/><U129/><E72/><V105/><F39/><W1/><G1/><T85/><D75/><U45/><E45/><V78/><F120/><W25/><G64/><T95/><D131/><N who="1" m="50251" /><E28/><V7/><F29/><W100/><G100/><T58/><D24/><U94/><E94/><V22/><F126/><W40/><G40/><T53/><D69/><N who="1" m="42223" /><E119/><V23/><F23/><W18/><G18/><T43/><D95/><U48/><E48/><V108/><F108/><W118/><G102/><N who="0" m="60783" /><D12/><U70/><E70/><V114/><F98/><W46/><REACH who="3" step="1"/><G118/><REACH who="3" ten="247,314,185,244" step="2"/><T44/><D6/><U35/><E35/><V32/><F32/><W87/><G87/><T117/><D117/><U36/><E36/><V113/><F114/><W86/><G86/><T122/><D122/><U26/><E26/><N who="2" m="14663" /><F113/><W14/><G14/><T59/><D43/><U74/><E74/><N who="2" m="43351" /><F105/><AGARI ba="1,1" hai="11,15,17,25,30,34,46,50,54,105,106,107,132,133" machi="105" ten="40,3900,0" yaku="1,1,53,1" doraHai="56" doraHaiUra="8" who="3" fromWho="2" sc="247,0,314,0,185,-42,244,52" /><INIT seed="3,2,0,3,4,78" ten="247,314,143,296" oya="3" hai0="16,7,32,26,104,58,101,110,28,29,130,129,133" hai1="10,20,46,103,39,36,50,70,108,53,120,99,115" hai2="75,128,111,132,4,11,25,112,37,30,65,93,54" hai3="76,71,3,43,63,88,117,77,87,15,72,127,56"/><W109/><G117/><T22/><D104/><U125/><E115/><V23/><F37/><W135/><G72/><T92/><D101/><U19/><E120/><V90/><F75/><W121/><G71/><T116/><D92/><U44/><E70/><V41/><F112/><W79/><G3/><T13/><D58/><U21/><E108/><V45/><F111/><W59/><G121/><T102/><D102/><U100/><E125/><V27/><F128/><N who="0" m="49258" /><D110/><U51/><E10/><V86/><F132/><W60/><G109/><T67/><D67/><U134/><E134/><V42/><F65/><W62/><G127/><T34/><D133/><U18/><E53/><V48/><REACH who="2" step="1"/><F27/><REACH who="2" ten="247,314,133,296" step="2"/><W24/><G135/><T89/><D116/><U9/><E39/><V38/><F38/><W83/><G24/><N who="0" m="18471" /><D89/><U17/><E36/><V113/><F113/><W6/><G77/><T81/><D7/><U95/><E103/><V49/><F49/><W96/><G76/><T69/><D69/><U94/><E51/><V118/><F118/><W82/><G6/><T52/><D52/><U55/><E55/><V80/><F80/><AGARI ba="2,1" hai="13,16,22,26,28,34,80,81" m="18471,49258" machi="80" ten="30,7700,0" yaku="19,1,52,2,54,1" doraHai="78" who="0" fromWho="2" sc="247,93,314,0,133,-83,296,0" owari="340,44.0,314,11.4,50,-45.0,296,-10.4" /></mjloggm>