<mjloggm ver="2.3"><GO type="225" lobby="0"/><UN n0="%E8%BE%9B%E5%8F%A3%E3%82%AB%E3%83%AC%E3%83%BC%E3%83%A9%E3%82%A4%E3%82%B9" n1="%E6%98%93%E5%88%A9%E8%96%A9%E4%BC%AF" n2="%E6%A1%9C%E8%8A%B1%E9%96%83%E3%80%85" n3="%72%69%6F%75%63%68%61%6E" dan="17,16,17,16" rate="2240.80,2114.69,2188.78,2194.61" sx="M,F,M,M"/><TAIKYOKU oya="0"/><INIT seed="0,0,0,4,1,86" ten="250,250,250,250" oya="0" hai0="7,98,59,14,1,124,30,41,52,80,17,121,109" hai1="26,35,25,104,82,18,79,101,67,61,75,31,0" hai2="102,50,134,99,62,49,58,69,106,48,89,122,72" hai3="126,94,112,100,128,11,42,38,57,32,66,115,119"/><T55/><D121/><U90/><E0/><V20/><F122/><W93/><G119/><T129/><D124/><U97/><E26/><V130/><F130/><W46/><G126/><T16/><D129/><U70/><E18/><N who="0" m="7273" /><D1/><U127/><E127/><V68/><F134/><W83/><G128/><T73/><D73/><U74/><E74/><V132/><F132/><W44/><G32/><T103/><D41/><U60/><E60/><V77/><F20/><W37/><G83/><T24/><D80/><U15/><E15/><V53/><F77/><W92/><G100/><T2/><D2/><U4/><E4/><V135/><F72/><W13/><G38/><T108/><D14/><U34/><E34/><V51/><N who="2" m="12288" /><DORA hai="71" /><V45/><F45/><W84/><G46/><T39/><D7/><U12/><E12/><V125/><F135/><W6/><REACH who="3" step="1"/><G84/><REACH who="3" ten="250,250,250,240" step="2"/><T85/><D85/><U96/><REACH who="1" step="1"/><E96/><REACH who="1" ten="250,240,250,240" step="2"/><V64/><F125/><W27/><G27/><T33/><D39/><U10/><E10/><V91/><F99/><W87/><G87/><T110/><D59/><U22/><E22/><V9/><F9/><W95/><N who="3" m="23552" /><DORA hai="107" /><W65/><G65/><T111/><D111/><U105/><E105/><AGARI ba="0,2" hai="24,30,33,52,55,98,103,105,108,109,110" m="7273" machi="105" ten="30,11600,0" yaku="14,1,10,1,54,2" doraHai="86,71,107" who="0" fromWho="1" sc="250,136,240,-116,250,0,240,0" /><INIT seed="0,1,0,3,1,30" ten="386,124,250,240" oya="0" hai0="69,1,13,61,77,70,112,43,58,129,66,130,32" hai1="8,107,122,94,52,34,81,23,121,99,28,95,24" hai2="36,42,110,50,49,105,89,100,92,85,38,46,19" hai3="15,113,117,123,29,96,132,2,0,114,71,84,116"/><T40/><D1/><N who="3" m="617" /><G71/><N who="0" m="27147" /><D13/><U97/><E107/><V9/><F110/><W74/><G84/><T118/><D77/><U6/><E81/><V10/><F105/><W93/><G74/><T131/><D32/><U47/><E23/><V90/><F100/><W22/><G93/><T88/><D88/><U134/><E134/><V80/><F50/><W56/><G56/><T78/><D78/><U60/><E95/><V79/><F90/><W59/><G59/><T82/><D82/><U48/><E60/><V135/><F135/><W83/><G96/><T128/><D128/><U68/><E68/><V87/><REACH who="2" step="1"/><F19/><REACH who="2" ten="386,124,240,240" step="2"/><N who="3" m="10623" /><G132/><T75/><D112/><N who="3" m="43113" /><G83/><T120/><D131/><U20/><E99/><V72/><F72/><W4/><G123/><T7/><D75/><U133/><E133/><V76/><F76/><W124/><G124/><T65/><D120/><U55/><E122/><V57/><F57/><W44/><G44/><T62/><D58/><U25/><E121/><V91/><F91/><W119/><G4/><T16/><D7/><U101/><E47/><V67/><F67/><W106/><G106/><T35/><D66/><U14/><REACH who="1" step="1"/><E48/><REACH who="1" ten="386,114,240,240" step="2"/><V126/><F126/><W18/><G18/><AGARI ba="1,2" hai="6,8,14,18,20,24,25,28,34,52,55,94,97,101" machi="18" ten="30,12000,2" yaku="1,1,2,1,7,1,52,1,54,1,53,1" doraHai="30" doraHaiUra="31" who="1" fromWho="3" sc="386,0,114,143,240,0,240,-123" /><INIT seed="1,0,0,4,3,14" ten="386,257,240,117" oya="1" hai0="55,61,99,73,133,96,76,77,46,45,56,43,84" hai1="83,66,5,35,4,128,67,104,33,26,80,44,19" hai2="71,134,39,49,11,78,69,121,90,62,16,64,108" hai3="126,7,103,107,48,74,42,12,93,17,22,1,111"/><U60/><E104/><V13/><F121/><W20/><G111/><T132/><D73/><U124/><E124/><V6/><F39/><W0/><G126/><T116/><D116/><U54/><E128/><V18/><F108/><W8/><G107/><T81/><D77/><U119/><E119/><V52/><F134/><N who="0" m="51818" /><D46/><U94/><E94/><V2/><F78/><W3/><G74/><T75/><D75/><U79/><E83/><V91/><F71/><W57/><G22/><T51/><AGARI ba="0,0" hai="43,45,51,55,56,61,76,81,84,96,99" m="51818" machi="51" ten="30,1100,0" yaku="20,1" doraHai="14" who="0" fromWho="0" sc="386,11,257,-5,240,-3,117,-3" /><INIT seed="2,0,0,5,2,109" ten="397,252,237,114" oya="2" hai0="32,16,127,73,114,82,87,75,112,88,38,41,95" hai1="34,20,101,23,12,111,53,36,117,133,26,57,44" hai2="80,90,48,37,49,135,29,106,78,69,94,56,39" hai3="125,60,43,120,52,9,131,91,45,10,62,89,98"/><V93/><F69/><W61/><G120/><T96/><D32/><U74/><E111/><V79/><F106/><W116/><G116/><T86/><D38/><U1/><E1/><V35/><F135/><W92/><G131/><T107/><D41/><U46/><E74/><N who="0" m="28169" /><D16/><U65/><E65/><V11/><F80/><W68/><G125/><T70/><D70/><U4/><E117/><V122/><F11/><W5/><G68/><T115/><D127/><U126/><E101/><V3/><F3/><W2/><G10/><T83/><D107/><U110/><E110/><V124/><F29/><W63/><G91/><N who="0" m="51671" /><D115/><U7/><E34/><V22/><F22/><W0/><G0/><T132/><D132/><U51/><E133/><V128/><F56/><W121/><G121/><T100/><AGARI ba="0,0" hai="83,87,88,95,96,100,112,114" m="51671,28169" machi="100" ten="30,8000,1" yaku="34,2,52,2,54,1" doraHai="109" who="0" fromWho="0" sc="397,80,252,-20,237,-40,114,-20" /><INIT seed="3,0,0,2,2,128" ten="477,232,197,94" oya="3" hai0="48,113,51,58,54,116,70,105,123,43,13,91,90" hai1="83,133,77,53,11,132,40,98,118,36,109,19,28" hai2="3,121,117,0,94,112,46,96,102,85,93,15,8" hai3="60,12,23,24,68,26,16,71,81,44,67,122,20"/><W47/><G122/><T14/><D70/><U107/><E109/><V119/><F112/><W30/><G71/><T101/><D123/><U49/><E28/><V35/><F35/><W89/><REACH who="3" step="1"/><G26/><REACH who="3" ten="477,232,197,84" step="2"/><T106/><D113/><U134/><E118/><V32/><F121/><W18/><G18/><T124/><D116/><U34/><E19/><V57/><F119/><W59/><G59/><T88/><D58/><U64/><E132/><V1/><F117/><W9/><G9/><T65/><D124/><U126/><E11/><V41/><F57/><W2/><G2/><T66/><D66/><U5/><E133/><V10/><F10/><W76/><G76/><T110/><D65/><U56/><E64/><V130/><F0/><W103/><G103/><T6/><D101/><U92/><E77/><V73/><F3/><W127/><G127/><T27/><D27/><U25/><E25/><V50/><F1/><W52/><G52/><T78/><D54/><U75/><E53/><V115/><F115/><W7/><G7/><T87/><D78/><U79/><E5/><V63/><F8/><W45/><G45/><T31/><D6/><U69/><E134/><V38/><F46/><W21/><G21/><T61/><D31/><U99/><E69/><V108/><F102/><W97/><G97/><T120/><D120/><U37/><E126/><V95/><F96/><W39/><G39/><T104/><D91/><U84/><E99/><V125/><F38/><W55/><G55/><T4/><D90/><U42/><E37/><V74/><F125/><W72/><G72/><T22/><D88/><RYUUKYOKU ba="0,1" sc="477,-10,232,-10,197,-10,84,30" hai3="12,16,20,23,24,30,44,47,60,67,68,81,89" /><INIT seed="3,1,1,4,5,119" ten="467,222,187,114" oya="3" hai0="91,58,72,40,45,112,28,33,55,74,105,12,100" hai1="120,70,71,2,73,13,44,94,18,66,48,81,133" hai2="123,116,122,47,111,118,87,108,59,79,109,17,38" hai3="5,86,53,11,124,132,54,106,31,24,20,65,3"/><W102/><G124/><T41/><D105/><U99/><E2/><V104/><F104/><W127/><G127/><T26/><D100/><U113/><E120/><N who="2" m="46123" /><F59/><W135/><G65/><T52/><D55/><U85/><E133/><N who="3" m="51274" /><G86/><T30/><D30/><U121/><E73/><V130/><F130/><W83/><G83/><T57/><D57/><U60/><E113/><V77/><F87/><W29/><G31/><T97/><D12/><U110/><E110/><V22/><F79/><W115/><G115/><T64/><D64/><U78/><E121/><V1/><F77/><W84/><G84/><T37/><D41/><U126/><E126/><V10/><F10/><W101/><G101/><T98/><D112/><U131/><E131/><V15/><F1/><W14/><G3/><T8/><D8/><U16/><E71/><V68/><F68/><W128/><G128/><T76/><D76/><U129/><E129/><V95/><F95/><W43/><G43/><AGARI ba="1,1" hai="15,17,22,38,43,47,108,109,111,116,118" m="46123" machi="43" ten="40,8000,1" yaku="14,1,13,1,52,3" doraHai="119" who="2" fromWho="3" sc="467,0,222,0,187,93,114,-83" owari="467,56.7,222,-17.8,280,8.0,31,-46.9" /></mjloggm>