<mjloggm ver="2.3"><GO type="225" lobby="0"/><UN n0="%E3%81%82%E3%81%99%E3%81%AB%E3%82%83%E3%82%80" n1="%4B%2E%32%2E%4B%2E" n2="%E3%81%B2%E3%81%AA%E3%81%AE%E3%82%8A%E3%81%8F" n3="%4C%C3%97%57%C3%97%4C" dan="16,16,17,18" rate="2161.45,2084.23,2203.81,2159.21" sx="F,M,M,M"/><TAIKYOKU oya="0"/><INIT seed="0,0,0,4,4,34" ten="250,250,250,250" oya="0" hai0="30,93,90,59,18,16,43,126,53,60,105,23,15" hai1="106,97,35,69,80,99,121,120,62,27,22,104,83" hai2="65,130,71,127,131,68,96,110,20,67,73,55,64" hai3="63,75,98,124,61,91,102,77,1,66,11,50,108"/><T79/><D105/><U31/><E106/><V132/><F73/><W94/><G108/><T41/><D126/><U58/><E22/><V42/><F96/><W109/><G109/><T33/><D79/><U21/><E21/><V88/><F110/><W133/><G133/><T114/><D114/><U72/><E97/><V9/><F132/><W40/><G124/><T10/><D30/><U38/><E38/><V8/><F127/><W135/><G135/><T92/><D33/><U125/><E125/><V49/><F42/><W134/><G63/><T129/><D129/><N who="2" m="49162" /><F20/><W17/><G134/><T39/><D93/><U122/><E72/><V5/><F88/><W119/><G77/><T7/><D39/><U86/><E86/><V48/><F55/><W116/><G91/><T37/><D37/><U46/><E69/><N who="2" m="26699" /><F5/><W52/><G40/><N who="0" m="15435" /><D23/><U95/><E104/><V101/><F101/><W25/><G75/><T32/><D32/><U29/><E29/><V87/><F87/><AGARI ba="0,0" hai="7,10,15,16,18,53,59,60,87,90,92" m="15435" machi="87" ten="30,2900,0" yaku="8,1,54,1" doraHai="34" who="0" fromWho="2" sc="250,29,250,0,250,-29,250,0" /><INIT seed="0,1,0,4,3,117" ten="279,250,221,250" oya="0" hai0="50,37,98,23,128,100,53,108,77,67,46,80,16" hai1="94,9,109,48,31,104,103,83,14,72,111,79,113" hai2="24,73,127,82,93,131,55,12,95,43,26,101,18" hai3="30,63,129,76,69,8,2,70,84,13,51,110,90"/><T27/><D128/><U10/><E113/><V19/><F131/><W15/><G129/><T121/><D121/><U1/><E104/><V116/><F116/><W0/><G76/><T45/><D108/><N who="1" m="41547" /><E1/><V85/><F73/><W86/><G110/><T133/><D133/><U130/><E130/><V115/><F115/><W40/><G30/><T125/><D125/><U102/><E31/><V122/><F127/><W41/><G51/><T34/><D34/><U114/><E114/><V99/><F122/><W28/><G28/><T49/><D67/><U60/><E48/><V124/><F124/><W6/><G90/><T135/><D37/><U132/><E132/><V39/><F95/><W59/><G59/><T56/><D49/><U47/><E47/><V44/><F55/><W52/><G52/><T78/><D135/><U91/><E60/><V97/><F97/><W36/><G63/><T123/><D123/><U5/><E10/><V81/><F81/><W20/><G8/><T65/><D65/><U4/><E4/><V17/><REACH who="2" step="1"/><F12/><REACH who="2" ten="279,250,211,250" step="2"/><W25/><G13/><T66/><D66/><U58/><E58/><V35/><F35/><W106/><G15/><T134/><D134/><U71/><E71/><V21/><F21/><W42/><G70/><T64/><D64/><U107/><E107/><V29/><F29/><N who="3" m="17575" /><G106/><N who="0" m="63767" /><D80/><U89/><E94/><V96/><F96/><W54/><G69/><T7/><D7/><U62/><E5/><V38/><F38/><W61/><G6/><T105/><D105/><U74/><E74/><V22/><F22/><W75/><G36/><T68/><D68/><RYUUKYOKU ba="1,1" sc="279,15,250,-15,211,15,250,-15" hai0="16,23,27,45,46,50,53,56,77,78" hai2="17,18,19,24,26,39,43,44,82,85,93,99,101" /><INIT seed="0,2,1,1,1,52" ten="294,235,226,235" oya="0" hai0="100,24,41,113,39,72,46,69,103,62,133,10,108" hai1="128,36,84,75,48,96,68,23,33,122,9,87,17" hai2="82,94,124,34,80,132,74,106,117,50,76,118,66" hai3="49,107,126,98,56,121,21,59,95,120,91,15,130"/><T1/><D113/><U86/><E75/><V45/><F34/><W90/><G126/><T109/><D133/><U30/><E122/><N who="3" m="47210" /><G107/><T12/><D72/><U4/><E36/><V101/><F132/><W61/><G130/><T14/><D24/><U26/><E128/><V38/><F38/><W131/><G131/><T92/><D1/><U43/><E68/><V110/><F124/><W89/><G49/><T5/><D14/><U11/><E96/><V88/><F82/><W53/><G59/><T3/><D3/><U85/><E4/><V112/><F112/><W77/><G77/><T37/><D37/><U60/><E60/><V73/><F73/><W13/><G21/><T125/><D125/><U57/><N who="1" m="21504" /><DORA hai="47" /><U104/><E104/><V19/><F106/><W135/><G135/><T22/><D22/><U93/><E93/><V29/><F94/><W116/><G116/><T6/><D6/><U111/><E111/><N who="0" m="42569" /><D92/><U54/><REACH who="1" step="1"/><E43/><REACH who="1" ten="294,225,226,235" step="2"/><V2/><F110/><W78/><G78/><T58/><D69/><U67/><E67/><AGARI ba="2,2" hai="5,10,12,39,41,46,58,62,67,100,103" m="42569" machi="67" ten="30,5800,0" yaku="14,1,10,1,52,1" doraHai="52,47" who="0" fromWho="1" sc="294,84,225,-64,226,0,235,0" /><INIT seed="0,3,0,1,5,85" ten="378,161,226,235" oya="0" hai0="100,53,72,14,56,58,88,28,19,87,78,123,114" hai1="7,3,54,96,71,125,24,126,4,93,10,33,62" hai2="48,17,68,59,112,79,13,119,74,116,18,15,16" hai3="99,111,2,117,12,61,129,22,108,104,107,64,106"/><T130/><D114/><U63/><E7/><V35/><F68/><W29/><G117/><N who="2" m="45129" /><F112/><W42/><G2/><T132/><D123/><U122/><E122/><V91/><F35/><W94/><G42/><T95/><D130/><U47/><E71/><V115/><F115/><W27/><G12/><N who="2" m="4681" /><F79/><W120/><G129/><T45/><D132/><U32/><E63/><V98/><F74/><W135/><G135/><T83/><D28/><U92/><E92/><N who="2" m="56607" /><F18/><W11/><G11/><T1/><D1/><U67/><E33/><V73/><F73/><W66/><G120/><T124/><D124/><N who="1" m="47723" /><E32/><V75/><F75/><W37/><G37/><T105/><D45/><U101/><E47/><V6/><F6/><W127/><G127/><T36/><D36/><U57/><E24/><V0/><F0/><W77/><G77/><T128/><D128/><U30/><E30/><V84/><F84/><W90/><REACH who="3" step="1"/><G66/><AGARI ba="3,0" hai="3,4,10,54,57,62,66,67,93,96,101" m="47723" machi="66" ten="30,1000,0" yaku="18,1" doraHai="85" who="1" fromWho="3" sc="378,0,161,19,226,0,235,-19" /><INIT seed="1,0,0,3,1,126" ten="378,180,226,216" oya="1" hai0="106,78,37,104,33,120,48,123,52,101,63,102,88" hai1="15,42,97,0,7,62,86,121,20,3,99,130,128" hai2="16,107,45,89,131,93,34,117,132,59,92,71,47" hai3="27,94,124,109,129,25,46,24,12,22,125,72,49"/><U57/><E121/><N who="0" m="46665" /><D37/><U81/><E42/><V112/><F117/><W133/><G72/><T113/><D33/><U23/><E23/><V118/><F71/><W98/><G109/><T73/><D63/><U17/><E97/><V9/><F107/><N who="0" m="41002" /><D88/><N who="1" m="51279" /><E99/><V119/><F89/><W2/><G124/><T68/><D68/><U11/><E57/><V19/><F59/><W82/><G125/><T1/><D1/><N who="1" m="495" /><E62/><V80/><F34/><W114/><G2/><T30/><D30/><U69/><E69/><V122/><F118/><W54/><G98/><T64/><D64/><U91/><E91/><V56/><F122/><W127/><G127/><T70/><D70/><U76/><E76/><V77/><F77/><W26/><G82/><N who="0" m="45391" /><D113/><U53/><E53/><V43/><F112/><W74/><G114/><T84/><D84/><U28/><E28/><V55/><F56/><AGARI ba="0,0" hai="48,52,56,101,102" m="45391,41002,46665" machi="56" ten="30,2000,0" yaku="13,1,54,1" doraHai="126" who="0" fromWho="2" sc="378,20,180,0,226,-20,216,0" /><INIT seed="2,0,0,5,0,132" ten="398,180,206,216" oya="2" hai0="108,77,118,63,90,82,4,48,120,55,72,13,92" hai1="79,57,10,119,134,29,101,96,51,41,131,85,68" hai2="25,67,31,69,15,124,127,71,116,73,114,91,19" hai3="112,88,102,94,80,81,104,121,98,50,125,107,106"/><V34/><F114/><W78/><G50/><T32/><D108/><U18/><E68/><V89/><F116/><W115/><G121/><T36/><D36/><U38/><E38/><V61/><F73/><N who="3" m="43087" /><G125/><N who="2" m="48201" /><F71/><W110/><G110/><T130/><D32/><U83/><E119/><V27/><F25/><W86/><AGARI ba="0,0" hai="81,86,88,94,98,102,104,106,107,112,115" m="43087" machi="86" ten="40,5200,0" yaku="34,2,54,1" doraHai="132" who="3" fromWho="3" sc="398,-13,180,-13,206,-26,216,52" /><INIT seed="3,0,0,3,5,66" ten="385,167,180,268" oya="3" hai0="23,63,135,42,29,15,123,64,31,65,78,1,18" hai1="43,7,102,88,112,91,61,52,93,126,85,48,90" hai2="32,103,20,5,118,56,2,86,25,62,115,14,51" hai3="95,114,49,98,120,4,72,79,84,57,11,109,47"/><W3/><G114/><T117/><D1/><U27/><E112/><V125/><F118/><W119/><G119/><T75/><D65/><U134/><E134/><V74/><F74/><W46/><G120/><T35/><D35/><U106/><E106/><V89/><F32/><W83/><G109/><T133/><D42/><U53/><E126/><V10/><F125/><W21/><G21/><T34/><D34/><U110/><E110/><V124/><F124/><W30/><G30/><T100/><D100/><U58/><E7/><V22/><F103/><W77/><G77/><T55/><D55/><U38/><E38/><V132/><F132/><N who="0" m="50762" /><D117/><U41/><E27/><V129/><F115/><W16/><G72/><T87/><D87/><N who="1" m="52447" /><E102/><V40/><F2/><W111/><G111/><T80/><D123/><U128/><E128/><V113/><F129/><W67/><G67/><T6/><D6/><U131/><E131/><V13/><F113/><W24/><G24/><T68/><AGARI ba="0,0" hai="15,18,23,29,31,63,64,68,75,78,80" m="50762" machi="68" ten="30,2000,0" yaku="20,1,52,1" doraHai="66" who="0" fromWho="0" sc="385,20,167,-5,180,-5,268,-10" owari="405,50.5,162,-33.8,175,-22.5,258,5.8" /></mjloggm>