<mjloggm ver="2.3"><GO type="225" lobby="0"/><UN n0="%E9%B3%B3%E6%9D%B1%E3%81%AE%E3%81%86%E3%81%95%E3%81%8E%E3%81%95%E3%82%93" n1="%6D%75%75%6D%75%72%61" n2="%E8%90%BD%E6%97%A5" n3="%77%72%77%72%77%72%77%72" dan="16,16,19,16" rate="2118.11,2104.20,2260.68,2132.49" sx="M,F,F,M"/><TAIKYOKU oya="0"/><INIT seed="0,0,0,1,2,89" ten="250,250,250,250" oya="0" hai0="2,81,56,15,66,73,3,29,10,18,71,93,127" hai1="129,92,39,13,43,11,17,90,78,49,126,45,120" hai2="28,96,121,104,22,38,95,63,14,112,12,130,128" hai3="7,117,88,82,131,124,101,99,50,77,118,20,69"/><T5/><D71/><U36/><E129/><N who="2" m="49771" /><F121/><W33/><G33/><T65/><D127/><U84/><E126/><V4/><F112/><W16/><G124/><T32/><D2/><U27/><E120/><V23/><F38/><W122/><G131/><T41/><D41/><U100/><E78/><V30/><F104/><W64/><G122/><T87/><D73/><U102/><E39/><V40/><F40/><W58/><G69/><T6/><D56/><U116/><E116/><V106/><F106/><W0/><G7/><T47/><D47/><U132/><E132/><V35/><F63/><W115/><G0/><T37/><D37/><U68/><E68/><V125/><F125/><W98/><G115/><T103/><D29/><N who="2" m="11370" /><F35/><W111/><G111/><T62/><D32/><U25/><REACH who="1" step="1"/><E36/><REACH who="1" ten="250,240,250,250" step="2"/><V72/><F72/><W109/><G109/><T26/><D3/><U8/><E8/><N who="2" m="4103" /><F14/><W67/><G118/><T83/><D15/><U46/><E46/><V119/><F119/><W24/><G117/><T31/><D10/><U91/><E91/><AGARI ba="0,1" hai="22,23,91,95,96" m="4103,11370,49771" machi="91" ten="30,2000,0" yaku="19,1,52,1" doraHai="89" who="2" fromWho="1" sc="250,0,240,-20,250,30,250,0" /><INIT seed="1,0,0,0,1,48" ten="250,220,280,250" oya="1" hai0="10,120,0,127,99,129,30,131,7,43,31,19,27" hai1="102,67,37,35,32,13,24,74,118,107,57,106,33" hai2="15,97,128,21,85,54,78,26,29,39,75,42,133" hai3="77,101,71,82,20,135,65,89,117,72,110,11,96"/><U62/><E118/><V95/><F128/><N who="0" m="49226" /><D43/><U45/><E24/><V17/><F133/><W108/><G135/><T126/><D99/><U22/><E74/><V6/><F75/><W44/><G117/><T79/><D79/><U64/><E64/><V112/><F112/><W3/><G20/><N who="0" m="13727" /><D120/><U12/><E102/><V130/><F130/><W14/><G3/><T105/><D105/><U60/><E60/><V18/><F42/><W125/><G125/><AGARI ba="0,0" hai="0,7,10,30,31,125,126,127" m="13727,49226" machi="125" ten="30,7700,0" yaku="18,1,19,1,34,2" doraHai="48" who="0" fromWho="3" sc="250,77,220,0,280,0,250,-77" /><INIT seed="2,0,0,3,5,94" ten="327,220,280,173" oya="2" hai0="116,77,35,85,62,106,7,96,72,8,99,60,107" hai1="26,76,131,88,79,82,70,16,42,133,130,111,12" hai2="69,59,13,1,25,37,32,110,113,102,38,53,46" hai3="34,29,14,90,97,81,95,103,56,74,124,17,114"/><V43/><F113/><W36/><G114/><T101/><D35/><U9/><E70/><V93/><F1/><W89/><G124/><T134/><D72/><U66/><E111/><V83/><F69/><W84/><G36/><T115/><D115/><U68/><E133/><V30/><F110/><W104/><G56/><T33/><D33/><U92/><E42/><V49/><F83/><W118/><G118/><T45/><D134/><U132/><E132/><V3/><F3/><W57/><G57/><T19/><D116/><U20/><E66/><V64/><F13/><W129/><G129/><N who="1" m="49162" /><E82/><V15/><F15/><W125/><G125/><T71/><D19/><N who="1" m="12575" /><E68/><V122/><F122/><W117/><G117/><T2/><D71/><U98/><AGARI ba="0,0" hai="9,12,16,76,79,88,92,98" m="12575,49162" machi="98" ten="30,7900,0" yaku="19,1,52,1,54,2" doraHai="94" who="1" fromWho="1" sc="327,-20,220,79,280,-39,173,-20" /><INIT seed="3,0,0,0,1,132" ten="307,299,241,153" oya="3" hai0="113,20,114,48,127,26,89,75,122,90,102,36,83" hai1="5,56,87,64,11,115,55,106,96,101,108,97,4" hai2="70,32,50,128,6,7,3,85,60,92,100,94,112" hai3="15,13,12,21,24,29,81,59,72,30,40,135,133"/><W27/><G40/><T71/><D36/><U74/><E115/><N who="0" m="44041" /><D127/><U105/><E74/><V41/><F112/><W93/><G93/><T18/><D122/><U99/><E108/><V129/><F32/><W109/><G59/><T10/><D71/><U43/><E64/><V118/><F118/><W80/><G72/><T67/><D67/><U44/><E87/><V39/><F39/><W88/><G109/><T131/><D131/><U52/><E106/><V38/><F38/><W49/><G49/><T63/><D63/><U78/><E78/><V45/><F60/><W54/><G54/><T123/><D123/><U117/><E117/><V34/><F34/><W110/><G110/><T28/><D102/><U53/><E56/><V77/><F70/><W111/><G111/><T57/><D10/><U62/><E62/><V86/><F86/><W104/><G104/><T2/><D2/><U116/><E116/><V107/><F107/><W103/><G103/><T84/><D75/><U37/><E5/><V66/><F66/><W121/><G121/><T17/><D89/><U9/><E9/><N who="2" m="2271" /><F7/><W46/><G88/><T73/><D73/><U51/><REACH who="1" step="1"/><E37/><REACH who="1" ten="307,289,241,153" step="2"/><V14/><F14/><AGARI ba="0,1" hai="4,11,14,43,44,51,52,53,55,96,97,99,101,105" machi="14" ten="40,5200,0" yaku="1,1,2,1,54,1,53,0" doraHai="132" doraHaiUra="126" who="1" fromWho="2" sc="307,0,289,62,241,-52,153,0" owari="307,10.7,351,45.1,189,-21.1,153,-34.7" /></mjloggm>