<mjloggm ver="2.3"><GO type="225" lobby="0"/><UN n0="%E6%98%93%E5%88%A9%E8%96%A9%E4%BC%AF" n1="%72%69%6F%75%63%68%61%6E" n2="%E5%B6%BA%E4%B8%8A%E5%92%B2" n3="%E3%83%A9%E3%82%A4%E3%83%B3%E3%81%AE%E8%99%8E" dan="16,16,16,16" rate="2121.35,2200.47,2085.67,2109.17" sx="F,M,F,M"/><TAIKYOKU oya="0"/><INIT seed="0,0,0,3,3,79" ten="250,250,250,250" oya="0" hai0="40,54,99,46,56,42,9,107,84,28,34,98,18" hai1="74,23,90,126,45,92,39,123,14,85,13,69,97" hai2="20,51,4,124,111,63,77,27,103,31,130,125,109" hai3="131,73,11,106,68,120,16,26,52,80,24,135,65"/><T22/><D34/><U83/><E126/><N who="2" m="48747" /><F77/><N who="3" m="44079" /><G106/><T0/><D28/><U86/><E123/><V66/><F103/><W78/><G68/><T29/><D29/><U25/><E69/><N who="2" m="42207" /><F130/><W12/><G65/><T35/><D35/><U72/><E86/><V71/><F71/><W104/><G104/><T115/><D115/><U119/><E119/><V81/><F51/><W59/><G78/><T91/><D9/><U19/><E13/><V105/><F105/><W60/><G120/><T38/><D42/><U37/><E14/><V82/><F4/><W114/><G114/><T5/><D107/><U116/><E116/><V47/><F47/><W70/><G70/><T113/><D5/><U96/><E96/><V58/><F58/><W44/><G44/><T62/><D0/><U48/><E37/><V50/><F50/><W93/><G93/><T67/><D67/><U17/><E17/><V128/><F128/><W55/><G55/><T33/><D33/><U100/><REACH who="1" step="1"/><E39/><REACH who="1" ten="250,240,250,250" step="2"/><V49/><F49/><W108/><G131/><T95/><D113/><U2/><E2/><V89/><F89/><W122/><G122/><T121/><D121/><U3/><E3/><V15/><F15/><AGARI ba="0,1" hai="15,18,22,38,40,46,54,56,62,84,91,95,98,99" machi="15" ten="30,1500,0" yaku="7,1" doraHai="79" who="0" fromWho="2" sc="250,25,240,0,250,-15,250,0" /><INIT seed="0,1,0,1,1,71" ten="275,240,235,250" oya="0" hai0="5,27,96,24,129,7,116,81,92,67,49,23,4" hai1="6,101,107,125,77,120,114,112,102,58,82,75,19" hai2="20,38,63,126,42,57,35,32,8,33,79,118,70" hai3="18,29,135,64,133,131,30,74,22,16,59,39,130"/><T41/><D116/><U34/><E120/><V46/><F126/><W76/><G76/><T90/><D129/><N who="3" m="49161" /><G74/><T9/><D67/><U109/><E125/><V25/><F118/><W94/><G94/><T47/><D81/><U95/><E109/><V85/><F70/><W14/><G39/><T66/><D66/><U54/><E34/><V52/><F8/><N who="3" m="6215" /><G59/><T37/><D27/><U55/><E6/><V123/><F123/><W56/><G56/><T111/><D111/><U43/><E43/><V110/><F110/><W91/><G91/><T127/><D127/><U2/><E2/><V87/><REACH who="2" step="1"/><F79/><REACH who="2" ten="275,240,225,250" step="2"/><W48/><G64/><T26/><D9/><U89/><E114/><V21/><F21/><W0/><G0/><T11/><D11/><U115/><E112/><V1/><F1/><W103/><G48/><T98/><D26/><U50/><E115/><V132/><F132/><N who="3" m="50763" /><G103/><T68/><D68/><U40/><E102/><V117/><F117/><W65/><G65/><T86/><REACH who="0" step="1"/><D49/><REACH who="0" ten="265,240,225,250" step="2"/><U45/><E50/><V104/><F104/><W88/><G88/><T80/><D80/><U134/><E82/><V44/><F44/><W53/><G53/><T31/><AGARI ba="1,2" hai="4,5,7,23,24,31,37,41,47,86,90,92,96,98" machi="31" ten="30,6000,0" yaku="1,1,0,1,52,1,53,0" doraHai="71" doraHaiUra="97" who="0" fromWho="0" sc="265,83,240,-21,225,-21,250,-21" /><INIT seed="0,2,0,2,1,1" ten="348,219,204,229" oya="0" hai0="56,123,77,27,109,110,125,32,95,47,134,62,86" hai1="104,2,126,36,43,130,107,58,53,22,115,26,14" hai2="12,82,90,112,40,9,118,31,105,103,16,97,127" hai3="99,8,34,66,5,3,69,19,20,4,74,124,6"/><T38/><D123/><U120/><E120/><V64/><F112/><W50/><G74/><T24/><D134/><U128/><E126/><V100/><F127/><W46/><G124/><T42/><D125/><U68/><E68/><V41/><F118/><W78/><G78/><T114/><D114/><U45/><E2/><V101/><F31/><W88/><G34/><T117/><D117/><U13/><E115/><V106/><F64/><W48/><G69/><T87/><D87/><U59/><E13/><V28/><F28/><W73/><G66/><T102/><D102/><U132/><E132/><V94/><REACH who="2" step="1"/><F82/><REACH who="2" ten="348,219,194,229" step="2"/><W35/><G35/><T135/><D32/><U65/><E65/><V84/><F84/><W51/><G73/><T25/><D135/><U91/><E130/><V33/><F33/><W70/><G70/><T122/><D122/><U39/><E128/><V30/><F30/><W52/><G3/><T81/><REACH who="0" step="1"/><D95/><REACH who="0" ten="338,219,194,229" step="2"/><U7/><E107/><AGARI ba="2,2" hai="9,12,16,40,41,90,94,97,100,101,103,105,106,107" machi="107" ten="40,2600,0" yaku="1,1,54,1,53,0" doraHai="1" doraHaiUra="57" who="2" fromWho="1" sc="338,0,219,-32,194,52,229,0" /><INIT seed="1,0,0,3,1,77" ten="338,187,246,229" oya="1" hai0="122,88,12,18,10,29,55,109,37,13,129,98,75" hai1="86,14,133,127,41,3,58,107,90,110,11,74,106" hai2="80,118,135,48,26,73,30,39,51,85,43,2,31" hai3="0,112,34,121,134,21,95,117,130,76,116,91,15"/><U53/><E74/><V81/><F118/><W36/><G36/><T97/><D75/><U8/><E127/><V132/><F2/><W52/><G34/><T38/><D109/><U101/><E110/><V94/><F73/><W120/><G0/><T102/><D29/><U69/><E69/><V111/><F111/><W20/><G112/><T84/><D129/><U19/><E133/><N who="2" m="51275" /><F39/><W89/><G134/><T105/><D98/><U24/><E41/><V100/><F31/><W79/><G130/><T27/><D27/><U83/><E101/><V25/><F25/><W68/><G15/><T46/><D13/><U63/><REACH who="1" step="1"/><E24/><REACH who="1" ten="338,177,246,229" step="2"/><V113/><F113/><W126/><G68/><T114/><D114/><U61/><E61/><V93/><F43/><W44/><G126/><T131/><D131/><U45/><E45/><V47/><F47/><W70/><G70/><T17/><D46/><U49/><E49/><N who="2" m="19019" /><F100/><W78/><G44/><T103/><D102/><U54/><E54/><V124/><F124/><W67/><G52/><T1/><D55/><U59/><E59/><V92/><F85/><W40/><G40/><T23/><D84/><U28/><E28/><V87/><F87/><W22/><G67/><T7/><D38/><U82/><E82/><V115/><F115/><W50/><G50/><T65/><D37/><U32/><E32/><AGARI ba="0,1" hai="26,30,32,80,81,92,93,94" m="19019,51275" machi="32" ten="30,3900,0" yaku="20,1,52,2" doraHai="77" who="2" fromWho="1" sc="338,0,177,-39,246,49,229,0" /><INIT seed="2,0,0,1,3,13" ten="338,138,295,229" oya="2" hai0="95,24,63,84,65,25,27,124,40,88,18,37,29" hai1="11,81,49,4,61,113,104,20,43,41,97,130,117" hai2="58,101,22,53,1,38,62,46,80,93,16,64,72" hai3="106,32,128,114,35,12,57,8,74,118,34,90,105"/><V68/><F1/><W6/><G118/><T100/><D124/><U69/><E130/><V0/><F0/><W99/><G74/><T2/><D2/><U76/><E113/><V77/><F101/><W111/><G111/><T135/><D135/><U42/><E117/><V26/><F93/><W30/><G30/><T54/><D54/><U125/><E125/><V120/><F120/><W112/><G128/><T133/><D133/><U10/><E69/><V9/><F9/><W83/><G57/><T116/><D116/><U119/><E119/><V7/><F7/><W102/><G105/><T134/><D37/><U129/><E129/><V108/><F108/><W44/><G44/><T52/><D40/><U33/><E33/><V45/><REACH who="2" step="1"/><F38/><REACH who="2" ten="338,138,285,229" step="2"/><W60/><G114/><T96/><D134/><U109/><E109/><V91/><F91/><W15/><G112/><T55/><D29/><U28/><E10/><V3/><F3/><W103/><G103/><T75/><D75/><N who="1" m="43167" /><E11/><V51/><AGARI ba="0,1" hai="16,22,26,45,46,51,53,58,62,64,68,72,77,80" machi="51" ten="20,12000,1" yaku="1,1,0,1,7,1,52,1,54,1,53,0" doraHai="13" doraHaiUra="94" who="2" fromWho="2" sc="338,-40,138,-40,285,130,229,-40" /><INIT seed="2,1,0,5,3,54" ten="298,98,415,189" oya="2" hai0="33,7,126,34,2,63,133,31,48,93,60,25,75" hai1="40,85,120,101,56,65,71,4,8,68,134,49,124" hai2="92,17,107,77,125,115,79,121,108,44,130,80,94" hai3="106,5,10,103,53,82,43,129,100,135,20,39,19"/><V89/><F115/><W128/><G135/><T22/><D75/><U117/><E117/><V9/><F121/><W35/><G35/><T3/><D93/><U51/><E134/><V21/><F107/><W109/><G109/><T14/><D48/><U24/><E120/><V74/><F130/><N who="3" m="50283" /><G106/><T102/><D102/><U70/><E124/><V26/><F108/><W41/><G82/><T110/><D110/><U83/><E101/><N who="3" m="38986" /><G53/><T38/><D126/><U81/><E24/><V73/><F125/><W69/><G69/><T66/><D34/><U90/><E81/><V97/><F77/><W111/><G39/><T12/><D38/><U57/><E65/><V123/><F123/><W76/><G76/><T132/><D66/><U131/><E131/><V122/><F122/><W114/><G114/><T23/><D33/><U116/><E116/><V87/><F9/><W112/><G112/><T52/><D52/><U16/><E16/><V32/><F32/><W105/><G105/><T86/><D31/><U99/><E99/><V67/><F67/><W30/><G30/><T98/><D98/><U15/><REACH who="1" step="1"/><E49/><REACH who="1" ten="298,88,415,189" step="2"/><V64/><F64/><W28/><G111/><T84/><REACH who="0" step="1"/><D25/><REACH who="0" ten="288,88,415,189" step="2"/><U46/><AGARI ba="1,2" hai="4,8,15,40,46,51,56,57,68,70,71,83,85,90" machi="46" ten="40,12000,2" yaku="1,1,2,1,0,1,52,2,53,2" doraHai="54" doraHaiUra="55" who="1" fromWho="1" sc="288,-31,88,143,415,-61,189,-31" /><INIT seed="3,0,0,3,2,52" ten="257,231,354,158" oya="3" hai0="130,126,37,112,121,39,83,96,3,115,74,42,117" hai1="86,49,17,22,91,36,56,34,92,40,98,54,31" hai2="4,43,88,61,47,127,89,120,8,103,114,67,79" hai3="57,135,6,7,134,24,35,101,60,95,68,94,73"/><W21/><G73/><T18/><D117/><U5/><E5/><V116/><F114/><N who="0" m="43562" /><D3/><U128/><E128/><V9/><F127/><W14/><G35/><T44/><D121/><U124/><E124/><V131/><F131/><W119/><G68/><T23/><D130/><U64/><E64/><V78/><F116/><W102/><G119/><T27/><D126/><U11/><E11/><V106/><F120/><W104/><G104/><T93/><D83/><U80/><E34/><V32/><F32/><W45/><G45/><T12/><D74/><U72/><E72/><V1/><F9/><N who="3" m="4407" /><G7/><T75/><D75/><U100/><E31/><V25/><F106/><W107/><G107/><T90/><D27/><U111/><E111/><V30/><F47/><W55/><G134/><T16/><D18/><U13/><E36/><AGARI ba="0,0" hai="12,16,23,36,37,39,42,44,90,93,96" m="43562" machi="36" ten="30,2000,0" yaku="11,1,54,1" doraHai="52" who="0" fromWho="1" sc="257,20,231,-20,354,0,158,0" owari="277,7.7,211,-18.9,354,45.4,158,-34.2" /></mjloggm>