<mjloggm ver="2.3"><GO type="225" lobby="0"/><UN n0="%E9%B3%B3%E6%9D%B1%E3%81%AE%E3%81%BF%E3%81%91%E3%81%AB%E3%82%83%E3%82%93" n1="%E3%82%B2%E3%82%B9%E8%8C%82%E5%8B%9D" n2="%E5%B8%86%E7%AB%8B%E5%A4%8F%E8%A1%A3" n3="%E6%B4%BE%E9%81%A3%E3%81%AE%E3%82%B8%E3%83%A3%E3%83%83%E3%82%AF" dan="17,16,16,17" rate="2140.20,2124.06,2095.96,2184.78" sx="F,F,M,M"/><TAIKYOKU oya="0"/><INIT seed="0,0,0,4,2,31" ten="250,250,250,250" oya="0" hai0="100,20,84,54,125,63,59,93,11,122,28,5,121" hai1="85,118,90,45,62,33,13,71,80,30,43,92,17" hai2="61,104,16,56,97,83,69,12,66,112,68,38,74" hai3="3,48,95,124,114,91,9,128,78,76,60,42,29"/><T107/><D107/><U24/><E118/><V37/><F112/><W132/><G114/><T113/><D113/><U87/><E62/><V65/><F65/><W25/><G124/><T130/><D125/><U36/><E71/><V99/><F69/><W105/><G105/><T46/><D130/><U86/><REACH who="1" step="1"/><E80/><REACH who="1" ten="250,240,250,250" step="2"/><V53/><F68/><W115/><G115/><T55/><D63/><U75/><E75/><V134/><F83/><W126/><G60/><T119/><D119/><U88/><E88/><V2/><F74/><W94/><G126/><T35/><D121/><U22/><AGARI ba="0,1" hai="13,17,22,24,30,33,36,43,45,85,86,87,90,92" machi="22" ten="20,8000,1" yaku="1,1,0,1,7,1,52,1,53,1" doraHai="31" doraHaiUra="10" who="1" fromWho="1" sc="250,-40,240,90,250,-20,250,-20" /><INIT seed="1,0,0,5,0,15" ten="210,330,230,230" oya="1" hai0="11,36,37,126,19,7,42,106,129,60,130,57,10" hai1="41,118,109,87,59,76,120,47,33,27,1,56,9" hai2="29,13,50,17,82,134,46,102,101,88,48,116,24" hai3="52,100,20,95,6,63,30,96,3,123,35,61,86"/><U103/><E118/><V119/><F134/><W110/><G123/><T58/><D106/><U113/><E120/><V117/><F102/><W125/><G110/><T75/><D75/><U72/><E113/><V40/><F101/><W44/><G125/><T105/><D105/><U84/><E103/><V135/><F135/><W49/><G35/><T53/><D126/><U78/><E78/><V67/><F67/><W133/><G133/><T97/><D97/><U80/><E109/><V66/><F66/><W74/><G74/><T39/><D57/><U4/><E56/><V127/><F127/><W54/><G54/><T69/><D42/><U18/><E59/><V28/><F48/><W64/><G64/><T31/><D31/><U26/><E26/><V121/><F24/><N who="3" m="16647" /><G3/><T70/><D10/><U85/><E33/><V89/><F121/><W114/><G114/><T90/><D90/><U92/><E92/><V12/><F89/><N who="3" m="53687" /><G6/><T21/><D11/><U122/><E122/><V79/><F12/><W93/><AGARI ba="0,0" hai="44,49,52,61,63,93,96,100" m="53687,16647" machi="93" ten="30,2000,0" yaku="8,1,54,1" doraHai="15" who="3" fromWho="3" sc="210,-5,330,-10,230,-5,230,20" /><INIT seed="2,0,0,5,2,101" ten="205,320,225,250" oya="2" hai0="35,57,23,7,88,127,75,81,52,33,99,72,129" hai1="24,60,36,17,42,27,110,73,108,55,30,78,5" hai2="84,112,103,50,102,63,107,48,134,98,58,31,124" hai3="80,34,53,135,56,125,12,74,59,106,114,118,51"/><V79/><F124/><W9/><G118/><T26/><D7/><U41/><E5/><V1/><F134/><W14/><G34/><T100/><D127/><U71/><E17/><V83/><F112/><W131/><G125/><T45/><D45/><U128/><E128/><V109/><F1/><W69/><G69/><T120/><D120/><U77/><E55/><V13/><F109/><N who="1" m="42089" /><E60/><V130/><F130/><W113/><G131/><T117/><D129/><U8/><E8/><V54/><F102/><W25/><G25/><T96/><D117/><U0/><E0/><V91/><F31/><W3/><G135/><T65/><D65/><U115/><E71/><V70/><F70/><W68/><G68/><T123/><D123/><U2/><E2/><V37/><F37/><W15/><G3/><T43/><D43/><N who="1" m="16395" /><E36/><V89/><REACH who="2" step="1"/><F13/><REACH who="2" ten="205,320,215,250" step="2"/><W116/><G116/><T46/><D100/><U38/><E115/><V111/><F111/><W119/><G119/><T47/><D35/><N who="1" m="20935" /><E38/><V82/><F82/><W18/><G80/><T86/><D33/><U67/><E73/><V133/><F133/><W76/><G74/><T95/><D72/><U93/><E93/><V61/><F61/><W90/><G113/><T92/><D75/><U20/><E67/><V85/><F85/><W62/><G114/><T87/><D95/><U132/><E132/><V6/><F6/><W97/><G62/><N who="0" m="36135" /><D87/><U21/><E27/><V94/><F94/><W40/><G9/><T10/><D10/><U16/><E16/><V44/><F44/><N who="0" m="16938" /><D92/><U122/><E122/><V121/><F121/><W32/><G18/><AGARI ba="0,1" hai="18,23,26,81,86,88,96,99" m="16938,36135" machi="18" ten="30,7700,0" yaku="6,1,8,1,54,2" doraHai="101" who="0" fromWho="3" sc="205,87,320,0,215,0,250,-77" /><INIT seed="3,0,0,0,4,13" ten="292,320,215,173" oya="3" hai0="65,46,48,36,134,111,83,94,61,23,40,51,24" hai1="10,26,69,64,95,57,107,2,116,96,70,84,77" hai2="93,73,68,66,52,108,14,32,112,118,43,7,45" hai3="128,4,110,3,102,99,53,91,16,50,119,76,117"/><W75/><G128/><T44/><D111/><U58/><E107/><V88/><F112/><W132/><G132/><T19/><D134/><U27/><E116/><V28/><F118/><W86/><G110/><T92/><D83/><U1/><E84/><V78/><F108/><W98/><G75/><T101/><D101/><U21/><E77/><V41/><F32/><W0/><G76/><T89/><D36/><U18/><E27/><V131/><F28/><W82/><G117/><T15/><D24/><U42/><E42/><V120/><F120/><W12/><G119/><T34/><D34/><U29/><E29/><V125/><F125/><W11/><G4/><T80/><D80/><U87/><E87/><V103/><F103/><W130/><G130/><T124/><D89/><U67/><E69/><V54/><F43/><W60/><G60/><T133/><D124/><U113/><E113/><V114/><F114/><W38/><G38/><T59/><D133/><U31/><E70/><V56/><F68/><W62/><G62/><T72/><D72/><U6/><E1/><N who="3" m="586" /><G102/><T81/><D81/><U20/><E64/><V74/><F131/><W85/><G85/><T97/><D97/><U39/><E67/><V17/><F74/><W126/><G126/><T63/><D63/><U105/><E39/><N who="2" m="21695" /><F73/><W90/><G90/><T121/><D121/><U37/><E37/><V47/><F78/><W109/><G109/><T9/><D9/><U55/><E105/><V35/><F66/><W71/><G71/><T22/><D22/><U79/><E79/><V106/><F106/><W129/><G129/><RYUUKYOKU ba="0,0" sc="292,15,320,-15,215,-15,173,15" hai0="15,19,23,40,44,46,48,51,59,61,65,92,94" hai3="11,12,16,50,53,82,86,91,98,99" /><INIT seed="3,1,0,2,2,71" ten="307,305,200,188" oya="3" hai0="125,127,84,109,99,132,76,83,70,48,121,54,44" hai1="93,21,115,98,134,96,106,42,33,112,104,61,102" hai2="111,34,129,27,55,51,1,130,40,101,14,117,119" hai3="53,3,45,18,41,68,133,7,20,122,88,126,56"/><W90/><G122/><T77/><D121/><U131/><E33/><V9/><F40/><W135/><G68/><T81/><D109/><U0/><E0/><V108/><F101/><W72/><G72/><T43/><D132/><N who="3" m="50761" /><G126/><N who="0" m="48139" /><D70/><U60/><E134/><V62/><F62/><N who="3" m="36111" /><G7/><T23/><D23/><U58/><E131/><N who="2" m="50187" /><F55/><W97/><G97/><T5/><D99/><U79/><E79/><V89/><F89/><W26/><G3/><T75/><D5/><U87/><E42/><AGARI ba="1,0" hai="42,43,44,48,54,75,76,77,81,83,84" m="48139" machi="42" ten="30,1000,0" yaku="18,1" doraHai="71" who="0" fromWho="1" sc="307,13,305,-13,200,0,188,0" owari="320,42.0,292,9.2,200,-20.0,188,-31.2" /></mjloggm>