<mjloggm ver="2.3"><GO type="225" lobby="0"/><UN n0="%E3%83%81%E3%83%83%E3%82%BF%E3%82%BD%E3%83%BC" n1="%72%65%6E%6B%75%6E" n2="%4B%2E%32%2E%4B%2E" n3="%E6%81%A5%E6%99%92%E3%81%97" dan="17,17,17,16" rate="2187.12,2272.75,2187.63,2107.16" sx="F,M,M,M"/><TAIKYOKU oya="0"/><INIT seed="0,0,0,0,1,47" ten="250,250,250,250" oya="0" hai0="67,40,3,12,35,32,122,84,53,54,29,93,25" hai1="81,74,71,57,51,89,27,120,19,15,42,21,118" hai2="48,132,37,0,101,17,85,129,103,41,7,26,117" hai3="16,5,124,114,73,76,50,82,119,100,6,49,59"/><T68/><D122/><U83/><E71/><V95/><F37/><W45/><G114/><T72/><D3/><U135/><E118/><V125/><F117/><W102/><G124/><T64/><D72/><U78/><E120/><V4/><F125/><W131/><G131/><T31/><D40/><U61/><E135/><V44/><F129/><W18/><G119/><T111/><D111/><U33/><E83/><V75/><F75/><W56/><G73/><T65/><D68/><U94/><E33/><V36/><F36/><W22/><G82/><T87/><D12/><U108/><E108/><V92/><F132/><W104/><G22/><T66/><D66/><U133/><E133/><V28/><F17/><W91/><G45/><T46/><D46/><U69/><E69/><V128/><F128/><W115/><G91/><T9/><D9/><U10/><E42/><V52/><F41/><W134/><G134/><T116/><D116/><U123/><E123/><V14/><F0/><W113/><REACH who="3" step="1"/><G104/><REACH who="3" ten="250,250,250,240" step="2"/><T90/><D84/><U86/><E21/><N who="2" m="15439" /><F85/><W39/><G39/><T80/><D80/><U24/><REACH who="1" step="1"/><E51/><REACH who="1" ten="250,240,250,240" step="2"/><V62/><F48/><W99/><G99/><T58/><D32/><U112/><E112/><V23/><F23/><W126/><G126/><T30/><D29/><U11/><E11/><V107/><F107/><W70/><G70/><T106/><D31/><U130/><E130/><V8/><F8/><W60/><G60/><N who="0" m="35919" /><D106/><U105/><E105/><V110/><F110/><W127/><G127/><T63/><D63/><U109/><E109/><V55/><F62/><W77/><AGARI ba="0,2" hai="5,6,16,18,49,50,56,59,76,77,100,102,113,115" machi="77" ten="25,16000,3" yaku="1,1,5,1,0,1,22,2,52,2,54,1,53,0" doraHai="47" doraHaiUra="34" who="3" fromWho="3" sc="250,-80,240,-40,250,-40,240,180" /><INIT seed="1,0,0,2,5,39" ten="170,200,210,420" oya="1" hai0="11,116,31,15,93,5,13,109,100,88,130,42,27" hai1="62,73,25,79,1,122,54,125,36,66,9,0,67" hai2="91,65,38,28,102,46,6,126,4,17,87,95,8" hai3="30,16,97,132,47,68,89,71,120,98,34,127,121"/><U55/><E122/><V74/><F74/><W114/><G114/><T20/><D109/><U12/><E125/><V99/><F126/><W2/><G2/><T49/><D130/><U131/><E131/><V92/><F28/><W53/><G16/><T123/><D123/><U26/><E36/><V118/><F118/><W33/><G89/><T72/><D72/><U70/><E73/><V134/><F134/><W115/><G127/><T69/><D69/><U61/><E70/><V52/><F65/><W84/><G84/><T18/><D116/><U23/><E23/><V48/><F38/><W14/><G14/><AGARI ba="0,0" hai="4,6,8,14,17,46,48,52,87,91,92,95,99,102" machi="14" ten="40,2600,0" yaku="8,1,54,1" doraHai="39" who="2" fromWho="3" sc="170,0,200,0,210,26,420,-26" /><INIT seed="2,0,0,1,5,69" ten="170,200,236,394" oya="2" hai0="41,92,118,27,68,23,98,104,84,25,76,90,45" hai1="82,87,108,29,134,127,114,66,77,4,109,61,122" hai2="96,106,17,35,81,13,100,47,44,54,86,46,129" hai3="28,91,32,125,36,112,60,55,135,110,6,48,18"/><V38/><F129/><W39/><G110/><N who="1" m="42602" /><E114/><V119/><F119/><W78/><G112/><T83/><D118/><U89/><E134/><V52/><F35/><W7/><G135/><T123/><D123/><U71/><E122/><V49/><F54/><W16/><G28/><T116/><D116/><U128/><E128/><V14/><F38/><W56/><G78/><T75/><D68/><U94/><E29/><V113/><F113/><W40/><G125/><T24/><D104/><U9/><E127/><V64/><F64/><W15/><G91/><T26/><D75/><U105/><E105/><V19/><F14/><W0/><G32/><T103/><D76/><U73/><E9/><V2/><F2/><W88/><G18/><T58/><D58/><U111/><N who="1" m="42610" /><U74/><DORA hai="97" /><E4/><V50/><F50/><W67/><G0/><T63/><D63/><U43/><E43/><V99/><F99/><AGARI ba="0,0" hai="61,66,71,73,74,77,82,87,89,94,99" m="42610" machi="99" ten="40,1300,0" yaku="14,1" doraHai="69,97" who="1" fromWho="2" sc="170,0,200,13,236,-13,394,0" /><INIT seed="3,0,0,4,5,124" ten="170,213,223,394" oya="3" hai0="19,96,56,12,1,115,32,114,122,132,46,89,134" hai1="99,38,53,31,42,18,121,127,74,45,36,6,80" hai2="129,133,2,34,81,37,105,26,75,93,94,54,78" hai3="48,13,91,30,128,49,70,22,51,111,98,90,110"/><W101/><G128/><T23/><D32/><U41/><E121/><V40/><F105/><N who="3" m="63671" /><G70/><T16/><D1/><U102/><E127/><V125/><F125/><W24/><G13/><N who="0" m="9615" /><D46/><N who="1" m="23847" /><E53/><V109/><F109/><AGARI ba="0,0" hai="22,24,30,48,49,51,90,91,109,110,111" m="63671" machi="109" ten="30,2900,0" yaku="14,1,10,1" doraHai="124" who="3" fromWho="2" sc="170,0,213,0,223,-29,394,29" owari="170,-33.0,213,1.3,194,-20.6,423,52.3" /></mjloggm>