<mjloggm ver="2.3"><GO type="225" lobby="0"/><UN n0="%72%69%6F%75%63%68%61%6E" n1="%E3%82%BC%E3%83%AB%E3%83%80%E3%81%AE%E4%BC%9D%E8%AA%AC" n2="%4C%4F%4C%49%54%41" n3="%E8%81%B7%E6%A5%AD%E3%80%81%E9%A2%A8%32" dan="16,16,16,16" rate="2167.19,2208.83,2155.45,2132.52" sx="M,M,F,M"/><TAIKYOKU oya="0"/><INIT seed="0,0,0,2,1,6" ten="250,250,250,250" oya="0" hai0="101,7,72,64,100,50,39,10,9,2,22,52,90" hai1="73,95,130,98,111,36,80,126,54,63,27,28,103" hai2="99,58,1,92,93,115,68,20,132,118,105,11,110" hai3="57,83,33,109,86,45,42,18,113,104,0,127,51"/><T87/><D72/><U84/><E111/><V43/><F68/><W116/><G109/><T60/><D39/><U77/><E126/><V107/><F110/><W62/><G113/><T34/><D34/><U124/><E124/><V88/><F115/><W35/><G104/><T47/><D22/><U38/><E130/><V44/><F132/><W67/><G116/><T31/><D31/><U59/><REACH who="1" step="1"/><E73/><REACH who="1" ten="250,240,250,250" step="2"/><V129/><F129/><W135/><G127/><T5/><D87/><U81/><E81/><V76/><F118/><W108/><G108/><T29/><D29/><U131/><E131/><V69/><F105/><W112/><G112/><T15/><REACH who="0" step="1"/><D90/><REACH who="0" ten="240,240,250,250" step="2"/><U133/><E133/><V70/><F88/><W61/><G135/><T82/><D82/><U3/><E3/><V102/><F1/><W14/><G0/><T32/><D32/><AGARI ba="0,2" hai="27,28,32,36,38,54,59,63,77,80,84,95,98,103" machi="32" ten="30,2000,0" yaku="1,1,7,1,53,0" doraHai="6" doraHaiUra="134" who="1" fromWho="0" sc="240,-20,240,40,250,0,250,0" /><INIT seed="1,0,0,1,2,102" ten="220,280,250,250" oya="1" hai0="22,12,33,75,29,104,31,82,26,55,27,37,62" hai1="47,123,73,130,110,67,93,13,32,121,109,108,49" hai2="50,101,115,78,95,58,76,11,91,119,21,98,24" hai3="66,64,19,84,44,14,71,40,97,61,118,83,34"/><U70/><E32/><V88/><F119/><W111/><G111/><T89/><D37/><U4/><E73/><V99/><F115/><W92/><G118/><T60/><D104/><U56/><E130/><V43/><F11/><W5/><G34/><T57/><D12/><U96/><E70/><V105/><F91/><W36/><G66/><T72/><REACH who="0" step="1"/><D60/><REACH who="0" ten="210,280,250,250" step="2"/><N who="1" m="38279" /><E13/><V113/><F113/><W59/><G14/><T1/><D1/><U100/><E4/><V8/><F8/><W45/><G5/><T48/><D48/><U85/><E85/><AGARI ba="0,1" hai="22,26,27,29,31,33,55,57,62,72,75,82,85,89" machi="85" ten="40,2600,0" yaku="1,1,53,1" doraHai="102" doraHaiUra="81" who="0" fromWho="1" sc="210,36,280,-26,250,0,250,0" /><INIT seed="2,0,0,3,4,11" ten="246,254,250,250" oya="2" hai0="105,95,116,88,52,37,102,62,80,114,36,85,101" hai1="133,28,7,86,3,75,59,23,82,30,103,20,122" hai2="4,110,79,24,131,6,46,19,17,127,94,2,113" hai3="120,106,92,57,115,63,61,72,135,65,77,104,100"/><V53/><F113/><W76/><G120/><T60/><D114/><U126/><E122/><V0/><F79/><W39/><G39/><T40/><D116/><U10/><E75/><V69/><F69/><W96/><G115/><T56/><D105/><U134/><E103/><V12/><F127/><W64/><G135/><N who="1" m="51722" /><E59/><V49/><F131/><W45/><G45/><T16/><D40/><U121/><E121/><V32/><F110/><W25/><G25/><T5/><D5/><U67/><E67/><V13/><F0/><W15/><G72/><T1/><D1/><U118/><E118/><V78/><F2/><W90/><G104/><T130/><D130/><U99/><E99/><V9/><F78/><W84/><REACH who="3" step="1"/><G15/><REACH who="3" ten="246,254,250,240" step="2"/><T70/><D36/><U73/><E73/><V34/><F24/><W54/><G54/><T119/><D37/><U18/><E126/><V14/><F14/><W81/><G81/><T74/><D119/><U31/><E3/><V22/><REACH who="2" step="1"/><F94/><REACH who="2" ten="246,254,240,240" step="2"/><W107/><G107/><T51/><D74/><U87/><E82/><V71/><F71/><AGARI ba="0,2" hai="57,61,63,64,65,71,76,77,84,90,92,96,100,106" machi="71" ten="30,2000,0" yaku="1,1,7,1,53,0" doraHai="11" doraHaiUra="50" who="3" fromWho="2" sc="246,0,254,0,240,-20,240,40" /><INIT seed="3,0,0,4,2,20" ten="246,254,220,280" oya="3" hai0="125,51,116,42,38,118,117,120,26,49,105,69,2" hai1="14,114,11,12,70,86,71,36,7,104,77,52,16" hai2="56,135,23,96,129,93,91,110,113,10,103,33,87" hai3="100,79,127,108,19,44,39,82,48,88,132,15,122"/><W119/><G122/><T109/><D120/><U99/><E114/><V6/><F113/><W133/><G119/><T107/><D2/><U62/><E36/><V53/><F110/><W84/><G39/><T72/><D72/><U78/><E104/><V102/><F129/><W5/><G100/><T101/><D109/><U9/><E99/><V0/><F135/><N who="3" m="51787" /><G127/><T95/><D125/><U46/><E86/><V24/><F87/><W65/><G65/><T59/><D69/><U40/><E70/><V97/><F33/><W4/><G79/><N who="1" m="30218" /><E71/><V83/><F83/><W128/><G128/><T30/><D38/><U130/><E130/><V123/><F97/><W57/><G57/><T27/><D59/><N who="1" m="35175" /><E46/><V73/><F73/><W90/><G90/><T18/><D107/><U17/><E40/><V22/><F22/><N who="3" m="11647" /><G108/><T111/><D105/><U98/><E98/><V37/><F37/><W68/><G68/><T61/><D111/><U35/><E35/><V92/><F123/><W115/><G115/><T134/><D134/><U63/><E63/><V89/><F89/><W45/><G45/><N who="0" m="25783" /><D61/><U126/><E126/><V106/><F106/><W81/><G81/><T3/><D101/><U75/><E75/><V112/><F112/><W64/><G64/><T80/><D80/><U25/><E7/><V8/><F93/><W121/><G121/><T32/><D95/><U76/><E76/><V1/><F1/><W28/><G28/><N who="0" m="19479" /><D3/><U60/><E60/><N who="2" m="35855" /><F8/><W85/><G85/><T131/><D131/><U29/><E29/><V31/><F103/><W43/><AGARI ba="0,0" hai="4,5,43,44,48,82,84,88" m="11647,51787" machi="43" ten="30,3000,0" yaku="20,1,54,1" doraHai="20" who="3" fromWho="3" sc="246,-10,254,-10,220,-10,280,30" owari="236,-16.4,244,4.4,210,-29.0,310,41.0" /></mjloggm>