<mjloggm ver="2.3"><GO type="225" lobby="0"/><UN n0="%E3%83%AC%E3%82%A4%E3%83%88%E3%83%B3%E5%87%86%E6%95%99%E6%8E%88" n1="%E3%81%82%E3%81%99%E3%81%AB%E3%82%83%E3%82%80" n2="%68%6F%72%69%30%39%30%31" n3="%E6%B8%A9%E2%98%85%E6%83%85%E2%98%85%E6%8E%AA%E2%98%85%E7%BD%AE" dan="18,16,16,16" rate="2228.24,2118.30,2047.46,2154.03" sx="M,F,M,M"/><TAIKYOKU oya="0"/><INIT seed="0,0,0,0,4,121" ten="250,250,250,250" oya="0" hai0="11,98,64,108,134,21,113,129,78,9,24,93,131" hai1="61,35,15,69,82,89,27,50,110,42,54,90,105" hai2="118,5,46,52,26,22,3,70,43,83,97,101,127" hai3="91,55,76,34,114,109,123,75,4,29,107,102,20"/><T12/><D113/><U103/><E110/><V10/><F127/><W39/><G114/><T59/><D134/><U66/><E42/><V32/><F70/><W60/><G4/><T84/><D108/><U19/><E82/><V132/><F132/><W115/><G20/><T53/><D64/><U71/><E71/><V88/><F118/><W44/><G91/><T74/><D74/><U23/><E103/><V48/><F32/><W128/><G55/><T25/><D84/><U68/><E105/><V67/><F67/><W99/><G60/><N who="0" m="35951" /><D78/><U92/><E92/><V135/><F135/><W2/><G115/><T117/><D117/><U96/><E96/><V7/><F7/><W17/><G2/><T36/><D36/><U130/><E130/><N who="0" m="49673" /><D12/><U77/><E77/><V125/><F125/><W0/><G0/><T57/><D57/><U6/><E69/><V45/><F83/><W56/><G56/><T18/><D24/><U104/><E104/><V31/><F101/><AGARI ba="0,0" hai="9,11,18,21,25,93,98,101" m="49673,35951" machi="101" ten="30,1500,0" yaku="19,1" doraHai="121" who="0" fromWho="2" sc="250,15,250,0,250,-15,250,0" /><INIT seed="0,1,0,4,2,19" ten="265,250,235,250" oya="0" hai0="51,11,13,79,85,60,120,3,41,63,90,100,127" hai1="106,42,12,77,32,110,132,89,8,30,125,93,62" hai2="129,43,96,10,31,116,128,65,23,64,49,119,91" hai3="82,44,95,134,47,99,103,4,59,84,111,21,98"/><T86/><D120/><U94/><E106/><V71/><F10/><W83/><G111/><T74/><D3/><U102/><E110/><V130/><F96/><W9/><G134/><T39/><D39/><U75/><E132/><V16/><F31/><W58/><G98/><T34/><D34/><U114/><E125/><V67/><F91/><W70/><G70/><T113/><D74/><U25/><E42/><V35/><F35/><W108/><G108/><T105/><D113/><U124/><E124/><V36/><F36/><W28/><G83/><N who="0" m="47359" /><D100/><U78/><E75/><V92/><F92/><W7/><G7/><N who="0" m="3327" /><D105/><U33/><E33/><V118/><F71/><W48/><G9/><T52/><D41/><U117/><E114/><V29/><F29/><W22/><G4/><T80/><D127/><U123/><E102/><V6/><F6/><W66/><G28/><T24/><D24/><U54/><E25/><N who="2" m="14567" /><F43/><N who="3" m="24607" /><G47/><AGARI ba="1,0" hai="47,51,52,60,63,80,86,90" m="3327,47359" machi="47" ten="30,2900,0" yaku="8,1,54,1" doraHai="19" who="0" fromWho="3" sc="265,32,250,0,235,0,250,-32" /><INIT seed="0,2,0,5,5,17" ten="297,250,235,218" oya="0" hai0="90,39,11,10,111,91,29,93,87,61,30,96,45" hai1="12,56,42,18,0,50,131,109,48,19,21,100,102" hai2="135,68,75,123,128,126,15,125,84,122,77,63,60" hai3="120,85,95,110,70,89,4,83,73,72,101,25,107"/><T57/><D111/><U5/><E109/><V62/><F75/><N who="3" m="28747" /><G25/><T54/><D39/><U118/><E118/><V23/><F68/><W22/><G22/><T105/><D45/><N who="1" m="25655" /><E131/><V98/><F98/><N who="3" m="61879" /><G4/><T80/><REACH who="0" step="1"/><D105/><REACH who="0" ten="287,250,235,218" step="2"/><U20/><E102/><V6/><F128/><W133/><G110/><T55/><D55/><N who="1" m="31863" /><E100/><V114/><F123/><W2/><G120/><T32/><D32/><U37/><E37/><V33/><F122/><W9/><G133/><T35/><D35/><U113/><E113/><V51/><F33/><W81/><G70/><T112/><D112/><U47/><E47/><V49/><F135/><W134/><G134/><T86/><D86/><U41/><E41/><V67/><F84/><W115/><G115/><T129/><D129/><U130/><E130/><V108/><F114/><W43/><G43/><T119/><D119/><U69/><E69/><V106/><F108/><W66/><G85/><T79/><D79/><U78/><E78/><V58/><F77/><W1/><G66/><T104/><D104/><U3/><E0/><V132/><F67/><W31/><G2/><T121/><D121/><U34/><E3/><V76/><F132/><W59/><G1/><T117/><D117/><U16/><E34/><V92/><F76/><W99/><G59/><T7/><D7/><U13/><E5/><V52/><F106/><W27/><G9/><AGARI ba="2,1" hai="9,10,11,29,30,54,57,61,80,87,90,91,93,96" machi="9" ten="40,3900,0" yaku="1,1,8,1,53,0" doraHai="17" doraHaiUra="71" who="0" fromWho="3" sc="287,55,250,0,235,0,218,-45" /><INIT seed="0,3,0,1,1,93" ten="342,250,235,173" oya="0" hai0="128,76,81,16,29,90,130,83,86,64,59,53,62" hai1="79,60,87,40,123,61,0,78,42,101,51,106,126" hai2="95,6,2,85,71,135,8,24,54,11,132,13,31" hai3="55,105,38,131,33,34,50,9,107,36,45,116,18"/><T58/><D29/><U4/><E123/><V21/><F71/><W133/><G116/><T32/><D32/><U15/><E0/><V115/><F115/><W63/><G133/><N who="2" m="51273" /><F54/><W119/><G119/><T91/><D16/><U124/><E106/><V37/><F37/><W66/><G131/><N who="0" m="50219" /><D83/><U28/><E101/><V12/><F85/><W114/><G38/><T48/><AGARI ba="3,0" hai="48,53,58,59,62,64,76,81,86,90,91" m="50219" machi="48" ten="30,1500,0" yaku="19,1" doraHai="93" who="0" fromWho="0" sc="342,24,250,-8,235,-8,173,-8" /><INIT seed="0,4,0,4,5,63" ten="366,242,227,165" oya="0" hai0="33,107,132,21,130,64,96,57,93,135,14,89,97" hai1="86,12,6,70,85,81,11,105,4,44,102,24,67" hai2="84,2,19,53,29,91,56,5,34,52,90,22,54" hai3="80,48,1,101,9,109,128,72,35,43,3,108,0"/><T39/><D33/><U104/><E6/><V16/><F34/><W66/><G35/><T112/><D39/><U95/><E44/><V131/><F131/><W62/><G128/><T40/><D130/><U46/><E24/><N who="2" m="16535" /><F2/><W60/><G101/><T83/><D40/><U23/><E23/><V98/><F5/><W129/><G129/><T41/><D41/><U28/><E28/><V47/><F47/><N who="3" m="25727" /><G9/><T121/><D83/><U99/><E46/><V82/><F56/><N who="3" m="37127" /><G62/><N who="0" m="37967" /><D112/><U10/><E67/><V75/><F75/><W50/><G50/><T32/><D32/><U27/><E27/><V8/><F8/><W124/><G80/><T100/><D21/><U59/><E59/><V88/><F98/><W51/><G51/><T25/><D25/><U49/><E49/><V74/><F74/><W106/><G106/><T58/><D58/><U61/><E61/><V115/><F115/><W55/><G55/><T73/><D73/><U45/><E45/><V87/><F87/><W36/><G72/><T120/><D14/><N who="1" m="5447" /><E86/><V123/><F123/><W30/><G36/><T13/><D13/><U116/><E70/><V103/><F103/><W71/><G71/><T18/><D121/><U65/><E65/><V134/><F134/><N who="0" m="51242" /><D120/><U15/><E15/><V17/><AGARI ba="4,0" hai="16,17,19,52,53,54,82,84,88,90,91" m="16535" machi="17" ten="30,7900,0" yaku="8,1,54,3" doraHai="63" who="2" fromWho="2" sc="366,-43,242,-24,227,91,165,-24" /><INIT seed="1,0,0,3,0,71" ten="323,218,318,141" oya="1" hai0="70,46,98,1,100,55,60,104,107,82,89,57,68" hai1="44,2,102,97,67,109,134,33,116,63,5,34,18" hai2="3,20,85,16,84,25,77,130,65,74,90,49,9" hai3="51,75,37,30,15,38,64,10,96,72,27,103,42"/><U92/><E116/><V106/><F106/><W61/><G51/><T80/><D1/><U114/><E114/><V86/><F130/><W91/><G91/><T110/><D104/><U88/><E134/><V53/><F65/><W14/><G14/><T108/><D46/><U112/><E112/><V123/><F123/><W93/><G42/><T8/><D8/><U50/><E109/><N who="0" m="42089" /><D89/><U132/><E132/><V45/><F74/><W59/><G75/><T135/><D135/><U36/><E36/><V95/><REACH who="2" step="1"/><F77/><REACH who="2" ten="323,218,308,141" step="2"/><W69/><G72/><T111/><D111/><U11/><E102/><V35/><F35/><W62/><G69/><AGARI ba="0,1" hai="55,57,60,68,69,70,80,82,98,100,107" m="42089" machi="69" ten="30,1000,0" yaku="14,1" doraHai="71" who="0" fromWho="3" sc="323,20,218,0,308,0,141,-10" /><INIT seed="2,0,0,3,2,125" ten="343,218,308,131" oya="2" hai0="0,119,98,26,55,63,114,11,60,69,18,94,100" hai1="8,68,13,9,35,83,131,79,43,110,85,116,71" hai2="49,17,133,54,88,64,5,56,59,109,58,38,99" hai3="122,84,90,115,123,102,21,12,10,121,74,1,40"/><V101/><F38/><W3/><G115/><T27/><D114/><U16/><E116/><V25/><F133/><W66/><G74/><T96/><D119/><U130/><E110/><V127/><F109/><W70/><G102/><T128/><D128/><N who="1" m="49195" /><E35/><V31/><F127/><W80/><G40/><T50/><D69/><N who="1" m="26699" /><E43/><V14/><F5/><W87/><G21/><AGARI ba="0,0" hai="8,9,13,16,21,79,83,85" m="26699,49195" machi="21" ten="30,8000,1" yaku="19,1,52,3,54,1" doraHai="125" who="1" fromWho="3" sc="343,0,218,80,308,0,131,-80" /><INIT seed="3,0,0,0,0,27" ten="343,298,308,51" oya="3" hai0="32,91,15,10,13,42,17,8,16,134,129,54,60" hai1="89,74,11,101,76,119,49,133,73,124,29,20,102" hai2="117,66,82,3,123,41,84,67,132,38,48,72,23" hai3="44,70,30,94,131,68,97,112,0,135,33,59,81"/><W96/><G112/><T85/><D32/><U45/><E133/><V107/><F132/><W22/><G0/><T75/><D75/><U40/><E124/><V87/><F107/><W14/><G135/><T128/><D42/><U2/><E119/><V88/><F117/><W50/><G131/><T18/><D134/><U46/><E89/><V4/><F123/><W86/><G59/><N who="0" m="34935" /><D129/><U21/><E76/><V71/><F71/><W36/><G36/><T122/><D122/><U114/><E49/><V92/><F38/><W62/><G33/><T26/><D26/><U25/><E25/><V103/><F72/><W9/><G62/><T37/><D37/><U90/><E90/><V98/><F84/><W99/><G94/><N who="0" m="54639" /><D128/><U110/><E110/><V93/><F92/><W34/><G34/><T55/><D55/><U39/><E39/><V106/><F106/><W79/><G70/><T69/><D69/><U31/><E40/><V127/><F127/><W7/><G68/><T1/><D1/><U35/><E35/><V120/><F120/><W109/><G109/><T58/><D58/><U51/><E51/><V24/><F41/><N who="3" m="24847" /><G22/><T19/><AGARI ba="0,0" hai="8,10,13,15,16,17,18,19" m="54639,34935" machi="19" ten="30,2000,0" yaku="8,1,54,1" doraHai="27" who="0" fromWho="0" sc="343,20,298,-5,308,-5,51,-10" owari="363,46.3,293,-10.7,303,10.3,41,-45.9" /></mjloggm>