<mjloggm ver="2.3"><GO type="225" lobby="0"/><UN n0="%E3%81%9F%E3%81%A3%E3%81%A1%E3%82%87" n1="%61%6D%65%6B%69" n2="%6D%75%75%6D%75%72%61" n3="%E4%B8%89%E5%86%A0%E7%8E%8B%E3%83%BB%E5%B1%B1%E7%94%B0%E5%93%B2%E4%BA%BA" dan="16,16,16,17" rate="2102.36,2088.14,2095.12,2205.19" sx="M,M,F,M"/><TAIKYOKU oya="0"/><INIT seed="0,0,0,3,5,112" ten="250,250,250,250" oya="0" hai0="96,18,63,83,8,91,104,53,62,130,21,12,31" hai1="39,38,80,30,109,36,116,0,132,61,126,121,19" hai2="4,82,14,44,118,86,2,92,25,69,46,45,67" hai3="124,105,15,71,37,94,110,107,77,49,7,93,129"/><T26/><D130/><U10/><E121/><V54/><F2/><W43/><G71/><T47/><D104/><U119/><E30/><V99/><F69/><W111/><G37/><T56/><D47/><U9/><E126/><V88/><F67/><W68/><G68/><T127/><D127/><U65/><E132/><V52/><F118/><W95/><G124/><T128/><D128/><U27/><E109/><N who="3" m="41482" /><G129/><T1/><D1/><U33/><E80/><V66/><F66/><W75/><G75/><T40/><D40/><U48/><E48/><V23/><F14/><W106/><G77/><T79/><D96/><U90/><E90/><V97/><F4/><W5/><G15/><T115/><D91/><U117/><E0/><V64/><F64/><W123/><G123/><T58/><D115/><U51/><E51/><V42/><F42/><W125/><G125/><T11/><D79/><U59/><REACH who="1" step="1"/><E33/><REACH who="1" ten="250,240,250,250" step="2"/><V20/><F99/><W108/><G108/><T134/><D83/><U28/><E28/><N who="2" m="17447" /><F23/><AGARI ba="0,1" hai="9,10,19,23,27,36,38,39,59,61,65,116,117,119" machi="23" ten="50,8000,1" yaku="1,1,52,3,53,0" doraHai="112" doraHaiUra="29" who="1" fromWho="2" sc="250,0,240,90,250,-80,250,0" /><INIT seed="1,0,0,0,2,135" ten="250,330,170,250" oya="1" hai0="1,5,41,97,17,29,13,25,73,27,130,45,44" hai1="89,103,100,71,0,63,75,38,19,120,81,85,49" hai2="82,64,80,12,116,109,90,43,88,16,32,94,67" hai3="34,47,113,37,23,127,108,40,61,4,39,70,134"/><U126/><E38/><V10/><F116/><W106/><G23/><T58/><D130/><U9/><E120/><V51/><F109/><W55/><G4/><T93/><D73/><U42/><E75/><V72/><F32/><W50/><G106/><T112/><D112/><U6/><E71/><V86/><F72/><W124/><G34/><T33/><D25/><U78/><E78/><V123/><F123/><W36/><G113/><T48/><D58/><U104/><E63/><V96/><F82/><W35/><G35/><T21/><D45/><AGARI ba="0,0" hai="10,12,16,43,45,51,64,67,80,86,88,90,94,96" machi="45" ten="40,5200,0" yaku="8,1,54,2" doraHai="135" who="2" fromWho="0" sc="250,-52,330,0,170,52,250,0" /><INIT seed="2,0,0,1,5,33" ten="198,330,222,250" oya="2" hai0="82,42,116,111,92,110,118,51,30,2,10,32,23" hai1="65,11,78,3,121,26,90,1,94,117,47,46,95" hai2="48,68,112,64,125,132,4,41,62,16,0,6,54" hai3="127,103,71,25,17,70,43,57,39,20,53,69,59"/><V113/><F125/><W19/><G127/><T101/><D82/><U31/><E117/><N who="0" m="45161" /><D92/><U73/><E65/><V123/><F123/><W56/><G103/><T89/><D89/><U38/><E121/><V40/><F132/><W55/><G43/><T93/><D93/><U114/><E114/><V77/><F77/><W18/><REACH who="3" step="1"/><G39/><REACH who="3" ten="198,330,222,240" step="2"/><T100/><D101/><U15/><E38/><V131/><F41/><W107/><G107/><T96/><D100/><U80/><E46/><V134/><F40/><W97/><G97/><T67/><D96/><U81/><E47/><V52/><F134/><W36/><G36/><T61/><D42/><U119/><E119/><V29/><F113/><W124/><G124/><T102/><D102/><U63/><E90/><V106/><F112/><W72/><G72/><T85/><D85/><U133/><E73/><V115/><F115/><W120/><G120/><T5/><D32/><U13/><E133/><V24/><F106/><W35/><G35/><T91/><D91/><U34/><E34/><V105/><F105/><W98/><G98/><T60/><D51/><U74/><E74/><V12/><F48/><W49/><G49/><T45/><D45/><U88/><E88/><V14/><F131/><W128/><G128/><T37/><D37/><U135/><E135/><V9/><F29/><AGARI ba="0,1" hai="17,18,19,20,25,29,53,55,56,57,59,69,70,71" machi="29" ten="50,6400,0" yaku="1,1,29,2,53,0" doraHai="33" doraHaiUra="8" who="3" fromWho="2" sc="198,0,330,0,222,-64,240,74" /><INIT seed="3,0,0,2,3,26" ten="198,330,158,314" oya="3" hai0="51,133,36,87,74,65,14,64,42,44,92,3,75" hai1="79,126,112,82,66,90,24,88,130,25,27,38,50" hai2="108,22,1,23,119,12,86,13,47,49,99,68,61" hai3="132,48,76,8,134,95,114,71,109,94,41,52,113"/><W118/><G118/><T107/><D133/><N who="3" m="51305" /><G109/><T135/><D3/><U40/><E38/><V81/><F119/><W55/><G71/><T84/><D107/><U31/><E112/><N who="3" m="43114" /><G76/><T115/><D36/><U0/><E0/><V104/><F1/><W11/><G41/><T46/><D74/><U70/><E130/><V4/><F108/><W39/><G39/><T6/><D75/><U20/><E126/><V106/><F68/><W105/><G105/><T127/><D127/><U131/><E131/><V21/><F61/><W29/><G29/><T37/><D115/><U123/><E123/><V103/><F104/><W30/><G30/><T73/><D73/><U93/><E70/><V18/><F4/><W77/><G77/><T116/><D116/><U72/><E66/><V56/><F56/><N who="3" m="32775" /><G55/><T15/><D6/><U83/><E83/><V128/><F128/><W129/><G129/><T67/><D135/><U10/><E93/><AGARI ba="0,0" hai="8,11,93,94,95" m="32775,43114,51305" machi="93" ten="30,2900,0" yaku="20,1,54,1" doraHai="26" who="3" fromWho="1" sc="198,0,330,-29,158,0,314,29" owari="198,-20.2,301,10.1,158,-34.2,343,44.3" /></mjloggm>