<mjloggm ver="2.3"><GO type="225" lobby="0"/><UN n0="%61%6D%65%6B%69" n1="%E6%A1%9C%E8%8A%B1%E9%96%83%E3%80%85" n2="%E3%82%A2%E3%83%9E%E3%83%9D%EF%BD%9E%EF%BD%9E%E3%83%A9" n3="%E7%A7%8B%E6%9C%88%E7%9C%9F%E7%90%86%E4%BA%9E" dan="16,18,17,16" rate="2096.95,2294.19,2173.67,2127.81" sx="M,M,M,M"/><TAIKYOKU oya="0"/><INIT seed="0,0,0,0,2,9" ten="250,250,250,250" oya="0" hai0="10,88,31,99,69,70,103,102,115,111,56,113,24" hai1="125,128,120,61,132,126,112,133,44,52,84,53,91" hai2="39,33,72,13,86,83,8,16,105,74,1,14,101" hai3="117,18,67,90,46,30,43,79,62,2,127,49,20"/><T73/><D73/><U34/><E34/><V54/><F1/><W3/><G117/><T40/><D40/><U134/><E120/><V71/><F33/><W100/><G127/><N who="1" m="48650" /><E112/><V94/><F105/><W123/><G123/><T106/><D111/><U109/><E109/><V4/><F71/><W58/><G30/><T96/><D70/><U29/><E29/><V78/><F39/><W135/><G135/><T42/><D69/><U51/><E61/><V87/><F54/><W19/><G19/><T21/><D42/><N who="1" m="24983" /><E128/><V5/><F5/><W130/><G130/><T22/><D22/><U116/><E116/><V75/><F101/><W85/><G100/><T25/><D25/><U81/><AGARI ba="0,0" hai="52,53,81,84,91,132,133,134" m="24983,48650" machi="81" ten="40,5200,0" yaku="20,1,18,1,54,1" doraHai="9" who="1" fromWho="1" sc="250,-26,250,52,250,-13,250,-13" /><INIT seed="1,0,0,3,5,99" ten="224,302,237,237" oya="1" hai0="113,35,29,42,80,85,56,26,44,45,67,115,130" hai1="128,81,11,118,34,117,87,25,120,21,109,20,92" hai2="112,3,126,0,63,76,59,10,2,60,70,134,15" hai3="97,39,43,133,110,30,105,95,48,36,19,66,73"/><U86/><E120/><V131/><F126/><W90/><G110/><T68/><D68/><U78/><E128/><V50/><F131/><W94/><G105/><T12/><D130/><U123/><E123/><V33/><F33/><W64/><G73/><T40/><D67/><U122/><E122/><V38/><F38/><W127/><G127/><T89/><D56/><U121/><E121/><V54/><F134/><W37/><G133/><T41/><REACH who="0" step="1"/><D12/><REACH who="0" ten="214,302,237,237" step="2"/><U14/><E109/><V32/><F70/><W47/><G30/><T93/><D93/><U51/><E117/><V119/><F119/><W103/><REACH who="3" step="1"/><G19/><REACH who="3" ten="214,302,237,227" step="2"/><T61/><D61/><U129/><E129/><V114/><F63/><W111/><G111/><T9/><D9/><U52/><E118/><V98/><F60/><W55/><G55/><T13/><D13/><U100/><E11/><V1/><F15/><W24/><G24/><T83/><D83/><U106/><E14/><V28/><F10/><W74/><G74/><T116/><D116/><U57/><E25/><V16/><F54/><W104/><G104/><T125/><D125/><U91/><E106/><V7/><F0/><W27/><G27/><T5/><D5/><U4/><E4/><V124/><F7/><W65/><G65/><T107/><D107/><U46/><E52/><N who="2" m="32151" /><F124/><W88/><G88/><T31/><D31/><U71/><E91/><V22/><F1/><W101/><G101/><T18/><D18/><U58/><E100/><V8/><F2/><W62/><G62/><T84/><D84/><AGARI ba="0,2" hai="36,37,39,43,47,48,64,66,84,90,94,95,97,103" machi="84" ten="40,2600,0" yaku="1,1,52,1,53,0" doraHai="99" doraHaiUra="6" who="3" fromWho="0" sc="214,-26,302,0,237,0,227,46" /><INIT seed="2,0,0,0,2,42" ten="188,302,237,273" oya="2" hai0="134,120,76,107,75,3,51,133,92,60,61,132,28" hai1="50,82,2,85,110,38,117,77,33,125,45,106,70" hai2="104,127,103,34,32,65,55,4,95,121,35,27,54" hai3="86,80,98,17,56,90,58,29,66,101,49,22,119"/><V129/><F121/><W21/><G119/><T122/><D3/><U11/><E117/><V89/><F127/><W10/><G29/><T109/><D107/><U5/><E125/><V102/><F129/><W13/><G58/><T111/><D28/><U7/><E33/><V79/><F79/><W116/><G116/><T74/><D92/><U67/><E110/><N who="0" m="41993" /><D76/><U118/><E38/><V8/><F27/><W131/><G131/><T99/><D99/><U26/><E26/><V9/><F65/><W16/><G17/><T59/><D59/><U130/><E106/><V128/><F128/><W64/><G64/><T20/><D20/><U31/><E31/><V6/><F104/><W30/><G30/><T96/><D96/><U63/><E130/><V84/><F103/><W44/><G56/><T48/><D48/><U52/><E118/><V72/><F102/><W40/><G66/><T88/><D51/><U69/><E7/><V47/><F72/><N who="0" m="27690" /><D88/><U62/><E62/><AGARI ba="0,0" hai="60,61,62,120,122,132,133,134" m="27690,41993" machi="62" ten="40,8000,1" yaku="28,2,20,1,14,1" doraHai="42" who="0" fromWho="1" sc="188,80,302,-80,237,0,273,0" /><INIT seed="3,0,0,1,4,131" ten="268,222,237,273" oya="3" hai0="63,84,68,40,34,77,69,101,3,117,46,17,85" hai1="58,65,16,90,121,22,114,92,105,61,55,107,124" hai2="6,133,20,110,19,102,81,7,115,14,83,11,67" hai3="27,74,118,106,57,99,51,132,43,108,66,52,37"/><W26/><G118/><T28/><D3/><U62/><E121/><V31/><F115/><W130/><G74/><T41/><D101/><U36/><E124/><V112/><F112/><W53/><G130/><T0/><D0/><U30/><E36/><V50/><F110/><W96/><G132/><T94/><D34/><U73/><E73/><V5/><F133/><W59/><G108/><T134/><D28/><U25/><E114/><V8/><F102/><W135/><G135/><T104/><D104/><U15/><E62/><V127/><F127/><W79/><G79/><T44/><D134/><U38/><E38/><V35/><F67/><W60/><G106/><T119/><D94/><U72/><E72/><V111/><F111/><W97/><G37/><T2/><D2/><U128/><E128/><V48/><F35/><W123/><G123/><T89/><D89/><U70/><E70/><V86/><F83/><W122/><G122/><T95/><D95/><U78/><E78/><V1/><F31/><W39/><G39/><T45/><D63/><U33/><REACH who="1" step="1"/><E65/><REACH who="1" ten="268,212,237,273" step="2"/><V56/><F1/><W42/><G66/><T24/><D77/><U54/><E54/><N who="2" m="31815" /><F50/><W93/><G43/><N who="0" m="16459" /><D68/><U21/><E21/><V47/><F47/><W100/><G42/><T87/><D69/><U71/><E71/><V18/><F18/><W82/><G82/><T13/><D119/><U9/><E9/><V116/><F116/><W64/><G64/><T49/><D49/><U12/><E12/><N who="2" m="9319" /><F8/><W103/><G103/><T109/><D117/><U125/><E125/><V4/><F81/><W113/><G113/><RYUUKYOKU ba="0,1" sc="268,-30,212,10,237,10,273,10" hai1="15,16,22,25,30,33,55,58,61,90,92,105,107" hai2="4,5,6,7,11,14,86" hai3="26,27,51,52,53,57,59,60,93,96,97,99,100" /><INIT seed="3,1,1,1,5,79" ten="238,222,247,283" oya="3" hai0="62,1,50,7,8,39,82,111,107,119,54,114,105" hai1="73,72,126,34,129,84,43,42,80,70,121,11,87" hai2="66,118,32,122,91,109,20,4,23,67,29,3,68" hai3="5,88,98,65,103,30,130,92,13,44,45,133,59"/><W97/><G130/><T41/><D119/><U131/><E121/><V89/><F118/><W18/><G133/><T108/><D114/><U33/><E70/><V60/><F32/><N who="1" m="12393" /><E11/><V61/><F109/><N who="0" m="42058" /><D62/><U106/><E106/><N who="0" m="40457" /><D39/><U15/><E15/><V40/><F40/><N who="1" m="15401" /><E126/><V53/><F53/><W31/><G5/><T21/><D41/><U90/><E87/><V46/><F46/><N who="3" m="18027" /><G98/><T95/><D95/><U100/><E100/><V93/><F122/><W48/><G103/><T110/><N who="0" m="42066" /><T94/><DORA hai="0" /><D94/><U115/><E115/><V120/><F93/><W112/><G112/><T101/><D101/><U55/><E55/><V52/><F52/><N who="3" m="32135" /><G65/><T51/><D54/><U2/><E2/><V83/><F3/><W6/><G6/><T75/><D21/><AGARI ba="1,1" hai="13,18,21,30,31,88,92,97" m="32135,18027" machi="21" ten="30,5800,0" yaku="8,1,54,2" doraHai="79,0" who="3" fromWho="0" sc="238,-61,222,0,247,0,283,71" owari="177,-32.3,222,-17.8,247,4.7,354,45.4" /></mjloggm>