<mjloggm ver="2.3"><GO type="225" lobby="0"/><UN n0="%73%7A%2E%64%31" n1="%E4%BE%BF%E6%89%80" n2="%E6%B0%B7%E5%B7%9D%E9%87%8C%E5%A5%88" n3="%63%62%69%73%6B%65%74" dan="16,16,16,16" rate="2140.86,2050.42,2147.22,2061.60" sx="M,M,F,M"/><TAIKYOKU oya="0"/><INIT seed="0,0,0,3,2,82" ten="250,250,250,250" oya="0" hai0="112,110,37,47,63,41,7,5,117,106,6,92,12" hai1="90,125,27,84,130,75,115,116,85,94,18,54,77" hai2="131,49,57,83,46,53,35,78,29,23,52,44,98" hai3="8,50,122,95,89,132,19,109,74,135,51,81,13"/><T80/><D117/><U42/><E116/><V55/><F131/><W124/><G109/><T93/><D112/><U34/><E75/><V128/><F128/><W32/><G32/><T101/><D110/><U120/><E120/><V45/><F35/><W127/><G74/><T99/><D12/><U16/><E130/><V69/><F69/><W119/><G81/><T30/><D30/><U126/><E115/><V1/><F1/><W4/><G4/><T66/><REACH who="0" step="1"/><D80/><REACH who="0" ten="240,250,250,250" step="2"/><N who="1" m="47119" /><E27/><V28/><F28/><W96/><G119/><T102/><D102/><U40/><E34/><V133/><F29/><W88/><G122/><T105/><D105/><U59/><E126/><N who="3" m="48170" /><G89/><T121/><D121/><U11/><E125/><V68/><F83/><W56/><G56/><AGARI ba="0,1" hai="5,6,7,37,41,47,56,63,66,92,93,99,101,106" machi="56" ten="40,2000,0" yaku="1,1,53,0" doraHai="82" doraHaiUra="113" who="0" fromWho="3" sc="240,30,250,0,250,0,250,-20" /><INIT seed="0,1,0,2,3,20" ten="270,250,250,230" oya="0" hai0="21,126,132,32,108,135,76,111,98,28,75,99,53" hai1="47,73,50,29,134,38,48,44,80,35,18,46,91" hai2="15,105,11,130,56,58,128,113,117,93,123,114,12" hai3="42,122,63,86,92,62,54,8,119,14,37,79,83"/><T127/><D53/><U13/><E38/><V59/><F105/><W106/><G106/><T17/><D28/><U39/><E39/><V55/><F123/><W71/><G119/><T40/><D32/><U101/><E134/><N who="0" m="51241" /><D40/><U60/><E101/><V102/><F117/><W70/><G122/><T9/><D9/><U23/><E60/><V4/><F55/><W43/><G92/><T131/><D131/><N who="2" m="50218" /><F15/><W87/><G37/><T88/><D76/><U33/><E33/><V100/><F93/><W19/><G87/><T95/><D99/><U1/><E1/><V85/><F85/><W67/><REACH who="3" step="1"/><G54/><REACH who="3" ten="270,250,250,220" step="2"/><T6/><D75/><U74/><E74/><V121/><F121/><W81/><G81/><T61/><D61/><U31/><E73/><V104/><F104/><W110/><G110/><N who="0" m="42027" /><D6/><U27/><E80/><V36/><F36/><W97/><G97/><T129/><D129/><U94/><REACH who="1" step="1"/><E31/><REACH who="1" ten="270,240,250,220" step="2"/><V25/><F102/><W68/><G68/><T109/><D109/><U84/><AGARI ba="1,2" hai="13,18,23,27,29,35,44,46,47,48,50,84,91,94" machi="84" ten="30,8000,1" yaku="1,1,2,1,0,1,52,1,53,1" doraHai="20" doraHaiUra="30" who="1" fromWho="1" sc="270,-41,240,103,250,-21,220,-21" /><INIT seed="1,0,0,0,4,109" ten="229,343,229,199" oya="1" hai0="29,52,119,11,28,8,10,60,104,48,75,20,86" hai1="80,91,12,14,62,70,36,87,27,135,25,107,128" hai2="102,22,47,65,5,116,40,44,82,23,37,61,51" hai3="90,43,53,106,125,114,129,123,103,101,132,117,67"/><U46/><E107/><V1/><F116/><W33/><G33/><T68/><D104/><U55/><E135/><V108/><F108/><W126/><G43/><T35/><D75/><U83/><E128/><V57/><F102/><N who="3" m="38923" /><G67/><T115/><D115/><U49/><E36/><V124/><F124/><N who="3" m="47723" /><G53/><T131/><D119/><U45/><E45/><V127/><F127/><W19/><G19/><T58/><D131/><U21/><E80/><V7/><F82/><W56/><G56/><T85/><D35/><U111/><E111/><V133/><F133/><W92/><G117/><T95/><D68/><U41/><E27/><V120/><F120/><W26/><G26/><N who="0" m="16455" /><D29/><U113/><E113/><V84/><F1/><W64/><G64/><N who="0" m="38935" /><D95/><U2/><E2/><V59/><F59/><AGARI ba="0,0" hai="8,10,11,48,52,59,85,86" m="38935,16455" machi="59" ten="30,2000,0" yaku="8,1,54,1" doraHai="109" who="0" fromWho="2" sc="229,20,343,0,229,-20,199,0" /><INIT seed="2,0,0,0,2,21" ten="249,343,209,199" oya="2" hai0="98,16,133,52,129,130,33,4,28,17,108,107,39" hai1="96,44,11,83,80,97,10,7,31,91,117,61,104" hai2="43,94,41,75,18,77,12,70,135,125,56,79,59" hai3="57,120,69,103,102,134,34,67,3,81,90,114,38"/><V93/><F70/><W37/><G120/><T118/><D39/><U5/><E117/><V128/><F128/><N who="0" m="49258" /><D4/><U66/><E31/><V45/><F135/><W1/><G69/><T123/><D123/><U89/><E44/><V58/><F125/><W116/><G116/><T111/><D52/><U13/><E104/><V15/><F75/><W72/><G134/><T27/><D118/><U65/><E13/><N who="2" m="5195" /><F18/><W95/><G34/><T88/><D133/><U82/><E82/><V8/><F8/><W131/><G131/><T78/><D78/><N who="2" m="29706" /><F45/><W23/><G23/><T6/><D6/><U0/><E0/><V55/><F55/><W40/><G3/><T46/><D46/><U36/><E36/><V63/><F63/><AGARI ba="0,0" hai="5,7,10,11,61,63,65,66,80,83,89,91,96,97" machi="63" ten="25,3200,0" yaku="22,2,8,1" doraHai="21" who="1" fromWho="2" sc="249,0,343,32,209,-32,199,0" /><INIT seed="3,0,0,1,5,14" ten="249,375,177,199" oya="3" hai0="84,94,114,70,127,104,47,99,93,112,15,49,3" hai1="50,17,23,20,90,133,9,5,106,103,67,117,51" hai2="92,71,86,77,57,108,129,100,39,13,115,128,69" hai3="21,35,45,123,41,8,31,25,87,58,118,80,79"/><W135/><G123/><T62/><D3/><U4/><E133/><V2/><F2/><W32/><G135/><T76/><D127/><U113/><E113/><V63/><F39/><W72/><G118/><T26/><D26/><U60/><E106/><V12/><F115/><W59/><G72/><T81/><D104/><U55/><E103/><V124/><F124/><W16/><G8/><T10/><D70/><N who="2" m="26634" /><F100/><W66/><G66/><T109/><D109/><U19/><E90/><V53/><F12/><W48/><REACH who="3" step="1"/><G35/><REACH who="3" ten="249,375,177,189" step="2"/><T65/><D112/><U38/><E9/><V96/><F108/><W132/><G132/><T101/><D114/><U83/><E117/><V91/><F13/><AGARI ba="0,1" hai="13,16,21,25,31,32,41,45,48,58,59,79,80,87" machi="13" ten="30,12000,1" yaku="1,1,7,1,52,1,54,1,53,1" doraHai="14" doraHaiUra="43" who="3" fromWho="2" sc="249,0,375,0,177,-120,189,130" /><INIT seed="3,1,0,3,4,120" ten="249,375,57,319" oya="3" hai0="63,35,72,101,110,18,126,40,99,116,129,77,1" hai1="11,57,76,115,17,8,60,46,44,113,14,39,131" hai2="88,128,45,68,15,0,119,55,100,19,38,105,123" hai3="135,112,132,109,127,114,71,64,80,13,32,26,125"/><W52/><G109/><T106/><BYE who="2" /><D18/><UN n2="%E6%B0%B7%E5%B7%9D%E9%87%8C%E5%A5%88" /><U53/><E131/><V51/><F51/><W98/><BYE who="2" /><G80/><UN n2="%E6%B0%B7%E5%B7%9D%E9%87%8C%E5%A5%88" /><T42/><D63/><U70/><E76/><V43/><F43/><BYE who="2" /><W59/><G98/><T111/><D116/><UN n2="%E6%B0%B7%E5%B7%9D%E9%87%8C%E5%A5%88" /><U96/><BYE who="2" /><E96/><V67/><F67/><W27/><G13/><UN n2="%E6%B0%B7%E5%B7%9D%E9%87%8C%E5%A5%88" /><T28/><D126/><BYE who="2" /><N who="3" m="48137" /><G64/><T5/><D129/><U81/><E81/><V49/><F49/><N who="3" m="31119" /><G71/><T54/><D54/><U16/><E70/><V117/><F117/><W82/><G82/><N who="0" m="45351" /><D40/><U85/><E85/><V36/><F36/><W3/><G3/><T133/><D42/><U25/><E39/><V74/><F74/><W122/><G122/><T118/><D118/><U22/><REACH who="1" step="1"/><E8/><REACH who="1" ten="249,365,57,319" step="2"/><V84/><F84/><W79/><G79/><T65/><D133/><N who="3" m="51273" /><G32/><T50/><D65/><U130/><E130/><V62/><F62/><W41/><G41/><T86/><D50/><U23/><E23/><V95/><F95/><W66/><G66/><T48/><D48/><U87/><E87/><V83/><F83/><W30/><G30/><T9/><D86/><U10/><E10/><V61/><F61/><W31/><G31/><T33/><D28/><U58/><E58/><V103/><F103/><W24/><AGARI ba="1,1" hai="24,26,27,112,114" m="51273,31119,48137" machi="24" ten="40,7800,0" yaku="18,1,20,1,54,1" doraHai="120" who="3" fromWho="3" sc="249,-27,365,-27,57,-27,319,91" owari="222,-17.8,338,13.8,30,-47.0,410,51.0" /></mjloggm>