<mjloggm ver="2.3"><GO type="225" lobby="0"/><UN n0="%E6%B4%BE%E9%81%A3%E3%81%AE%E3%82%B8%E3%83%A3%E3%83%83%E3%82%AF" n1="%E3%81%A9%E3%82%8F%E3%82%93%E3%81%94" n2="%E6%9A%87%E4%BA%BA%EF%BC%A0%E9%85%8D%E4%BF%A1%E5%9E%A2" n3="%E6%A1%9C%E8%8A%B1%E9%96%83%E3%80%85" dan="16,16,17,16" rate="2195.18,2102.44,2172.08,2070.10" sx="M,M,F,M"/><TAIKYOKU oya="0"/><INIT seed="0,0,0,1,1,38" ten="250,250,250,250" oya="0" hai0="103,119,8,64,83,51,124,81,70,121,89,127,34" hai1="130,24,57,13,16,98,48,14,107,86,72,129,128" hai2="135,22,49,71,85,67,90,53,11,47,33,18,25" hai3="104,12,99,113,97,68,45,31,106,69,78,2,43"/><T58/><D119/><U52/><E72/><V76/><F135/><W59/><G2/><T93/><D34/><U65/><E65/><V50/><F33/><W39/><G113/><T122/><D103/><N who="1" m="62967" /><E86/><V116/><F116/><W7/><G78/><T1/><D70/><U37/><E37/><V82/><F71/><W54/><G31/><T120/><D64/><U32/><E32/><V134/><F134/><W9/><G99/><T19/><D19/><U56/><E56/><V55/><F67/><W77/><G77/><T94/><D8/><U74/><E74/><V6/><F90/><W79/><G79/><T123/><D1/><U111/><E111/><V80/><F80/><W23/><G23/><AGARI ba="0,0" hai="13,14,16,23,24,48,52,57,128,129,130" m="62967" machi="23" ten="30,3900,0" yaku="19,1,54,2" doraHai="38" who="1" fromWho="3" sc="250,0,250,39,250,0,250,-39" /><INIT seed="1,0,0,2,5,47" ten="250,289,250,211" oya="1" hai0="51,116,133,77,67,8,2,11,28,14,82,126,1" hai1="105,111,55,59,108,56,45,32,91,87,53,40,43" hai2="119,107,102,125,128,37,35,88,21,118,73,20,84" hai3="52,6,101,74,36,114,135,75,79,127,117,61,48"/><U0/><E32/><V96/><F35/><W89/><G114/><T115/><D116/><N who="2" m="44586" /><F20/><W24/><G117/><T63/><D115/><U97/><E0/><V5/><F21/><W26/><G36/><T16/><D126/><U132/><E132/><V15/><F15/><W83/><G127/><T33/><D133/><U100/><E59/><V19/><F19/><W99/><G135/><T39/><D39/><U9/><E9/><V18/><F18/><W81/><G61/><T23/><D33/><U70/><E70/><V92/><F5/><W112/><G6/><T38/><D38/><N who="1" m="21655" /><E43/><V69/><F69/><W13/><G13/><T95/><D95/><N who="1" m="54783" /><E56/><V27/><F27/><W30/><G112/><T34/><D34/><U130/><E130/><V76/><F37/><W113/><G30/><T12/><D28/><U58/><E58/><V25/><F25/><W60/><G60/><T109/><D23/><U110/><AGARI ba="0,0" hai="53,55,97,100,105,108,110,111" m="54783,21655" machi="110" ten="30,3000,0" yaku="14,1,10,1" doraHai="47" who="1" fromWho="1" sc="250,-10,289,30,250,-10,211,-10" /><INIT seed="1,1,0,4,5,14" ten="240,319,240,201" oya="1" hai0="134,58,32,67,74,101,103,6,50,73,93,18,55" hai1="3,20,40,57,19,61,130,1,92,84,133,17,43" hai2="69,31,132,121,24,114,129,89,33,95,71,52,41" hai3="125,113,112,60,123,97,38,47,117,105,28,26,77"/><U135/><E130/><V63/><F121/><W66/><G125/><T111/><D32/><U27/><E1/><V45/><F129/><W124/><G124/><T5/><D111/><U10/><E84/><V15/><F132/><N who="1" m="50761" /><E92/><V78/><F78/><W7/><G7/><T127/><D127/><U86/><E86/><V115/><F15/><W21/><G77/><T83/><D134/><U59/><E3/><V29/><F29/><W99/><G117/><T118/><D118/><U11/><E59/><N who="2" m="35303" /><F89/><W51/><G123/><T104/><D104/><U85/><E85/><V53/><F53/><W110/><G110/><T48/><D83/><U37/><E37/><N who="2" m="21679" /><F95/><W94/><G38/><T36/><D36/><U54/><E11/><V120/><F120/><W16/><G105/><T80/><D80/><U87/><E87/><V100/><F100/><W119/><G119/><T88/><D74/><U98/><E98/><V64/><F64/><W23/><G99/><N who="0" m="57767" /><D67/><U9/><E10/><V131/><F131/><W13/><G94/><T109/><D73/><U96/><E96/><V62/><F62/><W106/><G97/><T42/><D109/><U22/><E9/><V81/><F81/><W76/><G76/><T34/><D101/><U82/><E82/><V56/><F56/><N who="3" m="37127" /><G106/><T12/><D103/><U68/><E68/><V128/><F128/><W107/><G107/><T70/><D70/><U0/><E0/><V65/><F65/><W30/><G30/><T46/><D34/><U2/><E2/><V102/><F102/><W108/><G108/><T91/><D91/><U79/><E79/><RYUUKYOKU ba="1,0" sc="240,0,319,0,240,0,201,0" hai0="5,6,12,18,42,46,48,50,55,58" hai1="17,19,20,22,27,40,43,54,57,61" hai2="24,31,33,69,71,114,115" hai3="13,16,21,23,26,28,47,51,112,113" /><INIT seed="1,2,0,0,4,43" ten="240,319,240,201" oya="1" hai0="91,45,128,83,106,101,65,4,114,17,15,87,103" hai1="35,3,129,64,90,110,29,7,92,135,57,111,99" hai2="116,121,107,118,85,53,126,102,122,68,8,49,25" hai3="70,24,113,69,19,96,95,133,51,46,62,22,115"/><U98/><E135/><V12/><F102/><W41/><G133/><T13/><D114/><U104/><E129/><V11/><F107/><W80/><G80/><T2/><D2/><U108/><E3/><V6/><F68/><W117/><G117/><N who="2" m="45161" /><F49/><W63/><G70/><T89/><D65/><U30/><E7/><N who="2" m="3103" /><F53/><W52/><G69/><T26/><D26/><U73/><E73/><V44/><F44/><W60/><REACH who="3" step="1"/><G41/><REACH who="3" ten="240,319,240,191" step="2"/><T93/><D83/><U132/><E132/><V72/><F122/><W18/><G18/><T74/><D17/><U39/><E111/><V42/><F121/><W37/><G37/><T59/><D128/><U1/><E39/><V84/><F42/><W34/><G34/><T109/><D109/><U47/><E110/><V123/><F123/><W77/><G77/><T23/><D4/><U105/><E108/><V9/><F6/><W88/><AGARI ba="2,1" hai="19,22,24,46,51,52,60,62,63,88,95,96,113,115" machi="88" ten="30,8000,1" yaku="1,1,0,1,52,1,54,2,53,0" doraHai="43" doraHaiUra="66" who="3" fromWho="3" sc="240,-22,319,-42,240,-22,191,96" /><INIT seed="2,0,0,3,2,36" ten="218,277,218,287" oya="2" hai0="25,77,17,65,99,91,45,5,134,46,119,120,57" hai1="86,1,109,23,83,106,101,58,55,87,28,111,126" hai2="2,117,123,0,72,73,60,13,31,75,52,94,19" hai3="48,44,12,129,29,68,6,115,24,42,9,33,62"/><V74/><N who="2" m="18432" /><DORA hai="85" /><V121/><F117/><W110/><G110/><N who="1" m="41994" /><E1/><V21/><F31/><W50/><G129/><T20/><D120/><U90/><E126/><V70/><F94/><W130/><G130/><T66/><D134/><U112/><E112/><V98/><F98/><W32/><G115/><T93/><D77/><N who="1" m="46447" /><E106/><V59/><REACH who="2" step="1"/><F70/><REACH who="2" ten="218,277,208,287" step="2"/><W41/><G33/><T11/><D119/><U67/><E101/><V71/><F71/><W80/><G80/><T96/><D96/><U40/><E28/><V88/><F88/><W124/><G124/><T16/><D17/><U35/><E35/><V69/><F69/><W64/><G32/><T127/><D127/><U30/><E30/><V102/><F102/><W37/><G29/><T114/><D114/><U122/><E122/><AGARI ba="0,1" hai="0,2,13,19,21,52,59,60,121,122,123" m="18432" machi="122" ten="70,18000,2" yaku="1,1,54,1,53,4" doraHai="36,85" doraHaiUra="128,105" who="2" fromWho="1" sc="218,0,277,-180,208,190,287,0" /><INIT seed="2,1,0,1,5,90" ten="218,97,398,287" oya="2" hai0="106,126,49,11,125,95,109,85,64,113,77,37,38" hai1="74,101,51,128,71,122,114,130,93,19,82,92,65" hai2="66,94,127,83,69,72,57,135,33,52,24,50,132" hai3="84,14,105,119,35,67,121,28,102,17,97,68,100"/><V2/><F2/><W16/><G119/><T53/><D109/><U31/><E31/><V43/><F127/><W30/><G121/><T98/><D113/><U103/><E71/><V18/><F43/><W5/><G102/><N who="1" m="38922" /><E65/><V78/><F94/><N who="1" m="36457" /><E122/><V34/><F69/><W133/><G133/><N who="2" m="51273" /><F66/><W6/><G84/><T112/><D112/><U70/><E70/><V36/><F36/><W58/><G58/><T1/><D64/><U7/><E7/><V12/><F24/><N who="3" m="18823" /><G30/><T104/><D38/><U46/><E114/><V63/><F63/><N who="3" m="40063" /><G17/><T107/><D37/><U80/><E19/><V59/><F59/><W91/><G16/><T8/><D1/><U27/><E27/><V118/><F118/><W21/><G6/><T56/><D126/><U4/><E4/><V99/><F99/><W25/><G5/><T96/><D125/><U124/><E124/><V15/><F15/><W123/><G14/><T111/><D98/><U23/><E23/><AGARI ba="1,0" hai="12,18,23,33,34,50,52,57,72,78,83" m="51273" machi="23" ten="30,2900,0" yaku="20,1,54,1" doraHai="90" who="2" fromWho="1" sc="218,0,97,-32,398,32,287,0" /><INIT seed="2,2,0,0,4,73" ten="218,65,430,287" oya="2" hai0="54,97,79,13,80,33,111,26,94,115,90,25,119" hai1="44,17,29,81,68,99,134,95,113,47,42,16,18" hai2="28,75,8,49,93,86,98,102,6,135,126,83,57" hai3="117,31,66,128,76,133,37,77,127,67,124,45,48"/><V70/><F70/><W69/><G117/><T82/><D115/><U5/><E134/><V55/><F135/><W92/><G133/><T39/><D39/><U1/><E113/><V14/><F126/><N who="3" m="48171" /><G37/><T43/><D111/><U121/><E121/><V129/><F129/><W88/><G31/><T60/><D43/><U78/><E68/><V104/><F28/><W84/><G128/><T2/><D2/><U34/><E42/><V85/><REACH who="2" step="1"/><F104/><REACH who="2" ten="218,65,420,287" step="2"/><W91/><G69/><T36/><D119/><U7/><E29/><V105/><F105/><W74/><G74/><T40/><D33/><U107/><E34/><V58/><F58/><W56/><G56/><T51/><D36/><U53/><E107/><V89/><F89/><W59/><G91/><T120/><D90/><U72/><E1/><V64/><F64/><N who="3" m="24619" /><G59/><T118/><D118/><U41/><E53/><AGARI ba="2,1" hai="45,48,53,76,77,84,88,92" m="24619,48171" machi="53" ten="30,7700,0" yaku="18,1,52,2,54,1" doraHai="73" who="3" fromWho="1" sc="218,0,65,-83,420,0,287,93" owari="218,-18.2,-18,-51.8,420,52.0,380,18.0" /></mjloggm>