<mjloggm ver="2.3"><GO type="225" lobby="0"/><UN n0="%33%74%72%65%65" n1="%72%69%6F%75%63%68%61%6E" n2="%E3%81%8B%E3%82%8F%E3%81%A1%E3%82%83%E3%82%93%35%38" n3="%E3%81%9F%E3%81%93%E2%98%86%E7%84%BC%E3%81%8D" dan="17,16,16,16" rate="2245.73,2178.80,2136.44,2110.60" sx="F,M,M,M"/><TAIKYOKU oya="0"/><INIT seed="0,0,0,0,4,96" ten="250,250,250,250" oya="0" hai0="73,71,25,56,82,61,9,128,131,23,127,36,54" hai1="64,84,87,77,79,117,8,41,108,4,40,2,132" hai2="19,44,32,123,5,119,30,3,29,93,39,34,38" hai3="46,116,45,95,133,6,22,59,1,112,26,55,135"/><T62/><D36/><U70/><E108/><V90/><F123/><W50/><G112/><T103/><D127/><U43/><E117/><V58/><F3/><W124/><G116/><T74/><D9/><U42/><E132/><N who="3" m="50762" /><G124/><T76/><D73/><U97/><N who="1" m="10240" /><DORA hai="134" /><U111/><E111/><V27/><F5/><W52/><G95/><T105/><D71/><U89/><E97/><V24/><F44/><N who="3" m="27719" /><G6/><T16/><REACH who="0" step="1"/><D62/><REACH who="0" ten="240,250,250,250" step="2"/><U114/><E114/><V53/><F119/><W60/><G1/><T21/><D21/><U81/><REACH who="1" step="1"/><E84/><REACH who="1" ten="240,240,250,250" step="2"/><V104/><F38/><W100/><G22/><T122/><D122/><U67/><E67/><V94/><F39/><W18/><G55/><T115/><D115/><U48/><E48/><V63/><F53/><W78/><G60/><AGARI ba="0,2" hai="2,4,8,60,64,70,77,79,81,87,89" m="10240" machi="60" ten="50,3200,0" yaku="1,1,53,1" doraHai="96,134" doraHaiUra="49,80" who="1" fromWho="3" sc="240,0,240,52,250,0,250,-32" /><INIT seed="1,0,0,1,1,35" ten="240,292,250,218" oya="1" hai0="95,69,6,62,37,53,92,90,57,0,40,97,88" hai1="52,48,82,108,71,3,98,38,132,42,26,12,8" hai2="59,5,129,91,58,96,115,74,46,94,133,45,112" hai3="75,47,55,17,93,117,83,25,68,73,111,13,131"/><U126/><E126/><V116/><F116/><W2/><G68/><T1/><D6/><U127/><E127/><V87/><F74/><W123/><G123/><T105/><D105/><U11/><E71/><V84/><F5/><W51/><G111/><T36/><D69/><U60/><E108/><V64/><F133/><W67/><G67/><T76/><D76/><U122/><E122/><V125/><F125/><W124/><G131/><T80/><D80/><U30/><E132/><V34/><F34/><W44/><G25/><T23/><D23/><U104/><E3/><V100/><F87/><W65/><G65/><T49/><D37/><U85/><E60/><N who="2" m="37911" /><F59/><W103/><G2/><T7/><D7/><U29/><E42/><V27/><F27/><W31/><G31/><T72/><D72/><U56/><E38/><V89/><F89/><W20/><G47/><T32/><D32/><U107/><E98/><V130/><F45/><W113/><G117/><T21/><D36/><U135/><E135/><V61/><F61/><W86/><G124/><T109/><D109/><U78/><E29/><V79/><F79/><W39/><G39/><T106/><D106/><U119/><E119/><V121/><F46/><W70/><G70/><T24/><D62/><U43/><E43/><V101/><F121/><W28/><G28/><T10/><D40/><U4/><REACH who="1" step="1"/><E8/><REACH who="1" ten="240,282,250,218" step="2"/><V18/><F130/><W134/><G134/><T66/><D10/><U120/><E120/><V102/><F129/><W77/><G113/><N who="2" m="43593" /><F96/><W41/><G41/><T110/><D110/><U63/><E63/><V9/><F9/><RYUUKYOKU ba="0,1" sc="240,-30,282,10,250,10,218,10" hai1="4,11,12,26,30,48,52,56,78,82,85,104,107" hai2="18,84,91,94,100,101,102" hai3="13,17,20,44,51,55,73,75,77,83,86,93,103" /><INIT seed="1,1,1,3,3,63" ten="210,292,260,228" oya="1" hai0="131,16,101,57,89,36,119,9,21,125,48,6,30" hai1="105,75,97,77,3,82,22,41,108,83,130,61,55" hai2="112,18,44,106,31,115,56,135,11,86,129,103,90" hai3="66,51,25,113,88,100,14,59,23,62,94,71,58"/><U54/><E130/><V122/><F122/><W15/><G113/><N who="2" m="43593" /><F135/><W1/><G100/><T110/><D119/><U93/><E3/><V126/><F126/><W92/><G92/><T79/><D36/><U24/><E108/><V43/><F129/><W116/><G116/><T123/><D131/><U10/><E105/><V60/><F31/><W37/><G1/><T38/><D38/><U72/><E41/><V120/><F120/><W107/><G37/><T45/><D123/><U35/><E35/><V2/><F2/><W0/><G107/><T42/><D125/><U118/><E118/><V134/><F134/><W91/><G91/><T84/><D110/><U104/><E104/><V33/><F33/><W111/><G0/><T47/><D47/><U29/><E10/><V27/><F27/><W132/><G71/><T98/><D30/><U49/><E61/><V46/><F43/><W5/><G5/><T95/><D79/><U78/><REACH who="1" step="1"/><E49/><REACH who="1" ten="210,282,260,228" step="2"/><V80/><F11/><W13/><G111/><T73/><D9/><U109/><E109/><V40/><F40/><W53/><G132/><T87/><D42/><U50/><E50/><V74/><F106/><W102/><G51/><T34/><D34/><U99/><E99/><V133/><F60/><W8/><G8/><T124/><D98/><U64/><E64/><V114/><F133/><W17/><G66/><T39/><D48/><U26/><E26/><V68/><F114/><W67/><G67/><T81/><D39/><U85/><E85/><V121/><F86/><W28/><G62/><T12/><D84/><U128/><E128/><RYUUKYOKU ba="1,2" sc="210,-10,282,30,260,-10,228,-10" hai1="22,24,29,54,55,72,75,77,78,82,83,93,97" /><INIT seed="1,2,2,3,2,79" ten="200,312,250,218" oya="1" hai0="31,100,105,2,45,75,32,61,62,127,29,109,17" hai1="55,21,107,101,88,110,108,58,35,8,39,133,70" hai2="53,134,91,130,37,56,83,72,11,71,135,54,112" hai3="129,5,27,123,66,128,95,59,9,19,113,4,65"/><U116/><E116/><V125/><F71/><W90/><G113/><T121/><D75/><U36/><E70/><V111/><F37/><W23/><G123/><T43/><D2/><U115/><E35/><V106/><F106/><W77/><G77/><T25/><D29/><U131/><E115/><V99/><F112/><W96/><G59/><T51/><D121/><U114/><E114/><V89/><F111/><N who="1" m="42537" /><E131/><N who="3" m="50250" /><G4/><T30/><D109/><U15/><E133/><V63/><F130/><W34/><G34/><T13/><D127/><U12/><E21/><V76/><F125/><W119/><G119/><T3/><D31/><U1/><E1/><AGARI ba="2,2" hai="1,5,9,19,23,27,65,66,90,95,96" m="50250" machi="1" ten="30,1000,0" yaku="19,1" doraHai="79" who="3" fromWho="1" sc="200,0,312,-16,250,0,218,36" /><INIT seed="2,0,0,4,4,38" ten="200,296,250,254" oya="2" hai0="26,40,16,96,73,106,84,54,90,133,86,55,67" hai1="116,18,130,11,10,97,95,111,94,128,100,31,113" hai2="123,12,99,17,57,107,44,24,4,64,122,68,119" hai3="0,42,118,14,61,83,23,65,20,78,22,124,89"/><V43/><F119/><W39/><G0/><T34/><D73/><U9/><E113/><V53/><F4/><W125/><G89/><T87/><D133/><U103/><E111/><V56/><F24/><W115/><G118/><T35/><D67/><U7/><E116/><V135/><F99/><W48/><G39/><T70/><D70/><U37/><E37/><N who="2" m="21615" /><F17/><W110/><G110/><T19/><D35/><U114/><E114/><V85/><F85/><W3/><G3/><T105/><D34/><U76/><E31/><V120/><F12/><W63/><G14/><T50/><D105/><U32/><E32/><V15/><F15/><W58/><G63/><T75/><D75/><U81/><E7/><V69/><F107/><W52/><G83/><T109/><D109/><U77/><E18/><N who="0" m="6697" /><D106/><U98/><REACH who="1" step="1"/><E76/><REACH who="1" ten="200,286,250,254" step="2"/><V41/><F135/><W47/><G78/><T1/><D1/><U6/><E6/><V91/><F122/><W72/><G115/><T25/><D25/><U104/><E104/><V45/><F123/><W21/><G72/><AGARI ba="0,1" hai="9,10,11,72,77,81,94,95,97,98,100,103,128,130" machi="72" ten="40,8000,1" yaku="1,1,9,1,53,2" doraHai="38" doraHaiUra="92" who="1" fromWho="3" sc="200,0,286,90,250,0,254,-80" /><INIT seed="3,0,0,1,2,24" ten="200,376,250,174" oya="3" hai0="46,41,56,127,79,117,6,97,18,123,121,60,126" hai1="26,58,43,128,55,78,88,72,1,12,113,49,66" hai2="37,44,131,100,21,106,118,7,23,47,69,74,65" hai3="120,119,16,34,98,99,63,9,70,8,64,89,54"/><W31/><G119/><T45/><D6/><U15/><E113/><V76/><F21/><W73/><G120/><N who="0" m="46155" /><D79/><U77/><E1/><V10/><F131/><W108/><G73/><T52/><D117/><U110/><E128/><V82/><F23/><W62/><G108/><T86/><D86/><U61/><E110/><V85/><F44/><N who="0" m="17002" /><D97/><U105/><E43/><N who="2" m="23023" /><F85/><W30/><G34/><T92/><D92/><U134/><E134/><V27/><F27/><W94/><G98/><T133/><D18/><U130/><E130/><V38/><F38/><W91/><G91/><T13/><D13/><N who="1" m="5195" /><E105/><V90/><F90/><W83/><G16/><T36/><D133/><U75/><E75/><V25/><F25/><W48/><G63/><T19/><D19/><U125/><E125/><N who="0" m="47625" /><D36/><U71/><E72/><V50/><F118/><W111/><G111/><T53/><D41/><U132/><E132/><V107/><F100/><W95/><G94/><T5/><D5/><U33/><E88/><V122/><F122/><W17/><G17/><T29/><D29/><N who="1" m="19639" /><E78/><V14/><F7/><W2/><G83/><T102/><D102/><U42/><E42/><V51/><F14/><W80/><G80/><T28/><D28/><N who="3" m="10793" /><G2/><T84/><D84/><U116/><E116/><V81/><F81/><W87/><G87/><T115/><D115/><U93/><E93/><V135/><F135/><W0/><G0/><T20/><D20/><U109/><E109/><V124/><F124/><W96/><G96/><T68/><D68/><N who="1" m="42063" /><E77/><V32/><F32/><W22/><G22/><T67/><AGARI ba="0,0" hai="52,53,56,60,67" m="47625,17002,46155" machi="67" ten="40,8000,1" yaku="18,1,34,2,54,1" doraHai="24" who="0" fromWho="0" sc="200,80,376,-20,250,-20,174,-40" owari="280,8.0,356,45.6,230,-17.0,134,-36.6" /></mjloggm>