<mjloggm ver="2.3"><GO type="225" lobby="0"/><UN n0="%E3%81%A1%E3%82%85%E3%81%86%E3%81%A9%E3%81%8F%E8%B1%A1%E3%81%95%E3%82%93" n1="%E3%82%82%E3%81%90%E3%82%89" n2="%E3%83%AD%E3%83%83%E3%83%86%E9%9B%80%E7%90%83" n3="%E6%80%AA%E3%81%97%E3%81%99%E3%81%8E%E3%82%8B%E3%83%81%E3%83%BC" dan="16,17,17,16" rate="2101.50,2169.29,2262.16,2153.68" sx="M,M,M,M"/><TAIKYOKU oya="0"/><INIT seed="0,0,0,1,0,119" ten="250,250,250,250" oya="0" hai0="102,112,10,109,30,3,12,68,26,16,11,87,39" hai1="51,46,62,129,85,132,67,47,69,28,121,36,64" hai2="96,134,49,77,48,92,76,31,24,97,90,93,5" hai3="21,60,38,135,75,94,17,18,66,78,41,14,128"/><T103/><D112/><U29/><E29/><V15/><F134/><W56/><G135/><T61/><D39/><U108/><E85/><V133/><F133/><W114/><G114/><T6/><D109/><U1/><E1/><V122/><F122/><W79/><G128/><T72/><D72/><U65/><E28/><V7/><F77/><W27/><G75/><T107/><D87/><U104/><E104/><V120/><F76/><W57/><G57/><T73/><D73/><U130/><E132/><V55/><F120/><W113/><G113/><T81/><D81/><U2/><E2/><V95/><F95/><W52/><G66/><N who="1" m="25706" /><E108/><V13/><F5/><W53/><G53/><T8/><D68/><U25/><E25/><V126/><F126/><W124/><G124/><T91/><D61/><U40/><E121/><V89/><F7/><W34/><G94/><T125/><D125/><U42/><AGARI ba="0,0" hai="36,40,42,46,47,51,62,67,69,129,130" m="25706" machi="42" ten="30,2000,0" yaku="34,2" doraHai="119" who="1" fromWho="1" sc="250,-10,250,20,250,-5,250,-5" /><INIT seed="1,0,0,2,2,104" ten="240,270,245,245" oya="1" hai0="130,100,8,73,75,59,24,56,1,107,20,131,95" hai1="18,9,103,45,70,110,50,69,121,82,25,30,15" hai2="35,19,2,134,63,13,11,118,0,22,94,60,49" hai3="43,127,40,23,90,4,3,99,106,65,81,98,41"/><U64/><E121/><V52/><F118/><W12/><G127/><T61/><D107/><U87/><E103/><V62/><F134/><W122/><G122/><T51/><D1/><U17/><E64/><V119/><F35/><W72/><G106/><T135/><D8/><U102/><E102/><V116/><F116/><W129/><G129/><N who="0" m="49163" /><D135/><U36/><E36/><V113/><F119/><W29/><G3/><T16/><D51/><U68/><E18/><V114/><F94/><W5/><G65/><N who="0" m="39079" /><D59/><U123/><E123/><V27/><F0/><W55/><G55/><T74/><D73/><U101/><E110/><V34/><F2/><W125/><G72/><T26/><D26/><U133/><E133/><V115/><F34/><W128/><G125/><T97/><AGARI ba="0,0" hai="16,20,24,74,75,95,97,100" m="39079,49163" machi="97" ten="30,7900,0" yaku="19,1,52,2,54,1" doraHai="104" who="0" fromWho="0" sc="240,79,270,-39,245,-20,245,-20" /><INIT seed="2,0,0,0,4,83" ten="319,231,225,225" oya="2" hai0="125,127,50,59,74,48,85,40,78,25,95,132,34" hai1="109,14,56,17,16,128,86,63,118,12,6,117,26" hai2="108,105,93,21,15,41,11,13,68,38,122,7,39" hai3="47,96,88,130,114,3,58,71,91,80,53,57,55"/><V42/><F105/><W133/><G71/><T119/><D132/><U116/><E109/><V124/><F122/><W9/><G133/><T103/><D119/><U28/><E128/><V100/><F68/><W121/><G121/><T82/><D40/><U54/><E6/><V43/><F124/><N who="0" m="47690" /><D59/><U89/><E12/><V49/><F108/><W51/><G130/><T30/><D103/><U99/><E99/><N who="2" m="59503" /><F39/><W61/><G114/><T4/><D4/><U81/><REACH who="1" step="1"/><E14/><REACH who="1" ten="319,221,225,225" step="2"/><V65/><F38/><W134/><G134/><T45/><D45/><U36/><E36/><V112/><F112/><W102/><G47/><T27/><D25/><U92/><E92/><V22/><F15/><W20/><G3/><T87/><D95/><U73/><E73/><V52/><F65/><W123/><G123/><T77/><D74/><U10/><E10/><V29/><F29/><W115/><G9/><T72/><D72/><U135/><E135/><V46/><AGARI ba="0,1" hai="7,11,13,21,22,41,42,43,46,49,52" m="59503" machi="46" ten="30,3000,0" yaku="8,1,54,1" doraHai="83" who="2" fromWho="2" sc="319,-10,221,-10,225,40,225,-10" /><INIT seed="2,1,0,0,5,79" ten="309,211,265,215" oya="2" hai0="60,112,58,99,84,111,76,69,118,6,42,15,68" hai1="57,94,59,82,80,95,72,4,128,127,21,91,18" hai2="81,117,7,50,124,66,33,17,28,93,116,78,38" hai3="8,92,24,86,108,44,35,131,3,104,14,89,101"/><V102/><F38/><W61/><G108/><T49/><D112/><U16/><E72/><V48/><F7/><W87/><G131/><T75/><D75/><U121/><E128/><V40/><F66/><W19/><G3/><T62/><D111/><U64/><E127/><V32/><F124/><W83/><G44/><T110/><D110/><U63/><E121/><V45/><F50/><W56/><G104/><T54/><D118/><U26/><E4/><V22/><F93/><N who="1" m="35337" /><E91/><V5/><F102/><W9/><G9/><T55/><D99/><U74/><E74/><V29/><F5/><W109/><G109/><T73/><D73/><U122/><E122/><V1/><F1/><W67/><G101/><T43/><D6/><U20/><E59/><V51/><F33/><W34/><REACH who="3" step="1"/><G24/><AGARI ba="1,0" hai="16,18,20,21,24,26,57,63,64,80,82" m="35337" machi="24" ten="30,7700,0" yaku="8,1,52,2,54,1" doraHai="79" who="1" fromWho="3" sc="309,0,211,80,265,0,215,-80" /><INIT seed="3,0,0,1,3,100" ten="309,291,265,135" oya="3" hai0="105,85,73,118,63,127,72,96,44,101,16,108,48" hai1="84,40,62,21,94,64,126,133,70,12,37,33,54" hai2="52,38,115,75,103,57,23,39,30,86,7,128,80" hai3="2,88,117,41,93,49,19,82,31,95,130,25,79"/><W3/><G117/><T120/><D118/><U11/><E33/><V90/><F115/><W104/><G130/><T15/><D120/><U132/><E126/><V5/><F128/><W9/><G104/><T46/><D127/><U113/><E113/><V89/><F75/><W35/><G93/><T129/><D129/><U56/><E21/><V60/><F103/><W45/><G19/><T121/><D121/><U119/><E119/><V36/><REACH who="2" step="1"/><F90/><REACH who="2" ten="309,291,255,135" step="2"/><W102/><G102/><T10/><D73/><U131/><E131/><V111/><F111/><W1/><G9/><T124/><D72/><U87/><E94/><V97/><F97/><W24/><G24/><AGARI ba="0,1" hai="5,7,23,24,30,36,38,39,52,57,60,80,86,89" machi="24" ten="40,2600,0" yaku="1,1,54,1,53,0" doraHai="100" doraHaiUra="14" who="2" fromWho="3" sc="309,0,291,0,255,36,135,-26" owari="309,40.9,291,9.1,291,-10.9,109,-39.1" /></mjloggm>