<mjloggm ver="2.3"><GO type="225" lobby="0"/><UN n0="%E9%AD%9A%E8%B0%B7%E4%BE%91%E7%BE%8E" n1="%E6%9D%B1%E9%A2%A8%E3%81%AE%E3%81%8D%E3%82%83%E3%81%B7%E3%81%95%E3%82%93" n2="%E3%81%BF%E3%81%BF%E3%81%9A" n3="%72%69%6F%75%63%68%61%6E" dan="17,17,18,17" rate="2145.11,2159.56,2247.23,2255.21" sx="M,M,M,M"/><TAIKYOKU oya="0"/><INIT seed="0,0,0,1,5,112" ten="250,250,250,250" oya="0" hai0="119,68,130,126,23,12,3,33,83,77,79,38,59" hai1="121,30,42,56,122,88,98,129,46,95,65,92,69" hai2="1,128,36,54,123,50,47,53,110,85,10,64,44" hai3="20,108,131,86,109,43,18,106,72,37,89,21,114"/><T57/><D68/><U2/><E129/><V70/><F123/><W25/><G131/><T103/><D130/><U67/><E2/><V111/><F128/><W60/><G114/><T75/><D33/><U4/><E4/><V55/><F85/><W31/><G72/><T93/><D3/><U29/><E69/><V17/><F17/><W74/><G74/><T9/><D38/><U63/><E65/><V101/><F101/><W19/><G106/><T15/><D126/><U100/><E122/><V117/><F10/><W62/><G43/><T11/><D75/><U105/><E121/><V52/><F1/><W14/><G37/><T116/><D23/><U73/><E73/><V90/><F90/><W58/><G31/><T16/><D93/><U66/><E66/><V104/><F104/><W125/><G125/><T71/><D103/><U94/><REACH who="1" step="1"/><E88/><REACH who="1" ten="250,240,250,250" step="2"/><V91/><F91/><W28/><G19/><T80/><D71/><U124/><E124/><V87/><F87/><W107/><G109/><T133/><REACH who="0" step="1"/><D16/><REACH who="0" ten="240,240,250,250" step="2"/><U27/><E27/><V34/><F70/><W84/><G25/><T7/><D7/><U48/><AGARI ba="0,2" hai="29,30,42,46,48,56,63,67,92,94,95,98,100,105" machi="48" ten="30,2000,0" yaku="1,1,0,1,53,0" doraHai="112" doraHaiUra="78" who="1" fromWho="1" sc="240,-10,240,40,250,-5,250,-5" /><INIT seed="1,0,0,2,4,103" ten="230,280,245,245" oya="1" hai0="96,127,78,46,120,111,20,26,66,30,22,72,65" hai1="34,129,89,49,53,55,102,45,97,7,113,2,52" hai2="37,101,112,31,118,84,106,133,98,9,95,99,58" hai3="39,35,67,27,3,119,74,80,25,38,10,60,124"/><U130/><E113/><V12/><F118/><W76/><G119/><T24/><D111/><U57/><E34/><V69/><F69/><W110/><G110/><T122/><D127/><U73/><E73/><V115/><F37/><W47/><G124/><T23/><D46/><U132/><E132/><V116/><F116/><W134/><G134/><T54/><D54/><U87/><E7/><V6/><F133/><W131/><G131/><N who="1" m="50186" /><E2/><V107/><F31/><W77/><G76/><T32/><D96/><U59/><E87/><V14/><F84/><W64/><G64/><N who="0" m="24683" /><D72/><U93/><E89/><V51/><F14/><W36/><G47/><T62/><D78/><U75/><E75/><V108/><F108/><W83/><G83/><T16/><D62/><U105/><E93/><V68/><F68/><W126/><G126/><T135/><D135/><U104/><E104/><V4/><F4/><W29/><G25/><T85/><D85/><U41/><AGARI ba="0,0" hai="41,45,49,52,53,55,57,59,97,102,105" m="50186" machi="41" ten="30,6000,0" yaku="19,1,52,1,54,1" doraHai="103" who="1" fromWho="1" sc="230,-20,280,60,245,-20,245,-20" /><INIT seed="1,1,0,3,2,5" ten="210,340,225,225" oya="1" hai0="108,113,124,41,105,82,61,20,133,78,84,69,100" hai1="71,36,72,125,42,35,135,122,68,47,116,16,110" hai2="106,40,99,37,30,114,92,103,89,85,123,14,102" hai3="94,25,130,60,44,46,80,2,11,8,43,81,117"/><U4/><RYUUKYOKU type="yao9" ba="1,0" sc="210,0,340,0,225,0,225,0" hai1="4,16,35,36,42,47,68,71,72,110,116,122,125,135" /><INIT seed="1,2,0,0,3,70" ten="210,340,225,225" oya="1" hai0="64,4,19,87,43,39,131,111,116,3,104,63,129" hai1="98,59,108,38,86,30,135,133,33,49,101,118,134" hai2="25,127,60,88,13,95,61,18,115,123,22,55,12" hai3="67,130,71,46,42,17,1,79,45,32,89,23,83"/><U34/><E86/><V77/><F123/><W7/><G32/><N who="1" m="12394" /><E30/><V16/><F127/><W50/><G130/><N who="0" m="49675" /><D104/><N who="1" m="63543" /><E118/><V48/><F77/><W94/><G67/><T26/><D116/><U8/><E8/><N who="2" m="6151" /><F115/><W128/><G71/><N who="0" m="42399" /><D111/><U93/><E93/><V0/><F0/><W117/><G128/><T80/><D3/><U82/><E82/><V85/><F25/><W29/><G117/><T41/><D4/><U96/><E96/><V54/><F54/><W102/><G102/><T84/><D80/><U10/><E10/><V122/><F122/><W6/><G1/><T126/><D126/><U68/><E68/><V100/><F100/><W11/><G11/><T53/><D53/><N who="1" m="32175" /><E108/><V92/><F95/><W31/><G6/><T106/><D106/><U2/><E2/><V28/><F28/><W103/><G7/><T121/><D121/><U44/><E44/><AGARI ba="2,0" hai="13,18,22,44,48,55,60,61,85,88,92" m="6151" machi="44" ten="30,3900,0" yaku="8,1,54,2" doraHai="70" who="2" fromWho="1" sc="210,0,340,-45,225,45,225,0" /><INIT seed="2,0,0,5,5,96" ten="210,295,270,225" oya="2" hai0="73,71,47,8,124,131,9,78,81,45,123,1,49" hai1="37,50,33,103,122,66,5,107,65,69,128,39,67" hai2="35,119,15,108,130,34,2,24,112,121,10,101,7" hai3="28,98,74,3,25,89,4,77,17,126,30,6,118"/><V29/><F112/><W76/><G118/><T84/><D123/><U46/><E5/><V116/><F121/><W129/><G126/><T44/><D124/><U134/><E122/><V58/><F58/><W99/><G129/><T80/><D131/><U83/><E128/><V13/><F130/><W62/><G74/><T88/><D71/><U97/><E134/><V79/><F79/><N who="3" m="30283" /><G3/><T43/><REACH who="0" step="1"/><D9/><REACH who="0" ten="200,295,270,225" step="2"/><U82/><E69/><V56/><F119/><W110/><G110/><T104/><D104/><U63/><E33/><V111/><F116/><W133/><G133/><T91/><D91/><U93/><E107/><V117/><F117/><W102/><G89/><T114/><D114/><U113/><E113/><V75/><F35/><W32/><G32/><T85/><D85/><U86/><E86/><V0/><F75/><W54/><G98/><T40/><D40/><U57/><E37/><V22/><F34/><W14/><G99/><T16/><D16/><U95/><E39/><V36/><F36/><W11/><G102/><T68/><D68/><U105/><E105/><V12/><F101/><W20/><G30/><T23/><D23/><U70/><E70/><V125/><F125/><W38/><G38/><T48/><D48/><U92/><E103/><V135/><F135/><W18/><G28/><T61/><D61/><U87/><E97/><V90/><F90/><W132/><G132/><T100/><D100/><U41/><E87/><V64/><F108/><W42/><G42/><T94/><D94/><U106/><E106/><V55/><F111/><W21/><G21/><T115/><D115/><RYUUKYOKU ba="0,1" sc="200,10,295,10,270,-30,225,10" hai0="1,8,43,44,45,47,49,73,78,80,81,84,88" hai1="41,46,50,57,63,65,66,67,82,83,92,93,95" hai3="4,6,11,14,17,18,20,25,54,62" /><INIT seed="3,1,1,2,4,3" ten="210,305,240,235" oya="3" hai0="107,99,8,134,4,48,78,28,19,76,54,127,44" hai1="10,92,113,119,27,84,73,49,105,7,93,135,75" hai2="70,39,116,118,16,36,69,41,35,58,71,37,96" hai3="82,61,74,106,53,46,130,21,57,114,20,101,103"/><W80/><G114/><T15/><D127/><U83/><E105/><V72/><F35/><W81/><G130/><T121/><D134/><U112/><E135/><V90/><F72/><W89/><G74/><T63/><D121/><U102/><E119/><V126/><F96/><W98/><G103/><T29/><D63/><U13/><E113/><V14/><F90/><W26/><G46/><T42/><D42/><U30/><E112/><V2/><F2/><W45/><G45/><T34/><D34/><U60/><E49/><V85/><F41/><W25/><REACH who="3" step="1"/><G89/><REACH who="3" ten="210,305,240,225" step="2"/><T131/><D131/><U55/><E102/><V132/><F132/><W18/><G18/><T133/><D133/><U125/><E75/><V120/><F118/><W111/><G111/><T11/><D107/><U86/><E73/><V31/><F116/><W17/><G17/><T9/><D9/><U47/><E47/><V94/><F120/><W50/><G50/><T59/><D44/><U62/><E62/><V0/><F37/><W123/><G123/><T108/><D108/><U51/><E60/><V77/><F36/><W6/><G6/><T40/><D40/><U68/><E10/><V97/><F39/><W115/><G115/><T104/><D11/><U38/><E51/><V5/><F16/><W22/><AGARI ba="1,2" hai="20,21,22,25,26,53,57,61,80,81,82,98,101,106" machi="22" ten="30,6000,0" yaku="1,1,0,1,53,1" doraHai="3" doraHaiUra="100" who="3" fromWho="3" sc="210,-21,305,-21,240,-21,225,83" owari="189,-31.1,284,8.4,219,-18.1,308,40.8" /></mjloggm>