<mjloggm ver="2.3"><GO type="225" lobby="0"/><UN n0="%E6%81%A5%E6%99%92%E3%81%97" n1="%E3%82%BC%E3%83%AB%E3%83%80%E3%81%AE%E4%BC%9D%E8%AA%AC" n2="%E3%82%B2%E3%82%B9%E8%8C%82%E5%8B%9D" n3="%E3%81%B5%E3%81%98%E3%81%8B%E3%81%A4" dan="16,18,16,16" rate="2142.80,2217.96,2086.58,2169.99" sx="M,M,F,M"/><TAIKYOKU oya="0"/><INIT seed="0,0,0,4,3,80" ten="250,250,250,250" oya="0" hai0="27,25,24,114,7,81,34,89,71,65,78,129,123" hai1="70,62,36,121,15,48,13,120,61,90,11,131,41" hai2="97,113,33,134,100,39,128,74,117,22,3,30,69" hai3="93,66,127,6,45,79,46,31,87,86,12,76,82"/><T68/><D114/><U116/><E116/><V47/><RYUUKYOKU type="yao9" ba="0,0" sc="250,0,250,0,250,0,250,0" hai2="3,22,30,33,39,47,69,74,97,100,113,117,128,134" /><INIT seed="0,1,0,1,5,15" ten="250,250,250,250" oya="0" hai0="54,127,12,17,16,72,58,45,95,101,118,0,92" hai1="110,106,40,126,125,38,44,6,74,29,62,131,82" hai2="130,35,63,78,49,116,66,123,134,5,135,115,64" hai3="111,114,30,22,56,24,48,31,76,23,117,59,94"/><T133/><D118/><U36/><E106/><V90/><F35/><W91/><G117/><T80/><D0/><U105/><E105/><V51/><F78/><W89/><G114/><T70/><D70/><U100/><E100/><V37/><F5/><W20/><G111/><T34/><D34/><U1/><E110/><V28/><F28/><N who="3" m="10795" /><G76/><T77/><D127/><N who="1" m="48651" /><E29/><V129/><F90/><N who="3" m="34315" /><G94/><T57/><D133/><N who="2" m="50698" /><F116/><W18/><G59/><T60/><D58/><U113/><E113/><V102/><F102/><W55/><AGARI ba="1,0" hai="18,20,22,23,24,48,55,56" m="34315,10795" machi="55" ten="30,2000,0" yaku="8,1,52,1" doraHai="15" who="3" fromWho="3" sc="250,-11,250,-6,250,-6,250,23" /><INIT seed="1,0,0,5,4,86" ten="239,244,244,273" oya="1" hai0="82,30,44,110,50,42,71,32,130,26,65,29,112" hai1="57,54,39,131,19,108,92,128,99,90,85,98,22" hai2="33,37,107,31,10,117,95,20,1,56,132,14,111" hai3="53,100,34,7,79,6,27,84,94,16,38,36,119"/><U77/><E39/><V69/><F107/><W83/><G119/><T129/><D112/><U45/><E45/><V81/><F69/><W18/><G34/><T88/><D110/><U123/><E123/><V55/><F117/><W96/><G38/><T115/><D115/><U66/><E66/><V47/><F111/><W3/><G36/><T23/><D65/><U62/><E108/><V25/><F81/><W12/><G3/><T126/><D71/><U118/><E118/><V122/><F122/><W5/><G53/><T133/><D126/><U4/><E4/><V76/><F76/><W41/><G41/><T116/><D116/><U46/><E46/><V135/><F1/><W21/><REACH who="3" step="1"/><G18/><REACH who="3" ten="239,244,244,263" step="2"/><N who="0" m="12663" /><D32/><U0/><E0/><V125/><F33/><W68/><G68/><T67/><D67/><U60/><E60/><V61/><F125/><W97/><G97/><T52/><D133/><U8/><E99/><V35/><F35/><W28/><G28/><N who="0" m="10859" /><D129/><U104/><E131/><V89/><F37/><W93/><G93/><T63/><D130/><U49/><E128/><V75/><F132/><W87/><G87/><N who="0" m="50295" /><D63/><U120/><E120/><V43/><F135/><W114/><G114/><T11/><D11/><AGARI ba="0,1" hai="5,6,7,11,12,16,21,27,79,83,84,94,96,100" machi="11" ten="40,5200,0" yaku="1,1,8,1,54,1,53,0" doraHai="86" doraHaiUra="51" who="3" fromWho="0" sc="239,-52,244,0,244,0,263,62" /><INIT seed="2,0,0,2,5,41" ten="187,244,244,325" oya="2" hai0="55,28,10,90,103,131,124,35,126,84,58,25,81" hai1="59,87,68,119,47,20,93,24,34,129,80,105,109" hai2="30,92,95,33,62,82,74,51,72,115,27,110,3" hai3="21,64,61,86,94,53,132,91,15,48,118,79,54"/><V18/><F115/><W98/><G132/><T9/><D131/><U75/><E68/><V57/><F3/><W38/><G38/><T134/><D134/><U111/><E119/><V125/><F125/><W16/><G118/><T44/><D124/><U96/><E34/><V97/><F110/><N who="1" m="41993" /><E129/><V113/><F113/><W102/><G79/><T22/><D126/><U85/><E105/><V135/><F135/><W11/><G21/><T17/><D103/><N who="1" m="60815" /><E59/><V52/><F82/><W1/><G1/><T73/><D73/><U42/><E75/><V26/><F51/><W0/><G0/><T106/><D106/><U5/><E5/><V123/><F123/><W36/><G36/><T6/><D6/><U101/><E101/><V108/><F92/><W70/><G48/><N who="0" m="29063" /><D35/><U46/><E42/><V88/><F108/><W8/><G8/><N who="0" m="3179" /><D58/><U104/><E104/><AGARI ba="0,0" hai="11,15,16,53,54,61,64,70,86,91,94,98,102,104" machi="104" ten="30,2000,0" yaku="7,1,54,1" doraHai="41" who="3" fromWho="1" sc="187,0,244,-20,244,0,325,20" /><INIT seed="3,0,0,4,5,112" ten="187,224,244,345" oya="3" hai0="71,29,119,68,6,69,54,42,108,88,132,21,83" hai1="90,89,63,93,12,16,120,35,28,99,75,5,18" hai2="9,13,10,80,3,130,36,125,41,55,95,46,116" hai3="2,87,111,61,102,11,110,78,20,127,58,23,26"/><W14/><G102/><T70/><N who="0" m="17408" /><DORA hai="135" /><T27/><D132/><U47/><E120/><V128/><F95/><W56/><G127/><T106/><D108/><N who="3" m="41513" /><G2/><T52/><D119/><U0/><E75/><V72/><F125/><W133/><G133/><T48/><D106/><U76/><E76/><N who="2" m="44039" /><F55/><N who="3" m="33951" /><G58/><T134/><D6/><U40/><E63/><V107/><F107/><W65/><G65/><T19/><D134/><U43/><E0/><V59/><F59/><W51/><G51/><T122/><D122/><U121/><E5/><N who="2" m="1215" /><F13/><W79/><G87/><T60/><D60/><U25/><E121/><V64/><F10/><W123/><G123/><T39/><D39/><U103/><E40/><V129/><F64/><W114/><G114/><T1/><D1/><U7/><E7/><V86/><F86/><W74/><G74/><T131/><D131/><U104/><E12/><V50/><F50/><W98/><G98/><T17/><D42/><U85/><E90/><V115/><F115/><W31/><G23/><T101/><D101/><U92/><E104/><V49/><F49/><AGARI ba="0,0" hai="16,18,25,28,35,43,47,49,85,89,92,93,99,103" machi="49" ten="30,2000,0" yaku="7,1,54,1" doraHai="112,135" who="1" fromWho="2" sc="187,0,224,20,244,-20,345,0" owari="187,-31.3,244,4.4,224,-17.6,345,44.5" /></mjloggm>