<mjloggm ver="2.3"><GO type="225" lobby="0"/><UN n0="%E7%99%BD%E5%92%B2%E8%8A%B1%E3%81%A1%E3%82%83%E3%82%93" n1="%E3%83%B4%E3%83%A0%EF%BC%99%E3%81%A6" n2="%72%69%6F%75%63%68%61%6E" n3="%E6%9D%B1%E9%A2%A8%E3%81%AE%E3%81%8D%E3%82%83%E3%81%B7%E3%81%95%E3%82%93" dan="16,16,17,17" rate="2148.41,2109.37,2231.65,2184.09" sx="F,M,M,M"/><TAIKYOKU oya="0"/><INIT seed="0,0,0,0,1,63" ten="250,250,250,250" oya="0" hai0="125,82,8,68,23,130,12,11,91,116,29,30,101" hai1="66,78,37,83,103,128,70,58,86,10,54,46,15" hai2="106,57,3,129,104,44,90,20,48,9,108,119,95" hai3="33,98,126,131,120,56,13,67,88,49,134,5,53"/><T132/><D116/><U39/><E128/><V124/><F129/><W122/><G33/><T1/><D130/><U22/><E103/><V55/><F119/><W50/><G131/><T117/><D117/><U80/><E22/><V135/><F108/><W71/><G134/><T118/><D118/><U27/><E27/><V133/><F124/><W7/><G126/><T61/><D125/><U38/><E80/><V41/><F20/><W60/><G49/><T24/><D132/><U28/><E28/><V18/><F135/><W59/><G71/><T36/><D36/><U2/><E2/><V19/><F133/><W72/><G72/><T79/><D101/><U75/><E75/><V89/><F89/><W102/><G13/><T42/><D42/><U84/><E84/><V40/><F40/><W85/><G122/><T25/><D91/><U73/><E73/><V17/><F9/><W52/><G53/><T115/><D1/><U127/><E127/><V31/><F31/><W97/><G120/><T65/><D12/><U4/><E70/><V6/><F6/><N who="3" m="2059" /><G102/><T64/><D64/><U0/><E0/><V111/><F111/><W62/><G62/><T34/><REACH who="0" step="1"/><D115/><REACH who="0" ten="240,250,250,250" step="2"/><U32/><E66/><V112/><F3/><W105/><G105/><T45/><D45/><U123/><E46/><V35/><F112/><W110/><G110/><T69/><D69/><U16/><E39/><N who="2" m="21567" /><F106/><W81/><AGARI ba="0,1" hai="50,52,56,59,60,67,81,85,88,97,98" m="2059" machi="81" ten="30,7900,0" yaku="8,1,52,1,54,2" doraHai="63" who="3" fromWho="3" sc="240,-39,250,-20,250,-20,250,89" /><INIT seed="1,0,0,4,5,135" ten="201,230,230,339" oya="1" hai0="27,112,98,101,73,38,78,30,111,79,118,59,102" hai1="18,21,56,58,77,126,88,96,105,91,115,26,133" hai2="108,65,120,93,69,0,48,31,34,13,87,42,130" hai3="46,68,97,3,23,60,41,8,2,123,63,95,45"/><U19/><E115/><V29/><F120/><W80/><G123/><T10/><D112/><U52/><E133/><V109/><F0/><W28/><G80/><T103/><D118/><U40/><E40/><V106/><F106/><W131/><G131/><T100/><D111/><N who="2" m="42570" /><F34/><W134/><G134/><T44/><D10/><U127/><E77/><V53/><F42/><W12/><G68/><T35/><D38/><U49/><E18/><V24/><F24/><N who="3" m="16415" /><G2/><T1/><D1/><U82/><E58/><V36/><F36/><W110/><G3/><T129/><D129/><U70/><E70/><V132/><F132/><W125/><G125/><N who="1" m="47626" /><E82/><V76/><F130/><W39/><G39/><T14/><D59/><U74/><E74/><V67/><F76/><W22/><G110/><T5/><D73/><U37/><E37/><V85/><F69/><W61/><G41/><T84/><D78/><U11/><E11/><V94/><F29/><W55/><G8/><T57/><D79/><U20/><E20/><V99/><F31/><W71/><G71/><T116/><D30/><U89/><E105/><V107/><F107/><W72/><G72/><T81/><D81/><U124/><N who="1" m="47634" /><U113/><DORA hai="90" /><E113/><V6/><F94/><AGARI ba="0,0" hai="19,21,26,49,52,56,88,89,91,94,96" m="47634" machi="94" ten="40,24000,3" yaku="18,1,52,5,54,2" doraHai="135,90" who="1" fromWho="2" sc="201,0,230,240,230,-240,339,0" owari="201,-19.9,470,57.0,-10,-51.0,339,13.9" /></mjloggm>