<mjloggm ver="2.3"><GO type="225" lobby="0"/><UN n0="%E9%80%9F%E6%B0%B4%E5%87%9B%E9%A6%99" n1="%E6%B8%A9%E2%98%85%E6%83%85%E2%98%85%E6%8E%AA%E2%98%85%E7%BD%AE" n2="%E4%BF%BA%E3%81%A8%E5%A6%96%E5%A4%A2" n3="%E3%81%9F%E3%81%93%E2%98%86%E7%84%BC%E3%81%8D" dan="16,17,17,16" rate="2131.48,2135.63,2239.06,2069.68" sx="F,M,F,M"/><TAIKYOKU oya="0"/><INIT seed="0,0,0,2,4,119" ten="250,250,250,250" oya="0" hai0="34,90,123,94,32,99,93,118,129,98,86,112,62" hai1="49,37,30,73,22,108,72,63,70,61,100,114,31" hai2="88,128,87,125,92,41,81,44,21,102,106,135,25" hai3="96,3,59,68,38,79,83,10,17,120,95,60,113"/><T15/><D118/><U24/><E37/><V48/><F128/><W124/><G38/><T55/><D112/><U111/><E114/><V42/><F135/><W20/><G68/><T12/><D129/><U117/><E117/><V9/><F125/><W80/><G124/><T14/><D86/><U134/><E134/><V85/><F106/><W29/><G120/><T122/><D55/><U45/><E100/><V8/><F41/><W110/><G110/><N who="1" m="42026" /><E31/><V33/><F33/><W77/><G29/><T126/><D62/><N who="1" m="23563" /><E70/><V35/><F35/><N who="0" m="13354" /><D90/><U121/><E121/><N who="0" m="46089" /><D126/><U133/><E133/><V53/><F42/><AGARI ba="0,0" hai="22,24,30,42,45,49,72,73" m="23563,42026" machi="42" ten="30,1000,0" yaku="14,1" doraHai="119" who="1" fromWho="2" sc="250,0,250,10,250,-10,250,0" /><INIT seed="1,0,0,1,4,133" ten="250,260,240,250" oya="1" hai0="82,125,7,79,88,57,110,63,106,127,56,68,44" hai1="17,39,109,135,31,20,123,13,9,95,124,67,74" hai2="36,130,93,122,15,47,51,76,121,26,91,103,62" hai3="46,0,40,94,66,34,54,29,65,28,96,98,4"/><U120/><E74/><V48/><F130/><W5/><G34/><T131/><D106/><U116/><E39/><V25/><F36/><W105/><G105/><T83/><D110/><U37/><E37/><V104/><F76/><W69/><G40/><T118/><D44/><U75/><E75/><V101/><F62/><W113/><G69/><T52/><D7/><U92/><E116/><V84/><F48/><W78/><G78/><T71/><D118/><U24/><E135/><V45/><F45/><W111/><G46/><T87/><D131/><U16/><E67/><V50/><F50/><W119/><G94/><T3/><D3/><U49/><E120/><V21/><F121/><W86/><G86/><N who="0" m="50263" /><D57/><U60/><E123/><V27/><F104/><W85/><G85/><T90/><D90/><U80/><E109/><V132/><F132/><W6/><G0/><T64/><D64/><U117/><E117/><V100/><F122/><W8/><G5/><T112/><D112/><U35/><E80/><V41/><REACH who="2" step="1"/><F15/><REACH who="2" ten="250,260,230,250" step="2"/><W58/><G119/><T10/><D10/><U32/><E13/><V102/><N who="2" m="25600" /><DORA hai="108" /><V72/><F72/><W43/><G8/><T11/><D11/><U33/><E9/><V77/><F77/><W134/><G134/><T126/><AGARI ba="0,1" hai="52,56,63,68,71,79,83,87,125,126,127" m="50263" machi="126" ten="30,12000,2" yaku="18,1,52,3,54,2" doraHai="133,108" who="0" fromWho="0" sc="250,130,260,-60,230,-30,250,-30" /><INIT seed="2,0,0,0,4,107" ten="380,200,200,220" oya="2" hai0="59,19,37,118,122,51,28,41,40,22,48,87,60" hai1="70,80,66,54,69,62,113,38,58,65,7,52,49" hai2="64,83,20,4,109,9,73,15,115,133,31,50,124" hai3="135,75,120,134,10,3,89,61,56,21,2,82,11"/><V121/><F115/><W91/><G120/><T0/><D0/><N who="3" m="41" /><G21/><T112/><D28/><U90/><E7/><V88/><F121/><W34/><G34/><T127/><D37/><U43/><E90/><N who="3" m="34314" /><G56/><T39/><D127/><U16/><E16/><V86/><F124/><W18/><G61/><T78/><D39/><U96/><E80/><V128/><F128/><W81/><G18/><T111/><D111/><U24/><E96/><V102/><F109/><W74/><G81/><N who="0" m="47543" /><D118/><U44/><E24/><N who="2" m="16775" /><F73/><N who="3" m="27659" /><G82/><T98/><D122/><U13/><E13/><V129/><F129/><W101/><G101/><T17/><D17/><U55/><E113/><V72/><F72/><W84/><G84/><T14/><D60/><AGARI ba="0,0" hai="38,43,44,49,52,54,55,58,60,62,65,66,69,70" machi="60" ten="40,16000,3" yaku="9,1,24,2,35,6,54,1" doraHai="107" who="1" fromWho="0" sc="380,-160,200,160,200,0,220,0" /><INIT seed="3,0,0,0,1,106" ten="220,360,200,220" oya="3" hai0="71,109,99,6,92,20,1,51,3,19,11,39,5" hai1="104,123,37,121,127,33,122,124,74,26,23,77,115" hai2="76,62,21,75,42,78,102,82,30,86,133,70,114" hai3="0,107,55,97,111,59,108,80,12,28,22,98,135"/><W105/><G0/><T16/><D39/><U72/><E115/><V96/><F114/><W48/><G80/><T56/><D71/><U31/><E104/><V87/><F133/><W17/><G135/><T34/><D34/><U36/><E23/><V63/><F42/><W95/><G28/><T84/><D84/><U113/><E113/><V126/><F126/><N who="1" m="48169" /><E77/><V14/><F70/><W9/><G9/><T10/><D109/><N who="3" m="42057" /><G98/><T8/><D8/><U57/><E57/><V94/><F76/><W38/><G38/><AGARI ba="0,0" hai="26,31,33,36,37,38,72,74,121,122,123" m="48169" machi="38" ten="40,8000,1" yaku="18,1,23,1,52,2" doraHai="106" who="1" fromWho="3" sc="220,0,360,80,200,0,220,-80" owari="220,2.0,440,54.0,200,-20.0,140,-36.0" /></mjloggm>