<mjloggm ver="2.3"><GO type="225" lobby="0"/><UN n0="%E3%81%AF%E3%82%88%E3%81%8A%E3%81%98%E3%81%95%E3%82%93" n1="%6D%75%75%6D%75%72%61" n2="%72%69%6F%75%63%68%61%6E" n3="%E6%98%93%E5%88%A9%E8%96%A9%E4%BC%AF" dan="17,16,17,16" rate="2199.40,2116.84,2197.09,2049.69" sx="M,F,M,F"/><TAIKYOKU oya="0"/><INIT seed="0,0,0,1,2,96" ten="250,250,250,250" oya="0" hai0="88,44,122,29,71,119,117,106,129,105,84,32,134" hai1="2,104,43,107,61,101,27,33,11,132,55,99,98" hai2="31,83,97,95,62,22,91,58,51,93,81,110,52" hai3="60,45,124,48,66,70,72,35,56,76,82,114,9"/><T4/><D71/><U86/><E132/><V111/><F95/><W37/><G114/><T7/><D44/><U68/><E43/><V38/><F38/><W19/><G124/><T21/><D32/><U77/><E77/><V12/><F111/><W16/><G35/><T80/><D122/><U28/><E86/><V87/><F110/><W20/><G9/><T23/><D134/><U133/><E133/><V102/><F81/><W135/><G135/><T112/><D112/><U36/><E55/><V78/><F62/><W57/><G37/><T108/><D108/><U65/><E36/><V90/><F12/><W74/><G19/><T6/><D129/><U103/><E11/><V113/><F113/><W47/><G74/><T26/><REACH who="0" step="1"/><D23/><REACH who="0" ten="240,250,250,250" step="2"/><U15/><E15/><V54/><F54/><W92/><G47/><T34/><D34/><U49/><E49/><V0/><F0/><AGARI ba="0,1" hai="0,2,27,28,33,61,65,68,98,99,101,103,104,107" machi="0" ten="40,16000,3" yaku="9,1,25,2,33,3,52,2" doraHai="96" who="1" fromWho="2" sc="240,0,250,170,250,-160,250,0" /><INIT seed="1,0,0,3,0,129" ten="240,420,90,250" oya="1" hai0="114,9,59,132,20,118,8,7,107,125,85,77,2" hai1="61,4,30,104,60,101,47,44,105,70,3,93,5" hai2="126,117,75,13,123,28,124,27,55,1,11,54,63" hai3="37,134,51,72,40,78,113,57,17,26,119,25,108"/><U110/><E30/><V109/><F117/><W76/><G113/><T86/><D114/><U74/><E74/><V52/><F123/><W87/><G72/><T12/><D118/><U120/><E120/><V94/><F109/><W66/><G108/><T91/><D107/><U81/><E81/><V102/><F1/><W42/><G37/><T79/><D125/><U45/><E110/><V58/><F75/><W100/><G100/><T0/><D20/><U116/><E3/><V43/><F43/><W111/><G111/><T22/><D22/><U122/><E122/><V127/><F94/><W41/><G17/><T15/><D59/><U73/><E73/><V32/><REACH who="2" step="1"/><F102/><REACH who="2" ten="240,420,80,250" step="2"/><W128/><G42/><T98/><D0/><U92/><E116/><V49/><F49/><W23/><G41/><T96/><D2/><U106/><E101/><V31/><F31/><W131/><G40/><T121/><D121/><U82/><E93/><V65/><F65/><W83/><G66/><T18/><D98/><U135/><E92/><V84/><F84/><W6/><G87/><T24/><D96/><U67/><E67/><V89/><F89/><W10/><G51/><T88/><D86/><U46/><E105/><V29/><F29/><W38/><G119/><T95/><D91/><U103/><E104/><V21/><F21/><W14/><G23/><N who="0" m="13431" /><D79/><U133/><E106/><V19/><AGARI ba="0,1" hai="11,13,19,27,28,32,52,54,55,58,63,124,126,127" machi="19" ten="30,7900,0" yaku="1,1,0,1,18,1,54,1,53,0" doraHai="129" doraHaiUra="90" who="2" fromWho="2" sc="240,-20,420,-39,80,89,250,-20" /><INIT seed="2,0,0,0,3,61" ten="220,381,169,230" oya="2" hai0="67,68,13,43,72,124,89,31,85,29,98,75,86" hai1="99,131,47,33,39,63,104,15,79,133,65,108,27" hai2="21,113,120,125,119,1,20,135,6,44,88,8,55" hai3="126,26,34,71,42,94,91,90,10,118,115,132,87"/><V83/><F113/><W3/><G118/><T101/><D43/><U4/><E108/><V56/><F119/><W123/><G123/><T32/><D124/><U111/><E111/><V50/><F125/><W62/><G126/><T134/><D134/><U100/><E133/><V64/><F135/><W9/><G115/><T52/><D52/><U129/><E79/><V73/><F120/><W53/><G3/><T121/><D121/><U84/><E84/><V112/><F112/><W41/><G132/><T117/><D13/><U16/><E39/><V11/><F11/><W130/><G130/><T45/><D45/><U122/><E47/><V93/><F83/><W114/><G114/><T127/><D117/><U97/><E97/><V36/><F73/><W22/><G34/><T81/><D86/><U59/><E122/><V49/><F36/><W48/><G90/><T109/><D29/><U28/><REACH who="1" step="1"/><E4/><REACH who="1" ten="220,371,169,230" step="2"/><V77/><F77/><W2/><G87/><T70/><D109/><U107/><E107/><V95/><F95/><W102/><G94/><T46/><D46/><U37/><E37/><V128/><F128/><W80/><G80/><T24/><D127/><U66/><E66/><V12/><F1/><W7/><G2/><T14/><D67/><U60/><E60/><N who="2" m="37895" /><F49/><W54/><G48/><T51/><D51/><U30/><E30/><V57/><F44/><W23/><G62/><T82/><D82/><U78/><E78/><V74/><F74/><W58/><G42/><T106/><D75/><U5/><E5/><V19/><F6/><W103/><G7/><T92/><D72/><RYUUKYOKU ba="0,1" sc="220,-15,371,15,169,15,230,-15" hai1="15,16,27,28,33,59,63,65,99,100,104,129,131" hai2="8,12,19,20,21,50,55,57,88,93" /><INIT seed="2,1,1,0,2,91" ten="205,386,184,215" oya="2" hai0="74,127,89,36,83,109,59,52,112,101,64,66,93" hai1="37,106,79,120,98,80,103,105,7,51,73,75,18" hai2="88,1,48,39,100,69,99,40,90,29,12,5,125" hai3="85,13,65,133,38,54,118,81,92,122,119,132,95"/><V56/><F69/><W107/><G38/><T15/><D112/><U135/><E37/><V131/><F125/><W121/><G65/><T97/><D36/><U33/><E33/><V111/><F131/><W110/><G54/><T86/><D127/><U34/><E34/><V20/><F111/><W70/><G70/><T57/><D109/><U61/><E61/><V3/><F39/><W28/><G110/><T82/><D57/><U35/><E35/><V77/><F77/><N who="3" m="46255" /><G28/><T115/><D115/><U26/><E135/><N who="3" m="51786" /><G13/><T55/><D55/><U27/><E73/><V126/><F126/><W96/><G107/><T130/><D130/><U116/><E116/><N who="3" m="44586" /><G95/><N who="0" m="58559" /><D74/><U102/><E75/><V72/><F72/><W23/><G23/><T30/><D30/><U0/><E106/><V129/><F129/><W128/><G128/><T4/><D64/><U45/><E105/><V63/><F1/><W113/><G113/><T49/><D66/><U41/><E0/><V94/><F3/><W10/><G10/><AGARI ba="1,1" hai="4,10,15,49,52,59,82,83,86,89,93" m="58559" machi="10" ten="30,7700,0" yaku="8,1,52,2,54,1" doraHai="91" who="0" fromWho="3" sc="205,90,386,0,184,0,215,-80" /><INIT seed="3,0,0,4,2,91" ten="295,386,184,135" oya="3" hai0="36,111,128,106,110,134,28,1,113,22,54,60,52" hai1="89,62,65,93,67,66,23,120,119,37,103,35,72" hai2="43,7,96,98,16,58,73,51,80,44,38,6,21" hai3="114,68,108,46,19,0,126,11,10,30,105,94,135"/><W116/><G114/><T26/><D113/><U47/><E35/><V53/><F73/><W127/><G116/><T40/><D1/><U125/><E72/><V39/><F39/><W70/><G105/><T17/><D106/><U13/><E120/><V90/><F98/><W92/><G30/><T41/><D128/><U84/><E125/><N who="3" m="47626" /><G135/><T123/><D123/><U77/><E37/><V76/><F76/><W85/><G108/><N who="0" m="41515" /><D134/><U27/><E119/><V5/><F80/><W101/><G46/><N who="0" m="23815" /><D41/><U121/><E121/><V20/><F16/><W74/><G74/><T31/><D60/><U129/><E129/><V132/><F132/><W107/><G0/><T50/><D54/><U48/><E13/><V55/><F53/><W64/><G64/><T18/><D31/><N who="1" m="17919" /><E77/><V99/><F99/><N who="3" m="59623" /><G107/><T45/><AGARI ba="0,0" hai="17,18,22,26,28,45,50,52" m="23815,41515" machi="45" ten="30,2000,0" yaku="14,1,54,1" doraHai="91" who="0" fromWho="0" sc="295,20,386,-5,184,-5,135,-10" owari="315,11.5,381,48.1,179,-22.1,125,-37.5" /></mjloggm>