<mjloggm ver="2.3"><GO type="225" lobby="0"/><UN n0="%54%4F%52" n1="%E6%A1%9C%E8%8A%B1%E9%96%83%E3%80%85" n2="%E7%99%BD%E6%97%A5%E9%9B%AA%E8%8F%9C" n3="%E6%B8%A9%E2%98%85%E6%83%85%E2%98%85%E6%8E%AA%E2%98%85%E7%BD%AE" dan="17,16,16,17" rate="2244.67,2048.74,2143.01,2262.39" sx="M,M,M,M"/><TAIKYOKU oya="0"/><INIT seed="0,0,0,4,4,51" ten="250,250,250,250" oya="0" hai0="56,78,54,36,82,41,33,135,26,45,113,107,37" hai1="57,114,67,35,42,0,21,104,72,55,68,112,122" hai2="19,120,85,62,5,39,43,27,77,31,86,108,1" hai3="105,28,44,48,134,111,115,87,93,88,129,25,80"/><T61/><D107/><U75/><E104/><V53/><F120/><W100/><G115/><N who="1" m="44074" /><E35/><V63/><F19/><W12/><G111/><T128/><D113/><U52/><E122/><V127/><F108/><W117/><G117/><T119/><D119/><U132/><E132/><V71/><F127/><W118/><G118/><T125/><D125/><U73/><E68/><V3/><F43/><W95/><G134/><T79/><D135/><U130/><E130/><V94/><F39/><W98/><G12/><T59/><D128/><U10/><E42/><V38/><F38/><W76/><G129/><T20/><D37/><U124/><E21/><V83/><F5/><W40/><REACH who="3" step="1"/><G76/><REACH who="3" ten="250,250,250,240" step="2"/><T47/><D78/><U24/><E124/><V2/><F2/><W101/><G101/><T133/><D133/><U121/><E121/><V126/><F126/><W8/><G8/><T91/><D79/><U30/><E10/><V103/><F3/><W64/><G64/><T74/><D91/><U49/><E0/><V34/><F1/><W70/><G70/><T89/><D89/><U69/><E69/><V90/><F71/><W16/><G16/><T110/><D110/><U81/><E67/><V9/><F103/><W109/><G109/><T66/><D66/><U14/><E14/><V17/><F17/><W7/><BYE who="2" /><G7/><T50/><D26/><U97/><E24/><UN n2="%E7%99%BD%E6%97%A5%E9%9B%AA%E8%8F%9C" /><V18/><F18/><W22/><AGARI ba="0,1" hai="22,25,28,40,44,48,80,87,88,93,95,98,100,105" machi="22" ten="20,5200,0" yaku="1,1,0,1,7,1,54,1,53,0" doraHai="51" doraHaiUra="15" who="3" fromWho="3" sc="250,-26,250,-13,250,-13,240,62" /><INIT seed="1,0,0,0,3,4" ten="224,237,237,302" oya="1" hai0="103,133,34,27,89,84,23,47,85,74,16,124,106" hai1="125,116,14,60,90,82,94,87,121,39,79,127,32" hai2="72,119,105,88,86,92,112,46,76,99,108,131,78" hai3="83,67,8,2,97,36,114,25,109,130,93,11,129"/><U17/><E116/><V104/><F119/><W33/><G114/><T26/><D74/><U24/><E121/><V135/><F112/><W126/><G109/><T128/><D128/><N who="3" m="49257" /><G126/><N who="1" m="48138" /><E39/><V0/><F131/><W1/><G36/><T58/><D124/><U66/><E24/><V22/><F0/><N who="3" m="107" /><G67/><T19/><D133/><U122/><E32/><V41/><F108/><W45/><G45/><T95/><D47/><U28/><E28/><V110/><F110/><W100/><G83/><T38/><D38/><U70/><E122/><V69/><F69/><W21/><G33/><T49/><D34/><U44/><E44/><V73/><F135/><W42/><G42/><T98/><D84/><U48/><E48/><V107/><F22/><W80/><G80/><T7/><D7/><U43/><E43/><V12/><F12/><W53/><G53/><T29/><REACH who="0" step="1"/><D26/><REACH who="0" ten="214,237,237,302" step="2"/><U56/><E79/><V3/><F78/><W68/><G68/><T118/><D118/><U115/><E115/><V120/><F120/><W61/><G61/><T57/><D57/><U20/><E70/><V10/><F76/><W13/><G13/><T134/><D134/><U54/><E66/><V63/><F63/><W75/><G75/><T101/><D101/><U5/><E5/><N who="2" m="1343" /><F73/><W132/><G132/><T64/><D64/><U9/><E60/><V117/><F72/><W55/><G55/><AGARI ba="0,1" hai="16,19,23,27,29,49,55,58,85,89,95,98,103,106" machi="55" ten="40,2600,0" yaku="1,1,54,1,53,0" doraHai="4" doraHaiUra="62" who="0" fromWho="3" sc="214,36,237,0,237,0,302,-26" /><INIT seed="2,0,0,0,0,101" ten="250,237,237,276" oya="2" hai0="98,26,97,48,27,95,116,2,104,87,129,99,108" hai1="117,69,35,55,20,80,9,123,10,113,22,19,28" hai2="49,78,90,25,8,115,3,79,34,61,17,38,106" hai3="13,15,73,53,47,83,88,23,54,76,30,126,32"/><V112/><F38/><W68/><G68/><T133/><D2/><U62/><E113/><V4/><F49/><W81/><G126/><T70/><D70/><U89/><E117/><V41/><F41/><W75/><G32/><T24/><D116/><U51/><E35/><V102/><F90/><W131/><G131/><T43/><D129/><U42/><E123/><V60/><F112/><W122/><G122/><T14/><D108/><U125/><E42/><V31/><F115/><W65/><G65/><T64/><D64/><U5/><E28/><V107/><F102/><W45/><G30/><T36/><D36/><U91/><E22/><V119/><F119/><W135/><G23/><T118/><D118/><U50/><E50/><V120/><F120/><W105/><G88/><N who="0" m="53663" /><D104/><U109/><E125/><V58/><F17/><W111/><G76/><T66/><D66/><U103/><E103/><V56/><F79/><W82/><G82/><T114/><D133/><U7/><E109/><V132/><F78/><W121/><G121/><T77/><D77/><U72/><E62/><V92/><F132/><W86/><G86/><T1/><D1/><N who="1" m="175" /><E69/><V74/><F92/><W134/><G111/><T46/><D114/><U84/><E72/><V33/><F33/><W21/><G21/><T71/><D71/><U16/><E20/><V18/><F74/><W63/><G63/><N who="2" m="24137" /><F18/><N who="1" m="6697" /><E91/><V85/><F85/><W57/><G57/><N who="2" m="22121" /><F107/><AGARI ba="0,0" hai="13,15,45,47,53,54,73,75,81,83,105,107,134,135" machi="107" ten="25,6400,0" yaku="22,2,52,2" doraHai="101" who="3" fromWho="2" sc="250,0,237,0,237,-64,276,64" /><INIT seed="3,0,0,2,3,116" ten="250,237,173,340" oya="3" hai0="94,60,103,124,43,131,133,2,79,35,106,85,8" hai1="122,46,77,14,7,64,16,17,105,31,18,70,54" hai2="48,84,111,68,126,37,90,49,57,61,22,15,73" hai3="1,130,13,108,10,102,56,134,33,32,129,89,107"/><W44/><G108/><T93/><D35/><U58/><E122/><V34/><F34/><W128/><G134/><T69/><D133/><U4/><E105/><V55/><F73/><W86/><G1/><T95/><D43/><U96/><E70/><V109/><F126/><W83/><G56/><T92/><D124/><U97/><E31/><V62/><F37/><W25/><G25/><T12/><D2/><U21/><E77/><V24/><F15/><W6/><G44/><T29/><D29/><U41/><E64/><V118/><F118/><W112/><G112/><T99/><D131/><U0/><E21/><V135/><F135/><W104/><G104/><T127/><D127/><U65/><E65/><V88/><F68/><W72/><G72/><T81/><D69/><U66/><E66/><V30/><F62/><W120/><G120/><T115/><D60/><N who="1" m="35927" /><E0/><V71/><F90/><W23/><G23/><T67/><D67/><U40/><E40/><V76/><F76/><W74/><G74/><T132/><D132/><U42/><E41/><V38/><F38/><W9/><G10/><T52/><D52/><U39/><E14/><V113/><F113/><W53/><G53/><T110/><D110/><U19/><E19/><V20/><F20/><W5/><G5/><N who="0" m="3087" /><D106/><U11/><E4/><V27/><F27/><W91/><G107/><T28/><D115/><U82/><E82/><V45/><F71/><W125/><G125/><T101/><D28/><U87/><E87/><V121/><F121/><W117/><G128/><T51/><D51/><U59/><E59/><V123/><F123/><RYUUKYOKU ba="0,0" sc="250,15,237,15,173,-15,340,-15" hai0="79,81,85,92,93,94,95,99,101,103" hai1="7,11,16,17,18,39,42,46,96,97" owari="265,6.5,252,-14.8,158,-34.2,325,42.5" /></mjloggm>