<mjloggm ver="2.3"><GO type="225" lobby="0"/><UN n0="%72%69%6F%75%63%68%61%6E" n1="%E5%B8%86%E7%AB%8B%E5%A4%8F%E8%A1%A3" n2="%E3%81%86%E3%82%8C%E3%81%9F%E3%82%93%E6%9E%95" n3="%33%73%74%72%69%6B%65%73" dan="17,16,16,16" rate="2217.52,2112.02,2145.28,2122.85" sx="M,M,F,M"/><TAIKYOKU oya="0"/><INIT seed="0,0,0,4,4,133" ten="250,250,250,250" oya="0" hai0="112,35,97,134,8,87,67,82,101,50,66,17,32" hai1="12,120,18,94,55,40,1,2,51,53,111,20,58" hai2="83,115,109,65,27,72,57,42,23,7,56,11,78" hai3="103,79,125,46,104,26,96,77,9,34,4,135,119"/><T123/><D123/><U122/><E111/><V129/><F115/><W19/><G135/><T43/><D112/><U44/><E120/><V31/><F129/><W49/><G119/><T81/><D134/><U113/><E113/><V14/><F109/><W88/><G88/><T60/><D32/><U37/><E122/><V71/><F71/><W21/><G34/><T74/><D35/><U10/><E10/><V127/><F65/><W47/><G47/><N who="0" m="25983" /><D74/><U126/><E126/><V64/><F64/><N who="0" m="24618" /><D60/><U117/><E117/><V107/><F107/><W121/><G125/><T99/><D101/><U16/><E18/><V3/><F127/><W118/><G121/><T6/><D17/><U84/><E53/><V28/><F3/><W95/><G104/><T5/><D81/><U116/><E116/><V29/><REACH who="2" step="1"/><F42/><REACH who="2" ten="250,250,240,250" step="2"/><W25/><G118/><T39/><D39/><U105/><E105/><V63/><F63/><W13/><G26/><T92/><D92/><U114/><E114/><V93/><F93/><W45/><G95/><T70/><D70/><U110/><E110/><V15/><F15/><W48/><G13/><N who="0" m="5263" /><D6/><U100/><E100/><V61/><F61/><W108/><G103/><T68/><D68/><U59/><E1/><V91/><F91/><AGARI ba="0,1" hai="82,87,91,97,99" m="5263,24618,25983" machi="91" ten="30,1500,0" yaku="8,1" doraHai="133" who="0" fromWho="2" sc="250,25,250,0,240,-15,250,0" /><INIT seed="0,1,0,0,1,119" ten="275,250,225,250" oya="0" hai0="59,133,17,54,24,123,2,15,130,84,88,113,14" hai1="131,31,120,93,37,21,101,27,29,106,98,115,91" hai2="87,85,4,58,39,103,125,13,118,20,82,5,78" hai3="86,46,102,112,36,33,70,49,73,63,16,6,57"/><T95/><D123/><U35/><E131/><V61/><F118/><W99/><G73/><T66/><D113/><U7/><E37/><V3/><F125/><W65/><G33/><T117/><D133/><U100/><E115/><V110/><F110/><W38/><G112/><T96/><D130/><U11/><E120/><V44/><F3/><W47/><G6/><T127/><D127/><U23/><E31/><V42/><F103/><W114/><G86/><T71/><D2/><U22/><REACH who="1" step="1"/><E106/><REACH who="1" ten="275,240,225,250" step="2"/><V67/><REACH who="2" step="1"/><F85/><REACH who="2" ten="275,240,215,250" step="2"/><W92/><G114/><T90/><D117/><U122/><E122/><V97/><F97/><W1/><G99/><T43/><D84/><U128/><E128/><V104/><F104/><W81/><G38/><T105/><D105/><U30/><E30/><V62/><F62/><W55/><G36/><T45/><D96/><U53/><E53/><V72/><F72/><W64/><G55/><T18/><D54/><U126/><E126/><V79/><F79/><W94/><G63/><T109/><D109/><U107/><E107/><V10/><F10/><W50/><G50/><T135/><D43/><U56/><E56/><V60/><F60/><W40/><G57/><T68/><D59/><U48/><E48/><V19/><AGARI ba="1,2" hai="4,5,13,19,20,39,42,44,58,61,67,78,82,87" machi="19" ten="30,4000,0" yaku="1,1,0,1,53,1" doraHai="119" doraHaiUra="80" who="2" fromWho="2" sc="275,-21,240,-11,215,63,250,-11" /><INIT seed="1,0,0,5,3,20" ten="254,229,278,239" oya="1" hai0="41,93,32,115,117,132,113,98,107,34,1,22,40" hai1="19,57,2,72,53,79,45,111,16,100,133,125,71" hai2="52,15,94,7,62,29,70,49,23,46,42,26,77" hai3="105,28,61,30,110,124,44,63,89,51,130,13,90"/><U95/><E71/><V58/><F77/><W10/><G105/><T112/><D117/><U33/><E2/><V17/><F70/><W14/><G110/><T120/><D1/><U36/><E111/><V121/><F121/><W97/><G124/><T0/><D0/><U59/><E125/><V114/><F114/><W118/><G130/><T5/><D5/><U109/><E109/><V24/><F7/><W56/><G14/><T106/><D120/><U128/><E128/><V73/><F73/><W135/><G135/><T6/><D6/><U78/><E133/><V65/><F29/><N who="3" m="11371" /><G97/><T66/><D132/><U18/><E33/><V31/><F31/><W27/><G27/><N who="2" m="10281" /><F94/><W76/><G76/><N who="1" m="29226" /><E72/><V85/><F85/><W83/><G83/><T126/><D126/><U101/><E36/><V131/><F131/><W39/><G39/><T9/><D107/><U54/><E45/><V116/><F116/><W127/><G44/><T64/><D106/><U67/><E67/><AGARI ba="0,0" hai="15,17,23,42,46,49,52,58,62,65,67" m="10281" machi="67" ten="30,8000,1" yaku="8,1,52,3,54,1" doraHai="20" who="2" fromWho="1" sc="254,0,229,-80,278,80,239,0" /><INIT seed="2,0,0,2,0,117" ten="254,149,358,239" oya="2" hai0="85,28,11,107,17,86,81,115,134,78,20,0,75" hai1="61,82,70,95,40,66,27,96,122,73,45,32,57" hai2="62,94,113,10,135,87,16,67,100,8,22,120,129" hai3="5,64,74,12,133,130,108,47,23,4,92,91,21"/><V30/><F120/><W69/><G74/><T1/><D115/><U49/><E70/><V55/><F135/><W6/><G133/><T83/><D107/><U88/><E32/><V98/><F129/><W112/><G130/><T106/><D106/><U105/><E105/><V52/><F113/><W102/><G102/><T90/><D134/><U60/><E73/><V131/><F131/><W14/><G112/><T36/><D36/><U18/><E122/><V41/><F41/><W71/><G47/><T121/><D121/><U50/><E82/><V39/><F39/><W56/><G56/><T2/><D28/><U24/><E61/><V103/><F87/><W53/><G53/><N who="2" m="20553" /><F30/><W118/><G69/><T93/><D11/><N who="2" m="4138" /><F62/><W116/><G118/><T9/><D9/><U33/><E33/><V25/><F67/><W48/><G64/><T114/><D114/><U7/><E7/><V35/><F35/><W99/><G71/><T51/><D51/><U109/><E109/><V43/><F43/><W54/><G108/><T37/><D37/><U15/><REACH who="1" step="1"/><E50/><REACH who="1" ten="254,139,358,239" step="2"/><V72/><F72/><W125/><G116/><T127/><D75/><U44/><E44/><V59/><F59/><N who="3" m="33223" /><G4/><T101/><D81/><U13/><E13/><V19/><F19/><N who="3" m="10487" /><G5/><T128/><D128/><U124/><E124/><V132/><F132/><W111/><G125/><T104/><D127/><U34/><E34/><V126/><F126/><W110/><G6/><T26/><D104/><U31/><E31/><V29/><F29/><W68/><G68/><T58/><D58/><U123/><E123/><V76/><F16/><AGARI ba="0,1" hai="12,16,23,91,92,99,110,111" m="10487,33223" machi="16" ten="30,2000,0" yaku="6,1,54,1" doraHai="117" who="3" fromWho="2" sc="254,0,139,0,358,-20,239,30" /><INIT seed="3,0,0,2,4,127" ten="254,139,338,269" oya="3" hai0="28,27,107,126,90,77,44,80,72,37,129,38,122" hai1="128,56,1,34,17,54,57,65,64,74,46,33,121" hai2="71,99,47,117,116,93,81,60,7,120,123,30,85" hai3="108,53,8,87,20,103,23,36,88,15,9,79,82"/><W0/><G108/><T95/><D122/><N who="2" m="46634" /><F30/><W125/><G125/><T119/><D119/><N who="2" m="45642" /><F7/><W26/><G36/><T25/><D129/><U130/><E121/><V132/><F47/><W98/><G79/><T61/><D126/><U18/><E46/><V10/><F10/><W111/><G111/><T48/><D107/><U50/><E50/><V86/><F132/><W134/><G134/><T83/><D83/><U4/><E4/><V55/><F81/><W13/><G53/><T106/><D106/><U101/><E54/><V31/><F31/><W39/><G39/><T59/><D48/><U70/><E70/><V29/><F29/><W43/><G43/><T19/><D19/><U102/><REACH who="1" step="1"/><E74/><REACH who="1" ten="254,129,338,269" step="2"/><V51/><F51/><W69/><G69/><T73/><D72/><U75/><E75/><V131/><F55/><W41/><G41/><T115/><D44/><U104/><E104/><V52/><F52/><W24/><G0/><AGARI ba="0,1" hai="0,1,17,18,33,34,56,57,64,65,101,102,128,130" machi="0" ten="25,8000,1" yaku="1,1,22,2,52,2,53,0" doraHai="127" doraHaiUra="68" who="1" fromWho="3" sc="254,0,129,90,338,0,269,-80" owari="254,5.4,219,-18.1,338,43.8,189,-31.1" /></mjloggm>