<mjloggm ver="2.3"><GO type="225" lobby="0"/><UN n0="%6D%6F%6E%63%68%69" n1="%E3%81%8F%E3%81%BE%E3%81%96%E3%82%8F" n2="%73%6C%69%63%6B%33%31%39" n3="%72%69%6F%75%63%68%61%6E" dan="16,16,17,17" rate="2035.42,2050.48,2180.31,2245.79" sx="M,M,M,M"/><TAIKYOKU oya="0"/><INIT seed="0,0,0,3,1,18" ten="250,250,250,250" oya="0" hai0="90,67,129,74,119,87,64,47,33,116,41,98,108" hai1="132,99,35,115,65,32,54,89,59,15,16,105,48" hai2="84,72,82,0,23,100,103,50,128,22,34,70,106" hai3="11,5,45,53,77,120,130,93,127,21,44,126,9"/><T20/><D33/><U40/><E132/><V68/><F34/><W30/><G130/><T63/><D74/><U112/><E40/><V111/><F0/><W75/><G120/><T19/><D108/><U13/><E13/><V104/><F72/><W92/><G53/><T95/><D129/><U97/><E65/><V56/><F128/><W24/><G9/><T124/><D124/><N who="3" m="47657" /><G77/><T122/><D122/><U80/><E105/><V26/><F111/><W37/><G75/><T60/><D98/><N who="1" m="37387" /><E80/><V131/><F131/><W110/><G110/><T12/><D64/><U118/><E89/><V42/><F42/><N who="3" m="22607" /><G45/><T29/><D29/><U6/><E118/><V3/><F104/><W96/><G96/><T57/><REACH who="0" step="1"/><D63/><REACH who="0" ten="240,250,250,250" step="2"/><U78/><E35/><V123/><F123/><W46/><G46/><T31/><D31/><U85/><E32/><V73/><F73/><W58/><G58/><T71/><D71/><U8/><E59/><V28/><F56/><W4/><G4/><T121/><D121/><U102/><E6/><V66/><F70/><W62/><G62/><T38/><AGARI ba="0,1" hai="12,19,20,38,41,47,57,60,67,87,90,95,116,119" machi="38" ten="20,12000,1" yaku="1,1,0,1,7,1,52,1,53,1" doraHai="18" doraHaiUra="88" who="0" fromWho="0" sc="240,130,250,-40,250,-40,250,-40" /><INIT seed="0,1,0,3,4,51" ten="370,210,210,210" oya="0" hai0="106,37,98,100,62,64,85,70,7,3,94,63,80" hai1="111,74,105,13,108,83,127,12,104,32,73,29,38" hai2="35,110,42,93,6,27,65,34,2,48,11,121,112" hai3="28,52,33,43,31,41,120,54,47,78,53,49,133"/><T109/><D37/><U92/><E38/><V30/><F121/><W129/><G120/><T97/><D109/><N who="1" m="42059" /><E92/><V10/><F110/><W132/><G129/><T67/><D7/><U91/><E29/><V68/><F112/><W56/><G78/><T102/><D3/><U122/><E32/><V39/><F35/><W99/><G41/><T125/><D125/><U22/><E122/><V59/><F10/><W60/><G99/><T1/><D1/><U103/><E22/><V61/><F93/><W45/><G33/><T114/><D114/><U134/><E12/><V119/><F119/><W21/><G21/><T19/><D19/><U118/><E13/><V75/><F75/><N who="1" m="28681" /><E118/><V18/><F18/><W72/><G72/><T55/><D80/><U123/><E123/><V88/><F39/><N who="3" m="21759" /><G28/><T40/><D85/><N who="1" m="50623" /><E134/><N who="3" m="51818" /><G31/><T23/><D40/><U124/><E103/><V36/><F36/><W76/><G76/><T26/><D23/><U87/><E87/><V71/><REACH who="2" step="1"/><F88/><REACH who="2" ten="370,210,200,210" step="2"/><W58/><G47/><AGARI ba="1,1" hai="2,6,11,27,30,34,42,47,48,59,61,65,68,71" machi="47" ten="40,2600,0" yaku="1,1,2,1,53,0" doraHai="51" doraHaiUra="90" who="2" fromWho="3" sc="370,0,210,0,200,39,210,-29" /><INIT seed="1,0,0,2,3,112" ten="370,210,239,181" oya="1" hai0="93,43,7,128,132,129,90,47,57,13,102,44,61" hai1="111,19,54,103,86,20,22,118,106,130,76,84,117" hai2="124,133,5,59,87,77,134,1,2,96,75,51,116" hai3="25,66,115,35,39,92,12,67,29,123,81,45,72"/><U125/><E125/><V6/><F87/><W18/><G123/><T32/><D102/><U50/><E106/><V98/><F51/><W52/><G115/><T63/><D32/><U53/><E103/><V58/><F77/><W46/><G92/><T83/><D132/><U31/><E130/><N who="0" m="50281" /><D83/><U85/><E76/><V34/><F34/><W56/><G39/><T9/><D57/><N who="2" m="21514" /><F75/><W14/><G14/><T127/><D127/><U80/><E80/><V104/><F104/><W26/><G26/><T55/><D55/><U114/><E114/><V36/><F36/><W135/><G135/><N who="2" m="51721" /><F116/><W11/><G45/><N who="0" m="17483" /><D43/><U71/><E54/><V8/><F124/><W15/><G46/><T97/><AGARI ba="0,0" hai="7,9,13,61,63,90,93,97" m="17483,50281" machi="97" ten="30,1100,0" yaku="19,1" doraHai="112" who="0" fromWho="0" sc="370,11,210,-5,239,-3,181,-3" /><INIT seed="2,0,0,2,3,46" ten="381,205,236,178" oya="2" hai0="43,120,16,115,85,123,128,100,107,98,68,10,4" hai1="78,55,0,126,135,111,57,108,47,42,52,27,63" hai2="14,104,64,17,58,23,30,13,93,54,70,131,24" hai3="102,25,118,26,6,110,124,21,9,19,48,69,41"/><V67/><F104/><W109/><G69/><T90/><D68/><U97/><E0/><V39/><F39/><W83/><G118/><T92/><D115/><U56/><E78/><V75/><F75/><W125/><G102/><T84/><D43/><U81/><E81/><V22/><F70/><W103/><G103/><T79/><D16/><U34/><E97/><V94/><F13/><N who="3" m="5303" /><G83/><N who="0" m="47231" /><D10/><U86/><E86/><V74/><F74/><W88/><G88/><N who="0" m="53263" /><D4/><U49/><E34/><V129/><F129/><W134/><G134/><T2/><D2/><U8/><E8/><V62/><F131/><W113/><G113/><T40/><D40/><U53/><E27/><N who="3" m="10250" /><G48/><T132/><D128/><U114/><E114/><V35/><F35/><W59/><G59/><N who="1" m="22602" /><E135/><V51/><F62/><W15/><G41/><T127/><D132/><U101/><E101/><V76/><F76/><W87/><G87/><T89/><D127/><AGARI ba="0,0" hai="15,19,21,109,110,124,125,127" m="10250,5303" machi="127" ten="30,3900,0" yaku="18,1,34,2" doraHai="46" who="3" fromWho="0" sc="381,-39,205,0,236,0,178,39" /><INIT seed="3,0,0,4,1,113" ten="342,205,236,217" oya="3" hai0="114,92,106,29,23,67,41,70,0,55,21,94,58" hai1="31,115,36,37,17,26,102,88,74,66,98,131,34" hai2="96,90,103,64,68,76,57,46,35,116,24,87,129" hai3="5,18,109,99,126,86,135,110,78,22,111,127,120"/><W104/><G135/><T101/><D0/><U107/><E115/><V72/><F116/><W80/><G120/><T105/><D41/><U81/><E131/><V133/><F57/><W45/><G5/><T69/><D55/><U54/><E54/><V16/><F46/><W48/><G99/><T51/><D51/><U7/><E17/><V77/><F72/><W9/><G9/><T117/><D58/><U1/><E66/><V128/><F64/><W11/><G11/><T50/><D50/><U27/><E27/><V59/><F59/><W20/><G104/><T19/><D67/><U65/><E65/><V60/><F60/><W12/><REACH who="3" step="1"/><G22/><REACH who="3" ten="342,205,236,207" step="2"/><T93/><D114/><U132/><E132/><V32/><F96/><W49/><G49/><T84/><D29/><U91/><E37/><V40/><F133/><W123/><G123/><T28/><D28/><U119/><E36/><V130/><F130/><W125/><G125/><T75/><D21/><U10/><REACH who="1" step="1"/><E119/><REACH who="1" ten="342,195,236,207" step="2"/><V83/><F129/><W30/><G30/><T73/><D117/><U108/><E108/><V44/><F128/><W82/><G82/><T15/><D69/><U122/><E122/><V134/><F68/><W25/><G25/><T71/><D71/><U97/><E97/><V100/><F134/><W8/><G8/><T2/><D70/><U39/><E39/><V112/><F112/><W124/><G124/><T43/><D105/><U4/><E4/><V47/><F83/><W56/><G56/><T89/><D23/><U62/><E62/><V13/><F24/><W42/><AGARI ba="0,2" hai="12,18,20,42,45,48,78,80,86,109,110,111,126,127" machi="42" ten="40,12000,1" yaku="1,1,0,1,14,1,10,1,53,1" doraHai="113" doraHaiUra="38" who="3" fromWho="3" sc="342,-40,195,-40,236,-40,207,140" owari="302,10.2,155,-34.5,196,-20.4,347,44.7" /></mjloggm>