<mjloggm ver="2.3"><GO type="225" lobby="0"/><UN n0="%E5%A4%9C%E3%81%AE%E3%82%AC%E3%82%B9%E3%83%91%E3%83%BC%E3%83%AB" n1="%E3%81%8B%E3%82%8F%E3%81%A1%E3%82%83%E3%82%93%35%38" n2="%45%6C%79%73%69%75%6D" n3="%E3%82%B2%E3%82%B9%E8%8C%82%E5%8B%9D" dan="16,16,17,16" rate="2122.79,2173.15,2112.42,2064.00" sx="M,M,F,F"/><TAIKYOKU oya="0"/><INIT seed="0,0,0,1,3,132" ten="250,250,250,250" oya="0" hai0="128,41,97,2,28,130,98,121,38,12,109,31,8" hai1="4,33,78,82,18,106,51,5,116,89,110,73,10" hai2="102,76,54,22,99,96,111,24,81,53,75,19,61" hai3="125,127,118,9,83,105,115,65,88,120,49,43,48"/><T87/><D121/><U104/><E116/><V94/><F111/><W14/><G115/><T63/><D2/><U37/><E37/><V39/><F39/><W117/><G120/><T23/><D109/><U77/><E33/><V6/><F6/><W112/><G112/><T17/><D38/><U72/><E18/><V113/><F113/><W122/><G105/><N who="1" m="40554" /><E51/><N who="3" m="19530" /><G43/><T119/><D41/><U107/><E10/><V30/><F99/><N who="0" m="37898" /><D119/><N who="3" m="45577" /><G65/><T114/><D114/><U50/><E50/><V46/><F46/><W100/><G100/><T27/><D63/><U95/><E4/><V34/><REACH who="2" step="1"/><F61/><REACH who="2" ten="250,250,240,250" step="2"/><W62/><G122/><T15/><D128/><U123/><E5/><V57/><F57/><W103/><G62/><T124/><D130/><U26/><E123/><V36/><F36/><W32/><G103/><T129/><D129/><U133/><E133/><V21/><F21/><W92/><G32/><T47/><D47/><U3/><N who="1" m="40562" /><U108/><DORA hai="42" /><E3/><V25/><AGARI ba="0,1" hai="19,22,24,25,30,34,53,54,75,76,81,94,96,102" machi="25" ten="20,2700,0" yaku="1,1,0,1,7,1,53,0" doraHai="132,42" doraHaiUra="40,0" who="2" fromWho="2" sc="250,-13,250,-7,240,37,250,-7" /><INIT seed="1,0,0,5,5,114" ten="237,243,277,243" oya="1" hai0="122,80,128,127,52,0,46,51,77,64,39,25,57" hai1="118,75,65,15,83,14,132,101,111,134,116,61,119" hai2="98,29,23,6,4,7,42,27,105,17,16,108,1" hai3="3,91,59,28,117,10,54,82,76,9,79,11,63"/><U120/><E101/><V33/><F42/><W5/><G28/><T35/><D0/><U18/><E120/><V40/><F40/><W50/><G91/><T86/><D127/><U38/><E38/><V45/><F45/><W104/><G104/><T84/><D128/><U92/><E92/><V32/><F98/><W55/><G117/><T110/><D110/><U31/><E31/><V47/><F47/><W126/><G126/><T125/><D125/><U70/><E111/><V72/><F72/><W19/><G19/><N who="2" m="7241" /><F105/><W113/><G113/><T130/><D130/><U68/><E68/><V102/><F102/><W121/><G121/><T26/><D122/><U60/><E60/><V85/><F85/><W129/><G129/><T95/><D35/><N who="2" m="13386" /><F108/><W87/><G76/><T48/><D39/><U74/><E14/><V115/><F115/><W99/><G99/><T41/><D64/><U135/><E83/><V43/><F43/><W13/><REACH who="3" step="1"/><G3/><AGARI ba="0,0" hai="1,3,4,6,7,23,27,29" m="13386,7241" machi="3" ten="40,12000,2" yaku="35,5,54,1" doraHai="114" who="2" fromWho="3" sc="237,0,243,0,277,120,243,-120" /><INIT seed="2,0,0,2,5,129" ten="237,243,397,123" oya="2" hai0="92,113,28,23,74,49,120,77,130,73,91,116,32" hai1="54,12,58,40,76,17,55,127,50,102,66,47,39" hai2="65,72,112,134,118,13,90,124,51,93,106,86,25" hai3="83,128,57,88,5,75,104,121,105,82,133,101,98"/><V96/><F118/><W27/><G121/><T115/><D120/><U26/><E127/><V68/><F112/><W15/><G128/><T44/><D130/><U62/><E76/><V61/><F124/><W119/><G119/><T8/><D32/><U14/><E102/><V52/><F72/><W22/><G105/><T99/><D116/><U110/><E110/><V53/><F134/><W108/><G108/><T48/><D74/><U81/><E81/><V123/><F123/><W71/><G71/><T9/><D49/><U114/><E114/><V109/><F109/><W135/><G75/><T1/><D1/><U0/><E0/><V131/><F131/><W30/><G57/><T59/><D59/><U7/><E7/><V16/><F25/><W38/><G38/><T78/><D113/><U60/><E26/><V19/><F51/><W4/><G82/><T117/><D117/><U42/><E14/><V20/><F19/><W132/><G15/><T79/><D73/><U67/><E12/><V89/><F106/><W41/><G41/><N who="1" m="15978" /><E17/><V37/><F37/><W18/><G18/><T45/><D115/><U56/><E39/><V29/><F29/><W97/><REACH who="3" step="1"/><G83/><AGARI ba="0,0" hai="13,16,20,52,53,61,65,68,83,86,89,90,93,96" machi="83" ten="30,5800,0" yaku="7,1,54,2" doraHai="129" who="2" fromWho="3" sc="237,0,243,0,397,58,123,-58" /><INIT seed="2,1,0,2,4,74" ten="237,243,455,65" oya="2" hai0="72,44,45,127,134,25,121,14,2,37,79,32,100" hai1="120,75,57,117,78,10,68,116,90,71,48,26,47" hai2="43,76,66,108,85,29,63,24,15,109,115,56,133" hai3="49,13,40,103,111,17,118,73,20,1,84,89,92"/><V87/><F115/><W132/><G111/><N who="2" m="42569" /><F133/><W46/><G118/><T107/><D121/><U70/><E90/><V62/><F43/><W131/><G132/><T106/><D2/><U97/><E97/><V77/><F15/><W52/><G131/><T135/><D127/><U34/><E10/><V86/><F63/><W81/><G1/><T128/><D128/><U80/><E57/><V23/><AGARI ba="1,0" hai="23,24,29,56,62,66,76,77,85,86,87" m="42569" machi="23" ten="30,11700,0" yaku="14,1,10,1,52,2" doraHai="74" who="2" fromWho="2" sc="237,-40,243,-40,455,120,65,-40" /><INIT seed="2,2,0,1,0,81" ten="197,203,575,25" oya="2" hai0="112,8,57,132,108,124,60,115,131,86,103,41,90" hai1="25,80,61,1,37,127,40,102,104,62,74,79,106" hai2="125,114,66,73,3,71,77,99,130,49,107,9,70" hai3="11,5,89,59,16,27,122,116,113,120,95,45,118"/><V65/><F65/><W64/><G45/><T63/><D41/><U51/><E1/><V100/><F125/><W31/><G59/><T96/><D124/><U94/><E37/><V19/><F114/><W35/><G64/><T17/><D108/><U6/><E6/><V10/><F130/><W85/><G113/><T20/><D131/><U111/><E25/><V83/><F9/><W26/><G116/><T133/><D8/><U98/><E127/><V56/><F66/><W42/><G42/><T121/><D121/><U52/><E40/><V72/><F72/><W39/><G39/><T105/><D63/><U18/><E18/><V91/><F56/><W33/><G118/><T46/><D46/><U22/><E22/><V135/><F49/><W44/><G44/><T68/><D68/><U0/><E0/><V15/><F135/><N who="0" m="51786" /><D60/><U48/><E48/><V28/><F28/><W117/><G117/><T129/><D57/><U88/><E104/><V30/><F30/><W119/><G119/><T2/><D2/><U54/><E54/><V24/><F3/><W21/><REACH who="3" step="1"/><G35/><REACH who="3" ten="197,203,575,15" step="2"/><T109/><D129/><U43/><E43/><V69/><F69/><W82/><G82/><N who="0" m="49495" /><D109/><U93/><E111/><V58/><F58/><W97/><G97/><T84/><D112/><U76/><E62/><V4/><F70/><W34/><G34/><T47/><D115/><U23/><E61/><V38/><F71/><W7/><G7/><T123/><D47/><U75/><E51/><V29/><F38/><W128/><G128/><T55/><D96/><N who="1" m="61767" /><E80/><V12/><F4/><W53/><G53/><RYUUKYOKU ba="2,1" sc="197,-10,203,-10,575,-10,15,30" hai3="5,11,16,21,26,27,31,33,85,89,95,120,122" /><INIT seed="3,3,1,0,2,56" ten="187,193,565,45" oya="3" hai0="60,89,125,118,97,13,95,0,80,59,76,107,86" hai1="55,134,75,66,135,105,94,113,68,49,50,99,85" hai2="71,93,91,38,106,77,90,110,24,108,119,102,111" hai3="5,20,6,131,37,67,3,58,39,109,42,114,100"/><W82/><G114/><T19/><D125/><U47/><E113/><V7/><F71/><W12/><G131/><T101/><D0/><U73/><E105/><V57/><F38/><W4/><G3/><T45/><D118/><U16/><E85/><V79/><F119/><W96/><G109/><T116/><D116/><U65/><E16/><V2/><F24/><W123/><G123/><T69/><D69/><U32/><E32/><V31/><F31/><W92/><G42/><T124/><D124/><U127/><E127/><V15/><F2/><W10/><G20/><N who="0" m="11375" /><D107/><U28/><E28/><V18/><F7/><W61/><REACH who="3" step="1"/><G82/><REACH who="3" ten="187,193,565,35" step="2"/><T40/><D40/><U62/><E135/><V29/><F110/><W36/><AGARI ba="3,2" hai="4,5,6,10,12,36,37,39,58,61,67,92,96,100" machi="36" ten="30,11700,0" yaku="1,1,2,1,0,1,52,1,53,0" doraHai="56" doraHaiUra="43" who="3" fromWho="3" sc="187,-42,193,-42,565,-42,35,146" /><INIT seed="3,4,0,3,0,59" ten="145,151,523,181" oya="3" hai0="103,38,112,95,115,61,3,18,128,22,60,41,51" hai1="123,129,28,73,131,135,29,12,114,2,110,85,105" hai2="0,33,9,88,7,25,48,35,63,117,46,13,104" hai3="54,27,113,134,116,86,52,50,111,44,70,72,55"/><W10/><G72/><T120/><D120/><U6/><E73/><V53/><F104/><W11/><G116/><T87/><D3/><U16/><E105/><V4/><F117/><W92/><G113/><N who="0" m="43595" /><D128/><N who="1" m="49227" /><E114/><V8/><F25/><W81/><G134/><T82/><D38/><U58/><E110/><V67/><F88/><N who="3" m="51279" /><G70/><AGARI ba="4,0" hai="0,4,7,8,9,13,33,35,46,48,53,63,67,70" machi="70" ten="30,2000,0" yaku="7,1,52,1" doraHai="59" who="2" fromWho="3" sc="145,0,151,0,523,32,181,-32" owari="145,-35.5,151,-4.9,555,65.5,149,-25.1" /></mjloggm>