<mjloggm ver="2.3"><GO type="225" lobby="0"/><UN n0="%E6%97%A5%E6%9B%9C%E6%97%A5%E3%82%88%E3%82%8A%E3%81%AE%E4%BD%BF%E8%80%85" n1="%E3%83%A9%E3%83%96%E3%83%AC%E3%83%BC" n2="%E3%81%8F%E3%81%BE%E3%81%96%E3%82%8F" n3="%E3%81%99%E3%81%84%E3%81%BE%E3%81%9B%E3%83%BC%E3%82%93" dan="17,18,16,16" rate="2175.60,2271.40,2038.50,2151.51" sx="M,M,M,M"/><TAIKYOKU oya="0"/><INIT seed="0,0,0,4,0,114" ten="250,250,250,250" oya="0" hai0="117,8,0,85,113,55,20,115,129,9,122,13,16" hai1="101,3,41,89,40,124,68,31,134,102,88,70,42" hai2="78,79,4,61,120,27,108,53,96,84,112,93,123" hai3="39,69,44,121,58,126,23,67,36,110,76,50,130"/><T64/><D64/><U12/><E31/><V116/><F112/><N who="0" m="43082" /><D55/><U18/><E3/><V133/><F133/><W30/><G110/><T6/><D85/><U28/><E28/><V125/><F108/><W60/><G126/><T24/><D122/><U73/><E73/><V127/><F4/><W128/><G121/><T14/><D129/><N who="3" m="49769" /><G76/><T86/><D86/><U98/><E124/><N who="2" m="47691" /><F27/><N who="3" m="16767" /><G69/><T71/><D71/><U82/><E134/><V74/><F74/><W15/><G15/><N who="0" m="5643" /><D9/><U17/><E12/><V62/><F120/><W22/><G22/><T5/><D6/><U19/><E98/><V45/><F123/><W47/><G47/><T21/><D21/><U46/><E46/><V77/><F96/><W100/><G100/><N who="1" m="38506" /><E82/><V43/><F45/><W49/><G49/><T87/><D87/><U75/><E75/><V10/><F84/><W92/><G92/><T81/><D81/><U104/><E104/><V29/><F93/><W103/><G103/><T80/><D80/><U33/><E70/><V11/><F78/><W38/><G38/><T97/><D97/><U111/><E68/><V90/><F79/><W107/><G107/><T99/><D99/><U94/><E94/><V83/><F77/><W109/><G109/><T56/><D56/><U1/><E111/><V131/><F131/><W52/><AGARI ba="0,0" hai="36,39,44,50,52,58,60,67" m="16767,49769" machi="52" ten="30,2000,0" yaku="19,1,54,1" doraHai="114" who="3" fromWho="3" sc="250,-10,250,-5,250,-5,250,20" /><INIT seed="1,0,0,2,2,68" ten="240,245,245,270" oya="1" hai0="13,113,74,87,75,50,121,71,120,101,0,20,47" hai1="19,105,32,29,124,58,45,123,34,126,8,99,16" hai2="64,5,21,82,69,85,60,79,67,41,70,63,84" hai3="33,57,40,54,14,76,31,43,86,9,25,98,117"/><U51/><E123/><N who="0" m="47177" /><D113/><U1/><E58/><V73/><F5/><W134/><G134/><T97/><D0/><U38/><E38/><V44/><REACH who="2" step="1"/><F21/><REACH who="2" ten="240,245,235,270" step="2"/><W56/><G117/><T39/><D20/><U109/><E34/><V114/><F114/><W10/><G33/><T30/><D30/><U90/><E32/><V122/><F122/><W111/><G31/><T118/><D118/><U28/><E28/><V49/><AGARI ba="0,1" hai="41,44,49,60,63,64,67,69,70,73,79,82,84,85" machi="49" ten="20,12000,2" yaku="1,1,0,1,7,1,9,1,53,2" doraHai="68" doraHaiUra="59" who="2" fromWho="2" sc="240,-30,245,-60,235,130,270,-30" /><INIT seed="2,0,0,0,4,132" ten="210,185,365,240" oya="2" hai0="78,118,106,29,0,6,7,94,64,56,93,18,77" hai1="123,37,46,108,113,20,36,80,75,109,134,125,89" hai2="31,82,53,47,79,14,96,22,16,100,129,21,115" hai3="60,43,35,85,110,65,63,119,76,117,52,25,98"/><V4/><F129/><W103/><G110/><T111/><D106/><U105/><E113/><V120/><F115/><W133/><G133/><T99/><D0/><U124/><E134/><V17/><F120/><W70/><G43/><T61/><D111/><N who="1" m="42571" /><E105/><V51/><F31/><N who="3" m="19951" /><G85/><T1/><D1/><U55/><E20/><V102/><F4/><N who="0" m="1578" /><D118/><U92/><E123/><V114/><F96/><W40/><G40/><T59/><D29/><U2/><E2/><V5/><F5/><W41/><G41/><T19/><D59/><U68/><E68/><V26/><REACH who="2" step="1"/><F114/><REACH who="2" ten="210,185,355,240" step="2"/><W3/><G119/><T13/><D99/><N who="1" m="57743" /><E36/><V45/><F45/><W49/><G98/><T12/><D19/><U58/><E46/><V88/><F88/><W97/><G97/><T62/><D18/><U87/><E37/><V84/><AGARI ba="0,1" hai="14,16,17,21,22,26,47,51,53,79,82,84,100,102" machi="84" ten="20,18000,2" yaku="1,1,0,1,7,1,8,1,54,1,53,1" doraHai="132" doraHaiUra="42" who="2" fromWho="2" sc="210,-60,185,-60,355,190,240,-60" /><INIT seed="2,1,0,1,0,132" ten="150,125,545,180" oya="2" hai0="116,84,2,109,87,63,40,71,114,100,3,55,130" hai1="31,39,104,98,25,74,11,108,44,17,32,96,91" hai2="102,128,126,22,101,16,50,125,53,77,78,58,92" hai3="76,135,94,61,117,65,21,119,121,89,85,42,5"/><V62/><F128/><W23/><G121/><T12/><D114/><U70/><E74/><V9/><F9/><W26/><G135/><T59/><D116/><U73/><E73/><V30/><F30/><W122/><G122/><T60/><D130/><U112/><E112/><V56/><F78/><W124/><G5/><T105/><D40/><U131/><E131/><V67/><F77/><W35/><G35/><T18/><D109/><U106/><E70/><N who="2" m="42359" /><F92/><W118/><G124/><N who="2" m="47721" /><F58/><W54/><G76/><T110/><D71/><U33/><E108/><V0/><F0/><W69/><G94/><T68/><D2/><U93/><E33/><V129/><F129/><W51/><G69/><T103/><D3/><U127/><E127/><V80/><F80/><W29/><G29/><T28/><D28/><U1/><E17/><V113/><F113/><W8/><G119/><T86/><D110/><U46/><E106/><V49/><F49/><W41/><G51/><T13/><D105/><U14/><E1/><V115/><F115/><W45/><G118/><T95/><D95/><U120/><E120/><V82/><F82/><W81/><G81/><T6/><D68/><U88/><E104/><V38/><F38/><W24/><G8/><N who="0" m="4119" /><D63/><U57/><E39/><V79/><F79/><W27/><G61/><T90/><D90/><N who="1" m="34347" /><E57/><V48/><F48/><N who="3" m="28943" /><G117/><T64/><D64/><U19/><E93/><V52/><F53/><W15/><G65/><T107/><D107/><U4/><E4/><V7/><F56/><W83/><G15/><T75/><D75/><U66/><E66/><V43/><F43/><AGARI ba="1,0" hai="21,23,24,26,27,41,42,43,83,85,89" m="28943" machi="43" ten="30,2000,0" yaku="6,1,8,1" doraHai="132" who="3" fromWho="2" sc="150,0,125,0,545,-23,180,23" /><INIT seed="3,0,0,2,5,72" ten="150,125,522,203" oya="3" hai0="3,54,45,19,110,95,36,131,88,125,79,63,105" hai1="60,134,103,69,6,37,5,17,16,25,114,123,115" hai2="128,130,22,111,78,86,127,84,58,119,122,90,129" hai3="109,40,26,124,31,18,30,87,2,98,120,14,133"/><W99/><G2/><T75/><D105/><U102/><E25/><V74/><F119/><W52/><G40/><T82/><D110/><U67/><E37/><V132/><F111/><W68/><G68/><T29/><D125/><U51/><E51/><V47/><F127/><W11/><G30/><T126/><D126/><U4/><E123/><V92/><F122/><W104/><G104/><T1/><D29/><U50/><E50/><V135/><F74/><W80/><G26/><T66/><D19/><U13/><E17/><V43/><F58/><W27/><G27/><T41/><D54/><U56/><E69/><V61/><F61/><W0/><G0/><T93/><D93/><U116/><E116/><V62/><F62/><W57/><G31/><T10/><D10/><U34/><E34/><V39/><REACH who="2" step="1"/><F22/><REACH who="2" ten="150,125,512,203" step="2"/><W49/><G57/><T38/><D63/><U97/><E134/><V28/><F28/><W24/><G133/><T21/><D21/><U32/><E32/><V112/><F112/><W64/><G109/><T113/><D113/><U96/><E115/><V101/><F101/><W53/><G124/><T76/><D66/><U15/><E114/><V9/><F9/><W70/><G11/><T8/><D8/><N who="1" m="6183" /><E15/><V100/><F100/><AGARI ba="0,1" hai="4,5,6,56,60,67,96,97,100,102,103" m="6183" machi="100" ten="30,2000,0" yaku="8,1,54,1" doraHai="72" who="1" fromWho="2" sc="150,0,125,30,512,-20,203,0" owari="150,-35.0,155,-24.5,492,59.2,203,0.3" /></mjloggm>