<mjloggm ver="2.3"><GO type="225" lobby="0"/><UN n0="%E3%83%AD%E3%83%83%E3%83%86%E9%9B%80%E7%90%83" n1="%E3%83%94%E3%82%B3%E3%83%9E%E3%82%B9%E3%83%86%E3%82%A3%E3%83%95" n2="%E6%A0%B9%E5%85%83%E3%81%8B%E3%82%89%E5%90%B9%E3%81%A3%E9%A3%9B%E3%81%B6" n3="%E8%91%89%E5%B1%B1%E9%99%BD%E5%92%8C" dan="17,17,16,16" rate="2152.59,2156.82,2171.60,2112.72" sx="M,M,F,M"/><TAIKYOKU oya="0"/><INIT seed="0,0,0,3,3,21" ten="250,250,250,250" oya="0" hai0="120,42,16,37,96,117,131,12,56,130,127,81,104" hai1="65,30,108,22,97,61,2,63,4,91,129,52,101" hai2="20,40,119,71,135,24,99,109,43,27,7,55,112" hai3="67,92,68,29,82,15,124,128,17,47,114,19,50"/><T3/><D117/><U9/><E108/><V33/><F112/><W35/><G114/><T94/><D120/><U122/><E122/><V125/><F125/><W76/><G124/><T89/><D127/><U46/><E129/><N who="0" m="49161" /><D3/><U38/><E91/><V57/><F71/><W1/><G1/><T44/><D104/><U39/><E30/><V23/><F33/><W62/><G128/><T48/><D81/><U110/><E22/><V36/><F109/><W41/><G92/><T100/><D56/><U51/><E110/><V14/><F119/><W78/><G78/><T74/><D74/><U116/><E116/><V34/><F34/><W123/><G123/><T72/><D72/><U87/><E87/><V8/><F135/><W59/><G15/><T69/><D69/><U6/><E6/><V49/><F99/><W111/><G68/><T75/><D75/><U26/><E26/><N who="2" m="9771" /><F36/><W102/><G111/><T66/><D66/><U126/><E126/><V107/><F107/><W113/><G113/><T105/><D37/><U13/><E2/><V115/><F115/><W77/><G67/><T0/><D0/><U11/><E39/><V64/><F64/><W85/><G77/><T95/><D89/><U70/><E38/><V83/><F83/><W132/><G76/><T133/><D133/><U88/><E65/><V18/><F23/><AGARI ba="0,0" hai="12,16,23,42,44,48,94,95,96,100,105" m="49161" machi="23" ten="30,2900,0" yaku="19,1,54,1" doraHai="21" who="0" fromWho="2" sc="250,29,250,0,250,-29,250,0" /><INIT seed="0,1,0,1,2,132" ten="279,250,221,250" oya="0" hai0="85,46,34,108,97,27,68,99,76,1,50,112,105" hai1="48,118,56,35,41,133,30,32,57,106,37,101,31" hai2="84,107,17,13,128,62,54,63,71,82,83,70,65" hai3="51,109,43,20,120,61,5,124,39,122,93,15,44"/><T69/><D112/><U96/><E118/><V127/><F127/><W94/><G109/><T4/><D108/><U3/><E3/><V12/><F128/><W11/><G61/><T67/><D4/><U110/><E110/><V79/><F107/><W10/><G124/><T8/><D8/><U90/><E133/><V40/><F40/><W28/><G39/><T92/><D1/><U2/><E2/><V53/><F17/><W0/><G28/><T49/><D49/><U111/><E111/><V55/><REACH who="2" step="1"/><F83/><REACH who="2" ten="279,250,211,250" step="2"/><W59/><G43/><T113/><D105/><U123/><E41/><V78/><F78/><W29/><G5/><T45/><D76/><U126/><E126/><V58/><F58/><W130/><G59/><T102/><D69/><U36/><E106/><V87/><F87/><W64/><G130/><T114/><D85/><U91/><E48/><V125/><F125/><W86/><G51/><T42/><D68/><U6/><E6/><V100/><F100/><W134/><G134/><T74/><D102/><U25/><E101/><V24/><F24/><W33/><G86/><T117/><D50/><U38/><E38/><V47/><F47/><W16/><G44/><T23/><D46/><U60/><E25/><V73/><F73/><W19/><G19/><T103/><D27/><U21/><E37/><V18/><F18/><W77/><G77/><T129/><D45/><U131/><E36/><V119/><F119/><W7/><G7/><T89/><D42/><U115/><E131/><V81/><F81/><W88/><G0/><T75/><D129/><U66/><E57/><RYUUKYOKU ba="1,1" sc="279,-10,250,-10,211,30,250,-10" hai2="12,13,53,54,55,62,63,65,70,71,79,82,84" /><INIT seed="1,2,1,4,0,48" ten="269,240,241,240" oya="1" hai0="81,91,36,64,100,135,77,47,125,55,132,31,54" hai1="75,27,68,33,101,30,59,112,121,41,88,99,115" hai2="46,23,50,8,110,109,102,61,93,20,3,90,80" hai3="106,130,10,104,2,79,96,22,85,51,126,82,122"/><U98/><E121/><V97/><F61/><W52/><G122/><T71/><D125/><U65/><E75/><V6/><F80/><W124/><G22/><T113/><D113/><U119/><E119/><V108/><REACH who="2" step="1"/><F90/><REACH who="2" ten="269,240,231,240" step="2"/><W116/><G116/><T42/><D91/><U131/><E112/><V69/><F69/><W4/><G130/><T57/><D71/><U1/><E131/><V24/><F24/><W105/><REACH who="3" step="1"/><G96/><REACH who="3" ten="269,240,231,230" step="2"/><T74/><D135/><U44/><E115/><V11/><F11/><W14/><G14/><T89/><D132/><U60/><E99/><V133/><F133/><W34/><G34/><T134/><D134/><U58/><E1/><V25/><F25/><W13/><G13/><T73/><D81/><U103/><E98/><V118/><F118/><W39/><G39/><T28/><D36/><U7/><E33/><V78/><F78/><W35/><G35/><T128/><D77/><U123/><E123/><V72/><F72/><W12/><G12/><T56/><D74/><U16/><E27/><V9/><F9/><W111/><G111/><T129/><D73/><U120/><E120/><V86/><F86/><W19/><G19/><T40/><D129/><U18/><E18/><V95/><F95/><W53/><G53/><AGARI ba="2,3" hai="3,6,8,20,23,46,50,53,93,97,102,108,109,110" machi="53" ten="40,5200,0" yaku="1,1,14,1,52,1,53,0" doraHai="48" doraHaiUra="117" who="2" fromWho="3" sc="269,0,240,0,231,88,230,-58" /><INIT seed="2,0,0,3,1,72" ten="269,240,319,172" oya="2" hai0="71,100,40,47,99,125,80,29,10,42,120,106,30" hai1="48,89,90,58,39,19,51,79,14,7,3,118,44" hai2="55,62,0,86,93,8,67,132,12,83,21,103,11" hai3="36,124,32,105,109,134,94,33,34,5,1,133,68"/><V108/><F132/><N who="3" m="50795" /><G105/><T77/><D125/><U128/><E118/><V92/><F108/><W20/><G94/><T4/><D120/><U126/><E39/><V131/><F131/><W6/><G68/><T135/><D135/><U23/><E128/><V104/><F104/><W75/><G36/><T123/><D123/><U114/><E114/><V31/><F0/><W74/><G1/><T101/><D101/><U2/><E126/><V70/><F55/><W97/><G124/><T64/><D64/><U122/><E122/><V49/><F49/><W59/><G59/><T121/><D71/><U78/><E7/><N who="3" m="2570" /><G20/><T66/><D66/><U96/><E2/><V81/><F93/><W52/><G97/><T46/><D121/><U110/><E3/><V127/><F127/><W111/><G52/><T26/><D42/><N who="1" m="24599" /><E110/><AGARI ba="0,0" hai="32,33,34,74,75,109,110,111" m="2570,50795" machi="110" ten="40,8000,1" yaku="28,2,14,1,20,1" doraHai="72" who="3" fromWho="1" sc="269,0,240,-80,319,0,172,80" /><INIT seed="3,0,0,0,4,102" ten="269,160,319,252" oya="3" hai0="67,54,10,90,76,21,23,115,78,53,66,135,35" hai1="5,43,61,101,73,107,34,133,74,60,72,12,95" hai2="132,28,6,75,68,110,24,3,39,7,118,103,127" hai3="58,22,29,17,113,44,83,105,47,27,13,88,112"/><W126/><G126/><T120/><D120/><U20/><E34/><V86/><F118/><W108/><G108/><T70/><D35/><U2/><E2/><V42/><F68/><W124/><G124/><T69/><D10/><U45/><E133/><V41/><F103/><W71/><G71/><T57/><D57/><U82/><E95/><V40/><F75/><W33/><G105/><T79/><D79/><U65/><E82/><V131/><F110/><W98/><G58/><T91/><REACH who="0" step="1"/><D115/><REACH who="0" ten="259,160,319,252" step="2"/><U51/><E65/><V87/><F127/><W62/><G62/><T129/><D129/><U97/><REACH who="1" step="1"/><E20/><REACH who="1" ten="259,150,319,252" step="2"/><N who="2" m="15367" /><F132/><AGARI ba="0,2" hai="21,23,53,54,66,67,69,70,76,78,90,91,132,135" machi="132" ten="25,3200,0" yaku="1,1,22,2,53,0" doraHai="102" doraHaiUra="4" who="0" fromWho="2" sc="259,52,150,0,319,-32,252,0" owari="311,41.1,150,-35.0,287,8.7,252,-14.8" /></mjloggm>