<mjloggm ver="2.3"><GO type="225" lobby="0"/><UN n0="%E3%82%A2%E3%82%A4%E3%82%B9%E3%83%86%E3%82%A3%E3%83%BC%E3%81%82%E3%81%B9" n1="%6B%65%6E%6E%64%69" n2="%E3%81%A9%E3%82%8F%E3%82%93%E3%81%94" n3="%4B%2E%32%2E%4B%2E" dan="16,16,16,16" rate="2093.69,2153.55,2133.04,2137.91" sx="M,M,M,M"/><TAIKYOKU oya="0"/><INIT seed="0,0,0,5,1,6" ten="250,250,250,250" oya="0" hai0="76,103,130,91,41,82,68,72,40,37,111,66,13" hai1="114,129,87,108,69,70,59,17,124,9,101,23,30" hai2="47,7,35,52,12,92,22,78,25,74,132,18,95" hai3="100,88,46,106,126,49,102,131,58,113,117,34,43"/><T94/><D130/><U118/><E118/><V29/><F132/><W32/><G113/><T38/><D103/><U85/><E108/><V28/><F28/><W75/><G117/><T8/><D111/><U86/><E129/><V98/><F74/><W42/><G131/><T20/><D20/><U83/><E124/><V123/><F78/><W4/><G75/><T27/><D27/><U134/><E134/><V107/><F123/><W36/><G126/><T16/><D68/><U26/><E114/><V45/><F107/><W19/><G4/><T3/><D66/><U14/><E101/><V89/><F7/><W0/><G0/><T96/><REACH who="0" step="1"/><D3/><REACH who="0" ten="240,250,250,250" step="2"/><U135/><E135/><V116/><F116/><W62/><G100/><T63/><D63/><U56/><E69/><V81/><F81/><W128/><G102/><T77/><D77/><N who="1" m="46319" /><E70/><V119/><F119/><W122/><G128/><T57/><D57/><AGARI ba="0,1" hai="9,14,17,23,26,30,56,57,59,86,87" m="46319" machi="57" ten="30,2000,0" yaku="8,1,52,1" doraHai="6" who="1" fromWho="0" sc="240,-20,250,30,250,0,250,0" /><INIT seed="1,0,0,2,2,4" ten="220,280,250,250" oya="1" hai0="96,21,69,121,103,98,59,120,127,7,115,58,99" hai1="109,73,65,16,101,60,74,111,22,41,107,50,23" hai2="6,86,80,9,95,29,34,56,132,14,52,43,53" hai3="54,48,44,131,38,57,39,90,133,82,19,36,0"/><U81/><E107/><V118/><F132/><W26/><G133/><T117/><D115/><U91/><E101/><V11/><F118/><W88/><G0/><T68/><D117/><U130/><E130/><V37/><F34/><W33/><G131/><T93/><D7/><U18/><E41/><V122/><F122/><N who="0" m="47210" /><D21/><U25/><E50/><V1/><F29/><W92/><G82/><T61/><D127/><U134/><E134/><V77/><F95/><W71/><G71/><N who="0" m="27211" /><D59/><N who="1" m="37023" /><E91/><V55/><F43/><W46/><G90/><T104/><D104/><U31/><E81/><V42/><F42/><W79/><G79/><T128/><D128/><U119/><E119/><V30/><F30/><W123/><G123/><T110/><D110/><N who="1" m="41995" /><E31/><V106/><F37/><W84/><G33/><T67/><AGARI ba="0,0" hai="58,61,67,93,96,98,99,103" m="27211,47210" machi="67" ten="30,1100,0" yaku="13,1" doraHai="4" who="0" fromWho="0" sc="220,11,280,-5,250,-3,250,-3" /><INIT seed="2,0,0,0,1,52" ten="231,275,247,247" oya="2" hai0="47,81,72,109,19,24,20,102,93,129,53,126,135" hai1="117,58,91,45,55,85,107,82,132,106,2,61,127" hai2="10,123,5,67,18,97,71,95,116,16,27,130,54" hai3="48,74,110,131,92,119,51,41,77,43,101,36,84"/><V25/><F116/><W29/><G119/><T121/><D121/><U38/><E117/><V66/><F123/><W11/><G110/><T113/><D109/><U120/><E120/><V4/><F130/><W99/><G74/><T104/><D113/><U65/><E132/><V7/><F71/><W90/><G77/><T62/><D129/><U128/><E128/><V94/><F54/><W30/><G131/><T8/><D135/><U68/><E127/><V70/><F70/><W73/><G73/><T57/><D104/><U60/><REACH who="1" step="1"/><E2/><REACH who="1" ten="231,265,247,247" step="2"/><V32/><F32/><W56/><G36/><T108/><D126/><U111/><E111/><V125/><F125/><W13/><G30/><T103/><D108/><U23/><E23/><V17/><F10/><W6/><G29/><T28/><D8/><U49/><E49/><N who="3" m="19018" /><G56/><T3/><D3/><U76/><E76/><V100/><F95/><AGARI ba="0,1" hai="6,11,13,41,43,84,90,92,95,99,101" m="19018" machi="95" ten="30,1000,0" yaku="8,1" doraHai="52" who="3" fromWho="2" sc="231,0,265,0,247,-10,247,20" /><INIT seed="3,0,0,3,3,34" ten="231,265,237,267" oya="3" hai0="16,67,8,7,82,61,41,1,117,25,38,116,111" hai1="89,40,30,18,42,64,119,92,114,66,99,53,54" hai2="58,95,11,15,4,74,90,22,68,130,100,39,62" hai3="96,128,79,91,73,48,87,28,84,109,13,80,132"/><W47/><G128/><T51/><D111/><U97/><E114/><V103/><F130/><W125/><G132/><T26/><D38/><U133/><E133/><V12/><F68/><W45/><G125/><T63/><D63/><U32/><E32/><V102/><F74/><W5/><G109/><T129/><D129/><U83/><E30/><V9/><F39/><W131/><G131/><T19/><D82/><U43/><E119/><V108/><F22/><W94/><G28/><T50/><D26/><U70/><E70/><V122/><F122/><W85/><REACH who="3" step="1"/><G48/><REACH who="3" ten="231,265,237,257" step="2"/><T120/><D120/><U33/><E33/><V121/><F108/><W106/><G106/><T72/><D51/><U77/><E66/><V86/><F121/><W69/><G69/><T52/><D41/><U134/><E64/><V101/><F62/><W124/><G124/><T113/><D113/><U55/><E134/><V21/><F103/><W49/><G49/><T71/><D72/><U14/><E43/><V46/><F102/><W29/><G29/><T36/><D36/><U135/><E135/><V23/><F101/><W65/><G65/><T10/><D117/><U107/><E107/><V123/><F100/><W76/><G76/><T115/><D116/><U110/><E110/><V2/><F123/><W35/><G35/><T98/><D71/><U60/><E60/><V24/><F90/><W88/><G88/><T93/><D61/><U75/><E99/><V126/><F126/><W118/><G118/><T27/><D98/><U78/><E77/><V59/><F95/><W3/><G3/><N who="0" m="127" /><D115/><U44/><E42/><RYUUKYOKU ba="0,1" sc="231,-10,265,-10,237,-10,257,30" hai3="5,13,45,47,73,79,80,84,85,87,91,94,96" /><INIT seed="3,1,1,1,1,21" ten="221,255,227,287" oya="3" hai0="81,44,9,77,4,60,17,22,134,66,93,51,105" hai1="85,20,117,2,79,56,34,42,104,33,113,27,88" hai2="107,37,1,48,127,109,24,95,90,71,39,57,15" hai3="110,86,69,64,101,126,29,52,54,129,8,23,83"/><W92/><G126/><T94/><D105/><U18/><E113/><V111/><F107/><W102/><G129/><T46/><D134/><U112/><E112/><V91/><F71/><W74/><G74/><T16/><D17/><U10/><E117/><V114/><F1/><W75/><G75/><T119/><D119/><U78/><E104/><V32/><F114/><W135/><G69/><T73/><D9/><U3/><E42/><V100/><F127/><W38/><G64/><T68/><D4/><U116/><E2/><V45/><F57/><W31/><G38/><N who="2" m="14345" /><F15/><W43/><G110/><N who="2" m="41993" /><F95/><W12/><G43/><T50/><D50/><U120/><E56/><V124/><F100/><W63/><G92/><T108/><D46/><U76/><E116/><V61/><F61/><W121/><G63/><T30/><D30/><U130/><E130/><V97/><F97/><W26/><G31/><T62/><D60/><U25/><E120/><V41/><F124/><W40/><G102/><T14/><REACH who="0" step="1"/><D108/><REACH who="0" ten="211,255,227,287" step="2"/><U122/><E122/><V70/><F70/><W11/><G121/><T36/><D36/><U6/><REACH who="1" step="1"/><E27/><REACH who="1" ten="211,245,227,287" step="2"/><V87/><F24/><W131/><G131/><T118/><D118/><U67/><E67/><V35/><F35/><W80/><G26/><T99/><D99/><U84/><E84/><V59/><F32/><W98/><G98/><T13/><D13/><U132/><E132/><V47/><F87/><W55/><G86/><T7/><D7/><U103/><E103/><V125/><F125/><W128/><G128/><T0/><D0/><U65/><E65/><V123/><F123/><RYUUKYOKU ba="1,3" sc="211,15,245,15,227,-15,287,-15" hai0="14,16,22,44,51,62,66,68,73,77,81,93,94" hai1="3,6,10,18,20,25,33,34,76,78,79,85,88" /><INIT seed="4,2,3,3,2,54" ten="226,260,212,272" oya="0" hai0="27,130,31,113,5,13,60,6,102,101,8,106,116" hai1="40,64,46,63,81,30,25,85,71,35,29,89,83" hai2="37,33,124,95,43,108,0,47,115,42,36,20,92" hai3="12,1,28,77,45,78,56,114,11,107,105,84,69"/><T110/><D116/><U99/><E30/><V125/><F108/><W87/><G69/><T75/><D75/><U91/><E99/><V58/><F33/><W122/><G1/><T61/><D110/><U57/><E71/><V135/><F0/><W74/><G74/><T10/><D113/><U80/><E89/><V15/><F115/><W2/><G2/><T127/><D127/><N who="2" m="48714" /><F135/><W39/><G105/><T82/><D130/><U16/><E16/><N who="2" m="10271" /><F58/><W131/><G56/><T18/><D82/><U44/><E44/><AGARI ba="2,3" hai="36,37,42,43,44,47,92,95" m="10271,48714" machi="44" ten="30,2000,0" yaku="18,1,54,1" doraHai="54" who="2" fromWho="1" sc="226,0,260,-26,212,56,272,0" /><INIT seed="5,0,0,3,3,132" ten="226,234,268,272" oya="1" hai0="46,17,54,68,7,47,44,23,29,119,95,30,45" hai1="118,99,6,128,36,120,98,15,70,130,96,28,126" hai2="13,65,116,131,2,52,3,109,76,22,8,66,51" hai3="133,110,94,10,69,101,104,4,62,61,87,49,79"/><U5/><E120/><V73/><F109/><W63/><G110/><T111/><D68/><U77/><E118/><V100/><F116/><W37/><G37/><T41/><D111/><U21/><E36/><V117/><F117/><W129/><G133/><T105/><D105/><U124/><E70/><V89/><F100/><W27/><G129/><N who="1" m="49770" /><E77/><V125/><F131/><W43/><G27/><T26/><D119/><U40/><E40/><V39/><F39/><W84/><G104/><T88/><D7/><N who="1" m="2571" /><E15/><V64/><F76/><W92/><G69/><T1/><D1/><U24/><AGARI ba="0,0" hai="21,24,28,96,98,99,124,126" m="2571,49770" machi="24" ten="40,7800,0" yaku="19,1,52,2" doraHai="132" who="1" fromWho="1" sc="226,-26,234,78,268,-26,272,-26" owari="200,-30.0,312,41.2,242,-15.8,246,4.6" /></mjloggm>