<mjloggm ver="2.3"><GO type="225" lobby="0"/><UN n0="%48%61%61%61%6C%61%6E%64" n1="%E5%A4%9C%E5%85%89%E5%A4%A9%E6%A5%BC" n2="%E6%A1%9C%E8%8A%B1%E9%96%83%E3%80%85" n3="%E3%81%B5%E3%81%98%E3%81%8B%E3%81%A4" dan="18,17,16,16" rate="2215.55,2165.43,2141.36,2147.10" sx="M,M,M,M"/><TAIKYOKU oya="0"/><INIT seed="0,0,0,3,3,103" ten="250,250,250,250" oya="0" hai0="2,29,94,17,95,5,101,111,87,32,113,48,133" hai1="26,83,57,30,127,90,54,135,122,118,128,96,66" hai2="6,8,12,10,14,27,116,42,89,76,131,59,109" hai3="102,13,98,117,25,68,91,24,78,74,0,18,28"/><T92/><D113/><U51/><E118/><V15/><F116/><W20/><G117/><T93/><D133/><U44/><E122/><V97/><F109/><W46/><G68/><T105/><D111/><U1/><E135/><V21/><F131/><W79/><G0/><T70/><D70/><U56/><E1/><V3/><F76/><W4/><G91/><T41/><D17/><U84/><E127/><V39/><F39/><W31/><G46/><T71/><D71/><U36/><E128/><V81/><F42/><W72/><G4/><T115/><D115/><U119/><E119/><V63/><F10/><W132/><G132/><T106/><D29/><U64/><E36/><V47/><F47/><W69/><G69/><T38/><D32/><U37/><E96/><V126/><F126/><W73/><G25/><T65/><D65/><N who="1" m="25195" /><E37/><V40/><F40/><W23/><REACH who="3" step="1"/><G31/><REACH who="3" ten="250,250,250,240" step="2"/><T124/><D124/><U52/><E30/><N who="2" m="17775" /><F3/><W120/><G120/><T45/><D38/><U99/><E26/><V125/><F125/><W107/><AGARI ba="0,1" hai="13,18,20,23,24,28,72,73,74,78,79,98,102,107" machi="107" ten="30,4000,0" yaku="1,1,0,1,52,1,53,0" doraHai="103" doraHaiUra="112" who="3" fromWho="3" sc="250,-20,250,-10,250,-10,240,50" /><INIT seed="1,0,0,0,2,25" ten="230,240,240,290" oya="1" hai0="45,95,7,114,98,53,96,135,89,66,6,15,84" hai1="34,54,134,43,101,110,78,60,49,88,62,70,108" hai2="124,20,19,40,130,58,10,8,11,100,9,42,92" hai3="83,4,61,39,72,56,73,41,1,87,21,57,106"/><U18/><E134/><V38/><F124/><W133/><G106/><T120/><D114/><U32/><E101/><V46/><F130/><W132/><G56/><T36/><D135/><N who="3" m="51785" /><G21/><T71/><D120/><U129/><E78/><V82/><F42/><W44/><G4/><T59/><D71/><U0/><E43/><V103/><F82/><W121/><G1/><T55/><D36/><U12/><E0/><V109/><F109/><N who="1" m="42089" /><E129/><V69/><F69/><W37/><G37/><T52/><D45/><N who="1" m="27951" /><E88/><V68/><F100/><W17/><G121/><T90/><D98/><U105/><E105/><V127/><F103/><W13/><G87/><T80/><REACH who="0" step="1"/><D15/><REACH who="0" ten="220,240,240,290" step="2"/><U99/><E99/><V102/><F38/><W26/><G13/><T27/><D27/><U126/><E126/><V22/><F127/><W93/><G26/><T29/><D29/><U31/><E70/><V119/><F68/><W122/><G44/><T123/><D123/><U86/><E86/><V63/><F46/><W5/><G39/><T116/><D116/><U76/><E31/><V48/><F119/><W2/><G122/><T117/><D117/><U115/><E115/><V35/><F58/><W113/><G57/><T128/><D128/><U51/><E12/><V79/><F19/><W14/><G17/><T94/><D94/><U50/><E18/><V65/><F92/><W74/><G93/><T118/><D118/><U23/><E32/><V75/><F35/><W111/><G113/><T67/><D67/><U24/><E34/><V91/><F65/><W16/><G111/><T125/><D125/><U131/><E131/><RYUUKYOKU ba="0,1" sc="220,30,240,-10,240,-10,290,-10" hai0="6,7,52,53,55,59,66,80,84,89,90,95,96" /><INIT seed="2,1,1,0,1,94" ten="250,230,230,280" oya="2" hai0="130,25,24,31,128,91,23,109,13,35,55,81,75" hai1="20,116,11,0,118,82,62,3,96,41,16,78,18" hai2="98,53,56,19,9,127,111,71,122,100,83,44,117" hai3="27,86,79,46,49,77,126,67,80,134,7,76,43"/><V66/><F117/><W22/><G126/><T6/><D109/><U69/><E41/><V38/><F122/><W14/><G134/><T93/><D55/><U108/><E108/><V115/><F111/><W103/><G67/><T34/><D13/><U47/><E47/><V28/><F115/><W61/><G61/><T21/><D6/><U114/><E114/><V57/><F28/><W102/><G14/><T84/><D35/><U105/><E11/><V50/><F127/><W26/><G7/><T8/><D8/><U15/><E18/><V65/><F71/><W33/><G33/><T1/><D1/><U112/><E112/><V89/><F19/><N who="3" m="12639" /><G27/><T123/><D123/><U48/><E3/><V131/><F9/><W87/><G87/><T12/><D12/><U64/><E48/><V121/><F131/><N who="0" m="50218" /><D25/><U32/><E0/><V58/><F38/><W132/><G132/><T119/><D119/><U30/><E32/><V85/><REACH who="2" step="1"/><F121/><REACH who="2" ten="250,230,220,280" step="2"/><W107/><G107/><AGARI ba="1,2" hai="44,50,53,56,57,58,65,66,83,85,89,98,100,107" machi="107" ten="40,7700,0" yaku="1,1,2,1,52,1,53,0" doraHai="94" doraHaiUra="106" who="2" fromWho="3" sc="250,0,230,0,220,100,280,-80" /><INIT seed="2,2,0,3,2,30" ten="250,230,320,200" oya="2" hai0="68,72,4,117,26,41,124,131,60,24,17,28,87" hai1="50,43,77,2,121,88,3,96,0,45,75,130,12" hai2="114,19,73,52,31,10,65,51,39,79,47,18,112" hai3="95,90,126,61,78,128,107,113,16,7,135,20,116"/><V15/><F39/><W23/><G116/><T122/><D72/><U21/><E121/><V106/><F106/><W5/><G107/><T123/><D4/><U134/><E134/><V111/><F111/><W127/><G78/><T40/><D117/><U55/><E130/><V64/><F31/><W58/><G135/><T62/><D131/><U104/><E77/><V91/><F91/><W34/><G34/><T44/><D124/><N who="3" m="47657" /><G23/><T27/><D28/><U9/><E75/><V115/><REACH who="2" step="1"/><F19/><REACH who="2" ten="250,230,310,200" step="2"/><W102/><G113/><T83/><D17/><U57/><E104/><V86/><F86/><N who="3" m="52695" /><G128/><T70/><D87/><U129/><E129/><V33/><F33/><W94/><G102/><T53/><D122/><U66/><E88/><V59/><F59/><W48/><G94/><T120/><D123/><U22/><E96/><V11/><F11/><W80/><G80/><AGARI ba="2,1" hai="10,15,18,47,51,52,64,65,73,79,80,112,114,115" machi="80" ten="40,7700,0" yaku="1,1,54,1,53,1" doraHai="30" doraHaiUra="105" who="2" fromWho="3" sc="250,0,230,0,310,93,200,-83" /><INIT seed="2,3,0,1,5,48" ten="250,230,403,117" oya="2" hai0="49,30,14,23,78,96,79,12,103,130,51,21,82" hai1="5,25,46,64,56,125,112,68,123,105,60,50,131" hai2="121,4,108,76,11,66,61,2,59,38,89,124,100" hai3="35,111,77,74,43,106,116,72,32,7,70,83,22"/><V85/><F121/><W120/><G116/><T134/><D130/><U75/><E112/><V41/><F124/><W10/><G120/><T97/><D82/><U101/><E123/><V88/><F100/><W15/><G106/><T16/><D134/><U17/><E75/><V19/><F108/><W127/><G127/><T84/><D84/><U122/><E125/><V54/><F19/><W33/><G111/><T102/><REACH who="0" step="1"/><D16/><REACH who="0" ten="240,230,403,117" step="2"/><U110/><E131/><V109/><F109/><W9/><G72/><T36/><D36/><U0/><E110/><V113/><F113/><W126/><G126/><T42/><D42/><U20/><E122/><V3/><F38/><W28/><G43/><T62/><D62/><U24/><E60/><V114/><F41/><W29/><G22/><T63/><D63/><U133/><E17/><V44/><F114/><W52/><G70/><T1/><D1/><U69/><E0/><V107/><F2/><W40/><G40/><T26/><D26/><U118/><E24/><V13/><F3/><W93/><G10/><T90/><D90/><U53/><E69/><V18/><F18/><W6/><G6/><T37/><D37/><U81/><E5/><V58/><F89/><W73/><G73/><T65/><D65/><U99/><E68/><V55/><F88/><W115/><G115/><T39/><D39/><U86/><E20/><V80/><F4/><W119/><G119/><T91/><D91/><U8/><E118/><V47/><F66/><W132/><G132/><T92/><D92/><U129/><E133/><V117/><F117/><W71/><G93/><RYUUKYOKU ba="3,1" sc="240,30,230,-10,403,-10,117,-10" hai0="12,14,21,23,30,49,51,78,79,96,97,102,103" /><INIT seed="3,4,1,5,0,110" ten="270,220,393,107" oya="3" hai0="40,119,126,25,107,70,44,2,91,120,36,88,17" hai1="58,82,127,104,79,76,4,3,68,117,87,64,66" hai2="41,101,8,37,43,125,15,67,53,123,62,105,47" hai3="115,23,49,26,108,5,61,55,131,16,103,14,21"/><W51/><G131/><T109/><D119/><U57/><E117/><V34/><F34/><W80/><G108/><T59/><D70/><U72/><E104/><V65/><F125/><W69/><G115/><T45/><D109/><U1/><E127/><V73/><F73/><W31/><G5/><T97/><D2/><U75/><E87/><V60/><F43/><W35/><G103/><T93/><D120/><U54/><E54/><V6/><F123/><W83/><G35/><T132/><D132/><U48/><E48/><V100/><F53/><W102/><G102/><T134/><D134/><U95/><E95/><V99/><F101/><W20/><G20/><T113/><D107/><U12/><E12/><V116/><F116/><W19/><G31/><T10/><D113/><U128/><E68/><V129/><F129/><W42/><G69/><T11/><D126/><U106/><E106/><V0/><F0/><W122/><G122/><T98/><D44/><U63/><E4/><V77/><F77/><W92/><G92/><T96/><D59/><U38/><E38/><V52/><F62/><W84/><G84/><T112/><D112/><U33/><E33/><V118/><F118/><W30/><G30/><T130/><D130/><U46/><E46/><V56/><AGARI ba="4,1" hai="6,8,15,37,41,47,52,56,60,65,67,99,100,105" machi="56" ten="30,2000,0" yaku="0,1,54,1" doraHai="110" who="2" fromWho="2" sc="270,-9,220,-9,393,42,107,-14" owari="261,6.1,211,-18.9,435,53.5,93,-40.7" /></mjloggm>