<mjloggm ver="2.3"><GO type="225" lobby="0"/><UN n0="%72%69%6F%75%63%68%61%6E" n1="%38%63%E3%81%AF%E3%81%A3%E3%81%97%E3%83%BC" n2="%E5%8F%AF%E5%85%90%E9%82%A3%E7%94%B1%E5%A4%9A" n3="%E5%B8%86%E7%AB%8B%E5%A4%8F%E8%A1%A3" dan="16,16,16,16" rate="2215.27,2115.62,2209.57,2093.39" sx="M,M,F,M"/><TAIKYOKU oya="0"/><INIT seed="0,0,0,1,1,94" ten="250,250,250,250" oya="0" hai0="16,128,113,12,108,42,15,68,135,89,107,27,31" hai1="2,29,8,82,91,11,17,56,26,36,123,85,106" hai2="102,35,49,118,115,129,124,125,101,3,69,20,75" hai3="28,64,6,83,38,45,114,127,33,96,43,51,104"/><T7/><D113/><U79/><E123/><V92/><F35/><W71/><G114/><T81/><D68/><U122/><E122/><V80/><F3/><W25/><G127/><N who="2" m="48713" /><F69/><W60/><G6/><T18/><D128/><U61/><E36/><V63/><F63/><W70/><G83/><T112/><D135/><U13/><E106/><V10/><F10/><W98/><G71/><T117/><D117/><U23/><E2/><V37/><F49/><W1/><G1/><T0/><D112/><U100/><E100/><N who="2" m="38507" /><F20/><W105/><REACH who="3" step="1"/><G38/><REACH who="3" ten="250,250,250,240" step="2"/><T4/><D0/><U87/><E8/><V119/><F37/><W47/><G47/><T34/><D4/><U46/><E46/><V88/><F115/><W110/><G110/><T93/><D108/><U52/><REACH who="1" step="1"/><E85/><REACH who="1" ten="250,240,250,240" step="2"/><N who="2" m="52239" /><F129/><W72/><G72/><T126/><D126/><U130/><E130/><V73/><F73/><W44/><G44/><T5/><D5/><U76/><AGARI ba="0,2" hai="11,13,17,23,26,29,52,56,61,76,79,82,87,91" machi="76" ten="30,7900,0" yaku="1,1,0,1,8,1,54,1,53,0" doraHai="94" doraHaiUra="62" who="1" fromWho="1" sc="250,-39,240,99,250,-20,240,-20" /><INIT seed="1,0,0,1,5,36" ten="211,339,230,220" oya="1" hai0="78,109,42,83,106,98,58,130,15,82,55,132,12" hai1="17,110,56,119,34,117,121,67,94,26,45,57,104" hai2="7,116,128,46,91,79,92,13,0,75,52,28,19" hai3="65,3,85,115,38,43,32,88,41,77,112,23,103"/><U25/><E104/><V76/><F116/><W81/><G32/><T59/><D109/><U101/><E121/><V74/><F128/><W44/><G3/><T10/><D132/><U63/><E110/><V133/><F133/><W69/><G103/><T90/><D130/><U113/><E113/><V2/><F28/><W99/><G69/><T127/><D127/><U95/><E34/><V6/><F0/><W8/><G65/><T107/><D42/><U60/><E45/><V11/><F74/><W122/><G122/><T39/><D39/><U62/><E62/><V73/><F73/><W1/><G43/><T80/><D78/><N who="2" m="29738" /><F75/><W35/><G35/><T37/><D37/><U70/><E70/><V33/><F2/><W51/><G38/><T131/><D131/><U105/><E105/><V24/><F24/><W123/><G123/><T49/><D59/><U27/><E17/><V125/><F125/><W29/><G1/><T47/><D58/><U5/><E5/><V134/><F33/><W68/><G68/><T50/><D49/><U118/><REACH who="1" step="1"/><E101/><REACH who="1" ten="211,329,230,220" step="2"/><V124/><F124/><W111/><G111/><T102/><D107/><U61/><E61/><V87/><F134/><W93/><REACH who="3" step="1"/><G8/><REACH who="3" ten="211,329,230,210" step="2"/><T16/><REACH who="0" step="1"/><D15/><REACH who="0" ten="201,329,230,210" step="2"/><U129/><E129/><V48/><AGARI ba="0,3" hai="6,7,11,13,19,46,48,52,87,91,92" m="29738" machi="48" ten="30,2000,0" yaku="8,1,54,1" doraHai="36" who="2" fromWho="2" sc="201,-5,329,-10,230,50,210,-5" /><INIT seed="2,0,0,2,0,86" ten="196,319,280,205" oya="2" hai0="29,14,76,24,60,47,44,128,25,130,51,94,18" hai1="132,79,50,112,40,55,71,97,113,2,133,6,74" hai2="42,100,19,103,127,96,7,93,0,23,81,61,56" hai3="45,28,12,98,57,117,10,119,114,36,8,116,106"/><V126/><F42/><W67/><G28/><T101/><D76/><U37/><E79/><V46/><F46/><W34/><G34/><T85/><D60/><U4/><E74/><V66/><F81/><W129/><G129/><N who="0" m="49771" /><D29/><U13/><E2/><V43/><F43/><W87/><G114/><T53/><D44/><U110/><E71/><V22/><F22/><W20/><G45/><T58/><D47/><U9/><E4/><V78/><F78/><W39/><G57/><T99/><D85/><U80/><E37/><V54/><F0/><W75/><G87/><T120/><D120/><U88/><E40/><V115/><F7/><W108/><G75/><T26/><D26/><U62/><E62/><V107/><F115/><W91/><G39/><T134/><D134/><U131/><E131/><V125/><F107/><W64/><G36/><T69/><D69/><U38/><E38/><V32/><F32/><W135/><G135/><N who="1" m="51786" /><E80/><V17/><F66/><N who="3" m="25131" /><G106/><T59/><D59/><N who="1" m="33271" /><E110/><V1/><F1/><W122/><G108/><T121/><D121/><U102/><E102/><V33/><F103/><W65/><G65/><T11/><AGARI ba="0,0" hai="11,14,18,24,25,51,53,58,94,99,101" m="49771" machi="11" ten="30,1100,0" yaku="19,1" doraHai="86" who="0" fromWho="0" sc="196,11,319,-3,280,-5,205,-3" /><INIT seed="3,0,0,5,0,110" ten="207,316,275,202" oya="3" hai0="106,0,52,16,31,8,71,81,36,30,61,70,82" hai1="48,51,22,14,58,84,3,6,103,126,83,20,101" hai2="99,132,109,24,90,93,73,43,65,74,88,122,17" hai3="102,97,5,42,107,85,96,34,121,119,45,111,113"/><W116/><G121/><T25/><D106/><U92/><E3/><V94/><F109/><W135/><G111/><T56/><D36/><U39/><E39/><V125/><F122/><W120/><G120/><T91/><D0/><U44/><E126/><V28/><F125/><W11/><G135/><T98/><D71/><U100/><E92/><V41/><F132/><W123/><G123/><T10/><D70/><U2/><E2/><V129/><F129/><W57/><G34/><T64/><D64/><U118/><E118/><V89/><F65/><W127/><G127/><T87/><D98/><U35/><E35/><V104/><F17/><W37/><G113/><T12/><D8/><N who="1" m="4375" /><E58/><V50/><F104/><W49/><G96/><T33/><D30/><U18/><E18/><V1/><F1/><W32/><G32/><T77/><REACH who="0" step="1"/><D82/><REACH who="0" ten="197,316,275,202" step="2"/><U130/><E130/><V54/><F99/><W40/><G119/><T80/><D80/><U69/><E69/><V29/><F29/><W13/><G116/><T112/><D112/><U78/><E51/><V7/><F28/><W63/><G37/><T95/><D95/><U79/><E78/><AGARI ba="0,1" hai="10,12,16,25,31,33,52,56,61,77,78,81,87,91" machi="78" ten="40,8000,1" yaku="1,1,54,2,53,1" doraHai="110" doraHaiUra="27" who="0" fromWho="1" sc="197,90,316,-80,275,0,202,0" /><INIT seed="4,0,0,5,5,4" ten="287,236,275,202" oya="0" hai0="132,24,107,135,87,16,68,63,81,20,100,52,9" hai1="126,13,12,104,82,69,28,83,33,42,49,55,36" hai2="11,119,110,89,35,115,120,91,99,66,57,19,67" hai3="130,25,30,34,71,103,94,102,62,14,3,113,77"/><T112/><D112/><U0/><E0/><V117/><F110/><W109/><G109/><T121/><D121/><U90/><E104/><V10/><F120/><W65/><G113/><T29/><D107/><U74/><E69/><V15/><F115/><W88/><G3/><T18/><D100/><U125/><E42/><V129/><F129/><W45/><G130/><T23/><D9/><U50/><E36/><V80/><F35/><W79/><G45/><T72/><D72/><U95/><E28/><V56/><F80/><W123/><G123/><T106/><D106/><U128/><E33/><V43/><F43/><W124/><G124/><T105/><D105/><U86/><E50/><V114/><F114/><W54/><G54/><T73/><D73/><U127/><E128/><V48/><F48/><W116/><G14/><T21/><D68/><U26/><E26/><V2/><F99/><W17/><G17/><N who="0" m="6763" /><D132/><U122/><E122/><V133/><F133/><W46/><G46/><T70/><D70/><U64/><E74/><V47/><F47/><W101/><REACH who="3" step="1"/><G116/><REACH who="3" ten="287,236,275,192" step="2"/><T32/><D135/><U118/><E118/><V38/><F119/><W37/><G37/><T8/><D52/><U1/><E1/><V51/><F38/><W78/><G78/><N who="0" m="46519" /><D63/><U111/><E111/><V76/><F117/><W85/><AGARI ba="0,1" hai="25,30,34,62,65,71,77,79,85,88,94,101,102,103" machi="85" ten="30,4000,0" yaku="1,1,0,1,54,1,53,0" doraHai="4" doraHaiUra="40" who="3" fromWho="3" sc="287,-20,236,-10,275,-10,192,50" /><INIT seed="5,0,0,2,0,4" ten="267,226,265,242" oya="1" hai0="96,111,118,27,53,73,74,72,51,120,66,20,110" hai1="62,93,75,31,46,12,113,3,45,106,49,124,94" hai2="69,32,33,30,10,97,104,54,109,25,130,127,60" hai3="37,89,34,95,128,107,15,108,9,88,133,71,135"/><U123/><E106/><V114/><F109/><W132/><G108/><T44/><D118/><U83/><E3/><V13/><F127/><W0/><G107/><T125/><D125/><U6/><E123/><V41/><F130/><W67/><G128/><T17/><D120/><U116/><E116/><V70/><F114/><W26/><G37/><T5/><D66/><U40/><E124/><V134/><F134/><W86/><G0/><T90/><REACH who="0" step="1"/><D5/><REACH who="0" ten="257,226,265,242" step="2"/><U64/><E113/><V59/><F70/><W129/><G71/><T112/><D112/><U85/><E75/><V35/><F69/><W105/><G67/><T36/><D36/><U122/><E122/><V101/><F41/><W115/><G115/><T92/><AGARI ba="0,1" hai="17,20,27,44,51,53,72,73,74,90,92,96,110,111" machi="92" ten="40,5200,0" yaku="1,1,0,1,53,1" doraHai="4" doraHaiUra="22" who="0" fromWho="0" sc="257,62,226,-26,265,-13,242,-13" owari="319,41.9,200,-30.0,252,5.2,229,-17.1" /></mjloggm>