<mjloggm ver="2.3"><GO type="225" lobby="0"/><UN n0="%E3%81%B5%E3%81%98%E3%81%8B%E3%81%A4" n1="%E6%98%93%E5%88%A9%E8%96%A9%E4%BC%AF" n2="%E7%89%B9%E6%9D%B1%E3%81%AF%E4%B8%96%E7%95%8C%E3%82%92%E6%95%91%E3%81%86" n3="%4B%2E%32%2E%4B%2E" dan="16,16,16,16" rate="2123.38,2101.53,2172.80,2118.42" sx="M,F,M,M"/><TAIKYOKU oya="0"/><INIT seed="0,0,0,4,2,26" ten="250,250,250,250" oya="0" hai0="40,24,110,64,4,125,37,83,86,1,82,18,63" hai1="114,50,88,69,96,121,76,70,75,32,46,115,12" hai2="108,98,78,109,90,22,71,112,36,77,8,87,9" hai3="52,29,21,103,120,39,44,135,51,104,129,55,128"/><T73/><D125/><U34/><E121/><V38/><F71/><W11/><G120/><T93/><D73/><U127/><E76/><N who="2" m="29291" /><F98/><N who="3" m="61559" /><G39/><N who="2" m="14889" /><F22/><W118/><G118/><T31/><D18/><U102/><E75/><V113/><F87/><W17/><G11/><N who="2" m="4169" /><F90/><W81/><G81/><T13/><D4/><U97/><E12/><V0/><F0/><W65/><G65/><T33/><D13/><U134/><E88/><V27/><F27/><N who="3" m="16623" /><G17/><T54/><D1/><U6/><E102/><V60/><F60/><W101/><G101/><T99/><D37/><U124/><E6/><V62/><F62/><W49/><G49/><T126/><D64/><U119/><E50/><V79/><N who="2" m="29299" /><V23/><DORA hai="45" /><F23/><W35/><G55/><T66/><D54/><U89/><E89/><V3/><F3/><W16/><G16/><T123/><D123/><U53/><E53/><V7/><F7/><W42/><G52/><T95/><D66/><U67/><E67/><V15/><F15/><W47/><G47/><T58/><D63/><U105/><E46/><V57/><F57/><W41/><G41/><T132/><D58/><U131/><E70/><V107/><F107/><W111/><G51/><T100/><D40/><U10/><E105/><V30/><F30/><W117/><G44/><T25/><D25/><U74/><E10/><V130/><F130/><W91/><G42/><T80/><D126/><U92/><E69/><V72/><F72/><W106/><G128/><T133/><D95/><U28/><E131/><V59/><F59/><W56/><G129/><T2/><D86/><U48/><E124/><RYUUKYOKU ba="0,0" sc="250,-10,250,-10,250,30,250,-10" hai2="108,109,112,113" /><INIT seed="1,1,0,4,2,20" ten="240,240,280,240" oya="1" hai0="36,102,22,2,15,54,34,51,17,0,69,76,118" hai1="18,128,126,87,19,108,67,40,13,14,90,78,25" hai2="73,130,132,53,86,35,133,92,63,29,103,12,65" hai3="115,45,50,105,66,4,47,55,114,7,9,60,30"/><U109/><E128/><V72/><F130/><W48/><G105/><T106/><D118/><U110/><E126/><V5/><F53/><W100/><G100/><T24/><D36/><U123/><E123/><V98/><F86/><W129/><G129/><T26/><D69/><U41/><E78/><V31/><F5/><W1/><G30/><N who="2" m="11273" /><F35/><W83/><G83/><T135/><D34/><U49/><E67/><V101/><F12/><N who="1" m="4713" /><E49/><V124/><F101/><W117/><G7/><T52/><D76/><U62/><E62/><V16/><F16/><N who="1" m="6185" /><E25/><N who="0" m="9833" /><D106/><U8/><E8/><V125/><F72/><W88/><G117/><T10/><D0/><U97/><E97/><V75/><F75/><W59/><REACH who="3" step="1"/><G88/><REACH who="3" ten="240,240,280,230" step="2"/><T113/><D102/><U43/><E41/><AGARI ba="1,1" hai="1,4,9,41,45,47,48,50,55,59,60,66,114,115" machi="41" ten="30,3900,0" yaku="1,1,2,1,7,1,53,0" doraHai="20" doraHaiUra="68" who="3" fromWho="1" sc="240,0,240,-42,280,0,230,52" /><INIT seed="2,0,0,0,1,93" ten="240,198,280,282" oya="2" hai0="71,10,44,32,37,65,11,23,98,48,90,38,103" hai1="61,30,130,89,68,82,22,105,1,125,4,112,109" hai2="67,34,134,51,69,126,63,17,80,16,6,35,2" hai3="60,132,58,52,116,47,25,106,12,74,99,124,42"/><V76/><F134/><W50/><G116/><T15/><D32/><U102/><E112/><V7/><F126/><W111/><G124/><T27/><D71/><U133/><E125/><V131/><F131/><W19/><G74/><T53/><D65/><U0/><E130/><V115/><F115/><W20/><G111/><T135/><D90/><U128/><E128/><V110/><F110/><W88/><G132/><T119/><D119/><U9/><E133/><V101/><F101/><W129/><G129/><T40/><D135/><U73/><E1/><V14/><F2/><W64/><G12/><T72/><D72/><U107/><E109/><V13/><F51/><W86/><G106/><T121/><D121/><U91/><E105/><V127/><F127/><W24/><G99/><T21/><D21/><U94/><E107/><V77/><F63/><W29/><G29/><T100/><D100/><U43/><E43/><V49/><F49/><W84/><G25/><T95/><D15/><U31/><E68/><V57/><F69/><W108/><G108/><T59/><REACH who="0" step="1"/><D38/><REACH who="0" ten="230,198,280,282" step="2"/><U55/><E22/><V92/><F35/><W56/><G88/><T114/><D114/><U81/><E102/><V66/><F34/><W5/><G5/><T18/><AGARI ba="0,1" hai="10,11,18,23,27,37,40,44,48,53,59,95,98,103" machi="18" ten="20,8000,1" yaku="1,1,0,1,7,1,52,1,53,1" doraHai="93" doraHaiUra="96" who="0" fromWho="0" sc="230,90,198,-20,280,-40,282,-20" /><INIT seed="3,0,0,1,5,81" ten="320,178,240,262" oya="3" hai0="111,88,32,113,26,71,83,110,109,55,84,89,20" hai1="108,98,128,16,6,100,79,2,103,47,102,75,34" hai2="14,125,9,131,120,46,72,22,129,94,56,19,52" hai3="97,104,39,130,127,126,133,78,45,40,105,92,65"/><W67/><G130/><N who="2" m="49673" /><F72/><W66/><G133/><T15/><D113/><U93/><E128/><V49/><F125/><N who="3" m="47627" /><G78/><N who="0" m="46199" /><D71/><U1/><E34/><V11/><F120/><W61/><G61/><T58/><D15/><U53/><E108/><V37/><F94/><W21/><G21/><T76/><D76/><U30/><E30/><V114/><F114/><W124/><N who="3" m="47635" /><W35/><DORA hai="17" /><G35/><T27/><D32/><U13/><E79/><V118/><F118/><W4/><G4/><T86/><D86/><U63/><E75/><V116/><F116/><W90/><AGARI ba="0,0" hai="39,40,45,65,66,67,90,92,97,104,105" m="47635" machi="90" ten="50,2400,0" yaku="18,1" doraHai="81,17" who="3" fromWho="3" sc="320,-8,178,-8,240,-8,262,24" /><INIT seed="3,1,0,0,5,76" ten="312,170,232,286" oya="3" hai0="50,8,64,118,59,3,46,129,51,13,77,75,11" hai1="7,30,103,40,36,121,110,70,21,119,111,97,128" hai2="80,114,28,31,58,0,81,20,33,91,105,67,123" hai3="72,32,106,113,53,47,74,39,104,22,98,130,29"/><W133/><G32/><T112/><D118/><U84/><E121/><V100/><F114/><W65/><G113/><T63/><D112/><U78/><E119/><V6/><F33/><W79/><G65/><T122/><D122/><U135/><E135/><V85/><F123/><W34/><G34/><T42/><D129/><U116/><E116/><V18/><F105/><W41/><G133/><T95/><D95/><U134/><E134/><V68/><F68/><W19/><G29/><N who="2" m="11337" /><F100/><W83/><G130/><T5/><D75/><U54/><E70/><V17/><F6/><W82/><G98/><T62/><D77/><U48/><E128/><V43/><F43/><W2/><G2/><T115/><D115/><U35/><E35/><V124/><F0/><W16/><G19/><N who="2" m="7177" /><F20/><W107/><G53/><T10/><D3/><U90/><E7/><V4/><F4/><W69/><G69/><T56/><D51/><U92/><E36/><V14/><F14/><W1/><G1/><T102/><D102/><U99/><E40/><V109/><F109/><W126/><G126/><T86/><D86/><U71/><E71/><V66/><F124/><W57/><G57/><T49/><D49/><U94/><E78/><N who="2" m="46231" /><F58/><W52/><G74/><T45/><D45/><N who="1" m="27919" /><E99/><V101/><F101/><W108/><G108/><T37/><D37/><U127/><E127/><V131/><F131/><W23/><G23/><T55/><AGARI ba="1,0" hai="5,8,10,11,13,42,46,50,55,56,59,62,63,64" machi="55" ten="20,2700,0" yaku="0,1,7,1,8,1" doraHai="76" who="0" fromWho="0" sc="312,30,170,-8,232,-8,286,-14" owari="342,44.2,162,-33.8,224,-17.6,272,7.2" /></mjloggm>