<mjloggm ver="2.3"><GO type="225" lobby="0"/><UN n0="%E3%81%82%E3%81%84%E3%81%82%E3%81%8A%E3%81%84" n1="%E3%81%AF%E3%82%88%E3%81%8A%E3%81%98%E3%81%95%E3%82%93" n2="%72%69%6F%75%63%68%61%6E" n3="%6D%75%75%6D%75%72%61" dan="18,16,17,17" rate="2180.28,2161.33,2265.62,2244.17" sx="M,M,M,F"/><TAIKYOKU oya="0"/><INIT seed="0,0,0,5,1,93" ten="250,250,250,250" oya="0" hai0="83,104,87,123,65,45,63,31,35,48,122,135,73" hai1="126,23,18,78,86,26,54,116,90,106,59,84,36" hai2="5,70,132,128,14,17,114,3,69,41,52,124,33" hai3="8,105,34,40,100,102,82,129,6,80,1,95,91"/><T55/><D135/><U30/><E126/><V58/><F128/><W98/><G129/><T20/><D35/><U81/><E116/><V101/><F114/><W97/><G34/><T47/><D73/><U66/><E106/><V72/><F124/><W24/><G24/><T120/><D104/><U60/><E36/><V29/><F132/><W57/><G102/><T62/><D47/><U96/><E66/><V119/><F119/><W79/><G40/><T61/><D20/><U15/><E96/><V38/><F72/><W113/><G113/><T19/><D19/><U94/><REACH who="1" step="1"/><E15/><REACH who="1" ten="250,240,250,250" step="2"/><V7/><F38/><W108/><G108/><T111/><D111/><U53/><E53/><V115/><F14/><W112/><G112/><T39/><D39/><U42/><E42/><V85/><F41/><W117/><G117/><T28/><REACH who="0" step="1"/><D65/><REACH who="0" ten="240,240,250,250" step="2"/><U10/><E10/><V74/><F115/><W134/><G134/><T11/><D11/><U76/><E76/><AGARI ba="0,2" hai="28,31,45,48,55,61,62,63,76,83,87,120,122,123" machi="76" ten="50,2400,0" yaku="1,1,53,0" doraHai="93" doraHaiUra="2" who="0" fromWho="1" sc="240,44,240,-24,250,0,250,0" /><INIT seed="0,1,0,3,2,87" ten="284,216,250,250" oya="0" hai0="128,10,63,132,100,53,78,96,95,102,35,134,125" hai1="79,92,47,40,114,107,5,91,3,99,64,44,112" hai2="73,39,111,81,80,109,69,124,22,74,33,86,122" hai3="77,68,118,50,31,83,13,62,117,11,94,9,17"/><T51/><D35/><U84/><E64/><V2/><F122/><W130/><G130/><T75/><D128/><U76/><E5/><V103/><F33/><W135/><G135/><N who="0" m="51755" /><D125/><U37/><E3/><V131/><F131/><W12/><G31/><T45/><D10/><U0/><E0/><V48/><F39/><W4/><G50/><T72/><D78/><U28/><E28/><V34/><F34/><W98/><G62/><T121/><D121/><U23/><E23/><V19/><F2/><W20/><G68/><T18/><D18/><U97/><E47/><V108/><F69/><W29/><G11/><T115/><D115/><N who="1" m="44075" /><E99/><V119/><F124/><W7/><G29/><T104/><D63/><U60/><E60/><V21/><F119/><W70/><G70/><T27/><D27/><U1/><E1/><V129/><F129/><W90/><REACH who="3" step="1"/><G7/><REACH who="3" ten="284,216,250,240" step="2"/><T42/><D42/><U123/><E123/><V127/><F127/><W46/><G46/><T101/><D104/><U85/><E107/><V133/><F133/><W71/><G71/><T120/><D120/><U14/><E37/><V38/><F38/><W16/><G16/><T56/><D45/><U15/><E44/><V30/><F111/><W55/><G55/><T82/><D51/><U113/><E40/><V49/><F109/><W57/><G57/><T106/><D53/><U89/><E113/><V59/><F108/><W8/><G8/><T41/><D56/><U26/><E26/><V52/><F73/><AGARI ba="1,1" hai="4,9,12,13,17,20,73,77,83,90,94,98,117,118" machi="73" ten="30,3900,0" yaku="1,1,7,1,52,1,53,0" doraHai="87" doraHaiUra="126" who="3" fromWho="2" sc="284,0,216,0,250,-42,240,52" /><INIT seed="1,0,0,4,1,76" ten="284,216,208,292" oya="1" hai0="85,27,10,5,71,30,124,83,14,60,1,58,32" hai1="70,46,50,4,109,115,97,68,42,28,95,16,69" hai2="108,121,107,84,101,113,54,34,20,19,47,7,40" hai3="62,119,22,96,49,41,59,105,79,18,8,13,133"/><U31/><E115/><V3/><F121/><W67/><G133/><T74/><D124/><U93/><E4/><V128/><F113/><W106/><G119/><T2/><D74/><U63/><E109/><V78/><F108/><W98/><G79/><T91/><REACH who="0" step="1"/><D71/><REACH who="0" ten="274,216,208,292" step="2"/><U89/><E69/><V21/><F128/><W131/><G131/><T65/><AGARI ba="0,1" hai="1,2,5,10,14,27,30,32,58,60,65,83,85,91" machi="65" ten="20,12000,2" yaku="1,1,2,1,0,1,7,1,52,1,53,1" doraHai="76" doraHaiUra="61" who="0" fromWho="0" sc="274,130,216,-60,208,-30,292,-30" /><INIT seed="2,0,0,4,5,14" ten="404,156,178,262" oya="2" hai0="126,45,5,42,87,65,80,107,75,81,47,31,15" hai1="57,10,128,125,26,12,54,7,93,2,78,74,134" hai2="79,13,63,118,53,48,92,6,18,69,68,66,116" hai3="25,51,29,70,37,20,34,3,73,105,21,43,71"/><V61/><F6/><W112/><G37/><T88/><D107/><U119/><E119/><V89/><F79/><W52/><G73/><T8/><D126/><U39/><E125/><V127/><F127/><W56/><G43/><T32/><D65/><U133/><E39/><V95/><F63/><W129/><G105/><T77/><REACH who="0" step="1"/><D42/><REACH who="0" ten="394,156,178,262" step="2"/><U27/><E133/><V64/><F64/><W103/><G112/><T83/><D83/><U50/><E134/><V11/><F68/><W36/><G70/><T23/><D23/><U84/><E128/><V110/><F110/><W76/><G21/><T4/><D4/><U19/><E74/><V59/><REACH who="2" step="1"/><F95/><REACH who="2" ten="394,156,168,262" step="2"/><W17/><G71/><T28/><D28/><U9/><E93/><V111/><F111/><W120/><G129/><T0/><D0/><U41/><E41/><V40/><F40/><W60/><G3/><T100/><D100/><U90/><E78/><V97/><AGARI ba="0,2" hai="11,13,18,48,53,59,61,66,69,89,92,97,116,118" machi="97" ten="20,7800,0" yaku="1,1,0,1,7,1,52,1,53,0" doraHai="14" doraHaiUra="1" who="2" fromWho="2" sc="394,-26,156,-26,168,98,262,-26" /><INIT seed="2,1,0,4,0,71" ten="368,130,266,236" oya="2" hai0="126,115,61,84,38,116,52,110,114,36,4,23,66" hai1="104,51,91,112,101,133,96,109,73,28,24,63,92" hai2="125,85,18,30,47,121,43,99,26,32,119,102,120" hai3="37,100,42,8,129,46,20,86,124,60,25,54,59"/><V58/><F125/><W27/><G124/><T1/><D126/><U57/><E109/><V113/><F113/><W88/><G129/><T13/><D1/><U29/><E133/><V81/><F119/><W21/><G100/><T97/><D110/><U34/><E112/><V0/><F0/><W69/><G69/><T95/><D84/><U64/><E73/><V117/><F117/><W111/><G8/><T50/><D116/><U31/><E91/><V103/><F58/><W118/><G111/><T65/><D65/><U93/><E31/><V44/><F18/><W17/><G118/><T40/><D40/><U7/><E7/><V128/><F128/><W72/><G72/><T87/><D87/><U5/><E5/><V89/><F103/><W108/><G108/><T48/><D48/><U9/><E9/><V49/><REACH who="2" step="1"/><F44/><REACH who="2" ten="368,130,256,236" step="2"/><W74/><G17/><N who="0" m="10671" /><D115/><U98/><E29/><V107/><AGARI ba="1,1" hai="26,30,32,43,47,49,81,85,89,99,102,107,120,121" machi="107" ten="20,3900,0" yaku="1,1,0,1,7,1,53,0" doraHai="71" doraHaiUra="16" who="2" fromWho="2" sc="368,-14,130,-14,256,52,236,-14" /><INIT seed="2,2,0,1,2,97" ten="354,116,308,222" oya="2" hai0="86,104,68,20,4,128,40,90,82,57,11,96,44" hai1="101,78,58,133,109,50,112,38,41,24,103,30,62" hai2="52,70,85,3,54,73,120,14,132,67,131,28,21" hai3="117,110,66,118,29,31,65,76,2,37,69,9,81"/><V16/><F120/><W32/><G110/><T27/><D68/><U127/><E112/><V80/><F3/><W7/><G37/><T107/><D128/><U130/><E38/><V43/><F131/><W84/><G66/><T125/><D125/><U98/><E130/><V49/><F132/><W126/><G126/><T59/><D96/><U113/><E113/><V8/><F73/><W15/><G15/><T77/><D90/><U72/><E127/><V88/><F70/><W116/><G29/><T13/><D104/><U5/><E109/><V108/><F108/><W124/><G124/><T18/><D107/><U0/><E133/><V12/><F67/><W95/><G95/><T39/><AGARI ba="2,0" hai="4,11,13,18,20,27,39,40,44,57,59,77,82,86" machi="39" ten="20,1500,0" yaku="0,1,7,1" doraHai="97" who="0" fromWho="0" sc="354,21,116,-6,308,-9,222,-6" /><INIT seed="3,0,0,3,4,123" ten="375,110,299,216" oya="3" hai0="73,79,38,71,116,33,20,131,134,44,3,56,68" hai1="124,11,53,58,52,13,34,86,14,37,75,121,103" hai2="87,107,105,50,29,132,47,82,49,119,55,66,35" hai3="85,77,12,16,91,6,97,54,32,113,36,129,101"/><W98/><G113/><T26/><D33/><U19/><E121/><V8/><F119/><W102/><G32/><T127/><D3/><U4/><E75/><V111/><F111/><W126/><G36/><T106/><D106/><U104/><E34/><V94/><F132/><W21/><G126/><T39/><D56/><U108/><E37/><V46/><F66/><W63/><G129/><T135/><D127/><U18/><E124/><V41/><F94/><W80/><G6/><T93/><D93/><U59/><E104/><V130/><F130/><W84/><G63/><T7/><D7/><U40/><E40/><V67/><F67/><W74/><G54/><T0/><D0/><U60/><E103/><N who="3" m="39434" /><G74/><T57/><D57/><U15/><E108/><V22/><F35/><W45/><G45/><T31/><D116/><U114/><E114/><V27/><F8/><W99/><G99/><T90/><D90/><AGARI ba="0,0" hai="22,27,29,41,46,47,49,50,55,82,87,90,105,107" machi="90" ten="30,1000,0" yaku="7,1" doraHai="123" who="2" fromWho="0" sc="375,-10,110,0,299,10,216,0" owari="365,46.5,110,-39.0,309,10.9,216,-18.4" /></mjloggm>