<mjloggm ver="2.3"><GO type="225" lobby="0"/><UN n0="%E7%B4%94%E6%BD%94%E3%83%94%E3%83%A9%E3%83%8B%E3%82%A2" n1="%E8%81%B7%E6%A5%AD%E3%80%81%E9%A2%A8%32" n2="%E3%83%B4%E3%83%A0%EF%BC%99%E3%81%A6" n3="%65%6B%61%72%75%74%65" dan="18,16,17,16" rate="2313.27,2149.02,2190.94,2151.76" sx="M,M,M,M"/><TAIKYOKU oya="0"/><INIT seed="0,0,0,3,3,18" ten="250,250,250,250" oya="0" hai0="94,135,92,56,27,41,66,103,22,127,83,112,13" hai1="106,78,20,62,23,36,131,14,82,75,63,19,110" hai2="50,79,10,119,111,69,60,81,128,55,100,28,87" hai3="74,113,97,15,98,35,105,46,118,52,93,12,0"/><T54/><D112/><U40/><E110/><V8/><F111/><W64/><G118/><T33/><D135/><U130/><E106/><V71/><F119/><W43/><G35/><T21/><D127/><U101/><E101/><V86/><F128/><N who="1" m="49193" /><E36/><V58/><F100/><W104/><G74/><T117/><D117/><U96/><E40/><V114/><F114/><W37/><G0/><T61/><D33/><U88/><E23/><N who="0" m="8713" /><D41/><U30/><E30/><V80/><F28/><W57/><G64/><T133/><D133/><U116/><E116/><V120/><F120/><W89/><G113/><T11/><D27/><U102/><E102/><V45/><F69/><W129/><G129/><T84/><D66/><U48/><E48/><V115/><F71/><W121/><G121/><T17/><D103/><U73/><E73/><V26/><F26/><W1/><G43/><T34/><D34/><U16/><E19/><V132/><F115/><W134/><G37/><T85/><D85/><U90/><E96/><V124/><F124/><W4/><G98/><T6/><D17/><U9/><E9/><V77/><F132/><W68/><G97/><T125/><D125/><U107/><E107/><V3/><F3/><W42/><G1/><T91/><AGARI ba="0,0" hai="6,11,13,54,56,61,83,84,91,92,94" m="8713" machi="91" ten="30,11700,0" yaku="8,1,52,3" doraHai="18" who="0" fromWho="0" sc="250,117,250,-39,250,-39,250,-39" /><INIT seed="0,1,0,3,2,135" ten="367,211,211,211" oya="0" hai0="119,92,55,3,12,2,27,41,10,34,60,115,90" hai1="127,125,133,24,23,61,113,87,109,46,83,31,42" hai2="103,98,105,25,63,111,91,84,43,100,33,77,47" hai3="39,54,104,8,85,134,102,32,50,57,68,9,70"/><T128/><D115/><U81/><E109/><V19/><F111/><W78/><G39/><T82/><D119/><U44/><E133/><V66/><F100/><W94/><G32/><T45/><D128/><U11/><E113/><V106/><F106/><W79/><G70/><T126/><D82/><U110/><E110/><V93/><F77/><N who="3" m="29195" /><G68/><T13/><D13/><U59/><E11/><N who="3" m="4170" /><G104/><T131/><D131/><U69/><E69/><V129/><F129/><W7/><G7/><T123/><D60/><U80/><E87/><V72/><F72/><W96/><G134/><T99/><D55/><U107/><E107/><V64/><F63/><W75/><G75/><T20/><D34/><U118/><E118/><V37/><F33/><W15/><G15/><T53/><D53/><U56/><E59/><V112/><F112/><W67/><G85/><T108/><D123/><U130/><E130/><V117/><F117/><W0/><G0/><T28/><D108/><U101/><E101/><V120/><F120/><W73/><G73/><T51/><D3/><U74/><E74/><V6/><F6/><W122/><G122/><T29/><D2/><U49/><REACH who="1" step="1"/><E46/><REACH who="1" ten="367,201,211,211" step="2"/><V22/><AGARI ba="1,1" hai="19,22,25,37,43,47,64,66,84,91,93,98,103,105" machi="22" ten="30,1100,0" yaku="0,1" doraHai="135" who="2" fromWho="2" sc="367,-6,201,-4,211,24,211,-4" /><INIT seed="1,0,0,5,4,104" ten="361,197,235,207" oya="1" hai0="132,120,85,29,89,52,121,83,107,129,49,59,94" hai1="118,64,97,84,102,68,10,112,22,36,11,79,41" hai2="35,30,96,76,114,82,105,115,9,69,40,86,125" hai3="13,90,99,32,16,111,77,75,103,56,66,95,62"/><U110/><E118/><V80/><F69/><W8/><G111/><T91/><D107/><U54/><E112/><N who="2" m="43051" /><F40/><W38/><G32/><T67/><D29/><U15/><E110/><V123/><F123/><N who="0" m="47178" /><D67/><U98/><E36/><V6/><F125/><W12/><G38/><T48/><D129/><U58/><E68/><V74/><F30/><W108/><G108/><T109/><D109/><U78/><E41/><V47/><F47/><W122/><G122/><T61/><D132/><U65/><E22/><V119/><F119/><W133/><G133/><T42/><D42/><U0/><E0/><V117/><F117/><W60/><G13/><T88/><D91/><U37/><E37/><V126/><F126/><W71/><G90/><T45/><D45/><U124/><E124/><V24/><F24/><W43/><G43/><T1/><D1/><U2/><E2/><N who="2" m="215" /><F35/><W63/><REACH who="3" step="1"/><G71/><REACH who="3" ten="361,197,235,197" step="2"/><T19/><D89/><U51/><E15/><V21/><F21/><W113/><G113/><T55/><D55/><U100/><E54/><V5/><F5/><W116/><G116/><T18/><D83/><AGARI ba="0,1" hai="8,12,16,56,60,62,63,66,75,77,83,95,99,103" machi="83" ten="40,5200,0" yaku="1,1,52,1,54,1,53,0" doraHai="104" doraHaiUra="25" who="3" fromWho="0" sc="361,-52,197,0,235,0,197,62" /><INIT seed="2,0,0,1,1,92" ten="309,197,235,259" oya="2" hai0="73,51,124,96,120,113,19,42,53,107,55,31,70" hai1="79,87,44,20,17,50,122,59,46,41,16,38,91" hai2="133,111,9,76,98,74,33,49,29,80,28,35,0" hai3="54,99,14,82,109,63,108,67,129,84,131,97,72"/><V100/><F133/><W18/><G54/><T58/><D73/><U61/><E122/><V90/><F90/><N who="3" m="51479" /><G72/><T23/><D70/><U101/><E101/><V125/><F125/><W103/><G14/><T5/><D113/><U6/><E6/><V52/><F111/><N who="3" m="42571" /><G18/><T65/><D5/><U11/><E79/><V43/><F43/><W78/><G78/><T95/><D107/><U1/><E1/><V88/><F88/><W47/><G47/><N who="0" m="26103" /><D31/><U30/><E30/><V117/><F117/><W48/><G48/><T116/><D120/><U37/><E11/><V86/><F74/><W110/><N who="3" m="42579" /><W15/><DORA hai="83" /><G15/><N who="0" m="9727" /><D124/><U24/><E17/><V64/><F28/><W7/><G7/><T36/><D36/><U89/><E89/><V39/><F39/><W3/><G3/><T102/><D116/><U71/><E46/><V119/><F119/><W128/><G103/><T21/><D21/><U75/><E75/><V77/><F77/><W8/><G8/><T93/><D93/><U104/><E104/><V69/><F9/><W118/><G118/><T114/><D114/><U81/><REACH who="1" step="1"/><E71/><AGARI ba="0,0" hai="63,67,71,97,99,128,129,131" m="42579,51479" machi="71" ten="50,8000,1" yaku="19,1,14,1,52,3" doraHai="92,83" who="3" fromWho="1" sc="309,0,197,-80,235,0,259,80" /><INIT seed="3,0,0,2,5,19" ten="309,117,235,339" oya="3" hai0="85,68,108,3,37,86,48,32,25,84,104,42,50" hai1="132,12,11,1,89,20,29,133,80,30,117,92,46" hai2="63,10,0,22,110,96,81,116,72,35,122,52,124" hai3="90,126,23,107,109,51,105,95,31,134,9,88,47"/><W101/><G107/><T135/><D3/><U61/><E46/><V119/><F35/><W130/><G105/><T60/><D108/><U70/><E61/><V91/><F110/><W128/><G109/><T18/><D135/><U55/><E70/><V120/><F124/><W67/><G126/><T26/><D104/><U83/><E55/><V97/><F0/><W41/><G134/><N who="1" m="51818" /><E83/><V38/><F10/><W45/><G67/><T106/><D106/><U71/><E80/><V87/><F38/><N who="3" m="21687" /><G9/><T73/><D73/><U99/><E71/><V102/><F72/><W111/><G111/><T77/><D77/><U131/><E89/><V39/><F39/><W112/><G112/><T4/><D4/><N who="1" m="1423" /><E92/><V103/><F81/><W69/><G69/><T16/><D37/><U113/><E99/><V21/><F91/><N who="3" m="34859" /><G95/><T56/><D68/><U129/><E113/><V6/><F87/><W79/><G101/><T94/><D94/><U121/><E121/><V43/><F43/><N who="3" m="25087" /><G79/><T62/><D32/><U13/><E117/><V123/><F123/><W58/><G58/><T28/><D28/><N who="1" m="10859" /><E13/><V33/><F63/><N who="0" m="24106" /><D42/><U15/><E15/><V118/><F116/><W115/><G115/><T5/><D5/><U125/><E125/><V34/><F6/><W64/><G64/><T7/><D7/><U17/><E12/><V54/><AGARI ba="0,0" hai="21,22,33,34,52,54,96,97,102,103,118,119,120,122" machi="54" ten="25,12000,2" yaku="0,1,22,2,52,2,54,1" doraHai="19" who="2" fromWho="2" sc="309,-30,117,-30,235,120,339,-60" owari="279,7.9,87,-41.3,355,45.5,279,-12.1" /></mjloggm>