<mjloggm ver="2.3"><GO type="225" lobby="0"/><UN n0="%E3%82%A2%E3%83%A1%E3%82%A2%E3%83%A9%E3%83%AC" n1="%E6%97%A5%E6%9B%9C%E6%97%A5%E3%82%88%E3%82%8A%E3%81%AE%E4%BD%BF%E8%80%85" n2="%E3%80%93%E3%81%97%E3%83%BC%E3%82%89%E3%80%93" n3="%E4%BF%BA%E3%81%A8%E5%A6%96%E5%A4%A2" dan="16,16,16,17" rate="2080.47,2078.38,2160.53,2203.49" sx="M,M,M,F"/><TAIKYOKU oya="0"/><INIT seed="0,0,0,3,3,7" ten="250,250,250,250" oya="0" hai0="4,39,48,59,120,66,3,54,63,12,72,111,100" hai1="121,113,23,73,81,47,25,27,89,118,124,106,83" hai2="19,75,117,91,32,61,40,65,30,129,51,37,112" hai3="78,114,21,42,93,9,36,95,79,90,1,43,123"/><T84/><D72/><U10/><E118/><V131/><F75/><W15/><G114/><T35/><D120/><U99/><E121/><V109/><F112/><W133/><G123/><T13/><D35/><U56/><E113/><V82/><F117/><W130/><G130/><T34/><D34/><U33/><E124/><V24/><F109/><W105/><G105/><T70/><D111/><U18/><E73/><V127/><F127/><W57/><G1/><T97/><D39/><U46/><E56/><V77/><F77/><W126/><G21/><T67/><D67/><U55/><E106/><V45/><F82/><W20/><G20/><T87/><D3/><U0/><E27/><V60/><F91/><W53/><G95/><T98/><D98/><U125/><E33/><V102/><F102/><W5/><G133/><T62/><D62/><U80/><E55/><V22/><F37/><W38/><G38/><T119/><D119/><U92/><REACH who="1" step="1"/><E125/><REACH who="1" ten="250,240,250,250" step="2"/><V128/><F65/><W88/><G126/><T28/><D59/><U134/><E134/><V86/><F86/><N who="3" m="52375" /><G53/><T116/><D54/><U71/><E71/><V26/><AGARI ba="0,1" hai="19,22,24,26,30,32,40,45,51,60,61,128,129,131" machi="26" ten="40,2700,0" yaku="0,1,19,1" doraHai="7" who="2" fromWho="2" sc="250,-13,240,-7,250,37,250,-7" /><INIT seed="1,0,0,5,3,10" ten="237,233,287,243" oya="1" hai0="65,86,35,90,0,95,81,113,134,53,127,100,104" hai1="38,91,103,69,9,99,106,42,121,105,33,1,75" hai2="30,73,83,62,71,133,94,28,110,77,102,5,23" hai3="29,93,112,14,74,61,43,88,87,20,32,135,98"/><U48/><E121/><V109/><F133/><W36/><G112/><T84/><D0/><U129/><E48/><V12/><F102/><W3/><G3/><T50/><D127/><U44/><E129/><V39/><F39/><W124/><G74/><T79/><D35/><U68/><E91/><V19/><F94/><W130/><G32/><T78/><D113/><U47/><E47/><V70/><F5/><W66/><G124/><T82/><D65/><U27/><E106/><V56/><F30/><W37/><G135/><T92/><D134/><U128/><E128/><V96/><F96/><W2/><G2/><T40/><D40/><U114/><E114/><V11/><F28/><W41/><G37/><T4/><D4/><N who="1" m="1167" /><E75/><V64/><REACH who="2" step="1"/><F11/><REACH who="2" ten="237,233,277,243" step="2"/><W60/><G29/><AGARI ba="0,1" hai="27,29,33,38,42,44,68,69,99,103,105" m="1167" machi="29" ten="30,2900,0" yaku="33,2" doraHai="10" who="1" fromWho="3" sc="237,0,233,39,277,0,243,-29" /><INIT seed="1,1,0,3,5,25" ten="237,272,277,214" oya="1" hai0="100,18,85,91,88,118,96,46,33,72,54,44,22" hai1="4,31,71,124,37,58,80,3,130,40,131,51,133" hai2="36,81,129,76,111,79,103,112,13,70,50,98,39" hai3="120,32,68,49,125,87,90,45,73,116,59,123,5"/><U69/><E31/><V41/><F70/><W83/><G68/><T56/><D72/><U34/><E34/><V9/><F112/><W132/><G32/><T17/><D33/><U12/><E3/><V109/><F129/><N who="1" m="49161" /><E124/><V126/><F126/><W106/><G125/><T52/><D118/><U89/><E37/><V24/><F24/><W122/><G116/><T92/><D91/><U99/><E133/><V134/><F134/><W127/><G127/><T101/><D101/><U20/><E4/><N who="2" m="3239" /><F50/><W117/><G117/><T95/><D54/><N who="1" m="32095" /><E40/><V105/><F41/><W7/><G132/><T108/><D108/><N who="2" m="41546" /><F79/><W94/><G59/><T43/><D43/><U110/><E110/><V15/><F15/><W60/><G60/><N who="0" m="35847" /><D18/><U55/><E69/><V93/><F105/><W102/><G49/><T121/><D121/><U66/><E71/><V21/><F21/><W35/><G35/><T84/><D84/><AGARI ba="1,0" hai="36,39,76,81,84,93,98,103" m="41546,3239" machi="84" ten="30,1000,0" yaku="14,1" doraHai="25" who="2" fromWho="0" sc="237,-13,272,0,277,13,214,0" /><INIT seed="2,0,0,3,2,103" ten="224,272,290,214" oya="2" hai0="27,59,94,73,98,133,45,82,130,46,104,125,106" hai1="95,132,111,17,97,123,6,18,43,38,131,20,110" hai2="72,91,13,83,118,1,32,7,92,60,47,11,36" hai3="126,64,9,44,89,61,58,30,93,41,105,129,39"/><V116/><F32/><W10/><G129/><T77/><D133/><U5/><E131/><V76/><F13/><W108/><G108/><N who="1" m="41514" /><E132/><V33/><F33/><W54/><G126/><T22/><D130/><U28/><E28/><V109/><F109/><W68/><G30/><T120/><D120/><U88/><E123/><V99/><REACH who="2" step="1"/><F60/><REACH who="2" ten="224,272,280,214" step="2"/><W53/><G105/><T102/><D125/><U55/><E55/><V127/><F127/><W42/><G54/><T14/><D14/><N who="1" m="9271" /><E18/><V70/><F70/><W81/><G41/><AGARI ba="0,1" hai="1,7,11,36,41,47,72,76,83,91,92,99,116,118" machi="41" ten="40,7700,0" yaku="1,1,25,2,53,0" doraHai="103" doraHaiUra="100" who="2" fromWho="3" sc="224,0,272,0,280,87,214,-77" /><INIT seed="2,1,0,4,3,59" ten="224,272,367,137" oya="2" hai0="0,131,107,122,114,117,118,69,62,90,112,87,101" hai1="43,100,98,30,25,21,127,22,84,3,132,12,41" hai2="26,105,73,50,29,86,104,19,44,133,49,82,56" hai3="4,32,37,15,88,6,99,52,135,33,46,67,68"/><V5/><F73/><W93/><G135/><T42/><D0/><U96/><E3/><V124/><F133/><W111/><G111/><T63/><D69/><U48/><E132/><V27/><F124/><W115/><G115/><N who="0" m="44075" /><D122/><U10/><E127/><V18/><F5/><W53/><G4/><T134/><D42/><N who="1" m="15883" /><E100/><V125/><F125/><W38/><G33/><T28/><D28/><N who="1" m="17455" /><E48/><V9/><F50/><W24/><G24/><T55/><D55/><U47/><E47/><V80/><F44/><W61/><G32/><T71/><D71/><U14/><E84/><V31/><F86/><W74/><G74/><T123/><D131/><U78/><E78/><V119/><F49/><W72/><G72/><T103/><D123/><U64/><E64/><V110/><F110/><W57/><G46/><T77/><D77/><U130/><E130/><V45/><F45/><W129/><G129/><T2/><D2/><U11/><E22/><V65/><F65/><W16/><G6/><T85/><D85/><U34/><E30/><V95/><F31/><W17/><G17/><T8/><D8/><N who="1" m="3115" /><E34/><V58/><F29/><W23/><REACH who="3" step="1"/><G68/><REACH who="3" ten="224,272,367,127" step="2"/><T106/><D134/><U108/><E108/><V83/><F27/><W7/><G7/><T51/><D117/><U40/><E40/><V94/><F26/><W120/><G120/><T66/><D118/><U109/><E109/><V102/><F119/><W121/><G121/><T54/><D107/><U126/><E126/><V79/><F105/><W116/><G116/><T92/><D106/><U13/><AGARI ba="1,1" hai="12,13,14,96,98" m="3115,17455,15883" machi="13" ten="30,1100,0" yaku="8,1" doraHai="59" who="1" fromWho="1" sc="224,-4,272,24,367,-6,127,-4" /><INIT seed="3,0,0,0,2,134" ten="220,296,361,123" oya="3" hai0="59,32,18,107,52,1,17,108,89,119,115,34,126" hai1="9,92,5,11,86,135,22,3,0,26,76,54,90" hai2="103,96,39,14,95,53,104,124,128,79,125,23,85" hai3="109,44,24,105,93,83,118,70,63,101,130,13,19"/><W47/><G118/><T71/><D108/><U113/><E113/><V30/><F39/><W123/><G123/><T36/><D71/><U64/><E135/><V81/><F128/><W100/><G105/><T45/><D119/><U72/><E64/><V84/><F53/><W35/><G130/><T87/><D1/><U75/><E76/><V29/><F14/><W42/><G109/><T121/><D107/><U20/><E20/><V21/><F21/><W129/><G129/><T106/><D106/><U99/><E86/><V94/><F23/><W7/><G83/><T114/><D121/><U60/><E9/><V116/><F116/><W66/><G93/><N who="2" m="35337" /><F84/><W74/><G74/><T69/><D69/><U98/><E98/><V112/><F112/><W73/><G73/><T16/><D87/><U68/><E3/><V111/><F111/><W25/><G7/><T2/><D2/><U46/><E46/><N who="3" m="17450" /><G42/><T28/><D34/><U56/><REACH who="1" step="1"/><E68/><REACH who="1" ten="220,286,361,123" step="2"/><V133/><F133/><W15/><G35/><T41/><D114/><U33/><E33/><V88/><F79/><W131/><G131/><T58/><D115/><U91/><E91/><V78/><F78/><W8/><G15/><T122/><D32/><U120/><E120/><V65/><F65/><W12/><G12/><T77/><D41/><U38/><E38/><V49/><F88/><W43/><G43/><T31/><D89/><U27/><E27/><V50/><F96/><W40/><G40/><T67/><D122/><U4/><E4/><V51/><F85/><W6/><G25/><T97/><D36/><U61/><E61/><RYUUKYOKU ba="0,1" sc="220,-15,286,15,361,-15,123,15" hai1="0,5,11,22,26,54,56,60,72,75,90,92,99" hai3="6,8,13,19,24,63,66,70,100,101" /><INIT seed="3,1,1,2,0,0" ten="205,301,346,138" oya="3" hai0="60,103,88,69,29,117,42,72,133,98,124,39,61" hai1="14,134,90,107,2,15,33,13,59,70,10,86,99" hai2="85,65,32,125,55,25,97,78,38,84,80,113,56" hai3="95,22,8,108,41,4,92,71,94,89,37,26,47"/><W111/><G71/><T53/><D117/><U18/><E70/><V67/><F38/><W96/><G22/><T77/><D133/><U79/><E33/><V3/><F3/><W116/><G116/><T122/><D122/><U106/><E134/><V31/><F113/><W76/><G76/><T28/><D124/><U104/><E79/><V123/><F125/><W129/><G26/><T12/><D72/><U20/><E99/><V35/><F35/><W120/><G129/><T6/><D77/><U101/><E101/><V118/><F123/><W109/><G120/><T102/><D39/><U135/><E135/><V81/><F97/><W63/><G63/><N who="0" m="24139" /><D42/><U50/><E2/><AGARI ba="1,1" hai="2,4,8,37,41,47,89,92,94,95,96,108,109,111" machi="2" ten="40,7700,0" yaku="14,1,10,1,52,1" doraHai="0" who="3" fromWho="1" sc="205,0,301,-80,346,0,138,90" /><INIT seed="3,2,0,0,3,131" ten="205,221,346,228" oya="3" hai0="48,72,37,64,20,51,34,19,130,77,116,93,86" hai1="118,125,31,75,117,23,82,27,87,29,103,50,94" hai2="111,134,56,114,13,121,45,85,107,80,120,83,21" hai3="14,108,9,84,96,25,22,11,71,62,67,69,10"/><W104/><G71/><T30/><D116/><N who="1" m="44651" /><E125/><V63/><F107/><W15/><G108/><T24/><D130/><U124/><E124/><V28/><F114/><W91/><G96/><T78/><D37/><U59/><E75/><V36/><F111/><W47/><G104/><T123/><D123/><U70/><E70/><V66/><F83/><W122/><G47/><T57/><D72/><U26/><E50/><N who="0" m="18985" /><D30/><N who="1" m="17759" /><E59/><V52/><F63/><W81/><REACH who="3" step="1"/><G122/><REACH who="3" ten="205,221,346,218" step="2"/><T100/><D34/><U43/><E43/><N who="2" m="22759" /><F120/><W133/><G133/><T42/><D42/><U58/><E58/><V74/><F134/><W40/><G40/><T39/><D39/><U128/><E128/><V126/><F121/><W53/><G53/><T38/><D38/><U115/><E115/><V61/><F52/><W98/><G98/><N who="0" m="59471" /><D86/><U33/><E33/><V102/><F85/><W101/><G101/><T17/><D17/><AGARI ba="2,1" hai="9,10,11,14,15,17,22,25,62,67,69,81,84,91" machi="17" ten="40,2000,0" yaku="1,1,53,0" doraHai="131" doraHaiUra="32" who="3" fromWho="0" sc="205,-26,221,0,346,0,218,36" /><INIT seed="3,3,0,4,5,76" ten="179,221,346,254" oya="3" hai0="119,27,131,54,50,34,67,28,20,89,88,107,47" hai1="19,91,71,92,64,3,55,103,24,63,8,99,36" hai2="1,116,38,134,122,133,124,97,10,14,5,56,120" hai3="127,112,95,16,21,68,35,78,90,60,32,52,69"/><W37/><G112/><T81/><D131/><U2/><E36/><V104/><F38/><W114/><G114/><T128/><D119/><U73/><E73/><V75/><F75/><W109/><G37/><T101/><D128/><U106/><E55/><V49/><F116/><W129/><G129/><T13/><D67/><U31/><E19/><V12/><F124/><W61/><G127/><T115/><D115/><U84/><REACH who="1" step="1"/><E8/><REACH who="1" ten="179,211,346,254" step="2"/><N who="2" m="2095" /><F122/><W102/><G52/><T93/><D107/><U111/><E111/><V17/><F10/><W39/><G109/><T46/><D46/><U45/><E45/><V11/><F17/><W25/><G39/><T15/><D34/><AGARI ba="3,1" hai="2,3,24,31,34,63,64,71,84,91,92,99,103,106" machi="34" ten="30,7700,0" yaku="1,1,7,1,25,2,53,0" doraHai="76" doraHaiUra="7" who="1" fromWho="0" sc="179,-86,211,96,346,0,254,0" owari="93,-40.7,307,10.7,346,44.6,254,-14.6" /></mjloggm>