<mjloggm ver="2.3"><GO type="225" lobby="0"/><UN n0="%6D%75%75%6D%75%72%61" n1="%E3%83%B4%E3%82%A3%E3%83%AF%E3%82%B3%E3%82%B0%E3%83%8B" n2="%E8%B6%85%E7%B4%9A%E9%B3%B3%E5%87%B0" n3="%E5%86%B7%E5%87%8D%E3%82%AE%E3%83%A7%E3%83%BC%E3%82%B6" dan="16,16,16,16" rate="2110.53,2141.97,2167.33,2185.31" sx="F,M,M,M"/><TAIKYOKU oya="0"/><INIT seed="0,0,0,0,4,53" ten="250,250,250,250" oya="0" hai0="74,41,2,68,135,116,12,107,108,106,4,64,6" hai1="61,60,42,98,71,52,97,128,124,99,133,76,57" hai2="65,0,63,46,20,27,24,34,85,11,83,73,7" hai3="40,75,72,56,134,18,17,105,86,19,127,78,9"/><T5/><D116/><U48/><E124/><V69/><F73/><W51/><G105/><T14/><D2/><U89/><E128/><V33/><F46/><N who="3" m="26055" /><G75/><T91/><D74/><U26/><E133/><V54/><F54/><W23/><G72/><T87/><D135/><U103/><E76/><V28/><REACH who="2" step="1"/><F27/><REACH who="2" ten="250,250,240,250" step="2"/><W117/><G134/><T92/><D41/><U81/><E42/><V132/><F132/><W126/><G117/><T37/><D37/><U58/><E26/><V123/><F123/><W38/><G38/><T119/><D119/><U50/><E71/><V36/><F36/><W95/><G127/><T94/><D108/><U84/><E103/><V47/><F47/><W62/><G126/><T3/><D3/><U102/><E102/><V25/><F25/><W22/><G9/><T79/><D68/><U118/><E118/><V16/><F16/><W29/><G29/><T70/><D70/><U115/><E115/><V1/><F1/><W120/><G120/><T80/><D64/><AGARI ba="0,1" hai="48,50,52,57,58,60,61,64,81,84,89,97,98,99" machi="64" ten="40,8000,1" yaku="8,1,52,2,54,1" doraHai="53" who="1" fromWho="0" sc="250,-80,250,90,240,0,250,0" /><INIT seed="1,0,0,3,1,116" ten="170,340,240,250" oya="1" hai0="48,7,30,34,113,75,96,14,72,95,131,45,88" hai1="53,22,8,112,84,38,114,46,133,24,61,89,3" hai2="77,10,71,2,67,101,9,47,27,120,31,0,110" hai3="117,130,37,15,4,78,41,85,50,93,16,1,103"/><U33/><E33/><V126/><F126/><W99/><G130/><T109/><D113/><U55/><E133/><V134/><F134/><W108/><G108/><T18/><D109/><U57/><E3/><V66/><F110/><W6/><G117/><T26/><D131/><U29/><E8/><V74/><F101/><W97/><G1/><T105/><D7/><U35/><E35/><V12/><F47/><N who="3" m="25967" /><G37/><T132/><D105/><U86/><E86/><V80/><F10/><N who="3" m="6263" /><G97/><T98/><D98/><U62/><E38/><V20/><F67/><W19/><G19/><T54/><REACH who="0" step="1"/><D132/><REACH who="0" ten="160,340,240,250" step="2"/><U87/><E114/><V63/><REACH who="2" step="1"/><F120/><REACH who="2" ten="160,340,230,250" step="2"/><W127/><G127/><T43/><D43/><U5/><E112/><V69/><F69/><W123/><G123/><T122/><D122/><U36/><E36/><V28/><F28/><W65/><G65/><T118/><D118/><U100/><E29/><V129/><F129/><W60/><G103/><T51/><D51/><U82/><E55/><V13/><F13/><W17/><G60/><T49/><D49/><U106/><E61/><V83/><F83/><W40/><G40/><T39/><D39/><U59/><E82/><V56/><F56/><W64/><G64/><T135/><D135/><U124/><E59/><V79/><F79/><W23/><G78/><T76/><D76/><U104/><E62/><V52/><F52/><W92/><G93/><T119/><D119/><U128/><E53/><V68/><F68/><W73/><G92/><T115/><D115/><U121/><E128/><V70/><F70/><W44/><G44/><T111/><D111/><RYUUKYOKU ba="0,2" sc="160,15,340,-15,230,15,250,-15" hai0="14,18,26,30,34,45,48,54,72,75,88,95,96" hai2="0,2,9,12,20,27,31,63,66,71,74,77,80" /><INIT seed="2,1,2,0,5,28" ten="175,325,245,235" oya="2" hai0="32,94,37,63,51,78,96,97,109,105,87,101,110" hai1="6,31,41,85,43,20,19,90,92,29,134,0,56" hai2="88,103,122,40,81,113,39,18,117,62,83,126,75" hai3="60,2,5,47,7,111,128,76,54,80,119,64,65"/><V13/><F113/><W124/><G119/><T68/><D37/><U11/><E134/><V102/><F117/><W99/><G111/><N who="0" m="42507" /><D51/><U71/><E71/><V72/><F122/><W70/><G124/><T24/><D78/><U100/><E100/><V53/><F126/><W49/><G128/><T79/><D79/><U89/><E56/><V48/><F39/><W84/><G2/><T15/><D15/><U104/><E104/><V12/><F40/><W42/><G64/><N who="0" m="40991" /><D87/><U35/><E43/><V14/><F62/><W10/><G10/><T4/><D4/><U46/><E46/><V22/><F75/><W44/><G99/><N who="0" m="61631" /><D94/><U120/><E41/><V130/><F72/><W86/><G86/><T55/><D55/><U125/><E125/><V26/><F130/><W77/><G77/><T45/><D45/><U58/><E85/><N who="2" m="50223" /><F83/><W36/><AGARI ba="1,2" hai="5,7,36,42,44,47,49,54,60,65,70,76,80,84" machi="36" ten="20,1500,0" yaku="0,1,7,1" doraHai="28" who="3" fromWho="3" sc="175,-5,325,-5,245,-8,235,38" /><INIT seed="3,0,0,1,1,4" ten="170,320,237,273" oya="3" hai0="60,96,54,59,125,93,75,108,53,109,40,89,107" hai1="83,117,9,33,71,90,36,55,2,129,130,27,48" hai2="47,82,126,3,128,20,102,94,68,92,97,122,6" hai3="7,32,41,31,39,79,111,43,61,100,1,77,28"/><W110/><G100/><T24/><D125/><U8/><E36/><V91/><F68/><W34/><G7/><T70/><D107/><U76/><E2/><V118/><F118/><W85/><G85/><T73/><D70/><U80/><E71/><V63/><F126/><W103/><G103/><T99/><D40/><N who="3" m="15433" /><G61/><T113/><D113/><U16/><E117/><V106/><F128/><N who="1" m="49257" /><E90/><V64/><F122/><W50/><G50/><T72/><D99/><U44/><E83/><V46/><F82/><W112/><G1/><T104/><D104/><U29/><E16/><V10/><F20/><W15/><G15/><T11/><D24/><U133/><E133/><V62/><F106/><W22/><G22/><T13/><REACH who="0" step="1"/><D53/><REACH who="0" ten="160,320,237,273" step="2"/><U87/><AGARI ba="0,1" hai="8,9,27,29,33,44,48,55,76,80,87" m="49257" machi="87" ten="30,4000,0" yaku="19,1,52,2" doraHai="4" who="1" fromWho="1" sc="160,-10,320,50,237,-10,273,-20" owari="150,-35.0,370,47.0,227,-17.3,253,5.3" /></mjloggm>