<mjloggm ver="2.3"><GO type="225" lobby="0"/><UN n0="%E3%81%8B%E3%82%8F%E3%81%A1%E3%82%83%E3%82%93%35%38" n1="%E3%81%A1%E3%82%85%E3%81%86%E3%81%A9%E3%81%8F%E8%B1%A1%E3%81%95%E3%82%93" n2="%E3%83%B4%E3%83%A0%EF%BC%99%E3%81%A6" n3="%E2%91%A3%E9%81%BF%E9%81%8A%E6%88%AF%E3%80%90%E6%9D%B1%E5%8D%97%E3%80%91" dan="16,17,17,16" rate="2129.60,2191.46,2188.15,2036.30" sx="M,M,M,M"/><TAIKYOKU oya="0"/><INIT seed="0,0,0,2,2,17" ten="250,250,250,250" oya="0" hai0="131,31,80,89,110,46,76,112,70,42,5,109,1" hai1="95,6,65,113,68,118,77,52,50,4,134,126,132" hai2="90,25,60,99,106,45,66,26,84,54,64,86,69" hai3="56,22,15,27,93,48,101,43,117,79,107,21,59"/><T129/><D70/><U88/><E118/><V128/><F128/><N who="0" m="49226" /><D112/><U133/><E77/><V83/><F66/><W75/><G117/><T30/><D89/><U87/><E113/><V91/><F106/><W111/><G107/><T13/><D1/><U121/><E121/><V9/><F99/><N who="3" m="59631" /><G75/><N who="0" m="43039" /><D5/><U36/><E36/><V74/><F74/><W92/><G79/><T57/><D57/><N who="3" m="22089" /><G15/><T122/><D13/><U3/><E126/><V16/><F45/><N who="3" m="25663" /><G111/><N who="0" m="42507" /><D122/><U51/><E3/><V135/><F69/><W120/><G120/><T125/><D125/><U130/><E130/><V55/><F90/><W108/><G108/><T94/><D94/><U102/><E102/><V61/><F91/><W7/><G7/><T105/><D105/><U104/><E104/><V100/><F100/><W119/><G119/><T38/><AGARI ba="0,0" hai="30,31,38,42,46" m="42507,43039,49226" machi="38" ten="30,6000,0" yaku="19,1,14,1,10,1" doraHai="17" who="0" fromWho="0" sc="250,60,250,-20,250,-20,250,-20" /><INIT seed="0,1,0,0,2,115" ten="310,230,230,230" oya="0" hai0="3,43,38,10,51,62,106,21,77,94,130,120,6" hai1="82,97,92,79,90,15,30,33,2,68,67,113,72" hai2="112,1,49,63,29,35,32,20,124,91,23,45,99" hai3="98,108,119,104,58,18,36,56,132,121,111,135,87"/><T17/><D106/><U133/><E2/><V128/><F112/><W101/><G36/><T75/><D120/><U8/><E133/><N who="3" m="51274" /><G18/><T88/><D130/><U34/><E113/><V100/><F128/><W95/><G56/><T61/><D38/><U89/><E30/><V42/><F1/><W134/><N who="3" m="51282" /><W25/><DORA hai="57" /><G25/><T13/><D77/><U0/><E0/><V31/><F124/><W12/><G12/><N who="0" m="9383" /><D75/><U131/><E131/><V69/><F91/><N who="3" m="53759" /><G58/><T40/><D3/><U71/><E90/><V96/><F31/><W83/><G121/><T70/><D70/><U109/><E109/><N who="3" m="42058" /><G83/><T11/><D11/><U110/><E110/><V74/><F29/><W116/><AGARI ba="1,0" hai="98,101,104,116,119" m="42058,53759,51282" machi="116" ten="50,12000,2" yaku="20,1,14,1,34,2,52,2" doraHai="115,57" who="3" fromWho="3" sc="310,-61,230,-31,230,-31,230,123" /><INIT seed="1,0,0,2,3,13" ten="249,199,199,353" oya="1" hai0="72,113,34,102,39,68,50,106,99,66,57,130,118" hai1="19,28,62,45,90,54,112,26,111,123,15,128,30" hai2="33,74,125,89,23,5,38,122,37,132,78,20,131" hai3="36,109,16,92,107,114,81,135,67,65,2,56,108"/><U10/><E123/><V88/><F122/><W85/><G107/><T70/><D50/><U52/><E112/><V133/><F33/><W14/><G2/><T29/><D57/><N who="1" m="35111" /><E128/><V71/><F71/><W95/><G114/><T32/><D113/><U126/><E126/><V105/><F105/><W79/><G36/><N who="2" m="13929" /><F5/><W42/><G42/><T69/><D118/><U0/><E0/><V86/><F74/><W48/><G135/><N who="2" m="51785" /><F125/><W101/><G67/><T11/><D130/><U117/><E117/><V24/><F20/><N who="3" m="11287" /><G101/><T7/><D72/><U103/><E103/><V100/><F100/><W31/><G31/><N who="1" m="11818" /><E111/><N who="3" m="42570" /><G65/><T1/><D39/><U41/><E26/><V59/><F131/><W4/><G4/><T60/><D34/><U96/><E41/><V49/><F24/><AGARI ba="0,0" hai="1,7,11,24,29,32,60,66,68,69,70,99,102,106" machi="24" ten="40,8000,1" yaku="25,2,33,3" doraHai="13" who="0" fromWho="2" sc="249,80,199,0,199,-80,353,0" /><INIT seed="2,0,0,5,1,50" ten="329,199,119,353" oya="2" hai0="119,64,81,76,6,17,89,94,83,98,116,73,70" hai1="10,113,39,109,82,16,74,108,127,56,130,3,133" hai2="47,117,29,59,104,19,15,69,68,124,123,54,87" hai3="34,86,102,66,78,21,61,85,120,7,72,48,71"/><V51/><F117/><N who="0" m="45130" /><D6/><U1/><E39/><V11/><F123/><W13/><G120/><T114/><D70/><U77/><E113/><V96/><F124/><W26/><G34/><T8/><D64/><U129/><E127/><V95/><F29/><W105/><G48/><T126/><D126/><U91/><E133/><V100/><F104/><W79/><G72/><N who="0" m="43143" /><D17/><U67/><E91/><V115/><F115/><W23/><G105/><T75/><D8/><U22/><E56/><V121/><F121/><W103/><G23/><T4/><D4/><U110/><E67/><V65/><REACH who="2" step="1"/><F87/><REACH who="2" ten="329,199,109,353" step="2"/><W106/><G85/><N who="0" m="50367" /><D114/><U122/><E122/><V9/><F9/><W55/><G86/><T42/><D42/><U25/><REACH who="1" step="1"/><E10/><REACH who="1" ten="329,189,109,353" step="2"/><V62/><AGARI ba="0,2" hai="11,15,19,47,51,54,59,62,65,68,69,95,96,100" machi="62" ten="30,6000,0" yaku="1,1,0,1,52,1,53,0" doraHai="50" doraHaiUra="118" who="2" fromWho="2" sc="329,-20,189,-20,109,80,353,-20" /><INIT seed="2,1,0,1,0,34" ten="309,169,189,333" oya="2" hai0="119,61,13,9,130,97,100,38,126,107,62,67,64" hai1="21,133,57,29,111,35,19,39,40,53,94,101,5" hai2="116,117,59,68,28,98,114,58,26,73,12,90,104" hai3="60,91,22,51,16,37,7,122,80,54,66,69,55"/><V102/><F114/><W88/><G122/><T36/><D126/><U127/><E127/><V20/><F68/><W135/><G135/><T95/><D130/><U27/><E133/><V93/><F73/><W74/><G37/><T25/><D119/><U83/><E111/><V129/><F129/><W47/><G55/><T82/><D107/><U15/><E83/><V85/><F58/><W24/><REACH who="3" step="1"/><G7/><REACH who="3" ten="309,169,189,323" step="2"/><T11/><D38/><U43/><E39/><V56/><F116/><W89/><G89/><T23/><D36/><U8/><E101/><V131/><F117/><W30/><G30/><N who="0" m="17727" /><D82/><U110/><E110/><V134/><F134/><W10/><G10/><N who="0" m="3595" /><D13/><U33/><E94/><V42/><F131/><W103/><G103/><T17/><D17/><U96/><E43/><V1/><F42/><W4/><G4/><T52/><D52/><U32/><E40/><V63/><F12/><W112/><G112/><T41/><D41/><U121/><E121/><V120/><F120/><W72/><G72/><T75/><D75/><U0/><REACH who="1" step="1"/><E96/><REACH who="1" ten="309,159,189,323" step="2"/><V50/><F98/><W124/><G124/><T123/><D123/><U92/><E92/><V18/><F93/><W132/><G132/><T108/><D108/><U125/><E125/><V106/><F102/><W3/><G3/><T105/><D105/><U87/><E87/><V49/><F1/><W45/><G45/><T6/><D6/><U70/><E70/><V86/><F104/><W115/><G115/><T77/><D77/><AGARI ba="1,2" hai="16,22,24,47,51,54,60,66,69,74,77,80,88,91" machi="77" ten="40,8000,1" yaku="1,1,54,2,53,1" doraHai="34" doraHaiUra="44" who="3" fromWho="0" sc="309,-83,159,0,189,0,323,103" /><INIT seed="3,0,0,0,0,81" ten="226,159,189,426" oya="3" hai0="19,27,9,121,131,83,87,29,33,94,16,80,39" hai1="77,46,31,61,45,26,8,71,14,35,18,47,130" hai2="106,134,58,1,115,112,114,128,66,49,17,135,123" hai3="43,65,53,118,72,51,88,12,28,21,116,25,63"/><W52/><G72/><T5/><D39/><U69/><E130/><V70/><F106/><W6/><G43/><T24/><D83/><U11/><E61/><N who="2" m="40271" /><F1/><W15/><G6/><T4/><D4/><U62/><E62/><V126/><F128/><W90/><G118/><T117/><D117/><U100/><E100/><V133/><F17/><W20/><G116/><T82/><D82/><U79/><E79/><V30/><F30/><W89/><G21/><T97/><D27/><U38/><E38/><V73/><F73/><W93/><G53/><T96/><D96/><U74/><E74/><V124/><F123/><W127/><G127/><N who="2" m="48681" /><F49/><W0/><G0/><T48/><D48/><U113/><E113/><V7/><F7/><W34/><G34/><T2/><D121/><U129/><E129/><V105/><F105/><W22/><G22/><T54/><D131/><U42/><E42/><V102/><F102/><W67/><G93/><T122/><D94/><U75/><E75/><V3/><F3/><W119/><G119/><T44/><D2/><U92/><E77/><V107/><F107/><W104/><G104/><T78/><D78/><U68/><REACH who="1" step="1"/><E92/><REACH who="1" ten="226,149,189,426" step="2"/><V32/><F32/><W41/><G41/><T56/><D33/><U132/><E132/><V64/><F115/><W103/><G63/><AGARI ba="0,1" hai="58,63,64,112,114,133,134,135" m="48681,40271" machi="63" ten="40,8000,1" yaku="20,1,18,1,34,2" doraHai="81" who="2" fromWho="3" sc="226,0,149,0,189,90,426,-80" owari="226,-17.4,149,-35.1,279,7.9,346,44.6" /></mjloggm>