<mjloggm ver="2.3"><GO type="225" lobby="0"/><UN n0="%E9%B3%B3%E6%9D%B1%E3%81%AE%E3%81%86%E3%81%95%E3%81%8E%E3%81%95%E3%82%93" n1="%72%69%6F%75%63%68%61%6E" n2="%6D%75%75%6D%75%72%61" n3="%E3%81%BF%E3%81%BF%E3%81%9A" dan="16,16,16,17" rate="2123.91,2183.09,2122.58,2214.26" sx="M,M,F,M"/><TAIKYOKU oya="0"/><INIT seed="0,0,0,3,2,2" ten="250,250,250,250" oya="0" hai0="46,117,25,13,126,125,56,32,74,34,28,50,9" hai1="81,111,23,53,130,105,54,8,67,66,123,96,57" hai2="70,44,58,30,38,88,84,78,103,24,121,109,33" hai3="26,115,52,11,100,122,20,75,132,65,80,27,107"/><T86/><D74/><U77/><E111/><V42/><F70/><W10/><G115/><T133/><D117/><U7/><E130/><V5/><F109/><W128/><G65/><T49/><D133/><U104/><E123/><V69/><F69/><W101/><G128/><T63/><D32/><U15/><E53/><V22/><F121/><W43/><G43/><T47/><D86/><U35/><E35/><V99/><F58/><W41/><G41/><T68/><D68/><U12/><E105/><V91/><F33/><W113/><G113/><T106/><D106/><U1/><E1/><V64/><F64/><W120/><G52/><N who="0" m="34183" /><D47/><U83/><E83/><V79/><F5/><W102/><G107/><T95/><D95/><U76/><E76/><V29/><F29/><W114/><G114/><T16/><D46/><U6/><E96/><V93/><REACH who="2" step="1"/><F91/><REACH who="2" ten="250,250,240,250" step="2"/><W118/><G122/><T134/><D134/><U3/><E3/><V87/><F87/><W61/><G120/><T124/><AGARI ba="0,1" hai="9,13,16,25,28,34,49,50,124,125,126" m="34183" machi="124" ten="30,6000,0" yaku="18,1,54,2" doraHai="2" who="0" fromWho="0" sc="250,70,250,-20,240,-20,250,-20" /><INIT seed="0,1,0,5,1,133" ten="320,230,220,230" oya="0" hai0="10,33,44,18,134,121,46,13,32,23,71,58,111" hai1="104,88,12,108,55,2,54,11,80,38,116,5,89" hai2="103,92,67,129,135,119,117,100,122,69,113,97,86" hai3="84,75,37,19,82,56,126,70,87,68,131,102,36"/><T52/><D121/><U114/><E116/><N who="2" m="44619" /><F69/><W43/><G75/><T98/><D71/><U50/><E108/><V123/><F67/><W78/><G102/><N who="2" m="38953" /><F113/><W99/><G99/><T42/><D134/><U115/><E38/><V21/><F21/><W62/><G131/><T35/><D111/><U24/><E104/><V127/><F135/><W96/><G96/><T79/><D98/><U110/><E110/><V31/><F31/><W93/><G68/><T66/><D66/><U40/><E24/><V1/><F1/><W3/><G70/><T105/><D105/><U83/><E2/><V106/><F129/><W30/><G3/><T72/><D42/><U14/><E40/><V81/><F106/><W7/><G30/><T76/><D10/><U91/><E14/><V65/><F65/><W39/><G43/><T25/><D13/><U59/><REACH who="1" step="1"/><E55/><REACH who="1" ten="320,220,220,230" step="2"/><V77/><F127/><W53/><G126/><T28/><D52/><U29/><E29/><V22/><F22/><W20/><G37/><T49/><D23/><U118/><E118/><V112/><F112/><AGARI ba="1,1" hai="5,11,12,50,54,59,80,83,88,89,91,112,114,115" machi="112" ten="40,8000,1" yaku="1,1,11,1,54,1,53,1" doraHai="133" doraHaiUra="9" who="1" fromWho="2" sc="320,0,220,93,220,-83,230,0" /><INIT seed="1,0,0,5,0,93" ten="320,313,137,230" oya="1" hai0="3,110,26,2,32,100,128,52,50,45,53,87,12" hai1="48,120,117,82,38,15,20,69,81,23,132,58,22" hai2="131,106,35,36,74,24,133,18,40,135,0,72,30" hai3="95,41,8,91,1,94,9,80,98,29,105,16,39"/><U83/><E117/><V47/><F0/><W6/><G29/><T63/><D110/><U79/><E120/><V77/><F131/><W7/><G105/><T5/><D128/><U109/><E38/><V68/><F18/><W99/><G80/><T55/><D100/><U103/><E109/><V62/><F106/><W78/><G78/><T56/><D87/><U111/><E111/><V42/><F42/><W126/><G126/><T114/><D114/><U25/><E69/><V101/><F101/><W21/><G39/><T49/><D32/><U88/><E132/><V127/><F127/><W61/><G61/><T4/><D26/><U10/><E103/><V92/><F92/><W59/><G59/><T19/><D2/><U31/><E79/><V119/><F119/><W89/><G41/><T115/><D3/><U90/><E48/><V75/><REACH who="2" step="1"/><F77/><REACH who="2" ten="320,313,127,230" step="2"/><W104/><G104/><T17/><D19/><U37/><E37/><V76/><F76/><W46/><G46/><N who="0" m="27703" /><D115/><U85/><E58/><V129/><F129/><W86/><G7/><T33/><D17/><N who="1" m="8439" /><E90/><V112/><F112/><W67/><G8/><T108/><D108/><U54/><E54/><V124/><F124/><W84/><G67/><AGARI ba="0,1" hai="24,30,35,36,40,47,62,67,68,72,74,75,133,135" machi="67" ten="50,8000,1" yaku="1,1,23,2,53,2" doraHai="93" doraHaiUra="130" who="2" fromWho="3" sc="320,0,313,0,127,90,230,-80" /><INIT seed="2,0,0,1,0,37" ten="320,313,217,150" oya="2" hai0="97,119,48,54,86,118,101,109,107,116,20,47,44" hai1="108,102,59,52,39,4,104,32,132,17,28,80,73" hai2="49,93,66,9,8,33,68,27,2,76,70,12,35" hai3="87,82,90,112,43,120,30,5,1,113,22,78,53"/><V105/><F105/><W126/><G120/><T111/><D20/><U130/><E108/><N who="0" m="41545" /><D86/><U0/><E130/><V95/><F76/><W6/><G53/><T98/><D98/><U51/><E132/><V13/><F2/><W124/><G30/><T81/><D81/><U89/><E39/><V21/><F21/><W61/><G22/><T135/><D135/><U25/><E17/><V79/><F79/><W71/><G71/><T67/><D67/><U42/><E42/><V123/><F49/><W14/><G61/><T31/><D31/><U96/><E73/><V63/><F123/><W69/><G69/><T38/><D38/><U134/><E134/><V29/><F35/><W57/><G57/><AGARI ba="0,0" hai="44,47,48,54,57,97,101,107,116,118,119" m="41545" machi="57" ten="40,2600,0" yaku="12,1,14,1" doraHai="37" who="0" fromWho="3" sc="320,26,313,0,217,0,150,-26" /><INIT seed="3,0,0,4,2,126" ten="346,313,217,124" oya="3" hai0="125,17,105,97,118,71,4,19,64,134,42,81,72" hai1="121,127,101,135,20,53,31,120,65,67,62,9,2" hai2="77,56,7,24,47,74,73,123,79,75,116,117,80" hai3="112,102,0,78,124,87,18,122,34,16,50,21,49"/><W89/><G112/><T54/><D118/><U119/><E101/><V66/><F123/><W57/><G122/><T51/><D4/><U38/><E38/><V83/><F74/><W12/><G124/><T22/><D71/><U30/><E127/><V1/><F47/><W98/><G0/><T103/><D64/><U107/><E107/><V132/><F132/><W28/><G78/><T46/><D125/><U85/><E135/><V5/><F24/><W84/><G34/><T130/><D134/><U26/><E119/><V94/><F94/><N who="3" m="58711" /><G28/><T55/><D17/><U114/><E114/><V10/><F5/><W36/><G36/><T61/><D61/><AGARI ba="0,0" hai="1,7,10,56,61,66,73,75,77,79,80,83,116,117" machi="61" ten="40,1300,0" yaku="9,1" doraHai="126" who="2" fromWho="0" sc="346,-13,313,0,217,13,124,0" owari="333,43.3,313,11.3,230,-17.0,124,-37.6" /></mjloggm>