<mjloggm ver="2.3"><GO type="225" lobby="0"/><UN n0="%E3%81%AF%E3%82%88%E3%81%8A%E3%81%98%E3%81%95%E3%82%93" n1="%E5%87%BA%E6%B0%B4" n2="%E6%9D%BE%E6%9C%AC%E5%81%A5%E7%94%B7" n3="%E3%81%8C%E3%81%9F" dan="17,16,16,17" rate="2166.49,2083.68,2168.95,2197.38" sx="M,F,M,F"/><TAIKYOKU oya="0"/><INIT seed="0,0,0,4,1,59" ten="250,250,250,250" oya="0" hai0="49,110,113,32,90,126,122,80,99,30,6,115,102" hai1="65,114,70,127,50,111,9,105,66,21,36,87,63" hai2="29,33,12,93,23,27,82,47,3,51,119,15,117" hai3="109,75,132,121,57,28,1,112,130,118,98,81,97"/><T8/><D122/><U37/><E111/><V123/><F3/><W0/><G112/><T85/><D110/><U13/><E127/><V19/><F123/><W131/><G109/><T135/><D126/><U40/><E114/><V14/><F82/><W83/><G121/><T108/><D135/><U35/><E35/><V39/><F93/><W24/><G132/><T55/><D108/><U76/><E105/><V54/><REACH who="2" step="1"/><F39/><REACH who="2" ten="250,250,240,250" step="2"/><W61/><G83/><T78/><D115/><U100/><E37/><V4/><F4/><W68/><G1/><T95/><D113/><U5/><E36/><V2/><F2/><W74/><G0/><T22/><D6/><U17/><E100/><V125/><F125/><W106/><G81/><T31/><D8/><U72/><E72/><V69/><F69/><W46/><G68/><T71/><D71/><U64/><E76/><V11/><F11/><W25/><G74/><T103/><D32/><U120/><E120/><V84/><F84/><W26/><G75/><T16/><D102/><U38/><E38/><V101/><F101/><W107/><G107/><T42/><D103/><U79/><E79/><V91/><F91/><W20/><G106/><T116/><D116/><AGARI ba="0,1" hai="12,14,15,19,23,27,29,33,47,51,54,116,117,119" machi="116" ten="40,5200,0" yaku="1,1,12,1,53,1" doraHai="59" doraHaiUra="44" who="2" fromWho="0" sc="250,-52,250,0,240,62,250,0" /><INIT seed="1,0,0,4,4,100" ten="198,250,302,250" oya="1" hai0="92,22,13,117,54,69,35,44,57,131,102,52,31" hai1="66,109,75,60,59,47,26,123,33,94,10,63,8" hai2="20,25,116,50,82,11,58,120,91,39,125,37,56" hai3="9,88,113,134,96,21,83,32,99,27,93,107,64"/><U90/><E123/><V130/><F116/><W16/><G113/><T108/><D117/><U95/><E75/><V74/><F120/><W115/><G115/><T23/><D69/><U126/><E126/><V29/><F130/><W77/><G134/><T53/><D131/><U42/><E109/><V98/><F125/><W49/><G64/><T119/><D119/><U87/><E33/><V15/><F74/><W36/><G36/><T79/><D108/><U85/><E26/><V43/><F37/><W19/><G32/><T1/><D1/><U40/><E63/><V18/><F39/><W110/><G110/><T81/><D35/><U65/><E65/><V14/><F14/><N who="3" m="7247" /><G107/><T106/><D106/><U78/><E40/><V70/><F70/><W97/><G49/><N who="0" m="28711" /><D13/><U73/><E73/><V17/><F17/><W132/><G132/><T124/><D124/><U128/><E128/><V51/><F51/><W30/><G19/><T2/><D2/><U48/><REACH who="1" step="1"/><E78/><REACH who="1" ten="198,240,302,250" step="2"/><V68/><F25/><W104/><G104/><T0/><D54/><U61/><E61/><V129/><F43/><W114/><G114/><T103/><D53/><U118/><E118/><V127/><F127/><W41/><G41/><T38/><D79/><U34/><E34/><V12/><F129/><W67/><G67/><T45/><D31/><U133/><E133/><V71/><F20/><W62/><G62/><T86/><D23/><U72/><E72/><V46/><F29/><W4/><G4/><T6/><D22/><U24/><E24/><V28/><F28/><W112/><G112/><T89/><D6/><RYUUKYOKU ba="0,1" sc="198,-15,240,15,302,-15,250,15" hai1="8,10,42,47,48,59,60,66,85,87,90,94,95" hai3="21,27,30,77,83,88,93,96,97,99" /><INIT seed="1,1,1,4,5,17" ten="183,255,287,265" oya="1" hai0="16,67,102,41,135,112,72,19,21,12,47,106,58" hai1="62,44,52,57,82,18,31,130,79,120,124,14,37" hai2="83,11,64,122,4,131,39,93,38,24,92,126,66" hai3="3,119,49,73,71,29,5,94,98,22,40,63,51"/><U6/><E120/><V69/><F122/><W27/><G73/><T42/><D112/><U53/><E130/><V117/><F117/><W74/><G74/><T46/><D72/><U88/><E124/><V114/><F131/><W128/><G128/><T20/><D135/><U113/><E113/><V68/><F126/><W25/><G119/><T36/><D106/><U78/><E6/><V13/><F114/><W8/><G25/><T48/><D102/><U99/><E31/><V103/><F69/><W132/><G132/><T77/><D77/><U125/><E125/><V65/><F68/><W109/><G109/><T96/><D96/><U91/><E37/><V7/><F83/><W80/><G80/><T55/><D67/><U15/><E15/><V107/><F4/><W110/><G110/><T87/><D87/><N who="1" m="50295" /><E99/><V121/><F107/><W35/><G35/><T54/><D58/><N who="1" m="35143" /><E91/><V115/><F115/><W33/><G33/><T43/><D42/><U60/><E44/><V105/><F105/><W101/><REACH who="3" step="1"/><G40/><REACH who="3" ten="183,255,287,255" step="2"/><T30/><D30/><U97/><E97/><V133/><F133/><W0/><G0/><T134/><D134/><U81/><E81/><V76/><F121/><W118/><G118/><T1/><D1/><U26/><E26/><AGARI ba="1,2" hai="12,16,19,20,21,26,36,41,43,46,47,48,54,55" machi="26" ten="30,7700,0" yaku="7,1,52,2,54,1" doraHai="17" who="0" fromWho="1" sc="183,100,255,-80,287,0,255,0" /><INIT seed="2,0,0,5,1,16" ten="283,175,287,255" oya="2" hai0="74,111,10,94,99,115,106,39,47,52,40,75,118" hai1="113,54,133,109,43,27,130,31,17,3,86,83,117" hai2="21,41,134,126,32,101,97,65,73,20,25,37,112" hai3="55,35,102,9,2,7,0,80,49,13,5,127,81"/><V57/><F112/><W18/><G35/><T64/><D115/><U108/><E43/><V24/><F126/><W77/><G127/><T129/><D106/><U38/><E38/><V71/><F73/><W119/><G119/><T44/><D118/><U36/><E36/><V125/><F71/><W122/><G122/><T79/><D111/><N who="1" m="42571" /><E54/><V120/><F32/><W135/><G135/><T1/><D129/><U96/><E96/><V72/><F72/><W90/><G102/><T95/><D64/><U104/><E104/><V123/><F134/><W103/><G103/><T42/><D52/><U66/><E66/><V59/><F125/><W114/><G114/><T85/><D85/><U56/><E113/><V30/><F37/><W50/><G50/><N who="0" m="26887" /><D75/><U116/><E56/><V98/><F41/><W84/><G81/><N who="0" m="45303" /><D99/><U29/><E86/><V19/><F98/><W107/><G107/><T22/><D22/><N who="1" m="13775" /><E83/><V8/><F123/><W110/><G77/><T91/><D91/><U70/><E70/><V128/><F120/><W28/><G110/><T69/><D69/><U78/><E78/><V51/><F65/><W76/><G76/><T68/><D68/><U89/><E89/><V131/><F131/><W15/><G55/><T4/><AGARI ba="0,0" hai="1,4,10,39,42,47,94,95" m="45303,26887" machi="4" ten="30,1100,0" yaku="25,1" doraHai="16" who="0" fromWho="0" sc="283,11,175,-3,287,-5,255,-3" /><INIT seed="3,0,0,2,5,69" ten="294,172,282,252" oya="3" hai0="51,27,88,76,78,31,111,86,83,21,22,74,81" hai1="123,75,35,131,45,38,87,126,132,15,113,25,105" hai2="10,49,110,101,28,54,19,97,52,47,82,93,125" hai3="60,67,109,41,96,124,134,29,57,61,48,62,40"/><W32/><G29/><T34/><D111/><U0/><RYUUKYOKU type="yao9" ba="0,0" sc="294,0,172,0,282,0,252,0" hai1="0,15,25,35,38,45,75,87,105,113,123,126,131,132" /><INIT seed="3,1,0,0,4,115" ten="294,172,282,252" oya="3" hai0="41,113,50,93,82,127,4,133,81,123,73,78,108" hai1="94,69,60,37,63,30,121,48,118,114,21,6,58" hai2="119,102,128,2,86,117,106,13,14,68,104,54,43" hai3="8,25,16,98,75,1,111,11,10,112,20,49,124"/><W116/><G116/><T65/><D123/><U91/><E121/><V74/><F74/><W47/><G112/><T5/><D113/><U9/><E114/><V51/><F2/><W36/><G75/><T132/><D108/><U17/><E37/><V7/><F68/><W120/><G120/><T33/><D127/><U55/><E30/><V92/><F43/><W125/><G36/><T28/><D65/><U95/><E118/><V38/><F38/><W64/><G111/><T40/><D82/><U71/><E71/><V109/><F128/><W135/><G135/><N who="0" m="51787" /><D93/><U99/><E95/><V34/><F34/><W22/><G64/><T97/><D97/><U52/><E69/><V18/><F109/><W23/><G98/><T39/><D50/><U3/><REACH who="1" step="1"/><E55/><REACH who="1" ten="294,162,282,252" step="2"/><V122/><F122/><W0/><G0/><T96/><D28/><U101/><E101/><V105/><F102/><W87/><G1/><T26/><D39/><U85/><E85/><V80/><F92/><W19/><G87/><T45/><D96/><U44/><E44/><V107/><F107/><W15/><REACH who="3" step="1"/><G23/><REACH who="3" ten="294,162,282,242" step="2"/><T42/><D73/><U31/><E31/><V129/><F117/><W56/><G56/><T24/><D33/><U83/><E83/><V77/><F119/><W59/><G59/><T90/><D81/><U61/><E61/><V53/><F86/><W27/><G27/><AGARI ba="1,2" hai="3,6,9,17,21,27,48,52,58,60,63,91,94,99" machi="27" ten="30,3900,0" yaku="1,1,7,1,54,1,53,0" doraHai="115" doraHaiUra="67" who="1" fromWho="3" sc="294,0,162,62,282,0,242,-42" /><INIT seed="4,0,0,0,0,95" ten="294,224,282,200" oya="0" hai0="132,83,129,93,96,7,128,31,100,82,112,81,78" hai1="120,73,26,48,85,135,68,27,0,58,124,89,17" hai2="118,71,61,77,92,87,91,69,63,2,121,98,97" hai3="6,15,3,94,125,70,34,117,79,105,12,66,133"/><T130/><D112/><U25/><E120/><V60/><F2/><W16/><G105/><T110/><D132/><U42/><E124/><V38/><F38/><W14/><G117/><T30/><D110/><U39/><E73/><V33/><F33/><W49/><G34/><T41/><D41/><U46/><E0/><V86/><F121/><W22/><G133/><T74/><D7/><U72/><E72/><V43/><F43/><W37/><G37/><T134/><D134/><U106/><E106/><V80/><F118/><W62/><G125/><T44/><D44/><U23/><E135/><V8/><F8/><W1/><G79/><N who="0" m="44279" /><D82/><U88/><E68/><V57/><F71/><W5/><G49/><T10/><D10/><U114/><E114/><V55/><F69/><W24/><G3/><T28/><D83/><U123/><E123/><V127/><F127/><W4/><G1/><T65/><D65/><U116/><E89/><V19/><F19/><W101/><REACH who="3" step="1"/><G5/><REACH who="3" ten="294,224,282,190" step="2"/><T36/><D36/><U56/><E116/><V111/><F111/><W50/><G50/><AGARI ba="0,1" hai="50,55,57,60,61,63,77,80,86,87,91,92,97,98" machi="50" ten="40,5200,0" yaku="8,1,52,2" doraHai="95" who="2" fromWho="3" sc="294,0,224,0,282,62,190,-52" owari="294,9.4,224,-17.6,344,44.4,138,-36.2" /></mjloggm>