<mjloggm ver="2.3"><GO type="225" lobby="0"/><UN n0="%E6%98%93%E5%88%A9%E8%96%A9%E4%BC%AF" n1="%E6%81%A5%E6%99%92%E3%81%97" n2="%E3%81%82%E3%82%86%E3%81%AE%E9%A2%A8" n3="%4C%4F%4C%49%54%41" dan="16,16,16,16" rate="2098.48,2146.68,2090.61,2175.02" sx="F,M,M,F"/><TAIKYOKU oya="0"/><INIT seed="0,0,0,0,0,37" ten="250,250,250,250" oya="0" hai0="43,21,114,65,67,38,68,23,84,29,92,69,135" hai1="44,134,35,46,34,72,126,17,4,61,54,120,85" hai2="0,36,33,82,90,42,49,105,53,112,100,95,106" hai3="119,52,79,58,111,124,118,130,77,55,110,25,76"/><T93/><D114/><U122/><E72/><V27/><F112/><W86/><G124/><T5/><D5/><U32/><E126/><V87/><F0/><W24/><G130/><T45/><D135/><U128/><E128/><V30/><F100/><W31/><G86/><T123/><D123/><U48/><E134/><V22/><F33/><W64/><G64/><T129/><D129/><U71/><E4/><V15/><F15/><W109/><G58/><T74/><D74/><U132/><E132/><V28/><F28/><W88/><G88/><T7/><D7/><U101/><E101/><V6/><F6/><W2/><G2/><T13/><D13/><U16/><E44/><V60/><F60/><W117/><G31/><T99/><D84/><U116/><E116/><V11/><F11/><W108/><G108/><T104/><D104/><U70/><E85/><V59/><REACH who="2" step="1"/><F82/><REACH who="2" ten="250,250,240,250" step="2"/><W9/><G9/><T51/><D29/><U12/><E61/><V83/><F83/><W73/><G73/><T131/><D131/><U20/><REACH who="1" step="1"/><E17/><REACH who="1" ten="250,240,240,250" step="2"/><V66/><F66/><W127/><G127/><T19/><D67/><U39/><E39/><V121/><F121/><AGARI ba="0,2" hai="12,16,20,32,34,35,46,48,54,70,71,120,121,122" machi="121" ten="50,3200,0" yaku="1,1,54,1,53,0" doraHai="37" doraHaiUra="26" who="1" fromWho="2" sc="250,0,240,52,240,-32,250,0" /><INIT seed="1,0,0,3,4,82" ten="250,292,208,250" oya="1" hai0="19,132,69,134,75,45,93,130,135,63,68,62,97" hai1="6,76,49,61,22,127,12,37,119,91,60,11,50" hai2="33,131,67,15,85,18,133,94,28,17,121,92,71" hai3="129,2,107,55,27,83,108,100,36,38,44,9,35"/><U10/><E119/><V8/><F121/><W13/><G2/><T86/><D75/><U57/><E127/><V66/><F133/><W101/><G108/><T7/><D7/><U81/><E37/><V20/><F131/><W65/><G65/><T26/><D130/><U102/><E102/><V56/><F71/><W118/><G129/><T98/><D45/><U51/><E91/><V3/><F3/><W122/><G122/><T128/><D128/><U112/><E112/><V87/><F28/><W34/><G55/><T95/><D19/><U77/><E22/><V23/><F33/><W53/><G53/><T39/><D26/><U46/><E46/><V84/><F8/><W48/><G83/><T43/><D43/><U59/><E81/><V14/><F66/><W104/><G48/><T106/><D106/><U25/><E25/><V103/><F103/><W58/><G58/><T64/><D64/><U24/><E24/><V73/><F73/><W117/><G44/><T16/><D16/><U110/><E110/><V80/><F80/><W99/><G27/><T126/><D126/><U90/><E90/><V42/><F42/><W70/><G70/><N who="0" m="27243" /><D86/><U123/><E123/><V115/><F115/><W120/><G120/><T31/><D31/><U124/><E124/><V105/><F105/><W125/><G125/><T47/><D47/><U41/><E41/><V40/><F40/><W32/><G104/><T88/><D39/><N who="3" m="14889" /><G101/><AGARI ba="0,0" hai="62,63,88,93,95,97,98,101,132,134,135" m="27243" machi="101" ten="40,2600,0" yaku="20,1,54,1" doraHai="82" who="0" fromWho="3" sc="250,26,292,0,208,0,250,-26" /><INIT seed="2,0,0,1,0,88" ten="276,292,208,224" oya="2" hai0="17,103,79,75,7,126,6,91,29,112,105,65,35" hai1="82,28,127,71,11,108,42,2,56,39,61,63,89" hai2="9,76,101,49,14,13,37,53,121,72,50,22,98" hai3="130,24,40,21,114,116,115,99,83,85,92,10,134"/><V48/><F121/><W33/><G116/><T36/><D112/><N who="3" m="43049" /><G130/><T18/><D36/><U62/><E71/><V4/><F37/><W15/><G134/><T97/><D126/><U23/><E127/><V54/><F72/><W133/><G133/><T30/><D65/><N who="1" m="39079" /><E39/><V64/><F64/><W111/><G40/><T19/><D35/><U124/><E2/><V31/><F76/><W34/><G111/><T41/><D41/><U84/><E124/><V44/><F53/><W69/><G69/><T131/><D131/><U26/><E108/><V57/><F57/><W12/><G85/><T117/><D117/><U66/><E66/><V8/><F22/><W110/><G83/><T3/><D3/><U27/><E27/><V70/><F70/><W77/><G77/><T95/><D30/><U93/><E11/><V107/><REACH who="2" step="1"/><F31/><REACH who="2" ten="276,292,198,224" step="2"/><N who="3" m="17807" /><G110/><T47/><D47/><U78/><E42/><V60/><F60/><W120/><G120/><T5/><D29/><U80/><E78/><V74/><F74/><W123/><G123/><T0/><D0/><U52/><E63/><V68/><F68/><W1/><G33/><T87/><D75/><U46/><E62/><V113/><F113/><W109/><G34/><T96/><REACH who="0" step="1"/><D79/><REACH who="0" ten="266,292,198,224" step="2"/><U94/><E28/><V55/><F55/><W59/><G109/><T25/><D25/><U132/><E26/><V102/><F102/><N who="3" m="60775" /><G59/><T58/><D58/><U106/><E46/><V129/><F129/><W119/><G119/><T32/><D32/><U45/><E45/><V125/><F125/><W100/><G100/><T128/><D128/><U90/><E132/><RYUUKYOKU ba="0,2" sc="266,10,292,-30,198,10,224,10" hai0="5,6,7,17,18,19,87,91,95,96,97,103,105" hai2="4,8,9,13,14,44,48,49,50,54,98,101,107" hai3="1,10,12,15" /><INIT seed="2,1,2,1,5,60" ten="276,262,208,234" oya="2" hai0="27,23,30,114,128,95,21,127,20,88,72,70,89" hai1="19,29,3,103,106,125,68,118,62,17,71,76,97" hai2="104,115,25,117,49,7,109,81,43,113,84,74,108" hai3="54,100,94,39,40,90,83,0,67,66,91,4,86"/><V78/><F117/><W1/><G100/><T14/><D114/><N who="2" m="43530" /><F104/><W8/><G0/><T18/><D72/><U110/><E118/><V134/><F25/><W51/><G40/><T42/><D70/><U22/><E110/><N who="2" m="42603" /><F134/><W58/><REACH who="3" step="1"/><G39/><REACH who="3" ten="276,262,208,224" step="2"/><T132/><D42/><U48/><E3/><V133/><F133/><W92/><G92/><T5/><D132/><U131/><E103/><V36/><F36/><W26/><G26/><T96/><D128/><U41/><E41/><V34/><F34/><W126/><G126/><T135/><D127/><U107/><E125/><V102/><F102/><W105/><G105/><T15/><D135/><U120/><E106/><V82/><F43/><W112/><G112/><T99/><D95/><U73/><E107/><V80/><F74/><W124/><G124/><T75/><D75/><U130/><E73/><V87/><F78/><W101/><G101/><T77/><D77/><U55/><E76/><V38/><F38/><W50/><G50/><T63/><D27/><N who="1" m="16631" /><E48/><V24/><F49/><W9/><G9/><T122/><D89/><U98/><E130/><V6/><F24/><W116/><G116/><T59/><D88/><U44/><E131/><V46/><F46/><W13/><G13/><T16/><D15/><U12/><E44/><V61/><F61/><W37/><G37/><T57/><D14/><U45/><E45/><V28/><F28/><W2/><G2/><T129/><D63/><U56/><E12/><V93/><F93/><W10/><G10/><T11/><D30/><U121/><E62/><V79/><F79/><W64/><G64/><RYUUKYOKU ba="1,3" sc="276,-15,262,-15,208,15,224,15" hai2="6,7,80,81,82,84,87" hai3="1,4,8,51,54,58,66,67,83,86,90,91,94" /><INIT seed="2,2,3,5,1,26" ten="261,247,223,239" oya="2" hai0="61,81,85,55,102,109,82,113,37,62,48,24,86" hai1="27,31,45,78,54,83,126,12,60,29,75,18,22" hai2="43,80,132,41,51,63,23,5,106,71,121,69,99" hai3="87,59,42,77,117,40,35,0,120,28,38,32,34"/><V100/><F121/><W125/><G120/><T3/><D37/><U57/><E126/><V110/><F5/><W104/><G117/><T21/><D3/><U74/><E74/><V105/><F105/><W114/><G104/><T8/><D102/><U17/><REACH who="1" step="1"/><E45/><REACH who="1" ten="261,237,223,239" step="2"/><V64/><F132/><W103/><G125/><T97/><D113/><U127/><E127/><V44/><F110/><W119/><G114/><T2/><D109/><U58/><E58/><V124/><F124/><W134/><G59/><T70/><D70/><U73/><E73/><V118/><F118/><W11/><G134/><T112/><D112/><U39/><E39/><V93/><F69/><W123/><G38/><T135/><D135/><U65/><E65/><V46/><F80/><W128/><G119/><T15/><D82/><U130/><E130/><V36/><F106/><W67/><G128/><T49/><D81/><U76/><E76/><V16/><F36/><W90/><G77/><T30/><D49/><U98/><E98/><V72/><F72/><W7/><G123/><T66/><D97/><U111/><E111/><V89/><F44/><W68/><G68/><T6/><D66/><U9/><AGARI ba="2,4" hai="9,12,17,18,22,27,29,31,54,57,60,75,78,83" machi="9" ten="20,8000,1" yaku="1,1,0,1,7,1,52,2,53,0" doraHai="26" doraHaiUra="92" who="1" fromWho="1" sc="261,-22,237,126,223,-42,239,-22" /><INIT seed="3,0,0,4,3,53" ten="239,363,181,217" oya="3" hai0="104,75,30,126,58,135,86,15,39,106,76,92,118" hai1="111,74,51,125,129,60,98,99,52,57,45,67,17" hai2="72,1,103,48,40,19,110,133,65,109,47,31,127" hai3="2,122,5,132,22,97,131,63,83,3,6,28,55"/><W85/><G122/><T9/><D39/><U49/><E74/><V4/><F72/><W26/><G131/><T56/><D118/><U0/><E111/><V20/><F31/><W59/><G132/><T11/><D75/><U93/><E125/><V124/><F103/><W107/><G107/><T44/><D30/><U13/><E0/><V89/><F89/><W61/><G97/><T37/><D11/><N who="1" m="6335" /><E129/><V80/><F80/><W81/><G81/><T27/><D44/><N who="1" m="27687" /><E93/><V64/><F4/><N who="3" m="1643" /><G2/><T50/><D92/><U78/><E78/><V102/><F1/><W84/><G3/><T96/><D76/><U34/><E34/><V90/><F90/><N who="3" m="51487" /><G85/><T123/><D86/><U113/><E113/><V10/><F102/><W21/><G21/><T14/><D123/><U134/><E134/><V105/><F105/><W79/><G79/><T69/><D135/><U94/><E94/><V7/><F7/><W66/><G66/><T73/><D73/><U128/><E128/><V82/><F133/><W117/><G117/><T68/><D126/><N who="2" m="48170" /><F82/><W77/><G77/><T120/><D120/><U71/><E71/><V8/><F65/><W95/><G95/><T121/><D121/><U46/><E98/><V43/><F64/><W70/><G70/><T24/><D96/><U18/><E99/><V119/><F119/><W25/><G26/><T101/><D101/><U38/><E67/><V62/><F43/><W23/><G22/><T88/><D106/><U91/><E91/><V112/><F112/><W36/><G36/><T29/><D104/><U42/><E38/><V32/><F20/><RYUUKYOKU ba="0,0" sc="239,-10,363,-10,181,-10,217,30" hai3="23,25,28,55,59,61,63" /><INIT seed="3,1,0,0,5,34" ten="229,353,171,247" oya="3" hai0="112,2,9,39,124,41,53,105,46,118,123,84,91" hai1="43,76,121,29,62,67,122,128,22,126,73,117,30" hai2="50,28,72,95,4,3,48,23,7,107,127,52,108" hai3="83,45,15,63,98,96,78,55,56,75,133,36,100"/><W51/><G133/><T81/><D118/><U61/><E126/><V58/><F107/><W16/><G36/><T27/><D123/><U38/><E128/><V26/><F127/><W130/><G130/><T13/><D105/><U57/><E117/><V25/><F72/><W115/><G115/><T10/><D112/><U68/><E30/><V49/><F108/><W40/><REACH who="3" step="1"/><G100/><REACH who="3" ten="229,353,171,237" step="2"/><T33/><D124/><U101/><E101/><V106/><F106/><W94/><G94/><T20/><D39/><U37/><E38/><V104/><F104/><W97/><G97/><T109/><D109/><U89/><E37/><V42/><F95/><W60/><G60/><T24/><D33/><U93/><E62/><V82/><F82/><W65/><G65/><T17/><D81/><U77/><E67/><V88/><F88/><W134/><G134/><T87/><D91/><U131/><E131/><V103/><F103/><W69/><G69/><T102/><D102/><U54/><E68/><V31/><F42/><W99/><G99/><T125/><D41/><U0/><E43/><V135/><F135/><W113/><G113/><T6/><D125/><U47/><E61/><V90/><F90/><W79/><G79/><T71/><D71/><U1/><E77/><V18/><F50/><W59/><G59/><T32/><D32/><U132/><E132/><V85/><F49/><W110/><G110/><T64/><D64/><U8/><E57/><V11/><F85/><W70/><G70/><T80/><D87/><U14/><E76/><V66/><F66/><W12/><G12/><T120/><D84/><RYUUKYOKU ba="1,1" sc="229,-10,353,-10,171,-10,237,30" hai3="15,16,40,45,51,55,56,63,75,78,83,96,98" /><INIT seed="3,2,1,3,5,70" ten="219,343,161,267" oya="3" hai0="26,102,79,41,90,14,29,59,65,7,62,25,28" hai1="108,20,47,24,2,113,129,76,73,18,117,17,11" hai2="9,56,86,51,107,123,45,82,16,89,95,93,105" hai3="84,54,130,69,64,109,96,120,4,35,36,85,33"/><W3/><G120/><T133/><D79/><U67/><E108/><V63/><F123/><W88/><G130/><T71/><D102/><U99/><E129/><V135/><F135/><W57/><G109/><T49/><D71/><U114/><E117/><V121/><F121/><W77/><G96/><T119/><D119/><U131/><E131/><V98/><F105/><W61/><G36/><T66/><D66/><U31/><E67/><V13/><F107/><W23/><G77/><T21/><D90/><U104/><E47/><V111/><F111/><W78/><G78/><T118/><D118/><U46/><E46/><V72/><F72/><W52/><G84/><T68/><D68/><U127/><E18/><V40/><REACH who="2" step="1"/><F98/><REACH who="2" ten="219,343,151,267" step="2"/><W128/><G128/><T0/><D133/><U27/><E99/><V112/><F112/><W5/><G85/><T30/><D0/><U22/><E104/><V87/><F87/><W132/><G3/><T1/><D1/><U19/><E2/><V15/><F15/><W48/><G132/><T97/><D97/><U110/><E110/><V32/><F32/><W44/><G35/><T100/><D14/><N who="1" m="7391" /><E73/><V80/><F80/><W101/><G33/><T50/><D100/><U12/><E76/><V125/><F125/><W134/><G101/><T103/><D103/><U115/><E127/><V124/><F124/><W74/><G134/><T83/><D83/><U116/><E116/><V122/><F122/><W58/><G74/><T75/><D75/><U60/><E115/><V6/><F6/><W53/><G4/><T91/><D7/><U38/><E114/><RYUUKYOKU ba="2,2" sc="219,-10,343,-10,151,30,267,-10" hai2="9,13,16,40,45,51,56,63,82,86,89,93,95" owari="209,-19.1,353,45.3,181,-31.9,257,5.7" /></mjloggm>