<mjloggm ver="2.3"><GO type="225" lobby="0"/><UN n0="%E3%81%B5%E3%81%98%E3%81%8B%E3%81%A4" n1="%E3%81%99%E3%81%84%E3%81%BE%E3%81%9B%E3%83%BC%E3%82%93" n2="%E6%9D%B1%E9%A2%A8%E3%81%AE%E3%81%8D%E3%82%83%E3%81%B7%E3%81%95%E3%82%93" n3="%E8%B6%85%E7%B4%9A%E9%B3%B3%E5%87%B0" dan="16,18,17,17" rate="2166.27,2200.80,2170.16,2176.53" sx="M,M,M,F"/><TAIKYOKU oya="0"/><INIT seed="0,0,0,5,2,20" ten="250,250,250,250" oya="0" hai0="117,58,56,86,109,29,124,61,43,11,28,1,21" hai1="45,17,14,130,50,8,118,2,111,40,113,83,94" hai2="63,106,84,96,32,79,72,129,67,34,59,93,132" hai3="42,62,13,3,33,44,89,71,77,92,110,57,10"/><T48/><D117/><U128/><E118/><V82/><F132/><W24/><G110/><T27/><D109/><U95/><E111/><V25/><F129/><N who="1" m="49769" /><E113/><V23/><F106/><W51/><G71/><T19/><D124/><U105/><E105/><V37/><F72/><W114/><G114/><T5/><D86/><U69/><E69/><V80/><F80/><W15/><G3/><T41/><D29/><U120/><E120/><V119/><F37/><W53/><G77/><T39/><D39/><U68/><E68/><V123/><F123/><W97/><REACH who="3" step="1"/><G10/><REACH who="3" ten="250,250,250,240" step="2"/><T103/><D103/><U70/><E70/><V0/><F0/><W18/><G18/><T135/><D135/><U121/><E121/><V36/><F119/><W127/><G127/><T115/><D115/><U104/><E2/><V90/><REACH who="2" step="1"/><F36/><REACH who="2" ten="250,250,240,240" step="2"/><W107/><G107/><T52/><REACH who="0" step="1"/><D19/><AGARI ba="0,2" hai="19,23,25,32,34,59,63,67,79,82,84,90,93,96" machi="19" ten="30,7700,0" yaku="1,1,2,1,7,1,52,1,53,0" doraHai="20" doraHaiUra="100" who="2" fromWho="0" sc="250,-77,250,0,240,97,240,0" /><INIT seed="1,0,0,5,2,65" ten="173,250,337,240" oya="1" hai0="57,134,42,89,66,0,79,99,120,105,3,54,5" hai1="25,84,81,28,83,31,129,68,119,37,52,131,123" hai2="126,117,23,67,103,59,41,76,11,113,60,1,39" hai3="34,9,92,75,102,115,18,132,100,20,104,85,101"/><U74/><E119/><V125/><F117/><W77/><G115/><T16/><D120/><U111/><E123/><V62/><F113/><W27/><G132/><T63/><D134/><U46/><E111/><V73/><F103/><W90/><G34/><T56/><D42/><U97/><E68/><N who="2" m="42087" /><F23/><W96/><REACH who="3" step="1"/><G9/><REACH who="3" ten="173,250,337,230" step="2"/><T33/><D33/><U80/><E131/><V12/><F11/><W78/><G78/><T72/><D79/><U98/><E129/><V93/><F76/><W106/><G106/><T118/><D105/><U95/><E74/><V128/><F73/><W17/><G17/><T4/><D72/><U88/><E31/><V114/><F128/><W107/><G107/><T130/><D130/><U50/><REACH who="1" step="1"/><E37/><REACH who="1" ten="173,240,337,230" step="2"/><V124/><F39/><W21/><G21/><AGARI ba="0,2" hai="21,25,28,46,50,52,80,81,83,84,88,95,97,98" machi="21" ten="40,18000,2" yaku="1,1,2,1,8,1,54,2,53,1" doraHai="65" doraHaiUra="51" who="1" fromWho="3" sc="173,0,240,200,337,0,230,-180" /><INIT seed="1,1,0,4,5,71" ten="173,440,337,50" oya="1" hai0="76,89,59,111,117,35,94,126,46,100,127,74,99" hai1="78,122,102,17,70,24,1,21,10,49,109,12,90" hai2="20,11,34,29,36,91,98,39,56,115,96,54,107" hai3="25,135,108,28,82,68,130,113,27,104,128,92,86"/><U63/><E122/><V80/><F115/><W7/><G113/><T53/><D35/><U50/><E1/><V110/><F110/><W14/><G104/><T41/><D111/><U77/><E109/><V84/><F34/><W64/><G108/><T0/><D0/><U119/><E119/><V22/><F11/><W26/><G135/><T57/><D117/><U124/><E124/><N who="0" m="47657" /><D76/><U51/><E102/><V105/><F105/><W16/><G7/><T132/><D74/><U114/><E114/><V88/><F107/><W15/><G28/><T60/><D59/><U52/><E90/><V129/><F129/><W73/><G73/><T131/><D131/><N who="3" m="50217" /><G92/><T3/><D3/><U83/><E83/><V118/><F118/><W101/><G101/><T2/><D2/><U123/><E123/><V79/><F79/><N who="1" m="30217" /><E70/><V103/><F103/><W58/><G68/><T6/><D6/><N who="1" m="3159" /><E63/><V38/><F91/><W134/><G134/><T97/><D100/><U18/><E18/><V4/><F4/><W125/><G125/><T93/><D93/><U8/><E8/><V87/><F87/><W9/><G86/><N who="0" m="52535" /><D132/><U32/><E32/><V43/><F80/><W116/><G116/><T47/><D99/><U40/><E40/><V44/><F98/><W95/><G95/><T55/><D41/><U121/><E121/><V65/><F96/><W45/><G82/><T42/><D42/><U69/><E69/><V120/><F43/><W23/><G9/><T81/><D97/><U72/><E72/><V19/><F120/><W112/><G112/><T48/><D81/><U67/><E67/><RYUUKYOKU ba="1,0" sc="173,15,440,15,337,-15,50,-15" hai0="46,47,48,53,55,57,60" hai1="17,21,24,49,50,51,52" /><INIT seed="1,2,0,3,0,99" ten="188,455,322,35" oya="1" hai0="71,100,45,79,125,73,113,110,115,114,10,34,39" hai1="38,69,117,23,92,118,65,22,35,53,103,129,72" hai2="132,94,107,13,127,104,27,51,42,18,19,76,126" hai3="64,17,62,93,130,47,46,122,75,95,31,55,29"/><U60/><E129/><V44/><F76/><W28/><G122/><T30/><D110/><U68/><E68/><V40/><F94/><W66/><G75/><T12/><D125/><N who="2" m="47626" /><F40/><W16/><G130/><T1/><D71/><U5/><E35/><V67/><F67/><N who="3" m="25643" /><G55/><T78/><D78/><U85/><E72/><V105/><F132/><W120/><G62/><T4/><D12/><U80/><E38/><V88/><F27/><W124/><G124/><T106/><D79/><U2/><E53/><V24/><F24/><W58/><G58/><T8/><D8/><U109/><E109/><V59/><F59/><W3/><G3/><T32/><D30/><U133/><E133/><V56/><F56/><W84/><G120/><T43/><D73/><U131/><E131/><V123/><F123/><W96/><G84/><T90/><D90/><U26/><E85/><V135/><F88/><N who="3" m="55335" /><G95/><T70/><D70/><U48/><E92/><V119/><F135/><W87/><G87/><T98/><AGARI ba="2,0" hai="1,4,10,32,34,39,43,45,98,100,106,113,114,115" machi="98" ten="40,8000,1" yaku="0,1,23,2,52,1" doraHai="99" who="0" fromWho="0" sc="188,86,455,-42,322,-22,35,-22" /><INIT seed="2,0,0,4,4,97" ten="274,413,300,13" oya="2" hai0="88,111,17,51,86,116,133,36,1,12,23,122,52" hai1="0,45,5,63,89,4,131,61,39,30,46,134,118" hai2="101,132,43,96,54,73,11,50,41,18,125,114,90" hai3="130,22,28,56,48,92,115,123,29,81,109,68,47"/><V34/><F34/><W55/><G123/><T62/><D122/><U57/><E118/><V25/><F73/><W120/><G120/><T127/><D116/><U3/><E89/><V21/><F132/><W72/><G68/><T70/><D133/><U104/><E104/><V15/><F114/><W7/><G115/><T19/><D36/><U103/><E57/><V33/><F90/><W102/><G109/><T124/><D111/><U129/><E30/><V91/><F91/><W85/><G130/><T60/><D70/><U9/><E9/><V119/><F33/><W16/><G7/><T87/><D87/><U95/><E95/><N who="2" m="58527" /><F125/><N who="0" m="48202" /><D19/><U64/><E39/><V26/><F119/><W71/><G71/><T83/><D1/><U100/><E134/><V37/><F37/><W107/><G107/><T74/><D74/><U10/><E10/><V14/><F14/><W112/><G112/><T79/><D79/><U94/><E94/><V80/><F80/><W126/><G126/><T40/><D40/><N who="2" m="15434" /><F11/><W24/><G72/><T110/><D110/><U84/><E84/><V98/><F98/><N who="3" m="59719" /><G47/><AGARI ba="0,0" hai="12,17,23,47,51,52,60,62,83,86,88" m="48202" machi="47" ten="30,3900,0" yaku="18,1,54,2" doraHai="97" who="0" fromWho="3" sc="274,39,413,0,300,0,13,-39" /><AGARI ba="0,0" hai="15,18,21,25,26,47,50,54" m="15434,58527" machi="47" ten="30,2900,0" yaku="8,1,52,1" doraHai="97" who="2" fromWho="3" sc="313,0,413,0,300,29,-26,-29" owari="313,-8.7,413,51.3,329,12.9,-55,-55.5" /></mjloggm>