<mjloggm ver="2.3"><GO type="225" lobby="0"/><UN n0="%48%61%61%61%6C%61%6E%64" n1="%E3%83%AD%E3%83%83%E3%83%86%E9%9B%80%E7%90%83" n2="%E5%8F%8B%E4%BA%BA%45" n3="%E2%91%A3%E9%81%BF%E9%81%8A%E6%88%AF%E3%80%90%E6%9D%B1%E5%8D%97%E3%80%91" dan="17,17,16,16" rate="2268.53,2175.82,2006.67,2112.99" sx="M,M,F,M"/><TAIKYOKU oya="0"/><INIT seed="0,0,0,5,2,130" ten="250,250,250,250" oya="0" hai0="20,100,92,22,33,52,14,83,116,74,64,61,62" hai1="3,63,91,55,0,103,44,65,127,59,114,80,21" hai2="40,94,15,118,41,69,97,26,81,115,86,57,30" hai3="58,24,98,23,101,84,135,34,124,37,53,125,7"/><T77/><D116/><U111/><E111/><V43/><F69/><W131/><G34/><T27/><D14/><U78/><E127/><V54/><F15/><W132/><G37/><T45/><D33/><U66/><E114/><V134/><F115/><W119/><G119/><T99/><D27/><U129/><E129/><V50/><F118/><W28/><G7/><T31/><D31/><U107/><E91/><V51/><F134/><N who="3" m="51243" /><G84/><T110/><D110/><U56/><E44/><N who="2" m="25887" /><F26/><W70/><G70/><T67/><D67/><U68/><E66/><V11/><F11/><W17/><G28/><T18/><D18/><U93/><E21/><V60/><F51/><N who="3" m="31039" /><G131/><T113/><D113/><U87/><E87/><V89/><F30/><W36/><G36/><T85/><D85/><U39/><E39/><V10/><F10/><W123/><G123/><T117/><D117/><U71/><E71/><V104/><F104/><AGARI ba="0,0" hai="17,23,24,98,101,104,124,125" m="31039,51243" machi="104" ten="30,7700,0" yaku="20,1,52,3" doraHai="130" who="3" fromWho="2" sc="250,0,250,0,250,-77,250,77" /><INIT seed="1,0,0,4,2,96" ten="250,250,173,327" oya="1" hai0="121,29,4,126,23,80,20,73,35,52,25,128,47" hai1="83,58,28,19,116,62,115,97,127,104,61,30,108" hai2="86,16,40,54,79,111,1,95,122,57,120,36,60" hai3="51,135,0,119,12,84,107,27,77,130,76,42,64"/><U37/><E115/><V55/><F1/><W67/><G0/><T114/><D114/><U93/><E116/><V117/><F117/><W34/><G119/><T41/><D126/><U59/><E37/><V112/><F112/><W74/><G74/><T103/><D128/><U44/><E104/><V3/><F3/><W7/><G107/><T81/><D121/><U89/><E127/><V88/><F111/><W82/><G77/><T17/><D4/><U43/><E108/><V6/><F6/><W50/><G50/><T70/><D70/><U9/><E83/><V78/><F40/><W69/><G69/><T49/><D103/><U22/><E9/><V39/><F39/><W94/><G94/><T24/><D73/><U105/><E105/><V53/><F36/><W71/><G71/><T134/><D134/><U85/><E44/><V101/><F120/><W21/><G34/><T45/><REACH who="0" step="1"/><D35/><REACH who="0" ten="240,250,173,327" step="2"/><U32/><E32/><V118/><F122/><W2/><G135/><T113/><D113/><U132/><E132/><V31/><F101/><W133/><G133/><T106/><D106/><U72/><E72/><V68/><F68/><W99/><G130/><T18/><D18/><U15/><E19/><V91/><F118/><W123/><G123/><T38/><AGARI ba="0,1" hai="17,20,23,24,25,29,38,41,45,47,49,52,80,81" machi="38" ten="20,5200,0" yaku="1,1,0,1,7,1,54,1,53,0" doraHai="96" doraHaiUra="129" who="0" fromWho="0" sc="240,62,250,-26,173,-13,327,-13" /><INIT seed="2,0,0,2,4,128" ten="302,224,160,314" oya="2" hai0="95,94,9,107,39,83,110,4,14,33,59,34,22" hai1="47,32,36,38,130,16,44,6,55,10,90,109,61" hai2="87,84,57,82,26,40,75,118,98,125,129,123,15" hai3="46,53,79,77,74,76,7,119,108,105,111,21,54"/><V86/><F123/><W120/><G120/><T64/><D107/><U56/><E32/><V28/><F118/><W31/><G119/><T2/><D39/><U85/><E130/><V63/><F129/><W45/><G74/><T70/><D70/><U68/><E109/><N who="3" m="42058" /><G7/><T37/><D37/><U73/><E73/><V114/><F114/><W1/><G1/><T65/><D110/><U92/><E38/><V24/><F125/><W62/><G105/><T13/><D2/><U101/><E36/><V91/><F40/><W116/><G116/><T97/><D83/><U48/><E101/><V29/><F75/><W88/><G88/><N who="0" m="55495" /><D33/><U8/><E68/><V113/><F98/><W106/><G106/><T102/><D34/><U122/><E122/><V135/><F113/><W41/><G62/><N who="0" m="37983" /><D65/><U60/><E60/><V25/><F15/><W0/><G0/><T96/><D13/><N who="1" m="7223" /><E61/><V50/><F50/><N who="3" m="26927" /><G46/><N who="1" m="17450" /><E6/><V127/><F127/><W67/><G67/><T103/><D103/><U134/><E90/><V112/><F112/><W93/><G93/><T69/><D69/><U80/><E92/><V49/><F49/><W12/><G12/><T35/><D4/><U121/><E8/><V3/><F3/><W72/><G72/><T132/><D9/><U115/><E121/><V20/><F26/><AGARI ba="0,0" hai="21,26,31,53,54,76,77,79" m="26927,42058" machi="26" ten="30,1000,0" yaku="14,1" doraHai="128" who="3" fromWho="2" sc="302,0,224,0,160,-10,314,10" /><INIT seed="3,0,0,4,2,130" ten="302,224,150,324" oya="3" hai0="134,133,72,49,38,79,77,55,50,23,119,95,45" hai1="76,73,57,123,125,78,98,51,40,87,20,22,24" hai2="35,96,86,5,109,132,80,53,61,9,82,85,63" hai3="81,94,65,1,83,31,106,107,105,8,30,7,88"/><W114/><G114/><T113/><D119/><U54/><E125/><V34/><F96/><W3/><G65/><T64/><D113/><U89/><E123/><V27/><F109/><W121/><G121/><T56/><D64/><U4/><E73/><V118/><F118/><W91/><G1/><T131/><D131/><U93/><E4/><V11/><F5/><W25/><G31/><T126/><D126/><U33/><E33/><V67/><F67/><W84/><REACH who="3" step="1"/><G91/><REACH who="3" ten="302,224,150,314" step="2"/><T104/><D133/><U47/><E89/><V74/><F74/><W101/><G101/><T75/><D134/><U117/><E117/><V52/><F27/><W103/><G103/><T92/><D75/><U122/><E24/><V116/><F116/><W29/><G29/><T100/><D72/><U59/><E122/><V19/><F19/><W42/><G42/><T46/><D100/><U41/><E40/><V26/><F26/><W36/><G36/><T111/><D38/><U32/><E41/><V68/><REACH who="2" step="1"/><F132/><REACH who="2" ten="302,224,140,314" step="2"/><W10/><G10/><T62/><D111/><U127/><E127/><V70/><AGARI ba="0,2" hai="9,11,34,35,52,53,61,63,68,70,80,82,85,86" machi="70" ten="25,16000,3" yaku="1,1,2,1,0,1,22,2,54,1,53,2" doraHai="130" doraHaiUra="6" who="2" fromWho="2" sc="302,-40,224,-40,140,180,314,-80" owari="262,6.2,184,-31.6,320,42.0,234,-16.6" /></mjloggm>