<mjloggm ver="2.3"><GO type="225" lobby="0"/><UN n0="%E3%82%B2%E3%82%B9%E8%8C%82%E5%8B%9D" n1="%E3%81%82%E3%81%99%E3%81%AB%E3%82%83%E3%82%80" n2="%E3%83%A9%E3%83%BC%E3%83%A1%E3%83%B3%E4%BA%94%E9%83%8E" n3="%E6%B8%A9%E2%98%85%E6%83%85%E2%98%85%E6%8E%AA%E2%98%85%E7%BD%AE" dan="16,16,16,17" rate="2104.23,2143.03,2055.92,2251.93" sx="F,F,M,M"/><TAIKYOKU oya="0"/><INIT seed="0,0,0,5,0,108" ten="250,250,250,250" oya="0" hai0="118,32,99,58,24,89,126,76,120,40,92,84,61" hai1="86,103,39,38,55,31,7,102,22,16,106,111,72" hai2="47,133,6,85,135,95,78,9,33,8,2,46,56" hai3="51,68,122,121,45,29,82,36,54,0,30,65,117"/><T13/><D126/><U67/><E72/><V116/><F116/><W17/><G117/><T110/><D118/><U74/><E74/><V10/><F33/><W114/><G114/><T131/><D131/><U130/><E111/><V87/><F56/><W81/><G0/><T5/><D110/><U28/><E130/><V73/><F73/><W129/><G129/><T112/><D120/><N who="3" m="46185" /><G17/><T44/><D112/><U124/><E7/><V105/><F105/><W62/><G36/><T97/><D76/><U53/><E67/><V101/><F6/><W134/><G134/><N who="2" m="51209" /><F2/><W113/><G113/><T48/><D24/><U88/><E124/><V107/><F107/><W94/><G94/><T69/><D69/><U132/><E132/><V26/><F26/><W109/><G109/><T115/><D32/><U66/><E66/><V128/><F128/><W75/><G75/><T77/><D77/><U96/><E103/><V100/><F78/><W59/><G68/><T42/><D42/><U90/><E90/><N who="2" m="53711" /><F87/><W123/><N who="3" m="46193" /><W1/><DORA hai="50" /><G1/><T49/><D115/><U104/><E104/><V43/><F47/><W4/><G4/><T21/><D5/><U25/><E28/><AGARI ba="0,0" hai="28,29,30,45,51,54,59,62,65,81,82" m="46193" machi="28" ten="40,2600,0" yaku="13,1,52,1" doraHai="108,50" who="3" fromWho="1" sc="250,0,250,-26,250,0,250,26" /><INIT seed="1,0,0,2,1,127" ten="250,224,250,276" oya="1" hai0="63,113,80,49,128,6,2,16,129,20,73,133,65" hai1="36,118,108,14,123,9,120,46,28,18,37,59,56" hai2="98,99,90,3,111,0,57,33,109,64,75,82,10" hai3="132,112,131,77,35,94,119,122,89,42,21,83,116"/><U117/><E108/><N who="2" m="41547" /><F33/><W79/><G35/><T95/><D113/><U58/><E28/><V60/><F10/><W81/><G42/><T96/><D133/><U44/><E18/><V134/><F134/><W34/><G34/><T22/><D49/><U47/><E14/><V100/><F90/><W121/><G21/><T55/><D55/><U88/><E88/><V71/><F57/><W87/><G132/><T106/><D106/><U41/><E41/><V68/><F68/><W19/><G19/><T92/><D6/><U54/><E54/><V103/><F98/><N who="3" m="57679" /><G131/><N who="0" m="50251" /><D2/><N who="2" m="554" /><F99/><W27/><G27/><N who="0" m="14727" /><D96/><U17/><E17/><V23/><F23/><W38/><G38/><N who="1" m="14954" /><E9/><V29/><F29/><W53/><G53/><T15/><D15/><U40/><E40/><V8/><F8/><W26/><G26/><T126/><D126/><U7/><E7/><V50/><F50/><W45/><G112/><T104/><D104/><U4/><E4/><V12/><F12/><W62/><G62/><T61/><D22/><U102/><E102/><V91/><F103/><W30/><G30/><T110/><D110/><U125/><E125/><V107/><F100/><W76/><G45/><T72/><D61/><U11/><E11/><V39/><F107/><W51/><G51/><T97/><D97/><U78/><E78/><N who="2" m="44383" /><F39/><W93/><G76/><N who="0" m="44039" /><D73/><U135/><E135/><V1/><F1/><W69/><G77/><T13/><D13/><U25/><E25/><V67/><F91/><N who="3" m="53503" /><G79/><T85/><D85/><U101/><E101/><V5/><F5/><W124/><G124/><T52/><D52/><U66/><E66/><AGARI ba="0,0" hai="60,64,66,67,71" m="44383,554,41547" machi="66" ten="30,2000,0" yaku="6,1,14,1" doraHai="127" who="2" fromWho="1" sc="250,0,224,-20,250,20,276,0" /><INIT seed="2,0,0,4,4,101" ten="250,204,270,276" oya="2" hai0="38,130,51,47,37,126,39,99,113,109,106,108,20" hai1="32,74,21,89,55,0,117,67,83,97,23,45,48" hai2="116,69,90,54,81,122,11,35,62,4,9,34,91" hai3="19,25,132,14,84,71,53,107,82,92,88,110,123"/><V94/><F116/><W98/><G123/><T75/><D113/><U79/><E32/><V87/><F122/><W68/><G110/><N who="0" m="42603" /><D126/><U105/><E117/><V129/><F129/><W63/><G132/><T13/><D75/><U10/><E67/><V52/><F11/><W50/><G107/><T27/><D13/><U7/><REACH who="1" step="1"/><E89/><REACH who="1" ten="250,194,270,276" step="2"/><V44/><F90/><W6/><G88/><T22/><D130/><U111/><E111/><V119/><F119/><W66/><G66/><T118/><D118/><U5/><E5/><V65/><F34/><W73/><G6/><T29/><D20/><U28/><E28/><V40/><F35/><W124/><G124/><T133/><D133/><U56/><E56/><V86/><F69/><W77/><G71/><T102/><D37/><U26/><E26/><V125/><F125/><W61/><G68/><T16/><D29/><U70/><E70/><V76/><F65/><W135/><G25/><T49/><D49/><U104/><E104/><V100/><F91/><N who="3" m="55583" /><G135/><T128/><D128/><U85/><E85/><V3/><F86/><W57/><G73/><T58/><D58/><U43/><E43/><AGARI ba="0,1" hai="16,22,27,38,39,43,47,51,99,102,106" m="42603" machi="43" ten="30,3900,0" yaku="14,1,52,1,54,1" doraHai="101" who="0" fromWho="1" sc="250,49,194,-39,270,0,276,0" /><INIT seed="3,0,0,1,4,20" ten="299,155,270,276" oya="3" hai0="108,102,41,61,55,80,2,26,35,127,91,111,66" hai1="67,88,54,30,18,134,65,122,77,64,38,32,94" hai2="33,125,119,9,5,120,15,79,106,36,118,27,3" hai3="0,83,95,47,101,129,104,105,70,90,53,59,12"/><W49/><G0/><T42/><D127/><U92/><E122/><V50/><F106/><W124/><G124/><T68/><D2/><U39/><E134/><V109/><F50/><W71/><G129/><T75/><D55/><U87/><E77/><V1/><F79/><W89/><G105/><T98/><D75/><U11/><E54/><V7/><F36/><W117/><G117/><N who="2" m="44553" /><F125/><W114/><G114/><T43/><D91/><N who="3" m="34825" /><G71/><T135/><D80/><U82/><E38/><V72/><F72/><W23/><G70/><T131/><D135/><U4/><E18/><N who="2" m="8559" /><F120/><W103/><G104/><N who="0" m="63575" /><D131/><U130/><E39/><V110/><F1/><W34/><G34/><T74/><D74/><U99/><E130/><V29/><F3/><W132/><G132/><T60/><D60/><U63/><E63/><V76/><F76/><W57/><G83/><T133/><D133/><U93/><E32/><V45/><F45/><W81/><G81/><T85/><D85/><U84/><E84/><V62/><F62/><W10/><G23/><T22/><D22/><U31/><REACH who="1" step="1"/><E99/><REACH who="1" ten="299,145,270,276" step="2"/><V128/><F128/><W96/><G103/><T51/><D51/><U48/><E48/><V86/><F86/><W13/><G101/><T56/><D68/><U113/><E113/><V14/><F5/><N who="3" m="3151" /><G96/><T21/><D35/><U107/><E107/><V97/><F97/><W100/><G100/><T24/><D42/><U44/><E44/><V52/><F52/><W37/><G37/><T73/><D41/><U126/><E126/><V112/><F112/><W78/><G78/><T6/><D43/><U123/><E123/><RYUUKYOKU ba="0,1" sc="299,-15,145,15,270,15,276,-15" hai1="4,11,30,31,64,65,67,82,87,88,92,93,94" hai2="7,14,27,29,33,109,110" /><INIT seed="4,1,1,0,1,116" ten="284,160,285,261" oya="0" hai0="81,54,42,8,104,3,34,29,46,21,27,99,0" hai1="123,128,65,103,2,84,108,33,39,73,106,31,68" hai2="25,124,100,131,37,6,111,117,43,133,11,1,26" hai3="71,80,122,14,125,45,53,20,85,127,13,102,119"/><T66/><D54/><U60/><RYUUKYOKU type="yao9" ba="1,1" sc="284,0,160,0,285,0,261,0" hai1="2,31,33,39,60,65,68,73,84,103,106,108,123,128" /><INIT seed="4,2,1,2,0,92" ten="284,160,285,261" oya="0" hai0="41,28,60,16,89,34,101,7,66,19,131,69,114" hai1="127,49,35,129,132,24,125,29,2,3,108,117,130" hai2="32,8,65,23,105,124,58,36,57,72,91,11,56" hai3="99,79,87,62,33,53,64,96,54,68,15,113,100"/><T67/><D114/><U1/><E49/><V70/><F32/><W116/><G116/><T104/><D131/><N who="1" m="50187" /><E108/><V45/><F105/><W5/><G33/><T110/><D110/><U6/><E117/><V74/><F70/><W50/><G113/><T84/><D66/><U48/><E48/><V71/><F71/><W135/><G135/><T76/><D76/><U93/><E93/><V128/><F36/><W10/><G100/><T9/><D41/><U75/><E75/><V4/><F72/><W115/><G115/><T95/><D28/><U42/><E42/><V134/><F74/><W78/><G54/><T133/><D34/><U83/><E83/><V14/><F128/><W39/><G39/><T109/><D133/><U27/><E27/><V97/><F134/><W51/><G51/><T111/><D109/><U44/><E44/><V123/><F123/><W38/><G38/><T59/><D69/><U52/><E52/><V31/><F124/><N who="1" m="47689" /><E132/><V17/><F45/><W88/><G79/><T21/><D111/><U86/><E86/><V94/><F65/><W12/><G78/><T13/><D104/><U90/><E90/><V55/><F55/><W107/><G107/><T46/><D46/><U126/><N who="1" m="47697" /><U103/><DORA hai="20" /><E103/><V26/><F57/><N who="3" m="32951" /><G88/><T37/><D37/><U121/><E121/><V63/><F63/><W81/><G87/><T118/><D101/><U119/><E119/><V112/><F112/><W0/><G81/><T47/><D47/><U122/><E122/><V77/><F77/><W25/><G25/><N who="0" m="14503" /><D118/><U18/><E6/><AGARI ba="2,1" hai="6,7,9,13,19,59,60,67,84,89,95" m="14503" machi="6" ten="30,5800,0" yaku="8,1,52,1,54,1" doraHai="92,20" who="0" fromWho="1" sc="284,74,160,-64,285,0,261,0" owari="358,45.8,96,-40.4,285,8.5,261,-13.9" /></mjloggm>