<mjloggm ver="2.3"><GO type="225" lobby="0"/><UN n0="%E4%B8%89%E5%86%A0%E7%8E%8B%E3%83%BB%E5%B1%B1%E7%94%B0%E5%93%B2%E4%BA%BA" n1="%E5%8D%A0%E3%81%84%E5%B8%AB%E8%A3%8F%E3%81%AA%E3%81%84%E3%81%97" n2="%E6%B4%BE%E9%81%A3%E3%81%AE%E3%82%B8%E3%83%A3%E3%83%83%E3%82%AF" n3="%6D%75%75%6D%75%72%61" dan="16,16,17,17" rate="2122.56,2122.28,2202.18,2246.79" sx="M,M,M,F"/><TAIKYOKU oya="0"/><INIT seed="0,0,0,3,5,9" ten="250,250,250,250" oya="0" hai0="102,35,119,90,70,78,114,63,116,125,121,96,52" hai1="68,32,81,118,56,99,45,131,93,8,98,2,40" hai2="64,47,33,67,108,21,36,46,73,104,76,42,103" hai3="120,111,117,3,55,4,107,49,38,115,134,66,18"/><T74/><D114/><U34/><E68/><V75/><F33/><W105/><G38/><T54/><D121/><U80/><E118/><V88/><F104/><W62/><G117/><T29/><D125/><U15/><E2/><V27/><F103/><W19/><G115/><T87/><D119/><U57/><E131/><V6/><F6/><W16/><G120/><T79/><D116/><U92/><E8/><V135/><F135/><W7/><G134/><T30/><D74/><U129/><E45/><V128/><F108/><W39/><G39/><T83/><D78/><U97/><E97/><V22/><F128/><W59/><G111/><T14/><D79/><U89/><E129/><V26/><F76/><W124/><G124/><T122/><D122/><U37/><E37/><V51/><F36/><W58/><REACH who="3" step="1"/><G3/><REACH who="3" ten="250,250,250,240" step="2"/><T71/><D71/><U123/><E123/><V77/><F73/><W106/><AGARI ba="0,1" hai="4,7,16,18,19,49,55,58,59,62,66,105,106,107" machi="106" ten="40,8000,1" yaku="1,1,2,1,0,1,54,1,53,1" doraHai="9" doraHaiUra="61" who="3" fromWho="3" sc="250,-40,250,-20,250,-20,240,90" /><INIT seed="1,0,0,4,2,20" ten="210,230,230,330" oya="1" hai0="83,121,7,38,52,113,128,37,97,101,25,50,95" hai1="117,46,114,59,29,73,87,124,24,125,129,122,64" hai2="81,18,130,90,86,61,79,108,51,56,2,19,75" hai3="109,119,58,44,115,31,9,33,60,80,28,76,67"/><U110/><E73/><V102/><F108/><W65/><G115/><T39/><D113/><U103/><E114/><V120/><F120/><W62/><G109/><T36/><D121/><U127/><E122/><V89/><F130/><W10/><G119/><T34/><D128/><U91/><E129/><V16/><F2/><W68/><G44/><T54/><D7/><U43/><E103/><V74/><F102/><W70/><G58/><T123/><D123/><U111/><E117/><V92/><F51/><W32/><REACH who="3" step="1"/><G80/><REACH who="3" ten="210,230,230,320" step="2"/><T63/><D63/><N who="1" m="38015" /><E46/><V26/><F75/><W48/><G48/><T30/><N who="0" m="9216" /><DORA hai="23" /><T45/><REACH who="0" step="1"/><D83/><REACH who="0" ten="200,230,230,320" step="2"/><N who="1" m="49663" /><E43/><AGARI ba="0,2" hai="25,30,34,43,45,50,52,54,95,97,101" m="9216" machi="43" ten="70,8000,1" yaku="1,1,52,2,54,1,53,0" doraHai="20,23" doraHaiUra="126,11" who="0" fromWho="1" sc="200,100,230,-80,230,0,320,0" /><INIT seed="2,0,0,1,2,77" ten="300,150,230,320" oya="2" hai0="106,109,105,22,52,119,120,11,91,94,17,49,99" hai1="26,96,86,45,67,66,131,72,102,92,27,32,5" hai2="47,58,88,116,60,79,80,6,128,118,130,55,46" hai3="9,14,89,3,51,123,34,125,12,70,28,98,56"/><V23/><F23/><W39/><G70/><T0/><D120/><U104/><E72/><V29/><F29/><W87/><G123/><T83/><D109/><U124/><E124/><V59/><F6/><W132/><G39/><T30/><D119/><U35/><E131/><N who="2" m="50219" /><F79/><W31/><G125/><T57/><D30/><N who="3" m="11305" /><G3/><T13/><D0/><U100/><E5/><V37/><F37/><W7/><G34/><T93/><D11/><U38/><E38/><V2/><F2/><W115/><G115/><T50/><D50/><U62/><E45/><N who="2" m="16907" /><F59/><W16/><G132/><T122/><D122/><U73/><E73/><V8/><F8/><N who="3" m="6151" /><G98/><T42/><D99/><U69/><E66/><V108/><F108/><W101/><G101/><T107/><REACH who="0" step="1"/><D42/><REACH who="0" ten="290,150,230,320" step="2"/><U82/><E35/><V112/><F112/><W135/><G135/><T10/><D10/><U36/><E32/><V111/><F111/><W44/><G44/><T103/><D103/><U61/><E36/><V74/><F118/><W134/><G134/><T76/><D76/><U90/><E102/><V43/><F43/><W71/><G9/><T18/><D18/><U81/><REACH who="1" step="1"/><E61/><REACH who="1" ten="290,140,230,320" step="2"/><V114/><F114/><W64/><G7/><T25/><D25/><AGARI ba="0,2" hai="25,26,27,62,67,69,81,82,86,90,92,96,100,104" machi="25" ten="40,12000,2" yaku="1,1,2,1,52,2,53,3" doraHai="77" doraHaiUra="21" who="1" fromWho="0" sc="290,-120,140,140,230,0,320,0" /><INIT seed="3,0,0,3,0,71" ten="170,280,230,320" oya="3" hai0="8,131,7,22,30,83,68,64,91,119,102,28,40" hai1="78,97,6,44,3,117,118,126,109,105,31,14,51" hai2="85,50,75,17,33,84,72,62,108,21,107,128,53" hai3="125,54,55,25,95,79,4,116,134,122,88,56,87"/><W48/><G116/><T37/><D119/><U114/><E114/><V57/><F33/><W41/><G122/><T76/><D131/><U112/><E112/><V15/><F107/><W127/><G134/><T135/><D135/><U1/><E109/><V29/><F108/><W129/><G129/><T130/><D130/><U94/><E31/><V23/><F128/><W93/><G79/><T13/><D102/><U132/><E105/><V61/><F72/><W19/><G4/><T10/><D91/><U45/><E126/><N who="3" m="48138" /><G41/><T58/><D68/><U32/><E32/><V100/><F75/><W27/><G19/><T98/><D98/><U121/><E121/><V81/><F100/><W90/><G54/><T63/><D10/><U70/><E78/><N who="2" m="46135" /><F85/><AGARI ba="0,0" hai="25,27,48,55,56,85,87,88,90,93,95" m="48138" machi="85" ten="30,2900,0" yaku="18,1,54,1" doraHai="71" who="3" fromWho="2" sc="170,0,280,0,230,-29,320,29" owari="170,-33.0,280,8.0,201,-19.9,349,44.9" /></mjloggm>