<mjloggm ver="2.3"><GO type="225" lobby="0"/><UN n0="%63%68%78%62%64" n1="%E3%83%81%E3%83%AF%E3%83%AF%E9%9A%8A%E9%95%B7" n2="%E3%81%B5%E3%81%98%E3%81%8B%E3%81%A4" n3="%54%4F%52" dan="16,16,17,17" rate="2136.93,2111.29,2215.46,2186.05" sx="M,M,M,M"/><TAIKYOKU oya="0"/><INIT seed="0,0,0,3,0,125" ten="250,250,250,250" oya="0" hai0="134,20,108,27,22,92,46,117,36,10,6,75,57" hai1="35,72,82,133,98,62,48,63,19,0,23,100,47" hai2="17,113,30,73,129,9,122,127,81,64,69,78,102" hai3="32,59,97,105,79,115,71,28,132,55,51,1,61"/><T12/><D117/><U60/><E35/><V111/><F122/><W109/><G109/><T50/><BYE who="3" /><D134/><U39/><E0/><V126/><F111/><W107/><G107/><T70/><D75/><U11/><E39/><UN n3="%54%4F%52" /><V4/><F113/><W33/><G1/><T101/><D70/><U130/><E133/><V16/><F102/><W49/><G115/><T44/><D108/><U43/><E11/><V15/><F30/><W91/><G79/><T74/><D74/><U7/><E7/><V76/><F76/><W131/><G132/><T85/><D36/><U29/><E29/><V120/><F120/><W110/><G110/><T5/><D5/><U95/><E72/><V53/><F53/><W88/><G49/><T121/><D121/><U106/><E106/><V26/><F129/><W124/><G124/><N who="2" m="47657" /><F26/><N who="3" m="18455" /><G33/><T116/><D116/><U104/><E104/><V93/><F93/><W96/><G96/><N who="0" m="59527" /><D27/><U87/><E130/><V58/><F58/><W77/><G77/><T3/><D57/><U65/><E65/><V86/><F73/><W45/><G131/><T21/><D3/><U41/><E82/><V103/><F103/><N who="3" m="62703" /><G45/><N who="0" m="17515" /><D50/><U8/><E48/><V114/><F114/><W52/><G55/><T128/><D128/><U38/><E38/><V89/><F78/><W24/><G24/><T119/><D119/><U118/><E118/><V68/><F68/><W40/><G40/><N who="1" m="15434" /><E47/><V135/><F135/><W123/><G123/><T2/><D2/><U67/><E67/><AGARI ba="0,0" hai="51,52,59,61,67,71,88,91" m="62703,18455" machi="67" ten="30,3900,0" yaku="25,1,54,2" doraHai="125" who="3" fromWho="1" sc="250,0,250,-39,250,0,250,39" /><INIT seed="1,0,0,2,0,119" ten="250,211,250,289" oya="1" hai0="79,95,39,75,25,94,91,52,40,78,15,116,55" hai1="45,83,50,33,86,16,107,0,104,14,73,31,30" hai2="117,120,99,68,121,2,47,127,98,108,63,112,49" hai3="96,53,106,41,35,70,103,77,38,80,18,12,64"/><U129/><E73/><V43/><F2/><W1/><G1/><T21/><D116/><U26/><E0/><V124/><F117/><W74/><G35/><T60/><D75/><U111/><E31/><V11/><F11/><W17/><G53/><T130/><D130/><U88/><E129/><V113/><F108/><W54/><G54/><T89/><D39/><U8/><REACH who="1" step="1"/><E111/><REACH who="1" ten="250,201,250,289" step="2"/><V132/><F132/><W7/><G74/><T105/><D60/><U62/><E62/><V133/><F133/><W122/><G122/><N who="2" m="47209" /><F63/><W128/><G128/><T5/><D105/><U27/><E27/><V59/><F68/><W46/><G70/><T69/><D69/><U32/><E32/><V42/><F59/><W126/><G106/><T90/><D25/><U114/><E114/><N who="2" m="44139" /><F43/><AGARI ba="0,1" hai="8,14,16,26,30,33,43,45,50,83,86,88,104,107" machi="43" ten="30,11600,0" yaku="1,1,7,1,54,2,53,0" doraHai="119" doraHaiUra="131" who="1" fromWho="2" sc="250,0,201,126,250,-116,289,0" /><INIT seed="1,1,0,5,5,33" ten="250,327,134,289" oya="1" hai0="53,94,48,120,89,64,2,99,35,11,65,80,69" hai1="63,78,108,119,127,19,28,26,24,10,52,129,128" hai2="112,1,114,123,47,110,75,73,7,9,117,21,3" hai3="84,104,15,83,113,25,106,43,34,92,45,46,77"/><U12/><E119/><V76/><F123/><W13/><G113/><N who="2" m="43625" /><F117/><W100/><G45/><T32/><D120/><U85/><E127/><V22/><F110/><W27/><G92/><T56/><D80/><N who="1" m="47255" /><E108/><V74/><F76/><W125/><G125/><T18/><D18/><U124/><E124/><V95/><F95/><W115/><G115/><T36/><D36/><U37/><E37/><V126/><F126/><W6/><G15/><T38/><D38/><U71/><E28/><V111/><F47/><W109/><G109/><T60/><REACH who="0" step="1"/><D65/><REACH who="0" ten="240,327,134,289" step="2"/><U23/><E19/><V54/><F111/><W87/><G83/><T82/><D82/><U132/><E129/><V41/><F41/><W40/><G40/><T107/><D107/><U68/><E128/><V90/><F54/><W30/><G104/><T96/><D96/><U59/><E52/><V79/><F79/><W55/><G55/><T17/><D17/><U66/><E66/><V44/><F90/><W130/><G77/><T116/><D116/><U135/><E135/><V81/><F81/><W62/><G130/><T39/><D39/><U50/><E132/><V4/><F44/><W88/><G46/><T16/><D16/><U67/><E67/><V134/><F134/><W8/><G43/><T91/><D91/><U102/><E102/><V0/><F9/><W57/><G100/><T51/><D51/><U122/><E50/><V29/><F29/><N who="3" m="19759" /><G106/><T72/><D72/><U20/><E122/><V70/><F70/><W58/><G88/><T49/><D49/><U31/><E71/><V61/><F61/><W86/><G62/><RYUUKYOKU ba="1,1" sc="240,10,327,-30,134,10,289,10" hai0="2,11,32,35,48,53,56,60,64,69,89,94,99" hai2="0,1,3,4,7,21,22,73,74,75" hai3="6,8,13,27,30,57,58,84,86,87" /><INIT seed="2,2,1,5,5,122" ten="250,297,144,299" oya="2" hai0="37,98,49,3,68,70,87,31,26,44,81,11,27" hai1="118,33,117,40,131,110,79,24,43,75,50,62,102" hai2="119,99,135,29,22,65,106,46,104,91,47,116,23" hai3="85,97,7,53,105,59,115,56,74,9,0,123,73"/><V113/><F113/><W55/><G123/><T86/><D37/><U42/><E131/><V60/><F135/><W126/><G115/><T38/><D38/><U17/><E102/><V89/><F29/><W18/><G126/><T114/><D114/><U94/><E94/><V82/><F82/><W121/><G121/><T132/><D132/><U96/><E96/><V107/><F99/><W133/><G133/><T14/><D3/><U8/><E50/><V25/><F25/><W30/><G30/><T95/><D27/><U112/><E112/><V72/><F72/><W90/><G18/><T39/><D39/><U20/><E33/><V10/><F10/><W32/><G32/><T51/><D51/><U66/><E8/><V48/><F48/><W13/><G0/><T61/><D61/><U101/><E101/><V34/><F34/><W83/><G97/><T130/><D130/><U84/><E75/><V109/><F109/><W16/><G105/><T120/><D120/><U2/><E110/><V88/><F60/><N who="3" m="35855" /><G74/><T28/><D28/><U1/><E118/><N who="2" m="45099" /><F65/><W45/><G73/><T80/><D80/><N who="1" m="47135" /><E117/><V5/><F5/><W134/><G134/><T124/><D124/><U129/><E129/><V125/><F125/><W63/><G7/><T6/><D86/><U76/><E1/><V128/><F128/><W111/><G111/><T12/><D12/><U57/><E2/><V58/><F58/><W100/><G100/><N who="0" m="60511" /><D87/><U108/><E108/><V64/><F64/><W93/><G83/><T21/><D81/><U4/><E4/><V78/><F78/><AGARI ba="2,1" hai="17,20,24,40,42,43,57,62,66,76,78" m="47135" machi="78" ten="30,1000,0" yaku="8,1" doraHai="122" who="1" fromWho="2" sc="250,0,297,26,144,-16,299,0" /><INIT seed="3,0,0,5,2,106" ten="250,323,128,299" oya="3" hai0="59,66,22,39,49,62,89,74,18,118,90,44,91" hai1="27,85,2,98,134,67,78,121,35,23,124,24,132" hai2="0,104,130,30,93,99,19,45,32,48,103,116,127" hai3="36,55,70,101,28,123,126,7,52,4,41,57,50"/><W87/><G123/><T37/><D118/><U122/><E2/><V31/><F116/><W38/><G70/><T100/><D100/><U34/><E124/><V25/><F127/><W11/><G126/><T102/><D102/><U86/><E67/><V73/><F130/><W64/><G28/><T68/><D74/><U79/><E23/><V43/><F0/><W107/><G107/><T117/><D117/><U46/><E46/><V56/><F104/><W95/><G38/><T80/><D68/><U92/><E92/><V76/><F31/><W16/><G36/><T112/><D112/><U119/><E119/><V12/><F56/><N who="3" m="32791" /><G41/><T105/><D105/><U8/><E8/><V3/><F3/><W21/><G64/><T77/><D77/><U128/><E98/><V1/><F1/><W47/><G47/><T26/><REACH who="0" step="1"/><D80/><REACH who="0" ten="240,323,128,299" step="2"/><U42/><E78/><V15/><F15/><N who="3" m="9375" /><G11/><T120/><D120/><U129/><E122/><V125/><F125/><W61/><G101/><T115/><D115/><U96/><E121/><V6/><F6/><W82/><G95/><T109/><D109/><U84/><E129/><V71/><F71/><W110/><G110/><T33/><D33/><U131/><E128/><V69/><F69/><W94/><G94/><T53/><AGARI ba="0,1" hai="18,22,26,37,39,44,49,53,59,62,66,89,90,91" machi="53" ten="30,2000,0" yaku="1,1,0,1,53,0" doraHai="106" doraHaiUra="5" who="0" fromWho="0" sc="240,30,323,-5,128,-5,299,-10" owari="270,-13.0,318,41.8,123,-37.7,289,8.9" /></mjloggm>