<mjloggm ver="2.3"><GO type="225" lobby="0"/><UN n0="%E3%81%BD%E3%81%A1%E3%81%9F%E3%81%93%E3%82%84" n1="%6D%75%75%73%61%6E%6D%75" n2="%E8%BE%9B%E5%8F%A3%E3%82%AB%E3%83%AC%E3%83%BC%E3%83%A9%E3%82%A4%E3%82%B9" n3="%E4%B8%89%E5%88%86%E5%B0%8F%E5%83%A7" dan="17,17,17,16" rate="2169.36,2150.57,2233.39,2107.84" sx="M,F,M,M"/><TAIKYOKU oya="0"/><INIT seed="0,0,0,0,3,57" ten="250,250,250,250" oya="0" hai0="39,67,133,69,88,77,41,128,68,46,60,96,102" hai1="15,91,54,8,58,28,127,47,37,45,105,98,24" hai2="100,134,16,84,76,92,81,87,22,86,34,95,111" hai3="43,25,66,73,83,93,80,99,90,44,74,27,119"/><T38/><D128/><U101/><E127/><V53/><F34/><W56/><G119/><T6/><D133/><U125/><E125/><V124/><F111/><W118/><G118/><T113/><D113/><U75/><E75/><V94/><F134/><W120/><G120/><T85/><D77/><U30/><E91/><V10/><F124/><W2/><G2/><T122/><D122/><U106/><E106/><V50/><F10/><W82/><G74/><T121/><D121/><U110/><E37/><V104/><F104/><W131/><G73/><T49/><D69/><U18/><E110/><V33/><F33/><W9/><G9/><T109/><D6/><U11/><E11/><V129/><F100/><W108/><G108/><T132/><D132/><U114/><E114/><V29/><F29/><W31/><G131/><T12/><D12/><U7/><E28/><V51/><F129/><W61/><REACH who="3" step="1"/><G31/><REACH who="3" ten="250,250,250,240" step="2"/><T115/><D109/><U71/><E7/><V72/><REACH who="2" step="1"/><F53/><REACH who="2" ten="250,250,240,240" step="2"/><W13/><G13/><AGARI ba="0,2" hai="13,16,22,50,51,72,76,81,84,86,87,92,94,95" machi="13" ten="40,5200,0" yaku="1,1,2,1,54,1,53,0" doraHai="57" doraHaiUra="123" who="2" fromWho="3" sc="250,0,250,0,240,72,240,-52" /><INIT seed="1,0,0,2,4,82" ten="250,250,312,188" oya="1" hai0="37,98,41,67,23,130,77,38,96,36,21,100,116" hai1="61,104,127,112,123,69,19,46,94,15,124,39,63" hai2="2,111,51,28,5,74,81,87,29,3,118,90,47" hai3="0,133,86,101,33,13,14,121,43,7,52,22,119"/><U97/><E104/><V4/><F118/><W8/><G119/><T78/><D116/><U88/><E112/><V65/><F74/><W42/><G121/><T105/><D41/><N who="1" m="22847" /><E123/><V56/><F111/><W134/><G33/><T91/><D67/><U40/><E69/><V102/><F102/><W27/><G101/><T110/><D110/><U16/><E40/><V106/><F106/><W113/><G113/><T126/><D130/><U66/><E66/><V18/><F18/><N who="1" m="6697" /><E15/><V32/><F3/><W117/><G117/><T45/><D45/><U79/><E79/><V108/><F2/><W114/><G114/><T9/><D9/><U128/><E128/><V80/><F80/><W58/><G43/><T76/><D126/><AGARI ba="0,0" hai="61,63,88,94,97,124,126,127" m="6697,22847" machi="126" ten="30,5800,0" yaku="18,1,54,2" doraHai="82" who="1" fromWho="0" sc="250,-58,250,58,312,0,188,0" /><INIT seed="1,1,0,1,5,80" ten="192,308,312,188" oya="1" hai0="122,24,130,109,61,33,36,77,70,66,75,90,64" hai1="69,111,22,13,118,59,21,98,91,88,40,20,35" hai2="89,25,128,84,102,28,37,7,39,120,6,8,94" hai3="76,114,87,85,117,0,41,65,63,99,31,29,3"/><U134/><E69/><V93/><F128/><W86/><G114/><T79/><D130/><U53/><E35/><V30/><F120/><W72/><G117/><T57/><D122/><U23/><E118/><V92/><F6/><W17/><G41/><T12/><D36/><U104/><E134/><V73/><F73/><W116/><G116/><T67/><D109/><U74/><E74/><V60/><F60/><W78/><G17/><T19/><D75/><U121/><E121/><V101/><F101/><W96/><G0/><T58/><D70/><U11/><E111/><V43/><F43/><W45/><G3/><T133/><D133/><U131/><E131/><V105/><F105/><W115/><G45/><T16/><D58/><U49/><N who="1" m="5120" /><DORA hai="50" /><U103/><REACH who="1" step="1"/><E40/><REACH who="1" ten="192,298,312,188" step="2"/><V95/><F102/><W62/><G72/><T100/><D33/><U34/><E34/><V44/><F25/><W113/><G86/><T27/><D100/><U55/><E55/><V106/><F84/><W68/><G68/><T112/><D24/><U83/><E83/><V71/><F71/><W42/><G42/><T52/><D27/><U2/><E2/><V1/><F1/><W9/><G65/><T110/><D110/><U32/><E32/><V129/><F129/><W51/><G9/><T18/><D112/><U132/><E132/><V127/><F8/><W135/><G135/><T26/><D26/><U4/><AGARI ba="1,1" hai="4,11,13,49,53,59,88,91,98,103,104" m="5120" machi="4" ten="40,12000,1" yaku="1,1,0,1,52,1,54,1,53,1" doraHai="80,50" doraHaiUra="10,119" who="1" fromWho="1" sc="192,-41,298,133,312,-41,188,-41" /><INIT seed="1,2,0,5,2,5" ten="151,431,271,147" oya="1" hai0="92,66,96,127,27,10,55,131,21,28,104,3,9" hai1="44,113,52,106,81,0,17,123,6,15,120,37,88" hai2="100,41,87,91,97,30,61,62,71,74,105,36,117" hai3="85,95,128,124,94,77,63,45,90,46,135,125,50"/><U42/><E113/><V16/><F117/><W111/><G111/><T64/><D104/><U98/><E0/><V4/><F74/><W19/><G128/><T7/><D131/><U86/><E6/><V110/><F110/><W8/><G135/><T22/><D127/><N who="3" m="48713" /><G77/><T102/><D10/><U1/><E1/><V129/><F129/><W11/><G63/><T38/><D38/><U82/><E82/><V132/><F132/><W35/><G35/><T109/><D109/><U112/><E112/><V122/><F122/><W126/><N who="3" m="48721" /><W114/><DORA hai="58" /><G114/><T43/><D43/><U23/><REACH who="1" step="1"/><E52/><REACH who="1" ten="151,421,271,147" step="2"/><V33/><F4/><W26/><G46/><T65/><REACH who="0" step="1"/><D55/><REACH who="0" ten="141,421,271,147" step="2"/><U134/><E134/><V107/><F41/><N who="3" m="24879" /><G95/><T73/><D73/><U51/><E51/><V57/><F107/><W101/><G101/><AGARI ba="2,2" hai="15,17,23,37,42,44,81,86,88,98,101,106,120,123" machi="101" ten="40,7700,0" yaku="1,1,54,1,53,1" doraHai="5,58" doraHaiUra="20,93" who="1" fromWho="3" sc="141,0,421,103,271,0,147,-83" /><INIT seed="1,3,0,4,2,41" ten="141,524,271,64" oya="1" hai0="98,38,19,50,109,121,42,14,85,86,65,62,130" hai1="125,55,13,32,103,97,73,102,4,107,122,57,88" hai2="43,7,51,131,93,17,79,31,61,44,128,2,94" hai3="135,36,30,116,68,25,71,124,27,11,28,115,47"/><U53/><E122/><V99/><F31/><W119/><G115/><T72/><D72/><U35/><E73/><V113/><F113/><W66/><G11/><T63/><D38/><U108/><E125/><V5/><F79/><W110/><G124/><T40/><D63/><U132/><E132/><V133/><F133/><W26/><G135/><T104/><D42/><U22/><E108/><V92/><F99/><W16/><G110/><T75/><D75/><U59/><E102/><V54/><F17/><W3/><G3/><T80/><D130/><N who="2" m="49706" /><F2/><W33/><G66/><T74/><D74/><U83/><E4/><N who="2" m="1611" /><F61/><W120/><G120/><T96/><D62/><U134/><E134/><V46/><F94/><W15/><G27/><T10/><D19/><U100/><E13/><V82/><F82/><W101/><G101/><T106/><D80/><U34/><E22/><V58/><F58/><W45/><G15/><T112/><D14/><U95/><E83/><V48/><AGARI ba="3,0" hai="43,44,46,48,51,54,92,93" m="1611,49706" machi="48" ten="30,4000,0" yaku="19,1,52,2" doraHai="41" who="2" fromWho="2" sc="141,-13,524,-23,271,49,64,-13" /><INIT seed="2,0,0,2,1,98" ten="128,501,320,51" oya="2" hai0="70,17,26,81,132,87,133,131,66,94,30,32,12" hai1="49,129,42,0,100,67,15,108,113,55,72,5,76" hai2="20,82,102,121,77,3,46,22,43,97,89,1,54" hai3="48,120,59,88,11,64,125,2,78,41,111,14,130"/><V16/><F121/><W29/><G120/><T86/><D131/><U68/><E0/><V96/><F54/><W109/><G2/><T84/><D94/><U103/><E113/><V24/><F22/><W61/><G125/><T73/><D66/><U74/><E42/><V117/><F117/><W112/><G130/><T13/><D70/><U52/><E129/><V90/><F3/><W105/><G105/><T57/><D57/><U106/><E55/><V8/><F1/><W7/><G112/><T28/><D28/><U19/><E68/><V92/><F8/><W25/><G78/><N who="0" m="44239" /><D17/><U65/><E5/><V4/><F4/><W122/><G122/><T39/><D39/><U9/><E67/><V47/><F96/><W50/><G88/><T93/><D93/><U99/><E65/><V79/><F79/><W56/><G56/><T51/><D51/><U38/><E76/><V10/><F10/><W91/><G91/><T127/><D127/><U118/><E38/><V124/><F124/><W69/><G69/><T34/><D34/><U40/><E118/><V21/><F21/><W126/><G126/><T114/><D114/><U35/><E40/><V36/><REACH who="2" step="1"/><F47/><REACH who="2" ten="128,501,310,51" step="2"/><W18/><G7/><T37/><D32/><U134/><E35/><V60/><F60/><W80/><G61/><T95/><D132/><U58/><E134/><V53/><F53/><W63/><G63/><T110/><D133/><U101/><E72/><AGARI ba="0,1" hai="16,20,24,36,43,46,72,77,82,89,90,92,97,102" machi="72" ten="30,11600,0" yaku="1,1,7,1,52,1,54,1,53,0" doraHai="98" doraHaiUra="83" who="2" fromWho="1" sc="128,0,501,-116,310,126,51,0" /><INIT seed="2,1,0,3,1,40" ten="128,385,436,51" oya="2" hai0="45,35,77,20,30,57,65,52,81,108,47,18,120" hai1="10,107,43,44,11,24,49,23,84,132,110,27,70" hai2="99,4,90,93,135,106,14,96,114,88,98,0,36" hai3="69,131,101,61,68,103,102,6,125,71,55,113,112"/><V21/><F114/><N who="3" m="44139" /><G61/><T63/><D120/><U115/><E115/><V122/><F122/><W38/><G6/><T111/><D30/><U127/><E127/><V13/><F36/><W46/><G38/><T22/><D35/><U3/><E132/><V92/><F135/><W5/><G5/><T78/><D22/><U76/><E110/><N who="0" m="42025" /><D65/><U53/><E70/><N who="3" m="17922" /><W12/><DORA hai="16" /><G12/><N who="0" m="9287" /><D77/><U134/><E107/><V75/><F75/><AGARI ba="1,0" hai="45,47,52,57,63,75,78,81" m="9287,42025" machi="75" ten="30,8000,1" yaku="14,1,52,3,54,1" doraHai="40,16" who="0" fromWho="2" sc="128,83,385,0,436,-83,51,0" /><INIT seed="3,0,0,1,0,103" ten="211,385,353,51" oya="3" hai0="48,123,44,37,28,70,22,34,122,109,36,64,79" hai1="20,5,73,41,91,46,24,105,69,107,119,17,74" hai2="71,30,132,50,0,124,101,115,54,100,26,120,25" hai3="121,97,60,8,67,3,19,131,135,2,12,84,23"/><W55/><G121/><T118/><D34/><U32/><E69/><V116/><F115/><W66/><G131/><T108/><D79/><U65/><E65/><V134/><F116/><W15/><G135/><N who="2" m="51753" /><F0/><W33/><G33/><T21/><D28/><U93/><E32/><V85/><F71/><W95/><G84/><T102/><D102/><N who="2" m="39530" /><F124/><W96/><G55/><T111/><D118/><U75/><E119/><V129/><F129/><W51/><G51/><T63/><D21/><U126/><E5/><V76/><F30/><W112/><G112/><T128/><D22/><U113/><E113/><V53/><F53/><W86/><G86/><T89/><D89/><U18/><E126/><V88/><F76/><W77/><G77/><T58/><D70/><U39/><REACH who="1" step="1"/><E18/><REACH who="1" ten="211,375,353,51" step="2"/><V83/><F120/><N who="0" m="46122" /><D128/><U49/><E49/><V80/><F80/><W6/><G67/><T43/><AGARI ba="0,1" hai="36,37,43,44,48,58,63,64,108,109,111" m="46122" machi="43" ten="40,5200,0" yaku="14,1,34,2" doraHai="103" who="0" fromWho="0" sc="211,62,375,-13,353,-13,51,-26" owari="273,-12.7,362,46.2,340,14.0,25,-47.5" /></mjloggm>