<mjloggm ver="2.3"><GO type="225" lobby="0"/><UN n0="%E5%AF%82%E5%AF%9E%E3%82%AE%E3%83%8D%E3%82%B9%E3%83%93%E3%83%BC%E3%83%AB" n1="%E3%81%AA%E3%81%8C%E3%81%95%E3%82%8F%E3%81%BE%E3%81%95%E3%81%BF" n2="%6D%75%75%6D%75%72%61" n3="%E6%A1%9C%E8%8A%B1%E9%96%83%E3%80%85" dan="16,16,16,18" rate="2143.37,2114.20,2120.11,2286.90" sx="M,F,F,M"/><TAIKYOKU oya="0"/><INIT seed="0,0,0,5,3,49" ten="250,250,250,250" oya="0" hai0="17,40,27,36,82,106,117,5,18,23,118,34,7" hai1="89,35,25,67,28,74,1,72,110,93,15,98,119" hai2="97,124,61,62,22,68,42,51,75,48,94,134,81" hai3="125,87,37,10,59,122,38,85,30,131,54,101,19"/><T100/><D34/><U41/><E119/><V32/><F32/><W50/><G125/><T43/><D82/><U39/><E110/><V76/><F124/><W80/><G131/><T102/><D23/><U88/><E1/><V66/><F134/><W135/><G135/><T6/><D27/><U24/><E24/><V73/><F73/><W45/><G30/><T128/><D5/><U20/><E67/><V90/><F42/><W56/><G101/><T55/><D106/><U2/><E2/><V26/><REACH who="2" step="1"/><F61/><REACH who="2" ten="250,250,240,250" step="2"/><W95/><G122/><T12/><D128/><U69/><E74/><V114/><F114/><W121/><G121/><T96/><D36/><U112/><E72/><V9/><F9/><W126/><G37/><T21/><D43/><U84/><E112/><V91/><F91/><N who="3" m="53759" /><G38/><T3/><D40/><U16/><E41/><V115/><F115/><W86/><G126/><T120/><D120/><U111/><E39/><V129/><F129/><W83/><G83/><T58/><D118/><U52/><E111/><V127/><F127/><W116/><G116/><T77/><D117/><U133/><E133/><V103/><F103/><W109/><G109/><T65/><D102/><U11/><E35/><V44/><F44/><W130/><G130/><T53/><D100/><N who="1" m="60495" /><E69/><V113/><F113/><W8/><G8/><T108/><D108/><U60/><E84/><N who="3" m="32362" /><G80/><T92/><D21/><N who="1" m="15407" /><E11/><V105/><F105/><W13/><AGARI ba="0,1" hai="10,13,19,45,50,54,56,59" m="32362,53759" machi="13" ten="30,2000,0" yaku="8,1,52,1" doraHai="49" who="3" fromWho="3" sc="250,-10,250,-5,240,-5,250,30" /><INIT seed="1,0,0,4,4,40" ten="240,245,235,280" oya="1" hai0="84,19,92,15,35,47,135,111,20,95,120,103,108" hai1="50,134,62,9,117,73,83,45,41,5,38,25,123" hai2="104,32,100,3,79,1,11,21,113,17,48,36,127" hai3="58,8,39,85,75,99,105,26,102,78,12,129,22"/><U44/><E123/><V96/><F36/><W121/><G121/><T131/><D120/><U81/><E117/><V125/><F32/><W118/><G118/><T76/><D135/><U23/><E134/><V29/><F113/><W33/><G33/><T27/><D131/><U37/><E62/><V51/><F79/><W31/><G129/><T49/><D103/><U90/><E90/><V14/><F29/><W82/><G39/><T97/><D76/><U128/><E73/><V130/><F130/><W4/><REACH who="3" step="1"/><G58/><REACH who="3" ten="240,245,235,270" step="2"/><T98/><D35/><U133/><E37/><V61/><F125/><W57/><G57/><T71/><D71/><U10/><E133/><V132/><F127/><W43/><G43/><N who="0" m="24831" /><D111/><U68/><E68/><V106/><F132/><W42/><G42/><T28/><D108/><U94/><E128/><V13/><F1/><W72/><AGARI ba="0,1" hai="4,8,12,22,26,31,72,75,78,82,85,99,102,105" machi="72" ten="30,2000,0" yaku="1,1,0,1,53,0" doraHai="40" doraHaiUra="116" who="3" fromWho="3" sc="240,-5,245,-10,235,-5,270,30" /><INIT seed="2,0,0,4,3,91" ten="235,235,230,300" oya="2" hai0="73,80,130,20,96,92,54,50,81,134,113,1,42" hai1="25,97,56,22,12,59,15,58,26,124,6,129,87" hai2="126,28,125,19,122,18,64,106,65,38,101,83,0" hai3="53,39,107,67,99,119,108,52,115,4,41,75,32"/><V7/><F122/><W14/><G119/><T9/><D113/><U62/><E129/><V123/><F123/><W98/><G115/><T5/><D130/><U60/><E124/><N who="2" m="47723" /><F38/><W11/><G75/><T77/><D134/><U69/><E69/><V27/><F83/><W112/><G112/><T66/><D66/><N who="2" m="25706" /><F0/><W82/><G32/><T84/><D42/><U79/><E97/><N who="2" m="61743" /><F7/><W104/><G104/><T30/><D81/><N who="1" m="47551" /><E6/><V111/><F111/><W47/><G108/><T43/><D73/><U16/><E26/><V94/><F94/><W90/><G67/><T55/><D43/><U70/><E70/><V40/><F40/><W128/><G128/><T76/><D76/><U8/><E8/><V31/><F31/><W121/><G121/><T29/><D55/><U100/><E100/><V89/><F89/><W110/><G110/><T63/><D30/><U33/><E33/><AGARI ba="0,0" hai="18,19,27,28,33" m="61743,25706,47723" machi="33" ten="30,1500,0" yaku="18,1" doraHai="91" who="2" fromWho="1" sc="235,0,235,-15,230,15,300,0" /><INIT seed="2,1,0,5,1,104" ten="235,220,245,300" oya="2" hai0="38,132,32,125,14,99,91,69,86,45,2,76,71" hai1="75,12,101,129,72,21,131,126,90,107,1,127,102" hai2="29,33,30,53,41,6,50,8,134,82,88,89,46" hai3="110,10,124,93,106,34,58,17,94,28,59,37,13"/><V121/><F121/><W128/><G106/><T61/><D2/><U120/><E1/><V57/><F134/><W77/><G37/><T87/><D32/><U114/><E114/><V73/><F33/><W95/><G110/><T47/><D132/><U51/><E120/><V118/><F118/><W109/><G109/><T16/><D125/><N who="1" m="47627" /><E90/><V11/><F73/><N who="1" m="28233" /><E51/><V111/><F111/><W103/><G77/><T20/><D76/><U96/><E102/><V135/><F135/><W18/><G103/><T39/><D39/><U0/><E0/><V105/><F105/><W116/><G128/><N who="1" m="49226" /><E12/><V5/><F89/><W31/><G13/><T60/><D38/><U100/><E100/><V26/><F88/><W119/><G124/><T7/><D91/><U42/><E21/><V25/><F82/><W4/><G116/><T123/><D123/><U97/><E42/><V74/><F74/><W78/><G78/><T65/><D14/><U133/><E133/><V81/><F81/><W79/><G79/><T122/><D122/><U56/><E56/><V36/><F36/><W130/><G59/><T49/><D49/><U48/><E48/><V84/><F57/><W83/><G58/><T43/><D43/><U23/><E23/><V80/><F41/><W64/><G83/><T112/><D20/><U15/><E15/><N who="2" m="5519" /><F80/><W19/><G130/><T24/><D112/><U35/><E35/><V92/><F84/><W55/><G34/><T70/><D87/><U3/><E3/><N who="2" m="479" /><F92/><W108/><G94/><T67/><D86/><U44/><E44/><V63/><F63/><N who="0" m="24138" /><D47/><U54/><E54/><RYUUKYOKU ba="1,0" sc="235,-15,220,15,245,15,300,-15" hai1="96,97,101,107" hai2="25,26,29,30,46,50,53" /><INIT seed="2,2,0,1,4,39" ten="220,235,260,285" oya="2" hai0="134,53,54,7,4,30,112,132,1,60,65,29,121" hai1="56,108,43,109,9,24,76,124,68,57,129,16,102" hai2="92,80,110,84,116,85,52,70,87,72,105,130,59" hai3="126,113,48,118,122,117,3,55,36,13,97,64,37"/><V94/><F116/><W104/><G3/><T81/><D121/><U67/><E129/><V91/><F70/><W49/><G122/><T96/><D112/><U14/><E124/><V125/><F130/><W20/><G64/><T100/><D81/><U45/><E102/><V89/><F125/><W46/><G126/><T90/><D90/><N who="2" m="34314" /><F105/><W51/><G13/><T93/><D30/><U44/><E76/><N who="2" m="46087" /><F72/><W31/><G20/><T15/><D29/><U12/><E24/><V101/><F110/><N who="1" m="42601" /><E14/><V5/><F5/><N who="0" m="2122" /><D15/><U17/><E17/><V18/><F18/><W23/><G117/><T73/><D73/><U127/><E127/><V128/><F128/><W62/><G31/><T88/><D100/><U106/><E106/><V35/><F35/><W98/><G104/><T2/><D2/><U32/><E32/><V77/><F77/><W133/><G118/><T42/><D1/><U38/><E45/><V40/><F40/><W47/><G46/><T120/><D42/><U103/><E103/><V95/><F101/><W66/><G47/><T135/><D120/><U33/><E33/><V10/><F10/><W19/><G113/><T25/><D25/><U74/><E74/><V123/><F123/><W11/><G11/><T86/><D96/><U107/><E107/><V6/><F6/><W131/><G98/><T69/><AGARI ba="2,0" hai="53,54,60,65,69,86,88,93,132,134,135" m="2122" machi="69" ten="40,2700,0" yaku="20,1,54,1" doraHai="39" who="0" fromWho="0" sc="220,33,235,-9,260,-15,285,-9" /><INIT seed="3,0,0,4,5,111" ten="253,226,245,276" oya="3" hai0="40,83,97,64,104,117,32,35,57,48,108,50,70" hai1="93,44,88,36,24,27,118,94,84,31,78,34,39" hai2="4,62,0,14,76,67,63,66,129,91,92,106,49" hai3="132,53,21,77,126,98,26,101,131,47,75,100,95"/><W99/><G126/><T61/><D117/><U17/><E118/><V59/><F106/><W10/><G132/><T90/><D108/><U134/><E134/><V19/><F129/><W20/><G131/><T55/><D83/><U25/><E78/><V56/><F76/><W128/><G128/><T58/><D40/><U71/><E71/><V96/><F0/><W122/><G122/><T22/><D22/><U105/><E105/><V68/><F68/><W103/><G77/><T127/><D127/><U85/><E17/><V52/><F4/><W69/><G69/><T125/><D125/><U16/><E16/><V109/><F109/><W102/><G75/><T116/><D116/><U82/><E82/><V29/><F29/><N who="3" m="17607" /><G21/><T81/><D81/><U37/><REACH who="1" step="1"/><E44/><REACH who="1" ten="253,216,245,276" step="2"/><V60/><F59/><W133/><G133/><T41/><D104/><U74/><E74/><V38/><F38/><W107/><G107/><T123/><D70/><U120/><E120/><V119/><F119/><W7/><G7/><T54/><D123/><U8/><E8/><AGARI ba="0,1" hai="8,14,19,49,52,56,60,62,63,66,67,91,92,96" machi="8" ten="40,2600,0" yaku="8,1,54,1" doraHai="111" who="2" fromWho="1" sc="253,0,216,-26,245,36,276,0" /><INIT seed="4,0,0,4,5,100" ten="253,190,281,276" oya="0" hai0="12,132,31,118,133,71,57,28,54,33,126,61,84" hai1="129,103,83,97,107,105,24,86,26,47,36,37,44" hai2="39,87,38,114,68,95,63,53,49,11,21,9,65" hai3="106,14,55,121,101,130,124,117,112,78,74,64,41"/><T32/><D118/><U15/><E129/><V89/><F114/><W7/><G117/><T93/><D71/><U60/><E15/><V50/><F50/><W13/><G41/><T98/><D84/><U102/><E60/><V3/><F21/><W92/><G64/><T128/><D128/><U115/><E86/><V4/><REACH who="2" step="1"/><F9/><REACH who="2" ten="253,190,271,276" step="2"/><W2/><G112/><T70/><D33/><U6/><E115/><V73/><F73/><W25/><G74/><T46/><D32/><U88/><E6/><V135/><F135/><W17/><G7/><T20/><D20/><U35/><E35/><V76/><F76/><W125/><G78/><T42/><D133/><U94/><E88/><V99/><F99/><W29/><G130/><T123/><D98/><U122/><E97/><V110/><F110/><W22/><G22/><T134/><D134/><U119/><E119/><V45/><AGARI ba="0,1" hai="3,4,11,38,39,45,49,53,63,65,68,87,89,95" machi="45" ten="20,5200,0" yaku="1,1,0,1,7,1,53,1" doraHai="100" doraHaiUra="48" who="2" fromWho="2" sc="253,-26,190,-13,271,62,276,-13" owari="227,-17.3,177,-32.3,333,43.3,263,6.3" /></mjloggm>