<mjloggm ver="2.3"><GO type="225" lobby="0"/><UN n0="%E6%A0%B9%E5%85%83%E3%81%8B%E3%82%89%E5%90%B9%E3%81%A3%E9%A3%9B%E3%81%B6" n1="%E7%B4%94%E6%BD%94%E3%83%94%E3%83%A9%E3%83%8B%E3%82%A2" n2="%E8%BE%9B%E5%8F%A3%E3%82%AB%E3%83%AC%E3%83%BC%E3%83%A9%E3%82%A4%E3%82%B9" n3="%E3%83%AD%E3%83%83%E3%83%86%E9%9B%80%E7%90%83" dan="17,17,16,17" rate="2201.23,2217.02,2194.07,2262.73" sx="F,M,M,M"/><TAIKYOKU oya="0"/><INIT seed="0,0,0,4,5,41" ten="250,250,250,250" oya="0" hai0="72,9,125,37,2,18,76,59,96,127,42,118,108" hai1="93,103,77,109,6,31,68,124,121,43,120,87,19" hai2="104,38,55,84,111,24,35,131,100,95,3,36,73" hai3="119,1,5,58,89,29,51,112,110,12,74,33,65"/><T49/><D118/><U14/><E14/><V30/><F111/><W10/><G112/><T80/><D108/><U22/><E19/><V128/><F3/><W67/><G119/><T54/><D18/><U15/><E22/><V135/><F73/><W115/><G115/><T57/><D57/><U32/><E15/><V27/><F135/><W16/><G74/><T81/><D81/><U34/><E43/><V94/><F55/><N who="3" m="32127" /><G89/><T114/><D96/><U8/><E77/><V106/><F84/><W50/><G50/><T11/><D11/><U122/><E103/><V28/><REACH who="2" step="1"/><F100/><REACH who="2" ten="250,250,240,250" step="2"/><W75/><G75/><T98/><D114/><U53/><E87/><V97/><F97/><W79/><G110/><T117/><D117/><U7/><E109/><V113/><F113/><W123/><G123/><T26/><D98/><U0/><E53/><V107/><F107/><W47/><G1/><T45/><REACH who="0" step="1"/><D26/><REACH who="0" ten="240,250,240,250" step="2"/><U133/><E122/><V134/><F134/><W13/><G67/><T44/><D44/><U92/><E133/><V62/><F62/><W25/><G65/><T63/><D63/><U83/><E121/><V46/><F46/><W85/><G47/><T64/><D64/><U102/><E120/><V88/><F88/><W71/><G25/><T69/><D69/><U21/><E68/><V132/><F132/><W4/><G71/><T60/><D60/><U52/><E102/><V129/><F129/><W82/><G85/><T91/><D91/><U86/><E86/><V70/><F70/><W17/><G79/><T23/><D23/><U20/><E21/><V101/><F101/><RYUUKYOKU ba="0,2" sc="240,15,250,-15,240,15,250,-15" hai0="2,9,37,42,45,49,54,59,72,76,80,125,127" hai2="24,27,28,30,35,36,38,94,95,104,106,128,131" /><INIT seed="0,1,2,0,5,86" ten="255,235,255,235" oya="0" hai0="83,119,24,19,43,135,40,47,78,63,99,18,0" hai1="77,62,122,74,46,75,118,96,112,95,106,120,111" hai2="58,57,92,107,134,71,105,65,13,50,11,64,59" hai3="3,73,93,17,82,60,15,70,21,89,101,124,16"/><T104/><D119/><U88/><E118/><V41/><F134/><W94/><G3/><T31/><D135/><U32/><E32/><V114/><F114/><W130/><G130/><T90/><D0/><U14/><E112/><V55/><F41/><W103/><G124/><T8/><D8/><U45/><E62/><V35/><F35/><W72/><G70/><T100/><D63/><U80/><E14/><V132/><F132/><W9/><G72/><N who="1" m="27690" /><E46/><V27/><F71/><W30/><G30/><T4/><D4/><U5/><E45/><N who="2" m="28111" /><F105/><W79/><G60/><T131/><D131/><U10/><E10/><V68/><F107/><W67/><G94/><T26/><D78/><U44/><E44/><V97/><F27/><W125/><G67/><T123/><D123/><N who="1" m="47147" /><E5/><N who="2" m="3311" /><F68/><W53/><G53/><T34/><D26/><U84/><E106/><V29/><F29/><W52/><G52/><T20/><D34/><U66/><E66/><V129/><F129/><W22/><G125/><T51/><D43/><U69/><E69/><V115/><F115/><W121/><G121/><T116/><D116/><U38/><E38/><V117/><F117/><W25/><REACH who="3" step="1"/><G9/><REACH who="3" ten="255,235,255,225" step="2"/><T126/><REACH who="0" step="1"/><D126/><REACH who="0" ten="245,235,255,225" step="2"/><U98/><E111/><V28/><F28/><W113/><G113/><T76/><D76/><U7/><E7/><V33/><F33/><W108/><G108/><T128/><D128/><U127/><E127/><V23/><F23/><W42/><G42/><T61/><D61/><U87/><AGARI ba="1,4" hai="77,80,84,87,88,95,96,98" m="47147,27690" machi="87" ten="30,7900,0" yaku="34,2,52,1,54,1" doraHai="86" who="1" fromWho="1" sc="245,-40,235,122,255,-21,225,-21" /><INIT seed="1,0,0,3,0,16" ten="205,357,234,204" oya="1" hai0="109,23,14,7,113,98,53,112,76,74,24,97,45" hai1="94,79,9,52,59,134,48,130,80,1,120,31,22" hai2="20,47,82,101,91,68,119,116,27,10,36,60,28" hai3="40,49,39,58,43,65,69,89,127,124,131,92,72"/><U126/><E120/><V29/><F101/><W13/><G72/><T56/><D109/><U63/><E134/><V129/><F129/><W3/><G3/><T78/><D113/><U86/><E130/><V73/><F29/><W18/><G131/><T8/><D112/><U6/><E126/><N who="3" m="48170" /><G69/><T38/><D38/><U71/><E94/><V83/><F83/><W70/><G70/><T102/><D45/><U54/><E71/><V21/><F10/><W77/><G77/><N who="0" m="29803" /><D74/><U123/><E123/><V35/><F73/><W103/><G103/><T96/><D102/><U5/><E1/><V62/><F36/><W133/><G39/><T2/><D2/><U64/><E9/><V57/><F68/><W44/><G133/><T33/><D33/><U25/><E64/><V42/><F47/><AGARI ba="0,0" hai="5,6,22,25,31,47,48,52,54,59,63,79,80,86" machi="47" ten="30,11600,0" yaku="7,1,8,1,52,1,54,1" doraHai="16" who="1" fromWho="2" sc="205,0,357,116,234,-116,204,0" /><INIT seed="1,1,0,3,5,121" ten="205,473,118,204" oya="1" hai0="26,46,109,28,75,105,52,112,49,65,19,85,23" hai1="114,48,119,45,9,14,77,101,35,94,66,98,12" hai2="128,76,83,124,115,89,21,34,42,11,33,22,17" hai3="126,4,30,38,70,10,129,16,125,61,25,60,5"/><U123/><E35/><V59/><F124/><N who="3" m="47723" /><G129/><T93/><D109/><U79/><E123/><V57/><F128/><W99/><G38/><T104/><D75/><U43/><E119/><V116/><F116/><W72/><G72/><T40/><D112/><U113/><E12/><V53/><F115/><W82/><G82/><T90/><D65/><U134/><E134/><V58/><F42/><W50/><G50/><T64/><D64/><U86/><E66/><V96/><F11/><W69/><G99/><T8/><D8/><U81/><REACH who="1" step="1"/><E79/><REACH who="1" ten="205,463,118,204" step="2"/><V29/><F34/><W111/><G70/><T51/><REACH who="0" step="1"/><D28/><REACH who="0" ten="195,463,118,204" step="2"/><U133/><E133/><V63/><F33/><W122/><G30/><T27/><D27/><U106/><E106/><V2/><F29/><W24/><G25/><T56/><AGARI ba="1,2" hai="19,23,26,40,46,49,51,52,56,85,90,93,104,105" machi="56" ten="20,12000,2" yaku="1,1,0,1,7,1,54,1,53,2" doraHai="121" doraHaiUra="100" who="0" fromWho="0" sc="195,143,463,-61,118,-31,204,-31" /><INIT seed="2,0,0,1,4,47" ten="338,402,87,173" oya="2" hai0="94,117,2,74,48,63,49,123,29,37,118,8,68" hai1="81,45,52,44,75,17,55,128,1,112,134,127,125" hai2="42,71,5,98,95,23,38,60,22,46,76,58,104" hai3="113,70,103,59,15,92,27,33,20,7,86,50,32"/><V119/><F119/><N who="0" m="45578" /><D37/><U89/><E112/><V105/><F71/><W91/><G70/><T80/><D123/><U84/><E1/><V64/><F76/><W121/><G121/><T120/><D29/><U78/><E128/><V107/><REACH who="2" step="1"/><F5/><REACH who="2" ten="338,402,77,173" step="2"/><W40/><G7/><N who="0" m="1143" /><D120/><U31/><E127/><V6/><F6/><W126/><G126/><T9/><D9/><U12/><E125/><V28/><F28/><W73/><G113/><T72/><D94/><U124/><E31/><V79/><F79/><W99/><G92/><T102/><D102/><AGARI ba="0,1" hai="22,23,38,42,46,58,60,64,95,98,102,104,105,107" machi="102" ten="40,2000,0" yaku="1,1,53,0" doraHai="47" doraHaiUra="129" who="2" fromWho="0" sc="338,-20,402,0,77,30,173,0" /><INIT seed="2,1,0,3,5,92" ten="318,402,107,173" oya="2" hai0="32,52,23,115,129,50,123,38,125,118,54,8,31" hai1="134,39,15,95,119,18,80,105,79,35,58,101,110" hai2="126,48,63,64,51,62,77,47,28,56,7,67,69" hai3="116,109,104,114,29,71,100,130,68,41,131,33,89"/><V20/><F126/><W36/><G109/><T91/><D115/><U97/><E119/><V2/><F77/><W106/><G116/><T11/><D123/><U3/><E110/><V43/><F2/><W21/><G114/><T99/><D118/><U74/><E3/><V87/><F7/><W128/><G33/><T122/><D38/><U108/><E108/><V65/><F87/><W113/><G113/><T112/><D32/><U72/><E35/><V0/><F0/><W88/><G41/><T13/><D125/><U81/><E39/><V117/><F117/><W66/><G36/><T5/><D122/><U135/><E58/><N who="2" m="36951" /><F20/><W83/><G66/><N who="2" m="25097" /><F28/><W26/><G83/><T4/><D23/><U12/><E12/><V45/><F69/><N who="3" m="26699" /><G100/><T120/><D31/><U10/><E105/><AGARI ba="1,0" hai="21,26,29,88,89,104,105,106,128,130,131" m="26699" machi="105" ten="40,2600,0" yaku="19,1,54,1" doraHai="92" who="3" fromWho="1" sc="318,0,402,-29,107,0,173,29" /><INIT seed="3,0,0,2,1,86" ten="318,373,107,202" oya="3" hai0="74,128,118,44,1,110,120,80,95,29,97,49,90" hai1="28,59,98,79,64,5,40,117,26,77,81,25,71" hai2="123,126,100,129,93,67,48,82,102,108,107,105,91" hai3="13,111,53,7,18,109,6,8,47,34,57,106,19"/><W33/><G47/><T69/><D110/><N who="3" m="41993" /><G53/><T23/><D128/><U114/><E114/><V0/><F0/><N who="3" m="71" /><G57/><T65/><D1/><U133/><E71/><V85/><F67/><W31/><G106/><N who="2" m="40457" /><F48/><W112/><G112/><T119/><D120/><U135/><E117/><V24/><F24/><N who="1" m="9321" /><E28/><V116/><F108/><W22/><G31/><T58/><D23/><U131/><E131/><V37/><F37/><W38/><G38/><T20/><D20/><U125/><E125/><V75/><F116/><W56/><G56/><T66/><D29/><U55/><E64/><V61/><F61/><W83/><G83/><T17/><D69/><U50/><E98/><N who="2" m="57663" /><F126/><W92/><G92/><T27/><D66/><U60/><E5/><V43/><F43/><W70/><G70/><T35/><D58/><U134/><E81/><V76/><F129/><W84/><G84/><T63/><D49/><U103/><E103/><N who="2" m="39467" /><F123/><W12/><G7/><T78/><D44/><AGARI ba="0,0" hai="40,44,50,55,59,60,77,79,133,134,135" m="9321" machi="44" ten="40,1300,0" yaku="20,1" doraHai="86" who="1" fromWho="0" sc="318,-13,373,13,107,0,202,0" owari="305,10.5,386,48.6,107,-39.3,202,-19.8" /></mjloggm>