<mjloggm ver="2.3"><GO type="225" lobby="0"/><UN n0="%E3%83%8F%E3%83%B3%E3%83%89%E3%83%A9%E3%83%BC%E3%83%BB%E3%83%AF%E3%83%B3" n1="%E3%81%82%E3%82%93%E3%81%AA%E3%81%A4" n2="%E5%B8%86%E7%AB%8B%E5%A4%8F%E8%A1%A3" n3="%E3%81%99%E3%81%84%E3%81%BE%E3%81%9B%E3%83%BC%E3%82%93" dan="17,17,17,18" rate="2204.02,2184.56,2217.40,2217.55" sx="M,M,M,M"/><TAIKYOKU oya="0"/><INIT seed="0,0,0,5,2,130" ten="250,250,250,250" oya="0" hai0="70,21,98,134,51,18,9,62,63,75,0,49,35" hai1="81,102,1,5,53,95,7,11,15,23,22,33,129" hai2="91,3,103,72,93,64,89,115,86,16,104,30,77" hai3="105,88,126,41,36,101,52,28,40,79,83,59,31"/><T128/><D35/><U125/><E81/><N who="2" m="45223" /><F16/><W109/><G109/><T69/><D75/><U8/><E53/><V65/><F30/><W60/><G126/><T92/><D128/><U124/><E129/><V116/><F3/><W29/><G36/><T4/><D70/><U114/><E102/><V14/><F14/><W37/><G37/><T66/><D62/><U121/><E95/><N who="2" m="54711" /><F64/><W67/><G67/><T122/><D122/><U32/><E121/><V117/><F65/><W110/><G110/><T97/><D134/><U113/><E15/><V123/><F123/><W74/><REACH who="3" step="1"/><G88/><REACH who="3" ten="250,250,250,240" step="2"/><T90/><REACH who="0" step="1"/><D97/><AGARI ba="0,1" hai="28,29,31,40,41,52,59,60,74,79,83,97,101,105" machi="97" ten="40,5200,0" yaku="1,1,2,1,54,1,53,0" doraHai="130" doraHaiUra="47" who="3" fromWho="0" sc="250,-52,250,0,250,0,240,62" /><INIT seed="1,0,0,2,2,100" ten="198,250,250,302" oya="1" hai0="103,65,45,102,27,121,37,41,119,26,124,114,66" hai1="31,99,106,34,61,39,5,59,128,71,1,24,108" hai2="78,7,76,104,32,19,2,9,67,38,47,12,60" hai3="13,98,42,118,105,91,0,54,46,48,73,16,56"/><U112/><E112/><V49/><F38/><W94/><G73/><T18/><D114/><U133/><E133/><V123/><F32/><W70/><G118/><T52/><D119/><U17/><E17/><V63/><F123/><W85/><G70/><T115/><D115/><U74/><E59/><V51/><F51/><W64/><G0/><T23/><D124/><U20/><E20/><V68/><F63/><W111/><G111/><T86/><D121/><U6/><E108/><V58/><F68/><W132/><G132/><T107/><D27/><U11/><E5/><V83/><F104/><W81/><G105/><T126/><D126/><U29/><E29/><V50/><F50/><W113/><G64/><T125/><D125/><U127/><E127/><V82/><F2/><W55/><G56/><T135/><D135/><U117/><E117/><V14/><F78/><N who="3" m="46263" /><G113/><T101/><D107/><U95/><E95/><V97/><F97/><W90/><G90/><T36/><D36/><U80/><E128/><V33/><F76/><W25/><G25/><T53/><REACH who="0" step="1"/><D86/><REACH who="0" ten="188,250,250,302" step="2"/><U134/><E134/><V8/><REACH who="2" step="1"/><F33/><REACH who="2" ten="188,250,240,302" step="2"/><W72/><G72/><T87/><D87/><U75/><E39/><V57/><F57/><W40/><G98/><T88/><D88/><U92/><E106/><V96/><F96/><W89/><G89/><T93/><D93/><U77/><E75/><V15/><F15/><W10/><G91/><T79/><D79/><U44/><E99/><V109/><F109/><W110/><G110/><T28/><D28/><U122/><E122/><V116/><F116/><W30/><G94/><RYUUKYOKU ba="0,2" sc="188,15,250,-15,240,15,302,-15" hai0="18,23,26,37,41,45,52,53,65,66,101,102,103" hai2="7,8,9,12,14,19,47,49,58,60,67,82,83" /><INIT seed="2,1,2,1,0,27" ten="203,235,255,287" oya="2" hai0="74,33,13,106,20,60,122,61,83,22,133,29,78" hai1="115,84,51,128,114,1,31,28,66,86,89,102,16" hai2="43,8,52,112,121,55,70,46,79,63,24,30,2" hai3="15,93,50,68,7,69,105,59,32,80,95,132,101"/><V65/><F121/><W126/><G32/><T45/><D122/><U64/><E1/><V72/><F112/><W98/><G132/><T90/><D106/><U35/><E128/><V53/><F72/><W25/><G126/><T76/><D133/><U109/><E35/><V17/><F79/><W40/><G25/><T19/><D78/><U134/><E134/><V75/><F75/><W44/><G80/><T18/><D90/><U21/><E109/><V4/><F17/><W82/><G82/><T47/><D33/><U110/><E110/><V129/><F129/><W100/><G59/><T116/><D29/><N who="1" m="11339" /><E115/><V49/><F55/><W0/><G0/><T14/><D116/><U104/><E104/><V91/><F91/><W71/><G101/><T125/><D125/><U135/><E135/><V26/><F26/><W3/><G3/><T12/><D12/><N who="1" m="9351" /><E102/><V123/><F123/><W58/><G105/><T118/><D118/><U56/><E114/><V42/><F42/><W127/><G127/><T120/><D120/><U107/><E107/><V113/><F113/><W117/><G117/><T11/><D11/><U39/><E39/><V96/><F96/><W73/><G73/><T108/><D108/><U10/><E10/><V57/><F70/><W130/><G130/><T88/><D88/><U119/><E119/><V124/><F124/><W23/><G100/><T54/><D54/><N who="1" m="31839" /><E86/><V34/><AGARI ba="1,2" hai="2,4,8,24,30,34,43,46,49,52,53,57,63,65" machi="34" ten="20,7800,0" yaku="0,1,7,1,52,1,54,1" doraHai="27" who="2" fromWho="2" sc="203,-27,235,-27,255,101,287,-27" /><INIT seed="2,2,0,4,2,44" ten="176,208,356,260" oya="2" hai0="78,25,68,132,111,23,123,121,10,53,72,124,95" hai1="71,109,87,105,43,73,79,46,0,97,27,47,57" hai2="12,50,131,29,21,122,22,33,85,96,90,8,13" hai3="51,77,30,17,58,32,101,64,91,9,114,112,100"/><V1/><F122/><W39/><G39/><T65/><D111/><U34/><E71/><V107/><F131/><W102/><G77/><T94/><D124/><U110/><E0/><V26/><F1/><W99/><G30/><T31/><D132/><U2/><E2/><V16/><F107/><W67/><G32/><T52/><D10/><U88/><E57/><V3/><F96/><W5/><G5/><T4/><D4/><U93/><E27/><V106/><F106/><W83/><G9/><T49/><D53/><U66/><E66/><V89/><F3/><W15/><G15/><T117/><D117/><U42/><E34/><V19/><F33/><W135/><G135/><T130/><D130/><U129/><E47/><V6/><F6/><W86/><G17/><T118/><D118/><U48/><E43/><V92/><F89/><W61/><G67/><T35/><D35/><U38/><E38/><V62/><F62/><W37/><G37/><T75/><D65/><U82/><E129/><V60/><F60/><W84/><G51/><AGARI ba="2,0" hai="8,12,13,16,19,21,22,26,29,50,51,85,90,92" machi="51" ten="40,12000,1" yaku="8,1,52,2,54,1" doraHai="44" who="2" fromWho="3" sc="176,0,208,0,356,126,260,-126" /><INIT seed="2,3,0,3,4,74" ten="176,208,482,134" oya="2" hai0="57,119,94,135,101,7,10,34,41,35,129,51,113" hai1="124,108,81,37,25,112,12,131,79,16,75,132,4" hai2="125,86,62,115,9,61,84,123,110,55,73,80,130" hai3="116,105,13,54,42,3,63,58,91,47,60,36,78"/><V27/><F123/><W18/><G116/><T87/><D113/><U64/><E112/><V26/><F115/><W111/><G111/><T133/><D129/><U100/><E108/><V40/><F125/><W14/><G3/><T46/><D119/><U93/><E37/><V97/><F73/><W92/><G105/><T43/><D43/><U50/><E124/><V59/><F40/><W117/><G117/><T52/><D87/><U1/><E131/><V88/><F130/><W71/><G78/><T30/><D94/><U38/><E38/><V122/><F122/><W72/><G72/><T89/><D89/><U15/><E64/><V2/><F110/><W109/><G109/><T19/><D19/><U128/><E128/><V98/><F2/><W76/><G76/><T11/><D101/><U5/><E132/><N who="0" m="50761" /><D30/><U102/><E93/><N who="2" m="54407" /><F9/><N who="0" m="3082" /><D7/><U17/><E5/><V48/><F98/><W90/><G90/><T69/><D69/><U22/><E4/><V0/><F97/><W21/><G13/><T8/><N who="0" m="3090" /><T29/><DORA hai="103" /><D29/><U127/><E1/><V32/><F0/><W39/><G39/><AGARI ba="3,0" hai="34,35,39,41,46,51,52,57" m="3090,50761" machi="39" ten="40,2600,0" yaku="20,1,54,1" doraHai="74,103" who="0" fromWho="3" sc="176,35,208,0,482,0,134,-35" /><INIT seed="3,0,0,2,3,23" ten="211,208,482,99" oya="3" hai0="22,30,126,118,3,119,60,113,88,125,19,84,89" hai1="121,2,86,63,103,97,69,114,36,18,116,67,14" hai2="109,120,81,9,10,107,100,37,80,39,96,111,104" hai3="45,71,21,0,25,79,11,65,85,92,98,87,48"/><W99/><G71/><T35/><D3/><U13/><E121/><V31/><F31/><W24/><G65/><T135/><D135/><U49/><E114/><V17/><F120/><W117/><G117/><T131/><D131/><U51/><E2/><V44/><F17/><W128/><G128/><T4/><D4/><U53/><E36/><V74/><F74/><W82/><G87/><T8/><D8/><U38/><E38/><V112/><F112/><W90/><G99/><T55/><D113/><U115/><E115/><V15/><F44/><W54/><REACH who="3" step="1"/><G21/><REACH who="3" ten="211,208,482,89" step="2"/><T124/><D118/><U91/><E116/><V64/><F64/><W1/><G1/><T61/><D119/><U41/><E67/><V95/><F96/><W58/><G58/><T129/><D129/><U27/><E69/><V101/><F95/><W40/><G40/><T6/><D84/><U83/><E41/><V72/><F72/><W93/><G93/><T132/><D22/><N who="1" m="13783" /><E97/><V26/><F104/><W123/><G123/><T5/><D125/><U62/><E53/><V68/><F107/><W32/><G32/><T46/><D35/><U77/><E86/><V94/><F94/><W43/><G43/><T105/><D55/><U110/><E83/><V50/><F68/><W57/><G57/><T75/><D105/><U42/><E42/><V122/><F122/><W108/><G108/><T29/><D75/><U134/><E110/><V78/><F81/><W133/><G133/><T73/><D132/><U106/><E106/><V59/><F80/><W47/><G47/><T70/><D46/><U56/><E134/><RYUUKYOKU ba="0,1" sc="211,-10,208,-10,482,-10,89,30" hai3="0,11,24,25,45,48,54,79,82,85,90,92,98" /><INIT seed="3,1,1,4,1,62" ten="201,198,472,119" oya="3" hai0="45,107,103,65,133,115,96,80,131,26,101,11,66" hai1="134,128,99,104,92,36,61,123,94,109,0,51,29" hai2="58,69,76,129,34,4,89,88,113,17,21,100,83" hai3="74,78,70,8,52,53,86,30,18,102,50,93,44"/><W25/><G70/><T75/><D131/><U79/><E36/><V112/><F69/><W135/><G135/><T23/><D133/><U82/><E0/><V9/><F34/><W72/><G53/><T98/><D115/><U5/><E123/><V1/><F100/><W31/><G102/><T132/><D132/><U125/><E134/><V41/><F129/><W77/><G74/><T6/><D45/><U119/><E128/><V2/><F2/><W37/><G37/><T90/><D90/><U42/><E29/><N who="3" m="10762" /><G72/><T28/><D80/><U130/><E130/><V116/><F116/><W57/><G44/><T3/><D75/><U14/><E119/><V55/><F41/><W46/><G46/><T68/><D68/><U126/><E104/><AGARI ba="1,1" hai="3,6,11,23,26,28,65,66,96,98,101,103,104,107" machi="104" ten="30,7700,0" yaku="7,1,9,1,52,2" doraHai="62" who="0" fromWho="1" sc="201,90,198,-80,472,0,119,0" owari="291,9.1,118,-38.2,472,57.2,119,-28.1" /></mjloggm>