<mjloggm ver="2.3"><GO type="225" lobby="0"/><UN n0="%E5%A4%96%E5%B7%9D%E7%AB%9C%E6%88%90" n1="%E6%80%AA%E3%81%97%E3%81%99%E3%81%8E%E3%82%8B%E3%83%81%E3%83%BC" n2="%74%61%6B%65%2D%79%6F%75" n3="%E3%81%8F%E3%82%8A%E3%83%94%E3%83%BC" dan="16,16,17,16" rate="2119.02,2117.92,2148.66,2088.31" sx="M,M,M,M"/><TAIKYOKU oya="0"/><INIT seed="0,0,0,0,4,115" ten="250,250,250,250" oya="0" hai0="97,23,135,111,125,84,32,22,92,26,48,85,58" hai1="71,121,13,122,51,10,110,131,11,20,105,128,126" hai2="127,9,78,63,114,113,52,8,99,17,130,47,34" hai3="106,27,91,65,6,86,79,42,29,102,96,116,72"/><T82/><D125/><U90/><E105/><V61/><F127/><W104/><G42/><T45/><D135/><U132/><E71/><V103/><F130/><N who="1" m="49705" /><E90/><V33/><F78/><W24/><G6/><T100/><D32/><U107/><E51/><V50/><F113/><W112/><G112/><T55/><D111/><U73/><E73/><V117/><F114/><W80/><G106/><T101/><D101/><U28/><E107/><V83/><F83/><W44/><G44/><T118/><D118/><U124/><E132/><V2/><F117/><W4/><G4/><T37/><D82/><U67/><E67/><V14/><F2/><W0/><G0/><T46/><D22/><U98/><E98/><V109/><F109/><W108/><G108/><T16/><REACH who="0" step="1"/><D46/><REACH who="0" ten="240,250,250,250" step="2"/><U49/><E110/><V1/><F34/><W53/><G116/><T40/><AGARI ba="0,1" hai="16,23,26,37,40,45,48,55,58,84,85,92,97,100" machi="40" ten="30,12000,1" yaku="1,1,2,1,0,1,54,1,53,1" doraHai="115" doraHaiUra="38" who="0" fromWho="0" sc="240,130,250,-40,250,-40,250,-40" /><INIT seed="0,1,0,2,4,7" ten="370,210,210,210" oya="0" hai0="89,31,125,14,108,34,99,97,104,52,106,28,57" hai1="96,74,12,102,78,111,35,94,85,72,68,11,49" hai2="128,66,92,93,27,24,100,114,76,6,129,56,77" hai3="120,10,60,119,127,33,39,16,42,112,43,32,124"/><T25/><D125/><N who="3" m="48201" /><G112/><T69/><D69/><U116/><E116/><V88/><F114/><W55/><G119/><T98/><D31/><U133/><E68/><V123/><F123/><W53/><G120/><T37/><D37/><U87/><E35/><N who="3" m="13386" /><G39/><T54/><D108/><U101/><E111/><V73/><F100/><W110/><G110/><T20/><D89/><U19/><E133/><V84/><F92/><W64/><G64/><T15/><D54/><N who="3" m="20489" /><G60/><T21/><D34/><U1/><E101/><V130/><F6/><W80/><G80/><T9/><D21/><U4/><E49/><V134/><F134/><W58/><G58/><T82/><D82/><U109/><E109/><V105/><F105/><W115/><G115/><T75/><D106/><U132/><E132/><V51/><F66/><W30/><G30/><T63/><D104/><U126/><E126/><V81/><REACH who="2" step="1"/><F76/><REACH who="2" ten="370,210,200,210" step="2"/><W22/><G10/><T103/><D9/><U29/><E78/><V113/><F113/><W118/><G118/><T91/><D103/><U121/><E121/><V135/><F135/><W44/><G44/><T45/><D45/><U47/><E47/><V71/><F71/><W70/><G70/><T0/><D63/><U59/><E11/><V46/><F46/><W83/><G83/><T117/><D57/><U50/><E102/><V26/><F26/><AGARI ba="1,1" hai="16,22,26,42,43" m="20489,13386,48201" machi="26" ten="30,2000,0" yaku="18,1,54,1" doraHai="7" who="3" fromWho="2" sc="370,0,210,0,200,-23,210,33" /><INIT seed="1,0,0,3,4,117" ten="370,210,177,243" oya="1" hai0="8,72,50,1,135,27,121,41,40,98,119,91,34" hai1="63,56,36,131,49,110,84,89,132,75,15,81,17" hai2="83,14,46,12,111,116,19,102,69,54,37,52,48" hai3="44,87,79,80,106,125,99,22,122,47,114,43,6"/><U129/><E36/><V78/><F116/><W97/><G114/><T60/><D91/><U128/><E132/><V109/><F69/><W92/><G125/><T28/><D50/><U42/><E110/><N who="2" m="41995" /><F37/><W55/><G122/><T67/><D72/><U126/><E126/><V21/><F102/><W73/><G6/><T16/><D121/><U33/><E33/><V23/><F54/><W30/><G55/><T39/><D135/><U45/><E75/><N who="2" m="43487" /><F14/><W133/><G133/><T11/><D39/><U90/><E90/><V7/><F7/><W26/><G73/><T68/><D1/><U4/><E4/><V105/><F105/><W59/><G59/><T88/><D8/><AGARI ba="0,0" hai="8,12,19,21,23,46,48,52" m="43487,41995" machi="8" ten="30,2000,0" yaku="14,1,54,1" doraHai="117" who="2" fromWho="0" sc="370,-20,210,0,177,20,243,0" /><INIT seed="2,0,0,2,0,71" ten="350,210,197,243" oya="2" hai0="110,0,83,53,58,4,112,37,38,40,67,6,27" hai1="120,89,97,51,70,23,41,87,1,127,72,74,52" hai2="54,39,109,50,44,32,119,134,91,9,90,64,17" hai3="24,48,122,118,104,29,126,86,73,102,117,132,63"/><V8/><F119/><W133/><G73/><T121/><D112/><U56/><E70/><V11/><F134/><W107/><G122/><T80/><D67/><U82/><E1/><V59/><F109/><W128/><G128/><T93/><D93/><U26/><E120/><V31/><F32/><W106/><G48/><T115/><D27/><U100/><E127/><V95/><F31/><W3/><G3/><T22/><D22/><U135/><E41/><V77/><F77/><W92/><G63/><T96/><D96/><U105/><REACH who="1" step="1"/><E135/><REACH who="1" ten="350,200,197,243" step="2"/><N who="3" m="51786" /><G126/><T65/><D40/><U14/><E14/><V46/><F39/><W99/><G86/><T84/><D84/><U66/><E66/><V123/><F64/><W36/><G36/><T88/><D65/><U10/><E10/><V18/><F123/><W49/><G49/><T131/><D38/><U33/><E33/><AGARI ba="0,1" hai="24,29,33,92,99,102,104,106,107,117,118" m="51786" machi="33" ten="40,1300,0" yaku="20,1" doraHai="71" who="3" fromWho="1" sc="350,0,200,-13,197,0,243,23" /><INIT seed="3,0,0,1,1,23" ten="350,187,197,266" oya="3" hai0="51,88,35,58,94,89,81,50,72,31,98,133,18" hai1="63,24,54,92,127,96,93,71,16,100,99,64,59" hai2="20,134,135,14,11,44,28,37,42,87,46,30,22" hai3="5,108,17,104,77,90,10,79,4,47,53,78,12"/><W9/><G104/><T27/><D133/><N who="2" m="50698" /><F87/><W131/><G131/><T122/><D122/><U0/><E127/><V70/><F70/><W65/><G108/><T132/><D132/><U117/><E117/><V6/><F46/><W36/><G36/><T55/><D18/><U68/><E0/><V80/><F80/><W26/><G65/><T103/><D51/><U25/><E16/><N who="2" m="10263" /><F22/><N who="3" m="13647" /><G90/><T19/><D19/><U114/><E114/><V48/><F37/><W112/><G112/><T126/><D126/><U116/><E116/><V69/><F69/><W91/><G91/><T3/><D3/><AGARI ba="0,0" hai="3,6,11,28,30,42,44,48" m="10263,50698" machi="3" ten="30,2000,0" yaku="20,1,54,1" doraHai="23" who="2" fromWho="0" sc="350,-20,187,0,197,20,266,0" owari="330,43.0,187,-31.3,217,-18.3,266,6.6" /></mjloggm>