<mjloggm ver="2.3"><GO type="225" lobby="0"/><UN n0="%E5%84%AA%40%41%42%43" n1="%E5%B5%90%E9%9B%B2%E3%81%AE%E3%82%AB%E3%83%A9%E3%82%B9" n2="%E7%AB%8B%E8%8A%B1%E9%9F%BF" n3="%E3%83%97%E3%83%92" dan="17,16,17,17" rate="2133.13,2067.60,2144.19,2212.61" sx="M,F,F,M"/><TAIKYOKU oya="0"/><INIT seed="0,0,0,2,3,43" ten="250,250,250,250" oya="0" hai0="102,47,114,25,44,35,90,46,26,49,105,31,131" hai1="66,113,76,73,70,45,39,38,96,13,128,23,33" hai2="18,134,121,52,84,78,10,117,2,98,124,62,80" hai3="0,129,56,69,87,91,14,93,107,16,40,32,71"/><T58/><D114/><U60/><E33/><V88/><F121/><W123/><G123/><T54/><D131/><U12/><E128/><V65/><F134/><W7/><G107/><T29/><D90/><U100/><E113/><V1/><F124/><W36/><G32/><T127/><D127/><U86/><E73/><V21/><F117/><W83/><G129/><T135/><D135/><U53/><E23/><V89/><F10/><W126/><G126/><T22/><D102/><U28/><E28/><V72/><F89/><W55/><G7/><T130/><D130/><U11/><E86/><V51/><F98/><W27/><G27/><T6/><D6/><U75/><E13/><V119/><F119/><W82/><G0/><T4/><D4/><U95/><E75/><V15/><F62/><W79/><G40/><T112/><D112/><U108/><E108/><V64/><F2/><W48/><G36/><T68/><D68/><U42/><E53/><V37/><F37/><W9/><REACH who="3" step="1"/><G82/><REACH who="3" ten="250,250,250,240" step="2"/><T41/><REACH who="0" step="1"/><D105/><REACH who="0" ten="240,250,250,240" step="2"/><U118/><E118/><V111/><F1/><W24/><G24/><T77/><D77/><U106/><E76/><V61/><F111/><W122/><G122/><T59/><D59/><U104/><REACH who="1" step="1"/><E38/><AGARI ba="0,2" hai="22,25,26,29,31,35,38,41,44,46,47,49,54,58" machi="38" ten="30,12000,1" yaku="1,1,7,1,52,3,53,0" doraHai="43" doraHaiUra="34" who="0" fromWho="1" sc="240,140,250,-120,250,0,240,0" /><INIT seed="0,1,0,5,1,29" ten="380,130,250,240" oya="0" hai0="133,16,93,3,10,95,84,51,33,23,63,59,134" hai1="125,40,130,71,90,98,89,101,131,4,38,46,112" hai2="67,76,103,6,41,77,79,18,15,60,12,135,61" hai3="126,62,106,0,94,9,20,37,73,85,34,108,128"/><T22/><D33/><U69/><E125/><V113/><F113/><W11/><G106/><T1/><D23/><U74/><E112/><V72/><F135/><N who="0" m="51722" /><D51/><U91/><E74/><V117/><F117/><W124/><G73/><T19/><D19/><U127/><E4/><V45/><F72/><W53/><G37/><T99/><D84/><U8/><E8/><V132/><F103/><W104/><G34/><T116/><D116/><U24/><E24/><V35/><F132/><W42/><G20/><T30/><D30/><U56/><E56/><V28/><F6/><W78/><G85/><T80/><D80/><U82/><E82/><V114/><F114/><W44/><G11/><T122/><D10/><U105/><REACH who="1" step="1"/><E127/><REACH who="1" ten="380,120,250,240" step="2"/><V32/><F28/><W92/><G9/><T17/><D59/><U49/><E49/><V31/><F31/><W110/><G126/><T75/><D75/><U27/><E27/><V43/><F45/><W39/><G124/><T129/><D1/><U107/><E107/><V52/><F18/><W96/><G104/><T21/><D3/><U86/><E86/><V14/><F67/><W102/><G0/><T109/><D16/><U115/><E115/><V55/><F61/><W65/><G62/><T68/><D17/><U2/><E2/><V87/><F60/><W7/><G65/><T88/><D63/><U111/><E111/><V70/><F70/><AGARI ba="1,1" hai="38,40,46,69,70,71,89,90,91,98,101,105,130,131" machi="70" ten="40,1300,0" yaku="1,1,53,0" doraHai="29" doraHaiUra="13" who="1" fromWho="2" sc="380,0,120,26,250,-16,240,0" /><INIT seed="1,0,0,2,3,95" ten="380,146,234,240" oya="1" hai0="1,121,102,30,101,66,96,22,131,90,69,135,59" hai1="12,87,124,65,75,128,18,27,37,94,98,24,93" hai2="105,108,72,119,104,39,100,133,9,46,74,21,31" hai3="8,86,64,23,11,5,32,91,38,6,48,28,115"/><U89/><E128/><V111/><F119/><W83/><G38/><T107/><D135/><U109/><E124/><V47/><F133/><W71/><G32/><T42/><D1/><U10/><E37/><V2/><F21/><W52/><G71/><T20/><D69/><U120/><E120/><V56/><F31/><W73/><G64/><T62/><D131/><U16/><E75/><N who="2" m="28715" /><F56/><N who="3" m="32775" /><G73/><T114/><D114/><U118/><E118/><V63/><F63/><W84/><G115/><T33/><D42/><U103/><E109/><N who="2" m="42059" /><F100/><W53/><G53/><T116/><D101/><U70/><E70/><V43/><F47/><W13/><G84/><T99/><D121/><U117/><E117/><V58/><F58/><W3/><G3/><T61/><D62/><U45/><E65/><V60/><F60/><W126/><G126/><T134/><D134/><U92/><E45/><V76/><F76/><W132/><G132/><T26/><D116/><U15/><REACH who="1" step="1"/><E93/><REACH who="1" ten="380,136,234,240" step="2"/><V112/><F112/><W67/><G67/><T122/><D122/><U88/><E88/><V110/><F110/><W77/><G91/><T36/><D36/><U113/><E113/><V7/><AGARI ba="0,1" hai="2,7,9,39,43,46,104,105" m="42059,28715" machi="7" ten="40,2700,0" yaku="14,1,23,1" doraHai="95" who="2" fromWho="2" sc="380,-7,136,-13,234,37,240,-7" /><INIT seed="2,0,0,4,0,20" ten="373,123,271,233" oya="2" hai0="83,120,5,118,108,69,50,74,30,14,59,106,128" hai1="131,54,53,110,90,89,43,32,67,107,122,133,121" hai2="45,132,86,29,41,56,82,24,19,98,22,130,61" hai3="1,125,46,3,124,111,99,114,115,28,80,31,65"/><V109/><F132/><W117/><G65/><T27/><D69/><U76/><E107/><V0/><F130/><W105/><G46/><T58/><D106/><U127/><E133/><V37/><F109/><W52/><G80/><T15/><D120/><U93/><E110/><V134/><F134/><W81/><G81/><T126/><D108/><U48/><E131/><V123/><F0/><N who="3" m="75" /><G111/><T13/><D128/><U129/><E129/><V62/><F123/><N who="1" m="47113" /><E32/><V60/><F98/><W100/><G52/><N who="1" m="20074" /><E127/><N who="3" m="48714" /><G117/><T70/><D70/><U77/><E67/><V88/><REACH who="2" step="1"/><F29/><AGARI ba="0,0" hai="28,29,31,99,100,105,114,115" m="48714,75" machi="29" ten="40,1300,0" yaku="18,1" doraHai="20" who="3" fromWho="2" sc="373,0,123,0,271,-13,233,13" /><INIT seed="3,0,0,4,2,32" ten="373,123,258,246" oya="3" hai0="79,64,109,29,57,106,61,107,113,25,36,4,66" hai1="128,94,116,12,91,124,9,67,37,131,95,28,133" hai2="92,38,82,80,23,105,100,86,135,123,24,52,18" hai3="5,77,99,48,41,71,39,69,65,74,19,54,122"/><W49/><G5/><T81/><D36/><U8/><E37/><V130/><F130/><W43/><G74/><T47/><D109/><U7/><E67/><V50/><F38/><W87/><G99/><T96/><D4/><U16/><E116/><V72/><F135/><W30/><G19/><T118/><D118/><U108/><E108/><V42/><F42/><N who="3" m="15883" /><G87/><T83/><D83/><U88/><E133/><V132/><F132/><W45/><G39/><T60/><D96/><U53/><E53/><V26/><F123/><W85/><G85/><T101/><D101/><U93/><E28/><V20/><F72/><W2/><G77/><T62/><D47/><U119/><E119/><V115/><F105/><W84/><G2/><T76/><D113/><U58/><E58/><V111/><F111/><W34/><G84/><T40/><D40/><U55/><E55/><V11/><F11/><W31/><G122/><T78/><D81/><U1/><E124/><V90/><F100/><W134/><G134/><T103/><D103/><U73/><E73/><V121/><F115/><W46/><G34/><N who="0" m="20783" /><D57/><U10/><E10/><V68/><F68/><N who="3" m="26187" /><G65/><T15/><D15/><U117/><E117/><V59/><REACH who="2" step="1"/><F121/><REACH who="2" ten="373,123,248,246" step="2"/><W102/><G102/><T97/><D107/><U0/><E0/><V98/><F98/><W22/><G22/><T112/><D112/><U3/><E3/><V126/><F126/><W6/><G6/><T129/><D106/><U56/><E56/><V104/><F104/><W27/><G27/><T35/><D97/><U89/><AGARI ba="0,1" hai="1,7,8,9,12,16,88,89,91,93,94,95,128,131" machi="89" ten="40,8000,1" yaku="0,1,52,1,54,2" doraHai="32" who="1" fromWho="1" sc="373,-20,123,90,248,-20,246,-40" owari="353,45.3,213,-18.7,228,2.8,206,-29.4" /></mjloggm>