<mjloggm ver="2.3"><GO type="225" lobby="0"/><UN n0="%72%61%6B%33" n1="%E4%B8%89%E5%86%A0%E7%8E%8B%E3%83%BB%E5%B1%B1%E7%94%B0%E5%93%B2%E4%BA%BA" n2="%74%61%6B%75%61%6B%61" n3="%E6%82%94%E3%81%84%E3%82%BF%E3%83%B3" dan="16,16,17,16" rate="2179.49,2159.84,2197.08,2061.21" sx="M,M,M,M"/><TAIKYOKU oya="0"/><INIT seed="0,0,0,5,0,110" ten="250,250,250,250" oya="0" hai0="33,92,43,83,24,12,84,123,76,78,67,107,3" hai1="10,119,32,114,45,106,95,34,23,109,130,104,111" hai2="64,0,121,128,99,59,46,129,68,132,82,22,42" hai3="108,93,113,90,115,134,77,51,15,75,58,88,7"/><T85/><D123/><U8/><E119/><V131/><F121/><W79/><G108/><N who="1" m="41546" /><E130/><V29/><F132/><W100/><G100/><T97/><D3/><U47/><E23/><V54/><F0/><W102/><G102/><T73/><D43/><U70/><E95/><V112/><F99/><W49/><G134/><T122/><D122/><U96/><E96/><V52/><F82/><W38/><G38/><T19/><D67/><U117/><E70/><V133/><F133/><W6/><G15/><T9/><D107/><N who="1" m="41003" /><E117/><V1/><F1/><W80/><G93/><T72/><D72/><U16/><E114/><V55/><F22/><W41/><G41/><T116/><D116/><U89/><E89/><V57/><F29/><W5/><G58/><T26/><D33/><N who="1" m="12907" /><E16/><V14/><F112/><W120/><G120/><T69/><D69/><U74/><E74/><V65/><F14/><W87/><G7/><T118/><D118/><U86/><E86/><V101/><F101/><W126/><G87/><T17/><D17/><U18/><E18/><V63/><REACH who="2" step="1"/><F65/><REACH who="2" ten="250,250,240,250" step="2"/><W91/><G80/><N who="0" m="47111" /><D73/><U2/><E2/><V11/><F11/><AGARI ba="0,1" hai="8,10,11,45,47" m="12907,41003,41546" machi="11" ten="40,5200,0" yaku="28,2,14,1" doraHai="110" who="1" fromWho="2" sc="250,0,250,62,240,-52,250,0" /><INIT seed="1,0,0,5,4,52" ten="250,312,188,250" oya="1" hai0="135,109,103,45,72,18,8,117,34,1,87,92,56" hai1="59,133,84,7,13,49,99,28,81,95,47,102,35" hai2="5,77,60,68,96,123,10,14,9,76,50,73,63" hai3="46,82,127,43,122,89,132,71,3,101,107,97,125"/><U110/><E133/><V129/><F123/><W55/><G122/><T112/><D112/><U38/><E110/><V29/><F129/><W114/><G114/><T106/><D117/><U65/><E38/><V62/><F68/><W27/><G71/><T131/><D34/><U120/><E120/><V119/><F119/><W134/><G3/><T126/><D72/><U33/><E28/><V105/><F29/><W12/><G12/><T44/><D106/><U6/><E35/><V22/><F22/><W26/><G55/><T116/><D109/><U115/><E33/><V11/><F50/><N who="3" m="26975" /><G89/><T104/><D1/><U0/><E13/><V58/><F73/><W42/><G82/><T69/><D69/><U21/><E21/><V37/><F37/><W80/><G80/><T83/><D83/><U19/><E0/><V130/><F130/><W17/><G42/><T91/><D131/><U94/><E94/><V32/><F32/><W39/><G39/><T88/><D92/><U15/><E81/><V70/><F70/><W24/><G17/><T41/><D18/><U31/><E19/><V113/><F113/><W54/><G54/><T30/><D104/><U98/><E95/><V124/><F14/><W86/><G86/><T67/><D87/><U75/><E75/><V64/><F5/><W111/><G111/><T4/><D4/><U118/><E6/><V121/><F121/><W79/><G79/><N who="2" m="30281" /><F124/><AGARI ba="0,0" hai="24,26,27,97,101,107,124,125,127,132,134" m="26975" machi="124" ten="30,1000,0" yaku="18,1" doraHai="52" who="3" fromWho="2" sc="250,0,312,0,188,-10,250,10" /><INIT seed="2,0,0,3,4,17" ten="250,312,178,260" oya="2" hai0="25,104,35,9,1,72,60,105,107,14,69,113,115" hai1="53,38,102,46,2,127,118,131,51,31,93,120,55" hai2="109,124,74,95,98,54,32,82,37,26,33,103,65" hai3="101,7,110,111,44,85,12,61,114,6,71,135,121"/><V0/><F124/><W8/><G121/><T79/><D14/><U125/><E38/><V117/><F117/><W49/><G135/><T50/><D50/><U29/><E2/><V56/><F0/><W92/><G114/><T23/><D79/><U39/><E131/><V58/><F37/><W76/><G6/><T4/><D72/><U128/><E128/><V134/><F134/><W13/><G13/><T70/><D35/><U100/><E39/><V21/><F109/><N who="3" m="41483" /><G101/><T133/><D133/><U34/><E102/><V126/><F126/><W77/><G92/><T41/><D41/><U22/><E100/><V81/><F65/><N who="3" m="41391" /><G85/><T66/><REACH who="0" step="1"/><D69/><REACH who="0" ten="240,312,178,260" step="2"/><U63/><E125/><V16/><F58/><W116/><G116/><T64/><D64/><U94/><E127/><V11/><F11/><W19/><G7/><T57/><D57/><U20/><E118/><V75/><F75/><W62/><G62/><T18/><AGARI ba="0,1" hai="1,4,9,18,23,25,60,66,70,104,105,107,113,115" machi="18" ten="30,4000,0" yaku="1,1,0,1,52,1,53,0" doraHai="17" doraHaiUra="112" who="0" fromWho="0" sc="240,50,312,-10,178,-20,260,-10" /><INIT seed="3,0,0,5,5,46" ten="290,302,158,250" oya="3" hai0="60,109,16,93,87,94,63,135,5,59,62,4,123" hai1="18,34,13,119,44,121,90,77,117,96,126,107,65" hai2="57,10,73,71,8,36,20,54,66,124,91,38,50" hai3="125,127,68,88,120,1,114,108,40,49,118,83,7"/><W30/><G114/><T78/><D123/><U130/><E34/><V64/><F73/><W48/><G120/><T17/><D109/><U33/><E33/><V99/><F124/><N who="3" m="47691" /><G118/><N who="1" m="45066" /><E126/><V31/><F36/><W102/><G108/><T105/><D105/><U115/><E130/><V56/><F38/><W26/><G68/><T23/><D135/><U86/><E65/><N who="2" m="25195" /><F71/><W3/><G102/><T76/><D59/><U70/><E115/><V32/><F32/><N who="3" m="20567" /><G40/><T51/><D51/><N who="3" m="19529" /><G7/><N who="0" m="2635" /><D17/><U43/><E18/><V69/><F69/><W101/><G101/><T80/><D78/><U122/><E77/><V41/><F41/><W37/><G37/><T81/><D81/><U11/><E43/><V15/><F57/><W129/><G129/><T53/><D53/><U113/><E70/><V106/><F106/><W134/><G134/><T55/><D55/><U84/><E113/><V28/><F20/><W22/><G22/><T39/><D39/><U131/><E107/><V133/><F133/><W58/><G58/><T29/><D29/><N who="2" m="11338" /><F15/><AGARI ba="0,0" hai="15,16,23,60,62,63,76,80,87,93,94" m="2635" machi="15" ten="30,2000,0" yaku="8,1,54,1" doraHai="46" who="0" fromWho="2" sc="290,20,302,0,158,-20,250,0" owari="310,41.0,302,10.2,138,-36.2,250,-15.0" /></mjloggm>