<mjloggm ver="2.3"><GO type="225" lobby="0"/><UN n0="%72%69%6F%75%63%68%61%6E" n1="%E4%BA%BA%E9%96%93%E3%83%81%E3%83%A3%E3%83%BC%E3%83%8F%E3%83%B3" n2="%E6%B4%BE%E9%81%A3%E3%81%AE%E3%82%B8%E3%83%A3%E3%83%83%E3%82%AF" n3="%33%74%72%65%65" dan="16,16,17,16" rate="2200.75,2076.20,2230.69,2164.69" sx="M,M,M,F"/><TAIKYOKU oya="0"/><INIT seed="0,0,0,1,1,15" ten="250,250,250,250" oya="0" hai0="94,100,44,55,37,21,91,1,66,51,134,56,35" hai1="26,54,36,43,105,93,121,20,80,85,112,96,58" hai2="23,63,73,2,76,86,89,69,24,38,19,8,82" hai3="25,103,124,29,30,34,127,13,45,83,32,61,33"/><T108/><D35/><U77/><E121/><V28/><F38/><W40/><G103/><T57/><D134/><U132/><E132/><V59/><F69/><W53/><G83/><T39/><D1/><U133/><E133/><V48/><F48/><W14/><G53/><T125/><D125/><N who="3" m="48201" /><G61/><T79/><D108/><U4/><E112/><V101/><F101/><W84/><G84/><T135/><D135/><U99/><E4/><V109/><F109/><W71/><G71/><T7/><D7/><U46/><E93/><V81/><F2/><W118/><G118/><T129/><D129/><U10/><E10/><V107/><F107/><W88/><G88/><T65/><D100/><U78/><E77/><V104/><F104/><W5/><G5/><T116/><D116/><U106/><E106/><V60/><F59/><N who="0" m="22602" /><D37/><U68/><E68/><V47/><F47/><W97/><G97/><N who="0" m="57567" /><D39/><U49/><REACH who="1" step="1"/><E105/><REACH who="1" ten="250,240,250,250" step="2"/><V131/><F131/><W17/><G34/><T90/><D79/><U6/><E6/><V67/><F67/><W31/><G33/><T11/><D11/><U64/><E64/><V50/><F8/><W126/><G32/><T18/><D90/><U119/><E119/><V87/><F73/><W111/><G126/><T120/><D120/><U130/><E130/><V3/><F3/><W41/><G111/><T95/><D95/><U123/><E123/><V70/><F70/><W72/><G72/><T102/><D102/><U117/><E117/><V16/><F50/><N who="3" m="26919" /><G41/><T74/><D74/><U22/><E22/><AGARI ba="0,1" hai="13,14,17,22,25,29,30,31" m="26919,48201" machi="22" ten="30,2000,0" yaku="18,1,52,1" doraHai="15" who="3" fromWho="1" sc="250,0,240,-20,250,0,250,30" /><INIT seed="1,0,0,2,4,54" ten="250,220,250,280" oya="1" hai0="35,62,33,116,1,134,118,6,92,85,74,75,47" hai1="103,131,107,27,84,37,126,115,65,93,120,2,106" hai2="123,105,39,38,86,94,111,66,20,51,50,91,119" hai3="58,30,80,97,121,60,78,59,0,124,72,9,109"/><U135/><E115/><V29/><F123/><W22/><G121/><T95/><D47/><U42/><E2/><V53/><F105/><W90/><G109/><T55/><D1/><U132/><E120/><V46/><F119/><N who="0" m="45610" /><D55/><U128/><E42/><V67/><F111/><W25/><G124/><T70/><D85/><U81/><E37/><V68/><F68/><W76/><G76/><T34/><D70/><U14/><E14/><V69/><F69/><W87/><G97/><T17/><D17/><U43/><E43/><N who="2" m="24927" /><F39/><W57/><G0/><T44/><D44/><U63/><E27/><N who="2" m="16615" /><F38/><W102/><G9/><T16/><D6/><U3/><E3/><V104/><F104/><W82/><REACH who="3" step="1"/><G102/><REACH who="3" ten="250,220,250,270" step="2"/><T108/><D108/><U71/><E126/><V31/><F31/><W101/><G101/><T45/><D134/><N who="1" m="51243" /><E128/><V32/><F32/><W21/><G21/><T48/><D34/><U79/><E131/><V5/><F5/><W26/><G26/><T28/><D35/><U15/><E15/><V127/><F127/><W125/><G125/><T83/><D33/><U117/><E117/><V113/><F113/><W41/><G41/><T100/><D100/><U19/><E19/><V98/><F98/><AGARI ba="0,1" hai="63,65,71,79,81,84,93,98,103,106,107" m="51243" machi="98" ten="30,1500,0" yaku="20,1" doraHai="54" who="1" fromWho="2" sc="250,0,220,25,250,-15,270,0" /><INIT seed="1,1,0,2,3,115" ten="250,245,235,270" oya="1" hai0="2,61,67,65,18,27,49,73,132,48,107,116,105" hai1="106,53,43,23,128,76,55,111,35,15,57,96,103" hai2="64,88,91,45,89,4,124,5,66,86,134,31,11" hai3="60,95,47,51,75,93,17,104,97,7,127,59,77"/><U99/><E35/><V21/><F124/><W113/><G113/><T3/><D73/><U101/><E128/><V123/><F123/><W42/><G127/><T125/><D125/><U90/><E76/><V33/><F33/><W52/><G7/><N who="2" m="2633" /><F134/><W44/><G104/><N who="0" m="40011" /><D61/><N who="1" m="36015" /><E106/><V6/><F45/><W24/><G75/><T37/><D37/><U19/><E43/><V83/><N who="2" m="2641" /><V85/><DORA hai="130" /><F11/><W14/><G77/><T36/><D36/><U54/><E111/><V71/><F71/><W119/><G119/><T120/><D27/><U129/><E129/><V79/><F85/><W72/><G72/><T92/><D92/><N who="1" m="56343" /><E99/><V131/><F131/><W25/><G47/><T68/><D68/><U28/><E28/><V114/><F114/><W8/><REACH who="3" step="1"/><G95/><REACH who="3" ten="250,245,235,260" step="2"/><T9/><D116/><U110/><E110/><V100/><F100/><AGARI ba="1,1" hai="8,14,17,24,25,42,44,51,52,59,60,93,97,100" machi="100" ten="30,16000,3" yaku="1,1,2,1,7,1,8,1,54,1,53,3" doraHai="115,130" doraHaiUra="22,40" who="3" fromWho="2" sc="250,0,245,0,235,-163,260,173" /><AGARI ba="1,0" hai="15,19,23,54,55,100,101,103" m="56343,36015" machi="100" ten="30,1500,0" yaku="8,1" doraHai="115,130" who="1" fromWho="2" sc="250,0,245,15,72,-15,433,0" /><INIT seed="1,2,0,3,5,6" ten="250,260,57,433" oya="1" hai0="27,32,97,60,61,113,9,128,108,39,41,103,15" hai1="129,50,72,5,26,120,64,74,132,42,12,53,40" hai2="127,133,89,135,56,92,22,70,23,48,66,43,79" hai3="73,99,81,68,93,57,101,29,13,28,105,67,115"/><U84/><E120/><V62/><F127/><W75/><G115/><T106/><D113/><U90/><E129/><V51/><F79/><W46/><G68/><T86/><D108/><U25/><E132/><N who="2" m="50763" /><F43/><N who="1" m="16425" /><E64/><V71/><F51/><W8/><G46/><T85/><D128/><U49/><E74/><V44/><F44/><W19/><G105/><T59/><D60/><U126/><E72/><V4/><F4/><W104/><G75/><T3/><D3/><U109/><E126/><V118/><F118/><W65/><G104/><T33/><D27/><N who="1" m="10251" /><E53/><N who="2" m="31783" /><F71/><W7/><G73/><T52/><D41/><U119/><E119/><V123/><F123/><W111/><G111/><T80/><D39/><U131/><E109/><V88/><F89/><W31/><G67/><T121/><D121/><U17/><E5/><V98/><AGARI ba="2,0" hai="22,23,62,66,70,88,92,98" m="31783,50763" machi="98" ten="30,2000,0" yaku="20,1,54,1" doraHai="6" who="2" fromWho="2" sc="250,-7,260,-12,57,26,433,-7" /><INIT seed="2,0,0,5,4,91" ten="243,248,83,426" oya="2" hai0="68,122,24,132,69,14,8,61,23,62,0,87,66" hai1="99,39,33,131,89,115,44,17,129,38,25,107,135" hai2="70,2,76,125,43,4,123,10,108,81,63,49,83" hai3="31,51,77,54,64,48,41,111,100,85,30,1,35"/><V21/><F123/><W98/><G1/><T134/><D122/><U6/><E115/><V112/><F112/><W119/><G111/><T130/><D0/><U26/><E135/><N who="0" m="51753" /><D130/><N who="1" m="49675" /><E6/><V34/><F34/><W103/><G48/><T74/><D74/><U105/><E89/><V55/><F108/><W32/><G41/><T46/><D46/><U58/><E58/><V45/><F125/><W118/><G64/><N who="0" m="40975" /><D87/><U120/><E120/><V53/><F21/><W56/><G35/><T102/><D102/><N who="1" m="62687" /><E107/><V59/><F70/><W124/><G100/><T16/><D8/><U7/><E7/><V116/><F116/><W15/><G85/><T9/><D9/><U13/><E44/><V117/><F117/><W101/><G101/><T127/><D127/><U95/><E95/><V37/><REACH who="2" step="1"/><F76/><REACH who="2" ten="243,248,73,426" step="2"/><W133/><G77/><T96/><D96/><U86/><E33/><V114/><F114/><W126/><G32/><T104/><D104/><U47/><E26/><AGARI ba="0,1" hai="14,16,23,24,26,62,66,69" m="40975,51753" machi="26" ten="30,2000,0" yaku="20,1,54,1" doraHai="91" who="0" fromWho="1" sc="243,30,248,-20,73,0,426,0" /><INIT seed="3,0,0,1,4,75" ten="273,228,73,426" oya="3" hai0="1,28,30,54,128,41,73,95,33,126,101,51,72" hai1="6,15,89,118,48,117,50,88,11,130,42,103,62" hai2="40,78,122,39,52,85,20,49,108,21,53,106,113" hai3="61,60,135,86,97,115,83,133,131,19,22,84,26"/><W32/><G115/><T7/><D41/><U13/><E130/><V46/><F108/><W57/><G131/><T116/><D116/><U132/><E132/><V59/><F106/><W125/><G125/><T121/><D121/><U3/><E103/><V5/><F113/><W66/><G32/><T63/><D128/><U56/><E117/><V0/><F122/><W18/><G97/><T34/><D63/><U71/><E118/><V91/><F0/><W35/><G35/><T43/><D43/><U70/><E70/><V14/><F78/><W80/><G57/><T129/><D7/><U109/><E71/><V92/><REACH who="2" step="1"/><F53/><REACH who="2" ten="273,228,63,426" step="2"/><W96/><G133/><T25/><D1/><U36/><E109/><V58/><F58/><W44/><G135/><T93/><D54/><U112/><E112/><V104/><F104/><W99/><G44/><T23/><D129/><U79/><E79/><V105/><F105/><W74/><G74/><T12/><D72/><U31/><E3/><V134/><F134/><W24/><G66/><T8/><D73/><U102/><E56/><V81/><F81/><W94/><G94/><T98/><D95/><U55/><E55/><V9/><AGARI ba="0,1" hai="5,9,14,20,21,39,40,46,49,52,59,85,91,92" machi="9" ten="30,7900,0" yaku="1,1,0,1,54,1,53,1" doraHai="75" doraHaiUra="68" who="2" fromWho="2" sc="273,-20,228,-20,63,89,426,-39" owari="253,5.3,208,-19.2,152,-34.8,387,48.7" /></mjloggm>