<mjloggm ver="2.3"><GO type="225" lobby="0"/><UN n0="%E6%B0%B7%E5%B7%9D%E9%87%8C%E5%A5%88" n1="%E3%81%B5%E3%81%98%E3%81%8B%E3%81%A4" n2="%72%69%6F%75%63%68%61%6E" n3="%E3%80%93%E3%81%97%E3%83%BC%E3%82%89%E3%80%93" dan="16,16,16,16" rate="2061.22,2179.29,2151.51,2130.37" sx="F,M,M,M"/><TAIKYOKU oya="0"/><INIT seed="0,0,0,3,0,59" ten="250,250,250,250" oya="0" hai0="22,103,114,27,104,30,106,19,2,113,15,102,61" hai1="129,81,101,42,110,57,124,9,75,38,94,14,43" hai2="109,50,44,62,86,0,6,88,32,12,122,112,41" hai3="134,131,107,83,66,65,60,74,73,72,77,63,67"/><T69/><D2/><U40/><E110/><V55/><F122/><W56/><G131/><T33/><D103/><U68/><E129/><V3/><F112/><W79/><G134/><T100/><D100/><U23/><E124/><V105/><F32/><W54/><G107/><T135/><D135/><U11/><E68/><V128/><F105/><W47/><G47/><T130/><D130/><U71/><E71/><V133/><F128/><W99/><G99/><N who="0" m="61535" /><D106/><U82/><E38/><V116/><F109/><W49/><REACH who="3" step="1"/><G79/><REACH who="3" ten="250,250,250,240" step="2"/><T29/><D29/><U121/><E121/><V10/><F133/><W132/><G132/><T45/><D45/><U26/><E101/><V36/><F116/><W34/><G34/><T16/><D19/><U1/><E75/><AGARI ba="0,1" hai="49,54,56,60,63,65,66,67,72,73,74,75,77,83" machi="75" ten="50,8000,1" yaku="1,1,52,2,53,1" doraHai="59" doraHaiUra="78" who="3" fromWho="1" sc="250,0,250,-80,250,0,240,90" /><INIT seed="1,0,0,4,4,112" ten="250,170,250,330" oya="1" hai0="78,57,99,92,49,26,89,87,4,9,8,86,95" hai1="84,133,98,1,47,74,97,15,24,135,102,43,81" hai2="90,126,130,73,18,31,54,10,7,13,111,29,123" hai3="88,83,40,12,52,50,3,85,39,72,38,114,115"/><U118/><E1/><V91/><F123/><W66/><G3/><T17/><D78/><N who="1" m="44247" /><E24/><V21/><F111/><W80/><G66/><T28/><D17/><U46/><E15/><V5/><F126/><W25/><G72/><T103/><D86/><U93/><E47/><V119/><F119/><W53/><G40/><T107/><D107/><N who="1" m="63951" /><E46/><V127/><F130/><W41/><G41/><T79/><D79/><U120/><E43/><V69/><F73/><W105/><G105/><T23/><D4/><N who="2" m="1610" /><F127/><W42/><G42/><T44/><D57/><U125/><E125/><V110/><F110/><W27/><G85/><T94/><D94/><U71/><E71/><V33/><F33/><W58/><G58/><T22/><D22/><U124/><E124/><V35/><F35/><W16/><G12/><T2/><D2/><U101/><E120/><V70/><F69/><W117/><G50/><T20/><D20/><U116/><E84/><V55/><F70/><W82/><G16/><T59/><D44/><U37/><E37/><V45/><F29/><W131/><G39/><T32/><D32/><U48/><E48/><N who="2" m="28943" /><F55/><AGARI ba="0,0" hai="8,9,23,26,28,49,55,59,87,89,92,95,99,103" machi="55" ten="40,1300,0" yaku="8,1" doraHai="112" who="0" fromWho="2" sc="250,13,170,0,250,-13,330,0" /><INIT seed="2,0,0,2,1,39" ten="263,170,237,330" oya="2" hai0="27,1,95,12,45,125,29,84,72,35,11,14,131" hai1="23,86,89,127,63,26,85,91,110,90,44,109,58" hai2="83,103,116,9,33,0,79,92,69,128,62,57,55" hai3="133,114,78,66,51,120,123,134,93,25,97,73,60"/><V19/><F116/><W48/><G114/><T53/><D72/><U8/><E127/><V30/><F128/><W108/><G108/><T81/><D125/><U104/><E104/><V106/><F106/><W24/><G78/><T118/><D131/><U43/><E8/><V87/><F69/><W82/><G82/><T76/><D118/><U119/><E119/><V112/><F112/><W101/><G73/><T3/><D95/><U34/><E34/><V94/><F103/><W88/><G101/><T31/><D31/><U126/><E126/><V50/><F0/><W64/><G64/><T115/><D115/><U75/><E75/><V70/><F70/><N who="3" m="42311" /><G25/><T59/><D45/><U124/><E124/><V16/><F9/><W80/><G24/><T15/><REACH who="0" step="1"/><D11/><REACH who="0" ten="253,170,237,330" step="2"/><U100/><E100/><V28/><F28/><W96/><G93/><N who="2" m="35945" /><F30/><W6/><G96/><T21/><D21/><U61/><E110/><V42/><F33/><W71/><G97/><T46/><D46/><AGARI ba="0,1" hai="16,19,42,46,50,55,57,62,79,83,87" m="35945" machi="46" ten="30,5800,0" yaku="8,1,52,1,54,1" doraHai="39" who="2" fromWho="0" sc="253,-58,170,0,237,68,330,0" /><INIT seed="2,1,0,1,2,77" ten="195,170,305,330" oya="2" hai0="81,116,97,89,125,48,105,23,129,68,34,99,20" hai1="86,119,55,74,114,92,6,95,80,120,113,27,14" hai2="32,16,103,71,123,83,54,13,107,67,40,7,52" hai3="91,15,117,49,122,84,64,109,12,70,115,126,134"/><V88/><F123/><W65/><G122/><T132/><D34/><U61/><E120/><V96/><F32/><W31/><G117/><T90/><D68/><U5/><E119/><V66/><F7/><W29/><G109/><T58/><D116/><U63/><E74/><V85/><F40/><W30/><G134/><T45/><D132/><U72/><E72/><V112/><F112/><W98/><G126/><T47/><D125/><U9/><E5/><V4/><F4/><W118/><G115/><T108/><D108/><U41/><E114/><V50/><F71/><W130/><G130/><T19/><D129/><U22/><E41/><V128/><F128/><W69/><G69/><T8/><D105/><U37/><E37/><V100/><F100/><W62/><G65/><T75/><D75/><U110/><E110/><V39/><F39/><W26/><G26/><T104/><D104/><U127/><E127/><V43/><F43/><W46/><G98/><T3/><D3/><U78/><E113/><V10/><F52/><W11/><G11/><T36/><D36/><U135/><E135/><V82/><REACH who="2" step="1"/><F83/><REACH who="2" ten="195,170,295,330" step="2"/><W133/><G133/><T33/><D33/><U111/><E111/><V28/><F28/><W24/><G118/><T35/><D35/><U51/><E61/><V124/><F124/><W93/><G31/><T131/><D131/><U44/><E63/><V1/><F1/><W121/><G30/><AGARI ba="1,1" hai="6,9,14,22,27,30,44,51,55,78,80,86,92,95" machi="30" ten="30,3900,0" yaku="7,1,8,1,52,1" doraHai="77" who="1" fromWho="3" sc="195,0,170,52,295,0,330,-42" /><INIT seed="3,0,0,0,2,7" ten="195,222,295,288" oya="3" hai0="88,1,46,37,114,100,105,97,62,75,72,101,102" hai1="98,52,132,11,76,31,53,131,27,15,73,96,30" hai2="85,19,22,109,41,125,83,103,99,17,23,58,89" hai3="14,107,70,69,44,104,122,12,13,18,10,94,90"/><W120/><G44/><T55/><D114/><U135/><E131/><V54/><F109/><W115/><G94/><T51/><D37/><U124/><E124/><V116/><F116/><W92/><G92/><T111/><D111/><U133/><E73/><V80/><F125/><W95/><G95/><T57/><D1/><U39/><E76/><V106/><F41/><W130/><G90/><T61/><D61/><U3/><E3/><V68/><F68/><N who="3" m="26219" /><G115/><T59/><D59/><U82/><E82/><N who="2" m="49335" /><F106/><N who="3" m="40491" /><G18/><N who="2" m="6665" /><F99/><N who="1" m="37929" /><E39/><V0/><F0/><W43/><G43/><T48/><D48/><U36/><E36/><V121/><F121/><N who="3" m="46699" /><G10/><T126/><D126/><U78/><E78/><V118/><F118/><W65/><G65/><T24/><D24/><U77/><E77/><V42/><F103/><W108/><G108/><T29/><D29/><N who="1" m="10763" /><E27/><V63/><F42/><W112/><G112/><T8/><D8/><U128/><E128/><AGARI ba="0,0" hai="12,13,14,128,130" m="46699,40491,26219" machi="128" ten="40,3900,0" yaku="28,2" doraHai="7" who="3" fromWho="1" sc="195,0,222,-39,295,0,288,39" owari="195,-20.5,183,-31.7,295,9.5,327,42.7" /></mjloggm>