<mjloggm ver="2.3"><GO type="225" lobby="0"/><UN n0="%E3%81%AF%E3%82%88%E3%81%8A%E3%81%98%E3%81%95%E3%82%93" n1="%72%69%6F%75%63%68%61%6E" n2="%E3%81%BE%E3%81%A8%E3%81%9F" n3="%E9%81%85%E5%88%BB%E3%81%AE%E3%83%97%E3%83%AA%E3%83%B3%E3%82%B9%E2%99%AA" dan="16,17,16,16" rate="2194.24,2241.87,2172.56,2166.44" sx="M,M,M,F"/><TAIKYOKU oya="0"/><INIT seed="0,0,0,1,1,87" ten="250,250,250,250" oya="0" hai0="85,23,103,125,107,51,26,67,57,53,33,62,8" hai1="39,119,37,88,73,5,36,117,80,22,93,52,111" hai2="19,24,48,21,116,133,65,31,10,18,132,11,17" hai3="45,34,12,102,123,128,95,130,99,108,32,58,44"/><T112/><D125/><U20/><E111/><V30/><F65/><W56/><G108/><T127/><D127/><U114/><E114/><V109/><F48/><W76/><G123/><T84/><D112/><U113/><E113/><V7/><F109/><W78/><G12/><T120/><D120/><U9/><E52/><V77/><F77/><W13/><G13/><T96/><D8/><U55/><E55/><V64/><F64/><W40/><G78/><T49/><D49/><U15/><E80/><V135/><F116/><W16/><G16/><N who="2" m="6249" /><F10/><W81/><G34/><T72/><D23/><U121/><E73/><V14/><AGARI ba="0,0" hai="7,11,14,19,21,24,30,31,132,133,135" m="6249" machi="14" ten="40,8000,1" yaku="20,1,34,2,54,1" doraHai="87" who="2" fromWho="2" sc="250,-40,250,-20,250,80,250,-20" /><INIT seed="1,0,0,1,0,0" ten="210,230,330,230" oya="1" hai0="123,91,119,36,121,47,24,67,100,33,44,40,135" hai1="79,108,59,77,66,25,75,35,130,118,54,49,22" hai2="20,63,45,51,104,64,58,125,112,106,94,23,37" hai3="62,39,46,71,42,7,13,55,26,124,32,12,109"/><U76/><E130/><V73/><F125/><W11/><G124/><T99/><D119/><U19/><E118/><V31/><F73/><W116/><G116/><T114/><D114/><U52/><E108/><V105/><F37/><W56/><G109/><T15/><D135/><U78/><E35/><V132/><F132/><W16/><G71/><T87/><D67/><U93/><E93/><V127/><F112/><W90/><G90/><T80/><D44/><U81/><REACH who="1" step="1"/><E49/><REACH who="1" ten="210,220,330,230" step="2"/><V103/><F94/><W30/><REACH who="3" step="1"/><G13/><REACH who="3" ten="210,220,330,220" step="2"/><T133/><D15/><U61/><AGARI ba="0,2" hai="19,22,25,52,54,59,61,66,75,76,77,78,79,81" machi="61" ten="30,11700,0" yaku="1,1,2,1,0,1,54,1,53,0" doraHai="0" doraHaiUra="9" who="1" fromWho="1" sc="210,-39,220,137,330,-39,220,-39" /><INIT seed="1,1,0,1,0,35" ten="171,357,291,181" oya="1" hai0="17,118,129,32,132,10,18,78,73,3,44,55,38" hai1="47,107,77,74,69,1,92,75,90,50,83,21,53" hai2="29,2,60,36,70,5,24,100,51,43,56,19,79" hai3="126,108,27,125,13,84,31,8,115,4,48,119,85"/><U121/><E121/><V123/><F19/><W30/><G115/><T106/><D118/><U87/><E69/><V58/><F70/><W12/><G119/><T88/><D106/><U91/><E107/><V71/><F71/><W66/><G108/><T94/><D32/><U111/><E111/><V89/><F36/><W23/><G66/><T14/><D129/><U102/><E1/><V95/><F100/><W26/><G48/><T72/><D132/><U109/><E109/><V110/><F79/><W104/><G104/><T134/><D134/><U59/><E21/><V9/><F123/><W135/><G135/><T64/><D64/><U49/><E102/><V54/><F43/><W93/><G93/><T97/><D3/><U101/><E101/><V128/><F128/><W76/><G76/><T114/><D114/><U62/><E49/><V46/><F60/><W7/><G23/><T67/><D67/><U98/><REACH who="1" step="1"/><E77/><REACH who="1" ten="171,347,291,181" step="2"/><V131/><F110/><W41/><G8/><T103/><D78/><U22/><E22/><V61/><F131/><W28/><G28/><T124/><D103/><U99/><E99/><V37/><F37/><W96/><G96/><T20/><D38/><U82/><E82/><V105/><F105/><W112/><G112/><T116/><D116/><U34/><E34/><V63/><F61/><W6/><G30/><T80/><D80/><U15/><E15/><V52/><F63/><W45/><G13/><N who="0" m="9263" /><D124/><N who="3" m="47721" /><G12/><T42/><D42/><AGARI ba="1,1" hai="42,47,50,53,59,62,74,75,83,87,90,91,92,98" machi="42" ten="30,2900,0" yaku="1,1,7,1,53,0" doraHai="35" doraHaiUra="68" who="1" fromWho="0" sc="171,-32,347,42,291,0,181,0" /><INIT seed="1,2,0,2,3,44" ten="139,389,291,181" oya="1" hai0="125,132,53,93,117,80,94,122,116,62,114,65,85" hai1="131,107,102,113,45,92,112,43,123,83,73,79,9" hai2="33,84,46,134,31,77,19,24,40,34,51,71,10" hai3="21,129,28,48,119,124,4,12,111,1,63,18,115"/><U68/><E123/><V25/><F71/><W15/><G115/><T95/><D114/><U50/><E131/><V87/><F134/><W61/><G129/><T3/><D3/><U133/><E133/><V27/><F77/><W22/><G111/><T5/><D132/><U2/><E68/><V55/><F10/><W90/><G1/><T6/><D122/><U16/><E107/><V120/><F120/><W54/><G124/><T49/><D125/><U38/><E50/><V29/><F40/><W23/><G119/><T74/><D74/><U69/><E69/><V130/><F130/><W109/><G109/><T41/><D41/><U75/><E75/><V14/><REACH who="2" step="1"/><F24/><REACH who="2" ten="139,389,281,181" step="2"/><W36/><G12/><T100/><D117/><U7/><REACH who="1" step="1"/><E16/><REACH who="1" ten="139,379,281,181" step="2"/><V118/><F118/><W105/><G4/><T60/><D116/><U35/><E35/><V59/><F59/><W104/><G28/><T108/><D108/><U98/><AGARI ba="2,2" hai="2,7,9,38,43,45,73,79,83,92,98,102,112,113" machi="98" ten="30,12000,1" yaku="1,1,0,1,25,2,53,1" doraHai="44" doraHaiUra="76" who="1" fromWho="1" sc="139,-42,379,146,281,-42,181,-42" /><INIT seed="1,3,0,3,3,77" ten="97,525,239,139" oya="1" hai0="44,108,104,76,116,10,133,25,88,135,26,43,34" hai1="35,55,5,101,65,102,62,37,80,106,20,16,81" hai2="27,66,72,127,131,42,31,53,124,67,73,90,30" hai3="110,38,36,56,132,79,114,87,96,111,47,48,46"/><U103/><E35/><V119/><F119/><W71/><G114/><T18/><D116/><U129/><E106/><V13/><F42/><W64/><G132/><N who="0" m="50763" /><D104/><U93/><E37/><N who="3" m="14442" /><G96/><T19/><D108/><N who="3" m="41513" /><G71/><T112/><D112/><U113/><E129/><V6/><F131/><W92/><G92/><T118/><D118/><U109/><E109/><V1/><F1/><W125/><G125/><T99/><D76/><U105/><E105/><V0/><F0/><W85/><G79/><T128/><D128/><U117/><E117/><V54/><F90/><W89/><G89/><T32/><D44/><N who="3" m="16937" /><G64/><T126/><D43/><U100/><E113/><V91/><F91/><W23/><G23/><T95/><D126/><U17/><E5/><V122/><F6/><W21/><G21/><N who="0" m="13495" /><D26/><N who="1" m="14599" /><E17/><V120/><F27/><W69/><G69/><T68/><D68/><U3/><E3/><V130/><F130/><W24/><G24/><T74/><D74/><U9/><E9/><V52/><F124/><W75/><G75/><T70/><D70/><U107/><E107/><V45/><F127/><W84/><G56/><T12/><AGARI ba="3,0" hai="10,12,19,32,34,88,95,99" m="13495,50763" machi="12" ten="30,2000,0" yaku="20,1,54,1" doraHai="77" who="0" fromWho="0" sc="97,29,525,-13,239,-8,139,-8" /><INIT seed="2,0,0,0,4,99" ten="126,512,231,131" oya="2" hai0="30,79,75,6,55,87,64,14,51,24,1,94,16" hai1="74,37,85,49,32,12,11,4,82,5,91,103,131" hai2="2,125,48,71,7,54,134,97,120,43,110,86,59" hai3="112,129,3,39,68,93,73,121,28,69,61,31,10"/><V132/><F120/><W76/><G121/><T62/><D75/><U66/><E37/><V46/><F125/><W70/><G129/><T111/><D111/><U34/><E131/><V23/><F71/><W42/><G112/><T124/><D124/><U119/><E119/><V33/><F33/><W27/><G93/><T50/><D1/><U104/><E66/><V101/><F110/><W22/><G31/><T67/><D6/><U65/><E65/><N who="0" m="25161" /><D24/><U15/><E74/><V123/><F86/><W89/><G89/><N who="0" m="53567" /><D79/><U92/><E104/><V38/><F23/><W56/><G76/><T108/><D108/><U72/><E49/><V109/><F123/><W60/><G73/><T83/><D83/><U126/><E126/><V78/><F78/><W53/><G61/><T9/><D30/><U115/><E115/><V45/><F109/><W118/><G118/><T58/><AGARI ba="0,0" hai="9,14,16,50,51,55,58,62" m="53567,25161" machi="58" ten="30,2000,0" yaku="8,1,54,1" doraHai="99" who="0" fromWho="0" sc="126,20,512,-5,231,-10,131,-5" /><INIT seed="3,0,0,0,5,121" ten="146,507,221,126" oya="3" hai0="133,4,93,106,95,28,92,17,81,128,116,59,69" hai1="126,36,119,49,18,123,135,7,115,58,12,125,34" hai2="104,40,122,22,13,1,11,48,114,51,129,80,20" hai3="3,54,5,88,65,44,41,29,75,55,61,103,110"/><W46/><G75/><T108/><D69/><U94/><E36/><V124/><F114/><W16/><G103/><T57/><D106/><U43/><E115/><V120/><F124/><N who="1" m="47721" /><E34/><V83/><F1/><W105/><G105/><T39/><D116/><U117/><E123/><N who="2" m="47147" /><F104/><W127/><G127/><T10/><D39/><U134/><E7/><N who="2" m="3327" /><F129/><W60/><G110/><T70/><D70/><U21/><E94/><V91/><F91/><W15/><G29/><T84/><D28/><U130/><E130/><V14/><F48/><N who="3" m="26639" /><G5/><T100/><D133/><N who="1" m="50699" /><E58/><V19/><F20/><N who="3" m="11295" /><G3/><T90/><D108/><U38/><E49/><V67/><F67/><W27/><G27/><T87/><D128/><U64/><E64/><V30/><F30/><W24/><G24/><T131/><D131/><U118/><E38/><V66/><F66/><W47/><G88/><N who="0" m="51215" /><D4/><U0/><E43/><V52/><F40/><W85/><G85/><T62/><D100/><U50/><E50/><V37/><F37/><W78/><G78/><T96/><D62/><N who="3" m="24169" /><G65/><T45/><D96/><U74/><E0/><V68/><F68/><W9/><G9/><T25/><D10/><U77/><E77/><V6/><F6/><W56/><G55/><T112/><D112/><U53/><E53/><V101/><F101/><W76/><G76/><T2/><D2/><U26/><E26/><V97/><F97/><W73/><G73/><AGARI ba="0,0" hai="12,18,21,73,74,117,118,119" m="50699,47721" machi="73" ten="40,5200,0" yaku="12,1,18,1,20,1" doraHai="121" who="1" fromWho="3" sc="146,0,507,52,221,0,126,-52" owari="146,-25.4,559,65.9,221,2.1,74,-42.6" /></mjloggm>