<mjloggm ver="2.3"><GO type="225" lobby="0"/><UN n0="%E4%BF%BA%E3%81%A8%E5%A6%96%E5%A4%A2" n1="%E9%80%86%E9%80%A3%E5%B8%AF%E3%81%AE%E9%AC%BC" n2="%6D%61%74%69%67%75%73%61" n3="%72%69%6F%75%63%68%61%6E" dan="16,17,17,16" rate="2135.06,2117.61,2146.64,2212.74" sx="F,M,M,M"/><TAIKYOKU oya="0"/><INIT seed="0,0,0,2,3,13" ten="250,250,250,250" oya="0" hai0="110,70,76,40,79,3,96,94,48,6,0,135,127" hai1="59,52,68,103,38,86,132,87,84,130,98,107,55" hai2="92,109,133,105,61,31,4,106,69,26,66,126,134" hai3="25,65,62,90,15,108,16,5,17,56,35,11,44"/><T81/><D70/><U120/><E120/><V131/><F4/><W117/><G117/><T32/><D32/><U58/><E68/><V42/><F42/><W89/><G108/><T116/><D116/><U36/><E132/><N who="2" m="50795" /><F109/><W102/><G102/><T113/><D113/><U54/><REACH who="1" step="1"/><E130/><REACH who="1" ten="250,240,250,250" step="2"/><V88/><F131/><W85/><G44/><T34/><D135/><U7/><E7/><V122/><F122/><W12/><G12/><T14/><D110/><U9/><E9/><V72/><F126/><W39/><G39/><AGARI ba="0,1" hai="36,38,39,52,54,55,58,59,84,86,87,98,103,107" machi="39" ten="50,3200,0" yaku="1,1,54,1,53,0" doraHai="13" doraHaiUra="23" who="1" fromWho="3" sc="250,0,240,42,250,0,250,-32" /><INIT seed="1,0,0,5,2,119" ten="250,282,250,218" oya="1" hai0="103,12,67,1,62,76,55,68,44,75,69,53,90" hai1="126,125,3,5,99,37,77,45,27,97,49,72,127" hai2="95,57,123,60,11,29,105,91,84,38,89,52,109" hai3="73,129,128,74,32,48,135,134,118,36,15,39,100"/><U104/><E104/><V22/><F109/><W80/><G32/><T112/><D1/><U34/><E37/><N who="3" m="14410" /><G48/><T59/><D112/><U117/><E117/><V107/><F38/><W131/><G15/><T83/><D103/><U102/><E102/><V64/><F123/><W93/><G118/><T133/><D133/><N who="3" m="50697" /><G80/><T41/><D90/><U19/><E72/><N who="3" m="27754" /><G100/><T113/><D113/><U120/><E77/><V51/><F11/><W110/><G93/><T65/><D12/><U66/><E34/><V79/><F79/><W116/><G116/><T106/><D41/><U98/><E126/><V115/><F115/><W71/><G71/><T7/><D69/><U23/><E127/><V31/><F89/><W2/><G2/><T108/><D68/><U24/><E125/><V17/><F107/><W86/><G86/><T81/><D106/><U111/><E3/><V88/><F91/><W21/><G21/><T8/><D83/><U4/><E23/><V78/><F78/><W43/><G43/><T63/><D44/><U101/><E45/><N who="2" m="27759" /><F105/><W82/><G82/><T33/><D33/><U26/><E101/><V14/><AGARI ba="0,0" hai="14,17,22,29,31,57,60,64,84,88,95" m="27759" machi="14" ten="30,4000,0" yaku="8,1,54,2" doraHai="119" who="2" fromWho="2" sc="250,-10,282,-20,250,40,218,-10" /><INIT seed="2,0,0,2,3,108" ten="240,262,290,208" oya="2" hai0="52,20,54,17,39,118,33,60,116,113,22,50,125" hai1="32,49,35,23,84,72,95,24,110,34,6,128,105" hai2="11,43,101,122,56,8,126,82,109,135,18,107,88" hai3="19,66,3,129,103,57,123,114,28,36,73,64,55"/><V71/><F71/><W115/><G123/><T86/><D39/><U90/><E110/><V79/><F122/><W100/><G36/><T0/><D33/><U10/><E128/><V92/><F109/><W41/><G129/><T99/><D0/><U27/><E105/><V45/><F135/><W7/><G73/><T53/><D125/><U91/><E72/><V62/><F126/><W112/><G41/><T93/><D86/><U89/><E49/><V16/><F101/><N who="3" m="38987" /><G28/><T85/><D85/><U131/><E131/><V44/><F107/><W121/><G121/><T40/><D60/><U106/><E106/><V58/><F82/><W134/><G134/><T102/><D113/><N who="3" m="28929" /><W46/><DORA hai="13" /><G46/><N who="2" m="18025" /><F79/><W31/><G31/><T67/><D118/><U63/><E63/><V127/><F43/><W51/><G19/><N who="2" m="7209" /><F127/><W4/><G3/><T29/><D40/><U14/><REACH who="1" step="1"/><E27/><REACH who="1" ten="240,252,290,208" step="2"/><V117/><F117/><W78/><G78/><T130/><D130/><U38/><E38/><V104/><F104/><W65/><AGARI ba="0,1" hai="4,7,51,55,57,64,65,66" m="28929,38987" machi="65" ten="50,8000,1" yaku="11,1,52,4" doraHai="108,13" who="3" fromWho="3" sc="240,-20,252,-20,290,-40,208,90" /><INIT seed="3,0,0,3,1,18" ten="220,232,250,298" oya="3" hai0="37,129,97,98,127,51,26,101,7,122,54,91,80" hai1="126,73,86,19,2,93,94,59,61,23,78,33,75" hai2="109,35,27,10,95,49,128,121,22,118,117,62,12" hai3="123,52,66,88,64,15,100,0,84,45,113,96,55"/><W132/><G113/><T9/><D122/><U16/><E33/><V21/><F49/><W29/><G0/><T103/><D37/><U71/><E71/><V4/><F95/><N who="3" m="58399" /><G123/><T6/><D129/><U42/><E2/><V79/><F62/><W81/><G132/><T105/><D127/><U125/><E42/><V106/><F79/><W104/><G104/><T46/><D26/><U43/><E43/><V108/><F106/><W133/><G133/><T90/><D80/><U124/><E19/><V74/><F74/><N who="1" m="28169" /><E86/><V119/><F128/><W115/><G115/><T112/><D112/><U8/><E8/><V92/><F92/><W69/><G69/><T24/><D24/><N who="1" m="14439" /><E78/><V41/><F41/><W44/><G29/><T28/><D28/><U20/><E20/><N who="2" m="7787" /><F121/><W17/><G45/><T63/><D63/><U58/><E58/><V47/><F47/><W130/><G130/><T60/><D60/><U67/><AGARI ba="0,0" hai="59,61,67,93,94,124,125,126" m="14439,28169" machi="67" ten="40,5200,0" yaku="18,1,52,1,54,1" doraHai="18" who="1" fromWho="1" sc="220,-13,232,52,250,-13,298,-26" /><INIT seed="4,0,0,0,5,89" ten="207,284,237,272" oya="0" hai0="104,14,55,87,61,79,30,91,36,108,67,18,47" hai1="72,49,33,128,43,117,118,7,93,122,17,82,130" hai2="4,124,28,76,99,27,92,103,83,81,69,40,25" hai3="58,5,77,121,60,96,1,48,119,64,70,113,126"/><T68/><D104/><U65/><E33/><V10/><F69/><W0/><G119/><T85/><D108/><U16/><E122/><V107/><F124/><W46/><G126/><T20/><D79/><U94/><E65/><V54/><F40/><W75/><G121/><T105/><D105/><U19/><E7/><V52/><F107/><W15/><G113/><T120/><D120/><U50/><E82/><V24/><F28/><W88/><G70/><T39/><D85/><U86/><E86/><V134/><F134/><W42/><G15/><T98/><D98/><U111/><E72/><V74/><REACH who="2" step="1"/><F83/><REACH who="2" ten="207,284,227,272" step="2"/><W97/><G42/><T29/><D36/><U44/><E111/><V31/><F31/><W3/><G75/><T37/><D37/><U13/><E118/><V23/><F23/><W101/><G0/><AGARI ba="0,1" hai="0,4,10,24,25,27,52,54,74,76,81,92,99,103" machi="0" ten="40,8000,1" yaku="1,1,52,1,54,1,53,1" doraHai="89" doraHaiUra="35" who="2" fromWho="3" sc="207,0,284,0,227,90,272,-80" owari="207,-19.3,284,8.4,317,41.7,192,-30.8" /></mjloggm>