<mjloggm ver="2.3"><GO type="225" lobby="0"/><UN n0="%4B%2E%32%2E%4B%2E" n1="%45%6C%79%73%69%75%6D" n2="%E6%AB%BB%E4%BA%95%E5%A5%8F" n3="%E7%99%BD%E6%97%A5%E9%9B%AA%E8%8F%9C" dan="17,17,17,16" rate="2175.28,2123.35,2212.29,2133.37" sx="M,F,M,M"/><TAIKYOKU oya="0"/><INIT seed="0,0,0,1,3,19" ten="250,250,250,250" oya="0" hai0="16,77,33,133,46,20,24,0,17,96,103,86,5" hai1="78,55,76,74,118,56,1,105,50,88,97,107,61" hai2="39,131,44,51,84,90,132,85,58,70,11,27,12" hai3="8,102,36,122,63,25,14,67,125,79,114,94,123"/><T62/><D133/><U53/><E118/><V43/><F70/><W92/><G114/><T3/><D33/><U108/><E1/><V45/><F132/><W106/><G36/><T47/><D62/><U93/><E108/><V115/><F131/><W135/><G135/><T75/><D75/><U28/><E28/><V116/><F116/><W71/><G125/><T119/><D119/><U40/><E40/><V101/><F115/><W13/><G79/><T15/><D5/><U100/><E74/><V7/><F58/><W91/><G14/><T111/><D3/><U57/><REACH who="1" step="1"/><E107/><REACH who="1" ten="250,240,250,250" step="2"/><V31/><F101/><W124/><G106/><T104/><D0/><U37/><E37/><V41/><REACH who="2" step="1"/><F90/><REACH who="2" ten="250,240,240,250" step="2"/><W87/><G102/><T30/><D111/><U134/><E134/><V80/><F80/><W73/><G91/><T130/><D130/><U69/><E69/><V42/><F42/><W38/><G71/><T21/><REACH who="0" step="1"/><D30/><REACH who="0" ten="240,240,240,250" step="2"/><U26/><E26/><V34/><AGARI ba="0,3" hai="7,11,12,27,31,34,39,41,43,44,45,51,84,85" machi="34" ten="20,2700,0" yaku="1,1,0,1,7,1,53,0" doraHai="19" doraHaiUra="48" who="2" fromWho="2" sc="240,-13,240,-7,240,57,250,-7" /><INIT seed="1,0,0,0,0,100" ten="227,233,297,243" oya="1" hai0="36,52,24,44,58,111,48,0,94,31,122,101,35" hai1="76,13,38,43,125,45,102,117,18,113,16,89,118" hai2="9,77,56,8,109,75,108,116,55,4,3,112,37" hai3="135,119,131,69,29,59,34,20,73,15,80,128,134"/><U129/><E113/><V11/><F116/><W6/><G69/><T78/><D0/><U88/><E129/><N who="3" m="49738" /><G119/><T127/><D111/><N who="2" m="42570" /><F37/><W12/><G59/><T39/><D127/><U93/><E125/><V41/><F41/><W72/><G80/><T7/><D122/><U104/><E76/><V61/><F112/><W123/><G123/><T1/><D78/><U95/><E18/><V98/><F98/><W87/><G87/><T133/><D133/><N who="3" m="50697" /><G34/><T54/><D101/><U14/><E102/><V96/><F96/><W132/><N who="3" m="50705" /><W2/><DORA hai="64" /><G2/><T81/><D81/><AGARI ba="0,0" hai="3,4,8,9,11,55,56,61,75,77,81" m="42570" machi="81" ten="30,1000,0" yaku="14,1" doraHai="100,64" who="2" fromWho="0" sc="227,-10,233,0,297,10,243,0" /><INIT seed="2,0,0,2,4,56" ten="217,233,307,243" oya="2" hai0="81,40,112,70,18,89,87,13,101,62,45,20,100" hai1="55,106,52,76,127,71,7,99,114,36,34,2,49" hai2="107,133,29,16,68,124,102,131,19,121,31,39,51" hai3="26,103,15,75,119,41,104,98,77,97,42,117,10"/><V67/><F39/><W110/><G110/><T48/><REACH who="0" step="1"/><D112/><REACH who="0" ten="207,233,307,243" step="2"/><U90/><E114/><V109/><F109/><W79/><G119/><T94/><D94/><U128/><E106/><V85/><F107/><W59/><G117/><T126/><D126/><U72/><E128/><V5/><F124/><W108/><G108/><T57/><D57/><U66/><E127/><V115/><F131/><W33/><G59/><T113/><D113/><U122/><E122/><V11/><F115/><W58/><G58/><T84/><D84/><U73/><E71/><V134/><F85/><W74/><G104/><T83/><D83/><U92/><E73/><V95/><F121/><W22/><G75/><T43/><D43/><U30/><E72/><V125/><F95/><W82/><G74/><T96/><D96/><U32/><E99/><V120/><F125/><W63/><G98/><T61/><D61/><U93/><E92/><V60/><F120/><W86/><G63/><T38/><D38/><U1/><E93/><V91/><F60/><W111/><G111/><T129/><D129/><U24/><E36/><V14/><F68/><W118/><G118/><T12/><D12/><U53/><E1/><V27/><F14/><W28/><G42/><T6/><D6/><U123/><E123/><V105/><F5/><N who="3" m="3535" /><G41/><T65/><AGARI ba="0,1" hai="13,18,20,40,45,48,62,65,70,81,87,89,100,101" machi="65" ten="30,7900,0" yaku="21,2,0,1,52,1,53,0" doraHai="56" doraHaiUra="21" who="0" fromWho="0" sc="207,89,233,-20,307,-39,243,-20" /><INIT seed="3,0,0,0,2,99" ten="296,213,268,223" oya="3" hai0="106,28,76,19,89,135,31,63,98,73,78,126,37" hai1="103,122,54,10,110,57,22,3,125,25,56,71,128" hai2="130,65,17,100,13,84,83,117,95,21,49,118,30" hai3="46,102,72,129,47,132,133,53,119,124,1,6,58"/><W23/><G119/><T36/><D135/><N who="3" m="51785" /><G72/><T104/><D126/><U123/><E71/><V74/><F130/><W11/><G129/><T5/><D5/><U86/><E128/><V29/><F74/><W14/><G124/><T20/><D63/><U40/><E125/><V66/><F117/><W15/><G102/><T8/><D8/><U60/><E110/><V108/><F108/><W39/><G23/><T92/><D104/><U34/><E34/><V50/><F118/><W91/><G91/><T44/><D106/><U114/><E114/><V120/><F120/><W33/><G33/><T43/><D36/><U16/><E103/><V79/><F29/><W64/><G64/><N who="2" m="24681" /><F30/><W111/><G111/><T94/><D31/><U70/><E122/><V134/><F134/><W12/><G39/><T127/><D28/><U59/><E123/><V67/><N who="2" m="24689" /><V116/><DORA hai="62" /><F116/><W27/><G27/><T113/><D127/><U4/><E70/><V51/><F100/><W61/><AGARI ba="0,0" hai="1,6,11,12,14,15,46,47,53,58,61" m="51785" machi="61" ten="30,1500,0" yaku="20,1" doraHai="99,62" who="3" fromWho="3" sc="296,-5,213,-5,268,-5,223,15" /><INIT seed="3,1,0,2,2,131" ten="291,208,263,238" oya="3" hai0="6,114,17,88,103,7,0,16,108,134,56,43,116" hai1="123,49,119,115,77,59,58,8,55,130,70,65,96" hai2="110,62,48,66,74,81,18,79,14,23,97,85,72" hai3="2,113,132,63,107,36,53,73,128,32,78,105,94"/><W133/><G113/><T34/><D116/><U15/><E115/><V31/><F110/><W30/><G128/><T19/><D114/><U80/><E119/><V129/><F129/><W106/><G2/><T64/><D34/><U82/><E130/><V20/><F97/><W50/><G36/><T27/><D134/><N who="3" m="51817" /><G63/><T61/><D0/><U83/><E123/><V86/><F48/><W91/><G30/><T112/><D27/><U3/><E3/><V9/><F31/><W76/><G32/><T90/><D103/><U45/><E96/><V33/><F33/><W95/><G73/><T75/><D75/><U21/><E21/><V46/><F72/><W89/><G89/><T126/><D90/><U10/><E10/><V101/><F74/><W57/><G94/><T35/><D88/><U41/><E70/><V42/><F62/><W24/><G24/><T37/><D112/><U1/><E1/><V121/><F121/><W84/><AGARI ba="1,0" hai="50,53,57,76,78,84,91,95,105,106,107" m="51817" machi="84" ten="40,12000,1" yaku="20,1,52,3" doraHai="131" who="3" fromWho="3" sc="291,-41,208,-41,263,-41,238,123" owari="250,5.0,167,-33.3,222,-17.8,361,46.1" /></mjloggm>