<mjloggm ver="2.3"><GO type="225" lobby="0"/><UN n0="%6E%69%63%6B%6C%6F%77" n1="%73%6C%69%63%6B%33%31%39" n2="%E8%81%B7%E6%A5%AD%E3%80%81%E9%A2%A8%32" n3="%E3%81%BE%E3%81%A8%E3%81%9F" dan="16,16,16,16" rate="2109.56,2171.98,2146.10,2137.42" sx="F,M,M,M"/><TAIKYOKU oya="0"/><INIT seed="0,0,0,3,5,71" ten="250,250,250,250" oya="0" hai0="49,13,55,37,25,135,110,27,126,6,64,56,94" hai1="84,103,76,34,30,46,35,40,22,5,91,16,68" hai2="67,2,92,38,69,19,51,97,105,20,130,8,124" hai3="31,70,85,116,54,3,74,95,109,26,129,75,104"/><T48/><D37/><U90/><E68/><V80/><F124/><W18/><G116/><T66/><D126/><U114/><E114/><V83/><F130/><W43/><G3/><T86/><D135/><U41/><E103/><V21/><F38/><W53/><G104/><T100/><D110/><U14/><E5/><V107/><F105/><W131/><G70/><T99/><D86/><U89/><E41/><V127/><F107/><W28/><G43/><T52/><D6/><U7/><E7/><V120/><F120/><W101/><G18/><T24/><REACH who="0" step="1"/><D13/><REACH who="0" ten="240,250,250,250" step="2"/><U15/><E14/><N who="2" m="7623" /><F127/><W32/><G129/><T29/><D29/><U36/><REACH who="1" step="1"/><E30/><REACH who="1" ten="240,240,250,250" step="2"/><V125/><F125/><W117/><G31/><T96/><D96/><U4/><E4/><V60/><F97/><W47/><G131/><T78/><D78/><U98/><E98/><V133/><F133/><W9/><G28/><T115/><D115/><U61/><E61/><V88/><F60/><W45/><G109/><T108/><D108/><U10/><E10/><V42/><F2/><W65/><G9/><T111/><D111/><U59/><E59/><AGARI ba="0,2" hai="24,25,27,48,49,52,55,56,59,64,66,94,99,100" machi="59" ten="40,12000,1" yaku="1,1,9,1,8,1,54,1,53,0" doraHai="71" doraHaiUra="128" who="0" fromWho="1" sc="240,140,240,-120,250,0,250,0" /><INIT seed="0,1,0,5,4,14" ten="380,120,250,250" oya="0" hai0="120,129,49,117,30,21,92,89,27,17,39,97,50" hai1="80,6,111,123,78,68,100,75,16,107,37,52,64" hai2="0,61,131,132,105,126,98,67,127,55,65,134,103" hai3="4,26,41,40,22,99,116,128,13,59,47,48,79"/><T113/><D113/><U110/><E123/><V119/><F0/><W5/><G116/><T35/><D39/><U34/><E37/><V77/><F77/><W56/><G128/><T124/><D117/><U33/><E6/><V106/><F119/><W7/><G40/><T1/><D120/><U102/><E64/><V114/><F106/><W115/><G115/><T96/><D129/><U70/><E33/><V82/><F82/><W133/><G133/><N who="2" m="51305" /><F114/><W135/><G135/><T15/><D124/><N who="2" m="47658" /><F131/><W104/><G79/><T29/><D29/><U44/><E34/><V95/><F105/><W28/><G104/><T84/><D1/><U20/><E107/><V87/><F87/><W62/><G99/><T118/><D118/><U94/><E94/><V8/><F8/><W19/><REACH who="3" step="1"/><G62/><REACH who="3" ten="380,120,250,240" step="2"/><T36/><D36/><U32/><E32/><AGARI ba="1,1" hai="4,5,7,13,19,22,26,28,32,41,47,48,56,59" machi="32" ten="40,5200,0" yaku="1,1,2,1,52,1,53,0" doraHai="14" doraHaiUra="76" who="3" fromWho="1" sc="380,0,120,-55,250,0,240,65" /><INIT seed="1,0,0,5,0,97" ten="380,65,250,305" oya="1" hai0="63,109,83,62,113,43,12,104,20,24,108,77,33" hai1="71,55,2,47,84,58,94,0,23,132,48,103,54" hai2="115,123,39,36,10,38,99,15,49,68,57,45,107" hai3="7,116,25,133,11,89,30,72,92,79,31,96,122"/><U110/><E132/><V102/><F123/><W41/><G122/><T6/><D104/><U135/><E135/><V76/><F68/><W98/><G133/><T18/><D43/><U111/><E71/><V60/><F76/><W75/><G116/><T42/><D42/><U35/><E35/><V134/><F115/><W66/><G66/><T69/><D113/><U126/><E126/><V85/><F85/><W5/><G41/><T64/><D62/><U129/><E129/><V70/><F70/><W124/><G79/><T14/><D6/><U46/><E23/><V65/><F134/><W125/><G92/><T8/><D33/><U128/><E128/><V121/><F121/><W37/><G25/><T131/><D131/><U28/><E28/><V101/><F99/><W130/><G130/><T61/><D61/><N who="1" m="36055" /><E47/><V118/><F107/><W51/><G51/><T86/><REACH who="0" step="1"/><D8/><REACH who="0" ten="370,65,250,305" step="2"/><U17/><E17/><V81/><F118/><W19/><G19/><T4/><D4/><U73/><E73/><V93/><F10/><W95/><G75/><T56/><D56/><U106/><E106/><V27/><F57/><W59/><G72/><T53/><D53/><U100/><E0/><V40/><F60/><W67/><G59/><T29/><D29/><U112/><E2/><V105/><F105/><W34/><G31/><T50/><D50/><U52/><E55/><V1/><F1/><W26/><G30/><T78/><D78/><U9/><E9/><V13/><F39/><W82/><G37/><T74/><D74/><U120/><E112/><V90/><F38/><W117/><G11/><RYUUKYOKU ba="0,1" sc="370,30,65,-10,250,-10,305,-10" hai0="12,14,18,20,24,63,64,69,77,83,86,108,109" /><INIT seed="2,1,1,4,4,41" ten="400,55,240,295" oya="2" hai0="100,18,61,103,65,88,99,70,33,6,58,124,86" hai1="48,95,32,80,110,57,45,60,22,107,113,104,132" hai2="126,128,17,119,2,62,122,97,10,12,35,111,53" hai3="24,8,89,125,108,135,20,49,77,116,112,101,9"/><V34/><F122/><W114/><G135/><T21/><D33/><U43/><E110/><V50/><F119/><W67/><G116/><T13/><D124/><U11/><E132/><V28/><F126/><W84/><G125/><T94/><D6/><U83/><E113/><N who="3" m="43626" /><G101/><N who="0" m="60663" /><D70/><U31/><E32/><V120/><F120/><W23/><G77/><T16/><D18/><U0/><E95/><AGARI ba="1,1" hai="13,16,21,58,61,65,86,88,95,100,103" m="60663" machi="95" ten="30,3900,0" yaku="8,1,54,2" doraHai="41" who="0" fromWho="1" sc="400,52,55,-42,240,0,295,0" /><INIT seed="3,0,0,2,0,74" ten="452,13,240,295" oya="3" hai0="23,93,21,12,96,31,20,87,77,115,114,75,28" hai1="101,38,90,35,42,53,105,94,92,127,130,126,112" hai2="123,30,7,99,60,70,104,9,88,49,17,36,34" hai3="135,10,2,47,72,54,111,133,56,68,43,50,65"/><W102/><G72/><T85/><D12/><U82/><E53/><V40/><F123/><W106/><G102/><T122/><D122/><U5/><E42/><V80/><F36/><N who="3" m="21991" /><G106/><T98/><D75/><U97/><E5/><V81/><F17/><W41/><G10/><T64/><D64/><U59/><E59/><V19/><F19/><W8/><G8/><T86/><D77/><U125/><E38/><V22/><F22/><W63/><G2/><T44/><D44/><U62/><E62/><V76/><F49/><N who="3" m="30799" /><G111/><T26/><D26/><U25/><E25/><V109/><F109/><W119/><G119/><T61/><D61/><U69/><E69/><V113/><F40/><W57/><G57/><T55/><D55/><U13/><E13/><V14/><F113/><N who="0" m="43018" /><D98/><U32/><E32/><V39/><F39/><W52/><G41/><T121/><D121/><U51/><E51/><V117/><F117/><W107/><G107/><T11/><D11/><U118/><E35/><V124/><F34/><W78/><G78/><T128/><D128/><U48/><E48/><V108/><F108/><W18/><G18/><T66/><D66/><U73/><E118/><V58/><F14/><W37/><G37/><T6/><D6/><U45/><E45/><V79/><F9/><W4/><G4/><T0/><D0/><U67/><E130/><V83/><F7/><W95/><G65/><T89/><AGARI ba="0,0" hai="20,21,23,28,31,85,86,87,89,93,96" m="43018" machi="89" ten="40,1500,0" yaku="11,1" doraHai="74" who="0" fromWho="0" sc="452,15,13,-4,240,-4,295,-7" owari="467,56.7,9,-49.1,236,-16.4,288,8.8" /></mjloggm>