<mjloggm ver="2.3"><GO type="225" lobby="0"/><UN n0="%E6%A1%9C%E8%8A%B1%E9%96%83%E3%80%85" n1="%4D%6F%6E%61%6E%61" n2="%61%6D%65%6B%69" n3="%E3%83%B4%E3%83%A0%EF%BC%99%E3%81%A6" dan="16,16,16,16" rate="2149.06,2109.43,2075.03,2139.16" sx="M,F,M,M"/><TAIKYOKU oya="0"/><INIT seed="0,0,0,3,4,30" ten="250,250,250,250" oya="0" hai0="133,37,98,74,85,100,116,99,89,24,127,86,45" hai1="15,38,101,2,111,115,46,35,126,68,122,67,123" hai2="50,124,36,18,77,102,32,11,110,93,51,16,65" hai3="39,106,20,104,0,9,56,26,97,59,118,70,130"/><T72/><D24/><U87/><E2/><V112/><F36/><W43/><G118/><T25/><D116/><U109/><E101/><V128/><F112/><W41/><G70/><T58/><D58/><U1/><E87/><N who="0" m="33289" /><D25/><U21/><E1/><V22/><F32/><W79/><G130/><T129/><D45/><U92/><E92/><V48/><F128/><W82/><G0/><T103/><D37/><U12/><E126/><V81/><F124/><W64/><G9/><T29/><D29/><U73/><E73/><N who="0" m="28265" /><D129/><U17/><E115/><V55/><F65/><W31/><G59/><T131/><D131/><U33/><E68/><V6/><F6/><W47/><G43/><T3/><D3/><U40/><E67/><V105/><F11/><W53/><G64/><T8/><D8/><U60/><E60/><V119/><F119/><W76/><G56/><T90/><D133/><U62/><E62/><V83/><F18/><W84/><G53/><T52/><D52/><U49/><E38/><V57/><F55/><W108/><G39/><T69/><D69/><U113/><E113/><V75/><F57/><W13/><G47/><T80/><D80/><U10/><E122/><V42/><F83/><W94/><G82/><T19/><D19/><N who="1" m="10471" /><E123/><V117/><F42/><W23/><G41/><T66/><D66/><U44/><E44/><V27/><F117/><W61/><G61/><T132/><D132/><U63/><E63/><V34/><F34/><W71/><G31/><T96/><D127/><U5/><E17/><V91/><F51/><W28/><G71/><T88/><AGARI ba="0,0" hai="88,89,90,96,98,99,100,103" m="28265,33289" machi="88" ten="40,24000,3" yaku="5,1,28,2,35,5,54,1" doraHai="30" who="0" fromWho="0" sc="250,240,250,-80,250,-80,250,-80" /><INIT seed="0,1,0,2,0,92" ten="490,170,170,170" oya="0" hai0="47,7,62,40,25,27,52,112,106,30,28,87,22" hai1="58,107,102,24,113,132,72,108,15,116,9,53,84" hai2="64,94,36,88,134,63,122,133,76,45,81,105,42" hai3="21,43,8,12,119,99,11,89,80,97,6,16,82"/><T38/><D112/><U65/><E72/><V59/><F105/><W130/><G119/><T103/><D7/><U19/><E108/><V118/><F122/><W115/><G115/><T31/><D87/><U44/><E113/><V5/><F5/><W33/><G33/><T135/><D135/><U51/><E116/><V79/><F118/><W124/><G124/><T74/><D74/><U61/><E132/><N who="2" m="50795" /><F81/><N who="3" m="31339" /><G130/><T77/><D77/><U98/><E84/><AGARI ba="1,0" hai="36,42,45,59,63,64,76,79,84,88,94" m="50795" machi="84" ten="30,2000,0" yaku="20,1,54,1" doraHai="92" who="2" fromWho="1" sc="490,0,170,-23,170,23,170,0" /><INIT seed="1,0,0,1,4,102" ten="490,147,193,170" oya="1" hai0="13,63,82,26,113,6,78,21,24,36,69,9,121" hai1="108,65,64,85,35,75,73,43,18,119,120,19,107" hai2="29,89,70,115,27,0,11,8,41,116,93,54,129" hai3="92,7,66,31,124,101,47,68,50,60,3,1,38"/><U96/><E119/><V55/><F116/><W111/><G111/><T86/><D113/><U4/><E108/><V51/><F115/><W45/><G124/><T109/><D109/><U30/><E120/><V133/><F70/><W122/><G122/><T112/><D112/><U88/><E43/><V114/><F129/><W56/><G31/><T16/><D36/><U97/><E4/><V134/><F41/><N who="3" m="22711" /><G47/><T104/><D104/><U72/><E35/><V128/><F128/><W5/><G92/><T44/><D44/><U99/><E30/><V132/><F0/><N who="3" m="75" /><G101/><T83/><D121/><U135/><E135/><V76/><F76/><W81/><G81/><T91/><D26/><U94/><REACH who="1" step="1"/><E107/><REACH who="1" ten="490,137,193,170" step="2"/><V28/><F28/><W17/><G17/><AGARI ba="0,1" hai="17,18,19,64,65,72,73,75,85,88,94,96,97,99" machi="17" ten="50,9600,0" yaku="1,1,2,1,54,1,53,0" doraHai="102" doraHaiUra="126" who="1" fromWho="3" sc="490,0,137,106,193,0,170,-96" /><INIT seed="1,1,0,2,4,124" ten="490,243,193,74" oya="1" hai0="21,114,79,58,7,62,71,131,95,90,5,37,42" hai1="26,69,103,87,132,88,73,105,56,83,40,20,17" hai2="85,27,76,10,43,97,55,64,104,36,34,116,22" hai3="63,113,8,134,49,4,2,28,128,60,135,101,24"/><U106/><E69/><V32/><F116/><W53/><G113/><T46/><D131/><U67/><E132/><V94/><F64/><W50/><G101/><T6/><D114/><U133/><E133/><N who="3" m="50698" /><G50/><T129/><D129/><U111/><E111/><V78/><F43/><W19/><G19/><T98/><D71/><U38/><E73/><V23/><F36/><W13/><G2/><T0/><D79/><U108/><E108/><V31/><F78/><W130/><G60/><T93/><D21/><U81/><E105/><V112/><F112/><W47/><G63/><T68/><D68/><U44/><E106/><V29/><F104/><W1/><G1/><T123/><D123/><U59/><E103/><V72/><F72/><W77/><G77/><T14/><D14/><U16/><E67/><V45/><F10/><W82/><G82/><T115/><D115/><U96/><E96/><V65/><F65/><W3/><G3/><T126/><D126/><U118/><E118/><V66/><F66/><W100/><G100/><T52/><D95/><U86/><REACH who="1" step="1"/><E17/><REACH who="1" ten="490,233,193,74" step="2"/><V18/><F18/><W84/><G84/><T127/><D127/><U117/><E117/><V51/><F85/><W54/><G54/><T75/><D75/><U80/><E80/><V107/><F107/><W120/><G120/><T89/><D7/><U25/><E25/><V57/><F55/><W70/><G70/><T119/><D119/><U30/><E30/><V99/><F31/><W48/><G48/><T41/><D6/><U91/><AGARI ba="1,1" hai="16,20,26,38,40,44,56,59,81,83,86,87,88,91" machi="91" ten="20,18000,2" yaku="1,1,0,1,7,1,9,1,54,2,53,0" doraHai="124" doraHaiUra="109" who="1" fromWho="1" sc="490,-61,233,193,193,-61,74,-61" /><INIT seed="1,2,0,3,1,126" ten="429,426,132,13" oya="1" hai0="17,74,112,93,65,67,103,91,13,51,115,6,27" hai1="108,76,90,35,87,16,83,66,111,37,2,70,45" hai2="102,113,18,130,48,61,43,119,135,3,32,80,14" hai3="25,20,96,116,26,58,15,0,85,28,99,10,94"/><U40/><E2/><V88/><F32/><W123/><G123/><T121/><D121/><U92/><E35/><V34/><F34/><W132/><G132/><T128/><D74/><U41/><E41/><V22/><F3/><W44/><G0/><T21/><D103/><U63/><REACH who="1" step="1"/><E16/><REACH who="1" ten="429,416,132,13" step="2"/><V4/><F18/><W78/><G116/><T120/><D120/><U64/><E64/><V84/><F43/><W107/><G26/><T72/><D115/><U39/><E39/><V30/><F113/><W54/><G44/><T97/><D112/><U81/><E81/><V86/><F80/><N who="3" m="47255" /><G107/><T52/><D72/><AGARI ba="2,1" hai="37,40,45,63,66,70,72,76,83,87,90,92,108,111" machi="72" ten="40,2000,0" yaku="1,1,53,0" doraHai="126" doraHaiUra="19" who="1" fromWho="0" sc="429,-26,416,36,132,0,13,0" /><INIT seed="1,3,0,5,0,24" ten="403,452,132,13" oya="1" hai0="32,78,105,18,37,86,87,88,30,69,13,39,16" hai1="59,130,101,114,55,56,92,15,71,74,120,47,112" hai2="9,8,75,52,54,33,133,67,64,17,89,58,84" hai3="124,125,35,111,122,129,128,118,45,25,95,99,115"/><U76/><E120/><V29/><F75/><W121/><G45/><T60/><D105/><U51/><E74/><V27/><F133/><W48/><G48/><T134/><D134/><U91/><E76/><V117/><F117/><W26/><G95/><T2/><D2/><U90/><E130/><N who="3" m="50282" /><G99/><T6/><D69/><U53/><E71/><V34/><F34/><W4/><G118/><T66/><D32/><U102/><E112/><V44/><F44/><W50/><G50/><T103/><D30/><U19/><E114/><V126/><F126/><N who="3" m="48747" /><G115/><T63/><D103/><N who="1" m="39435" /><E47/><V1/><F54/><W97/><G97/><T106/><D106/><U40/><E40/><V3/><F67/><W23/><G111/><T93/><D39/><U108/><E92/><V123/><F64/><W132/><G132/><T31/><D37/><U62/><E108/><V77/><F77/><W61/><G61/><N who="0" m="23627" /><D66/><U135/><E135/><V7/><F58/><W127/><N who="3" m="48755" /><W96/><DORA hai="80" /><G96/><T83/><D31/><U79/><E79/><V5/><F52/><W109/><G109/><T113/><D113/><U119/><E119/><V41/><F41/><W36/><G36/><T110/><D110/><U20/><AGARI ba="3,0" hai="15,19,20,51,53,55,56,59,62,90,91" m="39435" machi="20" ten="30,1500,0" yaku="8,1" doraHai="24,80" who="1" fromWho="1" sc="403,-8,452,24,132,-8,13,-8" /><INIT seed="1,4,0,4,5,122" ten="395,476,124,5" oya="1" hai0="3,25,94,57,102,116,39,60,44,86,106,85,21" hai1="90,11,8,43,1,105,68,56,59,108,18,62,101" hai2="118,89,133,96,76,130,99,19,81,100,0,45,103" hai3="54,112,36,51,22,69,74,64,79,10,114,46,37"/><U121/><E121/><V127/><F0/><W107/><G107/><T71/><D116/><U82/><E43/><V117/><F19/><W87/><G87/><T48/><D3/><U23/><E108/><V9/><F9/><W13/><G79/><T28/><D71/><U30/><E68/><V6/><F6/><W97/><G97/><T88/><D39/><N who="3" m="14921" /><G74/><T98/><D106/><U52/><E30/><V128/><F45/><N who="3" m="28015" /><G22/><T134/><D134/><U61/><E1/><V17/><F133/><W5/><G13/><T91/><D86/><U20/><E105/><N who="2" m="63623" /><F17/><W75/><G75/><T47/><D48/><U12/><E101/><V135/><F135/><W58/><G10/><T83/><REACH who="0" step="1"/><D91/><REACH who="0" ten="385,476,124,5" step="2"/><U119/><E119/><V41/><F89/><W15/><G15/><T109/><D109/><U124/><E90/><V132/><F132/><W70/><G5/><T7/><D7/><U29/><E82/><V78/><F118/><W34/><G34/><T55/><AGARI ba="4,1" hai="21,25,28,44,47,55,57,60,83,85,88,94,98,102" machi="55" ten="20,12000,2" yaku="1,1,0,1,7,1,8,1,54,1,53,1" doraHai="122" doraHaiUra="24" who="0" fromWho="0" sc="385,142,476,-64,124,-34,5,-34" owari="527,62.7,412,21.2,90,-31.0,-29,-52.9" /></mjloggm>