<mjloggm ver="2.3"><GO type="225" lobby="0"/><UN n0="%72%69%6F%75%63%68%61%6E" n1="%E3%81%92%E3%81%A3%E3%81%A1" n2="%E3%83%A9%E3%83%96%E3%83%AC%E3%83%BC" n3="%6D%75%75%73%61%6E%6D%75" dan="16,17,16,16" rate="2182.56,2230.30,2080.75,2076.50" sx="M,M,M,F"/><TAIKYOKU oya="0"/><INIT seed="0,0,0,0,4,95" ten="250,250,250,250" oya="0" hai0="123,67,114,48,104,30,89,28,47,129,51,125,29" hai1="87,92,54,97,45,52,71,103,116,25,4,133,91" hai2="90,38,34,31,126,119,96,60,83,85,53,27,40" hai3="77,135,127,120,62,58,109,72,42,16,100,68,19"/><T64/><D114/><U22/><E133/><V121/><F126/><W23/><G135/><T26/><D123/><U118/><E71/><V73/><F73/><W59/><G127/><T79/><D125/><U98/><E4/><V131/><F131/><W124/><G124/><T93/><D129/><U81/><E45/><V111/><F111/><W132/><G132/><T18/><D104/><U112/><E112/><V5/><F5/><W70/><G120/><T66/><D79/><U115/><E115/><V101/><F121/><W50/><G109/><T6/><D6/><U55/><REACH who="1" step="1"/><E98/><REACH who="1" ten="250,240,250,250" step="2"/><V39/><F119/><W0/><G70/><T75/><D47/><U35/><E35/><V21/><F34/><W117/><G68/><T46/><D75/><U106/><E106/><V134/><F134/><W14/><G117/><T33/><D33/><U88/><E88/><V110/><F110/><W108/><G108/><T122/><D122/><U24/><E24/><V80/><F96/><W13/><G72/><T107/><D107/><U7/><E7/><V17/><F90/><W37/><G100/><T2/><D2/><U8/><E8/><V69/><F27/><W102/><G0/><T15/><D26/><U65/><E65/><V94/><F101/><W32/><G32/><T36/><D46/><U56/><E56/><V44/><F69/><W84/><G102/><T10/><REACH who="0" step="1"/><D36/><REACH who="0" ten="240,240,250,250" step="2"/><U130/><E130/><V82/><F39/><W63/><G37/><T128/><D128/><U86/><E86/><AGARI ba="0,2" hai="10,15,18,28,29,30,48,51,64,66,67,86,89,93" machi="86" ten="40,7700,0" yaku="1,1,8,1,53,1" doraHai="95" doraHaiUra="12" who="0" fromWho="1" sc="240,97,240,-77,250,0,250,0" /><INIT seed="0,1,0,4,2,32" ten="337,163,250,250" oya="0" hai0="99,47,103,85,24,15,39,127,80,70,59,81,68" hai1="22,117,126,110,10,94,114,82,43,65,27,120,98" hai2="119,46,111,64,18,125,134,118,121,13,87,23,97" hai3="48,115,40,113,107,50,135,76,7,38,130,1,8"/><T63/><D127/><U102/><E117/><V67/><F125/><W56/><G107/><T44/><D80/><U17/><E120/><V86/><F121/><W89/><G130/><T88/><D24/><U131/><E131/><V133/><F97/><W77/><G135/><N who="2" m="51721" /><F46/><W124/><G124/><T84/><D15/><U74/><E110/><V45/><F45/><W2/><G38/><T37/><D47/><U6/><E114/><V95/><F111/><W31/><G31/><T11/><D11/><U58/><E43/><V116/><F95/><W41/><G8/><T28/><D28/><U129/><E129/><V16/><F18/><W90/><G56/><T51/><D85/><AGARI ba="1,0" hai="13,16,23,64,67,85,86,87,116,118,119" m="51721" machi="85" ten="40,5200,0" yaku="12,1,20,1,54,1" doraHai="32" who="2" fromWho="0" sc="337,-55,163,0,250,55,250,0" /><INIT seed="1,0,0,0,5,104" ten="282,163,305,250" oya="1" hai0="70,7,16,79,35,86,93,88,69,38,24,105,84" hai1="6,49,95,9,99,15,82,58,126,90,36,72,25" hai2="130,78,11,51,13,44,123,37,60,30,71,98,77" hai3="39,94,14,29,118,73,8,53,134,64,47,46,65"/><U17/><E36/><V43/><F130/><W23/><G134/><T59/><D105/><U75/><E126/><V83/><F123/><W18/><G118/><T96/><D38/><U57/><E82/><V45/><F30/><W121/><G121/><T41/><D41/><U119/><E119/><V31/><F31/><W63/><G94/><T113/><D113/><U27/><E27/><V50/><F98/><W40/><G73/><T129/><D129/><U120/><E120/><V100/><F100/><W34/><G34/><T3/><D59/><U127/><E127/><V55/><F83/><W92/><G92/><T67/><D67/><U107/><E107/><V48/><F37/><W5/><G29/><T81/><D35/><U135/><E135/><V108/><F108/><W91/><G91/><T62/><D62/><U20/><REACH who="1" step="1"/><E58/><REACH who="1" ten="282,153,305,250" step="2"/><N who="2" m="34911" /><F71/><W22/><G39/><T133/><D133/><U2/><E2/><V117/><F117/><W33/><G33/><T103/><D69/><U111/><E111/><V42/><F45/><W102/><G46/><T10/><D70/><U74/><E74/><V124/><F124/><W125/><G125/><T4/><D3/><U54/><AGARI ba="0,1" hai="6,9,15,17,20,25,49,54,57,72,75,90,95,99" machi="54" ten="30,11700,0" yaku="1,1,0,1,52,2,53,0" doraHai="104" doraHaiUra="109" who="1" fromWho="1" sc="282,-39,153,127,305,-39,250,-39" /><INIT seed="1,1,0,2,2,5" ten="243,280,266,211" oya="1" hai0="26,119,103,77,81,65,6,10,4,90,50,76,27" hai1="2,123,107,36,133,100,80,73,106,131,1,68,29" hai2="51,39,57,7,128,125,8,25,97,109,34,40,13" hai3="75,55,61,60,43,130,102,88,113,32,66,54,47"/><U59/><E59/><V91/><F39/><W17/><G75/><T108/><D108/><U74/><E29/><V101/><F109/><W67/><G32/><T120/><D119/><U94/><E94/><V99/><F125/><W28/><G102/><T16/><D120/><U87/><E87/><V19/><F128/><W37/><G28/><T134/><D134/><U58/><E58/><V21/><F34/><W124/><G113/><T38/><D38/><U114/><E80/><V129/><F129/><W9/><G130/><T52/><D103/><U12/><E12/><V63/><F101/><W126/><G61/><T122/><D65/><U49/><E49/><V42/><F51/><W89/><G66/><T84/><D122/><U78/><E78/><N who="0" m="30313" /><D26/><U83/><E83/><V79/><F79/><W31/><G31/><T132/><D132/><U117/><E100/><V35/><F35/><W46/><G46/><N who="0" m="27735" /><D27/><U53/><E53/><N who="2" m="34223" /><F97/><W98/><G98/><T48/><D48/><U15/><E107/><V71/><F71/><N who="3" m="42471" /><G55/><T11/><D11/><U0/><E74/><V20/><F21/><W93/><G54/><T18/><D18/><U44/><E117/><V22/><F22/><W70/><G70/><T85/><D84/><U82/><E68/><V110/><F110/><W92/><G124/><T45/><D45/><U115/><E123/><V23/><F23/><W86/><G126/><T30/><D30/><U127/><E127/><V33/><F33/><W105/><G105/><T69/><D69/><U56/><E115/><V118/><F118/><W116/><G116/><T64/><D64/><RYUUKYOKU ba="1,0" sc="243,15,280,-15,266,15,211,-15" hai0="4,6,10,16,81,85,90" hai2="7,8,13,19,20,25,40,42,91,99" /><INIT seed="2,2,0,1,4,42" ten="258,265,281,196" oya="2" hai0="7,88,71,109,70,56,13,55,134,86,27,54,116" hai1="28,21,90,84,114,87,111,79,68,100,92,120,16" hai2="58,11,50,130,65,81,85,118,3,46,15,62,43" hai3="99,127,75,103,117,97,38,96,105,108,67,124,8"/><V83/><F118/><W36/><G117/><T78/><D116/><U64/><E114/><V20/><F3/><W63/><G75/><T110/><D134/><U19/><E111/><N who="0" m="42505" /><D78/><U122/><E100/><V22/><F130/><W26/><G108/><T61/><D27/><N who="1" m="16495" /><E68/><N who="0" m="26153" /><D7/><U51/><E64/><V40/><F43/><W121/><G121/><N who="1" m="46698" /><E51/><V18/><REACH who="2" step="1"/><F83/><AGARI ba="2,0" hai="16,19,79,83,84,87,90,92" m="46698,16495" machi="83" ten="30,2000,0" yaku="13,1,54,1" doraHai="42" who="1" fromWho="2" sc="258,0,265,26,281,-26,196,0" /><INIT seed="3,0,0,4,3,69" ten="258,291,255,196" oya="3" hai0="90,71,98,42,17,10,29,23,7,18,125,44,86" hai1="6,118,126,14,62,116,8,87,43,88,25,9,111" hai2="52,37,128,131,26,85,56,127,0,13,107,34,65" hai3="48,54,68,97,114,105,129,28,80,112,53,47,102"/><W124/><G124/><T95/><D125/><U50/><E126/><V3/><F107/><W73/><G129/><N who="2" m="49737" /><F65/><W15/><G68/><T110/><D110/><U58/><E111/><V133/><F127/><W117/><G117/><N who="1" m="45162" /><E25/><V59/><F59/><W100/><G100/><T89/><D71/><U16/><E50/><N who="2" m="30743" /><F133/><W11/><G28/><T104/><D29/><U132/><E43/><V63/><F63/><W22/><G22/><T27/><D17/><U38/><E38/><V72/><F72/><W46/><G54/><T79/><D79/><U103/><E103/><V96/><F96/><W76/><REACH who="3" step="1"/><G47/><REACH who="3" ten="258,291,255,186" step="2"/><T39/><D104/><U12/><E132/><V55/><F55/><W93/><G93/><T134/><D134/><U4/><E58/><V30/><F85/><W75/><G75/><T94/><D94/><N who="1" m="54559" /><E62/><V61/><F61/><W45/><G45/><T74/><D74/><U20/><E20/><V106/><F106/><W109/><G109/><T82/><D95/><U21/><E21/><V24/><F24/><W49/><G49/><T108/><D108/><U99/><E99/><V91/><F26/><W84/><G84/><T67/><D98/><U121/><E121/><V135/><F135/><W115/><G115/><T51/><D51/><U1/><E1/><V77/><F0/><W119/><G119/><T19/><D67/><U40/><E40/><V33/><F3/><W2/><G2/><N who="0" m="375" /><D90/><U120/><E120/><V41/><F91/><W36/><G36/><T32/><D32/><N who="2" m="12394" /><F30/><W81/><G81/><T5/><D82/><U70/><E70/><V130/><F130/><RYUUKYOKU ba="0,1" sc="258,-15,291,15,255,-15,186,15" hai1="4,6,8,9,12,14,16" hai3="11,15,46,48,53,73,76,80,97,102,105,112,114" /><INIT seed="3,1,1,2,5,132" ten="243,306,240,201" oya="3" hai0="66,48,57,56,102,122,69,51,14,106,93,2,42" hai1="18,27,25,17,121,97,85,50,130,31,59,3,36" hai2="90,101,22,74,21,95,1,120,23,124,103,92,53" hai3="79,30,45,11,108,91,61,34,117,35,116,131,127"/><W104/><G104/><T114/><D122/><U6/><E36/><V24/><F74/><W19/><G79/><T70/><D2/><U5/><E130/><V72/><F72/><W76/><G76/><T83/><D83/><U58/><E121/><V123/><F1/><W43/><G131/><T119/><D119/><U113/><E113/><V111/><F111/><W98/><G108/><T60/><D106/><U40/><E3/><V73/><F73/><W62/><G116/><T96/><D114/><U39/><E39/><V64/><F64/><W86/><G98/><T47/><REACH who="0" step="1"/><D14/><REACH who="0" ten="233,306,240,201" step="2"/><U55/><E27/><V118/><F118/><W126/><G117/><T63/><D63/><U38/><E25/><V80/><F80/><N who="3" m="49607" /><G61/><T15/><D15/><U94/><E94/><V37/><F95/><W107/><G107/><T75/><D75/><U115/><E115/><V133/><F123/><W7/><G30/><T52/><AGARI ba="1,2" hai="42,47,48,51,52,56,57,60,66,69,70,93,96,102" machi="52" ten="30,4000,0" yaku="1,1,0,1,54,1,53,0" doraHai="132" doraHaiUra="12" who="0" fromWho="0" sc="233,63,306,-11,240,-11,201,-21" /><INIT seed="4,0,0,2,5,56" ten="296,295,229,180" oya="0" hai0="68,53,20,69,114,41,43,12,78,45,127,55,46" hai1="104,38,91,29,49,61,31,120,51,35,48,71,15" hai2="7,97,14,111,126,98,133,80,108,96,4,90,83" hai3="89,37,124,115,57,65,66,81,60,113,109,11,117"/><T132/><D78/><U2/><E2/><V67/><F67/><W34/><G109/><T33/><D33/><U59/><E71/><N who="0" m="27209" /><D20/><U32/><E38/><V135/><F14/><W129/><G117/><T47/><D12/><U1/><E120/><V28/><F126/><W63/><G34/><T122/><D127/><U6/><E104/><V23/><F23/><W17/><G124/><T93/><D93/><U0/><E35/><V102/><F90/><W82/><G37/><N who="0" m="21679" /><D122/><U94/><E32/><V121/><F121/><W92/><G129/><T84/><D84/><N who="1" m="52583" /><E1/><V107/><F28/><N who="1" m="10825" /><E0/><V110/><F102/><W103/><G103/><T128/><D128/><U44/><E15/><V52/><F52/><N who="0" m="20042" /><D114/><N who="3" m="43529" /><G17/><T22/><D22/><U77/><E77/><V25/><F107/><W118/><G118/><T24/><D24/><U64/><E6/><N who="2" m="2091" /><F25/><W18/><G18/><T30/><D30/><U21/><E21/><V85/><F85/><N who="3" m="52271" /><G11/><T79/><D79/><U16/><E16/><V134/><AGARI ba="0,0" hai="80,83,96,97,98,108,110,111,133,134,135" m="2091" machi="134" ten="50,8000,1" yaku="29,2,28,2,20,1" doraHai="56" who="2" fromWho="2" sc="296,-40,295,-20,229,80,180,-20" owari="256,-14.4,275,7.5,309,40.9,160,-34.0" /></mjloggm>