<mjloggm ver="2.3"><GO type="225" lobby="0"/><UN n0="%E3%81%AF%E3%82%88%E3%81%8A%E3%81%98%E3%81%95%E3%82%93" n1="%E6%B8%A9%E2%98%85%E6%83%85%E2%98%85%E6%8E%AA%E2%98%85%E7%BD%AE" n2="%E3%81%99%E3%81%84%E3%81%BE%E3%81%9B%E3%83%BC%E3%82%93" n3="%E3%82%A2%E3%83%BC%E3%83%A2%E3%83%AD%E3%83%BC%E3%83%B4%E3%82%A1" dan="17,18,18,16" rate="2173.05,2202.33,2218.48,2097.20" sx="M,M,M,M"/><TAIKYOKU oya="0"/><INIT seed="0,0,0,4,5,45" ten="250,250,250,250" oya="0" hai0="106,101,76,55,14,122,29,105,110,23,90,89,3" hai1="98,8,91,10,87,130,62,44,60,132,27,11,69" hai2="56,1,117,86,28,119,46,82,59,53,22,120,112" hai3="57,96,94,123,31,15,9,111,51,95,131,70,20"/><T79/><D122/><U30/><E130/><V4/><F120/><W64/><G123/><T73/><D3/><U85/><E132/><V32/><F32/><W109/><G70/><T21/><D110/><N who="3" m="41993" /><G131/><T24/><D73/><U37/><E69/><V49/><F112/><W114/><G114/><T113/><D113/><U100/><E37/><V74/><F74/><W125/><G125/><T17/><D105/><U38/><E38/><V26/><F4/><N who="3" m="3495" /><G96/><T88/><REACH who="0" step="1"/><D55/><REACH who="0" ten="240,250,250,250" step="2"/><U72/><E72/><V2/><F2/><W135/><G135/><T58/><D58/><U108/><E108/><V63/><F1/><W81/><G64/><T33/><D33/><U102/><E44/><V68/><F68/><W13/><G57/><T39/><D39/><U66/><E66/><V126/><F126/><W71/><G71/><T84/><D84/><U52/><E87/><V65/><REACH who="2" step="1"/><F59/><REACH who="2" ten="240,250,240,250" step="2"/><W43/><G43/><T124/><D124/><U107/><E107/><V19/><F19/><W7/><G7/><T35/><D35/><U99/><E52/><V127/><F127/><W61/><G31/><T6/><D6/><U118/><E30/><V5/><F5/><W41/><G41/><T47/><D47/><U75/><E75/><V115/><F115/><W48/><G61/><T129/><D129/><U128/><E128/><V40/><F40/><W0/><G0/><T42/><D42/><U16/><E62/><V133/><F133/><W36/><G36/><T92/><D92/><N who="3" m="35369" /><G81/><T54/><D54/><U83/><E60/><V121/><F121/><W25/><G51/><T78/><D78/><AGARI ba="0,2" hai="22,26,28,46,49,53,56,63,65,78,82,86,117,119" machi="78" ten="40,5200,0" yaku="1,1,6,1,52,1,53,0" doraHai="45" doraHaiUra="116" who="2" fromWho="0" sc="240,-52,250,0,240,72,250,0" /><INIT seed="1,0,0,4,0,9" ten="188,250,312,250" oya="1" hai0="60,117,29,21,107,26,97,48,79,94,3,90,16" hai1="40,120,47,12,81,115,87,109,84,91,17,95,86" hai2="2,69,20,106,46,114,108,27,52,0,23,42,98" hai3="41,49,88,62,121,44,68,8,78,112,129,66,92"/><U14/><E120/><V127/><F69/><W89/><G121/><T38/><D117/><U54/><E115/><V4/><F114/><W28/><G112/><T119/><D38/><U118/><E118/><V71/><F71/><W32/><G129/><T76/><D119/><U73/><E109/><V104/><F4/><W67/><G78/><T64/><D3/><U65/><E65/><V99/><F42/><W30/><G67/><T128/><D128/><U5/><E54/><V55/><F27/><W75/><G75/><T116/><D116/><U51/><E73/><V110/><REACH who="2" step="1"/><F46/><REACH who="2" ten="188,250,302,250" step="2"/><W50/><G44/><T35/><D48/><U131/><E131/><V39/><F39/><W130/><G41/><T122/><D122/><U10/><E81/><V53/><F53/><W132/><G130/><T7/><D7/><U100/><E100/><V34/><F34/><W63/><G32/><T31/><D107/><U37/><E37/><V59/><F59/><W22/><G68/><T11/><D35/><U6/><E5/><V57/><F57/><W56/><G56/><N who="0" m="36871" /><D31/><U45/><E45/><V96/><F96/><W82/><G30/><T135/><D135/><U111/><E111/><V93/><F93/><W43/><G132/><T83/><D83/><U74/><E74/><V113/><F113/><W134/><G134/><T133/><D133/><U33/><E33/><V58/><F58/><W36/><G92/><T15/><AGARI ba="0,1" hai="11,15,16,21,26,29,76,79,90,94,97" m="36871" machi="15" ten="30,4000,0" yaku="8,1,52,1,54,1" doraHai="9" who="0" fromWho="0" sc="188,50,250,-20,302,-10,250,-10" /><INIT seed="2,0,0,0,0,7" ten="238,230,292,240" oya="2" hai0="72,113,20,4,40,28,119,22,47,54,101,36,51" hai1="46,126,82,60,23,111,8,109,3,25,83,130,106" hai2="42,93,97,92,69,96,78,85,45,68,65,59,86" hai3="75,76,11,88,104,29,31,56,53,10,100,50,27"/><V26/><F59/><W87/><G75/><T124/><D113/><U131/><E106/><V49/><F26/><W135/><G76/><T90/><D72/><U102/><E102/><V120/><F120/><W37/><G37/><T18/><D124/><U38/><E126/><V103/><F65/><W39/><G39/><T33/><D119/><U21/><E60/><V79/><F79/><W43/><G43/><T0/><D101/><U74/><E38/><V24/><F24/><W116/><G116/><T63/><D63/><U110/><E46/><V115/><F115/><W98/><G135/><T16/><D33/><U32/><E74/><V114/><F114/><W81/><G31/><T61/><D61/><U89/><E89/><V99/><F99/><W123/><G123/><T66/><D66/><U117/><E117/><V112/><F112/><W2/><G2/><T35/><D35/><AGARI ba="0,0" hai="10,11,27,29,35,50,53,56,81,87,88,98,100,104" machi="35" ten="30,7700,0" yaku="7,1,52,2,54,1" doraHai="7" who="3" fromWho="0" sc="238,-77,230,0,292,0,240,77" /><INIT seed="3,0,0,2,2,99" ten="161,230,292,317" oya="3" hai0="29,19,81,113,1,132,80,86,73,118,115,23,21" hai1="34,7,30,93,3,52,119,39,102,68,35,46,85" hai2="84,101,117,4,106,125,63,87,53,100,14,8,26" hai3="131,60,69,38,48,64,50,110,56,116,124,5,128"/><W83/><G116/><T109/><D118/><U112/><E112/><V0/><F117/><W18/><G38/><T94/><D1/><U130/><E68/><V95/><F125/><W44/><G124/><T25/><D109/><U28/><E119/><V36/><F36/><W74/><G5/><T67/><D132/><U13/><E3/><V41/><F41/><W75/><G110/><T66/><D73/><U54/><E39/><V108/><F106/><W77/><G74/><T43/><D43/><U37/><E37/><V12/><F12/><W9/><G69/><T129/><D129/><N who="3" m="49737" /><G44/><T90/><D115/><U49/><E35/><V97/><F26/><W11/><G18/><T98/><D80/><U70/><E70/><V10/><F4/><W76/><G77/><T121/><D121/><U47/><E34/><V55/><F95/><W123/><G123/><T89/><REACH who="0" step="1"/><D113/><REACH who="0" ten="151,230,292,317" step="2"/><U27/><E130/><V32/><F0/><W114/><G114/><T72/><D72/><U6/><E47/><V24/><F108/><W91/><G91/><T31/><D31/><U17/><E30/><V96/><F32/><W120/><G120/><T134/><D134/><U82/><E28/><V20/><F101/><W92/><G92/><T65/><D65/><U133/><E46/><V61/><F100/><W78/><G78/><T15/><AGARI ba="0,1" hai="15,19,21,23,25,29,66,67,81,86,89,90,94,98" machi="15" ten="20,5200,0" yaku="1,1,0,1,7,1,8,1,53,0" doraHai="99" doraHaiUra="45" who="0" fromWho="0" sc="151,62,230,-13,292,-13,317,-26" /><INIT seed="4,0,0,3,3,125" ten="213,217,279,291" oya="0" hai0="80,32,85,71,22,17,0,52,97,16,57,51,76" hai1="55,95,100,129,107,24,75,118,133,15,116,12,86" hai2="63,134,53,98,103,73,70,48,68,113,99,34,27" hai3="123,83,13,19,79,90,127,65,84,112,105,45,130"/><T74/><D71/><U61/><E75/><V42/><F73/><W54/><G130/><T121/><D121/><U119/><E107/><V104/><F113/><W108/><G108/><T28/><D0/><U126/><E126/><V5/><F5/><W132/><G127/><T110/><D110/><U82/><E133/><V1/><F1/><W56/><G105/><T49/><D32/><U11/><E24/><V20/><F34/><W87/><G112/><T37/><D37/><U31/><E31/><V26/><F42/><W58/><G65/><T128/><D128/><U81/><E129/><V39/><F39/><W44/><G58/><T62/><D74/><U23/><E23/><V89/><F70/><W46/><G132/><T25/><D97/><U14/><E11/><V38/><F38/><W4/><G4/><T72/><D72/><U41/><E41/><V7/><F7/><W135/><G123/><T96/><D96/><U115/><E115/><V50/><F68/><W78/><G87/><T77/><D76/><U67/><E67/><V91/><F99/><W111/><G111/><T106/><D106/><U122/><E122/><V114/><F114/><W6/><G6/><T117/><D117/><U66/><E66/><V92/><F104/><W10/><G135/><T3/><D3/><U120/><E120/><V47/><F134/><W43/><G43/><T36/><D36/><U35/><E35/><V124/><F124/><W8/><G8/><T60/><D60/><AGARI ba="0,0" hai="10,13,19,44,45,46,54,56,60,78,79,83,84,90" machi="60" ten="40,1300,0" yaku="8,1" doraHai="125" who="3" fromWho="0" sc="213,-13,217,0,279,0,291,13" owari="200,-30.0,217,-18.3,279,7.9,304,40.4" /></mjloggm>