<mjloggm ver="2.3"><GO type="225" lobby="0"/><UN n0="%E9%B3%B3%E6%9D%B1%E3%81%AE%E3%81%BF%E3%81%91%E3%81%AB%E3%82%83%E3%82%93" n1="%E3%82%BC%E3%83%AB%E3%83%80%E3%81%AE%E4%BC%9D%E8%AA%AC" n2="%E3%81%B5%E3%81%98%E3%81%8B%E3%81%A4" n3="%E3%81%82%E3%81%99%E3%81%AB%E3%82%83%E3%82%80" dan="17,17,17,16" rate="2221.44,2203.47,2206.37,2095.29" sx="F,M,M,F"/><TAIKYOKU oya="0"/><INIT seed="0,0,0,0,5,13" ten="250,250,250,250" oya="0" hai0="39,46,85,121,60,15,55,34,94,38,17,33,11" hai1="1,89,118,86,29,83,50,116,27,20,125,6,81" hai2="16,110,114,93,19,65,90,134,71,122,58,47,108" hai3="132,35,120,48,77,7,117,3,52,103,115,69,62"/><T31/><D121/><U129/><E125/><V96/><F122/><W92/><G115/><T24/><D34/><U5/><E129/><V87/><F114/><W130/><G35/><T45/><D60/><U135/><E135/><V76/><F134/><W64/><G117/><T78/><D94/><U109/><E109/><N who="2" m="42091" /><F71/><W67/><G132/><T73/><D73/><U104/><E104/><V51/><F58/><W106/><G120/><T36/><REACH who="0" step="1"/><D55/><REACH who="0" ten="240,250,250,250" step="2"/><U126/><E118/><V23/><F65/><W9/><G64/><T105/><D105/><U53/><E116/><V95/><F23/><W124/><G106/><T98/><D98/><U56/><E126/><V10/><F10/><W128/><G124/><T107/><D107/><U2/><E2/><V97/><F97/><W80/><G92/><T0/><D0/><U49/><E1/><V113/><F113/><W37/><G103/><T25/><D25/><U22/><E81/><AGARI ba="0,1" hai="11,15,17,24,31,33,36,38,39,45,46,78,81,85" machi="81" ten="40,3900,0" yaku="1,1,52,1,53,0" doraHai="13" doraHaiUra="100" who="0" fromWho="1" sc="240,49,250,-39,250,0,250,0" /><INIT seed="0,1,0,5,0,12" ten="289,211,250,250" oya="0" hai0="9,7,87,57,41,43,56,84,112,76,70,42,110" hai1="103,97,101,64,122,106,124,75,90,79,4,0,126" hai2="27,46,29,92,73,49,37,58,23,100,11,1,99" hai3="3,96,18,132,131,77,6,51,69,47,91,32,40"/><T107/><D112/><U71/><E122/><V62/><F73/><W24/><G69/><T118/><D118/><U48/><E48/><V123/><F123/><W85/><G132/><T89/><D70/><U128/><E101/><V50/><F1/><W72/><G131/><T68/><D68/><U65/><E128/><V21/><F11/><W54/><G3/><T45/><D107/><U16/><E90/><V78/><F78/><W108/><G6/><T36/><D36/><U98/><E98/><V19/><F37/><W34/><G108/><T55/><D76/><U53/><E53/><V61/><F46/><W114/><G114/><T10/><D110/><U81/><E71/><V52/><F62/><W80/><G96/><T105/><D105/><U86/><E75/><V135/><F135/><W127/><G127/><N who="1" m="48682" /><E4/><V102/><F102/><W82/><REACH who="3" step="1"/><G40/><REACH who="3" ten="289,211,250,240" step="2"/><T116/><D42/><U44/><E0/><V109/><REACH who="2" step="1"/><F109/><REACH who="2" ten="289,211,240,240" step="2"/><W25/><G25/><AGARI ba="1,2" hai="19,21,23,25,27,29,49,50,52,58,61,92,99,100" machi="25" ten="30,12000,2" yaku="1,1,2,1,7,1,8,1,52,1,54,1,53,1" doraHai="12" doraHaiUra="15" who="2" fromWho="3" sc="289,0,211,0,240,143,240,-123" /><INIT seed="1,0,0,2,4,1" ten="289,211,383,117" oya="1" hai0="18,49,52,80,100,37,97,107,122,61,21,105,53" hai1="71,88,63,3,93,85,135,79,130,77,45,123,101" hai2="59,0,68,57,118,95,44,42,98,6,41,89,120" hai3="50,76,75,67,104,33,40,31,32,14,102,65,38"/><U124/><E123/><V36/><F120/><W73/><G38/><T91/><D37/><U43/><E124/><V23/><F118/><W34/><G31/><T84/><D122/><U7/><E101/><V11/><F68/><W133/><G133/><T30/><D30/><U134/><E130/><V103/><F42/><W35/><N who="3" m="8192" /><DORA hai="78" /><W10/><G104/><T113/><D113/><U46/><E63/><V17/><REACH who="2" step="1"/><F103/><REACH who="2" ten="289,211,373,117" step="2"/><W28/><G102/><T8/><D100/><U128/><E71/><V106/><F106/><W99/><G99/><T121/><D97/><U119/><E119/><V82/><F82/><W47/><G28/><T2/><D121/><U94/><E128/><V55/><F55/><W56/><G56/><T114/><D105/><U74/><E43/><V132/><F132/><W111/><G111/><T25/><D107/><U90/><E134/><V9/><F9/><W64/><REACH who="3" step="1"/><G76/><REACH who="3" ten="289,211,373,107" step="2"/><T58/><D114/><U20/><E135/><V39/><F39/><W112/><G112/><T19/><D58/><U54/><E77/><V48/><F48/><W12/><G12/><AGARI ba="0,2" hai="0,6,11,12,17,23,36,41,44,57,59,89,95,98" machi="12" ten="30,7700,0" yaku="1,1,7,1,52,1,53,1" doraHai="1,78" doraHaiUra="126,92" who="2" fromWho="3" sc="289,0,211,0,373,97,107,-77" /><INIT seed="2,0,0,4,2,41" ten="289,211,470,30" oya="2" hai0="53,22,94,31,114,26,122,102,80,37,64,65,39" hai1="29,74,92,82,117,6,73,36,112,121,86,2,47" hai2="107,16,105,125,78,81,67,68,15,23,1,76,95" hai3="63,75,18,40,133,24,56,96,8,113,32,91,108"/><V85/><F125/><W71/><G108/><T123/><D114/><U130/><E112/><V97/><F1/><W38/><G113/><T90/><D37/><U0/><E117/><V109/><F109/><W88/><G71/><T48/><D39/><U43/><E130/><V45/><F78/><W55/><G75/><T83/><D122/><U17/><E29/><V120/><F120/><W106/><G133/><T89/><D102/><U20/><E121/><V131/><F131/><W61/><G61/><T119/><D119/><U10/><E92/><V34/><F67/><N who="0" m="25674" /><D90/><U127/><E0/><V70/><F68/><W66/><G66/><T50/><D50/><U134/><E134/><V42/><F34/><W59/><G59/><N who="0" m="33191" /><D123/><U54/><E127/><V116/><F70/><W25/><G91/><T98/><AGARI ba="0,0" hai="22,26,31,80,83,89,94,98" m="33191,25674" machi="98" ten="30,1100,0" yaku="8,1" doraHai="41" who="0" fromWho="0" sc="289,11,211,-3,470,-5,30,-3" /><INIT seed="3,0,0,3,4,8" ten="300,208,465,27" oya="3" hai0="70,45,29,103,124,110,30,104,83,38,2,10,63" hai1="79,16,134,54,113,52,67,4,86,132,46,12,128" hai2="1,95,101,112,24,56,15,20,58,53,89,80,28" hai3="73,122,84,66,93,123,69,9,49,82,35,96,7"/><W34/><G73/><T126/><D110/><U43/><E113/><V94/><F112/><W61/><G49/><T19/><D83/><N who="1" m="47487" /><E67/><V3/><F80/><W37/><G37/><T17/><D63/><U14/><E4/><V100/><F58/><W120/><G93/><T92/><D70/><U87/><E87/><V78/><F78/><W65/><G96/><T98/><D19/><U102/><E102/><V21/><F3/><W91/><REACH who="3" step="1"/><G65/><REACH who="3" ten="300,208,465,17" step="2"/><T114/><D92/><U125/><E125/><V77/><F95/><W64/><G64/><T26/><D124/><U107/><E107/><V127/><F127/><W40/><G40/><T39/><D126/><U117/><E43/><V68/><F101/><W48/><G48/><T106/><D106/><U60/><E134/><V5/><F100/><W130/><G130/><T74/><D74/><U57/><E132/><V72/><F72/><W31/><G31/><T119/><D38/><U108/><E128/><V118/><F94/><W135/><G135/><T85/><D98/><U71/><E54/><V131/><F28/><W50/><G50/><T0/><D103/><U36/><E52/><V109/><F53/><W13/><AGARI ba="0,1" hai="7,9,13,34,35,61,66,69,82,84,91,120,122,123" machi="13" ten="30,6000,0" yaku="1,1,0,1,52,1,53,0" doraHai="8" doraHaiUra="115" who="3" fromWho="3" sc="300,-20,208,-20,465,-20,17,70" /><INIT seed="3,1,0,4,0,9" ten="280,188,445,87" oya="3" hai0="53,47,0,59,30,122,73,95,5,103,26,52,112" hai1="39,24,31,104,74,13,41,82,98,16,87,84,22" hai2="25,65,20,123,106,40,91,132,126,101,105,19,8" hai3="134,23,130,79,34,66,1,110,21,125,94,128,121"/><W92/><G121/><T114/><D73/><U111/><E111/><V4/><F126/><W86/><G110/><T48/><D122/><U96/><E74/><V61/><F132/><W69/><G34/><T50/><D0/><U64/><E64/><V97/><F40/><W56/><G1/><T46/><D5/><U62/><E62/><V85/><F123/><W43/><G69/><T70/><D70/><U118/><E118/><V127/><F127/><W133/><G43/><T115/><D103/><U32/><E104/><V18/><F106/><W71/><G71/><T3/><D95/><N who="3" m="36393" /><G125/><T68/><D68/><U6/><E6/><V76/><F76/><W12/><G66/><T102/><D102/><U15/><E15/><N who="2" m="5511" /><F105/><W36/><G36/><T80/><D80/><U75/><E75/><V72/><F101/><W55/><G79/><T77/><D77/><U81/><E41/><V27/><F72/><W14/><G86/><T124/><D3/><U7/><E39/><V100/><F100/><W17/><G55/><T93/><D93/><U67/><E67/><V38/><F38/><W35/><G56/><N who="0" m="32807" /><D124/><U63/><E84/><V120/><F85/><W117/><G117/><T108/><D108/><U78/><E82/><V116/><F120/><W135/><G35/><AGARI ba="1,0" hai="26,30,35,46,47,50,52,59,112,114,115" m="32807" machi="35" ten="30,2000,0" yaku="11,1,54,1" doraHai="9" who="0" fromWho="3" sc="280,23,188,0,445,0,87,-23" owari="303,10.3,188,-21.2,445,54.5,64,-43.6" /></mjloggm>