<mjloggm ver="2.3"><GO type="225" lobby="0"/><UN n0="%E9%80%86%E9%80%A3%E5%B8%AF%E3%81%AE%E9%AC%BC" n1="%E4%B8%89%E5%86%A0%E7%8E%8B%E3%83%BB%E5%B1%B1%E7%94%B0%E5%93%B2%E4%BA%BA" n2="%65%2D%73%65%70%65%6E%3B" n3="%E5%B8%86%E7%AB%8B%E5%A4%8F%E8%A1%A3" dan="16,16,17,17" rate="2150.89,2128.64,2158.56,2137.32" sx="M,M,M,M"/><TAIKYOKU oya="0"/><INIT seed="0,0,0,1,5,102" ten="250,250,250,250" oya="0" hai0="130,7,101,16,82,41,25,55,78,28,42,106,107" hai1="100,43,6,129,89,64,132,61,22,21,96,86,117" hai2="67,29,118,68,120,48,12,57,17,3,44,119,128" hai3="94,92,33,103,31,122,13,34,37,66,77,80,71"/><T98/><D130/><U54/><E117/><N who="2" m="44555" /><F3/><W51/><G122/><T123/><D123/><U72/><E129/><V30/><F68/><W69/><G37/><T135/><D135/><U131/><E131/><V60/><F128/><W5/><G71/><T23/><D7/><U36/><E72/><V97/><F97/><W99/><G69/><T108/><D108/><U39/><E132/><V112/><F112/><W58/><G31/><T49/><D107/><U45/><E54/><N who="2" m="29959" /><F120/><W62/><G51/><T79/><D28/><U2/><E39/><V8/><AGARI ba="0,0" hai="8,12,17,29,30,57,60,67" m="29959,44555" machi="8" ten="30,1100,0" yaku="12,1" doraHai="102" who="2" fromWho="2" sc="250,-5,250,-3,250,11,250,-3" /><INIT seed="1,0,0,3,3,114" ten="245,247,261,247" oya="1" hai0="61,131,41,60,120,100,3,65,24,62,0,31,35" hai1="111,27,109,1,74,25,123,87,125,106,88,20,84" hai2="55,78,77,82,52,86,130,6,127,22,132,73,104" hai3="37,10,16,12,19,48,66,18,112,4,91,107,58"/><U9/><E74/><V42/><F6/><W115/><G37/><T63/><D131/><U124/><E106/><V113/><F104/><W93/><G107/><T11/><D120/><U56/><E123/><V126/><F113/><W2/><G115/><T53/><D100/><U101/><E101/><V17/><F42/><W40/><G112/><T80/><D41/><U34/><E84/><V75/><F130/><W129/><G129/><T57/><D80/><N who="1" m="49255" /><E56/><V43/><F43/><W69/><G69/><T98/><D98/><U119/><E119/><V110/><F110/><N who="1" m="41993" /><E34/><V32/><F32/><W102/><G102/><T23/><D35/><U46/><E46/><V89/><F75/><W134/><G134/><T92/><D92/><U83/><E83/><V108/><F108/><W96/><G40/><T97/><D97/><U33/><E33/><V5/><F132/><W28/><G66/><T15/><REACH who="0" step="1"/><D65/><REACH who="0" ten="235,247,261,247" step="2"/><U8/><E27/><N who="2" m="14799" /><F82/><W45/><G96/><T39/><D39/><U105/><E105/><V71/><F73/><W121/><G93/><T21/><D21/><U30/><E1/><V76/><F86/><W95/><G2/><T133/><D133/><U36/><E36/><V38/><F38/><W51/><G121/><T49/><D49/><U128/><E128/><V72/><F72/><W54/><G95/><T26/><D26/><U68/><E68/><V14/><F77/><W70/><G70/><T116/><D116/><U59/><E59/><V135/><F71/><W81/><G81/><T90/><D90/><U94/><E94/><V122/><F135/><W47/><G91/><RYUUKYOKU ba="0,1" sc="235,15,247,15,261,-15,247,-15" hai0="0,3,11,15,23,24,31,53,57,60,61,62,63" hai1="8,9,20,25,30,124,125" /><INIT seed="1,1,1,4,3,126" ten="250,262,246,232" oya="1" hai0="81,105,60,97,73,39,52,54,79,45,107,83,18" hai1="43,127,63,100,80,50,114,68,132,65,101,104,34" hai2="113,77,86,31,70,135,75,16,36,88,125,1,66" hai3="0,90,94,23,10,19,130,115,57,89,93,21,61"/><U13/><E114/><V120/><F1/><W102/><G115/><T47/><D18/><U85/><E127/><V124/><F113/><W92/><G102/><T22/><D22/><N who="3" m="8201" /><G0/><T129/><D60/><U110/><E34/><V121/><F36/><W3/><G3/><T103/><D39/><U15/><E132/><V4/><F4/><W29/><G29/><T62/><D107/><U48/><E101/><V74/><F31/><W106/><G130/><T40/><D129/><U11/><E110/><V25/><F70/><W17/><G106/><T118/><D118/><U111/><E111/><V96/><F66/><N who="3" m="39215" /><G10/><T82/><D47/><U49/><E43/><V38/><F38/><W72/><G72/><T46/><D45/><U35/><E35/><V122/><F75/><W14/><G14/><T41/><D40/><U42/><E42/><V44/><F74/><W6/><G6/><T32/><D32/><U123/><E123/><V12/><F25/><W108/><G108/><T134/><D134/><U78/><REACH who="1" step="1"/><E11/><REACH who="1" ten="250,252,246,232" step="2"/><V69/><F135/><W20/><G20/><T128/><D41/><U87/><E87/><V2/><F86/><N who="3" m="52279" /><G94/><T9/><D9/><U64/><E64/><V112/><F112/><W5/><G5/><T55/><D103/><U117/><E117/><V27/><F124/><W53/><G53/><T119/><D105/><U30/><E30/><V71/><F125/><W99/><AGARI ba="1,2" hai="17,19,90,93,99" m="52279,39215,8201" machi="99" ten="30,1100,0" yaku="8,1" doraHai="126" who="3" fromWho="3" sc="250,-4,252,-6,246,-4,232,34" /><INIT seed="2,0,0,4,0,133" ten="246,246,242,266" oya="2" hai0="6,91,12,44,78,53,40,7,81,72,20,85,92" hai1="60,22,18,3,49,134,11,17,63,104,71,128,111" hai2="115,113,65,43,86,54,108,66,74,33,73,77,62" hai3="118,82,56,106,99,80,76,69,24,10,75,50,103"/><V58/><F33/><W36/><G118/><T42/><D53/><U59/><E104/><V95/><F43/><W130/><G130/><T125/><D125/><U90/><E134/><V132/><F132/><W84/><G69/><T0/><D42/><U23/><E128/><V41/><F41/><W15/><G36/><T57/><D57/><U97/><E111/><V114/><F108/><W55/><G24/><T122/><D122/><U31/><E71/><V116/><F116/><W4/><REACH who="3" step="1"/><G82/><REACH who="3" ten="246,246,242,256" step="2"/><T46/><D81/><U19/><E3/><V9/><F74/><AGARI ba="0,1" hai="4,10,15,50,55,56,74,75,76,80,84,99,103,106" machi="74" ten="40,2600,0" yaku="1,1,2,1,53,0" doraHai="133" doraHaiUra="38" who="3" fromWho="2" sc="246,0,246,0,242,-26,256,36" /><INIT seed="3,0,0,3,3,26" ten="246,246,216,292" oya="3" hai0="134,15,109,133,19,17,43,117,52,59,57,121,135" hai1="9,126,104,116,101,67,129,32,35,96,25,63,2" hai2="55,66,112,111,27,60,108,103,65,131,80,70,118" hai3="33,58,29,123,114,125,98,13,22,40,36,81,14"/><W53/><G114/><T120/><D117/><U119/><E126/><V39/><F112/><W78/><G123/><T10/><D109/><N who="2" m="42058" /><F118/><N who="1" m="45097" /><E129/><V30/><F39/><W72/><G125/><T5/><D43/><U64/><E64/><N who="2" m="41223" /><F131/><W62/><G33/><T85/><D59/><N who="1" m="37375" /><E25/><V45/><F103/><W34/><G34/><T21/><D85/><U84/><E84/><V113/><F113/><W89/><G29/><T106/><D106/><U79/><E79/><V122/><F122/><W105/><G22/><T100/><D19/><U115/><E115/><V68/><F68/><W94/><REACH who="3" step="1"/><G105/><REACH who="3" ten="246,246,216,282" step="2"/><T12/><D121/><U76/><E35/><N who="2" m="20959" /><F80/><W16/><G16/><T20/><D120/><U92/><E32/><V99/><F99/><W93/><G93/><T61/><D17/><U77/><E92/><V86/><F86/><W6/><G6/><AGARI ba="0,1" hai="2,6,9,76,77,96,101,104" m="37375,45097" machi="6" ten="30,1000,0" yaku="12,1" doraHai="26" who="1" fromWho="3" sc="246,0,246,20,216,0,282,-10" /><INIT seed="4,0,0,2,1,134" ten="246,266,216,272" oya="0" hai0="38,43,131,17,9,33,63,80,90,13,34,5,59" hai1="107,110,73,85,28,95,115,24,121,64,83,2,124" hai2="122,133,69,98,94,77,109,74,100,58,123,47,55" hai3="119,36,60,52,39,8,7,44,93,105,19,65,96"/><T75/><D131/><U102/><E110/><V103/><F109/><W54/><G119/><T97/><D75/><U30/><E2/><V81/><F69/><W125/><G125/><T92/><D80/><U20/><E121/><V56/><F133/><W21/><G105/><T4/><D38/><U120/><E120/><V99/><F47/><W108/><G108/><T66/><REACH who="0" step="1"/><D43/><REACH who="0" ten="236,266,216,272" step="2"/><U0/><E73/><V26/><F26/><W87/><G39/><T42/><D42/><U1/><E83/><V86/><F74/><W16/><G36/><T91/><D91/><U48/><E24/><V89/><F89/><W70/><G70/><T72/><D72/><U113/><E113/><V10/><F10/><W29/><G8/><T46/><D46/><U129/><E115/><V84/><F84/><W14/><G87/><T78/><D78/><U111/><E129/><V3/><F3/><W31/><G44/><T12/><D12/><U41/><E41/><V22/><F22/><W49/><G21/><T101/><D101/><U88/><E102/><V76/><F76/><W61/><G14/><T50/><D50/><U132/><E0/><V40/><F40/><W32/><G49/><T68/><D68/><U37/><E37/><V57/><REACH who="2" step="1"/><F55/><REACH who="2" ten="236,266,206,272" step="2"/><W6/><G54/><T106/><D106/><AGARI ba="0,2" hai="56,57,58,77,81,86,94,98,99,100,103,106,122,123" machi="106" ten="40,2600,0" yaku="1,1,2,1,53,0" doraHai="134" doraHaiUra="71" who="2" fromWho="0" sc="236,-26,266,0,206,46,272,0" /><INIT seed="5,0,0,1,4,55" ten="210,266,252,272" oya="1" hai0="30,93,56,110,69,23,84,10,131,74,81,117,40" hai1="7,126,52,11,76,41,133,78,99,24,17,91,48" hai2="123,102,34,116,108,72,125,134,130,27,12,86,90" hai3="6,62,15,128,96,103,124,94,42,37,22,14,114"/><U33/><E41/><V50/><F108/><W0/><G114/><T75/><D117/><U97/><E133/><V98/><F116/><W43/><G124/><T47/><D69/><U111/><E126/><V54/><F123/><W122/><G128/><T82/><D131/><U18/><E111/><V35/><F125/><W107/><G122/><T21/><D110/><U49/><E49/><V135/><F130/><W44/><G43/><T92/><D10/><U51/><E51/><V100/><F72/><W73/><G107/><T57/><D40/><U121/><E121/><V65/><F65/><W36/><G36/><T26/><D84/><U68/><E68/><V38/><F38/><W32/><G32/><T19/><D47/><U64/><E64/><V58/><F12/><W5/><G62/><T120/><D120/><U83/><E33/><V77/><F77/><N who="1" m="29801" /><E7/><V132/><F27/><W112/><G73/><T71/><D71/><U63/><E63/><V118/><F118/><W106/><G5/><T1/><D1/><U45/><E24/><V113/><F113/><W87/><G112/><T89/><D89/><U13/><E18/><V61/><F61/><W85/><G0/><T25/><D30/><U129/><E129/><V79/><F79/><W109/><G109/><T115/><D115/><U101/><E101/><N who="2" m="39019" /><F98/><N who="3" m="61815" /><G14/><T46/><D46/><U119/><E119/><V105/><F105/><W4/><G4/><T70/><D70/><U20/><E20/><V3/><F3/><W39/><G39/><T67/><D67/><U31/><E31/><V8/><F8/><N who="3" m="4503" /><G22/><T59/><D59/><RYUUKYOKU ba="0,0" sc="210,0,266,0,252,0,272,0" hai0="19,21,23,25,26,56,57,74,75,81,82,92,93" hai1="11,13,17,45,48,52,83,91,97,99" hai2="34,35,50,54,58,86,90,132,134,135" hai3="37,42,44,85,87,94,96" /><INIT seed="5,1,0,0,2,56" ten="210,266,252,272" oya="1" hai0="117,21,72,11,112,127,1,44,52,45,17,82,99" hai1="15,20,132,100,83,6,3,91,69,92,96,51,31" hai2="89,37,2,124,32,109,88,121,4,104,27,95,16" hai3="98,118,39,71,57,63,59,42,26,66,80,67,86"/><U107/><E132/><V50/><F109/><W28/><G118/><T46/><D117/><U33/><E69/><V103/><F121/><W36/><G98/><T131/><D112/><U87/><E3/><V85/><F37/><W125/><G125/><T134/><D127/><U10/><E33/><V8/><F124/><W34/><G42/><T111/><D134/><U128/><E128/><V65/><F65/><W94/><G94/><T97/><D111/><U120/><E120/><V60/><F60/><W129/><G129/><T77/><D131/><U84/><E31/><V115/><F115/><W68/><G68/><T38/><D38/><U7/><E20/><V30/><F50/><W123/><G123/><T18/><D52/><U9/><E51/><V48/><F48/><W76/><G71/><T35/><D35/><U74/><E10/><V101/><F104/><W93/><G93/><T64/><D64/><U54/><E54/><V23/><REACH who="2" step="1"/><F89/><REACH who="2" ten="210,266,242,272" step="2"/><W55/><G66/><T79/><D79/><N who="1" m="44535" /><E84/><V13/><AGARI ba="1,1" hai="2,4,8,13,16,23,27,30,32,85,88,95,101,103" machi="13" ten="20,12000,2" yaku="1,1,0,1,7,1,24,2,54,2,53,0" doraHai="56" doraHaiUra="58" who="2" fromWho="2" sc="210,-31,266,-61,242,133,272,-31" owari="179,-32.1,205,-19.5,375,47.5,241,4.1" /></mjloggm>