<mjloggm ver="2.3"><GO type="225" lobby="0"/><UN n0="%6D%75%75%6D%75%72%61" n1="%E3%82%BC%E3%83%AB%E3%83%80%E3%81%AE%E4%BC%9D%E8%AA%AC" n2="%63%62%69%73%6B%65%74" n3="%E5%8D%A0%E3%81%84%E5%B8%AB%E8%A3%8F%E3%81%AA%E3%81%84%E3%81%97" dan="17,17,16,16" rate="2150.92,2228.05,2041.92,2109.45" sx="F,M,M,M"/><TAIKYOKU oya="0"/><INIT seed="0,0,0,4,4,23" ten="250,250,250,250" oya="0" hai0="48,21,134,103,121,100,78,77,8,86,56,30,14" hai1="44,73,74,114,24,101,38,43,47,127,34,90,111" hai2="109,10,59,91,88,117,33,110,17,107,94,37,3" hai3="119,6,133,57,11,113,51,0,41,116,61,115,39"/><T97/><D121/><U131/><E111/><N who="2" m="42507" /><F107/><W68/><G133/><T72/><D72/><U32/><E127/><V31/><F117/><W35/><G119/><T126/><D134/><U52/><E131/><V96/><F37/><W102/><G116/><T46/><D126/><U65/><E65/><V40/><F40/><W58/><G58/><T135/><D56/><U128/><E128/><V66/><F91/><W83/><G102/><T45/><D135/><U28/><E101/><N who="2" m="60567" /><F66/><N who="3" m="41039" /><G83/><N who="0" m="47471" /><D97/><U76/><E114/><V42/><F59/><W106/><G106/><T22/><D78/><U85/><E34/><V36/><F36/><W16/><G35/><T67/><D67/><U62/><E76/><V108/><F88/><W55/><G16/><N who="0" m="8263" /><D45/><AGARI ba="0,0" hai="0,6,11,39,41,45,51,55,57,113,115" m="41039" machi="45" ten="30,1000,0" yaku="24,1" doraHai="23" who="3" fromWho="0" sc="250,-10,250,0,250,0,250,10" /><INIT seed="1,0,0,3,3,122" ten="240,250,250,260" oya="1" hai0="50,7,112,132,9,118,130,57,91,114,40,3,105" hai1="64,13,68,104,32,84,12,16,88,24,23,131,100" hai2="20,59,37,35,116,31,26,134,101,66,41,123,119" hai3="17,110,4,67,78,25,53,113,39,33,108,80,83"/><U77/><E77/><V128/><F123/><W55/><G113/><T62/><D118/><U90/><E131/><V30/><F134/><W120/><G120/><T127/><D130/><U71/><E12/><V89/><F128/><W69/><G39/><T70/><D132/><U60/><E71/><V54/><F66/><W36/><G36/><T28/><D127/><U82/><E90/><V8/><F101/><W109/><G4/><T2/><D2/><U103/><REACH who="1" step="1"/><E104/><REACH who="1" ten="240,240,250,260" step="2"/><V29/><F89/><W56/><G69/><T65/><D105/><U72/><E72/><V45/><F8/><W96/><G96/><T79/><D79/><U34/><E34/><V115/><F115/><W94/><G80/><T73/><D73/><U43/><E43/><V92/><F92/><W22/><G33/><T27/><D91/><U87/><E87/><V76/><F76/><W61/><G94/><T135/><D135/><U125/><E125/><V5/><F5/><W48/><G48/><T44/><REACH who="0" step="1"/><D70/><REACH who="0" ten="230,240,250,260" step="2"/><U0/><E0/><V102/><F102/><W46/><G46/><T81/><D81/><U133/><E133/><V106/><F106/><W21/><G83/><T124/><D124/><U10/><E10/><V58/><F116/><W126/><G78/><T6/><D6/><U51/><E51/><N who="2" m="31071" /><F119/><W38/><G38/><T85/><D85/><U95/><E95/><V11/><F11/><W111/><N who="3" m="27648" /><DORA hai="15" /><W86/><G126/><T93/><D93/><U99/><E99/><V18/><F35/><AGARI ba="0,2" hai="3,7,9,27,28,35,40,44,50,57,62,65,112,114" machi="35" ten="30,2000,0" yaku="1,1,7,1,53,0" doraHai="122,15" doraHaiUra="107,121" who="0" fromWho="2" sc="230,40,240,0,250,-20,260,0" /><INIT seed="2,0,0,2,1,121" ten="270,240,230,260" oya="2" hai0="6,11,117,16,89,109,81,71,30,42,115,52,128" hai1="82,28,73,12,132,65,18,47,104,44,88,31,92" hai2="124,54,60,102,105,134,56,74,119,41,22,10,96" hai3="45,103,40,2,51,87,64,50,94,53,8,69,113"/><V101/><F119/><W120/><G120/><T97/><D115/><U1/><E1/><V123/><F123/><W21/><G113/><T3/><D71/><U62/><E104/><V125/><F74/><W48/><G2/><T49/><D128/><U29/><E132/><V127/><F102/><W24/><G8/><T77/><D117/><U13/><E82/><V66/><F134/><W130/><G130/><T61/><D30/><U27/><E73/><V110/><F41/><W111/><G64/><T46/><D109/><U79/><E79/><V67/><F110/><W95/><G69/><T106/><D16/><U84/><E27/><V15/><REACH who="2" step="1"/><F22/><REACH who="2" ten="270,240,220,260" step="2"/><W93/><G111/><T38/><D42/><U59/><REACH who="1" step="1"/><E12/><REACH who="1" ten="270,230,220,260" step="2"/><V83/><F83/><W14/><G14/><T23/><D81/><U91/><E91/><V26/><F26/><W39/><G24/><T129/><D89/><U122/><E122/><V0/><F0/><W34/><G103/><T99/><D3/><U86/><E86/><V80/><F80/><W76/><G87/><T126/><D129/><U98/><E98/><V57/><F57/><W70/><G93/><T33/><D99/><U107/><E107/><V100/><F100/><W17/><G94/><T5/><D97/><U72/><E72/><V55/><F55/><W58/><G95/><T114/><D106/><U19/><E19/><AGARI ba="0,2" hai="10,15,19,54,56,60,66,67,96,101,105,124,125,127" machi="19" ten="40,3900,0" yaku="1,1,18,1,53,0" doraHai="121" doraHaiUra="36" who="2" fromWho="1" sc="270,0,230,-39,220,59,260,0" /><INIT seed="2,1,0,3,3,13" ten="270,191,279,260" oya="2" hai0="37,102,82,77,69,76,12,55,96,73,80,106,20" hai1="56,5,23,118,30,130,0,89,46,60,44,58,25" hai2="74,7,119,126,31,115,15,66,87,63,24,75,38" hai3="108,33,9,65,116,132,128,91,53,34,135,4,110"/><V98/><F115/><W14/><G65/><T117/><D69/><U86/><E130/><V1/><F119/><W64/><G53/><T29/><D37/><U99/><E118/><V100/><F126/><W16/><G64/><T104/><D117/><U47/><E0/><V48/><F38/><W27/><G91/><T6/><D106/><U17/><E5/><V134/><F134/><N who="3" m="51243" /><G128/><T43/><D43/><U81/><E99/><V42/><F87/><W88/><G88/><T125/><D125/><U70/><E70/><V94/><F1/><N who="3" m="143" /><G116/><T18/><D6/><U109/><E109/><N who="3" m="42090" /><G27/><T92/><D55/><U26/><REACH who="1" step="1"/><E60/><REACH who="1" ten="270,181,279,260" step="2"/><V131/><F131/><W105/><G105/><T62/><D104/><U41/><E41/><V59/><F42/><W51/><G51/><T72/><D62/><U10/><E10/><AGARI ba="1,1" hai="10,14,16,33,34" m="42090,143,51243" machi="10" ten="30,12000,2" yaku="20,1,14,1,34,2,52,1,54,1" doraHai="13" who="3" fromWho="1" sc="270,0,181,-123,279,0,260,133" /><INIT seed="3,0,0,5,4,51" ten="270,58,279,393" oya="3" hai0="127,73,70,13,110,81,43,126,133,53,21,90,63" hai1="124,67,20,97,129,37,41,54,69,117,12,84,61" hai2="50,120,106,77,78,14,93,74,121,27,34,92,108" hai3="116,68,62,11,1,105,107,22,46,98,60,47,118"/><W38/><G22/><T10/><D110/><U80/><E97/><V130/><F106/><W8/><G98/><T94/><D133/><U17/><E80/><N who="2" m="45111" /><F78/><W79/><G79/><N who="0" m="44271" /><D43/><U26/><E26/><V82/><F82/><W122/><G122/><N who="2" m="47209" /><F108/><W57/><G1/><T5/><D21/><U135/><E135/><V0/><F0/><W103/><G103/><T113/><D70/><U18/><E18/><V52/><F14/><W59/><G68/><T35/><D35/><U24/><E24/><V112/><F112/><W76/><G76/><T71/><D71/><U16/><E17/><V42/><F42/><W66/><G66/><T104/><D104/><U4/><E4/><V23/><F34/><W65/><G65/><T40/><D40/><U134/><E134/><V33/><F33/><W58/><G58/><N who="0" m="35279" /><D94/><U6/><E6/><V30/><F130/><W75/><G75/><T55/><D55/><U45/><E129/><V32/><F32/><W128/><G128/><T119/><D119/><U31/><E117/><V3/><F3/><W39/><AGARI ba="0,0" hai="8,11,38,39,46,47,57,59,60,62,105,107,116,118" machi="39" ten="25,4800,0" yaku="0,1,22,2" doraHai="51" who="3" fromWho="3" sc="270,-16,58,-16,279,-16,393,48" owari="254,-14.6,42,-45.8,263,6.3,441,54.1" /></mjloggm>