<mjloggm ver="2.3"><GO type="225" lobby="0"/><UN n0="%E3%81%A9%E3%82%8F%E3%82%93%E3%81%94" n1="%E3%81%9F%E3%81%93%E2%98%86%E7%84%BC%E3%81%8D" n2="%E3%83%B4%E3%83%A0%EF%BC%99%E3%81%A6" n3="%72%61%6B%33" dan="16,16,17,16" rate="2205.84,2086.81,2178.83,2153.49" sx="M,M,M,M"/><TAIKYOKU oya="0"/><INIT seed="0,0,0,3,2,55" ten="250,250,250,250" oya="0" hai0="117,37,120,115,92,62,30,51,3,106,23,119,5" hai1="31,103,110,122,4,34,95,97,26,45,8,84,88" hai2="127,126,85,113,17,16,61,94,135,91,74,132,90" hai3="79,42,87,76,33,32,102,19,123,47,50,89,29"/><T39/><D120/><U111/><E122/><V15/><F113/><W58/><G123/><T64/><D106/><U43/><E111/><V13/><F74/><W67/><G32/><T54/><D115/><U56/><E56/><V25/><F25/><W99/><G29/><T107/><D107/><U73/><E73/><V134/><F61/><N who="3" m="38327" /><G33/><T59/><D5/><U12/><E110/><V96/><F13/><W114/><G114/><T78/><D3/><U48/><REACH who="1" step="1"/><E103/><REACH who="1" ten="250,240,250,250" step="2"/><V100/><F100/><W53/><G102/><T66/><D119/><U11/><E11/><N who="2" m="6271" /><F17/><W22/><G99/><AGARI ba="0,1" hai="4,8,12,26,31,34,43,45,48,84,88,95,97,99" machi="99" ten="40,5200,0" yaku="1,1,54,1,53,1" doraHai="55" doraHaiUra="81" who="1" fromWho="3" sc="250,0,240,62,250,0,250,-52" /><INIT seed="1,0,0,4,1,102" ten="250,302,250,198" oya="1" hai0="57,119,0,96,34,127,60,76,46,126,4,98,62" hai1="110,112,99,73,74,39,30,51,125,109,15,43,88" hai2="93,9,54,69,26,107,22,105,124,6,37,41,72" hai3="18,87,61,40,13,19,35,104,2,91,58,8,129"/><U23/><E39/><V82/><F69/><W49/><G129/><T52/><D34/><U115/><E43/><V132/><F93/><W113/><G113/><N who="1" m="43594" /><E51/><V42/><F54/><W121/><G121/><T122/><D122/><U78/><E125/><N who="0" m="47625" /><D119/><U100/><E78/><N who="2" m="44359" /><F124/><W45/><G35/><T10/><D76/><U33/><E33/><V89/><F89/><W32/><G32/><T17/><D46/><U94/><E30/><N who="2" m="17751" /><F41/><W68/><G68/><T12/><D62/><U106/><E23/><AGARI ba="0,0" hai="0,4,10,12,17,23,52,57,60,96,98" m="47625" machi="23" ten="30,2000,0" yaku="18,1,54,1" doraHai="102" who="0" fromWho="1" sc="250,20,302,-20,250,0,198,0" /><INIT seed="2,0,0,2,1,111" ten="270,282,250,198" oya="2" hai0="12,41,1,13,122,59,63,40,19,90,28,92,85" hai1="70,68,34,35,77,39,69,115,55,4,108,125,121" hai2="82,43,45,67,105,31,78,21,25,73,72,84,89" hai3="102,17,97,27,75,86,54,94,14,129,60,95,117"/><V101/><F67/><W83/><G129/><T33/><D122/><U23/><E23/><V47/><F47/><W9/><G117/><T124/><D1/><U103/><E4/><V26/><F105/><W134/><G134/><T49/><D124/><U10/><E10/><V61/><F61/><W3/><G3/><T30/><D33/><U36/><E103/><V50/><F101/><W87/><G75/><T11/><D13/><U37/><E55/><V113/><F113/><W98/><G27/><T18/><D18/><U126/><E77/><V66/><F66/><W6/><G6/><T7/><D7/><U114/><E108/><V88/><F89/><W44/><G83/><T130/><D130/><U120/><E34/><V20/><REACH who="2" step="1"/><F78/><REACH who="2" ten="270,282,240,198" step="2"/><W131/><G131/><T74/><D49/><U133/><E133/><V16/><AGARI ba="0,1" hai="16,20,21,25,26,31,43,45,50,72,73,82,84,88" machi="16" ten="20,18000,2" yaku="1,1,2,1,0,1,7,1,54,2,53,0" doraHai="111" doraHaiUra="118" who="2" fromWho="2" sc="270,-60,282,-60,240,190,198,-60" /><INIT seed="2,1,0,3,4,123" ten="210,222,430,138" oya="2" hai0="122,115,45,49,57,83,50,75,110,12,41,59,37" hai1="28,100,3,47,77,9,128,17,62,53,90,40,131" hai2="121,25,135,30,64,106,29,118,43,74,92,78,70" hai3="97,46,6,112,48,105,108,11,82,15,126,114,26"/><V69/><F106/><W65/><G65/><T7/><D122/><U129/><E100/><V32/><F121/><W67/><G67/><T132/><D115/><N who="3" m="44073" /><G126/><T102/><D102/><U66/><E77/><V89/><F118/><W44/><G26/><T76/><D132/><U79/><E79/><V99/><F135/><W120/><G120/><T134/><D134/><U98/><E28/><V22/><F43/><W27/><G27/><T124/><D124/><U31/><E31/><V87/><F30/><W73/><G73/><T16/><D7/><N who="1" m="1279" /><E17/><V71/><F74/><W94/><G82/><T88/><D88/><U63/><E90/><V95/><F64/><W103/><G105/><T133/><D133/><U96/><E53/><V35/><F78/><W14/><G14/><T24/><D24/><U18/><E18/><V23/><F32/><W127/><G127/><T51/><D59/><N who="1" m="37215" /><E63/><V111/><F35/><W119/><G119/><T113/><D57/><U8/><E8/><V19/><F19/><W36/><G36/><AGARI ba="1,0" hai="36,40,47,96,98,128,129,131" m="37215,1279" machi="36" ten="30,1000,0" yaku="19,1" doraHai="123" who="1" fromWho="3" sc="210,0,222,13,430,0,138,-13" /><INIT seed="3,0,0,5,0,103" ten="210,235,430,125" oya="3" hai0="88,28,113,93,69,65,101,117,98,40,105,24,12" hai1="62,9,128,34,79,118,49,82,17,21,114,42,61" hai2="96,10,66,7,125,86,104,122,11,81,0,14,38" hai3="131,29,67,110,63,59,89,119,57,112,90,77,100"/><W115/><G119/><T108/><D117/><U102/><E34/><V37/><F125/><W85/><G131/><T58/><D108/><U3/><E114/><V23/><F122/><W130/><G130/><T33/><D113/><U123/><E123/><V133/><F133/><W13/><G110/><T120/><D120/><U126/><E126/><V52/><F66/><W111/><G111/><T124/><D124/><U53/><E42/><V97/><F23/><W19/><G29/><T121/><D121/><U27/><E102/><V48/><F38/><W6/><G6/><T43/><D58/><U25/><E25/><V75/><F75/><W8/><G77/><T51/><D51/><U22/><E22/><V39/><F39/><W5/><G90/><T16/><D16/><U129/><E118/><V36/><F36/><W18/><G18/><T127/><D12/><U132/><E132/><V1/><F37/><W56/><G100/><T135/><D127/><U94/><E3/><V72/><F72/><W44/><G5/><T71/><D71/><U64/><E9/><V26/><F7/><W106/><G106/><T80/><D80/><U30/><E94/><V76/><F1/><W107/><G107/><T68/><D68/><U109/><E109/><V45/><F76/><W35/><G35/><T41/><D135/><U84/><E17/><V46/><F0/><W73/><G73/><T83/><D83/><U54/><E129/><V2/><F2/><W91/><G44/><T4/><D4/><U116/><E128/><V74/><F74/><W60/><G112/><T87/><D69/><RYUUKYOKU ba="0,0" sc="210,30,235,-10,430,-10,125,-10" hai0="24,28,33,40,41,43,65,87,88,93,98,101,105" owari="240,4.0,225,-17.5,420,52.0,115,-38.5" /></mjloggm>