<mjloggm ver="2.3"><GO type="225" lobby="0"/><UN n0="%E3%81%AA%E3%81%A1%30%39%32%37" n1="%33%74%72%65%65" n2="%E3%81%9F%E3%81%93%E2%98%86%E7%84%BC%E3%81%8D" n3="%E3%82%82%E3%81%90%E3%82%89" dan="16,17,16,16" rate="2011.57,2220.07,2097.66,2233.68" sx="M,F,M,M"/><TAIKYOKU oya="0"/><INIT seed="0,0,0,4,0,2" ten="250,250,250,250" oya="0" hai0="43,135,8,100,41,21,11,69,134,98,108,118,36" hai1="97,54,89,33,60,110,123,59,62,73,113,63,94" hai2="104,56,81,114,30,64,133,96,12,109,78,79,111" hai3="115,129,66,120,44,74,42,40,38,22,128,47,28"/><T92/><D118/><U5/><E123/><V48/><F30/><W88/><G74/><T131/><D69/><U50/><E110/><N who="2" m="41995" /><F114/><W70/><G28/><T101/><D21/><U121/><E121/><V61/><F133/><N who="0" m="50698" /><D108/><U103/><E113/><V72/><F79/><W26/><G120/><T125/><D125/><U19/><E33/><V27/><F27/><W52/><G26/><T90/><D131/><N who="3" m="50249" /><G22/><T6/><D11/><U7/><E73/><V105/><F12/><W0/><G0/><N who="0" m="71" /><D36/><U39/><E39/><V16/><F16/><W91/><G115/><T9/><D9/><U75/><E75/><V14/><F14/><W87/><G70/><T112/><D112/><U95/><REACH who="1" step="1"/><E19/><REACH who="1" ten="250,240,250,250" step="2"/><V57/><F72/><W126/><G38/><T3/><D3/><U37/><E37/><V67/><F48/><N who="3" m="28679" /><G126/><T24/><D24/><U51/><E51/><V49/><F49/><W102/><G47/><T25/><D25/><U76/><E76/><V23/><F78/><W116/><G116/><T68/><D68/><U55/><E55/><V13/><F64/><W85/><G66/><T127/><D127/><U107/><E107/><V119/><F104/><W117/><G117/><T84/><D101/><U83/><E83/><AGARI ba="0,1" hai="41,43,83,84,90,92,98,100" m="71,50698" machi="83" ten="30,2900,0" yaku="20,1,52,1" doraHai="2" who="0" fromWho="1" sc="250,39,240,-29,250,0,250,0" /><INIT seed="0,1,0,1,1,90" ten="289,211,250,250" oya="0" hai0="87,15,14,118,92,29,128,122,119,30,116,73,2" hai1="121,40,45,6,7,70,27,59,88,77,83,57,53" hai2="84,41,67,79,103,72,1,32,21,42,126,94,95" hai3="12,63,112,31,86,75,68,5,38,35,49,25,82"/><T3/><D73/><U134/><E121/><V81/><F32/><W124/><G38/><T26/><D122/><U125/><E70/><V109/><F1/><N who="0" m="10" /><D87/><N who="1" m="50303" /><E125/><V13/><F109/><W48/><G124/><T135/><D92/><N who="2" m="35370" /><F72/><W47/><G112/><T60/><D60/><N who="1" m="35887" /><E134/><V71/><F71/><W18/><G63/><T10/><D135/><U113/><E113/><V93/><F67/><W106/><G106/><T44/><D44/><U16/><E77/><V11/><F21/><W104/><G104/><T105/><D105/><U131/><E131/><V120/><F120/><W115/><G47/><T51/><D51/><N who="1" m="27047" /><E59/><V54/><F54/><W114/><G75/><T108/><D128/><U28/><E28/><V78/><F78/><N who="3" m="46423" /><G68/><T69/><D69/><U24/><E24/><V62/><F62/><W37/><G37/><T43/><D43/><U102/><E102/><V8/><F8/><W98/><G115/><T132/><D132/><U123/><E123/><V101/><F101/><W111/><G114/><T110/><D10/><U0/><E0/><V129/><F129/><W91/><G35/><N who="0" m="20919" /><D30/><U74/><E74/><V55/><F126/><W46/><G31/><T34/><D34/><U76/><E76/><V107/><F107/><W33/><G33/><T9/><D9/><U58/><E58/><V52/><F42/><W80/><G46/><T64/><D64/><U65/><E65/><V4/><F41/><W96/><G48/><T117/><D117/><U127/><E127/><V39/><F39/><W23/><G49/><T99/><D99/><AGARI ba="1,0" hai="4,11,13,52,55,79,81,84,93,99,103" m="35370" machi="99" ten="30,12000,2" yaku="8,1,52,4,54,1" doraHai="90" who="2" fromWho="0" sc="289,-123,211,0,250,123,250,0" /><INIT seed="1,0,0,4,2,126" ten="166,211,373,250" oya="1" hai0="36,56,105,63,46,83,100,21,37,81,34,31,102" hai1="76,132,8,64,42,86,107,19,47,44,75,111,50" hai2="85,53,119,6,4,52,106,12,73,67,95,15,121" hai3="88,60,131,92,10,79,27,128,116,24,1,134,82"/><U59/><E132/><V20/><F73/><W16/><G134/><T71/><D21/><U112/><E112/><V65/><F106/><W101/><G101/><T89/><D89/><U90/><E107/><V70/><F119/><W66/><G1/><T39/><D46/><N who="1" m="25943" /><E75/><V32/><F32/><W133/><G133/><T77/><D77/><U48/><E76/><V87/><F70/><W5/><G116/><T49/><D49/><U11/><E111/><V72/><F72/><W25/><G5/><T30/><D71/><U23/><E59/><V96/><F95/><W120/><G120/><T17/><D17/><U0/><E64/><V2/><F20/><W26/><G82/><T80/><D34/><U7/><E7/><V33/><F33/><W58/><G79/><T94/><D105/><U127/><E127/><V29/><F29/><W115/><G115/><T123/><D123/><U118/><E0/><V14/><F14/><W61/><G61/><T78/><D78/><U129/><E44/><V55/><F55/><W51/><G51/><T9/><D9/><U109/><E109/><V93/><F2/><W84/><N who="3" m="6144" /><DORA hai="125" /><W74/><REACH who="3" step="1"/><G74/><REACH who="3" ten="166,211,373,240" step="2"/><T69/><D69/><U57/><E48/><V110/><F121/><W135/><G135/><T113/><D113/><U130/><E118/><V40/><F4/><W108/><G108/><T99/><REACH who="0" step="1"/><D102/><REACH who="0" ten="156,211,373,240" step="2"/><U54/><E90/><V28/><F110/><W124/><G124/><T45/><D45/><U103/><E47/><V13/><F6/><W114/><G114/><T91/><D91/><U41/><E103/><V22/><F40/><RYUUKYOKU ba="0,2" sc="156,15,211,-15,373,-15,240,15" hai0="30,31,36,37,39,56,63,80,81,83,94,99,100" hai3="10,16,58,60,66,84,88,92,128,131" /><INIT seed="2,1,2,0,4,106" ten="171,196,358,255" oya="2" hai0="96,0,90,32,24,78,105,56,65,131,82,29,37" hai1="94,99,109,95,116,68,41,23,114,19,77,51,112" hai2="10,58,71,98,75,11,21,127,115,4,135,101,81" hai3="125,53,49,134,40,79,85,124,72,83,14,52,69"/><V1/><F71/><W132/><G69/><T12/><D0/><U80/><E116/><V129/><F115/><W43/><G14/><T20/><D131/><U133/><E68/><V26/><F129/><W62/><G62/><T36/><D65/><U122/><E109/><V59/><F135/><N who="3" m="51755" /><G85/><T31/><D56/><U118/><E118/><V44/><F44/><N who="3" m="27687" /><G53/><T108/><D108/><U27/><E133/><V30/><F10/><W89/><G89/><T130/><D130/><U13/><E13/><V22/><F22/><W35/><G35/><T60/><D60/><U45/><E114/><V6/><F6/><W48/><G48/><T25/><D12/><U17/><E112/><V18/><F30/><W5/><G5/><T15/><D15/><U121/><E51/><V46/><F46/><W39/><G39/><T2/><D2/><U74/><E45/><V73/><F59/><W64/><G64/><T91/><D36/><U57/><E57/><V102/><F58/><W123/><G123/><T61/><D61/><U3/><E3/><V87/><F102/><W9/><G9/><T70/><D37/><U33/><E33/><V117/><F117/><W28/><G28/><T84/><REACH who="0" step="1"/><D70/><REACH who="0" ten="161,196,358,255" step="2"/><U111/><E111/><V7/><F1/><W88/><G125/><T76/><D76/><U92/><E121/><V126/><F127/><W110/><G124/><T128/><D128/><U107/><E122/><V120/><F126/><W38/><G38/><T8/><D8/><U103/><E41/><N who="3" m="15946" /><G110/><T63/><D63/><U67/><E67/><V55/><F120/><W119/><G119/><RYUUKYOKU ba="1,3" sc="161,10,196,10,358,-30,255,10" hai0="20,24,25,29,31,32,78,82,84,90,91,96,105" hai1="17,19,23,27,74,77,80,92,94,95,99,103,107" hai3="72,79,83,88" /><INIT seed="3,2,3,1,0,119" ten="171,206,328,265" oya="3" hai0="120,81,52,102,116,40,127,47,4,112,85,36,121" hai1="123,132,62,23,84,1,77,104,56,3,26,118,115" hai2="63,130,44,117,53,114,38,7,10,41,54,37,16" hai3="75,17,95,13,105,25,33,96,107,5,22,46,12"/><W57/><G75/><T90/><D116/><U109/><E115/><V124/><F114/><W100/><G33/><T88/><D112/><U68/><E118/><V45/><F130/><W126/><G126/><T135/><D127/><U91/><E123/><V35/><F35/><W129/><G129/><T76/><D135/><U103/><E68/><V34/><F34/><W74/><G74/><T101/><D120/><U11/><E77/><V72/><F72/><W29/><G46/><T19/><D121/><U65/><E132/><V50/><F63/><W71/><G71/><T39/><D39/><U18/><E109/><V128/><F128/><W89/><G5/><T99/><D19/><U49/><E11/><V86/><F86/><W108/><G108/><T64/><D64/><U94/><REACH who="1" step="1"/><E49/><REACH who="1" ten="171,196,328,265" step="2"/><V43/><F50/><W8/><G8/><T59/><D4/><U83/><E83/><V20/><F124/><W93/><G57/><T113/><D113/><U28/><E28/><V31/><F31/><W60/><G29/><T111/><D111/><U32/><E32/><V125/><F125/><W133/><G133/><T70/><D70/><U98/><AGARI ba="2,4" hai="1,3,18,23,26,56,62,65,84,91,94,98,103,104" machi="98" ten="30,2000,0" yaku="1,1,0,1,53,0" doraHai="119" doraHaiUra="110" who="1" fromWho="1" sc="171,-7,196,66,328,-7,265,-12" owari="164,-33.6,262,6.2,321,42.1,253,-14.7" /></mjloggm>