<mjloggm ver="2.3"><GO type="225" lobby="0"/><UN n0="%E3%80%90%E3%83%88%E3%83%AA%E3%83%A5%E3%83%95%E3%80%91" n1="%E3%82%8C%E3%81%99%E3%81%93" n2="%E5%8D%A0%E3%81%84%E5%B8%AB%E8%A3%8F%E3%81%AA%E3%81%84%E3%81%97" n3="%E3%81%99%E3%81%84%E3%81%BE%E3%81%9B%E3%83%BC%E3%82%93" dan="16,17,17,18" rate="2101.48,2265.09,2178.95,2183.03" sx="M,F,M,M"/><TAIKYOKU oya="0"/><INIT seed="0,0,0,4,4,111" ten="250,250,250,250" oya="0" hai0="86,98,46,77,24,13,3,16,116,131,107,17,132" hai1="20,72,40,21,48,104,118,81,39,117,114,129,64" hai2="29,51,97,67,10,1,79,15,120,63,62,125,37" hai3="50,84,122,56,106,76,8,4,45,27,88,71,38"/><T31/><D116/><U18/><E104/><V89/><F37/><W100/><G71/><T11/><D132/><U28/><E39/><V70/><F120/><W36/><G122/><T93/><D131/><U23/><E129/><V60/><F125/><W112/><G76/><T49/><D3/><U14/><E64/><V82/><F1/><W74/><G74/><T90/><D107/><U105/><E105/><V102/><F89/><W85/><G85/><T9/><D77/><U42/><E72/><V109/><F29/><W54/><G27/><T80/><D31/><U12/><E81/><V115/><F109/><W103/><G112/><T95/><D98/><U68/><E68/><V22/><F22/><W7/><G7/><T52/><D24/><N who="1" m="16391" /><E48/><V92/><F51/><W55/><G106/><T43/><D43/><U26/><E42/><V94/><F94/><W75/><G75/><T35/><D35/><U78/><E40/><V123/><F123/><W73/><G73/><T128/><D128/><U87/><E87/><V113/><F82/><W59/><G38/><T58/><D58/><N who="3" m="22057" /><G54/><T41/><D41/><U130/><E78/><V124/><F124/><W34/><G34/><T32/><D32/><U47/><E47/><V66/><F79/><W135/><G135/><T96/><D96/><U108/><E130/><V0/><F0/><W30/><G30/><T110/><D110/><U134/><E108/><V99/><F99/><W61/><G36/><T44/><D46/><U69/><E134/><V83/><F70/><W91/><G45/><T101/><D101/><U57/><E118/><RYUUKYOKU ba="0,0" sc="250,30,250,-10,250,-10,250,-10" hai0="9,11,13,16,17,44,49,52,80,86,90,93,95" /><INIT seed="0,1,0,1,1,51" ten="280,240,240,240" oya="0" hai0="97,126,13,58,61,88,119,116,54,104,127,40,95" hai1="65,67,31,47,100,45,62,8,30,10,57,90,55" hai2="135,20,74,7,73,75,82,113,132,32,84,42,105" hai3="103,48,41,101,124,125,16,107,21,112,18,2,80"/><T39/><D104/><U46/><E100/><V35/><F105/><W63/><G112/><T60/><D60/><U70/><E90/><V106/><F106/><W133/><G133/><N who="2" m="51273" /><F113/><W49/><G2/><T78/><D78/><U14/><E8/><V120/><F120/><W81/><G63/><T6/><D40/><U122/><E122/><V24/><F7/><W59/><G107/><T15/><D39/><U128/><E128/><V64/><F64/><N who="1" m="24649" /><E70/><V96/><F96/><W52/><G41/><T121/><D121/><U108/><E108/><V77/><F42/><W131/><G131/><T115/><D115/><U56/><E56/><V98/><F98/><W94/><G48/><T130/><D130/><U114/><E114/><V117/><F117/><W1/><G1/><T33/><D33/><U29/><E46/><V5/><F5/><AGARI ba="1,0" hai="5,10,14,29,30,31,45,47,55,57,62" m="24649" machi="5" ten="30,2000,0" yaku="8,1,52,1" doraHai="51" who="1" fromWho="2" sc="280,0,240,23,240,-23,240,0" /><INIT seed="1,0,0,1,5,38" ten="280,263,217,240" oya="1" hai0="57,64,44,112,116,36,47,46,100,81,41,0,37" hai1="26,5,68,93,16,86,14,76,30,78,79,55,90" hai2="9,67,12,114,72,7,132,101,103,65,29,34,43" hai3="10,48,42,63,11,133,35,49,108,52,94,23,1"/><U71/><E5/><V60/><F72/><W62/><G35/><T4/><D112/><U8/><REACH who="1" step="1"/><E55/><REACH who="1" ten="280,253,217,240" step="2"/><V125/><F7/><W95/><G1/><T33/><D4/><U113/><E113/><V92/><F114/><W127/><G127/><T84/><D0/><U118/><E118/><V80/><F125/><W73/><G133/><T109/><D116/><U45/><E45/><V87/><F132/><W97/><G108/><T89/><D109/><U128/><E128/><V59/><F67/><W66/><G66/><T39/><D33/><AGARI ba="0,1" hai="8,14,16,26,30,33,68,71,76,78,79,86,90,93" machi="33" ten="40,3900,0" yaku="1,1,54,1,53,0" doraHai="38" doraHaiUra="69" who="1" fromWho="0" sc="280,-39,253,49,217,0,240,0" /><INIT seed="1,1,0,0,2,45" ten="241,302,217,240" oya="1" hai0="0,77,27,126,78,115,93,56,22,39,72,49,20" hai1="4,60,66,127,113,28,40,11,44,96,61,12,91" hai2="112,24,104,48,87,34,43,46,99,109,64,36,79" hai3="111,9,120,103,85,95,134,117,97,26,15,69,33"/><U128/><E113/><V67/><F112/><W132/><G120/><T14/><D115/><U89/><E128/><V83/><F109/><W10/><G111/><T82/><D0/><U51/><E127/><V102/><REACH who="2" step="1"/><F36/><REACH who="2" ten="241,302,207,240" step="2"/><W58/><G117/><T7/><D39/><U80/><E28/><AGARI ba="1,1" hai="24,28,34,43,46,48,64,67,79,83,87,99,102,104" machi="28" ten="40,8000,1" yaku="1,1,2,1,52,1,53,1" doraHai="45" doraHaiUra="73" who="2" fromWho="1" sc="241,0,302,-83,207,93,240,0" /><INIT seed="2,0,0,0,4,131" ten="241,219,300,240" oya="2" hai0="43,100,95,94,108,55,6,121,56,29,52,132,96" hai1="126,69,77,39,113,109,5,81,49,123,48,112,66" hai2="4,98,73,114,25,38,59,84,79,89,18,46,11" hai3="76,110,21,116,30,130,128,12,127,36,40,37,68"/><V60/><F114/><W87/><G116/><T101/><D108/><U99/><E39/><V103/><F38/><W24/><G110/><T67/><D121/><U92/><E109/><V28/><F46/><W93/><G127/><T44/><D132/><U63/><E126/><V54/><F73/><W72/><G68/><T80/><D80/><U31/><E123/><V19/><F79/><W53/><G40/><T58/><D29/><U71/><E71/><V107/><F89/><N who="3" m="53439" /><G53/><T61/><D6/><U102/><E5/><V34/><REACH who="2" step="1"/><F84/><REACH who="2" ten="241,219,290,240" step="2"/><W85/><G72/><T133/><D133/><U86/><REACH who="1" step="1"/><E31/><REACH who="1" ten="241,209,290,240" step="2"/><V120/><F120/><W134/><G37/><T118/><D118/><U26/><E26/><V78/><F78/><W32/><G36/><T135/><D135/><U0/><E0/><AGARI ba="0,2" hai="0,4,11,18,19,25,28,34,54,59,60,98,103,107" machi="0" ten="30,5800,0" yaku="1,1,7,1,53,1" doraHai="131" doraHaiUra="57" who="2" fromWho="1" sc="241,0,209,-58,290,78,240,0" /><INIT seed="2,1,0,1,2,87" ten="241,151,368,240" oya="2" hai0="65,34,56,61,111,35,99,71,51,23,77,73,112" hai1="74,95,7,96,100,43,127,76,109,86,49,125,54" hai2="113,45,75,46,130,78,70,14,102,31,118,60,121" hai3="25,36,119,82,57,84,69,81,22,30,133,101,52"/><V79/><F113/><W103/><G119/><T13/><D112/><U5/><E74/><V21/><F118/><W126/><G133/><T59/><D111/><U123/><E109/><V42/><F121/><W83/><G126/><T106/><D77/><U17/><E123/><V11/><F130/><W124/><G36/><T58/><D73/><U68/><E68/><V26/><F102/><N who="3" m="38923" /><G69/><T24/><D106/><U10/><E17/><V134/><F134/><W91/><G124/><T41/><D13/><U40/><E127/><V62/><F45/><W48/><AGARI ba="1,0" hai="22,25,30,48,52,57,81,82,83,84,91" m="38923" machi="48" ten="30,4000,0" yaku="8,1,52,1,54,1" doraHai="87" who="3" fromWho="3" sc="241,-11,151,-11,368,-21,240,43" /><INIT seed="3,0,0,3,2,36" ten="230,140,347,283" oya="3" hai0="3,48,76,16,49,85,53,46,67,7,102,17,98" hai1="21,126,86,41,56,12,72,13,78,115,27,128,18" hai2="69,62,1,33,24,28,107,111,52,43,105,4,74" hai3="104,92,35,110,113,45,124,32,66,99,23,75,73"/><W11/><G104/><T77/><D3/><U125/><E115/><V61/><F111/><W95/><G113/><T57/><D7/><U9/><E128/><V88/><F74/><W109/><G66/><T59/><D59/><U60/><E72/><V47/><F52/><W130/><G23/><T55/><D67/><U90/><E78/><V6/><F6/><W14/><G130/><T119/><D119/><U29/><E13/><V108/><F88/><W20/><G20/><T54/><D54/><U58/><E126/><V97/><F108/><W118/><G14/><T114/><D114/><U132/><E132/><V70/><F62/><W134/><G134/><T5/><D5/><U96/><E125/><V122/><F122/><W68/><G68/><T133/><D133/><U71/><E71/><V51/><F97/><W112/><G99/><T87/><D77/><U30/><E96/><V129/><F129/><W15/><G124/><T117/><D117/><U42/><E30/><V84/><F84/><W37/><G112/><T0/><D0/><U121/><E121/><V79/><F79/><W103/><G118/><T40/><D55/><U10/><E10/><N who="2" m="2319" /><F70/><W91/><G11/><T50/><D50/><U131/><E131/><V93/><F105/><W101/><G110/><T127/><D127/><U8/><E8/><V19/><F107/><W63/><G109/><T81/><D87/><U44/><E60/><V25/><F61/><W22/><G63/><T123/><D123/><U94/><REACH who="1" step="1"/><E42/><REACH who="1" ten="230,130,347,283" step="2"/><V82/><F69/><W39/><G75/><T83/><D76/><U34/><E34/><RYUUKYOKU ba="0,1" sc="230,-10,130,30,347,-10,283,-10" hai1="9,12,18,21,27,29,41,44,56,58,86,90,94" owari="220,-18.0,160,-34.0,347,44.7,273,7.3" /></mjloggm>