<mjloggm ver="2.3"><GO type="225" lobby="0"/><UN n0="%E5%B8%86%E7%AB%8B%E5%A4%8F%E8%A1%A3" n1="%E6%97%A5%E6%9B%9C%E6%97%A5%E3%82%88%E3%82%8A%E3%81%AE%E4%BD%BF%E8%80%85" n2="%E4%B8%89%E5%88%86%E5%B0%8F%E5%83%A7" n3="%E6%9D%B1%E9%A2%A8%E3%81%AE%E3%81%8D%E3%82%83%E3%81%B7%E3%81%95%E3%82%93" dan="17,16,16,16" rate="2166.51,2167.66,2083.77,2175.54" sx="M,M,M,M"/><TAIKYOKU oya="0"/><INIT seed="0,0,0,5,0,131" ten="250,250,250,250" oya="0" hai0="58,109,62,98,129,120,111,2,89,8,56,95,49" hai1="32,15,33,105,83,51,73,116,64,75,86,48,122" hai2="99,81,60,71,114,130,85,112,24,55,92,113,39" hai3="132,0,21,80,54,40,44,59,66,9,102,108,84"/><T4/><D120/><U74/><E122/><V118/><F130/><W31/><G108/><N who="0" m="41547" /><D129/><U106/><E64/><V25/><F39/><W65/><G132/><T37/><D37/><U70/><E70/><V42/><F42/><W36/><G102/><T94/><D49/><U63/><E63/><V72/><F72/><W5/><G21/><T23/><D23/><U69/><E69/><V22/><F118/><W16/><G31/><T68/><D95/><U30/><E15/><V1/><F1/><W46/><G46/><T115/><D115/><U53/><E116/><V20/><F71/><W45/><G45/><T100/><D100/><U87/><E30/><V82/><F60/><W19/><G66/><AGARI ba="0,0" hai="2,4,8,56,58,62,66,68,89,94,98" m="41547" machi="66" ten="30,2900,0" yaku="14,1,10,1" doraHai="131" who="0" fromWho="3" sc="250,29,250,0,250,0,250,-29" /><INIT seed="0,1,0,3,1,74" ten="279,250,250,221" oya="0" hai0="61,50,19,120,81,71,21,3,15,102,51,116,114" hai1="13,122,25,69,28,92,7,31,132,66,118,10,109" hai2="135,79,83,30,91,48,70,44,101,37,55,93,36" hai3="0,119,130,60,88,49,115,95,86,34,96,98,73"/><T127/><D114/><U82/><E118/><V134/><F70/><W4/><G34/><T26/><D116/><U78/><E122/><V106/><F30/><W45/><G119/><T80/><D120/><U111/><E132/><N who="2" m="50731" /><F101/><W128/><G115/><T22/><D3/><U8/><E92/><V1/><F106/><W16/><G60/><T38/><D38/><U43/><E43/><V6/><F6/><W76/><G4/><T42/><D127/><U107/><E107/><V18/><F18/><W89/><G0/><T23/><D102/><U72/><E69/><V58/><F58/><W64/><G64/><T56/><D71/><U97/><E66/><V77/><F1/><W2/><G2/><T113/><D113/><U123/><E123/><V99/><F83/><N who="0" m="31818" /><D42/><U65/><E65/><V32/><F32/><W131/><G89/><T103/><D103/><U129/><E129/><V62/><F62/><W12/><G73/><T27/><D27/><U9/><E25/><V46/><F46/><W84/><G98/><T125/><D125/><U11/><REACH who="1" step="1"/><E97/><REACH who="1" ten="279,240,250,221" step="2"/><V29/><F29/><AGARI ba="1,1" hai="7,8,9,10,11,13,28,29,31,72,78,82,109,111" machi="29" ten="40,5200,0" yaku="1,1,2,1,52,1,53,0" doraHai="74" doraHaiUra="133" who="1" fromWho="2" sc="279,0,240,65,250,-55,221,0" /><INIT seed="1,0,0,2,4,109" ten="279,305,195,221" oya="1" hai0="108,100,41,32,45,65,0,33,36,119,74,128,14" hai1="24,107,75,98,12,21,31,42,52,9,58,81,115" hai2="104,88,4,46,50,59,35,66,93,38,61,16,76" hai3="29,122,30,51,10,125,134,19,127,120,90,48,25"/><U26/><E115/><V130/><F104/><W53/><G90/><T17/><D119/><U60/><E42/><V123/><F130/><W77/><G77/><T92/><D74/><U84/><E75/><V40/><F35/><W22/><G48/><T89/><D128/><U18/><E107/><V11/><F76/><W131/><G131/><T55/><D108/><U112/><E112/><V13/><F123/><N who="3" m="47147" /><G51/><T83/><D0/><U2/><E98/><V87/><F38/><W91/><G91/><T118/><D118/><U28/><E2/><V64/><F4/><W49/><G134/><T85/><D65/><AGARI ba="0,0" hai="11,13,16,40,46,50,59,61,64,65,66,87,88,93" machi="65" ten="30,7700,0" yaku="7,1,8,1,54,2" doraHai="109" who="2" fromWho="0" sc="279,-77,305,0,195,77,221,0" /><INIT seed="2,0,0,1,3,37" ten="202,305,272,221" oya="2" hai0="103,38,121,61,88,125,82,131,97,3,57,71,52" hai1="56,26,8,117,66,69,119,122,59,132,0,76,112" hai2="7,42,74,118,94,70,78,36,124,54,12,58,111" hai3="21,98,31,49,128,17,81,129,92,50,91,24,33"/><V116/><F70/><W22/><G81/><T41/><D121/><U108/><E76/><V18/><F7/><W104/><G104/><T62/><D3/><U101/><E101/><V120/><F120/><W9/><G9/><T55/><D125/><U133/><E26/><V15/><F124/><W75/><G75/><T106/><D131/><U89/><E122/><V32/><F32/><W60/><G60/><T84/><D71/><U105/><E105/><V64/><F64/><W135/><G135/><N who="1" m="51786" /><E112/><V63/><F74/><W27/><REACH who="3" step="1"/><G33/><REACH who="3" ten="202,305,272,211" step="2"/><T96/><D62/><U53/><E8/><V19/><F63/><W65/><G65/><T47/><REACH who="0" step="1"/><D97/><REACH who="0" ten="192,305,272,211" step="2"/><U13/><E119/><V95/><F118/><W102/><G102/><T100/><D100/><U48/><E117/><V6/><F116/><W39/><G39/><T23/><D23/><U123/><E123/><V1/><F1/><W2/><G2/><T83/><D83/><U25/><E0/><V67/><F67/><AGARI ba="0,2" hai="38,41,47,52,55,57,61,67,82,84,88,96,103,106" machi="67" ten="30,8000,1" yaku="1,1,7,1,52,1,54,2,53,0" doraHai="37" doraHaiUra="44" who="0" fromWho="2" sc="192,100,305,0,272,-80,211,0" /><INIT seed="3,0,0,3,0,73" ten="292,305,192,211" oya="3" hai0="116,45,99,74,38,23,0,53,119,83,102,60,118" hai1="31,79,126,44,78,112,57,56,46,69,120,20,11" hai2="43,16,84,25,96,86,132,122,89,59,94,100,2" hai3="22,58,19,70,75,105,26,80,3,41,131,64,95"/><W129/><G105/><T109/><D109/><U106/><E69/><V110/><F2/><W13/><G3/><T47/><D0/><U72/><E106/><V77/><F110/><W135/><G135/><T37/><D23/><U66/><E72/><V34/><F132/><W65/><G41/><T39/><D83/><U68/><E68/><V67/><F122/><W130/><G70/><T82/><D82/><U107/><E107/><V24/><F43/><W52/><G95/><T30/><D30/><U8/><E126/><V76/><F34/><W14/><G65/><T33/><D74/><U50/><E112/><V115/><F115/><W49/><REACH who="3" step="1"/><G64/><REACH who="3" ten="292,305,192,201" step="2"/><T27/><D118/><U42/><E66/><V54/><F67/><W87/><G87/><T97/><D119/><U40/><E40/><V90/><F86/><W98/><G98/><T134/><D99/><U15/><E42/><V17/><F84/><W123/><G123/><T133/><D116/><U91/><E120/><V128/><F128/><W111/><G111/><T125/><D134/><U6/><E57/><V62/><F100/><W104/><G104/><N who="0" m="63567" /><D133/><U101/><E56/><V81/><F90/><W18/><G18/><N who="2" m="7273" /><F81/><W63/><G63/><T108/><D108/><U92/><E101/><V7/><F7/><W117/><G117/><T93/><D93/><U28/><E92/><V121/><F121/><W124/><G124/><T12/><D125/><U113/><E91/><V35/><F35/><W51/><G51/><T48/><D48/><U9/><E50/><V88/><F89/><W10/><G10/><T127/><D127/><RYUUKYOKU ba="0,1" sc="292,-15,305,-15,192,15,201,15" hai2="24,25,54,59,62,76,77,88,94,96" hai3="13,14,19,22,26,49,52,58,75,80,129,130,131" /><INIT seed="3,1,1,4,5,36" ten="277,290,207,216" oya="3" hai0="1,60,18,93,135,125,94,73,3,22,13,28,21" hai1="111,90,56,9,0,118,72,2,129,26,63,29,54" hai2="38,57,80,46,25,17,76,85,91,49,101,98,126" hai3="71,62,45,44,14,65,79,68,115,84,131,123,59"/><W105/><G105/><T107/><D73/><U4/><E72/><V6/><F126/><W102/><G123/><T31/><D107/><U103/><E103/><V48/><F6/><W113/><G102/><T83/><D135/><U70/><E111/><V86/><F38/><W82/><G131/><T23/><D125/><U108/><E108/><V35/><F57/><W132/><G132/><T20/><D83/><U127/><E127/><V134/><F134/><W109/><G109/><T124/><D124/><U19/><E129/><V114/><F114/><W78/><G78/><T15/><D60/><U128/><E128/><V12/><F35/><W40/><G14/><N who="0" m="9303" /><D94/><U130/><E130/><V47/><F25/><W97/><G97/><T37/><D37/><U58/><E118/><V117/><F117/><W52/><G45/><N who="2" m="16905" /><F98/><W81/><G81/><T121/><D93/><U92/><E70/><V7/><F7/><W104/><G104/><T27/><D121/><U43/><E4/><V100/><F100/><W88/><G79/><T99/><D99/><U61/><E0/><N who="0" m="73" /><D31/><U66/><E29/><V106/><F101/><W116/><G116/><T33/><AGARI ba="1,1" hai="13,15,21,22,23,27,28,33" m="73,9303" machi="33" ten="30,8000,1" yaku="35,5" doraHai="36" who="0" fromWho="0" sc="277,93,290,-21,207,-21,216,-41" owari="370,47.0,269,6.9,186,-21.4,175,-32.5" /></mjloggm>