<mjloggm ver="2.3"><GO type="225" lobby="0"/><UN n0="%E4%B8%8B%E6%AE%B5%E3%83%81%E3%82%A7%E3%83%AA%E3%83%BC" n1="%E2%91%A3%E9%81%BF%E9%81%8A%E6%88%AF%E3%80%90%E6%9D%B1%E5%8D%97%E3%80%91" n2="%E6%A0%B9%E5%85%83%E3%81%8B%E3%82%89%E5%90%B9%E3%81%A3%E9%A3%9B%E3%81%B6" n3="%6D%75%75%6D%75%72%61" dan="16,16,17,17" rate="2147.24,2125.74,2219.62,2119.27" sx="M,M,F,F"/><TAIKYOKU oya="0"/><INIT seed="0,0,0,0,2,38" ten="250,250,250,250" oya="0" hai0="37,117,127,133,134,114,135,98,24,122,27,132,41" hai1="32,20,62,77,87,30,18,23,70,104,28,68,92" hai2="78,8,99,51,123,131,36,72,0,29,94,73,15" hai3="76,84,50,86,64,39,66,100,48,75,31,101,1"/><T52/><N who="0" m="33792" /><DORA hai="54" /><T3/><D117/><U56/><E104/><V115/><F123/><W9/><G39/><T120/><D3/><U11/><E32/><V47/><F36/><W12/><G1/><T53/><D114/><U2/><E70/><V71/><F131/><W17/><G75/><T26/><D127/><U109/><E68/><V93/><F29/><W21/><G31/><T10/><D10/><U33/><E33/><V45/><F78/><W110/><G110/><T97/><D37/><U118/><E109/><V88/><F71/><W69/><G9/><T91/><D41/><U81/><E2/><V40/><F0/><W125/><G125/><T102/><D91/><U35/><E35/><V90/><F47/><W46/><G69/><T129/><D129/><U25/><E11/><V55/><F55/><N who="0" m="21066" /><D97/><U44/><E44/><V5/><F115/><W7/><G46/><T59/><D59/><U43/><E43/><V83/><F83/><N who="3" m="47207" /><G86/><AGARI ba="0,0" hai="5,8,15,40,45,51,72,73,86,88,90,93,94,99" machi="86" ten="30,3900,0" yaku="7,1,52,1,54,1" doraHai="38,54" who="2" fromWho="3" sc="250,0,250,0,250,39,250,-39" /><INIT seed="1,0,0,3,2,134" ten="250,250,289,211" oya="1" hai0="117,66,94,135,78,47,33,99,125,58,64,16,30" hai1="40,120,61,75,29,67,89,108,6,54,132,37,83" hai2="122,20,18,38,31,88,28,106,84,131,63,8,95" hai3="7,49,129,119,44,62,36,115,111,90,80,91,97"/><U100/><E132/><V19/><F122/><W113/><G119/><T32/><D117/><U39/><E120/><V11/><F38/><W55/><G111/><T76/><D135/><U26/><E108/><V21/><F106/><W114/><G129/><T110/><D110/><U72/><E6/><V34/><F34/><W98/><G36/><T5/><D5/><U4/><E4/><V86/><F63/><W112/><N who="3" m="28672" /><DORA hai="93" /><W0/><G62/><T2/><D2/><U13/><E54/><V130/><F95/><W3/><G3/><T10/><D47/><U48/><E13/><V50/><REACH who="2" step="1"/><F88/><REACH who="2" ten="250,250,279,211" step="2"/><W128/><G128/><T52/><D33/><U69/><E39/><V65/><F65/><W15/><G0/><T103/><D66/><U107/><E89/><V82/><F82/><W24/><G24/><T51/><D64/><U1/><E83/><V121/><F121/><W87/><REACH who="3" step="1"/><G90/><REACH who="3" ten="250,250,279,201" step="2"/><T127/><D78/><U109/><E1/><V102/><F102/><W124/><G124/><T92/><D76/><U22/><E109/><V81/><F81/><W73/><G73/><T57/><D125/><U53/><E72/><V25/><F25/><W14/><G14/><N who="0" m="7255" /><D127/><U41/><E75/><V23/><F23/><W77/><G77/><T126/><D126/><U105/><E37/><V133/><F133/><W60/><G60/><T17/><D32/><U118/><E118/><V123/><F123/><W9/><AGARI ba="0,2" hai="7,9,15,44,49,55,80,87,91,97,98" m="28672" machi="9" ten="60,8000,1" yaku="1,1,0,1,52,2,53,0" doraHai="134,93" doraHaiUra="74,12" who="3" fromWho="3" sc="250,-20,250,-40,279,-20,201,100" /><INIT seed="2,0,0,5,2,104" ten="230,210,259,301" oya="2" hai0="126,9,124,48,10,59,79,32,50,4,16,67,110" hai1="2,8,80,56,11,63,53,26,131,41,20,112,43" hai2="129,113,101,97,123,86,6,1,39,114,14,115,68" hai3="25,46,35,47,128,36,92,89,38,31,42,58,33"/><V37/><F123/><W21/><G128/><T82/><D32/><U109/><E131/><V84/><F68/><W51/><G58/><T118/><D118/><U83/><E112/><V71/><F71/><W54/><REACH who="3" step="1"/><G38/><REACH who="3" ten="230,210,259,291" step="2"/><T22/><D59/><U125/><E125/><V117/><F39/><W107/><G107/><T70/><D126/><U7/><E109/><V133/><F37/><W87/><AGARI ba="0,1" hai="21,25,31,33,35,36,42,46,47,51,54,87,89,92" machi="87" ten="20,2700,0" yaku="1,1,0,1,7,1,53,0" doraHai="104" doraHaiUra="95" who="3" fromWho="3" sc="230,-7,210,-7,259,-13,291,37" /><INIT seed="3,0,0,4,0,28" ten="223,203,246,328" oya="3" hai0="11,37,3,62,116,35,106,6,57,47,59,20,25" hai1="103,101,78,63,113,119,108,50,7,105,89,76,45" hai2="66,1,33,98,64,48,102,30,43,69,81,42,82" hai3="46,2,131,4,132,95,97,60,125,109,79,120,87"/><W88/><G120/><T12/><D106/><U34/><E113/><V8/><F1/><W129/><G125/><T56/><D116/><U44/><E119/><V85/><F8/><W24/><G132/><T126/><D126/><U73/><E108/><V121/><F48/><W41/><G109/><T10/><D37/><U16/><E45/><V77/><F81/><W0/><G60/><T127/><D47/><U135/><E135/><V55/><F55/><W23/><G79/><T84/><D84/><U51/><E50/><V99/><F99/><W53/><G53/><T14/><D35/><U90/><E34/><V130/><F66/><W107/><G107/><T128/><D3/><U93/><E7/><V110/><F130/><N who="3" m="49675" /><G87/><T123/><D127/><U91/><E105/><V104/><F121/><W115/><G4/><N who="0" m="3143" /><D123/><U40/><E73/><V114/><F114/><W52/><G52/><N who="0" m="34055" /><D128/><U15/><E63/><N who="2" m="40095" /><F110/><W94/><G115/><T58/><D58/><U92/><E78/><V112/><F112/><W71/><G71/><T5/><D5/><U19/><E76/><V49/><F77/><W80/><G80/><T32/><D32/><U27/><E93/><V124/><F82/><W118/><G94/><T133/><D133/><U67/><E92/><V86/><F124/><W9/><G118/><T134/><D134/><U36/><E36/><V31/><F104/><W22/><G2/><T96/><D96/><U75/><E75/><V29/><F98/><W18/><G0/><T21/><D25/><U39/><E39/><V54/><F33/><W68/><G24/><T13/><D13/><RYUUKYOKU ba="0,0" sc="223,30,203,-10,246,-10,328,-10" hai0="6,11,14,20,21,57,59" owari="253,5.3,193,-30.7,236,-16.4,318,41.8" /></mjloggm>