<mjloggm ver="2.3"><GO type="225" lobby="0"/><UN n0="%72%61%6B%33" n1="%72%69%6F%75%63%68%61%6E" n2="%E3%81%8C%E3%81%9F" n3="%E3%81%B5%E3%81%98%E3%81%8B%E3%81%A4" dan="16,16,17,16" rate="2097.16,2115.80,2146.37,2227.33" sx="M,M,M,M"/><TAIKYOKU oya="0"/><INIT seed="0,0,0,3,3,65" ten="250,250,250,250" oya="0" hai0="47,94,102,91,119,22,49,4,20,113,2,90,21" hai1="122,42,117,104,52,76,126,135,130,127,95,11,123" hai2="61,25,115,27,60,1,14,96,93,53,66,107,75" hai3="35,99,41,84,46,97,128,114,50,118,87,29,103"/><T86/><D113/><U105/><E117/><V110/><F115/><W69/><G118/><T134/><D119/><U40/><E130/><V83/><F1/><W16/><G114/><T120/><D120/><N who="1" m="46123" /><E76/><V68/><F107/><N who="1" m="41033" /><E11/><V74/><F110/><W30/><G128/><T106/><D134/><U92/><E52/><V78/><F75/><W62/><G99/><T89/><D2/><U132/><E40/><V111/><F111/><W124/><G124/><N who="1" m="47658" /><E42/><V28/><F14/><W33/><G30/><T5/><D106/><U3/><E3/><V9/><F9/><W85/><G29/><T81/><D102/><U131/><E131/><V6/><F6/><N who="0" m="2666" /><D81/><U37/><E37/><V133/><F28/><W73/><G73/><T64/><D64/><U36/><E36/><V43/><F43/><AGARI ba="0,0" hai="20,21,22,43,47,49,86,89,90,91,94" m="2666" machi="43" ten="30,1500,0" yaku="8,1" doraHai="65" who="0" fromWho="2" sc="250,15,250,0,250,-15,250,0" /><INIT seed="0,1,0,4,0,75" ten="265,250,235,250" oya="0" hai0="121,120,14,35,36,9,5,20,81,61,62,108,109" hai1="93,22,37,90,1,70,60,69,96,110,59,89,43" hai2="45,32,95,27,114,80,0,88,116,83,73,94,54" hai3="11,63,122,129,71,67,64,126,133,8,26,56,17"/><T24/><D36/><U55/><E110/><N who="0" m="42601" /><D62/><U65/><E1/><V97/><F114/><W3/><G126/><T132/><D61/><U4/><E4/><V100/><F0/><W47/><G133/><T7/><D81/><U106/><E106/><V127/><F127/><W66/><G129/><T51/><D51/><U40/><E37/><V92/><F32/><W68/><G122/><N who="0" m="47211" /><D132/><U2/><E2/><V6/><F6/><W28/><G47/><T128/><D5/><U103/><E69/><V13/><F45/><W86/><G3/><T23/><D128/><U105/><E90/><V91/><F54/><N who="3" m="34199" /><G71/><T30/><AGARI ba="1,0" hai="7,9,14,20,23,24,30,35" m="47211,42601" machi="30" ten="40,12000,1" yaku="14,1,10,1,34,2" doraHai="75" who="0" fromWho="0" sc="265,123,250,-41,235,-41,250,-41" /><INIT seed="0,2,0,4,4,17" ten="388,209,194,209" oya="0" hai0="89,135,114,116,64,61,2,46,85,95,82,28,3" hai1="32,73,57,27,29,40,117,43,112,118,8,104,106" hai2="130,58,14,38,105,109,65,7,21,74,9,97,68" hai3="125,51,126,33,60,25,0,23,115,1,12,91,70"/><T79/><D114/><U129/><E112/><V30/><F38/><W26/><G115/><T63/><D116/><U41/><E73/><V122/><F122/><W69/><G51/><T131/><D131/><U4/><E129/><V111/><F74/><W80/><G80/><T55/><D135/><U5/><E5/><V88/><F68/><W94/><G12/><T39/><D28/><U67/><E67/><V77/><F77/><W62/><G33/><T93/><D93/><U49/><E57/><V24/><F130/><W92/><G91/><T71/><D61/><U107/><REACH who="1" step="1"/><E49/><REACH who="1" ten="388,199,194,209" step="2"/><V110/><F65/><W76/><REACH who="3" step="1"/><G76/><REACH who="3" ten="388,199,194,199" step="2"/><T48/><D39/><U132/><E132/><V134/><F134/><W99/><G99/><AGARI ba="2,2" hai="2,3,46,48,55,63,64,71,79,82,85,89,95,99" machi="99" ten="30,1500,0" yaku="7,1" doraHai="17" who="0" fromWho="3" sc="388,41,199,0,194,0,199,-21" /><INIT seed="0,3,0,5,1,110" ten="429,199,194,178" oya="0" hai0="91,99,7,106,48,128,74,87,47,20,116,108,15" hai1="89,102,32,50,100,71,57,130,86,129,4,61,105" hai2="134,12,96,82,95,3,80,22,55,16,63,112,77" hai3="132,94,122,133,65,97,83,109,107,14,73,46,33"/><T27/><D116/><U35/><E71/><V76/><F3/><W125/><G33/><T36/><D74/><U11/><E50/><V68/><F134/><N who="3" m="51819" /><G65/><T28/><D108/><U53/><E32/><V1/><F1/><W93/><G109/><T42/><D128/><N who="1" m="49259" /><E105/><V90/><F112/><W84/><G46/><T8/><D106/><U113/><E35/><V114/><F114/><W117/><G14/><T31/><D99/><U127/><E127/><V54/><F68/><W2/><G2/><T10/><D10/><U101/><E113/><V25/><F25/><W119/><G125/><T58/><D58/><U81/><E11/><V72/><REACH who="2" step="1"/><F63/><REACH who="2" ten="429,199,184,178" step="2"/><W17/><G122/><T69/><D69/><U44/><E44/><V103/><F103/><N who="3" m="62959" /><G73/><AGARI ba="3,1" hai="12,16,22,54,55,72,73,76,77,80,82,90,95,96" machi="73" ten="30,7700,0" yaku="1,1,7,1,9,1,54,1,53,0" doraHai="110" doraHaiUra="56" who="2" fromWho="3" sc="429,0,199,0,184,96,178,-86" /><INIT seed="1,0,0,4,0,97" ten="429,199,280,92" oya="1" hai0="85,33,88,129,50,80,10,103,79,131,107,27,4" hai1="134,122,125,56,14,90,77,69,3,24,20,101,102" hai2="40,32,21,119,89,51,35,72,42,59,41,110,121" hai3="76,118,29,115,126,120,16,94,98,34,95,123,18"/><U28/><E122/><V86/><F119/><W15/><G115/><T91/><D50/><U113/><E69/><V100/><F110/><W67/><G118/><T23/><D33/><U92/><E113/><V124/><F72/><W6/><G126/><T47/><D47/><U13/><E3/><V63/><F121/><W83/><G67/><T46/><D46/><U99/><E125/><V111/><F111/><W133/><G133/><T73/><D107/><U105/><E134/><V17/><F51/><W60/><G60/><T1/><D103/><N who="1" m="39435" /><E105/><V58/><F100/><W19/><G6/><T87/><D73/><U5/><E77/><V52/><F58/><W71/><G71/><T30/><D79/><U8/><E13/><V11/><F11/><W53/><G15/><T68/><D68/><U117/><E117/><V2/><F2/><W81/><G34/><T128/><D128/><U12/><E12/><V104/><F104/><W61/><G29/><T132/><D132/><U82/><E82/><AGARI ba="0,0" hai="1,4,10,23,27,30,80,82,85,87,88,91,129,131" machi="82" ten="40,2600,0" yaku="9,1,54,1" doraHai="97" who="0" fromWho="1" sc="429,26,199,-26,280,0,92,0" /><INIT seed="2,0,0,0,5,8" ten="455,173,280,92" oya="2" hai0="64,6,37,105,134,35,112,42,9,33,54,17,129" hai1="71,25,24,69,66,94,80,117,90,93,38,78,86" hai2="124,79,3,119,29,53,60,70,12,92,128,101,22" hai3="44,5,75,74,51,113,111,46,13,116,14,68,34"/><V82/><F119/><W120/><G120/><T84/><D105/><U20/><E117/><V83/><F3/><W59/><G116/><T108/><D64/><U114/><E114/><V15/><F128/><W91/><G113/><T50/><D112/><U2/><E38/><V100/><F124/><W65/><G68/><T85/><D42/><U132/><E132/><V109/><F109/><W97/><G34/><T87/><D37/><U40/><E2/><V77/><F70/><W103/><G111/><T131/><D17/><U7/><E7/><V72/><F29/><W49/><G5/><T16/><D16/><U133/><E133/><V127/><F22/><W41/><G91/><T47/><D134/><U106/><E106/><V18/><F18/><W57/><G65/><T126/><D126/><U61/><E40/><V121/><F121/><W98/><REACH who="3" step="1"/><G41/><REACH who="3" ten="455,173,280,82" step="2"/><T32/><D108/><U76/><E71/><V62/><F127/><W115/><G115/><T43/><D43/><U31/><E90/><V135/><F135/><W55/><G55/><T95/><D131/><U130/><E130/><V102/><F53/><W39/><G39/><T81/><D129/><U52/><E52/><V10/><F101/><AGARI ba="0,1" hai="13,14,44,46,49,51,57,59,74,75,97,98,101,103" machi="101" ten="25,8000,1" yaku="1,1,22,2,52,2,53,0" doraHai="8" doraHaiUra="88" who="3" fromWho="2" sc="455,0,173,0,280,-80,82,90" /><INIT seed="3,0,0,2,5,88" ten="455,173,200,172" oya="3" hai0="47,67,127,44,117,10,74,132,100,79,59,39,55" hai1="128,95,111,78,116,60,29,87,66,91,114,68,1" hai2="102,82,90,20,135,107,18,103,80,119,94,5,12" hai3="70,40,37,124,34,63,53,99,35,8,41,30,2"/><W43/><G37/><T112/><D117/><U72/><E114/><V123/><F119/><W15/><G2/><T98/><D112/><U11/><E116/><V16/><F135/><W17/><G124/><T81/><D67/><U71/><E111/><V85/><F123/><W106/><G30/><T121/><D121/><U56/><E128/><V113/><F113/><W24/><G24/><T131/><D39/><U7/><REACH who="1" step="1"/><E29/><REACH who="1" ten="455,163,200,172" step="2"/><V23/><F5/><W118/><G118/><T9/><D131/><U54/><E54/><V52/><F52/><W22/><G53/><T83/><D132/><U73/><E73/><V64/><F64/><W120/><G120/><T57/><D83/><AGARI ba="0,1" hai="1,7,11,56,60,66,68,71,72,78,83,87,91,95" machi="83" ten="40,5200,0" yaku="1,1,52,1,53,1" doraHai="88" doraHaiUra="84" who="1" fromWho="0" sc="455,-52,163,62,200,0,172,0" owari="403,50.3,225,2.5,200,-20.0,172,-32.8" /></mjloggm>