<mjloggm ver="2.3"><GO type="225" lobby="0"/><UN n0="%E3%83%B4%E3%83%A0%EF%BC%99%E3%81%A6" n1="%E3%82%B3%E3%83%90%E3%83%AC%E3%82%A4" n2="%E3%82%BC%E3%83%AB%E3%83%80%E3%81%AE%E4%BC%9D%E8%AA%AC" n3="%70%6E%64%73%6E%67" dan="16,16,18,16" rate="2131.67,2060.79,2200.16,2101.13" sx="M,M,M,M"/><TAIKYOKU oya="0"/><INIT seed="0,0,0,1,3,105" ten="250,250,250,250" oya="0" hai0="53,97,96,73,79,20,78,51,21,26,62,70,69" hai1="12,46,111,103,109,95,47,106,58,66,65,80,86" hai2="28,25,121,57,88,110,93,99,77,130,22,7,59" hai3="14,8,76,120,60,1,112,24,129,123,134,128,89"/><T98/><D78/><U92/><E106/><V42/><F121/><N who="3" m="46667" /><G76/><T61/><D61/><U27/><E27/><V38/><F110/><W43/><G43/><T54/><D54/><U33/><E33/><V94/><F130/><N who="3" m="50283" /><G89/><T10/><D10/><U19/><E103/><V45/><F7/><N who="3" m="1135" /><G60/><T82/><D62/><U127/><E92/><V30/><F30/><W135/><G112/><T41/><D41/><U32/><E95/><V29/><F29/><W4/><G24/><T40/><D40/><U6/><E66/><V84/><REACH who="2" step="1"/><F77/><REACH who="2" ten="250,250,240,250" step="2"/><W13/><G4/><T16/><REACH who="0" step="1"/><D20/><REACH who="0" ten="240,250,240,250" step="2"/><N who="1" m="11367" /><E109/><V85/><F85/><W119/><G119/><T71/><D71/><U102/><E111/><V91/><AGARI ba="0,2" hai="22,25,28,38,42,45,57,59,84,88,91,93,94,99" machi="91" ten="20,8000,1" yaku="1,1,0,1,7,1,54,1,53,1" doraHai="105" doraHaiUra="18" who="2" fromWho="2" sc="240,-40,250,-20,240,100,250,-20" /><INIT seed="1,0,0,5,0,127" ten="200,230,340,230" oya="1" hai0="91,117,130,135,70,64,81,13,71,12,107,114,26" hai1="21,75,129,0,121,49,6,72,79,108,50,95,61" hai2="125,122,83,51,65,86,96,67,41,59,63,124,88" hai3="128,7,102,27,97,110,119,78,20,55,99,73,42"/><U1/><E121/><V45/><F122/><W116/><G110/><T48/><D114/><U33/><E33/><V98/><REACH who="2" step="1"/><F67/><REACH who="2" ten="200,230,330,230" step="2"/><W100/><G116/><T103/><D64/><U19/><E108/><V109/><F109/><W131/><G119/><T3/><D117/><U60/><E129/><V17/><F17/><W77/><G128/><T123/><D130/><U104/><E104/><V47/><F47/><W105/><G131/><T32/><D107/><U34/><E34/><V8/><F8/><W133/><G105/><T24/><D32/><U22/><E19/><V68/><F68/><W15/><G133/><T38/><D135/><U90/><E6/><V4/><F4/><W29/><G7/><T31/><D70/><U35/><E35/><V76/><F76/><W2/><G77/><T14/><D71/><U5/><E5/><V10/><F10/><W28/><G78/><T115/><D123/><U56/><E79/><V69/><F69/><W46/><G2/><T39/><D3/><U36/><E56/><V94/><F94/><W106/><G106/><T112/><D112/><U43/><E95/><V118/><F118/><W74/><G74/><T126/><D115/><U111/><E111/><V9/><F9/><W30/><G73/><T132/><D132/><U23/><E23/><V89/><F89/><W57/><G20/><T84/><D126/><AGARI ba="0,1" hai="41,45,51,59,63,65,83,86,88,96,98,124,125,126" machi="126" ten="40,5200,0" yaku="1,1,18,1,54,1,53,0" doraHai="127" doraHaiUra="101" who="2" fromWho="0" sc="200,-52,230,0,330,62,230,0" /><INIT seed="2,0,0,1,5,15" ten="148,230,392,230" oya="2" hai0="123,63,18,111,68,131,51,20,41,55,75,62,92" hai1="81,107,30,99,35,66,132,116,1,96,54,128,120" hai2="13,38,100,127,90,108,112,4,56,115,46,48,91" hai3="118,97,64,87,50,121,39,31,134,44,82,58,126"/><V40/><F127/><W84/><G118/><T24/><D123/><U42/><E120/><V124/><F124/><W53/><G126/><T59/><D111/><U16/><E1/><V22/><F100/><W125/><G125/><T65/><D131/><U122/><E128/><V114/><F108/><W76/><G134/><T27/><D75/><U14/><E122/><V110/><F110/><W93/><G121/><T19/><D41/><U98/><E132/><V47/><F56/><W129/><G129/><T6/><D6/><U80/><E107/><V33/><F33/><W113/><G113/><T95/><D62/><U21/><E66/><V102/><F102/><W69/><G69/><T103/><D103/><U74/><E74/><V43/><REACH who="2" step="1"/><F4/><REACH who="2" ten="148,230,382,230" step="2"/><W28/><G58/><T130/><D130/><U109/><E109/><V12/><F12/><W101/><G101/><T78/><D78/><U72/><E116/><V49/><F49/><W23/><G39/><T104/><D104/><U34/><E35/><V52/><F52/><W8/><G50/><T85/><D85/><U32/><E32/><V45/><F45/><W26/><G44/><T61/><D51/><U3/><E54/><V117/><F117/><W77/><G53/><T29/><REACH who="0" step="1"/><D27/><REACH who="0" ten="138,230,382,230" step="2"/><U10/><E42/><V5/><F5/><W17/><G84/><T70/><D70/><U7/><E72/><V71/><F71/><W119/><G77/><T89/><D89/><U0/><E3/><V73/><F73/><W57/><G119/><T25/><D25/><AGARI ba="0,2" hai="0,7,10,14,16,21,25,30,34,80,81,96,98,99" machi="25" ten="40,8000,1" yaku="24,2,52,1,54,1" doraHai="15" who="1" fromWho="0" sc="138,-80,230,100,382,0,230,0" /><INIT seed="3,0,0,4,0,76" ten="58,330,382,230" oya="3" hai0="63,32,29,130,84,6,98,56,85,23,80,30,82" hai1="37,46,116,62,41,49,120,117,16,121,64,40,74" hai2="78,27,86,89,59,34,60,51,25,65,94,39,77" hai3="114,38,36,28,69,5,42,124,61,115,70,75,99"/><W50/><G75/><T113/><D32/><U83/><E74/><V2/><F39/><W93/><G28/><T15/><D130/><U110/><E110/><V67/><F2/><W52/><G5/><T134/><D134/><U35/><E35/><V57/><F34/><W133/><G93/><T107/><D107/><U102/><E102/><V123/><F123/><W106/><G106/><T92/><D113/><U54/><E83/><V126/><F126/><W91/><G91/><T96/><D92/><U111/><E16/><V88/><F89/><W31/><G31/><T55/><D6/><U104/><E104/><V22/><F27/><W14/><G14/><T73/><D73/><U105/><E105/><V95/><F95/><W135/><G99/><T125/><D125/><U21/><E21/><V108/><F108/><W112/><G124/><T109/><D109/><U7/><E7/><V119/><F119/><N who="1" m="45641" /><E41/><V132/><F132/><N who="3" m="50763" /><G42/><T53/><D15/><U33/><E33/><V24/><F24/><W9/><G9/><T118/><D118/><U4/><E4/><V10/><F10/><W90/><G90/><T79/><D79/><U8/><E8/><V20/><F20/><W43/><G43/><T19/><D19/><U103/><E103/><V26/><F26/><W58/><G61/><T12/><D12/><U72/><E111/><V68/><F22/><W129/><G129/><T1/><D23/><U66/><E72/><V18/><F25/><W128/><G128/><T48/><D1/><U3/><E3/><V47/><F18/><W87/><G115/><T13/><D13/><RYUUKYOKU ba="0,0" sc="58,0,330,0,382,0,230,0" owari="58,-44.2,330,13.0,382,48.2,230,-17.0" /></mjloggm>