<mjloggm ver="2.3"><GO type="225" lobby="0"/><UN n0="%E5%B8%86%E7%AB%8B%E5%A4%8F%E8%A1%A3" n1="%E6%B4%BE%E9%81%A3%E3%81%AE%E3%82%B8%E3%83%A3%E3%83%83%E3%82%AF" n2="%E3%82%B9%E3%83%AF%E3%82%B8%E3%83%A9%E3%83%B3%E3%83%89%E4%BA%BA" n3="%72%69%6F%75%63%68%61%6E" dan="16,17,16,17" rate="2167.05,2217.60,2091.19,2188.43" sx="M,M,F,M"/><TAIKYOKU oya="0"/><INIT seed="0,0,0,4,5,134" ten="250,250,250,250" oya="0" hai0="116,79,98,130,113,1,104,47,122,81,84,57,94" hai1="80,110,112,10,36,85,73,118,74,91,44,133,14" hai2="20,103,40,128,125,41,37,56,95,39,66,92,108" hai3="61,9,96,0,70,101,90,52,124,19,120,132,76"/><T62/><D1/><U86/><E118/><V51/><F108/><W33/><G124/><T107/><D116/><U99/><E110/><V88/><F125/><W45/><G132/><T131/><D47/><U46/><E133/><V89/><F128/><N who="0" m="49194" /><D57/><U30/><E30/><V43/><F103/><W27/><G120/><T53/><D53/><U114/><E99/><N who="2" m="57735" /><F39/><W50/><G76/><T77/><D62/><U12/><E85/><N who="2" m="52655" /><F37/><W2/><G90/><N who="0" m="51471" /><D122/><U87/><E87/><V15/><F15/><W16/><G33/><T28/><D28/><U48/><E14/><V72/><F72/><W58/><G70/><T63/><D63/><U3/><E3/><V5/><F20/><W109/><G109/><T42/><D42/><U119/><E119/><V22/><F22/><W21/><G9/><T100/><D113/><N who="1" m="43627" /><E36/><V29/><F29/><W127/><G127/><T6/><D6/><N who="1" m="3159" /><E44/><N who="2" m="25991" /><F5/><W13/><G13/><T115/><D115/><U17/><E17/><V126/><F126/><W11/><G19/><T121/><D121/><U93/><E80/><V8/><F8/><W135/><G11/><T60/><D60/><AGARI ba="0,0" hai="41,43,56,60,66" m="25991,52655,57735" machi="60" ten="30,2000,0" yaku="8,1,54,1" doraHai="134" who="2" fromWho="0" sc="250,-20,250,0,250,20,250,0" /><INIT seed="1,0,0,1,1,82" ten="230,250,270,250" oya="1" hai0="23,12,101,61,80,22,7,75,34,28,16,96,123" hai1="33,52,69,81,8,133,135,39,51,74,122,125,11" hai2="124,26,130,132,83,131,56,40,6,95,107,108,119" hai3="103,19,67,0,118,46,32,13,53,109,42,113,37"/><U27/><E122/><V89/><F119/><W77/><G113/><T128/><D128/><N who="2" m="49194" /><F107/><W126/><G0/><T35/><D123/><U78/><E69/><V114/><F108/><W90/><G109/><T100/><D7/><U121/><E39/><V98/><F6/><W55/><G118/><T111/><D111/><U49/><E49/><V68/><F68/><W31/><G126/><T102/><D96/><U45/><E125/><V110/><F110/><W71/><G77/><T86/><D75/><U62/><E62/><V54/><F114/><W94/><G103/><T36/><D36/><U14/><E121/><V70/><F70/><W38/><G38/><T65/><D23/><U21/><E33/><V1/><F1/><W88/><G90/><T29/><D35/><U116/><E116/><V91/><F132/><N who="1" m="50761" /><E14/><V120/><F120/><W112/><G112/><T84/><D34/><U104/><E104/><V127/><F40/><W85/><G67/><T44/><D44/><U17/><AGARI ba="0,0" hai="8,11,17,21,27,45,51,52,74,78,81" m="50761" machi="17" ten="30,3000,0" yaku="20,1,54,1" doraHai="82" who="1" fromWho="1" sc="230,-10,250,30,270,-10,250,-10" /><INIT seed="1,1,0,0,4,33" ten="220,280,260,240" oya="1" hai0="125,112,111,91,101,107,98,88,51,30,12,28,135" hai1="36,72,27,75,11,4,18,16,79,29,120,55,117" hai2="53,6,7,56,131,123,83,102,110,8,2,50,37" hai3="41,93,62,127,76,128,133,84,63,74,87,73,92"/><U19/><E117/><V122/><F110/><W1/><G41/><T64/><D112/><U35/><E120/><V85/><F131/><W96/><G128/><T68/><D111/><U17/><E36/><V116/><F116/><W23/><G23/><T129/><D129/><U115/><E115/><V10/><F102/><N who="3" m="60679" /><G62/><T71/><D135/><U24/><E55/><V65/><F65/><W9/><G63/><T126/><D51/><U59/><E59/><V99/><F99/><W22/><G22/><T3/><D12/><N who="1" m="5223" /><E79/><V118/><F37/><W25/><G25/><T32/><D3/><U114/><E72/><N who="3" m="27754" /><G9/><T134/><D134/><U39/><E75/><V42/><F42/><W52/><G52/><T130/><D130/><U44/><E44/><V105/><F105/><W86/><G1/><T82/><D32/><N who="1" m="20519" /><E39/><V90/><F118/><W95/><G127/><N who="0" m="48651" /><D64/><U48/><E48/><V94/><F94/><N who="3" m="35851" /><G133/><T47/><D47/><U0/><E114/><V31/><F31/><N who="0" m="11818" /><D82/><AGARI ba="1,0" hai="76,82,84,86,87" m="35851,27754,60679" machi="82" ten="30,8000,1" yaku="35,5" doraHai="33" who="3" fromWho="0" sc="220,-83,280,0,260,0,240,83" /><INIT seed="2,0,0,5,2,80" ten="137,280,260,323" oya="2" hai0="79,95,40,104,6,17,78,110,4,96,31,60,71" hai1="2,7,56,58,85,112,111,3,32,55,67,24,83" hai2="101,75,43,64,47,120,38,16,76,130,72,29,21" hai3="54,37,34,108,90,74,117,52,1,59,23,134,131"/><V93/><F120/><W63/><G117/><T135/><D110/><U100/><E112/><V8/><F130/><W22/><G34/><T68/><D135/><U5/><E111/><V133/><F133/><W116/><G116/><T121/><D121/><U13/><E100/><V20/><F64/><W53/><G134/><T39/><D17/><U109/><E109/><V15/><F76/><W9/><G108/><T127/><D127/><U49/><E2/><V103/><F21/><N who="3" m="7691" /><G1/><T125/><D125/><U61/><E3/><V42/><F42/><W129/><G74/><T94/><D40/><U25/><E32/><V123/><F123/><W87/><G37/><T106/><D96/><U88/><REACH who="1" step="1"/><E13/><REACH who="1" ten="137,270,260,323" step="2"/><V86/><F103/><W18/><G131/><T107/><D107/><U30/><E30/><V57/><F57/><W132/><G132/><T73/><D31/><U70/><E70/><V126/><F126/><W66/><G129/><T81/><D73/><U48/><E48/><V91/><REACH who="2" step="1"/><F101/><REACH who="2" ten="137,270,250,323" step="2"/><W44/><G44/><T50/><D50/><U105/><E105/><V0/><F0/><W51/><G51/><T118/><D118/><U19/><E19/><V84/><F84/><W119/><G119/><T77/><D39/><U102/><E102/><V97/><F97/><W65/><G18/><T113/><D113/><U12/><E12/><V115/><F115/><W98/><G98/><T124/><D124/><U69/><E69/><V62/><F62/><W36/><G36/><T33/><D60/><U41/><E41/><V35/><F35/><W114/><G114/><T10/><D33/><RYUUKYOKU ba="0,2" sc="137,-15,270,15,250,15,323,-15" hai1="5,7,24,25,49,55,56,58,61,67,83,85,88" hai2="8,15,16,20,29,38,43,47,72,75,86,91,93" /><INIT seed="2,1,2,3,5,46" ten="122,285,265,308" oya="2" hai0="129,60,111,94,102,47,93,34,115,110,123,8,71" hai1="56,50,62,54,116,6,49,48,109,134,112,12,23" hai2="79,14,69,106,68,118,11,132,64,58,18,119,29" hai3="87,35,21,75,73,78,2,108,17,0,98,83,4"/><V22/><F106/><W24/><G108/><T76/><D34/><U52/><E112/><V61/><F132/><W3/><G35/><T32/><D32/><U107/><E107/><V16/><F29/><W42/><G4/><T121/><D8/><N who="1" m="4119" /><E116/><V27/><REACH who="2" step="1"/><F79/><REACH who="2" ten="122,285,255,308" step="2"/><W100/><REACH who="3" step="1"/><G42/><REACH who="3" ten="122,285,255,298" step="2"/><T114/><D111/><U44/><E109/><V113/><F113/><W92/><AGARI ba="1,4" hai="0,2,3,17,21,24,73,75,78,83,87,92,98,100" machi="92" ten="30,4000,0" yaku="1,1,2,1,0,1,53,0" doraHai="46" doraHaiUra="103" who="3" fromWho="3" sc="122,-11,285,-11,255,-21,298,83" /><INIT seed="3,0,0,0,5,99" ten="111,274,234,381" oya="3" hai0="23,109,121,28,9,110,62,128,119,18,73,97,103" hai1="98,30,5,85,45,79,75,56,3,11,16,63,32" hai2="21,22,135,60,31,129,0,95,7,123,17,6,70" hai3="39,26,101,52,42,105,113,94,61,57,106,29,24"/><W104/><G113/><T13/><D119/><U108/><E108/><V50/><F70/><W111/><G111/><T124/><D73/><U96/><E75/><V80/><F60/><W134/><G134/><T116/><D116/><U81/><E45/><V27/><F50/><W54/><G54/><T83/><D121/><U87/><E87/><V47/><F47/><W53/><G39/><T40/><D128/><U51/><E51/><V12/><F95/><W122/><G42/><T72/><D124/><U74/><E74/><V35/><F80/><W91/><G122/><T125/><D125/><U90/><E79/><V66/><F66/><N who="3" m="39215" /><G24/><T67/><D40/><U14/><E30/><N who="2" m="19935" /><F135/><W41/><G41/><T127/><D83/><U37/><E37/><V20/><F129/><W8/><G8/><T78/><D78/><U46/><E46/><V114/><F114/><W49/><G49/><T100/><D72/><U84/><E84/><V44/><F44/><W112/><G91/><T59/><D127/><U118/><E118/><V77/><F77/><W64/><G64/><T86/><D86/><U71/><E71/><V2/><F123/><W132/><G132/><T65/><D65/><U33/><E85/><V120/><F31/><W115/><G53/><T10/><D10/><U48/><E90/><V15/><F15/><W133/><G52/><T68/><D68/><U1/><E14/><V102/><F120/><W4/><G133/><T19/><D19/><U36/><E36/><V76/><F12/><W92/><G115/><T55/><D55/><U25/><E81/><V131/><F131/><RYUUKYOKU ba="0,0" sc="111,0,274,0,234,0,381,0" owari="111,-38.9,274,7.4,234,-16.6,381,48.1" /></mjloggm>