<mjloggm ver="2.3"><GO type="225" lobby="0"/><UN n0="%E9%A2%A8%E3%81%A7%E9%B3%B4%E3%81%8F" n1="%E9%89%A2%E5%B7%BB%E3%82%AC%E3%83%96" n2="%E5%AF%82%E5%AF%9E%E3%82%AE%E3%83%8D%E3%82%B9%E3%83%93%E3%83%BC%E3%83%AB" n3="%E3%82%B0%E3%83%AA%E3%82%B0%E3%83%AA%E6%A3%92" dan="16,16,16,17" rate="2155.65,2050.39,2155.60,2138.80" sx="M,M,M,M"/><TAIKYOKU oya="0"/><INIT seed="0,0,0,4,3,50" ten="250,250,250,250" oya="0" hai0="93,18,15,13,83,44,51,6,41,26,5,29,71" hai1="2,129,33,53,24,115,21,109,111,118,22,61,102" hai2="122,101,127,123,124,119,57,38,67,130,108,135,52" hai3="116,30,77,132,85,87,98,89,84,39,37,99,16"/><T76/><D71/><U80/><E118/><V49/><F101/><W72/><G116/><T82/><D93/><U75/><E2/><V113/><F119/><W74/><G30/><T103/><D103/><U63/><E129/><V32/><F32/><W23/><G132/><T96/><D96/><U66/><E102/><V117/><F117/><W78/><G89/><T34/><D82/><U45/><E33/><V94/><F94/><W114/><G114/><T10/><REACH who="0" step="1"/><D15/><REACH who="0" ten="240,250,250,250" step="2"/><U3/><E80/><V134/><F113/><W91/><G91/><T8/><D8/><U131/><E115/><V42/><F130/><W100/><G100/><T12/><D12/><U120/><E131/><V55/><F135/><W1/><G98/><T28/><D28/><U48/><E109/><V36/><F134/><W31/><G31/><T27/><D27/><U128/><E111/><V25/><F25/><W4/><G99/><T69/><D69/><U56/><E128/><V126/><F108/><W79/><G85/><AGARI ba="0,1" hai="5,6,10,13,18,26,29,34,41,44,51,76,83,85" machi="85" ten="30,2900,0" yaku="1,1,7,1,53,0" doraHai="50" doraHaiUra="95" who="0" fromWho="3" sc="240,39,250,0,250,0,250,-29" /><INIT seed="0,1,0,0,2,25" ten="279,250,250,221" oya="0" hai0="6,14,130,94,12,4,5,21,93,123,56,107,30" hai1="41,126,61,110,82,65,92,44,52,66,19,59,22" hai2="69,2,86,1,67,34,76,45,49,10,112,119,71" hai3="23,122,135,55,47,64,33,73,74,85,133,9,77"/><T95/><D107/><U87/><E110/><V108/><F112/><W125/><G33/><T17/><D123/><U96/><E126/><V32/><F108/><W60/><G9/><T116/><D116/><U117/><E117/><V103/><F119/><W40/><G55/><T105/><D105/><U46/><E87/><V16/><F103/><W63/><G125/><T0/><D0/><U57/><E82/><V90/><F76/><W80/><G122/><T54/><D130/><U113/><E113/><V75/><F75/><W35/><G35/><T102/><D14/><U128/><E128/><V7/><F1/><W43/><G23/><T37/><D37/><U101/><E41/><N who="3" m="15946" /><G47/><T118/><D118/><U51/><REACH who="1" step="1"/><E65/><REACH who="1" ten="279,240,250,221" step="2"/><V8/><F67/><W68/><G74/><T89/><D102/><U129/><E129/><V100/><F100/><W42/><G73/><T38/><D38/><U20/><E20/><V98/><F34/><W11/><G85/><T31/><REACH who="0" step="1"/><D89/><REACH who="0" ten="269,240,250,221" step="2"/><U72/><E72/><V104/><F90/><W58/><G133/><T36/><D36/><U121/><E121/><V13/><F2/><W27/><G135/><T29/><D29/><U28/><E28/><V84/><F104/><W53/><G77/><T109/><D109/><U134/><E134/><V26/><F98/><W39/><G39/><T91/><D91/><U18/><E18/><V79/><F16/><W78/><G78/><T127/><D127/><U115/><E115/><V106/><F79/><W114/><G114/><T24/><D24/><AGARI ba="1,2" hai="19,22,24,44,46,51,52,57,59,61,66,92,96,101" machi="24" ten="30,8000,1" yaku="1,1,7,1,8,1,54,1,53,1" doraHai="25" doraHaiUra="99" who="1" fromWho="0" sc="269,-83,240,103,250,0,221,0" /><INIT seed="1,0,0,3,5,3" ten="186,343,250,221" oya="1" hai0="63,80,58,7,124,108,61,135,57,51,68,120,71" hai1="125,15,76,9,127,49,70,113,37,98,92,133,114" hai2="50,128,54,43,101,59,13,36,119,99,84,69,130" hai3="116,112,20,65,117,89,95,52,21,8,60,131,48"/><U91/><E70/><N who="0" m="26665" /><D80/><U42/><E37/><V86/><F119/><N who="3" m="45643" /><G112/><T1/><D1/><U102/><E49/><V41/><F69/><N who="3" m="42151" /><G131/><N who="2" m="50217" /><F13/><W32/><G8/><T104/><D104/><U30/><E42/><N who="2" m="15883" /><F36/><W18/><G18/><T110/><D7/><U16/><E30/><V77/><F77/><W107/><G32/><T115/><D115/><U10/><E76/><V19/><F19/><W109/><G109/><N who="0" m="42091" /><D135/><U105/><E9/><V97/><F97/><N who="3" m="57583" /><G107/><AGARI ba="0,0" hai="50,54,59,84,86,99,101,107" m="15883,50217" machi="107" ten="30,1000,0" yaku="19,1" doraHai="3" who="2" fromWho="3" sc="186,0,343,0,250,10,221,-10" /><INIT seed="2,0,0,1,2,16" ten="186,343,260,211" oya="2" hai0="40,8,84,83,55,107,33,18,22,58,127,135,68" hai1="123,5,66,32,47,112,116,111,125,49,100,46,65" hai2="42,113,13,51,119,130,44,105,52,30,74,25,102" hai3="14,133,61,104,95,101,114,29,54,1,35,57,109"/><V117/><F113/><W3/><G114/><T48/><D33/><U24/><E112/><V103/><F74/><W97/><G109/><T50/><D68/><U7/><E116/><V20/><F130/><W96/><G133/><T70/><D70/><U56/><E111/><V76/><F76/><W124/><G124/><T118/><D107/><U90/><E125/><V21/><F105/><W64/><G35/><T10/><D127/><U60/><E100/><N who="2" m="38443" /><F119/><W0/><G29/><T15/><D135/><U28/><E123/><V92/><F92/><W37/><G37/><T121/><D121/><U86/><E65/><V73/><F73/><W89/><REACH who="3" step="1"/><G14/><REACH who="3" ten="186,343,260,201" step="2"/><T106/><D118/><U120/><E28/><N who="2" m="17447" /><F117/><W34/><G34/><T108/><D108/><U23/><E32/><V82/><F82/><W6/><G6/><T31/><D31/><U63/><E5/><V78/><F78/><W45/><G45/><N who="0" m="25639" /><D106/><U131/><E7/><V91/><F91/><AGARI ba="0,1" hai="8,10,15,18,22,50,55,58,83,84,91" m="25639" machi="91" ten="30,2000,0" yaku="8,1,52,1" doraHai="16" who="0" fromWho="2" sc="186,30,343,0,260,-20,201,0" /><INIT seed="3,0,0,5,4,117" ten="216,343,240,201" oya="3" hai0="48,39,135,108,87,24,10,3,6,50,112,95,15" hai1="114,44,59,46,28,99,82,62,130,133,71,111,30" hai2="70,132,38,110,54,37,68,57,102,73,65,19,129" hai3="88,63,134,79,34,60,51,78,126,22,77,93,45"/><W107/><G107/><T120/><D39/><N who="2" m="14858" /><F73/><W98/><G34/><T14/><D120/><U64/><E111/><V56/><F102/><W76/><G134/><T90/><D108/><U0/><E130/><V106/><F19/><W116/><G126/><T118/><D118/><U104/><E114/><V119/><F106/><W86/><G116/><T1/><D135/><U72/><E0/><V128/><F110/><W103/><G22/><T127/><D127/><U13/><E59/><V97/><F97/><W25/><G25/><T109/><D109/><U11/><E46/><V100/><F100/><W124/><G124/><T96/><D112/><U89/><E44/><V55/><F119/><W17/><G17/><T29/><D1/><U23/><E23/><V16/><F16/><W125/><N who="3" m="19456" /><DORA hai="66" /><W52/><REACH who="3" step="1"/><G125/><REACH who="3" ten="216,343,240,191" step="2"/><T21/><D3/><U31/><E133/><V92/><F132/><W113/><G113/><T67/><D15/><U101/><E30/><V20/><F20/><W9/><G9/><T36/><D36/><U32/><E32/><V18/><F18/><W42/><G42/><T74/><D74/><U7/><E72/><V105/><F129/><W123/><G123/><T94/><REACH who="0" step="1"/><D67/><REACH who="0" ten="206,343,240,191" step="2"/><U121/><E121/><V81/><F65/><W4/><G4/><T12/><D12/><U80/><E13/><V33/><F128/><W27/><G27/><T84/><D84/><N who="1" m="50311" /><E7/><V49/><F105/><W91/><G91/><AGARI ba="0,2" hai="6,10,14,21,24,29,48,50,87,90,91,94,95,96" machi="91" ten="30,3900,0" yaku="1,1,7,1,8,1,53,0" doraHai="117,66" doraHaiUra="40,131" who="0" fromWho="3" sc="206,59,343,0,240,0,191,-39" owari="265,6.5,343,44.3,240,-16.0,152,-34.8" /></mjloggm>