<mjloggm ver="2.3"><GO type="225" lobby="0"/><UN n0="%E5%BA%97%E9%95%B7%4D" n1="%E5%B0%8F%E9%B3%A5%E9%81%8A%E7%B7%B4%E7%84%A1%32%31%E6%AD%B3" n2="%73%73%6B%5F%66%72%65%65" n3="%48%61%61%61%6C%61%6E%64" dan="16,16,17,18" rate="2106.27,2143.99,2247.67,2147.44" sx="M,F,M,M"/><TAIKYOKU oya="0"/><INIT seed="0,0,0,1,5,55" ten="250,250,250,250" oya="0" hai0="112,118,76,44,33,1,16,26,133,83,68,90,88" hai1="97,121,17,124,29,75,107,28,56,52,4,47,43" hai2="15,35,3,94,9,125,12,89,84,21,80,130,72" hai3="122,92,42,41,82,81,50,39,63,36,87,103,126"/><T134/><D1/><U34/><E121/><V53/><F130/><W132/><G122/><T6/><D6/><U23/><E124/><V19/><F125/><W86/><G126/><T59/><D68/><U38/><E34/><V91/><F35/><W20/><G132/><N who="0" m="50795" /><D118/><U100/><E75/><V105/><F105/><W8/><G8/><T135/><N who="0" m="50803" /><T110/><DORA hai="37" /><D112/><U113/><E4/><V61/><F3/><W74/><G74/><N who="0" m="43415" /><D110/><U69/><E69/><V70/><F72/><W65/><G82/><T111/><D111/><U78/><E78/><V5/><F70/><W57/><G36/><T60/><D44/><U96/><E96/><V73/><F73/><W64/><G39/><T30/><D16/><U14/><E113/><V117/><F117/><W109/><G109/><T22/><D22/><U58/><E58/><N who="2" m="35023" /><F91/><N who="3" m="53367" /><G20/><T129/><D129/><U114/><REACH who="1" step="1"/><E114/><REACH who="1" ten="250,240,250,250" step="2"/><V49/><F80/><W7/><G81/><T51/><D51/><AGARI ba="0,1" hai="14,17,23,28,29,38,43,47,51,52,56,97,100,107" machi="51" ten="30,12000,2" yaku="1,1,2,1,7,1,52,2,54,1,53,1" doraHai="55,37" doraHaiUra="99,66" who="1" fromWho="0" sc="250,-120,240,130,250,0,250,0" /><AGARI ba="0,0" hai="5,9,12,15,19,21,49,51,84,89,94" m="35023" machi="51" ten="30,2000,0" yaku="8,1,52,1" doraHai="55,37" who="2" fromWho="0" sc="130,-20,370,0,250,20,250,0" /><INIT seed="1,0,0,0,5,125" ten="110,370,270,250" oya="1" hai0="37,16,83,48,38,63,20,24,111,43,119,106,93" hai1="66,127,116,8,4,118,135,99,117,2,114,105,57" hai2="100,78,41,71,120,39,131,12,46,14,89,82,112" hai3="27,96,67,109,110,101,95,1,65,29,103,0,36"/><U122/><E122/><V50/><F120/><W40/><G103/><T115/><D106/><U7/><E114/><V74/><F112/><W55/><G55/><T87/><D119/><U130/><E127/><V80/><F71/><W72/><G72/><T75/><D115/><U128/><E135/><V33/><F33/><W34/><G40/><T59/><D111/><N who="3" m="42505" /><G36/><T9/><D75/><U47/><E47/><V22/><F100/><W54/><G54/><T92/><D38/><U102/><E4/><V121/><F121/><W97/><G97/><T51/><D37/><U13/><REACH who="1" step="1"/><E2/><AGARI ba="0,0" hai="0,1,2,27,29,34,65,67,95,96,101" m="42505" machi="2" ten="30,1000,0" yaku="14,1" doraHai="125" who="3" fromWho="1" sc="110,0,370,-10,270,0,250,10" /><INIT seed="2,0,0,1,0,121" ten="110,360,270,260" oya="2" hai0="127,24,75,64,69,117,48,89,38,53,78,57,50" hai1="106,70,93,67,119,97,12,45,42,133,74,60,130" hai2="73,19,62,123,14,86,122,120,54,61,33,22,66" hai3="32,10,13,91,68,96,25,94,36,35,83,115,59"/><V108/><F73/><W134/><G68/><T109/><D127/><U124/><E119/><V31/><F33/><W28/><G36/><T87/><D117/><U6/><E124/><V100/><F31/><W9/><G134/><T99/><D38/><U71/><E130/><V72/><F72/><W65/><G115/><T81/><D69/><U82/><E133/><V129/><F129/><W3/><G3/><T110/><D64/><U52/><E12/><V43/><F43/><W112/><G112/><T46/><D24/><U16/><E6/><V1/><F1/><W2/><G2/><T84/><D99/><U23/><E106/><V18/><F108/><N who="0" m="41578" /><D89/><N who="1" m="55471" /><E67/><V85/><F100/><W40/><G25/><T113/><D113/><U37/><E82/><V128/><F128/><W104/><G83/><T47/><D47/><U105/><E105/><V17/><F66/><W98/><G104/><T77/><D77/><U30/><E30/><V56/><F123/><W88/><G28/><T55/><AGARI ba="0,0" hai="46,48,50,53,55,57,75,78,81,84,87" m="41578" machi="55" ten="30,7900,0" yaku="14,1,52,3" doraHai="121" who="0" fromWho="0" sc="110,79,360,-20,270,-39,260,-20" /><INIT seed="3,0,0,4,3,121" ten="189,340,231,240" oya="3" hai0="36,86,13,38,60,21,44,118,83,115,82,122,127" hai1="46,24,84,129,120,104,88,114,18,71,111,106,132" hai2="126,97,130,54,25,103,40,63,47,1,116,75,23" hai3="14,125,74,10,52,117,31,105,124,20,16,27,11"/><W72/><G117/><T4/><D118/><U19/><E71/><V66/><F130/><W87/><G105/><T65/><D122/><U110/><E120/><V0/><F126/><N who="3" m="48747" /><G87/><T53/><D127/><U77/><E77/><V89/><F75/><N who="3" m="28715" /><G52/><T5/><D115/><U91/><E129/><V8/><F54/><W29/><G29/><T119/><D119/><U62/><E132/><V73/><F73/><W135/><G135/><T6/><D82/><U70/><E46/><V49/><F89/><N who="1" m="34377" /><E84/><V109/><F116/><W108/><G108/><N who="1" m="41514" /><E114/><V59/><F109/><W99/><G99/><T48/><D86/><U32/><E106/><V113/><F113/><W22/><AGARI ba="0,0" hai="10,11,14,16,20,22,27,31" m="28715,48747" machi="22" ten="30,3000,0" yaku="18,1,54,1" doraHai="121" who="3" fromWho="3" sc="189,-10,340,-10,231,-10,240,30" /><INIT seed="3,1,0,0,5,40" ten="179,330,221,270" oya="3" hai0="134,34,109,86,88,123,127,101,106,94,37,10,87" hai1="50,131,117,71,74,47,41,53,103,33,9,77,91" hai2="115,114,126,119,24,121,23,73,48,3,76,90,54" hai3="19,98,20,49,31,135,7,44,108,26,113,55,84"/><W130/><G113/><T36/><D123/><U97/><E71/><V104/><F119/><W105/><G130/><T11/><D34/><U83/><E131/><V30/><F126/><W89/><G135/><T102/><D127/><U27/><E91/><V0/><F121/><W21/><G7/><T46/><D134/><U63/><E117/><V118/><F104/><W133/><G108/><T99/><D109/><U120/><E9/><V122/><F118/><W17/><G133/><T112/><D112/><U2/><E2/><V8/><F122/><W61/><G61/><T52/><D102/><U12/><E12/><V132/><F132/><W35/><G98/><T66/><D66/><U64/><E41/><V95/><F73/><W79/><G79/><T39/><REACH who="0" step="1"/><D87/><REACH who="0" ten="169,330,221,270" step="2"/><U56/><E120/><V62/><F115/><W78/><G35/><T129/><D129/><U57/><E33/><V125/><F114/><W70/><G84/><T69/><D69/><U38/><E64/><V80/><F125/><W100/><G70/><T1/><D1/><U59/><E103/><V72/><F0/><W81/><G100/><T18/><D18/><U68/><E68/><V124/><F3/><W32/><G17/><T92/><D92/><U96/><E74/><V29/><F124/><W25/><G32/><T13/><D13/><U16/><E16/><V116/><F72/><W93/><G93/><T51/><AGARI ba="1,1" hai="10,11,36,37,39,46,51,52,86,88,94,99,101,106" machi="51" ten="40,8000,1" yaku="1,1,0,1,52,1,54,2,53,0" doraHai="40" doraHaiUra="14" who="0" fromWho="0" sc="169,93,330,-21,221,-21,270,-41" owari="262,6.2,309,40.9,200,-30.0,229,-17.1" /></mjloggm>