<mjloggm ver="2.3"><GO type="225" lobby="0"/><UN n0="%E7%89%B9%E6%9D%B1%E3%81%AF%E4%B8%96%E7%95%8C%E3%82%92%E6%95%91%E3%81%86" n1="%43%68%65" n2="%E6%AF%9B%E8%8D%92%E3%82%8C%E3%83%BB%E3%82%B9%E3%83%9F%E3%82%B9" n3="%E3%81%8B%E3%82%8F%E3%81%A1%E3%82%83%E3%82%93%35%38" dan="16,16,16,16" rate="2140.03,2161.29,2047.86,2185.30" sx="M,M,F,M"/><TAIKYOKU oya="0"/><INIT seed="0,0,0,1,2,3" ten="250,250,250,250" oya="0" hai0="72,13,75,56,39,2,34,7,24,115,22,94,113" hai1="114,85,121,16,106,120,83,89,70,32,102,49,116" hai2="74,58,87,62,99,0,33,69,26,9,127,59,104" hai3="23,128,100,73,12,8,92,71,80,88,98,17,42"/><T1/><D39/><U91/><E70/><V133/><F74/><W50/><G128/><T77/><D94/><U134/><E32/><V63/><F127/><W4/><G71/><T40/><D40/><U135/><E49/><V51/><F133/><N who="1" m="50697" /><E116/><V52/><F69/><W54/><G42/><T28/><D56/><U15/><E114/><N who="0" m="43529" /><D77/><N who="1" m="46319" /><E102/><V76/><F33/><W96/><G73/><T6/><D75/><U48/><E48/><V105/><F26/><W82/><G96/><T126/><D126/><U66/><E66/><V67/><F99/><W29/><G29/><T38/><D38/><U44/><E44/><V46/><F0/><N who="0" m="106" /><D72/><U55/><E55/><V111/><F9/><W112/><G100/><T35/><D35/><U53/><E53/><V103/><F103/><W27/><G112/><T131/><D131/><U20/><E106/><V118/><F118/><W61/><G61/><T14/><D34/><U31/><E31/><V81/><REACH who="2" step="1"/><F111/><REACH who="2" ten="250,250,240,250" step="2"/><W101/><REACH who="3" step="1"/><G101/><REACH who="3" ten="250,250,240,240" step="2"/><T30/><D30/><U47/><E121/><V129/><F129/><W119/><G119/><T117/><D117/><U19/><E120/><V132/><F132/><W123/><G123/><T109/><D109/><U37/><E37/><V5/><F5/><AGARI ba="0,2" hai="5,6,7,13,14,22,24,28" m="106,43529" machi="5" ten="30,12000,1" yaku="34,2,52,3" doraHai="3" who="0" fromWho="2" sc="250,140,250,0,240,-120,240,0" /><INIT seed="0,1,0,0,4,34" ten="390,250,120,240" oya="0" hai0="97,117,128,24,54,32,3,33,96,26,101,19,105" hai1="55,60,80,47,25,4,124,93,58,79,75,85,5" hai2="22,115,28,45,41,7,89,44,57,102,77,109,10" hai3="99,98,130,63,29,73,17,127,68,112,2,52,88"/><T119/><D128/><U0/><E124/><V103/><F109/><W66/><G73/><T37/><D37/><U78/><E0/><V120/><F120/><W67/><G112/><T135/><D135/><U15/><E25/><V133/><F133/><W134/><G134/><T42/><D42/><U49/><E15/><V31/><F115/><W71/><G29/><T59/><D3/><U51/><E51/><V18/><F77/><W92/><G127/><T65/><D65/><N who="3" m="24585" /><G68/><T6/><D6/><N who="1" m="2667" /><E75/><V121/><F121/><W106/><G106/><T90/><D105/><U69/><E69/><V56/><F89/><W1/><G71/><T87/><D90/><N who="1" m="51495" /><E93/><V40/><F7/><W110/><G110/><T39/><D39/><U126/><E126/><V114/><F114/><W27/><G99/><T116/><D19/><U74/><E74/><V107/><F18/><W82/><G82/><T48/><D87/><U94/><E94/><V125/><F107/><W12/><G12/><T30/><D101/><U16/><E16/><V64/><F64/><AGARI ba="1,0" hai="47,49,55,58,60,64,78,79" m="51495,2667" machi="64" ten="30,1000,0" yaku="8,1" doraHai="34" who="1" fromWho="2" sc="390,0,250,13,120,-13,240,0" /><INIT seed="1,0,0,1,1,117" ten="390,263,107,240" oya="1" hai0="106,65,89,0,64,71,84,30,50,25,91,12,63" hai1="134,102,59,79,75,60,43,94,122,68,112,3,45" hai2="118,32,99,121,20,128,105,127,124,67,34,132,54" hai3="83,109,49,125,16,31,52,36,72,87,44,21,120"/><U69/><E112/><V40/><F118/><W95/><G109/><T26/><D0/><U35/><E35/><N who="2" m="13355" /><F67/><W110/><G110/><T51/><D106/><U8/><E134/><V56/><F40/><W113/><G113/><T5/><D64/><U126/><E126/><N who="2" m="48171" /><F105/><W101/><G125/><T130/><D130/><U129/><E129/><V57/><F99/><W108/><G108/><T47/><D30/><U6/><E94/><V38/><F128/><W111/><G111/><T2/><D2/><U77/><E102/><V10/><F38/><W61/><G36/><T66/><D66/><N who="1" m="39199" /><E77/><V13/><F132/><W119/><G119/><T41/><D91/><U70/><E70/><V37/><F37/><W48/><G72/><T15/><D89/><U39/><E69/><V115/><F20/><W86/><G61/><T17/><D84/><U53/><E53/><V28/><F28/><W14/><G31/><T123/><D71/><U74/><E68/><V62/><F115/><W42/><G83/><T133/><D41/><U131/><E131/><V103/><F103/><W85/><G120/><T19/><D65/><U88/><E122/><V107/><F107/><W78/><G78/><T22/><D63/><U7/><E79/><V82/><F82/><W80/><G80/><T73/><D73/><N who="1" m="27659" /><E88/><V9/><F121/><W27/><G101/><T90/><D123/><U58/><E58/><N who="2" m="35159" /><F9/><N who="3" m="6223" /><G95/><T92/><D133/><U24/><E24/><V55/><F55/><W116/><G116/><T100/><D17/><U4/><E39/><V1/><F1/><W97/><G97/><T93/><D100/><RYUUKYOKU ba="0,0" sc="390,-15,263,15,107,15,240,-15" hai1="3,4,6,7,8,43,45" hai2="10,13,56,57" /><INIT seed="1,1,0,0,0,104" ten="375,278,122,225" oya="1" hai0="21,103,63,29,36,87,17,1,52,40,60,27,18" hai1="32,119,23,124,38,83,59,24,117,84,50,9,116" hai2="16,121,108,28,55,112,49,128,56,113,97,58,98" hai3="79,133,130,46,34,107,61,132,118,13,30,6,75"/><U123/><E123/><V22/><F121/><W3/><G107/><T73/><D73/><U12/><E32/><V77/><F108/><W20/><G61/><T90/><D1/><U86/><E38/><V81/><F128/><W66/><G66/><T89/><D103/><U125/><E59/><V10/><F28/><W39/><G20/><T76/><D36/><U33/><E33/><V129/><F129/><W82/><G13/><T94/><D40/><U31/><E50/><V110/><F110/><W7/><G130/><T135/><D76/><U0/><E0/><V99/><F10/><N who="3" m="2399" /><G7/><T127/><D135/><N who="3" m="51785" /><G118/><T102/><D21/><U109/><E109/><V126/><F126/><N who="1" m="48745" /><E83/><V105/><F105/><W48/><G48/><T85/><D63/><U131/><E131/><V92/><F92/><W93/><G93/><T57/><D127/><U122/><E122/><V100/><F100/><W15/><G15/><T80/><D102/><U101/><E101/><V120/><F120/><W14/><G14/><T8/><D60/><U4/><AGARI ba="1,0" hai="4,9,12,23,24,31,84,86,116,117,119" m="48745" machi="4" ten="40,2100,0" yaku="18,1" doraHai="104" who="1" fromWho="1" sc="375,-8,278,24,122,-8,225,-8" /><INIT seed="1,2,0,3,2,100" ten="367,302,114,217" oya="1" hai0="20,124,9,91,44,126,84,125,127,99,16,61,52" hai1="63,33,14,114,24,32,90,67,26,45,22,72,0" hai2="48,108,43,23,1,89,115,21,73,5,58,71,131" hai3="122,85,46,105,41,25,69,57,74,116,4,66,17"/><U47/><E114/><V31/><F71/><W78/><G74/><T82/><D9/><U35/><E0/><V129/><F115/><W77/><G69/><T94/><D127/><U56/><E72/><V134/><F73/><W80/><G122/><T83/><D84/><U40/><E90/><V51/><F134/><W98/><G4/><T12/><D44/><U13/><E47/><V2/><F108/><W120/><G120/><T121/><D121/><U95/><E95/><V128/><F89/><W7/><G7/><T53/><D61/><U112/><E26/><V110/><F110/><W106/><G78/><T60/><D60/><U132/><E132/><V15/><F31/><W38/><G116/><T39/><D39/><U29/><REACH who="1" step="1"/><E112/><REACH who="1" ten="367,292,114,217" step="2"/><V19/><F1/><W8/><G25/><T113/><D113/><U79/><E79/><V135/><F135/><W37/><G77/><T27/><D27/><U123/><E123/><V34/><F2/><W104/><G46/><T111/><D111/><U55/><E55/><AGARI ba="2,1" hai="12,16,20,52,53,55,82,83,91,94,99,124,125,126" machi="55" ten="40,5200,0" yaku="18,1,54,2" doraHai="100" who="0" fromWho="1" sc="367,68,292,-58,114,0,217,0" /><INIT seed="2,0,0,4,1,76" ten="435,234,114,217" oya="2" hai0="61,115,117,116,134,57,86,60,46,35,101,72,9" hai1="78,96,3,97,25,93,124,28,122,108,132,45,5" hai2="59,71,95,131,68,30,77,16,10,85,51,12,56" hai3="40,74,113,1,91,80,81,32,112,14,107,92,66"/><V31/><F131/><W128/><G1/><T105/><D72/><U53/><E108/><V58/><F51/><W79/><G32/><T121/><D35/><U24/><E124/><V42/><F42/><W64/><G107/><T33/><D33/><U69/><E69/><V36/><F36/><W44/><G14/><T39/><D121/><U73/><E132/><V89/><REACH who="2" step="1"/><F77/><REACH who="2" ten="435,234,104,217" step="2"/><N who="3" m="44087" /><G128/><T135/><D39/><U18/><E78/><V63/><F63/><W26/><G40/><T103/><D60/><U54/><E122/><V15/><F15/><W82/><G44/><T127/><D46/><U50/><E45/><V129/><F129/><W22/><G79/><T133/><D61/><U70/><E50/><V0/><F0/><W109/><G109/><T48/><D48/><U130/><E130/><V104/><F104/><W84/><G64/><T20/><D105/><U110/><E110/><V100/><F100/><W43/><G66/><T125/><D103/><U111/><E111/><V98/><F98/><W62/><G62/><T17/><D101/><U126/><E97/><V102/><F102/><W123/><G43/><T114/><D133/><U94/><E96/><V4/><F4/><W38/><G38/><T83/><D135/><U8/><E5/><V52/><F52/><W87/><G123/><T67/><D134/><U65/><E54/><V106/><F106/><W6/><G6/><T99/><D99/><U27/><E53/><V2/><F2/><W119/><G87/><T90/><D67/><U118/><E65/><V23/><F23/><W11/><G84/><T88/><D86/><RYUUKYOKU ba="0,1" sc="435,-10,234,-10,104,30,217,-10" hai2="10,12,16,30,31,56,58,59,68,71,85,89,95" /><INIT seed="2,1,1,1,0,85" ten="425,224,134,207" oya="2" hai0="35,29,110,44,115,42,117,51,106,93,75,109,57" hai1="100,13,105,6,79,123,58,2,30,91,4,133,127" hai2="80,132,21,7,17,130,32,67,129,90,61,89,112" hai3="101,111,78,34,77,113,26,128,16,1,82,63,103"/><V41/><F132/><W94/><G1/><T64/><D106/><U69/><E69/><V108/><F112/><W22/><G113/><T118/><D75/><U66/><E2/><V37/><F32/><W81/><G34/><T43/><D115/><U71/><E71/><V33/><F33/><W95/><G111/><N who="0" m="42507" /><D42/><U25/><E79/><N who="3" m="30218" /><G128/><N who="2" m="49257" /><F108/><W28/><G63/><N who="0" m="37999" /><D93/><N who="3" m="35337" /><G28/><T131/><D131/><U72/><E30/><V52/><F7/><W55/><G55/><T5/><D5/><U124/><E6/><V65/><F17/><W56/><G56/><T3/><D3/><U120/><E58/><V45/><F45/><W74/><BYE who="2" /><G74/><T86/><D86/><U49/><E4/><V135/><F135/><W76/><N who="3" m="30226" /><W84/><DORA hai="48" /><G84/><T97/><D97/><UN n2="%E6%AF%9B%E8%8D%92%E3%82%8C%E3%83%BB%E3%82%B9%E3%83%9F%E3%82%B9" /><U50/><E72/><V38/><F21/><W73/><G73/><T126/><D126/><U47/><E133/><V92/><F80/><AGARI ba="1,1" hai="16,22,26,80,81,82,101,103" m="35337,30226" machi="80" ten="40,2600,0" yaku="8,1,54,1" doraHai="85,48" who="3" fromWho="2" sc="425,0,224,0,134,-29,207,39" /><INIT seed="3,0,0,0,3,42" ten="425,224,105,246" oya="3" hai0="125,80,73,19,28,122,55,15,102,127,43,116,93" hai1="107,25,46,41,100,47,69,39,23,57,118,132,27" hai2="64,3,9,30,131,58,17,95,53,51,130,38,40" hai3="35,24,115,89,21,6,32,20,2,44,128,33,45"/><W65/><G115/><T112/><D112/><U99/><E69/><V14/><F30/><W4/><G65/><T98/><D116/><U126/><E118/><V71/><F3/><W16/><G128/><T49/><D28/><U7/><E132/><V114/><F114/><W84/><G21/><T13/><D43/><U87/><E126/><N who="0" m="48137" /><D122/><U133/><E133/><V5/><F5/><W11/><REACH who="3" step="1"/><G4/><REACH who="3" ten="425,224,105,236" step="2"/><T52/><D19/><U62/><E7/><V22/><F22/><W72/><G72/><T59/><D55/><U70/><E23/><V26/><F26/><W97/><G97/><T88/><D73/><U48/><E27/><V124/><F124/><W85/><G85/><AGARI ba="0,1" hai="13,15,49,52,59,80,85,88,93,98,102" m="48137" machi="85" ten="30,3900,0" yaku="18,1,54,2" doraHai="42" who="0" fromWho="3" sc="425,49,224,0,105,0,236,-39" owari="474,57.4,224,2.4,105,-39.5,197,-20.3" /></mjloggm>