<mjloggm ver="2.3"><GO type="225" lobby="0"/><UN n0="%E9%80%86%E9%80%A3%E5%B8%AF%E3%81%AE%E9%AC%BC" n1="%E4%BA%95%E5%B8%AF" n2="%72%65%6E%6B%75%6E" n3="%E6%B8%A9%E2%98%85%E6%83%85%E2%98%85%E6%8E%AA%E2%98%85%E7%BD%AE" dan="16,16,17,17" rate="2129.34,2053.13,2225.20,2226.01" sx="M,M,M,M"/><TAIKYOKU oya="0"/><INIT seed="0,0,0,2,4,16" ten="250,250,250,250" oya="0" hai0="103,127,9,122,23,45,101,26,5,116,65,3,37" hai1="71,15,6,107,110,14,78,53,31,77,49,46,89" hai2="115,108,60,82,27,126,12,38,4,80,84,119,64" hai3="62,120,24,29,19,7,67,128,125,88,57,40,25"/><T58/><D116/><U81/><E110/><V47/><F38/><W41/><G128/><T0/><D122/><U86/><E107/><V8/><F115/><W91/><G120/><T70/><D70/><U100/><E71/><V90/><F108/><W59/><G125/><T43/><D127/><U54/><E100/><V97/><F126/><W48/><G7/><T21/><D0/><U73/><E73/><V87/><F119/><W135/><G135/><T102/><REACH who="0" step="1"/><D26/><REACH who="0" ten="240,250,250,250" step="2"/><U10/><E31/><V68/><F27/><W52/><G25/><T113/><D113/><U85/><E85/><V51/><F97/><W18/><G18/><T72/><D72/><U111/><E111/><V74/><F74/><W98/><G19/><T28/><D28/><U44/><REACH who="1" step="1"/><E15/><REACH who="1" ten="240,240,250,250" step="2"/><V66/><F87/><W55/><G98/><T112/><D112/><U30/><E30/><V132/><F132/><W99/><G99/><T42/><D42/><U69/><E69/><V121/><F121/><W106/><G41/><T22/><D22/><U131/><E131/><V96/><F96/><W34/><G40/><T11/><D11/><U17/><E17/><V94/><F12/><W130/><G130/><T33/><D33/><U13/><E13/><V50/><F8/><W118/><G118/><T123/><D123/><U2/><E2/><V56/><F68/><W95/><G106/><T61/><AGARI ba="0,2" hai="3,5,9,21,23,37,43,45,58,61,65,101,102,103" machi="61" ten="30,12000,1" yaku="1,1,0,1,52,2,53,1" doraHai="16" doraHaiUra="63" who="0" fromWho="0" sc="240,140,240,-40,250,-40,250,-40" /><INIT seed="0,1,0,0,3,20" ten="380,200,210,210" oya="0" hai0="26,68,115,121,96,36,55,42,106,130,22,37,123" hai1="50,27,85,82,131,29,0,60,48,14,64,34,88" hai2="59,65,28,38,43,107,21,47,124,72,8,80,113" hai3="100,73,119,58,15,24,108,4,2,129,81,17,7"/><T6/><D115/><U1/><E131/><V93/><F107/><W90/><G119/><T13/><D130/><U30/><E14/><V75/><F113/><W3/><G129/><T101/><D68/><U84/><E29/><V69/><F69/><W78/><G108/><T102/><D102/><U70/><REACH who="1" step="1"/><E84/><REACH who="1" ten="380,190,210,210" step="2"/><V114/><F114/><W104/><G15/><T110/><D110/><U18/><E18/><V62/><F124/><W74/><G17/><T33/><D13/><U98/><E98/><V79/><F8/><W53/><G74/><T56/><D96/><U11/><E11/><V76/><F75/><W19/><G2/><AGARI ba="1,1" hai="0,1,2,27,30,34,48,50,60,64,70,82,85,88" machi="2" ten="40,5200,0" yaku="1,1,52,1,54,1,53,0" doraHai="20" doraHaiUra="16" who="1" fromWho="3" sc="380,0,190,65,210,0,210,-55" /><INIT seed="1,0,0,4,0,112" ten="380,255,210,155" oya="1" hai0="38,8,109,1,119,10,130,110,17,91,45,46,73" hai1="52,53,93,105,9,125,98,120,104,54,22,76,42" hai2="123,121,129,132,96,26,5,41,66,88,83,72,11" hai3="62,32,127,131,18,43,16,33,71,30,92,37,19"/><U63/><E120/><V44/><F132/><W50/><G131/><T118/><D73/><U13/><E125/><V81/><F129/><W90/><G127/><T95/><D130/><U102/><E42/><V20/><F66/><W29/><G37/><T111/><D17/><U97/><E63/><V74/><F74/><W15/><G15/><T79/><D79/><U34/><E34/><V75/><F75/><W114/><G114/><T24/><D24/><U48/><E76/><V117/><F117/><N who="0" m="44554" /><D1/><U6/><E22/><V128/><F81/><W2/><G2/><T7/><D38/><U65/><E65/><V61/><F61/><W116/><G116/><T56/><D56/><U49/><REACH who="1" step="1"/><E105/><REACH who="1" ten="380,245,210,155" step="2"/><V70/><F70/><W58/><G71/><T124/><D124/><U78/><E78/><V4/><F128/><W107/><G107/><T69/><D69/><U23/><E23/><V21/><F21/><W28/><G43/><T55/><D55/><U115/><E115/><V133/><F123/><W39/><G39/><T134/><D134/><U14/><E14/><V27/><F121/><W40/><G40/><T85/><D10/><U87/><E87/><N who="2" m="50303" /><F72/><W108/><G50/><T31/><D31/><U0/><E0/><V126/><F126/><W86/><REACH who="3" step="1"/><G108/><REACH who="3" ten="380,245,210,145" step="2"/><T47/><D111/><U35/><E35/><V99/><F133/><W36/><G36/><T103/><D110/><U77/><E77/><V12/><F41/><W60/><G60/><T25/><D109/><U51/><E51/><V89/><F12/><W113/><G113/><T3/><D3/><U106/><E106/><RYUUKYOKU ba="0,2" sc="380,-15,245,15,210,-15,145,15" hai1="6,9,13,48,49,52,53,54,93,97,98,102,104" hai3="16,18,19,28,29,30,32,33,58,62,86,90,92" /><INIT seed="1,1,2,3,2,22" ten="365,260,195,160" oya="1" hai0="42,8,86,46,84,127,90,12,29,19,37,110,16" hai1="25,0,62,45,44,28,114,36,112,122,124,32,82" hai2="63,41,73,9,107,102,104,130,20,55,21,26,108" hai3="100,89,14,80,113,34,10,54,6,94,59,43,1"/><U70/><E122/><V72/><F108/><W2/><G113/><T121/><D121/><U56/><E124/><V96/><F130/><W134/><G134/><T83/><D110/><U92/><E92/><V117/><F117/><W64/><G34/><T87/><D127/><U81/><E0/><V57/><F107/><W116/><G116/><T109/><D109/><U67/><E56/><V60/><F41/><W4/><G43/><T78/><D29/><U61/><E61/><V75/><F9/><W17/><G64/><T23/><REACH who="0" step="1"/><D78/><REACH who="0" ten="355,260,195,160" step="2"/><U98/><E114/><V74/><N who="2" m="18432" /><DORA hai="51" /><V91/><F91/><W106/><G100/><T52/><D52/><U50/><E28/><V27/><REACH who="2" step="1"/><F60/><REACH who="2" ten="355,260,185,160" step="2"/><W129/><G129/><T39/><D39/><U47/><E62/><V85/><F85/><W119/><G89/><T68/><D68/><U15/><E36/><V48/><F48/><W65/><G119/><T13/><AGARI ba="1,4" hai="8,12,13,16,19,23,37,42,46,83,84,86,87,90" machi="13" ten="20,5200,0" yaku="1,1,0,1,7,1,54,1,53,0" doraHai="22,51" doraHaiUra="135,93" who="0" fromWho="0" sc="355,95,260,-27,185,-14,160,-14" /><INIT seed="2,0,0,2,4,99" ten="450,233,171,146" oya="2" hai0="123,124,19,105,89,91,32,50,26,104,117,62,119" hai1="66,21,98,14,34,59,13,63,9,110,70,120,127" hai2="126,75,2,134,24,69,10,35,100,96,57,103,122" hai3="11,97,7,128,108,88,5,78,114,4,93,47,28"/><V23/><F69/><W25/><G108/><T15/><D123/><U30/><E110/><V46/><F75/><W109/><G109/><T81/><D124/><U101/><E127/><V116/><F126/><W82/><G128/><T56/><D50/><U112/><E112/><V51/><F116/><W115/><G47/><T0/><D0/><U37/><E37/><V17/><F122/><W20/><REACH who="3" step="1"/><G11/><REACH who="3" ten="450,233,171,136" step="2"/><T42/><D119/><U90/><E9/><V3/><F134/><W33/><G33/><T41/><D32/><U130/><E34/><V40/><F35/><W53/><G53/><T95/><D117/><U73/><E130/><V64/><F10/><W87/><AGARI ba="0,1" hai="4,5,7,20,25,28,78,82,87,88,93,97,114,115" machi="87" ten="30,4000,0" yaku="1,1,0,1,54,1,53,0" doraHai="99" doraHaiUra="107" who="3" fromWho="3" sc="450,-10,233,-10,171,-20,136,50" /><INIT seed="3,0,0,4,5,51" ten="440,223,151,186" oya="3" hai0="102,129,53,8,121,5,75,85,30,124,48,80,45" hai1="21,128,11,6,119,88,50,110,40,10,114,67,95" hai2="43,68,78,105,36,1,35,31,55,64,28,77,52" hai3="132,96,93,125,90,104,34,108,94,120,25,46,100"/><W47/><G120/><T109/><D129/><U82/><E114/><V20/><F1/><W113/><G113/><T60/><D109/><U0/><E110/><V14/><F105/><W133/><G108/><T99/><D124/><U69/><E128/><V127/><F127/><W97/><G125/><T32/><D75/><U79/><E119/><V118/><F118/><W135/><REACH who="3" step="1"/><G104/><REACH who="3" ten="440,223,151,176" step="2"/><T18/><D121/><U2/><E2/><V19/><F36/><W122/><G122/><T54/><D32/><U7/><E0/><V16/><F35/><W111/><G111/><T44/><D30/><AGARI ba="0,1" hai="25,30,34,46,47,90,93,94,96,97,100,132,133,135" machi="30" ten="40,3900,0" yaku="1,1,20,1,53,0" doraHai="51" doraHaiUra="58" who="3" fromWho="0" sc="440,-39,223,0,151,0,176,49" /><INIT seed="3,1,0,3,3,84" ten="401,223,151,225" oya="3" hai0="121,99,68,130,23,5,57,124,49,88,42,96,47" hai1="69,111,61,11,0,8,50,101,81,78,27,128,134" hai2="106,65,16,17,107,120,6,91,90,83,20,53,123" hai3="131,93,87,82,118,37,119,122,3,72,132,4,9"/><W46/><G122/><N who="2" m="46633" /><F6/><W59/><G132/><T89/><D130/><U110/><E134/><V62/><F53/><W45/><G131/><T58/><D124/><U94/><E128/><V73/><F73/><W34/><G34/><T112/><D68/><U43/><E27/><N who="2" m="14727" /><F17/><W1/><G1/><T70/><D70/><U115/><E115/><V32/><F32/><W15/><G3/><T41/><D112/><U10/><E0/><V97/><F83/><W33/><G33/><T135/><D5/><U39/><E39/><V54/><F54/><W30/><G37/><T126/><D135/><U31/><E31/><V55/><F55/><W76/><G30/><T114/><D126/><U26/><E26/><V129/><F129/><W12/><G12/><T28/><D114/><U64/><E43/><V13/><F13/><W103/><G72/><T60/><D42/><U104/><E50/><V51/><F51/><W67/><G119/><T21/><D121/><U38/><E38/><V117/><F117/><W133/><G118/><T113/><D113/><U92/><E81/><V77/><F77/><W98/><G133/><T79/><D79/><U18/><E78/><V125/><F125/><W44/><G44/><T102/><D58/><U48/><E18/><V14/><F14/><W75/><G75/><T66/><D99/><N who="1" m="61503" /><E48/><V116/><F116/><W100/><G46/><T127/><D127/><U2/><E2/><V109/><F109/><AGARI ba="1,0" hai="8,10,11,61,64,69,92,94,109,110,111" m="61503" machi="109" ten="30,1000,0" yaku="14,1" doraHai="84" who="1" fromWho="2" sc="401,0,223,13,151,-13,225,0" owari="401,50.1,236,3.6,138,-36.2,225,-17.5" /></mjloggm>