<mjloggm ver="2.3"><GO type="225" lobby="0"/><UN n0="%E8%83%83%E3%81%A8%E8%85%B8" n1="%6D%75%75%73%61%6E%6D%75" n2="%4C%4F%4C%49%54%41" n3="%E3%81%BF%E3%81%BF%E3%81%9A" dan="17,16,16,17" rate="2174.98,2104.50,2151.79,2263.09" sx="M,F,F,M"/><TAIKYOKU oya="0"/><INIT seed="0,0,0,5,3,14" ten="250,250,250,250" oya="0" hai0="85,55,118,54,83,10,7,129,128,80,90,48,99" hai1="76,32,92,18,125,81,104,20,34,19,88,3,119" hai2="124,6,116,82,37,115,16,130,98,131,132,1,57" hai3="58,46,21,43,42,63,28,22,52,25,74,47,108"/><T29/><D118/><U100/><E119/><V73/><F115/><W109/><G74/><T61/><D29/><U75/><E3/><V65/><F116/><W41/><REACH who="3" step="1"/><G21/><REACH who="3" ten="250,250,250,240" step="2"/><T77/><D129/><U40/><E34/><V26/><F73/><W51/><G51/><T0/><D128/><U107/><E32/><V13/><F131/><W50/><G50/><T11/><D48/><U91/><E20/><V36/><F130/><W23/><G23/><T38/><D38/><U33/><E33/><V89/><F37/><W72/><G72/><T126/><D126/><U117/><E125/><V135/><F36/><W101/><G101/><T31/><D31/><U106/><E117/><V70/><F124/><W113/><G113/><T53/><D11/><U78/><E40/><V68/><F132/><W71/><G71/><T30/><D30/><U102/><E78/><V8/><F68/><W120/><G120/><T93/><REACH who="0" step="1"/><D80/><REACH who="0" ten="240,250,250,240" step="2"/><U66/><E81/><V114/><F82/><W67/><G67/><T4/><D4/><U121/><E66/><V133/><F65/><W122/><G122/><T5/><D5/><U105/><E121/><V97/><F6/><W112/><G112/><T39/><D39/><U60/><E19/><V49/><F114/><W127/><G127/><T35/><D35/><U24/><E18/><V2/><F16/><W62/><G62/><AGARI ba="0,2" hai="0,7,10,53,54,55,61,62,77,83,85,90,93,99" machi="62" ten="40,2000,0" yaku="1,1,53,0" doraHai="14" doraHaiUra="96" who="0" fromWho="3" sc="240,40,250,0,250,0,240,-20" /><INIT seed="0,1,0,1,0,124" ten="280,250,250,220" oya="0" hai0="132,88,71,115,46,83,121,28,37,103,134,101,51" hai1="131,35,45,54,80,25,123,10,74,107,108,17,19" hai2="94,21,116,9,135,78,84,40,43,55,100,23,44" hai3="126,128,118,81,6,85,1,106,96,110,61,114,69"/><T92/><D115/><U22/><E123/><V91/><F135/><N who="0" m="51754" /><D121/><U62/><E107/><V52/><F116/><W42/><G114/><T130/><D71/><U120/><E120/><V15/><F100/><W86/><G118/><T64/><D64/><U50/><E108/><V5/><F78/><W8/><G126/><T36/><D83/><U105/><E105/><V77/><F77/><W13/><G110/><T102/><D28/><U33/><E74/><V38/><REACH who="2" step="1"/><F43/><REACH who="2" ten="280,250,240,220" step="2"/><W125/><G125/><T63/><D101/><U11/><E35/><V47/><F47/><W127/><G42/><N who="0" m="25047" /><D102/><U70/><E33/><V89/><F89/><W76/><G127/><T41/><D103/><U27/><E45/><V4/><F4/><W53/><G106/><T32/><D32/><U93/><E70/><V65/><F65/><W30/><G69/><T7/><D7/><U29/><E29/><V90/><F90/><W79/><G30/><T16/><D41/><U34/><E34/><V73/><F73/><W99/><G1/><T14/><D88/><U2/><E2/><V112/><F112/><W56/><G128/><T12/><D16/><U119/><E131/><V0/><F0/><W113/><G113/><T72/><D72/><U58/><E19/><V122/><F122/><W48/><G61/><T87/><D87/><U75/><E119/><V20/><AGARI ba="1,1" hai="5,9,15,20,21,23,38,40,44,52,55,84,91,94" machi="20" ten="30,12000,2" yaku="1,1,0,1,54,1,53,3" doraHai="124" doraHaiUra="18" who="2" fromWho="2" sc="280,-61,250,-31,240,133,220,-31" /><INIT seed="1,0,0,2,3,31" ten="219,219,373,189" oya="1" hai0="96,19,8,81,121,46,35,15,21,53,117,84,111" hai1="61,95,124,104,120,87,54,55,71,64,63,99,79" hai2="29,118,24,42,57,126,49,40,106,16,60,89,100" hai3="36,109,93,25,98,52,43,108,132,58,119,72,14"/><U76/><E120/><V62/><F118/><W110/><G119/><T133/><D117/><U66/><E124/><V68/><F126/><W34/><G72/><T122/><D111/><N who="3" m="28417" /><W32/><DORA hai="20" /><G132/><T13/><D133/><U27/><E104/><V107/><F107/><W11/><G25/><T38/><D96/><U3/><E3/><V12/><F89/><N who="3" m="55599" /><G43/><T75/><D75/><U33/><E87/><V129/><F24/><W41/><G41/><T47/><D122/><U39/><E39/><V135/><F42/><W28/><G28/><T123/><D38/><U91/><E79/><V7/><F29/><W86/><G86/><T37/><D37/><U23/><E76/><V9/><F40/><W70/><G70/><T78/><D123/><U103/><E33/><V6/><F68/><W73/><G73/><T44/><D121/><U2/><E2/><V114/><F106/><W102/><G102/><T125/><D125/><U94/><E103/><V105/><F135/><W85/><G85/><T51/><REACH who="0" step="1"/><D35/><REACH who="0" ten="209,219,373,189" step="2"/><U128/><E99/><V97/><F97/><W4/><G36/><T101/><D101/><U130/><E130/><V17/><F129/><W56/><G56/><T0/><D0/><U92/><E128/><V48/><F100/><W69/><G69/><T50/><D50/><AGARI ba="0,1" hai="4,11,14,32,34,50,52,58" m="55599,28417" machi="50" ten="40,8000,1" yaku="14,1,52,2,54,1" doraHai="31,20" who="3" fromWho="0" sc="209,-80,219,0,373,0,189,90" /><INIT seed="2,0,0,4,2,126" ten="129,219,373,279" oya="2" hai0="39,125,107,8,57,60,133,129,76,77,4,42,33" hai1="91,103,117,127,30,110,47,54,56,10,130,70,112" hai2="12,67,24,68,1,96,49,72,135,44,16,124,111" hai3="118,81,101,64,62,5,106,3,115,45,29,14,89"/><V46/><F72/><W36/><G118/><T20/><D33/><U17/><E70/><V131/><F1/><W28/><G3/><T11/><D107/><U128/><E117/><V100/><F124/><W104/><G115/><T90/><D125/><U65/><E127/><V53/><F135/><W114/><G114/><T79/><D133/><U94/><E112/><V7/><F131/><N who="1" m="50217" /><E110/><V66/><F68/><W105/><G101/><T34/><D34/><U116/><E116/><V97/><F7/><W109/><G109/><T69/><D69/><U19/><E103/><V6/><F6/><W93/><G81/><T9/><D129/><U123/><E123/><V51/><F24/><W113/><G14/><T134/><D134/><U38/><E30/><V86/><F100/><W23/><G5/><T40/><D4/><U74/><E74/><V22/><F111/><W92/><G113/><T27/><D90/><U41/><E65/><V71/><F67/><W87/><G29/><N who="0" m="17639" /><D39/><U99/><E10/><N who="0" m="2561" /><T121/><DORA hai="0" /><D121/><U88/><E91/><V2/><F71/><W119/><G119/><T37/><D37/><U21/><E21/><V80/><F22/><W26/><G36/><T95/><D95/><U98/><E98/><V63/><F96/><W58/><G92/><T102/><D102/><U132/><E132/><V73/><F97/><W75/><G75/><T78/><N who="0" m="19456" /><DORA hai="35" /><T61/><D61/><AGARI ba="0,0" hai="17,19,38,41,47,54,56,61,88,94,99" m="50217" machi="61" ten="30,8000,1" yaku="19,1,52,3,54,1" doraHai="126,0,35" who="1" fromWho="0" sc="129,-80,219,80,373,0,279,0" /><INIT seed="3,0,0,3,0,93" ten="49,299,373,279" oya="3" hai0="83,68,39,21,101,19,74,14,54,49,123,121,48" hai1="42,98,60,17,96,61,62,130,23,1,134,100,90" hai2="103,75,13,3,70,25,0,127,76,63,9,29,112" hai3="12,16,8,119,85,38,18,135,124,116,57,114,50"/><W66/><G114/><T26/><D39/><U129/><E1/><V131/><F112/><W87/><G38/><T78/><D68/><U79/><E134/><V102/><F102/><W128/><G135/><T56/><D26/><N who="1" m="14703" /><E100/><V6/><F127/><W20/><G124/><T65/><D65/><U43/><E79/><V27/><F27/><W52/><G128/><N who="1" m="49258" /><E90/><V58/><F70/><W10/><G66/><T40/><D40/><AGARI ba="0,0" hai="40,42,43,60,61,62,96,98" m="49258,14703" machi="40" ten="30,3900,0" yaku="19,1,52,2" doraHai="93" who="1" fromWho="0" sc="49,-39,299,39,373,0,279,0" owari="10,-49.0,338,13.8,373,47.3,279,-12.1" /></mjloggm>