<mjloggm ver="2.3"><GO type="225" lobby="0"/><UN n0="%73%73%6B%5F%66%72%65%65" n1="%72%65%6E%6B%75%6E" n2="%E3%81%86%E3%81%A9%E3%82%93%E3%81%93" n3="%E3%81%BE%E3%81%A8%E3%81%9F" dan="16,17,16,16" rate="2089.69,2207.81,2138.72,2157.39" sx="M,M,M,M"/><TAIKYOKU oya="0"/><INIT seed="0,0,0,4,2,92" ten="250,250,250,250" oya="0" hai0="24,52,42,127,6,1,40,106,84,56,128,119,20" hai1="53,67,31,55,104,105,94,2,73,107,47,100,34" hai2="21,134,70,109,33,66,102,22,50,12,62,132,43" hai3="38,87,89,76,96,131,44,74,108,91,41,0,14"/><T63/><D119/><U58/><E2/><V17/><F33/><W112/><G112/><T65/><D128/><U114/><E73/><V79/><F109/><W135/><G0/><T90/><D127/><U49/><E114/><V19/><F79/><W82/><G108/><T124/><D106/><U93/><E67/><V85/><F85/><W54/><G135/><N who="2" m="51753" /><F102/><W51/><G131/><T60/><D124/><U10/><E100/><V48/><F43/><W11/><G74/><T110/><D6/><U133/><E133/><V75/><F75/><W9/><G9/><T57/><D1/><U80/><E80/><V103/><F103/><W32/><G32/><T101/><D101/><U59/><E10/><V7/><F7/><W35/><G35/><T115/><D115/><U68/><E68/><V25/><AGARI ba="0,0" hai="12,17,19,21,22,25,48,50,62,66,70" m="51753" machi="25" ten="30,1100,0" yaku="20,1" doraHai="92" who="2" fromWho="2" sc="250,-5,250,-3,250,11,250,-3" /><INIT seed="1,0,0,3,2,127" ten="245,247,261,247" oya="1" hai0="57,60,74,76,6,19,111,90,121,91,105,39,61" hai1="112,125,96,25,48,99,27,52,15,49,117,35,32" hai2="101,40,94,97,67,128,87,13,79,80,16,38,73" hai3="116,88,103,62,119,37,5,36,51,34,72,3,7"/><U93/><E117/><N who="3" m="45130" /><G34/><T92/><D111/><U20/><E112/><V4/><F67/><W22/><G103/><T81/><D105/><U42/><E125/><V130/><F4/><N who="3" m="1611" /><G72/><T133/><D133/><U9/><E42/><V58/><F58/><W109/><G3/><T102/><D39/><N who="3" m="14921" /><G51/><T78/><D6/><U70/><E70/><V129/><F73/><W68/><G22/><T65/><D121/><U85/><E35/><V114/><F38/><W113/><G113/><T12/><D102/><U124/><E32/><V24/><F40/><W131/><G131/><T134/><D134/><U50/><E124/><V44/><F114/><W64/><G88/><T43/><D43/><U82/><E20/><N who="2" m="11279" /><F24/><W45/><G45/><AGARI ba="0,0" hai="44,45,79,80,87,94,97,101,128,129,130" m="11279" machi="45" ten="30,8000,1" yaku="19,1,52,3,54,1" doraHai="127" who="2" fromWho="3" sc="245,0,247,0,261,80,247,-80" /><INIT seed="2,0,0,4,3,108" ten="245,247,341,167" oya="2" hai0="51,87,14,13,31,2,60,95,85,36,21,64,67" hai1="77,29,40,52,117,104,106,100,65,49,8,58,6" hai2="84,19,73,33,42,92,70,122,59,24,88,57,126" hai3="3,46,27,120,48,90,0,26,12,115,47,111,96"/><V75/><F122/><W11/><G120/><T50/><D36/><U45/><E117/><V68/><F126/><W80/><G111/><T53/><D2/><U44/><E29/><V109/><F109/><W32/><G32/><T123/><D123/><U127/><E127/><V134/><F134/><W79/><G0/><T93/><D21/><U25/><E25/><V35/><F42/><W114/><G3/><T82/><D82/><U113/><E113/><N who="3" m="43018" /><G90/><T131/><D53/><U10/><E77/><V74/><F35/><W86/><G96/><T110/><D110/><U124/><E65/><V1/><F1/><W71/><G71/><T81/><D81/><U119/><E124/><V94/><F94/><W37/><G37/><T103/><D131/><U34/><E34/><V132/><F33/><W9/><G9/><T28/><D60/><U107/><E6/><V130/><F70/><W62/><G62/><T97/><D97/><U55/><E40/><V89/><F68/><W78/><G46/><T41/><D41/><U4/><E4/><V23/><F88/><W133/><G133/><T17/><D103/><U5/><E5/><V61/><F89/><W54/><G78/><T91/><D91/><U118/><E100/><V98/><F61/><W18/><AGARI ba="0,0" hai="11,12,18,26,27,47,48,54,79,80,86" m="43018" machi="18" ten="30,7900,0" yaku="11,1,52,3" doraHai="108" who="3" fromWho="3" sc="245,-20,247,-20,341,-39,167,79" /><INIT seed="3,0,0,5,4,0" ten="225,227,302,246" oya="3" hai0="106,60,123,3,109,107,72,26,92,129,83,101,55" hai1="59,120,102,95,22,111,132,44,116,110,70,98,66" hai2="67,32,105,8,21,133,52,93,97,121,40,71,16" hai3="12,54,128,37,79,46,15,27,4,45,9,11,99"/><W122/><G122/><T114/><D123/><U127/><E120/><V89/><F32/><W78/><G128/><T100/><D129/><U43/><E132/><V10/><F105/><W42/><G27/><T25/><D109/><N who="1" m="41483" /><E127/><V86/><F40/><W88/><G46/><T56/><D3/><U17/><E70/><V28/><F133/><W1/><G54/><T91/><D114/><U117/><E59/><V80/><F28/><W131/><G131/><T118/><D118/><U53/><E53/><V50/><F67/><W49/><G37/><T103/><D107/><U18/><E66/><V81/><F71/><W124/><G124/><T87/><D106/><U76/><E76/><N who="2" m="46343" /><F81/><W36/><G36/><T34/><D34/><U130/><E130/><V65/><F65/><W33/><G33/><T108/><D108/><U64/><E64/><V62/><F62/><W115/><G115/><T68/><D68/><U134/><E134/><V41/><F41/><W104/><G1/><T2/><D2/><U94/><E94/><V57/><F121/><W61/><G61/><T31/><D31/><U5/><E116/><V20/><F20/><W96/><G104/><T75/><D75/><U126/><E126/><V135/><F135/><W35/><G35/><T48/><D60/><U77/><E77/><V39/><F39/><W30/><G30/><T90/><D72/><U85/><E117/><V119/><F119/><W58/><G79/><T69/><D69/><U23/><E85/><AGARI ba="0,0" hai="25,26,48,55,56,83,85,87,90,91,92,100,101,103" machi="85" ten="40,1300,0" yaku="8,1" doraHai="0" who="0" fromWho="1" sc="225,13,227,-13,302,0,246,0" owari="238,-16.2,214,-28.6,302,40.2,246,4.6" /></mjloggm>