<mjloggm ver="2.3"><GO type="225" lobby="0"/><UN n0="%E3%81%AF%E3%82%88%E3%81%8A%E3%81%98%E3%81%95%E3%82%93" n1="%E5%B0%8F%E9%B3%A5%E9%81%8A%E7%B7%B4%E7%84%A1%32%31%E6%AD%B3" n2="%E3%82%A2%E3%83%BC%E3%83%A2%E3%83%AD%E3%83%BC%E3%83%B4%E3%82%A1" n3="%E3%81%99%E3%81%84%E3%81%BE%E3%81%9B%E3%83%BC%E3%82%93" dan="17,16,16,17" rate="2201.13,2150.78,2181.01,2256.83" sx="M,F,M,M"/><TAIKYOKU oya="0"/><INIT seed="0,0,0,2,1,81" ten="250,250,250,250" oya="0" hai0="4,19,104,76,35,14,17,38,70,125,50,91,8" hai1="44,67,110,41,42,74,12,89,100,103,112,28,120" hai2="99,84,73,13,7,0,71,117,80,69,10,106,111" hai3="95,86,124,55,121,43,18,46,72,24,47,58,126"/><T132/><D38/><U61/><E110/><V2/><F73/><W52/><G72/><T57/><D70/><U5/><E120/><V40/><F111/><W11/><G121/><T77/><D104/><U36/><E28/><V116/><F40/><W131/><G131/><T75/><D35/><U128/><E41/><V65/><F99/><W93/><G47/><T87/><D125/><N who="3" m="48233" /><G86/><T59/><D132/><U27/><E74/><V22/><F106/><W129/><G129/><T114/><D114/><U68/><E112/><V82/><F82/><W56/><G56/><N who="0" m="21579" /><D50/><U108/><E108/><V102/><F102/><W94/><G58/><T133/><D133/><U60/><E60/><N who="2" m="40103" /><F22/><N who="3" m="13399" /><G11/><T127/><D127/><U21/><E128/><V29/><F71/><W97/><G97/><T33/><D33/><U118/><E103/><V45/><F45/><W92/><N who="3" m="23552" /><DORA hai="96" /><W109/><G109/><T30/><D75/><U98/><E98/><V134/><F134/><W48/><AGARI ba="0,0" hai="43,46,48,52,55" m="23552,13399,48233" machi="48" ten="50,3200,0" yaku="18,1,54,1" doraHai="81,96" who="3" fromWho="3" sc="250,-16,250,-8,250,-8,250,32" /><INIT seed="1,0,0,5,2,50" ten="234,242,242,282" oya="1" hai0="66,69,4,81,100,131,107,26,117,101,92,125,79" hai1="62,109,72,78,38,119,35,31,124,71,10,64,15" hai2="33,32,84,18,74,14,54,82,76,61,60,91,30" hai3="115,37,130,120,90,87,88,65,57,103,55,83,20"/><U45/><E119/><V95/><F30/><W126/><G120/><T11/><D117/><U56/><E124/><V70/><F61/><W40/><G115/><T2/><D125/><U63/><E109/><V29/><F29/><W23/><G126/><T21/><D107/><U127/><E127/><V68/><F70/><W42/><G130/><T51/><D131/><U73/><E78/><V80/><F80/><W39/><G65/><T134/><D134/><U135/><E135/><V67/><REACH who="2" step="1"/><F54/><REACH who="2" ten="234,242,232,282" step="2"/><W19/><G55/><T102/><D69/><U85/><E31/><V129/><F129/><W13/><G83/><T128/><D128/><U47/><E35/><V58/><F58/><W116/><G57/><T0/><D66/><U106/><E71/><V3/><F3/><W96/><G116/><T99/><D0/><U52/><E63/><V123/><F123/><W114/><G114/><T94/><D81/><U44/><E64/><V6/><F6/><W93/><G42/><T53/><D79/><U8/><E38/><V5/><F5/><W48/><G39/><T12/><D2/><U59/><E56/><V132/><F132/><W105/><G37/><T41/><D41/><U27/><E62/><V98/><F98/><N who="3" m="61687" /><G40/><T17/><D94/><U75/><E59/><AGARI ba="0,1" hai="4,11,12,17,21,26,51,53,59,92,99,100,101,102" machi="59" ten="30,3900,0" yaku="7,1,8,1,52,1" doraHai="50" who="0" fromWho="1" sc="234,49,242,-39,232,0,282,0" /><INIT seed="2,0,0,0,5,53" ten="283,203,232,282" oya="2" hai0="18,97,8,26,96,135,91,100,78,1,34,90,112" hai1="20,110,123,54,45,58,79,117,4,66,71,61,106" hai2="88,51,102,113,104,24,47,108,27,42,125,109,16" hai3="93,39,11,52,82,92,130,74,128,2,127,80,65"/><V9/><F113/><W95/><G39/><T56/><D112/><U43/><E117/><V13/><F125/><W25/><G127/><T73/><D135/><U23/><E106/><V21/><F102/><W131/><G65/><T60/><D78/><U99/><E123/><V63/><F104/><W57/><G74/><T15/><D73/><U105/><E110/><N who="2" m="42603" /><F63/><N who="3" m="36263" /><G25/><T28/><D1/><U75/><E4/><AGARI ba="0,0" hai="2,4,11,80,82,92,93,95,128,130,131" m="36263" machi="4" ten="40,5200,0" yaku="19,1,52,1,54,1" doraHai="53" who="3" fromWho="1" sc="283,0,203,-52,232,0,282,52" /><INIT seed="3,0,0,3,0,111" ten="283,151,232,334" oya="3" hai0="131,124,72,59,15,81,38,92,16,11,94,48,101" hai1="128,93,82,83,127,42,109,116,129,70,4,133,86" hai2="5,21,57,50,69,74,58,0,53,14,90,17,96" hai3="123,46,12,43,68,113,76,22,13,126,64,39,79"/><W88/><G123/><T31/><D38/><U91/><E70/><V37/><F69/><W20/><G46/><T112/><D124/><U121/><E42/><V95/><F74/><W122/><G43/><T87/><D72/><U56/><E4/><V117/><F117/><W27/><G27/><T103/><D131/><U85/><E56/><V9/><F37/><W84/><G12/><T135/><D135/><U35/><E35/><V44/><AGARI ba="0,0" hai="0,5,9,14,17,21,44,50,53,57,58,90,95,96" machi="44" ten="20,1500,0" yaku="0,1,7,1" doraHai="111" who="2" fromWho="2" sc="283,-4,151,-4,232,15,334,-7" owari="279,7.9,147,-35.3,247,-15.3,327,42.7" /></mjloggm>