<mjloggm ver="2.3"><GO type="225" lobby="0"/><UN n0="%E7%AD%89%E3%80%85%E5%8A%9B%E5%8A%87%E5%A0%B4" n1="%6D%75%75%6D%75%72%61" n2="%73%61%6E%64%69%72%69%73" n3="%E3%81%82%E3%81%99%E3%81%AB%E3%82%83%E3%82%80" dan="16,16,16,16" rate="2176.11,2124.82,2134.71,2195.39" sx="M,F,M,F"/><TAIKYOKU oya="0"/><INIT seed="0,0,0,5,2,27" ten="250,250,250,250" oya="0" hai0="17,135,109,23,81,31,90,49,125,80,65,103,75" hai1="134,112,43,60,92,7,0,28,52,86,33,93,48" hai2="11,20,91,120,62,133,72,59,73,114,63,61,37" hai3="118,131,16,70,66,123,3,79,95,117,42,87,53"/><T121/><D121/><U76/><E134/><V97/><F37/><W18/><G3/><T54/><D125/><U51/><E112/><V24/><F114/><W64/><G131/><T50/><D135/><U106/><E106/><V89/><F120/><W105/><G105/><T113/><D113/><U22/><E33/><V13/><F133/><W88/><G123/><T126/><D126/><U122/><E122/><V85/><F97/><W21/><G42/><T68/><D103/><U45/><E0/><V58/><F73/><W2/><G2/><T4/><D4/><U84/><E7/><N who="2" m="3327" /><F72/><W25/><G79/><T111/><D68/><U30/><E60/><V77/><F77/><W94/><G94/><N who="1" m="36458" /><E22/><V8/><F8/><W47/><G18/><T12/><D65/><U119/><E119/><V6/><F6/><W10/><G10/><T108/><D75/><U56/><E86/><V115/><F115/><W29/><G70/><T104/><D104/><U83/><AGARI ba="0,0" hai="28,30,43,45,48,51,52,56,76,83,84" m="36458" machi="83" ten="30,7900,0" yaku="8,1,52,2,54,1" doraHai="27" who="1" fromWho="1" sc="250,-39,250,79,250,-20,250,-20" /><INIT seed="1,0,0,0,2,125" ten="211,329,230,230" oya="1" hai0="91,106,30,5,57,99,26,36,23,66,80,58,47" hai1="56,8,18,90,107,68,20,100,12,39,15,51,111" hai2="60,41,2,75,101,42,118,40,86,54,25,115,112" hai3="132,9,33,74,103,7,84,92,73,78,35,31,93"/><U14/><E68/><V44/><F75/><W113/><G113/><N who="2" m="43593" /><F2/><W38/><G38/><T43/><D66/><U121/><E39/><V117/><F101/><W108/><G108/><T61/><D5/><U49/><E121/><V11/><F11/><W21/><G132/><T81/><D58/><U87/><E111/><V129/><F86/><W85/><G21/><T98/><D106/><U135/><E135/><V116/><F25/><W127/><G127/><T29/><D30/><U46/><E107/><V19/><F19/><W102/><G31/><T22/><D23/><U131/><E100/><V37/><F129/><W130/><G9/><T133/><D133/><U27/><E131/><V52/><F60/><W109/><G109/><T126/><D126/><U114/><E114/><V6/><F6/><W79/><REACH who="3" step="1"/><G7/><REACH who="3" ten="211,329,230,220" step="2"/><T89/><D22/><U95/><E8/><V4/><F4/><W53/><G53/><AGARI ba="0,1" hai="37,40,41,42,44,52,53,54,116,117,118" m="43593" machi="53" ten="40,8000,1" yaku="11,1,34,2,54,1" doraHai="125" who="2" fromWho="3" sc="211,0,329,0,230,90,220,-80" /><INIT seed="2,0,0,3,0,131" ten="211,329,320,140" oya="2" hai0="57,75,113,84,23,135,121,60,22,45,105,103,42" hai1="132,58,50,11,41,126,106,53,35,116,111,29,0" hai2="63,51,5,14,1,6,99,13,115,65,87,21,104" hai3="81,101,98,107,71,32,108,66,117,68,59,129,64"/><V82/><F115/><W10/><G129/><T43/><D75/><U39/><E116/><V88/><F1/><W18/><G117/><T25/><D121/><U49/><E111/><V16/><F51/><W78/><G108/><T26/><D113/><U46/><E126/><V34/><F34/><W2/><G64/><T90/><D105/><U28/><E106/><V110/><F110/><W55/><G32/><T54/><D103/><U12/><E0/><V36/><F36/><W85/><G66/><T123/><D123/><U48/><E132/><V94/><F14/><W52/><G55/><T97/><D97/><U102/><E102/><V47/><F47/><W124/><G124/><T7/><D7/><U38/><E35/><V69/><REACH who="2" step="1"/><F104/><REACH who="2" ten="211,329,310,140" step="2"/><W56/><G2/><T70/><D45/><N who="1" m="25647" /><E39/><V86/><F86/><W114/><G114/><T37/><D84/><U120/><E38/><V95/><F95/><W17/><G107/><T20/><D37/><U15/><E120/><V72/><F72/><W127/><G85/><T8/><D26/><U3/><E3/><V133/><F133/><W130/><G127/><T24/><D25/><U73/><E73/><V92/><F92/><W62/><G130/><T76/><D24/><U61/><E50/><V109/><F109/><W19/><G81/><T40/><D135/><U91/><E15/><V79/><AGARI ba="0,1" hai="5,6,13,16,21,63,65,69,79,82,87,88,94,99" machi="79" ten="20,12000,1" yaku="1,1,0,1,7,1,54,2,53,0" doraHai="131" doraHaiUra="27" who="2" fromWho="2" sc="211,-40,329,-40,310,130,140,-40" /><INIT seed="2,1,0,4,1,59" ten="171,289,440,100" oya="2" hai0="102,35,89,112,68,97,78,88,100,9,40,126,51" hai1="125,52,65,79,46,56,133,41,54,99,5,39,80" hai2="81,130,16,117,10,77,122,2,96,128,85,57,31" hai3="66,118,60,17,74,42,53,0,47,48,109,19,26"/><V21/><F122/><W119/><G74/><T4/><D112/><U121/><E121/><V43/><F117/><W50/><G0/><T25/><D126/><U92/><E125/><V84/><F31/><W72/><G72/><T14/><D68/><U28/><E133/><V73/><F43/><W38/><G26/><T134/><D134/><U27/><E5/><N who="2" m="1335" /><F57/><N who="3" m="37135" /><G17/><T37/><D37/><U11/><E11/><V24/><F96/><W114/><G19/><T108/><D108/><U132/><E132/><V129/><AGARI ba="1,0" hai="16,21,24,73,77,81,84,85,128,129,130" m="1335" machi="129" ten="30,3000,0" yaku="19,1,54,1" doraHai="59" who="2" fromWho="2" sc="171,-11,289,-11,440,33,100,-11" /><INIT seed="2,2,0,3,2,105" ten="160,278,473,89" oya="2" hai0="121,4,106,102,53,133,42,103,73,27,1,115,16" hai1="48,18,104,61,71,124,39,74,95,7,100,101,129" hai2="8,0,33,125,80,38,122,69,22,130,45,66,25" hai3="110,79,65,29,9,82,3,68,51,34,50,67,128"/><V111/><F22/><W63/><G110/><T40/><D121/><U123/><E39/><V91/><F91/><W81/><G128/><T52/><D115/><U31/><E129/><V35/><F130/><W41/><G65/><T47/><D133/><U98/><E124/><V92/><F92/><W131/><G131/><T12/><D73/><U97/><E123/><V43/><F122/><W64/><G64/><T19/><D1/><U10/><E31/><V119/><F119/><W14/><G82/><T44/><D4/><U134/><E134/><V96/><F96/><W107/><G3/><T28/><D106/><U6/><E48/><V88/><F125/><W113/><G107/><T93/><D12/><U117/><E117/><V36/><F36/><W26/><G41/><T13/><D13/><U54/><E74/><V55/><F55/><W21/><G34/><T11/><D11/><U72/><E72/><V90/><F111/><W126/><G113/><T120/><D120/><U94/><E104/><V87/><F90/><W60/><G60/><T76/><D27/><U112/><E112/><V17/><F0/><W32/><G32/><T118/><D118/><U49/><E61/><V78/><F78/><W135/><G135/><T85/><D76/><U77/><E77/><V84/><F35/><W15/><G126/><T46/><D46/><N who="1" m="27959" /><E71/><V24/><F69/><W114/><G114/><T56/><D42/><U127/><E127/><V86/><F43/><W89/><G79/><T57/><D40/><U30/><E30/><V23/><F33/><W83/><G29/><T58/><D28/><RYUUKYOKU ba="2,0" sc="160,-10,278,30,473,-10,89,-10" hai1="6,7,10,18,94,95,97,98,100,101" /><INIT seed="3,3,0,2,5,100" ten="150,308,463,79" oya="3" hai0="27,73,97,122,133,91,11,23,135,39,1,117,80" hai1="20,3,47,42,49,67,37,79,0,54,110,108,115" hai2="4,7,9,38,71,131,32,106,75,96,109,128,95" hai3="6,129,70,130,85,123,46,64,10,119,76,104,15"/><W126/><G119/><T8/><D117/><U74/><E115/><V22/><F32/><W51/><G123/><T53/><D122/><U86/><E74/><V24/><F109/><N who="1" m="42089" /><E67/><V107/><F71/><W41/><G126/><T134/><D39/><U25/><E79/><V84/><F38/><W116/><G116/><T120/><D120/><U94/><E86/><V57/><F57/><W35/><G35/><T60/><D1/><U99/><E42/><V30/><F84/><W63/><REACH who="3" step="1"/><G104/><REACH who="3" ten="150,308,463,69" step="2"/><T2/><D135/><U114/><E114/><V92/><F106/><W28/><G28/><T12/><D134/><U124/><E124/><V34/><F107/><W50/><G50/><T103/><D133/><U88/><E37/><V113/><F30/><AGARI ba="3,1" hai="0,3,20,25,30,47,49,54,88,94,99" m="42089" machi="30" ten="30,2000,0" yaku="14,1,54,1" doraHai="100" who="1" fromWho="2" sc="150,0,308,39,463,-29,69,0" owari="150,-25.0,347,14.7,434,53.4,69,-43.1" /></mjloggm>