<mjloggm ver="2.3"><GO type="225" lobby="0"/><UN n0="%E3%83%97%E3%83%AC%E3%83%B4%E3%82%A1%E3%83%86%E3%82%A3" n1="%E3%81%B5%E3%81%98%E3%81%8B%E3%81%A4" n2="%E3%83%A9%E3%83%BC%E3%83%A1%E3%83%B3%E4%BA%94%E9%83%8E" n3="%E6%A1%9C%E8%8A%B1%E9%96%83%E3%80%85" dan="16,16,16,16" rate="2048.91,2201.69,2042.58,2114.57" sx="F,M,M,M"/><TAIKYOKU oya="0"/><INIT seed="0,0,0,0,1,135" ten="250,250,250,250" oya="0" hai0="104,96,117,119,98,20,102,78,99,8,109,129,110" hai1="107,12,43,85,36,126,83,27,44,51,17,69,33" hai2="52,53,11,62,79,57,84,67,128,13,92,21,46" hai3="112,97,81,19,74,37,2,16,48,24,58,26,60"/><T55/><D8/><U122/><E107/><V105/><F105/><W49/><G112/><T23/><D55/><U100/><E122/><V71/><F128/><W114/><G37/><T93/><D129/><U90/><E69/><V89/><F71/><W111/><G111/><N who="0" m="42507" /><D78/><U108/><E108/><V127/><F127/><W88/><G2/><T9/><D9/><U34/><E126/><V115/><F115/><W73/><G73/><T28/><D104/><U101/><E36/><V95/><F79/><W1/><G1/><T66/><D66/><U40/><E40/><V56/><F46/><W7/><G7/><T50/><D50/><N who="3" m="19561" /><G74/><T116/><D28/><U75/><E75/><V76/><F76/><W45/><G45/><T132/><D132/><U25/><E33/><V68/><F68/><W124/><G124/><T18/><D18/><N who="3" m="6697" /><G114/><T31/><D31/><U6/><E6/><N who="2" m="3319" /><F57/><W118/><G118/><T131/><D131/><U65/><E65/><V29/><F95/><N who="3" m="56551" /><G81/><T125/><D125/><U30/><REACH who="1" step="1"/><E27/><AGARI ba="0,0" hai="21,27,29,52,53,56,62,67,84,89,92" m="3319" machi="27" ten="30,2000,0" yaku="8,1,54,1" doraHai="135" who="2" fromWho="1" sc="250,0,250,-20,250,20,250,0" /><INIT seed="1,0,0,2,2,67" ten="250,230,270,250" oya="1" hai0="81,133,80,97,113,25,49,121,54,103,15,117,125" hai1="104,135,129,70,71,57,42,93,132,29,34,20,83" hai2="3,45,11,56,99,10,79,46,131,59,98,112,6" hai3="95,22,31,108,19,48,8,16,75,105,63,14,74"/><U68/><E104/><V17/><F131/><W60/><G105/><T92/><D117/><U65/><E129/><V72/><F112/><W111/><G31/><T58/><D113/><U84/><E34/><V39/><F72/><N who="3" m="27691" /><G48/><T130/><D130/><U110/><E42/><V37/><F17/><N who="3" m="6731" /><G95/><T33/><D125/><U47/><E47/><V73/><F73/><W134/><G22/><T7/><D133/><N who="1" m="51275" /><E110/><N who="3" m="42026" /><G134/><T38/><D38/><U126/><E126/><V120/><F120/><W86/><G86/><T2/><D121/><U21/><E93/><V107/><F107/><W90/><G90/><T78/><D2/><U82/><E29/><V109/><F109/><W115/><G115/><T51/><D33/><U53/><E65/><V62/><F3/><W123/><G123/><T89/><D25/><U119/><E119/><V66/><F66/><W87/><G87/><T85/><D51/><N who="1" m="30911" /><E82/><V124/><F124/><W27/><G27/><T1/><D1/><U18/><E18/><AGARI ba="0,0" hai="8,14,18,60,63" m="42026,6731,27691" machi="18" ten="30,2000,0" yaku="14,1,54,1" doraHai="67" who="3" fromWho="1" sc="250,0,230,-20,270,0,250,20" /><INIT seed="2,0,0,2,5,113" ten="250,210,270,270" oya="2" hai0="55,28,135,61,67,45,83,96,77,112,29,50,65" hai1="39,131,69,31,105,59,58,60,37,11,80,91,42" hai2="84,124,41,92,8,47,17,108,57,51,71,133,88" hai3="126,90,115,111,87,122,119,68,40,99,14,27,52"/><V3/><F71/><W54/><G122/><T121/><D112/><U62/><E105/><V13/><F124/><W95/><G115/><T128/><D121/><U81/><E31/><V48/><F133/><W12/><G111/><T132/><D128/><U76/><E131/><V79/><F108/><W21/><G119/><T53/><D96/><U104/><E104/><V129/><F129/><W66/><G126/><T75/><D55/><N who="3" m="21033" /><G68/><T15/><D15/><N who="3" m="5673" /><G66/><T127/><D127/><U86/><E69/><V85/><F3/><W20/><G40/><T89/><D89/><U9/><E42/><V56/><REACH who="2" step="1"/><F48/><REACH who="2" ten="250,210,260,270" step="2"/><W114/><G114/><T118/><D118/><U103/><E39/><V63/><F63/><W36/><G36/><T123/><D123/><U7/><E37/><V44/><F44/><W109/><G109/><T10/><D135/><U18/><E62/><V4/><F4/><W46/><G46/><T73/><D132/><U100/><E60/><V125/><F125/><W19/><G20/><T82/><D65/><U101/><E7/><V49/><F49/><W33/><G33/><T106/><D10/><N who="1" m="3595" /><E18/><V43/><F43/><W1/><G1/><T107/><D28/><U5/><E5/><V70/><F70/><W110/><G110/><T38/><D29/><U26/><E58/><V16/><F16/><W94/><G19/><T102/><D38/><U32/><E59/><V120/><F120/><W22/><G27/><T72/><D67/><U78/><E26/><V30/><F30/><W74/><G22/><T6/><D61/><U134/><E134/><V64/><F64/><RYUUKYOKU ba="0,1" sc="250,-10,210,-10,260,30,270,-10" hai2="8,13,17,41,47,51,56,57,79,84,85,88,92" /><INIT seed="2,1,1,5,1,36" ten="240,200,290,260" oya="2" hai0="66,105,92,38,90,73,106,131,75,24,33,122,94" hai1="3,56,91,88,8,2,127,87,111,107,41,98,123" hai2="124,10,60,115,42,31,74,128,101,95,72,126,125" hai3="28,67,25,18,40,7,129,89,23,63,58,116,11"/><V77/><F115/><W15/><G129/><T57/><D38/><U121/><E111/><V14/><F128/><W55/><G116/><T82/><D131/><U26/><E127/><V50/><F31/><W17/><G40/><T64/><D33/><U44/><E56/><V84/><F60/><W110/><G110/><T59/><D24/><U22/><E8/><V27/><F27/><W12/><G89/><N who="1" m="34378" /><E87/><V120/><F120/><N who="1" m="46153" /><E98/><N who="2" m="59615" /><F77/><W6/><REACH who="3" step="1"/><G67/><REACH who="3" ten="240,200,290,250" step="2"/><T34/><D122/><U30/><E107/><V108/><F108/><W62/><G62/><T132/><D106/><U102/><E102/><V19/><F84/><W49/><G49/><AGARI ba="1,2" hai="2,3,22,26,30,41,44,49" m="46153,34378" machi="49" ten="30,3900,0" yaku="13,1,52,1,54,1" doraHai="36" who="1" fromWho="3" sc="240,0,200,62,290,0,250,-42" /><INIT seed="3,0,0,0,3,40" ten="240,262,290,208" oya="3" hai0="110,97,126,58,9,18,36,71,64,100,85,68,113" hai1="23,95,35,73,17,25,90,81,22,7,115,21,75" hai2="8,106,16,118,72,24,117,33,46,53,74,103,101" hai3="92,123,111,99,87,6,54,29,59,43,20,120,5"/><W31/><G111/><T0/><D110/><U129/><E115/><V104/><F33/><W76/><G43/><T132/><D126/><U19/><E129/><V102/><F72/><W30/><G20/><T78/><D113/><U3/><E81/><V89/><F74/><W1/><G1/><T63/><D36/><U108/><E108/><V51/><F104/><W27/><G27/><T116/><D116/><U82/><E35/><V134/><F106/><W52/><G120/><T66/><D132/><U121/><E121/><V93/><F134/><W79/><G123/><T131/><D131/><U42/><E42/><V91/><F91/><N who="3" m="55711" /><G54/><T10/><D66/><U15/><E23/><N who="2" m="13415" /><F118/><W50/><G87/><T4/><D78/><AGARI ba="0,0" hai="5,6,29,30,31,50,52,59,76,78,79" m="55711" machi="78" ten="30,2900,0" yaku="8,1,54,1" doraHai="40" who="3" fromWho="0" sc="240,-29,262,0,290,0,208,29" /><INIT seed="3,1,0,5,4,126" ten="211,262,290,237" oya="3" hai0="117,3,23,122,22,60,45,118,135,130,63,75,28" hai1="100,7,38,72,42,36,92,91,71,26,95,101,32" hai2="98,113,48,65,17,129,123,87,110,14,109,103,66" hai3="73,124,18,15,2,39,69,24,83,131,85,115,43"/><W52/><G115/><T128/><D75/><U33/><E7/><V76/><F129/><N who="0" m="49770" /><D3/><U125/><E72/><V120/><F113/><W89/><G131/><T111/><D122/><N who="2" m="46634" /><F48/><W81/><G2/><T114/><D114/><U132/><E132/><V68/><F87/><W9/><G124/><T59/><D135/><U11/><E71/><V134/><F76/><W47/><G69/><T50/><D111/><N who="2" m="42506" /><F68/><W34/><G73/><T62/><D59/><U30/><E125/><V78/><F78/><W119/><G119/><N who="0" m="45579" /><D28/><U40/><E30/><V56/><F56/><W77/><G77/><T70/><D70/><U13/><E36/><V10/><F134/><W79/><G79/><T94/><D94/><AGARI ba="1,0" hai="10,14,17,65,66,94,98,103" m="42506,46634" machi="94" ten="30,2000,0" yaku="13,1,14,1" doraHai="126" who="2" fromWho="0" sc="211,-23,262,0,290,23,237,0" owari="188,-31.2,262,6.2,313,41.3,237,-16.3" /></mjloggm>