<mjloggm ver="2.3"><GO type="225" lobby="0"/><UN n0="%E3%81%B5%E3%81%98%E3%81%8B%E3%81%A4" n1="%E3%82%A2%E3%83%BC%E3%83%A2%E3%83%AD%E3%83%BC%E3%83%B4%E3%82%A1" n2="%E3%81%86%E3%81%A9%E3%82%93%E3%81%93" n3="%77%72%77%72%77%72%77%72" dan="16,16,16,16" rate="2106.86,2173.43,2173.67,2247.30" sx="M,M,M,M"/><TAIKYOKU oya="0"/><INIT seed="0,0,0,3,0,53" ten="250,250,250,250" oya="0" hai0="28,27,82,91,123,18,95,29,124,71,132,97,9" hai1="49,41,67,112,98,90,5,127,31,81,128,38,101" hai2="37,92,68,26,2,84,56,14,83,62,94,17,40" hai3="121,20,133,54,15,130,125,19,36,13,11,105,116"/><T89/><D123/><U118/><E118/><V102/><F2/><W75/><G116/><T119/><D71/><U110/><E38/><V58/><F68/><W120/><G75/><T0/><D119/><U48/><E110/><V106/><F106/><W79/><G105/><T24/><D124/><U44/><E127/><V52/><F26/><W100/><G125/><T55/><D132/><U78/><E128/><V64/><F102/><W33/><G33/><T131/><D131/><U88/><E112/><V1/><F1/><W35/><G35/><T74/><D74/><U10/><E67/><V4/><F4/><W73/><G130/><T93/><D82/><U32/><E49/><N who="2" m="30735" /><F40/><W47/><G100/><T16/><D0/><U21/><E32/><V72/><F37/><W23/><G133/><T69/><D69/><U96/><E21/><N who="2" m="11447" /><F72/><W109/><G109/><T87/><D9/><U12/><E31/><V108/><F108/><W34/><G34/><T135/><D135/><U103/><E103/><V42/><F42/><N who="3" m="22983" /><G54/><T117/><D117/><U50/><E50/><V57/><F57/><W63/><G63/><T46/><D46/><U39/><E39/><V51/><F51/><W8/><G121/><T43/><D43/><U61/><E61/><V111/><F111/><W60/><G60/><T85/><D55/><U126/><E126/><V76/><AGARI ba="0,0" hai="58,62,64,76,83,84,92,94" m="11447,30735" machi="76" ten="30,7900,0" yaku="8,1,52,2,54,1" doraHai="53" who="2" fromWho="2" sc="250,-39,250,-20,250,79,250,-20" /><INIT seed="1,0,0,0,5,68" ten="211,230,329,230" oya="1" hai0="6,30,134,114,122,22,107,57,104,14,23,115,46" hai1="1,77,55,8,85,95,10,3,24,15,73,39,132" hai2="80,109,123,33,0,19,64,11,100,120,124,54,45" hai3="111,110,86,119,70,127,88,74,81,125,65,103,93"/><U67/><E67/><V89/><F33/><W63/><G119/><T131/><D46/><U41/><E132/><V79/><F89/><W52/><G52/><T38/><D134/><U94/><E55/><V51/><F109/><N who="3" m="41483" /><G103/><T116/><D116/><U113/><E113/><V62/><F100/><W102/><G102/><T128/><D122/><U84/><E24/><V59/><F124/><N who="3" m="47691" /><G74/><T78/><D57/><U92/><E84/><V20/><F11/><W42/><G42/><T53/><D53/><U21/><E85/><V60/><F0/><W50/><G50/><T91/><D91/><U130/><E8/><V87/><REACH who="2" step="1"/><F62/><REACH who="2" ten="211,230,319,230" step="2"/><N who="3" m="40247" /><G81/><T35/><D114/><U5/><E1/><V47/><F47/><W98/><G98/><T129/><D115/><U48/><E3/><V118/><F118/><W12/><G63/><T7/><D35/><U40/><E10/><V31/><F31/><W108/><G108/><T90/><D90/><U32/><E32/><V13/><AGARI ba="0,1" hai="13,19,20,45,51,54,59,60,64,79,80,87,120,123" machi="13" ten="20,5200,0" yaku="1,1,0,1,7,1,53,1" doraHai="68" doraHaiUra="72" who="2" fromWho="2" sc="211,-13,230,-26,319,62,230,-13" /><INIT seed="2,0,0,2,1,103" ten="198,204,381,217" oya="2" hai0="117,116,111,6,21,46,122,107,62,79,49,17,84" hai1="120,0,97,69,89,106,113,5,27,44,14,52,8" hai2="10,104,109,43,18,26,130,58,9,15,101,22,48" hai3="94,110,70,134,80,108,67,72,85,75,124,38,2"/><V131/><F109/><N who="3" m="42091" /><G124/><T123/><D111/><U135/><E113/><V86/><F86/><W127/><G127/><T41/><D6/><U99/><E69/><V100/><F104/><W25/><G2/><T125/><D125/><U57/><E135/><V19/><F10/><W31/><G38/><T11/><D11/><U1/><E120/><V34/><F34/><W23/><G134/><T82/><D62/><U83/><E44/><V112/><F112/><W61/><G94/><T90/><D107/><U30/><E83/><V68/><F68/><W4/><G4/><T56/><D56/><U54/><E97/><V121/><F121/><W33/><G33/><T98/><D98/><U59/><E57/><V96/><F96/><W65/><G67/><T105/><D105/><U12/><E0/><V81/><F81/><W78/><AGARI ba="0,0" hai="23,25,31,61,65,70,72,75,78,80,85" m="42091" machi="78" ten="30,1100,0" yaku="14,1" doraHai="103" who="3" fromWho="3" sc="198,-3,204,-3,381,-5,217,11" /><INIT seed="3,0,0,0,0,29" ten="195,201,376,228" oya="3" hai0="18,83,105,70,81,87,56,89,101,120,8,122,15" hai1="88,60,28,107,68,130,58,7,3,0,35,47,100" hai2="25,6,109,71,57,16,121,113,123,59,129,40,2" hai3="10,77,93,65,48,72,76,50,21,11,67,98,86"/><W135/><G72/><T12/><D70/><U117/><E7/><V42/><F71/><W30/><G135/><T131/><D131/><U66/><E130/><V85/><F113/><W115/><G115/><T90/><D105/><U36/><E58/><V103/><F129/><W80/><G77/><T33/><D33/><U134/><E88/><N who="0" m="33897" /><D122/><U133/><E117/><V5/><F109/><W9/><G21/><N who="0" m="11463" /><D120/><U52/><E52/><V19/><F85/><W27/><G27/><T95/><D56/><U128/><E128/><V102/><F25/><W13/><G13/><T96/><D87/><U46/><E46/><V34/><F2/><N who="1" m="553" /><E47/><V114/><F114/><W118/><G30/><T127/><D127/><U49/><E49/><N who="3" m="19050" /><G118/><T79/><D79/><U31/><E36/><V132/><REACH who="2" step="1"/><F34/><REACH who="2" ten="195,201,366,228" step="2"/><W1/><G1/><T116/><D116/><U124/><E124/><V43/><F43/><W104/><G86/><T64/><D64/><U23/><E35/><V54/><F54/><W74/><G67/><T119/><D119/><U91/><E91/><V78/><F78/><W51/><G65/><T108/><D108/><U14/><E133/><AGARI ba="0,1" hai="5,6,16,19,40,42,57,59,102,103,121,123,132,133" machi="133" ten="25,6400,0" yaku="1,1,22,2,54,1,53,0" doraHai="29" doraHaiUra="84" who="2" fromWho="1" sc="195,0,201,-64,366,74,228,0" owari="195,-20.5,137,-36.3,440,54.0,228,2.8" /></mjloggm>