<mjloggm ver="2.3"><GO type="225" lobby="0"/><UN n0="%E4%B8%AD%E5%B9%B4%E3%81%AE%E5%8D%B1%E6%A9%9F" n1="%E6%A1%9C%E8%8A%B1%E9%96%83%E3%80%85" n2="%E3%82%B7%E3%83%B3%E5%A4%AA%E6%9C%97" n3="%E3%81%86%E3%81%A9%E3%82%93%E3%81%93" dan="17,17,16,16" rate="2116.67,2240.45,2130.27,2168.88" sx="M,M,M,M"/><TAIKYOKU oya="0"/><INIT seed="0,0,0,3,0,41" ten="250,250,250,250" oya="0" hai0="113,56,76,0,2,7,48,135,99,109,8,66,125" hai1="128,42,51,108,97,68,90,107,64,133,134,80,10" hai2="120,57,14,127,74,77,54,9,55,1,23,104,39" hai3="102,50,70,116,63,52,98,34,88,83,47,44,27"/><T129/><D113/><U11/><E108/><V67/><F120/><W131/><G116/><T130/><D76/><U15/><E128/><N who="0" m="49257" /><D109/><U85/><E68/><V86/><F104/><W92/><G131/><T89/><D125/><U29/><E64/><V101/><F127/><W91/><G83/><T17/><D17/><U114/><E29/><V18/><F74/><W31/><G70/><T4/><D135/><N who="1" m="51723" /><E114/><V13/><F101/><W81/><G63/><N who="0" m="38247" /><D48/><U94/><E107/><V72/><F72/><W6/><G6/><N who="0" m="1095" /><D2/><U100/><E15/><V46/><F1/><W36/><REACH who="3" step="1"/><G81/><REACH who="3" ten="250,250,250,240" step="2"/><T40/><D40/><AGARI ba="0,1" hai="27,31,34,36,40,44,47,50,52,88,91,92,98,102" machi="40" ten="40,12000,2" yaku="1,1,2,1,52,2,54,2,53,1" doraHai="41" doraHaiUra="38" who="3" fromWho="0" sc="250,-120,250,0,250,0,240,130" /><INIT seed="1,0,0,4,3,66" ten="130,250,250,370" oya="1" hai0="127,130,106,78,50,98,30,84,27,52,47,58,111" hai1="81,65,6,129,77,126,63,80,46,48,76,131,60" hai2="24,68,4,79,38,103,54,18,75,55,7,83,20" hai3="34,43,102,11,40,25,82,41,19,29,64,31,128"/><U108/><E6/><V0/><F38/><W16/><G128/><N who="1" m="49226" /><E126/><V123/><F123/><W9/><G102/><T39/><D130/><U72/><E108/><V5/><F103/><W114/><G114/><T23/><D111/><U122/><E122/><V118/><F118/><W133/><G133/><T35/><D127/><U51/><E46/><V87/><F0/><W56/><G31/><T22/><D106/><U57/><E63/><V37/><F37/><W2/><G82/><T61/><D39/><U88/><E88/><V86/><F75/><AGARI ba="0,0" hai="48,51,57,60,65,72,75,76,77,80,81" m="49226" machi="75" ten="30,1500,0" yaku="19,1" doraHai="66" who="1" fromWho="2" sc="130,0,250,15,250,-15,370,0" /><INIT seed="1,1,0,3,5,15" ten="130,265,235,370" oya="1" hai0="128,57,107,116,106,39,71,94,117,130,127,17,115" hai1="2,60,78,4,24,42,93,53,47,132,69,103,118" hai2="99,23,108,43,9,29,61,38,126,109,125,48,84" hai3="121,110,102,14,19,11,119,44,100,81,18,22,54"/><U104/><E118/><N who="0" m="45673" /><D57/><U63/><E104/><N who="0" m="39977" /><D94/><U131/><E78/><V70/><F99/><W111/><G119/><T120/><D39/><U1/><E60/><V123/><F84/><W6/><G121/><T92/><D92/><U135/><E131/><N who="0" m="50217" /><D120/><U67/><E93/><V68/><F123/><W46/><G81/><T5/><D5/><U64/><E4/><V134/><F38/><W133/><G133/><N who="1" m="51274" /><E67/><N who="2" m="41071" /><F70/><W8/><G54/><T27/><D71/><U31/><E53/><V80/><F80/><W114/><G114/><T25/><D115/><U73/><E103/><V49/><F134/><W40/><G40/><T101/><D101/><U65/><E65/><V52/><F43/><W90/><G100/><T89/><D89/><U113/><E113/><V62/><F62/><W36/><G102/><T21/><D127/><N who="2" m="48650" /><F48/><W87/><G36/><T96/><D96/><U41/><E41/><V75/><F49/><W112/><G112/><T74/><D74/><U56/><E73/><V30/><F75/><W82/><G44/><T32/><D32/><N who="1" m="20583" /><E56/><V83/><F83/><W37/><G46/><T13/><AGARI ba="1,0" hai="13,17,21,25,27" m="50217,39977,45673" machi="13" ten="40,2700,0" yaku="19,1,52,1" doraHai="15" who="0" fromWho="0" sc="130,30,265,-14,235,-8,370,-8" /><INIT seed="2,0,0,1,5,102" ten="160,251,227,362" oya="2" hai0="6,46,101,51,35,127,96,14,99,57,31,25,42" hai1="77,29,22,134,126,88,66,117,123,76,75,10,84" hai2="61,100,133,62,83,37,55,3,32,23,111,54,108" hai3="124,73,115,52,92,64,58,65,49,119,9,121,53"/><V113/><F32/><W132/><G119/><T17/><D127/><U30/><E117/><V116/><F116/><W109/><G121/><T128/><D128/><U72/><E126/><V21/><F3/><W94/><G124/><T16/><D57/><U18/><E123/><V47/><F100/><W78/><G109/><N who="2" m="42057" /><F83/><W63/><G132/><T34/><D34/><U129/><E66/><V79/><F79/><W27/><G115/><T2/><D2/><U45/><E75/><V80/><F80/><W11/><G27/><T4/><D99/><U43/><E72/><V20/><F133/><W120/><G120/><T24/><D24/><N who="1" m="14423" /><E129/><V106/><F106/><W98/><G78/><T0/><D0/><U107/><E107/><V93/><F93/><N who="3" m="35947" /><G98/><T7/><REACH who="0" step="1"/><D14/><REACH who="0" ten="150,251,227,362" step="2"/><U70/><E134/><V40/><F113/><W48/><G73/><T12/><D12/><U125/><E125/><V85/><F85/><W50/><G65/><T56/><D56/><U114/><E84/><V59/><F62/><W19/><G64/><AGARI ba="0,1" hai="20,21,23,37,40,47,54,55,59,61,64" m="42057" machi="64" ten="30,2900,0" yaku="14,1,10,1" doraHai="102" who="2" fromWho="3" sc="150,0,251,0,227,39,362,-29" /><INIT seed="2,1,0,1,4,49" ten="150,251,266,333" oya="2" hai0="114,96,40,77,13,1,71,0,59,82,86,65,119" hai1="18,91,101,130,118,132,45,58,15,28,88,113,9" hai2="41,69,123,103,106,127,78,51,83,104,12,133,121" hai3="76,68,124,80,117,89,73,46,111,94,74,11,54"/><V44/><F69/><W61/><G117/><T135/><D114/><U66/><E118/><V3/><F3/><W27/><G111/><T47/><D119/><U87/><E113/><V85/><F133/><W62/><G124/><T120/><D135/><U95/><E132/><V81/><F127/><W26/><G73/><T100/><D71/><U56/><E130/><V55/><F106/><W90/><G90/><T31/><D120/><U33/><E101/><V10/><F104/><W70/><G70/><T57/><D31/><U122/><E122/><V98/><F98/><W99/><G11/><T29/><D29/><U25/><E66/><V92/><F92/><W107/><G62/><T93/><D65/><U4/><E45/><V64/><F64/><W129/><G129/><T42/><D1/><U37/><E37/><V16/><F103/><N who="3" m="62975" /><G68/><T102/><D0/><U17/><E91/><V23/><F23/><W115/><G115/><T34/><D34/><U20/><REACH who="1" step="1"/><E18/><REACH who="1" ten="150,241,266,333" step="2"/><V22/><F10/><W72/><G46/><T84/><D102/><U112/><E112/><V39/><F83/><W5/><G89/><T108/><D108/><U128/><E128/><V35/><F35/><W50/><G80/><T52/><D47/><AGARI ba="1,1" hai="12,16,22,39,41,44,47,51,55,78,81,85,121,123" machi="47" ten="30,5800,0" yaku="7,1,52,1,54,1" doraHai="49" who="2" fromWho="0" sc="150,-61,241,0,266,71,333,0" /><INIT seed="2,2,0,0,1,19" ten="89,241,337,333" oya="2" hai0="63,66,105,117,37,76,6,52,72,61,1,10,130" hai1="70,25,132,81,0,93,82,91,107,53,69,62,13" hai2="102,26,30,84,125,38,65,34,24,3,57,44,33" hai3="77,43,5,83,9,7,27,51,116,122,75,133,22"/><V92/><F125/><W103/><G116/><T49/><D130/><U50/><E0/><V59/><F3/><W67/><G122/><T11/><D117/><U64/><E107/><V86/><F65/><W2/><G133/><T123/><D123/><U110/><E132/><V104/><F104/><W42/><G7/><T41/><D105/><U78/><E110/><V135/><F135/><W121/><G121/><T113/><D113/><U71/><E13/><V119/><F119/><W79/><G103/><T58/><D11/><U88/><E82/><V126/><F126/><W21/><G67/><T39/><D41/><U18/><E18/><V15/><F15/><W40/><G77/><T124/><D124/><U94/><E25/><V35/><F102/><W97/><G97/><T47/><REACH who="0" step="1"/><D63/><REACH who="0" ten="79,241,337,333" step="2"/><U100/><E62/><V118/><F118/><W16/><G51/><T87/><D87/><U134/><E50/><V106/><F106/><W54/><G54/><T120/><D120/><U8/><E53/><V101/><F86/><W23/><AGARI ba="2,1" hai="2,5,9,16,21,22,23,27,40,42,43,75,79,83" machi="23" ten="30,8000,1" yaku="0,1,52,3,54,1" doraHai="19" who="3" fromWho="3" sc="79,-22,241,-22,337,-42,333,96" /><INIT seed="3,0,0,0,4,6" ten="57,219,295,429" oya="3" hai0="26,68,64,7,111,45,86,112,121,134,12,131,102" hai1="22,25,90,127,128,70,20,28,36,38,132,118,57" hai2="41,44,54,58,115,31,3,105,93,79,50,75,74" hai3="116,108,133,63,47,83,81,69,14,119,40,23,76"/><W17/><G133/><T59/><D59/><U126/><E70/><V46/><F105/><W9/><G108/><T2/><D2/><U61/><E132/><V0/><F115/><W67/><G23/><T27/><D27/><BYE who="0" /><U15/><E90/><V65/><F65/><W18/><G18/><T4/><D4/><U130/><E57/><V24/><F44/><W73/><G81/><T110/><D110/><U129/><E61/><V122/><F122/><W29/><G29/><T37/><D37/><AGARI ba="0,0" hai="9,14,17,37,40,47,63,67,69,73,76,83,116,119" machi="37" ten="30,2900,0" yaku="7,1,52,1" doraHai="6" who="3" fromWho="0" sc="57,-29,219,0,295,0,429,29" owari="28,-47.2,219,-18.1,295,9.5,458,55.8" /></mjloggm>