<mjloggm ver="2.3"><GO type="225" lobby="0"/><UN n0="%E7%AC%B9%E9%A4%85" n1="%72%69%6F%75%63%68%61%6E" n2="%6D%75%75%6D%75%72%61" n3="%E6%B8%A9%E2%98%85%E6%83%85%E2%98%85%E6%8E%AA%E2%98%85%E7%BD%AE" dan="16,17,17,16" rate="2185.44,2250.49,2171.47,2178.05" sx="M,M,F,M"/><TAIKYOKU oya="0"/><INIT seed="0,0,0,2,3,24" ten="250,250,250,250" oya="0" hai0="28,13,96,87,120,119,49,117,74,115,34,108,9" hai1="93,72,10,36,42,25,121,26,53,69,40,101,78" hai2="0,112,4,67,57,75,55,135,7,86,116,30,84" hai3="44,113,118,132,27,8,22,131,62,88,41,35,48"/><T103/><D74/><U23/><E121/><V89/><F112/><W32/><G113/><T47/><D115/><U59/><E69/><V58/><F75/><W97/><G118/><T43/><D120/><U91/><E101/><V129/><F116/><W83/><G132/><T80/><D108/><U71/><E71/><V107/><F107/><W3/><G131/><T85/><D34/><U33/><E33/><V95/><F129/><W52/><G3/><T94/><D28/><U77/><E10/><V124/><F124/><W19/><G8/><T90/><REACH who="0" step="1"/><D85/><REACH who="0" ten="240,250,250,250" step="2"/><U64/><E72/><V1/><F30/><W130/><G130/><T105/><D105/><U126/><E126/><V99/><F86/><W37/><G35/><T51/><D51/><U79/><E36/><V127/><F127/><W128/><G32/><T65/><D65/><U102/><E64/><V68/><F67/><W109/><G128/><T39/><D39/><U63/><E102/><V50/><F84/><N who="3" m="50207" /><G37/><T6/><AGARI ba="0,1" hai="6,9,13,43,47,49,80,87,90,94,96,103,117,119" machi="6" ten="20,3900,0" yaku="1,1,0,1,7,1,53,0" doraHai="24" doraHaiUra="20" who="0" fromWho="0" sc="240,49,250,-13,250,-13,250,-13" /><INIT seed="0,1,0,2,0,7" ten="289,237,237,237" oya="0" hai0="16,53,120,6,125,66,129,72,81,127,2,89,31" hai1="46,128,57,105,74,63,93,124,83,32,84,0,20" hai2="27,60,35,104,121,70,59,18,117,45,116,43,56" hai3="22,85,126,3,91,47,71,130,78,82,114,88,1"/><T106/><D120/><U33/><E105/><V111/><F104/><W11/><G114/><T28/><D106/><U95/><E124/><N who="0" m="47689" /><D129/><U19/><E128/><V131/><F131/><W26/><G130/><T132/><D132/><U119/><E119/><N who="2" m="45643" /><F121/><W97/><G71/><T25/><D66/><U44/><E0/><V40/><F111/><W68/><G68/><T14/><D53/><U51/><E74/><V12/><F70/><W52/><G126/><T67/><D67/><N who="1" m="39407" /><E32/><V58/><F60/><W39/><G39/><T86/><D72/><U101/><E33/><V24/><F35/><W49/><G97/><T9/><D25/><N who="2" m="9802" /><F45/><N who="1" m="17513" /><E51/><V30/><F30/><W109/><G109/><T50/><D50/><U87/><E101/><V61/><F61/><W65/><G65/><T4/><D4/><U62/><E62/><V99/><F99/><W79/><G49/><T92/><D92/><N who="1" m="35403" /><E83/><V98/><F98/><W15/><G82/><T80/><D81/><U96/><E96/><V8/><AGARI ba="1,0" hai="8,12,18,40,43,56,58,59" m="9802,45643" machi="8" ten="40,2700,0" yaku="12,1,52,1" doraHai="7" who="2" fromWho="2" sc="289,-14,237,-8,237,30,237,-8" /><INIT seed="1,0,0,4,1,56" ten="275,229,267,229" oya="1" hai0="49,28,26,63,115,47,61,117,73,5,68,131,132" hai1="127,33,16,2,97,90,41,22,32,10,125,27,109" hai2="80,124,126,110,55,50,13,72,19,44,58,98,38" hai3="1,29,79,48,20,94,76,77,75,89,15,135,37"/><U24/><E41/><V102/><F110/><W12/><G135/><T53/><D115/><U71/><E71/><V67/><F72/><W93/><G37/><T133/><D117/><U4/><E109/><V113/><F80/><W129/><G1/><T116/><D116/><U11/><E90/><V120/><F120/><W9/><G75/><T118/><D118/><U108/><E97/><V104/><F113/><W99/><G129/><T40/><D73/><U106/><E106/><V82/><F82/><W51/><G94/><T123/><D123/><U100/><E100/><V30/><F30/><W103/><G103/><T39/><D5/><N who="1" m="1335" /><E108/><V86/><F86/><W31/><G15/><T43/><D131/><U45/><E45/><V130/><F130/><W128/><G128/><T21/><D43/><U62/><E62/><V85/><F85/><W25/><REACH who="3" step="1"/><G31/><REACH who="3" ten="275,229,267,219" step="2"/><T60/><REACH who="0" step="1"/><D68/><REACH who="0" ten="265,229,267,219" step="2"/><U65/><E125/><V92/><F124/><W69/><G69/><T134/><D134/><U84/><E127/><V78/><F126/><W74/><G74/><T101/><D101/><U91/><E84/><V96/><F102/><W34/><G34/><T122/><D122/><U119/><E32/><V14/><F98/><W52/><G52/><T8/><D8/><U107/><E33/><V42/><F96/><W66/><G66/><T111/><D111/><U0/><E65/><V112/><F67/><W36/><G36/><T64/><D64/><U81/><E119/><V83/><F112/><W18/><AGARI ba="0,2" hai="9,12,18,20,25,29,48,51,76,77,79,89,93,99" machi="18" ten="30,7900,0" yaku="1,1,0,1,8,1,53,1" doraHai="56" doraHaiUra="23" who="3" fromWho="3" sc="265,-20,229,-39,267,-20,219,99" /><INIT seed="2,0,0,0,0,76" ten="245,190,247,318" oya="2" hai0="101,41,45,95,54,63,47,81,114,1,69,113,61" hai1="10,93,96,5,80,13,33,85,12,43,3,135,31" hai2="44,128,116,126,26,49,132,78,121,14,77,35,107" hai3="15,109,119,125,86,100,75,38,57,0,133,4,108"/><V124/><F116/><W20/><G75/><T71/><D1/><U55/><E135/><V79/><F121/><W129/><G119/><T84/><D95/><U88/><E43/><V59/><F107/><W102/><G38/><T29/><D101/><U53/><E3/><V22/><F132/><W30/><G133/><T48/><D29/><U11/><E31/><V74/><F35/><W73/><G73/><T117/><D117/><U105/><E33/><V37/><F37/><W52/><G129/><T27/><D27/><U25/><E25/><V98/><F128/><W56/><G125/><N who="2" m="48233" /><F59/><W24/><G0/><T70/><D84/><U112/><E112/><N who="0" m="43113" /><D81/><U58/><E58/><V28/><F98/><W46/><G57/><T19/><D19/><N who="1" m="8599" /><E105/><V92/><F92/><W39/><G56/><T111/><D111/><U51/><E51/><AGARI ba="0,0" hai="41,45,47,48,51,54,61,63,69,70,71" m="43113" machi="51" ten="40,2600,0" yaku="34,2" doraHai="76" who="0" fromWho="1" sc="245,26,190,-26,247,0,318,0" /><INIT seed="3,0,0,3,2,98" ten="271,164,247,318" oya="3" hai0="92,29,65,100,15,10,50,112,57,53,117,31,36" hai1="80,56,129,52,7,75,81,118,71,35,28,1,88" hai2="127,4,24,73,64,59,123,67,126,21,60,8,95" hai3="103,99,78,22,20,108,46,114,14,115,128,106,120"/><W3/><G3/><T79/><D117/><U33/><E71/><V17/><F73/><W19/><G120/><T135/><D36/><U96/><E118/><V68/><F123/><W125/><G108/><T16/><D135/><U131/><E1/><V37/><F37/><W55/><G128/><N who="1" m="49226" /><E7/><V51/><F95/><W93/><G125/><N who="2" m="47625" /><F68/><W113/><G78/><T130/><D130/><U63/><E28/><V45/><F59/><W97/><G55/><T72/><D112/><U18/><E18/><V23/><F23/><W6/><G46/><T39/><D39/><U116/><E116/><V90/><F90/><W133/><G6/><T89/><D65/><U32/><E75/><V76/><F60/><W86/><G133/><T13/><D72/><U43/><E43/><N who="2" m="25023" /><F76/><W70/><G70/><T105/><D79/><U110/><E110/><V40/><F40/><W27/><G115/><T101/><D105/><U47/><E47/><V111/><F111/><W0/><G114/><T62/><D62/><U124/><E124/><V87/><F67/><W26/><G113/><T41/><D41/><U9/><E9/><V11/><F64/><W85/><G106/><T84/><D15/><U44/><E44/><V38/><F38/><W132/><G0/><T34/><D34/><N who="1" m="8707" /><U122/><DORA hai="48" /><E122/><V61/><F11/><W66/><G132/><T134/><D134/><U109/><E109/><V25/><F8/><W104/><G104/><T12/><D12/><U54/><E54/><V58/><F4/><W49/><G14/><T30/><AGARI ba="0,0" hai="10,13,16,29,30,31,50,53,57,84,89,92,100,101" machi="30" ten="30,12000,2" yaku="0,1,8,1,52,3,54,1" doraHai="98,48" who="0" fromWho="0" sc="271,120,164,-30,247,-30,318,-60" owari="391,49.1,134,-36.6,217,-18.3,258,5.8" /></mjloggm>