<mjloggm ver="2.3"><GO type="225" lobby="0"/><UN n0="%72%69%6F%75%63%68%61%6E" n1="%E5%8F%AF%E5%85%90%E9%82%A3%E7%94%B1%E5%A4%9A" n2="%E3%81%AA%E3%81%A1%30%39%32%37" n3="%E3%82%BC%E3%83%AB%E3%83%80%E3%81%AE%E4%BC%9D%E8%AA%AC" dan="17,16,16,17" rate="2255.53,2196.21,2082.19,2250.50" sx="M,F,M,M"/><TAIKYOKU oya="0"/><INIT seed="0,0,0,0,3,36" ten="250,250,250,250" oya="0" hai0="100,102,20,9,42,8,17,113,24,50,38,61,85" hai1="30,67,126,91,27,93,103,34,33,128,48,98,2" hai2="75,15,96,74,110,54,59,77,116,16,47,53,129" hai3="109,62,97,19,119,41,131,106,84,46,22,73,51"/><T71/><D113/><U25/><E126/><V70/><F110/><W130/><G109/><T90/><D38/><U76/><E128/><N who="3" m="49194" /><G73/><T39/><D39/><U63/><E2/><V43/><F129/><W86/><G119/><T31/><D71/><U135/><E135/><V95/><F116/><W107/><G62/><T89/><D61/><U66/><E76/><V1/><F1/><W122/><G122/><T69/><D69/><U82/><E48/><V80/><F70/><W78/><G78/><T29/><D90/><U4/><E4/><V10/><F59/><W72/><G72/><T83/><D8/><U111/><E111/><V132/><F75/><W124/><G124/><T133/><D133/><U13/><E13/><V7/><F7/><W64/><G64/><T112/><D112/><U81/><E91/><V99/><F132/><W115/><G115/><T108/><D108/><U68/><REACH who="1" step="1"/><E67/><REACH who="1" ten="250,240,250,250" step="2"/><V60/><F60/><W52/><G51/><T134/><D134/><U79/><E79/><V105/><F77/><W104/><G104/><T35/><D9/><U32/><E32/><V56/><F74/><W12/><G107/><T123/><D123/><U23/><E23/><V0/><F0/><W11/><G11/><T94/><D35/><U57/><E57/><V58/><F58/><W6/><G6/><T117/><D117/><U44/><E44/><V127/><F56/><W65/><G65/><T18/><D20/><U101/><E101/><N who="2" m="62655" /><F127/><W55/><G106/><T88/><D102/><U5/><E5/><V45/><F45/><W37/><G97/><T114/><D100/><RYUUKYOKU ba="0,1" sc="250,-15,240,15,250,-15,250,15" hai1="25,27,30,33,34,63,66,68,81,82,93,98,103" hai3="12,19,22,37,41,46,52,55,84,86" /><INIT seed="1,1,1,0,3,124" ten="235,255,235,265" oya="1" hai0="135,4,69,70,24,106,0,41,43,118,11,29,52" hai1="123,85,63,66,102,8,17,79,33,6,19,114,48" hai2="30,110,130,98,107,44,31,58,51,36,117,35,21" hai3="65,111,64,119,61,60,92,121,86,28,26,76,71"/><U57/><E114/><V27/><F117/><W1/><G121/><T133/><D118/><U72/><E123/><V2/><F110/><W101/><G119/><T73/><D106/><U39/><E39/><V67/><F2/><W122/><G122/><T83/><D52/><U59/><E33/><V129/><F36/><W134/><G134/><N who="0" m="51211" /><D41/><U25/><E72/><V112/><F112/><W81/><G1/><T50/><D43/><U14/><E102/><V113/><F113/><W42/><G42/><T9/><D50/><U132/><E132/><V127/><F127/><W13/><G111/><T37/><D37/><U47/><E59/><V100/><F58/><W103/><G13/><T38/><D38/><U46/><E25/><V104/><F67/><W56/><REACH who="3" step="1"/><G92/><REACH who="3" ten="235,255,235,255" step="2"/><T94/><D94/><U90/><E14/><V34/><F104/><W126/><G126/><T74/><D11/><U125/><E8/><V32/><REACH who="2" step="1"/><F31/><REACH who="2" ten="235,255,225,255" step="2"/><W91/><G91/><T75/><D83/><N who="1" m="47359" /><E125/><V109/><F109/><W22/><AGARI ba="1,3" hai="22,26,28,56,60,61,64,65,71,76,81,86,101,103" machi="22" ten="20,8000,1" yaku="1,1,0,1,7,1,53,2" doraHai="124" doraHaiUra="97" who="3" fromWho="3" sc="235,-21,255,-41,225,-21,255,113" /><INIT seed="2,0,0,2,3,81" ten="214,214,204,368" oya="2" hai0="99,5,72,130,124,26,114,46,135,122,79,132,109" hai1="32,69,8,128,101,107,65,67,96,57,34,23,55" hai2="14,64,31,104,49,73,116,78,106,108,43,4,29" hai3="17,85,9,92,86,18,88,123,0,42,2,70,102"/><V36/><F116/><W60/><G123/><T12/><D109/><U98/><E128/><V13/><F108/><W110/><G110/><T129/><D122/><U71/><E23/><V119/><F119/><W20/><G102/><T126/><D114/><U41/><E41/><V22/><F36/><W44/><G85/><T94/><D46/><U100/><E8/><V45/><F64/><W112/><G112/><T133/><D26/><U90/><E90/><V115/><F115/><W48/><G9/><N who="0" m="4143" /><D79/><U3/><E57/><V117/><F117/><W16/><REACH who="3" step="1"/><G20/><REACH who="3" ten="214,214,204,358" step="2"/><T10/><D72/><U62/><E101/><V83/><F4/><W82/><G82/><T103/><D10/><U50/><E100/><V30/><REACH who="2" step="1"/><F22/><REACH who="2" ten="214,214,194,358" step="2"/><W11/><G11/><T35/><D35/><U74/><E32/><V56/><F56/><W6/><G6/><T47/><D47/><U58/><E34/><V61/><F61/><W54/><G54/><T113/><D113/><U134/><E62/><V89/><F89/><W75/><G75/><T77/><D77/><U121/><E74/><V80/><F80/><W125/><G125/><AGARI ba="0,2" hai="94,99,103,124,125,126,129,130,132,133,135" m="4143" machi="125" ten="40,8000,1" yaku="30,2,18,1,20,1" doraHai="81" who="0" fromWho="3" sc="214,100,214,0,194,0,358,-80" /><INIT seed="3,0,0,0,4,12" ten="314,214,194,278" oya="3" hai0="19,46,109,116,67,117,55,22,131,70,16,48,21" hai1="80,13,84,96,40,82,41,45,61,74,18,79,126" hai2="127,56,5,76,52,34,35,95,77,44,20,30,125" hai3="86,64,93,6,26,115,78,25,73,14,65,24,69"/><W99/><G73/><T3/><D3/><U0/><E126/><N who="2" m="48139" /><F44/><W110/><G115/><T118/><D109/><U85/><E0/><V7/><F20/><W122/><G122/><T111/><D111/><U8/><E61/><N who="2" m="35975" /><F95/><W49/><G110/><T32/><D131/><U11/><E96/><V108/><F108/><W91/><G99/><T62/><D32/><N who="2" m="12330" /><F30/><W89/><G93/><T90/><D21/><N who="1" m="11471" /><E74/><V1/><F1/><W120/><G120/><T114/><D114/><U43/><E45/><V51/><F51/><W36/><G49/><T4/><D22/><U29/><E29/><V66/><F66/><W9/><G36/><T129/><D129/><U105/><E105/><V98/><F98/><W75/><G75/><T2/><D2/><U68/><E68/><V128/><F128/><W28/><G28/><T50/><D50/><U38/><E38/><V60/><F60/><W31/><G31/><T112/><D112/><U37/><E37/><V33/><N who="2" m="12338" /><V101/><DORA hai="104" /><F101/><W121/><G121/><T107/><D107/><U54/><E54/><V59/><F59/><W103/><G103/><T102/><D102/><U134/><E134/><V10/><F10/><W88/><G69/><T42/><D55/><U72/><E72/><V119/><F119/><W57/><G57/><T133/><D133/><U23/><E23/><V113/><F113/><W81/><AGARI ba="0,0" hai="6,9,14,24,25,26,64,65,78,81,86,88,89,91" machi="81" ten="40,7800,0" yaku="0,1,8,1,54,1" doraHai="12,104" who="3" fromWho="3" sc="314,-26,214,-26,194,-26,278,78" owari="288,8.8,188,-21.2,168,-33.2,356,45.6" /></mjloggm>