<mjloggm ver="2.3"><GO type="225" lobby="0"/><UN n0="%33%74%72%65%65" n1="%E6%A1%9C%E8%8A%B1%E9%96%83%E3%80%85" n2="%E3%81%93%E3%81%8F%E3%82%89%E3%82%AB%E3%83%90%E8%94%B5" n3="%E6%97%A5%E6%9B%9C%E6%97%A5%E3%82%88%E3%82%8A%E3%81%AE%E4%BD%BF%E8%80%85" dan="16,18,17,17" rate="2097.98,2270.31,2092.55,2166.77" sx="M,M,M,M"/><TAIKYOKU oya="0"/><INIT seed="0,0,0,2,4,23" ten="250,250,250,250" oya="0" hai0="28,53,63,54,107,86,85,37,93,122,94,75,24" hai1="116,41,123,6,49,103,5,111,132,88,2,118,12" hai2="62,110,120,35,101,30,14,20,79,131,66,100,65" hai3="39,29,15,11,21,115,78,72,22,17,95,61,47"/><T38/><D122/><U104/><E123/><V105/><F120/><W76/><G115/><T125/><D107/><U31/><E2/><V59/><F35/><W9/><G72/><T108/><D75/><U18/><E111/><V34/><F34/><W106/><G106/><T55/><D108/><U45/><E132/><V7/><F110/><W68/><G68/><T128/><D63/><U96/><E31/><V25/><F131/><W70/><G70/><T33/><D128/><U40/><E40/><V3/><F3/><W26/><G61/><T84/><REACH who="0" step="1"/><D125/><REACH who="0" ten="240,250,250,250" step="2"/><U46/><E118/><V27/><F105/><W126/><G126/><T48/><D48/><U113/><E116/><V124/><F124/><W114/><G114/><T117/><D117/><U8/><E113/><V74/><F65/><W69/><G69/><T32/><D32/><U102/><E104/><V73/><F73/><W56/><G39/><AGARI ba="0,1" hai="24,28,33,37,38,39,53,54,55,84,85,86,93,94" machi="39" ten="50,4800,0" yaku="1,1,52,1,53,0" doraHai="23" doraHaiUra="36" who="0" fromWho="3" sc="240,58,250,0,250,0,250,-48" /><INIT seed="0,1,0,0,3,47" ten="298,250,250,202" oya="0" hai0="30,127,113,77,117,53,119,124,45,2,26,33,20" hai1="65,132,84,21,49,5,81,114,48,98,50,12,86" hai2="78,10,116,70,82,37,72,106,41,32,18,88,133" hai3="34,112,7,62,27,39,118,93,24,23,80,36,75"/><T123/><D77/><N who="1" m="46127" /><E132/><V3/><F32/><W0/><G112/><T135/><D45/><U11/><E114/><V1/><F70/><W56/><G118/><N who="0" m="45067" /><D53/><U126/><E126/><N who="0" m="48169" /><D113/><U66/><E98/><V125/><F116/><W108/><G108/><T15/><D135/><U107/><E107/><V61/><F125/><W94/><G34/><T67/><D67/><N who="1" m="25611" /><E21/><V58/><F106/><W35/><G35/><T63/><D63/><U6/><E86/><V109/><F133/><W60/><G60/><T97/><D97/><U102/><E102/><V4/><F109/><W95/><G62/><T29/><D2/><U57/><E5/><V83/><F1/><W14/><G7/><T111/><D111/><U31/><E31/><V43/><F37/><W110/><G0/><T42/><D123/><U59/><AGARI ba="1,0" hai="6,11,12,48,49,50,57,59" m="25611,46127" machi="59" ten="30,7900,0" yaku="8,1,52,3" doraHai="47" who="1" fromWho="1" sc="298,-40,250,82,250,-21,202,-21" /><INIT seed="1,0,0,1,2,126" ten="258,332,229,181" oya="1" hai0="26,123,20,77,98,95,44,7,63,83,89,74,133" hai1="130,135,47,134,119,59,40,13,64,72,106,114,85" hai2="105,115,100,36,88,34,80,14,93,17,19,18,11" hai3="56,94,39,25,111,49,78,108,120,110,60,102,52"/><U24/><E114/><V101/><F36/><W8/><G120/><T131/><D133/><N who="1" m="50699" /><E72/><V15/><F34/><W81/><G39/><T57/><D123/><U107/><E119/><V124/><F124/><W92/><G8/><T71/><D7/><U5/><E24/><V28/><F115/><W55/><G25/><T128/><D44/><U109/><E85/><N who="2" m="50215" /><F105/><W48/><G102/><N who="2" m="39529" /><F28/><W86/><REACH who="3" step="1"/><G60/><REACH who="3" ten="258,332,229,171" step="2"/><T103/><D103/><U10/><E10/><N who="2" m="6359" /><F93/><W30/><G30/><T125/><D125/><U116/><E107/><V112/><F112/><W73/><G73/><T4/><D4/><AGARI ba="0,1" hai="4,11,15,18,19" m="6359,39529,50215" machi="4" ten="30,2000,0" yaku="8,1,54,1" doraHai="126" who="2" fromWho="0" sc="258,-20,332,0,229,30,171,0" /><INIT seed="2,0,0,5,1,93" ten="238,332,259,171" oya="2" hai0="32,23,66,91,117,96,48,6,133,68,43,0,121" hai1="111,127,99,44,109,76,26,132,21,7,126,77,90" hai2="22,116,130,9,28,75,55,49,17,118,92,45,98" hai3="67,70,94,80,112,39,78,8,20,10,100,46,85"/><V71/><F71/><W123/><G123/><T2/><D32/><U124/><E132/><V34/><F75/><W15/><G112/><T97/><D121/><U5/><E44/><V106/><F106/><W57/><G70/><T134/><D117/><U12/><E90/><V131/><F9/><W27/><G39/><T41/><D91/><U83/><E99/><N who="0" m="37961" /><D23/><U16/><E26/><N who="2" m="14671" /><F28/><W103/><G46/><N who="0" m="25679" /><D43/><U64/><E77/><V56/><F34/><W81/><G103/><T11/><D68/><U122/><E122/><V102/><F45/><W87/><G100/><T105/><D66/><U65/><E64/><V110/><F110/><N who="1" m="41993" /><E65/><V107/><F107/><W129/><G67/><T69/><D69/><U101/><E101/><V60/><F49/><W63/><G78/><T13/><D105/><U53/><E53/><V135/><F135/><AGARI ba="0,0" hai="0,2,6,11,13,133,134,135" m="25679,37961" machi="135" ten="30,7700,0" yaku="20,1,52,3" doraHai="93" who="0" fromWho="2" sc="238,77,332,0,259,-77,171,0" /><INIT seed="3,0,0,1,0,132" ten="315,332,182,171" oya="3" hai0="28,78,99,121,84,82,61,86,83,44,45,103,25" hai1="39,111,24,6,106,119,16,60,76,51,127,2,23" hai2="91,67,114,37,49,20,108,95,109,69,11,135,48" hai3="128,101,79,55,53,26,126,9,41,8,58,13,50"/><W105/><G128/><T47/><D121/><U123/><E127/><V33/><F114/><W63/><G126/><T88/><D61/><U130/><E39/><V125/><F33/><W35/><G105/><T90/><D78/><U5/><E123/><V4/><F125/><W18/><G101/><T93/><D47/><U112/><E112/><V85/><F37/><W124/><G124/><T43/><D43/><U104/><E130/><V36/><F36/><W57/><G41/><T42/><D42/><U94/><E111/><N who="2" m="42571" /><F135/><W71/><G71/><T40/><D40/><U129/><E94/><V87/><F20/><AGARI ba="0,0" hai="20,25,28,44,45,82,83,84,86,88,90,93,99,103" machi="20" ten="30,7700,0" yaku="7,1,9,1,8,1,54,1" doraHai="132" who="0" fromWho="2" sc="315,77,332,0,182,-77,171,0" owari="392,49.2,332,13.2,105,-39.5,171,-22.9" /></mjloggm>