<mjloggm ver="2.3"><GO type="225" lobby="0"/><UN n0="%E3%81%A9%E3%82%8F%E3%82%93%E3%81%94" n1="%E3%81%8B%E3%82%8F%E3%81%A1%E3%82%83%E3%82%93%35%38" n2="%E5%B0%8F%E9%B3%A5%E9%81%8A%E7%B7%B4%E7%84%A1%32%31%E6%AD%B3" n3="%6D%75%75%6D%75%72%61" dan="16,16,16,16" rate="2133.44,2106.49,2153.33,2158.16" sx="M,M,F,F"/><TAIKYOKU oya="0"/><INIT seed="0,0,0,0,3,36" ten="250,250,250,250" oya="0" hai0="86,92,40,51,18,44,6,119,65,101,76,64,21" hai1="73,17,31,52,94,20,120,130,110,16,1,129,116" hai2="88,78,126,14,23,2,33,91,70,19,105,93,60" hai3="83,77,4,79,104,47,103,45,0,97,122,106,5"/><T30/><D119/><U132/><E120/><V89/><F105/><W7/><G122/><T29/><D6/><U3/><E116/><V125/><F2/><N who="1" m="521" /><E73/><V85/><F33/><W127/><G127/><N who="2" m="48649" /><F78/><W99/><G0/><T24/><D101/><U123/><E123/><V100/><F100/><W59/><G103/><T22/><D92/><U90/><E110/><V49/><F49/><W75/><G75/><T72/><D72/><U42/><E132/><V135/><F135/><W108/><G7/><T25/><REACH who="0" step="1"/><D18/><REACH who="0" ten="240,250,250,250" step="2"/><U71/><E17/><V39/><F93/><W62/><G5/><T68/><D68/><U43/><E71/><V58/><F70/><W98/><G4/><T41/><D41/><U32/><E43/><V133/><F133/><W117/><G117/><T35/><D35/><U111/><E42/><V118/><F118/><W63/><G108/><T27/><D27/><U115/><E111/><V128/><F128/><W38/><G106/><T121/><D121/><U95/><E130/><V50/><F19/><W15/><G104/><T66/><D66/><U114/><E129/><V13/><F85/><W109/><G109/><T131/><D131/><U55/><E32/><V34/><F34/><W87/><G87/><T53/><D53/><N who="1" m="20555" /><E31/><V12/><F23/><W10/><G99/><T82/><AGARI ba="0,1" hai="21,22,24,25,29,30,40,44,51,64,65,76,82,86" machi="82" ten="30,12000,1" yaku="1,1,0,1,9,1,8,1,52,1,53,0" doraHai="36" doraHaiUra="84" who="0" fromWho="0" sc="240,130,250,-40,250,-40,250,-40" /><INIT seed="0,1,0,4,4,50" ten="370,210,210,210" oya="0" hai0="34,25,12,112,117,124,19,129,77,60,26,9,135" hai1="28,99,95,22,111,53,101,70,69,109,85,84,97" hai2="13,15,98,45,56,35,36,52,100,71,92,23,131" hai3="108,133,41,17,47,48,6,30,122,27,121,123,57"/><T127/><D77/><U43/><E43/><V113/><F35/><W82/><G108/><N who="1" m="41546" /><E97/><V5/><F113/><W40/><G133/><T63/><D112/><U31/><E53/><V1/><F71/><N who="1" m="27145" /><E22/><V115/><F115/><W89/><G6/><T11/><D117/><U119/><E119/><V62/><F131/><W44/><G57/><T90/><D135/><U83/><E85/><V2/><F15/><W134/><G17/><T16/><D12/><U4/><E4/><V74/><F74/><W8/><G8/><T104/><D90/><AGARI ba="1,0" hai="28,31,83,84,90,95,99,101" m="27145,41546" machi="90" ten="30,1000,0" yaku="14,1" doraHai="50" who="1" fromWho="0" sc="370,-13,210,13,210,0,210,0" /><INIT seed="1,0,0,1,4,12" ten="357,223,210,210" oya="1" hai0="2,130,118,50,119,22,14,20,93,57,122,113,110" hai1="104,43,5,44,72,66,71,76,125,123,33,3,17" hai2="116,34,16,65,28,121,109,62,97,15,10,95,46" hai3="82,64,85,91,126,37,54,88,24,78,112,23,39"/><U48/><E123/><V90/><F109/><W102/><G112/><T58/><D113/><U42/><E33/><V1/><F121/><W117/><G126/><T61/><D122/><U45/><E104/><V30/><F116/><W133/><G117/><T94/><D2/><U11/><E125/><V60/><F1/><W31/><G133/><T132/><D110/><U38/><E66/><V35/><F46/><W4/><G102/><T53/><D132/><U59/><E59/><V9/><F9/><W89/><G4/><T7/><D130/><U120/><E120/><V47/><F35/><W114/><G114/><T32/><D32/><U52/><E71/><V36/><F34/><W49/><REACH who="3" step="1"/><G64/><REACH who="3" ten="357,223,210,200" step="2"/><N who="0" m="38959" /><D119/><U18/><REACH who="1" step="1"/><E43/><REACH who="1" ten="357,213,210,200" step="2"/><V56/><REACH who="2" step="1"/><F62/><REACH who="2" ten="357,213,200,200" step="2"/><W70/><G70/><T55/><D118/><U96/><E96/><V83/><F83/><AGARI ba="0,3" hai="3,5,11,17,18,38,42,44,45,48,52,72,76,83" machi="83" ten="40,18000,2" yaku="1,1,25,2,52,2,54,1,53,0" doraHai="12" doraHaiUra="127" who="1" fromWho="2" sc="357,0,213,210,200,-180,200,0" /><INIT seed="1,1,0,2,3,105" ten="357,423,20,200" oya="1" hai0="58,34,65,48,37,122,31,131,61,40,70,32,25" hai1="43,36,76,109,121,73,71,11,77,90,57,35,91" hai2="3,49,0,41,20,50,133,129,87,102,80,66,6" hai3="111,19,46,12,88,17,107,132,120,51,59,110,4"/><U38/><E71/><V101/><F133/><W135/><G107/><T24/><D131/><U68/><E68/><V54/><F129/><W13/><G59/><T112/><D112/><U7/><E35/><V115/><F66/><W108/><G120/><T93/><D122/><U56/><E121/><V123/><F115/><W124/><G4/><T114/><D114/><U95/><E109/><V74/><F74/><W64/><G64/><T72/><D93/><U127/><E127/><V97/><F20/><W99/><G124/><T119/><D119/><U52/><E57/><V2/><F6/><W113/><G113/><T27/><D72/><U117/><E117/><V69/><F69/><W53/><G12/><T5/><D5/><U26/><E26/><V18/><F18/><N who="3" m="6667" /><G13/><T47/><REACH who="0" step="1"/><D31/><REACH who="0" ten="347,423,20,200" step="2"/><U33/><E7/><V15/><F123/><W125/><G125/><T85/><D85/><U134/><E73/><V22/><F97/><W79/><G135/><T9/><D9/><U126/><E11/><V103/><F15/><W86/><G132/><T60/><D60/><U14/><E134/><V116/><F116/><W84/><G84/><T30/><D30/><U92/><E126/><V130/><F130/><W28/><G28/><T1/><D1/><U81/><E95/><V8/><F8/><W10/><G10/><T100/><D100/><U82/><E92/><V55/><F22/><W67/><G99/><T98/><D98/><U118/><E118/><V106/><F106/><W89/><G111/><T96/><D96/><U78/><E33/><V21/><F0/><W83/><G110/><RYUUKYOKU ba="1,1" sc="347,30,423,-10,20,-10,200,-10" hai0="24,25,27,32,34,37,40,47,48,58,61,65,70" /><INIT seed="2,2,1,3,5,133" ten="377,413,10,190" oya="2" hai0="102,31,62,32,123,119,117,41,113,89,26,93,24" hai1="59,70,12,4,120,57,104,22,86,50,60,103,20" hai2="71,126,39,23,88,64,87,85,125,101,114,112,8" hai3="66,16,44,105,35,80,19,42,6,7,128,3,76"/><V18/><F39/><W13/><G3/><T54/><D123/><U98/><E120/><V130/><F101/><W129/><G35/><T30/><D113/><U74/><E74/><V90/><F8/><N who="3" m="6183" /><G105/><T82/><D102/><U52/><E70/><V122/><F122/><W83/><G66/><T5/><D82/><N who="3" m="31273" /><G76/><T21/><D5/><U109/><E109/><V127/><F130/><N who="3" m="50283" /><G19/><T2/><D41/><U75/><E75/><V124/><F64/><W61/><G61/><T73/><D73/><U97/><E60/><V56/><F56/><W121/><G121/><T27/><D2/><U68/><E104/><V95/><N who="2" m="31744" /><DORA hai="46" /><V1/><F71/><W14/><G14/><T49/><D62/><U55/><E68/><V29/><F1/><W77/><G77/><T92/><D27/><U135/><E59/><V100/><F29/><W9/><G9/><T43/><D43/><U78/><E57/><V81/><F100/><W108/><G108/><T116/><D89/><U48/><E103/><V45/><F45/><AGARI ba="2,1" hai="21,24,26,30,31,32,45,49,54,92,93,116,117,119" machi="45" ten="40,2600,0" yaku="12,1,52,1" doraHai="133,46" who="0" fromWho="2" sc="377,42,413,0,10,-32,190,0" owari="419,51.9,413,21.3,-22,-52.2,190,-21.0" /></mjloggm>