<mjloggm ver="2.3"><GO type="225" lobby="0"/><UN n0="%72%61%6B%33" n1="%72%69%6F%75%63%68%61%6E" n2="%E4%BA%95%E5%B8%AF" n3="%4C%4F%4C%49%54%41" dan="16,16,16,16" rate="2054.83,2144.76,2053.59,2180.33" sx="M,M,M,F"/><TAIKYOKU oya="0"/><INIT seed="0,0,0,2,3,128" ten="250,250,250,250" oya="0" hai0="70,52,43,55,104,5,22,32,24,108,92,68,85" hai1="120,17,33,110,9,88,100,121,57,44,131,0,74" hai2="35,31,80,7,91,124,135,109,125,56,73,38,3" hai3="28,123,19,93,65,117,12,116,115,30,59,1,48"/><T42/><D104/><U132/><E132/><V53/><F38/><W111/><G115/><T134/><D32/><U82/><E131/><V66/><F66/><W101/><G1/><T58/><D5/><U20/><E110/><V122/><F122/><W64/><G111/><T72/><D72/><U118/><E118/><V25/><F109/><W11/><G123/><T97/><D108/><U94/><E33/><V8/><F135/><W29/><G116/><T4/><D4/><U50/><E100/><V61/><REACH who="2" step="1"/><F91/><REACH who="2" ten="250,250,240,250" step="2"/><W34/><G117/><T127/><D134/><U6/><E121/><V78/><AGARI ba="0,1" hai="3,7,8,25,31,35,53,56,61,73,78,80,124,125" machi="78" ten="30,7900,0" yaku="1,1,2,1,0,1,53,1" doraHai="128" doraHaiUra="2" who="2" fromWho="2" sc="250,-39,250,-20,240,89,250,-20" /><INIT seed="1,0,0,0,0,79" ten="211,230,329,230" oya="1" hai0="120,95,10,72,81,125,74,46,4,131,134,121,2" hai1="107,119,32,65,17,30,114,40,132,64,45,25,118" hai2="111,41,117,6,103,48,0,5,101,38,133,12,89" hai3="96,76,66,29,31,3,20,130,9,55,61,50,123"/><U91/><E114/><V84/><F117/><W49/><G123/><T135/><D95/><U59/><E132/><N who="0" m="50729" /><D125/><U90/><E107/><V56/><F0/><W57/><G130/><T27/><D27/><U43/><E43/><V67/><F111/><W112/><G112/><T73/><D131/><U22/><E119/><V21/><F38/><W71/><G76/><N who="0" m="44167" /><D46/><U98/><E118/><V34/><F34/><W104/><G20/><T126/><D126/><U11/><E11/><V124/><F21/><W23/><G23/><T16/><D16/><U63/><E65/><V62/><F67/><W54/><G104/><T13/><D13/><U51/><REACH who="1" step="1"/><E98/><REACH who="1" ten="211,220,329,230" step="2"/><V116/><F116/><W53/><G96/><T82/><D82/><U113/><E113/><V93/><F133/><W85/><G9/><T33/><D33/><U47/><E47/><V7/><F124/><W28/><G66/><T18/><D18/><U110/><E110/><V77/><F7/><W70/><G29/><T128/><D128/><U52/><E52/><N who="2" m="34055" /><F6/><W75/><G31/><T87/><D87/><U39/><E39/><V83/><F5/><W15/><G28/><T78/><D78/><U129/><E129/><V8/><F77/><W102/><G85/><T1/><D1/><U19/><E19/><N who="2" m="8583" /><F83/><W105/><G105/><T108/><D108/><U44/><E44/><AGARI ba="0,1" hai="41,44,48,84,89,93,101,103" m="8583,34055" machi="44" ten="30,2000,0" yaku="8,1,54,1" doraHai="79" who="2" fromWho="1" sc="211,0,220,-20,329,30,230,0" /><INIT seed="2,0,0,4,0,39" ten="211,200,359,230" oya="2" hai0="6,82,27,15,46,11,70,33,102,130,72,81,54" hai1="94,41,32,86,26,47,108,122,18,84,121,35,40" hai2="111,56,7,91,78,60,3,109,2,22,124,88,100" hai3="134,69,127,126,58,116,97,53,89,23,110,10,0"/><V61/><F124/><N who="3" m="47659" /><G116/><T105/><D70/><U93/><E108/><N who="2" m="41547" /><F100/><W135/><G110/><T125/><D130/><U17/><E47/><V133/><F133/><W92/><G69/><T106/><D125/><U50/><E50/><V9/><F78/><W112/><G112/><T57/><D72/><U113/><REACH who="1" step="1"/><E26/><REACH who="1" ten="211,190,359,230" step="2"/><V25/><F25/><W29/><G134/><T52/><D27/><U117/><E117/><V120/><F61/><W132/><G135/><T8/><D46/><U98/><E98/><V63/><F60/><W131/><G132/><T13/><D57/><U48/><E48/><V80/><F63/><W71/><G71/><T43/><D43/><U49/><E49/><V34/><F56/><W115/><G58/><T96/><D96/><U62/><E62/><V87/><F120/><W77/><G97/><T51/><D51/><U67/><E67/><V83/><F3/><W128/><G128/><T68/><D68/><U90/><E90/><V4/><F91/><W21/><G131/><T5/><D102/><U66/><E66/><V118/><F88/><W65/><G65/><T31/><D54/><U74/><E74/><V73/><F2/><W45/><G53/><T119/><D52/><U42/><E42/><V37/><F73/><W99/><G45/><T76/><D119/><U64/><E64/><V28/><F118/><W103/><G103/><T75/><D75/><U36/><E36/><V129/><F37/><W107/><G89/><T101/><D101/><U123/><E123/><V20/><F129/><W114/><G99/><T30/><D76/><U38/><E38/><RYUUKYOKU ba="0,1" sc="211,15,190,15,359,-15,230,-15" hai0="5,6,8,11,13,15,30,31,33,81,82,105,106" hai1="17,18,32,35,40,41,84,86,93,94,113,121,122" /><INIT seed="3,1,1,0,0,7" ten="226,205,344,215" oya="3" hai0="58,79,31,26,100,128,48,55,74,36,11,117,13" hai1="40,85,49,114,21,81,101,61,54,77,23,38,87" hai2="84,93,89,115,20,86,76,90,66,12,68,119,17" hai3="46,19,15,16,50,65,106,57,96,97,42,104,113"/><W1/><G1/><T127/><D117/><U94/><E114/><V44/><F119/><W39/><G113/><T9/><D36/><U37/><E37/><V62/><F115/><W124/><G124/><T121/><D121/><U60/><E38/><V98/><F76/><W92/><G39/><T103/><D127/><U56/><E87/><V47/><F98/><W52/><G106/><T32/><D128/><U27/><E40/><V91/><F91/><W24/><G104/><T22/><D32/><U25/><E21/><V116/><F116/><W135/><G135/><T70/><D70/><U110/><E110/><V80/><AGARI ba="1,1" hai="12,17,20,44,47,62,66,68,80,84,86,89,90,93" machi="80" ten="20,1500,0" yaku="0,1,7,1" doraHai="7" who="2" fromWho="2" sc="226,-5,205,-5,344,28,215,-8" owari="221,2.1,200,-30.0,372,47.2,207,-19.3" /></mjloggm>