<mjloggm ver="2.3"><GO type="225" lobby="0"/><UN n0="%4C%4F%4C%49%54%41" n1="%E7%AC%B9%E9%A4%85" n2="%E6%9D%B1%E9%A2%A8%E3%81%AE%E3%81%8D%E3%82%83%E3%81%B7%E3%81%95%E3%82%93" n3="%E9%B3%B3%E6%9D%B1%E3%81%AE%E3%81%86%E3%81%95%E3%81%8E%E3%81%95%E3%82%93" dan="16,17,17,17" rate="2132.81,2245.08,2237.69,2261.85" sx="F,M,M,M"/><TAIKYOKU oya="0"/><INIT seed="0,0,0,0,4,3" ten="250,250,250,250" oya="0" hai0="51,118,67,79,52,1,78,47,55,105,21,0,110" hai1="6,82,28,132,36,117,106,62,73,66,90,60,38" hai2="75,12,24,16,112,80,96,101,122,22,95,85,135" hai3="61,121,26,18,29,119,9,134,2,127,64,103,57"/><T86/><D118/><U59/><E117/><V93/><F135/><W40/><G119/><T114/><D114/><U58/><E106/><V46/><F122/><W120/><G134/><T76/><D105/><U126/><E132/><V45/><F112/><W94/><G40/><T5/><D67/><U10/><E28/><V111/><F111/><W39/><G39/><T43/><D110/><U129/><E126/><V63/><F75/><W56/><G127/><T81/><D21/><U34/><E34/><V15/><F63/><W48/><G48/><T19/><D19/><U124/><E129/><V83/><F95/><W37/><G57/><T53/><REACH who="0" step="1"/><D5/><REACH who="0" ten="240,250,250,250" step="2"/><U42/><E124/><V54/><F83/><W50/><G18/><T98/><D98/><U32/><E32/><V125/><F125/><W41/><G120/><T130/><D130/><U99/><E99/><V123/><F123/><W23/><G121/><T69/><D69/><U17/><E17/><V84/><F84/><W7/><G64/><T13/><D13/><N who="2" m="5194" /><F54/><W44/><G23/><T87/><D87/><U49/><E82/><V30/><F30/><W35/><G29/><T128/><D128/><U97/><E97/><V131/><F131/><W104/><G104/><T88/><AGARI ba="0,1" hai="0,1,43,47,51,52,53,55,76,78,79,81,86,88" machi="88" ten="30,11700,0" yaku="1,1,0,1,54,2,53,0" doraHai="3" doraHaiUra="91" who="0" fromWho="0" sc="240,127,250,-39,250,-39,250,-39" /><INIT seed="0,1,0,5,1,61" ten="367,211,211,211" oya="0" hai0="68,70,63,60,65,9,95,94,13,102,92,49,25" hai1="48,117,97,116,105,29,46,72,28,23,108,89,79" hai2="93,96,66,111,37,54,22,106,74,75,57,1,3" hai3="109,78,6,51,17,15,83,55,16,52,44,14,21"/><T35/><D49/><U90/><E108/><V10/><F111/><W98/><G109/><T100/><D35/><U19/><E72/><V91/><F106/><W45/><G98/><T24/><D25/><U84/><E79/><V99/><F37/><W41/><G45/><T34/><D24/><U71/><E71/><V43/><F43/><W110/><G110/><T121/><D34/><U59/><E59/><V77/><F99/><W20/><REACH who="3" step="1"/><G6/><REACH who="3" ten="367,211,211,201" step="2"/><T131/><D121/><U2/><E97/><V80/><F75/><AGARI ba="1,1" hai="14,15,16,17,20,21,41,44,51,52,55,75,78,83" machi="75" ten="30,12000,2" yaku="1,1,2,1,7,1,9,1,54,2,53,0" doraHai="61" doraHaiUra="127" who="3" fromWho="2" sc="367,0,211,0,211,-123,201,133" /><INIT seed="1,0,0,0,0,23" ten="367,211,88,334" oya="1" hai0="26,98,7,128,10,132,83,119,85,58,19,86,32" hai1="135,6,45,59,54,51,41,17,95,110,62,107,18" hai2="82,68,5,84,72,106,80,12,127,70,35,61,133" hai3="77,60,24,57,97,48,131,81,0,74,130,99,37"/><U105/><E135/><V88/><F35/><W31/><G37/><T29/><D119/><U118/><E118/><V52/><F106/><W115/><G48/><T134/><D128/><N who="3" m="49193" /><G0/><T27/><D98/><U69/><E110/><V3/><F3/><W79/><G79/><T65/><D19/><U9/><E95/><V39/><F39/><W28/><G115/><T100/><D100/><U34/><E34/><V108/><F108/><W43/><G43/><T8/><D27/><U96/><E69/><V42/><F42/><W30/><G24/><T102/><D102/><U25/><E96/><V56/><F127/><W2/><G2/><T15/><D8/><U46/><E46/><V50/><F133/><N who="0" m="51306" /><D83/><U36/><E36/><V33/><F33/><W101/><G101/><T55/><D65/><AGARI ba="0,0" hai="28,30,31,57,60,65,74,77,81,97,99" m="49193" machi="65" ten="30,1000,0" yaku="19,1" doraHai="23" who="3" fromWho="0" sc="367,-10,211,0,88,0,334,10" /><INIT seed="2,0,0,4,4,5" ten="357,211,88,344" oya="2" hai0="75,36,26,0,53,18,131,31,86,35,50,87,47" hai1="128,82,73,67,6,116,55,122,89,93,112,80,107" hai2="66,19,33,132,59,126,15,28,79,68,38,56,62" hai3="124,94,27,70,113,110,129,71,20,64,13,25,88"/><V24/><F132/><W92/><G110/><T114/><D114/><U108/><E67/><V4/><F126/><W76/><G113/><T51/><D36/><U81/><E112/><V61/><F38/><W96/><G124/><T52/><D75/><U3/><E116/><V1/><F79/><W65/><G129/><T119/><D131/><U9/><E128/><V72/><F72/><W118/><G118/><T78/><D78/><U84/><E108/><V90/><F90/><W91/><G76/><T117/><D0/><U101/><E122/><V58/><F61/><W134/><G134/><T48/><D48/><U37/><E37/><V43/><F43/><W41/><G41/><T22/><D117/><U102/><E73/><V16/><REACH who="2" step="1"/><F15/><REACH who="2" ten="357,211,78,344" step="2"/><W54/><G13/><T127/><D127/><U83/><N who="1" m="20480" /><DORA hai="40" /><U46/><REACH who="1" step="1"/><E107/><REACH who="1" ten="357,201,78,344" step="2"/><V100/><F100/><W97/><G91/><T23/><D119/><U105/><E105/><V29/><F29/><W39/><G88/><T85/><D31/><U34/><E34/><V99/><F99/><W44/><G39/><T130/><D35/><U21/><E21/><V74/><F74/><W12/><G20/><T103/><D130/><U95/><E95/><V30/><F30/><W133/><G133/><T115/><D115/><U111/><E111/><V7/><F7/><W77/><G77/><T125/><D125/><U120/><E120/><V109/><F109/><W104/><G104/><T42/><D103/><U32/><E32/><V57/><N who="2" m="14336" /><DORA hai="45" /><V135/><F135/><W121/><G96/><T63/><D23/><U14/><E14/><RYUUKYOKU ba="0,2" sc="357,-15,201,15,78,15,344,-15" hai1="3,6,9,46,55,84,89,93,101,102" hai2="1,4,16,19,24,28,33,62,66,68" /><INIT seed="2,1,2,0,3,31" ten="342,216,93,329" oya="2" hai0="124,85,111,65,29,52,102,94,112,100,33,77,97" hai1="18,28,39,130,76,11,48,96,90,45,86,116,19" hai2="32,78,46,1,66,6,62,9,27,34,127,87,105" hai3="54,42,122,71,36,20,3,67,61,81,8,89,25"/><V133/><F105/><W113/><G122/><T119/><D112/><U126/><E116/><V84/><F27/><W50/><G113/><T92/><D111/><U91/><E39/><V72/><F46/><W125/><G125/><T60/><D124/><U128/><E126/><V44/><F127/><W16/><G36/><T14/><D119/><U82/><E28/><V23/><F23/><W22/><G42/><T12/><D33/><U114/><E114/><V80/><F44/><W68/><G68/><T58/><D29/><U35/><E35/><V107/><F107/><W108/><G108/><T56/><D100/><U83/><E96/><V74/><F133/><W24/><G3/><T121/><D121/><U135/><E135/><V21/><F21/><W64/><G8/><T101/><D101/><U30/><E30/><V88/><F84/><N who="3" m="50319" /><G61/><N who="0" m="35975" /><D92/><U59/><E59/><V134/><F134/><W7/><G7/><T118/><D118/><U0/><E0/><V38/><F38/><W57/><G71/><T47/><D47/><U131/><E11/><V129/><F129/><W70/><G70/><T99/><D99/><U93/><E83/><AGARI ba="1,2" hai="12,14,58,60,65,77,83,85,94,97,102" m="35975" machi="83" ten="30,2000,0" yaku="8,1,54,1" doraHai="31" who="0" fromWho="1" sc="342,43,216,-23,93,0,329,0" /><INIT seed="3,0,0,2,1,122" ten="385,193,93,329" oya="3" hai0="56,103,54,49,29,11,24,41,42,72,55,33,119" hai1="79,83,13,50,95,82,8,121,87,40,107,47,99" hai2="12,16,57,84,58,126,44,130,88,2,123,77,63" hai3="69,73,128,100,104,114,37,7,9,43,61,93,92"/><W0/><G114/><T127/><D119/><U115/><E115/><V39/><F123/><W85/><G128/><T36/><D36/><U46/><E121/><V75/><F130/><W90/><G73/><T80/><D127/><U60/><E107/><V129/><F129/><W66/><G104/><T35/><D35/><U4/><E60/><V23/><F126/><W30/><G30/><T22/><D103/><U116/><E116/><V17/><F2/><W14/><G0/><T124/><D124/><U109/><E109/><V1/><F1/><W3/><G3/><T62/><D11/><U71/><E71/><V67/><F75/><W15/><G15/><T68/><D22/><U64/><E64/><V25/><F39/><W48/><G37/><T20/><D20/><U18/><E83/><V45/><F77/><W91/><G100/><T111/><D111/><U6/><E47/><V76/><F76/><W74/><G74/><T51/><D80/><U86/><E86/><V94/><REACH who="2" step="1"/><F58/><REACH who="2" ten="385,193,83,329" step="2"/><W5/><G48/><T132/><D72/><U135/><E135/><V102/><F102/><AGARI ba="0,1" hai="4,6,8,13,18,40,46,50,79,82,87,95,99,102" machi="102" ten="30,2000,0" yaku="7,1,8,1" doraHai="122" who="1" fromWho="2" sc="385,0,193,30,83,-20,329,0" owari="385,48.5,223,-17.7,63,-43.7,329,12.9" /></mjloggm>