<mjloggm ver="2.3"><GO type="225" lobby="0"/><UN n0="%E3%81%B8%E3%82%80%E3%81%B8%E3%82%80%EF%BC%92%E5%8F%B7" n1="%74%61%6B%65%2D%79%6F%75" n2="%48%61%61%61%6C%61%6E%64" n3="%72%69%6F%75%63%68%61%6E" dan="17,17,17,17" rate="2213.38,2132.97,2264.48,2244.46" sx="M,M,M,M"/><TAIKYOKU oya="0"/><INIT seed="0,0,0,0,4,89" ten="250,250,250,250" oya="0" hai0="91,20,22,56,124,114,135,128,58,67,44,102,99" hai1="42,40,133,95,52,24,39,25,54,33,103,90,96" hai2="93,60,3,32,98,125,59,41,23,21,131,63,53" hai3="62,92,9,107,132,5,81,27,87,82,119,43,18"/><T97/><D114/><U46/><E133/><V47/><F32/><W28/><G119/><T122/><D122/><U45/><E103/><V49/><F3/><W4/><G132/><T10/><D135/><U134/><E134/><V30/><F125/><W84/><G107/><T68/><D68/><U78/><E78/><V70/><F131/><W19/><G43/><T74/><D74/><U13/><E13/><V55/><F30/><W69/><G69/><T65/><D44/><U76/><E76/><V11/><F11/><W75/><G75/><T71/><D71/><U77/><E77/><V86/><F86/><W94/><G62/><T113/><D10/><U50/><REACH who="1" step="1"/><E33/><REACH who="1" ten="250,240,250,250" step="2"/><V127/><F127/><W12/><G12/><T57/><D124/><U37/><E37/><V61/><F70/><W66/><G9/><T100/><D128/><U72/><E72/><V121/><F121/><W116/><G116/><T111/><D113/><U105/><E105/><V1/><F1/><W31/><G27/><AGARI ba="0,1" hai="24,25,27,39,40,42,45,46,50,52,54,90,95,96" machi="27" ten="40,5200,0" yaku="1,1,52,1,54,1,53,0" doraHai="89" doraHaiUra="104" who="1" fromWho="3" sc="250,0,240,62,250,0,250,-52" /><INIT seed="1,0,0,5,0,1" ten="250,302,250,198" oya="1" hai0="60,31,76,18,80,21,17,110,109,133,7,30,6" hai1="40,43,111,41,81,86,100,22,50,51,70,107,125" hai2="99,97,61,135,11,132,8,130,131,44,121,83,126" hai3="82,14,63,39,52,78,118,12,94,10,53,56,122"/><U23/><E70/><V62/><F83/><W87/><G122/><T71/><D133/><N who="2" m="51274" /><F44/><W93/><G118/><T105/><D105/><U15/><E125/><V49/><F49/><N who="1" m="18441" /><E107/><V119/><F119/><W114/><G114/><T26/><D60/><N who="2" m="23146" /><F121/><W65/><G39/><T67/><D67/><U68/><E68/><V66/><F66/><W115/><G14/><T123/><D71/><U46/><E111/><N who="0" m="42505" /><D123/><U16/><E100/><V85/><F85/><W96/><G115/><T48/><D48/><N who="1" m="26695" /><E23/><V116/><F116/><W89/><REACH who="3" step="1"/><G93/><REACH who="3" ten="250,302,250,188" step="2"/><T54/><D54/><U90/><AGARI ba="0,1" hai="15,16,22,41,43,81,86,90" m="26695,18441" machi="90" ten="30,3000,0" yaku="8,1,54,1" doraHai="1" who="1" fromWho="1" sc="250,-10,302,40,250,-10,188,-10" /><INIT seed="1,1,0,0,5,44" ten="240,342,240,178" oya="1" hai0="0,65,108,33,127,14,60,81,91,53,102,121,26" hai1="130,42,125,88,63,43,31,103,120,99,66,96,83" hai2="123,30,97,7,40,55,64,62,18,57,92,100,2" hai3="128,54,106,98,77,27,75,76,37,131,93,112,124"/><U101/><E120/><V113/><F123/><W51/><G112/><T38/><D38/><U69/><E130/><N who="3" m="49706" /><G37/><T12/><D121/><U59/><E125/><V22/><F113/><W39/><G39/><T82/><D0/><U3/><E3/><V11/><F40/><W116/><G75/><T36/><D36/><U72/><E31/><V50/><F30/><W80/><G106/><T135/><D135/><U78/><E69/><V107/><F107/><W47/><G80/><T58/><D108/><U16/><E16/><V67/><REACH who="2" step="1"/><F62/><REACH who="2" ten="240,342,230,178" step="2"/><W109/><G109/><T71/><D60/><U4/><E43/><V5/><F5/><W6/><G124/><T68/><D127/><U41/><E4/><V118/><F118/><W94/><G116/><T115/><D115/><U126/><E126/><V32/><F32/><W49/><G6/><T9/><D33/><U24/><E41/><V90/><F90/><N who="3" m="55607" /><G27/><AGARI ba="1,1" hai="2,7,11,18,22,27,50,55,57,64,67,92,97,100" machi="27" ten="30,7700,0" yaku="1,1,7,1,52,1,53,1" doraHai="44" doraHaiUra="17" who="2" fromWho="3" sc="240,0,342,0,230,90,178,-80" /><INIT seed="2,0,0,2,0,26" ten="240,342,320,98" oya="2" hai0="114,36,50,63,51,5,23,96,68,0,32,112,47" hai1="57,28,40,25,49,54,95,19,39,16,77,3,15" hai2="34,53,115,133,21,92,101,59,124,110,86,1,126" hai3="4,118,99,29,17,80,38,22,42,128,116,56,69"/><V35/><F115/><W127/><G69/><T98/><D32/><U82/><E3/><V75/><F75/><W107/><G128/><T64/><D23/><U8/><E39/><V10/><F133/><W2/><G127/><N who="2" m="48681" /><F110/><W67/><G80/><T33/><D33/><U52/><E40/><V9/><F21/><W48/><G38/><T14/><D0/><U65/><E65/><V20/><F20/><W6/><G2/><T90/><D36/><U45/><E95/><V125/><F125/><W61/><G118/><T103/><D90/><U135/><E135/><V11/><F1/><W131/><G131/><T46/><D112/><U44/><E19/><V134/><F134/><W13/><G116/><T78/><D78/><U58/><E25/><V83/><F92/><W7/><G107/><T109/><D109/><U105/><E105/><V93/><F93/><W89/><G89/><T41/><D103/><U100/><E100/><V102/><F102/><W91/><G91/><T85/><D85/><N who="1" m="48335" /><E28/><V70/><F70/><W76/><G76/><T129/><D129/><U60/><AGARI ba="0,0" hai="8,15,16,44,45,49,52,54,57,58,60" m="48335" machi="60" ten="30,4000,0" yaku="8,1,54,2" doraHai="26" who="1" fromWho="1" sc="240,-10,342,40,320,-20,98,-10" /><INIT seed="3,0,0,4,0,12" ten="230,382,300,88" oya="3" hai0="72,128,97,39,0,26,20,78,41,43,88,118,116" hai1="60,18,114,133,119,42,23,123,73,14,92,90,81" hai2="24,47,79,74,11,55,76,83,50,89,82,130,106" hai3="63,36,7,107,84,109,15,54,115,44,96,22,99"/><W87/><G115/><T64/><D0/><U98/><E123/><V86/><F130/><W9/><G109/><T80/><D128/><U3/><E114/><V77/><F106/><W28/><G107/><T57/><D39/><U131/><E131/><V53/><F24/><N who="3" m="16407" /><G36/><T6/><D6/><U121/><E121/><V66/><F66/><W91/><G84/><T132/><D132/><U25/><E3/><V49/><REACH who="2" step="1"/><F11/><REACH who="2" ten="230,382,290,88" step="2"/><W16/><G7/><T5/><D5/><U62/><E25/><V45/><AGARI ba="0,1" hai="45,47,49,50,53,55,74,76,77,79,82,83,86,89" machi="45" ten="20,8000,1" yaku="1,1,2,1,0,1,7,1,9,1,53,0" doraHai="12" doraHaiUra="113" who="2" fromWho="2" sc="230,-20,382,-20,290,90,88,-40" owari="210,-19.0,362,16.2,380,48.0,48,-45.2" /></mjloggm>