<mjloggm ver="2.3"><GO type="225" lobby="0"/><UN n0="%E3%81%A8%E3%82%93%E3%81%A8%E3%81%93%E3%81%A8%E3%82%93" n1="%E3%82%BF%E3%83%BC%E3%83%90%E3%83%B3%E9%87%8E%E5%8F%A3" n2="%E3%83%97%E3%83%AC%E3%83%B4%E3%82%A1%E3%83%86%E3%82%A3" n3="%E5%8F%AF%E5%85%90%E9%82%A3%E7%94%B1%E5%A4%9A" dan="16,16,16,17" rate="2139.20,2150.16,2116.45,2176.89" sx="F,M,F,F"/><TAIKYOKU oya="0"/><INIT seed="0,0,0,5,2,124" ten="250,250,250,250" oya="0" hai0="106,88,112,127,100,69,101,119,2,4,58,3,87" hai1="43,47,17,34,66,10,128,115,89,65,96,90,62" hai2="25,53,122,93,20,92,14,75,95,5,0,50,129" hai3="77,33,31,67,103,79,85,19,63,42,84,9,26"/><T130/><D112/><U83/><E34/><V48/><F75/><W59/><G42/><T57/><D69/><U82/><E115/><V76/><F122/><W44/><G44/><T133/><D119/><U121/><E121/><V102/><F76/><W15/><REACH who="3" step="1"/><G103/><REACH who="3" ten="250,250,250,240" step="2"/><T64/><D101/><U134/><E43/><V120/><F102/><W71/><G71/><T125/><D100/><U68/><E47/><V91/><F120/><W16/><G16/><T86/><D125/><U56/><E68/><V81/><F5/><W104/><G104/><T11/><D4/><U114/><E17/><V27/><F0/><W13/><G13/><T30/><D106/><U54/><E114/><V29/><F14/><W107/><G107/><T110/><D2/><U40/><E40/><V32/><F27/><W37/><G37/><T12/><D3/><U35/><E66/><V22/><F32/><W45/><G45/><T6/><D64/><U99/><E65/><V23/><F25/><W8/><G8/><T126/><D126/><U135/><E35/><V60/><F29/><W39/><G39/><T41/><D30/><U116/><E10/><V94/><N who="2" m="23552" /><DORA hai="51" /><V70/><F70/><W117/><G117/><T131/><D41/><U98/><E116/><V61/><F22/><W1/><G1/><T72/><D127/><U18/><E18/><V28/><F20/><W38/><G38/><T46/><D46/><U113/><E113/><V73/><F23/><W105/><G105/><T7/><D11/><U52/><E99/><V74/><F28/><W36/><G36/><T97/><D6/><RYUUKYOKU ba="0,1" sc="250,-10,250,-10,250,-10,240,30" hai3="9,15,19,26,31,33,59,63,67,77,79,84,85" /><INIT seed="1,1,1,5,1,61" ten="240,240,240,270" oya="1" hai0="44,75,88,114,38,1,111,94,47,120,80,35,118" hai1="82,43,87,21,53,48,99,4,2,5,34,117,55" hai2="12,65,72,62,20,98,133,100,79,106,93,24,135" hai3="0,105,52,69,46,78,8,103,41,64,131,23,132"/><U86/><E117/><V11/><F106/><W25/><G131/><T6/><D114/><U17/><E34/><V107/><F107/><W104/><G132/><T26/><D118/><U66/><E99/><V129/><F129/><W39/><G78/><T56/><D111/><U126/><E126/><V128/><F128/><W7/><G103/><T113/><D113/><U76/><E2/><V122/><F122/><W92/><G92/><T96/><D120/><U112/><E112/><V49/><F49/><W59/><G69/><T36/><D56/><U18/><E87/><V57/><F72/><W29/><REACH who="3" step="1"/><G64/><REACH who="3" ten="240,240,240,260" step="2"/><T13/><D94/><U115/><E66/><V124/><F124/><W9/><G9/><T134/><D134/><U32/><E115/><V60/><F60/><AGARI ba="1,2" hai="0,7,8,23,25,29,39,41,46,52,59,60,104,105" machi="60" ten="30,7700,0" yaku="1,1,7,1,54,1,53,1" doraHai="61" doraHaiUra="68" who="3" fromWho="2" sc="240,0,240,0,240,-80,260,100" /><INIT seed="2,0,0,5,2,32" ten="240,240,160,360" oya="2" hai0="119,128,112,36,127,12,107,100,25,39,81,27,65" hai1="111,33,117,91,1,131,54,118,97,4,79,38,61" hai2="120,122,53,42,34,28,18,15,51,55,7,73,47" hai3="44,89,75,78,10,40,103,108,95,5,110,9,37"/><V94/><F73/><W114/><G114/><T43/><D112/><U133/><E54/><V130/><F130/><W86/><G103/><T84/><D127/><U76/><E91/><V17/><F34/><W116/><G116/><T24/><D128/><U56/><E56/><V124/><F28/><W50/><G50/><T60/><D119/><U129/><E33/><V29/><F29/><W125/><G125/><T57/><D43/><U3/><E61/><V49/><F124/><W101/><G101/><T72/><D72/><U66/><E4/><V113/><F113/><W62/><G62/><T35/><D35/><U20/><E20/><V48/><F120/><W23/><G23/><T58/><D12/><U82/><E82/><V83/><F122/><W64/><G64/><T69/><D100/><U134/><E97/><V90/><F83/><N who="3" m="45535" /><G10/><T96/><D96/><U13/><E13/><V14/><F7/><W19/><G19/><N who="2" m="7177" /><F49/><W126/><G126/><T132/><D107/><U115/><E38/><V105/><F105/><W109/><G9/><T102/><D102/><U21/><E21/><V63/><F63/><W77/><G5/><T70/><D132/><U67/><E115/><V0/><F0/><W52/><G77/><N who="0" m="46127" /><D70/><U98/><E98/><N who="2" m="57687" /><F42/><W71/><G71/><T85/><D85/><U11/><REACH who="1" step="1"/><E11/><REACH who="1" ten="240,230,160,360" step="2"/><V30/><F30/><W123/><G123/><T45/><D36/><U80/><E80/><V88/><F88/><W2/><G2/><T104/><D104/><U46/><E46/><AGARI ba="0,1" hai="14,15,46,47,48,51,53,55" m="57687,7177" machi="46" ten="30,1500,0" yaku="8,1" doraHai="32" who="2" fromWho="1" sc="240,0,230,-15,160,25,360,0" /><INIT seed="2,1,0,4,0,91" ten="240,215,185,360" oya="2" hai0="38,118,37,33,111,128,82,88,116,60,3,6,12" hai1="109,13,51,2,15,131,72,89,50,99,26,80,1" hai2="96,56,4,5,46,71,57,14,87,28,81,78,48" hai3="40,84,9,123,70,64,42,125,65,90,69,27,32"/><V49/><F71/><W94/><G123/><T52/><D33/><U68/><E68/><V31/><F49/><W55/><G125/><T95/><D3/><U36/><E36/><V25/><F96/><W104/><G104/><T105/><D105/><U103/><E109/><V114/><F114/><W74/><G74/><T67/><D82/><U127/><E127/><V79/><F79/><W58/><G69/><T124/><D124/><U86/><E131/><V113/><F113/><W0/><G70/><T20/><D111/><U61/><E72/><V24/><F24/><W22/><G32/><T10/><D20/><U122/><E122/><V98/><F98/><W62/><G9/><T18/><D67/><N who="3" m="25673" /><G0/><T92/><D128/><U43/><E61/><V75/><F75/><W115/><G115/><T110/><D110/><U73/><E73/><V101/><F101/><W16/><AGARI ba="1,0" hai="16,22,27,40,42,55,58,62,84,90,94" m="25673" machi="16" ten="30,4000,0" yaku="8,1,52,1,54,1" doraHai="91" who="3" fromWho="3" sc="240,-11,215,-11,185,-21,360,43" /><INIT seed="3,0,0,1,5,26" ten="229,204,164,403" oya="3" hai0="107,23,40,93,111,58,27,0,29,68,39,60,74" hai1="46,6,87,75,61,106,89,123,101,80,102,32,50" hai2="57,42,22,13,88,78,72,4,117,81,35,105,30" hai3="63,66,20,44,1,41,132,16,56,11,2,91,97"/><W3/><G132/><T5/><D107/><U15/><E123/><V116/><F105/><W52/><G66/><T103/><D74/><U54/><E32/><V36/><F57/><W120/><G120/><T7/><D68/><U129/><E75/><V94/><F42/><W25/><G11/><T14/><D0/><U70/><E129/><V119/><F36/><N who="3" m="21543" /><G3/><T109/><D39/><U51/><E106/><V21/><F4/><W108/><G108/><N who="0" m="41547" /><D14/><U17/><E6/><N who="0" m="2057" /><D40/><N who="1" m="24903" /><E61/><V127/><F127/><W110/><G110/><T113/><D113/><U9/><E70/><V83/><F83/><W73/><G73/><T19/><D19/><U131/><E131/><V34/><F13/><W77/><G77/><T125/><D125/><U134/><E134/><V85/><REACH who="2" step="1"/><F35/><REACH who="2" ten="229,204,154,403" step="2"/><W65/><G65/><N who="0" m="39063" /><D93/><AGARI ba="0,1" hai="1,2,16,20,25,52,56,63,91,93,97" m="21543" machi="93" ten="30,5800,0" yaku="25,1,54,2" doraHai="26" who="3" fromWho="0" sc="229,-58,204,0,154,0,403,68" owari="171,-22.9,204,0.4,154,-34.6,471,57.1" /></mjloggm>