<mjloggm ver="2.3"><GO type="225" lobby="0"/><UN n0="%E8%B6%85%E7%B4%9A%E9%B3%B3%E5%87%B0" n1="%E4%BA%95%E5%B8%AF" n2="%72%69%6F%75%63%68%61%6E" n3="%E7%99%BD%E6%97%A5%E9%9B%AA%E8%8F%9C" dan="16,16,16,16" rate="2162.99,2046.11,2165.87,2204.49" sx="M,M,M,M"/><TAIKYOKU oya="0"/><INIT seed="0,0,0,0,4,133" ten="250,250,250,250" oya="0" hai0="127,40,69,55,54,63,104,116,21,9,91,47,120" hai1="118,101,52,97,115,11,130,35,22,25,78,46,92" hai2="31,66,99,103,82,107,36,5,109,135,43,61,86" hai3="89,4,34,83,85,94,42,59,37,114,117,0,126"/><T19/><D116/><U88/><E118/><V60/><F109/><W134/><G114/><T18/><D120/><U26/><E130/><V100/><F135/><W1/><G117/><T80/><D104/><U29/><E115/><V50/><F36/><W7/><G134/><T131/><D131/><U90/><E78/><V124/><F124/><W2/><G34/><T3/><D127/><U73/><E73/><V112/><F112/><W28/><G28/><T53/><D69/><U79/><E79/><V23/><F5/><W125/><G7/><T113/><D113/><U57/><E46/><V15/><F100/><W84/><G4/><T8/><D63/><U102/><E11/><N who="0" m="4169" /><D3/><U45/><E45/><V122/><F122/><W27/><G27/><T17/><D40/><U58/><E90/><V132/><F132/><W105/><G105/><T93/><D80/><U64/><E58/><V33/><F33/><W75/><G75/><T72/><D72/><U65/><E65/><V6/><F66/><W123/><G123/><T98/><D47/><U108/><E64/><V16/><F6/><W77/><G59/><T48/><D48/><U111/><E111/><V32/><F50/><W12/><G12/><AGARI ba="0,0" hai="12,17,18,19,21,53,54,55,91,93,98" m="4169" machi="12" ten="30,1500,0" yaku="8,1" doraHai="133" who="0" fromWho="3" sc="250,15,250,0,250,0,250,-15" /><INIT seed="0,1,0,5,3,103" ten="265,250,250,235" oya="0" hai0="21,128,121,25,59,67,69,68,18,57,16,0,81" hai1="72,119,1,88,82,99,35,24,44,55,70,29,91" hai2="26,127,46,37,116,90,50,73,97,117,125,113,58" hai3="114,124,56,13,32,101,49,33,74,93,98,52,12"/><T19/><D121/><U71/><E119/><N who="2" m="45643" /><F73/><W80/><G114/><T54/><D0/><U8/><E91/><V109/><F113/><W86/><G74/><T95/><D128/><U104/><E55/><N who="2" m="32119" /><F26/><W41/><G124/><N who="2" m="47689" /><F97/><W132/><G132/><T102/><D25/><U89/><E89/><V75/><F75/><W115/><G115/><T66/><D102/><N who="1" m="62559" /><E88/><V131/><F90/><N who="3" m="51527" /><G33/><T36/><D81/><U135/><E135/><V10/><F10/><W105/><G32/><T15/><D21/><U2/><E2/><V45/><F109/><W27/><G27/><T11/><D11/><U85/><E85/><V4/><F4/><W17/><G105/><T118/><D118/><U110/><E110/><V3/><F3/><W76/><G76/><T134/><D134/><U47/><E8/><V129/><F37/><W22/><G12/><T83/><D36/><U31/><E1/><V9/><F9/><W34/><G34/><T14/><D83/><U87/><E72/><V5/><F5/><W7/><G7/><T60/><D95/><U123/><E31/><V28/><F28/><W61/><G93/><T42/><D19/><U92/><E92/><V112/><F112/><W126/><G126/><T120/><D18/><U23/><E35/><V100/><F100/><W84/><G101/><T64/><D16/><U53/><E82/><V96/><F96/><W130/><G98/><T78/><D78/><U30/><E30/><V38/><F38/><W111/><G111/><T51/><D14/><U43/><E24/><V106/><F106/><W79/><G13/><T40/><D15/><RYUUKYOKU ba="1,0" sc="265,-10,250,-10,250,30,235,-10" hai2="45,46,129,131" /><INIT seed="1,2,0,4,0,22" ten="255,240,280,225" oya="1" hai0="95,21,11,6,38,28,39,23,113,85,128,15,126" hai1="18,56,49,17,60,7,124,103,29,122,90,32,45" hai2="27,79,35,19,109,10,47,121,25,93,76,43,118" hai3="1,111,34,2,78,115,70,48,3,71,12,75,53"/><U89/><E122/><V61/><F118/><W114/><G34/><T135/><D113/><U91/><E124/><V62/><F121/><W57/><G111/><T99/><D126/><U59/><E7/><V133/><F109/><W69/><REACH who="3" step="1"/><G12/><REACH who="3" ten="255,240,280,215" step="2"/><T8/><D15/><U54/><E103/><V14/><F35/><W88/><G88/><T42/><D128/><U117/><E117/><V13/><F13/><W41/><G41/><T123/><D42/><U83/><E83/><AGARI ba="2,1" hai="1,2,3,48,53,57,69,70,71,75,78,83,114,115" machi="83" ten="50,3200,0" yaku="1,1,53,1" doraHai="22" doraHaiUra="104" who="3" fromWho="1" sc="255,0,240,-38,280,0,215,48" /><INIT seed="2,0,0,5,1,127" ten="255,202,280,263" oya="2" hai0="102,84,21,103,121,135,132,5,45,9,62,14,79" hai1="93,80,47,58,56,88,125,109,34,82,65,53,40" hai2="92,129,72,117,104,46,6,61,134,68,52,13,78" hai3="69,41,8,131,10,83,89,17,33,87,4,15,39"/><V122/><F129/><W63/><G33/><T111/><D121/><U31/><E109/><V27/><F117/><W107/><G107/><T77/><D111/><U67/><E125/><V36/><F122/><W118/><G118/><T73/><D73/><U2/><E2/><V120/><F120/><W23/><G131/><T116/><D116/><U133/><E133/><N who="0" m="51273" /><D45/><U57/><E53/><V97/><F134/><W60/><G39/><T43/><D43/><U22/><E34/><V128/><F128/><W108/><G41/><T119/><D119/><U75/><E75/><V19/><F104/><W32/><G32/><T114/><D114/><U90/><E90/><V126/><F126/><W64/><G108/><T28/><D62/><U24/><E65/><V81/><F6/><W26/><G63/><T59/><D59/><U106/><E106/><V3/><F3/><W94/><REACH who="3" step="1"/><G10/><REACH who="3" ten="255,202,280,253" step="2"/><T1/><D9/><U49/><REACH who="1" step="1"/><E67/><REACH who="1" ten="255,192,280,253" step="2"/><V37/><F52/><W113/><G113/><T110/><D110/><U51/><E51/><V96/><F36/><W16/><G16/><T29/><D5/><U95/><E95/><AGARI ba="0,2" hai="4,8,15,17,23,26,60,64,69,83,87,89,94,95" machi="95" ten="40,2600,0" yaku="1,1,53,1" doraHai="127" doraHaiUra="20" who="3" fromWho="1" sc="255,0,192,-26,280,0,253,46" /><INIT seed="3,0,0,5,3,117" ten="255,166,280,299" oya="3" hai0="114,27,112,48,42,132,65,57,14,105,124,128,95" hai1="47,39,23,66,99,56,16,58,119,134,115,21,97" hai2="122,22,9,104,70,28,29,109,67,25,73,110,116" hai3="54,61,83,17,76,2,11,8,69,130,20,52,121"/><W77/><G121/><T123/><D105/><U34/><E115/><N who="0" m="44073" /><D128/><U19/><E34/><V53/><F116/><W4/><G130/><T129/><D129/><U107/><E119/><V88/><F122/><W135/><G11/><T40/><D124/><U86/><E134/><V71/><F73/><W0/><G0/><T93/><D132/><U13/><E86/><V51/><F104/><W89/><G135/><T133/><D133/><U82/><E82/><V103/><F103/><W90/><G69/><T78/><D78/><U96/><E107/><V50/><F29/><W46/><G54/><T131/><D14/><U87/><E87/><V31/><F28/><W10/><G10/><T126/><D27/><U125/><E125/><V32/><F32/><W59/><G46/><T127/><D131/><U37/><E66/><V75/><F75/><W36/><G36/><T91/><D95/><U33/><E33/><V108/><F9/><W43/><G43/><T101/><D101/><U44/><REACH who="1" step="1"/><E96/><REACH who="1" ten="255,156,280,299" step="2"/><V106/><F106/><W38/><G77/><T84/><D65/><U5/><E5/><V63/><F71/><W94/><G94/><T113/><D113/><U3/><E3/><V64/><F67/><W18/><G76/><T81/><D93/><U100/><E100/><V111/><F111/><W80/><G80/><T1/><D1/><U15/><AGARI ba="0,1" hai="13,15,16,19,21,23,37,39,44,47,56,58,97,99" machi="15" ten="25,8000,1" yaku="1,1,0,1,22,2,54,1,53,0" doraHai="117" doraHaiUra="60" who="1" fromWho="1" sc="255,-20,156,90,280,-20,299,-40" /><INIT seed="4,0,0,5,5,131" ten="235,246,260,259" oya="0" hai0="122,99,3,21,83,1,18,120,89,48,78,88,11" hai1="62,109,45,119,84,129,15,67,37,30,118,75,82" hai2="58,76,117,81,40,132,39,35,103,12,107,98,49" hai3="60,46,87,32,9,55,134,130,108,124,123,114,111"/><T57/><D1/><U27/><E109/><V102/><F132/><W70/><G32/><T135/><D135/><U13/><E75/><V71/><F71/><W73/><G73/><T104/><D3/><U5/><E129/><V4/><F35/><W94/><G130/><T23/><D11/><U25/><E25/><V96/><F117/><W66/><G134/><T54/><D104/><U64/><E64/><V101/><F39/><W61/><G114/><T53/><D99/><U10/><E15/><V116/><F116/><W126/><G123/><T125/><D125/><N who="3" m="48233" /><G9/><T65/><D65/><U72/><E45/><N who="2" m="25767" /><F107/><W56/><G46/><N who="0" m="27799" /><D122/><U28/><E28/><V36/><F36/><W0/><G0/><T128/><D128/><U90/><E37/><V33/><F33/><W8/><G8/><T41/><D41/><U112/><E112/><V6/><F12/><W2/><G2/><T127/><D127/><U26/><E72/><V121/><F121/><W91/><AGARI ba="0,0" hai="55,56,60,61,66,70,87,91,94,108,111" m="48233" machi="91" ten="30,1100,0" yaku="18,1" doraHai="131" who="3" fromWho="3" sc="235,-5,246,-3,260,-3,259,11" /><INIT seed="5,0,0,1,0,129" ten="230,243,257,270" oya="1" hai0="22,49,48,3,44,14,133,33,23,29,110,61,56" hai1="78,77,66,128,69,127,57,37,105,65,38,107,17" hai2="81,92,99,7,119,64,43,1,96,114,116,4,50" hai3="25,90,112,0,26,123,10,83,16,98,55,101,115"/><U5/><E5/><V9/><F114/><N who="3" m="43563" /><G123/><T21/><D110/><U74/><E57/><V93/><F64/><N who="1" m="24681" /><E17/><V28/><F28/><W97/><G55/><T79/><D3/><U109/><E74/><V53/><F43/><W42/><G42/><T121/><D121/><U54/><E54/><V131/><F131/><W47/><G47/><T126/><D126/><U51/><E51/><V108/><F108/><W12/><G0/><T76/><D133/><U102/><E128/><V20/><F4/><W106/><G83/><T135/><D135/><U130/><E130/><V104/><F104/><N who="1" m="40009" /><E109/><V118/><F81/><W63/><G63/><T36/><D36/><N who="1" m="13931" /><E102/><V122/><F122/><W87/><G101/><T71/><D71/><U73/><E73/><V134/><F134/><W30/><G106/><T113/><D113/><U86/><E86/><V80/><F80/><N who="3" m="49511" /><G26/><T24/><D48/><U68/><E127/><V125/><F125/><W75/><G75/><T89/><D14/><U19/><E19/><V52/><F50/><W58/><G58/><T120/><D120/><U2/><E2/><V67/><F67/><W103/><G103/><T8/><D8/><U62/><E62/><V32/><F93/><W40/><G40/><N who="0" m="24711" /><D56/><U124/><E124/><V84/><F92/><W88/><G88/><T35/><D61/><U34/><E34/><AGARI ba="0,0" hai="10,12,16,25,30,34,97,98" m="49511,43563" machi="34" ten="30,2000,0" yaku="15,1,54,1" doraHai="129" who="3" fromWho="1" sc="230,0,243,-20,257,0,270,20" /><INIT seed="6,0,0,0,5,33" ten="230,223,257,290" oya="2" hai0="59,63,88,126,40,34,17,27,76,80,99,36,58" hai1="77,128,56,131,11,62,67,134,101,100,122,103,127" hai2="129,116,55,15,82,121,25,91,65,1,74,39,4" hai3="78,30,8,10,46,90,50,18,135,114,102,89,14"/><V81/><F116/><W97/><G135/><T85/><D126/><U87/><E134/><V37/><F121/><W95/><G114/><T109/><D109/><U29/><E127/><V83/><F129/><N who="1" m="49737" /><E122/><V32/><F74/><W69/><G69/><T132/><D132/><U118/><E118/><V86/><F65/><W79/><G30/><T57/><D36/><U94/><E29/><V9/><F15/><N who="3" m="7527" /><G79/><T96/><D40/><U5/><E77/><V3/><F1/><W104/><G78/><T44/><D44/><U84/><E94/><V64/><F64/><W68/><G104/><T23/><D34/><U22/><E22/><V21/><F32/><W43/><G68/><T7/><D7/><AGARI ba="0,0" hai="7,10,14,43,46,50,89,90,95,97,102" m="7527" machi="7" ten="30,1000,0" yaku="8,1" doraHai="33" who="3" fromWho="0" sc="230,-10,223,0,257,0,290,10" owari="220,-28.0,223,-17.7,257,5.7,300,40.0" /></mjloggm>