<mjloggm ver="2.3"><GO type="225" lobby="0"/><UN n0="%E9%B3%B3%E6%9D%B1%E3%81%AE%E3%81%86%E3%81%95%E3%81%8E%E3%81%95%E3%82%93" n1="%E3%81%A1%E3%82%85%E3%81%86%E3%81%A9%E3%81%8F%E8%B1%A1%E3%81%95%E3%82%93" n2="%4E%49%4A%49%49%52%4F" n3="%E3%81%B7%E3%82%8A%E3%82%93%E8%81%96%E4%BA%BA" dan="16,17,16,16" rate="2167.90,2193.03,2185.94,2130.85" sx="M,M,M,M"/><TAIKYOKU oya="0"/><INIT seed="0,0,0,4,1,1" ten="250,250,250,250" oya="0" hai0="116,58,51,14,19,128,70,127,20,49,119,60,69" hai1="65,103,94,110,74,50,84,66,96,42,134,10,78" hai2="12,109,3,120,89,114,102,98,76,64,87,80,24" hai3="68,16,101,67,47,53,90,73,8,26,27,85,37"/><T6/><D128/><U41/><E110/><V9/><F3/><W39/><G73/><T111/><D127/><U97/><E134/><V31/><F109/><W88/><G101/><T56/><D111/><U86/><E74/><V61/><F114/><W130/><G130/><T2/><D70/><U18/><E97/><V71/><F120/><W28/><G67/><N who="1" m="25610" /><E78/><V100/><F76/><W21/><G68/><T112/><D69/><U35/><E35/><V23/><REACH who="2" step="1"/><F98/><REACH who="2" ten="250,250,240,250" step="2"/><W77/><G77/><T32/><D112/><U7/><E84/><V25/><F25/><W115/><G115/><T44/><D2/><U75/><E86/><V91/><F91/><W79/><G79/><T95/><D119/><U99/><E75/><V11/><F11/><W54/><G90/><T22/><D116/><U118/><E118/><V135/><F135/><W36/><G8/><T108/><D108/><U93/><E10/><V45/><F45/><W63/><G47/><T104/><D44/><N who="1" m="25871" /><E42/><V122/><F122/><W106/><G106/><T43/><D104/><U133/><E133/><V126/><F126/><W29/><G29/><T4/><D43/><U113/><E113/><V40/><F40/><W81/><REACH who="3" step="1"/><G63/><REACH who="3" ten="250,250,240,240" step="2"/><T17/><D60/><U121/><E121/><V72/><F72/><W57/><G57/><T92/><D58/><U38/><E103/><V62/><F62/><W52/><G52/><T59/><D56/><U34/><E96/><V82/><F82/><W0/><G0/><T129/><D59/><U55/><E99/><V48/><F48/><W131/><G131/><T13/><D129/><RYUUKYOKU ba="0,2" sc="250,10,250,-30,240,10,240,10" hai0="4,6,13,14,17,19,20,22,32,49,51,92,95" hai2="9,12,23,24,31,61,64,71,80,87,89,100,102" hai3="16,21,26,27,28,36,37,39,53,54,81,85,88" /><INIT seed="0,1,2,4,1,128" ten="260,220,250,250" oya="0" hai0="34,11,130,125,98,37,118,88,114,120,41,51,129" hai1="2,63,109,133,75,26,57,53,95,100,115,108,113" hai2="61,22,46,36,131,65,96,23,20,28,32,99,7" hai3="77,132,13,86,6,68,121,43,39,48,17,1,62"/><T3/><D114/><N who="1" m="43531" /><E75/><V24/><F131/><N who="0" m="50186" /><D125/><U38/><E38/><V122/><F122/><W9/><G39/><T27/><D118/><U74/><E74/><V5/><F36/><W85/><G121/><T35/><D120/><U123/><E123/><V10/><F46/><W87/><G68/><T90/><D37/><U105/><E2/><V101/><F10/><W16/><G1/><T71/><D71/><U33/><E105/><V104/><REACH who="2" step="1"/><F96/><REACH who="2" ten="260,220,240,250" step="2"/><W60/><G77/><T64/><D98/><N who="1" m="59487" /><E108/><V89/><F89/><W29/><G9/><T25/><D90/><U111/><E109/><V124/><F124/><W18/><G6/><N who="0" m="1503" /><D88/><U12/><E111/><V103/><F103/><W84/><G13/><T78/><D78/><U40/><E12/><V47/><F47/><W79/><G79/><T102/><D102/><U73/><E40/><V91/><F91/><W97/><G97/><T30/><D41/><U107/><E107/><V93/><F93/><W52/><G43/><T66/><D51/><U0/><E0/><V15/><F15/><W81/><G48/><T55/><D55/><U82/><E53/><V4/><F4/><W49/><G49/><T45/><D45/><U72/><E63/><V14/><F14/><W134/><G62/><T59/><D59/><AGARI ba="1,3" hai="5,7,20,22,23,24,28,32,59,61,65,99,101,104" machi="59" ten="40,1300,0" yaku="1,1,53,0" doraHai="128" doraHaiUra="117" who="2" fromWho="0" sc="260,-16,220,0,240,46,250,0" /><INIT seed="1,0,0,1,3,118" ten="244,220,286,250" oya="1" hai0="37,116,23,128,46,110,54,101,1,34,41,11,5" hai1="70,20,15,42,19,60,99,105,33,133,71,97,18" hai2="121,50,114,24,135,38,111,0,80,32,8,82,45" hai3="81,68,92,103,85,93,65,64,69,12,129,109,28"/><U130/><E130/><V26/><F111/><W43/><G109/><T9/><D110/><U102/><E133/><V94/><F135/><W49/><G28/><T55/><D116/><U86/><E33/><V25/><F38/><W88/><G69/><T58/><D34/><U59/><E42/><V6/><F114/><W90/><G68/><T48/><D128/><U79/><E97/><V62/><F62/><W108/><G108/><T98/><D23/><U107/><E107/><V61/><F61/><W112/><G103/><T122/><D11/><U89/><E79/><V47/><F32/><W127/><G129/><T87/><D87/><U63/><E18/><V51/><F94/><W75/><G112/><T22/><D22/><U10/><E60/><V56/><F121/><W106/><G106/><T39/><D55/><U13/><E15/><N who="2" m="5527" /><F56/><W83/><G12/><T91/><D91/><U77/><E77/><V52/><F0/><W7/><G7/><T4/><D5/><U104/><E10/><V31/><F31/><W2/><G2/><T126/><D126/><U17/><E17/><V74/><F74/><W3/><G3/><T120/><REACH who="0" step="1"/><D37/><REACH who="0" ten="234,220,286,250" step="2"/><U124/><E124/><V36/><F36/><W123/><G127/><T21/><D21/><U72/><E72/><V27/><N who="2" m="6144" /><DORA hai="35" /><V132/><F132/><W57/><G75/><T95/><AGARI ba="0,1" hai="1,4,9,39,41,46,48,54,58,95,98,101,120,122" machi="95" ten="30,12000,2" yaku="1,1,0,1,52,3,53,2" doraHai="118,35" doraHaiUra="44,53" who="0" fromWho="0" sc="234,130,220,-60,286,-30,250,-30" /><INIT seed="2,0,0,1,3,74" ten="364,160,256,220" oya="2" hai0="33,115,24,114,73,21,5,124,98,48,121,87,28" hai1="81,51,123,53,41,23,125,101,69,8,83,11,9" hai2="85,70,37,132,111,117,62,29,88,105,133,90,30" hai3="71,35,58,40,112,4,52,82,113,99,68,79,65"/><V27/><F117/><W60/><G35/><T13/><D73/><U7/><E69/><V93/><F105/><W19/><G4/><T95/><D121/><U43/><E123/><V118/><F118/><W92/><G40/><T130/><D130/><U77/><E125/><V116/><F116/><W14/><G65/><T72/><D72/><U45/><E101/><V75/><F75/><W1/><G1/><T39/><D39/><U97/><E97/><V122/><F37/><W131/><G131/><T108/><D124/><U10/><E23/><V67/><F122/><W127/><G127/><T96/><D108/><U64/><E64/><V100/><F100/><W50/><G60/><T46/><D115/><N who="3" m="44105" /><G82/><T34/><D34/><U61/><E61/><V32/><F30/><W55/><G55/><T59/><D33/><U56/><E81/><V17/><F17/><W57/><G57/><T129/><D59/><U89/><E77/><V42/><F42/><W103/><G79/><T126/><D129/><U84/><REACH who="1" step="1"/><E56/><REACH who="1" ten="364,150,256,220" step="2"/><V109/><REACH who="2" step="1"/><F90/><REACH who="2" ten="364,150,246,220" step="2"/><W44/><G58/><T36/><D126/><U63/><E63/><V20/><F20/><AGARI ba="0,2" hai="14,19,20,44,50,52,68,71,92,99,103" m="44105" machi="20" ten="30,2000,0" yaku="11,1,54,1" doraHai="74" who="3" fromWho="2" sc="364,0,150,0,246,-20,220,40" /><INIT seed="3,0,0,4,4,66" ten="364,150,226,260" oya="3" hai0="63,71,92,30,89,68,87,18,113,121,95,135,27" hai1="114,40,55,16,5,14,118,105,52,67,39,96,77" hai2="74,3,46,128,94,54,47,109,64,33,79,26,34" hai3="120,90,60,35,101,10,41,57,20,45,19,6,100"/><W102/><G35/><T116/><D116/><U98/><E114/><V82/><F3/><W2/><G120/><T104/><D104/><U75/><E5/><V21/><F109/><W29/><G29/><T93/><D121/><U83/><E118/><V73/><F73/><W81/><G81/><T17/><D113/><U13/><E13/><V31/><F128/><W25/><G90/><T49/><D135/><U97/><E105/><V22/><F64/><W103/><N who="3" m="25600" /><DORA hai="12" /><W38/><G57/><T56/><D49/><U107/><E107/><V58/><F94/><N who="0" m="36458" /><D71/><U8/><REACH who="1" step="1"/><E67/><REACH who="1" ten="364,140,226,260" step="2"/><V124/><F124/><W125/><REACH who="3" step="1"/><G60/><REACH who="3" ten="364,140,226,250" step="2"/><T132/><D63/><U127/><E127/><AGARI ba="0,2" hai="2,6,10,19,20,25,38,41,45,125,127" m="25600" machi="127" ten="50,12000,1" yaku="1,1,2,1,52,1,53,1" doraHai="66,12" doraHaiUra="4,62" who="3" fromWho="1" sc="364,0,140,-120,226,0,250,140" owari="364,16.4,20,-48.0,226,-17.4,390,49.0" /></mjloggm>