<mjloggm ver="2.3"><GO type="225" lobby="0"/><UN n0="%E6%A1%9C%E8%8A%B1%E9%96%83%E3%80%85" n1="%E3%81%B5%E3%81%98%E3%81%8B%E3%81%A4" n2="%E3%80%93%E3%81%97%E3%83%BC%E3%82%89%E3%80%93" n3="%E5%BA%97%E9%95%B7%4D" dan="16,17,16,16" rate="2194.25,2213.47,2125.22,2095.92" sx="M,M,M,M"/><TAIKYOKU oya="0"/><INIT seed="0,0,0,5,4,100" ten="250,250,250,250" oya="0" hai0="115,73,3,44,110,37,98,13,89,28,17,93,34" hai1="130,32,19,127,39,20,134,90,95,128,116,88,33" hai2="97,125,61,46,117,2,4,10,131,96,109,83,68" hai3="75,59,107,74,87,126,29,108,47,42,103,123,0"/><T66/><D115/><U119/><E39/><V26/><F109/><W31/><G0/><T48/><D3/><U54/><E54/><V111/><F111/><W65/><G108/><T72/><D37/><U84/><E127/><V113/><F125/><W129/><G126/><T69/><D110/><U101/><E134/><V81/><F131/><N who="1" m="50217" /><E90/><V52/><F117/><N who="1" m="45129" /><E101/><V64/><F113/><W38/><G129/><T60/><D28/><U23/><E23/><V45/><F26/><AGARI ba="0,0" hai="19,20,26,32,33,84,88,95" m="45129,50217" machi="26" ten="30,2000,0" yaku="19,1,54,1" doraHai="100" who="1" fromWho="2" sc="250,0,250,20,250,-20,250,0" /><INIT seed="1,0,0,2,5,131" ten="250,270,230,250" oya="1" hai0="128,95,30,120,15,25,22,107,29,94,3,31,10" hai1="129,106,0,97,38,88,116,60,87,48,96,110,40" hai2="55,81,121,11,14,84,89,130,49,122,62,51,132" hai3="1,23,64,47,33,39,102,54,109,90,111,36,72"/><U83/><E116/><V37/><F37/><W112/><G33/><T78/><D107/><U79/><E129/><V100/><F130/><W67/><G1/><T92/><D128/><U135/><E0/><V63/><F100/><W24/><G72/><T17/><D120/><U70/><E38/><N who="3" m="14378" /><G102/><T46/><D46/><U134/><E110/><N who="3" m="41994" /><G90/><T58/><D78/><U42/><E106/><V99/><F99/><N who="1" m="37961" /><E79/><V12/><F12/><W41/><G112/><T117/><D117/><U75/><E75/><V4/><F51/><N who="3" m="29055" /><G41/><T18/><D3/><U68/><E60/><V124/><F63/><W125/><G125/><T50/><D30/><AGARI ba="0,0" hai="23,24,30,64,67" m="29055,41994,14378" machi="30" ten="30,1000,0" yaku="14,1" doraHai="131" who="3" fromWho="0" sc="250,-10,270,0,230,0,250,10" /><INIT seed="2,0,0,5,5,81" ten="240,270,230,260" oya="2" hai0="14,119,20,135,39,99,42,60,104,85,27,31,120" hai1="13,109,83,50,110,38,113,26,8,116,73,47,100" hai2="68,21,92,15,134,96,103,6,3,95,19,90,32" hai3="80,58,108,74,34,105,129,63,61,59,86,84,23"/><V123/><F68/><W111/><G34/><T97/><D120/><U56/><E113/><V64/><F32/><W69/><G105/><T35/><D135/><U30/><E116/><V87/><F123/><W130/><G23/><T101/><D119/><U71/><E71/><V125/><F134/><W65/><G74/><T107/><D60/><U121/><E100/><V118/><F118/><W16/><G16/><T67/><D67/><U72/><E38/><V2/><F125/><W122/><G69/><T33/><D14/><U28/><E56/><V124/><F124/><W82/><REACH who="3" step="1"/><G65/><REACH who="3" ten="240,270,230,250" step="2"/><T1/><D35/><N who="1" m="20887" /><E121/><AGARI ba="0,1" hai="58,59,61,63,80,82,84,86,108,111,121,122,129,130" machi="121" ten="25,12000,2" yaku="1,1,22,2,52,2,53,2" doraHai="81" doraHaiUra="52" who="3" fromWho="1" sc="240,0,270,-120,230,0,250,130" /><INIT seed="3,0,0,5,0,100" ten="240,150,230,380" oya="3" hai0="28,66,46,30,126,121,53,60,61,35,111,34,87" hai1="25,0,91,83,21,33,112,129,81,68,17,44,70" hai2="37,88,114,31,18,13,7,128,99,94,9,56,76" hai3="86,1,62,130,82,75,14,98,23,84,22,52,74"/><W97/><G1/><T80/><D121/><U29/><E112/><V125/><F37/><W51/><G75/><T45/><D111/><U96/><E129/><V27/><F114/><W20/><G74/><T120/><D120/><U11/><E44/><V63/><F128/><W67/><G130/><T69/><D126/><U101/><E83/><V15/><F125/><W95/><G14/><T43/><D28/><U71/><E91/><V132/><F76/><N who="3" m="46151" /><G62/><T102/><D61/><U104/><E81/><V90/><F132/><W108/><G67/><T116/><D116/><U2/><REACH who="1" step="1"/><E11/><REACH who="1" ten="240,140,230,380" step="2"/><V115/><F90/><N who="3" m="53719" /><G108/><T47/><D80/><U58/><E58/><AGARI ba="0,1" hai="20,22,23,51,52,58,97,98" m="53719,46151" machi="58" ten="30,2900,0" yaku="8,1,54,1" doraHai="100" who="3" fromWho="1" sc="240,0,140,-29,230,0,380,39" owari="240,4.0,111,-38.9,230,-17.0,419,51.9" /></mjloggm>