<mjloggm ver="2.3"><GO type="225" lobby="0"/><UN n0="%E6%B8%A9%E2%98%85%E6%83%85%E2%98%85%E6%8E%AA%E2%98%85%E7%BD%AE" n1="%72%61%6B%33" n2="%4C%4F%4C%49%54%41" n3="%68%6F%72%69%30%39%30%31" dan="16,16,16,16" rate="2192.16,2074.47,2177.48,2116.24" sx="M,M,F,M"/><TAIKYOKU oya="0"/><INIT seed="0,0,0,5,3,120" ten="250,250,250,250" oya="0" hai0="131,40,0,3,72,66,97,73,6,51,14,16,61" hai1="134,91,31,63,126,38,32,102,67,128,96,41,84" hai2="65,2,94,110,113,25,24,59,12,130,42,78,70" hai3="37,89,30,104,60,29,101,103,58,86,114,117,8"/><T54/><D131/><U20/><E128/><V44/><F130/><W106/><G114/><T108/><D40/><U26/><E126/><V121/><F2/><W10/><G37/><T118/><D118/><U83/><E134/><V115/><F78/><W95/><G106/><T27/><D27/><U100/><E32/><V5/><F70/><W45/><G45/><T71/><D108/><U98/><E98/><V87/><F121/><W9/><G117/><T82/><D97/><U92/><E38/><V7/><F110/><W18/><G18/><T43/><D43/><U36/><E36/><V116/><F116/><W53/><REACH who="3" step="1"/><G104/><REACH who="3" ten="250,250,250,240" step="2"/><T55/><D16/><U76/><REACH who="1" step="1"/><E41/><REACH who="1" ten="250,240,250,240" step="2"/><V123/><F42/><W135/><G135/><T22/><D6/><U21/><E21/><V57/><F5/><W88/><G88/><T15/><D22/><U105/><E105/><V81/><F7/><W48/><G48/><T77/><D51/><U69/><AGARI ba="0,2" hai="20,26,31,63,67,69,76,83,84,91,92,96,100,102" machi="69" ten="20,2700,0" yaku="1,1,0,1,7,1,53,0" doraHai="120" doraHaiUra="47" who="1" fromWho="1" sc="250,-13,240,47,250,-7,240,-7" /><INIT seed="1,0,0,3,2,72" ten="237,287,243,233" oya="1" hai0="99,57,129,31,33,112,5,6,85,96,127,131,1" hai1="29,123,134,71,63,97,67,2,60,117,106,121,77" hai2="48,122,42,78,70,104,108,79,4,52,114,17,54" hai3="32,75,76,110,21,103,19,36,41,44,24,27,100"/><U69/><E2/><V35/><F122/><W18/><G110/><T107/><D112/><U132/><E29/><V62/><F104/><W26/><G26/><N who="0" m="18679" /><D127/><U86/><E97/><N who="0" m="37449" /><D1/><U53/><E106/><V98/><F35/><W120/><G120/><T105/><D57/><U7/><E7/><N who="0" m="2569" /><D85/><U91/><E91/><V111/><F114/><W95/><G95/><T28/><D28/><U15/><E15/><V58/><F4/><W74/><G74/><T10/><D10/><U66/><E117/><V8/><F42/><W56/><G56/><T38/><D38/><U59/><E86/><V90/><F98/><W133/><G32/><T109/><D109/><N who="2" m="42058" /><F90/><W84/><G75/><T118/><D118/><U46/><E46/><N who="2" m="27927" /><F70/><W82/><G103/><T88/><D88/><U23/><E23/><V47/><F47/><W16/><G100/><T101/><D101/><U124/><E77/><V89/><F89/><W22/><G19/><T126/><D126/><U25/><E25/><V113/><F113/><W64/><G64/><T128/><AGARI ba="0,0" hai="105,107,128,129,131" m="2569,37449,18679" machi="128" ten="40,1500,0" yaku="19,1" doraHai="72" who="0" fromWho="0" sc="237,15,287,-7,243,-4,233,-4" /><INIT seed="2,0,0,2,5,76" ten="252,280,239,229" oya="2" hai0="105,109,27,129,120,128,130,59,37,4,61,24,63" hai1="21,119,34,23,31,71,67,80,108,82,25,47,14" hai2="123,78,102,88,11,64,77,84,62,135,1,29,20" hai3="125,127,79,51,33,68,85,89,22,30,107,13,16"/><V104/><F123/><W44/><G68/><T32/><D120/><U60/><E119/><V90/><F135/><W42/><G107/><T86/><D109/><U53/><E108/><V95/><F104/><W121/><G121/><T116/><D116/><U72/><E72/><V8/><F102/><W133/><G133/><T55/><D37/><U56/><E47/><V111/><F111/><W12/><G12/><T115/><D115/><U122/><E122/><V87/><F1/><W18/><G18/><T69/><D32/><U70/><E70/><V83/><F20/><W54/><G79/><N who="2" m="30217" /><F29/><W50/><G30/><T75/><D4/><U46/><E46/><V100/><F100/><W57/><REACH who="3" step="1"/><G33/><REACH who="3" ten="252,280,239,219" step="2"/><T114/><D105/><U103/><E34/><V43/><F43/><W41/><G41/><T26/><D114/><U9/><E31/><V134/><F134/><W110/><G110/><T106/><D106/><U48/><E14/><V91/><F90/><W6/><G6/><T39/><D75/><U45/><E103/><V73/><F73/><W124/><G124/><T94/><D69/><U131/><E71/><V92/><F95/><AGARI ba="0,1" hai="13,16,22,42,44,50,51,54,57,85,89,95,125,127" machi="95" ten="40,8000,1" yaku="1,1,25,2,54,1,53,0" doraHai="76" doraHaiUra="97" who="3" fromWho="2" sc="252,0,280,0,239,-80,219,90" /><INIT seed="3,0,0,5,5,3" ten="252,280,159,309" oya="3" hai0="68,40,8,21,2,134,76,116,115,55,131,128,67" hai1="57,106,58,31,24,28,88,39,133,44,50,123,100" hai2="12,51,73,0,132,49,26,13,89,110,135,7,95" hai3="53,121,104,18,109,108,92,84,46,35,59,10,91"/><W93/><G35/><T105/><D116/><U16/><E123/><V71/><F73/><W81/><G121/><T79/><D105/><U80/><E39/><V34/><F71/><W119/><G104/><T125/><D40/><U29/><E100/><V63/><F110/><N who="3" m="42603" /><G46/><T25/><D134/><N who="2" m="51242" /><F63/><N who="3" m="36335" /><G119/><T48/><D125/><U56/><E106/><V101/><F101/><W11/><G18/><T97/><D115/><U32/><E133/><V87/><F49/><W122/><G122/><T54/><D67/><U47/><E32/><V120/><F51/><W33/><G33/><T36/><D68/><U114/><E114/><V45/><F45/><N who="1" m="17481" /><E50/><V107/><F120/><W61/><G61/><T94/><D48/><U72/><E72/><V64/><F64/><W65/><G65/><T9/><D36/><U86/><E56/><V83/><F107/><W103/><G103/><N who="0" m="60855" /><D55/><U130/><E130/><V99/><F34/><W127/><G127/><T38/><D54/><U90/><E90/><N who="2" m="51583" /><F26/><W85/><G93/><T74/><D38/><U15/><E24/><V43/><F43/><W23/><G23/><AGARI ba="0,0" hai="15,16,23,28,29,31,57,58,80,86,88" m="17481" machi="23" ten="30,3900,0" yaku="8,1,54,2" doraHai="3" who="1" fromWho="3" sc="252,0,280,39,159,0,309,-39" owari="252,-14.8,319,41.9,159,-34.1,270,7.0" /></mjloggm>