<mjloggm ver="2.3"><GO type="225" lobby="0"/><UN n0="%E3%81%A9%E3%82%93%E3%82%88%E3%81%8F%4D%6B%2E%32" n1="%E3%82%A2%E3%82%A4%E3%82%B9%E3%83%86%E3%82%A3%E3%83%BC%E3%81%82%E3%81%B9" n2="%E3%81%99%E3%81%84%E3%81%BE%E3%81%9B%E3%83%BC%E3%82%93" n3="%E6%B4%BE%E9%81%A3%E3%81%AE%E3%82%B8%E3%83%A3%E3%83%83%E3%82%AF" dan="16,16,16,17" rate="2158.25,2110.59,2221.49,2238.65" sx="M,M,M,M"/><TAIKYOKU oya="0"/><INIT seed="0,0,0,5,3,93" ten="250,250,250,250" oya="0" hai0="79,21,1,20,85,35,40,76,95,52,103,15,43" hai1="126,18,25,96,123,42,3,110,87,69,58,102,44" hai2="34,115,29,45,74,94,118,49,122,19,108,37,47" hai3="125,2,116,81,64,131,30,36,73,114,75,134,88"/><T11/><D35/><U31/><E110/><V24/><F122/><W111/><RYUUKYOKU type="yao9" ba="0,0" sc="250,0,250,0,250,0,250,0" hai3="2,30,36,64,73,75,81,88,111,114,116,125,131,134" /><INIT seed="0,1,0,2,3,112" ten="250,250,250,250" oya="0" hai0="100,24,114,106,72,116,126,48,82,118,50,135,62" hai1="104,95,4,21,78,107,20,90,40,97,130,13,83" hai2="129,101,8,7,22,117,65,10,41,56,6,54,55" hai3="51,128,17,3,46,34,89,76,75,57,86,5,92"/><T36/><D36/><U2/><E130/><V79/><F129/><W85/><G34/><T1/><D1/><U49/><E2/><V73/><F41/><W42/><G75/><T37/><D37/><U77/><E77/><V103/><F22/><W58/><G128/><T32/><D114/><U88/><E90/><V91/><F91/><W33/><G33/><T47/><D62/><U113/><E113/><V63/><F79/><W16/><G5/><T28/><D126/><U121/><E121/><V43/><F43/><W67/><G3/><T102/><D50/><U96/><E97/><V25/><F25/><W111/><G111/><T38/><D38/><U60/><E60/><V39/><F73/><W44/><G44/><T87/><D72/><U124/><E124/><V30/><F30/><W19/><REACH who="3" step="1"/><G67/><REACH who="3" ten="250,250,250,240" step="2"/><T61/><D135/><U59/><E4/><V9/><F6/><W81/><AGARI ba="1,1" hai="16,17,19,42,46,51,57,58,76,81,85,86,89,92" machi="81" ten="30,8000,1" yaku="1,1,2,1,0,1,8,1,54,1,53,0" doraHai="112" doraHaiUra="110" who="3" fromWho="3" sc="250,-41,250,-21,250,-21,240,93" /><INIT seed="1,0,0,5,2,1" ten="209,229,229,333" oya="1" hai0="9,100,57,31,122,104,16,119,83,129,116,13,32" hai1="102,22,43,12,56,3,97,88,0,121,29,108,105" hai2="90,79,68,14,50,64,85,36,73,70,42,8,98" hai3="72,10,4,5,51,109,27,53,38,115,118,45,41"/><U111/><E121/><V59/><F36/><W112/><G72/><T117/><D122/><U69/><E69/><V135/><F135/><W74/><G74/><T82/><D129/><U133/><E43/><V130/><F130/><W24/><G109/><N who="1" m="42058" /><E133/><V92/><F73/><W6/><G10/><T47/><D57/><U132/><E132/><V127/><F127/><W60/><G60/><T66/><D66/><U15/><E56/><V94/><F79/><W78/><G78/><T131/><D131/><U67/><E67/><V7/><F42/><W54/><G118/><T48/><D100/><U28/><E88/><V91/><REACH who="2" step="1"/><F50/><REACH who="2" ten="209,229,219,333" step="2"/><W21/><G38/><T18/><D48/><U23/><E3/><V96/><F96/><W40/><G112/><T99/><D99/><U62/><E0/><V124/><F124/><W89/><G115/><T25/><D117/><U87/><E87/><V134/><F134/><W26/><G41/><T37/><D37/><U128/><E128/><V93/><F93/><W63/><G40/><T81/><D119/><U34/><E62/><AGARI ba="0,1" hai="7,8,14,59,62,64,68,70,85,90,91,92,94,98" machi="62" ten="40,2600,0" yaku="1,1,52,1,53,0" doraHai="1" doraHaiUra="101" who="2" fromWho="1" sc="209,0,229,-26,219,36,333,0" /><INIT seed="2,0,0,1,2,128" ten="209,203,255,333" oya="2" hai0="69,118,133,26,89,71,134,117,53,8,80,131,44" hai1="14,87,75,9,123,58,107,101,77,63,112,95,16" hai2="11,121,7,52,10,62,83,2,125,94,82,78,74" hai3="90,20,116,42,56,25,49,124,99,18,0,13,22"/><V27/><F121/><W96/><G116/><N who="0" m="44651" /><D131/><U119/><E119/><V19/><F125/><W105/><G0/><T102/><D102/><U76/><E112/><V98/><F83/><W37/><G37/><T129/><D129/><U31/><E75/><V28/><F11/><W32/><G32/><T113/><D113/><U108/><E108/><V79/><F79/><W17/><G124/><T66/><D26/><U130/><E130/><V33/><F19/><W57/><G105/><T81/><D8/><U51/><E123/><V55/><REACH who="2" step="1"/><F62/><REACH who="2" ten="209,203,245,333" step="2"/><W93/><G18/><T122/><D122/><U46/><E31/><V120/><F120/><W1/><G17/><T35/><D81/><U114/><E114/><V61/><F61/><W91/><G25/><T86/><D35/><U68/><E77/><V36/><F36/><W135/><G22/><T92/><D80/><U45/><E76/><V70/><F70/><N who="0" m="26634" /><D66/><U127/><E68/><V24/><F24/><W97/><G20/><T73/><D73/><U6/><E127/><V67/><F67/><W23/><G23/><T106/><D106/><U103/><E107/><V104/><F104/><W41/><G1/><T126/><D126/><U65/><E16/><V132/><F132/><W109/><G135/><T50/><AGARI ba="0,1" hai="44,50,53,86,89,92,133,134" m="26634,44651" machi="50" ten="40,5200,0" yaku="12,1,52,2" doraHai="128" who="0" fromWho="0" sc="209,62,203,-13,245,-26,333,-13" /><INIT seed="3,0,0,1,1,103" ten="271,190,219,320" oya="3" hai0="83,134,124,67,27,96,25,104,108,16,50,72,125" hai1="81,92,41,94,61,18,36,133,14,70,132,84,90" hai2="123,40,53,5,60,8,1,59,87,57,38,45,74" hai3="22,64,20,101,26,7,119,54,113,34,23,24,66"/><W78/><G113/><T9/><D67/><U98/><E36/><V130/><F130/><W111/><G119/><T62/><D62/><U73/><E41/><V55/><F123/><W33/><G78/><N who="0" m="44487" /><D50/><U3/><E3/><V58/><F74/><W6/><G54/><T115/><D108/><U79/><E70/><V120/><F120/><W97/><G111/><T28/><D134/><N who="1" m="51819" /><E61/><V100/><F100/><W15/><G15/><N who="0" m="7279" /><D28/><U35/><E18/><V91/><F55/><W71/><G71/><T39/><D39/><U88/><E14/><V21/><F21/><W93/><G34/><T85/><D85/><N who="1" m="52303" /><E35/><V102/><F102/><W65/><G33/><T109/><D109/><U131/><E131/><V107/><F107/><W82/><G82/><AGARI ba="0,0" hai="1,5,8,38,40,45,53,57,58,59,60,82,87,91" machi="82" ten="30,1000,0" yaku="7,1" doraHai="103" who="2" fromWho="3" sc="271,0,190,0,219,10,320,-10" owari="271,7.1,190,-31.0,229,-17.1,310,41.0" /></mjloggm>