<mjloggm ver="2.3"><GO type="225" lobby="0"/><UN n0="%E3%81%82%E3%82%86%E3%81%AE%E9%A2%A8" n1="%E3%81%95%E3%81%8D%E3%81%9F%E3%81%BE%E6%9E%97%E6%AA%8E" n2="%E3%81%AA%E3%82%81%E3%81%93%E9%9B%80%E5%A3%AB" n3="%72%69%6F%75%63%68%61%6E" dan="16,16,16,16" rate="2100.48,2053.50,2022.24,2178.76" sx="M,M,M,M"/><TAIKYOKU oya="0"/><INIT seed="0,0,0,5,4,89" ten="250,250,250,250" oya="0" hai0="59,43,100,68,47,0,55,102,12,5,83,132,128" hai1="79,72,105,111,35,1,126,73,40,60,93,115,6" hai2="18,2,57,28,46,65,13,27,80,121,38,108,74" hai3="85,116,77,21,78,91,75,101,17,11,54,56,25"/><T42/><D132/><U133/><E105/><V129/><F2/><W24/><G116/><T3/><D68/><U32/><E133/><V14/><F121/><W109/><G109/><T52/><D128/><U104/><E104/><V58/><F108/><W31/><G75/><T53/><D59/><U41/><E111/><V16/><F80/><W120/><G101/><T90/><D3/><U94/><E60/><V117/><F74/><N who="1" m="28777" /><E79/><V49/><F38/><W61/><G120/><T70/><D70/><U48/><E48/><V30/><F129/><W92/><REACH who="3" step="1"/><G11/><REACH who="3" ten="250,250,250,240" step="2"/><T114/><D102/><U127/><E115/><V84/><F117/><W107/><G107/><T29/><D100/><U23/><E23/><AGARI ba="0,1" hai="17,21,23,24,25,31,54,56,61,77,78,85,91,92" machi="23" ten="30,7700,0" yaku="1,1,7,1,8,1,52,1,53,0" doraHai="89" doraHaiUra="113" who="3" fromWho="1" sc="250,0,250,-77,250,0,240,87" /><INIT seed="1,0,0,3,0,132" ten="250,173,250,327" oya="1" hai0="68,121,125,28,64,77,117,79,87,39,12,73,1" hai1="51,124,3,86,116,122,14,101,57,109,53,56,104" hai2="113,58,29,4,48,81,107,13,52,45,42,128,96" hai3="9,74,63,92,120,75,131,2,55,83,61,115,95"/><U78/><E116/><V59/><F128/><W38/><G120/><T130/><D117/><U16/><E122/><V106/><F113/><W20/><G115/><T10/><D1/><U19/><E3/><V35/><F59/><W126/><G126/><T15/><D39/><U23/><E104/><V66/><F66/><W91/><G131/><T6/><D130/><U11/><E124/><V69/><F69/><W49/><G38/><T37/><D37/><U34/><E34/><V41/><F41/><W80/><G74/><T105/><D105/><U67/><E109/><V100/><F29/><W24/><G2/><T94/><D73/><U93/><E78/><V71/><F35/><W70/><G9/><T97/><D125/><U110/><E110/><V8/><F71/><W33/><G33/><T27/><D12/><U76/><E76/><V25/><F25/><W135/><G135/><T40/><D40/><U102/><E67/><V50/><F96/><N who="3" m="57375" /><G95/><T88/><D97/><U90/><REACH who="1" step="1"/><E57/><REACH who="1" ten="250,163,250,327" step="2"/><V22/><F106/><W60/><G70/><T114/><D114/><U103/><E103/><V133/><F107/><W108/><G108/><T18/><D121/><U43/><E43/><V32/><F32/><W54/><G75/><T21/><REACH who="0" step="1"/><D6/><REACH who="0" ten="240,163,250,327" step="2"/><U99/><E99/><V123/><F123/><W89/><G55/><T127/><D127/><U36/><E36/><V111/><F111/><W119/><G119/><T72/><D72/><U44/><E44/><V7/><F133/><W46/><G89/><T5/><D5/><U47/><E47/><V84/><F7/><W129/><G129/><RYUUKYOKU ba="0,2" sc="240,10,163,10,250,-30,327,10" hai0="10,15,18,21,27,28,64,68,77,79,87,88,94" hai1="11,14,16,19,23,51,53,56,86,90,93,101,102" hai3="20,24,46,49,54,60,61,63,80,83" /><INIT seed="1,1,2,0,4,41" ten="250,173,220,337" oya="1" hai0="83,4,100,1,85,48,33,14,46,23,93,31,50" hai1="99,47,89,108,20,24,118,101,16,75,29,19,95" hai2="13,7,124,92,110,25,90,116,133,125,32,55,61" hai3="58,88,0,82,22,102,40,21,132,36,96,73,77"/><U6/><E118/><V91/><F116/><W2/><G132/><T127/><D127/><N who="2" m="48714" /><F133/><W117/><G117/><T59/><D1/><U71/><E75/><V79/><F79/><W11/><G58/><T122/><D122/><U128/><E71/><V52/><F110/><W9/><G9/><N who="0" m="4391" /><D33/><U67/><E67/><V130/><F130/><W121/><G121/><T76/><D59/><U134/><E134/><V135/><F135/><W66/><G66/><T27/><D46/><U72/><E72/><V26/><F61/><W49/><G49/><T87/><D87/><U84/><E128/><V111/><F111/><W74/><G88/><N who="2" m="33833" /><F92/><W78/><G78/><T37/><D37/><U65/><E65/><V42/><F42/><W114/><G73/><T57/><D57/><U115/><E115/><V30/><F26/><W8/><G114/><T80/><D80/><N who="1" m="49287" /><E108/><V103/><F103/><W70/><G70/><T60/><D60/><U69/><E69/><V63/><F63/><W34/><G34/><T120/><D120/><U17/><E6/><V62/><F62/><W97/><G102/><T28/><D100/><U38/><E38/><V3/><F3/><W104/><G0/><T81/><D81/><U64/><E64/><V113/><F113/><W106/><G2/><T51/><D93/><U94/><E95/><V44/><F44/><AGARI ba="1,2" hai="16,17,19,20,24,29,44,47,94,99,101" m="49287" machi="44" ten="30,11600,0" yaku="8,1,52,2,54,1" doraHai="41" who="1" fromWho="2" sc="250,0,173,139,220,-119,337,0" /><INIT seed="1,2,0,5,2,45" ten="250,312,101,337" oya="1" hai0="79,20,57,29,99,41,110,117,106,38,60,1,11" hai1="80,135,47,12,131,78,68,37,18,27,6,90,76" hai2="116,31,51,23,132,113,82,26,87,67,35,5,17" hai3="44,93,77,13,30,133,101,111,127,72,3,33,21"/><U109/><E68/><V83/><F116/><W124/><G111/><T16/><D117/><U25/><E135/><V114/><F132/><W129/><G133/><T97/><D110/><U130/><E109/><V53/><F67/><W64/><G129/><N who="1" m="49162" /><E6/><V55/><F53/><W73/><G3/><T48/><D38/><U94/><E37/><V42/><F42/><W19/><G64/><T128/><D128/><U65/><E65/><V84/><F5/><W10/><G33/><T118/><D118/><U100/><E100/><V112/><F84/><W66/><G66/><N who="0" m="39183" /><D1/><U69/><E69/><V49/><F55/><W4/><G30/><T103/><D103/><U22/><E78/><V108/><F108/><W96/><G44/><N who="0" m="25615" /><D106/><U70/><E70/><V15/><REACH who="2" step="1"/><F82/><REACH who="2" ten="250,312,91,337" step="2"/><W54/><G54/><T62/><D62/><U7/><E7/><V92/><F92/><W88/><G101/><T9/><D99/><N who="1" m="57815" /><E47/><V46/><F46/><W52/><G52/><T36/><D97/><U39/><E39/><V75/><F75/><AGARI ba="2,1" hai="12,18,22,25,27,75,76,80" m="57815,49162" machi="75" ten="30,1500,0" yaku="19,1" doraHai="45" who="1" fromWho="2" sc="250,0,312,31,91,-21,337,0" /><INIT seed="1,3,0,4,2,106" ten="250,343,70,337" oya="1" hai0="74,14,6,96,20,65,35,69,98,71,49,8,121" hai1="19,125,58,93,43,10,28,124,51,34,67,40,110" hai2="81,114,101,62,107,119,30,109,61,24,17,73,32" hai3="75,94,76,132,66,88,99,120,48,127,118,133,33"/><U92/><E34/><V89/><F119/><W91/><G33/><T1/><D35/><U55/><E28/><V15/><F109/><W44/><G120/><T37/><D37/><U112/><E10/><V70/><F114/><W72/><G127/><N who="1" m="48714" /><E19/><V126/><F126/><W57/><G118/><T36/><D36/><U5/><E5/><V45/><F45/><W105/><G105/><T129/><D129/><U64/><E93/><V9/><F89/><W12/><G76/><T11/><D20/><U21/><E21/><V46/><F46/><W2/><G2/><T135/><D135/><N who="3" m="51785" /><G12/><T0/><D14/><U87/><E87/><V13/><F13/><W52/><G91/><T77/><D121/><U27/><E27/><V68/><F101/><W86/><G99/><T115/><D115/><U83/><E92/><V3/><F3/><W116/><G116/><T16/><D6/><U90/><E83/><V54/><F107/><W25/><G25/><T123/><D123/><U80/><E80/><V53/><F62/><AGARI ba="3,0" hai="44,48,52,57,62,66,72,75,86,88,94" m="51785" machi="62" ten="30,8000,1" yaku="20,1,52,2,54,2" doraHai="106" who="3" fromWho="2" sc="250,0,343,0,70,-89,337,89" owari="250,-15.0,343,14.3,-19,-51.9,426,52.6" /></mjloggm>