<mjloggm ver="2.3"><GO type="225" lobby="0"/><UN n0="%E5%84%AA%40%41%42%43" n1="%E3%81%9F%E3%81%A3%E3%81%A1%E3%82%87" n2="%72%69%6F%75%63%68%61%6E" n3="%E9%80%86%E9%80%A3%E5%B8%AF%E3%81%AE%E9%AC%BC" dan="17,16,17,16" rate="2234.95,2076.26,2290.73,2105.50" sx="M,M,M,M"/><TAIKYOKU oya="0"/><INIT seed="0,0,0,2,1,41" ten="250,250,250,250" oya="0" hai0="34,72,120,51,114,30,15,6,31,83,7,17,44" hai1="104,95,9,119,65,19,67,113,36,116,8,76,115" hai2="82,16,49,106,74,91,33,52,118,128,98,29,37" hai3="103,38,135,125,4,110,96,59,85,117,133,75,48"/><T13/><D114/><N who="1" m="43531" /><E104/><V109/><F37/><W71/><G117/><N who="1" m="45130" /><E36/><V53/><F118/><W99/><G71/><T22/><D120/><U1/><E76/><V94/><F109/><W84/><G75/><T43/><D34/><U10/><E95/><V42/><F128/><W112/><G38/><T129/><D129/><U20/><E1/><V11/><F106/><W18/><G110/><T123/><D123/><U14/><AGARI ba="0,0" hai="8,9,10,14,19,20,65,67" m="45130,43531" machi="14" ten="40,1500,0" yaku="11,1" doraHai="41" who="1" fromWho="1" sc="250,-7,250,15,250,-4,250,-4" /><INIT seed="1,0,0,1,3,42" ten="243,265,246,246" oya="1" hai0="38,121,72,13,37,77,78,101,32,92,70,45,62" hai1="112,63,41,29,86,105,52,131,61,56,104,125,44" hai2="14,55,95,94,120,57,114,89,46,135,81,119,85" hai3="31,6,97,51,106,43,40,39,65,93,133,96,1"/><U58/><E112/><V134/><F119/><W35/><G133/><N who="2" m="50697" /><F120/><W98/><G39/><T59/><D121/><U116/><E116/><V102/><F114/><W64/><G106/><T17/><D32/><U26/><E125/><V79/><F102/><W73/><G73/><T129/><D70/><U90/><E131/><V5/><F46/><W122/><G122/><T53/><D129/><U103/><E103/><V8/><F79/><W3/><G6/><T34/><D34/><U76/><E76/><V74/><F74/><W83/><G83/><T68/><D68/><U24/><E29/><V99/><F99/><W21/><G35/><T48/><D38/><U87/><E104/><V127/><F127/><W2/><G93/><T7/><D7/><U75/><E75/><V49/><AGARI ba="0,0" hai="5,8,14,49,55,57,81,85,89,94,95" m="50697" machi="49" ten="30,1100,0" yaku="20,1" doraHai="42" who="2" fromWho="2" sc="243,-3,265,-5,246,11,246,-3" /><INIT seed="2,0,0,1,2,66" ten="240,260,257,243" oya="2" hai0="40,2,53,15,103,7,76,35,23,64,34,59,14" hai1="28,80,131,69,108,72,41,117,124,55,84,75,29" hai2="74,121,32,6,38,93,67,81,8,11,18,90,16" hai3="71,47,102,33,107,1,115,83,134,49,68,113,135"/><V9/><F121/><W87/><G33/><T92/><D2/><U3/><E3/><V126/><F38/><W54/><G1/><T132/><D132/><N who="3" m="50729" /><G102/><T119/><D119/><U5/><E124/><V24/><F126/><W105/><G105/><T36/><D34/><U133/><E5/><V99/><F6/><W96/><G96/><N who="0" m="59783" /><D35/><U86/><E108/><V88/><F67/><W98/><G98/><T39/><D39/><U45/><E131/><V89/><F74/><W77/><G107/><T52/><D40/><U62/><E117/><V56/><F56/><W116/><G116/><T51/><D76/><U78/><E41/><V19/><REACH who="2" step="1"/><F81/><REACH who="2" ten="240,260,247,243" step="2"/><W65/><G65/><T31/><D36/><U61/><E80/><V106/><F106/><W21/><G21/><T120/><D120/><U13/><E133/><V111/><F111/><W57/><G57/><N who="0" m="32927" /><D64/><U110/><E110/><V10/><N who="2" m="2048" /><DORA hai="43" /><V46/><F46/><W85/><G85/><T125/><D7/><U30/><E45/><V130/><F130/><W42/><G42/><T91/><D125/><U127/><E86/><V123/><F123/><W112/><AGARI ba="0,1" hai="47,49,54,68,71,77,83,87,112,113,115" m="50729" machi="112" ten="40,8000,1" yaku="11,1,20,1,52,3" doraHai="66,43" who="3" fromWho="3" sc="240,-20,260,-20,247,-40,243,90" /><INIT seed="3,0,0,0,5,88" ten="220,240,207,333" oya="3" hai0="79,91,50,61,121,110,111,67,57,24,13,31,62" hai1="60,116,53,89,99,26,58,109,93,69,100,114,127" hai2="80,51,106,132,87,82,63,10,126,84,22,7,8" hai3="64,103,30,71,32,38,78,52,118,68,56,105,29"/><W119/><G38/><T44/><D121/><U75/><E114/><V124/><F132/><W135/><G135/><T5/><D79/><U122/><E122/><V43/><F106/><W49/><G78/><T9/><D62/><U125/><E109/><N who="0" m="41481" /><D91/><U16/><E75/><V19/><F63/><W92/><G105/><T66/><D57/><U128/><E116/><V102/><F102/><W59/><G59/><T115/><D61/><U35/><E128/><V0/><F10/><W86/><G86/><N who="2" m="32809" /><F43/><W76/><G76/><T104/><D104/><U65/><E100/><V131/><F51/><W21/><G119/><T85/><D85/><U81/><E81/><V27/><F131/><W6/><G118/><T18/><D5/><U108/><E108/><V20/><F20/><W90/><G6/><T12/><D12/><U4/><E4/><V73/><F73/><W23/><G103/><T17/><D17/><U72/><E16/><V15/><F15/><W123/><G123/><T40/><D115/><U97/><E72/><V134/><F134/><W74/><G74/><T113/><D113/><U47/><E60/><V96/><F96/><W55/><G49/><T70/><D70/><U2/><E69/><V41/><F41/><W34/><G71/><T48/><D50/><U36/><E99/><V25/><F25/><W3/><G68/><T42/><D40/><U11/><E26/><V54/><F54/><W83/><G55/><T39/><D48/><U94/><E53/><V130/><F130/><W129/><G52/><T133/><D133/><U46/><E97/><V45/><F45/><RYUUKYOKU ba="0,0" sc="220,15,240,-15,207,15,333,-15" hai0="9,13,18,24,31,39,42,44,66,67" hai2="0,7,8,19,22,27,80,82,124,126" owari="235,3.5,225,-17.5,222,-27.8,318,41.8" /></mjloggm>