<mjloggm ver="2.3"><GO type="225" lobby="0"/><UN n0="%E3%81%86%E3%81%A3%E3%81%97%E3%83%BC%30%30" n1="%6E%69%63%6F%6E%74%6F" n2="%73%6C%69%63%6B%33%31%39" n3="%E3%83%AB%E3%83%9B%E3%83%B3%E3%83%87%E3%82%A3%E3%82%A8" dan="16,17,16,17" rate="2137.64,2122.90,2182.09,2190.83" sx="M,M,M,M"/><TAIKYOKU oya="0"/><INIT seed="0,0,0,5,2,75" ten="250,250,250,250" oya="0" hai0="116,24,99,47,111,25,126,104,33,27,109,96,41" hai1="70,56,1,78,64,67,108,95,107,49,89,60,134" hai2="80,37,84,69,28,87,123,124,79,100,59,125,13" hai3="6,127,18,119,132,129,88,114,36,105,77,51,57"/><T32/><D116/><U3/><E134/><V7/><F69/><W55/><G105/><T102/><D126/><N who="2" m="48746" /><F37/><W130/><G36/><T115/><D99/><U82/><E107/><V11/><F123/><W17/><G114/><T120/><D115/><U86/><E108/><N who="0" m="41545" /><D120/><U106/><E106/><V35/><F100/><W52/><G6/><T63/><D63/><U39/><E39/><AGARI ba="0,0" hai="24,25,27,32,33,39,41,47,96,102,104" m="41545" machi="39" ten="30,2900,0" yaku="14,1,10,1" doraHai="75" who="0" fromWho="1" sc="250,29,250,-29,250,0,250,0" /><INIT seed="0,1,0,1,2,127" ten="279,221,250,250" oya="0" hai0="124,103,19,75,42,78,104,82,7,6,135,110,30" hai1="111,59,50,26,20,109,121,106,119,133,51,39,69" hai2="84,94,36,66,23,53,117,99,33,126,88,131,55" hai3="68,116,134,122,49,93,107,11,41,12,112,15,61"/><T21/><D124/><U86/><E119/><V63/><F33/><W120/><G107/><T125/><D125/><U28/><E121/><N who="3" m="46698" /><G112/><T17/><D135/><U92/><E106/><V38/><F126/><W4/><G134/><T9/><D110/><U35/><E39/><V83/><F117/><W90/><G116/><T0/><D7/><U72/><E72/><V97/><F131/><W58/><G68/><T37/><D30/><U89/><E133/><V115/><F115/><W56/><G41/><T47/><REACH who="0" step="1"/><D21/><REACH who="0" ten="269,221,250,250" step="2"/><U8/><E111/><V114/><F23/><W113/><G113/><T5/><D5/><U87/><E109/><V118/><F114/><W40/><G4/><T43/><D43/><U31/><E20/><V71/><F118/><W105/><G40/><T22/><D22/><U45/><E31/><V57/><F99/><AGARI ba="1,1" hai="0,6,9,17,19,37,42,47,75,78,82,99,103,104" machi="99" ten="40,7700,0" yaku="1,1,25,2,53,0" doraHai="127" doraHaiUra="24" who="0" fromWho="2" sc="269,90,221,0,250,-80,250,0" /><INIT seed="0,2,0,5,0,100" ten="359,221,170,250" oya="0" hai0="80,102,4,73,24,69,63,36,105,13,74,2,78" hai1="7,82,134,87,72,6,27,130,68,8,112,43,31" hai2="9,103,61,77,126,3,135,96,89,19,30,109,26" hai3="128,85,44,51,88,45,23,121,98,71,52,20,32"/><T116/><D13/><U28/><E68/><V104/><F126/><W46/><G32/><T60/><D60/><U57/><E72/><V93/><F135/><W76/><G71/><T79/><D116/><U91/><E134/><V124/><F109/><W101/><G76/><T62/><D62/><U117/><E130/><V114/><F114/><W21/><G121/><T35/><D36/><U107/><E107/><V18/><F124/><W120/><G128/><T14/><D14/><U15/><E117/><V110/><F110/><W41/><G120/><T99/><D4/><U95/><E43/><V53/><F77/><W125/><G125/><T49/><D49/><U5/><E57/><V17/><F3/><W29/><G29/><N who="1" m="11338" /><E27/><V33/><F9/><W38/><G46/><T132/><D24/><U40/><E40/><V58/><REACH who="2" step="1"/><F17/><REACH who="2" ten="359,221,160,250" step="2"/><W131/><G131/><T108/><D108/><U123/><E112/><V94/><F94/><W97/><REACH who="3" step="1"/><G101/><REACH who="3" ten="359,221,160,240" step="2"/><T64/><D132/><U133/><E133/><V10/><F10/><W86/><G86/><AGARI ba="2,2" hai="18,19,26,30,33,53,58,61,86,89,93,96,103,104" machi="86" ten="30,3900,0" yaku="1,1,7,1,52,1,53,0" doraHai="100" doraHaiUra="0" who="2" fromWho="3" sc="359,0,221,0,160,65,240,-45" /><INIT seed="1,0,0,1,3,79" ten="359,221,225,195" oya="1" hai0="62,135,106,75,8,0,73,18,81,70,109,128,76" hai1="110,90,105,87,22,119,16,47,28,78,23,96,17" hai2="85,132,33,68,29,4,84,92,20,30,104,21,108" hai3="58,12,2,130,15,3,94,134,117,24,31,131,25"/><U11/><E119/><V49/><F104/><W26/><G94/><T115/><D115/><U88/><E110/><V46/><F68/><W35/><G58/><T43/><D128/><N who="3" m="49193" /><G117/><T13/><D135/><U83/><E105/><V95/><F33/><W59/><G59/><T39/><D109/><U71/><E71/><V103/><F108/><W45/><G45/><T101/><D0/><N who="3" m="41" /><G134/><T14/><D14/><AGARI ba="0,0" hai="12,14,15,24,25,26,31,35" m="41,49193" machi="14" ten="30,3900,0" yaku="19,1,34,2" doraHai="79" who="3" fromWho="0" sc="359,-39,221,0,225,0,195,39" /><INIT seed="2,0,0,3,3,50" ten="320,221,225,234" oya="2" hai0="0,73,49,11,70,126,133,131,135,125,91,77,75" hai1="21,18,102,1,26,31,48,34,100,55,86,68,4" hai2="15,41,29,99,16,128,59,19,97,69,30,60,9" hai3="40,2,14,114,61,93,74,90,78,83,117,62,124"/><V17/><F128/><W64/><G2/><T121/><D121/><U96/><E68/><V13/><F69/><W57/><G117/><T45/><D70/><U38/><E38/><V56/><F41/><W113/><G124/><N who="0" m="47723" /><D91/><U20/><E86/><V132/><F132/><N who="0" m="50762" /><D77/><U47/><E96/><N who="2" m="36939" /><F56/><W79/><G57/><T130/><D11/><N who="1" m="2447" /><E21/><N who="2" m="11439" /><F19/><W5/><G79/><T44/><D0/><U110/><E110/><V35/><F35/><W85/><G78/><T66/><D66/><AGARI ba="0,0" hai="9,15,16,29,30,59,60,66" m="11439,36939" machi="66" ten="30,2900,0" yaku="8,1,54,1" doraHai="50" who="2" fromWho="0" sc="320,-29,221,0,225,29,234,0" /><INIT seed="2,1,0,1,4,104" ten="291,221,254,234" oya="2" hai0="131,106,31,124,65,63,8,88,29,10,87,45,64" hai1="96,7,4,47,118,50,62,36,17,53,52,15,107" hai2="113,85,134,77,20,68,86,93,74,115,21,108,67" hai3="13,57,69,22,130,82,89,109,56,6,73,92,105"/><V38/><F38/><W102/><G69/><T81/><D106/><U32/><E118/><V19/><F68/><W9/><G109/><T80/><D131/><U101/><E32/><V24/><F67/><N who="0" m="25674" /><D124/><U79/><E36/><V37/><F37/><W110/><G130/><T91/><D63/><U16/><E79/><V99/><F134/><W26/><G110/><T122/><D45/><U58/><REACH who="1" step="1"/><E17/><REACH who="1" ten="291,211,254,234" step="2"/><V95/><F108/><W61/><G105/><T70/><D122/><U49/><E49/><V125/><F125/><W1/><G61/><T116/><D116/><U135/><E135/><V100/><F115/><W78/><G102/><T126/><D126/><U59/><E59/><V5/><F113/><W76/><G76/><T112/><D70/><U14/><E14/><V71/><F71/><W34/><G34/><T120/><D120/><U84/><E84/><V133/><F133/><W48/><G48/><T117/><D117/><U98/><E98/><V97/><F86/><W60/><G60/><T55/><D112/><U128/><E128/><V30/><F85/><W103/><G103/><T25/><D87/><U40/><E40/><V23/><F19/><W129/><G129/><T46/><D81/><U90/><E90/><N who="2" m="55479" /><F24/><W132/><G132/><T94/><D80/><U114/><E114/><V28/><F30/><N who="0" m="11274" /><D25/><U119/><E119/><V127/><F28/><N who="3" m="17495" /><G13/><T18/><D18/><U43/><E43/><V83/><F127/><W2/><G2/><T72/><D91/><U54/><E54/><V41/><F41/><W3/><G3/><T44/><D55/><U121/><E121/><RYUUKYOKU ba="1,1" sc="291,-30,211,10,254,10,234,10" hai1="4,7,15,16,47,50,52,53,58,62,96,101,107" hai2="5,20,21,23,74,77,83,95,99,100" hai3="1,6,9,56,57,73,78,82,89,92" /><INIT seed="2,2,1,0,2,57" ten="261,221,264,244" oya="2" hai0="88,52,56,8,82,51,133,92,77,72,90,131,59" hai1="118,41,130,135,127,24,116,14,111,21,109,65,107" hai2="36,103,10,106,46,15,87,5,29,63,37,115,16" hai3="71,42,43,134,95,66,73,25,12,19,108,69,85"/><V61/><F115/><W4/><G73/><T104/><D104/><U26/><E107/><V76/><F29/><W22/><G108/><N who="1" m="41546" /><E65/><V94/><F106/><W53/><G134/><T7/><D133/><U1/><E41/><V18/><F36/><W98/><G85/><T78/><D131/><U44/><E135/><V0/><F37/><W112/><G112/><T9/><D78/><U79/><E44/><V120/><F120/><W32/><G71/><T89/><D56/><U102/><E102/><V129/><F129/><W31/><G53/><T126/><D126/><U11/><E130/><V58/><F46/><W60/><REACH who="3" step="1"/><G4/><REACH who="3" ten="261,221,264,234" step="2"/><T6/><D6/><N who="1" m="1487" /><E79/><V30/><F76/><W3/><G3/><T33/><D33/><U110/><E110/><V123/><F0/><W17/><G17/><T91/><REACH who="0" step="1"/><D7/><REACH who="0" ten="251,221,264,234" step="2"/><U64/><E64/><V99/><F5/><W119/><G119/><T114/><D114/><U96/><E118/><V62/><F123/><W40/><G40/><T20/><D20/><U2/><E116/><V122/><F122/><W121/><G121/><T117/><D117/><U105/><E21/><V39/><F10/><W97/><G97/><AGARI ba="2,3" hai="8,9,51,52,59,72,77,82,88,89,90,91,92,97" machi="97" ten="40,8000,1" yaku="1,1,54,2,53,1" doraHai="57" doraHaiUra="49" who="0" fromWho="3" sc="251,116,221,0,264,0,234,-86" /><INIT seed="3,0,0,0,3,27" ten="367,221,264,148" oya="3" hai0="71,102,104,103,123,112,96,28,72,2,40,135,59" hai1="114,106,88,55,11,31,20,125,118,95,26,24,1" hai2="0,29,120,119,50,93,17,117,113,121,73,38,67" hai3="54,15,129,100,6,60,116,44,49,9,57,56,126"/><W4/><G126/><T80/><D103/><U99/><E125/><V68/><F38/><W85/><G129/><T21/><D21/><U33/><E114/><V92/><F113/><W23/><G116/><T98/><D98/><U62/><E118/><V131/><F131/><W61/><G100/><T19/><D19/><N who="1" m="12319" /><E106/><V105/><F105/><W7/><G85/><T83/><D83/><U70/><E70/><V89/><F0/><W32/><G32/><T25/><D25/><U86/><E11/><V47/><F73/><W51/><G23/><T87/><D59/><N who="1" m="35199" /><E86/><V35/><F17/><W79/><G79/><T36/><D40/><U101/><E101/><V94/><F89/><W43/><REACH who="3" step="1"/><G49/><REACH who="3" ten="367,221,264,138" step="2"/><T84/><D84/><U3/><AGARI ba="0,1" hai="1,3,26,31,33,88,95,99" m="35199,12319" machi="3" ten="30,4000,0" yaku="25,1,52,1,54,1" doraHai="27" who="1" fromWho="1" sc="367,-10,221,50,264,-10,138,-20" owari="357,45.7,271,7.1,254,-14.6,118,-38.2" /></mjloggm>