<mjloggm ver="2.3"><GO type="225" lobby="0"/><UN n0="%E3%82%B7%E3%83%B3%E5%A4%AA%E6%9C%97" n1="%E6%A1%9C%E8%8A%B1%E9%96%83%E3%80%85" n2="%4C%4F%4C%49%54%41" n3="%48%61%61%61%6C%61%6E%64" dan="16,16,16,18" rate="2140.17,2106.96,2149.74,2272.53" sx="M,M,F,M"/><TAIKYOKU oya="0"/><INIT seed="0,0,0,5,3,33" ten="250,250,250,250" oya="0" hai0="21,75,70,42,5,24,87,48,22,105,120,133,126" hai1="9,96,34,109,95,99,79,46,54,80,50,125,61" hai2="14,100,39,26,43,47,128,123,118,66,101,52,65" hai3="51,18,56,98,121,31,134,64,49,78,88,89,23"/><T112/><D120/><U117/><E117/><V7/><F123/><W93/><G121/><T69/><D112/><U108/><E125/><V28/><F128/><W10/><G134/><T19/><D126/><U102/><E34/><V8/><F118/><W11/><G78/><T29/><D75/><U111/><E61/><V57/><F66/><W44/><G31/><T41/><D105/><U45/><E9/><V135/><F65/><W110/><G89/><T36/><D36/><U15/><E15/><V77/><F77/><W12/><G110/><T76/><D133/><U84/><REACH who="1" step="1"/><E96/><REACH who="1" ten="250,240,250,250" step="2"/><V38/><F135/><W20/><G10/><T127/><D127/><U2/><E2/><V3/><F14/><W32/><G32/><T25/><D5/><U124/><E124/><V71/><F71/><W37/><G37/><T73/><D70/><U67/><E67/><V74/><F38/><W13/><G13/><T55/><D69/><U104/><E104/><V106/><F106/><W131/><G131/><T130/><D130/><U35/><E35/><V86/><F39/><W94/><G64/><T97/><D97/><U17/><E17/><V90/><F7/><W68/><G68/><T83/><REACH who="0" step="1"/><D73/><REACH who="0" ten="240,240,250,250" step="2"/><U4/><E4/><V92/><F74/><W113/><G98/><T119/><D119/><U72/><E72/><V60/><F3/><W6/><G6/><T27/><D27/><U91/><E91/><V53/><F26/><W122/><G122/><T85/><D85/><U16/><E16/><V30/><F86/><W40/><G18/><T0/><D0/><U129/><E129/><RYUUKYOKU ba="0,2" sc="240,15,240,15,250,-15,250,-15" hai0="19,21,22,24,25,29,41,42,48,55,76,83,87" hai1="45,46,50,54,79,80,84,95,99,102,108,109,111" /><INIT seed="0,1,2,4,4,87" ten="255,255,235,235" oya="0" hai0="132,82,127,81,40,102,72,119,37,117,122,71,83" hai1="11,53,134,26,88,94,115,114,33,20,100,66,80" hai2="108,47,24,79,6,84,32,7,39,78,59,91,44" hai3="124,85,99,23,1,19,25,95,0,16,45,70,116"/><T43/><D122/><U128/><E33/><V131/><F108/><W34/><G116/><T56/><D71/><U120/><E120/><V73/><F131/><W38/><G70/><T76/><D37/><U54/><E128/><V9/><F73/><W21/><G34/><T68/><D68/><U92/><E134/><V121/><F121/><W126/><G85/><T106/><D56/><U35/><E35/><V50/><F39/><W75/><G75/><T31/><D31/><N who="1" m="17863" /><E66/><V110/><F110/><W4/><G45/><N who="2" m="17481" /><F24/><N who="3" m="14375" /><G4/><N who="2" m="1577" /><F9/><W129/><G38/><T5/><D132/><U58/><E11/><V8/><F8/><W69/><G69/><T41/><D5/><U18/><E18/><V101/><F101/><N who="3" m="60671" /><G129/><T62/><D127/><AGARI ba="1,2" hai="0,1,19,23,25,124,126,127" m="60671,14375" machi="127" ten="30,2000,0" yaku="18,1,54,1" doraHai="87" who="3" fromWho="0" sc="255,-23,255,0,235,0,235,43" /><INIT seed="1,0,0,4,5,85" ten="232,255,235,278" oya="1" hai0="41,75,36,88,121,44,23,29,135,13,118,97,132" hai1="99,89,10,26,0,40,71,49,61,119,131,111,63" hai2="7,103,87,45,74,129,109,57,94,16,2,91,70" hai3="58,14,83,20,100,115,120,133,105,33,17,73,110"/><U38/><E119/><V50/><F70/><W93/><G120/><T47/><D118/><U126/><E38/><V3/><F74/><W42/><G115/><T6/><D75/><U128/><E126/><V92/><F109/><W9/><G33/><T66/><D121/><U27/><E111/><V112/><F129/><N who="1" m="49737" /><E49/><V102/><F112/><W116/><G105/><T134/><D66/><N who="1" m="41423" /><E63/><V90/><F57/><W37/><G116/><T79/><D79/><U22/><E40/><V53/><F7/><W123/><G42/><T24/><D47/><U56/><E56/><V76/><F76/><W65/><G37/><T59/><D59/><U46/><E46/><V125/><F125/><W28/><G110/><T67/><D67/><U68/><E68/><V55/><F55/><W48/><G123/><T96/><D6/><N who="1" m="1351" /><E22/><V64/><F64/><W106/><G20/><T104/><D13/><U4/><E4/><V52/><F53/><W35/><G14/><T72/><D72/><U108/><E108/><V124/><F124/><W78/><G73/><T1/><D1/><U25/><E99/><N who="0" m="37961" /><D104/><U82/><E25/><V11/><F2/><W95/><G106/><T77/><D77/><U54/><E54/><V62/><F62/><W114/><G78/><T8/><D8/><U127/><E127/><V21/><F3/><W101/><G65/><T15/><D15/><U18/><E18/><V30/><F11/><W98/><G58/><T60/><D60/><U12/><E12/><N who="2" m="9351" /><F30/><W43/><G9/><T84/><D135/><U117/><E117/><V34/><F34/><W31/><G133/><RYUUKYOKU ba="0,0" sc="232,10,255,10,235,10,278,-30" hai0="23,24,29,36,41,44,84,88,132,134" hai1="26,27,82,89" hai2="45,50,52,87,90,91,92,94,102,103" /><INIT seed="1,1,0,1,1,12" ten="242,265,245,248" oya="1" hai0="48,20,104,56,95,75,50,59,49,70,52,112,13" hai1="93,71,40,34,25,80,77,45,88,37,58,7,1" hai2="19,107,129,101,73,46,4,65,35,120,31,135,87" hai3="15,69,123,17,124,67,27,6,113,47,43,8,102"/><U111/><E71/><V10/><F73/><W90/><G123/><T103/><D104/><U89/><E111/><V114/><F120/><W14/><G113/><T99/><D112/><U119/><E119/><V72/><F114/><W76/><G124/><T122/><D122/><U127/><E127/><V92/><F72/><W118/><G118/><T68/><D75/><N who="1" m="43071" /><E58/><V3/><F107/><W66/><G76/><T51/><REACH who="0" step="1"/><D56/><REACH who="0" ten="232,265,245,248" step="2"/><U38/><E38/><V63/><F129/><W22/><G69/><T86/><D86/><U83/><E83/><V81/><F87/><W39/><G102/><T117/><D117/><U91/><E93/><V109/><F92/><W61/><G90/><T85/><D85/><U108/><E108/><V128/><F101/><W42/><G42/><T132/><D132/><U98/><E89/><V21/><F135/><W29/><REACH who="3" step="1"/><G61/><REACH who="3" ten="232,265,245,238" step="2"/><T64/><D64/><U54/><E91/><V96/><F65/><W60/><G60/><T78/><D78/><U11/><E88/><V125/><F63/><W82/><G82/><T74/><D74/><U55/><E98/><V5/><F96/><W30/><G30/><AGARI ba="1,2" hai="1,7,11,25,30,34,37,40,45,54,55" m="43071" machi="30" ten="30,1500,0" yaku="25,1" doraHai="12" who="1" fromWho="3" sc="232,0,265,38,245,0,238,-18" /><INIT seed="1,2,0,4,2,131" ten="232,303,245,220" oya="1" hai0="35,77,45,125,119,1,97,117,132,55,2,62,87" hai1="114,38,111,64,42,84,39,20,81,52,103,100,15" hai2="83,46,96,37,115,90,121,21,65,92,29,13,7" hai3="86,12,71,88,28,48,59,75,79,74,124,63,24"/><U107/><E114/><V22/><F121/><W67/><G124/><T49/><D125/><U51/><E42/><V11/><F115/><W135/><G135/><T76/><D35/><U26/><E64/><V25/><F65/><W61/><G79/><T23/><D132/><U126/><E126/><V128/><F128/><W4/><G48/><T69/><D2/><U36/><E15/><V57/><F57/><W3/><G12/><T106/><D1/><U101/><E111/><V66/><F66/><W120/><G120/><T47/><D23/><U34/><E34/><V10/><F10/><W70/><G4/><T16/><D16/><U113/><E107/><V95/><F83/><W44/><G44/><T123/><D123/><U127/><E113/><V73/><F73/><W33/><G3/><T89/><D45/><U130/><E130/><V102/><F37/><W112/><G112/><T17/><D17/><U0/><E0/><V110/><F110/><W109/><G109/><T104/><D77/><U108/><E108/><V41/><F46/><W133/><G133/><T98/><D76/><N who="1" m="46119" /><E127/><V82/><F41/><W118/><G118/><N who="0" m="45067" /><D106/><U129/><E129/><V50/><F22/><W94/><REACH who="3" step="1"/><G61/><REACH who="3" ten="232,303,245,210" step="2"/><T85/><D104/><U68/><E51/><V134/><F50/><W19/><G19/><T54/><D62/><U9/><E38/><V80/><REACH who="2" step="1"/><F134/><REACH who="2" ten="232,303,235,210" step="2"/><W122/><G122/><T18/><D47/><U93/><E36/><V5/><F5/><W14/><G14/><T116/><D49/><U60/><E39/><V78/><F78/><W58/><G58/><T32/><D116/><RYUUKYOKU ba="2,2" sc="232,-15,303,-15,235,15,210,15" hai2="7,11,13,21,25,29,80,82,90,92,95,96,102" hai3="24,28,33,59,63,67,70,71,74,75,86,88,94" /><INIT seed="2,3,2,4,3,69" ten="217,288,250,225" oya="2" hai0="41,114,130,107,135,36,116,2,50,126,119,90,61" hai1="51,52,3,125,6,106,19,65,73,109,1,89,12" hai2="92,16,23,112,32,56,64,105,102,29,87,79,129" hai3="39,117,63,86,31,45,93,14,54,120,122,24,30"/><V98/><F112/><W134/><G117/><T100/><D2/><U110/><E125/><V46/><F129/><W15/><G134/><T60/><D126/><U97/><E73/><V17/><F32/><W66/><G31/><T99/><D114/><U20/><E65/><V26/><F46/><W111/><G111/><N who="1" m="42506" /><E6/><V13/><F79/><W21/><G120/><T47/><D130/><U88/><E89/><V33/><F17/><W82/><G93/><T127/><D127/><U80/><E80/><V58/><REACH who="2" step="1"/><F64/><REACH who="2" ten="217,288,240,225" step="2"/><W55/><G122/><T43/><D135/><U11/><E20/><V0/><F0/><W7/><G66/><T57/><D90/><AGARI ba="3,3" hai="13,16,23,26,29,33,56,58,87,90,92,98,102,105" machi="90" ten="40,3900,0" yaku="1,1,54,1,53,0" doraHai="69" doraHaiUra="35" who="2" fromWho="0" sc="217,-48,288,0,240,78,225,0" /><INIT seed="2,4,0,0,5,79" ten="169,288,318,225" oya="2" hai0="21,49,98,114,11,14,58,129,19,17,60,78,112" hai1="95,115,6,37,117,15,41,30,3,29,55,31,92" hai2="63,48,61,39,44,123,100,51,125,46,84,103,59" hai3="110,85,9,107,70,71,0,64,108,18,127,8,89"/><V4/><F123/><W28/><G107/><T135/><D129/><U12/><E115/><V34/><F34/><W88/><G127/><T2/><D135/><U90/><E117/><V32/><F32/><W67/><G28/><T105/><D49/><U75/><E75/><V25/><F39/><W73/><G73/><T104/><D104/><U118/><E118/><V132/><F125/><W13/><G0/><T133/><D133/><U33/><E33/><V65/><F25/><W23/><G23/><T77/><D112/><U7/><E3/><V36/><F36/><W53/><G53/><T24/><D114/><U109/><E109/><N who="3" m="42090" /><G8/><T119/><D119/><U66/><E55/><V111/><F132/><W81/><G89/><T86/><D2/><U62/><E90/><V38/><F103/><W10/><G10/><T120/><D120/><U68/><E30/><V99/><F100/><W47/><G47/><T50/><D50/><U96/><E31/><V27/><F51/><W134/><G134/><T130/><D130/><U87/><E29/><V80/><F46/><W16/><G18/><T91/><D98/><U74/><E74/><V82/><F99/><W76/><G76/><T42/><D105/><U20/><E20/><V5/><F48/><W22/><G9/><T45/><D45/><N who="1" m="23727" /><E6/><V94/><F4/><W128/><G128/><T52/><REACH who="0" step="1"/><D42/><REACH who="0" ten="159,288,318,225" step="2"/><U116/><E116/><V56/><F111/><W57/><G57/><T102/><D102/><N who="1" m="60679" /><E7/><V54/><F5/><W43/><G43/><T26/><D26/><U1/><E1/><V106/><F106/><W131/><G131/><RYUUKYOKU ba="4,1" sc="159,10,288,10,318,-30,225,10" hai0="11,14,17,19,21,24,52,58,60,77,78,86,91" hai1="12,15,62,66,68,87,95" hai3="13,16,22,64,67,70,71,81,85,88" /><INIT seed="3,5,1,4,5,67" ten="169,298,288,235" oya="3" hai0="99,129,106,2,43,10,98,101,85,23,121,123,134" hai1="52,113,102,54,78,130,38,58,92,48,20,105,1" hai2="84,31,116,72,93,37,3,117,41,128,15,119,34" hai3="53,89,103,79,32,80,100,27,57,75,62,82,107"/><W51/><G107/><T63/><D43/><U91/><E113/><V74/><F3/><W115/><G115/><T47/><D129/><U111/><E111/><V70/><F70/><W26/><G82/><T4/><D134/><U104/><E130/><V8/><F128/><W21/><G89/><T135/><D135/><U95/><E1/><V124/><F84/><W24/><G32/><T7/><D7/><U30/><E38/><V9/><F93/><W11/><G21/><T86/><D47/><U28/><E78/><V76/><F9/><W42/><G11/><T90/><D63/><N who="1" m="36295" /><E105/><V118/><F119/><W33/><G33/><T110/><D110/><U97/><E20/><V22/><F22/><W88/><G88/><T81/><D23/><U61/><E61/><V45/><F8/><W112/><G112/><T49/><D49/><U25/><E104/><V120/><F15/><W69/><REACH who="3" step="1"/><G42/><REACH who="3" ten="169,298,288,225" step="2"/><T83/><REACH who="0" step="1"/><D99/><REACH who="0" ten="159,298,288,225" step="2"/><N who="1" m="57759" /><E25/><V40/><F40/><W68/><G68/><T108/><D108/><U50/><E97/><V35/><F117/><W125/><G125/><T126/><D126/><U39/><E28/><V114/><F124/><W66/><AGARI ba="5,3" hai="24,26,27,51,53,57,62,66,69,75,79,80,100,103" machi="66" ten="30,11700,0" yaku="1,1,0,1,52,1,53,1" doraHai="67" doraHaiUra="65" who="3" fromWho="3" sc="159,-44,298,-44,288,-44,225,162" owari="115,-38.5,254,5.4,244,-15.6,387,48.7" /></mjloggm>