<mjloggm ver="2.3"><GO type="225" lobby="0"/><UN n0="%E3%82%B7%E3%83%B3%E5%A4%AA%E6%9C%97" n1="%E7%88%86%E8%A3%82%E9%83%BD%E5%B8%82%EF%BD%9E" n2="%E8%91%B5%E3%81%A1%E3%82%83%E3%82%93" n3="%E4%BF%BA%E3%81%A8%E5%A6%96%E5%A4%A2" dan="16,16,17,17" rate="2152.93,2109.84,2151.41,2198.99" sx="M,M,F,F"/><TAIKYOKU oya="0"/><INIT seed="0,0,0,0,2,56" ten="250,250,250,250" oya="0" hai0="23,71,49,94,66,134,21,128,29,106,64,77,34" hai1="33,4,40,129,57,13,95,42,39,3,91,102,116" hai2="74,26,32,127,117,63,115,2,113,110,76,120,88" hai3="121,55,70,30,89,119,20,19,37,68,47,50,41"/><T11/><D106/><U48/><E116/><V52/><F2/><W79/><G119/><T9/><D128/><U122/><E33/><V6/><F6/><W96/><G121/><T53/><D134/><U51/><E3/><V17/><F120/><W80/><G30/><T132/><D132/><U87/><E122/><V7/><F7/><W99/><G68/><T126/><D126/><U12/><E39/><V123/><F123/><W43/><G70/><T24/><D77/><U92/><E4/><V84/><F117/><W73/><G89/><T133/><D133/><U124/><E129/><V62/><F127/><W107/><G107/><T86/><D34/><U135/><E135/><V8/><F110/><W28/><G28/><T108/><D23/><U25/><E25/><V100/><F100/><W0/><G0/><T5/><D108/><U72/><E72/><V104/><F104/><W61/><G41/><T59/><D11/><U54/><E48/><V16/><F74/><W10/><G10/><T98/><D86/><U27/><E27/><V22/><F76/><W125/><G125/><T58/><D58/><U130/><E130/><V97/><F97/><W67/><G67/><T81/><D81/><U111/><E124/><V85/><F32/><W36/><G36/><T45/><D59/><U46/><E57/><N who="2" m="35111" /><F84/><W44/><REACH who="3" step="1"/><G61/><REACH who="3" ten="250,250,250,240" step="2"/><T83/><D71/><U82/><E102/><V118/><F118/><W93/><G93/><T90/><REACH who="0" step="1"/><D83/><REACH who="0" ten="240,250,250,240" step="2"/><U18/><E82/><N who="2" m="49207" /><F63/><W131/><G131/><T31/><D31/><U69/><E69/><V78/><F78/><W101/><G101/><RYUUKYOKU ba="0,2" sc="240,10,250,-30,250,10,240,10" hai0="5,9,21,24,29,45,49,53,64,66,90,94,98" hai2="8,16,17,22,26,113,115" hai3="19,20,37,43,44,47,50,55,73,79,80,96,99" /><INIT seed="0,1,2,2,0,21" ten="250,220,260,250" oya="0" hai0="135,12,62,16,56,42,134,17,86,50,108,104,98" hai1="63,46,80,61,8,10,133,36,18,57,113,65,87" hai2="64,93,7,14,92,83,24,121,91,38,96,129,114" hai3="45,126,127,120,48,95,101,25,9,90,53,60,70"/><T115/><D115/><U124/><E133/><N who="0" m="50697" /><D108/><U118/><E124/><N who="3" m="47658" /><G120/><T119/><D119/><U71/><E118/><V130/><F38/><W132/><G132/><T40/><D86/><U79/><E113/><V44/><F114/><W51/><G9/><N who="0" m="6159" /><D50/><U26/><E36/><V89/><F121/><W33/><G101/><N who="0" m="62519" /><D17/><U39/><E39/><V97/><F130/><W88/><G48/><T13/><D13/><U81/><E46/><V20/><F44/><W100/><G100/><T23/><D23/><N who="1" m="13687" /><E71/><V34/><F14/><W59/><G70/><T103/><D103/><U37/><E37/><V3/><F20/><W106/><G106/><T29/><D29/><U31/><E31/><V125/><F129/><W73/><G73/><T2/><D2/><U66/><E80/><V123/><F83/><W99/><G33/><T28/><D28/><U76/><E76/><V84/><F123/><W85/><G85/><T105/><D105/><U4/><E4/><V5/><F84/><W1/><G1/><T54/><AGARI ba="1,2" hai="40,42,54,56,62" m="62519,6159,50697" machi="54" ten="30,3000,0" yaku="20,1,54,1" doraHai="21" who="0" fromWho="0" sc="250,53,220,-11,260,-11,250,-11" /><INIT seed="0,2,0,4,4,113" ten="303,209,249,239" oya="0" hai0="111,132,114,22,10,72,68,73,61,5,89,70,133" hai1="27,110,12,101,96,41,84,124,17,28,23,24,50" hai2="125,67,64,43,66,56,100,39,55,31,18,85,93" hai3="65,131,87,117,86,36,26,46,126,118,122,95,40"/><T0/><D114/><U63/><E110/><V94/><F125/><W90/><G126/><T71/><D111/><U11/><E124/><V62/><F31/><W51/><G131/><T123/><D123/><U16/><E84/><V119/><F119/><W78/><G122/><T6/><D89/><U59/><E41/><V129/><F129/><W103/><G103/><T76/><D6/><U2/><E50/><V60/><F39/><W13/><G65/><N who="0" m="41007" /><D22/><U77/><E77/><V69/><F43/><W21/><G13/><T74/><D76/><U48/><E48/><N who="2" m="30823" /><F69/><AGARI ba="2,0" hai="0,5,10,69,70,71,72,73,74,132,133" m="41007" machi="69" ten="40,2000,0" yaku="23,1" doraHai="113" who="0" fromWho="2" sc="303,26,209,0,249,-26,239,0" /><INIT seed="0,3,0,4,5,20" ten="329,209,223,239" oya="0" hai0="63,45,91,8,99,15,95,39,5,30,36,85,110" hai1="84,65,69,54,120,66,35,127,40,31,56,117,41" hai2="70,114,90,33,103,28,132,134,97,111,47,29,27" hai3="108,78,34,26,11,18,119,25,83,19,1,81,12"/><T42/><D110/><U107/><E117/><V72/><F114/><W133/><G119/><T113/><D113/><U0/><E120/><V48/><F111/><W101/><G108/><T118/><D118/><U58/><E0/><V44/><F70/><W125/><G125/><T88/><D63/><U61/><E107/><V60/><F72/><W17/><G133/><N who="2" m="51305" /><F60/><W77/><G34/><T112/><D112/><U82/><E127/><V102/><F29/><W73/><G101/><N who="2" m="38409" /><F48/><W67/><G1/><T14/><D30/><U4/><E4/><V32/><F32/><W52/><G67/><T93/><REACH who="0" step="1"/><D39/><REACH who="0" ten="319,209,223,239" step="2"/><U74/><E69/><V121/><F121/><W116/><G116/><T98/><D98/><U109/><E109/><V23/><F33/><W13/><G18/><T135/><D135/><U22/><E35/><V100/><F90/><W2/><G2/><AGARI ba="3,1" hai="2,5,8,14,15,36,42,45,85,88,91,93,95,99" machi="2" ten="30,5800,0" yaku="1,1,7,1,54,1,53,0" doraHai="20" doraHaiUra="57" who="0" fromWho="3" sc="319,77,209,0,223,0,239,-67" /><INIT seed="0,4,0,4,2,81" ten="396,209,223,172" oya="0" hai0="115,2,106,100,3,134,19,91,1,73,114,22,90" hai1="101,105,126,89,87,21,102,46,123,15,79,58,124" hai2="30,111,25,104,133,107,77,109,55,6,61,131,56" hai3="70,20,10,7,51,36,29,60,85,16,82,96,23"/><T5/><D73/><U94/><E123/><V28/><F131/><W48/><G36/><T98/><D134/><U74/><E58/><V86/><F133/><W108/><G108/><N who="2" m="41545" /><F6/><W42/><G29/><N who="2" m="11369" /><F25/><W57/><G70/><T127/><D127/><N who="1" m="48683" /><E46/><V80/><AGARI ba="4,0" hai="55,56,61,77,80,86,104,107" m="11369,41545" machi="80" ten="30,2000,0" yaku="14,1,52,1" doraHai="81" who="2" fromWho="2" sc="396,-14,209,-9,223,32,172,-9" /><INIT seed="1,0,0,4,3,34" ten="382,200,255,163" oya="1" hai0="6,94,126,36,75,29,3,61,84,111,124,81,4" hai1="72,119,101,82,96,11,35,1,117,51,134,23,50" hai2="53,112,12,87,63,14,93,106,70,30,15,41,104" hai3="39,88,65,130,17,24,123,69,60,33,125,18,57"/><U42/><E35/><V46/><F112/><W79/><G123/><T99/><D36/><U9/><E134/><V31/><F106/><W68/><G39/><T38/><D38/><U85/><E72/><V5/><F104/><W105/><G130/><T71/><D75/><U10/><E23/><V114/><F114/><W37/><G37/><T19/><D29/><U122/><E122/><V129/><F129/><W40/><G40/><T21/><D111/><U86/><E86/><V62/><F41/><W103/><G79/><T25/><D61/><N who="2" m="23050" /><F5/><W2/><G125/><N who="0" m="48235" /><D3/><U49/><E42/><V107/><F107/><W43/><G43/><T16/><D19/><U22/><E22/><V83/><F93/><W131/><G131/><T133/><D71/><U8/><N who="1" m="2048" /><DORA hai="47" /><U110/><E1/><V115/><F70/><W26/><G2/><T0/><D0/><U80/><E110/><V52/><F115/><W59/><G105/><T121/><D133/><U20/><E20/><V109/><F109/><W77/><G60/><T89/><D121/><U113/><E113/><V92/><F92/><W100/><G33/><T102/><AGARI ba="0,0" hai="4,6,16,21,25,81,84,89,94,99,102" m="48235" machi="102" ten="30,2000,0" yaku="18,1,54,1" doraHai="34,47" who="0" fromWho="0" sc="382,20,200,-10,255,-5,163,-5" /><INIT seed="2,0,0,1,1,47" ten="402,190,250,158" oya="2" hai0="105,7,70,100,65,55,28,73,133,120,16,126,112" hai1="81,53,37,132,42,52,103,20,98,82,95,92,94" hai2="23,19,74,2,59,77,117,0,29,31,57,131,48" hai3="6,12,25,102,30,108,26,107,54,101,33,62,15"/><V22/><F117/><W8/><G108/><T78/><D120/><U119/><E119/><V80/><F131/><W17/><G107/><T14/><D112/><U71/><E71/><V34/><F34/><W39/><G39/><T63/><D7/><U61/><E37/><V56/><F0/><W113/><G26/><T3/><D3/><U69/><E42/><V24/><F2/><W11/><G113/><T72/><D133/><U13/><E69/><V99/><F99/><W88/><G62/><T46/><D78/><U75/><E75/><V21/><F21/><W121/><G121/><T51/><D28/><U116/><E132/><V5/><F5/><W130/><G130/><T76/><D76/><U40/><E40/><V134/><F134/><W9/><G9/><T41/><D126/><U67/><E67/><V111/><F111/><W109/><G109/><T135/><D135/><U90/><E116/><V49/><REACH who="2" step="1"/><F31/><REACH who="2" ten="402,190,240,158" step="2"/><W79/><G79/><T106/><D105/><U83/><E98/><V93/><F93/><W43/><G33/><T10/><D106/><U45/><E103/><V104/><F104/><W114/><G114/><T64/><D100/><U118/><E118/><V50/><F50/><W86/><G30/><T87/><D51/><U125/><E125/><V128/><F128/><W123/><G123/><T36/><D36/><U124/><E124/><V84/><F84/><W4/><G101/><T85/><D87/><U35/><E95/><V122/><F122/><W66/><G102/><T91/><D85/><U115/><E94/><V96/><F96/><W89/><G86/><RYUUKYOKU ba="0,1" sc="402,-10,190,-10,240,30,158,-10" hai2="19,22,23,24,29,48,49,56,57,59,74,77,80" /><INIT seed="2,1,1,3,2,25" ten="392,180,270,148" oya="2" hai0="102,119,38,27,117,39,131,73,19,0,12,89,132" hai1="123,44,101,110,69,130,3,103,127,8,49,96,75" hai2="129,23,22,35,85,111,37,109,68,80,70,24,122" hai3="99,113,59,84,10,86,115,67,43,53,78,2,41"/><V61/><F122/><W107/><G67/><T7/><D0/><U17/><E69/><V114/><F114/><N who="3" m="43531" /><G107/><T52/><D73/><U72/><E110/><N who="2" m="41995" /><F37/><W18/><G99/><T40/><D102/><U63/><E103/><V83/><F129/><W124/><G124/><T135/><D131/><U4/><E130/><V134/><F134/><N who="0" m="51242" /><D7/><U58/><E17/><V118/><F118/><N who="0" m="45066" /><D40/><N who="3" m="15433" /><G78/><T42/><D42/><U71/><E127/><V93/><F70/><W32/><G32/><T92/><D52/><U15/><E71/><V95/><F68/><W120/><G120/><T81/><D27/><U51/><E123/><V64/><F64/><W21/><G2/><T14/><D81/><U74/><E3/><V60/><F83/><W126/><G126/><T11/><D14/><U29/><E72/><V90/><F95/><W36/><G36/><T47/><D47/><U28/><E74/><V133/><F93/><W9/><G53/><T33/><D33/><U121/><E121/><V116/><F133/><W104/><G104/><T55/><D55/><N who="1" m="30119" /><E75/><V20/><F116/><W45/><G45/><T94/><D94/><N who="1" m="58519" /><E51/><V106/><F106/><W91/><G59/><T62/><D62/><N who="2" m="24170" /><F35/><W50/><G50/><T34/><D34/><U97/><E97/><AGARI ba="1,1" hai="11,12,19,38,39,89,92,97" m="45066,51242" machi="97" ten="30,2000,0" yaku="20,1,12,1" doraHai="25" who="0" fromWho="1" sc="392,33,180,-23,270,0,148,0" /><INIT seed="3,0,0,5,5,121" ten="425,157,270,148" oya="3" hai0="75,13,88,21,114,30,41,14,69,58,17,52,134" hai1="133,107,37,77,68,40,66,71,78,116,110,111,70" hai2="26,94,132,1,63,122,38,83,80,15,12,102,105" hai3="98,108,106,8,7,6,89,130,97,90,61,34,27"/><W103/><G130/><T86/><D75/><U115/><E115/><V11/><F105/><W3/><G6/><T128/><D69/><U60/><E107/><V104/><F38/><W44/><G97/><T42/><D114/><U126/><E116/><V46/><F46/><W65/><G44/><T113/><D113/><U20/><E126/><V96/><F15/><W32/><G108/><N who="1" m="41514" /><E133/><V101/><F1/><W135/><G135/><T123/><D30/><U127/><E127/><V59/><F102/><W76/><G76/><N who="1" m="29290" /><E20/><V112/><F104/><W119/><G119/><T109/><D13/><U72/><E72/><V73/><F73/><W9/><G9/><T18/><D18/><U64/><E64/><V0/><F12/><W50/><G50/><T43/><D128/><U35/><E35/><V84/><F11/><W79/><G79/><T92/><D123/><U129/><E129/><V5/><F112/><W51/><G51/><N who="0" m="31007" /><D109/><U100/><E100/><V33/><F101/><W125/><G125/><T57/><D57/><N who="1" m="37135" /><E37/><V48/><F33/><W22/><G22/><T118/><D134/><U99/><E99/><V2/><F96/><W82/><G82/><T91/><D91/><U81/><E81/><V67/><F83/><W49/><G34/><T120/><D120/><U28/><E28/><V16/><F122/><W23/><G32/><T74/><D74/><U10/><E10/><V93/><F80/><W55/><G65/><T124/><D124/><U85/><E85/><V47/><F132/><W45/><G61/><T56/><D56/><U19/><E19/><AGARI ba="0,0" hai="3,7,8,19,23,27,45,49,55,89,90,98,103,106" machi="19" ten="30,1500,0" yaku="7,1" doraHai="121" who="3" fromWho="1" sc="425,0,157,-15,270,0,148,15" /><INIT seed="3,1,0,3,3,43" ten="425,142,270,163" oya="3" hai0="92,96,3,133,25,70,94,86,71,68,87,88,4" hai1="27,125,114,116,13,1,79,5,90,104,52,99,60" hai2="48,30,58,55,0,97,53,50,64,6,78,38,106" hai3="33,18,2,66,95,102,35,22,39,31,119,14,56"/><W122/><G119/><T98/><D133/><U80/><E114/><V11/><F38/><W130/><G122/><T111/><D111/><U51/><E116/><V24/><F64/><W72/><G72/><T105/><D105/><U93/><E1/><V124/><F124/><W115/><G115/><T21/><D4/><U69/><E125/><V127/><F127/><W46/><G2/><T121/><D3/><U26/><E104/><V77/><F97/><N who="3" m="59711" /><G130/><T67/><D67/><U44/><E69/><V81/><F81/><W91/><G35/><T113/><D113/><U16/><E60/><V23/><F106/><W36/><G33/><T8/><D8/><U74/><E5/><V41/><F41/><W126/><G126/><T118/><D121/><U108/><E108/><V82/><F82/><W34/><G34/><T12/><D12/><U29/><E29/><V131/><F131/><W20/><G91/><T75/><D75/><U17/><E17/><V54/><F54/><W132/><G132/><T135/><D135/><U45/><E44/><AGARI ba="1,0" hai="0,6,11,23,24,30,44,48,50,53,55,58,77,78" machi="44" ten="30,2000,0" yaku="7,1,52,1" doraHai="43" who="2" fromWho="1" sc="425,0,142,-23,270,23,163,0" owari="425,52.5,119,-38.1,293,9.3,163,-23.7" /></mjloggm>