<mjloggm ver="2.3"><GO type="225" lobby="0"/><UN n0="%72%65%6E%6B%75%6E" n1="%E6%97%A5%E6%9B%9C%E6%97%A5%E3%82%88%E3%82%8A%E3%81%AE%E4%BD%BF%E8%80%85" n2="%E3%81%B2%E3%81%AA%E3%81%AE%E3%82%8A%E3%81%8F" n3="%E3%81%AF%E3%82%88%E3%81%8A%E3%81%98%E3%81%95%E3%82%93" dan="17,17,17,17" rate="2212.40,2123.18,2235.19,2238.40" sx="M,M,M,M"/><TAIKYOKU oya="0"/><INIT seed="0,0,0,2,1,10" ten="250,250,250,250" oya="0" hai0="122,111,118,112,99,84,126,67,101,124,35,68,6" hai1="32,83,24,114,127,16,47,62,21,120,92,79,36" hai2="18,65,19,58,131,40,71,57,103,20,37,11,69" hai3="12,70,64,51,100,116,31,55,87,128,102,105,2"/><T106/><D112/><U72/><E120/><V96/><F131/><W133/><G2/><T27/><D118/><U129/><E129/><V59/><F65/><W34/><G128/><T48/><D122/><U61/><E114/><V77/><F77/><W91/><G116/><T42/><D6/><U7/><E127/><V56/><F37/><W134/><G34/><T93/><D111/><U98/><E32/><V108/><F40/><W53/><G31/><N who="0" m="19967" /><D42/><U41/><REACH who="1" step="1"/><E7/><REACH who="1" ten="250,240,250,250" step="2"/><V73/><F108/><W109/><G109/><T38/><D38/><U26/><E26/><V123/><F123/><W90/><G134/><T125/><D48/><U33/><E33/><V15/><F73/><W76/><G51/><T44/><D124/><U104/><E104/><V1/><F1/><W119/><G105/><T135/><D135/><U46/><E46/><V86/><F86/><W4/><G87/><T63/><D44/><U29/><E29/><V28/><F28/><W52/><G119/><T39/><D39/><U30/><E30/><V75/><F75/><W81/><G133/><T85/><D85/><U8/><E8/><V25/><N who="2" m="14336" /><DORA hai="94" /><V82/><REACH who="2" step="1"/><F82/><REACH who="2" ten="250,240,240,250" step="2"/><W5/><G81/><T66/><D66/><U3/><E3/><V113/><F113/><W23/><G64/><T80/><D80/><U14/><E14/><V89/><F89/><AGARI ba="0,2" hai="63,67,68,84,89,93,99,101,106,125,126" m="19967" machi="89" ten="30,2900,0" yaku="25,1,52,1" doraHai="10,94" who="0" fromWho="2" sc="250,49,240,0,240,-29,250,0" /><AGARI ba="0,0" hai="16,21,24,36,41,47,61,62,72,79,83,89,92,98" machi="89" ten="30,7700,0" yaku="1,1,7,1,52,1,54,1,53,0" doraHai="10,94" doraHaiUra="132,9" who="1" fromWho="2" sc="299,0,240,77,211,-77,250,0" /><INIT seed="0,1,0,1,1,114" ten="299,317,134,250" oya="0" hai0="134,3,130,53,25,110,73,125,2,90,106,103,64" hai1="76,7,14,20,28,33,128,126,37,21,109,87,55" hai2="135,19,67,47,50,1,18,51,26,96,24,121,88" hai3="58,59,0,85,81,43,44,83,82,48,113,45,35"/><T57/><D73/><U46/><E109/><V74/><F74/><W34/><G113/><T60/><D110/><U120/><E76/><V4/><F121/><W69/><G69/><T92/><D125/><U56/><E87/><V116/><F67/><W36/><G0/><T32/><D134/><U12/><E120/><V27/><F135/><W79/><G34/><T39/><D39/><U9/><E126/><V100/><F4/><W49/><G35/><T63/><D130/><U93/><E93/><V80/><F1/><W31/><G31/><T115/><D115/><U105/><E105/><V94/><F116/><W77/><G36/><T86/><D103/><U111/><E111/><V133/><F133/><W54/><REACH who="3" step="1"/><G82/><REACH who="3" ten="299,317,134,240" step="2"/><T99/><D3/><U10/><E37/><V118/><F118/><W15/><G15/><T5/><D32/><U40/><E33/><V42/><REACH who="2" step="1"/><F51/><REACH who="2" ten="299,317,124,240" step="2"/><W101/><G101/><T127/><D127/><U102/><E7/><V129/><F129/><W23/><G23/><T29/><D5/><U72/><E21/><V41/><F41/><W123/><G123/><T78/><D2/><U107/><E20/><V112/><F112/><W119/><G119/><T122/><D122/><U132/><E132/><V68/><F68/><W71/><G71/><T11/><D11/><U22/><E9/><V84/><AGARI ba="1,2" hai="18,19,24,26,27,42,47,50,80,84,88,94,96,100" machi="84" ten="30,7900,0" yaku="1,1,0,1,8,1,54,1,53,0" doraHai="114" doraHaiUra="16" who="2" fromWho="2" sc="299,-40,317,-21,124,102,240,-21" /><INIT seed="1,0,0,1,2,99" ten="259,296,226,219" oya="1" hai0="42,121,107,10,24,0,2,98,11,119,77,89,100" hai1="67,74,5,132,103,113,70,54,45,37,79,135,73" hai2="16,104,128,130,117,58,106,29,34,127,46,75,52" hai3="32,18,118,78,90,101,83,23,66,39,109,12,7"/><U41/><E113/><V105/><F117/><W133/><G32/><T14/><D119/><U28/><E28/><V3/><F75/><W72/><G118/><T26/><D121/><U69/><E79/><V40/><F3/><W94/><G109/><T68/><D68/><N who="1" m="26219" /><E67/><V96/><F127/><W27/><G133/><N who="1" m="51274" /><E5/><V120/><F120/><W95/><G39/><T65/><D65/><U63/><E103/><V51/><F29/><W125/><G125/><T85/><D77/><U25/><E25/><V20/><F34/><W112/><G112/><T114/><D114/><U55/><E63/><V61/><REACH who="2" step="1"/><F96/><REACH who="2" ten="259,296,216,219" step="2"/><N who="3" m="59543" /><G72/><AGARI ba="0,1" hai="37,41,45,54,55,72,73,74" m="51274,26219" machi="72" ten="40,2000,0" yaku="20,1" doraHai="99" who="1" fromWho="3" sc="259,0,296,30,216,0,219,-20" /><INIT seed="1,1,0,3,5,75" ten="259,326,216,199" oya="1" hai0="5,2,32,73,106,26,36,126,116,123,38,48,42" hai1="119,135,44,71,23,124,125,83,115,14,57,12,132" hai2="18,114,15,47,78,129,128,130,111,96,50,41,110" hai3="46,103,98,77,59,81,61,51,22,127,89,13,68"/><U109/><E71/><V6/><F6/><W79/><G68/><T21/><D48/><U93/><E115/><V108/><F114/><W63/><G127/><N who="1" m="48714" /><E119/><V80/><F96/><W102/><G22/><T120/><D32/><U1/><E1/><V7/><F7/><W94/><G13/><N who="1" m="5226" /><E109/><V10/><REACH who="2" step="1"/><F108/><REACH who="2" ten="259,326,206,199" step="2"/><W107/><G107/><T118/><D106/><U92/><E135/><V58/><F58/><W35/><G35/><T85/><D5/><U76/><E132/><V121/><F121/><W24/><G24/><T60/><D26/><U30/><E57/><V88/><F88/><W86/><G102/><T11/><D120/><U72/><E44/><V69/><F69/><W65/><REACH who="3" step="1"/><G63/><REACH who="3" ten="259,326,206,189" step="2"/><T17/><D60/><U87/><E23/><V91/><F91/><W43/><AGARI ba="1,2" hai="43,46,51,59,61,65,77,79,81,86,89,94,98,103" machi="43" ten="20,12000,2" yaku="1,1,2,1,0,1,7,1,8,1,52,2,53,0" doraHai="75" doraHaiUra="104" who="3" fromWho="3" sc="259,-31,326,-61,206,-31,189,143" /><INIT seed="2,0,0,5,0,128" ten="228,265,175,332" oya="2" hai0="89,14,65,16,21,86,5,26,62,94,63,38,79" hai1="75,56,90,37,131,27,30,88,114,4,107,39,42" hai2="20,97,105,118,82,64,106,77,125,84,133,78,127" hai3="25,104,53,130,126,44,29,123,51,10,47,35,98"/><V73/><F118/><W59/><G123/><T46/><D79/><U68/><E68/><V11/><F64/><W28/><G130/><T45/><D38/><U119/><E107/><V54/><F11/><W9/><G126/><N who="2" m="48137" /><F20/><W91/><G29/><T124/><D124/><U74/><E30/><V111/><F54/><W31/><G28/><T57/><D63/><U99/><E4/><V0/><F0/><W134/><G134/><T13/><REACH who="0" step="1"/><D14/><REACH who="0" ten="218,265,175,332" step="2"/><U122/><E37/><V71/><F71/><W120/><G120/><T58/><D58/><U23/><E56/><V2/><F2/><W129/><G129/><T121/><D121/><U19/><E131/><V76/><F133/><W117/><G59/><T50/><D50/><U55/><E122/><V8/><F111/><W87/><G51/><T41/><D41/><U7/><E42/><V85/><F73/><W15/><G15/><T66/><D66/><U34/><E75/><V115/><F115/><W72/><G72/><T102/><D102/><U92/><E74/><V22/><F77/><W49/><G117/><T67/><D67/><U17/><E39/><V40/><F40/><W80/><G44/><T3/><D3/><U24/><E119/><V52/><F8/><AGARI ba="0,1" hai="5,8,13,16,21,26,45,46,57,62,65,86,89,94" machi="8" ten="40,8000,1" yaku="1,1,8,1,54,1,53,1" doraHai="128" doraHaiUra="18" who="0" fromWho="2" sc="218,90,265,0,175,-80,332,0" /><INIT seed="3,0,0,4,1,6" ten="308,265,95,332" oya="3" hai0="35,15,29,57,114,81,124,125,10,9,50,63,118" hai1="49,14,117,54,73,25,0,110,74,104,113,26,16" hai2="11,70,71,21,64,23,8,119,68,72,37,5,1" hai3="12,88,53,80,98,99,101,20,45,33,96,123,91"/><W66/><G33/><T65/><D118/><U59/><E113/><V126/><F119/><W87/><G123/><T121/><D121/><U84/><E117/><V7/><F72/><W85/><G66/><T34/><D114/><U134/><E0/><V56/><F126/><N who="0" m="48746" /><D29/><U115/><E115/><V120/><F37/><W75/><G75/><T48/><D81/><U46/><E74/><V28/><F28/><W36/><G36/><T105/><D105/><U112/><E73/><V103/><F120/><W129/><G129/><T17/><D10/><N who="1" m="6231" /><E104/><V132/><F132/><W76/><G101/><T109/><D109/><U39/><E39/><V95/><F103/><W92/><G91/><T128/><D128/><U42/><E110/><V52/><F95/><W83/><G92/><T41/><D41/><U58/><E134/><V22/><F64/><W67/><G67/><T44/><D44/><U100/><E112/><V90/><F90/><W19/><G98/><T86/><D86/><U61/><E100/><V97/><F97/><W13/><G96/><T38/><D38/><U78/><E59/><V89/><F89/><W27/><G99/><T135/><D135/><U60/><E60/><V62/><REACH who="2" step="1"/><F71/><REACH who="2" ten="308,265,85,332" step="2"/><W116/><G116/><T94/><D94/><U4/><E4/><V79/><F79/><W55/><G45/><T51/><AGARI ba="0,1" hai="9,15,17,34,35,48,50,51,57,63,65" m="48746" machi="51" ten="30,2000,0" yaku="18,1,52,1" doraHai="6" who="0" fromWho="0" sc="308,30,265,-5,85,-5,332,-10" owari="338,43.8,260,-14.0,80,-42.0,322,12.2" /></mjloggm>