<mjloggm ver="2.3"><GO type="225" lobby="0"/><UN n0="%74%61%6B%75%61%6B%61" n1="%E3%83%AD%E3%83%83%E3%83%86%E9%9B%80%E7%90%83" n2="%28%EF%BF%A3%E2%96%BD%EF%BF%A3%29%CE%B4%E2%8C%92%E3%83%BB" n3="%E3%83%8F%E3%83%B3%E3%83%89%E3%83%A9%E3%83%BC%E3%83%BB%E3%83%AF%E3%83%B3" dan="16,16,16,17" rate="2075.78,2143.71,2106.87,2162.77" sx="M,M,M,M"/><TAIKYOKU oya="0"/><INIT seed="0,0,0,1,5,133" ten="250,250,250,250" oya="0" hai0="25,0,41,100,15,4,128,54,82,56,113,50,111" hai1="95,63,33,79,119,6,112,127,39,68,98,44,126" hai2="1,120,75,96,37,69,93,89,134,131,48,104,2" hai3="8,32,24,118,36,30,42,117,78,106,116,22,19"/><T26/><D113/><U17/><E119/><V90/><F37/><W28/><G106/><T66/><D0/><U57/><E33/><V58/><F69/><W91/><G78/><T84/><D128/><U12/><E68/><V123/><F131/><W125/><G91/><T71/><D111/><U88/><E6/><V74/><F134/><W23/><G42/><T40/><D100/><U7/><E7/><V70/><F70/><W11/><G36/><T27/><D66/><U115/><E79/><V83/><F104/><W108/><G108/><T73/><D73/><U114/><E44/><V61/><F48/><W130/><G130/><T103/><D103/><U29/><E29/><N who="3" m="11370" /><G32/><T55/><D71/><U35/><E35/><V122/><F75/><W97/><G97/><T76/><REACH who="0" step="1"/><D54/><REACH who="0" ten="240,250,250,250" step="2"/><N who="1" m="34231" /><E39/><V99/><F74/><W20/><G117/><T60/><D60/><U86/><E98/><V52/><REACH who="2" step="1"/><F99/><REACH who="2" ten="240,250,240,250" step="2"/><W13/><G118/><T102/><D102/><U64/><E64/><V18/><F18/><W80/><G19/><T87/><D87/><AGARI ba="0,2" hai="1,2,52,58,61,83,87,89,90,93,96,120,122,123" machi="87" ten="40,2600,0" yaku="1,1,54,1,53,0" doraHai="133" doraHaiUra="5" who="2" fromWho="0" sc="240,-26,250,0,240,46,250,0" /><INIT seed="1,0,0,4,4,90" ten="214,250,286,250" oya="1" hai0="111,79,92,40,98,100,73,124,68,119,26,112,58" hai1="113,17,23,114,11,106,48,6,87,91,135,8,89" hai2="107,77,13,36,44,76,34,105,62,22,4,56,0" hai3="74,29,109,78,102,15,93,66,121,5,130,125,101"/><U19/><E106/><V55/><F34/><W117/><G121/><T128/><D119/><U71/><E71/><V46/><F0/><W49/><G117/><T35/><D68/><U1/><E135/><V30/><F36/><W53/><G109/><T38/><D112/><U28/><E91/><V85/><F105/><W115/><G115/><T10/><D111/><U97/><E97/><V82/><F107/><W83/><G130/><T41/><D128/><U123/><E123/><V25/><REACH who="2" step="1"/><F76/><REACH who="2" ten="214,250,276,250" step="2"/><W96/><G78/><T72/><D38/><U126/><E114/><V69/><F69/><W27/><G125/><T81/><D124/><U54/><E113/><V88/><F88/><W120/><G120/><T12/><D35/><U33/><E33/><V110/><F110/><W31/><G102/><T103/><D103/><U16/><E126/><V99/><F99/><W60/><G96/><T24/><D100/><U45/><E1/><V127/><F127/><W2/><G2/><T20/><D98/><U67/><E6/><V57/><F57/><W133/><G5/><T80/><D58/><U21/><E21/><V75/><F75/><W32/><G74/><T64/><D72/><U37/><E37/><V65/><F65/><W108/><G66/><T86/><D64/><U70/><E67/><V52/><F52/><W122/><G53/><T3/><D3/><U134/><E70/><V61/><F61/><W95/><G60/><T50/><D20/><U129/><E129/><V116/><F116/><W94/><G101/><T132/><D73/><U18/><N who="1" m="4096" /><DORA hai="59" /><U42/><E54/><RYUUKYOKU ba="0,1" sc="214,-10,250,-10,276,30,250,-10" hai2="4,13,22,25,30,44,46,55,56,62,77,82,85" /><INIT seed="2,1,1,2,1,121" ten="204,240,306,240" oya="2" hai0="106,18,84,86,48,62,96,3,131,107,99,69,85" hai1="19,118,127,72,14,68,74,110,50,105,95,109,64" hai2="78,52,55,114,79,34,2,65,115,126,120,46,70" hai3="21,66,112,7,119,75,82,4,124,10,81,53,92"/><V98/><F34/><W27/><G119/><T90/><D3/><U61/><E118/><V30/><F2/><W1/><G124/><T49/><D18/><U122/><E105/><N who="0" m="39945" /><D62/><U135/><E127/><V35/><F30/><W33/><G33/><T58/><D58/><U38/><E38/><V54/><F35/><W16/><G112/><T101/><D69/><U108/><E135/><V56/><F126/><W111/><G66/><T132/><D132/><U42/><E95/><V80/><F120/><W117/><G117/><T59/><D59/><U130/><E130/><V32/><F32/><W15/><G53/><T47/><D47/><N who="1" m="25975" /><E122/><V26/><F70/><W39/><G39/><T37/><D37/><U24/><E24/><V36/><F26/><W71/><G71/><T73/><D73/><U129/><E129/><V41/><F56/><W29/><G75/><T128/><D49/><U11/><AGARI ba="1,1" hai="11,14,19,61,64,68,72,74,108,109,110" m="25975" machi="11" ten="30,7900,0" yaku="14,1,52,3" doraHai="121" who="1" fromWho="1" sc="204,-21,240,92,306,-40,240,-21" /><INIT seed="3,0,0,0,4,80" ten="183,332,266,219" oya="3" hai0="91,127,135,126,68,125,93,81,74,19,128,1,70" hai1="51,32,57,117,109,75,20,123,124,89,76,50,90" hai2="77,55,47,132,106,64,112,44,71,107,67,129,13" hai3="54,102,131,116,96,122,69,133,86,84,85,24,78"/><W66/><G116/><T27/><D1/><U110/><E32/><V88/><F71/><W23/><G122/><T97/><D128/><U14/><E123/><V42/><F129/><W63/><G131/><T52/><D135/><U59/><E124/><V37/><F112/><W5/><G5/><T7/><D7/><U121/><E121/><V8/><F77/><W25/><G133/><T4/><D4/><U99/><E20/><V100/><F107/><W72/><G72/><T118/><D118/><U60/><E14/><V18/><F100/><W17/><G54/><T58/><D27/><U53/><E117/><V114/><F106/><W111/><G111/><T34/><D34/><U40/><E40/><V39/><F114/><W87/><G87/><N who="0" m="50671" /><D19/><U82/><E99/><V46/><F132/><W105/><REACH who="3" step="1"/><G25/><REACH who="3" ten="183,332,266,209" step="2"/><T38/><D74/><U16/><E110/><V56/><F55/><W26/><G26/><T119/><D119/><U31/><E109/><V120/><F120/><W10/><G10/><T21/><D21/><U30/><E53/><V101/><F64/><W103/><G103/><N who="0" m="60847" /><D38/><U2/><E75/><V43/><F39/><W62/><G62/><AGARI ba="0,1" hai="52,58,62,68,70,125,126,127" m="60847,50671" machi="62" ten="30,3900,0" yaku="18,1,52,1,54,1" doraHai="80" who="0" fromWho="3" sc="183,49,332,0,266,0,209,-39" owari="232,-16.8,332,43.2,266,6.6,170,-33.0" /></mjloggm>