<mjloggm ver="2.3"><GO type="225" lobby="0"/><UN n0="%72%61%6B%33" n1="%E6%A0%B9%E5%85%83%E3%81%8B%E3%82%89%E5%90%B9%E3%81%A3%E9%A3%9B%E3%81%B6" n2="%E6%9D%B1%E9%A2%A8%E3%81%AE%E3%81%8D%E3%82%83%E3%81%B7%E3%81%95%E3%82%93" n3="%E8%B6%85%E7%B4%9A%E9%B3%B3%E5%87%B0" dan="16,17,16,16" rate="2081.67,2147.71,2126.08,2124.16" sx="M,F,M,M"/><TAIKYOKU oya="0"/><INIT seed="0,0,0,0,0,83" ten="250,250,250,250" oya="0" hai0="132,21,122,3,23,86,126,59,13,90,88,66,89" hai1="100,32,129,54,18,53,69,101,104,115,65,76,39" hai2="94,35,91,41,124,107,102,6,25,30,113,134,85" hai3="4,2,97,24,70,96,68,117,79,77,37,40,131"/><T48/><D3/><U63/><E39/><V73/><F134/><W128/><G24/><T55/><D122/><U9/><E76/><V106/><F124/><W114/><G40/><T109/><D126/><U127/><E129/><V5/><F113/><W38/><G4/><T110/><D132/><U49/><E115/><V98/><F107/><W57/><G57/><T14/><D66/><U0/><E32/><V17/><F41/><W31/><G31/><T74/><D74/><U119/><E119/><V16/><F73/><W42/><G42/><T7/><D86/><U58/><E104/><V44/><F44/><W105/><G105/><T84/><D84/><U133/><E133/><V60/><F60/><W33/><G114/><T15/><REACH who="0" step="1"/><D7/><REACH who="0" ten="240,250,250,250" step="2"/><U108/><E127/><V51/><F5/><W29/><G2/><T8/><D8/><U28/><E9/><V11/><F51/><W118/><REACH who="3" step="1"/><G29/><REACH who="3" ten="240,250,250,240" step="2"/><T34/><D34/><AGARI ba="0,2" hai="33,34,37,38,68,70,77,79,96,97,117,118,128,131" machi="34" ten="25,12000,2" yaku="1,1,2,1,22,2,53,2" doraHai="83" doraHaiUra="64" who="3" fromWho="0" sc="240,-120,250,0,250,0,240,140" /><INIT seed="1,0,0,3,2,115" ten="120,250,250,380" oya="1" hai0="74,129,64,73,89,107,102,98,24,13,119,133,88" hai1="14,112,45,130,57,28,78,10,62,125,12,110,34" hai2="9,101,46,76,85,21,6,99,27,111,114,68,128" hai3="70,80,97,16,120,37,61,92,15,116,49,134,82"/><U95/><E112/><V41/><F114/><W121/><G37/><T17/><D64/><U47/><E125/><V87/><F68/><W58/><G134/><T96/><D24/><U50/><E130/><V39/><F128/><W108/><G108/><T132/><D129/><U109/><E78/><V35/><F35/><W94/><G70/><T8/><D119/><U1/><E1/><V36/><F36/><W52/><G94/><N who="0" m="56391" /><D89/><U59/><E28/><V40/><F40/><W55/><G116/><T71/><D71/><U19/><E34/><V100/><F111/><N who="1" m="42505" /><E95/><V20/><F20/><N who="3" m="11295" /><G121/><T65/><D65/><N who="1" m="39119" /><E14/><V38/><F38/><W90/><G120/><T106/><D106/><U67/><E50/><V127/><F127/><W18/><G18/><T23/><D8/><U103/><E103/><V79/><F101/><W93/><G93/><T131/><D131/><U84/><E84/><V66/><F66/><W26/><G26/><T91/><D91/><U48/><E67/><V63/><F79/><W105/><G105/><T53/><D53/><AGARI ba="0,0" hai="10,12,19,45,47,48,53,59" m="39119,42505" machi="53" ten="30,2900,0" yaku="14,1,10,1" doraHai="115" who="1" fromWho="0" sc="120,-29,250,29,250,0,380,0" /><INIT seed="1,1,0,4,3,107" ten="91,279,250,380" oya="1" hai0="37,104,63,118,100,40,10,114,124,112,133,29,11" hai1="105,2,135,117,80,22,39,30,7,106,57,47,64" hai2="59,58,128,87,75,129,95,130,52,121,33,36,51" hai3="6,127,98,44,50,54,69,38,0,18,120,132,94"/><U31/><E117/><V82/><F121/><W119/><G120/><T109/><D118/><U4/><E135/><V125/><F125/><W25/><G119/><T67/><D124/><U101/><E39/><V85/><F36/><W68/><G127/><T8/><D133/><U77/><E47/><V49/><F33/><W43/><G132/><T28/><D109/><U74/><E101/><V103/><F103/><W70/><G6/><T83/><D83/><U96/><E96/><V60/><F95/><W122/><G0/><T99/><D40/><U66/><E66/><N who="2" m="39191" /><F49/><W24/><G122/><T86/><D86/><N who="2" m="32778" /><F82/><W5/><G5/><T91/><D91/><U20/><E2/><V55/><F55/><W131/><G131/><T110/><D37/><U102/><E102/><V73/><AGARI ba="1,0" hai="51,52,59,73,75,128,129,130" m="32778,39191" machi="73" ten="40,8000,1" yaku="19,1,52,2,54,1" doraHai="107" who="2" fromWho="2" sc="91,-21,279,-41,250,83,380,-21" /><INIT seed="2,0,0,0,2,86" ten="70,238,333,359" oya="2" hai0="46,28,31,38,34,52,2,18,6,121,85,78,111" hai1="116,104,15,13,101,89,108,96,43,47,128,123,33" hai2="125,24,4,118,76,115,41,51,94,68,22,109,40" hai3="0,80,63,45,129,10,54,100,56,20,60,95,72"/><V55/><F118/><W134/><G129/><T35/><D121/><U97/><E108/><V67/><F115/><W26/><G134/><T39/><D111/><U91/><E33/><V59/><F109/><W69/><G45/><T87/><D18/><U132/><E116/><V74/><F125/><W8/><G0/><T61/><D2/><U81/><E128/><V16/><F4/><W124/><G124/><T71/><D6/><U62/><E123/><V130/><F130/><W70/><G100/><T119/><D119/><U66/><E97/><V29/><F76/><W103/><G103/><T21/><D21/><U48/><E132/><V120/><F74/><W99/><G72/><T27/><D78/><U84/><REACH who="1" step="1"/><E91/><REACH who="1" ten="70,228,333,359" step="2"/><V23/><F120/><W12/><G99/><T133/><D133/><U44/><E44/><V50/><F68/><AGARI ba="0,1" hai="13,15,43,47,48,62,66,68,81,84,89,96,101,104" machi="68" ten="30,7700,0" yaku="1,1,7,1,52,1,53,1" doraHai="86" doraHaiUra="102" who="1" fromWho="2" sc="70,0,228,87,333,-77,359,0" /><INIT seed="3,0,0,4,5,82" ten="70,315,256,359" oya="3" hai0="17,36,88,24,51,38,42,34,27,13,21,118,102" hai1="77,5,94,7,130,8,69,89,40,52,44,25,57" hai2="105,47,71,35,101,58,120,98,64,112,133,109,53" hai3="123,9,87,117,81,116,3,20,62,104,97,126,15"/><W134/><G123/><T86/><D118/><U31/><E69/><V22/><F120/><W46/><G126/><T111/><D111/><U14/><E130/><V45/><F109/><W16/><G134/><T100/><D38/><U113/><E113/><V128/><F112/><W78/><G46/><T72/><D72/><U50/><E77/><V30/><F133/><W115/><G115/><T103/><D36/><U37/><E14/><V61/><F22/><W73/><G73/><T76/><D76/><U39/><E8/><V0/><F0/><W127/><G127/><T63/><D34/><U65/><E65/><V114/><F114/><W43/><G43/><T90/><D63/><U74/><E74/><V99/><F99/><W106/><G62/><T129/><D129/><U66/><E66/><V75/><F75/><W131/><G131/><T32/><D32/><U2/><E2/><V60/><REACH who="2" step="1"/><F128/><REACH who="2" ten="70,315,246,359" step="2"/><W41/><G97/><T124/><D124/><U135/><E135/><V93/><F93/><W70/><G3/><T26/><REACH who="0" step="1"/><D86/><REACH who="0" ten="60,315,246,359" step="2"/><U107/><E39/><V121/><F121/><W79/><G87/><T91/><D91/><U132/><E132/><V96/><F96/><W18/><G79/><T85/><D85/><U4/><E37/><V92/><F92/><W12/><G78/><T54/><D54/><U11/><E94/><V108/><F108/><W80/><G116/><T6/><D6/><U119/><E5/><V110/><F110/><W56/><G117/><T59/><D59/><U49/><E119/><V29/><F29/><W33/><G56/><T122/><D122/><RYUUKYOKU ba="0,2" sc="60,15,315,-15,246,15,359,-15" hai0="13,17,21,24,26,27,42,51,88,90,100,102,103" hai2="30,35,45,47,53,58,60,61,64,71,98,101,105" owari="75,-42.5,300,10.0,261,-13.9,364,46.4" /></mjloggm>