<mjloggm ver="2.3"><GO type="225" lobby="0"/><UN n0="%E3%81%A1%E3%82%85%E3%81%86%E3%81%A9%E3%81%8F%E8%B1%A1%E3%81%95%E3%82%93" n1="%62%6F%6E%6F%73%2E%2E" n2="%E6%A1%9C%E8%8A%B1%E9%96%83%E3%80%85" n3="%E3%81%9F%E3%81%A3%E3%81%A1%E3%82%87" dan="17,17,18,16" rate="2193.93,2224.67,2230.13,2102.26" sx="M,M,M,M"/><TAIKYOKU oya="0"/><INIT seed="0,0,0,5,5,98" ten="250,250,250,250" oya="0" hai0="100,118,17,59,56,53,25,5,106,63,21,27,20" hai1="90,2,69,66,11,55,80,38,49,36,77,33,76" hai2="133,32,101,60,3,89,113,110,34,16,79,121,103" hai3="47,31,50,120,73,81,35,62,83,126,95,46,68"/><T102/><D118/><U135/><E33/><V4/><F113/><W86/><G126/><T28/><D106/><U8/><E135/><V74/><F121/><W44/><G120/><T67/><REACH who="0" step="1"/><D5/><REACH who="0" ten="240,250,250,250" step="2"/><U48/><E36/><V123/><F4/><W85/><G73/><T12/><D12/><U124/><E38/><V54/><F123/><W94/><G68/><T23/><D23/><U7/><E69/><V87/><F32/><W125/><G35/><T18/><D18/><U29/><E7/><V108/><F16/><W43/><G125/><T97/><D97/><U19/><E124/><V78/><F34/><W131/><G131/><T107/><D107/><U6/><E19/><V134/><F74/><W70/><G70/><T39/><D39/><U111/><E6/><V96/><F96/><W92/><G31/><T1/><D1/><U61/><E29/><V9/><F3/><W129/><G129/><T119/><D119/><U116/><E2/><V15/><F15/><W22/><G22/><T37/><D37/><U115/><E116/><V112/><F9/><W109/><G109/><T51/><AGARI ba="0,1" hai="17,20,21,25,27,28,51,53,56,59,63,67,100,102" machi="51" ten="20,18000,2" yaku="1,1,0,1,7,1,8,1,52,2,53,0" doraHai="98" doraHaiUra="117" who="0" fromWho="0" sc="240,190,250,-60,250,-60,250,-60" /><INIT seed="0,1,0,4,4,5" ten="430,190,190,190" oya="0" hai0="99,57,63,23,62,77,28,88,128,1,42,47,76" hai1="82,73,114,67,30,119,116,68,96,89,134,124,83" hai2="61,43,7,24,34,39,33,36,118,48,64,6,129" hai3="12,20,29,79,80,25,101,55,70,78,94,71,15"/><T107/><D1/><U126/><E30/><V41/><F48/><W100/><G70/><T90/><D128/><U85/><E67/><V45/><F129/><W108/><G71/><T125/><D125/><N who="1" m="48235" /><E68/><V54/><F54/><W72/><G78/><T84/><D63/><U123/><E123/><V35/><F24/><W31/><G31/><T50/><D107/><U40/><E40/><V27/><F27/><W120/><G120/><T0/><D0/><U127/><N who="1" m="48243" /><U81/><DORA hai="18" /><E134/><V8/><F118/><N who="1" m="45097" /><E114/><V10/><F41/><W60/><G108/><T103/><D103/><U95/><E73/><V22/><F39/><W131/><G101/><AGARI ba="1,0" hai="81,82,83,85,89,95,96,101" m="45097,48243" machi="101" ten="40,5200,0" yaku="18,1,34,2" doraHai="5,18" who="1" fromWho="3" sc="430,0,190,55,190,0,190,-55" /><INIT seed="1,0,0,5,0,110" ten="430,245,190,135" oya="1" hai0="64,90,78,128,18,32,67,85,119,43,57,65,84" hai1="123,31,27,94,41,69,39,0,98,1,7,38,12" hai2="132,42,130,14,92,50,134,28,117,133,10,68,36" hai3="55,2,52,20,108,111,115,135,104,70,95,118,89"/><U56/><E69/><V58/><F117/><W51/><G104/><T76/><D32/><U72/><E72/><V109/><F109/><N who="3" m="42059" /><G2/><T9/><D43/><U121/><E56/><V8/><F68/><W4/><G4/><T60/><D128/><U48/><E48/><V93/><F130/><W116/><G70/><T26/><D85/><U75/><E75/><V54/><F28/><W35/><G35/><T46/><D46/><U17/><E7/><N who="2" m="3359" /><F10/><W120/><G20/><N who="0" m="13591" /><D9/><U29/><E0/><V88/><F88/><W24/><G24/><T47/><D47/><AGARI ba="0,0" hai="36,42,47,50,54,58,92,93,132,133,134" m="3359" machi="47" ten="30,1000,0" yaku="20,1" doraHai="110" who="2" fromWho="0" sc="430,-10,245,0,190,10,135,0" /><INIT seed="2,0,0,4,2,112" ten="420,245,200,135" oya="2" hai0="133,120,0,74,44,86,106,111,95,91,125,80,20" hai1="131,121,70,59,36,92,104,107,35,75,115,127,12" hai2="3,13,37,26,96,79,123,24,135,53,14,23,43" hai3="87,122,82,99,18,56,46,2,119,7,88,21,128"/><V11/><F123/><W4/><G122/><T83/><D20/><U72/><RYUUKYOKU type="yao9" ba="0,0" sc="420,0,245,0,200,0,135,0" hai1="12,35,36,59,70,72,75,92,104,107,115,121,127,131" /><INIT seed="2,1,0,5,2,124" ten="420,245,200,135" oya="2" hai0="32,67,105,77,6,115,85,4,127,20,126,102,12" hai1="107,21,24,27,117,30,99,40,125,84,13,25,110" hai2="113,106,39,33,94,101,116,26,108,75,119,11,42" hai3="79,100,38,0,135,31,65,10,95,47,118,66,121"/><V60/><F94/><W56/><G118/><T133/><D32/><U72/><E72/><V14/><F113/><W22/><G121/><T5/><D67/><U63/><E117/><V62/><F62/><W120/><G120/><T97/><D115/><U83/><E125/><N who="0" m="47625" /><D133/><U131/><E40/><V52/><F75/><W130/><G135/><T92/><D20/><U132/><E132/><V19/><F42/><W55/><G79/><T9/><D77/><U89/><E110/><V82/><F39/><W81/><G81/><T49/><D49/><U8/><E63/><V93/><F106/><W28/><G38/><T88/><AGARI ba="1,0" hai="4,5,6,9,12,85,88,92,97,102,105" m="47625" machi="88" ten="30,2000,0" yaku="18,1,54,1" doraHai="124" who="0" fromWho="0" sc="420,23,245,-6,200,-11,135,-6" /><INIT seed="3,0,0,1,4,0" ten="443,239,189,129" oya="3" hai0="94,70,133,127,40,118,8,89,92,26,57,44,45" hai1="7,52,16,86,78,111,33,66,121,73,109,30,81" hai2="15,55,105,4,79,36,68,108,47,101,21,27,29" hai3="24,112,102,28,110,20,48,130,22,67,46,39,131"/><W129/><G112/><T119/><D70/><U3/><E121/><V1/><F68/><W125/><G125/><T41/><D8/><N who="1" m="2175" /><E66/><V80/><F108/><N who="1" m="41545" /><E16/><V23/><F1/><W34/><G110/><T18/><D57/><U107/><E107/><V54/><F105/><W63/><G102/><T64/><D92/><U88/><E52/><V116/><F101/><W114/><G39/><T32/><D89/><U43/><E43/><V135/><F135/><W123/><G114/><T93/><D44/><U76/><E73/><V25/><F116/><W115/><G115/><T11/><D26/><AGARI ba="0,0" hai="26,30,33,76,78,81,86,88" m="41545,2175" machi="26" ten="30,3900,0" yaku="14,1,52,1,54,1" doraHai="0" who="1" fromWho="0" sc="443,-39,239,39,189,0,129,0" owari="404,50.4,278,7.8,189,-21.1,129,-37.1" /></mjloggm>