<mjloggm ver="2.3"><GO type="225" lobby="0"/><UN n0="%4B%2E%32%2E%4B%2E" n1="%33%74%72%65%65" n2="%E6%81%A5%E6%99%92%E3%81%97" n3="%72%69%6F%75%63%68%61%6E" dan="16,16,16,16" rate="2151.19,2100.52,2132.48,2157.92" sx="M,F,M,M"/><TAIKYOKU oya="0"/><INIT seed="0,0,0,1,2,12" ten="250,250,250,250" oya="0" hai0="59,97,70,112,82,134,35,6,13,38,129,109,133" hai1="128,85,76,84,58,41,63,115,99,103,125,46,61" hai2="69,73,10,18,21,94,27,116,106,127,23,57,50" hai3="8,33,49,9,54,89,11,95,64,96,44,51,40"/><T105/><D112/><U7/><E115/><V67/><F106/><W48/><G33/><T131/><D70/><U74/><E128/><N who="0" m="49225" /><D35/><U15/><E125/><V32/><F73/><W47/><REACH who="3" step="1"/><G64/><REACH who="3" ten="250,250,250,240" step="2"/><T53/><D109/><U78/><E74/><V81/><F32/><W113/><G113/><T26/><D134/><U16/><E7/><V45/><F67/><W60/><G60/><T39/><D133/><U104/><E63/><V17/><F127/><W80/><G80/><T75/><D82/><U71/><E71/><V101/><F69/><W22/><G22/><T92/><D75/><U55/><E76/><V130/><F81/><W117/><G117/><T19/><D6/><U68/><E78/><V100/><F116/><W83/><G83/><T20/><D105/><U86/><E68/><V87/><F130/><W77/><G77/><T120/><D120/><U36/><REACH who="1" step="1"/><E86/><REACH who="1" ten="250,240,250,240" step="2"/><V124/><F124/><W24/><G24/><T110/><D26/><U4/><E4/><V37/><F87/><W1/><G1/><T56/><D110/><U90/><E90/><V29/><F27/><W119/><G119/><T14/><D13/><U108/><E108/><V93/><F100/><W30/><G30/><T135/><D135/><U25/><E25/><V79/><F101/><W98/><G98/><T88/><D97/><U132/><E132/><V107/><F79/><W126/><G126/><T34/><D14/><U2/><E2/><V3/><F3/><W42/><G42/><T5/><D5/><U0/><E0/><V111/><F29/><W91/><G91/><T114/><D88/><RYUUKYOKU ba="0,2" sc="250,-15,240,15,250,-15,240,15" hai1="15,16,36,41,46,55,58,61,84,85,99,103,104" hai3="8,9,11,40,44,47,48,49,51,54,89,95,96" /><INIT seed="1,1,2,5,4,74" ten="235,255,235,255" oya="1" hai0="42,118,91,36,57,69,54,28,58,105,80,33,121" hai1="2,62,133,9,47,109,15,107,134,92,0,77,3" hai2="53,83,72,128,23,59,90,68,50,71,41,119,127" hai3="110,31,40,22,10,25,94,106,130,114,79,63,96"/><U116/><E116/><V55/><F119/><W65/><G114/><T135/><D69/><U108/><E107/><V18/><F127/><W8/><G110/><N who="1" m="42602" /><E92/><V123/><F128/><W37/><G130/><T95/><D118/><U87/><E62/><V30/><F30/><W45/><G106/><T7/><D105/><U24/><E47/><V75/><F41/><W61/><G79/><T44/><D135/><N who="1" m="51723" /><E24/><V100/><F100/><W124/><G124/><T52/><D95/><U122/><E122/><V12/><F123/><W60/><REACH who="3" step="1"/><G65/><REACH who="3" ten="235,255,235,245" step="2"/><T46/><D121/><U16/><E77/><V29/><F75/><W17/><G17/><T78/><D78/><U5/><E87/><V120/><F72/><W51/><G51/><T88/><D36/><U132/><E132/><V99/><F120/><W35/><G35/><T70/><D33/><U38/><E38/><V26/><F29/><W11/><G11/><AGARI ba="1,3" hai="0,2,3,5,9,11,15,16" m="51723,42602" machi="11" ten="30,18000,2" yaku="14,1,10,1,20,1,34,2,54,1" doraHai="74" who="1" fromWho="3" sc="235,0,255,213,235,0,245,-183" /><INIT seed="1,2,0,3,5,15" ten="235,468,235,62" oya="1" hai0="73,101,103,131,123,52,93,102,82,96,85,30,74" hai1="38,80,2,43,32,105,75,34,77,3,54,60,37" hai2="17,117,87,107,106,121,135,11,57,91,95,29,53" hai3="129,124,94,116,84,7,48,18,19,20,108,63,46"/><U51/><E105/><V14/><F117/><W86/><G108/><T67/><D131/><U40/><E60/><V16/><F121/><W21/><G129/><T12/><D123/><U69/><E54/><V33/><F135/><W56/><G124/><T24/><D67/><U65/><E51/><V119/><F119/><W72/><G72/><T66/><D66/><U25/><E43/><V58/><F58/><W120/><G120/><T127/><D127/><U104/><E104/><V39/><F39/><N who="1" m="14857" /><E40/><V44/><F44/><W45/><G7/><T112/><D112/><U90/><E90/><V31/><F17/><N who="3" m="6155" /><G116/><T130/><D130/><U64/><E64/><V92/><F92/><W55/><G45/><T126/><D12/><U115/><E115/><V41/><F41/><N who="3" m="24655" /><G94/><T13/><D126/><U0/><E25/><V99/><F33/><W36/><G36/><T59/><D13/><U26/><E26/><V125/><F125/><W28/><G28/><N who="2" m="10825" /><F106/><W133/><G133/><T68/><D68/><U109/><E109/><V23/><F107/><W50/><G63/><N who="0" m="36327" /><D73/><U9/><E34/><V110/><F110/><W61/><G61/><T42/><D42/><U71/><E32/><V122/><F122/><W49/><G50/><T62/><D62/><N who="1" m="40119" /><E71/><V6/><F6/><AGARI ba="2,0" hai="0,2,3,6,9,75,77,80" m="40119,14857" machi="6" ten="30,2900,0" yaku="33,2" doraHai="15" who="1" fromWho="2" sc="235,0,468,35,235,-35,62,0" /><INIT seed="1,3,0,4,5,100" ten="235,503,200,62" oya="1" hai0="50,73,38,48,14,17,109,35,34,114,83,116,49" hai1="66,78,89,6,112,86,8,75,64,15,120,16,21" hai2="76,39,61,134,12,90,54,115,95,2,80,11,55" hai3="128,18,110,131,7,132,104,69,60,133,101,45,43"/><U3/><E112/><V102/><F39/><N who="3" m="21759" /><G18/><T37/><D114/><U82/><REACH who="1" step="1"/><E120/><REACH who="1" ten="235,493,200,62" step="2"/><V94/><F115/><W40/><G110/><T121/><D121/><U98/><E98/><V42/><F134/><N who="3" m="51819" /><G7/><T1/><D109/><U85/><E85/><V29/><F2/><W135/><N who="3" m="51827" /><W22/><DORA hai="24" /><G22/><T62/><D1/><U57/><E57/><V122/><F122/><W9/><G9/><T127/><D73/><U13/><E13/><V99/><F12/><W77/><G77/><T27/><D14/><U92/><AGARI ba="3,1" hai="3,6,8,15,16,21,64,66,75,78,82,86,89,92" machi="92" ten="20,7800,0" yaku="1,1,0,1,7,1,54,1,53,0" doraHai="100,24" doraHaiUra="93,119" who="1" fromWho="1" sc="235,-29,493,97,200,-29,62,-29" /><INIT seed="1,4,0,5,5,40" ten="206,590,171,33" oya="1" hai0="76,90,13,55,23,8,99,22,63,4,125,103,73" hai1="95,86,117,129,97,133,82,104,37,27,98,115,3" hai2="96,15,94,122,51,53,119,127,38,70,49,81,102" hai3="64,116,78,89,34,33,28,111,44,52,105,110,65"/><U20/><E115/><V83/><F122/><W74/><G105/><T61/><D125/><U17/><E117/><V9/><F119/><W72/><G116/><T79/><D90/><U19/><E133/><V135/><F127/><W101/><G101/><T43/><D43/><U109/><E129/><V46/><F38/><W106/><G106/><T12/><D73/><N who="3" m="28265" /><G78/><N who="0" m="29739" /><D55/><U107/><E3/><V21/><F70/><W57/><G89/><T87/><D87/><U1/><E1/><V29/><F135/><W48/><G28/><T91/><D103/><U112/><E112/><V84/><F51/><W68/><G68/><T45/><D13/><U130/><E86/><V47/><F47/><W30/><G30/><T31/><D45/><U54/><E104/><V132/><F132/><W134/><G134/><T6/><D6/><U77/><E107/><V24/><REACH who="2" step="1"/><F84/><REACH who="2" ten="206,590,161,33" step="2"/><W14/><G14/><T131/><D131/><U42/><E37/><V120/><F120/><W124/><G124/><T88/><D61/><U11/><E130/><V71/><F71/><W32/><G57/><T60/><D60/><U114/><E114/><V58/><F58/><W56/><G56/><T5/><D63/><U0/><E54/><V75/><F75/><W35/><N who="3" m="8192" /><DORA hai="69" /><W62/><G62/><T100/><D100/><U128/><E128/><V108/><F108/><AGARI ba="4,1" hai="44,48,52,64,65,108,110,111" m="8192,28265" machi="108" ten="60,7700,0" yaku="14,1,52,1,54,1" doraHai="40,69" who="3" fromWho="2" sc="206,0,590,0,161,-89,33,99" /><INIT seed="2,0,0,4,4,70" ten="206,590,72,132" oya="2" hai0="110,127,22,89,12,77,91,87,101,50,30,104,8" hai1="114,115,80,106,52,20,27,13,74,19,36,2,4" hai2="95,76,120,31,122,83,108,75,69,26,94,71,102" hai3="68,113,29,58,135,9,49,43,112,85,44,61,62"/><V126/><F126/><W55/><G29/><T64/><D104/><U72/><E106/><V109/><F71/><W47/><G85/><T100/><D127/><U32/><E36/><V130/><F69/><W66/><G9/><T63/><D110/><N who="2" m="42602" /><F26/><W41/><G135/><T128/><D128/><U16/><E114/><V125/><F31/><W92/><G92/><N who="2" m="35369" /><F125/><W121/><G121/><N who="2" m="46697" /><F102/><W48/><AGARI ba="0,0" hai="41,43,44,47,48,49,55,58,61,62,66,68,112,113" machi="48" ten="30,8000,1" yaku="0,1,9,1,34,3" doraHai="70" who="3" fromWho="3" sc="206,-20,590,-20,72,-40,132,80" /><INIT seed="3,0,0,4,1,64" ten="186,570,32,212" oya="3" hai0="111,1,3,50,40,38,101,13,107,71,54,77,90" hai1="118,9,26,44,60,80,25,106,115,131,124,75,27" hai2="36,28,121,91,2,24,20,126,47,95,103,132,109" hai3="98,17,11,15,61,133,32,125,49,119,22,102,57"/><W84/><G119/><T51/><D71/><U128/><E115/><V112/><F112/><W53/><G125/><T79/><D111/><U12/><E124/><V7/><F126/><W65/><G133/><T21/><D107/><U130/><E106/><V62/><F109/><W122/><G32/><T43/><D101/><U10/><E118/><V96/><F132/><W97/><G122/><T37/><D21/><U23/><E60/><V117/><F117/><W67/><G84/><T94/><D13/><U81/><E44/><V110/><F110/><W39/><G39/><T87/><D87/><U48/><E48/><V129/><F129/><W85/><G85/><T89/><D94/><U30/><E9/><V70/><F121/><W73/><G73/><T46/><D46/><U113/><E113/><V41/><F91/><W93/><G98/><T6/><D6/><N who="1" m="3159" /><E81/><V5/><F2/><W76/><G76/><AGARI ba="0,0" hai="23,25,26,27,30,75,76,80,128,130,131" m="3159" machi="76" ten="30,1000,0" yaku="19,1" doraHai="64" who="1" fromWho="3" sc="186,0,570,10,32,0,212,-10" owari="186,-21.4,580,68.0,32,-46.8,202,0.2" /></mjloggm>