<mjloggm ver="2.3"><GO type="225" lobby="0"/><UN n0="%E9%B3%B3%E6%9D%B1%E3%81%AE%E3%81%86%E3%81%95%E3%81%8E%E3%81%95%E3%82%93" n1="%E3%81%95%E3%81%8D%E3%81%9F%E3%81%BE%E6%9E%97%E6%AA%8E" n2="%74%61%6B%75%61%6B%61" n3="%E3%81%86%E3%82%8C%E3%81%9F%E3%82%93%E6%9E%95" dan="16,16,17,16" rate="2140.51,2131.81,2203.06,2178.51" sx="M,M,M,F"/><TAIKYOKU oya="0"/><INIT seed="0,0,0,0,4,77" ten="250,250,250,250" oya="0" hai0="101,129,29,16,61,119,75,24,32,15,45,22,55" hai1="59,120,46,37,63,122,51,9,89,105,121,68,27" hai2="100,92,7,104,128,18,112,42,47,110,40,109,97" hai3="5,6,64,93,44,83,125,26,38,65,99,86,28"/><T52/><D119/><U71/><E105/><V90/><F112/><W13/><G125/><T30/><D75/><U48/><E89/><V123/><F123/><W118/><G118/><T14/><D129/><U66/><E27/><V70/><F128/><W135/><G135/><T76/><D76/><U11/><E11/><V0/><F70/><N who="1" m="26665" /><E9/><V113/><F113/><W82/><G44/><T116/><D116/><U85/><E85/><V91/><F40/><AGARI ba="0,0" hai="37,40,46,48,51,59,63,66,120,121,122" m="26665" machi="40" ten="40,2600,0" yaku="34,2" doraHai="77" who="1" fromWho="2" sc="250,0,250,26,250,-26,250,0" /><INIT seed="1,0,0,4,2,12" ten="250,276,224,250" oya="1" hai0="81,26,56,52,44,120,38,57,40,6,11,80,13" hai1="50,76,72,5,1,59,18,10,74,63,0,115,8" hai2="23,127,14,34,21,55,97,45,123,48,25,68,17" hai3="95,93,119,19,60,92,128,122,96,78,113,9,4"/><U43/><E115/><V71/><F127/><W121/><G119/><T85/><D120/><U36/><E36/><V135/><F135/><W31/><G113/><T39/><D39/><U58/><E76/><V2/><F123/><W126/><G128/><T20/><D57/><U79/><E79/><V46/><F2/><W107/><G126/><T104/><D85/><U62/><E43/><V65/><F34/><W3/><G31/><T114/><D104/><U69/><E50/><V66/><F71/><W49/><G78/><T100/><D100/><U91/><E91/><V103/><F45/><W82/><G82/><T32/><D32/><U124/><E124/><V67/><F68/><W54/><G60/><T75/><D75/><U29/><E29/><V35/><F35/><W129/><G129/><T70/><D70/><U108/><E69/><V15/><REACH who="2" step="1"/><F23/><REACH who="2" ten="250,276,214,250" step="2"/><W134/><G134/><T30/><REACH who="0" step="1"/><D114/><REACH who="0" ten="240,276,214,250" step="2"/><U110/><E0/><V94/><AGARI ba="0,2" hai="14,15,17,21,25,46,48,55,65,66,67,94,97,103" machi="94" ten="30,12000,2" yaku="1,1,2,1,0,1,8,1,52,1,53,1" doraHai="12" doraHaiUra="98" who="2" fromWho="2" sc="240,-30,276,-60,214,140,250,-30" /><INIT seed="2,0,0,0,4,5" ten="210,216,354,220" oya="2" hai0="59,20,33,24,41,56,4,16,27,49,61,128,11" hai1="95,74,35,39,111,99,42,120,88,15,107,10,70" hai2="127,68,83,38,114,78,0,54,73,82,122,44,115" hai3="94,26,101,135,8,50,100,18,22,2,47,117,125"/><V31/><F122/><W34/><G117/><T121/><D121/><U92/><E111/><V9/><F127/><W130/><G130/><T105/><D128/><U84/><E120/><V30/><F68/><W46/><G135/><T48/><D105/><U102/><E70/><V14/><F83/><W87/><G125/><T80/><D80/><U134/><E134/><V81/><F81/><W3/><G34/><T60/><D33/><U112/><E112/><V28/><F54/><W25/><G2/><T79/><D79/><U131/><E131/><V113/><F0/><W129/><G129/><T110/><D24/><U45/><E35/><V126/><F126/><W86/><G3/><T93/><D93/><U108/><E108/><V119/><F119/><W65/><G65/><N who="0" m="39047" /><D41/><U1/><E1/><V62/><F62/><W21/><G94/><T91/><D91/><U104/><REACH who="1" step="1"/><E74/><REACH who="1" ten="210,206,354,220" step="2"/><V64/><F73/><W63/><G101/><T12/><D110/><U13/><E13/><V19/><F14/><N who="3" m="7495" /><G100/><T29/><D29/><U36/><E36/><V17/><F38/><W123/><G123/><T67/><AGARI ba="0,1" hai="4,11,12,16,20,27,48,49,59,61,67" m="39047" machi="67" ten="30,4000,0" yaku="8,1,52,1,54,1" doraHai="5" who="0" fromWho="0" sc="210,50,206,-10,354,-20,220,-10" /><INIT seed="3,0,0,2,3,10" ten="260,196,334,210" oya="3" hai0="4,121,113,18,17,81,100,23,95,104,36,64,102" hai1="41,46,118,52,94,133,77,111,63,28,37,27,110" hai2="57,129,42,105,112,5,114,135,47,61,123,65,120" hai3="33,29,132,106,98,20,66,39,92,16,22,107,34"/><W48/><G39/><T115/><D121/><N who="2" m="46666" /><F129/><W109/><G132/><T86/><D36/><U11/><E133/><V99/><F135/><W8/><G109/><N who="1" m="41482" /><E118/><V67/><F5/><W93/><G66/><T89/><D4/><U70/><E77/><V2/><F2/><W125/><G125/><T58/><D104/><U76/><E76/><V84/><F67/><W124/><G124/><T49/><D17/><U88/><E70/><V75/><F75/><W56/><G107/><T21/><D21/><N who="3" m="8297" /><G33/><T13/><D81/><U97/><E11/><V73/><F73/><W82/><G34/><T9/><D9/><U35/><E52/><V130/><F130/><W0/><G106/><T62/><REACH who="0" step="1"/><D49/><REACH who="0" ten="250,196,334,210" step="2"/><U72/><E72/><V108/><F108/><W85/><G0/><T54/><D54/><U6/><E6/><V1/><F1/><W15/><G29/><T12/><D12/><U51/><E63/><V14/><F14/><W101/><G93/><T44/><D44/><U80/><E80/><V116/><F105/><W96/><G92/><T24/><D24/><U87/><E37/><V83/><F83/><W74/><G74/><T91/><D91/><U78/><E78/><V3/><F3/><W43/><G101/><AGARI ba="0,1" hai="13,18,23,58,62,64,86,89,95,100,101,102,113,115" machi="101" ten="40,5200,0" yaku="1,1,52,1,53,1" doraHai="10" doraHaiUra="60" who="0" fromWho="3" sc="250,62,196,0,334,0,210,-52" owari="312,11.2,196,-20.4,334,43.4,158,-34.2" /></mjloggm>