<mjloggm ver="2.3"><GO type="225" lobby="0"/><UN n0="%61%67%65%48%61" n1="%77%72%77%72%77%72%77%72" n2="%72%69%6F%75%63%68%61%6E" n3="%E3%81%A6%E3%81%A4%EF%BC%A3" dan="16,16,17,16" rate="2059.91,2105.15,2284.15,2087.49" sx="M,M,M,M"/><TAIKYOKU oya="0"/><INIT seed="0,0,0,5,0,67" ten="250,250,250,250" oya="0" hai0="78,14,45,113,93,53,32,58,114,46,81,62,57" hai1="69,13,73,126,76,25,61,28,102,122,0,22,124" hai2="131,89,40,15,34,83,51,1,117,18,21,44,132" hai3="134,103,6,121,80,88,109,119,3,54,77,85,16"/><T47/><D32/><U55/><E122/><V129/><F132/><W2/><G119/><T24/><D93/><U7/><E0/><V91/><F117/><W112/><G112/><T17/><D24/><U84/><E102/><V12/><F1/><W66/><G134/><T19/><D19/><U104/><E104/><V106/><F106/><W92/><G66/><T135/><D135/><U71/><E73/><V130/><F34/><W4/><G109/><T115/><D57/><N who="1" m="35007" /><E76/><V105/><F105/><W5/><G103/><T60/><D60/><U64/><E64/><V63/><F63/><W29/><G29/><T108/><D108/><U20/><E84/><V90/><REACH who="2" step="1"/><F15/><REACH who="2" ten="250,250,240,250" step="2"/><W56/><G2/><T127/><D127/><N who="1" m="48683" /><E20/><V74/><F74/><W23/><G3/><T72/><REACH who="0" step="1"/><D113/><REACH who="0" ten="240,250,240,250" step="2"/><U50/><E22/><AGARI ba="0,2" hai="14,17,22,45,46,47,53,58,62,72,78,81,114,115" machi="22" ten="40,3900,0" yaku="1,1,2,1,53,0" doraHai="67" doraHaiUra="35" who="0" fromWho="1" sc="240,59,250,-39,240,0,250,0" /><INIT seed="0,1,0,3,2,14" ten="299,211,240,250" oya="0" hai0="101,31,60,69,80,27,43,100,86,83,79,37,117" hai1="8,107,134,97,39,20,3,48,5,104,53,70,65" hai2="32,49,2,25,63,52,51,96,28,40,124,0,99" hai3="95,44,115,122,133,125,42,128,55,18,102,130,71"/><T62/><D117/><U121/><E121/><V113/><F113/><W9/><G115/><T118/><D118/><U15/><E39/><V74/><F124/><W85/><G125/><T93/><D37/><U16/><E134/><V59/><F74/><W116/><G116/><T13/><D43/><U64/><E70/><V17/><F49/><W82/><G133/><T57/><D69/><U112/><E112/><V106/><F17/><W67/><G122/><T45/><D45/><U12/><E3/><V11/><F106/><W73/><G73/><T61/><D13/><U75/><E75/><V119/><F119/><W103/><G55/><T92/><D83/><U120/><E120/><V54/><F40/><W50/><G67/><T34/><REACH who="0" step="1"/><D57/><REACH who="0" ten="289,211,240,250" step="2"/><U38/><E38/><V23/><F0/><W88/><G71/><T56/><D56/><U41/><E41/><V132/><F132/><W135/><G135/><T89/><D89/><U108/><E108/><V76/><F76/><N who="3" m="46279" /><G130/><T127/><D127/><U19/><E5/><V90/><F90/><W77/><G77/><T66/><D66/><U68/><E68/><V109/><F109/><W105/><G128/><T1/><D1/><U46/><REACH who="1" step="1"/><E107/><REACH who="1" ten="289,201,240,250" step="2"/><V4/><F4/><W131/><G105/><T91/><D91/><U111/><E111/><V33/><F2/><W81/><G131/><T87/><D87/><U47/><E47/><V114/><F114/><W84/><G81/><T6/><D6/><U58/><E58/><V110/><F59/><W21/><G103/><AGARI ba="1,2" hai="27,31,34,60,61,62,79,80,86,92,93,100,101,103" machi="103" ten="40,3900,0" yaku="1,1,53,1" doraHai="14" doraHaiUra="29" who="0" fromWho="3" sc="289,62,201,0,240,0,250,-42" /><AGARI ba="1,0" hai="8,12,15,16,19,20,46,48,53,64,65,97,103,104" machi="103" ten="40,8000,1" yaku="1,1,52,2,54,1,53,0" doraHai="14" doraHaiUra="29" who="1" fromWho="3" sc="351,0,201,80,240,0,208,-80" /><INIT seed="0,2,0,4,0,107" ten="351,281,240,128" oya="0" hai0="18,34,96,8,102,65,99,98,128,12,97,45,42" hai1="94,114,39,87,90,75,131,49,78,6,130,57,123" hai2="21,124,106,119,61,35,44,81,134,126,41,85,93" hai3="36,31,17,67,47,30,73,69,2,104,13,3,37"/><T86/><D34/><U20/><E39/><V95/><F134/><W89/><G104/><T115/><D115/><U14/><E123/><V60/><F119/><W70/><G89/><T109/><D128/><N who="1" m="49195" /><E114/><V117/><F117/><W71/><G67/><T105/><D86/><U84/><E84/><V133/><F35/><W127/><G127/><N who="2" m="48681" /><F106/><W56/><G56/><T50/><D65/><U76/><E75/><V74/><F133/><W51/><G73/><T66/><D66/><U10/><E20/><V103/><F21/><W11/><G36/><T5/><REACH who="0" step="1"/><D109/><REACH who="0" ten="341,281,240,128" step="2"/><U108/><E108/><V52/><F74/><W33/><G37/><T72/><D72/><U32/><E32/><V77/><F103/><W62/><G33/><T9/><D9/><U121/><E121/><V83/><F83/><W1/><REACH who="3" step="1"/><G62/><REACH who="3" ten="341,281,240,118" step="2"/><T101/><D101/><U22/><E87/><V80/><F60/><W118/><G118/><T59/><D59/><U122/><E57/><N who="2" m="34983" /><F80/><W110/><G110/><T125/><D125/><U64/><E64/><V19/><F19/><AGARI ba="2,2" hai="5,8,12,18,19,42,45,50,96,97,98,99,102,105" machi="19" ten="40,2000,0" yaku="1,1,53,0" doraHai="107" doraHaiUra="132" who="0" fromWho="2" sc="341,46,281,0,240,-26,118,0" /><INIT seed="0,3,0,1,3,43" ten="387,281,214,118" oya="0" hai0="127,23,135,99,126,57,117,116,52,70,35,8,96" hai1="17,49,3,86,78,4,18,77,63,97,80,9,73" hai2="46,39,12,130,109,33,10,79,53,0,111,114,59" hai3="72,62,2,113,115,98,30,107,119,106,128,65,87"/><T129/><D35/><U21/><E63/><V112/><F130/><W90/><G72/><T134/><D70/><U124/><E124/><N who="0" m="47657" /><D23/><U89/><E97/><N who="0" m="37449" /><D8/><U102/><E102/><V27/><F79/><W123/><G119/><N who="0" m="45643" /><D129/><U14/><E73/><V19/><F0/><W104/><G128/><T50/><AGARI ba="3,0" hai="50,52,57,134,135" m="45643,37449,47657" machi="50" ten="40,3900,0" yaku="18,1,54,1" doraHai="43" who="0" fromWho="0" sc="387,48,281,-16,214,-16,118,-16" /><INIT seed="0,4,0,5,5,76" ten="435,265,198,102" oya="0" hai0="97,21,0,30,46,64,41,112,134,89,71,120,110" hai1="49,73,62,40,4,87,91,93,109,99,107,130,135" hai2="79,36,3,16,100,59,20,28,96,98,32,35,74" hai3="108,113,56,65,45,44,60,121,129,42,131,63,19"/><T101/><D0/><U70/><E109/><V114/><F114/><W5/><G113/><T54/><D112/><U50/><E130/><N who="3" m="49674" /><G5/><T85/><D120/><U94/><E135/><V84/><F74/><W67/><G121/><T27/><D134/><U10/><E73/><V39/><F3/><W53/><G108/><T15/><D54/><U125/><E125/><V43/><F28/><W31/><G31/><T66/><D71/><U86/><E107/><V11/><F11/><W25/><G25/><T34/><D110/><U95/><E70/><V13/><F98/><W127/><G19/><T57/><D34/><U33/><E62/><V58/><F32/><W26/><G26/><T88/><D57/><U78/><E33/><V106/><F35/><W122/><G122/><T132/><D15/><U82/><E40/><V128/><F128/><W81/><G81/><N who="0" m="49199" /><D101/><U116/><E116/><V18/><F18/><W24/><G24/><T83/><D132/><U90/><REACH who="1" step="1"/><E95/><REACH who="1" ten="435,255,198,102" step="2"/><V105/><F106/><W80/><G127/><T103/><D41/><U118/><E118/><V51/><F43/><W111/><G111/><T29/><D64/><N who="3" m="24649" /><G80/><T12/><D83/><U37/><E37/><V117/><F117/><W14/><G42/><T126/><D126/><U102/><E102/><V23/><F36/><W9/><G63/><T8/><D103/><U47/><E47/><V133/><F39/><W2/><G2/><AGARI ba="4,1" hai="2,4,10,49,50,78,82,86,87,90,91,93,94,99" machi="2" ten="30,3900,0" yaku="1,1,7,1,52,1,53,0" doraHai="76" doraHaiUra="17" who="1" fromWho="3" sc="435,0,255,61,198,0,102,-51" /><INIT seed="1,0,0,1,0,117" ten="435,316,198,51" oya="1" hai0="50,78,71,9,12,116,24,77,94,62,121,47,125" hai1="41,69,51,119,73,107,85,103,89,134,126,31,25" hai2="75,22,131,58,129,99,11,82,48,112,111,23,10" hai3="98,36,65,27,66,54,29,64,101,59,115,110,133"/><U5/><E119/><V35/><F111/><W76/><G110/><T26/><D116/><U105/><E73/><V15/><F35/><W114/><G36/><T95/><D125/><U14/><E126/><V3/><F112/><W16/><G133/><T86/><D71/><U87/><E134/><V135/><F135/><W17/><G76/><N who="0" m="29291" /><D62/><U19/><E69/><V104/><F3/><W79/><G79/><T127/><D127/><U32/><E5/><V113/><F113/><W43/><G43/><T13/><D13/><U132/><E132/><V42/><F82/><W39/><G39/><T96/><D86/><U83/><E103/><N who="2" m="62591" /><F75/><W70/><G70/><T2/><D2/><U123/><E85/><V4/><F10/><W18/><G98/><T91/><D121/><U38/><E38/><V20/><F58/><W72/><G101/><T37/><D37/><U80/><E123/><V49/><F42/><W56/><G72/><T74/><D74/><U44/><REACH who="1" step="1"/><E80/><REACH who="1" ten="435,306,198,51" step="2"/><V0/><F0/><W57/><REACH who="3" step="1"/><G54/><REACH who="3" ten="435,306,198,41" step="2"/><N who="0" m="30047" /><D95/><U6/><E6/><AGARI ba="0,2" hai="6,9,12,24,26,91,94,96" m="30047,29291" machi="6" ten="30,1000,0" yaku="8,1" doraHai="117" who="0" fromWho="1" sc="435,30,306,-10,198,0,41,0" /><INIT seed="2,0,0,5,4,132" ten="465,296,198,41" oya="2" hai0="98,16,86,124,100,127,27,97,17,36,32,118,63" hai1="51,35,41,121,129,133,19,53,9,122,13,29,81" hai2="80,117,23,20,109,91,89,135,77,125,90,123,94" hai3="68,34,78,134,95,126,52,62,105,18,130,101,75"/><V65/><F125/><N who="0" m="48202" /><D118/><U87/><E41/><V71/><F117/><W3/><G126/><T0/><D36/><U83/><E133/><V11/><F123/><N who="1" m="47113" /><E129/><V93/><F135/><W69/><G134/><T15/><D0/><U119/><E119/><V66/><F109/><W110/><G95/><N who="2" m="36361" /><F71/><W131/><G110/><T1/><D1/><U74/><E74/><V39/><F39/><W70/><G3/><T104/><D97/><U111/><E111/><V103/><F11/><W82/><G34/><T99/><D99/><U107/><E107/><V54/><F54/><W59/><REACH who="3" step="1"/><G18/><REACH who="3" ten="465,296,198,31" step="2"/><T96/><D17/><U6/><E19/><V25/><F103/><W38/><G38/><T113/><D16/><U4/><E35/><V28/><F20/><W44/><G44/><T37/><D32/><U12/><E29/><V67/><F77/><W31/><G31/><T64/><D104/><U46/><E4/><V43/><F43/><W55/><G55/><T48/><D37/><U92/><E6/><V57/><F57/><W84/><G84/><AGARI ba="0,1" hai="23,25,28,65,66,67,80,84,89,90,91" m="36361" machi="84" ten="30,1500,0" yaku="8,1" doraHai="132" who="2" fromWho="3" sc="465,0,296,0,198,25,31,-15" /><INIT seed="2,1,0,0,5,76" ten="465,296,223,16" oya="2" hai0="46,79,83,109,19,65,114,63,24,90,95,42,34" hai1="30,89,27,29,25,77,112,17,4,16,38,52,55" hai2="74,44,120,118,128,110,49,101,134,37,5,116,14" hai3="64,133,85,48,131,73,26,40,43,50,86,28,129"/><V108/><F120/><W127/><G73/><T132/><D109/><N who="2" m="42090" /><F37/><W13/><G127/><T82/><D132/><U10/><E38/><V88/><F134/><W107/><G133/><T111/><D79/><U54/><E112/><V135/><F135/><W6/><G64/><T62/><D62/><U59/><E77/><V102/><F74/><W2/><G2/><T31/><D19/><N who="1" m="7243" /><E59/><V105/><F128/><N who="3" m="49227" /><G107/><T121/><D121/><U3/><E3/><V8/><F105/><W23/><G13/><T81/><D111/><U20/><E10/><V91/><F102/><W71/><G6/><T53/><D53/><U113/><E4/><V78/><F78/><W96/><G96/><T99/><D114/><U122/><E122/><V130/><F101/><W80/><G71/><T36/><REACH who="0" step="1"/><D82/><REACH who="0" ten="455,296,223,16" step="2"/><U12/><E113/><V126/><F130/><W98/><G98/><T67/><D67/><U66/><E66/><V11/><F126/><W123/><G123/><T22/><D22/><U33/><E33/><V58/><F11/><W56/><G86/><T106/><D106/><U103/><E20/><V100/><F100/><W70/><G70/><AGARI ba="1,1" hai="24,31,34,36,42,46,63,65,70,81,83,90,95,99" machi="70" ten="30,7700,0" yaku="1,1,7,1,52,2,53,0" doraHai="76" doraHaiUra="104" who="0" fromWho="3" sc="455,90,296,0,223,0,16,-80" owari="545,64.5,296,9.6,223,-17.7,-64,-56.4" /></mjloggm>