<mjloggm ver="2.3"><GO type="225" lobby="0"/><UN n0="%73%6C%69%63%6B%33%31%39" n1="%E6%A1%9C%E8%8A%B1%E9%96%83%E3%80%85" n2="%E3%81%A1%E3%82%85%E3%81%86%E3%81%A9%E3%81%8F%E8%B1%A1%E3%81%95%E3%82%93" n3="%E3%81%86%E3%81%A3%E3%81%97%E3%83%BC%30%30" dan="17,17,17,16" rate="2173.27,2238.73,2231.93,2089.57" sx="M,M,M,M"/><TAIKYOKU oya="0"/><INIT seed="0,0,0,2,4,132" ten="250,250,250,250" oya="0" hai0="30,58,93,20,36,22,103,5,3,133,87,131,106" hai1="47,1,109,124,92,55,90,74,85,17,78,42,95" hai2="68,123,57,112,75,115,33,11,4,102,51,82,134" hai3="16,59,28,7,39,64,121,60,71,70,0,19,86"/><T66/><D36/><U100/><E1/><V104/><F123/><W9/><G121/><T113/><D113/><U12/><E109/><V111/><F68/><W25/><G39/><T117/><D117/><U26/><E74/><V6/><F33/><W43/><G43/><T77/><D133/><U40/><E78/><V101/><F134/><W62/><G86/><T76/><D106/><U72/><E72/><V84/><F75/><W52/><REACH who="3" step="1"/><G71/><REACH who="3" ten="250,250,250,240" step="2"/><T97/><D87/><U105/><E42/><V44/><F115/><W108/><G108/><T23/><D131/><U122/><E40/><V126/><F112/><W118/><G118/><T129/><D129/><U29/><E85/><V14/><F111/><W80/><G80/><T2/><D76/><U99/><E122/><V56/><F84/><W53/><G53/><T119/><D77/><U49/><E55/><V114/><F82/><W32/><AGARI ba="0,1" hai="0,7,9,16,19,25,28,32,52,59,60,62,64,70" machi="32" ten="20,8000,1" yaku="1,1,0,1,7,1,54,2,53,0" doraHai="132" doraHaiUra="73" who="3" fromWho="3" sc="250,-40,250,-20,250,-20,240,90" /><INIT seed="1,0,0,4,5,59" ten="210,230,230,330" oya="1" hai0="125,108,23,111,114,92,17,48,7,4,135,134,47" hai1="44,115,112,42,20,107,89,126,84,106,14,2,123" hai2="13,52,94,16,80,132,38,120,45,128,67,26,65" hai3="0,133,119,124,99,129,60,97,12,96,28,58,81"/><U109/><E2/><V71/><F120/><W130/><G0/><T68/><D68/><U27/><E123/><V122/><F122/><W104/><G133/><N who="0" m="50699" /><D92/><U50/><E126/><V32/><F132/><W31/><G124/><T15/><D125/><U105/><E14/><V101/><F80/><W95/><G104/><T87/><D87/><U86/><E109/><N who="0" m="42057" /><D114/><U62/><E62/><V34/><F128/><W5/><G95/><T46/><D46/><U35/><E35/><V8/><F71/><W91/><G91/><T1/><D1/><U29/><REACH who="1" step="1"/><E84/><REACH who="1" ten="210,220,230,330" step="2"/><V79/><F32/><W127/><G127/><T121/><D121/><U100/><E100/><V73/><F34/><W131/><G131/><T54/><AGARI ba="0,1" hai="4,7,15,17,23,47,48,54" m="42057,50699" machi="54" ten="30,2000,0" yaku="20,1,14,1" doraHai="59" who="0" fromWho="0" sc="210,30,220,-10,230,-5,330,-5" /><INIT seed="2,0,0,3,1,24" ten="240,210,225,325" oya="2" hai0="54,25,73,130,55,99,27,7,97,91,117,64,18" hai1="115,125,76,53,20,63,72,46,75,19,38,100,98" hai2="106,28,105,40,134,89,52,17,131,26,86,13,29" hai3="42,103,14,129,47,31,83,94,59,84,62,109,57"/><V48/><F40/><W32/><G109/><T66/><D73/><U35/><E115/><V126/><F126/><W80/><G129/><T74/><D74/><U61/><E35/><V96/><F131/><W68/><G68/><T77/><D77/><U70/><E125/><V34/><F134/><W41/><G59/><T58/><D7/><U15/><E76/><V22/><F96/><W56/><G57/><T36/><D36/><U79/><E79/><V127/><F127/><W132/><G132/><T112/><D112/><U11/><E63/><V104/><F26/><W44/><G84/><T49/><D117/><U92/><E11/><V1/><F1/><W107/><G56/><N who="0" m="32847" /><D27/><U33/><E33/><V71/><F71/><W87/><G107/><T3/><D3/><U45/><E45/><V4/><F4/><W93/><G47/><T108/><D108/><U37/><E37/><V102/><F102/><W90/><G44/><T16/><D18/><U12/><E12/><V67/><F67/><N who="0" m="25642" /><D91/><U133/><E133/><V65/><F65/><W122/><G90/><T50/><D130/><U119/><E119/><V124/><F124/><W118/><G14/><T116/><D116/><U128/><E128/><V113/><F113/><W82/><G118/><T39/><D39/><U110/><E110/><V78/><F78/><W101/><G101/><T69/><D69/><U0/><E0/><V81/><REACH who="2" step="1"/><F34/><REACH who="2" ten="240,210,215,325" step="2"/><W111/><G103/><T135/><D135/><U43/><E70/><V114/><F114/><W121/><G32/><T5/><D5/><U9/><E9/><V10/><F10/><RYUUKYOKU ba="0,1" sc="240,10,210,10,215,10,325,-30" hai0="16,25,50,55,58,97,99" hai1="15,19,20,38,43,46,53,61,72,75,92,98,100" hai2="13,17,22,28,29,48,52,81,86,89,104,105,106" /><INIT seed="2,1,1,1,0,62" ten="250,220,225,295" oya="2" hai0="47,75,79,92,122,103,24,31,87,6,45,63,53" hai1="60,110,71,113,56,109,23,50,120,130,52,97,0" hai2="17,64,133,40,11,20,77,54,93,32,33,9,68" hai3="98,128,88,4,2,19,116,80,59,94,7,119,8"/><V25/><F133/><W70/><G70/><T81/><D122/><U29/><E113/><V42/><F77/><W91/><G128/><T111/><D111/><N who="1" m="42507" /><E130/><V35/><F54/><W115/><G115/><T44/><D6/><U12/><E0/><V61/><REACH who="2" step="1"/><F93/><REACH who="2" ten="250,220,215,295" step="2"/><W132/><G94/><T48/><D63/><U41/><E120/><V27/><F27/><W112/><G132/><T5/><D75/><U57/><E41/><AGARI ba="1,2" hai="9,11,17,20,25,32,33,35,40,41,42,61,64,68" machi="41" ten="40,3900,0" yaku="1,1,52,1,53,0" doraHai="62" doraHaiUra="126" who="2" fromWho="1" sc="250,0,220,-42,215,62,295,0" /><INIT seed="2,2,0,5,2,29" ten="250,178,277,295" oya="2" hai0="80,17,116,125,58,51,37,71,5,2,86,20,28" hai1="102,92,61,123,52,34,114,43,63,24,42,113,132" hai2="133,111,50,77,90,48,135,13,45,91,12,131,64" hai3="87,31,65,32,70,73,68,105,128,126,122,54,41"/><V108/><F77/><W8/><G73/><T79/><D37/><U11/><E11/><V120/><F64/><W27/><G122/><T98/><D71/><U66/><E123/><V55/><F120/><W0/><G41/><N who="1" m="15370" /><E24/><V101/><F101/><W117/><G54/><N who="0" m="32095" /><D2/><U104/><E92/><V4/><F131/><W47/><G47/><T67/><D67/><U30/><E30/><V69/><F69/><W75/><G87/><T23/><D125/><U46/><E34/><V124/><F124/><W57/><G57/><T35/><D35/><U109/><E102/><V81/><F50/><W85/><G85/><T9/><D116/><U44/><E104/><V59/><F59/><W115/><G75/><T56/><D98/><U39/><E109/><N who="2" m="42059" /><F4/><W106/><G106/><T78/><D5/><U96/><E46/><V21/><F81/><W18/><G105/><T82/><D56/><N who="1" m="34951" /><E44/><V62/><F62/><W3/><G126/><T6/><D6/><U89/><E39/><V10/><F21/><W103/><G103/><T1/><D1/><U22/><E22/><V100/><F100/><W72/><G72/><N who="0" m="43079" /><D23/><U53/><E66/><V74/><F74/><W110/><G65/><T26/><D28/><U84/><E63/><V94/><F10/><W25/><G8/><T40/><D9/><U121/><E121/><V14/><F94/><W95/><G95/><T118/><D118/><U107/><E107/><V19/><F19/><W38/><G18/><T83/><D83/><U49/><E49/><V130/><F130/><W16/><G128/><T112/><D40/><U33/><E33/><RYUUKYOKU ba="2,0" sc="250,15,178,-15,277,15,295,-15" hai0="17,20,26,79,82,86,112" hai2="12,13,14,45,48,55,90,91,133,135" /><INIT seed="2,3,0,1,2,7" ten="265,163,292,280" oya="2" hai0="26,130,84,40,16,32,99,78,37,76,28,30,125" hai1="8,67,20,22,60,1,114,123,88,106,34,69,29" hai2="74,58,31,51,50,129,46,94,10,81,91,2,47" hai3="120,57,39,56,62,54,18,107,13,82,98,105,68"/><V55/><F129/><W89/><G120/><T11/><D130/><U61/><E114/><V71/><F71/><W45/><G68/><T112/><D112/><U126/><E123/><V115/><F115/><W131/><G131/><T104/><D125/><U21/><E126/><V116/><F116/><W83/><G83/><T87/><D37/><U110/><E110/><V70/><F70/><W25/><G25/><T65/><D40/><U113/><E113/><V6/><F31/><W100/><G107/><T38/><D38/><U85/><E106/><V121/><F121/><W122/><G122/><T24/><D65/><U36/><E61/><V96/><REACH who="2" step="1"/><F51/><REACH who="2" ten="265,163,282,280" step="2"/><W27/><G39/><T127/><D28/><U33/><E36/><V15/><F15/><W75/><G13/><T90/><D30/><U102/><E29/><V48/><F48/><W59/><G27/><T35/><D26/><U124/><E124/><V133/><F133/><W92/><G62/><T111/><D24/><U23/><N who="1" m="5120" /><DORA hai="52" /><U44/><E34/><V9/><F9/><W79/><G18/><T93/><D11/><U66/><E33/><V19/><F19/><W5/><G5/><T101/><D16/><U80/><E60/><V118/><F118/><W73/><G73/><T41/><D127/><U97/><E69/><V117/><F117/><W4/><G4/><T109/><D32/><U17/><E17/><V103/><F103/><W95/><REACH who="3" step="1"/><G89/><REACH who="3" ten="265,163,282,270" step="2"/><N who="0" m="53415" /><D35/><U86/><E88/><V0/><F0/><W43/><G43/><T64/><D90/><U14/><E1/><V135/><F135/><W42/><G42/><RYUUKYOKU ba="3,2" sc="265,-15,163,-15,282,15,270,15" hai2="2,6,10,46,47,50,55,58,74,81,91,94,96" hai3="45,54,56,57,59,75,79,82,92,95,98,100,105" /><INIT seed="2,4,2,1,5,0" ten="250,148,297,285" oya="2" hai0="8,17,60,112,101,59,116,42,111,43,94,70,19" hai1="49,73,78,10,89,79,9,55,45,92,113,68,93" hai2="66,69,86,6,91,32,30,33,102,106,29,46,130" hai3="122,7,53,36,99,119,52,118,57,90,4,123,98"/><V74/><F74/><W109/><G36/><T75/><D112/><U50/><E113/><V85/><F46/><W131/><G90/><T134/><D75/><U72/><E68/><V56/><F69/><W71/><G71/><T35/><D35/><U2/><E2/><V51/><F106/><W28/><G57/><T40/><D70/><U126/><E126/><V31/><F102/><W13/><G13/><T65/><D111/><U77/><E73/><V81/><F130/><W34/><G34/><T24/><D134/><U127/><E72/><V47/><F6/><W76/><G28/><T80/><D80/><U64/><E64/><V11/><F11/><W61/><G61/><T41/><D116/><U105/><E105/><V22/><F22/><W27/><G27/><T44/><D24/><U67/><E67/><V88/><F56/><W121/><G121/><T23/><D23/><U124/><E93/><V63/><F63/><W48/><G48/><N who="0" m="26631" /><D8/><U95/><E95/><V133/><F66/><W135/><G135/><T114/><D114/><U82/><E82/><V21/><F21/><W16/><G109/><T38/><D38/><U39/><E39/><V37/><F37/><W115/><G115/><T25/><D25/><U125/><REACH who="1" step="1"/><E50/><REACH who="1" ten="250,138,297,285" step="2"/><V128/><F133/><W129/><G119/><T120/><D120/><U84/><AGARI ba="4,3" hai="9,10,45,49,55,77,78,79,84,89,92,124,125,127" machi="84" ten="40,8000,1" yaku="1,1,2,1,0,1,18,1,53,0" doraHai="0" doraHaiUra="117" who="1" fromWho="1" sc="250,-24,138,122,297,-44,285,-24" /><INIT seed="3,0,0,4,1,122" ten="226,260,253,261" oya="3" hai0="50,15,53,87,72,110,52,51,130,124,35,24,8" hai1="85,31,32,37,112,127,117,106,90,26,36,98,43" hai2="42,67,78,10,64,11,111,62,4,105,17,16,48" hai3="77,47,131,100,79,38,96,95,128,61,80,132,2"/><W121/><G2/><T39/><D72/><U102/><E112/><V58/><F105/><W74/><G61/><T83/><D39/><U40/><E127/><V82/><F111/><W81/><G47/><N who="0" m="27743" /><D130/><N who="3" m="49705" /><G38/><T5/><D35/><U101/><E117/><V88/><F67/><W104/><G132/><T84/><D110/><U129/><E129/><V46/><F10/><W45/><G45/><N who="0" m="27887" /><D124/><U71/><E71/><V34/><F34/><W125/><G125/><T18/><D83/><U134/><E134/><V7/><F7/><W55/><G55/><T69/><D69/><U76/><E37/><V0/><REACH who="2" step="1"/><F88/><REACH who="2" ten="226,260,243,261" step="2"/><W9/><G9/><T22/><AGARI ba="0,1" hai="5,8,15,18,22,24,84,87" m="27887,27743" machi="22" ten="30,2000,0" yaku="8,1,54,1" doraHai="122" who="0" fromWho="0" sc="226,30,260,-5,243,-5,261,-10" /><INIT seed="4,0,0,1,3,118" ten="256,255,238,251" oya="0" hai0="26,66,77,14,97,5,19,91,0,9,130,88,123" hai1="23,43,6,90,59,114,61,45,101,8,111,71,68" hai2="1,106,47,127,69,39,51,80,129,110,86,25,108" hai3="16,18,48,22,76,11,84,134,125,32,87,58,120"/><T2/><D123/><U113/><E101/><V99/><F1/><W28/><G32/><T57/><D130/><U115/><E23/><V38/><F69/><N who="1" m="26697" /><E90/><V119/><F119/><W15/><G134/><T81/><D0/><U73/><E73/><V105/><F129/><W109/><G125/><T53/><D66/><N who="1" m="39231" /><E8/><V12/><F127/><W124/><G120/><T3/><D3/><U128/><E6/><V29/><F12/><W62/><G109/><T33/><D33/><U64/><E64/><V36/><F108/><W13/><G48/><T41/><D2/><U35/><E35/><V56/><F110/><W100/><G100/><T42/><D77/><U74/><E74/><V44/><F99/><W34/><G124/><T67/><D67/><U95/><E95/><V70/><F70/><W117/><G117/><T116/><D116/><U17/><E17/><V83/><F105/><W37/><G76/><T46/><D81/><U85/><E85/><V98/><F98/><W55/><G87/><T96/><D97/><U60/><E111/><V126/><F126/><W4/><G84/><T104/><D104/><U93/><E93/><V52/><F106/><W40/><G34/><T30/><D30/><U7/><E7/><V79/><REACH who="2" step="1"/><F80/><REACH who="2" ten="256,255,228,251" step="2"/><W72/><G15/><T78/><D14/><U94/><E128/><V50/><F50/><W121/><G13/><T10/><D5/><U132/><E94/><V103/><F103/><W31/><G4/><T24/><D10/><U122/><E114/><V65/><F65/><W133/><G11/><T20/><D9/><U82/><E115/><RYUUKYOKU ba="0,1" sc="256,-10,255,-10,228,30,251,-10" hai2="25,29,36,38,39,44,47,51,52,56,79,83,86" /><INIT seed="5,1,1,5,0,111" ten="246,245,258,241" oya="1" hai0="110,4,51,20,30,31,9,18,72,117,92,0,44" hai1="108,67,63,85,48,70,57,94,41,27,74,82,76" hai2="22,26,106,29,42,100,134,62,28,130,68,43,133" hai3="21,104,16,119,122,116,121,93,10,14,77,88,129"/><U79/><E108/><V23/><F130/><W71/><G104/><T64/><D110/><U49/><E70/><V131/><F131/><W37/><G37/><T125/><D117/><N who="3" m="45129" /><G129/><T12/><D72/><U45/><E27/><N who="2" m="16503" /><F100/><W114/><G114/><T52/><D125/><U75/><E79/><V83/><F83/><W40/><G40/><T86/><D64/><U80/><E80/><V11/><F11/><W65/><G77/><T35/><D35/><U112/><E112/><V13/><F13/><N who="3" m="9359" /><G65/><T90/><AGARI ba="1,1" hai="0,4,9,12,18,20,30,31,44,51,52,86,90,92" machi="90" ten="30,2000,0" yaku="0,1,54,1" doraHai="111" who="0" fromWho="0" sc="246,33,245,-11,258,-6,241,-6" /><INIT seed="6,0,0,2,5,24" ten="279,234,252,235" oya="2" hai0="41,18,2,114,29,46,64,71,10,124,58,74,15" hai1="4,45,5,8,98,67,50,6,84,69,38,35,107" hai2="97,132,115,9,78,56,19,52,110,44,99,87,120" hai3="96,28,40,48,125,33,7,54,61,53,127,26,77"/><V21/><F120/><W47/><G77/><T60/><D74/><U55/><E35/><V117/><F117/><W86/><G86/><T81/><D114/><U102/><E38/><V70/><F70/><W30/><G7/><T89/><D124/><N who="3" m="47689" /><G96/><N who="2" m="36937" /><F115/><W62/><G30/><T0/><D29/><U126/><E126/><V82/><F132/><W20/><G20/><T130/><D130/><U12/><REACH who="1" step="1"/><E84/><REACH who="1" ten="279,224,252,235" step="2"/><V108/><F108/><W79/><G79/><T128/><D128/><U42/><E42/><V85/><F110/><W34/><G34/><T57/><D41/><U59/><E59/><V17/><F85/><W25/><G25/><T119/><D58/><U32/><E32/><V65/><F56/><W39/><G54/><T103/><D57/><AGARI ba="0,1" hai="26,28,33,39,40,47,48,53,57,61,62" m="47689" machi="57" ten="30,2000,0" yaku="18,1,52,1" doraHai="24" who="3" fromWho="0" sc="279,-20,224,0,252,0,235,30" /><INIT seed="7,0,0,2,4,104" ten="259,224,252,265" oya="3" hai0="28,87,39,98,126,62,47,8,66,1,82,95,25" hai1="5,57,40,85,29,118,14,103,22,110,81,79,112" hai2="30,90,15,50,117,88,31,42,20,52,45,32,122" hai3="69,48,86,115,96,41,128,92,61,133,77,106,135"/><W129/><G106/><T46/><D126/><U130/><E110/><V43/><F117/><W49/><G115/><T127/><D127/><U55/><E112/><V71/><F71/><W4/><G4/><T60/><D1/><U36/><E130/><N who="3" m="50282" /><G86/><T51/><D39/><U12/><E118/><V99/><F122/><W23/><G77/><N who="0" m="46543" /><D8/><U33/><E33/><V124/><F124/><W27/><G61/><N who="0" m="23659" /><D66/><U19/><E29/><N who="2" m="10763" /><F32/><W108/><G69/><T7/><D7/><U134/><E134/><N who="3" m="51210" /><G41/><N who="2" m="15369" /><F99/><W65/><G65/><T83/><D83/><U97/><E40/><V53/><F53/><W107/><G107/><T78/><D78/><U67/><E67/><V35/><F35/><W24/><G108/><T94/><D98/><U2/><E2/><V111/><F111/><W21/><G21/><T89/><D89/><U80/><E36/><V58/><F45/><W17/><G27/><T105/><D105/><U68/><E68/><V56/><F56/><W44/><G44/><T100/><D47/><U125/><E125/><V121/><F121/><W72/><G72/><T13/><D25/><U73/><E57/><V0/><F0/><W109/><G109/><T9/><D46/><U84/><E55/><V116/><F116/><W38/><G38/><T3/><D3/><U132/><E132/><V74/><F74/><W119/><G119/><T70/><D70/><U91/><E73/><V76/><F76/><W59/><G59/><T113/><D113/><U102/><REACH who="1" step="1"/><E97/><REACH who="1" ten="259,214,252,265" step="2"/><V54/><F54/><W26/><G26/><T11/><D28/><U6/><E6/><V131/><F131/><RYUUKYOKU ba="0,1" sc="259,-30,214,10,252,10,265,10" hai1="5,12,14,19,22,79,80,81,84,85,91,102,103" hai2="15,20,50,52,58,88,90" hai3="17,23,24,48,49,92,96" /><INIT seed="7,1,1,4,2,85" ten="229,224,262,275" oya="3" hai0="26,130,94,87,92,67,19,10,108,74,22,57,54" hai1="14,18,13,1,106,43,90,35,9,86,125,112,49" hai2="53,103,60,120,51,52,15,91,24,34,104,62,109" hai3="27,0,5,84,126,128,88,32,132,117,47,129,83"/><W23/><G117/><T135/><D130/><N who="3" m="50281" /><G126/><T113/><D135/><U95/><E125/><V6/><F109/><W66/><G132/><T37/><D74/><U12/><E112/><V68/><F53/><W3/><G32/><T81/><D37/><U110/><E110/><V21/><F34/><W59/><G47/><T96/><D108/><U122/><E122/><V31/><F68/><W98/><G5/><T40/><D40/><U11/><E35/><V73/><F73/><W58/><G98/><T69/><D96/><U71/><E71/><V56/><F120/><W33/><G33/><T93/><D69/><U80/><E106/><V55/><F104/><W124/><G124/><T72/><D72/><U29/><E29/><V30/><F30/><N who="3" m="17791" /><G66/><T16/><D67/><U41/><E1/><AGARI ba="1,1" hai="0,1,3,58,59,83,84,88" m="17791,50281" machi="1" ten="30,5800,0" yaku="19,1,52,1,54,1" doraHai="85" who="3" fromWho="1" sc="229,0,224,-61,262,0,275,71" owari="229,-17.1,163,-33.7,262,6.2,346,44.6" /></mjloggm>