<mjloggm ver="2.3"><GO type="225" lobby="0"/><UN n0="%E6%A1%9C%E8%8A%B1%E9%96%83%E3%80%85" n1="%E3%81%86%E3%83%BC%E3%81%B1%E3%83%BC" n2="%E3%81%86%E3%82%8B%E3%81%8A%E3%81%A1%E3%82%83" n3="%E7%AD%89%E3%80%85%E5%8A%9B%E5%8A%87%E5%A0%B4" dan="16,17,16,17" rate="2125.29,2219.78,2086.64,2180.73" sx="M,F,F,M"/><TAIKYOKU oya="0"/><INIT seed="0,0,0,2,4,82" ten="250,250,250,250" oya="0" hai0="83,50,122,123,59,102,81,111,31,39,16,37,34" hai1="0,24,135,87,105,71,73,38,56,3,35,63,27" hai2="5,120,15,84,66,103,22,117,44,88,13,99,36" hai3="110,28,97,128,18,57,108,127,4,29,11,133,17"/><T106/><D50/><U23/><E73/><V51/><F120/><W78/><G97/><N who="0" m="61775" /><D59/><U74/><E74/><V60/><F117/><W69/><G69/><T33/><D16/><N who="3" m="6249" /><G57/><T119/><D83/><U80/><E35/><N who="0" m="13321" /><D31/><N who="3" m="11849" /><G78/><T90/><D90/><U52/><E38/><N who="0" m="14345" /><D81/><U62/><E105/><V42/><F36/><W40/><G40/><T55/><D55/><U116/><E116/><V109/><F22/><W86/><G86/><T67/><D119/><U45/><E45/><V7/><F15/><N who="3" m="5607" /><G133/><T6/><D6/><U107/><E135/><V54/><F13/><W121/><G121/><T104/><D67/><U129/><E107/><V114/><F42/><W126/><G128/><T75/><D75/><U132/><E129/><V8/><F8/><W125/><AGARI ba="0,0" hai="108,110,125,126,127" m="5607,11849,6249" machi="125" ten="40,8000,1" yaku="18,1,34,2,54,1" doraHai="82" who="3" fromWho="3" sc="250,-40,250,-20,250,-20,250,80" /><INIT seed="1,0,0,4,2,126" ten="210,230,230,330" oya="1" hai0="30,4,74,26,104,134,80,92,72,43,21,71,17" hai1="73,53,56,113,93,41,25,97,1,52,15,32,90" hai2="46,109,99,42,77,28,78,8,27,31,111,116,45" hai3="66,11,2,54,130,33,88,81,64,108,24,128,22"/><U127/><E1/><V122/><F116/><W47/><G33/><T50/><D104/><U59/><E113/><V95/><F122/><W102/><G102/><T14/><D134/><U82/><E127/><V16/><F46/><W135/><G108/><N who="2" m="41545" /><F77/><W6/><G135/><T114/><D71/><U37/><E15/><N who="2" m="7271" /><F27/><W133/><G133/><T107/><D26/><U124/><E124/><V98/><F78/><W51/><G66/><T13/><D13/><U83/><E73/><V44/><F44/><W39/><G64/><T38/><D14/><U36/><E37/><N who="2" m="21711" /><F99/><W103/><G39/><T84/><D38/><U118/><E36/><V70/><F70/><W5/><G5/><T10/><D30/><U101/><E41/><V85/><F85/><W76/><G76/><T60/><D43/><U9/><E9/><V3/><F3/><W67/><G11/><T7/><D84/><N who="1" m="52423" /><E118/><V57/><F57/><N who="1" m="22089" /><E25/><V20/><F20/><W18/><G22/><T106/><D21/><U121/><E121/><V23/><F23/><W69/><G24/><T61/><D10/><U94/><E32/><V75/><F75/><W110/><G2/><T49/><D72/><U79/><E79/><V115/><F115/><W62/><G6/><T0/><D74/><U119/><E119/><V112/><F112/><W34/><G34/><T96/><D114/><U89/><E83/><V63/><F63/><W91/><G62/><T55/><D80/><U132/><E132/><V35/><F35/><W131/><G81/><T29/><D61/><U40/><E40/><V65/><F65/><W117/><G67/><RYUUKYOKU ba="0,0" sc="210,-15,230,15,230,15,330,-15" hai1="52,53,82,89,94,97,101" hai2="28,31,95,98" /><INIT seed="1,1,0,2,0,101" ten="195,245,245,315" oya="1" hai0="95,36,31,119,59,76,94,33,61,13,112,21,121" hai1="123,72,32,90,118,99,117,8,53,77,27,134,103" hai2="62,12,14,71,67,84,10,23,28,107,115,42,109" hai3="127,116,54,100,81,85,50,24,74,39,80,46,66"/><U22/><E123/><V45/><F107/><W2/><G2/><T47/><D112/><U96/><E32/><V26/><F109/><W132/><G132/><T97/><D119/><U124/><E134/><V104/><F104/><W19/><G127/><T57/><D33/><U65/><E65/><V93/><F115/><W126/><G126/><T113/><D76/><U16/><E124/><V73/><F73/><W114/><G114/><T78/><D78/><U82/><E8/><V38/><F10/><W120/><G120/><T1/><D59/><U34/><E34/><V79/><REACH who="2" step="1"/><F93/><REACH who="2" ten="195,245,235,315" step="2"/><W5/><G74/><T17/><D95/><U37/><E118/><V41/><F41/><W128/><G116/><T125/><D94/><U35/><E117/><V43/><F43/><W63/><G128/><T70/><D113/><U91/><E99/><V58/><F58/><W83/><G46/><T131/><D57/><U0/><E96/><V68/><F68/><W18/><G85/><T51/><D70/><U69/><E69/><V89/><F89/><W135/><G135/><T75/><D97/><U52/><E103/><V29/><F29/><W111/><G100/><T86/><D75/><U108/><E108/><V88/><F88/><W3/><G111/><T60/><D31/><N who="1" m="19967" /><E91/><V40/><F40/><W55/><G83/><AGARI ba="1,1" hai="12,14,23,26,28,38,42,45,62,67,71,79,83,84" machi="83" ten="40,2600,0" yaku="1,1,53,1" doraHai="101" doraHaiUra="56" who="2" fromWho="3" sc="195,0,245,0,235,39,315,-29" /><INIT seed="2,0,0,3,5,72" ten="195,245,274,286" oya="2" hai0="12,80,47,115,15,77,41,58,44,39,43,71,8" hai1="54,130,90,60,16,81,26,45,23,53,89,17,6" hai2="51,9,102,86,73,64,96,48,119,1,110,19,122" hai3="33,63,95,27,85,14,4,62,49,52,57,21,76"/><V2/><F73/><W116/><G116/><T79/><D115/><U132/><E130/><V91/><F119/><W13/><G33/><T133/><D133/><U65/><E132/><V50/><F122/><W68/><G68/><T31/><D71/><U94/><E6/><V92/><F64/><W113/><G113/><T117/><D117/><U46/><E81/><V101/><F101/><W111/><G111/><T104/><D104/><U134/><E134/><V69/><F69/><W103/><G103/><T78/><D31/><U11/><E65/><V10/><F110/><W3/><G3/><T129/><D58/><N who="1" m="34895" /><E54/><V93/><REACH who="2" step="1"/><F19/><REACH who="2" ten="195,245,264,286" step="2"/><W99/><G63/><T34/><D129/><U38/><E90/><V106/><F106/><W124/><G62/><T125/><D78/><U88/><E89/><V25/><F25/><W42/><G27/><T24/><D24/><U112/><E112/><V20/><F20/><W118/><G21/><T100/><D100/><U114/><E114/><V84/><F84/><W83/><G118/><T87/><D77/><U126/><E126/><V55/><F55/><W7/><G124/><T128/><D125/><U22/><E11/><AGARI ba="0,1" hai="1,2,9,10,11,48,50,51,86,91,92,93,96,102" machi="11" ten="40,2000,0" yaku="1,1,53,0" doraHai="72" doraHaiUra="74" who="2" fromWho="1" sc="195,0,245,-20,264,30,286,0" /><INIT seed="2,1,0,0,3,129" ten="195,225,294,286" oya="2" hai0="106,65,83,111,18,87,24,71,12,102,134,67,86" hai1="118,115,100,117,126,40,21,66,114,45,104,128,82" hai2="57,0,23,85,80,84,55,125,41,81,37,52,32" hai3="124,8,58,63,53,7,88,39,20,33,15,95,119"/><V13/><F32/><W31/><G119/><N who="1" m="45578" /><E21/><V101/><F0/><W110/><G39/><T112/><D111/><U60/><E82/><V108/><F37/><W42/><G110/><T107/><D112/><N who="1" m="43051" /><E100/><V1/><F41/><W76/><G42/><T59/><D24/><U38/><E104/><V19/><F1/><W105/><G105/><T10/><D106/><U133/><E128/><V99/><F125/><W131/><G131/><T132/><D71/><N who="1" m="42439" /><E126/><V22/><F108/><W3/><G124/><T46/><D87/><U93/><E93/><N who="2" m="58607" /><F23/><W28/><G33/><T73/><D73/><U96/><E96/><V25/><F13/><W4/><G76/><N who="0" m="46439" /><D102/><U75/><E75/><V35/><F35/><W2/><G3/><T121/><D107/><U43/><E43/><V130/><F130/><W116/><G116/><T16/><D18/><U11/><E11/><V123/><F85/><W30/><G2/><T77/><D77/><U127/><E127/><V34/><F34/><W56/><G4/><T51/><D10/><U90/><E90/><V61/><F81/><W14/><G20/><T74/><D74/><U79/><E79/><V48/><F84/><N who="3" m="52615" /><G15/><T36/><D12/><U29/><E29/><V27/><F80/><W62/><G30/><T68/><D16/><U5/><E5/><V94/><F94/><W72/><G72/><T97/><D97/><U54/><E54/><AGARI ba="1,0" hai="7,8,14,28,31,53,54,56,58,62,63" m="52615" machi="54" ten="30,2000,0" yaku="8,1,54,1" doraHai="129" who="3" fromWho="1" sc="195,0,225,-23,294,0,286,23" /><INIT seed="3,0,0,2,3,45" ten="195,202,294,309" oya="3" hai0="104,34,122,21,82,129,125,3,52,54,91,87,116" hai1="99,32,56,102,36,80,17,39,30,33,12,77,28" hai2="72,101,8,106,29,94,49,81,120,24,62,96,47" hai3="79,130,78,127,92,135,31,61,5,23,73,4,83"/><W43/><G135/><T110/><D116/><U35/><E56/><V113/><F113/><W60/><G130/><T1/><D122/><U6/><E6/><V89/><F62/><N who="3" m="24171" /><G73/><T119/><D119/><U10/><E30/><V59/><F59/><W42/><G127/><T70/><D34/><U84/><REACH who="1" step="1"/><E28/><REACH who="1" ten="195,192,294,309" step="2"/><V7/><F120/><W124/><G5/><T44/><D125/><U25/><E25/><V75/><F24/><W15/><G4/><T37/><D129/><U93/><AGARI ba="0,1" hai="10,12,17,32,33,35,36,39,77,80,84,93,99,102" machi="93" ten="30,2000,0" yaku="1,1,0,1,53,0" doraHai="45" doraHaiUra="27" who="1" fromWho="1" sc="195,-5,192,30,294,-5,309,-10" /><INIT seed="4,0,0,4,3,61" ten="190,222,289,299" oya="0" hai0="98,128,29,24,5,132,30,14,82,126,8,37,109" hai1="133,1,75,33,62,67,129,52,127,71,42,108,31" hai2="45,40,38,65,78,0,20,6,103,120,80,94,12" hai3="47,93,89,73,70,83,72,23,134,81,77,118,26"/><T97/><D126/><U60/><E108/><V44/><F120/><W102/><G118/><T100/><D128/><U125/><E129/><V130/><F130/><W63/><G134/><T21/><D132/><U64/><E1/><V92/><F45/><W123/><G102/><T121/><D121/><U58/><E75/><N who="2" m="43103" /><F103/><W54/><G123/><T46/><D109/><U99/><E133/><V86/><F86/><W48/><G81/><T112/><D112/><U15/><E15/><V85/><F85/><W95/><G73/><T113/><D113/><U41/><E99/><V107/><F107/><W76/><G76/><T57/><D82/><U124/><REACH who="1" step="1"/><E52/><REACH who="1" ten="190,212,289,299" step="2"/><V117/><F117/><W18/><G54/><T114/><D114/><U79/><E79/><V74/><F74/><W10/><G77/><T66/><D30/><U96/><E96/><V106/><F106/><W131/><G72/><T11/><D11/><U3/><E3/><V68/><F12/><W4/><G10/><T13/><D13/><U2/><E2/><V56/><F20/><W88/><G23/><T87/><D87/><U110/><E110/><V22/><F22/><W36/><G131/><T27/><D27/><AGARI ba="0,1" hai="27,31,33,41,42,58,60,62,64,67,71,124,125,127" machi="27" ten="40,8000,1" yaku="1,1,18,1,52,2,53,1" doraHai="61" doraHaiUra="25" who="1" fromWho="0" sc="190,-80,212,90,289,0,299,0" owari="110,-39.0,302,40.2,289,-11.1,299,9.9" /></mjloggm>