<mjloggm ver="2.3"><GO type="225" lobby="0"/><UN n0="%E3%81%99%E3%81%84%E3%81%BE%E3%81%9B%E3%83%BC%E3%82%93" n1="%E6%A0%B9%E5%85%83%E3%81%8B%E3%82%89%E5%90%B9%E3%81%A3%E9%A3%9B%E3%81%B6" n2="%E3%82%BC%E3%83%AB%E3%83%80%E3%81%AE%E4%BC%9D%E8%AA%AC" n3="%E3%81%BF%E3%81%BF%E3%81%9A" dan="16,17,16,17" rate="2063.49,2196.68,2201.88,2193.06" sx="M,F,M,M"/><TAIKYOKU oya="0"/><INIT seed="0,0,0,2,1,123" ten="250,250,250,250" oya="0" hai0="24,80,110,60,62,61,53,26,52,102,16,44,72" hai1="56,54,116,13,34,128,79,95,75,65,1,93,105" hai2="119,107,125,33,36,9,118,83,39,7,88,15,2" hai3="94,17,27,45,104,21,121,92,91,87,122,96,84"/><T89/><D102/><U112/><E116/><N who="2" m="44587" /><F125/><W41/><G104/><T82/><D110/><U25/><E1/><V37/><F107/><W47/><G47/><T70/><D70/><U101/><E128/><V108/><F33/><W18/><G17/><T0/><D0/><U111/><E75/><V132/><F132/><W58/><G58/><T6/><D6/><U86/><E79/><V31/><F31/><W98/><G121/><T113/><D113/><U67/><E13/><V77/><F2/><W5/><G5/><T20/><D72/><U134/><E67/><V103/><F103/><W129/><G129/><T131/><D131/><U69/><E54/><N who="0" m="21097" /><D44/><U19/><E69/><V35/><F35/><W50/><REACH who="3" step="1"/><G122/><REACH who="3" ten="250,250,250,240" step="2"/><T28/><D89/><AGARI ba="0,1" hai="18,21,27,41,45,50,84,87,89,91,92,94,96,98" machi="89" ten="30,12000,2" yaku="1,1,2,1,7,1,9,1,8,1,53,1" doraHai="123" doraHaiUra="23" who="3" fromWho="0" sc="250,-120,250,0,250,0,240,130" /><INIT seed="1,0,0,4,3,6" ten="130,250,250,370" oya="1" hai0="121,20,14,93,2,84,87,75,32,129,124,81,85" hai1="73,115,58,132,1,102,18,34,96,95,99,17,15" hai2="3,83,13,42,7,67,134,76,65,123,116,21,103" hai3="66,98,11,113,8,101,125,22,50,105,25,30,57"/><U100/><E115/><V37/><F116/><W120/><G113/><T111/><D32/><U51/><E132/><V19/><F103/><W114/><G114/><T118/><D118/><U55/><E73/><N who="2" m="43407" /><F123/><W128/><G120/><T112/><D112/><U72/><E72/><V28/><F28/><W71/><G128/><T44/><D121/><U48/><E34/><V24/><F24/><W133/><G133/><T69/><D69/><U62/><E1/><V135/><F67/><W41/><G125/><T131/><D2/><U110/><E110/><V78/><F65/><W60/><REACH who="3" step="1"/><G71/><REACH who="3" ten="130,250,250,360" step="2"/><T109/><D124/><U130/><E130/><V27/><F134/><W127/><G127/><T45/><D131/><U53/><E15/><V12/><F135/><W0/><G0/><T54/><D129/><U52/><E55/><V77/><F13/><W90/><G90/><T23/><D111/><U26/><E26/><V108/><F27/><W40/><G40/><T92/><D109/><U97/><E53/><V31/><F108/><W119/><G119/><T61/><D14/><U4/><E52/><V126/><F126/><W59/><G59/><T79/><D61/><U70/><E58/><V10/><F31/><W33/><G33/><T9/><D54/><U36/><E62/><V63/><F63/><W46/><AGARI ba="0,1" hai="8,11,22,25,30,41,46,50,57,60,66,98,101,105" machi="46" ten="30,7900,0" yaku="1,1,0,1,52,2,53,0" doraHai="6" doraHaiUra="122" who="3" fromWho="3" sc="130,-20,250,-39,250,-20,360,89" /><INIT seed="2,0,0,2,1,45" ten="110,211,230,449" oya="2" hai0="37,69,39,34,88,98,96,0,55,67,134,100,2" hai1="8,4,92,81,52,80,33,74,99,36,103,109,24" hai2="129,86,38,54,104,13,40,50,93,82,133,132,51" hai3="63,79,106,58,71,131,25,14,76,57,70,31,23"/><V89/><F104/><W65/><G106/><T107/><D34/><U128/><E36/><V11/><F129/><W113/><G131/><T27/><D134/><N who="2" m="51818" /><F54/><W87/><G113/><T17/><D67/><U83/><E128/><V53/><F53/><W61/><G14/><T60/><D39/><U64/><E64/><V119/><F119/><W28/><G28/><T121/><D37/><U19/><E109/><V120/><F120/><W78/><REACH who="3" step="1"/><G87/><REACH who="3" ten="110,211,230,439" step="2"/><T114/><D114/><U7/><E74/><V44/><F93/><W22/><G22/><T73/><D73/><U105/><E33/><V97/><F97/><W18/><G18/><AGARI ba="0,1" hai="11,13,18,38,40,44,50,51,82,86,89" m="51818" machi="18" ten="30,5800,0" yaku="20,1,52,2" doraHai="45" who="2" fromWho="3" sc="110,0,211,0,230,68,439,-58" /><INIT seed="2,1,0,3,3,11" ten="110,211,298,381" oya="2" hai0="4,20,90,16,96,84,100,25,31,49,79,63,73" hai1="56,15,69,54,60,82,64,3,33,87,128,35,51" hai2="27,122,94,85,70,115,103,68,104,109,131,2,77" hai3="46,130,65,133,14,105,5,62,113,17,28,71,81"/><V124/><F115/><W55/><G105/><T134/><D134/><U99/><E3/><V80/><F2/><W30/><G133/><T126/><D126/><U37/><E128/><V50/><F122/><W112/><G5/><T86/><D4/><U1/><E1/><V106/><F50/><N who="3" m="29143" /><G81/><T9/><D63/><U13/><E99/><N who="2" m="59895" /><F27/><W18/><G18/><T34/><D9/><U42/><E33/><V39/><F39/><W102/><G102/><T23/><D73/><U111/><E35/><V36/><F36/><W98/><G98/><T114/><D114/><N who="3" m="44137" /><G130/><T66/><D66/><U93/><E93/><V59/><F131/><W108/><G108/><T45/><D34/><U6/><E6/><V32/><F32/><W117/><G117/><T88/><D100/><U95/><E95/><V22/><F104/><W78/><G78/><T26/><D79/><U10/><E111/><V89/><F106/><W7/><G7/><T57/><D96/><U44/><E10/><AGARI ba="1,0" hai="10,14,17,28,30,62,65,71" m="44137,29143" machi="10" ten="30,2000,0" yaku="11,1,52,1" doraHai="11" who="3" fromWho="1" sc="110,0,211,-23,298,0,381,23" /><INIT seed="3,0,0,0,3,56" ten="110,188,298,404" oya="3" hai0="114,81,95,123,120,105,43,84,1,80,40,17,128" hai1="13,63,121,87,69,25,45,36,106,133,130,93,42" hai2="49,31,82,127,27,88,89,60,34,115,57,4,35" hai3="97,78,44,32,104,26,50,22,71,54,75,134,53"/><W39/><G32/><T116/><D116/><U73/><E121/><V103/><F115/><W15/><G39/><T66/><D1/><U100/><E73/><V68/><F127/><W74/><G71/><T11/><D105/><U52/><E130/><V135/><F135/><W124/><G124/><T122/><D128/><U126/><E126/><V59/><F34/><W28/><G134/><T90/><D114/><U101/><E133/><V0/><F103/><W6/><G78/><T110/><D110/><U76/><E106/><V3/><F49/><W70/><G70/><T92/><D66/><U79/><E13/><V2/><F4/><W9/><G54/><T20/><D11/><U64/><E25/><V51/><F51/><W67/><G67/><T112/><D112/><U65/><E65/><V131/><F131/><W47/><G47/><T118/><D118/><U62/><E100/><V119/><F119/><W98/><REACH who="3" step="1"/><G104/><REACH who="3" ten="110,188,298,394" step="2"/><T46/><D43/><U91/><E76/><V30/><F35/><W83/><G83/><T18/><D81/><U29/><E79/><V77/><F77/><W5/><G5/><T72/><D72/><AGARI ba="0,1" hai="6,9,15,22,26,28,44,50,53,72,74,75,97,98" machi="72" ten="40,2000,0" yaku="1,1,53,0" doraHai="56" doraHaiUra="12" who="3" fromWho="0" sc="110,-20,188,0,298,0,394,30" owari="90,-41.0,188,-21.2,298,9.8,424,52.4" /></mjloggm>