<mjloggm ver="2.3"><GO type="225" lobby="0"/><UN n0="%E3%81%82%E3%81%B9%E3%81%99%E3%81%91" n1="%E5%8F%AF%E5%85%90%E9%82%A3%E7%94%B1%E5%A4%9A" n2="%43%68%65" n3="%6D%75%75%6D%75%72%61" dan="16,16,16,17" rate="2099.84,2213.86,2162.76,2157.74" sx="M,F,M,F"/><TAIKYOKU oya="0"/><INIT seed="0,0,0,2,5,47" ten="250,250,250,250" oya="0" hai0="133,9,94,118,95,23,30,65,34,119,4,111,125" hai1="100,120,2,115,56,75,40,33,32,78,116,18,91" hai2="89,8,99,110,26,77,134,36,67,72,108,123,16" hai3="11,42,0,107,124,73,105,10,13,31,88,38,132"/><T35/><D133/><U27/><E116/><V45/><F123/><W79/><G132/><T48/><D119/><U109/><E120/><V17/><F134/><W53/><G124/><T12/><D118/><U83/><E2/><V80/><F67/><W127/><G127/><T63/><D125/><U5/><E5/><V49/><F36/><W68/><G68/><T113/><D113/><U96/><E115/><V29/><F89/><W62/><G31/><T69/><D111/><N who="2" m="42538" /><F8/><W43/><G0/><T64/><D64/><U7/><E7/><V87/><F99/><W21/><G73/><T50/><D35/><U130/><E109/><V51/><F72/><W1/><G79/><T46/><D34/><U93/><E130/><V76/><F76/><W117/><G1/><T28/><D46/><U61/><E40/><N who="2" m="24743" /><F51/><W22/><G38/><T58/><D69/><U37/><E100/><V86/><F86/><W98/><G117/><T102/><D102/><U129/><E129/><V19/><F29/><N who="0" m="11370" /><D23/><AGARI ba="0,0" hai="16,17,19,23,26,77,80,87" m="24743,42538" machi="23" ten="30,3900,0" yaku="14,1,52,1,54,1" doraHai="47" who="2" fromWho="0" sc="250,-39,250,0,250,39,250,0" /><INIT seed="1,0,0,1,1,117" ten="211,250,289,250" oya="1" hai0="101,97,93,134,76,85,130,87,63,62,91,133,38" hai1="32,125,94,1,100,48,11,67,95,73,21,53,51" hai2="111,92,118,61,58,98,47,46,60,36,13,5,135" hai3="3,35,39,120,126,43,25,109,72,86,132,115,29"/><U124/><E73/><V107/><F118/><W70/><RYUUKYOKU type="yao9" ba="0,0" sc="211,0,250,0,289,0,250,0" hai3="3,25,29,35,39,43,70,72,86,109,115,120,126,132" /><INIT seed="1,1,0,3,5,104" ten="211,250,289,250" oya="1" hai0="46,69,7,68,91,23,58,120,92,80,20,135,72" hai1="87,121,97,116,108,27,9,18,119,48,106,89,67" hai2="109,51,65,14,133,129,86,84,77,73,52,115,99" hai3="30,29,39,19,82,112,11,28,1,83,66,78,49"/><U117/><E121/><V101/><F109/><W22/><G39/><T53/><D120/><U81/><E108/><V60/><F129/><W10/><G112/><T70/><D135/><U47/><E67/><V103/><F133/><W113/><G113/><T134/><D46/><U98/><E106/><V95/><F103/><W12/><G1/><T114/><D114/><U5/><E27/><V41/><F41/><W100/><G100/><T36/><D36/><U21/><E21/><V61/><F115/><W85/><G66/><T35/><D7/><U127/><E127/><V57/><F61/><W37/><G37/><T33/><D33/><U88/><E89/><V34/><F34/><W17/><G17/><T74/><D35/><U55/><REACH who="1" step="1"/><E18/><REACH who="1" ten="211,240,289,250" step="2"/><V0/><F65/><W79/><REACH who="3" step="1"/><G49/><REACH who="3" ten="211,240,289,240" step="2"/><T24/><D134/><U132/><E132/><V125/><F51/><W13/><G13/><AGARI ba="1,2" hai="5,9,13,47,48,55,81,87,88,97,98,116,117,119" machi="13" ten="40,3900,0" yaku="1,1,54,1,53,0" doraHai="104" doraHaiUra="111" who="1" fromWho="3" sc="211,0,240,62,289,0,240,-42" /><INIT seed="1,2,0,0,5,33" ten="211,302,289,198" oya="1" hai0="110,63,86,9,11,107,83,84,60,78,127,67,106" hai1="108,94,80,40,75,22,77,99,21,76,74,24,36" hai2="41,51,119,30,44,48,7,64,26,52,72,57,29" hai3="105,97,62,124,46,5,10,116,42,54,18,47,65"/><U126/><E126/><V128/><F119/><W2/><G124/><T98/><D127/><U101/><E108/><V16/><F128/><W102/><G116/><T45/><D110/><U39/><E40/><V111/><F111/><W15/><G54/><T55/><D86/><U115/><E115/><V130/><F130/><W53/><G53/><T117/><D117/><U20/><REACH who="1" step="1"/><E24/><REACH who="1" ten="211,292,289,198" step="2"/><V59/><F72/><W120/><G120/><T58/><D63/><U38/><E38/><V95/><F7/><W35/><G35/><T3/><D60/><U43/><E43/><V17/><F30/><W104/><G104/><T34/><D107/><U23/><N who="1" m="5120" /><DORA hai="28" /><U31/><E31/><V88/><F26/><W125/><G125/><T92/><D34/><U129/><E129/><V87/><F29/><W70/><REACH who="3" step="1"/><G42/><REACH who="3" ten="211,292,289,188" step="2"/><T49/><D106/><U19/><E19/><V25/><F25/><W66/><G66/><T69/><D67/><U103/><E103/><V27/><F27/><W134/><G134/><T100/><D100/><U121/><E121/><V89/><F64/><W96/><G96/><T93/><D98/><U135/><E135/><V50/><F17/><W56/><G56/><T79/><D58/><U32/><E32/><V113/><F16/><W13/><G13/><T114/><D55/><U82/><AGARI ba="2,2" hai="36,39,74,75,76,77,80,82,94,99,101" m="5120" machi="82" ten="40,7800,0" yaku="1,1,0,1,9,1,53,0" doraHai="33,28" doraHaiUra="132,131" who="1" fromWho="1" sc="211,-28,292,104,289,-28,188,-28" /><INIT seed="1,3,0,2,2,128" ten="183,396,261,160" oya="1" hai0="83,31,93,116,66,36,30,112,132,100,23,72,103" hai1="27,102,115,39,54,98,49,51,131,38,17,40,78" hai2="130,85,37,104,90,43,80,108,58,24,12,50,97" hai3="68,111,4,113,69,127,76,126,29,25,63,135,81"/><U26/><E115/><V13/><F130/><W11/><G113/><T94/><D116/><U61/><E131/><V59/><F37/><W14/><G111/><T19/><D112/><U15/><E78/><V87/><F108/><W44/><G44/><T22/><D36/><U21/><E61/><V95/><F104/><W55/><G55/><T42/><D42/><U2/><E2/><V35/><F85/><W60/><G60/><T120/><D120/><U71/><E71/><V89/><F35/><W41/><G41/><T101/><D66/><U82/><E38/><V45/><F24/><W119/><G119/><T118/><D118/><U6/><E39/><V7/><F7/><W56/><G56/><AGARI ba="3,0" hai="12,13,43,45,50,56,58,59,80,87,89,90,95,97" machi="56" ten="40,1300,0" yaku="8,1" doraHai="128" who="2" fromWho="3" sc="183,0,396,0,261,22,160,-22" /><INIT seed="2,0,0,2,4,14" ten="183,396,283,138" oya="2" hai0="50,63,39,2,96,64,58,78,38,68,120,42,112" hai1="0,4,45,60,124,1,111,108,3,133,88,54,119" hai2="92,74,80,75,26,67,46,37,6,100,9,87,16" hai3="126,98,52,122,8,97,84,72,48,27,104,93,121"/><V51/><F37/><N who="0" m="13834" /><D2/><U73/><E119/><V30/><F67/><W19/><G72/><T21/><D21/><U57/><E73/><V32/><F92/><W90/><G126/><T102/><D78/><U66/><E133/><V43/><F100/><W130/><G130/><T76/><D76/><U129/><E129/><V61/><F61/><W106/><G98/><T56/><D102/><U47/><E124/><V23/><F9/><W77/><G106/><T31/><D31/><U95/><E4/><V5/><F75/><W22/><G8/><T70/><D96/><N who="1" m="57447" /><E66/><V103/><F103/><W131/><G131/><T15/><D15/><U109/><AGARI ba="0,0" hai="0,1,3,45,47,54,57,60,108,109,111" m="57447" machi="109" ten="40,2700,0" yaku="14,1,54,1" doraHai="14" who="1" fromWho="1" sc="183,-7,396,27,283,-13,138,-7" /><INIT seed="3,0,0,5,1,74" ten="176,423,270,131" oya="3" hai0="94,80,93,73,35,32,120,38,117,95,60,89,2" hai1="36,51,107,115,69,33,9,91,125,84,109,68,41" hai2="39,113,56,11,114,62,4,92,98,14,88,61,116" hai3="101,8,47,22,1,130,44,128,67,53,66,20,81"/><W27/><G101/><T40/><D60/><U5/><E51/><V13/><F116/><W124/><G124/><T123/><D2/><U25/><E115/><V63/><F39/><W135/><G135/><T99/><D117/><U24/><E107/><V106/><F106/><W111/><G111/><T86/><D40/><U112/><E112/><V52/><F114/><W46/><G53/><T71/><D71/><U90/><E90/><V15/><REACH who="2" step="1"/><F113/><REACH who="2" ten="176,423,260,131" step="2"/><W83/><G128/><T105/><D38/><U127/><E36/><V102/><F102/><W110/><G130/><T54/><D105/><U18/><E125/><V16/><F16/><W42/><G110/><T76/><D120/><U126/><E18/><V43/><F43/><W45/><N who="3" m="11264" /><DORA hai="87" /><W132/><G132/><T57/><D123/><U108/><E41/><V77/><F77/><W131/><G131/><T23/><D76/><U64/><E127/><V12/><AGARI ba="0,1" hai="4,11,12,13,14,15,52,56,61,62,63,88,92,98" machi="12" ten="30,16000,3" yaku="1,1,0,1,8,1,52,1,54,2,53,3" doraHai="74,87" doraHaiUra="58,103" who="2" fromWho="2" sc="176,-40,423,-40,260,170,131,-80" owari="136,-26.4,383,18.3,430,53.0,51,-44.9" /></mjloggm>