<mjloggm ver="2.3"><GO type="225" lobby="0"/><UN n0="%E8%81%B7%E6%A5%AD%E3%80%81%E9%A2%A8%32" n1="%E3%81%B8%E3%82%80%E3%81%B8%E3%82%80%EF%BC%92%E5%8F%B7" n2="%E3%81%86%E3%82%8C%E3%81%9F%E3%82%93%E6%9E%95" n3="%E3%81%A9%E3%82%8F%E3%82%93%E3%81%94" dan="16,17,16,16" rate="2111.84,2198.57,2121.78,2165.46" sx="M,M,F,M"/><TAIKYOKU oya="0"/><INIT seed="0,0,0,2,1,0" ten="250,250,250,250" oya="0" hai0="68,39,85,125,116,103,111,90,105,121,118,19,52" hai1="65,59,10,56,44,22,109,108,96,112,54,93,17" hai2="89,1,45,86,46,35,122,113,34,63,3,88,12" hai3="124,74,107,98,15,70,130,95,99,72,120,58,43"/><T49/><D39/><U24/><E112/><V2/><F113/><W37/><G70/><T36/><D36/><U129/><E129/><V87/><F122/><W47/><G130/><T23/><D68/><U26/><E26/><V57/><F12/><W8/><G124/><T77/><D77/><U25/><E25/><V13/><F13/><W51/><G120/><T101/><D125/><U132/><E132/><V18/><F18/><W91/><G37/><T14/><D121/><U117/><E117/><V62/><F3/><W73/><G58/><AGARI ba="0,0" hai="1,2,34,35,45,46,57,58,62,63,86,87,88,89" machi="58" ten="25,3200,0" yaku="22,2,54,1" doraHai="0" who="2" fromWho="3" sc="250,0,250,0,250,32,250,-32" /><INIT seed="1,0,0,4,2,45" ten="250,250,282,218" oya="1" hai0="74,38,55,69,63,106,2,121,58,26,82,49,85" hai1="59,24,98,128,80,71,62,31,78,116,7,0,110" hai2="42,92,11,97,99,56,3,5,111,134,67,35,133" hai3="60,118,18,113,32,87,30,105,4,36,34,1,53"/><U27/><E116/><V50/><F35/><W29/><G105/><T48/><D2/><U19/><E128/><V127/><F111/><W122/><G87/><T47/><D106/><U104/><E19/><V131/><F131/><W124/><G53/><T109/><D74/><U70/><E110/><V13/><F127/><W23/><G60/><T88/><D109/><U52/><E0/><V89/><F99/><W129/><G36/><T114/><D114/><U72/><E7/><V66/><F3/><W8/><G129/><T57/><D121/><U117/><E117/><V100/><F100/><W75/><G75/><T76/><D69/><U54/><E54/><N who="2" m="31831" /><F42/><W115/><G118/><T28/><D38/><U15/><E15/><V51/><F51/><N who="0" m="19530" /><D47/><U68/><REACH who="1" step="1"/><E31/><REACH who="1" ten="250,240,282,218" step="2"/><N who="3" m="11786" /><G122/><T16/><D28/><U73/><E73/><V119/><F119/><W84/><G124/><T12/><D26/><U40/><E40/><V46/><F46/><W108/><G108/><T20/><D58/><U81/><E81/><V103/><F5/><W112/><G84/><T79/><AGARI ba="0,1" hai="12,16,20,55,57,63,76,79,82,85,88" m="19530" machi="79" ten="30,12000,2" yaku="8,1,52,3,54,2" doraHai="45" who="0" fromWho="0" sc="250,130,240,-60,282,-30,218,-30" /><INIT seed="2,0,0,0,1,23" ten="380,180,252,188" oya="2" hai0="86,88,126,67,3,34,27,15,64,68,94,6,92" hai1="106,2,97,41,14,109,4,38,119,129,93,5,48" hai2="130,71,128,59,110,132,17,53,103,118,10,0,89" hai3="120,83,72,24,18,56,26,20,7,52,96,122,51"/><V95/><F118/><W90/><G7/><T74/><D74/><U21/><E119/><V57/><F71/><W135/><G135/><T55/><D126/><U78/><E38/><V8/><F132/><W16/><G72/><T42/><D3/><U99/><E2/><V70/><F70/><W124/><G124/><T75/><D75/><U107/><E78/><V100/><F110/><W36/><G36/><T50/><D42/><U61/><E61/><V29/><F29/><W31/><G18/><T79/><D79/><U46/><E109/><V112/><F112/><W39/><G39/><T49/><D49/><U63/><E129/><V47/><F47/><W77/><G77/><T32/><D32/><U44/><E63/><V102/><F0/><W91/><G91/><N who="0" m="53367" /><D27/><U80/><E80/><V127/><F127/><W40/><G40/><T98/><D34/><U76/><E76/><V19/><F102/><W69/><G69/><T1/><D68/><U54/><E106/><V82/><F89/><W111/><G111/><T22/><D6/><U134/><E134/><V131/><F131/><W58/><G58/><N who="0" m="33143" /><D1/><U37/><E107/><V30/><F128/><W101/><G101/><T117/><D117/><U104/><E104/><V43/><F103/><W114/><G114/><T87/><D98/><N who="1" m="37387" /><E93/><V60/><F95/><W65/><G65/><T35/><D35/><U66/><E66/><V62/><F100/><W84/><G96/><T115/><D115/><U25/><E25/><V73/><F73/><W116/><G116/><T123/><D123/><U11/><E4/><V85/><F130/><RYUUKYOKU ba="0,0" sc="380,10,180,10,252,-30,188,10" hai0="15,22,64,67,87,88,94" hai1="5,11,14,21,37,41,44,46,48,54" hai3="16,20,24,26,31,51,52,56,83,84,90,120,122" /><INIT seed="3,1,0,1,5,100" ten="390,190,222,198" oya="3" hai0="123,65,69,47,130,109,111,60,91,13,21,22,105" hai1="19,48,77,70,71,120,36,87,28,18,31,106,16" hai2="64,107,24,26,53,59,5,85,17,61,58,35,90" hai3="135,95,84,94,27,89,3,81,113,133,30,7,63"/><W121/><G113/><T38/><D123/><U9/><E36/><V131/><F107/><W40/><G121/><T128/><D91/><U1/><E106/><V50/><F131/><N who="0" m="50218" /><D105/><U127/><E120/><V66/><F35/><W29/><G40/><N who="0" m="22935" /><D13/><U101/><E101/><V39/><F39/><W75/><G63/><T51/><D51/><U132/><E132/><N who="3" m="50762" /><G75/><T124/><D124/><U67/><E127/><V73/><F73/><W103/><G103/><T10/><D10/><U4/><E48/><V92/><F5/><W82/><G95/><T122/><D122/><U56/><E71/><V115/><F115/><W125/><G125/><T15/><D15/><U57/><E70/><V110/><F110/><AGARI ba="1,0" hai="21,22,60,65,69,109,110,111" m="22935,50218" machi="110" ten="30,2000,0" yaku="14,1,19,1" doraHai="100" who="0" fromWho="2" sc="390,23,190,0,222,-23,198,0" owari="413,51.3,190,-31.0,199,-0.1,198,-20.2" /></mjloggm>