<mjloggm ver="2.3"><GO type="225" lobby="0"/><UN n0="%6D%75%75%6D%75%72%61" n1="%E9%80%9F%E6%B0%B4%E5%87%9B%E9%A6%99" n2="%E3%81%AF%E3%82%88%E3%81%8A%E3%81%98%E3%81%95%E3%82%93" n3="%E3%82%BC%E3%83%AB%E3%83%80%E3%81%AE%E4%BC%9D%E8%AA%AC" dan="16,16,17,16" rate="2136.58,2095.97,2214.55,2216.58" sx="F,F,M,M"/><TAIKYOKU oya="0"/><INIT seed="0,0,0,2,2,7" ten="250,250,250,250" oya="0" hai0="13,94,4,56,96,105,133,104,43,91,71,15,129" hai1="75,61,42,19,98,10,77,90,35,67,31,73,135" hai2="118,124,64,99,32,39,25,86,58,6,9,72,134" hai3="24,54,50,3,44,117,115,70,110,92,85,29,68"/><T40/><D71/><U114/><E135/><V84/><F72/><W45/><G115/><T130/><D133/><U17/><E114/><V102/><F39/><W57/><G117/><T87/><D56/><U47/><E77/><V119/><F134/><W16/><G3/><T69/><D69/><U52/><E31/><N who="2" m="19567" /><F124/><W127/><G127/><T8/><D15/><U79/><E35/><V37/><F37/><W80/><G110/><T1/><D1/><U109/><E109/><V27/><F27/><W53/><G92/><T122/><D122/><U30/><E30/><V125/><F125/><W111/><G111/><T132/><D132/><U51/><E79/><V21/><F21/><N who="3" m="13351" /><G29/><T26/><D26/><U22/><E42/><N who="0" m="15913" /><D96/><U88/><E75/><V23/><F23/><W76/><G68/><T112/><D112/><U62/><E73/><V18/><F18/><W107/><G107/><T14/><D14/><N who="1" m="7383" /><E98/><V128/><F128/><AGARI ba="0,0" hai="4,8,13,87,91,94,104,105,128,129,130" m="15913" machi="128" ten="30,2900,0" yaku="19,1,52,1" doraHai="7" who="0" fromWho="2" sc="250,29,250,0,250,-29,250,0" /><INIT seed="0,1,0,5,1,113" ten="279,250,221,250" oya="0" hai0="79,80,131,87,32,71,7,109,27,70,67,121,77" hai1="75,24,49,11,90,47,68,88,94,1,100,52,133" hai2="62,4,78,111,125,18,5,12,57,59,43,83,91" hai3="35,124,6,37,89,106,60,86,132,114,58,33,3"/><T123/><D131/><U53/><E75/><V45/><F111/><W129/><G114/><T119/><D109/><U130/><E133/><V2/><F125/><W28/><G37/><T29/><D119/><U76/><E68/><V108/><F108/><W120/><G106/><T20/><D79/><U19/><E130/><V38/><F91/><W44/><G129/><T39/><D39/><U104/><E104/><V48/><F38/><W103/><G103/><T117/><D117/><U54/><E76/><V9/><F2/><W56/><G44/><T135/><D135/><U41/><E1/><V63/><F59/><W72/><G72/><T14/><D71/><U73/><E73/><V50/><F50/><W42/><G42/><T97/><D97/><N who="1" m="59447" /><E11/><V74/><REACH who="2" step="1"/><F63/><REACH who="2" ten="279,250,211,250" step="2"/><W122/><G56/><T118/><D118/><U46/><E46/><V102/><F102/><W85/><G58/><T25/><D70/><U17/><E90/><V69/><F69/><W15/><G60/><T128/><D128/><U96/><E88/><V13/><F13/><W36/><G132/><T92/><D14/><U65/><E96/><V61/><F61/><W23/><G124/><T112/><D112/><U64/><E64/><AGARI ba="1,1" hai="4,5,9,12,18,43,45,48,57,62,64,74,78,83" machi="64" ten="30,2000,0" yaku="1,1,7,1,53,0" doraHai="113" doraHaiUra="22" who="2" fromWho="1" sc="279,0,250,-23,211,33,250,0" /><INIT seed="1,0,0,0,1,86" ten="279,227,244,250" oya="1" hai0="0,100,118,14,103,113,12,51,2,11,41,77,18" hai1="90,122,134,6,61,59,74,130,98,135,79,15,125" hai2="117,132,35,123,89,70,44,105,1,87,5,131,67" hai3="43,107,34,54,101,76,46,56,47,124,48,64,62"/><U110/><E122/><V49/><F123/><W39/><G34/><T106/><D113/><U9/><E130/><V91/><F117/><W25/><G124/><T19/><D118/><U40/><E40/><V58/><F70/><W133/><G133/><N who="1" m="50698" /><E125/><V26/><F105/><W119/><G119/><T96/><D77/><U83/><E110/><V93/><F132/><W45/><G25/><T27/><D27/><U114/><E114/><V33/><F131/><W65/><G76/><T30/><D30/><U128/><E128/><V127/><F127/><W81/><G81/><T50/><D41/><U29/><E29/><V21/><F1/><W94/><G107/><T37/><D37/><U75/><E75/><V42/><F5/><W8/><G8/><T36/><D36/><U116/><E116/><V82/><F58/><N who="3" m="33095" /><G94/><T63/><D106/><U73/><E73/><V16/><F67/><N who="3" m="25675" /><G101/><T80/><D80/><U126/><E126/><V109/><F109/><W4/><G4/><T71/><D11/><U99/><E99/><AGARI ba="0,0" hai="16,21,26,33,35,42,44,49,82,87,89,91,93,99" machi="99" ten="30,7700,0" yaku="7,1,52,2,54,1" doraHai="86" who="2" fromWho="1" sc="279,0,227,-77,244,77,250,0" /><INIT seed="2,0,0,3,4,72" ten="279,150,321,250" oya="2" hai0="61,127,34,66,56,7,67,58,101,111,91,97,122" hai1="23,134,96,10,131,4,35,33,118,41,19,82,79" hai2="102,119,68,75,21,132,52,24,59,36,123,93,42" hai3="60,25,43,81,8,110,65,63,126,108,99,16,57"/><V114/><F119/><W51/><G126/><T133/><D122/><U115/><E118/><V71/><F71/><W37/><G37/><T100/><D127/><U129/><E115/><V0/><F68/><W125/><G125/><T11/><D111/><N who="3" m="42537" /><G99/><T94/><D34/><U40/><E41/><V80/><F0/><W29/><G63/><N who="0" m="38247" /><D133/><U88/><E40/><V39/><F42/><W69/><G81/><T73/><D73/><U12/><E134/><V46/><F46/><N who="3" m="26079" /><G69/><T49/><D49/><U74/><E96/><V117/><F80/><W45/><G45/><T32/><D32/><U5/><E5/><V130/><F114/><W70/><G70/><T76/><D76/><U54/><E54/><V14/><F52/><W106/><G106/><T89/><D89/><U120/><E120/><V47/><F102/><W135/><G135/><T38/><D38/><U13/><REACH who="1" step="1"/><E88/><REACH who="1" ten="279,140,321,250" step="2"/><V31/><F123/><W2/><G65/><T124/><D124/><U116/><E116/><V28/><F117/><W92/><G2/><T64/><D67/><U15/><E15/><AGARI ba="0,1" hai="7,11,15,58,61,64,91,94,97,100,101" m="38247" machi="15" ten="30,1000,0" yaku="8,1" doraHai="72" who="0" fromWho="1" sc="279,20,140,-10,321,0,250,0" /><INIT seed="3,0,0,3,2,19" ten="299,130,321,250" oya="3" hai0="125,10,4,5,103,128,48,2,37,118,94,122,51" hai1="86,121,69,59,102,115,116,7,53,85,81,70,130" hai2="120,93,56,1,79,6,67,39,131,135,112,35,16" hai3="57,92,88,36,40,65,80,106,114,113,123,110,41"/><W18/><G123/><T105/><D37/><U17/><E121/><V20/><F112/><W76/><G106/><T11/><D122/><U43/><E115/><V77/><F35/><W61/><G110/><T96/><D118/><U24/><E130/><V72/><F39/><W126/><G126/><T119/><D119/><U83/><E116/><V74/><F120/><W22/><G36/><T0/><D125/><U89/><E7/><V90/><F131/><W47/><G47/><T3/><D128/><U44/><E102/><V97/><F135/><W133/><G133/><T15/><REACH who="0" step="1"/><D105/><REACH who="0" ten="289,130,321,250" step="2"/><U13/><E44/><V98/><F72/><W33/><G114/><T73/><D73/><U49/><E43/><V23/><F74/><W60/><G33/><T108/><D108/><U28/><E28/><V12/><F1/><AGARI ba="0,1" hai="0,1,2,3,4,5,10,11,15,48,51,94,96,103" machi="1" ten="40,1300,0" yaku="1,1,53,0" doraHai="19" doraHaiUra="64" who="0" fromWho="2" sc="289,23,130,0,321,-13,250,0" owari="312,41.2,130,-37.0,308,10.8,250,-15.0" /></mjloggm>