<mjloggm ver="2.3"><GO type="225" lobby="0"/><UN n0="%70%68%65%6E%6F%6D%65" n1="%E3%81%AF%E3%82%88%E3%81%8A%E3%81%98%E3%81%95%E3%82%93" n2="%E3%83%AB%E3%83%9B%E3%83%B3%E3%83%87%E3%82%A3%E3%82%A8" n3="%E3%83%A9%E3%83%96%E3%83%AC%E3%83%BC" dan="17,16,17,18" rate="2167.70,2149.16,2185.31,2267.84" sx="M,M,M,M"/><TAIKYOKU oya="0"/><INIT seed="0,0,0,2,4,13" ten="250,250,250,250" oya="0" hai0="82,86,26,65,60,43,84,32,80,106,8,63,10" hai1="112,119,109,67,58,121,103,99,122,66,28,33,1" hai2="20,101,72,47,118,113,46,105,89,27,52,2,97" hai3="44,11,17,62,88,132,115,68,74,42,76,117,19"/><T93/><D106/><U34/><E1/><V94/><F2/><W83/><G115/><T48/><D93/><U107/><E119/><V35/><F35/><W36/><G117/><T108/><D108/><U127/><E109/><V75/><F113/><W131/><G132/><T16/><D32/><U87/><E112/><V5/><F5/><W22/><G131/><T38/><D38/><U126/><E87/><V79/><F118/><W21/><G68/><T24/><D48/><U69/><E58/><V78/><F75/><W124/><G62/><T29/><D43/><U98/><E107/><V85/><F52/><W61/><G61/><T41/><D41/><U92/><E92/><V3/><F3/><W134/><G124/><T37/><D37/><U12/><E12/><V49/><F49/><W55/><G55/><T130/><D29/><U4/><E28/><V50/><F50/><W53/><G53/><T30/><D30/><U18/><E103/><V102/><F102/><W7/><G134/><T40/><D40/><U39/><E39/><V71/><F79/><W45/><G44/><T116/><D116/><U96/><E96/><V64/><F64/><W25/><G88/><T6/><D6/><U56/><E4/><V104/><F71/><W23/><G25/><T57/><D57/><U9/><E56/><V135/><F105/><W81/><G83/><T54/><D54/><U123/><E122/><V0/><F0/><AGARI ba="0,0" hai="0,7,11,17,19,21,22,23,36,42,45,74,76,81" machi="0" ten="40,8000,1" yaku="25,2,52,2" doraHai="13" who="3" fromWho="2" sc="250,0,250,0,250,-80,250,80" /><INIT seed="1,0,0,5,1,40" ten="250,250,170,330" oya="1" hai0="18,93,14,104,132,13,74,42,134,54,87,46,66" hai1="6,79,102,125,85,39,60,63,0,44,61,1,58" hai2="45,24,78,2,86,67,10,35,11,101,36,84,97" hai3="57,96,123,77,90,70,32,95,106,55,51,99,26"/><U19/><E125/><V119/><F119/><W9/><G123/><T41/><D74/><U69/><E69/><V121/><F121/><W114/><G114/><T100/><D104/><U130/><E130/><V91/><F67/><W94/><G70/><T112/><D112/><U43/><E102/><V28/><F2/><W16/><G32/><T116/><D116/><U25/><E58/><V110/><F78/><W131/><G77/><T50/><D66/><U81/><REACH who="1" step="1"/><E6/><REACH who="1" ten="250,240,170,330" step="2"/><V62/><F101/><N who="3" m="60567" /><G131/><T122/><D122/><U38/><E38/><V37/><F36/><W34/><G106/><T73/><D100/><U105/><E105/><V80/><F37/><W68/><G57/><T115/><D115/><U3/><E3/><V52/><F110/><W126/><G68/><T72/><D132/><U135/><E135/><V4/><F4/><W23/><G126/><T120/><D134/><U21/><AGARI ba="0,1" hai="0,1,19,21,25,39,43,44,60,61,63,79,81,85" machi="21" ten="30,11700,0" yaku="1,1,0,1,52,1,53,1" doraHai="40" doraHaiUra="82" who="1" fromWho="1" sc="250,-39,240,127,170,-39,330,-39" /><INIT seed="1,1,0,5,0,98" ten="211,367,131,291" oya="1" hai0="92,120,14,113,88,85,83,87,72,35,2,11,59" hai1="68,16,104,36,75,5,15,51,78,102,124,44,128" hai2="93,62,19,49,89,117,41,46,101,21,60,42,18" hai3="79,73,106,119,99,64,126,77,48,34,31,39,82"/><U65/><E36/><V57/><F117/><W12/><G39/><T69/><D113/><U112/><E112/><V55/><F18/><W61/><G126/><T127/><D127/><U7/><E124/><V97/><F62/><W29/><G48/><T67/><D120/><U84/><E75/><V47/><F47/><W58/><G119/><T27/><D69/><U45/><E45/><V8/><F8/><W116/><G34/><T118/><D2/><U13/><E13/><V130/><F130/><W90/><G79/><T107/><D107/><U56/><E68/><V114/><F114/><W94/><G116/><T17/><D72/><U129/><E56/><V121/><F121/><W43/><G43/><T0/><D0/><U103/><E65/><V108/><F108/><W71/><G71/><T95/><D118/><U111/><E104/><V33/><F33/><W30/><G12/><T23/><D35/><U54/><E111/><V100/><F42/><W96/><G31/><T110/><D87/><U25/><E25/><AGARI ba="1,0" hai="19,21,25,41,46,49,55,57,60,89,93,97,100,101" machi="25" ten="30,12000,2" yaku="7,1,25,2,8,1,52,2" doraHai="98" who="2" fromWho="1" sc="211,0,367,-123,131,123,291,0" /><INIT seed="2,0,0,5,3,33" ten="211,244,254,291" oya="2" hai0="15,76,58,97,121,21,1,38,68,84,103,19,105" hai1="12,63,20,69,25,50,79,94,134,73,99,124,3" hai2="31,133,109,95,100,48,24,27,11,131,52,62,23" hai3="37,74,34,87,108,93,127,6,17,113,101,91,47"/><V130/><F133/><W129/><G34/><T55/><D121/><U56/><E134/><V61/><F109/><W64/><G64/><T92/><D38/><U36/><E36/><V90/><F100/><W85/><G74/><T122/><D122/><U9/><E124/><V75/><F75/><W123/><G123/><T110/><D110/><U107/><E107/><V81/><F81/><W82/><G127/><T10/><D68/><U30/><E3/><V53/><F53/><W41/><G129/><N who="2" m="49161" /><F27/><W22/><G6/><T120/><D120/><U128/><E128/><V114/><F11/><W60/><G113/><T119/><D119/><U118/><E118/><V45/><F114/><W106/><G60/><T66/><D66/><N who="1" m="39271" /><E69/><V8/><F8/><W83/><G106/><T96/><D76/><U70/><E73/><V67/><F67/><W42/><G108/><T132/><D132/><U44/><E70/><V39/><F39/><W46/><G101/><T54/><D55/><U32/><E32/><V51/><F51/><W71/><G71/><T111/><D111/><U89/><E79/><V86/><AGARI ba="0,0" hai="23,24,31,45,48,52,61,62,86,90,95" m="49161" machi="86" ten="30,3000,0" yaku="19,1,54,1" doraHai="33" who="2" fromWho="2" sc="211,-10,244,-10,254,30,291,-10" /><INIT seed="2,1,0,0,4,35" ten="201,234,284,281" oya="2" hai0="121,109,12,33,6,44,119,125,112,76,11,80,91" hai1="114,108,130,3,123,39,99,58,34,62,83,124,88" hai2="53,68,74,4,36,84,113,78,90,54,103,22,82" hai3="135,8,102,42,48,20,118,17,129,16,51,69,52"/><V38/><F68/><W57/><G118/><T67/><D121/><U120/><E114/><V93/><F113/><W60/><G135/><T132/><D112/><U23/><E34/><V98/><F22/><W97/><G129/><T65/><D132/><U19/><E39/><V73/><F73/><W55/><G42/><T71/><D119/><U31/><E130/><V134/><F134/><W46/><G69/><T61/><D109/><U10/><E108/><V56/><F4/><W63/><G8/><T37/><D125/><U45/><E45/><V28/><F28/><W77/><G77/><T107/><D33/><U43/><E43/><V101/><F101/><W89/><G89/><T25/><D65/><U21/><E31/><V128/><F128/><W26/><G17/><T75/><D25/><U104/><E124/><V127/><F53/><W81/><G81/><T9/><D9/><U85/><E99/><V122/><F122/><N who="1" m="46633" /><E104/><AGARI ba="1,0" hai="16,20,26,46,48,51,52,55,57,60,63,97,102,104" machi="104" ten="30,3900,0" yaku="7,1,54,2" doraHai="35" who="3" fromWho="1" sc="201,0,234,-42,284,0,281,42" /><INIT seed="3,0,0,2,4,53" ten="201,192,284,323" oya="3" hai0="58,24,42,78,16,30,21,43,128,114,82,9,25" hai1="32,101,19,131,52,26,129,81,8,89,54,60,18" hai2="56,57,135,100,104,113,75,103,36,63,72,77,130" hai3="110,109,90,37,116,14,17,119,133,83,74,0,93"/><W121/><G0/><T125/><D125/><U61/><E101/><V47/><F113/><W70/><G70/><T127/><D127/><U5/><E54/><V23/><F130/><N who="1" m="49673" /><E32/><V126/><F135/><W45/><G133/><T11/><D128/><U46/><E89/><V40/><F126/><W118/><G121/><T92/><D114/><U49/><E81/><V134/><F134/><W96/><G37/><T6/><D92/><U117/><E117/><V4/><F4/><W88/><G45/><T28/><D58/><U1/><E26/><V87/><F72/><W67/><G67/><T39/><D39/><U12/><E18/><V76/><F75/><W80/><G90/><T122/><D122/><U94/><E94/><V68/><F68/><W91/><G91/><T33/><D16/><U10/><AGARI ba="0,0" hai="1,5,8,10,12,19,46,49,52,60,61" m="49673" machi="10" ten="30,2000,0" yaku="19,1,54,1" doraHai="53" who="1" fromWho="1" sc="201,-5,192,20,284,-5,323,-10" owari="196,-30.4,212,-18.8,279,7.9,313,41.3" /></mjloggm>