<mjloggm ver="2.3"><GO type="225" lobby="0"/><UN n0="%E3%81%AA%E3%81%A1%30%39%32%37" n1="%E7%BD%AA%E5%88%91%E6%B3%95%E5%AE%9A%E4%B8%BB%E7%BE%A9" n2="%E5%8F%AF%E5%85%90%E9%82%A3%E7%94%B1%E5%A4%9A" n3="%E3%83%88%E3%83%A9%E3%83%9E%E3%83%AB" dan="16,16,17,16" rate="2112.35,2170.04,2245.83,2087.63" sx="M,M,F,M"/><TAIKYOKU oya="0"/><INIT seed="0,0,0,3,2,99" ten="250,250,250,250" oya="0" hai0="69,40,36,13,78,18,20,21,100,133,14,2,34" hai1="77,117,29,62,85,49,39,80,32,87,46,98,82" hai2="45,97,103,28,88,65,54,81,94,1,41,11,106" hai3="122,43,104,118,52,113,132,51,135,128,30,56,44"/><T119/><D119/><U25/><E117/><V35/><F65/><W22/><G118/><T130/><D69/><U93/><E39/><V74/><F54/><W105/><G113/><T12/><D2/><U115/><E115/><V101/><F28/><W126/><G122/><T108/><D133/><N who="3" m="51273" /><G126/><T9/><D130/><U68/><E68/><V134/><F35/><W127/><G127/><T27/><D78/><U91/><E62/><V84/><F134/><W26/><G128/><T38/><D34/><U116/><E116/><V0/><F11/><W55/><G55/><T71/><D71/><U66/><E66/><V110/><F110/><W95/><G95/><T6/><D108/><U53/><REACH who="1" step="1"/><E82/><REACH who="1" ten="250,240,250,250" step="2"/><V76/><F103/><W72/><G72/><AGARI ba="0,1" hai="25,29,32,46,49,53,72,77,80,85,87,91,93,98" machi="72" ten="30,3900,0" yaku="1,1,2,1,7,1,53,0" doraHai="99" doraHaiUra="37" who="1" fromWho="3" sc="250,0,240,49,250,0,250,-39" /><INIT seed="1,0,0,3,5,51" ten="250,289,250,211" oya="1" hai0="63,68,110,77,133,74,33,96,12,14,23,8,92" hai1="53,103,99,44,128,42,84,89,100,118,123,101,127" hai2="2,111,107,78,114,37,94,1,15,21,56,129,93" hai3="104,69,76,25,108,95,80,38,28,27,132,19,75"/><U18/><E118/><V121/><F121/><W16/><G104/><T32/><D110/><U31/><E123/><V65/><F107/><W97/><G38/><T105/><D133/><U30/><E127/><V91/><F37/><W116/><G108/><T119/><D119/><U17/><E128/><V131/><F111/><W83/><G69/><T62/><D105/><U7/><E7/><V6/><F78/><W112/><G112/><T126/><D77/><U124/><E124/><V57/><F114/><W40/><G40/><T98/><D74/><U90/><E99/><V54/><F65/><W35/><G132/><T0/><D0/><U55/><E84/><V125/><F125/><W113/><G83/><T109/><D109/><U3/><E3/><V49/><F57/><W39/><G39/><T82/><D68/><U50/><E42/><V73/><F73/><W106/><G106/><T5/><D82/><U81/><E81/><V47/><F47/><W46/><G46/><T10/><D23/><U102/><N who="1" m="25600" /><DORA hai="43" /><U4/><E4/><V72/><F72/><W58/><G113/><T45/><D45/><U22/><E55/><V34/><F34/><W61/><G27/><T29/><D126/><U48/><E50/><V87/><F94/><W36/><G36/><T13/><D92/><U86/><E17/><N who="2" m="10431" /><F1/><W70/><G70/><T85/><D32/><U115/><E115/><V59/><F59/><W122/><G116/><T26/><D62/><U20/><E20/><V52/><F54/><N who="3" m="34007" /><G122/><T41/><D33/><U120/><E120/><V9/><AGARI ba="0,0" hai="2,6,9,49,52,56,87,91,93,129,131" m="10431" machi="9" ten="30,4000,0" yaku="25,1,52,1,54,1" doraHai="51,43" who="2" fromWho="2" sc="250,-10,289,-20,250,40,211,-10" /><INIT seed="2,0,0,0,0,125" ten="240,269,290,201" oya="2" hai0="105,108,29,90,0,37,76,89,71,126,58,34,18" hai1="23,77,4,93,27,69,111,26,50,45,43,44,56" hai2="47,124,117,21,85,104,128,96,66,72,92,40,67" hai3="130,97,10,48,83,1,17,15,87,3,31,28,75"/><V115/><F115/><W74/><G75/><T133/><D126/><U80/><E69/><V55/><F124/><W59/><G74/><T91/><D71/><U46/><E111/><V88/><F117/><W51/><G1/><T102/><D108/><U52/><E4/><V78/><F128/><W30/><G3/><T14/><D133/><U54/><E93/><V121/><F121/><W79/><G130/><T11/><D37/><U16/><E27/><V39/><F55/><W129/><G129/><T12/><D76/><U8/><E8/><V135/><F135/><W86/><G97/><T118/><D118/><U32/><E32/><V57/><F57/><W62/><REACH who="3" step="1"/><G86/><REACH who="3" ten="240,269,290,191" step="2"/><T114/><D0/><U94/><E43/><V127/><F127/><W41/><G41/><T132/><D132/><U122/><E122/><V35/><F72/><W5/><G5/><T112/><D112/><U95/><REACH who="1" step="1"/><E54/><AGARI ba="0,1" hai="10,15,17,28,30,31,48,51,54,59,62,79,83,87" machi="54" ten="40,8000,1" yaku="1,1,8,1,53,3" doraHai="125" doraHaiUra="24" who="3" fromWho="1" sc="240,0,269,-80,290,0,191,90" /><INIT seed="3,0,0,2,4,87" ten="240,189,290,281" oya="3" hai0="0,100,7,76,54,3,107,63,115,10,32,27,18" hai1="29,77,24,45,12,30,102,47,134,117,72,41,75" hai2="111,5,132,1,31,19,88,79,119,6,89,128,126" hai3="36,73,86,16,130,38,96,42,120,135,123,49,74"/><W40/><G130/><T46/><D115/><U97/><E134/><V84/><F119/><W125/><G135/><T105/><D76/><U94/><E117/><V81/><F132/><W11/><G125/><T121/><D121/><U53/><E77/><V113/><F113/><W70/><G70/><T104/><D0/><U66/><E66/><V28/><F126/><W127/><G127/><T95/><D46/><U91/><E12/><V61/><F111/><W26/><G96/><T122/><D122/><U21/><E30/><N who="2" m="11307" /><F1/><W2/><G2/><T90/><D32/><U9/><E9/><V85/><F128/><W83/><G49/><T118/><D118/><U60/><E102/><V33/><F33/><W35/><G35/><T106/><D106/><U39/><REACH who="1" step="1"/><E47/><REACH who="1" ten="240,179,290,281" step="2"/><V48/><F79/><W51/><G123/><T131/><D131/><U112/><E112/><V50/><F19/><W52/><G120/><T80/><D10/><U58/><AGARI ba="0,1" hai="21,24,29,39,41,45,53,58,60,72,75,91,94,97" machi="58" ten="30,4000,0" yaku="1,1,0,1,52,1,53,0" doraHai="87" doraHaiUra="103" who="1" fromWho="1" sc="240,-10,179,50,290,-10,281,-20" /><INIT seed="4,0,0,1,1,62" ten="230,229,280,261" oya="0" hai0="84,76,73,11,113,45,75,89,134,25,61,81,0" hai1="126,71,1,16,46,104,22,27,44,77,48,131,38" hai2="65,99,4,42,108,60,64,78,58,7,133,6,21" hai3="39,13,28,18,26,15,20,8,68,86,93,53,88"/><T124/><D113/><U29/><E104/><V100/><F108/><W30/><G39/><T74/><D134/><U83/><E71/><V17/><F133/><W117/><G117/><T98/><D124/><U125/><E1/><V95/><F78/><W128/><G128/><T41/><D25/><U5/><E5/><V9/><F42/><W52/><G68/><T116/><D116/><U32/><E38/><V23/><F65/><W33/><G30/><T97/><D61/><U67/><E67/><V105/><F105/><W109/><G109/><T51/><REACH who="0" step="1"/><D76/><REACH who="0" ten="220,229,280,261" step="2"/><U90/><E131/><V59/><F59/><W106/><G106/><T92/><D92/><U35/><E90/><V102/><F102/><W54/><G54/><T69/><D69/><U130/><E130/><V57/><F58/><W123/><G123/><T37/><D37/><U79/><E79/><V43/><F43/><W40/><G40/><T70/><D70/><U72/><E29/><V3/><F3/><W103/><G103/><T91/><D91/><U129/><E129/><V110/><F110/><W127/><G127/><N who="1" m="48650" /><E44/><V121/><F121/><W50/><G50/><T19/><D19/><AGARI ba="0,1" hai="8,13,15,18,19,20,26,28,33,52,53,86,88,93" machi="19" ten="30,3900,0" yaku="7,1,54,2" doraHai="62" who="3" fromWho="0" sc="220,-39,229,0,280,0,261,49" owari="181,-31.9,229,-17.1,280,8.0,310,41.0" /></mjloggm>