<mjloggm ver="2.3"><GO type="225" lobby="0"/><UN n0="%4C%4F%4C%49%54%41" n1="%65%6B%61%72%75%74%65" n2="%E3%81%B8%E3%82%80%E3%81%B8%E3%82%80%EF%BC%92%E5%8F%B7" n3="%E6%80%AA%E3%81%97%E3%81%99%E3%81%8E%E3%82%8B%E3%83%81%E3%83%BC" dan="16,16,16,16" rate="2194.35,2113.64,2113.69,2133.01" sx="F,M,M,M"/><TAIKYOKU oya="0"/><INIT seed="0,0,0,1,4,62" ten="250,250,250,250" oya="0" hai0="9,65,67,64,63,89,118,17,104,101,60,20,49" hai1="28,37,38,124,41,123,25,115,35,21,116,0,126" hai2="40,44,10,88,3,107,66,58,4,5,135,103,87" hai3="97,134,74,83,68,56,69,86,27,110,95,48,80"/><T34/><D118/><U14/><E116/><V57/><F135/><W106/><G106/><T30/><D34/><U73/><E123/><V54/><F4/><W11/><G110/><T8/><D30/><U61/><E73/><V128/><F128/><W18/><G134/><T99/><D89/><U82/><E0/><V36/><F66/><W84/><G74/><T117/><D117/><U130/><E130/><V7/><F7/><W108/><G108/><T133/><D49/><U122/><E41/><V53/><F103/><N who="3" m="60863" /><G68/><T46/><D46/><U45/><E45/><V91/><F107/><W12/><G69/><T85/><D85/><N who="3" m="32873" /><G27/><T39/><D39/><U55/><E82/><V109/><F109/><W76/><G76/><T114/><D114/><U22/><E122/><V77/><F77/><W96/><G96/><T43/><D43/><U98/><E38/><V26/><F26/><W59/><G59/><T1/><D133/><U81/><E98/><V47/><F47/><W92/><G92/><N who="0" m="58599" /><D1/><U79/><E81/><V16/><F87/><W90/><G90/><T112/><D104/><U42/><E35/><V52/><F57/><W111/><G111/><T127/><D112/><U32/><E32/><V72/><F72/><W113/><G113/><T120/><D120/><U70/><E79/><V105/><F105/><W132/><G132/><T13/><D127/><U23/><E115/><V125/><F125/><N who="1" m="48233" /><E70/><V24/><REACH who="2" step="1"/><F58/><REACH who="2" ten="250,250,240,250" step="2"/><W71/><G71/><T100/><D100/><U15/><E25/><V121/><F121/><W94/><G94/><T119/><D119/><U29/><E37/><RYUUKYOKU ba="0,1" sc="250,10,250,-30,240,10,250,10" hai0="8,9,13,17,20,60,63,64,65,67" hai2="3,5,10,16,24,36,40,44,52,53,54,88,91" hai3="11,12,18,48,56,80,83" /><INIT seed="0,1,1,0,5,80" ten="260,220,250,260" oya="0" hai0="98,18,74,71,77,31,27,12,95,124,126,97,21" hai1="132,49,6,54,2,86,14,63,44,112,1,34,91" hai2="83,93,135,62,51,99,123,25,55,130,100,101,43" hai3="65,131,118,35,53,116,84,0,108,114,4,125,115"/><T102/><D71/><U64/><E34/><V16/><F123/><W19/><G84/><T28/><D77/><U68/><E132/><V82/><F135/><W46/><G53/><T79/><D79/><U129/><E129/><V57/><F130/><W88/><G88/><T23/><D74/><U121/><E121/><V96/><F43/><W122/><G46/><T24/><REACH who="0" step="1"/><D97/><REACH who="0" ten="250,220,250,260" step="2"/><U10/><REACH who="1" step="1"/><E112/><REACH who="1" ten="250,210,250,260" step="2"/><V58/><F99/><W106/><G114/><T73/><D73/><U94/><AGARI ba="1,3" hai="1,2,6,10,14,44,49,54,63,64,68,86,91,94" machi="94" ten="20,12000,2" yaku="1,1,2,1,0,1,7,1,52,1,53,1" doraHai="80" doraHaiUra="89" who="1" fromWho="1" sc="250,-61,210,153,250,-31,260,-31" /><INIT seed="1,0,0,1,1,62" ten="189,363,219,229" oya="1" hai0="67,132,23,19,89,32,87,64,78,37,50,34,68" hai1="115,102,114,135,129,47,43,131,126,26,124,120,4" hai2="48,79,9,123,58,97,24,51,1,100,106,130,38" hai3="65,96,83,93,10,8,70,134,84,121,127,108,12"/><U44/><E4/><V63/><F123/><W49/><G121/><T107/><D37/><N who="1" m="21615" /><E26/><V112/><F38/><W125/><G108/><T25/><D107/><U7/><E7/><V57/><F130/><N who="1" m="49673" /><E102/><V104/><F112/><N who="1" m="43049" /><E120/><V94/><F79/><N who="3" m="46207" /><G49/><T45/><D78/><U46/><E135/><V53/><F24/><W81/><G81/><T99/><D132/><U29/><E29/><V2/><F9/><W122/><G122/><T74/><D74/><U27/><E27/><V90/><F104/><W54/><G134/><T76/><D32/><U110/><E110/><V20/><F20/><W3/><G10/><T31/><D76/><U16/><E16/><V6/><F6/><W91/><G3/><T30/><D34/><U92/><E92/><V33/><F33/><W88/><G8/><T98/><D30/><U103/><E103/><V71/><F1/><W119/><G12/><T61/><D31/><U18/><E18/><V41/><F2/><W11/><G11/><T21/><D21/><U5/><E5/><V17/><F17/><W101/><G101/><T73/><D73/><U35/><E35/><V55/><F100/><W36/><G93/><T86/><D23/><U75/><E75/><V56/><F106/><W118/><G91/><T40/><D19/><U80/><E80/><V59/><F41/><W42/><G88/><T60/><D25/><U77/><E77/><V13/><F13/><W109/><G42/><T95/><REACH who="0" step="1"/><D99/><REACH who="0" ten="179,363,219,229" step="2"/><U82/><E82/><V85/><F97/><W52/><G96/><T39/><D39/><U15/><E15/><V22/><F22/><RYUUKYOKU ba="0,1" sc="179,10,363,10,219,10,229,-30" hai0="40,45,50,60,61,64,67,68,86,87,89,95,98" hai1="46,47,124,126" hai2="48,51,53,55,56,57,58,59,63,71,85,90,94" /><INIT seed="1,1,1,5,2,68" ten="189,373,229,199" oya="1" hai0="43,42,48,78,105,127,6,31,96,32,98,26,8" hai1="44,55,112,79,11,74,81,5,46,125,99,34,65" hai2="114,52,92,135,101,100,126,108,106,128,16,107,30" hai3="91,71,39,110,77,69,22,33,12,132,123,97,54"/><U117/><E112/><V85/><F114/><W124/><G123/><T13/><D127/><U119/><E125/><V10/><F126/><W53/><G124/><T49/><D78/><U3/><E34/><V60/><F128/><W47/><G33/><T80/><D80/><U19/><E65/><V72/><F72/><W113/><G113/><T40/><REACH who="0" step="1"/><D96/><REACH who="0" ten="179,373,229,199" step="2"/><U27/><E81/><V64/><F107/><W25/><G77/><T7/><D7/><U20/><E99/><V115/><F106/><W87/><G97/><T37/><D37/><U121/><E79/><V76/><F115/><W86/><G39/><T21/><D21/><U24/><E20/><V63/><F76/><W18/><G22/><T57/><D57/><U59/><E5/><V109/><F109/><W28/><G110/><T122/><D122/><U131/><E59/><V17/><F108/><W15/><G71/><T67/><D67/><U104/><E121/><V51/><F64/><W82/><G69/><T102/><AGARI ba="1,2" hai="6,8,13,26,31,32,40,42,43,48,49,98,102,105" machi="102" ten="30,4000,0" yaku="1,1,0,1,53,1" doraHai="68" doraHaiUra="4" who="0" fromWho="0" sc="179,63,373,-21,229,-11,199,-11" /><INIT seed="2,0,0,2,2,130" ten="242,352,218,188" oya="2" hai0="49,91,26,85,35,109,32,0,51,90,77,17,6" hai1="67,65,72,55,31,75,121,120,36,48,28,42,108" hai2="115,24,86,46,82,104,16,7,54,47,78,41,88" hai3="71,56,34,22,18,106,14,110,92,98,43,93,76"/><V58/><F104/><W102/><G110/><T81/><D109/><U129/><E108/><V12/><F115/><W29/><G71/><T114/><D114/><U68/><E42/><V105/><F105/><W38/><G76/><T126/><D126/><U19/><E19/><V100/><F100/><W62/><G34/><T21/><D32/><U123/><E36/><V40/><F24/><W8/><G29/><N who="1" m="11338" /><E129/><V64/><F78/><W132/><G132/><T117/><D117/><U128/><E128/><V73/><F73/><N who="1" m="28233" /><E68/><V5/><F64/><W25/><G43/><N who="2" m="16457" /><F7/><W59/><G38/><T122/><D35/><U39/><E39/><V124/><F124/><W125/><G125/><T33/><D33/><U119/><E119/><V74/><F74/><W83/><G83/><T133/><D6/><U37/><E37/><V70/><F70/><W53/><REACH who="3" step="1"/><G56/><AGARI ba="0,0" hai="48,55,56,65,67,120,121,123" m="28233,11338" machi="56" ten="40,1300,0" yaku="13,1" doraHai="130" who="1" fromWho="3" sc="242,0,352,13,218,0,188,-13" /><INIT seed="3,0,0,4,0,30" ten="242,365,218,175" oya="3" hai0="17,7,78,129,134,135,22,120,38,133,63,28,58" hai1="24,104,97,128,125,35,11,15,84,89,54,132,47" hai2="70,80,92,127,102,115,48,72,2,111,9,51,32" hai3="119,74,8,34,113,19,105,124,13,1,126,114,110"/><W93/><G105/><T55/><D120/><U68/><E35/><V122/><F115/><N who="3" m="44043" /><G74/><T60/><D129/><U46/><E24/><V118/><F118/><W87/><G119/><T23/><D38/><U85/><E89/><V108/><F70/><W25/><G87/><T67/><D7/><U21/><E68/><V76/><F122/><W91/><G91/><T131/><D131/><U44/><E44/><V31/><F127/><N who="3" m="48683" /><G93/><T90/><D78/><U77/><E47/><V106/><F92/><W94/><G94/><T18/><D90/><U27/><E46/><V86/><F72/><W45/><G45/><T61/><D28/><U36/><E77/><V107/><F48/><W37/><G37/><T43/><D43/><U121/><E85/><V14/><F51/><W100/><G100/><T12/><D67/><U101/><E84/><V62/><F62/><W3/><G110/><N who="2" m="42025" /><F102/><W29/><AGARI ba="0,0" hai="1,3,8,13,19,25,29,34" m="48683,44043" machi="29" ten="40,12000,1" yaku="18,1,34,2,52,1" doraHai="30" who="3" fromWho="3" sc="242,-40,365,-40,218,-40,175,120" /><INIT seed="3,1,0,5,0,50" ten="202,325,178,295" oya="3" hai0="63,74,98,106,20,95,64,108,2,47,4,130,59" hai1="41,45,70,99,128,23,125,55,28,65,17,19,72" hai2="132,92,88,104,32,58,21,133,42,34,37,83,73" hai3="0,35,8,94,30,135,93,131,51,117,62,68,103"/><W121/><G117/><T118/><D118/><U38/><E72/><V76/><F104/><W126/><G121/><T40/><D74/><U87/><E70/><V82/><F82/><W112/><G112/><T36/><D108/><U53/><E65/><V49/><F37/><W79/><G131/><T96/><D130/><U1/><E1/><V114/><F114/><W27/><G126/><T54/><D106/><U124/><E128/><V3/><F3/><W43/><G135/><N who="2" m="51785" /><F21/><W84/><G103/><T127/><D127/><N who="1" m="48715" /><E87/><N who="2" m="52255" /><F42/><W91/><G79/><T123/><D123/><U33/><E33/><V15/><F15/><W66/><G93/><T11/><D20/><U86/><E99/><V129/><F129/><W80/><G94/><T67/><D98/><U89/><E28/><V81/><F81/><W71/><G0/><T105/><D105/><U29/><E29/><V116/><F116/><W46/><G8/><T77/><D77/><U10/><E10/><V44/><F44/><W22/><G35/><T5/><D4/><U48/><E38/><V52/><AGARI ba="1,0" hai="32,34,49,52,58,73,76,83" m="52255,51785" machi="52" ten="30,7900,0" yaku="20,1,52,1,54,2" doraHai="50" who="2" fromWho="2" sc="202,-21,325,-21,178,82,295,-40" owari="181,-31.9,304,40.4,260,6.0,255,-14.5" /></mjloggm>