<mjloggm ver="2.3"><GO type="225" lobby="0"/><UN n0="%E5%82%8D%E8%8B%A5%E7%84%A1%E4%BA%BA%35%31" n1="%E7%AD%89%E3%80%85%E5%8A%9B%E5%8A%87%E5%A0%B4" n2="%E3%81%BF%E3%81%BF%E3%81%9A" n3="%E8%80%81%E6%A5%BD" dan="16,16,17,16" rate="2098.24,2167.74,2193.94,2067.48" sx="M,M,M,M"/><TAIKYOKU oya="0"/><INIT seed="0,0,0,1,5,61" ten="250,250,250,250" oya="0" hai0="82,28,0,12,62,126,88,4,5,71,70,20,47" hai1="42,97,22,108,38,131,58,81,29,79,105,107,101" hai2="7,69,129,73,90,30,51,128,44,76,18,23,130" hai3="92,115,60,45,52,2,119,26,123,75,49,111,19"/><T84/><D126/><U33/><E33/><V43/><F7/><W96/><G115/><T99/><D0/><U83/><E108/><V118/><F118/><W85/><G119/><T3/><D3/><U56/><E131/><V50/><F30/><W24/><G75/><T114/><D114/><U93/><E83/><V87/><F69/><W55/><G2/><T16/><D28/><U66/><E58/><V37/><F76/><W132/><G111/><T116/><D116/><U53/><E38/><V102/><F102/><W104/><G132/><T65/><D71/><U31/><E42/><V80/><REACH who="2" step="1"/><F73/><REACH who="2" ten="250,250,240,250" step="2"/><W40/><G123/><T109/><D109/><U94/><E31/><V134/><F134/><W64/><G19/><T48/><REACH who="0" step="1"/><D99/><REACH who="0" ten="240,250,240,250" step="2"/><U78/><E97/><V77/><F77/><W6/><G96/><T27/><D27/><AGARI ba="0,2" hai="18,23,27,37,43,44,50,51,80,87,90,128,129,130" machi="27" ten="40,2600,0" yaku="1,1,19,1,53,0" doraHai="61" doraHaiUra="32" who="2" fromWho="0" sc="240,-26,250,0,240,46,250,0" /><INIT seed="1,0,0,4,1,39" ten="214,250,286,250" oya="1" hai0="51,53,127,47,85,91,75,115,111,70,42,86,55" hai1="96,23,5,6,68,84,61,54,40,113,80,78,4" hai2="93,20,102,24,19,36,45,22,133,64,59,34,107" hai3="82,62,71,128,77,94,12,124,1,29,74,60,125"/><U16/><E113/><V67/><F133/><W97/><G1/><T48/><D111/><U41/><E96/><V114/><F114/><W57/><G128/><T33/><D127/><N who="3" m="48713" /><G71/><T134/><D134/><U31/><E31/><V52/><F107/><W89/><G29/><T27/><D75/><U73/><E73/><V130/><F130/><W15/><G60/><T119/><D70/><U8/><E8/><V106/><F106/><W101/><G101/><T104/><D104/><U11/><E11/><V26/><F34/><W32/><G32/><T131/><D119/><U98/><E98/><N who="2" m="59727" /><F45/><W121/><G121/><T50/><D131/><U117/><E117/><V132/><F36/><W81/><G81/><T43/><D115/><U88/><E78/><V25/><F132/><W28/><G28/><T44/><D33/><U2/><E2/><V92/><F92/><W66/><AGARI ba="0,0" hai="12,15,57,62,66,74,77,82,89,94,97" m="48713" machi="66" ten="30,1100,0" yaku="18,1" doraHai="39" who="3" fromWho="3" sc="214,-3,250,-5,286,-3,250,11" /><INIT seed="2,0,0,1,3,83" ten="211,245,283,261" oya="2" hai0="134,32,71,47,15,36,19,85,45,92,40,51,25" hai1="112,108,115,98,17,70,117,123,38,95,102,60,44" hai2="82,133,23,73,87,62,84,63,42,28,78,81,118" hai3="76,107,135,52,72,124,114,67,59,48,100,54,94"/><V16/><F118/><W3/><G3/><T56/><D134/><U80/><E117/><V89/><F133/><W91/><G135/><T105/><D105/><U6/><E108/><V37/><F28/><W110/><G110/><T12/><D71/><U11/><E123/><V31/><F31/><W35/><G35/><T24/><D56/><U14/><E38/><V61/><F73/><W126/><G67/><T2/><D2/><U122/><E122/><V43/><F37/><W9/><G9/><T109/><D15/><AGARI ba="0,0" hai="15,16,23,42,43,61,62,63,78,81,82,84,87,89" machi="15" ten="40,12000,1" yaku="8,1,52,2,54,1" doraHai="83" who="2" fromWho="0" sc="211,-120,245,0,283,120,261,0" /><INIT seed="2,1,0,1,5,96" ten="91,245,403,261" oya="2" hai0="20,45,118,71,84,52,130,58,122,73,120,56,54" hai1="133,27,31,110,26,3,114,46,68,43,15,10,21" hai2="105,22,57,86,41,119,13,1,0,32,16,87,72" hai3="93,8,50,81,111,61,95,47,69,77,76,66,79"/><V70/><F70/><W36/><G111/><T88/><D73/><U117/><E68/><V99/><F72/><W60/><G81/><T35/><D35/><U90/><E114/><V29/><F119/><W42/><G60/><T82/><D71/><U112/><E112/><V104/><F41/><W115/><G115/><T94/><D118/><U123/><E117/><V116/><F116/><W17/><G17/><T97/><D130/><U100/><E110/><V83/><F87/><W55/><REACH who="3" step="1"/><G8/><REACH who="3" ten="91,245,403,251" step="2"/><T39/><D122/><U28/><E10/><V128/><F16/><W30/><G30/><T91/><D120/><U14/><E31/><V63/><F83/><W25/><G25/><T126/><D126/><U102/><E27/><V34/><F63/><W40/><G40/><T129/><D129/><U9/><E43/><V109/><F29/><W121/><G121/><T44/><D39/><U53/><E9/><V7/><F109/><W4/><G4/><T65/><D65/><U103/><E123/><V92/><F7/><W132/><G132/><T49/><REACH who="0" step="1"/><D20/><REACH who="0" ten="81,245,403,251" step="2"/><U127/><E21/><V85/><F128/><W80/><G80/><T18/><D18/><U12/><E127/><V33/><F33/><W135/><G135/><T64/><D64/><U78/><E133/><V23/><F34/><W134/><G134/><T98/><D98/><U108/><E108/><V48/><F32/><W67/><G67/><T131/><D131/><U38/><E38/><V59/><F23/><W62/><G62/><AGARI ba="1,2" hai="44,45,49,52,54,56,58,62,82,84,88,91,94,97" machi="62" ten="30,8000,1" yaku="1,1,7,1,8,1,54,2,53,0" doraHai="96" doraHaiUra="125" who="0" fromWho="3" sc="81,103,245,0,403,0,251,-83" /><INIT seed="3,0,0,1,2,131" ten="184,245,403,168" oya="3" hai0="38,46,24,130,120,105,84,124,95,69,127,126,77" hai1="16,5,99,114,4,132,93,12,107,118,15,100,58" hai2="74,86,51,92,2,91,41,129,122,128,87,101,18" hai3="0,55,33,56,119,102,57,98,110,8,73,14,36"/><W68/><G119/><T28/><D130/><N who="2" m="50282" /><F74/><W47/><G68/><T31/><D105/><U81/><E114/><V6/><F122/><W125/><G73/><T20/><D69/><U23/><E118/><V17/><F101/><W60/><G33/><T111/><D111/><U85/><E107/><V26/><F26/><W121/><G121/><T48/><D38/><U22/><E132/><V61/><F61/><W19/><G125/><T43/><D120/><U103/><E103/><V35/><F35/><W65/><G110/><T9/><D9/><U108/><E108/><V37/><F37/><W97/><G0/><T52/><D43/><U44/><E58/><V109/><F109/><W3/><G3/><T90/><REACH who="0" step="1"/><D77/><REACH who="0" ten="174,245,403,168" step="2"/><U53/><E4/><V134/><F6/><W25/><G25/><T7/><D7/><U30/><E5/><V112/><F87/><W27/><G27/><T39/><D39/><U76/><E85/><V59/><F51/><W11/><G11/><T104/><D104/><U34/><E76/><V94/><F91/><W116/><G116/><T75/><D75/><U66/><E100/><V13/><F18/><AGARI ba="0,1" hai="18,20,24,28,31,46,48,52,84,90,95,124,126,127" machi="18" ten="40,12000,2" yaku="1,1,18,1,54,1,53,3" doraHai="131" doraHaiUra="135" who="0" fromWho="2" sc="174,130,245,0,403,-120,168,0" owari="304,40.4,245,-15.5,283,8.3,168,-33.2" /></mjloggm>