<mjloggm ver="2.3"><GO type="225" lobby="0"/><UN n0="%E3%83%B4%E3%83%A0%EF%BC%99%E3%81%A6" n1="%E8%90%BD%E6%97%A5" n2="%E4%B8%8B%E6%AE%B5%E3%83%81%E3%82%A7%E3%83%AA%E3%83%BC" n3="%4E%49%4A%49%49%52%4F" dan="17,18,16,16" rate="2184.18,2187.85,2149.51,2185.30" sx="M,F,M,M"/><TAIKYOKU oya="0"/><INIT seed="0,0,0,3,5,68" ten="250,250,250,250" oya="0" hai0="95,57,123,10,23,1,131,129,75,46,118,108,71" hai1="111,76,94,119,28,92,132,81,7,3,113,79,70" hai2="100,38,12,62,130,26,5,35,33,88,109,42,99" hai3="34,8,86,17,72,110,121,37,40,114,41,89,52"/><T73/><D71/><U112/><E70/><V24/><F130/><N who="0" m="49674" /><D118/><U9/><E119/><V60/><F109/><W96/><G114/><N who="1" m="44138" /><E111/><V63/><F5/><W133/><G72/><T135/><D108/><U47/><E132/><V120/><F12/><W107/><G34/><T31/><D135/><U84/><E76/><V58/><F58/><W30/><G133/><T85/><D123/><U4/><E28/><V124/><F124/><W20/><G121/><T43/><D57/><U15/><E47/><V19/><F120/><W29/><G110/><T27/><D1/><U87/><E87/><V82/><F100/><W102/><G8/><AGARI ba="0,0" hai="3,4,7,8,9,15,79,81,84,92,94" m="44138" machi="8" ten="30,1000,0" yaku="11,1" doraHai="68" who="1" fromWho="3" sc="250,0,250,10,250,0,250,-10" /><INIT seed="1,0,0,1,3,92" ten="250,260,250,240" oya="1" hai0="8,67,134,41,72,120,54,44,125,3,132,1,19" hai1="29,16,118,24,95,135,33,6,39,106,47,40,87" hai2="80,116,133,2,128,85,17,46,101,88,36,123,35" hai3="96,0,21,109,86,68,56,83,130,93,10,78,112"/><U32/><E106/><V4/><F116/><W22/><G112/><T122/><D125/><U107/><E107/><V81/><F123/><N who="0" m="47146" /><D72/><U61/><E118/><V65/><F35/><W99/><G68/><T89/><D67/><U62/><E135/><N who="0" m="51753" /><D54/><U127/><E127/><V30/><F30/><W73/><G109/><T103/><D103/><U42/><E33/><V90/><F101/><W75/><G130/><T126/><D126/><U91/><E6/><V60/><F133/><W31/><G73/><T129/><D89/><U34/><E34/><V105/><F105/><W70/><G70/><T52/><D129/><U14/><REACH who="1" step="1"/><E42/><REACH who="1" ten="250,250,250,240" step="2"/><V119/><F128/><W13/><G75/><T11/><D41/><U77/><E77/><V7/><F7/><W49/><G78/><T115/><D115/><U84/><E84/><V111/><F4/><W18/><G86/><T43/><D43/><U94/><E94/><V121/><F85/><W124/><G93/><T98/><D98/><U104/><E104/><V58/><F119/><W23/><G124/><T76/><D76/><U59/><E59/><V100/><F58/><W79/><G56/><T71/><D71/><U64/><E64/><V20/><F65/><W53/><G99/><T102/><D1/><U74/><E74/><V110/><F2/><W108/><G96/><T5/><D3/><U113/><E113/><V66/><F121/><W12/><G0/><T131/><D5/><U25/><E25/><V50/><F66/><W37/><G79/><T117/><D117/><U27/><E27/><V63/><F110/><W9/><G108/><RYUUKYOKU ba="0,1" sc="250,-10,250,30,250,-10,240,-10" hai1="14,16,24,29,32,39,40,47,61,62,87,91,95" /><INIT seed="1,1,1,2,4,41" ten="240,280,240,230" oya="1" hai0="66,44,110,121,9,81,120,113,20,27,101,129,43" hai1="16,79,17,62,118,85,131,65,28,24,40,114,5" hai2="25,128,64,2,67,115,47,33,82,12,92,51,11" hai3="111,61,93,106,30,34,103,98,72,125,135,78,6"/><U0/><E114/><V42/><F115/><W97/><G111/><T18/><D113/><U14/><E118/><V15/><F128/><W22/><G135/><T73/><D110/><U124/><E131/><V133/><F133/><W37/><G37/><T55/><D129/><U119/><E119/><V39/><F2/><W8/><G34/><T1/><D66/><U87/><E0/><V57/><F82/><W117/><G117/><T126/><D55/><U77/><E5/><V76/><F76/><W54/><G125/><T112/><D101/><U108/><E108/><V104/><F104/><W50/><G61/><T58/><D58/><U38/><E79/><V107/><F107/><W83/><G22/><T127/><D112/><U63/><E63/><V130/><F130/><W105/><G30/><T86/><D73/><U90/><E77/><V91/><F39/><W36/><G36/><N who="0" m="21607" /><D9/><U69/><E124/><N who="0" m="47657" /><D1/><U95/><E87/><V89/><F57/><W122/><G98/><T99/><D99/><U32/><REACH who="1" step="1"/><E14/><REACH who="1" ten="240,270,240,230" step="2"/><V52/><F15/><W46/><G122/><T96/><D96/><U109/><E109/><V45/><F12/><AGARI ba="1,2" hai="6,8,12,46,50,54,72,78,83,93,97,103,105,106" machi="12" ten="30,2000,0" yaku="7,1,52,1" doraHai="41" who="3" fromWho="2" sc="240,0,270,0,240,-23,230,43" /><INIT seed="2,0,0,2,3,48" ten="240,270,217,273" oya="2" hai0="41,42,44,50,87,119,69,2,117,76,134,116,4" hai1="71,16,39,15,125,33,98,12,133,67,64,57,56" hai2="0,104,108,62,79,3,6,109,65,28,118,59,94" hai3="114,27,88,52,95,80,74,23,96,73,89,53,120"/><V111/><F104/><W32/><G120/><T61/><D134/><U103/><E39/><V92/><F118/><W38/><G32/><T25/><D25/><U18/><E33/><V110/><N who="2" m="27648" /><DORA hai="100" /><V30/><F79/><W37/><G37/><T54/><D4/><U126/><E103/><V131/><F131/><W24/><G38/><T5/><D5/><U123/><E98/><V26/><F28/><W135/><G135/><T70/><D2/><N who="2" m="554" /><F6/><W78/><G73/><T22/><D22/><AGARI ba="0,0" hai="22,26,30,59,62,65,92,94" m="554,27648" machi="22" ten="60,5800,0" yaku="14,1,10,1" doraHai="48,100" who="2" fromWho="0" sc="240,-58,270,0,217,58,273,0" /><INIT seed="2,1,0,1,0,91" ten="182,270,275,273" oya="2" hai0="37,125,123,96,9,35,106,7,72,104,109,55,56" hai1="124,4,12,69,57,71,40,81,41,98,18,93,58" hai2="127,116,36,64,73,5,133,51,15,33,0,89,61" hai3="50,83,19,30,6,115,129,26,47,68,29,28,38"/><V130/><F116/><W34/><G38/><T54/><D35/><U22/><E124/><V46/><F33/><W32/><G68/><T14/><D125/><U134/><E134/><V65/><F127/><W2/><G129/><T97/><D109/><U3/><E71/><V49/><F73/><W87/><G115/><T48/><D37/><U70/><E70/><V94/><F133/><W24/><G29/><T8/><D72/><U108/><E69/><V10/><F130/><W110/><G110/><T77/><D77/><U13/><E3/><V11/><F36/><W99/><G99/><T128/><D128/><U52/><E58/><V66/><F61/><W60/><G60/><T63/><D123/><U90/><E108/><V17/><REACH who="2" step="1"/><F46/><REACH who="2" ten="182,270,265,273" step="2"/><W131/><G131/><T74/><D74/><U119/><E119/><V62/><F62/><W21/><G34/><T20/><D106/><U86/><E4/><V78/><F78/><W82/><G32/><T27/><D104/><U84/><E13/><V92/><F92/><W16/><G47/><T105/><D105/><U100/><E86/><AGARI ba="1,1" hai="0,5,10,11,15,17,49,51,64,65,66,86,89,94" machi="86" ten="40,3900,0" yaku="1,1,52,1,53,0" doraHai="91" doraHaiUra="25" who="2" fromWho="1" sc="182,0,270,-42,265,52,273,0" /><INIT seed="2,2,0,3,4,40" ten="182,228,317,273" oya="2" hai0="113,38,39,108,67,128,94,97,123,79,71,114,86" hai1="23,4,98,61,103,72,75,37,90,2,44,45,54" hai2="55,47,62,57,107,96,112,28,24,69,10,68,9" hai3="80,64,8,81,50,27,20,101,31,127,120,14,34"/><V130/><F112/><W116/><G116/><T89/><D123/><U65/><E90/><V0/><F130/><W117/><G117/><T16/><D128/><U51/><E23/><V109/><F109/><W29/><G120/><T78/><D108/><U132/><E132/><V115/><F115/><W52/><G127/><T42/><D113/><U46/><E4/><V87/><F87/><W121/><G121/><T49/><D114/><U133/><E2/><V25/><F25/><W110/><G110/><T41/><D38/><U93/><E133/><V6/><F9/><W18/><G64/><T102/><D39/><U12/><E12/><V56/><F56/><W76/><G101/><T77/><D71/><U66/><E66/><V36/><F96/><W74/><G80/><T1/><D1/><U58/><REACH who="1" step="1"/><E37/><REACH who="1" ten="182,218,317,273" step="2"/><V82/><F82/><W92/><G34/><T33/><D33/><U15/><E15/><V3/><F3/><W17/><REACH who="3" step="1"/><G92/><REACH who="3" ten="182,218,317,263" step="2"/><T13/><D67/><U124/><E124/><V60/><F107/><W7/><G7/><T5/><D5/><U118/><E118/><V119/><F119/><W59/><AGARI ba="2,2" hai="8,14,17,18,20,27,29,31,50,52,59,74,76,81" machi="59" ten="20,5200,0" yaku="1,1,0,1,7,1,54,1,53,0" doraHai="40" doraHaiUra="95" who="3" fromWho="3" sc="182,-15,218,-15,317,-28,263,78" /><INIT seed="3,0,0,1,4,131" ten="167,203,289,341" oya="3" hai0="4,73,8,107,106,3,102,134,122,79,104,0,50" hai1="72,45,37,65,43,28,20,32,74,47,18,57,54" hai2="92,130,112,132,60,36,109,16,39,42,119,91,38" hai3="96,58,1,113,30,12,15,89,111,6,108,23,117"/><W62/><G117/><T21/><D122/><U97/><E32/><V51/><F119/><W61/><G1/><T101/><D0/><U90/><E28/><V44/><F112/><W126/><G126/><T88/><D134/><U52/><E65/><V95/><F130/><W70/><G70/><T78/><D21/><U100/><E47/><V121/><F121/><W77/><G77/><T124/><D124/><U9/><E90/><V11/><F109/><W94/><G61/><T24/><D24/><U75/><E9/><V69/><F132/><W110/><G113/><T59/><D73/><U82/><E82/><V66/><F91/><W33/><G33/><T55/><D79/><U63/><E54/><V128/><F128/><W76/><G76/><T93/><REACH who="0" step="1"/><D78/><REACH who="0" ten="157,203,289,341" step="2"/><U115/><E115/><V14/><AGARI ba="0,1" hai="11,14,16,36,38,39,42,44,51,60,66,69,92,95" machi="14" ten="40,2700,0" yaku="0,1,54,1" doraHai="131" who="2" fromWho="2" sc="157,-7,203,-7,289,37,341,-13" owari="150,-35.0,196,-20.4,326,12.6,328,42.8" /></mjloggm>