<mjloggm ver="2.3"><GO type="225" lobby="0"/><UN n0="%E3%81%AF%E3%82%88%E3%81%8A%E3%81%98%E3%81%95%E3%82%93" n1="%41%6F%54" n2="%72%69%6F%75%63%68%61%6E" n3="%E3%81%A4%E3%81%A3%E3%81%B1%E3%82%8A%E3%83%9D%E3%83%BC%E3%83%AB" dan="17,16,16,17" rate="2167.80,2046.87,2158.97,2218.79" sx="M,M,M,M"/><TAIKYOKU oya="0"/><INIT seed="0,0,0,5,5,75" ten="250,250,250,250" oya="0" hai0="79,96,110,10,121,21,116,53,97,104,52,19,26" hai1="106,47,41,90,78,94,57,98,42,8,88,109,17" hai2="131,30,65,2,82,38,35,123,101,31,40,81,13" hai3="111,122,12,55,25,103,69,56,29,77,23,4,128"/><T15/><D116/><U100/><E109/><V24/><F123/><W91/><G111/><T115/><D115/><U46/><E106/><V87/><F131/><W7/><G69/><T76/><D121/><U36/><E57/><V134/><F134/><W48/><G122/><T125/><D125/><U28/><E28/><V108/><F2/><W18/><G128/><T60/><D110/><U49/><REACH who="1" step="1"/><E78/><REACH who="1" ten="250,240,250,250" step="2"/><N who="0" m="29737" /><D104/><U6/><E6/><V118/><F30/><W72/><G103/><T86/><D86/><U62/><E62/><V51/><F101/><W130/><G130/><T3/><D3/><U73/><E73/><V43/><F87/><W113/><G113/><T93/><D60/><U68/><E68/><V45/><F108/><W61/><G91/><N who="0" m="55359" /><D97/><U34/><E34/><V22/><F35/><W71/><G77/><T117/><D117/><U84/><E84/><V1/><F1/><W16/><G72/><T5/><AGARI ba="0,1" hai="5,10,15,19,21,26,52,53" m="55359,29737" machi="5" ten="30,12000,1" yaku="8,1,52,3,54,1" doraHai="75" who="0" fromWho="0" sc="250,130,240,-40,250,-40,250,-40" /><INIT seed="0,1,0,1,0,59" ten="380,200,210,210" oya="0" hai0="64,115,130,86,66,93,104,74,98,42,69,123,127" hai1="26,134,112,54,108,92,100,50,15,132,83,68,57" hai2="113,45,128,70,71,20,65,27,89,4,5,90,28" hai3="125,87,52,121,34,32,40,55,46,19,51,124,96"/><T105/><D74/><U25/><E68/><V85/><F128/><W61/><G121/><T1/><D1/><U0/><E0/><V12/><F113/><W77/><G96/><T43/><D115/><U119/><E112/><V75/><F75/><W122/><G122/><T73/><D73/><U21/><E119/><V9/><F4/><W109/><G109/><T14/><D123/><U36/><E36/><V41/><F65/><W84/><G19/><T62/><D130/><U53/><E108/><V24/><F24/><W79/><G40/><T117/><D117/><U133/><E83/><V131/><F131/><W95/><G95/><T101/><D127/><N who="3" m="48713" /><G55/><T38/><D64/><U29/><E54/><V11/><F11/><W135/><G135/><T80/><D14/><U67/><E67/><V88/><REACH who="2" step="1"/><F85/><REACH who="2" ten="380,200,200,210" step="2"/><N who="3" m="32843" /><G61/><T60/><D60/><U22/><E134/><V129/><F129/><W94/><G94/><T48/><D93/><U35/><E133/><V126/><F126/><W13/><G13/><T116/><D62/><U31/><E132/><V49/><AGARI ba="1,1" hai="5,9,12,20,27,28,41,45,49,70,71,88,89,90" machi="49" ten="30,7900,0" yaku="1,1,0,1,54,1,53,1" doraHai="59" doraHaiUra="18" who="2" fromWho="2" sc="380,-40,200,-21,200,92,210,-21" /><INIT seed="1,0,0,3,2,106" ten="340,179,292,189" oya="1" hai0="59,133,39,3,121,28,41,23,19,94,75,26,22" hai1="84,46,33,77,45,99,117,102,69,64,114,91,87" hai2="37,18,74,48,58,61,76,98,30,107,92,9,115" hai3="2,66,51,47,110,56,15,0,122,60,34,135,10"/><U52/><E117/><V6/><F37/><W36/><G122/><T20/><D3/><U90/><E114/><V134/><F134/><W49/><G135/><T97/><D133/><U55/><E33/><V16/><F115/><W4/><G110/><T104/><D104/><U80/><E64/><V95/><F107/><W125/><G125/><T29/><D75/><U120/><E69/><V83/><F30/><N who="0" m="11882" /><D39/><U126/><E126/><V27/><F48/><W11/><G34/><T31/><D121/><U12/><E12/><V38/><F38/><W63/><G63/><T25/><D41/><U127/><E120/><V54/><F27/><W43/><REACH who="3" step="1"/><G0/><REACH who="3" ten="340,179,292,179" step="2"/><T131/><D131/><U96/><E127/><V88/><F92/><W50/><G50/><T86/><D94/><N who="1" m="58647" /><E99/><V21/><F21/><W62/><G62/><T89/><D97/><U103/><E103/><V111/><F111/><W72/><G72/><T81/><D20/><U116/><E116/><V101/><F101/><W109/><G109/><T71/><D71/><U78/><E91/><V119/><F119/><W8/><G8/><T118/><D118/><U130/><E130/><V57/><F58/><AGARI ba="0,1" hai="19,22,23,25,26,31,58,59,81,86,89" m="11882" machi="58" ten="30,1000,0" yaku="8,1" doraHai="106" who="0" fromWho="2" sc="340,20,179,0,292,-10,179,0" /><INIT seed="2,0,0,4,0,68" ten="360,179,282,179" oya="2" hai0="16,73,127,123,28,120,40,107,122,65,132,135,119" hai1="88,87,129,96,23,89,115,124,3,38,92,22,130" hai2="31,45,30,70,69,49,50,32,59,37,57,7,9" hai3="34,15,71,114,133,104,110,44,108,112,75,25,20"/><V93/><F93/><W35/><G104/><T106/><D127/><U134/><E115/><N who="3" m="44074" /><G75/><T27/><D73/><U125/><E3/><V6/><F9/><W63/><G44/><T91/><D119/><U18/><E38/><V118/><F45/><W131/><G71/><N who="2" m="27145" /><F32/><N who="3" m="12331" /><G63/><T55/><D65/><U4/><E4/><N who="2" m="1579" /><F118/><W79/><G79/><T78/><D78/><U24/><E134/><N who="0" m="51241" /><D28/><N who="2" m="10794" /><F37/><W39/><G133/><T81/><D40/><U58/><E23/><V95/><F95/><W13/><G39/><T52/><D106/><U105/><E105/><V48/><AGARI ba="0,0" hai="48,49,50,57,59" m="10794,1579,27145" machi="48" ten="40,3900,0" yaku="28,2" doraHai="68" who="2" fromWho="2" sc="360,-13,179,-13,282,39,179,-13" /><INIT seed="2,1,0,4,0,43" ten="347,166,321,166" oya="2" hai0="124,52,49,56,30,97,103,82,114,41,40,5,129" hai1="22,53,68,117,63,99,134,27,11,12,14,38,92" hai2="87,10,13,16,121,26,70,72,98,28,110,67,102" hai3="109,58,42,3,122,7,29,21,9,25,65,54,112"/><V128/><F128/><W86/><G109/><T69/><D69/><U116/><E134/><V104/><F121/><W71/><G122/><T81/><D114/><U2/><E38/><V100/><F110/><W75/><G112/><T126/><D129/><U115/><E115/><V120/><F120/><W74/><G42/><N who="0" m="16491" /><D5/><U1/><E1/><V108/><F108/><W85/><G65/><T19/><D19/><U66/><E2/><V55/><F72/><W111/><G71/><T131/><D30/><U64/><E64/><V23/><F102/><W76/><G111/><T34/><D34/><U46/><E116/><V33/><F55/><W89/><G76/><T135/><D135/><U37/><E37/><V80/><F70/><W48/><REACH who="3" step="1"/><G86/><REACH who="3" ten="347,166,321,156" step="2"/><T24/><D131/><U119/><E119/><V105/><F67/><W113/><G113/><T62/><D126/><U44/><E117/><V36/><F36/><W96/><G96/><T132/><D124/><U78/><E78/><V35/><F104/><W106/><G106/><T60/><D132/><U18/><E53/><V47/><F47/><W91/><G91/><AGARI ba="1,1" hai="10,13,16,23,26,28,33,35,80,87,91,98,100,105" machi="91" ten="30,2900,0" yaku="7,1,54,1" doraHai="43" who="2" fromWho="3" sc="347,0,166,0,321,42,156,-32" /><INIT seed="2,2,0,2,5,17" ten="347,166,363,124" oya="2" hai0="35,59,79,31,9,113,73,128,43,6,108,13,101" hai1="81,36,77,2,110,40,87,104,99,29,103,41,92" hai2="116,88,80,19,102,46,15,106,117,25,75,130,50" hai3="114,48,90,94,45,109,42,67,85,123,27,57,44"/><V83/><F130/><W125/><G109/><T96/><D113/><U105/><E110/><V69/><F69/><W64/><G114/><T131/><D108/><U10/><E29/><V74/><F25/><W8/><G123/><T124/><D124/><U98/><E36/><V89/><F80/><W23/><G125/><T16/><D43/><U68/><E68/><V51/><F51/><W3/><G57/><T84/><D73/><U0/><E105/><V32/><F32/><W30/><G3/><T132/><D132/><U52/><E52/><N who="2" m="29783" /><F102/><W121/><G121/><T4/><D59/><U20/><E20/><V34/><F106/><W70/><G70/><T1/><D84/><U93/><E104/><V97/><F34/><W33/><G33/><T28/><D79/><U26/><E26/><V126/><F126/><W118/><G118/><N who="2" m="45673" /><F89/><W100/><G100/><T55/><D55/><U38/><E38/><V49/><F97/><W135/><G135/><T91/><D91/><U112/><E112/><V11/><F49/><W60/><G60/><T14/><D14/><U54/><E103/><V127/><F127/><W7/><REACH who="3" step="1"/><G45/><REACH who="3" ten="347,166,363,114" step="2"/><T71/><D71/><U119/><E119/><V134/><F134/><W133/><G133/><T63/><D63/><U61/><E61/><V58/><F58/><W39/><G39/><T62/><D62/><U47/><E47/><V24/><F24/><W115/><G115/><T53/><D35/><U122/><E122/><V12/><F12/><W21/><G21/><N who="0" m="11407" /><D96/><U120/><E99/><V72/><F72/><W22/><G22/><T56/><D101/><RYUUKYOKU ba="2,1" sc="347,-15,166,-15,363,15,114,15" hai2="11,15,19,74,75,83,88" hai3="7,8,23,27,30,42,44,48,64,67,85,90,94" /><INIT seed="2,3,1,4,5,32" ten="332,151,378,129" oya="2" hai0="79,76,36,131,123,80,56,30,69,98,67,115,41" hai1="97,33,119,19,59,88,68,124,113,81,16,50,100" hai2="34,52,128,64,78,117,116,71,61,126,106,99,129" hai3="58,102,118,105,15,91,92,130,121,11,87,104,9"/><V4/><F126/><W8/><G118/><T83/><D115/><U31/><E113/><V10/><F34/><W85/><G121/><T57/><D123/><U66/><E119/><N who="2" m="45643" /><F78/><W107/><G130/><N who="2" m="50281" /><F52/><W3/><G102/><T82/><D131/><U60/><E124/><V7/><F10/><W65/><G15/><T103/><D69/><U120/><E59/><V48/><F48/><W95/><G3/><T29/><D36/><U45/><E120/><V84/><F84/><W37/><G37/><T75/><D41/><U134/><E134/><V27/><F27/><W2/><G2/><T51/><D51/><U96/><E50/><V42/><F42/><W23/><G23/><T90/><D75/><U70/><E70/><V132/><F132/><W133/><G133/><T46/><D46/><U111/><E45/><V47/><F47/><W12/><G12/><T94/><D76/><U5/><E33/><V43/><F43/><W26/><G26/><T13/><D79/><U122/><E68/><V39/><F39/><W62/><REACH who="3" step="1"/><G87/><REACH who="3" ten="332,151,378,119" step="2"/><N who="0" m="50535" /><D13/><U112/><E112/><V25/><F25/><W54/><G54/><T127/><D127/><U89/><E122/><V20/><F20/><W109/><G109/><T72/><D72/><U6/><E111/><V86/><F86/><W77/><G77/><T14/><D14/><U0/><E0/><V22/><F22/><W28/><G28/><T93/><D29/><U49/><E31/><V44/><F44/><W53/><G53/><T17/><D30/><U110/><E110/><V63/><F63/><W101/><G101/><AGARI ba="3,2" hai="4,7,61,64,71,99,101,106" m="50281,45643" machi="101" ten="30,1500,0" yaku="19,1" doraHai="32" who="2" fromWho="3" sc="332,0,151,0,378,44,119,-24" /><INIT seed="2,4,0,4,4,105" ten="332,151,422,95" oya="2" hai0="22,0,90,72,51,68,110,85,92,14,113,21,11" hai1="107,10,57,97,12,64,59,83,62,24,100,106,65" hai2="36,4,103,95,115,35,53,5,126,74,98,77,135" hai3="28,38,125,119,23,46,81,8,39,63,96,70,16"/><V43/><F115/><W88/><G119/><T66/><D113/><U20/><E83/><V47/><F126/><W78/><G125/><T109/><D0/><U9/><E107/><V128/><F128/><W112/><G112/><T133/><D133/><U32/><E32/><V108/><F135/><W45/><G28/><T58/><D68/><U101/><E101/><V73/><F35/><W76/><G39/><T55/><D66/><U33/><E33/><V123/><F123/><W91/><G38/><T111/><REACH who="0" step="1"/><D72/><REACH who="0" ten="322,151,422,95" step="2"/><U40/><E65/><V61/><F108/><W31/><G70/><T17/><AGARI ba="4,1" hai="11,14,17,21,22,51,55,58,85,90,92,109,110,111" machi="17" ten="30,8000,1" yaku="1,1,2,1,0,1,14,1,53,1" doraHai="105" doraHaiUra="87" who="0" fromWho="0" sc="322,102,151,-24,422,-44,95,-24" /><INIT seed="3,0,0,4,0,15" ten="424,127,378,71" oya="3" hai0="20,23,79,99,94,59,42,4,119,76,112,111,2" hai1="91,26,100,30,10,55,69,108,122,21,134,114,24" hai2="129,67,115,22,31,84,133,74,126,103,32,60,125" hai3="65,78,34,17,35,83,95,82,86,80,27,46,14"/><W52/><G65/><T127/><D2/><U85/><E69/><V93/><F115/><W36/><G36/><T135/><D119/><U47/><E114/><V131/><F74/><W116/><G116/><T12/><D112/><U53/><E122/><V72/><F72/><W9/><G27/><T18/><D111/><U107/><E108/><V66/><F32/><W87/><G35/><T117/><D117/><U0/><E134/><V33/><F33/><W6/><G34/><T37/><D37/><U19/><E100/><V39/><F39/><W77/><G83/><T104/><D104/><U130/><E107/><V73/><F73/><W51/><G95/><T120/><D120/><U71/><E71/><V44/><F44/><W98/><G98/><T102/><D127/><N who="2" m="48650" /><F103/><W16/><AGARI ba="0,0" hai="6,9,14,16,17,46,51,52,77,78,80,82,86,87" machi="16" ten="30,18000,2" yaku="0,1,9,1,8,1,52,2,54,2" doraHai="15" who="3" fromWho="3" sc="424,-60,127,-60,378,-60,71,180" /><INIT seed="3,1,0,0,2,130" ten="364,67,318,251" oya="3" hai0="77,62,20,45,30,71,40,115,97,61,69,119,116" hai1="102,2,31,118,79,67,131,44,85,75,56,43,50" hai2="128,66,73,7,6,12,96,15,64,26,123,17,54" hai3="11,25,38,18,94,55,52,80,83,103,9,48,86"/><W27/><G38/><T101/><D77/><U21/><E131/><V104/><F128/><W81/><G55/><T19/><D30/><U90/><E118/><V108/><F108/><W0/><G0/><T34/><D34/><U57/><E2/><V60/><F123/><W127/><G127/><T37/><D115/><U110/><E110/><V24/><F73/><W106/><G106/><T33/><D33/><U87/><E75/><V16/><F104/><W74/><G74/><T46/><D46/><U65/><E102/><V68/><F96/><N who="3" m="59799" /><G86/><T1/><D1/><U5/><E5/><N who="2" m="1547" /><F68/><W84/><G84/><T76/><D76/><U78/><E90/><V10/><F54/><W98/><G98/><T129/><D129/><U125/><E125/><V29/><F29/><W47/><G18/><N who="2" m="7273" /><F60/><W114/><G114/><T63/><D71/><U49/><E31/><V105/><F105/><W126/><G126/><T95/><REACH who="0" step="1"/><D69/><REACH who="0" ten="354,67,318,251" step="2"/><U14/><E44/><V8/><F8/><AGARI ba="1,1" hai="8,9,11,25,27,47,48,52,80,81,83" m="59799" machi="8" ten="30,2900,0" yaku="8,1,54,1" doraHai="130" who="3" fromWho="2" sc="354,0,67,0,318,-32,251,42" /><INIT seed="3,2,0,5,2,14" ten="354,67,286,293" oya="3" hai0="33,109,96,18,15,49,92,99,97,114,24,21,133" hai1="101,64,87,1,78,134,39,7,121,95,128,126,120" hai2="90,75,12,127,55,123,88,77,43,8,20,36,113" hai3="54,76,31,112,3,4,105,45,5,28,23,62,102"/><W66/><G112/><T111/><D114/><U60/><E39/><V13/><F113/><W119/><G119/><T98/><D133/><U104/><E1/><V107/><F107/><W22/><G105/><T81/><D81/><U46/><E7/><N who="3" m="2634" /><G3/><T117/><D117/><U56/><E46/><V51/><F127/><W27/><G102/><T118/><D118/><U84/><E126/><V116/><F116/><W41/><G76/><T35/><D49/><U44/><E134/><V129/><F129/><W58/><G41/><T132/><D132/><U53/><E104/><V85/><F123/><W131/><G131/><T67/><D67/><U52/><E128/><V25/><F36/><W61/><G45/><T86/><D86/><U47/><E121/><V93/><F43/><W57/><G23/><T11/><D33/><U103/><E120/><V59/><F8/><W94/><G94/><T0/><D35/><U50/><E78/><V40/><F40/><W16/><AGARI ba="2,0" hai="16,22,27,28,31,54,57,58,61,62,66" m="2634" machi="16" ten="30,6000,0" yaku="8,1,52,1,54,1" doraHai="14" who="3" fromWho="3" sc="354,-22,67,-22,286,-22,293,66" owari="332,13.2,45,-45.5,264,-13.6,359,45.9" /></mjloggm>