<mjloggm ver="2.3"><GO type="225" lobby="0"/><UN n0="%E3%81%A9%E3%82%8F%E3%82%93%E3%81%94" n1="%E3%81%99%E3%81%84%E3%81%BE%E3%81%9B%E3%83%BC%E3%82%93" n2="%E5%A4%96%E5%B7%9D%E7%AB%9C%E6%88%90" n3="%6D%75%75%6D%75%72%61" dan="16,16,16,16" rate="2130.31,2060.41,2227.02,2139.20" sx="M,M,M,F"/><TAIKYOKU oya="0"/><INIT seed="0,0,0,4,2,25" ten="250,250,250,250" oya="0" hai0="75,17,130,125,43,5,129,4,20,19,37,57,116" hai1="22,9,21,14,96,13,31,123,40,60,36,134,120" hai2="52,132,85,83,109,86,79,42,118,117,81,87,32" hai3="98,74,114,45,38,105,44,47,10,2,131,89,49"/><T16/><D116/><N who="2" m="44650" /><F32/><W11/><G114/><T122/><D75/><U59/><E134/><V62/><F42/><W56/><G74/><T101/><D122/><U72/><E72/><N who="2" m="43239" /><F132/><W24/><G131/><N who="0" m="50187" /><D101/><U80/><E80/><V51/><F62/><W100/><G38/><T12/><D57/><U30/><E40/><V6/><F6/><N who="0" m="2666" /><D125/><U95/><E36/><V58/><F109/><W8/><G2/><T3/><D3/><U29/><E123/><V66/><F66/><W115/><G115/><T50/><D37/><U23/><E9/><V92/><F92/><W119/><G119/><T82/><D82/><AGARI ba="0,0" hai="51,52,58,82,83,85,86,87" m="43239,44650" machi="82" ten="30,2000,0" yaku="12,1,54,1" doraHai="25" who="2" fromWho="0" sc="250,-20,250,0,250,20,250,0" /><INIT seed="1,0,0,4,4,115" ten="230,250,270,250" oya="1" hai0="51,5,88,68,11,40,114,20,119,101,105,127,66" hai1="107,7,104,6,21,82,38,97,90,23,0,134,22" hai2="17,112,14,63,109,87,24,31,37,73,71,62,135" hai3="84,86,55,111,4,54,42,61,29,15,39,106,116"/><U75/><E134/><V3/><F73/><W81/><G106/><T52/><D114/><U43/><E90/><V13/><F3/><W85/><G111/><T72/><D72/><U98/><E98/><V122/><F37/><W133/><G133/><T36/><D127/><U93/><E93/><V53/><F135/><W121/><G121/><T16/><D101/><U108/><E108/><V131/><F122/><W110/><G110/><T130/><D105/><U58/><E58/><V34/><F109/><W33/><G33/><T69/><D119/><U32/><E32/><V102/><F102/><W100/><G100/><T128/><D40/><U67/><E67/><V126/><F13/><W50/><G39/><T27/><D36/><U77/><E97/><V26/><F26/><W9/><G29/><T35/><D88/><U8/><REACH who="1" step="1"/><E7/><REACH who="1" ten="230,240,270,250" step="2"/><V89/><F34/><W28/><G4/><T117/><D35/><U56/><E56/><V45/><F89/><W18/><G81/><T64/><D64/><U1/><E1/><V92/><F92/><W103/><G103/><T25/><D66/><U59/><E59/><V120/><F112/><W95/><G95/><T80/><D69/><U30/><E30/><V132/><F31/><W83/><G28/><T76/><D68/><U129/><E129/><V96/><F131/><W10/><G83/><T19/><D130/><U113/><E113/><V44/><F132/><W49/><G61/><T125/><D128/><U94/><E94/><V2/><F63/><W124/><G18/><T118/><D5/><U47/><AGARI ba="0,1" hai="0,6,8,21,22,23,38,43,47,75,77,82,104,107" machi="47" ten="30,11700,0" yaku="1,1,0,1,25,2,53,0" doraHai="115" doraHaiUra="60" who="1" fromWho="1" sc="230,-39,240,127,270,-39,250,-39" /><INIT seed="1,1,0,5,5,135" ten="191,367,231,211" oya="1" hai0="115,73,108,130,61,110,17,36,64,9,103,29,77" hai1="71,19,94,32,8,133,0,82,85,125,104,45,132" hai2="27,124,107,122,15,76,14,65,86,16,129,88,98" hai3="116,38,49,7,119,75,33,80,47,53,128,20,87"/><U131/><E104/><V79/><F122/><W69/><G33/><T84/><D115/><U96/><E71/><V35/><F129/><W97/><G128/><T21/><D130/><U113/><E113/><V81/><F65/><W63/><G75/><T117/><D117/><N who="3" m="45129" /><G38/><T114/><D114/><U5/><E131/><V28/><F14/><W39/><G39/><T126/><D36/><U23/><E32/><V123/><F123/><W72/><G72/><T44/><D73/><U41/><E125/><V118/><F118/><W1/><G97/><T18/><D103/><U50/><E94/><V12/><F12/><W112/><G112/><T62/><D44/><U83/><E96/><V111/><F111/><N who="0" m="42538" /><D9/><U10/><E10/><V55/><F55/><W93/><G93/><T46/><D46/><U95/><E95/><V100/><REACH who="2" step="1"/><F124/><REACH who="2" ten="191,367,221,211" step="2"/><W26/><G1/><T59/><D126/><U51/><E0/><V58/><F58/><W57/><G69/><T24/><D62/><U2/><E2/><V11/><AGARI ba="1,1" hai="11,15,16,27,28,35,76,79,81,86,88,98,100,107" machi="11" ten="20,8000,1" yaku="1,1,0,1,7,1,54,2,53,0" doraHai="135" doraHaiUra="121" who="2" fromWho="2" sc="191,-21,367,-41,221,93,211,-21" /><INIT seed="2,0,0,3,1,4" ten="170,326,314,190" oya="2" hai0="1,122,82,21,108,130,114,32,20,24,50,125,62" hai1="100,112,90,89,6,35,80,126,60,86,42,45,98" hai2="84,15,87,55,135,36,49,75,12,124,23,113,53" hai3="102,115,66,131,29,117,7,120,79,88,48,85,70"/><V44/><F113/><W134/><G117/><T71/><D122/><U11/><E112/><V58/><F75/><W27/><G120/><T40/><D114/><U22/><E35/><V104/><F104/><W2/><G115/><T19/><D108/><U43/><E126/><V18/><F135/><W118/><G134/><T121/><D125/><U119/><E119/><V37/><F124/><W14/><G118/><T39/><D39/><U56/><E22/><V10/><F37/><W57/><G2/><T38/><D38/><U13/><E90/><V67/><F67/><W81/><G131/><T46/><D130/><U33/><E45/><V68/><F68/><W105/><G70/><T25/><D32/><U111/><E33/><V92/><F92/><W132/><G132/><T30/><D121/><U76/><E76/><V28/><F28/><W109/><G109/><T116/><D116/><U5/><E5/><N who="2" m="3151" /><F36/><W107/><G79/><T73/><D1/><U97/><E111/><V41/><F41/><N who="1" m="15369" /><E100/><V101/><F101/><W129/><G129/><T52/><D71/><U93/><E93/><V103/><F103/><W51/><G107/><T8/><D73/><U63/><E63/><AGARI ba="0,0" hai="15,18,23,44,49,53,55,58,63,84,87" m="3151" machi="63" ten="30,2900,0" yaku="8,1,52,1" doraHai="4" who="2" fromWho="1" sc="170,0,326,-29,314,29,190,0" /><INIT seed="2,1,0,1,4,74" ten="170,297,343,190" oya="2" hai0="115,59,76,124,15,110,45,92,94,5,116,91,133" hai1="98,101,32,44,1,121,14,131,26,78,62,7,33" hai2="30,107,37,46,38,135,106,129,34,103,132,70,67" hai3="50,31,119,51,88,114,40,79,77,49,53,100,6"/><V18/><F129/><W55/><G119/><T2/><D115/><U90/><E131/><V102/><F18/><W48/><G114/><T89/><D116/><U86/><E1/><V95/><F30/><W16/><G100/><N who="2" m="38441" /><F95/><W73/><G73/><T60/><D2/><U82/><E121/><V19/><F19/><W125/><G31/><T113/><D113/><U56/><E26/><V17/><F17/><W41/><G6/><T96/><D110/><U0/><E0/><V54/><F34/><W126/><G55/><T58/><D133/><N who="2" m="51274" /><F67/><W10/><G88/><T118/><D92/><U9/><E90/><V35/><F70/><W104/><G104/><N who="2" m="39977" /><F35/><W72/><G72/><T3/><D94/><U97/><E101/><V52/><F46/><W28/><G28/><T130/><D45/><U83/><E44/><V20/><F20/><W84/><G84/><T109/><D130/><U127/><E33/><V122/><F122/><W85/><G85/><T39/><D91/><U27/><E32/><V69/><F69/><W42/><N who="3" m="12288" /><DORA hai="120" /><W63/><G63/><T64/><D89/><U65/><E86/><V105/><F105/><W43/><N who="3" m="10240" /><DORA hai="61" /><W66/><G66/><T24/><D60/><U13/><E62/><V68/><F68/><W108/><G108/><T117/><D64/><U12/><E65/><V75/><F75/><W80/><G53/><AGARI ba="1,0" hai="37,38,52,53,54" m="39977,51274,38441" machi="53" ten="40,12000,1" yaku="28,2,20,1,54,1" doraHai="74,120,61" who="2" fromWho="3" sc="170,0,297,0,343,123,190,-123" /><INIT seed="2,2,0,3,2,16" ten="170,297,466,67" oya="2" hai0="71,68,18,112,33,56,116,63,8,122,57,24,89" hai1="43,130,134,32,10,96,91,105,17,48,21,23,51" hai2="19,77,5,92,118,73,25,37,128,9,3,84,111" hai3="131,11,129,75,117,72,95,12,64,74,133,78,107"/><V14/><F118/><W124/><G107/><T70/><D122/><U65/><E32/><V99/><F37/><W114/><G117/><T42/><D116/><U67/><E130/><N who="3" m="49674" /><G124/><T34/><D112/><U86/><E134/><V41/><F41/><W60/><G133/><T20/><D42/><U13/><E96/><V104/><F128/><W119/><G119/><T125/><D125/><U52/><E105/><V82/><F111/><W88/><G114/><T81/><D57/><N who="1" m="32903" /><E51/><V50/><F50/><W101/><G101/><T35/><D8/><U46/><E46/><V30/><F104/><W7/><G78/><T108/><D108/><U85/><E43/><V106/><F106/><W15/><G15/><T100/><D100/><U90/><E91/><V6/><F3/><W66/><G60/><T39/><D39/><U47/><E47/><V28/><F73/><N who="3" m="18691" /><W29/><DORA hai="109" /><G29/><N who="2" m="11369" /><F25/><W4/><G4/><T93/><D35/><U40/><E40/><V94/><F5/><W58/><G58/><T121/><D121/><U22/><E86/><AGARI ba="2,0" hai="7,11,12,64,66,86,88,95" m="18691,49674" machi="86" ten="40,2600,0" yaku="19,1,54,1" doraHai="16,109" who="3" fromWho="1" sc="170,0,297,-32,466,0,67,32" /><INIT seed="3,0,0,3,1,102" ten="170,265,466,99" oya="3" hai0="62,22,99,56,17,45,133,21,127,15,124,54,125" hai1="95,85,40,105,132,50,90,87,32,47,131,92,115" hai2="130,83,103,100,110,2,104,72,46,24,19,5,14" hai3="126,108,1,36,3,122,37,117,39,57,18,60,10"/><W34/><G117/><T96/><D133/><U109/><E115/><V6/><F2/><W84/><G122/><T97/><D45/><U35/><E105/><V16/><F104/><W33/><G126/><T8/><AGARI ba="0,0" hai="8,15,17,21,22,54,56,62,96,97,99,124,125,127" machi="8" ten="40,2700,0" yaku="0,1,18,1" doraHai="102" who="0" fromWho="0" sc="170,27,265,-7,466,-7,99,-13" owari="197,-20.3,258,5.8,459,55.9,86,-41.4" /></mjloggm>