<mjloggm ver="2.3"><GO type="225" lobby="0"/><UN n0="%45%6C%79%73%69%75%6D" n1="%E4%BF%BA%E3%81%A8%E5%A6%96%E5%A4%A2" n2="%E5%A4%8F%E9%88%B4%E9%88%B4%E5%A4%8F" n3="%E3%82%B7%E3%83%B3%E5%A4%AA%E6%9C%97" dan="17,17,16,16" rate="2121.90,2231.14,2137.26,2171.40" sx="F,F,M,M"/><TAIKYOKU oya="0"/><INIT seed="0,0,0,3,5,38" ten="250,250,250,250" oya="0" hai0="88,22,51,12,46,42,39,11,104,59,85,70,8" hai1="75,40,115,41,77,98,87,79,32,47,13,73,86" hai2="31,58,3,60,118,21,106,52,25,61,49,78,43" hai3="10,116,14,114,93,82,27,68,24,36,135,123,54"/><T18/><D70/><U28/><E115/><V124/><F106/><W1/><G114/><T94/><D104/><U130/><E130/><V64/><F3/><W126/><G1/><T9/><REACH who="0" step="1"/><D59/><REACH who="0" ten="240,250,250,250" step="2"/><U91/><E75/><V35/><F118/><W37/><G68/><T110/><D110/><U90/><E73/><V53/><F124/><W89/><G116/><T71/><D71/><U20/><E98/><V107/><F107/><W131/><G126/><T29/><D29/><U0/><E28/><V72/><F72/><W128/><G131/><T74/><D74/><U102/><E86/><V56/><F35/><W16/><G128/><T65/><D65/><U133/><E32/><V101/><F101/><W117/><G117/><T113/><D113/><U119/><E102/><V129/><F129/><W132/><G135/><T62/><D62/><U7/><E133/><V17/><F31/><W57/><G132/><T69/><D69/><U122/><E119/><V4/><F64/><W134/><G134/><T48/><AGARI ba="0,1" hai="8,9,11,12,18,22,39,42,46,48,51,85,88,94" machi="48" ten="30,11700,0" yaku="1,1,0,1,52,1,54,1,53,0" doraHai="38" doraHaiUra="99" who="0" fromWho="0" sc="240,127,250,-39,250,-39,250,-39" /><INIT seed="0,1,0,3,3,134" ten="367,211,211,211" oya="0" hai0="101,60,7,120,17,81,3,103,83,131,72,46,123" hai1="107,122,22,35,104,55,12,51,40,49,29,135,97" hai2="133,50,121,63,67,30,66,80,58,53,36,109,92" hai3="95,28,11,56,68,69,124,106,91,98,34,110,105"/><T44/><D17/><U132/><E122/><V86/><F121/><W85/><G110/><T48/><D60/><U47/><E35/><V41/><F109/><W13/><G124/><T108/><D48/><U23/><E12/><V61/><F133/><N who="1" m="51273" /><E97/><V125/><F125/><W114/><G114/><T88/><D108/><U0/><E0/><V76/><F36/><W6/><G56/><T84/><D3/><U33/><E33/><V32/><F32/><W102/><REACH who="3" step="1"/><G106/><REACH who="3" ten="367,211,211,201" step="2"/><N who="1" m="40490" /><E29/><V18/><F30/><W99/><G99/><T77/><D123/><U2/><E2/><V15/><F58/><AGARI ba="1,1" hai="22,23,40,47,49,51,55,58" m="40490,51273" machi="58" ten="30,1000,0" yaku="20,1" doraHai="134" who="1" fromWho="2" sc="367,0,211,23,211,-13,201,0" /><INIT seed="1,0,0,0,0,120" ten="367,234,198,201" oya="1" hai0="44,101,61,72,3,7,88,123,30,98,86,122,119" hai1="10,23,74,19,65,130,2,63,24,12,5,106,104" hai2="112,54,4,116,47,103,28,37,26,14,0,114,21" hai3="13,132,69,109,70,9,45,64,90,52,97,33,29"/><U60/><E74/><V117/><F103/><W95/><G132/><T67/><D72/><U134/><E134/><V56/><F47/><W96/><G64/><T115/><D119/><N who="2" m="45642" /><F56/><W15/><G15/><T131/><D115/><N who="2" m="44074" /><F54/><W27/><G97/><T16/><D44/><U55/><E130/><V6/><F37/><W127/><G127/><T62/><D131/><U57/><E2/><V34/><F0/><W25/><G25/><T118/><D3/><U31/><E31/><V91/><F91/><W85/><G96/><T66/><D30/><U107/><E107/><V80/><F80/><W135/><G135/><T17/><D98/><U58/><AGARI ba="0,0" hai="5,10,12,19,23,24,55,57,58,60,63,65,104,106" machi="58" ten="20,2100,0" yaku="0,1,7,1" doraHai="120" who="1" fromWho="1" sc="367,-7,234,21,198,-7,201,-7" /><INIT seed="1,1,0,3,3,18" ten="360,255,191,194" oya="1" hai0="24,108,8,17,3,94,99,44,75,33,127,118,61" hai1="117,32,128,22,58,109,84,10,78,132,16,50,39" hai2="67,71,68,101,36,131,40,35,124,81,2,112,123" hai3="86,80,13,0,46,27,92,70,9,89,79,134,25"/><U55/><E117/><V47/><F35/><W121/><G134/><T107/><D118/><U11/><E32/><V7/><F123/><W73/><G121/><T100/><D108/><U91/><E132/><V76/><F124/><W28/><G70/><N who="2" m="26665" /><F101/><W74/><G0/><T114/><D114/><U60/><E109/><V111/><F67/><W104/><G104/><T116/><D75/><U72/><E128/><V41/><F41/><W135/><G135/><T133/><D133/><U31/><E31/><V126/><F111/><W106/><G106/><T62/><D116/><U1/><E39/><V56/><F56/><W38/><G73/><T5/><D127/><U15/><E1/><V115/><F126/><W119/><G119/><T20/><D44/><N who="1" m="28103" /><E78/><V98/><F98/><W69/><G69/><T83/><D83/><N who="1" m="49567" /><E72/><N who="2" m="43143" /><F131/><W21/><G27/><T110/><D110/><U12/><E12/><V43/><F40/><W66/><G66/><AGARI ba="1,0" hai="10,11,15,16,22,58,60,66" m="49567,28103" machi="66" ten="30,5800,0" yaku="8,1,52,1,54,1" doraHai="18" who="1" fromWho="3" sc="360,0,255,61,191,0,194,-61" /><INIT seed="1,2,0,1,0,117" ten="360,316,191,133" oya="1" hai0="33,87,29,106,21,72,128,105,134,74,40,24,43" hai1="118,42,31,110,132,113,36,8,135,67,64,76,18" hai2="14,103,23,26,16,70,125,108,101,1,90,5,83" hai3="56,9,122,38,54,34,85,94,133,98,99,95,7"/><U86/><E118/><V131/><F70/><W63/><G133/><N who="1" m="51274" /><E31/><V35/><F108/><W11/><G38/><T82/><D134/><U91/><E76/><V69/><F69/><W0/><G34/><T6/><D128/><U97/><E97/><V93/><F131/><W19/><G122/><T4/><D72/><U130/><E113/><V61/><F125/><W92/><REACH who="3" step="1"/><G85/><REACH who="3" ten="360,316,191,123" step="2"/><T114/><D74/><U55/><E130/><V20/><F35/><W62/><G62/><T57/><D33/><U112/><E112/><V15/><F61/><W109/><G109/><T58/><D114/><U115/><E115/><V45/><F83/><W121/><G121/><T119/><D87/><U2/><E110/><V77/><F77/><W102/><G102/><T84/><D82/><U104/><E86/><V75/><F75/><W13/><AGARI ba="2,1" hai="0,7,9,11,13,19,54,56,63,92,94,95,98,99" machi="13" ten="30,2000,0" yaku="1,1,0,1,53,0" doraHai="117" doraHaiUra="111" who="3" fromWho="3" sc="360,-7,316,-12,191,-7,123,36" /><INIT seed="2,0,0,5,3,59" ten="353,304,184,159" oya="2" hai0="127,27,40,41,106,119,132,7,71,95,23,134,77" hai1="19,56,0,102,99,110,3,39,100,125,55,13,49" hai2="70,21,54,130,48,79,53,89,60,72,92,105,31" hai3="12,46,107,128,131,18,63,81,123,25,57,78,93"/><V88/><F105/><W135/><G107/><T38/><D106/><U1/><E39/><V24/><F130/><W111/><G123/><T67/><D7/><U80/><E110/><V28/><F72/><W8/><G111/><T61/><D127/><U87/><E125/><V96/><F79/><W114/><G135/><N who="0" m="51755" /><D119/><U5/><E5/><V98/><F31/><W45/><G93/><T35/><D35/><U108/><E99/><V42/><F70/><W11/><G114/><T43/><D95/><U74/><E74/><V69/><F69/><W109/><G25/><T4/><D4/><U65/><E65/><V9/><F9/><W115/><G8/><T118/><D77/><U122/><E122/><V103/><F98/><W30/><G30/><N who="0" m="17791" /><D118/><U85/><E85/><V50/><F42/><W15/><G15/><T32/><D32/><U90/><E108/><V76/><F76/><W75/><G115/><T58/><D71/><U26/><E26/><V117/><F117/><W129/><REACH who="3" step="1"/><G109/><REACH who="3" ten="353,304,184,149" step="2"/><T66/><D38/><U51/><E0/><V120/><F120/><W84/><G84/><T36/><D36/><U112/><E112/><V91/><F53/><AGARI ba="0,1" hai="11,12,18,45,46,53,57,63,75,78,81,128,129,131" machi="53" ten="40,8000,1" yaku="1,1,19,1,52,1,53,1" doraHai="59" doraHaiUra="73" who="3" fromWho="2" sc="353,0,304,0,184,-80,149,90" /><AGARI ba="0,0" hai="40,41,43,53,58,61,66,67" m="17791,51755" machi="53" ten="30,2000,0" yaku="20,1,52,1" doraHai="59" who="0" fromWho="2" sc="353,20,304,0,104,-20,239,0" /><INIT seed="3,0,0,1,0,123" ten="373,304,84,239" oya="3" hai0="103,53,115,78,16,2,19,46,50,20,117,10,101" hai1="121,98,135,41,8,1,108,97,106,4,32,6,74" hai2="128,59,25,34,30,76,5,104,61,96,45,119,60" hai3="99,29,14,80,57,91,134,105,7,48,39,24,44"/><W72/><G134/><T64/><D117/><U31/><E121/><V22/><F22/><BYE who="2" /><W124/><G124/><T26/><D115/><U92/><E135/><V63/><F63/><W100/><G39/><T9/><D64/><U120/><E120/><V71/><F71/><W40/><G57/><T52/><D78/><U82/><E98/><V51/><F51/><W36/><G7/><T70/><D70/><U21/><E4/><V58/><F58/><W114/><G114/><T62/><D2/><U112/><E112/><V113/><F113/><W131/><G131/><T66/><D66/><U130/><E130/><V49/><F49/><W23/><G14/><N who="0" m="7255" /><D9/><U95/><E95/><V122/><F122/><W33/><G36/><T116/><D116/><U94/><E94/><V55/><F55/><N who="0" m="21066" /><D62/><U37/><E21/><V42/><F42/><AGARI ba="0,0" hai="19,20,26,42,46,50,101,103" m="21066,7255" machi="42" ten="30,3900,0" yaku="8,1,54,2" doraHai="123" who="0" fromWho="2" sc="373,39,304,0,84,-39,239,0" owari="412,51.2,304,10.4,45,-45.5,239,-16.1" /></mjloggm>