<mjloggm ver="2.3"><GO type="225" lobby="0"/><UN n0="%45%6C%79%73%69%75%6D" n1="%E6%A0%B9%E5%85%83%E3%81%8B%E3%82%89%E5%90%B9%E3%81%A3%E9%A3%9B%E3%81%B6" n2="%72%69%6F%75%63%68%61%6E" n3="%E7%99%BD%E6%97%A5%E9%9B%AA%E8%8F%9C" dan="17,17,17,16" rate="2121.19,2157.81,2230.06,2195.82" sx="F,F,M,M"/><TAIKYOKU oya="0"/><INIT seed="0,0,0,1,4,45" ten="250,250,250,250" oya="0" hai0="121,117,94,88,72,134,31,63,96,102,70,133,20" hai1="111,103,69,54,58,25,52,120,38,3,53,12,59" hai2="39,14,115,101,19,113,24,2,0,49,131,109,13" hai3="61,9,27,106,91,90,71,41,16,130,93,37,105"/><T114/><D117/><U124/><E3/><N who="2" m="1067" /><F101/><W116/><G116/><T127/><D121/><U30/><E120/><V122/><F39/><W46/><G130/><T21/><D114/><N who="2" m="43530" /><F49/><W77/><G77/><T34/><D127/><U66/><E111/><V44/><F44/><W89/><G93/><T78/><D34/><U35/><E38/><V125/><F122/><W95/><G95/><T132/><D31/><U97/><E12/><N who="2" m="4715" /><F109/><W1/><G1/><T98/><D72/><U79/><E79/><V5/><F131/><W23/><REACH who="3" step="1"/><G9/><REACH who="3" ten="250,250,250,240" step="2"/><T92/><REACH who="0" step="1"/><D78/><REACH who="0" ten="240,250,250,240" step="2"/><U74/><E124/><V75/><F125/><W107/><G107/><T104/><D104/><N who="1" m="63599" /><E74/><V73/><F75/><W4/><G4/><T84/><D84/><U135/><E135/><V10/><F73/><W56/><G56/><T50/><D50/><N who="1" m="30999" /><E59/><V86/><F86/><W51/><G51/><T33/><D33/><U8/><E8/><V99/><F10/><W22/><G22/><T67/><AGARI ba="0,2" hai="20,21,63,67,70,88,92,94,96,98,102,132,133,134" machi="67" ten="40,12000,1" yaku="1,1,0,1,20,1,54,1,53,0" doraHai="45" doraHaiUra="36" who="0" fromWho="0" sc="240,140,250,-40,250,-40,240,-40" /><INIT seed="0,1,0,4,0,74" ten="380,210,210,200" oya="0" hai0="7,130,123,72,64,25,91,56,41,106,31,87,65" hai1="10,75,82,15,103,114,59,53,113,84,98,110,109" hai2="54,66,111,24,68,102,117,132,29,30,93,21,14" hai3="60,116,105,36,46,23,127,26,73,83,135,104,40"/><T81/><D123/><U99/><E75/><V19/><F111/><N who="1" m="42505" /><E15/><V47/><F132/><W6/><G116/><T35/><D106/><N who="1" m="63863" /><E10/><V42/><F117/><W121/><G135/><T44/><D72/><U89/><E53/><V118/><F118/><W115/><G115/><N who="1" m="44042" /><E99/><V77/><F54/><W94/><G73/><T63/><D7/><U119/><E119/><V86/><F102/><W9/><G6/><T67/><REACH who="0" step="1"/><D130/><REACH who="0" ten="370,210,210,200" step="2"/><U61/><E61/><V100/><F100/><W22/><G60/><T129/><D129/><U69/><E59/><V80/><F68/><AGARI ba="1,1" hai="68,69,82,84,89" m="44042,63863,42505" machi="68" ten="30,2000,0" yaku="14,1,11,1" doraHai="74" who="1" fromWho="2" sc="370,0,210,33,210,-23,200,0" /><INIT seed="1,0,0,5,3,45" ten="370,243,187,200" oya="1" hai0="113,80,12,121,39,122,92,10,66,82,68,135,17" hai1="89,119,3,50,2,59,11,24,86,93,72,120,43" hai2="63,108,100,83,0,85,109,44,84,27,133,15,96" hai3="95,25,48,118,101,87,104,57,16,110,22,58,65"/><U134/><E119/><V112/><F0/><W98/><G118/><T91/><D113/><U102/><E120/><N who="0" m="46185" /><D39/><U130/><E130/><V90/><F112/><W49/><G110/><N who="2" m="42601" /><F133/><W61/><G58/><T78/><D78/><U42/><E72/><V38/><F27/><W116/><G116/><T127/><D127/><U125/><E134/><V76/><F63/><W97/><G87/><N who="0" m="52351" /><D135/><U52/><E125/><V77/><F15/><W20/><G20/><T129/><D129/><U131/><E131/><V64/><F64/><W30/><G30/><T47/><D47/><U114/><E114/><V123/><F123/><W40/><G40/><N who="1" m="15402" /><E2/><V103/><F44/><W13/><G13/><T36/><D36/><U71/><E71/><V34/><F34/><W19/><G19/><T29/><D29/><U73/><E73/><V41/><F41/><W74/><G74/><T88/><D66/><U9/><E3/><V1/><F1/><W67/><G67/><T111/><D68/><U117/><E117/><V21/><F38/><W33/><G33/><T8/><D111/><U79/><E79/><N who="2" m="46207" /><F21/><W55/><G65/><T105/><D8/><N who="1" m="3147" /><E102/><AGARI ba="0,0" hai="16,22,25,48,49,55,57,61,95,97,98,101,102,104" machi="102" ten="30,7700,0" yaku="7,1,52,2,54,1" doraHai="45" who="3" fromWho="1" sc="370,0,243,-77,187,0,200,77" /><INIT seed="2,0,0,4,1,103" ten="370,166,187,277" oya="2" hai0="80,26,87,4,92,55,17,14,61,100,97,130,50" hai1="34,132,112,95,19,63,123,99,68,24,35,51,82" hai2="1,67,70,36,114,125,62,127,33,31,75,53,13" hai3="135,111,11,0,43,122,29,60,66,57,84,83,118"/><V42/><F114/><W49/><G118/><T119/><D130/><U78/><E112/><V134/><F1/><W88/><G122/><T25/><D119/><U6/><E132/><V12/><F75/><W44/><G111/><T9/><D61/><U10/><E123/><V39/><F134/><W73/><G135/><T47/><D4/><U89/><E51/><V120/><F120/><W65/><G73/><T22/><D22/><U56/><E68/><V115/><F115/><W23/><G66/><T107/><D92/><U90/><E90/><AGARI ba="0,0" hai="9,14,17,25,26,47,50,55,80,87,90,97,100,107" machi="90" ten="30,7700,0" yaku="7,1,25,2,52,1" doraHai="103" who="0" fromWho="1" sc="370,77,166,-77,187,0,277,0" /><INIT seed="3,0,0,5,3,131" ten="447,89,187,277" oya="3" hai0="97,58,116,103,14,133,51,95,28,108,124,42,134" hai1="126,52,46,117,69,56,109,43,125,33,17,4,59" hai2="57,128,7,60,71,77,83,31,50,106,75,49,93" hai3="65,105,118,100,132,15,40,6,70,107,96,9,63"/><W22/><G118/><T48/><D116/><U72/><E72/><V38/><F106/><W11/><G107/><T34/><D108/><U41/><E33/><V78/><F38/><W81/><G40/><N who="1" m="15434" /><E4/><V88/><F77/><W120/><G120/><T54/><D124/><N who="1" m="47723" /><E17/><V27/><F128/><W35/><G35/><T123/><D123/><U12/><E12/><V91/><F71/><W110/><G110/><T73/><D58/><N who="1" m="22059" /><E109/><V45/><F7/><W76/><G6/><T104/><D73/><U113/><E117/><V67/><F45/><W101/><G15/><T68/><D14/><U36/><E113/><V121/><F121/><W112/><G112/><T19/><D34/><U16/><E16/><V21/><F88/><W79/><G79/><T2/><D19/><U13/><E13/><V39/><F39/><W66/><G76/><T25/><D2/><U62/><E36/><V80/><F80/><W119/><G81/><T92/><D104/><U64/><E46/><V26/><F26/><W127/><G105/><T98/><D28/><U29/><E29/><V55/><F91/><W3/><G119/><T5/><D25/><U129/><E129/><V102/><F93/><W130/><G130/><T74/><D95/><U20/><E20/><V0/><F0/><W122/><G3/><T85/><D74/><U1/><E1/><V23/><F23/><W135/><G22/><T18/><D92/><U114/><E114/><V94/><F21/><W61/><G127/><T37/><D37/><U30/><E30/><V8/><F31/><W86/><G86/><T84/><D85/><RYUUKYOKU ba="0,0" sc="447,-10,89,30,187,-10,277,-10" hai1="52,62,64,69" owari="437,53.7,119,-38.1,177,-22.3,267,6.7" /></mjloggm>