<mjloggm ver="2.3"><GO type="225" lobby="0"/><UN n0="%72%61%6B%33" n1="%E3%81%BF%E3%81%BF%E3%81%9A" n2="%47%32%E9%BE%8D%E9%96%80" n3="%E6%B8%A9%E2%98%85%E6%83%85%E2%98%85%E6%8E%AA%E2%98%85%E7%BD%AE" dan="16,17,16,17" rate="2138.88,2264.18,2090.60,2131.47" sx="M,M,M,M"/><TAIKYOKU oya="0"/><INIT seed="0,0,0,1,0,27" ten="250,250,250,250" oya="0" hai0="21,19,99,92,71,40,94,131,124,105,2,120,36" hai1="91,29,60,9,85,25,47,11,73,32,68,61,97" hai2="95,129,51,1,135,90,66,59,33,12,57,39,52" hai3="81,64,100,13,104,119,28,121,132,89,37,103,6"/><T112/><D112/><U46/><E73/><V31/><F1/><W17/><G119/><T20/><D120/><U74/><E74/><V98/><F39/><W76/><G104/><T49/><D71/><U110/><E110/><V93/><F129/><W130/><G37/><T50/><D2/><U126/><E97/><V53/><F135/><W122/><G130/><T18/><D131/><U45/><E126/><V63/><F12/><W115/><G115/><T101/><D36/><U58/><E68/><V5/><F5/><W125/><G125/><T109/><D124/><U43/><E43/><V54/><REACH who="2" step="1"/><F95/><REACH who="2" ten="250,250,240,250" step="2"/><W41/><G13/><N who="0" m="9295" /><D105/><U102/><E102/><V106/><F106/><W75/><G100/><N who="0" m="60519" /><D109/><U44/><N who="1" m="11264" /><DORA hai="26" /><U88/><E91/><V133/><F133/><W80/><G89/><T24/><D40/><U111/><E111/><V79/><F79/><W113/><G76/><T84/><D101/><U82/><REACH who="1" step="1"/><E61/><REACH who="1" ten="250,240,240,250" step="2"/><V30/><F30/><W114/><G28/><T0/><D0/><U3/><E3/><V70/><F70/><W7/><G41/><T65/><D94/><U48/><E48/><V8/><F8/><W23/><G103/><T22/><D50/><U14/><E14/><V116/><F116/><W128/><G132/><T35/><D49/><U78/><E78/><V69/><F69/><W4/><G128/><T123/><D123/><U72/><E72/><V77/><F77/><N who="3" m="44095" /><G122/><T38/><D38/><U108/><E108/><V56/><F56/><W107/><G121/><T42/><D42/><U15/><E15/><V34/><F34/><W16/><G107/><RYUUKYOKU ba="0,2" sc="250,-15,240,15,240,15,250,-15" hai1="9,11,25,29,32,58,60,82,85,88" hai2="31,33,51,52,53,54,57,59,63,66,90,93,98" /><INIT seed="1,1,2,1,2,107" ten="235,255,255,235" oya="1" hai0="22,64,14,45,78,66,112,5,40,99,60,132,53" hai1="61,127,3,57,44,4,101,86,32,34,43,68,39" hai2="98,126,20,76,77,29,18,58,2,135,84,111,105" hai3="70,106,12,63,35,21,26,87,51,41,1,13,31"/><U69/><E101/><V36/><F36/><W94/><G106/><T134/><D112/><U15/><E3/><V37/><F37/><W47/><G1/><T113/><D113/><U88/><E127/><V102/><F2/><W117/><G117/><T129/><D129/><U33/><E4/><V56/><F126/><W130/><G130/><T46/><D99/><U24/><E15/><V133/><F29/><W48/><G35/><T8/><D22/><U89/><E24/><V7/><F7/><W17/><G51/><N who="0" m="28911" /><D60/><U73/><E73/><V131/><F131/><W30/><G70/><T23/><D23/><U25/><E25/><N who="2" m="14487" /><F111/><W11/><G63/><T49/><D78/><N who="2" m="30314" /><F84/><W62/><G62/><T114/><D114/><U103/><E103/><V124/><F124/><W128/><G128/><T19/><D5/><U104/><E104/><V38/><F38/><W116/><G116/><T27/><D27/><U74/><E74/><V122/><F122/><W85/><G85/><T125/><D125/><U123/><E123/><V6/><F6/><N who="3" m="3191" /><G26/><T120/><D120/><U71/><REACH who="1" step="1"/><E86/><REACH who="1" ten="235,245,255,235" step="2"/><V0/><F0/><W108/><G108/><T91/><D91/><AGARI ba="1,3" hai="13,17,21,30,31,41,47,48,87,91,94" m="3191" machi="91" ten="30,1000,0" yaku="8,1" doraHai="107" who="3" fromWho="0" sc="235,-13,245,0,255,0,235,43" /><INIT seed="2,0,0,0,5,83" ten="222,245,255,278" oya="2" hai0="80,54,106,98,30,4,86,87,63,28,114,18,48" hai1="17,38,15,7,34,70,9,90,16,32,125,55,91" hai2="1,45,104,72,81,5,58,132,84,131,59,102,116" hai3="53,19,14,66,92,78,64,113,94,62,52,111,121"/><V46/><F116/><W95/><G121/><T76/><D114/><U128/><E38/><V134/><F72/><W74/><G113/><T44/><D4/><U65/><E70/><V129/><F102/><W75/><G111/><T126/><D126/><U27/><E65/><N who="3" m="25194" /><G75/><T96/><D63/><U41/><E41/><V50/><F104/><W25/><G74/><T103/><D98/><U11/><E125/><V99/><F99/><W6/><G78/><T115/><D115/><U69/><E69/><V73/><F73/><W123/><G123/><T43/><D18/><U36/><E36/><V97/><F97/><W56/><G6/><T21/><D21/><N who="1" m="13735" /><E55/><N who="3" m="21066" /><G25/><T10/><D10/><U47/><E47/><N who="2" m="17931" /><F5/><W22/><G62/><T100/><D100/><U68/><E68/><V40/><F1/><W112/><G112/><T110/><D110/><U51/><E91/><N who="2" m="51599" /><F40/><W12/><G56/><N who="2" m="21545" /><F50/><W118/><G118/><T122/><D122/><U117/><E51/><V23/><F23/><W130/><G130/><AGARI ba="0,0" hai="129,130,131,132,134" m="21545,51599,17931" machi="130" ten="30,2900,0" yaku="19,1,52,1" doraHai="83" who="2" fromWho="3" sc="222,0,245,0,255,29,278,-29" /><INIT seed="2,1,0,2,5,13" ten="222,245,284,249" oya="2" hai0="73,45,36,62,23,11,28,32,57,74,48,128,100" hai1="38,101,82,10,108,110,3,76,6,127,112,96,109" hai2="68,72,56,15,97,33,20,131,106,129,40,102,44" hai3="63,58,87,124,134,78,120,119,99,115,86,29,123"/><V8/><F68/><W59/><G119/><T118/><D118/><U64/><E64/><V91/><F33/><W14/><G134/><T0/><D128/><U116/><E116/><V93/><F72/><W125/><G115/><T132/><D32/><U1/><E112/><V34/><F56/><N who="3" m="21547" /><G29/><T79/><D36/><U24/><E127/><N who="3" m="48714" /><G78/><T53/><D132/><U61/><E61/><V7/><F20/><W105/><G63/><T94/><D79/><U133/><E133/><V71/><F71/><W54/><G54/><T114/><D114/><U83/><E38/><V75/><F75/><W4/><G4/><T130/><D130/><U111/><N who="1" m="27648" /><DORA hai="35" /><U88/><E24/><V43/><F34/><W107/><G14/><T80/><D74/><N who="1" m="43287" /><E83/><V22/><F131/><W67/><G67/><T65/><D80/><U17/><E17/><V9/><F129/><W122/><G99/><T30/><D73/><U18/><E18/><V47/><F97/><W85/><AGARI ba="1,0" hai="85,86,87,105,107,120,122,123" m="48714,21547" machi="85" ten="40,5200,0" yaku="28,2,18,1" doraHai="13,35" who="3" fromWho="3" sc="222,-14,245,-14,284,-27,249,55" /><INIT seed="3,0,0,5,5,51" ten="208,231,257,304" oya="3" hai0="94,46,75,98,84,97,93,110,72,128,55,27,103" hai1="7,131,80,22,109,53,36,112,129,101,15,25,29" hai2="40,76,38,69,64,108,49,60,41,119,79,100,44" hai3="23,57,113,74,33,133,61,122,73,85,105,106,81"/><W13/><G33/><T35/><D110/><U20/><E112/><V63/><F119/><W117/><G117/><T124/><D124/><U45/><E109/><V50/><F108/><W12/><G113/><T107/><D128/><N who="1" m="49227" /><E101/><V14/><F100/><W48/><G122/><T59/><D46/><U120/><E120/><V99/><F99/><W16/><G74/><T18/><D84/><U91/><E36/><V111/><F111/><W127/><G73/><T21/><D35/><U134/><E134/><V71/><F14/><N who="3" m="9623" /><G106/><T78/><D78/><U62/><E45/><V24/><F24/><W52/><G105/><T19/><D19/><N who="1" m="10367" /><E7/><V83/><F38/><W90/><G127/><T89/><REACH who="0" step="1"/><D107/><REACH who="0" ten="198,231,257,304" step="2"/><U3/><E3/><V6/><F44/><N who="3" m="27655" /><G133/><T115/><D115/><U5/><E5/><V77/><F6/><W135/><G135/><T88/><D88/><U82/><E91/><V47/><F47/><W104/><G104/><T0/><D0/><U96/><E96/><V87/><F77/><W114/><G114/><T31/><D31/><U86/><E86/><V37/><F76/><W118/><G118/><T54/><D54/><AGARI ba="0,1" hai="12,13,54,57,61,81,85,90" m="27655,9623" machi="54" ten="30,12000,1" yaku="8,1,52,2,54,2" doraHai="51" who="3" fromWho="0" sc="198,-120,231,0,257,0,304,130" owari="78,-42.2,231,-16.9,257,5.7,434,53.4" /></mjloggm>