<mjloggm ver="2.3"><GO type="225" lobby="0"/><UN n0="%E3%81%82%E3%82%93%E3%81%AA%E3%81%A4" n1="%4C%4F%4C%49%54%41" n2="%E4%B8%AD%E5%B9%B4%E3%81%AE%E5%8D%B1%E6%A9%9F" n3="%E8%A8%88%E7%AE%97%E6%A9%9F%E8%87%AA%E7%84%B6" dan="16,16,16,17" rate="2110.56,2187.62,2140.25,2225.84" sx="M,F,M,M"/><TAIKYOKU oya="0"/><INIT seed="0,0,0,0,2,12" ten="250,250,250,250" oya="0" hai0="46,39,77,81,16,49,1,94,88,109,87,25,59" hai1="55,63,68,83,2,121,9,40,112,71,34,23,18" hai2="98,79,113,22,35,21,38,101,116,105,123,57,65" hai3="52,11,20,62,5,19,72,96,125,61,99,106,29"/><T14/><D1/><U27/><E121/><V53/><F113/><W78/><G125/><T129/><D129/><U103/><E112/><V85/><F123/><W95/><G29/><T134/><D134/><U127/><E127/><V128/><F128/><W117/><G117/><T110/><D25/><U97/><E40/><V47/><F35/><W90/><G72/><T89/><D59/><U36/><E36/><V82/><F116/><W84/><G106/><T100/><D39/><U8/><E34/><V3/><F3/><W42/><G42/><N who="0" m="24791" /><D100/><U64/><E71/><V122/><F122/><W32/><G32/><T41/><D41/><U15/><E2/><V133/><F133/><W118/><G118/><T73/><D73/><U50/><E83/><V119/><F119/><W102/><G102/><T60/><D60/><U86/><E27/><V56/><F38/><W51/><G61/><T93/><D110/><U13/><E13/><V7/><F7/><W43/><G62/><T111/><D111/><U31/><E31/><V104/><F104/><W130/><G43/><T44/><D44/><U135/><E135/><V131/><F131/><W126/><G130/><T67/><D67/><U74/><E74/><V70/><F70/><W107/><G107/><T10/><D109/><U37/><E37/><V66/><F47/><N who="3" m="27775" /><G126/><T124/><D124/><U115/><E115/><V69/><F69/><W132/><G132/><T48/><D48/><U80/><E50/><N who="2" m="30775" /><F57/><W58/><G58/><T92/><AGARI ba="0,0" hai="10,14,16,77,81,87,88,89,92,93,94" m="24791" machi="92" ten="30,11700,0" yaku="8,1,52,1,54,2" doraHai="12" who="0" fromWho="0" sc="250,117,250,-39,250,-39,250,-39" /><INIT seed="0,1,0,0,0,123" ten="367,211,211,211" oya="0" hai0="33,31,89,83,81,66,128,75,5,54,6,53,22" hai1="52,45,13,19,122,30,112,90,35,16,64,95,34" hai2="110,32,58,29,67,70,9,103,15,131,38,42,126" hai3="25,50,85,111,109,74,10,24,39,104,96,88,4"/><T129/><D33/><U121/><E112/><V41/><F103/><N who="3" m="62567" /><G39/><T84/><D66/><U125/><E125/><V47/><F32/><W49/><G74/><T55/><D31/><U76/><E64/><V105/><F29/><W120/><G120/><T107/><D107/><U2/><E2/><V65/><F105/><W127/><G127/><T78/><REACH who="0" step="1"/><D22/><REACH who="0" ten="357,211,211,211" step="2"/><U117/><E30/><V135/><F67/><W102/><G102/><T101/><D101/><U79/><E34/><V43/><F126/><W116/><G116/><T57/><D57/><U12/><E35/><V23/><F23/><W61/><G61/><T133/><D133/><U8/><E117/><V20/><F135/><W115/><G115/><T17/><D17/><U36/><E121/><V51/><F65/><W92/><G24/><T87/><D87/><N who="1" m="52703" /><E122/><V130/><F20/><W119/><G25/><T27/><D27/><U3/><E19/><V62/><F62/><W99/><G85/><T98/><D98/><U82/><E16/><V93/><F58/><W97/><G97/><T0/><D0/><U26/><E3/><V91/><F130/><AGARI ba="1,1" hai="5,6,53,54,55,75,78,81,83,84,89,128,129,130" machi="130" ten="40,12000,1" yaku="1,1,19,1,53,2" doraHai="123" doraHaiUra="77" who="0" fromWho="2" sc="357,133,211,0,211,-123,211,0" /><INIT seed="0,2,0,2,5,35" ten="490,211,88,211" oya="0" hai0="62,122,47,50,135,30,96,10,102,99,73,114,2" hai1="58,64,133,22,104,46,24,28,23,56,41,110,34" hai2="42,38,98,103,109,32,61,70,16,19,13,33,29" hai3="84,88,57,120,121,17,113,92,14,118,130,82,67"/><T0/><D114/><U63/><E110/><V106/><F109/><W87/><G113/><T20/><D122/><N who="3" m="47209" /><G118/><T7/><D73/><U79/><E133/><V68/><F19/><W45/><G130/><T126/><D126/><U124/><E124/><V18/><F18/><W127/><G45/><T119/><D119/><U83/><E58/><V4/><F4/><W71/><G71/><T54/><D135/><U81/><E83/><V112/><F112/><W11/><G127/><T100/><D62/><U78/><E78/><V131/><F131/><W74/><G74/><T93/><D20/><U111/><E104/><V132/><F132/><W134/><G134/><T66/><D30/><U116/><E111/><V123/><F123/><W49/><G49/><T6/><D66/><U97/><E97/><V94/><F106/><W125/><G125/><T12/><D7/><U76/><E76/><V21/><F61/><N who="3" m="38319" /><G84/><T31/><D31/><U80/><E116/><V91/><F32/><W9/><G82/><T8/><D8/><AGARI ba="2,0" hai="8,9,11,14,17,87,88,92" m="38319,47209" machi="8" ten="30,2000,0" yaku="13,1,54,1" doraHai="35" who="3" fromWho="0" sc="490,-26,211,0,88,0,211,26" /><INIT seed="1,0,0,2,2,2" ten="464,211,88,237" oya="1" hai0="20,12,79,41,75,132,119,98,46,127,25,73,35" hai1="14,134,116,87,93,83,63,65,112,8,123,64,66" hai2="1,125,130,117,3,108,49,101,38,24,40,43,0" hai3="45,113,94,21,36,13,85,82,68,99,58,77,76"/><U6/><E112/><V80/><F117/><W22/><G68/><T89/><D119/><U28/><E116/><V70/><F38/><W33/><G33/><T128/><D79/><U4/><E123/><V23/><F108/><W102/><G113/><T131/><D132/><U111/><E134/><V129/><F70/><W47/><G36/><T60/><D35/><U62/><E111/><V115/><F115/><W67/><G76/><T133/><D12/><U69/><E28/><V100/><F80/><W59/><G59/><T110/><D60/><N who="1" m="23083" /><E93/><V72/><F72/><W9/><G58/><T84/><D133/><U97/><E97/><V53/><F125/><W16/><G67/><T104/><D98/><U51/><E51/><V31/><F53/><W55/><REACH who="3" step="1"/><G55/><REACH who="3" ten="464,211,88,227" step="2"/><T18/><D110/><U57/><E57/><V135/><F135/><W5/><G5/><T86/><D127/><U105/><E69/><V50/><F50/><W42/><G42/><T78/><D41/><N who="2" m="15946" /><F49/><W27/><G27/><T39/><D25/><U29/><E65/><V37/><F37/><W92/><G92/><T7/><D39/><U91/><E105/><V121/><F121/><W120/><G120/><T106/><D104/><U81/><E66/><V44/><F44/><AGARI ba="0,1" hai="9,13,16,21,22,44,45,47,77,82,85,94,99,102" machi="44" ten="40,8000,1" yaku="1,1,8,1,54,1,53,1" doraHai="2" doraHaiUra="10" who="3" fromWho="2" sc="464,0,211,0,88,-80,227,90" /><INIT seed="2,0,0,1,4,81" ten="464,211,8,317" oya="2" hai0="69,103,60,29,118,30,70,63,117,115,65,135,94" hai1="11,131,106,122,109,47,101,89,3,75,5,74,53" hai2="129,128,28,100,54,57,132,62,108,0,84,64,79" hai3="14,113,37,93,80,82,50,15,25,8,134,58,27"/><V120/><F120/><W133/><G37/><T105/><D115/><U88/><E109/><V96/><F0/><W61/><G50/><T43/><D105/><U41/><E122/><V97/><F108/><W72/><G113/><T86/><D135/><N who="3" m="51721" /><G93/><T116/><D43/><U83/><E131/><N who="2" m="50251" /><F132/><W40/><G40/><T104/><D104/><U35/><E35/><V20/><F64/><N who="3" m="38967" /><G14/><T4/><D69/><U38/><E53/><V59/><F59/><W76/><G80/><T9/><D63/><U23/><E23/><V107/><F97/><W68/><G68/><T34/><D34/><U21/><E21/><V112/><F112/><W17/><AGARI ba="0,0" hai="8,15,17,25,27,72,76,82" m="38967,51721" machi="17" ten="30,1100,0" yaku="20,1" doraHai="81" who="3" fromWho="3" sc="464,-3,211,-3,8,-5,317,11" /><INIT seed="3,0,0,3,2,112" ten="461,208,3,328" oya="3" hai0="75,44,122,123,59,103,58,108,37,131,23,48,17" hai1="119,12,40,9,39,33,54,29,77,106,79,51,73" hai2="96,81,57,95,35,107,128,43,71,110,121,118,92" hai3="76,42,100,0,124,97,24,2,82,8,127,117,31"/><W52/><G42/><T99/><D75/><U129/><E106/><V11/><F95/><W6/><G0/><T69/><D69/><U78/><E129/><V126/><F92/><W25/><G52/><T3/><D3/><U27/><E73/><V21/><F21/><W63/><G63/><T47/><D131/><U20/><E39/><V68/><F57/><W70/><G70/><T10/><D10/><U86/><E33/><V132/><F81/><W84/><G117/><T36/><D99/><U125/><E125/><N who="3" m="48202" /><G31/><T85/><D37/><U45/><E54/><V61/><F11/><W66/><G66/><T30/><D30/><U104/><E104/><AGARI ba="0,0" hai="2,6,8,24,25,76,82,84,97,100,104" m="48202" machi="104" ten="30,1500,0" yaku="18,1" doraHai="112" who="3" fromWho="1" sc="461,0,208,-15,3,0,328,15" /><INIT seed="3,1,0,1,1,47" ten="461,193,3,343" oya="3" hai0="14,1,120,85,119,16,110,33,9,112,46,34,24" hai1="39,26,2,88,73,3,54,53,51,35,37,64,61" hai2="114,65,86,45,93,121,74,23,79,83,104,67,89" hai3="103,107,125,111,22,55,71,12,129,58,42,135,94"/><W8/><G129/><T91/><D119/><U11/><E73/><N who="2" m="43503" /><F93/><W21/><G125/><T4/><D120/><U92/><E54/><V115/><F74/><W124/><G135/><T36/><D112/><N who="2" m="43050" /><F104/><W49/><G124/><T127/><D110/><U96/><E11/><V19/><F121/><W132/><G132/><T18/><D127/><U117/><E117/><V130/><F130/><W29/><G111/><T68/><D68/><U87/><E2/><V57/><F45/><W63/><G107/><T131/><D131/><U6/><E6/><V20/><F57/><W41/><G71/><T133/><D133/><U0/><E0/><V7/><F7/><W72/><G72/><T80/><D24/><U69/><E3/><V50/><F50/><W81/><G81/><T32/><D1/><U77/><E77/><V102/><F102/><W31/><G21/><N who="2" m="8265" /><F19/><W13/><G13/><T28/><D28/><U25/><E25/><V48/><F48/><W106/><G106/><T109/><D109/><U10/><E10/><V99/><F99/><N who="3" m="59895" /><G63/><T66/><REACH who="0" step="1"/><D66/><REACH who="0" ten="451,193,3,343" step="2"/><N who="2" m="25098" /><F86/><W52/><G55/><T60/><D60/><U70/><E70/><V30/><F30/><N who="3" m="11275" /><G22/><T128/><D128/><U116/><E116/><V43/><F43/><AGARI ba="1,1" hai="4,9,14,16,18,32,33,34,36,43,46,80,85,91" machi="43" ten="40,2600,0" yaku="1,1,54,1,53,0" doraHai="47" doraHaiUra="122" who="0" fromWho="2" sc="451,39,193,0,3,-29,343,0" owari="490,59.0,193,-20.7,-26,-52.6,343,14.3" /></mjloggm>