<mjloggm ver="2.3"><GO type="225" lobby="0"/><UN n0="%E6%A1%9C%E8%8A%B1%E9%96%83%E3%80%85" n1="%33%74%72%65%65" n2="%E4%BF%BA%E3%81%A8%E5%A6%96%E5%A4%A2" n3="%72%69%6F%75%63%68%61%6E" dan="16,16,17,17" rate="2169.12,2130.87,2162.10,2223.17" sx="M,F,F,M"/><TAIKYOKU oya="0"/><INIT seed="0,0,0,2,1,34" ten="250,250,250,250" oya="0" hai0="29,66,117,122,43,130,69,71,99,16,92,7,73" hai1="127,18,88,116,23,79,46,57,128,85,61,134,14" hai2="131,25,53,93,113,51,90,20,86,31,133,78,126" hai3="84,110,118,4,49,102,6,50,26,106,58,59,125"/><T87/><D117/><U77/><E116/><V100/><F113/><W52/><G118/><T107/><D122/><U62/><E134/><V83/><F133/><W8/><G110/><T37/><D73/><U104/><E104/><V42/><F131/><W24/><G125/><T10/><D130/><U109/><E128/><V91/><F126/><W38/><G38/><T40/><D29/><U112/><E127/><V0/><F0/><W33/><G33/><T97/><D87/><U60/><E109/><V22/><F42/><W47/><G84/><T80/><D80/><U105/><E105/><V95/><F22/><W12/><G4/><T11/><D16/><N who="1" m="10647" /><E112/><V108/><F108/><W19/><G59/><T124/><D107/><U123/><E123/><V115/><F115/><W56/><G58/><T121/><D121/><U1/><E1/><V111/><F111/><W119/><G119/><T44/><D43/><U75/><E75/><V55/><F100/><W76/><G76/><N who="1" m="29258" /><E18/><V120/><F120/><W45/><G6/><T67/><D124/><U96/><E96/><N who="2" m="57399" /><F51/><N who="3" m="19467" /><G106/><T15/><D11/><U94/><E46/><N who="3" m="17418" /><G102/><N who="0" m="60711" /><D99/><AGARI ba="0,0" hai="20,25,31,53,55,78,83,86,91,95,99" m="57399" machi="99" ten="30,1000,0" yaku="8,1" doraHai="34" who="2" fromWho="0" sc="250,-10,250,0,250,10,250,0" /><INIT seed="1,0,0,2,3,118" ten="240,250,260,250" oya="1" hai0="64,54,18,19,105,11,2,61,120,124,16,108,52" hai1="112,134,30,109,31,65,87,123,5,128,111,32,107" hai2="99,17,110,9,63,78,8,59,132,35,88,37,135" hai3="106,42,116,69,95,129,25,92,14,126,70,133,91"/><U46/><E112/><V40/><F35/><W122/><G122/><T119/><D119/><U131/><E123/><V62/><F78/><W10/><G116/><T48/><D120/><U53/><E134/><N who="2" m="51243" /><F110/><N who="1" m="41993" /><E107/><V104/><F104/><W13/><G106/><T39/><D108/><U12/><E65/><V22/><F40/><W4/><G133/><T3/><D39/><U117/><E117/><V80/><F37/><W93/><G129/><N who="1" m="49738" /><E32/><V86/><F99/><W6/><G126/><T47/><D124/><U98/><E98/><V66/><F63/><W51/><G25/><AGARI ba="0,0" hai="8,9,17,22,25,59,62,66,80,86,88" m="51243" machi="25" ten="30,2000,0" yaku="20,1,54,1" doraHai="118" who="2" fromWho="3" sc="240,0,250,0,260,20,250,-20" /><INIT seed="2,0,0,5,2,46" ten="240,250,280,230" oya="2" hai0="30,118,105,66,89,29,53,47,97,34,107,20,111" hai1="4,96,94,3,98,62,117,65,41,79,35,85,40" hai2="38,77,36,64,88,70,115,1,104,125,42,116,15" hai3="130,11,101,52,120,31,69,14,27,54,19,127,63"/><V32/><F115/><W86/><G120/><T25/><D111/><U93/><E117/><V28/><F116/><W122/><G122/><T55/><D118/><U128/><E128/><V6/><F1/><W22/><G130/><T24/><D66/><U100/><E35/><V33/><F104/><W102/><G127/><T76/><D76/><U39/><E3/><V23/><F125/><W92/><G69/><T57/><D47/><U17/><E4/><V95/><F77/><W132/><G132/><T7/><D7/><U43/><E17/><V21/><F42/><W45/><G63/><T119/><D55/><N who="3" m="21033" /><G45/><T75/><D75/><U2/><E2/><V5/><F33/><W84/><G101/><T121/><D121/><U72/><E72/><V0/><F0/><W135/><G135/><T99/><D119/><U58/><E39/><V59/><F70/><W114/><G114/><T61/><REACH who="0" step="1"/><D99/><AGARI ba="0,0" hai="11,14,19,22,27,31,84,86,92,99,102" m="21033" machi="99" ten="30,2000,0" yaku="8,1,54,1" doraHai="46" who="3" fromWho="0" sc="240,-20,250,0,280,0,230,20" /><INIT seed="3,0,0,2,1,69" ten="220,250,280,250" oya="3" hai0="39,98,122,43,124,95,6,89,135,90,10,86,74" hai1="102,113,31,9,119,110,45,18,85,128,54,105,15" hai2="88,49,37,64,93,131,41,117,20,38,61,60,19" hai3="112,30,5,42,24,101,75,17,97,99,130,68,46"/><W125/><G112/><T23/><D122/><U84/><E113/><V83/><F117/><W2/><G68/><T77/><D124/><U115/><E115/><V1/><F1/><W48/><G125/><T91/><D135/><U123/><E123/><V129/><F83/><W73/><G130/><N who="2" m="49673" /><F49/><W118/><G118/><T134/><D134/><U106/><E128/><V80/><F80/><W40/><G17/><T21/><D74/><U72/><E18/><V133/><F133/><W66/><G66/><T26/><D77/><U121/><E72/><V94/><F94/><W56/><G99/><T53/><D53/><U120/><E54/><V28/><F28/><W103/><G103/><T58/><D58/><U71/><E102/><V44/><F38/><W63/><G40/><T57/><D57/><U25/><E71/><V0/><F0/><W126/><G126/><T51/><D39/><U32/><E119/><V114/><F64/><N who="3" m="39015" /><G5/><T96/><D96/><U4/><E121/><V82/><F82/><W59/><G59/><T34/><D86/><U12/><E84/><N who="2" m="52359" /><F114/><W55/><G2/><N who="0" m="343" /><D51/><U70/><E120/><V81/><F81/><W11/><G11/><T3/><D3/><N who="1" m="159" /><E70/><V52/><F52/><W67/><G55/><T29/><D43/><U8/><E8/><V116/><F116/><W132/><G67/><T35/><D35/><U108/><E45/><V62/><F62/><W127/><G127/><T14/><D34/><U87/><E105/><V76/><F76/><W79/><G79/><T22/><D22/><U13/><E106/><V92/><F92/><N who="3" m="58535" /><G132/><T100/><D23/><AGARI ba="0,0" hai="23,24,30,42,46,48,73,75" m="58535,39015" machi="23" ten="30,2900,0" yaku="6,1,25,1" doraHai="69" who="3" fromWho="0" sc="220,-29,250,0,280,0,250,29" /><INIT seed="3,1,0,0,4,48" ten="191,250,280,279" oya="3" hai0="121,126,63,133,67,108,76,88,115,18,73,130,17" hai1="13,33,81,82,132,38,109,55,80,69,66,91,118" hai2="116,14,43,124,51,64,50,75,117,23,105,31,6" hai3="26,83,27,2,85,111,19,60,29,102,120,71,49"/><W42/><G120/><T39/><D121/><U30/><E38/><V36/><F105/><W65/><G2/><T8/><D39/><U123/><E123/><V78/><F124/><W98/><G111/><T87/><D126/><U58/><E109/><V72/><F36/><W16/><G42/><T3/><D108/><U53/><E132/><V62/><F31/><W68/><G49/><T25/><D133/><U113/><E113/><V77/><F23/><W100/><G68/><T34/><D115/><U35/><E118/><V70/><F14/><W54/><G54/><N who="1" m="20490" /><E33/><V7/><F43/><W94/><G102/><T92/><D130/><U128/><E35/><V86/><F86/><W41/><G41/><T101/><D101/><U114/><E69/><V0/><F70/><W24/><REACH who="3" step="1"/><G29/><REACH who="3" ten="191,250,280,269" step="2"/><T89/><D63/><N who="1" m="38263" /><E114/><V32/><F0/><W40/><G40/><T20/><D67/><U12/><E128/><V129/><F64/><W107/><G107/><T57/><D3/><U125/><E125/><V74/><F129/><W10/><G10/><T15/><D57/><U96/><E30/><V1/><F1/><W37/><G37/><T79/><D34/><U45/><E45/><V90/><F62/><W127/><G127/><T61/><D61/><U134/><E134/><V28/><F28/><W52/><G52/><T11/><D11/><U106/><E106/><V47/><F32/><W110/><G110/><T22/><D8/><U46/><E46/><V131/><F131/><W95/><G95/><AGARI ba="1,1" hai="12,13,80,81,82,91,95,96" m="38263,20490" machi="95" ten="30,7700,0" yaku="8,1,52,3" doraHai="48" who="1" fromWho="3" sc="191,0,250,90,280,0,269,-80" owari="191,-20.9,340,44.0,280,8.0,189,-31.1" /></mjloggm>