<mjloggm ver="2.3"><GO type="225" lobby="0"/><UN n0="%E3%81%BF%E3%81%BF%E3%81%9A" n1="%E3%81%82%E3%83%BC%E3%81%97" n2="%E2%91%A3%E9%81%BF%E9%81%8A%E6%88%AF%E3%80%90%E6%9D%B1%E5%8D%97%E3%80%91" n3="%EF%BC%81%E3%81%BC%E3%81%9F%E3%82%82%E3%81%A1%EF%BC%81" dan="17,16,16,16" rate="2218.16,2122.89,2049.30,2152.15" sx="M,M,M,M"/><TAIKYOKU oya="0"/><INIT seed="0,0,0,2,3,128" ten="250,250,250,250" oya="0" hai0="104,37,29,121,120,31,96,50,101,112,45,106,117" hai1="63,114,65,69,82,119,5,6,40,127,133,73,19" hai2="13,115,76,103,51,99,36,49,111,39,116,60,86" hai3="94,126,68,67,2,0,27,28,64,32,16,57,70"/><T105/><D112/><U93/><E114/><V81/><F115/><W66/><G126/><T56/><D117/><U102/><E119/><V72/><F116/><W90/><G57/><T118/><D118/><U77/><E127/><V85/><F111/><W21/><G70/><T125/><D125/><U47/><E19/><V135/><F60/><W55/><G55/><T33/><D56/><U107/><E93/><V18/><F39/><W84/><REACH who="3" step="1"/><G68/><REACH who="3" ten="250,250,250,240" step="2"/><T95/><D120/><U26/><E47/><V61/><F61/><W7/><G7/><T15/><D121/><U35/><E40/><V98/><F36/><W59/><G59/><T109/><D109/><U42/><E42/><V108/><F108/><W110/><G110/><T12/><D37/><U46/><E46/><V38/><F38/><W130/><G130/><T132/><D45/><U48/><E6/><V10/><F51/><W1/><G1/><T58/><D58/><U124/><E5/><V22/><F49/><W74/><G74/><T100/><D50/><U75/><E48/><V87/><F72/><W3/><G3/><T34/><D132/><U4/><E124/><V44/><F135/><W9/><G9/><T25/><REACH who="0" step="1"/><D101/><REACH who="0" ten="240,250,250,240" step="2"/><U129/><E133/><V53/><F103/><W122/><G122/><T24/><AGARI ba="0,2" hai="12,15,24,25,29,31,33,34,95,96,100,104,105,106" machi="24" ten="40,12000,1" yaku="1,1,2,1,0,1,9,1,53,0" doraHai="128" doraHaiUra="52" who="0" fromWho="0" sc="240,140,250,-40,250,-40,240,-40" /><INIT seed="0,1,0,0,3,28" ten="380,210,210,200" oya="0" hai0="113,120,37,134,64,15,9,110,81,114,12,101,62" hai1="92,126,91,49,93,84,88,72,59,4,135,43,2" hai2="87,38,54,70,104,106,57,121,85,105,61,16,35" hai3="63,5,42,115,24,26,80,86,33,56,6,39,47"/><T74/><D37/><U102/><E72/><V44/><F121/><W108/><G115/><T51/><D120/><U116/><E116/><V23/><F70/><W99/><G108/><T18/><D110/><U22/><E135/><V118/><F118/><W122/><G122/><T109/><D109/><U29/><E102/><V83/><F85/><W82/><G82/><T133/><D101/><U119/><E119/><V132/><F132/><N who="0" m="50794" /><D51/><U96/><E126/><V73/><F73/><W128/><G128/><T100/><D100/><U30/><E22/><V123/><F123/><W36/><G36/><T32/><D32/><U65/><E4/><V1/><F35/><W66/><G99/><T124/><D124/><U97/><E84/><V31/><F31/><W67/><G67/><T125/><D125/><U20/><E2/><V55/><F1/><W58/><G58/><N who="0" m="36951" /><D15/><U69/><E69/><V76/><F38/><W68/><G68/><T111/><D111/><U130/><E130/><V90/><F44/><W41/><G41/><T10/><D10/><U17/><E43/><V112/><F112/><W131/><G131/><T45/><D45/><U52/><E65/><V127/><F127/><W48/><G39/><T95/><D95/><U8/><E8/><V89/><REACH who="2" step="1"/><F55/><REACH who="2" ten="380,210,200,200" step="2"/><W107/><G33/><T75/><D74/><U129/><REACH who="1" step="1"/><E129/><REACH who="1" ten="380,200,200,200" step="2"/><V77/><F77/><AGARI ba="1,2" hai="9,12,18,75,77,81,113,114" m="36951,50794" machi="77" ten="30,1500,0" yaku="20,1" doraHai="28" who="0" fromWho="2" sc="380,38,200,0,200,-18,200,0" /><INIT seed="0,2,0,5,5,8" ten="418,200,182,200" oya="0" hai0="67,15,42,71,3,18,80,51,14,50,46,5,63" hai1="109,85,9,125,111,120,108,16,110,36,104,27,41" hai2="101,113,123,69,89,130,2,0,64,82,13,119,131" hai3="73,48,128,35,96,33,127,100,65,90,68,7,112"/><T121/><D121/><U79/><E104/><V30/><F123/><W135/><G112/><T84/><D3/><U58/><E120/><V72/><F113/><W87/><G73/><T38/><D5/><U124/><N who="1" m="27648" /><DORA hai="20" /><U117/><E117/><V94/><F119/><W114/><G114/><T17/><D18/><U106/><E106/><V57/><F69/><W103/><G128/><N who="2" m="49193" /><F101/><W24/><G135/><T11/><REACH who="0" step="1"/><D14/><REACH who="0" ten="408,200,182,200" step="2"/><N who="1" m="7247" /><E27/><V10/><F2/><W93/><G24/><T75/><D75/><U78/><E58/><V1/><F0/><W47/><G7/><T115/><D115/><U77/><E85/><V25/><F1/><W98/><G87/><T54/><D54/><U23/><E23/><N who="2" m="15679" /><F57/><W55/><G33/><T118/><D118/><U83/><E83/><V133/><F133/><W31/><G35/><T49/><D49/><U56/><E56/><V88/><F64/><W40/><G65/><T70/><D70/><U60/><E60/><V102/><F72/><W32/><G68/><T66/><D66/><U99/><E99/><N who="2" m="59767" /><F82/><W116/><G116/><T76/><AGARI ba="2,1" hai="11,15,17,38,42,46,50,51,63,67,71,76,80,84" machi="76" ten="20,18000,2" yaku="1,1,0,1,7,1,52,1,53,3" doraHai="8,20" doraHaiUra="39,45" who="0" fromWho="0" sc="408,196,200,-62,182,-62,200,-62" /><INIT seed="0,3,0,1,0,111" ten="604,138,120,138" oya="0" hai0="48,107,125,24,36,12,49,11,134,25,86,119,116" hai1="51,31,110,0,42,102,128,2,32,75,109,28,135" hai2="1,26,60,13,106,64,58,96,44,14,17,79,23" hai3="62,108,8,105,3,89,72,27,57,115,90,5,99"/><T61/><D36/><U114/><E75/><V50/><F1/><W132/><G72/><T22/><D107/><U38/><E38/><V97/><F79/><W133/><G108/><N who="1" m="41578" /><E102/><V121/><F121/><W85/><G115/><T122/><D122/><U7/><E135/><N who="3" m="51786" /><G27/><T59/><D134/><U47/><E128/><V20/><F106/><W120/><G120/><T4/><D125/><U63/><E32/><V68/><F68/><W73/><G73/><T81/><D119/><U65/><E114/><V101/><F101/><N who="3" m="62655" /><G85/><T88/><D116/><U41/><E42/><V94/><F94/><W83/><G83/><T71/><D71/><N who="1" m="42431" /><E7/><V118/><F118/><W131/><G131/><T37/><D37/><U76/><E76/><V39/><F39/><W29/><G29/><AGARI ba="3,0" hai="0,2,28,29,31,41,47,51" m="42431,41578" machi="29" ten="30,1000,0" yaku="14,1" doraHai="111" who="1" fromWho="3" sc="604,0,138,19,120,0,138,-19" /><INIT seed="1,0,0,3,4,0" ten="604,157,120,119" oya="1" hai0="34,126,68,60,73,1,8,35,51,2,132,40,50" hai1="5,134,59,20,25,10,39,78,124,111,131,7,17" hai2="54,12,123,117,91,128,3,61,120,26,64,76,93" hai3="22,116,28,125,48,29,11,121,41,38,108,16,106"/><U83/><E39/><V114/><F117/><W95/><G106/><T103/><D73/><U101/><E134/><V104/><F104/><W36/><G121/><T118/><D118/><U79/><E131/><V46/><F114/><W13/><G116/><T70/><D132/><U100/><E124/><V65/><F128/><W9/><G108/><T119/><D119/><U110/><E59/><V62/><F3/><W112/><G112/><T57/><D103/><N who="1" m="39499" /><E10/><V97/><F76/><N who="1" m="29225" /><E83/><V14/><F120/><W89/><G125/><T98/><D57/><U55/><E55/><V53/><F123/><W47/><G38/><T37/><D8/><N who="3" m="3145" /><G36/><T66/><D37/><U85/><E85/><AGARI ba="0,0" hai="13,16,22,28,29,41,47,48,85,89,95" m="3145" machi="85" ten="30,2000,0" yaku="8,1,54,1" doraHai="0" who="3" fromWho="1" sc="604,0,157,-20,120,0,119,20" /><INIT seed="2,0,0,3,4,106" ten="604,137,120,139" oya="2" hai0="0,57,41,90,48,18,78,32,5,8,87,75,65" hai1="24,64,89,81,61,29,20,26,97,36,128,49,92" hai2="125,109,45,67,60,50,71,107,25,33,94,133,74" hai3="31,43,58,96,111,59,88,120,15,44,130,134,101"/><V12/><F107/><W56/><G120/><T52/><D32/><U127/><E36/><V73/><F94/><W126/><G111/><T77/><D75/><U4/><E128/><V63/><F12/><W79/><G134/><T103/><D103/><U80/><E127/><V21/><F33/><W38/><G130/><T113/><D113/><U30/><E49/><V9/><F9/><W84/><G126/><T53/><D65/><U108/><E4/><V122/><F125/><W123/><G123/><T102/><D102/><U115/><E108/><V3/><F109/><W121/><G121/><T13/><D41/><U35/><REACH who="1" step="1"/><E115/><REACH who="1" ten="604,127,120,139" step="2"/><V28/><F122/><W23/><G38/><T17/><D53/><U40/><E40/><V46/><F133/><W6/><G6/><T104/><D104/><U98/><E98/><V110/><F110/><W95/><G43/><T100/><D100/><U34/><E34/><V22/><F50/><W66/><G96/><T131/><D131/><U51/><E51/><V91/><F60/><W132/><G101/><T124/><D124/><U10/><E10/><V72/><F22/><W116/><G23/><T70/><D70/><AGARI ba="0,1" hai="20,24,26,29,30,35,61,64,70,80,81,89,92,97" machi="70" ten="30,2000,0" yaku="1,1,7,1,53,0" doraHai="106" doraHaiUra="118" who="1" fromWho="0" sc="604,-20,127,30,120,0,139,0" /><INIT seed="3,0,0,4,0,120" ten="584,157,120,139" oya="3" hai0="117,17,2,59,84,62,77,16,22,45,125,107,29" hai1="15,0,51,104,91,55,30,113,19,101,49,54,35" hai2="63,79,92,132,38,68,69,13,36,87,32,75,100" hai3="65,47,105,12,123,85,40,44,20,9,6,48,23"/><W26/><G123/><T90/><D107/><U50/><E0/><V134/><F32/><W25/><G105/><T1/><D117/><U41/><E113/><V18/><F75/><W64/><G85/><T135/><D77/><U119/><E119/><V5/><F5/><W33/><G33/><T115/><D115/><U8/><E41/><V42/><F42/><W97/><G97/><T31/><D1/><U102/><E104/><V34/><F34/><W93/><G93/><T126/><D45/><U130/><E30/><N who="0" m="11273" /><D2/><U14/><E35/><V66/><F69/><W127/><G127/><N who="0" m="48651" /><D22/><N who="1" m="11639" /><E130/><V70/><F68/><W4/><G4/><T73/><D135/><N who="2" m="51754" /><F100/><N who="1" m="38505" /><E91/><N who="2" m="53375" /><F79/><W112/><G112/><T86/><D73/><U110/><E15/><V39/><F13/><W128/><G128/><T129/><D129/><U88/><E8/><V10/><F10/><W96/><G26/><T11/><D62/><U57/><E55/><V46/><F46/><W83/><G47/><T3/><D59/><U89/><E57/><V133/><N who="2" m="51762" /><V60/><DORA hai="37" /><F60/><W76/><G25/><T81/><D17/><AGARI ba="0,0" hai="17,18,36,38,39,63,66,70" m="53375,51762" machi="17" ten="50,1600,0" yaku="20,1" doraHai="120,37" who="2" fromWho="0" sc="584,-16,157,0,120,16,139,0" owari="568,66.8,157,-4.3,136,-36.4,139,-26.1" /></mjloggm>