<mjloggm ver="2.3"><GO type="225" lobby="0"/><UN n0="%E7%B4%94%E6%BD%94%E3%83%94%E3%83%A9%E3%83%8B%E3%82%A2" n1="%E9%B3%B3%E6%9D%B1%E3%81%AE%E3%81%BF%E3%81%91%E3%81%AB%E3%82%83%E3%82%93" n2="%77%72%77%72%77%72%77%72" n3="%48%61%61%61%6C%61%6E%64" dan="16,17,16,18" rate="2129.74,2158.81,2220.19,2285.84" sx="M,F,M,M"/><TAIKYOKU oya="0"/><INIT seed="0,0,0,5,3,132" ten="250,250,250,250" oya="0" hai0="22,130,112,117,64,1,60,109,46,45,84,73,100" hai1="58,85,93,21,9,116,111,99,114,6,96,65,33" hai2="110,5,56,66,88,86,91,39,54,30,97,70,48" hai3="104,47,69,76,120,92,18,31,24,63,41,25,17"/><T80/><D112/><U13/><E116/><V79/><F39/><W128/><G104/><T113/><D113/><U124/><E33/><V107/><F110/><W133/><G133/><T38/><D117/><U59/><E111/><V0/><F30/><W53/><G128/><T10/><D130/><U74/><E74/><V52/><F70/><W43/><G120/><T118/><D118/><U103/><E114/><V102/><F66/><W15/><G76/><T87/><D109/><U129/><E129/><V49/><F5/><W71/><G92/><T32/><D32/><U105/><E85/><V127/><F0/><W108/><G108/><T68/><D100/><U90/><E65/><V125/><F79/><W82/><G82/><T131/><D131/><U44/><E124/><N who="2" m="47691" /><F86/><W101/><G31/><T81/><D73/><U134/><E134/><V35/><F35/><W122/><G71/><T16/><D38/><U2/><E44/><AGARI ba="0,0" hai="44,48,49,52,54,56,88,91,97,102,107" m="47691" machi="44" ten="30,12000,2" yaku="18,1,52,3,54,2" doraHai="132" who="2" fromWho="1" sc="250,0,250,-120,250,120,250,0" /><INIT seed="1,0,0,1,5,47" ten="250,130,370,250" oya="1" hai0="94,12,95,88,42,62,15,130,121,1,98,38,55" hai1="24,76,79,60,127,128,28,133,44,132,123,115,100" hai2="54,2,82,7,65,90,135,70,6,14,111,5,53" hai3="59,89,56,43,36,41,131,19,10,57,48,25,8"/><U107/><E115/><V84/><F111/><W83/><G36/><T110/><D1/><U113/><E113/><V40/><F2/><W74/><G131/><T119/><D130/><U91/><E123/><V67/><F135/><N who="1" m="51785" /><E128/><V13/><F70/><W31/><G41/><T26/><D110/><U61/><E127/><V27/><F40/><W58/><G19/><T106/><D106/><U3/><E3/><V85/><F27/><W77/><G89/><T75/><D75/><U37/><E91/><V86/><F82/><W20/><N who="3" m="14336" /><DORA hai="101" /><W108/><REACH who="3" step="1"/><G108/><REACH who="3" ten="250,130,370,240" step="2"/><T69/><D88/><U120/><E120/><V124/><F90/><W104/><G104/><T4/><D38/><U39/><E76/><V125/><F125/><W32/><G32/><T64/><D121/><U109/><E79/><V105/><F105/><W0/><G0/><T126/><D126/><U63/><E109/><V11/><F124/><W35/><G35/><T16/><D16/><U46/><E39/><V129/><F129/><W112/><G112/><T50/><D42/><U103/><E37/><V22/><F22/><W117/><G117/><T118/><D119/><U80/><E80/><V71/><F11/><W49/><G49/><T23/><D118/><U134/><N who="1" m="51793" /><U29/><DORA hai="51" /><E100/><V9/><F9/><W116/><G116/><T17/><D50/><U33/><E28/><V92/><F5/><W97/><G97/><AGARI ba="0,1" hai="24,29,33,44,46,60,61,63,97,103,107" m="51793" machi="97" ten="50,4800,0" yaku="20,1,52,1" doraHai="47,101,51" who="1" fromWho="3" sc="250,0,130,58,370,0,240,-48" /><INIT seed="1,1,0,0,2,60" ten="250,188,370,192" oya="1" hai0="83,53,8,45,55,36,10,94,122,56,65,108,48" hai1="22,68,66,76,31,11,90,50,40,132,80,86,13" hai2="35,2,81,15,135,18,72,29,130,28,1,131,82" hai3="100,97,46,62,33,126,103,57,43,133,99,120,70"/><U111/><E132/><V30/><F135/><W91/><G133/><T79/><D108/><U34/><E34/><V117/><F117/><W27/><G120/><T9/><D122/><U71/><E111/><V101/><F101/><W51/><G126/><T26/><D94/><U87/><E68/><V73/><F35/><W41/><G70/><T113/><D113/><U93/><E71/><V134/><F134/><W61/><G43/><T129/><D129/><N who="2" m="49162" /><F82/><W39/><G91/><T21/><D36/><U12/><E66/><V7/><F7/><W106/><G33/><T105/><D105/><U19/><E31/><V115/><F115/><W128/><G27/><T98/><D98/><U49/><REACH who="1" step="1"/><E40/><REACH who="1" ten="250,178,370,192" step="2"/><V6/><F28/><W116/><G128/><T63/><D53/><U127/><E127/><V20/><F29/><W114/><G114/><T112/><D112/><U92/><E92/><V64/><F64/><W25/><G116/><T110/><D110/><U77/><E77/><V42/><F42/><W54/><REACH who="3" step="1"/><G25/><REACH who="3" ten="250,178,370,182" step="2"/><T102/><D26/><U52/><E52/><V75/><F30/><W0/><G0/><T121/><D121/><U47/><E47/><V85/><F1/><W59/><G59/><T107/><D45/><U96/><E96/><V3/><F2/><W78/><G78/><T95/><D79/><U104/><E104/><AGARI ba="1,2" hai="39,41,46,51,54,57,61,62,97,99,100,103,104,106" machi="104" ten="30,3900,0" yaku="1,1,7,1,9,1,53,0" doraHai="60" doraHaiUra="23" who="3" fromWho="1" sc="250,0,178,-42,370,0,182,62" /><INIT seed="2,0,0,4,0,43" ten="250,136,370,244" oya="2" hai0="27,58,15,46,80,19,126,24,35,91,26,62,78" hai1="69,12,102,92,18,100,131,127,6,129,81,41,107" hai2="117,77,23,0,45,133,88,130,64,13,7,71,21" hai3="47,61,70,103,118,72,82,86,108,110,112,8,65"/><V96/><F117/><W44/><G118/><T120/><D120/><U17/><E69/><V115/><F115/><W76/><G112/><T53/><D126/><U97/><E127/><V74/><F0/><W56/><G103/><T106/><D106/><U20/><E81/><V40/><F130/><W11/><G72/><T37/><D91/><U2/><E2/><V132/><F77/><W63/><G8/><T94/><D94/><U54/><E6/><V28/><F74/><W98/><G11/><T3/><D3/><U114/><E114/><V1/><F28/><W135/><G98/><T119/><D119/><U57/><E41/><V104/><F104/><W122/><G122/><T9/><D35/><U95/><E18/><V124/><F96/><W89/><G76/><T111/><D111/><N who="3" m="42537" /><G135/><T52/><D37/><U4/><E4/><V68/><F7/><W73/><G73/><T109/><D109/><U36/><E36/><V101/><F101/><W67/><AGARI ba="0,0" hai="44,47,56,61,63,65,67,70,82,86,89" m="42537" machi="67" ten="30,4000,0" yaku="14,1,52,2" doraHai="43" who="3" fromWho="3" sc="250,-10,136,-10,370,-20,244,40" /><INIT seed="3,0,0,3,4,86" ten="240,126,350,284" oya="3" hai0="38,26,25,107,29,7,93,121,68,65,113,10,103" hai1="11,23,134,67,57,115,64,112,37,129,13,22,82" hai2="1,8,61,101,2,58,99,105,30,114,0,100,135" hai3="60,20,9,15,79,21,89,125,4,130,124,131,39"/><W87/><G39/><T43/><D121/><U66/><E37/><V56/><F114/><W123/><G79/><T40/><D113/><U110/><E110/><V50/><F135/><W34/><G34/><T94/><D107/><U119/><E134/><V16/><F101/><W59/><G123/><T116/><D116/><U70/><E70/><V91/><F30/><W96/><G96/><T3/><D38/><U45/><E119/><V46/><F91/><W55/><G20/><T19/><D65/><U128/><E45/><V6/><F16/><N who="3" m="10399" /><G9/><T42/><D68/><U32/><E32/><V83/><F8/><W111/><G4/><T28/><D19/><U106/><E106/><V126/><F6/><W127/><G111/><T78/><D78/><U132/><E57/><V24/><F0/><W81/><AGARI ba="0,0" hai="55,59,60,81,87,89,124,125,127,130,131" m="10399" machi="81" ten="40,7800,0" yaku="18,1,52,1,54,1" doraHai="86" who="3" fromWho="3" sc="240,-26,126,-26,350,-26,284,78" owari="214,-18.6,100,-40.0,324,12.4,362,46.2" /></mjloggm>