<mjloggm ver="2.3"><GO type="225" lobby="0"/><UN n0="%E3%81%97%E3%82%83%E3%82%8B%E3%81%BC%E3%82%93" n1="%E8%81%B7%E6%A5%AD%E3%80%81%E9%A2%A8%32" n2="%E5%AE%AE%E4%BF%9D%E9%B6%8F%E8%82%89" n3="%E3%81%91%E3%83%BC%E3%81%9E%E3%81%88" dan="16,16,16,16" rate="2177.26,2175.75,2105.23,2189.95" sx="M,M,M,F"/><TAIKYOKU oya="0"/><INIT seed="0,0,0,0,1,1" ten="250,250,250,250" oya="0" hai0="80,51,107,103,2,13,5,66,35,3,67,88,101" hai1="105,23,77,12,0,111,19,122,108,123,16,62,78" hai2="17,75,89,97,56,10,48,57,58,113,129,33,18" hai3="70,74,50,115,96,121,59,30,24,79,132,109,9"/><T26/><D3/><U65/><E105/><V21/><F113/><W128/><G70/><T130/><D2/><U86/><E19/><V112/><F112/><W126/><G79/><N who="1" m="30218" /><E86/><V63/><F33/><W69/><G59/><T71/><D71/><N who="1" m="42423" /><E0/><V99/><F129/><W134/><G50/><T118/><D130/><U82/><E82/><V84/><F75/><W11/><G96/><T25/><D118/><U54/><E54/><V31/><F63/><W117/><G24/><N who="0" m="9323" /><D107/><U125/><E125/><V39/><F39/><W92/><G30/><T52/><D35/><U55/><E55/><V93/><F48/><W114/><G74/><T94/><D80/><U61/><E61/><V20/><F31/><W116/><G69/><T73/><D73/><U44/><E44/><V41/><F41/><W14/><G115/><T34/><D34/><U98/><E98/><N who="2" m="37387" /><F18/><W27/><G114/><T36/><D36/><U29/><E29/><V106/><F106/><W42/><G126/><T46/><D67/><U7/><E7/><V90/><F89/><W22/><G128/><T49/><D49/><U72/><E72/><V85/><F84/><W38/><G38/><T110/><D66/><U15/><E15/><AGARI ba="0,0" hai="10,15,17,20,21,56,57,58,85,90,93" m="37387" machi="15" ten="30,1000,0" yaku="8,1" doraHai="1" who="2" fromWho="1" sc="250,0,250,-10,250,10,250,0" /><INIT seed="1,0,0,5,4,27" ten="250,240,260,250" oya="1" hai0="8,48,103,55,44,11,129,100,112,20,69,24,12" hai1="113,86,42,78,104,1,33,133,67,28,89,37,34" hai2="2,75,107,126,128,90,135,46,29,52,4,47,101" hai3="31,76,70,105,119,98,30,39,3,36,88,85,50"/><U71/><E113/><V35/><F75/><W5/><G119/><T121/><D112/><U65/><E133/><V131/><F135/><W127/><G127/><T102/><D121/><U60/><E67/><V106/><F126/><W23/><G70/><T91/><D69/><U6/><E104/><V59/><F90/><W83/><G23/><T122/><D122/><U58/><E78/><V25/><F2/><W45/><G5/><T110/><D110/><U125/><E125/><V66/><F66/><W99/><G3/><T53/><D129/><N who="2" m="49738" /><F4/><W94/><G99/><T49/><D91/><U80/><E71/><V109/><F109/><W22/><G22/><T108/><D108/><U57/><E57/><V77/><F77/><W118/><G118/><T116/><D116/><U87/><E87/><V92/><F92/><W17/><G17/><T123/><D12/><U15/><E1/><V62/><F101/><W41/><REACH who="3" step="1"/><G105/><AGARI ba="0,0" hai="25,29,35,46,47,52,59,62,105,106,107" m="49738" machi="105" ten="30,3900,0" yaku="19,1,52,1,54,1" doraHai="27" who="2" fromWho="3" sc="250,0,240,0,260,39,250,-39" /><INIT seed="2,0,0,0,5,129" ten="250,240,299,211" oya="2" hai0="96,125,37,63,55,60,134,121,124,83,51,5,6" hai1="49,58,114,16,89,128,30,7,98,133,25,14,57" hai2="99,86,97,130,59,69,65,132,43,91,108,47,12" hai3="11,88,80,24,84,100,112,81,127,61,36,31,0"/><V92/><F130/><W21/><G127/><N who="0" m="48715" /><D121/><U78/><E114/><V26/><F69/><W52/><G112/><T71/><D37/><U131/><E133/><V122/><F122/><W13/><G36/><T102/><D83/><U18/><E78/><V74/><F74/><W107/><G0/><T39/><D39/><U38/><E38/><V2/><F2/><W32/><G32/><T34/><D34/><U106/><E7/><N who="0" m="2569" /><D71/><U27/><E128/><V23/><F132/><W20/><G20/><T15/><D15/><U118/><E131/><V111/><F12/><W22/><G22/><T35/><D35/><U72/><E14/><V3/><F3/><W1/><G1/><T53/><D53/><U70/><E70/><V87/><F43/><W33/><G33/><T41/><D41/><U8/><E72/><V105/><F47/><W73/><G73/><T19/><D19/><U28/><E18/><V93/><F23/><W9/><G81/><T75/><D75/><U62/><E16/><V82/><F26/><W116/><G13/><T66/><D66/><U56/><E27/><V50/><F65/><W42/><G42/><T95/><D134/><U119/><E25/><V120/><F120/><W109/><G116/><T48/><D48/><U104/><E49/><V101/><F50/><W45/><G61/><T54/><D54/><U29/><E62/><V4/><F4/><W117/><G117/><N who="1" m="44554" /><E8/><V94/><F59/><AGARI ba="0,0" hai="51,55,59,60,63,95,96,102" m="2569,48715" machi="59" ten="30,1000,0" yaku="18,1" doraHai="129" who="0" fromWho="2" sc="250,10,240,0,299,-10,211,0" /><INIT seed="3,0,0,1,0,56" ten="260,240,289,211" oya="3" hai0="7,104,118,31,81,134,18,97,59,14,51,95,21" hai1="133,119,45,3,16,72,5,114,75,73,63,100,110" hai2="74,2,27,126,43,86,77,22,50,26,29,67,35" hai3="66,89,125,113,37,127,94,82,0,65,101,49,116"/><W91/><G37/><T90/><D118/><U11/><E110/><V17/><F126/><N who="3" m="48139" /><G116/><T135/><D104/><U60/><E119/><V8/><F74/><W54/><G0/><T68/><D68/><U42/><E114/><V33/><F67/><N who="3" m="25611" /><G113/><T44/><D59/><U115/><E115/><V52/><F43/><W78/><G101/><T99/><D31/><U131/><E133/><V79/><F33/><W6/><G94/><T76/><D99/><U83/><E83/><V10/><F2/><W19/><G19/><T120/><D7/><U9/><E100/><V47/><F86/><N who="3" m="48471" /><G6/><T28/><D28/><U88/><E131/><V40/><F40/><W109/><G109/><T61/><D120/><U102/><E102/><V123/><F123/><W20/><G20/><T132/><D81/><U64/><E64/><V92/><F92/><W107/><G107/><T57/><D76/><U23/><E88/><V24/><F77/><W58/><AGARI ba="0,0" hai="49,54,58,89,91" m="48471,25611,48139" machi="58" ten="30,1500,0" yaku="18,1" doraHai="56" who="3" fromWho="3" sc="260,-5,240,-5,289,-5,211,15" /><INIT seed="3,1,0,1,5,97" ten="255,235,284,226" oya="3" hai0="135,86,79,18,101,61,47,105,82,65,37,44,8" hai1="67,42,17,40,103,74,9,81,106,50,85,128,72" hai2="56,111,66,32,96,114,46,53,6,63,95,98,13" hai3="52,73,62,20,90,109,87,16,29,78,104,120,129"/><W38/><G120/><T130/><D130/><U24/><E128/><V12/><F114/><W58/><G129/><T49/><D135/><U57/><E72/><V0/><F32/><W35/><G38/><T108/><D108/><U119/><E74/><V125/><F111/><W89/><G104/><T118/><D118/><U132/><E132/><V5/><F125/><W71/><G109/><T1/><D37/><U30/><E119/><V19/><F96/><W3/><G3/><T113/><D113/><U115/><E115/><V7/><F0/><W100/><G73/><T102/><D105/><U33/><E103/><N who="0" m="39433" /><D1/><U94/><E106/><V131/><F131/><W134/><G100/><T15/><D49/><U54/><E94/><V91/><F19/><W77/><G71/><T59/><AGARI ba="1,0" hai="8,15,18,44,47,59,61,65,79,82,86" m="39433" machi="59" ten="30,7900,0" yaku="8,1,52,3" doraHai="97" who="0" fromWho="0" sc="255,82,235,-21,284,-21,226,-40" owari="337,43.7,214,-18.6,263,6.3,186,-31.4" /></mjloggm>