<mjloggm ver="2.3"><GO type="225" lobby="0"/><UN n0="%72%61%6B%33" n1="%72%69%6F%75%63%68%61%6E" n2="%E3%81%A9%E3%82%8F%E3%82%93%E3%81%94" n3="%E7%AD%89%E3%80%85%E5%8A%9B%E5%8A%87%E5%A0%B4" dan="18,17,16,16" rate="2245.59,2152.15,2128.36,2126.16" sx="M,M,M,M"/><TAIKYOKU oya="0"/><INIT seed="0,0,0,4,0,32" ten="250,250,250,250" oya="0" hai0="56,89,44,135,69,85,86,118,96,107,123,121,106" hai1="98,90,62,120,128,76,24,109,134,132,79,39,49" hai2="51,68,127,83,91,40,114,102,125,100,78,66,33" hai3="130,0,101,36,46,27,57,124,2,34,72,26,113"/><T6/><D69/><U12/><E109/><V80/><F114/><W31/><G113/><T67/><D44/><U54/><E120/><V77/><F33/><W13/><G72/><T75/><D67/><U93/><E128/><V50/><F66/><W108/><G108/><T94/><D56/><U99/><E39/><V41/><REACH who="2" step="1"/><F91/><REACH who="2" ten="250,250,240,250" step="2"/><W65/><G34/><T61/><D89/><U16/><E134/><V11/><F11/><W1/><G65/><T28/><D135/><U105/><E132/><V5/><F5/><W131/><G130/><T95/><D6/><U35/><E35/><V18/><F18/><W116/><G131/><T19/><D19/><U119/><E119/><V14/><F14/><W10/><G13/><T60/><D28/><U52/><E24/><V22/><F22/><W42/><G10/><T111/><D111/><U4/><E4/><V63/><F63/><W7/><G7/><T25/><D25/><U9/><E62/><V97/><F97/><W48/><G116/><T64/><D64/><U37/><E99/><V43/><F43/><W126/><G27/><T117/><D96/><N who="1" m="57399" /><E54/><V88/><F88/><W103/><G26/><T87/><REACH who="0" step="1"/><D86/><REACH who="0" ten="240,250,240,250" step="2"/><U82/><E16/><V45/><F45/><W29/><G31/><T73/><AGARI ba="0,2" hai="60,61,73,75,85,87,94,95,106,107,117,118,121,123" machi="73" ten="25,18000,2" yaku="1,1,2,1,0,1,22,2,53,2" doraHai="32" doraHaiUra="58" who="0" fromWho="0" sc="240,200,250,-60,240,-60,250,-60" /><INIT seed="0,1,0,3,2,23" ten="440,190,180,190" oya="0" hai0="93,8,119,1,109,29,46,43,89,84,42,14,74" hai1="0,49,110,7,34,90,70,26,79,25,44,66,73" hai2="86,101,111,107,91,117,60,48,22,100,12,98,13" hai3="35,123,102,62,121,37,55,67,103,5,88,134,108"/><T104/><D119/><U135/><E34/><V92/><F117/><W11/><G37/><T105/><D109/><U72/><E79/><V63/><F111/><W81/><G108/><T69/><D69/><U112/><E110/><V83/><F101/><W45/><G134/><T2/><D74/><U58/><E70/><V129/><F129/><W71/><G35/><T57/><D43/><U68/><E68/><V27/><F107/><W77/><G88/><T130/><D130/><U131/><E131/><V32/><F32/><W133/><G133/><T24/><D57/><U3/><E135/><V50/><F48/><W65/><G65/><T36/><D105/><U4/><E112/><V33/><F50/><W78/><G78/><T127/><D104/><U132/><E132/><V116/><F33/><W64/><G64/><T6/><REACH who="0" step="1"/><D127/><REACH who="0" ten="430,190,180,190" step="2"/><U54/><E73/><V120/><F116/><W38/><G71/><T59/><D59/><U75/><E72/><V80/><F120/><W94/><G123/><T28/><D28/><U47/><E75/><V9/><F63/><W52/><G62/><T20/><AGARI ba="1,1" hai="1,2,6,8,14,20,24,29,36,42,46,84,89,93" machi="20" ten="20,12000,1" yaku="1,1,0,1,7,1,52,1,53,1" doraHai="23" doraHaiUra="41" who="0" fromWho="0" sc="430,133,190,-41,180,-41,190,-41" /><INIT seed="0,2,0,3,4,120" ten="563,149,139,149" oya="0" hai0="38,128,9,94,42,46,66,96,98,56,116,20,5" hai1="71,134,97,68,130,47,75,114,36,129,44,30,85" hai2="50,26,74,54,84,35,14,34,40,124,73,27,135" hai3="60,77,8,25,31,63,16,15,32,90,101,58,118"/><T100/><D128/><N who="1" m="49259" /><E75/><V99/><F40/><W55/><G118/><T79/><D116/><U11/><E134/><V7/><F135/><W111/><G101/><T92/><D20/><U125/><E125/><V102/><F124/><W43/><G77/><T29/><D29/><U37/><E30/><V28/><F84/><W107/><G107/><T115/><D115/><U86/><E97/><V64/><F64/><W88/><G111/><T62/><D79/><U80/><E11/><V126/><F27/><W91/><REACH who="3" step="1"/><G43/><REACH who="3" ten="563,149,139,139" step="2"/><T12/><D96/><U87/><E114/><V123/><F126/><W2/><G2/><T82/><D82/><U81/><E80/><V53/><F102/><W133/><G133/><T48/><REACH who="0" step="1"/><D38/><REACH who="0" ten="553,149,139,139" step="2"/><N who="1" m="14955" /><E81/><V41/><F74/><W132/><G132/><T127/><D127/><U18/><E18/><V109/><F73/><W33/><G33/><T52/><D52/><U1/><E1/><V117/><F54/><W121/><G121/><T45/><D45/><AGARI ba="2,2" hai="44,45,47,68,71,85,86,87" m="14955,49259" machi="45" ten="40,5200,0" yaku="28,2,19,1" doraHai="120" who="1" fromWho="0" sc="553,-58,149,78,139,0,139,0" /><INIT seed="1,0,0,5,5,76" ten="495,227,139,139" oya="1" hai0="73,67,72,65,19,94,132,101,6,75,81,1,121" hai1="21,109,16,135,90,2,99,89,3,5,96,55,104" hai2="9,117,40,134,49,125,0,118,83,33,128,4,36" hai3="107,86,41,78,13,20,111,124,97,88,31,29,113"/><U46/><E135/><V133/><F36/><W126/><G113/><T38/><D38/><U106/><E5/><V37/><F49/><W12/><G78/><T25/><D132/><N who="2" m="50794" /><F40/><W44/><G111/><T39/><D39/><U105/><E109/><V84/><F37/><W102/><G41/><T110/><D121/><U54/><E46/><V119/><F33/><W23/><G44/><T56/><D94/><U62/><E62/><V53/><F53/><N who="1" m="19977" /><E21/><V91/><F128/><W108/><G108/><T130/><D6/><U123/><E123/><V17/><F17/><W32/><G32/><T93/><D19/><U122/><E16/><V127/><AGARI ba="0,0" hai="0,4,9,83,84,91,117,118,119,125,127" m="50794" machi="127" ten="40,2700,0" yaku="20,1,52,1" doraHai="76" who="2" fromWho="2" sc="495,-7,227,-13,139,27,139,-7" /><INIT seed="2,0,0,3,0,37" ten="488,214,166,132" oya="2" hai0="8,85,7,113,88,56,3,118,52,122,99,112,91" hai1="29,86,45,107,132,80,98,31,114,38,1,22,108" hai2="12,13,49,128,97,4,81,123,120,6,115,126,93" hai3="54,121,23,26,76,10,55,94,2,5,58,101,11"/><V0/><F115/><W109/><G121/><T21/><D122/><U110/><E114/><V64/><F0/><W62/><G109/><N who="1" m="42090" /><E1/><V78/><F128/><W131/><G131/><T18/><D118/><U116/><E116/><V53/><F64/><W35/><G35/><T104/><D104/><U69/><E69/><V119/><F126/><W66/><G11/><T39/><D39/><U134/><E38/><V59/><F119/><W65/><G76/><T106/><D91/><N who="1" m="51655" /><E45/><V41/><F123/><W124/><G124/><T60/><D106/><U95/><E107/><V84/><F120/><W72/><G72/><T102/><D102/><N who="1" m="60767" /><E22/><V36/><F36/><W28/><REACH who="3" step="1"/><G66/><REACH who="3" ten="488,214,166,122" step="2"/><T96/><D113/><U33/><E33/><V15/><F6/><W87/><G87/><T92/><D112/><U125/><E125/><V24/><F4/><W27/><G27/><AGARI ba="0,1" hai="3,7,8,18,21,27,52,56,60,85,88,92,96,99" machi="27" ten="30,3900,0" yaku="7,1,54,2" doraHai="37" who="0" fromWho="3" sc="488,49,214,0,166,0,122,-39" /><INIT seed="3,0,0,5,4,67" ten="537,214,166,83" oya="3" hai0="57,82,26,88,113,53,33,15,68,103,72,71,12" hai1="98,111,106,21,30,93,64,97,134,66,80,39,60" hai2="70,55,28,1,116,110,27,8,49,43,132,34,83" hai3="81,124,35,16,112,95,32,114,87,20,115,6,133"/><W36/><G36/><T45/><D103/><U14/><E111/><V85/><F110/><W3/><G133/><T61/><D113/><U101/><E39/><V79/><F132/><W51/><G124/><T77/><D88/><U104/><E134/><V131/><F131/><W13/><G95/><T130/><D130/><U121/><E121/><V10/><F116/><W17/><G3/><T62/><D45/><U120/><E120/><V0/><F70/><W48/><G6/><T19/><D61/><U108/><E108/><V40/><F1/><W119/><G119/><T118/><D118/><U50/><E80/><V52/><F55/><W44/><G17/><T59/><D59/><U47/><E98/><V105/><F105/><W56/><G56/><T84/><D72/><U69/><E64/><V4/><REACH who="2" step="1"/><F10/><REACH who="2" ten="537,214,156,83" step="2"/><W2/><G2/><T73/><D12/><U126/><E126/><V109/><F109/><W18/><G18/><T63/><D63/><U25/><E14/><V94/><F94/><W74/><G74/><T78/><D77/><U29/><E29/><V100/><F100/><W42/><REACH who="3" step="1"/><G48/><REACH who="3" ten="537,214,156,73" step="2"/><T117/><D73/><U125/><E125/><V102/><F102/><W127/><G127/><T91/><D19/><U129/><E129/><V75/><F75/><W24/><G24/><T23/><D117/><U86/><E86/><V37/><F37/><W54/><G54/><AGARI ba="0,2" hai="21,25,30,47,50,54,60,66,69,93,97,101,104,106" machi="54" ten="30,2000,0" yaku="7,1,52,1" doraHai="67" who="1" fromWho="3" sc="537,0,214,40,156,0,73,-20" owari="537,63.7,254,5.4,156,-24.4,53,-44.7" /></mjloggm>