<mjloggm ver="2.3"><GO type="225" lobby="0"/><UN n0="%E9%95%B7%E5%B7%9E%E3%81%AE%E5%85%8B" n1="%E3%81%BF%E3%81%BF%E3%81%9A" n2="%E8%83%83%E3%81%A8%E8%85%B8" n3="%77%72%77%72%77%72%77%72" dan="16,16,17,16" rate="2111.09,2143.57,2254.03,2130.44" sx="M,M,M,M"/><TAIKYOKU oya="0"/><INIT seed="0,0,0,4,2,11" ten="250,250,250,250" oya="0" hai0="117,133,28,115,132,122,94,24,22,135,121,98,32" hai1="128,76,108,25,12,4,2,106,8,51,88,120,92" hai2="116,102,100,111,52,39,91,10,60,5,96,127,67" hai3="101,61,44,14,99,104,72,50,118,87,53,89,17"/><T86/><D117/><U56/><E120/><V54/><F39/><W130/><G130/><T70/><D70/><U129/><E106/><V21/><F116/><W49/><G118/><T124/><D86/><N who="1" m="52247" /><E76/><V16/><F111/><W31/><G72/><T64/><D64/><U75/><E75/><V45/><F127/><W23/><G31/><T55/><D115/><U90/><E25/><V113/><F113/><W18/><G18/><T27/><D55/><N who="1" m="31871" /><E90/><V6/><F91/><W81/><G50/><T123/><D124/><U105/><E105/><V83/><F83/><W78/><REACH who="3" step="1"/><G89/><REACH who="3" ten="250,250,250,240" step="2"/><N who="0" m="55631" /><D123/><U125/><E125/><V82/><F82/><W112/><G112/><T110/><D110/><U20/><E108/><V85/><F85/><W1/><G1/><T93/><D93/><U0/><E0/><V57/><F100/><W109/><G109/><T37/><D37/><U35/><E35/><V34/><F34/><W59/><G59/><T126/><D126/><U42/><E42/><V26/><F45/><W114/><G114/><T36/><D36/><U69/><E69/><V63/><F63/><AGARI ba="0,1" hai="14,17,23,44,49,53,61,63,78,81,87,99,101,104" machi="63" ten="40,2600,0" yaku="1,1,52,1,53,0" doraHai="11" doraHaiUra="131" who="3" fromWho="2" sc="250,0,250,0,250,-26,240,36" /><INIT seed="1,0,0,5,2,111" ten="250,250,224,276" oya="1" hai0="86,43,46,83,67,107,30,124,11,99,132,74,19" hai1="114,127,95,10,44,15,23,113,28,66,117,112,71" hai2="63,52,20,122,120,128,34,22,77,49,91,62,104" hai3="7,61,70,5,4,51,13,105,0,125,38,93,81"/><U98/><E117/><V109/><F34/><W116/><G105/><T36/><D124/><U87/><E127/><V27/><F109/><W80/><G125/><T60/><D30/><U135/><E135/><V45/><F128/><W9/><G38/><T100/><D74/><U54/><E87/><V68/><F104/><W123/><G123/><T90/><D132/><U75/><E75/><V57/><F77/><W88/><G116/><T92/><D11/><U14/><E71/><V129/><F129/><W2/><G51/><T39/><D19/><U31/><E66/><V12/><F91/><W29/><G29/><T40/><D43/><U56/><E44/><V48/><F12/><W126/><G126/><T94/><REACH who="0" step="1"/><D36/><REACH who="0" ten="240,250,224,276" step="2"/><U89/><E23/><V84/><F22/><W101/><G9/><T97/><D97/><U53/><E15/><V1/><F1/><W119/><G119/><T35/><D35/><U103/><E31/><V21/><F21/><W82/><G13/><T59/><AGARI ba="0,1" hai="39,40,46,59,60,67,83,86,90,92,94,99,100,107" machi="59" ten="20,5200,0" yaku="1,1,0,1,7,1,53,1" doraHai="111" doraHaiUra="55" who="0" fromWho="0" sc="240,62,250,-26,224,-13,276,-13" /><INIT seed="2,0,0,4,1,119" ten="302,224,211,263" oya="2" hai0="26,28,82,29,93,85,112,76,10,111,23,130,100" hai1="3,46,129,38,53,99,45,92,118,108,95,69,16" hai2="131,109,59,114,96,122,36,102,91,68,52,77,127" hai3="97,21,71,44,117,74,6,5,9,63,115,116,55"/><V2/><F114/><W18/><G74/><T121/><D111/><U135/><E118/><V70/><F36/><W90/><G115/><T83/><D112/><U33/><E69/><V75/><F2/><W110/><G110/><T80/><D130/><U58/><E108/><V40/><F40/><W35/><G35/><T84/><D10/><U81/><E33/><V124/><F109/><W88/><G71/><T107/><D107/><U78/><E3/><V94/><F131/><W113/><G113/><T30/><D121/><U73/><E129/><V61/><F122/><W25/><G90/><T43/><D43/><U0/><E0/><V56/><F56/><N who="3" m="35231" /><G44/><T98/><REACH who="0" step="1"/><D83/><REACH who="0" ten="292,224,211,263" step="2"/><U42/><E135/><V126/><F102/><W27/><G9/><T47/><D47/><U101/><E45/><V64/><F64/><W8/><G8/><T67/><D67/><U13/><E53/><V51/><F61/><W15/><G117/><T86/><D86/><U123/><E123/><V132/><F132/><W103/><G116/><T4/><D4/><U24/><E58/><V125/><N who="2" m="31744" /><DORA hai="106" /><V79/><REACH who="2" step="1"/><F77/><AGARI ba="0,1" hai="23,26,28,29,30,76,77,80,82,84,85,93,98,100" machi="77" ten="30,7700,0" yaku="1,1,7,1,9,1,8,1,53,0" doraHai="119,106" doraHaiUra="37,34" who="0" fromWho="2" sc="292,87,224,0,211,-77,263,0" /><INIT seed="3,0,0,4,3,38" ten="379,224,134,263" oya="3" hai0="1,51,135,101,119,134,3,12,116,16,45,73,18" hai1="22,128,122,50,80,127,36,68,60,52,118,90,105" hai2="89,71,26,123,96,13,58,112,133,121,24,39,6" hai3="15,20,91,126,93,37,81,115,113,72,109,23,84"/><W7/><G126/><T104/><D73/><U99/><E122/><V67/><F112/><W46/><G109/><T65/><D65/><U114/><E114/><V9/><F133/><N who="0" m="50698" /><D101/><U4/><E127/><V29/><F71/><W55/><G20/><N who="0" m="11271" /><D18/><U34/><E34/><V43/><F121/><W33/><G33/><T66/><D66/><U82/><E36/><V97/><F123/><W100/><G37/><T56/><D56/><U32/><E32/><V8/><F8/><W31/><G100/><T75/><D75/><U86/><E128/><V10/><F10/><W63/><G72/><T130/><D104/><U107/><E4/><V87/><F39/><W124/><G7/><T111/><D111/><U59/><E118/><N who="0" m="45097" /><D130/><U74/><E22/><V5/><F5/><W129/><G23/><T2/><D2/><U95/><E68/><V53/><F67/><W125/><G129/><T103/><D103/><U69/><E69/><V64/><F64/><W19/><G125/><T94/><D94/><U54/><E74/><V131/><F131/><W110/><G124/><T28/><D28/><U0/><E0/><V83/><F43/><AGARI ba="0,0" hai="1,3,43,45,51" m="45097,11271,50698" machi="43" ten="30,3900,0" yaku="20,1,52,1,54,1" doraHai="38" who="0" fromWho="2" sc="379,39,224,0,134,-39,263,0" owari="418,51.8,224,-17.6,95,-40.5,263,6.3" /></mjloggm>