<mjloggm ver="2.3"><GO type="225" lobby="0"/><UN n0="%E7%BD%AA%E5%88%91%E6%B3%95%E5%AE%9A%E4%B8%BB%E7%BE%A9" n1="%E3%81%AF%E3%82%88%E3%81%8A%E3%81%98%E3%81%95%E3%82%93" n2="%48%61%61%61%6C%61%6E%64" n3="%E3%81%9F%E3%81%8C%E3%82%84%E3%81%99" dan="16,16,17,16" rate="2160.06,2150.34,2158.65,2128.42" sx="M,M,M,M"/><TAIKYOKU oya="0"/><INIT seed="0,0,0,3,3,10" ten="250,250,250,250" oya="0" hai0="17,59,110,48,40,69,119,22,81,132,0,97,18" hai1="58,32,78,46,108,121,36,90,29,96,65,75,6" hai2="106,31,134,76,94,41,77,27,39,30,135,3,53" hai3="91,107,56,130,118,125,128,4,131,124,88,79,133"/><T101/><D119/><U92/><E121/><V93/><F106/><W61/><G107/><T116/><D116/><U15/><E108/><V14/><F3/><W84/><G118/><T28/><D69/><U123/><E123/><V70/><F70/><W100/><G100/><T44/><D0/><U16/><E6/><V38/><F41/><W109/><G109/><T103/><D110/><U120/><E120/><V11/><F53/><W66/><G4/><T7/><D7/><U60/><E75/><V52/><F52/><W54/><G133/><N who="2" m="50697" /><F94/><W129/><N who="3" m="32768" /><DORA hai="51" /><W23/><G23/><T63/><D132/><U86/><E32/><N who="2" m="20575" /><F93/><W20/><G20/><T67/><D81/><N who="1" m="47415" /><E36/><N who="2" m="13867" /><F31/><W74/><G74/><T43/><D43/><U2/><E2/><V5/><AGARI ba="0,0" hai="5,11,14,76,77" m="13867,20575,50697" machi="5" ten="30,2000,0" yaku="20,1,52,1" doraHai="10,51" who="2" fromWho="2" sc="250,-10,250,-5,250,20,250,-5" /><INIT seed="1,0,0,5,2,91" ten="240,245,270,245" oya="1" hai0="24,124,120,115,5,71,109,122,29,36,69,86,84" hai1="13,74,52,19,49,83,50,60,22,104,89,81,8" hai2="97,58,98,4,129,3,87,105,41,7,27,100,14" hai3="130,126,44,101,118,96,95,38,73,15,72,79,18"/><U127/><E127/><V111/><F3/><W99/><G38/><T35/><D115/><U43/><E104/><V1/><F1/><W82/><G44/><T30/><D124/><U67/><E74/><V34/><F111/><W63/><G126/><T92/><D109/><U70/><E49/><V28/><F129/><W65/><G130/><T25/><D36/><U46/><E43/><V132/><F132/><W21/><G118/><T9/><D9/><U135/><E135/><V93/><F87/><W114/><G99/><T64/><D5/><U16/><REACH who="1" step="1"/><E89/><REACH who="1" ten="240,235,270,245" step="2"/><V47/><F41/><W59/><REACH who="3" step="1"/><G72/><REACH who="3" ten="240,235,270,235" step="2"/><T56/><D122/><U42/><E42/><V123/><F123/><W57/><G57/><T66/><D56/><U102/><E102/><V53/><F47/><W62/><G62/><T17/><D120/><U77/><E77/><V107/><F58/><W51/><G51/><T39/><D39/><U68/><E68/><V113/><F100/><W103/><G103/><T0/><D71/><U32/><E32/><V119/><F34/><W134/><G134/><T78/><D69/><U125/><E125/><V2/><F107/><W31/><G31/><T110/><D35/><U75/><E75/><V94/><F105/><W61/><G61/><T108/><D30/><U26/><AGARI ba="0,2" hai="8,13,16,19,22,26,46,50,52,60,67,70,81,83" machi="26" ten="20,18000,2" yaku="1,1,0,1,7,1,54,2,53,1" doraHai="91" doraHaiUra="6" who="1" fromWho="1" sc="240,-60,235,200,270,-60,235,-60" /><INIT seed="1,1,0,4,2,36" ten="180,435,210,175" oya="1" hai0="49,56,64,11,69,86,107,72,134,48,13,65,101" hai1="43,15,71,35,96,59,62,76,52,120,7,119,20" hai2="84,9,89,90,45,34,127,50,122,60,95,5,40" hai3="117,121,18,17,80,100,132,103,27,41,31,33,66"/><U109/><E35/><V93/><F122/><W12/><G66/><T73/><D69/><U10/><E120/><V23/><F34/><W92/><G121/><T126/><D126/><U22/><E119/><V128/><F127/><W85/><G132/><T30/><D30/><U46/><E109/><V83/><F128/><W39/><G117/><T79/><D134/><U91/><E71/><V51/><F60/><W105/><G105/><T24/><D24/><U94/><E76/><V58/><F23/><W6/><G6/><T116/><D116/><U42/><E42/><V70/><F70/><W87/><G18/><T21/><D21/><U131/><E131/><V16/><F5/><W77/><G87/><T55/><D49/><AGARI ba="1,0" hai="7,10,15,20,22,43,46,49,52,59,62,91,94,96" machi="49" ten="30,11600,0" yaku="7,1,8,1,52,1,54,1" doraHai="36" who="1" fromWho="0" sc="180,-119,435,119,210,0,175,0" /><INIT seed="1,2,0,2,5,125" ten="61,554,210,175" oya="1" hai0="102,33,134,120,11,129,118,106,23,135,74,98,131" hai1="117,73,87,132,2,43,83,63,82,66,86,22,45" hai2="107,78,13,26,47,105,16,27,80,1,91,76,9" hai3="90,6,31,69,24,122,128,124,72,101,112,81,96"/><U21/><E117/><V99/><F1/><W52/><G69/><T5/><D118/><U75/><E2/><V51/><F107/><W92/><G122/><T57/><D74/><U53/><E132/><N who="0" m="50729" /><D33/><U97/><E53/><N who="2" m="29951" /><F105/><W25/><G112/><T85/><D85/><U130/><E130/><N who="0" m="49673" /><D23/><U84/><E21/><N who="2" m="13607" /><F27/><W111/><G25/><T64/><D120/><U61/><E22/><V109/><F109/><W8/><G111/><T60/><D11/><U28/><E87/><N who="2" m="50663" /><F99/><W116/><G116/><T94/><D106/><U68/><E86/><V127/><F127/><W77/><G124/><T89/><D5/><AGARI ba="2,0" hai="5,9,13,76,78" m="50663,13607,29951" machi="5" ten="30,2000,0" yaku="8,1,54,1" doraHai="125" who="2" fromWho="0" sc="61,-26,554,0,210,26,175,0" /><INIT seed="2,0,0,0,5,62" ten="35,554,236,175" oya="2" hai0="32,93,99,77,44,19,111,76,107,33,48,16,91" hai1="21,101,3,73,1,125,11,13,127,132,126,75,130" hai2="78,60,119,87,41,86,69,65,116,47,82,12,4" hai3="49,135,105,85,22,54,72,104,134,89,10,57,109"/><V113/><F113/><W117/><G72/><N who="1" m="27722" /><E130/><V38/><REACH who="2" step="1"/><F87/><REACH who="2" ten="35,554,226,175" step="2"/><W7/><G85/><T94/><D111/><U71/><E127/><V26/><F26/><W23/><G109/><T30/><D107/><U129/><E126/><V55/><F55/><W25/><G54/><T96/><D30/><U50/><E125/><V103/><F103/><W40/><G25/><T70/><D70/><U20/><E71/><V81/><F81/><W97/><G105/><T100/><D33/><U43/><E101/><V17/><F17/><W133/><G104/><T51/><D32/><U9/><E129/><V114/><F114/><W106/><G106/><T123/><D123/><U80/><E80/><V83/><F83/><W28/><G28/><T102/><REACH who="0" step="1"/><D44/><REACH who="0" ten="25,554,226,175" step="2"/><U18/><E18/><V64/><F64/><W15/><G134/><T27/><D27/><U59/><E132/><V24/><F24/><W5/><G135/><T67/><D67/><U121/><E121/><V37/><F37/><W46/><G133/><T8/><D8/><AGARI ba="0,2" hai="4,8,12,38,41,47,60,65,69,78,82,86,116,119" machi="8" ten="40,3900,0" yaku="1,1,52,1,53,0" doraHai="62" doraHaiUra="92" who="2" fromWho="0" sc="25,-39,554,0,226,59,175,0" owari="-14,-51.4,554,65.4,285,8.5,175,-22.5" /></mjloggm>