<mjloggm ver="2.3"><GO type="225" lobby="0"/><UN n0="%E3%82%BC%E3%83%AB%E3%83%80%E3%81%AE%E4%BC%9D%E8%AA%AC" n1="%6D%75%75%6D%75%72%61" n2="%4B%2E%32%2E%4B%2E" n3="%E7%AD%89%E3%80%85%E5%8A%9B%E5%8A%87%E5%A0%B4" dan="16,16,16,16" rate="2221.08,2160.54,2129.00,2136.21" sx="M,F,M,M"/><TAIKYOKU oya="0"/><INIT seed="0,0,0,5,1,99" ten="250,250,250,250" oya="0" hai0="79,9,27,4,130,121,72,47,78,125,25,82,87" hai1="116,48,34,28,49,83,54,59,92,96,19,15,6" hai2="111,103,60,132,106,113,32,1,97,134,131,43,104" hai3="55,11,76,41,51,108,22,94,62,42,37,89,74"/><T31/><D121/><U110/><E116/><V129/><F1/><W46/><G108/><T69/><D125/><U105/><E110/><V44/><F111/><W65/><G37/><T58/><D69/><U7/><E105/><V23/><F113/><W53/><G74/><T122/><D122/><U57/><E83/><V109/><F109/><W10/><G76/><T67/><D130/><N who="2" m="49674" /><F32/><W35/><G35/><T117/><D117/><U64/><E34/><V118/><F118/><W98/><G55/><T17/><D17/><U128/><E28/><V33/><F33/><W30/><G42/><T107/><D107/><U39/><E39/><N who="2" m="21631" /><F106/><W50/><G30/><T3/><D47/><U36/><E36/><V68/><F23/><W81/><G22/><T70/><D70/><U12/><E128/><V75/><F75/><W102/><G41/><T38/><D38/><U14/><E19/><V73/><F73/><W26/><G10/><T90/><D31/><U119/><E119/><V45/><F45/><W80/><G11/><T8/><D9/><U71/><E71/><V13/><F13/><W135/><G26/><N who="0" m="9739" /><D72/><U112/><E112/><V123/><F123/><W20/><G20/><T16/><D16/><U63/><REACH who="1" step="1"/><E49/><REACH who="1" ten="250,240,250,250" step="2"/><V120/><F120/><W86/><G51/><T93/><D82/><U95/><E95/><V85/><F85/><W24/><G80/><T18/><D18/><U2/><E2/><V5/><F5/><W61/><G81/><T21/><D21/><U40/><E40/><V126/><F126/><W101/><G86/><T84/><D87/><U114/><E114/><RYUUKYOKU ba="0,1" sc="250,10,240,10,250,10,250,-30" hai0="3,4,8,58,67,78,79,84,90,93" hai1="6,7,12,14,15,48,54,57,59,63,64,92,96" hai2="60,68,97,103,104,132,134" /><INIT seed="0,1,1,4,3,50" ten="260,250,260,220" oya="0" hai0="46,30,69,109,72,90,88,3,22,34,131,112,32" hai1="0,119,101,7,128,81,125,107,49,20,110,132,75" hai2="80,36,96,78,23,29,94,35,117,126,59,44,103" hai3="10,39,5,47,54,102,82,2,127,31,4,11,24"/><T91/><D112/><U6/><E119/><V45/><F35/><W134/><G134/><T130/><D69/><U133/><E110/><V93/><F117/><W76/><G127/><T97/><D109/><U120/><E120/><V111/><F111/><W13/><G102/><T70/><D70/><U1/><E125/><V104/><F126/><W19/><G19/><T100/><D72/><U106/><E20/><V53/><F23/><W9/><G9/><T135/><D3/><N who="1" m="1099" /><E101/><V16/><F16/><W74/><G39/><T41/><D135/><N who="1" m="51787" /><E49/><V48/><F29/><W83/><G31/><T33/><D22/><U28/><E28/><V118/><F118/><W15/><G24/><T113/><D113/><U92/><E92/><V57/><F57/><W17/><G83/><T26/><D26/><U64/><E64/><V85/><REACH who="2" step="1"/><F59/><REACH who="2" ten="260,250,250,220" step="2"/><W38/><G17/><T98/><D30/><U84/><E128/><N who="0" m="49193" /><D100/><U52/><E7/><V60/><F60/><W77/><G5/><T55/><D55/><U27/><E6/><V14/><F14/><W61/><G15/><T95/><D98/><U42/><E52/><V58/><F58/><W12/><G13/><T73/><D73/><U71/><E75/><V25/><F25/><W124/><G12/><T86/><D97/><U79/><E27/><V116/><F116/><W68/><G74/><T21/><D21/><U56/><E71/><V43/><AGARI ba="1,2" hai="36,43,44,45,48,53,78,80,85,93,94,96,103,104" machi="43" ten="30,4000,0" yaku="1,1,0,1,52,1,53,0" doraHai="50" doraHaiUra="62" who="2" fromWho="2" sc="260,-21,250,-11,250,63,220,-11" /><INIT seed="1,0,0,2,1,91" ten="239,239,313,209" oya="1" hai0="123,76,88,34,54,109,57,60,72,62,2,44,51" hai1="67,15,114,22,108,93,75,0,120,38,118,3,113" hai2="39,64,30,31,102,6,18,94,111,110,12,16,63" hai3="21,100,17,131,28,35,66,61,48,40,105,86,128"/><U78/><E118/><V13/><F39/><W107/><G35/><T8/><D34/><U73/><E120/><V129/><F129/><W52/><G28/><N who="2" m="10793" /><F102/><W25/><G40/><T106/><D106/><U42/><E108/><N who="2" m="41515" /><F94/><W49/><G107/><T5/><D109/><U103/><E67/><V74/><F74/><W14/><G105/><T77/><D123/><U98/><E42/><V112/><F112/><W127/><G100/><T70/><D72/><U37/><E75/><V69/><F13/><W45/><G14/><T130/><D130/><U53/><E38/><V56/><F69/><W47/><G131/><T9/><D70/><U1/><E37/><V7/><F18/><W97/><G128/><T11/><D2/><U71/><E71/><V121/><F121/><W4/><G17/><T81/><D5/><U125/><E125/><V80/><F80/><W58/><G4/><T26/><D26/><U104/><E104/><V96/><F96/><W41/><G97/><T89/><D81/><U101/><E101/><V19/><F19/><N who="3" m="12479" /><G127/><T23/><D77/><U116/><E116/><V29/><F29/><W92/><G86/><T84/><D76/><U115/><E78/><V124/><F124/><W99/><G99/><T79/><D79/><U117/><E73/><V32/><F32/><W24/><G24/><T83/><D84/><U133/><E117/><V90/><F90/><W119/><G119/><T65/><D83/><U82/><E82/><V46/><F6/><W85/><G85/><T135/><D89/><U87/><E103/><V36/><F7/><W59/><G92/><RYUUKYOKU ba="0,0" sc="239,-10,239,-10,313,-10,209,30" hai3="41,45,47,48,49,52,58,59,61,66" /><INIT seed="2,1,0,0,5,64" ten="229,229,303,239" oya="2" hai0="113,123,61,47,41,8,16,75,108,85,97,82,79" hai1="62,133,107,78,34,71,126,116,114,10,25,55,38" hai2="52,1,51,117,105,125,130,102,50,32,87,17,94" hai3="0,104,42,54,12,56,124,24,135,11,68,33,44"/><V48/><F117/><W66/><G104/><T88/><D123/><U127/><E116/><V86/><F105/><W57/><G135/><T43/><D113/><U67/><E114/><V31/><F1/><W110/><G110/><T7/><D108/><U115/><E115/><V9/><F125/><N who="1" m="47625" /><E133/><V59/><F130/><W37/><G124/><T40/><D61/><U23/><E107/><V93/><F31/><W4/><G0/><T89/><D97/><U80/><E38/><V5/><F32/><W39/><G39/><T81/><D89/><U26/><E10/><V112/><F5/><W122/><G122/><T18/><REACH who="0" step="1"/><D47/><REACH who="0" ten="219,229,303,239" step="2"/><U72/><E78/><V6/><F112/><W21/><G44/><T63/><D63/><U98/><E98/><V46/><F46/><W100/><G100/><T73/><D73/><U28/><E72/><V101/><F101/><W134/><G134/><T128/><D128/><U77/><E77/><V45/><F102/><W36/><G66/><T27/><D27/><U22/><E80/><V60/><F45/><W74/><G24/><T90/><D90/><U129/><E129/><V2/><F87/><W95/><G74/><T30/><D30/><N who="1" m="17719" /><E55/><V65/><F86/><W106/><G54/><T132/><D132/><U69/><E34/><V15/><REACH who="2" step="1"/><F65/><REACH who="2" ten="219,229,293,239" step="2"/><W19/><G33/><T83/><D83/><U119/><E119/><V84/><F84/><W76/><G37/><T35/><D35/><U120/><E120/><V58/><F58/><AGARI ba="1,2" hai="23,26,28,58,62,67,69,71" m="17719,47625" machi="58" ten="30,3900,0" yaku="18,1,52,2" doraHai="64" who="1" fromWho="2" sc="219,0,229,62,293,-42,239,0" /><INIT seed="3,0,0,3,1,111" ten="219,291,251,239" oya="3" hai0="71,128,95,1,98,3,124,126,35,96,19,52,62" hai1="54,135,39,21,58,132,9,83,30,11,5,79,25" hai2="113,12,2,16,119,118,61,134,24,36,7,81,66" hai3="87,28,75,29,63,50,53,82,80,121,48,20,6"/><W102/><G121/><T14/><D35/><U37/><E54/><V70/><F36/><N who="1" m="13897" /><E58/><V43/><F134/><N who="1" m="51241" /><E5/><V109/><F109/><W46/><G75/><AGARI ba="0,0" hai="9,11,21,25,30,75,79,83" m="51241,13897" machi="75" ten="30,1000,0" yaku="20,1" doraHai="111" who="1" fromWho="3" sc="219,0,291,10,251,0,239,-10" owari="219,-28.1,301,40.1,251,5.1,229,-17.1" /></mjloggm>