<mjloggm ver="2.3"><GO type="225" lobby="0"/><UN n0="%E6%B8%A9%E2%98%85%E6%83%85%E2%98%85%E6%8E%AA%E2%98%85%E7%BD%AE" n1="%E3%81%8B%E3%82%8F%E3%81%A1%E3%82%83%E3%82%93%35%38" n2="%E5%B5%90%E9%9B%B2%E3%81%AE%E3%82%AB%E3%83%A9%E3%82%B9" n3="%77%72%77%72%77%72%77%72" dan="17,16,16,16" rate="2217.50,2179.18,2074.77,2235.03" sx="M,M,F,M"/><TAIKYOKU oya="0"/><INIT seed="0,0,0,4,3,23" ten="250,250,250,250" oya="0" hai0="135,109,2,120,25,96,73,81,86,45,50,53,24" hai1="78,76,29,70,71,21,15,110,91,79,8,67,28" hai2="88,1,123,104,106,5,60,116,0,19,9,117,62" hai3="36,64,127,20,95,72,107,74,17,54,114,85,126"/><T66/><D120/><U98/><E110/><V115/><F115/><W51/><G114/><T11/><D73/><U80/><E70/><V129/><F123/><W41/><G107/><N who="2" m="41001" /><F0/><W16/><G64/><T31/><D109/><U48/><E71/><V58/><F19/><W14/><G41/><T34/><D135/><U97/><E67/><V100/><F100/><W94/><G36/><T124/><D124/><N who="3" m="47657" /><G17/><T12/><D66/><U33/><E33/><V121/><F121/><W56/><G95/><T134/><D2/><U47/><E80/><V27/><F129/><W10/><G10/><T49/><D134/><U133/><E133/><V122/><F122/><W87/><G87/><T84/><D96/><U108/><E98/><V44/><F44/><W83/><G94/><T130/><D130/><U118/><E108/><V42/><F42/><W128/><G128/><T63/><D86/><U38/><E97/><V6/><F6/><W52/><G54/><T131/><D131/><U132/><E132/><V102/><F102/><W40/><G40/><T32/><D45/><U111/><E47/><V26/><F88/><AGARI ba="0,0" hai="14,16,20,51,52,56,72,74,83,85,88" m="47657" machi="88" ten="30,7700,0" yaku="18,1,54,3" doraHai="23" who="3" fromWho="2" sc="250,0,250,0,250,-77,250,77" /><INIT seed="1,0,0,3,5,64" ten="250,250,173,327" oya="1" hai0="28,19,23,62,31,96,69,123,51,61,115,81,41" hai1="38,15,110,131,87,5,95,46,70,114,106,100,29" hai2="65,24,124,25,47,14,40,112,85,50,118,130,39" hai3="8,32,91,10,9,88,7,132,45,82,113,68,11"/><U109/><E114/><V94/><F118/><W93/><G113/><T128/><D115/><U80/><E106/><V117/><F112/><W103/><G68/><T27/><D128/><U107/><E107/><V133/><F130/><W134/><G32/><T63/><D123/><U16/><E131/><V126/><F117/><W66/><G66/><T18/><D69/><U104/><E104/><V42/><F133/><N who="3" m="51307" /><G82/><T57/><D96/><U58/><E5/><V48/><F65/><W6/><G45/><N who="0" m="26031" /><D81/><U73/><E70/><V89/><F14/><N who="3" m="5399" /><G7/><T78/><D78/><U90/><E58/><V108/><F108/><N who="1" m="41577" /><E29/><N who="0" m="11337" /><D18/><U56/><E56/><AGARI ba="0,0" hai="19,23,27,56,57,61,62,63" m="11337,26031" machi="56" ten="30,1000,0" yaku="8,1" doraHai="64" who="0" fromWho="1" sc="250,10,250,-10,173,0,327,0" /><INIT seed="2,0,0,1,1,68" ten="260,240,173,327" oya="2" hai0="14,54,71,64,107,45,43,18,9,120,79,58,51" hai1="67,42,87,77,32,104,36,17,5,106,46,12,60" hai2="8,80,1,0,74,110,66,61,23,62,99,75,25" hai3="69,48,89,122,50,3,118,24,96,21,39,130,72"/><V105/><F110/><W109/><G39/><T102/><D120/><U6/><E32/><V93/><F105/><W53/><G118/><T2/><D2/><U84/><E106/><V82/><F62/><W41/><G69/><T15/><D79/><U129/><E104/><V133/><F133/><W59/><G3/><T125/><D125/><U44/><E129/><V19/><F75/><W100/><G72/><T114/><D114/><U131/><E131/><V28/><F74/><W26/><G122/><T97/><D71/><U116/><E116/><V47/><F47/><N who="3" m="25711" /><G109/><T11/><D64/><U78/><E44/><V95/><F95/><N who="3" m="58399" /><G130/><T4/><REACH who="0" step="1"/><D58/><REACH who="0" ten="250,240,173,327" step="2"/><U83/><E78/><V115/><F1/><W34/><G34/><T90/><D90/><U91/><E67/><V56/><F115/><W98/><G89/><T55/><AGARI ba="0,1" hai="4,9,11,14,15,18,43,45,51,54,55,97,102,107" machi="55" ten="30,2000,0" yaku="1,1,0,1,53,0" doraHai="68" doraHaiUra="121" who="0" fromWho="0" sc="250,30,240,-5,173,-10,327,-5" /><INIT seed="3,0,0,3,1,119" ten="280,235,163,322" oya="3" hai0="3,49,91,36,67,38,94,62,92,65,21,12,79" hai1="73,77,107,33,98,59,110,30,40,11,46,82,57" hai2="63,120,102,9,90,114,116,26,83,64,32,50,93" hai3="54,125,99,72,89,124,103,131,100,23,66,97,105"/><W16/><G72/><T51/><D3/><U2/><E110/><V10/><F116/><W88/><G131/><T20/><D12/><U34/><E59/><V121/><F114/><W85/><G66/><T123/><D91/><U61/><E57/><N who="2" m="36975" /><F102/><W127/><G54/><T109/><D62/><U7/><E61/><V1/><F83/><W24/><G85/><T58/><D58/><U53/><E53/><V129/><F129/><W4/><G4/><T76/><D109/><U95/><E30/><V22/><F32/><W41/><G41/><T8/><D8/><U86/><E86/><V44/><F1/><W117/><G117/><T80/><D80/><U37/><REACH who="1" step="1"/><E107/><AGARI ba="0,0" hai="16,23,24,88,89,97,99,100,103,105,107,124,125,127" machi="107" ten="40,12000,1" yaku="9,1,18,1,54,2" doraHai="119" who="3" fromWho="1" sc="280,0,235,-120,163,0,322,120" owari="280,8.0,115,-38.5,163,-23.7,442,54.2" /></mjloggm>