<mjloggm ver="2.3"><GO type="225" lobby="0"/><UN n0="%E7%9A%AE%E3%80%85" n1="%E6%B8%A9%E2%98%85%E6%83%85%E2%98%85%E6%8E%AA%E2%98%85%E7%BD%AE" n2="%6D%75%75%73%61%6E%6D%75" n3="%E3%81%BD%E3%81%A1%E3%81%9F%E3%81%93%E3%82%84" dan="16,17,16,17" rate="2080.39,2146.63,2103.79,2185.68" sx="M,M,F,M"/><TAIKYOKU oya="0"/><INIT seed="0,0,0,2,2,30" ten="250,250,250,250" oya="0" hai0="105,36,14,97,134,71,48,92,104,66,125,53,112" hai1="31,133,25,3,17,38,64,89,118,46,77,103,34" hai2="79,101,33,47,128,7,90,29,73,56,85,32,62" hai3="122,21,78,39,8,70,41,58,9,52,10,111,113"/><T57/><D112/><U100/><E118/><V93/><F128/><W98/><G113/><T96/><D134/><U4/><E133/><V19/><F29/><W109/><G70/><T95/><D125/><U40/><E64/><V37/><F7/><W55/><G122/><T102/><D36/><U72/><E89/><V131/><F131/><W123/><G123/><T108/><D108/><N who="3" m="41545" /><G78/><T132/><D132/><U5/><E17/><V99/><F73/><W24/><G98/><T13/><D66/><U2/><E5/><V26/><F79/><W69/><G69/><T127/><D71/><U59/><E59/><V20/><F47/><N who="3" m="23999" /><G58/><T27/><D27/><U120/><E120/><V110/><F37/><W107/><G107/><T18/><D127/><U83/><E2/><V43/><F43/><W0/><G0/><T65/><D65/><U60/><E60/><V23/><F110/><W49/><G49/><T12/><REACH who="0" step="1"/><D18/><AGARI ba="0,0" hai="8,9,10,18,21,24,52,55" m="23999,41545" machi="18" ten="30,2000,0" yaku="14,1,54,1" doraHai="30" who="3" fromWho="0" sc="250,-20,250,0,250,0,250,20" /><INIT seed="1,0,0,5,0,120" ten="230,250,250,270" oya="1" hai0="11,57,78,74,131,2,19,114,106,10,66,122,69" hai1="83,132,43,104,23,118,25,124,6,42,49,125,67" hai2="27,3,135,37,8,121,80,33,16,127,30,55,95" hai3="91,61,105,7,90,41,36,20,56,68,75,107,24"/><U65/><E118/><V94/><F121/><W60/><G75/><T62/><D122/><U117/><E117/><V15/><F37/><W81/><G7/><T34/><D114/><U77/><E104/><V133/><F127/><N who="1" m="48713" /><E6/><V4/><F55/><W88/><G81/><T101/><D131/><U14/><E14/><V63/><F63/><W47/><G68/><T111/><D57/><U45/><E43/><V50/><F50/><W59/><G59/><T87/><D87/><N who="1" m="48623" /><E132/><N who="2" m="50763" /><F80/><W126/><G61/><T52/><D2/><U100/><E100/><V35/><F35/><W102/><G102/><T92/><D34/><U73/><E73/><V48/><F48/><W28/><REACH who="3" step="1"/><G126/><REACH who="3" ten="230,250,250,260" step="2"/><T86/><D101/><U99/><E99/><V72/><F72/><W123/><G123/><T93/><D74/><U115/><E115/><V38/><F38/><W113/><G113/><T12/><D69/><U32/><E32/><V89/><F89/><W0/><G0/><T109/><D78/><U31/><AGARI ba="0,1" hai="23,25,31,42,45,49,65,67" m="48623,48713" machi="31" ten="30,1500,0" yaku="18,1" doraHai="120" who="1" fromWho="1" sc="230,-5,250,25,250,-5,260,-5" /><INIT seed="1,1,0,5,0,103" ten="225,275,245,255" oya="1" hai0="8,124,52,9,56,12,44,15,51,98,55,33,23" hai1="35,91,121,107,40,114,24,71,101,82,66,45,113" hai2="16,28,99,90,29,42,43,131,134,48,106,39,77" hai3="128,75,81,13,104,111,86,18,0,11,68,74,78"/><U102/><E121/><V95/><F39/><W64/><G111/><T79/><D33/><U130/><E102/><V26/><F131/><W60/><G128/><T57/><D124/><U129/><E91/><V4/><F134/><W14/><G0/><T37/><D79/><U61/><E82/><V80/><F4/><W20/><REACH who="3" step="1"/><G104/><REACH who="3" ten="225,275,245,245" step="2"/><T126/><D126/><U123/><E130/><V100/><F106/><W41/><G41/><N who="0" m="24975" /><D37/><N who="1" m="21647" /><E129/><V70/><F42/><W108/><G108/><T125/><D125/><U105/><E123/><V65/><F43/><W119/><G119/><T38/><D38/><U7/><E107/><V30/><F100/><W133/><G133/><T94/><D23/><U83/><E101/><V96/><F70/><W67/><G67/><T118/><D118/><U49/><E105/><V132/><F65/><W47/><G47/><T10/><D56/><U21/><E66/><V76/><F132/><W69/><G69/><T115/><D115/><U58/><E21/><V53/><F53/><N who="0" m="20554" /><D57/><U85/><E58/><V92/><F48/><W3/><G3/><T117/><D117/><U73/><E71/><V63/><F63/><W19/><AGARI ba="1,1" hai="11,13,14,18,19,20,60,64,68,74,75,78,81,86" machi="19" ten="20,2700,0" yaku="1,1,0,1,7,1,53,0" doraHai="103" doraHaiUra="54" who="3" fromWho="3" sc="225,-8,275,-14,245,-8,245,40" /><INIT seed="2,0,0,3,2,104" ten="217,261,237,285" oya="2" hai0="127,34,78,56,133,96,30,107,19,81,64,106,118" hai1="124,52,129,0,61,77,74,59,1,99,36,94,91" hai2="123,62,10,58,97,69,119,102,41,37,92,120,50" hai3="93,51,76,89,38,4,71,49,125,13,114,130,116"/><V65/><F119/><W85/><G38/><T63/><D118/><U6/><E129/><V2/><F2/><W103/><G116/><T46/><D133/><U17/><E124/><V117/><F117/><W8/><G130/><T39/><D127/><U80/><E36/><V70/><F10/><W33/><G125/><T128/><D128/><U79/><E6/><V29/><F29/><W98/><G33/><T9/><D96/><U66/><E79/><V105/><F105/><W22/><G71/><T27/><D19/><U84/><E17/><V122/><REACH who="2" step="1"/><F37/><REACH who="2" ten="217,261,227,285" step="2"/><W24/><G114/><T45/><D9/><U82/><E1/><V18/><F18/><N who="3" m="12375" /><G76/><T109/><D107/><U26/><E0/><V53/><F53/><W3/><G3/><T90/><D106/><U87/><E52/><V57/><F57/><W55/><G55/><T88/><D109/><U75/><E59/><V134/><F134/><W115/><G115/><T132/><D132/><U28/><E28/><V83/><F83/><AGARI ba="0,1" hai="4,8,13,49,51,83,85,89,93,98,103" m="12375" machi="83" ten="30,1000,0" yaku="8,1" doraHai="104" who="3" fromWho="2" sc="217,0,261,0,227,-10,285,20" /><INIT seed="3,0,0,4,3,108" ten="217,261,217,305" oya="3" hai0="71,74,101,128,40,10,38,91,33,15,109,25,117" hai1="87,129,63,130,14,119,79,59,30,115,98,126,110" hai2="9,86,18,43,45,36,47,27,19,75,125,12,64" hai3="85,67,118,62,116,5,35,65,80,121,122,44,70"/><W49/><G35/><T123/><D117/><N who="3" m="45161" /><G85/><T22/><D109/><U132/><E110/><V81/><F125/><W11/><G80/><T134/><D128/><U92/><E119/><V96/><F75/><W6/><G11/><T135/><D134/><U103/><E14/><V72/><F72/><W66/><G5/><T20/><D71/><U95/><E30/><V78/><F64/><N who="3" m="24683" /><G6/><T37/><D74/><U97/><E132/><V53/><F96/><W17/><G17/><T100/><D135/><U58/><E126/><V48/><F27/><W89/><G89/><T84/><D123/><U4/><E4/><AGARI ba="0,0" hai="4,9,12,18,19,36,43,45,47,48,53,78,81,86" machi="4" ten="30,1000,0" yaku="7,1" doraHai="108" who="2" fromWho="1" sc="217,0,261,-10,217,10,305,0" owari="217,-28.3,251,5.1,227,-17.3,305,40.5" /></mjloggm>