<mjloggm ver="2.3"><GO type="225" lobby="0"/><UN n0="%72%69%6F%75%63%68%61%6E" n1="%E3%81%B2%E3%81%AA%E3%81%AE%E3%82%8A%E3%81%8F" n2="%E5%8D%A0%E3%81%84%E5%B8%AB%E8%A3%8F%E3%81%AA%E3%81%84%E3%81%97" n3="%47%68%6F%73%74%55%30" dan="17,17,17,17" rate="2193.06,2213.38,2174.85,2165.12" sx="M,M,M,F"/><TAIKYOKU oya="0"/><INIT seed="0,0,0,0,4,26" ten="250,250,250,250" oya="0" hai0="38,120,32,75,118,13,56,113,5,0,64,116,76" hai1="18,87,110,98,82,20,41,135,46,123,86,83,130" hai2="40,74,27,25,21,133,69,52,125,42,134,107,36" hai3="12,85,73,79,28,53,67,11,17,35,33,9,49"/><T131/><D113/><U104/><E123/><V58/><F69/><W89/><G67/><T115/><D115/><U78/><E110/><V80/><F107/><W108/><G108/><T39/><D120/><U51/><E135/><N who="2" m="51723" /><F125/><W37/><G37/><N who="0" m="13835" /><D13/><U91/><E130/><V100/><F100/><W72/><G11/><N who="0" m="2471" /><D56/><U77/><E104/><V45/><F27/><N who="3" m="18591" /><G35/><T3/><D64/><U68/><E68/><V114/><F114/><W96/><G96/><T92/><D92/><U7/><E7/><V34/><F34/><W63/><G63/><T31/><D3/><U126/><E98/><V127/><F127/><W22/><G79/><T1/><D1/><U50/><E126/><V105/><F105/><W101/><G101/><T24/><D131/><U81/><E51/><N who="2" m="31007" /><F45/><N who="3" m="27823" /><G22/><T61/><D61/><U122/><E122/><V111/><F36/><W16/><G17/><T15/><D15/><N who="1" m="9311" /><E78/><N who="2" m="44119" /><F111/><W14/><G12/><T60/><D60/><U47/><E47/><V23/><F23/><W8/><G9/><T129/><D129/><U132/><E132/><V103/><F103/><W43/><G43/><T62/><D62/><U124/><E124/><V48/><F48/><W4/><G4/><T59/><D59/><U128/><E128/><V19/><AGARI ba="0,0" hai="19,21,25,40,42" m="44119,31007,51723" machi="19" ten="30,2000,0" yaku="20,1,54,1" doraHai="26" who="2" fromWho="2" sc="250,-10,250,-5,250,20,250,-5" /><INIT seed="1,0,0,1,0,1" ten="240,245,270,245" oya="1" hai0="91,113,54,84,115,129,110,101,27,46,118,117,124" hai1="65,92,44,5,53,50,35,116,19,111,51,133,90" hai2="0,102,28,20,52,17,97,121,112,100,127,66,70" hai3="56,45,39,36,86,81,103,87,130,15,29,74,60"/><U61/><E116/><N who="0" m="44649" /><D27/><U48/><E133/><V4/><F121/><W42/><G130/><T105/><D54/><U75/><E75/><V14/><F127/><W98/><G39/><T40/><D46/><U89/><E35/><V21/><F112/><N who="0" m="43082" /><D40/><U83/><E111/><V88/><F70/><W106/><G29/><T85/><D129/><U125/><E125/><V37/><F37/><W63/><G63/><T22/><D22/><U34/><E34/><V71/><F66/><W7/><G74/><T120/><D124/><U69/><E19/><V73/><F73/><W13/><G86/><T94/><D110/><U119/><E119/><V12/><F71/><W64/><REACH who="3" step="1"/><G7/><REACH who="3" ten="240,245,270,235" step="2"/><T107/><D120/><U25/><E5/><V134/><F28/><W67/><G67/><T109/><D109/><U43/><E65/><V23/><F4/><W18/><G18/><T114/><N who="0" m="43090" /><T32/><DORA hai="57" /><D32/><U59/><E61/><V108/><F17/><W33/><G33/><T132/><D132/><U131/><E131/><V128/><F134/><W58/><G58/><T30/><D30/><U93/><E69/><V68/><F68/><W38/><G38/><T123/><D123/><U96/><E59/><V77/><F128/><W11/><G11/><T95/><D84/><U80/><E25/><V62/><F108/><W82/><G82/><N who="1" m="31274" /><E43/><V9/><F62/><W26/><G26/><T3/><D3/><U31/><E31/><V2/><F0/><W47/><G47/><T99/><AGARI ba="0,1" hai="85,91,94,95,99,101,105,107" m="43090,44649" machi="99" ten="50,3200,0" yaku="34,2" doraHai="1,57" who="0" fromWho="0" sc="240,42,245,-16,270,-8,235,-8" /><INIT seed="2,0,0,4,5,118" ten="282,229,262,227" oya="2" hai0="2,110,125,68,127,10,84,52,97,8,95,7,124" hai1="34,108,100,114,20,30,75,92,9,112,90,25,73" hai2="93,23,70,105,43,117,94,12,26,50,21,85,96" hai3="98,82,6,77,120,42,24,89,133,66,81,121,40"/><V62/><F117/><W44/><G6/><T46/><D110/><U35/><E100/><V123/><F105/><W102/><G133/><T47/><D68/><U91/><E108/><V18/><F123/><W31/><G66/><T36/><D36/><U122/><E9/><V1/><F1/><W71/><G71/><T119/><D119/><U4/><E4/><V11/><F70/><W39/><G42/><T22/><D84/><U55/><E122/><V38/><F38/><W45/><G45/><T49/><D10/><U116/><E116/><V33/><F62/><W111/><G89/><T67/><D67/><U32/><E91/><N who="2" m="53487" /><F33/><N who="3" m="20711" /><G82/><T74/><D74/><U83/><E55/><V106/><F106/><N who="3" m="63831" /><G111/><T79/><D79/><U109/><E109/><V130/><F130/><W57/><G57/><N who="0" m="32911" /><D22/><U87/><REACH who="1" step="1"/><E83/><REACH who="1" ten="282,219,262,227" step="2"/><V61/><F11/><W14/><G14/><T107/><D107/><U48/><E48/><V135/><F50/><W78/><G78/><T88/><AGARI ba="0,1" hai="2,7,8,46,47,88,95,97,124,125,127" m="32911" machi="88" ten="30,4000,0" yaku="18,1,54,2" doraHai="118" who="0" fromWho="0" sc="282,50,219,-10,262,-20,227,-10" /><INIT seed="3,0,0,4,3,43" ten="332,209,242,217" oya="3" hai0="81,11,41,107,76,133,68,98,16,47,96,45,116" hai1="85,80,70,3,61,94,120,132,56,119,122,39,117" hai2="22,50,115,54,14,30,24,37,67,15,26,51,29" hai3="5,113,49,32,73,62,25,2,75,99,114,10,66"/><W130/><G49/><T129/><D116/><N who="1" m="44619" /><E132/><V71/><F37/><W83/><G99/><T90/><D68/><U118/><N who="1" m="44627" /><U97/><DORA hai="74" /><E39/><V34/><F115/><W127/><G127/><T134/><D129/><U55/><E3/><V42/><F67/><W28/><G130/><T111/><D111/><U59/><E59/><V82/><F71/><N who="3" m="42455" /><G83/><T93/><D107/><U102/><E70/><V38/><F38/><W78/><G78/><AGARI ba="0,0" hai="55,56,61,78,80,85,94,97,102,120,122" m="44627" machi="78" ten="40,2600,0" yaku="12,1,52,1" doraHai="43,74" who="1" fromWho="3" sc="332,0,209,26,242,0,217,-26" owari="332,43.2,235,-16.5,242,4.2,191,-30.9" /></mjloggm>