<mjloggm ver="2.3"><GO type="225" lobby="0"/><UN n0="%E3%82%82%E3%81%90%E3%82%89" n1="%E6%A1%9C%E8%8A%B1%E9%96%83%E3%80%85" n2="%72%61%6B%33" n3="%E3%81%BF%E3%81%BF%E3%81%9A" dan="17,18,18,17" rate="2203.98,2251.91,2258.56,2172.66" sx="M,M,M,M"/><TAIKYOKU oya="0"/><INIT seed="0,0,0,4,0,37" ten="250,250,250,250" oya="0" hai0="108,39,83,44,51,121,33,55,122,86,84,35,29" hai1="115,61,12,38,127,25,110,1,109,94,68,56,87" hai2="135,4,17,88,105,75,134,45,125,71,131,50,132" hai3="99,34,23,82,31,114,129,66,96,77,63,113,19"/><T18/><D108/><U123/><E1/><V111/><F111/><W80/><G31/><T10/><D39/><U126/><E68/><V72/><F71/><W91/><G34/><T47/><D47/><U93/><E123/><V112/><F112/><W106/><G129/><T97/><D97/><U92/><E115/><V128/><F105/><W95/><G82/><T7/><D86/><U81/><E38/><V98/><F4/><W5/><G5/><T3/><D18/><U101/><E25/><V73/><F17/><W59/><G99/><T9/><D9/><U89/><E12/><V120/><F120/><W22/><G22/><T69/><D35/><U90/><E101/><V6/><F6/><W100/><G106/><T26/><REACH who="0" step="1"/><D69/><REACH who="0" ten="240,250,250,250" step="2"/><U15/><E110/><V2/><F128/><W65/><G100/><T48/><D48/><U124/><E109/><V85/><F131/><W118/><G118/><T79/><AGARI ba="0,1" hai="3,7,10,26,29,33,44,51,55,79,83,84,121,122" machi="79" ten="20,7800,0" yaku="1,1,0,1,7,1,53,1" doraHai="37" doraHaiUra="21" who="0" fromWho="0" sc="240,88,250,-26,250,-26,250,-26" /><INIT seed="0,1,0,4,5,12" ten="328,224,224,224" oya="0" hai0="128,35,55,127,50,70,30,39,58,97,24,93,37" hai1="34,120,9,69,134,88,1,99,122,14,49,101,11" hai2="111,81,15,28,13,85,113,76,96,52,124,68,45" hai3="119,25,118,57,115,5,82,102,60,104,123,65,86"/><T41/><D70/><U0/><E69/><V64/><F111/><W121/><G5/><T19/><D128/><U66/><E34/><V38/><F113/><W32/><G115/><T2/><D127/><U131/><E131/><V3/><F3/><W46/><G46/><T51/><D2/><U114/><E114/><V105/><F124/><W83/><G102/><T29/><D29/><U80/><E66/><V84/><F28/><N who="3" m="19471" /><G104/><T94/><D94/><U95/><E134/><V54/><F85/><W23/><G23/><T21/><D41/><U130/><E130/><V27/><F27/><W106/><G106/><T31/><D31/><U22/><E22/><V98/><F38/><W112/><G112/><T53/><D30/><U8/><E49/><V87/><F87/><W63/><G60/><T10/><D10/><U4/><E9/><V79/><F79/><N who="3" m="46431" /><G83/><T26/><D26/><U92/><E80/><V56/><F45/><W78/><G78/><T59/><D35/><U103/><E103/><AGARI ba="1,0" hai="19,21,24,37,39,50,51,53,55,58,59,93,97,103" machi="103" ten="30,5800,0" yaku="7,1,9,1,52,1" doraHai="12" who="0" fromWho="1" sc="328,61,224,-61,224,0,224,0" /><INIT seed="0,2,0,3,5,52" ten="389,163,224,224" oya="0" hai0="121,22,35,103,21,93,58,130,74,8,119,80,73" hai1="61,47,88,106,37,100,20,7,116,23,75,34,107" hai2="59,1,115,46,117,24,77,48,79,135,98,69,68" hai3="25,67,132,95,131,104,120,83,86,19,9,55,38"/><T102/><D121/><U118/><E34/><V45/><F1/><W110/><G104/><T11/><D35/><U99/><E75/><V84/><F115/><W82/><G38/><T43/><D119/><U33/><E33/><V108/><F108/><W94/><G120/><T89/><D43/><U27/><E106/><V5/><F5/><W64/><G110/><T81/><D93/><N who="3" m="35337" /><G132/><T17/><D17/><U49/><E37/><V26/><F48/><W101/><G101/><T16/><D16/><U78/><E78/><V14/><F84/><W56/><G131/><T62/><D62/><U125/><E125/><V3/><F3/><W29/><G29/><T57/><REACH who="0" step="1"/><D89/><REACH who="0" ten="379,163,224,224" step="2"/><U28/><E88/><V6/><F117/><W114/><G114/><T111/><D111/><U72/><E116/><V126/><F6/><W66/><G25/><T0/><D0/><U134/><E118/><V50/><F24/><W30/><G30/><T54/><D54/><N who="1" m="30015" /><E7/><V96/><F26/><W36/><G67/><T87/><D87/><U4/><E4/><V13/><F13/><N who="3" m="7599" /><G86/><T63/><D63/><U42/><E61/><V44/><F14/><W12/><G12/><T41/><D41/><U128/><E23/><V123/><F123/><W76/><G66/><T32/><D32/><U129/><E134/><V127/><F135/><W109/><G64/><T112/><D112/><U53/><E42/><V133/><F133/><W40/><G109/><T90/><D90/><U97/><E72/><V60/><F60/><N who="3" m="35871" /><G76/><T113/><D113/><U51/><E99/><V18/><F98/><W105/><G105/><RYUUKYOKU ba="2,1" sc="379,10,163,10,224,-30,224,10" hai0="8,11,21,22,57,58,73,74,80,81,102,103,130" hai1="20,27,28,51,53,97,100,107,128,129" hai3="36,40,82,83" /><INIT seed="0,3,1,1,2,82" ten="389,173,194,234" oya="0" hai0="115,99,77,106,105,73,128,85,54,88,74,12,100" hai1="0,46,120,3,104,122,117,83,96,126,101,70,97" hai2="4,72,44,56,2,45,11,7,39,93,113,20,59" hai3="67,43,89,92,58,16,86,112,38,34,33,53,133"/><T42/><D115/><U27/><E117/><V13/><F113/><W1/><G112/><T50/><D42/><U29/><E126/><V18/><F72/><W125/><G125/><T14/><D106/><U9/><E70/><V57/><F39/><W111/><G67/><T95/><D128/><U22/><E46/><V36/><F36/><W108/><G1/><T52/><D54/><U35/><E22/><V26/><F4/><W90/><G133/><T37/><D37/><U87/><E97/><V49/><F49/><N who="3" m="31023" /><G90/><T81/><D74/><U107/><E107/><V76/><F76/><W84/><G16/><T68/><D68/><U19/><E19/><V8/><F93/><W124/><G124/><T135/><D135/><U94/><E104/><V65/><F65/><W123/><G123/><T102/><D102/><U110/><E110/><N who="3" m="42026" /><G84/><T32/><D32/><U66/><E66/><V10/><F2/><W118/><G118/><T6/><D6/><U15/><E3/><V103/><F103/><W64/><G64/><T129/><D129/><U41/><E41/><V116/><F116/><W61/><G61/><T40/><D40/><U47/><E47/><RYUUKYOKU type="ron3" ba="3,1" sc="389,0,173,0,194,0,234,0" hai0="12,14,50,52,73,77,81,85,88,95,99,100,105" hai2="7,8,10,11,13,18,20,26,44,45,56,57,59" hai3="33,34,38,43,86,89,92" /><INIT seed="0,4,1,1,1,93" ten="389,173,194,234" oya="0" hai0="60,40,80,3,49,11,24,18,32,53,90,72,101" hai1="131,10,56,119,46,65,104,31,14,30,64,63,84" hai2="71,109,100,98,6,9,1,124,7,95,115,2,4" hai3="105,54,35,135,52,134,86,122,132,58,22,77,62"/><T79/><D101/><U129/><E119/><V112/><F109/><W81/><G35/><T47/><D90/><U92/><E104/><V121/><F121/><W102/><G122/><T70/><D32/><U15/><E65/><V107/><F124/><W73/><G22/><T67/><D24/><U88/><E46/><V41/><F71/><W43/><G43/><T69/><D69/><U128/><REACH who="1" step="1"/><E15/><REACH who="1" ten="389,163,194,234" step="2"/><V125/><F107/><W55/><G73/><T83/><D67/><U13/><E13/><V91/><F1/><W48/><G62/><T123/><D47/><U50/><E50/><V37/><F2/><W130/><G130/><T57/><D49/><U103/><E103/><V16/><F100/><W133/><G133/><T110/><D3/><U85/><E85/><V21/><F125/><W117/><G117/><T66/><D60/><U116/><E116/><V120/><F120/><W38/><G38/><T99/><D66/><U23/><E23/><V127/><F127/><W97/><AGARI ba="4,2" hai="48,52,54,55,58,77,81,86,97,102,105,132,134,135" machi="97" ten="40,8000,1" yaku="0,1,20,1,52,1,54,1" doraHai="93" who="3" fromWho="3" sc="389,-44,163,-24,194,-24,234,112" /><INIT seed="1,0,0,0,3,45" ten="345,139,170,346" oya="1" hai0="28,1,16,47,67,101,117,11,39,100,9,57,83" hai1="135,49,37,72,40,115,2,78,22,103,65,92,3" hai2="132,7,105,48,76,63,80,119,102,25,31,77,0" hai3="88,62,55,111,8,30,32,71,4,14,19,73,46"/><U66/><E115/><V134/><F119/><W35/><G73/><T61/><D117/><U36/><E72/><V98/><F63/><W15/><G111/><T12/><D28/><U10/><E78/><V120/><F120/><W75/><G75/><T122/><D122/><U133/><E22/><V89/><F89/><W68/><G68/><T51/><D39/><N who="1" m="14923" /><E92/><V18/><F18/><W44/><G44/><T79/><D9/><U110/><E103/><V109/><F109/><W33/><G30/><T34/><D1/><N who="1" m="11" /><E10/><V96/><F96/><W131/><G88/><T23/><D23/><U128/><E110/><V106/><F106/><W90/><G90/><T130/><D34/><U126/><E126/><V5/><F76/><W85/><G85/><N who="0" m="48383" /><D130/><U127/><E127/><V113/><F113/><W86/><G131/><T118/><D118/><U74/><E74/><V60/><F0/><W43/><G86/><T53/><AGARI ba="0,0" hai="11,12,16,47,51,53,57,61,67,100,101" m="48383" machi="53" ten="30,4000,0" yaku="8,1,52,1,54,1" doraHai="45" who="0" fromWho="0" sc="345,40,139,-20,170,-10,346,-10" /><INIT seed="2,0,0,1,1,101" ten="385,119,160,336" oya="2" hai0="47,25,8,110,61,13,10,87,2,38,14,82,48" hai1="108,28,3,56,65,126,53,128,86,27,122,21,50" hai2="58,109,129,7,60,6,89,30,41,131,5,91,133" hai3="31,115,0,67,63,120,125,121,11,127,62,97,134"/><V23/><F41/><W18/><G134/><T32/><D110/><U15/><E108/><V51/><F109/><W132/><G132/><T22/><D32/><U17/><E126/><N who="3" m="48138" /><G31/><T72/><D61/><N who="3" m="23049" /><G67/><T24/><D72/><U39/><E128/><N who="2" m="49227" /><F51/><W123/><G115/><T99/><D99/><U73/><E73/><V44/><F44/><W46/><G46/><T135/><D38/><U88/><E122/><V111/><F133/><W35/><G35/><T40/><D2/><U20/><E3/><V52/><F111/><W29/><G29/><T80/><D135/><U81/><REACH who="1" step="1"/><E39/><REACH who="1" ten="385,109,160,336" step="2"/><V71/><F71/><W70/><G70/><T49/><D47/><U19/><E19/><V42/><F42/><W16/><G97/><T4/><D40/><U92/><E92/><V93/><F93/><W76/><G0/><T85/><D4/><U113/><E113/><V107/><F5/><W119/><G119/><T118/><D118/><U130/><E130/><V104/><F6/><W55/><G55/><T12/><D12/><U114/><E114/><V95/><F7/><W78/><G11/><T43/><D43/><U75/><E75/><V94/><F94/><W33/><G33/><T1/><D1/><U64/><AGARI ba="0,1" hai="15,17,20,21,27,28,50,53,56,64,65,81,86,88" machi="64" ten="30,8000,1" yaku="1,1,0,1,8,1,54,1,53,1" doraHai="101" doraHaiUra="26" who="1" fromWho="1" sc="385,-20,109,90,160,-40,336,-20" /><INIT seed="3,0,0,5,3,26" ten="365,199,120,316" oya="3" hai0="68,115,127,133,56,90,105,81,80,10,37,79,67" hai1="53,132,117,57,129,48,44,122,82,51,11,88,71" hai2="41,78,46,64,33,27,97,13,21,61,25,4,114" hai3="59,20,28,101,89,55,31,9,36,47,85,70,34"/><W40/><G34/><T99/><D37/><U7/><E122/><V15/><F114/><W76/><G101/><T65/><D68/><U87/><E129/><V124/><F124/><W75/><G70/><T5/><D127/><U62/><E132/><V110/><F110/><W6/><G20/><T113/><D133/><U98/><E117/><V22/><F33/><W112/><G112/><N who="0" m="43083" /><D56/><U42/><E98/><V135/><F135/><W66/><G66/><N who="0" m="25099" /><D79/><U126/><E126/><V131/><F131/><W39/><G39/><T91/><D91/><U60/><REACH who="1" step="1"/><E71/><REACH who="1" ten="365,189,120,316" step="2"/><V3/><F97/><W38/><G38/><T2/><D105/><U8/><E8/><V123/><F123/><W69/><G69/><T125/><D125/><U58/><E58/><V54/><F54/><W130/><G130/><T19/><D99/><U24/><E24/><V104/><F104/><W77/><G59/><T29/><D10/><U74/><E74/><V106/><F106/><W50/><G55/><T108/><D108/><U103/><E103/><V73/><F25/><W0/><G50/><T49/><D49/><U121/><E121/><V43/><F73/><W96/><G96/><T63/><D63/><U116/><E116/><V1/><F61/><W93/><G76/><T72/><D72/><U45/><E45/><V18/><F78/><W120/><G120/><T119/><D119/><U16/><E16/><N who="2" m="10383" /><F46/><W32/><G77/><T94/><D19/><U17/><E17/><V107/><F107/><W102/><G102/><T92/><D5/><U118/><E118/><V95/><F4/><W134/><G6/><RYUUKYOKU ba="0,1" sc="365,-10,189,30,120,-10,316,-10" hai1="7,11,42,44,48,51,53,57,60,62,82,87,88" owari="365,46.5,219,-18.1,110,-39.0,306,10.6" /></mjloggm>