<mjloggm ver="2.3"><GO type="225" lobby="0"/><UN n0="%E3%83%9D%E3%82%B1%E3%83%83%E3%83%88" n1="%E5%8D%A0%E3%81%84%E5%B8%AB%E8%A3%8F%E3%81%AA%E3%81%84%E3%81%97" n2="%4C%4F%4C%49%54%41" n3="%E8%90%BD%E6%97%A5" dan="16,17,16,17" rate="2089.85,2197.74,2211.87,2195.76" sx="M,M,F,F"/><TAIKYOKU oya="0"/><INIT seed="0,0,0,1,0,19" ten="250,250,250,250" oya="0" hai0="134,4,85,98,7,29,45,12,13,35,78,92,54" hai1="97,124,131,126,89,106,40,58,125,49,52,99,88" hai2="123,63,8,68,117,93,101,37,109,51,135,33,5" hai3="111,38,127,104,15,55,66,9,59,86,53,114,105"/><T76/><D134/><U21/><E131/><V44/><F123/><W28/><G114/><T72/><D72/><U70/><E70/><V113/><F113/><W31/><G38/><T115/><D115/><U11/><E11/><V57/><F33/><W82/><G66/><T110/><D110/><U77/><E77/><N who="0" m="29801" /><D29/><U3/><E3/><V83/><F109/><W120/><G111/><T25/><D25/><U1/><E1/><V121/><F121/><W18/><G127/><T2/><D85/><U91/><E106/><V69/><F117/><W112/><G112/><T96/><D35/><U102/><E102/><V10/><F37/><W32/><G120/><T34/><D34/><U43/><E21/><V79/><F135/><W39/><G39/><T130/><D2/><U0/><E0/><V133/><F133/><W60/><G55/><T118/><D130/><U128/><E128/><V103/><F69/><W87/><G87/><T90/><D98/><AGARI ba="0,0" hai="40,43,49,52,58,88,89,91,97,98,99,124,125,126" machi="98" ten="50,6400,0" yaku="18,1,54,2" doraHai="19" who="1" fromWho="0" sc="250,-64,250,64,250,0,250,0" /><INIT seed="1,0,0,0,5,135" ten="186,314,250,250" oya="1" hai0="119,122,40,126,73,34,4,72,61,127,97,3,52" hai1="84,121,66,70,63,88,36,101,98,19,41,99,113" hai2="48,108,64,118,67,103,124,42,28,22,104,68,51" hai3="39,24,9,109,58,86,13,25,94,35,123,59,62"/><U11/><E113/><V46/><F118/><W87/><G123/><T7/><D119/><U20/><E121/><V57/><F108/><W65/><G109/><T106/><D122/><U82/><E11/><V56/><F104/><W85/><G39/><T54/><D34/><U131/><E131/><V107/><F107/><W18/><G35/><T91/><D40/><U95/><E41/><V116/><F116/><W44/><G44/><T29/><D29/><U45/><E45/><N who="2" m="25655" /><F103/><W10/><G94/><N who="0" m="56543" /><D106/><U31/><E36/><V6/><F6/><N who="0" m="2090" /><D3/><U83/><E31/><V38/><F38/><W71/><G10/><T8/><D8/><U17/><E99/><V23/><F124/><N who="0" m="47658" /><D61/><U12/><E17/><V21/><F28/><W77/><G77/><T5/><N who="0" m="2098" /><T96/><DORA hai="117" /><D96/><U26/><REACH who="1" step="1"/><E83/><REACH who="1" ten="186,304,250,250" step="2"/><V37/><F37/><W114/><G114/><T50/><D54/><U0/><E0/><V76/><F64/><W1/><G1/><T134/><D134/><U60/><E60/><V81/><F67/><W30/><G30/><T130/><D130/><U49/><E49/><V14/><F51/><W55/><G71/><T15/><D15/><AGARI ba="0,1" hai="12,15,19,20,26,63,66,70,82,84,88,95,98,101" machi="15" ten="40,3900,0" yaku="1,1,54,1,53,0" doraHai="135,117" doraHaiUra="105,110" who="1" fromWho="0" sc="186,-39,304,49,250,0,250,0" /><INIT seed="1,1,0,4,4,92" ten="147,353,250,250" oya="1" hai0="65,84,52,25,80,16,104,96,91,44,127,93,0" hai1="123,7,134,58,113,51,39,11,89,70,79,3,114" hai2="15,1,23,57,33,116,34,21,64,128,74,86,72" hai3="83,108,35,6,67,95,41,63,14,125,49,71,50"/><U31/><E123/><V129/><F1/><W13/><G108/><T62/><D0/><U22/><E70/><V120/><F120/><W118/><G125/><T30/><D127/><U121/><E121/><V73/><F116/><W9/><G118/><T99/><D104/><U105/><E39/><V103/><F103/><W112/><G112/><T82/><D16/><U42/><E134/><V135/><F135/><W119/><G119/><T76/><D82/><U102/><E79/><V5/><F86/><W100/><G35/><N who="2" m="13321" /><F64/><W53/><G41/><T90/><D44/><U12/><E89/><V56/><F5/><W61/><G83/><T68/><D52/><U10/><E58/><N who="2" m="22635" /><F15/><W97/><G63/><T59/><D68/><U26/><E42/><V126/><F126/><W77/><G77/><T46/><D46/><U98/><REACH who="1" step="1"/><E51/><REACH who="1" ten="147,343,250,250" step="2"/><V130/><AGARI ba="1,1" hai="21,23,72,73,74,128,129,130" m="22635,13321" machi="130" ten="50,6400,0" yaku="28,2,19,1" doraHai="92" who="2" fromWho="2" sc="147,-17,343,-33,250,77,250,-17" /><INIT seed="2,0,0,1,1,47" ten="130,310,327,233" oya="2" hai0="94,60,40,24,135,16,108,102,123,1,80,36,34" hai1="84,91,118,43,8,113,129,25,105,22,106,27,95" hai2="132,49,90,50,54,12,15,67,110,125,31,59,103" hai3="46,87,114,3,72,112,134,68,23,19,96,14,92"/><V77/><F132/><W10/><G72/><T28/><D123/><U26/><E113/><N who="3" m="43626" /><G68/><T2/><D135/><U86/><E118/><V88/><F125/><W83/><G134/><T20/><D108/><U7/><E129/><V74/><F110/><W9/><G3/><T99/><D80/><U38/><E38/><V55/><F103/><N who="3" m="60807" /><G46/><T57/><D40/><U76/><E43/><V44/><F31/><W128/><G128/><T39/><D36/><U120/><E120/><V29/><F29/><W79/><AGARI ba="0,0" hai="9,10,14,19,23,79,83,87" m="60807,43626" machi="79" ten="30,1100,0" yaku="11,1" doraHai="47" who="3" fromWho="3" sc="130,-3,310,-3,327,-5,233,11" /><INIT seed="3,0,0,2,1,54" ten="127,307,322,244" oya="3" hai0="15,51,121,124,72,98,99,24,41,40,67,73,49" hai1="61,95,18,108,123,126,116,77,82,64,109,88,120" hai2="53,107,10,102,47,34,111,85,42,17,7,106,38" hai3="91,2,78,23,131,94,27,89,32,70,12,35,36"/><W122/><G122/><T29/><D121/><N who="1" m="46667" /><E126/><V52/><F34/><W39/><G2/><T87/><D124/><U92/><E18/><V132/><F17/><W60/><G131/><T125/><D125/><U30/><E30/><V135/><F111/><N who="1" m="42569" /><E116/><V56/><F85/><W21/><G78/><T103/><D15/><U119/><E119/><V80/><F80/><W33/><G12/><T44/><D87/><N who="1" m="50295" /><E77/><V100/><F53/><W110/><G110/><T6/><D6/><U79/><E79/><V8/><F106/><W37/><G27/><T1/><D1/><U20/><E20/><V84/><F84/><W5/><G5/><T133/><D133/><N who="2" m="51274" /><F107/><W81/><G81/><T14/><D14/><U50/><E50/><N who="2" m="30743" /><F8/><W90/><G94/><T26/><D67/><AGARI ba="0,0" hai="21,23,32,33,35,36,37,39,60,67,70,89,90,91" machi="67" ten="60,5800,0" yaku="29,2" doraHai="54" who="3" fromWho="0" sc="127,-58,307,0,322,0,244,58" /><INIT seed="3,1,0,2,2,133" ten="69,307,322,302" oya="3" hai0="120,21,109,104,130,128,91,118,19,1,102,16,51" hai1="90,36,9,98,14,17,59,15,67,129,94,107,29" hai2="105,43,62,32,81,84,82,35,52,34,26,49,53" hai3="127,54,69,123,56,115,93,108,86,11,114,7,6"/><W5/><G123/><T75/><D51/><U131/><E36/><V10/><F105/><W4/><G69/><T71/><D102/><U8/><E107/><V134/><F134/><W33/><G33/><T116/><D91/><U132/><E132/><V70/><F43/><W13/><G127/><T46/><D46/><U48/><E29/><V3/><F26/><W24/><G24/><T112/><D21/><U44/><E67/><V23/><F23/><W99/><G86/><T45/><D45/><U135/><E135/><V27/><F27/><W66/><G66/><T41/><D104/><U101/><E59/><V121/><F121/><W72/><G72/><T30/><D75/><U55/><REACH who="1" step="1"/><E101/><REACH who="1" ten="69,297,322,302" step="2"/><V42/><F70/><W125/><G125/><T28/><D71/><U2/><E2/><V58/><F3/><W83/><G83/><T110/><D41/><U100/><E100/><V18/><F81/><W73/><G73/><T39/><D39/><U79/><E79/><V80/><F42/><W106/><G106/><T76/><D76/><U37/><E37/><V50/><F80/><W126/><G126/><T65/><D65/><U96/><E96/><V60/><F82/><W87/><G87/><T89/><D89/><U12/><E12/><N who="2" m="7447" /><F84/><W74/><G74/><T47/><D47/><U63/><E63/><N who="2" m="24107" /><F58/><W31/><G31/><T103/><D103/><U40/><E40/><V88/><F88/><N who="3" m="55719" /><G108/><T78/><D78/><U124/><E124/><V113/><F113/><N who="3" m="43019" /><G56/><T111/><D112/><U61/><E61/><V25/><F25/><W119/><G54/><T22/><D110/><RYUUKYOKU ba="1,1" sc="69,-30,297,10,322,10,302,10" hai1="8,9,14,15,17,44,48,55,90,94,98,129,131" hai2="32,34,35,49,50,52,53" hai3="4,5,6,7,11,13,119" /><INIT seed="3,2,1,2,1,47" ten="39,307,332,312" oya="3" hai0="90,110,40,108,44,57,127,91,130,36,134,1,74" hai1="76,33,122,34,66,112,128,22,114,68,28,4,94" hai2="88,109,54,17,58,72,38,61,39,82,115,42,31" hai3="86,23,45,119,87,3,19,56,6,14,70,35,64"/><W7/><G119/><T85/><D85/><N who="3" m="32265" /><G70/><T80/><D80/><U107/><E107/><V102/><F115/><W55/><G35/><T77/><D77/><U126/><E122/><V52/><F109/><W63/><G3/><T15/><D15/><U98/><E76/><V0/><F0/><W43/><G43/><T51/><D91/><U121/><E121/><V120/><F120/><W133/><G133/><T59/><D90/><U111/><E114/><V89/><F102/><W135/><G135/><T75/><D1/><U117/><E112/><V11/><F31/><W124/><G124/><T10/><D10/><U97/><E126/><V118/><F118/><W129/><G129/><T96/><D96/><U67/><E128/><V105/><F105/><W83/><G83/><T131/><D75/><U53/><E117/><V2/><F39/><W49/><AGARI ba="2,1" hai="6,7,14,19,23,45,49,55,56,63,64" m="32265" machi="49" ten="30,3000,0" yaku="8,1,52,1" doraHai="47" who="3" fromWho="3" sc="39,-12,307,-12,332,-12,312,46" owari="27,-47.3,295,-10.5,320,12.0,358,45.8" /></mjloggm>