<mjloggm ver="2.3"><GO type="225" lobby="0"/><UN n0="%E5%80%89%E6%A9%8B%EF%BC%A0%E4%BA%8B%E5%8B%99" n1="%E4%B8%AD%E5%B9%B4%E3%81%AE%E5%8D%B1%E6%A9%9F" n2="%E9%81%85%E5%88%BB%E3%81%AE%E3%83%97%E3%83%AA%E3%83%B3%E3%82%B9%E2%99%AA" n3="%37%2F%32%E3%81%AB%E7%94%9F%E3%81%BE%E3%82%8C%E3%81%A6" dan="16,16,16,17" rate="2080.30,2114.10,2180.53,2177.79" sx="M,M,F,M"/><TAIKYOKU oya="0"/><INIT seed="0,0,0,5,2,5" ten="250,250,250,250" oya="0" hai0="66,72,115,12,77,76,37,81,95,89,31,123,39" hai1="3,9,104,50,126,55,94,70,47,13,60,65,15" hai2="0,36,93,18,43,91,83,114,120,124,57,58,44" hai3="24,92,51,119,108,100,129,132,34,1,113,117,27"/><T38/><D115/><U73/><E104/><V30/><F114/><W127/><G113/><T88/><D123/><U2/><E73/><V102/><F120/><W33/><G1/><T130/><D130/><U46/><E126/><V121/><F121/><W118/><G127/><T101/><D77/><U28/><E28/><V11/><F124/><W53/><G129/><T78/><D76/><U40/><E94/><V125/><F125/><W41/><G41/><T90/><D31/><U107/><E107/><V16/><F30/><W75/><G75/><T109/><D109/><U25/><E25/><V64/><F102/><W131/><G131/><T135/><D135/><U52/><E13/><V103/><F103/><W26/><G108/><T23/><D66/><U110/><E55/><V74/><F64/><W116/><N who="3" m="29696" /><DORA hai="128" /><W98/><REACH who="3" step="1"/><G132/><REACH who="3" ten="250,250,250,240" step="2"/><T48/><D48/><U105/><E110/><V82/><F74/><W85/><G85/><T87/><REACH who="0" step="1"/><D101/><REACH who="0" ten="240,250,250,240" step="2"/><U6/><REACH who="1" step="1"/><E105/><REACH who="1" ten="240,240,250,240" step="2"/><V7/><BYE who="0" /><F36/><AGARI ba="0,3" hai="2,3,6,9,15,36,40,46,47,50,52,60,65,70" machi="36" ten="30,12000,2" yaku="1,1,2,1,7,1,52,1,54,1,53,1" doraHai="5,128" doraHaiUra="59,97" who="1" fromWho="2" sc="240,0,240,150,250,-120,240,0" /><UN n0="%E5%80%89%E6%A9%8B%EF%BC%A0%E4%BA%8B%E5%8B%99" /><INIT seed="1,0,0,2,4,71" ten="240,390,130,240" oya="1" hai0="88,13,87,90,118,92,91,106,104,123,41,37,3" hai1="44,76,65,8,48,63,32,120,47,66,110,52,117" hai2="111,57,56,40,7,121,129,21,105,5,19,10,126" hai3="133,64,82,23,12,80,114,81,116,34,58,45,39"/><U61/><E32/><V46/><F121/><W20/><G114/><T11/><D118/><U54/><E120/><V70/><F70/><W128/><G34/><T98/><D123/><U24/><E76/><V109/><F105/><W73/><G73/><T112/><D112/><U60/><E117/><V51/><F126/><W96/><G116/><T22/><D3/><U122/><E122/><V9/><F129/><W125/><G125/><T0/><D0/><U135/><E24/><V55/><F109/><W72/><G72/><T134/><D134/><U31/><E31/><V89/><F111/><W17/><G133/><T49/><D22/><U102/><E135/><V29/><F29/><W4/><G4/><T78/><D49/><N who="1" m="28967" /><E110/><V69/><F69/><W99/><G23/><T25/><D25/><U16/><E102/><V53/><F89/><W103/><G128/><T101/><D106/><U33/><E33/><V107/><F107/><W36/><G45/><T67/><D78/><U18/><E8/><V97/><F97/><W6/><G6/><N who="2" m="2057" /><F9/><W38/><REACH who="3" step="1"/><G103/><REACH who="3" ten="240,390,130,230" step="2"/><T131/><D131/><U94/><E18/><V119/><F119/><W26/><G26/><T132/><D132/><U108/><E16/><V84/><F10/><W93/><G93/><T100/><D101/><U95/><E108/><V62/><F19/><W1/><G1/><T15/><D11/><U130/><E130/><V28/><F21/><W42/><G42/><T77/><D13/><U14/><E14/><V124/><F124/><W43/><G43/><T59/><D15/><U30/><E30/><V85/><F28/><RYUUKYOKU ba="0,1" sc="240,-30,390,10,130,10,230,10" hai1="47,48,52,60,61,63,65,66,94,95" hai2="40,46,51,53,55,56,57,62,84,85" hai3="12,17,20,36,38,39,58,64,80,81,82,96,99" /><INIT seed="1,1,1,2,2,108" ten="210,400,140,240" oya="1" hai0="35,6,114,131,36,99,116,32,124,98,117,93,85" hai1="51,30,42,78,123,132,96,77,64,13,107,70,106" hai2="74,94,63,102,16,81,92,0,61,55,24,59,134" hai3="11,122,86,87,53,46,27,62,60,79,23,103,56"/><U17/><E123/><V37/><F0/><W28/><G122/><T112/><D85/><U43/><E132/><V29/><F37/><W12/><G103/><T54/><D93/><U104/><E30/><V19/><F134/><W2/><G2/><T127/><D54/><U47/><E96/><N who="0" m="36905" /><D6/><U126/><E126/><N who="0" m="48169" /><D36/><U72/><E42/><V89/><F102/><W71/><G79/><T66/><D66/><U21/><REACH who="1" step="1"/><E72/><REACH who="1" ten="210,390,140,240" step="2"/><V69/><F74/><W14/><G28/><T97/><D97/><U26/><E26/><V75/><F75/><W9/><G27/><T45/><D131/><U91/><E91/><V68/><F29/><W20/><G86/><T111/><D111/><U135/><E135/><V5/><F24/><W10/><G87/><T101/><D101/><U88/><E88/><V95/><F89/><W52/><G71/><T73/><D73/><U41/><E41/><V118/><F69/><W109/><G109/><T50/><D117/><U82/><E82/><V84/><F118/><W90/><G90/><T57/><D116/><U58/><E58/><N who="2" m="35039" /><F68/><W65/><G46/><T120/><D120/><U40/><E40/><V130/><F130/><W4/><G4/><T100/><D100/><U1/><E1/><V44/><F81/><W22/><G65/><T76/><D57/><AGARI ba="1,2" hai="9,10,11,12,14,20,22,23,52,53,56,57,60,62" machi="57" ten="40,5200,0" yaku="9,1,8,1,54,1" doraHai="108" who="3" fromWho="0" sc="210,-55,390,0,140,0,240,75" /><INIT seed="2,0,0,3,0,54" ten="155,390,140,315" oya="2" hai0="88,113,12,74,76,97,112,119,90,126,66,102,73" hai1="26,106,124,43,96,48,63,84,120,50,11,100,59" hai2="61,110,0,8,42,105,2,58,35,132,79,62,121" hai3="115,6,22,34,118,47,108,15,40,91,114,78,57"/><V21/><F121/><W39/><G118/><T103/><D12/><U44/><E120/><V95/><F105/><W20/><G34/><T135/><D66/><U24/><E124/><V32/><F79/><W125/><G108/><T36/><D36/><U31/><E11/><V18/><F42/><W14/><G125/><T29/><D29/><U67/><E84/><V107/><F107/><W122/><G78/><T93/><D126/><U83/><E83/><V109/><F132/><W10/><G91/><N who="0" m="34859" /><D135/><U33/><E24/><V17/><F95/><W69/><G69/><T45/><D45/><U77/><E77/><V89/><F89/><W87/><G87/><T128/><D119/><U130/><E130/><V7/><F2/><W16/><G122/><T127/><D127/><U82/><E82/><V129/><F129/><W86/><G86/><T30/><D30/><U5/><E5/><V99/><F99/><W75/><G75/><N who="0" m="28683" /><D128/><U23/><E33/><N who="2" m="12875" /><F62/><W85/><G85/><T131/><D131/><U71/><E71/><V133/><F133/><W64/><REACH who="3" step="1"/><G20/><REACH who="3" ten="155,390,140,305" step="2"/><T27/><D76/><U51/><AGARI ba="0,1" hai="23,26,31,43,44,48,50,51,59,63,67,96,100,106" machi="51" ten="20,2700,0" yaku="0,1,7,1,52,1" doraHai="54" who="1" fromWho="1" sc="155,-7,390,37,140,-13,305,-7" /><INIT seed="3,0,0,5,4,65" ten="148,427,127,298" oya="3" hai0="27,83,25,38,104,42,95,67,36,103,48,90,5" hai1="17,56,73,76,132,29,106,86,107,32,11,128,50" hai2="93,74,134,79,121,70,13,37,43,94,115,4,111" hai3="80,44,88,26,100,6,57,15,113,12,72,10,127"/><W24/><G113/><T3/><D83/><U133/><E73/><V81/><F115/><W125/><G100/><T119/><D119/><U112/><E112/><V123/><F111/><W105/><G105/><T108/><D108/><U34/><E128/><V40/><F134/><N who="1" m="51817" /><E29/><V129/><F129/><W41/><G15/><T131/><D67/><U16/><E106/><V59/><F59/><W75/><G57/><T89/><D131/><U8/><E107/><V85/><F13/><W53/><G53/><T2/><D104/><U92/><E8/><V77/><F4/><W20/><G75/><T0/><D5/><U97/><E11/><V39/><F74/><W68/><G68/><T64/><D103/><N who="1" m="60839" /><E16/><V91/><F81/><W102/><G102/><T45/><D64/><U110/><E17/><V21/><F21/><W71/><G71/><T66/><D66/><U130/><E130/><V52/><F70/><W18/><G26/><T120/><D120/><U47/><E56/><V63/><F94/><W58/><G58/><T55/><D38/><N who="2" m="14346" /><F77/><W82/><G82/><T117/><D117/><U14/><E14/><V61/><F79/><W69/><G69/><T7/><D7/><U118/><E118/><V31/><F31/><W23/><G23/><T122/><D122/><N who="2" m="46602" /><F63/><W109/><G109/><T96/><D89/><U99/><E110/><V60/><F60/><W49/><REACH who="3" step="1"/><G72/><REACH who="3" ten="148,427,127,288" step="2"/><T114/><D114/><U101/><E101/><V28/><F28/><W116/><G116/><T135/><D135/><U78/><E32/><V124/><F124/><W51/><G51/><N who="0" m="29167" /><D36/><U46/><E34/><RYUUKYOKU ba="0,1" sc="148,10,427,-30,127,10,288,10" hai0="0,2,3,25,27,42,48,90,95,96" hai2="40,43,52,61,85,91,93" hai3="6,10,12,18,20,24,41,44,49,80,88,125,127" /><INIT seed="3,1,1,1,2,60" ten="158,397,137,298" oya="3" hai0="84,100,86,88,103,82,18,50,0,15,39,40,35" hai1="56,104,7,91,112,74,75,106,111,45,134,127,53" hai2="54,130,22,121,27,6,79,89,2,47,21,9,41" hai3="109,26,70,120,29,118,8,24,62,42,110,61,36"/><W32/><G118/><T37/><D0/><U96/><E112/><V128/><F121/><W64/><G120/><T17/><D35/><U93/><E7/><V73/><F54/><W59/><G26/><T58/><D39/><U3/><E3/><V105/><F105/><W123/><G123/><T31/><D37/><U132/><E45/><V14/><F89/><W11/><G42/><T72/><D72/><N who="1" m="27691" /><E111/><N who="3" m="42506" /><G36/><T16/><D31/><U4/><E4/><V95/><F95/><W90/><G90/><N who="0" m="51479" /><D15/><U97/><E97/><V126/><F126/><W102/><G102/><N who="0" m="38955" /><D40/><U55/><E55/><AGARI ba="1,1" hai="8,11,24,29,32,55,59,61,62,64,70" m="42506" machi="55" ten="30,5800,0" yaku="14,1,10,1,52,1" doraHai="60" who="3" fromWho="1" sc="158,0,397,-61,137,0,298,71" owari="158,-24.2,336,13.6,137,-36.3,369,46.9" /></mjloggm>