<mjloggm ver="2.3"><GO type="225" lobby="0"/><UN n0="%72%61%6B%33" n1="%E3%82%82%E3%81%90%E3%82%89" n2="%E3%81%9F%E3%81%93%E2%98%86%E7%84%BC%E3%81%8D" n3="%72%69%6F%75%63%68%61%6E" dan="16,17,16,17" rate="2166.47,2218.91,2115.41,2281.61" sx="M,M,M,M"/><TAIKYOKU oya="0"/><INIT seed="0,0,0,1,3,96" ten="250,250,250,250" oya="0" hai0="123,102,34,6,40,0,127,21,32,111,67,47,5" hai1="87,76,124,65,71,54,101,131,20,126,135,61,58" hai2="105,112,22,36,75,122,59,120,37,49,30,28,45" hai3="129,60,119,100,125,88,70,35,25,26,57,108,9"/><T53/><D123/><U29/><E131/><V13/><F59/><W69/><G108/><T41/><D111/><U3/><E3/><V52/><F75/><W84/><G119/><T130/><D130/><U66/><E135/><V42/><F112/><W86/><G125/><N who="1" m="48234" /><E76/><V43/><F105/><W133/><G129/><T1/><D127/><U104/><E87/><V109/><F109/><W10/><G133/><T98/><D67/><U121/><E121/><V74/><F74/><W7/><G100/><T55/><D21/><U18/><E29/><V110/><F110/><W73/><G73/><T132/><D98/><N who="1" m="61495" /><E71/><V80/><F28/><W118/><G118/><T81/><D81/><U48/><E48/><V83/><F30/><W90/><G35/><T46/><REACH who="0" step="1"/><D132/><REACH who="0" ten="240,250,250,250" step="2"/><U77/><E77/><V62/><F83/><N who="3" m="49183" /><G70/><T33/><D33/><U56/><E56/><V78/><F122/><W31/><G69/><T16/><D16/><U99/><E99/><V38/><F120/><W114/><G31/><T64/><D64/><U11/><E11/><N who="3" m="4106" /><G114/><T117/><D117/><U51/><E61/><V44/><F22/><W2/><G7/><T17/><D17/><U115/><E115/><V107/><F80/><N who="3" m="49479" /><G2/><T39/><D39/><U8/><E8/><V97/><F37/><W103/><G103/><AGARI ba="0,1" hai="0,1,5,6,32,34,40,41,46,47,53,55,102,103" machi="103" ten="25,12000,1" yaku="1,1,22,2,52,2,53,0" doraHai="96" doraHaiUra="27" who="0" fromWho="3" sc="240,130,250,0,250,0,250,-120" /><INIT seed="0,1,0,2,3,4" ten="370,250,250,130" oya="0" hai0="97,44,117,84,41,91,55,92,52,104,93,103,24" hai1="71,82,108,19,3,99,30,10,68,11,50,122,43" hai2="73,51,61,65,5,128,66,135,106,23,132,1,9" hai3="13,113,76,112,12,102,45,18,121,105,25,100,74"/><T16/><D117/><U63/><E122/><V15/><F51/><W79/><G121/><T40/><D104/><U26/><E108/><V67/><F106/><W37/><G105/><T77/><D77/><N who="3" m="29769" /><G37/><T22/><REACH who="0" step="1"/><D41/><REACH who="0" ten="360,250,250,130" step="2"/><U53/><E43/><V131/><F73/><W21/><G74/><T119/><D119/><U64/><E71/><V31/><F61/><W98/><G112/><T47/><D47/><U96/><E68/><V89/><F89/><W83/><G113/><T86/><D86/><U130/><E63/><V7/><F135/><W38/><G45/><T49/><AGARI ba="1,1" hai="16,22,24,40,44,49,52,55,84,91,92,93,97,103" machi="49" ten="20,18000,2" yaku="1,1,0,1,7,1,8,1,54,2,53,0" doraHai="4" doraHaiUra="111" who="0" fromWho="0" sc="360,193,250,-61,250,-61,130,-61" /><INIT seed="0,2,0,5,2,131" ten="553,189,189,69" oya="0" hai0="88,77,132,101,41,91,87,16,38,89,2,62,22" hai1="133,94,115,66,114,21,12,98,126,42,63,30,79" hai2="60,130,57,90,19,23,50,72,76,27,28,20,5" hai3="67,120,84,111,86,134,17,73,118,107,47,129,64"/><T61/><D2/><U24/><E126/><V75/><F130/><W113/><G47/><T52/><D132/><U110/><E110/><V8/><F76/><W83/><G17/><T125/><D125/><U13/><E42/><V70/><F50/><W45/><G45/><T92/><D38/><U124/><E79/><V26/><F70/><W102/><G64/><T121/><D121/><U11/><E124/><V108/><F90/><N who="0" m="34314" /><D41/><U117/><E117/><V14/><REACH who="2" step="1"/><F108/><REACH who="2" ten="553,189,179,69" step="2"/><W80/><G111/><T119/><D77/><U25/><E115/><V69/><F69/><W43/><G113/><T99/><D119/><U96/><E114/><V15/><F15/><W29/><G129/><T112/><D112/><U55/><E13/><V46/><F46/><W51/><G118/><T44/><D87/><U33/><E12/><V135/><F135/><W104/><G134/><T109/><D109/><U39/><E133/><V100/><F100/><W40/><G102/><T93/><D101/><U58/><E39/><V97/><F97/><W78/><G78/><T128/><D128/><U59/><E98/><V85/><F85/><W123/><G73/><T4/><D93/><U31/><E96/><V37/><F37/><W54/><G51/><N who="0" m="28775" /><D4/><U122/><E94/><V71/><F71/><W6/><G6/><T34/><D34/><U32/><E32/><V18/><F18/><W0/><G0/><T105/><D105/><U68/><E68/><V74/><F74/><W116/><G116/><T3/><D3/><U81/><E33/><V1/><F1/><W48/><G84/><T35/><D35/><RYUUKYOKU ba="2,1" sc="553,15,189,-15,179,15,69,-15" hai0="16,22,61,62,88,92,99" hai2="5,8,14,19,20,23,26,27,28,57,60,72,75" /><INIT seed="0,3,1,4,1,89" ten="568,174,194,54" oya="0" hai0="80,70,104,54,71,13,130,109,106,50,76,23,129" hai1="84,82,135,132,17,30,126,29,110,116,37,0,60" hai2="111,14,1,92,96,8,133,77,107,74,85,131,46" hai3="15,42,56,63,95,48,115,100,103,20,4,24,112"/><T28/><D109/><U33/><E116/><V18/><F111/><W78/><G78/><T127/><D127/><U64/><E110/><V75/><F131/><N who="0" m="50186" /><D28/><U66/><E37/><V10/><F133/><N who="1" m="51273" /><E126/><V52/><F107/><N who="0" m="41002" /><D23/><U61/><E0/><V98/><F75/><W6/><G115/><T99/><D13/><U65/><E17/><V16/><F74/><W43/><G112/><T121/><D121/><U113/><E113/><V47/><F1/><W35/><G35/><T26/><D26/><N who="1" m="18615" /><E30/><V79/><F85/><W120/><G120/><T91/><D99/><U49/><E49/><V90/><F98/><N who="3" m="59487" /><G48/><T44/><D91/><AGARI ba="3,1" hai="60,61,64,65,66,82,84,91" m="18615,51273" machi="91" ten="30,1000,0" yaku="20,1" doraHai="89" who="1" fromWho="0" sc="568,-19,174,29,194,0,54,0" /><INIT seed="1,0,0,3,4,53" ten="549,203,194,54" oya="1" hai0="102,5,134,88,94,42,9,7,2,98,121,55,18" hai1="117,108,130,21,106,115,113,23,105,31,126,104,13" hai2="43,101,32,4,116,16,100,75,0,89,118,67,70" hai3="12,61,84,48,59,72,3,111,97,41,51,119,6"/><U81/><E117/><V122/><F32/><W73/><G111/><T26/><D134/><U128/><E108/><V47/><F70/><W87/><G3/><T63/><D121/><U74/><E126/><V83/><F67/><W93/><G119/><T124/><D124/><U29/><E81/><V86/><F122/><W133/><G133/><T36/><D36/><U120/><E74/><V17/><F101/><W78/><G72/><T135/><D42/><U14/><E106/><V35/><F35/><W60/><G73/><T85/><D135/><U90/><E90/><V44/><F44/><W127/><G127/><T65/><D55/><U125/><E125/><V33/><F33/><W69/><G69/><T50/><D50/><N who="3" m="18985" /><G41/><T96/><D5/><U76/><REACH who="1" step="1"/><E120/><REACH who="1" ten="549,193,194,54" step="2"/><V54/><F89/><N who="3" m="55471" /><G78/><AGARI ba="0,1" hai="13,14,21,23,29,31,76,78,104,105,113,115,128,130" machi="78" ten="25,4800,0" yaku="1,1,22,2,53,0" doraHai="53" doraHaiUra="39" who="1" fromWho="3" sc="549,0,193,58,194,0,54,-48" /><INIT seed="1,1,0,3,1,115" ten="549,251,194,6" oya="1" hai0="87,126,75,9,10,70,47,14,118,48,90,69,103" hai1="128,82,78,117,73,13,49,89,44,84,2,104,116" hai2="23,121,42,6,135,86,68,79,96,92,67,11,62" hai3="53,119,61,134,80,34,33,28,12,56,3,81,45"/><U40/><E2/><V72/><F135/><W26/><G3/><T64/><D118/><U98/><E128/><V32/><F121/><W51/><G34/><T71/><D75/><U57/><E57/><V0/><F32/><W20/><G134/><T52/><D126/><U74/><E74/><V112/><F112/><W131/><G131/><T129/><D129/><U8/><E104/><V22/><F72/><W113/><G113/><T132/><D132/><U101/><E101/><V29/><F42/><W120/><G120/><T91/><D103/><U77/><E98/><V133/><F133/><W58/><G58/><T25/><D25/><U1/><E1/><V94/><F29/><W30/><G119/><T17/><D9/><U100/><E100/><V95/><REACH who="2" step="1"/><F96/><REACH who="2" ten="549,251,184,6" step="2"/><W110/><G110/><T5/><D5/><U105/><E116/><V102/><F102/><W18/><G28/><T24/><D24/><U99/><E117/><V107/><F107/><W97/><G97/><T41/><D41/><AGARI ba="1,1" hai="12,18,20,26,30,33,41,45,51,53,56,61,80,81" machi="41" ten="30,1000,0" yaku="7,1" doraHai="115" who="3" fromWho="0" sc="549,-13,251,0,184,0,6,23" /><INIT seed="2,0,0,2,5,0" ten="536,251,184,29" oya="2" hai0="104,114,102,36,41,15,89,83,10,23,131,64,39" hai1="30,7,120,59,97,53,62,75,11,94,19,119,31" hai2="20,78,44,76,67,101,28,43,98,74,18,82,100" hai3="47,5,42,132,16,109,40,103,63,121,91,73,81"/><V106/><F28/><W122/><G109/><T27/><D114/><U128/><E119/><V124/><F124/><W24/><G132/><T22/><D131/><U129/><E75/><V118/><F118/><W26/><G103/><T88/><D64/><U57/><E120/><V69/><F78/><W48/><G40/><T14/><D41/><U2/><E19/><V50/><F101/><W134/><G134/><T127/><D102/><U38/><E38/><V84/><F67/><W117/><G117/><T133/><D10/><U90/><REACH who="1" step="1"/><E59/><REACH who="1" ten="536,241,184,29" step="2"/><V108/><F69/><W68/><G73/><T130/><D36/><U87/><E87/><V110/><REACH who="2" step="1"/><F74/><REACH who="2" ten="536,241,174,29" step="2"/><W123/><G68/><T49/><D127/><U25/><E25/><AGARI ba="0,2" hai="18,20,25,43,44,50,76,82,84,98,100,106,108,110" machi="25" ten="40,3900,0" yaku="1,1,2,1,53,0" doraHai="0" doraHaiUra="32" who="2" fromWho="1" sc="536,0,241,-39,174,59,29,0" /><INIT seed="2,1,0,0,4,66" ten="536,202,233,29" oya="2" hai0="111,9,45,82,12,20,93,29,96,120,70,79,72" hai1="125,36,28,64,124,81,62,48,24,57,98,107,31" hai2="17,78,68,22,1,89,27,35,43,49,104,65,128" hai3="135,115,23,26,97,126,74,47,55,33,100,54,94"/><V52/><F43/><W102/><G126/><N who="1" m="48746" /><E36/><V76/><F104/><W134/><G115/><T127/><D127/><U41/><E81/><V5/><F128/><W85/><G74/><T59/><D111/><U14/><E14/><V113/><F113/><W69/><G33/><T95/><D120/><U91/><E24/><V50/><F50/><W92/><G69/><T2/><D70/><U131/><E131/><V4/><F89/><W39/><G39/><T77/><D77/><U71/><E107/><V6/><F1/><W129/><G129/><T106/><D59/><U114/><E114/><V56/><REACH who="2" step="1"/><F35/><REACH who="2" ten="536,202,223,29" step="2"/><W13/><G135/><T67/><D2/><U130/><E130/><V83/><F83/><W61/><G134/><T40/><D106/><U112/><E112/><V87/><F87/><W3/><G3/><T84/><D84/><U51/><E41/><V75/><F75/><W44/><G85/><T121/><D72/><U90/><E51/><V15/><F15/><W110/><G13/><T42/><D82/><U0/><E0/><V105/><F105/><W116/><G110/><T73/><D73/><U37/><E37/><V88/><F88/><N who="1" m="33833" /><E98/><V132/><F132/><W101/><G97/><T8/><D96/><U86/><E86/><V108/><F108/><W21/><G102/><T38/><D38/><U117/><E117/><V103/><F103/><W63/><REACH who="3" step="1"/><G26/><REACH who="3" ten="536,202,223,19" step="2"/><T7/><D12/><U53/><AGARI ba="1,2" hai="28,31,48,53,57,62,64,71" m="33833,48746" machi="53" ten="30,4000,0" yaku="18,1,52,1,54,1" doraHai="66" who="1" fromWho="1" sc="536,-11,202,63,223,-21,19,-11" /><INIT seed="3,0,0,0,4,48" ten="525,265,202,8" oya="3" hai0="61,10,129,15,107,81,92,28,131,87,95,4,44" hai1="75,16,2,13,120,98,127,85,135,112,46,121,40" hai2="25,12,117,119,71,109,83,76,100,68,56,49,35" hai3="118,73,103,59,99,39,63,45,89,86,27,105,94"/><W41/><G118/><T54/><D107/><U108/><E75/><V38/><F38/><W11/><G73/><T32/><D32/><U72/><E72/><V62/><F100/><W22/><G11/><T20/><D28/><U113/><E2/><V115/><F115/><W37/><G45/><T36/><D20/><U55/><E113/><V130/><F130/><N who="0" m="49674" /><D61/><U97/><E112/><V134/><F134/><W90/><G41/><N who="0" m="22567" /><D54/><U70/><E135/><V78/><F12/><W65/><G90/><AGARI ba="0,0" hai="4,10,15,81,87,90,92,95" m="22567,49674" machi="90" ten="30,1000,0" yaku="19,1" doraHai="48" who="0" fromWho="3" sc="525,10,265,0,202,0,8,-10" owari="535,63.5,265,6.5,202,-19.8,-2,-50.2" /></mjloggm>