<mjloggm ver="2.3"><GO type="225" lobby="0"/><UN n0="%41%54%53%4D" n1="%E3%81%8F%E3%81%BE%E3%81%96%E3%82%8F" n2="%E5%88%9D%E5%8F%B7%E6%A9%9F%E3%81%A8%E4%BA%8C%E5%8F%B7%E6%A9%9F" n3="%6D%6F%6E%63%68%69" dan="16,16,17,16" rate="2112.11,2057.13,2214.34,2036.65" sx="M,M,M,M"/><TAIKYOKU oya="0"/><INIT seed="0,0,0,3,3,43" ten="250,250,250,250" oya="0" hai0="93,120,65,84,19,51,98,115,105,21,5,132,130" hai1="25,78,39,126,66,12,87,72,124,96,90,13,91" hai2="49,46,121,31,47,128,125,95,101,108,129,2,79" hai3="71,38,42,22,32,17,112,116,118,109,37,127,63"/><T30/><D115/><U14/><E39/><V133/><F121/><W119/><G32/><T77/><D120/><U100/><E66/><V80/><F2/><W103/><G38/><T60/><D130/><N who="2" m="50282" /><F108/><W23/><G109/><T26/><D5/><U114/><E114/><V99/><F125/><N who="1" m="48233" /><E72/><N who="2" m="43111" /><F133/><W69/><G22/><T82/><D105/><N who="1" m="63623" /><E25/><V27/><F49/><W122/><G112/><T40/><D132/><U18/><E18/><V29/><F29/><W56/><G122/><T33/><D51/><U102/><E102/><V54/><F54/><W94/><G127/><T48/><D48/><U4/><E4/><V6/><F6/><W89/><G103/><T97/><D40/><U70/><E70/><V92/><F92/><W50/><G37/><T8/><D93/><U106/><E106/><V83/><F83/><AGARI ba="0,0" hai="12,13,14,78,83,87,90,91" m="63623,48233" machi="83" ten="30,1000,0" yaku="18,1" doraHai="43" who="1" fromWho="2" sc="250,0,250,10,250,-10,250,0" /><INIT seed="1,0,0,5,0,134" ten="250,260,240,250" oya="1" hai0="97,25,11,34,26,124,54,22,1,73,80,9,94" hai1="61,51,53,83,10,120,6,3,36,39,16,23,113" hai2="32,114,29,107,62,42,31,78,110,81,8,102,69" hai3="99,28,118,24,85,14,18,55,33,46,90,98,127"/><U101/><E113/><V57/><F69/><W112/><G112/><T20/><D34/><U131/><E131/><V50/><F114/><W115/><G118/><T27/><D54/><U100/><E120/><V30/><F110/><W17/><G17/><T91/><D1/><U109/><E109/><V116/><F116/><W56/><G46/><T70/><D70/><U38/><E61/><V122/><F122/><W71/><G127/><T128/><D128/><U126/><E83/><V133/><F133/><W72/><G72/><T44/><D124/><U37/><N who="1" m="9216" /><DORA hai="108" /><U59/><REACH who="1" step="1"/><E126/><REACH who="1" ten="250,250,240,250" step="2"/><V48/><F42/><W65/><G115/><T74/><D80/><U125/><E125/><V19/><F32/><W13/><G33/><T47/><D74/><U60/><E60/><V4/><F62/><W135/><G135/><T21/><REACH who="0" step="1"/><D73/><REACH who="0" ten="240,250,240,250" step="2"/><U79/><E79/><V76/><F81/><N who="3" m="49455" /><G71/><T12/><D12/><AGARI ba="0,2" hai="3,6,10,12,16,23,51,53,59,100,101" m="9216" machi="12" ten="70,12000,1" yaku="1,1,54,1,53,1" doraHai="134,108" doraHaiUra="82,5" who="1" fromWho="0" sc="240,-120,250,140,240,0,250,0" /><INIT seed="1,1,0,3,1,102" ten="120,390,240,250" oya="1" hai0="48,58,75,26,80,78,31,14,74,65,85,98,82" hai1="4,96,46,0,66,63,118,92,11,9,121,119,67" hai2="13,47,89,35,90,1,124,73,18,132,39,60,127" hai3="134,19,112,52,40,110,130,99,126,104,3,129,15"/><U59/><E59/><V88/><F1/><W30/><G3/><T117/><D117/><U45/><E121/><V113/><F132/><W44/><G112/><T51/><D14/><U93/><E0/><V43/><F73/><W8/><G30/><T114/><D114/><U100/><E100/><V68/><F35/><W32/><G32/><T91/><D75/><U64/><E63/><V94/><F113/><W42/><G104/><T128/><D128/><N who="3" m="49257" /><G99/><T16/><D98/><U84/><E84/><V24/><F24/><W131/><G110/><T95/><D82/><U105/><E96/><V81/><F81/><W56/><G126/><N who="2" m="48169" /><F60/><N who="3" m="35847" /><G134/><T28/><D65/><U5/><E66/><V97/><F68/><W53/><N who="3" m="49265" /><W37/><DORA hai="108" /><G53/><T33/><D58/><U70/><E70/><V34/><F34/><W133/><G133/><T50/><REACH who="0" step="1"/><D31/><REACH who="0" ten="110,390,240,250" step="2"/><U10/><E119/><V38/><F97/><W23/><G42/><T101/><D101/><U69/><E118/><V12/><F94/><W111/><G111/><T103/><D103/><U22/><E69/><V2/><F2/><W20/><AGARI ba="1,1" hai="8,15,19,20,23,37,40,44" m="35847,49265" machi="20" ten="40,2700,0" yaku="19,1,54,1" doraHai="102,108" who="3" fromWho="3" sc="110,-8,390,-14,240,-8,250,40" /><INIT seed="2,0,0,0,0,114" ten="102,376,232,290" oya="2" hai0="48,59,133,84,3,132,124,78,99,112,35,86,61" hai1="21,121,57,19,116,92,45,71,4,128,101,91,9" hai2="33,55,96,25,108,123,106,37,119,125,8,39,105" hai3="115,83,107,12,0,95,38,72,85,80,111,113,87"/><V29/><F119/><W47/><G0/><T42/><D112/><N who="3" m="43081" /><G107/><T62/><D3/><U77/><E71/><V52/><F123/><W127/><G38/><T1/><D1/><U118/><E121/><V126/><F106/><W68/><G47/><T13/><D35/><U79/><E101/><N who="2" m="62631" /><F8/><W66/><G66/><T44/><D124/><N who="2" m="47722" /><F108/><W94/><G68/><T69/><D99/><U67/><E9/><V14/><F14/><W130/><G12/><T54/><D13/><U82/><E4/><V2/><F2/><W102/><G130/><T120/><D120/><U17/><E128/><V65/><F65/><W58/><G102/><T6/><D6/><U20/><E67/><V34/><F33/><W81/><G58/><T49/><D78/><U10/><E10/><V31/><F29/><W109/><G72/><T32/><D32/><U122/><E122/><V56/><F55/><W24/><G24/><T134/><D86/><N who="3" m="32777" /><G127/><T23/><D84/><U75/><E75/><V63/><AGARI ba="0,0" hai="25,31,34,37,39,52,56,63" m="47722,62631" machi="63" ten="30,3000,0" yaku="18,1,54,1" doraHai="114" who="2" fromWho="2" sc="102,-10,376,-10,232,30,290,-10" /><INIT seed="2,1,0,0,1,61" ten="92,366,262,280" oya="2" hai0="20,50,11,134,126,28,96,63,51,4,116,54,15" hai1="112,88,57,122,93,89,40,35,85,0,31,97,62" hai2="17,2,53,124,132,130,58,24,39,37,90,129,68" hai3="108,64,14,34,1,9,99,7,81,36,22,77,92"/><V87/><F2/><W118/><G36/><T76/><D134/><U29/><E112/><V115/><F115/><W110/><G118/><T79/><D116/><U75/><E75/><V55/><BYE who="1" /><F132/><W125/><G34/><T83/><D126/><U16/><E16/><V86/><F124/><UN n1="%E3%81%8F%E3%81%BE%E3%81%96%E3%82%8F" /><W52/><G22/><T84/><D79/><U119/><E119/><V33/><F87/><W123/><G64/><T117/><D117/><U127/><E127/><V91/><F68/><W60/><G1/><T23/><D96/><U45/><E35/><V67/><F90/><W49/><G60/><T59/><D28/><U70/><E70/><V69/><F69/><W135/><G123/><T120/><D120/><U103/><E0/><V104/><F104/><W95/><G135/><T111/><D111/><N who="3" m="42537" /><G99/><T10/><D51/><N who="1" m="27047" /><E122/><V65/><F37/><W114/><G114/><T105/><D105/><U27/><E27/><V73/><F73/><N who="3" m="43183" /><G125/><T25/><D25/><U128/><E103/><V44/><F33/><W38/><G38/><T106/><D106/><U78/><E78/><V113/><F113/><W66/><G66/><N who="2" m="25097" /><F39/><W19/><G7/><T47/><REACH who="0" step="1"/><D11/><REACH who="0" ten="82,366,262,280" step="2"/><U100/><E100/><V101/><F101/><W71/><G71/><T46/><D46/><AGARI ba="1,1" hai="9,14,19,46,49,52,92,95" m="43183,42537" machi="46" ten="30,2000,0" yaku="14,1,54,1" doraHai="61" who="3" fromWho="0" sc="82,-23,366,0,262,0,280,33" /><INIT seed="3,0,0,0,1,116" ten="59,366,262,313" oya="3" hai0="58,21,19,94,82,27,77,2,14,80,16,84,60" hai1="101,81,67,33,132,110,69,85,83,125,62,79,129" hai2="45,122,61,95,7,71,117,73,50,65,30,104,52" hai3="20,70,89,6,29,114,126,133,0,112,26,130,63"/><W48/><G126/><T99/><D2/><U106/><E110/><V111/><F104/><W43/><G130/><T91/><D80/><U41/><E125/><V131/><F117/><W108/><G133/><T123/><D123/><U28/><E132/><V102/><F111/><W34/><G108/><T49/><D49/><U42/><E83/><V32/><F73/><W23/><G89/><T8/><D19/><U118/><E129/><V68/><F131/><W9/><G63/><T90/><D8/><U98/><E118/><V109/><F7/><W17/><G70/><T59/><D59/><U66/><E66/><V22/><F32/><W24/><G48/><T87/><D14/><U115/><E115/><V75/><F75/><W53/><G53/><T135/><D135/><U47/><E47/><V13/><F109/><W119/><G43/><T15/><D15/><U5/><E5/><V105/><F105/><W128/><G119/><T55/><D87/><U12/><E12/><V88/><F102/><W44/><G44/><T72/><D72/><U93/><E93/><V38/><F38/><W25/><G128/><T31/><D31/><AGARI ba="0,0" hai="0,6,9,17,20,23,24,25,26,29,31,34,112,114" machi="31" ten="30,11600,0" yaku="7,1,34,3" doraHai="116" who="3" fromWho="0" sc="59,-116,366,0,262,0,313,116" owari="-57,-55.7,366,16.6,262,-13.8,429,52.9" /></mjloggm>