<mjloggm ver="2.3"><GO type="225" lobby="0"/><UN n0="%E3%81%A8%E3%82%93%E3%81%A8%E3%81%93%E3%81%A8%E3%82%93" n1="%28%EF%BF%A3%E2%96%BD%EF%BF%A3%29%CE%B4%E2%8C%92%E3%83%BB" n2="%E6%98%93%E5%88%A9%E8%96%A9%E4%BC%AF" n3="%E5%87%BA%E6%B0%B4" dan="16,16,16,16" rate="2132.45,2099.45,2057.31,2105.36" sx="F,M,F,F"/><TAIKYOKU oya="0"/><INIT seed="0,0,0,1,5,93" ten="250,250,250,250" oya="0" hai0="130,90,105,20,119,36,75,33,96,61,120,124,28" hai1="113,27,73,129,125,25,116,17,47,1,19,34,103" hai2="85,109,65,83,95,117,78,80,66,8,24,110,126" hai3="7,31,6,46,54,42,30,69,53,74,52,51,86"/><T131/><D119/><U135/><E73/><V104/><F104/><W94/><G74/><T67/><D120/><U40/><E1/><V23/><F126/><W91/><REACH who="3" step="1"/><G69/><REACH who="3" ten="250,250,250,240" step="2"/><T10/><D75/><U4/><E116/><V106/><F117/><W45/><G45/><T16/><D124/><U37/><E125/><V128/><F110/><W132/><G132/><T49/><D130/><U115/><E129/><V56/><F109/><W123/><G123/><T114/><D131/><U21/><E135/><V122/><F122/><W88/><G88/><T26/><D90/><U68/><E68/><V99/><F128/><W14/><G14/><T58/><D114/><U9/><E103/><V118/><F118/><W70/><G70/><T102/><D36/><U64/><E115/><V11/><F106/><W38/><G38/><T72/><D72/><U35/><E113/><V133/><F133/><W44/><G44/><T2/><D2/><U48/><E37/><V84/><F56/><W5/><AGARI ba="0,1" hai="5,6,7,30,31,42,46,51,52,53,54,86,91,94" machi="5" ten="30,8000,1" yaku="1,1,0,1,8,1,54,1,53,1" doraHai="93" doraHaiUra="41" who="3" fromWho="3" sc="250,-40,250,-20,250,-20,240,90" /><INIT seed="1,0,0,3,2,135" ten="210,230,230,330" oya="1" hai0="130,82,11,131,44,127,113,38,97,69,95,5,8" hai1="3,30,23,129,105,6,111,132,40,14,46,103,112" hai2="83,42,55,116,73,87,133,64,2,106,91,71,66" hai3="96,47,12,45,25,90,68,20,134,109,120,119,17"/><U28/><E112/><V108/><F116/><W18/><G120/><T41/><D113/><U34/><E132/><V75/><F2/><W126/><G109/><T10/><D69/><U85/><E111/><V33/><F33/><W121/><G121/><T49/><D82/><U102/><E129/><N who="0" m="49161" /><D5/><U80/><E3/><V110/><F133/><W15/><G68/><T122/><D122/><U51/><E34/><V54/><F42/><W0/><G0/><T93/><D127/><U107/><E107/><V29/><F106/><W59/><G119/><T76/><D76/><N who="1" m="46215" /><E105/><V48/><F71/><W77/><G77/><T31/><D31/><N who="1" m="11819" /><E23/><V32/><F29/><W89/><G134/><T70/><D70/><U60/><E60/><V114/><F32/><W67/><G20/><T88/><D95/><U86/><E86/><V37/><F87/><W81/><G81/><T19/><D38/><U104/><E104/><V125/><F83/><W123/><G123/><T9/><D9/><AGARI ba="0,0" hai="6,9,14,40,46,51,102,103" m="11819,46215" machi="9" ten="30,2900,0" yaku="25,1,8,1" doraHai="135" who="1" fromWho="0" sc="210,-29,230,29,230,0,330,0" /><INIT seed="1,1,0,3,0,55" ten="181,259,230,330" oya="1" hai0="16,3,4,12,64,102,46,31,117,61,110,92,80" hai1="69,96,100,76,8,127,134,132,21,35,19,126,6" hai2="86,89,50,34,9,45,124,70,40,97,98,88,118" hai3="28,15,133,52,128,68,43,53,95,108,120,30,10"/><U42/><E69/><V111/><F111/><W62/><G120/><T59/><D117/><U67/><E67/><V101/><F124/><N who="1" m="47657" /><E42/><V106/><F34/><W73/><G73/><T90/><D110/><U104/><E35/><V2/><F70/><W93/><G108/><T14/><D31/><N who="3" m="11817" /><G133/><N who="1" m="51306" /><E76/><V79/><F118/><W18/><G128/><T57/><D3/><N who="1" m="95" /><E21/><V91/><F98/><W44/><G68/><T37/><D37/><U94/><E19/><V112/><F79/><W116/><G116/><T20/><D46/><U72/><E72/><V54/><F40/><W109/><G109/><T7/><D12/><U38/><E38/><V103/><F103/><W47/><G43/><T32/><D32/><U123/><E123/><V26/><F26/><W87/><G47/><T51/><D102/><U49/><E49/><V23/><F23/><W75/><G75/><T27/><D27/><U121/><E121/><V1/><F86/><W85/><G44/><T78/><D78/><U71/><E71/><V131/><F2/><W41/><G41/><T63/><D51/><U39/><E39/><V25/><F25/><W82/><G87/><N who="0" m="52319" /><D80/><U122/><E122/><V56/><F45/><W125/><G125/><T11/><D20/><U33/><E33/><V36/><F36/><W105/><G82/><T129/><D129/><U22/><E22/><V29/><F131/><W58/><G85/><T84/><D84/><U5/><E5/><N who="2" m="1199" /><F29/><W115/><G53/><AGARI ba="1,0" hai="4,7,11,14,16,53,57,59,61,63,64" m="52319" machi="53" ten="30,7700,0" yaku="8,1,52,2,54,1" doraHai="55" who="0" fromWho="3" sc="181,80,259,0,230,0,330,-80" /><INIT seed="2,0,0,1,1,54" ten="261,259,230,250" oya="2" hai0="84,112,120,24,32,103,130,78,19,105,77,71,81" hai1="107,48,4,43,46,90,86,111,33,28,126,131,118" hai2="9,117,93,25,62,63,16,55,42,95,133,60,31" hai3="12,88,52,68,80,6,44,23,0,72,100,94,113"/><V65/><F133/><W121/><G121/><T8/><D71/><U76/><E107/><V26/><F117/><W119/><G119/><T82/><D112/><U127/><E118/><V109/><F109/><W34/><G34/><T18/><D120/><U102/><E102/><V3/><F42/><W97/><G68/><T30/><D130/><U116/><E116/><V70/><F3/><W35/><G35/><T73/><REACH who="0" step="1"/><D8/><REACH who="0" ten="251,259,230,250" step="2"/><U91/><E131/><V2/><F70/><W1/><G113/><T69/><D69/><U123/><E123/><V47/><F65/><W17/><G1/><T85/><D85/><U37/><E86/><V83/><F2/><W15/><G0/><T13/><D13/><U92/><E126/><V49/><F83/><W128/><G128/><T122/><D122/><U108/><E127/><V14/><REACH who="2" step="1"/><F26/><REACH who="2" ten="251,259,220,250" step="2"/><N who="3" m="14703" /><G80/><T125/><D125/><U51/><E108/><V114/><F114/><W89/><G15/><T98/><AGARI ba="0,2" hai="18,19,24,30,32,73,77,78,81,82,84,98,103,105" machi="98" ten="30,2000,0" yaku="1,1,0,1,53,0" doraHai="54" doraHaiUra="67" who="0" fromWho="0" sc="251,40,259,-5,220,-10,250,-5" /><INIT seed="3,0,0,1,1,96" ten="291,254,210,245" oya="3" hai0="8,75,61,68,34,90,13,73,103,87,38,40,120" hai1="108,74,49,77,95,134,58,44,16,29,5,48,43" hai2="31,20,23,4,54,24,125,19,117,86,122,76,30" hai3="116,36,79,53,131,113,133,1,115,9,111,3,80"/><W57/><G116/><T56/><D34/><U51/><E134/><V94/><F117/><W25/><G36/><T132/><D68/><U0/><E108/><V60/><F125/><W41/><G133/><T35/><D35/><U10/><E29/><V114/><F114/><W72/><G131/><T14/><D103/><U105/><E105/><V135/><F135/><W59/><G111/><T39/><D14/><U128/><E128/><V64/><F122/><W11/><G41/><T107/><D107/><U2/><E2/><V129/><F129/><W50/><G25/><T22/><D22/><U88/><E16/><V32/><F32/><W33/><G33/><T92/><D120/><U104/><E104/><V84/><F4/><W93/><G93/><T45/><D39/><U21/><E21/><V118/><F118/><W47/><G47/><T63/><D63/><U85/><REACH who="1" step="1"/><E58/><REACH who="1" ten="291,244,210,245" step="2"/><N who="2" m="36887" /><F23/><W101/><G1/><T112/><D132/><U99/><E99/><V42/><F42/><W98/><G3/><T12/><D40/><U65/><E65/><V102/><F54/><W126/><G115/><T66/><D112/><U110/><E110/><V55/><F55/><W69/><G113/><T91/><D66/><U127/><E127/><V121/><F121/><W26/><G126/><T52/><D52/><U119/><E119/><V15/><F15/><W46/><G69/><T82/><D13/><U17/><E17/><V71/><F71/><W124/><G124/><T81/><D56/><N who="3" m="21577" /><G26/><T97/><D97/><U83/><AGARI ba="0,1" hai="0,5,10,43,44,48,49,51,74,77,83,85,88,95" machi="83" ten="30,4000,0" yaku="1,1,0,1,54,1,53,0" doraHai="96" doraHaiUra="109" who="1" fromWho="1" sc="291,-10,244,50,210,-10,245,-20" /><INIT seed="4,0,0,1,2,123" ten="281,294,200,225" oya="0" hai0="80,38,130,90,52,100,74,109,129,39,24,3,50" hai1="17,132,56,98,31,61,42,91,45,97,112,73,49" hai2="96,133,110,125,70,41,77,85,27,4,26,14,6" hai3="21,37,16,68,12,108,64,53,54,65,1,44,84"/><T23/><D3/><U121/><E73/><V76/><F70/><W48/><G1/><T71/><D71/><U117/><E121/><V135/><F85/><W120/><G120/><T33/><D33/><U29/><E117/><V51/><F96/><N who="1" m="36969" /><E132/><N who="2" m="50763" /><F14/><W104/><G37/><T118/><D100/><U9/><E91/><V102/><F102/><W32/><G104/><T116/><D109/><U89/><E89/><V2/><F2/><W11/><G32/><T79/><D90/><U47/><E47/><V105/><F105/><W81/><G108/><T134/><D134/><U55/><E112/><V127/><F110/><W83/><G68/><T94/><D94/><U99/><E99/><V57/><F57/><W113/><G113/><T95/><D95/><U35/><E35/><V0/><F51/><W106/><G106/><T59/><D116/><U101/><E101/><V111/><F41/><W72/><G72/><T67/><D118/><U60/><E60/><V124/><F111/><W87/><G83/><T92/><D92/><U115/><E115/><V20/><F20/><W93/><G21/><T8/><D8/><U128/><E128/><N who="0" m="49257" /><D67/><U69/><E69/><V86/><F86/><W131/><G131/><T5/><D5/><N who="2" m="2154" /><F0/><W122/><G122/><T66/><D66/><U46/><E46/><V107/><F107/><W82/><G93/><T40/><D40/><U63/><E63/><V13/><F13/><AGARI ba="0,0" hai="9,13,17,29,31,42,45,49,55,56,61" m="36969" machi="13" ten="30,1000,0" yaku="8,1" doraHai="123" who="1" fromWho="2" sc="281,0,294,10,200,-10,225,0" owari="281,8.1,304,40.4,190,-31.0,225,-17.5" /></mjloggm>