<mjloggm ver="2.3"><GO type="225" lobby="0"/><UN n0="%E4%B8%89%E5%86%A0%E7%8E%8B%E3%83%BB%E5%B1%B1%E7%94%B0%E5%93%B2%E4%BA%BA" n1="%E3%81%88%E3%81%8C%E3%82%8F%E3%82%8A%E3%81%8A" n2="%E3%81%9F%E3%81%93%E2%98%86%E7%84%BC%E3%81%8D" n3="%E3%81%BF%E3%81%BF%E3%81%9A" dan="16,16,16,17" rate="2159.75,2097.85,2089.56,2244.24" sx="M,M,M,M"/><TAIKYOKU oya="0"/><INIT seed="0,0,0,3,2,75" ten="250,250,250,250" oya="0" hai0="4,114,44,109,135,113,69,102,30,31,97,123,132" hai1="85,14,131,19,11,52,101,119,128,111,33,81,71" hai2="124,110,117,118,21,0,42,3,2,8,43,56,37" hai3="49,48,58,67,78,24,62,87,121,59,50,47,63"/><T13/><D69/><U36/><E119/><N who="2" m="45579" /><F56/><W35/><G121/><T39/><D123/><U1/><E71/><V96/><F96/><W125/><G125/><T22/><D109/><U105/><E111/><V134/><F110/><W34/><G47/><T122/><D122/><U133/><E133/><N who="0" m="51273" /><D4/><U10/><E33/><V16/><F124/><W104/><G104/><N who="0" m="63567" /><D13/><U17/><E36/><V20/><F134/><W15/><G15/><T103/><D103/><U73/><E73/><V129/><F129/><W51/><N who="3" m="12288" /><DORA hai="108" /><W57/><G24/><N who="0" m="16663" /><D31/><U23/><E23/><N who="2" m="8779" /><F37/><W79/><G87/><T45/><D45/><U27/><E85/><V25/><F25/><W54/><REACH who="3" step="1"/><G58/><REACH who="3" ten="250,250,250,240" step="2"/><T74/><D74/><U86/><E86/><V76/><F43/><AGARI ba="0,1" hai="39,43,44,113,114" m="16663,63567,51273" machi="43" ten="30,5800,0" yaku="20,1,52,2" doraHai="75,108" who="0" fromWho="2" sc="250,68,250,0,250,-58,240,0" /><INIT seed="0,1,0,2,5,31" ten="318,250,192,240" oya="0" hai0="44,116,79,27,37,69,105,82,18,15,113,9,21" hai1="40,111,78,93,92,101,135,66,121,118,11,97,2" hai2="16,13,107,109,96,126,54,123,58,128,36,89,77" hai3="124,134,30,52,26,6,41,47,46,80,71,122,51"/><T64/><D105/><U8/><E118/><V72/><F36/><W0/><G134/><T114/><D116/><U67/><E121/><V108/><F123/><W38/><G122/><T117/><D117/><U65/><E135/><V130/><F77/><W90/><G124/><T88/><D69/><U98/><E111/><N who="2" m="42571" /><F72/><W17/><G71/><T12/><D64/><U4/><E78/><V62/><F126/><W84/><G17/><T42/><D15/><U70/><E40/><V99/><F107/><W24/><REACH who="3" step="1"/><G30/><REACH who="3" ten="318,250,192,230" step="2"/><T119/><D119/><U86/><E70/><V129/><F89/><W63/><G63/><T20/><D88/><U5/><E86/><V76/><F76/><W59/><G59/><T131/><D79/><U94/><REACH who="1" step="1"/><E101/><REACH who="1" ten="318,240,192,230" step="2"/><V39/><F39/><W75/><G75/><T106/><D37/><U7/><E7/><V45/><F45/><W48/><G48/><T120/><D44/><U132/><E132/><V19/><F19/><W53/><G53/><T25/><D18/><U35/><E35/><V85/><F85/><W22/><G22/><AGARI ba="1,2" hai="13,16,22,54,58,62,96,99,128,129,130" m="42571" machi="22" ten="40,5200,0" yaku="19,1,14,1,54,1" doraHai="31" who="2" fromWho="3" sc="318,0,240,0,192,75,230,-55" /><INIT seed="1,0,0,1,0,69" ten="318,240,267,175" oya="1" hai0="84,115,21,82,101,81,68,40,35,30,17,43,105" hai1="85,114,125,135,38,62,15,111,56,106,128,37,23" hai2="8,66,64,6,70,7,98,19,80,130,34,112,27" hai3="61,46,121,126,28,127,102,14,57,58,122,93,79"/><U87/><E114/><V99/><F80/><W49/><G28/><T39/><D68/><U76/><E106/><V75/><F70/><W26/><G79/><T52/><D35/><U96/><E135/><V88/><F27/><W42/><G26/><T44/><D30/><U89/><E125/><N who="3" m="47626" /><G14/><T18/><D43/><U110/><E128/><V107/><F8/><W100/><G93/><T13/><D101/><U71/><E71/><V86/><F86/><N who="1" m="32777" /><E89/><V109/><F34/><W131/><G102/><T83/><D105/><U1/><E96/><V104/><F75/><W59/><G100/><T108/><D115/><U24/><E15/><V51/><F130/><W45/><G131/><T78/><D13/><U123/><E76/><V9/><F9/><W0/><G0/><T118/><D78/><U95/><E95/><V32/><F32/><W53/><G61/><T113/><D84/><U103/><E103/><V29/><F29/><W2/><G2/><T48/><D113/><U74/><E74/><V92/><F19/><W134/><G134/><T91/><D82/><U90/><E90/><V10/><F88/><W3/><G3/><T65/><D91/><U20/><E1/><V119/><F10/><W129/><G129/><T132/><D83/><U54/><E123/><V4/><F92/><W116/><G116/><T117/><D118/><U11/><E11/><V50/><F6/><W63/><G63/><T67/><D81/><U124/><E124/><V133/><F112/><W47/><G42/><T22/><D132/><U73/><E73/><V33/><F133/><W60/><G60/><RYUUKYOKU ba="0,0" sc="318,-10,240,-10,267,-10,175,30" hai3="45,46,47,49,53,57,58,59,121,122" /><INIT seed="2,1,0,5,2,8" ten="308,230,257,205" oya="2" hai0="67,90,60,104,106,99,71,52,4,59,111,88,54" hai1="127,31,82,62,74,68,19,113,51,91,43,20,73" hai2="49,117,124,36,39,87,125,112,3,103,84,16,135" hai3="48,129,116,61,29,30,58,134,33,24,13,7,79"/><V92/><F3/><W69/><G116/><T93/><D4/><U101/><E113/><V123/><F123/><W131/><G79/><T0/><D0/><U57/><E127/><N who="2" m="48715" /><F112/><W65/><G134/><T25/><D111/><U56/><E101/><V6/><F6/><W46/><G30/><T102/><D90/><U11/><E68/><V64/><F64/><W5/><G69/><T89/><D89/><U133/><E133/><V9/><F49/><W27/><G27/><T32/><D32/><U86/><E11/><V63/><F63/><W72/><G72/><T53/><D71/><U17/><E17/><V94/><F117/><W108/><G108/><T40/><D40/><U18/><E18/><V128/><F128/><N who="3" m="49227" /><G13/><T38/><D25/><U107/><E107/><V44/><F44/><W14/><G14/><T35/><D35/><U96/><E96/><N who="2" m="59783" /><F94/><W26/><G26/><T15/><D93/><U132/><E132/><V21/><F9/><W121/><G121/><T120/><D120/><U10/><E10/><V110/><F110/><W130/><N who="3" m="49235" /><W95/><DORA hai="81" /><G95/><T80/><D106/><U55/><E31/><V50/><F50/><W28/><G29/><T114/><D114/><U118/><E118/><V78/><F78/><W77/><G77/><T115/><D115/><U41/><E73/><V105/><F105/><W45/><G45/><T100/><D104/><U37/><E74/><V70/><F70/><W47/><G46/><T34/><D99/><U119/><E119/><V42/><F135/><W23/><G33/><T109/><D34/><U122/><E122/><RYUUKYOKU ba="1,0" sc="308,-10,230,-10,257,-10,205,30" hai3="5,7,23,24,28,47,48,58,61,65" /><INIT seed="3,2,0,5,5,40" ten="298,220,247,235" oya="3" hai0="39,106,66,104,56,17,80,78,95,97,59,8,96" hai1="57,123,133,115,121,15,10,30,86,11,135,114,103" hai2="110,102,100,71,130,16,131,7,12,27,75,20,113" hai3="118,92,93,5,41,19,38,52,63,46,91,62,83"/><W77/><G118/><T53/><D39/><U0/><E103/><N who="2" m="39467" /><F71/><W47/><G5/><T21/><D8/><N who="1" m="3115" /><E86/><V89/><F75/><W14/><G46/><T74/><D66/><U49/><E49/><V105/><F105/><W6/><G6/><T34/><D34/><U33/><E57/><V23/><F7/><W51/><G38/><T35/><D97/><U31/><E0/><V85/><F113/><N who="1" m="43017" /><E15/><V65/><F65/><W125/><G125/><T132/><D59/><U42/><E42/><V122/><F122/><N who="1" m="46601" /><E33/><V76/><F76/><W81/><G41/><T101/><D35/><U1/><E1/><V29/><F85/><N who="3" m="48303" /><G83/><T58/><D80/><U134/><AGARI ba="2,0" hai="30,31,133,134,135" m="46601,43017,3115" machi="134" ten="40,8000,1" yaku="28,2,20,1,34,2" doraHai="40" who="1" fromWho="1" sc="298,-22,220,86,247,-22,235,-42" owari="276,7.6,306,40.6,225,-17.5,193,-30.7" /></mjloggm>