<mjloggm ver="2.3"><GO type="225" lobby="0"/><UN n0="%4E%49%4A%49%49%52%4F" n1="%E2%91%A3%E9%81%BF%E9%81%8A%E6%88%AF%E3%80%90%E6%9D%B1%E5%8D%97%E3%80%91" n2="%E3%81%9F%E3%81%A3%E3%81%A1%E3%82%87" n3="%E3%81%AF%E3%82%88%E3%81%8A%E3%81%98%E3%81%95%E3%82%93" dan="16,16,16,16" rate="2165.94,2123.98,2080.23,2183.32" sx="M,M,M,M"/><TAIKYOKU oya="0"/><INIT seed="0,0,0,0,5,69" ten="250,250,250,250" oya="0" hai0="12,75,19,121,49,11,25,134,22,129,87,1,26" hai1="59,45,92,31,104,63,135,79,61,114,21,124,99" hai2="117,88,131,68,42,91,46,60,116,64,122,86,62" hai3="24,48,7,72,56,83,90,67,95,34,41,74,76"/><T70/><D75/><U66/><E114/><V14/><F122/><W29/><G72/><T120/><D70/><U113/><E113/><V71/><F131/><W44/><G7/><N who="0" m="1519" /><D49/><U82/><E104/><V9/><F91/><W18/><G18/><T125/><D87/><U107/><E107/><V3/><F3/><W10/><G10/><T6/><D129/><U57/><E124/><V85/><F85/><W35/><G35/><T111/><D125/><U105/><E105/><V127/><F127/><W52/><G67/><T84/><D84/><U101/><E135/><V36/><F62/><W77/><G76/><T17/><D134/><U133/><E133/><V108/><F108/><W106/><G106/><T39/><D39/><U27/><E45/><V119/><F68/><W0/><G0/><T102/><D102/><U96/><E96/><V109/><F109/><W16/><G16/><N who="0" m="10503" /><D111/><U38/><E38/><V100/><F100/><W40/><REACH who="3" step="1"/><G44/><REACH who="3" ten="250,250,250,240" step="2"/><T23/><D6/><U132/><E132/><V89/><REACH who="2" step="1"/><F86/><AGARI ba="0,1" hai="24,29,34,40,41,48,52,56,74,77,83,86,90,95" machi="86" ten="30,7700,0" yaku="1,1,2,1,7,1,54,1,53,0" doraHai="69" doraHaiUra="98" who="3" fromWho="2" sc="250,0,250,0,250,-77,240,87" /><INIT seed="1,0,0,4,3,8" ten="250,250,173,327" oya="1" hai0="131,101,120,32,88,74,40,79,22,36,45,113,62" hai1="83,130,119,51,64,118,117,66,30,6,116,70,75" hai2="67,135,125,98,48,127,99,41,37,10,20,52,1" hai3="56,100,97,72,25,2,0,71,49,61,89,11,31"/><U90/><E130/><V80/><F135/><W111/><G111/><T38/><D113/><U15/><E70/><V19/><F67/><N who="3" m="41455" /><G89/><T59/><D131/><U124/><E124/><N who="2" m="47691" /><F80/><W69/><G11/><T129/><D32/><U112/><E112/><V86/><F86/><W12/><G12/><T21/><D129/><U43/><E30/><V78/><F78/><W5/><G5/><T82/><D38/><U9/><N who="1" m="29696" /><DORA hai="104" /><U60/><E60/><V68/><F68/><W24/><G24/><T96/><D120/><U13/><E13/><N who="2" m="9327" /><F41/><W108/><G72/><T94/><REACH who="0" step="1"/><D101/><REACH who="0" ten="240,250,173,327" step="2"/><U115/><E115/><V133/><F37/><W106/><G100/><T28/><D28/><U91/><E64/><AGARI ba="0,1" hai="21,22,36,40,45,59,62,64,74,79,82,88,94,96" machi="64" ten="30,7700,0" yaku="1,1,7,1,52,1,54,1,53,0" doraHai="8,104" doraHaiUra="81,132" who="0" fromWho="1" sc="240,87,250,-77,173,0,327,0" /><INIT seed="2,0,0,4,3,126" ten="327,173,173,327" oya="2" hai0="110,47,60,12,18,64,81,0,85,13,131,59,57" hai1="32,11,77,2,49,65,16,75,89,83,31,100,52" hai2="79,118,135,120,80,111,82,115,19,105,72,93,107" hai3="50,103,129,106,22,44,4,101,20,91,55,6,95"/><V127/><F115/><W38/><G129/><T90/><D131/><U117/><E117/><V97/><F19/><W24/><G38/><T48/><D110/><U68/><E100/><N who="3" m="38474" /><G106/><N who="2" m="40457" /><F118/><W56/><G44/><T109/><D0/><U62/><E32/><V30/><F30/><N who="3" m="17671" /><G22/><T25/><D109/><U21/><E31/><V108/><F127/><W63/><G50/><T92/><D59/><U1/><E89/><N who="2" m="55471" /><F120/><W125/><G125/><T7/><D7/><U121/><E11/><V51/><F51/><W70/><G70/><T128/><D128/><U78/><E78/><N who="2" m="44103" /><F135/><W53/><G55/><T94/><D25/><U33/><E33/><V114/><F114/><W37/><G37/><T43/><D12/><U73/><E73/><AGARI ba="0,0" hai="73,79,82,108,111" m="44103,55471,40457" machi="73" ten="30,2900,0" yaku="34,2" doraHai="126" who="2" fromWho="1" sc="327,0,173,-29,173,29,327,0" /><INIT seed="2,1,0,3,5,15" ten="327,144,202,327" oya="2" hai0="95,106,108,99,5,56,116,104,119,47,0,133,84" hai1="23,14,67,61,10,113,4,22,24,36,129,43,21" hai2="64,115,30,46,88,57,70,89,55,25,90,98,107" hai3="39,19,68,17,28,42,114,81,111,112,122,97,52"/><V120/><F115/><N who="3" m="44075" /><G122/><T130/><D130/><U58/><E113/><V2/><F120/><W101/><G111/><T83/><D108/><U109/><E109/><V79/><F79/><W76/><G28/><T41/><D133/><U62/><E129/><V77/><F77/><W12/><G12/><T72/><D72/><U105/><E105/><V71/><F46/><N who="3" m="23903" /><G52/><T117/><D56/><U91/><E36/><V66/><F2/><W29/><G29/><T35/><D35/><U94/><E43/><V92/><F107/><N who="3" m="63919" /><G68/><T31/><D31/><U102/><E62/><N who="2" m="36159" /><F70/><W3/><G3/><T13/><D0/><U128/><E128/><V11/><F71/><W45/><G45/><T16/><D5/><U65/><E102/><N who="2" m="60743" /><F11/><W80/><G80/><T74/><D74/><AGARI ba="1,0" hai="17,19,74,76,81" m="63919,23903,44075" machi="74" ten="30,3900,0" yaku="11,1,52,2" doraHai="15" who="3" fromWho="0" sc="327,-42,144,0,202,0,327,42" /><INIT seed="3,0,0,2,5,87" ten="285,144,202,369" oya="3" hai0="91,69,43,40,59,18,28,103,95,88,47,125,108" hai1="66,116,72,98,86,122,1,133,38,75,13,68,78" hai2="110,37,92,67,104,102,106,34,53,21,50,56,89" hai3="109,12,119,79,27,83,73,20,26,45,52,62,97"/><W113/><G113/><T9/><D108/><U57/><E1/><V85/><F34/><W115/><G115/><T42/><D125/><U24/><E122/><V124/><F37/><W135/><G119/><T31/><D69/><U36/><E116/><V17/><F124/><W46/><G109/><T100/><D47/><U49/><E133/><V29/><F110/><W19/><G135/><T10/><D59/><U126/><E126/><V134/><F102/><N who="0" m="38954" /><D95/><U128/><E128/><V11/><F67/><W7/><G46/><T112/><D112/><U51/><E75/><V76/><F134/><W25/><G97/><T96/><D96/><U4/><E72/><V111/><F111/><W65/><G45/><T121/><D121/><U101/><E68/><V30/><F11/><N who="0" m="4106" /><D18/><U22/><E38/><V41/><F76/><W114/><G114/><T61/><D61/><U60/><E36/><V33/><F41/><W123/><G123/><T14/><D14/><U130/><E130/><V120/><F120/><W23/><G65/><T107/><D107/><U127/><E127/><V39/><F39/><W64/><G64/><T118/><D118/><U71/><E71/><V129/><F129/><W117/><G19/><T55/><D55/><U74/><E74/><V58/><F58/><W35/><G52/><T81/><D81/><U6/><E13/><N who="2" m="9391" /><F33/><W54/><G35/><T90/><AGARI ba="0,0" hai="28,31,40,42,43,88,90,91" m="4106,38954" machi="90" ten="40,12000,2" yaku="28,2,8,1,52,3,54,1" doraHai="87" who="0" fromWho="0" sc="285,120,144,-30,202,-30,369,-60" owari="405,50.5,114,-38.6,172,-22.8,309,10.9" /></mjloggm>