<mjloggm ver="2.3"><GO type="225" lobby="0"/><UN n0="%E4%BF%BA%E3%81%A8%E5%A6%96%E5%A4%A2" n1="%33%74%72%65%65" n2="%E3%82%BD%E3%83%AB%E3%83%88%E3%82%AF%E3%83%AA%E3%83%BC%E3%82%AF" n3="%72%69%6F%75%63%68%61%6E" dan="17,16,16,16" rate="2182.76,2115.22,2104.23,2182.46" sx="F,F,M,M"/><TAIKYOKU oya="0"/><INIT seed="0,0,0,3,1,109" ten="250,250,250,250" oya="0" hai0="64,57,79,108,12,63,27,50,21,47,98,46,115" hai1="93,134,19,105,82,62,126,72,38,48,118,2,101" hai2="122,111,41,114,94,69,89,54,43,29,22,123,107" hai3="32,61,127,33,71,83,9,84,76,78,23,87,53"/><T68/><D108/><U5/><E38/><V135/><F107/><W67/><G127/><T18/><D79/><U58/><E118/><V56/><F111/><W24/><G9/><T129/><D129/><U100/><E105/><V77/><F77/><W15/><G15/><T16/><D115/><U11/><E126/><V104/><F104/><W45/><G53/><T8/><D68/><U37/><E37/><V40/><F29/><W42/><G84/><T92/><REACH who="0" step="1"/><D50/><REACH who="0" ten="240,250,250,250" step="2"/><U44/><E48/><V14/><F114/><W49/><REACH who="3" step="1"/><G76/><REACH who="3" ten="240,250,250,240" step="2"/><T34/><D34/><U110/><E110/><V86/><F123/><W59/><G59/><T30/><D30/><AGARI ba="0,2" hai="23,24,30,32,33,42,45,49,61,67,71,78,83,87" machi="30" ten="30,3900,0" yaku="1,1,7,1,53,1" doraHai="109" doraHaiUra="20" who="3" fromWho="0" sc="240,-39,250,0,250,0,240,59" /><INIT seed="1,0,0,5,2,57" ten="201,250,250,299" oya="1" hai0="17,108,36,35,131,125,134,122,37,86,77,46,120" hai1="78,55,27,73,87,89,6,60,74,1,119,82,129" hai2="53,18,117,90,34,24,94,102,5,126,92,40,123" hai3="105,30,56,48,43,75,127,54,7,32,101,113,135"/><U51/><E119/><V0/><F117/><W114/><G75/><T85/><D35/><U21/><E129/><V76/><F126/><W118/><G118/><T88/><D131/><U65/><E1/><V16/><F123/><N who="0" m="47146" /><D125/><U50/><E6/><V95/><F34/><W111/><G111/><T81/><D108/><U62/><E65/><V59/><F0/><W112/><G135/><T29/><D29/><U63/><E55/><V61/><F5/><W4/><G127/><T26/><D46/><U93/><REACH who="1" step="1"/><E74/><REACH who="1" ten="201,240,250,299" step="2"/><V69/><F69/><W107/><G4/><T115/><D134/><U52/><E52/><V84/><F40/><W10/><G43/><T128/><D128/><U106/><E106/><V91/><F102/><W58/><G101/><T110/><D110/><U47/><E47/><V103/><F103/><W44/><G105/><T64/><D64/><U70/><E70/><V96/><F96/><W49/><G107/><T22/><D115/><U11/><E11/><V38/><F38/><W45/><G45/><T39/><D36/><U8/><E8/><V133/><F133/><W83/><G49/><T20/><D20/><U100/><E100/><V2/><F2/><W23/><G23/><T15/><D26/><U97/><E97/><V72/><F72/><W31/><G32/><T99/><D99/><U67/><E67/><V66/><F66/><W42/><G42/><T132/><D132/><U33/><E33/><V68/><F68/><W12/><G44/><T9/><D9/><U80/><E80/><AGARI ba="0,1" hai="15,17,22,37,39,77,80,81,85,86,88" m="47146" machi="80" ten="30,2000,0" yaku="13,1,54,1" doraHai="57" who="0" fromWho="1" sc="201,30,240,-20,250,0,299,0" /><INIT seed="2,0,0,2,3,93" ten="231,220,250,299" oya="2" hai0="95,23,0,106,89,51,29,17,82,41,70,77,2" hai1="92,78,132,124,31,37,102,35,66,135,74,80,83" hai2="67,97,45,90,6,18,131,91,11,3,7,117,71" hai3="118,85,4,119,15,56,81,27,109,65,26,113,107"/><V47/><F117/><W128/><G109/><T123/><D123/><U42/><E66/><V62/><F62/><W108/><G108/><T25/><D106/><U112/><E112/><V125/><F71/><W54/><G113/><T87/><D70/><U30/><E124/><V59/><F67/><W50/><G107/><T36/><D36/><U121/><E121/><V33/><F33/><W13/><G128/><T53/><D41/><U46/><E80/><V133/><F59/><W8/><G65/><T57/><REACH who="0" step="1"/><D29/><REACH who="0" ten="221,220,250,299" step="2"/><U126/><E126/><V64/><F125/><W116/><REACH who="3" step="1"/><G15/><REACH who="3" ten="221,220,250,289" step="2"/><T1/><D1/><U58/><E135/><V19/><F133/><W86/><G86/><AGARI ba="0,2" hai="0,2,17,23,25,51,53,57,77,82,86,87,89,95" machi="86" ten="30,3900,0" yaku="1,1,7,1,53,1" doraHai="93" doraHaiUra="79" who="0" fromWho="3" sc="221,59,220,0,250,0,289,-39" /><INIT seed="3,0,0,0,2,125" ten="280,220,250,250" oya="3" hai0="62,50,85,101,109,79,10,35,97,98,124,105,118" hai1="88,134,19,130,21,76,120,8,95,72,30,25,26" hai2="99,90,36,102,116,83,92,12,87,49,69,121,68" hai3="103,110,58,91,2,100,46,70,39,56,112,96,64"/><W77/><G112/><T1/><D35/><U0/><E120/><V132/><F116/><W63/><G2/><T74/><D62/><U94/><E134/><V43/><F36/><W61/><G110/><T29/><D29/><U38/><E38/><V55/><F43/><W5/><G5/><T111/><D50/><U131/><E72/><V89/><F132/><W127/><G127/><T28/><D28/><U18/><E76/><V15/><F121/><W16/><G77/><T113/><D124/><U126/><E126/><V73/><F73/><W11/><G91/><T42/><D42/><U24/><E95/><N who="2" m="58751" /><F69/><W93/><G103/><T122/><D97/><N who="1" m="57543" /><E0/><V119/><F68/><W104/><G104/><T84/><D122/><U13/><E19/><V37/><F37/><W22/><G11/><T32/><D32/><U9/><E30/><V44/><F119/><W108/><G108/><N who="0" m="41547" /><D118/><U34/><E34/><V41/><F41/><W33/><G33/><T31/><D31/><U57/><E57/><V80/><F80/><W52/><G39/><T75/><D75/><U17/><E17/><V14/><F92/><W48/><G16/><T45/><D113/><U135/><E135/><V78/><AGARI ba="0,0" hai="12,14,15,44,49,55,78,83,87,89,90" m="58751" machi="78" ten="30,1100,0" yaku="8,1" doraHai="125" who="2" fromWho="2" sc="280,-3,220,-3,250,11,250,-5" /><INIT seed="4,0,0,5,3,27" ten="277,217,261,245" oya="0" hai0="77,83,30,98,3,5,72,121,36,97,84,126,62" hai1="116,52,4,105,7,53,12,131,28,102,59,45,65" hai2="119,17,47,40,76,29,22,73,60,87,106,117,61" hai3="133,132,9,48,44,70,63,96,114,33,23,135,39"/><T103/><D121/><U129/><E116/><N who="2" m="44619" /><F73/><W46/><G33/><T67/><D36/><U32/><E65/><V94/><F106/><W86/><G114/><T92/><D126/><U74/><E74/><V54/><F54/><W124/><G124/><T0/><D5/><U130/><E45/><V26/><F17/><W16/><G39/><T20/><D72/><U90/><E53/><V8/><F8/><W80/><G9/><T100/><D20/><U78/><E78/><V69/><F69/><W82/><G96/><T89/><D30/><U93/><E12/><V13/><F13/><W104/><G104/><T109/><D109/><U108/><E108/><V56/><F56/><W24/><G44/><T91/><D0/><U123/><E123/><V51/><F76/><W58/><G70/><T127/><D3/><U99/><E105/><V41/><F40/><N who="3" m="24647" /><G86/><T37/><D37/><U115/><E115/><V57/><F57/><W25/><G24/><T18/><D127/><U118/><E118/><V55/><F41/><W31/><G16/><T112/><D18/><U125/><E125/><V111/><F111/><W110/><G110/><T120/><D120/><U64/><E64/><AGARI ba="0,0" hai="23,25,31,58,63,64,80,82,132,133,135" m="24647" machi="64" ten="30,2000,0" yaku="20,1,52,1" doraHai="27" who="3" fromWho="1" sc="277,0,217,-20,261,0,245,20" /><INIT seed="5,0,0,0,5,87" ten="277,197,261,265" oya="1" hai0="89,120,54,135,103,132,78,80,42,129,5,90,108" hai1="29,35,57,67,3,68,75,126,37,22,7,105,122" hai2="112,84,96,81,93,128,111,65,2,27,82,60,70" hai3="55,6,30,49,40,56,74,11,131,72,39,36,12"/><U95/><E105/><V51/><F111/><W0/><G131/><T121/><D108/><U97/><E122/><N who="0" m="47209" /><D129/><U100/><E126/><V106/><F128/><W9/><G30/><T15/><D103/><U115/><E115/><V101/><F2/><W83/><G40/><T133/><D42/><U48/><E37/><V94/><F112/><W99/><G99/><T110/><D110/><U107/><E75/><V114/><F114/><W26/><G26/><T63/><D15/><U32/><E68/><V98/><F51/><W130/><G130/><T25/><D5/><U38/><E38/><V21/><F106/><W16/><G74/><N who="0" m="43095" /><D25/><N who="1" m="16567" /><E107/><V18/><F84/><W92/><REACH who="3" step="1"/><G92/><REACH who="3" ten="277,197,261,255" step="2"/><T117/><D117/><U47/><E3/><V41/><F41/><W17/><G17/><T28/><D28/><U113/><E113/><V79/><F79/><AGARI ba="0,1" hai="0,6,9,11,12,16,36,39,49,55,56,72,79,83" machi="79" ten="40,5200,0" yaku="1,1,54,1,53,1" doraHai="87" doraHaiUra="50" who="3" fromWho="2" sc="277,0,197,0,261,-52,255,62" owari="277,7.7,197,-30.3,209,-19.1,317,41.7" /></mjloggm>