<mjloggm ver="2.3"><GO type="225" lobby="0"/><UN n0="%79%6B%66%35%35%33%38%39" n1="%E8%BE%9B%E5%8F%A3%E3%82%AB%E3%83%AC%E3%83%BC%E3%83%A9%E3%82%A4%E3%82%B9" n2="%E6%B4%BE%E9%81%A3%E3%81%AE%E3%82%B8%E3%83%A3%E3%83%83%E3%82%AF" n3="%E7%99%BD%E6%97%A5%E9%9B%AA%E8%8F%9C" dan="16,17,17,17" rate="2130.68,2261.41,2193.85,2220.79" sx="M,M,M,M"/><TAIKYOKU oya="0"/><INIT seed="0,0,0,4,5,56" ten="250,250,250,250" oya="0" hai0="19,31,92,30,107,103,39,32,67,7,80,119,48" hai1="55,95,79,128,100,87,18,9,83,63,17,124,4" hai2="105,21,33,46,34,133,12,5,54,89,10,125,41" hai3="59,50,23,53,2,16,130,121,65,77,45,14,44"/><T37/><D119/><U47/><E124/><V42/><F105/><W3/><G130/><T62/><D107/><U122/><E122/><V11/><F125/><W118/><G118/><T109/><D109/><U0/><E128/><V76/><F76/><W61/><G121/><T96/><D7/><U101/><E95/><V120/><F120/><W112/><G112/><T78/><D48/><U123/><E123/><V132/><F89/><W98/><G77/><T106/><D92/><U126/><E126/><V84/><F84/><W115/><G115/><T13/><D31/><U113/><E113/><V51/><F21/><W93/><REACH who="3" step="1"/><G45/><REACH who="3" ten="250,250,250,240" step="2"/><T68/><D32/><U25/><E47/><V40/><F33/><W57/><G57/><T43/><D30/><U90/><E79/><V15/><REACH who="2" step="1"/><F34/><REACH who="2" ten="250,250,240,240" step="2"/><W117/><G117/><T104/><D78/><U6/><E90/><AGARI ba="0,2" hai="2,3,14,16,23,44,50,53,59,61,65,90,93,98" machi="90" ten="30,7700,0" yaku="1,1,7,1,52,1,54,1,53,0" doraHai="56" doraHaiUra="26" who="3" fromWho="1" sc="250,0,250,-77,240,0,240,97" /><INIT seed="1,0,0,1,1,8" ten="250,173,240,337" oya="1" hai0="117,14,72,77,83,4,84,120,62,35,1,132,55" hai1="99,17,56,127,73,7,36,12,124,69,81,66,29" hai2="100,53,101,26,131,104,71,109,9,82,106,2,134" hai3="41,108,128,105,28,74,63,121,33,3,57,30,58"/><U61/><E36/><V116/><F116/><W23/><G121/><T0/><D117/><U21/><E29/><V42/><F71/><W19/><G105/><T86/><D35/><U24/><E99/><V47/><F109/><W31/><G74/><T60/><D120/><U44/><E44/><V135/><F53/><W102/><G102/><N who="2" m="39529" /><F82/><W48/><G128/><T119/><D119/><U87/><E73/><V114/><F26/><W20/><G3/><T107/><D107/><U38/><E38/><V78/><F78/><W133/><G33/><T67/><D132/><N who="2" m="50730" /><F131/><W64/><G108/><T122/><D122/><U68/><E7/><N who="2" m="1271" /><F114/><W103/><G133/><T52/><D0/><U54/><E24/><V118/><F118/><W89/><G103/><T32/><D1/><U125/><REACH who="1" step="1"/><E54/><REACH who="1" ten="250,163,240,337" step="2"/><V98/><F98/><W94/><G31/><T34/><D55/><U50/><E50/><AGARI ba="0,1" hai="42,47,50,104,106" m="1271,50730,39529" machi="50" ten="30,1000,0" yaku="20,1" doraHai="8" who="2" fromWho="1" sc="250,0,163,-10,240,20,337,0" /><INIT seed="2,0,0,0,1,73" ten="250,153,260,337" oya="2" hai0="55,30,6,53,40,41,92,103,3,99,7,132,81" hai1="35,18,87,135,9,110,22,124,1,119,89,109,90" hai2="25,46,82,38,34,72,96,105,122,131,60,20,75" hai3="32,118,67,79,76,56,77,113,133,112,15,2,17"/><V47/><F122/><W84/><G118/><T28/><D132/><U48/><E119/><V43/><F34/><W91/><G2/><T111/><D111/><U129/><E35/><V69/><F131/><W125/><G32/><T98/><D3/><U74/><E74/><V59/><F69/><W66/><G125/><T97/><D97/><U93/><E135/><V16/><F47/><W106/><G106/><T130/><D81/><U68/><E68/><V10/><F10/><W14/><G56/><T24/><D24/><U100/><E100/><V64/><REACH who="2" step="1"/><F82/><REACH who="2" ten="250,153,250,337" step="2"/><N who="3" m="49559" /><G133/><T52/><D130/><U11/><E129/><V51/><F51/><W65/><G17/><T116/><D116/><U33/><E33/><V54/><F54/><W108/><G108/><T94/><REACH who="0" step="1"/><D55/><REACH who="0" ten="240,153,250,337" step="2"/><U127/><E110/><V50/><F50/><W37/><G37/><T115/><D115/><AGARI ba="0,2" hai="14,15,65,66,67,76,77,79,112,113,115" m="49559" machi="115" ten="40,8000,1" yaku="11,1,52,3" doraHai="73" who="3" fromWho="0" sc="240,-80,153,0,250,0,337,100" /><INIT seed="3,0,0,1,0,28" ten="160,153,250,437" oya="3" hai0="109,49,23,118,78,55,91,38,126,74,105,127,116" hai1="29,13,10,15,102,69,112,63,94,85,92,106,8" hai2="17,132,37,61,89,72,65,22,34,113,20,14,87" hai3="123,57,115,62,33,58,48,52,124,41,80,6,96"/><W73/><G115/><T131/><D109/><U71/><E112/><V24/><F34/><W120/><G33/><T11/><D131/><U9/><E29/><V3/><F3/><W84/><G124/><N who="0" m="47659" /><D38/><U39/><E39/><V97/><F72/><W88/><G73/><T75/><D105/><U133/><E133/><V26/><F37/><W1/><G1/><T27/><D91/><N who="1" m="53359" /><E106/><V0/><F0/><W12/><G41/><T95/><D95/><U25/><E69/><V47/><F132/><W46/><G96/><T90/><D90/><U93/><E71/><V135/><F135/><W50/><G12/><N who="1" m="4682" /><E102/><V101/><F113/><W125/><G6/><T53/><D11/><N who="1" m="2819" /><U19/><DORA hai="104" /><E63/><V81/><F22/><AGARI ba="0,0" hai="19,22,25,93,94" m="2819,4682,53359" machi="22" ten="40,1300,0" yaku="8,1" doraHai="28,104" who="1" fromWho="2" sc="160,0,153,13,250,-13,437,0" owari="160,-34.0,166,-23.4,237,3.7,437,53.7" /></mjloggm>