<mjloggm ver="2.3"><GO type="225" lobby="0"/><UN n0="%E3%81%AA%E3%82%81%E3%81%93%E9%9B%80%E5%A3%AB" n1="%6D%75%75%73%61%6E%6D%75" n2="%E6%81%A5%E6%99%92%E3%81%97" n3="%72%69%6F%75%63%68%61%6E" dan="16,17,16,16" rate="2015.10,2158.20,2111.41,2189.99" sx="M,F,M,M"/><TAIKYOKU oya="0"/><INIT seed="0,0,0,3,0,12" ten="250,250,250,250" oya="0" hai0="46,105,106,28,23,126,47,61,84,39,128,35,21" hai1="71,108,119,77,2,51,89,40,52,79,109,73,112" hai2="62,88,103,99,81,122,67,95,37,85,110,36,16" hai3="78,26,127,63,76,24,134,94,80,3,13,50,14"/><T131/><D126/><U58/><E119/><V87/><F110/><N who="1" m="42601" /><E73/><V133/><F133/><W27/><G134/><T68/><D84/><U19/><E112/><V7/><F7/><W59/><G127/><T98/><D35/><U115/><E115/><V91/><F122/><W125/><G3/><T100/><D105/><U102/><E2/><V30/><F30/><W124/><G124/><T5/><D5/><U75/><E75/><V129/><F129/><N who="0" m="49738" /><D28/><U104/><E71/><V113/><F113/><W118/><G118/><T25/><D39/><U132/><E132/><V82/><REACH who="2" step="1"/><F16/><REACH who="2" ten="250,250,240,250" step="2"/><W83/><G125/><T22/><D25/><U135/><E135/><V92/><F92/><W33/><G33/><T53/><D68/><AGARI ba="0,1" hai="36,37,62,67,68,81,82,85,87,88,91,95,99,103" machi="68" ten="30,8000,1" yaku="1,1,7,1,9,1,54,1,53,1" doraHai="12" doraHaiUra="57" who="2" fromWho="0" sc="250,-80,250,0,240,90,250,0" /><INIT seed="1,0,0,3,2,10" ten="170,250,330,250" oya="1" hai0="125,26,128,9,27,20,22,105,98,131,4,19,33" hai1="46,91,16,57,75,123,1,54,89,52,113,50,32" hai2="87,112,135,122,116,77,23,11,92,62,126,114,67" hai3="34,24,111,29,56,118,83,127,66,63,6,53,31"/><U49/><E113/><N who="2" m="43627" /><F116/><W107/><G111/><T18/><D125/><U93/><E123/><V78/><F135/><W68/><G127/><T95/><D105/><U129/><E129/><V2/><F122/><W25/><G118/><T133/><D133/><U103/><E1/><V73/><F126/><W94/><G107/><T70/><D70/><U38/><E32/><V117/><F117/><W132/><G132/><T47/><D47/><U79/><E38/><V96/><F87/><W0/><G83/><T35/><D95/><U85/><E75/><V69/><F23/><W45/><G45/><T121/><D98/><N who="1" m="59855" /><E79/><V58/><F58/><W84/><G6/><T99/><D99/><U97/><E97/><V60/><F60/><W81/><G0/><T3/><D121/><U86/><E86/><V39/><F39/><W101/><G94/><T90/><D90/><U65/><E65/><V21/><F21/><W120/><G120/><T41/><D41/><U106/><E106/><V72/><F78/><W80/><G101/><T115/><D115/><U30/><E30/><V134/><F77/><W36/><G36/><T109/><D109/><U119/><E119/><V48/><F134/><W100/><G100/><T12/><D35/><U15/><E85/><V14/><F2/><W59/><G84/><T124/><D124/><U61/><E61/><V102/><F48/><N who="3" m="30759" /><G68/><T8/><D33/><U28/><E28/><AGARI ba="0,0" hai="3,4,8,9,12,18,19,20,22,26,27,28,128,131" machi="28" ten="40,8000,1" yaku="34,3,52,1" doraHai="10" who="0" fromWho="1" sc="170,80,250,-80,330,0,250,0" /><INIT seed="2,0,0,5,1,65" ten="250,170,330,250" oya="2" hai0="131,80,26,67,76,36,68,12,59,2,35,111,122" hai1="37,57,56,116,118,25,21,69,78,20,10,55,64" hai2="79,5,114,97,31,130,105,52,85,28,45,121,100" hai3="8,104,54,95,40,23,84,117,43,0,30,107,73"/><V58/><F114/><W61/><G117/><T113/><D122/><U110/><E37/><V24/><F130/><W9/><G73/><T86/><D111/><U135/><E110/><V47/><F121/><W74/><G74/><T77/><D2/><U6/><E135/><V50/><F5/><W94/><G107/><T75/><D36/><U44/><E78/><V128/><F128/><W92/><G104/><T33/><D59/><U16/><E44/><V63/><F47/><W82/><G0/><T83/><D113/><U39/><E39/><V109/><F109/><W22/><G54/><T115/><D115/><U126/><E126/><V46/><F24/><N who="3" m="16663" /><G61/><T98/><D26/><U120/><E20/><V99/><F99/><W11/><G23/><T62/><D131/><U90/><E90/><AGARI ba="0,0" hai="8,9,11,40,43,82,84,90,92,94,95" m="16663" machi="90" ten="30,1000,0" yaku="8,1" doraHai="65" who="3" fromWho="1" sc="250,0,170,-10,330,0,250,10" /><INIT seed="3,0,0,5,1,67" ten="250,160,330,260" oya="3" hai0="91,13,101,113,34,124,100,59,76,32,12,55,95" hai1="102,23,18,42,122,79,50,69,88,123,80,58,40" hai2="75,92,114,46,52,38,98,119,56,107,81,37,83" hai3="108,133,9,104,78,2,17,0,27,117,33,60,121"/><W73/><G117/><T19/><D34/><U7/><E102/><N who="0" m="39529" /><D32/><U135/><E7/><V21/><F114/><W65/><G121/><T29/><D124/><U14/><E135/><V44/><F107/><W1/><G133/><T61/><D113/><U116/><E116/><V3/><F3/><W36/><G36/><T25/><D76/><U129/><E129/><V41/><F75/><W109/><G104/><T5/><D29/><U126/><E126/><V4/><F4/><W112/><G112/><T94/><D5/><U103/><E103/><V51/><F119/><W130/><G130/><T54/><D54/><U86/><E122/><V90/><F21/><W131/><G131/><T84/><D95/><U53/><E123/><V57/><F57/><W63/><G9/><T132/><D132/><U28/><E28/><V48/><F37/><W87/><G73/><T31/><D31/><U99/><REACH who="1" step="1"/><E69/><REACH who="1" ten="250,150,330,260" step="2"/><V45/><F45/><W127/><G127/><T120/><D120/><U66/><E66/><V111/><F46/><W68/><G65/><T134/><D134/><U93/><AGARI ba="0,1" hai="14,18,23,40,42,50,53,58,79,80,86,88,93,99" machi="93" ten="30,7900,0" yaku="1,1,0,1,8,1,54,1,53,0" doraHai="67" doraHaiUra="6" who="1" fromWho="1" sc="250,-20,150,89,330,-20,260,-39" owari="230,-17.0,239,3.9,310,41.0,221,-27.9" /></mjloggm>