<mjloggm ver="2.3"><GO type="225" lobby="0"/><UN n0="%E3%81%86%E3%81%A3%E3%81%97%E3%83%BC%30%30" n1="%E3%81%82%E3%81%B9%E3%81%99%E3%81%91" n2="%E7%B4%94%E6%BD%94%E3%83%94%E3%83%A9%E3%83%8B%E3%82%A2" n3="%E6%B4%BE%E9%81%A3%E3%81%AE%E3%82%B8%E3%83%A3%E3%83%83%E3%82%AF" dan="16,16,18,16" rate="2093.71,2113.62,2284.38,2173.33" sx="M,M,M,M"/><TAIKYOKU oya="0"/><INIT seed="0,0,0,4,0,122" ten="250,250,250,250" oya="0" hai0="134,47,71,83,91,50,49,124,13,111,106,84,41" hai1="92,104,69,131,125,64,80,72,5,61,116,88,38" hai2="78,109,6,11,42,135,76,102,94,8,37,3,77" hai3="48,24,90,65,22,32,25,81,15,29,0,58,51"/><T56/><D71/><U86/><E116/><V132/><F11/><W2/><G15/><T18/><D134/><N who="2" m="51242" /><F109/><W53/><G65/><T97/><D124/><U123/><E125/><V133/><N who="2" m="51250" /><V100/><DORA hai="16" /><F94/><W120/><G120/><T112/><D112/><U54/><E131/><V34/><F34/><W60/><G2/><T66/><D111/><U7/><E38/><V63/><F63/><W46/><G0/><T45/><D97/><U59/><E104/><V52/><F52/><W31/><REACH who="3" step="1"/><G46/><AGARI ba="0,0" hai="3,6,8,37,42,46,76,77,78,100,102" m="51250" machi="46" ten="50,1600,0" yaku="20,1" doraHai="122,16" who="2" fromWho="3" sc="250,0,250,0,250,16,250,-16" /><INIT seed="1,0,0,1,5,94" ten="250,250,266,234" oya="1" hai0="37,45,106,33,66,22,69,81,73,4,60,91,29" hai1="18,102,134,105,131,39,79,109,59,127,117,38,128" hai2="31,86,92,14,124,0,24,87,13,40,93,85,122" hai3="100,52,20,104,43,64,35,54,51,30,95,98,107"/><U16/><E117/><V121/><F0/><W110/><G35/><T133/><D22/><U17/><E127/><V74/><F74/><W71/><G110/><T116/><D91/><U2/><E2/><V27/><F40/><W5/><G5/><T126/><D4/><U36/><E134/><V113/><F87/><W41/><G64/><T78/><D133/><U63/><E79/><V11/><F11/><W135/><G71/><T65/><D65/><U132/><E132/><V61/><F61/><W32/><G32/><T8/><D8/><U55/><REACH who="1" step="1"/><E109/><REACH who="1" ten="250,240,266,234" step="2"/><V47/><F124/><W67/><G135/><T76/><D78/><U123/><E123/><V112/><REACH who="2" step="1"/><F47/><REACH who="2" ten="250,240,256,234" step="2"/><W62/><G62/><T77/><D45/><U10/><E10/><V89/><F89/><W68/><G68/><T120/><D126/><U7/><E7/><V57/><F57/><W101/><G101/><T99/><D60/><U82/><E82/><V1/><F1/><W72/><G100/><T114/><D81/><U118/><E118/><V15/><F15/><W96/><G72/><T48/><D69/><U83/><E83/><V21/><F21/><W12/><G12/><T119/><D116/><U56/><E56/><V9/><F9/><W3/><G3/><T88/><D88/><U26/><E26/><V25/><F25/><W84/><G20/><T6/><D119/><U46/><E46/><V44/><F44/><W50/><G43/><T129/><D33/><U111/><E111/><V130/><F130/><W80/><G41/><T28/><D129/><U42/><E42/><V53/><F53/><RYUUKYOKU ba="0,2" sc="250,-15,240,15,256,15,234,-15" hai1="16,17,18,36,38,39,55,59,63,102,105,128,131" hai2="13,14,24,27,31,85,86,92,93,112,113,121,122" /><INIT seed="1,1,2,2,0,86" ten="235,255,271,219" oya="1" hai0="94,113,61,25,32,96,11,44,133,30,33,48,112" hai1="92,107,15,126,50,53,104,101,31,114,20,67,123" hai2="103,110,51,40,41,17,79,119,68,4,37,8,52" hai3="77,66,91,28,54,46,56,115,55,125,5,100,111"/><U14/><E114/><V71/><F119/><W0/><G115/><T74/><D74/><U89/><E123/><V70/><F110/><W42/><G111/><T109/><D109/><U23/><E126/><V16/><F79/><W45/><G125/><T83/><D133/><U12/><E67/><V26/><F103/><W43/><G100/><T57/><D83/><U3/><E3/><V130/><F130/><W121/><G77/><T129/><D129/><U97/><E31/><V29/><F37/><W93/><G121/><T36/><D33/><U69/><E69/><V82/><F82/><W64/><G28/><T127/><D11/><U120/><E120/><V84/><F84/><N who="3" m="52455" /><G5/><T75/><D75/><U116/><E116/><V108/><F108/><W58/><G0/><T9/><D9/><U90/><E90/><V134/><F134/><W73/><G73/><T132/><D36/><U98/><REACH who="1" step="1"/><E107/><REACH who="1" ten="235,245,271,219" step="2"/><V19/><F29/><W124/><G124/><T6/><D127/><U135/><E135/><V38/><F38/><W59/><G64/><N who="0" m="38959" /><D132/><U13/><N who="1" m="3072" /><DORA hai="118" /><U105/><E105/><V122/><F122/><W88/><G66/><T95/><D113/><U87/><E87/><V49/><F8/><W22/><G88/><N who="0" m="55367" /><D112/><U21/><E21/><V27/><F4/><W18/><G22/><T60/><D6/><U47/><AGARI ba="1,3" hai="20,23,47,50,53,89,92,97,98,101,104" m="3072" machi="47" ten="40,7800,0" yaku="1,1,0,1,52,1,53,0" doraHai="86,118" doraHaiUra="24,76" who="1" fromWho="1" sc="235,-27,245,111,271,-27,219,-27" /><INIT seed="1,2,0,1,1,52" ten="208,356,244,192" oya="1" hai0="117,21,111,2,45,70,41,51,101,66,23,27,76" hai1="100,112,58,28,48,5,110,7,104,65,47,95,53" hai2="43,62,37,94,19,96,91,4,71,86,31,13,12" hai3="87,56,20,24,114,33,74,55,99,109,75,10,72"/><U73/><E112/><V115/><F115/><W38/><G114/><T6/><D117/><U98/><E73/><V97/><F31/><W14/><G38/><T90/><D111/><U135/><E135/><V34/><F34/><W68/><G68/><T108/><D108/><U118/><E118/><V89/><F37/><W57/><G33/><T15/><D2/><U22/><E104/><V80/><F43/><W84/><G99/><T92/><D101/><U130/><E130/><V129/><F129/><W78/><G109/><T54/><D76/><U63/><E110/><V50/><F50/><W3/><G3/><T88/><D70/><U132/><E132/><V119/><F119/><W49/><G57/><T40/><D66/><U35/><E35/><V32/><F32/><W9/><G78/><T126/><D126/><U122/><E122/><V128/><F128/><W42/><G42/><N who="0" m="16491" /><D92/><U0/><E0/><V105/><F4/><W29/><REACH who="3" step="1"/><G10/><REACH who="3" ten="208,356,244,182" step="2"/><N who="0" m="4567" /><D23/><U81/><E81/><V39/><F39/><W106/><G106/><T26/><D26/><AGARI ba="2,1" hai="5,7,22,26,28,47,48,53,58,63,65,95,98,100" machi="26" ten="40,12000,1" yaku="25,2,8,1,52,1" doraHai="52" who="1" fromWho="0" sc="208,-126,356,136,244,0,182,0" /><INIT seed="1,3,0,1,0,78" ten="82,492,244,182" oya="1" hai0="53,88,25,62,117,89,47,108,2,48,59,124,104" hai1="132,122,1,35,44,10,114,128,34,37,15,8,112" hai2="90,4,100,41,76,40,19,23,75,103,14,7,0" hai3="72,3,36,22,131,43,107,13,94,111,106,64,101"/><U87/><E44/><V85/><F75/><W121/><G121/><T28/><D117/><U79/><E37/><V20/><F76/><W33/><G33/><T32/><D108/><U99/><E99/><V123/><F123/><W98/><G3/><T118/><D118/><U66/><E87/><V31/><F0/><W134/><G72/><T60/><D124/><U83/><E66/><V29/><F4/><W73/><G73/><T80/><D104/><U52/><E79/><V21/><F7/><W86/><G64/><T46/><D2/><U17/><E17/><V67/><F67/><W16/><G111/><T61/><REACH who="0" step="1"/><D89/><REACH who="0" ten="72,492,244,182" step="2"/><U54/><E1/><V56/><F100/><W105/><G105/><T135/><D135/><U77/><E132/><V125/><F103/><W110/><G134/><T96/><D96/><U129/><E122/><V18/><F125/><W133/><G133/><T127/><D127/><U30/><E114/><V51/><F31/><W119/><G119/><T71/><D71/><U11/><E30/><V12/><F29/><W91/><G110/><T130/><D130/><U42/><E112/><V50/><F21/><W120/><G131/><T92/><D92/><U65/><E129/><V6/><F6/><W49/><G120/><T45/><D45/><U39/><E128/><V97/><F97/><W81/><G106/><T5/><D5/><U9/><E35/><V109/><F109/><W63/><G107/><T102/><D102/><U26/><E34/><V58/><F90/><W113/><G113/><T74/><D74/><U126/><E126/><V115/><F115/><RYUUKYOKU ba="3,1" sc="72,15,492,-15,244,15,182,-15" hai0="25,28,32,46,47,48,53,59,60,61,62,80,88" hai2="12,14,18,19,20,23,40,41,50,51,56,58,85" /><INIT seed="2,4,1,5,3,41" ten="87,477,259,167" oya="2" hai0="130,45,70,30,131,113,91,77,32,12,119,135,123" hai1="24,134,18,63,75,115,129,69,120,68,27,114,50" hai2="21,64,81,14,84,59,88,2,73,92,125,71,35" hai3="33,56,78,82,38,40,105,94,28,47,102,98,97"/><V62/><F35/><W52/><G33/><T96/><D77/><U127/><E63/><V4/><F2/><W67/><G28/><T7/><D70/><U19/><E50/><V48/><F125/><W8/><G8/><N who="0" m="4127" /><D96/><U99/><E134/><V74/><F81/><W23/><G23/><T13/><D91/><U100/><E99/><V79/><F79/><W87/><G67/><T34/><D45/><U9/><E9/><V17/><F4/><W80/><G80/><T0/><D0/><U16/><E129/><N who="0" m="49161" /><D123/><U20/><E100/><V66/><F66/><W5/><G5/><T37/><D37/><U110/><E69/><V39/><F39/><W112/><G112/><T60/><D60/><U10/><E68/><V133/><F133/><W122/><G122/><T61/><D61/><U107/><E107/><V85/><F84/><W15/><G15/><T83/><D83/><U29/><E75/><V111/><F111/><W22/><G22/><T109/><D135/><U106/><E110/><V76/><F76/><W65/><G65/><T55/><D55/><AGARI ba="4,1" hai="14,17,21,48,55,59,62,64,71,73,74,85,88,92" machi="55" ten="40,7700,0" yaku="25,2,54,1" doraHai="41" who="2" fromWho="0" sc="87,-89,477,0,259,99,167,0" owari="-2,-50.2,477,57.7,358,15.8,167,-23.3" /></mjloggm>