<mjloggm ver="2.3"><GO type="225" lobby="0"/><UN n0="%E3%81%A1%E3%82%83%E3%81%93%E3%81%93" n1="%E6%81%A5%E6%99%92%E3%81%97" n2="%E6%A1%9C%E8%8A%B1%E9%96%83%E3%80%85" n3="%E3%81%AA%E3%82%81%E3%81%93%E9%9B%80%E5%A3%AB" dan="16,16,16,16" rate="2131.97,2110.95,2209.60,2041.03" sx="F,M,M,M"/><TAIKYOKU oya="0"/><INIT seed="0,0,0,5,3,93" ten="250,250,250,250" oya="0" hai0="101,71,55,77,97,82,89,6,78,20,107,132,73" hai1="65,54,45,61,90,67,105,31,88,44,25,14,42" hai2="3,37,72,124,1,63,26,108,126,102,75,129,58" hai3="123,60,109,0,118,106,49,96,30,43,74,99,86"/><T103/><D71/><U69/><E105/><V52/><F108/><W104/><G118/><T127/><D6/><U10/><E67/><V19/><F37/><W13/><G0/><N who="2" m="73" /><F129/><W119/><G74/><T91/><D20/><U53/><E53/><V8/><F102/><W95/><G119/><T47/><D47/><U112/><E54/><V110/><F110/><W48/><G109/><T41/><D55/><U15/><E112/><V121/><F121/><W12/><G123/><T29/><D29/><U32/><E45/><V76/><F76/><W23/><G104/><T116/><D116/><U122/><E122/><V115/><F115/><W128/><G106/><T18/><D18/><U80/><E80/><V114/><F114/><W22/><G128/><T111/><D41/><U87/><E87/><V34/><F8/><W64/><G86/><T39/><D39/><U24/><E24/><V131/><F131/><W51/><G43/><T134/><D111/><U130/><E130/><V83/><F83/><W66/><G51/><T100/><D107/><U27/><E25/><V11/><F34/><W16/><G95/><N who="0" m="56575" /><D77/><U36/><REACH who="1" step="1"/><E15/><REACH who="1" ten="250,240,250,250" step="2"/><N who="2" m="7679" /><F26/><W84/><G84/><N who="0" m="50327" /><D73/><U135/><E135/><N who="0" m="51753" /><D78/><U9/><E9/><V5/><F75/><W40/><G40/><T117/><D117/><U35/><E35/><V38/><F72/><W81/><G81/><T28/><D28/><U56/><E56/><V59/><F59/><W50/><G30/><T79/><D79/><U4/><AGARI ba="0,1" hai="4,10,14,27,31,32,36,42,44,61,65,69,88,90" machi="4" ten="20,5200,0" yaku="1,1,0,1,7,1,54,1,53,0" doraHai="93" doraHaiUra="33" who="1" fromWho="1" sc="250,-26,240,62,250,-13,250,-13" /><INIT seed="1,0,0,0,4,34" ten="224,302,237,237" oya="1" hai0="99,69,110,18,125,79,0,13,112,101,3,42,108" hai1="78,133,29,119,127,68,28,22,135,38,16,134,43" hai2="85,115,103,8,45,61,114,59,116,17,111,66,97" hai3="63,9,95,53,131,132,67,36,83,21,58,126,20"/><U70/><E119/><V32/><F116/><W41/><G131/><T109/><D69/><N who="1" m="26731" /><E78/><V98/><F111/><W14/><G132/><T96/><D112/><N who="2" m="43050" /><F32/><W39/><G126/><T90/><D125/><U60/><E127/><V62/><F85/><W77/><G95/><N who="0" m="56439" /><D42/><U89/><E60/><N who="2" m="38175" /><F45/><W2/><G39/><T37/><D37/><U130/><E130/><V55/><F55/><W123/><G123/><T46/><D46/><N who="1" m="23927" /><E89/><V91/><F91/><W124/><G124/><T88/><D79/><U15/><AGARI ba="0,0" hai="15,16,22,28,29,133,134,135" m="23927,26731" machi="15" ten="40,3900,0" yaku="20,1,54,1" doraHai="34" who="1" fromWho="1" sc="224,-13,302,39,237,-13,237,-13" /><INIT seed="1,1,0,4,4,81" ten="211,341,224,224" oya="1" hai0="131,117,110,126,119,95,71,24,48,115,59,70,40" hai1="63,26,100,43,8,33,101,12,62,109,49,69,127" hai2="30,118,18,87,88,76,52,7,106,86,113,47,32" hai3="108,15,31,41,64,96,57,114,6,19,3,134,124"/><U58/><E127/><V45/><F118/><N who="0" m="45066" /><D115/><U60/><E69/><N who="0" m="26121" /><D24/><U37/><E37/><V92/><F113/><W133/><G114/><T111/><D95/><U65/><E109/><N who="0" m="41481" /><D126/><U56/><E26/><V16/><F106/><W29/><G124/><T28/><D28/><U121/><E33/><V38/><F30/><W122/><G108/><T11/><D11/><U93/><E93/><V79/><F32/><W135/><G96/><T77/><D77/><N who="2" m="29770" /><F7/><W97/><G6/><T103/><D103/><U85/><E100/><V13/><F18/><W53/><G3/><T128/><D40/><U46/><E101/><V98/><F98/><W2/><G41/><T5/><D5/><U68/><E8/><N who="2" m="6183" /><F87/><W132/><G97/><T116/><N who="0" m="45074" /><T17/><DORA hai="84" /><D17/><U74/><E43/><V4/><F4/><W0/><N who="3" m="33792" /><DORA hai="89" /><W83/><G2/><T42/><D42/><U67/><E12/><V66/><F38/><W9/><G0/><T123/><D123/><U72/><E68/><V130/><F92/><W99/><G99/><T78/><D78/><U27/><E27/><V10/><F88/><W105/><G122/><T22/><D22/><U21/><E21/><V75/><F86/><W23/><G23/><T94/><D94/><U107/><E85/><V91/><F91/><W102/><G83/><T73/><D73/><U125/><E125/><V20/><F75/><W36/><G31/><T61/><D48/><U51/><E49/><V14/><F20/><W90/><G29/><T120/><D120/><U1/><E121/><V39/><F10/><W44/><G9/><RYUUKYOKU ba="1,0" sc="211,30,341,-10,224,-10,224,-10" hai0="59,61,128,131" /><INIT seed="2,2,0,1,2,41" ten="241,331,214,214" oya="2" hai0="132,77,114,14,47,130,72,101,26,16,12,99,21" hai1="128,109,2,123,75,118,19,85,43,63,20,131,36" hai2="120,60,62,33,66,78,93,71,48,69,134,53,32" hai3="124,23,112,5,82,91,97,0,9,98,90,55,34"/><V22/><F120/><W103/><G34/><T52/><D114/><U84/><E109/><V15/><F134/><W44/><G112/><T94/><D130/><N who="1" m="49707" /><E123/><V45/><F78/><W61/><G124/><T88/><D132/><U59/><E118/><V56/><F93/><W92/><G23/><T113/><D113/><U27/><E2/><V106/><F106/><W74/><G98/><T4/><D72/><U65/><E75/><V127/><F127/><W96/><G96/><T37/><D77/><U102/><E102/><V95/><F95/><W68/><G68/><T30/><D4/><U73/><E73/><V50/><F50/><W80/><G61/><T25/><D37/><U135/><E135/><V38/><F38/><W116/><G116/><T49/><D101/><U110/><E110/><V117/><F117/><W58/><G58/><T42/><D42/><U89/><E89/><V35/><REACH who="2" step="1"/><F62/><REACH who="2" ten="241,331,204,214" step="2"/><W6/><G82/><T129/><D129/><U57/><E36/><V13/><F13/><W40/><G80/><T119/><D119/><U105/><E105/><V79/><F79/><W107/><G107/><T8/><D8/><U100/><E63/><V125/><F125/><W18/><G0/><T108/><D108/><U1/><E1/><V121/><F121/><W81/><G81/><T104/><D104/><U28/><E100/><V24/><F24/><W70/><G103/><T31/><D14/><U64/><E27/><AGARI ba="2,1" hai="12,16,21,25,26,27,30,31,47,49,52,88,94,99" machi="27" ten="40,8000,1" yaku="8,1,52,1,54,3" doraHai="41" who="0" fromWho="1" sc="241,96,331,-86,204,0,214,0" /><INIT seed="3,0,0,2,4,17" ten="337,245,204,214" oya="3" hai0="31,116,52,53,38,33,131,16,79,127,69,119,12" hai1="19,86,117,8,22,133,70,48,51,73,56,84,36" hai2="1,18,28,118,45,102,20,129,134,63,92,24,75" hai3="89,0,55,135,13,123,77,95,122,21,85,3,37"/><W132/><G37/><T78/><D131/><U97/><E36/><V9/><F118/><W82/><G55/><T72/><D69/><U15/><E70/><V59/><F129/><W88/><G3/><T112/><D38/><U94/><E73/><V11/><F75/><W68/><G68/><T23/><D112/><U101/><E133/><N who="3" m="51274" /><G0/><T41/><D41/><U5/><E56/><V124/><F134/><W29/><G13/><T61/><D127/><U32/><E32/><V76/><F76/><N who="0" m="29226" /><D72/><U91/><E86/><V30/><F45/><W115/><G115/><T46/><D33/><U49/><E117/><V104/><F104/><W66/><G66/><T34/><D34/><U60/><E60/><V65/><F124/><W111/><G111/><T121/><D121/><N who="3" m="46089" /><G95/><T43/><D31/><N who="2" m="11818" /><F1/><W62/><G62/><T39/><D39/><U125/><E125/><V114/><F114/><W25/><AGARI ba="0,0" hai="21,25,29,77,82,85,88,89" m="46089,51274" machi="25" ten="40,7800,0" yaku="20,1,52,1,54,1" doraHai="17" who="3" fromWho="3" sc="337,-26,245,-26,204,-26,214,78" /><INIT seed="3,1,0,5,4,103" ten="311,219,178,292" oya="3" hai0="125,89,116,95,77,113,46,53,17,134,133,97,83" hai1="106,80,102,107,131,91,127,30,26,120,121,47,65" hai2="29,114,45,28,117,19,11,128,56,55,15,99,123" hai3="98,51,8,14,23,3,0,12,72,61,39,58,78"/><W90/><G39/><T76/><D116/><U111/><E111/><V52/><F117/><W25/><G72/><T32/><D32/><U129/><E65/><V48/><F114/><W37/><G37/><T71/><D71/><U75/><E47/><V27/><F128/><N who="1" m="49225" /><E127/><V60/><F123/><N who="1" m="47177" /><E102/><V118/><F118/><W31/><G78/><T92/><D46/><U81/><E75/><V112/><F112/><W108/><G108/><T40/><D40/><U94/><E81/><V124/><F124/><W7/><G51/><T21/><D53/><U74/><E80/><V85/><F99/><W88/><G14/><N who="0" m="9399" /><D125/><U84/><E74/><V110/><F110/><W18/><G98/><N who="0" m="57615" /><D83/><U132/><E132/><N who="0" m="50793" /><D113/><U87/><E87/><V93/><REACH who="2" step="1"/><F27/><REACH who="2" ten="311,219,168,292" step="2"/><W63/><G25/><T33/><D97/><U36/><E36/><V109/><F109/><W69/><G90/><AGARI ba="1,1" hai="11,15,19,28,29,45,48,52,55,56,60,85,90,93" machi="90" ten="40,8000,1" yaku="1,1,8,1,54,1,53,2" doraHai="103" doraHaiUra="24" who="2" fromWho="3" sc="311,0,219,0,168,93,292,-83" owari="311,41.1,219,-18.1,261,6.1,209,-29.1" /></mjloggm>