<mjloggm ver="2.3"><GO type="225" lobby="0"/><UN n0="%E6%81%A5%E6%99%92%E3%81%97" n1="%72%69%6F%75%63%68%61%6E" n2="%E5%91%A8%E6%9D%B1" n3="%E4%BF%BA%E3%81%A8%E5%A6%96%E5%A4%A2" dan="16,16,17,17" rate="2117.01,2183.49,2152.70,2189.57" sx="M,M,M,F"/><TAIKYOKU oya="0"/><INIT seed="0,0,0,1,0,117" ten="250,250,250,250" oya="0" hai0="60,75,94,126,110,80,1,23,47,102,17,85,119" hai1="42,123,79,36,59,76,35,91,28,133,90,25,22" hai2="115,45,118,99,129,122,124,51,31,127,43,6,67" hai3="104,37,114,41,116,101,120,88,65,48,87,12,69"/><T105/><D119/><U83/><E123/><V63/><F118/><W8/><G116/><T106/><D1/><U33/><E133/><V49/><F115/><W125/><G114/><T53/><D126/><U5/><E79/><V128/><F6/><W20/><G37/><T9/><D75/><U103/><E103/><V10/><F10/><W66/><G125/><N who="2" m="48201" /><F99/><W38/><G38/><T46/><D110/><U34/><E5/><V81/><F81/><W18/><G120/><T15/><D105/><U111/><E111/><V70/><F31/><W24/><G69/><T11/><D106/><U16/><E59/><V135/><F122/><W82/><G101/><T131/><D131/><N who="2" m="50250" /><F49/><W89/><G89/><N who="0" m="53551" /><D80/><U73/><REACH who="1" step="1"/><E28/><REACH who="1" ten="250,240,250,250" step="2"/><V44/><F44/><AGARI ba="0,1" hai="16,22,25,33,34,35,36,42,44,73,76,83,90,91" machi="44" ten="40,5200,0" yaku="1,1,2,1,54,1,53,0" doraHai="117" doraHaiUra="32" who="1" fromWho="2" sc="250,0,240,62,250,-52,250,0" /><INIT seed="1,0,0,4,2,4" ten="250,302,198,250" oya="1" hai0="130,74,50,24,56,22,128,32,105,88,44,9,29" hai1="77,94,132,73,1,87,12,60,124,27,35,48,108" hai2="20,3,6,21,71,36,126,10,68,40,119,100,72" hai3="67,93,78,121,133,123,25,116,120,34,43,104,91"/><U134/><E124/><V99/><F126/><W0/><G104/><T52/><D74/><U33/><E1/><V69/><F119/><W82/><G116/><T113/><D113/><U103/><E73/><V97/><F72/><W127/><G127/><T79/><D105/><U85/><E108/><V84/><F84/><W66/><G0/><T129/><D79/><U65/><E48/><V131/><F131/><W110/><G110/><T76/><D76/><U5/><E27/><V70/><N who="2" m="17408" /><DORA hai="118" /><V114/><F114/><W31/><G133/><N who="1" m="51306" /><E103/><V53/><F53/><W102/><G102/><T47/><D32/><N who="1" m="12363" /><E94/><V89/><F89/><W19/><G43/><T101/><D101/><U38/><E38/><V11/><F36/><W57/><G57/><T135/><D135/><U23/><E77/><V42/><F10/><W106/><G106/><T125/><D125/><U54/><E54/><V96/><REACH who="2" step="1"/><F100/><REACH who="2" ten="250,302,188,250" step="2"/><W62/><G91/><T61/><D88/><U17/><E5/><V64/><F64/><W95/><G67/><N who="0" m="39335" /><D9/><U45/><E45/><AGARI ba="0,1" hai="22,24,29,44,45,47,50,52,128,129,130" m="39335" machi="45" ten="30,2000,0" yaku="19,1,54,1" doraHai="4,118" who="0" fromWho="1" sc="250,30,302,-20,188,0,250,0" /><INIT seed="2,0,0,1,4,110" ten="280,282,188,250" oya="2" hai0="75,96,66,30,61,83,116,32,111,105,134,79,45" hai1="41,3,37,74,46,73,125,36,114,122,133,47,131" hai2="102,42,16,64,28,76,124,24,129,135,119,113,10" hai3="88,40,123,25,50,56,39,63,97,35,9,71,0"/><V49/><F119/><W120/><G0/><T11/><D111/><U29/><E114/><V77/><F113/><W121/><G9/><T107/><D134/><U59/><E133/><V51/><F135/><W67/><G35/><T62/><D62/><U87/><E3/><V27/><F129/><W44/><G25/><N who="2" m="9801" /><F124/><W22/><G22/><T6/><D116/><U58/><E29/><V8/><F102/><W98/><G98/><T103/><D45/><N who="1" m="16907" /><E87/><V128/><F128/><W43/><G97/><T68/><D30/><U15/><E15/><N who="2" m="7271" /><F28/><W94/><G94/><T55/><D55/><U1/><E1/><V53/><F64/><W20/><G20/><T130/><D130/><U132/><E131/><V17/><F42/><N who="3" m="22623" /><G88/><T117/><D117/><U115/><E115/><V57/><F49/><W89/><G89/><T18/><D32/><U21/><E21/><V69/><F69/><W104/><G104/><T118/><D118/><U2/><E2/><V90/><F90/><W101/><G101/><T85/><D107/><U86/><E132/><V81/><F81/><W78/><G78/><T13/><D75/><N who="1" m="28683" /><E125/><V34/><F34/><W127/><G127/><T126/><D126/><U108/><E108/><V106/><F106/><W72/><G72/><T48/><D48/><U26/><E26/><V54/><F54/><AGARI ba="0,0" hai="40,43,50,54,56,63,67,71,120,121,123" m="22623" machi="54" ten="30,3900,0" yaku="24,1,34,2" doraHai="110" who="3" fromWho="2" sc="280,0,282,0,188,-39,250,39" /><INIT seed="3,0,0,5,3,86" ten="280,282,149,289" oya="3" hai0="97,35,68,90,42,16,61,111,55,2,48,80,105" hai1="65,23,93,88,67,54,100,113,108,134,28,116,85" hai2="24,50,26,60,133,5,104,40,72,7,52,129,33" hai3="87,20,63,14,19,126,101,58,6,9,98,122,64"/><W99/><G122/><T127/><D2/><U107/><E113/><V12/><F104/><W32/><G32/><T22/><D35/><U66/><E108/><V135/><F72/><W30/><G126/><T45/><D111/><U132/><E116/><V92/><F129/><W44/><G30/><T49/><D127/><U78/><E78/><V27/><F33/><W69/><G69/><T57/><D105/><U128/><E128/><V94/><F40/><W1/><G101/><T53/><D68/><U106/><E54/><V4/><F60/><W130/><G130/><T81/><D90/><U123/><E123/><V8/><F12/><W79/><G44/><N who="0" m="27783" /><D97/><U82/><E82/><V102/><F8/><W15/><G1/><T47/><D47/><U119/><E119/><V3/><F3/><W59/><G59/><T36/><D36/><U91/><E91/><V75/><F75/><W96/><G96/><T77/><D77/><U37/><E37/><V0/><F0/><W115/><G115/><T56/><D56/><U112/><E112/><V95/><F102/><W74/><G74/><T76/><D76/><U121/><E121/><V43/><F43/><W125/><G125/><T70/><D70/><U31/><E100/><V114/><F114/><W39/><G39/><T109/><D109/><U84/><E84/><V83/><F83/><AGARI ba="0,0" hai="6,9,14,15,19,20,58,63,64,79,83,87,98,99" machi="83" ten="40,2000,0" yaku="8,1" doraHai="86" who="3" fromWho="2" sc="280,0,282,0,149,-20,289,20" owari="280,-12.0,282,8.2,129,-37.1,309,40.9" /></mjloggm>