<mjloggm ver="2.3"><GO type="225" lobby="0"/><UN n0="%E3%81%B5%E3%81%98%E3%81%8B%E3%81%A4" n1="%E2%98%86%E5%AD%AB%E7%87%95%E5%A7%BF%E2%98%86" n2="%E3%83%97%E3%83%92" n3="%72%65%6E%6B%75%6E" dan="16,16,17,17" rate="2112.51,2174.90,2209.11,2240.40" sx="M,M,M,M"/><TAIKYOKU oya="0"/><INIT seed="0,0,0,4,5,87" ten="250,250,250,250" oya="0" hai0="45,111,0,19,107,130,75,134,34,63,119,20,54" hai1="80,95,48,56,91,46,109,81,41,37,90,50,99" hai2="14,96,71,33,79,38,9,106,78,12,24,77,23" hai3="69,129,94,43,44,133,116,102,32,11,13,104,114"/><T115/><RYUUKYOKU type="yao9" ba="0,0" sc="250,0,250,0,250,0,250,0" hai0="0,19,20,34,45,54,63,75,107,111,115,119,130,134" /><INIT seed="0,1,0,2,4,1" ten="250,250,250,250" oya="0" hai0="44,18,119,94,29,88,35,54,86,68,135,114,76" hai1="8,109,74,2,106,108,90,20,19,58,115,95,100" hai2="34,122,59,45,53,110,81,79,0,42,112,66,116" hai3="32,47,33,70,69,10,23,87,82,129,12,125,16"/><T62/><D119/><U85/><E74/><V60/><F122/><W61/><G125/><T39/><D114/><U71/><E71/><V113/><F34/><W80/><G129/><T78/><D135/><U3/><E115/><V123/><F116/><W41/><G69/><T67/><D18/><U111/><E8/><V15/><F123/><W75/><G75/><T5/><D29/><U43/><E43/><V40/><F0/><W13/><G70/><T96/><D35/><U126/><E126/><V132/><F132/><W128/><G61/><T107/><D107/><U102/><E58/><V56/><F110/><W28/><G82/><T27/><D27/><U103/><REACH who="1" step="1"/><E106/><REACH who="1" ten="250,240,250,250" step="2"/><V11/><F42/><W14/><G10/><T72/><D72/><U63/><E63/><V64/><F59/><W118/><G118/><T93/><D39/><U131/><E131/><V98/><F112/><W21/><G128/><T99/><D68/><U51/><E51/><V77/><F113/><W17/><G47/><T22/><D44/><U101/><N who="1" m="25600" /><DORA hai="105" /><U25/><AGARI ba="1,1" hai="2,3,19,20,25,85,90,95,108,109,111" m="25600" machi="25" ten="50,8000,1" yaku="1,1,4,1,0,1,14,1,53,0" doraHai="1,105" doraHaiUra="38,30" who="1" fromWho="1" sc="250,-41,240,93,250,-21,250,-21" /><INIT seed="1,0,0,2,2,17" ten="209,333,229,229" oya="1" hai0="123,76,133,111,48,6,21,132,40,100,80,85,30" hai1="33,64,3,79,19,112,26,61,56,105,63,9,135" hai2="134,98,35,18,83,15,108,131,116,29,4,25,54" hai3="22,28,113,43,14,77,127,126,99,23,75,72,34"/><U91/><E112/><V57/><F116/><W66/><G113/><T10/><D100/><U89/><E105/><V20/><F108/><W82/><G43/><T128/><D111/><U24/><E135/><N who="0" m="51785" /><D128/><U84/><E79/><V117/><F134/><W67/><G72/><T2/><D123/><U31/><E3/><V68/><F68/><W49/><G49/><T60/><D60/><U102/><E102/><V129/><F117/><W58/><G99/><T69/><D69/><U51/><E84/><V87/><F98/><W32/><G14/><T27/><D48/><U41/><E63/><V12/><F12/><W36/><G36/><T96/><D96/><U78/><E78/><V104/><F104/><W71/><G71/><T52/><D40/><U94/><E94/><V0/><F54/><AGARI ba="0,0" hai="2,6,10,21,27,30,52,54,76,80,85" m="51785" machi="54" ten="30,3900,0" yaku="20,1,52,1,54,1" doraHai="17" who="0" fromWho="2" sc="209,39,333,0,229,-39,229,0" /><INIT seed="2,0,0,2,3,97" ten="248,333,190,229" oya="2" hai0="14,135,101,106,46,11,8,90,50,119,66,51,79" hai1="42,125,67,63,43,12,121,28,20,45,65,91,16" hai2="99,127,95,58,57,0,85,62,44,88,107,6,92" hai3="72,128,112,2,75,48,103,25,102,29,81,26,55"/><V132/><F127/><W70/><G70/><T69/><D135/><U93/><E125/><V78/><F132/><W123/><G2/><T17/><D79/><U56/><E121/><V31/><F31/><W83/><G123/><T133/><D133/><U21/><E65/><V38/><F107/><W80/><G128/><T27/><D119/><U82/><E82/><V59/><F78/><W96/><G112/><T61/><D27/><N who="1" m="16487" /><E45/><V108/><F108/><W34/><G26/><T86/><D8/><U30/><E30/><V41/><F6/><W120/><G120/><T71/><D71/><U87/><AGARI ba="0,0" hai="12,16,21,42,43,56,63,67,87,91,93" m="16487" machi="87" ten="30,2000,0" yaku="8,1,54,1" doraHai="97" who="1" fromWho="1" sc="248,-5,333,20,190,-10,229,-5" /><INIT seed="3,0,0,4,2,124" ten="243,353,180,224" oya="3" hai0="59,131,111,30,13,50,100,123,7,109,99,29,8" hai1="73,84,76,114,101,11,34,1,117,77,110,116,53" hai2="56,52,20,74,60,61,28,36,93,58,134,66,55" hai3="91,65,46,27,51,80,88,118,63,87,82,125,133"/><W35/><G118/><N who="1" m="45674" /><E73/><V108/><F74/><W39/><G39/><T3/><D123/><U48/><E110/><N who="0" m="41993" /><D131/><U126/><E126/><V10/><F108/><W115/><G125/><T64/><D3/><U135/><E135/><V43/><F134/><W68/><G133/><T14/><D14/><U81/><E34/><V79/><F79/><W32/><G115/><T57/><D64/><U86/><E101/><V45/><F10/><W25/><G35/><T75/><D75/><N who="1" m="43167" /><E77/><V107/><F107/><W21/><G32/><T97/><D99/><U33/><E33/><V24/><REACH who="2" step="1"/><F93/><REACH who="2" ten="243,353,170,224" step="2"/><W92/><G21/><T129/><D8/><U44/><E114/><V9/><F9/><W103/><G103/><T69/><D100/><U72/><E72/><V0/><F0/><W83/><REACH who="3" step="1"/><G91/><REACH who="3" ten="243,353,170,214" step="2"/><T70/><D7/><AGARI ba="0,2" hai="1,7,11,44,48,53,84,86" m="43167,45674" machi="7" ten="30,1000,0" yaku="12,1" doraHai="124" who="1" fromWho="0" sc="243,-10,353,30,170,0,214,0" owari="233,3.3,383,48.3,170,-33.0,214,-18.6" /></mjloggm>