<mjloggm ver="2.3"><GO type="225" lobby="0"/><UN n0="%E6%97%A5%E6%9B%9C%E6%97%A5%E3%82%88%E3%82%8A%E3%81%AE%E4%BD%BF%E8%80%85" n1="%73%75%7A%75%6D%65%33" n2="%E6%A1%9C%E8%8A%B1%E9%96%83%E3%80%85" n3="%E3%83%AD%E3%83%83%E3%83%86%E9%9B%80%E7%90%83" dan="17,16,18,17" rate="2157.68,2178.82,2251.51,2170.17" sx="M,M,M,M"/><TAIKYOKU oya="0"/><INIT seed="0,0,0,4,3,68" ten="250,250,250,250" oya="0" hai0="122,43,37,40,117,104,60,89,95,2,5,1,103" hai1="127,61,32,84,105,69,66,114,16,34,41,42,78" hai2="53,15,108,90,123,6,55,31,79,56,45,134,58" hai3="77,112,110,33,47,121,51,119,116,106,25,29,28"/><T93/><D117/><U131/><E105/><V63/><F123/><W23/><G112/><T98/><D122/><U83/><E114/><V87/><F108/><W35/><G121/><T21/><D5/><U73/><E131/><V49/><F134/><W3/><G106/><T99/><D104/><U126/><E84/><V18/><F31/><W111/><G77/><T115/><D115/><U4/><E4/><V75/><F75/><W70/><G70/><T97/><D97/><U76/><E76/><V129/><F129/><W107/><G107/><T39/><D60/><U14/><E34/><N who="3" m="12810" /><G3/><T80/><D80/><U85/><E73/><V22/><F6/><W11/><G11/><T27/><D27/><U62/><E62/><V10/><F79/><W9/><G9/><T118/><D21/><N who="1" m="11415" /><E32/><V71/><F71/><W64/><G64/><T88/><REACH who="0" step="1"/><D118/><REACH who="0" ten="240,250,250,250" step="2"/><U52/><E61/><V54/><F22/><W135/><G119/><T81/><D81/><U102/><E83/><N who="2" m="49535" /><F63/><W8/><G116/><T86/><D86/><U96/><E85/><V132/><F132/><W19/><G135/><T17/><D17/><U120/><E69/><V48/><F18/><W130/><G130/><T113/><D113/><U46/><E120/><V133/><F133/><W100/><G8/><T0/><D0/><U12/><E96/><V13/><F10/><W91/><G19/><T38/><D38/><U74/><E66/><V50/><AGARI ba="0,1" hai="13,15,45,48,49,50,53,54,55,56,58" m="49535" machi="50" ten="30,1100,0" yaku="8,1" doraHai="68" who="2" fromWho="2" sc="240,-5,250,-3,250,21,250,-3" /><INIT seed="1,0,0,3,3,21" ten="235,247,271,247" oya="1" hai0="100,1,78,130,116,99,10,39,11,87,80,102,103" hai1="118,84,17,34,29,105,81,14,98,9,72,74,50" hai2="119,45,16,110,82,25,65,104,69,64,27,47,51" hai3="88,52,6,135,61,33,115,125,133,42,3,41,5"/><U20/><E118/><V109/><F119/><W126/><G115/><T93/><D116/><U24/><E105/><V40/><F104/><W8/><G33/><T55/><D39/><U91/><E98/><V46/><F82/><W85/><G6/><T12/><D130/><U56/><E56/><V120/><F120/><W7/><G7/><T35/><D35/><U96/><E96/><V58/><F69/><W63/><G41/><T73/><D1/><U94/><E94/><V32/><F32/><W123/><G42/><T89/><D55/><U15/><REACH who="1" step="1"/><E50/><REACH who="1" ten="235,237,271,247" step="2"/><V79/><F58/><N who="3" m="35015" /><G123/><T122/><D122/><U131/><E131/><V132/><F46/><W68/><G68/><T124/><D124/><N who="3" m="47721" /><G63/><T4/><REACH who="0" step="1"/><D10/><REACH who="0" ten="225,237,271,247" step="2"/><U114/><E114/><V108/><F108/><W44/><G44/><T43/><D43/><U22/><E22/><N who="2" m="13511" /><F47/><W117/><G117/><T121/><D121/><U76/><E76/><V129/><F79/><W48/><G48/><T107/><AGARI ba="0,2" hai="4,11,12,73,78,80,87,89,93,99,100,102,103,107" machi="107" ten="20,12000,2" yaku="1,1,0,1,7,1,24,2,53,1" doraHai="21" doraHaiUra="0" who="0" fromWho="0" sc="225,140,237,-60,271,-30,247,-30" /><INIT seed="2,0,0,3,2,39" ten="365,177,241,217" oya="2" hai0="53,8,60,62,1,2,57,30,89,100,112,26,83" hai1="6,69,7,58,25,105,72,82,95,126,68,41,66" hai2="88,28,61,34,5,97,16,54,9,128,96,11,24" hai3="107,74,134,92,13,49,3,23,63,73,118,14,77"/><V108/><F128/><W98/><G118/><T86/><D112/><U50/><E105/><V127/><F127/><W27/><G107/><T84/><D100/><U56/><E126/><V17/><F108/><W47/><G3/><T114/><D114/><U67/><E25/><V87/><F96/><W132/><G63/><T119/><D119/><U110/><E95/><V64/><F54/><W51/><G13/><T113/><D113/><U44/><E82/><V0/><F11/><W78/><G14/><T115/><D115/><U116/><E72/><V117/><F97/><W76/><G74/><T90/><D8/><U48/><E6/><V32/><F32/><W135/><G73/><T37/><D37/><N who="1" m="21551" /><E7/><V124/><F124/><W94/><G47/><T123/><D60/><N who="1" m="38167" /><E110/><V133/><F133/><W101/><REACH who="3" step="1"/><G94/><REACH who="3" ten="365,177,241,207" step="2"/><T121/><D1/><U21/><E116/><V104/><F117/><W18/><AGARI ba="0,1" hai="18,23,27,49,51,76,77,78,92,98,101,132,134,135" machi="18" ten="40,8000,1" yaku="1,1,2,1,0,1,20,1,53,1" doraHai="39" doraHaiUra="15" who="3" fromWho="3" sc="365,-20,177,-20,241,-40,207,90" /><INIT seed="3,0,0,4,3,52" ten="345,157,201,297" oya="3" hai0="51,61,121,12,39,110,16,133,127,95,91,2,87" hai1="15,76,56,112,43,66,25,49,124,129,77,131,78" hai2="98,128,54,102,65,29,67,48,27,62,14,69,21" hai3="105,6,89,94,132,9,0,82,36,80,109,106,28"/><W74/><G36/><T13/><D39/><U24/><E112/><V47/><F128/><W20/><G132/><T111/><D2/><U7/><E124/><V96/><F67/><W115/><G115/><T81/><D121/><U53/><E43/><V60/><F60/><W34/><G34/><T123/><D123/><U86/><E66/><V103/><F14/><W59/><G109/><N who="0" m="41483" /><D127/><U90/><E131/><V64/><F64/><W3/><G3/><T68/><D133/><U55/><E129/><V117/><F117/><W116/><G116/><T70/><D61/><U57/><E15/><N who="0" m="5705" /><D16/><U118/><E7/><V113/><F113/><W135/><G135/><T100/><D51/><U71/><E71/><V50/><F98/><AGARI ba="0,0" hai="68,70,81,87,91,95,98,100" m="5705,41483" machi="98" ten="30,1000,0" yaku="14,1" doraHai="52" who="0" fromWho="2" sc="345,10,157,0,201,-10,297,0" owari="355,45.5,157,-34.3,191,-20.9,297,9.7" /></mjloggm>