<mjloggm ver="2.3"><GO type="225" lobby="0"/><UN n0="%E5%8D%A0%E3%81%84%E5%B8%AB%E8%A3%8F%E3%81%AA%E3%81%84%E3%81%97" n1="%E7%89%B9%E6%9D%B1%E3%81%AF%E4%B8%96%E7%95%8C%E3%82%92%E6%95%91%E3%81%86" n2="%E5%87%BA%E8%8D%B7%E5%87%BA%E8%8D%B7%E5%87%BA%E8%8D%B7" n3="%77%72%77%72%77%72%77%72" dan="17,16,16,17" rate="2139.59,2117.63,2075.70,2224.37" sx="M,M,M,M"/><TAIKYOKU oya="0"/><INIT seed="0,0,0,4,3,93" ten="250,250,250,250" oya="0" hai0="50,110,73,2,90,72,75,43,49,122,22,33,30" hai1="71,21,40,48,91,65,36,126,100,115,34,131,67" hai2="3,53,134,135,51,14,41,112,96,4,55,92,103" hai3="12,57,89,8,28,116,6,98,11,62,109,37,114"/><T80/><D122/><U1/><E34/><V7/><F112/><W105/><G114/><T97/><D2/><U18/><E115/><V88/><F3/><W47/><G116/><T76/><D110/><U74/><E36/><V121/><F121/><W24/><G109/><T106/><D33/><U20/><E74/><V63/><F41/><W111/><G111/><T23/><D43/><U120/><E71/><V87/><F63/><W132/><G132/><N who="2" m="50729" /><F14/><W104/><G47/><T84/><D22/><U66/><E20/><V78/><F78/><W58/><G37/><T52/><D49/><U108/><E48/><V119/><F119/><W129/><G129/><T85/><D23/><U42/><E1/><V15/><F15/><W124/><G124/><T70/><D30/><U39/><E126/><V38/><F38/><W25/><G11/><T64/><D64/><U45/><E42/><V133/><N who="2" m="50737" /><V26/><DORA hai="125" /><F26/><W68/><G68/><T54/><D70/><U83/><E131/><V81/><F55/><W46/><G62/><T0/><D0/><U61/><E108/><V56/><AGARI ba="0,0" hai="4,7,51,53,56,81,87,88,92,96,103" m="50737" machi="56" ten="40,5200,0" yaku="20,1,52,1,54,1" doraHai="93,125" who="2" fromWho="2" sc="250,-26,250,-13,250,52,250,-13" /><INIT seed="1,0,0,5,5,133" ten="224,237,302,237" oya="1" hai0="125,61,73,120,22,15,34,113,20,13,44,31,4" hai1="68,134,72,116,100,90,66,102,3,33,53,110,131" hai2="39,111,7,81,76,119,57,65,117,115,32,62,12" hai3="51,103,69,109,105,26,91,79,2,130,83,74,14"/><U71/><E116/><V94/><F32/><W6/><G69/><T75/><D113/><U23/><E33/><V99/><F39/><W70/><G70/><T43/><D120/><U121/><E121/><V55/><F115/><W41/><G109/><T123/><D123/><U42/><E3/><V107/><F107/><W101/><G130/><T93/><D34/><U35/><E35/><V30/><F111/><W127/><G2/><T59/><D75/><U126/><E72/><V128/><F128/><W85/><G105/><T1/><D73/><U8/><E110/><V56/><F30/><W54/><G41/><T129/><D129/><U17/><E131/><V97/><F7/><W28/><G127/><T49/><D1/><U5/><E134/><V124/><F12/><W38/><G38/><T21/><D125/><U24/><E126/><V47/><F47/><W36/><G36/><T108/><D108/><U46/><E53/><V87/><F99/><W96/><G96/><T0/><D31/><U80/><E90/><V64/><F64/><W98/><G98/><T18/><D93/><U60/><E80/><V84/><F87/><W104/><G104/><T40/><D40/><U106/><E71/><V16/><F16/><W25/><G91/><T63/><D0/><N who="1" m="39" /><E106/><V78/><F78/><W122/><G74/><T9/><REACH who="0" step="1"/><D63/><REACH who="0" ten="214,237,302,237" step="2"/><U10/><E42/><V19/><F124/><W52/><G122/><T132/><D132/><U114/><E114/><V58/><F117/><W86/><G28/><T135/><D135/><U118/><E118/><V92/><F119/><W37/><G37/><RYUUKYOKU ba="0,1" sc="214,30,237,-10,302,-10,237,-10" hai0="4,9,13,15,18,20,21,22,43,44,49,59,61" /><INIT seed="2,1,1,3,5,125" ten="244,227,292,227" oya="2" hai0="76,55,74,111,41,85,81,13,131,96,24,134,71" hai1="123,3,46,27,122,82,98,15,78,108,88,126,58" hai2="100,4,118,119,83,129,99,22,112,30,6,66,105" hai3="47,121,97,34,84,102,44,26,127,132,52,86,39"/><V43/><F112/><W10/><G121/><N who="1" m="46090" /><E3/><V17/><F30/><W53/><G127/><T110/><D71/><U128/><E126/><V51/><F66/><W135/><G10/><T101/><D134/><N who="3" m="51241" /><G34/><T130/><D41/><U16/><E108/><N who="0" m="41513" /><D13/><U31/><E128/><N who="0" m="49193" /><D55/><N who="3" m="21065" /><G26/><T40/><D40/><U12/><E58/><V109/><F43/><N who="3" m="22655" /><G47/><T32/><D24/><U68/><E46/><V1/><F1/><W65/><G65/><T11/><D11/><U103/><E27/><V90/><F129/><W124/><G124/><T28/><D28/><U14/><E31/><V33/><F109/><W57/><G57/><T64/><D64/><U60/><E68/><V80/><F4/><W38/><G38/><T2/><D2/><U9/><E9/><V72/><F6/><W50/><G50/><T91/><D32/><U59/><E16/><V37/><F17/><W87/><G87/><T7/><D7/><U56/><E60/><V8/><F33/><W19/><G19/><T25/><D25/><U75/><E59/><V23/><F8/><W79/><G79/><T116/><D116/><U104/><E56/><V0/><F0/><W18/><G18/><T35/><D35/><U20/><E20/><V120/><F22/><W36/><G36/><T93/><D85/><U94/><E12/><V133/><F23/><W107/><AGARI ba="1,1" hai="84,86,97,102,107" m="22655,21065,51241" machi="107" ten="30,2000,0" yaku="20,1,54,1" doraHai="125" who="3" fromWho="3" sc="244,-6,227,-6,292,-11,227,33" /><INIT seed="3,0,0,2,4,89" ten="238,221,281,260" oya="3" hai0="72,68,73,66,44,71,41,28,10,116,111,40,77" hai1="1,35,125,26,63,134,2,81,56,122,106,9,130" hai2="67,112,94,100,12,127,79,113,55,47,6,42,109" hai3="38,95,98,49,53,102,107,105,24,23,3,65,17"/><W133/><G38/><N who="0" m="21527" /><D41/><U117/><E122/><V30/><F109/><W99/><G3/><T21/><D21/><U70/><E106/><V104/><F104/><W54/><G133/><T78/><D116/><U84/><E70/><V37/><F127/><W16/><G65/><T32/><D111/><U83/><E125/><V123/><F79/><W4/><G4/><T45/><D45/><U128/><E117/><V15/><F30/><W22/><G99/><T18/><D18/><U5/><E2/><V118/><F118/><W97/><G97/><T60/><D77/><U124/><E124/><V27/><F42/><W11/><G11/><T101/><D101/><U135/><E26/><V51/><F100/><W103/><G103/><T91/><D91/><N who="1" m="51599" /><E83/><V61/><F27/><W14/><G53/><T48/><D48/><U119/><E35/><V43/><F51/><W50/><G49/><T39/><D78/><U8/><E8/><V92/><F55/><W52/><G54/><T75/><D10/><U126/><E119/><V57/><F123/><W131/><G131/><N who="1" m="50218" /><E126/><V25/><F25/><W129/><G129/><T76/><D68/><U96/><E96/><V132/><F132/><W31/><G31/><T29/><D39/><U33/><E33/><V36/><F36/><W120/><G120/><T74/><D32/><U82/><E82/><V46/><F15/><W88/><G102/><T0/><D0/><U59/><E59/><AGARI ba="0,0" hai="14,16,17,22,23,24,50,52,59,88,95,98,105,107" machi="59" ten="30,12000,1" yaku="7,1,52,1,54,3" doraHai="89" who="3" fromWho="1" sc="238,0,221,-120,281,0,260,120" owari="238,-16.2,101,-39.9,281,8.1,380,48.0" /></mjloggm>