<mjloggm ver="2.3"><GO type="225" lobby="0"/><UN n0="%E9%BB%92%E9%89%84%E7%8F%A0%E9%9B%AB" n1="%E3%81%95%E3%81%8D%E3%81%9F%E3%81%BE%E6%9E%97%E6%AA%8E" n2="%E3%83%B4%E3%83%A0%EF%BC%99%E3%81%A6" n3="%47%32%E9%BE%8D%E9%96%80" dan="16,16,16,16" rate="2166.71,2098.58,2146.61,2117.62" sx="F,M,M,M"/><TAIKYOKU oya="0"/><INIT seed="0,0,0,5,4,40" ten="250,250,250,250" oya="0" hai0="113,74,118,115,25,1,93,42,37,0,49,57,69" hai1="77,88,108,14,5,31,9,34,112,105,15,7,125" hai2="61,35,85,8,28,6,48,62,72,36,66,60,54" hai3="38,80,130,19,4,86,99,128,27,45,68,33,53"/><T30/><D118/><U106/><E108/><V78/><F36/><W32/><G68/><T51/><D74/><U20/><E77/><V11/><F72/><W13/><G4/><T101/><D69/><U24/><E125/><V103/><F103/><W84/><G99/><T67/><D37/><U47/><E112/><V76/><F66/><W116/><G116/><T3/><D42/><U97/><E34/><V129/><F129/><N who="3" m="49771" /><G27/><T2/><N who="0" m="0" /><DORA hai="131" /><T63/><D115/><U135/><E135/><V73/><F73/><W109/><G109/><T132/><D132/><U111/><E111/><V52/><F76/><N who="3" m="46087" /><G86/><T64/><D64/><U121/><E121/><V59/><F6/><W110/><G110/><T119/><D113/><U98/><E106/><V89/><F78/><W94/><G94/><T22/><D119/><U29/><E105/><V126/><F126/><W23/><G38/><T83/><D83/><U71/><E71/><V75/><F75/><W102/><G102/><T26/><D26/><U39/><E31/><V81/><F28/><W91/><G91/><T79/><D79/><U65/><E88/><V90/><F89/><W56/><G56/><T87/><D87/><U122/><E122/><V46/><F35/><W12/><G12/><T92/><D92/><U58/><E15/><V100/><F100/><W127/><G127/><T95/><D95/><U10/><E14/><V17/><F81/><W107/><G107/><T16/><REACH who="0" step="1"/><D30/><REACH who="0" ten="240,250,250,250" step="2"/><U134/><E29/><V114/><F114/><W55/><G55/><T70/><D70/><U124/><E39/><V104/><F104/><RYUUKYOKU ba="0,1" sc="240,15,250,-15,250,-15,250,15" hai0="16,22,25,49,51,57,63,67,93,101" hai3="13,19,23,32,33,45,53" /><INIT seed="0,1,1,3,2,72" ten="255,235,235,265" oya="0" hai0="45,6,105,87,81,52,109,67,62,85,32,126,15" hai1="60,79,33,34,100,93,127,98,2,114,30,12,41" hai2="134,101,103,83,26,0,35,125,121,8,25,47,31" hai3="102,20,82,89,97,22,78,21,110,118,64,74,27"/><T130/><D105/><U36/><E2/><V133/><F121/><W73/><G118/><T53/><D32/><U116/><E116/><V80/><F125/><W75/><G110/><T115/><D115/><U51/><E36/><V59/><F59/><W113/><G113/><T94/><D126/><U9/><E127/><V56/><F56/><W4/><G64/><T44/><D130/><U71/><E114/><V40/><F25/><W128/><G128/><T39/><D39/><U91/><E30/><V69/><F69/><W68/><G68/><T70/><D94/><U48/><E34/><V95/><F8/><W54/><G89/><T96/><D96/><U117/><E33/><V104/><F104/><W57/><G4/><T108/><D87/><U76/><E71/><V10/><F10/><W5/><G5/><T28/><D28/><U13/><E117/><V23/><F35/><W107/><REACH who="3" step="1"/><G27/><REACH who="3" ten="255,235,235,255" step="2"/><T49/><D6/><U38/><E91/><V65/><F65/><W106/><G106/><T112/><D112/><U86/><E100/><V90/><F101/><W123/><G123/><T46/><D15/><U84/><E13/><V14/><F14/><W58/><G58/><T50/><D44/><U119/><E12/><V7/><F7/><W55/><G55/><T92/><D92/><U1/><E93/><V42/><F47/><W16/><G16/><T99/><D99/><U3/><E98/><N who="2" m="57719" /><F103/><W88/><G88/><AGARI ba="1,2" hai="45,46,49,50,52,53,62,67,70,81,85,88,108,109" machi="88" ten="40,7700,0" yaku="9,1,54,2" doraHai="72" who="0" fromWho="3" sc="255,100,235,0,235,0,255,-80" /><INIT seed="0,2,0,0,1,62" ten="355,235,235,175" oya="0" hai0="6,109,102,110,44,14,23,125,131,10,40,112,75" hai1="130,91,24,1,128,21,74,25,120,27,116,98,47" hai2="108,36,118,96,42,57,46,50,61,126,17,95,85" hai3="87,68,86,9,2,93,5,111,45,18,80,31,133"/><T51/><D112/><U35/><E116/><V37/><F118/><W73/><G111/><N who="0" m="42507" /><D75/><U32/><E74/><V77/><F108/><W4/><G133/><T71/><D71/><U135/><E135/><V66/><F126/><W104/><G104/><T105/><D131/><N who="1" m="50219" /><E120/><V72/><F72/><W60/><G5/><T34/><D34/><N who="1" m="12843" /><E47/><V22/><F85/><W69/><G31/><T13/><D125/><U39/><E39/><V0/><F0/><W65/><G45/><T114/><D114/><U48/><E48/><V67/><F77/><W29/><G29/><T49/><D49/><U70/><E70/><V113/><F113/><W103/><G69/><T115/><D115/><U15/><E91/><V3/><F3/><W81/><G18/><N who="0" m="10703" /><D102/><U64/><E98/><V82/><F37/><W132/><G132/><T100/><D100/><U78/><E78/><V76/><F36/><W55/><G73/><T52/><D105/><U8/><E1/><V127/><F127/><W90/><G103/><T88/><D88/><U106/><E106/><V38/><F38/><W92/><REACH who="3" step="1"/><G55/><AGARI ba="2,0" hai="6,10,14,40,44,51,52,55" m="10703,42507" machi="55" ten="30,5800,0" yaku="14,1,10,1,54,1" doraHai="62" who="0" fromWho="3" sc="355,64,235,0,235,0,175,-64" /><INIT seed="0,3,0,2,0,114" ten="419,235,235,111" oya="0" hai0="9,122,56,90,102,21,30,134,5,113,75,116,83" hai1="60,87,128,0,19,103,46,92,24,126,36,95,94" hai2="127,112,129,43,2,35,68,89,4,3,1,33,65" hai3="125,51,40,28,16,37,88,99,70,117,42,50,67"/><T58/><D116/><U55/><E0/><V20/><F112/><W81/><G125/><T54/><D122/><U52/><E36/><V32/><F43/><W29/><G70/><T23/><D113/><U48/><E126/><V8/><F127/><W96/><G67/><T109/><D134/><U6/><E6/><V100/><F100/><W7/><G7/><T57/><D102/><U110/><E110/><V62/><F129/><W107/><G107/><T71/><D71/><U11/><E128/><V85/><REACH who="2" step="1"/><F20/><REACH who="2" ten="419,235,225,111" step="2"/><W119/><G37/><T106/><D21/><N who="1" m="13375" /><E103/><V15/><F15/><W12/><G12/><T80/><D23/><U53/><E11/><V120/><F120/><W73/><G73/><T97/><D75/><U72/><E72/><V49/><F49/><W84/><G84/><T25/><D109/><U123/><E123/><V130/><F130/><W115/><G115/><T131/><D131/><U79/><E60/><V10/><F10/><W93/><G81/><AGARI ba="3,1" hai="46,48,52,53,55,79,81,87,92,94,95" m="13375" machi="81" ten="30,2000,0" yaku="8,1,54,1" doraHai="114" who="1" fromWho="3" sc="419,0,235,39,225,0,111,-29" /><AGARI ba="3,0" hai="1,2,3,4,8,32,33,35,62,65,68,81,85,89" machi="81" ten="40,2600,0" yaku="1,1,53,1" doraHai="114" doraHaiUra="76" who="2" fromWho="3" sc="419,0,274,0,225,26,82,-26" /><INIT seed="1,0,0,2,1,133" ten="419,274,251,56" oya="1" hai0="56,16,79,7,8,118,53,73,59,50,15,78,120" hai1="97,109,115,123,6,37,89,13,132,107,29,64,28" hai2="60,122,25,14,90,10,100,80,129,35,12,108,93" hai3="87,102,104,135,24,121,48,119,69,42,94,83,76"/><U117/><E117/><V17/><F122/><W126/><G69/><T88/><D118/><U106/><E115/><V116/><F116/><W75/><G119/><T31/><D73/><U58/><E123/><V86/><F108/><W82/><G24/><T112/><D112/><U96/><E37/><V95/><F129/><W128/><G48/><T54/><D31/><U43/><E43/><V5/><F35/><W113/><G42/><T32/><D32/><U105/><E132/><V55/><F25/><W103/><G121/><T110/><D110/><U26/><E109/><V11/><F100/><N who="3" m="38443" /><G113/><T46/><D46/><U22/><E29/><V98/><F98/><W34/><G34/><T130/><D130/><U125/><E64/><V36/><F36/><W49/><G49/><N who="0" m="30767" /><D120/><U39/><E39/><V0/><F0/><W18/><G18/><T134/><D134/><U52/><E97/><V19/><F5/><W62/><G62/><T67/><D67/><U2/><E2/><V3/><F3/><W72/><G135/><T131/><D131/><U38/><E38/><V66/><REACH who="2" step="1"/><F55/><REACH who="2" ten="419,274,241,56" step="2"/><W44/><G128/><T30/><D7/><U99/><E99/><V41/><F41/><W101/><G101/><T124/><D54/><U71/><E52/><V9/><F9/><W84/><G104/><T63/><D8/><U74/><E105/><V4/><F4/><W40/><G40/><T21/><D15/><U51/><E107/><V111/><F111/><W127/><G44/><T68/><D21/><U33/><E106/><V47/><F47/><W45/><G45/><T57/><D30/><RYUUKYOKU ba="0,1" sc="419,-10,274,-10,241,30,56,-10" hai2="10,11,12,14,17,19,60,66,80,86,90,93,95" /><INIT seed="2,1,1,1,5,70" ten="409,264,271,46" oya="2" hai0="90,43,56,25,110,47,121,15,63,51,5,22,69" hai1="23,17,75,101,99,129,125,59,31,14,19,127,102" hai2="76,113,128,109,103,10,93,116,32,82,33,27,80" hai3="53,49,2,105,117,46,108,115,20,9,96,120,38"/><V79/><F113/><W124/><G117/><T24/><D69/><U104/><E75/><V0/><F116/><W107/><G120/><T42/><D121/><U30/><E129/><V12/><F128/><W39/><G115/><T40/><D110/><U106/><E59/><V4/><F109/><W60/><G108/><T131/><D131/><U91/><E91/><V65/><F65/><W11/><G124/><N who="1" m="47690" /><E19/><V123/><F123/><W88/><G20/><T45/><D90/><U71/><E71/><V92/><F0/><W118/><G118/><T35/><D35/><U100/><E99/><V48/><F32/><W54/><G60/><T29/><D25/><U18/><E18/><V132/><F103/><W130/><G130/><T98/><D98/><U84/><E84/><V72/><F132/><W13/><G2/><T67/><D47/><U114/><E114/><V52/><F27/><W55/><G46/><T112/><D112/><U34/><E34/><V73/><REACH who="2" step="1"/><F33/><REACH who="2" ten="409,264,261,46" step="2"/><W8/><G13/><T86/><D15/><U26/><E26/><V28/><F28/><AGARI ba="1,2" hai="14,17,23,28,30,31,100,101,102,104,106" m="47690" machi="28" ten="30,1000,0" yaku="18,1" doraHai="70" who="1" fromWho="2" sc="409,0,264,33,261,-13,46,0" /><INIT seed="3,0,0,5,2,47" ten="409,297,248,46" oya="3" hai0="82,56,131,39,84,72,4,134,98,74,48,111,135" hai1="1,68,9,40,30,63,62,27,42,34,20,102,24" hai2="37,6,103,53,49,55,83,125,66,94,75,97,91" hai3="95,107,127,80,22,12,52,14,46,45,31,23,117"/><W108/><G117/><T79/><D39/><U65/><E63/><V70/><F37/><W19/><G107/><T28/><D111/><U118/><E118/><V58/><F125/><W17/><G127/><T93/><D131/><U132/><E132/><N who="0" m="50729" /><D4/><U128/><E128/><V44/><F6/><W64/><G108/><T71/><D28/><U77/><E77/><V38/><F70/><W25/><G64/><T115/><D71/><U21/><E21/><V18/><F66/><W124/><G124/><T90/><D115/><U41/><E102/><V89/><F38/><W123/><G123/><T104/><D104/><U114/><E114/><V133/><F133/><W96/><G80/><T120/><D120/><U122/><E122/><V78/><F18/><W36/><G36/><T88/><D90/><U54/><E54/><AGARI ba="0,0" hai="48,54,56,72,74,79,82,84,88,93,98" m="50729" machi="54" ten="30,3900,0" yaku="20,1,52,1,54,1" doraHai="47" who="0" fromWho="1" sc="409,39,297,-39,248,0,46,0" owari="448,54.8,258,5.8,248,-15.2,46,-45.4" /></mjloggm>