<mjloggm ver="2.3"><GO type="225" lobby="0"/><UN n0="%72%69%6F%75%63%68%61%6E" n1="%E7%9C%9F%E4%B8%80" n2="%E3%81%9F%E3%81%93%E2%98%86%E7%84%BC%E3%81%8D" n3="%43%68%65" dan="17,16,16,16" rate="2279.98,2170.83,2117.24,2122.87" sx="M,M,M,M"/><TAIKYOKU oya="0"/><INIT seed="0,0,0,4,2,49" ten="250,250,250,250" oya="0" hai0="37,14,19,121,62,130,6,16,55,18,56,65,66" hai1="31,110,34,43,73,115,1,52,94,28,119,59,129" hai2="112,63,113,109,124,77,133,29,42,9,111,99,4" hai3="30,3,92,13,68,23,20,35,90,69,123,134,64"/><T7/><D121/><U103/><E119/><V57/><F77/><W25/><G3/><T27/><D37/><U80/><E1/><V0/><F29/><W87/><G123/><T2/><D130/><U127/><E34/><V125/><F99/><W114/><G114/><T17/><D2/><U104/><E104/><V75/><F75/><W101/><G134/><T93/><D27/><U46/><E129/><V32/><F42/><W108/><G108/><N who="2" m="41545" /><F32/><W38/><G38/><T67/><REACH who="0" step="1"/><D93/><REACH who="0" ten="240,250,250,250" step="2"/><U48/><E110/><V8/><F133/><W21/><G25/><T107/><D107/><U45/><E115/><V131/><F131/><W10/><G92/><T50/><D50/><U126/><E94/><V122/><F122/><W70/><G13/><T22/><AGARI ba="0,1" hai="6,7,14,16,17,18,19,22,55,56,62,65,66,67" machi="22" ten="30,12000,1" yaku="1,1,0,1,8,1,52,1,54,1,53,0" doraHai="49" doraHaiUra="97" who="0" fromWho="0" sc="240,130,250,-40,250,-40,250,-40" /><INIT seed="0,1,0,2,2,1" ten="370,210,210,210" oya="0" hai0="105,39,56,127,79,76,88,62,49,0,74,27,82" hai1="48,24,93,26,20,17,33,31,19,91,52,117,23" hai2="43,57,125,29,131,12,95,18,69,9,72,75,109" hai3="5,2,13,51,114,14,133,115,44,8,122,130,103"/><T64/><D39/><U10/><E117/><V126/><F69/><W11/><G122/><T71/><D127/><N who="2" m="48650" /><F109/><W30/><G130/><T73/><D105/><U112/><E112/><V111/><F111/><W119/><G119/><T83/><D0/><U65/><E65/><V34/><F43/><W98/><G30/><T38/><D38/><U6/><E33/><V54/><F95/><W40/><G133/><T102/><D102/><U78/><E78/><V87/><F87/><W90/><G90/><T106/><D106/><U94/><E31/><V123/><F123/><W7/><G2/><T32/><D32/><U58/><E91/><V59/><F59/><W86/><G86/><T85/><D27/><U25/><E26/><N who="2" m="18743" /><F131/><W104/><AGARI ba="1,0" hai="5,7,8,11,13,14,40,44,51,98,103,104,114,115" machi="104" ten="20,8000,1" yaku="0,1,7,1,9,1,52,2" doraHai="1" who="3" fromWho="3" sc="370,-41,210,-21,210,-21,210,83" /><INIT seed="1,0,0,2,3,69" ten="329,189,189,293" oya="1" hai0="31,121,111,78,86,2,27,57,44,119,47,38,103" hai1="15,129,128,51,130,127,60,89,108,75,98,42,61" hai2="18,56,125,58,11,1,19,22,53,72,79,25,71" hai3="39,94,107,131,122,5,6,83,113,49,46,133,48"/><U76/><E127/><V92/><F71/><W91/><G107/><T109/><D119/><U40/><E108/><N who="0" m="41545" /><D2/><U87/><E98/><V124/><F92/><W16/><G122/><T134/><D134/><U13/><E76/><V32/><F32/><W110/><G113/><T123/><D103/><U104/><E75/><V135/><F135/><W117/><G117/><T12/><D12/><N who="1" m="4683" /><E104/><V101/><F101/><W3/><G110/><T23/><D57/><U82/><E51/><V73/><F79/><W10/><G6/><T36/><D44/><U45/><E45/><V115/><F1/><W70/><G70/><T120/><D47/><U24/><E24/><V126/><F11/><W37/><G83/><AGARI ba="0,0" hai="23,27,31,36,38,78,83,86,120,121,123" m="41545" machi="83" ten="40,8000,1" yaku="13,1,14,1,52,2" doraHai="69" who="0" fromWho="3" sc="329,80,189,0,189,0,293,-80" /><INIT seed="2,0,0,0,0,99" ten="409,189,189,213" oya="2" hai0="78,14,11,37,98,5,100,61,120,84,121,134,135" hai1="126,123,51,76,53,67,103,86,59,8,47,3,127" hai2="95,63,73,33,27,31,60,83,58,105,35,18,42" hai3="1,130,64,91,97,7,23,48,81,117,111,113,118"/><V9/><F105/><W112/><G111/><T6/><D37/><U55/><E123/><V24/><F42/><W82/><G64/><T124/><D124/><N who="1" m="47659" /><E67/><V85/><F73/><W110/><G110/><T119/><D119/><U88/><E76/><V29/><F95/><N who="3" m="56575" /><G130/><T106/><D5/><N who="1" m="1087" /><E103/><V132/><F58/><W4/><G23/><T28/><D28/><U125/><N who="1" m="47667" /><U92/><DORA hai="22" /><E59/><V114/><F132/><N who="0" m="50730" /><D61/><U79/><E79/><V10/><F114/><N who="3" m="44139" /><G48/><T71/><D71/><U72/><E72/><V62/><REACH who="2" step="1"/><F18/><REACH who="2" ten="409,189,179,213" step="2"/><W20/><G118/><T96/><D120/><U43/><AGARI ba="0,1" hai="43,47,51,53,55,86,88,92" m="1087,47667" machi="43" ten="40,2700,0" yaku="18,1,54,1" doraHai="99,22" who="1" fromWho="1" sc="409,-7,189,37,179,-13,213,-7" /><INIT seed="3,0,0,3,4,8" ten="402,226,166,206" oya="3" hai0="125,94,41,76,122,21,112,80,120,71,49,78,55" hai1="119,3,87,45,132,102,131,133,33,91,54,127,36" hai2="98,28,88,79,32,60,57,129,69,7,25,5,96" hai3="107,114,70,135,68,108,29,66,22,44,67,10,124"/><W46/><G114/><T100/><D71/><U59/><E131/><V38/><F129/><W13/><G107/><T1/><D1/><U34/><E127/><V42/><F69/><W11/><G124/><T9/><D125/><U73/><E73/><V74/><F96/><W82/><G135/><N who="1" m="51786" /><E3/><V77/><F42/><W17/><G70/><T58/><D94/><N who="1" m="54655" /><E102/><V16/><F38/><W105/><G105/><T40/><D55/><U89/><E89/><V50/><F50/><W37/><G108/><T130/><D9/><U14/><E119/><V27/><F74/><W75/><G11/><T20/><D21/><U111/><E14/><V109/><F109/><W95/><G95/><T48/><D49/><N who="1" m="31183" /><E111/><V126/><F126/><W92/><G92/><T83/><D41/><AGARI ba="0,0" hai="33,34,36,41,45" m="31183,54655,51786" machi="41" ten="30,1000,0" yaku="20,1" doraHai="8" who="1" fromWho="0" sc="402,-10,226,10,166,0,206,0" owari="392,49.2,236,3.6,166,-33.4,206,-19.4" /></mjloggm>