<mjloggm ver="2.3"><GO type="225" lobby="0"/><UN n0="%E4%BF%BA%E3%81%A8%E5%A6%96%E5%A4%A2" n1="%E3%81%B5%E3%81%98%E3%81%8B%E3%81%A4" n2="%E3%83%B4%E3%83%A0%EF%BC%99%E3%81%A6" n3="%E5%AD%90%E4%BE%9B%E4%BC%9A%E5%93%A1" dan="17,16,16,17" rate="2216.35,2097.91,2125.66,2145.62" sx="F,M,M,M"/><TAIKYOKU oya="0"/><INIT seed="0,0,0,1,5,133" ten="250,250,250,250" oya="0" hai0="25,103,1,44,89,57,38,96,84,11,46,135,49" hai1="43,4,70,131,126,113,3,64,23,36,52,97,71" hai2="90,72,95,2,60,32,74,28,20,81,9,47,86" hai3="78,99,100,56,111,59,30,48,8,106,40,91,76"/><T37/><D135/><U0/><E113/><V134/><F134/><W114/><G114/><T107/><D57/><U83/><E131/><V14/><F32/><W31/><G111/><T16/><D1/><U21/><E97/><V22/><F2/><W118/><G118/><T127/><D127/><U125/><E83/><V98/><F60/><W61/><G8/><T92/><D44/><N who="1" m="23655" /><E0/><V19/><F47/><W24/><G91/><T112/><D112/><U93/><E93/><V80/><F80/><W85/><G31/><T66/><D66/><U69/><E52/><V130/><F130/><W6/><G6/><T102/><D102/><U17/><E17/><V15/><F28/><W110/><G110/><T51/><D51/><U77/><E77/><V105/><F105/><W115/><G85/><T73/><D73/><U53/><E53/><V128/><F128/><W26/><G26/><T75/><D75/><U109/><E109/><V13/><F13/><W35/><G115/><T87/><D87/><U54/><E64/><V34/><F34/><W121/><G121/><T5/><D5/><U108/><E54/><V132/><F132/><W63/><G40/><T27/><D27/><U123/><E123/><V29/><F29/><W119/><G48/><T7/><D7/><U88/><E88/><V101/><F14/><W12/><G12/><N who="0" m="7199" /><D25/><U10/><E108/><V18/><F9/><W41/><G41/><T120/><D120/><U82/><E82/><V33/><F33/><W42/><G42/><N who="0" m="24791" /><D38/><U62/><E62/><N who="3" m="23562" /><G119/><T45/><D37/><U67/><E67/><V122/><F122/><RYUUKYOKU ba="0,0" sc="250,0,250,0,250,0,250,0" hai0="45,84,89,92,96,103,107" hai1="3,4,10,21,23,69,70,71,125,126" hai2="15,18,19,20,22,72,74,81,86,90,95,98,101" hai3="24,30,35,56,59,76,78,99,100,106" /><INIT seed="0,1,0,5,5,49" ten="250,250,250,250" oya="0" hai0="128,110,43,129,25,117,97,89,114,14,32,18,1" hai1="80,8,26,23,5,131,31,41,112,4,2,109,15" hai2="42,127,111,47,37,100,99,71,46,35,22,56,95" hai3="98,30,16,54,40,61,24,94,58,44,113,51,62"/><T75/><D114/><U135/><E112/><V27/><F71/><W134/><G134/><T64/><D117/><U130/><E41/><V122/><F122/><W50/><G113/><T84/><D75/><U67/><E67/><V13/><F111/><W72/><G72/><T69/><D1/><U19/><E80/><V70/><F70/><W57/><G57/><T29/><D43/><U45/><E45/><V0/><F0/><W125/><G125/><T10/><D97/><U21/><E135/><V107/><F127/><W108/><G108/><T86/><D110/><U106/><E106/><V103/><F46/><W101/><REACH who="3" step="1"/><G16/><REACH who="3" ten="250,250,250,240" step="2"/><T93/><D69/><U118/><E109/><V12/><F56/><W83/><G83/><T126/><D126/><U96/><E118/><V53/><F47/><W119/><G119/><T115/><D115/><U104/><REACH who="1" step="1"/><E4/><REACH who="1" ten="250,240,250,240" step="2"/><V60/><F37/><W88/><G88/><T116/><D116/><U63/><E63/><V7/><F60/><W52/><G52/><T20/><D64/><U17/><E17/><V79/><F53/><W77/><G77/><T59/><D59/><U133/><E133/><V65/><F79/><W74/><G74/><T55/><D55/><U78/><E78/><V28/><F7/><W39/><G39/><T66/><D66/><U91/><E91/><V3/><F65/><W11/><G11/><T73/><D73/><U121/><E121/><V102/><F42/><W34/><AGARI ba="1,2" hai="24,30,34,40,44,50,51,54,58,61,62,94,98,101" machi="34" ten="20,8000,1" yaku="1,1,0,1,7,1,52,1,53,1" doraHai="49" doraHaiUra="90" who="3" fromWho="3" sc="250,-41,240,-21,250,-21,240,103" /><INIT seed="1,0,0,5,0,72" ten="209,219,229,343" oya="1" hai0="96,28,101,27,54,79,108,130,43,92,0,15,70" hai1="68,18,24,22,98,115,131,114,44,75,38,127,111" hai2="8,102,83,31,33,10,30,105,99,118,23,124,134" hai3="53,3,45,71,117,73,133,25,82,13,17,49,67"/><U122/><E122/><V9/><F118/><W35/><G3/><T60/><D0/><U20/><E75/><V84/><F134/><W57/><G71/><T126/><D108/><U64/><E127/><V86/><F124/><W90/><G133/><T36/><D126/><U135/><E111/><V109/><F109/><W34/><G117/><T91/><D130/><U62/><E135/><V58/><F33/><W39/><G25/><T51/><D36/><U94/><E131/><V29/><F58/><W40/><G67/><T125/><D43/><U50/><E38/><V106/><F106/><W16/><G17/><T11/><D70/><U123/><E123/><V112/><F112/><W41/><G41/><T77/><D101/><U129/><E129/><V55/><F55/><W121/><G121/><T113/><D60/><U42/><REACH who="1" step="1"/><E20/><REACH who="1" ten="209,209,229,343" step="2"/><V85/><REACH who="2" step="1"/><F23/><REACH who="2" ten="209,209,219,343" step="2"/><W6/><G35/><T107/><D125/><U88/><AGARI ba="0,2" hai="18,22,24,42,44,50,62,64,68,88,94,98,114,115" machi="88" ten="20,18000,2" yaku="1,1,2,1,0,1,7,1,54,1,53,1" doraHai="72" doraHaiUra="59" who="1" fromWho="1" sc="209,-60,209,200,219,-60,343,-60" /><INIT seed="1,1,0,5,4,53" ten="149,409,159,283" oya="1" hai0="108,127,76,84,8,22,3,88,29,111,44,116,103" hai1="26,106,115,25,45,27,132,74,69,77,110,43,124" hai2="20,34,14,54,10,101,119,9,1,93,130,50,28" hai3="63,120,100,15,67,73,81,86,107,72,96,23,89"/><U36/><E115/><V31/><F119/><W133/><G133/><T135/><D116/><U19/><E132/><V21/><F130/><W118/><G120/><T35/><D135/><U6/><E124/><V114/><F114/><W82/><G118/><T11/><D35/><U18/><E106/><V58/><F1/><W49/><G49/><T56/><D76/><U122/><E122/><V94/><F34/><W30/><G82/><T33/><D33/><U16/><E69/><V59/><F101/><W123/><G123/><T39/><D103/><U57/><E110/><N who="0" m="42025" /><D3/><U98/><E98/><V46/><F94/><W48/><G48/><T71/><D71/><U2/><E57/><N who="2" m="21515" /><F93/><W32/><G32/><T80/><D127/><U47/><E47/><V5/><F9/><W99/><G100/><T126/><D126/><U62/><E2/><V90/><F90/><W24/><G89/><T109/><N who="0" m="42033" /><T42/><DORA hai="37" /><D56/><U65/><E74/><V38/><F38/><W12/><G73/><T121/><D121/><U97/><E36/><V66/><F66/><W13/><G67/><T129/><D129/><U117/><E65/><V68/><F68/><W113/><G72/><T61/><D61/><U40/><E62/><V64/><F64/><W83/><G63/><T75/><D75/><U60/><E60/><V91/><F91/><W131/><G131/><T112/><D112/><U102/><E117/><V52/><F54/><W85/><G113/><T105/><D105/><U79/><E102/><V87/><F87/><N who="3" m="33291" /><G107/><T55/><D55/><U0/><E0/><V78/><F78/><RYUUKYOKU ba="1,0" sc="149,10,409,-30,159,10,283,10" hai0="8,11,22,29,39,42,44,80,84,88" hai2="5,10,14,20,21,28,31,46,50,52" hai3="12,13,15,23,24,30,81,83,96,99" /><INIT seed="2,2,0,2,0,2" ten="159,379,169,293" oya="2" hai0="36,77,133,71,49,78,25,114,127,24,7,64,76" hai1="125,94,120,69,98,80,33,21,92,99,1,11,34" hai2="128,3,79,13,20,68,101,87,47,93,70,112,12" hai3="103,60,0,10,74,57,23,50,110,62,123,89,124"/><V113/><F3/><W43/><G123/><T75/><D114/><U17/><E120/><V61/><F128/><W6/><G74/><T88/><D36/><U132/><E69/><V91/><F79/><W73/><G73/><T22/><D133/><U82/><E125/><V31/><F101/><W102/><G124/><T66/><D127/><U45/><E132/><V54/><F68/><W131/><G131/><T56/><D75/><U135/><E135/><V46/><F113/><W29/><G110/><T67/><D71/><U52/><E33/><V30/><F112/><W84/><G29/><N who="2" m="10761" /><F70/><W117/><G23/><T129/><D129/><U8/><E34/><V121/><F121/><W63/><G117/><T100/><D7/><U38/><E38/><V122/><F122/><W97/><G97/><T41/><D100/><N who="1" m="60487" /><E1/><V40/><F40/><W111/><G111/><T126/><D126/><U51/><E82/><V118/><F118/><W85/><G85/><T4/><D4/><U59/><E80/><V53/><F54/><W105/><G105/><T9/><D9/><U37/><E37/><V32/><F32/><W116/><G116/><T27/><D41/><U83/><E83/><V58/><F20/><W134/><G134/><T26/><N who="0" m="6144" /><DORA hai="65" /><T5/><D5/><U95/><E21/><V108/><F108/><W48/><G43/><T19/><D22/><U15/><E8/><V130/><F130/><W90/><G10/><T81/><D19/><U28/><E28/><V86/><F86/><W39/><G84/><N who="0" m="50191" /><D76/><U104/><E59/><V106/><F106/><W44/><G57/><RYUUKYOKU ba="2,0" sc="159,10,379,10,169,10,293,-30" hai0="49,56,64,66,67,77,78" hai1="11,15,17,45,51,52,94,95,99,104" hai2="12,13,46,47,53,58,61,87,91,93" /><INIT seed="2,3,0,2,2,128" ten="169,389,179,263" oya="2" hai0="85,6,115,10,60,132,42,74,84,106,44,29,108" hai1="38,59,101,70,80,26,72,23,14,81,13,123,30" hai2="97,79,49,109,9,103,15,130,20,28,131,135,43" hai3="116,35,7,61,0,82,5,87,36,32,77,22,12"/><V90/><F79/><W33/><G116/><T111/><D115/><U73/><E70/><V69/><F69/><W8/><G36/><T24/><D74/><U96/><E38/><V63/><F63/><W53/><G61/><T98/><D60/><U114/><E114/><V40/><F90/><W18/><G53/><T41/><D106/><U3/><E3/><V129/><F109/><N who="0" m="42058" /><D98/><U64/><E123/><V57/><F57/><W94/><G94/><T4/><D4/><U126/><E126/><V99/><F99/><W92/><G92/><T50/><D41/><U124/><E124/><V134/><F20/><W105/><REACH who="3" step="1"/><G7/><REACH who="3" ten="169,389,179,253" step="2"/><T121/><D121/><U37/><E37/><V39/><F39/><W31/><G31/><T127/><D127/><U47/><E30/><V65/><F28/><W118/><G118/><T16/><D29/><U88/><E80/><V104/><F65/><W56/><G56/><T55/><D55/><U122/><E81/><V52/><F52/><W125/><G125/><T102/><D6/><U21/><E64/><V34/><F34/><W19/><G19/><T120/><D120/><U71/><E59/><V83/><F83/><W46/><G46/><T75/><D44/><U76/><E47/><N who="2" m="25831" /><F43/><W117/><G117/><T58/><D42/><U27/><E122/><V1/><F1/><W25/><G25/><T86/><D58/><U89/><E71/><V54/><F54/><W78/><G78/><T133/><D24/><U107/><E76/><V62/><F62/><W2/><G2/><T91/><D16/><AGARI ba="3,1" hai="9,15,16,97,103,104,129,130,131,134,135" m="25831" machi="16" ten="30,11600,0" yaku="19,1,52,2,54,1" doraHai="128" who="2" fromWho="0" sc="169,-125,389,0,179,135,253,0" /><INIT seed="2,4,0,2,4,55" ten="44,389,314,253" oya="2" hai0="83,57,69,93,53,4,85,27,117,82,42,128,133" hai1="108,61,47,104,62,107,34,131,112,87,46,54,98" hai2="45,52,115,65,33,106,116,114,26,35,94,51,72" hai3="66,74,99,30,43,88,49,105,121,110,118,5,48"/><V29/><F106/><W129/><G121/><T2/><D69/><U100/><E112/><V56/><F116/><W9/><G118/><T10/><D117/><U11/><E34/><V6/><F72/><W40/><G74/><T44/><D128/><U41/><E131/><V75/><F75/><W76/><G129/><T25/><D133/><U124/><E108/><V17/><F6/><W127/><G110/><T38/><D93/><U3/><E124/><V132/><F132/><W32/><G127/><T77/><REACH who="0" step="1"/><D82/><REACH who="0" ten="34,389,314,253" step="2"/><U21/><E107/><V71/><F71/><W60/><G105/><T37/><D37/><U86/><E104/><V22/><F94/><W109/><G109/><T59/><D59/><U36/><E36/><V96/><F96/><W134/><G99/><T13/><D13/><U126/><E98/><V123/><F123/><W120/><G134/><T14/><D14/><U119/><E126/><V130/><F130/><W90/><G120/><T92/><D92/><U89/><E119/><V101/><F101/><W84/><G90/><T12/><D12/><U80/><E100/><V91/><F91/><W23/><G88/><T64/><D64/><U19/><E89/><V28/><F65/><W135/><G66/><T79/><D79/><U68/><E80/><V58/><F114/><W63/><G76/><T113/><D113/><U50/><E68/><V39/><F115/><W73/><G135/><T0/><D0/><U7/><E87/><V102/><F102/><W1/><G84/><T8/><D8/><U95/><E86/><V111/><F111/><W81/><G81/><RYUUKYOKU ba="4,1" sc="34,30,389,-10,314,-10,253,-10" hai0="2,4,10,25,27,38,42,44,53,57,77,83,85" /><INIT seed="3,5,1,4,5,83" ten="64,379,304,243" oya="3" hai0="6,60,73,43,64,71,26,133,23,127,70,104,100" hai1="91,84,121,79,35,38,125,30,86,68,20,134,51" hai2="76,114,15,17,4,59,61,74,72,124,22,69,9" hai3="11,5,58,3,56,65,67,82,110,41,87,49,8"/><W54/><G110/><T102/><D73/><U135/><E38/><V117/><F117/><W89/><G41/><T29/><D133/><N who="1" m="50699" /><E121/><V97/><F114/><W27/><G27/><T112/><D127/><U42/><E125/><V62/><F124/><W21/><G21/><T33/><D112/><U129/><E68/><V122/><F122/><W46/><REACH who="3" step="1"/><G11/><REACH who="3" ten="64,379,304,233" step="2"/><T10/><D23/><U113/><E20/><V44/><F22/><W105/><G105/><T95/><D71/><U77/><E113/><V99/><F69/><W96/><G96/><T88/><D43/><U107/><E107/><V50/><F99/><W123/><G123/><T94/><D104/><U34/><E34/><V108/><F97/><W81/><G81/><T52/><D95/><U39/><E35/><V40/><F108/><W37/><G37/><T115/><D115/><U18/><E39/><V118/><F9/><W32/><G32/><T90/><D90/><U111/><E42/><V78/><F40/><W7/><G7/><T63/><D10/><U109/><E109/><V98/><F4/><W16/><G16/><T119/><D6/><U1/><E18/><V47/><F17/><W57/><AGARI ba="5,2" hai="3,5,8,46,49,54,56,57,58,65,67,82,87,89" machi="57" ten="30,6000,0" yaku="1,1,0,1,52,1,53,0" doraHai="83" doraHaiUra="13" who="3" fromWho="3" sc="64,-25,379,-25,304,-25,233,95" /><INIT seed="3,6,0,5,5,127" ten="39,354,279,328" oya="3" hai0="106,17,83,49,67,62,126,47,65,56,77,48,38" hai1="21,14,29,27,3,41,135,50,26,131,102,18,60" hai2="12,0,90,104,130,76,33,118,116,1,134,98,36" hai3="74,31,58,103,122,112,15,45,105,55,7,133,43"/><W72/><G122/><T64/><D106/><U80/><E131/><V85/><F33/><W37/><G112/><T54/><D77/><U28/><E135/><V100/><F36/><W124/><G124/><T78/><D78/><U95/><E3/><V94/><F0/><W57/><G133/><T115/><D83/><U19/><E80/><V84/><F1/><W123/><G123/><T88/><D88/><U63/><E19/><V86/><F12/><W39/><G39/><T81/><D81/><U16/><E41/><V91/><F134/><W25/><G105/><T13/><D17/><N who="1" m="12591" /><E50/><V99/><F76/><W110/><G103/><T117/><D126/><U34/><E34/><V35/><F35/><W11/><G110/><T87/><D87/><N who="2" m="33354" /><F90/><W66/><G66/><T92/><D92/><U120/><E120/><V73/><F73/><W44/><G44/><T6/><D6/><U75/><E75/><V4/><F4/><W69/><G69/><T107/><D13/><U23/><E29/><V42/><F42/><W111/><G111/><T9/><D9/><N who="1" m="6223" /><E28/><V59/><F59/><W121/><G58/><T97/><D97/><AGARI ba="6,0" hai="18,23,27,60,63,95,97,102" m="6223,12591" machi="97" ten="30,2000,0" yaku="8,1,54,1" doraHai="127" who="1" fromWho="0" sc="39,-38,354,38,279,0,328,0" owari="1,-49.9,392,49.2,279,-12.1,328,12.8" /></mjloggm>