<mjloggm ver="2.3"><GO type="225" lobby="0"/><UN n0="%E6%80%AA%E3%81%97%E3%81%99%E3%81%8E%E3%82%8B%E3%83%81%E3%83%BC" n1="%6E%65%6F%E3%82%BD%E3%83%83%E3%82%AF%E3%82%B9%E2%99%AA" n2="%E5%B5%90%E9%9B%B2%E3%81%AE%E3%82%AB%E3%83%A9%E3%82%B9" n3="%73%69%72%6F%75%74" dan="17,16,16,16" rate="2169.69,2154.75,2072.70,2081.51" sx="M,M,F,M"/><TAIKYOKU oya="0"/><INIT seed="0,0,0,0,0,98" ten="250,250,250,250" oya="0" hai0="52,121,8,64,5,45,23,35,55,111,2,78,82" hai1="63,101,68,57,107,79,42,24,109,118,131,104,96" hai2="13,11,1,31,46,16,91,66,134,84,125,37,89" hai3="88,50,114,47,102,36,41,127,122,97,132,93,99"/><T62/><D121/><U76/><E118/><V34/><F134/><W59/><G114/><T90/><D35/><U87/><E109/><V108/><F108/><W54/><G132/><T22/><D111/><U133/><E131/><V124/><F66/><W30/><G127/><N who="2" m="48713" /><F1/><W115/><G122/><T112/><D90/><U43/><E107/><V6/><F6/><W129/><G129/><T0/><D0/><U126/><E133/><V25/><F84/><W12/><G115/><T100/><D100/><U26/><E68/><V123/><F123/><W130/><G130/><T10/><D10/><U56/><E56/><V7/><F7/><W9/><G30/><T120/><D112/><U51/><E51/><V94/><F94/><W38/><G12/><T18/><D120/><U85/><E126/><V92/><F92/><W53/><G9/><T73/><D45/><U21/><E24/><V77/><F77/><W119/><G119/><T67/><D22/><U74/><E74/><V61/><F61/><W70/><G70/><T15/><REACH who="0" step="1"/><D67/><REACH who="0" ten="240,250,250,250" step="2"/><N who="1" m="39407" /><E79/><V27/><F27/><W19/><G19/><T58/><AGARI ba="0,1" hai="2,5,8,15,18,23,52,55,58,62,64,73,78,82" machi="58" ten="20,12000,1" yaku="1,1,0,1,7,1,54,1,53,1" doraHai="98" doraHaiUra="75" who="0" fromWho="0" sc="240,130,250,-40,250,-40,250,-40" /><INIT seed="0,1,0,2,5,40" ten="370,210,210,210" oya="0" hai0="114,24,111,104,19,42,133,33,96,107,53,113,38" hai1="63,105,5,39,60,128,91,120,2,117,90,15,93" hai2="23,70,11,22,76,46,83,21,7,125,13,82,98" hai3="100,27,123,4,62,20,88,10,131,135,80,58,121"/><T26/><D133/><U130/><E120/><V18/><F70/><W61/><G135/><T97/><D53/><U51/><E117/><V37/><F125/><W132/><G132/><T86/><D86/><U89/><E39/><V57/><F98/><W78/><G131/><N who="1" m="50218" /><E105/><V50/><F57/><W110/><G110/><T126/><D111/><U116/><E2/><V129/><F129/><W103/><G121/><T55/><D55/><U75/><E75/><V66/><F66/><W54/><G62/><N who="1" m="23594" /><E116/><V118/><F37/><W119/><G119/><T17/><D38/><U65/><E65/><V59/><F59/><W30/><G123/><T14/><D42/><U45/><E15/><V67/><F67/><W127/><G127/><T48/><D126/><U56/><E56/><V134/><F118/><W122/><G122/><T1/><D14/><U47/><E5/><V3/><F134/><W32/><G32/><T108/><D108/><U36/><E36/><V44/><F50/><W52/><G54/><T84/><D48/><U85/><E51/><V102/><F102/><W43/><G43/><T35/><REACH who="0" step="1"/><D84/><REACH who="0" ten="360,210,210,210" step="2"/><N who="1" m="52391" /><E90/><V72/><REACH who="2" step="1"/><F83/><AGARI ba="1,1" hai="45,47,83,85,91" m="52391,23594,50218" machi="83" ten="30,3900,0" yaku="19,1,52,2" doraHai="40" who="1" fromWho="2" sc="360,0,210,52,210,-42,210,0" /><INIT seed="1,0,0,4,3,18" ten="360,262,168,210" oya="1" hai0="97,57,84,49,66,19,14,104,35,98,51,15,99" hai1="47,32,131,11,38,24,12,85,62,67,25,39,46" hai2="133,36,28,132,43,68,27,33,63,13,117,130,53" hai3="73,74,102,34,42,0,118,112,88,5,26,124,129"/><U78/><E131/><V103/><F117/><W50/><G118/><T101/><D35/><U59/><E39/><V10/><F53/><W121/><G112/><T80/><D101/><U3/><E3/><V134/><F103/><W41/><G102/><T54/><D104/><U135/><E135/><V83/><F130/><W79/><G121/><T96/><D66/><U127/><E127/><V37/><F83/><W87/><G129/><T76/><N who="0" m="24576" /><DORA hai="108" /><T17/><D49/><U82/><E32/><V40/><F37/><W61/><G124/><T111/><D111/><U6/><REACH who="1" step="1"/><E38/><REACH who="1" ten="360,252,168,210" step="2"/><V29/><F36/><W2/><G0/><T86/><D86/><U100/><E100/><V89/><F33/><W77/><G2/><T1/><D1/><U58/><E58/><V16/><F68/><W105/><G74/><T116/><D116/><U55/><E55/><V8/><F132/><W115/><G73/><T110/><D110/><U7/><E7/><V95/><F133/><W128/><G128/><T106/><D106/><U92/><E92/><V60/><F95/><W123/><G105/><T22/><REACH who="0" step="1"/><D17/><REACH who="0" ten="350,252,168,210" step="2"/><U64/><E64/><V52/><F16/><W45/><G123/><T122/><D122/><U72/><E72/><V31/><F134/><W107/><G107/><T113/><D113/><U56/><E56/><V69/><F69/><W23/><G115/><T48/><D48/><U126/><E126/><V75/><F75/><W114/><G34/><T91/><D91/><U125/><E125/><V65/><F89/><W9/><G88/><T94/><D94/><U30/><E30/><RYUUKYOKU ba="0,2" sc="350,15,252,15,168,-15,210,-15" hai0="14,15,19,22,51,54,57,76,80,84" hai1="6,11,12,24,25,46,47,59,62,67,78,82,85" /><INIT seed="1,1,2,5,5,80" ten="365,267,153,195" oya="1" hai0="2,115,32,9,91,106,21,56,101,57,29,59,98" hai1="40,114,15,89,125,25,63,77,111,129,119,19,49" hai2="107,38,99,70,81,4,84,123,48,44,65,11,128" hai3="20,105,74,35,131,133,75,16,5,60,127,42,88"/><U79/><E114/><V124/><F123/><W66/><G35/><T1/><D115/><U62/><E119/><V46/><F128/><W33/><G33/><T61/><D32/><U58/><E125/><V100/><F124/><W72/><G105/><T23/><D61/><N who="1" m="23051" /><E129/><V120/><F120/><W8/><G42/><T67/><D67/><U117/><E117/><V97/><F65/><W130/><G127/><T68/><D68/><U122/><E122/><V54/><F70/><W52/><G133/><T78/><D78/><N who="1" m="29707" /><E111/><V55/><F97/><W18/><G20/><T50/><D50/><U64/><E64/><V109/><F109/><W37/><G37/><T135/><D135/><U53/><E25/><V90/><F38/><W118/><G118/><T94/><D29/><U17/><E40/><V12/><REACH who="2" step="1"/><F55/><REACH who="2" ten="365,267,143,195" step="2"/><W87/><G131/><T104/><D98/><U126/><E126/><V6/><F6/><W30/><G130/><T31/><D104/><U83/><E15/><V103/><F103/><W43/><G66/><T26/><D101/><U82/><E89/><V22/><F22/><W110/><G110/><T95/><D106/><U7/><E7/><V10/><F10/><W121/><G121/><T0/><D9/><U14/><E14/><V93/><F93/><N who="3" m="54431" /><G5/><T134/><D134/><U86/><E53/><V102/><F102/><W76/><G8/><T39/><D39/><U116/><E116/><V36/><F36/><W13/><G13/><T45/><D21/><U132/><E132/><V96/><F96/><W3/><G52/><T24/><D23/><U92/><E92/><RYUUKYOKU ba="1,3" sc="365,-10,267,-10,143,30,195,-10" hai2="4,11,12,44,46,48,54,81,84,90,99,100,107" /><INIT seed="2,2,3,0,2,82" ten="355,257,173,185" oya="2" hai0="116,81,37,110,105,32,120,23,119,17,63,14,121" hai1="18,132,64,124,123,57,92,90,7,11,95,10,84" hai2="38,61,49,45,79,73,53,31,94,112,67,1,114" hai3="50,102,91,74,66,33,44,127,22,96,85,42,55"/><V99/><F1/><W117/><G33/><T4/><D110/><U39/><E124/><V3/><F3/><W54/><G74/><T134/><D134/><U113/><E113/><V111/><F31/><W59/><G127/><T106/><D32/><U15/><E39/><V16/><F111/><W5/><G117/><N who="0" m="45131" /><D37/><U100/><E123/><N who="0" m="47177" /><D81/><N who="1" m="49423" /><E132/><V70/><F79/><W20/><G5/><T34/><D34/><U93/><E100/><V75/><F73/><W19/><G102/><T128/><D128/><U80/><E80/><V27/><F75/><W108/><G96/><T12/><D63/><N who="1" m="37999" /><E10/><AGARI ba="2,3" hai="4,10,12,14,17,23,105,106" m="47177,45131" machi="10" ten="30,1000,0" yaku="12,1" doraHai="82" who="0" fromWho="1" sc="355,46,257,-16,173,0,185,0" /><INIT seed="3,0,0,1,1,132" ten="401,241,173,185" oya="3" hai0="55,91,124,69,70,18,83,9,82,130,62,35,20" hai1="80,95,100,40,110,106,8,64,39,71,36,113,61" hai2="32,1,6,28,112,47,12,79,51,92,75,121,84" hai3="3,60,123,46,11,5,73,42,10,48,86,119,88"/><W68/><G123/><T101/><D124/><U65/><E113/><V17/><F112/><W108/><G73/><T116/><D35/><U22/><E110/><V114/><F114/><W21/><G119/><T26/><D130/><U135/><E135/><V7/><F121/><W78/><G78/><T89/><D101/><U25/><E65/><V131/><F131/><W134/><G134/><T126/><D126/><U59/><E106/><V53/><F75/><W14/><G21/><T19/><D70/><U34/><E34/><V104/><F104/><W94/><G108/><T120/><D116/><U72/><E8/><V118/><F118/><W57/><G68/><T45/><D69/><U129/><E40/><V16/><F1/><W109/><G109/><T15/><D120/><U30/><E71/><V54/><F54/><W44/><G44/><T2/><D2/><U96/><E129/><V4/><F32/><W56/><REACH who="3" step="1"/><G60/><REACH who="3" ten="401,241,173,175" step="2"/><T102/><D62/><U49/><E49/><V76/><F28/><W63/><G63/><T87/><D45/><U111/><E111/><V128/><F128/><W33/><G33/><T122/><D122/><U85/><E72/><V67/><F67/><W41/><G41/><T107/><D55/><U93/><E39/><V98/><F12/><W103/><G103/><T37/><D20/><U90/><E36/><V0/><F0/><W115/><G115/><T58/><D37/><U127/><E127/><V117/><F117/><W81/><G81/><T97/><D102/><U77/><E80/><N who="2" m="47111" /><F79/><AGARI ba="0,1" hai="22,25,30,59,61,64,77,79,85,90,93,95,96,100" machi="79" ten="40,5200,0" yaku="25,2,8,1" doraHai="132" who="1" fromWho="2" sc="401,0,241,62,173,-52,175,0" owari="401,50.1,303,10.3,121,-37.9,175,-22.5" /></mjloggm>