<mjloggm ver="2.3"><GO type="225" lobby="0"/><UN n0="%E3%81%95%E3%81%8D%E3%81%9F%E3%81%BE%E6%9E%97%E6%AA%8E" n1="%E3%81%99%E3%81%84%E3%81%BE%E3%81%9B%E3%83%BC%E3%82%93" n2="%4C%4F%4C%49%54%41" n3="%E8%A8%88%E7%AE%97%E6%A9%9F%E8%87%AA%E7%84%B6" dan="16,16,16,17" rate="2165.64,2152.32,2168.55,2152.42" sx="M,M,F,M"/><TAIKYOKU oya="0"/><INIT seed="0,0,0,1,0,103" ten="250,250,250,250" oya="0" hai0="75,130,23,72,59,5,37,134,28,124,56,3,135" hai1="121,12,110,22,44,20,116,69,104,78,18,80,90" hai2="14,125,117,2,96,102,84,34,114,100,122,66,131" hai3="57,51,91,73,87,77,0,123,6,109,126,60,46"/><T71/><D37/><U111/><E116/><V15/><F122/><W30/><G123/><T68/><D3/><U54/><E121/><V41/><F114/><W32/><G109/><N who="1" m="41482" /><E69/><N who="0" m="26697" /><D5/><U65/><E65/><V79/><F2/><W19/><G126/><T106/><D124/><U27/><E90/><V88/><F125/><W119/><G73/><N who="0" m="28235" /><D23/><U129/><E129/><V101/><F34/><W76/><G119/><T7/><D7/><U55/><E44/><V8/><F131/><W31/><G19/><T26/><D130/><U35/><E35/><V11/><F41/><W10/><G31/><T81/><D81/><U85/><E104/><V94/><F117/><W132/><G32/><N who="0" m="20503" /><D56/><U52/><E54/><V25/><F66/><W43/><G30/><AGARI ba="0,0" hai="12,18,20,22,27,30,52,55,78,80,85" m="41482" machi="30" ten="30,2000,0" yaku="14,1,54,1" doraHai="103" who="1" fromWho="3" sc="250,0,250,20,250,0,250,-20" /><INIT seed="1,0,0,2,1,127" ten="250,270,250,230" oya="1" hai0="5,92,62,130,111,99,28,46,83,32,44,65,108" hai1="109,98,78,8,134,104,33,76,42,2,119,112,72" hai2="106,125,107,13,116,129,61,15,27,22,7,82,0" hai3="103,122,9,31,4,115,1,34,96,18,14,101,79"/><U38/><RYUUKYOKU type="yao9" ba="0,0" sc="250,0,270,0,250,0,230,0" hai1="2,8,33,38,42,72,76,78,98,104,109,112,119,134" /><INIT seed="1,1,0,5,3,17" ten="250,270,250,230" oya="1" hai0="77,110,12,88,11,96,42,112,127,128,63,51,60" hai1="1,61,55,119,83,44,68,134,121,76,72,59,86" hai2="113,37,94,27,35,21,29,109,132,82,108,135,14" hai3="98,84,107,104,36,39,130,103,111,52,20,54,23"/><U69/><E119/><V117/><F37/><W67/><G111/><N who="2" m="42569" /><F117/><W15/><G130/><T32/><D127/><U66/><E121/><V124/><F82/><W92/><G67/><T99/><D32/><U74/><E134/><N who="2" m="51243" /><F94/><W65/><G65/><T123/><D112/><U43/><E1/><V87/><F87/><W100/><G15/><T56/><D123/><U18/><E18/><N who="2" m="10455" /><F124/><W62/><G84/><T30/><D128/><U49/><REACH who="1" step="1"/><E69/><REACH who="1" ten="250,260,250,230" step="2"/><V129/><F129/><W40/><G107/><T81/><D110/><U19/><E19/><V64/><F64/><W131/><G131/><T80/><D77/><U71/><E71/><V97/><F97/><W16/><G104/><T79/><D79/><U46/><E46/><V26/><F26/><W6/><G98/><T118/><D118/><U8/><E8/><V38/><F38/><AGARI ba="1,1" hai="38,43,44,49,55,59,61,66,68,72,74,76,83,86" machi="38" ten="30,11600,0" yaku="1,1,7,1,24,2,53,0" doraHai="17" doraHaiUra="4" who="1" fromWho="2" sc="250,0,260,129,250,-119,230,0" /><INIT seed="1,2,0,5,1,56" ten="250,389,131,230" oya="1" hai0="129,11,5,20,14,88,70,98,55,99,44,123,103" hai1="50,83,43,38,2,134,77,69,111,75,4,22,13" hai2="32,37,114,46,105,117,71,89,85,47,53,42,113" hai3="8,6,78,9,27,93,118,127,108,35,73,126,59"/><U33/><E134/><V36/><F117/><W122/><G122/><T87/><D129/><U64/><E50/><V16/><F32/><W12/><G118/><T67/><D123/><U132/><E22/><V24/><F105/><W41/><G108/><T124/><D124/><N who="3" m="47657" /><G41/><T128/><D128/><U26/><E13/><V95/><F71/><W19/><G93/><T49/><D103/><U94/><E94/><V86/><F86/><W112/><G112/><T31/><D70/><U39/><E132/><V130/><F130/><W84/><G73/><T92/><REACH who="0" step="1"/><D67/><REACH who="0" ten="240,389,131,230" step="2"/><U81/><E111/><V28/><F114/><W110/><G110/><T131/><D131/><U3/><E64/><V104/><F113/><W79/><G59/><T0/><D0/><U101/><E2/><V54/><F104/><W133/><G133/><T58/><D58/><U60/><E3/><V107/><F107/><W102/><G102/><T135/><D135/><U119/><E101/><V17/><F46/><W48/><G78/><T125/><D125/><U61/><E77/><V121/><F121/><W34/><G79/><T76/><D76/><U116/><E69/><V18/><REACH who="2" step="1"/><F36/><REACH who="2" ten="240,389,121,230" step="2"/><W68/><G68/><T29/><D29/><U62/><E39/><V45/><F45/><W51/><G34/><T109/><D109/><U120/><E120/><V63/><F63/><W65/><G35/><T40/><D40/><U1/><E43/><V7/><F7/><W66/><G6/><T97/><D97/><U100/><E4/><V91/><F91/><W25/><G84/><T80/><D80/><U115/><E83/><RYUUKYOKU ba="2,2" sc="240,15,389,-15,121,15,230,-15" hai0="5,11,14,20,31,44,49,55,87,88,92,98,99" hai2="16,17,18,24,28,37,42,47,53,54,85,89,95" /><INIT seed="2,3,2,3,0,83" ten="255,374,136,215" oya="2" hai0="24,100,124,121,97,90,78,116,65,101,135,45,44" hai1="42,74,125,81,0,34,28,129,70,33,55,29,88" hai2="118,26,47,99,132,86,49,13,113,117,87,19,67" hai3="60,73,111,30,123,52,84,112,8,31,20,72,41"/><V104/><F113/><W57/><G123/><T103/><D121/><U23/><E0/><V64/><F132/><W15/><G112/><T38/><D38/><U35/><E70/><V126/><F126/><W94/><G111/><T14/><D135/><U69/><E69/><V109/><F109/><W110/><G110/><T134/><D134/><U10/><E42/><V127/><F127/><W89/><G41/><T7/><D124/><U46/><E125/><V22/><F117/><W53/><G72/><T105/><D65/><N who="2" m="25162" /><F104/><W71/><G73/><T32/><D105/><U56/><E74/><V122/><F118/><W85/><G71/><T119/><D78/><U27/><E129/><V93/><F26/><N who="3" m="16711" /><G31/><T40/><D32/><U98/><E35/><V77/><F77/><W80/><G53/><T3/><D3/><U39/><E33/><V108/><F108/><W133/><G133/><T5/><D24/><U95/><E29/><V92/><F122/><W61/><G61/><T82/><D40/><U12/><E34/><V54/><F93/><W106/><G106/><T17/><D119/><U96/><E39/><V2/><F2/><W51/><G60/><T6/><D116/><U16/><E81/><V102/><AGARI ba="3,2" hai="13,19,22,47,49,54,86,87,92,99,102" m="25162" machi="102" ten="30,6000,0" yaku="8,1,52,2" doraHai="83" who="2" fromWho="2" sc="255,-23,374,-23,136,89,215,-23" /><INIT seed="2,4,0,0,5,31" ten="232,351,225,192" oya="2" hai0="8,26,74,29,5,91,50,111,54,16,78,53,110" hai1="72,135,30,36,28,125,68,15,49,51,113,9,118" hai2="22,80,108,124,82,127,13,106,114,56,102,14,57" hai3="116,10,86,77,85,92,40,107,2,109,41,129,98"/><V100/><F22/><W66/><G116/><T121/><D121/><U7/><E118/><V42/><F108/><N who="0" m="41514" /><D91/><U83/><E68/><V3/><F42/><W63/><G109/><T131/><D131/><U24/><E36/><V89/><F89/><W61/><G129/><T23/><D78/><U11/><E113/><V20/><F20/><W128/><G128/><T48/><D74/><U43/><E135/><V37/><F37/><W69/><G107/><T18/><D53/><U119/><E119/><V71/><F71/><W94/><G77/><T32/><D23/><U17/><E125/><V120/><F3/><W46/><G61/><T97/><D97/><U38/><E38/><V47/><F47/><W133/><G133/><T59/><D50/><U65/><E65/><V126/><F126/><W79/><G79/><T6/><D6/><U64/><E64/><V34/><F120/><W4/><G40/><T67/><D67/><U132/><E132/><V123/><F123/><W55/><G55/><T90/><D90/><U134/><E134/><V117/><F117/><W84/><REACH who="3" step="1"/><G98/><REACH who="3" ten="232,351,225,182" step="2"/><T60/><D60/><U122/><E43/><V12/><F106/><W103/><G103/><T39/><D39/><AGARI ba="4,1" hai="2,4,10,39,41,46,63,66,69,84,85,86,92,94" machi="39" ten="40,2600,0" yaku="1,1,53,1" doraHai="31" doraHaiUra="58" who="3" fromWho="0" sc="232,-38,351,0,225,0,182,48" /><INIT seed="3,0,0,0,0,23" ten="194,351,225,230" oya="3" hai0="78,75,52,89,93,11,38,9,74,111,49,37,36" hai1="60,22,85,12,103,91,80,50,48,68,117,124,13" hai2="90,128,105,104,63,5,72,65,15,98,17,0,53" hai3="27,95,118,19,55,97,112,133,64,26,69,84,130"/><W31/><G112/><T100/><D100/><U92/><E124/><V120/><F72/><W101/><G118/><T30/><D111/><U47/><E117/><V76/><F76/><W58/><G130/><T123/><D123/><U102/><E68/><V45/><F0/><W28/><G133/><T115/><D115/><U21/><E60/><V32/><F5/><W83/><G64/><T4/><D30/><N who="3" m="11305" /><G19/><T41/><D41/><U121/><E121/><V134/><F32/><W25/><G69/><T70/><D70/><U3/><E3/><V51/><F120/><W73/><G73/><T107/><D107/><U24/><E50/><V54/><F54/><W135/><G135/><T14/><D11/><U125/><E125/><V18/><F18/><W8/><G8/><T88/><D89/><U20/><E24/><V1/><F1/><W99/><G97/><T116/><D116/><U6/><E6/><V132/><F128/><W39/><G39/><T79/><D75/><U77/><E103/><V129/><F129/><W29/><G29/><T42/><D42/><N who="1" m="24695" /><E102/><V57/><F132/><W81/><G84/><AGARI ba="0,0" hai="12,13,20,21,22,77,80,84,85,91,92" m="24695" machi="84" ten="30,1000,0" yaku="8,1" doraHai="23" who="1" fromWho="3" sc="194,0,351,10,225,0,230,-10" owari="194,-30.6,361,46.1,225,2.5,220,-18.0" /></mjloggm>