<mjloggm ver="2.3"><GO type="225" lobby="0"/><UN n0="%E6%9D%B1%E9%A2%A8%E3%81%AE%E3%81%8D%E3%82%83%E3%81%B7%E3%81%95%E3%82%93" n1="%E3%82%BC%E3%83%AB%E3%83%80%E3%81%AE%E4%BC%9D%E8%AA%AC" n2="%E3%81%B2%E3%81%AA%E3%81%AE%E3%82%8A%E3%81%8F" n3="%77%72%77%72%77%72%77%72" dan="17,18,17,17" rate="2163.71,2224.26,2189.66,2173.19" sx="M,M,M,M"/><TAIKYOKU oya="0"/><INIT seed="0,0,0,1,4,79" ten="250,250,250,250" oya="0" hai0="3,50,51,28,2,59,54,133,124,45,131,60,111" hai1="135,35,101,125,55,117,20,93,81,109,57,4,64" hai2="86,58,102,14,116,84,42,129,82,43,107,121,97" hai3="56,76,90,0,92,17,63,122,27,62,126,67,69"/><T52/><D133/><U1/><E35/><V11/><F121/><W13/><G122/><T88/><D131/><U66/><E117/><V74/><F129/><W5/><G126/><T38/><D124/><U96/><E125/><V30/><F116/><W18/><G76/><T123/><D123/><U128/><E109/><V6/><F74/><W99/><G0/><T48/><D111/><U106/><E135/><V130/><F130/><W61/><G61/><T49/><D38/><U65/><E128/><V105/><F105/><W33/><G33/><T9/><D28/><U7/><E1/><V103/><F103/><W80/><G80/><T118/><D118/><U110/><E106/><V68/><F68/><W53/><G27/><T26/><D26/><U95/><E110/><V39/><F30/><W127/><G127/><T120/><D120/><U91/><E20/><V70/><F70/><W71/><G5/><T44/><D44/><U115/><E81/><V73/><F58/><W16/><REACH who="3" step="1"/><G69/><REACH who="3" ten="250,250,250,240" step="2"/><T25/><D25/><U24/><E24/><V89/><F73/><W72/><G72/><T100/><D100/><U47/><E115/><V83/><REACH who="2" step="1"/><F39/><REACH who="2" ten="250,250,240,240" step="2"/><W40/><G40/><T87/><REACH who="0" step="1"/><D9/><AGARI ba="0,2" hai="9,13,16,17,18,53,56,62,63,67,71,90,92,99" machi="9" ten="30,3900,0" yaku="1,1,7,1,54,1,53,0" doraHai="79" doraHaiUra="77" who="3" fromWho="0" sc="250,-39,250,0,240,0,240,59" /><INIT seed="1,0,0,3,5,40" ten="211,250,240,299" oya="1" hai0="6,95,63,79,70,77,101,117,116,28,126,71,35" hai1="10,26,17,14,73,52,37,128,49,111,64,97,55" hai2="85,4,3,54,39,104,132,120,13,46,74,81,129" hai3="43,89,93,29,42,15,2,9,130,110,82,57,86"/><U7/><E37/><V25/><F120/><W105/><G105/><T56/><D6/><U125/><E73/><V102/><F132/><W5/><G110/><T103/><D28/><U38/><E38/><V88/><F74/><W61/><G130/><T80/><D35/><U58/><E128/><V109/><F109/><W107/><G107/><T69/><D126/><U122/><E122/><V21/><F3/><W94/><G29/><T121/><D121/><U114/><E114/><V45/><F129/><W20/><G20/><T90/><D117/><U16/><E125/><V87/><F87/><W66/><G2/><T72/><D79/><U1/><E111/><V78/><F78/><W11/><G11/><T91/><D116/><U100/><E64/><V22/><F39/><W112/><G112/><T119/><D119/><U96/><E26/><V67/><F67/><W53/><G53/><T84/><REACH who="0" step="1"/><D91/><REACH who="0" ten="201,250,240,299" step="2"/><U41/><E1/><V19/><F4/><W27/><G5/><T65/><AGARI ba="0,1" hai="56,63,65,69,70,71,72,77,80,84,90,95,101,103" machi="65" ten="30,7900,0" yaku="1,1,2,1,0,1,53,1" doraHai="40" doraHaiUra="106" who="0" fromWho="0" sc="201,89,250,-39,240,-20,299,-20" /><INIT seed="2,0,0,1,1,42" ten="290,211,220,279" oya="2" hai0="31,34,37,116,19,104,2,65,73,118,128,76,96" hai1="43,72,12,14,83,85,66,6,68,101,133,36,58" hai2="84,29,56,70,7,33,23,3,99,24,130,74,67" hai3="94,75,107,109,103,108,44,93,126,32,52,120,18"/><V132/><F74/><W102/><G120/><T20/><D65/><U64/><E68/><V17/><F132/><W13/><G75/><T5/><D37/><U95/><E133/><V122/><F122/><W71/><G32/><T39/><D39/><U0/><E72/><V8/><F130/><W91/><G71/><T61/><D61/><U38/><E0/><V25/><F70/><W90/><G126/><T53/><D53/><U62/><E66/><V135/><F135/><W121/><G121/><T124/><D124/><U16/><E43/><V114/><F114/><W117/><G117/><T127/><D128/><U1/><E1/><V28/><F99/><N who="3" m="57783" /><G107/><T119/><D127/><U106/><E106/><V63/><F84/><N who="3" m="52583" /><G109/><T45/><D96/><N who="1" m="59551" /><E38/><V81/><F81/><W69/><G69/><T21/><D104/><U26/><E6/><V112/><F112/><W48/><G108/><T113/><D113/><U40/><E40/><V82/><F82/><W57/><G57/><T50/><D73/><U105/><E36/><V46/><REACH who="2" step="1"/><F29/><REACH who="2" ten="290,211,210,279" step="2"/><W129/><G129/><T86/><D31/><U123/><E123/><V10/><F10/><AGARI ba="0,1" hai="10,13,18,44,48,52,102,103" m="52583,57783" machi="10" ten="30,3900,0" yaku="8,1,52,1,54,1" doraHai="42" who="3" fromWho="2" sc="290,0,211,0,210,-39,279,49" /><INIT seed="3,0,0,5,0,133" ten="290,211,171,328" oya="3" hai0="77,35,113,132,44,100,104,114,98,102,124,90,24" hai1="56,106,50,117,15,126,108,36,12,54,58,55,134" hai2="129,30,73,34,47,59,72,111,3,83,76,123,49" hai3="120,22,25,89,4,33,13,94,66,14,65,112,80"/><W9/><G112/><N who="0" m="43115" /><D44/><U79/><E106/><V115/><F115/><W62/><G120/><T135/><D102/><U51/><E108/><V105/><F111/><W128/><G128/><T0/><D0/><U110/><E110/><V103/><F129/><W68/><G66/><T45/><D45/><U87/><E36/><V130/><F130/><W29/><G80/><T81/><D90/><U1/><E1/><V71/><F123/><W52/><G52/><T40/><D40/><U6/><E6/><V92/><F105/><W69/><G33/><T101/><D101/><U37/><E37/><V53/><F71/><W93/><G93/><T27/><D124/><U42/><E126/><V21/><F3/><W107/><G107/><T7/><D7/><U95/><E42/><V109/><F109/><W17/><G94/><T16/><D35/><U67/><E67/><V97/><F34/><W119/><G89/><T131/><D131/><U46/><E46/><V20/><F72/><W39/><G39/><T91/><D91/><N who="1" m="53759" /><E134/><N who="0" m="51241" /><D16/><U31/><E79/><V10/><F10/><W26/><G69/><T122/><D122/><U63/><E63/><V41/><REACH who="2" step="1"/><F30/><REACH who="2" ten="290,211,161,328" step="2"/><W57/><G68/><T61/><D104/><U96/><E31/><V38/><AGARI ba="0,1" hai="20,21,38,41,47,49,53,59,73,76,83,92,97,103" machi="38" ten="20,5200,0" yaku="1,1,2,1,0,1,7,1,53,0" doraHai="133" doraHaiUra="28" who="2" fromWho="2" sc="290,-13,211,-13,161,62,328,-26" owari="277,7.7,198,-30.2,223,-17.7,302,40.2" /></mjloggm>