<mjloggm ver="2.3"><GO type="225" lobby="0"/><UN n0="%E3%83%B4%E3%83%A0%EF%BC%99%E3%81%A6" n1="%E6%A1%9C%E8%8A%B1%E9%96%83%E3%80%85" n2="%45%6C%79%73%69%75%6D" n3="%E7%99%BD%E9%9B%AA%E4%B9%83%E6%84%9B" dan="17,18,17,16" rate="2206.77,2286.74,2089.04,2067.13" sx="M,M,F,F"/><TAIKYOKU oya="0"/><INIT seed="0,0,0,5,2,120" ten="250,250,250,250" oya="0" hai0="20,84,111,37,64,39,36,0,57,43,5,123,47" hai1="31,128,10,46,76,133,102,90,106,42,132,51,91" hai2="59,11,21,65,70,50,97,32,22,116,29,103,80" hai3="13,63,88,108,104,74,56,1,15,112,124,14,83"/><T30/><D123/><U130/><E31/><V27/><F116/><W6/><G112/><T48/><D0/><U114/><E10/><V2/><F80/><W118/><G118/><T87/><D5/><U89/><E114/><V121/><F121/><W125/><G104/><T69/><D69/><U117/><E76/><V9/><F9/><W28/><G28/><T4/><D4/><U129/><REACH who="1" step="1"/><E117/><REACH who="1" ten="250,240,250,250" step="2"/><V41/><F11/><W19/><G1/><T101/><D30/><U96/><AGARI ba="0,1" hai="42,46,51,89,90,91,96,102,106,128,129,130,132,133" machi="96" ten="40,8000,1" yaku="1,1,2,1,0,1,19,1,53,0" doraHai="120" doraHaiUra="107" who="1" fromWho="1" sc="250,-40,240,90,250,-20,250,-20" /><INIT seed="1,0,0,4,1,17" ten="210,330,230,230" oya="1" hai0="21,102,43,33,75,64,26,32,69,31,118,116,49" hai1="55,130,135,47,126,9,94,12,127,100,125,119,77" hai2="131,59,78,72,13,70,58,104,68,74,96,129,35" hai3="79,42,98,120,36,0,111,99,90,37,134,28,27"/><U112/><E112/><V108/><F35/><W97/><G120/><T53/><D75/><U95/><E119/><V82/><F108/><W18/><G0/><T113/><D113/><U48/><E135/><V38/><F38/><W5/><G5/><T67/><D43/><U122/><E122/><V101/><F13/><W66/><G79/><T15/><D102/><U57/><E130/><N who="2" m="49675" /><F74/><W4/><G4/><T103/><D103/><U89/><E77/><V60/><F58/><W63/><G111/><T91/><D32/><U76/><E76/><V19/><F19/><W41/><G18/><T133/><D133/><U22/><E100/><V3/><F3/><W45/><G134/><T34/><D34/><U106/><E106/><V52/><AGARI ba="0,0" hai="52,59,60,68,70,72,78,82,96,101,104" m="49675" machi="52" ten="30,2000,0" yaku="19,1,54,1" doraHai="17" who="2" fromWho="2" sc="210,-5,330,-10,230,20,230,-5" /><INIT seed="2,0,0,2,0,118" ten="205,320,250,225" oya="2" hai0="91,113,135,80,126,106,46,33,19,31,81,17,50" hai1="131,93,13,105,11,99,51,7,3,8,5,102,70" hai2="27,53,24,20,25,128,87,103,84,124,12,30,78" hai3="74,123,85,127,92,4,76,86,45,88,38,23,101"/><V48/><F128/><W15/><G123/><T16/><D113/><U47/><E131/><V134/><F134/><W39/><G127/><T130/><D130/><U100/><E70/><V55/><F124/><W68/><G68/><T111/><D126/><U44/><E44/><V72/><F72/><W28/><G101/><T66/><D106/><U83/><E83/><V2/><F2/><W82/><G45/><T42/><D135/><U37/><E37/><V132/><F132/><W6/><G74/><T56/><D111/><U69/><E69/><V62/><F103/><W59/><G59/><T117/><D117/><U104/><REACH who="1" step="1"/><E102/><REACH who="1" ten="205,310,250,225" step="2"/><V29/><F78/><W129/><G129/><T49/><D91/><U0/><E0/><V18/><F84/><W41/><G39/><T114/><D114/><U112/><E112/><V52/><F87/><W61/><G38/><T89/><D89/><U22/><E22/><V36/><F36/><W34/><G23/><T57/><D80/><U125/><E125/><V21/><F62/><W90/><G61/><N who="0" m="38183" /><D81/><U108/><E108/><V109/><F109/><W77/><G77/><T71/><D71/><U63/><E63/><V58/><REACH who="2" step="1"/><F25/><REACH who="2" ten="205,310,240,225" step="2"/><N who="3" m="18703" /><G76/><T60/><D60/><U121/><E121/><V67/><F67/><W26/><G26/><N who="0" m="18679" /><D49/><U95/><E95/><V122/><F122/><W120/><G120/><T96/><D96/><U133/><E133/><V43/><F43/><AGARI ba="0,2" hai="3,5,7,8,11,13,43,47,51,93,99,100,104,105" machi="43" ten="30,2000,0" yaku="1,1,7,1,53,0" doraHai="118" doraHaiUra="64" who="1" fromWho="2" sc="205,0,310,40,240,-20,225,0" /><INIT seed="3,0,0,5,4,19" ten="205,350,220,225" oya="3" hai0="15,53,4,0,55,50,22,11,71,6,26,76,60" hai1="134,112,89,45,61,132,30,117,58,113,47,62,93" hai2="3,70,111,84,78,81,12,35,43,13,23,59,129" hai3="66,85,7,135,18,42,74,17,46,96,65,107,116"/><W80/><G116/><T124/><D124/><U100/><E100/><V5/><F35/><W21/><G74/><T1/><D76/><U68/><E30/><V101/><F70/><W99/><G7/><T75/><D75/><U118/><E68/><V97/><F111/><W49/><G135/><N who="1" m="51754" /><E47/><V131/><F43/><W123/><G123/><T32/><D32/><U88/><E45/><V91/><F59/><W133/><G133/><T110/><D110/><U34/><E34/><V90/><F3/><W120/><G120/><T114/><D114/><N who="1" m="44139" /><E89/><V57/><F57/><W52/><G42/><T54/><D50/><U39/><E39/><V127/><F90/><N who="3" m="51495" /><G107/><T24/><D71/><U28/><E28/><V77/><F127/><W82/><G82/><T87/><D60/><N who="1" m="23147" /><E58/><V106/><F106/><W121/><G121/><T38/><D38/><U105/><E105/><V69/><F69/><W79/><G79/><T41/><D41/><U128/><E128/><V67/><F77/><W31/><G66/><T98/><D53/><U86/><AGARI ba="0,0" hai="86,88,93,117,118" m="23147,44139,51754" machi="86" ten="40,2700,0" yaku="20,1,54,1" doraHai="19" who="1" fromWho="1" sc="205,-7,350,27,220,-7,225,-13" owari="198,-30.2,377,47.7,213,1.3,212,-18.8" /></mjloggm>