<mjloggm ver="2.3"><GO type="225" lobby="0"/><UN n0="%E7%89%B9%E6%9D%B1%E3%81%AF%E4%B8%96%E7%95%8C%E3%82%92%E6%95%91%E3%81%86" n1="%6D%75%75%73%61%6E%6D%75" n2="%E3%83%81%E3%83%AF%E3%83%AF%E9%9A%8A%E9%95%B7" n3="%E3%80%90%E3%83%88%E3%83%AA%E3%83%A5%E3%83%95%E3%80%91" dan="16,17,16,16" rate="2131.41,2153.34,2122.70,2070.18" sx="M,F,M,M"/><TAIKYOKU oya="0"/><INIT seed="0,0,0,5,1,98" ten="250,250,250,250" oya="0" hai0="132,10,46,29,7,19,91,25,73,58,80,125,60" hai1="89,37,116,82,2,105,64,0,66,34,11,113,21" hai2="30,44,55,93,131,57,111,76,75,54,32,135,15" hai3="128,12,72,121,49,17,67,108,65,8,103,43,22"/><T39/><D132/><U119/><E34/><V99/><F135/><W68/><G128/><T133/><D133/><U62/><E37/><V50/><F131/><W41/><G72/><T134/><D134/><U6/><E2/><V118/><F118/><W110/><G121/><T56/><D125/><U106/><E113/><V71/><F71/><W94/><G68/><T97/><D19/><U3/><E3/><V59/><F111/><N who="3" m="42539" /><G8/><T112/><D112/><U130/><E130/><V87/><F75/><W95/><G95/><T120/><D120/><U47/><E47/><V124/><F124/><W90/><G49/><T45/><D73/><U104/><E21/><V28/><F32/><W23/><G23/><T84/><D97/><U100/><E116/><V122/><F122/><W127/><G127/><T109/><D109/><U123/><E123/><V31/><F15/><W69/><G69/><T5/><D7/><U40/><E119/><V35/><F35/><W63/><G103/><T114/><D114/><U38/><E100/><N who="2" m="60527" /><F54/><W26/><G12/><N who="0" m="5199" /><D39/><U83/><E38/><V42/><F42/><N who="3" m="15883" /><G63/><T70/><D70/><U51/><E51/><V78/><F87/><AGARI ba="0,0" hai="17,22,26,65,67,87,90,94" m="15883,42539" machi="87" ten="30,1000,0" yaku="14,1" doraHai="98" who="3" fromWho="2" sc="250,0,250,0,250,-10,250,10" /><INIT seed="1,0,0,5,1,72" ten="250,250,240,260" oya="1" hai0="9,111,104,132,28,51,86,134,40,8,2,83,69" hai1="88,10,107,21,78,58,82,20,114,80,4,53,110" hai2="29,16,81,43,1,100,90,96,112,128,120,11,105" hai3="17,126,124,95,109,98,39,7,5,33,93,77,101"/><U61/><E114/><V89/><F120/><W22/><G39/><T67/><D104/><U14/><E107/><V25/><F112/><W65/><G33/><T60/><D28/><U71/><E71/><V92/><F128/><W133/><G109/><T135/><D2/><U41/><E41/><V26/><F43/><W3/><G65/><T35/><D35/><U64/><E64/><V76/><F1/><W47/><G47/><T121/><D111/><U117/><E117/><V129/><F129/><W127/><G133/><T48/><D121/><U50/><E50/><N who="0" m="18985" /><D40/><U46/><E46/><V94/><F105/><W62/><G62/><T70/><D70/><U118/><E118/><V97/><F100/><W19/><G77/><AGARI ba="0,0" hai="8,9,60,67,69,77,83,86,132,134,135" m="18985" machi="77" ten="30,2000,0" yaku="20,1,52,1" doraHai="72" who="0" fromWho="3" sc="250,20,250,0,240,0,260,-20" /><INIT seed="2,0,0,4,3,89" ten="270,250,240,240" oya="2" hai0="5,23,66,95,3,62,86,99,6,120,58,29,54" hai1="4,28,102,21,24,45,69,46,121,75,132,118,108" hai2="133,97,115,9,60,101,20,22,70,51,12,2,110" hai3="39,43,73,124,47,81,87,11,25,19,50,78,17"/><V27/><F115/><W128/><G128/><T119/><D120/><U36/><E118/><V106/><F2/><W123/><G123/><T103/><D119/><U56/><E121/><V131/><F131/><W16/><G124/><T30/><D3/><U116/><E116/><V61/><F133/><W72/><G39/><T74/><D74/><U33/><E69/><V117/><F117/><W52/><G25/><N who="0" m="16575" /><D30/><U114/><E114/><V37/><F37/><W65/><G65/><T90/><D54/><U59/><E75/><V38/><F38/><W35/><G35/><T92/><AGARI ba="0,0" hai="5,6,58,62,66,86,90,92,95,99,103" m="16575" machi="92" ten="30,7900,0" yaku="25,1,8,1,52,2" doraHai="89" who="0" fromWho="0" sc="270,79,250,-20,240,-39,240,-20" /><INIT seed="3,0,0,2,1,100" ten="349,230,201,220" oya="3" hai0="46,59,1,21,119,20,114,4,127,16,75,55,26" hai1="133,28,39,42,108,116,0,71,98,22,110,112,56" hai2="73,97,50,15,43,54,135,30,66,47,64,129,115" hai3="37,103,24,29,99,122,86,81,78,111,95,45,58"/><W121/><G111/><N who="1" m="42538" /><E71/><V52/><F115/><W101/><G101/><T32/><D119/><U13/><E112/><V72/><F129/><W106/><G58/><T87/><D75/><U57/><E0/><V91/><F135/><W130/><G130/><T68/><D32/><U76/><E133/><V51/><F30/><W93/><G45/><T53/><D21/><U36/><E116/><V105/><F43/><W44/><G44/><T80/><D53/><U94/><E76/><V118/><F118/><W84/><G37/><N who="1" m="14410" /><E42/><V23/><F72/><N who="3" m="43207" /><G24/><T85/><D87/><N who="3" m="33321" /><G29/><T48/><D85/><U11/><E22/><V125/><F73/><W74/><G74/><T17/><D17/><N who="1" m="8383" /><E28/><V83/><F83/><W120/><AGARI ba="0,0" hai="93,95,99,103,106,120,121,122" m="33321,43207" machi="120" ten="40,7800,0" yaku="34,2,52,1" doraHai="100" who="3" fromWho="3" sc="349,-26,230,-26,201,-26,220,78" /><INIT seed="3,1,0,3,1,96" ten="323,204,175,298" oya="3" hai0="54,104,78,35,6,115,70,23,97,25,107,95,37" hai1="94,53,58,101,47,130,80,127,124,28,114,49,56" hai2="16,86,63,61,76,26,29,110,98,106,83,21,116" hai3="132,75,41,1,4,64,125,2,11,18,55,109,7"/><W65/><G75/><T39/><D35/><U42/><E114/><V24/><F116/><W103/><G132/><T117/><D70/><U30/><E130/><V105/><F110/><W59/><G109/><T31/><D117/><U13/><E80/><V100/><REACH who="2" step="1"/><F106/><REACH who="2" ten="323,204,165,298" step="2"/><W60/><G125/><N who="1" m="48202" /><E13/><V88/><F88/><W50/><G1/><T22/><D107/><U62/><E58/><V48/><F48/><W112/><G112/><T120/><D104/><U131/><E131/><V15/><F15/><N who="3" m="7551" /><G2/><T126/><D115/><U68/><E68/><V10/><F10/><W134/><G134/><T102/><D126/><U72/><E72/><V5/><F5/><N who="3" m="2123" /><G103/><T129/><D102/><U82/><E101/><V66/><F66/><W93/><G93/><T77/><D95/><U67/><E94/><V108/><F108/><W133/><G133/><T118/><D129/><U111/><E111/><V79/><F79/><W123/><G123/><T40/><D77/><U121/><E121/><V113/><F113/><W36/><G36/><T33/><D78/><U57/><E82/><V38/><F38/><AGARI ba="1,1" hai="28,30,38,42,47,49,53,56,57,62,67" m="48202" machi="38" ten="30,1000,0" yaku="18,1" doraHai="96" who="1" fromWho="2" sc="323,0,204,23,165,-13,298,0" owari="323,42.3,227,-17.3,152,-34.8,298,9.8" /></mjloggm>