<mjloggm ver="2.3"><GO type="225" lobby="0"/><UN n0="%30%2E%31%32%30" n1="%6D%75%75%73%61%6E%6D%75" n2="%E3%82%8C%E3%81%99%E3%81%93" n3="%74%2E%6F%2E%6F%2E%73" dan="16,16,17,17" rate="2114.61,2089.11,2193.65,2101.18" sx="M,F,F,M"/><TAIKYOKU oya="0"/><INIT seed="0,0,0,0,1,2" ten="250,250,250,250" oya="0" hai0="53,84,29,26,44,10,134,36,61,119,124,128,86" hai1="116,39,79,34,91,127,75,33,51,87,103,95,114" hai2="70,113,62,99,64,46,67,112,8,43,131,49,68" hai3="55,115,13,120,73,31,117,23,122,50,16,126,106"/><T37/><D119/><U65/><E39/><V132/><F99/><W35/><G115/><N who="2" m="44105" /><F8/><W88/><G117/><T52/><D128/><U100/><E114/><V24/><F24/><W1/><G126/><T12/><D124/><U80/><E127/><V42/><F131/><W111/><G111/><T102/><D102/><U66/><E116/><V71/><F132/><W96/><G73/><T15/><D134/><U59/><E103/><V32/><F32/><W20/><G35/><T89/><D84/><U17/><E34/><V22/><F22/><W121/><G1/><T11/><D36/><U5/><E33/><V108/><F108/><W25/><G106/><T38/><D38/><U94/><E17/><V54/><F67/><W6/><G6/><N who="0" m="3159" /><D37/><U101/><E5/><V135/><F135/><W105/><G105/><T14/><D11/><U82/><E101/><V93/><F93/><W57/><G96/><T30/><D26/><U85/><E95/><V4/><F4/><W56/><REACH who="3" step="1"/><G88/><REACH who="3" ten="250,250,250,240" step="2"/><T41/><D89/><U74/><E74/><V69/><AGARI ba="0,1" hai="42,43,46,49,54,62,64,68,69,70,71" m="44105" machi="69" ten="40,2700,0" yaku="34,2" doraHai="2" who="2" fromWho="2" sc="250,-13,250,-7,250,37,240,-7" /><INIT seed="1,0,0,2,5,99" ten="237,243,287,233" oya="1" hai0="92,65,115,58,85,104,132,77,18,127,35,19,22" hai1="34,4,8,120,32,116,13,117,95,66,21,1,98" hai2="134,30,124,90,63,12,37,27,23,15,69,45,38" hai3="135,106,70,55,83,81,75,31,84,109,88,48,42"/><U10/><E120/><V43/><F134/><W26/><G109/><T121/><D104/><U91/><E66/><V28/><F124/><W101/><G70/><T125/><D115/><U20/><E20/><V130/><F130/><W9/><G135/><T16/><D35/><U51/><E21/><V78/><F38/><W73/><G42/><T72/><D132/><U41/><E41/><V107/><F107/><W114/><G114/><T94/><D72/><U2/><E51/><V133/><F133/><W110/><G110/><T24/><D121/><U7/><REACH who="1" step="1"/><E13/><REACH who="1" ten="237,233,287,233" step="2"/><V103/><F43/><W102/><G48/><T56/><D127/><U79/><E79/><V112/><F78/><W105/><G55/><T47/><D125/><U76/><E76/><V52/><F112/><W50/><G50/><T54/><D65/><U57/><E57/><N who="0" m="22121" /><D47/><U5/><E5/><V64/><F45/><W29/><G26/><T14/><D54/><U86/><E86/><V60/><F52/><W126/><G126/><T68/><D68/><U97/><E97/><V131/><F69/><W40/><G40/><T71/><D71/><U74/><E74/><V44/><F27/><W108/><G108/><T53/><D53/><U33/><AGARI ba="0,1" hai="1,2,4,7,8,10,32,33,34,91,95,98,116,117" machi="33" ten="30,6000,0" yaku="1,1,0,1,9,1,53,0" doraHai="99" doraHaiUra="11" who="1" fromWho="1" sc="237,-20,233,70,287,-20,233,-20" /><INIT seed="1,1,0,1,4,82" ten="217,303,267,213" oya="1" hai0="105,10,94,13,59,46,62,81,107,70,128,96,112" hai1="102,16,66,25,26,74,28,123,1,88,0,20,93" hai2="7,109,127,135,129,132,85,100,8,58,114,131,36" hai3="67,43,55,80,71,134,125,115,77,39,49,86,14"/><U116/><E116/><V95/><F36/><W72/><G115/><T34/><D34/><U63/><E123/><V90/><F109/><W57/><G125/><T41/><D70/><U17/><E74/><V97/><F58/><W50/><G134/><N who="2" m="51241" /><F114/><W22/><G49/><T3/><D3/><U51/><E102/><V61/><F61/><W48/><G50/><T37/><D128/><N who="2" m="49226" /><F8/><W15/><G72/><T18/><D112/><U56/><E51/><V21/><F21/><W117/><G22/><T92/><D81/><U98/><E17/><V83/><F7/><W69/><G117/><T110/><D110/><U40/><E40/><V119/><F119/><W2/><G2/><T99/><D107/><U45/><E45/><V118/><F118/><W133/><G133/><T108/><D108/><U76/><E76/><V130/><N who="2" m="49234" /><V126/><AGARI ba="1,0" hai="83,85,90,95,97,100,126,127" m="49234,51241" machi="126" ten="50,16000,3" yaku="4,1,30,2,20,1,19,1,34,2,52,1" doraHai="82" who="2" fromWho="2" sc="217,-41,303,-81,267,163,213,-41" /><INIT seed="2,0,0,2,0,132" ten="176,222,430,172" oya="2" hai0="3,21,44,43,52,118,121,94,35,55,96,33,71" hai1="114,16,9,65,51,62,56,59,60,48,28,24,22" hai2="104,45,40,1,26,78,15,82,39,47,91,128,117" hai3="133,79,113,73,90,38,92,25,76,86,53,74,120"/><V68/><F117/><W14/><G38/><T93/><D3/><U135/><E114/><V46/><F104/><W122/><G25/><T13/><D121/><N who="3" m="46697" /><G14/><T75/><D71/><U18/><E135/><V4/><F128/><W80/><G53/><N who="0" m="20555" /><D75/><N who="3" m="28681" /><G133/><T99/><D118/><U69/><E69/><V124/><F68/><W57/><G57/><T30/><D33/><U134/><E134/><V85/><F26/><W107/><G107/><T105/><D105/><U31/><E9/><N who="2" m="2191" /><F15/><W110/><G110/><T103/><D35/><U130/><E130/><V67/><F67/><W36/><G36/><T42/><D44/><N who="2" m="17002" /><F91/><N who="3" m="51655" /><G113/><T10/><D21/><U100/><E65/><V70/><F70/><W17/><G17/><N who="0" m="8375" /><D30/><U125/><E22/><V12/><F12/><W108/><G108/><T32/><D32/><U63/><E24/><V50/><F39/><W54/><G54/><T95/><D103/><U49/><E100/><V27/><F40/><AGARI ba="0,0" hai="40,42,43,93,94,95,96,99" m="8375,20555" machi="40" ten="30,2000,0" yaku="8,1,54,1" doraHai="132" who="0" fromWho="2" sc="176,20,222,0,430,-20,172,0" /><INIT seed="3,0,0,4,1,35" ten="196,222,410,172" oya="3" hai0="99,25,24,131,3,54,6,110,83,102,58,22,119" hai1="16,20,91,108,85,39,77,129,87,67,42,37,130" hai2="61,105,28,113,86,96,74,115,81,36,89,19,128" hai3="26,52,124,135,60,21,7,118,33,1,41,31,47"/><W27/><G118/><T66/><D119/><U29/><E108/><V65/><F36/><W43/><G124/><T73/><D66/><U62/><E29/><V95/><F128/><N who="1" m="49257" /><E77/><V59/><F28/><W97/><G135/><T121/><D121/><U5/><E5/><V75/><F19/><W88/><G7/><T84/><D73/><U2/><E2/><V9/><F9/><W133/><G133/><T23/><D110/><U8/><E8/><V76/><F75/><W45/><G1/><T11/><D131/><U51/><E51/><V57/><F57/><N who="3" m="34855" /><G41/><T44/><D23/><U82/><E87/><V100/><AGARI ba="0,0" hai="59,61,65,74,76,81,86,89,95,96,100,105,113,115" machi="100" ten="30,4000,0" yaku="0,1,24,2" doraHai="35" who="2" fromWho="2" sc="196,-10,222,-10,410,40,172,-20" owari="186,-21.4,212,1.2,450,55.0,152,-34.8" /></mjloggm>