<mjloggm ver="2.3"><GO type="225" lobby="0"/><UN n0="%E3%81%8C%E3%81%9F" n1="%E9%B3%B3%E6%9D%B1%E3%81%AE%E3%81%86%E3%81%95%E3%81%8E%E3%81%95%E3%82%93" n2="%E9%80%86%E9%80%A3%E5%B8%AF%E3%81%AE%E9%AC%BC" n3="%6C%61%6D%62" dan="16,16,16,16" rate="2130.10,2103.98,2151.73,2149.63" sx="F,M,M,M"/><TAIKYOKU oya="0"/><INIT seed="0,0,0,3,4,117" ten="250,250,250,250" oya="0" hai0="53,113,84,22,89,28,107,123,99,56,47,62,121" hai1="34,57,63,40,110,66,115,76,44,86,80,12,61" hai2="31,109,70,42,127,37,68,35,25,17,74,97,119" hai3="73,96,104,32,48,69,128,85,72,130,132,112,13"/><T106/><D113/><U43/><E110/><V36/><F119/><W55/><G112/><T38/><D106/><U60/><E115/><V19/><F109/><W91/><G69/><T58/><D107/><U78/><E34/><V111/><F111/><W98/><G32/><T75/><D75/><U102/><E78/><V116/><F116/><W125/><G13/><T26/><D99/><N who="3" m="37929" /><G104/><T93/><REACH who="0" step="1"/><D58/><REACH who="0" ten="240,250,250,250" step="2"/><U7/><E102/><V126/><F74/><W11/><G73/><T83/><D83/><U59/><E59/><V23/><F97/><W0/><G72/><T1/><D1/><U120/><E120/><V39/><F70/><W100/><G0/><T45/><D45/><U3/><E3/><V10/><F68/><W88/><G128/><T103/><D103/><U65/><E57/><V6/><F127/><W52/><G100/><T94/><D94/><U135/><E135/><V82/><F126/><W92/><G130/><T134/><D134/><U51/><E40/><AGARI ba="0,1" hai="22,26,28,38,40,47,53,56,62,84,89,93,121,123" machi="40" ten="40,7700,0" yaku="1,1,52,2,53,0" doraHai="117" doraHaiUra="131" who="0" fromWho="1" sc="240,87,250,-77,250,0,250,0" /><INIT seed="0,1,0,3,1,117" ten="327,173,250,250" oya="0" hai0="45,61,107,78,108,39,7,56,70,47,4,124,88" hai1="102,2,27,23,103,123,98,44,127,111,53,115,69" hai2="9,80,112,21,121,104,41,8,119,54,17,131,58" hai3="68,118,13,91,110,49,82,14,40,113,100,26,19"/><T85/><D107/><U74/><E127/><V126/><F112/><W28/><G113/><T114/><D114/><U35/><E111/><V71/><F126/><W36/><G118/><T62/><D124/><U81/><E115/><V89/><F131/><W95/><G68/><T99/><D108/><U73/><E2/><V3/><F71/><W125/><G125/><T33/><D33/><U32/><E69/><V60/><F104/><W42/><G36/><T105/><D70/><U11/><E11/><V0/><F119/><W67/><G67/><T12/><D78/><U133/><E133/><V50/><F121/><W132/><G132/><T10/><D39/><U20/><E44/><V52/><F41/><W34/><G110/><T76/><D7/><U1/><E53/><V79/><F89/><W64/><G64/><T135/><D135/><U109/><E109/><V86/><F0/><W48/><G82/><N who="0" m="47303" /><D105/><U93/><E1/><V57/><REACH who="2" step="1"/><F3/><REACH who="2" ten="327,173,240,250" step="2"/><W55/><G42/><T65/><D62/><U29/><E123/><V66/><F66/><W75/><G40/><T63/><D63/><U97/><E103/><V51/><F51/><W5/><G49/><T128/><D128/><U18/><E102/><V24/><AGARI ba="1,1" hai="8,9,17,21,24,50,52,54,57,58,60,79,80,86" machi="24" ten="20,8000,1" yaku="1,1,0,1,7,1,8,1,54,1,53,0" doraHai="117" doraHaiUra="122" who="2" fromWho="2" sc="327,-41,173,-21,240,93,250,-21" /><INIT seed="1,0,0,1,2,106" ten="286,152,333,229" oya="1" hai0="87,16,104,51,67,97,126,77,79,88,78,35,103" hai1="47,107,53,74,27,72,117,92,44,2,123,105,57" hai2="135,124,133,61,28,109,32,7,55,114,39,49,93" hai3="80,10,68,60,25,83,4,95,56,14,9,134,81"/><U71/><E71/><V99/><F114/><W116/><G134/><T42/><D35/><U122/><E27/><V37/><F124/><W45/><G116/><T54/><D126/><U119/><E57/><V63/><F7/><W66/><G45/><N who="1" m="17482" /><E53/><V11/><F39/><W31/><G95/><T62/><D42/><U18/><E18/><V17/><F37/><W15/><G68/><T111/><D111/><U5/><E5/><V128/><F109/><W70/><G70/><T41/><D41/><U115/><E92/><V130/><F32/><W34/><REACH who="3" step="1"/><G81/><REACH who="3" ten="286,152,333,219" step="2"/><T65/><D104/><N who="1" m="40011" /><E115/><V12/><F135/><W110/><G110/><T22/><D103/><U120/><E2/><V84/><F133/><W108/><G108/><T26/><D97/><U82/><E82/><V19/><F99/><W46/><G46/><N who="0" m="28023" /><D62/><U43/><E43/><V91/><F63/><W89/><G89/><T85/><D88/><U52/><E52/><V101/><F61/><W118/><G118/><AGARI ba="0,1" hai="72,74,117,118,119,120,122,123" m="40011,17482" machi="118" ten="40,12000,1" yaku="28,2,52,2" doraHai="106" who="1" fromWho="3" sc="286,0,152,130,333,0,219,-120" /><INIT seed="1,1,0,5,4,54" ten="286,282,333,99" oya="1" hai0="58,79,36,77,5,101,81,108,134,61,2,29,25" hai1="133,106,126,78,72,87,68,132,62,89,115,41,94" hai2="90,31,67,96,15,4,98,38,13,129,14,116,12" hai3="9,20,63,27,24,10,18,32,69,43,111,122,118"/><U17/><E115/><V40/><F116/><W53/><G122/><T124/><D36/><U50/><E106/><V45/><F129/><W49/><G118/><T26/><D108/><U19/><E126/><V39/><F31/><W44/><G111/><T113/><D113/><U135/><E72/><V11/><F39/><W88/><G69/><T7/><D124/><U70/><E78/><V74/><F74/><W93/><G32/><T109/><D109/><U120/><E120/><V21/><F67/><W57/><REACH who="3" step="1"/><G27/><REACH who="3" ten="286,282,333,89" step="2"/><T80/><D25/><U71/><E62/><V28/><F28/><W114/><G114/><T75/><D61/><U104/><E104/><V52/><F21/><W16/><G16/><N who="1" m="6218" /><E70/><V110/><F110/><W117/><G117/><T23/><D23/><U95/><E71/><V48/><REACH who="2" step="1"/><F90/><REACH who="2" ten="286,282,323,89" step="2"/><W35/><G35/><T8/><D29/><U103/><E89/><V64/><F64/><W66/><G66/><T83/><D77/><U22/><E22/><V60/><F60/><W131/><G131/><T86/><D79/><U119/><E119/><V82/><F82/><W0/><G0/><T107/><D80/><U112/><E112/><V46/><AGARI ba="1,2" hai="4,11,12,13,14,15,38,40,45,46,48,52,96,98" machi="46" ten="30,8000,1" yaku="1,1,0,1,54,1,53,2" doraHai="54" doraHaiUra="92" who="2" fromWho="2" sc="286,-21,282,-41,323,103,89,-21" /><INIT seed="2,0,0,1,1,100" ten="265,241,426,68" oya="2" hai0="63,61,125,27,113,115,131,103,7,59,93,47,66" hai1="105,73,116,4,68,96,87,86,101,81,17,35,75" hai2="111,67,36,80,51,18,62,29,53,2,72,40,109" hai3="119,123,70,124,102,95,117,129,132,50,41,13,128"/><V25/><F2/><W104/><G70/><T112/><D131/><N who="3" m="50249" /><G13/><T52/><D125/><U54/><E68/><V127/><F127/><W14/><G14/><T74/><D74/><U134/><E35/><V121/><F121/><W122/><G50/><T114/><N who="0" m="28672" /><DORA hai="71" /><T5/><D27/><U88/><E116/><N who="3" m="44618" /><G41/><T8/><D47/><U110/><E110/><V108/><F18/><W77/><G124/><T1/><D7/><U57/><E134/><V94/><F94/><W78/><G132/><T58/><D93/><U135/><E135/><V6/><F6/><W37/><G37/><T22/><D22/><U39/><E39/><V19/><F19/><W65/><G65/><T76/><D76/><N who="3" m="29289" /><G95/><T15/><D1/><U34/><E34/><V46/><F62/><W98/><AGARI ba="0,0" hai="98,102,104,122,123" m="29289,44618,50249" machi="98" ten="40,8000,1" yaku="19,1,34,2,52,1" doraHai="100,71" who="3" fromWho="3" sc="265,-20,241,-20,426,-40,68,80" /><INIT seed="3,0,0,2,2,20" ten="245,221,386,148" oya="3" hai0="83,3,91,14,52,93,90,44,113,45,112,74,9" hai1="84,121,97,61,134,46,25,29,94,76,88,15,135" hai2="98,47,24,132,80,42,22,105,57,41,56,6,51" hai3="55,124,126,19,89,118,70,119,96,85,18,103,129"/><W123/><G123/><T128/><D3/><U66/><E121/><V33/><F33/><W50/><G70/><T28/><D128/><U1/><E1/><V77/><F132/><N who="1" m="50729" /><E15/><V75/><F6/><W62/><G129/><T102/><D28/><U40/><E76/><V95/><F42/><W35/><G35/><T120/><D120/><U131/><E131/><V34/><F105/><W23/><G62/><T43/><D102/><U32/><E97/><V110/><F110/><W87/><G118/><T12/><D12/><U26/><E29/><V108/><F108/><W64/><G64/><T104/><D104/><U130/><E32/><V101/><F34/><W82/><G87/><N who="0" m="50559" /><D74/><U5/><E5/><V17/><AGARI ba="0,0" hai="17,22,24,41,47,51,56,57,75,77,80,95,98,101" machi="17" ten="20,2700,0" yaku="0,1,7,1,52,1" doraHai="20" who="2" fromWho="2" sc="245,-7,221,-7,386,27,148,-13" owari="238,3.8,214,-18.6,413,51.3,135,-36.5" /></mjloggm>