<mjloggm ver="2.3"><GO type="225" lobby="0"/><UN n0="%E3%80%93%E3%81%97%E3%83%BC%E3%82%89%E3%80%93" n1="%72%69%6F%75%63%68%61%6E" n2="%E6%98%93%E5%88%A9%E8%96%A9%E4%BC%AF" n3="%E6%97%A5%E6%9B%9C%E6%97%A5%E3%82%88%E3%82%8A%E3%81%AE%E4%BD%BF%E8%80%85" dan="16,16,16,16" rate="2180.66,2166.75,2039.72,2093.82" sx="M,M,F,M"/><TAIKYOKU oya="0"/><INIT seed="0,0,0,0,5,78" ten="250,250,250,250" oya="0" hai0="41,80,22,125,120,42,68,66,25,102,3,113,77" hai1="33,127,51,67,73,82,17,58,5,106,11,43,86" hai2="19,34,110,134,74,103,100,84,114,69,54,37,63" hai3="111,133,32,44,15,112,72,1,116,35,47,124,121"/><T123/><D3/><U96/><E127/><V109/><F37/><W21/><RYUUKYOKU type="yao9" ba="0,0" sc="250,0,250,0,250,0,250,0" hai3="1,15,21,32,35,44,47,72,111,112,116,121,124,133" /><INIT seed="0,1,0,2,2,50" ten="250,250,250,250" oya="0" hai0="88,11,118,126,36,25,29,14,128,131,52,5,16" hai1="90,92,107,114,38,120,6,23,4,59,47,74,44" hai2="77,18,42,15,76,56,53,41,130,113,95,115,31" hai3="10,0,17,99,67,60,49,40,43,124,97,24,81"/><T117/><D36/><U30/><E120/><V73/><F130/><N who="0" m="49706" /><D126/><U85/><E114/><V69/><F69/><W127/><G81/><T94/><D5/><U63/><E107/><V37/><F31/><W48/><G0/><T121/><D121/><U134/><E134/><V72/><F73/><W116/><G116/><T102/><D102/><U2/><E74/><V61/><F72/><W57/><G127/><T123/><D123/><U22/><E23/><V71/><F115/><W51/><G124/><T100/><D100/><U93/><E93/><V105/><F105/><W46/><G24/><T75/><D52/><N who="1" m="34279" /><E38/><V78/><F37/><W28/><G28/><T110/><D75/><U70/><E70/><V91/><F71/><W129/><G129/><T7/><D7/><N who="1" m="2603" /><E2/><V54/><F113/><W109/><G109/><T133/><D110/><U58/><E58/><V101/><F101/><W132/><G132/><T62/><D133/><U103/><E103/><V84/><REACH who="2" step="1"/><F54/><REACH who="2" ten="250,250,240,250" step="2"/><W106/><G106/><T13/><D117/><U66/><E66/><V80/><F80/><W98/><G43/><T19/><D118/><U108/><E108/><V111/><F111/><W35/><G35/><T104/><D104/><U21/><E30/><V135/><F135/><W83/><G83/><T34/><D29/><U86/><E92/><V119/><F119/><W1/><G1/><T87/><D34/><U8/><E90/><V20/><AGARI ba="1,1" hai="15,18,20,41,42,53,56,61,76,77,78,84,91,95" machi="20" ten="30,7900,0" yaku="1,1,0,1,8,1,52,1,53,0" doraHai="50" doraHaiUra="27" who="2" fromWho="2" sc="250,-40,250,-21,240,92,250,-21" /><INIT seed="1,0,0,4,5,50" ten="210,229,332,229" oya="1" hai0="48,74,31,98,46,117,26,38,85,65,2,54,28" hai1="124,110,32,77,19,16,53,112,97,121,119,18,81" hai2="4,0,107,10,120,88,96,113,45,6,1,71,62" hai3="23,115,30,22,20,47,86,37,101,52,49,51,41"/><U80/><E112/><V58/><F120/><W108/><G115/><T73/><D2/><U90/><E119/><V104/><F71/><W89/><G108/><T14/><D117/><U66/><E121/><V8/><F45/><N who="3" m="27695" /><G37/><T34/><D38/><U131/><E124/><V122/><F122/><W44/><G44/><T123/><D31/><U68/><E131/><V125/><F125/><W109/><G109/><T39/><D65/><U95/><E32/><V93/><REACH who="2" step="1"/><F113/><REACH who="2" ten="210,229,322,229" step="2"/><W116/><G116/><T70/><D70/><U132/><E110/><V40/><F40/><W11/><G101/><T99/><D123/><U24/><E132/><V43/><F43/><W60/><G41/><T84/><D46/><U12/><E68/><V67/><AGARI ba="0,1" hai="0,1,4,6,8,10,58,62,67,88,93,96,104,107" machi="67" ten="20,12000,2" yaku="1,1,0,1,7,1,9,1,54,1,53,2" doraHai="50" doraHaiUra="33" who="2" fromWho="2" sc="210,-30,229,-60,322,130,229,-30" /><INIT seed="2,0,0,3,4,46" ten="180,169,452,199" oya="2" hai0="14,30,128,95,0,105,75,60,63,18,37,54,16" hai1="20,76,1,6,115,127,9,121,122,28,2,23,42" hai2="111,38,74,108,21,39,130,40,101,90,34,103,55" hai3="19,114,134,113,107,78,25,3,61,92,10,88,27"/><V82/><F34/><W67/><G107/><T102/><D75/><U123/><E76/><V104/><F104/><W126/><G78/><T119/><D0/><N who="1" m="107" /><E42/><V32/><F32/><W17/><G3/><T69/><D37/><U93/><E93/><V41/><F21/><N who="1" m="8265" /><E28/><V132/><F90/><W129/><G10/><T109/><D105/><U66/><E66/><V106/><F106/><W124/><G129/><T64/><D128/><U87/><E87/><V85/><F130/><W68/><G134/><T51/><D30/><U135/><E115/><N who="3" m="44042" /><G27/><T7/><D63/><U96/><E96/><V11/><F74/><W81/><G81/><T98/><D119/><U48/><E48/><V99/><F82/><W57/><G25/><T120/><D109/><U47/><E47/><V94/><F111/><W36/><G36/><T53/><D53/><U33/><E33/><V8/><F55/><W12/><G92/><T73/><D73/><U29/><E29/><V100/><F108/><W43/><G43/><T15/><D120/><N who="1" m="30723" /><U58/><DORA hai="71" /><E58/><V79/><F39/><W117/><G57/><T56/><REACH who="0" step="1"/><D15/><REACH who="0" ten="170,169,452,199" step="2"/><N who="1" m="5559" /><E127/><V77/><F38/><W59/><G126/><T97/><D97/><U125/><E125/><V5/><F99/><W13/><G124/><T52/><D52/><U24/><E24/><V26/><F26/><W35/><G35/><T112/><D112/><U133/><AGARI ba="0,1" hai="133,135" m="5559,30723,8265,107" machi="133" ten="50,6400,0" yaku="13,1,34,2" doraHai="46,71" who="1" fromWho="1" sc="170,-16,169,74,452,-32,199,-16" /><INIT seed="3,0,0,1,1,64" ten="154,243,420,183" oya="3" hai0="78,75,14,135,126,86,89,102,108,121,45,18,95" hai1="31,9,109,97,104,39,83,37,0,8,99,35,118" hai2="17,123,57,119,48,84,128,24,38,49,11,60,42" hai3="105,32,62,93,96,47,72,1,43,29,25,91,27"/><W51/><G1/><T3/><D3/><U65/><E109/><V55/><F119/><W129/><G129/><T15/><D108/><U19/><E118/><V68/><F68/><W13/><G72/><T76/><D121/><U116/><E116/><V101/><F128/><W92/><G27/><T106/><D126/><U131/><E131/><V114/><F114/><W122/><G122/><T127/><D127/><U28/><E83/><V54/><F101/><W130/><G130/><T74/><D135/><U77/><E77/><V58/><F38/><W6/><G6/><T88/><D75/><U71/><E19/><V107/><F107/><W50/><G13/><T40/><D74/><U26/><E28/><V63/><F42/><W73/><G73/><T46/><D15/><U30/><E30/><V34/><F123/><W66/><G51/><N who="0" m="27047" /><D106/><U61/><E99/><V2/><F84/><W132/><G132/><T59/><D102/><N who="1" m="62543" /><E9/><V115/><F115/><W103/><REACH who="3" step="1"/><G91/><REACH who="3" ten="154,243,420,173" step="2"/><T52/><D89/><U21/><E21/><V85/><F2/><W87/><G87/><T81/><D46/><U5/><AGARI ba="0,1" hai="0,5,8,26,31,35,37,39,61,65,71" m="62543" machi="5" ten="30,7900,0" yaku="25,1,33,2,52,1" doraHai="64" who="1" fromWho="1" sc="154,-20,243,89,420,-20,173,-39" owari="134,-26.6,332,13.2,400,50.0,134,-36.6" /></mjloggm>