<mjloggm ver="2.3"><GO type="225" lobby="0"/><UN n0="%6E%69%63%6F%6E%74%6F" n1="%E3%81%8B%E3%82%8F%E3%81%A1%E3%82%83%E3%82%93%35%38" n2="%E3%80%90%E3%83%88%E3%83%AA%E3%83%A5%E3%83%95%E3%80%91" n3="%6D%75%75%73%61%6E%6D%75" dan="16,16,16,17" rate="2145.65,2137.76,2067.87,2167.65" sx="M,M,M,F"/><TAIKYOKU oya="0"/><INIT seed="0,0,0,5,0,32" ten="250,250,250,250" oya="0" hai0="45,36,16,106,129,7,113,103,109,104,78,25,20" hai1="52,13,94,72,48,33,133,107,29,66,55,71,39" hai2="132,127,59,130,22,126,19,84,30,8,56,69,108" hai3="97,21,61,42,44,76,85,10,14,125,112,99,49"/><T115/><D129/><U68/><E107/><V135/><F69/><W123/><G123/><T43/><D109/><U17/><E39/><V31/><F84/><W12/><G12/><T118/><BYE who="3" /><D118/><U114/><E72/><V82/><F82/><W63/><G63/><T70/><D70/><U9/><E133/><N who="2" m="51275" /><F108/><W122/><G122/><T67/><D67/><U75/><E75/><V34/><F8/><W6/><G6/><T83/><D7/><U96/><E114/><V87/><F87/><W5/><G5/><T26/><D26/><U86/><E86/><V58/><F130/><W28/><G28/><N who="2" m="10793" /><F34/><W100/><G100/><T40/><D40/><U120/><E120/><V80/><F80/><W54/><G54/><T65/><D65/><U23/><E33/><V60/><F60/><W117/><G117/><T91/><D91/><U134/><E134/><V93/><F93/><W102/><G102/><T79/><D106/><U98/><E98/><V47/><F47/><W2/><G2/><T4/><D4/><U89/><E9/><V38/><F38/><W50/><G50/><T92/><D104/><U1/><E1/><V37/><F37/><W116/><G116/><T111/><D111/><U11/><E11/><V0/><F0/><W95/><G95/><T128/><D128/><U77/><E71/><V35/><F35/><W18/><G18/><T110/><D110/><U15/><E68/><V119/><F119/><W74/><G74/><N who="0" m="43479" /><D79/><U88/><E77/><V73/><F73/><W41/><G41/><T101/><D92/><U3/><E94/><V90/><F90/><RYUUKYOKU ba="0,0" sc="250,15,250,-15,250,15,250,-15" hai0="16,20,25,36,43,45,101,103,113,115" hai2="19,22,56,58,59,126,127" /><INIT seed="0,1,0,1,2,22" ten="265,235,265,235" oya="0" hai0="17,88,1,54,72,0,44,9,26,133,84,23,97" hai1="75,43,59,64,58,35,71,102,45,15,113,106,39" hai2="20,57,96,56,16,55,33,89,107,69,120,123,27" hai3="82,112,99,90,32,6,110,11,100,134,13,62,116"/><T30/><D133/><U66/><E75/><V109/><F109/><W121/><G121/><T67/><D72/><U108/><E35/><V103/><F69/><W47/><G47/><T51/><D67/><N who="1" m="25643" /><E15/><V130/><F130/><W4/><G4/><T18/><D97/><U132/><E102/><V87/><F33/><W85/><G85/><T3/><REACH who="0" step="1"/><D9/><REACH who="0" ten="255,235,265,235" step="2"/><U53/><E132/><V118/><F118/><W34/><G34/><T70/><D70/><U127/><E71/><V36/><F120/><W40/><G40/><T94/><AGARI ba="1,1" hai="0,1,3,17,18,23,26,30,44,51,54,84,88,94" machi="94" ten="30,11700,0" yaku="1,1,0,1,52,1,54,1,53,0" doraHai="22" doraHaiUra="60" who="0" fromWho="0" sc="255,130,235,-40,265,-40,235,-40" /><INIT seed="0,2,0,1,1,18" ten="385,195,225,195" oya="0" hai0="25,35,114,23,34,122,77,90,30,131,133,134,117" hai1="2,87,110,42,63,91,51,123,94,135,37,96,62" hai2="44,48,38,47,121,86,22,73,79,16,26,43,60" hai3="19,119,105,85,5,130,4,129,65,113,40,20,102"/><T10/><D77/><U71/><E123/><V93/><F121/><W125/><G125/><T13/><D117/><U103/><E2/><V24/><F60/><W69/><G69/><T53/><D122/><U14/><E110/><V55/><F73/><W39/><G39/><T109/><D114/><U68/><E135/><N who="0" m="51721" /><D90/><U29/><E37/><V97/><F79/><W75/><G75/><T132/><N who="0" m="51729" /><T9/><DORA hai="118" /><D53/><U57/><E29/><V64/><F64/><W67/><G67/><T58/><D58/><U52/><E14/><V89/><F86/><W59/><G59/><T36/><D36/><U49/><E63/><V111/><F111/><W92/><G92/><T6/><D109/><U99/><E99/><V120/><F120/><W88/><G88/><T3/><D131/><U108/><E108/><V61/><F61/><W83/><G83/><T107/><D107/><U54/><E42/><V11/><F11/><W21/><G21/><T72/><D72/><U27/><E27/><AGARI ba="2,0" hai="16,22,24,26,27,38,43,44,47,48,55,89,93,97" machi="27" ten="30,3900,0" yaku="7,1,52,1,54,1" doraHai="18,118" who="2" fromWho="1" sc="385,0,195,-45,225,45,195,0" /><INIT seed="1,0,0,5,0,114" ten="385,150,270,195" oya="1" hai0="100,130,38,12,121,135,125,14,76,11,120,127,79" hai1="39,52,54,93,84,7,85,111,102,4,117,58,81" hai2="74,70,0,34,133,19,123,129,75,128,21,97,32" hai3="16,29,37,124,36,67,50,13,87,72,35,65,131"/><U28/><E39/><V90/><F70/><W43/><G43/><T55/><D130/><N who="2" m="50282" /><F123/><N who="0" m="47178" /><D135/><U91/><E117/><V119/><F133/><W3/><G3/><T15/><D100/><U20/><E111/><V17/><F0/><W132/><G132/><T6/><D38/><U61/><E54/><V89/><F17/><W69/><G69/><T42/><D42/><U122/><E122/><V31/><F31/><W103/><G103/><T1/><D55/><U62/><E62/><V83/><F119/><W80/><G80/><T92/><D92/><U94/><E94/><N who="2" m="56527" /><F74/><W41/><G41/><T106/><D106/><U115/><E115/><V126/><F126/><AGARI ba="0,0" hai="1,6,11,12,14,15,76,79,125,126,127" m="47178" machi="126" ten="40,2600,0" yaku="18,1,13,1" doraHai="114" who="0" fromWho="2" sc="385,26,150,0,270,-26,195,0" /><INIT seed="2,0,0,1,4,19" ten="411,150,244,195" oya="2" hai0="47,28,8,50,114,122,6,102,85,63,36,2,15" hai1="62,24,56,4,110,77,21,11,49,129,45,55,30" hai2="68,134,84,39,128,130,22,71,67,93,10,101,76" hai3="92,116,64,66,73,29,23,97,100,52,65,108,82"/><V12/><F39/><W96/><G96/><T0/><D114/><U58/><E110/><V43/><F43/><W117/><G117/><T40/><D122/><U104/><E129/><N who="2" m="49771" /><F134/><W69/><G69/><T106/><D106/><U27/><E104/><V135/><F135/><W59/><G59/><T118/><D102/><U57/><E77/><V44/><F44/><W9/><G9/><T51/><D118/><U91/><E91/><N who="2" m="53479" /><F67/><W115/><G115/><T103/><D103/><U41/><REACH who="1" step="1"/><E27/><REACH who="1" ten="411,140,244,195" step="2"/><V13/><F76/><W126/><G126/><T94/><D94/><U87/><E87/><V31/><F101/><W61/><G61/><T124/><D85/><U131/><E131/><V121/><F121/><W95/><G95/><T107/><D63/><U133/><E133/><V127/><F127/><W80/><G80/><T35/><D107/><U17/><E17/><N who="2" m="10535" /><F31/><W132/><G132/><T75/><D28/><U98/><E98/><V88/><F88/><W5/><G5/><AGARI ba="0,1" hai="5,10,13,68,71" m="10535,53479,49771" machi="5" ten="30,2900,0" yaku="19,1,52,1" doraHai="19" who="2" fromWho="3" sc="411,0,140,0,244,39,195,-29" /><INIT seed="2,1,0,1,4,96" ten="411,140,283,166" oya="2" hai0="110,33,3,61,94,122,27,0,42,125,31,77,30" hai1="1,80,91,38,112,74,111,104,40,82,39,60,83" hai2="87,131,100,109,84,73,95,58,19,2,49,34,22" hai3="134,48,63,21,53,107,46,69,81,11,20,6,4"/><V70/><F70/><W92/><G92/><T78/><D122/><U120/><E112/><V102/><F73/><W43/><G43/><T24/><D110/><U45/><E111/><V28/><F2/><W72/><G72/><T123/><D123/><U89/><E120/><V108/><F131/><W117/><G117/><T114/><D114/><U41/><E1/><V103/><F34/><W130/><G130/><T44/><D125/><U88/><E74/><V35/><F35/><W50/><G50/><T124/><D124/><U14/><E104/><V5/><F108/><W118/><G118/><T76/><D61/><U55/><E14/><V54/><F5/><W68/><G68/><T12/><D12/><U116/><E116/><V23/><F95/><W127/><G127/><T36/><D94/><U98/><E98/><V62/><F109/><W79/><G79/><T9/><D9/><U51/><REACH who="1" step="1"/><E60/><REACH who="1" ten="411,130,283,166" step="2"/><V135/><F84/><W7/><G7/><T132/><D3/><U86/><E86/><V26/><F87/><W65/><G65/><T85/><D0/><U25/><E25/><N who="2" m="16439" /><F135/><W133/><G133/><T10/><D132/><U56/><E56/><V37/><F37/><AGARI ba="1,1" hai="37,38,39,40,41,45,51,55,80,82,83,88,89,91" machi="37" ten="50,3200,0" yaku="1,1,54,1,53,0" doraHai="96" doraHaiUra="128" who="1" fromWho="2" sc="411,0,130,45,283,-35,166,0" /><INIT seed="3,0,0,4,5,60" ten="411,175,248,166" oya="3" hai0="45,71,10,41,78,17,108,106,39,31,53,82,43" hai1="94,123,86,113,80,89,14,135,36,93,12,129,109" hai2="124,16,47,46,69,105,26,50,74,7,4,90,100" hai3="52,51,15,48,64,87,68,30,104,42,66,131,13"/><W8/><G8/><T70/><D108/><U55/><E36/><V111/><F74/><W72/><G72/><T121/><D106/><U33/><E33/><V2/><F69/><W95/><G95/><T103/><D103/><U116/><E113/><V34/><F111/><W11/><G11/><T110/><D110/><U119/><E123/><V117/><F117/><W128/><G128/><T120/><D31/><U81/><E109/><V98/><F124/><W54/><G54/><T112/><D112/><U28/><E28/><V19/><F46/><W79/><G79/><T22/><D10/><U84/><E129/><V102/><F102/><W76/><G76/><T44/><D53/><U114/><E114/><V91/><F2/><W115/><G115/><T96/><D96/><U125/><E125/><V132/><F19/><W25/><G25/><T24/><D71/><U118/><E55/><V99/><F90/><W92/><G92/><N who="1" m="35434" /><E135/><V29/><F132/><W133/><G133/><T21/><D21/><U75/><E75/><V97/><F91/><AGARI ba="0,0" hai="12,14,80,81,84,86,89,91,116,118,119" m="35434" machi="91" ten="30,1000,0" yaku="12,1" doraHai="60" who="1" fromWho="2" sc="411,0,175,10,248,-10,166,0" owari="411,51.1,185,-21.5,238,3.8,166,-33.4" /></mjloggm>