<mjloggm ver="2.3"><GO type="225" lobby="0"/><UN n0="%E3%82%BC%E3%83%AB%E3%83%80%E3%81%AE%E4%BC%9D%E8%AA%AC" n1="%E6%B0%B7%E5%B7%9D%E9%87%8C%E5%A5%88" n2="%4C%4F%4C%49%54%41" n3="%E5%8F%AF%E5%85%90%E9%82%A3%E7%94%B1%E5%A4%9A" dan="17,16,16,16" rate="2217.29,2133.94,2172.60,2238.60" sx="M,F,F,F"/><TAIKYOKU oya="0"/><INIT seed="0,0,0,0,0,72" ten="250,250,250,250" oya="0" hai0="105,46,80,60,29,57,62,114,101,55,65,41,3" hai1="61,92,24,37,1,91,58,126,0,20,52,5,10" hai2="66,70,26,8,86,39,53,73,94,27,81,13,12" hai3="135,75,63,30,123,51,104,76,64,87,84,134,69"/><T28/><D114/><U102/><E126/><V74/><F39/><W82/><G123/><T88/><D3/><U85/><E37/><V71/><F66/><W22/><G104/><T96/><D41/><U90/><E102/><V43/><F43/><W50/><G75/><T120/><D120/><U11/><E91/><V17/><F53/><W7/><G7/><T2/><D2/><U103/><E103/><V67/><F94/><W40/><G87/><T44/><D44/><U23/><E23/><V97/><F97/><W19/><G30/><T56/><REACH who="0" step="1"/><D46/><REACH who="0" ten="240,250,250,250" step="2"/><U18/><E1/><V108/><F108/><W38/><G38/><T132/><D132/><N who="3" m="50729" /><G40/><T78/><D78/><U16/><REACH who="1" step="1"/><E11/><REACH who="1" ten="240,240,250,250" step="2"/><V95/><F8/><W6/><G6/><T118/><D118/><U112/><E112/><V100/><F100/><W111/><G111/><T31/><D31/><AGARI ba="0,2" hai="0,5,10,16,18,20,24,31,52,58,61,85,90,92" machi="31" ten="30,8000,1" yaku="1,1,7,1,54,2,53,1" doraHai="72" doraHaiUra="34" who="1" fromWho="0" sc="240,-80,240,100,250,0,250,0" /><INIT seed="1,0,0,4,5,111" ten="160,340,250,250" oya="1" hai0="120,106,6,88,65,13,127,5,108,99,12,81,128" hai1="97,86,55,102,78,90,57,24,68,61,20,113,23" hai2="98,58,45,59,50,16,91,4,27,63,60,56,123" hai3="21,76,116,71,93,132,94,39,38,14,18,83,77"/><U52/><E113/><V15/><F123/><W117/><G71/><T43/><D108/><U73/><E68/><V32/><F4/><W44/><G132/><T69/><D120/><U119/><E119/><N who="3" m="45642" /><G77/><T0/><D127/><U46/><E73/><V7/><F7/><W80/><G80/><T129/><D43/><U1/><E1/><V121/><F121/><W34/><G34/><T26/><D106/><U101/><E78/><V96/><F27/><W89/><G44/><T104/><D104/><U75/><E75/><V30/><F30/><W100/><G100/><T135/><D26/><U95/><E86/><V82/><F32/><W114/><G114/><T92/><D81/><U133/><E23/><V134/><F134/><W31/><G31/><T87/><D87/><U28/><E133/><V103/><F91/><W8/><G21/><T125/><D125/><U84/><E84/><V40/><F82/><W9/><G9/><N who="0" m="2215" /><D135/><U66/><E46/><V115/><F115/><W54/><G76/><T109/><D109/><U41/><E41/><V37/><F37/><N who="3" m="13835" /><G54/><AGARI ba="0,0" hai="20,24,28,52,54,55,57,61,66,90,95,97,101,102" machi="54" ten="40,3900,0" yaku="8,1,54,1" doraHai="111" who="1" fromWho="3" sc="160,0,340,39,250,0,250,-39" /><INIT seed="1,1,0,3,3,79" ten="160,379,250,211" oya="1" hai0="19,29,38,8,77,35,86,74,43,4,66,49,24" hai1="116,20,97,75,111,117,135,17,88,108,44,131,96" hai2="11,0,28,123,69,109,85,70,82,95,39,122,114" hai3="58,133,9,56,81,51,48,105,32,59,68,7,3"/><U60/><E75/><V42/><F109/><N who="1" m="42057" /><E135/><V15/><F114/><W33/><G68/><T112/><D112/><U2/><E2/><V115/><F115/><W52/><G105/><T1/><D66/><U72/><E72/><V87/><F0/><W113/><G113/><T99/><D99/><U118/><E131/><V132/><F132/><W103/><G103/><T110/><D110/><U76/><E76/><V53/><F28/><W129/><G129/><T104/><D86/><U100/><E100/><V89/><F53/><W92/><G92/><T121/><D49/><U41/><E60/><V128/><F128/><W47/><G133/><T46/><D19/><U57/><E57/><V90/><F42/><W78/><REACH who="3" step="1"/><G51/><REACH who="3" ten="160,379,250,201" step="2"/><T130/><D130/><U13/><E118/><V124/><F39/><W63/><G63/><T84/><D121/><U125/><E117/><V91/><F70/><W14/><G14/><T10/><D104/><U80/><E116/><V127/><F69/><W37/><G37/><T21/><D1/><U25/><E13/><V6/><REACH who="2" step="1"/><F91/><REACH who="2" ten="160,379,240,201" step="2"/><W120/><G120/><AGARI ba="1,2" hai="6,11,15,82,85,87,89,90,95,120,122,123,124,127" machi="120" ten="40,8000,1" yaku="1,1,2,1,52,1,53,1" doraHai="79" doraHaiUra="5" who="2" fromWho="3" sc="160,0,379,0,240,103,201,-83" /><INIT seed="2,0,0,4,3,112" ten="160,379,343,118" oya="2" hai0="73,130,87,74,78,46,6,99,133,121,24,31,47" hai1="15,105,12,120,43,44,22,95,48,108,56,71,3" hai2="81,92,104,32,91,41,54,122,34,42,33,85,63" hai3="21,132,4,128,55,80,125,67,23,29,26,123,1"/><V72/><F122/><W27/><G123/><T10/><D121/><U84/><E120/><RYUUKYOKU type="kaze4" ba="0,0" sc="160,0,379,0,343,0,118,0" /><INIT seed="2,1,0,0,1,111" ten="160,379,343,118" oya="2" hai0="100,18,89,0,1,34,80,40,24,64,57,74,121" hai1="104,35,82,58,99,33,131,48,41,31,114,130,8" hai2="108,118,3,46,71,76,94,87,109,95,37,72,7" hai3="17,26,77,16,11,59,90,67,133,102,106,36,25"/><V47/><F118/><W19/><G36/><T127/><D121/><U61/><E114/><V62/><F71/><W49/><G133/><T63/><D127/><U38/><E38/><V81/><F62/><W135/><G135/><T134/><D134/><U27/><E82/><V55/><F55/><W124/><G124/><T65/><D100/><U32/><E8/><N who="2" m="2175" /><F47/><W96/><G77/><T54/><D40/><U110/><E110/><N who="2" m="42603" /><F87/><W52/><G67/><T68/><D64/><N who="1" m="38967" /><E104/><V29/><F29/><W30/><G11/><T69/><D54/><U105/><E105/><V53/><F53/><W4/><G4/><T66/><D66/><U107/><E107/><V103/><F103/><W98/><REACH who="3" step="1"/><G30/><REACH who="3" ten="160,379,343,108" step="2"/><T70/><D65/><U44/><E99/><V86/><F72/><W2/><G2/><T50/><D1/><U85/><E85/><V22/><F22/><W42/><G42/><AGARI ba="1,1" hai="37,42,46,76,81,86,94,95" m="42603,2175" machi="42" ten="30,2900,0" yaku="14,1,10,1" doraHai="111" who="2" fromWho="3" sc="160,0,379,0,343,42,108,-32" /><INIT seed="2,2,0,3,0,67" ten="160,379,385,76" oya="2" hai0="132,90,38,4,20,81,7,40,21,97,8,15,61" hai1="110,2,63,78,121,103,98,23,95,42,13,114,113" hai2="100,57,50,118,91,41,1,79,127,130,14,45,84" hai3="119,87,85,35,73,29,86,75,102,31,128,94,74"/><V134/><F1/><W39/><G39/><T6/><D132/><U123/><E2/><V93/><F118/><W92/><G35/><T101/><D38/><U18/><E110/><V65/><F130/><W9/><G119/><T89/><D40/><U62/><E78/><V72/><F127/><W47/><G128/><T71/><D71/><U117/><E42/><V53/><F134/><W133/><G133/><T115/><D115/><N who="1" m="44043" /><E117/><V34/><F34/><W104/><G47/><T26/><D61/><U54/><E54/><V76/><F72/><W125/><G9/><T64/><D64/><U37/><E37/><V56/><F100/><W68/><G125/><T70/><D70/><U69/><E69/><V77/><F14/><W10/><G10/><T135/><D135/><U88/><E103/><V27/><F65/><W124/><G124/><T122/><D122/><AGARI ba="2,0" hai="13,18,23,62,63,88,95,98,121,122,123" m="44043" machi="122" ten="30,2000,0" yaku="13,1,54,1" doraHai="67" who="1" fromWho="0" sc="160,-26,379,26,385,0,76,0" /><INIT seed="3,0,0,2,4,52" ten="134,405,385,76" oya="3" hai0="114,76,42,27,18,19,88,99,62,8,124,47,38" hai1="119,73,95,12,126,125,83,115,71,21,6,91,74" hai2="103,0,2,92,66,36,131,5,56,87,106,34,43" hai3="116,129,54,109,22,94,79,44,123,90,16,17,39"/><W81/><G116/><T118/><D118/><U64/><E115/><V134/><F34/><W14/><G123/><T15/><D114/><U63/><E119/><V10/><F106/><W68/><G68/><T77/><D124/><N who="1" m="47723" /><E83/><V41/><F131/><W25/><G129/><T78/><D62/><U82/><E82/><V67/><F134/><W1/><G1/><T96/><D88/><U135/><E135/><V127/><F0/><W53/><G109/><T55/><D55/><U117/><E117/><V31/><F31/><W3/><G3/><T32/><D18/><N who="1" m="10439" /><E6/><V4/><F4/><W86/><G39/><T9/><D9/><U35/><E35/><V108/><F127/><W89/><G44/><T130/><D130/><U33/><E33/><V13/><F2/><W100/><G100/><T7/><D19/><U128/><E128/><V51/><F108/><W107/><G107/><T28/><AGARI ba="0,0" hai="7,8,15,27,28,32,38,42,47,76,77,78,96,99" machi="28" ten="30,1100,0" yaku="0,1" doraHai="52" who="0" fromWho="0" sc="134,11,405,-3,385,-3,76,-5" owari="145,-25.5,402,50.2,382,18.2,71,-42.9" /></mjloggm>