<mjloggm ver="2.3"><GO type="225" lobby="0"/><UN n0="%E5%8F%AF%E5%85%90%E9%82%A3%E7%94%B1%E5%A4%9A" n1="%E3%82%BC%E3%83%AB%E3%83%80%E3%81%AE%E4%BC%9D%E8%AA%AC" n2="%E3%83%97%E3%83%AC%E3%83%B4%E3%82%A1%E3%83%86%E3%82%A3" n3="%E3%81%8B%E3%82%8F%E3%81%A1%E3%82%83%E3%82%93%35%38" dan="17,17,16,17" rate="2240.00,2282.94,2161.25,2150.31" sx="F,M,F,M"/><TAIKYOKU oya="0"/><INIT seed="0,0,0,1,4,17" ten="250,250,250,250" oya="0" hai0="41,109,59,3,118,101,51,83,124,22,82,122,103" hai1="84,96,0,7,14,89,60,10,112,45,56,62,74" hai2="72,127,11,16,71,53,100,105,44,66,9,68,79" hai3="85,12,25,73,131,95,129,6,132,54,46,110,55"/><T61/><D118/><U128/><E128/><N who="3" m="49226" /><G73/><T93/><D122/><U88/><E74/><V111/><F111/><W52/><G110/><T42/><D109/><U31/><E112/><V117/><F117/><W69/><G69/><T49/><D3/><U80/><E0/><V78/><F127/><W114/><G114/><T4/><D4/><U50/><E31/><V92/><F105/><W75/><G75/><T15/><D124/><U86/><E56/><V57/><F44/><W35/><G132/><T99/><D103/><U135/><E96/><V58/><F72/><W5/><G46/><N who="0" m="25807" /><D51/><U115/><E135/><V63/><F71/><W98/><G85/><T38/><D42/><U77/><E115/><V81/><F68/><W133/><G12/><T23/><D38/><U24/><E24/><V37/><F81/><N who="0" m="30730" /><D15/><U126/><E126/><V48/><F37/><W13/><G13/><T19/><D19/><U65/><E84/><V40/><F40/><W104/><G104/><T26/><D26/><U29/><E29/><V121/><F121/><W97/><G133/><T125/><D125/><U70/><E62/><V18/><F18/><W116/><G116/><T90/><D101/><U8/><E8/><N who="2" m="3147" /><F16/><W32/><G98/><AGARI ba="0,0" hai="48,53,57,58,63,66,78,79,92,98,100" m="3147" machi="98" ten="30,1000,0" yaku="8,1" doraHai="17" who="2" fromWho="3" sc="250,0,250,0,250,10,250,-10" /><INIT seed="1,0,0,4,1,128" ten="250,250,260,240" oya="1" hai0="126,92,108,72,63,91,83,113,79,34,60,104,59" hai1="106,123,0,29,35,64,78,101,105,51,102,82,135" hai2="37,52,24,32,118,67,41,131,66,21,116,47,100" hai3="12,28,120,40,36,50,115,58,134,25,99,107,5"/><U45/><E123/><V16/><F131/><W9/><G120/><T87/><D113/><U61/><E0/><V117/><F32/><W14/><G115/><T130/><D130/><U129/><E129/><V20/><F100/><W57/><G36/><T114/><D114/><U71/><E135/><V124/><F124/><W110/><G107/><T81/><D34/><U46/><E101/><V26/><REACH who="2" step="1"/><F52/><REACH who="2" ten="250,250,250,240" step="2"/><W73/><G110/><T11/><D126/><U6/><E102/><V62/><F62/><W8/><G134/><T13/><D108/><U76/><E35/><V17/><AGARI ba="0,1" hai="16,17,20,21,24,26,37,41,47,66,67,116,117,118" machi="17" ten="30,7900,0" yaku="1,1,0,1,9,1,54,1,53,0" doraHai="128" doraHaiUra="85" who="2" fromWho="2" sc="250,-20,250,-39,250,89,240,-20" /><INIT seed="2,0,0,4,5,109" ten="230,211,339,220" oya="2" hai0="72,23,86,124,76,81,100,16,112,92,119,110,65" hai1="57,4,79,77,133,9,93,117,33,55,46,51,114" hai2="98,91,128,14,40,111,127,82,36,5,126,66,24" hai3="7,74,52,58,78,41,28,11,131,62,68,134,83"/><V8/><F111/><W21/><G134/><T87/><D110/><U1/><E117/><V63/><F128/><W42/><G131/><T49/><D119/><U67/><E133/><V121/><F121/><W61/><G28/><T89/><D124/><N who="2" m="47658" /><F24/><W107/><G107/><T135/><D135/><U53/><E114/><V125/><N who="2" m="47666" /><V32/><DORA hai="70" /><F32/><W132/><G132/><T59/><D100/><U115/><E115/><V99/><F82/><W3/><REACH who="3" step="1"/><G21/><REACH who="3" ten="230,211,339,210" step="2"/><T103/><D112/><U105/><E105/><V80/><F80/><W38/><G38/><T6/><D23/><U104/><E104/><V129/><F129/><W113/><G113/><T71/><D81/><U94/><E33/><V54/><F91/><W43/><G43/><T18/><D89/><U0/><E94/><V48/><F40/><W102/><G102/><T15/><D103/><U44/><E93/><V90/><F90/><W73/><G73/><T116/><D72/><U10/><E79/><V60/><F36/><W97/><G97/><N who="2" m="36873" /><F66/><AGARI ba="0,1" hai="3,7,11,41,42,52,58,61,62,66,68,74,78,83" machi="66" ten="40,2600,0" yaku="1,1,54,1,53,0" doraHai="109,70" doraHaiUra="123,47" who="3" fromWho="2" sc="230,0,211,0,339,-26,210,36" /><INIT seed="3,0,0,4,0,64" ten="230,211,313,246" oya="3" hai0="1,13,5,81,40,105,6,112,46,119,123,66,96" hai1="135,103,50,100,118,30,36,11,21,116,128,115,124" hai2="44,106,88,3,91,34,111,77,132,121,113,29,104" hai3="57,38,68,17,83,133,109,33,43,120,134,4,87"/><W99/><G120/><T107/><D119/><N who="1" m="45611" /><E36/><V14/><F113/><W28/><G4/><T101/><D123/><U75/><E115/><V49/><F121/><W82/><G33/><T24/><D112/><U126/><E75/><V63/><F3/><W52/><G28/><T27/><D1/><U35/><E35/><V102/><F77/><W129/><G38/><T20/><D107/><U74/><E74/><V45/><F14/><W8/><G43/><T60/><D81/><U16/><E135/><V37/><F132/><N who="3" m="50795" /><G99/><T131/><D131/><U15/><E128/><V61/><F34/><W23/><G8/><T65/><D13/><N who="1" m="9359" /><E50/><V54/><F29/><W9/><G9/><T39/><D27/><U31/><E31/><V92/><F37/><W70/><G109/><T86/><D86/><U89/><E89/><N who="2" m="34379" /><F111/><W67/><G129/><T56/><D66/><U84/><E84/><V42/><F106/><W12/><G67/><T10/><D10/><U95/><E30/><AGARI ba="0,0" hai="5,6,20,24,30,39,40,46,56,60,65,96,101,105" machi="30" ten="30,1000,0" yaku="7,1" doraHai="64" who="0" fromWho="1" sc="230,10,211,-10,313,0,246,0" owari="240,-16.0,201,-29.9,313,41.3,246,4.6" /></mjloggm>