<mjloggm ver="2.3"><GO type="225" lobby="0"/><UN n0="%E3%80%90%E3%83%88%E3%83%AA%E3%83%A5%E3%83%95%E3%80%91" n1="%72%69%6F%75%63%68%61%6E" n2="%E3%83%A9%E3%82%A4%E3%83%B3%E3%81%AE%E8%99%8E" n3="%E6%98%93%E5%88%A9%E8%96%A9%E4%BC%AF" dan="16,16,16,16" rate="2104.36,2199.57,2098.73,2109.83" sx="M,M,M,F"/><TAIKYOKU oya="0"/><INIT seed="0,0,0,1,1,66" ten="250,250,250,250" oya="0" hai0="78,126,30,17,96,106,113,80,10,85,102,110,130" hai1="101,121,79,22,15,11,69,67,124,98,53,25,86" hai2="97,77,19,38,27,129,39,125,45,54,74,26,132" hai3="104,49,9,31,41,92,123,131,2,36,51,107,47"/><T6/><D113/><U82/><E124/><V40/><F125/><W94/><G131/><T16/><D130/><U109/><E109/><V18/><F129/><W50/><G123/><T134/><D126/><U91/><E121/><V71/><F39/><W12/><G2/><T88/><D110/><U4/><E53/><V62/><F132/><W55/><G31/><T116/><D116/><U117/><E117/><V68/><F97/><W0/><G0/><T56/><D134/><U100/><E67/><V14/><F77/><W81/><G55/><T127/><D127/><U32/><E32/><V119/><F74/><W20/><G20/><T57/><D30/><U122/><E69/><V115/><F115/><W73/><G81/><T114/><D114/><U103/><E122/><V120/><F119/><W61/><G61/><T24/><D78/><U59/><E59/><V29/><F26/><W118/><G73/><T5/><D5/><U84/><E98/><V52/><F120/><W90/><G94/><T87/><D87/><U7/><E7/><V64/><F71/><W95/><G95/><T35/><D35/><U48/><E48/><V112/><F112/><W60/><G60/><T34/><D34/><U65/><E65/><V21/><REACH who="2" step="1"/><F19/><REACH who="2" ten="250,250,240,250" step="2"/><W108/><G118/><T46/><D17/><N who="1" m="12495" /><E84/><V63/><F63/><W99/><REACH who="3" step="1"/><G108/><REACH who="3" ten="250,250,240,240" step="2"/><T58/><D24/><U43/><E79/><V3/><F3/><W93/><G93/><T135/><D135/><U8/><E82/><V128/><F128/><W33/><G33/><AGARI ba="0,2" hai="14,18,21,27,29,33,38,40,45,52,54,62,64,68" machi="33" ten="30,7700,0" yaku="1,1,7,1,52,1,54,1,53,0" doraHai="66" doraHaiUra="89" who="2" fromWho="3" sc="250,0,250,0,240,97,240,-77" /><INIT seed="1,0,0,3,4,125" ten="250,250,337,163" oya="1" hai0="45,91,76,96,75,35,105,117,69,30,112,116,131" hai1="65,2,8,107,126,119,109,26,80,74,86,104,39" hai2="52,111,87,130,13,4,56,70,37,121,57,72,48" hai3="132,68,133,67,103,11,77,100,54,106,24,0,27"/><U25/><E119/><V93/><F72/><W15/><G77/><T79/><D112/><U123/><E123/><V101/><F70/><W34/><G0/><T98/><D69/><U33/><E126/><V61/><F37/><W113/><G113/><T71/><D71/><U32/><E109/><V92/><F111/><W114/><G114/><T10/><D10/><U78/><E65/><V122/><F130/><W20/><G34/><T19/><D19/><U47/><E86/><V97/><F4/><W58/><G67/><T88/><D45/><U21/><E26/><V129/><F129/><W50/><G68/><T124/><D124/><U53/><E53/><V73/><F73/><W81/><G81/><N who="0" m="45215" /><D30/><N who="1" m="19535" /><E21/><V9/><F13/><W12/><G12/><T102/><D35/><U16/><E16/><V6/><F9/><W82/><G82/><T85/><D131/><U7/><E33/><V17/><F17/><W94/><G106/><T99/><D116/><U23/><E23/><V59/><F6/><W14/><G14/><T118/><D118/><U120/><E120/><V110/><F110/><W135/><G94/><N who="0" m="54543" /><D117/><U22/><E22/><V49/><F121/><W128/><G128/><T40/><D40/><AGARI ba="0,0" hai="2,7,8,39,40,47,74,78,80,104,107" m="19535" machi="40" ten="30,5800,0" yaku="25,1,33,2" doraHai="125" who="1" fromWho="0" sc="250,-58,250,58,337,0,163,0" /><INIT seed="1,1,0,2,4,18" ten="192,308,337,163" oya="1" hai0="50,49,87,116,20,121,73,88,133,96,127,22,64" hai1="33,48,0,81,117,27,132,85,75,36,24,84,52" hai2="56,37,68,31,47,130,19,79,63,7,118,35,110" hai3="15,46,61,34,95,45,5,44,65,103,135,102,72"/><U54/><E117/><V119/><F110/><W104/><G104/><T58/><D73/><U77/><E36/><V6/><F130/><W123/><G123/><T55/><D116/><U26/><E132/><V41/><F79/><W113/><G113/><T126/><D121/><U109/><E109/><V30/><F68/><W51/><G72/><T115/><D115/><U100/><E0/><V128/><F128/><W131/><G34/><T4/><D133/><U101/><E33/><V2/><F19/><W53/><G131/><T105/><D64/><U25/><N who="1" m="6144" /><DORA hai="122" /><U99/><E101/><V40/><F56/><W66/><G135/><T14/><D49/><U38/><E38/><V1/><F63/><W23/><G66/><T59/><D59/><U78/><E77/><V13/><F47/><W76/><G76/><T124/><D4/><U3/><E3/><V91/><F37/><W11/><G23/><T82/><D14/><U86/><REACH who="1" step="1"/><E48/><REACH who="1" ten="192,298,337,163" step="2"/><V114/><F35/><W32/><G32/><T94/><D105/><AGARI ba="1,1" hai="52,54,75,78,81,84,85,86,99,100,105" m="6144" machi="105" ten="50,12000,1" yaku="1,1,2,1,54,1,53,2" doraHai="18,122" doraHaiUra="97,106" who="1" fromWho="0" sc="192,-123,298,133,337,0,163,0" /><INIT seed="1,2,0,0,3,98" ten="69,431,337,163" oya="1" hai0="36,110,103,13,100,73,78,25,104,85,84,82,2" hai1="27,116,40,10,105,64,15,120,7,77,53,65,51" hai2="97,95,33,72,44,124,39,90,76,34,55,16,35" hai3="92,12,134,96,89,112,31,131,57,43,23,0,132"/><U18/><E116/><V75/><F124/><W119/><G0/><T61/><D2/><U83/><E120/><V121/><F121/><W68/><G68/><T24/><D36/><U114/><E114/><V70/><F70/><W99/><G112/><T117/><D117/><U118/><E118/><V111/><F111/><W22/><G119/><T4/><D110/><U93/><E105/><V135/><F135/><W129/><G43/><T133/><D133/><N who="3" m="51305" /><G57/><T11/><BYE who="1" /><D104/><U30/><E30/><V54/><F39/><W102/><G31/><T5/><D61/><U74/><E74/><V108/><F108/><W56/><G56/><T21/><D4/><U60/><E60/><V50/><F76/><W42/><G42/><T38/><D38/><U125/><E125/><V115/><F115/><UN n1="%72%69%6F%75%63%68%61%6E" /><W127/><G127/><T48/><D48/><U17/><E93/><V37/><F37/><W71/><G71/><T41/><D41/><U8/><E40/><V29/><F29/><W79/><G79/><T128/><D128/><N who="3" m="49225" /><G12/><T107/><D107/><AGARI ba="2,0" hai="22,23,89,92,96,99,102,107" m="49225,51305" machi="107" ten="30,3900,0" yaku="20,1,19,1,52,1" doraHai="98" who="3" fromWho="0" sc="69,-45,431,0,337,0,163,45" /><INIT seed="2,0,0,4,5,99" ten="24,431,337,208" oya="2" hai0="100,130,80,131,13,25,107,72,57,62,10,21,64" hai1="49,3,43,4,71,51,8,9,14,119,40,32,75" hai2="52,83,50,93,113,114,48,92,95,85,77,90,19" hai3="47,108,112,69,31,44,0,124,36,34,126,23,39"/><V33/><F33/><W70/><G23/><T38/><D38/><N who="3" m="14377" /><G0/><T76/><D13/><U74/><E119/><V91/><F48/><W7/><G7/><T127/><D10/><U134/><E32/><V89/><REACH who="2" step="1"/><F19/><REACH who="2" ten="24,431,327,208" step="2"/><W63/><G34/><T97/><REACH who="0" step="1"/><D127/><REACH who="0" ten="14,431,327,208" step="2"/><U66/><E51/><V118/><F118/><W110/><G126/><T27/><D27/><U65/><E49/><V86/><F86/><W129/><G124/><T30/><AGARI ba="0,2" hai="21,25,30,57,62,64,72,76,80,97,100,107,130,131" machi="30" ten="30,7900,0" yaku="1,1,0,1,52,1,53,1" doraHai="99" doraHaiUra="26" who="0" fromWho="0" sc="14,99,431,-20,327,-39,208,-20" /><INIT seed="3,0,0,1,3,81" ten="113,411,288,188" oya="3" hai0="60,135,12,26,0,40,115,61,117,119,120,73,129" hai1="111,34,108,85,122,18,35,102,100,72,56,7,13" hai2="116,58,125,32,126,98,15,37,47,103,95,132,67" hai3="52,6,16,48,22,90,127,2,82,123,114,86,4"/><W39/><G114/><T76/><D0/><U106/><E122/><V70/><F70/><W51/><G39/><T3/><D3/><U41/><E72/><V71/><F71/><W63/><G123/><T50/><D12/><U38/><E7/><N who="3" m="2602" /><G2/><T28/><D115/><U66/><E41/><V131/><F32/><N who="1" m="12329" /><E106/><V20/><F116/><W9/><G9/><T27/><D120/><U49/><E38/><V65/><F131/><W83/><G127/><T23/><D129/><U88/><E49/><V44/><F132/><W105/><G105/><T68/><D68/><U62/><E18/><N who="2" m="10335" /><F37/><W21/><G83/><T118/><D135/><U69/><E13/><V59/><F125/><W91/><G91/><T54/><D73/><U93/><E69/><V79/><F79/><W128/><G128/><T77/><D40/><U42/><E42/><V96/><F126/><W99/><G99/><T5/><D5/><U97/><E97/><V11/><F11/><W110/><G110/><AGARI ba="0,0" hai="56,62,66,85,88,93,100,102,108,110,111" m="12329" machi="110" ten="30,3900,0" yaku="14,1,52,1,54,1" doraHai="81" who="1" fromWho="3" sc="113,0,411,39,288,0,188,-39" owari="113,-38.7,450,55.0,288,8.8,149,-25.1" /></mjloggm>