<mjloggm ver="2.3"><GO type="225" lobby="0"/><UN n0="%72%65%6E%6B%75%6E" n1="%E5%A4%9C%E3%81%AE%E3%82%AC%E3%82%B9%E3%83%91%E3%83%BC%E3%83%AB" n2="%E5%91%A8%E6%9D%B1" n3="%E3%81%B2%E3%81%AA%E3%81%AE%E3%82%8A%E3%81%8F" dan="17,17,17,17" rate="2257.15,2168.53,2145.28,2162.50" sx="M,M,M,M"/><TAIKYOKU oya="0"/><INIT seed="0,0,0,3,1,93" ten="250,250,250,250" oya="0" hai0="10,81,28,59,134,57,88,50,131,32,101,71,125" hai1="7,121,62,119,75,26,4,95,37,91,76,40,113" hai2="48,51,46,19,16,68,49,61,114,22,17,130,60" hai3="9,86,29,84,123,69,122,100,63,98,116,64,27"/><T117/><D71/><U103/><E119/><V90/><F114/><W87/><G9/><T14/><D117/><U47/><E121/><V21/><F130/><W5/><G5/><T105/><D131/><U70/><E103/><V120/><F120/><W1/><G1/><T128/><D128/><U18/><E113/><V56/><F46/><W24/><G24/><T39/><D39/><U126/><E126/><V15/><F15/><W67/><G67/><T72/><D72/><U41/><E41/><V132/><F132/><W73/><G73/><T52/><D125/><U111/><E111/><V129/><F129/><W99/><G116/><T30/><D134/><U35/><E76/><V102/><F102/><W65/><G65/><T77/><D32/><U6/><E75/><V94/><F68/><W104/><REACH who="3" step="1"/><G98/><REACH who="3" ten="250,250,250,240" step="2"/><T23/><D23/><AGARI ba="0,1" hai="23,27,29,63,64,69,84,86,87,99,100,104,122,123" machi="23" ten="40,5200,0" yaku="1,1,2,1,52,1,53,0" doraHai="93" doraHaiUra="2" who="3" fromWho="0" sc="250,-52,250,0,250,0,240,62" /><INIT seed="1,0,0,4,4,91" ten="198,250,250,302" oya="1" hai0="68,126,46,122,125,4,124,15,67,80,22,37,17" hai1="77,112,95,86,103,29,24,28,58,109,10,104,78" hai2="65,18,131,107,12,79,55,23,94,2,66,108,27" hai3="90,13,11,106,88,111,83,30,38,123,116,42,76"/><U8/><E112/><V130/><F107/><W98/><G123/><T74/><D122/><U31/><E104/><V60/><F2/><W64/><G111/><T127/><N who="0" m="31744" /><DORA hai="100" /><T105/><D4/><U48/><E109/><V89/><F79/><N who="1" m="30217" /><E24/><V32/><F108/><W121/><G121/><T114/><D114/><U33/><E33/><V26/><F55/><W92/><G106/><T113/><D113/><U72/><E72/><V71/><F66/><W3/><G3/><T35/><D35/><U45/><E58/><V44/><F44/><W129/><G129/><N who="2" m="49161" /><F32/><W82/><G64/><T99/><D74/><U96/><E86/><AGARI ba="0,0" hai="12,18,23,26,27,60,65,71,86,89,94" m="49161" machi="86" ten="30,2000,0" yaku="19,1,52,1" doraHai="91,100" who="2" fromWho="1" sc="198,0,250,-20,250,20,302,0" /><INIT seed="2,0,0,3,4,58" ten="198,230,270,302" oya="2" hai0="6,0,74,48,1,105,43,124,77,103,129,134,73" hai1="93,59,41,97,119,19,84,95,111,12,64,96,60" hai2="36,109,3,54,7,108,99,115,51,126,90,16,133" hai3="66,91,132,125,106,35,40,75,94,112,86,85,28"/><V30/><F115/><W65/><G75/><T9/><D124/><U31/><E119/><V104/><F36/><W61/><G106/><T123/><D123/><U52/><E111/><N who="2" m="42571" /><F126/><W88/><G132/><T38/><D134/><U89/><E41/><V98/><F133/><W34/><G125/><T24/><D48/><U72/><E72/><V17/><F30/><W29/><G40/><T130/><D1/><U80/><E31/><V21/><F104/><W45/><G45/><N who="0" m="23799" /><D24/><U100/><E64/><V14/><F90/><W15/><G15/><T25/><D25/><U131/><E131/><N who="0" m="50185" /><D77/><U18/><REACH who="1" step="1"/><E12/><REACH who="1" ten="198,220,270,302" step="2"/><N who="2" m="9351" /><F3/><W23/><G29/><T49/><D49/><U20/><E20/><N who="2" m="11319" /><F7/><W5/><G5/><T102/><D102/><AGARI ba="0,1" hai="18,19,52,59,60,80,84,89,93,95,96,97,100,102" machi="102" ten="30,12000,2" yaku="1,1,7,1,9,1,8,1,52,1,54,1,53,0" doraHai="58" doraHaiUra="117" who="1" fromWho="0" sc="198,-120,220,130,270,0,302,0" /><INIT seed="3,0,0,4,5,13" ten="78,350,270,302" oya="3" hai0="108,114,42,22,30,131,1,110,82,105,86,96,14" hai1="126,23,0,80,63,59,87,90,78,135,19,73,76" hai2="79,33,106,35,62,9,69,117,56,58,11,51,5" hai3="93,104,16,100,12,115,4,46,83,6,71,72,92"/><W64/><G115/><T39/><D42/><U38/><E126/><V47/><F106/><W20/><G104/><T15/><D39/><U32/><E135/><V129/><F117/><W120/><G120/><T109/><D96/><U57/><E32/><V41/><F129/><W81/><G71/><T77/><D105/><U67/><E0/><V43/><F69/><W61/><G46/><T28/><D86/><U113/><E38/><V125/><F125/><W101/><G72/><T27/><D82/><N who="3" m="31241" /><G61/><T84/><D84/><U40/><E40/><V26/><F79/><N who="1" m="30249" /><E73/><V66/><F43/><W55/><G55/><T29/><D77/><U31/><E113/><V121/><F121/><W49/><G49/><T45/><D45/><U107/><E107/><V74/><F58/><W17/><G64/><T24/><D114/><U128/><E128/><V98/><F74/><W60/><G60/><T123/><D123/><U34/><E34/><V52/><F41/><W116/><G116/><T102/><D102/><N who="3" m="39529" /><G17/><T48/><D48/><U36/><E36/><V3/><F98/><W44/><G44/><T8/><D131/><U127/><E127/><V10/><F35/><W75/><G75/><T89/><D89/><U68/><E19/><V122/><F122/><W132/><G132/><T65/><D65/><U118/><E118/><V7/><F3/><W95/><AGARI ba="0,0" hai="4,6,12,16,20,92,93,95" m="39529,31241" machi="95" ten="30,6000,0" yaku="8,1,52,1,54,1" doraHai="13" who="3" fromWho="3" sc="78,-20,350,-20,270,-20,302,60" owari="58,-44.2,330,13.0,250,-15.0,362,46.2" /></mjloggm>