<mjloggm ver="2.3"><GO type="225" lobby="0"/><UN n0="%E3%81%BF%E3%81%BF%E3%81%9A" n1="%E5%8D%A0%E3%81%84%E5%B8%AB%E8%A3%8F%E3%81%AA%E3%81%84%E3%81%97" n2="%E6%98%93%E5%88%A9%E8%96%A9%E4%BC%AF" n3="%E3%82%BC%E3%83%AB%E3%83%80%E3%81%AE%E4%BC%9D%E8%AA%AC" dan="16,16,16,17" rate="2147.02,2114.12,2076.75,2129.91" sx="M,M,F,M"/><TAIKYOKU oya="0"/><INIT seed="0,0,0,0,3,40" ten="250,250,250,250" oya="0" hai0="120,14,113,1,130,60,129,86,15,121,133,32,47" hai1="57,49,99,69,31,26,101,102,17,30,122,37,97" hai2="112,71,96,64,103,59,116,92,6,19,94,24,36" hai3="65,72,0,87,119,68,48,128,75,73,67,21,27"/><T46/><D1/><U109/><E69/><V89/><F112/><W11/><G119/><T115/><D86/><U66/><E122/><N who="0" m="47209" /><D32/><U38/><E109/><V90/><F71/><W105/><G128/><N who="0" m="49259" /><D133/><U53/><E37/><V117/><F36/><W7/><G105/><T100/><D100/><N who="1" m="38507" /><E66/><V81/><F6/><W45/><G68/><T54/><D60/><U74/><E74/><V127/><F127/><W80/><G87/><T4/><D54/><U107/><E38/><V84/><F64/><W77/><G72/><T39/><D39/><U124/><E124/><V106/><F59/><W43/><REACH who="3" step="1"/><G73/><REACH who="3" ten="250,250,250,240" step="2"/><T58/><D58/><U9/><E107/><V70/><F70/><W114/><G114/><N who="0" m="43531" /><D4/><U111/><E57/><V28/><F106/><W63/><G63/><T131/><D131/><U123/><E123/><V91/><F94/><W55/><G55/><T126/><D126/><U2/><E53/><V20/><F117/><W42/><G42/><T16/><D14/><U22/><E99/><V8/><F116/><W134/><G134/><T93/><D93/><U50/><E97/><V88/><REACH who="2" step="1"/><F8/><AGARI ba="0,1" hai="8,15,16,46,47" m="43531,49259,47209" machi="8" ten="40,12000,1" yaku="19,1,52,2,54,1" doraHai="40" who="0" fromWho="2" sc="250,130,250,0,250,-120,240,0" /><INIT seed="0,1,0,5,4,38" ten="380,250,130,240" oya="0" hai0="67,126,128,78,0,4,26,56,36,9,88,23,12" hai1="104,135,24,42,58,130,106,74,122,87,34,113,32" hai2="44,60,76,108,55,83,47,11,127,57,13,54,18" hai3="102,98,115,17,2,84,69,95,114,68,50,65,97"/><T125/><D78/><U92/><E122/><V10/><F108/><W71/><G2/><T40/><D128/><U41/><E74/><V70/><F127/><N who="0" m="48650" /><D67/><U72/><E72/><V94/><F70/><W132/><G132/><T100/><D100/><U79/><E135/><V64/><F94/><W37/><G37/><T7/><D56/><U3/><E3/><V91/><F91/><W101/><G65/><T46/><D88/><U131/><E113/><V82/><F11/><W117/><G117/><T61/><D61/><U110/><E110/><V51/><REACH who="2" step="1"/><F76/><REACH who="2" ten="380,250,120,240" step="2"/><W33/><G68/><T73/><D0/><U99/><E92/><V35/><F35/><W85/><G33/><T77/><D4/><U133/><E32/><V8/><F8/><W16/><G95/><T116/><D116/><U107/><E34/><V45/><F45/><W105/><G105/><T27/><D23/><U31/><E106/><V29/><F29/><W62/><G69/><T52/><D77/><U22/><E104/><V63/><F63/><W59/><G71/><T48/><D73/><U39/><E107/><V118/><F118/><W120/><G62/><T109/><D109/><U20/><E20/><V28/><F28/><W15/><G114/><T6/><D7/><U121/><E79/><V66/><F66/><W123/><G115/><T75/><D75/><U119/><E119/><V96/><F96/><W25/><G98/><T14/><D6/><U53/><E99/><V112/><F112/><W43/><G97/><T89/><D89/><U19/><E22/><V90/><F90/><W5/><G5/><RYUUKYOKU ba="1,1" sc="380,-10,250,-10,120,30,240,-10" hai2="10,13,18,44,47,51,54,55,57,60,64,82,83" /><INIT seed="1,2,1,1,5,107" ten="370,240,150,230" oya="1" hai0="65,51,16,50,130,101,135,66,110,30,133,46,120" hai1="27,0,114,70,119,15,17,112,98,103,5,36,25" hai2="34,8,116,18,67,73,106,128,123,105,19,41,84" hai3="57,97,81,113,3,131,78,77,96,13,58,109,92"/><U89/><E119/><V129/><F116/><W83/><G3/><T63/><D110/><U88/><E70/><V40/><F34/><W12/><G131/><N who="2" m="50249" /><F67/><W93/><REACH who="3" step="1"/><G109/><REACH who="3" ten="370,240,150,220" step="2"/><T124/><D130/><U49/><E0/><V52/><F123/><W59/><G59/><T47/><D120/><U26/><E114/><AGARI ba="2,2" hai="12,13,57,58,77,78,81,83,92,93,96,97,113,114" machi="114" ten="25,8000,1" yaku="1,1,22,2,53,2" doraHai="107" doraHaiUra="108" who="3" fromWho="1" sc="370,0,240,-86,150,0,220,106" /><INIT seed="2,0,0,2,2,68" ten="370,154,150,326" oya="2" hai0="113,12,99,107,95,82,125,78,41,96,39,106,20" hai1="67,132,93,109,97,90,22,69,112,130,70,15,4" hai2="0,84,101,44,29,40,9,126,114,35,21,85,8" hai3="3,31,129,120,17,43,118,117,131,116,64,133,83"/><V1/><F114/><W46/><G120/><T13/><D113/><U58/><E112/><V123/><F123/><W32/><G133/><T100/><D125/><U19/><E132/><V26/><F101/><W115/><G115/><T7/><D7/><U6/><E109/><V47/><F126/><W80/><G3/><T88/><D106/><U38/><E130/><N who="3" m="49674" /><G64/><T134/><D134/><U65/><E69/><V127/><F127/><W23/><G31/><T75/><REACH who="0" step="1"/><D20/><REACH who="0" ten="360,154,150,326" step="2"/><U45/><E4/><V98/><F0/><W128/><G32/><T27/><D27/><U110/><E22/><V103/><F35/><W73/><G128/><T48/><D48/><U61/><E6/><V52/><F1/><W10/><G10/><T104/><D104/><U50/><E50/><V77/><F8/><W24/><G73/><T87/><D87/><U60/><E15/><V86/><F9/><W124/><G124/><T55/><D55/><U53/><E53/><V122/><F122/><W11/><G11/><T108/><D108/><U63/><E110/><V79/><F52/><W135/><G135/><T33/><D33/><U54/><E54/><V121/><F121/><W74/><G74/><T111/><D111/><U71/><E61/><V62/><F62/><W14/><G24/><T59/><D59/><U119/><E58/><V49/><REACH who="2" step="1"/><F47/><AGARI ba="0,1" hai="12,13,39,41,47,75,78,82,88,95,96,99,100,107" machi="47" ten="40,5200,0" yaku="1,1,52,1,54,1,53,0" doraHai="68" doraHaiUra="81" who="0" fromWho="2" sc="360,62,154,0,150,-52,326,0" /><INIT seed="3,0,0,5,1,113" ten="422,154,98,326" oya="3" hai0="88,87,96,101,104,26,38,123,118,14,34,114,65" hai1="82,10,73,40,103,67,108,36,30,9,97,16,106" hai2="131,11,115,15,92,126,109,116,61,78,89,24,45" hai3="32,91,81,64,54,28,23,76,119,2,21,63,20"/><W58/><G2/><T112/><D118/><U22/><E108/><V47/><F115/><N who="0" m="44074" /><D123/><U117/><E117/><V60/><F109/><W102/><G119/><T17/><D38/><U135/><E135/><V59/><F116/><W55/><G102/><T19/><D65/><U53/><E67/><V95/><F131/><W51/><G91/><T94/><D14/><U133/><E133/><V71/><F126/><W110/><G110/><T5/><D5/><U27/><E40/><V107/><F71/><W29/><G32/><T66/><D66/><U52/><E36/><V111/><F107/><W12/><G12/><T49/><D49/><U79/><E9/><V35/><F111/><W44/><REACH who="3" step="1"/><G64/><REACH who="3" ten="422,154,98,316" step="2"/><T1/><D1/><U37/><E103/><V130/><F130/><W85/><AGARI ba="0,1" hai="20,21,23,28,29,44,51,54,55,58,63,76,81,85" machi="85" ten="30,11700,0" yaku="1,1,2,1,0,1,8,1,53,0" doraHai="113" doraHaiUra="3" who="3" fromWho="3" sc="422,-39,154,-39,98,-39,316,127" owari="383,18.3,115,-28.5,59,-44.1,443,54.3" /></mjloggm>