<mjloggm ver="2.3"><GO type="225" lobby="0"/><UN n0="%E6%98%93%E5%88%A9%E8%96%A9%E4%BC%AF" n1="%72%69%6F%75%63%68%61%6E" n2="%E3%81%AF%E3%82%88%E3%81%8A%E3%81%98%E3%81%95%E3%82%93" n3="%E3%82%A2%E3%83%A1%E3%82%A2%E3%83%A9%E3%83%AC" dan="16,16,17,16" rate="2029.61,2162.89,2177.89,2179.91" sx="F,M,M,M"/><TAIKYOKU oya="0"/><INIT seed="0,0,0,1,3,115" ten="250,250,250,250" oya="0" hai0="127,107,130,69,42,64,45,28,50,3,65,81,18" hai1="97,122,66,49,36,37,32,99,95,103,53,111,26" hai2="90,13,27,108,20,10,43,85,41,60,101,125,92" hai3="133,6,126,96,74,44,14,114,76,88,120,104,77"/><T79/><D127/><U93/><E111/><V91/><F108/><W113/><G126/><T46/><D130/><U21/><E122/><V62/><F125/><W87/><G44/><T9/><D107/><U128/><E32/><V112/><F112/><N who="3" m="43115" /><G14/><T31/><D46/><U52/><E128/><V129/><F129/><W16/><G16/><T116/><D116/><U17/><E66/><V23/><F101/><N who="3" m="62503" /><G6/><T19/><D18/><U57/><REACH who="1" step="1"/><E53/><REACH who="1" ten="250,240,250,250" step="2"/><V63/><F41/><W134/><G120/><T58/><D65/><U1/><E1/><V0/><F43/><W68/><G68/><T72/><D3/><U121/><E121/><V30/><F0/><W78/><G74/><T22/><D69/><U80/><E80/><AGARI ba="0,1" hai="76,77,78,80,87,88,133,134" m="62503,43115" machi="80" ten="30,3900,0" yaku="34,2,54,1" doraHai="115" who="3" fromWho="1" sc="250,0,240,-39,250,0,250,49" /><INIT seed="1,0,0,1,1,135" ten="250,201,250,299" oya="1" hai0="3,46,18,58,82,90,51,69,53,25,16,8,0" hai1="60,77,30,75,132,48,4,97,87,133,101,7,96" hai2="81,20,74,37,92,128,115,59,84,127,109,19,57" hai3="130,24,70,100,52,89,76,29,63,83,67,14,94"/><U61/><E75/><V98/><F37/><W66/><G130/><T106/><D69/><U34/><E48/><V122/><F122/><W35/><G100/><T39/><D106/><U102/><E30/><V86/><F74/><W79/><G67/><T49/><D39/><U36/><E36/><V55/><F128/><W45/><G83/><T9/><D3/><U10/><E34/><V112/><F109/><W95/><G95/><T12/><D0/><U105/><E87/><V1/><F1/><W73/><G73/><T38/><D38/><U91/><E91/><V120/><F120/><W44/><G14/><T26/><D9/><U116/><E116/><V27/><F127/><W40/><G40/><T43/><REACH who="0" step="1"/><D18/><REACH who="0" ten="240,201,250,299" step="2"/><U6/><E10/><V114/><F19/><W33/><G70/><T21/><D21/><U23/><E23/><V31/><F112/><W2/><G2/><T65/><D65/><U64/><E77/><V99/><F115/><W113/><G76/><T103/><D103/><U47/><E47/><V78/><F114/><W41/><G79/><T134/><D134/><N who="1" m="51819" /><E64/><V15/><F20/><N who="3" m="15495" /><G66/><T11/><D11/><U54/><E54/><V107/><F55/><W88/><G113/><T22/><D22/><U110/><E110/><V72/><F57/><N who="3" m="35239" /><G45/><T42/><D42/><U17/><E17/><V124/><F59/><W50/><G89/><T125/><D125/><U56/><E56/><V5/><F124/><W118/><G118/><T108/><D108/><U80/><E80/><V119/><F81/><W111/><G111/><T131/><D131/><U126/><E126/><RYUUKYOKU ba="0,1" sc="240,10,201,10,250,-30,299,10" hai0="8,12,16,25,26,43,46,49,51,53,58,82,90" hai1="4,6,7,60,61,96,97,101,102,105" hai3="33,35,41,44,50,88,94" /><INIT seed="1,1,1,1,4,135" ten="250,211,220,309" oya="1" hai0="69,6,126,19,0,128,22,48,7,118,11,36,16" hai1="18,65,24,54,34,4,131,47,124,38,75,101,133" hai2="119,21,106,115,130,92,82,105,51,114,35,134,46" hai3="104,68,99,14,76,28,31,120,112,127,71,80,62"/><U94/><E124/><V32/><F119/><W5/><G120/><T27/><D36/><U1/><E133/><V91/><F134/><W61/><G112/><N who="2" m="43049" /><F130/><W13/><G104/><N who="2" m="40041" /><F21/><W20/><G99/><T129/><D69/><U117/><E117/><V111/><F82/><W122/><G80/><T15/><D118/><U100/><E131/><N who="0" m="50249" /><D48/><U113/><E113/><V78/><F78/><W98/><G98/><T10/><D126/><U42/><E75/><V87/><F111/><W12/><G76/><T79/><D79/><U121/><E121/><V37/><F37/><W77/><G77/><T88/><D88/><U49/><E65/><V96/><F96/><W56/><G20/><T25/><D25/><U108/><E108/><V30/><F30/><AGARI ba="1,1" hai="0,6,7,10,11,15,16,19,22,27,30" m="50249" machi="30" ten="30,7700,0" yaku="19,1,34,2,54,1" doraHai="135" who="0" fromWho="2" sc="250,90,211,0,220,-80,309,0" /><INIT seed="2,0,0,2,1,83" ten="340,211,140,309" oya="2" hai0="8,46,75,60,63,118,88,66,132,129,86,78,42" hai1="109,80,62,126,67,70,85,79,50,27,115,17,58" hai2="7,19,28,101,108,97,64,22,44,103,31,119,105" hai3="94,48,120,26,40,77,124,114,90,39,107,113,6"/><V10/><F119/><W121/><G107/><T130/><D118/><U117/><E115/><N who="3" m="44042" /><G39/><T135/><D75/><U82/><E109/><V106/><F108/><W32/><G124/><T128/><D78/><U116/><E126/><V37/><F64/><W15/><G77/><T122/><D8/><U61/><E50/><V18/><F103/><W91/><G91/><T112/><D122/><U4/><E4/><V72/><F106/><W57/><G6/><T9/><D9/><U87/><E17/><V20/><F72/><W92/><G15/><T131/><N who="0" m="32768" /><DORA hai="30" /><T56/><D63/><U95/><E95/><N who="3" m="36394" /><G90/><T12/><D12/><U84/><E27/><V123/><F123/><W69/><G69/><T33/><D33/><U21/><E21/><V14/><F20/><W43/><G43/><T2/><D2/><U125/><E125/><V3/><REACH who="2" step="1"/><F18/><REACH who="2" ten="340,211,130,309" step="2"/><W0/><G121/><T35/><D112/><U133/><E133/><V54/><F54/><W59/><G120/><T76/><D135/><U55/><REACH who="1" step="1"/><E85/><REACH who="1" ten="340,201,130,309" step="2"/><V71/><F71/><W41/><G40/><AGARI ba="0,2" hai="3,7,10,14,19,22,28,31,37,40,44,97,101,105" machi="40" ten="40,7700,0" yaku="1,1,53,2" doraHai="83,30" doraHaiUra="13,36" who="2" fromWho="3" sc="340,0,201,0,130,97,309,-77" /><INIT seed="2,1,0,5,0,0" ten="340,201,227,232" oya="2" hai0="36,6,46,30,32,120,106,33,7,91,27,31,25" hai1="65,64,123,20,5,90,72,92,110,85,82,97,87" hai2="68,55,128,66,40,29,12,42,74,4,17,122,95" hai3="77,63,71,101,67,52,35,34,58,99,44,102,119"/><V93/><F122/><W61/><G119/><T104/><D91/><U11/><E110/><V134/><F74/><W133/><G133/><T48/><D36/><U18/><E123/><V130/><F134/><W26/><G77/><T10/><D120/><U112/><E112/><V37/><F29/><W88/><G44/><T94/><D94/><N who="2" m="35850" /><F55/><W86/><G26/><T114/><D114/><U107/><E107/><V1/><F1/><W73/><G73/><T103/><D103/><U24/><E72/><V84/><F84/><W78/><G78/><T38/><D38/><U28/><E28/><V124/><F124/><W8/><G8/><T113/><D113/><U9/><E87/><V2/><F2/><W43/><G43/><T19/><D106/><U53/><E53/><V81/><F81/><W131/><G131/><N who="2" m="50217" /><F37/><W109/><G109/><T39/><D39/><U54/><E54/><V47/><F47/><W129/><G129/><T49/><D104/><U79/><REACH who="1" step="1"/><E11/><REACH who="1" ten="340,191,227,232" step="2"/><N who="2" m="4199" /><F17/><W76/><G76/><T21/><D19/><U89/><E89/><V70/><F66/><W14/><G86/><T126/><D31/><U83/><E83/><V132/><F132/><W96/><G88/><T41/><D30/><U80/><E80/><V59/><F40/><W125/><G52/><T57/><D41/><U98/><E98/><V111/><F42/><W100/><G99/><T51/><D10/><U121/><E121/><V22/><F111/><W127/><G96/><T15/><D46/><U16/><E16/><V50/><F22/><W3/><G67/><T108/><D21/><U13/><AGARI ba="1,1" hai="5,9,13,18,20,24,64,65,79,82,85,90,92,97" machi="13" ten="20,16000,3" yaku="1,1,5,1,0,1,7,1,8,1,52,1,53,2" doraHai="0" doraHaiUra="62" who="1" fromWho="1" sc="340,-41,191,173,227,-81,232,-41" /><INIT seed="3,0,0,0,4,135" ten="299,364,146,191" oya="3" hai0="103,22,85,78,19,57,55,123,112,20,125,66,36" hai1="109,104,24,92,126,4,110,28,48,99,107,88,30" hai2="129,5,26,42,54,21,0,121,13,3,38,105,83" hai3="79,34,118,84,117,115,95,75,52,108,37,73,111"/><W62/><G37/><T91/><D123/><U122/><E126/><V27/><F105/><N who="1" m="40521" /><E122/><V90/><F121/><W98/><G34/><T86/><D125/><U77/><E77/><V106/><F106/><W44/><G115/><T53/><D36/><U116/><E4/><V96/><F129/><W97/><G62/><N who="0" m="38223" /><D22/><U124/><E124/><V60/><F38/><W12/><G12/><T35/><D103/><U33/><E30/><V59/><F42/><W6/><G6/><T76/><D86/><U41/><E41/><V80/><F0/><W133/><G52/><N who="0" m="20043" /><D35/><U71/><E71/><V29/><F3/><W11/><G11/><T94/><D112/><U51/><E116/><N who="3" m="44650" /><G44/><T102/><D102/><U39/><E39/><V45/><F45/><W70/><G70/><T67/><D67/><U82/><E82/><V18/><F5/><W130/><G133/><T2/><D2/><U93/><E93/><V68/><F68/><W17/><G17/><T127/><D127/><U72/><E72/><N who="3" m="27722" /><G130/><T47/><D47/><U113/><E113/><V50/><F50/><W114/><G114/><T16/><D16/><U56/><E56/><V61/><F61/><W134/><G134/><T9/><D9/><U81/><E81/><V46/><F46/><W23/><G23/><T43/><D43/><U64/><E64/><V100/><F26/><AGARI ba="0,0" hai="19,20,26,76,78,85,91,94" m="20043,38223" machi="26" ten="30,2000,0" yaku="8,1,54,1" doraHai="135" who="0" fromWho="2" sc="299,20,364,0,146,-20,191,0" owari="319,11.9,364,46.4,126,-37.4,191,-20.9" /></mjloggm>