<mjloggm ver="2.3"><GO type="225" lobby="0"/><UN n0="%E6%9A%87%E4%BA%BA%EF%BC%A0%E9%85%8D%E4%BF%A1%E5%9E%A2" n1="%E7%AD%89%E3%80%85%E5%8A%9B%E5%8A%87%E5%A0%B4" n2="%E6%A1%9C%E8%8A%B1%E9%96%83%E3%80%85" n3="%E3%81%B2%E3%81%AA%E3%81%AE%E3%82%8A%E3%81%8F" dan="17,16,17,17" rate="2154.09,2145.64,2137.84,2160.59" sx="F,M,M,M"/><TAIKYOKU oya="0"/><INIT seed="0,0,0,3,1,27" ten="250,250,250,250" oya="0" hai0="117,84,82,113,79,34,15,9,54,91,105,63,120" hai1="131,33,0,50,101,7,21,20,49,38,19,67,76" hai2="40,45,130,89,55,25,133,119,74,43,65,127,78" hai3="35,109,51,30,28,72,17,108,5,88,61,68,39"/><T36/><D113/><U90/><E33/><V42/><F130/><W93/><G39/><T13/><D117/><U87/><E38/><V32/><F119/><W52/><G72/><T22/><D34/><U122/><E122/><V97/><F127/><W12/><G5/><T134/><D120/><U41/><E76/><V48/><F133/><W106/><G106/><T115/><D115/><U69/><E101/><V85/><F65/><W111/><G61/><T66/><D36/><U86/><E86/><V26/><F74/><W112/><G68/><T6/><D105/><U31/><E41/><V64/><F64/><W77/><G77/><T53/><D79/><U2/><E7/><V37/><F37/><W114/><G35/><T110/><D110/><U135/><E131/><V95/><REACH who="2" step="1"/><F32/><REACH who="2" ten="250,250,240,250" step="2"/><W1/><G114/><T24/><D134/><U29/><E67/><V104/><F104/><W3/><G112/><T100/><D100/><U60/><E135/><V126/><F126/><W8/><G3/><T94/><D94/><U71/><E0/><V107/><F107/><W23/><G1/><T81/><D81/><AGARI ba="0,1" hai="25,26,40,42,43,45,48,55,78,81,85,89,95,97" machi="81" ten="40,2600,0" yaku="1,1,8,1,53,0" doraHai="27" doraHaiUra="57" who="2" fromWho="0" sc="250,-26,250,0,240,36,250,0" /><INIT seed="1,0,0,4,2,23" ten="224,250,276,250" oya="1" hai0="108,122,38,134,74,5,111,52,11,8,102,93,25" hai1="60,124,69,72,68,113,104,86,98,77,66,99,114" hai2="12,62,34,83,130,87,26,101,37,22,84,79,116" hai3="57,135,51,27,39,78,15,90,54,44,16,112,9"/><U76/><E86/><V1/><F116/><W33/><G112/><T24/><D38/><U126/><E60/><V43/><F1/><W6/><G135/><T91/><D134/><U95/><E95/><V128/><F101/><W4/><G78/><T80/><D122/><U133/><E66/><V82/><F34/><W115/><G115/><T73/><D102/><U2/><E2/><V123/><F12/><W19/><G90/><T67/><D67/><U81/><E81/><V100/><F100/><W121/><G121/><T29/><D52/><U63/><E63/><V31/><F62/><W88/><G88/><T96/><D29/><U49/><E49/><V103/><F103/><W56/><G56/><T3/><D11/><U30/><E30/><V47/><REACH who="2" step="1"/><F123/><REACH who="2" ten="224,250,266,250" step="2"/><W18/><G33/><T110/><REACH who="0" step="1"/><D73/><REACH who="0" ten="214,250,266,250" step="2"/><U17/><E72/><V53/><F53/><W94/><G54/><T7/><D7/><U64/><E64/><V36/><F36/><W120/><G4/><T45/><D45/><U117/><E133/><V59/><F59/><W61/><G39/><T35/><D35/><U58/><E58/><V50/><F50/><W40/><G120/><T92/><D92/><U42/><E114/><V127/><F127/><W28/><G94/><T48/><D48/><U65/><E113/><V105/><F105/><W21/><G57/><T125/><D125/><U107/><E65/><V89/><AGARI ba="0,2" hai="22,26,31,37,43,47,79,82,83,84,87,89,128,130" machi="89" ten="30,7900,0" yaku="1,1,0,1,52,1,53,1" doraHai="23" doraHaiUra="41" who="2" fromWho="2" sc="214,-20,250,-39,266,99,250,-20" /><INIT seed="2,0,0,3,2,39" ten="194,211,365,230" oya="2" hai0="45,61,120,100,104,44,2,103,86,14,46,110,8" hai1="79,51,123,20,71,124,18,69,12,88,67,83,63" hai2="11,84,22,26,35,105,32,99,90,111,23,28,37" hai3="41,118,9,75,134,108,121,65,48,17,106,72,68"/><V7/><F37/><W60/><G118/><T58/><D120/><U29/><E124/><V91/><F111/><W112/><G106/><T122/><D110/><U27/><E123/><V36/><F36/><W57/><G121/><T64/><D122/><U21/><E51/><V73/><F73/><W92/><G108/><T42/><D2/><U40/><E40/><V59/><F59/><W114/><G134/><T70/><D70/><U74/><E88/><V135/><F135/><W87/><G87/><T131/><D131/><U50/><E50/><V66/><F66/><W93/><G93/><T62/><D62/><U132/><E132/><V24/><F91/><W126/><G92/><T133/><D133/><U6/><E6/><V76/><F76/><W15/><G126/><T55/><D64/><U78/><E78/><V117/><F117/><W54/><REACH who="3" step="1"/><G41/><REACH who="3" ten="194,211,365,220" step="2"/><T30/><D42/><U31/><E71/><V96/><F105/><W101/><G101/><N who="0" m="38987" /><D104/><U43/><E43/><V89/><F84/><W0/><G0/><T80/><D30/><AGARI ba="0,1" hai="12,18,20,21,27,29,30,31,63,67,69,74,79,83" machi="30" ten="30,1000,0" yaku="7,1" doraHai="39" who="1" fromWho="0" sc="194,-10,211,20,365,0,220,0" /><INIT seed="3,0,0,3,4,114" ten="184,231,365,220" oya="3" hai0="105,46,23,110,64,99,131,67,75,29,112,6,104" hai1="37,10,123,22,15,11,97,53,124,111,68,122,100" hai2="21,70,20,78,4,81,80,27,84,55,125,60,127" hai3="51,9,86,25,45,72,82,49,58,30,19,130,66"/><W135/><G72/><T61/><D112/><U101/><E111/><V42/><F42/><W50/><G135/><T126/><D110/><U34/><E34/><V74/><F4/><W134/><G134/><T1/><D126/><N who="2" m="48138" /><F27/><W77/><G130/><T59/><D131/><U13/><E124/><V39/><F39/><W71/><G71/><T93/><D75/><U108/><E108/><V38/><F38/><W76/><G76/><T95/><D67/><U8/><E37/><V116/><F116/><W102/><G102/><T18/><D46/><U0/><E0/><V69/><F55/><W119/><G119/><T121/><D121/><U62/><E101/><V92/><F92/><W7/><G19/><T109/><D109/><U94/><E22/><N who="2" m="8811" /><F60/><W107/><G107/><T35/><D35/><U117/><E53/><V88/><AGARI ba="0,0" hai="69,70,74,78,80,81,84,88" m="8811,48138" machi="88" ten="30,2000,0" yaku="18,1,54,1" doraHai="114" who="2" fromWho="2" sc="184,-5,231,-5,365,20,220,-10" owari="179,-32.1,226,2.6,385,48.5,210,-19.0" /></mjloggm>