<mjloggm ver="2.3"><GO type="225" lobby="0"/><UN n0="%44%2E%65%61%67%6C%65" n1="%E3%81%A4%E3%81%A3%E3%81%B1%E3%82%8A%E3%83%9D%E3%83%BC%E3%83%AB" n2="%E3%81%AF%E3%82%88%E3%81%8A%E3%81%98%E3%81%95%E3%82%93" n3="%E3%81%A9%E3%82%93%E3%82%88%E3%81%8F%4D%6B%2E%32" dan="17,16,17,16" rate="2127.39,2167.56,2203.84,2154.87" sx="M,M,M,M"/><TAIKYOKU oya="0"/><INIT seed="0,0,0,5,0,129" ten="250,250,250,250" oya="0" hai0="127,12,37,55,85,64,25,94,68,43,27,93,44" hai1="19,18,51,101,128,135,107,109,111,87,118,42,65" hai2="100,108,30,92,20,31,102,32,84,83,49,120,75" hai3="50,60,88,28,112,96,114,22,130,8,14,98,86"/><T121/><D121/><U126/><E118/><V124/><F120/><W73/><G73/><T21/><D127/><U71/><E126/><V104/><F124/><W78/><G78/><T0/><D0/><U99/><E128/><V106/><F32/><W4/><G130/><T3/><D3/><U58/><E71/><V95/><F49/><W72/><G72/><T9/><D85/><U74/><E74/><V11/><F11/><W13/><G112/><T91/><D27/><U35/><E35/><V48/><F48/><W89/><G114/><T40/><D40/><U116/><E87/><V36/><F20/><W59/><G50/><T81/><D55/><U34/><E34/><V6/><F6/><W122/><G122/><T119/><D81/><U62/><E116/><V105/><F36/><W17/><G28/><T46/><D46/><N who="1" m="26071" /><E135/><V76/><F108/><AGARI ba="0,0" hai="18,19,58,62,65,99,101,107,108,109,111" m="26071" machi="108" ten="30,1000,0" yaku="14,1" doraHai="129" who="1" fromWho="2" sc="250,0,250,10,250,-10,250,0" /><INIT seed="1,0,0,0,2,5" ten="250,260,240,250" oya="1" hai0="12,64,17,34,73,111,57,126,103,50,131,56,115" hai1="112,71,52,114,96,135,121,38,134,15,41,32,49" hai2="120,129,48,110,8,2,4,61,30,24,117,104,3" hai3="93,133,36,92,79,51,82,74,76,14,16,29,1"/><U21/><E32/><V28/><F104/><W31/><G1/><T65/><D115/><U25/><E71/><V46/><F120/><W9/><G36/><T66/><D34/><U58/><E121/><V102/><F117/><W20/><G133/><N who="1" m="50698" /><E96/><V80/><F102/><W22/><G76/><T69/><D73/><U26/><E15/><V7/><F110/><W77/><G77/><T63/><D111/><U67/><E67/><V27/><F129/><W99/><G92/><T116/><D131/><U84/><E84/><V35/><F80/><W132/><G132/><T44/><D116/><U55/><E55/><V47/><F61/><W53/><G29/><T37/><D103/><U87/><E87/><V43/><F46/><W72/><G31/><T89/><D89/><U105/><E105/><V113/><F113/><N who="1" m="43625" /><E21/><V23/><F4/><W13/><G13/><AGARI ba="0,0" hai="2,3,7,8,13,23,24,27,28,30,35,43,47,48" machi="13" ten="30,2000,0" yaku="7,1,52,1" doraHai="5" who="2" fromWho="3" sc="250,0,260,0,240,20,250,-20" /><INIT seed="2,0,0,4,5,4" ten="250,260,260,230" oya="2" hai0="18,88,52,22,56,34,37,54,42,63,17,123,59" hai1="135,99,15,31,33,40,43,96,19,129,62,121,120" hai2="38,100,35,49,26,103,132,111,29,124,8,27,44" hai3="30,2,6,125,122,118,46,127,32,126,74,45,81"/><V93/><F38/><W28/><G118/><T131/><D123/><N who="1" m="47179" /><E135/><V80/><F132/><W98/><G122/><T107/><D34/><U97/><E129/><V24/><F124/><W25/><G30/><T77/><D131/><U23/><E62/><V134/><F134/><W7/><G98/><T51/><D107/><U76/><E76/><V87/><F111/><W104/><G104/><T64/><D77/><U102/><E102/><V78/><F35/><W58/><G58/><T67/><D18/><U73/><E73/><V5/><F93/><W95/><G95/><T39/><D39/><U90/><E90/><V84/><F87/><W112/><G112/><T94/><D42/><U110/><E110/><V0/><REACH who="2" step="1"/><F29/><REACH who="2" ten="250,260,250,230" step="2"/><W72/><G72/><T114/><D37/><U133/><E133/><V92/><F92/><W130/><G130/><T48/><D114/><U20/><E33/><V1/><F1/><W117/><G2/><T70/><D70/><U86/><E86/><V53/><AGARI ba="0,1" hai="0,5,8,24,26,27,44,49,53,78,80,84,100,103" machi="53" ten="30,6000,0" yaku="1,1,0,1,52,1,53,0" doraHai="4" doraHaiUra="89" who="2" fromWho="2" sc="250,-20,260,-20,250,70,230,-20" /><INIT seed="2,1,0,0,1,32" ten="230,240,320,210" oya="2" hai0="85,94,110,78,40,79,28,41,132,19,35,91,53" hai1="33,89,103,83,59,87,65,106,26,18,2,11,125" hai2="86,58,114,95,100,73,66,75,31,71,0,46,117" hai3="9,38,90,45,92,128,68,64,120,130,25,112,135"/><V15/><F0/><W37/><G120/><T44/><D110/><U101/><E125/><V93/><F71/><W3/><G112/><T5/><D132/><U55/><E106/><V42/><F117/><W21/><G135/><T63/><D19/><U98/><E65/><V30/><F114/><W48/><G64/><T124/><D124/><U13/><E2/><V24/><F15/><W17/><G68/><T60/><D41/><U121/><E121/><V52/><F66/><W36/><G9/><T29/><D63/><U8/><E8/><V10/><F10/><W88/><G3/><T82/><D79/><U16/><E98/><V23/><F30/><W80/><G80/><T12/><D12/><U126/><E126/><V118/><F118/><W77/><G77/><T116/><D116/><U6/><E33/><V70/><F70/><W1/><G1/><T97/><D5/><U108/><E108/><V43/><F75/><W123/><G123/><T109/><D109/><U61/><REACH who="1" step="1"/><E26/><REACH who="1" ten="230,230,320,210" step="2"/><V47/><F24/><W111/><G111/><T54/><D35/><U81/><E81/><V76/><F93/><W131/><REACH who="3" step="1"/><G92/><REACH who="3" ten="230,230,320,200" step="2"/><T49/><D60/><U51/><E51/><V127/><F127/><W62/><G62/><T56/><D94/><U27/><E27/><V113/><F95/><W20/><G20/><T105/><D82/><U99/><E99/><V22/><F22/><W4/><G4/><T122/><D97/><U119/><E119/><V102/><F113/><W129/><N who="3" m="32768" /><DORA hai="96" /><W57/><G57/><T107/><D56/><U67/><E67/><V39/><F58/><RYUUKYOKU ba="1,2" sc="230,-15,230,15,320,-15,200,15" hai1="6,11,13,16,18,55,59,61,83,87,89,101,103" hai3="17,21,25,36,37,38,45,48,88,90" /><INIT seed="3,2,2,4,3,84" ten="215,245,305,215" oya="3" hai0="107,99,3,120,93,28,12,66,79,69,134,122,86" hai1="91,89,124,2,45,109,55,60,46,47,26,114,96" hai2="25,105,70,118,76,135,95,123,21,39,92,40,9" hai3="1,13,133,53,64,113,65,54,119,32,61,104,27"/><W72/><G119/><T18/><D3/><U11/><E114/><V81/><F105/><W30/><G113/><T80/><D28/><U56/><E109/><V94/><F70/><W36/><G36/><T43/><D107/><U128/><E128/><V44/><F118/><W130/><G1/><T98/><D98/><U24/><E124/><V38/><F135/><W100/><G72/><T103/><D134/><U0/><E0/><V67/><F67/><W63/><G133/><T106/><D43/><U117/><E117/><V49/><F9/><W115/><G115/><T10/><D69/><U6/><REACH who="1" step="1"/><E96/><REACH who="1" ten="215,235,305,215" step="2"/><V58/><F123/><W57/><G130/><T129/><D129/><U101/><E101/><V17/><F58/><W48/><G100/><T78/><D106/><U37/><E37/><V23/><F21/><W35/><G104/><T111/><D111/><U34/><E34/><V112/><F112/><W16/><G35/><T82/><REACH who="0" step="1"/><D66/><REACH who="0" ten="205,235,305,215" step="2"/><U126/><E126/><V97/><F97/><W33/><G33/><T31/><D31/><U68/><E68/><V14/><F38/><W4/><G4/><T77/><D77/><U90/><AGARI ba="2,4" hai="2,6,11,24,26,45,46,47,55,56,60,89,90,91" machi="90" ten="30,8000,1" yaku="1,1,0,1,52,3,53,0" doraHai="84" doraHaiUra="131" who="1" fromWho="1" sc="205,-22,235,126,305,-22,215,-42" owari="183,-21.7,361,46.1,283,8.3,173,-32.7" /></mjloggm>