<mjloggm ver="2.3"><GO type="225" lobby="0"/><UN n0="%E7%8D%A3%E8%87%AD%E3%81%84%E8%82%89%E7%90%83" n1="%E6%9D%B1%E9%A2%A8%E3%81%AE%E3%81%8D%E3%82%83%E3%81%B7%E3%81%95%E3%82%93" n2="%E5%B0%8F%E5%AE%AE%E3%81%9F%E3%81%9A%E3%81%8D" n3="%77%72%77%72%77%72%77%72" dan="16,16,16,17" rate="2111.17,2118.85,2155.01,2170.07" sx="M,M,F,M"/><TAIKYOKU oya="0"/><INIT seed="0,0,0,1,5,31" ten="250,250,250,250" oya="0" hai0="2,4,12,80,51,88,101,26,44,74,98,34,68" hai1="8,115,7,100,81,22,118,110,122,66,9,36,103" hai2="92,1,32,35,127,132,129,63,62,50,64,107,67" hai3="82,16,91,104,27,55,3,20,135,106,97,108,117"/><T45/><D68/><U19/><E36/><V77/><F107/><W41/><G117/><T126/><D2/><U124/><E118/><V43/><F1/><W128/><G3/><T109/><D109/><U24/><E122/><V54/><F43/><W125/><G108/><T116/><D116/><U123/><E110/><V25/><F77/><W18/><G128/><T21/><D126/><U114/><E123/><V11/><F11/><W30/><G125/><T75/><D34/><U38/><E38/><V39/><F39/><W95/><G135/><T71/><D71/><U111/><E111/><V69/><F127/><W6/><G6/><T47/><D51/><U17/><E66/><V99/><F25/><W120/><G120/><T61/><D61/><U90/><E124/><V134/><F129/><W52/><G41/><T28/><D12/><N who="1" m="7303" /><E90/><N who="2" m="55703" /><F63/><W130/><G130/><T121/><D4/><U86/><E86/><V29/><F29/><W14/><G18/><T60/><D60/><U93/><E81/><V131/><F131/><W5/><G5/><T72/><D121/><U33/><E93/><V40/><F40/><W73/><G73/><T48/><D48/><U105/><E105/><V49/><F49/><W57/><G82/><T56/><D80/><U42/><E42/><V58/><F67/><W89/><G89/><T87/><D87/><U102/><E33/><V113/><F113/><N who="1" m="43017" /><E7/><V78/><F78/><W83/><G83/><T10/><D88/><U0/><E0/><V112/><F112/><W53/><G57/><T119/><D119/><U96/><E9/><V37/><F37/><RYUUKYOKU ba="0,0" sc="250,-30,250,10,250,10,250,10" hai1="19,22,24,96,100,102,103" hai2="32,35,50,54,58,62,64,69,132,134" hai3="14,16,20,27,30,52,53,55,91,95,97,104,106" /><INIT seed="1,1,0,5,4,2" ten="220,260,260,260" oya="1" hai0="63,17,3,67,36,37,103,15,88,116,91,58,56" hai1="106,40,61,112,39,42,129,64,121,83,25,134,69" hai2="81,47,70,0,24,128,135,62,22,114,65,110,75" hai3="115,95,98,102,122,12,133,43,44,45,107,19,78"/><U120/><E83/><V126/><F110/><W118/><G115/><T7/><D116/><U130/><E106/><V20/><F114/><W34/><G122/><N who="1" m="47210" /><E112/><V50/><F126/><W111/><G111/><T41/><D103/><U8/><E25/><V21/><F128/><N who="1" m="49257" /><E8/><V35/><F135/><W101/><G34/><T105/><D105/><U6/><E6/><V73/><F0/><W57/><G133/><T49/><D3/><U99/><E99/><V5/><F5/><W54/><G118/><T32/><D32/><U18/><E18/><V82/><F82/><W108/><G108/><T4/><D36/><U125/><E134/><V87/><F35/><W68/><G68/><T26/><D26/><U77/><E77/><V113/><F113/><W92/><G78/><T109/><D37/><U9/><E9/><V131/><F131/><W79/><G79/><T13/><D109/><U11/><E11/><V55/><REACH who="2" step="1"/><F24/><REACH who="2" ten="220,260,250,260" step="2"/><W31/><G107/><T74/><D7/><U96/><E125/><V132/><F132/><W33/><G33/><T66/><D4/><U72/><E72/><V85/><F85/><W84/><G84/><T59/><D74/><U86/><E86/><V14/><F14/><W93/><G12/><T100/><D13/><U90/><E39/><V71/><F71/><W51/><G98/><T89/><D15/><U10/><E10/><V124/><F124/><W94/><G94/><AGARI ba="1,1" hai="40,42,61,64,69,90,94,96" m="49257,47210" machi="94" ten="30,1500,0" yaku="19,1" doraHai="2" who="1" fromWho="3" sc="220,0,260,28,250,0,260,-18" /><INIT seed="1,2,0,3,3,49" ten="220,288,250,242" oya="1" hai0="131,125,4,94,38,110,48,107,26,8,135,14,23" hai1="76,130,16,95,104,68,132,32,47,99,11,59,6" hai2="100,69,51,126,5,120,112,96,22,134,52,115,72" hai3="80,118,108,117,34,12,67,105,21,71,1,25,98"/><U74/><E68/><V29/><F120/><W33/><G1/><T20/><D107/><U58/><E32/><V79/><F69/><W60/><G12/><T13/><D38/><U0/><E104/><V41/><F5/><W122/><G122/><T93/><D110/><U102/><E132/><V7/><F7/><W61/><G108/><T92/><D135/><U37/><E130/><V53/><F134/><W66/><G80/><T101/><D125/><U64/><E64/><V45/><F126/><W24/><G105/><T10/><D131/><U97/><E97/><V44/><F79/><W123/><G123/><T28/><D101/><U127/><E16/><V55/><F72/><W82/><G82/><T56/><D23/><U84/><E84/><V17/><F44/><W106/><G106/><T75/><D75/><U43/><E127/><V63/><F63/><W83/><G83/><AGARI ba="2,0" hai="0,6,11,37,43,47,58,59,74,76,83,95,99,102" machi="83" ten="40,3900,0" yaku="25,2" doraHai="49" who="1" fromWho="3" sc="220,0,288,45,250,0,242,-45" /><INIT seed="1,3,0,1,3,27" ten="220,333,250,197" oya="1" hai0="113,110,29,8,88,26,25,102,90,121,73,95,44" hai1="117,92,111,81,114,109,31,57,37,0,106,1,91" hai2="132,35,55,30,112,28,72,96,93,20,130,124,48" hai3="134,70,135,33,103,131,34,120,98,84,22,12,5"/><U87/><E106/><V116/><F116/><W43/><G120/><T104/><D113/><U17/><E37/><V50/><F35/><W9/><G70/><T101/><D121/><U16/><E117/><V123/><F123/><W79/><G43/><T41/><D110/><N who="1" m="41995" /><E114/><V126/><F72/><W67/><G67/><T127/><D127/><N who="2" m="48682" /><F112/><W6/><G131/><T129/><D129/><U118/><E118/><V15/><F130/><W42/><G42/><T61/><D73/><U128/><E128/><V46/><F50/><W119/><G119/><T53/><D104/><U82/><E57/><V78/><F78/><W14/><G84/><T64/><D53/><U97/><E31/><N who="2" m="11819" /><F132/><N who="3" m="50731" /><G79/><T62/><D29/><U2/><E81/><V115/><F115/><W40/><G40/><T65/><D41/><U125/><E125/><V60/><F60/><W100/><G33/><T76/><D62/><U45/><E45/><V83/><F83/><W10/><G34/><T77/><D61/><U21/><E21/><V54/><F54/><W74/><G22/><T38/><D44/><U23/><E23/><V58/><F46/><W13/><G74/><T105/><D105/><U47/><E47/><V4/><F20/><W68/><G68/><T11/><D38/><U63/><E63/><V19/><F19/><W18/><G18/><T56/><D56/><U99/><E17/><V39/><F39/><W7/><G7/><T3/><D95/><N who="1" m="56575" /><E16/><V51/><F51/><W71/><G71/><T49/><D49/><U36/><E36/><V94/><F96/><W85/><G5/><T89/><D65/><RYUUKYOKU ba="3,0" sc="220,-10,333,-10,250,30,197,-10" hai2="4,15,48,55,58,93,94" /><INIT seed="2,4,0,0,1,66" ten="210,323,280,187" oya="2" hai0="49,78,20,86,112,46,129,10,134,88,103,53,69" hai1="91,70,4,52,123,24,89,23,71,42,77,27,122" hai2="131,45,35,36,101,115,44,1,29,60,80,6,84" hai3="85,102,47,135,72,118,119,15,79,54,83,56,22"/><V87/><F115/><W128/><G128/><T75/><D112/><U92/><E77/><V9/><F131/><W26/><G135/><T58/><D129/><U50/><E42/><V59/><F101/><W125/><G125/><T121/><D121/><N who="1" m="46091" /><E4/><V11/><F87/><W18/><G102/><T120/><D120/><U106/><E106/><V61/><F61/><W31/><G47/><T105/><D134/><U100/><E100/><V130/><F130/><W17/><G72/><T7/><D69/><N who="1" m="26123" /><E92/><V96/><F96/><W39/><G39/><T0/><D75/><U97/><E97/><V55/><F36/><W38/><G38/><T124/><D124/><U114/><E114/><V99/><F99/><W76/><G76/><T12/><D78/><U104/><E104/><V113/><F113/><W25/><G25/><N who="1" m="9802" /><E23/><V65/><F84/><W32/><REACH who="3" step="1"/><G18/><REACH who="3" ten="210,323,280,177" step="2"/><T111/><D103/><U16/><E16/><V74/><F74/><W37/><G37/><T90/><D105/><U133/><E133/><V57/><F6/><W14/><G14/><T82/><D12/><U98/><E98/><V116/><F1/><W33/><G33/><T132/><D132/><U62/><E91/><V109/><F35/><W2/><G2/><T19/><D90/><U95/><E89/><V107/><F107/><W94/><G94/><T28/><D46/><U68/><E95/><V67/><F45/><W108/><G108/><T126/><D111/><U13/><E13/><V64/><F44/><W5/><G5/><T43/><D126/><U48/><E48/><AGARI ba="4,1" hai="15,17,22,26,31,32,48,54,56,79,83,85,118,119" machi="48" ten="30,2000,0" yaku="1,1,7,1,53,0" doraHai="66" doraHaiUra="127" who="3" fromWho="1" sc="210,0,323,-32,280,0,177,42" /><INIT seed="3,0,0,0,0,36" ten="210,291,280,219" oya="3" hai0="133,54,85,96,84,7,126,10,115,58,79,134,94" hai1="56,59,22,130,33,46,78,29,112,102,4,11,27" hai2="66,98,57,17,82,122,135,97,113,1,72,87,15" hai3="125,18,118,100,89,70,20,80,109,74,12,95,6"/><W25/><G118/><T77/><D126/><U37/><E112/><V128/><F113/><W63/><G125/><T50/><D115/><U44/><E102/><V81/><F1/><W28/><G109/><T5/><D85/><U92/><E130/><V35/><F35/><W48/><G48/><T53/><D53/><U111/><E111/><V49/><F128/><W71/><G6/><T67/><D67/><U55/><E33/><V131/><F131/><W43/><G43/><T110/><D110/><U119/><E119/><V34/><F34/><W117/><G117/><T14/><D5/><U101/><E78/><V120/><F81/><W76/><G63/><T65/><D65/><U60/><E37/><V3/><F72/><W69/><G100/><N who="0" m="60439" /><D84/><U21/><E59/><V123/><F3/><W62/><G62/><T13/><D14/><N who="1" m="5479" /><E21/><N who="2" m="11455" /><F135/><AGARI ba="0,0" hai="7,10,13,50,54,58,77,79,133,134,135" m="60439" machi="135" ten="30,1000,0" yaku="20,1" doraHai="36" who="0" fromWho="2" sc="210,10,291,0,280,-10,219,0" /><INIT seed="4,0,0,5,3,12" ten="220,291,270,219" oya="0" hai0="119,36,35,20,10,28,42,48,116,25,104,84,80" hai1="30,66,115,91,6,64,40,85,65,38,135,124,61" hai2="51,1,56,132,68,5,79,105,123,110,83,106,125" hai3="50,126,7,129,117,103,101,54,47,97,0,89,52"/><T63/><D104/><U53/><E30/><V113/><F68/><W19/><G117/><T72/><D72/><U131/><E6/><V107/><F123/><W58/><G129/><T76/><D36/><U98/><E98/><V2/><F110/><W46/><G126/><T16/><D10/><U27/><E27/><V14/><F125/><W17/><G0/><T15/><REACH who="0" step="1"/><D63/><REACH who="0" ten="210,291,270,219" step="2"/><U41/><E124/><V13/><F107/><W122/><G122/><T96/><D96/><U102/><E38/><V95/><F106/><W4/><G97/><T75/><D75/><U112/><E131/><V9/><F105/><W81/><G4/><T8/><D8/><U60/><E60/><V86/><F9/><W130/><G7/><T73/><D73/><U45/><E61/><V92/><F5/><W26/><G130/><T77/><D77/><U44/><E115/><V118/><F113/><W3/><G3/><T128/><D128/><U55/><E112/><V39/><F39/><W67/><G89/><T100/><D100/><U62/><E102/><V29/><F1/><W99/><G99/><T24/><D24/><U59/><E135/><V88/><F132/><W11/><G26/><T43/><D43/><N who="1" m="16459" /><E53/><V31/><F2/><W57/><G11/><T111/><D111/><U32/><E32/><V70/><F79/><W34/><G34/><T134/><D134/><U74/><E74/><V127/><F127/><W114/><G114/><T78/><D78/><U120/><E120/><V93/><F88/><W121/><G121/><T21/><D21/><U22/><E22/><V108/><F108/><RYUUKYOKU ba="0,1" sc="210,15,291,15,270,-15,219,-15" hai0="15,16,20,25,28,35,42,48,76,80,84,116,119" hai1="44,45,55,59,62,64,65,66,85,91" /><INIT seed="4,1,1,1,0,116" ten="225,306,255,204" oya="0" hai0="58,102,10,129,5,92,15,35,27,84,39,12,95" hai1="53,89,98,71,60,17,124,43,118,85,55,111,7" hai2="100,23,13,41,82,65,32,47,122,93,20,125,14" hai3="38,86,70,81,79,56,44,96,33,36,113,30,119"/><T99/><D129/><U97/><E43/><V6/><F32/><W105/><G119/><T52/><D39/><U3/><E3/><V2/><F122/><W34/><G70/><T61/><D35/><U31/><E7/><V134/><F2/><W126/><G113/><T76/><D27/><U28/><E124/><V68/><F68/><W63/><G126/><T120/><D120/><U16/><E111/><V78/><F65/><W115/><G115/><T66/><D15/><U106/><E106/><V22/><F125/><W45/><G34/><T24/><D24/><U107/><E107/><V135/><F93/><W8/><G8/><T11/><D10/><U21/><E71/><V117/><F100/><W54/><G30/><N who="1" m="11306" /><E118/><V62/><F62/><W67/><G33/><T51/><D95/><N who="1" m="54703" /><E17/><V132/><F6/><W9/><G9/><T123/><D123/><U112/><E112/><V90/><F90/><W57/><G36/><T121/><D121/><U0/><E0/><V131/><F131/><W18/><G38/><T72/><D72/><U110/><E110/><V109/><F109/><W4/><G4/><T59/><D84/><U94/><E60/><V104/><F104/><W80/><G18/><T128/><D128/><U83/><E83/><V103/><F103/><N who="3" m="62695" /><G80/><T19/><D5/><U87/><E87/><N who="2" m="48599" /><F117/><W114/><G114/><T50/><D50/><AGARI ba="1,1" hai="13,14,20,22,23,41,47,50,132,134,135" m="48599" machi="50" ten="40,1300,0" yaku="20,1" doraHai="116" who="2" fromWho="0" sc="225,-16,306,0,255,26,204,0" owari="209,-19.1,306,40.6,281,8.1,204,-29.6" /></mjloggm>