<mjloggm ver="2.3"><GO type="225" lobby="0"/><UN n0="%E9%98%BF%E9%83%A8%E5%AF%9B%EF%BC%A0%E9%B3%B3%E5%8D%93" n1="%E4%BF%BA%E3%81%A8%E5%A6%96%E5%A4%A2" n2="%E3%81%8C%E3%81%9F" n3="%E3%82%B2%E3%82%B9%E8%8C%82%E5%8B%9D" dan="16,17,17,16" rate="2124.08,2252.01,2174.69,2055.40" sx="F,F,F,F"/><TAIKYOKU oya="0"/><INIT seed="0,0,0,1,4,16" ten="250,250,250,250" oya="0" hai0="0,55,89,31,87,25,27,71,20,18,40,133,127" hai1="8,77,99,65,105,126,12,29,100,102,26,36,112" hai2="101,75,119,131,33,110,63,39,35,42,90,93,22" hai3="7,52,91,117,130,125,76,47,57,83,56,103,85"/><T34/><D127/><U78/><E126/><V95/><F75/><W19/><G125/><T54/><D133/><U68/><E112/><V120/><F120/><W9/><G130/><T72/><D71/><U6/><E36/><V37/><F131/><W41/><G19/><T115/><D115/><U3/><E102/><V108/><F119/><W128/><G128/><T132/><D132/><U38/><E38/><V124/><F124/><W45/><G103/><T62/><D0/><U50/><E50/><V104/><F104/><W67/><G117/><T82/><D40/><U134/><E12/><V106/><F106/><W81/><G67/><T53/><REACH who="0" step="1"/><D72/><REACH who="0" ten="240,250,250,250" step="2"/><U96/><E134/><V11/><F42/><W97/><G41/><T66/><D66/><U1/><E1/><V69/><F69/><W92/><G57/><AGARI ba="0,1" hai="18,20,25,27,31,34,53,54,55,57,62,82,87,89" machi="57" ten="40,3900,0" yaku="1,1,52,1,53,0" doraHai="16" doraHaiUra="123" who="0" fromWho="3" sc="240,49,250,0,250,0,250,-39" /><INIT seed="0,1,0,5,5,125" ten="289,250,250,211" oya="0" hai0="32,81,29,131,64,5,110,7,51,86,107,122,106" hai1="83,85,23,74,13,8,30,67,17,118,31,95,100" hai2="44,135,88,3,41,111,38,57,63,26,92,73,58" hai3="105,123,99,94,25,126,28,116,119,45,37,35,52"/><T124/><D122/><U22/><E118/><V27/><F3/><W36/><G105/><T112/><D112/><U103/><E74/><V18/><F73/><W134/><G126/><T16/><D124/><U79/><E67/><V71/><F111/><W21/><G134/><T4/><D110/><U76/><E76/><V47/><F135/><W56/><G123/><T14/><D64/><U87/><E87/><V20/><F71/><W59/><G59/><T46/><D29/><N who="1" m="10763" /><E95/><V102/><F102/><AGARI ba="1,0" hai="8,13,17,22,23,79,83,85,100,102,103" m="10763" machi="102" ten="30,1000,0" yaku="8,1" doraHai="125" who="1" fromWho="2" sc="289,0,250,13,250,-13,211,0" /><INIT seed="1,0,0,1,3,8" ten="289,263,237,211" oya="1" hai0="80,109,63,115,87,65,105,97,49,20,19,32,119" hai1="75,33,66,116,125,70,47,34,46,78,55,58,12" hai2="128,91,81,135,108,6,127,24,82,5,57,51,52" hai3="3,126,92,43,129,71,36,86,107,113,117,100,62"/><U69/><E116/><V50/><F108/><W101/><G113/><T9/><D115/><U106/><E106/><V17/><F128/><W41/><G3/><T98/><D119/><U67/><E78/><V39/><F39/><W85/><G117/><T99/><D32/><U21/><E75/><V84/><F127/><W74/><G74/><T30/><D109/><U45/><E34/><V77/><F135/><W112/><G126/><T90/><D105/><U28/><E33/><V88/><F51/><W124/><G124/><T29/><D49/><U64/><E125/><V14/><F24/><W27/><G107/><T1/><D9/><U72/><E72/><V11/><F91/><W123/><G129/><T44/><D44/><U118/><E118/><V102/><F102/><W79/><G123/><T10/><D10/><U73/><E73/><AGARI ba="0,0" hai="5,6,11,14,17,50,52,57,73,77,81,82,84,88" machi="73" ten="30,7700,0" yaku="7,1,52,1,54,2" doraHai="8" who="2" fromWho="1" sc="289,0,263,-77,237,77,211,0" /><INIT seed="2,0,0,1,5,14" ten="289,186,314,211" oya="2" hai0="21,128,52,7,42,30,9,95,129,116,37,57,72" hai1="44,110,83,61,84,91,3,34,67,29,105,17,96" hai2="0,99,20,65,55,36,6,63,70,119,135,82,101" hai3="74,86,124,28,13,121,11,111,5,77,45,76,133"/><V113/><F113/><W69/><G121/><T103/><D72/><U134/><E110/><V108/><F119/><W68/><G111/><T78/><D78/><U123/><E123/><V80/><F108/><W43/><G124/><T40/><D116/><U46/><E3/><V88/><F36/><W54/><G54/><T107/><D107/><U23/><E29/><V90/><F135/><W81/><G133/><T122/><D122/><U25/><E34/><V38/><F38/><W131/><G131/><N who="0" m="50251" /><D37/><U26/><E26/><V89/><F0/><W18/><G28/><T102/><D30/><U132/><E132/><V59/><F20/><W87/><G5/><T64/><D64/><U109/><E109/><V85/><F82/><W118/><G118/><T33/><D33/><U12/><E25/><V79/><F6/><W10/><G11/><T50/><D21/><U15/><E15/><V31/><F31/><W16/><G18/><T126/><D126/><U4/><E4/><V2/><F2/><W32/><G32/><T92/><D9/><U39/><E39/><V106/><REACH who="2" step="1"/><F79/><REACH who="2" ten="289,186,304,211" step="2"/><W24/><G76/><T115/><D7/><U97/><E134/><V114/><F114/><W1/><G1/><T48/><D115/><U112/><E112/><V104/><F104/><W58/><G77/><T75/><D75/><U49/><E105/><V71/><F71/><W41/><G74/><T73/><D73/><U130/><E130/><V94/><F94/><W93/><G68/><T120/><D120/><U8/><E23/><V125/><F125/><W35/><G69/><T56/><D92/><RYUUKYOKU ba="0,1" sc="289,-10,186,-10,304,30,211,-10" hai2="55,59,63,65,70,80,85,88,89,90,99,101,106" /><INIT seed="2,1,1,1,5,85" ten="279,176,334,201" oya="2" hai0="108,65,67,120,17,87,86,94,114,131,132,34,60" hai1="22,79,50,71,12,130,56,51,68,97,127,64,105" hai2="27,2,14,90,32,101,57,106,118,63,24,102,96" hai3="135,48,25,4,92,110,88,103,80,78,129,91,8"/><V43/><F118/><W121/><G121/><T7/><D120/><U100/><E130/><V26/><F2/><W15/><G129/><T125/><D131/><U123/><E123/><V45/><F32/><W99/><G110/><T77/><D114/><U5/><E127/><V62/><F14/><W37/><G37/><T18/><D34/><U116/><E116/><V83/><F102/><W55/><G25/><T49/><D108/><U6/><E6/><V133/><F133/><W82/><G135/><T16/><D125/><U41/><E79/><V35/><F35/><W20/><G20/><T29/><D29/><U9/><E22/><V38/><F57/><W98/><G98/><T61/><D7/><U1/><E1/><V13/><F13/><W42/><G42/><T53/><D132/><U73/><E73/><V69/><F69/><W93/><G93/><T89/><D77/><U59/><E59/><V19/><F19/><W113/><G113/><T66/><D86/><U134/><E134/><V23/><F23/><W31/><G31/><T11/><D11/><U122/><E122/><V54/><F54/><W30/><G30/><T21/><D21/><U44/><REACH who="1" step="1"/><E50/><REACH who="1" ten="279,166,334,201" step="2"/><V107/><F38/><W33/><G33/><T10/><D10/><U70/><E70/><V109/><F109/><W115/><G115/><T46/><AGARI ba="1,2" hai="16,17,18,46,49,53,60,61,65,66,67,87,89,94" machi="46" ten="30,7900,0" yaku="0,1,8,1,52,1,54,1" doraHai="85" who="0" fromWho="0" sc="279,102,166,-21,334,-40,201,-21" /><INIT seed="3,0,0,0,5,20" ten="381,145,294,180" oya="3" hai0="0,78,12,76,93,63,36,67,54,64,74,81,35" hai1="106,50,31,89,39,123,41,114,60,95,128,97,111" hai2="85,91,110,134,29,11,121,112,48,109,113,131,40" hai3="73,23,33,26,52,45,133,27,125,3,103,28,80"/><W34/><G3/><T129/><D36/><U132/><E123/><V107/><F29/><W87/><G73/><T127/><D35/><U102/><E114/><V32/><F32/><W72/><G72/><T84/><D0/><U8/><E111/><N who="2" m="42507" /><F121/><W92/><G125/><T6/><D78/><U119/><E132/><V53/><F131/><W68/><G68/><T117/><D54/><U46/><E128/><V7/><F107/><W70/><G70/><T44/><D93/><U124/><E124/><V37/><F40/><W86/><G34/><T122/><D12/><U82/><E119/><V56/><F37/><W94/><G103/><T25/><D84/><U5/><E82/><N who="2" m="49591" /><F134/><W57/><G45/><T66/><D44/><U108/><E108/><V51/><F51/><W65/><G65/><T43/><D66/><U118/><E118/><V21/><F21/><W88/><G86/><T62/><D67/><U71/><E31/><V58/><F58/><W47/><G47/><T79/><D64/><U130/><E130/><V17/><F17/><W105/><G105/><T14/><D129/><U115/><E115/><V126/><F126/><W38/><G38/><T104/><D127/><U61/><E71/><V24/><F24/><W90/><G133/><T9/><D104/><U55/><E39/><V59/><F59/><W98/><G80/><N who="0" m="45079" /><D122/><U22/><E22/><V42/><F42/><W77/><G77/><T13/><D117/><U96/><REACH who="1" step="1"/><E41/><REACH who="1" ten="381,135,294,180" step="2"/><V75/><F112/><W120/><G120/><T83/><D43/><U15/><AGARI ba="0,1" hai="5,8,15,46,50,55,60,61,89,95,96,97,102,106" machi="15" ten="20,5200,0" yaku="1,1,2,1,0,1,7,1,53,0" doraHai="20" doraHaiUra="19" who="1" fromWho="1" sc="381,-13,135,62,294,-13,180,-26" owari="368,46.8,197,-20.3,281,8.1,154,-34.6" /></mjloggm>