<mjloggm ver="2.3"><GO type="225" lobby="0"/><UN n0="%48%61%61%61%6C%61%6E%64" n1="%E3%80%90%E8%92%BC%E7%90%89%E3%80%91" n2="%E5%AE%AE%E4%BF%9D%E9%B6%8F%E8%82%89" n3="%E7%B4%94%E6%BD%94%E3%83%94%E3%83%A9%E3%83%8B%E3%82%A2" dan="17,16,16,16" rate="2233.61,2119.00,2144.52,2079.72" sx="M,F,M,M"/><TAIKYOKU oya="0"/><INIT seed="0,0,0,3,4,97" ten="250,250,250,250" oya="0" hai0="135,119,56,73,58,32,111,20,120,72,74,46,22" hai1="122,89,6,19,54,132,90,75,86,82,0,51,118" hai2="31,85,124,61,45,87,53,79,114,96,47,50,127" hai3="29,129,117,21,36,15,121,131,102,110,92,98,113"/><T105/><D119/><U65/><E118/><V3/><F114/><W128/><G113/><T60/><D120/><U94/><E122/><V35/><F3/><W80/><G121/><T76/><D32/><U88/><E132/><V116/><F116/><W77/><G36/><T49/><D135/><U4/><E65/><V13/><F35/><W126/><G117/><T16/><D111/><U42/><E42/><V123/><F31/><W38/><G38/><T108/><D108/><U57/><E75/><V59/><F123/><W104/><G110/><T8/><D105/><U66/><E66/><V63/><F96/><W37/><G37/><T78/><D8/><U43/><E43/><V68/><F68/><W130/><G126/><N who="2" m="48169" /><F13/><W18/><N who="3" m="32768" /><DORA hai="52" /><W101/><G29/><T41/><D22/><U23/><E0/><V2/><F2/><W112/><G112/><T109/><D109/><U12/><E89/><V91/><F79/><W33/><G33/><T30/><D30/><U62/><E62/><N who="2" m="23563" /><F87/><AGARI ba="0,0" hai="4,6,12,19,23,51,54,57,82,86,87,88,90,94" machi="87" ten="30,12000,2" yaku="7,1,25,2,8,1,52,1,54,1" doraHai="97,52" who="1" fromWho="2" sc="250,0,250,120,250,-120,250,0" /><INIT seed="1,0,0,5,5,45" ten="250,370,130,250" oya="1" hai0="62,63,69,74,83,99,55,88,100,98,109,23,42" hai1="122,7,5,114,68,9,11,82,97,101,76,3,46" hai2="48,127,126,132,89,53,39,131,20,29,37,22,56" hai3="79,50,104,6,80,112,103,58,2,51,86,119,117"/><U107/><E114/><V12/><F132/><W96/><G112/><T67/><D109/><U108/><E122/><V128/><F29/><W36/><G36/><N who="2" m="13897" /><F89/><W30/><G30/><T72/><D42/><U87/><E108/><V60/><F12/><W18/><G18/><T34/><D34/><U4/><E68/><V17/><F17/><W59/><G58/><T15/><D15/><U124/><E124/><N who="2" m="47659" /><F20/><W0/><G59/><T54/><D23/><U110/><E110/><V111/><F22/><W40/><G40/><T44/><D54/><U65/><E65/><N who="2" m="39047" /><F111/><W135/><G135/><T27/><D27/><U115/><E5/><V49/><F53/><W123/><G123/><T105/><D83/><U43/><E115/><V14/><F14/><W85/><G85/><T64/><D88/><U130/><E7/><V120/><F120/><W81/><G80/><T78/><D99/><U61/><E11/><V13/><F13/><W71/><G71/><T47/><D55/><U84/><E84/><V102/><F102/><W41/><G41/><T106/><D100/><U129/><E9/><V26/><F26/><W24/><G24/><T21/><D21/><U52/><E4/><V57/><F57/><W93/><G93/><T73/><D69/><U32/><E32/><V77/><F77/><W133/><G133/><T90/><D73/><U75/><E75/><V91/><F91/><W10/><G2/><T1/><D1/><U121/><E3/><V66/><F66/><W92/><G92/><T125/><D125/><U38/><E121/><V8/><F8/><W94/><G94/><RYUUKYOKU ba="0,0" sc="250,-30,370,10,130,10,250,10" hai1="38,43,46,52,61,76,82,87,97,101,107,129,130" hai2="48,49,128,131" hai3="0,6,10,50,51,79,81,86,96,103,104,117,119" /><INIT seed="1,1,0,1,2,13" ten="220,380,140,260" oya="1" hai0="43,52,32,17,127,8,42,48,49,39,26,63,3" hai1="6,57,94,4,60,38,66,50,1,78,122,29,117" hai2="24,74,77,104,107,102,31,90,86,75,70,28,12" hai3="34,85,120,10,106,83,101,115,11,15,65,97,7"/><U110/><E117/><V58/><F70/><W9/><G115/><T124/><D39/><U53/><E122/><V36/><F36/><W35/><G120/><T112/><D112/><U134/><E38/><V30/><F24/><W45/><G65/><T37/><D37/><U21/><E134/><V119/><F119/><W126/><G126/><N who="0" m="48171" /><D63/><U100/><E1/><V89/><F58/><W96/><G96/><T76/><D76/><U56/><E78/><V132/><F132/><W125/><G125/><T95/><D95/><U105/><E105/><V47/><F47/><W123/><G123/><T14/><D3/><U62/><E50/><N who="0" m="19561" /><D52/><U80/><E80/><V64/><F64/><W23/><G45/><T118/><D118/><U93/><E93/><V91/><F12/><W116/><G116/><T5/><D5/><U99/><E110/><V109/><F109/><W16/><REACH who="3" step="1"/><G7/><REACH who="3" ten="220,380,140,250" step="2"/><T129/><D129/><U44/><E44/><V81/><REACH who="2" step="1"/><F102/><REACH who="2" ten="220,380,130,250" step="2"/><W103/><G103/><T68/><D68/><U113/><E113/><V131/><F131/><W46/><G46/><T114/><D114/><U130/><E130/><V108/><F108/><W92/><G92/><T27/><D32/><U2/><E2/><V87/><F87/><W69/><G69/><T98/><D98/><U84/><E84/><V54/><F54/><W55/><G55/><T40/><AGARI ba="1,2" hai="8,14,17,26,27,40,42,43" m="19561,48171" machi="40" ten="40,2700,0" yaku="18,1,52,1" doraHai="13" who="0" fromWho="0" sc="220,50,380,-14,130,-8,250,-8" /><INIT seed="2,0,0,3,0,53" ten="270,366,122,242" oya="2" hai0="91,82,101,93,114,25,20,78,83,36,127,32,94" hai1="28,45,40,135,14,26,59,16,122,77,33,99,104" hai2="79,131,103,72,8,6,71,41,96,70,117,120,68" hai3="19,24,97,2,84,110,95,10,35,4,63,29,48"/><V47/><F117/><W87/><G110/><T12/><D114/><U60/><E135/><V62/><F131/><W115/><G115/><T134/><D36/><U39/><E77/><V108/><F120/><W124/><G124/><T65/><D127/><U92/><E104/><V42/><F108/><W17/><G48/><T23/><D134/><U130/><E130/><V30/><F30/><W89/><G63/><T66/><D32/><U51/><E39/><V86/><F62/><W18/><AGARI ba="0,0" hai="2,4,10,17,18,19,24,29,35,84,87,89,95,97" machi="18" ten="30,1100,0" yaku="0,1" doraHai="53" who="3" fromWho="3" sc="270,-3,366,-3,122,-5,242,11" /><INIT seed="3,0,0,2,4,33" ten="267,363,117,253" oya="3" hai0="40,24,61,67,62,112,29,83,73,0,27,17,101" hai1="34,63,36,97,60,135,54,44,106,41,13,133,134" hai2="6,65,57,86,111,69,89,64,5,84,123,88,21" hai3="53,115,59,82,131,12,119,116,114,87,126,122,19"/><W51/><G122/><T49/><D112/><U132/><E34/><V52/><F123/><W91/><G131/><T4/><D101/><N who="1" m="62767" /><E135/><V74/><F74/><W35/><G35/><T68/><D17/><U113/><E113/><V50/><F111/><W7/><G126/><T96/><D96/><U85/><E13/><V125/><F125/><W20/><REACH who="3" step="1"/><G7/><REACH who="3" ten="267,363,117,243" step="2"/><T78/><D4/><U8/><E134/><V22/><F69/><W90/><G90/><T104/><D68/><U105/><E133/><V23/><F5/><W118/><AGARI ba="0,1" hai="12,19,20,51,53,59,82,87,91,114,115,116,118,119" machi="118" ten="30,11700,0" yaku="1,1,0,1,53,2" doraHai="33" doraHaiUra="108" who="3" fromWho="3" sc="267,-39,363,-39,117,-39,243,127" owari="228,-17.2,324,12.4,78,-42.2,370,47.0" /></mjloggm>