<mjloggm ver="2.3"><GO type="225" lobby="0"/><UN n0="%E3%81%A9%E3%82%8F%E3%82%93%E3%81%94" n1="%72%69%6F%75%63%68%61%6E" n2="%6E%69%63%6F%6E%74%6F" n3="%6B%6F%64%61%6D%61%6E%37" dan="16,16,16,16" rate="2092.90,2246.02,2103.96,2098.03" sx="M,M,M,M"/><TAIKYOKU oya="0"/><INIT seed="0,0,0,4,4,96" ten="250,250,250,250" oya="0" hai0="116,39,52,8,98,48,103,47,130,65,85,32,117" hai1="122,11,100,35,17,28,53,61,67,30,63,40,49" hai2="26,101,19,51,3,12,4,37,114,57,16,29,42" hai3="121,109,5,110,97,93,128,34,81,74,68,13,78"/><T83/><D32/><U71/><E122/><V9/><F114/><W77/><G68/><T36/><D130/><U69/><E35/><V60/><F37/><W91/><G34/><T10/><D36/><U43/><E100/><V44/><F3/><W134/><G13/><T135/><D39/><U88/><E88/><V21/><REACH who="2" step="1"/><F101/><REACH who="2" ten="250,250,240,250" step="2"/><N who="3" m="60591" /><G121/><T27/><D117/><U62/><E71/><V115/><F115/><W56/><G134/><T72/><D135/><U45/><E69/><V94/><F94/><W86/><G128/><T14/><D116/><U127/><E127/><V75/><F75/><W113/><G113/><T105/><D72/><U133/><E133/><V55/><AGARI ba="0,1" hai="4,9,12,16,19,21,26,29,42,44,51,55,57,60" machi="55" ten="20,8000,1" yaku="1,1,0,1,7,1,8,1,54,1,53,0" doraHai="96" doraHaiUra="104" who="2" fromWho="2" sc="250,-40,250,-20,240,90,250,-20" /><INIT seed="1,0,0,2,5,61" ten="210,230,330,230" oya="1" hai0="123,62,9,48,10,74,103,82,94,59,2,39,22" hai1="106,21,32,102,63,116,127,124,126,66,65,75,20" hai2="86,112,15,107,80,25,44,77,87,97,34,70,6" hai3="23,111,28,1,122,114,60,84,115,92,13,110,130"/><U12/><E116/><V57/><F70/><W52/><G122/><T118/><D39/><U105/><E32/><V16/><F112/><W120/><G120/><T78/><D118/><U128/><E128/><V4/><F44/><W113/><G1/><T129/><D129/><U135/><E135/><V131/><F131/><W36/><G36/><T55/><D2/><U133/><E133/><V96/><F34/><W19/><G28/><T132/><D132/><U47/><E75/><V45/><F45/><W64/><G130/><T35/><D35/><U90/><E90/><V56/><F25/><W38/><G84/><T81/><D123/><U7/><E47/><V5/><F87/><W134/><G92/><T79/><D22/><N who="1" m="8811" /><E102/><V54/><F107/><N who="1" m="40969" /><E63/><N who="2" m="36247" /><F57/><N who="3" m="36879" /><G38/><T83/><D62/><U93/><E93/><V31/><F31/><W88/><G134/><T27/><D27/><U69/><E69/><V11/><AGARI ba="0,0" hai="4,5,6,11,15,16,77,80,86,96,97" m="36247" machi="11" ten="30,2000,0" yaku="8,1,54,1" doraHai="61" who="2" fromWho="2" sc="210,-5,230,-10,330,20,230,-5" /><INIT seed="2,0,0,3,3,82" ten="205,220,350,225" oya="2" hai0="30,29,88,112,119,40,98,110,69,61,64,95,2" hai1="46,126,41,16,33,38,11,86,96,109,7,48,8" hai2="56,129,75,97,19,24,90,130,18,53,113,114,67" hai3="106,83,78,102,72,104,1,111,54,12,34,3,116"/><V101/><F75/><W59/><G116/><T42/><D112/><U15/><E33/><V28/><F67/><W132/><G34/><T122/><D2/><U68/><E68/><V0/><F0/><W89/><G132/><T107/><D122/><U27/><E109/><V108/><F108/><W74/><G74/><T57/><D119/><U50/><E126/><V73/><F73/><W35/><G35/><T63/><D107/><U14/><E96/><V100/><F114/><W84/><G106/><T71/><D110/><U80/><REACH who="1" step="1"/><E27/><REACH who="1" ten="205,210,350,225" step="2"/><V135/><F113/><W123/><G111/><T26/><D71/><U6/><E6/><V9/><F97/><N who="3" m="61519" /><G123/><T128/><D128/><U87/><E87/><V79/><F130/><W43/><G84/><T45/><D26/><U125/><E125/><V120/><F24/><W133/><G72/><T127/><D127/><U36/><E36/><V99/><F99/><W31/><G133/><T121/><D121/><U22/><E22/><V21/><F21/><W77/><G31/><T117/><D117/><U134/><E134/><V37/><F28/><W115/><G115/><T47/><D29/><U13/><E13/><V49/><F37/><W131/><G12/><T51/><D30/><U17/><E17/><V39/><F39/><W124/><G124/><T65/><D45/><U58/><E58/><V10/><F135/><W60/><G59/><T105/><D105/><U62/><E62/><V76/><F56/><W91/><G60/><T81/><D81/><U20/><E20/><V5/><F129/><W55/><G131/><T92/><D92/><RYUUKYOKU ba="0,1" sc="205,15,210,15,350,-15,225,-15" hai0="40,42,47,51,57,61,63,64,65,69,88,95,98" hai1="7,8,11,14,15,16,38,41,46,48,50,80,86" /><INIT seed="3,1,1,0,4,125" ten="220,225,335,210" oya="3" hai0="35,72,120,19,67,37,91,105,11,61,97,6,44" hai1="89,40,25,52,47,107,121,127,101,48,83,43,122" hai2="30,128,32,98,56,60,50,102,17,130,33,100,114" hai3="131,8,92,64,93,34,76,87,15,62,10,29,21"/><W4/><G34/><T7/><D35/><U94/><E127/><V132/><F114/><W117/><G117/><T124/><D72/><U31/><E107/><V88/><F132/><W41/><G41/><T38/><D124/><U112/><E112/><V2/><F2/><W16/><G131/><N who="2" m="50217" /><F17/><W77/><G29/><T3/><D19/><U123/><E83/><V51/><F51/><W126/><G126/><T80/><D7/><U0/><E101/><N who="2" m="39019" /><F50/><W119/><G119/><T113/><D3/><U84/><REACH who="1" step="1"/><E0/><REACH who="1" ten="220,215,335,210" step="2"/><V12/><F30/><W5/><G5/><T71/><D6/><U118/><E118/><V28/><F28/><W110/><G110/><T73/><D113/><U75/><E75/><V66/><F12/><N who="3" m="5127" /><G10/><T68/><D11/><U129/><E129/><V46/><F46/><W27/><G27/><T42/><D44/><U22/><AGARI ba="1,2" hai="22,25,31,40,43,47,48,52,84,89,94,121,122,123" machi="22" ten="30,4000,0" yaku="1,1,0,1,54,1,53,0" doraHai="125" doraHaiUra="111" who="1" fromWho="1" sc="220,-11,215,63,335,-11,210,-21" owari="209,-19.1,278,7.8,324,42.4,189,-31.1" /></mjloggm>