<mjloggm ver="2.3"><GO type="225" lobby="0"/><UN n0="%6D%75%75%6D%75%72%61" n1="%E3%82%B7%E3%83%B3%E5%A4%AA%E6%9C%97" n2="%E9%80%9F%E6%B0%B4%E5%87%9B%E9%A6%99" n3="%E6%A0%B9%E5%85%83%E3%81%8B%E3%82%89%E5%90%B9%E3%81%A3%E9%A3%9B%E3%81%B6" dan="16,16,17,16" rate="2103.59,2156.05,2221.51,2172.26" sx="F,M,F,F"/><TAIKYOKU oya="0"/><INIT seed="0,0,0,2,2,91" ten="250,250,250,250" oya="0" hai0="61,64,135,122,20,93,40,92,110,22,67,17,131" hai1="97,99,84,68,100,71,51,116,55,102,44,14,5" hai2="33,46,56,18,119,132,63,112,60,86,114,12,16" hai3="15,42,30,25,124,32,50,101,111,23,66,78,81"/><T21/><D122/><U11/><E116/><V127/><F33/><W106/><G111/><T8/><D110/><U98/><REACH who="1" step="1"/><E84/><REACH who="1" ten="250,240,250,250" step="2"/><V65/><F119/><W87/><G87/><T125/><D131/><U69/><AGARI ba="0,1" hai="5,11,14,44,51,55,68,69,71,97,98,99,100,102" machi="69" ten="40,5200,0" yaku="1,1,2,1,0,1,53,0" doraHai="91" doraHaiUra="58" who="1" fromWho="1" sc="250,-26,240,62,250,-13,250,-13" /><INIT seed="1,0,0,3,4,125" ten="224,302,237,237" oya="1" hai0="17,130,97,4,62,104,94,106,31,81,131,73,101" hai1="39,93,12,129,110,3,51,79,64,43,25,47,65" hai2="13,68,1,102,38,15,46,75,119,8,9,135,111" hai3="87,123,84,60,53,96,26,99,19,122,40,105,54"/><U78/><E3/><V28/><F1/><W23/><G40/><T30/><D4/><U72/><E110/><V126/><F75/><W33/><G33/><T48/><D48/><U34/><E129/><N who="0" m="49161" /><D17/><U112/><E112/><V49/><F68/><W21/><G19/><T76/><D62/><U71/><E12/><V127/><F38/><W7/><G26/><T66/><D66/><U24/><E39/><V35/><F35/><W107/><G60/><T74/><D74/><U90/><E71/><V57/><F49/><W10/><REACH who="3" step="1"/><G10/><REACH who="3" ten="224,302,237,227" step="2"/><T133/><D133/><U69/><E34/><V128/><F128/><W77/><G77/><N who="1" m="29194" /><E72/><V116/><F135/><W0/><G0/><T20/><D20/><U134/><E134/><V22/><F22/><W114/><G114/><T83/><D83/><U121/><E69/><V115/><F115/><W55/><G55/><T132/><D132/><U41/><E43/><V11/><F11/><W45/><G45/><T124/><D124/><U88/><E25/><V113/><F113/><W37/><G37/><T120/><D120/><U6/><E24/><V14/><F46/><W61/><G61/><T32/><D32/><U95/><E121/><V82/><F127/><W56/><G56/><T117/><D117/><N who="2" m="45130" /><F126/><W42/><G42/><T98/><D106/><U5/><E64/><V118/><F118/><W91/><G91/><AGARI ba="0,1" hai="30,31,73,76,81,91,94,97,98,101,104" m="49161" machi="91" ten="30,7700,0" yaku="19,1,52,3" doraHai="125" who="0" fromWho="3" sc="224,87,302,0,237,0,227,-77" /><INIT seed="2,0,0,4,5,5" ten="311,302,237,150" oya="2" hai0="50,54,79,37,20,125,128,47,40,9,14,106,48" hai1="132,112,36,26,93,22,59,27,7,35,16,87,53" hai2="104,81,33,42,84,1,94,6,30,19,83,90,21" hai3="121,62,75,70,98,63,60,66,107,129,8,24,11"/><V41/><F104/><W115/><G121/><T44/><D128/><U57/><E36/><V52/><F33/><W108/><G75/><T127/><D106/><U49/><E112/><V96/><F30/><W61/><G115/><T29/><D79/><U86/><E132/><V4/><F83/><W88/><G129/><T95/><D95/><U109/><E109/><V68/><F68/><W34/><G108/><T103/><D103/><U15/><E35/><V80/><F80/><W51/><G51/><T85/><D85/><N who="1" m="32267" /><E93/><V82/><F82/><W65/><G65/><T130/><D130/><U100/><E100/><V124/><F124/><N who="0" m="47690" /><D20/><U13/><E59/><V45/><F1/><W56/><G56/><T77/><D29/><U91/><E91/><V55/><F42/><W58/><G58/><T116/><D77/><U76/><E76/><V113/><F113/><W131/><G131/><T110/><D110/><U97/><E97/><V78/><F41/><W3/><G88/><T46/><D116/><U18/><E7/><N who="2" m="2603" /><F45/><N who="0" m="17514" /><D54/><U28/><E28/><V25/><AGARI ba="0,0" hai="19,21,25,52,55,78,81,84,90,94,96" m="2603" machi="25" ten="30,3000,0" yaku="8,1,54,1" doraHai="5" who="2" fromWho="2" sc="311,-10,302,-10,237,30,150,-10" /><INIT seed="2,1,0,1,5,14" ten="301,292,267,140" oya="2" hai0="44,101,114,63,60,3,94,30,33,13,40,123,73" hai1="12,86,42,88,109,43,131,132,7,117,41,5,83" hai2="27,95,75,128,57,39,50,130,45,97,100,25,29" hai3="65,96,49,0,21,69,62,26,15,93,35,46,1"/><V81/><F39/><W11/><G35/><T37/><D3/><U107/><E117/><V70/><F70/><W76/><G76/><T77/><D123/><U104/><E131/><N who="2" m="50219" /><F57/><W71/><G71/><T10/><D114/><U134/><E109/><V52/><F29/><W24/><G24/><T112/><D112/><U20/><E5/><V53/><F53/><W118/><G118/><T8/><D101/><U64/><E64/><V59/><F59/><W113/><G113/><T55/><D94/><U102/><E102/><V18/><F18/><W6/><G93/><T125/><D8/><N who="1" m="4127" /><E20/><V36/><F36/><W111/><G96/><T121/><D55/><U66/><E66/><V38/><F38/><W78/><G78/><AGARI ba="1,0" hai="25,27,45,50,52,75,78,81,95,97,100" m="50219" machi="78" ten="30,2900,0" yaku="19,1,54,1" doraHai="14" who="2" fromWho="3" sc="301,0,292,0,267,32,140,-32" /><INIT seed="2,2,0,4,0,85" ten="301,292,299,108" oya="2" hai0="112,135,80,107,46,122,36,19,41,62,73,68,69" hai1="120,87,126,92,43,3,134,56,133,99,52,57,115" hai2="75,124,89,94,108,7,29,48,32,47,66,31,17" hai3="16,10,39,54,5,110,76,14,131,121,20,49,82"/><V1/><F75/><W24/><G121/><T35/><D122/><U61/><E120/><V96/><F124/><W53/><G110/><T116/><D112/><U132/><E115/><V27/><F108/><W74/><G131/><T105/><D35/><U117/><E117/><V70/><F1/><W93/><G39/><T114/><D114/><U28/><E3/><V97/><F7/><W60/><G60/><T125/><D125/><U109/><E109/><V30/><F17/><W84/><G74/><T25/><D116/><U13/><E43/><V34/><F34/><W21/><G93/><T8/><D135/><U12/><E126/><V67/><F70/><W90/><G21/><T11/><D11/><U81/><E57/><V38/><F38/><W78/><REACH who="3" step="1"/><G54/><REACH who="3" ten="301,292,299,98" step="2"/><T119/><D62/><U83/><E83/><V4/><F32/><W104/><G104/><T6/><D80/><U100/><E28/><V44/><F29/><W37/><G37/><T106/><D36/><U118/><E118/><V113/><F31/><W111/><G111/><T130/><D119/><U59/><E59/><AGARI ba="2,1" hai="5,10,14,16,20,24,49,53,59,76,78,82,84,90" machi="59" ten="30,8000,1" yaku="1,1,7,1,8,1,52,1,54,1,53,0" doraHai="85" doraHaiUra="88" who="3" fromWho="1" sc="301,0,292,-86,299,0,98,96" /><INIT seed="3,0,0,2,2,127" ten="301,206,299,194" oya="3" hai0="36,59,126,61,131,107,58,41,52,97,96,114,6" hai1="76,63,50,60,87,132,33,101,70,38,42,112,12" hai2="2,79,26,45,111,44,17,124,98,31,4,95,64" hai3="99,51,8,121,93,65,11,128,71,117,92,0,108"/><W69/><G117/><T83/><D131/><U119/><E38/><V57/><F124/><W14/><G121/><T54/><D126/><U81/><E119/><V67/><F2/><W1/><G128/><T22/><D107/><U43/><E33/><V37/><F4/><W88/><G108/><T16/><D6/><U134/><E112/><V123/><F37/><W24/><G24/><T66/><D36/><U104/><E12/><V85/><F111/><W82/><G82/><T47/><D83/><U135/><E50/><V18/><F85/><W125/><G125/><T122/><D122/><U5/><E5/><V68/><F68/><W3/><G65/><T74/><D74/><U94/><E104/><V115/><F79/><W28/><G28/><T80/><D80/><U78/><E78/><V120/><F115/><W100/><G51/><N who="0" m="27119" /><D114/><U39/><E39/><V106/><F106/><W13/><G11/><T25/><D54/><U133/><N who="1" m="33792" /><DORA hai="129" /><U7/><E7/><V102/><F67/><W86/><REACH who="3" step="1"/><G8/><REACH who="3" ten="301,206,299,184" step="2"/><T35/><D35/><U89/><E101/><V77/><F123/><W20/><G20/><T113/><D113/><U116/><E116/><V15/><F120/><W56/><G56/><T109/><D109/><U105/><E105/><V55/><F57/><W27/><G27/><T29/><D29/><U90/><E70/><AGARI ba="0,1" hai="0,1,3,13,14,69,70,71,86,88,92,93,99,100" machi="70" ten="50,12000,1" yaku="1,1,54,1,53,3" doraHai="127,129" doraHaiUra="118,34" who="3" fromWho="1" sc="301,0,206,-120,299,0,184,130" owari="301,10.1,86,-41.4,299,-10.1,314,41.4" /></mjloggm>