<mjloggm ver="2.3"><GO type="225" lobby="0"/><UN n0="%E3%81%86%E3%81%A9%E3%82%93%E3%81%93" n1="%E3%81%91%E3%83%BC%E3%81%9E%E3%81%88" n2="%E6%97%A5%E6%9B%9C%E6%97%A5%E3%82%88%E3%82%8A%E3%81%AE%E4%BD%BF%E8%80%85" n3="%E8%81%B7%E6%A5%AD%E3%80%81%E9%A2%A8%32" dan="16,16,18,16" rate="2156.99,2194.28,2160.29,2179.17" sx="M,F,M,M"/><TAIKYOKU oya="0"/><INIT seed="0,0,0,3,4,111" ten="250,250,250,250" oya="0" hai0="43,12,25,118,16,23,117,83,6,107,130,79,49" hai1="63,52,37,135,34,11,27,17,61,36,72,40,85" hai2="94,71,5,104,47,124,112,59,48,116,110,0,82" hai3="102,132,96,88,84,10,4,97,3,58,119,70,65"/><T44/><D107/><U93/><E72/><V39/><F104/><W29/><G119/><T95/><D95/><U129/><E40/><N who="2" m="22943" /><F94/><W64/><G132/><T30/><D130/><U14/><E135/><V86/><F86/><W80/><G70/><T1/><D1/><U78/><E129/><V75/><F82/><W66/><G29/><T13/><D13/><U15/><E34/><V92/><F92/><W133/><G133/><T91/><D91/><U76/><E27/><V87/><F87/><W42/><G42/><T38/><D38/><U69/><E69/><V35/><F35/><W74/><G74/><T31/><D31/><U128/><E128/><V98/><F98/><W41/><G41/><T106/><D106/><U19/><E93/><V24/><F110/><W22/><G102/><T54/><D54/><U60/><E52/><N who="2" m="32135" /><F71/><W28/><REACH who="3" step="1"/><G58/><REACH who="3" ten="250,250,250,240" step="2"/><T51/><D30/><U46/><E36/><V53/><F75/><W121/><G121/><T90/><D117/><U123/><E123/><V2/><F116/><W113/><G113/><T100/><D118/><U115/><E115/><V134/><F112/><W18/><G18/><T68/><D100/><U55/><E37/><V109/><F134/><W45/><G45/><T62/><D68/><U81/><E46/><V89/><F109/><W127/><G127/><T50/><D44/><U77/><REACH who="1" step="1"/><E55/><REACH who="1" ten="250,240,250,240" step="2"/><V125/><F53/><W9/><G9/><AGARI ba="0,2" hai="9,11,14,15,17,19,60,61,63,76,77,78,81,85" machi="9" ten="40,8000,1" yaku="1,1,2,1,9,1,8,1,53,0" doraHai="111" doraHaiUra="131" who="1" fromWho="3" sc="250,0,240,100,250,0,240,-80" /><INIT seed="1,0,0,5,2,8" ten="250,340,250,160" oya="1" hai0="43,83,123,88,50,16,30,56,19,115,42,68,27" hai1="7,94,118,111,100,128,86,65,37,103,44,32,39" hai2="18,125,104,131,114,101,116,36,127,31,12,3,96" hai3="93,84,54,45,120,73,132,90,80,77,108,2,59"/><U130/><E118/><V135/><F116/><W89/><G108/><T74/><D68/><U134/><E32/><V20/><F36/><W126/><G120/><T67/><D115/><U33/><E33/><V1/><F114/><W47/><G2/><T58/><D74/><U57/><E7/><V121/><F121/><W6/><G6/><T71/><D71/><U14/><E86/><V41/><F41/><W23/><G126/><N who="2" m="48137" /><F131/><W64/><G64/><T66/><D123/><U97/><E65/><V95/><F135/><W78/><G78/><T40/><D50/><U48/><E48/><V107/><F31/><W9/><G9/><T13/><D30/><U87/><E39/><V122/><F122/><W4/><G4/><T70/><D42/><U60/><E37/><V5/><F5/><W34/><G34/><T55/><D55/><U75/><E111/><V124/><N who="2" m="48145" /><V129/><DORA hai="53" /><F129/><W52/><G54/><T10/><D10/><U22/><E134/><V38/><F38/><W99/><G132/><T105/><D105/><AGARI ba="0,0" hai="1,3,12,18,20,95,96,101,104,105,107" m="48145" machi="105" ten="40,2600,0" yaku="18,1,52,1" doraHai="8,53" who="2" fromWho="0" sc="250,-26,340,0,250,26,160,0" /><INIT seed="2,0,0,3,3,133" ten="224,340,276,160" oya="2" hai0="72,3,123,49,61,82,116,11,120,34,118,30,27" hai1="74,7,67,96,26,111,85,79,20,14,48,42,56" hai2="36,69,95,35,127,66,63,131,77,89,91,115,90" hai3="130,31,60,32,8,114,81,122,55,62,1,80,12"/><V109/><F35/><W0/><G122/><T92/><D49/><U102/><E74/><V38/><F115/><W65/><G114/><T37/><D61/><N who="1" m="38311" /><E111/><V50/><F109/><W103/><G130/><T113/><D92/><N who="1" m="58631" /><E7/><V6/><F6/><W45/><G103/><T21/><D37/><U15/><E79/><V104/><F104/><W10/><G31/><T28/><D113/><U29/><E85/><V101/><F131/><W108/><G32/><T5/><D82/><U94/><E94/><V97/><F77/><W112/><G112/><T107/><D72/><U47/><AGARI ba="0,0" hai="14,15,20,26,29,42,47,48" m="58631,38311" machi="47" ten="30,2000,0" yaku="25,1,8,1" doraHai="133" who="1" fromWho="1" sc="224,-5,340,20,276,-10,160,-5" /><INIT seed="3,0,0,0,5,85" ten="219,360,266,155" oya="3" hai0="83,0,97,122,126,42,34,80,130,117,56,68,104" hai1="61,90,9,64,24,28,92,112,47,96,72,100,67" hai2="98,16,76,23,14,43,62,114,78,37,29,109,46" hai3="93,113,128,82,22,6,39,103,91,3,79,21,30"/><W38/><G113/><T94/><D117/><U133/><E72/><V53/><F114/><W44/><G128/><T73/><D68/><U60/><E133/><V31/><F109/><W32/><G32/><T45/><D122/><U101/><E112/><V84/><F98/><W89/><G103/><N who="1" m="39498" /><E47/><V48/><F37/><W8/><G39/><T95/><D34/><U115/><E9/><V7/><F7/><W36/><G38/><T26/><D0/><U129/><E129/><V131/><F131/><W51/><G30/><T63/><D95/><U77/><E77/><V2/><F2/><W20/><G36/><T10/><D26/><U71/><E71/><V58/><F78/><W57/><G57/><T65/><D10/><U121/><E121/><V105/><F105/><W59/><G59/><T127/><D104/><U50/><E50/><V55/><F43/><W54/><REACH who="3" step="1"/><G93/><REACH who="3" ten="219,360,266,145" step="2"/><T116/><D130/><U49/><E115/><V11/><F23/><W69/><G69/><T106/><D106/><U125/><E28/><V15/><F31/><W75/><AGARI ba="0,1" hai="3,6,8,20,21,22,44,51,54,75,79,82,89,91" machi="75" ten="30,18000,2" yaku="1,1,0,1,52,2,53,3" doraHai="85" doraHaiUra="17" who="3" fromWho="3" sc="219,-60,360,-60,266,-60,145,190" owari="159,-34.1,300,10.0,206,-19.4,335,43.5" /></mjloggm>