<mjloggm ver="2.3"><GO type="225" lobby="0"/><UN n0="%E3%81%B5%E3%81%98%E3%81%8B%E3%81%A4" n1="%E3%81%86%E3%81%A9%E3%82%93%E3%81%93" n2="%6B%69%72%61%64%6F%6B%69" n3="%E3%80%93%E3%81%97%E3%83%BC%E3%82%89%E3%80%93" dan="16,16,16,16" rate="2156.49,2178.39,2100.99,2090.23" sx="M,M,M,M"/><TAIKYOKU oya="0"/><INIT seed="0,0,0,1,5,108" ten="250,250,250,250" oya="0" hai0="86,132,51,77,31,123,12,8,90,6,61,121,17" hai1="59,32,96,2,111,13,34,94,29,33,10,85,49" hai2="73,54,56,38,106,3,35,58,76,45,71,112,125" hai3="104,119,40,70,129,116,97,114,14,5,107,133,16"/><T68/><D132/><U81/><E2/><V118/><RYUUKYOKU type="yao9" ba="0,0" sc="250,0,250,0,250,0,250,0" hai2="3,35,38,45,54,56,58,71,73,76,106,112,118,125" /><INIT seed="0,1,0,4,1,117" ten="250,250,250,250" oya="0" hai0="68,60,45,7,33,78,109,31,73,34,86,27,55" hai1="87,85,39,44,111,124,104,65,50,67,121,18,6" hai2="54,51,8,105,22,35,52,122,133,95,9,43,37" hai3="125,102,131,98,128,116,113,76,92,53,16,42,4"/><T20/><D73/><U74/><E74/><V100/><F35/><W106/><G116/><T101/><D7/><U135/><E39/><V99/><F133/><W12/><G113/><T123/><D123/><U118/><E104/><V10/><F122/><W0/><G125/><T23/><D101/><U21/><E118/><V25/><F105/><W89/><G76/><T30/><D78/><U3/><E121/><V88/><F37/><W81/><G81/><T70/><D86/><N who="1" m="32779" /><E3/><V46/><REACH who="2" step="1"/><F100/><REACH who="2" ten="250,250,240,250" step="2"/><W40/><G106/><T56/><D109/><U84/><E135/><V110/><F110/><W129/><G102/><T49/><D70/><U5/><E124/><V62/><F62/><W38/><G38/><T130/><D68/><U66/><E111/><V57/><F57/><W75/><G75/><T41/><REACH who="0" step="1"/><D130/><REACH who="0" ten="240,250,240,250" step="2"/><U126/><E126/><V90/><F90/><W48/><G131/><T107/><D107/><U17/><E66/><V82/><F82/><W108/><G129/><T115/><D115/><U14/><E65/><V132/><F132/><W134/><G128/><T91/><D91/><U58/><E67/><V103/><F103/><W28/><G134/><T72/><D72/><U94/><E94/><V19/><AGARI ba="1,2" hai="8,9,10,19,22,25,43,46,51,52,54,88,95,99" machi="19" ten="30,8000,1" yaku="1,1,0,1,8,1,54,2,53,0" doraHai="117" doraHaiUra="119" who="2" fromWho="2" sc="240,-41,250,-21,240,103,250,-21" /><INIT seed="1,0,0,4,4,62" ten="199,229,343,229" oya="1" hai0="60,27,39,46,73,13,7,92,80,135,43,40,58" hai1="106,21,64,55,81,66,17,100,117,71,111,113,93" hai2="44,20,68,129,104,125,31,105,5,48,51,61,69" hai3="116,97,33,29,24,53,56,2,114,25,96,89,88"/><U98/><E113/><V122/><F5/><W86/><G2/><T15/><D135/><U102/><E117/><V76/><F76/><W87/><G116/><T126/><D126/><U121/><E121/><V50/><F122/><W134/><G134/><T110/><D110/><U3/><E71/><V38/><F20/><N who="3" m="15495" /><G25/><T42/><D92/><U123/><E123/><V57/><F31/><W0/><G33/><T19/><D27/><U11/><E111/><V99/><F99/><N who="3" m="37963" /><G0/><T6/><D73/><U94/><E81/><V84/><F84/><N who="3" m="32299" /><G114/><T18/><D80/><U36/><E36/><V130/><F104/><W41/><G41/><T49/><D39/><U82/><E82/><V124/><F105/><W77/><G77/><T115/><D115/><U79/><E79/><V59/><F124/><W90/><G89/><T32/><D32/><U107/><E107/><V1/><F1/><W83/><G83/><T118/><D118/><U52/><E106/><V9/><F125/><W12/><G12/><N who="0" m="4683" /><D42/><U75/><E75/><V119/><F119/><W10/><G10/><T45/><D40/><U101/><E94/><V34/><F9/><W63/><AGARI ba="0,0" hai="53,56,63,88,90" m="32299,37963,15495" machi="63" ten="30,2000,0" yaku="8,1,54,1" doraHai="62" who="3" fromWho="3" sc="199,-5,229,-10,343,-5,229,20" /><INIT seed="2,0,0,1,2,120" ten="194,219,338,249" oya="2" hai0="99,83,7,105,8,107,34,94,130,31,74,106,104" hai1="38,18,23,112,32,124,118,108,125,92,72,0,28" hai2="88,5,52,73,17,54,39,71,40,24,102,76,21" hai3="20,16,96,4,41,114,11,121,113,35,42,46,131"/><V56/><F71/><W75/><G75/><T117/><D117/><U30/><E72/><V122/><F122/><W36/><G35/><T9/><D130/><U95/><E118/><V127/><F127/><N who="1" m="48713" /><E112/><N who="3" m="43114" /><G42/><T49/><N who="0" m="26624" /><DORA hai="98" /><T90/><D49/><U26/><E38/><V55/><F73/><W79/><G79/><T66/><D66/><U126/><N who="1" m="48721" /><U29/><DORA hai="14" /><E32/><V103/><F76/><W123/><G96/><T3/><D9/><U13/><E0/><V119/><F119/><W80/><G80/><T45/><D45/><U50/><E50/><N who="2" m="30743" /><F40/><W62/><G62/><T82/><REACH who="0" step="1"/><D74/><REACH who="0" ten="184,219,338,249" step="2"/><U116/><E116/><V70/><F39/><W67/><G131/><T44/><D44/><U59/><E59/><V10/><F70/><W93/><G67/><T1/><D1/><U128/><E128/><V84/><F10/><W133/><G123/><T89/><D89/><U61/><E61/><V100/><F5/><W58/><G121/><T65/><D65/><U43/><E43/><V57/><F57/><W22/><G58/><T78/><D78/><U64/><E64/><V25/><F25/><AGARI ba="0,1" hai="3,7,8,25,31,34,82,83,90,94,99" m="26624" machi="25" ten="70,2300,0" yaku="1,1,53,0" doraHai="120,98,14" doraHaiUra="15,109,37" who="0" fromWho="2" sc="184,33,219,0,338,-23,249,0" /><INIT seed="3,0,0,5,0,121" ten="217,219,315,249" oya="3" hai0="17,86,41,43,38,91,4,78,131,95,116,66,40" hai1="39,26,115,30,105,117,82,128,34,6,52,113,80" hai2="2,74,107,106,56,60,53,77,129,135,110,1,19" hai3="69,28,122,97,99,102,88,11,67,37,5,27,85"/><W3/><G37/><T59/><D116/><U79/><E39/><V93/><F110/><W96/><G122/><T36/><D131/><U124/><E128/><V89/><F129/><W20/><G67/><T119/><D119/><U81/><E117/><V109/><F109/><W55/><G55/><T10/><D17/><U13/><E79/><V16/><F135/><W75/><G75/><T33/><D33/><U57/><E105/><V7/><F107/><W54/><G54/><T24/><D24/><U64/><E64/><V71/><F106/><W101/><REACH who="3" step="1"/><G69/><REACH who="3" ten="217,219,315,239" step="2"/><T42/><N who="0" m="10240" /><DORA hai="18" /><T90/><D66/><U8/><E124/><V9/><F71/><W44/><G44/><T62/><D38/><U61/><AGARI ba="0,1" hai="6,8,13,26,30,34,52,57,61,80,81,82,113,115" machi="61" ten="30,2000,0" yaku="0,1,54,1" doraHai="121,18" who="1" fromWho="1" sc="217,-5,219,30,315,-5,239,-10" owari="212,-28.8,249,4.9,310,41.0,229,-17.1" /></mjloggm>