<mjloggm ver="2.3"><GO type="225" lobby="0"/><UN n0="%E3%81%BE%E3%81%A8%E3%81%9F" n1="%72%69%6F%75%63%68%61%6E" n2="%77%72%77%72%77%72%77%72" n3="%E2%91%A3%E9%81%BF%E9%81%8A%E6%88%AF%E3%80%90%E6%9D%B1%E5%8D%97%E3%80%91" dan="16,17,16,16" rate="2110.11,2231.60,2170.29,2035.56" sx="M,M,M,M"/><TAIKYOKU oya="0"/><INIT seed="0,0,0,3,0,11" ten="250,250,250,250" oya="0" hai0="76,10,15,96,34,116,1,52,7,114,46,71,58" hai1="92,79,25,32,117,107,118,99,115,56,68,35,69" hai2="45,31,124,120,70,100,18,9,2,127,90,16,81" hai3="37,65,21,13,63,38,54,102,86,132,61,64,123"/><T47/><D114/><U55/><E115/><V20/><F120/><W119/><G119/><T89/><D116/><U33/><E107/><V125/><F70/><W53/><G102/><T66/><D34/><U62/><E68/><V78/><F100/><W51/><G86/><T5/><D1/><U110/><E110/><V103/><F103/><W129/><G21/><T3/><D3/><U8/><E69/><V36/><F90/><W0/><G0/><T67/><D76/><U40/><E40/><N who="2" m="22663" /><F31/><W134/><G51/><T83/><D5/><U30/><E79/><V17/><F9/><W91/><G91/><T101/><D71/><U88/><REACH who="1" step="1"/><E8/><REACH who="1" ten="250,240,250,250" step="2"/><V135/><F135/><W104/><G104/><T39/><D10/><U60/><E60/><V12/><F2/><W27/><G123/><T98/><D39/><U4/><E4/><V111/><F111/><W77/><G77/><T121/><D7/><U19/><E19/><V6/><F6/><W97/><G134/><T48/><D121/><U74/><E74/><AGARI ba="0,1" hai="12,16,17,18,20,74,78,81,124,125,127" m="22663" machi="74" ten="30,3900,0" yaku="18,1,52,1,54,1" doraHai="11" who="2" fromWho="1" sc="250,0,240,-39,250,49,250,0" /><INIT seed="1,0,0,2,0,65" ten="250,201,299,250" oya="1" hai0="118,34,7,17,69,81,12,133,77,31,11,39,20" hai1="94,50,23,103,106,5,9,70,82,2,86,100,53" hai2="61,71,4,33,32,108,135,84,80,113,75,111,91" hai3="72,90,87,14,66,42,54,105,78,131,1,49,126"/><U56/><E106/><V79/><F135/><W112/><G1/><T129/><D118/><U127/><E127/><V40/><F40/><W47/><G126/><T36/><D69/><U125/><E125/><V64/><F4/><W67/><G105/><T3/><D133/><U38/><E38/><V37/><F37/><W18/><G112/><T59/><D129/><U83/><E70/><V122/><F122/><W27/><G131/><T110/><D59/><U130/><E130/><V62/><F62/><W116/><G116/><T43/><D110/><N who="2" m="42026" /><F113/><W85/><G72/><T45/><D36/><U48/><E48/><V96/><F96/><W6/><G85/><T88/><D88/><U58/><E58/><V24/><F24/><W119/><G119/><T21/><D21/><U123/><E123/><V63/><F61/><W101/><G101/><T109/><D109/><U115/><E115/><V95/><AGARI ba="0,0" hai="32,33,63,64,71,75,79,80,84,91,95" m="42026" machi="95" ten="30,2000,0" yaku="14,1,52,1" doraHai="65" who="2" fromWho="2" sc="250,-5,201,-10,299,20,250,-5" /><INIT seed="2,0,0,2,3,92" ten="245,191,319,245" oya="2" hai0="106,98,63,10,111,83,69,35,81,45,74,120,17" hai1="99,51,77,60,101,93,61,52,53,71,59,31,127" hai2="108,7,107,41,9,87,124,115,135,32,132,117,67" hai3="48,102,30,78,4,90,24,91,100,105,80,84,25"/><V54/><F115/><W22/><G4/><T2/><D35/><U122/><E127/><V79/><F117/><W27/><G48/><T128/><D120/><U62/><E122/><V3/><F124/><W119/><G119/><T36/><D111/><U44/><E71/><V20/><F32/><W66/><G66/><T68/><D17/><U21/><REACH who="1" step="1"/><E77/><REACH who="1" ten="245,181,319,245" step="2"/><V8/><F79/><W42/><G78/><T46/><D68/><U50/><E50/><V88/><F135/><W109/><G109/><T125/><D69/><U114/><E114/><V104/><F132/><W113/><G113/><T72/><D125/><U1/><E1/><V14/><F3/><W39/><G39/><T96/><D36/><U64/><E64/><V0/><F67/><W58/><G30/><T130/><D2/><U12/><E12/><V55/><F14/><W129/><G27/><AGARI ba="0,1" hai="21,27,31,44,51,52,53,59,60,61,62,93,99,101" machi="27" ten="40,8000,1" yaku="1,1,8,1,52,1,54,1,53,0" doraHai="92" doraHaiUra="75" who="1" fromWho="3" sc="245,0,181,90,319,0,245,-80" /><INIT seed="3,0,0,5,3,71" ten="245,271,319,165" oya="3" hai0="0,44,135,28,118,38,110,27,75,14,95,6,55" hai1="12,102,40,18,60,84,17,47,53,50,105,133,5" hai2="67,42,46,107,79,41,65,23,33,80,7,114,31" hai3="99,8,77,78,9,10,124,94,120,125,29,93,35"/><W127/><G120/><T52/><D118/><U15/><E133/><V59/><F107/><W112/><G112/><T123/><D123/><U66/><E105/><V64/><F33/><W117/><G117/><T121/><D121/><U96/><E84/><N who="2" m="48159" /><F114/><W49/><G49/><T104/><D104/><U101/><E5/><V119/><F119/><W108/><G108/><T36/><D110/><U73/><E73/><V115/><F115/><W126/><N who="3" m="31744" /><DORA hai="1" /><W24/><REACH who="3" step="1"/><G94/><REACH who="3" ten="245,271,319,155" step="2"/><T109/><D109/><U111/><E111/><V32/><F42/><W116/><G116/><T56/><D38/><U3/><E40/><V26/><F41/><W30/><G30/><T113/><D36/><U20/><E96/><V61/><F31/><W87/><G87/><T39/><D113/><U98/><E98/><V88/><F61/><W37/><G37/><T62/><D39/><U100/><E60/><V134/><F134/><W72/><G72/><T13/><D75/><U63/><E63/><V85/><F85/><W45/><G45/><T70/><D135/><U2/><REACH who="1" step="1"/><E66/><REACH who="1" ten="245,261,319,155" step="2"/><V129/><F64/><W97/><G97/><T16/><D70/><U83/><E83/><V91/><F65/><W21/><G21/><AGARI ba="0,2" hai="2,3,12,15,17,18,20,21,47,50,53,100,101,102" machi="21" ten="40,2600,0" yaku="1,1,9,1,53,0" doraHai="71,1" doraHaiUra="54,25" who="1" fromWho="3" sc="245,0,261,46,319,0,155,-26" owari="245,-15.5,307,10.7,319,41.9,129,-37.1" /></mjloggm>