<mjloggm ver="2.3"><GO type="225" lobby="0"/><UN n0="%E3%80%93%E3%81%97%E3%83%BC%E3%82%89%E3%80%93" n1="%4C%4F%4C%49%54%41" n2="%E3%82%BC%E3%83%AB%E3%83%80%E3%81%AE%E4%BC%9D%E8%AA%AC" n3="%E3%81%B5%E3%81%98%E3%81%8B%E3%81%A4" dan="16,16,18,16" rate="2152.51,2199.93,2173.14,2107.97" sx="M,F,M,M"/><TAIKYOKU oya="0"/><INIT seed="0,0,0,3,1,84" ten="250,250,250,250" oya="0" hai0="46,69,95,2,131,1,42,129,0,40,11,33,68" hai1="86,21,49,63,59,39,73,91,10,8,77,62,66" hai2="99,30,110,125,44,51,26,96,81,79,9,5,15" hai3="55,124,13,107,132,38,126,127,14,76,111,35,20"/><T134/><D33/><U27/><E39/><V71/><F110/><W6/><G38/><T29/><D29/><U92/><E49/><V64/><F125/><W106/><G111/><T47/><D11/><U115/><E115/><V122/><F122/><W24/><G76/><T114/><D95/><U88/><E77/><V109/><F109/><W78/><G78/><T3/><D114/><U45/><E45/><N who="0" m="16905" /><D134/><U112/><E73/><V101/><F64/><W67/><G67/><T60/><N who="0" m="0" /><DORA hai="19" /><T83/><D60/><U43/><E43/><N who="0" m="16425" /><D83/><N who="1" m="49631" /><E62/><V58/><F44/><W34/><G132/><T85/><D85/><N who="1" m="52239" /><E112/><V74/><F101/><W4/><G127/><T94/><D94/><U93/><E93/><V103/><F103/><W130/><G126/><T72/><D72/><U119/><E119/><V97/><F71/><AGARI ba="0,0" hai="68,69,71,129,131" m="16425,0,16905" machi="71" ten="70,6800,0" yaku="28,2" doraHai="84,19" who="0" fromWho="2" sc="250,68,250,0,250,-68,250,0" /><INIT seed="0,1,0,5,5,71" ten="318,250,182,250" oya="0" hai0="123,91,8,104,72,26,108,134,4,14,22,92,107" hai1="81,30,129,121,87,48,93,96,46,2,53,34,50" hai2="11,125,54,99,38,47,20,1,127,21,86,67,23" hai3="10,17,75,49,94,111,60,55,13,103,5,28,132"/><T32/><D32/><U106/><E121/><V88/><F67/><W31/><G75/><T122/><D72/><U98/><E2/><V79/><F79/><W69/><G111/><T59/><D108/><U116/><E116/><V56/><F99/><W118/><G118/><T133/><D59/><U112/><E129/><V83/><F1/><W35/><G35/><T126/><D107/><U44/><E112/><V36/><F11/><W95/><G132/><N who="0" m="50795" /><D104/><U119/><E119/><V120/><F120/><W40/><G69/><T102/><D102/><U3/><E3/><V85/><F85/><W61/><G103/><T58/><D58/><U9/><E9/><V110/><F110/><W105/><G105/><T74/><D74/><U33/><E106/><V57/><F57/><N who="3" m="33007" /><G40/><T12/><D12/><U76/><E30/><N who="3" m="11306" /><G5/><T80/><D126/><N who="2" m="48138" /><F47/><W7/><G7/><T45/><D45/><U63/><E63/><AGARI ba="1,0" hai="20,21,23,36,38,54,56,63,83,86,88" m="48138" machi="63" ten="30,7700,0" yaku="18,1,52,2,54,1" doraHai="71" who="2" fromWho="1" sc="318,0,250,-80,182,80,250,0" /><AGARI ba="1,0" hai="10,13,17,60,61,63,94,95" m="11306,33007" machi="63" ten="30,1000,0" yaku="8,1" doraHai="71" who="3" fromWho="1" sc="318,0,170,-10,262,0,250,10" /><INIT seed="1,0,0,1,4,94" ten="318,160,262,260" oya="1" hai0="125,71,81,56,80,129,17,31,100,68,23,120,26" hai1="70,112,30,75,99,130,91,25,115,87,85,69,118" hai2="8,53,29,38,64,7,50,10,102,113,35,54,27" hai3="5,48,86,114,40,84,106,132,15,47,22,49,11"/><U101/><E75/><V76/><F38/><W14/><G114/><T126/><D129/><U90/><E118/><V98/><F113/><W55/><G106/><T65/><D120/><U32/><E130/><V2/><F76/><W24/><G15/><N who="0" m="9663" /><D56/><U57/><E57/><V58/><F10/><W46/><REACH who="3" step="1"/><G132/><REACH who="3" ten="318,160,262,250" step="2"/><T111/><D126/><U36/><E115/><V117/><F117/><W18/><AGARI ba="0,1" hai="5,11,14,18,22,24,40,46,47,48,49,55,84,86" machi="18" ten="20,8000,1" yaku="1,1,2,1,0,1,7,1,8,1,53,0" doraHai="94" doraHaiUra="63" who="3" fromWho="3" sc="318,-20,160,-40,262,-20,250,90" /><INIT seed="2,0,0,4,3,72" ten="298,120,242,340" oya="2" hai0="23,4,98,86,60,120,124,68,61,53,1,33,80" hai1="107,70,89,9,51,128,31,8,13,76,97,35,77" hai2="56,41,7,134,6,73,21,116,104,26,81,132,47" hai3="44,20,122,106,66,95,83,93,42,112,18,62,85"/><V63/><F104/><W59/><G122/><T78/><D33/><U39/><E39/><V96/><F96/><W105/><G112/><T135/><D120/><U29/><E70/><V55/><F116/><W38/><G106/><T30/><D135/><N who="2" m="51754" /><F73/><W103/><G103/><T69/><D124/><U109/><E109/><V75/><F75/><W65/><G65/><T17/><D30/><N who="1" m="11275" /><E35/><V49/><F81/><W40/><G40/><T91/><D4/><U36/><E36/><V118/><F118/><W90/><G105/><T113/><D1/><U27/><E27/><AGARI ba="0,0" hai="18,20,27,38,42,44,59,62,66,83,85,90,93,95" machi="27" ten="30,1000,0" yaku="7,1" doraHai="72" who="3" fromWho="1" sc="298,0,120,-10,242,0,340,10" /><INIT seed="3,0,0,2,5,38" ten="298,110,242,350" oya="3" hai0="29,130,133,2,59,57,40,12,22,85,58,52,99" hai1="68,92,93,31,83,114,55,9,10,129,54,49,131" hai2="3,69,25,47,76,122,110,27,6,65,18,98,78" hai3="115,43,125,128,60,126,30,0,33,5,24,79,71"/><W134/><G115/><T19/><D2/><U15/><E114/><V35/><F98/><W91/><G91/><T101/><D133/><U109/><E109/><V100/><F100/><W107/><G107/><T28/><D130/><U116/><E68/><V113/><F113/><W82/><G134/><T53/><D85/><U112/><E112/><V20/><F65/><N who="3" m="41383" /><G43/><T105/><REACH who="0" step="1"/><D40/><REACH who="0" ten="288,110,242,350" step="2"/><U56/><E116/><V42/><F110/><W111/><G128/><T64/><D64/><U13/><E31/><AGARI ba="0,1" hai="12,19,22,28,29,31,52,53,57,58,59,99,101,105" machi="31" ten="40,2600,0" yaku="1,1,54,1,53,0" doraHai="38" doraHaiUra="106" who="0" fromWho="1" sc="288,36,110,-26,242,0,350,0" owari="324,12.4,84,-41.6,242,-15.8,350,45.0" /></mjloggm>