<mjloggm ver="2.3"><GO type="225" lobby="0"/><UN n0="%E3%82%A2%E3%83%9E%E3%83%9D%EF%BD%9E%EF%BD%9E%E3%83%A9" n1="%E7%B4%94%E6%BD%94%E3%83%94%E3%83%A9%E3%83%8B%E3%82%A2" n2="%E8%80%81%E6%A5%BD" n3="%E3%81%82%E3%81%99%E3%81%AB%E3%82%83%E3%82%80" dan="17,17,16,16" rate="2178.24,2272.38,2105.76,2184.08" sx="M,M,M,F"/><TAIKYOKU oya="0"/><INIT seed="0,0,0,2,1,33" ten="250,250,250,250" oya="0" hai0="41,114,21,91,118,113,31,78,125,100,104,14,65" hai1="130,69,87,119,56,121,96,54,49,12,39,48,109" hai2="93,19,67,107,3,134,28,10,2,110,132,117,44" hai3="84,66,42,7,90,123,81,9,43,94,73,83,135"/><T71/><D118/><U5/><E39/><V6/><F107/><W86/><G135/><N who="2" m="51753" /><F117/><W105/><G105/><T55/><D41/><U34/><E34/><V115/><F115/><W99/><G123/><T106/><D78/><U58/><E69/><V20/><F110/><W15/><G73/><T75/><D75/><U0/><E109/><V22/><F67/><W112/><G112/><T40/><D65/><U108/><E108/><V37/><F93/><W133/><G66/><T53/><D71/><U122/><E96/><V124/><F124/><W11/><G133/><T29/><D125/><U25/><E25/><N who="2" m="16423" /><F44/><W35/><G35/><T111/><D111/><U62/><E130/><V52/><F52/><W128/><G128/><T13/><D40/><U97/><E56/><V85/><F85/><W77/><REACH who="3" step="1"/><G11/><REACH who="3" ten="250,250,250,240" step="2"/><T116/><D116/><U127/><E119/><V68/><F68/><W103/><AGARI ba="0,1" hai="7,9,15,42,43,77,81,83,84,86,90,94,99,103" machi="103" ten="20,8000,1" yaku="1,1,2,1,0,1,7,1,8,1,53,0" doraHai="33" doraHaiUra="129" who="3" fromWho="3" sc="250,-40,250,-20,250,-20,240,90" /><INIT seed="1,0,0,5,4,2" ten="210,230,230,330" oya="1" hai0="129,32,106,95,17,0,126,37,54,102,44,58,65" hai1="62,4,56,43,120,83,130,13,23,47,33,133,20" hai2="67,105,15,49,53,46,89,82,119,121,118,78,108" hai3="69,45,116,3,74,81,52,131,75,109,128,91,97"/><U92/><E33/><V77/><F121/><W85/><G109/><T99/><D126/><U18/><E120/><V28/><F105/><W100/><G69/><T98/><D129/><N who="3" m="49737" /><G3/><T66/><D32/><U9/><E130/><V14/><F108/><W132/><G132/><T16/><D0/><U88/><E133/><V21/><F67/><W1/><G1/><T22/><D44/><U110/><E110/><V27/><F119/><W87/><G116/><T7/><D7/><U61/><E83/><V73/><F118/><W80/><G45/><T134/><D37/><U114/><E114/><V8/><F78/><N who="3" m="46231" /><G52/><T70/><D70/><U59/><E47/><V5/><F89/><W42/><G42/><T60/><D134/><U122/><E43/><V39/><REACH who="2" step="1"/><F15/><REACH who="2" ten="210,230,220,330" step="2"/><W10/><G10/><T124/><D124/><U76/><E76/><V86/><F86/><W40/><G40/><T90/><D17/><U11/><E11/><V84/><F84/><W50/><G50/><T36/><D36/><AGARI ba="0,1" hai="5,8,14,21,27,28,36,39,46,49,53,73,77,82" machi="36" ten="40,2600,0" yaku="1,1,52,1,53,0" doraHai="2" doraHaiUra="31" who="2" fromWho="0" sc="210,-26,230,0,220,36,330,0" /><INIT seed="2,0,0,1,0,129" ten="184,230,256,330" oya="2" hai0="123,85,116,75,11,82,99,134,81,56,9,70,35" hai1="92,27,115,38,106,6,133,12,89,54,95,64,96" hai2="46,101,114,20,33,59,51,132,98,16,126,90,29" hai3="58,77,22,52,118,83,1,91,42,8,15,36,53"/><V39/><F114/><W109/><G118/><T107/><D123/><U86/><E106/><V71/><F71/><W61/><G109/><T34/><D70/><U14/><E38/><V97/><F126/><W55/><G1/><T62/><D116/><U100/><E115/><V63/><F39/><W108/><G108/><T57/><D75/><U125/><E125/><V10/><F10/><W45/><G22/><T13/><D107/><U131/><E131/><V28/><F90/><W122/><G91/><T72/><D72/><U121/><E64/><V18/><F18/><W67/><G122/><T43/><D99/><U127/><E127/><V94/><F98/><W78/><REACH who="3" step="1"/><G83/><REACH who="3" ten="184,230,256,320" step="2"/><T124/><D124/><U5/><E121/><V76/><F20/><W26/><G26/><T80/><D80/><U79/><E27/><V112/><F112/><W73/><G73/><T40/><D13/><U60/><E79/><V23/><F76/><W119/><G119/><T87/><D62/><U44/><E60/><V19/><F23/><W74/><G74/><T128/><D128/><U25/><E25/><V84/><F63/><W103/><G103/><T50/><REACH who="0" step="1"/><D50/><REACH who="0" ten="174,230,256,320" step="2"/><U3/><E14/><V21/><F51/><W105/><G105/><T130/><D130/><U41/><E12/><V2/><F2/><W24/><G24/><T37/><D37/><U88/><E3/><V93/><F94/><W113/><G113/><T117/><D117/><U31/><E95/><V0/><F93/><W30/><G30/><T32/><D32/><U48/><E92/><V111/><F28/><W65/><G65/><RYUUKYOKU ba="0,2" sc="174,15,230,-15,256,-15,320,15" hai0="9,11,34,35,40,43,56,57,81,82,85,87,134" hai3="8,15,36,42,45,52,53,55,58,61,67,77,78" /><INIT seed="3,1,2,5,4,67" ten="189,215,241,335" oya="3" hai0="9,129,102,115,72,23,86,56,128,95,96,54,33" hai1="29,120,70,53,5,39,8,27,97,109,63,30,24" hai2="79,104,58,13,0,32,42,76,134,103,10,14,94" hai3="126,28,69,78,21,18,119,89,80,73,132,114,117"/><W16/><G114/><T93/><D33/><U48/><E120/><V50/><F32/><W83/><G69/><T12/><D72/><U111/><E39/><V113/><F104/><W107/><G107/><T121/><D121/><U75/><E75/><V112/><F0/><W11/><G28/><N who="1" m="10858" /><E97/><N who="2" m="59831" /><F112/><W36/><G36/><T26/><D115/><U6/><E63/><V90/><F134/><W77/><G89/><N who="0" m="53431" /><D129/><U37/><E37/><V47/><F14/><W38/><G11/><T85/><D128/><U106/><E70/><V51/><F90/><W31/><G38/><T116/><D116/><U59/><E106/><V61/><F51/><W135/><G126/><T92/><D85/><U52/><E53/><N who="2" m="33999" /><F113/><W22/><G31/><N who="0" m="17887" /><D95/><U34/><E34/><V55/><F42/><W130/><G73/><T41/><D41/><U127/><E127/><V4/><AGARI ba="1,2" hai="4,10,13,47,50,55,76,79" m="33999,59831" machi="4" ten="30,1100,0" yaku="8,1" doraHai="67" who="2" fromWho="2" sc="189,-4,215,-4,241,34,335,-6" owari="185,-31.5,211,-18.9,275,7.5,329,42.9" /></mjloggm>