<mjloggm ver="2.3"><GO type="225" lobby="0"/><UN n0="%E3%83%8F%E3%83%B3%E3%83%89%E3%83%A9%E3%83%BC%E3%83%BB%E3%83%AF%E3%83%B3" n1="%E3%81%BF%E3%81%BF%E3%81%9A" n2="%E3%81%B5%E3%81%98%E3%81%8B%E3%81%A4" n3="%E8%B6%85%E7%B4%9A%E9%B3%B3%E5%87%B0" dan="17,18,16,17" rate="2249.38,2257.07,2150.50,2145.74" sx="M,M,M,F"/><TAIKYOKU oya="0"/><INIT seed="0,0,0,5,4,102" ten="250,250,250,250" oya="0" hai0="61,58,103,0,37,126,7,71,122,1,72,100,20" hai1="63,101,19,80,31,79,134,57,52,119,34,51,22" hai2="29,109,123,18,127,97,107,33,32,36,28,42,111" hai3="23,92,104,9,124,62,30,53,106,68,11,41,47"/><T108/><D122/><U24/><E119/><V84/><F123/><W76/><G124/><T48/><D37/><U12/><E134/><V27/><F84/><W94/><G76/><T95/><D72/><U98/><E63/><V25/><F127/><W15/><G68/><T5/><D126/><U75/><E101/><N who="2" m="62895" /><F18/><W49/><G62/><T10/><D71/><U81/><E80/><V70/><F70/><W40/><G30/><T117/><D117/><U60/><E98/><V114/><F114/><W93/><G23/><T65/><D108/><N who="2" m="41546" /><F42/><W6/><G11/><T8/><D95/><U82/><E82/><V133/><F36/><W135/><G135/><AGARI ba="0,0" hai="25,27,28,29,32,33,133,135" m="41546,62895" machi="135" ten="30,3900,0" yaku="14,1,23,1,52,1" doraHai="102" who="2" fromWho="3" sc="250,0,250,0,250,39,250,-39" /><INIT seed="1,0,0,0,1,39" ten="250,250,289,211" oya="1" hai0="48,107,64,114,133,92,74,59,119,17,91,127,83" hai1="54,110,4,11,33,42,78,118,128,132,18,123,75" hai2="16,99,98,72,84,63,104,43,31,56,87,5,85" hai3="36,28,25,35,38,76,117,106,6,37,51,19,55"/><U126/><E118/><V101/><F72/><W77/><G106/><T62/><D119/><U46/><E123/><V29/><F5/><W45/><G117/><T102/><D114/><U93/><E33/><V15/><F99/><W53/><G6/><T103/><D127/><U2/><E126/><V21/><REACH who="2" step="1"/><F43/><REACH who="2" ten="250,250,279,211" step="2"/><W86/><G86/><T30/><D74/><U82/><E128/><V34/><F34/><W116/><G116/><T61/><D133/><U3/><E132/><V95/><F95/><W49/><REACH who="3" step="1"/><G19/><REACH who="3" ten="250,250,279,201" step="2"/><T113/><D17/><U26/><E18/><V105/><F105/><W9/><G9/><T69/><D107/><U112/><E11/><V12/><F12/><W8/><G8/><T100/><D113/><U10/><E112/><V65/><AGARI ba="0,2" hai="15,16,21,29,31,56,63,65,84,85,87,98,101,104" machi="65" ten="30,4000,0" yaku="1,1,0,1,54,1,53,0" doraHai="39" doraHaiUra="7" who="2" fromWho="2" sc="250,-10,250,-20,279,60,201,-10" /><INIT seed="2,0,0,4,4,50" ten="240,230,339,191" oya="2" hai0="7,17,44,104,10,116,40,114,108,43,82,54,8" hai1="127,110,113,52,87,75,11,62,28,86,97,34,124" hai2="96,61,39,23,36,29,123,59,134,74,77,24,94" hai3="128,15,135,35,68,30,125,111,92,83,51,31,48"/><V130/><F123/><W89/><G68/><T67/><D114/><U80/><E113/><V100/><F134/><W99/><G135/><T107/><D67/><U70/><E110/><V58/><F130/><W13/><G111/><T55/><D108/><U6/><E97/><V1/><F1/><W105/><G128/><T32/><D32/><U72/><E28/><V98/><F98/><W57/><G125/><N who="1" m="48202" /><E34/><V131/><F131/><W120/><G120/><T47/><D82/><U20/><E20/><V93/><F93/><W85/><G105/><T81/><D81/><U133/><E133/><V91/><F74/><N who="1" m="28201" /><E80/><V38/><F77/><W119/><G119/><T12/><D116/><U109/><E109/><V90/><REACH who="2" step="1"/><F58/><REACH who="2" ten="240,230,329,191" step="2"/><W5/><G57/><T65/><D107/><U117/><E117/><V27/><F27/><W78/><G13/><N who="0" m="7335" /><D104/><U132/><E70/><V21/><F21/><W121/><G121/><T42/><D65/><AGARI ba="0,1" hai="23,24,29,36,38,39,59,61,65,90,91,94,96,100" machi="65" ten="40,12000,1" yaku="1,1,25,2,53,1" doraHai="50" doraHaiUra="53" who="2" fromWho="0" sc="240,-120,230,0,329,130,191,0" /><INIT seed="2,1,0,4,3,41" ten="120,230,459,191" oya="2" hai0="72,7,30,123,78,110,76,36,4,112,62,83,63" hai1="104,29,21,100,65,22,39,52,12,60,28,26,57" hai2="95,128,93,121,35,3,99,126,118,44,89,66,59" hai3="13,79,125,124,8,18,23,113,70,101,132,43,34"/><V20/><F121/><W106/><G70/><T48/><D123/><U5/><E39/><V71/><F118/><W135/><G79/><T27/><D112/><U86/><E104/><V54/><F35/><W68/><G68/><T98/><D36/><U1/><E1/><V32/><F3/><W15/><G113/><T49/><D110/><U53/><E100/><V31/><F32/><W10/><G43/><T0/><D98/><U102/><E102/><V134/><F126/><N who="3" m="48747" /><G101/><T19/><D19/><U46/><E86/><V107/><F134/><N who="3" m="51243" /><G106/><T87/><D72/><U90/><E90/><V64/><F107/><W74/><G74/><T69/><D69/><U73/><E73/><V56/><F71/><W77/><G77/><T75/><D75/><U92/><E92/><V67/><F89/><W94/><G94/><T130/><D78/><U51/><E5/><V17/><F95/><W84/><G84/><T58/><D4/><U116/><E116/><V119/><F93/><W97/><G97/><T80/><D87/><U108/><E108/><V33/><F99/><W117/><G117/><T81/><D76/><U122/><E122/><V96/><F119/><W82/><G82/><T9/><D81/><U85/><E85/><V61/><F96/><W55/><G55/><N who="0" m="34143" /><D83/><U2/><E2/><V91/><F91/><W114/><G114/><T25/><D80/><U11/><E53/><V109/><F54/><W16/><G34/><T14/><D63/><U115/><E115/><V88/><F61/><W131/><G131/><T40/><D130/><U111/><E60/><V6/><F128/><RYUUKYOKU ba="1,0" sc="120,-10,230,-10,459,-10,191,30" hai3="8,10,13,15,16,18,23" /><INIT seed="3,2,0,0,2,130" ten="110,220,449,221" oya="3" hai0="117,83,54,53,133,55,60,105,87,32,127,79,52" hai1="110,123,28,93,115,39,81,121,34,63,31,14,109" hai2="74,13,62,108,92,17,21,61,11,99,26,119,50" hai3="30,114,3,94,6,7,82,67,46,19,103,89,90"/><W10/><G114/><T51/><D117/><U56/><E115/><V77/><F108/><N who="1" m="41577" /><E39/><V102/><F119/><W111/><G111/><T45/><D32/><U22/><E81/><V20/><F74/><W125/><G125/><T1/><D1/><U9/><E22/><V88/><F77/><W5/><G30/><N who="1" m="11306" /><E93/><N who="2" m="58735" /><F50/><W65/><G19/><T27/><D105/><U0/><E0/><V128/><F128/><W86/><G103/><T33/><D127/><U58/><E34/><V35/><F35/><W41/><G6/><T44/><D33/><U124/><E124/><V91/><F91/><W122/><G7/><T48/><D27/><U84/><E84/><N who="2" m="52231" /><F21/><W12/><G3/><T85/><D133/><U68/><E68/><V101/><F101/><W107/><G107/><T42/><REACH who="0" step="1"/><D85/><REACH who="0" ten="100,220,449,221" step="2"/><U98/><E123/><V37/><F37/><W126/><G126/><T16/><D16/><AGARI ba="2,1" hai="11,13,16,17,20,26,61,62" m="52231,58735" machi="16" ten="30,3900,0" yaku="8,1,54,2" doraHai="130" who="2" fromWho="0" sc="100,-45,220,0,449,55,221,0" owari="55,-44.5,220,-18.0,504,60.4,221,2.1" /></mjloggm>