<mjloggm ver="2.3"><GO type="225" lobby="0"/><UN n0="%E8%BE%9B%E5%8F%A3%E3%82%AB%E3%83%AC%E3%83%BC%E3%83%A9%E3%82%A4%E3%82%B9" n1="%E3%81%95%E3%81%8D%E3%81%9F%E3%81%BE%E6%9E%97%E6%AA%8E" n2="%E4%B8%96%E7%95%8C%E3%81%AE%E4%BA%80%E4%BA%95" n3="%E3%81%A4%E3%81%A3%E3%81%B1%E3%82%8A%E3%83%9D%E3%83%BC%E3%83%AB" dan="17,16,17,17" rate="2233.10,2090.70,2155.70,2154.83" sx="M,M,M,M"/><TAIKYOKU oya="0"/><INIT seed="0,0,0,1,4,103" ten="250,250,250,250" oya="0" hai0="96,88,73,120,116,132,7,47,4,110,65,19,14" hai1="29,21,98,69,61,62,40,8,11,50,122,56,68" hai2="86,1,53,123,134,87,27,17,63,2,84,75,107" hai3="72,105,31,119,77,35,26,108,42,20,125,12,83"/><T79/><D116/><U6/><E122/><V133/><F123/><W5/><G119/><T39/><D120/><U59/><E98/><V49/><F75/><W127/><G108/><T91/><D132/><N who="2" m="50794" /><F63/><W115/><G115/><T0/><D0/><U66/><E29/><V36/><F36/><W124/><G42/><T16/><D65/><U32/><E32/><V45/><F107/><W38/><G38/><T64/><D64/><U70/><E21/><AGARI ba="0,0" hai="1,2,17,21,27,45,49,53,84,86,87" m="50794" machi="21" ten="30,1000,0" yaku="20,1" doraHai="103" who="2" fromWho="1" sc="250,0,250,-10,250,10,250,0" /><INIT seed="1,0,0,0,3,118" ten="250,240,260,250" oya="1" hai0="44,20,59,43,71,110,135,24,123,57,104,60,47" hai1="18,66,2,129,69,6,105,67,13,39,94,22,27" hai2="75,50,83,73,19,36,33,21,70,80,37,49,124" hai3="28,99,119,1,103,91,7,96,89,133,121,45,97"/><U76/><E105/><V3/><F33/><W52/><G121/><T29/><D104/><U40/><E129/><V125/><F70/><W16/><G119/><T5/><D110/><U4/><E69/><V48/><F3/><W46/><G133/><T106/><D106/><U117/><E117/><V107/><F107/><W30/><G103/><T90/><D135/><U122/><E122/><V17/><F21/><W41/><G7/><N who="1" m="2602" /><E39/><V31/><F48/><N who="3" m="28695" /><G1/><T85/><D123/><U38/><E38/><V14/><F14/><W131/><G131/><T92/><D5/><U134/><E134/><V102/><F31/><N who="3" m="11819" /><G16/><T72/><D72/><U77/><E2/><V65/><F65/><N who="1" m="24585" /><E40/><V32/><F32/><W109/><G109/><T68/><D43/><U98/><E27/><V23/><F23/><W112/><G112/><T113/><D113/><U55/><E55/><V111/><F111/><W82/><G82/><T12/><D71/><U88/><AGARI ba="0,0" hai="13,18,22,76,77,88,94,98" m="24585,2602" machi="88" ten="30,3000,0" yaku="8,1,54,1" doraHai="118" who="1" fromWho="1" sc="250,-10,240,30,260,-10,250,-10" /><INIT seed="1,1,0,2,2,54" ten="240,270,250,240" oya="1" hai0="28,135,134,117,6,105,64,82,30,129,16,57,94" hai1="52,120,79,111,19,81,84,126,121,74,50,61,107" hai2="4,88,44,56,40,87,75,69,33,23,72,104,86" hai3="85,66,0,51,78,76,112,13,101,67,2,131,58"/><U124/><E107/><V18/><F69/><W116/><G112/><T26/><D105/><U97/><E74/><V118/><F33/><W39/><G39/><T11/><D117/><U43/><E43/><V99/><F118/><W46/><G116/><T9/><D129/><U22/><E97/><V128/><F128/><W59/><G2/><T1/><D82/><U65/><E111/><V90/><F4/><W21/><G0/><T133/><D94/><U91/><E79/><N who="3" m="30250" /><G101/><T32/><D28/><U100/><E100/><V130/><F99/><W123/><G85/><T8/><REACH who="0" step="1"/><D16/><REACH who="0" ten="230,270,250,240" step="2"/><U73/><E121/><V27/><F104/><W103/><G123/><T125/><D125/><N who="1" m="48235" /><E120/><V35/><F130/><W92/><G131/><T110/><D110/><U127/><E127/><V53/><F75/><W70/><G92/><T20/><D20/><U29/><E29/><V34/><F72/><W83/><G83/><T115/><D115/><U60/><E73/><V15/><F34/><W96/><G21/><T108/><D108/><U47/><E65/><V37/><F35/><W63/><G67/><T17/><D17/><U89/><E89/><V49/><F90/><W132/><G103/><T5/><D5/><U119/><E119/><V31/><F88/><W24/><G66/><T122/><D122/><U14/><AGARI ba="1,1" hai="14,19,22,47,50,52,60,61,81,84,91" m="48235" machi="14" ten="30,3000,0" yaku="18,1,54,1" doraHai="54" who="1" fromWho="1" sc="230,-11,270,43,250,-11,240,-11" /><INIT seed="1,2,0,1,1,28" ten="219,313,239,229" oya="1" hai0="86,116,24,15,85,106,110,114,4,59,135,13,41" hai1="10,11,120,119,30,20,61,126,71,1,74,96,67" hai2="34,44,118,111,48,122,68,23,42,113,60,123,40" hai3="105,134,58,14,131,75,87,130,66,2,12,7,52"/><U46/><E119/><V80/><F118/><W124/><G75/><T90/><D116/><U97/><E120/><V99/><F111/><W128/><G105/><T127/><D114/><U63/><E74/><V38/><F113/><W81/><G66/><T93/><D106/><U103/><E126/><V49/><F23/><W35/><G124/><T125/><D110/><U54/><E97/><V22/><F22/><W89/><G134/><T78/><D135/><U83/><E83/><V9/><F9/><N who="3" m="2295" /><G35/><T101/><D101/><U32/><E20/><V98/><F80/><W8/><G8/><T27/><D41/><U37/><E1/><V72/><F72/><W29/><G29/><T57/><D125/><U55/><E61/><AGARI ba="2,0" hai="12,14,52,58,61,81,87,89,128,130,131" m="2295" machi="61" ten="30,2000,0" yaku="19,1,54,1" doraHai="28" who="3" fromWho="1" sc="219,0,313,-26,239,0,229,26" /><INIT seed="2,0,0,4,0,70" ten="219,287,239,255" oya="2" hai0="82,26,8,9,60,107,44,15,42,38,67,61,6" hai1="135,51,0,128,83,58,23,80,25,34,84,2,20" hai2="81,109,98,46,64,49,92,65,112,127,129,18,4" hai3="133,50,31,66,16,24,86,118,110,54,91,97,30"/><V10/><F112/><W39/><G39/><T95/><D107/><U72/><E72/><V45/><F129/><W32/><G118/><T122/><D122/><U19/><E128/><V88/><F127/><W89/><G110/><T87/><D95/><U79/><E34/><V69/><F109/><W99/><G133/><T43/><D43/><U78/><E135/><V33/><F69/><W63/><G89/><T62/><D26/><U130/><E130/><V85/><F33/><W126/><G126/><T120/><D9/><U13/><E58/><V56/><F18/><W75/><G75/><T57/><REACH who="0" step="1"/><D120/><REACH who="0" ten="209,287,239,255" step="2"/><U100/><E25/><V90/><F56/><N who="3" m="32855" /><G32/><T5/><D5/><U77/><E83/><V27/><F27/><W35/><G35/><T121/><D121/><U123/><E80/><V29/><F45/><W125/><G125/><T104/><D104/><U59/><E123/><V119/><F119/><W132/><G132/><T41/><D41/><U28/><E0/><V116/><F116/><W47/><G24/><T108/><D108/><U111/><E2/><V131/><F131/><W22/><G31/><T134/><D134/><U74/><E28/><V103/><F29/><W14/><G30/><T114/><D114/><U48/><E111/><V76/><F10/><W73/><G22/><T96/><D96/><U7/><E23/><V3/><F3/><W55/><G99/><T101/><D101/><U37/><E100/><V94/><F4/><W113/><G97/><T115/><D115/><U17/><E7/><V71/><F103/><W52/><G113/><T93/><D93/><RYUUKYOKU ba="0,1" sc="209,30,287,-10,239,-10,255,-10" hai0="6,8,15,38,42,44,57,60,61,62,67,82,87" /><INIT seed="3,1,1,0,3,19" ten="239,277,229,245" oya="3" hai0="39,32,100,71,107,82,91,25,45,75,30,74,98" hai1="62,72,18,84,58,118,79,122,103,8,73,81,134" hai2="99,52,28,135,60,4,130,69,50,109,26,124,132" hai3="40,129,13,16,34,70,49,88,94,41,46,36,108"/><W35/><G70/><T125/><D125/><U102/><E122/><V120/><F124/><W114/><G114/><T3/><D91/><U101/><E118/><V15/><F109/><W117/><G117/><T44/><D44/><U37/><E37/><V47/><F120/><W105/><G105/><T10/><D71/><U2/><E134/><N who="2" m="51243" /><F99/><W116/><G116/><T67/><D67/><U113/><E113/><V42/><F130/><W87/><G129/><T5/><REACH who="0" step="1"/><D82/><REACH who="0" ten="229,277,229,245" step="2"/><U133/><E133/><V1/><F69/><W59/><G108/><T106/><D106/><U95/><E81/><V22/><F42/><AGARI ba="1,2" hai="3,5,10,25,30,32,39,42,45,74,75,98,100,107" machi="42" ten="40,8000,1" yaku="1,1,33,3,53,1" doraHai="19" doraHaiUra="43" who="0" fromWho="2" sc="229,103,277,0,229,-83,245,0" owari="332,43.2,277,7.7,146,-35.4,245,-15.5" /></mjloggm>