<mjloggm ver="2.3"><GO type="225" lobby="0"/><UN n0="%72%69%6F%75%63%68%61%6E" n1="%E6%80%AA%E3%81%97%E3%81%99%E3%81%8E%E3%82%8B%E3%83%81%E3%83%BC" n2="%E9%9B%80%E6%A5%B5%E3%81%AE%E3%81%B8" n3="%E3%81%82%E3%81%99%E3%81%AB%E3%82%83%E3%82%80" dan="17,16,17,16" rate="2269.38,2181.16,2105.61,2017.73" sx="M,M,M,F"/><TAIKYOKU oya="0"/><INIT seed="0,0,0,3,1,18" ten="250,250,250,250" oya="0" hai0="43,69,74,12,58,4,134,116,54,73,101,57,98" hai1="7,40,88,17,103,72,21,22,65,25,64,2,36" hai2="5,37,127,107,15,71,108,122,97,29,24,135,19" hai3="1,79,53,66,34,89,86,112,99,114,131,56,85"/><T81/><D116/><U30/><E72/><V123/><F37/><W55/><G1/><T80/><D134/><U13/><E103/><V3/><F71/><W119/><G119/><T44/><D69/><U11/><REACH who="1" step="1"/><E88/><REACH who="1" ten="250,240,250,250" step="2"/><V16/><F123/><W33/><G89/><T109/><D74/><U111/><E111/><V8/><F108/><W23/><G79/><T102/><D109/><U125/><E125/><V62/><F127/><W52/><G99/><T41/><D102/><U91/><E91/><V130/><F122/><W133/><G133/><T96/><D96/><U90/><E90/><V78/><F135/><W95/><G86/><T28/><D73/><U70/><E70/><V124/><F124/><W128/><G85/><T132/><D132/><U9/><E9/><V76/><F78/><W121/><G121/><T94/><D81/><U51/><E51/><V46/><F76/><W26/><G95/><T87/><D87/><U105/><E105/><V115/><F107/><W75/><G75/><T117/><D80/><U120/><E120/><V82/><F82/><W0/><G112/><T83/><D83/><U48/><E48/><V126/><F126/><W106/><G114/><T38/><D117/><U35/><E35/><N who="2" m="20903" /><F97/><W61/><G106/><T49/><D38/><U42/><E42/><N who="0" m="15881" /><D28/><U27/><E27/><V31/><F31/><W93/><G93/><T67/><D67/><U39/><E39/><V113/><F115/><W100/><G100/><T110/><D110/><U59/><E59/><V10/><F113/><W84/><G84/><T68/><D68/><U104/><E104/><RYUUKYOKU ba="0,1" sc="250,15,240,15,250,-15,250,-15" hai0="4,12,44,49,54,57,58,94,98,101" hai1="2,7,11,13,17,21,22,25,30,36,40,64,65" /><INIT seed="0,1,1,0,1,8" ten="265,255,235,235" oya="0" hai0="123,115,107,64,120,97,10,118,58,106,56,21,102" hai1="81,7,127,134,34,50,129,15,87,32,54,108,117" hai2="29,35,105,98,14,28,44,73,101,121,48,95,116" hai3="124,93,53,85,11,76,71,79,41,51,92,39,17"/><T37/><D115/><U62/><E117/><V91/><F121/><W68/><G124/><T63/><D118/><U74/><E74/><V20/><F73/><W42/><G39/><T132/><D132/><U84/><E127/><V38/><F38/><W16/><G53/><T36/><D107/><U135/><E108/><V33/><F116/><W18/><G11/><T61/><D36/><U94/><E62/><V49/><F49/><W2/><G2/><T89/><D37/><U24/><E129/><V69/><F69/><N who="3" m="26699" /><G85/><T27/><D89/><N who="1" m="53543" /><E24/><V55/><F28/><W57/><G51/><T80/><D80/><U0/><E0/><V86/><REACH who="2" step="1"/><F29/><REACH who="2" ten="265,255,225,235" step="2"/><W122/><G122/><T30/><REACH who="0" step="1"/><D10/><REACH who="0" ten="255,255,225,235" step="2"/><U66/><E134/><V131/><F131/><W47/><G47/><T26/><D26/><U130/><E135/><V40/><F40/><N who="3" m="15467" /><G57/><T52/><AGARI ba="1,3" hai="21,27,30,52,56,58,61,63,64,97,102,106,120,123" machi="52" ten="20,7800,0" yaku="1,1,0,1,7,1,54,1,53,0" doraHai="8" doraHaiUra="45" who="0" fromWho="0" sc="255,111,255,-27,225,-27,235,-27" /><INIT seed="0,2,0,2,2,80" ten="366,228,198,208" oya="0" hai0="22,16,111,135,62,84,63,132,19,2,12,68,104" hai1="122,107,78,71,110,54,30,42,116,99,87,39,90" hai2="47,61,120,117,89,13,112,131,72,18,51,17,106" hai3="37,74,124,7,92,65,43,38,23,113,100,33,34"/><T81/><D111/><U82/><E116/><V109/><F106/><W94/><G113/><T45/><D104/><U86/><E71/><V52/><F72/><W101/><G74/><T57/><D2/><U133/><E122/><V20/><F131/><W95/><G65/><T126/><D126/><U11/><E133/><N who="0" m="51273" /><D68/><U27/><E110/><V60/><F117/><W125/><G23/><N who="0" m="11655" /><D45/><U102/><E11/><V15/><F112/><W129/><G7/><T44/><D44/><U0/><E0/><V31/><F120/><W25/><G129/><T77/><D57/><U9/><E9/><V29/><F109/><W97/><G43/><T130/><D130/><U24/><E54/><V8/><REACH who="2" step="1"/><F89/><REACH who="2" ten="366,228,188,208" step="2"/><W55/><G124/><T1/><D1/><U66/><E90/><V64/><F64/><W75/><G125/><T59/><D59/><U134/><E66/><V70/><F70/><W3/><G3/><T28/><D28/><AGARI ba="2,1" hai="8,13,15,17,18,20,28,29,31,47,51,52,60,61" machi="28" ten="40,5200,0" yaku="1,1,8,1,54,1,53,0" doraHai="80" doraHaiUra="103" who="2" fromWho="0" sc="366,-58,228,0,188,68,208,0" /><INIT seed="1,0,0,0,5,93" ten="308,228,256,208" oya="1" hai0="15,20,117,44,110,65,53,112,13,85,125,7,68" hai1="97,1,16,124,6,42,79,21,87,32,128,22,118" hai2="107,73,102,4,55,92,132,103,48,51,95,38,109" hai3="17,122,114,58,116,130,133,127,43,75,101,61,86"/><U19/><E118/><V81/><F38/><W10/><G122/><T76/><D112/><U134/><E32/><V121/><F4/><W49/><G114/><T54/><D117/><U106/><E128/><V98/><F121/><W111/><G116/><T31/><D110/><U83/><E124/><V24/><F132/><W88/><G75/><T120/><D125/><U39/><E134/><V63/><F107/><W28/><G127/><T89/><D120/><U104/><E42/><V69/><F69/><W29/><G133/><T50/><D76/><U126/><E39/><V80/><F73/><W94/><G101/><T131/><D131/><U129/><E129/><V66/><F24/><W60/><G111/><T35/><D35/><U82/><E126/><V23/><F23/><W2/><G61/><T27/><D7/><U34/><E34/><V3/><F3/><W57/><G2/><T59/><D65/><U67/><E67/><V74/><F74/><W62/><G62/><N who="0" m="36207" /><D68/><U71/><E71/><V64/><F63/><W5/><G5/><T99/><D99/><U105/><E97/><N who="2" m="59687" /><F48/><W14/><G130/><T52/><D54/><U56/><E6/><V36/><F36/><W12/><G12/><T78/><D78/><N who="1" m="46551" /><E1/><V135/><F135/><W18/><G18/><N who="1" m="6698" /><E56/><N who="2" m="32895" /><F109/><W26/><G43/><T96/><D96/><U123/><E123/><V46/><F46/><W113/><G113/><T91/><D91/><U84/><E104/><V33/><F33/><W115/><G115/><T8/><D8/><U40/><E40/><V0/><F0/><W90/><G90/><T100/><D100/><RYUUKYOKU ba="0,0" sc="308,10,228,10,256,10,208,-30" hai0="13,15,20,27,31,44,50,52,85,89" hai1="21,22,79,83,84,105,106" hai2="64,66,80,81,95,98,103" /><INIT seed="1,1,0,2,5,76" ten="318,238,266,178" oya="1" hai0="62,55,75,85,108,0,112,40,84,123,89,79,37" hai1="5,106,34,68,23,25,118,88,105,95,63,36,28" hai2="8,48,20,92,119,43,134,73,117,133,96,122,49" hai3="114,15,11,100,26,74,46,60,9,2,83,67,58"/><U120/><E118/><V24/><F73/><W13/><G114/><T65/><D112/><U53/><E120/><V39/><F39/><W4/><G100/><T103/><D123/><U131/><E131/><V50/><F43/><W29/><G46/><T101/><D108/><U16/><E36/><V38/><F38/><W45/><G45/><T42/><D0/><U129/><E5/><V82/><F8/><W57/><G57/><T17/><D55/><U121/><E129/><V116/><F82/><W14/><G74/><T127/><D127/><U98/><E121/><V124/><F124/><W78/><G78/><T35/><D35/><U113/><E113/><V94/><F122/><W6/><REACH who="3" step="1"/><G83/><REACH who="3" ten="318,238,266,168" step="2"/><N who="0" m="47231" /><D75/><U86/><E68/><V66/><F119/><W54/><G54/><T71/><D71/><U110/><E110/><V59/><F117/><W51/><G51/><T91/><D37/><U27/><E86/><V1/><F116/><W93/><G93/><N who="0" m="54447" /><D91/><U56/><AGARI ba="1,1" hai="16,23,25,27,28,34,53,56,63,88,95,98,105,106" machi="56" ten="30,12000,1" yaku="0,1,25,2,54,2" doraHai="76" who="1" fromWho="1" sc="318,-41,238,133,266,-41,168,-41" /><INIT seed="1,2,0,3,4,46" ten="277,371,225,127" oya="1" hai0="24,49,114,11,99,80,48,89,14,104,21,106,62" hai1="56,8,90,4,121,38,108,75,27,73,84,33,115" hai2="102,110,88,9,120,23,113,85,34,71,42,58,17" hai3="22,37,15,92,131,30,107,64,127,35,129,0,70"/><U119/><E115/><V123/><F71/><W133/><G92/><N who="0" m="56719" /><D106/><U77/><E119/><V95/><F34/><W86/><G86/><T65/><D104/><U45/><E38/><V40/><F113/><W7/><G22/><T74/><D74/><U39/><E77/><V101/><F110/><W51/><G15/><T47/><D114/><U57/><E75/><V103/><F9/><W26/><G51/><N who="0" m="19531" /><D80/><U97/><E73/><V96/><F58/><W18/><G107/><T44/><D62/><U68/><E57/><V100/><F120/><W83/><G83/><T54/><D54/><U98/><E56/><V82/><REACH who="2" step="1"/><F123/><REACH who="2" ten="277,371,215,127" step="2"/><W134/><G70/><T117/><D117/><U59/><E68/><V93/><F93/><W109/><G109/><T116/><D116/><U76/><E59/><V1/><F1/><W128/><G64/><T53/><D65/><U111/><E108/><V124/><F124/><W105/><G105/><T67/><D67/><U132/><E111/><V36/><F36/><W72/><G37/><T13/><D53/><U87/><E39/><V130/><F130/><W69/><G69/><T20/><D20/><U122/><E121/><V25/><AGARI ba="2,1" hai="17,23,25,40,42,82,85,88,95,96,100,101,102,103" machi="25" ten="30,7900,0" yaku="1,1,0,1,8,1,54,1,53,0" doraHai="46" doraHaiUra="112" who="2" fromWho="2" sc="277,-22,371,-41,215,95,127,-22" /><INIT seed="2,0,0,2,1,107" ten="255,330,310,105" oya="2" hai0="134,0,129,51,8,106,132,43,73,14,24,6,21" hai1="62,121,108,39,53,110,78,28,125,92,119,40,68" hai2="10,50,55,135,3,113,114,37,64,80,11,63,65" hai3="38,74,9,58,90,32,117,7,76,60,87,77,104"/><V133/><F3/><W131/><G32/><T30/><D106/><U93/><E119/><V94/><F94/><W71/><G38/><T20/><D43/><U41/><E125/><V17/><F17/><W44/><G117/><T1/><D51/><U15/><E121/><V91/><F91/><W96/><G131/><T102/><D102/><U85/><E15/><V120/><F80/><W128/><G128/><T13/><D73/><U22/><E39/><V124/><F37/><W25/><G44/><T5/><D129/><U100/><E93/><V83/><F83/><W67/><G25/><T19/><REACH who="0" step="1"/><D5/><REACH who="0" ten="245,330,310,105" step="2"/><U61/><E41/><V46/><F120/><W112/><G104/><T75/><D75/><U49/><E40/><N who="2" m="24903" /><F124/><W56/><G74/><T115/><D115/><N who="2" m="44042" /><F10/><W88/><G9/><T34/><D34/><U57/><E100/><V33/><F11/><W18/><G112/><T2/><AGARI ba="0,1" hai="0,1,2,6,8,13,14,19,20,21,24,30,132,134" machi="2" ten="40,12000,2" yaku="1,1,0,1,34,3,53,1" doraHai="107" doraHaiUra="23" who="0" fromWho="0" sc="245,130,330,-30,310,-60,105,-30" /><INIT seed="3,0,0,1,0,50" ten="375,300,250,75" oya="3" hai0="98,81,69,28,127,66,67,87,31,18,48,34,17" hai1="16,82,65,14,111,51,33,135,40,8,131,103,73" hai2="62,116,72,125,128,46,68,3,102,4,70,45,63" hai3="15,12,52,39,96,93,54,27,90,77,78,83,117"/><W55/><G39/><T107/><D127/><U108/><E33/><V32/><F102/><W64/><G117/><T57/><D69/><N who="2" m="26730" /><F4/><W92/><G64/><N who="0" m="24619" /><D107/><U132/><E65/><V85/><F85/><N who="3" m="50495" /><G27/><T5/><D34/><U94/><E131/><V130/><F3/><W119/><G119/><T112/><D112/><U2/><E2/><V11/><F11/><W61/><G61/><N who="2" m="23049" /><F32/><W101/><G93/><T106/><D106/><U91/><E103/><V0/><F0/><W79/><AGARI ba="0,0" hai="12,15,52,54,55,77,78,79,92,96,101" m="50495" machi="79" ten="30,12000,1" yaku="8,1,52,3,54,1" doraHai="50" who="3" fromWho="3" sc="375,-40,300,-40,250,-40,75,120" /><INIT seed="3,1,0,0,3,4" ten="335,260,210,195" oya="3" hai0="36,97,109,29,117,99,54,51,50,84,0,116,129" hai1="74,125,24,87,52,101,134,80,10,104,96,65,23" hai2="42,100,26,33,16,44,11,69,68,85,55,66,9" hai3="127,18,28,60,86,22,27,119,98,1,8,34,111"/><W53/><G119/><T57/><D36/><U76/><E125/><V123/><F123/><W95/><G127/><T45/><D109/><U35/><E134/><V114/><F114/><W30/><G111/><T15/><D0/><U79/><E35/><V102/><F55/><W92/><G1/><T2/><D2/><U49/><E65/><V73/><F73/><W12/><G34/><T56/><D129/><U17/><E10/><V19/><F33/><W31/><G86/><T37/><D29/><U90/><E74/><V3/><F85/><W121/><G121/><T133/><D133/><U70/><E70/><V41/><F3/><W108/><G108/><T20/><D37/><U32/><E32/><V71/><F66/><W75/><G75/><T38/><D38/><U62/><E62/><V106/><F106/><W103/><G92/><T124/><D124/><U89/><E89/><V113/><F113/><W5/><G5/><T83/><D117/><U107/><E107/><V21/><F44/><AGARI ba="1,0" hai="17,23,24,44,49,52,76,79,80,87,90,96,101,104" machi="44" ten="30,2000,0" yaku="7,1,54,1" doraHai="4" who="1" fromWho="2" sc="335,0,260,23,210,-23,195,0" owari="335,43.5,283,8.3,187,-31.3,195,-20.5" /></mjloggm>