<mjloggm ver="2.3"><GO type="225" lobby="0"/><UN n0="%E3%81%8C%E3%81%9F" n1="%72%69%6F%75%63%68%61%6E" n2="%E4%BF%BA%E3%81%A8%E5%A6%96%E5%A4%A2" n3="%E3%81%B5%E3%81%98%E3%81%8B%E3%81%A4" dan="16,16,17,17" rate="2124.62,2180.13,2175.40,2221.43" sx="M,M,F,M"/><TAIKYOKU oya="0"/><INIT seed="0,0,0,5,3,2" ten="250,250,250,250" oya="0" hai0="96,77,59,95,87,49,38,91,31,133,110,98,79" hai1="6,67,86,15,0,4,19,41,16,10,36,22,25" hai2="46,93,115,5,97,72,8,33,53,50,80,20,55" hai3="74,35,24,71,47,104,118,3,62,134,113,45,92"/><T111/><D38/><U11/><E67/><V28/><F115/><W131/><RYUUKYOKU type="yao9" ba="0,0" sc="250,0,250,0,250,0,250,0" hai3="3,24,35,45,47,62,71,74,92,104,113,118,131,134" /><INIT seed="0,1,0,5,0,127" ten="250,250,250,250" oya="0" hai0="85,115,73,16,47,6,87,131,12,37,68,121,76" hai1="105,27,25,2,66,122,133,50,49,32,111,3,97" hai2="130,10,117,48,19,54,109,4,88,89,79,24,98" hai3="71,92,33,125,78,74,70,80,135,128,55,64,43"/><T45/><D115/><U39/><E122/><V118/><F109/><W59/><G125/><T61/><D121/><U40/><E111/><V104/><F79/><W8/><G33/><T42/><D6/><U62/><E133/><V21/><F104/><W67/><G135/><T112/><D112/><U114/><E114/><V119/><F130/><W77/><G77/><T0/><D0/><U11/><E11/><V26/><F26/><W38/><G128/><T134/><D134/><U44/><E49/><V123/><F98/><W120/><G120/><T17/><D17/><U86/><E50/><V5/><F123/><W53/><G92/><T9/><D47/><U69/><E86/><V129/><F129/><W29/><G29/><T96/><D96/><U83/><E83/><V13/><REACH who="2" step="1"/><F4/><REACH who="2" ten="250,250,240,250" step="2"/><W22/><G78/><T81/><REACH who="0" step="1"/><D131/><REACH who="0" ten="240,250,240,250" step="2"/><U102/><REACH who="1" step="1"/><E25/><REACH who="1" ten="240,240,240,250" step="2"/><V91/><F91/><W63/><G71/><T82/><D82/><U94/><E94/><V106/><F106/><W108/><G80/><T28/><D28/><AGARI ba="1,3" hai="2,3,27,28,32,39,40,44,62,66,69,97,102,105" machi="28" ten="40,12000,2" yaku="1,1,25,2,33,3,53,1" doraHai="127" doraHaiUra="60" who="1" fromWho="0" sc="240,-123,240,153,240,0,250,0" /><INIT seed="1,0,0,3,4,72" ten="117,393,240,250" oya="1" hai0="13,133,104,87,125,11,63,86,41,115,6,132,91" hai1="117,46,44,2,69,75,26,39,67,113,24,54,101" hai2="80,59,135,89,40,21,85,65,34,58,53,66,64" hai3="106,84,121,102,130,49,36,19,90,29,105,5,131"/><U62/><E113/><V14/><F34/><W99/><G36/><T129/><D115/><U17/><E117/><V76/><F135/><W16/><G121/><T112/><D112/><U70/><E69/><V8/><F40/><W12/><G29/><T88/><D104/><U71/><E70/><V55/><F21/><W9/><G106/><T20/><D129/><N who="3" m="49161" /><G49/><T108/><D108/><U52/><E2/><V81/><F58/><W28/><G28/><T48/><D125/><U93/><E75/><V79/><F80/><AGARI ba="0,0" hai="5,9,12,16,19,80,84,90,99,102,105" m="49161" machi="80" ten="30,2000,0" yaku="19,1,54,1" doraHai="72" who="3" fromWho="2" sc="117,0,393,0,240,-20,250,20" /><INIT seed="2,0,0,3,2,43" ten="117,393,220,270" oya="2" hai0="2,3,127,38,0,67,74,86,121,78,77,49,133" hai1="75,100,81,104,37,113,27,36,92,61,73,123,118" hai2="89,33,90,110,26,19,70,17,102,56,13,68,40" hai3="116,119,16,112,115,105,25,82,20,42,98,15,125"/><V52/><F110/><W79/><G42/><T135/><D121/><U18/><E113/><N who="3" m="43594" /><G125/><T48/><D38/><U9/><E118/><V97/><F40/><W39/><G39/><T88/><D67/><U53/><E104/><V134/><F134/><N who="0" m="51210" /><D127/><U95/><E123/><V83/><F68/><W45/><G45/><T71/><D71/><U29/><E36/><V114/><F70/><W85/><G25/><T21/><D21/><N who="1" m="15599" /><E75/><V65/><F65/><W107/><G98/><T99/><D99/><U59/><E73/><V55/><F83/><W11/><G20/><T1/><N who="0" m="0" /><DORA hai="4" /><T117/><D117/><AGARI ba="0,0" hai="11,15,16,79,82,85,105,107,116,117,119" m="43594" machi="117" ten="30,3900,0" yaku="11,1,52,1,54,1" doraHai="43,4" who="3" fromWho="0" sc="117,-39,393,0,220,0,270,39" /><INIT seed="3,0,0,4,2,110" ten="78,393,220,309" oya="3" hai0="129,81,54,115,49,96,87,103,26,130,56,24,22" hai1="88,114,17,63,119,50,5,33,117,8,36,126,12" hai2="134,27,77,109,93,92,120,85,116,32,108,39,25" hai3="113,3,73,106,64,111,67,62,37,51,29,44,58"/><W14/><G106/><T80/><D22/><U112/><E36/><V72/><F116/><N who="1" m="44617" /><E126/><V42/><F134/><W1/><G73/><T71/><D71/><U53/><E33/><V90/><F120/><W11/><G37/><T41/><D41/><U2/><E63/><V61/><F42/><W59/><G111/><T102/><D87/><U40/><E88/><V128/><F39/><W127/><G127/><T9/><D9/><N who="1" m="2231" /><E40/><V97/><F128/><W76/><G76/><T70/><D70/><U124/><E124/><V121/><F121/><W95/><G95/><T23/><D23/><U6/><E17/><V118/><F118/><W43/><G29/><T105/><D105/><U0/><E12/><V66/><F25/><W35/><G35/><T86/><D86/><U74/><E74/><V78/><F78/><W107/><G107/><T15/><D15/><U101/><E101/><V104/><F92/><W21/><G21/><T83/><D96/><U133/><E133/><V68/><F72/><W91/><G91/><T132/><D132/><U52/><E52/><V98/><F98/><W89/><G113/><T38/><D38/><U55/><E55/><V47/><F47/><AGARI ba="0,0" hai="0,6,8,47,50,53,112,114" m="2231,44617" machi="47" ten="30,3900,0" yaku="12,1,52,2" doraHai="110" who="1" fromWho="2" sc="78,0,393,39,220,-39,309,0" owari="78,-42.2,432,53.2,181,-21.9,309,10.9" /></mjloggm>