<mjloggm ver="2.3"><GO type="225" lobby="0"/><UN n0="%E5%BE%AE%E5%B7%AE%E3%81%AE%E4%BD%95%E5%88%87%E3%82%8B%EF%BC%9C%E9%81%8B" n1="%73%6C%69%63%6B%33%31%39" n2="%4B%2E%32%2E%4B%2E" n3="%E3%81%AF%E3%82%88%E3%81%8A%E3%81%98%E3%81%95%E3%82%93" dan="16,16,16,17" rate="2123.08,2073.13,2163.56,2221.91" sx="M,M,M,M"/><TAIKYOKU oya="0"/><INIT seed="0,0,0,5,3,91" ten="250,250,250,250" oya="0" hai0="77,90,12,107,112,20,120,50,41,11,43,71,18" hai1="121,128,85,70,25,100,46,60,101,51,116,132,27" hai2="7,24,10,6,122,84,1,66,111,13,44,118,113" hai3="59,53,82,37,26,130,76,119,9,15,21,14,106"/><T32/><D112/><U52/><E116/><V68/><F113/><W87/><G130/><T3/><D120/><U96/><E121/><V109/><F122/><W97/><G119/><T42/><D71/><U36/><E128/><V48/><F118/><W83/><G37/><T31/><D107/><U102/><E132/><V55/><F84/><W64/><G64/><T114/><D77/><U34/><E36/><V8/><REACH who="2" step="1"/><F24/><REACH who="2" ten="250,250,240,250" step="2"/><W5/><G26/><N who="0" m="18551" /><D114/><U49/><E85/><V103/><F103/><W104/><G87/><T58/><D90/><U115/><E115/><V95/><F95/><W94/><G104/><T17/><D17/><U39/><E25/><V80/><F80/><W56/><G106/><T61/><D50/><U63/><E39/><V73/><F73/><W23/><G76/><T33/><D33/><U126/><E34/><V125/><F125/><W108/><G82/><T123/><D123/><U62/><E126/><V110/><F110/><W92/><G108/><T57/><D61/><AGARI ba="0,1" hai="1,6,7,8,10,13,44,48,55,61,66,68,109,111" machi="61" ten="40,1300,0" yaku="1,1,53,0" doraHai="91" doraHaiUra="93" who="2" fromWho="0" sc="250,-13,250,0,240,23,250,0" /><INIT seed="1,0,0,0,2,71" ten="237,250,263,250" oya="1" hai0="134,132,53,29,91,87,72,118,56,6,102,13,43" hai1="54,22,86,110,0,135,82,127,48,51,41,63,123" hai2="66,62,42,36,89,122,68,74,57,25,107,130,111" hai3="104,90,92,26,40,35,19,16,77,76,129,81,75"/><U108/><E0/><V23/><F122/><W119/><G104/><T131/><D72/><U55/><E123/><V99/><F74/><W49/><G76/><T120/><D120/><U24/><E127/><V27/><F111/><N who="1" m="42537" /><E135/><N who="0" m="51753" /><D118/><U30/><E63/><V20/><F130/><W70/><G70/><T85/><D131/><U12/><E12/><V60/><F25/><W69/><G69/><T78/><D102/><U106/><E106/><V3/><F27/><W114/><G114/><T64/><D78/><N who="1" m="46423" /><E41/><V133/><F3/><W38/><G119/><T7/><D64/><U101/><E101/><V112/><F112/><W115/><G115/><T33/><D43/><U47/><E54/><V31/><F107/><W124/><G124/><T80/><D13/><U5/><E48/><V97/><F133/><W117/><G49/><N who="0" m="30767" /><D87/><U14/><E14/><V28/><F62/><W73/><G75/><T94/><D29/><U17/><E5/><N who="0" m="1545" /><D33/><U10/><E10/><V15/><F15/><W39/><G40/><T67/><D67/><U105/><E105/><V2/><F2/><W109/><G117/><T93/><AGARI ba="0,0" hai="80,85,91,93,94" m="1545,30767,51753" machi="93" ten="30,1100,0" yaku="20,1" doraHai="71" who="0" fromWho="0" sc="237,11,250,-5,263,-3,250,-3" /><INIT seed="2,0,0,3,2,23" ten="248,245,260,247" oya="2" hai0="89,38,35,62,60,79,43,53,13,113,78,96,115" hai1="128,17,39,63,82,66,46,129,65,126,81,119,26" hai2="48,15,6,122,72,34,125,112,51,28,24,37,84" hai3="108,69,120,106,100,91,20,31,132,16,94,58,64"/><V93/><F72/><W45/><G120/><T88/><D35/><U97/><E119/><V36/><F122/><W98/><G108/><T22/><D38/><U102/><E126/><V10/><F125/><W85/><G132/><T61/><D43/><N who="1" m="22911" /><E17/><V8/><F112/><W134/><G134/><T41/><D41/><U67/><E26/><V71/><F71/><W49/><G69/><T42/><D42/><U101/><E101/><V54/><F48/><W104/><G31/><T124/><D124/><U90/><E90/><V114/><F114/><W77/><G77/><T87/><D96/><U109/><E63/><V86/><F86/><W110/><G110/><T133/><D61/><U11/><E11/><V18/><F93/><W7/><G7/><T47/><D87/><U111/><E111/><V29/><F29/><W127/><G127/><T116/><D116/><U14/><E14/><V5/><F84/><W73/><G73/><T9/><D13/><U44/><E44/><V33/><F33/><W57/><G104/><T123/><D47/><U103/><E103/><V83/><F18/><W70/><G64/><N who="1" m="16386" /><U4/><DORA hai="32" /><E4/><V30/><F30/><W19/><G70/><T135/><D123/><U2/><E2/><V50/><F50/><W99/><G19/><T121/><D121/><U55/><E55/><V68/><F68/><W25/><G85/><T3/><D53/><AGARI ba="0,0" hai="16,20,25,45,49,53,57,58,91,94,98,99,100,106" machi="53" ten="30,3900,0" yaku="7,1,52,1,54,1" doraHai="23,32" who="3" fromWho="0" sc="248,-39,245,0,260,0,247,39" /><INIT seed="3,0,0,4,3,51" ten="209,245,260,286" oya="3" hai0="72,9,81,69,54,131,13,80,97,59,134,65,39" hai1="123,74,55,113,33,77,2,1,105,83,7,129,49" hai2="119,47,87,128,92,112,24,62,135,61,3,88,30" hai3="40,35,14,50,28,11,95,8,75,94,20,96,52"/><W6/><G75/><T12/><D131/><U43/><E113/><V93/><F112/><W99/><G35/><T19/><D134/><U127/><E123/><V64/><F119/><W90/><G40/><T21/><D39/><U15/><E33/><V82/><F3/><W57/><G8/><T109/><D109/><U107/><E129/><V56/><F135/><W67/><G67/><T48/><D72/><U38/><E15/><V111/><F111/><W34/><G34/><T101/><D65/><U31/><E31/><V29/><F128/><W116/><G116/><T16/><REACH who="0" step="1"/><D69/><REACH who="0" ten="199,245,260,286" step="2"/><U121/><E121/><V118/><F118/><W106/><G106/><AGARI ba="0,1" hai="9,12,13,16,19,21,48,54,59,80,81,97,101,106" machi="106" ten="30,12000,2" yaku="1,1,2,1,7,1,52,1,54,1,53,1" doraHai="51" doraHaiUra="46" who="0" fromWho="3" sc="199,130,245,0,260,0,286,-120" owari="329,42.9,245,-15.5,260,6.0,166,-33.4" /></mjloggm>