<mjloggm ver="2.3"><GO type="225" lobby="0"/><UN n0="%E9%80%86%E9%80%A3%E5%B8%AF%E3%81%AE%E9%AC%BC" n1="%E5%A4%96%E5%B7%9D%E7%AB%9C%E6%88%90" n2="%6D%75%75%6D%75%72%61" n3="%E5%B8%86%E7%AB%8B%E5%A4%8F%E8%A1%A3" dan="16,16,16,16" rate="2111.86,2181.98,2140.68,2069.08" sx="M,M,F,M"/><TAIKYOKU oya="0"/><INIT seed="0,0,0,3,0,66" ten="250,250,250,250" oya="0" hai0="80,4,15,2,87,63,57,30,1,120,102,134,83" hai1="88,31,19,86,105,107,96,130,13,12,98,70,129" hai2="29,124,60,61,113,38,53,101,115,23,135,106,64" hai3="95,41,39,43,94,133,11,6,118,0,72,20,36"/><T21/><D134/><U22/><E31/><V49/><F135/><W26/><G133/><T67/><D120/><U91/><E70/><V7/><F38/><W114/><G118/><T35/><D102/><U112/><E112/><V97/><F124/><W56/><G114/><T54/><D35/><U104/><E12/><V16/><F7/><W18/><G72/><T68/><D30/><U5/><E5/><V122/><F122/><W32/><G39/><T33/><D33/><U132/><E132/><V100/><F100/><W17/><G32/><T75/><D75/><U110/><E110/><V50/><F29/><W45/><G41/><T85/><D85/><U28/><E28/><V25/><F60/><W73/><G56/><T14/><D14/><U10/><E10/><V128/><F49/><W81/><REACH who="3" step="1"/><G18/><REACH who="3" ten="250,250,250,240" step="2"/><T76/><D57/><U77/><E129/><V47/><REACH who="2" step="1"/><F128/><REACH who="2" ten="250,250,240,240" step="2"/><W44/><G44/><T123/><D123/><U42/><E130/><V84/><F84/><W116/><G116/><T69/><D87/><U117/><E117/><V99/><F99/><W37/><G37/><T119/><D119/><U82/><E42/><V34/><F34/><W126/><G126/><T9/><D4/><U90/><AGARI ba="0,2" hai="13,19,22,77,82,86,88,90,91,96,98,104,105,107" machi="90" ten="40,2700,0" yaku="0,1,54,1" doraHai="66" who="1" fromWho="1" sc="250,-13,250,47,240,-7,240,-7" /><INIT seed="1,0,0,1,0,125" ten="237,297,233,233" oya="1" hai0="80,108,114,43,42,52,119,62,1,5,7,105,46" hai1="21,0,120,36,12,45,100,130,17,110,61,123,64" hai2="75,117,54,67,89,106,26,72,133,94,132,18,116" hai3="15,60,35,82,74,73,27,28,96,69,3,99,76"/><U102/><E0/><V31/><F106/><W30/><G3/><T50/><D119/><U71/><E130/><V129/><F67/><W70/><G30/><T6/><D108/><U34/><E34/><V37/><F18/><W20/><G73/><T32/><D32/><U122/><REACH who="1" step="1"/><E110/><REACH who="1" ten="237,287,233,233" step="2"/><V77/><F129/><W131/><G131/><T25/><D1/><U33/><E33/><V8/><F116/><W9/><G35/><T103/><D114/><U10/><E10/><V22/><F117/><W127/><G127/><T118/><D118/><U93/><E93/><V98/><F8/><W55/><G70/><T84/><D105/><U59/><E59/><V86/><F132/><W68/><G69/><T83/><D83/><U63/><E63/><V44/><F133/><W65/><REACH who="3" step="1"/><G55/><REACH who="3" ten="237,287,233,223" step="2"/><T134/><D134/><U51/><E51/><V39/><F54/><W113/><G113/><T115/><D115/><U109/><E109/><V88/><F39/><W56/><G56/><T49/><D49/><U81/><E81/><V95/><REACH who="2" step="1"/><F77/><REACH who="2" ten="237,287,223,223" step="2"/><W14/><G14/><T128/><D52/><U23/><E23/><V135/><F135/><W41/><G41/><AGARI ba="0,3" hai="12,17,21,36,41,45,61,64,71,100,102,120,122,123" machi="41" ten="40,2000,0" yaku="1,1,53,0" doraHai="125" doraHaiUra="48" who="1" fromWho="3" sc="237,0,287,50,223,0,223,-20" /><AGARI ba="0,0" hai="22,26,31,37,41,44,72,75,86,88,89,94,95,98" machi="41" ten="40,2600,0" yaku="1,1,54,1,53,0" doraHai="125" doraHaiUra="48" who="2" fromWho="3" sc="237,0,337,0,223,26,203,-26" /><INIT seed="1,1,0,3,1,25" ten="237,337,249,177" oya="1" hai0="125,117,104,88,31,57,12,65,129,119,43,54,94" hai1="74,109,73,26,0,124,35,127,14,45,78,13,80" hai2="66,41,96,59,101,38,128,46,93,123,72,130,131" hai3="24,11,105,52,114,10,86,15,7,113,33,8,69"/><U4/><E74/><V122/><REACH who="2" step="1"/><F72/><REACH who="2" ten="237,337,239,177" step="2"/><W44/><G114/><T62/><D119/><U110/><E73/><V116/><F116/><W36/><G113/><T18/><D117/><U21/><E110/><V87/><F87/><W20/><G86/><T30/><D129/><U100/><E109/><V79/><F79/><W120/><G120/><T92/><D125/><U77/><E78/><V6/><F6/><W85/><G85/><T2/><D2/><U48/><E4/><V34/><F34/><W83/><G33/><T108/><D108/><U23/><E77/><V95/><F95/><W5/><G5/><T50/><D104/><U70/><E0/><V112/><F112/><W55/><G105/><T76/><D76/><U19/><E35/><V121/><F121/><W49/><G83/><T17/><D94/><U111/><E80/><V58/><F58/><N who="3" m="33039" /><G36/><T90/><D92/><U32/><E32/><V40/><F40/><W27/><G69/><T28/><D43/><U42/><E70/><V3/><F3/><W60/><G7/><T97/><D97/><U53/><E111/><V47/><F47/><W63/><G44/><N who="0" m="27975" /><D18/><U16/><E42/><V106/><F106/><W67/><G55/><T75/><D75/><U71/><E71/><V99/><F99/><W126/><G126/><T1/><D1/><U135/><E127/><V81/><F81/><W9/><N who="3" m="2048" /><DORA hai="56" /><W37/><G67/><T118/><D118/><U107/><E124/><V84/><F84/><W61/><G37/><T98/><D98/><U133/><E107/><V82/><F82/><W134/><G134/><RYUUKYOKU ba="1,1" sc="237,10,337,-30,239,10,177,10" hai0="12,17,28,30,31,57,62,65,88,90" hai2="38,41,46,59,66,93,96,101,122,123,128,130,131" hai3="15,20,24,27,60,61,63" /><INIT seed="2,2,1,4,4,39" ten="247,307,249,187" oya="2" hai0="54,43,71,68,47,86,55,36,49,70,89,9,3" hai1="105,6,121,14,0,85,75,82,88,83,20,110,108" hai2="106,25,23,41,119,24,113,114,130,118,28,44,37" hai3="63,26,87,115,61,10,5,62,134,8,40,81,12"/><V97/><F130/><W103/><G134/><T13/><D3/><U100/><E121/><V120/><F120/><W122/><G122/><T67/><D67/><U4/><E0/><V99/><F25/><W33/><G115/><T2/><D2/><U102/><E20/><V30/><F30/><W7/><G33/><T11/><D36/><U135/><E135/><V131/><F131/><W132/><G132/><T109/><D109/><N who="1" m="42091" /><E14/><V66/><F66/><W111/><G111/><T51/><D51/><U31/><E31/><V104/><F99/><W38/><G103/><N who="1" m="39466" /><E105/><V69/><F97/><W42/><G26/><T59/><D59/><U78/><AGARI ba="2,1" hai="4,6,75,78,82,83,85,88" m="39466,42091" machi="78" ten="30,2000,0" yaku="14,1,54,1" doraHai="39" who="1" fromWho="1" sc="247,-7,307,36,249,-12,187,-7" /><INIT seed="3,0,0,2,1,61" ten="240,343,237,180" oya="3" hai0="62,91,92,40,18,31,25,100,119,19,90,15,78" hai1="35,38,51,94,103,77,79,116,69,81,113,53,95" hai2="89,59,99,13,102,56,41,73,65,82,83,71,130" hai3="52,39,32,1,67,14,33,64,74,101,5,76,118"/><W30/><G118/><T42/><D119/><U96/><E38/><V132/><F73/><W124/><G1/><T21/><D78/><U2/><E35/><V129/><F71/><W58/><G39/><T43/><D62/><U4/><E69/><V84/><F132/><W108/><G101/><T48/><D19/><U127/><E113/><V55/><F41/><W0/><G0/><T46/><D100/><U105/><E79/><V27/><F65/><N who="3" m="25163" /><G30/><T109/><D109/><U37/><E37/><V133/><F133/><W87/><G74/><T114/><D114/><U97/><E97/><V86/><F13/><W135/><G135/><T93/><D91/><U24/><E24/><V111/><F27/><W57/><G108/><T88/><D90/><U26/><E26/><V123/><F111/><W54/><G124/><T117/><D117/><U34/><E34/><V128/><F123/><W75/><G75/><T50/><D50/><U66/><E66/><V121/><F121/><W8/><G33/><T107/><D107/><U12/><E2/><V28/><F28/><W106/><G106/><T44/><D44/><N who="1" m="27879" /><E127/><V3/><F3/><W85/><G32/><T104/><D104/><U29/><E29/><V16/><F102/><W68/><G68/><T60/><D60/><U122/><E122/><V125/><F125/><W49/><G76/><T11/><D93/><U112/><E116/><V115/><F115/><W6/><G6/><T120/><D120/><U17/><E4/><V110/><F110/><W36/><G36/><T10/><D10/><N who="1" m="6295" /><E112/><V9/><F130/><W126/><G126/><RYUUKYOKU ba="0,0" sc="240,10,343,10,237,-30,180,10" hai0="11,15,18,21,25,31,40,42,43,46,48,88,92" hai1="77,81,94,95,96,103,105" hai3="5,8,14,49,52,54,57,58,85,87" /><INIT seed="3,1,0,0,5,118" ten="250,353,207,190" oya="3" hai0="102,38,91,47,52,45,68,62,28,126,100,71,107" hai1="90,112,116,111,79,42,40,72,66,21,43,127,113" hai2="51,37,77,132,87,95,128,123,70,57,76,65,48" hai3="96,98,129,53,6,83,55,26,73,130,120,19,75"/><W88/><G6/><T22/><D126/><U59/><E79/><V36/><F70/><W104/><G26/><T97/><D102/><U86/><E72/><N who="3" m="27722" /><G19/><T131/><D131/><N who="3" m="50185" /><G120/><T64/><D71/><U10/><E127/><V49/><F128/><W7/><G7/><T105/><D105/><U63/><E116/><V20/><F123/><W81/><G104/><T44/><D38/><U106/><E106/><V2/><F2/><W103/><G103/><T41/><D41/><U121/><E121/><V46/><F36/><W30/><G30/><T92/><D22/><U32/><E32/><V27/><F37/><W15/><G15/><T74/><D28/><U115/><E21/><V78/><F132/><W119/><G119/><T1/><D1/><U5/><E5/><V133/><F133/><W85/><G83/><T25/><D25/><U117/><E117/><V101/><F20/><W8/><G8/><T93/><D107/><U134/><E10/><V3/><F3/><W124/><G124/><T4/><D4/><U69/><E134/><V110/><F27/><W56/><G56/><T108/><D100/><U80/><E69/><V58/><F58/><W135/><G135/><T14/><D14/><U84/><E84/><V125/><F125/><W23/><G23/><T31/><D31/><U89/><E86/><V33/><F33/><W109/><G109/><T60/><D108/><U13/><E111/><V114/><F114/><W16/><G16/><T61/><D68/><U24/><E13/><V12/><F12/><W67/><G67/><T18/><D64/><U82/><E24/><RYUUKYOKU ba="1,0" sc="250,-15,353,15,207,-15,190,15" hai1="40,42,43,59,63,66,80,82,89,90,112,113,115" hai3="53,55,81,85,88,96,98" /><INIT seed="3,2,0,3,1,63" ten="235,368,192,205" oya="3" hai0="42,77,1,93,14,72,7,128,20,118,126,34,0" hai1="87,115,111,61,114,53,65,100,45,18,16,3,68" hai2="56,107,30,11,110,125,95,133,12,39,75,35,131" hai3="54,29,123,41,104,43,88,5,57,59,38,22,47"/><W121/><G104/><T10/><D118/><U66/><E3/><V124/><F107/><W49/><G5/><T25/><D128/><U9/><E100/><V69/><F131/><W13/><G13/><T4/><D126/><N who="2" m="48746" /><F69/><W6/><G6/><T2/><D34/><U15/><E18/><N who="2" m="8479" /><F110/><W98/><G43/><T122/><D122/><U21/><E21/><V51/><F133/><W82/><G57/><T8/><D42/><U84/><E84/><V32/><F39/><W19/><G19/><T36/><D36/><U64/><E53/><N who="2" m="31807" /><F75/><W79/><G22/><T73/><D73/><U46/><E46/><V71/><F71/><W119/><G119/><T109/><D109/><U62/><E45/><V117/><F117/><W55/><G55/><T134/><D134/><U83/><E111/><V76/><F76/><W23/><G23/><T24/><D77/><U80/><E80/><V67/><F67/><W96/><G29/><T91/><D72/><U106/><E106/><V48/><F48/><W70/><G70/><T99/><D25/><U52/><E52/><V120/><F120/><N who="3" m="46155" /><G79/><T129/><D129/><U33/><E33/><N who="2" m="12875" /><F30/><AGARI ba="2,0" hai="0,1,2,4,7,8,10,14,20,24,30,91,93,99" machi="30" ten="30,1000,0" yaku="7,1" doraHai="63" who="0" fromWho="2" sc="235,16,368,0,192,-16,205,0" owari="251,5.1,368,46.8,176,-32.4,205,-19.5" /></mjloggm>