<mjloggm ver="2.3"><GO type="225" lobby="0"/><UN n0="%E9%B4%A8%4E%45%47%49" n1="%E3%83%A9%E3%82%A4%E3%83%B3%E3%81%AE%E8%99%8E" n2="%E3%81%82%E3%81%B9%E3%81%99%E3%81%91" n3="%E5%8D%A0%E3%81%84%E5%B8%AB%E8%A3%8F%E3%81%AA%E3%81%84%E3%81%97" dan="16,16,16,17" rate="2101.88,2106.57,2041.48,2176.36" sx="M,M,M,M"/><TAIKYOKU oya="0"/><INIT seed="0,0,0,3,5,133" ten="250,250,250,250" oya="0" hai0="5,119,39,53,34,102,3,134,54,120,101,109,79" hai1="100,65,127,37,116,73,16,43,96,9,55,93,113" hai2="108,95,12,74,14,18,4,0,25,98,19,22,23" hai3="62,99,17,47,49,20,63,115,117,69,75,80,77"/><T83/><D119/><U104/><E116/><V29/><F74/><W48/><G115/><T52/><D120/><U59/><E73/><V125/><F108/><W51/><G117/><T91/><D134/><U13/><E113/><V30/><F125/><W85/><G75/><T41/><D109/><U71/><E127/><V60/><F60/><N who="3" m="23083" /><G99/><T135/><D135/><U82/><E82/><V68/><F68/><W110/><G69/><T118/><D91/><U32/><E32/><N who="2" m="20527" /><F95/><W76/><G76/><T89/><D89/><U78/><E78/><V36/><F98/><W56/><G56/><T86/><D118/><U45/><E71/><V87/><F36/><W50/><G110/><T114/><D34/><U112/><E112/><V31/><F87/><W67/><G67/><T97/><D97/><U2/><E2/><V35/><F35/><W28/><G28/><T128/><D114/><U124/><E124/><V46/><F46/><W105/><G105/><T90/><D79/><U42/><E65/><V15/><F0/><W129/><G129/><T84/><D128/><U72/><E72/><V24/><F4/><W130/><G130/><T61/><D86/><U111/><E111/><V126/><F126/><W44/><N who="3" m="12288" /><DORA hai="131" /><W92/><G92/><T122/><D5/><U103/><E104/><V6/><F6/><W94/><G94/><T123/><D3/><U106/><E106/><V33/><F33/><W88/><G77/><T27/><D61/><N who="1" m="36095" /><E103/><N who="0" m="39433" /><D27/><AGARI ba="0,0" hai="12,14,15,18,19,22,23,24,27,30,31" m="20527" machi="27" ten="30,8000,1" yaku="35,5" doraHai="133,131" who="2" fromWho="0" sc="250,-80,250,0,250,80,250,0" /><AGARI ba="0,0" hai="17,20,27,44,47,80,85,88" m="12288,23083" machi="27" ten="40,2600,0" yaku="8,1,54,1" doraHai="133,131" who="3" fromWho="0" sc="170,-26,250,0,330,0,250,26" /><INIT seed="1,0,0,2,1,117" ten="144,250,330,276" oya="1" hai0="20,15,84,19,54,24,61,132,35,3,118,25,120" hai1="121,6,100,95,7,52,9,1,29,98,69,104,55" hai2="77,14,68,17,10,99,88,4,27,36,47,67,38" hai3="33,72,122,59,32,63,103,112,48,109,12,39,91"/><U89/><E69/><V31/><F77/><W74/><G112/><T85/><D118/><U127/><E127/><V46/><F68/><W73/><G39/><T16/><D132/><U97/><E121/><V13/><F67/><W5/><G109/><T44/><D3/><U114/><E114/><V11/><F38/><W94/><G103/><T82/><D120/><U107/><E107/><V37/><F37/><W79/><G79/><T64/><D35/><U2/><REACH who="1" step="1"/><E29/><REACH who="1" ten="144,240,330,276" step="2"/><V26/><F31/><W90/><G122/><T131/><D131/><U86/><E86/><V40/><REACH who="2" step="1"/><F47/><REACH who="2" ten="144,240,320,276" step="2"/><W102/><G73/><T133/><D133/><U93/><E93/><AGARI ba="0,2" hai="4,10,11,13,14,17,26,27,36,40,46,88,93,99" machi="93" ten="40,5200,0" yaku="1,1,2,1,54,1,53,0" doraHai="117" doraHaiUra="45" who="2" fromWho="1" sc="144,0,240,-52,320,72,276,0" /><INIT seed="2,0,0,4,4,130" ten="144,188,392,276" oya="2" hai0="97,95,39,12,43,79,2,80,40,28,135,90,45" hai1="31,69,1,88,8,132,101,128,16,35,59,62,10" hai2="46,25,77,23,71,44,131,112,124,11,93,107,3" hai3="100,103,82,66,38,58,5,116,87,78,4,24,115"/><V67/><F112/><W27/><G38/><T33/><D2/><U51/><E128/><V42/><F107/><W14/><G116/><T111/><D111/><U32/><E101/><N who="3" m="38986" /><G115/><T109/><D109/><U9/><E1/><V92/><F131/><W104/><G104/><T26/><D43/><U114/><E69/><V53/><F124/><W36/><G36/><T98/><D12/><U17/><E51/><V6/><F77/><W63/><G14/><T129/><D129/><U127/><E127/><V106/><F106/><W20/><G24/><T125/><D125/><U37/><E37/><V0/><F71/><W85/><G87/><T121/><D121/><U70/><E70/><V54/><F67/><W34/><G34/><T118/><D118/><U76/><E76/><V84/><F84/><W21/><G21/><T61/><D98/><U56/><E114/><V29/><F3/><W134/><G134/><T81/><D61/><U126/><E132/><V73/><F73/><W119/><G119/><T105/><D105/><U60/><E126/><V64/><F0/><W57/><G58/><T117/><D117/><U120/><E120/><V133/><F133/><W30/><AGARI ba="0,0" hai="4,5,20,27,30,57,63,66,78,82,85" m="38986" machi="30" ten="30,1100,0" yaku="8,1" doraHai="130" who="3" fromWho="3" sc="144,-3,188,-3,392,-5,276,11" /><INIT seed="3,0,0,1,3,3" ten="141,185,387,287" oya="3" hai0="84,2,120,123,113,30,83,114,96,67,134,38,79" hai1="108,109,101,53,25,133,131,16,72,107,95,47,85" hai2="37,29,92,1,130,74,32,119,33,111,82,0,78" hai3="65,9,57,73,110,90,5,43,71,69,118,98,117"/><W55/><G73/><T20/><D38/><U45/><E72/><V99/><F119/><W41/><G117/><T10/><D67/><U135/><E107/><V75/><F111/><N who="1" m="42569" /><E131/><V77/><F37/><W42/><G118/><T60/><D60/><U80/><E95/><V13/><F130/><W116/><G116/><T44/><D44/><N who="1" m="16971" /><E101/><V128/><F13/><N who="3" m="5295" /><G71/><T88/><D134/><U23/><E53/><V112/><F128/><W105/><G69/><T50/><D50/><U52/><E52/><V35/><F112/><N who="0" m="43114" /><D20/><U19/><E19/><V36/><F36/><W86/><G105/><T93/><D30/><U68/><E68/><V49/><F75/><W46/><G110/><T39/><D39/><U22/><E22/><V4/><F74/><W21/><G46/><T7/><AGARI ba="0,0" hai="2,7,10,79,83,84,88,93,96,120,123" m="43114" machi="7" ten="30,4000,0" yaku="11,1,52,1,54,1" doraHai="3" who="0" fromWho="0" sc="141,40,185,-10,387,-10,287,-20" owari="181,-21.9,175,-32.5,377,47.7,267,6.7" /></mjloggm>