<mjloggm ver="2.3"><GO type="225" lobby="0"/><UN n0="%E3%82%8C%E3%81%99%E3%81%93" n1="%E4%B8%89%E5%88%86%E5%B0%8F%E5%83%A7" n2="%72%69%6F%75%63%68%61%6E" n3="%28%EF%BF%A3%E2%96%BD%EF%BF%A3%29%CE%B4%E2%8C%92%E3%83%BB" dan="17,16,16,17" rate="2190.72,2114.67,2187.46,2277.91" sx="F,M,M,M"/><TAIKYOKU oya="0"/><INIT seed="0,0,0,2,4,118" ten="250,250,250,250" oya="0" hai0="45,91,129,24,73,50,74,83,47,57,85,114,90" hai1="18,48,135,70,52,102,95,128,130,97,88,127,134" hai2="84,37,16,76,26,53,56,100,36,11,111,68,77" hai3="133,1,120,81,44,104,20,119,58,7,32,92,62"/><T29/><D114/><U15/><E70/><V112/><F111/><W21/><G104/><T116/><D116/><U12/><E102/><V125/><F112/><W10/><G32/><T98/><D129/><N who="1" m="49771" /><E127/><V31/><F125/><W122/><G119/><T93/><D57/><N who="1" m="32903" /><E18/><V126/><F68/><W69/><G69/><T59/><D59/><U78/><E78/><V22/><F126/><W28/><G133/><AGARI ba="0,0" hai="12,15,88,95,97,133,134,135" m="32903,49771" machi="133" ten="30,7700,0" yaku="20,1,19,1,54,2" doraHai="118" who="1" fromWho="3" sc="250,0,250,77,250,0,250,-77" /><INIT seed="1,0,0,0,3,65" ten="250,327,250,173" oya="1" hai0="50,113,66,33,7,84,10,15,44,38,56,121,128" hai1="92,20,19,119,76,73,79,104,4,34,129,35,111" hai2="25,14,89,36,41,32,109,132,67,1,62,46,135" hai3="134,108,114,57,94,27,75,124,3,70,54,80,71"/><U90/><E119/><V2/><F109/><W87/><G3/><N who="2" m="1033" /><F14/><W120/><G108/><T106/><D113/><U17/><E104/><V81/><F81/><W18/><G120/><T97/><D121/><U85/><E111/><V69/><F89/><W16/><G114/><T12/><D33/><U0/><E129/><V112/><F112/><W91/><G134/><N who="2" m="51241" /><F25/><W64/><G124/><T26/><D128/><U103/><E103/><V122/><F32/><W88/><G64/><T39/><D26/><U68/><E4/><V63/><F62/><N who="3" m="36151" /><G75/><T126/><D126/><U86/><E0/><V53/><F53/><W105/><G18/><T21/><D12/><U130/><E130/><V59/><F122/><W48/><G48/><T37/><D21/><U22/><E90/><V29/><F29/><W42/><G42/><T40/><D84/><U9/><E9/><V77/><F77/><W72/><G72/><T24/><D24/><U131/><E131/><V101/><F101/><W11/><G105/><T93/><D106/><U133/><E133/><V8/><F8/><W60/><G60/><T115/><D115/><U23/><E23/><V51/><F36/><W5/><G5/><T47/><D66/><U107/><E73/><V95/><F95/><W28/><G28/><T117/><D117/><U13/><E107/><V30/><F30/><W74/><G74/><T31/><D31/><U100/><E13/><V43/><F43/><W82/><G11/><T52/><REACH who="0" step="1"/><D40/><REACH who="0" ten="240,327,250,173" step="2"/><U118/><E118/><V123/><F123/><W55/><G55/><T127/><D127/><U102/><E35/><RYUUKYOKU ba="0,1" sc="240,15,327,-15,250,15,173,-15" hai0="7,10,15,37,38,39,44,47,50,52,56,93,97" hai2="41,46,51,59,63,67,69" /><INIT seed="2,1,1,3,3,94" ten="255,312,265,158" oya="2" hai0="116,132,34,99,38,14,124,66,52,110,23,85,84" hai1="100,69,97,43,134,1,129,111,12,58,90,37,47" hai2="128,71,15,59,4,122,133,121,103,53,80,89,31" hai3="24,19,96,33,120,70,54,92,109,83,106,77,91"/><V119/><F119/><W101/><G70/><T55/><D34/><U20/><E1/><V44/><F71/><W29/><G120/><T42/><D116/><U40/><E69/><V114/><F114/><W78/><G109/><T118/><D118/><U108/><E43/><V125/><F125/><W65/><G65/><T11/><D110/><N who="1" m="42027" /><E129/><V6/><F128/><W61/><G19/><T64/><D124/><U126/><E134/><V88/><F133/><W50/><G61/><T17/><D132/><U30/><E90/><V21/><F103/><W26/><G26/><T82/><D42/><U75/><E75/><V41/><F122/><W112/><G112/><T113/><D38/><U73/><E73/><V13/><F121/><W45/><REACH who="3" step="1"/><G83/><REACH who="3" ten="255,312,265,148" step="2"/><T115/><D115/><U5/><E126/><V9/><F80/><W72/><G72/><T25/><D113/><U79/><E30/><V57/><F31/><W46/><G46/><T104/><D66/><U98/><E47/><V93/><F59/><W130/><G130/><T10/><D64/><U36/><E58/><V49/><F93/><W86/><AGARI ba="1,2" hai="24,29,33,45,50,54,77,78,86,91,92,96,101,106" machi="86" ten="20,8000,1" yaku="1,1,0,1,7,1,52,1,53,1" doraHai="94" doraHaiUra="22" who="3" fromWho="3" sc="255,-21,312,-21,265,-41,148,103" /><INIT seed="3,0,0,1,5,101" ten="234,291,224,251" oya="3" hai0="38,29,96,33,107,102,109,135,120,62,39,40,105" hai1="19,43,61,93,106,99,116,90,123,1,68,6,117" hai2="77,15,74,34,16,10,17,71,92,27,44,24,3" hai3="130,121,122,46,78,100,37,56,26,83,9,30,21"/><W79/><G130/><T80/><D120/><U58/><E106/><V11/><F71/><W48/><G37/><T72/><D109/><U60/><E123/><V112/><F92/><W47/><G79/><N who="0" m="44135" /><D135/><U69/><E43/><V98/><F98/><W36/><G100/><T14/><D14/><U128/><E128/><V7/><F44/><W125/><G125/><T76/><D76/><U81/><E81/><V124/><F77/><W70/><G70/><N who="1" m="27242" /><E19/><N who="2" m="7243" /><F74/><W32/><G9/><T110/><D62/><U114/><E114/><V53/><F53/><W97/><G97/><N who="0" m="61647" /><D110/><U132/><E132/><V0/><F124/><W87/><G32/><T67/><D67/><U50/><E6/><N who="2" m="3543" /><F112/><W94/><G94/><T51/><D51/><U75/><E1/><N who="2" m="587" /><F34/><W42/><G56/><T35/><D40/><AGARI ba="0,0" hai="21,26,30,36,40,42,46,47,48,78,83,87,121,122" machi="40" ten="30,1500,0" yaku="7,1" doraHai="101" who="3" fromWho="0" sc="234,-15,291,0,224,0,251,15" /><INIT seed="3,1,0,2,5,14" ten="219,291,224,266" oya="3" hai0="111,22,73,70,105,10,131,107,24,36,99,20,11" hai1="88,74,120,95,80,42,64,29,39,128,18,0,98" hai2="4,135,26,30,117,2,65,5,8,66,62,44,37" hai3="83,126,114,101,118,96,77,91,69,110,113,87,97"/><W90/><G69/><T122/><D122/><U48/><E120/><V119/><F135/><W89/><G118/><T84/><D73/><U61/><E39/><V86/><F5/><W38/><G38/><T71/><D36/><U125/><E0/><V93/><F66/><W49/><G49/><T104/><D111/><U15/><E29/><V68/><F93/><N who="3" m="58511" /><G110/><T132/><D99/><U34/><E34/><V25/><F86/><W43/><G43/><T58/><D132/><U60/><E125/><V50/><F25/><W67/><G67/><T51/><D131/><U94/><E128/><V63/><F62/><W127/><G97/><T85/><D51/><U21/><E95/><V100/><F100/><W52/><G52/><T33/><D33/><U134/><E64/><V40/><REACH who="2" step="1"/><F50/><REACH who="2" ten="219,291,214,266" step="2"/><W116/><G127/><T79/><D24/><U32/><E134/><V133/><F133/><W41/><G126/><T72/><D72/><U103/><E74/><V6/><F6/><W78/><G87/><N who="0" m="33355" /><D79/><U81/><E60/><V23/><AGARI ba="1,1" hai="2,4,8,23,26,30,37,40,44,63,65,68,117,119" machi="23" ten="20,2700,0" yaku="1,1,0,1,7,1,53,0" doraHai="14" doraHaiUra="102" who="2" fromWho="2" sc="219,-8,291,-8,214,40,266,-14" /><INIT seed="4,0,0,0,5,84" ten="211,283,254,252" oya="0" hai0="53,34,65,93,83,24,129,52,55,7,112,15,45" hai1="132,77,122,130,109,4,39,121,125,28,101,58,67" hai2="20,61,115,81,37,11,42,117,66,90,30,135,64" hai3="23,134,31,74,33,0,79,105,96,110,75,32,9"/><T72/><D112/><U5/><E109/><V2/><F115/><W14/><G110/><T88/><D129/><U133/><E39/><V63/><F135/><N who="1" m="51785" /><E130/><V51/><F37/><W13/><G134/><T102/><D65/><U6/><E77/><V78/><F117/><W98/><G0/><T123/><D123/><N who="1" m="47115" /><E28/><V91/><F11/><W114/><G114/><T82/><D102/><U131/><E131/><V54/><F2/><W43/><G43/><T70/><D70/><U87/><E101/><V71/><F42/><W1/><G1/><T41/><D72/><U73/><E73/><V48/><F20/><W40/><G40/><T94/><D34/><U57/><E125/><V124/><F30/><W89/><G105/><T10/><D24/><U68/><E87/><V44/><F124/><W18/><G98/><N who="0" m="57639" /><D94/><U127/><E127/><V92/><F92/><W35/><G75/><T106/><D106/><U113/><E113/><V97/><F97/><W8/><G74/><T99/><D99/><U29/><E29/><V16/><F81/><N who="0" m="30730" /><D41/><U38/><E38/><V118/><F78/><W108/><G79/><T17/><D7/><U60/><AGARI ba="0,0" hai="4,5,6,57,58,60,67,68" m="47115,51785" machi="60" ten="40,1500,0" yaku="20,1" doraHai="84" who="1" fromWho="1" sc="211,-7,283,15,254,-4,252,-4" /><INIT seed="5,0,0,2,5,90" ten="204,298,250,248" oya="1" hai0="35,135,69,65,93,19,40,115,75,66,108,103,37" hai1="61,89,116,67,111,99,102,134,17,87,73,63,43" hai2="131,8,39,29,129,81,58,54,64,106,112,118,9" hai3="52,5,96,22,91,10,98,2,20,71,105,109,56"/><U38/><E73/><V33/><F118/><W34/><G34/><T86/><D108/><U25/><E116/><V88/><F39/><W80/><G71/><T13/><D75/><U36/><E134/><V7/><F106/><W124/><G109/><T12/><D135/><U79/><E79/><V121/><F121/><W49/><G124/><T57/><D69/><U42/><E111/><V133/><F64/><W82/><G105/><T27/><D115/><U130/><E36/><V92/><F133/><W77/><G82/><T6/><D37/><U3/><E3/><V62/><F81/><W18/><G91/><N who="0" m="53495" /><D35/><U28/><E17/><V4/><F112/><W83/><G83/><T125/><D125/><U122/><E38/><V100/><F100/><W11/><G11/><N who="2" m="4169" /><F29/><W53/><G53/><T23/><D40/><U126/><E130/><N who="2" m="49675" /><F33/><W44/><G56/><T26/><D103/><U15/><E122/><V21/><F21/><W31/><G31/><T76/><D76/><U132/><E132/><V85/><AGARI ba="0,0" hai="4,7,54,58,62,85,88,92" m="49675,4169" machi="85" ten="30,4000,0" yaku="19,1,52,1,54,1" doraHai="90" who="2" fromWho="2" sc="204,-10,298,-20,250,40,248,-10" /><INIT seed="6,0,0,2,2,99" ten="194,278,290,238" oya="2" hai0="31,135,0,54,57,109,86,132,23,72,102,43,126" hai1="52,38,75,116,79,10,24,111,118,134,68,131,22" hai2="8,113,5,107,12,87,82,74,63,80,67,122,84" hai3="48,110,25,129,30,73,58,41,115,101,90,105,18"/><V130/><F113/><W11/><G73/><T77/><D109/><U16/><E111/><V27/><F122/><W85/><G115/><T28/><D72/><U49/><E38/><V47/><F107/><W96/><G110/><T55/><D0/><U46/><E68/><V14/><F130/><W29/><G129/><T62/><D126/><U40/><E131/><V35/><F74/><W76/><G76/><T106/><D43/><U50/><E134/><N who="0" m="51241" /><D55/><U9/><E9/><V94/><F47/><W108/><G108/><T4/><D4/><U112/><E112/><V21/><F35/><W51/><G41/><T36/><D36/><U78/><E10/><N who="2" m="4175" /><F63/><W56/><G51/><T59/><D59/><U26/><E26/><V98/><F67/><W71/><G71/><T6/><D6/><U81/><E79/><V103/><F80/><W19/><G48/><T69/><D69/><U61/><E61/><V60/><F60/><W123/><G123/><T17/><D77/><U20/><E20/><V89/><F84/><W100/><G58/><AGARI ba="0,0" hai="16,22,24,40,46,49,50,52,58,75,78,81,116,118" machi="58" ten="30,3900,0" yaku="7,1,54,2" doraHai="99" who="1" fromWho="3" sc="194,0,278,39,290,0,238,-39" owari="194,-30.6,317,41.7,290,9.0,199,-20.1" /></mjloggm>