<mjloggm ver="2.3"><GO type="225" lobby="0"/><UN n0="%E3%83%A9%E3%82%B9%E7%8E%87%EF%BC%93%E5%89%B2" n1="%6D%75%75%6D%75%72%61" n2="%38%63%E3%81%AF%E3%81%A3%E3%81%97%E3%83%BC" n3="%4C%4F%4C%49%54%41" dan="16,16,16,16" rate="2146.14,2165.15,2117.07,2153.40" sx="F,F,M,F"/><TAIKYOKU oya="0"/><INIT seed="0,0,0,2,4,6" ten="250,250,250,250" oya="0" hai0="31,59,103,66,117,115,49,116,65,88,75,22,82" hai1="96,41,70,69,85,111,108,106,125,17,33,128,91" hai2="13,113,30,53,123,47,2,39,3,121,112,60,99" hai3="133,93,23,28,130,51,86,87,104,98,4,42,132"/><T61/><D115/><U90/><E125/><V62/><F99/><W101/><G130/><T134/><D134/><N who="3" m="51817" /><G104/><T11/><D103/><N who="1" m="62823" /><E128/><V76/><F76/><W77/><G4/><T67/><D49/><U71/><E33/><V20/><F39/><W34/><G34/><T9/><D117/><U135/><E135/><V107/><F107/><W43/><G42/><T114/><D114/><U0/><E0/><V124/><F124/><W46/><G77/><T122/><D122/><U126/><E126/><V48/><F3/><W79/><G79/><T80/><D75/><U35/><E41/><V24/><F2/><W110/><G110/><N who="1" m="42026" /><E85/><V83/><F113/><W25/><AGARI ba="0,0" hai="23,25,28,43,46,51,86,87,93,98,101" m="51817" machi="25" ten="30,1100,0" yaku="20,1" doraHai="6" who="3" fromWho="3" sc="250,-5,250,-3,250,-3,250,11" /><INIT seed="1,0,0,1,2,47" ten="245,247,247,261" oya="1" hai0="91,5,4,59,7,56,105,108,90,1,109,93,31" hai1="86,135,118,80,111,113,30,65,12,106,46,79,23" hai2="104,84,110,66,131,119,10,34,77,126,63,0,13" hai3="57,103,39,40,82,52,102,116,6,95,21,45,18"/><U27/><E113/><V81/><F119/><W94/><G116/><T123/><D105/><U55/><E118/><V78/><F110/><N who="0" m="42602" /><D123/><U16/><E111/><V17/><F131/><W42/><G42/><T35/><D1/><U120/><E120/><V28/><F126/><W114/><G114/><T43/><D43/><U22/><E106/><V11/><F104/><W49/><G6/><T70/><D70/><U2/><E2/><V89/><F28/><W115/><G115/><T3/><D3/><U20/><E135/><V125/><F34/><W64/><G64/><T9/><D9/><N who="1" m="6159" /><E65/><V121/><F125/><W87/><G102/><T61/><D93/><U128/><E128/><V68/><REACH who="2" step="1"/><F121/><REACH who="2" ten="245,247,237,261" step="2"/><W67/><G103/><T117/><D117/><U112/><E112/><V88/><F88/><N who="0" m="33834" /><D61/><U37/><E37/><V51/><F51/><AGARI ba="0,1" hai="20,22,23,27,30,46,51,55,79,80,86" m="6159" machi="51" ten="30,5800,0" yaku="8,1,52,1,54,1" doraHai="47" who="1" fromWho="2" sc="245,0,247,68,237,-58,261,0" /><INIT seed="1,1,0,1,0,100" ten="245,315,179,261" oya="1" hai0="78,3,38,2,11,64,80,88,114,87,121,40,34" hai1="24,30,53,55,31,115,10,109,102,122,124,127,132" hai2="5,129,111,89,67,62,71,28,39,6,32,27,112" hai3="72,43,63,82,61,23,1,105,75,126,73,59,8"/><U0/><E115/><V107/><F111/><W92/><G126/><N who="1" m="48170" /><E122/><V116/><F116/><W86/><G105/><T70/><D34/><U42/><E132/><V135/><F112/><W13/><G1/><T131/><D114/><U49/><E109/><V22/><F135/><W123/><G123/><T52/><D121/><U91/><E102/><V83/><F39/><W54/><G43/><T57/><D131/><U7/><E91/><V19/><F129/><W85/><G23/><T69/><D11/><U51/><E42/><V33/><F33/><W76/><G86/><T97/><D70/><U60/><E60/><V134/><F134/><W36/><G36/><T95/><D64/><U84/><E84/><V119/><F119/><W18/><REACH who="3" step="1"/><G63/><REACH who="3" ten="245,315,179,251" step="2"/><T113/><D113/><U65/><E0/><V103/><F83/><W130/><G130/><T15/><D40/><U96/><E49/><V110/><F110/><W106/><G106/><T99/><D38/><U9/><E51/><V14/><F89/><AGARI ba="1,1" hai="8,13,18,54,59,61,72,73,75,76,82,85,89,92" machi="89" ten="40,1300,0" yaku="1,1,53,0" doraHai="100" doraHaiUra="118" who="3" fromWho="2" sc="245,0,315,0,179,-16,251,26" /><INIT seed="2,0,0,2,1,47" ten="245,315,163,277" oya="2" hai0="35,67,17,100,80,15,120,39,45,90,83,125,51" hai1="7,89,21,73,3,109,112,91,82,60,70,16,5" hai2="118,1,43,54,10,78,77,65,124,38,85,103,122" hai3="84,24,29,108,131,106,110,88,99,11,46,115,40"/><V121/><F118/><W101/><G131/><T74/><D120/><U126/><E112/><V117/><F117/><W104/><G11/><T22/><D125/><U33/><E126/><V41/><F124/><W87/><G106/><T105/><D35/><U64/><E33/><V52/><F65/><W34/><G115/><T26/><D39/><U62/><E109/><V59/><F103/><W93/><REACH who="3" step="1"/><G87/><REACH who="3" ten="245,315,163,267" step="2"/><T63/><D105/><U128/><E128/><V72/><F85/><W12/><G12/><T94/><D74/><U28/><E73/><V134/><F72/><W116/><G116/><T107/><D15/><U27/><E3/><V98/><F1/><W49/><AGARI ba="0,1" hai="24,29,34,40,46,49,84,88,93,99,101,104,108,110" machi="49" ten="30,8000,1" yaku="1,1,0,1,52,1,54,1,53,1" doraHai="47" doraHaiUra="25" who="3" fromWho="3" sc="245,-20,315,-20,163,-40,267,90" /><INIT seed="3,0,0,1,4,46" ten="225,295,123,357" oya="3" hai0="66,80,99,130,84,112,98,131,61,103,19,102,110" hai1="63,135,28,118,100,43,44,82,9,119,95,45,105" hai2="86,65,18,133,47,0,129,4,91,14,70,108,36" hai3="15,114,109,7,87,67,72,21,12,49,93,134,111"/><W132/><G72/><T38/><D38/><U75/><E105/><V116/><F116/><W85/><G114/><T1/><D1/><U125/><E125/><V121/><F108/><N who="3" m="41547" /><G67/><T83/><D110/><U24/><E135/><V115/><F133/><W124/><G124/><T55/><D19/><U92/><E9/><V53/><F115/><W48/><G15/><T106/><D55/><U71/><E75/><V77/><F77/><W37/><G37/><T88/><D112/><U13/><E82/><V5/><F129/><N who="0" m="49162" /><D61/><U17/><E63/><V58/><F0/><W31/><G87/><N who="0" m="50279" /><D66/><U52/><E43/><V54/><F121/><W27/><G12/><T74/><D74/><U50/><E71/><V64/><F70/><W126/><G7/><T117/><D117/><U40/><E40/><V73/><F73/><W26/><G126/><T2/><D2/><U104/><E13/><V127/><F127/><W59/><G132/><T122/><D122/><U41/><E17/><V107/><F107/><W69/><G69/><T62/><D62/><U89/><E104/><V8/><F65/><W6/><G6/><T10/><D10/><U20/><E119/><V60/><F36/><W51/><G27/><T39/><D39/><U97/><E24/><V25/><F25/><W22/><G134/><T94/><D83/><U35/><E35/><V29/><F29/><W79/><G31/><T23/><D23/><U81/><E20/><V90/><F90/><W11/><G22/><T3/><D3/><U96/><E118/><V101/><F64/><W56/><G21/><T33/><D33/><RYUUKYOKU ba="0,0" sc="225,30,295,-10,123,-10,357,-10" hai0="84,94,98,99,102,103,106" owari="255,-14.5,285,8.5,113,-38.7,347,44.7" /></mjloggm>