<mjloggm ver="2.3"><GO type="225" lobby="0"/><UN n0="%52%61%69%61%6E%2E" n1="%E7%89%B9%E6%9D%B1%E3%81%AF%E4%B8%96%E7%95%8C%E3%82%92%E6%95%91%E3%81%86" n2="%E8%B1%86%59%E5%A4%AA%E9%83%8E" n3="%E3%82%BC%E3%83%AB%E3%83%80%E3%81%AE%E4%BC%9D%E8%AA%AC" dan="16,16,16,18" rate="2045.63,2154.77,2053.10,2172.94" sx="M,M,M,M"/><TAIKYOKU oya="0"/><INIT seed="0,0,0,5,4,97" ten="250,250,250,250" oya="0" hai0="1,23,125,60,32,101,18,12,58,62,57,98,103" hai1="124,6,129,33,95,49,72,54,126,66,73,121,4" hai2="35,25,108,134,93,9,5,15,19,86,133,85,111" hai3="80,10,83,30,84,53,106,119,109,64,118,68,82"/><T110/><D32/><U7/><E121/><V52/><F93/><W107/><G30/><T38/><D1/><U81/><E129/><V74/><F74/><W90/><G10/><T96/><D38/><U59/><E33/><V48/><F86/><W127/><G53/><T122/><D125/><N who="1" m="48235" /><E81/><N who="3" m="31338" /><G64/><N who="0" m="38927" /><D110/><N who="2" m="42026" /><F85/><W45/><G45/><T13/><D13/><U3/><E3/><V20/><F35/><W69/><G69/><T65/><D122/><U87/><E66/><V99/><F99/><AGARI ba="0,0" hai="12,18,23,58,62,65,96,98,99,101,103" m="38927" machi="99" ten="30,5800,0" yaku="8,1,52,2" doraHai="97" who="0" fromWho="2" sc="250,58,250,0,250,-58,250,0" /><INIT seed="0,1,0,0,2,24" ten="308,250,192,250" oya="0" hai0="84,23,44,102,50,106,63,8,100,110,97,131,57" hai1="119,74,31,66,35,53,133,120,112,86,95,94,54" hai2="91,30,82,51,37,68,61,96,41,81,89,21,14" hai3="12,9,107,73,13,43,10,6,71,126,108,104,134"/><T114/><D114/><U115/><E119/><V26/><F37/><W55/><G71/><T88/><D131/><U80/><E120/><V25/><F68/><W7/><G73/><T33/><D33/><U40/><E74/><V47/><F61/><W127/><G43/><T52/><D110/><U38/><E66/><V48/><F14/><W17/><G108/><T125/><D125/><U65/><E65/><V62/><F62/><W116/><G55/><T49/><D100/><U132/><E40/><V34/><F51/><W59/><G59/><T0/><D23/><U19/><E19/><V103/><F82/><W121/><G17/><T42/><D8/><U90/><E38/><V3/><F3/><W32/><G32/><T135/><D135/><N who="1" m="51787" /><E54/><V83/><F83/><W20/><G134/><T69/><D0/><U85/><E53/><V67/><F81/><W117/><REACH who="3" step="1"/><G20/><REACH who="3" ten="308,250,192,240" step="2"/><T27/><D69/><U105/><E35/><V2/><F67/><W122/><AGARI ba="1,1" hai="6,7,9,10,12,13,104,107,116,117,121,122,126,127" machi="122" ten="25,12000,2" yaku="1,1,2,1,0,1,22,2,53,2" doraHai="24" doraHaiUra="101" who="3" fromWho="3" sc="308,-61,250,-31,192,-31,240,133" /><INIT seed="1,0,0,1,5,83" ten="247,219,161,373" oya="1" hai0="117,128,27,10,92,20,129,124,127,118,115,31,37" hai1="11,12,24,109,15,64,100,13,78,3,104,112,63" hai2="86,49,90,72,61,7,89,76,80,52,0,28,41" hai3="97,59,1,108,43,131,106,48,71,14,69,135,34"/><U110/><E112/><V26/><F61/><W121/><G1/><T74/><D74/><U93/><E104/><V8/><F41/><W84/><G121/><T40/><D92/><U113/><E113/><V119/><F72/><W134/><G34/><T122/><D40/><U116/><E116/><N who="0" m="44649" /><D37/><U51/><E78/><V88/><F119/><W126/><G108/><N who="1" m="41578" /><E51/><V54/><REACH who="2" step="1"/><F49/><REACH who="2" ten="247,219,151,373" step="2"/><W21/><G48/><T98/><D115/><U53/><E53/><V81/><F81/><W82/><G82/><T125/><D122/><U38/><E38/><V91/><N who="2" m="22528" /><DORA hai="39" /><V30/><F30/><W120/><G43/><T45/><D124/><U19/><E63/><V46/><F46/><W17/><G126/><T114/><D45/><U23/><E64/><V107/><F107/><W85/><G106/><T58/><D114/><U133/><E133/><V2/><F2/><W130/><G120/><T4/><D125/><U77/><E77/><V111/><F111/><W65/><G135/><T79/><D127/><U66/><E66/><V99/><F99/><W103/><G97/><T67/><D98/><N who="1" m="59471" /><E3/><V87/><F87/><W22/><G134/><T6/><D79/><U35/><E35/><AGARI ba="0,1" hai="0,7,8,26,28,35,52,54,76,80,86" m="22528" machi="35" ten="50,8000,1" yaku="1,1,52,1,54,2,53,1" doraHai="83,39" doraHaiUra="29,70" who="2" fromWho="1" sc="247,0,219,-80,151,90,373,0" /><INIT seed="2,0,0,5,4,1" ten="247,139,241,373" oya="2" hai0="60,113,48,70,44,29,99,21,28,38,79,2,7" hai1="89,87,4,81,56,45,6,14,101,74,130,42,91" hai2="109,120,115,77,131,69,84,46,37,23,90,62,8" hai3="71,133,124,119,24,102,118,11,106,31,43,32,134"/><V39/><F120/><W59/><G71/><T105/><D113/><U5/><E130/><V58/><F115/><W96/><G124/><T27/><D38/><U18/><E74/><V13/><F23/><W67/><G43/><T0/><D79/><U10/><E101/><V47/><F69/><W61/><REACH who="3" step="1"/><G11/><REACH who="3" ten="247,139,241,363" step="2"/><T57/><D70/><U78/><REACH who="1" step="1"/><E56/><REACH who="1" ten="247,129,241,363" step="2"/><V107/><F58/><W36/><G36/><AGARI ba="0,2" hai="4,5,6,10,14,18,36,42,45,78,81,87,89,91" machi="36" ten="40,12000,2" yaku="1,1,2,1,52,3,53,1" doraHai="1" doraHaiUra="9" who="1" fromWho="3" sc="247,0,129,140,241,0,363,-120" /><INIT seed="3,0,0,3,0,29" ten="247,269,241,243" oya="3" hai0="56,28,42,4,60,11,109,71,94,95,107,50,68" hai1="52,93,69,35,49,20,103,38,98,24,32,89,123" hai2="64,15,62,47,30,117,129,51,1,22,133,14,118" hai3="57,97,46,18,122,91,70,130,26,58,106,87,34"/><W132/><G122/><T73/><D107/><U13/><E38/><V120/><F1/><W77/><G70/><T119/><D73/><U19/><E69/><V9/><F133/><W105/><G132/><T7/><D28/><U53/><E123/><V134/><F129/><W102/><G130/><T113/><D119/><U16/><E103/><V121/><F134/><W86/><G106/><T79/><D79/><U37/><E37/><V61/><F30/><W88/><G34/><T54/><D4/><U76/><E76/><V27/><F27/><W74/><G46/><N who="0" m="25943" /><D109/><U25/><E25/><V104/><F104/><W39/><G39/><T72/><D72/><U36/><E53/><V33/><F33/><W90/><G26/><T2/><D113/><U44/><E36/><V80/><F80/><N who="3" m="45111" /><G18/><T21/><D21/><AGARI ba="0,0" hai="13,16,19,20,21,24,32,35,44,49,52,89,93,98" machi="21" ten="30,8000,1" yaku="7,1,52,2,54,2" doraHai="29" who="1" fromWho="0" sc="247,-80,269,80,241,0,243,0" owari="167,-33.3,349,44.9,241,-15.9,243,4.3" /></mjloggm>