<mjloggm ver="2.3"><GO type="225" lobby="0"/><UN n0="%61%67%65%48%61" n1="%2D%E8%B1%8A%E5%8F%A3%E3%82%81%E3%81%90%E3%81%BF%2D" n2="%E3%81%B5%E3%81%98%E3%81%8B%E3%81%A4" n3="%28%EF%BF%A3%E2%96%BD%EF%BF%A3%29%CE%B4%E2%8C%92%E3%83%BB" dan="16,17,16,16" rate="2116.25,2199.95,2188.46,2167.79" sx="M,F,M,M"/><TAIKYOKU oya="0"/><INIT seed="0,0,0,3,1,45" ten="250,250,250,250" oya="0" hai0="54,119,95,118,50,72,6,16,101,30,125,59,128" hai1="8,87,13,9,81,114,69,38,35,42,113,133,122" hai2="102,97,63,109,107,112,24,68,18,27,84,85,117" hai3="126,131,48,5,31,15,90,53,82,20,3,74,91"/><T32/><D72/><U60/><E122/><V55/><F112/><W43/><G126/><T11/><D125/><U58/><E35/><V77/><F109/><W75/><G131/><T33/><D128/><U7/><E69/><V105/><F117/><W116/><G43/><T52/><D30/><U4/><E133/><V36/><F36/><W120/><G116/><T127/><D127/><U65/><E42/><V51/><F107/><W2/><G120/><T61/><D32/><U132/><E38/><V73/><F73/><W40/><G40/><T10/><D33/><U22/><E22/><V12/><F77/><W0/><G5/><T21/><D101/><U41/><E41/><V14/><F14/><W66/><G66/><T134/><D95/><U130/><E132/><V79/><F68/><W29/><G29/><T111/><D111/><U108/><E108/><V103/><F103/><W100/><G100/><T64/><D54/><U25/><E25/><V1/><F63/><W83/><G82/><T78/><D78/><U47/><E47/><N who="2" m="28159" /><F1/><W98/><G98/><T124/><D124/><U123/><E123/><V70/><F70/><W23/><G75/><T129/><D129/><U88/><REACH who="1" step="1"/><E130/><REACH who="1" ten="250,240,250,250" step="2"/><V80/><F27/><W71/><G71/><T56/><D134/><U92/><E92/><N who="2" m="58663" /><F24/><W99/><G23/><T28/><D28/><U37/><E37/><V67/><F105/><W44/><G31/><T93/><D119/><U49/><E49/><V57/><F57/><W19/><REACH who="3" step="1"/><G99/><REACH who="3" ten="250,240,250,240" step="2"/><T34/><D118/><U121/><E121/><V46/><F18/><W94/><G94/><RYUUKYOKU ba="0,2" sc="250,-15,240,15,250,-15,240,15" hai1="4,7,8,9,13,58,60,65,81,87,88,113,114" hai3="0,2,3,15,19,20,44,48,53,74,83,90,91" /><INIT seed="1,1,2,1,3,50" ten="235,255,235,255" oya="1" hai0="94,67,41,135,49,1,64,15,58,5,83,28,87" hai1="43,40,122,129,22,31,89,75,21,13,0,100,54" hai2="124,16,120,107,34,35,126,111,55,117,73,118,132" hai3="131,76,52,71,46,59,113,7,109,88,3,10,130"/><U97/><E122/><V110/><F120/><W96/><G71/><T56/><D1/><U33/><E0/><V74/><F132/><W103/><G113/><T82/><D135/><U29/><E75/><N who="2" m="28683" /><F16/><W81/><G109/><N who="2" m="41481" /><F107/><W105/><G46/><N who="0" m="25807" /><D28/><U25/><E129/><N who="3" m="49162" /><G76/><N who="0" m="46535" /><D94/><N who="1" m="58423" /><E33/><N who="2" m="12299" /><F55/><W85/><G59/><N who="0" m="22571" /><D83/><U78/><E31/><V102/><F102/><W14/><G3/><T18/><D5/><U99/><E78/><V98/><F98/><W11/><G11/><AGARI ba="1,2" hai="11,15,18,64,67" m="22571,46535,25807" machi="11" ten="30,1000,0" yaku="8,1" doraHai="50" who="0" fromWho="3" sc="235,33,255,0,235,0,255,-13" /><INIT seed="2,0,0,0,3,104" ten="268,255,235,242" oya="2" hai0="123,81,48,46,86,108,45,79,67,84,5,60,88" hai1="15,62,47,134,29,76,35,51,87,54,55,64,32" hai2="113,129,94,70,72,117,40,14,21,39,135,61,44" hai3="38,31,16,110,11,1,78,34,131,132,124,107,126"/><V57/><F117/><W6/><G107/><T109/><D123/><U77/><E134/><V83/><F113/><W63/><G38/><T114/><D114/><U121/><E121/><V0/><F135/><W49/><G132/><T26/><D5/><U58/><E35/><V106/><F0/><W115/><G115/><T13/><D13/><U116/><E116/><V22/><F106/><W103/><G103/><T90/><D26/><U127/><E127/><N who="3" m="48682" /><G49/><T65/><D48/><U98/><E98/><V82/><F129/><W43/><G43/><T91/><D79/><U12/><E29/><V112/><F112/><W50/><G50/><T20/><D20/><U24/><E24/><V92/><F70/><W100/><G63/><T8/><D8/><U30/><E30/><V56/><F56/><W17/><G100/><T118/><D118/><U9/><E32/><V89/><F94/><W4/><G78/><N who="1" m="30314" /><E87/><N who="0" m="33321" /><D81/><U95/><E95/><V19/><F72/><W101/><G101/><T10/><D10/><U7/><E15/><V133/><F22/><W119/><G119/><T41/><D41/><AGARI ba="0,0" hai="7,9,12,41,47,51,54,55,58,62,64" m="30314" machi="41" ten="30,1000,0" yaku="8,1" doraHai="104" who="1" fromWho="0" sc="268,-10,255,10,235,0,242,0" /><INIT seed="3,0,0,2,1,76" ten="258,265,235,242" oya="3" hai0="38,58,66,22,105,72,1,111,104,83,122,73,8" hai1="39,30,77,69,49,36,91,95,23,135,34,11,114" hai2="90,56,121,44,84,86,98,35,0,106,67,21,12" hai3="131,31,88,119,62,133,42,37,46,52,47,2,27"/><W100/><G2/><T71/><D122/><U129/><E114/><V33/><F0/><W93/><G119/><T6/><D58/><U110/><E34/><V28/><F44/><W10/><G133/><T16/><D111/><U60/><E110/><V113/><F121/><W82/><G131/><T20/><D38/><U55/><E135/><V96/><F113/><W68/><G10/><T51/><D20/><U19/><E30/><V41/><F41/><W9/><G9/><T118/><D118/><U134/><E134/><V127/><F127/><W97/><G68/><T89/><D51/><U124/><E124/><V17/><F86/><N who="3" m="50263" /><G37/><T75/><D66/><U25/><E77/><V125/><F106/><W70/><G70/><T57/><D57/><U14/><E69/><V53/><F125/><W126/><G42/><T15/><REACH who="0" step="1"/><D71/><REACH who="0" ten="248,265,235,242" step="2"/><U48/><E48/><V87/><F35/><W24/><G126/><T64/><D64/><U74/><E39/><V4/><F67/><W79/><G79/><T115/><D115/><U5/><E36/><V107/><F33/><W99/><G47/><T40/><D40/><U63/><E129/><V109/><F109/><W7/><G46/><T128/><D128/><U65/><E65/><V18/><F56/><N who="3" m="35079" /><G31/><T61/><D61/><U54/><E54/><V92/><F53/><W108/><G108/><T78/><D78/><U26/><E74/><V50/><F28/><W85/><G7/><T45/><D45/><N who="1" m="28079" /><E60/><V112/><F112/><W80/><G99/><T130/><D130/><U132/><E63/><V94/><F4/><W43/><G43/><RYUUKYOKU ba="0,1" sc="248,15,265,-15,235,-15,242,15" hai0="1,6,8,15,16,22,72,73,75,83,89,104,105" hai3="24,27,80,85,93,97,100" /><INIT seed="3,1,1,0,5,129" ten="263,250,220,257" oya="3" hai0="47,40,131,34,123,100,25,115,9,122,105,26,39" hai1="5,7,22,75,99,65,15,68,121,76,27,41,14" hai2="54,32,17,0,66,74,85,48,36,55,64,134,58" hai3="72,106,127,24,8,67,42,117,52,51,130,120,3"/><W56/><G117/><T45/><D131/><U19/><E121/><V98/><F32/><W94/><G120/><T126/><D45/><U37/><E37/><V12/><F36/><W114/><G106/><T29/><D26/><U18/><E41/><V90/><F0/><W128/><G72/><T38/><D38/><U118/><E118/><V80/><F74/><W71/><G114/><T89/><D89/><U113/><E113/><V10/><F98/><W49/><G127/><T4/><D115/><U119/><E119/><V116/><F116/><W108/><G108/><T112/><D126/><U23/><E68/><V59/><REACH who="2" step="1"/><F134/><REACH who="2" ten="263,250,210,257" step="2"/><W46/><G128/><T62/><D112/><U111/><E99/><V69/><F69/><W96/><G130/><T28/><D62/><AGARI ba="1,2" hai="10,12,17,48,54,55,58,59,62,64,66,80,85,90" machi="62" ten="30,3900,0" yaku="1,1,7,1,8,1,53,0" doraHai="129" doraHaiUra="16" who="2" fromWho="0" sc="263,-42,250,0,210,62,257,0" /><INIT seed="4,0,0,5,3,25" ten="221,250,272,257" oya="0" hai0="59,109,121,103,111,21,41,43,127,133,3,108,63" hai1="113,126,98,42,19,80,7,117,1,65,20,134,76" hai2="125,5,12,122,91,70,54,56,71,51,102,47,100" hai3="66,79,58,13,48,110,16,72,11,55,131,82,40"/><T119/><D119/><U104/><E117/><V32/><F32/><W114/><G131/><T2/><D121/><U61/><E42/><N who="0" m="15881" /><D103/><U97/><E104/><V105/><F125/><W38/><G114/><T4/><D127/><U23/><E126/><V74/><F74/><W81/><G110/><N who="0" m="28163" /><T52/><DORA hai="68" /><D4/><U85/><E134/><V73/><F122/><W6/><G66/><N who="0" m="39295" /><D133/><U83/><E113/><V27/><F100/><W50/><G82/><T17/><D52/><U94/><E83/><V53/><F53/><W31/><G31/><T99/><D99/><U46/><E97/><V116/><F102/><W28/><G28/><T9/><D9/><U29/><E29/><V123/><F54/><W132/><G132/><T60/><D60/><U62/><E62/><V22/><F5/><W130/><G130/><T45/><D45/><U35/><E46/><V15/><F47/><W128/><G128/><T78/><D78/><U75/><E7/><V93/><F116/><W37/><G40/><T67/><D67/><U90/><E1/><V106/><F123/><W124/><G124/><T44/><D44/><U34/><E98/><V36/><F106/><W107/><G50/><T10/><D10/><U112/><E112/><V18/><F51/><W24/><G107/><T30/><D30/><U135/><E135/><V49/><F49/><W89/><G89/><T95/><D95/><U84/><E65/><V96/><F105/><W57/><G57/><T0/><D0/><U101/><E61/><V129/><F56/><W64/><G64/><T77/><D77/><U115/><E76/><RYUUKYOKU ba="0,0" sc="221,15,250,-15,272,-15,257,15" hai0="2,3,17,21" hai3="6,11,13,16,24,37,38,48,55,58,72,79,81" /><INIT seed="4,1,0,0,5,100" ten="236,235,257,272" oya="0" hai0="72,98,92,22,19,95,21,60,14,85,131,90,121" hai1="32,63,11,24,9,42,64,29,34,1,119,84,40" hai2="99,71,47,8,41,7,5,46,73,62,133,35,74" hai3="69,43,128,18,91,36,68,57,106,51,26,89,120"/><T52/><D121/><U115/><E119/><V55/><F35/><W93/><G120/><T45/><D131/><U126/><E34/><V61/><F133/><W75/><G75/><T124/><D124/><U48/><E126/><V66/><F5/><W38/><G128/><T135/><D135/><U20/><E115/><V2/><F47/><W53/><G106/><T12/><D72/><U130/><E130/><V39/><F55/><W87/><G43/><T132/><D132/><U3/><E32/><V44/><F61/><W117/><G117/><T122/><D122/><U113/><E113/><V76/><F46/><W109/><G109/><T101/><D21/><U97/><E1/><V125/><F76/><W114/><G114/><T81/><D95/><U83/><E97/><V33/><F125/><W70/><G91/><T31/><D31/><U127/><E127/><V58/><F58/><W50/><G50/><N who="0" m="28751" /><D60/><U104/><E104/><V56/><F56/><W79/><G79/><T94/><D81/><U28/><E28/><V96/><F33/><W86/><G86/><T17/><D17/><U23/><E23/><V108/><F108/><W116/><G116/><T59/><D59/><N who="1" m="36991" /><E3/><V110/><F110/><W123/><G123/><T67/><D67/><U107/><E107/><V25/><F25/><AGARI ba="1,0" hai="12,14,19,22,25,85,90,92,94,98,101" m="28751" machi="25" ten="30,2900,0" yaku="8,1,54,1" doraHai="100" who="0" fromWho="2" sc="236,32,235,0,257,-32,272,0" /><INIT seed="4,2,0,3,1,78" ten="268,235,225,272" oya="0" hai0="24,73,55,128,104,98,94,35,95,93,83,42,7" hai1="133,32,100,26,131,89,74,19,1,4,2,8,81" hai2="43,110,116,61,72,107,47,23,115,127,96,40,70" hai3="101,27,38,46,41,6,14,91,29,58,124,106,30"/><T76/><D128/><U50/><E131/><V33/><F33/><W16/><G124/><T51/><D7/><U20/><E133/><V130/><F127/><W11/><G106/><T25/><D42/><U79/><E100/><V86/><F110/><W125/><G101/><T135/><D135/><U67/><E32/><V18/><F43/><W59/><G125/><T87/><D35/><U102/><E102/><V49/><F72/><W36/><G36/><T62/><D62/><U97/><E67/><V123/><F130/><W90/><G6/><T120/><D120/><U17/><E50/><V108/><F123/><W37/><G37/><T56/><D98/><U54/><E54/><V105/><F108/><W5/><G5/><T126/><D104/><U82/><E19/><V12/><F116/><W45/><G45/><T3/><D3/><U114/><E114/><V99/><F115/><W31/><G27/><T132/><D132/><U118/><E118/><V22/><F22/><W103/><G103/><T60/><D126/><U129/><E129/><V53/><F70/><W77/><G77/><T80/><REACH who="0" step="1"/><D60/><REACH who="0" ten="258,235,225,272" step="2"/><U117/><E117/><V111/><F111/><W84/><REACH who="3" step="1"/><G90/><AGARI ba="2,1" hai="24,25,51,55,56,73,76,80,83,87,90,93,94,95" machi="90" ten="40,12000,1" yaku="1,1,2,1,52,2,53,1" doraHai="78" doraHaiUra="48" who="0" fromWho="3" sc="258,136,235,0,225,0,272,-126" owari="394,49.4,235,3.5,225,-17.5,146,-35.4" /></mjloggm>