<mjloggm ver="2.3"><GO type="225" lobby="0"/><UN n0="%72%65%6E%6B%75%6E" n1="%33%74%72%65%65" n2="%E5%BA%97%E9%95%B7%4D" n3="%72%69%6F%75%63%68%61%6E" dan="17,16,16,16" rate="2234.48,2128.90,2078.96,2169.76" sx="M,F,M,M"/><TAIKYOKU oya="0"/><INIT seed="0,0,0,5,1,63" ten="250,250,250,250" oya="0" hai0="2,76,91,84,96,35,131,119,68,118,104,116,107" hai1="13,57,92,67,130,37,58,125,80,135,77,33,94" hai2="106,4,62,133,78,110,34,82,71,51,47,70,87" hai3="38,83,31,66,61,86,74,100,5,85,64,48,46"/><T56/><D68/><U28/><E135/><V53/><F34/><W128/><G38/><T111/><D2/><U10/><E37/><V79/><F106/><N who="0" m="40490" /><D35/><U0/><E0/><V126/><F133/><W1/><G128/><T42/><D42/><U99/><E130/><V41/><F126/><W18/><G100/><T49/><D131/><U21/><E125/><V36/><F110/><W20/><G31/><T132/><D56/><U32/><E32/><V30/><F30/><W65/><G74/><T9/><D9/><U117/><E33/><V124/><F124/><W127/><G127/><T97/><D49/><U123/><E117/><V39/><F79/><N who="3" m="46335" /><G1/><T8/><D8/><U24/><E123/><V55/><F4/><W6/><G86/><T134/><D76/><U122/><E122/><V89/><F78/><W19/><G61/><T22/><D111/><U16/><E67/><V114/><F114/><W73/><G73/><T90/><D132/><U75/><REACH who="1" step="1"/><E92/><REACH who="1" ten="250,240,250,250" step="2"/><V7/><F39/><W93/><G93/><N who="0" m="54471" /><D134/><U69/><E69/><V14/><F71/><W44/><G44/><T105/><D119/><U120/><E120/><V40/><F36/><W54/><G19/><T12/><D118/><U103/><AGARI ba="0,1" hai="10,13,16,21,24,28,57,58,75,77,80,94,99,103" machi="103" ten="20,5200,0" yaku="1,1,0,1,7,1,54,1,53,0" doraHai="63" doraHaiUra="129" who="1" fromWho="1" sc="250,-26,240,62,250,-13,250,-13" /><INIT seed="1,0,0,5,1,126" ten="224,302,237,237" oya="1" hai0="125,35,74,31,0,73,37,111,24,1,60,20,72" hai1="113,52,123,124,62,112,114,55,79,30,86,129,93" hai2="135,116,18,69,45,128,29,89,83,47,115,80,87" hai3="54,9,53,76,85,107,5,16,27,96,92,10,28"/><U26/><E123/><V12/><F116/><W84/><G107/><T120/><D125/><U64/><E124/><V133/><F69/><W32/><G9/><T75/><D120/><U91/><E79/><V108/><F29/><W39/><G39/><T17/><D111/><U46/><E46/><V102/><F108/><W94/><G16/><T48/><D37/><U99/><E86/><V67/><F67/><W23/><G32/><T33/><N who="0" m="18432" /><DORA hai="81" /><T106/><D106/><U82/><E82/><V121/><F121/><W95/><G96/><T6/><D6/><U56/><REACH who="1" step="1"/><E129/><REACH who="1" ten="224,292,237,237" step="2"/><V88/><F128/><W71/><G76/><T110/><D110/><U25/><E25/><V117/><F117/><W40/><G40/><T51/><D35/><AGARI ba="0,1" hai="26,30,35,52,55,56,62,64,91,93,99,112,113,114" machi="35" ten="40,3900,0" yaku="1,1,54,1,53,0" doraHai="126,81" doraHaiUra="38,66" who="1" fromWho="0" sc="224,-39,292,49,237,0,237,0" /><INIT seed="1,1,0,2,5,78" ten="185,341,237,237" oya="1" hai0="45,105,36,99,127,133,48,62,101,11,19,91,12" hai1="15,123,4,128,103,74,47,2,35,131,84,129,119" hai2="53,80,110,82,113,111,66,51,16,63,21,130,24" hai3="30,70,68,58,86,122,5,6,77,37,114,8,124"/><U33/><E119/><V23/><F23/><W26/><G122/><T71/><D133/><U13/><E123/><V25/><F25/><W72/><G114/><T109/><D109/><N who="2" m="41482" /><F130/><W73/><G124/><T88/><D127/><U115/><E115/><V90/><F90/><W94/><G37/><T61/><D36/><U38/><E74/><V83/><F113/><W1/><G5/><T125/><D125/><U107/><E33/><V120/><F120/><W56/><G58/><T50/><D50/><U89/><E35/><V7/><F7/><W104/><G104/><T17/><D17/><U126/><E126/><V85/><F85/><W102/><G56/><T97/><D71/><U121/><E121/><V95/><F95/><W60/><G60/><T96/><D105/><U100/><E100/><V116/><F116/><W40/><G40/><N who="0" m="24615" /><D101/><U55/><E103/><V28/><F28/><W18/><G18/><T108/><D108/><U34/><E107/><V65/><F63/><AGARI ba="1,0" hai="11,12,19,61,62,63,88,91,96,97,99" m="24615" machi="63" ten="30,2000,0" yaku="8,1,54,1" doraHai="78" who="0" fromWho="2" sc="185,23,341,0,237,-23,237,0" /><INIT seed="2,0,0,3,3,66" ten="208,341,214,237" oya="2" hai0="127,52,32,67,10,1,13,88,125,100,29,40,18" hai1="110,90,83,105,101,49,79,107,96,65,118,28,0" hai2="14,34,15,23,39,97,117,30,26,21,103,16,131" hai3="19,134,112,46,95,64,48,91,61,43,51,12,59"/><V7/><F39/><W37/><G134/><T47/><D100/><U2/><E118/><V70/><F117/><W41/><G112/><T130/><D67/><U22/><E110/><V108/><F108/><W44/><G37/><T4/><D130/><U73/><E107/><V58/><F131/><W53/><G53/><T80/><D40/><U36/><E36/><V98/><F70/><W35/><G35/><T129/><D129/><U50/><E65/><V94/><F97/><W55/><G55/><T132/><D132/><U93/><E28/><V81/><F58/><W106/><G106/><T62/><D32/><U25/><E25/><V31/><F31/><W114/><G114/><T74/><D29/><U89/><E22/><V72/><F7/><W38/><G38/><T76/><D88/><U63/><E63/><V128/><F128/><W9/><G91/><T78/><D78/><U122/><E90/><V45/><F45/><W126/><G126/><T24/><D24/><U123/><E0/><V116/><F116/><W135/><G135/><T17/><D47/><U133/><E2/><V27/><REACH who="2" step="1"/><F34/><REACH who="2" ten="208,341,204,237" step="2"/><W11/><REACH who="3" step="1"/><G95/><REACH who="3" ten="208,341,204,227" step="2"/><T111/><D111/><U113/><E133/><V68/><F68/><W54/><G54/><T8/><REACH who="0" step="1"/><D17/><REACH who="0" ten="198,341,204,227" step="2"/><U115/><E115/><V87/><F87/><W99/><G99/><T33/><D33/><U5/><E113/><V92/><F92/><W85/><G85/><T102/><D102/><U57/><E101/><V71/><F71/><W86/><G86/><T109/><D109/><U20/><E93/><V104/><F104/><W56/><G56/><AGARI ba="0,3" hai="1,4,8,10,13,18,52,56,62,74,76,80,125,127" machi="56" ten="40,5200,0" yaku="1,1,6,1,54,1,53,0" doraHai="66" doraHaiUra="69" who="0" fromWho="3" sc="198,82,341,0,204,0,227,-52" /><INIT seed="3,0,0,0,2,17" ten="280,341,204,175" oya="3" hai0="68,52,0,2,19,69,133,28,118,74,95,30,65" hai1="97,10,20,51,16,127,33,54,78,37,86,116,117" hai2="12,9,122,36,120,111,134,39,31,22,55,131,40" hai3="14,125,42,104,110,102,84,103,34,73,105,49,56"/><W87/><G73/><T81/><D118/><N who="1" m="45675" /><E127/><V85/><F111/><W26/><G125/><T60/><D133/><U45/><E33/><V4/><F134/><W21/><G110/><T88/><D69/><U79/><E10/><V3/><F131/><W77/><G34/><T101/><D101/><N who="3" m="38409" /><G105/><T7/><D19/><U1/><E1/><V93/><F40/><W98/><G104/><T44/><D74/><U59/><E97/><V70/><F70/><W41/><G98/><T62/><D81/><N who="1" m="47415" /><E79/><V107/><F107/><W130/><G130/><T89/><D89/><U99/><E99/><V124/><F124/><W96/><G96/><T63/><D65/><U15/><E37/><V106/><F106/><W114/><G114/><T46/><D68/><U80/><E80/><V83/><F55/><N who="3" m="31855" /><G77/><T53/><D2/><U82/><E82/><V35/><F35/><W57/><G14/><T18/><D0/><U32/><E32/><V76/><F93/><W121/><G121/><N who="2" m="46697" /><F3/><W94/><G94/><T132/><D95/><U135/><E135/><V61/><F61/><W58/><G84/><T38/><D62/><U24/><E15/><V112/><F112/><W11/><G87/><T71/><D63/><U113/><E113/><V108/><F108/><W109/><G109/><T119/><D60/><U115/><E115/><V25/><AGARI ba="0,0" hai="4,9,12,22,25,31,36,39,76,83,85" m="46697" machi="25" ten="30,2000,0" yaku="13,1,52,1" doraHai="17" who="2" fromWho="2" sc="280,-5,341,-5,204,20,175,-10" owari="275,7.5,336,43.6,224,-17.6,165,-33.5" /></mjloggm>