<mjloggm ver="2.3"><GO type="225" lobby="0"/><UN n0="%E3%83%A9%E3%82%B9%E7%8E%87%EF%BC%93%E5%89%B2" n1="%E9%80%86%E9%80%A3%E5%B8%AF%E3%81%AE%E9%AC%BC" n2="%6B%75%7A%75%6E" n3="%6B%79%6F%6E%6B%6F%31%31" dan="16,17,17,16" rate="2207.47,2126.95,2157.55,2152.80" sx="F,M,M,M"/><TAIKYOKU oya="0"/><INIT seed="0,0,0,5,0,124" ten="250,250,250,250" oya="0" hai0="51,116,24,126,4,41,119,74,17,42,67,103,54" hai1="5,32,34,90,35,117,100,16,49,107,111,127,6" hai2="91,62,60,36,66,83,23,13,18,73,122,43,0" hai3="134,75,133,130,20,56,15,37,82,12,135,57,77"/><T21/><D126/><U104/><E127/><V106/><F122/><W22/><G37/><T121/><D121/><U50/><E117/><V97/><F0/><W29/><G130/><T80/><D67/><U7/><E111/><V84/><F73/><W52/><G57/><T26/><D4/><U38/><E38/><V76/><F106/><W72/><G72/><T101/><D74/><U58/><E90/><V113/><F113/><W81/><G81/><T28/><D80/><U27/><E100/><N who="0" m="38473" /><D119/><U79/><E79/><V88/><F62/><W123/><G123/><T61/><D61/><U8/><E27/><V30/><F30/><W85/><G75/><T95/><D95/><U69/><E69/><V89/><F36/><W31/><G22/><N who="0" m="13391" /><D116/><U115/><E115/><V45/><F97/><W87/><G87/><T131/><D131/><U46/><E58/><AGARI ba="0,0" hai="21,26,28,41,42,51,54,58" m="13391,38473" machi="58" ten="30,1500,0" yaku="8,1" doraHai="124" who="0" fromWho="1" sc="250,15,250,-15,250,0,250,0" /><INIT seed="0,1,0,3,1,54" ten="265,235,250,250" oya="0" hai0="48,72,60,47,98,19,122,92,67,8,0,69,133" hai1="94,88,135,87,104,93,1,9,127,7,61,89,134" hai2="63,44,101,78,52,2,26,91,109,86,108,22,111" hai3="10,116,15,13,38,77,53,42,40,70,45,36,29"/><T74/><D122/><U17/><E127/><V51/><F2/><W125/><G125/><T117/><D117/><U103/><E17/><V18/><F101/><W46/><G116/><T119/><D119/><U33/><E33/><V31/><F78/><W6/><G70/><T90/><D133/><U106/><E61/><V39/><F39/><W23/><G77/><T112/><D112/><U11/><E11/><V24/><F63/><W20/><G29/><T35/><D35/><U27/><E27/><V76/><F76/><W50/><REACH who="3" step="1"/><G13/><REACH who="3" ten="265,235,250,240" step="2"/><T59/><D69/><U81/><E135/><V12/><REACH who="2" step="1"/><F31/><REACH who="2" ten="265,235,240,240" step="2"/><W41/><G41/><T105/><D0/><U96/><REACH who="1" step="1"/><E134/><REACH who="1" ten="265,225,240,240" step="2"/><V123/><F123/><W80/><G80/><AGARI ba="1,3" hai="12,18,22,24,26,44,51,52,80,86,91,108,109,111" machi="80" ten="40,5200,0" yaku="1,1,14,1,54,1,53,0" doraHai="54" doraHaiUra="132" who="2" fromWho="3" sc="265,0,225,0,240,85,240,-55" /><INIT seed="1,0,0,5,1,80" ten="265,225,325,185" oya="1" hai0="29,104,105,79,35,96,49,8,61,56,112,90,88" hai1="50,10,118,66,45,109,67,125,107,92,64,89,13" hai2="95,19,43,36,68,110,28,72,69,30,37,51,4" hai3="117,128,34,129,115,44,87,48,84,14,15,54,83"/><U103/><E118/><V114/><F110/><W27/><G115/><T101/><D112/><U132/><E109/><V7/><F95/><W106/><G106/><T16/><D105/><U120/><E120/><V11/><F43/><W86/><G117/><T53/><D79/><U119/><E119/><V55/><F51/><W102/><G102/><T135/><D135/><U75/><E132/><V116/><F116/><W65/><G65/><T38/><D38/><U123/><E123/><V82/><F82/><W76/><G27/><T32/><D29/><U39/><E75/><V131/><F55/><W121/><G34/><T58/><D32/><U42/><E125/><V62/><F11/><W9/><G121/><T78/><D78/><U98/><E39/><V21/><F19/><W12/><REACH who="3" step="1"/><G9/><REACH who="3" ten="265,225,325,175" step="2"/><T93/><D35/><U40/><E107/><V81/><F114/><W23/><G23/><T127/><D104/><U97/><E103/><V77/><F21/><W71/><G71/><T6/><D127/><U60/><E66/><V57/><F68/><W85/><AGARI ba="0,1" hai="12,14,15,44,48,54,76,83,84,85,86,87,128,129" machi="85" ten="40,12000,2" yaku="1,1,0,1,52,4,53,0" doraHai="80" doraHaiUra="22" who="3" fromWho="3" sc="265,-30,225,-60,325,-30,175,130" /><INIT seed="2,0,0,0,1,81" ten="235,165,295,305" oya="2" hai0="54,67,23,48,116,18,89,122,63,29,17,100,132" hai1="113,103,11,134,125,30,76,21,53,83,61,124,74" hai2="51,70,93,37,128,87,77,52,32,109,110,0,27" hai3="102,44,20,4,90,41,131,86,115,50,46,1,104"/><V80/><F37/><W5/><G131/><T2/><D122/><U112/><E134/><V55/><F0/><W22/><G115/><T72/><D2/><U95/><E11/><V43/><F70/><W7/><G1/><T126/><D72/><U96/><E53/><V36/><F128/><W71/><G71/><T40/><D40/><U114/><E61/><V45/><F93/><W111/><G111/><N who="2" m="42505" /><F36/><W106/><G102/><T85/><D100/><U130/><E130/><V28/><AGARI ba="0,0" hai="27,28,32,43,45,51,52,55,77,80,87" m="42505" machi="28" ten="30,11700,0" yaku="14,1,10,1,52,1,54,1" doraHai="81" who="2" fromWho="2" sc="235,-39,165,-39,295,117,305,-39" /><INIT seed="2,1,0,5,4,126" ten="196,126,412,266" oya="2" hai0="2,102,31,71,127,84,125,24,62,35,20,47,124" hai1="116,33,107,67,14,5,89,41,70,45,92,69,63" hai2="55,93,7,100,56,74,117,119,42,8,77,12,9" hai3="108,129,75,40,0,48,23,52,21,131,86,60,121"/><V37/><F74/><W65/><G121/><T53/><D2/><U113/><E116/><V58/><F77/><W36/><G75/><T15/><D102/><U78/><E113/><V66/><F66/><W105/><G105/><T80/><D15/><U99/><E33/><V28/><F58/><N who="3" m="33031" /><G0/><T103/><D103/><U54/><E107/><V111/><F111/><W1/><G1/><T128/><D47/><U57/><E78/><V109/><F109/><W112/><G112/><T79/><D128/><N who="3" m="49225" /><G108/><T122/><D122/><U91/><E67/><V64/><F64/><W22/><G86/><T135/><D135/><U25/><E70/><V87/><F87/><W120/><G120/><T90/><D71/><U81/><E69/><V44/><F119/><W123/><G123/><T32/><D79/><U96/><E96/><V51/><F117/><W85/><G85/><T46/><D125/><U61/><E99/><V49/><F56/><N who="3" m="36999" /><G40/><T29/><D127/><U88/><E41/><V106/><F106/><W114/><G114/><T104/><D124/><U83/><E63/><V3/><F3/><W101/><G36/><T30/><D104/><U110/><E110/><V43/><F43/><W59/><G59/><N who="0" m="35183" /><D46/><U26/><E45/><V13/><F37/><W34/><G34/><T38/><D38/><U50/><E61/><V82/><F42/><W18/><G101/><T134/><D134/><U132/><E132/><V6/><F44/><W133/><G133/><T72/><D72/><U130/><E130/><V98/><F100/><W10/><G10/><T16/><D32/><U39/><E39/><RYUUKYOKU ba="1,0" sc="196,15,126,-15,412,-15,266,15" hai0="16,20,24,29,30,31,35,80,84,90" hai3="18,21,22,23" /><INIT seed="3,2,0,2,2,98" ten="211,111,397,281" oya="3" hai0="41,113,67,8,58,118,133,90,126,7,0,93,57" hai1="16,79,135,2,74,15,116,100,88,119,4,115,55" hai2="108,99,82,109,107,54,85,69,62,96,114,17,72" hai3="48,35,44,75,65,129,29,9,59,101,50,112,91"/><W76/><G112/><T19/><D113/><U106/><E135/><V130/><F114/><W131/><G76/><T49/><D118/><U77/><E115/><V80/><F72/><W64/><G75/><T46/><D133/><U22/><E55/><V31/><F130/><N who="3" m="49675" /><G91/><T10/><D126/><U117/><E74/><V11/><F82/><W34/><G9/><T23/><D67/><N who="3" m="25673" /><G29/><T28/><D28/><U120/><E120/><V3/><F31/><W51/><G59/><T132/><D8/><U14/><E2/><V110/><F69/><W26/><G26/><T37/><D132/><U43/><E43/><V95/><F3/><W123/><G123/><T32/><D32/><N who="3" m="12329" /><G101/><T73/><D73/><U5/><E88/><V104/><F11/><W21/><G21/><T24/><D37/><U124/><E124/><V6/><F6/><W78/><G78/><T30/><D30/><U38/><E38/><V92/><F17/><W86/><G86/><AGARI ba="2,0" hai="0,7,10,19,23,24,41,46,49,57,58,86,90,93" machi="86" ten="30,1000,0" yaku="7,1" doraHai="98" who="0" fromWho="3" sc="211,16,111,0,397,0,281,-16" owari="227,-17.3,111,-38.9,397,49.7,265,6.5" /></mjloggm>