<mjloggm ver="2.3"><GO type="225" lobby="0"/><UN n0="%72%65%6E%6B%75%6E" n1="%77%72%77%72%77%72%77%72" n2="%E8%A8%88%E7%AE%97%E6%A9%9F%E8%87%AA%E7%84%B6" n3="%E3%81%B5%E3%81%98%E3%81%8B%E3%81%A4" dan="17,16,17,16" rate="2238.12,2223.20,2184.85,2114.87" sx="M,M,M,M"/><TAIKYOKU oya="0"/><INIT seed="0,0,0,3,4,69" ten="250,250,250,250" oya="0" hai0="118,124,81,39,19,74,106,17,61,62,57,86,29" hai1="119,25,34,20,31,53,64,35,68,101,111,97,115" hai2="47,77,46,78,109,63,48,3,8,0,38,54,42" hai3="71,75,67,120,40,116,92,27,132,43,123,76,26"/><T135/><D106/><U108/><E119/><V84/><F109/><N who="1" m="42057" /><E115/><V112/><F112/><W98/><G116/><T129/><D118/><U127/><E127/><V80/><F77/><W23/><G67/><T51/><D74/><U22/><E35/><V128/><F128/><W12/><G71/><T37/><D29/><U56/><E64/><V13/><REACH who="2" step="1"/><F63/><REACH who="2" ten="250,250,240,250" step="2"/><W134/><G76/><N who="0" m="46375" /><D129/><U58/><E68/><V89/><F89/><N who="3" m="55567" /><G75/><T7/><D62/><N who="1" m="36111" /><E58/><V18/><AGARI ba="0,1" hai="0,3,8,13,18,38,42,46,47,48,54,78,80,84" machi="18" ten="20,5200,0" yaku="1,1,0,1,7,1,52,1,53,0" doraHai="69" doraHaiUra="91" who="2" fromWho="2" sc="250,-26,250,-13,240,62,250,-13" /><INIT seed="1,0,0,3,2,87" ten="224,237,302,237" oya="1" hai0="49,35,29,91,47,8,21,69,90,2,116,81,5" hai1="77,24,96,25,114,94,10,113,46,0,12,31,32" hai2="110,78,119,82,34,100,92,108,80,14,38,42,106" hai3="112,65,45,118,76,33,23,98,101,121,93,56,58"/><U48/><E0/><V133/><F34/><W1/><G121/><T55/><D116/><U62/><E77/><V63/><F119/><W39/><G33/><T104/><D104/><U36/><E36/><V54/><F106/><W127/><G1/><T68/><D35/><U66/><E24/><V128/><F128/><W50/><G112/><T44/><D44/><U73/><E73/><V95/><F133/><W41/><G127/><T72/><D72/><U85/><E85/><V75/><F80/><W135/><G135/><T18/><D29/><U70/><E48/><V102/><F14/><W64/><G118/><T7/><D7/><U107/><E46/><N who="2" m="23895" /><F54/><W99/><G76/><T19/><D19/><U4/><REACH who="1" step="1"/><E107/><REACH who="1" ten="224,227,302,237" step="2"/><V120/><F78/><W117/><G117/><T59/><D47/><U20/><E20/><V89/><F75/><W57/><G23/><T3/><D3/><U43/><E43/><V86/><F86/><W60/><G39/><T131/><D131/><U84/><E84/><V88/><F82/><W30/><G30/><T27/><REACH who="0" step="1"/><D81/><REACH who="0" ten="214,227,302,237" step="2"/><U37/><E37/><V130/><F130/><W125/><G45/><T129/><D129/><U124/><E124/><V71/><F120/><W79/><G125/><T122/><D122/><U15/><E15/><V28/><F28/><W134/><G134/><T123/><D123/><U16/><E16/><V22/><F22/><W67/><G41/><T103/><D103/><AGARI ba="0,2" hai="4,10,12,25,31,32,62,66,70,94,96,103,113,114" machi="103" ten="30,2900,0" yaku="1,1,7,1,53,0" doraHai="87" doraHaiUra="51" who="1" fromWho="0" sc="214,-29,227,49,302,0,237,0" /><INIT seed="1,1,0,1,1,135" ten="185,276,302,237" oya="1" hai0="80,111,118,47,125,45,129,78,22,83,16,19,52" hai1="96,97,61,98,89,74,56,117,49,127,121,1,122" hai2="68,75,103,38,91,106,116,21,107,58,104,62,35" hai3="27,73,115,39,119,94,100,113,108,9,134,43,70"/><U40/><E117/><V13/><F116/><W95/><G70/><T112/><D118/><U92/><E1/><V11/><F35/><W114/><G73/><T32/><D112/><U15/><E74/><V42/><F75/><W4/><G119/><T12/><D32/><U120/><E127/><V88/><F68/><W110/><G100/><T69/><D69/><U77/><E77/><V33/><F33/><W6/><G39/><T24/><D111/><N who="3" m="42537" /><G43/><T133/><D133/><U2/><E2/><V79/><F79/><W55/><G134/><T93/><D129/><U23/><E49/><V59/><F21/><W14/><G27/><T53/><D93/><N who="3" m="35337" /><G55/><N who="0" m="21067" /><D125/><U105/><E40/><V28/><F103/><W31/><G31/><T5/><D5/><AGARI ba="1,0" hai="4,5,6,9,14,113,114,115" m="35337,42537" machi="5" ten="40,1300,0" yaku="14,1" doraHai="135" who="3" fromWho="0" sc="185,-16,276,0,302,0,237,16" /><INIT seed="2,0,0,1,1,118" ten="169,276,302,253" oya="2" hai0="89,67,42,100,30,80,55,11,6,63,103,26,64" hai1="114,46,78,52,51,8,99,92,12,27,85,111,45" hai2="122,50,131,105,98,116,53,9,81,91,59,28,109" hai3="10,69,127,93,29,75,66,112,19,47,34,71,96"/><V62/><F116/><W65/><G127/><T40/><D55/><U54/><E111/><V48/><F131/><W1/><G75/><T57/><D67/><U2/><E2/><V121/><F28/><W39/><G112/><T70/><D70/><U119/><E114/><V101/><F109/><W113/><G113/><T37/><D80/><N who="1" m="47255" /><E27/><V16/><F91/><W0/><G34/><T44/><D89/><N who="1" m="55695" /><E119/><V79/><F50/><W14/><G29/><T41/><D103/><U87/><E87/><V108/><F108/><W32/><G32/><T24/><D100/><U35/><E35/><V120/><F48/><W123/><G123/><T4/><D26/><U60/><E60/><V86/><REACH who="2" step="1"/><F16/><REACH who="2" ten="169,276,292,253" step="2"/><W15/><G19/><T73/><D6/><N who="1" m="3095" /><E45/><V132/><F132/><W95/><G47/><T129/><D129/><U13/><E46/><V88/><F88/><W58/><G39/><T22/><REACH who="0" step="1"/><D73/><REACH who="0" ten="159,276,292,253" step="2"/><U77/><E77/><V23/><F23/><W125/><G10/><AGARI ba="0,2" hai="9,10,53,59,62,79,81,86,98,101,105,120,121,122" machi="10" ten="40,18000,2" yaku="1,1,52,3,53,2" doraHai="118" doraHaiUra="7" who="2" fromWho="3" sc="159,0,276,0,292,200,253,-180" /><INIT seed="2,1,0,1,0,18" ten="159,276,492,73" oya="2" hai0="104,89,43,92,96,62,123,111,119,101,80,25,13" hai1="7,64,35,11,26,12,41,57,45,97,115,55,72" hai2="130,4,78,109,87,49,133,30,116,46,42,19,110" hai3="1,129,48,2,52,31,108,127,9,17,71,73,79"/><V105/><F116/><W23/><G108/><N who="2" m="41577" /><F105/><W6/><G71/><T65/><D111/><U56/><E72/><V44/><F130/><W118/><G118/><T34/><D119/><U124/><E115/><V107/><F107/><W94/><G129/><T112/><D112/><U22/><E35/><V20/><F133/><W117/><G117/><T120/><D43/><U134/><E124/><V47/><F30/><W75/><G127/><T27/><D80/><U37/><E134/><V122/><F4/><W28/><G1/><T86/><D13/><U103/><E64/><V125/><F122/><W53/><G53/><T68/><REACH who="0" step="1"/><D25/><REACH who="0" ten="149,276,492,73" step="2"/><U100/><E26/><N who="2" m="14623" /><F125/><W85/><G73/><T0/><D0/><U5/><E5/><V81/><AGARI ba="1,1" hai="42,44,46,47,49,78,81,87" m="14623,41577" machi="81" ten="30,6000,0" yaku="14,1,10,1,52,1" doraHai="18" who="2" fromWho="2" sc="149,-21,276,-21,492,73,73,-21" /><INIT seed="2,2,0,5,1,48" ten="128,255,565,52" oya="2" hai0="60,2,82,22,35,106,57,129,95,132,109,134,135" hai1="100,37,72,58,47,30,92,25,8,89,50,90,74" hai2="26,84,117,59,112,32,40,6,80,119,108,120,3" hai3="107,12,4,69,91,52,63,5,68,103,17,78,75"/><V18/><F112/><W81/><G107/><T113/><D35/><U87/><E100/><V39/><F120/><W46/><G103/><T56/><D106/><U116/><E116/><V76/><F39/><W33/><G33/><T125/><D2/><U122/><E122/><V16/><F40/><W29/><G29/><T104/><D104/><U19/><E58/><V11/><F108/><W7/><G91/><T31/><D113/><U51/><E51/><V133/><F133/><W71/><G63/><T128/><D109/><U102/><E102/><V70/><F70/><W124/><G124/><T66/><D95/><U27/><E90/><V97/><F97/><W61/><G46/><T23/><D82/><U24/><E30/><V10/><F32/><W42/><G42/><T86/><D86/><U20/><E8/><V131/><F131/><N who="0" m="50250" /><D56/><U21/><E74/><V96/><F96/><W41/><G41/><T101/><D101/><U123/><E50/><V88/><F76/><W62/><G68/><T49/><D49/><U36/><E36/><V15/><REACH who="2" step="1"/><F59/><REACH who="2" ten="128,255,555,52" step="2"/><W93/><G71/><T110/><D110/><U114/><E37/><V9/><F9/><W115/><G69/><T64/><D64/><U38/><E114/><V111/><F111/><W85/><G115/><T126/><D31/><U53/><E123/><V13/><F13/><W54/><G75/><T45/><D45/><U44/><E44/><V14/><F14/><W73/><G73/><T99/><D99/><U83/><E47/><V127/><F127/><AGARI ba="2,1" hai="22,23,57,60,66,125,126,127,132,134,135" m="50250" machi="127" ten="40,32000,5" yakuman="39" doraHai="48" who="0" fromWho="2" sc="128,336,255,0,555,-326,52,0" /><INIT seed="3,0,0,3,5,123" ten="464,255,229,52" oya="3" hai0="54,31,106,60,75,107,105,90,52,82,22,104,102" hai1="78,95,74,50,0,135,91,61,119,24,77,4,113" hai2="23,20,103,48,65,69,111,43,81,12,94,18,51" hai3="15,1,128,92,9,89,53,131,25,21,36,19,8"/><W133/><G36/><T125/><D125/><U14/><E113/><V129/><F69/><W62/><G133/><T120/><D120/><U7/><E0/><V58/><F129/><W6/><G53/><T114/><D114/><U34/><E74/><V66/><F81/><W27/><G62/><T10/><D10/><U86/><E135/><V44/><F111/><W110/><G89/><T127/><D127/><U56/><E50/><V76/><F76/><N who="1" m="29289" /><E34/><V28/><F28/><N who="3" m="17455" /><G92/><T118/><D82/><U117/><E24/><V42/><F23/><N who="3" m="13823" /><G110/><T63/><D54/><N who="1" m="33943" /><E14/><V100/><F58/><W39/><G39/><T116/><D22/><U79/><E79/><V126/><F126/><W3/><G3/><T2/><D90/><U83/><E95/><V115/><F115/><W124/><G124/><T87/><D102/><N who="2" m="38954" /><F94/><W38/><G38/><T46/><D87/><U108/><E108/><V88/><F88/><W134/><G134/><T29/><D2/><U80/><E80/><V97/><F97/><W98/><G98/><T122/><D122/><U64/><E64/><V121/><F121/><W47/><G47/><AGARI ba="0,0" hai="12,18,20,42,43,44,47,48,51,65,66" m="38954" machi="47" ten="30,1000,0" yaku="8,1" doraHai="123" who="2" fromWho="3" sc="464,0,255,0,229,10,52,-10" owari="464,56.4,255,5.5,239,-16.1,42,-45.8" /></mjloggm>