<mjloggm ver="2.3"><GO type="225" lobby="0"/><UN n0="%43%68%65" n1="%E3%81%82%E3%83%BC%E3%81%97" n2="%E3%81%A1%E3%82%85%E3%81%86%E3%81%A9%E3%81%8F%E8%B1%A1%E3%81%95%E3%82%93" n3="%E8%81%B7%E6%A5%AD%E3%80%81%E9%A2%A8%32" dan="16,16,17,16" rate="2076.66,2123.02,2207.38,2096.49" sx="M,M,M,M"/><TAIKYOKU oya="0"/><INIT seed="0,0,0,2,5,113" ten="250,250,250,250" oya="0" hai0="36,43,10,42,41,6,93,59,74,130,90,19,30" hai1="62,88,115,119,85,128,45,48,91,64,99,80,54" hai2="21,127,112,57,39,49,15,63,4,71,109,125,1" hai3="110,98,22,58,104,31,95,38,23,114,87,75,29"/><T126/><D74/><U56/><E115/><V26/><F112/><W65/><G38/><T83/><D130/><U20/><E128/><V13/><F39/><W46/><G75/><T7/><D36/><U123/><E123/><V121/><F71/><W81/><G104/><T101/><D30/><U129/><E129/><V82/><F82/><W32/><G110/><T78/><D101/><U2/><E2/><V108/><F49/><W117/><G117/><T111/><D126/><N who="2" m="48138" /><F57/><W107/><G107/><T124/><D59/><U94/><E119/><V118/><F63/><N who="3" m="38135" /><G32/><T60/><D60/><U66/><REACH who="1" step="1"/><E20/><REACH who="1" ten="250,240,250,250" step="2"/><N who="3" m="7722" /><G114/><T18/><D124/><U24/><E24/><V122/><F118/><W135/><G135/><T12/><D111/><N who="2" m="42570" /><F26/><W131/><G131/><T9/><D83/><U70/><E70/><V55/><F21/><W102/><G46/><T37/><D37/><U79/><E79/><AGARI ba="0,1" hai="29,31,79,81,87,95,98,102" m="7722,38135" machi="79" ten="30,1000,0" yaku="8,1" doraHai="113" who="3" fromWho="1" sc="250,0,240,-10,250,0,250,20" /><INIT seed="1,0,0,3,3,14" ten="250,230,250,270" oya="1" hai0="57,36,10,38,51,64,131,70,82,63,135,28,22" hai1="76,116,79,105,69,73,84,97,42,95,117,37,18" hai2="61,86,100,0,130,68,27,5,92,93,12,49,81" hai3="17,9,120,102,134,8,43,98,54,96,39,7,123"/><U89/><E69/><V85/><F130/><W107/><G134/><T19/><D135/><U99/><E42/><V34/><F0/><W11/><G7/><T58/><D131/><U50/><E37/><V110/><F110/><W125/><G125/><T74/><D28/><U122/><E50/><V41/><F34/><W115/><G115/><T16/><D38/><U32/><E32/><V24/><F68/><W109/><G109/><T45/><D10/><U124/><E122/><V65/><F65/><W90/><G43/><N who="0" m="22759" /><D58/><U44/><E44/><N who="2" m="25743" /><F61/><W4/><G4/><T15/><D15/><U1/><E1/><V88/><F100/><W129/><G39/><T133/><D22/><U62/><E62/><V67/><F67/><W121/><G129/><T119/><D119/><N who="1" m="45643" /><E124/><V6/><F93/><W77/><G54/><N who="0" m="31967" /><D133/><U29/><E29/><V53/><F53/><W3/><G3/><T47/><D47/><U101/><E18/><V112/><F112/><W20/><G77/><AGARI ba="0,0" hai="16,19,63,64,70,74,77,82" m="31967,22759" machi="77" ten="30,7700,0" yaku="24,1,52,2,54,1" doraHai="14" who="0" fromWho="3" sc="250,77,230,0,250,0,270,-77" /><INIT seed="2,0,0,3,4,121" ten="327,230,250,193" oya="2" hai0="28,130,134,118,84,120,88,107,70,131,72,82,13" hai1="42,31,108,125,86,101,100,109,34,74,4,14,0" hai2="22,25,116,135,111,110,87,69,2,15,98,17,39" hai3="56,26,78,132,90,49,80,104,59,61,113,103,19"/><V122/><F116/><W106/><G113/><T63/><D120/><U29/><E74/><V50/><F122/><W16/><G132/><T62/><D134/><U60/><E0/><V52/><F135/><W10/><G103/><N who="1" m="39498" /><E34/><V92/><F39/><W129/><G90/><T45/><D107/><U53/><E42/><V43/><F2/><W65/><G129/><N who="0" m="49163" /><D70/><U76/><E125/><V97/><F69/><W91/><G91/><T89/><D72/><U68/><E86/><V33/><F43/><W6/><G104/><T24/><D118/><U133/><E76/><V95/><F33/><W117/><G106/><T93/><D13/><U35/><E35/><V115/><F115/><W3/><G117/><T123/><D45/><U38/><E38/><V119/><F119/><W9/><G26/><T46/><D46/><U64/><E53/><V36/><F36/><W58/><G10/><T12/><D12/><U83/><E83/><V77/><F77/><W66/><G49/><T75/><D123/><U79/><E79/><V128/><F128/><W85/><REACH who="3" step="1"/><G66/><REACH who="3" ten="327,230,250,183" step="2"/><T11/><D11/><N who="1" m="4455" /><E133/><V73/><F25/><W41/><G41/><T102/><D102/><U5/><E5/><V114/><F114/><W54/><G54/><T23/><D75/><U18/><E18/><AGARI ba="0,1" hai="3,6,9,16,18,19,56,58,59,61,65,78,80,85" machi="18" ten="40,2600,0" yaku="1,1,54,1,53,0" doraHai="121" doraHaiUra="47" who="3" fromWho="1" sc="327,0,230,-26,250,0,183,36" /><INIT seed="3,0,0,2,5,74" ten="327,204,250,219" oya="3" hai0="134,37,23,44,20,62,88,78,81,131,66,95,24" hai1="76,69,36,102,3,80,64,16,122,53,113,63,123" hai2="56,75,87,61,99,111,100,19,60,103,84,77,94" hai3="34,96,6,26,1,90,29,67,13,79,119,2,35"/><W126/><G119/><T106/><D106/><U49/><BYE who="0" /><E3/><V109/><F60/><W27/><G126/><T58/><D58/><U127/><E36/><V118/><F118/><W124/><G124/><T43/><D43/><U55/><E127/><UN n0="%43%68%65" /><V12/><F100/><W18/><G67/><T125/><D88/><U4/><E4/><V70/><F70/><W82/><G6/><T25/><D131/><U52/><E113/><V65/><F75/><W93/><G27/><T91/><D95/><U48/><E102/><V101/><F101/><W41/><G35/><T33/><D20/><U68/><E68/><V108/><REACH who="2" step="1"/><F77/><REACH who="2" ten="327,204,240,219" step="2"/><W28/><G41/><T46/><D78/><U98/><E98/><V15/><F15/><W42/><G42/><T85/><D62/><U50/><REACH who="1" step="1"/><E16/><REACH who="1" ten="327,194,240,219" step="2"/><V7/><F7/><W135/><G29/><T117/><D125/><U110/><E110/><V71/><F71/><W97/><G96/><T132/><D117/><U128/><E128/><V22/><AGARI ba="0,2" hai="12,19,22,56,61,65,84,87,94,99,103,108,109,111" machi="22" ten="30,7900,0" yaku="1,1,0,1,14,1,53,1" doraHai="74" doraHaiUra="14" who="2" fromWho="2" sc="327,-20,194,-20,240,99,219,-39" owari="307,10.7,174,-32.6,339,43.9,180,-22.0" /></mjloggm>