<mjloggm ver="2.3"><GO type="225" lobby="0"/><UN n0="%74%61%6B%75%61%6B%61" n1="%33%74%72%65%65" n2="%E3%81%B5%E3%81%98%E3%81%8B%E3%81%A4" n3="%6D%75%75%73%61%6E%6D%75" dan="16,16,16,16" rate="2093.21,2128.82,2182.94,2114.42" sx="M,F,M,F"/><TAIKYOKU oya="0"/><INIT seed="0,0,0,4,1,101" ten="250,250,250,250" oya="0" hai0="81,104,5,33,103,84,25,35,13,49,59,22,7" hai1="64,41,1,10,117,63,42,11,120,15,54,116,20" hai2="92,114,129,34,3,119,18,74,31,110,37,47,96" hai3="85,39,70,45,48,52,27,51,77,80,87,126,14"/><T17/><D49/><U102/><E120/><V82/><F114/><W71/><G126/><T69/><D69/><U29/><E54/><V78/><F3/><W75/><G39/><T61/><D35/><U55/><E55/><V95/><F110/><W53/><G14/><T106/><D103/><U8/><E1/><V91/><F129/><W113/><G113/><T58/><D58/><U133/><E133/><V98/><F119/><W16/><G85/><T132/><D132/><U36/><E102/><V105/><F18/><W56/><REACH who="3" step="1"/><G75/><REACH who="3" ten="250,250,250,240" step="2"/><T121/><D5/><U66/><E15/><V46/><F37/><W79/><G79/><T124/><D124/><U40/><E36/><V65/><F74/><W122/><G122/><T12/><D121/><U134/><E134/><V68/><F78/><W23/><AGARI ba="0,1" hai="16,23,27,45,48,51,52,53,56,70,71,77,80,87" machi="23" ten="30,7900,0" yaku="1,1,0,1,54,2,53,0" doraHai="101" doraHaiUra="107" who="3" fromWho="3" sc="250,-39,250,-20,250,-20,240,89" /><INIT seed="1,0,0,1,0,33" ten="211,230,230,329" oya="1" hai0="96,34,48,56,124,61,28,114,26,58,45,69,17" hai1="72,76,100,73,91,92,80,75,84,11,66,64,122" hai2="2,112,13,85,118,87,16,12,7,65,41,8,77" hai3="30,21,102,18,62,106,51,89,98,74,88,97,129"/><U116/><E116/><V10/><F118/><W38/><G38/><T60/><D114/><U52/><E122/><V107/><F107/><W125/><G74/><T14/><D124/><U6/><E100/><V20/><F112/><W70/><G125/><T126/><D126/><U71/><E71/><V130/><F130/><W78/><G78/><T101/><D60/><U35/><E35/><V95/><F65/><W83/><G129/><T90/><D90/><U93/><E93/><V36/><F77/><W99/><G30/><T105/><D69/><U117/><E117/><V24/><F95/><W46/><G98/><T47/><D61/><U104/><E104/><V94/><F94/><W123/><G97/><T55/><REACH who="0" step="1"/><D47/><REACH who="0" ten="201,230,230,329" step="2"/><U22/><E91/><V44/><REACH who="2" step="1"/><F13/><REACH who="2" ten="201,230,220,329" step="2"/><W111/><G123/><T67/><D67/><U27/><E64/><V57/><F57/><W63/><G70/><T40/><D40/><U120/><E66/><V79/><F79/><W119/><G119/><T5/><D5/><AGARI ba="0,2" hai="2,5,7,8,10,12,16,20,24,36,41,44,85,87" machi="5" ten="30,7700,0" yaku="1,1,7,1,52,1,54,1,53,0" doraHai="33" doraHaiUra="103" who="2" fromWho="0" sc="201,-77,230,0,220,97,329,0" /><INIT seed="2,0,0,5,3,69" ten="124,230,317,329" oya="2" hai0="27,70,25,55,58,41,57,95,29,34,43,32,3" hai1="121,23,86,77,132,4,88,127,107,125,105,74,63" hai2="97,115,26,46,11,66,96,7,28,67,108,79,109" hai3="100,112,53,59,81,18,122,110,87,71,114,10,89"/><V36/><F115/><N who="3" m="44075" /><G122/><T85/><D70/><U33/><E33/><N who="2" m="20631" /><F79/><W16/><G71/><T93/><D29/><U31/><E132/><V39/><F67/><W22/><G110/><N who="2" m="42601" /><F66/><W131/><G131/><T13/><D13/><U135/><E77/><V12/><F46/><W82/><G100/><T117/><D85/><U21/><E74/><V24/><F24/><N who="3" m="14407" /><G18/><T19/><D19/><U2/><E135/><V37/><AGARI ba="0,0" hai="7,11,12,36,37,39,96,97" m="42601,20631" machi="37" ten="40,12000,1" yaku="14,1,10,1,52,3" doraHai="69" who="2" fromWho="2" sc="124,-40,230,-40,317,120,329,-40" /><INIT seed="2,1,0,2,0,43" ten="84,190,437,289" oya="2" hai0="119,2,132,130,20,91,77,86,11,27,116,64,18" hai1="68,67,53,82,0,125,99,45,94,135,60,129,71" hai2="97,32,28,109,123,122,126,76,3,30,84,34,17" hai3="79,83,85,48,36,62,112,15,92,78,75,66,102"/><V96/><F3/><W104/><G36/><T46/><D130/><U26/><E0/><V61/><F126/><W47/><G112/><T29/><D132/><U89/><E135/><V42/><F61/><W6/><G104/><T121/><D121/><U80/><E125/><V16/><F42/><W13/><G6/><T110/><D110/><U101/><E68/><V134/><F134/><W81/><G92/><T10/><D77/><U52/><E129/><V127/><F76/><W87/><G102/><T72/><D72/><U49/><E26/><V40/><F40/><W7/><G7/><T56/><D2/><U103/><E103/><V12/><F84/><W73/><G73/><T95/><D29/><U57/><E101/><V55/><F12/><W131/><G131/><T63/><REACH who="0" step="1"/><D46/><REACH who="0" ten="74,190,437,289" step="2"/><U118/><E118/><AGARI ba="1,1" hai="10,11,18,20,27,56,63,64,86,91,95,116,118,119" machi="118" ten="40,5200,0" yaku="1,1,2,1,12,1,53,0" doraHai="43" doraHaiUra="124" who="0" fromWho="1" sc="74,65,190,-55,437,0,289,0" /><INIT seed="3,0,0,0,1,9" ten="139,135,437,289" oya="3" hai0="17,40,121,72,93,79,124,31,21,75,105,46,52" hai1="33,87,61,130,90,94,36,109,47,12,44,7,83" hai2="68,64,22,35,2,15,103,6,34,10,1,16,53" hai3="113,127,38,85,27,20,82,102,78,37,86,114,39"/><W58/><G127/><T56/><D105/><U24/><E109/><V98/><F53/><W120/><G120/><T100/><D121/><U110/><E110/><V101/><F101/><W133/><G133/><T117/><D117/><U91/><E130/><V4/><F64/><W122/><G122/><T70/><D70/><U29/><E36/><V11/><F68/><W59/><G102/><T60/><D31/><U123/><E123/><V18/><F18/><W13/><G86/><T104/><D104/><AGARI ba="0,0" hai="1,2,4,6,10,11,15,16,22,34,35,98,103,104" machi="104" ten="30,7700,0" yaku="7,1,9,1,52,1,54,1" doraHai="9" who="2" fromWho="0" sc="139,-77,135,0,437,77,289,0" owari="62,-43.8,135,-26.5,514,61.4,289,8.9" /></mjloggm>