<mjloggm ver="2.3"><GO type="225" lobby="0"/><UN n0="%E7%89%B9%E6%9D%B1%E3%81%AF%E4%B8%96%E7%95%8C%E3%82%92%E6%95%91%E3%81%86" n1="%E6%98%BC%E4%B8%8B%E3%81%8C%E3%82%8A%E3%81%AE%E5%9B%A3%E5%9C%B0%E5%A6%BB" n2="%E6%80%AA%E3%81%97%E3%81%99%E3%81%8E%E3%82%8B%E3%83%81%E3%83%BC" n3="%4C%4F%4C%49%54%41" dan="16,16,16,16" rate="2081.04,2160.79,2048.58,2183.08" sx="M,F,M,F"/><TAIKYOKU oya="0"/><INIT seed="0,0,0,5,1,107" ten="250,250,250,250" oya="0" hai0="23,104,55,101,53,29,45,9,15,13,48,0,127" hai1="60,41,49,34,35,52,5,86,113,26,19,63,75" hai2="1,44,18,83,16,6,38,43,42,78,21,103,109" hai3="69,79,123,95,84,32,70,73,82,64,11,61,100"/><T122/><D122/><U125/><E125/><V119/><F109/><W40/><G32/><T94/><D104/><U25/><E113/><V67/><F119/><W128/><G128/><T56/><D127/><U2/><E75/><N who="2" m="43487" /><F42/><W115/><G115/><T133/><D133/><U131/><E41/><V68/><F21/><W130/><G130/><T77/><D77/><U135/><E131/><V54/><F54/><W66/><G123/><T22/><D0/><U50/><E135/><V98/><F67/><W12/><G40/><T120/><D120/><U51/><E2/><V57/><F57/><W81/><G100/><T76/><D76/><U8/><E5/><V36/><F68/><W116/><G116/><T37/><D37/><U118/><E118/><V80/><F80/><W31/><G31/><T110/><D110/><U132/><E132/><V117/><F36/><W112/><G95/><T62/><D29/><U93/><E35/><V46/><F46/><W106/><G106/><T97/><REACH who="0" step="1"/><D13/><REACH who="0" ten="240,250,250,250" step="2"/><N who="1" m="7591" /><E34/><V27/><F117/><W28/><G28/><T126/><D126/><U74/><E25/><V24/><F27/><W90/><G112/><T7/><AGARI ba="0,1" hai="7,9,15,22,23,45,48,53,55,56,62,94,97,101" machi="7" ten="20,7800,0" yaku="1,1,0,1,7,1,8,1,53,0" doraHai="107" doraHaiUra="121" who="0" fromWho="0" sc="240,88,250,-26,250,-26,250,-26" /><INIT seed="0,1,0,5,1,39" ten="328,224,224,224" oya="0" hai0="89,41,81,123,7,88,83,47,93,91,114,71,119" hai1="58,60,22,9,116,27,15,73,48,95,31,56,65" hai2="107,129,66,99,3,42,85,120,38,13,1,0,124" hai3="135,126,49,16,134,30,33,70,29,92,53,74,11"/><T55/><D114/><U78/><E116/><V18/><F120/><W111/><G74/><T4/><D119/><U96/><E73/><V40/><F129/><W26/><G70/><T63/><D123/><U115/><E115/><V98/><F124/><W17/><G111/><T128/><D128/><U118/><E118/><V69/><F38/><W100/><G126/><T112/><D93/><U76/><E56/><V36/><F36/><W121/><G121/><T57/><D71/><U14/><E48/><V20/><F85/><W54/><G30/><T51/><D112/><U122/><E122/><V52/><F52/><N who="3" m="20075" /><G11/><T108/><D108/><U23/><E23/><V45/><F45/><W94/><G49/><T28/><D28/><U19/><REACH who="1" step="1"/><E15/><REACH who="1" ten="328,214,224,224" step="2"/><V84/><F13/><W97/><G135/><T125/><D125/><U106/><E106/><V64/><F20/><N who="3" m="15559" /><G134/><T35/><D35/><U6/><E6/><AGARI ba="1,1" hai="4,6,7,41,47,51,55,57,63,81,83,88,89,91" machi="6" ten="40,7700,0" yaku="8,1,52,1,54,1" doraHai="39" who="0" fromWho="1" sc="328,90,214,-80,224,0,224,0" /><INIT seed="0,2,0,4,4,120" ten="418,134,224,224" oya="0" hai0="131,133,36,95,109,1,79,10,43,92,111,104,119" hai1="59,127,124,34,27,23,117,9,21,24,93,42,96" hai2="54,15,65,46,17,71,55,84,49,129,66,22,52" hai3="107,31,125,37,18,39,60,16,32,76,81,3,33"/><T12/><D119/><U61/><E117/><V122/><F122/><W83/><G107/><T97/><D1/><U8/><E42/><N who="2" m="24791" /><F71/><W50/><G3/><T28/><D131/><U112/><E34/><V88/><F129/><W14/><G125/><T0/><D0/><U128/><E128/><V134/><F134/><W4/><G4/><T56/><D133/><U68/><E68/><V116/><F116/><W48/><G14/><T103/><D79/><U114/><E124/><V69/><F69/><W13/><G13/><T20/><D56/><U132/><E127/><V85/><F85/><W78/><REACH who="3" step="1"/><G60/><REACH who="3" ten="418,134,224,214" step="2"/><T89/><D12/><U108/><E132/><V101/><F101/><W94/><G94/><AGARI ba="2,1" hai="15,17,22,52,54,55,65,66,84,88,94" m="24791" machi="94" ten="30,3900,0" yaku="8,1,54,2" doraHai="120" who="2" fromWho="3" sc="418,0,134,0,224,55,214,-45" /><INIT seed="1,0,0,1,1,50" ten="418,134,279,169" oya="1" hai0="98,36,63,114,35,76,93,75,130,34,9,106,60" hai1="41,107,80,65,25,126,52,46,111,95,89,40,37" hai2="68,33,26,55,13,21,11,49,121,110,73,101,3" hai3="2,30,19,58,85,48,116,71,24,8,120,72,42"/><U22/><E107/><V96/><F121/><W104/><G72/><T122/><D114/><U77/><E126/><V82/><F110/><W0/><G71/><T133/><D36/><U102/><E102/><V17/><F68/><W92/><G104/><T79/><D106/><U45/><E65/><V69/><F69/><W61/><G120/><T109/><D122/><U97/><E111/><V44/><F3/><W5/><G116/><T39/><D39/><U115/><E115/><V81/><F33/><W90/><G19/><T67/><D63/><U53/><E40/><V128/><F73/><W1/><G48/><T74/><D9/><U4/><E46/><V66/><F66/><W70/><G42/><T28/><D130/><U59/><E4/><V99/><F128/><W16/><G70/><T135/><D109/><U105/><E105/><V12/><F12/><W56/><G16/><T103/><D60/><U15/><E15/><V113/><F113/><W119/><G119/><T88/><D67/><U32/><E32/><N who="0" m="12329" /><D28/><U123/><E123/><V10/><F10/><W43/><G43/><T108/><D103/><U78/><E59/><N who="3" m="22570" /><G61/><T18/><D108/><U38/><E38/><V91/><F101/><W87/><G87/><T64/><D64/><U29/><E78/><V54/><F54/><W7/><G8/><T100/><D100/><U62/><E62/><V47/><F47/><W94/><G94/><T57/><D57/><U124/><E124/><V112/><F112/><W134/><G134/><T20/><D135/><U84/><AGARI ba="0,0" hai="22,25,29,37,41,45,52,53,77,80,84,89,95,97" machi="84" ten="20,12000,1" yaku="0,1,7,1,52,2,54,1" doraHai="50" who="1" fromWho="1" sc="418,-40,134,120,279,-40,169,-40" /><INIT seed="1,1,0,5,0,89" ten="378,254,239,129" oya="1" hai0="68,99,45,100,109,26,56,93,106,96,101,116,43" hai1="48,77,131,75,66,2,19,52,82,71,120,70,28" hai2="119,123,6,122,78,125,113,90,81,49,12,74,85" hai3="9,23,72,84,76,24,86,95,50,39,80,91,46"/><U107/><E120/><V117/><F125/><W57/><G39/><T59/><D116/><N who="2" m="44618" /><F49/><W38/><G38/><T130/><D68/><U63/><E107/><V58/><F58/><W31/><G9/><T114/><D114/><U21/><E2/><V8/><F12/><W121/><G57/><T132/><D109/><U34/><E131/><V126/><F8/><W129/><G129/><T1/><D1/><U103/><E103/><V3/><F6/><W15/><G15/><T16/><D132/><U10/><E10/><V7/><F7/><W79/><G121/><N who="2" m="46089" /><F3/><W18/><G18/><T111/><D111/><U53/><E71/><V87/><F126/><W98/><REACH who="3" step="1"/><G79/><REACH who="3" ten="378,254,239,119" step="2"/><T88/><D130/><U44/><E28/><V102/><F113/><W73/><G73/><T67/><D67/><U33/><E33/><V134/><F134/><W83/><G83/><T61/><D61/><U22/><E34/><V135/><F135/><W69/><G69/><T108/><D108/><U14/><E22/><V35/><F35/><W97/><G97/><T37/><D99/><U4/><E4/><V127/><F127/><W42/><AGARI ba="1,1" hai="23,24,31,42,46,50,72,76,80,84,86,91,95,98" machi="42" ten="20,5200,0" yaku="1,1,0,1,7,1,52,1,53,0" doraHai="89" doraHaiUra="30" who="3" fromWho="3" sc="378,-14,254,-27,239,-14,119,65" /><INIT seed="2,0,0,0,4,92" ten="364,227,225,184" oya="2" hai0="4,67,81,80,59,23,79,7,87,119,105,75,25" hai1="132,13,10,30,133,65,116,8,14,43,114,108,17" hai2="98,117,51,9,135,97,18,46,123,77,20,128,85" hai3="22,127,3,64,122,34,47,28,100,131,73,110,83"/><V42/><F117/><W11/><G122/><T38/><D105/><U41/><E116/><V101/><F123/><W44/><G110/><T48/><D38/><U58/><E30/><V96/><F135/><N who="1" m="51785" /><E114/><V129/><F9/><W118/><G118/><T54/><D67/><U57/><E108/><V21/><F101/><W29/><G127/><T99/><D99/><U111/><E111/><V68/><F68/><W1/><G34/><T115/><D115/><U56/><E65/><V63/><F63/><W53/><G64/><T134/><D134/><U107/><E107/><V55/><F42/><W130/><G100/><T84/><D75/><U49/><E49/><V6/><F6/><AGARI ba="0,0" hai="6,8,10,13,14,17,41,43,56,57,58" m="51785" machi="6" ten="30,1000,0" yaku="20,1" doraHai="92" who="1" fromWho="2" sc="364,0,227,10,225,-10,184,0" /><INIT seed="3,0,0,2,2,110" ten="364,237,215,184" oya="3" hai0="135,28,11,34,99,35,63,117,21,14,27,51,79" hai1="84,12,103,44,127,5,89,87,134,74,114,9,53" hai2="92,57,39,76,20,16,15,13,86,47,68,8,31" hai3="19,29,58,98,118,75,96,17,38,7,33,124,100"/><W93/><G118/><T126/><D117/><U64/><E114/><V129/><F129/><W90/><G38/><T88/><D79/><U41/><E74/><V1/><F68/><W45/><G75/><T62/><D135/><U85/><E134/><V26/><F1/><W54/><G124/><T24/><D126/><U22/><E103/><V116/><F116/><W59/><G7/><T95/><D51/><U122/><E122/><V106/><F106/><W78/><G78/><T55/><D55/><U77/><E64/><V70/><F70/><W0/><G0/><T120/><D120/><U113/><E113/><V104/><F104/><W52/><G45/><T83/><D83/><U61/><E77/><V32/><F57/><W48/><G29/><T42/><D42/><U101/><E127/><V130/><F130/><W36/><G33/><T43/><D43/><U132/><E132/><V71/><F71/><W111/><G36/><T3/><D3/><U6/><E41/><V131/><F131/><W102/><G111/><T107/><D107/><U81/><E44/><V80/><F92/><N who="3" m="56343" /><G102/><T60/><REACH who="0" step="1"/><D24/><REACH who="0" ten="354,237,215,184" step="2"/><U37/><E37/><V123/><F123/><W108/><G108/><T109/><D109/><U46/><E81/><V91/><F76/><W40/><G40/><T121/><D121/><U119/><E119/><V56/><F39/><W30/><G30/><T25/><D25/><U97/><E53/><V128/><F128/><W66/><G66/><T125/><D125/><U23/><E12/><N who="2" m="7175" /><F47/><N who="3" m="27679" /><G54/><T115/><D115/><U50/><E46/><V49/><F32/><W82/><G82/><RYUUKYOKU ba="0,1" sc="354,10,237,-30,215,10,184,10" hai0="11,14,21,27,28,34,35,60,62,63,88,95,99" hai2="13,15,20,26,31,49,56,80,86,91" hai3="17,19,58,59,93,98,100" /><INIT seed="3,1,1,0,1,105" ten="364,207,225,194" oya="3" hai0="89,81,76,21,25,18,70,10,8,34,54,111,118" hai1="22,50,49,116,43,44,17,1,29,98,114,27,52" hai2="121,15,16,38,112,36,45,133,71,126,0,5,113" hai3="42,61,96,9,2,132,124,28,75,14,129,83,108"/><W79/><G124/><T131/><D118/><U117/><E114/><V123/><F126/><W69/><G129/><T24/><D70/><U99/><E1/><V122/><F133/><W40/><G132/><T86/><D131/><U60/><E60/><V67/><F5/><W37/><G2/><T101/><D101/><U128/><E128/><V91/><F0/><W77/><G28/><T26/><D111/><U66/><E66/><V82/><F67/><W102/><G108/><T106/><D106/><U84/><E84/><N who="2" m="50583" /><F71/><W3/><G79/><T72/><D54/><U19/><E117/><V80/><F80/><W78/><G78/><T31/><D24/><U57/><E116/><V73/><F73/><W23/><G3/><T51/><D51/><U35/><E17/><V4/><F4/><W94/><G37/><N who="2" m="14441" /><F45/><W58/><G23/><AGARI ba="1,1" hai="15,16,23,112,113,121,122,123" m="14441,50583" machi="23" ten="40,2600,0" yaku="13,1,54,1" doraHai="105" who="2" fromWho="3" sc="364,0,207,0,225,39,194,-29" owari="364,46.4,207,-19.3,264,6.4,165,-33.5" /></mjloggm>