<mjloggm ver="2.3"><GO type="225" lobby="0"/><UN n0="%E5%B8%86%E7%AB%8B%E5%A4%8F%E8%A1%A3" n1="%E3%81%B5%E3%81%98%E3%81%8B%E3%81%A4" n2="%72%69%6F%75%63%68%61%6E" n3="%E3%83%97%E3%83%AC%E3%83%B4%E3%82%A1%E3%83%86%E3%82%A3" dan="16,16,16,16" rate="2088.99,2116.23,2107.41,2093.67" sx="M,M,M,F"/><TAIKYOKU oya="0"/><INIT seed="0,0,0,4,2,100" ten="250,250,250,250" oya="0" hai0="75,132,4,102,10,47,122,40,25,39,93,67,70" hai1="22,42,45,58,20,51,50,105,72,107,26,121,34" hai2="46,82,124,80,135,131,88,29,23,95,6,54,55" hai3="3,65,118,2,112,128,106,8,1,91,17,62,84"/><T61/><D122/><U129/><E121/><V14/><F131/><W87/><G112/><T60/><D132/><U103/><E72/><V38/><F135/><W24/><G128/><T125/><D125/><U90/><E129/><V13/><F124/><W86/><G118/><T41/><D41/><U27/><E34/><V49/><F38/><W21/><G8/><T63/><D25/><U31/><E90/><V92/><F92/><W123/><G123/><T89/><D75/><U64/><E103/><V18/><F29/><W119/><G119/><T59/><D102/><U71/><E71/><V15/><F55/><W108/><G108/><T0/><REACH who="0" step="1"/><D70/><REACH who="0" ten="240,250,250,250" step="2"/><U33/><E33/><V69/><F69/><W126/><G126/><T114/><D114/><U110/><E110/><V78/><F6/><W53/><G91/><T101/><D101/><U83/><E27/><N who="2" m="14839" /><F78/><W16/><G53/><T104/><D104/><U98/><E107/><V117/><F117/><W36/><G106/><T44/><D44/><U96/><E105/><V48/><F49/><W116/><G36/><T56/><D56/><U19/><E51/><V12/><N who="2" m="3072" /><DORA hai="52" /><V85/><AGARI ba="0,1" hai="46,48,54,80,82,85,88,95" m="3072,14839" machi="85" ten="40,5200,0" yaku="4,1,8,1,54,1" doraHai="100,52" who="2" fromWho="2" sc="240,-26,250,-13,250,62,250,-13" /><INIT seed="1,0,0,0,5,121" ten="214,237,312,237" oya="1" hai0="49,71,65,33,129,91,61,58,18,73,96,22,0" hai1="45,112,125,114,25,122,38,46,5,48,135,31,104" hai2="42,67,13,17,14,27,113,133,100,62,54,40,29" hai3="69,16,86,81,83,56,15,51,34,79,124,20,93"/><U11/><E122/><V74/><F74/><W21/><G34/><T35/><D129/><U84/><E104/><V87/><F133/><W89/><G69/><T36/><D73/><U7/><E135/><V131/><F131/><W50/><G124/><T37/><D0/><U118/><E125/><V47/><F113/><W9/><G81/><T116/><D116/><U32/><E118/><V6/><F100/><W41/><G51/><T102/><D91/><U134/><E134/><V64/><F6/><W55/><REACH who="3" step="1"/><G41/><REACH who="3" ten="214,237,312,227" step="2"/><T78/><D49/><U12/><E38/><V8/><F40/><W53/><G53/><T19/><D71/><U1/><E48/><V94/><F54/><W90/><G90/><T105/><D35/><U108/><E114/><V130/><F130/><W126/><G126/><T76/><D33/><U59/><E112/><V97/><F62/><W119/><G119/><T88/><D37/><U23/><E32/><V66/><F42/><W70/><G70/><T110/><D36/><U63/><E63/><V77/><F77/><W43/><G43/><T117/><D117/><U24/><E46/><V95/><F47/><W85/><AGARI ba="0,1" hai="9,15,16,20,21,50,55,56,79,83,85,86,89,93" machi="85" ten="20,12000,2" yaku="1,1,0,1,7,1,8,1,54,1,53,1" doraHai="121" doraHaiUra="72" who="3" fromWho="3" sc="214,-30,237,-60,312,-30,227,130" /><INIT seed="2,0,0,0,4,100" ten="184,177,282,357" oya="2" hai0="96,95,75,46,50,130,105,74,94,30,43,111,60" hai1="107,54,34,106,103,44,72,42,135,23,40,126,76" hai2="83,49,118,32,53,62,31,114,102,22,91,48,38" hai3="10,108,69,63,33,97,6,98,131,124,2,101,29"/><V73/><F114/><W99/><G108/><T92/><D111/><U28/><E40/><V80/><F118/><W52/><G131/><T86/><D130/><U45/><E23/><V56/><F32/><W115/><G115/><T51/><D30/><U57/><E45/><V0/><F0/><W21/><G124/><T109/><D109/><U12/><E103/><V64/><F38/><W127/><G127/><T18/><D105/><U7/><E126/><V66/><F102/><W25/><G21/><T16/><D75/><U128/><E128/><V24/><F73/><W47/><G47/><T134/><D74/><U77/><E7/><V113/><F113/><W81/><G81/><T65/><D134/><U110/><E12/><V84/><F80/><W120/><G120/><T39/><D86/><U129/><E129/><V37/><F37/><W3/><G3/><T121/><D96/><U58/><E58/><V19/><REACH who="2" step="1"/><F31/><REACH who="2" ten="184,177,272,357" step="2"/><W90/><G90/><T116/><D116/><U17/><E110/><V15/><F15/><W117/><G117/><T82/><D82/><U71/><E28/><V87/><F87/><W125/><G125/><T35/><D35/><U112/><E34/><V14/><F14/><W67/><REACH who="3" step="1"/><G52/><REACH who="3" ten="184,177,272,347" step="2"/><T89/><D89/><U70/><E54/><V8/><F8/><W5/><G5/><T27/><D121/><U79/><E112/><V88/><F88/><W41/><G41/><T11/><D11/><U1/><E42/><V13/><F13/><W55/><G55/><T119/><D119/><U68/><E72/><V36/><F36/><W123/><G123/><RYUUKYOKU ba="0,2" sc="184,-15,177,-15,272,15,347,15" hai2="19,22,24,48,49,53,56,62,64,66,83,84,91" hai3="2,6,10,25,29,33,63,67,69,97,98,99,101" /><INIT seed="2,1,2,0,4,111" ten="169,162,287,362" oya="2" hai0="42,92,89,101,121,38,84,82,51,8,2,16,53" hai1="44,48,107,10,119,1,133,88,130,18,33,15,87" hai2="105,28,80,117,75,110,83,135,17,112,76,94,55" hai3="118,11,74,64,131,68,36,27,57,59,14,65,46"/><V113/><F117/><W124/><G74/><T134/><D134/><U122/><E133/><V70/><F135/><W96/><G118/><T47/><D121/><U50/><E119/><V93/><F70/><W86/><G124/><T20/><D2/><U108/><E122/><V6/><F6/><W79/><G131/><T114/><D114/><N who="2" m="44138" /><F17/><W72/><G72/><T29/><D29/><U126/><E130/><V61/><F28/><W25/><G68/><T54/><D38/><U125/><E107/><V95/><F55/><W129/><G129/><T0/><D0/><U32/><E1/><V41/><F61/><W127/><G127/><N who="1" m="48650" /><E50/><V77/><F41/><W9/><G36/><T58/><D8/><N who="3" m="3145" /><G46/><T128/><D58/><N who="3" m="22025" /><G96/><N who="0" m="59527" /><D128/><U132/><E132/><V62/><F62/><W66/><G14/><AGARI ba="1,2" hai="14,16,20,42,47,51,53,54,82,84,89" m="59527" machi="14" ten="30,2000,0" yaku="8,1,54,1" doraHai="111" who="0" fromWho="3" sc="169,43,162,0,287,0,362,-23" /><INIT seed="3,0,0,1,0,65" ten="212,162,287,339" oya="3" hai0="78,53,129,66,29,55,23,82,99,52,57,120,121" hai1="59,73,16,7,62,75,56,95,100,77,107,32,113" hai2="76,26,31,135,123,18,43,42,61,79,1,69,35" hai3="126,6,37,13,47,119,127,91,117,128,124,70,85"/><W8/><G128/><T134/><D129/><U45/><E113/><V14/><F135/><W2/><G70/><T114/><D134/><U72/><E32/><V25/><F123/><W3/><G37/><T5/><D114/><U90/><E7/><V67/><F1/><N who="3" m="11" /><G47/><T50/><D5/><U111/><E111/><V89/><F26/><W105/><G105/><T125/><D125/><U22/><E45/><V10/><REACH who="2" step="1"/><F89/><REACH who="2" ten="212,162,277,339" step="2"/><W108/><G108/><T71/><D121/><U132/><E132/><V110/><F110/><W133/><G133/><T4/><D120/><U17/><E77/><AGARI ba="0,1" hai="10,14,18,25,31,35,42,43,61,67,69,76,77,79" machi="77" ten="40,5200,0" yaku="1,1,52,1,53,1" doraHai="65" doraHaiUra="64" who="2" fromWho="1" sc="212,0,162,-52,277,62,339,0" owari="212,-18.8,110,-39.0,339,43.9,339,13.9" /></mjloggm>