<mjloggm ver="2.3"><GO type="225" lobby="0"/><UN n0="%E9%B3%B3%E6%9D%B1%E3%81%AE%E3%81%86%E3%81%95%E3%81%8E%E3%81%95%E3%82%93" n1="%E9%89%A2%E5%B7%BB%E3%82%AC%E3%83%96" n2="%E9%A2%A8%E3%81%A7%E9%B3%B4%E3%81%8F" n3="%E3%81%9F%E3%81%A3%E3%81%A1%E3%82%87" dan="16,16,16,16" rate="2247.56,2144.03,2137.16,2084.94" sx="M,M,M,M"/><TAIKYOKU oya="0"/><INIT seed="0,0,0,2,2,131" ten="250,250,250,250" oya="0" hai0="70,42,7,76,105,8,87,18,66,133,93,84,125" hai1="72,106,33,47,91,114,0,32,112,107,98,124,85" hai2="59,68,100,40,119,120,95,123,23,53,116,44,37" hai3="21,129,5,34,90,64,36,57,130,134,80,102,110"/><T78/><D105/><N who="1" m="39947" /><E0/><V35/><F95/><W17/><G34/><T109/><D125/><U118/><E47/><V51/><F100/><W69/><G110/><T54/><D109/><U50/><E50/><V9/><F9/><W11/><G36/><T58/><D42/><U19/><E19/><V14/><F35/><W73/><G134/><T45/><D133/><U24/><E24/><V127/><F127/><W75/><G102/><T52/><D70/><U77/><E124/><V63/><F23/><W74/><G69/><T49/><D66/><U97/><E32/><V60/><F60/><N who="3" m="37903" /><G90/><N who="0" m="53447" /><D7/><U15/><E15/><V62/><F62/><W55/><G55/><T92/><D8/><U67/><E67/><N who="2" m="41087" /><F14/><N who="3" m="9399" /><G11/><T28/><D18/><U3/><E3/><V22/><F22/><W128/><G5/><T94/><D28/><U126/><E33/><V43/><F43/><W71/><G71/><T86/><D54/><U48/><E126/><V96/><F96/><W108/><G108/><T12/><D12/><U88/><E97/><V26/><F26/><W29/><G29/><T10/><D10/><U122/><E98/><V111/><F111/><W46/><G46/><T99/><D45/><U20/><E72/><V65/><F65/><W4/><G4/><T121/><D121/><AGARI ba="0,0" hai="37,40,44,51,53,59,116,119,120,121,123" m="41087" machi="121" ten="30,3900,0" yaku="24,1,34,2" doraHai="131" who="2" fromWho="0" sc="250,-39,250,0,250,39,250,0" /><INIT seed="1,0,0,0,1,36" ten="211,250,289,250" oya="1" hai0="46,75,94,127,114,88,77,28,15,132,122,65,38" hai1="119,67,73,10,44,41,3,62,81,104,116,131,2" hai2="124,133,95,26,8,43,50,89,59,35,128,129,12" hai3="120,68,4,49,17,30,74,102,123,93,83,5,96"/><U92/><E131/><N who="2" m="50251" /><F124/><W34/><G68/><T39/><D114/><U110/><E92/><V42/><F133/><W126/><G126/><T51/><D127/><U103/><E110/><V135/><F135/><W91/><G30/><T69/><D132/><U52/><E103/><V118/><F118/><W45/><G34/><T24/><D122/><U78/><E104/><V11/><F59/><W60/><G60/><T82/><D15/><U37/><E52/><V130/><F130/><W56/><G56/><T21/><D69/><N who="1" m="42231" /><E2/><V7/><F8/><W111/><G17/><T109/><D65/><U14/><E14/><V87/><F50/><W100/><G111/><T76/><D76/><U40/><E40/><N who="2" m="15403" /><F26/><W84/><G120/><T79/><D109/><U134/><E134/><V107/><F35/><W57/><G57/><T16/><D79/><U99/><E99/><V72/><F72/><W0/><G74/><T29/><D39/><U55/><E55/><V53/><F53/><W90/><G123/><T70/><D38/><U47/><E47/><V125/><F125/><W6/><G0/><T63/><D70/><U23/><E23/><V112/><F112/><W86/><G49/><T106/><D63/><U18/><E18/><V58/><F58/><W27/><G45/><T13/><D46/><U22/><E22/><V9/><F9/><W117/><G117/><T98/><D51/><U48/><E48/><V61/><F61/><W1/><G1/><T105/><REACH who="0" step="1"/><D29/><REACH who="0" ten="201,250,289,250" step="2"/><U25/><E25/><V64/><F64/><W66/><G27/><T108/><D108/><U19/><E3/><RYUUKYOKU ba="0,1" sc="201,10,250,10,289,10,250,-30" hai0="13,16,21,24,28,75,77,82,88,94,98,105,106" hai1="10,19,37,41,44,73,78,81,116,119" hai2="7,11,12,87,89,95,107" /><INIT seed="1,1,1,4,1,108" ten="211,260,299,220" oya="1" hai0="24,23,128,51,17,3,135,113,56,38,106,102,48" hai1="85,60,127,16,120,121,8,90,32,112,1,73,99" hai2="89,111,7,54,35,57,43,31,55,70,124,18,129" hai3="94,103,2,115,133,122,6,87,118,61,46,69,59"/><U104/><E32/><V4/><F70/><W11/><G122/><T126/><D38/><U109/><E112/><V29/><F111/><W130/><G115/><T88/><D113/><U12/><E109/><V123/><F123/><W132/><G130/><T84/><D128/><U47/><E127/><V79/><F129/><W19/><G118/><T74/><D74/><U131/><E131/><V21/><F79/><W110/><G110/><T105/><D126/><U86/><E73/><V77/><F77/><W39/><G69/><T100/><D3/><U134/><E134/><N who="3" m="51818" /><G19/><T49/><D135/><U30/><E30/><N who="2" m="11275" /><F43/><N who="3" m="22911" /><G103/><N who="0" m="39467" /><D106/><U68/><E104/><V33/><F33/><W67/><G94/><N who="0" m="54535" /><D105/><U20/><E47/><V91/><F35/><W53/><G87/><T82/><D82/><U37/><E86/><V116/><F116/><W40/><G40/><T107/><D107/><U41/><E41/><V34/><F34/><W36/><G36/><T75/><D75/><U14/><E1/><V62/><F55/><AGARI ba="1,1" hai="2,6,11,53,55,59,61,67" m="22911,51818" machi="55" ten="30,1000,0" yaku="20,1" doraHai="108" who="3" fromWho="2" sc="211,0,260,0,299,-13,220,23" /><AGARI ba="1,0" hai="17,23,24,48,49,51,55,56" m="54535,39467" machi="55" ten="30,2000,0" yaku="8,1,54,1" doraHai="108" who="0" fromWho="2" sc="211,20,260,0,286,-20,243,0" /><INIT seed="2,0,0,5,1,107" ten="231,260,266,243" oya="2" hai0="97,118,28,58,29,124,83,88,48,19,134,109,129" hai1="81,30,82,135,87,128,94,42,15,34,43,96,120" hai2="71,101,104,133,123,39,77,65,76,54,18,113,98" hai3="36,0,32,38,100,4,11,117,119,2,132,6,21"/><V72/><F123/><W126/><G100/><T57/><D109/><U1/><E1/><V103/><F113/><W25/><G36/><T45/><D129/><U50/><E128/><V78/><F39/><W121/><G38/><T74/><D134/><U112/><E112/><V93/><F133/><W12/><G132/><T49/><D124/><U5/><E30/><N who="0" m="11881" /><D74/><U47/><E34/><V75/><F54/><W89/><G89/><T55/><D118/><N who="3" m="45065" /><G32/><T17/><D58/><U56/><E56/><V99/><REACH who="2" step="1"/><F18/><REACH who="2" ten="231,260,256,243" step="2"/><N who="3" m="12471" /><G126/><T125/><D125/><U106/><E120/><V108/><F108/><W31/><G121/><T9/><D9/><U35/><E135/><V90/><F90/><W40/><G31/><T84/><D97/><U20/><E35/><V70/><F70/><W22/><G40/><AGARI ba="0,1" hai="17,19,40,45,48,49,55,57,83,84,88" m="11881" machi="40" ten="30,2000,0" yaku="8,1,54,1" doraHai="107" who="0" fromWho="3" sc="231,30,260,0,256,0,243,-20" /><INIT seed="3,0,0,0,5,77" ten="261,260,256,223" oya="3" hai0="46,12,62,82,64,100,63,108,122,20,67,81,38" hai1="133,88,132,87,95,73,52,75,41,105,125,27,114" hai2="134,32,13,135,48,76,21,60,71,104,54,44,85" hai3="24,130,112,93,70,26,35,131,36,89,5,79,84"/><W14/><G112/><T69/><D122/><U102/><E41/><V30/><F104/><W121/><G121/><T126/><D108/><U68/><E68/><V31/><F32/><W11/><G70/><T99/><D126/><U42/><E42/><V43/><F13/><W37/><G79/><T65/><D38/><U55/><E125/><V97/><F97/><W129/><REACH who="3" step="1"/><G35/><REACH who="3" ten="261,260,256,213" step="2"/><T72/><D69/><U40/><E114/><V86/><F76/><W83/><G83/><T34/><D34/><U0/><E133/><V7/><F135/><W118/><G118/><T123/><D82/><U58/><E132/><V91/><F134/><W8/><G8/><T47/><D81/><U39/><E75/><V51/><F21/><W110/><G110/><T94/><D72/><U107/><E73/><V116/><F116/><W92/><G92/><T106/><D123/><U115/><E107/><V17/><F71/><W80/><G80/><T78/><D78/><U19/><E115/><V90/><F86/><W119/><G119/><T56/><D106/><U49/><E105/><V109/><F85/><W96/><G96/><T18/><D63/><U127/><E87/><V59/><F60/><W4/><G4/><T128/><D128/><U29/><E95/><V10/><F109/><W9/><G9/><T57/><D62/><U111/><E111/><V120/><F120/><W124/><G124/><T50/><D50/><U2/><E49/><V28/><F7/><W1/><G1/><T16/><D94/><U66/><E127/><V103/><F103/><W3/><G3/><T98/><D100/><RYUUKYOKU ba="0,1" sc="261,-15,260,-15,256,15,213,15" hai2="10,17,28,30,31,43,44,48,51,54,59,90,91" hai3="5,11,14,24,26,36,37,84,89,93,129,130,131" /><INIT seed="3,1,1,2,4,49" ten="246,245,271,228" oya="3" hai0="131,116,8,119,34,6,114,19,126,58,135,30,54" hai1="9,4,0,70,113,91,121,42,68,22,35,133,92" hai2="20,86,127,134,103,89,21,74,97,10,1,45,50" hai3="43,118,44,129,11,123,82,65,64,87,60,47,125"/><W41/><G118/><T106/><D106/><U55/><E35/><V36/><F74/><W93/><G123/><T33/><D131/><U66/><E121/><V76/><F36/><W15/><G129/><T13/><D135/><U39/><E113/><V17/><F76/><N who="3" m="46535" /><G125/><T78/><D126/><U57/><E133/><V100/><F127/><W2/><G2/><T130/><D130/><U85/><E22/><V132/><F134/><W12/><G93/><T71/><D71/><U59/><E66/><N who="3" m="25706" /><G60/><T18/><D114/><U24/><E24/><V77/><F77/><W5/><G15/><T75/><D33/><U83/><E59/><V84/><F1/><W128/><G128/><T25/><D78/><U3/><E3/><V52/><F132/><W101/><G101/><T51/><D75/><U90/><E42/><AGARI ba="1,1" hai="5,11,12,41,42,43,44,47" m="25706,46535" machi="42" ten="30,1500,0" yaku="8,1" doraHai="49" who="3" fromWho="1" sc="246,0,245,-18,271,0,228,28" /><INIT seed="3,2,0,0,0,31" ten="246,227,271,256" oya="3" hai0="63,0,15,109,111,89,130,4,93,62,133,56,115" hai1="59,52,85,37,104,28,18,23,25,77,83,39,126" hai2="6,47,116,24,20,98,61,40,107,51,132,124,129" hai3="33,113,3,57,112,50,76,29,53,100,117,127,36"/><W2/><G117/><T60/><D130/><U118/><E126/><V102/><F129/><W128/><G36/><T41/><D133/><U78/><E104/><V27/><F116/><W95/><G128/><T11/><D115/><U125/><E125/><V131/><F131/><W54/><G127/><T71/><D71/><U72/><E118/><V49/><F124/><W42/><G76/><T120/><D120/><U94/><E18/><V96/><F132/><W92/><G42/><T82/><D41/><U34/><E23/><V97/><F27/><W81/><G81/><T9/><D82/><U68/><E68/><V119/><F6/><W46/><G100/><T19/><REACH who="0" step="1"/><D56/><REACH who="0" ten="236,227,271,256" step="2"/><U45/><E45/><V26/><F119/><W88/><G57/><T75/><D75/><U108/><E108/><V110/><F110/><W35/><G46/><T123/><D123/><U1/><E1/><V13/><F47/><W135/><G135/><T38/><D38/><U106/><E106/><V69/><F40/><W70/><G70/><T12/><D12/><U121/><E121/><V32/><F13/><W14/><G14/><T17/><D17/><U99/><E77/><V58/><F69/><W64/><G2/><T87/><AGARI ba="2,1" hai="0,4,9,11,15,19,60,62,63,87,89,93,109,111" machi="87" ten="30,4000,0" yaku="1,1,0,1,53,1" doraHai="31" doraHaiUra="91" who="0" fromWho="0" sc="236,56,227,-12,271,-12,256,-22" /><INIT seed="4,0,0,4,0,77" ten="292,215,259,234" oya="0" hai0="18,61,102,59,97,48,63,17,45,54,89,81,53" hai1="134,121,110,98,90,1,23,20,85,13,40,33,30" hai2="116,88,75,32,131,58,55,74,27,34,93,9,70" hai3="99,72,129,8,44,43,71,100,39,80,56,36,82"/><T3/><D3/><U114/><E121/><V120/><F70/><W24/><G71/><T6/><D6/><U51/><E110/><V86/><F120/><W21/><G129/><T103/><D61/><U35/><E1/><V7/><F131/><W15/><G72/><T107/><D102/><U101/><E134/><V133/><F133/><W26/><G36/><T16/><D89/><U104/><E114/><V60/><F116/><W22/><G56/><T113/><REACH who="0" step="1"/><D81/><REACH who="0" ten="282,215,259,234" step="2"/><U68/><E68/><V52/><F55/><W10/><G80/><T66/><D66/><U135/><E135/><V130/><F130/><W91/><G82/><T28/><D28/><U112/><E112/><AGARI ba="0,1" hai="16,17,18,45,48,53,54,59,63,97,103,107,112,113" machi="112" ten="40,7700,0" yaku="1,1,54,1,53,1" doraHai="77" doraHaiUra="92" who="0" fromWho="1" sc="282,87,215,-77,259,0,234,0" owari="369,46.9,138,-36.2,259,5.9,234,-16.6" /></mjloggm>