<mjloggm ver="2.3"><GO type="225" lobby="0"/><UN n0="%E3%83%B4%E3%82%A3%E3%83%AF%E3%82%B3%E3%82%B0%E3%83%8B" n1="%4C%4F%4C%49%54%41" n2="%E6%B0%B7%E5%B7%9D%E9%87%8C%E5%A5%88" n3="%6D%75%75%6D%75%72%61" dan="16,16,16,17" rate="2168.44,2163.03,2111.56,2177.53" sx="M,F,F,F"/><TAIKYOKU oya="0"/><INIT seed="0,0,0,0,1,51" ten="250,250,250,250" oya="0" hai0="119,50,58,78,43,49,62,42,60,23,128,85,82" hai1="123,104,41,73,16,44,99,113,77,2,131,101,106" hai2="75,66,10,115,54,70,134,132,84,37,94,93,24" hai3="79,29,91,80,107,0,4,127,69,111,27,34,3"/><T12/><D128/><U52/><E123/><V57/><F115/><W129/><G111/><T116/><D116/><U65/><E2/><V71/><F75/><W39/><G129/><T14/><D119/><U97/><E131/><V74/><F74/><W81/><G127/><T55/><D49/><U124/><E65/><V53/><F37/><W18/><G107/><T87/><D87/><U96/><E124/><V63/><F10/><W40/><G69/><N who="2" m="26121" /><F24/><W7/><G18/><N who="0" m="10695" /><D14/><U61/><E113/><V15/><F15/><W47/><G91/><T33/><D33/><U120/><E120/><V89/><F94/><W110/><G110/><T46/><D62/><U38/><E104/><V103/><F103/><W17/><G17/><T108/><D108/><U90/><E90/><V64/><F64/><AGARI ba="0,0" hai="42,43,46,50,55,58,60,64,78,82,85" m="10695" machi="64" ten="30,2900,0" yaku="8,1,52,1" doraHai="51" who="0" fromWho="2" sc="250,29,250,0,250,-29,250,0" /><INIT seed="0,1,0,2,5,64" ten="279,250,221,250" oya="0" hai0="100,42,34,14,50,98,95,132,73,18,49,81,52" hai1="80,10,37,134,62,31,68,66,23,130,72,125,113" hai2="89,48,110,133,108,124,91,13,75,46,0,35,2" hai3="69,111,1,116,57,15,38,67,121,54,51,20,27"/><T105/><D132/><U60/><E37/><V41/><F75/><W26/><G116/><T47/><D34/><U36/><E36/><V59/><F35/><W103/><G1/><N who="2" m="617" /><F59/><W94/><G38/><T109/><D109/><N who="2" m="42090" /><F13/><W3/><G3/><T44/><D73/><U104/><E104/><V96/><F96/><W63/><G111/><T114/><D114/><U9/><E130/><V61/><F124/><W71/><G121/><T8/><REACH who="0" step="1"/><D81/><REACH who="0" ten="269,250,221,250" step="2"/><U4/><E80/><V6/><F133/><W79/><G79/><T115/><D115/><U19/><E134/><V128/><F128/><W117/><G117/><T65/><D65/><U82/><E113/><V99/><F6/><W88/><G103/><T40/><D40/><U127/><E4/><V87/><F41/><W129/><G129/><T119/><D119/><U24/><E125/><V11/><F99/><W78/><G78/><T22/><D22/><U16/><E127/><V85/><F11/><W76/><G76/><T83/><D83/><U77/><E9/><V112/><F112/><W118/><G118/><T30/><D30/><U86/><E72/><V123/><F123/><W56/><G20/><T92/><AGARI ba="1,1" hai="8,14,18,42,44,47,49,50,52,92,95,98,100,105" machi="92" ten="30,11700,0" yaku="1,1,0,1,54,1,53,1" doraHai="64" doraHaiUra="97" who="0" fromWho="0" sc="269,130,250,-40,221,-40,250,-40" /><INIT seed="0,2,0,0,5,79" ten="399,210,181,210" oya="0" hai0="107,23,0,126,69,63,50,6,24,57,49,21,125" hai1="95,73,112,84,93,56,134,55,1,115,14,104,101" hai2="54,45,29,81,43,100,135,22,30,88,121,83,2" hai3="123,32,77,70,48,113,110,3,116,90,7,99,20"/><T59/><D107/><U119/><E1/><V15/><F121/><W12/><G113/><T8/><D69/><U97/><E119/><V132/><F2/><W78/><G116/><T37/><D37/><U122/><E122/><V124/><F100/><W10/><G123/><T72/><D72/><U91/><E14/><V46/><F124/><N who="0" m="47722" /><D57/><U127/><E127/><V66/><F66/><W51/><G70/><T31/><D21/><U108/><E73/><V9/><F54/><AGARI ba="2,0" hai="0,6,8,23,24,31,49,50,54,59,63" m="47722" machi="54" ten="30,1500,0" yaku="18,1" doraHai="79" who="0" fromWho="2" sc="399,21,210,0,181,-21,210,0" /><INIT seed="0,3,0,4,5,14" ten="420,210,160,210" oya="0" hai0="40,77,11,86,124,58,50,53,59,125,46,47,43" hai1="19,13,95,17,126,69,51,30,5,114,116,76,36" hai2="94,34,109,129,52,6,57,131,118,100,3,80,68" hai3="90,103,16,9,66,106,83,28,73,104,111,89,63"/><T135/><D135/><U132/><E36/><V18/><F68/><W31/><G111/><T48/><D11/><N who="1" m="4335" /><E69/><V107/><F107/><W32/><G73/><T24/><D24/><U10/><E116/><V133/><F34/><W117/><G117/><T38/><D77/><U65/><E65/><V29/><F29/><W82/><G106/><T20/><D86/><U123/><E123/><V119/><F133/><W54/><G54/><N who="0" m="32087" /><D20/><U26/><E132/><V55/><F109/><W72/><G103/><T79/><D79/><U2/><E2/><V39/><F39/><AGARI ba="3,0" hai="38,39,40,43,46,47,48,53,59,124,125" m="32087" machi="39" ten="30,2900,0" yaku="34,2" doraHai="14" who="0" fromWho="2" sc="420,38,210,0,160,-38,210,0" /><INIT seed="0,4,0,3,3,64" ten="458,210,122,210" oya="0" hai0="100,24,55,54,22,132,35,9,61,14,19,94,114" hai1="74,106,84,98,21,118,47,130,10,46,33,68,81" hai2="123,37,28,107,119,40,111,56,63,112,45,83,57" hai3="88,72,73,131,38,97,43,92,26,30,8,17,85"/><T12/><D132/><U18/><E33/><V101/><F123/><W65/><G131/><T0/><D0/><U122/><E118/><V1/><F112/><W66/><G43/><T78/><D114/><U32/><E32/><V71/><F119/><W20/><G38/><T60/><D78/><U115/><E115/><V58/><F111/><W93/><G73/><T39/><D39/><U96/><E74/><V27/><F1/><W67/><G72/><T70/><D35/><U95/><E106/><V7/><F7/><W108/><G108/><T11/><D70/><U59/><E68/><V133/><F133/><W5/><G30/><T82/><D82/><U90/><E130/><V52/><F83/><W31/><G31/><T29/><D100/><U69/><E69/><V76/><F76/><W15/><REACH who="3" step="1"/><G67/><REACH who="3" ten="458,210,122,200" step="2"/><T121/><D29/><U41/><E41/><V89/><F71/><W50/><G50/><T126/><D121/><U3/><E122/><V127/><F127/><W80/><G80/><T62/><D126/><U128/><E128/><V129/><F129/><W104/><G104/><T110/><D110/><U25/><E81/><V116/><F116/><W105/><G105/><T79/><D79/><U125/><E125/><V34/><REACH who="2" step="1"/><F89/><AGARI ba="4,1" hai="5,8,15,17,20,26,65,66,85,88,89,92,93,97" machi="89" ten="30,7700,0" yaku="1,1,7,1,8,1,54,1,53,0" doraHai="64" doraHaiUra="113" who="3" fromWho="2" sc="458,0,210,0,122,-89,200,99" /><INIT seed="1,0,0,1,0,35" ten="458,210,33,299" oya="1" hai0="66,48,45,95,61,74,80,30,11,5,77,15,117" hai1="8,81,50,125,118,23,126,123,43,119,4,109,112" hai2="49,53,91,29,37,129,122,47,113,55,19,38,98" hai3="101,99,68,96,115,58,0,90,72,78,64,97,20"/><U21/><E81/><V107/><F122/><W79/><G68/><T87/><D117/><N who="1" m="44555" /><E43/><V128/><F113/><W33/><G33/><T130/><D130/><U41/><E50/><V124/><F124/><N who="1" m="47721" /><E41/><V88/><F29/><W36/><G36/><N who="2" m="13929" /><F19/><W111/><G111/><T31/><D31/><U9/><E112/><V3/><F3/><W54/><G0/><T100/><D5/><U92/><E92/><V18/><F18/><W12/><G72/><T46/><D11/><N who="1" m="4171" /><E123/><V121/><F121/><W40/><G40/><T63/><D95/><U71/><E71/><V22/><F55/><W84/><G101/><T93/><D100/><U83/><E83/><V70/><F70/><W133/><G115/><T65/><D93/><U60/><E60/><V28/><F107/><W76/><G54/><T120/><D120/><U89/><E89/><V62/><F62/><W134/><G90/><T57/><D61/><U17/><E109/><V75/><F75/><W32/><G84/><T44/><D87/><U132/><E4/><V42/><F42/><W1/><G96/><T51/><D63/><U24/><E21/><V16/><F28/><W127/><G127/><T59/><D30/><U102/><E102/><V85/><F98/><W10/><G99/><T131/><D80/><U82/><E82/><N who="2" m="49591" /><F88/><W13/><G97/><T108/><D51/><U73/><E73/><V67/><F67/><W103/><G103/><T27/><D65/><U86/><E86/><V2/><F2/><W116/><G116/><T6/><D66/><U26/><E26/><N who="2" m="14663" /><F49/><W110/><G110/><T135/><D108/><RYUUKYOKU ba="0,0" sc="458,-15,210,15,33,15,299,-15" hai1="17,23,24,132" hai2="47,53,128,129" /><INIT seed="1,1,0,0,1,73" ten="443,225,48,284" oya="1" hai0="36,96,14,105,102,15,4,129,49,115,97,85,103" hai1="32,99,48,63,12,93,43,83,16,5,126,104,127" hai2="27,40,74,26,90,51,56,45,35,44,84,53,64" hai3="119,20,123,75,54,128,109,58,61,130,50,21,71"/><U116/><E116/><V80/><F35/><W34/><G34/><T70/><D115/><U18/><E32/><V46/><F74/><W8/><G123/><T62/><D36/><U87/><E104/><V68/><F44/><W122/><G122/><T98/><D129/><N who="3" m="49769" /><G119/><T91/><D70/><U121/><E121/><V79/><F45/><W112/><G112/><T132/><D62/><U118/><E118/><V120/><F120/><W107/><G109/><T92/><D132/><U65/><E48/><V0/><F0/><W125/><G125/><N who="1" m="47626" /><E43/><V114/><F114/><W3/><G107/><T110/><D110/><U135/><E135/><V108/><F108/><W131/><N who="3" m="49777" /><W1/><DORA hai="59" /><G75/><T111/><D111/><U72/><E72/><V69/><F90/><W133/><G133/><T60/><D49/><U13/><E5/><V52/><F53/><W124/><G124/><T82/><D4/><U17/><E93/><V89/><F89/><W22/><G8/><T47/><D47/><U30/><E30/><V37/><REACH who="2" step="1"/><F69/><REACH who="2" ten="443,225,38,284" step="2"/><W117/><G117/><T66/><D103/><U55/><E55/><V100/><F100/><W28/><G28/><T88/><D102/><U76/><E99/><V19/><F19/><W95/><G95/><T86/><D105/><U7/><E7/><V24/><F24/><W31/><G31/><T6/><D6/><U2/><E2/><V38/><F38/><W78/><G3/><T11/><D97/><U134/><E134/><V113/><F113/><W67/><G1/><T23/><D98/><U41/><E41/><V106/><F106/><RYUUKYOKU ba="1,1" sc="443,-30,225,10,38,10,284,10" hai1="12,13,16,17,18,63,65,76,83,87" hai2="26,27,37,40,46,51,52,56,64,68,79,80,84" hai3="20,21,22,50,54,58,61,67,71,78" /><INIT seed="1,2,1,2,0,12" ten="413,235,48,294" oya="1" hai0="67,25,89,47,23,120,18,132,14,28,133,40,121" hai1="19,114,113,73,3,21,110,107,54,13,5,31,81" hai2="43,16,22,104,35,41,70,32,4,117,134,84,61" hai3="124,74,109,126,94,105,93,39,128,91,34,101,36"/><U38/><E107/><V90/><F117/><W85/><G109/><T49/><D89/><U95/><E110/><V102/><F134/><N who="0" m="51818" /><D67/><U58/><E38/><V45/><F4/><W27/><G74/><T129/><D129/><U108/><E108/><V111/><F111/><W50/><G128/><T116/><D116/><U64/><E64/><V42/><F45/><W122/><G105/><T60/><D60/><U7/><E31/><V88/><F70/><W66/><G122/><T63/><D63/><U123/><E123/><V135/><F135/><W119/><G50/><T15/><D14/><U37/><E37/><V118/><F118/><W125/><G66/><T33/><AGARI ba="2,1" hai="15,18,23,25,28,33,40,47,49,120,121" m="51818" machi="33" ten="30,2000,0" yaku="20,1,52,1" doraHai="12" who="0" fromWho="0" sc="413,36,235,-12,48,-7,294,-7" /><INIT seed="2,0,0,0,2,131" ten="449,223,41,287" oya="2" hai0="43,39,32,120,17,77,116,117,105,11,50,128,98" hai1="84,24,23,33,121,115,86,45,72,134,53,62,5" hai2="46,3,8,52,73,83,13,56,88,112,67,68,127" hai3="103,29,92,41,101,99,35,10,119,31,58,28,91"/><V9/><F112/><W49/><G119/><T34/><D39/><U95/><E72/><V0/><F127/><W104/><G35/><T51/><D128/><U96/><E33/><V65/><F68/><W64/><G104/><T125/><D120/><U132/><E121/><V48/><F73/><W79/><G79/><T4/><D17/><U18/><E5/><V12/><F3/><W22/><G10/><N who="2" m="4201" /><F0/><W20/><G41/><T130/><D130/><U97/><E115/><V133/><F133/><N who="1" m="51305" /><E97/><V69/><F69/><W126/><G126/><T14/><D77/><U55/><E45/><V102/><F102/><N who="3" m="38923" /><G49/><T38/><D50/><U27/><E27/><V42/><F42/><W76/><G76/><T74/><D43/><U106/><E106/><V111/><F111/><W6/><G6/><T30/><D125/><U1/><E1/><V16/><F46/><W15/><G15/><N who="2" m="5705" /><F16/><W89/><G89/><T71/><D74/><U124/><E124/><V80/><F80/><W61/><AGARI ba="0,0" hai="20,22,28,29,31,58,61,64,91,92,99" m="38923" machi="61" ten="30,1100,0" yaku="8,1" doraHai="131" who="3" fromWho="3" sc="449,-3,223,-3,41,-5,287,11" /><INIT seed="3,0,0,3,5,69" ten="446,220,36,298" oya="3" hai0="127,99,28,32,17,113,84,1,64,45,18,70,82" hai1="109,110,129,14,60,12,87,118,62,72,75,95,67" hai2="74,73,16,119,39,88,100,15,77,25,4,89,59" hai3="6,97,108,47,26,22,90,55,57,13,24,105,43"/><W20/><G108/><T66/><D1/><U96/><E87/><V68/><F68/><W29/><G105/><T85/><D127/><U71/><E129/><V115/><F115/><W112/><G112/><T111/><D111/><U21/><E118/><V120/><F120/><W31/><G97/><T61/><D113/><U48/><E21/><V34/><F119/><W35/><G35/><T38/><D64/><U41/><E109/><V56/><F100/><W81/><G81/><T65/><D66/><U33/><E110/><V126/><F126/><W50/><G90/><T36/><D99/><U91/><E33/><V130/><F130/><W104/><G104/><T7/><D7/><U63/><E72/><V125/><F125/><W78/><G78/><T9/><D85/><U2/><E2/><V80/><F74/><W116/><G116/><T3/><D3/><U53/><E41/><V134/><F134/><W44/><G43/><T107/><D107/><U83/><E63/><V114/><F114/><W27/><G27/><N who="0" m="18463" /><D45/><U54/><E54/><V40/><F4/><W102/><G102/><T49/><D49/><U135/><E135/><V30/><F59/><W5/><G5/><T76/><D9/><AGARI ba="0,0" hai="6,9,13,20,22,24,26,29,31,44,47,50,55,57" machi="9" ten="40,3900,0" yaku="9,1,8,1" doraHai="69" who="3" fromWho="0" sc="446,-39,220,0,36,0,298,39" /><INIT seed="3,1,0,2,3,31" ten="407,220,36,337" oya="3" hai0="122,67,94,133,101,10,131,72,109,69,25,89,82" hai1="54,2,66,120,129,85,43,29,37,90,71,46,78" hai2="55,21,24,52,44,14,19,36,62,135,6,20,102" hai3="123,100,64,32,77,60,126,106,91,23,110,93,1"/><W13/><G123/><T63/><D122/><U70/><E120/><V33/><F135/><W59/><G1/><T11/><D109/><U17/><E2/><V130/><F130/><W51/><G110/><T114/><D131/><U41/><E129/><V9/><F102/><W98/><G126/><T50/><D133/><U128/><E128/><V86/><F33/><W3/><G3/><T97/><D114/><U104/><E104/><V99/><F99/><W76/><G32/><T45/><D25/><U48/><E78/><V42/><F86/><W81/><G51/><T7/><D7/><U115/><E115/><V5/><F5/><W18/><REACH who="3" step="1"/><G81/><REACH who="3" ten="407,220,36,327" step="2"/><T27/><D27/><U79/><E79/><V121/><F121/><W15/><G15/><T28/><D28/><U57/><E29/><V34/><F62/><W132/><G132/><T47/><D72/><U30/><E30/><V113/><F113/><W73/><G73/><T68/><D68/><U83/><E70/><V53/><F20/><W87/><AGARI ba="1,1" hai="13,18,23,59,60,64,76,77,87,91,93,98,100,106" machi="87" ten="20,7800,0" yaku="1,1,0,1,7,1,53,1" doraHai="31" doraHaiUra="103" who="3" fromWho="3" sc="407,-27,220,-27,36,-27,327,91" owari="380,18.0,193,-20.7,9,-49.1,418,51.8" /></mjloggm>