<mjloggm ver="2.3"><GO type="225" lobby="0"/><UN n0="%E3%81%BE%E3%81%A8%E3%81%9F" n1="%E3%81%BF%E3%81%BF%E3%81%9A" n2="%72%69%6F%75%63%68%61%6E" n3="%E6%A1%9C%E8%8A%B1%E9%96%83%E3%80%85" dan="16,18,16,16" rate="2160.70,2215.37,2232.88,2205.34" sx="M,M,M,M"/><TAIKYOKU oya="0"/><INIT seed="0,0,0,2,2,110" ten="250,250,250,250" oya="0" hai0="118,14,27,41,108,124,31,63,58,30,132,61,1" hai1="28,59,109,10,91,21,113,119,125,135,42,60,37" hai2="134,38,16,100,82,130,33,29,23,7,76,122,13" hai3="66,120,22,107,105,54,114,64,112,111,80,93,71"/><T104/><D118/><U69/><E119/><V75/><F122/><W74/><G93/><T115/><D1/><U77/><E135/><V2/><F130/><W25/><G111/><T36/><D104/><U3/><E77/><V19/><F134/><W97/><G54/><T116/><D116/><U52/><E109/><V117/><F117/><W123/><G22/><T96/><D96/><U55/><E125/><V106/><F38/><W53/><G53/><T8/><D8/><U50/><E113/><N who="3" m="43626" /><G25/><T121/><D27/><U67/><E67/><N who="3" m="25642" /><G97/><T46/><D108/><U85/><E69/><V44/><F44/><W72/><G80/><T131/><D132/><U62/><E37/><V5/><F2/><W81/><G81/><T15/><D115/><U32/><E32/><V24/><REACH who="2" step="1"/><F19/><REACH who="2" ten="250,250,240,250" step="2"/><W99/><G71/><T90/><D124/><U45/><E3/><V56/><F56/><W49/><G107/><T92/><D58/><N who="1" m="34887" /><E42/><V48/><F48/><W40/><G49/><T70/><D41/><U11/><E45/><V4/><F4/><W79/><G40/><T0/><D70/><U126/><E126/><V43/><F43/><W129/><G129/><T9/><D46/><U26/><E50/><V12/><F12/><W65/><G120/><T68/><D15/><U17/><E17/><V101/><F101/><W98/><G123/><T51/><D14/><U89/><E89/><V34/><F34/><W102/><G102/><T20/><D51/><U88/><E91/><V78/><F78/><W39/><G39/><T6/><D36/><U35/><E35/><V47/><F47/><RYUUKYOKU ba="0,1" sc="250,-15,250,15,240,15,250,-15" hai1="10,11,21,26,28,55,59,62,85,88" hai2="5,7,13,16,23,24,29,33,75,76,82,100,106" /><INIT seed="1,1,1,3,4,7" ten="235,265,255,235" oya="1" hai0="4,97,52,42,33,62,36,64,35,86,45,115,91" hai1="109,118,128,3,26,85,112,12,9,17,77,47,41" hai2="106,74,113,6,14,129,23,20,18,11,39,19,31" hai3="72,2,90,132,40,89,49,16,81,55,68,93,24"/><U134/><E112/><V111/><F106/><W78/><G132/><T99/><D115/><U59/><E118/><V69/><F69/><W30/><G68/><T101/><D4/><U73/><E134/><V34/><F113/><W25/><G2/><T108/><D108/><U125/><E109/><V63/><F63/><W117/><G40/><T54/><D33/><U58/><E125/><V133/><F39/><W5/><G5/><T107/><D97/><U84/><E73/><V123/><F111/><W67/><G67/><T110/><D35/><U76/><E3/><N who="2" m="479" /><F74/><W104/><G104/><T102/><D102/><U120/><E120/><V0/><F133/><W53/><G117/><T124/><D124/><U66/><E128/><V122/><F129/><W15/><G30/><T116/><D110/><U126/><E126/><V121/><F0/><W127/><G55/><T46/><D46/><U8/><E84/><V57/><F57/><N who="3" m="32943" /><G90/><T32/><D32/><U80/><E77/><V114/><F114/><W130/><G130/><T65/><D65/><U135/><E135/><V70/><F70/><W119/><G119/><T1/><D1/><U37/><E66/><V87/><F87/><N who="3" m="52415" /><G127/><T83/><D116/><U96/><E96/><V28/><F34/><W29/><G29/><T51/><D36/><U71/><E71/><AGARI ba="1,1" hai="42,45,51,52,54,62,64,71,83,86,91,99,101,107" machi="71" ten="30,2000,0" yaku="7,1,54,1" doraHai="7" who="0" fromWho="1" sc="235,33,265,-23,255,0,235,0" /><INIT seed="2,0,0,4,3,60" ten="268,242,255,235" oya="2" hai0="116,65,52,114,57,62,10,53,113,73,9,131,83" hai1="20,126,35,43,69,74,48,129,26,76,70,99,59" hai2="100,80,119,28,96,23,37,8,36,93,56,90,15" hai3="19,84,14,102,112,133,94,6,124,81,34,82,125"/><V106/><F119/><W38/><G38/><T27/><D116/><U77/><E126/><N who="3" m="48746" /><G133/><T86/><D73/><U123/><E123/><V4/><F80/><W40/><G112/><T121/><D121/><U122/><E122/><V32/><F32/><W105/><G34/><T108/><D108/><U111/><E111/><V132/><F132/><W30/><G30/><T18/><D131/><U29/><E74/><V31/><F56/><W97/><G40/><T25/><D114/><U92/><E35/><V13/><F28/><W3/><G6/><T91/><D113/><U135/><E135/><V21/><F21/><N who="3" m="11511" /><G3/><T117/><D117/><U41/><E129/><V128/><F128/><W5/><G5/><T33/><D33/><U1/><E1/><V127/><F127/><W89/><AGARI ba="0,0" hai="81,82,84,89,94,97,102,105" m="11511,48746" machi="89" ten="30,1100,0" yaku="18,1" doraHai="60" who="3" fromWho="3" sc="268,-3,242,-3,255,-5,235,11" /><INIT seed="3,0,0,2,2,77" ten="265,239,250,246" oya="3" hai0="134,16,39,115,73,46,13,34,123,127,61,19,64" hai1="14,93,132,106,0,80,50,45,20,79,121,113,5" hai2="26,27,83,1,116,28,42,9,84,53,90,101,32" hai3="62,49,74,67,131,35,56,11,54,118,94,72,18"/><W22/><G118/><T109/><D34/><U103/><E113/><V133/><F116/><W130/><G35/><T110/><D73/><U60/><E106/><V52/><F133/><W8/><G74/><T135/><D123/><U12/><E0/><V3/><F42/><W125/><G72/><T82/><D82/><U55/><E132/><N who="0" m="50729" /><D127/><U36/><E121/><V38/><F38/><W40/><G40/><N who="0" m="22815" /><D13/><U76/><E36/><V78/><F101/><W91/><G125/><T58/><D115/><U120/><E120/><V95/><F27/><N who="3" m="14807" /><G131/><T108/><AGARI ba="0,0" hai="16,19,58,61,64,108,109,110" m="22815,50729" machi="108" ten="40,5200,0" yaku="14,1,20,1,54,1" doraHai="77" who="0" fromWho="0" sc="265,52,239,-13,250,-13,246,-26" owari="317,41.7,226,-17.4,237,3.7,220,-28.0" /></mjloggm>