<mjloggm ver="2.3"><GO type="225" lobby="0"/><UN n0="%E5%91%A8%E6%9D%B1" n1="%E6%97%A5%E6%9B%9C%E6%97%A5%E3%82%88%E3%82%8A%E3%81%AE%E4%BD%BF%E8%80%85" n2="%E6%9D%BE%E6%9C%AC%E5%81%A5%E7%94%B7" n3="%E3%81%A4%E3%81%A3%E3%81%B1%E3%82%8A%E3%83%9D%E3%83%BC%E3%83%AB" dan="17,16,16,16" rate="2135.60,2087.96,2156.30,2124.87" sx="M,M,M,M"/><TAIKYOKU oya="0"/><INIT seed="0,0,0,4,5,116" ten="250,250,250,250" oya="0" hai0="121,28,108,21,102,33,9,43,122,25,131,82,119" hai1="130,111,107,110,97,62,115,88,19,84,112,93,124" hai2="58,42,66,80,106,114,13,128,129,4,101,27,17" hai3="79,49,109,10,123,36,96,3,126,51,86,68,81"/><T24/><D119/><U26/><E62/><V117/><F117/><W8/><G109/><N who="1" m="41482" /><E19/><V94/><F114/><N who="1" m="43561" /><E26/><V52/><F106/><W59/><G126/><T113/><D113/><U69/><E69/><V91/><F66/><W22/><G36/><T2/><D108/><U16/><E16/><V85/><F42/><W0/><G68/><T57/><D43/><U61/><E61/><V70/><F27/><W39/><G39/><T64/><D64/><U100/><E124/><V87/><F4/><W73/><G22/><T38/><D57/><U29/><E29/><V18/><F70/><W15/><G10/><T54/><D54/><U7/><E7/><V35/><F35/><W71/><G59/><T89/><D38/><U60/><E60/><V56/><F18/><W20/><G20/><T83/><D131/><AGARI ba="0,0" hai="84,88,93,97,100,107,130,131" m="43561,41482" machi="131" ten="40,8000,1" yaku="14,1,11,1,34,2,54,1" doraHai="116" who="1" fromWho="0" sc="250,-80,250,80,250,0,250,0" /><INIT seed="1,0,0,2,5,125" ten="170,330,250,250" oya="1" hai0="87,119,113,45,101,57,80,38,25,1,122,4,26" hai1="27,134,76,68,23,28,16,40,72,13,71,51,59" hai2="133,78,50,115,124,121,19,6,60,82,29,7,18" hai3="84,48,105,63,99,15,110,74,86,65,62,116,95"/><U123/><E123/><V104/><F121/><W83/><G110/><T66/><D122/><U92/><E134/><V5/><F124/><W69/><G116/><T94/><D119/><U91/><E76/><V9/><F115/><W108/><G108/><T85/><D113/><U49/><E72/><V130/><F104/><W73/><G105/><T52/><D1/><U21/><E49/><V90/><F133/><W64/><G48/><T31/><D4/><U89/><E89/><V117/><F117/><W61/><G15/><T44/><D66/><U127/><E127/><V111/><F111/><W33/><G33/><T46/><D38/><U36/><E36/><V3/><F3/><W12/><G12/><T35/><D25/><U135/><E135/><V100/><F29/><W43/><G43/><T56/><D56/><U102/><E102/><V70/><F100/><W79/><G74/><T10/><D10/><U30/><E30/><V58/><F90/><W126/><G62/><T97/><REACH who="0" step="1"/><D80/><REACH who="0" ten="160,330,250,250" step="2"/><U0/><E0/><V54/><F9/><W81/><G81/><T8/><D8/><U37/><E37/><V14/><F14/><W53/><G65/><T106/><D106/><U39/><E39/><V34/><F5/><W109/><G126/><T41/><D41/><U55/><E40/><V96/><F6/><W132/><G109/><T128/><D128/><U42/><E42/><V17/><F7/><W129/><G132/><T88/><D88/><U47/><E59/><V75/><F130/><W103/><G129/><T107/><D107/><U77/><E91/><V120/><F120/><RYUUKYOKU ba="0,1" sc="160,15,330,-15,250,-15,250,15" hai0="26,31,35,44,45,46,52,57,85,87,94,97,101" hai3="53,61,63,64,69,73,79,83,84,86,95,99,103" /><INIT seed="2,1,1,0,1,55" ten="175,315,235,265" oya="2" hai0="26,16,13,36,82,111,81,64,43,114,108,62,58" hai1="9,120,98,53,118,88,46,23,50,6,134,33,61" hai2="67,2,75,95,1,60,103,79,44,129,45,85,133" hai3="132,123,121,102,51,22,96,14,115,32,68,128,72"/><V57/><F129/><W101/><G68/><T94/><D114/><U127/><E33/><V28/><F133/><W100/><G32/><T117/><D117/><U119/><E134/><V27/><F75/><W34/><G34/><T66/><D26/><U112/><E112/><V59/><F2/><W54/><G72/><T84/><D66/><U105/><E127/><V8/><F1/><W37/><G37/><T92/><D43/><U31/><E120/><V124/><F8/><W5/><G132/><T125/><D36/><U83/><E105/><V29/><F124/><W3/><G115/><T91/><D125/><U122/><E122/><V78/><F59/><W80/><G80/><T130/><D130/><U10/><E10/><V40/><F45/><W99/><G3/><T42/><D42/><U4/><E9/><V106/><F106/><W77/><G77/><T35/><D35/><U39/><E46/><V113/><F113/><W97/><G128/><T7/><D7/><U24/><E6/><V89/><F103/><W17/><REACH who="3" step="1"/><G5/><REACH who="3" ten="175,315,235,255" step="2"/><T47/><D81/><U93/><E4/><V73/><F73/><W109/><G109/><N who="0" m="42059" /><D47/><AGARI ba="1,2" hai="14,17,22,47,51,54,96,97,99,100,101,102,121,123" machi="47" ten="40,1300,0" yaku="1,1,53,0" doraHai="55" doraHaiUra="76" who="3" fromWho="0" sc="175,-16,315,0,235,0,255,36" /><INIT seed="3,0,0,5,3,62" ten="159,315,235,291" oya="3" hai0="83,63,96,108,71,122,9,12,21,104,65,84,135" hai1="132,117,14,100,97,81,24,55,49,42,80,22,17" hai2="46,87,72,69,48,34,1,15,50,120,19,85,64" hai3="35,93,110,101,68,7,119,61,54,113,36,74,86"/><W134/><G119/><T75/><D122/><U129/><E129/><V52/><F1/><W106/><G113/><T47/><D135/><U107/><E132/><V29/><F72/><W95/><G134/><T10/><D108/><U124/><E124/><V8/><F120/><W131/><G36/><T31/><D75/><U38/><E117/><V44/><F69/><W58/><G131/><T114/><D114/><U37/><E37/><V16/><F64/><W20/><G35/><T123/><D123/><U40/><E38/><V133/><F133/><W41/><G74/><T60/><D47/><U51/><E40/><V102/><F102/><W23/><G68/><T116/><D116/><U127/><E127/><V78/><F78/><W125/><G125/><T59/><D104/><U30/><E42/><N who="2" m="24599" /><F29/><W28/><G110/><T91/><D96/><U25/><E25/><V115/><F34/><W4/><G41/><T13/><D12/><U88/><E88/><V76/><F115/><W73/><G73/><T89/><D89/><U82/><E55/><V128/><F128/><W77/><G28/><T90/><D90/><U118/><E118/><V32/><F32/><W33/><G33/><T94/><D83/><U66/><E66/><V53/><F53/><W2/><G2/><T121/><D121/><U6/><E30/><V43/><F43/><W27/><G106/><T103/><D103/><U98/><E98/><V11/><F76/><W67/><G77/><T105/><D105/><U26/><E6/><V130/><F130/><W112/><G112/><T56/><D31/><U0/><E0/><RYUUKYOKU ba="0,0" sc="159,-15,315,15,235,15,291,-15" hai1="14,17,22,24,26,49,51,80,81,82,97,100,107" hai2="8,11,15,16,19,46,50,52,85,87" owari="144,-35.6,330,43.0,250,-15.0,276,7.6" /></mjloggm>