<mjloggm ver="2.3"><GO type="225" lobby="0"/><UN n0="%E3%81%82%E3%81%99%E3%81%AB%E3%82%83%E3%82%80" n1="%E6%9D%B1%E9%A2%A8%E3%81%AE%E3%81%8D%E3%82%83%E3%81%B7%E3%81%95%E3%82%93" n2="%E3%81%86%E3%81%A9%E3%82%93%E3%81%93" n3="%E5%A4%A7%E5%A4%A7%E5%B2%A1%E5%B1%B1%EF%BC%A0%E6%A8%AA%E6%B5%9C" dan="16,17,16,16" rate="2123.81,2240.69,2158.15,2142.14" sx="F,M,M,M"/><TAIKYOKU oya="0"/><INIT seed="0,0,0,5,1,82" ten="250,250,250,250" oya="0" hai0="93,106,18,60,135,90,63,109,125,46,13,56,72" hai1="1,81,124,88,116,26,78,50,48,20,101,55,9" hai2="121,119,76,0,66,47,75,24,92,5,2,65,71" hai3="67,17,91,99,112,95,53,110,98,73,105,57,107"/><T85/><D135/><U74/><E101/><V45/><F121/><W127/><G73/><T16/><D125/><U86/><E124/><V40/><F119/><W35/><G127/><T33/><D72/><U70/><E70/><V128/><F128/><W80/><G35/><T68/><D106/><U23/><E116/><V22/><F47/><W79/><G67/><T134/><D33/><U36/><E36/><V51/><F76/><W42/><G42/><T83/><D134/><U129/><E129/><V113/><F75/><N who="3" m="43135" /><G17/><T87/><D109/><U96/><E96/><N who="3" m="36906" /><G57/><T32/><D32/><U28/><E20/><V58/><F113/><W52/><G52/><N who="0" m="33799" /><D68/><U15/><E1/><V49/><F71/><W7/><G53/><T19/><D63/><U100/><E100/><V4/><F2/><W64/><G7/><T108/><D108/><U37/><E37/><V97/><F0/><W6/><G6/><N who="2" m="2665" /><F49/><W102/><G64/><T103/><D103/><U118/><E118/><V114/><F58/><W115/><G110/><T21/><D46/><N who="1" m="28055" /><E74/><V61/><F61/><W122/><G102/><T31/><D31/><U111/><E111/><V41/><F41/><W29/><G29/><T104/><D104/><N who="3" m="40009" /><G122/><T77/><AGARI ba="0,0" hai="13,16,18,19,21,77,83,85,87,90,93" m="33799" machi="77" ten="30,12000,1" yaku="8,1,52,2,54,2" doraHai="82" who="0" fromWho="0" sc="250,120,250,-40,250,-40,250,-40" /><INIT seed="0,1,0,2,3,11" ten="370,210,210,210" oya="0" hai0="123,13,41,54,53,122,114,51,80,107,34,133,128" hai1="29,98,113,2,90,82,121,72,46,21,117,39,63" hai2="81,105,76,126,6,55,3,112,94,70,75,96,12" hai3="74,43,59,45,116,130,108,47,124,110,30,1,5"/><T77/><D114/><U48/><E39/><V85/><F112/><W103/><G74/><T25/><D107/><U125/><E2/><V102/><F126/><W14/><G116/><T71/><D71/><U119/><E125/><V56/><F70/><W15/><G124/><T118/><D118/><U61/><E121/><V18/><F6/><W120/><G30/><T79/><D133/><U44/><E113/><V49/><F3/><W89/><G103/><T78/><D128/><U99/><E72/><V131/><F131/><W27/><G27/><T135/><D135/><U22/><E29/><V132/><F132/><W33/><G33/><T62/><D80/><U66/><E82/><V4/><F4/><W111/><G130/><T87/><D87/><U67/><E48/><V64/><F64/><W10/><G120/><T95/><D95/><U57/><E57/><V69/><F69/><W88/><G59/><T16/><D62/><U134/><E134/><V109/><F109/><W100/><G100/><T83/><D83/><U84/><E84/><V32/><F32/><W58/><G58/><T52/><D25/><U23/><E23/><V17/><REACH who="2" step="1"/><F12/><REACH who="2" ten="370,210,200,210" step="2"/><N who="3" m="4651" /><G47/><N who="0" m="26095" /><D34/><U93/><E119/><V73/><F73/><W19/><G19/><T65/><D123/><U115/><E117/><V37/><F37/><AGARI ba="1,1" hai="1,5,10,37,43,45,88,89,108,110,111" m="4651" machi="37" ten="30,8000,1" yaku="14,1,52,3,54,1" doraHai="11" who="3" fromWho="2" sc="370,0,210,0,200,-83,210,93" /><INIT seed="1,0,0,3,2,128" ten="370,210,117,303" oya="1" hai0="53,81,98,100,97,82,123,8,92,120,12,74,70" hai1="69,127,101,25,7,80,42,129,125,77,106,90,85" hai2="56,5,83,78,67,114,14,93,36,58,121,37,57" hai3="134,30,59,35,76,46,68,4,94,16,27,43,11"/><U41/><E69/><V20/><F121/><N who="0" m="46666" /><D70/><U54/><E129/><V133/><F114/><W65/><G68/><T13/><D74/><U18/><E7/><V122/><F122/><W104/><G104/><N who="0" m="63503" /><D53/><U50/><E77/><V44/><F67/><W10/><G76/><T131/><D131/><U28/><E18/><V79/><F79/><W1/><G94/><T9/><D13/><U63/><E63/><V135/><F93/><W102/><G102/><N who="0" m="60743" /><D9/><U130/><E130/><V108/><F108/><W126/><G126/><N who="1" m="48138" /><E101/><V22/><F22/><W117/><G117/><T47/><D47/><N who="1" m="27999" /><E106/><V73/><F44/><W109/><G59/><T34/><D34/><AGARI ba="0,0" hai="25,28,34,41,42,80,85,90" m="27999,48138" machi="34" ten="30,1500,0" yaku="18,1" doraHai="128" who="1" fromWho="0" sc="370,-15,210,15,117,0,303,0" /><INIT seed="1,1,0,3,5,40" ten="355,225,117,303" oya="1" hai0="127,49,77,6,11,116,89,72,81,123,43,67,74" hai1="46,135,83,50,28,134,129,99,90,59,22,103,84" hai2="58,0,61,94,34,128,114,10,36,27,5,26,92" hai3="24,19,47,104,75,69,119,88,30,20,76,62,8"/><U124/><E59/><V41/><F128/><W37/><G104/><T107/><D116/><U57/><E57/><V21/><F114/><W14/><G119/><T126/><D107/><U9/><E9/><V60/><F34/><W133/><G133/><T122/><D89/><U97/><E129/><V33/><F33/><W73/><G76/><T39/><D67/><U18/><E28/><V96/><F60/><W54/><G69/><T42/><D72/><U117/><E117/><V111/><F111/><W48/><G37/><T109/><D109/><U113/><E113/><V16/><F27/><W86/><G62/><T51/><D51/><U17/><E124/><N who="0" m="47657" /><D49/><U55/><E17/><V112/><F112/><W78/><G78/><T31/><D31/><U38/><E38/><V3/><F3/><W65/><G65/><T25/><D25/><N who="1" m="14551" /><E103/><V79/><F79/><W93/><AGARI ba="1,0" hai="8,14,19,20,24,30,47,48,54,73,75,86,88,93" machi="93" ten="20,5200,0" yaku="0,1,7,1,52,1,54,1" doraHai="40" who="3" fromWho="3" sc="355,-14,225,-27,117,-14,303,55" /><INIT seed="2,0,0,2,5,14" ten="341,198,103,358" oya="2" hai0="42,40,50,5,52,18,55,41,73,125,38,46,131" hai1="67,75,31,12,6,37,80,105,25,22,34,118,109" hai2="134,113,135,9,60,43,81,76,133,21,49,88,119" hai3="95,127,132,101,77,120,0,23,59,104,4,122,29"/><V111/><F113/><W115/><G104/><T53/><D73/><U36/><E109/><V70/><F119/><W99/><G115/><T47/><D131/><U123/><E118/><V44/><F111/><W124/><G77/><T45/><D5/><U108/><E105/><V129/><F129/><W116/><G116/><T79/><D79/><U98/><E98/><V92/><F9/><W35/><G35/><T16/><D125/><N who="3" m="48201" /><G59/><T64/><D64/><U126/><E67/><V121/><F121/><W15/><G132/><T7/><D7/><U56/><E56/><V84/><F21/><W30/><G0/><T83/><D83/><U57/><E57/><V72/><REACH who="2" step="1"/><F60/><REACH who="2" ten="341,198,93,358" step="2"/><W65/><G122/><T58/><D38/><U13/><E123/><V103/><F103/><W87/><G120/><T78/><D78/><U100/><E108/><V112/><F112/><W1/><G23/><T8/><D8/><U28/><E100/><V102/><F102/><W63/><G101/><T130/><D130/><U48/><E126/><V97/><F97/><W27/><G99/><T89/><D89/><U107/><E37/><V90/><F90/><W93/><G63/><T106/><D106/><U61/><E107/><V54/><F54/><AGARI ba="0,1" hai="16,18,40,41,42,45,46,47,50,52,53,54,55,58" machi="54" ten="50,12000,2" yaku="29,2,8,1,52,2,54,2" doraHai="14" who="0" fromWho="2" sc="341,130,198,0,93,-120,358,0" owari="471,57.1,198,-20.2,-27,-52.7,358,15.8" /></mjloggm>