<mjloggm ver="2.3"><GO type="225" lobby="0"/><UN n0="%E3%81%95%E3%81%8D%E3%81%9F%E3%81%BE%E6%9E%97%E6%AA%8E" n1="%E3%81%A1%E3%82%85%E3%81%86%E3%81%A9%E3%81%8F%E8%B1%A1%E3%81%95%E3%82%93" n2="%73%6C%69%63%6B%33%31%39" n3="%6D%75%75%6D%75%72%61" dan="16,17,17,16" rate="2096.67,2206.42,2173.66,2130.08" sx="M,M,M,F"/><TAIKYOKU oya="0"/><INIT seed="0,0,0,4,1,114" ten="250,250,250,250" oya="0" hai0="109,125,38,121,107,99,59,115,19,76,35,51,49" hai1="74,16,120,118,8,122,113,69,79,135,21,48,20" hai2="46,97,34,111,54,9,33,56,11,131,73,78,130" hai3="80,123,103,116,60,63,108,81,25,55,133,91,132"/><T24/><D115/><U18/><E69/><V10/><F46/><W61/><G108/><T7/><D121/><N who="1" m="46699" /><E113/><V127/><F127/><W39/><G123/><T26/><D125/><U6/><E48/><V126/><F126/><W27/><G39/><T58/><D38/><U95/><E95/><V75/><F97/><W129/><G129/><N who="2" m="49161" /><F111/><W15/><G15/><T92/><D107/><U40/><E40/><V43/><F43/><W71/><G71/><T36/><D36/><U93/><E93/><V0/><F0/><W47/><G91/><T106/><D106/><U87/><E87/><V94/><F94/><W83/><G103/><T82/><D35/><N who="2" m="13322" /><F78/><W28/><G28/><T64/><D7/><U31/><E79/><V86/><F86/><W119/><G55/><T98/><D109/><U101/><E101/><V105/><F105/><W13/><G13/><T77/><D92/><U110/><E74/><N who="2" m="28171" /><F56/><W104/><G47/><T84/><D84/><U3/><E110/><V117/><F54/><W4/><G4/><T5/><D5/><U89/><E89/><V50/><F50/><W12/><G12/><T68/><D68/><U72/><E72/><V17/><F17/><N who="1" m="6761" /><E135/><N who="3" m="51786" /><G104/><T57/><D57/><U44/><E44/><V100/><F100/><W22/><G22/><N who="1" m="8810" /><E31/><V96/><F96/><W53/><G53/><T85/><D85/><U1/><E3/><V29/><F29/><W2/><G2/><T65/><D19/><U41/><E41/><V23/><F23/><W112/><G112/><T42/><D42/><U90/><E90/><V67/><F67/><W14/><G14/><RYUUKYOKU ba="0,0" sc="250,0,250,0,250,0,250,0" hai0="24,26,49,51,58,59,64,65,76,77,82,98,99" hai1="1,6,8,118" hai2="9,10,11,117" hai3="25,27,60,61,63,80,81,83,116,119" /><INIT seed="0,1,0,1,4,73" ten="250,250,250,250" oya="0" hai0="66,54,27,46,113,37,104,65,36,23,77,24,135" hai1="60,96,4,61,81,35,67,118,101,131,119,121,34" hai2="72,106,99,5,25,70,92,87,64,53,3,22,120" hai3="91,63,41,12,108,58,11,1,82,88,111,45,89"/><T33/><D113/><U102/><E121/><V93/><F120/><W85/><G1/><T132/><D104/><U130/><E4/><V80/><F70/><W110/><G58/><T13/><D13/><U6/><E6/><V76/><F64/><N who="0" m="24682" /><D54/><U32/><E67/><V69/><F69/><W43/><G63/><N who="1" m="24138" /><E81/><V84/><F53/><W56/><G56/><T75/><D46/><U31/><E31/><V26/><F26/><N who="0" m="9770" /><D33/><U71/><E71/><V116/><F116/><N who="1" m="44585" /><E96/><V94/><F5/><N who="3" m="3183" /><G41/><T128/><D128/><AGARI ba="1,0" hai="32,34,35,101,102,128,130,131" m="44585,24138" machi="128" ten="40,5200,0" yaku="28,2,19,1" doraHai="73" who="1" fromWho="0" sc="250,-55,250,55,250,0,250,0" /><INIT seed="1,0,0,3,3,95" ten="195,305,250,250" oya="1" hai0="51,111,82,126,30,74,87,114,131,19,25,96,135" hai1="8,130,123,18,40,101,46,9,119,12,71,122,37" hai2="5,3,43,88,109,73,39,81,69,72,129,94,29" hai3="59,93,17,27,78,90,13,26,20,60,62,117,33"/><U7/><E119/><V52/><F69/><W10/><G117/><T45/><D111/><U132/><E132/><V108/><F29/><W44/><G78/><T115/><D74/><U57/><E71/><V99/><F129/><W98/><G44/><T116/><D116/><U24/><E130/><V102/><F43/><W77/><G77/><T67/><D131/><U76/><E76/><N who="2" m="44167" /><F39/><W38/><G38/><T48/><D135/><U22/><E101/><V118/><F118/><W28/><REACH who="3" step="1"/><G59/><REACH who="3" ten="195,305,250,240" step="2"/><T103/><D115/><U120/><E57/><V124/><F109/><W1/><G1/><T31/><D114/><U15/><REACH who="1" step="1"/><E122/><REACH who="1" ten="195,295,250,240" step="2"/><V49/><F108/><W86/><G86/><T34/><D87/><U112/><E112/><V100/><F73/><W47/><G47/><T80/><D45/><U110/><E110/><V89/><F124/><W91/><G91/><T92/><D126/><U104/><E104/><V2/><F89/><W61/><G61/><T127/><D127/><U75/><E75/><V55/><F88/><W113/><G113/><T21/><D103/><U35/><E35/><V66/><F102/><W11/><G11/><T14/><D82/><U16/><AGARI ba="0,2" hai="7,8,9,12,15,16,18,22,24,37,40,46,120,123" machi="16" ten="20,12000,1" yaku="1,1,0,1,7,1,54,1,53,1" doraHai="95" doraHaiUra="36" who="1" fromWho="1" sc="195,-40,295,140,250,-40,240,-40" /><INIT seed="1,1,0,5,5,130" ten="155,435,210,200" oya="1" hai0="82,117,13,1,12,94,5,51,30,68,17,96,125" hai1="0,97,114,104,74,6,88,48,135,9,14,20,85" hai2="53,127,66,54,61,45,47,79,93,50,109,28,43" hai3="36,44,55,31,32,111,84,69,24,33,26,78,134"/><U56/><E74/><V101/><F109/><W131/><G111/><T62/><D117/><U118/><E118/><V133/><F127/><W102/><G131/><T119/><D119/><U70/><E70/><V27/><F79/><W39/><G69/><T2/><D125/><U98/><E104/><V63/><F133/><W73/><G73/><T86/><D30/><U100/><E135/><V91/><F101/><W19/><G134/><T3/><D5/><U122/><E100/><V4/><F4/><W71/><G71/><T8/><D12/><U103/><E103/><V18/><F18/><W40/><G102/><T35/><D35/><U42/><E42/><V110/><F66/><W121/><G121/><T22/><D96/><U46/><E46/><V113/><F113/><W107/><G107/><T77/><D94/><U124/><E124/><V128/><F110/><W52/><G39/><T25/><D51/><U65/><E48/><N who="2" m="28815" /><F43/><W106/><G106/><T75/><D68/><U80/><E0/><V89/><F89/><W129/><G129/><T59/><D75/><U49/><E65/><V16/><F28/><N who="3" m="19463" /><G19/><T41/><D41/><U23/><E114/><V108/><F108/><W38/><G38/><T58/><REACH who="0" step="1"/><D62/><REACH who="0" ten="145,435,210,200" step="2"/><U83/><E6/><V116/><F116/><W87/><G87/><T120/><D120/><U64/><E85/><N who="2" m="52463" /><F128/><W81/><G36/><T92/><D92/><U37/><E122/><V76/><F16/><W7/><G7/><T60/><D60/><N who="2" m="23114" /><F27/><W112/><G112/><T105/><D105/><U99/><E37/><V15/><F15/><W57/><G40/><RYUUKYOKU ba="1,1" sc="145,15,435,-15,210,15,200,-15" hai0="1,2,3,8,13,17,22,25,58,59,77,82,86" hai2="47,50,54,76" /><INIT seed="2,2,1,5,3,109" ten="160,420,225,185" oya="2" hai0="126,83,96,78,32,93,68,47,18,29,50,123,3" hai1="56,24,64,94,48,79,46,82,119,6,108,17,67" hai2="135,125,41,131,16,120,89,103,12,97,127,114,43" hai3="11,13,105,113,35,22,33,45,133,8,54,116,106"/><V14/><F120/><W23/><G116/><T30/><D123/><U72/><E119/><V38/><F135/><W92/><G133/><T1/><D68/><U112/><E6/><V111/><F131/><W53/><G92/><T7/><D126/><N who="2" m="48138" /><F111/><W84/><G84/><T40/><D18/><U28/><E17/><V115/><F89/><W65/><G45/><T70/><D70/><U98/><E56/><V130/><F130/><W44/><G44/><T121/><D121/><U42/><E108/><V124/><N who="2" m="48146" /><V101/><DORA hai="134" /><F101/><W74/><G65/><T107/><D107/><U91/><E112/><N who="2" m="43051" /><F38/><W4/><G113/><T25/><D29/><U57/><E57/><V76/><F76/><W77/><G77/><T60/><D60/><U81/><E81/><V36/><F36/><W5/><REACH who="3" step="1"/><G13/><REACH who="3" ten="160,420,225,175" step="2"/><T0/><D0/><U102/><E102/><V21/><F12/><W88/><G88/><T63/><D3/><U104/><E104/><AGARI ba="2,2" hai="14,16,21,41,43,97,103,104" m="43051,48146" machi="104" ten="40,24000,3" yaku="18,1,52,7,54,1" doraHai="109,134" who="2" fromWho="1" sc="160,0,420,-246,225,266,175,0" /><INIT seed="2,3,0,5,2,54" ten="160,174,491,175" oya="2" hai0="14,64,48,90,23,132,28,3,50,2,30,52,130" hai1="117,40,51,108,112,16,87,109,89,81,94,22,99" hai2="58,6,36,75,83,107,57,125,100,27,49,95,65" hai3="135,8,70,123,118,21,62,114,122,11,56,106,37"/><V71/><F36/><W120/><G118/><T110/><D110/><N who="1" m="42603" /><E117/><V92/><F107/><W85/><G70/><T34/><D34/><U1/><E1/><V105/><F105/><W116/><G116/><T55/><D64/><U10/><E112/><V39/><F39/><W42/><G114/><T86/><D132/><U76/><E10/><V13/><F125/><W98/><G135/><T78/><D130/><U7/><E7/><V29/><F75/><W82/><G21/><T35/><D35/><U134/><E134/><V127/><F127/><W80/><G42/><T43/><D43/><U31/><E31/><N who="0" m="11817" /><D2/><U102/><E40/><V17/><F6/><W119/><G37/><T129/><D129/><U73/><E51/><N who="0" m="19497" /><D3/><U24/><E73/><V96/><F83/><W4/><G119/><T91/><D78/><AGARI ba="3,0" hai="16,22,24,76,78,81,87,89,94,99,102" m="42603" machi="78" ten="30,2000,0" yaku="14,1,54,1" doraHai="54" who="1" fromWho="0" sc="160,-29,174,29,491,0,175,0" /><INIT seed="3,0,0,1,4,115" ten="131,203,491,175" oya="3" hai0="63,43,124,41,12,56,103,97,15,55,25,119,30" hai1="73,40,113,123,129,23,126,58,11,82,91,85,1" hai2="32,95,112,127,134,132,51,54,92,108,13,47,61" hai3="88,101,48,64,0,9,98,121,39,104,59,45,22"/><W114/><G114/><T77/><D124/><U71/><E71/><V80/><F112/><W110/><G121/><T53/><D119/><U135/><E73/><V38/><F127/><W67/><G39/><T120/><D120/><U24/><E126/><V37/><F32/><W130/><G130/><T93/><D77/><U131/><E113/><V42/><F108/><W122/><G122/><T62/><D41/><U81/><E123/><V96/><F80/><W116/><G22/><T99/><D43/><U70/><E70/><V4/><F61/><W5/><G59/><T3/><D3/><U46/><E58/><V75/><F75/><W90/><G110/><T94/><D30/><N who="1" m="17695" /><E81/><V111/><F111/><W133/><G133/><N who="2" m="51305" /><F54/><W6/><G6/><T17/><D17/><U83/><E83/><V57/><F57/><W33/><G33/><T20/><D56/><U29/><E29/><V52/><F42/><W128/><G128/><N who="1" m="49226" /><E135/><V107/><F107/><W28/><G98/><T8/><D20/><U125/><E125/><V34/><F13/><W18/><G18/><T100/><REACH who="0" step="1"/><D25/><REACH who="0" ten="121,203,491,175" step="2"/><U68/><E1/><V50/><F50/><W76/><G48/><T31/><D31/><U117/><E40/><V86/><F95/><W36/><G0/><T78/><D78/><U10/><E68/><V65/><F96/><W16/><G28/><T89/><D89/><U49/><E91/><V60/><F4/><W27/><G90/><T118/><D118/><U72/><E117/><V7/><F7/><W105/><G88/><T79/><D79/><U19/><E19/><V44/><F34/><RYUUKYOKU ba="0,1" sc="121,30,203,-10,491,-10,175,-10" hai0="8,12,15,53,55,62,63,93,94,97,99,100,103" owari="151,-34.9,193,-0.7,491,59.1,165,-23.5" /></mjloggm>