<mjloggm ver="2.3"><GO type="225" lobby="0"/><UN n0="%E3%82%82%E3%81%90%E3%82%89" n1="%6D%75%75%6D%75%72%61" n2="%E3%81%99%E3%81%84%E3%81%BE%E3%81%9B%E3%83%BC%E3%82%93" n3="%33%74%72%65%65" dan="17,16,16,16" rate="2240.46,2120.94,2062.81,2144.23" sx="M,F,M,F"/><TAIKYOKU oya="0"/><INIT seed="0,0,0,4,5,87" ten="250,250,250,250" oya="0" hai0="25,16,117,27,4,125,106,79,22,102,84,116,44" hai1="104,50,83,33,43,108,11,52,0,62,64,46,21" hai2="71,75,5,88,40,45,72,34,29,114,17,76,65" hai3="55,37,10,90,24,38,13,31,100,69,23,129,35"/><T109/><D125/><U128/><E33/><V74/><F114/><W51/><G129/><T70/><D70/><U78/><E128/><V28/><F76/><W122/><G122/><T89/><D109/><U107/><E108/><V63/><F5/><W60/><G100/><T97/><D79/><U95/><E43/><V94/><F17/><W112/><G112/><T132/><D132/><U85/><E21/><V2/><F2/><W30/><G30/><T120/><D120/><U14/><E95/><V134/><F34/><W118/><G118/><T119/><D4/><U54/><E54/><V53/><F53/><W8/><G23/><T36/><D44/><U49/><E49/><V48/><REACH who="2" step="1"/><F134/><REACH who="2" ten="250,250,240,250" step="2"/><W99/><G35/><T12/><REACH who="0" step="1"/><D36/><REACH who="0" ten="240,250,240,250" step="2"/><U58/><E0/><V124/><F124/><W96/><G37/><T92/><AGARI ba="0,2" hai="12,16,22,25,27,84,89,92,97,102,106,116,117,119" machi="92" ten="30,18000,2" yaku="1,1,2,1,0,1,52,1,54,1,53,1" doraHai="87" doraHaiUra="98" who="0" fromWho="0" sc="240,200,250,-60,240,-60,250,-60" /><INIT seed="0,1,0,0,2,46" ten="440,190,180,190" oya="0" hai0="61,128,85,127,72,59,76,80,103,31,10,81,78" hai1="7,104,68,95,109,119,58,65,1,92,49,118,35" hai2="27,50,30,25,3,90,112,52,4,43,84,66,105" hai3="22,15,26,44,129,114,100,48,8,93,82,21,122"/><T57/><D128/><U19/><E104/><V74/><F112/><W2/><G114/><T131/><D131/><U132/><E109/><V18/><F74/><W101/><G129/><T47/><D127/><U40/><E35/><V106/><F43/><N who="3" m="24607" /><G2/><T91/><D103/><N who="3" m="39497" /><G122/><T54/><D31/><U89/><E132/><V29/><F66/><W20/><G82/><T63/><D47/><U13/><E68/><V62/><F62/><W60/><G60/><T56/><D10/><N who="1" m="4319" /><E1/><V120/><F120/><W64/><G64/><T11/><D11/><U16/><E95/><V135/><F135/><W83/><G83/><T94/><REACH who="0" step="1"/><D63/><REACH who="0" ten="430,190,180,190" step="2"/><N who="1" m="38135" /><E119/><V0/><F106/><W75/><G8/><T39/><D39/><U133/><E118/><V67/><F105/><W42/><G22/><T123/><D123/><U71/><E133/><V28/><F28/><W41/><G20/><T126/><D126/><U113/><E113/><V97/><F30/><W73/><G21/><T55/><D55/><U87/><E71/><V96/><F29/><W102/><G42/><T36/><D36/><U17/><E40/><V125/><F125/><W53/><G41/><T45/><D45/><U110/><E110/><V24/><F67/><W86/><G53/><T6/><D6/><U99/><E49/><V37/><F37/><W5/><G102/><T117/><D117/><U107/><E107/><V38/><F38/><W98/><G5/><T88/><D88/><U70/><E70/><V9/><F0/><W23/><G23/><T12/><D12/><U34/><E34/><V14/><F3/><W79/><G15/><RYUUKYOKU ba="1,1" sc="430,15,190,15,180,-15,190,-15" hai0="54,56,57,59,61,72,76,78,80,81,85,91,94" hai1="16,17,19,87,89,92,99" /><INIT seed="0,2,1,1,0,80" ten="445,205,165,175" oya="0" hai0="37,75,54,10,102,77,108,28,86,36,120,105,42" hai1="100,24,117,52,14,20,76,2,98,81,45,18,85" hai2="119,44,83,17,4,134,0,104,66,93,72,61,84" hai3="55,130,48,22,116,132,111,57,9,123,109,125,49"/><T133/><D120/><U110/><E117/><V39/><F104/><W27/><G116/><T113/><D113/><U47/><E2/><V63/><F119/><W13/><G123/><T71/><D71/><U115/><E110/><N who="3" m="41994" /><G132/><T92/><D133/><U96/><E115/><V51/><F134/><W1/><G1/><T35/><D42/><U31/><E52/><V12/><F39/><W135/><G135/><T91/><D10/><U67/><E67/><V79/><F66/><W25/><G130/><T3/><D3/><U59/><E59/><V122/><F122/><W97/><G97/><T56/><D28/><U126/><E126/><V69/><F69/><W90/><G90/><T29/><D29/><U68/><E68/><V58/><F58/><W103/><G103/><T43/><D43/><U46/><REACH who="1" step="1"/><E100/><REACH who="1" ten="445,195,165,175" step="2"/><V21/><F0/><W78/><G57/><T11/><D56/><U65/><E65/><V131/><F131/><W88/><G55/><T38/><D54/><U33/><AGARI ba="2,2" hai="14,18,20,24,31,33,45,46,47,76,81,85,96,98" machi="33" ten="30,4000,0" yaku="1,1,0,1,52,1,53,0" doraHai="80" doraHaiUra="99" who="1" fromWho="1" sc="445,-22,195,66,165,-12,175,-12" /><INIT seed="1,0,0,3,3,16" ten="423,261,153,163" oya="1" hai0="24,105,83,120,45,37,50,116,51,10,59,126,57" hai1="101,135,46,68,113,77,19,130,67,17,12,104,103" hai2="65,111,133,81,123,5,76,78,95,7,53,74,119" hai3="118,66,9,129,15,40,4,29,49,92,13,55,99"/><U30/><E113/><V2/><F119/><W41/><G118/><T112/><D116/><U131/><E135/><V98/><F123/><W134/><G134/><T48/><D112/><U27/><E77/><V43/><F133/><W38/><G129/><N who="1" m="49162" /><E46/><V117/><F117/><W115/><G115/><T107/><D120/><U110/><E110/><V63/><F111/><W75/><G75/><T96/><D126/><U106/><E67/><V3/><F78/><W86/><G66/><T100/><D107/><N who="1" m="41003" /><E68/><V34/><F34/><W70/><G70/><T44/><D44/><U125/><E125/><V61/><F65/><W26/><G41/><T122/><D45/><U23/><E19/><V11/><F43/><W102/><G40/><T87/><D122/><U52/><E52/><V94/><F53/><W32/><G38/><T93/><D37/><U73/><E73/><V21/><F61/><W108/><G108/><T6/><D59/><U42/><E42/><V97/><F63/><W69/><G69/><T25/><D57/><U39/><E39/><V20/><F74/><W54/><G49/><T1/><D105/><U91/><E91/><V62/><F62/><W88/><REACH who="3" step="1"/><G15/><REACH who="3" ten="423,261,153,153" step="2"/><T124/><D124/><U89/><E89/><V84/><F76/><W79/><G79/><N who="0" m="46591" /><D51/><U47/><E47/><V33/><F2/><W71/><G71/><T60/><D60/><U121/><E121/><V64/><F3/><W132/><G132/><T28/><D50/><U90/><E90/><V0/><F0/><W127/><G127/><T8/><D48/><U80/><E80/><AGARI ba="0,1" hai="4,9,13,26,29,32,54,55,80,86,88,92,99,102" machi="80" ten="30,3900,0" yaku="1,1,7,1,54,1,53,0" doraHai="16" doraHaiUra="128" who="3" fromWho="1" sc="423,0,261,-39,153,0,153,49" /><INIT seed="2,0,0,5,1,3" ten="423,222,153,202" oya="2" hai0="93,52,57,86,82,37,32,31,71,39,16,96,61" hai1="65,27,133,66,0,72,11,115,9,56,101,2,50" hai2="47,78,63,19,98,42,43,103,68,85,18,29,5" hai3="30,112,20,28,84,126,77,74,64,41,6,117,118"/><V46/><F29/><W59/><G74/><T108/><D108/><U1/><E115/><V131/><F131/><W83/><G112/><T35/><D71/><U120/><E72/><V81/><F5/><W130/><G130/><T134/><D134/><U87/><E133/><V76/><F76/><W110/><G110/><T55/><D55/><U127/><E127/><V60/><F68/><W106/><G126/><T26/><D35/><U21/><E120/><V114/><F114/><W69/><G69/><T125/><D125/><U107/><E87/><V95/><F46/><W100/><G41/><N who="2" m="15369" /><F47/><W36/><G36/><T4/><D4/><U25/><E2/><V128/><F128/><W49/><G30/><T119/><D119/><U123/><E123/><V45/><F45/><W33/><G6/><T44/><D44/><U54/><E1/><V10/><F10/><W124/><G124/><T135/><D135/><U99/><E0/><V67/><F67/><N who="1" m="25609" /><E107/><V109/><F109/><W104/><G33/><T92/><D16/><AGARI ba="0,0" hai="16,18,19,60,63,78,81,85,95,98,103" m="15369" machi="16" ten="30,2900,0" yaku="8,1,54,1" doraHai="3" who="2" fromWho="0" sc="423,-29,222,0,153,29,202,0" /><INIT seed="2,1,0,2,1,86" ten="394,222,182,202" oya="2" hai0="41,106,131,15,36,83,3,93,95,89,99,112,21" hai1="109,64,61,118,110,123,77,122,80,26,55,100,31" hai2="57,18,73,128,69,28,49,70,63,30,6,22,14" hai3="7,59,119,62,48,98,10,58,79,13,29,72,8"/><V103/><F73/><W94/><G119/><T35/><D112/><U37/><E118/><V91/><F128/><W87/><G72/><T76/><D35/><N who="1" m="20983" /><E55/><V19/><F103/><W82/><G29/><N who="2" m="11369" /><F70/><W133/><G133/><T117/><D3/><U114/><E100/><V104/><F69/><W4/><G48/><T129/><D106/><U0/><E0/><V50/><F104/><W115/><G115/><T71/><D71/><N who="1" m="42383" /><E37/><V27/><F6/><W51/><G51/><T127/><D117/><U40/><E40/><V130/><F130/><N who="0" m="49674" /><D127/><U125/><E125/><V12/><F91/><W17/><G8/><T121/><D121/><N who="1" m="46091" /><E114/><V84/><F84/><AGARI ba="1,0" hai="77,80,84,109,110" m="46091,42383,20983" machi="84" ten="30,1000,0" yaku="13,1" doraHai="86" who="1" fromWho="2" sc="394,0,222,13,182,-13,202,0" /><INIT seed="3,0,0,4,5,27" ten="394,235,169,202" oya="3" hai0="8,112,101,73,36,32,126,24,18,7,62,23,75" hai1="29,124,111,56,104,81,127,50,20,5,103,100,16" hai2="131,88,76,0,52,12,97,19,134,109,102,25,132" hai3="113,49,125,34,90,37,44,130,72,11,114,93,47"/><W84/><G130/><T43/><D101/><U26/><E111/><V45/><F0/><W120/><G120/><T17/><D17/><U69/><E69/><V82/><F109/><W64/><G125/><N who="1" m="48202" /><E104/><V98/><F25/><W68/><G72/><T71/><D126/><U99/><E5/><V94/><F131/><W86/><G34/><T108/><D112/><U1/><E1/><V10/><F76/><W15/><G37/><T28/><D43/><U22/><E99/><V92/><F82/><W59/><G84/><T66/><D36/><U51/><E81/><V91/><F102/><N who="1" m="38953" /><E56/><V95/><F95/><W42/><G47/><T78/><D78/><U60/><E60/><V30/><F30/><W48/><G68/><T118/><D118/><U117/><E117/><V79/><F79/><W129/><G129/><T106/><D106/><U54/><E54/><V70/><F70/><W53/><G64/><T128/><D108/><U116/><E116/><V31/><F31/><W4/><AGARI ba="0,0" hai="4,11,15,42,44,48,49,53,59,86,90,93,113,114" machi="4" ten="20,2100,0" yaku="0,1,7,1" doraHai="27" who="3" fromWho="3" sc="394,-7,235,-7,169,-7,202,21" /><INIT seed="3,1,0,4,4,9" ten="387,228,162,223" oya="3" hai0="126,123,111,124,3,6,8,125,94,10,0,25,47" hai1="39,30,38,78,113,28,22,68,97,108,122,15,18" hai2="20,7,12,87,118,127,131,91,13,16,66,24,77" hai3="55,37,130,1,43,109,73,101,72,48,120,135,63"/><W4/><G120/><T129/><D123/><U50/><E122/><V52/><F118/><W44/><G130/><T95/><D111/><U81/><E113/><V100/><F131/><W58/><G109/><T116/><D116/><U36/><E108/><V49/><F127/><W114/><G114/><T64/><D129/><U128/><E128/><V65/><F100/><W99/><G135/><T60/><D47/><U40/><E68/><V56/><F77/><W102/><G102/><T5/><D25/><U2/><E2/><V33/><F33/><W96/><G96/><T67/><D67/><N who="2" m="25610" /><F7/><W98/><G98/><T61/><D61/><U11/><E97/><V71/><F71/><AGARI ba="1,0" hai="0,3,5,6,8,10,60,64,71,94,95,124,125,126" machi="71" ten="40,2600,0" yaku="9,1,18,1" doraHai="9" who="0" fromWho="2" sc="387,29,228,0,162,-29,223,0" owari="416,51.6,228,2.8,133,-36.7,223,-17.7" /></mjloggm>