<mjloggm ver="2.3"><GO type="225" lobby="0"/><UN n0="%E7%B4%94%E6%BD%94%E3%83%94%E3%83%A9%E3%83%8B%E3%82%A2" n1="%E3%81%B5%E3%81%98%E3%81%8B%E3%81%A4" n2="%E3%81%AF%E3%82%88%E3%81%8A%E3%81%98%E3%81%95%E3%82%93" n3="%E3%81%99%E3%81%84%E3%81%BE%E3%81%9B%E3%83%BC%E3%82%93" dan="16,16,17,17" rate="2130.37,2174.07,2177.77,2248.66" sx="M,M,M,M"/><TAIKYOKU oya="0"/><INIT seed="0,0,0,1,0,116" ten="250,250,250,250" oya="0" hai0="33,8,60,119,46,59,82,91,36,19,105,77,102" hai1="39,93,18,78,97,56,11,127,115,132,12,58,95" hai2="1,80,99,68,111,41,48,27,34,20,101,32,70" hai3="65,51,16,85,67,45,96,26,134,81,40,98,84"/><T25/><D119/><U131/><E127/><V35/><F1/><W49/><G134/><T122/><D91/><U100/><E132/><V4/><F4/><W43/><G49/><T22/><D33/><U61/><E39/><V53/><F111/><W90/><G43/><T113/><D113/><U109/><E131/><V117/><F80/><W125/><G125/><T106/><D102/><U130/><E130/><V21/><F41/><W63/><G85/><T47/><D122/><U5/><E115/><V112/><F117/><W121/><G121/><T120/><D120/><U7/><E109/><V108/><F108/><W62/><G63/><T64/><D8/><U57/><E78/><V6/><F6/><W17/><G67/><T23/><D23/><U110/><E110/><V86/><F86/><W87/><G87/><T107/><REACH who="0" step="1"/><D36/><REACH who="0" ten="240,250,250,250" step="2"/><U88/><REACH who="1" step="1"/><E61/><REACH who="1" ten="240,240,250,250" step="2"/><V15/><F112/><W133/><G133/><T42/><D42/><U118/><E118/><V114/><F114/><W71/><G40/><T44/><D44/><U94/><E94/><V55/><F48/><W2/><G51/><T74/><AGARI ba="0,2" hai="19,22,25,46,47,59,60,64,74,77,82,105,106,107" machi="74" ten="30,6000,0" yaku="1,1,0,1,53,1" doraHai="116" doraHaiUra="73" who="0" fromWho="0" sc="240,80,240,-20,250,-20,250,-20" /><INIT seed="0,1,0,0,1,115" ten="320,220,230,230" oya="0" hai0="4,91,22,55,101,5,117,69,62,7,28,35,44" hai1="10,87,67,51,14,57,29,83,84,106,34,0,72" hai2="58,6,119,60,88,78,41,32,130,1,15,70,103" hai3="68,13,23,59,81,94,38,122,124,17,11,112,80"/><T37/><D35/><U118/><E106/><V111/><F32/><W71/><G112/><T73/><D73/><U133/><E0/><V8/><F111/><W65/><G38/><T127/><D101/><U74/><E133/><V2/><F130/><W116/><G116/><T40/><D117/><U93/><E118/><V131/><F131/><W52/><G124/><T33/><D33/><U107/><E107/><V12/><F119/><W114/><G114/><T100/><D100/><U36/><E36/><V21/><F70/><W79/><G122/><T86/><D127/><U19/><E93/><V102/><F78/><W56/><G94/><T24/><D55/><U31/><E87/><V46/><F1/><W92/><G92/><T89/><REACH who="0" step="1"/><D86/><REACH who="0" ten="310,220,230,230" step="2"/><U132/><E132/><V45/><F103/><W95/><G52/><T39/><D39/><U108/><E108/><V30/><F102/><W90/><G65/><AGARI ba="1,1" hai="4,5,7,22,24,28,37,40,44,62,65,69,89,91" machi="65" ten="40,3900,0" yaku="1,1,53,1" doraHai="115" doraHaiUra="43" who="0" fromWho="3" sc="310,52,220,0,230,0,230,-42" /><INIT seed="0,2,0,3,1,21" ten="362,220,230,188" oya="0" hai0="35,130,73,118,105,48,119,46,87,37,65,34,1" hai1="24,84,120,22,16,61,39,6,2,49,42,126,108" hai2="83,80,107,102,63,101,78,12,58,51,11,71,31" hai3="26,93,129,104,79,17,72,74,44,66,134,98,106"/><T128/><D73/><U10/><E120/><V19/><F71/><W99/><G129/><N who="0" m="49771" /><D1/><U124/><E108/><V100/><F107/><W91/><G134/><T85/><D65/><U9/><E39/><V57/><F31/><W94/><G66/><T131/><D37/><U50/><E61/><V18/><F51/><W47/><G47/><T116/><D105/><N who="3" m="40553" /><G44/><T40/><N who="0" m="49779" /><T113/><DORA hai="45" /><D113/><U70/><E70/><V89/><F19/><W20/><G17/><T32/><AGARI ba="2,0" hai="32,34,35,40,46,48,85,87,116,118,119" m="49779" machi="32" ten="60,6000,0" yaku="19,1,52,1" doraHai="21,45" who="0" fromWho="0" sc="362,66,220,-22,230,-22,188,-22" /><INIT seed="0,3,0,5,2,112" ten="428,198,208,166" oya="0" hai0="14,108,84,128,40,23,115,66,96,18,55,47,99" hai1="116,81,100,48,121,127,3,11,97,36,105,91,92" hai2="125,70,0,58,35,50,10,88,129,24,133,7,54" hai3="38,76,30,67,60,34,86,85,123,32,102,46,42"/><T33/><D115/><U56/><E36/><V57/><F70/><W110/><G110/><T104/><D33/><U109/><E121/><V61/><F125/><W17/><G123/><T73/><D73/><U65/><E109/><V134/><F129/><W93/><G17/><T9/><D128/><U13/><E127/><V52/><F35/><W45/><G45/><T135/><D135/><U79/><E3/><V5/><F24/><W51/><G38/><T126/><D126/><U80/><E116/><V43/><F43/><W62/><G62/><T37/><D66/><U122/><E122/><V101/><F101/><W15/><G15/><T31/><D104/><U25/><E25/><V1/><F88/><W68/><G30/><T49/><D84/><U119/><E119/><V131/><F131/><W22/><G22/><T75/><D75/><U26/><E26/><V72/><F72/><W114/><G114/><T71/><D71/><U106/><E106/><V74/><F74/><W77/><G32/><T59/><D108/><U21/><E21/><V111/><F111/><W6/><G34/><T44/><D44/><U95/><E105/><V130/><F130/><W98/><REACH who="3" step="1"/><G6/><REACH who="3" ten="428,198,208,156" step="2"/><T19/><D31/><U90/><E13/><AGARI ba="3,1" hai="9,13,14,18,19,23,37,40,47,49,55,59,96,99" machi="13" ten="30,1500,0" yaku="7,1" doraHai="112" who="0" fromWho="1" sc="428,34,198,-24,208,0,156,0" /><INIT seed="0,4,0,2,1,59" ten="462,174,208,156" oya="0" hai0="58,116,39,63,14,112,51,47,126,76,70,79,124" hai1="131,84,100,29,25,67,114,55,69,81,44,45,123" hai2="88,48,93,35,11,24,56,96,30,72,85,10,38" hai3="13,74,54,33,120,21,106,68,18,122,101,127,16"/><T65/><D116/><U103/><E123/><N who="3" m="47146" /><G74/><T118/><D118/><U43/><E131/><V133/><F38/><W102/><G127/><N who="0" m="48683" /><D112/><U73/><E73/><V75/><F133/><W64/><G33/><T89/><D89/><U50/><E114/><V113/><F113/><W3/><G3/><T27/><D14/><U128/><E128/><V41/><F72/><W52/><G18/><T91/><D91/><U109/><E109/><V71/><F71/><W83/><G83/><T34/><D39/><U0/><E0/><V62/><F75/><W60/><G106/><T86/><D86/><U28/><E69/><V95/><F48/><W92/><G92/><T129/><D70/><U23/><E29/><V7/><F41/><W53/><AGARI ba="4,0" hai="13,16,21,52,53,54,60,64,68,101,102" m="47146" machi="53" ten="30,7900,0" yaku="13,1,52,1,54,2" doraHai="59" who="3" fromWho="3" sc="462,-43,174,-24,208,-24,156,91" /><INIT seed="1,0,0,5,0,125" ten="419,150,184,247" oya="1" hai0="112,34,91,132,78,0,99,116,90,114,53,18,128" hai1="44,56,129,109,105,73,101,82,29,11,120,26,5" hai2="7,49,102,113,62,1,45,118,33,117,100,41,2" hai3="77,134,124,95,10,25,67,22,63,133,40,79,108"/><U60/><E120/><V110/><F33/><W75/><G124/><T55/><D116/><U8/><E105/><V52/><F110/><W48/><G108/><T4/><D34/><U71/><E109/><V46/><F113/><W126/><G126/><T19/><D78/><U36/><E101/><V85/><F118/><W130/><G10/><T135/><D0/><U84/><E73/><V31/><F31/><W94/><G130/><T80/><D4/><U87/><E71/><V14/><F117/><W9/><G9/><T21/><D21/><U64/><E129/><V51/><F14/><W93/><G48/><T74/><D128/><U131/><E131/><V57/><F85/><W16/><G40/><T68/><D68/><U3/><E11/><V38/><F38/><W50/><G50/><T59/><D59/><U24/><E87/><V104/><F7/><W39/><G39/><T54/><D99/><U107/><E107/><V37/><F37/><W81/><REACH who="3" step="1"/><G79/><REACH who="3" ten="419,150,184,237" step="2"/><T111/><D111/><U12/><E3/><V28/><F1/><W123/><G123/><T30/><D114/><U6/><E6/><V42/><F2/><W88/><G88/><T72/><D112/><U127/><E127/><V20/><F104/><W115/><G115/><T13/><D91/><N who="1" m="51607" /><E36/><V122/><F122/><W65/><G65/><T23/><D90/><U121/><E121/><V86/><F42/><W43/><G43/><T96/><D96/><U15/><E44/><V98/><F98/><W17/><G17/><T83/><D18/><N who="1" m="8455" /><E29/><V92/><F28/><W61/><G61/><T27/><D30/><RYUUKYOKU ba="0,1" sc="419,-15,150,15,184,-15,237,15" hai1="5,15,24,26,56,60,64" hai3="16,22,25,63,67,75,77,81,93,94,95,133,134" /><INIT seed="1,1,1,0,5,112" ten="404,165,169,252" oya="1" hai0="37,24,18,44,98,110,43,12,38,77,34,79,8" hai1="76,134,96,65,29,103,58,101,114,133,1,108,100" hai2="117,97,57,126,7,49,52,135,82,83,39,36,121" hai3="63,61,16,41,119,55,45,4,17,51,42,67,3"/><U60/><E114/><V56/><F121/><W13/><G119/><T131/><D110/><U124/><E1/><V14/><F117/><W125/><G125/><T54/><D131/><U78/><E124/><V27/><F126/><W10/><G61/><T91/><D38/><U109/><E29/><V80/><F135/><N who="1" m="51721" /><E96/><V47/><F36/><W46/><G46/><T75/><D75/><U53/><E65/><V71/><F71/><W6/><G17/><T115/><D115/><U93/><E93/><V90/><F39/><W68/><REACH who="3" step="1"/><G6/><REACH who="3" ten="404,165,169,242" step="2"/><T127/><D18/><U107/><E107/><V9/><F27/><W86/><G86/><T72/><D72/><U84/><E84/><V95/><AGARI ba="1,2" hai="7,9,14,47,49,52,56,57,80,82,83,90,95,97" machi="95" ten="30,4000,0" yaku="0,1,8,1,54,1" doraHai="112" who="2" fromWho="2" sc="404,-11,165,-21,169,63,242,-11" /><INIT seed="2,0,0,4,4,60" ten="393,144,232,231" oya="2" hai0="100,52,73,80,33,90,6,2,127,27,91,59,134" hai1="32,110,82,39,26,66,25,77,15,7,132,13,17" hai2="97,94,61,58,4,69,18,102,133,131,68,8,44" hai3="51,23,117,87,135,126,118,99,125,43,75,40,45"/><V72/><F72/><W113/><G75/><T0/><D100/><U46/><E132/><V53/><F131/><W114/><G135/><T108/><D134/><U70/><E110/><V74/><F133/><W89/><G99/><T21/><D108/><U81/><E81/><V119/><F119/><N who="3" m="45579" /><G23/><T101/><D101/><U95/><E95/><V24/><F74/><W112/><G40/><T31/><D33/><U29/><E7/><V115/><F115/><W19/><G19/><T28/><D28/><U65/><E70/><V30/><F44/><W38/><G38/><T55/><D6/><U22/><E13/><V10/><F18/><W84/><G84/><T34/><D34/><U57/><E57/><V104/><F104/><W111/><G111/><T96/><D59/><U20/><E32/><V11/><REACH who="2" step="1"/><F4/><REACH who="2" ten="393,144,222,231" step="2"/><W16/><G16/><T12/><D73/><U54/><E39/><V50/><F50/><W92/><AGARI ba="0,1" hai="43,45,51,87,89,92,112,113,114,125,126" m="45579" machi="92" ten="40,1500,0" yaku="11,1" doraHai="60" who="3" fromWho="3" sc="393,-4,144,-4,222,-7,231,25" /><INIT seed="3,0,0,0,1,95" ten="389,140,215,256" oya="3" hai0="41,88,1,2,71,16,99,58,38,130,55,94,17" hai1="72,33,121,66,52,118,70,31,26,98,107,34,5" hai2="18,128,131,22,53,35,86,100,90,69,30,85,11" hai3="84,9,39,25,78,6,44,92,135,46,109,14,106"/><W37/><G106/><T114/><D71/><U101/><E121/><V73/><F73/><W103/><G135/><T76/><D76/><U12/><E118/><V77/><F69/><W4/><G25/><T93/><D38/><U129/><E129/><N who="2" m="49739" /><F77/><W68/><G68/><T63/><D41/><U97/><E72/><V96/><F11/><W3/><G9/><T24/><D130/><U61/><E34/><V75/><F75/><W132/><G78/><T32/><D114/><U122/><E122/><V59/><F30/><W120/><G39/><T108/><D108/><U51/><E98/><V54/><F35/><W83/><G37/><T110/><D110/><U91/><E91/><V10/><F10/><W56/><G109/><T111/><D93/><U127/><E12/><N who="2" m="9543" /><F59/><W42/><G56/><T8/><D55/><N who="2" m="21002" /><F90/><W62/><G3/><T125/><D99/><U45/><REACH who="1" step="1"/><E5/><REACH who="1" ten="389,130,215,256" step="2"/><V43/><F43/><W112/><G4/><T82/><D88/><U116/><E116/><V89/><F89/><W15/><G6/><T27/><D32/><U36/><E36/><V67/><F85/><W23/><G84/><T57/><D1/><U21/><E21/><V65/><F86/><W80/><G42/><T47/><D2/><U49/><E49/><V60/><F96/><W81/><G120/><T74/><D74/><U117/><E117/><V29/><F100/><W126/><G103/><T7/><D7/><U87/><E87/><V102/><F102/><W115/><G23/><T133/><D111/><U134/><E134/><V105/><F105/><W124/><G132/><T123/><D133/><RYUUKYOKU ba="0,1" sc="389,-10,130,30,215,-10,256,-10" hai1="26,31,33,45,51,52,61,66,70,97,101,107,127" owari="389,48.9,160,-34.0,205,-19.5,246,4.6" /></mjloggm>