<mjloggm ver="2.3"><GO type="225" lobby="0"/><UN n0="%E7%B4%94%E6%BD%94%E3%83%94%E3%83%A9%E3%83%8B%E3%82%A2" n1="%E7%89%B9%E6%9D%B1%E5%96%B0%E8%B5%A4%E9%80%9F" n2="%6D%75%75%73%61%6E%6D%75" n3="%E4%B8%89%E5%88%86%E5%B0%8F%E5%83%A7" dan="17,16,16,16" rate="2228.08,2041.36,2069.39,2064.77" sx="M,M,F,M"/><TAIKYOKU oya="0"/><INIT seed="0,0,0,1,1,110" ten="250,250,250,250" oya="0" hai0="43,48,39,49,125,95,131,124,37,41,69,82,133" hai1="46,94,9,28,67,35,58,76,27,118,2,87,123" hai2="25,4,65,113,84,112,74,61,24,52,109,116,14" hai3="88,91,13,120,132,40,130,122,51,97,121,90,10"/><T57/><D95/><U64/><E118/><V98/><F74/><W15/><G130/><T102/><D102/><U72/><E123/><V135/><F116/><W19/><G132/><T108/><D82/><U63/><E72/><V66/><F135/><W16/><G97/><T32/><D32/><U50/><E64/><V36/><F36/><N who="0" m="13898" /><D133/><U62/><E62/><V11/><F98/><W68/><G68/><T8/><D8/><U127/><E127/><N who="0" m="48713" /><D108/><U60/><E94/><V47/><F109/><W81/><G40/><N who="0" m="15435" /><D69/><U78/><E9/><V101/><F101/><W26/><G26/><T45/><D45/><U86/><E46/><V75/><F75/><W5/><G81/><T114/><D114/><U56/><E35/><V29/><F84/><W0/><G0/><T12/><D12/><U31/><E2/><V99/><F25/><W18/><G15/><T1/><D1/><U71/><E27/><V129/><F99/><W105/><G105/><T73/><D73/><U134/><E134/><V38/><F24/><W22/><G22/><T83/><D83/><U23/><E23/><V44/><F29/><N who="1" m="11337" /><E87/><V21/><F21/><W55/><G5/><T117/><D117/><U119/><E86/><V128/><F38/><W89/><N who="3" m="22528" /><DORA hai="70" /><W111/><G111/><T80/><D80/><U96/><E119/><V126/><F126/><W92/><G92/><T53/><D131/><N who="2" m="50250" /><F44/><AGARI ba="0,0" hai="10,13,16,18,19,44,51,55,120,121,122" m="22528" machi="44" ten="60,7700,0" yaku="13,1,54,2" doraHai="110,70" who="3" fromWho="2" sc="250,0,250,0,250,-77,250,77" /><INIT seed="1,0,0,1,3,135" ten="250,250,173,327" oya="1" hai0="63,125,132,113,65,31,14,54,91,102,122,47,131" hai1="106,56,128,77,81,86,97,111,75,121,11,72,21" hai2="13,83,44,6,71,78,26,16,82,7,119,3,68" hai3="52,5,114,101,105,39,118,90,4,85,123,28,100"/><U25/><E121/><V93/><F119/><W43/><G114/><T40/><D113/><U61/><E128/><V18/><F3/><W126/><G126/><T96/><D125/><U49/><E49/><V92/><F44/><W38/><G123/><T22/><D132/><U27/><E111/><V50/><F50/><W109/><G109/><T98/><D131/><U129/><E11/><V9/><F26/><W23/><G118/><T80/><D54/><U79/><E129/><V57/><F57/><W127/><G127/><T74/><D122/><U34/><E34/><V58/><F58/><W67/><G67/><T42/><D42/><U51/><E51/><V55/><F55/><W117/><G117/><T87/><D74/><U84/><E25/><V29/><F9/><W115/><G115/><T103/><D47/><U130/><E130/><V112/><F112/><W133/><G133/><T32/><D32/><U35/><E35/><V104/><F104/><W36/><G43/><T1/><D1/><U41/><E41/><V69/><F69/><W120/><G52/><T8/><D40/><U60/><E60/><V95/><F95/><N who="3" m="54735" /><G120/><T59/><D22/><U53/><E21/><V70/><F70/><W19/><G28/><T30/><D31/><U116/><E27/><V48/><F48/><W66/><G66/><T134/><D30/><U73/><E116/><V46/><F29/><W64/><G64/><T2/><D2/><U17/><E17/><V108/><F108/><W107/><G107/><T99/><D134/><U33/><E33/><V0/><F0/><W110/><G110/><RYUUKYOKU ba="0,0" sc="250,30,250,-10,173,-10,327,-10" hai0="8,14,59,63,65,80,87,91,96,98,99,102,103" /><INIT seed="2,1,0,5,0,88" ten="280,240,163,317" oya="2" hai0="74,18,3,0,114,119,87,99,126,47,8,97,82" hai1="11,16,96,112,81,128,5,101,19,92,39,111,108" hai2="26,90,127,31,70,51,6,80,23,9,57,134,86" hai3="78,73,66,13,77,50,61,60,123,94,113,106,91"/><V22/><F70/><W62/><G106/><T67/><D74/><U24/><E112/><V25/><F134/><W72/><G123/><T135/><D114/><U71/><E71/><V14/><F127/><W17/><G113/><T133/><D67/><U48/><E39/><V121/><F121/><W21/><G66/><T53/><D119/><U85/><E128/><V68/><F68/><W35/><G35/><T52/><D18/><U30/><E48/><V75/><F75/><W42/><G73/><T37/><D37/><U93/><E30/><V15/><F51/><W89/><G72/><T38/><D38/><U132/><E24/><V28/><REACH who="2" step="1"/><F57/><REACH who="2" ten="280,240,153,317" step="2"/><W79/><G94/><T40/><D133/><U12/><E92/><V83/><F83/><W84/><G50/><T131/><D82/><U36/><E132/><V120/><F120/><W125/><G125/><T95/><D95/><U7/><E36/><V118/><F118/><W98/><G61/><T103/><D135/><U54/><E81/><V4/><F4/><W41/><G62/><T10/><D126/><U63/><E5/><V76/><F76/><W20/><G60/><T29/><D97/><U59/><E85/><V27/><F27/><W110/><G78/><T107/><D87/><U44/><E44/><V122/><F122/><W46/><G79/><T56/><D56/><U43/><E7/><V58/><F58/><W102/><G77/><T100/><D47/><U129/><E63/><V65/><F65/><W130/><G46/><T124/><D124/><U105/><E59/><V115/><F115/><W117/><G117/><RYUUKYOKU ba="1,1" sc="280,-10,240,-10,153,30,317,-10" hai2="6,9,14,15,22,23,25,26,28,31,80,86,90" /><INIT seed="2,2,1,3,0,53" ten="270,230,183,307" oya="2" hai0="28,16,74,125,10,38,94,24,63,84,9,75,121" hai1="92,27,36,43,69,127,96,45,117,122,54,116,6" hai2="33,103,120,83,40,85,1,123,26,20,3,97,72" hai3="62,71,8,76,124,108,115,25,133,32,56,61,109"/><V30/><F72/><W41/><G124/><T49/><D38/><U134/><E69/><V48/><F40/><W86/><G133/><T42/><D121/><U111/><E111/><N who="3" m="42570" /><G41/><T81/><D125/><U22/><E127/><V89/><F48/><W107/><G107/><T105/><D105/><U90/><E134/><V128/><F128/><W55/><G8/><T100/><D63/><U13/><E122/><V102/><F120/><W15/><G15/><T93/><D74/><U17/><E54/><V130/><F123/><W64/><G115/><T82/><D82/><U51/><E36/><V113/><F130/><W78/><G86/><T46/><D75/><U68/><E68/><V52/><F113/><W31/><AGARI ba="2,1" hai="25,31,32,55,56,61,62,64,71,76,78" m="42570" machi="31" ten="30,2000,0" yaku="14,1,52,1" doraHai="53" who="3" fromWho="3" sc="270,-7,230,-7,183,-12,307,36" /><INIT seed="3,0,0,3,2,25" ten="263,223,171,343" oya="3" hai0="124,18,28,123,78,85,86,33,73,92,21,102,134" hai1="50,121,17,96,12,74,42,88,24,11,23,109,4" hai2="32,3,120,58,52,64,43,94,26,22,47,60,40" hai3="99,68,126,117,53,75,19,104,56,82,132,98,0"/><W72/><G68/><T41/><D41/><U110/><E74/><V48/><F3/><W16/><G0/><T38/><D102/><U1/><E121/><V83/><F120/><W101/><G126/><T128/><D78/><U81/><E1/><V91/><F32/><W10/><G132/><T36/><D86/><U80/><E109/><V30/><F83/><W55/><G10/><T112/><D85/><AGARI ba="0,0" hai="22,26,30,40,43,47,48,52,58,60,64,85,91,94" machi="85" ten="30,7700,0" yaku="7,1,8,1,52,1,54,1" doraHai="25" who="2" fromWho="0" sc="263,-77,223,0,171,77,343,0" owari="186,-31.4,223,-17.7,248,4.8,343,44.3" /></mjloggm>