<mjloggm ver="2.3"><GO type="225" lobby="0"/><UN n0="%E5%AD%90%E4%BE%9B%E4%BC%9A%E5%93%A1" n1="%4D%6F%6E%61%6E%61" n2="%E3%81%9F%E3%81%8B%E3%80%82" n3="%E3%81%A4%E3%81%A3%E3%81%B1%E3%82%8A%E3%83%9D%E3%83%BC%E3%83%AB" dan="17,16,16,17" rate="2122.75,2132.17,2110.25,2199.11" sx="M,F,M,M"/><TAIKYOKU oya="0"/><INIT seed="0,0,0,4,2,115" ten="250,250,250,250" oya="0" hai0="85,14,77,108,76,57,33,91,51,11,29,120,118" hai1="129,61,110,122,106,5,109,130,86,134,89,42,81" hai2="69,100,107,117,102,60,49,113,3,80,40,38,124" hai3="111,22,75,28,41,92,82,96,114,132,30,135,121"/><T83/><D120/><U18/><E122/><V23/><F49/><W125/><G121/><T65/><D108/><N who="1" m="41579" /><E5/><V8/><F23/><W7/><G111/><T93/><D118/><U78/><E42/><V4/><F113/><W59/><G114/><T53/><D33/><U46/><E46/><N who="2" m="23831" /><F124/><W71/><G7/><T37/><D29/><U112/><E112/><V127/><F127/><W128/><G71/><T87/><D37/><U55/><E18/><V79/><F102/><W26/><G41/><T95/><D65/><U68/><E68/><V63/><F69/><W25/><G128/><N who="1" m="49258" /><E55/><V44/><F44/><W105/><G125/><T101/><D101/><U19/><E19/><V72/><F117/><W104/><G59/><T10/><D10/><U84/><E61/><V62/><F63/><W103/><G132/><T97/><D53/><U20/><E20/><V12/><F12/><W99/><G135/><T126/><D14/><U50/><E50/><V116/><F116/><W16/><G104/><T48/><D51/><U27/><E27/><V45/><F45/><W90/><G26/><T58/><D48/><U64/><E64/><V54/><F54/><W67/><G67/><T88/><D126/><U47/><E47/><V74/><F74/><W52/><G52/><T131/><D131/><U123/><E134/><V36/><F36/><W13/><G25/><T39/><D39/><U0/><E0/><V133/><F133/><W119/><G30/><T9/><D58/><U66/><E66/><V17/><F17/><W98/><G28/><T35/><D57/><U43/><E123/><RYUUKYOKU ba="0,0" sc="250,-10,250,-10,250,30,250,-10" hai2="3,4,8,60,62,72,79,80,100,107" /><INIT seed="1,1,0,1,3,28" ten="240,240,280,240" oya="1" hai0="85,25,108,97,57,126,135,128,60,0,20,79,47" hai1="15,114,89,21,73,90,48,80,4,111,24,16,115" hai2="71,116,117,107,105,112,118,64,62,52,99,94,32" hai3="31,43,125,88,127,109,9,2,23,27,65,61,86"/><U92/><E111/><V122/><F122/><W44/><G109/><T38/><D108/><U39/><E39/><V35/><F112/><W67/><G2/><T120/><D0/><U34/><E90/><V134/><F52/><W78/><G78/><T45/><D38/><U53/><E80/><V19/><F19/><W11/><G11/><T49/><D128/><U124/><E73/><V5/><F5/><W75/><G75/><T68/><D68/><U81/><E81/><V54/><F54/><W3/><G3/><T14/><D135/><U1/><E1/><V131/><F131/><W76/><G76/><T22/><D126/><N who="3" m="48137" /><G9/><T59/><D120/><U41/><E41/><V70/><F70/><W18/><G18/><N who="0" m="10327" /><D97/><U29/><E4/><V55/><F55/><W83/><G61/><T30/><D49/><AGARI ba="1,0" hai="23,27,31,43,44,49,65,67,83,86,88" m="48137" machi="49" ten="30,2000,0" yaku="18,1,54,1" doraHai="28" who="3" fromWho="0" sc="240,-23,240,0,280,0,240,23" /><INIT seed="2,0,0,5,2,13" ten="217,240,280,263" oya="2" hai0="77,117,85,7,50,60,5,44,26,115,109,133,67" hai1="14,8,15,48,21,80,124,71,59,122,56,11,3" hai2="37,9,41,25,58,82,29,101,34,69,78,95,81" hai3="79,134,86,43,73,30,100,12,55,83,61,107,127"/><V129/><F69/><W46/><G134/><T106/><D106/><U40/><E71/><V19/><F129/><W16/><G127/><T45/><D115/><U112/><E112/><V93/><F58/><W94/><G107/><T87/><D133/><U68/><E68/><V84/><F82/><W111/><G111/><T39/><D109/><U114/><E114/><V89/><F101/><W6/><G30/><T102/><D117/><U88/><E3/><V42/><F37/><W49/><G6/><N who="0" m="2059" /><D39/><U31/><E124/><V123/><F123/><W130/><G130/><T118/><D118/><U63/><E122/><V0/><F95/><W74/><G61/><T104/><D104/><U18/><E31/><V92/><F93/><W99/><REACH who="3" step="1"/><G43/><REACH who="3" ten="217,240,280,253" step="2"/><T28/><D60/><U96/><E63/><V54/><F0/><W66/><G66/><T24/><D67/><U119/><E119/><V35/><F54/><W20/><AGARI ba="0,1" hai="12,16,20,46,49,55,73,74,79,83,86,94,99,100" machi="20" ten="20,12000,2" yaku="1,1,0,1,7,1,52,1,54,1,53,1" doraHai="13" doraHaiUra="97" who="3" fromWho="3" sc="217,-30,240,-30,280,-60,253,130" /><INIT seed="3,0,0,5,1,95" ten="187,210,220,383" oya="3" hai0="72,92,6,45,134,78,65,41,32,121,128,88,127" hai1="71,96,58,59,109,43,123,91,80,70,73,33,39" hai2="16,105,28,60,13,12,50,36,9,2,114,131,54" hai3="93,56,118,25,116,77,8,67,63,48,107,100,53"/><W103/><G107/><T4/><D121/><U83/><E33/><V130/><F105/><W124/><G124/><T125/><D32/><U40/><E123/><V111/><F36/><W117/><G77/><T5/><D65/><U10/><E10/><N who="2" m="6167" /><F2/><W34/><G8/><T104/><D104/><U46/><E109/><V27/><F111/><W113/><G113/><T11/><D128/><N who="2" m="49194" /><F60/><W120/><G120/><T14/><D134/><U23/><E23/><N who="2" m="15487" /><F114/><W62/><G93/><T119/><D119/><U52/><E39/><V15/><F9/><W21/><G34/><T69/><D69/><U106/><E70/><V26/><F26/><W66/><G63/><T97/><D78/><U29/><E71/><V64/><F64/><W102/><G62/><T86/><D72/><U51/><E73/><V85/><F85/><W47/><G47/><AGARI ba="0,0" hai="13,15,47,50,54" m="15487,49194,6167" machi="47" ten="30,2000,0" yaku="19,1,54,1" doraHai="95" who="2" fromWho="3" sc="187,0,210,0,220,20,383,-20" owari="187,-31.3,210,-19.0,240,4.0,363,46.3" /></mjloggm>