<mjloggm ver="2.3"><GO type="225" lobby="0"/><UN n0="%E5%BA%97%E9%95%B7%4D" n1="%E5%8D%A0%E3%81%84%E5%B8%AB%E8%A3%8F%E3%81%AA%E3%81%84%E3%81%97" n2="%E5%A4%9C%E5%85%89%E5%A4%A9%E6%A5%BC" n3="%73%75%7A%75%6D%65%33" dan="16,17,17,17" rate="2087.93,2190.61,2133.95,2238.29" sx="M,M,M,M"/><TAIKYOKU oya="0"/><INIT seed="0,0,0,4,3,101" ten="250,250,250,250" oya="0" hai0="116,22,74,37,24,94,41,3,134,69,133,96,106" hai1="59,103,113,23,65,19,80,27,71,45,51,88,125" hai2="38,4,28,40,33,62,26,64,110,67,48,91,119" hai3="126,15,7,0,108,49,121,123,11,95,29,82,30"/><T124/><D69/><U102/><E71/><V115/><F115/><W32/><G82/><T83/><D3/><U31/><E125/><V130/><F38/><W75/><G75/><T92/><D116/><U111/><E111/><V34/><F110/><W129/><G108/><T87/><D74/><U57/><E113/><V39/><F39/><W99/><G126/><T25/><D124/><U70/><E70/><V47/><F119/><W104/><G129/><T128/><D128/><U50/><E50/><V77/><F77/><W79/><G79/><T98/><D41/><U81/><E81/><V18/><F34/><W100/><G49/><T8/><D8/><U122/><E122/><N who="3" m="46602" /><G32/><T72/><D37/><U20/><E65/><V109/><F62/><W105/><G0/><T6/><D6/><U131/><E103/><V68/><F68/><W16/><G7/><T54/><D54/><U9/><E9/><V117/><F117/><W90/><G100/><N who="0" m="62727" /><D72/><U89/><E102/><V35/><F4/><W13/><G13/><T120/><D120/><U56/><E80/><V112/><F35/><W55/><G55/><T52/><D52/><N who="1" m="29807" /><E131/><V10/><F130/><W43/><G43/><T135/><D98/><U61/><E61/><V17/><F112/><W78/><G78/><N who="0" m="46583" /><D25/><AGARI ba="0,0" hai="19,20,23,25,27,31,56,57,59,88,89" m="29807" machi="25" ten="30,3900,0" yaku="8,1,54,2" doraHai="101" who="1" fromWho="0" sc="250,-39,250,39,250,0,250,0" /><INIT seed="1,0,0,5,1,112" ten="211,289,250,250" oya="1" hai0="41,53,54,94,104,35,44,64,90,5,57,110,81" hai1="120,87,36,56,1,101,40,68,111,128,3,23,33" hai2="50,71,102,59,99,16,63,22,103,38,76,46,9" hai3="0,114,113,34,17,100,124,93,39,130,92,121,135"/><U69/><E120/><V66/><F76/><W116/><RYUUKYOKU type="yao9" ba="0,0" sc="211,0,289,0,250,0,250,0" hai3="0,17,34,39,92,93,100,113,114,116,121,124,130,135" /><INIT seed="1,1,0,2,3,120" ten="211,289,250,250" oya="1" hai0="98,128,86,55,133,102,75,19,88,132,116,35,81" hai1="135,5,65,119,7,2,110,21,9,78,105,130,49" hai2="54,115,1,64,8,112,41,28,101,46,52,48,70" hai3="100,6,99,11,20,22,62,23,134,117,61,53,123"/><U90/><E119/><V18/><F101/><W3/><G117/><T113/><D35/><U34/><E34/><V111/><F28/><W80/><G123/><T107/><D116/><U118/><E118/><V79/><F79/><W121/><G121/><T76/><D19/><U103/><E130/><V60/><F18/><W97/><G134/><N who="0" m="51819" /><D55/><N who="2" m="21034" /><F8/><W82/><G97/><T77/><D113/><N who="2" m="43594" /><F1/><W16/><G16/><T126/><D126/><U87/><E7/><V40/><F40/><W33/><G33/><T47/><D47/><U44/><E135/><V104/><F104/><W106/><REACH who="3" step="1"/><G53/><REACH who="3" ten="211,289,250,240" step="2"/><T71/><D128/><U129/><E129/><V36/><F111/><W85/><G85/><T30/><D30/><U89/><E87/><V124/><F124/><W92/><G92/><N who="0" m="54295" /><D77/><U109/><E78/><V56/><F70/><AGARI ba="1,1" hai="70,71,75,76,81,98,102,107" m="54295,51819" machi="70" ten="30,3900,0" yaku="24,1,20,1,54,1" doraHai="120" who="0" fromWho="2" sc="211,52,289,0,250,-42,240,0" /><INIT seed="2,0,0,4,5,113" ten="263,289,208,240" oya="2" hai0="129,57,119,54,118,91,15,11,75,128,26,97,70" hai1="52,49,29,131,59,99,71,46,102,100,45,66,117" hai2="30,17,132,115,74,34,120,22,47,2,84,110,41" hai3="50,10,27,5,135,103,16,78,13,36,73,18,86"/><V55/><F115/><W25/><G36/><T124/><D70/><U31/><E71/><V12/><F120/><W69/><G69/><T8/><D75/><U7/><E117/><N who="0" m="44553" /><D26/><N who="3" m="9737" /><G73/><T58/><D124/><U38/><E131/><N who="0" m="50249" /><D11/><U92/><E7/><V51/><F74/><W39/><G39/><T9/><D9/><U23/><E38/><V107/><F2/><W24/><G135/><T6/><D54/><U127/><E127/><V101/><F132/><W35/><G35/><T104/><D91/><U40/><E29/><V98/><F110/><W125/><G125/><T48/><D48/><U72/><E72/><V44/><F34/><W68/><G68/><T109/><D109/><U65/><E31/><V3/><F3/><W63/><G50/><T19/><D6/><U88/><E23/><V108/><F108/><W33/><G33/><T32/><D32/><U62/><E45/><V111/><F111/><W126/><G126/><T114/><D114/><U96/><E88/><V89/><F30/><W105/><G24/><T20/><D20/><U67/><E52/><V83/><F41/><W0/><G0/><T1/><D1/><U95/><AGARI ba="0,0" hai="40,46,49,59,62,65,66,67,92,95,96,99,100,102" machi="95" ten="20,5200,0" yaku="0,1,7,1,9,1,8,1" doraHai="113" who="1" fromWho="1" sc="263,-13,289,52,208,-26,240,-13" /><INIT seed="3,0,0,4,1,4" ten="250,341,182,227" oya="3" hai0="62,67,43,26,31,103,86,28,7,23,64,94,93" hai1="48,45,30,87,76,37,95,104,34,10,122,108,79" hai2="120,2,102,84,25,24,91,131,57,3,135,69,89" hai3="32,123,60,55,111,42,51,116,71,92,129,27,73"/><W118/><G123/><T36/><D36/><U29/><E104/><V97/><F69/><W107/><G73/><T114/><D114/><U83/><BYE who="0" /><E108/><UN n0="%E5%BA%97%E9%95%B7%4D" /><V14/><F120/><W47/><G107/><T106/><D43/><U39/><E122/><V21/><F3/><W33/><G111/><T6/><D31/><U113/><E113/><V61/><F2/><W16/><G129/><T119/><D67/><U1/><E76/><V88/><F131/><W12/><G92/><T124/><D119/><U121/><E121/><V40/><F40/><W105/><G105/><T96/><D124/><U54/><E30/><V56/><F84/><W18/><G27/><T20/><D20/><U35/><E35/><V112/><F112/><W78/><G78/><T52/><D52/><U65/><E65/><V100/><F135/><W59/><G71/><T127/><D127/><U101/><E29/><V74/><F74/><W13/><G116/><T72/><D72/><U58/><E34/><V44/><F44/><W63/><G118/><T110/><D110/><U22/><E45/><V53/><F57/><W134/><G134/><T90/><REACH who="0" step="1"/><D106/><REACH who="0" ten="240,341,182,227" step="2"/><U85/><E22/><V50/><F50/><N who="3" m="26999" /><G33/><T75/><D75/><N who="1" m="43519" /><E37/><V49/><F49/><W68/><G32/><T41/><D41/><U98/><E39/><V99/><F99/><W19/><G68/><AGARI ba="0,1" hai="6,7,23,26,28,62,64,68,86,90,93,94,96,103" machi="68" ten="30,2000,0" yaku="1,1,7,1,53,0" doraHai="4" doraHaiUra="132" who="0" fromWho="3" sc="240,30,341,0,182,0,227,-20" owari="270,7.0,341,44.1,182,-31.8,207,-19.3" /></mjloggm>