<mjloggm ver="2.3"><GO type="225" lobby="0"/><UN n0="%E3%81%B7%E3%82%8A%E3%82%93%E8%81%96%E4%BA%BA" n1="%E6%A1%9C%E8%8A%B1%E9%96%83%E3%80%85" n2="%E3%81%A9%E3%82%8F%E3%82%93%E3%81%94" n3="%72%69%6F%75%63%68%61%6E" dan="16,18,16,17" rate="2159.76,2196.01,2193.59,2250.38" sx="M,M,M,M"/><TAIKYOKU oya="0"/><INIT seed="0,0,0,1,2,61" ten="250,250,250,250" oya="0" hai0="55,66,94,80,112,101,124,127,70,104,37,54,130" hai1="85,88,32,60,30,68,17,25,5,75,51,57,48" hai2="65,27,38,34,90,64,86,11,3,31,113,2,26" hai3="123,39,77,78,132,106,99,62,105,72,43,4,96"/><T42/><D104/><U91/><E75/><V76/><F113/><W44/><G132/><T81/><D112/><U118/><E118/><V108/><F38/><W6/><G123/><T50/><D101/><U21/><E68/><V97/><F76/><W128/><G128/><T36/><D94/><U121/><E5/><V129/><F97/><W1/><G62/><N who="0" m="40279" /><D80/><U74/><E74/><V117/><F129/><W41/><G1/><T52/><D81/><U9/><E121/><V63/><F117/><W100/><G72/><T133/><D133/><U59/><E59/><V14/><F27/><W46/><REACH who="3" step="1"/><G39/><REACH who="3" ten="250,250,250,240" step="2"/><N who="0" m="14923" /><D130/><U122/><E122/><V53/><F2/><W111/><G111/><T35/><D35/><U16/><E32/><V120/><F108/><W73/><G73/><T89/><D89/><U0/><E91/><V10/><F3/><W47/><G47/><AGARI ba="0,1" hai="42,47,50,52,54,55,124,127" m="14923,40279" machi="47" ten="40,12000,1" yaku="34,2,52,1,54,1" doraHai="61" who="0" fromWho="3" sc="250,130,250,0,250,0,240,-120" /><INIT seed="0,1,0,3,4,45" ten="380,250,250,120" oya="0" hai0="60,125,22,131,63,80,77,78,30,73,38,64,100" hai1="113,28,110,12,91,26,50,109,87,16,135,4,71" hai2="46,72,74,92,44,89,14,84,94,130,35,111,76" hai3="48,127,43,116,133,124,13,114,105,79,70,33,1"/><T52/><D38/><U90/><E71/><V53/><F35/><W107/><G114/><T102/><D77/><U96/><E4/><V104/><F104/><W122/><G116/><T69/><D125/><N who="3" m="48201" /><G1/><T93/><D131/><U132/><E96/><V17/><F130/><W58/><G33/><T47/><D93/><U41/><E113/><V23/><F111/><N who="1" m="42505" /><E26/><V19/><F76/><W2/><G2/><T51/><D63/><U59/><E28/><V75/><F94/><W15/><G70/><T25/><AGARI ba="1,0" hai="22,25,30,47,51,52,60,64,69,73,78,80,100,102" machi="25" ten="30,6000,0" yaku="0,1,52,1,54,1" doraHai="45" who="0" fromWho="0" sc="380,63,250,-21,250,-21,120,-21" /><INIT seed="0,2,0,5,3,72" ten="443,229,229,99" oya="0" hai0="37,59,108,14,29,1,87,35,89,81,129,83,107" hai1="44,117,80,60,78,99,34,17,135,115,105,7,73" hai2="79,126,64,22,28,124,74,91,119,123,25,112,38" hai3="16,68,120,2,132,41,127,77,111,21,114,50,49"/><T122/><D107/><U96/><E117/><V70/><F123/><W90/><G114/><T71/><D71/><U3/><E115/><V121/><F112/><W27/><G2/><T32/><D1/><U23/><E34/><V8/><F121/><W58/><G120/><T130/><D37/><U40/><E135/><V13/><F38/><W10/><G68/><T67/><D122/><U9/><E60/><V51/><F119/><W33/><G132/><T98/><D98/><U103/><E96/><V102/><F102/><W116/><G116/><T97/><D97/><U19/><REACH who="1" step="1"/><E23/><REACH who="1" ten="443,219,229,99" step="2"/><V76/><F126/><W134/><G33/><T128/><D35/><U26/><E26/><V62/><F124/><W30/><G127/><T93/><D32/><U65/><E65/><V57/><F70/><W48/><G134/><T66/><D67/><U15/><E15/><V109/><F62/><W75/><G111/><T106/><D14/><U4/><E4/><V20/><F64/><W11/><G30/><T31/><D31/><U101/><E101/><V133/><F109/><W131/><G131/><T61/><D29/><U69/><E69/><V5/><F22/><W18/><G18/><T84/><D108/><U53/><E53/><N who="2" m="31935" /><F133/><W95/><G58/><T113/><D113/><U0/><E0/><V82/><F74/><W47/><G47/><T52/><D66/><U100/><E100/><V118/><F118/><W85/><REACH who="3" step="1"/><G41/><REACH who="3" ten="443,219,229,89" step="2"/><T43/><D43/><U45/><E45/><V56/><F56/><W86/><G86/><AGARI ba="2,2" hai="5,8,13,20,25,28,76,79,82,86,91" m="31935" machi="86" ten="30,3900,0" yaku="8,1,52,2" doraHai="72" who="2" fromWho="3" sc="443,0,219,0,229,65,89,-45" /><INIT seed="1,0,0,3,2,72" ten="443,219,294,44" oya="1" hai0="127,13,121,89,39,44,104,31,3,22,81,59,66" hai1="34,15,6,9,64,130,115,118,103,96,98,26,134" hai2="14,110,70,105,125,7,88,1,73,37,122,21,18" hai3="33,55,58,99,49,87,53,4,52,57,0,83,51"/><U133/><E115/><V90/><F122/><W24/><G55/><T60/><D104/><U93/><E118/><V109/><F70/><W47/><G99/><T74/><D3/><U19/><E130/><V12/><F105/><W68/><G68/><T29/><D127/><U69/><E98/><V80/><F37/><W16/><G0/><T27/><D31/><U23/><REACH who="1" step="1"/><E34/><REACH who="1" ten="443,209,294,44" step="2"/><V25/><F125/><W40/><G33/><T46/><D121/><U36/><E36/><V11/><F110/><W20/><G4/><T129/><D39/><U114/><E114/><V63/><F109/><W120/><G120/><T38/><D38/><U50/><E50/><V75/><F63/><AGARI ba="0,1" hai="6,9,15,19,23,26,63,64,69,93,96,103,133,134" machi="63" ten="40,2000,0" yaku="1,1,53,0" doraHai="72" doraHaiUra="108" who="1" fromWho="2" sc="443,0,209,30,294,-20,44,0" /><INIT seed="1,1,0,3,4,78" ten="443,239,274,44" oya="1" hai0="63,38,132,52,33,45,41,91,127,133,89,10,42" hai1="29,23,87,56,117,9,131,8,1,5,58,17,99" hai2="66,118,59,98,40,64,67,112,123,77,7,116,111" hai3="26,54,20,83,115,53,93,62,114,3,49,47,75"/><U36/><E117/><V97/><F123/><W65/><G3/><T14/><D33/><U102/><E36/><V74/><F7/><W100/><G54/><T81/><D42/><U101/><E131/><V22/><F40/><W30/><G75/><T2/><D2/><U92/><E101/><V57/><F111/><W106/><G106/><T128/><D128/><U80/><E9/><V18/><F112/><W32/><G32/><T103/><D103/><U86/><E29/><V129/><F129/><W130/><G130/><T12/><D12/><U126/><E126/><V135/><F135/><N who="0" m="51786" /><D81/><U35/><E87/><V122/><F122/><W82/><G115/><T107/><D107/><U71/><E71/><V19/><F67/><W120/><G120/><T15/><D15/><U124/><E35/><V113/><F113/><W72/><G114/><T104/><D104/><U16/><E124/><V90/><F74/><W50/><G72/><T11/><D11/><U68/><E68/><V25/><F77/><W96/><REACH who="3" step="1"/><G49/><REACH who="3" ten="443,239,274,34" step="2"/><T79/><D127/><U6/><E6/><V70/><F118/><W69/><AGARI ba="1,1" hai="20,26,30,47,50,53,62,65,69,82,83,93,96,100" machi="69" ten="20,12000,2" yaku="1,1,2,1,0,1,7,1,52,2,53,1" doraHai="78" doraHaiUra="51" who="3" fromWho="3" sc="443,-31,239,-61,274,-31,34,133" /><INIT seed="2,0,0,3,4,79" ten="412,178,243,167" oya="2" hai0="77,117,7,32,28,111,110,72,54,38,71,119,2" hai1="130,120,87,95,63,106,116,44,92,9,46,108,15" hai2="58,65,51,25,14,127,39,59,102,26,1,31,73" hai3="129,91,30,64,35,42,29,19,109,68,22,23,96"/><V17/><F39/><W56/><G109/><N who="0" m="41483" /><D54/><U12/><E108/><V90/><F1/><W33/><G129/><T13/><D71/><U66/><E116/><V8/><F73/><W100/><G68/><T80/><D13/><U34/><E106/><V122/><F127/><W6/><G6/><T133/><D38/><U99/><E34/><V69/><F102/><W94/><G42/><T50/><D50/><U60/><E120/><V118/><F118/><W93/><G33/><T112/><D112/><U10/><E87/><V86/><F122/><W11/><G11/><N who="0" m="2551" /><D133/><U21/><E21/><V128/><F128/><W70/><G70/><T45/><D45/><U16/><E130/><V55/><F31/><W101/><G35/><T114/><D114/><U74/><E66/><V135/><F69/><W131/><G131/><T75/><D72/><U113/><E74/><V121/><F135/><W98/><G22/><T40/><D40/><U83/><E113/><V49/><F121/><W126/><G126/><T48/><D48/><U61/><E46/><V84/><F51/><W81/><G64/><T24/><AGARI ba="0,0" hai="24,28,32,75,77,80,117,119" m="2551,41483" machi="24" ten="30,4000,0" yaku="14,1,23,1,52,1" doraHai="79" who="0" fromWho="0" sc="412,40,178,-10,243,-20,167,-10" /><INIT seed="3,0,0,3,4,63" ten="452,168,223,157" oya="3" hai0="115,74,16,51,100,1,0,98,112,21,110,87,13" hai1="80,20,45,117,5,46,9,68,22,3,8,70,12" hai2="77,32,61,33,35,79,130,113,2,42,128,48,24" hai3="40,106,47,49,65,99,114,108,59,73,103,58,27"/><W4/><G114/><N who="0" m="43563" /><D74/><U30/><E117/><V105/><F113/><W57/><G108/><T92/><D110/><U123/><E123/><V83/><F2/><N who="0" m="1130" /><D51/><U14/><E3/><V28/><F105/><W125/><G125/><T93/><D87/><U7/><E80/><V62/><F42/><W124/><G124/><T95/><AGARI ba="0,0" hai="13,16,21,92,93,95,98,100" m="1130,43563" machi="95" ten="40,2700,0" yaku="11,1,54,1" doraHai="63" who="0" fromWho="0" sc="452,27,168,-7,223,-7,157,-13" owari="479,57.9,161,-23.9,216,1.6,144,-35.6" /></mjloggm>