<mjloggm ver="2.3"><GO type="225" lobby="0"/><UN n0="%E3%81%8B%E3%82%8F%E3%81%A1%E3%82%83%E3%82%93%35%38" n1="%72%65%6E%6B%75%6E" n2="%E5%B0%8F%E6%B1%A0%E7%BE%8E%E6%B3%A2%E2%8A%BF" n3="%E3%81%BF%E3%81%BF%E3%81%9A" dan="16,17,17,16" rate="2180.11,2218.82,2185.59,2217.93" sx="M,M,M,M"/><TAIKYOKU oya="0"/><INIT seed="0,0,0,5,1,63" ten="250,250,250,250" oya="0" hai0="34,40,131,13,66,73,104,124,52,107,119,89,4" hai1="68,99,112,35,31,24,78,33,114,47,92,57,50" hai2="28,25,62,71,39,130,127,20,44,41,38,90,118" hai3="0,1,69,72,58,85,45,48,93,128,21,94,96"/><T43/><D119/><U30/><E68/><V106/><F130/><W54/><G69/><T37/><D73/><U70/><E70/><V55/><F127/><W36/><G72/><T133/><D34/><N who="1" m="20807" /><E78/><V113/><F113/><N who="1" m="43625" /><E57/><V102/><F118/><W98/><G128/><T23/><D37/><U100/><E31/><V115/><F115/><W123/><G123/><T11/><D131/><U126/><E126/><V6/><F6/><W51/><G36/><T116/><D116/><U97/><E99/><V84/><F39/><W129/><G129/><T83/><D124/><U32/><E35/><V76/><F76/><W16/><G0/><T86/><D133/><U60/><E60/><V14/><F71/><W42/><G1/><T110/><D110/><U117/><E117/><V7/><F62/><W121/><G121/><T53/><D23/><U105/><E105/><V3/><F106/><W132/><G132/><T15/><D107/><U5/><E5/><V108/><F7/><W82/><G96/><T135/><D104/><U61/><E61/><V27/><F28/><W8/><G98/><T111/><D111/><U12/><E12/><V67/><F14/><N who="3" m="7239" /><G21/><T22/><D135/><U19/><E19/><V10/><F20/><W9/><G9/><T81/><D15/><U26/><E26/><V95/><F10/><W18/><G18/><T122/><D22/><U134/><E134/><V46/><F3/><W91/><AGARI ba="0,0" hai="42,45,48,51,54,58,82,85,91,93,94" m="7239" machi="91" ten="30,2000,0" yaku="8,1,54,1" doraHai="63" who="3" fromWho="3" sc="250,-10,250,-5,250,-5,250,20" /><INIT seed="1,0,0,4,0,73" ten="240,245,245,270" oya="1" hai0="89,84,91,17,94,50,2,1,129,15,135,0,10" hai1="77,60,58,37,29,122,64,90,40,125,88,110,25" hai2="54,105,16,97,22,66,9,130,5,57,92,59,45" hai3="86,61,111,134,76,99,32,20,81,107,39,98,71"/><U123/><E125/><V74/><F105/><W34/><G39/><T128/><D135/><U115/><E115/><V93/><F74/><W47/><G111/><T69/><D69/><U106/><E106/><V42/><F130/><W46/><G134/><T26/><D26/><U96/><E110/><V82/><F66/><W131/><G131/><T7/><D50/><U95/><E90/><V133/><F133/><W27/><G32/><T52/><D7/><U53/><E77/><V85/><F42/><W126/><G126/><T100/><D100/><U109/><E109/><V78/><F45/><W114/><G114/><T127/><D127/><U75/><E75/><V36/><F36/><W101/><G99/><T120/><D120/><U33/><REACH who="1" step="1"/><E64/><REACH who="1" ten="240,235,245,270" step="2"/><V87/><F87/><W49/><G86/><T14/><D129/><U80/><E80/><V31/><F93/><W24/><G81/><T3/><D128/><U132/><E132/><V108/><F108/><W12/><G76/><T104/><D104/><U70/><E70/><V68/><F68/><W23/><G71/><T102/><D102/><U38/><E38/><V11/><F92/><W48/><G107/><T67/><D67/><U6/><E6/><V112/><F112/><W72/><G101/><T55/><N who="0" m="0" /><DORA hai="30" /><T18/><REACH who="0" step="1"/><D91/><REACH who="0" ten="230,235,245,270" step="2"/><U21/><E21/><AGARI ba="0,2" hai="10,14,15,17,18,21,52,55,84,89,94" m="0" machi="21" ten="70,8000,1" yaku="1,1,2,1,54,1,53,0" doraHai="73,30" doraHaiUra="116,65" who="0" fromWho="1" sc="230,100,235,-80,245,0,270,0" /><INIT seed="2,0,0,4,5,72" ten="330,155,245,270" oya="2" hai0="0,99,106,83,80,69,68,77,13,63,127,5,24" hai1="82,33,79,26,124,42,11,22,87,128,116,103,44" hai2="61,105,39,125,107,2,135,115,35,21,16,109,64" hai3="17,32,12,81,71,108,20,59,102,9,48,126,133"/><V98/><F115/><W122/><G71/><T43/><D13/><U7/><E124/><V4/><F35/><W8/><G32/><T117/><D83/><U73/><E128/><V86/><F39/><W94/><G122/><T38/><D63/><U41/><E33/><V58/><F125/><W45/><G126/><T3/><D24/><U84/><E116/><V111/><F135/><W36/><G36/><T114/><D114/><U30/><E103/><V46/><F98/><N who="3" m="59735" /><G108/><N who="2" m="41545" /><F46/><W132/><G81/><T29/><D29/><U119/><E119/><V27/><F86/><W97/><G59/><T52/><D52/><U49/><REACH who="1" step="1"/><E42/><REACH who="1" ten="330,145,245,270" step="2"/><V130/><F130/><W96/><G132/><T101/><D127/><U55/><E55/><V51/><F51/><W47/><G133/><T129/><D129/><U31/><E31/><V104/><F104/><W74/><G48/><T100/><D100/><U92/><E92/><V34/><F34/><W14/><G45/><N who="0" m="23799" /><D117/><U56/><E56/><V89/><F89/><W40/><G47/><T112/><D112/><U62/><E62/><V37/><F37/><W120/><G40/><T1/><D5/><U23/><E23/><V50/><F50/><W110/><G110/><T91/><D91/><U88/><E88/><V121/><F121/><W95/><G120/><T93/><D93/><U19/><E19/><V85/><F107/><W60/><G60/><T66/><D66/><U90/><E90/><V65/><F105/><W78/><G95/><T28/><D28/><U118/><E118/><V67/><F4/><N who="3" m="3079" /><G20/><T18/><D18/><U113/><E113/><RYUUKYOKU ba="0,1" sc="330,10,145,10,245,-30,270,10" hai0="0,1,3,68,69,77,80,99,101,106" hai1="7,11,22,26,30,41,44,49,73,79,82,84,87" hai3="9,14,17,74,78,96,97" /><INIT seed="3,1,1,4,5,56" ten="340,155,215,280" oya="3" hai0="55,0,66,58,37,51,131,77,18,132,16,21,135" hai1="8,20,31,86,62,23,123,9,88,7,34,29,67" hai2="126,82,36,48,104,47,46,13,106,83,94,115,59" hai3="15,117,129,65,119,19,39,63,98,111,120,54,60"/><W33/><G120/><T90/><D131/><U79/><E79/><V109/><F115/><W30/><G39/><T121/><D121/><U68/><E123/><V11/><F109/><W71/><G129/><T73/><D0/><U1/><E8/><V69/><F69/><W102/><G111/><T76/><D37/><U49/><E49/><V122/><F122/><W74/><G74/><T99/><D66/><U100/><E100/><V91/><F126/><W92/><G30/><T112/><D112/><U81/><REACH who="1" step="1"/><E31/><REACH who="1" ten="340,145,215,280" step="2"/><V32/><F106/><W10/><G119/><T96/><D77/><U2/><E2/><V78/><F104/><W64/><G117/><T43/><D76/><U114/><E114/><V134/><F36/><W61/><G71/><T110/><D51/><U84/><E84/><V35/><F78/><W128/><G128/><T6/><D110/><U22/><E22/><V42/><F35/><W44/><G33/><T107/><D107/><U24/><AGARI ba="1,2" hai="1,7,9,20,23,24,29,34,62,67,68,81,86,88" machi="24" ten="30,8000,1" yaku="1,1,0,1,52,1,54,1,53,1" doraHai="56" doraHaiUra="4" who="1" fromWho="1" sc="340,-21,145,103,215,-21,280,-41" owari="319,41.9,248,4.8,194,-30.6,239,-16.1" /></mjloggm>