<mjloggm ver="2.3"><GO type="225" lobby="0"/><UN n0="%E3%81%99%E3%81%84%E3%81%BE%E3%81%9B%E3%83%BC%E3%82%93" n1="%E6%97%A5%E5%A5%88%E6%A3%AE%E3%81%82%E3%82%80" n2="%E3%81%BF%E3%81%BF%E3%81%9A" n3="%72%69%6F%75%63%68%61%6E" dan="18,17,18,16" rate="2215.39,2131.19,2247.20,2223.57" sx="M,F,M,M"/><TAIKYOKU oya="0"/><INIT seed="0,0,0,4,3,134" ten="250,250,250,250" oya="0" hai0="46,81,125,60,68,92,94,21,48,133,15,107,113" hai1="61,28,99,17,51,10,62,31,104,70,122,111,23" hai2="20,18,42,114,98,22,126,43,88,101,35,105,77" hai3="0,8,57,36,85,47,52,110,106,103,16,76,40"/><T83/><D113/><U132/><E122/><V41/><F114/><W82/><G110/><T78/><D107/><U25/><E111/><V116/><F35/><W2/><G103/><T128/><D133/><U80/><E132/><V64/><F77/><W44/><G106/><T115/><D115/><U24/><E80/><V129/><F129/><W19/><G44/><T135/><D135/><U100/><E70/><V118/><F64/><W33/><G33/><T56/><D68/><U32/><E51/><V12/><F126/><W66/><G66/><T117/><D125/><U121/><E121/><V124/><F124/><W131/><G131/><T6/><D117/><N who="2" m="45162" /><F88/><W1/><REACH who="3" step="1"/><G8/><AGARI ba="0,0" hai="8,12,18,20,22,41,42,43,98,101,105" m="45162" machi="8" ten="30,1000,0" yaku="12,1" doraHai="134" who="2" fromWho="3" sc="250,0,250,0,250,10,250,-10" /><INIT seed="1,0,0,3,5,113" ten="250,250,260,240" oya="1" hai0="33,42,130,52,34,57,93,112,71,50,62,120,27" hai1="10,36,103,114,89,30,59,45,97,31,25,99,32" hai2="70,3,117,21,77,67,29,132,54,38,72,124,98" hai3="88,68,55,13,43,92,60,5,111,65,39,17,102"/><U125/><E114/><V63/><F3/><W26/><G111/><T123/><D112/><U128/><E125/><V66/><F124/><W58/><G102/><T14/><D130/><U108/><E128/><V49/><F132/><W115/><G115/><T40/><D14/><U119/><E108/><V82/><F67/><W64/><G5/><T133/><D133/><U110/><E30/><V7/><F7/><W101/><G101/><T73/><D73/><U100/><E89/><V79/><F79/><W106/><G106/><T35/><D93/><U75/><E75/><V37/><F117/><W74/><G74/><T126/><D126/><U24/><E24/><V104/><F98/><W131/><G131/><T76/><D76/><U121/><E119/><V22/><F104/><W96/><G68/><T19/><D71/><U56/><E121/><N who="0" m="46665" /><D62/><U94/><E10/><V84/><F72/><W134/><G134/><T127/><D127/><U18/><E110/><V20/><REACH who="2" step="1"/><F29/><REACH who="2" ten="250,250,250,240" step="2"/><W9/><REACH who="3" step="1"/><G26/><REACH who="3" ten="250,250,250,230" step="2"/><T83/><D27/><N who="1" m="18559" /><E100/><V86/><F86/><W109/><G109/><T12/><D12/><U51/><E99/><V6/><F6/><W61/><G61/><T28/><D35/><U47/><E97/><V41/><F41/><W2/><G2/><T69/><D34/><U0/><E0/><V53/><F53/><W44/><AGARI ba="0,2" hai="9,13,17,39,43,44,55,58,60,64,65,88,92,96" machi="44" ten="30,4000,0" yaku="1,1,0,1,54,1,53,0" doraHai="113" doraHaiUra="105" who="3" fromWho="3" sc="250,-10,250,-20,250,-10,230,60" /><INIT seed="2,0,0,5,5,113" ten="240,230,240,290" oya="2" hai0="72,75,13,45,134,82,31,29,114,117,115,70,22" hai1="58,122,38,77,54,110,63,57,4,107,59,40,90" hai2="132,108,53,32,100,97,11,10,24,67,84,6,119" hai3="83,49,21,16,26,43,68,25,62,15,92,27,60"/><V37/><F37/><W102/><G68/><T73/><D70/><U127/><E107/><V124/><F119/><W69/><G69/><T78/><D134/><U80/><E110/><V23/><F67/><W52/><G43/><T88/><D117/><U17/><E127/><V34/><F124/><W91/><G83/><T116/><D116/><U125/><E125/><V111/><F84/><N who="3" m="52327" /><G102/><T126/><D126/><U103/><E122/><V120/><F120/><W7/><G7/><T87/><D78/><U94/><E103/><V19/><F53/><W9/><G9/><N who="2" m="3081" /><F6/><W123/><G123/><T41/><D31/><U42/><E4/><V86/><F86/><W65/><G65/><T20/><D20/><U66/><E17/><V99/><F99/><W50/><G50/><T98/><D98/><N who="1" m="57687" /><E38/><V8/><N who="2" m="3089" /><V121/><DORA hai="55" /><F121/><W109/><G109/><N who="2" m="42057" /><F132/><W89/><G89/><T61/><D115/><U93/><E93/><AGARI ba="0,0" hai="19,23,24,32,34,93,97,100" m="42057,3089" machi="93" ten="40,3900,0" yaku="14,1,10,1" doraHai="113,55" who="2" fromWho="1" sc="240,0,230,-39,240,39,290,0" /><INIT seed="2,1,0,4,2,96" ten="240,191,279,290" oya="2" hai0="62,108,102,117,68,54,93,122,79,92,21,98,80" hai1="120,31,133,65,85,100,10,75,72,13,32,29,23" hai2="37,78,84,131,45,0,9,36,53,24,55,70,17" hai3="64,28,119,89,135,104,26,7,91,38,27,61,1"/><V46/><F70/><W74/><G119/><T6/><D122/><U126/><E32/><V3/><F24/><W67/><G38/><T127/><D117/><U83/><E120/><V97/><F97/><W59/><G74/><T113/><D113/><U48/><E126/><V106/><F106/><W121/><G121/><T50/><D127/><U34/><E34/><V77/><F9/><W111/><G111/><T109/><D6/><U41/><E133/><V58/><F84/><W40/><G135/><T56/><D21/><U69/><E75/><V123/><F123/><W35/><G104/><T15/><D15/><U39/><E39/><V4/><F58/><W5/><G40/><T99/><D62/><U73/><E73/><V110/><F110/><W42/><G42/><T33/><D68/><U12/><E72/><V20/><F20/><W47/><G47/><T52/><D33/><U81/><E65/><V60/><F60/><W87/><G67/><T115/><D115/><U103/><E69/><V43/><F43/><W101/><G101/><N who="1" m="38986" /><E23/><V51/><F0/><W8/><G1/><T130/><D109/><U112/><E112/><V71/><F3/><W76/><G35/><T11/><D108/><U57/><E57/><V44/><F71/><W86/><G59/><T128/><D56/><U18/><E13/><V90/><F37/><W94/><G64/><T22/><D22/><U30/><E85/><V129/><F36/><W19/><G87/><T134/><D99/><U107/><E107/><V125/><F125/><W118/><G118/><T114/><D114/><U82/><E41/><RYUUKYOKU ba="1,0" sc="240,-10,191,30,279,-10,290,-10" hai1="10,12,18,29,30,31,48,81,82,83" /><INIT seed="3,2,0,5,5,132" ten="230,221,269,280" oya="3" hai0="113,44,81,122,90,56,62,46,79,98,133,3,131" hai1="48,5,128,22,19,130,69,47,54,23,29,94,108" hai2="7,117,84,91,52,115,37,95,26,53,57,101,40" hai3="59,107,0,12,124,102,41,76,2,68,55,89,33"/><W51/><G124/><T82/><D122/><U103/><E69/><V73/><F115/><W105/><G33/><T36/><D133/><U38/><E108/><V8/><F117/><W21/><G68/><T121/><D121/><U50/><E38/><V135/><F135/><W61/><G76/><T129/><D3/><U77/><E5/><V16/><F73/><W74/><G74/><T100/><D113/><U9/><E77/><V80/><F37/><W75/><G75/><T72/><D36/><U63/><E63/><V42/><F7/><W1/><G102/><T126/><D126/><U24/><E9/><V86/><F53/><W11/><G21/><T109/><D109/><U96/><REACH who="1" step="1"/><E50/><REACH who="1" ten="230,211,269,280" step="2"/><N who="2" m="30871" /><F8/><W70/><G70/><T118/><D62/><U64/><E64/><V97/><F86/><W134/><G134/><T83/><D72/><U87/><E87/><V104/><F104/><W99/><G107/><T60/><D60/><U49/><E49/><V112/><F112/><W120/><G120/><T20/><D118/><U85/><E85/><V25/><F84/><W43/><G51/><T88/><D79/><U119/><E119/><V45/><F80/><W116/><G116/><T111/><D111/><U4/><E4/><V32/><F95/><N who="3" m="56815" /><G105/><T66/><D82/><U110/><E110/><V6/><F6/><N who="3" m="3191" /><G0/><T39/><D81/><U14/><AGARI ba="2,1" hai="14,19,22,23,24,29,47,48,54,94,96,103,128,130" machi="14" ten="30,2000,0" yaku="1,1,0,1,53,0" doraHai="132" doraHaiUra="71" who="1" fromWho="1" sc="230,-7,211,36,269,-7,280,-12" /><INIT seed="4,0,0,5,5,89" ten="223,247,262,268" oya="0" hai0="38,11,97,130,52,108,118,60,7,87,86,37,82" hai1="6,41,45,17,20,36,58,116,135,128,26,25,119" hai2="133,131,107,76,78,13,64,90,77,63,120,110,12" hai3="0,54,125,83,70,44,61,126,5,53,132,35,1"/><T72/><D118/><U100/><E128/><V93/><F107/><W3/><G35/><T40/><D130/><U103/><E135/><V46/><F131/><W30/><G30/><T112/><D112/><U124/><E124/><V56/><F110/><W31/><G31/><T33/><D33/><U121/><E121/><V18/><F133/><W16/><G5/><T73/><D108/><U48/><E6/><V49/><F120/><W123/><G123/><T65/><D97/><U32/><E32/><V98/><REACH who="2" step="1"/><F18/><REACH who="2" ten="223,247,252,268" step="2"/><W2/><G132/><T134/><D134/><U113/><E116/><V111/><F111/><W14/><G126/><T59/><D65/><U39/><E119/><V84/><F84/><W57/><G125/><T129/><D129/><U99/><E17/><V67/><F67/><W117/><G117/><T9/><D87/><U15/><E113/><V91/><F91/><W105/><G105/><T34/><D73/><U114/><E114/><V50/><F50/><W80/><G70/><T66/><D72/><U96/><E48/><V43/><AGARI ba="0,1" hai="12,13,43,46,49,56,63,64,76,77,78,90,93,98" machi="43" ten="30,7900,0" yaku="1,1,0,1,8,1,52,1,53,0" doraHai="89" doraHaiUra="69" who="2" fromWho="2" sc="223,-39,247,-20,252,89,268,-20" owari="184,-31.6,227,-17.3,341,44.1,248,4.8" /></mjloggm>