<mjloggm ver="2.3"><GO type="225" lobby="0"/><UN n0="%E3%83%A9%E3%82%A4%E3%83%B3%E3%81%AE%E8%99%8E" n1="%6D%75%75%73%61%6E%6D%75" n2="%E5%B8%86%E7%AB%8B%E5%A4%8F%E8%A1%A3" n3="%E7%8D%A3%E8%87%AD%E3%81%84%E8%82%89%E7%90%83" dan="16,17,16,16" rate="2070.20,2163.46,2215.75,2130.38" sx="M,F,M,M"/><TAIKYOKU oya="0"/><INIT seed="0,0,0,1,3,36" ten="250,250,250,250" oya="0" hai0="51,117,12,106,30,66,135,43,28,58,52,10,45" hai1="16,25,98,126,116,23,40,38,107,115,39,97,111" hai2="46,11,93,78,81,88,62,90,130,75,57,64,118" hai3="2,85,60,37,112,110,56,19,33,0,9,100,79"/><T44/><D135/><U108/><E116/><V1/><F118/><W84/><G112/><T20/><D117/><U134/><E115/><V120/><F130/><W13/><G110/><N who="1" m="42026" /><E134/><V95/><F120/><W22/><G33/><T109/><D106/><U121/><E121/><V83/><F46/><W127/><G127/><T15/><D109/><U74/><E126/><V132/><F132/><W24/><G37/><N who="1" m="13834" /><E74/><V3/><F83/><W131/><G131/><T61/><D20/><U65/><E65/><V73/><F75/><W47/><G100/><T133/><D133/><U21/><E107/><V14/><F95/><W113/><G113/><T122/><D122/><U59/><E59/><V77/><F77/><W87/><G79/><T128/><D128/><U104/><E104/><V55/><F64/><W7/><REACH who="3" step="1"/><G47/><REACH who="3" ten="250,250,250,240" step="2"/><T18/><D12/><N who="1" m="9351" /><E40/><V29/><F1/><W48/><G48/><AGARI ba="0,1" hai="10,15,18,28,30,43,44,45,48,51,52,58,61,66" machi="48" ten="30,11600,0" yaku="7,1,8,1,52,1,54,1" doraHai="36" who="0" fromWho="3" sc="250,126,250,0,250,0,240,-116" /><INIT seed="0,1,0,4,0,17" ten="376,250,250,124" oya="0" hai0="105,128,77,117,46,50,54,80,34,62,39,30,101" hai1="94,66,125,20,64,27,122,78,100,86,26,35,116" hai2="13,114,8,91,6,112,0,75,82,108,69,31,51" hai3="2,68,113,104,16,72,57,65,38,130,89,131,1"/><T3/><D117/><U56/><E116/><V132/><F69/><W32/><G113/><T45/><D3/><U126/><E122/><V106/><F106/><W119/><G119/><T14/><D62/><U53/><E35/><V58/><F108/><W55/><G32/><T127/><D127/><N who="1" m="48651" /><E78/><V135/><F31/><W76/><G38/><T85/><D34/><U84/><E100/><V124/><F124/><W12/><G104/><T83/><D30/><N who="1" m="17735" /><E27/><V98/><F0/><W70/><G89/><T28/><D28/><U59/><E59/><V121/><F121/><W7/><G2/><T24/><D24/><U43/><E43/><V61/><F51/><W90/><G76/><T107/><D50/><N who="1" m="30775" /><E94/><N who="2" m="56671" /><F75/><W29/><G72/><T21/><D39/><U102/><E102/><V49/><F49/><W109/><G109/><T52/><D101/><U81/><E81/><V115/><F82/><W118/><G118/><T36/><D36/><U42/><E42/><V93/><F93/><W5/><G29/><T129/><D77/><U79/><E79/><V103/><F103/><W63/><G90/><T74/><D74/><U44/><E44/><V134/><F114/><W60/><G70/><T4/><D105/><U111/><E111/><V47/><F47/><W99/><G68/><T40/><D46/><U67/><AGARI ba="1,0" hai="64,66,67,84,86" m="30775,17735,48651" machi="67" ten="30,2000,0" yaku="18,1,52,1" doraHai="17" who="1" fromWho="1" sc="376,-11,250,23,250,-6,124,-6" /><INIT seed="1,0,0,5,4,27" ten="365,273,244,118" oya="1" hai0="76,47,63,6,91,24,81,75,58,59,17,92,69" hai1="18,132,109,73,129,130,74,79,122,19,52,100,34" hai2="90,5,94,55,11,44,97,33,83,54,37,78,105" hai3="10,114,51,115,39,112,62,77,16,42,46,4,67"/><U38/><E122/><V101/><F33/><W61/><G77/><T116/><D116/><U123/><E123/><V111/><F111/><W86/><G86/><T56/><D6/><U22/><E34/><V41/><F101/><W66/><G39/><T110/><D110/><U71/><E71/><V117/><F105/><W120/><G120/><T26/><D47/><U25/><E38/><V124/><F124/><W93/><G93/><T8/><D8/><U14/><E109/><V13/><F117/><W1/><G62/><T70/><D17/><U106/><E132/><V29/><F29/><W53/><G42/><T121/><D121/><U84/><E84/><V88/><REACH who="2" step="1"/><F90/><REACH who="2" ten="365,273,234,118" step="2"/><W32/><G32/><T36/><D91/><U65/><E100/><V23/><F23/><W126/><G126/><T72/><D72/><AGARI ba="0,1" hai="5,11,13,37,41,44,54,55,72,78,83,88,94,97" machi="72" ten="30,7700,0" yaku="1,1,7,1,54,1,53,1" doraHai="27" doraHaiUra="95" who="2" fromWho="0" sc="365,-77,273,0,234,87,118,0" /><INIT seed="2,0,0,5,3,100" ten="288,273,321,118" oya="2" hai0="42,98,15,4,67,83,50,121,33,84,127,25,7" hai1="81,109,103,23,105,116,82,75,92,45,102,135,70" hai2="32,31,0,1,59,93,88,60,124,29,55,110,10" hai3="37,16,87,39,126,11,89,91,118,115,44,125,113"/><V36/><F36/><W107/><G118/><T97/><D121/><U35/><E116/><V3/><F124/><N who="3" m="47723" /><G44/><N who="0" m="25879" /><D33/><U6/><E35/><V76/><F76/><W114/><G107/><T65/><D127/><U99/><E70/><V30/><F110/><W79/><G79/><N who="0" m="46207" /><D25/><U34/><E34/><V14/><F32/><W21/><G11/><N who="0" m="4583" /><D7/><U62/><E109/><V132/><F132/><W104/><G104/><T40/><D40/><U26/><E135/><V13/><REACH who="2" step="1"/><F10/><REACH who="2" ten="288,273,311,118" step="2"/><W27/><G91/><T90/><D90/><U108/><E108/><V54/><F54/><W20/><G20/><T68/><D68/><U64/><E23/><V133/><F133/><W46/><G46/><T28/><D28/><U24/><E45/><V73/><F73/><W38/><G38/><T66/><AGARI ba="0,1" hai="65,66,67,97,98" m="4583,46207,25879" machi="66" ten="30,2000,0" yaku="25,1,8,1" doraHai="100" who="0" fromWho="0" sc="288,30,273,-5,311,-10,118,-5" /><INIT seed="3,0,0,5,5,2" ten="318,268,301,113" oya="3" hai0="3,117,98,21,118,67,23,134,91,99,80,65,5" hai1="12,32,35,53,16,82,15,1,94,81,61,124,105" hai2="73,37,18,19,83,69,104,95,133,90,116,7,30" hai3="107,25,27,106,44,45,52,8,51,85,0,62,29"/><W41/><G85/><N who="0" m="50599" /><D3/><U109/><E105/><V68/><F37/><W42/><G27/><T38/><D38/><U72/><E1/><V86/><F7/><W4/><G4/><T22/><D5/><U121/><E121/><V135/><F30/><W87/><G87/><T126/><D118/><U127/><E32/><V33/><F33/><W78/><G78/><T77/><D117/><U123/><E35/><V120/><F104/><W88/><G62/><T36/><D36/><U66/><E72/><V63/><F120/><W39/><G42/><T10/><D10/><U84/><E123/><V55/><F116/><W57/><G44/><T103/><D126/><N who="1" m="48171" /><E53/><V11/><F55/><W49/><G39/><T131/><D131/><U13/><E94/><V93/><F93/><W71/><G71/><T58/><D134/><N who="2" m="51210" /><F69/><W50/><G50/><T101/><D77/><U79/><E82/><V102/><F11/><W43/><G43/><T6/><D6/><U28/><E28/><V20/><F20/><N who="3" m="15527" /><G8/><T74/><D74/><U111/><E16/><N who="2" m="6187" /><F73/><W89/><G0/><T26/><D26/><U132/><E132/><V24/><F24/><W113/><G113/><T96/><D58/><AGARI ba="0,0" hai="12,13,15,58,61,66,79,81,84,109,111" m="48171" machi="58" ten="30,1000,0" yaku="18,1" doraHai="2" who="1" fromWho="0" sc="318,-10,268,10,301,0,113,0" owari="308,40.8,278,-12.2,301,10.1,113,-38.7" /></mjloggm>