<mjloggm ver="2.3"><GO type="225" lobby="0"/><UN n0="%E7%B4%94%E6%BD%94%E3%83%94%E3%83%A9%E3%83%8B%E3%82%A2" n1="%E3%82%BF%E3%83%BC%E3%83%90%E3%83%B3%E9%87%8E%E5%8F%A3" n2="%E3%81%8B%E3%82%8F%E3%81%A1%E3%82%83%E3%82%93%35%38" n3="%E3%81%BF%E3%81%BF%E3%81%9A" dan="16,16,16,16" rate="2151.43,2136.08,2144.52,2178.96" sx="M,M,M,M"/><TAIKYOKU oya="0"/><INIT seed="0,0,0,4,0,117" ten="250,250,250,250" oya="0" hai0="43,56,81,105,67,54,34,62,114,106,24,41,83" hai1="6,73,53,79,128,3,17,99,58,2,28,134,107" hai2="50,18,88,103,5,74,86,115,133,125,132,72,61" hai3="84,80,37,100,47,87,104,35,13,22,21,44,135"/><T130/><D114/><U121/><E28/><V77/><F5/><W76/><G35/><T127/><D130/><U116/><E116/><V14/><F115/><W60/><G135/><N who="2" m="51785" /><F77/><W89/><G104/><T40/><D127/><U71/><E71/><V78/><F78/><W7/><G100/><T57/><D106/><U66/><E134/><V29/><F29/><W97/><G97/><T131/><D105/><U63/><E128/><V64/><F50/><W36/><G60/><T119/><D119/><U92/><E107/><V0/><F0/><W90/><G76/><T51/><D131/><U26/><E6/><V85/><F103/><W25/><G7/><T109/><D109/><U19/><E66/><V126/><F74/><W120/><G13/><T33/><D33/><U118/><E118/><V38/><F38/><W32/><G25/><T124/><D124/><N who="2" m="47722" /><F72/><W102/><G102/><T49/><D34/><U23/><E19/><V98/><F98/><W20/><G32/><T46/><REACH who="0" step="1"/><D24/><REACH who="0" ten="240,250,250,250" step="2"/><U70/><E26/><V110/><F110/><W52/><G37/><T30/><D30/><U31/><E31/><V16/><F14/><W65/><G36/><T101/><D101/><U48/><E2/><V55/><F18/><W39/><G39/><T82/><AGARI ba="0,1" hai="40,41,43,46,49,51,54,56,57,62,67,81,82,83" machi="82" ten="30,6000,0" yaku="1,1,0,1,8,1,53,0" doraHai="117" doraHaiUra="27" who="0" fromWho="0" sc="240,70,250,-20,250,-20,250,-20" /><INIT seed="0,1,0,4,3,54" ten="310,230,230,230" oya="0" hai0="52,109,38,131,129,135,60,9,69,63,105,19,34" hai1="40,76,27,111,92,102,36,118,77,116,67,120,70" hai2="96,25,29,61,132,50,73,53,124,104,39,31,91" hai3="16,68,85,119,7,33,79,72,2,78,110,113,17"/><T5/><D105/><U6/><E27/><V133/><F39/><W1/><G113/><T87/><D38/><U74/><E6/><V123/><F73/><W18/><G119/><N who="1" m="45610" /><E70/><V13/><F123/><W8/><G110/><T51/><D109/><U101/><E67/><V49/><F124/><W117/><G117/><T125/><D125/><U21/><E21/><V107/><F29/><W15/><G72/><T88/><D19/><U22/><E22/><V114/><F114/><W20/><G68/><T75/><D75/><U108/><E36/><V130/><F130/><N who="0" m="49674" /><D34/><U4/><E4/><V26/><F26/><W44/><G33/><T71/><D63/><U24/><E40/><V56/><F13/><W81/><G78/><N who="1" m="30314" /><E24/><V62/><F62/><W83/><G81/><N who="0" m="49263" /><D60/><U106/><E74/><V65/><F50/><W28/><G28/><T93/><D93/><U57/><E120/><V98/><F31/><W23/><G23/><T97/><D71/><U59/><E92/><N who="2" m="56351" /><F104/><W11/><REACH who="3" step="1"/><G44/><REACH who="3" ten="310,230,230,220" step="2"/><T99/><D69/><U3/><E106/><V89/><F107/><W45/><G45/><N who="0" m="27759" /><D135/><U95/><E95/><N who="2" m="56687" /><F133/><W127/><G127/><T84/><D84/><U42/><E108/><V41/><F132/><W55/><G55/><T126/><D126/><U58/><E111/><V48/><F53/><W0/><G0/><AGARI ba="1,1" hai="0,5,9,97,99" m="27759,49263,49674" machi="0" ten="30,5800,0" yaku="19,1,54,2" doraHai="54" who="0" fromWho="3" sc="310,71,230,0,230,0,220,-61" /><INIT seed="0,2,0,4,5,71" ten="381,230,230,159" oya="0" hai0="88,79,118,11,62,84,108,72,78,47,19,39,0" hai1="111,130,100,2,5,104,114,15,56,97,21,63,75" hai2="42,95,36,64,6,18,129,54,37,128,60,121,116" hai3="57,44,113,34,14,124,26,102,106,96,52,109,83"/><T127/><D118/><U16/><E111/><V68/><F6/><W101/><G113/><T93/><D108/><U7/><E130/><N who="2" m="50283" /><F116/><W80/><G109/><T46/><D127/><U22/><E114/><V94/><F121/><W99/><G124/><T85/><D72/><U30/><E75/><V82/><F42/><W29/><G44/><T103/><D39/><N who="2" m="14922" /><F18/><W81/><G14/><T35/><D0/><U28/><E2/><V13/><F13/><W51/><REACH who="3" step="1"/><G81/><REACH who="3" ten="381,230,230,149" step="2"/><T55/><D46/><U27/><REACH who="1" step="1"/><E30/><REACH who="1" ten="381,220,230,149" step="2"/><V3/><F3/><W20/><G20/><T131/><D131/><U90/><E90/><V132/><F132/><W12/><G12/><T9/><D88/><U123/><E123/><V105/><F82/><W134/><G134/><T25/><D78/><U110/><E110/><V48/><F105/><AGARI ba="2,2" hai="26,29,34,51,52,57,80,83,96,99,101,102,105,106" machi="105" ten="30,12000,2" yaku="1,1,7,1,9,1,54,1,53,2" doraHai="71" doraHaiUra="98" who="3" fromWho="2" sc="381,0,220,0,230,-126,149,146" /><BYE who="3" /><UN n3="%E3%81%BF%E3%81%BF%E3%81%9A" /><INIT seed="1,0,0,5,4,36" ten="381,220,104,295" oya="1" hai0="4,128,108,87,12,93,78,86,115,10,79,17,118" hai1="67,39,15,42,64,98,18,53,74,117,102,91,106" hai2="1,120,65,83,132,54,125,51,123,58,124,37,103" hai3="70,13,76,75,31,26,60,92,101,94,24,43,77"/><U41/><E117/><V45/><F1/><W56/><G70/><T57/><D115/><U66/><E74/><V126/><F103/><W34/><G75/><T50/><D118/><U135/><E39/><V97/><F97/><W105/><G105/><T61/><D108/><U114/><E114/><V80/><F80/><W121/><G121/><T73/><D73/><U130/><E130/><V116/><F83/><W35/><G13/><T89/><D128/><U44/><E135/><V112/><F116/><W30/><G43/><T20/><D86/><U25/><E25/><V27/><F27/><W63/><G56/><T68/><D68/><U110/><E110/><V14/><F14/><W9/><G9/><T55/><D61/><U32/><E32/><V5/><F5/><W38/><G38/><T84/><D84/><U29/><E29/><V47/><F112/><W62/><G101/><T59/><D57/><U133/><E91/><V134/><F65/><W52/><REACH who="3" step="1"/><G62/><REACH who="3" ten="381,220,104,285" step="2"/><T129/><D129/><U107/><E106/><V11/><F11/><W95/><G95/><T127/><D127/><U81/><E133/><N who="2" m="51307" /><F37/><W99/><G99/><T82/><D82/><U40/><E81/><V113/><F113/><W19/><G19/><T0/><AGARI ba="0,1" hai="0,4,10,12,17,20,50,55,59,78,79,87,89,93" machi="0" ten="20,5200,0" yaku="0,1,7,1,25,2" doraHai="36" who="0" fromWho="0" sc="381,62,220,-26,104,-13,285,-13" /><INIT seed="2,0,0,4,5,95" ten="443,194,91,272" oya="2" hai0="38,81,83,18,119,103,60,72,85,31,133,128,94" hai1="106,7,19,34,49,104,111,110,88,126,130,48,134" hai2="82,124,16,59,14,20,71,1,120,76,62,89,6" hai3="108,64,99,51,63,100,74,80,66,84,26,65,47"/><V52/><F124/><W67/><G108/><N who="1" m="41514" /><E126/><V98/><F120/><W73/><G26/><T122/><D94/><U132/><E34/><V93/><F71/><W131/><G131/><T35/><D103/><U3/><E19/><V15/><F1/><W11/><G11/><T33/><D60/><U22/><E22/><V5/><REACH who="2" step="1"/><F14/><REACH who="2" ten="443,194,81,272" step="2"/><W87/><G74/><AGARI ba="0,1" hai="5,6,15,16,20,52,59,62,74,76,82,89,93,98" machi="74" ten="30,18000,2" yaku="1,1,2,1,7,1,52,1,54,2,53,0" doraHai="95" doraHaiUra="23" who="2" fromWho="3" sc="443,0,194,0,81,190,272,-180" /><INIT seed="2,1,0,5,1,15" ten="443,194,271,92" oya="2" hai0="116,101,70,81,110,92,5,134,18,61,10,4,79" hai1="26,19,117,114,52,106,112,135,41,126,53,96,69" hai2="71,78,89,65,2,62,32,7,39,85,6,24,97" hai3="55,57,72,3,54,80,82,23,20,123,115,102,74"/><V88/><F39/><W68/><G123/><T91/><D101/><U113/><E117/><V107/><F78/><W87/><G68/><T95/><D95/><U60/><E41/><V30/><F2/><W64/><G115/><T17/><D116/><U127/><E106/><V124/><F124/><N who="1" m="47657" /><E96/><V120/><F120/><W121/><G121/><T14/><D4/><U44/><E26/><V48/><F48/><W25/><G3/><T45/><D45/><U109/><E19/><V133/><F133/><W27/><G102/><T63/><D134/><U38/><E135/><V98/><F98/><W128/><G128/><T56/><D61/><U16/><E16/><N who="0" m="6249" /><D70/><U42/><E109/><V73/><F73/><W9/><G87/><N who="0" m="48575" /><D110/><U103/><E103/><N who="2" m="62959" /><F89/><W51/><G51/><T77/><D77/><U100/><E100/><V37/><F37/><W58/><REACH who="3" step="1"/><G64/><AGARI ba="1,0" hai="38,42,44,52,53,60,64,69,112,113,114" m="47657" machi="64" ten="40,8000,1" yaku="18,1,34,2,54,1" doraHai="15" who="1" fromWho="3" sc="443,0,194,83,271,0,92,-83" /><INIT seed="3,0,0,4,3,75" ten="443,277,271,9" oya="3" hai0="113,101,104,30,19,0,124,128,132,43,64,46,90" hai1="26,99,10,98,94,60,32,102,29,40,121,78,62" hai2="65,22,106,15,31,57,81,37,74,16,103,83,76" hai3="63,48,115,17,21,86,107,25,130,1,100,24,8"/><W122/><G115/><T7/><D90/><U125/><E121/><V126/><F37/><W14/><G122/><T66/><D19/><U38/><E125/><V87/><F126/><W53/><G130/><T111/><D64/><U41/><E10/><V36/><F36/><W134/><G134/><T18/><D18/><U73/><E60/><N who="2" m="38031" /><F106/><W67/><G107/><T72/><D46/><U92/><E38/><V58/><F74/><W120/><G120/><T4/><D4/><U88/><E73/><V131/><F131/><W49/><G100/><T42/><D42/><U96/><E78/><V110/><F110/><W55/><G1/><T93/><D93/><U119/><E119/><V51/><F103/><W129/><G129/><T112/><D43/><U116/><E116/><V89/><F31/><W91/><G67/><T56/><D66/><U11/><E62/><V127/><F127/><W5/><G24/><T135/><D124/><U39/><E39/><V23/><F23/><W28/><G5/><T118/><D7/><U95/><E11/><V35/><F35/><W69/><G69/><T84/><D101/><AGARI ba="0,0" hai="26,29,32,40,41,88,92,94,95,96,98,99,101,102" machi="101" ten="30,3900,0" yaku="7,1,9,1,54,1" doraHai="75" who="1" fromWho="0" sc="443,-39,277,39,271,0,9,0" owari="404,50.4,316,11.6,271,-12.9,9,-49.1" /></mjloggm>