<mjloggm ver="2.3"><GO type="225" lobby="0"/><UN n0="%E5%B8%86%E7%AB%8B%E5%A4%8F%E8%A1%A3" n1="%E9%80%9F%E6%B0%B4%E5%87%9B%E9%A6%99" n2="%E3%81%95%E3%81%8D%E3%81%9F%E3%81%BE%E6%9E%97%E6%AA%8E" n3="%E3%83%B4%E3%83%A0%EF%BC%99%E3%81%A6" dan="17,16,16,17" rate="2164.73,2172.22,2181.29,2165.90" sx="M,F,M,M"/><TAIKYOKU oya="0"/><INIT seed="0,0,0,5,4,65" ten="250,250,250,250" oya="0" hai0="128,59,27,119,29,88,55,58,104,73,124,83,110" hai1="132,51,28,92,87,0,45,57,86,46,53,10,9" hai2="108,48,11,133,70,20,13,31,111,66,79,99,93" hai3="98,18,1,25,2,112,101,6,64,96,56,44,77"/><T94/><D119/><U22/><E132/><V135/><F79/><W42/><G112/><T24/><D124/><U60/><E0/><V61/><F48/><W35/><G77/><T80/><D128/><U100/><E45/><V122/><F122/><W84/><G84/><T36/><D104/><U123/><E123/><V32/><F32/><W47/><G96/><N who="0" m="57415" /><D73/><U113/><E113/><V82/><F82/><N who="0" m="31274" /><D36/><U16/><E28/><V120/><F120/><W81/><G81/><T15/><D110/><N who="2" m="42026" /><F20/><W3/><G35/><T117/><D117/><U97/><E87/><V34/><F31/><W131/><G131/><T67/><D29/><U72/><E86/><V125/><F34/><W7/><G1/><T78/><D78/><U19/><E72/><V41/><F125/><W50/><G2/><T63/><D15/><N who="1" m="9503" /><E19/><N who="2" m="8639" /><F41/><AGARI ba="0,0" hai="9,10,41,46,51,53,57,60,92,97,100" m="9503" machi="41" ten="30,2000,0" yaku="8,1,54,1" doraHai="65" who="1" fromWho="2" sc="250,0,250,20,250,-20,250,0" /><INIT seed="1,0,0,5,3,130" ten="250,270,230,250" oya="1" hai0="95,131,115,6,93,27,105,88,122,24,28,35,21" hai1="60,2,101,56,87,68,46,17,32,71,81,41,65" hai2="47,126,113,31,42,117,3,104,69,44,127,75,97" hai3="20,7,103,102,51,86,129,50,94,72,59,135,48"/><U90/><E32/><V23/><F117/><W106/><G72/><T66/><D122/><U5/><E101/><V15/><F3/><W125/><G129/><T34/><D131/><U128/><E128/><V111/><F111/><W85/><G106/><T123/><D123/><U133/><E133/><V22/><F69/><W80/><G125/><N who="2" m="47625" /><F75/><W77/><G7/><T67/><D115/><U70/><E17/><N who="2" m="10559" /><F113/><W9/><G9/><T12/><D105/><U110/><E110/><V118/><F118/><W89/><G135/><T82/><D82/><U108/><E108/><V119/><F119/><W83/><G59/><T40/><D40/><U10/><REACH who="1" step="1"/><E71/><REACH who="1" ten="250,260,230,250" step="2"/><V120/><F120/><W38/><G102/><T84/><D35/><U54/><E54/><V49/><F104/><W25/><G103/><T1/><D34/><U16/><E16/><V18/><F31/><N who="3" m="17831" /><G38/><AGARI ba="0,1" hai="2,5,10,38,41,46,56,60,65,68,70,81,87,90" machi="38" ten="30,5800,0" yaku="1,1,7,1,53,1" doraHai="130" doraHaiUra="63" who="1" fromWho="3" sc="250,0,260,68,230,0,250,-58" /><INIT seed="1,1,0,3,5,9" ten="250,328,230,192" oya="1" hai0="95,75,76,3,71,86,63,30,25,123,121,62,64" hai1="66,61,83,16,125,109,20,124,80,10,40,90,91" hai2="17,106,26,13,19,32,68,18,93,126,122,104,12" hai3="128,31,1,8,101,96,70,23,14,47,51,15,105"/><U24/><E40/><V27/><F68/><W35/><G70/><T116/><D116/><U79/><E109/><V52/><F122/><N who="0" m="46602" /><D3/><U65/><E65/><V98/><F32/><W78/><G128/><T84/><D95/><U120/><E120/><V7/><F126/><N who="1" m="48745" /><E10/><N who="2" m="4191" /><F106/><W29/><G35/><N who="0" m="20943" /><D63/><U38/><E38/><V87/><F87/><N who="0" m="33322" /><D76/><U28/><E28/><V133/><F133/><W114/><G78/><T127/><D127/><U39/><E39/><V132/><F132/><W77/><G77/><T36/><D36/><U5/><E79/><V85/><F85/><W97/><G97/><T135/><D135/><U118/><E118/><V4/><F104/><W21/><G1/><T112/><D112/><U43/><E43/><V88/><F52/><W99/><G99/><T69/><D69/><N who="1" m="42191" /><E5/><V103/><F103/><W92/><G114/><T111/><D111/><U55/><E55/><V115/><F115/><W131/><G131/><T113/><D113/><U42/><E42/><V37/><F37/><W33/><G33/><T54/><D54/><U22/><E83/><V60/><F60/><W53/><G105/><T59/><D71/><U117/><E80/><V34/><F34/><W67/><G67/><T44/><D44/><U50/><E50/><V72/><F72/><AGARI ba="1,0" hai="59,62,64,72,75" m="33322,20943,46602" machi="72" ten="30,1000,0" yaku="13,1" doraHai="9" who="0" fromWho="2" sc="250,13,328,0,230,-13,192,0" /><INIT seed="2,0,0,3,2,52" ten="263,328,217,192" oya="2" hai0="42,21,119,46,75,116,10,33,102,45,14,118,49" hai1="12,92,72,36,1,34,63,35,87,71,62,123,29" hai2="73,57,51,18,86,130,117,96,50,91,78,64,24" hai3="105,74,113,9,8,112,26,82,22,7,2,115,28"/><V70/><F117/><W41/><G105/><T129/><D33/><U84/><E72/><V47/><F130/><W59/><G41/><T17/><D129/><U126/><E1/><V77/><F70/><W56/><REACH who="3" step="1"/><G8/><REACH who="3" ten="263,328,217,182" step="2"/><T48/><D10/><U98/><E123/><V0/><F0/><W16/><G16/><T134/><D134/><U89/><E29/><V76/><F73/><W114/><N who="3" m="28672" /><DORA hai="106" /><W11/><G11/><T127/><D75/><U60/><E126/><V108/><F108/><W79/><AGARI ba="0,1" hai="2,7,9,22,26,28,56,59,74,79,82" m="28672" machi="79" ten="60,12000,2" yaku="1,1,0,1,11,1,52,3,53,0" doraHai="52,106" doraHaiUra="94,90" who="3" fromWho="3" sc="263,-30,328,-30,217,-60,182,130" /><INIT seed="3,0,0,3,3,109" ten="233,298,157,312" oya="3" hai0="31,127,0,132,6,125,126,27,130,115,79,67,40" hai1="1,12,96,28,61,117,56,19,43,85,111,91,86" hai2="13,59,18,66,134,110,17,23,57,48,120,97,72" hai3="2,34,7,35,10,121,112,50,133,42,102,44,92"/><W21/><G112/><T129/><D67/><U49/><E1/><V128/><F110/><W54/><G121/><T25/><D40/><U131/><E111/><V95/><F72/><W20/><G133/><T51/><D51/><U104/><E28/><V103/><F134/><W76/><G76/><T106/><D106/><U58/><E131/><N who="0" m="50185" /><D79/><U116/><E116/><V82/><F120/><W14/><G2/><T105/><D105/><U74/><E74/><V80/><F128/><W122/><G122/><T8/><D132/><U101/><E117/><V24/><F66/><W33/><REACH who="3" step="1"/><G54/><REACH who="3" ten="233,298,157,302" step="2"/><T46/><D115/><U88/><E91/><V47/><F59/><W81/><G81/><T87/><D126/><U5/><E88/><V118/><F57/><W98/><AGARI ba="0,1" hai="7,10,14,20,21,33,34,35,42,44,50,92,98,102" machi="98" ten="40,7800,0" yaku="1,1,0,1,53,1" doraHai="109" doraHaiUra="99" who="3" fromWho="3" sc="233,-26,298,-26,157,-26,302,88" owari="207,-19.3,272,7.2,131,-36.9,390,49.0" /></mjloggm>