<mjloggm ver="2.3"><GO type="225" lobby="0"/><UN n0="%E3%83%81%E3%83%AF%E3%83%AF%E9%9A%8A%E9%95%B7" n1="%E6%98%93%E5%88%A9%E8%96%A9%E4%BC%AF" n2="%63%68%78%62%64" n3="%E9%BB%99%E8%81%B4%E3%81%AE%E3%81%99%E3%82%9D%E3%82%81" dan="16,16,16,16" rate="2100.23,2083.90,2112.22,2098.05" sx="M,F,M,M"/><TAIKYOKU oya="0"/><INIT seed="0,0,0,4,2,20" ten="250,250,250,250" oya="0" hai0="119,65,97,37,99,107,123,25,118,3,0,73,40" hai1="4,106,43,121,11,104,84,127,30,23,76,41,102" hai2="47,8,57,1,82,38,134,126,100,33,62,24,61" hai3="12,31,98,7,28,85,71,87,53,27,94,35,56"/><T54/><D123/><U19/><E121/><V63/><F134/><W110/><G71/><T103/><D73/><U79/><E30/><V101/><F126/><W52/><G110/><T120/><D120/><U42/><E127/><V26/><F57/><W34/><G7/><T125/><D125/><U95/><E106/><V130/><F33/><W77/><G12/><T17/><D65/><U48/><E48/><V46/><F130/><W51/><G77/><T18/><D54/><U88/><E102/><N who="2" m="39531" /><F38/><W55/><G55/><T128/><D128/><U93/><E93/><V67/><F1/><W86/><G53/><T16/><D99/><U114/><E114/><V21/><F67/><W108/><G108/><T124/><D124/><U22/><E22/><V105/><F105/><W6/><G6/><T89/><D89/><U10/><E104/><V129/><F129/><W58/><G58/><T132/><D132/><U92/><E92/><V83/><F8/><N who="1" m="3113" /><E4/><V111/><F111/><W60/><G51/><T109/><D109/><U116/><E116/><V91/><F21/><W66/><G66/><T36/><D119/><U135/><E135/><V32/><F32/><W96/><G94/><T13/><D118/><U5/><E5/><V15/><F15/><AGARI ba="0,0" hai="15,19,23,41,42,43,76,79,84,88,95" m="3113" machi="15" ten="30,2000,0" yaku="8,1,54,1" doraHai="20" who="1" fromWho="2" sc="250,0,250,20,250,-20,250,0" /><INIT seed="1,0,0,4,3,48" ten="250,270,230,250" oya="1" hai0="5,70,78,64,1,99,74,126,117,37,19,134,61" hai1="0,96,57,38,102,68,6,132,59,42,111,22,104" hai2="131,65,18,85,128,101,66,12,120,60,83,16,73" hai3="80,63,124,119,118,103,75,76,31,15,3,116,109"/><U35/><E35/><V32/><F73/><W81/><G109/><T29/><D117/><U98/><E132/><V25/><F120/><W45/><G3/><T2/><D37/><U56/><E111/><V129/><F101/><W121/><G121/><T108/><D108/><U44/><E68/><V122/><F122/><W97/><G124/><T26/><D126/><U84/><E98/><V17/><F12/><W14/><G31/><T36/><D36/><U86/><REACH who="1" step="1"/><E22/><REACH who="1" ten="250,260,230,250" step="2"/><V54/><F32/><W40/><G97/><T88/><D134/><U127/><E127/><V90/><F25/><W46/><G118/><T133/><D133/><U50/><E50/><V95/><F83/><W72/><G81/><T52/><D26/><U82/><E82/><V91/><F91/><W47/><G80/><T27/><D88/><U114/><E114/><V8/><F8/><AGARI ba="0,1" hai="0,6,8,38,42,44,56,57,59,84,86,96,102,104" machi="8" ten="40,3900,0" yaku="1,1,53,1" doraHai="48" doraHaiUra="33" who="1" fromWho="2" sc="250,0,260,49,230,-39,250,0" /><INIT seed="1,1,0,4,1,120" ten="250,309,191,250" oya="1" hai0="117,81,1,10,97,100,93,3,130,8,119,0,118" hai1="58,56,109,102,36,33,99,94,13,104,17,74,108" hai2="107,87,121,11,114,62,6,98,5,115,32,43,65" hai3="83,34,26,85,40,96,91,59,41,112,30,20,79"/><U110/><E36/><V127/><F121/><W50/><G112/><N who="2" m="43049" /><F32/><W78/><G34/><T86/><REACH who="0" step="1"/><D130/><REACH who="0" ten="240,309,191,250" step="2"/><U61/><E74/><V113/><F127/><W129/><G129/><T135/><D135/><U27/><E104/><V95/><N who="2" m="43057" /><V49/><DORA hai="68" /><F107/><W84/><G96/><T131/><D131/><U128/><E128/><V105/><F105/><W124/><G124/><T24/><D24/><U64/><E27/><V66/><F87/><W73/><G73/><T90/><AGARI ba="1,1" hai="0,1,3,8,10,81,86,90,93,97,100,117,118,119" machi="90" ten="40,2700,0" yaku="1,1,0,1,53,0" doraHai="120,68" doraHaiUra="2,31" who="0" fromWho="0" sc="240,40,309,-14,191,-8,250,-8" /><INIT seed="2,0,0,0,1,61" ten="280,295,183,242" oya="2" hai0="47,106,84,100,41,57,96,0,68,27,60,6,80" hai1="92,8,54,58,64,90,116,63,128,117,109,14,56" hai2="74,10,113,99,7,29,119,70,13,131,91,16,33" hai3="123,30,93,40,36,67,18,115,19,78,85,49,48"/><V23/><F74/><W4/><G123/><T124/><D68/><U73/><E73/><V79/><F79/><W108/><G108/><T88/><D124/><U66/><E109/><V129/><F70/><W21/><G36/><T46/><D41/><U20/><E128/><N who="2" m="49227" /><F113/><W104/><G104/><T103/><D103/><U39/><E39/><V38/><F38/><W87/><G4/><T51/><D51/><U45/><E20/><V81/><F81/><W35/><G35/><T43/><D43/><U83/><E83/><V110/><F110/><W32/><G32/><T112/><D112/><U118/><E58/><V126/><F91/><W72/><G72/><T114/><D114/><U120/><E45/><V15/><F99/><W102/><G40/><T1/><D27/><U42/><E42/><V98/><F98/><N who="3" m="59727" /><G67/><T97/><D97/><U101/><E101/><V133/><F133/><W37/><G37/><T59/><D59/><U31/><E120/><V5/><F119/><W62/><G62/><T82/><D82/><U94/><E94/><V55/><F55/><W2/><G2/><T105/><D105/><U24/><E92/><V12/><F126/><W89/><G78/><T134/><D134/><U26/><E90/><V75/><F75/><W125/><G125/><T50/><D0/><U3/><E3/><N who="2" m="319" /><F7/><W111/><G111/><T122/><D122/><U17/><E118/><V132/><F132/><W107/><G107/><T53/><D1/><U25/><E117/><V95/><F95/><N who="3" m="54703" /><G115/><T28/><D106/><U9/><E116/><V77/><F77/><W44/><G87/><RYUUKYOKU ba="0,0" sc="280,-10,295,-10,183,30,242,-10" hai2="12,13,15,16,23,29,33" /><INIT seed="2,1,0,4,1,39" ten="270,285,213,232" oya="2" hai0="47,126,51,53,98,101,0,116,56,43,124,113,131" hai1="119,115,36,73,120,110,117,37,90,96,31,11,24" hai2="6,2,35,84,133,88,17,132,95,60,38,22,18" hai3="33,106,127,3,121,104,67,134,40,130,114,14,50"/><V118/><F38/><W5/><G121/><T30/><D113/><U32/><E115/><V26/><F118/><W91/><G3/><T9/><D116/><U16/><E120/><V27/><F60/><W58/><G33/><T69/><D69/><U94/><E110/><V99/><F6/><W97/><G114/><T107/><D131/><U70/><E37/><V49/><F2/><W41/><G134/><N who="2" m="51817" /><F49/><W81/><G127/><N who="0" m="48683" /><D30/><U87/><E73/><V125/><F125/><W78/><G106/><T62/><D0/><U86/><E70/><V129/><F129/><W76/><G104/><T82/><D82/><U108/><E108/><V21/><F35/><W111/><G111/><T54/><D9/><U44/><E119/><V65/><F65/><AGARI ba="1,0" hai="43,47,51,53,54,56,62,65,98,101,107" m="48683" machi="65" ten="30,2000,0" yaku="18,1,52,1" doraHai="39" who="0" fromWho="2" sc="270,23,285,0,213,-23,232,0" /><INIT seed="3,0,0,4,1,98" ten="293,285,190,232" oya="3" hai0="53,70,122,30,1,11,3,69,40,13,20,32,31" hai1="107,110,116,51,99,27,119,48,132,68,129,72,38" hai2="124,111,85,49,35,26,75,131,19,21,2,62,79" hai3="37,92,0,93,41,14,28,9,10,12,18,101,112"/><W100/><G0/><N who="0" m="75" /><D40/><U118/><E110/><V36/><F2/><W83/><G112/><T135/><D53/><U63/><E132/><V44/><F111/><W96/><G28/><N who="0" m="10795" /><D69/><U117/><E27/><V106/><F131/><W25/><G25/><T17/><D70/><U57/><E129/><V123/><F36/><W81/><G41/><T103/><D103/><N who="3" m="39497" /><G37/><T67/><D67/><N who="1" m="41087" /><E99/><V104/><F75/><W73/><G73/><T133/><D32/><U50/><E107/><V115/><F35/><W94/><G96/><T65/><D65/><U47/><E119/><V23/><F115/><W134/><G134/><N who="0" m="51211" /><D122/><U76/><E76/><V105/><F123/><W42/><G42/><T84/><D84/><U128/><E72/><V66/><F124/><W125/><G125/><T109/><D109/><U43/><E128/><V127/><F127/><W46/><G46/><T39/><D39/><U33/><E33/><V6/><F6/><AGARI ba="0,0" hai="6,9,10,12,14,18,81,83,92,93,94" m="39497" machi="6" ten="30,11600,0" yaku="8,1,52,3" doraHai="98" who="3" fromWho="2" sc="293,0,285,0,190,-116,232,116" owari="293,9.3,285,-11.5,74,-42.6,348,44.8" /></mjloggm>