<mjloggm ver="2.3"><GO type="225" lobby="0"/><UN n0="%E3%81%B5%E3%81%98%E3%81%8B%E3%81%A4" n1="%EF%BC%B3%E3%81%9E%E3%81%88%E2%98%86" n2="%E3%82%A2%E3%83%BC%E3%83%A2%E3%83%AD%E3%83%BC%E3%83%B4%E3%82%A1" n3="%E7%A0%B4%E7%94%A3%E8%80%85" dan="17,16,16,16" rate="2216.45,2068.83,2109.05,2045.27" sx="M,M,M,M"/><TAIKYOKU oya="0"/><INIT seed="0,0,0,4,2,1" ten="250,250,250,250" oya="0" hai0="70,121,38,64,21,93,126,90,79,98,59,131,34" hai1="78,81,117,46,4,89,134,54,33,108,39,109,27" hai2="72,97,69,24,20,113,30,100,19,9,26,63,111" hai3="132,56,80,102,119,65,67,50,107,133,29,13,12"/><T62/><D121/><U58/><E117/><V106/><F113/><W14/><G119/><T6/><D126/><U116/><E134/><N who="3" m="51818" /><G29/><T86/><D131/><U130/><E130/><V110/><F72/><W18/><G80/><T99/><D34/><U15/><E27/><V48/><F48/><W122/><G122/><T83/><D38/><U2/><E15/><V60/><F9/><W23/><G102/><T129/><D129/><U35/><E89/><V42/><F42/><W104/><G50/><T36/><D36/><U118/><E118/><V11/><F11/><W84/><G84/><T31/><D70/><U92/><E81/><V57/><F69/><W66/><G56/><T22/><D31/><U123/><E58/><V95/><F106/><AGARI ba="0,0" hai="12,13,14,18,23,65,66,67,104,106,107" m="51818" machi="106" ten="40,1300,0" yaku="20,1" doraHai="1" who="3" fromWho="2" sc="250,0,250,0,250,-13,250,13" /><INIT seed="1,0,0,5,2,27" ten="250,250,237,263" oya="1" hai0="61,119,6,1,88,115,14,128,8,85,13,12,33" hai1="132,17,126,64,114,36,60,84,55,18,129,30,67" hai2="28,42,51,104,59,106,92,65,94,46,122,79,32" hai3="75,98,0,53,124,77,11,3,26,89,62,120,54"/><U38/><E114/><V134/><F122/><W91/><G120/><T4/><D115/><U80/><E132/><V100/><F134/><W37/><G37/><T73/><D73/><U71/><E129/><V118/><F118/><W63/><G77/><T5/><D119/><U127/><E67/><V39/><F79/><W110/><G75/><T99/><D99/><U43/><E55/><V50/><F39/><N who="1" m="14889" /><E43/><V7/><F7/><W41/><G53/><T70/><D128/><U35/><E35/><V45/><F59/><W93/><G54/><T107/><D107/><U90/><E30/><V10/><F10/><W19/><G11/><T47/><D47/><U22/><E22/><V116/><F116/><W131/><G131/><T130/><D33/><U97/><E97/><V23/><F65/><W9/><G9/><T112/><D112/><U66/><E66/><V103/><F32/><W87/><G98/><T83/><REACH who="0" step="1"/><D130/><REACH who="0" ten="240,250,237,263" step="2"/><U2/><E2/><V108/><F104/><W49/><G0/><T82/><D82/><U69/><E69/><V135/><F106/><W31/><G3/><T44/><D44/><U34/><E34/><V102/><F135/><W24/><G93/><T74/><D74/><U78/><E78/><V72/><F72/><W40/><G87/><T101/><D101/><U48/><E71/><V57/><F46/><W123/><G123/><T133/><D133/><U81/><E80/><V56/><F92/><W15/><G89/><T95/><D95/><U117/><E81/><V68/><F94/><W105/><G91/><T52/><D52/><U111/><E90/><RYUUKYOKU ba="0,1" sc="240,30,250,-10,237,-10,263,-10" hai0="1,4,5,6,8,12,13,14,61,70,83,85,88" /><INIT seed="2,1,1,4,3,132" ten="270,240,227,253" oya="2" hai0="104,20,35,67,14,106,82,33,102,105,81,76,8" hai1="10,28,13,120,52,96,30,36,6,107,63,9,79" hai2="60,69,74,129,91,99,54,92,123,86,68,70,103" hai3="113,78,126,97,45,32,88,17,58,50,4,29,115"/><V47/><F123/><W3/><G78/><T133/><D133/><U125/><E120/><V117/><F117/><W1/><G29/><T111/><D111/><U26/><E36/><V109/><F129/><W25/><G32/><T43/><D82/><U101/><E125/><V5/><F74/><W71/><G71/><T95/><D20/><U84/><E26/><V128/><F128/><W75/><G75/><T65/><D43/><U55/><E55/><V98/><F109/><W15/><G58/><T85/><D67/><U89/><E79/><V37/><F5/><W66/><G25/><T56/><D56/><U57/><REACH who="1" step="1"/><E10/><REACH who="1" ten="270,230,227,253" step="2"/><V53/><F60/><W62/><G126/><T44/><D8/><U135/><E135/><V27/><F27/><W108/><G62/><T22/><D76/><U39/><E39/><V64/><F64/><W110/><G66/><T51/><D65/><U16/><E16/><V77/><F77/><W93/><G17/><T131/><D131/><U83/><AGARI ba="1,2" hai="6,9,13,28,30,52,57,63,83,84,89,96,101,107" machi="83" ten="20,5200,0" yaku="1,1,0,1,7,1,54,1,53,0" doraHai="132" doraHaiUra="41" who="1" fromWho="1" sc="270,-14,230,75,227,-27,253,-14" /><INIT seed="3,0,0,2,4,110" ten="256,305,200,239" oya="3" hai0="114,116,129,109,117,25,123,89,130,51,67,9,71" hai1="53,82,48,107,11,43,18,27,34,108,78,35,44" hai2="96,59,46,126,70,42,29,41,37,91,95,134,10" hai3="54,21,101,32,75,8,5,87,83,45,40,56,49"/><W26/><G75/><T125/><D89/><U30/><E107/><V104/><F126/><W80/><G32/><T111/><D25/><U57/><E108/><N who="0" m="41545" /><D9/><U98/><E98/><V122/><F134/><W16/><G101/><T84/><D84/><U64/><E64/><V65/><F122/><W86/><G86/><T61/><D123/><U3/><E35/><V100/><F41/><W119/><G119/><N who="0" m="45643" /><D125/><U13/><E3/><V73/><F73/><W55/><G87/><T23/><D23/><U135/><E135/><V128/><F128/><N who="0" m="49258" /><D51/><U22/><E34/><V69/><F29/><W85/><G85/><T132/><D132/><U97/><E97/><V121/><F121/><W38/><REACH who="3" step="1"/><G54/><REACH who="3" ten="256,305,200,229" step="2"/><T88/><D88/><U31/><E53/><V94/><F91/><W2/><AGARI ba="0,1" hai="2,5,8,16,21,26,38,40,45,49,55,56,80,83" machi="2" ten="20,12000,1" yaku="1,1,2,1,0,1,7,1,54,1,53,0" doraHai="110" doraHaiUra="72" who="3" fromWho="3" sc="256,-40,305,-40,200,-40,229,130" owari="216,-18.4,265,6.5,160,-34.0,359,45.9" /></mjloggm>