<mjloggm ver="2.3"><GO type="225" lobby="0"/><UN n0="%E3%82%BC%E3%83%AB%E3%83%80%E3%81%AE%E4%BC%9D%E8%AA%AC" n1="%E3%83%B4%E3%83%A0%EF%BC%99%E3%81%A6" n2="%E7%AD%89%E3%80%85%E5%8A%9B%E5%8A%87%E5%A0%B4" n3="%E6%A1%9C%E8%8A%B1%E9%96%83%E3%80%85" dan="16,17,16,17" rate="2217.93,2190.48,2132.70,2150.04" sx="M,M,M,M"/><TAIKYOKU oya="0"/><INIT seed="0,0,0,3,1,103" ten="250,250,250,250" oya="0" hai0="105,130,37,11,17,75,20,104,69,89,3,9,109" hai1="115,52,80,113,76,83,40,92,26,47,21,6,67" hai2="135,94,59,30,4,78,79,64,53,87,88,84,51" hai3="29,91,18,19,72,93,128,45,44,65,101,111,35"/><T31/><D69/><U82/><E67/><V16/><F135/><W62/><G72/><T106/><D37/><U90/><E6/><V71/><F30/><W38/><G101/><T55/><D75/><U131/><E131/><V134/><F134/><W122/><G128/><T132/><D130/><U32/><E32/><V8/><F87/><W42/><G111/><T27/><D132/><U86/><E76/><V74/><F74/><W127/><G127/><T112/><D112/><U119/><E119/><V56/><F71/><W43/><G122/><T1/><D109/><U13/><E13/><N who="2" m="7207" /><F4/><W110/><G110/><T100/><D100/><U129/><E129/><V36/><F36/><W46/><G29/><T12/><D11/><U58/><E40/><V97/><F97/><W5/><G5/><T81/><REACH who="0" step="1"/><D55/><REACH who="0" ten="240,250,250,250" step="2"/><U25/><E113/><V95/><F64/><W98/><G38/><T48/><D48/><U2/><E115/><V99/><F59/><W120/><G120/><T96/><D96/><U73/><E73/><V77/><F99/><W0/><G98/><T133/><D133/><U34/><E58/><V22/><F56/><W124/><G46/><T102/><D102/><U41/><E52/><V63/><F53/><W14/><G45/><T116/><D116/><U85/><E47/><V60/><F51/><W49/><G44/><T66/><D66/><U39/><E39/><V50/><F50/><W33/><G49/><T54/><D54/><U68/><E68/><V121/><F121/><W114/><G65/><T23/><D23/><U118/><E118/><V117/><F117/><RYUUKYOKU ba="0,1" sc="240,30,250,-10,250,-10,250,-10" hai0="1,3,9,12,17,20,27,31,81,89,104,105,106" /><INIT seed="0,1,1,5,2,14" ten="270,240,240,240" oya="0" hai0="4,103,2,26,75,71,72,13,135,27,104,56,40" hai1="11,46,86,121,35,63,89,127,17,98,48,76,128" hai2="6,106,0,134,5,125,80,107,31,49,100,93,33" hai3="115,57,54,78,119,12,90,92,77,38,52,133,19"/><T34/><D56/><U41/><E121/><V58/><F134/><W36/><G115/><T15/><D26/><U65/><E35/><V61/><F125/><W131/><G119/><T22/><D135/><U112/><E127/><V50/><F107/><W111/><G133/><T10/><D40/><U114/><E128/><V88/><F106/><W24/><G131/><T67/><D15/><N who="1" m="7423" /><E98/><V60/><F0/><W94/><G111/><T91/><D91/><U124/><E124/><V70/><F33/><W3/><G3/><T64/><D64/><U105/><E105/><V51/><F31/><W117/><G24/><T82/><D82/><N who="1" m="49367" /><E76/><N who="3" m="29290" /><G117/><T20/><D2/><U83/><E83/><V44/><F80/><W25/><G25/><T68/><D68/><U69/><E41/><V99/><F70/><W116/><G94/><T110/><D110/><U29/><E29/><V73/><F73/><W129/><G129/><T43/><D43/><U85/><E85/><V39/><F39/><W28/><G28/><N who="0" m="19743" /><D72/><U62/><E62/><V16/><F61/><W66/><G116/><T74/><D74/><U130/><E130/><V21/><F44/><W113/><G38/><T96/><D75/><U42/><E42/><V59/><F60/><AGARI ba="1,1" hai="4,10,13,20,22,60,67,71,96,103,104" m="19743" machi="60" ten="30,1500,0" yaku="25,1" doraHai="14" who="0" fromWho="2" sc="270,28,240,0,240,-18,240,0" /><INIT seed="0,2,0,1,5,100" ten="298,240,222,240" oya="0" hai0="68,71,0,98,57,54,22,76,86,119,129,45,132" hai1="11,12,82,7,104,46,115,131,88,97,17,53,32" hai2="59,52,35,48,28,21,5,41,38,103,123,50,56" hai3="63,74,111,34,114,110,4,27,9,118,64,101,18"/><T70/><D119/><U13/><E32/><V47/><F123/><W14/><G118/><T84/><D0/><U8/><E131/><V89/><F35/><W72/><G114/><T33/><D33/><U55/><E115/><V49/><F5/><W126/><G101/><T1/><D1/><U61/><E61/><V120/><F120/><W77/><G126/><T90/><D129/><U87/><E97/><V94/><F103/><W79/><G79/><T29/><D132/><U25/><E104/><V23/><F38/><W124/><G124/><T3/><D45/><U26/><REACH who="1" step="1"/><E46/><REACH who="1" ten="298,230,222,240" step="2"/><V67/><F47/><W51/><G34/><T30/><D98/><U44/><E44/><V39/><F39/><W133/><G51/><T106/><D106/><U134/><E134/><V121/><F49/><W40/><G133/><T109/><D109/><U122/><E122/><V36/><F121/><W85/><G111/><T135/><D135/><U65/><E65/><V116/><F67/><W69/><G110/><T10/><D68/><U81/><E81/><V96/><F36/><W130/><G130/><T43/><D70/><U62/><E62/><V66/><F66/><W2/><G40/><T58/><D71/><U75/><E75/><V95/><F41/><W20/><G74/><T105/><D105/><U37/><E37/><V42/><F42/><W92/><G72/><T60/><D43/><U112/><E112/><V91/><F116/><W108/><G108/><T128/><D128/><U99/><E99/><V73/><F73/><W107/><G69/><T78/><D60/><U117/><E117/><RYUUKYOKU ba="2,1" sc="298,-10,230,30,222,-10,240,-10" hai1="7,8,11,12,13,17,25,26,53,55,82,87,88" /><INIT seed="1,3,1,1,5,50" ten="288,260,212,230" oya="1" hai0="32,18,63,127,47,21,10,26,57,116,4,100,81" hai1="115,74,40,94,16,6,54,128,130,133,28,70,12" hai2="75,97,118,134,101,117,98,79,106,11,55,126,109" hai3="112,34,121,24,90,135,102,58,59,2,93,80,113"/><U107/><E107/><V53/><F109/><W77/><G121/><T46/><D116/><U67/><E115/><V52/><F134/><W37/><G37/><T129/><D127/><U114/><E114/><V68/><F68/><W119/><G2/><T83/><D129/><N who="1" m="49771" /><E74/><V23/><F126/><W91/><G102/><T15/><D100/><U73/><E73/><V71/><F71/><W111/><G91/><T38/><D32/><U92/><E40/><V42/><F98/><W41/><G41/><T17/><D4/><U0/><E28/><V49/><F23/><W110/><G135/><T120/><D120/><U35/><E35/><V48/><F11/><W36/><G36/><T86/><D38/><U3/><E133/><V88/><F49/><W125/><G119/><T14/><D26/><U5/><E67/><V87/><F79/><W31/><G125/><T9/><D21/><N who="1" m="11399" /><E70/><V69/><F69/><W33/><G33/><T78/><REACH who="0" step="1"/><D83/><REACH who="0" ten="278,260,212,230" step="2"/><U22/><E22/><V8/><F118/><W30/><G112/><T103/><D103/><U66/><E5/><V61/><F117/><W95/><G113/><T51/><D51/><U99/><E6/><V43/><F48/><W122/><G122/><T20/><D20/><U76/><E0/><V89/><F43/><W105/><G34/><T45/><D45/><U108/><E3/><V1/><F42/><W19/><G24/><T44/><D44/><U39/><E39/><V65/><F1/><W85/><G80/><T7/><D7/><U104/><E108/><V62/><F101/><W64/><G111/><T131/><D131/><RYUUKYOKU ba="3,2" sc="278,30,260,-10,212,-10,230,-10" hai0="9,10,14,15,17,18,46,47,57,63,78,81,86" /><INIT seed="2,4,2,5,5,111" ten="308,250,202,220" oya="2" hai0="108,125,0,3,59,86,27,33,2,6,87,66,21" hai1="41,118,67,131,25,83,102,64,72,65,46,95,4" hai2="123,26,132,74,19,15,11,23,39,20,110,98,105" hai3="53,84,73,56,61,99,134,5,62,76,40,43,31"/><V96/><F123/><W133/><G73/><T112/><D112/><U52/><E118/><V45/><F74/><W71/><G31/><T9/><D33/><U22/><E131/><V38/><F110/><W124/><G5/><T127/><D108/><U88/><E4/><V44/><F132/><N who="3" m="50795" /><G124/><N who="0" m="47691" /><D66/><U30/><E102/><V8/><F15/><W100/><G76/><T79/><D59/><U104/><E104/><V115/><F26/><W1/><G84/><N who="0" m="32299" /><D79/><U77/><E64/><V89/><F105/><N who="3" m="63647" /><G1/><T70/><D70/><U7/><E7/><V116/><F19/><AGARI ba="4,2" hai="0,2,3,6,9,19,21,27" m="32299,47691" machi="19" ten="30,1000,0" yaku="18,1" doraHai="111" who="0" fromWho="2" sc="308,42,250,0,202,-22,220,0" /><INIT seed="3,0,0,5,1,77" ten="350,250,180,220" oya="3" hai0="18,114,66,115,20,50,125,30,53,88,45,13,32" hai1="85,7,100,38,12,62,135,103,127,102,39,6,132" hai2="124,89,58,116,29,2,134,33,95,74,83,4,21" hai3="52,87,3,133,126,73,35,51,111,79,99,17,96"/><W5/><G73/><T26/><D125/><U84/><E127/><V57/><F124/><W27/><G126/><T78/><D78/><U92/><E62/><V55/><F116/><W90/><G79/><T37/><D66/><U42/><E12/><V131/><F33/><W129/><G129/><T128/><D128/><U15/><E15/><V119/><F131/><W82/><G133/><N who="1" m="51274" /><E92/><V110/><F134/><W72/><G72/><T48/><D37/><N who="1" m="13835" /><E42/><V40/><F119/><W60/><G60/><T81/><D50/><U69/><E69/><V101/><F110/><W22/><G111/><T44/><D44/><U80/><E80/><V16/><F40/><W118/><G118/><T75/><D75/><U25/><E25/><V123/><F123/><W108/><G108/><T56/><D45/><U106/><E106/><V117/><F117/><W121/><G121/><T63/><D63/><U91/><E91/><V31/><F101/><W93/><G35/><T76/><D88/><U36/><E36/><V67/><F67/><W54/><G54/><T11/><D32/><U107/><E107/><V24/><F58/><N who="3" m="33055" /><G3/><T8/><D8/><U10/><E10/><V97/><F2/><W122/><G122/><T61/><D61/><U41/><E41/><V94/><F74/><W14/><G93/><T23/><D76/><U9/><E9/><AGARI ba="0,0" hai="5,9,14,17,22,27,82,87,90,96,99" m="33055" machi="9" ten="30,5800,0" yaku="8,1,52,1,54,1" doraHai="77" who="3" fromWho="1" sc="350,0,250,-58,180,0,220,58" /><INIT seed="3,1,0,2,1,73" ten="350,192,180,278" oya="3" hai0="54,100,96,117,95,106,131,116,4,122,126,93,57" hai1="17,22,58,62,103,56,87,129,15,71,78,97,111" hai2="34,90,77,28,6,10,109,82,50,29,52,16,19" hai3="23,133,107,2,67,0,8,91,60,32,18,63,46"/><W130/><G32/><T37/><D37/><U110/><E129/><V25/><F109/><N who="1" m="41481" /><E71/><V55/><F29/><W105/><G130/><T11/><D122/><U61/><E87/><V30/><F30/><W75/><G133/><T48/><D93/><N who="1" m="58799" /><E78/><V79/><F90/><W20/><G75/><T47/><D57/><AGARI ba="1,0" hai="15,17,22,56,57,58,61,62" m="58799,41481" machi="57" ten="30,1000,0" yaku="14,1" doraHai="73" who="1" fromWho="0" sc="350,-13,192,13,180,0,278,0" owari="337,43.7,205,-19.5,180,-32.0,278,7.8" /></mjloggm>