<mjloggm ver="2.3"><GO type="225" lobby="0"/><UN n0="%E7%AD%89%E3%80%85%E5%8A%9B%E5%8A%87%E5%A0%B4" n1="%E3%82%A2%E3%83%8A%E3%83%BC%E3%81%8D%E3%83%BC" n2="%E3%81%86%E3%83%BC%E3%81%B1%E3%83%BC" n3="%E8%81%B7%E6%A5%AD%E3%80%81%E9%A2%A8%32" dan="16,16,16,16" rate="2159.23,2101.50,2197.01,2154.67" sx="M,M,F,M"/><TAIKYOKU oya="0"/><INIT seed="0,0,0,5,4,52" ten="250,250,250,250" oya="0" hai0="84,73,48,44,50,117,128,122,58,37,110,15,23" hai1="126,33,32,8,56,119,78,79,47,82,41,51,19" hai2="86,3,31,16,66,24,93,40,89,99,46,96,38" hai3="7,25,131,35,4,13,75,104,129,54,0,5,36"/><T29/><D73/><U134/><E119/><V81/><F3/><W39/><G104/><T12/><D122/><U21/><E126/><V130/><F130/><N who="3" m="49675" /><G75/><T90/><D128/><U67/><E134/><V61/><F81/><W10/><G39/><T30/><D117/><U112/><E112/><V71/><REACH who="2" step="1"/><F16/><REACH who="2" ten="250,250,240,250" step="2"/><N who="3" m="8247" /><G36/><T132/><D37/><U20/><E19/><V53/><F53/><W1/><G54/><T97/><D12/><U59/><E82/><V100/><F100/><W70/><G70/><T68/><D15/><U127/><E127/><V17/><F17/><W103/><G103/><T22/><D68/><U80/><E80/><V116/><F116/><W55/><G55/><T106/><D132/><U57/><E41/><V133/><F133/><W95/><G95/><T118/><D118/><U60/><E67/><V45/><F45/><W88/><G88/><T108/><D90/><U98/><E47/><V87/><F87/><W69/><G69/><T114/><D84/><U135/><E135/><V62/><F62/><W2/><G2/><T101/><D44/><U91/><E60/><V105/><F105/><W6/><G6/><T124/><D101/><U11/><E79/><V72/><F72/><W102/><G102/><T113/><D106/><U85/><E78/><V64/><F64/><W63/><G63/><T26/><D124/><U77/><E77/><V42/><F42/><W125/><G125/><T74/><D74/><U49/><E85/><V9/><F9/><W123/><G123/><T120/><D120/><U76/><E76/><V109/><F109/><W43/><G43/><RYUUKYOKU ba="0,1" sc="250,-15,250,-15,240,15,250,15" hai2="24,31,38,40,46,61,66,71,86,89,93,96,99" hai3="0,1,4,5,7,25,35" /><INIT seed="1,1,1,5,5,5" ten="235,235,255,265" oya="1" hai0="31,107,79,62,129,109,14,57,27,83,40,0,28" hai1="26,118,55,51,126,81,71,75,74,112,134,34,61" hai2="84,111,3,47,20,18,86,128,120,36,64,82,92" hai3="96,58,2,46,93,9,59,53,69,1,119,65,67"/><U132/><E118/><V17/><F120/><W116/><G69/><T133/><D0/><U7/><E112/><V15/><F3/><W6/><G1/><T30/><D107/><U76/><E126/><V22/><F111/><W52/><G46/><T108/><D40/><U41/><E41/><V102/><F128/><W42/><G42/><T45/><D45/><U32/><E7/><V99/><F36/><W13/><G2/><T21/><D133/><N who="1" m="51307" /><E74/><V44/><F64/><N who="3" m="24651" /><G119/><T60/><D129/><U11/><E11/><N who="2" m="6399" /><F84/><W90/><G116/><T10/><D109/><U63/><E71/><V48/><F18/><W43/><G43/><T50/><D30/><N who="1" m="19543" /><E34/><V87/><F22/><W104/><G104/><T98/><D21/><U123/><E123/><V88/><F20/><W77/><G77/><T114/><D31/><U23/><E23/><V121/><F121/><W35/><G35/><T24/><D28/><U66/><E66/><V39/><F39/><W78/><G78/><T106/><D79/><U37/><E37/><V70/><F70/><W85/><G85/><T91/><D108/><U97/><E97/><V38/><F38/><W54/><AGARI ba="1,1" hai="6,9,13,52,53,54,58,59,90,93,96" m="24651" machi="54" ten="30,4000,0" yaku="8,1,52,1,54,1" doraHai="5" who="3" fromWho="3" sc="235,-11,235,-21,255,-11,265,53" /><INIT seed="2,0,0,5,0,56" ten="224,214,244,318" oya="2" hai0="66,101,109,14,96,133,93,39,98,19,81,32,122" hai1="35,0,36,69,64,116,106,12,25,5,72,76,28" hai2="41,7,8,27,55,105,17,61,60,74,4,123,15" hai3="86,54,130,79,118,135,37,62,82,103,112,30,83"/><V128/><F123/><W115/><G118/><T95/><D122/><U50/><E50/><V38/><F105/><W73/><G37/><T107/><D32/><U47/><E12/><N who="2" m="5127" /><F74/><W75/><G30/><T13/><D39/><U131/><E106/><V113/><F38/><W92/><G130/><T63/><D109/><U100/><E100/><V84/><F113/><N who="3" m="43595" /><G135/><T97/><D133/><U110/><E110/><V134/><F128/><W111/><G111/><T43/><D43/><N who="1" m="23015" /><E131/><V45/><F134/><W124/><G124/><T57/><D81/><N who="1" m="45191" /><E116/><V1/><F1/><W88/><G54/><T26/><D107/><U16/><E16/><V49/><F55/><W29/><G29/><T127/><D127/><U80/><E80/><V11/><F84/><N who="3" m="50199" /><G62/><N who="2" m="24169" /><F27/><W132/><G132/><T78/><D26/><U108/><E108/><V48/><F48/><W87/><G73/><T77/><D19/><AGARI ba="0,0" hai="7,11,15,17,19,41,45,49" m="24169,5127" machi="19" ten="30,11600,0" yaku="8,1,52,3" doraHai="56" who="2" fromWho="0" sc="224,-116,214,0,244,116,318,0" /><INIT seed="2,1,0,1,2,91" ten="108,214,360,318" oya="2" hai0="5,68,103,70,0,54,36,20,42,26,88,3,79" hai1="106,8,117,111,127,133,59,23,67,19,113,51,121" hai2="132,100,31,50,107,134,82,75,85,22,33,6,10" hai3="7,89,119,24,72,66,18,58,46,98,4,104,129"/><V83/><F33/><W49/><G119/><T92/><D103/><U80/><E117/><V87/><F50/><W21/><G129/><T76/><D70/><U61/><E106/><V48/><F48/><W128/><G72/><T47/><D68/><U122/><E113/><V110/><F31/><W99/><G104/><T116/><D116/><U28/><E111/><V124/><F22/><W39/><G39/><T94/><D54/><U84/><E127/><V27/><F27/><W131/><G99/><T43/><D43/><U109/><E109/><V120/><F120/><N who="1" m="46185" /><E133/><V112/><F10/><W69/><G69/><T13/><D13/><N who="1" m="9711" /><E28/><V102/><F107/><W101/><G101/><T96/><D94/><U2/><E51/><V126/><F6/><W130/><G66/><T1/><REACH who="0" step="1"/><D5/><REACH who="0" ten="98,214,360,318" step="2"/><N who="1" m="1079" /><E80/><V93/><F110/><W86/><G128/><T135/><D135/><U60/><E60/><V78/><F93/><W115/><G130/><T118/><D118/><U30/><E30/><AGARI ba="1,1" hai="0,1,3,20,26,30,36,42,47,76,79,88,92,96" machi="30" ten="40,5200,0" yaku="1,1,52,1,54,1,53,0" doraHai="91" doraHaiUra="45" who="0" fromWho="1" sc="98,65,214,-55,360,0,318,0" /><INIT seed="3,0,0,2,5,128" ten="163,159,360,318" oya="3" hai0="79,78,26,96,87,94,81,124,31,20,17,134,23" hai1="85,114,51,88,91,1,68,122,63,62,70,107,29" hai2="6,19,119,116,12,105,48,3,8,59,132,120,118" hai3="99,75,37,106,90,57,0,102,92,38,9,55,76"/><W53/><G55/><T46/><D124/><U126/><E1/><V4/><F105/><W127/><G127/><T40/><D134/><U133/><E126/><V13/><F48/><W104/><G106/><T2/><D2/><U71/><E133/><V67/><F59/><W36/><G0/><T100/><D46/><U35/><E107/><V21/><F67/><W108/><G9/><T24/><D40/><U109/><E114/><V72/><F72/><W73/><G76/><AGARI ba="0,0" hai="17,20,23,24,26,31,76,78,79,81,87,94,96,100" machi="76" ten="30,2000,0" yaku="7,1,8,1" doraHai="128" who="0" fromWho="3" sc="163,20,159,0,360,0,318,-20" owari="183,-21.7,159,-34.1,360,46.0,298,9.8" /></mjloggm>