<mjloggm ver="2.3"><GO type="225" lobby="0"/><UN n0="%E3%81%95%E3%81%8D%E3%81%9F%E3%81%BE%E6%9E%97%E6%AA%8E" n1="%72%69%6F%75%63%68%61%6E" n2="%E3%81%A1%E3%82%85%E3%81%86%E3%81%A9%E3%81%8F%E8%B1%A1%E3%81%95%E3%82%93" n3="%E3%81%9F%E3%81%93%E2%98%86%E7%84%BC%E3%81%8D" dan="16,16,17,16" rate="2093.94,2171.16,2188.47,2085.42" sx="M,M,M,M"/><TAIKYOKU oya="0"/><INIT seed="0,0,0,0,5,35" ten="250,250,250,250" oya="0" hai0="55,85,32,19,61,16,128,99,89,7,47,25,112" hai1="30,28,58,80,86,123,97,34,72,100,56,20,76" hai2="83,124,98,88,12,81,108,113,82,36,134,120,77" hai3="52,114,74,13,18,1,125,45,127,95,41,22,43"/><T60/><D112/><U117/><E117/><V104/><F36/><W69/><G74/><T31/><D128/><U119/><E119/><V96/><F113/><W0/><G69/><T122/><D122/><U109/><E123/><V46/><F120/><W3/><G95/><T94/><D7/><U105/><E109/><V14/><F108/><W65/><G65/><T42/><D99/><U133/><E133/><V73/><F46/><W9/><G114/><T87/><D87/><U4/><E4/><V54/><F54/><W93/><G93/><T66/><D55/><U40/><E40/><V53/><F53/><W101/><G101/><T75/><D75/><U2/><E2/><V38/><F38/><W116/><G116/><T63/><REACH who="0" step="1"/><D66/><REACH who="0" ten="240,250,250,250" step="2"/><U29/><E72/><V102/><F98/><W26/><G52/><T67/><D67/><U68/><E34/><V15/><F134/><W91/><G43/><T131/><D131/><U17/><REACH who="1" step="1"/><E68/><REACH who="1" ten="240,240,250,250" step="2"/><V129/><F129/><W121/><G121/><T27/><D27/><AGARI ba="0,2" hai="17,20,27,28,29,30,56,58,76,80,86,97,100,105" machi="27" ten="40,2600,0" yaku="1,1,2,1,53,0" doraHai="35" doraHaiUra="110" who="1" fromWho="0" sc="240,-26,240,46,250,0,250,0" /><INIT seed="1,0,0,1,5,8" ten="214,286,250,250" oya="1" hai0="87,44,53,32,96,90,102,43,56,4,108,20,113" hai1="71,9,134,41,27,67,107,77,83,6,61,78,95" hai2="135,99,131,10,38,88,24,29,100,34,81,33,112" hai3="111,1,51,73,7,30,101,97,91,74,65,21,46"/><U128/><E107/><V114/><F38/><W124/><G111/><T85/><D108/><U47/><E128/><V5/><F131/><W23/><G65/><T63/><D113/><N who="2" m="43626" /><F135/><W122/><G122/><T80/><D32/><U119/><E119/><V42/><F42/><W121/><G91/><T68/><D68/><U75/><E134/><V105/><F34/><W35/><G124/><T126/><D126/><U82/><E27/><V132/><F132/><W15/><G1/><T58/><D58/><U49/><E95/><V28/><F28/><W60/><G60/><T3/><D3/><U118/><E118/><V92/><F81/><W17/><G7/><T19/><D4/><U12/><REACH who="1" step="1"/><E75/><REACH who="1" ten="214,276,250,250" step="2"/><V13/><F105/><W45/><G74/><T110/><D110/><U37/><E37/><V18/><F100/><W86/><G73/><T69/><D69/><U22/><E22/><V116/><F116/><W64/><G35/><T129/><D129/><U40/><E40/><V70/><F70/><W0/><G23/><T106/><D43/><U133/><E133/><V31/><F31/><W125/><G30/><T103/><D20/><U36/><E36/><V48/><F5/><W54/><G21/><T39/><D39/><U98/><E98/><V115/><F115/><W120/><G97/><T57/><D106/><U66/><E66/><V94/><F94/><W117/><G64/><T104/><D104/><U50/><E50/><AGARI ba="0,1" hai="10,13,18,24,29,33,48,50,88,92,99" m="43626" machi="50" ten="30,3900,0" yaku="11,1,52,1,54,1" doraHai="8" who="2" fromWho="1" sc="214,0,276,-39,250,49,250,0" /><INIT seed="2,0,0,4,0,98" ten="214,237,299,250" oya="2" hai0="94,129,55,7,118,9,28,17,92,22,84,89,116" hai1="45,20,35,76,48,39,19,119,2,69,108,51,62" hai2="12,40,59,57,99,91,46,126,74,52,71,61,121" hai3="80,85,72,109,10,50,93,67,6,42,43,26,16"/><V32/><F121/><W134/><G109/><T125/><D125/><U41/><E119/><N who="0" m="45609" /><D129/><U18/><E35/><V115/><F115/><W131/><G72/><T114/><D114/><U34/><E34/><V38/><F32/><W68/><G134/><T8/><D28/><U53/><E108/><V123/><F123/><W135/><G135/><T36/><D36/><U29/><E2/><V130/><F126/><W1/><G50/><T117/><N who="0" m="45617" /><T104/><DORA hai="56" /><D104/><U58/><E76/><V27/><F130/><W106/><G106/><T77/><D77/><U95/><E95/><V132/><F132/><W127/><G93/><T63/><D94/><U110/><E110/><V25/><F74/><W60/><G127/><T107/><D107/><U100/><E100/><V4/><F91/><W23/><G131/><T88/><D89/><AGARI ba="0,0" hai="1,6,10,16,23,26,42,43,60,67,68,80,85,89" machi="89" ten="30,3900,0" yaku="7,1,52,1,54,1" doraHai="98,56" who="3" fromWho="0" sc="214,-39,237,0,299,0,250,39" /><INIT seed="3,0,0,4,0,9" ten="175,237,299,289" oya="3" hai0="6,123,98,101,28,124,46,5,13,20,92,106,100" hai1="58,118,102,132,103,15,126,83,71,134,43,59,76" hai2="113,52,122,2,19,29,65,66,49,63,31,88,55" hai3="38,108,41,21,18,95,45,56,97,74,37,32,39"/><W131/><G32/><T112/><D124/><U77/><E71/><V75/><F113/><W135/><G74/><T68/><D68/><U50/><E126/><V40/><F75/><W70/><G70/><T73/><D73/><U16/><E118/><V25/><F2/><W80/><G80/><T78/><D123/><U85/><E76/><V81/><F122/><W48/><G131/><T33/><D33/><U8/><E58/><N who="2" m="35271" /><F19/><W12/><G135/><N who="1" m="51754" /><E59/><N who="2" m="33263" /><F40/><W129/><G129/><T30/><D78/><U114/><E114/><V54/><F54/><W120/><G120/><T130/><D130/><U47/><AGARI ba="0,0" hai="8,15,16,43,47,50,77,83,85,102,103" m="51754" machi="47" ten="30,4000,0" yaku="20,1,52,1,54,1" doraHai="9" who="1" fromWho="1" sc="175,-10,237,40,299,-10,289,-20" /><INIT seed="4,0,0,2,2,67" ten="165,277,289,269" oya="0" hai0="133,34,3,20,16,39,79,126,94,15,26,99,119" hai1="56,50,7,124,61,5,38,123,116,32,51,85,54" hai2="87,53,23,131,58,49,125,93,0,47,120,82,55" hai3="110,52,115,44,46,113,70,9,17,101,10,25,104"/><T62/><D119/><U89/><E116/><V134/><F120/><W102/><G110/><T95/><D39/><U74/><E123/><V4/><F131/><W27/><G104/><T68/><D3/><U37/><E74/><V14/><F134/><W12/><G52/><T114/><D114/><U41/><E32/><V117/><F117/><W2/><G2/><T64/><D133/><U91/><E124/><V130/><F130/><W73/><G73/><T76/><D126/><U59/><E41/><V45/><F0/><W13/><G17/><T29/><REACH who="0" step="1"/><D94/><REACH who="0" ten="155,277,289,269" step="2"/><U128/><E128/><V30/><F93/><W96/><G115/><T92/><D92/><U11/><E37/><V84/><F125/><W100/><G113/><T28/><D28/><U105/><E38/><V109/><F30/><W60/><G101/><AGARI ba="0,1" hai="15,16,20,26,29,34,62,64,68,76,79,95,99,101" machi="101" ten="30,12000,1" yaku="1,1,7,1,52,1,54,1,53,1" doraHai="67" doraHaiUra="88" who="0" fromWho="3" sc="155,130,277,0,289,0,269,-120" /><INIT seed="4,1,0,2,2,100" ten="285,277,289,149" oya="0" hai0="118,76,48,62,91,13,81,74,47,63,22,52,2" hai1="119,132,124,99,103,7,5,113,117,4,95,109,1" hai2="71,15,18,36,10,84,60,116,89,133,83,127,94" hai3="37,16,87,56,104,105,101,134,92,121,0,73,93"/><T59/><D118/><U46/><E109/><V126/><F36/><W49/><G37/><T53/><D2/><U51/><E124/><V34/><F116/><W107/><G0/><T88/><D13/><U98/><E132/><V120/><F120/><W102/><G56/><T129/><D129/><U72/><E1/><V90/><F34/><W14/><G49/><T29/><REACH who="0" step="1"/><D63/><REACH who="0" ten="275,277,289,149" step="2"/><U69/><E113/><V75/><F133/><W12/><G134/><T64/><D64/><U31/><E69/><V28/><F60/><W114/><G114/><T67/><D67/><U58/><E72/><V131/><F71/><W50/><G121/><T68/><D68/><U40/><E31/><V27/><F131/><W3/><G3/><T8/><D8/><U65/><REACH who="1" step="1"/><E99/><REACH who="1" ten="275,267,289,149" step="2"/><N who="2" m="57807" /><F75/><W125/><G73/><T44/><D44/><U97/><E97/><V108/><F108/><W6/><G125/><N who="2" m="47625" /><F28/><W122/><G122/><T30/><D30/><U38/><E38/><V77/><F27/><AGARI ba="1,2" hai="22,27,29,47,48,52,53,59,62,74,76,81,88,91" machi="27" ten="40,7700,0" yaku="1,1,54,2,53,0" doraHai="100" doraHaiUra="66" who="0" fromWho="2" sc="275,100,267,0,289,-80,149,0" owari="375,47.5,267,6.7,209,-19.1,149,-35.1" /></mjloggm>