<mjloggm ver="2.3"><GO type="225" lobby="0"/><UN n0="%72%69%6F%75%63%68%61%6E" n1="%E7%AD%89%E3%80%85%E5%8A%9B%E5%8A%87%E5%A0%B4" n2="%6D%75%75%6D%75%72%61" n3="%E3%81%82%E3%81%84%E3%81%82%E3%81%8A%E3%81%84" dan="16,16,16,18" rate="2212.79,2046.81,2117.57,2210.16" sx="M,M,F,M"/><TAIKYOKU oya="0"/><INIT seed="0,0,0,3,0,111" ten="250,250,250,250" oya="0" hai0="17,31,56,109,118,86,50,70,38,135,10,89,3" hai1="85,116,68,20,14,87,97,125,53,47,77,107,58" hai2="119,5,16,110,39,81,11,51,42,83,108,127,95" hai3="120,44,73,13,28,93,104,34,37,45,113,134,132"/><T99/><D118/><U82/><E68/><V6/><F119/><W59/><G104/><T8/><D135/><N who="3" m="51753" /><G73/><T24/><D109/><N who="2" m="42090" /><F39/><W36/><G120/><T4/><D70/><U94/><E107/><V63/><F127/><W46/><G13/><T1/><D38/><N who="3" m="14953" /><G93/><T80/><D99/><U130/><E116/><V61/><F95/><W15/><G15/><T101/><D101/><U48/><E130/><V9/><F51/><W67/><G28/><T57/><D50/><U133/><E133/><V75/><F16/><W106/><G34/><T100/><D100/><U26/><E125/><V76/><F83/><W2/><G2/><T12/><REACH who="0" step="1"/><D1/><REACH who="0" ten="240,250,250,250" step="2"/><U115/><E97/><V92/><F61/><N who="3" m="38335" /><G106/><T121/><D121/><U102/><E102/><V0/><F0/><W90/><G90/><T78/><D78/><U84/><E77/><V64/><F76/><W32/><G32/><AGARI ba="0,1" hai="3,4,8,10,12,17,24,31,32,56,57,80,86,89" machi="32" ten="30,2900,0" yaku="1,1,7,1,53,0" doraHai="111" doraHaiUra="40" who="0" fromWho="3" sc="240,39,250,0,250,0,250,-29" /><INIT seed="0,1,0,2,4,11" ten="279,250,250,221" oya="0" hai0="98,48,37,43,123,26,42,14,108,125,8,101,24" hai1="1,12,129,72,80,60,130,122,92,96,51,52,23" hai2="65,104,47,76,135,87,56,44,62,99,16,83,132" hai3="9,112,106,45,131,93,119,117,10,88,35,86,28"/><T134/><D125/><U19/><E122/><V29/><F29/><W32/><G112/><T15/><D134/><U114/><E1/><V38/><F104/><W20/><G106/><T53/><D123/><U115/><E60/><V79/><F79/><W31/><G131/><N who="1" m="50186" /><E80/><V36/><F99/><W105/><G105/><T64/><D108/><U21/><E72/><V116/><F116/><W107/><G107/><T97/><D64/><U75/><E75/><V4/><F4/><W46/><G20/><T74/><D74/><U71/><E71/><V3/><F3/><W73/><G73/><T59/><D37/><U27/><E23/><V110/><F110/><W63/><G63/><T120/><D120/><U121/><E121/><V55/><F38/><W2/><G2/><T5/><D15/><U113/><E27/><N who="0" m="10281" /><D98/><U41/><E41/><V69/><F36/><W102/><G93/><AGARI ba="1,0" hai="5,8,14,42,43,48,53,59,93,97,101" m="10281" machi="93" ten="30,2900,0" yaku="8,1,52,1" doraHai="11" who="0" fromWho="3" sc="279,32,250,0,250,0,221,-32" /><INIT seed="0,2,0,4,0,79" ten="311,250,250,189" oya="0" hai0="88,72,119,76,86,67,61,24,26,4,94,131,17" hai1="105,128,106,51,82,34,66,130,100,13,64,81,46" hai2="84,56,109,95,32,77,99,11,27,117,62,118,15" hai3="97,60,122,70,129,57,5,36,65,39,74,55,42"/><T103/><D119/><U114/><E34/><V8/><F109/><W0/><G74/><T73/><D131/><N who="1" m="50219" /><E13/><V71/><F71/><W120/><G97/><T28/><D4/><U98/><E106/><V111/><F111/><W35/><G35/><T22/><D103/><U10/><E10/><V108/><F108/><W75/><G75/><T12/><D76/><U21/><E21/><V135/><F135/><W96/><G96/><T7/><D7/><U89/><E89/><V50/><F50/><N who="3" m="30967" /><G5/><T2/><D2/><U47/><E114/><V126/><F32/><W18/><G18/><T40/><D40/><N who="1" m="25031" /><E47/><V112/><F112/><W44/><G0/><T54/><D54/><U101/><E101/><V78/><F15/><W68/><G36/><T83/><D94/><U53/><E53/><V113/><F113/><W59/><G129/><T92/><D92/><U6/><E6/><V16/><F16/><W9/><G9/><T33/><REACH who="0" step="1"/><D26/><REACH who="0" ten="301,250,250,189" step="2"/><U58/><E66/><V31/><F27/><W30/><G30/><T127/><D127/><U90/><E90/><V125/><F31/><W121/><AGARI ba="2,1" hai="39,42,44,59,60,65,68,70,120,121,122" m="30967" machi="121" ten="30,4000,0" yaku="13,1,34,2" doraHai="79" who="3" fromWho="3" sc="301,-22,250,-12,250,-12,189,56" /><INIT seed="1,0,0,4,1,33" ten="279,238,238,245" oya="1" hai0="49,127,73,110,27,18,63,56,77,113,75,30,129" hai1="74,24,68,121,120,64,106,50,41,52,67,15,38" hai2="69,45,111,130,43,128,3,57,103,10,109,118,65" hai3="34,71,114,40,39,2,36,20,79,105,13,132,22"/><U124/><E74/><V62/><F103/><W4/><G71/><T81/><D110/><N who="2" m="41994" /><F10/><N who="3" m="2327" /><G105/><T80/><D127/><U102/><E124/><V60/><F3/><W94/><G79/><T8/><D129/><U104/><E38/><N who="2" m="21751" /><F118/><W48/><G39/><T135/><D135/><U107/><E41/><V46/><F46/><W101/><G40/><T17/><D113/><U85/><E102/><V53/><AGARI ba="0,0" hai="53,57,60,62,65,69,128,130" m="21751,41994" machi="53" ten="30,4000,0" yaku="14,1,34,2" doraHai="33" who="2" fromWho="2" sc="279,-10,238,-20,238,40,245,-10" /><INIT seed="2,0,0,1,5,12" ten="269,218,278,235" oya="2" hai0="67,56,101,100,115,18,53,110,3,75,24,64,77" hai1="34,4,22,71,51,73,135,33,81,90,27,128,40" hai2="97,55,26,35,107,93,66,60,17,72,89,58,87" hai3="70,69,45,78,112,63,6,44,133,5,65,11,85"/><V42/><F72/><W38/><G133/><T106/><D115/><U7/><E71/><V61/><F42/><W95/><G70/><T19/><D3/><U109/><E109/><V82/><F107/><W59/><G112/><T126/><D110/><U114/><E114/><V8/><F35/><W15/><G5/><T88/><D126/><U10/><E128/><V91/><F61/><W86/><G38/><T98/><D101/><U50/><E135/><V57/><F57/><W122/><G122/><T37/><D37/><U104/><E104/><V132/><F132/><W46/><G69/><T16/><D24/><U25/><E25/><V41/><F41/><W80/><REACH who="3" step="1"/><G95/><REACH who="3" ten="269,218,278,225" step="2"/><T0/><D0/><U76/><E7/><V125/><F125/><W120/><G120/><T49/><REACH who="0" step="1"/><D88/><REACH who="0" ten="259,218,278,225" step="2"/><U113/><E90/><V121/><F121/><W43/><G43/><T62/><D62/><U99/><E40/><V74/><F91/><W103/><G103/><T102/><D102/><U30/><E113/><V117/><F89/><W131/><G131/><T32/><D32/><U83/><E34/><V94/><F94/><W13/><G13/><T20/><D20/><U47/><E22/><V36/><F93/><W92/><G92/><T68/><D68/><U39/><E33/><V48/><F36/><W31/><G31/><T14/><D14/><U124/><E30/><V111/><F60/><W119/><G119/><T79/><D79/><U23/><E76/><V108/><F117/><W21/><G21/><T105/><D105/><U127/><E39/><V118/><F118/><W123/><G123/><RYUUKYOKU ba="0,2" sc="259,15,218,-15,278,-15,225,15" hai0="16,18,19,49,53,56,64,67,75,77,98,100,106" hai3="6,11,15,44,45,46,59,63,65,78,80,85,86" /><INIT seed="3,1,2,3,0,16" ten="274,203,263,240" oya="3" hai0="67,93,58,94,75,20,71,85,109,17,125,50,119" hai1="27,13,126,43,106,86,110,34,8,83,1,9,11" hai2="48,3,124,112,105,53,57,42,77,82,120,103,102" hai3="59,15,104,44,25,40,72,24,73,92,31,78,26"/><W64/><G104/><T38/><D119/><U63/><E106/><V60/><F112/><W121/><G121/><T69/><D75/><U54/><E1/><V0/><F120/><W61/><G78/><T18/><D38/><U132/><E110/><V96/><F103/><W127/><G127/><T84/><D109/><U130/><E130/><V107/><F107/><W12/><G31/><T22/><D125/><U88/><E126/><V123/><F123/><W76/><G92/><N who="0" m="35435" /><D69/><U4/><E132/><V134/><F134/><W29/><G29/><T135/><D71/><U97/><E97/><V45/><REACH who="2" step="1"/><F124/><REACH who="2" ten="274,203,253,240" step="2"/><W74/><REACH who="3" step="1"/><G76/><REACH who="3" ten="274,203,253,230" step="2"/><T37/><D135/><U87/><E88/><V19/><F19/><W91/><G91/><T70/><D17/><U10/><N who="1" m="2048" /><DORA hai="62" /><U89/><E89/><V52/><F52/><W128/><G128/><T80/><D18/><U95/><E54/><V33/><F33/><W101/><G101/><T114/><D114/><U2/><E34/><V100/><F100/><W66/><G66/><T47/><D67/><U36/><E4/><V39/><F39/><AGARI ba="1,4" hai="12,15,24,25,26,39,40,44,59,61,64,72,73,74" machi="39" ten="50,9600,0" yaku="1,1,52,1,53,1" doraHai="16,62" doraHaiUra="81,68" who="3" fromWho="2" sc="274,0,203,0,253,-99,230,139" owari="274,7.4,203,-19.7,154,-34.6,369,46.9" /></mjloggm>