<mjloggm ver="2.3"><GO type="225" lobby="0"/><UN n0="%E6%A1%9C%E8%8A%B1%E9%96%83%E3%80%85" n1="%E3%82%82%E3%81%90%E3%82%89" n2="%E9%87%8E%E3%80%85%E5%AE%AE%E8%97%8D" n3="%E3%83%A9%E3%83%BC%E3%83%A1%E3%83%B3%E4%BA%94%E9%83%8E" dan="18,17,17,16" rate="2270.41,2161.65,2149.09,2077.96" sx="M,M,F,M"/><TAIKYOKU oya="0"/><INIT seed="0,0,0,0,5,95" ten="250,250,250,250" oya="0" hai0="48,67,66,121,32,4,47,118,55,123,93,40,86" hai1="18,99,63,29,0,37,97,94,30,36,129,26,109" hai2="51,134,117,102,82,5,78,3,44,132,128,38,115" hai3="45,90,57,50,114,12,116,34,27,105,91,52,106"/><T126/><D32/><U6/><E109/><V74/><F115/><W31/><G114/><T81/><D118/><U108/><E108/><V16/><F117/><W69/><G116/><T87/><D126/><U112/><E112/><V23/><F128/><W79/><G69/><T61/><D4/><U122/><E122/><V76/><F76/><W60/><G79/><T131/><D131/><U2/><E129/><V9/><F102/><W33/><G33/><T11/><D11/><U59/><E18/><V46/><F38/><W1/><G1/><T124/><D124/><U7/><E94/><V28/><F28/><W110/><G110/><T120/><D93/><U70/><E59/><V8/><F8/><W80/><G12/><T77/><D87/><U17/><E17/><V98/><F98/><W21/><G34/><T43/><REACH who="0" step="1"/><D66/><REACH who="0" ten="240,250,250,250" step="2"/><U13/><E7/><V15/><REACH who="2" step="1"/><F46/><REACH who="2" ten="240,250,240,250" step="2"/><W130/><G130/><T68/><AGARI ba="0,2" hai="40,43,47,48,55,61,67,68,77,81,86,120,121,123" machi="68" ten="30,11700,0" yaku="1,1,2,1,0,1,53,1" doraHai="95" doraHaiUra="72" who="0" fromWho="0" sc="240,137,250,-39,240,-39,250,-39" /><INIT seed="0,1,0,5,5,65" ten="377,211,201,211" oya="0" hai0="90,127,84,111,58,64,134,67,24,15,113,71,30" hai1="18,40,78,89,56,92,133,70,100,49,110,61,44" hai2="39,33,28,35,59,102,94,135,57,48,23,130,50" hai3="118,107,12,124,83,81,85,8,96,120,128,82,93"/><T108/><D113/><U63/><E110/><N who="0" m="42025" /><D134/><U106/><E133/><V105/><F39/><W121/><G118/><T86/><D127/><U54/><E78/><V60/><F105/><W47/><G124/><T22/><D58/><U87/><E18/><V103/><F135/><W99/><G47/><T0/><D0/><U46/><E106/><V68/><F130/><W115/><G115/><T119/><D119/><U66/><E100/><V129/><F129/><W116/><G116/><T19/><D71/><U29/><E29/><V1/><F1/><W114/><G114/><T34/><D86/><U95/><REACH who="1" step="1"/><E46/><REACH who="1" ten="377,201,201,211" step="2"/><V132/><F132/><W80/><G128/><T37/><D37/><U6/><E6/><V101/><F28/><W73/><G107/><T131/><D131/><U122/><E122/><V88/><F103/><W7/><G73/><T16/><D19/><U45/><E45/><V25/><F102/><W5/><G5/><T76/><D76/><U104/><E104/><V38/><F101/><W79/><G120/><T43/><D43/><U53/><E53/><V97/><F88/><N who="3" m="55335" /><G121/><T21/><D34/><U10/><E10/><V2/><F35/><W98/><AGARI ba="1,1" hai="7,8,12,79,80,81,82,83,85,98,99" m="55335" machi="98" ten="30,2000,0" yaku="8,1,54,1" doraHai="65" who="3" fromWho="3" sc="377,-11,201,-6,201,-6,211,33" /><INIT seed="1,0,0,5,3,83" ten="366,195,195,244" oya="1" hai0="90,81,20,106,55,104,28,84,4,116,70,82,129" hai1="37,41,96,35,2,124,42,32,121,9,46,123,61" hai2="68,134,58,39,1,11,7,79,130,76,56,108,59" hai3="72,24,101,27,29,13,23,66,131,98,105,40,109"/><U48/><E124/><V117/><F117/><W5/><G109/><T12/><D116/><U135/><E135/><V88/><F108/><W6/><G131/><T87/><D129/><U112/><E112/><V14/><F130/><W69/><G72/><T64/><D55/><U75/><E48/><V102/><F39/><W26/><G40/><T36/><D36/><U100/><E42/><V107/><F68/><W25/><REACH who="3" step="1"/><G13/><REACH who="3" ten="366,195,195,234" step="2"/><T3/><D12/><U73/><E75/><V51/><F14/><W103/><G103/><T18/><D3/><U94/><E73/><V8/><F102/><W63/><AGARI ba="0,1" hai="5,6,23,24,25,26,27,29,63,66,69,98,101,105" machi="63" ten="30,2000,0" yaku="1,1,0,1,53,0" doraHai="83" doraHaiUra="45" who="3" fromWho="3" sc="366,-5,195,-10,195,-5,234,30" /><INIT seed="2,0,0,4,5,101" ten="361,185,190,264" oya="2" hai0="51,108,109,130,112,9,59,118,62,85,132,7,76" hai1="96,134,8,40,123,116,63,23,12,46,131,33,74" hai2="48,78,87,114,5,39,66,128,106,86,11,107,117" hai3="34,42,70,105,18,110,57,93,19,31,22,14,98"/><V24/><F39/><W126/><G70/><T77/><D112/><U44/><E33/><V2/><F114/><W104/><G110/><N who="0" m="42603" /><D132/><U41/><E116/><V47/><F117/><W15/><G126/><T67/><D118/><U82/><E134/><V120/><F120/><W16/><G42/><T75/><D75/><U49/><E123/><V20/><F66/><W124/><G124/><T37/><D37/><U0/><E131/><V97/><F128/><W56/><G34/><T28/><D130/><U29/><E63/><V129/><F129/><W53/><G31/><T1/><D28/><U36/><E96/><V61/><F61/><W68/><G68/><T58/><D85/><U115/><E115/><V99/><F99/><W38/><G38/><T30/><D30/><U135/><E135/><V103/><F107/><W43/><G43/><T60/><D51/><U95/><E95/><V121/><F78/><W3/><G3/><T50/><D50/><U35/><E35/><V65/><F121/><W91/><G18/><T127/><D127/><U122/><E122/><V100/><F65/><AGARI ba="0,0" hai="1,7,9,58,59,60,62,65,67,76,77" m="42603" machi="65" ten="30,1000,0" yaku="14,1" doraHai="101" who="0" fromWho="2" sc="361,10,185,0,190,-10,264,0" /><INIT seed="3,0,0,2,2,102" ten="371,185,180,264" oya="3" hai0="79,109,84,115,12,68,22,126,65,128,99,15,61" hai1="124,54,85,104,19,96,133,35,121,123,28,95,82" hai2="5,47,25,10,39,73,111,83,1,27,21,93,117" hai3="23,97,92,11,80,7,98,37,63,57,112,13,42"/><W120/><G112/><T56/><D115/><U131/><E104/><V106/><F117/><W2/><G120/><T18/><D109/><U78/><E131/><V4/><F106/><W3/><G80/><N who="0" m="47135" /><D68/><U41/><E124/><V110/><F5/><W0/><G23/><T36/><D36/><U74/><E74/><V118/><F93/><W59/><G63/><T32/><D32/><U53/><E133/><V29/><F27/><W122/><G122/><T70/><D70/><U44/><E19/><V62/><F62/><W60/><G60/><T94/><D128/><U64/><E64/><V66/><F66/><W40/><G98/><T52/><D126/><U34/><E123/><V49/><F118/><W43/><REACH who="3" step="1"/><G37/><REACH who="3" ten="371,185,180,254" step="2"/><T114/><D114/><U72/><E96/><V9/><F9/><W77/><G77/><T125/><D125/><U105/><E121/><V76/><REACH who="2" step="1"/><F39/><REACH who="2" ten="371,185,170,254" step="2"/><W107/><G107/><T116/><D116/><U88/><E105/><V100/><F100/><AGARI ba="0,2" hai="0,2,3,7,11,13,40,42,43,57,59,92,97,100" machi="100" ten="50,2400,0" yaku="1,1,53,0" doraHai="102" doraHaiUra="132" who="3" fromWho="2" sc="371,0,185,0,170,-24,254,44" /><INIT seed="3,1,0,0,5,97" ten="371,185,146,298" oya="3" hai0="84,114,133,121,13,10,12,115,120,27,11,95,76" hai1="36,96,100,129,107,24,78,30,42,80,71,92,41" hai2="39,59,34,124,128,40,54,116,82,85,17,99,35" hai3="126,89,0,75,119,108,60,110,53,67,83,45,55"/><W62/><G119/><T101/><D133/><U26/><E71/><V19/><F116/><W102/><G0/><T125/><D125/><U81/><E129/><V131/><F124/><W91/><G126/><T25/><D101/><U113/><E113/><N who="0" m="43017" /><D27/><U58/><E36/><V64/><F64/><W65/><G45/><T132/><D25/><U118/><E118/><V109/><F39/><W79/><G102/><T103/><D132/><U21/><E107/><V49/><F40/><W66/><G83/><N who="0" m="47207" /><D95/><U69/><E69/><V73/><F73/><W123/><G79/><T50/><D50/><U15/><E15/><N who="0" m="5705" /><D103/><U37/><E37/><V28/><F109/><N who="3" m="42091" /><G75/><T90/><D90/><N who="3" m="34313" /><G123/><AGARI ba="1,0" hai="10,11,120,121,123" m="5705,47207,43017" machi="123" ten="30,1000,0" yaku="11,1" doraHai="97" who="0" fromWho="3" sc="371,13,185,0,146,0,298,-13" owari="384,48.4,185,-21.5,146,-35.4,285,8.5" /></mjloggm>