<mjloggm ver="2.3"><GO type="225" lobby="0"/><UN n0="%E5%BC%93%E6%9C%A8%E3%81%AA%E3%81%8A" n1="%4C%4F%4C%49%54%41" n2="%72%69%6F%75%63%68%61%6E" n3="%E3%81%8B%E3%82%8F%E3%81%A1%E3%82%83%E3%82%93%35%38" dan="16,16,16,16" rate="2121.17,2188.19,2109.16,2198.36" sx="M,F,M,M"/><TAIKYOKU oya="0"/><INIT seed="0,0,0,5,1,37" ten="250,250,250,250" oya="0" hai0="44,121,107,73,33,112,127,0,45,50,90,92,60" hai1="135,115,131,132,56,125,39,118,32,2,70,19,8" hai2="65,35,21,13,76,98,57,72,4,117,54,6,128" hai3="24,129,75,104,42,20,126,41,94,119,63,43,18"/><T68/><D68/><U16/><BYE who="0" /><RYUUKYOKU type="yao9" ba="0,0" sc="250,0,250,0,250,0,250,0" hai1="2,8,16,19,32,39,56,70,115,118,125,131,132,135" /><INIT seed="0,1,0,2,2,91" ten="250,250,250,250" oya="0" hai0="89,53,23,28,79,86,92,7,95,17,4,26,32" hai1="5,9,3,129,76,8,54,18,119,98,103,125,43" hai2="110,57,62,82,131,64,59,94,39,52,55,90,113" hai3="77,19,87,1,88,118,46,67,13,37,20,108,15"/><T68/><D68/><U99/><E119/><V123/><F123/><W124/><G118/><T84/><D84/><U120/><E120/><V45/><F113/><W101/><G1/><T105/><D105/><U35/><E35/><V122/><F122/><W135/><G108/><T29/><D29/><U51/><E125/><UN n0="%E5%BC%93%E6%9C%A8%E3%81%AA%E3%81%8A" /><V41/><F110/><W25/><G135/><T97/><D53/><U2/><E129/><V117/><F117/><W121/><G121/><T14/><REACH who="0" step="1"/><D79/><REACH who="0" ten="240,250,250,250" step="2"/><U44/><E76/><V61/><F131/><W78/><G78/><T11/><D11/><U63/><E54/><V49/><F82/><W71/><G77/><T31/><D31/><U93/><E8/><V0/><F0/><W69/><G69/><T74/><D74/><U42/><E2/><V33/><F33/><W12/><G71/><T126/><D126/><U80/><E80/><V107/><F107/><W70/><G124/><T112/><D112/><U50/><E3/><V21/><F21/><W73/><G73/><T27/><D27/><U130/><E130/><V75/><F75/><W34/><G34/><T30/><D30/><U48/><E9/><V10/><F10/><W114/><G114/><T72/><D72/><U60/><E42/><V58/><F94/><N who="3" m="54559" /><G70/><T133/><D133/><U24/><E43/><V102/><F41/><N who="3" m="22831" /><G67/><T81/><D81/><U115/><E115/><V22/><F64/><W36/><G36/><T47/><D47/><U127/><E127/><V16/><F39/><W111/><G111/><T6/><D6/><U65/><E65/><V104/><F104/><W56/><G56/><RYUUKYOKU ba="1,1" sc="240,15,250,-15,250,-15,250,15" hai0="4,7,14,17,23,26,28,32,86,89,92,95,97" hai3="12,13,15,19,20,25,101" /><INIT seed="0,2,1,1,4,5" ten="255,235,235,265" oya="0" hai0="87,122,127,108,58,11,15,50,79,84,105,77,120" hai1="93,132,104,72,91,9,64,19,124,20,22,100,131" hai2="96,30,63,71,97,2,78,3,16,10,33,35,111" hai3="129,53,109,65,85,4,43,101,99,8,117,0,55"/><T98/><D127/><U83/><E124/><V113/><F113/><W90/><G117/><T37/><D37/><U125/><E125/><V48/><F111/><W67/><G43/><T18/><D108/><U86/><E132/><V1/><F78/><W13/><G109/><T12/><D79/><N who="1" m="44519" /><E64/><V70/><F48/><W74/><G74/><T7/><D105/><U14/><E131/><V73/><F73/><W54/><G129/><T42/><D98/><AGARI ba="2,1" hai="9,14,19,20,22,86,91,93,98,100,104" m="44519" machi="98" ten="30,2000,0" yaku="24,1,52,1" doraHai="5" who="1" fromWho="0" sc="255,-26,235,36,235,0,265,0" /><INIT seed="1,0,0,2,5,109" ten="229,271,235,265" oya="1" hai0="128,116,78,73,132,99,4,27,35,55,1,129,74" hai1="18,127,11,63,105,2,107,103,0,22,3,115,54" hai2="97,81,93,70,108,30,6,17,51,41,49,45,106" hai3="40,5,34,8,48,68,12,9,123,13,33,38,89"/><U53/><E127/><V61/><F108/><W84/><G123/><T57/><D116/><U75/><E75/><V72/><F106/><W110/><G38/><T10/><D132/><U39/><E39/><V66/><F6/><W88/><G68/><T104/><D35/><U16/><E115/><V37/><F30/><W98/><G110/><T125/><D27/><U32/><E32/><V58/><F17/><W47/><G98/><T126/><D99/><U65/><E103/><V124/><F124/><N who="0" m="47722" /><D104/><U86/><E107/><V94/><F94/><W21/><G21/><T20/><D20/><U120/><E120/><V102/><REACH who="2" step="1"/><F70/><REACH who="2" ten="229,271,225,265" step="2"/><W101/><G101/><T50/><D78/><AGARI ba="0,1" hai="37,41,45,49,51,58,61,66,72,78,81,93,97,102" machi="78" ten="40,2600,0" yaku="1,1,2,1,53,0" doraHai="109" doraHaiUra="117" who="2" fromWho="0" sc="229,-26,271,0,225,36,265,0" /><INIT seed="2,0,0,5,5,67" ten="203,271,261,265" oya="2" hai0="14,75,77,87,130,50,37,92,73,41,72,104,63" hai1="61,30,33,106,25,118,105,122,12,26,10,20,59" hai2="71,93,128,102,79,43,107,90,134,42,18,89,127" hai3="3,29,115,5,101,7,13,120,19,96,55,131,46"/><V111/><F128/><W62/><G120/><T11/><D130/><U22/><E118/><V117/><F117/><W38/><G131/><T119/><D104/><U91/><E122/><V64/><F127/><W8/><G115/><T70/><D37/><U112/><E112/><V57/><F134/><W99/><G29/><T31/><D31/><U49/><E49/><V123/><F123/><W21/><G7/><T48/><D119/><U40/><E40/><V78/><F111/><W52/><G99/><T32/><D32/><U68/><E33/><V82/><F71/><W6/><G6/><T132/><D132/><U45/><E45/><V135/><F135/><W113/><G113/><T17/><D41/><N who="2" m="15370" /><F107/><W129/><G129/><T15/><D15/><U103/><E103/><V56/><F18/><W53/><G38/><T116/><D116/><U54/><E91/><N who="2" m="34827" /><F64/><W100/><G100/><T9/><D9/><U47/><E47/><V124/><F124/><W83/><G83/><T28/><D28/><U69/><E106/><V34/><F34/><W110/><G110/><T86/><D92/><U133/><E105/><V108/><F108/><W121/><G121/><T51/><REACH who="0" step="1"/><D77/><REACH who="0" ten="193,271,261,265" step="2"/><N who="2" m="29194" /><F82/><W98/><G8/><T85/><D85/><U23/><E133/><V94/><F94/><W0/><G0/><T66/><AGARI ba="0,1" hai="11,14,17,48,50,51,63,66,70,72,73,75,86,87" machi="66" ten="40,12000,2" yaku="1,1,0,1,52,1,53,3" doraHai="67" doraHaiUra="44" who="0" fromWho="0" sc="193,130,271,-30,261,-60,265,-30" /><INIT seed="3,0,0,3,0,94" ten="323,241,201,235" oya="3" hai0="132,130,117,97,39,42,79,28,14,89,52,62,80" hai1="112,86,72,48,47,4,20,131,129,23,45,7,11" hai2="81,74,33,83,123,134,122,107,121,34,10,101,37" hai3="64,111,57,93,54,115,27,31,85,24,12,8,103"/><W82/><G115/><T6/><D117/><U36/><E72/><V108/><F108/><W15/><G64/><T29/><D130/><N who="1" m="49675" /><E112/><V113/><F113/><W75/><G75/><T69/><D69/><U67/><E67/><V98/><F134/><W99/><G111/><T91/><D62/><U18/><E4/><V1/><F37/><W87/><G87/><T126/><D14/><N who="3" m="5161" /><G31/><T92/><D91/><U61/><E61/><V73/><F73/><W71/><G8/><T19/><D19/><U17/><E86/><V35/><F74/><W76/><G71/><T90/><D90/><U44/><E48/><AGARI ba="0,0" hai="24,27,48,54,57,76,82,85,93,99,103" m="5161" machi="48" ten="30,2900,0" yaku="8,1,52,1" doraHai="94" who="3" fromWho="1" sc="323,0,241,-29,201,0,235,29" /><INIT seed="3,1,0,3,0,44" ten="323,212,201,264" oya="3" hai0="56,34,53,66,11,19,31,131,128,46,80,100,125" hai1="24,40,123,30,58,108,105,117,18,102,1,133,22" hai2="129,13,76,49,47,115,79,38,28,60,70,104,90" hai3="124,33,83,26,132,110,114,7,12,57,92,93,69"/><W107/><G69/><T14/><D125/><U20/><E123/><V94/><F115/><W91/><G107/><T8/><D100/><U25/><E1/><V0/><F0/><W99/><G114/><T16/><D46/><U87/><E108/><V98/><F129/><N who="0" m="49738" /><D66/><U95/><E105/><V68/><F38/><W82/><G33/><T78/><D31/><U21/><E40/><N who="2" m="24807" /><F68/><W32/><G26/><T67/><D67/><U112/><E112/><V41/><F70/><W48/><G32/><T106/><D34/><U37/><E37/><V135/><F104/><W97/><G132/><T6/><D8/><U72/><E133/><V96/><F135/><W4/><G124/><T36/><D36/><U109/><E109/><V74/><F74/><W75/><G75/><N who="0" m="43103" /><D106/><U134/><E134/><V27/><F41/><W130/><G130/><T29/><D29/><U89/><E72/><V65/><F13/><W85/><G110/><T111/><D111/><U63/><E102/><N who="2" m="60695" /><F27/><W62/><G12/><T35/><D35/><U126/><E126/><V23/><F28/><W84/><G4/><T101/><D101/><U118/><E20/><V120/><F23/><W43/><G7/><T54/><D54/><U64/><AGARI ba="1,0" hai="18,21,22,24,25,30,58,63,64,87,89,95,117,118" machi="64" ten="30,1100,0" yaku="0,1" doraHai="44" who="1" fromWho="1" sc="323,-4,212,14,201,-4,264,-6" owari="319,41.9,226,-17.4,197,-30.3,258,5.8" /></mjloggm>