<mjloggm ver="2.3"><GO type="225" lobby="0"/><UN n0="%72%61%6B%33" n1="%E9%80%86%E9%80%A3%E5%B8%AF%E3%81%AE%E9%AC%BC" n2="%E3%83%9E%E3%82%AB%E3%83%92%E3%82%AD" n3="%54%4F%52" dan="16,16,16,17" rate="2175.14,2141.80,2075.98,2260.39" sx="M,M,M,M"/><TAIKYOKU oya="0"/><INIT seed="0,0,0,2,2,0" ten="250,250,250,250" oya="0" hai0="87,11,50,2,29,26,107,58,132,28,1,127,65" hai1="21,83,102,73,48,60,98,57,118,106,54,68,14" hai2="89,25,62,78,135,74,56,22,96,109,70,44,99" hai3="90,76,108,82,103,10,100,91,15,61,19,115,104"/><T77/><D107/><U16/><E118/><V40/><F109/><W120/><G115/><T92/><D127/><U59/><E68/><V113/><F113/><W34/><G108/><T5/><D132/><U81/><REACH who="1" step="1"/><E73/><REACH who="1" ten="250,240,250,250" step="2"/><V23/><F70/><W46/><G120/><T114/><D114/><U17/><E17/><V47/><F135/><W64/><G19/><T69/><D69/><U8/><E8/><V37/><F74/><W66/><G10/><T133/><D133/><U110/><E110/><V7/><F78/><W84/><G76/><T35/><D28/><U125/><E125/><V30/><F23/><W123/><G123/><T31/><D29/><U88/><E88/><V32/><F89/><W18/><G90/><T112/><D112/><U20/><E20/><V51/><F22/><W52/><G18/><T39/><D77/><U101/><E101/><V71/><F71/><W80/><G100/><T53/><D39/><U72/><E72/><V97/><F37/><W75/><G103/><T85/><D92/><U111/><E111/><V128/><F128/><W94/><G94/><T6/><D65/><AGARI ba="0,1" hai="14,16,21,48,54,57,59,60,65,81,83,98,102,106" machi="65" ten="30,3900,0" yaku="1,1,7,1,54,1,53,0" doraHai="0" doraHaiUra="27" who="1" fromWho="0" sc="250,-39,240,49,250,0,250,0" /><INIT seed="1,0,0,5,0,122" ten="211,289,250,250" oya="1" hai0="22,40,43,71,35,94,131,2,121,134,120,45,82" hai1="51,9,1,6,93,49,56,75,23,104,133,11,111" hai2="98,21,70,34,61,64,60,58,96,19,39,54,62" hai3="85,97,119,59,53,87,52,89,99,116,114,25,80"/><U44/><E133/><V125/><F125/><W68/><G68/><T76/><D71/><U30/><E104/><V4/><F34/><W29/><G114/><T129/><D35/><U32/><E75/><V55/><F39/><W130/><G130/><N who="0" m="49675" /><D2/><U73/><E73/><V132/><F4/><W115/><G115/><T83/><D134/><U107/><E107/><V46/><F132/><W24/><G87/><T36/><D43/><U127/><E32/><V106/><F106/><W31/><G25/><T92/><D22/><U105/><E105/><V42/><F42/><W112/><G112/><T108/><D108/><U41/><E127/><V0/><F0/><W135/><G135/><T12/><D12/><U47/><E111/><V15/><REACH who="2" step="1"/><F46/><REACH who="2" ten="211,289,240,250" step="2"/><W13/><G116/><T103/><D45/><U65/><E47/><V110/><F110/><W67/><G119/><T95/><D40/><U123/><E44/><V63/><F63/><W100/><G67/><T101/><D36/><U128/><E65/><V38/><F38/><W18/><G53/><T88/><D121/><U50/><E123/><V20/><F20/><W5/><G5/><T10/><D120/><U74/><E6/><V48/><F48/><W33/><G33/><T17/><D10/><U37/><E9/><V86/><F86/><W26/><G52/><T118/><D118/><U14/><E11/><V16/><F16/><W117/><G18/><T81/><D17/><U28/><E41/><V27/><F27/><W124/><G24/><T77/><D88/><U79/><E128/><V113/><F113/><W84/><G89/><RYUUKYOKU ba="0,1" sc="211,15,289,-15,240,15,250,-15" hai0="76,77,81,82,83,92,94,95,101,103" hai2="15,19,21,54,55,58,60,61,62,64,70,96,98" /><INIT seed="2,1,1,2,0,107" ten="226,274,255,235" oya="2" hai0="33,61,106,128,40,74,25,108,103,100,24,55,17" hai1="105,5,119,132,52,124,31,51,66,120,18,75,60" hai2="2,80,112,14,21,47,87,69,131,125,97,86,27" hai3="116,83,85,78,70,63,130,129,62,45,101,111,3"/><V94/><F112/><W29/><G116/><T15/><D108/><U34/><E132/><V71/><F2/><W56/><G111/><T12/><D128/><N who="3" m="49257" /><G3/><T82/><D40/><U65/><E120/><V89/><F125/><W133/><G133/><T81/><D106/><U73/><E124/><V118/><F118/><W48/><G101/><N who="0" m="38987" /><D33/><U43/><E5/><V98/><F131/><W53/><G29/><T32/><D74/><U0/><E0/><V7/><F71/><W36/><G70/><T11/><D32/><U10/><E105/><V19/><F69/><W35/><G35/><T50/><D61/><N who="3" m="23049" /><G36/><T135/><D135/><U44/><E119/><V121/><F121/><W37/><G37/><T84/><D12/><U109/><E109/><V77/><REACH who="2" step="1"/><F47/><AGARI ba="1,1" hai="45,47,48,53,56,78,83,85" m="23049,49257" machi="47" ten="30,1000,0" yaku="19,1" doraHai="107" who="3" fromWho="2" sc="226,0,274,0,255,-13,235,23" /><INIT seed="3,0,0,5,2,119" ten="226,274,242,258" oya="3" hai0="51,83,81,69,41,61,22,42,106,8,16,128,21" hai1="5,109,104,1,74,105,39,72,27,4,132,84,116" hai2="97,20,134,6,34,56,7,60,91,76,89,45,48" hai3="112,121,37,127,124,23,79,55,28,38,14,131,44"/><W92/><G112/><T122/><D122/><U93/><E116/><V90/><F34/><W85/><G131/><T75/><D128/><U80/><E39/><V47/><F134/><W126/><G121/><T19/><D106/><U64/><E132/><V32/><F32/><W118/><G118/><T25/><D8/><U66/><E93/><V101/><F76/><W10/><G55/><T29/><D29/><U43/><E27/><V17/><F101/><W133/><G133/><T99/><D99/><U123/><E43/><V88/><N who="2" m="22528" /><DORA hai="110" /><V94/><F94/><W87/><G92/><T73/><D61/><U117/><E117/><V24/><F97/><W78/><G23/><T125/><D51/><U115/><E115/><V49/><F48/><W53/><G28/><T98/><D98/><U2/><E123/><V9/><F49/><N who="3" m="28839" /><G79/><T71/><REACH who="0" step="1"/><D25/><REACH who="0" ten="216,274,242,258" step="2"/><U113/><E105/><V57/><F9/><W13/><G13/><T0/><D0/><U70/><E104/><V86/><F47/><W114/><G114/><T30/><D30/><U65/><E113/><V96/><F45/><W68/><G38/><T36/><D36/><U63/><E1/><V77/><F96/><W111/><G37/><T3/><D3/><U59/><E2/><V26/><F26/><W135/><G135/><T12/><D12/><U50/><E50/><V15/><F15/><W100/><G14/><T54/><D54/><U108/><E63/><V102/><F60/><W62/><G10/><T52/><D52/><U67/><E4/><N who="2" m="1579" /><F102/><W58/><G100/><T46/><D46/><U18/><E5/><RYUUKYOKU ba="0,1" sc="216,15,274,-15,242,15,258,-15" hai0="16,19,21,22,41,42,69,71,73,75,81,83,125" hai2="17,20,24,56,57,77,86" /><INIT seed="4,1,1,2,5,82" ten="231,259,257,243" oya="0" hai0="84,122,49,132,53,46,51,111,14,16,50,124,110" hai1="133,3,60,128,103,114,126,120,56,13,47,4,25" hai2="98,70,116,26,90,45,38,42,78,11,79,97,121" hai3="134,48,63,10,23,96,64,52,123,135,88,109,107"/><T115/><D122/><U99/><E120/><V44/><F121/><W83/><G109/><N who="0" m="41483" /><D115/><U106/><E114/><V12/><F70/><W2/><G123/><T105/><D105/><U8/><E133/><N who="3" m="50698" /><G23/><N who="0" m="11671" /><D132/><U35/><E128/><V129/><F129/><W112/><G112/><T75/><D75/><U130/><E126/><V57/><F57/><N who="3" m="32903" /><G107/><T31/><D124/><U94/><E130/><V33/><F116/><W24/><G24/><T5/><D31/><U68/><E68/><V21/><F33/><W20/><G20/><T61/><D5/><U19/><E35/><V54/><F79/><W34/><G34/><T15/><D15/><U86/><E25/><V108/><F78/><W22/><G22/><T81/><D61/><U62/><E62/><V80/><F108/><W0/><G10/><T125/><D125/><U117/><E4/><V18/><F26/><W66/><G66/><T73/><D73/><U76/><E106/><V58/><F21/><W87/><G96/><T55/><D46/><U28/><E47/><V71/><F45/><W131/><G131/><T43/><D43/><U113/><E28/><V127/><F127/><W29/><G29/><T104/><D104/><U77/><E113/><V91/><F98/><W7/><G7/><T93/><D93/><U59/><E99/><V27/><F97/><W67/><G67/><T100/><D100/><U30/><E103/><V36/><F27/><W69/><AGARI ba="1,1" hai="0,2,63,64,69,83,87,88" m="32903,50698" machi="69" ten="30,7900,0" yaku="20,1,52,1,54,2" doraHai="82" who="3" fromWho="3" sc="231,-40,259,-21,257,-21,243,92" owari="191,-30.9,238,3.8,236,-16.4,335,43.5" /></mjloggm>