<mjloggm ver="2.3"><GO type="225" lobby="0"/><UN n0="%77%72%77%72%77%72%77%72" n1="%E5%8F%AF%E5%85%90%E9%82%A3%E7%94%B1%E5%A4%9A" n2="%E3%81%B5%E3%81%98%E3%81%8B%E3%81%A4" n3="%E3%81%BF%E3%81%BF%E3%81%9A" dan="17,17,16,16" rate="2238.37,2159.29,2200.91,2149.78" sx="M,F,M,M"/><TAIKYOKU oya="0"/><INIT seed="0,0,0,1,4,117" ten="250,250,250,250" oya="0" hai0="109,66,86,30,119,125,127,45,40,123,16,15,2" hai1="65,48,68,72,9,131,126,76,10,37,69,128,38" hai2="52,133,108,41,35,31,36,92,81,90,71,29,111" hai3="75,112,118,3,91,107,56,50,62,80,27,88,116"/><T70/><D119/><U22/><E76/><V39/><F71/><N who="1" m="27209" /><E72/><V97/><F133/><W83/><G112/><T42/><D2/><U60/><E22/><V0/><F0/><W64/><G3/><T11/><D70/><N who="1" m="42279" /><E9/><V6/><F6/><W104/><G50/><T47/><D66/><U121/><E10/><V98/><F81/><W7/><G7/><T67/><D67/><U106/><E106/><V17/><F41/><N who="0" m="15978" /><D30/><N who="2" m="11274" /><F17/><W129/><G64/><T44/><D86/><U20/><E20/><V24/><F24/><W89/><G89/><T105/><D105/><U115/><E115/><V79/><F79/><W101/><G27/><T21/><D21/><U95/><E95/><V23/><F23/><W57/><G62/><T14/><D14/><U102/><E48/><V82/><F35/><W13/><G13/><T61/><D61/><U8/><E8/><V55/><F82/><W58/><G75/><T19/><D19/><U18/><E18/><V93/><F90/><W114/><G114/><T134/><D16/><U46/><E102/><V54/><F92/><W78/><G57/><T28/><D28/><U124/><E46/><N who="0" m="18025" /><D15/><U73/><E73/><V33/><F93/><W85/><G85/><T113/><D113/><U103/><BYE who="0" /><E103/><UN n0="%77%72%77%72%77%72%77%72" /><V34/><F34/><W94/><G101/><T110/><D11/><U43/><E43/><V130/><F33/><W96/><G94/><T4/><D4/><U77/><E77/><V74/><F74/><W84/><G78/><T120/><D47/><U53/><E37/><BYE who="0" /><N who="2" m="14411" /><F130/><N who="1" m="49705" /><E38/><UN n0="%77%72%77%72%77%72%77%72" /><V135/><F135/><W132/><G129/><T87/><D134/><RYUUKYOKU ba="0,0" sc="250,-10,250,-10,250,30,250,-10" hai2="52,54,55,97,98,108,111" /><INIT seed="1,1,0,2,0,41" ten="240,240,280,240" oya="1" hai0="42,68,134,130,64,18,72,94,7,9,106,70,115" hai1="125,63,2,38,59,118,53,82,128,122,26,131,37" hai2="88,5,44,133,0,49,92,29,27,90,8,6,97" hai3="111,127,33,11,13,116,107,113,57,31,30,93,104"/><U124/><E2/><V16/><F133/><W105/><G113/><T62/><D115/><U65/><E26/><V24/><F6/><W39/><G39/><N who="1" m="14858" /><E82/><V55/><F16/><W99/><G111/><T129/><D106/><U48/><E118/><V102/><REACH who="2" step="1"/><F24/><REACH who="2" ten="240,240,270,240" step="2"/><W79/><G116/><T71/><D18/><U50/><E122/><V67/><F67/><W28/><G28/><T123/><D64/><U121/><E121/><V75/><F75/><W58/><G30/><T43/><D72/><U126/><E50/><V95/><F95/><W12/><G31/><T87/><D94/><U66/><E65/><V81/><F81/><W73/><G105/><T1/><D123/><U61/><E63/><V19/><F19/><W103/><G104/><T32/><D62/><U80/><E80/><V135/><F135/><W85/><G107/><T96/><D134/><U120/><E120/><V114/><F114/><W74/><G93/><T98/><D7/><U14/><E14/><V91/><F91/><W3/><G12/><T110/><D1/><U54/><E54/><V22/><AGARI ba="1,1" hai="0,5,8,22,27,29,44,49,55,88,90,92,97,102" machi="22" ten="20,8000,1" yaku="1,1,0,1,7,1,52,1,54,1,53,0" doraHai="41" doraHaiUra="69" who="2" fromWho="2" sc="240,-21,240,-41,270,93,240,-21" /><INIT seed="2,0,0,0,3,120" ten="219,199,363,219" oya="2" hai0="76,22,16,8,118,107,102,20,37,74,54,63,48" hai1="67,60,79,68,4,85,34,45,64,124,81,15,121" hai2="98,18,2,47,38,32,122,57,99,127,106,97,83" hai3="31,73,86,117,110,12,36,14,116,101,3,7,46"/><V88/><BYE who="0" /><F122/><UN n0="%77%72%77%72%77%72%77%72" /><W35/><G86/><T109/><D37/><U70/><E121/><V11/><F32/><W1/><G101/><T41/><D109/><U66/><E34/><V126/><F106/><W84/><G84/><T128/><D128/><U77/><E124/><V42/><F57/><W10/><G73/><T129/><D129/><U65/><E70/><V105/><F105/><W75/><G75/><T0/><D118/><N who="3" m="45673" /><G46/><T44/><D107/><U90/><REACH who="1" step="1"/><E45/><REACH who="1" ten="219,189,363,219" step="2"/><V94/><F47/><W132/><G132/><T80/><D44/><U55/><E55/><V134/><F127/><W72/><G36/><T26/><D54/><U112/><E112/><V125/><F38/><W28/><G35/><T21/><D41/><U114/><E114/><V115/><F115/><W5/><G72/><T53/><D53/><U61/><E61/><V123/><F126/><W82/><G110/><T119/><D63/><U56/><E56/><V51/><F125/><W91/><G31/><T43/><D119/><U130/><E130/><V49/><F123/><W133/><G28/><T111/><D111/><U30/><E30/><V33/><F33/><W104/><G133/><T9/><D43/><U87/><E87/><V27/><F42/><W95/><G82/><T58/><D58/><U29/><E29/><V92/><F83/><W135/><G135/><T59/><D59/><U71/><E71/><V93/><F134/><W24/><G104/><T69/><D80/><U39/><E39/><V96/><F93/><W131/><G131/><T13/><D74/><U25/><E25/><V17/><F27/><RYUUKYOKU ba="0,1" sc="219,-10,189,30,363,-10,219,-10" hai1="4,15,60,64,65,66,67,68,77,79,81,85,90" /><INIT seed="3,1,1,5,3,31" ten="209,219,353,209" oya="3" hai0="117,122,85,32,131,24,62,35,28,8,99,40,119" hai1="71,94,19,29,114,130,61,69,20,55,30,124,90" hai2="76,126,16,83,67,33,60,95,11,12,134,59,129" hai3="3,82,65,92,58,81,27,74,79,53,125,34,100"/><W21/><G3/><T107/><D122/><U128/><E114/><V23/><F126/><W6/><G125/><T112/><D131/><N who="1" m="50219" /><E124/><V18/><F134/><W36/><G36/><T63/><D112/><U120/><E120/><V7/><F33/><W77/><G6/><T102/><D40/><U123/><E123/><V104/><F104/><W46/><G34/><T89/><D35/><U108/><E108/><V54/><F95/><W51/><G100/><T25/><D25/><N who="1" m="14495" /><E55/><V14/><F54/><W4/><G92/><T101/><D101/><U91/><E91/><V64/><F64/><W133/><G4/><T70/><D8/><U52/><E52/><V118/><F118/><W80/><G133/><T105/><D105/><U39/><E39/><V2/><F129/><W103/><G103/><T38/><D38/><U43/><E43/><V57/><F2/><W48/><G74/><T50/><D50/><U110/><E110/><V96/><F7/><W87/><G79/><T9/><D9/><U135/><E135/><V0/><F0/><W15/><G15/><T72/><D72/><U13/><E13/><V5/><F5/><W84/><G77/><T73/><D73/><U26/><E26/><V109/><F109/><W88/><G88/><T75/><D75/><U97/><E61/><V42/><F42/><N who="3" m="24663" /><G65/><N who="0" m="41271" /><D63/><U121/><E121/><V44/><F96/><W17/><AGARI ba="1,1" hai="17,21,27,51,53,58,80,81,82,84,87" m="24663" machi="17" ten="30,1500,0" yaku="8,1" doraHai="31" who="3" fromWho="3" sc="209,-6,219,-6,353,-6,209,28" /><INIT seed="3,2,0,3,1,81" ten="203,213,347,237" oya="3" hai0="117,6,22,124,122,18,106,54,76,104,111,66,51" hai1="49,71,36,24,67,11,96,131,102,13,62,37,99" hai2="128,127,50,65,59,86,52,109,69,4,94,134,25" hai3="10,44,119,85,130,42,107,28,95,26,125,35,88"/><W93/><G119/><T34/><D117/><U33/><E131/><V135/><F109/><W48/><G107/><T53/><D122/><U58/><E96/><V87/><F128/><W90/><G130/><T113/><D34/><U19/><E49/><V64/><F127/><W1/><G125/><T61/><D124/><U132/><E58/><V74/><F74/><W0/><G10/><T126/><D126/><U91/><E91/><N who="2" m="53623" /><F4/><W3/><G3/><T17/><D111/><U8/><E8/><V103/><F69/><W73/><G73/><T120/><D120/><U20/><E132/><N who="2" m="50731" /><F103/><W129/><G129/><T83/><D113/><U29/><E11/><V31/><F87/><AGARI ba="2,0" hai="0,1,26,28,35,42,44,48,85,87,88,90,93,95" machi="87" ten="30,12000,1" yaku="7,1,9,1,52,2,54,1" doraHai="81" who="3" fromWho="2" sc="203,0,213,0,347,-126,237,126" owari="203,-29.7,213,-18.7,221,2.1,363,46.3" /></mjloggm>