<mjloggm ver="2.3"><GO type="225" lobby="0"/><UN n0="%72%61%6B%33" n1="%E3%81%BF%E3%81%BF%E3%81%9A" n2="%65%6B%61%72%75%74%65" n3="%E9%A2%A8%E3%81%A7%E9%B3%B4%E3%81%8F" dan="16,16,16,16" rate="2063.91,2111.99,2083.31,2162.05" sx="M,M,M,M"/><TAIKYOKU oya="0"/><INIT seed="0,0,0,2,3,115" ten="250,250,250,250" oya="0" hai0="103,94,102,69,87,1,118,86,37,52,68,128,96" hai1="44,135,16,71,33,60,117,3,9,62,46,78,85" hai2="73,120,110,126,8,4,17,75,134,127,95,112,104" hai3="79,28,93,100,30,15,77,51,108,114,50,2,20"/><T125/><D37/><U39/><E33/><V34/><F34/><W122/><G2/><T53/><D1/><U45/><E39/><V121/><F17/><W113/><G122/><N who="2" m="47209" /><F8/><W5/><G108/><T89/><D125/><N who="2" m="47626" /><F4/><W65/><G65/><T101/><D128/><U47/><E117/><V66/><F66/><W109/><G109/><T76/><D118/><U91/><E135/><V41/><F41/><W131/><G131/><T82/><REACH who="0" step="1"/><D87/><REACH who="0" ten="240,250,250,250" step="2"/><U32/><E85/><V26/><F110/><W105/><G114/><T19/><D19/><U10/><E3/><V54/><F112/><W83/><G113/><T18/><D18/><U49/><E16/><V13/><F75/><W14/><G5/><T70/><AGARI ba="0,1" hai="52,53,68,69,70,76,82,86,89,94,96,101,102,103" machi="70" ten="40,7800,0" yaku="1,1,0,1,54,1,53,0" doraHai="115" doraHaiUra="111" who="0" fromWho="0" sc="240,88,250,-26,250,-26,250,-26" /><INIT seed="0,1,0,5,2,105" ten="328,224,224,224" oya="0" hai0="97,15,67,5,80,46,51,54,64,44,87,20,34" hai1="77,47,101,121,70,92,91,124,85,24,100,2,0" hai2="122,111,58,13,98,30,108,37,103,102,81,125,115" hai3="12,76,61,69,134,6,17,82,96,114,88,8,48"/><T113/><D34/><U21/><E121/><V29/><F37/><W23/><G114/><T4/><D113/><U131/><E70/><V63/><F115/><W32/><G32/><T79/><D97/><U71/><E71/><V40/><F40/><W99/><G134/><T119/><D119/><U42/><E124/><V65/><F122/><W59/><G48/><T75/><D75/><U83/><E131/><V39/><F39/><W95/><BYE who="2" /><G69/><T16/><REACH who="0" step="1"/><D44/><REACH who="0" ten="318,224,224,224" step="2"/><U130/><E130/><V84/><F84/><W78/><G99/><T18/><D18/><U66/><E47/><V94/><F94/><W49/><G82/><T112/><D112/><U11/><E92/><V106/><F106/><W107/><G107/><T53/><D53/><U133/><E85/><V68/><F68/><W14/><REACH who="3" step="1"/><G49/><REACH who="3" ten="318,224,224,214" step="2"/><T56/><D56/><U19/><E83/><V73/><F73/><W86/><G86/><T128/><D128/><U55/><E133/><V120/><F120/><W33/><G33/><T129/><D129/><U57/><E57/><V93/><F93/><W116/><G116/><T35/><D35/><U28/><E100/><V135/><F135/><W132/><G132/><T10/><D10/><U31/><E101/><V41/><F41/><W1/><G1/><T25/><D25/><N who="1" m="16431" /><E42/><V109/><F109/><W52/><AGARI ba="1,2" hai="6,8,12,14,17,23,52,59,61,76,78,88,95,96" machi="52" ten="20,12000,2" yaku="1,1,0,1,7,1,8,1,54,2,53,1" doraHai="105" doraHaiUra="7" who="3" fromWho="3" sc="318,-61,224,-31,224,-31,214,143" /><INIT seed="1,0,0,2,2,42" ten="257,193,193,357" oya="1" hai0="132,49,29,91,129,78,107,43,71,87,51,112,3" hai1="63,66,18,130,48,28,133,2,99,126,64,119,30" hai2="60,5,25,73,101,50,22,36,40,52,75,54,105" hai3="114,34,41,118,69,72,13,125,106,81,83,123,135"/><U45/><E119/><V21/><F21/><W8/><RYUUKYOKU type="yao9" ba="0,0" sc="257,0,193,0,193,0,357,0" hai3="8,13,34,41,69,72,81,83,106,114,118,123,125,135" /><INIT seed="1,1,0,1,0,65" ten="257,193,193,357" oya="1" hai0="118,29,128,51,123,16,47,56,130,19,124,101,122" hai1="17,121,21,28,94,38,41,82,76,116,78,9,75" hai2="111,117,106,35,55,96,71,30,132,39,22,0,84" hai3="73,105,79,129,40,104,33,63,42,115,45,127,99"/><U12/><E116/><V4/><F4/><W2/><G33/><T34/><D118/><U125/><E121/><N who="0" m="46089" /><D101/><U20/><E125/><V80/><F80/><W46/><G115/><T49/><D124/><U25/><E78/><V98/><F98/><W64/><G127/><T114/><D114/><U50/><E38/><V31/><F31/><W62/><G2/><T43/><D29/><U54/><E41/><V68/><F68/><W109/><G109/><T5/><D34/><U10/><REACH who="1" step="1"/><E94/><REACH who="1" ten="257,183,193,357" step="2"/><V44/><F44/><AGARI ba="1,1" hai="9,10,12,17,20,21,25,28,44,50,54,75,76,82" machi="44" ten="30,5800,0" yaku="1,1,2,1,7,1,53,0" doraHai="65" doraHaiUra="83" who="1" fromWho="2" sc="257,0,183,71,193,-61,357,0" /><INIT seed="1,2,0,0,4,91" ten="257,254,132,357" oya="1" hai0="10,12,80,111,16,101,106,73,109,85,72,100,110" hai1="96,53,24,98,65,32,84,58,40,28,86,78,51" hai2="99,132,74,57,29,42,62,112,49,47,117,50,89" hai3="36,7,128,5,127,15,81,119,25,43,122,30,34"/><U66/><E40/><V115/><F115/><W82/><G122/><T103/><REACH who="0" step="1"/><D106/><REACH who="0" ten="247,254,132,357" step="2"/><U18/><E18/><V64/><F64/><W17/><G17/><T69/><D69/><U114/><E114/><V70/><F70/><W9/><G5/><T77/><AGARI ba="2,1" hai="10,12,16,72,73,77,80,85,100,101,103,109,110,111" machi="77" ten="40,8000,1" yaku="21,2,0,1,14,1,54,1,53,0" doraHai="91" doraHaiUra="95" who="0" fromWho="0" sc="247,96,254,-42,132,-22,357,-22" /><INIT seed="2,0,0,0,2,64" ten="343,212,110,335" oya="2" hai0="39,0,101,109,49,17,96,4,97,15,123,69,108" hai1="1,132,70,99,26,94,90,110,75,74,9,3,98" hai2="127,34,65,40,122,92,20,81,100,16,43,58,32" hai3="56,80,72,44,7,51,134,59,41,79,12,14,42"/><V27/><F27/><W114/><G134/><T133/><D39/><U125/><E110/><V35/><F35/><W6/><G114/><T8/><D123/><U2/><E132/><V67/><F67/><W89/><G89/><T25/><D133/><U107/><E125/><V28/><F28/><W130/><G130/><T10/><D69/><U5/><E70/><V124/><F124/><W54/><G56/><T48/><D25/><U135/><E135/><V115/><F115/><W103/><G103/><T113/><D113/><U52/><E26/><V106/><F106/><W77/><G77/><T86/><D86/><U76/><E52/><V11/><F11/><W73/><G73/><T78/><D78/><U38/><E38/><V29/><F29/><W23/><G42/><T119/><D119/><U131/><E131/><V116/><F116/><W118/><G118/><T104/><D97/><U46/><E46/><V61/><F61/><W128/><G128/><T112/><D112/><U93/><E107/><V53/><F53/><W24/><G12/><T66/><D66/><U30/><E30/><V18/><F18/><W102/><G14/><T82/><D82/><U126/><E126/><V68/><F68/><W36/><G102/><T57/><D57/><U91/><REACH who="1" step="1"/><E76/><REACH who="1" ten="343,202,110,335" step="2"/><V71/><F71/><W55/><G54/><T117/><D117/><U60/><E60/><V62/><F62/><W19/><AGARI ba="0,1" hai="6,7,19,23,24,36,41,44,51,55,59,72,79,80" machi="19" ten="20,1500,0" yaku="0,1,7,1" doraHai="64" who="3" fromWho="3" sc="343,-4,202,-4,110,-7,335,25" /><INIT seed="3,0,0,0,2,108" ten="339,198,103,360" oya="3" hai0="19,87,71,61,62,0,12,125,33,50,73,95,17" hai1="54,31,63,84,101,99,134,18,28,49,85,88,119" hai2="113,57,120,79,39,123,76,64,3,104,132,98,96" hai3="60,27,24,77,34,133,26,25,22,55,56,66,107"/><W70/><G107/><T97/><D0/><U94/><E134/><V75/><F75/><W46/><G133/><T5/><D73/><U100/><E119/><V51/><F51/><W131/><G131/><T47/><D33/><U127/><E127/><V122/><F122/><W109/><G109/><T8/><D125/><U105/><E85/><V67/><F67/><W116/><G116/><T65/><D62/><U117/><E117/><V68/><F68/><UN n2="%65%6B%61%72%75%74%65" /><W14/><G14/><T40/><REACH who="0" step="1"/><D87/><REACH who="0" ten="329,198,103,360" step="2"/><U78/><E101/><AGARI ba="0,1" hai="5,8,12,17,19,40,47,50,61,65,71,95,97,101" machi="101" ten="30,8000,1" yaku="1,1,2,1,7,1,53,2" doraHai="108" doraHaiUra="13" who="0" fromWho="1" sc="329,90,198,-80,103,0,360,0" owari="419,51.9,118,-28.2,103,-39.7,360,16.0" /></mjloggm>