<mjloggm ver="2.3"><GO type="225" lobby="0"/><UN n0="%E5%B8%86%E7%AB%8B%E5%A4%8F%E8%A1%A3" n1="%E9%80%9F%E6%B0%B4%E5%87%9B%E9%A6%99" n2="%E5%80%89%E6%A9%8B%EF%BC%A0%E4%BA%8B%E5%8B%99" n3="%6D%75%75%6D%75%72%61" dan="17,16,16,17" rate="2140.86,2168.08,2127.83,2212.29" sx="M,F,M,F"/><TAIKYOKU oya="0"/><INIT seed="0,0,0,3,3,116" ten="250,250,250,250" oya="0" hai0="43,46,74,39,8,64,56,90,77,72,115,102,98" hai1="106,35,123,103,99,44,92,118,79,129,52,117,94" hai2="71,22,67,130,73,6,89,81,66,91,15,3,9" hai3="49,18,133,54,48,113,11,125,20,109,121,120,27"/><T31/><D115/><U59/><E35/><V82/><F130/><W131/><G113/><T4/><D90/><U29/><E29/><V128/><F128/><W32/><G131/><T132/><D132/><U105/><E129/><V80/><F73/><W14/><G109/><T75/><D31/><U112/><E79/><V40/><F40/><W13/><G133/><T36/><D36/><U2/><E2/><V70/><F3/><W58/><G125/><T25/><D25/><U30/><E30/><V87/><F91/><W21/><G32/><T86/><D86/><U124/><E112/><V114/><F114/><W28/><REACH who="3" step="1"/><G49/><REACH who="3" ten="250,250,250,240" step="2"/><T135/><D135/><U63/><E124/><V97/><F70/><W68/><G68/><T126/><D126/><U100/><E118/><V108/><F71/><W65/><G65/><T107/><D64/><U42/><E117/><V16/><F108/><W95/><G95/><T127/><D127/><U26/><E123/><V61/><F67/><W34/><G34/><T37/><D37/><U45/><E94/><N who="2" m="56527" /><F66/><W19/><AGARI ba="0,1" hai="11,13,14,18,19,20,21,27,28,48,54,58,120,121" machi="19" ten="30,12000,2" yaku="1,1,0,1,52,2,53,2" doraHai="116" doraHaiUra="119" who="3" fromWho="3" sc="250,-60,250,-30,250,-30,240,130" /><INIT seed="1,0,0,0,1,121" ten="190,220,220,370" oya="1" hai0="104,32,80,2,127,22,132,88,50,87,94,47,89" hai1="20,7,56,48,112,122,100,90,76,69,84,39,125" hai2="6,83,131,9,15,27,65,95,44,42,68,40,38" hai3="36,19,14,23,74,86,33,105,43,29,113,115,17"/><U62/><E39/><V63/><F131/><W110/><G74/><T111/><D111/><U31/><E112/><N who="3" m="43082" /><G105/><T128/><D127/><U99/><E122/><V109/><F42/><W28/><G86/><T60/><D132/><U81/><E125/><V108/><F95/><W13/><G43/><T118/><D118/><U96/><E7/><V133/><F133/><W58/><G58/><T67/><D128/><U119/><E119/><V134/><F134/><W8/><G36/><T93/><D32/><U34/><E34/><V21/><REACH who="2" step="1"/><F83/><REACH who="2" ten="190,220,210,370" step="2"/><W18/><G33/><T82/><D104/><U130/><E81/><V55/><F55/><W92/><G92/><T35/><D35/><U79/><E130/><V11/><F11/><W85/><G8/><T123/><D123/><U53/><E53/><V52/><F52/><W117/><G117/><T72/><D94/><U103/><E103/><V114/><F114/><W124/><G124/><T116/><D116/><U73/><E100/><V106/><F106/><W41/><G41/><N who="0" m="24943" /><D82/><U49/><E49/><V101/><F101/><W77/><G23/><T102/><D22/><U1/><E20/><V107/><F107/><W78/><G78/><N who="0" m="44103" /><D102/><U12/><E79/><V75/><F75/><W5/><G77/><T4/><D89/><U54/><E76/><V0/><F0/><W3/><G3/><T25/><D2/><U16/><E1/><V98/><F98/><W57/><G85/><T46/><D46/><U45/><E73/><V97/><F97/><N who="1" m="37449" /><E84/><V37/><F37/><W59/><G5/><T61/><D4/><U51/><E90/><RYUUKYOKU ba="0,1" sc="190,-10,220,-10,210,30,370,-10" hai2="6,9,15,21,27,38,40,44,63,65,68,108,109" /><INIT seed="2,1,1,3,2,49" ten="180,210,240,360" oya="2" hai0="1,82,133,78,25,8,119,45,43,2,55,20,14" hai1="125,122,88,107,91,19,73,50,18,123,61,32,105" hai2="90,87,57,98,39,135,97,92,46,110,75,128,33" hai3="63,120,53,131,109,101,69,114,62,130,89,60,58"/><V42/><F75/><W54/><G101/><T84/><D133/><U74/><E32/><V112/><F112/><W0/><G0/><T132/><D132/><U13/><E61/><N who="3" m="23658" /><G120/><N who="1" m="46122" /><E125/><V41/><F135/><W67/><G89/><N who="1" m="34378" /><E19/><V16/><F33/><W124/><G124/><T27/><D119/><U12/><E12/><V111/><F128/><N who="3" m="49195" /><G109/><N who="2" m="41481" /><F42/><W29/><G29/><T96/><D2/><U35/><E35/><V26/><F57/><W115/><G58/><T59/><D1/><U80/><E50/><V86/><F98/><W81/><G81/><T6/><D96/><U106/><E80/><V52/><F39/><W40/><G40/><T85/><D20/><AGARI ba="1,1" hai="13,18,20,73,74,105,106,107" m="34378,46122" machi="20" ten="40,2600,0" yaku="13,1,54,1" doraHai="49" who="1" fromWho="0" sc="180,-29,210,39,240,0,360,0" /><INIT seed="3,0,0,0,4,13" ten="151,249,240,360" oya="3" hai0="68,88,41,51,59,102,34,62,37,19,105,21,109" hai1="127,64,101,54,55,57,131,129,119,4,133,130,124" hai2="134,73,78,8,83,36,112,28,94,115,50,5,25" hai3="67,15,14,106,77,18,122,3,56,39,0,103,49"/><W38/><G77/><T118/><D109/><U72/><E101/><V120/><F36/><W84/><G84/><T117/><D34/><U71/><E4/><V66/><F134/><W42/><G14/><T125/><D125/><N who="1" m="48203" /><E72/><V7/><F120/><W30/><G30/><T63/><D105/><U95/><E95/><V90/><F66/><W99/><G67/><T29/><D102/><U11/><E11/><V87/><F50/><W74/><G0/><T65/><D29/><U91/><E91/><V135/><F135/><W1/><G1/><T97/><D97/><U33/><E33/><V126/><F126/><W6/><G6/><T93/><D93/><U86/><E86/><V100/><F100/><W96/><G74/><T9/><D9/><U110/><E133/><V132/><F5/><W60/><G122/><T27/><D88/><U44/><E119/><V58/><F132/><W12/><G3/><T45/><D63/><N who="1" m="40351" /><E110/><V35/><F58/><W46/><G56/><T2/><D2/><AGARI ba="0,0" hai="2,7,8,25,28,35,73,78,83,87,90,94,112,115" machi="2" ten="30,1000,0" yaku="7,1" doraHai="13" who="2" fromWho="0" sc="151,-10,249,0,240,10,360,0" owari="141,-35.9,249,-15.1,250,5.0,360,46.0" /></mjloggm>