<mjloggm ver="2.3"><GO type="225" lobby="0"/><UN n0="%E3%81%99%E3%81%84%E3%81%BE%E3%81%9B%E3%83%BC%E3%82%93" n1="%E3%81%86%E3%82%8C%E3%81%9F%E3%82%93%E6%9E%95" n2="%33%74%72%65%65" n3="%41%54%53%4D" dan="16,16,17,16" rate="2126.82,2153.68,2157.14,2109.48" sx="M,F,F,M"/><TAIKYOKU oya="0"/><INIT seed="0,0,0,3,1,29" ten="250,250,250,250" oya="0" hai0="62,70,51,19,2,123,59,10,118,130,52,131,117" hai1="81,84,114,14,56,24,113,11,65,49,119,121,77" hai2="74,68,18,135,108,66,17,89,111,88,124,125,128" hai3="105,103,95,63,6,47,92,48,112,76,28,44,4"/><T60/><D123/><U106/><E119/><N who="0" m="45577" /><D2/><U94/><E121/><V126/><F74/><W9/><G112/><T109/><D19/><N who="2" m="7178" /><F135/><W5/><G105/><T116/><D10/><U80/><E106/><V37/><F37/><W0/><G28/><T87/><D87/><U82/><E24/><V41/><F41/><W22/><G22/><T40/><D116/><U30/><E30/><V55/><F128/><N who="0" m="49194" /><D109/><N who="2" m="42058" /><F55/><W57/><G76/><T97/><D97/><U120/><E120/><V25/><F25/><W122/><G122/><T79/><D79/><U78/><E113/><V31/><F31/><W101/><G9/><T90/><D90/><N who="2" m="34922" /><F66/><W13/><G0/><T115/><D115/><U91/><E114/><V45/><F45/><W15/><G57/><T36/><D70/><AGARI ba="0,0" hai="68,70,124,125,126" m="34922,42058,7178" machi="70" ten="40,8000,1" yaku="28,2,18,1,14,1,54,1" doraHai="29" who="2" fromWho="0" sc="250,-80,250,0,250,80,250,0" /><INIT seed="1,0,0,5,0,53" ten="170,250,330,250" oya="1" hai0="58,69,23,71,131,123,34,72,10,132,119,106,113" hai1="64,32,114,129,13,85,55,5,91,84,130,83,82" hai2="79,81,42,57,50,19,15,52,38,98,96,44,68" hai3="104,48,99,33,35,47,107,73,2,65,62,54,90"/><U3/><E114/><V112/><F68/><W30/><G2/><T93/><RYUUKYOKU type="yao9" ba="0,0" sc="170,0,250,0,330,0,250,0" hai0="10,23,34,58,69,71,72,93,106,113,119,123,131,132" /><INIT seed="1,1,0,0,4,83" ten="170,250,330,250" oya="1" hai0="120,29,24,119,16,4,71,34,30,41,96,8,0" hai1="105,44,78,66,3,132,67,129,113,11,20,40,121" hai2="39,124,63,126,89,85,51,32,21,77,92,123,104" hai3="99,112,36,130,91,68,95,9,122,33,15,17,6"/><U18/><E129/><V25/><F39/><W98/><G122/><T111/><D71/><U97/><E132/><V57/><F123/><W100/><G112/><T75/><D120/><U133/><E133/><V26/><F104/><W27/><G68/><T61/><D75/><U108/><E113/><V23/><F77/><W117/><G36/><T52/><D119/><U103/><E121/><V79/><F79/><W110/><G130/><T114/><D114/><U45/><E108/><V73/><F73/><W2/><G110/><T82/><D41/><U7/><E78/><V14/><F51/><W72/><G72/><T101/><D111/><U88/><E88/><V65/><F32/><W10/><G117/><T116/><D116/><U55/><E55/><V13/><F23/><W1/><G27/><N who="2" m="10249" /><F21/><W31/><G33/><T37/><D37/><U22/><E22/><V87/><F87/><W128/><G128/><T81/><D30/><U48/><REACH who="1" step="1"/><E45/><REACH who="1" ten="170,240,330,250" step="2"/><V109/><F109/><W5/><G31/><T69/><D29/><U58/><E58/><V12/><F57/><W70/><G70/><T64/><D34/><U35/><E35/><V127/><F65/><W106/><REACH who="3" step="1"/><G1/><REACH who="3" ten="170,240,330,240" step="2"/><T90/><D0/><U50/><E50/><V115/><F115/><W93/><G93/><T118/><D69/><U49/><E49/><V46/><F46/><W125/><G125/><T60/><D118/><U131/><E131/><V28/><F63/><W102/><G102/><T107/><D101/><U59/><E59/><V19/><F126/><W84/><G84/><T42/><D61/><U54/><E54/><RYUUKYOKU ba="1,2" sc="170,-15,240,15,330,-15,240,15" hai1="3,7,11,18,20,40,44,48,66,67,97,103,105" hai3="2,5,6,9,10,15,17,91,95,98,99,100,106" /><INIT seed="1,2,2,3,1,40" ten="155,255,315,255" oya="1" hai0="115,31,101,82,39,57,44,3,84,34,19,9,61" hai1="33,13,104,114,47,85,64,26,90,118,99,88,25" hai2="134,46,36,79,65,24,23,10,55,87,29,81,91" hai3="73,5,107,105,74,54,60,35,77,119,59,27,43"/><U112/><E118/><V69/><F134/><W18/><G119/><T62/><D115/><U89/><E64/><V109/><F109/><W83/><G5/><T95/><D34/><U116/><E116/><V117/><F117/><W11/><G74/><T126/><D31/><U38/><E26/><V53/><F10/><W7/><G43/><T17/><D126/><U106/><E38/><V75/><F69/><W96/><G96/><T56/><D3/><U98/><E47/><V128/><F65/><W133/><G133/><T41/><D57/><U93/><E13/><V97/><F97/><N who="1" m="36873" /><E25/><V4/><F4/><W129/><G129/><T30/><D30/><U130/><E33/><V2/><F2/><W68/><G68/><T50/><D95/><N who="1" m="54671" /><E130/><V70/><F128/><W22/><REACH who="3" step="1"/><G35/><REACH who="3" ten="155,255,315,245" step="2"/><T100/><D100/><U21/><E21/><V0/><F70/><W45/><G45/><T121/><D101/><U15/><E114/><V127/><F46/><W111/><G111/><T20/><D121/><U28/><E112/><V135/><F23/><W1/><AGARI ba="2,3" hai="1,7,11,18,22,27,54,59,60,73,77,83,105,107" machi="1" ten="20,2700,0" yaku="1,1,0,1,7,1,53,0" doraHai="40" doraHaiUra="80" who="3" fromWho="3" sc="155,-9,255,-15,315,-9,245,63" /><INIT seed="2,0,0,4,5,133" ten="146,240,306,308" oya="2" hai0="68,103,99,114,127,59,128,15,72,5,37,135,106" hai1="22,47,50,70,123,52,90,31,112,26,91,80,86" hai2="56,45,102,55,27,13,61,109,54,35,111,74,105" hai3="126,58,88,97,34,75,69,81,1,11,33,94,120"/><V82/><F13/><W10/><G69/><T110/><RYUUKYOKU type="yao9" ba="0,0" sc="146,0,240,0,306,0,308,0" hai0="5,15,37,59,68,72,99,103,106,110,114,127,128,135" /><INIT seed="2,1,0,5,4,7" ten="146,240,306,308" oya="2" hai0="95,96,115,125,99,6,5,45,86,69,106,25,57" hai1="55,91,90,49,17,74,73,14,113,89,93,112,62" hai2="35,111,76,120,109,85,37,130,19,51,46,81,32" hai3="80,68,67,15,27,47,41,105,1,21,123,71,34"/><V102/><F120/><W122/><G105/><T29/><D69/><U11/><E62/><V33/><F130/><W116/><G116/><T64/><D115/><U114/><REACH who="1" step="1"/><E93/><REACH who="1" ten="146,230,306,308" step="2"/><V101/><F37/><N who="3" m="21935" /><G123/><T38/><D38/><U132/><E132/><V135/><F135/><W59/><G122/><T98/><D106/><U63/><E63/><V118/><F118/><W28/><G71/><T82/><D125/><U108/><E108/><N who="2" m="41547" /><F19/><W97/><G68/><T65/><D95/><U72/><E72/><V42/><AGARI ba="1,1" hai="32,33,35,42,46,51,76,81,85,101,102" m="41547" machi="42" ten="40,3900,0" yaku="14,1,10,1" doraHai="7" who="2" fromWho="2" sc="146,-14,230,-14,306,52,308,-14" /><INIT seed="2,2,0,5,5,59" ten="132,216,358,294" oya="2" hai0="27,86,121,100,56,37,120,66,11,110,67,96,8" hai1="13,79,73,113,33,28,115,30,80,51,135,21,10" hai2="99,108,55,52,20,31,131,42,7,9,75,35,19" hai3="6,5,134,14,4,126,53,64,69,119,87,94,95"/><V114/><F114/><W44/><G119/><T133/><D110/><U38/><E135/><V98/><F108/><W0/><G134/><T112/><D112/><U1/><E38/><V91/><F131/><W132/><G132/><T46/><D133/><U109/><E109/><V82/><F42/><W76/><G0/><T125/><D125/><U118/><E118/><V111/><F111/><W130/><G130/><T127/><D127/><U26/><E1/><V45/><F31/><W85/><G126/><T24/><D86/><U74/><E74/><V58/><F35/><W63/><G14/><T84/><D84/><U57/><E28/><V60/><F91/><W62/><G87/><T88/><D46/><U97/><E97/><V81/><F9/><W117/><G117/><T65/><D37/><U48/><E33/><V83/><F7/><W101/><G64/><T90/><D65/><U103/><E103/><V123/><F123/><W122/><G69/><T2/><D2/><U17/><E51/><N who="2" m="28783" /><F75/><W23/><G122/><T93/><D100/><U34/><E34/><V32/><F32/><W102/><G23/><T43/><D43/><U106/><E106/><V50/><F60/><N who="3" m="23083" /><G76/><T71/><D71/><U105/><E105/><V116/><F116/><W12/><G12/><AGARI ba="2,0" hai="12,19,20,50,55,58,81,82,83,98,99" m="28783" machi="12" ten="30,2900,0" yaku="8,1,54,1" doraHai="59" who="2" fromWho="3" sc="132,0,216,0,358,35,294,-35" /><INIT seed="2,3,0,1,2,131" ten="132,216,393,259" oya="2" hai0="103,87,72,44,93,32,91,128,17,48,7,109,28" hai1="111,85,19,119,82,8,31,120,3,94,76,100,57" hai2="88,121,125,75,101,23,41,11,89,26,24,117,134" hai3="95,60,40,25,132,4,59,62,43,49,105,22,36"/><V107/><F117/><W33/><G105/><T53/><D128/><U58/><E119/><V37/><F121/><W99/><G33/><T116/><D116/><U108/><E120/><V38/><F75/><W34/><G34/><T45/><D109/><N who="1" m="42059" /><E31/><V69/><F69/><W113/><G113/><T118/><D118/><U52/><E19/><V73/><F73/><W30/><G36/><T20/><D72/><U81/><E81/><V16/><F26/><W110/><G110/><T114/><D114/><U61/><E58/><V86/><F11/><W123/><G123/><T51/><D7/><N who="1" m="1151" /><E94/><V92/><F92/><W12/><G12/><T112/><D112/><U67/><E100/><V74/><F101/><W97/><G4/><T54/><D103/><U63/><E63/><V13/><F107/><W70/><G70/><T84/><D32/><U47/><E47/><V5/><F16/><W79/><G62/><T115/><D115/><U77/><E67/><V96/><F5/><W129/><G129/><T50/><D28/><U90/><AGARI ba="3,0" hai="52,57,61,76,77,82,85,90" m="1151,42059" machi="90" ten="30,2000,0" yaku="14,1,54,1" doraHai="131" who="1" fromWho="1" sc="132,-8,216,29,393,-13,259,-8" /><INIT seed="3,0,0,5,3,38" ten="124,245,380,251" oya="3" hai0="122,7,1,110,98,33,14,93,45,6,76,31,5" hai1="3,99,61,111,28,86,115,84,83,46,47,116,30" hai2="35,117,17,60,109,85,134,106,54,58,119,73,112" hai3="97,21,56,44,10,51,19,123,53,80,67,26,132"/><W9/><G123/><T128/><D122/><U49/><E115/><V131/><F35/><W39/><G132/><T68/><D68/><U4/><E111/><V2/><F73/><W77/><G97/><T23/><D76/><U12/><E3/><V133/><F2/><W70/><G70/><T72/><D72/><U92/><E116/><V11/><F112/><W90/><G90/><T52/><D110/><U81/><E61/><V20/><F109/><W107/><G107/><T71/><D71/><U13/><E4/><V62/><F131/><W18/><G18/><T126/><D128/><U55/><E47/><V82/><F106/><W34/><G34/><T78/><D78/><N who="1" m="46135" /><E86/><V32/><F32/><W114/><G114/><T75/><D75/><U121/><E83/><V24/><F62/><N who="3" m="38343" /><G39/><T129/><D129/><U130/><E121/><V108/><F108/><W69/><G69/><T104/><D104/><U120/><E120/><V8/><F119/><W50/><G50/><N who="0" m="28751" /><D1/><U41/><E55/><V102/><F117/><W65/><G65/><T27/><D33/><U113/><E113/><V96/><F134/><W66/><G66/><T105/><D105/><U89/><E130/><V100/><F133/><W79/><G79/><T94/><D126/><U63/><E63/><V57/><F96/><W95/><G95/><N who="0" m="36363" /><D98/><U91/><E91/><N who="2" m="51639" /><F102/><W88/><G77/><T40/><D40/><U101/><E101/><V15/><F100/><W124/><G124/><T125/><D125/><U16/><E16/><V48/><F15/><AGARI ba="0,0" hai="12,13,15,28,30,41,46,49,89,92,99" m="46135" machi="15" ten="30,2000,0" yaku="8,1,52,1" doraHai="38" who="1" fromWho="2" sc="124,0,245,20,380,-20,251,0" owari="124,-37.6,265,6.5,360,46.0,251,-14.9" /></mjloggm>