<mjloggm ver="2.3"><GO type="225" lobby="0"/><UN n0="%E7%B4%94%E6%BD%94%E3%83%94%E3%83%A9%E3%83%8B%E3%82%A2" n1="%E5%84%AA%40%41%42%43" n2="%6D%75%75%6D%75%72%61" n3="%E6%80%AA%E3%81%97%E3%81%99%E3%81%8E%E3%82%8B%E3%83%81%E3%83%BC" dan="16,17,16,16" rate="2078.14,2231.94,2139.30,2140.83" sx="M,M,F,M"/><TAIKYOKU oya="0"/><INIT seed="0,0,0,3,5,129" ten="250,250,250,250" oya="0" hai0="63,86,52,12,68,28,34,21,92,14,91,61,50" hai1="64,66,114,19,8,47,116,67,128,79,104,10,4" hai2="122,23,84,16,48,125,15,120,124,18,59,62,57" hai3="41,46,85,127,74,113,72,9,75,99,7,118,90"/><T105/><D105/><U93/><E116/><V20/><F84/><W45/><G118/><T54/><D68/><U35/><E104/><V43/><F43/><W26/><G113/><T37/><D37/><U56/><E35/><V89/><F89/><W82/><G127/><N who="2" m="48713" /><F48/><W29/><G99/><T117/><D117/><U73/><E128/><V78/><F78/><W95/><G95/><T111/><D111/><U55/><E79/><V109/><F109/><W107/><G107/><T30/><D34/><U53/><E73/><V27/><F59/><W132/><G132/><T70/><D70/><U51/><E114/><V103/><F103/><W98/><G98/><T115/><D115/><U33/><E33/><V3/><F3/><W83/><G26/><N who="0" m="16463" /><D30/><U36/><E36/><V71/><F71/><W134/><G29/><T88/><D91/><U131/><E131/><V102/><F102/><W44/><G134/><T60/><D54/><AGARI ba="0,0" hai="15,16,18,20,23,27,54,57,62,120,122" m="48713" machi="54" ten="30,2000,0" yaku="18,1,54,1" doraHai="129" who="2" fromWho="0" sc="250,-20,250,0,250,20,250,0" /><INIT seed="1,0,0,3,5,85" ten="230,250,270,250" oya="1" hai0="17,10,79,42,71,111,45,83,114,29,8,1,20" hai1="28,53,112,4,126,46,78,47,127,134,74,56,7" hai2="107,98,51,33,39,52,99,75,106,124,133,9,100" hai3="103,135,34,24,67,58,129,96,76,0,84,88,65"/><U125/><E112/><V118/><F118/><W121/><G121/><T18/><D114/><U14/><E134/><V122/><F122/><W11/><G135/><T120/><D120/><U32/><E78/><V72/><F133/><W55/><G129/><T30/><D71/><U2/><E74/><V69/><F39/><W16/><G76/><T48/><D111/><U90/><E2/><V43/><F124/><W101/><G34/><T3/><D1/><U91/><E32/><V62/><F33/><W104/><G103/><T131/><D131/><U49/><E28/><V60/><F43/><W50/><G0/><T12/><D3/><U113/><E113/><V110/><F9/><W86/><G86/><T73/><REACH who="0" step="1"/><D8/><REACH who="0" ten="220,250,270,250" step="2"/><N who="1" m="4359" /><E7/><V119/><F110/><W26/><G11/><T40/><D40/><N who="1" m="24775" /><E47/><V82/><F119/><W89/><G26/><AGARI ba="0,1" hai="10,12,17,18,20,26,29,30,42,45,48,73,79,83" machi="26" ten="30,2000,0" yaku="1,1,7,1,53,0" doraHai="85" doraHaiUra="63" who="0" fromWho="3" sc="220,30,250,0,270,0,250,-20" /><INIT seed="2,0,0,5,2,2" ten="250,250,270,230" oya="2" hai0="75,37,104,19,77,92,124,36,88,80,122,112,20" hai1="106,125,127,54,93,65,89,74,33,53,30,107,1" hai2="34,113,62,8,0,108,78,35,101,109,133,114,86" hai3="70,129,72,121,81,32,120,131,48,102,45,3,57"/><V51/><F101/><W6/><G70/><T98/><D122/><U14/><E1/><V49/><F62/><W99/><G32/><N who="2" m="12329" /><F133/><W11/><G57/><T23/><D112/><N who="2" m="43114" /><F86/><W17/><G17/><T84/><D23/><U24/><E74/><V90/><F90/><W39/><G48/><N who="2" m="18505" /><F78/><N who="3" m="44231" /><G99/><T15/><D124/><N who="1" m="47691" /><E65/><V119/><F119/><W12/><G102/><AGARI ba="0,0" hai="15,19,20,36,37,75,77,80,84,88,92,98,102,104" machi="102" ten="40,5200,0" yaku="24,2,54,1" doraHai="2" who="0" fromWho="3" sc="250,52,250,0,270,0,230,-52" /><INIT seed="3,0,0,3,0,49" ten="302,250,270,178" oya="3" hai0="92,99,74,113,1,78,134,37,22,59,20,69,18" hai1="66,98,4,131,15,11,57,130,123,48,75,118,61" hai2="43,60,77,27,97,17,89,126,30,86,104,50,82" hai3="124,36,120,3,96,41,14,135,72,110,85,45,80"/><W107/><G120/><T84/><D69/><U127/><E123/><V8/><F126/><W68/><G124/><T94/><D37/><U128/><E127/><V129/><F129/><W25/><G3/><T32/><D32/><U112/><E112/><V19/><F60/><W7/><G135/><T35/><D35/><U64/><E118/><V51/><F104/><W6/><G72/><T88/><D1/><U28/><E75/><V116/><F116/><W70/><G110/><T47/><D113/><U87/><E28/><V21/><F51/><W5/><G25/><T12/><D47/><U40/><E98/><V63/><F63/><W13/><G96/><T91/><D134/><U67/><E87/><N who="2" m="48591" /><F8/><W106/><G70/><T90/><D90/><U125/><E125/><V95/><F97/><W73/><G68/><T55/><D78/><U101/><E101/><V58/><F43/><W103/><G73/><T24/><D74/><U53/><REACH who="1" step="1"/><E40/><REACH who="1" ten="302,240,270,178" step="2"/><V33/><F33/><W71/><G103/><T119/><D119/><U109/><E109/><V26/><F26/><W76/><REACH who="3" step="1"/><G71/><AGARI ba="0,1" hai="4,11,15,48,53,57,61,64,66,67,71,128,130,131" machi="71" ten="40,5200,0" yaku="1,1,19,1,52,1,53,0" doraHai="49" doraHaiUra="16" who="1" fromWho="3" sc="302,0,240,62,270,0,178,-52" owari="302,40.2,302,10.2,270,-13.0,126,-37.4" /></mjloggm>