<mjloggm ver="2.3"><GO type="225" lobby="0"/><UN n0="%72%69%6F%75%63%68%61%6E" n1="%4C%4F%4C%49%54%41" n2="%E4%BA%BA%E9%96%93%E3%83%81%E3%83%A3%E3%83%BC%E3%83%8F%E3%83%B3" n3="%E3%82%B3%E3%83%90%E3%83%AC%E3%82%A4" dan="16,16,16,16" rate="2253.16,2178.59,2149.86,2095.63" sx="M,F,M,M"/><TAIKYOKU oya="0"/><INIT seed="0,0,0,5,1,44" ten="250,250,250,250" oya="0" hai0="79,132,58,108,72,85,76,110,56,12,48,16,91" hai1="70,13,83,78,55,14,77,97,27,9,43,95,129" hai2="93,100,2,29,94,60,99,89,115,3,38,49,134" hai3="88,105,62,131,36,5,26,67,135,42,52,59,130"/><T92/><D132/><U24/><E70/><V122/><F38/><W90/><G105/><T73/><D76/><U11/><E129/><N who="3" m="49162" /><G135/><T68/><D68/><U80/><E43/><V40/><F134/><W45/><G5/><T20/><D56/><U23/><E55/><V124/><F122/><W41/><G41/><T39/><D39/><U6/><E83/><V31/><F115/><W25/><G67/><T63/><D79/><U8/><E8/><V121/><F121/><W19/><G19/><T1/><D1/><U21/><E21/><V111/><F111/><N who="0" m="42538" /><D48/><U102/><E23/><V69/><F124/><W51/><G36/><T120/><D120/><U118/><E118/><V127/><F127/><W54/><G42/><T4/><D4/><U106/><E106/><V81/><F3/><W87/><G90/><T117/><D117/><U34/><E34/><V116/><F2/><W101/><G101/><T22/><D20/><U10/><E78/><V133/><F133/><W18/><G18/><T98/><D98/><U84/><REACH who="1" step="1"/><E10/><REACH who="1" ten="250,240,250,250" step="2"/><V82/><F116/><W32/><G32/><T46/><D46/><U65/><E65/><AGARI ba="0,1" hai="12,16,22,58,63,65,72,73,85,91,92" m="42538" machi="65" ten="30,5800,0" yaku="14,1,10,1,54,1" doraHai="44" who="0" fromWho="1" sc="250,68,240,-58,250,0,250,0" /><INIT seed="0,1,0,3,1,81" ten="318,182,250,250" oya="0" hai0="40,103,94,112,107,12,135,62,5,87,125,59,113" hai1="11,4,25,8,78,35,7,127,69,20,96,43,79" hai2="126,0,46,100,33,1,90,84,122,16,24,31,111" hai3="2,23,116,117,48,123,51,10,114,13,98,109,57"/><T89/><D125/><U97/><E69/><V66/><F122/><W60/><G123/><T93/><D135/><U119/><E119/><V80/><F126/><W130/><G114/><T47/><D107/><U34/><E43/><V121/><F121/><W38/><G38/><T26/><D26/><U102/><E127/><V30/><F111/><W134/><G134/><T86/><D5/><U115/><E115/><V85/><F100/><W83/><G109/><T45/><D12/><U65/><E65/><V75/><F75/><W28/><G2/><T74/><D74/><U106/><E35/><V124/><F124/><W9/><G9/><T27/><D27/><U95/><E34/><V55/><F66/><W108/><G108/><T37/><D45/><U72/><E72/><V129/><F129/><W99/><G130/><T67/><D103/><U133/><E133/><V131/><F131/><W21/><G28/><N who="2" m="10793" /><F1/><W15/><G10/><N who="1" m="3626" /><E97/><V29/><F0/><W76/><G57/><T104/><D104/><U64/><E64/><V53/><F33/><W105/><G105/><T92/><D94/><U73/><E73/><V68/><F68/><W120/><G120/><T128/><D128/><U14/><E106/><V56/><N who="2" m="10801" /><V6/><DORA hai="70" /><F6/><N who="1" m="2089" /><E14/><V22/><F46/><W49/><G117/><T63/><D63/><U101/><E101/><V39/><F39/><W58/><G116/><T82/><D93/><U17/><AGARI ba="1,0" hai="17,20,25,78,79,95,96,102" m="2089,3626" machi="17" ten="30,1100,0" yaku="8,1" doraHai="81,70" who="1" fromWho="1" sc="318,-6,182,14,250,-4,250,-4" /><INIT seed="1,0,0,4,3,13" ten="312,196,246,246" oya="1" hai0="20,99,98,62,135,50,27,32,7,88,16,81,84" hai1="45,70,103,30,131,21,39,96,64,108,89,59,48" hai2="61,106,76,71,127,12,101,85,97,65,36,67,129" hai3="56,43,42,125,44,41,113,15,3,26,35,29,121"/><U72/><E72/><V116/><F116/><W34/><G113/><T37/><D37/><U46/><E131/><V114/><F36/><W134/><G3/><T124/><D124/><U112/><E112/><V82/><F127/><W17/><G125/><T119/><D119/><U122/><E122/><V94/><F129/><W40/><G121/><T91/><D135/><U107/><E70/><V4/><F114/><W120/><G120/><T102/><D32/><U128/><E128/><V14/><F4/><W63/><G134/><T52/><D7/><U78/><E78/><V6/><F6/><W24/><G44/><N who="0" m="27719" /><D102/><U11/><E108/><V23/><F65/><W8/><N who="3" m="10240" /><DORA hai="31" /><W110/><G110/><T118/><D118/><U38/><E11/><V104/><REACH who="2" step="1"/><F23/><REACH who="2" ten="312,196,236,246" step="2"/><W5/><G5/><T22/><D62/><U126/><E126/><V57/><F57/><W73/><G73/><T86/><D22/><U51/><E21/><V0/><F0/><W123/><G123/><T130/><D130/><U92/><E39/><V18/><F18/><W10/><G8/><T28/><D28/><U117/><E30/><V66/><F66/><W79/><G34/><T83/><AGARI ba="0,1" hai="16,20,27,81,83,84,86,88,91,98,99" m="27719" machi="83" ten="30,8000,1" yaku="8,1,52,1,54,3" doraHai="13,31" who="0" fromWho="0" sc="312,90,196,-40,236,-20,246,-20" /><INIT seed="2,0,0,3,5,45" ten="402,156,216,226" oya="2" hai0="56,124,26,129,99,91,61,34,52,94,97,27,3" hai1="64,32,35,40,116,121,59,92,112,133,85,1,4" hai2="67,110,62,132,48,31,20,117,113,55,9,42,98" hai3="70,14,21,66,65,11,122,16,6,63,36,73,19"/><V120/><F113/><W108/><G73/><T84/><D3/><U127/><E112/><V33/><F117/><W77/><G122/><T115/><D115/><U100/><E116/><V38/><F120/><W125/><G36/><T69/><D69/><U18/><E121/><V2/><F132/><W107/><G107/><T82/><D124/><U123/><E123/><V54/><F110/><W5/><G108/><T43/><D129/><U79/><E127/><V93/><F33/><W53/><G77/><T41/><D97/><U23/><E133/><V111/><F111/><W72/><G72/><T49/><D34/><U74/><E74/><V47/><F2/><W10/><G125/><T134/><D134/><U119/><E119/><V104/><F9/><W80/><G80/><T39/><D39/><U29/><E35/><V44/><F104/><W37/><G37/><T51/><D41/><U8/><E40/><V109/><F109/><W90/><G90/><T58/><D43/><U83/><E29/><V88/><F47/><W87/><G87/><T60/><D60/><U128/><E32/><V131/><F131/><W12/><G66/><N who="0" m="39207" /><D49/><U57/><E64/><V0/><F0/><W118/><G118/><T46/><D46/><U25/><REACH who="1" step="1"/><E128/><REACH who="1" ten="402,146,216,226" step="2"/><V96/><F38/><W114/><G114/><T135/><D135/><U126/><E126/><V24/><REACH who="2" step="1"/><F96/><AGARI ba="0,1" hai="1,4,8,18,23,25,57,59,79,83,85,92,96,100" machi="96" ten="40,1300,0" yaku="1,1,53,0" doraHai="45" doraHaiUra="68" who="1" fromWho="2" sc="402,0,146,23,216,-13,226,0" /><INIT seed="3,0,0,5,5,86" ten="402,169,203,226" oya="3" hai0="66,49,126,4,102,116,108,15,128,60,73,119,22" hai1="131,16,34,1,121,103,87,109,36,82,41,115,129" hai2="30,28,79,135,107,91,52,56,83,63,81,8,48" hai3="110,2,99,132,7,114,90,42,32,31,5,76,68"/><W58/><G68/><T25/><D73/><U89/><E121/><V94/><F107/><W123/><G123/><T19/><D108/><U85/><E115/><V93/><F135/><W3/><G114/><T45/><D126/><U98/><E1/><V39/><F39/><W10/><G132/><T74/><D74/><U106/><E34/><V101/><F8/><W29/><G76/><T61/><D128/><N who="1" m="49227" /><E109/><V133/><F133/><W62/><G110/><T111/><D111/><U54/><E54/><N who="2" m="34199" /><F101/><W96/><G42/><T120/><D120/><U125/><E125/><V47/><F94/><W72/><G72/><T100/><D119/><U118/><E118/><V122/><F122/><W97/><G32/><T57/><D116/><U20/><E85/><N who="2" m="48319" /><F83/><W35/><G35/><T117/><D117/><U59/><E59/><V78/><F78/><W95/><G5/><T55/><D61/><U23/><E23/><V27/><F27/><W14/><G2/><T18/><D4/><U134/><E134/><V92/><F92/><W44/><G3/><T12/><D25/><N who="1" m="14471" /><E36/><V65/><F65/><N who="3" m="39127" /><G44/><T13/><D13/><U21/><E21/><AGARI ba="0,0" hai="12,15,18,19,21,22,45,49,55,57,60,66,100,102" machi="21" ten="30,3900,0" yaku="7,1,9,1,8,1" doraHai="86" who="0" fromWho="1" sc="402,39,169,-39,203,0,226,0" owari="441,54.1,130,-37.0,203,-19.7,226,2.6" /></mjloggm>