<mjloggm ver="2.3"><GO type="225" lobby="0"/><UN n0="%E5%AE%AE%E4%BF%9D%E9%B6%8F%E8%82%89" n1="%E3%82%82%E3%81%90%E3%82%89" n2="%E3%81%A1%E3%82%85%E3%81%86%E3%81%A9%E3%81%8F%E8%B1%A1%E3%81%95%E3%82%93" n3="%74%61%6B%75%61%6B%61" dan="16,16,16,17" rate="2137.92,2184.28,2169.27,2241.42" sx="M,M,M,M"/><TAIKYOKU oya="0"/><INIT seed="0,0,0,1,4,45" ten="250,250,250,250" oya="0" hai0="25,6,44,71,54,19,120,126,46,130,76,88,133" hai1="16,22,47,84,18,70,135,65,106,90,83,132,5" hai2="74,112,109,98,134,39,80,121,107,95,92,67,105" hai3="12,103,124,13,33,51,75,87,122,29,77,43,48"/><T125/><D120/><U118/><E118/><V49/><F39/><W110/><G75/><T104/><D104/><U94/><E106/><V61/><F121/><W26/><G110/><T2/><D71/><U34/><E34/><V96/><F112/><W42/><G124/><N who="0" m="47723" /><D76/><U31/><E5/><V9/><F109/><W14/><G122/><T17/><D130/><U28/><E18/><N who="0" m="6665" /><D25/><U3/><E65/><V36/><F36/><W72/><G72/><T69/><D69/><U62/><E62/><V81/><F9/><W85/><G103/><T8/><D133/><N who="1" m="51275" /><E3/><V108/><F134/><W59/><G59/><T102/><D102/><U113/><E70/><V128/><F108/><W100/><G100/><T21/><D21/><U4/><E113/><V91/><F128/><W123/><G123/><T117/><D117/><U11/><E11/><V57/><F105/><W55/><G55/><T115/><D115/><U53/><E4/><V131/><F107/><W15/><N who="3" m="3072" /><DORA hai="23" /><W30/><G77/><T68/><D68/><U93/><E31/><N who="3" m="11786" /><G26/><T63/><D88/><U0/><E28/><V24/><F74/><W86/><G33/><T111/><D111/><U7/><E7/><V60/><F24/><W27/><G27/><T73/><D73/><U10/><E10/><V101/><F131/><W116/><G116/><T79/><D79/><U97/><E0/><V1/><F1/><W41/><AGARI ba="0,0" hai="41,42,43,48,51,85,86,87" m="11786,3072" machi="41" ten="50,12000,2" yaku="29,2,28,2,8,1,52,2" doraHai="45,23" who="3" fromWho="3" sc="250,-60,250,-30,250,-30,250,120" /><INIT seed="1,0,0,2,0,132" ten="190,220,220,370" oya="1" hai0="75,62,11,84,24,110,78,1,102,70,49,44,101" hai1="97,15,7,41,114,19,33,21,105,35,57,22,122" hai2="89,83,32,120,98,128,8,129,25,72,125,60,61" hai3="117,55,50,73,88,100,66,99,81,51,38,56,10"/><U20/><E122/><V16/><F120/><W131/><G131/><N who="2" m="50249" /><F32/><W74/><G38/><T31/><D75/><U5/><E114/><V104/><F104/><W126/><G126/><T6/><D110/><U85/><E41/><V54/><F72/><W37/><G37/><T135/><D135/><U13/><E85/><N who="2" m="50367" /><F98/><W43/><G66/><T12/><D1/><U87/><E87/><V42/><F42/><W65/><G65/><T107/><D107/><U76/><E76/><V63/><F54/><W58/><G10/><T30/><D70/><U108/><E97/><V113/><F113/><W9/><G9/><T106/><D62/><U0/><E105/><V86/><F86/><N who="3" m="50255" /><G117/><T115/><D115/><U95/><E95/><V47/><F47/><N who="3" m="25983" /><G73/><T18/><D106/><U59/><E35/><V2/><F2/><W96/><G74/><T124/><D124/><U109/><E33/><V23/><F8/><W14/><G14/><T4/><D78/><U80/><E0/><V52/><F52/><N who="3" m="31775" /><G100/><N who="0" m="38507" /><D84/><U133/><E15/><V53/><F53/><W118/><G118/><T29/><D24/><U68/><E133/><V77/><F77/><W79/><G79/><T119/><D119/><U64/><E109/><V69/><F69/><W123/><G123/><T34/><D34/><U130/><E108/><V48/><F48/><AGARI ba="0,0" hai="48,55,58,96,99" m="31775,25983,50255" machi="48" ten="30,3900,0" yaku="8,1,54,2" doraHai="132" who="3" fromWho="2" sc="190,0,220,0,220,-39,370,39" /><INIT seed="2,0,0,3,0,97" ten="190,220,181,409" oya="2" hai0="17,111,82,112,2,66,6,30,5,81,37,44,99" hai1="104,0,103,28,19,110,40,10,78,54,14,23,29" hai2="38,129,86,94,134,61,84,132,85,128,74,21,73" hai3="88,9,49,27,93,34,24,123,115,106,36,67,53"/><V11/><F38/><W60/><G36/><T102/><D112/><U55/><E110/><V121/><F11/><W33/><G106/><T127/><D111/><U135/><E135/><N who="2" m="51755" /><F21/><W87/><G123/><T56/><D30/><U126/><E126/><V25/><F25/><W91/><G115/><T20/><D127/><U7/><E40/><V31/><F31/><W42/><G42/><T98/><D37/><U18/><E78/><V13/><F13/><W39/><G39/><T108/><D44/><U63/><E19/><V57/><F121/><W120/><G120/><T16/><D99/><U92/><E104/><V50/><F50/><W43/><G43/><T95/><D108/><U52/><E63/><V100/><F61/><W69/><G9/><T133/><D133/><U72/><E72/><N who="2" m="27755" /><F57/><W8/><G8/><T124/><D124/><U22/><E22/><V130/><F100/><W15/><G15/><N who="0" m="9247" /><D2/><U41/><E41/><V47/><F47/><W76/><G24/><T119/><D17/><U107/><E29/><V80/><F94/><W62/><G27/><T113/><D113/><U3/><E28/><V4/><F4/><N who="0" m="1642" /><D66/><U83/><E107/><V109/><F109/><W116/><G67/><T26/><D26/><N who="1" m="14711" /><E3/><V114/><F114/><W59/><G60/><T58/><D58/><U101/><E0/><V48/><F48/><W68/><G62/><T117/><D56/><U75/><E92/><V90/><AGARI ba="0,0" hai="80,84,85,86,90,128,129,130" m="27755,51755" machi="90" ten="40,12000,1" yaku="19,1,20,1,34,2" doraHai="97" who="2" fromWho="2" sc="190,-40,220,-40,181,120,409,-40" /><INIT seed="2,1,0,0,4,33" ten="150,180,301,369" oya="2" hai0="15,117,12,135,36,46,69,84,54,78,17,27,118" hai1="55,0,92,20,5,56,32,61,26,82,28,6,60" hai2="35,50,107,49,85,90,95,76,10,14,1,53,93" hai3="42,103,37,8,102,89,41,115,99,132,22,57,131"/><V71/><F107/><W120/><G120/><T31/><D69/><U122/><E122/><V19/><F35/><W23/><G131/><T81/><D135/><U106/><E106/><V123/><F123/><W96/><G132/><T105/><D105/><U65/><E82/><V119/><F119/><N who="0" m="45578" /><D17/><U44/><E0/><V7/><F71/><W91/><G8/><T86/><D86/><U2/><E2/><V94/><F76/><W124/><G57/><T29/><D54/><U129/><E129/><V116/><F116/><W24/><G24/><T121/><D121/><U45/><E32/><V77/><F77/><W59/><G59/><T58/><D58/><N who="1" m="37015" /><E92/><V62/><F62/><W48/><G37/><T125/><D125/><U25/><E25/><V16/><F50/><W111/><G48/><T11/><D27/><U34/><E34/><V75/><F75/><W130/><G124/><T39/><D11/><U30/><E30/><N who="0" m="11273" /><D39/><U114/><E114/><V4/><F4/><AGARI ba="1,0" hai="4,5,6,20,26,28,44,45,55,56,61" m="37015" machi="4" ten="30,1000,0" yaku="8,1" doraHai="33" who="1" fromWho="2" sc="150,0,180,13,301,-13,369,0" /><INIT seed="3,0,0,1,0,127" ten="150,193,288,369" oya="3" hai0="49,67,88,33,133,29,87,118,114,16,25,100,38" hai1="91,9,119,35,27,108,96,122,109,69,105,18,95" hai2="107,99,60,126,120,22,26,11,73,70,78,104,59" hai3="63,66,116,28,1,103,64,31,42,125,117,62,135"/><W128/><G1/><T50/><D118/><U134/><E122/><V37/><F37/><W61/><G103/><T7/><D38/><U13/><E119/><V53/><F70/><W51/><G31/><T19/><D133/><U111/><E134/><V6/><F126/><W54/><G28/><T76/><D76/><U92/><E69/><V2/><F120/><W94/><G94/><T77/><BYE who="3" /><D77/><UN n3="%74%61%6B%75%61%6B%61" /><U55/><E55/><V71/><F71/><W36/><G125/><T90/><D100/><U68/><E68/><V89/><F73/><W83/><G83/><T121/><D121/><U15/><E35/><V10/><F10/><W98/><G98/><T56/><D7/><N who="1" m="3263" /><E27/><V12/><F78/><W75/><G42/><T74/><D74/><U112/><E112/><V43/><F43/><W58/><G64/><T44/><D114/><U65/><E65/><V101/><F2/><W52/><G66/><T102/><D102/><N who="1" m="62663" /><E91/><V129/><F129/><W48/><G54/><T80/><D90/><U23/><AGARI ba="0,0" hai="15,18,23,92,95,108,109,111" m="62663,3263" machi="23" ten="30,1100,0" yaku="14,1" doraHai="127" who="1" fromWho="1" sc="150,-3,193,11,288,-3,369,-5" owari="147,-35.3,204,-19.6,285,8.5,364,46.4" /></mjloggm>