<mjloggm ver="2.3"><GO type="225" lobby="0"/><UN n0="%E6%A1%9C%E8%8A%B1%E9%96%83%E3%80%85" n1="%E3%81%86%E3%81%A3%E3%81%97%E3%83%BC%30%30" n2="%73%6C%69%63%6B%33%31%39" n3="%E3%83%B4%E3%83%A0%EF%BC%99%E3%81%A6" dan="17,16,17,17" rate="2237.00,2088.97,2173.49,2227.20" sx="M,M,M,M"/><TAIKYOKU oya="0"/><INIT seed="0,0,0,0,3,63" ten="250,250,250,250" oya="0" hai0="75,121,44,77,88,54,9,36,47,101,8,97,109" hai1="78,93,15,55,51,21,10,70,123,14,126,130,2" hai2="124,66,71,119,87,52,68,100,50,134,5,76,84" hai3="89,120,27,26,62,31,24,86,131,1,65,67,118"/><T6/><D121/><U85/><E123/><V98/><F124/><W115/><G120/><T45/><D109/><U127/><E70/><V49/><F134/><W12/><G115/><T22/><D36/><U60/><E60/><V17/><F119/><W19/><G118/><T111/><D111/><U113/><E130/><V133/><F133/><W37/><G1/><T95/><D75/><U35/><E35/><V112/><F112/><W58/><G37/><T104/><D77/><U13/><E113/><V7/><F17/><W33/><G131/><T105/><D22/><U125/><E21/><V81/><F84/><W32/><G32/><T90/><D54/><U41/><E41/><V48/><F52/><N who="3" m="34119" /><G31/><T29/><D29/><U4/><E93/><V116/><F116/><W72/><G33/><T20/><D20/><U38/><E38/><V74/><F74/><W28/><G28/><T61/><D61/><U110/><E110/><V18/><F66/><N who="3" m="25099" /><G72/><T114/><D114/><U83/><REACH who="1" step="1"/><E2/><REACH who="1" ten="250,240,250,250" step="2"/><V117/><F117/><W80/><G24/><T102/><D105/><U82/><E82/><V3/><F3/><W16/><G19/><T106/><D106/><U103/><E103/><V94/><F18/><W122/><G122/><T128/><D128/><U96/><E96/><V23/><F23/><AGARI ba="0,1" hai="12,16,23,26,27,80,86,89" m="25099,34119" machi="23" ten="30,12000,2" yaku="8,1,52,3,54,2" doraHai="63" who="3" fromWho="2" sc="250,0,240,0,250,-120,250,130" /><INIT seed="1,0,0,5,2,0" ten="250,240,130,380" oya="1" hai0="52,20,9,64,34,76,36,2,26,43,16,44,116" hai1="110,134,8,14,126,86,53,46,7,32,95,68,125" hai2="55,111,49,69,60,82,40,59,109,15,98,132,90" hai3="113,47,29,101,129,25,127,89,41,62,4,87,1"/><U75/><E75/><V33/><F33/><W128/><G113/><T67/><D116/><U92/><E68/><V56/><F98/><W66/><G127/><T94/><D34/><U123/><E123/><V63/><F90/><W120/><G101/><T112/><D112/><U12/><E32/><V54/><F82/><W35/><G120/><T19/><D76/><U6/><E134/><V104/><F104/><W61/><G1/><T102/><D102/><U73/><E73/><V81/><F81/><N who="3" m="49391" /><G4/><T30/><D94/><U117/><E117/><V17/><F132/><W65/><G65/><T99/><D99/><U31/><E31/><V23/><REACH who="2" step="1"/><F69/><REACH who="2" ten="250,240,120,380" step="2"/><W10/><G35/><T72/><D72/><U39/><E95/><V133/><F133/><W118/><G118/><T28/><D2/><U13/><E92/><V79/><F79/><W42/><G128/><T50/><D28/><U119/><E119/><V38/><F38/><W93/><G129/><T74/><D74/><U18/><E39/><V84/><F84/><W37/><G37/><T80/><D80/><U5/><E86/><V130/><F130/><W27/><G29/><T124/><D124/><U78/><E78/><V71/><F71/><W122/><G93/><T103/><D103/><U107/><E107/><V57/><F57/><W21/><G122/><T22/><D30/><U100/><E100/><V97/><F97/><W70/><G70/><T88/><D88/><U96/><E96/><V114/><F114/><W77/><G77/><T108/><D36/><U45/><E126/><V11/><F11/><W24/><G10/><RYUUKYOKU ba="0,1" sc="250,-10,240,-10,120,30,380,-10" hai2="15,17,23,40,49,54,55,56,59,60,63,109,111" /><INIT seed="2,1,1,2,3,100" ten="240,230,150,370" oya="2" hai0="59,133,19,116,118,95,48,76,60,115,6,81,119" hai1="80,50,79,61,7,92,110,62,117,103,98,3,102" hai2="87,126,96,20,71,107,84,49,104,121,11,86,36" hai3="132,135,122,56,105,66,4,73,47,54,65,123,89"/><V27/><F121/><N who="3" m="46091" /><G89/><T37/><D133/><N who="3" m="51273" /><G73/><T128/><D128/><U129/><E117/><V113/><F113/><W32/><G32/><T108/><D108/><U99/><E110/><V25/><F36/><W67/><G4/><T42/><D37/><U63/><E129/><V24/><F71/><W72/><G72/><T35/><D35/><U111/><E111/><V85/><F126/><W82/><G82/><T57/><D6/><U58/><E50/><V43/><N who="2" m="21504" /><DORA hai="52" /><V23/><F11/><W29/><G29/><T112/><D112/><U120/><E120/><V8/><F8/><W17/><G17/><T39/><D19/><U93/><E80/><V130/><F130/><W106/><G47/><N who="0" m="25719" /><D115/><U2/><E79/><V51/><F96/><W74/><G74/><T124/><D81/><U0/><REACH who="1" step="1"/><E7/><REACH who="1" ten="240,220,150,370" step="2"/><V31/><F27/><W68/><G68/><T22/><D76/><U94/><E94/><V90/><F90/><W33/><G33/><T114/><D95/><U44/><E44/><V1/><F1/><W83/><G83/><T125/><D118/><U40/><E40/><V109/><F109/><W88/><G88/><T34/><D34/><U134/><E134/><V14/><F14/><W55/><G106/><N who="2" m="40489" /><F43/><W75/><G105/><T9/><D114/><U46/><E46/><V70/><F70/><W53/><G75/><T97/><D119/><U5/><E5/><V10/><F51/><AGARI ba="1,2" hai="51,53,54,55,56,65,66,67" m="51273,46091" machi="51" ten="40,8000,1" yaku="20,1,34,2,52,1" doraHai="100,52" who="3" fromWho="2" sc="240,0,220,0,150,-83,370,103" /><INIT seed="3,0,0,3,1,45" ten="240,220,67,473" oya="3" hai0="32,3,43,28,106,10,68,40,96,6,51,93,121" hai1="21,105,69,85,1,80,78,61,86,75,79,34,103" hai2="66,9,42,29,30,111,120,72,49,58,14,100,70" hai3="114,98,99,23,13,59,46,88,38,71,27,119,87"/><W90/><G114/><T25/><D121/><U8/><E34/><V134/><F72/><W94/><G71/><T83/><D106/><U126/><E126/><V39/><F100/><W35/><G35/><T116/><D116/><U11/><E75/><V15/><F9/><W104/><G104/><T81/><D68/><U44/><E1/><V56/><F120/><W108/><G13/><T31/><D31/><U122/><E122/><V132/><F70/><W2/><G2/><T117/><D117/><U5/><E5/><V102/><F102/><W50/><G108/><T109/><D109/><U123/><E123/><V84/><F111/><W107/><G107/><T133/><D133/><U112/><E112/><V0/><F0/><W7/><G7/><T128/><D128/><U101/><E21/><V77/><F42/><W52/><G90/><T33/><D33/><U55/><E69/><V19/><F84/><W20/><G20/><T74/><D74/><U65/><E65/><V127/><F77/><W54/><G38/><T57/><D40/><U110/><E110/><V47/><F47/><W89/><G89/><N who="0" m="55343" /><D43/><U48/><E61/><V125/><F66/><W95/><G95/><T124/><D124/><U41/><E41/><V63/><F63/><N who="3" m="36327" /><G119/><T118/><D118/><U113/><E113/><V4/><F4/><W12/><G12/><T135/><D135/><U60/><E60/><V82/><F82/><W131/><G131/><T130/><D130/><U53/><E53/><V22/><F22/><W26/><G26/><T97/><D97/><N who="1" m="61615" /><E103/><V16/><F39/><W91/><G91/><RYUUKYOKU ba="0,0" sc="240,0,220,0,67,0,473,0" hai0="3,6,10,25,28,32,51,57,81,83" hai1="8,11,44,48,55,78,79,80,85,86" hai2="14,15,16,19,29,30,49,56,58,125,127,132,134" hai3="23,27,46,50,54,87,88,94,98,99" owari="240,4.0,220,-18.0,67,-43.3,473,57.3" /></mjloggm>