<mjloggm ver="2.3"><GO type="225" lobby="0"/><UN n0="%6D%75%75%6D%75%72%61" n1="%E3%81%82%E3%81%99%E3%81%AB%E3%82%83%E3%82%80" n2="%E3%81%8B%E3%82%8F%E3%81%A1%E3%82%83%E3%82%93%35%38" n3="%E9%B3%B3%E6%9D%B1%E3%81%AE%E3%81%BF%E3%81%91%E3%81%AB%E3%82%83%E3%82%93" dan="16,16,16,16" rate="2075.81,2126.69,2216.80,2061.46" sx="F,F,M,F"/><TAIKYOKU oya="0"/><INIT seed="0,0,0,3,2,77" ten="250,250,250,250" oya="0" hai0="128,40,118,13,119,56,27,46,37,84,73,83,78" hai1="16,121,22,114,68,122,28,54,19,21,9,111,50" hai2="90,60,104,8,11,65,106,95,45,32,18,12,6" hai3="69,33,80,129,20,2,116,88,14,53,63,42,23"/><T51/><D128/><U47/><E111/><V15/><F32/><W92/><G116/><T34/><D13/><U49/><E68/><V109/><F109/><W91/><G33/><T3/><D3/><U94/><E114/><V31/><F45/><W58/><G2/><T105/><D105/><U44/><E28/><V43/><F43/><W30/><G69/><T131/><D131/><U102/><E9/><V87/><REACH who="2" step="1"/><F31/><REACH who="2" ten="250,250,240,250" step="2"/><W39/><G42/><T86/><D118/><U81/><E122/><V132/><F132/><W108/><G108/><T36/><D119/><U98/><E121/><V124/><F124/><W113/><G129/><T96/><D34/><U120/><E120/><V110/><F110/><W62/><G113/><T64/><D46/><U17/><REACH who="1" step="1"/><E81/><REACH who="1" ten="250,240,240,250" step="2"/><V41/><F41/><AGARI ba="0,2" hai="16,17,19,21,22,41,44,47,49,50,54,94,98,102" machi="41" ten="40,8000,1" yaku="1,1,2,1,8,1,54,1,53,0" doraHai="77" doraHaiUra="10" who="1" fromWho="2" sc="250,0,240,100,240,-80,250,0" /><INIT seed="1,0,0,5,4,92" ten="250,340,160,250" oya="1" hai0="114,86,28,35,59,14,48,3,113,130,10,96,31" hai1="13,38,93,29,42,90,47,74,17,16,70,121,94" hai2="135,67,72,68,110,19,6,21,98,126,102,85,45" hai3="32,18,115,46,52,103,23,105,118,123,53,128,75"/><U79/><E121/><V87/><F72/><W43/><G75/><T11/><D130/><U106/><E106/><V12/><F110/><W104/><G32/><T101/><D3/><U108/><E70/><V24/><F126/><W39/><G115/><T49/><D86/><U61/><E108/><V40/><F135/><W117/><G128/><T44/><D59/><U56/><E94/><V60/><F6/><W63/><G123/><T124/><D10/><U1/><E1/><V33/><F12/><W4/><G4/><T133/><D124/><U64/><E29/><V116/><F116/><N who="3" m="44651" /><G63/><T84/><D84/><U107/><E107/><N who="3" m="41034" /><G103/><T91/><D101/><U30/><E30/><V2/><F33/><W8/><G8/><T120/><D28/><U99/><REACH who="1" step="1"/><E13/><AGARI ba="0,0" hai="13,18,23,39,43,46,52,53" m="41034,44651" machi="13" ten="30,2000,0" yaku="12,1,54,1" doraHai="92" who="3" fromWho="1" sc="250,0,340,-20,160,0,250,20" /><INIT seed="2,0,0,3,4,49" ten="250,320,160,270" oya="2" hai0="41,69,40,22,11,37,43,45,24,38,47,123,58" hai1="119,107,48,1,8,4,85,31,3,90,87,124,19" hai2="6,72,134,96,117,63,83,35,36,111,82,20,65" hai3="50,25,102,59,74,71,32,21,113,103,28,81,39"/><V86/><F117/><W60/><G39/><T114/><D69/><U110/><E107/><V33/><F36/><W112/><G32/><T118/><D123/><U13/><E119/><V105/><F134/><W2/><G2/><T66/><D118/><U70/><E70/><V14/><F111/><W68/><G81/><T128/><D40/><U121/><E110/><V7/><F72/><W132/><G74/><T129/><D114/><N who="3" m="44137" /><G68/><T98/><D98/><U109/><E109/><V115/><F115/><W15/><G15/><T135/><D135/><U55/><E31/><V54/><F65/><N who="3" m="41383" /><G132/><T104/><D104/><U94/><E121/><V79/><F83/><W127/><G127/><T77/><D77/><U18/><E124/><V9/><F20/><W99/><G99/><T53/><D11/><U10/><E1/><V61/><F6/><W64/><G64/><T62/><D66/><U56/><E18/><AGARI ba="0,0" hai="18,22,24,37,38,41,43,45,47,53,58,62,128,129" machi="18" ten="40,2600,0" yaku="9,1,52,1" doraHai="49" who="0" fromWho="1" sc="250,26,320,-26,160,0,270,0" /><INIT seed="3,0,0,2,0,37" ten="276,294,160,270" oya="3" hai0="54,93,27,13,64,72,46,74,95,21,38,43,1" hai1="119,125,103,65,41,39,11,73,79,4,31,123,5" hai2="63,110,20,60,83,59,77,89,66,78,88,114,106" hai3="107,17,40,104,134,50,80,116,127,121,49,56,111"/><W34/><G116/><T117/><D1/><N who="1" m="399" /><E5/><V36/><F114/><W68/><G121/><T48/><D13/><U92/><E123/><V0/><F0/><W7/><G7/><T47/><D64/><U62/><E31/><V75/><F106/><W35/><G68/><T3/><D3/><U126/><E119/><V45/><F110/><W9/><G80/><T24/><D24/><U25/><E25/><V51/><F36/><W120/><G120/><T91/><D117/><U14/><E14/><V94/><F78/><W30/><G104/><T131/><D93/><U124/><E92/><V10/><F10/><W32/><G107/><T28/><REACH who="0" step="1"/><D131/><REACH who="0" ten="266,294,160,270" step="2"/><U6/><E6/><V33/><F33/><W128/><G128/><T71/><D71/><U76/><E126/><V70/><F94/><W23/><G127/><T82/><D82/><U90/><E124/><V130/><F130/><W44/><G111/><T135/><D135/><U58/><E65/><V22/><F70/><W109/><G109/><T19/><D19/><U84/><E125/><V8/><F8/><W108/><G108/><T29/><D29/><U87/><E103/><V81/><F63/><W129/><G129/><T101/><D101/><U12/><E12/><V105/><F105/><W98/><G134/><T115/><D115/><U133/><E62/><V42/><REACH who="2" step="1"/><F81/><REACH who="2" ten="266,294,150,270" step="2"/><W99/><G32/><T55/><D55/><U113/><E113/><V52/><F52/><N who="3" m="31759" /><G34/><T18/><D18/><U61/><E61/><V100/><F100/><W53/><G35/><T69/><D69/><U97/><E133/><V122/><F122/><RYUUKYOKU ba="0,2" sc="266,15,294,-15,150,15,270,-15" hai0="21,27,28,38,43,46,47,48,54,72,74,91,95" hai2="20,22,42,45,51,59,60,66,75,77,83,88,89" /><INIT seed="4,1,2,2,5,3" ten="281,279,165,255" oya="0" hai0="96,83,8,114,47,53,69,35,68,73,25,118,95" hai1="135,72,16,131,121,78,2,41,62,106,45,94,122" hai2="84,57,56,130,42,126,39,92,103,31,119,11,101" hai3="22,108,90,107,34,124,43,100,66,26,63,67,128"/><T82/><D118/><U4/><E106/><V98/><F39/><W65/><G108/><T97/><D97/><U14/><E135/><V134/><F42/><W9/><G34/><T129/><D35/><U109/><E109/><V85/><F134/><W91/><G128/><T13/><D25/><U112/><E112/><V5/><F130/><W113/><G113/><T32/><D32/><U117/><E62/><V105/><F31/><W20/><G124/><T24/><D24/><U52/><E52/><V104/><F126/><W12/><G43/><T79/><D82/><N who="1" m="45383" /><E94/><V120/><F120/><W28/><G63/><T7/><D114/><U86/><E86/><N who="2" m="33387" /><F104/><W116/><G116/><T48/><D129/><U99/><E117/><V71/><F71/><W93/><G20/><T60/><D60/><U61/><E61/><V76/><F105/><W111/><G111/><T38/><D38/><N who="1" m="21687" /><E99/><V132/><F132/><W29/><G29/><T33/><D33/><U44/><E44/><V1/><F119/><W59/><G59/><N who="2" m="22601" /><F76/><W125/><G125/><T75/><D73/><U81/><E131/><V15/><F103/><AGARI ba="1,2" hai="7,8,13,47,48,53,68,69,75,79,83,95,96,103" machi="103" ten="30,2900,0" yaku="7,1,52,1" doraHai="3" who="0" fromWho="2" sc="281,52,279,0,165,-32,255,0" owari="333,43.3,279,7.9,133,-36.7,255,-14.5" /></mjloggm>