<mjloggm ver="2.3"><GO type="225" lobby="0"/><UN n0="%54%4F%52" n1="%E6%80%AA%E3%81%97%E3%81%99%E3%81%8E%E3%82%8B%E3%83%81%E3%83%BC" n2="%E8%81%B7%E6%A5%AD%E3%80%81%E9%A2%A8%32" n3="%E6%A1%9C%E8%8A%B1%E9%96%83%E3%80%85" dan="17,17,16,18" rate="2244.74,2176.96,2117.59,2214.96" sx="M,M,M,M"/><TAIKYOKU oya="0"/><INIT seed="0,0,0,2,0,28" ten="250,250,250,250" oya="0" hai0="34,18,131,88,35,76,22,4,12,41,38,128,36" hai1="105,86,108,129,40,3,61,44,15,115,100,53,97" hai2="59,106,27,62,31,57,45,47,11,80,6,101,96" hai3="130,79,112,123,124,134,37,20,74,89,77,84,92"/><T120/><D120/><U121/><E3/><V135/><F135/><W127/><G37/><N who="0" m="14443" /><D41/><U58/><E121/><V114/><F114/><W19/><G123/><T113/><D113/><U64/><E115/><V94/><F106/><W119/><G112/><T104/><D104/><U126/><E108/><V107/><F107/><W25/><G119/><T71/><D71/><U10/><E129/><N who="0" m="49737" /><D76/><U82/><E126/><N who="3" m="48170" /><G130/><T29/><D29/><U85/><E82/><V81/><F80/><N who="3" m="45111" /><G79/><T132/><D132/><AGARI ba="0,0" hai="19,20,25,84,89,92,132,134" m="45111,48170" machi="132" ten="30,1000,0" yaku="18,1" doraHai="28" who="3" fromWho="0" sc="250,-10,250,0,250,0,250,10" /><INIT seed="1,0,0,2,0,110" ten="240,250,250,260" oya="1" hai0="66,32,21,13,122,36,35,84,16,49,4,78,109" hai1="128,72,47,124,41,8,103,134,97,120,74,94,20" hai2="114,91,1,76,54,46,3,53,130,24,44,73,87" hai3="58,81,83,15,92,51,25,11,129,71,64,28,112"/><U43/><E120/><V123/><F123/><W57/><G129/><T7/><D122/><U37/><E128/><V45/><F130/><W100/><G71/><T40/><D36/><U65/><E124/><V55/><F73/><W56/><G64/><T119/><D119/><U12/><E134/><V42/><F76/><W96/><G51/><T75/><D75/><U133/><E133/><V115/><F42/><W34/><REACH who="3" step="1"/><G112/><REACH who="3" ten="240,250,250,250" step="2"/><N who="2" m="43049" /><F24/><W85/><G85/><T38/><D66/><U131/><E65/><V23/><F23/><W17/><AGARI ba="0,1" hai="11,15,17,25,28,34,56,57,58,81,83,92,96,100" machi="17" ten="30,2000,0" yaku="1,1,0,1,53,0" doraHai="110" doraHaiUra="118" who="3" fromWho="3" sc="240,-5,250,-10,250,-5,250,30" /><INIT seed="2,0,0,4,0,128" ten="235,240,245,280" oya="2" hai0="91,126,54,115,12,3,134,127,122,31,132,26,45" hai1="39,21,131,133,95,70,22,101,28,41,104,109,59" hai2="16,86,78,58,42,61,47,6,90,117,123,74,38" hai3="57,87,62,5,81,102,135,121,112,84,18,107,116"/><V66/><F123/><W24/><G121/><T34/><D3/><U96/><E70/><V113/><F113/><W88/><G116/><T129/><D122/><U53/><E131/><V2/><F117/><W1/><G135/><N who="0" m="51755" /><D129/><U103/><E133/><V63/><F74/><W37/><G37/><T11/><D115/><U120/><E109/><V48/><F78/><W60/><G102/><T106/><D106/><U15/><E120/><V67/><F6/><W92/><G107/><T110/><D110/><U99/><E28/><V43/><F2/><W72/><G72/><T14/><D91/><U79/><E79/><V36/><F16/><W4/><G62/><T20/><D34/><U50/><REACH who="1" step="1"/><E15/><REACH who="1" ten="235,230,245,280" step="2"/><N who="0" m="5673" /><D11/><U118/><E118/><V89/><F89/><N who="3" m="53311" /><G1/><T105/><D105/><U77/><E77/><V46/><F90/><W0/><G0/><T97/><D97/><U25/><E25/><V9/><F86/><W32/><G112/><T23/><D23/><U76/><E76/><V69/><F9/><W80/><G32/><T8/><D8/><U49/><E49/><AGARI ba="0,1" hai="36,38,42,43,46,47,48,49,58,61,63,66,67,69" machi="49" ten="30,24000,3" yaku="7,1,9,1,35,6" doraHai="128" who="2" fromWho="1" sc="235,0,230,-240,245,250,280,0" /><AGARI ba="0,0" hai="20,26,31,45,49,54,126,127" m="5673,51755" machi="49" ten="30,7700,0" yaku="20,1,52,3" doraHai="128" who="0" fromWho="1" sc="235,77,-10,-77,495,0,280,0" owari="312,11.2,-87,-58.7,495,59.5,280,-12.0" /></mjloggm>