<mjloggm ver="2.3"><GO type="225" lobby="0"/><UN n0="%E5%B8%86%E7%AB%8B%E5%A4%8F%E8%A1%A3" n1="%E3%81%82%E3%81%84%E3%81%82%E3%81%8A%E3%81%84" n2="%E9%80%9F%E6%B0%B4%E5%87%9B%E9%A6%99" n3="%6D%75%75%6D%75%72%61" dan="17,18,16,17" rate="2162.83,2190.23,2155.52,2179.83" sx="M,M,F,F"/><TAIKYOKU oya="0"/><INIT seed="0,0,0,2,4,116" ten="250,250,250,250" oya="0" hai0="15,125,114,68,83,79,135,21,134,129,3,95,81" hai1="113,121,102,22,50,16,77,94,1,60,100,127,28" hai2="51,67,44,91,29,19,17,115,74,31,56,61,45" hai3="58,11,98,106,33,0,37,41,59,130,62,87,119"/><T89/><D68/><U4/><E127/><V54/><F74/><W66/><G119/><T46/><D3/><U132/><E132/><N who="0" m="50729" /><D114/><U40/><E113/><V65/><F115/><W92/><G130/><T120/><D129/><U57/><E77/><V108/><F108/><W99/><G33/><T18/><D125/><U75/><E75/><V7/><F7/><W30/><G30/><T32/><D32/><U70/><E28/><V126/><F126/><W118/><G118/><T93/><D46/><U12/><E121/><V48/><F91/><W9/><G37/><T85/><D120/><U84/><E70/><V26/><F67/><W38/><G0/><T131/><D131/><U24/><E1/><V107/><F107/><W76/><G38/><T101/><D101/><U109/><E109/><V13/><F26/><W69/><G41/><T64/><D64/><N who="1" m="38927" /><E40/><N who="2" m="24583" /><F19/><W49/><G69/><T90/><D79/><U123/><E50/><V82/><F82/><N who="3" m="47559" /><G106/><T133/><N who="0" m="50737" /><T97/><AGARI ba="0,0" hai="15,18,21,81,83,85,89,90,93,95,97" m="50737" machi="97" ten="40,3900,0" yaku="4,1,20,1" doraHai="116" who="0" fromWho="0" sc="250,39,250,-13,250,-13,250,-13" /><INIT seed="0,1,0,5,4,95" ten="289,237,237,237" oya="0" hai0="17,45,81,15,38,72,28,64,116,69,88,7,56" hai1="16,99,67,40,1,93,101,5,133,42,90,131,104" hai2="60,62,117,14,51,74,98,20,110,84,109,80,132" hai3="85,66,49,29,34,0,119,35,115,76,13,92,11"/><T19/><D116/><U123/><E133/><V39/><F74/><W44/><G119/><T103/><D69/><U8/><E131/><V58/><F39/><W130/><G115/><T48/><D28/><U91/><E123/><V24/><F14/><W12/><G130/><T82/><D38/><U37/><E37/><V25/><F117/><W122/><G122/><T54/><D103/><U108/><E108/><N who="2" m="41579" /><F132/><W32/><G29/><T87/><D72/><U134/><E134/><V47/><F98/><W113/><G113/><T73/><D73/><U118/><E118/><V9/><F9/><W106/><G106/><T2/><D2/><U55/><E67/><N who="2" m="39319" /><F62/><W111/><G111/><T128/><D128/><U114/><E114/><V89/><F20/><W3/><G66/><T18/><D64/><U102/><E102/><V6/><F6/><W50/><G12/><T41/><D7/><U68/><E68/><V43/><AGARI ba="1,0" hai="24,25,43,47,51,80,84,89" m="39319,41579" machi="43" ten="30,1100,0" yaku="14,1" doraHai="95" who="2" fromWho="2" sc="289,-6,237,-4,237,14,237,-4" /><INIT seed="1,0,0,1,5,130" ten="283,233,251,233" oya="1" hai0="32,64,4,132,48,72,113,26,109,50,118,104,83" hai1="25,47,8,99,31,110,134,17,6,100,20,36,101" hai2="28,114,23,125,108,22,39,127,27,34,45,92,124" hai3="35,122,14,103,13,63,21,10,57,116,74,61,70"/><U79/><E79/><V123/><F123/><W24/><G122/><T95/><D113/><U105/><E101/><V46/><F114/><W96/><G74/><T107/><D118/><U42/><E110/><V12/><F108/><W30/><G116/><T135/><D109/><U54/><E54/><V0/><F0/><W73/><G73/><T69/><D4/><U85/><E85/><V75/><F75/><W115/><G115/><T77/><D95/><U68/><E68/><V51/><F92/><W55/><G10/><T94/><D94/><U97/><E97/><V102/><F102/><W11/><G21/><T1/><D1/><U29/><REACH who="1" step="1"/><E134/><REACH who="1" ten="283,223,251,233" step="2"/><N who="0" m="51241" /><D107/><U86/><E86/><V67/><F127/><W78/><G78/><T93/><D104/><U53/><E53/><V111/><F125/><W59/><G70/><T81/><D81/><U19/><E19/><V60/><F124/><W131/><G131/><T43/><D93/><U9/><E9/><V71/><F111/><W89/><G89/><T40/><D69/><U120/><E120/><V112/><F112/><W133/><G133/><T117/><D117/><U84/><E84/><V62/><F71/><W16/><G96/><T7/><D64/><U15/><AGARI ba="0,1" hai="6,8,15,17,20,25,29,31,36,42,47,99,100,105" machi="15" ten="20,3900,0" yaku="1,1,0,1,7,1,53,0" doraHai="130" doraHaiUra="87" who="1" fromWho="1" sc="283,-13,223,49,251,-13,233,-13" /><INIT seed="1,1,0,3,4,83" ten="270,272,238,220" oya="1" hai0="64,32,6,103,9,45,22,85,10,66,107,105,13" hai1="5,37,30,126,94,29,43,0,4,77,58,15,70" hai2="63,61,130,55,44,53,91,90,18,115,93,40,21" hai3="116,59,95,76,31,47,87,99,92,98,7,129,69"/><U102/><E70/><V109/><F109/><W123/><G69/><T19/><D32/><U57/><E126/><V27/><F130/><W2/><G123/><T46/><D105/><U97/><E0/><V89/><F115/><W112/><G129/><T56/><D107/><U1/><E1/><V54/><REACH who="2" step="1"/><F93/><REACH who="2" ten="270,272,228,220" step="2"/><W20/><G112/><T51/><D103/><U131/><E94/><V84/><F84/><W125/><G95/><T106/><D85/><U65/><E102/><V26/><F26/><W11/><G125/><T119/><D106/><U38/><E131/><V3/><F3/><W24/><G116/><T36/><D119/><U39/><E97/><V86/><F86/><W25/><G98/><T73/><D73/><U118/><E118/><V14/><F14/><W68/><G99/><T100/><D100/><U33/><E15/><V60/><F60/><W114/><G114/><T41/><D10/><U101/><E101/><V52/><N who="2" m="13312" /><DORA hai="8" /><V96/><F96/><W111/><G111/><T117/><D117/><U134/><E134/><V120/><F120/><W81/><G92/><T12/><REACH who="0" step="1"/><D56/><REACH who="0" ten="260,272,228,220" step="2"/><U23/><E58/><V67/><F67/><W127/><G127/><T49/><D49/><AGARI ba="1,2" hai="18,21,27,40,44,49,61,63,89,90,91" m="13312" machi="49" ten="50,8000,1" yaku="1,1,8,1,54,1,53,1" doraHai="83,8" doraHaiUra="110,16" who="2" fromWho="0" sc="260,-83,272,0,228,103,220,0" /><INIT seed="2,0,0,0,2,2" ten="177,272,331,220" oya="2" hai0="16,37,20,109,93,44,83,134,132,81,51,38,22" hai1="99,42,1,114,75,46,6,17,125,68,4,70,111" hai2="31,60,129,41,120,9,126,96,27,79,53,95,18" hai3="135,119,101,80,130,73,7,133,127,29,26,78,122"/><V32/><F120/><W85/><G122/><T72/><D109/><U105/><E114/><V87/><F129/><W12/><G119/><T8/><D93/><U64/><E75/><V69/><F126/><W54/><G127/><T13/><D38/><U82/><E125/><V35/><F41/><W102/><G130/><T56/><D37/><U24/><E111/><V48/><F32/><W58/><G73/><T33/><D33/><U36/><E82/><V100/><F87/><W10/><G29/><T52/><D44/><U28/><E17/><V123/><F79/><W66/><G66/><T91/><D91/><U131/><E1/><V57/><F123/><W124/><G26/><T74/><D74/><U45/><E45/><V61/><F69/><W62/><REACH who="3" step="1"/><G124/><REACH who="3" ten="177,272,331,210" step="2"/><T67/><D67/><U117/><E117/><V103/><F31/><W49/><G49/><T11/><D72/><U25/><E25/><V107/><F27/><W112/><G112/><T39/><D39/><U59/><E131/><V89/><F48/><W50/><G50/><T77/><D77/><U121/><E121/><V55/><F61/><W115/><G115/><T88/><D134/><AGARI ba="0,1" hai="7,10,12,54,58,62,78,80,85,101,102,133,134,135" machi="134" ten="40,5200,0" yaku="1,1,20,1,52,1,53,0" doraHai="2" doraHaiUra="86" who="3" fromWho="0" sc="177,-52,272,0,331,0,210,62" /><INIT seed="3,0,0,5,4,34" ten="125,272,331,272" oya="3" hai0="91,75,128,10,39,108,13,127,45,114,54,33,112" hai1="64,122,116,89,130,3,115,68,28,79,30,86,24" hai2="51,84,59,69,118,16,4,48,27,8,67,31,131" hai3="76,104,37,74,29,21,22,94,132,135,57,15,1"/><W101/><G104/><T110/><D91/><U6/><E115/><N who="0" m="44073" /><D75/><U120/><E79/><V63/><F118/><W2/><G37/><T97/><D54/><U42/><E42/><V99/><F131/><W25/><G57/><T88/><D45/><U56/><E130/><V78/><F99/><N who="3" m="59639" /><G76/><T103/><D39/><U32/><E30/><V20/><F31/><W71/><G71/><T5/><D103/><U134/><E68/><V53/><F78/><W14/><G74/><T35/><D88/><U93/><E116/><V123/><F123/><W50/><G50/><T107/><D97/><U111/><E134/><N who="3" m="51242" /><G21/><T85/><D85/><U40/><E40/><V92/><F84/><W55/><G55/><T124/><D107/><U43/><E43/><V90/><F90/><W38/><G38/><T11/><D128/><U98/><E120/><V26/><F92/><W125/><G125/><N who="0" m="48203" /><D11/><U109/><E122/><V7/><F48/><W18/><G29/><T52/><D52/><U23/><E28/><V47/><F69/><W65/><G65/><T72/><D72/><U12/><E64/><V81/><F67/><W80/><G80/><T83/><D83/><U70/><E70/><V17/><F81/><W87/><G87/><T58/><D58/><U133/><E56/><V100/><F59/><W46/><G46/><T66/><D66/><U44/><E86/><V73/><F73/><W60/><G60/><T49/><D49/><U106/><E106/><V105/><F63/><W95/><G95/><T113/><N who="0" m="44081" /><T119/><DORA hai="77" /><D119/><U121/><E133/><V0/><F105/><RYUUKYOKU ba="0,0" sc="125,15,272,-15,331,-15,272,15" hai0="5,10,13,33,35,108,110" hai3="1,2,14,15,18,22,25" /><INIT seed="3,1,0,4,1,47" ten="140,257,316,287" oya="3" hai0="121,80,55,116,60,14,42,63,66,70,35,78,4" hai1="100,72,85,88,124,33,10,18,95,120,82,94,118" hai2="91,26,50,28,38,109,81,52,127,84,115,39,59" hai3="3,13,76,77,25,1,20,133,53,130,32,96,129"/><W43/><G133/><T5/><D116/><U2/><E33/><V101/><F115/><W125/><G32/><T57/><D121/><U89/><E120/><V7/><F109/><W68/><G68/><T117/><D117/><U128/><E118/><V12/><F127/><W83/><G125/><T23/><D35/><U92/><E124/><V34/><F101/><W61/><G13/><T102/><D102/><U36/><E36/><V29/><F29/><W46/><G96/><T8/><D42/><U87/><E2/><V31/><F31/><W62/><G3/><T134/><D134/><U22/><E10/><V107/><F107/><W75/><G77/><T45/><D45/><U73/><E128/><N who="3" m="49258" /><G53/><T131/><D131/><U98/><REACH who="1" step="1"/><E82/><REACH who="1" ten="140,247,316,287" step="2"/><V19/><F7/><W44/><G1/><T99/><D23/><AGARI ba="1,1" hai="12,19,23,26,28,34,38,39,50,52,59,81,84,91" machi="23" ten="30,3900,0" yaku="7,1,52,1,54,1" doraHai="47" who="2" fromWho="0" sc="140,-42,247,0,316,52,287,0" owari="98,-40.2,247,-15.3,368,46.8,287,8.7" /></mjloggm>