<mjloggm ver="2.3"><GO type="225" lobby="0"/><UN n0="%E3%83%A9%E3%82%B9%E7%8E%87%EF%BC%93%E5%89%B2" n1="%E6%B8%A9%E2%98%85%E6%83%85%E2%98%85%E6%8E%AA%E2%98%85%E7%BD%AE" n2="%E3%81%8B%E3%82%8F%E3%81%A1%E3%82%83%E3%82%93%35%38" n3="%E3%81%A8%E3%82%93%E3%81%A8%E3%81%93%E3%81%A8%E3%82%93" dan="16,16,16,16" rate="2110.15,2160.22,2139.16,2078.95" sx="F,M,M,M"/><TAIKYOKU oya="0"/><INIT seed="0,0,0,3,2,122" ten="250,250,250,250" oya="0" hai0="92,135,29,25,63,103,110,109,30,13,124,45,87" hai1="17,51,35,49,15,5,81,102,6,82,44,112,95" hai2="58,28,46,14,19,7,96,41,123,111,104,79,71" hai3="132,115,120,60,100,37,78,118,59,83,86,80,33"/><T20/><D135/><U56/><E35/><V133/><F123/><W52/><G115/><T18/><D124/><U121/><E121/><V67/><F133/><W90/><G118/><T75/><D75/><U4/><E112/><V126/><F126/><W77/><G132/><T38/><D63/><U54/><E102/><V55/><F7/><W65/><G120/><T76/><D76/><U64/><E95/><V93/><F28/><W1/><G37/><T114/><D114/><U43/><REACH who="1" step="1"/><E64/><REACH who="1" ten="250,240,250,250" step="2"/><V107/><F67/><W134/><G134/><T57/><D57/><U27/><E27/><V89/><F107/><W24/><G100/><T97/><D87/><U3/><E3/><V74/><F104/><W32/><G1/><T117/><D117/><U131/><E131/><V106/><F106/><W99/><G33/><T70/><D70/><U129/><E129/><V108/><F71/><W22/><G32/><T26/><D26/><U91/><E91/><V94/><F94/><N who="3" m="56791" /><G65/><T88/><D103/><U61/><E61/><V11/><F79/><N who="3" m="46367" /><G83/><T34/><REACH who="0" step="1"/><D30/><AGARI ba="0,1" hai="22,24,30,52,59,60,77,78" m="46367,56791" machi="30" ten="30,2000,0" yaku="8,1,54,1" doraHai="122" who="3" fromWho="0" sc="250,-20,240,0,250,0,250,30" /><INIT seed="1,0,0,2,3,78" ten="230,240,250,280" oya="1" hai0="56,115,6,83,98,87,129,114,125,123,73,66,42" hai1="124,118,120,103,52,121,8,17,69,131,70,67,11" hai2="81,16,116,127,33,7,44,91,48,13,36,84,50" hai3="97,82,77,60,72,74,95,30,40,23,37,43,15"/><U41/><E118/><V106/><F127/><W61/><G72/><T99/><D73/><U102/><E124/><V88/><F116/><W53/><G37/><T85/><D125/><U80/><E41/><V79/><F106/><W119/><G119/><T2/><D42/><U12/><E131/><V20/><F33/><W27/><G15/><T5/><D56/><U101/><E11/><N who="2" m="4351" /><F36/><W89/><REACH who="3" step="1"/><G61/><REACH who="3" ten="230,240,250,270" step="2"/><T64/><D2/><U9/><E121/><V62/><F62/><W46/><G46/><T135/><D123/><U10/><E120/><V92/><F44/><W0/><G0/><T14/><D14/><U86/><E9/><V18/><F79/><W108/><G108/><T122/><D122/><U38/><E8/><V32/><F32/><W1/><G1/><T100/><D129/><U112/><E38/><V22/><F22/><W47/><G47/><T109/><D109/><U107/><E10/><V21/><F21/><W94/><G94/><T19/><D6/><U68/><E107/><V55/><F20/><W28/><G28/><T90/><D5/><U96/><E12/><V128/><F128/><W63/><G63/><T71/><D19/><N who="2" m="7210" /><F55/><W35/><G35/><T130/><D130/><U3/><E52/><V24/><F24/><W111/><G111/><T110/><D110/><U65/><E3/><V104/><F104/><W117/><G117/><T26/><D26/><U29/><E29/><V51/><F51/><W132/><G132/><T58/><D135/><U39/><E39/><V31/><F31/><W59/><AGARI ba="0,1" hai="23,27,30,40,43,53,59,60,74,77,82,89,95,97" machi="59" ten="30,4000,0" yaku="1,1,0,1,52,1,53,0" doraHai="78" doraHaiUra="34" who="3" fromWho="3" sc="230,-10,240,-20,250,-10,270,50" /><INIT seed="2,0,0,0,2,109" ten="220,220,240,320" oya="2" hai0="99,104,14,78,26,9,45,77,24,41,124,53,48" hai1="122,85,43,18,33,111,10,71,20,110,108,64,129" hai2="91,112,96,32,54,21,128,98,133,90,31,66,80" hai3="44,88,70,118,125,39,11,49,7,47,27,94,84"/><V23/><F32/><W82/><G118/><T97/><D124/><U79/><E129/><V46/><F128/><W35/><G70/><T55/><D26/><U38/><E33/><V130/><F130/><W60/><G125/><T51/><D24/><N who="1" m="14359" /><E122/><V58/><F133/><W132/><G132/><T40/><D104/><U6/><E64/><V86/><F112/><W123/><G123/><T13/><D9/><U52/><E71/><V4/><F4/><W135/><G135/><T61/><D61/><U22/><E22/><N who="2" m="8203" /><F31/><W113/><G39/><T29/><REACH who="0" step="1"/><D45/><REACH who="0" ten="210,220,240,320" step="2"/><N who="1" m="23799" /><E52/><V65/><F46/><W102/><G47/><T2/><D2/><N who="1" m="343" /><E79/><N who="2" m="46367" /><F65/><W56/><G44/><T127/><D127/><U25/><E25/><V68/><F66/><W67/><G67/><T126/><D126/><U69/><E69/><V17/><F68/><W81/><G27/><T19/><D19/><U3/><E3/><V62/><F17/><W95/><G35/><T42/><D42/><U105/><E105/><V103/><F62/><W92/><G60/><T106/><D106/><U50/><E50/><V107/><F58/><W63/><G56/><T116/><D116/><U134/><E134/><V115/><F54/><W12/><G49/><T72/><D72/><U30/><E30/><AGARI ba="0,1" hai="13,14,29,30,40,41,48,51,53,55,77,78,97,99" machi="30" ten="25,6400,0" yaku="1,1,22,2,8,1,53,0" doraHai="109" doraHaiUra="76" who="0" fromWho="1" sc="210,74,220,-64,240,0,320,0" /><INIT seed="3,0,0,4,2,117" ten="284,156,240,320" oya="3" hai0="40,23,27,119,82,91,12,49,43,37,63,58,98" hai1="90,55,116,107,118,113,45,10,34,73,28,0,115" hai2="1,102,131,61,70,126,35,106,20,83,64,72,14" hai3="89,47,16,51,95,31,25,65,120,62,56,53,99"/><W86/><G120/><T134/><D37/><U69/><E107/><V36/><F20/><N who="3" m="13447" /><G31/><T41/><D134/><U92/><E73/><V33/><F14/><W111/><G111/><T127/><D127/><U29/><E69/><V130/><F126/><W103/><G86/><T2/><D2/><U54/><E45/><V93/><F93/><W81/><G81/><T133/><D133/><U9/><E92/><V109/><F109/><W128/><G128/><T24/><D119/><N who="1" m="45611" /><E90/><AGARI ba="0,0" hai="47,51,53,56,62,65,89,90,95,99,103" m="13447" machi="90" ten="30,2900,0" yaku="8,1,54,1" doraHai="117" who="3" fromWho="1" sc="284,0,156,-29,240,0,320,29" owari="284,8.4,127,-37.3,240,-16.0,349,44.9" /></mjloggm>