<mjloggm ver="2.3"><GO type="225" lobby="0"/><UN n0="%6D%75%75%6D%75%72%61" n1="%E3%83%97%E3%83%AC%E3%83%B4%E3%82%A1%E3%83%86%E3%82%A3" n2="%E3%82%BC%E3%83%AB%E3%83%80%E3%81%AE%E4%BC%9D%E8%AA%AC" n3="%E3%81%BF%E3%81%BF%E3%81%9A" dan="17,16,17,16" rate="2227.62,2135.60,2222.20,2137.37" sx="F,F,M,M"/><TAIKYOKU oya="0"/><INIT seed="0,0,0,1,2,84" ten="250,250,250,250" oya="0" hai0="88,24,81,49,67,86,7,94,31,57,55,38,72" hai1="113,30,128,6,64,121,3,71,135,27,1,5,44" hai2="90,2,111,93,115,114,103,106,18,102,108,35,120" hai3="22,70,124,4,21,107,91,85,37,40,118,105,134"/><T12/><D38/><U116/><E121/><V74/><F2/><W50/><G118/><T46/><D7/><U127/><E116/><V125/><F35/><W96/><G70/><T73/><D12/><U43/><E113/><N who="2" m="43019" /><F18/><W32/><G32/><T92/><D73/><U42/><E128/><V47/><F47/><W89/><G37/><T8/><D8/><U132/><E127/><V9/><F9/><W82/><G124/><T41/><D72/><U126/><E126/><V52/><F125/><W130/><G130/><T77/><D77/><U104/><E104/><V59/><F74/><W0/><G134/><T68/><D68/><U13/><E71/><V109/><F106/><W95/><G107/><T51/><REACH who="0" step="1"/><D67/><REACH who="0" ten="240,250,250,250" step="2"/><U16/><E64/><V133/><F120/><W119/><G119/><T39/><D39/><U63/><E1/><V48/><F133/><W20/><G0/><T60/><D60/><U79/><E63/><V11/><F11/><W75/><G75/><T23/><AGARI ba="0,1" hai="23,24,31,41,46,49,51,55,57,81,86,88,92,94" machi="23" ten="20,18000,2" yaku="1,1,0,1,7,1,8,1,52,1,54,1,53,0" doraHai="84" doraHaiUra="29" who="0" fromWho="0" sc="240,190,250,-60,250,-60,250,-60" /><INIT seed="0,1,0,4,4,103" ten="430,190,190,190" oya="0" hai0="21,34,91,121,8,1,114,105,99,23,26,81,46" hai1="55,113,112,69,104,117,39,42,134,15,25,43,19" hai2="48,98,47,62,49,100,57,82,122,29,40,126,132" hai3="79,18,77,60,30,36,14,2,41,116,89,54,56"/><T61/><D114/><N who="1" m="44139" /><E104/><V106/><F122/><W76/><G2/><T123/><D34/><U87/><E117/><V73/><F126/><W130/><G116/><T59/><D81/><U20/><E69/><V31/><F132/><W101/><G130/><T13/><D1/><U115/><N who="1" m="44147" /><U111/><DORA hai="7" /><E134/><V27/><F49/><W64/><G101/><T85/><D85/><U94/><E39/><V38/><F38/><W131/><G131/><T28/><D23/><U22/><E111/><V72/><F82/><W95/><G30/><T129/><D46/><U84/><E55/><V5/><F5/><W133/><G133/><T80/><D129/><U44/><E44/><V108/><F108/><W24/><G36/><T45/><D45/><U97/><E87/><V74/><REACH who="2" step="1"/><F27/><REACH who="2" ten="430,190,180,190" step="2"/><W68/><G24/><T50/><D50/><U17/><E84/><V135/><F135/><W67/><G41/><T124/><D124/><U92/><E92/><V90/><F90/><AGARI ba="1,1" hai="15,17,19,20,22,25,42,43,90,94,97" m="44147" machi="90" ten="40,1300,0" yaku="11,1" doraHai="103,7" who="1" fromWho="2" sc="430,0,190,26,180,-16,190,0" /><INIT seed="1,0,0,4,4,5" ten="430,216,164,190" oya="1" hai0="30,119,50,19,53,127,67,43,10,32,131,37,68" hai1="38,56,69,97,103,25,16,22,7,81,1,6,65" hai2="76,84,96,31,124,41,4,35,102,18,73,57,70" hai3="9,49,48,74,0,14,23,66,129,133,62,118,20"/><U34/><E38/><V122/><F70/><W64/><G74/><T52/><D119/><U13/><E69/><V121/><F124/><W95/><G0/><T105/><D127/><U28/><E81/><V87/><F4/><N who="3" m="3367" /><G118/><T128/><D105/><U117/><E117/><V61/><F73/><W27/><G133/><T123/><D123/><U24/><E1/><V85/><F76/><W113/><G113/><T116/><D116/><U93/><E65/><N who="3" m="25194" /><G62/><N who="0" m="40055" /><D37/><U47/><E47/><V90/><F41/><W39/><G39/><T114/><D114/><U59/><E6/><V110/><F110/><W21/><G129/><N who="0" m="49739" /><D43/><U11/><AGARI ba="0,0" hai="7,11,13,16,22,24,25,28,34,56,59,93,97,103" machi="11" ten="30,6000,0" yaku="0,1,52,1,54,1" doraHai="5" who="1" fromWho="1" sc="430,-20,216,60,164,-20,190,-20" /><INIT seed="1,1,0,1,3,120" ten="410,276,144,170" oya="1" hai0="130,66,23,80,28,69,41,88,18,81,73,121,25" hai1="40,123,102,63,31,48,71,17,106,97,37,129,78" hai2="68,36,91,109,111,70,135,95,65,16,87,82,42" hai3="131,51,10,58,24,74,75,99,62,108,83,96,12"/><U15/><E123/><V35/><F135/><W52/><G131/><T112/><D121/><U44/><E129/><V77/><F35/><W11/><G108/><N who="2" m="41545" /><F65/><W76/><G75/><T32/><D130/><U22/><E78/><V72/><F16/><W30/><G62/><T7/><D112/><U1/><E1/><V119/><F119/><W13/><G13/><T4/><D73/><U79/><E79/><V53/><F53/><W103/><G103/><T126/><D126/><U29/><E71/><N who="2" m="27179" /><F42/><W101/><G12/><T27/><D41/><U26/><E63/><V125/><F36/><W0/><G0/><T89/><D66/><U134/><E134/><V55/><F55/><W54/><G54/><T105/><D69/><U117/><E117/><V60/><F60/><W38/><G38/><T92/><D7/><U39/><REACH who="1" step="1"/><E31/><REACH who="1" ten="410,266,144,170" step="2"/><V110/><N who="2" m="41553" /><V14/><DORA hai="115" /><F14/><W34/><REACH who="3" step="1"/><G96/><REACH who="3" ten="410,266,144,160" step="2"/><T2/><D2/><U56/><E56/><V107/><F125/><W19/><G19/><T6/><D18/><U43/><E43/><V90/><F90/><W9/><G9/><AGARI ba="1,2" hai="9,15,17,22,26,29,37,39,40,44,48,97,102,106" machi="9" ten="30,5800,0" yaku="1,1,7,1,53,1" doraHai="120,115" doraHaiUra="46,113" who="1" fromWho="3" sc="410,0,266,81,144,0,160,-61" /><INIT seed="1,2,0,4,4,127" ten="410,347,144,99" oya="1" hai0="88,108,114,49,98,55,22,130,67,60,7,35,63" hai1="82,85,15,30,113,8,92,39,12,87,86,119,89" hai2="107,4,10,32,79,42,2,128,37,64,80,74,65" hai3="13,46,91,124,116,120,45,75,18,125,54,5,69"/><U99/><E39/><V126/><F126/><N who="3" m="48747" /><G120/><T66/><D35/><U93/><E119/><V16/><F128/><W57/><G116/><T38/><D114/><U24/><E113/><V25/><F107/><W41/><G69/><T106/><D38/><U102/><E93/><V84/><F84/><W101/><G75/><T71/><D108/><U72/><E72/><V3/><F3/><W61/><G101/><T109/><D109/><U43/><E43/><V96/><F96/><W131/><G5/><T135/><D130/><U132/><E132/><V59/><F59/><W97/><G97/><T1/><D135/><U100/><E102/><V62/><F62/><N who="0" m="23594" /><D106/><U73/><E73/><V83/><F83/><W112/><G91/><T129/><D1/><U23/><REACH who="1" step="1"/><E12/><REACH who="1" ten="410,337,144,99" step="2"/><V134/><F134/><W21/><G112/><T14/><D129/><U68/><E68/><V0/><F0/><W81/><G131/><T77/><D71/><U123/><E123/><V115/><F115/><W90/><G41/><T94/><D14/><U33/><E33/><V48/><F37/><W95/><G95/><T103/><D103/><U28/><E28/><V50/><F42/><W70/><G70/><T11/><D94/><U105/><E105/><V44/><F32/><W29/><G29/><T110/><D110/><U121/><E121/><V58/><F74/><W117/><G117/><T19/><D98/><U78/><E78/><V51/><F79/><W31/><G31/><T17/><D77/><U47/><E47/><N who="3" m="17930" /><G90/><T20/><D88/><U133/><E133/><V76/><F76/><W104/><G104/><RYUUKYOKU ba="2,1" sc="410,-15,337,15,144,-15,99,15" hai1="8,15,23,24,30,82,85,86,87,89,92,99,100" hai3="13,18,21,54,57,61,81" /><INIT seed="1,3,1,1,4,79" ten="395,352,129,114" oya="1" hai0="76,46,73,91,0,118,21,20,82,34,115,56,113" hai1="40,61,123,96,2,132,53,111,12,7,74,64,8" hai2="17,28,55,92,36,117,70,129,45,80,99,63,98" hai3="77,47,101,67,41,16,9,78,10,103,29,104,124"/><U133/><E123/><V75/><F117/><W83/><G29/><T49/><D118/><U97/><E74/><V13/><F129/><W134/><G67/><T131/><D34/><U86/><E40/><V48/><F28/><W57/><G124/><T120/><D131/><U109/><E53/><V19/><F36/><W100/><G104/><T42/><D120/><U135/><E86/><V62/><F70/><W114/><G114/><T30/><D0/><U6/><E7/><V4/><F4/><W90/><G134/><T11/><D11/><N who="3" m="4105" /><G57/><T128/><D128/><U84/><E84/><V72/><F99/><W122/><G122/><T27/><D20/><U89/><E2/><V121/><F121/><W50/><G16/><T39/><D91/><U68/><REACH who="1" step="1"/><E89/><REACH who="1" ten="395,342,129,114" step="2"/><V52/><F75/><W31/><G31/><T126/><D126/><U94/><E94/><V87/><F72/><W69/><G69/><T127/><D127/><U3/><E3/><V107/><F92/><W33/><G33/><T32/><D32/><U26/><E26/><V25/><F25/><W93/><G83/><T95/><D95/><U1/><E1/><V37/><F80/><W14/><G14/><T66/><D113/><U15/><E15/><V35/><F13/><W18/><G18/><T65/><D115/><U116/><E116/><V59/><F35/><W125/><G125/><T130/><D130/><U43/><E43/><V23/><F17/><W22/><G22/><T58/><D39/><U102/><E102/><N who="3" m="26114" /><W119/><DORA hai="106" /><G119/><T85/><D73/><U24/><E24/><V81/><F23/><RYUUKYOKU ba="3,2" sc="395,10,342,10,129,-30,114,10" hai0="21,27,30,42,46,49,56,58,65,66,76,82,85" hai1="6,8,12,61,64,68,96,97,109,111,132,133,135" hai3="41,47,50,77,78,90,93" /><INIT seed="1,4,2,5,1,4" ten="405,352,99,124" oya="1" hai0="83,80,35,69,58,89,37,45,126,22,110,29,117" hai1="98,113,57,118,81,11,99,9,132,105,123,87,79" hai2="86,27,0,74,77,100,21,103,44,112,96,10,47" hai3="93,53,5,129,46,125,54,92,111,116,19,26,88"/><U76/><E123/><V95/><F74/><W85/><G111/><T51/><D69/><U90/><E118/><V124/><F124/><W25/><G125/><T91/><D126/><U43/><E113/><V42/><F112/><W97/><G116/><T40/><D35/><U31/><E132/><V128/><F128/><W84/><G129/><T65/><D110/><U67/><E31/><V62/><F62/><W50/><G5/><T108/><D117/><U114/><E114/><V39/><F0/><W130/><G130/><T68/><D68/><U59/><E43/><V102/><F10/><N who="1" m="3593" /><E105/><V23/><F23/><N who="3" m="13567" /><G26/><N who="0" m="16599" /><D37/><U34/><E34/><V20/><F20/><W115/><G115/><T64/><D108/><U135/><E135/><V3/><F3/><W8/><G8/><T16/><D16/><U73/><E73/><V6/><F6/><W63/><G93/><T7/><D7/><U121/><E121/><V55/><F21/><W32/><G32/><T133/><D133/><U60/><E57/><AGARI ba="4,2" hai="46,50,53,54,57,63,84,85,88,92,97" m="13567" machi="57" ten="30,3900,0" yaku="25,1,8,1,54,1" doraHai="4" who="3" fromWho="1" sc="405,0,352,-51,99,0,124,71" /><INIT seed="2,0,0,3,1,50" ten="405,301,99,195" oya="2" hai0="110,61,69,19,125,0,30,2,109,59,42,60,111" hai1="16,103,35,96,17,53,104,126,102,115,108,113,54" hai2="79,36,78,74,122,57,39,117,45,41,135,62,51" hai3="97,34,80,107,68,55,48,134,128,29,119,114,81"/><V130/><F117/><W27/><G119/><T101/><D125/><U124/><E35/><V67/><F122/><W14/><G128/><T86/><D69/><U76/><E76/><V26/><F130/><W22/><G134/><T116/><D116/><U88/><E108/><V70/><F135/><W37/><G37/><T25/><D42/><U6/><E6/><V20/><F74/><W3/><G68/><T82/><D19/><U46/><E46/><V99/><F99/><W64/><G64/><N who="0" m="38943" /><D61/><U12/><E12/><V15/><F15/><W91/><G3/><T105/><D101/><U95/><E104/><V49/><F49/><W87/><G114/><T94/><D94/><U121/><E96/><V65/><F65/><W18/><G97/><T32/><D105/><U92/><REACH who="1" step="1"/><E88/><AGARI ba="0,0" hai="0,2,25,30,32,82,86,88,109,110,111" m="38943" machi="88" ten="30,2000,0" yaku="14,1,54,1" doraHai="50" who="0" fromWho="1" sc="405,20,301,-20,99,0,195,0" /><INIT seed="3,0,0,5,1,36" ten="425,281,99,195" oya="3" hai0="101,60,34,47,121,56,98,26,133,51,75,99,90" hai1="117,6,57,13,82,62,96,72,130,88,80,92,73" hai2="125,107,45,70,24,2,61,50,108,21,113,55,43" hai3="48,87,63,44,42,46,59,27,115,4,111,77,1"/><W100/><G115/><T58/><D75/><N who="1" m="28747" /><E6/><V109/><F107/><W10/><G111/><T16/><D121/><U91/><E13/><V68/><F2/><W53/><G100/><T32/><D133/><U135/><E57/><N who="2" m="35007" /><F21/><W83/><G44/><T124/><D124/><U41/><E41/><N who="2" m="24879" /><F24/><W86/><G27/><T39/><D39/><U29/><E62/><V11/><F11/><W19/><G19/><T110/><D110/><N who="2" m="42602" /><F125/><W54/><REACH who="3" step="1"/><G86/><REACH who="3" ten="425,281,99,185" step="2"/><T5/><D101/><N who="1" m="60551" /><E29/><V76/><F76/><W65/><AGARI ba="0,1" hai="1,4,10,42,46,48,53,54,59,63,65,77,83,87" machi="65" ten="20,12000,1" yaku="1,1,0,1,7,1,52,1,53,1" doraHai="36" doraHaiUra="79" who="3" fromWho="3" sc="425,-40,281,-40,99,-40,185,130" /><INIT seed="3,1,0,3,1,34" ten="385,241,59,315" oya="3" hai0="28,86,79,38,109,95,25,96,89,70,45,43,19" hai1="117,12,23,11,76,114,41,15,55,104,13,128,60" hai2="6,35,87,44,100,5,29,127,103,110,73,30,47" hai3="92,54,134,32,112,118,126,129,52,7,85,125,50"/><W22/><G112/><T81/><D109/><U72/><E114/><V124/><F87/><W53/><G118/><T135/><D135/><U107/><E117/><V9/><F9/><W77/><G32/><T116/><D116/><U57/><E128/><V98/><F98/><W130/><G134/><T21/><REACH who="0" step="1"/><D70/><REACH who="0" ten="375,241,59,315" step="2"/><U105/><E41/><V101/><F110/><W108/><G108/><T31/><AGARI ba="1,1" hai="19,21,25,28,31,38,43,45,79,81,86,89,95,96" machi="31" ten="30,4000,0" yaku="1,1,2,1,0,1,53,0" doraHai="34" doraHaiUra="51" who="0" fromWho="0" sc="375,53,241,-11,59,-11,315,-21" owari="428,52.8,230,-17.0,48,-45.2,294,9.4" /></mjloggm>