<mjloggm ver="2.3"><GO type="225" lobby="0"/><UN n0="%47%68%6F%73%74%55%30" n1="%E4%B8%AD%E5%B9%B4%E3%81%AE%E5%8D%B1%E6%A9%9F" n2="%E7%99%BD%E6%97%A5%E9%9B%AA%E8%8F%9C" n3="%38%63%E3%81%AF%E3%81%A3%E3%81%97%E3%83%BC" dan="17,17,16,16" rate="2160.30,2219.69,2129.43,2115.63" sx="M,M,M,M"/><TAIKYOKU oya="0"/><INIT seed="0,0,0,1,2,121" ten="250,250,250,250" oya="0" hai0="39,105,1,60,69,102,24,31,20,21,98,36,28" hai1="38,106,119,109,92,65,88,90,17,130,55,47,70" hai2="91,99,81,83,85,11,29,44,113,62,86,135,100" hai3="0,42,87,75,122,37,7,59,71,58,131,77,8"/><T97/><D1/><U41/><E119/><V50/><F135/><W128/><G71/><T117/><D117/><U3/><E106/><V112/><F29/><W115/><G87/><T48/><D48/><U73/><E3/><V4/><F62/><W35/><G35/><N who="0" m="20871" /><D97/><U10/><E73/><V49/><F11/><W94/><G94/><T108/><D31/><U103/><E109/><V114/><F4/><W25/><G25/><T12/><D108/><U96/><E130/><N who="3" m="49706" /><G115/><T84/><D84/><U78/><E78/><V33/><F33/><W40/><G122/><T118/><D118/><U13/><REACH who="1" step="1"/><E55/><REACH who="1" ten="250,240,250,250" step="2"/><V6/><F114/><W107/><G107/><T66/><D20/><U67/><E67/><V80/><F113/><W123/><G123/><T101/><D101/><U133/><E133/><V72/><F100/><W111/><G111/><T18/><AGARI ba="0,1" hai="12,18,21,36,39,60,66,69,98,102,105" m="20871" machi="18" ten="30,1500,0" yaku="25,1" doraHai="121" who="0" fromWho="0" sc="250,25,240,-5,250,-5,250,-5" /><INIT seed="0,1,0,2,4,59" ten="275,235,245,245" oya="0" hai0="18,80,11,6,91,73,74,8,3,24,47,46,81" hai1="124,111,52,102,128,101,54,29,56,71,127,68,100" hai2="94,62,89,33,120,35,19,82,2,28,130,117,75" hai3="55,78,114,5,123,34,50,25,36,125,79,118,9"/><T122/><D122/><U31/><E111/><V32/><F120/><W64/><G36/><T95/><D24/><U27/><E128/><V88/><F2/><W135/><G123/><T98/><D18/><U67/><E67/><V4/><F4/><W99/><G118/><T115/><D115/><U108/><E108/><V49/><F130/><W119/><G119/><T104/><D104/><U106/><E106/><V42/><F117/><W129/><G114/><T97/><D6/><U30/><E27/><V7/><F7/><W70/><G99/><T15/><D15/><U92/><E92/><V16/><F28/><W60/><G135/><T77/><D3/><U43/><E43/><V21/><F62/><W113/><G113/><T23/><D23/><U53/><REACH who="1" step="1"/><E56/><REACH who="1" ten="275,225,245,245" step="2"/><V63/><F94/><W51/><G129/><T112/><D112/><U132/><E132/><V107/><F107/><W103/><G25/><T76/><D95/><U121/><E121/><V0/><F42/><W22/><G64/><T85/><D85/><U44/><E44/><V1/><F35/><W133/><G34/><T126/><REACH who="0" step="1"/><D91/><REACH who="0" ten="265,225,245,245" step="2"/><U48/><E48/><V96/><F49/><W45/><G50/><T90/><D90/><U66/><E66/><V61/><F88/><W14/><G133/><T20/><D20/><U39/><E39/><V65/><F21/><W72/><G22/><T37/><D37/><U58/><E58/><N who="2" m="37047" /><F89/><W131/><G51/><T13/><D13/><U83/><E83/><V57/><F33/><W109/><G14/><T84/><D84/><U69/><AGARI ba="1,2" hai="29,30,31,52,53,54,68,69,71,100,101,102,124,127" machi="69" ten="50,32000,5" yakuman="40" doraHai="59" doraHaiUra="12" who="1" fromWho="1" sc="265,-161,225,343,245,-81,245,-81" /><INIT seed="1,0,0,4,3,61" ten="104,568,164,164" oya="1" hai0="109,28,111,124,92,98,97,77,59,128,105,52,6" hai1="133,129,88,108,18,100,39,119,123,67,86,89,95" hai2="114,17,44,41,48,45,127,21,16,68,87,38,117" hai3="62,74,79,49,70,43,50,56,5,75,54,78,81"/><U55/><E123/><V99/><F117/><W134/><G134/><T102/><D124/><U101/><E119/><V93/><F127/><W12/><G43/><T46/><D128/><U34/><E39/><V72/><F72/><W9/><REACH who="3" step="1"/><G70/><REACH who="3" ten="104,568,164,154" step="2"/><T91/><D46/><U66/><E133/><V73/><F68/><W130/><G130/><T36/><D36/><U29/><E129/><V20/><F44/><W63/><G63/><T57/><D57/><U32/><E108/><V10/><F38/><W76/><G76/><T106/><D77/><U27/><E32/><V131/><F131/><W104/><G104/><T22/><D105/><U37/><E37/><V4/><F41/><W14/><G14/><T31/><D109/><U85/><E55/><V42/><F42/><W121/><G121/><T30/><D111/><U110/><E110/><V58/><F45/><W83/><AGARI ba="0,1" hai="5,9,12,49,50,54,56,62,74,75,78,79,81,83" machi="83" ten="30,4000,0" yaku="1,1,0,1,9,1,53,0" doraHai="61" doraHaiUra="90" who="3" fromWho="3" sc="104,-10,568,-20,164,-10,154,50" /><INIT seed="2,0,0,5,4,85" ten="94,548,154,204" oya="2" hai0="100,119,126,15,65,81,30,129,107,127,59,110,29" hai1="133,125,73,13,58,89,106,66,92,17,48,117,27" hai2="69,70,23,57,63,94,24,50,122,12,53,33,5" hai3="64,43,62,25,54,82,75,9,45,103,93,113,80"/><V98/><F122/><W90/><G103/><T96/><D110/><U61/><E106/><V97/><F33/><W95/><G113/><T74/><D119/><U21/><E73/><V116/><F116/><W124/><G54/><T72/><D129/><U3/><E3/><V37/><F37/><W16/><G124/><N who="0" m="47659" /><D15/><U0/><E0/><V88/><F98/><W18/><G95/><T49/><D65/><U131/><E125/><V11/><REACH who="2" step="1"/><F50/><REACH who="2" ten="94,548,144,204" step="2"/><W121/><G121/><T115/><D115/><U120/><E117/><V56/><F56/><W38/><G38/><T101/><D59/><U7/><E120/><V87/><F87/><W79/><G75/><T123/><D49/><U76/><E131/><V20/><F20/><W40/><G45/><T46/><D123/><U2/><E48/><V28/><AGARI ba="0,1" hai="5,11,12,23,24,28,53,57,63,69,70,88,94,97" machi="28" ten="20,12000,1" yaku="1,1,0,1,7,1,52,1,54,1,53,0" doraHai="85" doraHaiUra="36" who="2" fromWho="2" sc="94,-40,548,-40,144,130,204,-40" /><INIT seed="2,1,0,2,4,111" ten="54,508,274,164" oya="2" hai0="133,32,122,36,114,14,62,19,109,64,129,50,40" hai1="95,73,9,69,42,82,46,57,10,81,118,13,102" hai2="134,77,121,74,83,84,132,22,71,100,70,65,98" hai3="33,80,75,3,8,21,110,124,47,91,127,60,44"/><V79/><F121/><W53/><G33/><T117/><D122/><U99/><E69/><V66/><F22/><W35/><G35/><T4/><D32/><U41/><E118/><V55/><F55/><W5/><G21/><T12/><D4/><U87/><E73/><V37/><F37/><W39/><G110/><T89/><D109/><U59/><E82/><V43/><F43/><N who="1" m="16393" /><E46/><V108/><F108/><W88/><G39/><T125/><D117/><U17/><E9/><V105/><F77/><AGARI ba="1,0" hai="10,13,17,57,59,77,81,87,95,99,102" m="16393" machi="77" ten="30,1000,0" yaku="8,1" doraHai="111" who="1" fromWho="2" sc="54,0,508,13,274,-13,164,0" /><INIT seed="3,0,0,2,1,121" ten="54,521,261,164" oya="3" hai0="66,101,100,10,9,18,125,42,3,32,72,68,99" hai1="12,43,26,89,87,63,51,55,71,50,127,112,6" hai2="75,115,96,111,56,16,41,57,120,132,67,79,39" hai3="4,60,106,7,38,76,94,90,129,45,107,86,69"/><W28/><G129/><T78/><D125/><U27/><E112/><V5/><F115/><W20/><G76/><T133/><D133/><U114/><E114/><V119/><F5/><W108/><G38/><T82/><D100/><U134/><E134/><V40/><F79/><W22/><G45/><T13/><D9/><N who="1" m="4151" /><E71/><V117/><F75/><W105/><G108/><T24/><D42/><U77/><E127/><V131/><F111/><W103/><G103/><T36/><D36/><U23/><E43/><V109/><F109/><W54/><G54/><T48/><D68/><U53/><E77/><V84/><F84/><W19/><G28/><T30/><D66/><U11/><E11/><V74/><F74/><W80/><G22/><T46/><D3/><U102/><E63/><V37/><F67/><W116/><G80/><T15/><D15/><U123/><E123/><V49/><F131/><W124/><G116/><T70/><D70/><U31/><E102/><V62/><F96/><W17/><G17/><T44/><D48/><N who="1" m="18475" /><E27/><V33/><F16/><W98/><G124/><T29/><REACH who="0" step="1"/><D30/><REACH who="0" ten="44,521,261,164" step="2"/><U92/><AGARI ba="0,1" hai="23,26,31,53,55,87,89,92" m="18475,4151" machi="92" ten="30,1100,0" yaku="8,1" doraHai="121" who="1" fromWho="1" sc="44,-3,521,21,261,-3,164,-5" owari="41,-45.9,542,64.2,258,5.8,159,-24.1" /></mjloggm>