<mjloggm ver="2.3"><GO type="225" lobby="0"/><UN n0="%73%73%6B%5F%66%72%65%65" n1="%E5%B8%86%E7%AB%8B%E5%A4%8F%E8%A1%A3" n2="%E5%8D%A0%E3%81%84%E5%B8%AB%E8%A3%8F%E3%81%AA%E3%81%84%E3%81%97" n3="%E3%82%A2%E3%83%BC%E3%83%A2%E3%83%AD%E3%83%BC%E3%83%B4%E3%82%A1" dan="16,16,17,16" rate="2084.42,2108.16,2201.67,2100.86" sx="M,M,M,M"/><TAIKYOKU oya="0"/><INIT seed="0,0,0,4,5,27" ten="250,250,250,250" oya="0" hai0="47,83,102,129,116,18,76,20,122,37,46,109,66" hai1="110,7,12,8,32,15,9,103,98,121,50,41,132" hai2="80,112,114,77,92,26,65,61,123,22,100,2,49" hai3="40,11,113,125,24,75,28,16,35,95,93,38,54"/><T94/><D116/><U55/><E110/><V84/><F2/><W96/><G113/><T59/><D122/><U4/><E132/><V0/><F0/><W69/><G75/><T127/><D129/><U1/><E121/><V64/><F123/><W31/><G69/><T131/><D131/><U68/><E68/><V107/><F107/><W39/><G125/><T118/><D118/><U30/><E1/><V108/><F108/><W67/><G67/><T119/><D119/><U88/><E41/><V51/><F114/><W106/><G54/><T56/><D127/><U19/><E32/><V99/><F112/><W86/><G31/><T58/><D66/><U85/><E30/><N who="2" m="17751" /><F65/><W101/><G86/><N who="0" m="48487" /><D37/><U48/><E19/><V21/><F21/><W60/><G60/><T14/><D109/><U73/><E73/><V120/><F120/><W126/><G126/><T17/><D17/><U45/><E50/><V53/><F53/><W133/><G133/><T23/><D23/><U111/><E111/><V104/><F104/><W63/><G63/><T3/><D3/><U87/><E103/><V36/><F36/><W34/><G34/><T124/><D124/><U82/><E87/><V130/><F130/><W57/><G57/><AGARI ba="0,0" hai="49,51,57,61,64,77,80,84,92,99,100" m="17751" machi="57" ten="30,3900,0" yaku="25,1,8,1,52,1" doraHai="27" who="2" fromWho="3" sc="250,0,250,0,250,39,250,-39" /><INIT seed="1,0,0,0,1,78" ten="250,250,289,211" oya="1" hai0="49,30,71,40,22,62,50,125,113,23,118,101,92" hai1="52,99,6,130,126,58,38,21,108,66,109,82,95" hai2="72,10,37,112,5,123,56,114,59,93,15,117,90" hai3="11,9,120,64,87,69,27,133,105,91,104,88,98"/><U76/><E38/><V119/><F37/><W131/><G120/><T36/><D113/><N who="2" m="43626" /><F72/><W122/><G122/><T84/><D118/><N who="2" m="45066" /><F123/><W29/><G133/><T2/><D2/><U61/><E6/><V132/><F132/><W55/><G131/><T115/><D36/><U67/><E130/><V44/><F44/><W77/><G77/><T107/><D115/><U85/><E21/><V39/><F39/><W134/><G134/><T97/><D22/><U17/><E17/><V20/><F20/><W54/><G9/><T111/><D23/><U127/><E67/><V24/><F24/><W74/><G11/><T80/><D30/><U81/><E81/><V31/><F31/><W0/><G74/><T63/><D40/><U70/><E66/><V83/><F83/><N who="3" m="49279" /><G0/><T86/><D80/><U65/><E65/><V45/><F45/><W3/><G3/><T4/><D4/><U89/><REACH who="1" step="1"/><E70/><REACH who="1" ten="250,240,289,211" step="2"/><V129/><F129/><W28/><G64/><T128/><D71/><U73/><E73/><V79/><F79/><W26/><G69/><T75/><D128/><U110/><AGARI ba="0,1" hai="52,58,61,76,82,85,89,95,99,108,109,110,126,127" machi="110" ten="40,18000,2" yaku="1,1,0,1,14,1,10,1,52,1,54,1,53,0" doraHai="78" doraHaiUra="13" who="1" fromWho="1" sc="250,-60,240,190,289,-60,211,-60" /><INIT seed="1,1,0,1,5,37" ten="190,430,229,151" oya="1" hai0="76,82,95,31,93,72,92,39,57,25,129,133,111" hai1="50,69,36,21,12,78,29,97,125,119,44,114,86" hai2="62,8,131,135,28,15,54,101,48,75,7,96,108" hai3="34,27,13,121,87,107,123,77,35,106,46,20,66"/><U67/><E114/><V60/><F108/><W104/><G66/><T70/><D70/><U53/><E119/><V55/><F75/><W85/><G13/><T30/><D129/><U22/><E125/><V71/><F131/><W59/><G59/><T38/><D133/><U33/><E36/><V6/><F135/><W68/><G68/><T41/><D111/><U2/><E2/><V10/><F28/><W90/><G77/><T100/><D100/><U102/><E78/><V83/><F83/><W51/><G20/><T26/><D57/><U56/><E86/><V42/><F71/><W3/><G3/><T65/><D65/><U112/><E112/><V61/><F48/><W94/><G27/><T5/><D5/><U120/><E12/><V103/><F96/><W91/><G51/><T18/><D95/><U132/><E120/><V4/><F42/><W11/><G11/><N who="2" m="4137" /><F15/><W118/><G46/><T79/><D72/><U80/><E44/><V0/><F0/><W23/><G23/><T105/><D82/><U126/><E80/><V74/><F74/><W32/><REACH who="3" step="1"/><G118/><REACH who="3" ten="190,430,229,141" step="2"/><T117/><D117/><U115/><E69/><V58/><F58/><W110/><G110/><T17/><D25/><U24/><E24/><V47/><F47/><W52/><G52/><AGARI ba="1,1" hai="4,6,7,52,54,55,60,61,62,101,103" m="4137" machi="52" ten="40,8000,1" yaku="28,2,8,1,54,1" doraHai="37" who="2" fromWho="3" sc="190,0,430,0,229,93,141,-83" /><INIT seed="2,0,0,5,4,79" ten="190,430,322,58" oya="2" hai0="133,90,73,104,113,57,40,15,135,13,68,116,51" hai1="112,93,53,111,74,63,18,23,66,134,28,82,123" hai2="29,114,71,132,83,35,89,41,61,38,102,92,7" hai3="33,77,103,24,96,106,3,67,25,122,48,2,42"/><V124/><F114/><W12/><G122/><T36/><D68/><U97/><E111/><V45/><F124/><W8/><G67/><T109/><D113/><U120/><E112/><V30/><F132/><BYE who="2" /><W64/><G64/><T0/><D109/><U47/><E134/><UN n2="%E5%8D%A0%E3%81%84%E5%B8%AB%E8%A3%8F%E3%81%AA%E3%81%84%E3%81%97" /><V34/><F102/><W78/><G2/><T19/><D104/><U128/><E128/><V119/><F119/><W107/><G3/><T32/><D0/><U85/><E74/><V1/><F71/><W65/><G65/><T6/><D32/><U70/><E28/><V50/><F61/><W10/><G33/><T20/><D6/><U118/><E118/><V5/><F50/><W108/><G108/><T56/><D36/><U46/><E53/><V117/><F117/><W49/><G12/><T55/><D73/><U58/><E70/><V76/><F7/><W110/><G110/><T126/><D126/><U17/><E17/><V75/><F34/><W100/><REACH who="3" step="1"/><G42/><REACH who="3" ten="190,430,322,48" step="2"/><T129/><D40/><U91/><E123/><V121/><F35/><W115/><G115/><T86/><D133/><U101/><E120/><V60/><F121/><W105/><G105/><T98/><D135/><U131/><E131/><V54/><F54/><W81/><G81/><N who="0" m="49487" /><D129/><U11/><E66/><V9/><F60/><W80/><G80/><T4/><D116/><U84/><E63/><V125/><F125/><W72/><G72/><T95/><D13/><U37/><E82/><V16/><F16/><W94/><G94/><T87/><D19/><U130/><E18/><V52/><F52/><W21/><G21/><T27/><D20/><RYUUKYOKU ba="0,1" sc="190,-15,430,-15,322,15,48,15" hai2="1,5,9,29,30,38,41,45,75,76,83,89,92" hai3="8,10,24,25,48,49,77,78,96,100,103,106,107" /><INIT seed="2,1,1,0,5,76" ten="175,415,337,63" oya="2" hai0="0,126,74,134,3,11,65,15,99,61,7,45,95" hai1="72,63,104,21,127,96,26,78,79,125,33,44,66" hai2="108,16,43,83,109,35,124,23,81,28,47,18,100" hai3="103,92,48,20,50,8,34,46,29,70,132,57,64"/><V121/><F121/><W115/><G132/><T87/><D134/><U122/><E122/><V82/><F124/><N who="1" m="47689" /><E44/><V106/><F35/><W135/><G135/><T133/><D74/><U93/><E104/><V113/><F28/><W42/><G115/><T120/><D87/><U80/><E78/><V86/><F86/><W118/><G118/><T68/><D15/><U49/><E49/><N who="2" m="26879" /><F23/><W9/><G34/><T67/><D11/><U60/><E66/><N who="0" m="25097" /><D61/><U119/><E33/><V39/><F39/><W27/><G70/><T102/><D95/><U31/><E119/><V112/><F112/><W89/><G50/><T88/><D102/><AGARI ba="1,1" hai="21,26,31,60,63,72,79,80,93,96,102" m="47689" machi="102" ten="30,2000,0" yaku="18,1,52,1" doraHai="76" who="1" fromWho="0" sc="175,-23,415,33,337,0,63,0" /><INIT seed="3,0,0,5,2,68" ten="152,448,337,63" oya="3" hai0="39,69,132,12,19,44,2,135,18,35,96,3,17" hai1="22,90,40,127,13,51,80,115,126,1,33,123,118" hai2="64,21,37,92,16,23,45,75,28,26,77,15,124" hai3="116,67,120,42,133,98,128,32,79,89,86,65,66"/><W97/><G116/><T131/><D69/><U38/><E33/><V25/><F124/><W102/><G120/><T8/><D131/><U72/><E1/><N who="0" m="9" /><D96/><U114/><E114/><V43/><F64/><W49/><G128/><T46/><D35/><U0/><E0/><V83/><F92/><W31/><G133/><N who="0" m="51275" /><D39/><U14/><E38/><V73/><REACH who="2" step="1"/><F15/><REACH who="2" ten="152,448,327,63" step="2"/><W130/><G130/><T84/><D12/><N who="1" m="4715" /><E127/><V7/><F7/><W100/><G79/><T95/><D8/><U94/><E94/><V4/><F4/><W5/><G5/><T36/><D36/><U62/><E126/><V63/><F63/><W57/><G31/><T108/><D108/><U91/><E62/><V106/><F106/><W99/><G32/><T134/><D134/><U71/><E115/><V110/><F110/><W34/><G34/><T104/><D104/><U70/><E118/><V10/><F10/><W74/><G74/><AGARI ba="0,1" hai="16,21,23,25,26,28,37,43,45,73,74,75,77,83" machi="74" ten="30,7700,0" yaku="1,1,7,1,52,1,54,1,53,0" doraHai="68" doraHaiUra="55" who="2" fromWho="3" sc="152,0,448,0,327,87,63,-77" owari="152,-24.8,448,54.8,414,21.4,-14,-51.4" /></mjloggm>