<mjloggm ver="2.3"><GO type="225" lobby="0"/><UN n0="%E3%81%B5%E3%81%98%E3%81%8B%E3%81%A4" n1="%E5%8F%AF%E5%85%90%E9%82%A3%E7%94%B1%E5%A4%9A" n2="%4C%4F%4C%49%54%41" n3="%48%61%61%61%6C%61%6E%64" dan="16,17,16,18" rate="2237.83,2140.01,2150.05,2277.06" sx="M,F,F,M"/><TAIKYOKU oya="0"/><INIT seed="0,0,0,4,0,57" ten="250,250,250,250" oya="0" hai0="80,99,56,67,18,95,54,7,46,55,100,96,109" hai1="115,19,53,76,70,38,135,105,8,0,6,37,41" hai2="39,119,26,88,72,121,23,107,127,62,134,60,17" hai3="48,110,69,97,90,101,98,40,123,31,63,93,13"/><T58/><D7/><U15/><E135/><V4/><F121/><W66/><G123/><T78/><D109/><U29/><E115/><V133/><F127/><W32/><G110/><T45/><D18/><U128/><E128/><V92/><F119/><W86/><G13/><T126/><D126/><U129/><E129/><V87/><F107/><W83/><G98/><T65/><D80/><U33/><E105/><V42/><F72/><W43/><REACH who="3" step="1"/><G48/><REACH who="3" ten="250,250,250,240" step="2"/><T108/><D108/><U24/><E15/><V61/><REACH who="2" step="1"/><F4/><REACH who="2" ten="250,250,240,240" step="2"/><W5/><G5/><T47/><D99/><U52/><E6/><V59/><F59/><W113/><G113/><T73/><D73/><U16/><E70/><V112/><F112/><W117/><G117/><T28/><D58/><U77/><E0/><V124/><F124/><W122/><G122/><T35/><D56/><U51/><E37/><V30/><F30/><W81/><G81/><T102/><D28/><U120/><E38/><V12/><F12/><W114/><G114/><T68/><D68/><U74/><E120/><V10/><F10/><W64/><G64/><T14/><D67/><U2/><E74/><V36/><F36/><W111/><G111/><T49/><D65/><U1/><E1/><V125/><F125/><W20/><G20/><T84/><D14/><U94/><E2/><V11/><F11/><W116/><G116/><T130/><D130/><U118/><E118/><V44/><AGARI ba="0,2" hai="17,23,26,39,42,44,60,61,62,87,88,92,133,134" machi="44" ten="30,12000,2" yaku="1,1,0,1,52,3,54,1,53,0" doraHai="57" doraHaiUra="50" who="2" fromWho="2" sc="250,-60,250,-30,240,140,240,-30" /><INIT seed="1,0,0,5,0,133" ten="190,220,380,210" oya="1" hai0="11,34,69,51,125,1,115,8,43,68,119,71,66" hai1="2,33,79,91,81,53,85,122,55,48,99,75,45" hai2="110,94,15,84,89,86,135,5,64,112,24,60,120" hai3="124,3,80,103,87,83,46,32,6,107,92,37,76"/><U70/><E122/><V47/><F120/><W42/><G32/><T52/><D119/><U63/><E33/><V20/><F110/><W28/><G28/><T98/><D115/><U61/><E2/><V36/><F135/><W118/><G118/><T104/><D34/><U44/><E70/><V114/><F5/><W49/><G107/><T0/><D43/><U31/><E31/><V111/><F111/><W105/><G105/><T95/><D104/><U109/><E109/><V106/><F15/><W72/><G92/><T82/><D82/><U67/><E67/><V65/><F106/><W127/><G103/><T19/><D66/><U131/><E131/><V18/><F86/><W126/><G49/><T23/><D125/><U14/><E14/><V17/><F17/><W121/><G121/><T134/><D1/><U9/><E9/><V97/><F97/><W21/><G21/><T4/><D11/><U22/><E22/><V90/><F20/><W74/><REACH who="3" step="1"/><G80/><REACH who="3" ten="190,220,380,200" step="2"/><T50/><D134/><U93/><E75/><V35/><F35/><W16/><G16/><T132/><D132/><U100/><E100/><V78/><F18/><W10/><AGARI ba="0,1" hai="3,6,10,37,42,46,72,74,76,83,87,124,126,127" machi="10" ten="40,12000,2" yaku="1,1,0,1,18,1,52,3,53,0" doraHai="133" doraHaiUra="29" who="3" fromWho="3" sc="190,-30,220,-60,380,-30,200,130" /><INIT seed="2,0,0,4,2,72" ten="160,160,350,330" oya="2" hai0="0,75,47,16,80,102,40,98,111,89,106,73,68" hai1="97,3,108,7,26,38,86,119,67,70,100,14,66" hai2="2,127,1,18,4,88,45,35,84,131,60,15,25" hai3="63,39,81,55,133,74,12,33,123,62,42,65,24"/><V120/><F120/><W115/><G123/><T36/><D68/><U125/><E119/><V110/><F127/><W56/><G133/><T20/><D0/><U5/><E38/><V61/><F131/><W19/><G115/><T17/><D111/><U96/><E3/><V34/><F110/><W48/><G39/><T50/><D36/><U128/><E108/><V79/><F45/><W126/><G126/><T32/><D32/><U112/><E112/><V46/><F46/><W107/><G107/><T78/><D73/><U23/><E125/><V132/><F132/><W41/><G63/><T101/><D101/><U52/><E128/><V134/><F134/><W31/><G81/><T6/><D6/><U99/><E100/><V116/><F116/><W82/><G82/><T37/><D37/><U113/><E113/><V135/><F135/><W83/><G83/><T27/><REACH who="0" step="1"/><D89/><REACH who="0" ten="150,160,350,330" step="2"/><U87/><E70/><V13/><F88/><W130/><G74/><T49/><D49/><U91/><E91/><V104/><F34/><W95/><G130/><T53/><D53/><U114/><E114/><V90/><F90/><W103/><G103/><T109/><D109/><U30/><E5/><V29/><F4/><W124/><G124/><T129/><D129/><U28/><E52/><V22/><F1/><W10/><G95/><T8/><D8/><N who="1" m="4383" /><E28/><AGARI ba="0,1" hai="16,17,20,27,28,40,47,50,75,78,80,98,102,106" machi="28" ten="30,8000,1" yaku="1,1,7,1,52,1,54,1,53,1" doraHai="72" doraHaiUra="43" who="0" fromWho="1" sc="150,90,160,-80,350,0,330,0" /><INIT seed="3,0,0,3,5,98" ten="240,80,350,330" oya="3" hai0="95,82,42,73,83,33,30,13,60,16,116,133,20" hai1="56,25,68,99,113,104,63,67,86,28,14,125,61" hai2="77,96,119,18,3,9,24,93,50,134,38,34,29" hai3="109,72,108,51,32,35,7,0,81,80,1,100,5"/><W101/><G51/><T88/><D116/><U128/><E128/><V129/><F38/><W130/><G72/><T31/><D133/><U106/><E106/><V53/><F119/><W131/><AGARI ba="0,0" hai="0,1,5,7,32,35,80,81,100,101,108,109,130,131" machi="131" ten="25,12000,1" yaku="0,1,22,2,52,2" doraHai="98" who="3" fromWho="3" sc="240,-40,80,-40,350,-40,330,120" owari="200,-20.0,40,-46.0,310,11.0,450,55.0" /></mjloggm>