<mjloggm ver="2.3"><GO type="225" lobby="0"/><UN n0="%E3%82%BF%E3%83%BC%E3%83%90%E3%83%B3%E9%87%8E%E5%8F%A3" n1="%E6%B4%BE%E9%81%A3%E3%81%AE%E3%82%B8%E3%83%A3%E3%83%83%E3%82%AF" n2="%33%74%72%65%65" n3="%E6%A0%B9%E5%85%83%E3%81%8B%E3%82%89%E5%90%B9%E3%81%A3%E9%A3%9B%E3%81%B6" dan="16,17,16,17" rate="2097.97,2178.69,2059.15,2201.52" sx="M,M,F,F"/><TAIKYOKU oya="0"/><INIT seed="0,0,0,5,3,134" ten="250,250,250,250" oya="0" hai0="80,120,124,65,109,84,39,77,57,103,8,12,11" hai1="78,88,18,58,110,32,104,83,2,69,52,119,93" hai2="100,62,10,35,44,72,64,79,105,117,9,113,63" hai3="121,20,16,114,68,91,0,48,101,24,33,47,81"/><T53/><D120/><U86/><E119/><V49/><F113/><W130/><G114/><T115/><D115/><U3/><E32/><V45/><F117/><W36/><G130/><T29/><D39/><U21/><E69/><V31/><F79/><W61/><G121/><T66/><D109/><U132/><E104/><V17/><F72/><W60/><G0/><T108/><D108/><U50/><E132/><V37/><F37/><W96/><G36/><T112/><D112/><U82/><E110/><V71/><F62/><W116/><G33/><T28/><D124/><U89/><E89/><V76/><F76/><W122/><G68/><T131/><D103/><U41/><E41/><V92/><F92/><N who="3" m="58503" /><G122/><T98/><D98/><U67/><E67/><N who="0" m="25609" /><D131/><U97/><REACH who="1" step="1"/><E83/><REACH who="1" ten="250,240,250,250" step="2"/><V19/><F105/><W7/><G116/><T51/><D8/><U133/><E133/><V128/><F9/><W106/><G106/><T13/><D13/><AGARI ba="0,1" hai="2,3,13,18,21,50,52,58,78,82,86,88,93,97" machi="13" ten="30,8000,1" yaku="1,1,7,1,54,2,53,1" doraHai="134" doraHaiUra="94" who="1" fromWho="0" sc="250,-80,240,90,250,0,250,0" /><INIT seed="1,0,0,5,2,27" ten="170,330,250,250" oya="1" hai0="114,86,28,33,131,103,91,89,0,110,108,26,124" hai1="58,25,111,129,24,40,113,122,133,99,115,106,65" hai2="42,61,37,83,30,55,107,75,45,51,68,14,85" hai3="3,38,94,23,118,116,49,102,71,112,128,64,120"/><U69/><E122/><V44/><F107/><W92/><G120/><T29/><D114/><U56/><E133/><V132/><F132/><W74/><G38/><T82/><D0/><U19/><E40/><V9/><F75/><W127/><G74/><T22/><D124/><U119/><E119/><V109/><F109/><N who="0" m="42090" /><D103/><U72/><E72/><V84/><F68/><W15/><G112/><T88/><D131/><U105/><E111/><V13/><F13/><W6/><G3/><T121/><D121/><U7/><E7/><V77/><F61/><W5/><G128/><T32/><D32/><U11/><E129/><V43/><F43/><W52/><G127/><T18/><D33/><U63/><E105/><V2/><F2/><W67/><G71/><T60/><D60/><U50/><E50/><V97/><F97/><N who="3" m="59687" /><G94/><T8/><D8/><U46/><E99/><V79/><F9/><N who="3" m="4527" /><G23/><T123/><D123/><U81/><E106/><V35/><F35/><W134/><G6/><T76/><AGARI ba="0,0" hai="18,22,26,28,29,76,82,86,88,89,91" m="42090" machi="76" ten="30,7900,0" yaku="14,1,52,2,54,1" doraHai="27" who="0" fromWho="0" sc="170,79,330,-39,250,-20,250,-20" /><INIT seed="2,0,0,4,1,106" ten="249,291,230,230" oya="2" hai0="124,9,19,119,123,54,38,55,60,105,30,120,18" hai1="71,87,113,23,7,68,83,65,10,0,66,85,15" hai2="108,58,107,29,84,1,28,116,37,11,86,43,88" hai3="89,46,101,110,2,25,134,24,33,47,129,132,35"/><V27/><F116/><W50/><G129/><T130/><D105/><U90/><E113/><V3/><F107/><W51/><G2/><T114/><D38/><U20/><E71/><V39/><F108/><W69/><G89/><T8/><D30/><U45/><E0/><V21/><F29/><W135/><G69/><T4/><D60/><U36/><E36/><V118/><F118/><W79/><G79/><T59/><D119/><U131/><E131/><V31/><F31/><W112/><G112/><T34/><D59/><U103/><E103/><V81/><F58/><W22/><G22/><N who="1" m="8234" /><E68/><V16/><F84/><W77/><G77/><T117/><D117/><U104/><E104/><V44/><REACH who="2" step="1"/><F37/><REACH who="2" ten="249,291,220,230" step="2"/><W64/><G110/><T78/><D130/><U14/><E85/><V61/><F61/><W73/><G134/><T127/><D114/><U57/><E57/><V17/><F17/><W95/><G135/><T74/><D34/><U62/><E62/><V128/><F128/><W32/><G132/><T102/><D4/><U80/><E87/><V26/><F26/><W6/><G6/><T93/><D18/><U91/><E7/><V63/><F63/><W76/><G24/><T52/><D19/><U100/><E66/><V115/><F115/><W97/><G25/><T12/><D123/><U98/><E65/><V109/><F109/><W42/><G64/><T13/><D120/><U48/><E98/><V121/><F121/><W125/><G125/><T53/><D124/><U56/><E56/><V111/><F111/><W5/><G5/><T40/><D127/><U94/><E94/><RYUUKYOKU ba="0,1" sc="249,-10,291,-10,220,30,230,-10" hai2="1,3,11,16,21,27,28,39,43,44,81,86,88" /><INIT seed="2,1,1,1,2,94" ten="239,281,250,220" oya="2" hai0="60,96,48,47,110,45,28,39,40,67,82,26,109" hai1="116,113,7,118,102,103,21,25,119,122,130,20,32" hai2="5,76,88,54,104,44,10,99,50,100,36,63,115" hai3="43,86,55,17,56,125,83,132,46,15,24,78,92"/><V4/><F115/><W72/><G125/><T111/><D82/><U61/><E113/><V9/><F76/><W79/><G132/><T89/><D89/><U112/><E112/><V11/><F36/><W18/><G24/><T98/><D45/><U62/><E7/><V70/><REACH who="2" step="1"/><F88/><REACH who="2" ten="239,281,240,220" step="2"/><W14/><G79/><T59/><REACH who="0" step="1"/><D39/><REACH who="0" ten="229,281,240,220" step="2"/><U131/><E118/><V87/><F87/><W129/><G86/><T117/><D117/><U22/><E116/><V85/><F85/><W66/><G78/><T128/><D128/><U37/><E37/><V13/><F13/><W84/><G15/><T19/><D19/><U35/><E119/><V3/><F3/><W91/><G17/><T101/><D101/><U71/><E103/><V133/><F133/><W2/><G14/><T134/><D134/><U93/><E102/><V42/><F42/><W68/><G18/><T8/><D8/><U49/><E130/><V135/><F135/><W108/><G43/><T95/><D95/><U31/><E93/><V58/><F58/><W80/><G2/><T16/><D16/><U1/><E1/><V126/><F126/><W114/><G129/><T52/><D52/><U38/><E131/><V74/><F74/><W75/><G114/><T41/><D41/><U57/><E38/><V65/><AGARI ba="1,3" hai="4,5,9,10,11,44,50,54,63,65,70,99,100,104" machi="65" ten="30,6000,0" yaku="1,1,0,1,52,1,53,0" doraHai="94" doraHaiUra="105" who="2" fromWho="2" sc="229,-21,281,-21,240,93,220,-21" /><INIT seed="2,2,0,1,2,91" ten="208,260,333,199" oya="2" hai0="46,6,66,129,39,108,107,97,85,95,12,83,36" hai1="7,45,21,30,59,19,80,90,24,37,57,68,114" hai2="4,41,8,78,111,25,18,121,51,55,28,102,72" hai3="70,64,16,131,23,128,58,81,33,77,54,14,93"/><V124/><F121/><W0/><G0/><T115/><D115/><U53/><E114/><V15/><F124/><W100/><G33/><T88/><D66/><U92/><E68/><V42/><F111/><W29/><G29/><T123/><D123/><U101/><E7/><V87/><F72/><W134/><G134/><T13/><D108/><U2/><E2/><V117/><F117/><W9/><G64/><T56/><D129/><N who="3" m="49737" /><G70/><T132/><D132/><U104/><E104/><V48/><F102/><W35/><G35/><T106/><D56/><U99/><E30/><V75/><F75/><N who="3" m="43199" /><G9/><T98/><D98/><U96/><E37/><V67/><F8/><W109/><G109/><T103/><D6/><U126/><E126/><V32/><F4/><W27/><G27/><T3/><D3/><U130/><E130/><V26/><F26/><W120/><G120/><T1/><D1/><U127/><E127/><V63/><F67/><W49/><G93/><T65/><D65/><U135/><E135/><V79/><F25/><W38/><G38/><T74/><D39/><U10/><E10/><V62/><F32/><W47/><G58/><T40/><REACH who="0" step="1"/><D74/><REACH who="0" ten="198,260,333,199" step="2"/><U89/><E59/><V50/><F87/><W73/><G73/><T61/><D61/><U43/><E57/><V94/><F62/><W82/><G82/><T125/><D125/><U17/><E80/><V105/><F63/><W20/><G100/><T112/><D112/><U113/><E113/><V86/><F86/><W60/><G60/><T119/><D119/><U110/><E101/><V52/><F50/><W69/><G69/><RYUUKYOKU ba="2,1" sc="198,15,260,-15,333,-15,199,15" hai0="12,13,36,40,46,83,85,88,95,97,103,106,107" hai3="14,16,20,23,47,49,54" /><INIT seed="3,3,1,1,1,122" ten="213,245,318,214" oya="3" hai0="80,22,88,67,36,45,83,49,32,135,52,98,115" hai1="69,89,27,109,70,51,40,21,47,43,7,11,126" hai2="75,99,41,0,117,132,97,84,95,14,119,25,60" hai3="50,134,42,93,125,106,68,23,87,92,112,48,124"/><W73/><G112/><T13/><D32/><U24/><E126/><N who="3" m="48746" /><G68/><T39/><D135/><U105/><E105/><V37/><F132/><W66/><G134/><T110/><D115/><U4/><E43/><V20/><F0/><W30/><G106/><T18/><D110/><U130/><E109/><V94/><F75/><W54/><G73/><T57/><D39/><U2/><E130/><V79/><F37/><W65/><G48/><T26/><D36/><U8/><E89/><V17/><F41/><W78/><G42/><N who="0" m="24759" /><D26/><U12/><E27/><V28/><F119/><W129/><G129/><T100/><D67/><N who="3" m="25609" /><G30/><AGARI ba="3,1" hai="2,4,7,8,11,12,21,24,30,40,47,51,69,70" machi="30" ten="30,1000,0" yaku="7,1" doraHai="122" who="1" fromWho="3" sc="213,0,245,29,318,0,214,-19" owari="213,-18.7,274,7.4,318,41.8,195,-30.5" /></mjloggm>