<mjloggm ver="2.3"><GO type="225" lobby="0"/><UN n0="%65%6B%61%72%75%74%65" n1="%E3%81%AA%E3%82%81%E3%81%93%E9%9B%80%E5%A3%AB" n2="%48%61%61%61%6C%61%6E%64" n3="%E4%BF%BA%E3%81%A8%E5%A6%96%E5%A4%A2" dan="16,16,18,17" rate="2082.65,2083.91,2200.38,2141.31" sx="M,M,M,F"/><TAIKYOKU oya="0"/><INIT seed="0,0,0,5,1,66" ten="250,250,250,250" oya="0" hai0="115,105,33,87,99,52,121,8,97,86,11,34,112" hai1="95,63,22,23,56,38,109,55,49,73,20,123,106" hai2="27,125,17,72,135,62,71,93,40,74,75,91,61" hai3="51,90,126,111,30,15,48,94,78,127,3,103,104"/><T110/><D121/><U77/><E106/><V60/><F40/><W107/><G3/><T59/><D105/><U32/><E38/><V10/><F125/><N who="3" m="47627" /><G78/><T44/><D59/><U134/><E32/><V68/><F135/><W29/><G111/><T64/><D64/><U45/><E123/><V57/><F57/><W92/><G15/><T114/><D114/><U83/><E109/><V0/><F27/><W113/><G113/><T81/><D110/><U53/><REACH who="1" step="1"/><E95/><REACH who="1" ten="250,240,250,250" step="2"/><V47/><F47/><W41/><G92/><T6/><D44/><U88/><E88/><V118/><F118/><W35/><G107/><T116/><D116/><U39/><E39/><V43/><F93/><W131/><G90/><T89/><D89/><U129/><E129/><V65/><F91/><W26/><G94/><T124/><D124/><U4/><E4/><V46/><F65/><W117/><G131/><T14/><D6/><U82/><E82/><V16/><F46/><W54/><G117/><T79/><D81/><U98/><E98/><V25/><F43/><W18/><G41/><T50/><D112/><U12/><E12/><V28/><F0/><W120/><G120/><T9/><D14/><U5/><E5/><V85/><F25/><W108/><G108/><T102/><D115/><U2/><E2/><V70/><F10/><W67/><G67/><T31/><D34/><U132/><AGARI ba="0,1" hai="20,22,23,45,49,53,55,56,63,73,77,83,132,134" machi="132" ten="30,2000,0" yaku="1,1,0,1,53,0" doraHai="66" doraHaiUra="101" who="1" fromWho="1" sc="250,-10,240,30,250,-5,250,-5" /><INIT seed="1,0,0,1,3,20" ten="240,270,245,245" oya="1" hai0="103,98,92,21,101,16,80,86,87,61,70,39,49" hai1="26,55,43,107,69,102,127,56,114,42,2,52,50" hai2="33,46,117,131,78,95,93,76,109,57,91,41,83" hai3="47,18,37,34,27,40,6,108,88,105,96,28,122"/><U119/><E114/><V134/><F117/><W115/><G122/><T120/><D39/><U89/><E69/><V58/><F109/><W121/><G121/><T3/><D120/><U99/><E2/><V7/><F131/><W135/><G115/><T110/><D110/><U24/><E119/><V106/><F106/><W63/><G108/><T45/><D3/><U11/><E11/><V15/><F33/><W82/><G135/><T4/><D4/><U129/><E129/><V64/><F134/><W85/><G6/><T25/><D103/><U36/><E36/><V51/><F95/><W132/><G132/><T130/><D130/><U68/><E68/><V32/><F32/><W17/><REACH who="3" step="1"/><G63/><REACH who="3" ten="240,270,245,235" step="2"/><T116/><D116/><U19/><E127/><V112/><F112/><W5/><G5/><T54/><REACH who="0" step="1"/><D80/><REACH who="0" ten="230,270,245,235" step="2"/><U71/><E107/><V59/><F83/><W128/><G128/><T30/><D30/><U13/><E71/><V94/><F7/><W118/><G118/><T133/><D133/><U123/><E123/><V31/><F31/><W44/><G44/><T90/><D90/><U22/><E102/><AGARI ba="0,2" hai="17,18,27,28,34,37,40,47,82,85,88,96,102,105" machi="102" ten="40,8000,1" yaku="1,1,52,1,54,1,53,1" doraHai="20" doraHaiUra="77" who="3" fromWho="1" sc="230,0,270,-80,245,0,235,100" /><INIT seed="2,0,0,5,3,25" ten="230,190,245,335" oya="2" hai0="22,73,90,86,50,31,118,127,52,54,122,15,57" hai1="105,26,97,66,107,46,95,56,33,34,132,19,27" hai2="83,28,102,14,81,74,51,5,91,134,110,101,82" hai3="116,69,99,21,32,113,43,100,89,8,106,45,103"/><V109/><F134/><W128/><G116/><T94/><D122/><U135/><E46/><V63/><F74/><W42/><G32/><N who="1" m="12394" /><E56/><V88/><F28/><W35/><G35/><T24/><D127/><U16/><E66/><V40/><F63/><W93/><G113/><T10/><D118/><U68/><E95/><V85/><F14/><W49/><G69/><T121/><D121/><U20/><E97/><V44/><F5/><W3/><G21/><T17/><D73/><U120/><E68/><V61/><F61/><W6/><G128/><T2/><D2/><U38/><E38/><V1/><F1/><W124/><G124/><T129/><D129/><U92/><E92/><V60/><F60/><W59/><G59/><T98/><D54/><U47/><E47/><V39/><F39/><W80/><G103/><N who="2" m="39433" /><F85/><AGARI ba="0,0" hai="10,15,17,22,24,31,50,52,57,85,86,90,94,98" machi="85" ten="40,5200,0" yaku="8,1,52,1,54,1" doraHai="25" who="0" fromWho="2" sc="230,52,190,0,245,-52,335,0" /><INIT seed="3,0,0,5,3,86" ten="282,190,193,335" oya="3" hai0="14,6,121,11,131,117,46,23,79,61,31,116,54" hai1="84,34,47,37,39,107,85,19,132,130,74,9,29" hai2="93,123,64,100,76,4,135,43,3,101,92,17,95" hai3="26,94,91,69,2,105,52,98,35,28,96,55,49"/><W20/><G2/><T70/><D121/><U113/><E113/><V83/><F123/><W68/><G35/><T24/><D131/><U44/><E107/><V81/><F135/><W41/><G41/><T25/><D79/><U80/><E132/><V62/><F43/><W128/><G128/><T65/><REACH who="0" step="1"/><D25/><REACH who="0" ten="272,190,193,335" step="2"/><N who="1" m="18735" /><E130/><V82/><F76/><W129/><G129/><T32/><D32/><U8/><E39/><V134/><F134/><W75/><G75/><T114/><D114/><U73/><E73/><V111/><F111/><W16/><G28/><T0/><D0/><U122/><E122/><V109/><F109/><W90/><G55/><T110/><D110/><U58/><E37/><V67/><F3/><W48/><G48/><AGARI ba="0,1" hai="6,11,14,23,24,31,46,48,54,61,65,70,116,117" machi="48" ten="40,2600,0" yaku="1,1,53,1" doraHai="86" doraHaiUra="22" who="0" fromWho="3" sc="272,36,190,0,193,0,335,-26" owari="308,10.8,190,-31.0,193,-20.7,309,40.9" /></mjloggm>