<mjloggm ver="2.3"><GO type="225" lobby="0"/><UN n0="%E5%8F%AF%E5%85%90%E9%82%A3%E7%94%B1%E5%A4%9A" n1="%72%69%6F%75%63%68%61%6E" n2="%E3%81%BF%E3%81%BF%E3%81%9A" n3="%E6%9D%B1%E9%A2%A8%E3%81%AE%E3%81%8D%E3%82%83%E3%81%B7%E3%81%95%E3%82%93" dan="17,17,16,16" rate="2188.21,2217.50,2130.96,2146.76" sx="F,M,M,M"/><TAIKYOKU oya="0"/><INIT seed="0,0,0,4,2,53" ten="250,250,250,250" oya="0" hai0="101,119,58,95,41,29,33,64,2,46,26,103,35" hai1="57,42,1,105,99,84,74,82,81,0,104,49,83" hai2="55,13,118,122,85,97,113,120,31,130,48,11,111" hai3="6,16,94,112,133,131,17,7,91,80,22,50,135"/><T56/><D119/><U108/><E108/><V12/><F113/><W18/><G112/><T23/><D2/><U25/><E74/><V61/><F111/><W69/><G69/><T36/><D103/><U24/><E84/><V27/><F118/><W128/><G50/><T75/><D75/><U38/><E38/><V71/><F130/><N who="3" m="49707" /><G80/><T66/><D66/><U96/><E42/><V78/><F13/><W43/><G43/><T59/><REACH who="0" step="1"/><D64/><REACH who="0" ten="240,250,250,250" step="2"/><U124/><E124/><V47/><F120/><W73/><G73/><T79/><D79/><U19/><E0/><V44/><F122/><W127/><G127/><T28/><D28/><U39/><E1/><V114/><F114/><W67/><G67/><T98/><AGARI ba="0,1" hai="23,26,29,33,35,36,41,46,56,58,59,95,98,101" machi="98" ten="30,12000,1" yaku="1,1,0,1,52,3,53,0" doraHai="53" doraHaiUra="34" who="0" fromWho="0" sc="240,130,250,-40,250,-40,250,-40" /><INIT seed="0,1,0,3,4,135" ten="370,210,210,210" oya="0" hai0="56,85,69,67,93,103,3,49,133,54,77,10,33" hai1="46,14,91,5,59,99,89,94,27,4,26,122,88" hai2="44,82,87,15,126,40,116,11,29,38,18,37,39" hai3="134,51,50,107,72,130,35,129,75,22,86,32,17"/><T128/><D33/><N who="3" m="12873" /><G86/><T20/><D133/><U106/><E122/><V13/><F29/><W73/><G107/><T47/><D128/><N who="3" m="49257" /><G134/><T43/><D20/><U131/><E131/><V48/><F116/><W36/><G36/><T96/><D3/><U121/><E121/><V118/><F118/><W60/><G60/><T7/><D69/><U108/><E108/><V100/><F100/><W119/><G119/><T61/><D7/><N who="1" m="2635" /><E106/><V16/><F126/><W41/><G41/><T66/><REACH who="0" step="1"/><D10/><REACH who="0" ten="360,210,210,210" step="2"/><U112/><E112/><V57/><F57/><W76/><G76/><T6/><D6/><U110/><E110/><V21/><REACH who="2" step="1"/><F38/><REACH who="2" ten="360,210,200,210" step="2"/><W63/><G63/><T8/><D8/><U78/><E59/><V84/><F84/><W9/><G9/><T64/><D64/><U127/><E127/><V52/><F52/><W71/><G71/><T45/><D45/><U79/><E46/><V12/><F12/><AGARI ba="1,2" hai="12,17,22,50,51,72,73,75" m="49257,12873" machi="12" ten="40,1300,0" yaku="19,1" doraHai="135" who="3" fromWho="2" sc="360,0,210,0,200,-16,210,36" /><INIT seed="1,0,0,1,0,46" ten="360,210,184,246" oya="1" hai0="84,42,47,105,125,21,25,55,26,52,112,123,101" hai1="60,49,116,109,96,32,17,0,133,24,57,63,14" hai2="23,27,13,107,37,91,2,15,40,79,20,5,70" hai3="134,54,56,135,68,39,71,35,44,36,22,110,122"/><U73/><E116/><V69/><F107/><W80/><G80/><T72/><D72/><U65/><E0/><V82/><F91/><W59/><G22/><T12/><D112/><U1/><E1/><V106/><F106/><W95/><G95/><T103/><D125/><U81/><E133/><N who="3" m="50698" /><G35/><T130/><D130/><U93/><E109/><V3/><F15/><W30/><G30/><T18/><D123/><U45/><E60/><V61/><F20/><W58/><G122/><T34/><D105/><U11/><E32/><V77/><F77/><W62/><G110/><T90/><D34/><U119/><E119/><V87/><F13/><W33/><G33/><T19/><D103/><U104/><E104/><V88/><F79/><W92/><G92/><T85/><D101/><U4/><E24/><V131/><F131/><W108/><G108/><T100/><D100/><N who="1" m="60431" /><E73/><V16/><F5/><W124/><G124/><T86/><D90/><U51/><E81/><V29/><F29/><W132/><N who="3" m="50706" /><W50/><DORA hai="128" /><G62/><T48/><D26/><U115/><E115/><V38/><F61/><W43/><G43/><T31/><D31/><U8/><E4/><V117/><F117/><W6/><G6/><T75/><D75/><U94/><E94/><V67/><F40/><W66/><G66/><T111/><D111/><U28/><E28/><V76/><F76/><W89/><G89/><T99/><D99/><U97/><E97/><V120/><F120/><W10/><G10/><AGARI ba="0,0" hai="10,12,18,19,21,25,42,47,48,52,55,84,85,86" machi="10" ten="40,5200,0" yaku="8,1,52,1,54,1" doraHai="46,128" who="0" fromWho="3" sc="360,52,210,0,184,0,246,-52" /><INIT seed="2,0,0,3,3,98" ten="412,210,184,194" oya="2" hai0="134,112,51,99,57,109,17,34,38,20,50,118,8" hai1="43,40,120,88,71,133,92,124,96,55,85,62,74" hai2="7,80,70,6,29,23,15,121,35,81,114,128,58" hai3="87,2,110,104,113,75,89,45,16,129,14,4,108"/><V22/><F70/><W46/><G75/><T19/><D34/><U69/><E74/><V65/><F114/><W63/><G104/><T135/><D38/><U119/><E119/><V36/><F36/><W47/><G63/><T12/><D112/><U60/><E124/><V68/><F68/><W27/><G27/><T84/><D109/><N who="3" m="42089" /><G129/><T78/><D118/><U111/><E111/><V94/><F121/><W102/><G102/><T79/><D99/><U90/><E133/><N who="0" m="50697" /><D84/><U100/><E120/><V11/><F128/><W127/><G113/><T26/><D57/><N who="1" m="34879" /><E69/><V132/><F132/><W61/><G61/><T32/><D32/><U93/><E71/><V130/><F130/><W48/><G127/><T33/><D33/><U0/><E0/><V91/><F6/><W10/><G48/><AGARI ba="0,0" hai="8,12,17,19,20,26,48,50,51,78,79" m="50697" machi="48" ten="30,1000,0" yaku="20,1" doraHai="98" who="0" fromWho="3" sc="412,10,210,0,184,0,194,-10" /><INIT seed="3,0,0,2,1,35" ten="422,210,184,184" oya="3" hai0="46,8,45,134,21,34,85,76,6,132,56,118,24" hai1="44,29,95,102,48,19,30,52,127,88,13,65,69" hai2="33,3,63,47,12,79,59,104,42,81,49,15,61" hai3="131,11,68,57,14,20,124,32,117,94,67,98,92"/><W111/><G32/><T5/><D118/><U53/><E127/><V1/><F104/><W4/><G68/><T78/><D34/><U74/><E74/><V99/><F33/><W9/><G117/><T31/><D56/><U38/><E38/><V119/><F119/><W101/><G124/><T51/><D46/><U113/><E113/><V55/><F99/><N who="3" m="59623" /><G131/><T75/><D75/><U128/><E128/><V73/><REACH who="2" step="1"/><F63/><REACH who="2" ten="422,210,174,184" step="2"/><N who="3" m="38383" /><G111/><T121/><D121/><U84/><E102/><V87/><F87/><W97/><G97/><T103/><D103/><U106/><E106/><V72/><F72/><W120/><G120/><T54/><D85/><U130/><E130/><V129/><F129/><W70/><G70/><T116/><D116/><U40/><E69/><V110/><F110/><W77/><G77/><T89/><D89/><U25/><E88/><V43/><F43/><W115/><G115/><T82/><D78/><U7/><E84/><V109/><F109/><W114/><G114/><T58/><D76/><U64/><E40/><V41/><F41/><W93/><G9/><T123/><D123/><U83/><E95/><N who="3" m="36362" /><G98/><T105/><D105/><U108/><E108/><V107/><F107/><W37/><G37/><T80/><D8/><U36/><E36/><V23/><F23/><AGARI ba="0,1" hai="4,11,14,20,23" m="36362,38383,59623" machi="23" ten="30,1500,0" yaku="8,1" doraHai="35" who="3" fromWho="2" sc="422,0,210,0,174,-15,184,25" /><INIT seed="3,1,0,2,0,87" ten="422,210,159,209" oya="3" hai0="121,2,59,94,0,1,90,13,17,95,117,102,27" hai1="15,9,130,116,44,16,33,79,115,80,18,61,125" hai2="108,29,14,123,113,19,6,71,89,4,52,69,68" hai3="67,37,101,85,128,73,111,3,64,21,11,105,40"/><W81/><G128/><T51/><D117/><U36/><E115/><V50/><F113/><W72/><G111/><T8/><D121/><U63/><E33/><V32/><F108/><W28/><G101/><T99/><D27/><U118/><E130/><V49/><F123/><W34/><G105/><T62/><D51/><U110/><E110/><V41/><F41/><W38/><G21/><T46/><D46/><U120/><E120/><V132/><F132/><W97/><G97/><T23/><D8/><U78/><E125/><V7/><F50/><W30/><G85/><T126/><D126/><U31/><E31/><V76/><F76/><N who="1" m="29225" /><E80/><V133/><F133/><W83/><G11/><T104/><REACH who="0" step="1"/><D90/><REACH who="0" ten="412,210,159,209" step="2"/><U42/><E18/><V35/><F29/><W127/><G127/><T45/><D45/><U103/><E16/><V100/><F100/><W77/><G28/><T47/><D47/><U84/><E44/><V65/><F65/><AGARI ba="1,1" hai="0,1,2,13,17,23,59,62,65,94,95,99,102,104" machi="65" ten="40,2600,0" yaku="1,1,53,1" doraHai="87" doraHaiUra="55" who="0" fromWho="2" sc="412,39,210,0,159,-29,209,0" owari="451,55.1,210,1.0,130,-37.0,209,-19.1" /></mjloggm>