<mjloggm ver="2.3"><GO type="225" lobby="0"/><UN n0="%E6%80%AA%E3%81%97%E3%81%99%E3%81%8E%E3%82%8B%E3%83%81%E3%83%BC" n1="%E3%81%B2%E3%81%AA%E3%81%AE%E3%82%8A%E3%81%8F" n2="%54%4F%52" n3="%E6%A1%9C%E8%8A%B1%E9%96%83%E3%80%85" dan="16,17,17,18" rate="2146.51,2169.76,2244.20,2277.16" sx="M,M,M,M"/><TAIKYOKU oya="0"/><INIT seed="0,0,0,5,1,68" ten="250,250,250,250" oya="0" hai0="67,56,69,123,35,107,53,97,22,111,83,38,106" hai1="135,50,43,98,3,40,80,73,47,2,105,117,13" hai2="109,59,126,42,11,131,64,74,39,33,110,115,79" hai3="90,4,86,48,16,114,103,55,87,127,44,57,134"/><T45/><D123/><U10/><E117/><V88/><F115/><W5/><G114/><T17/><D35/><U70/><E70/><V75/><F33/><W100/><G127/><T124/><D124/><U72/><E135/><V41/><F126/><W113/><G113/><T92/><D83/><U66/><E66/><V46/><F131/><W118/><G118/><T21/><D111/><N who="2" m="42506" /><F42/><W20/><G86/><T49/><D69/><U78/><E43/><V32/><F32/><W7/><G44/><T34/><D38/><U119/><E119/><V29/><F29/><W93/><REACH who="3" step="1"/><G134/><REACH who="3" ten="250,250,250,240" step="2"/><T121/><D45/><U0/><E72/><V24/><F75/><W26/><AGARI ba="0,1" hai="4,5,7,16,20,26,48,55,57,87,90,93,100,103" machi="26" ten="30,12000,2" yaku="1,1,2,1,0,1,8,1,54,1,53,1" doraHai="68" doraHaiUra="14" who="3" fromWho="3" sc="250,-60,250,-30,250,-30,240,130" /><INIT seed="1,0,0,4,3,52" ten="190,220,220,370" oya="1" hai0="105,95,41,79,119,12,93,24,0,36,72,98,33" hai1="2,80,106,63,29,53,18,69,32,27,131,70,22" hai2="49,23,107,61,38,90,132,74,50,91,94,75,26" hai3="17,5,114,92,84,76,40,30,47,97,126,110,128"/><U55/><E106/><V73/><F38/><W25/><G114/><T108/><D0/><U118/><E118/><V135/><F107/><W58/><G110/><T66/><D119/><U87/><E2/><V57/><F50/><W134/><G134/><N who="2" m="51241" /><F49/><W54/><G126/><T100/><D108/><U65/><E131/><V34/><F34/><W31/><G5/><T9/><D66/><U59/><E70/><V99/><F90/><W19/><G84/><T43/><D79/><U127/><E127/><V48/><F48/><N who="3" m="26727" /><G76/><T85/><D72/><U14/><REACH who="1" step="1"/><E69/><REACH who="1" ten="190,210,220,370" step="2"/><V4/><F4/><W122/><G128/><T67/><D105/><U64/><E64/><N who="2" m="38959" /><F74/><W81/><G122/><T28/><D67/><U124/><E124/><V1/><F1/><W16/><G25/><T8/><D24/><U101/><E101/><V82/><F82/><W60/><G81/><T96/><D100/><AGARI ba="0,1" hai="16,17,19,30,31,54,58,60,92,97,100" m="26727" machi="100" ten="30,3900,0" yaku="8,1,52,1,54,1" doraHai="52" who="3" fromWho="0" sc="190,-39,210,0,220,0,370,49" /><INIT seed="2,0,0,4,2,66" ten="151,210,220,419" oya="2" hai0="100,116,86,59,84,47,27,25,112,105,92,107,58" hai1="45,52,91,62,14,68,53,95,12,87,118,72,61" hai2="67,79,70,83,82,51,121,8,36,10,28,33,42" hai3="65,128,133,106,135,3,37,57,93,46,110,90,15"/><V13/><F121/><W21/><G3/><T119/><D92/><U60/><E72/><V80/><F36/><W96/><G110/><T44/><REACH who="0" step="1"/><D100/><REACH who="0" ten="141,210,220,419" step="2"/><U7/><E95/><V123/><F123/><W134/><G93/><T125/><D125/><U31/><E118/><V4/><F82/><W5/><G134/><T129/><D129/><U89/><E89/><V88/><F80/><W132/><G90/><T9/><D9/><U81/><E91/><V109/><F83/><W48/><G128/><T30/><D30/><U69/><E31/><V6/><F28/><W39/><G133/><T38/><D38/><U55/><E81/><V63/><F10/><W120/><G39/><T35/><D35/><U117/><E117/><V26/><F8/><W24/><G37/><T122/><D122/><U22/><E22/><V74/><F33/><W16/><G120/><T126/><D126/><U18/><E7/><V113/><F6/><W98/><G5/><T49/><D49/><U50/><E50/><V54/><F51/><W32/><G48/><T1/><D1/><U0/><E0/><V34/><F4/><W43/><G135/><T102/><D102/><U56/><E18/><V124/><F34/><W103/><G132/><T97/><D97/><U75/><E75/><V71/><F88/><W29/><G98/><T76/><D76/><U99/><E99/><V40/><F79/><W77/><G77/><T104/><D104/><U20/><E20/><V131/><F74/><W11/><G21/><T23/><D23/><U101/><E101/><V41/><F124/><W78/><G103/><RYUUKYOKU ba="0,1" sc="141,30,210,-10,220,-10,419,-10" hai0="25,27,44,47,58,59,84,86,105,107,112,116,119" /><INIT seed="3,1,1,2,4,46" ten="171,200,210,409" oya="3" hai0="51,39,25,41,18,21,53,37,110,56,66,98,58" hai1="22,15,95,10,112,47,134,90,115,34,52,79,105" hai2="131,8,130,124,100,65,48,128,14,64,107,62,104" hai3="103,32,80,12,30,9,6,73,26,120,55,13,89"/><W78/><G120/><T91/><D110/><U113/><E105/><N who="2" m="40523" /><F124/><W57/><G103/><T127/><D127/><U28/><E34/><V82/><F100/><W119/><G119/><T4/><D4/><U5/><E79/><V36/><F36/><W43/><G43/><T102/><D91/><U7/><E134/><V19/><F48/><W40/><G40/><T129/><D129/><U118/><E118/><V63/><F82/><W117/><G89/><T29/><D41/><U97/><E7/><V42/><F42/><W49/><G117/><T67/><D18/><U61/><E28/><V27/><F27/><W0/><AGARI ba="1,1" hai="0,6,9,12,13,26,30,32,49,55,57,73,78,80" machi="0" ten="20,3900,0" yaku="0,1,7,1,52,1" doraHai="46" who="3" fromWho="3" sc="171,-14,200,-14,210,-14,409,52" owari="157,-34.3,186,-21.4,196,-0.4,461,56.1" /></mjloggm>