<mjloggm ver="2.3"><GO type="225" lobby="0"/><UN n0="%E6%9A%87%E4%BA%BA%EF%BC%A0%E9%85%8D%E4%BF%A1%E5%9E%A2" n1="%E3%83%8F%E3%82%BF%E3%83%A2%E3%83%88%E3%83%92%E3%83%AD" n2="%63%68%78%62%64" n3="%E6%B4%BE%E9%81%A3%E3%81%AE%E3%82%B8%E3%83%A3%E3%83%83%E3%82%AF" dan="17,16,16,17" rate="2176.20,2114.68,2143.26,2206.62" sx="F,M,M,M"/><TAIKYOKU oya="0"/><INIT seed="0,0,0,3,5,6" ten="250,250,250,250" oya="0" hai0="129,108,73,78,0,37,10,17,63,19,70,47,96" hai1="107,106,34,80,11,102,101,41,100,104,22,120,132" hai2="54,1,61,125,83,97,74,127,7,4,81,15,95" hai3="92,87,94,40,121,25,53,51,69,111,23,18,48"/><T112/><D112/><U44/><E34/><V49/><F1/><W20/><G69/><T13/><D129/><U76/><E120/><V42/><F42/><W86/><G111/><T35/><D35/><U90/><E132/><V5/><F61/><W126/><G126/><N who="2" m="48137" /><F74/><W72/><G72/><T55/><D108/><U91/><E22/><V58/><F15/><W30/><G121/><T12/><D0/><U21/><E21/><V128/><F128/><W130/><G130/><T67/><D96/><U64/><E64/><V79/><F79/><W113/><G113/><T84/><D73/><U66/><E66/><V60/><F60/><W131/><G131/><T50/><D37/><U109/><E109/><V98/><F98/><W39/><G39/><T16/><REACH who="0" step="1"/><D13/><REACH who="0" ten="240,250,250,250" step="2"/><U118/><E118/><V36/><F36/><W68/><G86/><T124/><D124/><U82/><E82/><AGARI ba="0,1" hai="10,12,16,17,19,47,50,55,63,67,70,78,82,84" machi="82" ten="40,7700,0" yaku="1,1,52,1,54,1,53,0" doraHai="6" doraHaiUra="117" who="0" fromWho="1" sc="240,87,250,-77,250,0,250,0" /><INIT seed="0,1,0,3,1,127" ten="327,173,250,250" oya="0" hai0="21,58,116,93,8,26,32,43,25,120,62,77,99" hai1="106,80,69,76,40,60,53,101,111,124,64,109,9" hai2="3,129,118,107,122,65,15,86,22,74,82,114,71" hai3="113,24,46,11,17,50,47,55,112,133,84,7,39"/><T110/><D116/><U83/><E124/><V81/><F114/><W6/><G133/><T89/><D120/><U95/><E95/><V0/><F107/><W79/><G39/><T19/><D110/><N who="1" m="41995" /><E53/><V72/><F118/><W52/><G79/><T126/><D126/><U117/><E117/><V98/><F98/><W68/><G68/><T45/><D77/><U119/><E119/><V78/><F122/><W63/><G84/><T51/><D8/><U48/><E9/><V85/><F65/><W54/><G63/><T35/><REACH who="0" step="1"/><D26/><REACH who="0" ten="317,173,250,250" step="2"/><U73/><E76/><V2/><F78/><W115/><G11/><T97/><D97/><N who="1" m="61743" /><E73/><V4/><F74/><W30/><G112/><T108/><D108/><U36/><E36/><V1/><F72/><W135/><G113/><T16/><D16/><U41/><E41/><V10/><F10/><W92/><G115/><T134/><D134/><U56/><E40/><V18/><F0/><W66/><G17/><T88/><D88/><U33/><E69/><V28/><F71/><W5/><G24/><T20/><D20/><U70/><E33/><V67/><F1/><W131/><G5/><T37/><D37/><U57/><E70/><V128/><F2/><W100/><G135/><T132/><D132/><U96/><E96/><V27/><F3/><W34/><G6/><T104/><D104/><U75/><E75/><V121/><F4/><W103/><G7/><T91/><D91/><U38/><E38/><V94/><F121/><W14/><G34/><T49/><D49/><U59/><E48/><V90/><F18/><W87/><G50/><RYUUKYOKU ba="1,1" sc="317,15,173,15,250,-15,250,-15" hai0="19,21,25,32,35,43,45,51,58,62,89,93,99" hai1="56,57,59,60,64,80,83" /><INIT seed="0,2,1,3,4,98" ten="332,188,235,235" oya="0" hai0="77,122,135,114,4,91,42,6,103,95,27,14,131" hai1="15,124,130,28,50,33,55,56,47,46,21,26,53" hai2="111,108,57,35,48,81,93,65,76,16,123,129,23" hai3="0,2,49,96,86,112,37,22,13,41,43,60,87"/><T30/><D114/><U84/><E130/><V11/><F35/><W19/><G112/><T101/><D122/><U70/><E70/><V12/><F123/><W133/><G37/><T25/><D131/><U113/><E124/><V61/><F129/><W32/><G32/><T104/><D104/><U5/><E113/><V82/><F93/><W69/><G133/><T45/><D77/><U3/><E55/><V119/><F119/><W128/><G128/><T90/><D135/><U73/><E73/><V62/><F48/><W9/><G96/><T64/><D64/><U121/><E121/><V71/><F11/><W68/><G68/><T125/><D125/><U126/><E126/><V106/><F106/><W36/><G36/><T75/><D75/><U67/><E67/><V7/><F7/><W51/><G60/><T63/><D63/><U80/><E3/><V66/><REACH who="2" step="1"/><F76/><REACH who="2" ten="332,188,225,235" step="2"/><W38/><G9/><T118/><D118/><U97/><E97/><V59/><F59/><W72/><G69/><T110/><D6/><U18/><REACH who="1" step="1"/><E5/><REACH who="1" ten="332,178,225,235" step="2"/><V94/><F94/><W100/><G41/><T89/><D42/><U31/><E31/><V8/><F8/><W85/><G43/><T58/><D4/><U40/><E40/><V17/><F17/><W127/><G19/><T134/><D134/><U10/><E10/><V109/><AGARI ba="2,3" hai="12,16,23,57,61,62,65,66,71,81,82,108,109,111" machi="109" ten="30,12000,2" yaku="1,1,0,1,14,1,54,1,53,2" doraHai="98" doraHaiUra="78" who="2" fromWho="2" sc="332,-62,178,-32,225,156,235,-32" /><INIT seed="1,0,0,4,0,66" ten="270,146,381,203" oya="1" hai0="27,124,130,38,106,45,73,126,14,48,83,47,114" hai1="22,23,104,92,11,8,10,113,91,94,80,1,58" hai2="122,19,16,4,44,125,67,36,133,96,24,61,37" hai3="99,118,25,35,132,88,60,95,105,29,79,33,46"/><U65/><E104/><V121/><F133/><W42/><G132/><T75/><D114/><U112/><E1/><V62/><F125/><N who="0" m="48234" /><D106/><U129/><E129/><V117/><F117/><W43/><G118/><T128/><D14/><U97/><E80/><V90/><F4/><W56/><G79/><T18/><D38/><U57/><E65/><V84/><F96/><W123/><G123/><T110/><D110/><U6/><E6/><V9/><F62/><W85/><G35/><T111/><D111/><U54/><E92/><V107/><F107/><W39/><G43/><N who="0" m="24639" /><D47/><U51/><REACH who="1" step="1"/><E57/><REACH who="1" ten="270,136,381,203" step="2"/><V134/><F121/><W103/><G56/><T76/><D73/><U52/><E52/><V17/><F122/><W2/><G2/><T74/><D74/><U50/><E50/><V12/><F67/><W59/><G59/><T30/><D130/><U120/><E120/><V21/><F37/><W28/><G60/><T69/><D128/><U63/><E63/><V102/><F61/><W87/><G29/><T32/><D18/><U26/><E26/><V93/><F19/><W3/><G3/><T89/><D75/><U81/><E81/><V68/><F134/><W0/><G0/><T109/><D83/><U53/><E53/><V135/><F135/><W49/><G39/><T70/><D70/><U119/><E119/><V116/><F68/><W86/><AGARI ba="0,1" hai="25,28,33,42,46,49,85,86,87,88,95,99,103,105" machi="86" ten="20,2700,0" yaku="0,1,7,1,54,1" doraHai="66" who="3" fromWho="3" sc="270,-7,136,-13,381,-7,203,37" /><INIT seed="2,0,0,4,1,62" ten="263,123,374,240" oya="2" hai0="19,113,82,86,111,73,33,118,92,77,3,133,14" hai1="0,6,94,8,48,34,41,32,72,57,93,38,54" hai2="63,13,17,96,69,75,15,28,127,29,64,2,60" hai3="4,37,131,16,21,134,116,117,70,135,108,27,47"/><V43/><F127/><W105/><G105/><T1/><D113/><U123/><E123/><V90/><F75/><W23/><G70/><T36/><D111/><U121/><E121/><V107/><F2/><W42/><G108/><T126/><D126/><U103/><E94/><V83/><F43/><W51/><G4/><T18/><D36/><U59/><E72/><V132/><F132/><N who="3" m="50731" /><G131/><T61/><D133/><U24/><E38/><V114/><F114/><W129/><G129/><T50/><D33/><U7/><E41/><V30/><F63/><W97/><G37/><T76/><D118/><U85/><E7/><V124/><F124/><W12/><G97/><T99/><D50/><U53/><E24/><V52/><F52/><W87/><G87/><T122/><D122/><U81/><E93/><V101/><F17/><AGARI ba="0,0" hai="12,16,17,21,23,27,42,47,51,116,117" m="50731" machi="17" ten="30,2000,0" yaku="20,1,54,1" doraHai="62" who="3" fromWho="2" sc="263,0,123,0,374,-20,240,20" /><INIT seed="3,0,0,5,0,76" ten="263,123,354,260" oya="3" hai0="66,108,127,62,112,80,48,115,95,107,126,29,5" hai1="71,24,34,57,56,50,58,134,53,132,131,20,82" hai2="75,128,89,109,38,113,70,77,78,83,45,18,125" hai3="111,33,116,12,41,4,91,40,124,43,21,22,96"/><W46/><G116/><T133/><D107/><U105/><E105/><V104/><F113/><N who="0" m="43594" /><D108/><U28/><E131/><V102/><F128/><W118/><G118/><T97/><D133/><U51/><E71/><V69/><F125/><W81/><G124/><T47/><D5/><U44/><E134/><V55/><F89/><W8/><G111/><T103/><D80/><U37/><E37/><V87/><F18/><W74/><G33/><T7/><D7/><U19/><E132/><V129/><F129/><W106/><G106/><T59/><D29/><U9/><E34/><V79/><F55/><AGARI ba="0,0" hai="47,48,55,59,62,66,95,97,103,126,127" m="43594" machi="55" ten="30,1000,0" yaku="11,1" doraHai="76" who="0" fromWho="2" sc="263,10,123,0,354,-10,260,0" owari="273,7.3,123,-37.7,344,44.4,260,-14.0" /></mjloggm>