<mjloggm ver="2.3"><GO type="225" lobby="0"/><UN n0="%E6%A1%9C%E8%8A%B1%E9%96%83%E3%80%85" n1="%72%69%6F%75%63%68%61%6E" n2="%E3%82%A2%E3%83%A1%E3%82%A2%E3%83%A9%E3%83%AC" n3="%E3%81%8B%E3%82%8F%E3%81%A1%E3%82%83%E3%82%93%35%38" dan="16,16,16,16" rate="2189.43,2173.74,2148.51,2112.23" sx="M,M,M,M"/><TAIKYOKU oya="0"/><INIT seed="0,0,0,4,0,49" ten="250,250,250,250" oya="0" hai0="69,44,128,70,21,42,102,56,124,74,123,50,38" hai1="0,91,83,4,51,25,98,20,11,106,53,100,131" hai2="97,2,6,81,79,82,121,77,5,15,57,37,80" hai3="112,46,134,114,129,36,130,48,35,127,135,105,33"/><T86/><D74/><U125/><E131/><N who="3" m="50186" /><G105/><T45/><D128/><U26/><E125/><V132/><F121/><W67/><G67/><T122/><D102/><U24/><E83/><V61/><F132/><N who="3" m="50731" /><G36/><T54/><D21/><U34/><E91/><V7/><F37/><W41/><G127/><T12/><D12/><U59/><REACH who="1" step="1"/><E34/><AGARI ba="0,0" hai="33,34,35,41,46,48,112,114" m="50731,50186" machi="34" ten="40,2600,0" yaku="19,1,20,1" doraHai="49" who="3" fromWho="1" sc="250,0,250,-26,250,0,250,26" /><INIT seed="1,0,0,5,1,92" ten="250,224,250,276" oya="1" hai0="72,0,77,14,127,21,39,4,7,43,98,86,38" hai1="17,2,20,115,83,58,102,31,99,133,111,48,121" hai2="41,116,16,128,8,53,73,91,120,106,33,62,101" hai3="56,134,81,78,11,123,97,25,15,27,65,36,117"/><U12/><E115/><V125/><F116/><W37/><G123/><T40/><D72/><U6/><E121/><V93/><F120/><W104/><G134/><T13/><D0/><U60/><E133/><V18/><F33/><W32/><G117/><T68/><D68/><U26/><E111/><V66/><F128/><W64/><G37/><T24/><D127/><U10/><E83/><V28/><F73/><W45/><G45/><T42/><D39/><U76/><E76/><V19/><F28/><W75/><G36/><T55/><D55/><U87/><E87/><V61/><F41/><W71/><G71/><T67/><D67/><U3/><E48/><V30/><F30/><W85/><G75/><T54/><D54/><U119/><E119/><V35/><F35/><W51/><G32/><T131/><D98/><U132/><E132/><V59/><F106/><W29/><G29/><N who="0" m="17551" /><D131/><U44/><E44/><V114/><F125/><W96/><G104/><T135/><D135/><U80/><E80/><V94/><F114/><W126/><G126/><T90/><D77/><U124/><E124/><V9/><F101/><W69/><G69/><T57/><D57/><U50/><E50/><V113/><F113/><W74/><G74/><T49/><D49/><U89/><E89/><V110/><F110/><W129/><G129/><T23/><D38/><U70/><E70/><N who="2" m="42319" /><F91/><W34/><G51/><T112/><D112/><U100/><E31/><V107/><F107/><W46/><G46/><T88/><D90/><U118/><E118/><V130/><F130/><W122/><G122/><T105/><D42/><RYUUKYOKU ba="0,0" sc="250,-10,224,-10,250,30,276,-10" hai2="8,9,16,18,19,53,59,62,93,94" /><INIT seed="2,1,0,4,5,0" ten="240,214,280,266" oya="2" hai0="4,33,27,7,109,112,103,54,122,25,75,110,106" hai1="55,123,59,36,89,88,64,12,19,29,73,11,101" hai2="56,28,2,65,58,41,83,49,108,126,105,62,99" hai3="131,61,9,130,118,44,15,3,117,97,119,13,52"/><V70/><F2/><W90/><G3/><T34/><D75/><U115/><E115/><V24/><F126/><W74/><G74/><T18/><D112/><U42/><E123/><V129/><F129/><N who="3" m="49163" /><G13/><T26/><D122/><U66/><E73/><V57/><F108/><N who="0" m="41578" /><D54/><U128/><E128/><V100/><F83/><W32/><G32/><N who="0" m="12395" /><D18/><U68/><E29/><V1/><F1/><W81/><G81/><T69/><D69/><U114/><E114/><V85/><F85/><W37/><G37/><T39/><D39/><U125/><E125/><V92/><F105/><W46/><G97/><AGARI ba="1,0" hai="4,7,25,26,27,97,103,106" m="12395,41578" machi="97" ten="40,5200,0" yaku="14,1,52,2" doraHai="0" who="0" fromWho="3" sc="240,55,214,0,280,0,266,-55" /><INIT seed="3,0,0,2,1,14" ten="295,214,280,211" oya="3" hai0="13,46,38,72,103,73,83,76,100,26,25,118,84" hai1="71,87,20,63,132,33,42,109,68,54,17,35,12" hai2="21,56,90,121,70,125,55,58,9,2,98,116,102" hai3="114,67,133,66,59,88,105,65,128,130,49,113,57"/><W74/><G105/><T62/><D118/><U15/><E109/><V92/><F70/><W134/><G74/><T91/><D73/><U27/><E132/><N who="3" m="50794" /><G88/><T19/><D62/><U60/><E42/><V4/><F116/><W43/><G43/><T64/><D64/><U107/><E107/><V0/><F0/><W22/><G22/><T94/><D46/><U44/><E87/><V75/><F125/><W3/><G3/><T85/><D38/><U127/><E127/><V97/><F121/><W30/><G30/><T29/><D72/><U41/><E35/><V7/><F21/><W79/><G79/><T99/><D29/><U82/><E82/><V89/><F89/><W80/><G80/><N who="0" m="47111" /><D103/><U122/><E122/><V112/><F75/><W1/><G1/><T104/><D104/><U40/><E33/><V129/><F102/><W117/><G117/><T18/><D100/><U10/><E71/><V52/><F2/><W93/><G93/><T115/><D83/><U111/><E111/><V5/><F92/><W96/><G96/><T8/><D99/><U53/><E68/><V110/><F97/><W123/><G123/><T24/><D115/><N who="3" m="44041" /><G49/><T106/><D106/><U126/><E126/><V48/><F112/><W47/><G47/><T36/><D36/><N who="1" m="21511" /><E41/><V119/><F119/><W37/><G37/><T11/><D11/><U81/><E81/><V45/><F98/><W50/><G50/><T101/><D101/><U34/><E34/><V131/><F48/><W28/><G28/><T32/><D32/><U61/><E10/><V77/><F9/><W51/><G51/><RYUUKYOKU ba="0,0" sc="295,10,214,10,280,-30,211,10" hai0="8,13,18,19,24,25,26,85,91,94" hai1="12,15,17,20,27,53,54,60,61,63" hai3="57,59,65,66,67,128,130" /><INIT seed="3,1,0,2,2,91" ten="305,224,250,221" oya="3" hai0="25,6,54,49,8,32,7,70,123,17,1,102,78" hai1="134,124,127,51,85,93,95,27,52,45,22,135,117" hai2="61,90,26,68,67,96,14,92,40,46,105,29,10" hai3="15,55,56,69,110,9,47,81,3,24,111,41,57"/><W97/><G69/><T35/><D123/><U60/><E117/><V75/><F75/><W133/><G3/><T87/><D70/><U71/><E85/><V132/><F132/><N who="1" m="50729" /><E71/><V112/><F112/><W36/><G133/><T100/><D32/><U118/><E118/><V103/><F14/><W89/><G24/><T38/><D38/><U13/><E13/><V79/><F10/><W120/><G120/><T113/><D113/><U65/><E60/><V98/><F79/><W33/><G33/><T130/><D87/><U43/><E65/><V59/><F59/><W50/><G56/><T42/><D78/><U115/><E115/><V106/><F106/><W12/><G12/><T4/><D35/><U11/><E11/><V63/><F67/><W34/><G34/><T31/><D8/><U129/><E129/><V44/><F68/><W128/><G128/><T39/><D130/><U16/><E43/><V64/><F64/><W125/><G125/><AGARI ba="1,0" hai="16,22,27,45,51,52,93,95,124,125,127" m="50729" machi="125" ten="30,12000,2" yaku="18,1,20,1,52,2,54,2" doraHai="91" who="1" fromWho="3" sc="305,0,224,123,250,0,221,-123" owari="305,10.5,347,44.7,250,-15.0,98,-40.2" /></mjloggm>