<mjloggm ver="2.3"><GO type="225" lobby="0"/><UN n0="%E6%9C%9D%E6%97%A5" n1="%45%6C%79%73%69%75%6D" n2="%E3%81%8C%E3%81%9F" n3="%E3%81%A1%E3%82%85%E3%81%86%E3%81%A9%E3%81%8F%E8%B1%A1%E3%81%95%E3%82%93" dan="18,18,16,17" rate="2192.52,2164.64,2058.50,2139.62" sx="F,F,F,M"/><TAIKYOKU oya="0"/><INIT seed="0,0,0,4,5,117" ten="250,250,250,250" oya="0" hai0="106,100,70,133,134,119,65,118,123,49,67,73,43" hai1="129,54,20,86,66,81,55,28,13,111,62,78,80" hai2="12,19,114,7,77,113,116,3,40,75,89,48,99" hai3="83,31,22,6,63,72,95,92,87,27,109,124,23"/><T101/><D73/><U15/><E111/><V25/><F116/><N who="0" m="44586" /><D106/><U71/><E129/><V11/><F25/><W29/><G109/><T41/><D70/><U131/><E131/><V14/><F75/><W4/><G72/><T104/><D104/><U98/><E98/><V127/><F77/><N who="3" m="46575" /><G63/><T105/><D105/><U1/><E1/><V32/><F32/><W121/><G121/><T79/><D79/><U112/><E112/><V102/><F127/><W97/><G124/><T107/><D107/><U132/><E132/><N who="0" m="50793" /><D123/><U9/><E80/><V38/><F38/><W61/><G61/><T84/><D84/><U0/><E0/><V36/><F36/><W52/><G52/><T50/><D101/><U35/><E54/><V24/><F102/><N who="3" m="60711" /><G95/><T44/><D100/><U110/><E55/><V60/><F60/><W42/><G42/><N who="0" m="15883" /><D44/><U126/><E110/><V115/><F113/><W10/><G10/><T16/><D16/><U26/><E126/><V94/><F19/><W128/><G128/><T56/><D56/><U21/><E13/><V33/><F12/><W46/><G46/><T125/><D125/><U108/><E108/><V37/><F14/><W76/><G76/><T2/><D2/><U68/><E71/><V39/><F39/><W17/><G17/><AGARI ba="0,0" hai="9,15,17,20,21,26,28,35,62,66,68,78,81,86" machi="17" ten="30,1000,0" yaku="7,1" doraHai="117" who="1" fromWho="3" sc="250,0,250,10,250,0,250,-10" /><INIT seed="1,0,0,5,0,44" ten="250,260,250,240" oya="1" hai0="6,12,13,10,11,47,74,1,4,100,53,26,98" hai1="48,105,33,29,36,57,66,46,122,104,30,42,130" hai2="61,110,128,16,21,54,50,79,106,75,70,63,91" hai3="102,111,81,34,18,76,95,38,52,77,117,83,23"/><U89/><E122/><V65/><F106/><W80/><G34/><T3/><D74/><U96/><E130/><V85/><F128/><W94/><G38/><T71/><D71/><U129/><E129/><V116/><F110/><W101/><G111/><T84/><D84/><U2/><E2/><V115/><F115/><W37/><G37/><T39/><D26/><U51/><E104/><V113/><F113/><W97/><G117/><T125/><D125/><U60/><E33/><V62/><F79/><W86/><G52/><T72/><D72/><U120/><E120/><V135/><F135/><W132/><G132/><T31/><D31/><U68/><E89/><V0/><F75/><N who="3" m="43039" /><G18/><T134/><D134/><U45/><E68/><V25/><F0/><W127/><G23/><T69/><D69/><U8/><E8/><V90/><F116/><W22/><G22/><T49/><REACH who="0" step="1"/><D39/><REACH who="0" ten="240,260,250,240" step="2"/><U59/><E36/><V58/><REACH who="2" step="1"/><F90/><REACH who="2" ten="240,260,240,240" step="2"/><N who="3" m="51535" /><G127/><T107/><AGARI ba="0,2" hai="1,3,4,6,10,11,12,13,47,49,53,98,100,107" machi="107" ten="20,8000,1" yaku="1,1,0,1,7,1,9,1,52,1,53,0" doraHai="44" doraHaiUra="118" who="0" fromWho="0" sc="240,100,260,-40,240,-20,240,-20" /><INIT seed="2,0,0,2,2,15" ten="340,220,220,220" oya="2" hai0="109,19,39,75,5,65,38,71,14,130,94,135,35" hai1="58,4,69,55,17,43,59,42,47,1,118,134,89" hai2="31,90,123,131,20,76,84,119,8,10,9,50,72" hai3="102,120,112,125,25,36,88,92,79,3,105,133,87"/><V48/><F119/><W62/><G3/><T34/><D75/><U16/><E69/><V103/><F123/><W100/><G36/><T66/><D5/><U41/><E118/><V18/><F131/><W70/><G120/><T85/><D130/><U114/><E114/><V93/><F103/><W21/><G112/><T122/><D122/><U28/><E134/><V22/><F72/><W99/><G133/><T74/><D74/><U107/><E107/><V60/><F76/><W53/><G125/><T26/><D135/><U127/><E127/><V11/><N who="2" m="2048" /><DORA hai="57" /><V132/><F132/><W0/><G0/><T129/><D14/><U97/><E28/><V121/><F121/><W81/><G105/><T77/><D94/><N who="1" m="56527" /><E4/><V115/><F115/><W91/><G79/><T64/><D71/><U128/><E128/><V37/><F37/><W80/><G80/><N who="0" m="47247" /><D129/><U68/><E68/><V98/><F98/><W110/><G110/><T96/><D109/><U29/><E29/><V49/><F31/><N who="3" m="17839" /><G70/><T46/><D39/><U126/><E126/><V63/><F20/><W108/><G108/><T86/><D38/><U44/><E1/><V7/><F7/><W61/><G53/><T27/><D34/><U30/><E30/><V83/><F93/><W73/><G73/><T101/><D35/><U40/><N who="1" m="10240" /><DORA hai="45" /><U54/><E54/><V33/><F33/><W95/><G102/><T106/><D101/><U124/><E124/><V67/><F67/><W6/><G6/><T111/><D65/><U51/><E44/><V104/><F104/><W78/><G100/><N who="0" m="62727" /><D111/><U13/><E17/><RYUUKYOKU ba="0,0" sc="340,-30,220,10,220,10,220,10" hai1="13,16,47,51,55,58,59" hai2="18,22,48,49,50,60,63,83,84,90" hai3="61,62,78,81,87,88,91,92,95,99" /><INIT seed="2,1,0,5,0,38" ten="310,230,230,230" oya="2" hai0="116,77,36,1,2,72,20,48,103,98,34,7,66" hai1="102,57,105,85,39,127,25,100,99,49,115,76,108" hai2="21,87,126,71,114,78,95,118,80,81,134,15,54" hai3="13,50,45,125,97,51,32,130,112,90,43,121,40"/><V123/><F114/><W88/><G121/><T44/><D116/><U92/><E115/><V75/><F118/><W35/><G112/><T53/><D34/><U18/><E39/><V65/><F123/><W16/><G130/><T4/><D36/><U27/><E108/><V109/><F109/><W131/><G131/><T63/><D2/><U5/><E127/><V14/><F126/><W3/><G3/><T10/><D4/><U93/><E5/><V110/><F110/><W61/><G61/><T96/><D20/><U52/><E105/><V91/><F134/><W41/><G125/><T67/><D67/><U119/><E119/><V59/><F81/><W135/><G135/><T62/><D62/><U29/><E18/><V22/><F65/><W68/><G68/><T82/><REACH who="0" step="1"/><D103/><REACH who="0" ten="300,230,230,230" step="2"/><U94/><E100/><V128/><F128/><W84/><G32/><T11/><D11/><U111/><E111/><V60/><F71/><AGARI ba="1,1" hai="1,7,10,44,48,53,63,66,71,72,77,82,96,98" machi="71" ten="30,2000,0" yaku="1,1,7,1,53,0" doraHai="38" doraHaiUra="89" who="0" fromWho="2" sc="300,33,230,0,230,-23,230,0" /><INIT seed="3,0,0,1,0,115" ten="333,230,207,230" oya="3" hai0="31,67,76,87,94,101,108,1,127,75,40,15,43" hai1="86,121,21,113,14,85,17,0,3,128,10,100,23" hai2="20,64,66,123,18,116,98,26,37,29,122,27,109" hai3="59,65,103,2,125,88,105,47,135,97,6,82,80"/><W95/><G135/><T74/><D1/><U102/><E14/><V81/><F37/><W90/><G125/><T32/><D75/><U11/><E17/><V16/><F109/><W93/><G2/><T117/><D74/><U129/><E121/><N who="2" m="46091" /><F116/><W110/><G110/><T57/><D43/><U42/><E42/><V69/><F69/><W61/><G6/><T56/><D94/><U50/><E50/><V96/><F81/><W12/><G12/><T126/><D87/><U19/><E19/><N who="2" m="7211" /><F26/><W49/><G105/><T99/><D99/><AGARI ba="0,0" hai="20,27,29,64,66,96,98,99" m="7211,46091" machi="99" ten="30,2000,0" yaku="13,1,54,1" doraHai="115" who="2" fromWho="0" sc="333,-20,230,0,207,20,230,0" owari="313,41.3,230,3.0,227,-27.3,230,-17.0" /></mjloggm>