<mjloggm ver="2.3"><GO type="225" lobby="0"/><UN n0="%E3%83%A2%E3%83%B3%E3%82%AD%E3%83%BC%E3%83%88%E3%83%AA%E3%83%83%E3%82%AF" n1="%E3%83%8F%E3%83%B3%E3%83%89%E3%83%A9%E3%83%BC%E3%83%BB%E3%83%AF%E3%83%B3" n2="%E3%81%BB%E3%82%8B%E3%81%B2%E3%81%99%E2%98%86%E5%A4%A7%E5%90%89" n3="%E3%81%A9%E3%82%8F%E3%82%93%E3%81%94" dan="16,16,16,16" rate="2083.54,2180.00,2140.01,2105.09" sx="M,M,M,M"/><TAIKYOKU oya="0"/><INIT seed="0,0,0,5,0,25" ten="250,250,250,250" oya="0" hai0="45,112,73,16,104,118,20,56,1,48,131,90,17" hai1="3,111,67,69,123,15,28,18,86,79,6,59,120" hai2="113,124,80,53,110,14,11,70,87,23,8,103,83" hai3="105,65,102,91,85,58,78,38,72,12,49,121,134"/><T57/><D118/><U26/><E69/><V82/><F113/><W133/><G38/><T42/><D1/><U32/><E111/><V77/><F70/><W27/><G121/><T43/><D112/><U40/><E40/><V97/><F110/><W47/><G72/><T19/><D131/><U51/><E79/><V5/><F124/><W100/><G78/><T107/><D73/><U29/><E86/><V30/><F53/><W125/><G125/><T41/><D20/><N who="1" m="11359" /><E28/><V81/><F11/><W101/><G105/><T50/><D90/><U89/><E89/><V4/><F4/><W54/><G27/><T35/><D35/><U7/><E7/><V0/><F0/><W68/><G12/><T128/><D128/><U62/><E51/><V114/><F114/><W99/><G68/><T88/><D88/><U39/><E39/><V117/><F117/><W63/><REACH who="3" step="1"/><G99/><REACH who="3" ten="250,250,250,240" step="2"/><T115/><D115/><U34/><E34/><V13/><F13/><W106/><G106/><N who="0" m="40491" /><D45/><U93/><E93/><AGARI ba="0,1" hai="47,49,54,58,63,65,85,91,93,100,101,102,133,134" machi="93" ten="40,2600,0" yaku="1,1,53,1" doraHai="25" doraHaiUra="52" who="3" fromWho="1" sc="250,0,250,-26,250,0,240,36" /><INIT seed="1,0,0,5,1,46" ten="250,224,250,276" oya="1" hai0="95,58,87,89,128,94,23,80,101,42,91,60,126" hai1="2,71,19,57,109,72,54,112,45,34,74,36,4" hai2="119,62,107,0,113,20,115,51,47,59,35,75,38" hai3="88,12,78,116,8,18,117,41,98,68,6,81,69"/><U90/><E112/><N who="2" m="43083" /><F119/><N who="3" m="45643" /><G41/><T134/><D134/><U96/><E34/><V7/><F35/><W110/><G110/><T103/><D128/><U133/><E71/><V21/><F75/><N who="3" m="43231" /><G18/><T43/><D126/><U31/><E31/><V32/><F32/><W26/><G26/><T44/><D23/><U106/><E133/><V64/><F107/><W93/><AGARI ba="0,0" hai="6,8,12,68,69,88,93,98" m="43231,45643" machi="93" ten="30,2000,0" yaku="12,1,54,1" doraHai="46" who="3" fromWho="3" sc="250,-5,224,-10,250,-5,276,20" /><INIT seed="2,0,0,0,1,78" ten="245,214,245,296" oya="2" hai0="33,36,11,104,52,8,35,99,60,118,105,22,102" hai1="42,93,110,126,18,121,116,100,4,30,26,87,84" hai2="45,27,109,125,51,103,81,40,129,57,44,91,122" hai3="63,112,128,98,15,90,10,96,7,20,124,119,106"/><V6/><F122/><W111/><G119/><T80/><D118/><U13/><E116/><V113/><F113/><W70/><G111/><T134/><D36/><U59/><E110/><V82/><F109/><W120/><G120/><T50/><D134/><U17/><E121/><V73/><F73/><W67/><G112/><T107/><D60/><U12/><E126/><V97/><F125/><W58/><G124/><T88/><D22/><U21/><E4/><V43/><F6/><W55/><G128/><T66/><D66/><U23/><E42/><V75/><F75/><W1/><G106/><T133/><D133/><U9/><REACH who="1" step="1"/><E59/><REACH who="1" ten="245,204,245,296" step="2"/><V31/><F129/><W14/><G7/><T117/><D117/><U101/><E101/><V19/><F103/><W131/><G58/><T115/><D115/><U24/><E24/><V25/><F57/><W47/><G131/><T123/><D123/><U61/><E61/><V48/><F19/><W86/><G63/><T83/><D107/><U127/><E127/><V5/><F5/><W3/><G3/><T65/><D105/><U77/><E77/><V53/><F43/><W64/><G1/><T69/><D104/><U92/><E92/><N who="2" m="56479" /><F31/><W94/><G70/><T71/><D102/><U2/><E2/><V76/><F76/><W39/><G94/><T108/><D71/><U95/><E95/><V37/><F37/><W38/><G39/><T130/><D69/><U85/><E85/><V34/><F34/><W49/><G38/><T62/><D108/><U41/><E41/><V56/><F56/><W54/><G86/><T28/><D130/><RYUUKYOKU ba="0,1" sc="245,-15,204,15,245,15,296,-15" hai1="9,12,13,17,18,21,23,26,30,84,87,93,100" hai2="25,27,40,44,45,48,51,53,81,82" /><INIT seed="2,1,1,3,3,9" ten="230,219,260,281" oya="2" hai0="35,92,26,79,32,48,102,30,73,21,125,20,27" hai1="78,34,123,13,43,108,19,99,94,7,6,37,93" hai2="42,91,47,72,15,106,121,87,62,52,120,65,1" hai3="61,11,114,54,22,80,36,98,135,33,23,57,131"/><V101/><F1/><W111/><G33/><T130/><D130/><U113/><E113/><V64/><F72/><W8/><G131/><T132/><D132/><U2/><E34/><V60/><F106/><W117/><G36/><T44/><D125/><U41/><E108/><V69/><F101/><W82/><G117/><T38/><D38/><U134/><E134/><V24/><F24/><W119/><G111/><T0/><D0/><U75/><E123/><V97/><F97/><W50/><G119/><T129/><D129/><U55/><E75/><V85/><F52/><N who="3" m="33959" /><G114/><T96/><D79/><U5/><E2/><V16/><F121/><W84/><G98/><T124/><D73/><U116/><E116/><V10/><F120/><W74/><G74/><T67/><D67/><U122/><E122/><V58/><REACH who="2" step="1"/><F91/><REACH who="2" ten="230,219,250,281" step="2"/><N who="3" m="51591" /><G135/><T68/><D124/><U59/><E99/><V126/><F126/><W133/><G133/><T46/><D102/><U14/><E78/><V39/><AGARI ba="1,2" hai="10,15,16,39,42,47,58,60,62,64,65,69,85,87" machi="39" ten="20,12000,1" yaku="1,1,0,1,7,1,52,1,54,1,53,0" doraHai="9" doraHaiUra="17" who="2" fromWho="2" sc="230,-41,219,-41,250,143,281,-41" /><INIT seed="2,2,0,2,2,124" ten="189,178,393,240" oya="2" hai0="131,110,12,29,13,89,51,41,50,73,54,28,39" hai1="19,8,48,95,83,1,67,70,107,0,14,87,119" hai2="122,121,105,78,115,68,58,86,116,128,20,53,93" hai3="134,74,60,25,31,57,27,125,114,49,96,46,85"/><V40/><F116/><W66/><G74/><T24/><D39/><U80/><E107/><V36/><F115/><W10/><G125/><T79/><D110/><U112/><E112/><V55/><F68/><W38/><G134/><T3/><D3/><U77/><E119/><V120/><F105/><W35/><G114/><T23/><D73/><U52/><E95/><V47/><F128/><W32/><G38/><T65/><D79/><U43/><E43/><V42/><F42/><W69/><G69/><T6/><D65/><U126/><E126/><V64/><F20/><W33/><G96/><T90/><D131/><U109/><E109/><V44/><F44/><W56/><G56/><N who="0" m="32855" /><D29/><U92/><E92/><V108/><F108/><W81/><G10/><N who="0" m="4183" /><D13/><U118/><E118/><V103/><F78/><W101/><G27/><T111/><D111/><U26/><E26/><V123/><F123/><W4/><G101/><T84/><D84/><U5/><E5/><V15/><F15/><W76/><G4/><T117/><D117/><U9/><E9/><V21/><F86/><W63/><G63/><T102/><D102/><U133/><E133/><V91/><F103/><W113/><G113/><T99/><D99/><U82/><E0/><V129/><F129/><W62/><G62/><T127/><D127/><U71/><E1/><V18/><F122/><W61/><G60/><T34/><D34/><U7/><E7/><V11/><F121/><W17/><G17/><T22/><D22/><U37/><E37/><V132/><F18/><W94/><G94/><T98/><D98/><U88/><E71/><RYUUKYOKU ba="2,0" sc="189,15,178,-15,393,-15,240,15" hai0="23,24,28,41,51,89,90" hai3="25,31,32,33,35,46,49,57,61,66,76,81,85" /><INIT seed="3,3,0,2,1,70" ten="204,163,378,255" oya="3" hai0="21,7,52,86,27,14,4,38,46,35,96,82,17" hai1="100,10,74,84,101,114,8,53,94,6,85,124,61" hai2="49,31,110,23,15,108,91,102,123,59,33,16,20" hai3="51,105,62,24,36,131,22,45,99,9,134,28,63"/><W78/><G78/><T12/><D96/><U64/><E114/><V103/><F33/><W79/><G79/><T133/><D133/><U77/><E74/><V132/><F132/><W121/><G134/><T56/><D35/><U26/><E124/><V29/><F123/><W129/><G121/><T113/><D113/><U116/><E116/><V47/><F59/><W72/><G72/><T44/><D44/><U76/><E53/><V125/><F125/><W3/><G3/><T112/><D112/><U92/><E26/><N who="2" m="16583" /><F31/><W37/><G9/><T130/><D130/><N who="3" m="49673" /><G99/><T25/><D46/><U119/><E119/><V97/><F91/><W43/><G105/><T55/><D38/><AGARI ba="3,0" hai="22,24,28,36,37,38,43,45,51,62,63" m="49673" machi="38" ten="30,11600,0" yaku="19,1,52,3" doraHai="70" who="3" fromWho="0" sc="204,-125,163,0,378,0,255,125" owari="79,-42.1,163,-23.7,378,17.8,380,48.0" /></mjloggm>