<mjloggm ver="2.3"><GO type="225" lobby="0"/><UN n0="%E6%80%AA%E3%81%97%E3%81%99%E3%81%8E%E3%82%8B%E3%83%81%E3%83%BC" n1="%E8%81%B7%E6%A5%AD%E3%80%81%E9%A2%A8%32" n2="%E3%81%AF%E3%82%88%E3%81%8A%E3%81%98%E3%81%95%E3%82%93" n3="%67%61%79%75%6E%79" dan="16,16,17,16" rate="2127.23,2117.96,2224.61,2132.94" sx="M,M,M,M"/><TAIKYOKU oya="0"/><INIT seed="0,0,0,5,5,87" ten="250,250,250,250" oya="0" hai0="86,39,47,84,57,121,124,0,42,99,1,133,129" hai1="112,74,134,117,45,93,26,98,41,56,130,16,69" hai2="44,127,9,46,10,103,91,3,115,18,63,128,70" hai3="14,19,21,116,40,125,32,131,49,119,106,102,89"/><T65/><D121/><U61/><E117/><V95/><F115/><W11/><G131/><T51/><D129/><U73/><E112/><V52/><F128/><W135/><G32/><T25/><D124/><U2/><E69/><V24/><F127/><W88/><G135/><T77/><D133/><U78/><E2/><V55/><F103/><W12/><G125/><T43/><D43/><U15/><E78/><V123/><F123/><W76/><G76/><T13/><D25/><U107/><E107/><V17/><F70/><W120/><G120/><T83/><D99/><U37/><E134/><V53/><F63/><W23/><G119/><T68/><D84/><U4/><E4/><V64/><F64/><W96/><G116/><T118/><D118/><U97/><E97/><N who="2" m="57599" /><F3/><W60/><G23/><T80/><D80/><U109/><E109/><V104/><F104/><W108/><G108/><T7/><D39/><U36/><E36/><V126/><F126/><W29/><G60/><N who="0" m="38031" /><D68/><U59/><E130/><V5/><F5/><W48/><G29/><T94/><D94/><U90/><E26/><V62/><F62/><W58/><G49/><T35/><D35/><U38/><E38/><V101/><F101/><W27/><G14/><T30/><D30/><U22/><REACH who="1" step="1"/><E59/><REACH who="1" ten="250,240,250,250" step="2"/><V82/><F24/><W71/><G71/><T85/><D85/><U20/><E20/><V113/><F113/><W8/><G58/><T122/><D122/><U114/><E114/><V105/><F105/><W66/><G27/><T100/><D100/><U34/><E34/><V50/><F9/><AGARI ba="0,1" hai="0,1,7,9,13,42,47,51,77,83,86" m="38031" machi="9" ten="30,1500,0" yaku="25,1" doraHai="87" who="0" fromWho="2" sc="250,25,240,0,250,-15,250,0" /><INIT seed="0,1,0,1,3,127" ten="275,240,235,250" oya="0" hai0="15,38,111,50,110,31,12,10,62,36,37,104,25" hai1="94,81,26,21,78,88,33,105,63,122,90,39,120" hai2="8,28,87,124,57,96,121,79,74,56,40,125,98" hai3="66,4,24,134,43,117,55,17,119,84,86,89,23"/><T41/><D104/><U100/><E39/><V19/><F121/><W95/><G134/><T69/><D50/><U75/><E33/><V35/><F74/><W99/><G4/><T5/><D15/><U70/><E70/><V113/><F113/><W18/><G43/><T128/><D128/><U130/><E130/><V61/><F40/><W93/><G66/><T76/><D76/><U20/><E63/><V133/><F133/><W44/><G86/><T102/><D41/><U45/><E45/><V27/><F57/><W9/><G9/><T32/><REACH who="0" step="1"/><D102/><REACH who="0" ten="265,240,235,250" step="2"/><U91/><E105/><V42/><F42/><W112/><G112/><T71/><D71/><U60/><E100/><V72/><F72/><W3/><G3/><T68/><D68/><U101/><E101/><V92/><F79/><W34/><G119/><T135/><D135/><U132/><E132/><V16/><F124/><W80/><G117/><T106/><D106/><U118/><E118/><V97/><F125/><W77/><G77/><T52/><D52/><U14/><E78/><V109/><F8/><W73/><G55/><T13/><D13/><U22/><E14/><V1/><F1/><W11/><G73/><T51/><D51/><U108/><E75/><V107/><F107/><W47/><G47/><T6/><D6/><U58/><E120/><V103/><F103/><W114/><G44/><T46/><D46/><U129/><E129/><V29/><F56/><W85/><G114/><T2/><D2/><U131/><E122/><V115/><F115/><W82/><G89/><N who="1" m="22786" /><U65/><DORA hai="123" /><E131/><V7/><F7/><RYUUKYOKU ba="1,1" sc="265,30,240,-10,235,-10,250,-10" hai0="5,10,12,25,31,32,36,37,38,62,69,110,111" /><INIT seed="0,2,1,3,1,21" ten="295,230,225,240" oya="0" hai0="18,76,94,14,20,29,91,15,127,133,66,129,43" hai1="56,50,41,111,69,71,60,1,87,103,62,51,38" hai2="9,132,97,128,88,46,75,61,53,45,98,48,84" hai3="112,19,36,119,8,114,28,115,107,22,78,12,90"/><T72/><D129/><U57/><E1/><V134/><F75/><W13/><G36/><T42/><D127/><U96/><E111/><V110/><F110/><W108/><G107/><T6/><D133/><N who="2" m="51306" /><F128/><W113/><G108/><T89/><D66/><N who="1" m="39175" /><E96/><N who="2" m="36971" /><F61/><W86/><G78/><T95/><D72/><U47/><E87/><V92/><F9/><W124/><G124/><T49/><D76/><U31/><E103/><V104/><F104/><W123/><G119/><T102/><D102/><U67/><E31/><V0/><F0/><W32/><G123/><T3/><D29/><U40/><E40/><N who="0" m="15401" /><D3/><U63/><E71/><V125/><F125/><W79/><G79/><T34/><D34/><U100/><E100/><V99/><N who="2" m="36979" /><V130/><DORA hai="24" /><F130/><W81/><G32/><T4/><D49/><U74/><E74/><V55/><F55/><AGARI ba="2,1" hai="38,41,47,50,51,55,57,62,63,67,69" m="39175" machi="55" ten="30,8000,1" yaku="35,5" doraHai="21,24" who="1" fromWho="2" sc="295,0,230,96,225,-86,240,0" /><INIT seed="1,0,0,3,0,45" ten="295,326,139,240" oya="1" hai0="32,2,104,34,113,70,122,89,123,53,81,16,95" hai1="28,79,20,51,58,56,114,71,120,80,11,108,69" hai2="14,23,87,9,109,74,47,46,27,26,94,13,128" hai3="90,106,41,97,18,105,103,42,86,17,38,117,6"/><U25/><E114/><V40/><F74/><W126/><G106/><T98/><D113/><U77/><E120/><N who="0" m="46121" /><D2/><U12/><E108/><V64/><F109/><W83/><G126/><T91/><D70/><U102/><E71/><V112/><F112/><W4/><G117/><T52/><D104/><U100/><E69/><V92/><F128/><W118/><G118/><T107/><D107/><U131/><E131/><V119/><F119/><W44/><G41/><T1/><D1/><U78/><E80/><V33/><F33/><N who="0" m="12906" /><D16/><N who="1" m="8223" /><E58/><V111/><F111/><W134/><G134/><T88/><D81/><U125/><E125/><V93/><F64/><W59/><G18/><T15/><D15/><U55/><AGARI ba="0,0" hai="20,25,28,51,55,56,77,78,79,100,102" m="8223" machi="55" ten="30,6000,0" yaku="8,1,52,1,54,1" doraHai="45" who="1" fromWho="1" sc="295,-20,326,60,139,-20,240,-20" /><INIT seed="1,1,0,1,5,94" ten="275,386,119,220" oya="1" hai0="79,29,110,38,92,98,70,82,106,124,108,28,93" hai1="25,76,44,16,59,114,132,133,113,99,42,64,78" hai2="84,49,35,61,100,4,55,12,88,131,117,36,71" hai3="8,10,41,118,121,103,1,72,66,48,135,22,127"/><U89/><E113/><V105/><F117/><W32/><G72/><T9/><D38/><U101/><E89/><V77/><F36/><W68/><G32/><T11/><D70/><U7/><E7/><V97/><F131/><W128/><G121/><T120/><D124/><U67/><E114/><V69/><F35/><W57/><G127/><T15/><D120/><U65/><E59/><V5/><F77/><W96/><G68/><T90/><D106/><N who="1" m="63807" /><E16/><V116/><F116/><W33/><G33/><T91/><D79/><U95/><E95/><V86/><F86/><W115/><G128/><T51/><D82/><U45/><E25/><V40/><F40/><W39/><G39/><T111/><D51/><N who="1" m="27031" /><E45/><V17/><F61/><W85/><G57/><T134/><D134/><AGARI ba="1,0" hai="64,65,67,76,78,132,133,134" m="27031,63807" machi="134" ten="30,2900,0" yaku="20,1,52,1" doraHai="94" who="1" fromWho="0" sc="275,-32,386,32,119,0,220,0" /><INIT seed="1,2,0,1,3,93" ten="243,418,119,220" oya="1" hai0="59,67,80,85,135,60,126,114,64,3,6,106,70" hai1="7,112,51,84,65,8,96,120,24,72,68,77,15" hai2="76,89,103,118,44,87,62,12,33,27,88,38,37" hai3="32,127,74,45,129,104,128,39,124,86,21,25,113"/><U98/><E112/><V107/><F118/><W95/><G74/><T42/><D114/><U34/><E120/><V75/><F75/><W78/><G104/><T13/><D126/><N who="3" m="48169" /><G32/><T19/><D135/><U71/><E72/><V130/><F130/><N who="3" m="50283" /><G113/><T83/><D106/><U2/><E71/><V28/><F76/><W105/><G105/><T102/><D102/><U101/><E68/><V48/><F89/><N who="3" m="53687" /><G78/><T35/><D35/><U125/><E34/><V20/><F62/><W5/><G5/><T10/><D70/><U119/><E7/><V90/><F90/><W123/><G123/><T73/><D73/><U121/><E121/><V26/><F12/><W50/><G39/><T81/><D67/><U111/><E65/><V54/><F103/><W31/><G50/><T14/><D42/><U17/><E51/><V122/><F107/><W92/><G92/><T1/><REACH who="0" step="1"/><D85/><REACH who="0" ten="233,418,119,220" step="2"/><U41/><E84/><V110/><F122/><W97/><G45/><T29/><D29/><U79/><E125/><V52/><F54/><W115/><G115/><T91/><D91/><U11/><E41/><V69/><F69/><W9/><G9/><AGARI ba="2,1" hai="1,3,6,9,10,13,14,19,59,60,64,80,81,83" machi="9" ten="40,1300,0" yaku="1,1,53,0" doraHai="93" doraHaiUra="22" who="0" fromWho="3" sc="233,29,418,0,119,0,220,-19" /><INIT seed="2,0,0,3,5,23" ten="262,418,119,201" oya="2" hai0="131,118,8,65,90,75,1,99,129,119,59,43,66" hai1="37,104,10,71,120,61,51,96,15,16,47,12,6" hai2="105,60,126,67,48,69,39,93,22,9,38,18,56" hai3="7,58,117,133,107,84,113,122,80,128,74,13,98"/><V27/><F126/><W97/><G122/><T132/><D75/><U91/><E37/><V35/><F105/><W0/><G117/><N who="0" m="44555" /><D132/><U134/><E134/><V70/><F35/><W79/><G133/><T100/><D90/><U106/><E120/><V25/><F9/><W40/><G0/><T24/><D24/><U124/><E124/><V108/><F108/><W11/><G128/><N who="0" m="49227" /><D43/><U82/><E82/><V21/><F93/><W72/><G113/><T26/><D26/><U64/><E91/><V89/><F89/><W46/><G72/><T44/><D59/><U4/><E96/><V54/><REACH who="2" step="1"/><F69/><REACH who="2" ten="262,418,109,201" step="2"/><W87/><G107/><T49/><D8/><U77/><E104/><V123/><F123/><W95/><G97/><T5/><D100/><U101/><E71/><V110/><F110/><W78/><G95/><T32/><D99/><U57/><E101/><V111/><F111/><W63/><G98/><T14/><D32/><U86/><E106/><V83/><F83/><W68/><G68/><T109/><D109/><U55/><E10/><V50/><F50/><W73/><G79/><T115/><D49/><U2/><E51/><V76/><F76/><W45/><G78/><T116/><D116/><U62/><E77/><V41/><F41/><W92/><G74/><T127/><D127/><U19/><E86/><V130/><F130/><W3/><G73/><T53/><D115/><U135/><E135/><V125/><F125/><W94/><G84/><T20/><D20/><U52/><E2/><V33/><F33/><W102/><G3/><T112/><D1/><U30/><E62/><RYUUKYOKU ba="0,1" sc="262,-10,418,-10,109,30,201,-10" hai2="18,21,22,25,27,38,39,48,54,56,60,67,70" /><INIT seed="2,1,1,4,1,65" ten="252,408,139,191" oya="2" hai0="12,33,91,19,110,22,93,14,28,61,45,21,101" hai1="9,107,83,31,89,82,20,2,47,88,115,102,30" hai2="49,73,48,114,112,54,120,64,62,72,42,77,75" hai3="121,41,51,36,46,124,57,100,81,59,35,84,53"/><V127/><F120/><W44/><G121/><T23/><D110/><U7/><E115/><V27/><F77/><W122/><G122/><T55/><D33/><U96/><E20/><V0/><F0/><W86/><G35/><T131/><D131/><U103/><E102/><V109/><F109/><W18/><G124/><T129/><D129/><U63/><E47/><V71/><F127/><W125/><G125/><T32/><D32/><U4/><E4/><V39/><F27/><W123/><G123/><T37/><D37/><U10/><E10/><V3/><F3/><W119/><G119/><T5/><D101/><U118/><E63/><V76/><F76/><W108/><G108/><T67/><D28/><U126/><E118/><V78/><F78/><W117/><G117/><T68/><D12/><U25/><E126/><V135/><F135/><W8/><G100/><T113/><D5/><U106/><E106/><V60/><F60/><W94/><G94/><T111/><D113/><U97/><E25/><V98/><F98/><W95/><G95/><T80/><D80/><U29/><E97/><V6/><F6/><W16/><G86/><N who="0" m="52471" /><D111/><U56/><E83/><V52/><F42/><W34/><G34/><T134/><D134/><U26/><E26/><V74/><N who="2" m="18432" /><DORA hai="87" /><V105/><F39/><W17/><REACH who="3" step="1"/><G8/><REACH who="3" ten="252,408,139,181" step="2"/><T130/><D130/><U13/><E9/><V133/><F133/><W11/><G11/><T40/><D21/><U92/><E103/><V132/><F132/><W85/><G85/><T69/><D22/><U1/><E92/><V116/><F116/><W58/><G58/><RYUUKYOKU ba="1,2" sc="252,-10,408,-10,139,-10,181,30" hai3="16,17,18,36,41,44,46,51,53,57,59,81,84" /><INIT seed="3,2,2,0,3,46" ten="242,398,129,211" oya="3" hai0="60,33,43,37,28,75,81,63,90,93,55,106,22" hai1="57,27,131,21,77,91,71,101,76,96,53,117,74" hai2="72,127,32,64,52,84,109,14,12,1,95,2,124" hai3="59,44,5,58,113,24,85,103,49,34,62,107,78"/><W97/><G113/><T111/><D106/><U87/><E71/><V119/><F72/><W66/><G5/><T9/><D111/><U114/><E114/><V105/><F105/><W112/><G112/><T4/><D33/><U128/><E117/><V89/><F119/><W134/><G134/><T100/><D55/><U126/><E126/><V116/><F116/><W8/><G8/><T29/><D100/><U104/><E74/><V31/><F109/><W122/><G122/><T92/><D92/><U38/><E38/><V79/><F79/><W132/><G132/><T86/><D28/><N who="1" m="17519" /><E87/><V35/><F64/><W120/><G120/><T16/><D29/><U88/><E88/><V3/><F31/><N who="3" m="19815" /><G85/><T0/><D75/><U10/><E91/><V65/><F65/><W129/><G129/><N who="1" m="49738" /><E10/><V102/><F102/><W125/><G78/><T15/><D93/><U19/><E19/><V123/><F123/><W6/><G6/><T82/><D82/><U20/><E20/><V94/><F1/><W83/><G83/><T39/><D43/><U108/><E108/><V70/><F89/><W130/><G130/><T68/><D68/><U25/><E25/><V7/><F70/><N who="3" m="42327" /><G125/><T50/><D50/><AGARI ba="2,2" hai="50,53,57,76,77,96,101,104" m="49738,17519" machi="50" ten="30,2000,0" yaku="19,1,52,1" doraHai="46" who="1" fromWho="0" sc="242,-26,398,46,129,0,211,0" owari="216,1.6,444,54.4,129,-37.1,211,-18.9" /></mjloggm>