<mjloggm ver="2.3"><GO type="225" lobby="0"/><UN n0="%E6%81%A5%E6%99%92%E3%81%97" n1="%E5%8D%A0%E3%81%84%E5%B8%AB%E8%A3%8F%E3%81%AA%E3%81%84%E3%81%97" n2="%72%69%6F%75%63%68%61%6E" n3="%33%74%72%65%65" dan="16,17,17,16" rate="2150.89,2130.94,2195.80,2124.28" sx="M,M,M,F"/><TAIKYOKU oya="0"/><INIT seed="0,0,0,4,3,67" ten="250,250,250,250" oya="0" hai0="66,53,55,1,24,42,102,18,30,79,16,134,111" hai1="128,105,82,83,29,119,48,65,32,70,28,76,129" hai2="68,33,35,54,17,72,113,21,123,37,99,131,8" hai3="95,121,69,19,61,89,22,122,44,104,75,106,112"/><T133/><D1/><U57/><E119/><V125/><F123/><N who="3" m="47115" /><G112/><T90/><D79/><U41/><E105/><V64/><F113/><W40/><G75/><T26/><D42/><U100/><E100/><V7/><F72/><W45/><G61/><T78/><D78/><U52/><E82/><V103/><F131/><N who="1" m="50249" /><E32/><V126/><F37/><N who="3" m="21519" /><G45/><T39/><D39/><U14/><E14/><V115/><F115/><W25/><G69/><T4/><D4/><U107/><E107/><V86/><F54/><N who="0" m="20490" /><D102/><U74/><E41/><V34/><F68/><W124/><G124/><N who="2" m="47721" /><F64/><W9/><G9/><T20/><D66/><U12/><E12/><N who="2" m="9383" /><F86/><AGARI ba="0,0" hai="19,22,25,86,89,95,104,106" m="21519,47115" machi="86" ten="30,1000,0" yaku="13,1" doraHai="67" who="3" fromWho="2" sc="250,0,250,0,250,-10,250,10" /><INIT seed="1,0,0,0,5,68" ten="250,250,240,260" oya="1" hai0="50,90,13,88,89,11,105,80,116,33,54,118,131" hai1="87,112,65,41,62,130,45,40,23,24,98,25,55" hai2="64,93,49,117,76,32,30,109,84,69,71,67,52" hai3="126,79,21,2,73,26,22,113,7,107,108,121,29"/><U28/><E112/><V56/><F117/><W70/><G121/><T78/><D33/><U106/><E130/><V72/><F109/><W75/><G113/><T60/><D131/><U31/><E55/><V12/><F72/><W101/><G108/><T51/><D105/><U34/><E87/><V132/><F132/><W96/><G126/><T3/><D3/><U127/><E127/><V39/><F39/><W46/><G70/><T122/><D122/><U135/><E135/><V59/><F71/><W8/><G79/><T10/><D60/><U99/><E106/><V124/><F124/><W133/><G133/><T35/><D35/><U82/><E82/><N who="2" m="47175" /><F69/><W4/><G4/><T27/><D27/><U38/><REACH who="1" step="1"/><E41/><REACH who="1" ten="250,240,240,260" step="2"/><V92/><F64/><W16/><REACH who="3" step="1"/><G46/><REACH who="3" ten="250,240,240,250" step="2"/><N who="0" m="27991" /><D116/><U81/><E81/><V58/><F67/><W83/><G83/><T95/><D118/><U47/><E47/><V77/><F77/><W100/><G100/><T42/><D80/><U43/><E43/><V74/><F74/><W104/><G104/><T48/><D42/><U125/><E125/><V19/><F93/><W120/><G120/><T119/><D119/><U129/><E129/><V134/><F92/><W14/><AGARI ba="0,2" hai="2,7,8,14,16,21,22,26,29,73,75,96,101,107" machi="14" ten="20,8000,1" yaku="1,1,0,1,7,1,54,1,53,1" doraHai="68" doraHaiUra="20" who="3" fromWho="3" sc="250,-20,240,-40,240,-20,250,100" /><INIT seed="2,0,0,4,1,79" ten="230,200,220,350" oya="2" hai0="89,130,134,127,25,61,115,27,108,133,6,84,51" hai1="4,93,14,109,58,135,99,29,72,119,48,47,87" hai2="67,9,55,12,35,128,39,75,129,62,74,11,107" hai3="81,121,106,114,111,1,131,82,8,122,46,20,37"/><V49/><F35/><W16/><G106/><T52/><D115/><U22/><E119/><V42/><F107/><W38/><G114/><T57/><D108/><U97/><E72/><N who="2" m="27691" /><F42/><W98/><G98/><T13/><D127/><U103/><E109/><V43/><F43/><W34/><G34/><T15/><D130/><N who="2" m="50282" /><F39/><W5/><G111/><T101/><D101/><U69/><E69/><N who="2" m="42231" /><F12/><W53/><G131/><T110/><D110/><U132/><E97/><V10/><F9/><W65/><G65/><T19/><D15/><U0/><E0/><V59/><AGARI ba="0,0" hai="10,11,49,55,59" m="42231,50282,27691" machi="59" ten="30,1500,0" yaku="19,1" doraHai="79" who="2" fromWho="2" sc="230,-5,200,-5,220,15,350,-5" /><INIT seed="2,1,0,2,3,119" ten="225,195,235,345" oya="2" hai0="100,73,50,67,77,49,112,48,91,106,84,114,92" hai1="0,135,52,8,41,65,53,46,134,89,9,28,63" hai2="123,116,33,120,107,113,6,108,86,23,58,25,126" hai3="11,85,110,30,96,42,44,29,51,128,27,38,3"/><V118/><F107/><W26/><G110/><T37/><D37/><U97/><E28/><N who="2" m="19599" /><F58/><W35/><G128/><T115/><D67/><U13/><E0/><V18/><F86/><W36/><G85/><T40/><D40/><U70/><E97/><V20/><F113/><W132/><G96/><N who="0" m="61703" /><D50/><U5/><E89/><V117/><F108/><W56/><G56/><T82/><AGARI ba="1,0" hai="48,49,73,77,82,84,91,92,112,114,115" m="61703" machi="82" ten="40,1500,0" yaku="24,1" doraHai="119" who="0" fromWho="0" sc="225,18,195,-5,235,-8,345,-5" /><INIT seed="3,0,0,1,3,132" ten="243,190,227,340" oya="3" hai0="111,67,103,29,85,81,96,125,37,89,114,27,59" hai1="25,78,83,123,44,6,94,86,43,39,64,134,22" hai2="30,33,104,110,21,113,121,109,51,74,115,35,28" hai3="66,50,82,36,23,4,131,26,38,88,47,0,106"/><W9/><G106/><T14/><D37/><U61/><E134/><V129/><F74/><W57/><G131/><T84/><D111/><N who="2" m="42506" /><F104/><W71/><G71/><T8/><D125/><U24/><E123/><V97/><F97/><W122/><G122/><T53/><D114/><N who="2" m="43530" /><F121/><W49/><G88/><T17/><D67/><U120/><E120/><V77/><F77/><W31/><G82/><T102/><D85/><U34/><E34/><N who="2" m="12811" /><F129/><W52/><G66/><T80/><D96/><U45/><E45/><V73/><F73/><W100/><G100/><T70/><D102/><U101/><E6/><V87/><F87/><W128/><G128/><T1/><D84/><U48/><E39/><V62/><F62/><W11/><G11/><T63/><D103/><U72/><E72/><V56/><F21/><W116/><G116/><T105/><D105/><U93/><E101/><V20/><F20/><W40/><AGARI ba="0,0" hai="0,4,9,23,26,31,36,38,40,47,49,50,52,57" machi="40" ten="20,3900,0" yaku="0,1,7,1,54,1" doraHai="132" who="3" fromWho="3" sc="243,-13,190,-13,227,-13,340,39" owari="230,3.0,177,-32.3,214,-18.6,379,47.9" /></mjloggm>