<mjloggm ver="2.3"><GO type="225" lobby="0"/><UN n0="%E6%A1%9C%E8%8A%B1%E9%96%83%E3%80%85" n1="%E9%80%9F%E6%B0%B4%E5%87%9B%E9%A6%99" n2="%E3%81%86%E3%82%8C%E3%81%9F%E3%82%93%E6%9E%95" n3="%E3%81%A1%E3%82%85%E3%81%86%E3%81%A9%E3%81%8F%E8%B1%A1%E3%81%95%E3%82%93" dan="17,16,16,17" rate="2200.10,2148.78,2162.05,2129.93" sx="M,F,F,M"/><TAIKYOKU oya="0"/><INIT seed="0,0,0,4,5,64" ten="250,250,250,250" oya="0" hai0="47,36,29,11,58,25,80,102,104,71,95,82,27" hai1="10,70,19,84,118,81,73,15,123,31,79,91,127" hai2="131,109,44,129,112,22,103,88,60,117,17,9,76" hai3="34,3,55,132,101,74,39,89,128,24,85,2,115"/><T21/><D104/><U75/><E123/><V67/><F112/><W124/><G101/><T13/><D71/><U8/><E118/><V65/><F117/><W120/><G55/><T83/><D27/><U14/><E127/><V110/><F67/><W72/><G89/><T61/><D36/><U87/><E31/><V0/><F76/><W126/><G85/><T49/><D58/><U32/><E32/><V68/><F103/><W7/><G7/><T111/><D111/><N who="2" m="42506" /><F44/><W57/><G24/><T93/><D61/><U119/><E119/><V38/><F38/><W23/><G57/><T122/><D122/><U16/><REACH who="1" step="1"/><E70/><REACH who="1" ten="250,240,250,250" step="2"/><V41/><F129/><W121/><G128/><T66/><D102/><U5/><E5/><N who="2" m="1191" /><F131/><W1/><G120/><T97/><D97/><U78/><E78/><V92/><F41/><W114/><G121/><T86/><D86/><U113/><E113/><V46/><F46/><W130/><G114/><T135/><D135/><U33/><E33/><V43/><F43/><W50/><G34/><T134/><D134/><U51/><E51/><V69/><F69/><W56/><G132/><T48/><D48/><U35/><E35/><V12/><F88/><W116/><G115/><T107/><D49/><U26/><E26/><V4/><F4/><W45/><G116/><T18/><D47/><U100/><E100/><V28/><F28/><W59/><G130/><T99/><D99/><U30/><E30/><V77/><F77/><W6/><G39/><T90/><D90/><U98/><E98/><V54/><F54/><W63/><G45/><T125/><D29/><RYUUKYOKU ba="0,1" sc="250,-15,240,15,250,15,250,-15" hai1="8,10,14,15,16,19,73,75,79,81,84,87,91" hai2="12,17,22,60,65,68,92" /><INIT seed="1,1,1,2,4,98" ten="235,255,265,235" oya="1" hai0="64,2,94,81,113,128,57,58,40,111,20,44,108" hai1="37,43,21,83,16,52,127,88,3,121,110,100,115" hai2="49,23,22,72,132,80,103,51,15,9,105,82,104" hai3="95,29,25,102,77,13,54,0,107,46,1,61,122"/><U93/><E121/><V26/><F132/><W117/><G122/><T118/><D113/><U133/><E3/><V68/><F68/><W62/><G117/><T130/><D2/><U123/><E115/><V92/><F23/><W38/><G107/><T18/><D81/><N who="2" m="31338" /><F105/><W28/><G77/><T126/><D94/><U96/><E123/><V4/><F104/><W86/><G13/><N who="0" m="9295" /><D118/><U99/><E133/><V50/><F72/><W109/><G38/><N who="0" m="21527" /><D126/><U48/><E127/><V106/><F106/><W41/><G0/><T19/><D19/><U11/><E110/><N who="0" m="42025" /><D64/><U69/><E69/><V116/><F116/><W45/><G1/><T129/><AGARI ba="1,1" hai="57,58,128,129,130" m="42025,21527,9295" machi="129" ten="40,2700,0" yaku="19,1,14,1" doraHai="98" who="0" fromWho="0" sc="235,40,255,-14,265,-8,235,-8" /><INIT seed="2,0,0,4,4,6" ten="275,241,257,227" oya="2" hai0="45,93,29,104,71,32,109,76,72,125,77,108,70" hai1="55,53,124,23,132,30,99,65,34,14,25,26,131" hai2="91,100,122,28,47,38,27,130,118,79,101,105,127" hai3="13,81,36,83,50,120,92,85,123,57,12,35,24"/><V114/><F114/><W87/><G36/><T98/><D45/><U67/><E131/><V75/><F118/><W58/><G92/><T68/><D125/><U40/><E124/><V51/><F122/><W117/><G24/><N who="0" m="18471" /><D93/><U3/><E3/><V64/><F130/><W73/><G50/><T113/><D113/><U54/><E132/><V115/><F115/><W60/><G60/><T95/><D95/><U102/><E40/><V103/><F38/><W74/><REACH who="3" step="1"/><G35/><REACH who="3" ten="275,241,257,217" step="2"/><T133/><D133/><U33/><E33/><V128/><F127/><W112/><G112/><T107/><D107/><U41/><E34/><V129/><F105/><W8/><G8/><T96/><D104/><U2/><E25/><V66/><F128/><W16/><G16/><T31/><D31/><U121/><E30/><V116/><F129/><W11/><G11/><T110/><D110/><U56/><E26/><V21/><F116/><AGARI ba="0,1" hai="12,13,57,58,73,74,81,83,85,87,116,117,120,123" machi="116" ten="25,3200,0" yaku="1,1,22,2,53,0" doraHai="6" doraHaiUra="43" who="3" fromWho="2" sc="275,0,241,0,257,-32,217,42" /><INIT seed="3,0,0,0,0,125" ten="275,241,225,259" oya="3" hai0="74,68,73,135,120,111,103,76,104,38,118,22,98" hai1="49,92,23,3,88,71,18,44,86,13,107,91,66" hai2="110,123,99,60,40,81,25,2,58,72,69,57,114" hai3="54,61,134,0,59,132,35,121,83,87,67,33,26"/><W100/><G121/><T7/><D68/><U34/><E107/><V102/><F114/><W105/><G0/><T31/><D38/><U89/><E34/><V48/><F123/><W50/><G100/><T56/><D118/><U124/><E3/><V5/><F110/><W11/><G11/><T95/><D120/><U106/><E106/><V6/><F69/><W53/><G105/><T96/><D135/><N who="3" m="51753" /><G26/><T126/><D7/><U117/><E117/><V79/><F25/><W29/><G29/><T130/><D111/><U97/><E124/><V131/><F131/><W19/><G19/><T93/><D130/><U10/><E66/><V122/><F122/><W112/><G112/><T75/><D126/><U28/><E71/><V51/><F2/><W64/><G64/><T47/><D31/><U85/><E28/><V116/><F116/><W80/><G53/><T46/><D104/><U109/><E109/><V8/><F8/><W119/><G119/><T12/><D12/><U32/><E32/><N who="3" m="12362" /><G87/><N who="1" m="33290" /><E10/><V115/><F115/><W9/><G9/><T129/><D129/><U43/><AGARI ba="0,0" hai="13,18,23,43,44,49,88,89,91,92,97" m="33290" machi="43" ten="30,2000,0" yaku="8,1,54,1" doraHai="125" who="1" fromWho="1" sc="275,-5,241,20,225,-5,259,-10" /><INIT seed="4,0,0,2,0,40" ten="270,261,220,249" oya="0" hai0="115,114,45,102,79,106,58,59,51,133,134,44,7" hai1="129,70,68,20,43,112,37,0,46,84,109,130,33" hai2="89,29,6,103,21,108,91,125,55,26,50,120,12" hai3="18,63,4,61,23,36,121,124,104,41,65,53,42"/><T35/><D35/><U49/><E0/><V28/><F108/><W71/><G104/><T19/><D7/><U38/><E20/><V22/><F120/><W111/><G121/><T34/><D34/><U69/><E84/><V64/><F125/><W92/><G111/><T9/><D79/><U73/><E73/><V27/><F103/><W67/><G124/><T86/><D86/><U132/><E33/><V57/><REACH who="2" step="1"/><F64/><REACH who="2" ten="270,261,210,249" step="2"/><W56/><G67/><T11/><D102/><U24/><E109/><V90/><F90/><W3/><G36/><T119/><D106/><U10/><E38/><V83/><F83/><W99/><G65/><T87/><D115/><U128/><E112/><V13/><F13/><W82/><G3/><T60/><D114/><U75/><E24/><V72/><F72/><W123/><G123/><T131/><D133/><U107/><E75/><V76/><F76/><W25/><G71/><T48/><D134/><U15/><E107/><V74/><F74/><W31/><G31/><T78/><D78/><U39/><E132/><V80/><F80/><W54/><G82/><T32/><D131/><U127/><E127/><V88/><F88/><N who="3" m="55687" /><G4/><AGARI ba="0,1" hai="4,10,15,37,39,43,46,49,68,69,70,128,129,130" machi="4" ten="50,3200,0" yaku="19,1,52,1" doraHai="40" who="1" fromWho="3" sc="270,0,261,42,210,0,249,-32" owari="270,7.0,303,40.3,210,-29.0,217,-18.3" /></mjloggm>