<mjloggm ver="2.3"><GO type="225" lobby="0"/><UN n0="%E6%97%A5%E6%9B%9C%E6%97%A5%E3%82%88%E3%82%8A%E3%81%AE%E4%BD%BF%E8%80%85" n1="%E8%80%81%E6%A5%BD" n2="%E3%82%B8%E3%83%A3%E3%83%9E%E3%83%BC%E3%83%AB%E3%83%9E%E3%83%AC%E3%83%BC" n3="%E6%9A%87%E4%BA%BA%EF%BC%A0%E9%85%8D%E4%BF%A1%E5%9E%A2" dan="18,16,17,17" rate="2157.07,2063.52,2196.68,2144.75" sx="M,M,M,F"/><TAIKYOKU oya="0"/><INIT seed="0,0,0,4,0,12" ten="250,250,250,250" oya="0" hai0="106,33,42,107,52,28,132,22,112,64,29,50,23" hai1="80,104,24,113,125,67,19,41,110,109,51,118,36" hai2="26,123,75,62,127,96,59,122,54,86,98,101,87" hai3="94,40,32,88,111,78,89,47,39,13,8,31,58"/><T46/><D112/><U63/><E118/><V34/><F75/><W108/><G78/><T133/><D64/><U56/><E104/><N who="0" m="39977" /><D42/><U0/><E0/><V60/><F101/><W131/><G131/><T128/><D128/><U66/><E113/><V57/><F26/><N who="3" m="18551" /><G58/><T102/><D102/><U6/><E6/><V45/><F34/><W79/><G94/><T85/><D85/><U99/><E125/><V81/><F45/><W74/><G79/><T38/><D38/><U84/><E99/><V117/><F54/><W1/><G1/><T37/><D37/><U49/><E36/><V72/><F72/><W61/><G61/><T76/><D76/><N who="1" m="46087" /><E67/><V100/><F100/><W48/><G74/><T69/><D69/><U115/><E41/><V114/><F114/><W35/><G39/><T82/><D82/><U2/><E2/><V16/><F81/><W126/><G126/><T10/><D10/><U77/><E77/><V65/><F65/><W5/><G35/><T3/><D3/><U27/><E115/><V121/><F121/><W95/><G95/><T73/><D73/><U43/><E43/><V120/><F120/><W68/><G68/><T55/><D55/><U71/><E71/><V93/><F93/><W11/><G11/><T92/><D92/><U134/><E66/><V70/><F70/><W53/><G40/><T14/><D33/><U129/><E129/><V116/><F127/><W9/><G9/><T7/><D52/><U15/><E51/><V103/><F103/><W44/><G44/><T91/><D50/><U119/><E49/><V17/><AGARI ba="0,0" hai="16,17,57,59,60,62,86,87,96,98,116,117,122,123" machi="17" ten="25,12000,2" yaku="5,1,0,1,22,2,52,2,54,1" doraHai="12" who="2" fromWho="2" sc="250,-60,250,-30,250,120,250,-30" /><INIT seed="1,0,0,2,0,58" ten="190,220,370,220" oya="1" hai0="74,36,116,113,95,54,11,59,99,70,78,20,102" hai1="101,96,132,6,1,73,28,118,103,120,83,26,92" hai2="128,34,64,19,75,52,37,115,47,133,135,80,10" hai3="107,65,110,127,17,49,16,7,134,53,67,94,114"/><U12/><E118/><V8/><F34/><W125/><G107/><T88/><D116/><U129/><E120/><V21/><F128/><W89/><G7/><T23/><D70/><U111/><E129/><V108/><F108/><W51/><G114/><T82/><D36/><U39/><E39/><V38/><F64/><N who="3" m="24651" /><G110/><T79/><D113/><U97/><E111/><V48/><F115/><W121/><G134/><N who="2" m="51209" /><F8/><W3/><G3/><T84/><D11/><U45/><E132/><V126/><F10/><W106/><G106/><T30/><D30/><U91/><E1/><V62/><F62/><W130/><G121/><T100/><D100/><U104/><E45/><V60/><F60/><W35/><G35/><T66/><D66/><U50/><E50/><N who="3" m="18954" /><G53/><T57/><D57/><U93/><E104/><V69/><F126/><N who="3" m="48139" /><G130/><T81/><REACH who="0" step="1"/><D102/><REACH who="0" ten="180,220,370,220" step="2"/><U90/><E103/><V46/><F46/><W31/><G31/><T25/><D25/><U32/><E101/><V41/><F52/><W55/><G55/><T15/><D15/><U123/><E123/><V86/><F47/><W131/><G131/><T44/><D44/><U61/><E12/><V68/><F38/><W0/><G0/><T77/><D77/><N who="1" m="44463" /><E6/><V29/><F37/><W14/><G14/><T56/><D56/><U71/><E71/><V105/><F69/><W42/><G42/><T18/><D18/><U13/><E13/><V22/><F19/><W4/><G4/><T2/><D2/><U43/><E43/><V119/><F68/><W76/><G76/><T117/><D117/><U5/><E5/><V124/><F119/><RYUUKYOKU ba="0,1" sc="180,10,220,10,370,-30,220,10" hai0="20,23,54,59,74,78,79,81,82,84,88,95,99" hai1="26,28,32,61,90,91,92,93,96,97" hai3="16,17,89,94" /><INIT seed="1,1,1,1,2,61" ten="190,230,340,230" oya="1" hai0="82,60,37,69,6,16,8,31,56,111,105,54,76" hai1="132,64,99,19,29,122,28,20,96,135,11,108,52" hai2="95,102,116,97,15,123,33,32,23,104,2,130,74" hai3="63,109,27,26,21,100,44,40,110,70,81,73,17"/><U112/><E122/><V120/><F2/><W35/><G100/><T107/><D37/><U13/><E112/><V93/><F74/><W128/><G128/><T89/><D111/><N who="3" m="42505" /><G73/><T119/><D119/><U4/><E108/><V62/><F116/><W131/><G81/><T103/><D31/><N who="1" m="11851" /><E64/><V48/><F62/><W67/><G131/><T117/><D117/><U1/><E52/><V46/><F130/><W77/><G77/><T59/><D69/><U50/><E50/><V43/><F123/><W36/><G35/><T113/><D113/><U38/><E38/><V12/><F32/><W30/><G27/><T39/><D39/><U85/><E85/><V24/><F33/><W101/><G101/><T25/><D25/><U126/><E126/><V78/><F24/><W34/><G34/><T127/><D103/><U18/><E18/><AGARI ba="1,1" hai="17,18,21,26,30,36,40,44,63,67,70" m="42505" machi="18" ten="30,2000,0" yaku="14,1,52,1" doraHai="61" who="3" fromWho="1" sc="190,0,230,-23,340,0,230,33" /><INIT seed="2,0,0,3,0,23" ten="190,207,340,263" oya="2" hai0="33,109,9,3,75,95,63,88,87,115,35,126,79" hai1="44,38,120,108,65,72,76,107,89,42,46,25,55" hai2="85,32,116,12,10,28,48,84,43,102,41,73,69" hai3="118,93,83,117,74,90,57,86,50,114,31,96,51"/><V103/><F69/><W123/><G123/><T135/><D115/><U97/><E65/><V121/><F121/><W36/><G36/><T132/><D63/><U134/><E120/><V125/><F73/><W0/><G114/><T2/><D109/><U52/><E108/><V78/><F116/><W71/><G71/><T111/><D111/><U77/><E134/><N who="0" m="51241" /><D126/><U4/><E4/><V58/><F28/><W99/><G0/><N who="0" m="43" /><D9/><U62/><E62/><V8/><F32/><N who="0" m="12362" /><D79/><U98/><E107/><V34/><F8/><W7/><G7/><T40/><D75/><U27/><E72/><V67/><F34/><W104/><G104/><T21/><D21/><U56/><E38/><V129/><F10/><W128/><G74/><T130/><D40/><U68/><E68/><V124/><F41/><W20/><G117/><T6/><D6/><U45/><E42/><V112/><F43/><W133/><G118/><T105/><D105/><U17/><E17/><V16/><F78/><W26/><G133/><T106/><D106/><U119/><E119/><V80/><F124/><W110/><G110/><T61/><D61/><U39/><E39/><V19/><F19/><W49/><G96/><N who="1" m="36970" /><E89/><V131/><F112/><W66/><G66/><T60/><D60/><N who="1" m="35847" /><E55/><V100/><F67/><W113/><G113/><T81/><D130/><U29/><E29/><V24/><F129/><W11/><G128/><T13/><D13/><U64/><E64/><V54/><F131/><W18/><G11/><T70/><D70/><U1/><E1/><V127/><F125/><W59/><G31/><T14/><D14/><RYUUKYOKU ba="0,0" sc="190,10,207,10,340,-30,263,10" hai0="81,87,88,95" hai1="25,27,44,45,46,76,77" hai3="18,20,26,49,50,51,57,59,83,86,90,93,99" /><INIT seed="3,1,0,4,5,24" ten="200,217,310,273" oya="3" hai0="35,104,80,120,25,26,98,17,90,125,47,115,74" hai1="123,119,30,100,49,93,9,57,79,37,67,60,112" hai2="22,65,132,134,13,3,75,32,76,56,10,64,5" hai3="2,69,36,70,62,135,61,78,73,97,44,109,18"/><W118/><G118/><T124/><D120/><U84/><E123/><V66/><F32/><W82/><G135/><N who="2" m="51753" /><F56/><W129/><G129/><T1/><D1/><U6/><E37/><V19/><F76/><W94/><G2/><T23/><D115/><U7/><E112/><V54/><F54/><W81/><G81/><T127/><D47/><U12/><E119/><V40/><F40/><W28/><G28/><N who="0" m="19855" /><D74/><AGARI ba="1,0" hai="3,5,10,13,19,22,64,65,66,74,75" m="51753" machi="74" ten="30,1000,0" yaku="20,1" doraHai="24" who="2" fromWho="0" sc="200,-13,217,0,310,13,273,0" owari="187,-31.3,217,-18.3,323,42.3,273,7.3" /></mjloggm>