<mjloggm ver="2.3"><GO type="225" lobby="0"/><UN n0="%E3%81%BF%E3%81%BF%E3%81%9A" n1="%E3%82%A2%E3%82%A4%E3%82%B9%E3%83%86%E3%82%A3%E3%83%BC%E3%81%82%E3%81%B9" n2="%77%72%77%72%77%72%77%72" n3="%E4%BE%BF%E6%89%80" dan="16,16,16,16" rate="2137.87,2114.13,2124.28,2057.75" sx="M,M,M,M"/><TAIKYOKU oya="0"/><INIT seed="0,0,0,1,2,132" ten="250,250,250,250" oya="0" hai0="50,105,108,103,68,14,36,49,67,5,32,117,19" hai1="21,95,98,75,113,48,96,63,28,79,17,13,57" hai2="54,90,38,45,109,58,134,94,23,60,78,40,83" hai3="29,31,37,106,112,71,47,55,104,7,11,99,70"/><T65/><D117/><U126/><E113/><V131/><F134/><W128/><G112/><T133/><D36/><U74/><E79/><V59/><F109/><W43/><G128/><T73/><D73/><U53/><E98/><V72/><F131/><W20/><G55/><T135/><D32/><U86/><E86/><V76/><F76/><W46/><G46/><T35/><D35/><U41/><E28/><V110/><F110/><W62/><G29/><T121/><D121/><U1/><E1/><V34/><F34/><W85/><G85/><T77/><D5/><U97/><E97/><V118/><F118/><W4/><G4/><T111/><D77/><U81/><E81/><V80/><F23/><W22/><G22/><T16/><D14/><U88/><E126/><V114/><F114/><W12/><G62/><T124/><D68/><U24/><E13/><V119/><F119/><W89/><G89/><T51/><D51/><U27/><E27/><V130/><F130/><W44/><G44/><AGARI ba="0,0" hai="17,21,24,41,44,48,53,57,63,74,75,88,95,96" machi="44" ten="40,5200,0" yaku="25,2,54,1" doraHai="132" who="1" fromWho="3" sc="250,0,250,52,250,0,250,-52" /><INIT seed="1,0,0,4,5,4" ten="250,302,250,198" oya="1" hai0="14,23,26,129,103,72,56,15,114,97,113,135,91" hai1="105,95,25,125,3,10,132,38,73,70,57,94,93" hai2="39,37,62,35,123,79,13,64,122,22,42,104,9" hai3="74,54,63,34,29,115,7,45,90,102,59,120,51"/><U83/><E70/><V18/><F35/><W8/><G120/><T124/><D72/><U100/><E125/><V75/><F104/><W61/><G115/><T116/><D124/><U133/><E38/><V41/><F79/><W107/><G74/><T0/><D0/><U33/><E105/><V78/><F78/><W121/><G121/><T53/><D116/><U1/><E100/><V119/><F75/><W106/><G63/><T84/><D135/><N who="1" m="51787" /><E83/><V32/><F32/><W80/><G29/><T55/><D129/><U44/><E44/><V20/><F119/><W96/><G34/><T24/><D114/><U92/><E73/><V36/><F123/><W108/><G108/><T67/><D113/><U77/><E77/><V27/><F20/><W17/><G17/><T46/><D46/><U82/><E82/><V48/><F48/><W49/><G106/><T85/><D67/><U76/><E95/><V118/><F118/><W88/><G80/><T66/><D66/><U134/><E76/><V2/><F2/><N who="1" m="521" /><E57/><V5/><REACH who="2" step="1"/><F122/><REACH who="2" ten="250,302,240,198" step="2"/><W16/><G107/><T19/><D23/><U47/><E134/><V28/><F28/><W87/><G49/><T109/><D109/><U6/><E47/><V112/><F112/><W110/><G45/><T50/><D50/><U86/><E33/><V111/><F111/><W99/><G110/><T43/><D43/><U127/><E127/><V12/><F12/><W128/><G51/><T52/><D14/><N who="1" m="5463" /><E25/><V89/><F89/><AGARI ba="0,1" hai="86,89,92,93,94" m="5463,521,51787" machi="89" ten="30,2900,0" yaku="20,1,52,1" doraHai="4" who="1" fromWho="2" sc="250,0,302,39,240,-29,198,0" /><INIT seed="1,1,0,0,3,104" ten="250,341,211,198" oya="1" hai0="117,19,10,29,52,128,132,1,39,2,98,94,31" hai1="28,6,82,13,8,134,17,4,105,113,129,121,108" hai2="56,42,86,65,80,43,22,38,59,74,79,58,32" hai3="90,48,110,24,63,123,91,84,118,78,20,100,87"/><U69/><E121/><V99/><F32/><W89/><G123/><T96/><D117/><U14/><E105/><V126/><F126/><W88/><G118/><T71/><D71/><U97/><E69/><V119/><F119/><W30/><G110/><T47/><D132/><U102/><E113/><V76/><F38/><W46/><G100/><T64/><D128/><U95/><E134/><V16/><F65/><W116/><G116/><T49/><D64/><U81/><E129/><V41/><F99/><W122/><G122/><T37/><D96/><U18/><E28/><V60/><F60/><W101/><G101/><T62/><D62/><U61/><E61/><V3/><F3/><W111/><G63/><T83/><D83/><U54/><E54/><V93/><F93/><W26/><G111/><T127/><D127/><U9/><REACH who="1" step="1"/><E108/><REACH who="1" ten="250,331,211,198" step="2"/><V106/><F106/><W103/><G30/><T21/><D29/><U68/><E68/><V131/><F131/><W55/><G55/><T51/><D31/><U72/><E72/><V124/><F124/><W33/><G87/><T35/><D35/><U85/><E85/><V75/><REACH who="2" step="1"/><F79/><REACH who="2" ten="250,331,201,198" step="2"/><W36/><G33/><T50/><D98/><U0/><E0/><V115/><F115/><W7/><G78/><T40/><D1/><U15/><E15/><AGARI ba="1,2" hai="15,16,22,41,42,43,56,58,59,74,75,76,80,86" machi="15" ten="40,8000,1" yaku="1,1,52,2,54,1,53,1" doraHai="104" doraHaiUra="77" who="2" fromWho="1" sc="250,0,331,-83,201,103,198,0" /><INIT seed="2,0,0,1,4,73" ten="250,248,304,198" oya="2" hai0="49,129,109,41,90,37,4,62,125,33,34,99,126" hai1="118,101,119,63,96,80,44,29,135,110,128,130,19" hai2="111,85,21,50,100,97,77,31,132,45,53,82,72" hai3="68,28,22,87,15,93,27,131,2,6,24,103,84"/><V8/><F132/><W30/><G68/><T75/><D109/><U26/><E110/><V35/><F111/><W83/><G2/><T70/><D129/><N who="1" m="49771" /><E19/><V3/><F35/><W121/><G131/><T52/><D4/><U0/><E0/><V86/><F31/><W12/><G121/><T127/><D75/><U59/><E135/><V98/><F98/><W116/><G116/><T51/><D51/><U14/><E14/><V1/><F21/><W79/><G6/><T56/><D90/><U74/><E44/><V105/><REACH who="2" step="1"/><F1/><REACH who="2" ten="250,248,294,198" step="2"/><W43/><G43/><T17/><D99/><U48/><E29/><V10/><F10/><W61/><G28/><T102/><D102/><U78/><E26/><V60/><F60/><W55/><G27/><T114/><D114/><U107/><E48/><V9/><F9/><W13/><G103/><T88/><D41/><U64/><AGARI ba="0,1" hai="59,63,64,74,78,80,96,101,107,118,119" m="49771" machi="64" ten="30,2000,0" yaku="19,1,52,1" doraHai="73" who="1" fromWho="1" sc="250,-5,248,30,294,-10,198,-5" /><INIT seed="3,0,0,5,4,64" ten="245,278,284,193" oya="3" hai0="127,20,91,71,103,92,48,27,37,42,104,36,4" hai1="50,23,62,54,101,14,79,70,0,49,125,26,33" hai2="35,118,45,93,86,6,21,38,65,56,102,123,7" hai3="134,34,80,67,31,57,5,59,2,60,44,55,108"/><W51/><G134/><T78/><D78/><U53/><E0/><V129/><F35/><W22/><G34/><T114/><D4/><U126/><E33/><V95/><F118/><W17/><G31/><T83/><D83/><U98/><E79/><V76/><F129/><W24/><G108/><T119/><D119/><U122/><E14/><V120/><F21/><W29/><G17/><T107/><D48/><U133/><E122/><N who="2" m="46635" /><F65/><W115/><G115/><T74/><D74/><U46/><E133/><V69/><F69/><W73/><G80/><T11/><D71/><U84/><E84/><V28/><F28/><W105/><G105/><T30/><D11/><U15/><E15/><V90/><F56/><W72/><REACH who="3" step="1"/><G59/><REACH who="3" ten="245,278,284,183" step="2"/><T135/><D114/><U58/><E70/><V25/><F6/><W39/><G39/><T82/><D135/><U99/><E126/><V112/><F7/><W19/><G19/><T68/><D127/><U63/><E125/><V52/><F112/><W113/><G113/><T117/><D68/><U121/><E121/><V89/><F38/><W124/><G124/><T110/><D117/><U32/><E32/><V128/><F128/><W96/><G96/><N who="0" m="59783" /><D110/><U94/><E99/><V9/><F95/><W61/><G61/><T18/><D18/><AGARI ba="0,1" hai="18,23,26,46,49,50,53,54,58,62,63,94,98,101" machi="18" ten="30,2000,0" yaku="7,1,8,1" doraHai="64" who="1" fromWho="0" sc="245,-20,278,30,284,0,183,0" owari="225,-17.5,308,40.8,284,8.4,183,-31.7" /></mjloggm>