<mjloggm ver="2.3"><GO type="225" lobby="0"/><UN n0="%E6%B4%BE%E9%81%A3%E3%81%AE%E3%82%B8%E3%83%A3%E3%83%83%E3%82%AF" n1="%73%61%6B%6F%EF%BC%A0%E6%9C%80" n2="%E4%B8%AD%E5%B9%B4%E3%81%AE%E5%8D%B1%E6%A9%9F" n3="%E8%81%B7%E6%A5%AD%E3%80%81%E9%A2%A8%32" dan="16,17,17,16" rate="2157.13,2253.25,2204.58,2134.96" sx="M,M,M,M"/><TAIKYOKU oya="0"/><INIT seed="0,0,0,0,1,95" ten="250,250,250,250" oya="0" hai0="62,78,4,94,133,38,83,45,48,77,8,72,7" hai1="53,14,21,100,54,15,51,132,92,30,47,19,28" hai2="125,96,84,111,39,3,63,93,121,113,91,16,37" hai3="106,35,27,76,61,135,79,116,114,65,0,31,42"/><T124/><D124/><U67/><E132/><V33/><F113/><W5/><G114/><T59/><D133/><U122/><E122/><V88/><F121/><W74/><G116/><T57/><D38/><U105/><E105/><V112/><F112/><W101/><G135/><T99/><D77/><U43/><E67/><V81/><F125/><W29/><G29/><T23/><D23/><U89/><E100/><V128/><F33/><W80/><G42/><T32/><D32/><U130/><E130/><V41/><F128/><W69/><G79/><T73/><D73/><U126/><E126/><V108/><F3/><W56/><G5/><T46/><D62/><U115/><E115/><V58/><F41/><W20/><G20/><T22/><D22/><U102/><E102/><V68/><F16/><W50/><G50/><T109/><D109/><N who="2" m="42058" /><F68/><W13/><G13/><T25/><D25/><U110/><E110/><V119/><F119/><W52/><G0/><T82/><D82/><U26/><E14/><V90/><F90/><W71/><REACH who="3" step="1"/><G65/><AGARI ba="0,0" hai="37,39,58,63,65,81,84,88,91,93,96" m="42058" machi="65" ten="30,3900,0" yaku="14,1,52,1,54,1" doraHai="95" who="2" fromWho="3" sc="250,0,250,0,250,39,250,-39" /><INIT seed="1,0,0,4,1,90" ten="250,250,289,211" oya="1" hai0="96,124,131,8,98,93,56,30,82,77,40,20,73" hai1="15,61,102,33,2,135,129,17,83,86,69,94,35" hai2="12,78,87,105,43,48,6,108,133,45,27,34,127" hai3="51,39,76,59,72,113,126,74,130,119,79,9,84"/><U68/><E2/><V11/><F105/><W106/><G113/><T66/><D124/><U62/><E135/><V38/><F127/><W57/><G106/><T132/><D132/><U50/><E129/><V111/><F133/><W46/><G126/><T104/><D131/><U89/><E69/><V42/><F42/><W44/><G130/><T109/><D109/><U125/><E125/><V31/><REACH who="2" step="1"/><F38/><REACH who="2" ten="250,250,279,211" step="2"/><W118/><G39/><T100/><D40/><U112/><E112/><V81/><AGARI ba="0,1" hai="6,11,12,27,31,34,43,45,48,78,81,87,108,111" machi="81" ten="30,8000,1" yaku="1,1,2,1,0,1,25,2,53,0" doraHai="90" doraHaiUra="128" who="2" fromWho="2" sc="250,-20,250,-40,279,90,211,-20" /><INIT seed="2,0,0,1,4,74" ten="230,210,369,191" oya="2" hai0="11,8,34,32,91,132,88,124,83,123,131,99,55" hai1="103,23,51,53,64,58,2,52,76,107,79,90,122" hai2="127,119,120,9,24,109,33,75,19,49,18,68,113" hai3="1,130,67,87,41,28,81,112,47,50,116,77,69"/><V117/><F68/><W111/><G111/><T37/><D37/><U61/><E122/><V7/><F75/><W27/><G116/><N who="2" m="44617" /><F49/><W78/><G112/><T25/><D123/><U38/><E2/><V133/><F120/><W70/><G1/><T6/><D124/><U71/><E38/><V121/><F121/><W134/><G130/><T21/><D131/><U29/><E107/><V82/><F82/><W5/><G5/><T73/><D132/><U84/><E103/><V62/><F62/><W31/><G134/><T54/><D99/><U42/><E42/><V80/><F80/><W85/><G67/><T17/><D32/><U93/><E29/><N who="2" m="19623" /><F133/><W22/><G31/><T95/><D34/><U128/><E128/><V97/><F97/><W16/><G28/><T48/><D95/><U0/><E0/><N who="2" m="231" /><F113/><W44/><G44/><T13/><D54/><U35/><E35/><V114/><F114/><W101/><G101/><T105/><D105/><U20/><REACH who="1" step="1"/><E53/><REACH who="1" ten="230,200,369,191" step="2"/><V4/><F127/><W102/><G102/><T56/><REACH who="0" step="1"/><D11/><REACH who="0" ten="220,200,369,191" step="2"/><U39/><E39/><V59/><F109/><W125/><G125/><T108/><D108/><U46/><E46/><V3/><F3/><W118/><G118/><T60/><D60/><U92/><E92/><V66/><F66/><W126/><G126/><T57/><D57/><U14/><E14/><V72/><F59/><W106/><G106/><T115/><D115/><U65/><E65/><V98/><F98/><W135/><G135/><T40/><D40/><U86/><E86/><V30/><F72/><W45/><G47/><T26/><D26/><RYUUKYOKU ba="0,2" sc="220,10,200,10,369,-30,191,10" hai0="6,8,13,17,21,25,48,55,56,73,83,88,91" hai1="20,23,51,52,58,61,64,71,76,79,84,90,93" hai3="16,22,27,41,45,50,69,70,77,78,81,85,87" /><INIT seed="3,1,2,5,2,2" ten="230,210,339,201" oya="3" hai0="123,47,49,110,0,8,24,60,131,64,91,76,127" hai1="33,57,81,114,92,97,52,31,74,105,26,3,89" hai2="28,80,128,117,125,66,82,84,100,88,53,12,79" hai3="118,93,120,17,15,54,45,1,130,108,41,65,16"/><W71/><G120/><T122/><D110/><U40/><E114/><V32/><F117/><W42/><G118/><T94/><D76/><U111/><E111/><V13/><F125/><W87/><G108/><T68/><D127/><U75/><E3/><V6/><F128/><W104/><G104/><T48/><D131/><U44/><E105/><V21/><F32/><W102/><G1/><T11/><D24/><U20/><E33/><V107/><F66/><W90/><G130/><T34/><D34/><U124/><E124/><V83/><F100/><W59/><G71/><T36/><D36/><U69/><E69/><V132/><F132/><W62/><G102/><T19/><D11/><U38/><REACH who="1" step="1"/><E81/><REACH who="1" ten="230,200,339,201" step="2"/><V51/><F107/><W29/><G29/><T99/><D0/><U135/><E135/><V7/><F79/><W58/><G17/><T63/><D123/><U35/><E35/><V27/><F82/><W67/><G45/><T23/><D122/><U56/><E56/><N who="2" m="32831" /><F83/><W96/><G96/><T113/><D113/><U61/><AGARI ba="1,3" hai="20,26,31,38,40,44,52,57,61,74,75,89,92,97" machi="61" ten="20,8000,1" yaku="1,1,0,1,7,1,54,1,53,1" doraHai="2" doraHaiUra="37" who="1" fromWho="1" sc="230,-21,200,113,339,-21,201,-41" owari="209,-19.1,313,11.3,318,41.8,160,-34.0" /></mjloggm>