<mjloggm ver="2.3"><GO type="225" lobby="0"/><UN n0="%33%74%72%65%65" n1="%E7%B4%94%E6%BD%94%E3%83%94%E3%83%A9%E3%83%8B%E3%82%A2" n2="%E3%83%AD%E3%83%83%E3%83%86%E9%9B%80%E7%90%83" n3="%E3%81%82%E3%81%B9%E3%81%99%E3%81%91" dan="16,18,17,16" rate="2148.04,2290.87,2216.30,2111.21" sx="F,M,M,M"/><TAIKYOKU oya="0"/><INIT seed="0,0,0,0,0,77" ten="250,250,250,250" oya="0" hai0="91,58,132,47,102,67,46,101,54,92,8,99,78" hai1="12,126,95,135,39,90,32,24,87,61,28,112,110" hai2="109,37,121,89,130,45,108,76,119,134,69,6,3" hai3="66,93,10,1,116,52,70,75,15,103,105,60,107"/><T104/><D132/><U43/><E135/><V11/><F134/><W0/><G116/><T127/><D127/><U56/><E126/><V21/><F121/><W85/><G75/><T97/><D67/><U2/><E2/><V65/><F119/><W79/><G1/><T23/><D8/><U129/><E110/><N who="2" m="42603" /><F130/><W133/><G0/><T20/><D78/><U120/><E129/><V16/><F76/><W5/><G107/><T84/><D23/><U68/><E68/><V35/><F35/><W62/><G105/><T123/><D20/><U74/><E74/><V34/><F34/><W100/><G133/><T118/><D123/><U81/><E112/><V40/><F89/><W71/><G71/><T83/><REACH who="0" step="1"/><D118/><REACH who="0" ten="240,250,250,250" step="2"/><U33/><E33/><V115/><F65/><W44/><G66/><T117/><D117/><U124/><E124/><V17/><F115/><W96/><G10/><T111/><D111/><U22/><E120/><V30/><F69/><W36/><G70/><T7/><D7/><U82/><E32/><V59/><F21/><W131/><G5/><T63/><AGARI ba="0,1" hai="46,47,54,58,63,83,84,91,92,97,99,101,102,104" machi="63" ten="20,18000,2" yaku="1,1,0,1,7,1,52,1,53,2" doraHai="77" doraHaiUra="42" who="0" fromWho="0" sc="240,190,250,-60,250,-60,250,-60" /><INIT seed="0,1,0,4,4,71" ten="430,190,190,190" oya="0" hai0="130,79,10,82,16,29,1,107,102,110,114,8,67" hai1="38,115,126,74,86,4,88,62,129,118,135,92,84" hai2="35,40,0,61,101,24,128,69,11,104,70,34,133" hai3="113,90,65,106,37,59,80,63,83,87,45,7,22"/><T117/><D114/><U127/><E118/><V100/><F128/><W124/><G113/><T44/><D117/><U76/><E115/><V125/><F125/><N who="1" m="47625" /><E129/><V121/><F133/><W28/><G106/><T66/><D29/><U15/><E135/><V30/><F121/><W43/><G124/><T14/><D107/><U2/><E2/><V105/><F40/><W50/><G7/><T13/><D102/><U54/><E74/><V47/><F47/><W23/><G28/><T108/><D44/><U19/><E4/><V49/><F49/><W46/><REACH who="3" step="1"/><G83/><REACH who="3" ten="430,190,190,180" step="2"/><T96/><D130/><U52/><E62/><V60/><F30/><W91/><G91/><T3/><D82/><N who="1" m="47175" /><E38/><V131/><F61/><W111/><G111/><T42/><D110/><U78/><E78/><V98/><F60/><W33/><G33/><T95/><D79/><U72/><E72/><V51/><F35/><W18/><G18/><T93/><D16/><U75/><E75/><V112/><F34/><W134/><G134/><T12/><D108/><U89/><E89/><V120/><F112/><W116/><G116/><T109/><D109/><U53/><E19/><V39/><F39/><W132/><G132/><T5/><D5/><U85/><E15/><V119/><F119/><W64/><G64/><T55/><D14/><U77/><E77/><V94/><F131/><W27/><G27/><T6/><D6/><U9/><E9/><V97/><F11/><W36/><G36/><T17/><D10/><U32/><E32/><V58/><F24/><W26/><G26/><T41/><D8/><U68/><E68/><RYUUKYOKU ba="1,1" sc="430,-15,190,15,190,-15,180,15" hai1="52,53,54,85,86,88,92" hai3="22,23,37,43,45,46,50,59,63,65,80,87,90" /><INIT seed="1,2,1,0,4,125" ten="415,205,175,195" oya="1" hai0="61,67,43,65,74,60,86,15,114,42,39,55,104" hai1="6,71,24,34,18,131,95,62,101,121,11,47,91" hai2="22,1,64,57,73,72,41,134,108,105,3,5,8" hai3="103,13,48,63,76,117,97,133,80,88,7,129,83"/><U49/><E121/><V50/><F105/><W122/><G133/><T85/><D74/><U45/><E101/><V53/><F134/><W14/><G122/><T69/><D104/><U23/><E34/><V56/><F108/><W59/><G129/><T70/><D114/><U109/><E131/><V126/><F126/><W54/><G117/><T52/><D15/><N who="3" m="5641" /><G7/><T12/><D12/><U38/><E38/><AGARI ba="2,1" hai="38,39,42,43,52,55,60,61,65,67,69,70,85,86" machi="38" ten="25,3200,0" yaku="22,2,54,1" doraHai="125" who="0" fromWho="1" sc="415,48,205,-38,175,0,195,0" /><INIT seed="2,0,0,4,3,130" ten="463,167,175,195" oya="2" hai0="26,62,122,11,61,30,35,2,99,118,111,114,93" hai1="43,134,131,22,129,24,133,41,7,57,8,94,45" hai2="105,39,115,55,31,19,126,18,23,9,16,27,51" hai3="38,132,112,4,49,110,32,71,78,106,124,100,63"/><V21/><F115/><W29/><G110/><T74/><D111/><U97/><E57/><V17/><F126/><W68/><G4/><T34/><D74/><U107/><E107/><V108/><F108/><W116/><G38/><T25/><D122/><U59/><E59/><V79/><F39/><W70/><G116/><T103/><D114/><U88/><E22/><V96/><F79/><W119/><G119/><T102/><D102/><U66/><E66/><V64/><F64/><N who="3" m="40991" /><G124/><T89/><D103/><U121/><E24/><V117/><F117/><W113/><G78/><T13/><D2/><N who="1" m="119" /><E121/><V1/><F96/><N who="3" m="61703" /><G49/><T5/><D118/><U69/><E69/><N who="3" m="26122" /><G132/><N who="1" m="50794" /><E43/><V10/><F105/><W123/><G123/><T37/><D25/><AGARI ba="0,0" hai="25,29,32,112,113" m="26122,61703,40991" machi="25" ten="30,2000,0" yaku="25,1,23,1" doraHai="130" who="3" fromWho="0" sc="463,-20,167,0,175,0,195,20" /><INIT seed="3,0,0,3,3,117" ten="443,167,175,215" oya="3" hai0="23,96,92,24,104,30,111,101,73,22,61,1,126" hai1="124,58,86,39,60,65,90,69,29,87,80,70,47" hai2="25,131,45,133,132,122,2,31,67,71,120,27,48" hai3="64,57,83,121,75,68,113,4,7,35,38,79,11"/><W54/><G121/><N who="2" m="46697" /><F131/><W119/><G38/><T110/><D126/><U52/><E124/><V129/><F129/><W21/><G35/><T34/><D73/><U82/><E29/><V76/><F2/><W5/><G113/><T43/><D1/><U32/><E32/><N who="2" m="20591" /><F76/><W88/><G119/><T59/><D43/><U98/><E98/><V103/><F103/><W62/><G21/><T49/><D49/><U16/><E16/><V85/><F85/><W51/><REACH who="3" step="1"/><G88/><REACH who="3" ten="443,167,175,205" step="2"/><T18/><D23/><U41/><E65/><V63/><F27/><W12/><AGARI ba="0,1" hai="4,5,7,11,12,51,54,57,62,64,68,75,79,83" machi="12" ten="20,7800,0" yaku="1,1,2,1,0,1,7,1,53,0" doraHai="117" doraHaiUra="115" who="3" fromWho="3" sc="443,-26,167,-26,175,-26,205,88" /><INIT seed="3,1,0,2,1,129" ten="417,141,149,293" oya="3" hai0="95,125,93,3,126,6,45,122,102,52,134,23,17" hai1="91,18,8,97,44,67,38,62,21,50,34,80,59" hai2="30,76,119,68,65,51,28,15,132,110,83,19,73" hai3="48,115,54,64,22,9,77,72,58,57,127,41,79"/><W13/><G115/><T100/><D134/><U20/><E34/><V25/><F119/><W101/><G127/><N who="0" m="48651" /><D122/><U114/><E38/><V130/><F130/><W69/><G69/><T82/><D82/><U7/><E114/><V24/><F110/><W103/><G41/><T107/><D6/><U75/><E75/><V85/><F73/><W109/><G22/><T46/><D3/><U92/><E80/><V117/><F132/><W98/><G109/><T1/><D1/><U37/><E37/><V56/><F68/><W16/><G72/><T31/><D31/><N who="2" m="11818" /><F117/><W104/><REACH who="3" step="1"/><G103/><REACH who="3" ten="417,141,149,283" step="2"/><T36/><D100/><U66/><E20/><N who="2" m="11391" /><F65/><W123/><G123/><T4/><D23/><U70/><E70/><V10/><F10/><W112/><G112/><T84/><D102/><U87/><E67/><V63/><F25/><W14/><G14/><T111/><D111/><U133/><E133/><V39/><F24/><W40/><G40/><T131/><D131/><U5/><E8/><V61/><F39/><W32/><G32/><T11/><D36/><U74/><E74/><V60/><F56/><W47/><G47/><T26/><D46/><U88/><E44/><V55/><F55/><W128/><G128/><T81/><D52/><U49/><E49/><AGARI ba="1,1" hai="49,51,60,61,63,76,83,85" m="11391,11818" machi="49" ten="30,1000,0" yaku="8,1" doraHai="129" who="2" fromWho="1" sc="417,0,141,-13,149,23,283,0" owari="417,51.7,128,-37.2,172,-22.8,283,8.3" /></mjloggm>