<mjloggm ver="2.3"><GO type="225" lobby="0"/><UN n0="%54%4F%52" n1="%62%65%74%74%79" n2="%E3%83%AD%E3%83%83%E3%83%86%E9%9B%80%E7%90%83" n3="%E3%81%8A%E3%81%8B%E3%81%8F%E3%82%89" dan="17,16,17,16" rate="2258.39,2143.45,2274.45,2067.53" sx="M,M,M,M"/><TAIKYOKU oya="0"/><INIT seed="0,0,0,0,4,110" ten="250,250,250,250" oya="0" hai0="53,15,130,126,16,106,61,25,76,41,99,54,8" hai1="134,68,69,7,79,125,28,2,121,20,102,34,100" hai2="40,128,10,19,112,93,82,37,59,75,4,60,14" hai3="58,21,131,9,84,23,35,3,89,52,64,127,92"/><T63/><D130/><U55/><E121/><V45/><F128/><W80/><G131/><T11/><D126/><U49/><E125/><V30/><F30/><W83/><G35/><T133/><D133/><U12/><E79/><V90/><F75/><W65/><G3/><T88/><D76/><U73/><E73/><V29/><F29/><W94/><G9/><T77/><D77/><U32/><E134/><V78/><F82/><N who="3" m="31275" /><G94/><N who="0" m="56775" /><D106/><U48/><E28/><V51/><F78/><W18/><G127/><T122/><D122/><U135/><E2/><V103/><F103/><W97/><G23/><N who="0" m="13543" /><D41/><U105/><E105/><V31/><F112/><W85/><G85/><T74/><D74/><U22/><E135/><V44/><F31/><W36/><G36/><T123/><D123/><U66/><E69/><V114/><F114/><W56/><G84/><T111/><D111/><U1/><E68/><V87/><F37/><W47/><G97/><T113/><D113/><U116/><E34/><V129/><F129/><W81/><G81/><T26/><D26/><U42/><E32/><V50/><F40/><W96/><G96/><T6/><D11/><U104/><E42/><V101/><F101/><W24/><G92/><T17/><D6/><U124/><E7/><V67/><F4/><W118/><G89/><T39/><D39/><U91/><E124/><V27/><F27/><W115/><G115/><T43/><D43/><U109/><E109/><V132/><F132/><W98/><G98/><T107/><D107/><U46/><E104/><V86/><F86/><W5/><G5/><T117/><D117/><RYUUKYOKU ba="0,0" sc="250,15,250,-15,250,15,250,-15" hai0="8,15,17,53,54,61,63" hai2="10,14,19,44,45,50,51,59,60,67,87,90,93" /><INIT seed="0,1,0,1,3,4" ten="265,235,265,235" oya="0" hai0="121,67,128,96,48,131,63,5,44,103,106,69,109" hai1="99,86,20,74,32,10,1,76,79,116,133,37,6" hai2="43,127,110,101,78,50,47,98,35,104,130,36,73" hai3="53,41,38,89,113,84,2,17,82,65,9,31,51"/><T45/><D121/><U102/><E116/><V54/><F110/><W111/><G111/><T97/><D109/><U40/><E32/><V46/><F35/><W11/><G113/><T25/><D5/><U134/><E86/><V55/><F127/><W129/><G2/><T80/><D80/><N who="1" m="45079" /><E79/><V118/><F118/><W12/><G129/><N who="0" m="49739" /><D48/><U88/><E20/><V14/><F130/><W33/><G65/><T59/><D59/><U114/><E114/><V123/><F123/><W30/><G33/><T19/><D96/><U61/><E61/><V56/><F78/><W64/><G64/><T29/><D19/><U87/><E40/><V75/><F14/><N who="3" m="7375" /><G41/><T34/><AGARI ba="1,0" hai="25,29,34,44,45,63,67,69,97,103,106" m="49739" machi="34" ten="30,3000,0" yaku="25,1,19,1" doraHai="4" who="0" fromWho="0" sc="265,33,235,-11,265,-11,235,-11" /><INIT seed="0,2,0,0,4,101" ten="298,224,254,224" oya="0" hai0="37,73,129,0,126,25,5,54,23,87,3,16,8" hai1="128,107,71,117,30,24,49,7,84,118,34,57,74" hai2="6,80,20,102,86,97,41,19,18,40,122,44,116" hai3="90,135,83,124,123,35,2,93,13,109,111,108,70"/><T38/><D73/><U130/><E74/><V47/><F122/><W50/><G70/><T62/><D129/><N who="1" m="49771" /><E71/><V66/><F116/><N who="1" m="44649" /><E7/><V121/><F121/><W75/><G2/><T59/><D126/><U103/><E84/><V100/><F66/><W92/><G35/><T96/><D0/><U61/><E49/><V1/><F6/><W113/><G50/><T36/><D87/><U55/><E103/><V79/><F1/><W120/><G75/><T10/><D10/><U65/><E65/><V14/><F19/><W58/><G120/><T22/><D22/><U106/><AGARI ba="2,0" hai="24,30,34,55,57,61,106,107" m="44649,49771" machi="106" ten="40,5200,0" yaku="19,1,52,2" doraHai="101" who="1" fromWho="1" sc="298,-28,224,58,254,-15,224,-15" /><INIT seed="1,0,0,3,2,13" ten="270,282,239,209" oya="1" hai0="100,129,130,104,80,6,28,15,3,106,131,97,16" hai1="103,12,31,121,114,92,60,134,108,19,109,35,105" hai2="73,96,4,98,71,69,11,30,10,110,122,74,77" hai3="56,117,78,45,120,2,62,112,90,72,88,51,1"/><U25/><E114/><V37/><F122/><W59/><G120/><T23/><D28/><U93/><E121/><V57/><F30/><W83/><G112/><T94/><REACH who="0" step="1"/><D80/><REACH who="0" ten="260,282,239,209" step="2"/><U70/><E134/><V50/><F110/><W89/><G117/><T65/><D65/><N who="1" m="41255" /><E109/><V128/><F71/><W102/><G102/><T124/><D124/><U52/><E108/><V53/><F69/><W44/><G44/><T107/><D107/><U133/><E133/><V67/><F67/><W125/><G125/><T113/><D113/><U48/><E103/><V47/><F47/><W38/><G56/><T42/><D42/><U18/><E105/><V63/><F57/><W32/><G32/><T87/><D87/><U14/><E93/><V20/><F74/><W34/><G34/><T17/><D17/><U54/><E92/><V84/><F73/><W66/><REACH who="3" step="1"/><G38/><REACH who="3" ten="260,282,239,199" step="2"/><T43/><D43/><AGARI ba="0,2" hai="1,2,43,45,51,59,62,66,72,78,83,88,89,90" machi="43" ten="40,8000,1" yaku="1,1,2,1,54,1,53,1" doraHai="13" doraHaiUra="46" who="3" fromWho="0" sc="260,-80,282,0,239,0,199,100" /><INIT seed="2,0,0,5,1,52" ten="180,282,239,299" oya="2" hai0="87,8,118,35,129,130,36,21,61,132,16,28,133" hai1="93,43,51,42,110,54,3,116,34,20,96,80,17" hai2="37,79,70,114,53,89,29,90,91,7,82,119,77" hai3="99,88,24,74,117,73,15,115,27,101,25,113,95"/><V56/><F119/><W48/><G117/><T66/><D36/><U60/><E34/><V71/><F114/><N who="3" m="43531" /><G15/><N who="0" m="9375" /><D118/><U92/><E3/><V135/><F135/><N who="0" m="51786" /><D87/><U31/><E31/><V67/><F29/><W81/><G48/><T13/><D61/><U112/><E110/><V32/><F32/><W85/><AGARI ba="0,0" hai="24,25,27,73,74,81,85,88,95,99,101" m="43531" machi="85" ten="40,2700,0" yaku="11,1,54,1" doraHai="52" who="3" fromWho="3" sc="180,-7,282,-7,239,-13,299,27" /><INIT seed="3,0,0,3,5,120" ten="173,275,226,326" oya="3" hai0="68,87,128,52,17,67,51,112,49,72,36,7,41" hai1="98,99,134,4,135,25,11,2,6,32,63,113,94" hai2="118,48,83,129,127,0,29,104,93,39,122,54,86" hai3="59,34,14,105,131,18,78,111,1,109,108,114,31"/><W69/><G69/><T66/><D72/><U97/><E113/><V96/><F39/><W24/><G114/><T58/><D112/><U8/><E63/><V30/><F0/><W28/><G1/><T55/><D7/><U15/><E94/><V124/><F104/><W117/><G105/><T115/><D115/><U10/><E10/><V21/><F129/><W22/><G78/><T74/><D74/><U27/><E32/><V26/><F118/><W80/><G80/><T35/><D35/><U125/><E125/><V13/><F13/><W75/><G75/><T81/><D128/><U85/><E85/><V77/><F122/><W79/><G79/><T123/><D123/><U46/><E46/><V20/><F20/><W133/><G31/><T119/><D119/><U121/><E121/><V107/><F107/><W12/><G131/><T33/><D33/><U84/><E84/><V89/><F30/><W126/><G117/><T132/><D132/><AGARI ba="0,0" hai="2,4,6,8,11,15,25,27,97,98,99,132,134,135" machi="132" ten="40,1300,0" yaku="20,1" doraHai="120" who="1" fromWho="0" sc="173,-13,275,13,226,0,326,0" owari="160,-34.0,288,8.8,226,-17.4,326,42.6" /></mjloggm>