<mjloggm ver="2.3"><GO type="225" lobby="0"/><UN n0="%E6%A0%B9%E5%85%83%E3%81%8B%E3%82%89%E5%90%B9%E3%81%A3%E9%A3%9B%E3%81%B6" n1="%E3%83%B4%E3%83%A0%EF%BC%99%E3%81%A6" n2="%6D%75%75%6D%75%72%61" n3="%72%69%6F%75%63%68%61%6E" dan="17,17,17,17" rate="2216.00,2169.75,2136.37,2273.36" sx="F,M,F,M"/><TAIKYOKU oya="0"/><INIT seed="0,0,0,1,0,3" ten="250,250,250,250" oya="0" hai0="37,119,88,64,79,80,24,31,59,12,27,117,103" hai1="100,48,82,92,41,15,57,55,128,19,23,123,77" hai2="120,56,28,2,40,62,74,26,104,78,81,114,34" hai3="68,0,49,7,63,121,46,71,30,102,67,54,47"/><T5/><D37/><U109/><E109/><V133/><F120/><W61/><G30/><T25/><D31/><U134/><E123/><V10/><F133/><W6/><G121/><T44/><D44/><U69/><E134/><V118/><F104/><W8/><G102/><T70/><D70/><U98/><E69/><V9/><F114/><W83/><G83/><T52/><D64/><U60/><E128/><V124/><F124/><W14/><G46/><T65/><D65/><U126/><E126/><V84/><F118/><W72/><G61/><T135/><D135/><U18/><E18/><V110/><F110/><W36/><G72/><T99/><D79/><U101/><E101/><V45/><F74/><W16/><G71/><T107/><D12/><U122/><E122/><V38/><REACH who="2" step="1"/><F2/><REACH who="2" ten="250,250,240,250" step="2"/><W33/><G33/><T43/><D119/><U22/><E41/><V116/><F116/><W113/><G113/><T20/><D43/><U21/><E48/><V50/><F50/><W95/><G0/><T86/><D117/><U97/><E97/><V129/><F129/><W39/><REACH who="3" step="1"/><G95/><REACH who="3" ten="250,250,240,240" step="2"/><T106/><D106/><U76/><E82/><V66/><AGARI ba="0,2" hai="9,10,26,28,34,38,40,45,56,62,66,78,81,84" machi="66" ten="20,2700,0" yaku="1,1,0,1,7,1,53,0" doraHai="3" doraHaiUra="35" who="2" fromWho="2" sc="250,-13,250,-7,240,47,240,-7" /><INIT seed="1,0,0,3,3,10" ten="237,243,287,233" oya="1" hai0="92,91,42,86,97,3,80,117,111,17,4,125,96" hai1="65,7,100,134,20,72,61,87,13,118,69,116,14" hai2="67,109,51,84,83,62,55,75,52,22,121,64,104" hai3="48,15,122,79,95,35,45,59,2,131,27,50,58"/><U103/><E72/><V63/><F121/><W82/><G122/><T89/><D111/><U32/><E32/><V12/><F75/><W19/><G2/><T107/><D117/><U0/><E0/><V106/><F109/><W56/><G131/><T115/><D115/><U78/><E134/><V31/><F104/><W81/><G95/><T88/><D125/><U135/><E135/><V28/><F106/><W132/><G132/><T1/><D42/><U37/><E37/><V114/><F114/><W94/><G94/><T102/><D17/><N who="1" m="10287" /><E116/><V8/><F63/><W40/><G50/><T6/><D1/><U60/><E69/><V130/><F130/><W54/><G40/><T77/><D3/><U46/><E46/><V57/><F22/><W126/><G126/><T105/><D4/><U127/><E118/><V133/><F133/><W119/><G119/><T99/><D6/><U21/><E127/><V25/><F25/><W74/><G82/><T68/><D68/><U34/><E34/><V30/><F55/><W9/><REACH who="3" step="1"/><G45/><REACH who="3" ten="237,243,287,223" step="2"/><T71/><D71/><U24/><E60/><V110/><F62/><W49/><G49/><T129/><D129/><U38/><E38/><V11/><F110/><W85/><G85/><T113/><D113/><U70/><E70/><V128/><F128/><W98/><G98/><AGARI ba="0,1" hai="77,80,86,88,89,91,92,96,97,98,99,102,105,107" machi="98" ten="40,12000,2" yaku="35,6,54,1" doraHai="10" who="0" fromWho="3" sc="237,130,243,0,287,0,223,-120" /><INIT seed="2,0,0,4,3,87" ten="367,243,287,103" oya="2" hai0="26,92,17,15,110,85,47,93,62,70,40,16,120" hai1="8,56,105,27,89,57,119,122,97,55,19,51,10" hai2="3,53,126,117,29,132,107,20,66,114,121,45,127" hai3="100,108,1,61,46,52,124,67,94,31,86,30,59"/><V58/><F114/><W95/><G108/><T50/><D120/><U21/><E119/><V99/><F117/><W54/><G1/><T118/><D110/><U36/><E36/><V71/><F121/><W24/><G124/><T104/><D104/><U14/><E122/><V32/><F32/><W23/><G31/><T39/><D118/><U91/><E105/><V73/><F73/><W68/><G68/><T96/><D70/><U103/><E103/><V42/><F3/><W11/><G11/><N who="0" m="6271" /><D39/><U76/><E76/><V125/><F132/><W84/><G46/><T33/><D33/><U37/><E37/><V123/><F123/><W5/><G5/><T129/><D129/><U82/><E82/><V65/><F71/><W102/><G95/><T4/><D85/><U25/><E97/><V135/><F135/><W43/><G43/><T115/><D92/><U133/><E133/><V60/><F20/><W111/><G111/><T63/><D4/><N who="1" m="3335" /><E10/><V35/><F29/><W49/><G54/><T109/><D115/><U18/><E56/><V81/><F35/><W28/><G28/><T79/><D79/><U130/><E130/><V41/><F81/><W101/><REACH who="3" step="1"/><G94/><REACH who="3" ten="367,243,287,93" step="2"/><T64/><D109/><U90/><E18/><V34/><F41/><W6/><G6/><T116/><D116/><U131/><E131/><V44/><F44/><W69/><AGARI ba="0,1" hai="23,24,30,49,52,59,61,67,69,84,86,100,101,102" machi="69" ten="30,4000,0" yaku="1,1,0,1,54,1,53,0" doraHai="87" doraHaiUra="72" who="3" fromWho="3" sc="367,-10,243,-10,287,-20,93,50" /><INIT seed="3,0,0,1,2,68" ten="357,233,267,143" oya="3" hai0="75,4,93,134,18,87,74,69,17,3,114,25,131" hai1="127,30,101,76,42,58,14,12,79,36,13,82,31" hai2="64,120,70,118,130,99,92,49,122,110,80,102,23" hai3="7,32,73,84,11,105,55,45,83,16,116,117,91"/><W47/><G105/><T86/><D69/><U97/><E127/><V38/><F110/><W121/><G121/><T56/><D3/><U62/><E42/><V81/><F118/><W61/><G32/><T53/><D4/><U43/><E43/><V51/><F38/><W20/><G73/><T90/><D131/><U67/><E36/><V24/><F130/><W6/><G6/><T5/><D5/><U94/><REACH who="1" step="1"/><E76/><REACH who="1" ten="357,223,267,143" step="2"/><V72/><F120/><W103/><G103/><T48/><D114/><U66/><E66/><V50/><F122/><W126/><G126/><T77/><D77/><U59/><E59/><V40/><F40/><W85/><G117/><T135/><D56/><U22/><E22/><V88/><F72/><AGARI ba="0,1" hai="12,13,14,30,31,58,62,67,72,79,82,94,97,101" machi="72" ten="40,2600,0" yaku="1,1,53,1" doraHai="68" doraHaiUra="95" who="1" fromWho="2" sc="357,0,223,36,267,-26,143,0" owari="357,45.7,259,5.9,241,-15.9,143,-35.7" /></mjloggm>