<mjloggm ver="2.3"><GO type="225" lobby="0"/><UN n0="%E4%BA%95%E5%B8%AF" n1="%E3%83%A9%E3%83%BC%E3%83%A1%E3%83%B3%E4%BA%94%E9%83%8E" n2="%E3%81%B5%E3%81%98%E3%81%8B%E3%81%A4" n3="%E5%8D%A0%E3%81%84%E5%B8%AB%E8%A3%8F%E3%81%AA%E3%81%84%E3%81%97" dan="16,16,16,16" rate="2071.98,2036.89,2199.34,2174.38" sx="M,M,M,M"/><TAIKYOKU oya="0"/><INIT seed="0,0,0,5,1,134" ten="250,250,250,250" oya="0" hai0="13,129,62,47,9,104,6,68,52,23,43,65,15" hai1="97,7,94,107,18,10,130,81,88,120,41,116,60" hai2="127,54,100,37,102,59,51,118,70,108,75,111,128" hai3="12,86,106,110,133,2,89,73,17,1,42,80,48"/><T112/><D112/><U122/><E116/><V105/><F75/><W26/><G133/><T131/><D104/><U126/><E130/><N who="0" m="49673" /><D23/><U90/><E107/><V38/><F128/><W74/><G110/><N who="2" m="42025" /><F105/><W19/><G106/><T92/><D92/><U96/><E18/><V101/><F118/><W50/><G73/><T5/><D52/><U95/><E41/><V99/><F70/><W82/><G42/><T125/><D125/><U69/><E126/><V76/><F76/><W61/><G61/><T124/><D124/><U30/><E30/><V40/><F127/><W55/><G74/><T28/><D28/><U119/><E119/><V132/><F132/><W77/><G77/><T11/><D43/><U49/><E49/><N who="2" m="31183" /><F99/><W32/><G48/><T103/><D103/><U33/><E33/><V113/><F113/><W71/><G32/><T27/><D27/><U3/><REACH who="1" step="1"/><E81/><REACH who="1" ten="250,240,250,250" step="2"/><V14/><F40/><W53/><G82/><T16/><D47/><U67/><AGARI ba="0,1" hai="3,7,10,60,67,69,88,90,94,95,96,97,120,122" machi="67" ten="30,12000,2" yaku="1,1,2,1,0,1,9,1,54,1,53,2" doraHai="134" doraHaiUra="84" who="1" fromWho="1" sc="250,-60,240,130,250,-30,250,-30" /><INIT seed="1,0,0,2,5,77" ten="190,370,220,220" oya="1" hai0="65,48,16,111,24,1,73,126,88,9,50,128,45" hai1="38,63,2,57,80,54,56,66,26,27,49,74,34" hai2="59,25,110,98,85,127,78,112,104,125,102,91,95" hai3="39,130,23,13,97,17,106,76,60,92,33,31,14"/><U64/><E38/><V0/><F0/><W93/><G130/><T67/><D128/><U117/><E117/><V94/><F25/><W18/><G39/><T70/><D111/><U68/><E2/><V11/><F11/><W19/><G33/><T108/><D108/><U116/><E116/><V4/><F4/><W32/><G32/><T7/><D126/><N who="2" m="48138" /><F110/><W134/><G134/><T20/><D73/><U100/><E34/><V47/><F47/><W79/><G106/><T53/><D70/><U131/><E131/><V30/><F30/><W44/><G92/><T118/><D118/><U58/><E68/><V107/><F59/><W61/><G44/><T41/><REACH who="0" step="1"/><D88/><REACH who="0" ten="180,370,220,220" step="2"/><U86/><E74/><V109/><F109/><W55/><G97/><T35/><D35/><U12/><E100/><N who="2" m="60511" /><F112/><W83/><G23/><T81/><D81/><U6/><E80/><N who="2" m="47255" /><F102/><W96/><G83/><T105/><D105/><U84/><E26/><V89/><F89/><W37/><G96/><AGARI ba="0,1" hai="91,94,96,104,107" m="47255,60511,48138" machi="96" ten="30,7700,0" yaku="18,1,34,2,52,1" doraHai="77" who="2" fromWho="3" sc="180,0,370,0,220,87,220,-77" /><INIT seed="2,0,0,1,4,71" ten="180,370,307,143" oya="2" hai0="92,13,104,30,135,113,83,52,40,41,80,66,4" hai1="65,1,127,49,112,76,105,114,128,72,75,119,42" hai2="69,59,108,97,54,111,121,6,79,109,86,11,22" hai3="89,102,110,50,125,10,93,133,16,122,43,47,7"/><V36/><F121/><W99/><G110/><T18/><D104/><U17/><E119/><V35/><F35/><W45/><G125/><T31/><D113/><U67/><E105/><V70/><F97/><W100/><G133/><T2/><D66/><U61/><E1/><V9/><F22/><W88/><G122/><T87/><D2/><U53/><E128/><V25/><F25/><W123/><G123/><T34/><D4/><U51/><E127/><V60/><F36/><W68/><G68/><T74/><D74/><U96/><E96/><V94/><F11/><W126/><G126/><T107/><D107/><U64/><E17/><V19/><F19/><W46/><G89/><N who="0" m="53311" /><D52/><U120/><E76/><V95/><F95/><W91/><G91/><T84/><D34/><U73/><E120/><V130/><F130/><W77/><G77/><N who="0" m="46095" /><D83/><U33/><E33/><V106/><F106/><W62/><G62/><T0/><D0/><U78/><E78/><V58/><F58/><W132/><G132/><T85/><D85/><U26/><E26/><V12/><REACH who="2" step="1"/><F94/><REACH who="2" ten="180,370,297,143" step="2"/><W48/><G7/><T44/><D135/><U29/><E112/><V8/><F8/><W118/><G118/><T21/><D44/><U20/><E20/><V15/><F15/><N who="3" m="7287" /><G46/><T90/><D13/><U5/><E114/><V37/><F37/><W116/><G116/><T28/><D18/><U23/><E23/><V27/><F27/><W63/><G63/><T3/><D21/><U57/><E57/><V24/><F24/><W134/><G134/><T82/><D3/><U14/><E14/><V124/><F124/><RYUUKYOKU ba="0,1" sc="180,10,370,-30,297,10,143,10" hai0="28,30,31,40,41,82,90" hai2="6,9,12,54,59,60,69,70,79,86,108,109,111" hai3="43,45,47,48,50,88,93,99,100,102" /><INIT seed="2,1,1,4,0,77" ten="190,340,307,153" oya="2" hai0="97,39,54,129,48,13,83,132,37,41,17,35,5" hai1="103,32,130,94,112,12,93,67,28,73,88,76,95" hai2="98,55,43,128,36,52,51,72,90,62,121,53,115" hai3="109,0,29,105,42,79,26,123,47,71,10,89,125"/><V75/><F121/><W64/><G123/><T122/><D122/><U108/><E112/><V127/><F115/><W25/><G109/><T23/><D129/><U113/><E113/><V63/><F128/><W49/><G125/><T7/><D132/><U85/><E130/><V101/><F127/><W91/><G26/><T100/><D35/><U61/><E108/><V50/><F90/><W87/><G105/><T70/><D70/><U30/><E12/><V66/><F63/><W107/><G107/><T65/><D65/><U1/><E1/><V111/><F111/><W57/><G71/><T59/><D41/><U14/><E14/><V11/><F11/><W19/><G64/><T15/><D83/><N who="1" m="45455" /><E32/><V106/><F36/><W84/><G57/><T45/><D45/><U22/><E22/><V3/><F3/><W56/><G56/><T92/><REACH who="0" step="1"/><D15/><REACH who="0" ten="180,340,307,153" step="2"/><U99/><E67/><V116/><F43/><W60/><G0/><T126/><D126/><U38/><E38/><AGARI ba="1,2" hai="5,7,13,17,23,37,38,39,48,54,59,92,97,100" machi="38" ten="40,1300,0" yaku="1,1,53,0" doraHai="77" doraHaiUra="31" who="0" fromWho="1" sc="180,36,340,-16,307,0,153,0" /><INIT seed="3,0,0,5,2,121" ten="216,324,307,153" oya="3" hai0="72,134,77,120,17,111,99,94,107,123,126,22,71" hai1="110,54,30,5,16,39,41,18,36,98,43,53,96" hai2="29,128,21,88,50,105,82,46,84,13,108,25,56" hai3="87,127,48,119,67,102,59,38,133,20,130,113,52"/><W31/><G113/><T132/><D71/><U76/><E76/><V4/><F108/><W64/><G119/><T24/><D107/><U118/><E5/><V40/><F105/><W32/><G32/><T83/><D111/><U0/><E110/><V15/><F128/><W51/><G38/><T115/><D115/><U90/><E90/><V12/><F56/><W124/><G130/><T33/><D33/><U34/><E34/><V11/><AGARI ba="0,0" hai="4,11,12,13,15,21,25,29,40,46,50,82,84,88" machi="11" ten="30,4000,0" yaku="0,1,8,1,54,1" doraHai="121" who="2" fromWho="2" sc="216,-10,324,-10,307,40,153,-20" owari="206,-19.4,314,11.4,347,44.7,133,-36.7" /></mjloggm>