<mjloggm ver="2.3"><GO type="225" lobby="0"/><UN n0="%E3%82%BC%E3%83%AB%E3%83%80%E3%81%AE%E4%BC%9D%E8%AA%AC" n1="%E3%83%B4%E3%82%A3%E3%83%AF%E3%82%B3%E3%82%B0%E3%83%8B" n2="%E3%81%9D%E3%81%8A%E3%81%9D%E3%81%9D" n3="%E6%A0%B9%E5%85%83%E3%81%8B%E3%82%89%E5%90%B9%E3%81%A3%E9%A3%9B%E3%81%B6" dan="17,16,16,17" rate="2228.70,2178.01,2074.85,2230.23" sx="M,M,M,F"/><TAIKYOKU oya="0"/><INIT seed="0,0,0,4,5,52" ten="250,250,250,250" oya="0" hai0="77,86,57,31,58,42,126,17,90,59,48,64,96" hai1="25,27,24,56,11,94,87,97,101,88,95,71,115" hai2="93,43,72,113,51,13,34,125,119,39,105,122,116" hai3="38,112,41,4,81,9,92,121,104,82,80,74,28"/><T108/><D126/><U68/><E115/><V53/><F105/><W40/><G112/><T124/><D124/><U62/><REACH who="1" step="1"/><E11/><REACH who="1" ten="250,240,250,250" step="2"/><V12/><F113/><W10/><G9/><T83/><D108/><U0/><E0/><V47/><F125/><W6/><G10/><T3/><D3/><U63/><E63/><V67/><F119/><W61/><G121/><T110/><D110/><U20/><E20/><V98/><F116/><W79/><G81/><T49/><D31/><U35/><E35/><V33/><F122/><W107/><G80/><T66/><D17/><U44/><E44/><V19/><F33/><W84/><G82/><T75/><D75/><U129/><E129/><V117/><F34/><W114/><G74/><T5/><D5/><U2/><E2/><V89/><F72/><W37/><G4/><T102/><D77/><U133/><E133/><V55/><F117/><W130/><G79/><T23/><D23/><U73/><E73/><V135/><F135/><W120/><G6/><T30/><D30/><U85/><E85/><V54/><F67/><AGARI ba="0,1" hai="24,25,27,56,62,67,68,71,87,88,94,95,97,101" machi="67" ten="40,5200,0" yaku="1,1,52,1,54,1,53,0" doraHai="52" doraHaiUra="78" who="1" fromWho="2" sc="250,0,240,62,250,-52,250,0" /><INIT seed="1,0,0,3,3,133" ten="250,302,198,250" oya="1" hai0="5,22,118,74,110,38,68,129,120,85,99,7,69" hai1="12,78,130,62,27,81,0,4,92,122,116,91,134" hai2="89,52,111,8,112,127,43,101,100,65,79,37,41" hai3="49,36,34,32,20,54,124,97,71,1,103,121,128"/><U88/><E116/><V6/><F111/><W55/><G1/><T90/><D118/><U96/><E122/><V56/><F112/><W50/><G71/><T26/><D74/><U109/><E0/><V59/><F79/><W83/><G36/><T18/><D38/><U14/><E134/><V64/><F89/><W10/><G20/><T82/><D110/><U63/><E130/><V53/><F8/><W77/><G121/><T126/><D120/><U19/><E109/><V3/><F37/><W115/><G10/><T13/><D129/><U28/><E91/><V21/><F21/><W132/><G115/><T17/><D126/><U114/><E4/><N who="0" m="1609" /><D69/><U107/><E107/><V11/><F11/><W80/><G124/><T94/><D68/><U135/><E135/><V113/><F6/><W131/><G97/><T123/><D123/><U45/><E114/><V33/><F113/><W35/><G132/><T104/><D104/><U2/><E2/><V87/><F3/><W106/><G106/><T105/><D105/><U67/><E19/><V31/><F127/><W61/><G61/><T9/><D99/><U29/><E12/><V73/><F73/><W66/><G34/><T125/><D125/><U15/><E15/><V30/><REACH who="2" step="1"/><F87/><REACH who="2" ten="250,302,188,250" step="2"/><W46/><G131/><T24/><D24/><U58/><E78/><V42/><F42/><W25/><G25/><T70/><D70/><U48/><E27/><V72/><F72/><W76/><G128/><T75/><D75/><U23/><E14/><V39/><F39/><W95/><G32/><AGARI ba="0,1" hai="30,31,32,33,41,43,52,53,56,59,64,65,100,101" machi="32" ten="25,6400,0" yaku="1,1,22,2,54,1,53,0" doraHai="133" doraHaiUra="108" who="2" fromWho="3" sc="250,0,302,0,188,74,250,-64" /><INIT seed="2,0,0,4,5,19" ten="250,302,262,186" oya="2" hai0="96,5,93,114,34,78,43,62,3,29,117,95,60" hai1="89,41,79,15,22,32,44,90,56,51,9,119,31" hai2="113,59,8,73,105,38,82,104,98,25,88,99,125" hai3="67,11,40,24,57,49,130,0,16,1,77,30,74"/><V75/><F113/><W50/><G130/><T18/><D114/><U87/><E32/><V63/><F38/><W53/><G74/><T91/><D117/><U112/><E112/><V123/><F123/><W23/><G77/><T128/><D128/><U102/><E119/><V48/><F48/><W108/><G108/><T4/><D78/><U10/><E102/><V47/><F47/><W20/><G67/><T84/><D3/><U61/><E79/><V85/><F125/><W68/><G68/><T52/><D43/><U76/><E76/><V26/><F75/><W17/><G11/><T65/><D34/><U21/><E90/><V72/><F73/><W110/><G110/><T7/><D29/><U13/><E9/><V111/><F72/><W132/><G132/><T133/><D133/><U55/><E31/><V28/><F25/><W92/><G92/><T122/><D122/><U81/><E13/><V118/><F118/><W45/><G30/><T35/><D35/><U83/><E81/><V106/><F8/><W126/><G126/><T66/><D18/><AGARI ba="0,0" hai="10,15,18,21,22,41,44,51,55,56,61,83,87,89" machi="18" ten="30,7700,0" yaku="7,1,8,1,52,2" doraHai="19" who="1" fromWho="0" sc="250,-77,302,77,262,0,186,0" /><INIT seed="3,0,0,3,3,135" ten="173,379,262,186" oya="3" hai0="73,36,68,21,2,25,81,108,119,70,84,6,97" hai1="62,50,30,18,131,39,0,107,132,67,134,46,94" hai2="72,33,60,102,66,15,37,11,105,35,5,43,96" hai3="56,117,55,41,45,77,80,122,87,89,28,34,9"/><W54/><G117/><T53/><D119/><U14/><E107/><V99/><F72/><W91/><G122/><T71/><D108/><U83/><E39/><V124/><F124/><W26/><G9/><T109/><D109/><U29/><E83/><V19/><F99/><W115/><G115/><T127/><D127/><U75/><E94/><V98/><F98/><W126/><G55/><T27/><D36/><U123/><E75/><V106/><F105/><W65/><G65/><T52/><D73/><U82/><E82/><V79/><F79/><W58/><G58/><T92/><D6/><U63/><E131/><V103/><F103/><W100/><G100/><T4/><D4/><U110/><E0/><V12/><F43/><W42/><G42/><T101/><D2/><U133/><E62/><V59/><F37/><W44/><G44/><T76/><REACH who="0" step="1"/><D27/><REACH who="0" ten="163,379,262,186" step="2"/><U129/><E110/><V64/><F5/><W85/><G126/><T1/><D1/><U120/><E120/><V8/><F15/><W7/><G7/><T61/><D61/><U118/><E118/><V16/><F12/><W113/><G113/><T90/><D90/><U112/><E123/><V95/><F60/><N who="3" m="35863" /><G87/><T22/><D22/><N who="1" m="11607" /><E112/><V17/><F35/><W78/><G89/><T69/><N who="0" m="17408" /><DORA hai="3" /><T10/><D10/><U130/><E63/><V114/><F33/><W40/><G40/><T49/><D49/><U57/><E133/><V51/><F51/><N who="3" m="27055" /><G91/><T32/><D32/><U74/><E134/><V88/><F88/><W93/><G78/><T23/><D23/><U24/><E132/><V31/><F8/><RYUUKYOKU ba="0,1" sc="163,15,379,-15,262,-15,186,15" hai0="21,25,52,53,76,81,84,92,97,101" hai3="26,28,34,77,80,85,93" /><INIT seed="3,1,1,1,4,48" ten="178,364,247,201" oya="3" hai0="74,27,127,91,51,32,85,132,41,98,113,104,64" hai1="99,61,10,125,128,37,93,62,67,84,7,54,25" hai2="90,29,28,105,1,81,87,14,130,135,15,33,3" hai3="77,17,110,52,133,0,94,2,6,31,89,124,71"/><W115/><G115/><T126/><D113/><U103/><E37/><V129/><F105/><W123/><G71/><T120/><D120/><U97/><E128/><N who="2" m="49259" /><F135/><W68/><G68/><T116/><D116/><U75/><E62/><V34/><F29/><W79/><G123/><T42/><D132/><U43/><E84/><V18/><F15/><W101/><G101/><N who="0" m="62519" /><D74/><U119/><E97/><V49/><F49/><W45/><G31/><N who="0" m="19583" /><D64/><U111/><E67/><V5/><F5/><W23/><G133/><T20/><D20/><U47/><E10/><N who="2" m="6487" /><F28/><W114/><G114/><T4/><D4/><U106/><E7/><V100/><F100/><W66/><G6/><T131/><D131/><U83/><E106/><V107/><F107/><W88/><G0/><AGARI ba="1,1" hai="0,1,3,33,34,81,87,90" m="6487,49259" machi="0" ten="30,1000,0" yaku="19,1" doraHai="48" who="2" fromWho="3" sc="178,0,364,0,247,23,201,-13" owari="178,-32.2,364,46.4,270,7.0,188,-21.2" /></mjloggm>