<mjloggm ver="2.3"><GO type="225" lobby="0"/><UN n0="%E3%81%BF%E3%81%BF%E3%81%9A" n1="%E3%81%95%E3%81%8D%E3%81%9F%E3%81%BE%E6%9E%97%E6%AA%8E" n2="%72%69%6F%75%63%68%61%6E" n3="%E6%97%A5%E6%9B%9C%E6%97%A5%E3%82%88%E3%82%8A%E3%81%AE%E4%BD%BF%E8%80%85" dan="18,16,16,16" rate="2251.96,2064.69,2187.48,2086.62" sx="M,M,M,M"/><TAIKYOKU oya="0"/><BYE who="0" /><INIT seed="0,0,0,3,3,31" ten="250,250,250,250" oya="0" hai0="78,53,106,88,92,112,45,122,59,58,49,5,50" hai1="54,14,101,51,3,16,84,36,35,89,117,63,33" hai2="57,80,79,12,56,121,130,39,26,61,108,72,103" hai3="9,28,66,60,77,27,99,40,135,43,115,21,104"/><T37/><D37/><U34/><E117/><UN n0="%E3%81%BF%E3%81%BF%E3%81%9A" /><V44/><F121/><W32/><G115/><T132/><D112/><U134/><E36/><V109/><F130/><W81/><G135/><T102/><D122/><U105/><E3/><V38/><F103/><N who="3" m="62591" /><G21/><T73/><D132/><U86/><E134/><V107/><F107/><W128/><G9/><T110/><D110/><N who="2" m="42602" /><F56/><W52/><G52/><N who="0" m="32015" /><D5/><U22/><E63/><V95/><F12/><W30/><G30/><T8/><D73/><U46/><REACH who="1" step="1"/><E89/><REACH who="1" ten="250,240,250,250" step="2"/><V124/><F39/><W64/><G128/><T41/><D78/><U75/><E75/><V69/><F38/><W62/><G62/><N who="0" m="36207" /><D106/><U10/><E10/><V119/><F119/><W111/><G111/><T23/><D8/><U100/><E100/><V17/><F61/><W71/><G66/><T113/><D113/><U68/><E68/><V85/><F69/><W91/><G91/><T47/><D102/><U133/><E133/><V76/><F79/><W129/><G129/><T6/><D6/><U93/><E93/><V83/><F95/><W126/><G126/><T94/><D94/><U74/><E74/><AGARI ba="0,1" hai="27,28,32,40,43,60,64,71,74,77,81" m="62591" machi="74" ten="30,2000,0" yaku="25,1,52,1" doraHai="31" who="3" fromWho="1" sc="250,0,240,-20,250,0,250,30" /><INIT seed="1,0,0,3,0,131" ten="250,220,250,280" oya="1" hai0="44,6,63,32,79,130,69,36,68,86,121,114,47" hai1="26,67,52,95,59,29,13,129,14,4,84,108,75" hai2="49,34,19,112,132,56,126,71,11,107,100,21,117" hai3="118,9,15,134,102,80,105,30,23,60,120,91,39"/><U74/><E129/><V66/><F117/><W104/><G39/><T78/><D130/><U135/><E135/><V99/><F126/><W2/><G2/><T116/><D32/><U103/><E67/><V109/><F109/><W92/><G120/><T55/><D6/><U1/><E1/><V77/><F112/><W87/><G118/><T35/><D35/><U0/><E0/><V113/><F113/><W50/><G60/><T106/><D114/><U31/><E31/><V43/><F132/><W46/><G134/><T12/><D12/><U125/><E125/><V40/><F34/><W41/><G102/><T73/><D86/><U38/><E38/><V54/><F11/><W22/><G92/><T128/><D63/><U64/><E64/><V88/><F77/><W85/><G85/><T119/><D128/><U33/><E108/><V20/><F20/><W61/><G61/><T53/><D36/><U111/><E111/><V124/><F71/><W62/><G62/><T10/><D10/><U42/><E42/><V98/><F124/><W127/><G127/><T72/><REACH who="0" step="1"/><D106/><REACH who="0" ten="240,220,250,280" step="2"/><U123/><E123/><AGARI ba="0,1" hai="44,47,53,55,68,69,72,73,78,79,116,119,121,123" machi="123" ten="25,6400,0" yaku="1,1,2,1,22,2,53,0" doraHai="131" doraHaiUra="18" who="0" fromWho="1" sc="240,74,220,-64,250,0,280,0" /><INIT seed="2,0,0,1,4,93" ten="314,156,250,280" oya="2" hai0="1,115,72,30,97,19,101,108,28,15,120,6,114" hai1="17,5,78,26,68,51,71,116,87,91,33,94,66" hai2="65,27,70,61,89,102,134,54,107,123,50,22,14" hai3="45,8,2,44,24,75,64,31,125,135,129,35,60"/><V130/><F123/><W16/><G75/><T37/><D120/><U42/><E116/><V83/><F130/><W41/><G129/><T18/><D72/><U133/><E133/><V121/><F134/><W29/><G135/><T10/><D37/><U96/><E5/><V103/><F121/><W98/><G125/><T119/><D119/><U127/><E127/><V118/><F118/><W23/><G31/><T126/><D126/><U40/><E33/><V34/><F34/><W73/><G73/><T69/><D69/><U95/><E78/><V76/><F14/><W55/><G55/><T81/><D81/><U122/><E122/><V3/><F3/><W62/><G98/><T104/><D108/><U43/><E51/><V117/><F117/><W63/><G64/><T67/><D18/><U56/><E56/><V110/><F110/><W82/><G82/><T92/><D67/><U111/><E111/><V79/><F89/><W131/><G131/><T88/><D115/><U80/><E66/><V106/><F103/><W52/><G52/><T11/><D114/><U20/><REACH who="1" step="1"/><E80/><REACH who="1" ten="314,146,250,280" step="2"/><V74/><F79/><W109/><G109/><T12/><D1/><U90/><AGARI ba="0,1" hai="17,20,26,40,42,43,68,71,87,90,91,94,95,96" machi="90" ten="30,7900,0" yaku="1,1,2,1,0,1,52,1,53,0" doraHai="93" doraHaiUra="113" who="1" fromWho="1" sc="314,-20,146,89,250,-39,280,-20" /><INIT seed="3,0,0,5,0,114" ten="294,235,211,260" oya="3" hai0="74,88,112,99,42,95,27,60,90,40,34,44,105" hai1="53,124,19,55,108,51,81,4,120,66,16,48,96" hai2="106,72,68,26,14,128,54,132,59,56,1,92,109" hai3="13,57,123,119,0,46,2,38,131,82,129,25,41"/><W52/><G123/><T62/><D74/><U116/><E108/><V93/><F68/><W65/><G65/><T107/><D112/><U98/><E120/><V87/><F72/><W30/><G13/><T97/><D34/><U79/><E4/><V86/><F1/><W76/><G119/><T71/><D27/><U31/><E31/><V18/><F106/><W85/><G131/><T5/><D5/><U8/><E66/><V23/><F128/><W20/><REACH who="3" step="1"/><G129/><REACH who="3" ten="294,235,211,250" step="2"/><T121/><D121/><U80/><E116/><V69/><F109/><W77/><G77/><T32/><D71/><U47/><E79/><V84/><F69/><W61/><AGARI ba="0,1" hai="0,2,20,25,30,38,41,46,52,57,61,76,82,85" machi="61" ten="20,12000,1" yaku="1,1,0,1,7,1,54,1,53,1" doraHai="114" doraHaiUra="21" who="3" fromWho="3" sc="294,-40,235,-40,211,-40,250,130" owari="254,5.4,195,-20.5,171,-32.9,380,48.0" /></mjloggm>