<mjloggm ver="2.3"><GO type="225" lobby="0"/><UN n0="%E3%83%A9%E3%83%96%E3%83%AC%E3%83%BC" n1="%6D%75%75%6D%75%72%61" n2="%E6%9A%87%E4%BA%BA%EF%BC%A0%E9%85%8D%E4%BF%A1%E5%9E%A2" n3="%E3%81%8B%E3%82%8F%E3%81%A1%E3%82%83%E3%82%93%35%38" dan="18,16,17,16" rate="2211.58,2161.60,2172.87,2153.68" sx="M,F,F,M"/><TAIKYOKU oya="0"/><INIT seed="0,0,0,1,0,38" ten="250,250,250,250" oya="0" hai0="44,81,19,113,120,70,7,72,23,1,33,104,6" hai1="87,130,11,60,111,129,77,65,102,132,27,118,85" hai2="61,122,73,107,5,117,48,74,116,135,47,49,30" hai3="14,18,91,55,121,94,124,128,115,134,86,40,22"/><T36/><D113/><U80/><E118/><N who="2" m="45675" /><F122/><W68/><G115/><T53/><D104/><U96/><E111/><V28/><F107/><W41/><G68/><T119/><D70/><U108/><E108/><V10/><F61/><W4/><G121/><T123/><D33/><U82/><E132/><V62/><F62/><W26/><G134/><T126/><D126/><U67/><E27/><V99/><F99/><W39/><G39/><T133/><D1/><U3/><E11/><V51/><F47/><W50/><G128/><N who="1" m="49258" /><E3/><N who="2" m="319" /><F135/><W131/><G131/><T112/><D112/><U110/><E60/><V127/><F127/><W13/><G124/><T71/><D71/><U76/><E110/><V24/><F28/><W125/><G125/><T109/><D72/><U92/><AGARI ba="0,0" hai="65,67,76,77,80,82,85,87,92,96,102" m="49258" machi="92" ten="30,1100,0" yaku="19,1" doraHai="38" who="1" fromWho="1" sc="250,-5,250,11,250,-3,250,-3" /><INIT seed="1,0,0,3,2,131" ten="245,261,247,247" oya="1" hai0="32,100,123,4,65,108,90,91,55,103,36,129,29" hai1="45,89,26,104,57,42,49,98,33,112,58,5,95" hai2="122,67,87,126,34,47,19,56,62,64,35,15,52" hai3="116,77,117,24,86,43,105,128,38,93,50,121,120"/><U119/><E119/><N who="3" m="45642" /><G128/><T69/><D129/><U18/><E112/><V51/><F122/><W6/><G105/><T1/><D36/><U79/><E104/><V85/><F126/><W76/><G38/><T70/><D123/><U37/><E5/><V71/><F34/><W59/><G6/><T48/><D108/><U72/><E37/><V115/><F35/><W41/><G24/><T135/><D4/><U102/><E102/><V75/><F75/><W130/><G130/><T30/><D32/><U78/><E72/><V60/><REACH who="2" step="1"/><F115/><REACH who="2" ten="245,261,237,247" step="2"/><W9/><G121/><T17/><D103/><U111/><E111/><V2/><F2/><W27/><G120/><T107/><D100/><U73/><E73/><V106/><F106/><W97/><G77/><T94/><D1/><U88/><E78/><V10/><AGARI ba="0,1" hai="10,15,19,47,51,52,56,60,62,64,67,71,85,87" machi="10" ten="20,5200,0" yaku="1,1,0,1,7,1,54,1,53,0" doraHai="131" doraHaiUra="74" who="2" fromWho="2" sc="245,-13,261,-26,237,62,247,-13" /><INIT seed="2,0,0,2,5,19" ten="232,235,299,234" oya="2" hai0="113,3,11,117,37,47,127,28,36,1,27,8,99" hai1="57,72,126,33,71,102,58,74,134,45,32,75,34" hai2="81,85,107,0,118,124,119,7,90,103,70,100,23" hai3="125,59,13,38,73,56,96,61,108,4,24,54,122"/><V6/><F70/><W64/><G122/><T35/><D113/><U78/><E71/><V95/><F107/><W18/><G73/><T105/><D127/><U110/><E126/><V131/><F124/><W9/><G125/><T44/><D105/><U88/><E110/><V62/><F131/><W79/><G38/><T115/><D115/><U12/><E134/><V106/><F106/><W87/><G108/><T77/><D117/><U42/><E78/><V51/><F62/><W22/><G96/><T86/><D99/><U68/><E102/><V94/><F0/><W111/><G111/><T39/><D86/><U135/><E68/><V98/><F118/><W40/><G40/><T130/><D77/><U30/><E30/><V52/><F119/><W76/><REACH who="3" step="1"/><G87/><REACH who="3" ten="232,235,299,224" step="2"/><T29/><D130/><U104/><E74/><V133/><F133/><W26/><G26/><T83/><D27/><U128/><E75/><V109/><F109/><W48/><AGARI ba="0,1" hai="4,9,13,18,22,24,48,54,56,59,61,64,76,79" machi="48" ten="20,8000,1" yaku="1,1,0,1,7,1,8,1,52,1,53,0" doraHai="19" doraHaiUra="93" who="3" fromWho="3" sc="232,-20,235,-20,299,-40,224,90" /><INIT seed="3,0,0,4,0,86" ten="212,215,259,314" oya="3" hai0="4,112,93,104,31,11,41,0,58,118,133,90,119" hai1="37,83,60,36,29,95,59,134,78,3,106,89,85" hai2="13,88,64,56,67,10,54,12,114,26,129,52,20" hai3="97,38,120,100,62,103,81,132,66,44,24,68,73"/><W46/><G120/><T74/><D104/><U43/><E106/><V126/><F114/><W92/><G38/><T6/><D74/><U19/><E134/><V34/><F34/><W1/><G1/><T39/><D133/><U131/><E3/><V117/><F117/><W53/><G132/><T49/><D6/><U9/><E131/><V98/><F126/><W57/><G103/><T47/><D112/><U22/><E29/><N who="2" m="17607" /><F129/><W70/><G70/><T105/><D31/><U128/><E43/><V71/><F71/><W40/><G40/><T125/><D105/><U28/><E28/><V91/><F54/><W75/><G24/><T102/><D102/><U111/><E9/><V65/><F98/><W15/><G15/><N who="2" m="5705" /><F10/><W30/><G30/><T33/><D33/><U123/><E111/><V72/><F72/><W94/><G75/><T77/><D125/><U124/><E123/><V87/><F87/><W127/><G127/><T122/><D122/><U84/><E124/><V21/><F21/><W32/><G53/><T76/><D119/><U27/><E128/><V23/><F23/><W18/><G68/><T25/><D25/><U116/><E116/><V109/><F109/><W7/><G32/><T17/><D118/><U42/><E42/><V35/><F35/><W61/><G7/><T135/><D135/><U48/><E48/><AGARI ba="0,0" hai="48,52,56,64,65,67,88,91" m="5705,17607" machi="48" ten="30,8000,1" yaku="8,1,52,2,54,2" doraHai="86" who="2" fromWho="1" sc="212,0,215,-80,259,80,314,0" owari="212,-18.8,135,-36.5,339,43.9,314,11.4" /></mjloggm>