<mjloggm ver="2.3"><GO type="225" lobby="0"/><UN n0="%E3%81%AF%E3%81%BE%E3%81%A1%E3%83%AA%E3%83%BC%E3%82%B0" n1="%E3%81%AF%E3%82%88%E3%81%8A%E3%81%98%E3%81%95%E3%82%93" n2="%E3%82%A2%E3%83%BC%E3%83%A2%E3%83%AD%E3%83%BC%E3%83%B4%E3%82%A1" n3="%E7%AD%89%E3%80%85%E5%8A%9B%E5%8A%87%E5%A0%B4" dan="16,17,16,16" rate="2054.06,2215.92,2188.59,2111.25" sx="M,M,M,M"/><TAIKYOKU oya="0"/><INIT seed="0,0,0,5,1,1" ten="250,250,250,250" oya="0" hai0="97,37,56,9,71,58,92,119,7,127,132,32,53" hai1="126,13,25,118,76,52,105,70,61,98,68,103,120" hai2="41,11,48,128,101,62,16,29,66,60,24,67,117" hai3="65,47,31,84,110,123,49,122,28,114,95,77,64"/><T109/><D119/><U99/><E118/><V18/><F117/><W12/><G114/><T124/><D71/><U59/><E120/><V90/><F128/><W39/><G39/><T85/><D32/><U43/><E126/><N who="0" m="48169" /><D132/><U107/><E76/><V54/><F41/><W80/><G110/><T106/><D37/><U15/><E43/><V40/><F40/><W3/><G3/><N who="0" m="255" /><D109/><U129/><E129/><V116/><F101/><W27/><G123/><T89/><D53/><U115/><E115/><V87/><F116/><W19/><G122/><T112/><D112/><U81/><E81/><N who="2" m="49519" /><F67/><W2/><G64/><T4/><D4/><U94/><E105/><V20/><F66/><W8/><G65/><T0/><D0/><U42/><E42/><V134/><F134/><W63/><G2/><T55/><D55/><U30/><E70/><V121/><F121/><W72/><G72/><T102/><AGARI ba="0,0" hai="56,58,85,89,92,97,102,106" m="255,48169" machi="102" ten="30,3000,0" yaku="18,1,52,1" doraHai="1" who="0" fromWho="0" sc="250,30,250,-10,250,-10,250,-10" /><INIT seed="0,1,0,0,3,52" ten="280,240,240,240" oya="0" hai0="82,43,132,22,51,77,41,103,26,126,73,54,65" hai1="21,36,83,57,45,7,50,68,28,58,10,74,64" hai2="86,60,27,35,31,99,96,15,120,8,1,98,29" hai3="97,119,33,5,30,84,55,0,23,40,2,130,125"/><T94/><D126/><U78/><E36/><V37/><F120/><W67/><G119/><T80/><D132/><U72/><E74/><V46/><F1/><W107/><G33/><T38/><D65/><U129/><E129/><V124/><F124/><W111/><G125/><T88/><D103/><U123/><E123/><V48/><F37/><W75/><G75/><T134/><D80/><U71/><E21/><V87/><F31/><W127/><G127/><T89/><D38/><U25/><E25/><V3/><F3/><W66/><G111/><T18/><D134/><U69/><E28/><V121/><F60/><W16/><G130/><T76/><D76/><U17/><E17/><V128/><F128/><W92/><G30/><T61/><D61/><U9/><E64/><V32/><F32/><W93/><G107/><T116/><D116/><U90/><E90/><V13/><F13/><W44/><G0/><T70/><D70/><U100/><E100/><V91/><F91/><W24/><G5/><T11/><D11/><U85/><E72/><V95/><F95/><W79/><G2/><T108/><D108/><U6/><E10/><V114/><F114/><W81/><G93/><T110/><D110/><U117/><E117/><V56/><F121/><W104/><G104/><T135/><D135/><U39/><E39/><V47/><F8/><W113/><G113/><T42/><REACH who="0" step="1"/><D94/><REACH who="0" ten="270,240,240,240" step="2"/><U106/><E106/><V19/><F35/><W62/><G92/><T102/><D102/><U133/><E133/><V131/><F131/><W14/><G67/><T53/><D53/><N who="1" m="29903" /><E9/><V101/><F101/><RYUUKYOKU ba="1,1" sc="270,15,240,15,240,-15,240,-15" hai0="18,22,26,41,42,43,51,54,73,77,82,88,89" hai1="6,7,57,58,68,69,71,78,83,85" /><INIT seed="0,2,1,4,4,118" ten="285,255,225,225" oya="0" hai0="17,44,8,126,117,119,30,43,100,1,53,34,65" hai1="79,74,94,59,109,57,121,12,108,83,125,51,70" hai2="124,62,90,82,77,41,107,14,97,93,92,26,42" hai3="78,40,33,130,21,29,68,73,101,16,46,58,106"/><T102/><D65/><U112/><E70/><V25/><F124/><W103/><G68/><T45/><D126/><U32/><E125/><V56/><F107/><W20/><G33/><T13/><D102/><U113/><E32/><V95/><F14/><W9/><G130/><T36/><D100/><U4/><E121/><V128/><F128/><W38/><G106/><T67/><D67/><U11/><E94/><N who="2" m="36459" /><F77/><W75/><G29/><T3/><D3/><U63/><E51/><V54/><F82/><W127/><G127/><T27/><REACH who="0" step="1"/><D1/><REACH who="0" ten="275,255,225,225" step="2"/><U104/><E104/><V6/><F6/><W84/><G103/><T80/><D80/><U52/><REACH who="1" step="1"/><E59/><REACH who="1" ten="275,245,225,225" step="2"/><V28/><F56/><W61/><G58/><T87/><D87/><U50/><E50/><AGARI ba="2,3" hai="8,13,17,27,30,34,36,43,44,45,50,53,117,119" machi="50" ten="40,2000,0" yaku="1,1,53,0" doraHai="118" doraHaiUra="55" who="0" fromWho="1" sc="275,56,245,-26,225,0,225,0" /><INIT seed="0,3,0,4,3,15" ten="331,219,225,225" oya="0" hai0="124,25,33,118,86,2,92,7,133,52,23,100,134" hai1="104,65,60,123,112,80,120,14,13,54,1,67,57" hai2="82,47,102,35,91,115,24,42,69,0,16,46,8" hai3="131,18,4,37,10,21,26,55,22,84,76,103,31"/><T3/><D118/><U29/><E1/><V72/><F115/><W107/><G37/><T6/><D33/><U38/><E38/><V108/><F69/><W30/><G131/><T97/><D124/><U5/><E104/><V132/><F108/><W127/><G127/><T40/><D40/><U135/><E112/><V79/><F132/><N who="0" m="50794" /><D86/><U98/><E135/><V32/><F102/><W75/><G75/><T63/><D7/><U128/><E128/><V125/><F125/><W27/><G107/><T49/><D63/><U41/><E41/><V89/><F35/><W93/><G76/><T114/><D6/><U96/><E29/><V113/><F113/><W90/><G103/><T129/><D129/><U106/><E80/><V28/><F0/><W64/><G64/><T126/><D126/><U119/><E119/><V74/><F74/><W130/><G130/><T9/><D9/><U44/><E5/><V53/><F53/><W68/><G68/><T109/><D114/><U85/><E85/><V66/><F66/><W121/><G121/><N who="1" m="46666" /><E67/><V77/><F77/><W70/><G70/><T62/><D62/><U48/><E106/><V19/><F8/><W50/><G10/><T36/><D36/><U88/><E88/><N who="2" m="33867" /><F42/><W95/><G4/><T101/><D101/><U58/><E98/><V45/><F32/><W99/><G99/><T20/><D3/><U94/><E96/><V51/><F51/><W73/><G73/><T61/><D2/><U43/><E94/><V78/><F78/><W83/><G31/><N who="0" m="17831" /><D97/><U11/><E11/><V110/><F110/><W117/><G117/><RYUUKYOKU ba="3,0" sc="331,-30,219,10,225,10,225,10" hai1="13,14,43,44,48,54,57,58,60,65" hai2="16,19,24,28,45,46,47,72,79,82" hai3="18,21,22,26,27,30,50,55,83,84,90,93,95" /><INIT seed="1,4,0,4,2,89" ten="301,229,235,235" oya="1" hai0="4,21,20,135,77,76,97,103,47,63,18,128,75" hai1="74,59,46,90,106,124,126,64,12,79,113,42,120" hai2="119,28,83,32,92,88,65,81,11,96,23,29,48" hai3="44,37,30,45,67,9,107,49,14,1,66,31,6"/><U80/><E113/><V25/><F119/><W85/><G107/><T112/><D112/><U43/><E120/><V61/><F29/><W71/><G37/><T84/><D128/><U2/><E2/><V34/><F48/><W41/><G45/><T100/><D4/><U102/><E90/><V132/><F132/><W51/><G51/><T52/><D75/><U101/><E12/><V39/><F39/><W117/><G117/><T19/><D84/><U54/><E64/><N who="3" m="24618" /><G1/><T57/><D47/><U108/><E108/><V70/><REACH who="2" step="1"/><F11/><REACH who="2" ten="301,229,225,235" step="2"/><W60/><G60/><T116/><D135/><U93/><E42/><V95/><F95/><W129/><G129/><T16/><D116/><U8/><E106/><V91/><F91/><W3/><G31/><T115/><D115/><U72/><E8/><V118/><F118/><W134/><G30/><T17/><D103/><U36/><E93/><V53/><F53/><W56/><G134/><T15/><D100/><U33/><E33/><AGARI ba="4,1" hai="23,25,28,32,33,34,61,65,70,81,83,88,92,96" machi="33" ten="40,5200,0" yaku="1,1,52,1,54,1,53,0" doraHai="89" doraHaiUra="111" who="2" fromWho="1" sc="301,0,229,-64,225,74,235,0" /><INIT seed="2,0,0,4,2,6" ten="301,165,299,235" oya="2" hai0="29,89,126,47,95,75,64,130,104,21,11,17,118" hai1="129,82,71,15,16,18,117,85,78,86,57,26,39" hai2="60,61,92,125,121,93,123,44,22,43,52,80,49" hai3="100,12,109,77,4,70,54,91,112,113,35,37,105"/><V38/><F125/><W0/><G35/><T74/><D104/><U27/><E117/><V96/><F80/><W40/><G70/><T97/><D126/><U73/><E71/><V88/><F22/><W32/><G32/><T94/><D64/><U1/><E1/><V124/><F124/><W7/><G0/><T30/><D130/><U48/><E39/><V2/><F2/><W42/><G77/><T59/><D59/><U128/><E73/><V66/><F92/><W19/><G109/><T51/><D118/><U58/><E82/><V98/><F98/><W55/><G100/><T127/><D95/><U87/><E15/><V23/><F23/><W84/><G105/><T67/><D67/><U31/><E48/><V41/><F60/><W114/><G37/><T108/><D108/><U45/><E45/><V34/><F34/><W72/><G72/><T76/><D76/><U14/><E14/><V53/><F53/><N who="3" m="19979" /><G40/><N who="0" m="25063" /><D21/><U10/><E85/><V83/><F83/><N who="3" m="49567" /><G42/><T135/><D127/><U20/><E20/><AGARI ba="0,0" hai="4,7,12,19,20,112,113,114" m="49567,19979" machi="20" ten="30,1000,0" yaku="11,1" doraHai="6" who="3" fromWho="1" sc="301,0,165,-10,299,0,235,10" /><INIT seed="3,0,0,5,4,115" ten="301,155,299,245" oya="3" hai0="99,33,110,93,68,11,4,69,64,45,127,86,85" hai1="78,44,79,42,134,20,62,67,35,12,83,119,95" hai2="8,90,98,57,121,116,48,34,111,40,25,71,104" hai3="50,7,89,88,117,22,133,13,60,92,120,61,15"/><W32/><G32/><T46/><D110/><U51/><E134/><V63/><F116/><W72/><G120/><T128/><D33/><U39/><E35/><V77/><F111/><W103/><G72/><T135/><D128/><U30/><E39/><V105/><F77/><W80/><G133/><T91/><D69/><U73/><E79/><V24/><F71/><W19/><G117/><T55/><D127/><U59/><E95/><N who="2" m="56695" /><F104/><W122/><G122/><T118/><D118/><U53/><E119/><V124/><F105/><W106/><G106/><T97/><D97/><U70/><E12/><V23/><F124/><W84/><G103/><T130/><D130/><U66/><REACH who="1" step="1"/><E70/><REACH who="1" ten="301,145,299,245" step="2"/><V96/><F34/><W29/><G13/><N who="0" m="5351" /><D135/><U102/><E102/><V10/><F121/><W2/><G92/><T47/><D68/><U100/><E100/><V37/><F37/><W18/><G15/><T126/><D126/><U1/><E1/><V27/><F96/><W38/><G2/><T101/><D101/><U125/><E125/><V75/><F75/><W21/><G38/><T132/><D132/><U54/><E54/><N who="2" m="34231" /><F23/><W26/><G21/><T52/><D64/><U112/><E112/><V129/><F129/><W49/><G22/><T36/><D36/><U16/><E16/><V6/><F6/><W74/><G7/><T65/><D65/><U123/><E123/><V81/><F81/><W107/><G74/><T76/><D76/><U17/><E17/><V56/><F40/><W14/><G107/><T3/><D3/><U0/><E0/><V108/><F108/><W94/><G18/><RYUUKYOKU ba="0,1" sc="301,10,145,10,299,10,245,-30" hai0="45,46,47,52,55,85,86,91,93,99" hai1="20,30,42,44,51,53,59,62,66,67,73,78,83" hai2="8,10,24,25,27,48,56" owari="321,42.1,155,-34.5,309,10.9,215,-18.5" /></mjloggm>