<mjloggm ver="2.3"><GO type="225" lobby="0"/><UN n0="%E4%BF%BA%E3%81%A8%E5%A6%96%E5%A4%A2" n1="%E3%81%95%E3%81%8D%E3%81%9F%E3%81%BE%E6%9E%97%E6%AA%8E" n2="%E5%AE%AE%E4%BF%9D%E9%B6%8F%E8%82%89" n3="%E3%81%86%E3%81%A1%E3%83%BC" dan="17,16,16,17" rate="2203.25,2098.18,2121.17,2176.92" sx="F,M,M,M"/><TAIKYOKU oya="0"/><INIT seed="0,0,0,4,4,11" ten="250,250,250,250" oya="0" hai0="76,77,22,121,80,102,44,123,37,21,69,8,3" hai1="38,88,86,16,78,89,120,81,4,13,42,7,107" hai2="9,6,101,95,125,84,83,20,93,82,53,70,43" hai3="113,59,50,99,26,129,27,67,72,17,91,18,135"/><T103/><D69/><U51/><E38/><V33/><F33/><W36/><G36/><T117/><D37/><U104/><E104/><V14/><F43/><W52/><G72/><T74/><D44/><N who="1" m="26007" /><E107/><V48/><F70/><W122/><G122/><T105/><D117/><U25/><E25/><V87/><F125/><W127/><G113/><T115/><D115/><U56/><E56/><V0/><F0/><W94/><G127/><T24/><D76/><U109/><E109/><V118/><F118/><W114/><G114/><T15/><D3/><U32/><E32/><V5/><F5/><N who="1" m="2121" /><E120/><V60/><F60/><N who="3" m="38303" /><G129/><T134/><D121/><U111/><E111/><V106/><F20/><AGARI ba="0,0" hai="13,16,20,78,81,86,88,89" m="2121,26007" machi="20" ten="30,7700,0" yaku="8,1,52,1,54,2" doraHai="11" who="1" fromWho="2" sc="250,0,250,77,250,-77,250,0" /><INIT seed="1,0,0,3,0,40" ten="250,327,173,250" oya="1" hai0="21,131,13,19,58,116,92,128,76,105,72,119,29" hai1="96,83,50,104,110,71,18,31,20,37,14,22,5" hai2="132,94,133,134,95,135,130,100,81,109,93,24,102" hai3="61,118,86,49,15,60,70,45,75,127,122,77,101"/><U33/><E37/><V54/><N who="2" m="33792" /><DORA hai="126" /><V34/><F54/><W73/><G70/><T89/><D105/><U12/><E71/><V57/><F57/><W114/><G114/><T43/><D29/><U10/><E110/><V78/><F24/><W52/><G122/><T46/><D58/><U63/><E63/><V90/><F34/><W1/><G1/><T48/><D76/><U68/><E68/><V4/><F4/><W91/><G101/><N who="2" m="39017" /><F109/><W97/><G127/><T47/><D72/><U64/><E64/><V0/><F0/><W11/><G75/><T30/><D30/><U27/><E50/><V42/><F42/><W59/><G73/><T82/><D82/><U53/><E53/><V26/><F26/><W23/><G23/><T88/><D47/><U84/><E33/><V16/><F16/><N who="3" m="8319" /><G118/><T120/><D120/><U103/><E14/><V39/><F39/><W65/><G61/><T41/><D41/><U112/><E112/><V38/><F38/><W28/><G28/><T121/><D121/><U9/><E5/><V35/><F35/><W3/><G3/><T51/><D51/><U2/><E2/><V25/><F25/><W69/><G69/><T117/><REACH who="0" step="1"/><D89/><AGARI ba="0,0" hai="9,10,12,18,20,22,27,31,83,84,89,96,103,104" machi="89" ten="30,1500,0" yaku="7,1" doraHai="40,126" who="1" fromWho="0" sc="250,-15,327,15,173,0,250,0" /><INIT seed="1,1,0,2,1,20" ten="235,342,173,250" oya="1" hai0="120,6,79,26,107,36,111,54,1,114,89,96,57" hai1="128,75,127,44,42,34,81,132,109,130,51,47,74" hai2="59,124,95,123,101,7,118,69,41,104,46,30,40" hai3="70,108,112,65,67,18,78,17,4,52,93,32,87"/><U11/><E34/><V122/><F118/><W98/><G112/><T55/><D114/><U66/><E66/><V126/><F104/><W94/><G32/><T21/><D36/><U23/><E11/><V8/><F69/><W14/><G4/><T82/><D111/><U133/><E109/><V48/><F30/><W24/><G70/><T88/><D120/><N who="2" m="46122" /><F101/><W131/><G131/><N who="1" m="50218" /><E47/><N who="2" m="25703" /><F95/><W13/><G67/><T49/><D107/><U97/><E97/><V84/><F84/><W83/><G65/><T134/><D96/><U106/><E106/><V12/><F12/><W16/><G108/><T91/><D134/><N who="1" m="51819" /><E81/><V102/><F102/><W0/><G98/><T35/><D35/><U33/><E33/><V119/><F8/><W72/><G83/><T135/><D135/><U56/><E56/><V100/><F100/><W27/><G93/><T86/><D57/><U64/><E64/><V15/><F15/><W38/><G94/><T3/><D3/><U116/><E116/><V28/><F7/><W115/><G0/><T31/><D6/><U113/><E113/><V80/><F80/><N who="3" m="45127" /><G13/><T68/><D1/><U73/><E23/><V76/><F119/><W61/><G115/><T53/><REACH who="0" step="1"/><D68/><REACH who="0" ten="225,342,173,250" step="2"/><U85/><E85/><V103/><F59/><N who="3" m="35047" /><G87/><T99/><D99/><U10/><E75/><V71/><F71/><W92/><G38/><T50/><AGARI ba="1,1" hai="21,26,31,49,50,53,54,55,79,82,86,88,89,91" machi="50" ten="40,12000,2" yaku="1,1,0,1,8,1,52,1,54,1,53,1" doraHai="20" doraHaiUra="77" who="0" fromWho="0" sc="225,133,342,-61,173,-31,250,-31" /><INIT seed="2,0,0,3,5,128" ten="358,281,142,219" oya="2" hai0="58,18,42,1,17,33,92,0,47,70,117,115,51" hai1="29,86,67,121,108,68,20,50,130,109,73,107,79" hai2="119,43,3,62,40,27,124,100,56,94,102,59,101" hai3="16,31,54,134,105,9,95,132,8,135,37,34,19"/><V110/><F119/><W63/><G105/><T71/><D115/><U14/><E130/><V129/><F129/><W21/><G37/><T122/><D122/><U23/><E121/><V72/><F3/><W116/><G116/><T111/><D117/><U38/><E38/><V41/><F72/><W89/><G34/><T26/><D111/><N who="1" m="42571" /><E107/><V44/><F110/><W103/><G103/><T81/><D18/><N who="3" m="6697" /><G54/><T7/><D0/><U4/><E73/><V35/><F124/><W32/><G63/><T84/><D92/><U5/><E68/><V39/><F94/><W125/><G32/><T88/><D58/><U55/><E67/><V69/><F69/><W57/><G57/><T25/><D25/><N who="1" m="16551" /><E23/><V113/><F59/><W90/><G125/><T12/><D7/><U11/><E5/><V85/><F113/><W28/><G90/><T131/><D131/><U118/><E118/><V78/><F35/><W93/><G95/><T49/><D1/><U6/><E4/><V114/><F114/><W106/><G106/><T24/><D24/><U52/><E50/><V76/><F27/><N who="3" m="16495" /><G31/><T46/><D33/><U75/><E75/><V2/><F2/><W66/><G66/><T112/><D112/><U126/><E126/><V133/><F133/><W13/><G13/><T96/><D26/><U87/><E79/><V65/><REACH who="2" step="1"/><F76/><REACH who="2" ten="358,281,132,219" step="2"/><W104/><G104/><T10/><D70/><U60/><E60/><V45/><F45/><W127/><G127/><T120/><D71/><U123/><E123/><V48/><F48/><W64/><G64/><T22/><D120/><U82/><E82/><AGARI ba="0,1" hai="39,40,41,43,44,56,62,65,78,82,85,100,101,102" machi="82" ten="40,7700,0" yaku="1,1,6,1,53,1" doraHai="128" doraHaiUra="83" who="2" fromWho="1" sc="358,0,281,-77,132,87,219,0" /><INIT seed="2,1,0,2,1,60" ten="358,204,219,219" oya="2" hai0="21,114,76,55,14,2,19,13,128,48,16,25,112" hai1="15,127,34,113,120,119,47,82,123,58,105,115,9" hai2="75,116,22,62,46,95,33,63,78,39,90,45,57" hai3="26,27,121,131,129,17,132,67,52,89,20,35,36"/><V74/><F116/><W118/><G121/><N who="1" m="46666" /><E119/><V59/><F33/><W107/><G118/><T97/><D2/><U3/><E3/><V31/><F31/><N who="3" m="19959" /><G36/><T37/><D37/><U23/><E34/><V69/><F69/><W6/><G107/><T54/><D128/><N who="3" m="49225" /><G132/><T111/><D111/><U43/><E105/><V98/><F22/><W8/><G89/><T42/><D76/><U10/><E127/><V0/><F0/><N who="3" m="71" /><G52/><T108/><D54/><U103/><E103/><V5/><F5/><W122/><G67/><T96/><D42/><U30/><E82/><V106/><F106/><W64/><G64/><T4/><D97/><U66/><E66/><V117/><F117/><W70/><G70/><T77/><D96/><U101/><E101/><V41/><F46/><W18/><G122/><T134/><D77/><U12/><E58/><V135/><F135/><W1/><G1/><T56/><D134/><U124/><E47/><V99/><F99/><W109/><G109/><T50/><D50/><U91/><E91/><V125/><F78/><W28/><AGARI ba="1,0" hai="17,18,20,27,28" m="71,49225,19959" machi="28" ten="30,4000,0" yaku="19,1,34,2" doraHai="60" who="3" fromWho="3" sc="358,-11,204,-11,219,-21,219,43" /><INIT seed="3,0,0,0,1,13" ten="347,193,198,262" oya="3" hai0="17,46,27,114,20,78,70,81,128,3,35,123,12" hai1="42,43,131,47,82,49,38,51,79,5,62,84,95" hai2="99,115,31,4,50,21,68,76,69,111,19,23,26" hai3="127,108,41,96,110,113,98,59,130,56,106,24,1"/><W15/><G1/><T80/><D123/><U118/><E131/><V129/><F129/><W77/><G77/><T18/><D128/><U40/><E118/><V100/><F115/><W0/><G0/><T91/><D70/><U71/><E38/><V32/><F111/><W57/><G24/><T97/><D3/><U60/><E71/><V9/><F76/><W92/><G41/><N who="1" m="15978" /><E5/><V73/><F73/><W89/><G127/><T33/><D46/><U125/><E125/><V37/><F37/><W11/><G113/><T117/><D117/><U30/><E51/><V116/><F50/><W55/><G55/><T105/><D81/><U22/><E95/><V74/><F23/><W107/><G98/><T126/><D114/><U67/><E67/><V36/><F36/><W44/><G44/><T28/><D18/><U134/><E134/><V45/><F45/><W104/><G130/><T34/><D126/><U72/><E72/><V93/><F74/><W16/><AGARI ba="0,0" hai="11,15,16,56,57,59,89,92,96,104,106,107,108,110" machi="16" ten="40,7800,0" yaku="0,1,52,1,54,1" doraHai="13" who="3" fromWho="3" sc="347,-26,193,-26,198,-26,262,78" owari="321,12.1,167,-33.3,172,-22.8,340,44.0" /></mjloggm>