<mjloggm ver="2.3"><GO type="225" lobby="0"/><UN n0="%6D%75%75%6D%75%72%61" n1="%61%69%73%79%6F" n2="%E7%B4%94%E6%BD%94%E3%83%94%E3%83%A9%E3%83%8B%E3%82%A2" n3="%E5%B0%8F%E9%B3%A5%E9%81%8A%E7%B7%B4%E7%84%A1%32%31%E6%AD%B3" dan="16,17,18,16" rate="2136.15,2206.92,2275.20,2117.04" sx="F,M,M,F"/><TAIKYOKU oya="0"/><INIT seed="0,0,0,0,0,69" ten="250,250,250,250" oya="0" hai0="58,94,63,21,76,38,2,81,37,134,12,102,23" hai1="78,107,40,73,55,105,5,104,128,97,36,117,77" hai2="131,101,108,26,71,54,72,126,70,60,122,42,89" hai3="49,88,92,93,34,129,123,57,116,114,0,14,1"/><T45/><D2/><U103/><E117/><V9/><F9/><W28/><G116/><T46/><D134/><U56/><E128/><V19/><F19/><W47/><G123/><T7/><D102/><U133/><E133/><V24/><F42/><W119/><G119/><T111/><D94/><U18/><E18/><V90/><F60/><W4/><G92/><T29/><D111/><U83/><E77/><V99/><F54/><W52/><G129/><T50/><D21/><U127/><E127/><V86/><F86/><W30/><G114/><T85/><D7/><U20/><E20/><V33/><F99/><W95/><G95/><T109/><D109/><U11/><E55/><V62/><F62/><W51/><G14/><T59/><D59/><U96/><E96/><V64/><F72/><W79/><G79/><T27/><D12/><U41/><E41/><V113/><F101/><W135/><G4/><T106/><D106/><U130/><E56/><V68/><F68/><W84/><G135/><T132/><D132/><U53/><E53/><V15/><F33/><W125/><G34/><T13/><D13/><U16/><E16/><V87/><F15/><W65/><G65/><T80/><D80/><U67/><E67/><V98/><F64/><W118/><G118/><T44/><REACH who="0" step="1"/><D50/><REACH who="0" ten="240,250,250,250" step="2"/><U115/><E130/><V124/><F131/><W17/><G125/><N who="2" m="48233" /><F108/><W8/><G0/><T32/><D32/><U112/><E112/><V74/><F113/><W43/><G1/><T82/><D82/><U31/><E115/><V6/><F6/><W3/><G3/><T10/><D10/><RYUUKYOKU ba="0,1" sc="240,15,250,-15,250,-15,250,15" hai0="23,27,29,37,38,44,45,46,58,63,76,81,85" hai3="8,17,28,30,43,47,49,51,52,57,84,88,93" /><INIT seed="0,1,1,4,5,81" ten="255,235,235,265" oya="0" hai0="93,114,27,119,71,133,7,47,112,40,106,69,135" hai1="82,4,35,103,97,21,91,109,70,128,58,102,29" hai2="60,104,45,127,66,108,51,16,14,107,13,24,77" hai3="76,8,118,131,12,22,99,80,111,25,92,126,26"/><T30/><D106/><U79/><E70/><N who="0" m="26633" /><D7/><U78/><E109/><V88/><F108/><W56/><G118/><T18/><D18/><U64/><E128/><V122/><F122/><W132/><G111/><T37/><D93/><N who="1" m="56511" /><E35/><V6/><F77/><N who="1" m="29193" /><E4/><V41/><F127/><W31/><G126/><T116/><D116/><U53/><E64/><V23/><F6/><W105/><G131/><T19/><D19/><U32/><E32/><V101/><F101/><W84/><G132/><N who="0" m="50763" /><D119/><U55/><E82/><V34/><F34/><AGARI ba="1,1" hai="27,30,34,37,40,47,112,114" m="50763,26633" machi="34" ten="30,2900,0" yaku="20,1,23,1" doraHai="81" who="0" fromWho="2" sc="255,42,235,0,235,-32,265,0" /><INIT seed="0,2,0,2,3,30" ten="297,235,203,265" oya="0" hai0="71,44,96,91,38,125,106,97,45,34,79,23,123" hai1="112,0,50,21,24,110,10,7,13,63,60,74,27" hai2="20,78,68,80,70,113,133,56,3,65,55,11,29" hai3="67,47,131,89,127,5,39,52,83,17,119,115,75"/><T118/><D118/><U14/><E110/><V15/><F113/><W116/><G115/><T6/><D123/><U129/><E129/><V18/><F133/><W107/><G107/><T40/><D71/><U4/><E112/><V84/><F65/><W2/><G67/><T73/><D125/><U90/><E74/><V93/><F29/><W9/><G127/><T108/><D108/><U95/><E0/><V94/><F68/><W51/><G131/><T104/><D23/><U72/><E72/><V122/><F70/><W130/><G130/><T43/><D6/><U103/><E103/><V111/><F122/><W37/><G17/><T128/><D128/><U86/><E50/><V87/><F87/><W64/><G64/><T100/><D34/><U126/><E126/><V102/><F102/><W101/><G101/><T76/><D73/><U82/><E95/><V54/><F54/><W124/><G124/><T1/><D1/><U58/><E58/><V66/><F66/><W99/><G99/><T26/><D26/><N who="1" m="9771" /><E21/><V88/><F111/><W19/><G19/><T81/><D106/><U32/><E32/><V48/><F3/><W134/><G134/><T85/><REACH who="0" step="1"/><D96/><REACH who="0" ten="287,235,203,265" step="2"/><U61/><E13/><N who="2" m="9295" /><F78/><W69/><G69/><T62/><D62/><U132/><E132/><V28/><F28/><W109/><G109/><T36/><AGARI ba="2,1" hai="36,38,40,43,44,45,76,79,81,85,91,97,100,104" machi="36" ten="20,12000,1" yaku="1,1,0,1,7,1,9,1,53,1" doraHai="30" doraHaiUra="98" who="0" fromWho="0" sc="287,136,235,-42,203,-42,265,-42" /><INIT seed="0,3,0,0,4,88" ten="423,193,161,223" oya="0" hai0="42,102,105,0,74,14,91,97,76,33,38,17,62" hai1="30,63,39,94,53,131,77,43,113,19,59,8,13" hai2="25,51,47,22,36,123,64,49,110,3,84,101,70" hai3="104,128,125,127,98,130,16,7,15,61,85,71,48"/><T115/><D0/><U26/><E131/><N who="3" m="50218" /><G7/><T45/><D115/><U44/><E113/><V124/><F123/><W107/><G48/><T67/><D33/><U103/><E77/><V135/><F110/><W57/><G71/><T129/><D129/><U80/><E80/><V18/><F124/><N who="3" m="47691" /><G85/><T24/><D74/><U79/><E79/><V11/><F135/><W72/><G72/><T95/><D76/><U133/><E133/><V86/><F101/><W82/><G82/><T52/><D24/><U29/><E26/><V120/><F120/><W112/><G98/><T109/><D67/><U50/><E39/><V4/><F36/><W106/><G112/><T90/><D109/><U10/><E10/><V66/><F49/><W58/><G61/><T118/><D118/><U93/><E103/><V99/><F99/><W111/><G111/><T9/><D105/><N who="3" m="26881" /><W126/><N who="3" m="47699" /><DORA hai="83" /><W21/><AGARI ba="3,0" hai="15,16,21,57,58" m="26881,47699,50218" machi="21" ten="60,8000,1" yaku="4,1,19,1,18,1,54,1" doraHai="88,83" who="3" fromWho="3" sc="423,-43,193,-23,161,-23,223,89" /><INIT seed="1,0,0,2,5,18" ten="380,170,138,312" oya="1" hai0="93,133,64,122,116,60,19,96,31,69,99,49,43" hai1="106,71,63,67,2,104,56,74,32,85,124,83,113" hai2="44,91,90,21,68,102,95,62,86,50,57,9,28" hai3="65,55,34,17,40,54,41,76,127,61,51,26,134"/><U72/><E113/><V132/><F68/><W37/><G134/><T0/><D116/><U126/><E32/><V25/><F132/><W101/><G127/><N who="1" m="48682" /><E2/><V1/><F1/><W78/><G101/><T3/><D133/><U115/><E71/><V48/><F9/><W112/><G112/><T121/><D31/><U7/><E7/><V131/><F131/><W4/><G4/><T103/><D19/><U24/><E24/><V46/><F102/><W66/><G34/><T45/><REACH who="0" step="1"/><D96/><REACH who="0" ten="370,170,138,312" step="2"/><U89/><E115/><V59/><F91/><W82/><G17/><T12/><D12/><U107/><AGARI ba="0,1" hai="56,63,67,72,74,83,85,89,104,106,107" m="48682" machi="107" ten="40,2100,0" yaku="18,1" doraHai="18" who="1" fromWho="1" sc="370,-7,170,31,138,-7,312,-7" /><INIT seed="1,1,0,3,5,28" ten="363,201,131,305" oya="1" hai0="123,104,2,10,128,38,14,117,81,93,50,83,37" hai1="82,132,97,8,94,63,99,65,112,23,92,80,24" hai2="101,13,11,22,69,39,73,36,58,98,44,55,48" hai3="111,116,135,15,84,17,86,33,102,125,121,51,60"/><U66/><E132/><V31/><F69/><W41/><G121/><T59/><D104/><U108/><E112/><V56/><F73/><W89/><G135/><T107/><D107/><U62/><E108/><V43/><F31/><W67/><G111/><T16/><D117/><U18/><E8/><V68/><F68/><W113/><G113/><T74/><D128/><U0/><E0/><V72/><F72/><W118/><G102/><T115/><D115/><U40/><E40/><V20/><F56/><W46/><G125/><T26/><D123/><U49/><E49/><V29/><F29/><W71/><G33/><T52/><D2/><U120/><E120/><V129/><F39/><W122/><G122/><T105/><D105/><U42/><E42/><V85/><F85/><W103/><G103/><T109/><D109/><U4/><E18/><V34/><F34/><W126/><G126/><T7/><D74/><U87/><E87/><V100/><F100/><W127/><G127/><T6/><D37/><U54/><E54/><V133/><F133/><W1/><G1/><T70/><D70/><U95/><E95/><V91/><F91/><W61/><G61/><T35/><D38/><U32/><E32/><V130/><F129/><W75/><G75/><T131/><D131/><U9/><E9/><V124/><F130/><W96/><G116/><T110/><D110/><U77/><E77/><V45/><F124/><W53/><G118/><T30/><REACH who="0" step="1"/><D93/><REACH who="0" ten="353,201,131,305" step="2"/><U88/><E94/><N who="2" m="58583" /><F36/><W79/><G71/><T12/><D12/><U21/><E92/><V57/><F13/><W19/><G15/><RYUUKYOKU ba="1,1" sc="353,30,201,-10,131,-10,305,-10" hai0="6,7,10,14,16,26,30,35,50,52,59,81,83" /><INIT seed="2,2,1,0,4,16" ten="383,191,121,295" oya="2" hai0="44,30,62,64,31,99,95,90,106,113,27,61,57" hai1="82,11,86,23,55,42,26,94,59,10,83,85,73" hai2="91,112,69,108,63,121,65,51,134,15,3,105,76" hai3="46,40,21,135,115,116,107,39,77,54,72,66,56"/><V126/><F3/><W53/><G116/><T35/><D113/><U34/><E34/><V127/><F112/><W130/><G135/><T1/><D1/><U131/><E42/><V104/><F134/><W2/><G2/><T32/><D106/><N who="2" m="41066" /><F121/><W8/><G107/><T101/><D62/><N who="1" m="36223" /><E73/><V132/><F132/><W45/><G8/><N who="1" m="3114" /><E131/><V24/><F15/><W0/><G130/><T22/><D31/><N who="1" m="17887" /><E94/><V79/><F108/><W25/><G0/><T47/><REACH who="0" step="1"/><D90/><REACH who="0" ten="373,191,121,295" step="2"/><U110/><E110/><V19/><F91/><W84/><G115/><T71/><D71/><U78/><E78/><V133/><F133/><W123/><G77/><T41/><D41/><U70/><E70/><V89/><F89/><W20/><G40/><T97/><D97/><U109/><E109/><V68/><F69/><W122/><G122/><T60/><D60/><U128/><E128/><V98/><F98/><W117/><G123/><T111/><D111/><U87/><AGARI ba="2,2" hai="82,83,85,86,87" m="17887,3114,36223" machi="87" ten="30,2000,0" yaku="8,1,52,1" doraHai="16" who="1" fromWho="1" sc="373,-7,191,46,121,-12,295,-7" /><INIT seed="3,0,0,5,4,20" ten="366,237,109,288" oya="3" hai0="98,26,110,117,11,4,7,125,75,86,95,90,34" hai1="118,45,83,16,64,105,70,14,79,22,68,74,65" hai2="107,46,54,106,44,93,129,66,5,57,104,126,59" hai3="27,103,123,33,134,9,109,43,101,41,53,2,108"/><W25/><G33/><T115/><D117/><U94/><E105/><V131/><F5/><N who="3" m="1207" /><G123/><T121/><D121/><U8/><E118/><V77/><F93/><W102/><G53/><T58/><D75/><U84/><E70/><V29/><F54/><W87/><G87/><T112/><D125/><U37/><E68/><V42/><F42/><N who="3" m="15883" /><G134/><T19/><D86/><U91/><E37/><V92/><F92/><W120/><G120/><T96/><D96/><U124/><E124/><V89/><F126/><W40/><G40/><T38/><D38/><U135/><E135/><V36/><F36/><W130/><G130/><T17/><D58/><U69/><E69/><V60/><F29/><W119/><G119/><T32/><D32/><U39/><E45/><V48/><F77/><W56/><G56/><T122/><D122/><U10/><E39/><V49/><F104/><W111/><AGARI ba="0,0" hai="25,27,101,102,103,108,109,111" m="15883,1207" machi="111" ten="40,12000,1" yaku="14,1,10,1,52,2" doraHai="20" who="3" fromWho="3" sc="366,-40,237,-40,109,-40,288,120" owari="326,12.6,197,-20.3,69,-43.1,408,50.8" /></mjloggm>