<mjloggm ver="2.3"><GO type="225" lobby="0"/><UN n0="%E7%9C%9F%E4%B8%80" n1="%E3%83%AD%E3%83%83%E3%83%86%E9%9B%80%E7%90%83" n2="%33%74%72%65%65" n3="%72%61%6B%33" dan="17,17,17,16" rate="2256.58,2156.76,2189.05,2146.50" sx="M,M,F,M"/><TAIKYOKU oya="0"/><INIT seed="0,0,0,1,5,85" ten="250,250,250,250" oya="0" hai0="63,14,59,132,101,11,45,29,117,114,83,120,21" hai1="43,6,54,77,68,60,2,71,129,105,75,79,104" hai2="87,90,118,112,10,27,97,134,40,93,25,66,107" hai3="121,23,33,135,34,47,28,31,53,124,32,110,102"/><T58/><D120/><U74/><E43/><V67/><F112/><W88/><G121/><T84/><D114/><U113/><E113/><V15/><F134/><W1/><G1/><T56/><D132/><U111/><E54/><V16/><F118/><W103/><G135/><T92/><D117/><U122/><E122/><V100/><REACH who="2" step="1"/><F40/><REACH who="2" ten="250,250,240,250" step="2"/><W96/><G110/><T41/><D29/><U89/><E111/><V86/><F86/><W46/><G28/><T17/><D11/><U39/><E75/><V38/><F38/><W99/><G31/><T44/><D41/><U30/><E74/><V125/><F125/><W91/><G124/><T127/><D127/><U51/><E39/><V42/><F42/><W3/><G3/><T12/><D63/><U65/><E2/><V0/><F0/><W64/><G23/><T26/><D84/><U9/><E60/><V5/><F5/><W95/><G64/><AGARI ba="0,1" hai="10,15,16,25,27,64,66,67,87,90,93,97,100,107" machi="64" ten="40,5200,0" yaku="1,1,52,1,54,1,53,0" doraHai="85" doraHaiUra="36" who="2" fromWho="3" sc="250,0,250,0,240,62,250,-52" /><INIT seed="1,0,0,0,1,59" ten="250,250,302,198" oya="1" hai0="56,100,104,41,73,120,54,132,117,71,40,66,83" hai1="8,16,61,124,65,128,97,28,109,39,13,98,24" hai2="55,131,108,29,63,2,118,11,18,78,127,125,133" hai3="105,79,115,82,19,60,76,96,92,72,134,81,87"/><U9/><E124/><N who="2" m="47691" /><F118/><W7/><G134/><T50/><D117/><U26/><E128/><V123/><F131/><W75/><G7/><T57/><D132/><U70/><E109/><V135/><F108/><W95/><G19/><T121/><D104/><U114/><E114/><V122/><F78/><W12/><G12/><T86/><D100/><U32/><E39/><V69/><F29/><W119/><G119/><T42/><D73/><U101/><E26/><V102/><F102/><N who="3" m="62663" /><G60/><N who="0" m="40391" /><D86/><U36/><E36/><V93/><F93/><N who="3" m="35915" /><G115/><T62/><D83/><U99/><REACH who="1" step="1"/><E8/><REACH who="1" ten="250,240,302,198" step="2"/><V45/><F11/><W74/><AGARI ba="0,1" hai="72,74,75,76,79,81,82,87" m="35915,62663" machi="74" ten="30,8000,1" yaku="35,5" doraHai="59" who="3" fromWho="3" sc="250,-20,240,-40,302,-20,198,90" /><INIT seed="2,0,0,2,2,32" ten="230,200,282,288" oya="2" hai0="51,133,26,68,22,54,123,109,25,42,97,62,110" hai1="1,39,27,4,126,55,10,12,129,90,44,111,0" hai2="127,86,36,17,79,135,121,105,91,34,18,119,130" hai3="75,49,35,53,115,72,63,99,60,132,134,47,83"/><V107/><F34/><W102/><G35/><T76/><D123/><U113/><E113/><V11/><F17/><W95/><G115/><T120/><D120/><U38/><E111/><N who="0" m="42505" /><D133/><N who="3" m="51305" /><G83/><T77/><D42/><U45/><E126/><V106/><F36/><W94/><G94/><T6/><D6/><U100/><E129/><V67/><F130/><W31/><G31/><N who="0" m="17847" /><D26/><U43/><E100/><V74/><F127/><W85/><G85/><T41/><D41/><U13/><E27/><V117/><F86/><W114/><G114/><T84/><D84/><U46/><E39/><V2/><F121/><W108/><G108/><T66/><D97/><U82/><E82/><V3/><F119/><W93/><G93/><T8/><D8/><U33/><E33/><V7/><F11/><W37/><G37/><T56/><AGARI ba="0,0" hai="51,54,56,62,66,68,76,77" m="17847,42505" machi="56" ten="30,1100,0" yaku="14,1" doraHai="32" who="0" fromWho="0" sc="230,11,200,-3,282,-5,288,-3" /><INIT seed="3,0,0,0,5,102" ten="241,197,277,285" oya="3" hai0="8,68,118,70,120,6,3,124,107,49,109,42,92" hai1="58,14,91,93,62,39,61,41,115,30,97,1,37" hai2="82,36,105,54,55,76,34,16,98,119,89,83,123" hai3="0,10,100,19,134,75,60,88,103,94,126,45,114"/><W133/><G114/><T132/><D120/><U117/><E1/><V127/><F119/><W111/><G75/><T79/><D118/><U110/><E110/><V85/><F34/><W56/><G111/><T135/><D109/><U122/><E122/><V121/><F36/><W35/><G35/><T130/><D130/><U113/><E117/><V12/><F127/><W40/><G126/><T73/><D124/><U96/><E30/><V9/><F121/><W25/><G25/><T78/><D92/><U11/><E97/><V77/><F123/><W4/><G19/><T27/><D27/><U33/><E33/><V131/><F131/><W38/><G134/><N who="0" m="51243" /><D107/><U28/><E28/><V2/><F2/><W50/><G38/><T52/><D42/><U13/><E62/><V116/><F116/><W86/><G133/><T53/><D53/><AGARI ba="0,0" hai="0,4,10,40,45,50,53,56,60,86,88,94,100,103" machi="53" ten="30,2900,0" yaku="7,1,54,1" doraHai="102" who="3" fromWho="0" sc="241,-29,197,0,277,0,285,29" owari="212,-18.8,197,-30.3,277,7.7,314,41.4" /></mjloggm>