<mjloggm ver="2.3"><GO type="225" lobby="0"/><UN n0="%E3%83%B4%E3%82%A3%E3%83%AF%E3%82%B3%E3%82%B0%E3%83%8B" n1="%E3%81%86%E3%83%BC%E3%81%B1%E3%83%BC" n2="%E7%BD%AA%E5%88%91%E6%B3%95%E5%AE%9A%E4%B8%BB%E7%BE%A9" n3="%72%69%6F%75%63%68%61%6E" dan="16,17,16,17" rate="2159.84,2188.15,2192.74,2254.23" sx="M,F,M,M"/><TAIKYOKU oya="0"/><INIT seed="0,0,0,5,4,92" ten="250,250,250,250" oya="0" hai0="83,101,134,8,116,40,80,36,2,59,20,105,15" hai1="132,127,76,54,57,110,58,104,7,44,51,12,125" hai2="99,17,120,133,100,82,77,87,74,50,86,124,72" hai3="25,89,60,75,53,96,131,91,123,63,38,119,46"/><T66/><D116/><U24/><E110/><V69/><F69/><W33/><G119/><T1/><D134/><U19/><E132/><V45/><F133/><W39/><G75/><T78/><D20/><N who="1" m="13343" /><E76/><V97/><F120/><W42/><G123/><T126/><D126/><N who="1" m="48139" /><E104/><V115/><F115/><W102/><G131/><T122/><D122/><U109/><E109/><V71/><F71/><W90/><G39/><T62/><D36/><U43/><E54/><V85/><F124/><W130/><G130/><T6/><D40/><U73/><E73/><V106/><F74/><W28/><REACH who="3" step="1"/><G53/><REACH who="3" ten="250,250,250,240" step="2"/><T3/><REACH who="0" step="1"/><D78/><REACH who="0" ten="240,250,250,240" step="2"/><U111/><E111/><V107/><F72/><W14/><G14/><T103/><D103/><U84/><E12/><V11/><F100/><W18/><G18/><T32/><D32/><U114/><E114/><V9/><F17/><W41/><G41/><T94/><D94/><AGARI ba="0,2" hai="25,28,33,38,42,46,60,63,89,90,91,94,96,102" machi="94" ten="40,2600,0" yaku="1,1,52,1,53,0" doraHai="92" doraHaiUra="67" who="3" fromWho="0" sc="240,-26,250,0,250,0,240,46" /><INIT seed="1,0,0,1,4,124" ten="214,250,250,286" oya="1" hai0="25,18,87,7,109,17,117,65,53,67,26,46,112" hai1="125,74,113,97,47,122,128,56,20,27,21,48,79" hai2="50,15,6,73,35,118,120,78,103,82,91,114,90" hai3="123,72,102,92,119,9,52,51,22,95,1,28,106"/><U61/><E113/><V4/><F118/><W134/><G123/><T54/><D117/><U14/><E122/><V85/><F120/><W76/><G119/><T110/><D87/><U80/><E125/><V86/><F35/><W37/><G37/><T64/><D7/><U70/><E70/><V29/><F114/><W2/><G134/><T71/><D71/><U59/><E128/><V62/><F29/><W40/><G40/><T16/><D112/><U107/><E14/><V19/><F103/><W84/><G72/><T126/><D126/><U105/><E97/><V12/><F62/><W127/><G127/><T108/><D46/><U10/><E10/><V44/><F73/><W43/><G43/><T66/><N who="0" m="16384" /><DORA hai="96" /><T23/><D23/><U69/><E69/><V98/><F98/><N who="3" m="59719" /><G106/><T24/><AGARI ba="0,0" hai="16,17,18,24,25,26,53,54,108,109,110" m="16384" machi="24" ten="60,32000,5" yakuman="40" doraHai="124,96" who="0" fromWho="0" sc="214,320,250,-160,250,-80,286,-80" /><INIT seed="2,0,0,0,2,131" ten="534,90,170,206" oya="2" hai0="38,58,56,102,44,98,104,73,60,22,109,80,85" hai1="49,54,108,89,10,122,134,100,95,40,92,67,105" hai2="57,29,91,129,128,70,123,59,111,76,124,30,52" hai3="72,68,35,82,77,37,43,66,0,14,132,24,116"/><V115/><F115/><W62/><G132/><T36/><D109/><U53/><E108/><V32/><F70/><W48/><G116/><T16/><D73/><U86/><E122/><V97/><F111/><W99/><G14/><T2/><D2/><U113/><E113/><V1/><F123/><W26/><G48/><T130/><D44/><U63/><E105/><V8/><F76/><W15/><G15/><T3/><D56/><U21/><E10/><V28/><F59/><W47/><G99/><T110/><D3/><U20/><E40/><V78/><F78/><W106/><G106/><T45/><D130/><N who="2" m="50282" /><F124/><W71/><G71/><T125/><D125/><U12/><E134/><V94/><F8/><W9/><REACH who="3" step="1"/><G35/><REACH who="3" ten="534,90,170,196" step="2"/><T51/><D110/><U25/><E12/><V79/><F1/><W135/><G135/><T119/><D119/><U33/><E33/><V46/><F32/><W90/><G90/><T23/><D104/><U27/><E49/><N who="2" m="30863" /><F79/><W31/><G31/><T55/><D58/><N who="1" m="37367" /><E20/><V41/><F46/><W19/><G19/><T11/><D16/><N who="1" m="12455" /><E27/><V84/><F41/><W87/><G87/><AGARI ba="0,1" hai="28,29,30,84,87,91,94,97" m="30863,50282" machi="87" ten="30,2900,0" yaku="19,1,54,1" doraHai="131" who="2" fromWho="3" sc="534,0,90,0,170,39,196,-29" /><INIT seed="2,1,0,0,3,60" ten="534,90,209,167" oya="2" hai0="105,23,59,99,37,96,8,56,2,101,85,6,1" hai1="28,109,36,121,34,112,62,91,92,47,134,75,83" hai2="94,41,116,11,27,10,97,120,18,19,78,29,68" hai3="31,24,133,69,26,67,117,61,89,15,79,113,77"/><V93/><F116/><W5/><G117/><T90/><D37/><U123/><E112/><V106/><F120/><N who="1" m="46153" /><E109/><V45/><F68/><W21/><G133/><T135/><D135/><U25/><E134/><V98/><F106/><W32/><G113/><T52/><D96/><U58/><E75/><V14/><F78/><W43/><G43/><T53/><D23/><U71/><E83/><V74/><F74/><W51/><G51/><T42/><D42/><N who="1" m="22983" /><E71/><V38/><F98/><W122/><G122/><T70/><D70/><U131/><E131/><V3/><F97/><W64/><G64/><T22/><D22/><U86/><E62/><V128/><F128/><W4/><G89/><T100/><D100/><U50/><E50/><V88/><F94/><W107/><G107/><T13/><D56/><U65/><E58/><V7/><F19/><W126/><G126/><T57/><D57/><U46/><E46/><V72/><F72/><W55/><G55/><T63/><D53/><U87/><E87/><V73/><F73/><W127/><G127/><T118/><D118/><U95/><E95/><AGARI ba="1,0" hai="1,2,6,8,13,52,59,63,85,90,95,99,101,105" machi="95" ten="30,2000,0" yaku="7,1,54,1" doraHai="60" who="0" fromWho="1" sc="534,23,90,-23,209,0,167,0" /><INIT seed="3,0,0,0,1,71" ten="557,67,209,167" oya="3" hai0="112,57,121,94,135,78,85,62,93,20,124,47,79" hai1="83,120,133,1,42,126,35,107,106,30,67,22,49" hai2="117,23,61,88,75,9,128,65,127,50,119,100,118" hai3="56,8,6,15,5,32,90,29,60,34,104,7,17"/><W116/><G116/><T59/><D112/><U101/><E120/><V43/><F75/><W4/><G104/><T3/><D3/><U132/><E22/><V68/><F100/><W74/><G74/><T134/><D121/><U12/><E12/><V113/><F113/><W48/><G48/><T58/><D124/><U66/><E49/><V99/><F127/><W64/><G29/><T115/><D115/><U84/><E126/><V24/><F9/><W0/><REACH who="3" step="1"/><G90/><REACH who="3" ten="557,67,209,157" step="2"/><N who="0" m="53455" /><D135/><U11/><E30/><V13/><F119/><W31/><G31/><T16/><D134/><U27/><E84/><V40/><F118/><W131/><G131/><T87/><D62/><U76/><E11/><AGARI ba="0,1" hai="0,4,5,6,7,8,11,15,17,32,34,56,60,64" machi="11" ten="40,2000,0" yaku="1,1,53,0" doraHai="71" doraHaiUra="86" who="3" fromWho="1" sc="557,0,67,-20,209,0,157,30" /><INIT seed="3,1,0,2,4,23" ten="557,47,209,187" oya="3" hai0="9,15,53,86,52,69,120,64,125,60,16,12,118" hai1="85,93,20,134,54,24,74,106,55,90,18,128,26" hai2="110,79,109,131,113,76,6,47,25,48,71,94,7" hai3="95,80,126,88,29,17,27,121,34,122,4,83,97"/><W38/><G126/><T100/><D118/><U75/><E128/><V31/><F71/><W46/><G4/><N who="2" m="1577" /><F94/><W2/><G2/><T43/><D125/><U115/><E134/><V81/><F81/><W107/><G107/><T92/><D120/><U104/><E115/><V10/><F10/><W42/><REACH who="3" step="1"/><G17/><REACH who="3" ten="557,47,209,177" step="2"/><T82/><D16/><U84/><E18/><V105/><F105/><W39/><G39/><T1/><D1/><U37/><E37/><V111/><F113/><W65/><G65/><T67/><D64/><U3/><E3/><V14/><F131/><W135/><G135/><T127/><D127/><U36/><E36/><V99/><F111/><W102/><G102/><T41/><D100/><U0/><E0/><V101/><F110/><W129/><G129/><T22/><D67/><U5/><E20/><N who="2" m="15783" /><F109/><W51/><G51/><T98/><D22/><U63/><E5/><V44/><F48/><W116/><G116/><T91/><D9/><U103/><E103/><V13/><F101/><W96/><G96/><T73/><D98/><U133/><E133/><V119/><F99/><W40/><G40/><T108/><D108/><U62/><REACH who="1" step="1"/><E93/><REACH who="1" ten="557,37,209,177" step="2"/><V132/><F132/><W11/><G11/><T49/><D41/><U87/><E87/><V30/><F119/><W58/><G58/><T33/><D86/><U59/><E59/><V61/><F30/><W114/><G114/><T89/><D49/><U70/><E70/><V117/><F117/><W32/><G32/><T68/><D33/><U112/><E112/><V56/><F56/><W130/><G130/><T72/><D68/><RYUUKYOKU ba="1,2" sc="557,-15,37,15,209,-15,177,15" hai1="24,26,54,55,62,63,74,75,84,85,90,104,106" hai3="27,29,34,38,42,46,80,83,88,95,97,121,122" /><INIT seed="3,2,2,3,0,12" ten="542,52,194,192" oya="3" hai0="78,74,22,40,50,5,37,52,100,98,84,86,63" hai1="94,11,45,65,122,33,3,90,99,8,21,103,77" hai2="1,36,126,62,109,66,85,105,59,38,49,133,111" hai3="18,56,88,23,128,57,112,32,124,14,135,64,53"/><W81/><G112/><T127/><D74/><U67/><E122/><V16/><F105/><W123/><G123/><T130/><D130/><U134/><E134/><V28/><F1/><W110/><G32/><T31/><D37/><U15/><E33/><V55/><F28/><W115/><G115/><T108/><D5/><U29/><E77/><V114/><F114/><W60/><G128/><T24/><D78/><U82/><E3/><V120/><F120/><W93/><G135/><T91/><D108/><N who="2" m="41546" /><F133/><W73/><G110/><T121/><D127/><U75/><E8/><V97/><F97/><W41/><G124/><T79/><D79/><U117/><E117/><V89/><F16/><N who="3" m="10647" /><G73/><T129/><D129/><U71/><E75/><V80/><F126/><W26/><G41/><T47/><D121/><U43/><E71/><AGARI ba="2,2" hai="36,38,49,55,59,62,66,71,80,85,89" m="41546" machi="71" ten="30,1000,0" yaku="14,1" doraHai="12" who="2" fromWho="1" sc="542,0,52,-16,194,36,192,0" owari="542,64.2,36,-46.4,230,3.0,192,-20.8" /></mjloggm>