<mjloggm ver="2.3"><GO type="225" lobby="0"/><UN n0="%38%63%E3%81%AF%E3%81%A3%E3%81%97%E3%83%BC" n1="%E3%81%AA%E3%81%A1%30%39%32%37" n2="%E6%B4%BE%E9%81%A3%E3%81%AE%E3%82%B8%E3%83%A3%E3%83%83%E3%82%AF" n3="%6D%75%75%6D%75%72%61" dan="16,16,16,17" rate="2129.18,2103.75,2191.67,2175.76" sx="M,M,M,F"/><TAIKYOKU oya="0"/><INIT seed="0,0,0,1,2,88" ten="250,250,250,250" oya="0" hai0="72,23,80,37,71,117,83,135,92,91,33,66,56" hai1="32,44,39,54,20,43,131,11,69,103,128,67,55" hai2="25,28,81,132,116,94,21,30,14,34,120,99,113" hai3="51,101,126,102,64,18,110,8,24,49,122,97,38"/><T58/><D33/><U127/><E32/><V22/><F120/><W61/><G38/><T93/><D117/><U134/><E11/><V1/><F113/><W27/><G122/><T125/><D37/><U124/><E20/><V74/><F1/><W62/><G110/><T0/><D0/><U10/><E10/><V112/><F112/><W82/><G126/><N who="1" m="48170" /><E103/><V121/><F121/><W108/><G108/><T133/><D125/><U46/><E134/><N who="0" m="51209" /><D71/><U17/><E17/><V129/><F132/><W48/><G82/><N who="0" m="31275" /><D72/><U36/><E67/><V53/><F116/><W9/><G9/><T105/><D105/><U86/><E86/><V65/><F65/><W73/><G73/><T57/><D66/><U85/><E85/><V5/><F34/><W115/><G115/><T106/><D106/><U95/><E95/><N who="0" m="36425" /><D91/><U6/><E69/><V35/><F35/><W45/><G8/><T12/><D23/><U77/><E6/><V96/><F5/><W104/><G64/><T109/><D109/><U7/><E7/><V16/><F74/><W98/><G104/><T41/><D41/><N who="1" m="22567" /><E77/><V130/><F81/><W4/><G102/><T114/><D114/><U89/><E89/><V47/><F94/><W119/><G101/><T31/><D31/><U2/><E2/><V79/><F30/><W75/><G119/><T70/><D70/><U26/><E26/><V60/><F79/><W118/><G75/><T40/><D40/><U107/><E107/><V15/><F28/><W13/><G118/><T76/><D76/><U42/><E42/><V100/><F22/><W3/><G3/><RYUUKYOKU ba="0,0" sc="250,15,250,15,250,-15,250,-15" hai0="12,56,57,58" hai1="39,43,46,54,55,128,131" /><INIT seed="0,1,0,2,0,14" ten="265,265,235,235" oya="0" hai0="30,116,113,134,74,83,13,28,97,104,64,130,120" hai1="20,3,98,86,126,6,72,101,115,11,125,59,69" hai2="70,110,41,127,61,62,63,45,89,25,75,37,81" hai3="108,105,39,19,36,123,96,21,87,48,1,18,107"/><T91/><D113/><U68/><E72/><V47/><F127/><N who="1" m="48649" /><E115/><V129/><F129/><W84/><G1/><T43/><D120/><U33/><E33/><V40/><F110/><W106/><G108/><T4/><D116/><U0/><E0/><V57/><F25/><W10/><G96/><T31/><D130/><U12/><E59/><V49/><F89/><W135/><G135/><T94/><D134/><U66/><E66/><N who="2" m="41311" /><F81/><W88/><G123/><T8/><D64/><U35/><E35/><V9/><F9/><W132/><G132/><T7/><D43/><U53/><E53/><N who="2" m="31919" /><F75/><W117/><G117/><T44/><D44/><U22/><E86/><V114/><F114/><W121/><G121/><T102/><D4/><U58/><E58/><V26/><F26/><W77/><G87/><T65/><D65/><U92/><E20/><V17/><F17/><AGARI ba="1,0" hai="3,6,11,12,17,22,68,69,92,98,101" m="48649" machi="17" ten="30,2000,0" yaku="18,1,52,1" doraHai="14" who="1" fromWho="2" sc="265,0,265,23,235,-23,235,0" /><INIT seed="1,0,0,0,5,9" ten="265,288,212,235" oya="1" hai0="127,102,131,124,12,84,90,28,79,18,100,8,125" hai1="99,133,128,26,52,105,75,45,29,61,58,40,111" hai2="64,101,86,47,66,88,92,38,13,43,14,4,65" hai3="19,87,36,3,30,24,130,113,71,49,97,59,0"/><U42/><E75/><V73/><F73/><W135/><G113/><T80/><D131/><U118/><E118/><V132/><F132/><W121/><G121/><T76/><REACH who="0" step="1"/><D28/><REACH who="0" ten="255,288,212,235" step="2"/><U89/><E128/><V15/><REACH who="2" step="1"/><F101/><AGARI ba="0,1" hai="8,12,18,76,79,80,84,90,100,101,102,124,125,127" machi="101" ten="40,8000,1" yaku="1,1,2,1,18,1,52,1,53,0" doraHai="9" doraHaiUra="23" who="0" fromWho="2" sc="255,90,288,0,212,-80,235,0" /><INIT seed="2,0,0,4,0,33" ten="345,288,132,235" oya="2" hai0="59,109,88,74,94,125,119,130,86,38,98,95,25" hai1="62,35,22,97,120,91,129,76,105,112,8,82,61" hai2="64,60,134,126,132,15,26,104,36,124,65,54,89" hai3="84,30,39,116,135,93,47,11,37,14,52,92,96"/><V24/><F89/><N who="3" m="53287" /><G37/><T121/><D121/><U113/><E35/><V9/><F104/><W19/><G116/><T117/><D38/><U80/><E129/><V50/><F36/><W68/><G68/><T131/><D74/><U43/><E120/><V72/><F72/><W12/><G135/><N who="2" m="51753" /><F15/><N who="3" m="7679" /><G39/><T123/><D123/><U29/><E105/><V69/><F9/><W66/><G30/><T101/><D59/><U17/><E8/><V2/><F64/><W1/><G1/><T111/><D25/><N who="2" m="9834" /><F2/><W32/><G32/><T85/><D125/><U13/><E113/><V23/><F23/><W42/><G42/><T3/><D3/><U87/><E112/><V75/><F75/><W103/><G66/><T27/><D27/><U70/><E13/><V40/><F40/><W31/><G31/><T58/><D58/><AGARI ba="0,0" hai="50,54,58,60,65,69,124,126" m="9834,51753" machi="58" ten="30,1500,0" yaku="20,1" doraHai="33" who="2" fromWho="0" sc="345,-15,288,0,132,15,235,0" /><INIT seed="2,1,0,2,1,15" ten="330,288,147,235" oya="2" hai0="21,45,1,7,39,79,121,125,126,74,115,29,27" hai1="32,122,132,48,56,124,65,50,0,49,77,28,99" hai2="54,18,108,78,30,23,119,51,60,26,13,104,47" hai3="123,89,100,44,34,36,105,96,66,97,129,11,116"/><V42/><F119/><W91/><G116/><T41/><D121/><U95/><E0/><V37/><F104/><W107/><G123/><T59/><D59/><U120/><E32/><V33/><F108/><W111/><G111/><T131/><D131/><U94/><E28/><V69/><F78/><W64/><G129/><T73/><D115/><U83/><E132/><V101/><F101/><W25/><G11/><N who="0" m="2543" /><D79/><U81/><E124/><AGARI ba="1,0" hai="21,27,29,39,41,45,73,74,124,125,126" m="2543" machi="124" ten="30,1000,0" yaku="18,1" doraHai="15" who="0" fromWho="1" sc="330,13,288,-13,147,0,235,0" /><INIT seed="3,0,0,5,3,91" ten="343,275,147,235" oya="3" hai0="54,44,28,3,61,108,121,45,87,10,117,131,109" hai1="2,114,7,37,84,31,13,124,12,96,118,58,6" hai2="25,40,68,130,20,90,105,71,33,77,73,49,21" hai3="55,30,75,5,93,46,120,39,26,135,35,72,16"/><W88/><G120/><T78/><D121/><U70/><E70/><V97/><F105/><W64/><G5/><T50/><D117/><U92/><E37/><V99/><F130/><W69/><G69/><T53/><D28/><U102/><E124/><V119/><F119/><W100/><G64/><T48/><D131/><U132/><E132/><V115/><F115/><W89/><G135/><T134/><D134/><U42/><E114/><V103/><F33/><W104/><G104/><T23/><D23/><U65/><E2/><V57/><F40/><W113/><G113/><T18/><D61/><N who="1" m="38071" /><E118/><V86/><F99/><W74/><G100/><T60/><D60/><U19/><E31/><V0/><F0/><W128/><G89/><T56/><D56/><U80/><E13/><V116/><F21/><W81/><G128/><T14/><D3/><U94/><E94/><V63/><F49/><W41/><G55/><T17/><D17/><U111/><E111/><V107/><F116/><W66/><G66/><T11/><D11/><N who="1" m="6559" /><E42/><V133/><F133/><W27/><G27/><T62/><D62/><U76/><AGARI ba="0,0" hai="6,7,76,80,84,92,96,102" m="6559,38071" machi="76" ten="30,2000,0" yaku="8,1,52,1" doraHai="91" who="1" fromWho="1" sc="343,-5,275,20,147,-5,235,-10" owari="338,43.8,295,9.5,142,-35.8,225,-17.5" /></mjloggm>