<mjloggm ver="2.3"><GO type="225" lobby="0"/><UN n0="%E6%98%93%E5%88%A9%E8%96%A9%E4%BC%AF" n1="%E9%BB%99%E8%81%B4%E3%81%AE%E3%81%99%E3%82%9D%E3%82%81" n2="%E3%82%BC%E3%83%AB%E3%83%80%E3%81%AE%E4%BC%9D%E8%AA%AC" n3="%72%69%6F%75%63%68%61%6E" dan="16,16,17,16" rate="2114.92,2150.37,2156.65,2195.11" sx="F,M,M,M"/><TAIKYOKU oya="0"/><INIT seed="0,0,0,1,4,81" ten="250,250,250,250" oya="0" hai0="8,108,25,88,75,55,126,53,105,7,58,43,131" hai1="32,84,2,50,39,79,54,19,52,0,35,49,17" hai2="22,45,63,130,124,1,47,128,92,3,31,135,33" hai3="18,11,15,85,134,9,21,133,121,38,93,104,48"/><T27/><D105/><U13/><E39/><V102/><F33/><W76/><G38/><T101/><D75/><U83/><E35/><V111/><F111/><W42/><G121/><T86/><D108/><U87/><E32/><V100/><F63/><W74/><G104/><T5/><D101/><N who="2" m="39018" /><F92/><W23/><G74/><T57/><D43/><U4/><E4/><N who="0" m="1609" /><D131/><N who="2" m="50218" /><F124/><W96/><G21/><T97/><D97/><U68/><E68/><V71/><F71/><W56/><G42/><T123/><D8/><U113/><E113/><V90/><F90/><N who="3" m="55351" /><G134/><T62/><D123/><U70/><E70/><V122/><F122/><W14/><G133/><T117/><D117/><U64/><E64/><V26/><F135/><W12/><G56/><T114/><D114/><U61/><E61/><V73/><F73/><W72/><G48/><N who="0" m="30887" /><D126/><U115/><E115/><V28/><F28/><W95/><G72/><T34/><D34/><U106/><E106/><V94/><F94/><AGARI ba="0,0" hai="25,27,55,58,62,86,88,94" m="30887,1609" machi="94" ten="30,5800,0" yaku="8,1,52,1,54,1" doraHai="81" who="0" fromWho="2" sc="250,58,250,0,250,-58,250,0" /><INIT seed="0,1,0,5,4,114" ten="308,250,192,250" oya="0" hai0="39,90,56,102,41,2,42,68,92,121,14,36,96" hai1="43,98,87,120,5,65,93,55,13,46,23,111,82" hai2="86,28,25,103,3,76,104,54,72,107,17,49,61" hai3="99,48,19,70,78,119,122,89,32,9,7,30,21"/><T113/><D113/><U85/><E111/><V77/><F3/><W37/><G119/><T132/><D68/><U124/><E124/><V20/><F72/><W134/><G37/><T52/><D2/><U38/><E65/><V83/><F76/><W127/><G127/><T74/><D74/><U67/><E67/><V130/><F130/><W10/><G134/><T131/><D121/><U115/><E115/><V80/><F80/><W118/><G118/><T95/><D131/><U51/><E120/><V1/><F1/><W16/><G122/><T101/><D39/><U29/><E29/><V8/><F61/><W53/><G70/><T22/><D36/><U94/><E87/><V126/><F103/><W97/><G78/><T50/><D132/><U125/><E125/><V44/><F126/><W100/><G89/><T91/><D102/><U133/><E133/><V4/><F4/><W106/><G97/><T26/><D14/><U75/><E75/><V33/><REACH who="2" step="1"/><F8/><REACH who="2" ten="308,250,182,250" step="2"/><W69/><G10/><T35/><D101/><U117/><E117/><V27/><AGARI ba="1,1" hai="17,20,25,27,28,33,44,49,54,77,83,86,104,107" machi="27" ten="20,5200,0" yaku="1,1,2,1,0,1,7,1,53,0" doraHai="114" doraHaiUra="60" who="2" fromWho="2" sc="308,-27,250,-14,182,65,250,-14" /><INIT seed="1,0,0,3,1,52" ten="281,236,247,236" oya="1" hai0="42,73,123,90,106,128,60,91,101,13,6,56,93" hai1="65,20,98,57,85,64,39,122,41,100,71,36,109" hai2="104,12,19,130,2,0,24,96,69,70,99,16,84" hai3="44,112,81,82,83,58,113,110,3,15,30,33,8"/><U10/><E122/><V78/><F130/><W131/><G131/><T89/><D73/><U74/><E74/><V125/><F125/><W97/><G110/><T124/><D124/><U102/><E109/><V134/><F134/><W129/><G129/><T11/><D123/><U118/><E118/><V27/><F84/><W95/><G3/><T21/><D106/><U14/><E71/><V114/><F12/><W28/><G44/><T43/><D128/><U31/><E102/><V53/><F53/><W45/><G45/><T111/><D21/><U17/><E85/><V40/><F40/><N who="0" m="15402" /><D111/><U120/><E120/><V1/><F1/><W76/><G76/><T126/><D101/><U105/><E41/><V63/><F63/><W119/><G119/><T132/><D132/><U49/><E65/><V23/><F23/><W108/><G108/><T7/><D126/><U86/><E86/><V103/><F103/><N who="3" m="60863" /><G33/><T5/><D93/><U75/><E75/><V59/><F78/><W38/><G38/><T46/><D46/><U47/><E47/><V127/><F127/><W32/><G32/><T22/><D22/><U115/><E115/><V68/><F68/><W50/><G113/><T34/><D34/><U117/><E117/><V133/><F114/><W25/><G112/><T72/><D72/><U4/><E31/><V54/><F133/><W121/><G121/><T51/><D51/><U88/><E49/><V37/><F37/><W87/><G87/><T92/><D92/><N who="1" m="56583" /><E105/><V79/><F104/><W66/><G50/><T61/><D61/><N who="1" m="37935" /><E100/><V62/><F70/><W26/><G28/><RYUUKYOKU ba="0,0" sc="281,15,236,15,247,-15,236,-15" hai0="5,6,7,11,13,56,60,89,90,91" hai1="4,10,14,17,20,36,39" /><INIT seed="1,1,0,3,5,47" ten="296,251,232,221" oya="1" hai0="90,30,19,112,4,134,22,77,98,87,56,27,34" hai1="111,107,43,36,14,39,50,62,5,2,81,70,109" hai2="99,52,68,128,23,117,44,21,45,61,76,123,130" hai3="127,20,24,124,101,104,67,35,133,41,40,66,132"/><U6/><E107/><V46/><F76/><W84/><G35/><T11/><D112/><U64/><E2/><V100/><F117/><W96/><G84/><T29/><D134/><N who="3" m="51817" /><G40/><T103/><D77/><U48/><E81/><V49/><F123/><W115/><G41/><T51/><D34/><U32/><E32/><V79/><F79/><W73/><G73/><T89/><D56/><U88/><E88/><V85/><F85/><W26/><G115/><T121/><D51/><N who="1" m="19499" /><E14/><V15/><F46/><W37/><G26/><T93/><D121/><U129/><E43/><V91/><F91/><W120/><G37/><N who="1" m="14410" /><E129/><N who="2" m="49771" /><F45/><W86/><G120/><T69/><D90/><U31/><E31/><V125/><F15/><W63/><G86/><T13/><D69/><U82/><E82/><AGARI ba="1,0" hai="4,11,13,19,22,27,29,30,82,87,89,93,98,103" machi="82" ten="30,2000,0" yaku="7,1,8,1" doraHai="47" who="0" fromWho="1" sc="296,23,251,-23,232,0,221,0" /><INIT seed="2,0,0,0,5,76" ten="319,228,232,221" oya="2" hai0="1,124,89,86,111,61,74,119,15,10,54,92,58" hai1="85,109,4,3,101,72,103,132,81,82,49,21,127" hai2="18,41,134,126,13,45,9,91,78,40,51,131,7" hai3="112,11,35,98,105,46,24,56,94,63,116,77,120"/><V44/><F126/><W39/><G116/><T96/><D74/><U135/><E3/><V66/><F134/><N who="1" m="51241" /><E4/><V33/><F33/><W37/><G120/><T100/><D111/><U123/><E127/><V27/><F131/><W19/><G112/><T128/><D124/><U125/><E125/><V113/><F113/><W121/><G121/><T43/><D43/><U6/><E6/><V34/><F78/><W59/><G105/><T36/><D36/><U129/><E123/><V22/><F34/><W32/><G77/><T20/><D1/><U17/><E72/><V23/><F66/><W53/><G35/><T99/><D20/><U84/><E49/><V71/><F71/><W75/><G75/><T87/><D119/><U110/><E129/><V118/><F118/><W69/><G69/><T90/><D128/><U48/><E48/><N who="2" m="26631" /><F23/><N who="3" m="13439" /><G32/><T115/><D115/><U107/><E17/><N who="2" m="12751" /><F91/><N who="3" m="55647" /><G46/><T31/><D31/><U117/><E21/><V50/><F50/><W93/><G11/><T62/><D62/><U2/><E2/><V29/><F29/><W88/><G56/><T42/><D42/><U108/><E117/><V70/><F70/><W47/><G47/><T12/><D10/><U28/><E28/><V65/><F65/><W130/><G130/><T55/><D58/><U102/><E107/><V114/><F114/><W0/><G0/><T52/><D61/><U68/><E68/><V133/><F133/><W38/><G37/><T80/><D100/><U26/><E26/><V25/><F25/><W16/><G16/><AGARI ba="0,0" hai="7,9,13,16,18,41,45,51" m="12751,26631" machi="16" ten="30,2900,0" yaku="8,1,54,1" doraHai="76" who="2" fromWho="3" sc="319,0,228,0,232,29,221,-29" /><INIT seed="2,1,0,2,5,127" ten="319,228,261,192" oya="2" hai0="77,134,24,50,14,67,132,32,2,106,13,126,92" hai1="89,57,116,124,6,23,44,27,109,80,129,25,51" hai2="53,18,90,39,70,121,34,16,107,81,98,49,133" hai3="100,131,17,29,30,7,86,66,103,130,101,63,61"/><V118/><F118/><W88/><G7/><T104/><D2/><U47/><E124/><V125/><F121/><W1/><G1/><T110/><D110/><U120/><E116/><V54/><F125/><W46/><G46/><T58/><D77/><U10/><E109/><V91/><F39/><W68/><G61/><N who="0" m="38327" /><D50/><U40/><E120/><V128/><F70/><W31/><REACH who="3" step="1"/><G17/><REACH who="3" ten="319,228,261,182" step="2"/><T12/><D126/><U43/><E47/><V93/><F16/><W60/><G60/><T96/><D134/><U75/><E44/><V82/><F18/><W97/><G97/><T15/><D96/><U65/><E43/><V76/><F98/><W119/><G119/><T8/><D132/><U36/><E40/><V59/><F133/><W85/><G85/><T73/><D8/><U105/><E10/><V99/><F99/><W3/><G3/><T56/><D73/><U0/><E75/><V108/><F108/><W74/><G74/><T71/><D106/><U123/><E0/><V21/><F107/><W9/><G9/><T45/><D45/><U135/><E105/><V94/><F49/><W117/><G117/><T122/><D104/><U87/><E51/><V5/><F5/><W55/><G55/><T84/><D84/><U28/><E6/><V62/><F62/><W78/><G78/><T113/><D122/><U95/><E123/><V11/><F11/><W42/><G42/><T52/><D52/><U38/><E135/><V69/><F53/><W114/><G114/><T64/><D113/><U26/><E87/><N who="2" m="52447" /><F54/><W83/><AGARI ba="1,1" hai="29,30,31,63,66,68,83,86,88,100,101,103,130,131" machi="83" ten="40,8000,1" yaku="1,1,0,1,52,2,54,1,53,0" doraHai="127" doraHaiUra="72" who="3" fromWho="3" sc="319,-21,228,-21,261,-41,182,93" /><INIT seed="3,0,0,4,1,32" ten="298,207,220,275" oya="3" hai0="73,107,56,86,68,4,50,21,103,63,60,85,66" hai1="31,23,130,24,39,62,53,93,127,113,126,118,129" hai2="78,116,75,33,15,131,104,121,82,41,52,135,92" hai3="28,49,37,117,124,38,34,74,10,16,17,48,94"/><W64/><G117/><T81/><D50/><U8/><E39/><V67/><F116/><W100/><G74/><T61/><D4/><U108/><E118/><V83/><F33/><W102/><G124/><N who="1" m="47658" /><E113/><V35/><F35/><W58/><G34/><T120/><D120/><U99/><E108/><V6/><F104/><W43/><G28/><T132/><D132/><U25/><E62/><V115/><F115/><W45/><G10/><T70/><D70/><U84/><E84/><V111/><F111/><W57/><G64/><T89/><D63/><U105/><E105/><V46/><F67/><W112/><G112/><T29/><D61/><U69/><E69/><V9/><F135/><W12/><G12/><T55/><D86/><U14/><E53/><V128/><F121/><W2/><G2/><T80/><D103/><N who="3" m="39465" /><G37/><T106/><D66/><U0/><E93/><V65/><F92/><W30/><G30/><T36/><D36/><U18/><E99/><V133/><F133/><W19/><G38/><T125/><D68/><U96/><E96/><V7/><F65/><W40/><G94/><T110/><D110/><U88/><E88/><V71/><F71/><W72/><G72/><T42/><D125/><U119/><E119/><V54/><F6/><W109/><G109/><T22/><D107/><U51/><E51/><N who="3" m="19530" /><G45/><T123/><D106/><U44/><E44/><V47/><F47/><W5/><G5/><T77/><D123/><U91/><E91/><V27/><F46/><W59/><AGARI ba="0,0" hai="16,17,19,40,43,57,58,59" m="19530,39465" machi="59" ten="40,12000,1" yaku="28,2,8,1,54,1" doraHai="32" who="3" fromWho="3" sc="298,-40,207,-40,220,-40,275,120" owari="258,5.8,167,-33.3,180,-22.0,395,49.5" /></mjloggm>