<mjloggm ver="2.3"><GO type="225" lobby="0"/><UN n0="%E3%81%8B%E3%82%8F%E3%81%A1%E3%82%83%E3%82%93%35%38" n1="%47%32%E9%BE%8D%E9%96%80" n2="%E9%80%9F%E6%B0%B4%E5%87%9B%E9%A6%99" n3="%72%61%6B%33" dan="16,16,16,16" rate="2115.81,2080.37,2162.57,2147.77" sx="M,M,F,M"/><TAIKYOKU oya="0"/><INIT seed="0,0,0,3,4,131" ten="250,250,250,250" oya="0" hai0="41,122,93,118,61,49,68,21,95,55,69,39,114" hai1="130,27,32,33,13,51,106,71,58,40,7,46,52" hai2="11,18,132,104,96,31,19,126,50,127,16,117,47" hai3="113,25,129,44,88,26,38,87,90,53,2,86,59"/><T84/><D114/><U97/><E130/><V119/><F31/><W1/><G129/><T101/><D118/><N who="2" m="45066" /><F11/><W10/><G113/><T82/><D122/><U76/><E71/><V125/><F104/><W78/><G78/><T74/><D74/><U42/><E76/><V108/><F108/><W5/><G1/><T102/><D39/><U36/><E40/><N who="2" m="24935" /><F96/><W0/><G0/><T83/><D41/><U91/><E27/><V67/><F67/><W29/><G44/><T72/><D72/><U63/><E36/><V134/><AGARI ba="0,0" hai="16,18,19,125,126,127,132,134" m="24935,45066" machi="134" ten="50,8000,1" yaku="18,1,12,1,52,2,54,1" doraHai="131" who="2" fromWho="2" sc="250,-40,250,-20,250,80,250,-20" /><INIT seed="1,0,0,4,3,84" ten="210,230,330,230" oya="1" hai0="65,109,112,13,105,6,89,92,127,71,10,22,64" hai1="51,122,12,128,79,123,129,116,35,87,43,27,117" hai2="74,59,19,108,37,78,7,20,103,115,56,28,124" hai3="47,9,63,106,2,8,17,14,125,134,111,110,77"/><U72/><E43/><V91/><F37/><W3/><G106/><T67/><D112/><U98/><E51/><V25/><F103/><W21/><G77/><T107/><D71/><U49/><E49/><V62/><F108/><N who="3" m="41515" /><G63/><T131/><D109/><U68/><E68/><V75/><F124/><W101/><G101/><T58/><D127/><U50/><E50/><V120/><F120/><N who="1" m="46121" /><E12/><V61/><F7/><N who="3" m="1143" /><G47/><T32/><D32/><U5/><E5/><V130/><F130/><N who="1" m="50281" /><E87/><V80/><F115/><W66/><G66/><T42/><D131/><U11/><E11/><V102/><F56/><W85/><G85/><T119/><D42/><U81/><E98/><V121/><F59/><W45/><G45/><T4/><D58/><U82/><E82/><V40/><F80/><W126/><G3/><T39/><D39/><U90/><E90/><V24/><F91/><W135/><G9/><T57/><D57/><U41/><E41/><V53/><F40/><W48/><G48/><T94/><D65/><U33/><E27/><V36/><F24/><W52/><G52/><T16/><D10/><U76/><E76/><V31/><F25/><W69/><G69/><T55/><D55/><U46/><E46/><V0/><F53/><W93/><G93/><T70/><D70/><U104/><E104/><V26/><F121/><W44/><G44/><T118/><D105/><U29/><E29/><V30/><F28/><W18/><G18/><T114/><D107/><U97/><E97/><V96/><F30/><W132/><AGARI ba="0,0" hai="14,17,21,125,126,132,134,135" m="1143,41515" machi="132" ten="40,8000,1" yaku="20,1,14,1,34,2" doraHai="84" who="3" fromWho="3" sc="210,-20,230,-40,330,-20,230,80" /><INIT seed="2,0,0,0,0,30" ten="190,190,310,310" oya="2" hai0="74,37,65,5,7,55,75,86,73,101,9,54,128" hai1="2,123,118,89,0,77,111,69,79,102,68,113,26" hai2="99,4,96,50,106,27,15,45,107,103,135,112,117" hai3="131,93,109,119,21,114,87,62,85,94,108,3,60"/><V91/><F117/><W127/><G21/><T35/><D37/><U98/><E118/><V42/><F112/><W13/><G119/><T41/><D41/><U10/><E113/><V97/><F135/><W28/><G114/><T71/><D101/><U72/><E111/><V121/><F121/><W125/><G28/><T67/><D86/><N who="3" m="32777" /><G13/><T70/><D9/><U18/><E89/><V17/><F91/><W36/><G3/><T129/><D74/><U59/><E59/><V82/><F82/><W12/><G12/><T90/><D90/><U24/><E10/><V48/><F4/><W78/><G36/><T84/><D84/><U23/><E26/><V132/><F27/><W57/><G78/><T11/><D11/><U47/><E47/><V80/><F132/><W51/><G51/><T61/><D61/><N who="3" m="23657" /><G57/><T120/><D120/><U33/><E123/><V115/><F80/><W6/><G6/><T29/><D29/><U25/><E72/><V43/><F115/><W56/><G56/><T63/><D63/><U100/><E23/><V22/><F107/><W76/><G76/><T81/><D81/><U8/><E8/><V32/><F32/><AGARI ba="0,0" hai="5,7,32,35,54,55,65,67,70,71,73,75,128,129" machi="32" ten="25,6400,0" yaku="22,2,52,2" doraHai="30" who="0" fromWho="2" sc="190,64,190,0,310,-64,310,0" /><INIT seed="3,0,0,4,5,18" ten="254,190,246,310" oya="3" hai0="103,74,90,85,17,71,82,86,105,39,95,58,16" hai1="35,117,134,65,124,101,87,1,72,113,131,27,51" hai2="98,66,52,38,99,21,55,92,100,20,22,9,59" hai3="111,54,64,0,67,122,121,45,36,57,89,23,30"/><W62/><G0/><T6/><D71/><U46/><E113/><V123/><F38/><W32/><G32/><T80/><D39/><U47/><E72/><V78/><F123/><W96/><G111/><T3/><D74/><U126/><E1/><V73/><F73/><W77/><G77/><T31/><D105/><U114/><E114/><V13/><F78/><W110/><G110/><T4/><D31/><U127/><E101/><V133/><F133/><W109/><G109/><T68/><D68/><U42/><E117/><V7/><F98/><W19/><G30/><T24/><D58/><U94/><E35/><V48/><F55/><W75/><G75/><T102/><D3/><U14/><E14/><V106/><F106/><W128/><G128/><T28/><D28/><U88/><E131/><V10/><F10/><W112/><G112/><T76/><D95/><U2/><E2/><V41/><F41/><N who="3" m="22695" /><G64/><AGARI ba="0,0" hai="7,9,13,20,21,22,48,52,59,64,66,92,99,100" machi="64" ten="40,8000,1" yaku="8,1,52,3,54,1" doraHai="18" who="2" fromWho="3" sc="254,0,190,0,246,80,310,-80" owari="254,5.4,190,-31.0,326,42.6,230,-17.0" /></mjloggm>