<mjloggm ver="2.3"><GO type="225" lobby="0"/><UN n0="%E3%81%8B%E3%82%8F%E3%81%A1%E3%82%83%E3%82%93%35%38" n1="%E5%B0%8F%E9%B3%A5%E9%81%8A%E7%B7%B4%E7%84%A1%32%31%E6%AD%B3" n2="%73%75%7A%75%6D%65%33" n3="%73%61%6E%64%69%72%69%73" dan="16,16,18,16" rate="2152.96,2169.64,2268.76,2140.26" sx="M,F,M,M"/><TAIKYOKU oya="0"/><INIT seed="0,0,0,4,3,113" ten="250,250,250,250" oya="0" hai0="44,53,10,3,72,61,16,63,49,20,59,2,35" hai1="98,18,21,41,80,48,15,105,90,131,85,67,119" hai2="39,118,125,124,101,71,89,13,55,96,97,66,129" hai3="122,45,28,36,27,31,78,109,92,102,60,114,50"/><T79/><D35/><U8/><E131/><V84/><F129/><W52/><G114/><T75/><D63/><U115/><E115/><V43/><F55/><W42/><G109/><T128/><D128/><U56/><E119/><V126/><F118/><W106/><G122/><T100/><D100/><U1/><E1/><V11/><F66/><W76/><G106/><T77/><D3/><U110/><E110/><V74/><F74/><W26/><G60/><T104/><D104/><U108/><E108/><V62/><F62/><W4/><G4/><T17/><D75/><U54/><E67/><V134/><F71/><W86/><G27/><T25/><D72/><U7/><E41/><V58/><F58/><W0/><G0/><T69/><D69/><U87/><E105/><V14/><F134/><W37/><G31/><T23/><D10/><U123/><E123/><V91/><F101/><W65/><G65/><T34/><D34/><U95/><REACH who="1" step="1"/><E80/><REACH who="1" ten="250,240,250,250" step="2"/><V64/><F64/><W12/><G42/><N who="0" m="24727" /><D2/><U121/><E121/><V112/><F112/><W29/><G37/><T40/><D40/><U103/><E103/><V111/><F111/><W5/><G36/><T46/><D46/><U82/><E82/><N who="2" m="49303" /><F43/><W9/><G102/><T107/><D107/><U33/><E33/><V120/><F39/><W135/><G45/><T6/><D6/><U51/><E51/><V81/><F120/><W130/><G50/><T24/><AGARI ba="0,1" hai="16,17,20,23,24,25,53,59,61,77,79" m="24727" machi="24" ten="30,3000,0" yaku="8,1,54,1" doraHai="113" who="0" fromWho="0" sc="250,40,240,-10,250,-10,250,-10" /><INIT seed="0,1,0,5,1,101" ten="290,230,240,240" oya="0" hai0="123,87,44,108,26,4,68,15,59,29,49,33,20" hai1="56,14,76,69,70,50,88,22,74,106,125,100,103" hai2="73,102,13,41,5,85,7,83,34,57,63,65,72" hai3="104,58,16,11,25,81,110,23,131,117,0,37,121"/><T89/><D68/><U91/><E125/><V8/><F34/><W19/><G117/><T10/><D108/><U115/><E76/><V38/><F7/><W97/><G37/><T107/><D123/><U35/><E74/><V135/><F135/><W130/><G110/><T86/><D107/><U134/><E134/><V32/><F32/><W48/><G81/><T62/><D33/><U24/><E35/><V27/><F27/><W113/><G113/><T120/><D120/><U3/><E3/><V67/><F67/><W124/><G121/><T93/><D87/><U122/><E122/><V39/><F102/><N who="3" m="62543" /><G124/><T17/><D62/><U30/><E115/><V46/><REACH who="2" step="1"/><F38/><REACH who="2" ten="290,230,230,240" step="2"/><W47/><G25/><T128/><D128/><U40/><E100/><V116/><F116/><W64/><G64/><T92/><D4/><U90/><E69/><V99/><F99/><W12/><G131/><T80/><REACH who="0" step="1"/><D59/><REACH who="0" ten="280,230,230,240" step="2"/><U45/><E70/><V118/><F118/><W105/><G58/><T98/><D98/><U95/><E56/><V82/><F82/><W28/><G130/><T94/><D94/><U112/><E95/><V109/><F109/><W111/><G111/><T43/><AGARI ba="1,2" hai="10,15,17,20,26,29,43,44,49,80,86,89,92,93" machi="43" ten="20,7800,0" yaku="1,1,0,1,7,1,8,1,53,0" doraHai="101" doraHaiUra="54" who="0" fromWho="0" sc="280,101,230,-27,230,-27,240,-27" /><INIT seed="0,2,0,3,2,58" ten="381,203,203,213" oya="0" hai0="110,75,80,134,81,131,93,117,1,54,96,45,24" hai1="86,70,3,119,104,49,120,89,112,128,21,39,84" hai2="118,50,79,123,40,126,26,8,67,32,65,10,14" hai3="31,7,97,130,72,20,36,71,52,6,18,83,102"/><T132/><D1/><U62/><E3/><V19/><F123/><W92/><G36/><T116/><D24/><U107/><E39/><V124/><F118/><N who="0" m="45674" /><D54/><U37/><E37/><V5/><F79/><W125/><G125/><N who="2" m="48233" /><F32/><W90/><G130/><T73/><D45/><U53/><E119/><V44/><F26/><W47/><G71/><T133/><D131/><U34/><E70/><V28/><F28/><W68/><G68/><T135/><D110/><U105/><E34/><V9/><F5/><W13/><G31/><T41/><D41/><U103/><E128/><V4/><F4/><W22/><G22/><AGARI ba="2,0" hai="8,9,10,14,19,22,40,44,50,65,67" m="48233" machi="22" ten="30,1000,0" yaku="18,1" doraHai="58" who="2" fromWho="3" sc="381,0,203,0,203,16,213,-16" /><INIT seed="1,0,0,4,1,111" ten="381,203,219,197" oya="1" hai0="92,115,57,78,82,51,77,107,62,130,10,11,129" hai1="114,59,87,118,56,104,106,21,63,67,50,88,60" hai2="26,5,110,135,36,85,125,72,42,32,66,132,0" hai3="30,48,64,3,55,29,44,121,8,86,101,120,12"/><U37/><E37/><V117/><F117/><W34/><G3/><T84/><D115/><U126/><E118/><V28/><F110/><W52/><G64/><T6/><D107/><U75/><E75/><V79/><F125/><W25/><G30/><T95/><D51/><U83/><E126/><V76/><F66/><W108/><G108/><T15/><D78/><U80/><E114/><V124/><F124/><W122/><G101/><T24/><D24/><U70/><E80/><N who="2" m="45063" /><F85/><W1/><G1/><T19/><D130/><U41/><E70/><V91/><F91/><W81/><G55/><T31/><D31/><U53/><E21/><V100/><F100/><W102/><G102/><T105/><D105/><U73/><REACH who="1" step="1"/><E73/><REACH who="1" ten="381,193,219,197" step="2"/><V103/><F36/><W23/><G23/><T123/><D129/><U97/><E97/><V131/><F131/><W9/><REACH who="3" step="1"/><G12/><REACH who="3" ten="381,193,219,187" step="2"/><N who="0" m="7575" /><D123/><U98/><E98/><V54/><F0/><W113/><G113/><T58/><D15/><U74/><E74/><V16/><F135/><W93/><G93/><T40/><D95/><U128/><E128/><V112/><F132/><W71/><G71/><T2/><D92/><U89/><E89/><AGARI ba="0,2" hai="8,9,25,29,34,44,48,52,81,86,89,120,121,122" machi="89" ten="40,5200,0" yaku="1,1,54,1,53,1" doraHai="111" doraHaiUra="46" who="3" fromWho="1" sc="381,0,193,-52,219,0,187,72" /><INIT seed="2,0,0,1,0,2" ten="381,141,219,259" oya="2" hai0="99,133,12,70,18,52,64,9,107,73,16,11,50" hai1="48,55,56,66,92,39,122,31,135,57,32,95,53" hai2="81,126,47,60,68,15,124,0,7,79,82,87,113" hai3="125,131,71,77,98,109,103,116,58,1,36,105,114"/><V38/><F113/><W89/><RYUUKYOKU type="yao9" ba="0,0" sc="381,0,141,0,219,0,259,0" hai3="1,36,58,71,77,89,98,103,105,109,114,116,125,131" /><INIT seed="2,1,0,3,0,130" ten="381,141,219,259" oya="2" hai0="63,30,43,68,103,4,1,60,117,37,84,133,85" hai1="42,16,106,95,39,90,57,100,121,119,31,97,6" hai2="54,113,87,99,79,38,80,47,27,69,51,32,34" hai3="111,83,7,81,66,112,36,127,70,14,56,104,120"/><V105/><F113/><W122/><G104/><T78/><D103/><U53/><E119/><V86/><F69/><W61/><G111/><T93/><D30/><U76/><E121/><V74/><F38/><W17/><G127/><T13/><D93/><U102/><E6/><V35/><REACH who="2" step="1"/><F27/><REACH who="2" ten="381,141,209,259" step="2"/><W41/><G112/><T20/><D37/><U10/><E39/><V126/><F126/><W94/><G70/><T75/><D68/><U134/><E31/><V125/><F125/><W96/><G120/><T48/><D117/><U116/><E116/><V5/><F5/><W12/><G122/><T115/><D4/><U107/><E107/><V92/><F92/><W124/><G124/><T15/><D115/><U73/><E106/><V22/><F22/><W28/><G28/><T123/><D20/><U33/><E33/><V45/><F45/><W21/><G36/><T11/><D123/><U59/><E95/><V135/><F135/><W77/><G7/><T50/><D133/><U55/><E134/><V108/><F108/><W82/><G12/><T25/><D13/><U88/><E10/><V58/><F58/><W109/><G109/><T131/><D15/><U29/><E29/><V101/><AGARI ba="1,1" hai="32,34,35,47,51,54,74,79,80,86,87,99,101,105" machi="101" ten="40,3900,0" yaku="1,1,0,1,53,0" doraHai="130" doraHaiUra="19" who="2" fromWho="2" sc="381,-14,141,-14,209,52,259,-14" /><INIT seed="2,2,0,5,1,42" ten="367,127,261,245" oya="2" hai0="12,95,40,26,107,104,121,58,90,115,108,32,112" hai1="93,49,24,91,22,65,11,44,67,135,110,13,100" hai2="53,74,50,16,21,31,119,134,52,20,116,103,133" hai3="89,131,45,37,61,17,46,109,72,122,84,1,79"/><V130/><F74/><W94/><G122/><T63/><D121/><U41/><E110/><V19/><F31/><W10/><G109/><T3/><D3/><U59/><E135/><N who="2" m="51723" /><F103/><W127/><G127/><T128/><D108/><U15/><E100/><V2/><F2/><W101/><G131/><T8/><D40/><U78/><E78/><V14/><F130/><W71/><G37/><T129/><D129/><U51/><E59/><N who="2" m="33175" /><F53/><W62/><G101/><T68/><D128/><U7/><E15/><AGARI ba="2,0" hai="14,15,16,19,20,21,116,119" m="33175,51723" machi="15" ten="30,5800,0" yaku="20,1,54,2" doraHai="42" who="2" fromWho="1" sc="367,0,127,-64,261,64,245,0" /><INIT seed="2,3,0,3,3,72" ten="367,63,325,245" oya="2" hai0="100,27,98,119,97,31,63,101,131,3,130,132,113" hai1="54,48,91,118,10,39,69,127,35,43,114,134,47" hai2="102,124,45,104,125,122,79,75,37,62,80,73,115" hai3="2,51,40,32,52,121,59,88,94,135,12,33,77"/><V90/><F115/><W17/><G121/><T66/><D113/><U4/><E114/><V81/><F122/><W30/><G2/><T50/><D3/><U82/><E118/><V110/><F62/><W60/><G135/><T0/><D0/><U74/><E134/><V112/><F112/><W87/><G30/><T120/><D120/><U24/><E91/><V133/><F133/><W96/><G40/><T22/><D132/><U58/><E127/><N who="2" m="48715" /><F110/><W117/><G117/><T23/><D119/><U95/><E95/><V71/><F71/><W129/><G129/><N who="0" m="49163" /><D50/><U86/><E24/><V103/><F104/><W105/><G60/><T16/><D100/><N who="2" m="38442" /><F45/><W68/><G68/><N who="0" m="42079" /><D101/><U76/><E35/><V29/><F29/><W70/><G70/><T9/><D9/><U14/><E69/><V5/><F37/><W106/><G106/><T99/><D99/><U56/><E39/><V128/><F5/><W126/><G105/><T19/><D31/><U26/><E74/><N who="2" m="43127" /><F128/><W83/><G126/><T18/><D18/><U64/><E64/><V65/><F65/><W11/><AGARI ba="3,0" hai="11,12,17,32,33,51,52,59,77,83,87,88,94,96" machi="11" ten="20,8000,1" yaku="0,1,7,1,52,1,54,2" doraHai="72" who="3" fromWho="3" sc="367,-23,63,-23,325,-43,245,89" /><INIT seed="3,0,0,2,4,77" ten="344,40,282,334" oya="3" hai0="53,66,108,125,73,11,21,95,128,127,118,121,84" hai1="87,135,111,30,133,107,89,63,62,47,102,90,44" hai2="94,48,26,114,27,96,14,58,71,101,6,82,83" hai3="81,112,20,85,69,57,100,46,8,13,42,33,88"/><W134/><G112/><T56/><D121/><U104/><E102/><V17/><F71/><W32/><G69/><T70/><D73/><U55/><E87/><V132/><F132/><W35/><G134/><T86/><D108/><U12/><E55/><N who="2" m="32103" /><F6/><W78/><G100/><T92/><D128/><U123/><E12/><V19/><F114/><W37/><G57/><T115/><D115/><U72/><E30/><V131/><F131/><W43/><G43/><T50/><D118/><U97/><E72/><V116/><F116/><W9/><REACH who="3" step="1"/><G78/><REACH who="3" ten="344,40,282,324" step="2"/><T41/><D41/><U120/><E111/><V68/><F68/><W93/><G93/><T24/><D95/><U38/><E97/><V76/><F76/><W25/><G25/><N who="2" m="9225" /><F19/><AGARI ba="0,1" hai="8,9,13,19,20,32,33,35,37,42,46,81,85,88" machi="19" ten="40,7700,0" yaku="1,1,52,1,54,1,53,0" doraHai="77" doraHaiUra="2" who="3" fromWho="2" sc="344,0,40,0,282,-77,324,87" owari="344,14.4,40,-46.0,205,-19.5,411,51.1" /></mjloggm>