<mjloggm ver="2.3"><GO type="225" lobby="0"/><UN n0="%E3%82%BC%E3%83%AB%E3%83%80%E3%81%AE%E4%BC%9D%E8%AA%AC" n1="%EF%BC%B3%E3%81%9E%E3%81%88%E2%98%86" n2="%4B%2E%32%2E%4B%2E" n3="%E3%81%B5%E3%81%98%E3%81%8B%E3%81%A4" dan="17,16,16,17" rate="2212.36,2089.36,2099.49,2204.42" sx="M,M,M,M"/><TAIKYOKU oya="0"/><INIT seed="0,0,0,4,2,22" ten="250,250,250,250" oya="0" hai0="123,86,110,29,115,48,44,79,47,30,107,56,118" hai1="35,63,4,60,131,85,59,126,114,73,84,39,6" hai2="58,57,68,21,8,18,33,104,81,13,25,76,66" hai3="92,46,93,111,90,12,82,120,99,124,42,97,32"/><T51/><D115/><U74/><E35/><V54/><F104/><W129/><G111/><T87/><D107/><U1/><E39/><V9/><F33/><W121/><G124/><T71/><D71/><U3/><E114/><V31/><F68/><W67/><G32/><T102/><D102/><U128/><REACH who="1" step="1"/><E59/><REACH who="1" ten="250,240,250,250" step="2"/><V52/><F58/><W77/><G129/><T130/><D56/><U100/><E100/><V50/><F66/><W89/><G67/><T112/><D112/><U135/><E135/><V64/><F64/><W119/><G119/><T26/><D118/><U40/><E40/><V113/><F113/><W43/><G43/><T133/><D133/><U109/><E109/><V23/><REACH who="2" step="1"/><F54/><REACH who="2" ten="250,240,240,250" step="2"/><W117/><G117/><T14/><D110/><U134/><E134/><V70/><F70/><W80/><G42/><T122/><D130/><U105/><E105/><V83/><F83/><W28/><G82/><T5/><D123/><U55/><E55/><V34/><F34/><W91/><G80/><T116/><D116/><U94/><E94/><V106/><F106/><W62/><G121/><T127/><D122/><U41/><E41/><V11/><F11/><W15/><G120/><T125/><D125/><AGARI ba="0,2" hai="1,3,4,6,60,63,73,74,84,85,125,126,128,131" machi="125" ten="25,3200,0" yaku="1,1,22,2,53,0" doraHai="22" doraHaiUra="95" who="1" fromWho="0" sc="250,-32,240,52,240,0,250,0" /><INIT seed="1,0,0,1,4,25" ten="218,292,240,250" oya="1" hai0="69,82,62,119,24,32,134,111,70,105,65,110,27" hai1="98,101,92,49,96,76,67,84,103,117,128,44,99" hai2="114,57,30,16,22,60,71,85,47,72,91,48,15" hai3="58,19,38,79,14,115,131,95,56,4,107,127,37"/><U18/><E117/><V64/><F72/><W106/><G115/><T88/><D119/><U52/><E128/><V33/><F114/><W36/><G131/><T90/><D134/><U40/><E67/><V31/><F33/><W73/><G127/><T0/><D0/><U132/><E132/><V43/><F71/><W74/><G4/><T13/><D105/><U2/><E2/><V123/><F123/><W94/><G37/><T11/><D70/><U83/><E103/><V3/><F3/><W21/><G21/><T121/><D121/><U86/><E86/><V87/><F87/><W35/><G14/><T55/><D55/><U23/><E40/><V7/><F7/><W9/><G35/><T34/><D34/><U5/><E5/><V10/><F22/><W50/><G50/><T17/><D27/><AGARI ba="0,0" hai="18,23,27,44,49,52,76,83,84,92,96,98,99,101" machi="27" ten="30,5800,0" yaku="7,1,8,1,54,1" doraHai="25" who="1" fromWho="0" sc="218,-58,292,58,240,0,250,0" /><INIT seed="1,1,0,4,3,126" ten="160,350,240,250" oya="1" hai0="93,30,45,57,38,50,12,20,55,84,59,51,108" hai1="8,129,40,60,70,121,9,6,25,56,75,79,54" hai2="115,109,15,106,48,10,67,64,43,37,123,1,94" hai3="110,7,61,90,29,133,22,62,31,77,81,72,3"/><U86/><E121/><V49/><F106/><W119/><G119/><T112/><D112/><U24/><E75/><V114/><F123/><W41/><G110/><T0/><D0/><U21/><E70/><V76/><F1/><W118/><G118/><T91/><D108/><U134/><E134/><V13/><F109/><W124/><G133/><T32/><D38/><U97/><E6/><V111/><F111/><W125/><G41/><T131/><D32/><U95/><E25/><V78/><F37/><W88/><G3/><T127/><D127/><N who="3" m="48713" /><G7/><T105/><D105/><U128/><E86/><V104/><F104/><W26/><G31/><T4/><D131/><N who="1" m="50251" /><E79/><V101/><F78/><W46/><G46/><T66/><D30/><N who="1" m="17679" /><E40/><V98/><F76/><W47/><G72/><T85/><D4/><U18/><E18/><N who="2" m="8503" /><F43/><W132/><G77/><T87/><D87/><U5/><E5/><V36/><F15/><W117/><G132/><T34/><D34/><U80/><E80/><V27/><F27/><W68/><G26/><T83/><D84/><U44/><E44/><V39/><F115/><W35/><G68/><T11/><D83/><U33/><E33/><V19/><F114/><W65/><G81/><T103/><D45/><U99/><E99/><V122/><F122/><W130/><G35/><T135/><D135/><U63/><E60/><V16/><F98/><W102/><G62/><T116/><D85/><U74/><E74/><V89/><F19/><W42/><G61/><T71/><D71/><U58/><E58/><V73/><F73/><W107/><G130/><T28/><D57/><RYUUKYOKU ba="1,0" sc="160,-10,350,30,240,-10,250,-10" hai1="8,9,54,56,63,95,97" /><INIT seed="1,2,0,3,2,42" ten="150,380,230,240" oya="1" hai0="11,34,113,117,28,24,33,104,9,61,127,82,120" hai1="124,107,57,18,19,103,131,22,97,3,67,90,74" hai2="54,65,115,4,68,25,64,86,102,48,109,92,95" hai3="5,119,111,89,62,26,36,17,30,51,128,41,39"/><U69/><E69/><V81/><F109/><W43/><G111/><T21/><D104/><U37/><E37/><V0/><F115/><W52/><G128/><T129/><D113/><U126/><E74/><V105/><F105/><W44/><G119/><T87/><D117/><U76/><E76/><V31/><F68/><W121/><G121/><T100/><D129/><U135/><E3/><V79/><F4/><W56/><G5/><T94/><D120/><U29/><E135/><V72/><F0/><W35/><G17/><T85/><D127/><U45/><E45/><V108/><F72/><W114/><G114/><T13/><D9/><U14/><E29/><V58/><F108/><W23/><G89/><T99/><D34/><U123/><E90/><V1/><F1/><W55/><REACH who="3" step="1"/><G35/><REACH who="3" ten="150,380,230,230" step="2"/><T133/><D133/><U91/><E91/><V20/><F102/><W32/><G32/><T134/><D33/><U132/><E19/><V122/><F122/><W125/><G125/><T77/><D134/><U83/><E18/><V75/><F75/><W93/><G93/><AGARI ba="2,1" hai="20,25,31,48,54,58,64,65,79,81,86,92,93,95" machi="93" ten="40,1300,0" yaku="8,1" doraHai="42" who="2" fromWho="3" sc="150,0,380,0,230,29,230,-19" /><INIT seed="2,0,0,3,1,29" ten="150,380,259,211" oya="2" hai0="8,38,73,24,60,53,93,55,18,100,70,72,5" hai1="90,102,35,94,13,19,6,40,111,33,133,101,85" hai2="105,79,116,1,58,117,47,4,64,16,59,89,98" hai3="106,121,113,26,50,51,67,75,23,86,108,36,131"/><V118/><F79/><W130/><G121/><T17/><D38/><U52/><E6/><V15/><F1/><W34/><G106/><T66/><D73/><U97/><E111/><V65/><F4/><W82/><G75/><T84/><D72/><U63/><E40/><V109/><F109/><W123/><G36/><T103/><D103/><U68/><E102/><V107/><F47/><W124/><G108/><T3/><D18/><U95/><E133/><V49/><F107/><W14/><G123/><T88/><REACH who="0" step="1"/><D100/><REACH who="0" ten="140,380,259,211" step="2"/><U43/><E101/><V135/><F105/><W134/><G131/><T10/><D10/><U122/><E19/><V39/><F39/><W96/><G130/><T110/><D110/><U74/><E74/><V76/><F16/><W0/><G134/><T71/><D71/><U128/><E68/><V22/><F135/><W80/><G113/><T62/><D62/><U92/><E63/><V125/><F118/><W115/><G115/><T119/><D119/><U81/><E128/><V126/><F117/><W42/><G124/><T9/><D9/><U48/><E48/><V27/><F49/><W57/><G51/><T132/><D132/><U21/><E122/><V61/><F116/><W37/><G50/><T112/><D112/><U69/><E69/><V77/><F61/><W44/><G37/><T45/><D45/><U32/><E43/><V56/><F126/><W12/><G44/><T91/><D91/><U99/><E90/><V41/><F125/><W54/><G42/><T2/><D2/><U28/><E99/><V129/><F129/><W46/><G0/><RYUUKYOKU ba="0,1" sc="140,30,380,-10,259,-10,211,-10" hai0="3,5,8,17,24,53,55,60,66,70,84,88,93" /><INIT seed="3,1,1,1,3,90" ten="170,370,249,201" oya="3" hai0="107,51,59,78,96,91,37,22,4,80,36,61,46" hai1="73,66,45,7,15,17,49,89,24,103,109,111,48" hai2="116,84,56,52,129,33,21,0,92,110,54,86,27" hai3="106,68,3,63,62,95,2,69,20,101,93,128,100"/><W77/><G128/><T50/><D4/><U44/><E73/><V121/><F116/><W123/><G77/><T53/><D22/><N who="1" m="13391" /><E103/><N who="3" m="39498" /><G20/><T38/><D107/><U55/><E66/><V119/><F119/><W1/><G106/><T71/><D71/><N who="3" m="27209" /><G123/><T85/><REACH who="0" step="1"/><D46/><REACH who="0" ten="160,370,249,201" step="2"/><U30/><E45/><V28/><F121/><W97/><G1/><T104/><D104/><U12/><E44/><V10/><F0/><W130/><G2/><T134/><D134/><U102/><E7/><V99/><F21/><W65/><G3/><T8/><D8/><U124/><E30/><V131/><F10/><W41/><G130/><T82/><D82/><U34/><E34/><V6/><F6/><W40/><G95/><AGARI ba="1,2" hai="36,37,38,50,51,53,59,61,78,80,85,91,95,96" machi="95" ten="40,2600,0" yaku="1,1,52,1,53,0" doraHai="90" doraHaiUra="105" who="0" fromWho="3" sc="160,49,370,0,249,0,201,-29" owari="209,-19.1,370,47.0,249,4.9,172,-32.8" /></mjloggm>