<mjloggm ver="2.3"><GO type="225" lobby="0"/><UN n0="%E3%83%97%E3%83%AC%E3%83%B4%E3%82%A1%E3%83%86%E3%82%A3" n1="%E5%86%B7%E5%87%8D%E3%82%AE%E3%83%A7%E3%83%BC%E3%82%B6" n2="%E9%B3%B3%E6%9D%B1%E3%81%AE%E3%81%BF%E3%81%91%E3%81%AB%E3%82%83%E3%82%93" n3="%77%72%77%72%77%72%77%72" dan="16,17,17,16" rate="2100.49,2205.34,2146.19,2244.06" sx="F,M,F,M"/><TAIKYOKU oya="0"/><INIT seed="0,0,0,4,3,25" ten="250,250,250,250" oya="0" hai0="134,80,33,131,67,98,91,106,100,105,72,58,14" hai1="68,84,1,103,116,13,43,46,19,41,88,8,81" hai2="16,104,78,37,82,94,135,99,40,110,4,75,96" hai3="34,62,11,85,73,52,69,83,17,53,47,35,38"/><T45/><D131/><U79/><E116/><V130/><F110/><W5/><G73/><T97/><D33/><U10/><E68/><V127/><F127/><W26/><G17/><T117/><D117/><U122/><E122/><V48/><F135/><W77/><G38/><T7/><D134/><U108/><E103/><V55/><F4/><W0/><G47/><T20/><D45/><U107/><E107/><V111/><F40/><W124/><G124/><T129/><D129/><U22/><E108/><V15/><F37/><W70/><G35/><T59/><D67/><U51/><E43/><V63/><F111/><W95/><G95/><T66/><D66/><U90/><E1/><V120/><F120/><W61/><G61/><T128/><D128/><U27/><REACH who="1" step="1"/><E8/><REACH who="1" ten="250,240,250,250" step="2"/><V126/><F104/><W119/><G119/><T123/><D123/><U29/><AGARI ba="0,1" hai="10,13,19,22,27,29,41,46,51,79,81,84,88,90" machi="29" ten="20,16000,3" yaku="1,1,2,1,0,1,7,1,8,1,52,1,54,1,53,1" doraHai="25" doraHaiUra="18" who="1" fromWho="1" sc="250,-80,240,170,250,-40,250,-40" /><INIT seed="1,0,0,3,5,122" ten="170,410,210,210" oya="1" hai0="52,30,45,82,76,87,54,98,107,92,113,44,77" hai1="22,103,49,31,7,123,53,57,51,124,34,18,38" hai2="112,120,47,23,60,39,105,119,28,100,24,32,2" hai3="94,101,29,58,62,56,118,66,135,41,110,13,43"/><U91/><E123/><V19/><F119/><W117/><G135/><T4/><D113/><U46/><E124/><V80/><F120/><W126/><G126/><T90/><D107/><U99/><E38/><V0/><F112/><W16/><G29/><T116/><D116/><N who="3" m="44649" /><G110/><T89/><D30/><U96/><E7/><V27/><F100/><W42/><G94/><T129/><D129/><U25/><E91/><V35/><F105/><W108/><G108/><T36/><D4/><U14/><REACH who="1" step="1"/><E103/><REACH who="1" ten="170,400,210,210" step="2"/><V111/><F39/><W97/><G101/><T70/><D36/><U26/><E26/><V6/><F27/><W106/><G97/><T11/><D11/><U55/><AGARI ba="0,1" hai="14,18,22,25,31,34,46,49,51,53,55,57,96,99" machi="55" ten="20,3900,0" yaku="1,1,0,1,7,1,53,0" doraHai="122" doraHaiUra="3" who="1" fromWho="1" sc="170,-13,400,49,210,-13,210,-13" /><INIT seed="1,1,0,4,3,103" ten="157,449,197,197" oya="1" hai0="100,29,110,32,44,85,71,23,52,65,5,134,59" hai1="31,25,98,19,43,121,2,37,11,101,28,46,56" hai2="16,40,26,92,50,91,96,116,75,14,102,89,3" hai3="72,97,61,53,21,81,35,119,55,95,0,6,51"/><U127/><E121/><V1/><F116/><W83/><G35/><T18/><D110/><U114/><E114/><V17/><F75/><W10/><G119/><T86/><D134/><U42/><E127/><V57/><F3/><W74/><G61/><T78/><D5/><U66/><E43/><V24/><F1/><W94/><G21/><T130/><D130/><U123/><E123/><V7/><F7/><W131/><G131/><T82/><D44/><U87/><E87/><V20/><F26/><W112/><G112/><T77/><D32/><U124/><E124/><V129/><F129/><W107/><G107/><T111/><D29/><U64/><E56/><V45/><REACH who="2" step="1"/><F57/><REACH who="2" ten="157,449,187,197" step="2"/><W104/><G6/><T115/><D115/><U117/><E25/><V8/><AGARI ba="1,1" hai="8,14,16,17,20,24,40,45,50,89,91,92,96,102" machi="8" ten="20,12000,2" yaku="1,1,2,1,0,1,7,1,8,1,54,1,53,0" doraHai="103" doraHaiUra="128" who="2" fromWho="2" sc="157,-31,449,-61,187,133,197,-31" /><INIT seed="2,0,0,1,3,15" ten="126,388,320,166" oya="2" hai0="106,131,88,122,28,66,63,49,84,65,43,89,91" hai1="113,133,11,86,105,31,41,64,16,78,44,130,39" hai2="70,96,26,74,32,8,80,93,24,117,0,62,81" hai3="69,1,18,42,13,40,4,71,3,124,121,55,104"/><V126/><F117/><W38/><G121/><T12/><D122/><U46/><E113/><V33/><F126/><W128/><G124/><T115/><D115/><U45/><E130/><V98/><F8/><W14/><G128/><T94/><D131/><U5/><E133/><V101/><F0/><W50/><G104/><T2/><D106/><U82/><E105/><V99/><F99/><W108/><G108/><T21/><D2/><U118/><E118/><V25/><F74/><W30/><G30/><T54/><D43/><U77/><E31/><V102/><F62/><W51/><G55/><T132/><D132/><U129/><E77/><V83/><F70/><W17/><REACH who="3" step="1"/><G4/><REACH who="3" ten="126,388,320,156" step="2"/><T58/><D66/><U47/><E129/><V29/><F29/><W20/><G20/><T9/><D28/><U110/><E110/><V19/><F19/><W79/><G79/><T35/><D35/><U116/><E64/><V73/><F73/><W60/><G60/><T57/><D21/><U100/><E116/><V53/><F53/><W59/><G59/><T68/><D68/><U37/><E16/><AGARI ba="0,1" hai="9,12,16,49,54,57,58,63,65,84,88,89,91,94" machi="16" ten="30,8000,1" yaku="7,1,8,1,52,1,54,2" doraHai="15" who="0" fromWho="1" sc="126,90,388,-80,320,0,156,0" /><INIT seed="3,0,0,3,1,113" ten="216,308,320,156" oya="3" hai0="77,40,93,120,128,8,72,15,96,9,100,34,14" hai1="132,85,108,103,2,27,95,114,87,48,127,50,121" hai2="89,64,6,86,90,124,56,88,32,97,66,21,83" hai3="47,44,31,53,57,94,101,24,28,84,41,52,1"/><W63/><G1/><T49/><D120/><U11/><E114/><V79/><F32/><W75/><G75/><T131/><D34/><U135/><E121/><V125/><F6/><W107/><G107/><T70/><D70/><U110/><E127/><N who="2" m="48715" /><F21/><W37/><G44/><N who="0" m="25735" /><D72/><U117/><E27/><V35/><F35/><W33/><G28/><T69/><D77/><U54/><E117/><V91/><F56/><W133/><G133/><N who="1" m="51274" /><E103/><V111/><F111/><N who="1" m="42537" /><E95/><AGARI ba="0,0" hai="64,66,79,83,86,88,89,90,91,95,97" m="48715" machi="95" ten="30,2000,0" yaku="18,1,54,1" doraHai="113" who="2" fromWho="1" sc="216,0,308,-20,320,20,156,0" owari="216,-18.4,288,8.8,340,44.0,156,-34.4" /></mjloggm>