<mjloggm ver="2.3"><GO type="225" lobby="0"/><UN n0="%E9%B3%B3%E6%9D%B1%E3%81%AE%E3%81%86%E3%81%95%E3%81%8E%E3%81%95%E3%82%93" n1="%E3%81%AA%E3%81%A1%30%39%32%37" n2="%6D%75%75%6D%75%72%61" n3="%72%69%6F%75%63%68%61%6E" dan="17,16,17,17" rate="2194.12,2104.71,2159.60,2241.73" sx="M,M,F,M"/><TAIKYOKU oya="0"/><INIT seed="0,0,0,4,1,91" ten="250,250,250,250" oya="0" hai0="48,32,56,114,111,104,5,78,30,120,112,54,16" hai1="98,9,88,28,34,115,26,101,87,80,133,63,110" hai2="97,127,95,12,67,0,86,74,116,24,62,65,119" hai3="107,128,135,69,13,10,21,27,103,117,29,45,46"/><T84/><D120/><U33/><E110/><V44/><F0/><W19/><G128/><T23/><D104/><U59/><E133/><V76/><F127/><W53/><G135/><T2/><D111/><U1/><E115/><V113/><F113/><W49/><G117/><N who="2" m="45129" /><F74/><W108/><G108/><T14/><D78/><U89/><E1/><V121/><F121/><W66/><G45/><T68/><D68/><U22/><E9/><V42/><F62/><W122/><G122/><T47/><D84/><U25/><E25/><V11/><F24/><W37/><G37/><T20/><D20/><U43/><E43/><V123/><F86/><W58/><G69/><T57/><D114/><U102/><E33/><V126/><F76/><W125/><G125/><T6/><D112/><U132/><E34/><V92/><F123/><W18/><G103/><T52/><D2/><U38/><E38/><N who="2" m="21591" /><F126/><W75/><G107/><T31/><D47/><U129/><E132/><V131/><F131/><W55/><G75/><T130/><D130/><U83/><E129/><V64/><F97/><W71/><G71/><T106/><D106/><U51/><E51/><V36/><F36/><W134/><G134/><T73/><D73/><U39/><E39/><V118/><N who="2" m="45137" /><V61/><DORA hai="105" /><F61/><N who="3" m="36047" /><G66/><N who="2" m="16897" /><V15/><DORA hai="94" /><F15/><W72/><G72/><T81/><D32/><U17/><E83/><V4/><AGARI ba="0,0" hai="4,11,12,92,95" m="16897,21591,45137" machi="4" ten="50,6400,0" yaku="12,1,52,2" doraHai="91,105,94" who="2" fromWho="2" sc="250,-32,250,-16,250,64,250,-16" /><INIT seed="1,0,0,1,5,123" ten="218,234,314,234" oya="1" hai0="35,135,43,84,30,66,111,7,120,42,104,85,45" hai1="67,25,77,97,87,122,59,62,96,79,18,98,74" hai2="55,70,27,112,132,107,28,110,61,41,40,50,32" hai3="9,108,103,94,29,115,39,16,44,19,129,73,3"/><U133/><E122/><V13/><F132/><W92/><G108/><T10/><D135/><U93/><E133/><V63/><F110/><W99/><G129/><T117/><D117/><U8/><E74/><V109/><F109/><W75/><G115/><T81/><D120/><U24/><E24/><V78/><F112/><W48/><G39/><T26/><D104/><U113/><E113/><V95/><F107/><W21/><G29/><T124/><D124/><U0/><E0/><V33/><F33/><W2/><G94/><T36/><D66/><U80/><E93/><V88/><F78/><W34/><G34/><T51/><D111/><U126/><E126/><V114/><F13/><W17/><G21/><T82/><D42/><U90/><REACH who="1" step="1"/><E8/><REACH who="1" ten="218,224,314,234" step="2"/><V71/><F114/><W128/><G128/><T15/><REACH who="0" step="1"/><D36/><REACH who="0" ten="208,224,314,234" step="2"/><U65/><E65/><V86/><F40/><W64/><G64/><T14/><D14/><U119/><E119/><V20/><F41/><W11/><G2/><T100/><D100/><U49/><E49/><V1/><F1/><W5/><REACH who="3" step="1"/><G11/><REACH who="3" ten="208,224,314,224" step="2"/><T125/><D125/><U105/><E105/><V134/><F134/><W130/><G130/><T69/><D69/><U57/><E57/><V47/><REACH who="2" step="1"/><F32/><REACH who="2" ten="208,224,304,224" step="2"/><RYUUKYOKU type="reach4" ba="0,4" sc="208,0,224,0,304,0,224,0" hai0="7,10,15,26,30,35,43,45,51,81,82,84,85" hai1="18,25,59,62,67,77,79,80,87,90,96,97,98" hai2="20,27,28,47,50,55,61,63,70,71,86,88,95" hai3="3,5,9,16,17,19,44,48,73,75,92,99,103" /><INIT seed="1,1,4,3,3,119" ten="208,224,304,224" oya="1" hai0="83,21,122,124,72,128,19,89,44,64,16,30,103" hai1="61,71,62,68,29,33,105,2,23,129,93,106,109" hai2="86,6,43,10,58,98,99,36,76,55,132,18,38" hai3="112,15,0,100,37,85,52,3,47,90,57,39,50"/><U82/><BYE who="0" /><E2/><UN n0="%E9%B3%B3%E6%9D%B1%E3%81%AE%E3%81%86%E3%81%95%E3%81%8E%E3%81%95%E3%82%93" /><V96/><F132/><W59/><G112/><T65/><D103/><U67/><E23/><V22/><F76/><W84/><G100/><T114/><D114/><U94/><E82/><V20/><F86/><W25/><G85/><N who="0" m="50367" /><D72/><U8/><E8/><V69/><F69/><W88/><G90/><T81/><D128/><U28/><E67/><N who="0" m="25673" /><D124/><U87/><E87/><V126/><F126/><W53/><G25/><N who="0" m="16687" /><D122/><U32/><REACH who="1" step="1"/><E109/><REACH who="1" ten="208,214,304,224" step="2"/><V108/><F22/><W13/><G0/><T101/><D81/><U40/><E40/><V66/><F66/><W110/><G3/><T26/><D26/><U127/><E127/><V123/><F43/><W42/><G110/><T75/><D75/><U49/><E49/><V92/><F10/><W63/><REACH who="3" step="1"/><G37/><REACH who="3" ten="208,214,304,214" step="2"/><T27/><D27/><U97/><E97/><V1/><F38/><W14/><G14/><T130/><D130/><AGARI ba="1,6" hai="28,29,32,33,61,62,68,71,93,94,105,106,129,130" machi="130" ten="25,4800,0" yaku="1,1,22,2,53,0" doraHai="119" doraHaiUra="121" who="1" fromWho="0" sc="208,-51,214,111,304,0,214,0" /><INIT seed="1,2,0,3,3,119" ten="157,325,304,214" oya="1" hai0="66,125,74,83,128,124,131,43,60,20,88,92,39" hai1="38,73,21,134,54,40,68,9,57,8,27,52,1" hai2="127,29,91,122,89,59,95,17,126,0,28,130,117" hai3="123,3,37,26,78,86,16,108,19,87,115,71,98"/><U107/><E107/><V132/><F117/><W70/><G123/><T81/><D43/><U116/><E116/><V62/><F0/><W109/><G115/><T13/><D39/><U114/><E114/><V77/><F77/><W7/><G37/><T111/><D20/><U4/><E134/><V48/><F132/><W5/><G98/><N who="0" m="57607" /><D13/><U121/><E73/><V65/><F130/><N who="0" m="49706" /><D60/><U24/><E57/><V135/><F135/><W6/><G78/><N who="0" m="44247" /><D66/><U67/><E67/><V64/><F122/><W118/><G118/><T76/><D111/><N who="3" m="42569" /><G3/><T112/><D112/><U63/><E63/><N who="2" m="38015" /><F48/><W18/><G26/><T15/><D15/><U103/><E27/><V10/><F65/><W50/><G50/><T35/><D35/><U23/><E23/><V44/><F62/><W41/><G41/><T45/><D45/><U47/><E40/><V56/><F56/><W96/><G96/><T97/><D97/><U34/><E1/><V51/><F51/><W85/><AGARI ba="2,0" hai="5,6,7,16,18,19,70,71,85,86,87" m="42569" machi="85" ten="40,12000,2" yaku="29,2,28,2,14,1,54,1" doraHai="119" who="3" fromWho="3" sc="157,-32,325,-62,304,-32,214,126" /><INIT seed="2,0,0,4,4,105" ten="125,263,272,340" oya="2" hai0="129,52,63,27,7,96,33,16,20,2,109,36,86" hai1="45,43,35,72,31,40,29,11,41,55,54,77,4" hai2="88,95,81,99,21,3,13,80,42,8,113,78,98" hai3="49,25,34,133,71,1,101,127,87,64,104,120,37"/><V30/><F113/><W134/><G120/><T18/><D129/><U116/><E116/><V58/><F3/><W112/><G37/><T68/><D109/><U117/><E117/><V74/><F42/><W128/><G128/><T107/><D36/><U94/><E94/><V50/><F81/><W106/><G127/><T53/><D33/><U9/><E45/><V67/><F99/><W5/><G112/><T39/><D39/><U97/><E97/><V65/><F50/><W115/><G115/><T108/><D108/><U23/><E23/><V44/><F44/><W92/><G49/><T135/><D135/><N who="3" m="51721" /><G5/><T85/><D18/><U32/><E41/><V76/><F76/><W100/><G1/><T118/><D118/><U123/><E77/><V122/><F122/><W75/><G75/><T124/><D124/><U59/><E59/><V70/><F70/><W61/><G87/><T89/><D7/><U79/><E79/><V12/><F58/><W91/><G91/><T6/><D6/><U10/><E10/><V83/><F83/><W51/><G51/><T56/><D2/><U130/><E4/><V17/><F30/><N who="3" m="19791" /><G92/><N who="0" m="56335" /><D107/><AGARI ba="0,0" hai="61,64,71,100,101,104,106,107" m="19791,51721" machi="107" ten="30,1000,0" yaku="20,1" doraHai="105" who="3" fromWho="0" sc="125,-10,263,0,272,0,340,10" /><INIT seed="3,0,0,2,3,86" ten="115,263,272,350" oya="3" hai0="95,39,116,82,60,97,41,76,13,123,26,87,8" hai1="103,31,54,93,130,114,53,25,127,122,66,1,16" hai2="69,58,40,105,11,27,68,84,38,132,107,74,126" hai3="49,30,115,67,133,113,28,120,51,110,24,42,63"/><W62/><G120/><T89/><D116/><U48/><E114/><V20/><F74/><W23/><G133/><T5/><D123/><U18/><E122/><V81/><F132/><W119/><G119/><T33/><D39/><U17/><E1/><V118/><F118/><W65/><G110/><T7/><D33/><U109/><E109/><V121/><F121/><W43/><G23/><T83/><D26/><AGARI ba="0,0" hai="24,26,28,30,42,43,49,51,62,63,65,67,113,115" machi="26" ten="25,2400,0" yaku="22,2" doraHai="86" who="3" fromWho="0" sc="115,-24,263,0,272,0,350,24" owari="91,-40.9,263,-13.7,272,7.2,374,47.4" /></mjloggm>