<mjloggm ver="2.3"><GO type="225" lobby="0"/><UN n0="%E3%81%BF%E3%81%BF%E3%81%9A" n1="%E6%A1%9C%E8%8A%B1%E9%96%83%E3%80%85" n2="%E3%83%AD%E3%83%83%E3%83%86%E9%9B%80%E7%90%83" n3="%E3%81%97%E3%82%93%E3%81%97%E3%82%93%E3%81%97%E3%82%93" dan="17,17,17,16" rate="2188.06,2168.43,2221.86,2076.11" sx="M,M,M,F"/><TAIKYOKU oya="0"/><INIT seed="0,0,0,3,0,52" ten="250,250,250,250" oya="0" hai0="16,70,73,18,34,124,102,4,87,83,46,94,10" hai1="101,109,72,116,22,11,40,57,58,129,114,23,54" hai2="67,119,19,55,60,13,0,51,135,99,80,26,108" hai3="20,15,69,96,45,121,8,7,50,29,123,133,127"/><T39/><D34/><U78/><E116/><V131/><F108/><W86/><G69/><T75/><D70/><U118/><E118/><V31/><F135/><W91/><G96/><T105/><D124/><U112/><E109/><V3/><F131/><W111/><G111/><T1/><D105/><U68/><E68/><V17/><F119/><W12/><G133/><T128/><D128/><U59/><E129/><V9/><F19/><W110/><G110/><T25/><D102/><U125/><E125/><V21/><F99/><W44/><G127/><T117/><D117/><U76/><E40/><V61/><F80/><W89/><G44/><T62/><D62/><U38/><E38/><V113/><F113/><N who="1" m="43625" /><E101/><V100/><F100/><W98/><G98/><T56/><D56/><N who="1" m="21611" /><E11/><V36/><F36/><W107/><G107/><T90/><D25/><U53/><E53/><V2/><F55/><W28/><G8/><T122/><D122/><U66/><E66/><V77/><F67/><W92/><G121/><T82/><D75/><U103/><E103/><V6/><F9/><W81/><G123/><T106/><D106/><U37/><E37/><V64/><F64/><W41/><G41/><N who="0" m="22847" /><D94/><U48/><E72/><V104/><F104/><W74/><G92/><T24/><D24/><U65/><E65/><V88/><F26/><W130/><G74/><T93/><D93/><U5/><E5/><V49/><F6/><W42/><G130/><T95/><D95/><U32/><E32/><V43/><F43/><W120/><G120/><T132/><D132/><U33/><E33/><V63/><F63/><RYUUKYOKU ba="0,0" sc="250,15,250,15,250,-15,250,-15" hai0="1,4,10,16,18,73,82,83,87,90" hai1="22,23,48,54,59,76,78" /><INIT seed="0,1,0,4,0,60" ten="265,265,235,235" oya="0" hai0="9,12,74,97,0,124,49,94,8,107,63,122,69" hai1="59,51,88,14,2,126,104,43,90,89,45,40,32" hai2="18,73,13,46,80,47,31,91,98,61,132,24,15" hai3="123,70,133,113,11,37,5,22,127,131,112,19,84"/><T68/><D122/><U25/><E2/><V67/><F132/><W20/><G37/><T58/><D74/><U71/><E71/><V62/><F62/><W30/><G84/><T118/><D107/><U54/><E126/><V92/><F80/><W93/><G93/><T103/><D118/><U95/><E104/><V134/><F73/><W115/><G70/><T79/><D124/><U4/><E32/><V116/><F134/><W52/><G52/><T117/><D117/><U86/><E25/><V82/><F82/><W28/><G133/><T110/><D110/><U1/><E1/><V83/><F83/><W38/><G38/><T35/><D35/><U101/><E101/><V78/><F78/><W87/><G87/><T6/><D49/><U33/><E33/><V7/><F7/><W120/><G131/><T23/><D23/><N who="3" m="8745" /><G19/><T108/><D79/><U102/><E102/><V119/><F24/><W57/><G57/><T128/><D128/><U64/><E64/><V72/><F31/><N who="3" m="11819" /><G127/><T76/><D76/><U29/><E29/><V39/><F72/><W48/><G48/><T81/><D81/><U55/><E55/><V99/><F99/><W106/><G106/><T17/><D108/><U66/><E66/><AGARI ba="1,0" hai="0,6,8,9,12,17,58,63,66,68,69,94,97,103" machi="66" ten="30,2900,0" yaku="7,1,52,1" doraHai="60" who="0" fromWho="1" sc="265,32,265,-32,235,0,235,0" /><INIT seed="0,2,0,3,0,32" ten="297,233,235,235" oya="0" hai0="58,71,56,8,73,11,25,4,100,78,21,1,63" hai1="17,13,123,67,65,33,47,119,105,7,125,18,42" hai2="103,54,35,27,48,37,121,66,129,52,50,110,10" hai3="61,31,46,49,34,39,64,77,112,14,134,96,113"/><T94/><D71/><U124/><E119/><V38/><F103/><W45/><G134/><T80/><D63/><U84/><E123/><V111/><F10/><W70/><G77/><T40/><D8/><N who="1" m="4255" /><E33/><V115/><F27/><W74/><G74/><T101/><D40/><U83/><E105/><V132/><F35/><W98/><G39/><N who="2" m="14857" /><F121/><W109/><G109/><N who="2" m="41481" /><F115/><W24/><G14/><T81/><D81/><U60/><E124/><V51/><F132/><W120/><G120/><T89/><D101/><U108/><E60/><V82/><F82/><W85/><G112/><T9/><D100/><U76/><E125/><V55/><F129/><W75/><G75/><T16/><REACH who="0" step="1"/><D11/><REACH who="0" ten="287,233,235,235" step="2"/><U28/><E108/><V79/><F79/><W99/><G113/><T90/><D90/><U6/><E83/><V131/><F131/><W44/><REACH who="3" step="1"/><G85/><AGARI ba="2,1" hai="1,4,9,16,21,25,56,58,73,78,80,85,89,94" machi="85" ten="30,11600,0" yaku="1,1,7,1,52,1,54,1,53,0" doraHai="32" doraHaiUra="43" who="0" fromWho="3" sc="287,132,233,0,235,0,235,-122" /><INIT seed="0,3,0,0,3,37" ten="419,233,235,113" oya="0" hai0="13,9,85,79,130,44,94,124,89,71,92,51,87" hai1="50,67,70,52,72,98,65,119,16,33,5,135,128" hai2="86,29,1,7,39,0,109,25,104,53,54,23,56" hai3="68,8,118,63,123,126,32,111,75,57,115,40,106"/><T45/><D71/><U114/><E119/><V74/><F74/><W113/><RYUUKYOKU type="yao9" ba="3,0" sc="419,0,233,0,235,0,113,0" hai3="8,32,40,57,63,68,75,106,111,113,115,118,123,126" /><INIT seed="0,4,0,5,5,59" ten="419,233,235,113" oya="0" hai0="129,17,115,90,51,122,9,112,102,21,81,75,61" hai1="127,132,24,114,8,113,38,118,128,16,44,70,35" hai2="11,96,27,82,71,72,55,97,93,84,116,15,20" hai3="41,53,6,109,124,78,123,66,23,94,10,25,65"/><T26/><D122/><U105/><RYUUKYOKU type="yao9" ba="4,0" sc="419,0,233,0,235,0,113,0" hai1="8,16,24,35,38,44,70,105,113,114,118,127,128,132" /><INIT seed="0,5,0,0,3,36" ten="419,233,235,113" oya="0" hai0="80,111,109,49,27,86,69,113,58,101,112,8,90" hai1="51,127,105,46,91,15,106,94,67,19,70,6,82" hai2="42,71,126,53,72,102,44,60,24,14,35,30,100" hai3="119,134,39,63,5,48,122,10,64,108,123,87,121"/><T96/><D69/><U4/><E127/><V129/><F126/><W110/><G39/><T13/><D27/><U41/><E105/><V1/><F1/><W9/><G119/><T74/><D74/><U59/><E106/><V16/><F129/><W66/><G87/><T26/><D26/><U31/><E31/><V130/><F72/><W97/><G97/><T115/><D58/><U62/><E82/><V18/><F130/><W73/><G73/><T124/><D124/><U79/><E79/><V89/><F89/><W40/><G134/><T78/><D90/><U118/><E70/><V76/><F76/><W38/><G38/><T3/><D3/><U32/><E32/><V57/><F71/><W103/><G103/><T55/><D55/><U7/><E118/><V50/><REACH who="2" step="1"/><F18/><REACH who="2" ten="419,233,225,113" step="2"/><W37/><G108/><N who="0" m="41547" /><D113/><U98/><REACH who="1" step="1"/><E4/><REACH who="1" ten="419,223,225,113" step="2"/><V17/><F17/><W114/><G110/><T92/><D115/><U65/><E65/><V84/><F84/><W45/><G114/><T131/><D112/><U2/><E2/><V21/><AGARI ba="5,2" hai="14,16,21,24,30,35,42,44,50,53,57,60,100,102" machi="21" ten="20,8000,1" yaku="1,1,0,1,7,1,52,1,54,1,53,0" doraHai="36" doraHaiUra="0" who="2" fromWho="2" sc="419,-45,223,-25,225,115,113,-25" /><INIT seed="1,0,0,0,5,3" ten="374,198,340,88" oya="1" hai0="68,1,127,108,135,27,81,114,126,6,133,32,84" hai1="29,119,86,110,101,35,125,61,95,33,69,64,124" hai2="90,13,28,14,75,20,41,58,21,39,103,31,73" hai3="88,9,43,57,70,93,2,76,42,99,45,87,115"/><U111/><E119/><V89/><F103/><W0/><G70/><T60/><D114/><U71/><E29/><V131/><F41/><W52/><G115/><T117/><D117/><U105/><E95/><V49/><F49/><W12/><G43/><T72/><D108/><N who="1" m="41515" /><E86/><V98/><F98/><W46/><G46/><T23/><D32/><N who="1" m="12363" /><E71/><V18/><F58/><W83/><G42/><T36/><D36/><U26/><E26/><V15/><F39/><W100/><G45/><T56/><D72/><U24/><E24/><V118/><F118/><W80/><G9/><N who="0" m="2255" /><D68/><U11/><E11/><V129/><F13/><W47/><G12/><T106/><D106/><U104/><E101/><V34/><F34/><W92/><G47/><T77/><D23/><U50/><E50/><V62/><F62/><W40/><G40/><T63/><D63/><U94/><E94/><V107/><F18/><W122/><G122/><T17/><D17/><U5/><E5/><V91/><F91/><W48/><REACH who="3" step="1"/><G83/><REACH who="3" ten="374,198,340,78" step="2"/><T38/><D38/><U65/><E65/><V97/><F14/><W85/><AGARI ba="0,1" hai="0,2,48,52,57,76,80,85,87,88,92,93,99,100" machi="85" ten="20,12000,2" yaku="1,1,2,1,0,1,7,1,54,2,53,0" doraHai="3" doraHaiUra="7" who="3" fromWho="3" sc="374,-30,198,-60,340,-30,78,130" /><INIT seed="2,0,0,4,2,87" ten="344,138,310,208" oya="2" hai0="94,67,26,17,56,132,60,49,5,64,54,48,95" hai1="68,88,57,128,135,133,117,75,38,9,28,78,123" hai2="41,55,121,32,85,111,108,100,3,19,99,91,122" hai3="47,51,35,83,53,2,98,73,44,124,115,62,66"/><V6/><F32/><W82/><G2/><T97/><D132/><N who="1" m="50763" /><E117/><V107/><F41/><W63/><G35/><T104/><D104/><U11/><E68/><V72/><F19/><W10/><G124/><T76/><D76/><U30/><E38/><V105/><F55/><W106/><G115/><T40/><D5/><U50/><E128/><V36/><F36/><W102/><G10/><N who="1" m="3594" /><E123/><N who="2" m="47115" /><F6/><W130/><G130/><T79/><D79/><U96/><E50/><N who="0" m="19561" /><D40/><U92/><E57/><V21/><F21/><W1/><G1/><T86/><D86/><U69/><E69/><V58/><F58/><W22/><G73/><T27/><D95/><U110/><E110/><N who="2" m="42027" /><F3/><W52/><G22/><N who="0" m="13647" /><D27/><U114/><E114/><V13/><F13/><W113/><G113/><T34/><D34/><U116/><E116/><V89/><F72/><W131/><G131/><T90/><AGARI ba="0,0" hai="54,56,60,64,67,90,94,97" m="13647,19561" machi="90" ten="30,4000,0" yaku="25,1,8,1,52,1" doraHai="87" who="0" fromWho="0" sc="344,40,138,-10,310,-20,208,-10" /><INIT seed="3,0,0,5,2,68" ten="384,128,290,198" oya="3" hai0="75,124,79,134,63,34,16,30,65,27,9,116,73" hai1="83,66,54,71,84,20,46,72,14,95,62,104,0" hai2="107,52,8,32,17,133,31,3,90,122,33,49,108" hai3="88,41,70,6,101,123,35,57,77,39,81,60,105"/><W130/><G70/><T69/><D116/><U4/><E104/><V126/><F108/><W18/><G35/><T98/><D124/><U89/><E0/><V2/><F126/><W45/><G130/><T19/><D134/><U119/><E119/><V15/><F133/><W21/><G6/><T36/><D36/><U61/><E71/><V56/><F122/><W50/><G123/><T85/><D85/><U28/><E66/><V11/><F107/><W118/><G118/><T37/><D37/><U96/><E72/><V48/><F11/><W129/><G129/><T67/><D67/><U132/><E132/><V44/><F33/><W91/><G50/><T1/><D98/><U53/><E46/><V64/><F64/><W121/><G101/><T38/><D38/><U99/><E99/><V87/><F31/><W29/><G29/><T111/><D111/><U25/><E61/><V109/><F32/><W80/><G80/><T40/><D40/><U106/><E106/><V97/><F97/><W100/><G100/><T102/><D102/><U59/><E54/><N who="2" m="29959" /><F109/><W112/><G105/><T55/><D55/><U42/><E42/><V76/><F76/><W22/><G112/><T12/><D79/><U5/><REACH who="1" step="1"/><E14/><REACH who="1" ten="384,118,290,198" step="2"/><V23/><F2/><W103/><G41/><T110/><D110/><U10/><E10/><V7/><F3/><W78/><G45/><T125/><D125/><U13/><E13/><V92/><F8/><W128/><G128/><T24/><D1/><U117/><E117/><V47/><F47/><W86/><G121/><T51/><D51/><U93/><E93/><RYUUKYOKU ba="0,1" sc="384,10,118,10,290,10,198,-30" hai0="9,12,16,19,24,27,30,34,63,65,69,73,75" hai1="4,5,20,25,28,53,59,62,83,84,89,95,96" hai2="7,15,17,23,49,52,56,87,90,92" owari="404,50.4,128,-37.2,300,10.0,168,-23.2" /></mjloggm>