<mjloggm ver="2.3"><GO type="225" lobby="0"/><UN n0="%6D%75%75%6D%75%72%61" n1="%72%69%6F%75%63%68%61%6E" n2="%E5%8F%AF%E5%85%90%E9%82%A3%E7%94%B1%E5%A4%9A" n3="%E3%81%AF%E3%82%88%E3%81%8A%E3%81%98%E3%81%95%E3%82%93" dan="16,16,17,17" rate="2080.07,2118.58,2142.38,2219.43" sx="F,M,F,M"/><TAIKYOKU oya="0"/><INIT seed="0,0,0,0,4,77" ten="250,250,250,250" oya="0" hai0="94,105,96,109,88,132,2,62,46,32,53,47,58" hai1="4,6,81,121,116,27,57,135,14,70,118,64,20" hai2="92,63,7,112,25,49,79,124,68,56,127,67,73" hai3="134,28,33,9,108,115,93,18,100,97,125,12,66"/><T40/><D132/><U107/><E121/><V61/><F112/><W44/><G115/><T34/><D109/><U13/><E135/><V24/><F7/><W110/><G134/><T29/><D2/><U87/><E70/><V80/><F49/><W123/><G123/><T31/><D105/><U50/><E107/><V26/><REACH who="2" step="1"/><F92/><REACH who="2" ten="250,250,240,250" step="2"/><W111/><G110/><T101/><D46/><U129/><E50/><V113/><F113/><W5/><G44/><T52/><D47/><U10/><E4/><V69/><F69/><W16/><G111/><T98/><D40/><U89/><E118/><V75/><F75/><W11/><G108/><T106/><REACH who="0" step="1"/><D53/><AGARI ba="0,1" hai="24,25,26,53,56,61,63,67,68,73,79,80,124,127" machi="53" ten="40,5200,0" yaku="1,1,52,1,53,1" doraHai="77" doraHaiUra="76" who="2" fromWho="0" sc="250,-52,250,0,240,62,250,0" /><INIT seed="1,0,0,3,5,85" ten="198,250,302,250" oya="1" hai0="75,18,117,63,7,121,65,119,24,70,79,72,105" hai1="92,131,11,60,31,6,109,44,19,46,129,5,112" hai2="113,103,107,61,28,41,8,38,35,25,20,84,23" hai3="40,114,29,120,81,68,17,82,94,53,91,132,86"/><U111/><E112/><V50/><F113/><W100/><G114/><T4/><D121/><U83/><E31/><V51/><F38/><W102/><G120/><T13/><D105/><U10/><E83/><V133/><F133/><W99/><G68/><T80/><D72/><U106/><E106/><V76/><F8/><N who="1" m="3113" /><E60/><V59/><F41/><W122/><G122/><T66/><D24/><U78/><E78/><V2/><F2/><W73/><G40/><T135/><D135/><U69/><E69/><V39/><F39/><W97/><G29/><T62/><D117/><U56/><E56/><V55/><F107/><N who="3" m="63887" /><G53/><T26/><D26/><U77/><E77/><V96/><F35/><W14/><G14/><T74/><D74/><U116/><E116/><V1/><F1/><W88/><G17/><T33/><D33/><U48/><E92/><N who="2" m="58759" /><F20/><W134/><G73/><T43/><D119/><U71/><E71/><V130/><F130/><N who="1" m="49673" /><E19/><V30/><F30/><W90/><G81/><AGARI ba="0,0" hai="23,25,28,50,51,55,59,61,76,81,84" m="58759" machi="81" ten="30,1000,0" yaku="8,1" doraHai="85" who="2" fromWho="3" sc="198,0,250,0,302,10,250,-10" /><INIT seed="2,0,0,1,2,36" ten="198,250,312,240" oya="2" hai0="110,1,95,57,50,88,125,53,105,34,101,85,43" hai1="40,132,46,54,92,45,117,55,106,23,19,63,18" hai2="80,135,78,16,77,60,113,13,108,81,59,28,127" hai3="39,89,119,130,133,2,47,79,3,84,68,26,30"/><V75/><F113/><W8/><G119/><T98/><D110/><U29/><E117/><V131/><F131/><W44/><G68/><T48/><D125/><U7/><E106/><V21/><F127/><W56/><G130/><T61/><D1/><U93/><E132/><V99/><F135/><W74/><G133/><T100/><D34/><U124/><E124/><V109/><F28/><W122/><G122/><T35/><D35/><U128/><E128/><V49/><F99/><W66/><G79/><T102/><REACH who="0" step="1"/><D61/><REACH who="0" ten="188,250,312,240" step="2"/><U64/><E63/><V32/><F32/><W38/><G2/><T112/><D112/><U73/><E73/><V134/><F134/><W69/><G3/><T96/><D96/><U9/><E64/><V14/><F60/><W67/><G74/><T42/><D42/><U94/><E40/><V118/><F118/><W12/><G67/><T90/><D90/><U104/><E54/><V91/><F91/><W25/><G66/><T37/><D37/><U121/><E55/><V62/><F62/><W24/><G38/><T97/><D97/><U71/><E121/><V51/><F109/><W83/><G39/><T58/><D58/><U82/><E71/><V22/><F108/><W33/><G56/><T5/><D5/><U6/><E7/><V41/><F59/><W70/><G69/><T17/><D17/><U129/><E18/><N who="2" m="10447" /><F41/><W0/><G70/><T126/><D126/><U72/><E6/><V116/><F116/><W86/><G0/><T4/><D4/><U115/><E19/><V65/><F65/><W114/><G114/><T52/><D52/><RYUUKYOKU ba="0,1" sc="188,15,250,-15,312,15,240,-15" hai0="43,48,50,53,57,85,88,95,98,100,101,102,105" hai2="14,16,22,49,51,75,77,78,80,81" /><INIT seed="2,1,1,1,3,35" ten="203,235,327,225" oya="2" hai0="125,64,121,102,41,34,75,62,53,69,24,19,68" hai1="70,107,124,67,39,115,37,87,110,123,101,54,20" hai2="93,111,56,132,28,49,106,84,118,21,9,66,44" hai3="61,65,13,31,72,103,11,22,38,98,105,59,104"/><V6/><F118/><W12/><G38/><T0/><D121/><U51/><E115/><V117/><F117/><W8/><G72/><T92/><D75/><U46/><E123/><V109/><F106/><W113/><G113/><T30/><D125/><U78/><E124/><V63/><F132/><W43/><G43/><T18/><D41/><U114/><E114/><V5/><F28/><W16/><G104/><T15/><D69/><U33/><E33/><V25/><F93/><W89/><G31/><T95/><D0/><U127/><E127/><V128/><F128/><W112/><G112/><T60/><D102/><U36/><E110/><N who="2" m="41995" /><F84/><W2/><G89/><T90/><D15/><U134/><E134/><V73/><F73/><W100/><G103/><T17/><REACH who="0" step="1"/><D90/><REACH who="0" ten="193,235,327,225" step="2"/><U91/><E91/><V14/><F14/><W57/><G2/><T131/><D131/><U88/><E88/><V83/><F83/><W99/><G98/><T133/><D133/><U71/><E101/><V29/><F9/><W55/><G12/><T45/><D45/><U48/><E46/><V58/><F58/><AGARI ba="1,2" hai="17,18,19,24,30,34,53,58,60,62,64,68,92,95" machi="58" ten="40,1300,0" yaku="1,1,53,0" doraHai="35" doraHaiUra="126" who="0" fromWho="2" sc="193,36,235,0,327,-16,225,0" /><INIT seed="3,0,0,3,2,82" ten="229,235,311,225" oya="3" hai0="70,15,8,28,63,109,61,130,41,2,24,39,124" hai1="4,45,93,78,120,79,97,87,132,86,105,101,31" hai2="126,0,76,108,67,35,123,53,122,133,81,51,117" hai3="9,94,90,119,44,125,56,85,59,54,30,6,107"/><W83/><G125/><T77/><D2/><U116/><E120/><N who="2" m="46123" /><F108/><W21/><G119/><T73/><D124/><U62/><E116/><V103/><F133/><W32/><G107/><T20/><D70/><U96/><E132/><V127/><F117/><W16/><G32/><T27/><D109/><U22/><E4/><V131/><F131/><W3/><G30/><T60/><D130/><U50/><E62/><V11/><F35/><W36/><G83/><T68/><D73/><U40/><E78/><V99/><F67/><W46/><G59/><T98/><D77/><U58/><E79/><V43/><F43/><W7/><G36/><T115/><D68/><U42/><E40/><V110/><F110/><W135/><G6/><T134/><D134/><U102/><REACH who="1" step="1"/><E58/><REACH who="1" ten="229,225,311,225" step="2"/><N who="2" m="33087" /><F0/><W121/><G135/><T33/><D41/><U55/><E55/><V95/><F11/><W29/><G121/><T111/><D8/><U72/><E72/><AGARI ba="0,1" hai="72,76,81,95,99,103,126,127" m="33087,46123" machi="72" ten="30,1000,0" yaku="13,1" doraHai="82" who="2" fromWho="1" sc="229,0,225,-10,311,20,225,0" owari="229,2.9,215,-28.5,331,43.1,225,-17.5" /></mjloggm>