<mjloggm ver="2.3"><GO type="225" lobby="0"/><UN n0="%E3%82%B7%E3%83%B3%E5%A4%AA%E6%9C%97" n1="%E6%A1%9C%E8%8A%B1%E9%96%83%E3%80%85" n2="%E3%81%AF%E3%82%88%E3%81%8A%E3%81%98%E3%81%95%E3%82%93" n3="%61%6D%65%6B%69" dan="16,16,17,16" rate="2154.44,2220.12,2175.98,2086.26" sx="M,M,M,M"/><TAIKYOKU oya="0"/><INIT seed="0,0,0,2,1,95" ten="250,250,250,250" oya="0" hai0="31,110,72,94,4,38,55,121,40,66,120,62,80" hai1="26,128,68,24,73,83,44,112,8,69,39,1,114" hai2="102,89,19,115,36,61,32,88,65,28,37,103,47" hai3="56,17,50,54,91,77,87,21,34,13,11,118,46"/><T76/><D31/><U135/><E135/><V81/><F115/><N who="1" m="44073" /><E128/><V22/><F32/><W53/><G34/><T124/><D124/><U9/><E26/><V18/><F28/><W99/><G118/><T75/><D110/><U6/><E24/><V132/><F132/><W7/><G77/><T29/><D75/><U27/><E27/><V60/><F47/><W43/><G56/><T97/><D4/><U10/><E10/><V117/><F81/><W64/><G64/><T101/><D29/><U126/><E9/><V2/><F65/><W57/><G57/><T58/><REACH who="0" step="1"/><D66/><REACH who="0" ten="240,250,250,250" step="2"/><U93/><E126/><V52/><F117/><W119/><G119/><T86/><D86/><U23/><E73/><V78/><F2/><W125/><G125/><T113/><D113/><U134/><E6/><V48/><F18/><W100/><G7/><T131/><D131/><U25/><E1/><V104/><F19/><W67/><G67/><T30/><D30/><U51/><E134/><V111/><F111/><W45/><G11/><T16/><D16/><U42/><E8/><V63/><F22/><W92/><REACH who="3" step="1"/><G46/><AGARI ba="0,1" hai="38,40,46,55,58,62,72,76,80,94,97,101,120,121" machi="46" ten="40,3900,0" yaku="1,1,52,1,53,0" doraHai="95" doraHaiUra="133" who="0" fromWho="3" sc="240,49,250,0,250,0,250,-39" /><INIT seed="0,1,0,0,0,20" ten="289,250,250,211" oya="0" hai0="85,124,73,25,16,131,111,32,65,89,135,113,123" hai1="132,128,64,3,21,86,31,10,39,118,47,18,28" hai2="72,133,34,58,4,54,30,134,76,127,46,48,103" hai3="112,91,67,27,60,119,66,29,71,12,107,98,101"/><T125/><D123/><U49/><E118/><V90/><F127/><N who="0" m="48714" /><D113/><U74/><E74/><V53/><F103/><W122/><G122/><T17/><D73/><U92/><E39/><V56/><F4/><W78/><G112/><T13/><D135/><N who="2" m="51722" /><F90/><W9/><G119/><T19/><D131/><U68/><E128/><V88/><F76/><W75/><G67/><T43/><D111/><U7/><E132/><V6/><F72/><W110/><G110/><T57/><D43/><U95/><E86/><V35/><F6/><W100/><G100/><T42/><D42/><U93/><E64/><V77/><F77/><W41/><G41/><T51/><D51/><U44/><E68/><V1/><F1/><W36/><G36/><T105/><D57/><N who="2" m="22122" /><F53/><W84/><G78/><T114/><D65/><U82/><E82/><V22/><F88/><W52/><G75/><T26/><D105/><U55/><REACH who="1" step="1"/><E47/><REACH who="1" ten="289,240,250,211" step="2"/><V2/><F2/><W80/><G80/><N who="0" m="49319" /><D114/><U69/><E69/><V99/><F99/><W121/><G84/><T70/><D70/><U5/><E5/><V23/><F46/><W96/><G96/><T11/><D32/><U102/><E102/><V59/><F34/><N who="3" m="20799" /><G121/><T15/><D19/><U50/><E50/><V116/><F116/><W63/><G91/><T8/><AGARI ba="1,1" hai="8,11,13,15,16,17,25,26" m="49319,48714" machi="8" ten="30,11700,0" yaku="18,1,52,2,54,1" doraHai="20" who="0" fromWho="0" sc="289,130,240,-40,250,-40,211,-40" /><INIT seed="0,2,0,4,1,44" ten="419,200,210,171" oya="0" hai0="75,99,78,39,133,35,101,81,13,29,134,51,70" hai1="118,10,112,45,40,53,83,114,25,56,65,63,115" hai2="7,122,121,87,9,107,26,32,117,73,17,104,120" hai3="46,94,103,126,31,14,19,72,57,128,106,71,131"/><T59/><D39/><U76/><E25/><V0/><F73/><W52/><G71/><T89/><D70/><U90/><E90/><V135/><F135/><N who="0" m="51722" /><D13/><U84/><E118/><V43/><F117/><W22/><G126/><T119/><D119/><U61/><E10/><V111/><F111/><W68/><G68/><T33/><D29/><U64/><REACH who="1" step="1"/><E63/><REACH who="1" ten="419,190,210,171" step="2"/><V48/><F26/><W58/><G31/><T88/><D33/><U38/><AGARI ba="2,1" hai="38,40,45,53,56,61,64,65,76,83,84,112,114,115" machi="38" ten="30,8000,1" yaku="1,1,2,1,0,1,11,1,53,1" doraHai="44" doraHaiUra="82" who="1" fromWho="1" sc="419,-42,190,96,210,-22,171,-22" /><INIT seed="1,0,0,5,2,12" ten="377,286,188,149" oya="1" hai0="69,110,54,122,105,40,125,112,48,96,101,106,15" hai1="51,38,64,17,79,73,8,29,90,32,67,129,6" hai2="66,100,53,123,9,107,65,126,109,14,35,131,113" hai3="115,78,92,133,104,59,130,24,134,28,56,42,81"/><U117/><E117/><V74/><F123/><W93/><G104/><T34/><D122/><U108/><E129/><V111/><F74/><W91/><G115/><T44/><D112/><U10/><E38/><V128/><F113/><W23/><G42/><T89/><D69/><U41/><E79/><V21/><F35/><W33/><G130/><N who="2" m="49705" /><F21/><W16/><G59/><T22/><D34/><U135/><E73/><V114/><F114/><W37/><G37/><T71/><D71/><U45/><E135/><N who="3" m="51722" /><G56/><T88/><D125/><U83/><E108/><N who="2" m="41547" /><F126/><W95/><G81/><T31/><D106/><U57/><E29/><V55/><F100/><W98/><G78/><T120/><D120/><U50/><E32/><V70/><F107/><W3/><G3/><T84/><D110/><U72/><E72/><V13/><F13/><AGARI ba="0,0" hai="13,16,23,24,28,33,91,92,93,95,98" m="51722" machi="13" ten="30,3900,0" yaku="20,1,52,1,54,1" doraHai="12" who="3" fromWho="2" sc="377,0,286,0,188,-39,149,39" /><INIT seed="2,0,0,1,5,41" ten="377,286,149,188" oya="2" hai0="44,83,0,75,50,115,133,57,97,46,79,74,135" hai1="3,19,114,93,53,117,78,5,18,86,128,91,38" hai2="14,134,112,69,73,105,111,12,6,85,126,90,94" hai3="21,61,107,122,24,71,23,2,84,10,39,52,67"/><V25/><F112/><W82/><G122/><T72/><D115/><U15/><E114/><V104/><F73/><W35/><G107/><T42/><D0/><U92/><E117/><V45/><F69/><W47/><G2/><T55/><D97/><U37/><E3/><V28/><F126/><W119/><G10/><T64/><D64/><U77/><E128/><V43/><F134/><N who="0" m="51210" /><D46/><U4/><E53/><V48/><F111/><W36/><G119/><T88/><D88/><N who="1" m="53271" /><E38/><AGARI ba="0,0" hai="38,42,44,50,55,57,72,74,75,79,83" m="51210" machi="38" ten="30,2000,0" yaku="20,1,52,1" doraHai="41" who="0" fromWho="1" sc="377,20,286,-20,149,0,188,0" /><INIT seed="3,0,0,4,2,116" ten="397,266,149,188" oya="3" hai0="73,135,37,13,6,32,90,105,126,133,11,35,82" hai1="102,14,66,68,67,112,98,50,99,101,5,131,45" hai2="86,30,100,71,110,33,42,119,79,18,75,41,108" hai3="92,17,103,10,69,59,7,113,130,46,134,29,106"/><W56/><G69/><T96/><D37/><U93/><E112/><V77/><F119/><W95/><G113/><T40/><D40/><N who="2" m="15466" /><F71/><W122/><G122/><T91/><D126/><U117/><E131/><V115/><F115/><W49/><G134/><N who="0" m="51211" /><D105/><U104/><E117/><V24/><F75/><W121/><G121/><T15/><D15/><U9/><E68/><V36/><F36/><W53/><G130/><T84/><D73/><U123/><E123/><V88/><F100/><W129/><G129/><T34/><D96/><U20/><E20/><V97/><F18/><W19/><G29/><T55/><D55/><AGARI ba="0,0" hai="5,9,14,45,50,55,66,67,93,98,99,101,102,104" machi="55" ten="30,1000,0" yaku="7,1" doraHai="116" who="1" fromWho="0" sc="397,-10,266,10,149,0,188,0" owari="387,48.7,276,7.6,149,-35.1,188,-21.2" /></mjloggm>