<mjloggm ver="2.3"><GO type="225" lobby="0"/><UN n0="%E5%8D%A0%E3%81%84%E5%B8%AB%E8%A3%8F%E3%81%AA%E3%81%84%E3%81%97" n1="%E3%82%BC%E3%83%AB%E3%83%80%E3%81%AE%E4%BC%9D%E8%AA%AC" n2="%E8%83%83%E3%81%A8%E8%85%B8" n3="%E3%81%86%E3%83%BC%E3%81%B1%E3%83%BC" dan="16,17,16,17" rate="2132.32,2213.53,2158.60,2183.45" sx="M,M,M,F"/><TAIKYOKU oya="0"/><INIT seed="0,0,0,4,1,29" ten="250,250,250,250" oya="0" hai0="68,37,119,121,36,89,134,53,66,58,50,91,34" hai1="17,13,131,128,102,19,46,104,67,40,54,28,38" hai2="92,129,7,0,16,27,84,57,98,60,106,135,12" hai3="82,51,42,5,22,52,105,8,64,31,97,107,2"/><T44/><D119/><U99/><E67/><V109/><F109/><W18/><G42/><N who="0" m="22607" /><D121/><U62/><E28/><V101/><F129/><N who="1" m="49737" /><E13/><V1/><F135/><W85/><G97/><T78/><D78/><U122/><E122/><V48/><F7/><W75/><G75/><T69/><D134/><U65/><E54/><V61/><F48/><W130/><G64/><T10/><D10/><U124/><E124/><V96/><F84/><W112/><G31/><T30/><D36/><U88/><E88/><N who="0" m="33865" /><D30/><U25/><E25/><V73/><F27/><W83/><G112/><T81/><D81/><U33/><E33/><V72/><F72/><W94/><G94/><T14/><D14/><U118/><E118/><V126/><F73/><W4/><G4/><T3/><D69/><AGARI ba="0,0" hai="17,19,38,40,46,62,65,69,99,102,104" m="49737" machi="69" ten="30,1000,0" yaku="19,1" doraHai="29" who="1" fromWho="0" sc="250,-10,250,10,250,0,250,0" /><INIT seed="1,0,0,2,2,20" ten="240,260,250,250" oya="1" hai0="36,92,132,50,80,79,17,28,77,25,52,129,51" hai1="85,127,105,15,97,13,0,113,94,31,134,133,69" hai2="95,46,30,96,100,55,23,38,37,110,103,2,67" hai3="86,7,41,101,74,130,45,106,104,66,124,24,34"/><U84/><E113/><V48/><F110/><W60/><G74/><T73/><D36/><U5/><E69/><V35/><F2/><W87/><G7/><T91/><D129/><U1/><E127/><V59/><F35/><W68/><G130/><T98/><D132/><N who="1" m="50795" /><E31/><V75/><F75/><W99/><G106/><T128/><D128/><U56/><E105/><V122/><F122/><W54/><G54/><T14/><D79/><U135/><E135/><V63/><REACH who="2" step="1"/><F100/><REACH who="2" ten="240,260,240,250" step="2"/><W29/><G124/><T70/><D70/><U58/><E0/><V72/><F72/><W111/><G111/><T89/><D89/><U117/><E1/><V120/><F120/><W22/><G22/><T57/><D73/><U44/><E117/><V40/><F40/><W90/><G90/><T39/><D77/><U8/><E15/><V42/><F42/><W16/><G16/><T82/><D17/><U19/><E19/><V33/><F33/><W47/><G41/><T107/><D14/><U6/><E6/><V3/><F3/><W108/><G108/><T126/><D126/><U12/><E12/><V9/><F9/><W18/><G18/><T11/><D11/><U76/><E76/><V114/><F114/><W102/><G102/><T81/><D39/><U112/><E112/><V131/><F131/><W115/><G115/><T71/><D71/><U49/><E13/><V121/><F121/><W83/><G83/><T43/><D43/><N who="1" m="24735" /><E8/><V27/><AGARI ba="0,1" hai="23,27,30,37,38,46,48,55,59,63,67,95,96,103" machi="27" ten="30,12000,2" yaku="1,1,0,1,25,2,52,1,53,1" doraHai="20" doraHaiUra="61" who="2" fromWho="2" sc="240,-30,260,-60,240,130,250,-30" /><INIT seed="2,0,0,5,2,69" ten="210,200,370,220" oya="2" hai0="6,122,84,29,72,111,28,5,45,110,135,99,41" hai1="64,50,16,98,59,74,10,71,85,121,21,83,129" hai2="39,78,44,96,33,115,53,1,133,67,20,113,17" hai3="132,60,70,19,103,4,116,89,112,23,134,93,108"/><V87/><F33/><W26/><G116/><T61/><D122/><U127/><E121/><V79/><F1/><W73/><G73/><T94/><D72/><U27/><E127/><V81/><F78/><W42/><G108/><N who="0" m="41515" /><D84/><U101/><E129/><V126/><F126/><W109/><G109/><T107/><D61/><N who="1" m="37951" /><E71/><V2/><F2/><W7/><G103/><N who="0" m="60919" /><D107/><U15/><E74/><V114/><F133/><N who="3" m="51307" /><G42/><T95/><D95/><N who="1" m="58591" /><E50/><V90/><F67/><N who="3" m="41319" /><G112/><T106/><D106/><U55/><E55/><V9/><F53/><W68/><G68/><T18/><D135/><U31/><E85/><AGARI ba="0,0" hai="4,7,19,23,26,85,89,93" m="41319,51307" machi="85" ten="30,1000,0" yaku="20,1" doraHai="69" who="3" fromWho="1" sc="210,0,200,-10,370,0,220,10" /><INIT seed="3,0,0,1,5,118" ten="210,190,370,230" oya="3" hai0="43,110,37,12,79,58,80,26,131,11,35,112,77" hai1="24,59,61,31,128,55,117,70,16,13,99,126,18" hai2="115,72,105,69,41,53,17,19,50,119,101,66,47" hai3="81,120,127,92,0,116,125,114,54,49,7,88,2"/><W65/><G116/><T30/><D110/><U22/><E117/><V100/><F115/><W82/><G114/><T85/><D112/><U94/><E126/><N who="3" m="48138" /><G65/><T122/><D131/><U124/><E124/><V90/><F66/><W96/><G120/><T57/><D122/><U51/><E128/><V3/><F69/><W42/><G42/><T97/><D79/><U27/><E70/><V56/><F41/><W95/><G95/><T60/><D60/><U75/><E75/><V87/><F105/><W34/><G34/><T78/><D78/><U20/><E51/><V135/><F72/><W52/><G54/><T108/><D108/><U93/><E99/><V91/><F53/><W102/><G7/><T6/><REACH who="0" step="1"/><D97/><REACH who="0" ten="200,190,370,230" step="2"/><U15/><REACH who="1" step="1"/><E13/><REACH who="1" ten="200,180,370,230" step="2"/><V25/><F119/><W106/><G0/><T104/><D104/><U71/><E71/><V32/><F3/><W68/><G2/><T45/><AGARI ba="0,2" hai="6,11,12,26,30,35,37,43,45,57,58,77,80,85" machi="45" ten="30,2000,0" yaku="1,1,0,1,53,0" doraHai="118" doraHaiUra="129" who="0" fromWho="0" sc="200,40,180,-5,370,-5,230,-10" owari="240,4.0,175,-32.5,365,46.5,220,-18.0" /></mjloggm>