<mjloggm ver="2.3"><GO type="225" lobby="0"/><UN n0="%E3%81%B2%E3%81%AA%E3%81%AE%E3%82%8A%E3%81%8F" n1="%E8%A8%88%E7%AE%97%E6%A9%9F%E8%87%AA%E7%84%B6" n2="%E3%81%95%E3%81%8D%E3%81%9F%E3%81%BE%E6%9E%97%E6%AA%8E" n3="%6D%75%75%6D%75%72%61" dan="16,17,16,17" rate="2139.72,2175.23,2131.53,2182.67" sx="M,M,M,F"/><TAIKYOKU oya="0"/><INIT seed="0,0,0,0,5,31" ten="250,250,250,250" oya="0" hai0="80,64,129,71,128,8,47,130,65,68,75,116,91" hai1="134,125,34,23,32,93,16,22,2,66,73,132,59" hai2="94,111,39,14,40,61,77,29,103,18,41,107,0" hai3="101,117,79,100,82,62,13,112,60,44,30,38,51"/><T123/><D116/><U26/><E73/><V115/><F111/><W121/><G117/><T54/><D123/><U99/><E2/><V48/><F0/><W17/><G38/><T57/><D8/><U102/><E125/><V21/><F107/><W96/><G112/><T49/><D75/><U45/><E45/><V28/><F39/><W27/><G121/><T85/><REACH who="0" step="1"/><D57/><REACH who="0" ten="240,250,250,250" step="2"/><U63/><REACH who="1" step="1"/><E22/><REACH who="1" ten="240,240,250,250" step="2"/><V118/><F21/><W24/><G44/><T42/><D42/><U135/><AGARI ba="0,2" hai="16,23,26,32,34,59,63,66,93,99,102,132,134,135" machi="135" ten="30,12000,2" yaku="1,1,2,1,0,1,20,1,52,2,54,1,53,0" doraHai="31" doraHaiUra="122" who="1" fromWho="1" sc="240,-60,240,140,250,-30,250,-30" /><INIT seed="1,0,0,1,2,90" ten="180,380,220,220" oya="1" hai0="27,23,81,35,114,111,131,101,25,52,38,85,98" hai1="39,106,36,120,79,45,46,32,63,76,74,18,21" hai2="7,4,70,13,33,117,49,29,53,24,128,126,123" hai3="94,92,37,104,133,113,16,80,65,84,59,102,56"/><U0/><E120/><V26/><F117/><W15/><G113/><T9/><D114/><U1/><E32/><V55/><F70/><W129/><G37/><T57/><D38/><U66/><E106/><V51/><F123/><W8/><G129/><T47/><D111/><U64/><E21/><V19/><F128/><W28/><G133/><T130/><D47/><U127/><E63/><V122/><F126/><W50/><G104/><T17/><D9/><U83/><E83/><V103/><F122/><W75/><G75/><T93/><D27/><U48/><E48/><V41/><F103/><W110/><G110/><T3/><D3/><U12/><E12/><V107/><F107/><W99/><G28/><T30/><D35/><U40/><E18/><V60/><F60/><N who="3" m="38023" /><G102/><T91/><REACH who="0" step="1"/><D30/><REACH who="0" ten="170,380,220,220" step="2"/><U44/><E44/><V134/><F33/><W22/><G8/><T68/><D68/><U89/><E45/><V67/><F26/><W54/><G99/><T11/><D11/><U6/><E36/><V78/><F24/><W119/><G119/><T96/><D96/><U118/><E118/><V72/><F29/><W105/><G105/><T20/><D20/><U69/><E69/><V95/><F13/><W34/><G34/><T77/><D77/><AGARI ba="0,1" hai="15,16,22,50,54,59,77,80,84,92,94" m="38023" machi="77" ten="30,7700,0" yaku="8,1,52,2,54,1" doraHai="90" who="3" fromWho="0" sc="170,-77,380,0,220,0,220,87" /><INIT seed="2,0,0,1,2,74" ten="93,380,220,307" oya="2" hai0="70,51,123,26,80,63,34,28,83,87,42,118,36" hai1="65,32,35,31,49,105,67,98,92,103,18,10,115" hai2="78,9,38,85,14,58,82,111,117,61,22,113,4" hai3="94,130,128,47,24,122,97,33,62,11,84,133,59"/><V37/><F113/><W21/><G122/><T79/><D123/><U107/><E115/><V60/><F117/><W95/><G133/><T106/><D118/><U96/><E49/><V99/><F111/><W112/><G33/><T30/><D30/><U132/><E132/><V116/><F116/><W135/><G135/><T125/><D125/><U73/><E73/><V129/><F129/><N who="3" m="49771" /><G112/><T7/><D7/><U119/><E119/><V52/><F61/><W29/><G97/><T72/><D106/><U69/><E69/><V17/><REACH who="2" step="1"/><F99/><REACH who="2" ten="93,380,210,307" step="2"/><W75/><G62/><T77/><D63/><U15/><E107/><V3/><AGARI ba="0,1" hai="3,4,9,14,17,22,37,38,52,58,60,78,82,85" machi="3" ten="20,18000,2" yaku="1,1,2,1,0,1,7,1,52,1,54,1,53,1" doraHai="74" doraHaiUra="2" who="2" fromWho="2" sc="93,-60,380,-60,210,190,307,-60" /><INIT seed="2,1,0,4,2,84" ten="33,320,400,247" oya="2" hai0="75,26,2,98,83,119,16,100,64,135,116,104,111" hai1="61,4,126,19,24,88,122,89,53,120,133,22,54" hai2="101,45,30,27,97,28,60,68,7,81,56,40,63" hai3="77,90,29,49,39,131,73,121,35,129,94,41,76"/><V36/><F7/><W109/><G121/><N who="1" m="46698" /><E133/><V17/><F68/><W66/><G39/><T11/><D135/><U96/><E126/><V86/><F17/><W34/><G109/><T130/><D111/><U14/><E96/><V93/><F56/><W9/><G66/><T20/><D130/><N who="3" m="49673" /><G9/><T15/><D2/><U108/><E108/><V123/><F123/><W124/><G124/><T44/><D64/><U115/><E115/><V72/><F72/><W69/><G69/><T23/><D23/><U1/><E1/><V43/><F43/><W59/><G29/><T107/><D44/><U50/><E61/><V105/><F105/><W67/><G41/><T62/><D62/><U32/><E53/><V12/><F30/><W95/><G95/><T25/><D107/><U70/><E70/><V134/><F12/><W58/><G73/><T92/><D104/><U102/><E102/><V55/><F55/><N who="3" m="32111" /><G59/><T37/><D37/><U79/><E32/><N who="3" m="12330" /><G67/><T110/><D110/><U118/><E118/><V103/><F103/><W10/><G10/><T82/><D26/><U113/><E113/><V48/><F36/><W0/><G0/><T112/><D112/><U8/><E79/><V132/><F132/><W52/><G52/><T80/><REACH who="0" step="1"/><D75/><REACH who="0" ten="23,320,400,247" step="2"/><U117/><E117/><V21/><F134/><W47/><G47/><AGARI ba="1,1" hai="4,8,14,19,22,24,47,50,54,88,89" m="46698" machi="47" ten="30,7700,0" yaku="13,1,52,2,54,1" doraHai="84" who="1" fromWho="3" sc="23,0,320,90,400,0,247,-80" /><INIT seed="3,0,0,3,4,13" ten="23,410,400,167" oya="3" hai0="104,86,19,32,128,99,135,72,35,132,133,84,74" hai1="62,3,71,37,97,85,122,127,134,80,50,17,108" hai2="49,95,64,30,27,125,121,75,15,103,29,117,98" hai3="12,83,123,69,31,120,18,130,70,93,68,52,33"/><W92/><G130/><T1/><D128/><U76/><E122/><V67/><F117/><W111/><G83/><T5/><D5/><U116/><E37/><V131/><F131/><W124/><G124/><T54/><D1/><U118/><E3/><V112/><F112/><W21/><G111/><T56/><D56/><U60/><E127/><V73/><F125/><W16/><G33/><T53/><D99/><U113/><E113/><V58/><F121/><W26/><G31/><T40/><D40/><U23/><E71/><V22/><F30/><W119/><G119/><N who="1" m="45610" /><E134/><V43/><F67/><W126/><G126/><T110/><D110/><U42/><E97/><V91/><F91/><W88/><G93/><T106/><REACH who="0" step="1"/><D133/><REACH who="0" ten="13,410,400,167" step="2"/><U7/><E7/><V38/><F38/><W87/><G120/><T46/><D46/><N who="1" m="25943" /><E108/><V4/><F4/><W34/><G123/><T114/><D114/><U89/><E89/><V78/><F78/><W25/><G70/><T109/><D109/><U41/><E41/><V44/><F15/><AGARI ba="0,1" hai="15,17,23,60,62,76,80,85" m="25943,45610" machi="15" ten="30,2000,0" yaku="12,1,52,1" doraHai="13" who="1" fromWho="2" sc="13,0,410,30,400,-20,167,0" owari="13,-48.7,440,54.0,380,18.0,167,-23.3" /></mjloggm>