<mjloggm ver="2.3"><GO type="225" lobby="0"/><UN n0="%73%73%6B%5F%66%72%65%65" n1="%E7%A0%B4%E7%94%A3%E8%80%85" n2="%E5%A4%9C%E5%85%89%E5%A4%A9%E6%A5%BC" n3="%72%69%6F%75%63%68%61%6E" dan="16,16,16,16" rate="2091.65,2052.06,2110.50,2204.12" sx="M,M,F,M"/><TAIKYOKU oya="0"/><INIT seed="0,0,0,0,3,96" ten="250,250,250,250" oya="0" hai0="51,18,62,33,63,6,87,123,103,16,29,54,26" hai1="1,105,75,50,106,67,47,90,64,58,108,42,65" hai2="84,112,20,82,12,14,21,133,122,2,56,95,72" hai3="88,73,30,116,117,23,74,52,48,100,17,134,68"/><T91/><D123/><U131/><E1/><V93/><F2/><W45/><G68/><T22/><D6/><U78/><E108/><V38/><F112/><W25/><G134/><T7/><D7/><U40/><E131/><V102/><F72/><W31/><G73/><T46/><D103/><U53/><E90/><V94/><F38/><W44/><G74/><T77/><D77/><U98/><E40/><V121/><F133/><W109/><G109/><T60/><REACH who="0" step="1"/><D33/><REACH who="0" ten="240,250,250,250" step="2"/><U80/><REACH who="1" step="1"/><E98/><REACH who="1" ten="240,240,250,250" step="2"/><V13/><F121/><W34/><G88/><T19/><D19/><U36/><AGARI ba="0,2" hai="36,42,47,50,53,58,64,65,67,75,78,80,105,106" machi="36" ten="30,7900,0" yaku="1,1,2,1,0,1,53,1" doraHai="96" doraHaiUra="43" who="1" fromWho="1" sc="240,-39,240,99,250,-20,250,-20" /><INIT seed="1,0,0,2,3,81" ten="201,339,230,230" oya="1" hai0="44,109,71,96,95,51,41,72,55,127,49,105,104" hai1="122,63,119,0,86,11,5,4,103,93,6,67,101" hai2="23,111,36,27,7,110,78,121,22,21,62,130,114" hai3="73,58,46,94,80,65,88,48,106,120,90,59,1"/><U42/><E119/><V83/><F121/><W8/><G120/><T17/><D109/><N who="2" m="41482" /><F36/><W28/><G106/><T61/><D127/><U116/><E116/><V82/><F114/><W132/><G132/><T113/><D72/><U70/><E122/><V57/><F130/><W29/><G1/><T64/><D17/><U112/><E112/><V126/><F126/><W50/><G8/><T10/><D10/><U97/><E42/><V108/><N who="2" m="41490" /><V19/><DORA hai="47" /><F7/><W43/><G73/><T123/><D123/><U133/><E133/><V115/><F83/><W125/><G125/><T32/><D32/><U20/><E103/><V53/><F115/><W26/><G65/><T85/><D113/><U18/><REACH who="1" step="1"/><E86/><AGARI ba="0,0" hai="19,21,22,23,27,53,57,62,78,82,86" m="41490" machi="86" ten="40,2600,0" yaku="14,1,52,1" doraHai="81,47" who="2" fromWho="1" sc="201,0,339,-26,230,26,230,0" /><INIT seed="2,0,0,4,3,70" ten="201,313,256,230" oya="2" hai0="79,81,86,52,13,119,34,56,19,123,122,41,82" hai1="104,43,107,75,102,17,106,64,15,49,32,73,90" hai2="130,30,3,66,74,96,83,58,24,62,71,60,129" hai3="29,63,20,0,18,84,132,89,39,35,51,127,28"/><V65/><F3/><W94/><G127/><T87/><D119/><U61/><E32/><V92/><F74/><W53/><G132/><T80/><D34/><U54/><E102/><V11/><F11/><W47/><G0/><T69/><D69/><U38/><E90/><V125/><F125/><W31/><G35/><T126/><D126/><U117/><E117/><V14/><F83/><W26/><REACH who="3" step="1"/><G63/><REACH who="3" ten="201,313,256,220" step="2"/><T67/><D123/><U48/><E61/><V105/><F62/><W2/><G2/><T7/><D122/><U40/><E64/><V25/><F66/><W46/><G46/><T114/><D67/><U27/><E54/><V72/><F60/><W85/><G85/><T9/><D114/><U98/><E75/><V133/><F72/><W16/><G16/><T5/><D41/><U121/><E73/><V134/><F134/><W78/><G78/><T33/><D33/><U10/><E43/><V109/><F133/><W6/><G6/><N who="0" m="2059" /><D79/><U21/><E121/><V12/><F65/><W59/><G59/><T99/><D99/><U103/><E98/><V42/><F96/><W95/><G95/><T113/><D113/><U1/><E40/><V55/><F92/><W108/><G108/><T36/><D36/><AGARI ba="0,1" hai="18,20,26,28,29,31,36,39,47,51,53,84,89,94" machi="36" ten="40,5200,0" yaku="1,1,52,2,53,0" doraHai="70" doraHaiUra="110" who="3" fromWho="0" sc="201,-52,313,0,256,0,220,62" /><INIT seed="3,0,0,2,2,56" ten="149,313,256,282" oya="3" hai0="53,39,12,29,123,72,80,107,98,110,116,30,79" hai1="60,71,120,18,112,31,82,63,88,126,64,35,27" hai2="28,15,52,132,85,101,114,121,62,46,10,13,57" hai3="97,16,104,48,81,59,11,32,86,54,93,131,55"/><W4/><G32/><T103/><D116/><U38/><E120/><V40/><F114/><W125/><G125/><T105/><D110/><U49/><E38/><V66/><F132/><W9/><G131/><T124/><D124/><U67/><E112/><V47/><F121/><W26/><G104/><T50/><D123/><U14/><E126/><V33/><F101/><W106/><G106/><T87/><D39/><U76/><E49/><V84/><F66/><W102/><G4/><T5/><D107/><U89/><E82/><V108/><F47/><W70/><G70/><T24/><D24/><U21/><E76/><V0/><F0/><W65/><G65/><T113/><D113/><U129/><E129/><V44/><F44/><W23/><G54/><T94/><D12/><U34/><E34/><V134/><F108/><W100/><G100/><T130/><D5/><U51/><E51/><N who="2" m="27079" /><F33/><W68/><G68/><AGARI ba="0,0" hai="14,18,21,27,31,35,60,63,64,67,68,71,88,89" machi="68" ten="30,8000,1" yaku="7,1,9,1,52,2,54,1" doraHai="56" who="1" fromWho="3" sc="149,0,313,80,256,0,282,-80" owari="149,-35.1,393,49.3,256,5.6,202,-19.8" /></mjloggm>