<mjloggm ver="2.3"><GO type="225" lobby="0"/><UN n0="%72%61%6B%33" n1="%E3%81%82%E3%81%99%E3%81%AB%E3%82%83%E3%82%80" n2="%6D%75%75%6D%75%72%61" n3="%6E%69%63%6B%6C%6F%77" dan="18,16,16,16" rate="2293.01,2111.29,2210.95,2096.98" sx="M,F,F,F"/><TAIKYOKU oya="0"/><INIT seed="0,0,0,5,0,98" ten="250,250,250,250" oya="0" hai0="134,29,114,103,121,36,77,61,116,22,54,4,105" hai1="110,46,48,129,102,17,76,66,56,64,127,65,16" hai2="41,108,51,115,19,84,15,8,106,67,69,79,55" hai3="93,45,113,100,78,94,74,0,63,131,89,104,99"/><T11/><D114/><U101/><E110/><V130/><F115/><W91/><G0/><T92/><D116/><U73/><E129/><V128/><F108/><W44/><G113/><T38/><D121/><U72/><E127/><V109/><F109/><W47/><G131/><N who="2" m="50217" /><F106/><W96/><G63/><T75/><D134/><U23/><E56/><V1/><F1/><W6/><G6/><T97/><D105/><U57/><E57/><V2/><F2/><W50/><G78/><T118/><D118/><U39/><E39/><V68/><F41/><W132/><G132/><T90/><D77/><U120/><E120/><V9/><F9/><W25/><G74/><T27/><D75/><U21/><E76/><V59/><F67/><W135/><G135/><T42/><D42/><N who="1" m="24663" /><E73/><V30/><F30/><W10/><G10/><T112/><D112/><U32/><E32/><V82/><AGARI ba="0,0" hai="8,15,19,51,55,59,68,69,79,82,84" m="50217" machi="82" ten="30,1100,0" yaku="19,1" doraHai="98" who="2" fromWho="2" sc="250,-5,250,-3,250,11,250,-3" /><INIT seed="1,0,0,1,5,95" ten="245,247,261,247" oya="1" hai0="90,56,35,13,126,17,54,76,45,84,83,86,26" hai1="19,130,34,1,104,72,98,129,112,55,123,7,31" hai2="71,78,116,29,60,111,106,110,88,122,20,4,114" hai3="75,132,77,8,87,92,12,61,11,64,59,27,124"/><U39/><E112/><V102/><F116/><W24/><G75/><T2/><D126/><U82/><E123/><V62/><F122/><W80/><G124/><T5/><D2/><U49/><E39/><V48/><F78/><W44/><G132/><T36/><D5/><U120/><E120/><V101/><F114/><W28/><G28/><T135/><D135/><U32/><E19/><V81/><F4/><W33/><G33/><T57/><D35/><U67/><E67/><V3/><F3/><W125/><G125/><T73/><D26/><N who="3" m="9769" /><G12/><T47/><D36/><U53/><E31/><V131/><F131/><N who="1" m="50185" /><E55/><V9/><F9/><N who="3" m="3659" /><G92/><T70/><D70/><U43/><E43/><V99/><F20/><W103/><G103/><T115/><D115/><U68/><E68/><V74/><F29/><W25/><N who="3" m="9777" /><W105/><DORA hai="127" /><G105/><T46/><D54/><U66/><E66/><V97/><F71/><W94/><G94/><N who="0" m="54599" /><D73/><U16/><E16/><V23/><F23/><AGARI ba="0,0" hai="13,17,23,45,46,47,56,57,76,83,86" m="54599" machi="23" ten="30,1000,0" yaku="8,1" doraHai="95,127" who="0" fromWho="2" sc="245,10,247,0,261,-10,247,0" /><INIT seed="2,0,0,5,1,28" ten="255,247,251,247" oya="2" hai0="85,17,75,110,119,66,107,26,135,76,21,39,25" hai1="101,81,16,59,32,38,87,20,74,71,92,96,48" hai2="15,131,18,129,83,29,105,61,72,125,0,11,94" hai3="106,10,51,64,89,33,60,13,68,40,70,42,9"/><V100/><F105/><W53/><G70/><T12/><D39/><U115/><E38/><V1/><F125/><W133/><G106/><T67/><D75/><U22/><E71/><V98/><F29/><W127/><G127/><T118/><D107/><U45/><E74/><V122/><F61/><W6/><G133/><T8/><D110/><U112/><E32/><V5/><F122/><W44/><G33/><T91/><D76/><U55/><E22/><V84/><F72/><W90/><G10/><T108/><D108/><U30/><E30/><V103/><F103/><W120/><G120/><T36/><D36/><U82/><E45/><V78/><REACH who="2" step="1"/><F5/><REACH who="2" ten="255,247,241,247" step="2"/><W88/><AGARI ba="0,1" hai="6,9,13,40,42,44,51,53,60,64,68,88,89,90" machi="88" ten="30,2000,0" yaku="0,1,54,1" doraHai="28" who="3" fromWho="3" sc="255,-5,247,-5,241,-10,247,30" /><INIT seed="3,0,0,4,5,42" ten="250,242,231,277" oya="3" hai0="110,59,25,100,1,90,107,44,83,132,55,85,80" hai1="130,64,9,2,135,32,30,121,128,21,62,5,95" hai2="47,18,26,73,131,22,103,105,13,124,28,96,16" hai3="125,24,57,81,11,49,19,51,123,91,86,97,66"/><W7/><G123/><T0/><D110/><U65/><E121/><V78/><F131/><N who="1" m="50217" /><E135/><V133/><F133/><W54/><G125/><T77/><D132/><U71/><E65/><V39/><F124/><W60/><G97/><T101/><D0/><U12/><E95/><V84/><F73/><W74/><G74/><T120/><D1/><U87/><E87/><V10/><F78/><W99/><G99/><T4/><D4/><U41/><E41/><V118/><F84/><W111/><G111/><T104/><D104/><U43/><E43/><V98/><F98/><W92/><G92/><T102/><D107/><U108/><E108/><V48/><F39/><W17/><G49/><T76/><D120/><U3/><E32/><V119/><REACH who="2" step="1"/><F18/><REACH who="2" ten="250,242,221,277" step="2"/><W117/><G117/><T126/><D126/><U50/><E50/><V94/><F94/><W112/><G112/><T129/><D129/><U20/><E20/><V23/><F23/><W127/><G127/><T45/><D80/><U40/><E40/><AGARI ba="0,1" hai="10,13,16,22,26,28,40,47,48,96,103,105,118,119" machi="40" ten="30,12000,2" yaku="1,1,7,1,52,1,54,1,53,2" doraHai="42" doraHaiUra="115" who="2" fromWho="1" sc="250,0,242,-120,221,130,277,0" owari="250,-15.0,122,-37.8,351,45.1,277,7.7" /></mjloggm>