<mjloggm ver="2.3"><GO type="225" lobby="0"/><UN n0="%72%61%6B%33" n1="%E3%81%B2%E3%81%AA%E3%81%AE%E3%82%8A%E3%81%8F" n2="%E6%80%AA%E3%81%97%E3%81%99%E3%81%8E%E3%82%8B%E3%83%81%E3%83%BC" n3="%65%6B%61%72%75%74%65" dan="18,17,16,16" rate="2251.32,2201.91,2171.54,2098.24" sx="M,M,M,M"/><TAIKYOKU oya="0"/><INIT seed="0,0,0,4,0,60" ten="250,250,250,250" oya="0" hai0="112,125,120,85,51,133,48,108,69,33,71,38,107" hai1="86,113,34,135,17,13,70,100,123,104,88,80,32" hai2="56,84,131,6,118,31,41,116,7,19,53,40,92" hai3="61,89,130,30,81,28,15,99,97,119,82,45,73"/><T129/><D85/><U103/><E123/><V29/><F131/><W4/><G130/><T21/><D21/><U10/><E135/><V76/><F76/><W43/><G119/><N who="2" m="45609" /><F19/><W66/><G73/><T114/><D51/><U72/><E113/><V20/><F92/><W64/><G4/><N who="2" m="1577" /><F84/><W68/><G15/><T102/><D48/><U0/><E0/><V90/><F90/><W46/><G61/><T2/><D102/><U77/><E70/><V111/><F111/><W47/><G68/><T95/><D95/><N who="1" m="54679" /><E103/><V87/><F87/><N who="3" m="50415" /><G43/><N who="2" m="16457" /><F20/><W93/><G82/><T5/><D5/><U12/><E12/><V96/><F96/><AGARI ba="0,0" hai="10,13,17,32,34,72,77,80,96,100,104" m="54679" machi="96" ten="30,2000,0" yaku="24,1,54,1" doraHai="60" who="1" fromWho="2" sc="250,0,250,20,250,-20,250,0" /><INIT seed="1,0,0,5,0,69" ten="250,270,230,250" oya="1" hai0="9,102,6,111,58,48,107,4,80,8,49,135,133" hai1="54,20,22,95,68,5,129,116,11,18,125,124,117" hai2="91,43,33,47,131,121,77,23,86,1,66,115,127" hai3="25,67,82,37,10,35,62,100,0,26,132,39,75"/><U63/><E95/><V98/><F33/><W97/><G132/><T32/><D32/><U93/><E93/><V112/><F121/><W78/><G26/><T41/><D80/><U60/><E54/><V96/><F1/><W123/><G123/><T108/><D58/><U101/><E101/><V134/><F77/><W14/><G14/><T94/><D94/><U88/><E88/><V105/><F131/><W36/><G62/><T118/><D41/><U21/><E18/><V71/><F127/><N who="1" m="48713" /><E129/><V45/><F134/><W61/><G61/><N who="1" m="23626" /><E68/><V50/><F71/><W85/><G67/><T73/><D102/><U53/><E53/><V28/><F66/><W83/><G0/><AGARI ba="0,0" hai="0,5,11,20,21,22,116,117" m="23626,48713" machi="0" ten="30,1500,0" yaku="18,1" doraHai="69" who="1" fromWho="3" sc="250,0,270,15,230,0,250,-15" /><INIT seed="1,1,0,3,1,42" ten="250,285,230,235" oya="1" hai0="121,18,87,21,22,41,13,27,111,101,28,83,90" hai1="119,17,93,81,40,2,32,135,56,59,29,48,98" hai2="30,66,130,74,124,133,37,50,127,125,8,80,15" hai3="47,26,113,123,71,107,11,129,103,68,118,34,134"/><U126/><E119/><V16/><F37/><W120/><G118/><T6/><D111/><U52/><E2/><V12/><F130/><W104/><G113/><T7/><D121/><N who="3" m="46665" /><G11/><T46/><REACH who="0" step="1"/><D101/><REACH who="0" ten="240,285,230,235" step="2"/><U23/><E135/><V114/><F133/><W94/><G103/><T36/><AGARI ba="1,1" hai="6,7,13,18,21,22,27,28,36,41,46,83,87,90" machi="36" ten="20,8000,1" yaku="1,1,2,1,0,1,7,1,52,1,53,0" doraHai="42" doraHaiUra="33" who="0" fromWho="0" sc="240,93,285,-41,230,-21,235,-21" /><INIT seed="2,0,0,2,4,124" ten="333,244,209,214" oya="2" hai0="128,97,95,87,78,84,2,29,115,122,89,56,105" hai1="38,20,102,109,11,92,104,119,57,19,8,59,100" hai2="108,64,3,65,9,53,31,0,61,28,6,34,107" hai3="133,123,55,120,126,52,130,42,39,43,118,15,22"/><V46/><F107/><W103/><G126/><T10/><D29/><U32/><E32/><V23/><F34/><W71/><G118/><T75/><D56/><N who="1" m="21579" /><E104/><V79/><F3/><W125/><G103/><N who="1" m="39466" /><E38/><V14/><F108/><W77/><G77/><T76/><D10/><U58/><E119/><V83/><F0/><W134/><G125/><T40/><D40/><N who="3" m="15401" /><G39/><T37/><D2/><U135/><E135/><N who="3" m="51722" /><G71/><T17/><D17/><U96/><E58/><N who="2" m="35023" /><F46/><W12/><G130/><T4/><D128/><U117/><E117/><V30/><F23/><W62/><G62/><T24/><D37/><U41/><E41/><V45/><F45/><W91/><G91/><T99/><D89/><N who="1" m="55311" /><E109/><V47/><F47/><W66/><G66/><N who="2" m="25705" /><F79/><W86/><G86/><T116/><D84/><U112/><E112/><V68/><F68/><W82/><G82/><AGARI ba="0,0" hai="6,9,14,28,30,31,82,83" m="25705,35023" machi="82" ten="30,1500,0" yaku="8,1" doraHai="124" who="2" fromWho="3" sc="333,0,244,0,209,15,214,-15" /><INIT seed="2,1,0,2,5,43" ten="333,244,224,199" oya="2" hai0="95,32,33,87,122,92,9,26,68,108,15,97,8" hai1="4,39,123,116,35,114,80,78,54,29,135,25,124" hai2="110,27,82,19,11,128,90,57,44,6,126,134,42" hai3="37,75,41,99,131,5,101,20,23,22,65,125,106"/><V89/><F128/><W18/><G75/><T120/><D87/><U63/><E114/><V55/><F126/><W52/><G131/><T79/><D26/><U60/><E116/><V45/><F134/><W28/><G125/><T34/><D15/><U113/><E113/><V13/><F110/><W72/><G72/><T7/><D7/><U127/><E135/><V103/><F103/><W31/><G65/><T50/><D50/><U84/><E123/><V47/><F82/><W40/><G5/><T64/><D64/><U91/><E4/><V58/><F42/><W51/><G18/><T117/><D97/><U109/><E109/><V38/><F38/><W3/><G3/><T96/><D96/><U70/><E39/><V17/><F58/><W93/><G106/><T94/><D108/><U59/><E78/><V100/><F100/><W112/><G112/><T133/><D133/><U10/><E10/><V77/><F77/><W36/><G37/><T104/><D79/><U98/><E98/><V111/><F111/><W85/><G85/><T30/><D30/><N who="3" m="11305" /><G36/><T132/><D132/><U56/><REACH who="1" step="1"/><E70/><REACH who="1" ten="333,234,224,199" step="2"/><V81/><F6/><W107/><G107/><T24/><D104/><U102/><E102/><V74/><F74/><W53/><G53/><AGARI ba="1,1" hai="25,29,35,53,54,56,59,60,63,80,84,91,124,127" machi="53" ten="40,2600,0" yaku="1,1,9,1,53,0" doraHai="43" doraHaiUra="16" who="1" fromWho="3" sc="333,0,234,39,224,0,199,-29" /><INIT seed="3,0,0,5,2,73" ten="333,273,224,170" oya="3" hai0="120,48,81,55,13,20,5,113,117,21,68,9,89" hai1="60,23,50,27,91,49,126,40,94,8,119,102,29" hai2="90,132,7,130,133,41,66,82,26,99,25,56,107" hai3="38,39,127,69,12,123,52,106,18,54,77,30,125"/><W36/><G123/><T11/><D68/><U71/><E126/><N who="3" m="48138" /><G106/><T14/><D117/><U110/><E110/><V17/><F130/><W35/><G69/><T61/><D61/><U64/><E102/><N who="2" m="62943" /><F7/><W109/><G109/><T74/><D113/><U65/><E65/><V122/><F41/><W87/><G30/><T4/><D120/><U114/><E114/><V131/><F131/><W97/><G97/><T1/><D1/><U86/><E119/><V111/><F111/><W0/><G35/><T112/><D112/><U124/><E124/><V22/><F122/><W59/><G0/><T128/><D128/><U44/><E8/><V96/><F96/><W51/><G54/><T78/><D89/><U108/><E108/><V58/><F66/><W80/><G39/><AGARI ba="0,0" hai="23,27,29,39,40,44,49,50,60,64,71,86,91,94" machi="39" ten="30,1000,0" yaku="7,1" doraHai="73" who="1" fromWho="3" sc="333,0,273,10,224,0,170,-10" owari="333,43.3,283,8.3,224,-17.6,160,-34.0" /></mjloggm>