<mjloggm ver="2.3"><GO type="225" lobby="0"/><UN n0="%E6%AF%94%E5%98%89%E7%A7%80%E4%BB%81" n1="%E3%81%BF%E3%81%BF%E3%81%9A" n2="%E8%B6%85%E7%B4%9A%E9%B3%B3%E5%87%B0" n3="%E5%84%AA%40%41%42%43" dan="16,16,16,17" rate="2098.38,2168.47,2102.53,2189.42" sx="M,M,M,M"/><TAIKYOKU oya="0"/><INIT seed="0,0,0,0,2,126" ten="250,250,250,250" oya="0" hai0="30,62,40,123,112,128,134,61,13,56,24,46,52" hai1="127,115,16,51,26,120,9,117,25,121,8,132,23" hai2="99,105,97,7,83,55,58,107,32,86,102,124,76" hai3="73,122,108,106,18,129,133,59,0,88,94,2,89"/><T63/><D123/><U125/><E51/><V87/><F32/><W11/><G106/><T1/><D1/><U42/><E42/><V72/><F124/><N who="1" m="47689" /><E117/><V104/><F7/><W101/><G73/><T28/><D112/><U130/><E115/><V20/><F20/><W50/><G108/><T47/><D134/><U70/><E70/><V100/><REACH who="2" step="1"/><F107/><REACH who="2" ten="250,250,240,250" step="2"/><W119/><G119/><T4/><D4/><U131/><E132/><V22/><F22/><W49/><G133/><T74/><D30/><U110/><E110/><V69/><F69/><W65/><G18/><T85/><D28/><U31/><E121/><V34/><F34/><W96/><G122/><T41/><D24/><U39/><E120/><V111/><F111/><W10/><G11/><N who="1" m="4170" /><E39/><V77/><F77/><W84/><G10/><T116/><D116/><U48/><E48/><AGARI ba="0,1" hai="48,55,58,72,76,83,86,87,97,99,100,102,104,105" machi="48" ten="30,3900,0" yaku="1,1,7,1,9,1,53,0" doraHai="126" doraHaiUra="15" who="2" fromWho="1" sc="250,0,250,-39,240,49,250,0" /><INIT seed="1,0,0,4,3,98" ten="250,211,289,250" oya="1" hai0="72,3,128,19,108,60,28,30,106,66,107,22,33" hai1="38,132,26,55,65,116,122,16,131,114,76,129,15" hai2="102,2,52,104,0,81,58,117,135,68,103,75,64" hai3="20,109,74,11,27,121,110,71,44,1,111,90,80"/><U46/><E114/><V63/><F117/><W101/><G121/><T67/><D72/><U133/><E116/><V7/><F135/><N who="1" m="51785" /><E122/><V125/><F125/><W40/><G71/><T36/><D108/><U88/><E76/><V5/><F75/><W48/><G101/><T83/><D36/><U29/><E65/><V93/><F104/><W87/><G74/><T59/><D3/><U56/><E46/><V4/><F81/><W82/><G11/><T39/><D39/><U134/><N who="1" m="51793" /><U115/><DORA hai="61" /><E38/><V9/><F93/><N who="3" m="54495" /><G1/><T100/><D83/><U54/><E115/><V14/><F0/><W91/><G91/><T25/><D128/><N who="1" m="49227" /><E56/><V43/><F43/><W18/><AGARI ba="0,0" hai="18,20,27,40,44,48,80,82,109,110,111" m="54495" machi="18" ten="30,1100,0" yaku="14,1" doraHai="98,61" who="3" fromWho="3" sc="250,-3,211,-5,289,-3,250,11" /><INIT seed="2,0,0,2,1,55" ten="247,206,286,261" oya="2" hai0="69,129,97,37,114,96,58,15,62,133,88,117,50" hai1="74,119,126,84,123,26,102,86,70,104,49,4,68" hai2="101,77,108,131,54,72,47,63,80,51,13,109,1" hai3="27,52,25,33,34,76,56,111,124,79,41,9,19"/><V42/><F1/><W98/><G111/><N who="2" m="42569" /><F101/><W17/><G124/><T95/><D114/><U2/><E119/><V81/><F81/><W113/><G113/><T23/><D37/><U36/><E36/><N who="2" m="21959" /><F13/><N who="3" m="7343" /><G34/><T0/><D0/><U32/><E74/><V125/><F131/><W12/><G33/><T3/><D3/><U130/><E2/><V35/><F35/><W99/><G41/><T24/><D129/><U20/><E32/><V66/><F125/><W67/><G67/><T118/><D133/><U45/><E126/><V122/><F122/><W57/><G57/><T134/><D134/><U61/><E123/><V92/><F92/><W28/><G79/><T107/><D15/><U100/><E130/><V44/><F66/><W53/><G53/><T78/><D78/><U89/><E104/><V38/><F38/><W120/><G76/><T46/><D69/><U105/><E70/><V128/><F128/><W115/><G115/><T5/><D5/><U132/><E4/><V31/><F31/><W30/><G120/><T43/><D107/><U87/><E132/><V59/><F44/><W71/><G71/><T65/><REACH who="0" step="1"/><D97/><REACH who="0" ten="237,206,286,261" step="2"/><U82/><E105/><V116/><F116/><W14/><G14/><T40/><D40/><N who="1" m="24743" /><E86/><V94/><F94/><W112/><G112/><T103/><D103/><N who="1" m="39467" /><E87/><V90/><F90/><W10/><G99/><T73/><D73/><U21/><E26/><N who="3" m="9738" /><G98/><T64/><D64/><U8/><E8/><V22/><F22/><N who="1" m="8809" /><E68/><V127/><F127/><W11/><G10/><T39/><D39/><U29/><E29/><AGARI ba="0,1" hai="23,24,29,43,46,50,58,62,65,88,95,96,117,118" machi="29" ten="40,5200,0" yaku="1,1,52,1,54,1,53,0" doraHai="55" doraHaiUra="106" who="0" fromWho="1" sc="237,62,206,-52,286,0,261,0" /><INIT seed="3,0,0,5,1,69" ten="299,154,286,261" oya="3" hai0="6,97,52,28,21,11,14,125,96,131,122,5,99" hai1="45,15,134,124,57,47,115,71,108,61,32,74,3" hai2="24,117,26,84,95,31,48,65,75,129,132,68,89" hai3="54,112,67,42,77,135,83,72,19,30,43,127,53"/><W103/><G112/><T78/><D122/><U36/><RYUUKYOKU type="yao9" ba="0,0" sc="299,0,154,0,286,0,261,0" hai1="3,15,32,36,45,47,57,61,71,74,108,115,124,134" /><INIT seed="3,1,0,3,1,0" ten="299,154,286,261" oya="3" hai0="122,135,28,82,124,101,126,31,91,20,85,132,14" hai1="56,130,38,117,57,26,125,83,99,93,25,41,16" hai2="104,128,1,77,63,116,74,49,106,34,11,120,115" hai3="105,66,19,42,30,100,44,96,133,29,113,15,36"/><W64/><G113/><T92/><D122/><U119/><E83/><V13/><F115/><W65/><REACH who="3" step="1"/><G133/><REACH who="3" ten="299,154,286,251" step="2"/><N who="0" m="51275" /><D126/><U127/><E130/><V23/><F128/><W52/><G52/><T131/><D124/><N who="1" m="47691" /><E41/><V88/><F120/><W107/><G107/><T24/><D131/><U35/><E38/><V86/><F106/><W75/><G75/><T94/><D31/><N who="1" m="19951" /><E119/><V102/><F104/><W78/><G78/><T59/><D59/><U90/><E117/><V60/><F77/><W51/><G51/><T5/><D101/><U112/><E112/><V69/><F74/><W108/><G108/><T39/><D39/><U109/><E109/><V27/><F102/><W134/><G134/><T53/><D53/><U33/><E33/><V70/><F34/><W79/><G79/><T40/><D40/><U129/><E129/><V43/><F116/><W10/><AGARI ba="1,1" hai="10,15,19,29,30,36,42,44,64,65,66,96,100,105" machi="10" ten="30,3000,0" yaku="1,1,0,1,53,0" doraHai="0" doraHaiUra="84" who="3" fromWho="3" sc="299,-11,154,-11,286,-11,251,43" /><INIT seed="3,2,0,0,2,12" ten="288,143,275,294" oya="3" hai0="23,125,103,132,57,112,25,72,18,100,21,93,63" hai1="2,116,49,86,11,97,111,64,94,4,0,1,61" hai2="30,66,109,26,79,76,128,122,80,37,40,74,92" hai3="84,48,121,91,101,38,126,29,102,105,131,32,107"/><W13/><G38/><T90/><D72/><U78/><E111/><V62/><F109/><W55/><G121/><T54/><D132/><U129/><E129/><V51/><F128/><W65/><G131/><T98/><D125/><U104/><E116/><V53/><F122/><W33/><G65/><T44/><D112/><U41/><E104/><V43/><F76/><W68/><G68/><T50/><D23/><U10/><E41/><AGARI ba="2,0" hai="18,21,25,41,44,50,54,57,63,90,93,98,100,103" machi="41" ten="30,8000,1" yaku="7,1,25,2,8,1,52,1" doraHai="12" who="0" fromWho="1" sc="288,86,143,-86,275,0,294,0" owari="374,47.4,57,-44.3,275,-12.5,294,9.4" /></mjloggm>