<mjloggm ver="2.3"><GO type="225" lobby="0"/><UN n0="%E8%90%BD%E6%97%A5" n1="%72%65%6E%6B%75%6E" n2="%E3%81%BF%E3%81%BF%E3%81%9A" n3="%77%72%77%72%77%72%77%72" dan="16,17,18,17" rate="2165.17,2196.22,2271.13,2197.76" sx="F,M,M,M"/><TAIKYOKU oya="0"/><INIT seed="0,0,0,2,5,12" ten="250,250,250,250" oya="0" hai0="36,88,55,119,125,11,62,96,99,86,65,40,30" hai1="117,17,70,27,47,22,75,130,121,79,7,127,89" hai2="91,63,87,98,19,0,56,68,57,81,108,74,20" hai3="83,59,126,134,24,112,61,10,85,101,114,21,37"/><T25/><D119/><U43/><E117/><V53/><F108/><W72/><G72/><T71/><D125/><U29/><E70/><V106/><F0/><W1/><G126/><T46/><D11/><U14/><E121/><V76/><F68/><W45/><G134/><T13/><D13/><U111/><E127/><V122/><F122/><W92/><G37/><T104/><D55/><U49/><E111/><V90/><F106/><W50/><G1/><T28/><D104/><U113/><E130/><V102/><F74/><W133/><G10/><T15/><D15/><U82/><E89/><V131/><F131/><W95/><G133/><T4/><D4/><U97/><E97/><V123/><F123/><W38/><G38/><T39/><D36/><U94/><E94/><N who="2" m="58711" /><F57/><W78/><G101/><T16/><D30/><U107/><E7/><V60/><F60/><W35/><G35/><T9/><D9/><U80/><E80/><V67/><F67/><N who="3" m="39359" /><G114/><T64/><D64/><U52/><E107/><V73/><F73/><W110/><G110/><T128/><D128/><U33/><REACH who="1" step="1"/><E43/><REACH who="1" ten="250,240,250,250" step="2"/><V54/><F53/><N who="3" m="29903" /><G112/><AGARI ba="0,1" hai="14,17,22,27,29,33,47,49,52,75,79,82,112,113" machi="112" ten="40,8000,1" yaku="1,1,52,1,54,1,53,1" doraHai="12" doraHaiUra="8" who="1" fromWho="3" sc="250,0,240,90,250,0,250,-80" /><INIT seed="1,0,0,0,0,98" ten="250,330,250,170" oya="1" hai0="83,133,55,42,38,111,81,62,78,131,8,70,126" hai1="89,63,102,106,120,2,121,16,39,128,13,95,32" hai2="118,10,127,103,64,116,100,4,75,37,52,79,57" hai3="30,19,14,50,25,58,51,85,3,108,84,94,6"/><U73/><E2/><V86/><F37/><W41/><G108/><T125/><D111/><U22/><E32/><V82/><F64/><W7/><G3/><T56/><D8/><U18/><E73/><V93/><F127/><N who="0" m="48650" /><D131/><U74/><E74/><V59/><F59/><W40/><G25/><T21/><D133/><U47/><E128/><V77/><F77/><W43/><G30/><T112/><D112/><U17/><E63/><V123/><F123/><W91/><G85/><T80/><D70/><U132/><E132/><V129/><F129/><W69/><G69/><T44/><D21/><U115/><E115/><V76/><F76/><AGARI ba="0,0" hai="38,42,44,55,56,62,76,78,80,81,83" m="48650" machi="76" ten="30,1000,0" yaku="18,1" doraHai="98" who="0" fromWho="2" sc="250,10,330,0,250,-10,170,0" /><INIT seed="2,0,0,3,4,12" ten="260,330,240,170" oya="2" hai0="34,29,19,105,107,116,13,109,22,58,51,2,23" hai1="15,101,18,76,77,112,98,20,87,104,81,36,62" hai2="38,60,122,79,133,128,46,74,93,44,121,73,70" hai3="85,110,24,50,9,32,16,90,66,126,99,4,119"/><V135/><F93/><W82/><G119/><T80/><D116/><U111/><E111/><V56/><F128/><W71/><G110/><T54/><D109/><U120/><E120/><V26/><F26/><W89/><G126/><T72/><D2/><U130/><E130/><V86/><F86/><W64/><G71/><T57/><D34/><U33/><E33/><V11/><F11/><W17/><G32/><T28/><D58/><U10/><E36/><V52/><F70/><W68/><G68/><T0/><D0/><U131/><E131/><V43/><F46/><W100/><G90/><T92/><D92/><U124/><E124/><V75/><REACH who="2" step="1"/><F79/><REACH who="2" ten="260,330,230,170" step="2"/><W55/><G24/><T27/><REACH who="0" step="1"/><D29/><REACH who="0" ten="250,330,230,170" step="2"/><U14/><E112/><V69/><F69/><W45/><G100/><T127/><D127/><U117/><E117/><V30/><F30/><W47/><G47/><T3/><D3/><U6/><E101/><V39/><F39/><W25/><G99/><T91/><D91/><U103/><E77/><AGARI ba="0,2" hai="13,19,22,23,27,28,51,54,57,72,77,80,105,107" machi="77" ten="40,2600,0" yaku="1,1,52,1,53,0" doraHai="12" doraHaiUra="115" who="0" fromWho="1" sc="250,46,330,-26,230,0,170,0" /><INIT seed="3,0,0,2,5,114" ten="296,304,230,170" oya="3" hai0="21,33,77,92,119,132,72,112,14,23,26,25,29" hai1="113,11,32,55,99,111,71,9,96,47,37,34,27" hai2="22,51,5,58,109,118,59,126,49,73,57,101,6" hai3="64,0,39,89,128,107,48,129,91,135,79,53,35"/><W54/><G0/><T85/><D119/><U84/><E71/><V80/><F101/><W131/><G35/><T93/><D112/><U110/><E113/><V102/><F102/><W75/><G135/><T24/><D132/><U44/><E84/><V31/><F109/><W74/><G107/><T78/><D72/><N who="3" m="27689" /><G39/><T13/><D33/><U115/><E115/><V45/><F126/><W28/><G28/><T103/><D103/><U3/><E55/><N who="3" m="21002" /><G64/><T10/><D14/><U12/><E12/><V41/><F73/><W83/><G48/><T94/><D85/><AGARI ba="0,0" hai="79,83,85,89,91,128,129,131" m="21002,27689" machi="85" ten="40,2000,0" yaku="19,1" doraHai="114" who="3" fromWho="0" sc="296,-20,304,0,230,0,170,20" /><INIT seed="3,1,0,2,3,44" ten="276,304,230,190" oya="3" hai0="132,56,81,22,109,90,128,134,50,106,115,87,51" hai1="57,63,84,59,20,10,111,76,53,4,18,119,108" hai2="77,38,86,75,65,19,64,30,34,6,5,60,42" hai3="135,82,36,67,37,103,112,123,58,47,55,99,72"/><W122/><G112/><T94/><D106/><U13/><E119/><V3/><F19/><W61/><G135/><N who="0" m="51755" /><D115/><U40/><E40/><V29/><F86/><W17/><G17/><T15/><D109/><N who="1" m="42059" /><E57/><V118/><F118/><W85/><G72/><T114/><D114/><U32/><E32/><V110/><F110/><W0/><G0/><T121/><D121/><U21/><E4/><V62/><F77/><W2/><G2/><T43/><D128/><U27/><E27/><V92/><F3/><W11/><G11/><T83/><D22/><U96/><E96/><V26/><F75/><W66/><G36/><T74/><D15/><U88/><E76/><V98/><F42/><W116/><G116/><T39/><D74/><U93/><AGARI ba="1,0" hai="10,13,18,20,21,53,59,63,84,88,93" m="42059" machi="93" ten="30,2000,0" yaku="14,1,54,1" doraHai="44" who="1" fromWho="1" sc="276,-6,304,23,230,-6,190,-11" owari="270,7.0,327,42.7,224,-17.6,179,-32.1" /></mjloggm>