<mjloggm ver="2.3"><GO type="225" lobby="0"/><UN n0="%72%69%6F%75%63%68%61%6E" n1="%48%61%61%61%6C%61%6E%64" n2="%E3%83%AD%E3%83%83%E3%83%86%E9%9B%80%E7%90%83" n3="%E2%91%A3%E9%81%BF%E9%81%8A%E6%88%AF%E3%80%90%E6%9D%B1%E5%8D%97%E3%80%91" dan="17,17,17,16" rate="2267.03,2269.90,2169.65,2111.14" sx="M,M,M,M"/><TAIKYOKU oya="0"/><INIT seed="0,0,0,4,1,65" ten="250,250,250,250" oya="0" hai0="78,54,14,25,98,86,85,57,19,56,87,81,126" hai1="28,74,41,118,33,110,7,109,68,70,1,88,52" hai2="13,16,3,135,66,10,108,84,119,40,104,131,128" hai3="116,95,63,58,96,6,73,121,71,134,26,130,24"/><T127/><D25/><N who="1" m="18575" /><E118/><V4/><F108/><N who="1" m="41577" /><E74/><V36/><F135/><W20/><G121/><T51/><D98/><U83/><E41/><V111/><F111/><W114/><G116/><T18/><D56/><U133/><E133/><V0/><F104/><W17/><G134/><T69/><D69/><N who="1" m="26731" /><E52/><V67/><F119/><W106/><G114/><T5/><D5/><U90/><E83/><V101/><F67/><W99/><G73/><T61/><D51/><U47/><E47/><V94/><F66/><W93/><G6/><T72/><REACH who="0" step="1"/><D19/><REACH who="0" ten="240,250,250,250" step="2"/><U21/><E7/><V107/><F4/><W82/><G17/><T45/><D45/><U50/><E50/><V129/><F16/><W53/><G71/><T97/><D97/><U76/><E1/><V115/><F0/><W39/><G99/><T55/><D55/><U120/><E120/><V44/><F3/><W102/><G96/><T89/><D89/><U31/><E76/><V112/><F44/><W22/><G53/><T23/><AGARI ba="0,1" hai="14,18,23,54,57,61,72,78,81,85,86,87,126,127" machi="23" ten="30,3000,0" yaku="1,1,0,1,53,0" doraHai="65" doraHaiUra="125" who="0" fromWho="0" sc="240,40,250,-10,250,-10,250,-10" /><INIT seed="0,1,0,0,5,14" ten="280,240,240,240" oya="0" hai0="120,77,37,101,15,64,29,130,89,93,118,20,124" hai1="131,6,112,17,122,102,91,90,108,82,99,23,76" hai2="80,68,59,40,49,115,60,133,73,5,31,117,110" hai3="65,69,106,54,1,62,87,78,85,104,58,18,42"/><T81/><D124/><U4/><E122/><V84/><F115/><W70/><G1/><T26/><D130/><U126/><E131/><V107/><F107/><W11/><G42/><T88/><D118/><U34/><E34/><V46/><F110/><W10/><G70/><T30/><D120/><U100/><E108/><V79/><F133/><W28/><G28/><T57/><D37/><U45/><E126/><V134/><F134/><W96/><G106/><T132/><D132/><U50/><E112/><V44/><F68/><W95/><G104/><T111/><D111/><U38/><E38/><V125/><F125/><W39/><G39/><T27/><D15/><N who="1" m="9663" /><E76/><V114/><F114/><W71/><G71/><T75/><D101/><N who="1" m="39019" /><E82/><V47/><F117/><W123/><G123/><T51/><D93/><N who="1" m="56759" /><E91/><V63/><F73/><W66/><G69/><T129/><D129/><U55/><AGARI ba="1,0" hai="4,6,45,50,55" m="56759,39019,9663" machi="55" ten="30,2000,0" yaku="8,1,52,1" doraHai="14" who="1" fromWho="1" sc="280,-11,240,23,240,-6,240,-6" /><INIT seed="1,0,0,5,4,45" ten="269,263,234,234" oya="1" hai0="17,16,99,71,18,105,65,73,15,13,108,58,82" hai1="5,25,12,80,48,102,41,28,78,49,54,104,115" hai2="40,116,114,26,106,103,53,38,2,133,55,67,129" hai3="60,11,89,92,32,46,131,123,98,34,56,37,52"/><U59/><E115/><V97/><F116/><W119/><G119/><T63/><D108/><U101/><E104/><V1/><F114/><W44/><G123/><T42/><D42/><U51/><E5/><V7/><F129/><W88/><G131/><T120/><D120/><U39/><E39/><V96/><F133/><W113/><G113/><T118/><D118/><U10/><E41/><V121/><F121/><W91/><G11/><T24/><D71/><U47/><E12/><V69/><F97/><W68/><G68/><T6/><D24/><U57/><E10/><V117/><F117/><W107/><G107/><T50/><D50/><U83/><E49/><V109/><F109/><W86/><G37/><T112/><D112/><U61/><E57/><V14/><F14/><W21/><G34/><T72/><D82/><U3/><E3/><V100/><F40/><W122/><G32/><T77/><D77/><U127/><E127/><V66/><F38/><W90/><G122/><T84/><D84/><N who="1" m="48151" /><E83/><V81/><F81/><N who="3" m="49231" /><G21/><T94/><D105/><U75/><E75/><V93/><F106/><W134/><G134/><T33/><D33/><U70/><E70/><V8/><F1/><W87/><G87/><T76/><D76/><U4/><E4/><V128/><F69/><W62/><G62/><T0/><D0/><U20/><E61/><V111/><F128/><W64/><G64/><N who="2" m="24617" /><F111/><W85/><G85/><T19/><D6/><U110/><E110/><V27/><F103/><AGARI ba="0,0" hai="44,46,52,56,60,89,90,91,92,98,103" m="49231" machi="103" ten="30,3900,0" yaku="8,1,54,2" doraHai="45" who="3" fromWho="2" sc="269,0,263,0,234,-39,234,39" /><INIT seed="2,0,0,0,1,119" ten="269,263,195,273" oya="2" hai0="103,121,27,20,135,30,18,40,64,33,7,4,19" hai1="16,86,70,91,3,117,29,109,0,93,123,111,14" hai2="63,12,79,78,50,74,118,28,23,52,85,122,105" hai3="59,51,22,66,134,90,13,49,56,45,38,80,34"/><V87/><F118/><W113/><G34/><T25/><D64/><U102/><E117/><V48/><F105/><W39/><G113/><T6/><D40/><U115/><E115/><V133/><F133/><W94/><G80/><T116/><D116/><U62/><E29/><V129/><F129/><W53/><G134/><T72/><D72/><U125/><E125/><V120/><F74/><W130/><G130/><T132/><D103/><U42/><E42/><V126/><F63/><W83/><G83/><T43/><D43/><U8/><E102/><V127/><F28/><W96/><G59/><T57/><D57/><U2/><REACH who="1" step="1"/><E123/><REACH who="1" ten="269,253,195,273" step="2"/><V110/><F110/><W114/><G114/><T104/><D121/><U84/><E84/><V98/><F98/><W54/><G66/><AGARI ba="0,1" hai="0,2,3,8,14,16,62,66,70,86,91,93,109,111" machi="66" ten="50,6400,0" yaku="1,1,54,1,53,1" doraHai="119" doraHaiUra="11" who="1" fromWho="3" sc="269,0,253,74,195,0,273,-64" /><INIT seed="3,0,0,2,2,108" ten="269,327,195,209" oya="3" hai0="22,14,38,57,110,2,3,123,120,8,93,101,60" hai1="105,88,40,125,106,128,61,43,126,78,90,4,124" hai2="103,47,77,53,127,10,12,29,91,117,72,73,100" hai3="115,76,130,133,64,19,45,21,1,114,131,104,5"/><W6/><G104/><N who="1" m="40042" /><E128/><N who="3" m="49194" /><G133/><T118/><D110/><U17/><E4/><N who="3" m="1642" /><G1/><T119/><D38/><U42/><E78/><V18/><F127/><W37/><G64/><T89/><D101/><U109/><E109/><V107/><F117/><W51/><G37/><T59/><D22/><U75/><E75/><V11/><F11/><W96/><G96/><T80/><D80/><U24/><E61/><V95/><F29/><W63/><G63/><T99/><D2/><U121/><E121/><V58/><F47/><W36/><G36/><T134/><D134/><U70/><E70/><V46/><F46/><W23/><G76/><T74/><D3/><U9/><E9/><V7/><F7/><W71/><G71/><T81/><D119/><U94/><E94/><V44/><F44/><W54/><G23/><AGARI ba="0,0" hai="17,23,24,40,42,43,88,90,124,125,126" m="40042" machi="23" ten="40,2600,0" yaku="18,1,54,1" doraHai="108" who="1" fromWho="3" sc="269,0,327,26,195,0,209,-26" owari="269,6.9,353,45.3,195,-20.5,183,-31.7" /></mjloggm>