<mjloggm ver="2.3"><GO type="225" lobby="0"/><UN n0="%E9%80%9F%E6%B0%B4%E5%87%9B%E9%A6%99" n1="%E7%AC%B9%E9%A4%85" n2="%E3%81%AF%E3%82%88%E3%81%8A%E3%81%98%E3%81%95%E3%82%93" n3="%33%74%72%65%65" dan="16,16,16,17" rate="2084.11,2153.95,2175.73,2188.64" sx="F,M,M,F"/><TAIKYOKU oya="0"/><INIT seed="0,0,0,0,5,120" ten="250,250,250,250" oya="0" hai0="121,93,119,27,45,98,23,8,97,20,49,106,112" hai1="62,25,75,90,26,128,107,116,110,36,111,56,52" hai2="134,105,51,92,118,82,50,126,47,38,100,74,22" hai3="113,108,114,37,43,89,73,63,117,18,24,12,88"/><T103/><D121/><U57/><E116/><V13/><F105/><W122/><G117/><T102/><D119/><U115/><E107/><V55/><F118/><W48/><G122/><T21/><D112/><U94/><E115/><V14/><F38/><W19/><G37/><T80/><D80/><U64/><E75/><V42/><F126/><W99/><G73/><T61/><D61/><U15/><E36/><V133/><F100/><W41/><G63/><T32/><D8/><U109/><E15/><V123/><F123/><W83/><G83/><T46/><D32/><U28/><E128/><V60/><F60/><W81/><G81/><T44/><REACH who="0" step="1"/><D49/><REACH who="0" ten="240,250,250,250" step="2"/><N who="1" m="30735" /><E28/><AGARI ba="0,1" hai="20,21,23,27,28,44,45,46,93,97,98,102,103,106" machi="28" ten="40,2000,0" yaku="1,1,53,0" doraHai="120" doraHaiUra="59" who="0" fromWho="1" sc="240,30,250,-20,250,0,250,0" /><INIT seed="0,1,0,4,1,134" ten="270,230,250,250" oya="0" hai0="90,16,41,46,77,96,15,135,63,19,102,21,52" hai1="50,101,10,80,3,51,114,110,81,109,55,70,75" hai2="8,5,22,128,117,48,58,113,40,104,31,13,121" hai3="39,12,1,64,118,45,100,91,108,17,60,78,0"/><T11/><D135/><U119/><E119/><V36/><F113/><W9/><G118/><T94/><D77/><U18/><E70/><V43/><F121/><W120/><G108/><N who="1" m="41578" /><E114/><V103/><F117/><W130/><G130/><T106/><D106/><U116/><E116/><V33/><F33/><W123/><G100/><T66/><D66/><U37/><E37/><V89/><F128/><W126/><G78/><T84/><D41/><U7/><E75/><V53/><F36/><W73/><G73/><T67/><D67/><U71/><E71/><V99/><F89/><W56/><G91/><T125/><D125/><U29/><E29/><V32/><F32/><W131/><G131/><T88/><D84/><U76/><E101/><V87/><F87/><W25/><G126/><T54/><D54/><U105/><E105/><V124/><F124/><W132/><G132/><T28/><D28/><U62/><E18/><V95/><F104/><W127/><G127/><T61/><D61/><U85/><E80/><V65/><F65/><W42/><REACH who="3" step="1"/><G25/><AGARI ba="1,0" hai="5,8,13,22,25,31,40,43,48,53,58,95,99,103" machi="25" ten="40,1300,0" yaku="8,1" doraHai="134" who="2" fromWho="3" sc="270,0,230,0,250,16,250,-16" /><INIT seed="1,0,0,4,4,124" ten="270,230,266,234" oya="1" hai0="6,88,112,30,89,105,16,101,59,96,125,86,41" hai1="56,120,132,27,76,33,85,122,17,107,23,7,93" hai2="117,110,129,127,25,104,100,69,19,44,53,84,121" hai3="70,51,20,3,94,5,22,114,83,61,128,38,15"/><U14/><E107/><V64/><F117/><W109/><G38/><T28/><D112/><U103/><E132/><V58/><F121/><W74/><G114/><T81/><D125/><U87/><E33/><V49/><F127/><W26/><G109/><T65/><D41/><U11/><E122/><V123/><F123/><W0/><G0/><T116/><D6/><U47/><E120/><V133/><F110/><W95/><G3/><T78/><D116/><U34/><E76/><V42/><F133/><W12/><G51/><T134/><D134/><U113/><E113/><V68/><F64/><W106/><G106/><T108/><D108/><U119/><E119/><V71/><F84/><W63/><G5/><T97/><D97/><N who="1" m="59823" /><E47/><V115/><F115/><W60/><G70/><T24/><D30/><N who="1" m="19807" /><E56/><V2/><F2/><AGARI ba="0,0" hai="2,7,11,14,17,23,85,87" m="19807,59823" machi="2" ten="30,1500,0" yaku="24,1" doraHai="124" who="1" fromWho="2" sc="270,0,230,15,266,-15,234,0" /><INIT seed="1,1,0,1,3,134" ten="270,245,251,234" oya="1" hai0="5,15,63,58,106,28,75,135,1,113,100,133,41" hai1="108,70,103,17,42,109,104,12,61,14,80,10,105" hai2="74,122,98,121,99,72,118,36,27,9,85,67,6" hai3="18,24,7,50,83,32,81,3,43,131,112,88,13"/><U77/><E42/><V26/><F36/><W124/><G112/><T44/><D75/><U11/><E61/><V21/><F118/><W69/><G131/><T33/><D113/><U29/><E70/><V90/><F67/><W92/><G69/><T97/><D1/><U82/><E29/><V119/><F119/><W101/><G101/><T120/><D120/><U8/><E103/><V78/><F78/><W76/><G3/><T39/><D28/><U130/><E130/><V73/><F121/><W102/><G102/><T125/><D33/><U47/><E47/><V132/><F132/><W84/><G32/><T53/><REACH who="0" step="1"/><D125/><REACH who="0" ten="260,245,251,234" step="2"/><U22/><E108/><V16/><F122/><W87/><G124/><T66/><D66/><U126/><E109/><V20/><F72/><W110/><G110/><T19/><D19/><U57/><E126/><V71/><F74/><W0/><G0/><T54/><D54/><U64/><E105/><V117/><F73/><W94/><G7/><T62/><D62/><N who="1" m="37967" /><E104/><V116/><F117/><W129/><G129/><T48/><D48/><U55/><E55/><V46/><F116/><W34/><G50/><T65/><D65/><U107/><E107/><V2/><F71/><W86/><G18/><T96/><D96/><U45/><E45/><V93/><F46/><W51/><G51/><T89/><D89/><U123/><E123/><V35/><F35/><W95/><G34/><T4/><D4/><N who="1" m="3079" /><E77/><V68/><F68/><W59/><G76/><T49/><D49/><U60/><E60/><V127/><F127/><W31/><G31/><AGARI ba="1,1" hai="2,6,9,16,20,21,26,27,31,85,90,93,98,99" machi="31" ten="30,2000,0" yaku="7,1,54,1" doraHai="134" who="2" fromWho="3" sc="260,0,245,0,251,33,234,-23" /><INIT seed="2,0,0,5,4,113" ten="260,245,284,211" oya="2" hai0="43,99,17,57,37,102,0,94,64,88,95,52,41" hai1="38,63,81,93,2,7,4,82,105,100,58,11,116" hai2="104,3,70,44,132,85,114,69,86,120,131,115,15" hai3="34,106,20,89,35,75,51,25,40,112,66,26,109"/><V126/><F3/><W53/><G109/><T65/><D0/><U1/><E105/><V18/><F104/><W24/><G112/><T74/><D74/><U48/><E38/><V124/><F120/><W96/><G75/><T128/><D128/><U73/><E48/><V125/><F131/><W77/><G77/><T50/><D37/><U16/><E73/><V21/><F132/><W127/><G127/><T27/><D27/><U56/><E116/><V32/><F32/><W59/><G40/><N who="0" m="15435" /><D17/><U87/><E58/><V60/><F44/><W36/><G36/><T67/><D67/><U61/><E61/><V33/><F33/><W19/><G66/><T72/><D72/><U39/><E39/><V91/><F85/><AGARI ba="0,0" hai="50,52,57,64,65,85,88,94,95,99,102" m="15435" machi="85" ten="30,3900,0" yaku="8,1,54,2" doraHai="113" who="0" fromWho="2" sc="260,39,245,0,284,-39,211,0" /><INIT seed="3,0,0,1,3,20" ten="299,245,245,211" oya="3" hai0="32,127,118,93,113,126,12,98,35,64,119,95,124" hai1="73,123,4,51,47,62,104,41,96,10,7,105,135" hai2="40,66,55,110,17,107,94,79,131,53,9,46,0" hai3="25,120,111,101,57,14,43,68,83,117,2,130,5"/><W80/><G117/><N who="0" m="44555" /><D113/><U129/><E123/><V36/><F110/><W27/><G120/><T112/><D112/><U33/><E73/><V21/><F131/><W58/><G130/><T50/><D64/><U99/><E33/><N who="0" m="12873" /><D50/><U114/><E135/><V115/><F107/><W74/><G111/><T18/><D98/><U67/><E129/><V71/><F115/><W28/><G68/><T102/><D102/><U109/><E109/><V29/><F79/><W49/><G101/><T76/><D76/><U1/><E4/><V86/><F29/><W65/><G2/><T61/><D61/><U45/><E114/><V3/><F66/><W91/><G74/><T108/><D108/><U52/><E105/><V37/><F36/><W87/><G80/><T19/><D19/><U89/><E89/><V125/><F125/><W81/><G81/><T26/><D26/><N who="3" m="9737" /><G28/><T128/><D128/><U11/><E104/><V31/><F71/><W56/><G65/><T42/><D42/><U88/><E88/><N who="2" m="53527" /><F31/><W59/><N who="3" m="14336" /><DORA hai="44" /><W54/><G43/><T72/><D72/><U39/><E11/><AGARI ba="0,0" hai="11,12,18,93,95,124,126,127" m="12873,44555" machi="11" ten="40,1300,0" yaku="18,1" doraHai="20,44" who="0" fromWho="1" sc="299,13,245,-13,245,0,211,0" owari="312,41.2,232,-16.8,245,4.5,211,-28.9" /></mjloggm>