<mjloggm ver="2.3"><GO type="225" lobby="0"/><UN n0="%72%69%6F%75%63%68%61%6E" n1="%E6%A1%9C%E8%8A%B1%E9%96%83%E3%80%85" n2="%E3%81%B2%E3%81%AA%E3%81%AE%E3%82%8A%E3%81%8F" n3="%E3%81%86%E3%83%BC%E3%81%B1%E3%83%BC" dan="17,17,17,16" rate="2143.41,2150.66,2185.26,2144.47" sx="M,M,M,F"/><TAIKYOKU oya="0"/><INIT seed="0,0,0,1,1,69" ten="250,250,250,250" oya="0" hai0="24,52,99,117,50,56,81,121,109,48,107,133,47" hai1="66,100,54,3,10,36,105,11,94,21,84,41,5" hai2="67,85,60,65,2,72,70,135,106,87,1,39,108" hai3="125,30,43,124,112,116,22,26,104,42,123,25,115"/><T64/><D117/><U92/><E66/><V90/><F72/><W44/><G104/><T79/><D121/><U111/><E111/><V51/><F106/><W78/><G116/><T20/><D133/><U110/><E110/><V71/><F108/><W62/><G123/><T8/><D109/><U14/><E21/><V77/><F135/><W126/><G78/><T98/><D8/><U34/><E34/><V120/><F120/><W73/><G73/><T131/><D131/><U86/><E54/><V33/><F33/><N who="3" m="20687" /><G62/><T9/><D9/><U23/><E23/><V45/><F39/><N who="3" m="21599" /><G43/><N who="0" m="24703" /><D107/><U76/><E105/><V15/><F15/><W63/><G63/><N who="0" m="37991" /><D81/><U6/><E76/><V68/><F2/><W74/><G74/><T128/><D128/><U91/><E100/><V49/><F1/><W88/><G88/><T134/><D79/><U38/><REACH who="1" step="1"/><E41/><REACH who="1" ten="250,240,250,250" step="2"/><V55/><F77/><W53/><G53/><T17/><D134/><U127/><E127/><V103/><F103/><W129/><G129/><T102/><D102/><U82/><E82/><V32/><F32/><W114/><G114/><T80/><D80/><U19/><E19/><AGARI ba="0,1" hai="19,22,26,112,115,124,125,126" m="21599,20687" machi="19" ten="30,2000,0" yaku="18,1,52,1" doraHai="69" who="3" fromWho="1" sc="250,0,240,-20,250,0,250,30" /><INIT seed="1,0,0,0,1,102" ten="250,220,250,280" oya="1" hai0="103,119,98,18,13,15,113,82,60,41,16,95,135" hai1="129,131,14,132,114,30,89,4,0,111,108,59,72" hai2="53,33,81,3,80,78,1,61,75,122,28,97,37" hai3="118,105,88,96,134,73,130,83,120,68,34,39,51"/><U104/><E114/><V27/><F122/><W12/><RYUUKYOKU type="yao9" ba="0,0" sc="250,0,220,0,250,0,280,0" hai3="12,34,39,51,68,73,83,88,96,105,118,120,130,134" /><INIT seed="1,1,0,4,5,19" ten="250,220,250,280" oya="1" hai0="45,35,26,128,68,10,8,109,119,91,41,42,83" hai1="81,106,121,110,49,28,11,107,135,79,63,67,117" hai2="116,29,125,38,73,103,133,114,105,69,96,27,124" hai3="48,6,84,25,101,75,13,51,2,30,53,47,14"/><U108/><E117/><V86/><F116/><W126/><G75/><T17/><D119/><U32/><E121/><V85/><F73/><W54/><G126/><N who="2" m="48745" /><F133/><W80/><G101/><T7/><D109/><N who="1" m="42091" /><E135/><V9/><F69/><W55/><G2/><T92/><D128/><U44/><E11/><V66/><F66/><W5/><G6/><T123/><D68/><N who="1" m="42111" /><E28/><V16/><F38/><W50/><G5/><T97/><D123/><U1/><E32/><N who="2" m="20543" /><F114/><W33/><REACH who="3" step="1"/><G47/><REACH who="3" ten="250,220,250,270" step="2"/><T37/><D7/><U4/><E4/><V60/><F60/><W93/><G93/><T12/><D92/><U98/><E1/><V76/><F76/><AGARI ba="1,1" hai="13,14,25,30,33,48,50,51,53,54,55,76,80,84" machi="76" ten="40,2600,0" yaku="1,1,53,1" doraHai="19" doraHaiUra="31" who="3" fromWho="2" sc="250,0,220,0,250,-29,270,39" /><INIT seed="2,0,0,4,4,74" ten="250,220,221,309" oya="2" hai0="133,75,27,69,8,36,106,91,12,61,78,54,5" hai1="47,40,111,57,3,13,126,108,76,33,22,121,77" hai2="19,55,107,14,58,41,128,120,90,94,96,64,39" hai3="113,116,10,122,124,117,134,115,37,92,100,101,118"/><V25/><F120/><W29/><G37/><T43/><D106/><U63/><E33/><V70/><F128/><W44/><G122/><T35/><D133/><U83/><E3/><V16/><F107/><W17/><G134/><T4/><D91/><U51/><E121/><V95/><F70/><W109/><G124/><T56/><D69/><U132/><E132/><V38/><F64/><W105/><G105/><T110/><D110/><N who="1" m="42027" /><E83/><V59/><F41/><W49/><G29/><T84/><D75/><U125/><E22/><V23/><F94/><W130/><G92/><T46/><D4/><U2/><E13/><V65/><F65/><W102/><G130/><T80/><D27/><U28/><E2/><V30/><F59/><W71/><G71/><T60/><REACH who="0" step="1"/><D35/><REACH who="0" ten="240,220,221,309" step="2"/><U119/><E119/><V62/><REACH who="2" step="1"/><F19/><REACH who="2" ten="240,220,211,309" step="2"/><W97/><G109/><T89/><D89/><U86/><E126/><V11/><AGARI ba="0,2" hai="11,14,16,23,25,30,38,39,55,58,62,90,95,96" machi="11" ten="20,12000,1" yaku="1,1,2,1,0,1,7,1,54,1,53,0" doraHai="74" doraHaiUra="31" who="2" fromWho="2" sc="240,-40,220,-40,211,140,309,-40" /><INIT seed="2,1,0,5,2,44" ten="200,180,351,269" oya="2" hai0="6,101,4,39,78,7,57,118,8,26,25,131,87" hai1="58,97,10,86,63,75,67,120,18,94,95,69,105" hai2="104,111,109,81,17,79,64,90,12,91,96,114,51" hai3="68,38,42,80,53,122,82,126,11,62,49,30,72"/><V85/><F114/><W128/><G122/><T71/><D71/><U110/><E75/><V34/><F34/><W14/><G72/><T29/><D131/><U37/><E120/><V107/><F64/><N who="3" m="40983" /><G30/><T16/><D118/><U106/><E37/><V76/><F76/><W89/><G89/><N who="2" m="33801" /><F96/><W132/><G128/><T55/><D39/><U93/><E110/><N who="2" m="41995" /><F51/><W73/><G73/><T22/><D101/><U77/><E97/><V24/><F24/><W9/><G38/><T5/><D78/><U74/><E74/><V45/><F45/><W1/><G49/><N who="0" m="30959" /><D87/><U135/><E86/><V113/><F113/><W84/><G84/><T47/><D47/><U65/><E77/><V59/><F59/><W123/><G123/><T83/><D83/><U115/><E115/><V33/><F33/><W70/><G70/><T99/><D99/><U88/><E69/><V117/><F117/><W134/><G82/><T43/><D43/><U0/><E88/><V27/><F27/><W102/><G42/><T13/><D25/><U35/><E35/><V46/><F46/><W125/><G80/><T40/><D40/><U100/><E100/><V56/><F56/><W124/><G102/><T54/><D54/><U19/><E67/><V66/><F66/><W98/><G53/><T32/><D32/><U108/><E108/><V103/><F103/><W130/><G98/><T133/><N who="0" m="1024" /><DORA hai="61" /><T92/><D92/><U52/><E65/><V116/><F116/><W112/><G112/><T21/><D21/><AGARI ba="1,0" hai="12,17,21,79,81,85,104,107" m="41995,33801" machi="21" ten="30,2900,0" yaku="14,1,10,1" doraHai="44,61" who="2" fromWho="0" sc="200,-32,180,0,351,32,269,0" /><INIT seed="2,2,0,1,1,21" ten="168,180,383,269" oya="2" hai0="58,98,49,103,31,16,5,12,62,104,99,54,83" hai1="8,30,94,63,95,46,84,91,42,32,17,27,72" hai2="43,102,125,109,71,64,60,57,61,48,115,76,18" hai3="101,120,119,15,82,112,129,69,105,87,124,29,24"/><V118/><F115/><W77/><G119/><T108/><D108/><U20/><E72/><V52/><F118/><W75/><G120/><T47/><D99/><U39/><E63/><V1/><F1/><W26/><G29/><T28/><D5/><U68/><E68/><V22/><F102/><W110/><G69/><T13/><D83/><U7/><E94/><V38/><F125/><W88/><G112/><T89/><D89/><U37/><E37/><V35/><F35/><W41/><G110/><T10/><REACH who="0" step="1"/><D12/><REACH who="0" ten="158,180,383,269" step="2"/><U130/><E130/><V135/><F109/><W73/><G15/><T133/><D133/><U106/><E106/><V9/><F135/><W132/><G132/><T121/><D121/><U55/><E55/><AGARI ba="2,1" hai="10,13,16,28,31,47,49,54,55,58,62,98,103,104" machi="55" ten="30,3900,0" yaku="1,1,7,1,54,1,53,0" doraHai="21" doraHaiUra="122" who="0" fromWho="1" sc="158,55,180,-45,383,0,269,0" /><INIT seed="3,0,0,0,4,10" ten="213,135,383,269" oya="3" hai0="114,63,106,23,38,103,116,1,15,78,125,107,11" hai1="88,68,119,90,124,59,110,19,17,98,55,132,29" hai2="120,87,66,84,85,60,95,57,93,99,12,118,53" hai3="3,127,13,109,22,128,80,121,111,33,65,0,48"/><W86/><G33/><T94/><D116/><U31/><E68/><V77/><F118/><W30/><G121/><T51/><D38/><U135/><E119/><V62/><F120/><W73/><G73/><T54/><D125/><U112/><E112/><V39/><F39/><W89/><G127/><T129/><D114/><U67/><E124/><V130/><F130/><W100/><G128/><T117/><D117/><U113/><E113/><V91/><F77/><W18/><G65/><T8/><D129/><U131/><E131/><V14/><REACH who="2" step="1"/><F93/><REACH who="2" ten="213,135,373,269" step="2"/><W24/><G100/><T41/><D78/><U44/><E110/><N who="3" m="41994" /><G48/><T20/><D51/><U42/><E67/><V16/><F16/><N who="1" m="6217" /><E42/><V50/><F50/><W47/><G47/><T46/><D41/><U40/><E40/><V45/><F45/><W25/><G30/><N who="1" m="11274" /><E44/><V34/><F34/><W69/><G69/><AGARI ba="0,1" hai="12,14,53,57,60,62,66,69,84,85,87,91,95,99" machi="69" ten="40,5200,0" yaku="1,1,52,2,53,0" doraHai="10" doraHaiUra="79" who="2" fromWho="3" sc="213,0,135,0,373,62,269,-52" owari="213,-18.7,135,-36.5,435,53.5,217,1.7" /></mjloggm>