<mjloggm ver="2.3"><GO type="225" lobby="0"/><UN n0="%63%68%78%62%64" n1="%E3%81%B2%E3%81%BE%E3%81%A4%E3%81%B6%E3%81%97" n2="%2D%E8%B1%8A%E5%8F%A3%E3%82%81%E3%81%90%E3%81%BF%2D" n3="%E5%B0%8F%E9%B3%A5%E9%81%8A%E7%B7%B4%E7%84%A1%32%31%E6%AD%B3" dan="16,16,17,16" rate="2137.93,2182.82,2127.07,2200.44" sx="M,M,F,F"/><TAIKYOKU oya="0"/><INIT seed="0,0,0,2,4,50" ten="250,250,250,250" oya="0" hai0="81,11,115,58,6,134,103,111,59,12,86,126,105" hai1="54,3,120,32,7,31,5,100,0,118,122,52,64" hai2="65,96,77,90,45,91,76,53,19,124,46,29,22" hai3="83,33,133,109,82,60,40,42,21,113,27,30,131"/><T73/><D115/><U17/><E118/><V69/><F29/><W121/><G121/><T88/><D111/><U66/><E31/><V112/><F112/><W125/><G113/><T20/><D134/><U84/><E84/><V34/><F34/><W132/><G109/><T123/><D126/><U51/><E51/><V68/><F124/><W61/><G125/><T95/><D123/><U18/><REACH who="1" step="1"/><E100/><REACH who="1" ten="250,240,250,250" step="2"/><V13/><F77/><W47/><G132/><T114/><D114/><U9/><E9/><V110/><F76/><W129/><G133/><T43/><D20/><U70/><E70/><V98/><F69/><W14/><G21/><T106/><D73/><U23/><E23/><V37/><F110/><W16/><G131/><T48/><D106/><U85/><E85/><V25/><F68/><W97/><G129/><T71/><D71/><U24/><E24/><V92/><F25/><W74/><G74/><T102/><D105/><U28/><E28/><V62/><F22/><W127/><G127/><T75/><D75/><U4/><E4/><V117/><F117/><W104/><G104/><T1/><D103/><U80/><E80/><V49/><F49/><W135/><G82/><T78/><D1/><U107/><E107/><V89/><F89/><W38/><G83/><T26/><D26/><U15/><E15/><V2/><F13/><W116/><G135/><T108/><D108/><U99/><E99/><V41/><F98/><W87/><G97/><N who="0" m="57575" /><D102/><U44/><E44/><AGARI ba="0,1" hai="6,11,12,43,44,48,58,59,78,81,86" m="57575" machi="44" ten="30,5800,0" yaku="25,1,8,1,54,1" doraHai="50" who="0" fromWho="1" sc="250,68,240,-58,250,0,250,0" /><INIT seed="0,1,0,5,5,64" ten="318,182,250,250" oya="0" hai0="8,59,42,22,98,9,84,12,37,41,3,82,109" hai1="74,57,43,101,36,96,134,29,66,105,0,4,73" hai2="23,104,70,26,119,14,48,60,32,122,95,91,118" hai3="17,90,2,49,51,31,129,106,24,77,21,72,78"/><T115/><D115/><U65/><E134/><V38/><F104/><W44/><G106/><T94/><D109/><U61/><E29/><V99/><F38/><W107/><G2/><T46/><D41/><U62/><E4/><V93/><F122/><W135/><G107/><T131/><D131/><U132/><E0/><V76/><F76/><W86/><G135/><T7/><D22/><U69/><REACH who="1" step="1"/><E132/><REACH who="1" ten="318,172,250,250" step="2"/><V121/><F119/><W52/><G129/><T130/><D130/><U125/><E125/><V39/><F118/><W25/><G72/><T20/><D3/><U10/><E10/><V111/><F121/><W120/><G120/><T27/><D9/><U103/><E103/><V40/><F111/><W85/><G49/><T19/><D59/><U113/><E113/><V100/><F100/><W108/><G108/><T81/><D84/><U56/><E56/><V123/><F123/><W133/><G85/><T18/><D7/><U124/><E124/><V34/><F34/><W55/><G133/><T54/><D54/><U116/><E116/><V75/><F32/><W68/><G55/><T47/><D47/><AGARI ba="1,1" hai="36,43,47,57,61,62,65,66,69,73,74,96,101,105" machi="47" ten="40,5200,0" yaku="1,1,52,1,53,1" doraHai="64" doraHaiUra="67" who="1" fromWho="0" sc="318,-55,172,65,250,0,250,0" /><INIT seed="1,0,0,0,0,130" ten="263,237,250,250" oya="1" hai0="34,53,101,131,95,102,47,93,113,124,92,94,117" hai1="121,0,40,100,50,26,61,89,4,56,107,6,21" hai2="46,115,42,103,22,116,45,31,72,18,111,69,27" hai3="58,28,36,39,43,112,48,30,1,54,32,35,98"/><U23/><E121/><V82/><F116/><W7/><G112/><T11/><D117/><U110/><E107/><V25/><F111/><W99/><G7/><T57/><D113/><U88/><E100/><V134/><F115/><W59/><G48/><T77/><D34/><U20/><E110/><V8/><F69/><W83/><G83/><T24/><D131/><U64/><E26/><V51/><F103/><W44/><G44/><T74/><D124/><U108/><E108/><V129/><F129/><W17/><G17/><T38/><D24/><U66/><E66/><V133/><F46/><W9/><G9/><T13/><D77/><U67/><E64/><V10/><F82/><W104/><G43/><T118/><D74/><U33/><E33/><V15/><F72/><W87/><G87/><T81/><D81/><U3/><E3/><V90/><F90/><N who="1" m="34921" /><E0/><V128/><F128/><W97/><G1/><T70/><D70/><U96/><E96/><V105/><F105/><W65/><G99/><T73/><D73/><U62/><E61/><V84/><F84/><W55/><G65/><T2/><D2/><U123/><E123/><V68/><F68/><W106/><AGARI ba="0,0" hai="28,30,32,35,36,39,54,55,58,59,97,98,104,106" machi="106" ten="25,3200,0" yaku="0,1,22,2" doraHai="130" who="3" fromWho="3" sc="263,-8,237,-16,250,-8,250,32" /><INIT seed="2,0,0,0,0,77" ten="255,221,242,282" oya="2" hai0="8,46,63,53,57,67,94,82,113,40,48,98,27" hai1="41,18,26,11,134,52,74,12,122,3,45,73,81" hai2="32,106,80,36,130,49,2,125,37,17,107,121,55" hai3="124,24,111,39,20,93,5,35,100,104,109,92,78"/><V21/><F121/><W22/><G39/><T117/><D117/><U60/><E122/><V79/><F32/><W89/><G124/><T13/><D113/><U31/><E3/><V115/><F115/><W1/><G104/><T127/><D127/><U38/><E134/><V4/><F125/><W132/><G132/><T96/><D27/><U58/><REACH who="1" step="1"/><E81/><REACH who="1" ten="255,211,242,282" step="2"/><V14/><F80/><W65/><G1/><T71/><D82/><U108/><E108/><V84/><F2/><W90/><G109/><T101/><D96/><U133/><E133/><V9/><F130/><W76/><G111/><T19/><REACH who="0" step="1"/><D71/><REACH who="0" ten="245,211,242,282" step="2"/><U75/><E75/><V54/><F84/><W7/><G24/><T88/><D88/><U62/><E62/><V99/><F99/><W102/><G35/><AGARI ba="0,2" hai="11,12,18,26,31,35,38,41,45,52,58,60,73,74" machi="35" ten="30,3900,0" yaku="1,1,7,1,54,1,53,0" doraHai="77" doraHaiUra="103" who="1" fromWho="3" sc="245,0,211,59,242,0,282,-39" /><INIT seed="3,0,0,2,5,40" ten="245,270,242,243" oya="3" hai0="67,51,123,53,80,56,64,73,98,126,20,24,57" hai1="129,135,131,97,90,31,13,95,105,54,134,41,117" hai2="7,104,43,52,82,21,94,61,115,37,50,44,92" hai3="16,49,9,30,83,69,46,86,59,124,119,0,77"/><W93/><G119/><T81/><D123/><U22/><E117/><V76/><F104/><W113/><G113/><T78/><D126/><U25/><E105/><V8/><F21/><W70/><G124/><T106/><D80/><U112/><E112/><V34/><F34/><W87/><G30/><T122/><D122/><U18/><E54/><V100/><F100/><W10/><G59/><T19/><D106/><U101/><E41/><V36/><F61/><W4/><G93/><T99/><D67/><U15/><E15/><V1/><F115/><W128/><G87/><T114/><D114/><U89/><E89/><V28/><F28/><W48/><G48/><T6/><D6/><U33/><REACH who="1" step="1"/><E90/><REACH who="1" ten="245,260,242,243" step="2"/><V14/><F14/><N who="3" m="5415" /><G128/><AGARI ba="0,1" hai="13,18,22,25,31,33,95,97,101,128,129,131,134,135" machi="128" ten="40,2600,0" yaku="1,1,19,1,53,0" doraHai="40" doraHaiUra="79" who="1" fromWho="3" sc="245,0,260,36,242,0,243,-26" /><INIT seed="4,0,0,0,5,16" ten="245,296,242,217" oya="0" hai0="18,12,121,27,95,13,125,109,60,45,53,4,50" hai1="43,64,89,116,58,11,67,48,80,123,26,122,107" hai2="102,115,63,84,131,117,19,81,91,75,22,68,59" hai3="100,47,55,97,130,73,44,135,34,86,132,76,10"/><T96/><D121/><U66/><E107/><V98/><F115/><W99/><G34/><T92/><D125/><U31/><E116/><V105/><F117/><W127/><G10/><T54/><D109/><U35/><E11/><V5/><F131/><W112/><G112/><T120/><D120/><U6/><E6/><V124/><F124/><W87/><G127/><T93/><D4/><U94/><E80/><V3/><F68/><W61/><G61/><T72/><D72/><U126/><E126/><V90/><F75/><W133/><G130/><T114/><D114/><U56/><E43/><V83/><F5/><W20/><G73/><T17/><D96/><N who="3" m="36937" /><G100/><T1/><D1/><U15/><E15/><N who="0" m="5705" /><D27/><U49/><E123/><V74/><F3/><W8/><G8/><T88/><D88/><U79/><E122/><V9/><F9/><W14/><G76/><T46/><D46/><N who="3" m="17449" /><G55/><T101/><D101/><U104/><E79/><V103/><F103/><W110/><G110/><T38/><D38/><U69/><E69/><V39/><F39/><W0/><G0/><T85/><D85/><N who="3" m="32265" /><G14/><T65/><D65/><U23/><E35/><V128/><F128/><W30/><G30/><T111/><D111/><U108/><E108/><V119/><F119/><W71/><G71/><T25/><D25/><U21/><E67/><N who="2" m="39423" /><F74/><W42/><G42/><T70/><D70/><U36/><E66/><V77/><F83/><W29/><G29/><T52/><D60/><U106/><E64/><V134/><F77/><W40/><G40/><AGARI ba="0,0" hai="17,18,40,45,50,52,53,54,92,93,95" m="5705" machi="40" ten="30,2900,0" yaku="8,1,54,1" doraHai="16" who="0" fromWho="3" sc="245,29,296,0,242,0,217,-29" /><INIT seed="4,1,0,4,0,18" ten="274,296,242,188" oya="0" hai0="84,7,9,102,67,71,16,95,42,53,100,22,108" hai1="111,133,78,26,62,105,91,0,21,35,103,128,73" hai2="17,93,119,107,97,15,38,80,50,88,124,99,90" hai3="47,118,72,116,1,113,39,48,51,60,69,24,68"/><T79/><D108/><U110/><E91/><V86/><F38/><W63/><G1/><T3/><D42/><U81/><E0/><V28/><F124/><W54/><G24/><T46/><D67/><U132/><E35/><V126/><F126/><W82/><G82/><T58/><D71/><N who="3" m="27209" /><G72/><T115/><D46/><U2/><E62/><N who="3" m="23594" /><G113/><T37/><D37/><U92/><E128/><V29/><F119/><N who="3" m="45611" /><G39/><T130/><D130/><U106/><E2/><V25/><F107/><N who="1" m="40969" /><E92/><V44/><F25/><W55/><G47/><T36/><D36/><U135/><E103/><V33/><F33/><W52/><AGARI ba="1,0" hai="48,51,52,54,55" m="45611,23594,27209" machi="52" ten="40,8000,1" yaku="28,2,34,2,54,1" doraHai="18" who="3" fromWho="3" sc="274,-41,296,-21,242,-21,188,83" /><INIT seed="5,0,0,2,4,9" ten="233,275,221,271" oya="1" hai0="49,27,15,126,135,88,67,7,29,20,55,77,19" hai1="111,130,70,25,44,96,74,16,45,22,108,35,99" hai2="128,57,117,90,41,38,87,26,84,107,2,23,85" hai3="101,110,100,17,104,103,73,114,116,24,0,125,36"/><U69/><E74/><V81/><F117/><W48/><G110/><N who="1" m="42026" /><E130/><V43/><F128/><W91/><G0/><T89/><D126/><U64/><E35/><V8/><F107/><W66/><G36/><T80/><D135/><U1/><E1/><V34/><F34/><W71/><G73/><T106/><D7/><U79/><E79/><V119/><F119/><W39/><G114/><T18/><D67/><U72/><E72/><V115/><F115/><W120/><G39/><T76/><D106/><U134/><E134/><V50/><F38/><W5/><G120/><T78/><D80/><U42/><E45/><V82/><F8/><W109/><G104/><T56/><REACH who="0" step="1"/><D19/><REACH who="0" ten="223,275,221,271" step="2"/><U3/><E64/><V46/><F2/><W62/><G66/><T92/><D92/><U21/><E3/><V97/><F81/><W121/><G125/><T127/><D127/><U86/><E16/><N who="2" m="12647" /><F82/><W113/><G109/><T33/><AGARI ba="0,1" hai="15,18,20,27,29,33,49,55,56,76,77,78,88,89" machi="33" ten="30,7900,0" yaku="1,1,0,1,52,1,54,1,53,0" doraHai="9" doraHaiUra="93" who="0" fromWho="0" sc="223,89,275,-39,221,-20,271,-20" owari="312,41.2,236,-16.4,201,-29.9,251,5.1" /></mjloggm>