<mjloggm ver="2.3"><GO type="225" lobby="0"/><UN n0="%E6%81%A5%E6%99%92%E3%81%97" n1="%E4%BF%BA%E3%81%A8%E5%A6%96%E5%A4%A2" n2="%E5%A4%9C%E3%81%AE%E3%82%AC%E3%82%B9%E3%83%91%E3%83%BC%E3%83%AB" n3="%E9%80%86%E9%80%A3%E5%B8%AF%E3%81%AE%E9%AC%BC" dan="16,17,17,17" rate="2128.13,2212.94,2215.88,2184.20" sx="M,F,M,M"/><TAIKYOKU oya="0"/><INIT seed="0,0,0,1,0,15" ten="250,250,250,250" oya="0" hai0="69,132,115,118,117,41,94,95,11,13,96,75,88" hai1="61,77,44,71,127,53,89,36,31,104,106,26,8" hai2="65,119,62,32,2,122,70,129,10,30,48,0,85" hai3="102,55,27,121,9,33,51,57,52,123,105,16,25"/><T39/><D115/><U60/><E127/><V50/><F122/><N who="3" m="46603" /><G33/><T1/><D1/><U78/><E8/><V56/><F129/><W73/><G73/><T99/><D132/><U80/><E89/><V97/><F119/><W28/><G28/><T98/><D75/><U103/><E77/><V76/><F97/><N who="3" m="61647" /><G55/><T120/><D69/><U134/><E53/><V49/><F30/><W109/><G109/><T35/><D35/><U116/><E116/><V66/><F32/><W4/><G4/><T86/><D120/><U6/><E6/><V17/><F66/><W87/><G87/><T24/><D24/><U72/><E134/><V45/><F45/><W81/><G81/><T59/><D59/><U128/><E128/><V21/><F56/><W63/><G63/><T68/><D68/><U111/><E111/><V12/><REACH who="2" step="1"/><F21/><REACH who="2" ten="250,250,240,250" step="2"/><W42/><G42/><T107/><D117/><U37/><E44/><V46/><F46/><W34/><G34/><T133/><D118/><U100/><E71/><V74/><F74/><W84/><G84/><T112/><D41/><U92/><E72/><V130/><F130/><W110/><G110/><T22/><D22/><U131/><E131/><V101/><F101/><W58/><G58/><T3/><D133/><U108/><E103/><V29/><F29/><W83/><G83/><AGARI ba="0,1" hai="0,2,10,12,17,48,49,50,62,65,70,76,83,85" machi="83" ten="40,2600,0" yaku="1,1,52,1,53,0" doraHai="15" doraHaiUra="54" who="2" fromWho="3" sc="250,0,250,0,240,36,250,-26" /><INIT seed="1,0,0,2,5,108" ten="250,250,276,224" oya="1" hai0="111,70,90,7,36,38,84,31,97,28,95,87,114" hai1="48,71,32,103,21,129,10,30,46,109,89,60,88" hai2="126,105,22,0,74,64,6,15,115,83,52,99,66" hai3="16,124,56,94,93,3,20,34,86,113,65,82,73"/><U121/><E121/><V41/><F0/><W135/><G135/><T67/><D111/><U62/><E32/><V80/><F126/><W8/><G34/><T110/><D110/><U33/><E33/><V117/><F117/><W104/><G124/><T49/><D38/><U9/><E109/><V2/><F2/><W98/><G73/><T43/><D36/><U24/><E129/><V130/><F130/><W120/><G120/><T13/><D67/><U5/><E103/><V40/><F105/><W26/><G113/><T127/><D70/><U12/><E9/><V75/><F99/><W123/><G123/><T54/><D43/><U1/><E1/><V19/><F6/><W23/><G23/><T11/><D114/><U133/><E133/><V101/><F101/><W4/><G104/><T119/><D119/><U102/><E102/><V14/><F115/><W29/><G98/><T69/><D69/><U134/><E134/><V35/><F35/><W77/><REACH who="3" step="1"/><G29/><REACH who="3" ten="250,250,276,214" step="2"/><N who="0" m="11339" /><D127/><U45/><E71/><V132/><F132/><W76/><G76/><T92/><D92/><U39/><E30/><V61/><F22/><W116/><G116/><T27/><D97/><U47/><E21/><V128/><F128/><W55/><G55/><T106/><D106/><U53/><E53/><V51/><F52/><W37/><G37/><T59/><D87/><U125/><E39/><V18/><F74/><W44/><G44/><N who="1" m="17002" /><E125/><V107/><F75/><W118/><G118/><T112/><D112/><U122/><E122/><V17/><F107/><W72/><G72/><T91/><D27/><U58/><E24/><RYUUKYOKU ba="0,1" sc="250,15,250,-15,276,-15,214,15" hai0="7,11,13,49,54,59,84,90,91,95" hai3="3,4,8,16,20,26,56,65,77,82,86,93,94" /><INIT seed="2,1,1,1,3,121" ten="265,235,261,229" oya="2" hai0="15,22,2,39,23,52,102,17,41,28,97,124,127" hai1="46,135,122,60,18,76,20,12,37,14,6,67,50" hai2="108,83,11,84,125,47,114,98,54,7,93,72,103" hai3="123,29,19,71,3,10,117,92,88,56,109,75,49"/><V65/><F114/><W95/><G123/><T91/><D2/><U26/><E122/><V25/><F72/><W61/><G117/><T116/><D91/><U115/><E115/><V119/><F119/><W82/><G29/><T106/><D116/><U90/><E37/><V51/><F125/><W53/><G109/><T133/><D133/><U96/><E135/><V43/><F65/><W74/><G95/><T111/><D41/><U66/><E76/><V64/><F64/><W4/><G19/><T24/><D39/><U33/><E33/><V38/><F25/><W16/><G16/><T94/><D111/><U128/><E128/><V34/><F34/><W113/><G113/><T101/><D101/><U77/><E77/><N who="2" m="46191" /><F38/><W0/><G0/><T13/><D106/><U35/><E35/><V126/><F126/><N who="0" m="48170" /><D13/><N who="1" m="5227" /><E60/><V40/><F108/><W120/><G120/><T79/><D79/><U70/><E70/><V80/><F80/><W36/><G36/><T5/><D5/><U132/><E6/><V32/><F32/><W1/><G1/><T63/><D63/><U68/><E68/><V45/><F45/><W130/><G130/><T9/><D9/><U85/><E96/><V27/><F27/><W21/><G21/><T62/><D62/><U78/><E78/><V42/><F11/><W134/><G134/><T86/><D86/><U31/><E18/><V118/><F118/><W110/><G110/><T100/><D102/><U112/><E112/><V55/><F7/><W104/><G104/><T99/><D97/><U30/><E132/><V44/><F40/><W87/><G82/><RYUUKYOKU ba="1,1" sc="265,10,235,-30,261,10,229,10" hai0="15,17,22,23,24,28,52,94,99,100" hai2="42,43,44,47,51,54,55,93,98,103" hai3="3,4,10,49,53,56,61,71,74,75,87,88,92" /><INIT seed="2,2,1,5,1,3" ten="275,205,271,239" oya="2" hai0="109,129,77,107,46,16,132,84,18,83,6,126,98" hai1="108,122,1,68,99,9,63,121,119,14,94,123,33" hai2="91,44,66,13,41,56,43,75,47,86,12,59,20" hai3="28,82,15,62,95,114,90,134,35,51,73,113,76"/><V58/><F75/><W67/><G134/><T97/><D109/><U102/><E108/><V25/><F66/><W50/><G35/><T96/><D132/><U49/><E119/><V125/><F125/><W79/><G79/><T42/><D126/><U64/><E33/><V17/><F47/><W120/><G120/><T117/><D129/><U72/><E72/><V40/><REACH who="2" step="1"/><F44/><REACH who="2" ten="275,205,261,239" step="2"/><W26/><G114/><T87/><D117/><U11/><E1/><V57/><N who="2" m="14336" /><DORA hai="100" /><V30/><F30/><W53/><G113/><T112/><D112/><U60/><E63/><V105/><F105/><W19/><G67/><T133/><D133/><U2/><E2/><V124/><F124/><W61/><G62/><T8/><D107/><U39/><E49/><V118/><F118/><W80/><G61/><T110/><D110/><U32/><E60/><V10/><F10/><W65/><G65/><T93/><D46/><U78/><E64/><V69/><F69/><W81/><G51/><T92/><D42/><U130/><E68/><V106/><F106/><W71/><G71/><T85/><D8/><U5/><E9/><V101/><F101/><W111/><G50/><T48/><D48/><U38/><E130/><V55/><F55/><W29/><G53/><T37/><D37/><U115/><E115/><V36/><F36/><W24/><G29/><T54/><D54/><U88/><E102/><V52/><F52/><W103/><G28/><T27/><D77/><U4/><E78/><V131/><F131/><W70/><G70/><T31/><D31/><U89/><E39/><V7/><F7/><RYUUKYOKU ba="2,2" sc="275,-10,205,-10,261,30,239,-10" hai2="12,13,17,20,25,40,41,43,86,91" /><INIT seed="2,3,2,3,2,5" ten="265,195,291,229" oya="2" hai0="47,111,26,36,75,106,38,69,27,126,127,40,87" hai1="96,66,110,25,117,130,129,118,4,58,76,11,120" hai2="23,94,103,104,65,115,109,34,29,82,113,99,70" hai3="33,128,125,116,15,46,18,59,16,100,62,131,79"/><V133/><F133/><W74/><G116/><T107/><D75/><U50/><E110/><V102/><F109/><W134/><G134/><T122/><D122/><U32/><E120/><V45/><F23/><W93/><G33/><T39/><D111/><U85/><E96/><N who="2" m="59671" /><F82/><W63/><G125/><N who="0" m="47627" /><D69/><U0/><E85/><V68/><F68/><W56/><G46/><T135/><D135/><U48/><E76/><V17/><F17/><W9/><G79/><T55/><D55/><U114/><E114/><V80/><F80/><W42/><G42/><T60/><D60/><N who="1" m="38167" /><E117/><V95/><F95/><W123/><G74/><T83/><D26/><U71/><E71/><V19/><F19/><W21/><G123/><T132/><D27/><U84/><E84/><V98/><F98/><W20/><G93/><T101/><D132/><U2/><E2/><V54/><F54/><W97/><G97/><N who="0" m="61743" /><D107/><U22/><E118/><V124/><F124/><W14/><REACH who="3" step="1"/><G100/><REACH who="3" ten="265,195,291,219" step="2"/><T78/><AGARI ba="3,3" hai="36,38,39,40,47,78,83,87" m="61743,47627" machi="78" ten="30,1100,0" yaku="18,1" doraHai="5" who="0" fromWho="0" sc="265,50,195,-6,291,-8,219,-6" /><INIT seed="3,0,0,3,4,75" ten="315,189,283,213" oya="3" hai0="118,126,42,106,109,78,117,122,103,121,59,38,86" hai1="11,13,131,114,31,43,82,7,34,52,9,133,135" hai2="6,4,58,14,57,28,12,70,107,100,73,92,37" hai3="111,56,90,132,33,68,16,65,23,94,29,98,41"/><W91/><G132/><N who="1" m="50762" /><E114/><V25/><F70/><W105/><G111/><T45/><D59/><U10/><E43/><V72/><F37/><W18/><G105/><T83/><D109/><U101/><E101/><V130/><F107/><W1/><G1/><T124/><D103/><U66/><E66/><V15/><F130/><W54/><G33/><T128/><D128/><U32/><E131/><V81/><F100/><W27/><G41/><T108/><D108/><U120/><E120/><N who="0" m="46185" /><D106/><U110/><E110/><V87/><F92/><W3/><G3/><T46/><D45/><U67/><E67/><V2/><F73/><W96/><G65/><T76/><D78/><U77/><E34/><V119/><F72/><W50/><G68/><T112/><D112/><U74/><E52/><V99/><F99/><W30/><G30/><T71/><D71/><U89/><E89/><V21/><F119/><W104/><G104/><T115/><D115/><U63/><E63/><V62/><F2/><W134/><G134/><T51/><D118/><U48/><E48/><V123/><F123/><W19/><REACH who="3" step="1"/><G91/><REACH who="3" ten="315,189,283,203" step="2"/><T47/><D117/><U39/><E39/><V116/><F116/><W44/><G44/><N who="0" m="26007" /><D38/><U97/><E97/><AGARI ba="0,1" hai="16,18,19,23,27,29,50,54,56,90,94,96,97,98" machi="97" ten="40,7700,0" yaku="1,1,8,1,54,1,53,0" doraHai="75" doraHaiUra="125" who="3" fromWho="1" sc="315,0,189,-77,283,0,203,87" /><INIT seed="3,1,0,0,4,92" ten="315,112,283,290" oya="3" hai0="43,86,34,78,80,128,72,111,62,6,59,88,66" hai1="47,36,10,52,28,63,50,15,122,41,100,126,39" hai2="29,99,89,93,68,118,5,87,60,71,55,69,113" hai3="54,37,114,61,81,17,110,70,85,84,129,11,51"/><W109/><G114/><T83/><D111/><N who="3" m="42505" /><G37/><T130/><D34/><U117/><E122/><V35/><F113/><W107/><G107/><T131/><D6/><U13/><E126/><V105/><F118/><W132/><G132/><T75/><D43/><U1/><E117/><V0/><F0/><W106/><G106/><T4/><D4/><U119/><E119/><V26/><F5/><W32/><G32/><T58/><D75/><U65/><E36/><V64/><F55/><W53/><G129/><T102/><D102/><AGARI ba="1,0" hai="26,29,35,60,64,68,69,71,87,89,93,99,102,105" machi="102" ten="40,5200,0" yaku="25,2,52,1" doraHai="92" who="2" fromWho="0" sc="315,-55,112,0,283,55,290,0" owari="260,-14.0,112,-38.8,338,43.8,290,9.0" /></mjloggm>