<mjloggm ver="2.3"><GO type="225" lobby="0"/><UN n0="%E3%83%A9%E3%82%A4%E3%83%B3%E3%81%AE%E8%99%8E" n1="%E3%81%BF%E3%81%BF%E3%81%9A" n2="%E9%BB%99%E8%81%B4%E3%81%AE%E3%81%99%E3%82%9D%E3%82%81" n3="%E3%80%90%E3%83%88%E3%83%AA%E3%83%A5%E3%83%95%E3%80%91" dan="16,18,16,16" rate="2100.88,2253.79,2132.63,2098.48" sx="M,M,M,M"/><TAIKYOKU oya="0"/><INIT seed="0,0,0,0,5,1" ten="250,250,250,250" oya="0" hai0="72,70,7,44,71,107,91,88,113,134,75,73,105" hai1="121,76,78,99,128,98,124,79,123,94,46,33,31" hai2="84,43,56,12,38,47,30,102,117,5,65,32,22" hai3="34,42,36,62,129,19,26,20,131,60,104,57,50"/><T80/><D113/><U127/><E31/><V15/><F117/><W111/><G104/><N who="0" m="40011" /><D44/><U86/><E33/><V95/><F32/><W101/><G101/><T41/><D80/><U82/><E46/><V58/><F65/><W4/><G34/><T66/><D66/><U2/><E2/><V8/><F102/><W37/><G42/><T63/><D63/><U119/><E119/><V10/><F22/><W81/><G81/><T112/><D112/><U115/><E115/><V13/><F30/><W61/><G4/><T59/><D59/><U17/><E17/><V74/><F74/><W11/><G11/><T23/><D23/><U106/><E106/><V87/><F13/><W116/><G116/><T89/><D41/><U125/><E128/><N who="3" m="49226" /><G111/><T110/><D110/><U120/><E94/><V83/><F95/><W67/><G50/><T118/><D118/><U51/><E51/><V68/><F68/><N who="0" m="26154" /><D134/><U52/><E52/><V97/><F97/><AGARI ba="0,0" hai="76,78,79,82,86,97,98,99,120,121,123,124,125,127" machi="97" ten="50,8000,1" yaku="18,1,34,3" doraHai="1" who="1" fromWho="2" sc="250,0,250,80,250,-80,250,0" /><INIT seed="1,0,0,5,3,44" ten="250,330,170,250" oya="1" hai0="25,81,68,62,41,17,27,109,48,113,59,107,0" hai1="1,134,50,54,13,118,71,116,94,106,74,35,85" hai2="16,20,96,58,39,131,79,91,15,67,127,110,108" hai3="37,87,104,56,47,121,122,89,76,88,114,40,132"/><U23/><E1/><V100/><F39/><W125/><G114/><T26/><D109/><U60/><E74/><V95/><F131/><W123/><G132/><T135/><D135/><U64/><E35/><V84/><F127/><W98/><G125/><T90/><D107/><U51/><E106/><V38/><F38/><W7/><G7/><T10/><D68/><U82/><E134/><V61/><REACH who="2" step="1"/><F79/><REACH who="2" ten="250,330,160,250" step="2"/><W103/><G76/><T93/><D113/><U28/><E118/><V92/><AGARI ba="0,1" hai="15,16,20,58,61,67,84,91,92,95,96,100,108,110" machi="92" ten="30,7900,0" yaku="1,1,2,1,0,1,54,1,53,0" doraHai="44" doraHaiUra="124" who="2" fromWho="2" sc="250,-20,330,-39,160,89,250,-20" /><INIT seed="2,0,0,4,4,45" ten="230,291,249,230" oya="2" hai0="72,94,89,56,5,83,112,123,6,105,50,43,130" hai1="106,117,37,54,64,124,98,86,31,127,96,69,81" hai2="48,104,8,51,15,132,11,17,102,42,109,32,99" hai3="122,55,66,75,29,24,128,12,40,77,27,34,18"/><V3/><F32/><W61/><G122/><T1/><D123/><U79/><E117/><V62/><F132/><W30/><G128/><T120/><D120/><U93/><E37/><V22/><F109/><W28/><G40/><T78/><D112/><U25/><E54/><V133/><F133/><W90/><G77/><T84/><D130/><U71/><E106/><V19/><F42/><W135/><G75/><T67/><D1/><U85/><E85/><V126/><F126/><N who="1" m="48169" /><E64/><V59/><F11/><W134/><G90/><T100/><D67/><U125/><N who="1" m="48177" /><U97/><DORA hai="23" /><E93/><V116/><F116/><W57/><G66/><T53/><REACH who="0" step="1"/><D43/><REACH who="0" ten="220,291,249,230" step="2"/><U47/><E47/><V114/><F114/><W33/><REACH who="3" step="1"/><G30/><REACH who="3" ten="220,291,249,220" step="2"/><T103/><D103/><U26/><E31/><V110/><F110/><W70/><G70/><AGARI ba="0,2" hai="25,26,69,70,71,79,81,86,96,97,98" m="48177" machi="70" ten="50,6400,0" yaku="18,1,52,2" doraHai="45,23" who="1" fromWho="3" sc="220,0,291,84,249,0,220,-64" /><INIT seed="3,0,0,5,0,37" ten="220,375,249,156" oya="3" hai0="4,1,29,121,9,111,71,113,98,8,134,66,28" hai1="117,5,52,100,38,84,79,64,96,93,104,83,116" hai2="60,128,63,39,21,102,10,65,12,82,80,23,18" hai3="94,48,108,87,101,32,124,85,78,27,50,81,58"/><W40/><G124/><T2/><D66/><U132/><E38/><V26/><F39/><W92/><G108/><T34/><D71/><U95/><E64/><V77/><F128/><W89/><G32/><T61/><D61/><U19/><E132/><V120/><F102/><W88/><G27/><T122/><D98/><U54/><E5/><N who="2" m="3151" /><F120/><W7/><G7/><N who="0" m="1135" /><D134/><U49/><E19/><N who="2" m="12607" /><F77/><W135/><G135/><T11/><D111/><U30/><E30/><N who="0" m="11881" /><D34/><U42/><E42/><V75/><F75/><W45/><G101/><T59/><D59/><N who="1" m="33167" /><E54/><V97/><F97/><N who="3" m="57479" /><G50/><T123/><D11/><U107/><E93/><V99/><F99/><W125/><G125/><T91/><D91/><N who="1" m="53735" /><E107/><V110/><F110/><W46/><G46/><T130/><D130/><U56/><E56/><AGARI ba="0,0" hai="40,45,48,56,58,78,81,85,87,89,94" m="57479" machi="56" ten="30,5800,0" yaku="8,1,52,1,54,1" doraHai="37" who="3" fromWho="1" sc="220,0,375,-58,249,0,156,58" /><INIT seed="3,1,0,0,0,133" ten="220,317,249,214" oya="3" hai0="113,90,68,99,80,39,76,81,105,50,35,2,130" hai1="134,115,34,86,5,16,20,62,100,6,51,30,26" hai2="27,87,49,69,24,7,126,121,11,110,98,19,22" hai3="108,59,103,43,84,33,124,8,10,58,123,23,122"/><W118/><G33/><T112/><D39/><U1/><E115/><N who="0" m="44105" /><D130/><U31/><E134/><V78/><F69/><W111/><G118/><T79/><D68/><U29/><E100/><V89/><F110/><N who="3" m="42027" /><G103/><N who="0" m="62719" /><D2/><U129/><E129/><V15/><F121/><N who="3" m="46091" /><G43/><T17/><D35/><U92/><E1/><V131/><F131/><W47/><G47/><T28/><D28/><U120/><E120/><V57/><F126/><W107/><G107/><T66/><D66/><U61/><E51/><V117/><F117/><W64/><G124/><T71/><D71/><U3/><E34/><V102/><F78/><N who="0" m="29738" /><D17/><U44/><E44/><V12/><F49/><W14/><G64/><T40/><D90/><N who="1" m="53335" /><E3/><V93/><REACH who="2" step="1"/><F57/><REACH who="2" ten="220,317,239,214" step="2"/><N who="3" m="21515" /><G84/><T88/><D50/><U83/><E62/><V67/><F67/><W114/><G114/><T53/><D40/><U36/><E61/><V85/><F85/><W48/><G48/><T70/><D53/><U60/><E60/><V96/><F96/><W65/><G65/><T56/><D70/><U73/><E36/><V52/><F52/><W32/><G32/><T21/><D56/><U46/><E46/><V75/><F75/><W104/><G104/><AGARI ba="1,1" hai="7,11,12,15,19,22,24,27,87,89,93,98,102,104" machi="104" ten="30,2000,0" yaku="1,1,7,1,53,0" doraHai="133" doraHaiUra="116" who="2" fromWho="3" sc="220,0,317,0,239,33,214,-23" owari="220,-18.0,317,41.7,272,7.2,191,-30.9" /></mjloggm>