<mjloggm ver="2.3"><GO type="225" lobby="0"/><UN n0="%E3%81%95%E3%81%8D%E3%81%9F%E3%81%BE%E6%9E%97%E6%AA%8E" n1="%E6%A1%9C%E8%8A%B1%E9%96%83%E3%80%85" n2="%E3%81%BF%E3%81%BF%E3%81%9A" n3="%E3%82%A2%E3%83%A1%E3%82%A2%E3%83%A9%E3%83%AC" dan="16,16,18,16" rate="2084.48,2224.60,2246.23,2117.96" sx="M,M,M,M"/><TAIKYOKU oya="0"/><INIT seed="0,0,0,3,3,94" ten="250,250,250,250" oya="0" hai0="133,112,75,32,59,102,129,110,14,4,72,106,104" hai1="26,6,1,9,23,86,68,18,82,130,121,83,47" hai2="2,41,17,45,3,105,85,109,43,74,96,12,0" hai3="7,76,35,98,56,55,21,52,103,73,40,71,51"/><T124/><D112/><U70/><E121/><V66/><F74/><W97/><G71/><T114/><D114/><U28/><E130/><V113/><F113/><W120/><G35/><T27/><D129/><U131/><E131/><V10/><F109/><W67/><G120/><T38/><D38/><U63/><E82/><V78/><F66/><W111/><G111/><T123/><D110/><U64/><E47/><V108/><F108/><W61/><G7/><T100/><D59/><U62/><E62/><V89/><F78/><W15/><G73/><T34/><D14/><U87/><E70/><V53/><F53/><N who="3" m="20555" /><G76/><T44/><D44/><U79/><REACH who="1" step="1"/><E28/><REACH who="1" ten="250,240,250,250" step="2"/><V90/><F45/><N who="3" m="26023" /><G103/><T48/><D123/><U117/><E117/><V80/><REACH who="2" step="1"/><F89/><REACH who="2" ten="250,240,240,250" step="2"/><W107/><G107/><T91/><D91/><U16/><E16/><AGARI ba="0,2" hai="15,16,21,56,61,67,97,98" m="26023,20555" machi="16" ten="30,8000,1" yaku="8,1,52,2,54,2" doraHai="94" who="3" fromWho="1" sc="250,0,240,-80,240,0,250,100" /><INIT seed="1,0,0,5,2,37" ten="250,160,240,350" oya="1" hai0="51,81,71,29,102,133,14,112,43,41,66,132,77" hai1="56,6,4,13,36,85,8,46,50,63,79,25,57" hai2="33,103,128,35,131,122,27,83,93,23,30,54,73" hai3="65,100,80,0,101,127,39,22,31,110,68,92,113"/><U34/><E36/><V111/><F122/><W115/><G113/><T105/><D112/><U98/><E98/><N who="2" m="59855" /><F111/><W89/><G0/><T124/><D124/><U134/><E134/><N who="0" m="51817" /><D51/><U96/><E96/><V62/><F62/><W76/><G39/><T10/><D102/><U106/><E106/><V11/><F54/><W72/><G110/><T69/><D105/><U20/><E34/><V12/><F83/><W61/><G127/><T82/><D29/><U86/><E4/><N who="2" m="3175" /><F73/><W126/><G126/><T78/><D66/><U120/><E120/><V38/><F38/><W130/><G115/><T55/><D55/><U9/><E9/><V52/><F52/><W60/><G61/><T107/><D107/><U49/><E49/><V24/><F24/><W16/><G31/><T19/><D82/><N who="1" m="47327" /><E63/><V59/><F59/><W95/><G60/><T135/><N who="0" m="51825" /><T104/><DORA hai="109" /><D104/><U48/><E48/><V123/><F123/><W17/><G65/><T116/><D116/><U118/><E118/><V121/><F121/><W97/><G68/><N who="0" m="26187" /><D78/><U7/><E7/><V47/><F47/><W45/><G45/><T40/><D40/><N who="1" m="24903" /><E86/><AGARI ba="0,0" hai="10,14,19,41,43,77,81,86" m="26187,51825" machi="86" ten="40,5200,0" yaku="20,1,52,2" doraHai="37,109" who="0" fromWho="1" sc="250,52,160,-52,240,0,350,0" /><INIT seed="2,0,0,0,2,50" ten="302,108,240,350" oya="2" hai0="62,29,128,65,20,93,52,117,45,84,58,86,11" hai1="4,35,101,92,123,91,134,120,9,94,78,28,76" hai2="43,73,42,77,40,26,95,31,72,54,111,125,3" hai3="60,109,10,75,127,68,103,21,27,64,132,38,100"/><V80/><F3/><W37/><G109/><T34/><D34/><U83/><E28/><V67/><F111/><W56/><G75/><T70/><D45/><U74/><E35/><V99/><F67/><W97/><G132/><T124/><D124/><U135/><E9/><V49/><F125/><W116/><G116/><T44/><D44/><U8/><E8/><V16/><F73/><W118/><G118/><T63/><D128/><U121/><E4/><V66/><F66/><W17/><G127/><T129/><D129/><U46/><E46/><V115/><F115/><W87/><G87/><T61/><D61/><U106/><E78/><V55/><F49/><W33/><G33/><T130/><D130/><U119/><E119/><V96/><F31/><W122/><G122/><T69/><D69/><U24/><E24/><V133/><F133/><N who="1" m="50697" /><E91/><V53/><REACH who="2" step="1"/><F95/><REACH who="2" ten="302,108,230,350" step="2"/><W126/><G126/><T89/><D117/><U71/><E71/><V2/><F2/><W88/><G68/><T102/><D70/><U30/><E30/><V15/><F15/><N who="3" m="7415" /><G38/><T85/><D93/><U90/><E90/><V48/><F48/><W39/><G37/><T18/><D89/><U107/><E92/><V112/><F112/><W7/><G39/><T113/><D113/><U23/><E23/><AGARI ba="0,1" hai="16,23,26,40,42,43,53,54,55,72,77,80,96,99" machi="23" ten="40,18000,2" yaku="1,1,52,3,54,1,53,1" doraHai="50" doraHaiUra="13" who="2" fromWho="1" sc="302,0,108,-180,230,190,350,0" owari="302,-9.8,-72,-57.2,420,52.0,350,15.0" /></mjloggm>