<mjloggm ver="2.3"><GO type="225" lobby="0"/><UN n0="%28%EF%BF%A3%E2%96%BD%EF%BF%A3%29%CE%B4%E2%8C%92%E3%83%BB" n1="%72%69%6F%75%63%68%61%6E" n2="%E3%81%AF%E3%82%88%E3%81%8A%E3%81%98%E3%81%95%E3%82%93" n3="%E5%86%B7%E5%87%8D%E3%82%AE%E3%83%A7%E3%83%BC%E3%82%B6" dan="16,16,17,17" rate="2134.35,2214.17,2179.05,2191.80" sx="M,M,M,M"/><TAIKYOKU oya="0"/><INIT seed="0,0,0,2,1,79" ten="250,250,250,250" oya="0" hai0="7,6,117,94,115,68,74,17,104,3,38,90,4" hai1="73,120,118,135,50,121,126,9,72,109,45,16,59" hai2="91,5,112,25,127,133,119,85,51,11,28,57,40" hai3="80,26,34,30,87,75,48,15,69,61,98,2,105"/><T8/><D68/><U111/><E118/><V41/><F127/><W102/><G15/><T27/><D104/><U124/><E135/><V106/><F112/><W36/><G48/><T107/><D107/><U116/><E116/><V21/><F106/><W96/><G96/><T43/><D117/><U78/><E78/><V13/><F133/><W67/><G36/><T44/><D115/><U19/><E9/><V76/><F76/><N who="3" m="44063" /><G87/><T114/><D114/><U37/><E37/><V20/><F20/><W82/><G82/><T64/><D64/><U97/><E97/><V134/><F134/><W77/><G77/><T66/><D66/><U125/><E59/><V31/><F31/><W63/><G63/><T95/><D95/><U39/><E39/><V84/><F84/><W14/><G14/><T33/><D74/><N who="1" m="28779" /><E120/><V47/><F119/><W24/><G24/><T42/><D42/><N who="1" m="24887" /><E121/><V132/><F132/><W12/><G12/><T101/><D101/><U65/><E65/><V86/><F86/><W71/><G71/><T55/><D55/><U0/><E0/><AGARI ba="0,0" hai="0,2,26,30,34,61,67,69,98,102,105" m="44063" machi="0" ten="30,7700,0" yaku="25,1,33,2,52,1" doraHai="79" who="3" fromWho="1" sc="250,0,250,-77,250,0,250,77" /><INIT seed="1,0,0,5,0,123" ten="250,173,250,327" oya="1" hai0="76,94,47,105,3,25,12,13,31,1,50,134,4" hai1="126,125,95,92,69,87,100,53,68,14,77,114,113" hai2="40,35,78,89,135,79,127,128,36,20,41,62,117" hai3="83,59,112,37,74,88,38,132,65,64,9,101,67"/><U90/><E14/><V70/><F35/><W63/><G112/><N who="1" m="43114" /><E53/><V19/><F117/><W17/><G132/><T61/><D134/><U33/><E33/><V131/><F135/><W45/><G101/><T52/><D4/><U46/><E46/><V71/><F127/><N who="1" m="48649" /><E77/><V81/><F36/><W7/><G17/><T109/><D76/><U84/><E100/><V8/><F8/><W116/><G116/><T119/><D119/><U104/><E104/><V23/><F19/><W130/><G45/><T107/><D105/><U57/><E57/><V29/><F29/><W32/><G32/><T121/><D107/><U43/><E43/><V27/><F27/><W108/><G38/><T102/><D3/><U34/><E34/><V96/><F62/><W30/><G37/><T122/><D1/><U73/><E73/><V24/><F24/><W85/><G30/><T51/><D61/><U103/><E103/><V11/><F11/><W66/><G74/><T26/><D51/><U5/><E5/><V22/><F20/><W129/><G9/><T91/><D102/><U97/><E97/><V28/><F96/><W44/><G44/><T133/><D26/><U60/><E60/><V49/><F28/><W80/><G7/><T115/><D133/><U39/><E39/><V42/><F42/><W106/><G106/><T82/><D115/><U75/><E75/><V58/><F58/><W120/><G59/><T18/><D12/><U98/><E98/><V10/><F10/><W21/><G64/><T86/><D13/><U118/><E118/><V2/><F2/><W48/><G66/><RYUUKYOKU ba="0,0" sc="250,-10,173,30,250,-10,327,-10" hai1="68,69,84,87,90,92,95" /><INIT seed="1,1,0,2,0,50" ten="240,203,240,317" oya="1" hai0="95,77,128,111,67,20,54,129,97,74,122,42,14" hai1="105,132,4,86,70,28,91,64,3,92,53,60,10" hai2="24,115,48,96,85,112,116,93,49,41,52,43,61" hai3="30,120,31,134,73,113,59,89,83,8,32,76,71"/><U119/><E132/><V87/><F116/><W57/><G120/><T103/><D122/><U117/><E105/><V126/><F126/><W123/><G123/><T21/><D111/><U101/><E101/><V1/><F1/><W68/><G113/><N who="2" m="43593" /><F61/><W127/><G127/><T63/><D42/><N who="2" m="15882" /><F48/><W104/><G68/><T0/><D0/><U2/><E3/><V34/><F24/><W98/><G71/><T118/><D118/><U135/><E135/><V106/><F34/><W72/><G32/><T121/><D121/><U29/><REACH who="1" step="1"/><E53/><REACH who="1" ten="240,193,240,317" step="2"/><V19/><F106/><W27/><G104/><T11/><D103/><U55/><E55/><V6/><F6/><W36/><G134/><T99/><D54/><U66/><E66/><V114/><F19/><W44/><G31/><AGARI ba="1,1" hai="2,4,10,28,29,31,60,64,70,86,91,92,117,119" machi="31" ten="40,2000,0" yaku="1,1,53,0" doraHai="50" doraHaiUra="22" who="1" fromWho="3" sc="240,0,193,33,240,0,317,-23" /><INIT seed="1,2,0,4,5,111" ten="240,226,240,294" oya="1" hai0="11,59,108,78,116,128,18,41,45,84,4,76,126" hai1="32,7,48,99,112,63,117,23,39,92,122,104,64" hai2="50,61,124,42,52,74,22,1,26,134,38,67,46" hai3="91,2,14,103,87,105,127,131,115,10,123,20,21"/><U95/><E112/><V83/><F1/><W62/><G123/><T88/><D108/><U89/><E117/><V3/><F3/><W106/><G127/><T25/><D116/><U43/><E122/><V73/><F134/><W35/><G131/><T47/><D128/><U79/><E32/><V85/><F124/><W65/><G35/><T121/><D121/><U72/><E39/><V56/><F85/><W119/><G119/><T113/><D113/><U68/><E7/><V30/><REACH who="2" step="1"/><F83/><REACH who="2" ten="240,226,230,294" step="2"/><W107/><G2/><T24/><D126/><U40/><E72/><V82/><F82/><W54/><G115/><T71/><D84/><U28/><E104/><V125/><F125/><W70/><G106/><T37/><D78/><U133/><E79/><V110/><F110/><W129/><G105/><T33/><D76/><U13/><E133/><V100/><F100/><W97/><G129/><T114/><D114/><U57/><E95/><V17/><F17/><W53/><G87/><T75/><D18/><U0/><E0/><V27/><F27/><W9/><G103/><T98/><D25/><N who="1" m="16447" /><E13/><V34/><F34/><W44/><G107/><T31/><D24/><U19/><E19/><V58/><AGARI ba="2,1" hai="22,26,30,38,42,46,50,52,56,58,61,67,73,74" machi="58" ten="20,5200,0" yaku="1,1,0,1,7,1,54,1,53,0" doraHai="111" doraHaiUra="66" who="2" fromWho="2" sc="240,-15,226,-28,230,68,294,-15" /><INIT seed="2,0,0,0,0,56" ten="225,198,298,279" oya="2" hai0="124,88,77,123,111,104,27,62,127,37,25,106,98" hai1="103,110,66,52,50,95,120,11,3,38,0,13,114" hai2="133,68,83,26,130,10,97,55,32,99,24,125,101" hai3="126,34,71,75,14,134,42,1,18,94,107,135,40"/><V67/><F125/><N who="0" m="48202" /><D37/><U12/><E114/><V21/><F130/><W80/><G126/><T4/><D123/><U84/><E38/><V132/><F32/><W16/><G107/><N who="0" m="41003" /><D4/><U41/><E120/><V44/><F83/><W69/><G1/><T86/><D111/><U9/><E110/><V5/><F55/><W113/><G34/><T61/><D77/><U96/><E66/><V72/><F44/><W73/><G94/><N who="0" m="56647" /><D86/><U58/><E41/><V105/><F72/><W46/><G113/><T39/><D39/><U92/><E84/><V60/><F99/><W19/><G80/><T53/><D53/><U131/><E131/><V70/><F68/><W33/><G33/><T45/><D45/><U54/><E54/><V118/><F118/><W82/><G82/><T87/><D87/><U23/><E95/><V22/><F132/><W6/><G46/><T122/><D122/><U31/><E0/><V65/><F133/><N who="3" m="50699" /><G69/><T108/><D108/><U74/><E3/><V49/><F67/><W128/><G71/><T119/><D119/><U79/><E79/><V47/><F47/><W121/><G121/><T91/><D91/><U15/><REACH who="1" step="1"/><E74/><REACH who="1" ten="225,188,298,279" step="2"/><N who="3" m="28170" /><G128/><T43/><D43/><U78/><E78/><V57/><F65/><W89/><G89/><T81/><D81/><U90/><E90/><V35/><F105/><W93/><G93/><T109/><D109/><U116/><E116/><V76/><F76/><W7/><G40/><T64/><D64/><U115/><E115/><V2/><F2/><W29/><G42/><T112/><D112/><U63/><E63/><AGARI ba="0,1" hai="25,27,61,62,63" m="56647,41003,48202" machi="63" ten="30,8000,1" yaku="18,1,52,3,54,1" doraHai="56" who="0" fromWho="1" sc="225,90,188,-80,298,0,279,0" /><INIT seed="3,0,0,1,4,75" ten="315,108,298,279" oya="3" hai0="29,44,106,127,32,80,93,39,79,123,61,42,81" hai1="24,49,45,85,5,37,57,111,60,115,112,110,87" hai2="28,99,51,59,67,12,108,4,98,71,104,86,76" hai3="124,119,103,92,78,117,83,89,135,52,84,109,62"/><W19/><G124/><T48/><D106/><U63/><E5/><V121/><F71/><W102/><G135/><T128/><D123/><U33/><E24/><V72/><F72/><W65/><G109/><T38/><D127/><U77/><E33/><V10/><F104/><W26/><G117/><T22/><D32/><U90/><E90/><V129/><F108/><W73/><G119/><T47/><D81/><U122/><E49/><V64/><F129/><W100/><G52/><T88/><D128/><U41/><E57/><V130/><F28/><W31/><G19/><T15/><D61/><U23/><E23/><V82/><F121/><W18/><G18/><T74/><D47/><U105/><E105/><V27/><F27/><W91/><G91/><T40/><D40/><U97/><E122/><V125/><F125/><W134/><G134/><T1/><D1/><U34/><E34/><V50/><F130/><W94/><G26/><T20/><D29/><U17/><E17/><V107/><F107/><W8/><G31/><T7/><D22/><U120/><E120/><V55/><F50/><W14/><G14/><T113/><D113/><U131/><E131/><V36/><F36/><W11/><REACH who="3" step="1"/><G92/><REACH who="3" ten="315,108,298,269" step="2"/><T16/><D7/><U132/><E132/><V69/><F69/><AGARI ba="0,1" hai="8,11,62,65,69,73,78,83,84,89,94,100,102,103" machi="69" ten="40,7700,0" yaku="1,1,2,1,52,1,53,0" doraHai="75" doraHaiUra="114" who="3" fromWho="2" sc="315,0,108,0,298,-77,269,87" owari="315,11.5,108,-39.2,221,-17.9,356,45.6" /></mjloggm>