<mjloggm ver="2.3"><GO type="225" lobby="0"/><UN n0="%E5%8F%AF%E5%85%90%E9%82%A3%E7%94%B1%E5%A4%9A" n1="%6D%75%75%6D%75%72%61" n2="%73%75%7A%75%6D%65%33" n3="%E3%81%AF%E3%82%88%E3%81%8A%E3%81%98%E3%81%95%E3%82%93" dan="17,16,18,17" rate="2184.09,2065.64,2176.57,2241.39" sx="F,F,M,M"/><TAIKYOKU oya="0"/><INIT seed="0,0,0,1,2,70" ten="250,250,250,250" oya="0" hai0="99,29,133,44,4,127,96,11,131,85,65,10,106" hai1="112,50,115,23,67,105,36,2,45,3,76,100,68" hai2="13,8,126,103,9,40,38,0,56,33,113,122,88" hai3="64,25,135,109,111,80,59,125,108,119,15,18,37"/><T128/><D127/><U92/><E105/><V51/><F113/><W66/><G119/><T12/><D133/><U7/><E76/><V74/><F122/><W16/><G135/><T81/><D65/><U47/><E68/><V98/><F74/><W28/><G125/><T35/><D106/><U24/><E67/><V104/><F126/><W49/><G18/><T89/><D11/><U120/><E120/><V17/><F33/><W30/><G28/><T63/><D63/><U60/><E60/><V27/><F27/><W48/><G80/><T14/><D14/><U117/><E3/><V107/><F107/><W102/><G102/><T94/><D44/><U82/><E82/><V22/><F0/><W1/><G1/><T116/><D116/><U19/><E7/><V53/><REACH who="2" step="1"/><F88/><REACH who="2" ten="250,250,240,250" step="2"/><W46/><G108/><T73/><D73/><U118/><E2/><V86/><F86/><W101/><G109/><T58/><D81/><U32/><E32/><V41/><F41/><N who="3" m="22831" /><G111/><T83/><D83/><U130/><E115/><V121/><F121/><W34/><G101/><T97/><REACH who="0" step="1"/><D58/><REACH who="0" ten="240,250,240,250" step="2"/><U90/><E112/><V87/><F87/><W42/><G59/><T54/><D54/><U124/><E124/><V132/><F132/><W95/><G95/><T69/><D69/><U21/><E117/><V55/><F55/><W61/><G66/><T57/><D57/><U20/><E118/><V110/><F110/><W5/><G64/><T123/><D123/><U79/><E92/><V26/><F26/><AGARI ba="0,2" hai="4,10,12,26,29,35,85,89,94,96,97,99,128,131" machi="26" ten="40,2000,0" yaku="1,1,53,0" doraHai="70" doraHaiUra="62" who="0" fromWho="2" sc="240,40,250,0,240,-20,250,0" /><INIT seed="0,1,0,5,2,72" ten="280,250,220,250" oya="0" hai0="55,104,118,0,116,96,67,69,105,41,25,4,24" hai1="122,123,65,106,47,128,14,1,54,107,7,64,37" hai2="88,33,49,68,17,43,32,133,16,135,57,117,130" hai3="84,29,9,121,71,87,46,131,85,42,18,89,95"/><T86/><D41/><U21/><E1/><V51/><F68/><W19/><G71/><T58/><D69/><U22/><E128/><V75/><F75/><W26/><G121/><T97/><D67/><U31/><E31/><V13/><F117/><W70/><G70/><T11/><D116/><U101/><E101/><V132/><F130/><W38/><G131/><T48/><D118/><U2/><E2/><V115/><F115/><W110/><G110/><T98/><REACH who="0" step="1"/><D86/><REACH who="0" ten="270,250,220,250" step="2"/><U74/><E74/><V23/><F43/><W15/><REACH who="3" step="1"/><G19/><REACH who="3" ten="270,250,220,240" step="2"/><T50/><D50/><U103/><E122/><V40/><F17/><W91/><G91/><T102/><D102/><U77/><E123/><V90/><F51/><W10/><G10/><T12/><D12/><U92/><E14/><V6/><F90/><W99/><G99/><T80/><D80/><U53/><E103/><V44/><F88/><W3/><G3/><T78/><D78/><U52/><E77/><V114/><F114/><W111/><G111/><T81/><D81/><U112/><E112/><V126/><F49/><W127/><G127/><T119/><D119/><U66/><E37/><N who="2" m="21519" /><F126/><W28/><G28/><T129/><D129/><U45/><E45/><V79/><F79/><W20/><AGARI ba="1,2" hai="9,15,18,20,26,29,38,42,46,84,85,87,89,95" machi="20" ten="20,12000,2" yaku="1,1,0,1,7,1,53,3" doraHai="72" doraHaiUra="83" who="3" fromWho="3" sc="270,-61,250,-31,220,-31,240,143" /><INIT seed="1,0,0,3,2,97" ten="209,219,189,383" oya="1" hai0="101,16,108,96,3,60,37,93,121,83,69,64,103" hai1="34,14,45,48,117,58,68,122,38,118,115,6,30" hai2="100,17,109,102,4,57,89,65,123,116,12,41,91" hai3="15,94,132,25,126,8,105,128,85,54,31,5,76"/><U1/><E115/><V80/><F116/><W53/><G105/><T72/><D108/><U131/><E1/><V44/><F123/><W129/><G126/><T77/><D121/><U56/><E122/><V78/><F109/><W46/><G132/><T40/><D3/><U74/><E68/><V52/><F4/><W73/><G73/><T125/><D125/><U67/><E74/><V66/><F78/><W13/><G13/><T23/><D40/><U82/><E38/><V70/><F70/><W11/><G11/><T133/><D37/><U20/><E34/><V134/><F134/><W49/><G53/><T124/><D124/><U35/><E35/><V28/><F28/><W87/><G94/><T113/><D133/><U22/><E131/><N who="3" m="50250" /><G76/><T21/><D21/><AGARI ba="0,0" hai="5,8,15,21,25,31,46,49,54,85,87" m="50250" machi="21" ten="30,1000,0" yaku="19,1" doraHai="97" who="3" fromWho="0" sc="209,-10,219,0,189,0,383,10" /><INIT seed="2,0,0,0,2,128" ten="199,219,189,393" oya="2" hai0="14,74,84,6,135,1,111,86,16,118,19,10,115" hai1="29,52,11,77,110,131,67,37,113,57,87,63,81" hai2="26,119,35,38,61,30,48,123,17,4,103,125,72" hai3="105,44,8,133,64,53,41,47,108,39,68,109,70"/><V25/><F119/><W95/><G105/><T42/><D74/><U2/><E110/><N who="3" m="42602" /><G133/><T12/><D115/><U27/><E113/><V97/><F123/><W83/><G64/><T31/><D111/><U96/><E37/><V102/><F38/><W59/><G47/><T104/><D104/><U28/><E131/><V22/><F72/><W75/><G95/><T36/><D118/><U92/><E2/><V49/><F125/><W56/><G56/><T65/><D31/><U98/><E11/><V21/><F4/><W20/><G20/><T15/><D65/><U106/><E106/><V82/><F82/><W132/><G8/><T100/><D100/><U99/><E67/><V32/><F61/><N who="3" m="36079" /><G132/><T60/><D60/><U126/><E29/><V130/><F130/><W45/><G44/><T58/><D58/><U88/><REACH who="1" step="1"/><E126/><REACH who="1" ten="199,209,189,393" step="2"/><V51/><REACH who="2" step="1"/><F102/><REACH who="2" ten="199,209,179,393" step="2"/><W101/><G101/><T40/><D36/><U120/><E120/><V73/><F73/><W129/><G129/><T9/><D135/><U69/><E69/><V50/><N who="2" m="12288" /><DORA hai="54" /><V94/><AGARI ba="0,2" hai="17,21,22,25,26,30,32,35,94,97,103" m="12288" machi="94" ten="40,12000,1" yaku="1,1,4,1,0,1,53,1" doraHai="128,54" doraHaiUra="124,91" who="2" fromWho="2" sc="199,-40,209,-40,179,140,393,-40" /><INIT seed="2,1,0,1,3,79" ten="159,169,319,353" oya="2" hai0="108,9,24,135,19,29,40,45,82,59,22,89,26" hai1="28,47,48,36,106,64,25,31,51,27,78,14,93" hai2="120,3,61,112,103,75,127,125,114,81,65,85,115" hai3="41,43,16,6,98,99,70,133,0,67,53,76,33"/><V111/><F3/><W113/><G33/><T60/><D108/><U73/><E106/><V130/><F120/><W122/><G122/><T119/><D135/><U87/><E73/><V38/><F38/><W17/><G76/><T30/><D119/><U20/><E36/><V37/><F37/><W94/><G133/><T91/><D9/><U66/><E14/><V129/><F103/><W88/><G113/><T35/><D19/><U63/><E63/><V68/><F111/><W13/><G17/><T83/><D91/><U118/><E118/><V100/><F100/><W116/><G116/><T46/><D89/><U12/><E12/><V117/><F117/><W2/><G98/><T124/><D124/><N who="2" m="47690" /><F75/><W18/><G18/><T104/><D104/><U96/><E51/><V123/><F123/><W69/><G53/><T56/><D56/><U55/><E96/><V110/><F110/><W121/><G121/><T72/><D72/><U52/><E55/><V34/><F34/><W11/><G0/><T126/><D126/><U84/><E66/><V7/><F7/><W1/><G2/><T10/><D10/><U134/><E64/><V50/><F50/><W97/><G99/><T4/><D4/><U90/><E134/><V86/><F86/><W58/><G6/><T131/><D131/><U132/><E132/><V102/><F102/><W44/><G1/><T15/><D40/><U62/><E87/><V92/><F92/><W101/><G101/><T128/><D128/><U39/><E39/><V21/><F21/><W105/><G105/><T32/><D32/><N who="1" m="20495" /><E62/><V8/><F8/><RYUUKYOKU ba="1,0" sc="159,-15,169,15,319,15,353,-15" hai1="20,27,31,47,48,52,78,84,90,93" hai2="61,65,68,81,85,112,114,115,129,130" /><INIT seed="2,2,0,3,0,12" ten="144,184,334,338" oya="2" hai0="27,17,32,49,89,42,97,94,109,135,111,129,44" hai1="20,112,65,114,82,38,40,61,7,132,11,64,101" hai2="24,39,134,95,3,103,117,124,41,9,130,93,87" hai3="55,86,56,120,126,67,8,98,66,36,35,19,125"/><V2/><F117/><W88/><G120/><T34/><D129/><U57/><E132/><V54/><F134/><W131/><G35/><T62/><D135/><U116/><E116/><V58/><F130/><W81/><G36/><T83/><D83/><U48/><E38/><V69/><F69/><W84/><G131/><T73/><D73/><U46/><E65/><V1/><F124/><N who="3" m="47723" /><G98/><T25/><D25/><U105/><E101/><V5/><F24/><W10/><G86/><T75/><D75/><U79/><E105/><V91/><F103/><W26/><G8/><T122/><D122/><U16/><E11/><V68/><F95/><W29/><G29/><T33/><REACH who="0" step="1"/><D62/><REACH who="0" ten="134,184,334,338" step="2"/><U45/><E112/><V47/><F68/><W92/><G81/><T71/><D71/><U76/><E114/><V63/><AGARI ba="2,1" hai="1,2,3,5,9,39,41,47,54,58,63,87,91,93" machi="63" ten="20,2100,0" yaku="0,1,7,1" doraHai="12" who="2" fromWho="2" sc="134,-9,184,-9,334,37,338,-9" /><INIT seed="2,3,0,3,0,89" ten="125,175,371,329" oya="2" hai0="35,4,70,116,13,104,78,98,49,27,83,52,101" hai1="43,41,9,31,38,74,11,40,59,19,1,30,34" hai2="22,94,127,75,103,67,68,10,77,21,111,129,106" hai3="65,113,14,63,134,96,85,126,61,135,79,55,121"/><V117/><F117/><W56/><G14/><T114/><D116/><U71/><E71/><V3/><F127/><W29/><G29/><T124/><D124/><U108/><E38/><V107/><F129/><W42/><G126/><T6/><D114/><U81/><E108/><V50/><F111/><W25/><G25/><T110/><D110/><U115/><E115/><V118/><F118/><W86/><G113/><T80/><D70/><U100/><E34/><V36/><F36/><W112/><G112/><T33/><D83/><U132/><E132/><N who="3" m="50730" /><G121/><T58/><D27/><U125/><E125/><V48/><F10/><W28/><G28/><T82/><D82/><U47/><E11/><V87/><F3/><W97/><G42/><T5/><REACH who="0" step="1"/><D13/><REACH who="0" ten="115,175,371,329" step="2"/><U84/><E81/><V23/><F68/><N who="3" m="42031" /><G79/><T15/><D15/><U102/><E1/><V60/><F77/><W69/><G69/><T88/><D88/><U24/><E24/><V7/><F75/><AGARI ba="3,1" hai="4,5,6,33,35,49,52,58,75,78,80,98,101,104" machi="75" ten="40,2600,0" yaku="1,1,54,1,53,0" doraHai="89" doraHaiUra="37" who="0" fromWho="2" sc="115,45,175,0,371,-35,329,0" /><INIT seed="3,0,0,0,3,134" ten="160,175,336,329" oya="3" hai0="47,34,31,119,44,2,110,9,90,127,56,72,126" hai1="77,19,91,8,48,83,97,111,11,71,21,53,46" hai2="70,32,99,27,61,37,105,52,115,89,7,116,92" hai3="43,30,103,88,82,96,104,55,36,18,130,35,94"/><W100/><G130/><T106/><D119/><U1/><E71/><V23/><F116/><W81/><G103/><T121/><D121/><U86/><E1/><V39/><F115/><W14/><G55/><T109/><D72/><U51/><E111/><N who="0" m="42505" /><D106/><U38/><E38/><V79/><F32/><W45/><G30/><T74/><D74/><U98/><E51/><V65/><F105/><W128/><G35/><T58/><D90/><U40/><E53/><V10/><F52/><W108/><G128/><T95/><D95/><N who="1" m="56575" /><E98/><V54/><F54/><W15/><G108/><T0/><D31/><U84/><E84/><V118/><F79/><W87/><G14/><AGARI ba="0,0" hai="8,11,14,19,21,40,46,48,77,83,86" m="56575" machi="14" ten="30,1000,0" yaku="8,1" doraHai="134" who="1" fromWho="3" sc="160,0,175,10,336,0,329,-10" owari="160,-34.0,185,-21.5,336,43.6,319,11.9" /></mjloggm>