<mjloggm ver="2.3"><GO type="225" lobby="0"/><UN n0="%E9%BB%99%E8%81%B4%E3%81%AE%E3%81%99%E3%82%9D%E3%82%81" n1="%E3%83%A9%E3%83%BC%E3%83%A1%E3%83%B3%E4%BA%94%E9%83%8E" n2="%E3%80%90%E3%83%88%E3%83%AA%E3%83%A5%E3%83%95%E3%80%91" n3="%E5%8D%A0%E3%81%84%E5%B8%AB%E8%A3%8F%E3%81%AA%E3%81%84%E3%81%97" dan="16,16,16,17" rate="2098.43,2133.33,2081.41,2198.27" sx="M,M,M,M"/><TAIKYOKU oya="0"/><INIT seed="0,0,0,1,4,24" ten="250,250,250,250" oya="0" hai0="108,11,35,129,12,9,37,55,34,105,23,106,94" hai1="86,59,120,60,109,67,124,119,75,46,43,10,85" hai2="115,3,77,132,107,8,52,131,87,104,88,123,56" hai3="99,2,103,58,57,33,73,36,76,30,125,41,102"/><T63/><D37/><U47/><E119/><V16/><F115/><W50/><G125/><T27/><D94/><U17/><E120/><V97/><F123/><W112/><G112/><T130/><D63/><U31/><E124/><V78/><F3/><W45/><G2/><T95/><D95/><U114/><E75/><V127/><F127/><W135/><G135/><T22/><D55/><U111/><E31/><V53/><F132/><W0/><G0/><T4/><D106/><U49/><E47/><V128/><F97/><W42/><G42/><T25/><D105/><U121/><E121/><V13/><F104/><W38/><G38/><T21/><D108/><N who="1" m="41547" /><E114/><V39/><F39/><W90/><G36/><T18/><D12/><AGARI ba="0,0" hai="10,12,17,43,46,49,59,60,67,85,86" m="41547" machi="12" ten="30,1000,0" yaku="14,1" doraHai="24" who="1" fromWho="0" sc="250,-10,250,10,250,0,250,0" /><INIT seed="1,0,0,2,1,51" ten="240,260,250,250" oya="1" hai0="89,112,94,2,76,73,66,61,130,59,95,6,79" hai1="1,107,45,25,115,92,50,108,35,86,109,113,37" hai2="0,93,119,33,67,22,90,97,104,7,124,114,15" hai3="126,17,132,103,40,53,65,125,128,39,5,105,78"/><U42/><E1/><V116/><F33/><W135/><G5/><T74/><D112/><U12/><E107/><V54/><F124/><N who="3" m="47723" /><G78/><T91/><D130/><U106/><E106/><V32/><F32/><W10/><G65/><T82/><D6/><U127/><E127/><V118/><F67/><W43/><G103/><T81/><REACH who="0" step="1"/><D2/><REACH who="0" ten="230,260,250,250" step="2"/><U13/><E115/><V98/><F114/><W57/><G128/><T18/><D18/><U129/><E113/><V44/><F0/><W100/><G17/><T70/><D70/><U29/><E129/><V122/><F7/><W110/><G135/><T75/><D75/><U19/><E19/><V28/><F116/><W11/><G132/><T131/><D131/><U72/><E72/><V71/><F71/><W85/><G10/><T23/><D23/><U133/><E133/><V8/><F22/><W30/><G11/><T49/><D49/><U27/><E50/><V9/><F9/><W62/><G39/><T84/><D84/><U4/><E4/><V41/><F8/><W123/><G85/><T96/><D96/><U26/><E35/><V55/><F98/><N who="3" m="61591" /><G30/><T36/><D36/><U20/><E29/><V77/><F28/><W21/><G21/><T56/><D56/><U24/><E20/><V34/><F34/><W38/><G38/><T99/><D99/><U47/><E37/><N who="2" m="21551" /><F97/><W31/><G31/><T111/><D111/><U80/><E109/><V63/><F118/><W14/><G110/><T16/><D16/><U3/><E108/><V64/><F119/><W102/><G57/><T121/><D121/><U52/><E3/><RYUUKYOKU ba="0,1" sc="230,30,260,-10,250,-10,250,-10" hai0="59,61,66,73,74,76,79,81,82,89,91,94,95" /><INIT seed="2,1,1,0,1,49" ten="260,250,240,240" oya="2" hai0="75,130,46,101,51,55,87,131,32,4,114,37,41" hai1="111,106,0,93,85,104,8,99,59,73,20,127,74" hai2="78,15,11,135,118,121,31,7,36,88,132,6,109" hai3="120,117,133,1,18,40,34,23,9,19,50,92,102"/><V60/><F36/><W122/><G117/><T76/><D32/><U72/><E111/><V42/><F118/><W89/><G34/><T94/><D4/><U44/><E127/><V66/><F121/><W24/><G133/><N who="2" m="51273" /><F78/><W116/><G116/><T17/><D114/><U48/><E59/><N who="2" m="37151" /><F42/><W119/><G102/><T57/><D101/><U67/><E67/><V113/><F113/><W62/><G119/><T68/><D75/><U25/><E72/><V126/><F126/><W33/><G33/><T52/><D68/><U56/><E74/><V13/><F31/><W3/><G62/><T80/><D94/><U91/><E73/><V28/><F28/><W14/><G122/><T43/><D17/><U115/><E115/><V53/><F88/><W95/><G120/><T54/><D41/><U35/><E91/><V45/><F109/><W38/><G38/><T90/><D90/><U47/><E99/><V129/><F129/><AGARI ba="1,1" hai="37,43,46,51,52,54,55,57,76,80,87,129,130,131" machi="129" ten="40,8000,1" yaku="19,1,52,3,54,1" doraHai="49" who="0" fromWho="2" sc="260,93,250,0,240,-83,240,0" /><INIT seed="3,0,0,1,3,125" ten="353,250,157,240" oya="3" hai0="113,71,24,13,53,6,1,78,95,37,131,63,97" hai1="11,36,108,121,32,5,84,46,21,41,0,18,7" hai2="29,107,69,48,86,87,56,15,64,68,130,4,44" hai3="123,50,49,38,34,128,54,27,72,104,20,30,16"/><W114/><G114/><T17/><D131/><U42/><E108/><V110/><F107/><W115/><G115/><T8/><D37/><U31/><E121/><V88/><F110/><W43/><G123/><T89/><D78/><U109/><E109/><V96/><F29/><W25/><G128/><T102/><D113/><U40/><E7/><V19/><F130/><W133/><G133/><T93/><D71/><U126/><E126/><V62/><F4/><W28/><G72/><T70/><D70/><U14/><E84/><V10/><F69/><W124/><G124/><T60/><D53/><U91/><E91/><V39/><F39/><W120/><G120/><T92/><D92/><U112/><E112/><V59/><F96/><W33/><G104/><T2/><D2/><U9/><E9/><V106/><F86/><W12/><G54/><T55/><D55/><U79/><E79/><V23/><F23/><W26/><G43/><T90/><D102/><U135/><E135/><V57/><F68/><W129/><G38/><T111/><D111/><U127/><E127/><V134/><F134/><W99/><G129/><T116/><D116/><U105/><E105/><V118/><F118/><W74/><G74/><T22/><D1/><U103/><E103/><V81/><REACH who="2" step="1"/><F106/><REACH who="2" ten="353,250,147,240" step="2"/><W132/><G132/><T101/><D97/><U47/><E36/><V117/><F117/><W65/><G99/><T80/><D22/><U122/><E122/><V82/><F82/><W100/><G20/><T119/><D80/><U76/><E21/><V83/><F83/><W51/><G28/><T98/><D119/><RYUUKYOKU ba="0,1" sc="353,-10,250,-10,147,30,240,-10" hai2="10,15,19,44,48,56,57,59,62,64,81,87,88" owari="353,45.3,240,4.0,177,-32.3,230,-17.0" /></mjloggm>