<mjloggm ver="2.3"><GO type="225" lobby="0"/><UN n0="%72%65%6E%6B%75%6E" n1="%4B%2E%32%2E%4B%2E" n2="%E5%8F%AF%E5%85%90%E9%82%A3%E7%94%B1%E5%A4%9A" n3="%E8%81%B7%E6%A5%AD%E3%80%81%E9%A2%A8%32" dan="17,16,16,16" rate="2303.32,2143.40,2173.25,2157.72" sx="M,M,F,M"/><TAIKYOKU oya="0"/><INIT seed="0,0,0,2,3,118" ten="250,250,250,250" oya="0" hai0="135,20,9,96,15,105,65,8,55,77,63,34,39" hai1="71,132,88,66,37,123,61,12,2,72,106,7,91" hai2="134,25,3,93,111,62,89,128,22,98,100,86,35" hai3="122,124,70,125,82,129,59,76,130,73,84,50,109"/><T36/><D34/><U126/><E2/><V107/><F111/><W90/><G70/><T67/><D135/><U1/><E1/><V46/><F134/><W117/><G59/><T32/><D32/><U75/><E132/><V47/><F128/><N who="3" m="49259" /><G50/><T74/><D55/><U21/><E37/><V33/><F3/><W79/><G117/><T133/><D20/><U24/><E106/><V30/><F47/><W40/><G40/><T45/><D9/><U31/><E126/><N who="3" m="48746" /><G109/><T29/><D29/><U57/><E123/><V104/><F104/><W16/><G122/><T94/><D105/><U58/><E75/><V87/><F62/><W112/><G112/><T69/><D65/><U97/><E72/><V68/><F68/><W51/><G51/><T43/><D133/><U99/><E58/><V56/><F56/><W119/><G119/><T95/><D39/><U131/><E71/><V28/><F46/><W110/><G110/><T44/><D44/><U10/><REACH who="1" step="1"/><E131/><REACH who="1" ten="250,240,250,250" step="2"/><V26/><F35/><W116/><G116/><T19/><D77/><N who="3" m="29769" /><G16/><T49/><D36/><U83/><E83/><V103/><F33/><W121/><G121/><T120/><D120/><U6/><E6/><V17/><F17/><W41/><G41/><T0/><D0/><U102/><E102/><V60/><F103/><W127/><G127/><T78/><D78/><U53/><E53/><V101/><F100/><W4/><G4/><T13/><D74/><AGARI ba="0,1" hai="73,74,82,84,90" m="29769,48746,49259" machi="74" ten="40,8000,1" yaku="19,1,18,1,34,2" doraHai="118" who="3" fromWho="0" sc="250,-80,240,0,250,0,250,90" /><INIT seed="1,0,0,0,1,65" ten="170,240,250,340" oya="1" hai0="0,32,12,117,81,68,129,14,5,70,135,72,6" hai1="80,101,95,11,74,110,82,76,53,99,64,10,125" hai2="102,48,96,43,45,4,86,58,7,57,109,19,111" hai3="33,28,31,108,112,56,9,115,37,41,29,89,24"/><U52/><E125/><V40/><F86/><W123/><G108/><N who="2" m="41545" /><F19/><W79/><G123/><T49/><D32/><U60/><E110/><V77/><F77/><W20/><G79/><T54/><D117/><U128/><E128/><V50/><F43/><W122/><G122/><T130/><D135/><U83/><E76/><V78/><F78/><W3/><G89/><T34/><D34/><U134/><E74/><V17/><F17/><N who="3" m="12303" /><G56/><N who="2" m="21609" /><F50/><W93/><G93/><AGARI ba="0,0" hai="4,7,40,45,48,93,96,102" m="21609,41545" machi="93" ten="30,1000,0" yaku="14,1" doraHai="65" who="2" fromWho="3" sc="170,0,240,0,250,10,340,-10" /><INIT seed="2,0,0,1,4,74" ten="170,240,260,330" oya="2" hai0="26,28,16,108,32,104,0,50,60,3,71,13,103" hai1="53,128,58,51,21,47,112,106,30,56,52,20,102" hai2="25,81,123,2,48,33,124,9,63,70,101,4,22" hai3="93,12,131,68,59,84,57,66,62,91,23,117,43"/><V94/><F123/><W76/><G131/><T116/><D108/><U40/><E112/><V121/><F121/><W37/><G117/><T98/><D116/><U73/><E73/><V64/><F124/><W54/><G37/><T46/><D71/><U45/><E128/><V10/><F33/><W122/><G122/><T118/><D60/><N who="1" m="35855" /><E106/><V67/><F67/><W95/><G68/><T129/><D129/><U79/><E102/><V134/><F134/><W18/><G43/><T11/><REACH who="0" step="1"/><D118/><REACH who="0" ten="160,240,260,330" step="2"/><U89/><E89/><V114/><F70/><W110/><G110/><T90/><D90/><U87/><E30/><V115/><F63/><N who="3" m="38255" /><G91/><T49/><D49/><N who="1" m="30991" /><E45/><V82/><F48/><W29/><G62/><T41/><AGARI ba="0,1" hai="0,3,11,13,16,26,28,32,41,46,50,98,103,104" machi="41" ten="20,5200,0" yaku="1,1,0,1,7,1,54,1,53,0" doraHai="74" doraHaiUra="126" who="0" fromWho="0" sc="160,62,240,-13,260,-26,330,-13" /><INIT seed="3,0,0,3,1,2" ten="222,227,234,317" oya="3" hai0="11,1,6,24,56,64,106,50,71,42,127,113,118" hai1="59,123,77,94,23,88,100,29,7,111,78,75,89" hai2="102,125,60,54,27,58,30,15,86,108,25,97,126" hai3="110,28,99,10,74,115,39,40,62,26,82,95,103"/><W72/><G110/><T17/><D106/><U101/><E123/><V98/><F108/><W81/><G115/><T68/><D118/><U65/><E111/><V53/><F15/><W92/><G82/><T79/><D113/><U90/><E7/><V49/><F86/><W66/><G10/><T84/><D127/><N who="2" m="48650" /><F30/><W120/><G120/><T13/><D64/><U133/><E133/><V9/><F9/><W73/><G81/><N who="0" m="47167" /><D56/><U122/><E122/><V76/><F76/><N who="1" m="29289" /><E94/><N who="2" m="58679" /><F98/><W121/><G121/><T36/><D36/><U14/><E75/><V44/><AGARI ba="0,0" hai="25,27,44,49,53,54,58,60" m="58679,48650" machi="44" ten="30,1100,0" yaku="18,1" doraHai="2" who="2" fromWho="2" sc="222,-3,227,-3,234,11,317,-5" owari="219,-28.1,224,-17.6,245,4.5,312,41.2" /></mjloggm>