<mjloggm ver="2.3"><GO type="225" lobby="0"/><UN n0="%E3%82%89%E3%81%84%E3%81%B5%E3%81%8C%E3%83%BC%E3%81%A9%E3%81%99%E3%81%8D" n1="%E3%83%97%E3%83%AC%E3%83%B4%E3%82%A1%E3%83%86%E3%82%A3" n2="%E3%81%B5%E3%81%98%E3%81%8B%E3%81%A4" n3="%77%72%77%72%77%72%77%72" dan="16,16,16,16" rate="2089.67,2075.77,2177.84,2220.40" sx="M,F,M,M"/><TAIKYOKU oya="0"/><INIT seed="0,0,0,1,1,61" ten="250,250,250,250" oya="0" hai0="57,59,120,132,80,44,101,121,115,11,122,26,118" hai1="15,55,50,135,110,36,28,65,25,85,46,112,74" hai2="52,111,84,83,91,3,34,78,109,117,66,4,53" hai3="125,1,107,40,106,37,17,39,97,75,99,70,9"/><T5/><D115/><U62/><E74/><V22/><F34/><W93/><G125/><T113/><D113/><U129/><E112/><V58/><F3/><W90/><G75/><T49/><D118/><U43/><E110/><N who="2" m="41995" /><F4/><W32/><G32/><T92/><D132/><U134/><E129/><V14/><F117/><W67/><G99/><T0/><D80/><U10/><E85/><N who="2" m="48375" /><F22/><W13/><G1/><T100/><D26/><U60/><E25/><V88/><F14/><W86/><G40/><T123/><N who="0" m="30720" /><DORA hai="68" /><T128/><D128/><U79/><E28/><V54/><F84/><W87/><G87/><T7/><D7/><U51/><E79/><V98/><F98/><W12/><G12/><T8/><D8/><U18/><E60/><AGARI ba="0,0" hai="52,53,54,58,60,66,88,91" m="48375,41995" machi="60" ten="30,7700,0" yaku="14,1,52,1,54,2" doraHai="61,68" who="2" fromWho="1" sc="250,0,250,-77,250,77,250,0" /><INIT seed="1,0,0,5,2,102" ten="250,173,327,250" oya="1" hai0="4,8,114,97,65,37,60,47,6,32,61,16,84" hai1="127,63,3,132,52,104,122,70,76,124,13,18,87" hai2="66,17,89,78,107,94,2,64,80,131,117,86,12" hai3="26,49,134,129,54,28,125,22,121,71,57,27,115"/><U85/><E122/><V75/><F131/><W20/><G121/><T92/><D32/><U50/><E3/><V53/><F2/><W111/><G115/><T74/><D74/><U0/><E0/><V73/><F73/><W93/><G129/><T99/><D37/><U126/><E132/><V67/><F117/><W133/><G71/><T105/><D105/><U40/><E76/><V69/><F69/><W5/><G5/><T33/><D33/><U23/><E40/><V19/><F107/><W46/><G111/><T90/><D47/><N who="1" m="27743" /><E104/><V123/><F123/><W15/><G125/><N who="1" m="32002" /><U48/><DORA hai="116" /><E48/><V77/><F77/><W108/><G108/><T58/><D61/><U100/><E100/><V72/><F72/><W98/><G15/><N who="0" m="7271" /><D114/><U29/><E29/><V31/><F31/><W43/><G134/><T55/><D65/><AGARI ba="0,0" hai="13,18,23,63,65,70,85,87" m="32002,27743" machi="65" ten="40,3900,0" yaku="18,1,54,1" doraHai="102,116" who="1" fromWho="0" sc="250,-39,173,39,327,0,250,0" /><INIT seed="1,1,0,2,3,65" ten="211,212,327,250" oya="1" hai0="63,29,80,101,118,13,84,19,33,92,88,48,110" hai1="37,130,120,55,45,53,81,85,104,28,86,103,126" hai2="108,11,25,115,7,133,2,32,74,64,132,124,51" hai3="16,24,116,96,44,31,135,98,47,36,79,102,15"/><U49/><E120/><V107/><F51/><W113/><G113/><T93/><D118/><U72/><E126/><V1/><F64/><W90/><G135/><N who="2" m="51785" /><F74/><W97/><G116/><T41/><D110/><U59/><E130/><V75/><F75/><W8/><G79/><T58/><D29/><U17/><E28/><N who="2" m="19471" /><F107/><W3/><G3/><T22/><D101/><U94/><E37/><V106/><F108/><W73/><G73/><T114/><D33/><U71/><E71/><V95/><F95/><W46/><G36/><T68/><D68/><U5/><E5/><N who="2" m="1455" /><F106/><W131/><G131/><T60/><D114/><U42/><E104/><V14/><F115/><W121/><G121/><T0/><D0/><U12/><E72/><V89/><F89/><W105/><REACH who="3" step="1"/><G90/><REACH who="3" ten="211,212,327,240" step="2"/><T66/><D60/><N who="1" m="35951" /><E81/><V54/><F2/><W111/><G111/><T6/><D6/><U125/><E125/><V77/><F77/><W70/><G70/><T30/><D80/><U123/><E123/><V18/><F124/><W76/><G76/><T23/><D88/><N who="1" m="53519" /><E103/><V67/><F7/><W112/><G112/><T128/><D128/><U119/><E119/><V129/><F129/><W134/><G134/><T20/><D30/><U52/><E86/><V83/><F83/><W39/><G39/><T4/><D84/><U99/><E99/><V43/><F18/><W38/><G38/><T91/><D4/><U35/><E35/><AGARI ba="1,1" hai="8,15,16,24,31,35,44,46,47,96,97,98,102,105" machi="35" ten="40,5200,0" yaku="1,1,54,1,53,1" doraHai="65" doraHaiUra="9" who="3" fromWho="1" sc="211,0,212,-55,327,0,240,65" /><INIT seed="2,0,0,2,3,106" ten="211,157,327,305" oya="2" hai0="66,86,40,80,36,43,104,89,47,62,23,6,8" hai1="127,55,70,50,97,48,45,61,103,69,38,33,63" hai2="72,59,94,42,83,105,35,91,78,52,132,120,134" hai3="121,88,82,96,135,79,26,18,67,54,12,25,19"/><V27/><F120/><W128/><G121/><T37/><D104/><U10/><E33/><V99/><F42/><W9/><G128/><T34/><D34/><U22/><E10/><V31/><REACH who="2" step="1"/><F105/><REACH who="2" ten="211,157,317,305" step="2"/><W131/><G131/><T102/><D40/><N who="1" m="22679" /><E22/><V49/><AGARI ba="0,1" hai="27,31,35,49,52,59,72,78,83,91,94,99,132,134" machi="49" ten="30,11700,0" yaku="1,1,0,1,52,1,54,1,53,0" doraHai="106" doraHaiUra="98" who="2" fromWho="2" sc="211,-39,157,-39,317,127,305,-39" /><INIT seed="2,1,0,4,2,128" ten="172,118,444,266" oya="2" hai0="88,56,110,100,93,38,26,80,85,123,32,20,29" hai1="63,23,74,68,117,84,41,45,126,3,57,39,75" hai2="86,48,96,25,65,105,72,78,6,61,104,15,109" hai3="30,42,8,103,70,119,21,130,52,91,28,94,101"/><V2/><F72/><W4/><G70/><T135/><D123/><U18/><E117/><V87/><F2/><W9/><G42/><T49/><D38/><U12/><E126/><V53/><F25/><N who="3" m="16431" /><G30/><T43/><D110/><U40/><E3/><V27/><F27/><W82/><G82/><T81/><D135/><U83/><E41/><V37/><F37/><W129/><G119/><T34/><D34/><U114/><E68/><V127/><F78/><W50/><G130/><T116/><D116/><U71/><E71/><V134/><F134/><W73/><G73/><T77/><D32/><U0/><E0/><V11/><F127/><W122/><G122/><T112/><D112/><U16/><E18/><V47/><F109/><W55/><G55/><N who="0" m="31855" /><D43/><U5/><E5/><V62/><F105/><W90/><G90/><T79/><D100/><N who="3" m="38473" /><G4/><T95/><D80/><U132/><E114/><V24/><F24/><W107/><G107/><T98/><D95/><U69/><E69/><V111/><F111/><W17/><G17/><T36/><D36/><U67/><REACH who="1" step="1"/><E132/><REACH who="1" ten="172,108,444,266" step="2"/><V14/><F6/><W115/><G115/><T92/><D29/><U97/><E97/><V106/><F96/><N who="3" m="57439" /><G129/><T120/><D120/><U76/><AGARI ba="1,1" hai="12,16,23,39,40,45,57,63,67,74,75,76,83,84" machi="76" ten="20,5200,0" yaku="1,1,0,1,7,1,54,1,53,0" doraHai="128" doraHaiUra="35" who="1" fromWho="1" sc="172,-14,108,65,444,-27,266,-14" /><INIT seed="3,0,0,2,4,51" ten="158,173,417,252" oya="3" hai0="43,25,133,122,79,12,31,95,115,102,86,112,15" hai1="46,0,70,50,98,118,60,69,93,38,26,47,18" hai2="44,1,91,116,78,56,61,35,73,82,83,125,29" hai3="85,14,94,21,100,65,119,42,104,135,9,52,30"/><W92/><G119/><T106/><D122/><U22/><E0/><V8/><F125/><W71/><G135/><T11/><D133/><U67/><E118/><V2/><F44/><W123/><G42/><T13/><D106/><U24/><E69/><V55/><F116/><W130/><G130/><T113/><D43/><U108/><E108/><V48/><F8/><W54/><G65/><T96/><D79/><U124/><E124/><V103/><F103/><W88/><G71/><T58/><D86/><U6/><E6/><V32/><F91/><N who="3" m="53359" /><G100/><T131/><D131/><U3/><E3/><V59/><F83/><W41/><G41/><T57/><REACH who="0" step="1"/><D11/><REACH who="0" ten="148,173,417,252" step="2"/><U27/><E38/><V17/><F78/><W107/><G104/><T134/><D134/><U45/><E98/><V36/><F73/><W72/><G72/><T20/><AGARI ba="0,1" hai="12,13,15,20,25,31,57,58,95,96,102,112,113,115" machi="20" ten="40,5200,0" yaku="1,1,0,1,11,1,53,0" doraHai="51" doraHaiUra="114" who="0" fromWho="0" sc="148,62,173,-13,417,-13,252,-26" owari="210,-19.0,160,-34.0,404,50.4,226,2.6" /></mjloggm>