<mjloggm ver="2.3"><GO type="225" lobby="0"/><UN n0="%72%69%6F%75%63%68%61%6E" n1="%E3%81%BF%E3%81%BF%E3%81%9A" n2="%E3%82%BC%E3%83%AB%E3%83%80%E3%81%AE%E4%BC%9D%E8%AA%AC" n3="%E3%81%AA%E3%82%81%E3%81%93%E9%9B%80%E5%A3%AB" dan="17,18,18,16" rate="2262.92,2253.79,2239.56,2043.85" sx="M,M,M,M"/><TAIKYOKU oya="0"/><INIT seed="0,0,0,5,1,64" ten="250,250,250,250" oya="0" hai0="61,20,114,4,113,18,82,6,34,10,134,71,131" hai1="42,12,52,54,62,88,72,8,78,31,39,19,40" hai2="36,45,122,15,56,118,117,127,60,110,93,104,27" hai3="83,58,97,29,86,9,109,49,74,26,48,73,115"/><T21/><D34/><U98/><E72/><V2/><F2/><W35/><G115/><T80/><D131/><U30/><E78/><V79/><F104/><W121/><G109/><T85/><D134/><U129/><E129/><V69/><F79/><W124/><G124/><T13/><D82/><U23/><E39/><V59/><F15/><W55/><G121/><T99/><D99/><U126/><E126/><V70/><F127/><W57/><G97/><T91/><D20/><U125/><E125/><V37/><F93/><W38/><G38/><N who="2" m="14953" /><F27/><W75/><G9/><T25/><REACH who="0" step="1"/><D4/><REACH who="0" ten="240,250,250,250" step="2"/><U133/><E133/><V0/><F122/><W43/><G43/><T101/><D101/><U111/><E111/><V128/><F110/><W68/><G83/><T87/><D87/><U103/><E23/><V24/><F128/><W112/><G86/><T5/><D5/><U63/><E42/><V44/><F118/><W7/><G7/><T53/><D53/><N who="1" m="20587" /><E40/><V66/><F117/><W107/><G55/><T100/><D100/><U76/><E103/><V32/><F32/><W16/><G35/><T84/><D84/><U65/><E76/><V81/><F81/><W22/><G75/><T105/><D105/><U46/><E46/><V50/><F45/><W41/><G107/><T77/><D77/><U89/><E98/><V11/><F44/><W51/><G41/><T120/><D120/><U123/><E123/><V33/><F33/><N who="3" m="20663" /><G74/><T94/><D94/><U3/><E89/><V96/><F96/><W135/><G135/><T47/><D47/><U116/><E88/><V90/><F90/><RYUUKYOKU ba="0,1" sc="240,30,250,-10,250,-10,250,-10" hai0="6,10,13,18,21,25,61,71,80,85,91,113,114" /><INIT seed="0,1,1,2,3,64" ten="270,240,240,240" oya="0" hai0="54,113,60,93,63,32,101,116,52,128,40,1,105" hai1="67,19,34,37,33,17,90,13,42,95,29,0,72" hai2="69,80,120,119,89,65,4,133,100,44,39,97,61" hai3="126,88,110,21,10,77,131,6,45,24,18,23,130"/><T59/><D113/><U121/><E121/><V57/><F120/><W132/><G110/><T99/><D116/><U68/><E72/><V86/><F119/><W58/><G77/><T16/><D1/><U56/><E0/><V102/><F133/><W83/><G45/><T107/><D32/><U35/><E29/><V73/><F73/><W46/><G132/><T62/><D128/><N who="3" m="49193" /><G58/><T76/><D40/><U87/><E56/><V11/><F57/><W125/><G23/><T94/><D76/><U38/><E42/><V12/><REACH who="2" step="1"/><F97/><REACH who="2" ten="270,240,230,240" step="2"/><W49/><G126/><T111/><D111/><U7/><E7/><V36/><F36/><W22/><G125/><T117/><D117/><U70/><E70/><V92/><F92/><W55/><G6/><T79/><D94/><U114/><E114/><V129/><F129/><W71/><G71/><T43/><D59/><U85/><E85/><V47/><F47/><W27/><G27/><T75/><D93/><U108/><E108/><V96/><F96/><W5/><G24/><T103/><D103/><U135/><E135/><V98/><F98/><W14/><G5/><T8/><D107/><U112/><E112/><V84/><F84/><AGARI ba="1,2" hai="10,14,18,21,22,46,49,55,83,84,88" m="49193" machi="84" ten="30,3900,0" yaku="25,1,19,1,54,1" doraHai="64" who="3" fromWho="2" sc="270,0,240,0,230,-42,240,62" /><INIT seed="1,0,0,5,2,42" ten="270,240,188,302" oya="1" hai0="85,36,5,128,67,65,56,82,26,86,22,76,54" hai1="38,114,34,111,105,55,135,78,130,125,89,24,0" hai2="6,70,28,20,31,88,92,83,66,90,52,122,13" hai3="33,12,80,37,81,73,75,18,84,48,94,87,1"/><U79/><RYUUKYOKU type="yao9" ba="0,0" sc="270,0,240,0,188,0,302,0" hai1="0,24,34,38,55,78,79,89,105,111,114,125,130,135" /><INIT seed="1,1,0,3,0,63" ten="270,240,188,302" oya="1" hai0="115,121,119,1,116,80,42,120,11,7,62,49,60" hai1="30,112,135,128,16,43,79,72,5,102,21,83,84" hai2="25,70,41,92,24,127,118,132,13,129,61,57,28" hai3="29,133,96,58,75,108,123,52,18,109,44,69,82"/><U88/><E112/><V45/><F118/><W77/><G69/><T89/><D115/><U34/><E128/><V47/><F129/><W114/><G123/><N who="0" m="47179" /><D49/><U113/><E113/><V9/><F127/><W104/><G133/><T65/><D42/><U86/><E135/><V66/><F132/><W31/><G114/><T95/><D80/><U36/><E102/><V106/><F106/><W71/><G44/><T125/><D60/><U126/><E126/><V59/><F92/><W23/><G71/><N who="0" m="42423" /><D125/><U85/><E5/><V94/><F94/><W103/><G108/><T4/><D7/><U130/><E130/><V110/><F25/><W0/><G0/><T26/><D26/><U56/><E34/><V67/><F110/><W53/><G53/><T51/><D51/><U111/><E111/><V14/><F66/><W2/><G2/><T50/><D50/><U68/><E68/><V17/><F14/><W39/><G109/><T105/><D105/><U134/><E134/><V12/><F13/><W98/><G39/><T55/><D55/><U37/><E56/><V100/><F100/><N who="3" m="62471" /><G58/><T76/><D76/><N who="1" m="46183" /><E43/><V73/><F73/><W78/><G52/><T97/><AGARI ba="1,0" hai="1,4,11,89,95,97,116,119" m="42423,47179" machi="97" ten="30,2000,0" yaku="13,1,52,1" doraHai="63" who="0" fromWho="0" sc="270,23,240,-11,188,-6,302,-6" /><INIT seed="2,0,0,5,3,87" ten="293,229,182,296" oya="2" hai0="128,111,120,11,64,105,117,66,129,57,73,70,52" hai1="40,5,121,36,125,99,98,58,89,53,39,29,93" hai2="76,124,132,84,126,13,35,116,100,71,101,33,19" hai3="88,108,21,2,51,0,81,9,6,106,92,103,114"/><V72/><F116/><W133/><G108/><T74/><D111/><U8/><E125/><N who="2" m="48235" /><F72/><N who="0" m="27754" /><D120/><U61/><E121/><V43/><F71/><W28/><G133/><T90/><D70/><U27/><E40/><V59/><F132/><W134/><G81/><T60/><D105/><U38/><E99/><V50/><F76/><W47/><G103/><N who="2" m="39497" /><F84/><W48/><G106/><T30/><D30/><U16/><E16/><V62/><F50/><W118/><G51/><T69/><D69/><U56/><E56/><V91/><F43/><W14/><G118/><T41/><D41/><U79/><E79/><V54/><F91/><W107/><G107/><T10/><D117/><U102/><E102/><V4/><F4/><W78/><G78/><T86/><D10/><AGARI ba="0,0" hai="10,13,19,33,35,54,59,62" m="39497,48235" machi="10" ten="30,1500,0" yaku="18,1" doraHai="87" who="2" fromWho="0" sc="293,-15,229,0,182,15,296,0" /><INIT seed="2,1,0,0,0,81" ten="278,229,197,296" oya="2" hai0="109,55,41,94,66,63,125,75,108,120,119,14,135" hai1="9,47,27,17,77,19,127,57,33,126,22,107,78" hai2="99,59,103,76,8,83,129,24,97,5,128,23,67" hai3="15,92,115,95,35,44,16,62,68,28,72,65,69"/><V38/><F38/><W18/><G72/><T25/><D120/><U13/><E107/><V123/><F123/><W85/><G69/><T49/><D75/><U102/><E102/><V26/><F67/><W1/><G1/><T130/><D130/><N who="2" m="50282" /><F59/><W87/><G115/><T11/><D125/><N who="1" m="47627" /><E47/><V45/><F45/><W96/><G92/><T6/><D135/><U112/><E112/><V4/><F23/><W61/><G62/><T56/><D119/><U117/><E117/><V43/><F43/><W60/><G61/><T105/><D105/><U50/><E33/><V36/><F36/><W74/><G74/><T110/><D41/><U89/><E89/><V0/><F5/><W3/><G44/><T46/><D94/><U84/><E84/><N who="2" m="48231" /><F97/><W29/><G35/><T134/><D134/><U12/><E27/><AGARI ba="1,0" hai="6,11,14,25,27,46,49,55,56,63,66,108,109,110" machi="27" ten="40,1300,0" yaku="14,1" doraHai="81" who="0" fromWho="1" sc="278,16,229,-16,197,0,296,0" /><INIT seed="3,0,0,4,5,44" ten="294,213,197,296" oya="3" hai0="23,133,124,17,63,58,85,61,5,69,81,106,134" hai1="52,96,21,107,31,43,132,8,54,93,56,118,65" hai2="50,122,90,117,24,127,2,60,76,38,89,55,40" hai3="123,110,6,45,103,100,39,83,88,1,92,115,68"/><W71/><G115/><T48/><D124/><U16/><E107/><V37/><F117/><W126/><G123/><T34/><D34/><U114/><E114/><V28/><F2/><W74/><G126/><T7/><D106/><U18/><E118/><V135/><F127/><W73/><G73/><T64/><D48/><N who="1" m="30727" /><E132/><N who="0" m="50793" /><D61/><U105/><E105/><V79/><F135/><W11/><G103/><T104/><D69/><U35/><E35/><V75/><F122/><W13/><G100/><T20/><D104/><U59/><E43/><V111/><F111/><W47/><G13/><N who="0" m="9263" /><D23/><U109/><E65/><V22/><F75/><W70/><G110/><T131/><D131/><U99/><E109/><V57/><F38/><W129/><G129/><T87/><D87/><U102/><E99/><V10/><F37/><W67/><G67/><T94/><D94/><U32/><E32/><V82/><F10/><W29/><G39/><T15/><D15/><U113/><E8/><V62/><F62/><W66/><G66/><T125/><D125/><U53/><E113/><V91/><F82/><W116/><G116/><T78/><AGARI ba="0,0" hai="5,7,58,63,64,78,81,85" m="9263,50793" machi="78" ten="30,1100,0" yaku="20,1" doraHai="44" who="0" fromWho="0" sc="294,11,213,-3,197,-3,296,-5" owari="305,40.5,210,-19.0,194,-30.6,291,9.1" /></mjloggm>