<mjloggm ver="2.3"><GO type="225" lobby="0"/><UN n0="%E4%BE%BF%E6%89%80" n1="%72%69%6F%75%63%68%61%6E" n2="%38%63%E3%81%AF%E3%81%A3%E3%81%97%E3%83%BC" n3="%E3%81%A8%E3%82%93%E3%81%A8%E3%81%93%E3%81%A8%E3%82%93" dan="16,17,16,16" rate="2046.91,2270.26,2132.99,2087.46" sx="M,M,M,M"/><TAIKYOKU oya="0"/><INIT seed="0,0,0,5,4,5" ten="250,250,250,250" oya="0" hai0="41,116,62,59,113,124,71,70,130,46,38,72,76" hai1="106,125,120,98,128,91,121,108,3,48,132,92,9" hai2="22,110,102,28,80,133,30,112,94,97,0,18,88" hai3="66,27,2,1,20,17,131,42,69,118,19,100,58"/><T23/><D72/><U50/><E108/><V93/><F112/><W114/><G69/><T56/><D76/><U54/><E128/><V35/><F110/><W68/><G68/><N who="0" m="26155" /><D23/><U15/><E125/><V86/><F133/><W85/><G114/><T12/><D12/><U109/><E109/><V31/><F0/><W13/><G118/><T14/><D14/><U33/><E132/><V10/><F35/><W60/><G131/><T26/><D26/><U65/><E65/><V24/><F94/><W21/><G100/><T40/><D113/><U135/><E135/><V129/><F129/><W75/><G75/><T101/><D101/><U122/><E33/><V37/><F37/><W77/><REACH who="3" step="1"/><G42/><REACH who="3" ten="250,250,250,240" step="2"/><N who="0" m="22871" /><D116/><U83/><E122/><V79/><REACH who="2" step="1"/><F102/><REACH who="2" ten="250,250,240,240" step="2"/><W51/><G51/><T115/><D115/><U89/><E48/><V78/><F78/><W44/><G44/><T57/><D130/><U36/><E36/><V90/><F90/><W25/><G25/><T67/><D124/><U61/><E121/><V8/><AGARI ba="0,2" hai="8,10,18,22,24,28,30,31,79,80,86,88,93,97" machi="8" ten="30,12000,2" yaku="1,1,0,1,8,1,52,2,54,1,53,0" doraHai="5" doraHaiUra="117" who="2" fromWho="2" sc="250,-60,250,-30,240,140,240,-30" /><INIT seed="1,0,0,2,4,44" ten="190,220,380,210" oya="1" hai0="57,86,2,54,12,10,71,42,20,124,97,76,60" hai1="133,115,123,43,72,69,18,26,120,31,6,91,34" hai2="37,87,131,24,17,110,126,56,83,114,93,25,11" hai3="82,109,62,49,134,127,102,36,45,33,66,58,92"/><U80/><E133/><V3/><F110/><W108/><G33/><T15/><D124/><U106/><E115/><V53/><F37/><W19/><G134/><T85/><D71/><U96/><E69/><V28/><F126/><W70/><G127/><T22/><D2/><U16/><E6/><V100/><F114/><W121/><G121/><T4/><D42/><U84/><E72/><V104/><F104/><W41/><G82/><N who="0" m="47303" /><D97/><U95/><E106/><V94/><F131/><W105/><G105/><T51/><D86/><U46/><E123/><V65/><F65/><W129/><G129/><T14/><D60/><U99/><E120/><V8/><F3/><W1/><G1/><T13/><AGARI ba="0,0" hai="4,10,12,13,14,15,20,22,51,54,57" m="47303" machi="13" ten="30,2000,0" yaku="8,1,52,1" doraHai="44" who="0" fromWho="0" sc="190,20,220,-10,380,-5,210,-5" /><INIT seed="2,0,0,4,1,101" ten="210,210,375,205" oya="2" hai0="39,35,104,92,36,62,97,22,45,93,123,4,91" hai1="81,38,1,64,112,2,3,12,23,120,121,46,96" hai2="94,70,29,37,95,56,115,43,49,54,89,26,8" hai3="100,111,21,108,66,24,60,76,44,74,88,42,63"/><V85/><F115/><W68/><G100/><T87/><D123/><N who="1" m="47179" /><E112/><V6/><F70/><W83/><G60/><T117/><D35/><U106/><E64/><V67/><F67/><W77/><G76/><T69/><D117/><U7/><E81/><V5/><F37/><W118/><G118/><T116/><D116/><U105/><E96/><V31/><F43/><W17/><REACH who="3" step="1"/><G88/><REACH who="3" ten="210,210,375,195" step="2"/><T57/><D62/><U122/><N who="1" m="47187" /><U124/><DORA hai="110" /><E124/><V51/><F89/><W53/><G53/><T65/><D91/><U25/><E38/><AGARI ba="0,1" hai="17,21,24,38,42,44,63,66,68,74,77,83,108,111" machi="38" ten="40,1300,0" yaku="1,1,53,0" doraHai="101,110" doraHaiUra="98,80" who="3" fromWho="1" sc="210,0,210,-13,375,0,195,23" /><INIT seed="3,0,0,0,2,97" ten="210,197,375,218" oya="3" hai0="6,12,34,60,31,83,35,10,102,87,110,62,15" hai1="16,4,121,98,58,118,61,123,55,65,54,13,42" hai2="68,7,107,78,3,129,2,90,73,108,115,25,99" hai3="105,72,69,122,39,70,22,67,101,45,84,117,86"/><W130/><G117/><T82/><D110/><U40/><E118/><V19/><F68/><W53/><G122/><T95/><D35/><U104/><E4/><V0/><F115/><W38/><G72/><T14/><D34/><U112/><E112/><V29/><F19/><W47/><G22/><T24/><D24/><U33/><E33/><V92/><F108/><W30/><G30/><T134/><D31/><U88/><E123/><V17/><F17/><W59/><G105/><T120/><D134/><U75/><E75/><V44/><F44/><W119/><G119/><T111/><D111/><U48/><E121/><V77/><F7/><W28/><G28/><T132/><D132/><U18/><E18/><V114/><F114/><W124/><G124/><T56/><D120/><U127/><E127/><V63/><F63/><N who="0" m="24106" /><D56/><N who="1" m="32839" /><E104/><V103/><F129/><W41/><G130/><T43/><D43/><U51/><E98/><V76/><F73/><W26/><G26/><T49/><D49/><U116/><E116/><V91/><REACH who="2" step="1"/><F107/><REACH who="2" ten="210,197,365,218" step="2"/><W93/><G70/><T5/><D5/><U80/><E65/><V50/><F50/><N who="3" m="31159" /><G69/><T109/><D109/><U37/><E37/><V89/><F89/><W125/><G125/><T113/><D113/><U128/><E128/><V79/><F79/><W66/><G38/><T106/><D106/><U8/><E61/><V46/><F46/><W94/><G47/><T36/><D36/><U96/><E80/><N who="0" m="30761" /><D102/><U131/><E131/><V74/><F74/><W21/><G101/><T57/><D57/><U71/><E71/><V81/><F81/><W85/><G21/><AGARI ba="0,1" hai="0,2,3,21,25,29,76,77,78,90,91,92,99,103" machi="21" ten="50,12000,2" yaku="1,1,6,1,52,1,53,3" doraHai="97" doraHaiUra="32" who="2" fromWho="3" sc="210,0,197,0,365,130,218,-120" owari="210,1.0,197,-20.3,495,59.5,98,-40.2" /></mjloggm>