<mjloggm ver="2.3"><GO type="225" lobby="0"/><UN n0="%E3%83%81%E3%83%AF%E3%83%AF%E9%9A%8A%E9%95%B7" n1="%E3%81%BE%E3%81%8B%E3%81%B7%E3%82%93" n2="%E3%82%8C%E3%81%99%E3%81%93" n3="%E6%B4%BE%E9%81%A3%E3%81%AE%E3%82%B8%E3%83%A3%E3%83%83%E3%82%AF" dan="16,16,16,17" rate="2165.08,2089.84,2088.75,2246.56" sx="M,M,F,M"/><TAIKYOKU oya="0"/><INIT seed="0,0,0,0,2,64" ten="250,250,250,250" oya="0" hai0="61,82,8,63,92,71,56,10,51,127,33,12,102" hai1="84,5,36,118,113,77,67,101,74,134,48,13,23" hai2="132,95,41,133,52,119,35,130,104,120,31,28,122" hai3="121,50,17,78,62,112,32,97,49,9,135,98,30"/><T37/><D37/><U72/><E118/><V125/><F104/><W22/><G112/><T45/><D33/><U15/><E36/><V117/><F41/><W27/><G121/><N who="2" m="46697" /><F95/><W123/><G135/><N who="2" m="51785" /><F35/><W131/><G131/><T83/><D127/><U66/><E101/><V4/><F130/><W43/><G78/><T14/><D92/><U29/><E134/><V54/><F4/><W108/><G108/><T75/><D102/><U86/><E5/><V25/><F25/><W73/><G73/><T116/><D75/><U111/><E74/><V11/><F11/><W85/><G123/><T124/><D124/><U106/><E72/><V107/><F107/><W34/><G85/><T70/><D116/><N who="2" m="44618" /><F125/><W128/><G128/><T19/><D8/><U99/><E86/><V89/><F89/><W91/><G9/><T87/><D87/><U40/><E84/><V110/><F110/><W103/><G34/><T44/><D10/><U16/><E111/><V93/><F93/><N who="3" m="58831" /><G43/><T55/><D83/><U90/><E40/><V20/><F20/><W105/><G105/><T53/><D82/><U18/><E106/><V47/><F47/><W57/><G32/><T21/><D21/><U114/><E23/><V38/><F38/><W42/><G42/><T2/><D45/><U6/><E6/><V126/><F126/><W100/><G100/><T76/><D44/><U80/><E90/><V24/><F24/><W7/><G7/><T60/><D76/><U0/><E77/><V96/><F96/><W115/><G97/><T94/><D94/><U46/><E99/><V65/><F65/><RYUUKYOKU ba="0,0" sc="250,-10,250,-10,250,30,250,-10" hai2="28,31,52,54" /><INIT seed="1,1,0,2,0,110" ten="240,240,280,240" oya="1" hai0="54,90,73,122,105,37,4,76,3,134,130,95,52" hai1="89,31,77,124,20,115,111,123,132,17,16,75,103" hai2="106,45,104,29,113,40,24,41,14,42,79,32,94" hai3="47,66,81,65,70,13,108,22,112,12,18,135,92"/><U10/><E123/><V117/><F117/><W86/><G108/><T67/><D105/><U128/><E111/><V109/><F109/><W72/><G72/><T127/><D37/><U91/><E103/><V114/><F45/><W107/><G107/><T93/><D122/><U99/><E99/><V85/><F14/><W48/><G135/><T7/><D134/><U100/><E100/><V83/><F94/><W15/><G92/><T131/><D127/><U126/><E132/><V26/><F26/><N who="3" m="14679" /><G112/><AGARI ba="1,0" hai="24,29,32,40,41,42,79,83,85,104,106,112,113,114" machi="112" ten="40,8000,1" yaku="11,1,52,3" doraHai="110" who="2" fromWho="3" sc="240,0,240,0,280,83,240,-83" /><INIT seed="2,0,0,2,3,118" ten="240,240,363,157" oya="2" hai0="6,105,37,12,60,44,124,9,45,15,78,116,98" hai1="21,67,103,108,72,70,53,30,61,56,87,24,20" hai2="39,55,104,111,31,19,119,101,135,132,97,40,74" hai3="114,14,83,26,5,2,36,80,52,93,117,82,133"/><V85/><F119/><W17/><G117/><T33/><D116/><U109/><E72/><V96/><F74/><W54/><G36/><T129/><D33/><U58/><E103/><V34/><F111/><N who="1" m="42569" /><E87/><V92/><F85/><W121/><G133/><T7/><D124/><U25/><E53/><V63/><F19/><AGARI ba="0,0" hai="19,20,21,24,25,30,56,58,61,67,70" m="42569" machi="19" ten="30,1000,0" yaku="14,1" doraHai="118" who="1" fromWho="2" sc="240,0,240,10,363,-10,157,0" /><INIT seed="3,0,0,0,1,101" ten="240,250,353,157" oya="3" hai0="135,64,0,134,105,61,129,6,18,52,48,42,34" hai1="73,95,3,111,108,40,110,128,85,91,55,20,74" hai2="84,119,31,26,82,12,63,75,33,78,83,98,28" hai3="99,120,72,103,37,65,133,51,86,56,81,16,96"/><W132/><G37/><T50/><D34/><U39/><E128/><V60/><F119/><W22/><G72/><T2/><D129/><U112/><E112/><V89/><F31/><W58/><G120/><T27/><D105/><U130/><E130/><V97/><F12/><W21/><G21/><N who="0" m="13751" /><D42/><U79/><E3/><V62/><AGARI ba="0,0" hai="26,28,33,60,62,63,75,78,82,83,84,89,97,98" machi="62" ten="30,1100,0" yaku="0,1" doraHai="101" who="2" fromWho="2" sc="240,-3,250,-3,353,11,157,-5" owari="237,-16.3,247,4.7,364,46.4,152,-34.8" /></mjloggm>