<mjloggm ver="2.3"><GO type="225" lobby="0"/><UN n0="%E3%81%AF%E3%82%88%E3%81%8A%E3%81%98%E3%81%95%E3%82%93" n1="%E3%81%8B%E3%82%8F%E3%81%A1%E3%82%83%E3%82%93%35%38" n2="%E3%81%9F%E3%81%93%E2%98%86%E7%84%BC%E3%81%8D" n3="%6D%75%75%6D%75%72%61" dan="16,16,16,16" rate="2100.90,2131.57,2063.27,2157.82" sx="M,M,M,F"/><TAIKYOKU oya="0"/><INIT seed="0,0,0,1,5,62" ten="250,250,250,250" oya="0" hai0="120,96,85,1,112,109,133,116,126,38,29,13,87" hai1="67,123,0,11,50,115,34,42,113,89,27,47,31" hai2="44,106,20,101,36,9,125,6,74,37,65,51,70" hai3="91,48,130,128,78,79,59,134,33,88,119,124,52"/><T49/><D38/><U15/><E123/><V60/><F74/><W39/><G119/><T14/><D1/><U121/><E121/><V117/><F125/><W102/><G124/><T53/><D120/><U5/><E89/><N who="3" m="34378" /><G39/><T104/><D116/><U80/><E0/><V107/><F20/><W71/><G134/><T46/><D112/><U25/><E25/><V127/><F127/><W118/><G118/><T2/><D2/><U63/><REACH who="1" step="1"/><E80/><REACH who="1" ten="250,240,250,250" step="2"/><V131/><F117/><W100/><G130/><T66/><D126/><U64/><E64/><V30/><F131/><W110/><G128/><T77/><D133/><U32/><E32/><V90/><F65/><W19/><G33/><T17/><D66/><U97/><E97/><V26/><F26/><W69/><G78/><T99/><D77/><U83/><E83/><V81/><F90/><W114/><G79/><T43/><D99/><U4/><E4/><V21/><F6/><W68/><G114/><T10/><D13/><U93/><E93/><V84/><F81/><W22/><G102/><T86/><D29/><U61/><E61/><V73/><F101/><W28/><G100/><T40/><D96/><U75/><E75/><V82/><F30/><W95/><G28/><T58/><D104/><U103/><E103/><V3/><F73/><W45/><G95/><T16/><D17/><U98/><E98/><V23/><F107/><W72/><G72/><T108/><D58/><AGARI ba="0,1" hai="5,11,15,27,31,34,42,47,50,58,63,67,113,115" machi="58" ten="40,2600,0" yaku="1,1,52,1,53,0" doraHai="62" doraHaiUra="76" who="1" fromWho="0" sc="250,-26,240,36,250,0,250,0" /><INIT seed="1,0,0,1,4,64" ten="224,276,250,250" oya="1" hai0="4,124,0,52,113,16,116,12,130,29,65,119,43" hai1="79,105,126,57,100,133,98,106,110,26,90,51,81" hai2="67,36,59,7,46,50,41,1,96,54,120,95,132" hai3="115,69,61,33,31,92,35,62,10,39,53,77,121"/><U18/><E126/><V84/><F132/><W89/><G121/><T47/><D113/><U25/><E133/><V56/><F84/><W24/><G115/><T13/><D0/><U122/><E122/><V129/><F129/><W99/><G39/><T27/><D65/><U103/><E110/><V134/><F7/><W85/><G35/><T101/><D130/><U80/><E51/><V8/><F8/><W135/><G135/><T73/><D73/><N who="1" m="43119" /><E57/><V107/><F1/><W83/><G10/><T2/><D124/><U23/><E18/><V22/><F22/><W87/><G69/><T108/><D108/><U63/><E63/><V78/><F56/><W94/><REACH who="3" step="1"/><G53/><REACH who="3" ten="224,276,250,240" step="2"/><T34/><D52/><U75/><E23/><V55/><F54/><W60/><G60/><T45/><D43/><U114/><E114/><V71/><F134/><W109/><G109/><T70/><D70/><U14/><E106/><V102/><F120/><W9/><G9/><N who="0" m="4135" /><D2/><U15/><E105/><V20/><F107/><W131/><G131/><T104/><D119/><U6/><E6/><V68/><F20/><W93/><G93/><T5/><D5/><U88/><E81/><V112/><F112/><W44/><G44/><T3/><D116/><U86/><E75/><V125/><F71/><W117/><G117/><T127/><D3/><U11/><E11/><V17/><F125/><W72/><G72/><T58/><D127/><U30/><E26/><V91/><F55/><W32/><G32/><T97/><D58/><U28/><E25/><V49/><F59/><W118/><G118/><T48/><D48/><RYUUKYOKU ba="0,1" sc="224,15,276,-15,250,-15,240,15" hai0="13,16,27,29,34,45,47,97,101,104" hai3="24,31,33,61,62,77,83,85,87,89,92,94,99" /><INIT seed="2,1,1,0,1,108" ten="239,261,235,255" oya="2" hai0="127,90,1,14,131,76,48,107,123,23,17,100,112" hai1="31,97,69,8,21,75,55,115,57,56,125,68,65" hai2="81,130,114,46,28,45,113,83,58,43,109,50,78" hai3="52,18,40,105,74,38,11,54,63,53,20,98,101"/><V39/><F109/><W61/><G74/><T10/><D112/><U15/><E75/><V126/><F130/><W22/><G22/><T80/><D123/><U3/><E3/><V33/><F126/><W59/><G11/><T86/><D127/><U16/><E125/><V2/><F2/><W77/><G77/><T116/><D131/><U104/><E115/><V49/><F81/><W27/><REACH who="3" step="1"/><G59/><REACH who="3" ten="239,261,235,245" step="2"/><T0/><D23/><U92/><E57/><V26/><F58/><W134/><G134/><T30/><D10/><U84/><E56/><V6/><F6/><W103/><G103/><T106/><D100/><U7/><E8/><V94/><F78/><W91/><G91/><T25/><D90/><U71/><E7/><V88/><F83/><W64/><G64/><T47/><D76/><U111/><E65/><V124/><F124/><W37/><G37/><T79/><D79/><U95/><E111/><V129/><F129/><W132/><G132/><T44/><D80/><U102/><E69/><V35/><F35/><W70/><G70/><T121/><D121/><U110/><E71/><V122/><F122/><W82/><G82/><T117/><D117/><U9/><E68/><V135/><F135/><W93/><G93/><T62/><D116/><U128/><E128/><V118/><F118/><W96/><G96/><T41/><D107/><U67/><E67/><V13/><F39/><W5/><G5/><T99/><D99/><N who="1" m="59751" /><E110/><V133/><F133/><W73/><G73/><T119/><D106/><U72/><E72/><V4/><F4/><W87/><G87/><T89/><D86/><RYUUKYOKU ba="1,2" sc="239,-10,261,-10,235,-10,245,30" hai3="18,20,27,38,40,52,53,54,61,63,98,101,105" /><INIT seed="3,2,2,1,5,126" ten="229,251,225,275" oya="3" hai0="114,102,58,23,53,93,105,121,5,0,57,87,97" hai1="6,25,17,107,43,106,103,104,30,37,24,61,99" hai2="10,108,109,77,32,134,9,45,15,101,13,68,35" hai3="59,96,67,76,63,52,125,60,119,22,34,31,83"/><W18/><G119/><T4/><D121/><U111/><E17/><N who="2" m="8367" /><F68/><W14/><G125/><T117/><D117/><U50/><E50/><V131/><F77/><W51/><G34/><N who="2" m="12841" /><F101/><W112/><G112/><T118/><D0/><U80/><E6/><N who="0" m="2665" /><D105/><U36/><E43/><V19/><F45/><W12/><G96/><T3/><D3/><U40/><E40/><V113/><F113/><W100/><G100/><T42/><D118/><U73/><E106/><V11/><F134/><W54/><G31/><T110/><D114/><U41/><E41/><V74/><F74/><W91/><G91/><T47/><D110/><N who="2" m="42602" /><F131/><W120/><G120/><T46/><D42/><U78/><E111/><V8/><AGARI ba="2,2" hai="8,10,11,15,19" m="42602,12841,8367" machi="8" ten="40,5200,0" yaku="14,1,34,2" doraHai="126" who="2" fromWho="2" sc="229,-15,251,-15,225,78,275,-28" owari="214,-28.6,236,-16.4,303,40.3,247,4.7" /></mjloggm>