<mjloggm ver="2.3"><GO type="225" lobby="0"/><UN n0="%E3%81%B5%E3%81%98%E3%81%8B%E3%81%A4" n1="%E9%B3%B3%E6%9D%B1%E3%81%AE%E3%81%BF%E3%81%91%E3%81%AB%E3%82%83%E3%82%93" n2="%48%61%61%61%6C%61%6E%64" n3="%6D%61%74%69%67%75%73%61" dan="16,17,18,17" rate="2181.52,2162.43,2284.93,2196.26" sx="M,F,M,M"/><TAIKYOKU oya="0"/><INIT seed="0,0,0,3,3,96" ten="250,250,250,250" oya="0" hai0="31,116,62,50,71,39,49,61,75,40,63,57,106" hai1="97,34,109,119,19,135,134,82,52,22,45,55,100" hai2="132,69,29,98,25,6,27,10,60,42,87,59,20" hai3="64,117,103,3,118,108,47,9,80,4,41,114,33"/><T76/><D116/><U90/><E34/><V56/><F132/><N who="1" m="50729" /><E45/><V21/><F42/><W66/><G114/><T5/><D5/><U35/><E35/><V129/><F129/><W131/><G33/><T122/><D31/><U120/><E120/><V91/><F98/><W94/><G108/><T37/><D106/><N who="1" m="63759" /><E109/><V133/><F133/><W15/><G131/><T44/><D76/><U84/><E119/><V18/><F69/><W93/><G118/><T7/><D7/><U23/><E23/><V110/><F110/><W124/><G117/><T81/><D81/><U16/><E19/><V14/><REACH who="2" step="1"/><F60/><REACH who="2" ten="250,250,240,250" step="2"/><N who="0" m="23146" /><D75/><U32/><E32/><V77/><F77/><W105/><G41/><T85/><D122/><U48/><E48/><V46/><F46/><W53/><G47/><N who="0" m="25959" /><D71/><U11/><E11/><V70/><F70/><W115/><G9/><T8/><D85/><U26/><AGARI ba="0,1" hai="16,22,26,52,55,82,84,90" m="63759,50729" machi="26" ten="30,7900,0" yaku="20,1,52,1,54,2" doraHai="96" who="1" fromWho="1" sc="250,-39,250,89,240,-20,250,-20" /><INIT seed="1,0,0,0,0,17" ten="211,339,220,230" oya="1" hai0="29,19,131,100,73,0,114,46,101,35,123,7,13" hai1="133,45,41,95,125,34,16,54,92,134,3,42,30" hai2="77,31,26,12,21,49,24,106,22,127,108,64,37" hai3="97,126,111,99,57,6,87,69,63,83,66,110,94"/><U51/><E3/><V81/><F37/><W61/><G6/><T124/><D114/><U76/><E76/><V52/><F106/><W85/><G126/><T75/><D124/><U5/><E5/><V105/><F105/><W103/><G99/><T68/><D68/><U32/><E125/><V90/><F127/><W70/><G85/><T117/><D117/><U43/><E30/><V62/><F12/><W15/><G15/><T48/><D131/><U10/><E10/><V60/><F90/><W8/><G8/><N who="0" m="2151" /><D100/><U132/><REACH who="1" step="1"/><E16/><REACH who="1" ten="211,329,220,230" step="2"/><N who="2" m="12327" /><F108/><W27/><G110/><T119/><D119/><U72/><E72/><V2/><F2/><W88/><G111/><T59/><D75/><U115/><E115/><V109/><F109/><W1/><G1/><T82/><D73/><U33/><AGARI ba="0,1" hai="32,33,34,41,42,43,45,51,54,92,95,132,133,134" machi="33" ten="50,12000,1" yaku="1,1,0,1,29,2,20,1,53,0" doraHai="17" doraHaiUra="96" who="1" fromWho="1" sc="211,-40,329,130,220,-40,230,-40" /><INIT seed="1,1,0,1,3,1" ten="171,459,180,190" oya="1" hai0="2,49,70,89,66,96,117,44,90,91,67,12,8" hai1="39,31,135,79,77,55,101,51,118,64,97,94,58" hai2="45,18,78,93,108,25,88,87,103,123,131,111,73" hai3="74,16,48,72,32,50,69,41,61,128,63,3,71"/><U68/><E118/><V23/><F123/><W81/><G3/><T37/><D2/><U86/><E39/><V53/><F131/><W75/><G32/><T95/><D37/><U27/><E135/><V40/><F53/><W85/><G128/><T121/><D70/><U10/><E86/><V80/><REACH who="2" step="1"/><F103/><REACH who="2" ten="171,459,170,190" step="2"/><W19/><G41/><N who="0" m="24719" /><D121/><U20/><E101/><V56/><F56/><W83/><G72/><T7/><D117/><U92/><E58/><V99/><F99/><W115/><REACH who="3" step="1"/><G85/><REACH who="3" ten="171,459,170,180" step="2"/><T113/><D113/><AGARI ba="1,2" hai="16,19,48,50,61,63,69,71,74,75,81,83,113,115" machi="113" ten="25,12000,2" yaku="1,1,2,1,22,2,54,1,53,2" doraHai="1" doraHaiUra="105" who="3" fromWho="0" sc="171,-123,459,0,170,0,180,143" /><INIT seed="2,0,0,2,4,0" ten="48,459,170,323" oya="2" hai0="45,91,8,71,7,37,112,110,32,11,4,135,123" hai1="50,36,117,10,21,57,108,103,5,49,111,94,47" hai2="15,48,72,56,79,27,85,23,58,66,134,116,87" hai3="101,93,126,129,33,81,62,106,60,99,127,54,64"/><V98/><F116/><W113/><G33/><T88/><D71/><U68/><E68/><V73/><F134/><W102/><G129/><T25/><D112/><U89/><E103/><V76/><F98/><W118/><G118/><T119/><D119/><U131/><E131/><V53/><F15/><W24/><G113/><T52/><D135/><U122/><E117/><V95/><F72/><W69/><G24/><T130/><D130/><U67/><E21/><V1/><F1/><W124/><G81/><T96/><D123/><U121/><E36/><V35/><F35/><W31/><G31/><T65/><D32/><U82/><E82/><V75/><F75/><W44/><G62/><T20/><D37/><U61/><E121/><V9/><F9/><N who="0" m="3658" /><D110/><N who="1" m="42027" /><E47/><V107/><F107/><W39/><G39/><T18/><D65/><U109/><E122/><V3/><F3/><W104/><G102/><T40/><D40/><U34/><E34/><V26/><F73/><W74/><G74/><T6/><D96/><N who="1" m="57423" /><E109/><V100/><F66/><W77/><G77/><T17/><D17/><U13/><AGARI ba="0,0" hai="5,10,13,49,50,57,61,67" m="57423,42027" machi="13" ten="30,2000,0" yaku="14,1,52,1" doraHai="0" who="1" fromWho="1" sc="48,-5,459,20,170,-10,323,-5" /><INIT seed="3,0,0,4,1,19" ten="43,479,160,318" oya="3" hai0="46,75,96,111,104,118,45,131,92,76,24,133,135" hai1="67,130,25,65,1,129,119,31,102,56,63,105,55" hai2="51,61,0,123,12,103,91,113,109,90,70,101,11" hai3="48,68,88,27,7,53,126,60,4,94,71,49,21"/><W132/><G132/><T30/><D118/><U69/><E1/><V9/><F113/><W77/><G77/><T78/><D111/><U2/><E2/><V134/><F109/><W117/><G126/><T52/><D104/><U39/><E39/><V58/><F134/><W10/><G117/><T29/><D75/><U115/><E115/><V99/><F123/><W18/><G68/><T93/><D131/><N who="1" m="50187" /><E119/><V43/><F70/><W57/><G71/><T125/><D125/><U34/><E69/><V86/><F0/><W47/><G10/><T108/><D108/><U107/><E102/><V106/><F103/><W66/><REACH who="3" step="1"/><G49/><REACH who="3" ten="43,479,160,308" step="2"/><T23/><D96/><AGARI ba="0,1" hai="4,7,18,21,27,47,48,53,57,60,66,88,94,96" machi="96" ten="30,18000,2" yaku="1,1,2,1,7,1,8,1,52,1,54,1,53,0" doraHai="19" doraHaiUra="5" who="3" fromWho="0" sc="43,-180,479,0,160,0,308,190" owari="-137,-63.7,479,27.9,160,-24.0,498,59.8" /></mjloggm>