<mjloggm ver="2.3"><GO type="225" lobby="0"/><UN n0="%E6%9D%B1%E9%A2%A8%E3%81%AE%E3%81%8D%E3%82%83%E3%81%B7%E3%81%95%E3%82%93" n1="%E6%B4%BE%E9%81%A3%E3%81%AE%E3%82%B8%E3%83%A3%E3%83%83%E3%82%AF" n2="%E4%BF%BA%E3%81%A8%E5%A6%96%E5%A4%A2" n3="%E3%83%81%E3%83%AF%E3%83%AF%E9%9A%8A%E9%95%B7" dan="17,17,17,17" rate="2203.72,2225.53,2209.60,2213.45" sx="M,M,F,M"/><TAIKYOKU oya="0"/><INIT seed="0,0,0,0,0,52" ten="250,250,250,250" oya="0" hai0="4,134,9,97,47,86,132,99,96,68,23,25,65" hai1="18,83,101,125,56,74,109,82,78,7,79,87,107" hai2="36,42,70,111,13,80,37,112,85,19,115,32,41" hai3="75,118,22,20,129,38,81,3,44,39,57,106,72"/><T98/><N who="0" m="24576" /><DORA hai="30" /><T0/><D47/><U59/><E107/><V33/><F70/><W35/><G118/><T46/><D46/><U27/><E101/><V130/><F13/><W55/><G106/><T40/><D40/><N who="2" m="15466" /><F19/><W29/><G3/><T121/><D86/><U66/><E109/><V89/><F89/><W69/><G69/><T110/><D121/><U116/><E116/><V100/><F100/><W120/><G120/><T60/><REACH who="0" step="1"/><D110/><REACH who="0" ten="240,250,250,250" step="2"/><U17/><E125/><V6/><F111/><W34/><G44/><T124/><D124/><U135/><E135/><V117/><F117/><W123/><G123/><T104/><D104/><U133/><E133/><V61/><F85/><W128/><G75/><T5/><D5/><U58/><E7/><V43/><F6/><W102/><G72/><T10/><D10/><U73/><E87/><V45/><F45/><W77/><G102/><T119/><D119/><U90/><E90/><V113/><F43/><W63/><G39/><N who="2" m="14921" /><F130/><W54/><G38/><T67/><D67/><U131/><E131/><V53/><F53/><W108/><G55/><T28/><AGARI ba="0,1" hai="0,4,9,23,25,28,60,65,68,132,134" m="24576" machi="28" ten="40,3900,0" yaku="1,1,0,1,53,0" doraHai="52,30" doraHaiUra="14,114" who="0" fromWho="0" sc="240,49,250,-13,250,-13,250,-13" /><INIT seed="0,1,0,1,4,51" ten="289,237,237,237" oya="0" hai0="114,29,22,9,30,3,62,19,115,59,123,20,74" hai1="73,14,104,124,79,37,130,128,81,125,120,96,88" hai2="54,43,46,42,122,87,45,47,33,116,86,55,70" hai3="91,44,92,18,65,26,131,99,76,58,98,25,69"/><T34/><D74/><U57/><E37/><V23/><F33/><W41/><G69/><T13/><D123/><U68/><E68/><V49/><F122/><W132/><G131/><N who="1" m="50218" /><E14/><V60/><F116/><W72/><G132/><T17/><D59/><U12/><E12/><V61/><F23/><W16/><G72/><T121/><D62/><N who="2" m="24170" /><F70/><W71/><G71/><T6/><D121/><U0/><E0/><V21/><F21/><W94/><G76/><T27/><D29/><U106/><E57/><N who="2" m="32975" /><F87/><W117/><G117/><T31/><D31/><U134/><E134/><V28/><F86/><W38/><G65/><T82/><D82/><U10/><E10/><V112/><F28/><W52/><G25/><AGARI ba="1,0" hai="3,6,9,13,17,19,20,22,25,27,30,34,114,115" machi="25" ten="30,18000,2" yaku="7,1,24,2,34,3" doraHai="51" who="0" fromWho="3" sc="289,183,237,0,237,0,237,-183" /><INIT seed="0,2,0,2,3,42" ten="472,237,237,54" oya="0" hai0="29,89,85,21,84,36,52,63,10,102,96,104,41" hai1="75,117,123,55,126,98,9,73,134,27,77,132,114" hai2="110,118,94,35,129,30,61,78,119,79,24,90,116" hai3="72,107,46,2,106,19,86,130,68,53,69,81,40"/><T1/><D36/><U23/><E117/><V7/><F110/><W6/><G130/><T49/><D41/><U76/><E123/><V51/><F129/><W97/><G53/><T65/><D89/><U45/><E9/><V62/><F7/><W87/><G87/><T54/><D54/><U125/><E98/><N who="2" m="57687" /><F51/><W100/><G72/><N who="1" m="27722" /><E114/><V101/><F101/><W5/><G107/><T122/><D122/><U48/><E76/><AGARI ba="2,0" hai="24,30,35,61,62,76,78,79,116,118,119" m="57687" machi="76" ten="30,1000,0" yaku="12,1" doraHai="42" who="2" fromWho="1" sc="472,0,237,-16,237,16,54,0" /><INIT seed="1,0,0,1,4,12" ten="472,221,253,54" oya="1" hai0="91,17,101,89,127,78,39,92,61,53,14,118,74" hai1="22,110,70,119,125,34,50,36,94,41,66,32,24" hai2="68,5,7,108,9,11,47,20,37,88,77,100,134" hai3="82,83,42,16,121,0,35,58,131,63,105,19,115"/><U120/><E119/><V73/><F68/><W112/><G121/><T129/><D39/><U106/><E106/><V67/><F67/><W46/><G35/><T117/><D127/><U51/><E120/><V72/><F108/><W26/><G0/><T52/><D129/><U40/><E125/><V57/><F100/><W54/><G105/><T43/><D43/><U60/><E110/><V123/><F123/><W6/><G131/><T85/><D101/><U84/><E36/><V97/><F57/><W56/><G6/><T130/><D130/><U44/><E94/><V80/><F72/><W55/><G26/><T18/><D74/><U3/><E84/><V90/><F97/><W128/><G128/><T29/><D29/><U27/><E3/><N who="2" m="191" /><F20/><W69/><G69/><T25/><D78/><U107/><E107/><V28/><F28/><W102/><G102/><T75/><D75/><U81/><E81/><N who="3" m="30730" /><G115/><T98/><D118/><U10/><E10/><V113/><F113/><W111/><G112/><T59/><D117/><U109/><E109/><V48/><F134/><W30/><G30/><T114/><D114/><U96/><E96/><V4/><F48/><N who="3" m="26711" /><G111/><T132/><D132/><U133/><E133/><V95/><F95/><W116/><G116/><T1/><D1/><U86/><E86/><V104/><F104/><W99/><G99/><T122/><D98/><U15/><E34/><V33/><F33/><W21/><G21/><T64/><D85/><U126/><E32/><V135/><F135/><W45/><G45/><T23/><D122/><U71/><E126/><V8/><F4/><RYUUKYOKU ba="0,0" sc="472,-10,221,-10,253,-10,54,30" hai3="16,19,54,55,56,58,63" /><INIT seed="2,1,0,2,5,91" ten="462,211,243,84" oya="2" hai0="92,120,63,61,62,94,30,2,66,106,0,84,28" hai1="126,37,103,121,35,50,32,113,83,93,104,133,25" hai2="100,134,124,79,41,81,56,10,13,107,51,64,114" hai3="44,87,16,102,78,8,17,15,86,131,19,5,27"/><V95/><F114/><W70/><G70/><T76/><D106/><U68/><E113/><V129/><F107/><W29/><G131/><T89/><D120/><U52/><E37/><V45/><F129/><W47/><G102/><T57/><D76/><U67/><E104/><V125/><F134/><W98/><G98/><T110/><D110/><U117/><E117/><V135/><F135/><W48/><G78/><T22/><D2/><U75/><E133/><V18/><F64/><W33/><REACH who="3" step="1"/><G44/><REACH who="3" ten="462,211,243,74" step="2"/><T24/><D0/><U43/><E103/><V12/><F100/><W31/><G31/><T54/><D30/><U123/><E123/><V40/><F45/><W85/><G85/><T111/><D111/><U23/><E121/><V118/><F79/><W119/><G119/><T109/><D109/><U36/><E75/><V132/><F118/><W42/><AGARI ba="1,1" hai="5,8,15,16,17,19,27,29,33,42,47,48,86,87" machi="42" ten="30,12000,2" yaku="1,1,0,1,54,1,53,3" doraHai="91" doraHaiUra="14" who="3" fromWho="3" sc="462,-31,211,-31,243,-61,74,133" /><INIT seed="3,0,0,0,4,47" ten="431,180,182,207" oya="3" hai0="49,4,56,22,40,54,108,50,86,6,95,15,61" hai1="135,12,60,113,34,64,3,55,106,78,96,87,77" hai2="116,103,121,89,42,9,88,125,99,85,27,94,129" hai3="72,112,104,71,84,2,93,39,69,53,10,19,43"/><W1/><G104/><T18/><D108/><U90/><E113/><V46/><F116/><W83/><G112/><T32/><D32/><U0/><E34/><V70/><F70/><W80/><G72/><T119/><D119/><U127/><E127/><V31/><F125/><W63/><G93/><T118/><D118/><U30/><E135/><V37/><F129/><W123/><G123/><T91/><D61/><U111/><E111/><V107/><F121/><W29/><G29/><T126/><D126/><U26/><E12/><V16/><F9/><W33/><G33/><T68/><D68/><N who="1" m="41991" /><E55/><V101/><F16/><W36/><G19/><T73/><D73/><U52/><E52/><V122/><F122/><W100/><G69/><T76/><D76/><N who="1" m="29291" /><E87/><V128/><F128/><W38/><G84/><T62/><D62/><U35/><E90/><V28/><F27/><W132/><G132/><T114/><D114/><U124/><E124/><V120/><F120/><W59/><G71/><T23/><D23/><U13/><E13/><V11/><F11/><W67/><G10/><T66/><D66/><U131/><E131/><V98/><F89/><W81/><G67/><T109/><D109/><U14/><E14/><V21/><F21/><W58/><G100/><AGARI ba="0,0" hai="0,3,26,30,35,96,100,106" m="29291,41991" machi="100" ten="30,1000,0" yaku="25,1" doraHai="47" who="1" fromWho="3" sc="431,0,180,10,182,0,207,-10" owari="431,53.1,190,-21.0,182,-31.8,197,-0.3" /></mjloggm>