<mjloggm ver="2.3"><GO type="225" lobby="0"/><UN n0="%E7%B4%94%E6%BD%94%E3%83%94%E3%83%A9%E3%83%8B%E3%82%A2" n1="%E5%8F%AF%E5%85%90%E9%82%A3%E7%94%B1%E5%A4%9A" n2="%E3%82%B2%E3%82%B9%E8%8C%82%E5%8B%9D" n3="%E3%81%B5%E3%81%98%E3%81%8B%E3%81%A4" dan="16,17,16,16" rate="2081.54,2154.96,2099.60,2207.61" sx="M,F,F,M"/><TAIKYOKU oya="0"/><INIT seed="0,0,0,4,3,56" ten="250,250,250,250" oya="0" hai0="59,40,26,54,131,57,46,15,119,10,1,19,21" hai1="115,67,8,77,125,58,4,27,62,110,52,96,81" hai2="79,97,11,130,116,35,45,88,42,33,92,36,51" hai3="78,102,132,101,32,107,118,83,55,85,84,71,86"/><T30/><D119/><U121/><E121/><V12/><F130/><W47/><G71/><T73/><D131/><U133/><E110/><V109/><F109/><W126/><G32/><T43/><D73/><U65/><E133/><V38/><F116/><W48/><G118/><T31/><D57/><U9/><E125/><V135/><F135/><W106/><G132/><T2/><D31/><U64/><E115/><V90/><F79/><W91/><G126/><T5/><D46/><U53/><E27/><V3/><F3/><W0/><G0/><T124/><D2/><U69/><E96/><V108/><F108/><W29/><G29/><T120/><D120/><U99/><E99/><V72/><F72/><W111/><G111/><T16/><D124/><U122/><E122/><V49/><F36/><W68/><G68/><T18/><REACH who="0" step="1"/><D1/><REACH who="0" ten="240,250,250,250" step="2"/><U105/><E69/><V128/><F128/><W100/><REACH who="3" step="1"/><G91/><REACH who="3" ten="240,250,250,240" step="2"/><T23/><D23/><U87/><E9/><V34/><REACH who="2" step="1"/><F90/><REACH who="2" ten="240,250,240,240" step="2"/><W61/><G61/><AGARI ba="0,3" hai="5,10,15,16,18,19,21,26,30,40,43,54,59,61" machi="61" ten="40,12000,1" yaku="1,1,8,1,52,1,54,1,53,1" doraHai="56" doraHaiUra="22" who="0" fromWho="3" sc="240,150,250,0,240,0,240,-120" /><INIT seed="0,1,0,4,0,6" ten="390,250,240,120" oya="0" hai0="2,51,98,115,106,64,31,8,85,92,108,3,44" hai1="61,116,10,26,19,99,20,76,133,83,53,63,73" hai2="16,93,23,123,29,134,54,125,59,122,120,15,57" hai3="7,127,39,4,105,86,101,66,41,135,110,112,104"/><T43/><D115/><U38/><E116/><V34/><F134/><W36/><G112/><T1/><D31/><U79/><E38/><V55/><F125/><W18/><G127/><T13/><D64/><U97/><E133/><V113/><F113/><W47/><G135/><T48/><D108/><U22/><E76/><V88/><F29/><W89/><G110/><T111/><D111/><U28/><E10/><V71/><F71/><W128/><G128/><T72/><D72/><U46/><E63/><V80/><F80/><W9/><G66/><T102/><D85/><U96/><E61/><V129/><F129/><W32/><G32/><T25/><D25/><U87/><E73/><V37/><F37/><W33/><G33/><T68/><D68/><U82/><E82/><V109/><F109/><W40/><G101/><T58/><D58/><U11/><E11/><V124/><F34/><W70/><G70/><T131/><D131/><U65/><E65/><V91/><F124/><W132/><G132/><T77/><D77/><U103/><E103/><V21/><F21/><W30/><G30/><T45/><D106/><U118/><E118/><V121/><N who="2" m="30720" /><DORA hai="49" /><V117/><F117/><W75/><G75/><T5/><D1/><U62/><E22/><V67/><F67/><W130/><G130/><T84/><D84/><U95/><E28/><V94/><F93/><N who="3" m="54455" /><G18/><T90/><D102/><U60/><E95/><V74/><F74/><W17/><G17/><T0/><D0/><U12/><E26/><V114/><F114/><W78/><G78/><T100/><D100/><U24/><E24/><RYUUKYOKU ba="1,0" sc="390,15,250,15,240,-15,120,-15" hai0="2,3,5,8,13,43,44,45,48,51,90,92,98" hai1="12,19,20,46,53,60,62,79,83,87,96,97,99" /><INIT seed="0,2,0,5,1,97" ten="405,265,225,105" oya="0" hai0="125,74,90,33,105,65,128,121,110,56,99,70,112" hai1="16,68,62,108,49,58,78,14,42,2,13,104,0" hai2="32,40,37,24,123,130,3,1,86,89,21,82,118" hai3="59,36,117,29,22,93,53,114,34,71,9,113,81"/><T4/><RYUUKYOKU type="yao9" ba="2,0" sc="405,0,265,0,225,0,105,0" hai0="4,33,56,65,70,74,90,99,105,110,112,121,125,128" /><INIT seed="0,3,0,2,5,115" ten="405,265,225,105" oya="0" hai0="88,76,15,38,28,84,29,45,122,64,50,125,69" hai1="9,126,63,55,3,94,17,13,131,77,43,14,19" hai2="134,99,111,0,124,85,40,117,73,118,98,82,90" hai3="7,74,33,49,4,42,78,114,97,48,128,27,26"/><T37/><D122/><U103/><E126/><V112/><F0/><W6/><G114/><T81/><D125/><U41/><E131/><V59/><F112/><W108/><G128/><T127/><D127/><U53/><E3/><V119/><F124/><W8/><G108/><T130/><D130/><U30/><E30/><V23/><F111/><W132/><G132/><T106/><D106/><U5/><E77/><N who="2" m="44335" /><F134/><W58/><G74/><T39/><D69/><U89/><E103/><V75/><F75/><W100/><G78/><T107/><D107/><U96/><E5/><V113/><F113/><W105/><G33/><T133/><D64/><U44/><E63/><V120/><F120/><W35/><G35/><T11/><D76/><U92/><E92/><N who="2" m="54351" /><F40/><N who="1" m="15433" /><E44/><V47/><F47/><W21/><G42/><T68/><D68/><U135/><E135/><V1/><F1/><W10/><G27/><T116/><D133/><U65/><E65/><V46/><F46/><W32/><G32/><T86/><D86/><U2/><E2/><V25/><F59/><W66/><G66/><T91/><D91/><U87/><E87/><V22/><F22/><AGARI ba="3,0" hai="9,13,14,17,19,22,53,55,89,94,96" m="15433" machi="22" ten="30,1000,0" yaku="8,1" doraHai="115" who="1" fromWho="2" sc="405,0,265,19,225,-19,105,0" /><INIT seed="1,0,0,3,0,113" ten="405,284,206,105" oya="1" hai0="108,69,1,20,47,95,25,41,128,64,16,5,0" hai1="66,30,46,21,40,3,97,32,112,17,94,98,61" hai2="80,90,101,106,114,116,11,121,38,18,51,43,72" hai3="35,14,44,9,65,129,83,28,23,10,93,12,52"/><U100/><E112/><V104/><F116/><W134/><G134/><T67/><D108/><U55/><E3/><V2/><F114/><W87/><G129/><T42/><D128/><U34/><E55/><V63/><F121/><W91/><G65/><T15/><D42/><U6/><E6/><V27/><F51/><W60/><G35/><T103/><D69/><U99/><E30/><V59/><F101/><W74/><G74/><T19/><D5/><U36/><E32/><V131/><F131/><W8/><G93/><T135/><D135/><U57/><REACH who="1" step="1"/><E34/><REACH who="1" ten="405,274,206,105" step="2"/><V45/><F2/><W102/><G102/><T111/><D1/><U70/><E70/><V26/><F18/><N who="3" m="10711" /><G28/><T4/><D4/><U73/><E73/><V119/><F72/><W37/><G37/><T31/><D0/><U126/><E126/><V76/><F38/><W71/><G71/><T124/><D19/><U39/><E39/><V7/><F7/><N who="3" m="3103" /><G44/><T77/><D124/><U33/><E33/><V82/><F45/><W96/><G96/><T53/><D53/><U56/><E56/><AGARI ba="0,1" hai="9,10,52,56,60,83,87,91" m="3103,10711" machi="56" ten="30,2000,0" yaku="8,1,54,1" doraHai="113" who="3" fromWho="1" sc="405,0,274,-20,206,0,105,30" /><INIT seed="2,0,0,4,5,59" ten="405,254,206,135" oya="2" hai0="28,40,102,26,8,71,119,20,10,11,125,25,116" hai1="52,92,95,50,94,13,5,4,101,53,66,7,19" hai2="58,51,135,67,48,111,80,124,21,126,9,68,12" hai3="88,123,2,122,45,27,96,107,62,47,108,115,41"/><V74/><F135/><W43/><G2/><T76/><D71/><U84/><E66/><V15/><F21/><W36/><G107/><T72/><D125/><N who="2" m="48234" /><F68/><W129/><G129/><T132/><D102/><U61/><E61/><N who="2" m="38327" /><F15/><W57/><G108/><T60/><D60/><U42/><E101/><V130/><F130/><W31/><G115/><T44/><D26/><U1/><E1/><V69/><F69/><W85/><G96/><T6/><D6/><U83/><E42/><V73/><F111/><W35/><G43/><T77/><D132/><U37/><E37/><V121/><F121/><W56/><G45/><T110/><D110/><U63/><E50/><N who="2" m="18987" /><F80/><W127/><G56/><T112/><D112/><U0/><E0/><V18/><AGARI ba="0,0" hai="9,12,18,73,74" m="18987,38327,48234" machi="18" ten="30,3000,0" yaku="18,1,52,1" doraHai="59" who="2" fromWho="2" sc="405,-10,254,-10,206,30,135,-10" /><INIT seed="2,1,0,5,0,29" ten="395,244,236,125" oya="2" hai0="16,37,117,116,54,113,103,41,51,130,6,57,70" hai1="97,13,61,33,8,94,17,100,50,58,96,122,114" hai2="55,36,127,15,22,42,14,84,23,99,80,132,21" hai3="89,81,120,104,90,44,111,123,91,129,79,7,126"/><V65/><F132/><W115/><G7/><T128/><D113/><U75/><E114/><V46/><F127/><W4/><G4/><T32/><D32/><U133/><E133/><V20/><F65/><W71/><G115/><T102/><D6/><U52/><E122/><V135/><F135/><W87/><G71/><T86/><D86/><U0/><E75/><V12/><N who="2" m="5120" /><DORA hai="68" /><V62/><F99/><W18/><G18/><T107/><D16/><U109/><E109/><V95/><F95/><W10/><G10/><T108/><D70/><U38/><E0/><V112/><F112/><W34/><G34/><T66/><D66/><U43/><E33/><V26/><F26/><W27/><G27/><T92/><D107/><U77/><E77/><V76/><F62/><W49/><G104/><T85/><D85/><U5/><E5/><V101/><REACH who="2" step="1"/><F55/><REACH who="2" ten="395,244,226,125" step="2"/><W124/><G111/><T45/><D92/><U53/><E97/><V39/><F39/><W59/><G129/><N who="0" m="49771" /><D108/><U131/><E131/><V64/><F64/><W119/><G119/><AGARI ba="1,1" hai="37,41,45,51,54,57,102,103,116,117,119" m="49771" machi="119" ten="30,3900,0" yaku="12,1,19,1,52,1" doraHai="29,68" who="0" fromWho="3" sc="395,52,244,0,226,0,125,-42" /><INIT seed="3,0,0,5,3,87" ten="447,244,226,83" oya="3" hai0="135,50,112,37,9,1,122,109,57,132,29,86,42" hai1="78,69,104,124,70,111,80,40,90,67,51,53,14" hai2="99,21,65,94,49,39,68,114,103,75,61,130,26" hai3="119,110,23,128,64,66,58,118,133,3,4,76,117"/><W125/><G125/><T16/><D86/><U28/><E104/><V73/><F130/><W107/><G133/><T120/><D9/><U71/><E124/><V59/><F114/><W127/><G127/><T63/><D50/><U62/><E111/><V81/><F39/><W27/><G128/><T56/><D56/><U74/><E40/><V85/><F49/><W7/><G107/><T121/><D29/><U18/><E90/><V95/><F95/><W47/><G110/><T101/><D16/><U34/><E34/><V72/><F68/><W102/><G102/><T115/><D1/><U45/><E28/><N who="2" m="17487" /><F72/><W43/><G76/><AGARI ba="0,0" hai="59,61,65,73,75,76,81,85,94,99,103" m="17487" machi="76" ten="30,1000,0" yaku="25,1" doraHai="87" who="2" fromWho="3" sc="447,0,244,0,226,10,83,-10" owari="447,54.7,244,4.4,236,-16.4,73,-42.7" /></mjloggm>