<mjloggm ver="2.3"><GO type="225" lobby="0"/><UN n0="%E3%82%8C%E3%81%99%E3%81%93" n1="%E4%B8%89%E5%88%86%E5%B0%8F%E5%83%A7" n2="%73%69%67%65%6E%6F%72%69" n3="%75%72%6A%61%63%6B" dan="17,16,18,17" rate="2182.43,2106.73,2248.31,2098.51" sx="F,M,M,M"/><TAIKYOKU oya="0"/><INIT seed="0,0,0,0,0,31" ten="250,250,250,250" oya="0" hai0="54,114,73,121,22,134,98,32,130,104,111,102,88" hai1="33,123,15,94,64,60,38,51,63,79,29,11,125" hai2="12,135,80,2,100,52,78,91,67,122,17,77,107" hai3="105,8,112,36,25,117,41,70,115,65,35,131,69"/><T13/><D114/><U96/><E38/><V24/><F2/><W93/><G117/><T99/><D121/><U126/><E79/><V45/><F122/><W19/><G131/><T30/><D73/><U23/><E123/><V43/><F135/><W34/><G93/><T62/><D134/><U76/><E76/><V127/><F127/><N who="1" m="48649" /><E23/><V83/><F67/><W95/><G95/><T82/><D130/><U56/><E51/><V3/><F3/><W58/><G58/><T57/><D99/><U9/><E15/><V129/><F129/><W85/><G85/><T120/><D120/><U116/><E116/><V53/><F24/><W39/><G19/><T1/><D1/><U46/><E46/><V21/><F107/><W124/><G8/><T18/><D111/><U128/><E128/><V40/><F100/><W132/><G132/><T103/><D103/><N who="1" m="60823" /><E63/><V84/><F91/><W119/><G119/><T42/><D42/><U7/><E7/><V47/><F43/><W4/><G4/><T26/><REACH who="0" step="1"/><D88/><REACH who="0" ten="240,250,250,250" step="2"/><U72/><E72/><V110/><F110/><W37/><G41/><T6/><D6/><U81/><E81/><AGARI ba="0,1" hai="13,18,22,26,30,32,54,57,62,81,82,98,102,104" machi="81" ten="40,7700,0" yaku="1,1,52,1,53,1" doraHai="31" doraHaiUra="101" who="0" fromWho="1" sc="240,87,250,-77,250,0,250,0" /><INIT seed="0,1,0,2,3,73" ten="327,173,250,250" oya="0" hai0="37,78,41,57,63,51,26,77,87,94,27,92,84" hai1="95,60,115,81,20,33,72,54,108,99,68,111,50" hai2="112,1,45,96,116,9,46,133,47,34,106,32,66" hai3="49,0,25,90,38,43,23,61,22,8,35,53,113"/><T126/><D37/><U97/><E33/><V88/><F112/><W132/><G113/><T16/><D126/><U7/><E115/><V123/><F123/><W13/><G0/><T91/><D51/><U3/><E3/><V29/><F133/><W102/><G132/><T98/><D41/><U67/><E7/><V69/><F116/><W5/><G102/><N who="0" m="60743" /><D87/><U11/><E11/><V59/><F69/><W76/><G76/><N who="0" m="29291" /><D16/><U119/><E81/><V62/><F106/><W71/><G38/><T104/><D104/><U10/><E72/><V18/><F1/><W4/><G4/><T130/><D130/><U24/><E10/><V103/><F103/><W39/><G39/><T134/><D134/><U131/><E131/><V105/><F105/><W17/><G35/><T58/><D58/><U74/><E74/><V114/><F114/><W2/><G43/><T40/><D40/><U79/><E79/><V64/><F34/><W118/><G118/><T127/><D127/><U86/><E86/><V65/><F32/><W125/><G125/><T52/><AGARI ba="1,0" hai="26,27,52,57,63,84,91,94" m="29291,60743" machi="52" ten="30,12000,1" yaku="8,1,52,3,54,1" doraHai="73" who="0" fromWho="0" sc="327,123,173,-41,250,-41,250,-41" /><INIT seed="0,2,0,3,2,20" ten="450,132,209,209" oya="0" hai0="10,132,114,29,123,106,43,17,80,40,57,14,58" hai1="12,124,127,67,49,78,65,7,1,53,54,61,119" hai2="76,130,3,69,35,86,16,131,82,46,81,41,118" hai3="33,110,121,30,74,70,24,42,25,79,135,21,31"/><T92/><D114/><U133/><E1/><V85/><F118/><W55/><G110/><T87/><D106/><U83/><E119/><V95/><F69/><W93/><G135/><T15/><D123/><U109/><E109/><V64/><F64/><W62/><G121/><T6/><D132/><U129/><E133/><V8/><F35/><W90/><G42/><N who="0" m="15915" /><D92/><U75/><E129/><N who="2" m="49163" /><F95/><W39/><G39/><T2/><D29/><U71/><E67/><V122/><F122/><W100/><G100/><T134/><D2/><U113/><E113/><V50/><F3/><W59/><G70/><T36/><D36/><U101/><E101/><V51/><F51/><W77/><REACH who="3" step="1"/><G74/><REACH who="3" ten="450,132,209,199" step="2"/><T56/><D134/><U98/><E98/><AGARI ba="2,1" hai="21,24,25,30,31,33,55,59,62,77,79,90,93,98" machi="98" ten="30,8000,1" yaku="1,1,2,1,7,1,52,2,53,0" doraHai="20" doraHaiUra="104" who="3" fromWho="1" sc="450,0,132,-86,209,0,199,96" /><INIT seed="1,0,0,4,0,78" ten="450,46,209,295" oya="1" hai0="32,69,27,38,85,28,67,34,126,47,18,81,42" hai1="63,83,72,44,135,59,39,87,71,11,48,36,111" hai2="31,30,97,77,68,134,5,110,93,26,123,121,125" hai3="82,41,4,101,109,40,76,75,64,89,55,46,115"/><U16/><E135/><V105/><F68/><W106/><G109/><T73/><D126/><U95/><E71/><V22/><F105/><W50/><G115/><T21/><D73/><U49/><E72/><V43/><F110/><W7/><G64/><T102/><D102/><U52/><E95/><V13/><F125/><W70/><G70/><T107/><D107/><U10/><E111/><V91/><F134/><W100/><G100/><T103/><D103/><U131/><E131/><V80/><F43/><W66/><G66/><T19/><D19/><U0/><E0/><V15/><F31/><W116/><G116/><T129/><D129/><U96/><E96/><V60/><F60/><W9/><G89/><T108/><D108/><U98/><E98/><V94/><F94/><W25/><G25/><T65/><D34/><U79/><E49/><V54/><F54/><W84/><G75/><T56/><D56/><U33/><E33/><V133/><F133/><W29/><G29/><T88/><D69/><U3/><E3/><V1/><F123/><W99/><REACH who="3" step="1"/><G4/><REACH who="3" ten="450,46,209,285" step="2"/><T113/><D113/><U58/><E58/><V120/><F121/><W104/><G104/><T37/><D67/><U114/><E114/><V132/><F120/><W2/><AGARI ba="0,1" hai="2,7,9,40,41,46,50,55,76,82,84,99,101,106" machi="2" ten="20,5200,0" yaku="1,1,0,1,7,1,52,1,53,0" doraHai="78" doraHaiUra="20" who="3" fromWho="3" sc="450,-13,46,-26,209,-13,285,62" /><INIT seed="2,0,0,4,4,129" ten="437,20,196,347" oya="2" hai0="119,29,113,77,99,31,61,117,100,40,47,30,118" hai1="19,52,25,115,11,90,0,130,82,1,16,102,32" hai2="104,78,59,66,116,86,93,80,91,122,89,81,127" hai3="94,17,123,70,76,38,98,65,132,55,26,79,34"/><V2/><F116/><W9/><G123/><T4/><D113/><U135/><E102/><V126/><F2/><N who="1" m="1129" /><E90/><V108/><F66/><W109/><G38/><T68/><D4/><U36/><E82/><V88/><F59/><W124/><G124/><N who="2" m="47657" /><F122/><W83/><G109/><T67/><D77/><U69/><E69/><V106/><F108/><W20/><G34/><T92/><REACH who="0" step="1"/><D30/><REACH who="0" ten="427,20,196,347" step="2"/><N who="1" m="19535" /><E36/><AGARI ba="0,1" hai="29,31,36,40,47,61,67,68,92,99,100,117,118,119" machi="36" ten="40,5200,0" yaku="1,1,12,1,53,1" doraHai="129" doraHaiUra="57" who="0" fromWho="1" sc="427,62,20,-52,196,0,347,0" owari="489,58.9,-32,-53.2,196,-20.4,347,14.7" /></mjloggm>