<mjloggm ver="2.3"><GO type="225" lobby="0"/><UN n0="%E3%81%AF%E3%82%88%E3%81%8A%E3%81%98%E3%81%95%E3%82%93" n1="%E5%8F%AF%E5%85%90%E9%82%A3%E7%94%B1%E5%A4%9A" n2="%73%75%7A%75%6D%65%33" n3="%6D%75%75%6D%75%72%61" dan="17,17,18,16" rate="2236.64,2175.96,2188.46,2066.67" sx="M,F,M,F"/><TAIKYOKU oya="0"/><INIT seed="0,0,0,1,3,51" ten="250,250,250,250" oya="0" hai0="108,33,34,55,15,85,88,2,97,20,3,130,38" hai1="133,82,1,109,131,83,121,40,65,66,61,84,12" hai2="32,91,81,49,18,116,72,9,75,56,102,11,27" hai3="14,79,54,53,26,127,135,106,58,94,118,21,41"/><T19/><D38/><U107/><E121/><V70/><F70/><W44/><G106/><T50/><D130/><U105/><E1/><V74/><F116/><W16/><G118/><T110/><D97/><U132/><E131/><V89/><F102/><W129/><G129/><T30/><D2/><U115/><E109/><N who="0" m="42089" /><D30/><U35/><E35/><V125/><F125/><W87/><G127/><T126/><D3/><U10/><E40/><V71/><F71/><W29/><G135/><T13/><D13/><U7/><E115/><V104/><F104/><W48/><G58/><N who="0" m="33143" /><D126/><U59/><E66/><V73/><F32/><W46/><G46/><T37/><D37/><U120/><E120/><V68/><F68/><W124/><G124/><T67/><D67/><U6/><E105/><V25/><F25/><W4/><G4/><T52/><D52/><N who="1" m="34023" /><E107/><V17/><F27/><W28/><G28/><T99/><D99/><U95/><E65/><V128/><F128/><W36/><G36/><T8/><D20/><U93/><E7/><V86/><F17/><W114/><G114/><T63/><D63/><U123/><E123/><V90/><F18/><W117/><G117/><T60/><D60/><U62/><E62/><V76/><N who="2" m="18432" /><DORA hai="134" /><V112/><REACH who="2" step="1"/><F112/><REACH who="2" ten="250,250,240,250" step="2"/><W78/><G26/><T31/><D31/><U0/><E133/><V119/><F119/><W22/><G29/><T23/><D23/><U77/><E132/><V98/><F98/><W69/><G22/><T122/><D122/><U101/><E6/><V111/><F111/><W42/><G69/><T80/><AGARI ba="0,1" hai="8,15,19,33,34,80,85,88" m="33143,42089" machi="80" ten="30,11700,0" yaku="14,1,10,1,52,1,54,1" doraHai="51,134" who="0" fromWho="0" sc="250,127,250,-39,240,-39,250,-39" /><INIT seed="0,1,0,5,5,133" ten="377,211,201,211" oya="0" hai0="64,27,54,17,81,87,126,2,71,59,102,72,3" hai1="112,12,22,48,33,32,82,73,107,19,129,55,34" hai2="132,90,130,16,108,69,50,109,18,25,65,61,30" hai3="88,39,105,86,14,7,0,101,80,104,83,36,99"/><T10/><D72/><U58/><E107/><V40/><F132/><W57/><G0/><T124/><D102/><U11/><E129/><V115/><F130/><W47/><G105/><T66/><D71/><U51/><E112/><V98/><F115/><W122/><G122/><T123/><D123/><U95/><E95/><N who="2" m="56695" /><F40/><W70/><G70/><T29/><D17/><U110/><E110/><N who="2" m="42603" /><F50/><W89/><G57/><T31/><D10/><U114/><E114/><V56/><F69/><W9/><REACH who="3" step="1"/><G47/><REACH who="3" ten="377,211,201,201" step="2"/><T85/><D59/><U52/><E11/><V46/><F46/><W78/><G78/><T131/><D131/><U75/><REACH who="1" step="1"/><E82/><REACH who="1" ten="377,201,201,201" step="2"/><V128/><F128/><W125/><G125/><T15/><D81/><U100/><E100/><V21/><AGARI ba="1,2" hai="16,18,21,25,30,56,61,65" m="42603,56695" machi="21" ten="30,2000,0" yaku="14,1,54,1" doraHai="133" who="2" fromWho="2" sc="377,-11,201,-6,201,43,201,-6" /><INIT seed="1,0,0,5,1,95" ten="366,195,244,195" oya="1" hai0="21,32,124,112,63,131,3,116,133,110,52,135,47" hai1="84,17,29,98,48,114,83,34,128,101,15,120,71" hai2="55,97,59,46,35,64,1,37,28,102,54,11,68" hai3="129,62,87,111,69,18,122,79,81,60,6,106,91"/><U57/><E114/><V70/><F70/><W108/><G122/><T50/><D32/><U9/><E120/><V42/><F1/><W119/><G129/><T4/><D112/><U107/><E128/><V132/><F11/><W126/><G69/><T65/><D131/><U86/><E71/><V19/><F19/><W82/><G126/><T127/><D116/><U13/><E13/><V25/><F59/><W41/><G119/><T117/><D117/><U103/><E103/><V24/><F24/><W49/><G6/><T88/><D110/><N who="3" m="42025" /><G106/><T77/><D77/><U23/><E34/><V85/><F85/><N who="3" m="50607" /><G18/><T12/><D3/><U89/><E84/><V92/><REACH who="2" step="1"/><F132/><REACH who="2" ten="366,195,234,195" step="2"/><N who="0" m="50762" /><D4/><U53/><REACH who="1" step="1"/><E29/><REACH who="1" ten="366,185,234,195" step="2"/><V0/><F0/><W33/><G33/><T39/><D12/><U22/><AGARI ba="0,2" hai="9,15,17,22,23,48,53,57,83,86,89,98,101,107" machi="22" ten="30,12000,1" yaku="1,1,2,1,0,1,52,1,53,1" doraHai="95" doraHaiUra="7" who="1" fromWho="1" sc="366,-40,185,140,234,-40,195,-40" /><INIT seed="1,1,0,2,0,73" ten="326,325,194,155" oya="1" hai0="114,102,127,39,6,14,31,5,35,80,81,7,110" hai1="77,90,47,42,59,93,103,129,106,66,120,91,28" hai2="69,32,119,95,121,22,57,75,63,97,116,74,126" hai3="115,21,40,58,62,38,50,76,109,118,55,111,125"/><U53/><E120/><V98/><F121/><W123/><G123/><T89/><D114/><U105/><E129/><V37/><F32/><W1/><G1/><T134/><D39/><U30/><E66/><V135/><F69/><W88/><G115/><T70/><D70/><U82/><E103/><V44/><F135/><W17/><G125/><T124/><D134/><U54/><E105/><V128/><F128/><W33/><G33/><T65/><D65/><U133/><E106/><V26/><F126/><N who="0" m="48170" /><D102/><U84/><E133/><V43/><F74/><W87/><G38/><T131/><D131/><U49/><E91/><V113/><F75/><W3/><G3/><T60/><D60/><U27/><E27/><V12/><F12/><W0/><G0/><T101/><D101/><U34/><E34/><V94/><F113/><W24/><G118/><T4/><D110/><U25/><E25/><V85/><F85/><W41/><G76/><T130/><D130/><U51/><REACH who="1" step="1"/><E54/><REACH who="1" ten="326,315,194,155" step="2"/><V10/><F119/><W45/><REACH who="3" step="1"/><G40/><REACH who="3" ten="326,315,194,145" step="2"/><T52/><D35/><U9/><E9/><V29/><F10/><W72/><G72/><AGARI ba="1,2" hai="28,30,42,47,49,51,53,59,72,77,82,84,90,93" machi="72" ten="30,11600,0" yaku="1,1,7,1,52,1,53,1" doraHai="73" doraHaiUra="104" who="1" fromWho="3" sc="326,0,315,139,194,0,145,-119" /><INIT seed="1,2,0,0,4,124" ten="326,454,194,26" oya="1" hai0="53,36,54,96,132,128,30,64,75,122,119,134,49" hai1="83,4,9,116,72,47,118,21,10,103,15,73,65" hai2="79,82,18,19,51,48,78,92,14,6,85,11,38" hai3="7,61,43,101,57,13,109,32,98,27,71,135,123"/><U44/><E103/><V133/><F38/><W74/><G123/><T60/><D75/><U2/><E21/><V113/><F113/><W26/><G74/><T68/><D30/><U95/><E95/><V37/><F37/><W112/><G112/><T25/><D25/><U69/><E65/><V58/><F133/><N who="0" m="51306" /><D96/><U41/><E69/><V131/><F131/><W129/><G71/><T97/><D97/><U52/><E47/><V63/><F79/><W31/><G135/><T34/><D34/><U94/><E94/><V35/><F92/><W24/><G109/><T104/><D104/><U22/><E22/><V126/><F126/><W66/><G43/><T40/><D119/><U110/><E110/><V8/><F35/><W5/><G129/><T107/><D107/><U102/><E102/><V46/><F8/><W111/><G111/><T70/><D70/><U45/><E73/><V23/><F46/><W55/><G13/><T121/><D128/><U62/><E72/><V106/><F106/><W127/><G127/><T16/><D16/><N who="2" m="6186" /><F23/><W33/><G26/><T120/><D36/><U89/><E118/><V3/><F3/><W76/><G76/><T56/><D68/><U99/><E116/><V42/><F42/><W29/><REACH who="3" step="1"/><G66/><AGARI ba="2,0" hai="6,11,14,48,51,58,63,66,78,82,85" m="6186" machi="66" ten="30,2000,0" yaku="8,1,54,1" doraHai="124" who="2" fromWho="3" sc="326,0,454,0,194,26,26,-26" /><INIT seed="2,0,0,0,2,59" ten="326,454,220,0" oya="2" hai0="97,111,24,49,42,105,19,36,109,29,115,5,101" hai1="48,135,25,75,61,21,67,100,27,88,17,91,96" hai2="104,117,112,125,86,10,92,98,107,78,120,6,108" hai3="90,110,53,4,44,116,99,76,22,87,45,102,81"/><V103/><F112/><W35/><G116/><T72/><D115/><U55/><E135/><V131/><F117/><W9/><G35/><T93/><D72/><U33/><E75/><V68/><F120/><W66/><G110/><N who="0" m="41995" /><D5/><U77/><E77/><V30/><F108/><W37/><G37/><T38/><D19/><U118/><E118/><V130/><F68/><W28/><G66/><T31/><D105/><N who="1" m="63623" /><E48/><V119/><F119/><W123/><G123/><T64/><D64/><U12/><E55/><V69/><F69/><W11/><G76/><T83/><D83/><U132/><E25/><V65/><F65/><W129/><G129/><N who="2" m="49161" /><F30/><N who="0" m="11274" /><D24/><U47/><E27/><V26/><F26/><N who="3" m="16471" /><G4/><T62/><D62/><U8/><E61/><V39/><F39/><W70/><G70/><T79/><D79/><U60/><E60/><V121/><F121/><W34/><G34/><T43/><D43/><U50/><E33/><V114/><F114/><W85/><G53/><T18/><D18/><U122/><E67/><V94/><F78/><W58/><G58/><T126/><D126/><U40/><E122/><V13/><F125/><W63/><G63/><T82/><D82/><U14/><E17/><V71/><F71/><W84/><G45/><T95/><D95/><U127/><E127/><V133/><F133/><W15/><G44/><T56/><D56/><U124/><E132/><V106/><F94/><N who="3" m="58743" /><G15/><T1/><D1/><U74/><E124/><V23/><F23/><W54/><G54/><T7/><D7/><N who="1" m="3103" /><E74/><V80/><F107/><W20/><G20/><T134/><D134/><U57/><E57/><RYUUKYOKU ba="0,0" sc="326,0,454,0,220,0,0,0" hai0="36,38,42,49,93,97,101" hai1="14,21,40,47,50,88,91" hai2="6,10,13,80,86,92,98,103,104,106" hai3="9,11,81,84,85,87,90" /><INIT seed="2,1,0,4,0,18" ten="326,454,220,0" oya="2" hai0="119,30,134,13,68,36,93,69,55,86,70,75,77" hai1="128,15,103,27,135,87,72,19,3,89,2,115,64" hai2="73,92,35,114,61,71,117,59,97,80,6,50,60" hai3="54,126,123,84,52,12,28,22,132,40,23,8,91"/><V116/><F35/><W98/><G123/><T112/><D112/><U66/><E115/><V16/><F6/><N who="3" m="3095" /><G132/><T29/><D36/><U44/><E72/><V96/><F71/><W130/><G130/><T122/><D122/><U21/><E103/><V81/><F114/><W34/><G34/><T1/><D1/><U124/><E124/><V106/><F106/><W76/><G28/><T131/><D134/><U4/><E128/><V24/><F50/><W26/><G26/><T108/><D131/><U121/><E135/><V11/><F61/><W0/><G0/><T88/><D108/><U25/><E2/><V125/><F125/><W101/><G40/><T63/><D119/><U9/><E121/><V49/><F49/><W65/><G65/><T39/><D39/><U111/><E111/><V78/><F81/><N who="3" m="47143" /><G101/><T100/><D100/><U67/><REACH who="1" step="1"/><E44/><REACH who="1" ten="326,444,220,0" step="2"/><V110/><F110/><W74/><G126/><T102/><D75/><U90/><E90/><N who="2" m="55319" /><F11/><W104/><G74/><T107/><D102/><U51/><E51/><V109/><F109/><W41/><G104/><T43/><D107/><U120/><E120/><V58/><F58/><W129/><G129/><T47/><D70/><U53/><E53/><N who="3" m="20586" /><G41/><T127/><D127/><U82/><AGARI ba="1,1" hai="3,4,9,15,19,21,25,27,64,66,67,82,87,89" machi="82" ten="30,4000,0" yaku="1,1,0,1,52,1,53,0" doraHai="18" doraHaiUra="48" who="1" fromWho="1" sc="326,-11,444,53,220,-21,0,-11" owari="315,11.5,497,59.7,199,-20.1,-11,-51.1" /></mjloggm>