<mjloggm ver="2.3"><GO type="225" lobby="0"/><UN n0="%73%61%6E%64%69%72%69%73" n1="%E5%8F%AF%E5%85%90%E9%82%A3%E7%94%B1%E5%A4%9A" n2="%4B%69%74%61%6D%75%72%61" n3="%E6%A1%9C%E8%8A%B1%E9%96%83%E3%80%85" dan="16,16,18,16" rate="2157.48,2178.35,2220.26,2096.38" sx="M,F,F,M"/><TAIKYOKU oya="0"/><INIT seed="0,0,0,0,1,12" ten="250,250,250,250" oya="0" hai0="11,81,96,65,18,8,93,51,52,67,121,37,55" hai1="113,53,5,34,69,14,49,42,120,134,102,84,66" hai2="109,43,80,39,132,54,117,20,45,116,73,30,59" hai3="15,38,1,19,36,78,92,104,9,124,32,33,126"/><T87/><D37/><U60/><E120/><V70/><F109/><W57/><G104/><T110/><D121/><U10/><E134/><V133/><F73/><W23/><G78/><T72/><D72/><U119/><E119/><N who="2" m="45643" /><F80/><W115/><G92/><T83/><D110/><U47/><E113/><V40/><F30/><W106/><G106/><T0/><D0/><U46/><E34/><N who="3" m="13418" /><G57/><T64/><D55/><U68/><E102/><V25/><F70/><W28/><G38/><T27/><D8/><U74/><E74/><V17/><F43/><W48/><G48/><AGARI ba="0,0" hai="17,20,25,39,40,45,48,54,59,132,133" m="45643" machi="48" ten="30,2000,0" yaku="12,1,52,1" doraHai="12" who="2" fromWho="3" sc="250,0,250,0,250,20,250,-20" /><INIT seed="1,0,0,5,0,20" ten="250,250,270,230" oya="1" hai0="113,127,32,66,100,38,89,132,68,74,80,50,119" hai1="53,117,3,97,123,6,112,95,122,0,99,57,18" hai2="43,93,134,76,26,69,63,61,47,59,105,91,29" hai3="111,73,96,14,27,16,88,79,83,11,94,77,7"/><U34/><E112/><V17/><F134/><W58/><G111/><T54/><D32/><U128/><E117/><V114/><F114/><W78/><REACH who="3" step="1"/><G58/><REACH who="3" ten="250,250,270,220" step="2"/><T60/><D113/><U22/><E57/><V120/><F59/><W81/><G81/><T30/><D80/><U108/><E108/><V121/><F121/><W110/><G110/><T67/><D119/><U109/><E109/><V106/><F120/><W41/><G41/><T51/><D132/><U55/><E123/><V40/><F40/><W133/><G133/><T42/><D42/><U87/><E122/><V103/><F43/><W101/><G101/><T85/><D100/><U2/><E128/><V10/><F103/><W21/><AGARI ba="0,1" hai="7,11,14,16,21,27,73,77,78,79,83,88,94,96" machi="21" ten="30,8000,1" yaku="1,1,0,1,52,1,54,2,53,0" doraHai="20" doraHaiUra="46" who="3" fromWho="3" sc="250,-20,250,-40,270,-20,220,90" /><INIT seed="2,0,0,4,1,31" ten="230,210,250,310" oya="2" hai0="91,30,92,64,82,68,37,40,4,35,61,122,128" hai1="111,102,118,7,27,60,47,24,76,65,104,51,84" hai2="6,5,96,127,93,107,75,89,26,116,36,90,106" hai3="78,50,81,103,62,108,11,131,124,72,87,73,2"/><V13/><F116/><W3/><G108/><T55/><D122/><U46/><E118/><V101/><F36/><W86/><G124/><T38/><D128/><U112/><E112/><V134/><F75/><W28/><G131/><T12/><D82/><U59/><E111/><V70/><F70/><W29/><G103/><T119/><D119/><U129/><E129/><V34/><F127/><W33/><G50/><T88/><D91/><U9/><E104/><V123/><F123/><W77/><G62/><T110/><D110/><U23/><E102/><V32/><F134/><W54/><G54/><T20/><D40/><U97/><E97/><V57/><F57/><W105/><G11/><T1/><D1/><U16/><E27/><V100/><F26/><W56/><G56/><T132/><D132/><U99/><E99/><V8/><F6/><W63/><G63/><T94/><D94/><U66/><E66/><V135/><F135/><W10/><G10/><N who="0" m="4167" /><D20/><U19/><E19/><V121/><F121/><W53/><G53/><T48/><D48/><U41/><E47/><V109/><F109/><W83/><G105/><N who="2" m="39945" /><F101/><W74/><G74/><T130/><D55/><U67/><E67/><V114/><F114/><W95/><G95/><T15/><D15/><N who="1" m="5567" /><E76/><V80/><F100/><W14/><G14/><T133/><D133/><U52/><E65/><V125/><F125/><W117/><G117/><T69/><D69/><U43/><E43/><V22/><F22/><W25/><G25/><N who="0" m="18895" /><D130/><U126/><E126/><V79/><F79/><W45/><G33/><T42/><D42/><U18/><E18/><RYUUKYOKU ba="0,0" sc="230,0,210,0,250,0,310,0" hai0="37,38,61,64,68,88,92" hai1="16,23,24,41,46,51,52,59,60,84" hai2="5,8,13,32,34,80,89,90,93,96" hai3="2,3,28,29,45,72,73,77,78,81,83,86,87" /><INIT seed="2,1,0,1,4,54" ten="230,210,250,310" oya="2" hai0="131,105,75,13,2,69,128,70,84,120,114,21,135" hai1="41,117,55,7,108,22,106,29,98,86,27,94,53" hai2="60,26,6,59,51,79,46,43,50,78,4,132,58" hai3="109,12,16,17,80,100,130,25,10,36,66,115,0"/><V34/><F132/><W56/><G109/><T92/><D2/><U77/><E117/><V123/><F123/><W33/><G36/><T48/><D75/><U95/><E108/><V20/><F34/><W73/><G130/><T44/><D105/><U76/><E106/><V65/><F51/><W104/><G0/><T32/><D32/><U64/><E41/><V134/><F134/><W14/><G115/><T112/><D120/><U24/><E64/><V63/><F79/><W1/><G1/><T61/><D135/><U82/><E76/><V91/><F91/><W18/><G80/><T74/><D74/><U5/><E94/><V122/><F78/><W93/><G14/><T101/><D13/><U81/><E81/><V49/><F49/><W118/><G104/><T30/><D21/><U8/><E27/><V57/><F122/><W119/><G73/><T87/><D30/><U127/><E127/><V88/><F88/><W97/><G33/><T96/><D87/><U11/><E7/><N who="2" m="2603" /><F65/><W85/><G85/><T38/><D84/><U15/><REACH who="1" step="1"/><E11/><REACH who="1" ten="230,200,250,310" step="2"/><V126/><F126/><W67/><G67/><N who="0" m="41199" /><D38/><U111/><E111/><V116/><F116/><N who="3" m="44587" /><G25/><T107/><D107/><U125/><E125/><V45/><F45/><W47/><G47/><T52/><D70/><U62/><E62/><V39/><F39/><W23/><G10/><T35/><D35/><U9/><E9/><V121/><F121/><W71/><G71/><T90/><D101/><AGARI ba="1,1" hai="5,8,15,22,24,29,53,55,77,82,86,95,98,101" machi="101" ten="30,3900,0" yaku="1,1,7,1,8,1,53,0" doraHai="54" doraHaiUra="102" who="1" fromWho="0" sc="230,-42,200,52,250,0,310,0" /><INIT seed="3,0,0,4,4,130" ten="188,252,250,310" oya="3" hai0="25,119,77,102,54,52,94,107,49,45,85,75,0" hai1="30,55,48,26,40,80,10,116,62,117,32,93,57" hai2="33,29,84,125,65,15,27,78,50,106,108,88,47" hai3="70,53,61,9,14,6,34,81,74,73,132,51,122"/><W43/><G132/><T133/><D119/><N who="1" m="45643" /><E93/><V19/><F108/><W13/><G122/><T101/><D0/><U131/><E131/><V86/><F125/><W11/><G34/><T28/><D75/><U123/><E123/><V22/><F106/><W97/><G97/><T36/><D36/><U115/><E115/><V1/><F1/><W96/><G96/><T12/><D107/><U127/><E127/><V20/><F65/><W63/><G43/><T18/><D133/><U87/><E10/><V17/><F78/><W66/><G63/><T38/><D38/><U68/><E68/><V95/><F84/><W100/><G100/><T5/><D5/><U64/><E40/><N who="2" m="24935" /><F33/><W104/><G81/><T58/><D94/><U35/><E35/><V76/><F76/><W42/><G42/><T90/><D77/><N who="1" m="46479" /><E48/><V134/><F134/><W24/><G104/><T21/><D90/><U3/><E3/><V2/><F2/><W91/><G91/><T128/><D85/><U113/><E113/><V92/><F92/><W4/><G24/><T8/><D128/><U72/><E72/><V112/><F112/><W103/><G103/><T69/><D69/><U39/><E39/><V16/><AGARI ba="0,0" hai="15,16,17,19,20,22,27,29,86,88,95" m="24935" machi="16" ten="30,4000,0" yaku="8,1,54,2" doraHai="130" who="2" fromWho="2" sc="188,-10,252,-10,250,40,310,-20" /><INIT seed="4,0,0,5,5,98" ten="178,242,290,290" oya="0" hai0="11,76,13,0,30,34,64,39,4,125,104,73,17" hai1="82,23,62,74,89,109,114,14,67,85,83,47,19" hai2="78,81,106,133,96,72,21,46,33,68,120,18,8" hai3="132,53,24,113,134,122,35,10,107,61,84,3,105"/><T77/><D39/><U75/><E109/><V66/><F120/><W71/><G113/><T123/><D123/><U28/><E114/><V63/><F133/><N who="3" m="51307" /><G84/><T88/><D125/><U1/><E1/><V116/><F116/><W55/><G122/><T127/><D127/><U48/><E28/><V115/><F115/><W117/><G117/><T79/><D104/><N who="3" m="40009" /><G24/><T15/><D73/><U101/><E83/><V110/><F110/><W131/><G131/><T41/><D41/><U58/><REACH who="1" step="1"/><E101/><REACH who="1" ten="178,232,290,290" step="2"/><V121/><F121/><W59/><G35/><T100/><D100/><U54/><AGARI ba="0,1" hai="14,19,23,47,48,54,58,62,67,74,75,82,85,89" machi="54" ten="20,5200,0" yaku="1,1,2,1,0,1,7,1,53,0" doraHai="98" doraHaiUra="36" who="1" fromWho="1" sc="178,-26,232,62,290,-13,290,-13" /><INIT seed="5,0,0,2,1,118" ten="152,294,277,277" oya="1" hai0="61,68,55,120,103,119,9,62,70,126,106,77,13" hai1="104,35,98,51,130,25,2,117,71,56,24,53,90" hai2="86,20,36,133,28,60,100,131,27,108,132,75,41" hai3="32,81,12,30,39,45,102,97,58,82,54,73,84"/><U22/><E117/><V67/><F108/><W79/><G12/><T127/><D119/><U47/><E71/><V26/><F75/><W80/><G32/><T128/><D77/><U44/><E2/><V34/><F131/><W0/><G30/><T3/><D3/><U123/><E123/><V48/><F36/><W114/><G114/><T111/><D111/><U65/><E130/><V11/><F86/><W101/><G0/><T16/><D128/><U17/><E65/><V33/><F11/><W10/><G10/><T93/><D106/><U83/><E104/><V38/><F38/><W66/><G66/><T122/><D103/><U99/><E35/><V88/><F88/><W72/><G81/><T14/><D93/><U4/><E4/><V112/><F100/><W42/><G97/><N who="1" m="36874" /><E25/><V95/><F95/><W40/><G40/><T19/><D55/><U134/><E134/><N who="2" m="51819" /><F27/><W89/><REACH who="3" step="1"/><G73/><REACH who="3" ten="152,294,277,267" step="2"/><T49/><D9/><U64/><E64/><V135/><F135/><W5/><G5/><T124/><D124/><U69/><E69/><N who="2" m="42215" /><F112/><W96/><G96/><T94/><D94/><U110/><E110/><V78/><F78/><W87/><G87/><AGARI ba="0,1" hai="17,22,24,44,47,51,53,56,83,87,90" m="36874" machi="87" ten="30,1500,0" yaku="8,1" doraHai="118" who="1" fromWho="3" sc="152,0,294,25,277,0,267,-15" owari="152,-34.8,319,41.9,277,7.7,252,-14.8" /></mjloggm>