<mjloggm ver="2.3"><GO type="225" lobby="0"/><UN n0="%E3%83%81%E3%83%AF%E3%83%AF%E9%9A%8A%E9%95%B7" n1="%E3%81%99%E3%81%84%E3%81%BE%E3%81%9B%E3%83%BC%E3%82%93" n2="%E3%83%8F%E3%83%B3%E3%83%89%E3%83%A9%E3%83%BC%E3%83%BB%E3%83%AF%E3%83%B3" n3="%E3%81%8B%E3%82%8F%E3%81%A1%E3%82%83%E3%82%93%35%38" dan="17,18,17,16" rate="2185.54,2266.12,2183.33,2138.87" sx="M,M,M,M"/><TAIKYOKU oya="0"/><INIT seed="0,0,0,3,5,24" ten="250,250,250,250" oya="0" hai0="113,25,2,37,26,120,116,19,59,98,68,62,21" hai1="74,106,57,117,100,109,72,44,32,131,115,105,101" hai2="12,76,127,133,99,53,40,75,61,112,35,86,114" hai3="33,42,87,8,103,17,118,88,73,83,55,96,123"/><T78/><D116/><U110/><E32/><V1/><F1/><W125/><G118/><T126/><D113/><U124/><E44/><V95/><F75/><N who="1" m="28713" /><E57/><V28/><F40/><W134/><G33/><T46/><D120/><U82/><E117/><V10/><F127/><W69/><G69/><T67/><D2/><U121/><E121/><V34/><F133/><W130/><G134/><T91/><D126/><U104/><E124/><V90/><F35/><W122/><G125/><T5/><D5/><U7/><E7/><V51/><F61/><W18/><G42/><T13/><D78/><U48/><E48/><V111/><F76/><N who="3" m="44431" /><G55/><T64/><D64/><U63/><E63/><V80/><F114/><W0/><G0/><T58/><D37/><U135/><E135/><V54/><F54/><W107/><G17/><T3/><D3/><U29/><E29/><V49/><F53/><W4/><G4/><T45/><D68/><U129/><E82/><V81/><F81/><N who="3" m="49263" /><G123/><T36/><D59/><U102/><E115/><V20/><F34/><W47/><G47/><N who="0" m="17931" /><D36/><U132/><E132/><V79/><F112/><W84/><G122/><T108/><D67/><U52/><E52/><V11/><F51/><W16/><G18/><T65/><D65/><U85/><E85/><V92/><F49/><W97/><G16/><T38/><D38/><U89/><E89/><V14/><F90/><W128/><G8/><T60/><D60/><U6/><E6/><V50/><F10/><W70/><G70/><T77/><D62/><U22/><E22/><V71/><F20/><W43/><G43/><RYUUKYOKU ba="0,0" sc="250,-10,250,30,250,-10,250,-10" hai1="100,101,102,104,105,106,109,110,129,131" /><INIT seed="1,1,0,4,0,36" ten="240,280,240,240" oya="1" hai0="34,54,131,133,98,21,123,77,2,68,49,101,121" hai1="75,87,128,127,52,88,124,8,12,89,48,78,32" hai2="57,120,50,106,129,45,114,107,53,134,4,47,115" hai3="112,135,40,59,55,23,103,99,113,31,22,73,13"/><U39/><E32/><V58/><F120/><N who="0" m="46154" /><D34/><U90/><E39/><V111/><F111/><W84/><G73/><T72/><D68/><U97/><E128/><V61/><F4/><W43/><G113/><N who="2" m="43017" /><F129/><W26/><G112/><T105/><D131/><U95/><E75/><V125/><F125/><N who="1" m="48201" /><E78/><V20/><F20/><W37/><G37/><T38/><D38/><U64/><E64/><N who="2" m="38959" /><F134/><W42/><G84/><T93/><D133/><U80/><E80/><V100/><F100/><W81/><G81/><N who="0" m="45223" /><D2/><U29/><E87/><V117/><F117/><W35/><G135/><T70/><D70/><U25/><E29/><V96/><F96/><W6/><G6/><T110/><D110/><U9/><E25/><V109/><F109/><W126/><G13/><T65/><D65/><U122/><E122/><V74/><F74/><W79/><G79/><T27/><D105/><AGARI ba="1,0" hai="45,47,50,53,58,105,106,107" m="38959,43017" machi="105" ten="30,1000,0" yaku="11,1" doraHai="36" who="2" fromWho="0" sc="240,-13,280,0,240,13,240,0" /><INIT seed="2,0,0,5,3,103" ten="227,280,253,240" oya="2" hai0="71,67,13,74,59,97,55,123,107,20,116,3,79" hai1="51,47,126,72,49,44,63,33,100,11,4,76,129" hai2="80,101,121,75,42,8,84,64,57,28,46,14,98" hai3="122,52,21,87,9,61,31,86,58,110,66,104,125"/><V134/><F121/><W117/><G122/><T93/><D123/><U133/><E33/><V91/><F134/><W37/><G117/><T17/><D3/><U36/><E133/><V124/><F124/><W23/><G37/><T128/><D116/><U95/><E126/><V19/><F75/><W2/><G125/><T0/><D0/><U127/><E129/><V43/><F28/><W6/><G110/><T35/><D35/><U38/><E63/><V68/><F68/><W27/><G104/><T81/><D128/><U40/><E127/><V92/><F46/><W16/><REACH who="3" step="1"/><G66/><REACH who="3" ten="227,280,253,230" step="2"/><T39/><D39/><U105/><E105/><V12/><F64/><W77/><G77/><T120/><D120/><U48/><E76/><V10/><REACH who="2" step="1"/><F57/><REACH who="2" ten="227,280,243,230" step="2"/><W53/><G53/><T41/><D55/><U62/><E47/><V88/><F88/><W113/><G113/><T111/><D59/><U135/><E44/><V83/><F83/><W85/><G85/><T114/><D81/><U69/><E69/><V30/><F30/><W102/><G102/><T89/><D71/><U7/><E135/><V32/><F32/><W131/><G131/><T29/><D67/><U94/><E100/><V108/><F108/><W56/><G56/><T96/><D111/><U54/><E54/><V34/><F34/><W130/><G130/><T115/><D115/><U22/><E72/><V90/><F90/><W99/><G99/><T78/><D114/><U60/><E40/><V132/><F132/><W70/><G70/><T50/><D74/><U24/><E36/><V5/><AGARI ba="0,2" hai="5,8,10,12,14,19,42,43,80,84,91,92,98,101" machi="5" ten="20,12000,1" yaku="1,1,0,1,7,1,8,1,53,1" doraHai="103" doraHaiUra="15" who="2" fromWho="2" sc="227,-40,280,-40,243,140,230,-40" /><INIT seed="2,1,0,1,2,94" ten="187,240,383,190" oya="2" hai0="130,67,12,2,55,106,89,1,20,128,63,61,32" hai1="131,123,104,118,114,57,38,19,122,66,26,8,125" hai2="91,60,73,15,110,86,80,33,56,25,16,4,31" hai3="6,115,53,59,120,76,75,133,107,49,85,109,54"/><V69/><F110/><W47/><G120/><T0/><D32/><U70/><E38/><V103/><F69/><W37/><G75/><T102/><D55/><U21/><E114/><V40/><F73/><W39/><G107/><T29/><D89/><U41/><E41/><V129/><F129/><N who="0" m="49770" /><D67/><U134/><E131/><V51/><F4/><W124/><G6/><T71/><D71/><U99/><E70/><V28/><F103/><W5/><G5/><T64/><D64/><U50/><E66/><N who="2" m="39175" /><F25/><W35/><G35/><T82/><D82/><U116/><E26/><V44/><F33/><W84/><G109/><T95/><D106/><U10/><E104/><V100/><F100/><W3/><G115/><T112/><D112/><U48/><E123/><V93/><F80/><W65/><G65/><T113/><D113/><U121/><E121/><V79/><F79/><W81/><G3/><T127/><D0/><U17/><E122/><V108/><F108/><W22/><G124/><T74/><D127/><U43/><E125/><V101/><F101/><W90/><G133/><T126/><D74/><U27/><E134/><V132/><F132/><W18/><G90/><T13/><D126/><U68/><E68/><V72/><F72/><N who="3" m="43143" /><G39/><T77/><D77/><U36/><E36/><V14/><F14/><N who="0" m="5738" /><D1/><U98/><E27/><V83/><F83/><W52/><G37/><T119/><D2/><U78/><E118/><V30/><F30/><W7/><G7/><T88/><D119/><U111/><E116/><V135/><F135/><W46/><G59/><T9/><D29/><U23/><E111/><RYUUKYOKU ba="1,0" sc="187,-10,240,-10,383,30,190,-10" hai2="15,16,28,31,40,44,51,86,91,93" /><INIT seed="2,2,0,5,1,6" ten="177,230,413,180" oya="2" hai0="4,132,66,12,76,45,135,73,108,80,27,67,26" hai1="89,91,29,18,53,70,50,94,32,0,31,107,128" hai2="118,78,1,35,117,124,24,90,3,46,59,103,105" hai3="111,61,121,54,97,57,88,47,120,56,16,100,25"/><V110/><F78/><W10/><G120/><T2/><D2/><N who="2" m="522" /><F90/><W77/><G121/><T92/><D108/><U30/><E0/><V52/><F46/><W23/><G111/><T87/><D45/><U85/><E107/><V119/><F103/><W82/><G47/><T69/><D73/><U37/><E70/><V127/><F105/><W41/><G41/><T113/><D113/><U98/><E37/><V42/><F42/><W129/><G129/><T99/><D69/><U72/><E72/><V116/><F116/><W51/><G10/><N who="0" m="4167" /><D135/><U43/><E43/><V64/><F64/><N who="0" m="24618" /><D132/><U63/><E128/><V102/><F110/><W14/><G14/><T75/><D75/><U15/><E32/><V36/><F36/><W19/><G19/><T101/><AGARI ba="2,0" hai="26,27,76,80,87,92,99,101" m="24618,4167" machi="101" ten="30,2000,0" yaku="8,1,52,1" doraHai="6" who="0" fromWho="0" sc="177,26,230,-7,413,-12,180,-7" /><INIT seed="3,0,0,2,5,80" ten="203,223,401,173" oya="3" hai0="127,96,112,57,33,110,125,15,66,105,43,101,48" hai1="4,46,119,88,104,54,58,3,0,126,74,128,1" hai2="85,41,67,111,115,62,121,81,122,72,97,113,31" hai3="2,135,109,12,34,129,103,87,64,23,131,106,107"/><W114/><G2/><T25/><D112/><U82/><E104/><N who="3" m="39978" /><G34/><T6/><D110/><U75/><E4/><V86/><F111/><W27/><G109/><T73/><D73/><U118/><E128/><N who="3" m="49226" /><G114/><T61/><D43/><U45/><E126/><N who="0" m="48137" /><D48/><N who="1" m="31047" /><E75/><V47/><F115/><W120/><G120/><T90/><D90/><U117/><E88/><V100/><F122/><W14/><G135/><T29/><D15/><N who="3" m="5673" /><G64/><T36/><D36/><U5/><E5/><AGARI ba="0,0" hai="5,6,25,29,33,57,61,66,96,101,105" m="48137" machi="5" ten="30,1000,0" yaku="18,1" doraHai="80" who="0" fromWho="1" sc="203,10,223,-10,401,0,173,0" owari="213,1.3,213,-18.7,401,50.1,173,-32.7" /></mjloggm>