<mjloggm ver="2.3"><GO type="225" lobby="0"/><UN n0="%E3%83%97%E3%83%92" n1="%72%65%6E%6B%75%6E" n2="%E3%81%BE%E3%81%A8%E3%81%9F" n3="%77%72%77%72%77%72%77%72" dan="17,17,16,16" rate="2191.88,2231.24,2129.79,2228.03" sx="M,M,M,M"/><TAIKYOKU oya="0"/><INIT seed="0,0,0,2,2,80" ten="250,250,250,250" oya="0" hai0="83,93,101,35,119,36,16,74,57,103,122,20,97" hai1="34,10,30,26,41,6,128,135,102,55,124,66,12" hai2="115,63,87,110,19,50,69,117,118,134,112,64,61" hai3="24,31,95,85,126,71,5,73,133,58,25,120,49"/><T94/><D119/><N who="2" m="45578" /><F19/><W27/><G71/><T86/><D35/><U11/><E128/><V22/><F22/><W111/><G73/><T91/><D36/><U70/><E135/><V53/><F87/><W100/><G133/><T43/><D122/><U32/><E124/><V78/><F78/><W23/><G126/><T109/><D43/><U48/><E102/><V42/><F42/><W113/><G113/><T15/><D109/><U125/><E41/><V39/><F39/><W38/><G111/><T8/><D74/><U108/><E108/><V17/><F17/><W99/><G120/><T2/><D57/><U107/><E125/><V7/><F7/><W77/><G5/><T13/><D2/><U28/><E11/><V132/><F110/><W51/><G38/><T88/><D83/><U60/><E30/><V84/><F84/><W129/><G129/><T96/><D86/><U40/><E40/><V33/><F33/><W37/><G37/><T14/><D14/><U4/><E4/><AGARI ba="0,0" hai="4,8,13,15,16,20,88,91,93,94,96,97,101,103" machi="4" ten="30,12000,1" yaku="7,1,9,1,8,1,54,2" doraHai="80" who="0" fromWho="1" sc="250,120,250,-120,250,0,250,0" /><INIT seed="0,1,0,0,4,60" ten="370,130,250,250" oya="0" hai0="55,103,124,0,53,12,1,18,94,36,52,13,40" hai1="16,42,110,23,35,76,29,54,14,26,59,49,28" hai2="15,97,2,98,45,112,43,57,5,107,87,118,69" hai3="3,10,4,101,104,84,80,66,81,25,85,88,96"/><T92/><D124/><U91/><E110/><V71/><F112/><W72/><G72/><T63/><D36/><U11/><E76/><V19/><F2/><W120/><G120/><T82/><D40/><U106/><E106/><V100/><F5/><W126/><G126/><T117/><D117/><U31/><E42/><V123/><F123/><W37/><G37/><T70/><D82/><U108/><E108/><V44/><F44/><W131/><G131/><T8/><D13/><U39/><E39/><V62/><F97/><W135/><G135/><T30/><D30/><U83/><REACH who="1" step="1"/><E35/><REACH who="1" ten="370,120,250,250" step="2"/><V48/><F118/><W125/><G125/><T86/><D0/><U116/><E116/><V114/><F114/><W121/><G121/><T21/><D1/><U113/><E113/><V132/><F132/><W129/><G129/><T111/><D111/><U90/><E90/><V77/><F77/><W20/><G104/><T46/><D103/><U130/><E130/><V50/><F107/><W134/><G88/><T47/><D21/><U79/><E79/><V38/><F100/><W64/><G134/><T7/><D7/><U119/><E119/><V122/><F122/><W105/><G20/><T9/><D8/><U32/><E32/><V109/><F109/><W74/><G105/><T51/><D9/><U102/><E102/><V68/><F38/><W89/><G101/><T22/><D22/><U41/><E41/><V27/><F43/><W93/><G10/><T58/><D18/><U99/><E99/><V56/><F98/><N who="3" m="57647" /><G4/><T133/><D133/><U17/><E17/><V6/><F19/><RYUUKYOKU ba="1,1" sc="370,-10,120,30,250,-10,250,-10" hai1="11,14,16,23,26,28,29,31,49,54,59,83,91" /><INIT seed="1,2,1,2,2,60" ten="360,150,240,240" oya="1" hai0="45,113,125,81,69,42,107,27,43,122,50,26,23" hai1="77,0,28,46,24,74,44,126,79,54,130,93,135" hai2="29,110,98,75,120,62,3,96,65,84,117,88,111" hai3="114,52,127,133,36,131,68,20,21,40,95,1,101"/><U66/><E0/><V25/><F117/><W53/><G114/><T6/><D113/><U47/><E126/><V41/><F75/><W18/><G1/><T106/><D125/><U91/><E130/><V85/><F3/><W132/><G127/><T30/><D122/><U90/><E135/><N who="3" m="51786" /><G68/><T97/><D6/><U9/><E9/><V129/><F41/><W119/><G119/><T128/><D42/><U55/><E66/><V15/><F15/><W100/><G21/><T71/><D128/><U73/><E93/><N who="2" m="54407" /><F85/><W58/><G131/><T38/><D38/><U63/><E63/><V115/><F115/><W16/><G18/><T34/><D81/><U56/><E56/><N who="2" m="37063" /><F120/><W76/><G76/><T104/><REACH who="0" step="1"/><D97/><REACH who="0" ten="350,150,240,240" step="2"/><U12/><E73/><V2/><F129/><W5/><G40/><T83/><D83/><U103/><E74/><V48/><F96/><W109/><G36/><T61/><D61/><U67/><E67/><V121/><F98/><W116/><G5/><T92/><D92/><U39/><E39/><V8/><F121/><W51/><G95/><T105/><D105/><U80/><E80/><V64/><F48/><N who="3" m="30983" /><G116/><T11/><D11/><U19/><E103/><V14/><F8/><W31/><G101/><T4/><D4/><U33/><E77/><V78/><F78/><W87/><G100/><T17/><AGARI ba="2,2" hai="17,23,26,27,30,34,43,45,50,69,71,104,106,107" machi="17" ten="30,2000,0" yaku="1,1,0,1,53,0" doraHai="60" doraHaiUra="7" who="0" fromWho="0" sc="350,46,150,-12,240,-7,240,-7" /><INIT seed="2,0,0,3,1,80" ten="396,138,233,233" oya="2" hai0="39,105,117,111,4,8,55,130,94,109,7,57,22" hai1="97,61,79,48,0,122,54,124,26,132,110,43,84" hai2="104,119,73,129,126,116,134,5,91,28,98,131,34" hai3="16,64,78,12,19,42,47,60,103,123,71,66,45"/><V120/><F120/><W114/><G114/><T27/><D105/><U18/><E0/><V106/><F5/><W128/><G123/><T15/><D130/><N who="2" m="49674" /><F28/><W29/><G128/><T88/><D39/><U56/><E122/><V112/><F34/><W50/><G78/><T93/><D117/><N who="2" m="45130" /><F112/><W52/><G103/><T14/><D94/><U30/><E110/><N who="0" m="41993" /><D15/><U35/><E124/><V118/><N who="2" m="45138" /><V101/><DORA hai="82" /><F126/><W135/><G135/><T115/><D7/><U76/><E132/><V62/><F73/><W108/><G108/><T70/><D70/><U36/><E36/><V87/><F62/><W107/><G107/><T9/><D115/><U44/><E97/><N who="2" m="61487" /><F134/><W65/><G29/><N who="0" m="17655" /><D8/><U58/><E18/><V133/><F133/><W49/><G19/><T24/><D24/><U90/><REACH who="1" step="1"/><E56/><REACH who="1" ten="396,128,233,233" step="2"/><V63/><F98/><W1/><G1/><T67/><D57/><U3/><E3/><V46/><F106/><W38/><G38/><T102/><D4/><U100/><E100/><V13/><F13/><W95/><G12/><T81/><D14/><U68/><E68/><V72/><F72/><W11/><G16/><T20/><D102/><U96/><E96/><V69/><F69/><W31/><G11/><T32/><D9/><U23/><E23/><V74/><F74/><W75/><G75/><T92/><D20/><U77/><E77/><V113/><F113/><W6/><G6/><T25/><D32/><U2/><E2/><V59/><F59/><W41/><G71/><T121/><D121/><U85/><E85/><V86/><F86/><W17/><G17/><RYUUKYOKU ba="0,1" sc="396,-10,128,30,233,-10,233,-10" hai1="26,30,35,43,44,48,54,58,61,76,79,84,90" /><INIT seed="3,1,1,3,4,56" ten="386,158,223,223" oya="3" hai0="104,88,126,72,53,25,40,102,59,125,42,131,95" hai1="123,28,6,44,39,80,11,46,17,86,57,108,119" hai2="60,13,58,43,112,134,75,103,106,63,33,120,128" hai3="48,50,62,4,100,47,31,94,10,67,41,34,73"/><W99/><G73/><T78/><D131/><U74/><E123/><V121/><F33/><W79/><G79/><T109/><D109/><U96/><E108/><V82/><F128/><W20/><G34/><T54/><D104/><U26/><E119/><V1/><F1/><W23/><G48/><N who="0" m="31143" /><D102/><U68/><E68/><V37/><F112/><W61/><G31/><T66/><D66/><U110/><E110/><V64/><F134/><W76/><G76/><T77/><D54/><U111/><E74/><V5/><F82/><W135/><G135/><T92/><D92/><U85/><E111/><V55/><F75/><W81/><G81/><T36/><D36/><U15/><E39/><V24/><F43/><N who="0" m="16426" /><D72/><U12/><E96/><N who="2" m="61799" /><F37/><W133/><G67/><T18/><D125/><U19/><E57/><V49/><F64/><W83/><G83/><T3/><D3/><U124/><E124/><V117/><F117/><W118/><G133/><T69/><D69/><U29/><E6/><V27/><F121/><W107/><G107/><T21/><D126/><U22/><E85/><AGARI ba="1,1" hai="18,21,25,77,78,85,88,95" m="16426,31143" machi="85" ten="30,2000,0" yaku="8,1,54,1" doraHai="56" who="0" fromWho="1" sc="386,33,158,-23,223,0,223,0" owari="419,51.9,135,-36.5,223,2.3,223,-17.7" /></mjloggm>