<mjloggm ver="2.3"><GO type="225" lobby="0"/><UN n0="%E7%89%B9%E6%9D%B1%E3%81%AF%E4%B8%96%E7%95%8C%E3%82%92%E6%95%91%E3%81%86" n1="%E3%81%A9%E3%82%93%E3%82%88%E3%81%8F%4D%6B%2E%32" n2="%E8%91%B5%E3%81%A1%E3%82%83%E3%82%93" n3="%E3%80%93%E3%81%97%E3%83%BC%E3%82%89%E3%80%93" dan="16,16,17,16" rate="2181.57,2148.40,2209.17,2178.72" sx="M,M,F,M"/><TAIKYOKU oya="0"/><INIT seed="0,0,0,1,3,61" ten="250,250,250,250" oya="0" hai0="87,2,54,44,130,85,50,97,75,17,79,128,16" hai1="131,42,125,129,92,58,88,64,20,5,101,21,66" hai2="132,10,62,78,40,104,98,112,67,12,127,69,25" hai3="38,26,31,106,95,117,93,56,111,53,27,49,57"/><T115/><D115/><U113/><E113/><V96/><F112/><W47/><G106/><T45/><D2/><U122/><E122/><V18/><F127/><W76/><G117/><T8/><D75/><U29/><E125/><V80/><F132/><W68/><G68/><T24/><D97/><N who="1" m="59559" /><E42/><V120/><F120/><W4/><G111/><T86/><D79/><U108/><E108/><V30/><F40/><W126/><G126/><T3/><D44/><U23/><E29/><V52/><F52/><N who="3" m="31759" /><G38/><T34/><D34/><U9/><E58/><V99/><F104/><W14/><G76/><T89/><D89/><U119/><E119/><V28/><REACH who="2" step="1"/><F25/><REACH who="2" ten="250,250,240,250" step="2"/><W90/><G27/><T109/><D109/><U123/><E123/><V105/><F105/><W114/><G26/><T11/><D24/><U15/><E131/><N who="0" m="50217" /><D3/><U48/><E129/><V84/><AGARI ba="0,1" hai="10,12,18,28,30,62,67,69,78,80,84,96,98,99" machi="84" ten="30,7900,0" yaku="1,1,0,1,52,1,53,1" doraHai="61" doraHaiUra="72" who="2" fromWho="2" sc="250,-39,250,-20,240,89,250,-20" /><INIT seed="1,0,0,2,3,108" ten="211,230,329,230" oya="1" hai0="59,118,117,64,27,102,107,36,8,0,121,128,3" hai1="51,58,22,110,69,13,28,38,34,125,134,21,60" hai2="40,131,19,56,17,129,126,18,61,71,31,89,88" hai3="104,39,127,111,66,80,1,115,50,114,42,25,26"/><U41/><E110/><V4/><F71/><W81/><G111/><T48/><D36/><U119/><E119/><V106/><F106/><W6/><G104/><T105/><D128/><N who="2" m="49226" /><F126/><W68/><G50/><T33/><D121/><U103/><E125/><V123/><F123/><W91/><G127/><T75/><D75/><U79/><E134/><V45/><F31/><W43/><G91/><T130/><D130/><U132/><E132/><V55/><F4/><W16/><G16/><N who="2" m="4097" /><V62/><DORA hai="96" /><F62/><W9/><G43/><T109/><D105/><U94/><E41/><V112/><F112/><N who="3" m="43051" /><G80/><T65/><D109/><U95/><E69/><V87/><F87/><W85/><G85/><T73/><D107/><U97/><E60/><V20/><F20/><W116/><G116/><T92/><D117/><U7/><E22/><V44/><F44/><N who="3" m="23647" /><G66/><T99/><D65/><U76/><E21/><V83/><F83/><W113/><G113/><T78/><D118/><U23/><E23/><V67/><F67/><W84/><G68/><T12/><D64/><U72/><E94/><V46/><F46/><W49/><G49/><AGARI ba="0,0" hai="40,45,49,55,56,61,88,89" m="4097,49226" machi="49" ten="40,5200,0" yaku="19,1,54,2" doraHai="108,96" who="2" fromWho="3" sc="211,0,230,0,329,52,230,-52" /><INIT seed="2,0,0,4,1,103" ten="211,230,381,178" oya="2" hai0="83,115,20,86,33,29,59,9,18,132,123,11,28" hai1="91,80,78,89,13,27,39,77,62,98,66,97,8" hai2="40,95,60,67,87,31,73,134,43,131,48,74,16" hai3="64,92,49,42,100,58,32,5,133,105,111,112,51"/><V124/><F124/><W117/><G32/><T50/><D115/><U79/><E39/><V94/><F31/><W116/><G112/><T52/><D123/><U75/><E27/><V53/><F131/><W69/><G5/><T57/><D132/><U6/><E75/><V46/><F134/><W120/><G133/><T54/><D33/><U4/><E4/><V34/><F34/><W126/><G92/><T113/><D29/><U118/><E118/><V125/><F125/><W99/><G126/><T128/><D28/><U109/><E109/><V41/><F95/><W84/><G120/><T121/><D128/><U107/><E107/><V12/><F87/><W85/><G111/><T119/><D119/><U122/><E122/><V7/><F94/><W108/><G108/><T14/><D113/><U15/><E15/><V24/><F24/><W56/><G116/><T17/><D17/><U127/><E127/><V135/><F7/><W44/><G117/><T38/><D38/><U21/><E21/><V101/><F101/><W25/><G25/><T3/><D3/><U23/><E23/><V96/><F96/><N who="1" m="36969" /><E80/><V110/><F110/><W76/><G51/><N who="0" m="30879" /><D121/><U45/><E45/><V22/><REACH who="2" step="1"/><F135/><REACH who="2" ten="211,230,371,178" step="2"/><W37/><G76/><AGARI ba="0,1" hai="9,11,14,18,20,50,54,59,76,83,86" m="30879" machi="76" ten="30,2000,0" yaku="8,1,54,1" doraHai="103" who="0" fromWho="3" sc="211,30,230,0,371,0,178,-20" /><INIT seed="3,0,0,4,2,47" ten="241,230,371,158" oya="3" hai0="77,124,42,130,98,53,132,111,25,17,83,55,68" hai1="61,73,120,34,100,110,126,81,65,96,41,24,52" hai2="59,60,89,18,8,103,66,114,20,29,23,135,129" hai3="122,125,121,2,3,104,92,94,107,133,57,115,74"/><W91/><G57/><T62/><D42/><U32/><E120/><N who="3" m="46186" /><G91/><T19/><D111/><U11/><E110/><V33/><F103/><W1/><G74/><T109/><D109/><U113/><E113/><V21/><F114/><W76/><G115/><T38/><D38/><U36/><E11/><V101/><F101/><W85/><G85/><T0/><D0/><N who="3" m="1" /><W6/><DORA hai="22" /><G6/><T131/><D98/><U30/><E36/><V119/><F89/><W45/><G45/><T88/><D88/><U118/><E41/><V84/><F59/><W27/><G76/><T87/><D68/><U9/><E73/><V116/><F84/><W37/><G37/><T10/><D55/><U50/><E52/><V51/><F66/><W97/><G133/><T123/><D132/><U28/><E65/><V63/><F135/><W67/><G67/><T26/><D123/><U56/><E56/><V54/><F54/><W64/><G64/><T49/><D53/><U12/><E61/><V13/><F60/><W40/><G40/><T95/><D62/><U108/><E108/><V35/><F63/><W48/><G48/><T128/><D49/><U39/><E50/><V90/><F51/><W99/><G27/><T71/><D26/><U58/><E39/><V72/><F72/><W75/><G75/><T43/><D25/><U105/><E58/><V16/><F90/><N who="3" m="55447" /><G125/><T44/><D124/><U79/><E126/><V7/><F7/><W70/><G70/><T14/><D71/><U86/><E118/><N who="2" m="45099" /><F18/><W31/><G31/><N who="1" m="11818" /><E24/><N who="2" m="18599" /><F35/><W82/><G82/><T5/><D95/><U106/><E106/><RYUUKYOKU ba="0,0" sc="241,0,230,0,371,0,158,0" hai0="5,10,14,17,19,43,44,77,83,87,128,130,131" hai1="9,12,32,34,79,81,86,96,100,105" hai2="8,13,16,20,21,23,129" hai3="94,99,104,107" /><INIT seed="3,1,0,3,2,74" ten="241,230,371,158" oya="3" hai0="18,32,128,104,92,107,77,19,110,63,59,51,118" hai1="8,60,38,50,65,37,27,58,76,55,72,40,112" hai2="41,71,121,36,17,98,82,28,33,86,12,89,87" hai3="10,100,52,53,29,34,0,11,75,61,13,44,130"/><W99/><G130/><T70/><D118/><U39/><E112/><V43/><F71/><W131/><G131/><T5/><D128/><U120/><E120/><V135/><F121/><W49/><G75/><T124/><D32/><U7/><E27/><V97/><F135/><W16/><G34/><T69/><D5/><U105/><E105/><V15/><F33/><W64/><G29/><T111/><D77/><U54/><E76/><N who="2" m="46407" /><F28/><W96/><G53/><N who="1" m="19978" /><E8/><N who="3" m="3114" /><G0/><T93/><D104/><U116/><E7/><V102/><F36/><N who="1" m="13929" /><E72/><V109/><F109/><W26/><G26/><T46/><D107/><U45/><E116/><V125/><F125/><W91/><G100/><T94/><D124/><U133/><E133/><V117/><F102/><W4/><G4/><T119/><D119/><U66/><N who="1" m="13937" /><U62/><DORA hai="80" /><E62/><V25/><F25/><W56/><G91/><T126/><D126/><U81/><E81/><N who="2" m="49391" /><F117/><W114/><G114/><T123/><D123/><U1/><E1/><V78/><F78/><W3/><G3/><T84/><D111/><U90/><E90/><V79/><F79/><W108/><G108/><T85/><D110/><U20/><E20/><AGARI ba="1,0" hai="13,16,20,44,49,52,56,61,64,96,99" m="3114" machi="20" ten="30,5800,0" yaku="8,1,54,2" doraHai="74,80" who="3" fromWho="1" sc="241,0,230,-61,371,0,158,61" /><INIT seed="3,2,0,4,5,108" ten="241,169,371,219" oya="3" hai0="24,84,17,57,29,59,31,20,1,102,6,126,62" hai1="116,68,4,15,54,130,13,49,19,118,89,115,107" hai2="28,93,35,46,73,11,9,45,63,27,85,37,75" hai3="95,122,120,30,96,88,127,52,41,61,98,48,103"/><W81/><G127/><T97/><D126/><U12/><E107/><V82/><F93/><W69/><G30/><T74/><D74/><U110/><E68/><V14/><F11/><W53/><G41/><T128/><D128/><U92/><E4/><V114/><F114/><W26/><G26/><T39/><D39/><U23/><E110/><V66/><F75/><W76/><G69/><T36/><D36/><U106/><E106/><V83/><F73/><W70/><G53/><T135/><D135/><U104/><E104/><V105/><F105/><W99/><G70/><T51/><D84/><U78/><E78/><V33/><F33/><W64/><G61/><T21/><D6/><U42/><E42/><V0/><F0/><W43/><G64/><T91/><D102/><U86/><E130/><V58/><F37/><W47/><G43/><T3/><D3/><U124/><E124/><V109/><F109/><W8/><G8/><T71/><D71/><U113/><E13/><V101/><F101/><W44/><G44/><T40/><D40/><U132/><E12/><V65/><F65/><W5/><G5/><T18/><D1/><U117/><E132/><V25/><F25/><W129/><G129/><T79/><D79/><U94/><E94/><V87/><F14/><W119/><G95/><N who="0" m="56575" /><D51/><U112/><E112/><V7/><F7/><W67/><G76/><T34/><D34/><U133/><E133/><V56/><F9/><W55/><G103/><T125/><D125/><U90/><E90/><V100/><F100/><W60/><G88/><T32/><D32/><U22/><E22/><RYUUKYOKU ba="2,0" sc="241,-10,169,30,371,-10,219,-10" hai1="15,19,23,49,54,86,89,92,113,115,116,117,118" owari="231,3.1,199,-30.1,361,46.1,209,-19.1" /></mjloggm>