<mjloggm ver="2.3"><GO type="225" lobby="0"/><UN n0="%E5%8D%A0%E3%81%84%E5%B8%AB%E8%A3%8F%E3%81%AA%E3%81%84%E3%81%97" n1="%4C%4F%4C%49%54%41" n2="%E3%80%90%E3%83%88%E3%83%AA%E3%83%A5%E3%83%95%E3%80%91" n3="%E3%82%B3%E3%83%90%E3%83%AC%E3%82%A4" dan="17,16,16,16" rate="2217.39,2159.54,2029.73,2113.88" sx="M,F,M,M"/><TAIKYOKU oya="0"/><INIT seed="0,0,0,4,5,15" ten="250,250,250,250" oya="0" hai0="39,97,82,37,16,121,22,114,88,54,72,123,124" hai1="128,51,58,25,11,132,3,26,38,73,113,52,64" hai2="41,14,49,76,18,84,134,29,5,108,27,99,107" hai3="42,112,48,83,130,44,95,34,127,85,94,78,70"/><T120/><D114/><U50/><E38/><V65/><F108/><W71/><G112/><T111/><D124/><U92/><E113/><V0/><F134/><W8/><G34/><T68/><D68/><U35/><E73/><V31/><F65/><W13/><G127/><T135/><D135/><U1/><E132/><V7/><F0/><W30/><G30/><T75/><D111/><U32/><E64/><V129/><F129/><W117/><G130/><T57/><D75/><U69/><E128/><V67/><F67/><W126/><G117/><T93/><D82/><U24/><E69/><V125/><F125/><W109/><G109/><T104/><D104/><U74/><E74/><V33/><F31/><W45/><G126/><T43/><D43/><U122/><E122/><V40/><F40/><W91/><G45/><T6/><D6/><U81/><E81/><V59/><F84/><W116/><G95/><T80/><D80/><U66/><E66/><V131/><F76/><W10/><G10/><T89/><D89/><U19/><E50/><V47/><F59/><W115/><G116/><T28/><D28/><U60/><E51/><V63/><F63/><W20/><G20/><T96/><D96/><U119/><E92/><V98/><F131/><W86/><G115/><T46/><D46/><U61/><E61/><V62/><F62/><W53/><G53/><T9/><D9/><U102/><E119/><V100/><REACH who="2" step="1"/><F99/><REACH who="2" ten="250,250,240,250" step="2"/><W90/><G78/><T2/><D2/><U21/><E1/><V105/><F105/><W77/><G77/><T110/><D110/><U87/><E3/><RYUUKYOKU ba="0,1" sc="250,-15,250,-15,240,15,250,15" hai2="5,7,14,18,27,29,33,41,47,49,98,100,107" hai3="8,13,42,44,48,70,71,83,85,86,90,91,94" /><INIT seed="1,1,1,1,1,79" ten="235,235,255,265" oya="1" hai0="47,84,55,99,11,30,133,131,38,72,114,40,105" hai1="39,28,56,112,110,51,91,92,36,106,17,129,48" hai2="77,44,7,108,76,54,0,86,104,3,45,95,35" hai3="18,22,127,118,15,101,65,57,41,61,29,27,69"/><U117/><E112/><V119/><F119/><W63/><G118/><T88/><D114/><U120/><E117/><V71/><F104/><W121/><G121/><T116/><D116/><U113/><E113/><V32/><F71/><W107/><G41/><T73/><D30/><U53/><E120/><V125/><F7/><W126/><G101/><T89/><D133/><U97/><E129/><V5/><F5/><W78/><G107/><T70/><D131/><U20/><E28/><V87/><F95/><W43/><G43/><T19/><D70/><U52/><E106/><V31/><F108/><W13/><G78/><T109/><D109/><U80/><E80/><V135/><F31/><W2/><G2/><T9/><D55/><U122/><E122/><V50/><F50/><W124/><G29/><T62/><D62/><U134/><E134/><V8/><F8/><W128/><G128/><T103/><D89/><U90/><E91/><V94/><F94/><W33/><G33/><T85/><D85/><U100/><E90/><V98/><F135/><W24/><G24/><T4/><D19/><U1/><E1/><V93/><F93/><W96/><G96/><T64/><D64/><AGARI ba="1,1" hai="13,15,18,22,27,57,61,63,64,65,69,124,126,127" machi="64" ten="40,1300,0" yaku="18,1" doraHai="79" who="3" fromWho="0" sc="235,-16,235,0,255,0,265,26" /><INIT seed="2,0,0,1,3,121" ten="219,235,255,291" oya="2" hai0="39,92,95,87,106,80,38,125,74,123,7,33,4" hai1="10,51,119,63,62,64,113,23,58,101,43,81,124" hai2="55,72,77,44,88,36,34,104,20,40,114,57,70" hai3="28,8,76,133,120,89,102,6,90,17,3,2,14"/><V129/><F114/><W42/><G120/><T50/><D123/><U109/><E113/><V105/><F70/><W131/><G133/><T60/><D106/><U117/><E124/><V5/><F34/><W115/><G115/><T52/><D33/><U96/><E109/><V73/><F5/><W134/><G134/><T11/><D125/><U12/><E23/><V41/><F41/><W75/><G3/><T67/><D74/><U116/><E81/><V69/><F69/><W59/><G102/><T126/><D126/><U54/><E43/><V100/><F129/><W37/><G28/><T68/><D38/><U103/><E96/><V32/><F32/><W29/><G29/><T48/><D48/><U135/><E135/><V27/><F27/><W16/><G17/><T9/><D4/><U15/><E15/><V79/><F20/><W122/><G59/><T94/><D39/><U21/><E21/><V22/><F22/><N who="3" m="11543" /><G131/><T111/><D111/><U0/><E0/><V1/><F1/><W118/><G118/><T112/><D7/><U110/><E110/><V85/><F100/><W66/><G66/><T49/><D49/><U83/><E63/><V132/><F132/><W47/><G122/><T61/><D61/><U93/><E83/><AGARI ba="0,0" hai="2,6,8,37,42,47,75,76,83,89,90" m="11543" machi="83" ten="30,2000,0" yaku="25,1,54,1" doraHai="121" who="3" fromWho="1" sc="219,0,235,-20,255,0,291,20" /><INIT seed="3,0,0,4,4,124" ten="219,215,255,311" oya="3" hai0="88,84,69,35,60,17,11,25,15,119,38,75,62" hai1="80,98,8,117,44,72,118,85,86,115,10,123,112" hai2="20,105,90,102,94,106,57,109,128,12,40,65,74" hai3="92,45,42,116,95,39,37,43,132,31,19,126,1"/><W129/><G116/><N who="1" m="44650" /><E123/><V9/><F109/><W53/><G1/><T71/><D119/><U61/><E72/><V22/><F74/><W114/><G126/><T113/><D75/><U58/><E98/><V66/><F128/><W24/><G114/><N who="1" m="43562" /><E44/><V68/><F68/><W79/><G129/><T122/><D122/><U16/><BYE who="0" /><E16/><V78/><F78/><W41/><G79/><T18/><D18/><U133/><E133/><V33/><F40/><UN n0="%E5%8D%A0%E3%81%84%E5%B8%AB%E8%A3%8F%E3%81%AA%E3%81%84%E3%81%97" /><W56/><G132/><T21/><D35/><U70/><E70/><V77/><F77/><W47/><G19/><N who="0" m="12479" /><D38/><U100/><E100/><V26/><F102/><W30/><G30/><T28/><D113/><U130/><E130/><V54/><F33/><W2/><G2/><T3/><D3/><U29/><E29/><N who="2" m="17607" /><F22/><N who="3" m="15767" /><G39/><T110/><D110/><U120/><E120/><V93/><F106/><W82/><G37/><T134/><D134/><U96/><E96/><N who="2" m="57399" /><F94/><N who="3" m="35883" /><G82/><N who="0" m="49175" /><D71/><U4/><E4/><N who="2" m="3111" /><F105/><W108/><G108/><T23/><D69/><U52/><E85/><V14/><F14/><W111/><G111/><T51/><D28/><U0/><E0/><V7/><F7/><W67/><G43/><T101/><D101/><U73/><E73/><V46/><F46/><W91/><G42/><T127/><D127/><U83/><E83/><V97/><F97/><W49/><G41/><T63/><D23/><U104/><E104/><V121/><F121/><W36/><G36/><T6/><D6/><U87/><E87/><V131/><F131/><W5/><G5/><T13/><D13/><U34/><BYE who="0" /><E34/><UN n0="%E5%8D%A0%E3%81%84%E5%B8%AB%E8%A3%8F%E3%81%AA%E3%81%84%E3%81%97" /><V64/><F57/><W107/><G107/><RYUUKYOKU ba="0,0" sc="219,10,215,10,255,10,311,-30" hai0="11,15,17,51,60,62,63" hai1="8,10,52,58,61,80,86" hai2="54,64,65,66" /><INIT seed="4,1,0,0,1,100" ten="229,225,265,281" oya="0" hai0="64,126,92,49,26,62,132,5,35,39,74,128,75" hai1="27,47,130,105,10,58,111,25,80,84,13,78,21" hai2="95,134,101,90,118,123,50,113,44,108,99,115,55" hai3="34,32,79,40,72,82,0,71,20,125,103,19,9"/><T2/><D39/><U112/><E111/><V67/><F108/><W77/><G71/><T12/><D2/><U17/><E130/><V119/><F123/><W14/><G77/><T51/><D128/><U3/><E112/><N who="2" m="43083" /><F67/><W94/><G125/><T61/><D126/><U53/><E105/><N who="2" m="63679" /><F134/><W7/><G40/><T16/><D132/><U69/><E69/><V45/><F44/><W116/><G116/><T52/><D5/><U86/><E47/><V91/><F91/><W46/><G46/><T60/><D64/><U81/><E3/><V135/><F135/><W11/><G103/><T41/><D26/><U36/><E36/><V38/><F38/><W98/><G98/><AGARI ba="1,0" hai="45,50,55,90,95,98,118,119" m="63679,43083" machi="98" ten="30,2000,0" yaku="15,1,52,1" doraHai="100" who="2" fromWho="3" sc="229,0,225,0,265,23,281,-23" /><INIT seed="5,0,0,1,3,78" ten="229,225,288,258" oya="1" hai0="121,77,98,58,50,33,2,87,74,40,90,20,109" hai1="35,45,120,36,13,128,6,57,94,99,130,22,106" hai2="29,34,51,55,133,134,64,10,49,53,17,118,18" hai3="95,5,126,103,7,9,54,27,86,38,67,66,61"/><U131/><E35/><V113/><F118/><W108/><G38/><T122/><D109/><U110/><E120/><N who="0" m="46185" /><D33/><U80/><E106/><V132/><F64/><W19/><G108/><T97/><D2/><U8/><E110/><V88/><F113/><W116/><G116/><T135/><D135/><U23/><E57/><N who="2" m="32943" /><F10/><W39/><G39/><T100/><D58/><U83/><E36/><V28/><F34/><W129/><G126/><T119/><D119/><U41/><E45/><N who="2" m="28143" /><F88/><W65/><G129/><T124/><D90/><N who="1" m="55767" /><E41/><V25/><F25/><W115/><G115/><T76/><D40/><U52/><E52/><V1/><F1/><W125/><G125/><T123/><D124/><U114/><E114/><V42/><F42/><W96/><G54/><T11/><D123/><U81/><AGARI ba="0,0" hai="6,8,13,22,23,80,81,83,128,130,131" m="55767" machi="81" ten="40,12000,1" yaku="19,1,52,3" doraHai="78" who="1" fromWho="1" sc="229,-40,225,120,288,-40,258,-40" owari="189,-31.1,345,44.5,248,4.8,218,-18.2" /></mjloggm>