<mjloggm ver="2.3"><GO type="225" lobby="0"/><UN n0="%E3%81%B5%E3%81%98%E3%81%8B%E3%81%A4" n1="%4B%2E%32%2E%4B%2E" n2="%EF%BC%B3%E3%81%9E%E3%81%88%E2%98%86" n3="%E3%83%81%E3%83%AF%E3%83%AF%E9%9A%8A%E9%95%B7" dan="17,16,16,16" rate="2202.80,2105.38,2083.14,2115.19" sx="M,M,M,M"/><TAIKYOKU oya="0"/><INIT seed="0,0,0,2,3,61" ten="250,250,250,250" oya="0" hai0="68,58,38,103,102,15,27,18,91,121,45,94,107" hai1="86,81,82,21,119,124,96,105,37,85,24,39,57" hai2="33,97,4,35,83,19,14,56,55,10,74,80,95" hai3="134,117,8,54,52,99,66,23,40,12,133,71,129"/><T9/><D121/><U41/><E119/><V92/><F35/><W120/><G117/><T49/><D68/><U98/><E124/><V110/><F110/><W70/><G120/><T3/><D107/><U59/><E105/><V87/><F33/><W20/><G129/><T115/><D115/><U69/><E69/><N who="3" m="26122" /><G40/><T65/><D38/><U84/><E21/><N who="3" m="8266" /><G99/><T62/><D3/><U93/><E24/><V48/><F74/><W76/><G76/><T5/><D5/><U32/><E32/><V88/><REACH who="2" step="1"/><F4/><REACH who="2" ten="250,250,240,250" step="2"/><W60/><G133/><T77/><D27/><U122/><E122/><V1/><F1/><W29/><G134/><T123/><D123/><U51/><E37/><V11/><F11/><W6/><G6/><T73/><D73/><U64/><E39/><V132/><F132/><W135/><G8/><T0/><D0/><U50/><E84/><V75/><F75/><W108/><G135/><T101/><D77/><U128/><E85/><V113/><F113/><W44/><G108/><T127/><D127/><U63/><E86/><V116/><F116/><W26/><G29/><T78/><D78/><U131/><E131/><V125/><F125/><W89/><G26/><T90/><REACH who="0" step="1"/><D94/><REACH who="0" ten="240,250,240,250" step="2"/><U106/><E93/><V130/><F130/><W42/><G12/><T109/><D109/><U16/><E128/><V112/><F112/><W46/><G89/><AGARI ba="0,2" hai="10,14,19,48,55,56,80,83,87,88,89,92,95,97" machi="89" ten="30,7700,0" yaku="1,1,7,1,8,1,54,1,53,0" doraHai="61" doraHaiUra="2" who="2" fromWho="3" sc="240,0,250,0,240,97,250,-77" /><INIT seed="1,0,0,0,5,67" ten="240,250,337,173" oya="1" hai0="127,74,42,18,89,81,20,97,118,121,113,51,90" hai1="43,12,34,5,135,38,54,23,62,72,8,1,61" hai2="19,95,2,86,29,99,40,91,96,28,45,25,53" hai3="39,58,85,71,101,129,128,63,56,120,116,4,70"/><U44/><E135/><V100/><F2/><W64/><G39/><T14/><D118/><U73/><E34/><V6/><F6/><W125/><G120/><T79/><D113/><U22/><E22/><N who="2" m="13535" /><F40/><W131/><G116/><T76/><D127/><U105/><E105/><V47/><F99/><W41/><G125/><T122/><D79/><U17/><REACH who="1" step="1"/><E54/><REACH who="1" ten="240,240,337,173" step="2"/><V84/><F53/><W115/><G115/><T46/><REACH who="0" step="1"/><D97/><REACH who="0" ten="230,240,337,173" step="2"/><U15/><E15/><V59/><F96/><W104/><G129/><T77/><D77/><U108/><E108/><V103/><F103/><W65/><G131/><T3/><D3/><U88/><E88/><AGARI ba="0,2" hai="14,18,20,42,46,51,74,76,81,88,89,90,121,122" machi="88" ten="40,5200,0" yaku="1,1,54,1,53,1" doraHai="67" doraHaiUra="9" who="0" fromWho="1" sc="230,72,240,-52,337,0,173,0" /><INIT seed="2,0,0,1,3,126" ten="302,188,337,173" oya="2" hai0="65,129,113,117,47,52,64,75,101,18,26,111,50" hai1="17,115,14,15,22,119,134,133,8,19,83,7,100" hai2="13,63,90,60,41,30,61,105,1,66,73,36,58" hai3="124,94,84,28,85,62,11,92,55,39,46,71,53"/><V74/><F1/><W77/><G124/><T43/><D113/><U120/><E115/><V116/><F116/><W25/><G11/><T32/><D117/><U99/><E119/><V91/><F105/><W135/><G135/><N who="1" m="51722" /><E83/><V95/><F30/><W123/><G123/><T37/><D111/><U2/><E120/><V38/><F41/><W131/><G131/><T23/><D75/><N who="2" m="28682" /><F95/><W96/><G92/><T42/><D129/><U86/><E86/><V49/><F49/><W89/><G84/><T12/><D101/><U110/><E110/><V24/><F13/><N who="1" m="4617" /><E22/><V104/><F24/><W31/><G25/><T76/><D76/><U107/><AGARI ba="0,0" hai="2,7,8,17,19,99,100,107" m="4617,51722" machi="107" ten="30,1100,0" yaku="20,1" doraHai="126" who="1" fromWho="1" sc="302,-3,188,11,337,-5,173,-3" /><INIT seed="3,0,0,3,4,56" ten="299,199,332,170" oya="3" hai0="16,4,75,111,95,25,94,123,112,65,34,72,29" hai1="42,58,104,90,131,77,20,110,61,108,21,43,30" hai2="125,10,17,79,52,13,22,39,68,26,78,45,37" hai3="101,93,40,19,2,113,109,82,27,53,80,35,121"/><W18/><G2/><T133/><D123/><U51/><E104/><V124/><F68/><W135/><G121/><T11/><D133/><U115/><E115/><V64/><F64/><W126/><G113/><T0/><D112/><U73/><E131/><V91/><F91/><W38/><G135/><T83/><D111/><N who="1" m="42539" /><E90/><V57/><F45/><W62/><G109/><T107/><D107/><U6/><E6/><V87/><F87/><W44/><G126/><N who="2" m="48745" /><F78/><W105/><G105/><T59/><D75/><U46/><E30/><N who="2" m="17751" /><F79/><W128/><G128/><T117/><D83/><N who="1" m="45487" /><E42/><V81/><F81/><W116/><G116/><T15/><D72/><U33/><E33/><V130/><F130/><W119/><G119/><T60/><D117/><U71/><E71/><V12/><F13/><W36/><G36/><T118/><D118/><U9/><E61/><AGARI ba="0,0" hai="10,12,17,37,39,52,57,61" m="17751,48745" machi="61" ten="30,3900,0" yaku="18,1,52,1,54,1" doraHai="56" who="2" fromWho="1" sc="299,0,199,-39,332,39,170,0" owari="299,9.9,160,-34.0,371,47.1,170,-23.0" /></mjloggm>