<mjloggm ver="2.3"><GO type="225" lobby="0"/><UN n0="%E3%83%B4%E3%83%A0%EF%BC%99%E3%81%A6" n1="%E3%82%B5%E3%83%AB%E3%82%B7%E3%83%B3" n2="%6E%69%63%6F%6E%74%6F" n3="%E3%81%A9%E3%82%8F%E3%82%93%E3%81%94" dan="17,16,17,16" rate="2195.97,2111.05,2153.35,2214.55" sx="M,M,M,M"/><TAIKYOKU oya="0"/><INIT seed="0,0,0,5,3,22" ten="250,250,250,250" oya="0" hai0="118,131,49,69,70,108,110,94,64,30,39,0,77" hai1="58,114,17,45,57,50,111,29,109,48,75,107,21" hai2="117,3,41,42,79,35,81,100,84,92,123,19,128" hai3="91,98,67,1,11,97,129,31,104,20,99,103,43"/><T63/><D118/><U78/><E107/><V54/><F123/><W47/><G129/><T18/><D39/><U68/><E68/><V115/><F115/><W121/><G121/><T116/><D116/><U93/><E114/><V44/><F117/><W82/><G67/><T86/><D131/><U102/><E29/><V90/><F3/><W38/><G1/><T40/><D0/><U127/><E127/><V6/><F6/><W105/><G11/><T96/><D69/><U122/><E122/><V85/><F128/><W28/><G28/><T7/><D7/><U125/><E125/><V53/><F35/><W27/><REACH who="3" step="1"/><G103/><REACH who="3" ten="250,250,250,240" step="2"/><T135/><D30/><U5/><E102/><V15/><F100/><W113/><G113/><T36/><D64/><U9/><E9/><V134/><F134/><W95/><G95/><T25/><D94/><U60/><E93/><V37/><REACH who="2" step="1"/><F42/><REACH who="2" ten="250,250,240,240" step="2"/><W119/><G119/><T101/><D40/><U56/><E111/><V112/><F112/><W73/><G73/><T106/><D108/><U83/><E109/><V34/><F34/><W126/><G126/><T13/><D110/><U55/><E75/><V88/><F88/><W71/><G71/><T51/><D70/><U80/><E78/><V120/><F120/><W62/><G62/><T87/><D63/><U26/><E60/><V10/><AGARI ba="0,2" hai="10,15,19,37,41,44,53,54,79,81,84,85,90,92" machi="10" ten="20,5200,0" yaku="1,1,0,1,7,1,53,1" doraHai="22" doraHaiUra="72" who="2" fromWho="2" sc="250,-26,250,-13,240,72,240,-13" /><INIT seed="1,0,0,5,4,39" ten="224,237,312,227" oya="1" hai0="85,86,120,25,111,33,71,58,119,43,60,7,42" hai1="62,128,92,76,95,54,27,118,89,87,21,109,81" hai2="116,112,5,101,4,48,14,53,125,16,37,35,127" hai3="34,90,32,83,84,24,96,50,47,61,98,132,52"/><U49/><E118/><V91/><F116/><W70/><G132/><T56/><D119/><U104/><E104/><V122/><F122/><W105/><G105/><T106/><D106/><U55/><E128/><V134/><F35/><W18/><G34/><T0/><D71/><U80/><E109/><V9/><F112/><W31/><REACH who="3" step="1"/><G18/><REACH who="3" ten="224,237,312,217" step="2"/><T57/><D33/><U124/><E124/><V133/><F133/><W130/><G130/><T99/><D120/><U82/><E76/><V2/><F134/><W41/><G41/><T126/><D126/><U23/><E95/><V75/><F127/><W6/><G6/><T65/><D43/><U78/><E78/><V44/><F5/><W135/><G135/><T67/><D42/><U3/><E3/><V94/><F125/><W40/><G40/><T36/><D7/><U51/><E27/><V68/><F2/><W12/><G12/><T11/><D25/><U129/><E129/><V64/><F4/><W13/><G13/><T29/><D0/><U107/><E107/><V108/><F108/><W74/><G74/><T102/><D111/><U77/><E77/><V8/><F75/><W72/><G72/><T26/><D26/><U20/><REACH who="1" step="1"/><E62/><REACH who="1" ten="224,227,312,217" step="2"/><V93/><F93/><W19/><G19/><T97/><D60/><U15/><E15/><V28/><F94/><W69/><G69/><T123/><D123/><U46/><E46/><V103/><F14/><W100/><G100/><T59/><D102/><U113/><E113/><V115/><F103/><W38/><G38/><T22/><D36/><U1/><E1/><V79/><F101/><RYUUKYOKU ba="0,2" sc="224,-15,227,15,312,-15,217,15" hai1="20,21,23,49,51,54,55,80,81,82,87,89,92" hai3="24,31,32,47,50,52,61,70,83,84,90,96,98" /><INIT seed="1,1,2,4,0,54" ten="209,242,297,232" oya="1" hai0="130,105,84,95,87,50,24,31,117,41,112,90,134" hai1="79,11,34,17,35,10,32,38,61,19,28,75,81" hai2="66,78,109,9,80,122,46,108,4,85,104,125,55" hai3="26,2,83,70,60,30,22,25,36,91,110,72,124"/><U5/><E38/><V89/><F122/><W107/><G36/><T131/><D112/><U44/><E28/><V77/><F104/><W14/><G2/><T3/><D117/><U121/><E121/><V123/><F123/><W43/><G107/><T49/><D105/><U76/><E44/><V92/><F125/><W111/><G43/><T98/><D3/><U113/><E113/><V120/><F66/><N who="3" m="41287" /><G124/><T126/><D126/><U37/><E37/><V53/><F120/><W45/><G45/><N who="0" m="25775" /><D50/><U73/><E61/><V133/><F133/><W86/><G72/><N who="1" m="27722" /><E81/><V135/><F135/><W40/><G40/><T20/><D134/><U68/><E5/><V115/><F115/><W39/><G39/><T114/><D114/><U8/><E68/><V127/><F127/><W0/><G0/><T62/><D62/><U23/><E23/><V33/><F33/><W101/><G101/><T74/><D74/><U47/><E47/><V15/><F78/><AGARI ba="1,2" hai="8,10,11,17,19,32,34,35,76,78,79" m="27722" machi="78" ten="40,3900,0" yaku="28,2" doraHai="54" who="1" fromWho="2" sc="209,0,242,62,297,-42,232,0" /><INIT seed="1,2,0,5,4,118" ten="209,304,255,232" oya="1" hai0="110,104,62,122,34,7,98,103,67,18,33,107,19" hai1="92,102,64,1,66,78,2,46,48,111,71,125,100" hai2="58,27,86,16,43,82,131,55,94,87,26,84,21" hai3="74,132,85,114,60,93,99,73,65,120,44,41,135"/><U32/><E32/><V37/><F131/><W90/><G114/><T105/><D110/><U96/><E125/><V116/><F116/><W40/><G120/><T61/><D7/><U53/><E111/><V9/><F9/><W23/><G23/><T76/><D76/><U42/><E78/><V30/><F94/><W119/><G119/><T35/><D122/><U49/><E102/><V5/><F5/><W128/><G128/><T130/><D130/><U133/><E133/><N who="3" m="51274" /><G85/><T109/><D109/><U8/><E8/><V54/><F43/><N who="3" m="16459" /><G44/><T77/><D77/><U63/><REACH who="1" step="1"/><E66/><REACH who="1" ten="209,294,255,232" step="2"/><V134/><F134/><W121/><G121/><T50/><D67/><U79/><E79/><V28/><F37/><W68/><AGARI ba="2,1" hai="60,65,68,73,74,90,93,99" m="16459,51274" machi="68" ten="30,1100,0" yaku="20,1" doraHai="118" who="3" fromWho="3" sc="209,-5,294,-7,255,-5,232,27" /><INIT seed="2,0,0,3,5,81" ten="204,287,250,259" oya="2" hai0="3,41,56,131,16,58,129,130,61,91,26,103,85" hai1="134,62,57,92,119,105,46,135,13,21,52,102,96" hai2="118,128,42,77,50,44,121,17,33,126,66,68,97" hai3="2,4,83,94,64,0,98,48,39,69,19,90,18"/><V67/><F118/><W106/><G39/><T101/><D3/><U5/><E119/><V9/><F121/><W20/><G106/><T24/><D41/><U127/><E127/><V14/><F126/><W78/><G69/><T80/><D24/><U22/><E46/><V35/><F128/><W65/><G48/><T7/><D7/><U45/><E45/><V71/><F77/><W95/><G95/><T55/><D56/><U112/><E112/><V6/><F71/><W43/><G43/><T47/><D47/><U8/><REACH who="1" step="1"/><E105/><REACH who="1" ten="204,277,250,259" step="2"/><V12/><F97/><W34/><G98/><T54/><D54/><U116/><E116/><V82/><F82/><W32/><G83/><T76/><D76/><U23/><AGARI ba="0,1" hai="5,8,13,21,22,23,52,57,62,92,96,102,134,135" machi="23" ten="30,7900,0" yaku="1,1,0,1,54,1,53,1" doraHai="81" doraHaiUra="11" who="1" fromWho="1" sc="204,-20,277,89,250,-39,259,-20" /><INIT seed="3,0,0,5,5,74" ten="184,366,211,239" oya="3" hai0="15,4,71,35,81,125,82,31,94,48,75,46,16" hai1="108,86,36,43,130,68,18,11,91,42,55,90,22" hai2="135,83,95,25,39,70,13,7,97,118,111,76,128" hai3="129,103,32,85,29,122,67,99,123,116,124,45,115"/><W47/><G116/><T1/><D71/><U60/><E108/><V41/><F111/><W109/><G115/><T104/><D104/><U50/><E130/><V59/><F118/><W61/><G109/><T88/><D75/><U100/><E36/><V65/><F128/><W105/><G129/><T113/><D1/><U79/><E100/><V134/><F70/><W80/><G124/><T101/><D125/><U93/><E11/><N who="2" m="4351" /><F25/><W53/><G53/><N who="0" m="29847" /><D35/><U9/><E9/><V38/><F59/><W37/><G37/><T121/><D121/><U27/><E60/><V0/><F65/><W72/><G72/><T17/><D31/><U127/><E68/><V63/><F63/><W26/><G123/><T102/><D113/><U51/><E51/><V54/><F54/><W33/><G33/><T120/><D120/><U64/><E64/><V5/><F41/><W131/><G131/><T57/><D57/><U126/><E126/><V24/><F24/><W87/><G122/><T77/><D77/><U52/><E79/><V28/><F28/><W56/><G32/><T14/><D4/><U73/><E73/><N who="2" m="43407" /><F5/><W44/><G29/><T107/><D107/><U96/><E127/><V92/><F0/><W34/><G34/><T62/><D62/><U12/><E27/><V19/><F19/><N who="0" m="7242" /><D102/><U66/><E66/><V10/><F10/><W58/><G58/><T112/><D101/><U132/><E18/><V8/><F8/><W84/><G26/><T40/><D40/><U119/><E42/><V133/><F97/><W3/><G3/><T30/><D112/><U117/><E117/><RYUUKYOKU ba="0,0" sc="184,-15,366,-15,211,15,239,15" hai2="38,39,92,95,133,134,135" hai3="44,45,47,56,61,67,80,84,85,87,99,103,105" /><INIT seed="3,1,0,3,4,19" ten="169,351,226,254" oya="3" hai0="29,12,84,73,92,114,5,39,74,18,118,100,108" hai1="25,45,94,103,56,131,51,27,83,15,55,35,21" hai2="42,6,120,0,129,38,13,119,117,104,88,61,8" hai3="127,126,98,113,91,85,97,20,111,41,77,40,43"/><W7/><G113/><T23/><D118/><U67/><E131/><V34/><F104/><W122/><G122/><T115/><D39/><U93/><E35/><V16/><F120/><W30/><G77/><T46/><D108/><U75/><E75/><V72/><F72/><W36/><G7/><T76/><D5/><U1/><E1/><V26/><F61/><W58/><G36/><T44/><D74/><U123/><E123/><V70/><F70/><W109/><G58/><T50/><D29/><U130/><E83/><V81/><F42/><W69/><G69/><T2/><D2/><U106/><E106/><V116/><F38/><W95/><G98/><T57/><D57/><U128/><E128/><V86/><F129/><W54/><G54/><T135/><D135/><U24/><E103/><V60/><F60/><W102/><G111/><T68/><D68/><U37/><E130/><V66/><F66/><W28/><G109/><T33/><D33/><U32/><E32/><V110/><F110/><W11/><G11/><T3/><D3/><U90/><E37/><V59/><F59/><W71/><G71/><T87/><D73/><U134/><E134/><V4/><F0/><W62/><G62/><T78/><D78/><U49/><E67/><V79/><F79/><W31/><G127/><T89/><D100/><U101/><E101/><V80/><F80/><N who="3" m="49575" /><G126/><T125/><D125/><U47/><E56/><V105/><F105/><W121/><G121/><T107/><D107/><U10/><E55/><V53/><F53/><W64/><G64/><T82/><D46/><U52/><E47/><RYUUKYOKU ba="1,0" sc="169,10,351,-30,226,10,254,10" hai0="12,18,23,44,50,76,82,84,87,89,92,114,115" hai2="4,6,8,13,16,26,34,81,86,88,116,117,119" hai3="20,28,30,31,40,41,43,95,97,102" /><INIT seed="3,2,0,0,4,92" ten="179,321,236,264" oya="3" hai0="64,97,127,83,91,117,71,58,132,37,49,106,11" hai1="107,122,76,23,62,27,59,31,32,68,125,65,115" hai2="20,113,57,55,126,41,131,101,50,98,90,123,10" hai3="128,85,63,53,67,30,110,104,4,16,75,130,129"/><W28/><G75/><T33/><D117/><U3/><E122/><V9/><F113/><W72/><G72/><T52/><D33/><U45/><E115/><V54/><F131/><W96/><G4/><T29/><D132/><U109/><E3/><V73/><F126/><W94/><G85/><T74/><D127/><U5/><E5/><V135/><F135/><W102/><G53/><T78/><D29/><U35/><E125/><V12/><F73/><W22/><G104/><T26/><D26/><U88/><E107/><V60/><F41/><W18/><G110/><T119/><D119/><U61/><E76/><V84/><F123/><W44/><G44/><T80/><D37/><U69/><E69/><V70/><F20/><W133/><G133/><T77/><D11/><U47/><E47/><V6/><F10/><W24/><G30/><T36/><D36/><U15/><E15/><V2/><F2/><W21/><G21/><T48/><D48/><U111/><E45/><V105/><F70/><AGARI ba="2,0" hai="16,18,22,24,28,63,67,70,94,96,102,128,129,130" machi="70" ten="40,7700,0" yaku="19,1,52,1,54,1" doraHai="92" who="3" fromWho="2" sc="179,0,321,0,236,-83,264,83" owari="179,-22.1,321,12.1,153,-34.7,347,44.7" /></mjloggm>