<mjloggm ver="2.3"><GO type="225" lobby="0"/><UN n0="%E5%B8%86%E7%AB%8B%E5%A4%8F%E8%A1%A3" n1="%E8%BE%9B%E5%8F%A3%E3%82%AB%E3%83%AC%E3%83%BC%E3%83%A9%E3%82%A4%E3%82%B9" n2="%E9%A6%AC%E4%BA%86%E9%9A%94%E5%A3%81" n3="%E3%81%95%E3%81%8D%E3%81%9F%E3%81%BE%E6%9E%97%E6%AA%8E" dan="16,17,17,16" rate="2180.17,2225.62,2211.02,2075.49" sx="M,M,M,M"/><TAIKYOKU oya="0"/><INIT seed="0,0,0,1,4,98" ten="250,250,250,250" oya="0" hai0="104,3,6,125,105,106,68,78,115,22,86,14,83" hai1="47,41,72,111,27,46,96,131,94,34,17,107,16" hai2="93,15,42,33,29,127,66,30,114,5,69,35,62" hai3="122,123,95,99,92,97,19,118,60,32,64,126,1"/><T91/><D115/><U24/><E72/><V120/><F114/><W100/><G118/><T82/><D125/><U58/><E107/><V18/><F120/><N who="3" m="46123" /><G126/><T13/><D68/><U7/><E111/><V57/><F127/><W63/><G32/><T117/><D117/><U25/><E34/><V135/><F135/><W37/><G37/><T113/><D113/><U54/><E7/><V26/><F5/><W8/><G64/><T4/><D3/><U80/><E80/><V132/><F132/><W81/><G81/><T49/><D49/><N who="1" m="26831" /><E47/><V109/><F109/><W87/><G87/><T101/><D4/><U56/><E131/><V70/><F42/><W75/><G75/><T2/><D2/><U133/><E133/><V59/><F93/><W55/><G55/><T0/><D0/><U90/><E58/><V28/><F59/><W51/><G51/><AGARI ba="0,0" hai="16,17,24,25,27,51,54,56,90,94,96" m="26831" machi="51" ten="30,2000,0" yaku="8,1,54,1" doraHai="98" who="1" fromWho="3" sc="250,0,250,20,250,0,250,-20" /><INIT seed="1,0,0,2,2,103" ten="250,270,250,230" oya="1" hai0="43,42,129,114,20,49,131,12,100,80,61,31,66" hai1="33,52,119,88,72,116,89,21,117,10,32,30,118" hai2="9,132,71,90,128,47,122,87,36,39,99,8,18" hai3="57,26,37,109,83,4,23,65,70,63,74,22,68"/><U50/><N who="1" m="29696" /><DORA hai="59" /><U56/><E72/><V135/><F122/><W69/><G37/><T106/><D114/><U127/><E127/><V123/><F123/><W76/><G109/><T28/><D80/><U11/><E21/><V55/><F128/><N who="0" m="49226" /><D12/><U130/><E130/><V95/><F71/><W53/><G4/><T115/><D115/><U113/><E113/><V107/><F55/><W120/><G120/><T6/><D6/><U3/><E11/><N who="2" m="4171" /><F18/><W112/><G112/><T48/><D48/><U91/><REACH who="1" step="1"/><E30/><REACH who="1" ten="250,260,250,230" step="2"/><V46/><F36/><W75/><G75/><T104/><D28/><U133/><E133/><N who="2" m="51275" /><F39/><W54/><REACH who="3" step="1"/><G23/><REACH who="3" ten="250,260,250,220" step="2"/><T94/><D20/><U84/><E84/><V1/><F1/><W92/><G92/><T79/><D94/><U93/><E93/><V121/><F121/><W16/><AGARI ba="0,2" hai="16,22,26,53,54,57,63,65,68,69,70,74,76,83" machi="16" ten="30,8000,1" yaku="1,1,0,1,52,1,54,1,53,1" doraHai="103,59" doraHaiUra="85,13" who="3" fromWho="3" sc="250,-20,260,-40,250,-20,220,100" /><INIT seed="2,0,0,1,3,17" ten="230,220,230,320" oya="2" hai0="64,84,128,32,8,58,130,94,102,49,35,34,120" hai1="19,127,83,118,113,57,117,56,9,93,123,52,78" hai2="26,37,63,72,126,74,38,23,87,135,80,13,115" hai3="125,18,10,12,27,103,33,124,61,110,53,41,76"/><V40/><F115/><W5/><G110/><T71/><D120/><U99/><E113/><V89/><F126/><N who="3" m="48747" /><G76/><T4/><D71/><U69/><E69/><V51/><F135/><W54/><G103/><T3/><D84/><U90/><E127/><V77/><F63/><W134/><G134/><T96/><D64/><U111/><E111/><V39/><F13/><W46/><G61/><T133/><D133/><U21/><E9/><V105/><F105/><W92/><G92/><T7/><D7/><U85/><E123/><V44/><REACH who="2" step="1"/><F77/><REACH who="2" ten="230,220,220,320" step="2"/><W109/><G109/><T116/><D116/><U101/><E78/><V91/><F91/><W29/><G5/><T73/><D73/><U48/><E57/><V45/><F45/><W36/><AGARI ba="0,1" hai="10,12,18,27,29,33,36,41,46,53,54" m="48747" machi="36" ten="30,1100,0" yaku="18,1" doraHai="17" who="3" fromWho="3" sc="230,-3,220,-3,220,-5,320,21" /><INIT seed="3,0,0,0,2,46" ten="227,217,215,341" oya="3" hai0="34,4,13,105,63,2,1,54,102,115,86,78,64" hai1="103,130,118,28,0,5,109,95,88,127,42,90,30" hai2="128,87,38,27,113,17,31,8,70,23,119,65,61" hai3="76,73,101,24,14,44,123,55,22,53,71,77,93"/><W108/><G123/><T43/><D34/><U50/><E109/><V32/><F113/><W75/><G71/><T20/><D43/><U82/><E127/><V67/><F128/><W18/><G108/><T80/><D54/><U114/><E114/><V110/><F119/><W51/><G75/><T124/><D124/><U48/><E130/><V66/><F110/><W26/><G73/><T25/><D102/><U135/><E135/><V36/><F8/><W129/><G129/><T117/><D105/><U59/><E118/><V45/><F87/><W72/><G72/><T19/><D117/><U7/><E0/><V133/><F133/><W56/><G93/><T83/><D83/><U35/><E35/><V134/><F134/><W121/><G101/><T39/><D39/><U125/><E125/><V122/><F122/><W12/><G12/><T15/><D115/><U69/><E69/><V47/><F47/><W111/><G111/><T10/><D1/><U21/><E103/><V58/><F70/><AGARI ba="0,0" hai="2,4,10,13,15,19,20,25,63,64,70,78,80,86" machi="70" ten="30,1000,0" yaku="7,1" doraHai="46" who="0" fromWho="2" sc="227,10,217,0,215,-10,341,0" owari="237,3.7,217,-18.3,205,-29.5,341,44.1" /></mjloggm>