<mjloggm ver="2.3"><GO type="225" lobby="0"/><UN n0="%61%69%73%79%6F" n1="%E8%A8%88%E7%AE%97%E6%A9%9F%E8%87%AA%E7%84%B6" n2="%E3%82%B7%E3%83%B3%E5%A4%AA%E6%9C%97" n3="%E9%B3%B3%E6%9D%B1%E3%81%AE%E3%81%86%E3%81%95%E3%81%8E%E3%81%95%E3%82%93" dan="17,17,16,16" rate="2153.66,2242.64,2124.49,2216.78" sx="M,M,M,M"/><TAIKYOKU oya="0"/><INIT seed="0,0,0,1,1,39" ten="250,250,250,250" oya="0" hai0="7,101,49,116,110,11,18,4,63,82,42,93,88" hai1="75,46,106,77,118,80,120,70,130,3,25,0,107" hai2="99,14,37,50,56,72,94,33,28,38,62,47,97" hai3="60,64,98,55,125,81,128,51,74,20,19,109,68"/><T114/><D116/><U43/><E118/><V105/><F72/><W90/><G109/><T126/><D126/><U31/><E120/><V36/><F28/><W115/><G115/><T76/><D114/><U10/><E70/><V86/><F33/><W16/><G128/><T1/><D101/><U92/><E92/><V71/><F71/><W29/><G125/><T129/><D129/><U61/><E61/><V9/><F105/><W73/><G29/><T132/><D132/><U35/><E130/><V5/><F86/><W27/><G19/><T32/><D32/><U100/><E100/><V83/><F83/><W96/><G90/><T66/><D110/><U54/><E54/><V113/><F113/><W6/><G6/><T21/><D7/><N who="1" m="1383" /><E3/><V127/><F127/><W84/><G84/><T58/><D49/><U123/><E123/><V108/><F108/><W15/><G15/><T124/><D124/><U23/><E23/><V89/><F99/><W40/><G74/><T111/><D111/><U2/><E2/><V57/><REACH who="2" step="1"/><F62/><REACH who="2" ten="250,250,240,250" step="2"/><W8/><G73/><T30/><D30/><U52/><E106/><V22/><F22/><W103/><G81/><T44/><D82/><U104/><E107/><V133/><F133/><W134/><G134/><T79/><D21/><U17/><E104/><V65/><F65/><W102/><G98/><T34/><D34/><U12/><E31/><V135/><F135/><W121/><G96/><N who="0" m="57383" /><D18/><U122/><E35/><V95/><F95/><W53/><G121/><T67/><D67/><U13/><E122/><V48/><F48/><W85/><G51/><RYUUKYOKU ba="0,1" sc="250,15,250,-15,240,15,250,-15" hai0="1,4,11,42,44,58,63,66,76,79" hai2="5,9,14,36,37,38,47,50,56,57,89,94,97" /><INIT seed="0,1,1,4,4,2" ten="265,235,255,235" oya="0" hai0="34,63,58,78,42,54,33,100,115,82,90,83,122" hai1="71,38,91,134,85,35,76,9,18,119,56,77,130" hai2="40,59,6,0,110,22,89,43,112,55,125,126,102" hai3="120,39,46,123,1,84,106,8,95,81,101,30,57"/><T62/><D122/><N who="3" m="46633" /><G106/><T15/><D115/><U67/><E119/><V3/><F112/><W86/><G30/><T94/><D100/><U29/><E38/><V14/><F110/><W128/><G128/><T114/><D114/><U113/><E113/><V73/><F73/><W27/><G27/><T132/><D132/><U60/><E130/><V65/><F65/><W52/><G39/><T93/><D42/><U109/><E109/><V98/><F89/><W21/><G46/><T13/><D58/><U133/><E29/><V16/><F43/><W24/><G81/><T68/><D90/><U45/><E35/><V92/><F40/><W36/><G36/><T53/><REACH who="0" step="1"/><D78/><REACH who="0" ten="255,235,255,235" step="2"/><U25/><E56/><V17/><F59/><W64/><G64/><T32/><D32/><U48/><E76/><V118/><F55/><W61/><G101/><T103/><D103/><U19/><E77/><V80/><F102/><W75/><G52/><T96/><D96/><U12/><E45/><V121/><F98/><W41/><G41/><T79/><D79/><U117/><E133/><V5/><F121/><W107/><G57/><T105/><D105/><U28/><E134/><V88/><F88/><W70/><G107/><T72/><D72/><U108/><E108/><V31/><F118/><W51/><G75/><T99/><D99/><U129/><E117/><V97/><F97/><W4/><G61/><T69/><AGARI ba="1,2" hai="13,15,33,34,53,54,62,63,68,69,82,83,93,94" machi="69" ten="25,9600,0" yaku="1,1,0,1,22,2,53,0" doraHai="2" doraHaiUra="7" who="0" fromWho="0" sc="255,119,235,-33,255,-33,235,-33" /><INIT seed="0,2,0,0,4,88" ten="374,202,222,202" oya="0" hai0="110,35,104,22,113,30,63,103,47,134,94,4,135" hai1="106,100,83,67,73,71,114,40,97,6,125,92,80" hai2="16,41,85,90,61,68,27,93,77,56,128,75,59" hai3="8,44,42,81,105,119,122,54,38,18,51,65,124"/><T121/><D121/><U33/><E125/><V99/><F128/><W12/><G119/><T107/><D113/><U109/><E114/><V28/><F41/><W57/><G124/><T3/><D35/><U48/><E109/><V64/><F75/><W20/><G122/><T129/><D3/><U50/><E6/><V32/><F77/><W95/><G105/><T7/><D129/><U69/><E33/><V53/><F53/><W76/><G65/><T86/><D47/><U87/><E67/><V118/><F118/><W131/><G131/><T46/><D46/><U101/><E40/><V43/><F43/><W133/><G133/><T89/><D63/><U37/><E37/><V70/><F70/><W25/><G95/><N who="0" m="54711" /><D22/><U74/><E87/><V127/><F127/><W49/><G38/><T14/><D30/><U10/><E10/><V111/><F111/><W55/><G42/><T72/><D72/><U79/><E106/><N who="0" m="40489" /><D14/><U34/><E34/><V115/><F115/><W117/><G117/><T26/><D26/><U116/><E116/><V84/><F68/><W36/><G36/><T120/><D120/><U1/><E1/><V98/><F59/><W60/><G60/><T108/><D108/><U31/><E31/><V5/><F5/><W29/><REACH who="3" step="1"/><G76/><REACH who="3" ten="374,202,222,192" step="2"/><T78/><D78/><N who="1" m="44111" /><E69/><V91/><F64/><W102/><G102/><N who="1" m="39530" /><E71/><V62/><F61/><W130/><G130/><T0/><D110/><U126/><E126/><V23/><F62/><W123/><G123/><T11/><D135/><U15/><E15/><V17/><F27/><W96/><G96/><N who="0" m="59799" /><D134/><U21/><E79/><RYUUKYOKU ba="2,1" sc="374,15,202,-15,222,-15,192,15" hai0="0,4,7,11" hai3="8,12,18,20,25,29,44,49,51,54,55,57,81" /><INIT seed="0,3,1,4,1,31" ten="389,187,207,207" oya="0" hai0="20,104,112,60,127,34,91,86,73,98,66,90,83" hai1="13,122,111,103,88,118,46,62,50,85,72,10,133" hai2="35,53,27,12,22,135,96,59,97,101,36,120,115" hai3="56,81,102,40,49,80,11,24,30,23,2,113,57"/><T131/><D112/><U29/><E118/><V107/><F120/><W42/><G113/><T124/><D34/><U93/><E122/><V55/><F135/><W114/><G114/><T18/><D131/><U77/><E111/><V44/><F115/><W116/><G116/><T75/><D91/><U108/><E108/><V47/><F36/><W117/><G117/><T19/><D98/><N who="1" m="59855" /><E72/><V67/><F67/><W99/><G2/><T121/><D104/><U16/><E133/><V76/><F76/><W45/><G40/><T69/><D19/><U63/><E29/><V129/><F129/><W54/><G11/><T106/><D106/><U7/><E77/><V15/><F97/><W8/><G8/><T1/><D1/><U109/><E7/><V68/><F68/><W119/><G56/><T5/><D5/><U132/><E132/><V3/><F3/><W6/><G6/><T33/><D33/><U41/><E109/><V9/><F35/><W48/><REACH who="3" step="1"/><G119/><REACH who="3" ten="389,187,207,197" step="2"/><T26/><D121/><U32/><E32/><V130/><F130/><W61/><G61/><T70/><D70/><U74/><E74/><V110/><F110/><W25/><G25/><T14/><D26/><U52/><E41/><V89/><F9/><W82/><G82/><AGARI ba="3,2" hai="10,13,16,46,50,52,62,63,82,85,88" m="59855" machi="82" ten="30,8000,1" yaku="25,1,8,1,54,3" doraHai="31" who="1" fromWho="3" sc="389,0,187,109,207,0,197,-89" /><INIT seed="1,0,0,1,0,81" ten="389,296,207,108" oya="1" hai0="86,52,48,98,113,8,31,69,68,80,87,51,76" hai1="66,16,91,35,126,32,104,49,58,40,45,135,112" hai2="17,109,5,99,89,56,12,36,96,130,26,30,92" hai3="72,34,124,128,0,133,23,123,77,62,59,3,116"/><U120/><E112/><V19/><F109/><W29/><G77/><T10/><D113/><U103/><E120/><V47/><F130/><W101/><G59/><T54/><D31/><U106/><E126/><V95/><F5/><W15/><G62/><T33/><D98/><U121/><E121/><V83/><F56/><W134/><G101/><T39/><D33/><U43/><E135/><N who="3" m="51722" /><G72/><T132/><D132/><U71/><E71/><V125/><F125/><W90/><G90/><T85/><D39/><U61/><E103/><V114/><F114/><W79/><G79/><T4/><D68/><U20/><E40/><V57/><F57/><W97/><G97/><T38/><D38/><U44/><E45/><V73/><F73/><W131/><G123/><T119/><D119/><U27/><REACH who="1" step="1"/><E91/><REACH who="1" ten="389,286,207,108" step="2"/><V102/><F47/><W21/><G124/><T65/><D69/><U93/><E93/><V118/><F95/><W64/><G116/><T108/><D108/><U7/><E7/><V14/><F92/><W53/><G131/><T37/><D4/><U6/><E6/><V55/><F102/><W28/><G128/><T75/><D37/><U11/><E11/><V74/><F89/><W67/><G0/><T2/><D2/><U42/><E42/><V88/><F88/><W129/><G3/><T9/><D65/><U117/><E117/><V41/><F118/><W60/><G129/><T110/><D110/><U111/><E111/><V18/><F41/><W46/><G67/><T24/><D54/><U70/><E70/><V94/><F55/><W50/><G64/><T84/><D52/><RYUUKYOKU ba="0,1" sc="389,-10,286,30,207,-10,108,-10" hai1="16,20,27,32,35,43,44,49,58,61,66,104,106" /><INIT seed="1,1,1,2,1,37" ten="379,316,197,98" oya="1" hai0="114,106,68,54,60,110,66,39,134,124,123,59,8" hai1="20,102,2,98,63,43,79,27,99,10,103,77,95" hai2="82,13,125,93,52,107,26,42,41,120,71,128,5" hai3="62,47,130,15,131,72,91,129,35,61,6,22,117"/><U118/><E118/><V96/><F107/><W70/><G117/><T64/><D106/><U133/><E133/><V78/><F120/><W28/><G72/><T21/><D114/><U104/><E2/><V80/><F71/><W45/><G35/><T31/><D123/><U34/><E34/><V24/><F128/><W50/><G70/><T112/><D112/><U0/><E0/><V97/><F125/><W135/><G135/><T81/><D124/><U76/><E10/><N who="2" m="4303" /><F97/><W12/><G91/><T67/><D39/><U33/><E33/><V51/><F78/><W36/><G36/><T83/><D110/><U53/><E53/><V23/><F82/><N who="0" m="31242" /><D68/><U48/><E63/><V40/><F80/><W84/><G84/><T87/><D87/><U121/><E121/><V56/><F23/><W29/><G22/><T75/><D75/><U111/><E111/><V32/><F32/><W18/><G131/><T85/><D85/><U4/><E4/><V122/><F122/><W127/><G6/><T113/><D113/><U90/><E90/><AGARI ba="1,1" hai="24,26,40,41,42,51,52,56,90,93,96" m="4303" machi="90" ten="30,8000,1" yaku="8,1,52,3,54,1" doraHai="37" who="2" fromWho="1" sc="379,0,316,-83,197,93,98,0" /><INIT seed="2,0,0,5,1,28" ten="379,233,290,98" oya="2" hai0="35,134,9,66,16,113,115,100,13,11,72,64,98" hai1="94,24,17,10,124,47,52,133,71,103,120,46,105" hai2="42,50,92,106,102,73,104,67,49,75,76,93,3" hai3="69,36,12,109,29,117,31,119,87,34,39,95,123"/><V18/><F3/><W30/><G123/><T85/><D35/><U101/><E71/><V5/><F5/><W27/><G69/><T114/><D72/><U20/><E105/><V53/><F67/><W62/><G62/><T88/><D134/><U90/><E133/><V65/><F65/><W68/><G68/><T121/><D121/><U55/><E124/><V89/><F76/><W58/><G58/><T79/><D79/><U63/><E120/><V59/><F18/><W43/><G109/><T84/><D84/><U40/><E10/><V97/><F104/><W15/><G87/><T41/><D41/><U26/><E24/><V78/><F78/><W22/><G95/><T45/><D45/><N who="1" m="16907" /><E40/><V60/><F106/><W70/><G70/><T57/><D98/><N who="1" m="57687" /><E55/><V132/><F132/><W4/><G43/><T118/><D57/><AGARI ba="0,0" hai="17,20,26,52,57,63,101,103" m="57687,16907" machi="57" ten="30,3900,0" yaku="25,1,8,1,54,1" doraHai="28" who="1" fromWho="0" sc="379,-39,233,39,290,0,98,0" /><INIT seed="3,0,0,5,5,67" ten="340,272,290,98" oya="3" hai0="32,105,118,119,26,104,13,33,85,126,99,49,73" hai1="83,75,42,132,10,96,28,18,8,120,100,88,0" hai2="130,90,1,21,7,3,135,65,122,94,22,127,81" hai3="113,133,84,114,4,95,34,116,52,82,68,39,106"/><W59/><G106/><T50/><D85/><N who="1" m="50239" /><E75/><V38/><F38/><W6/><G116/><T71/><D99/><U112/><E120/><V78/><F122/><W76/><G34/><T74/><D26/><U86/><E0/><V9/><F1/><W27/><G39/><T60/><D13/><U19/><E112/><V79/><F127/><W2/><G133/><T111/><D60/><U45/><E28/><V97/><F135/><W56/><G68/><T5/><D111/><U87/><E132/><V43/><F43/><W109/><G109/><T125/><D5/><U64/><E64/><V37/><F37/><W55/><G114/><T48/><D48/><N who="1" m="26679" /><E18/><V89/><F130/><W46/><G113/><T15/><D15/><N who="1" m="7655" /><E10/><V61/><F90/><W134/><G134/><T102/><D102/><U93/><AGARI ba="0,0" hai="86,87,93,96,100" m="7655,26679,50239" machi="93" ten="30,2000,0" yaku="8,1,54,1" doraHai="67" who="1" fromWho="1" sc="340,-5,272,20,290,-5,98,-10" owari="335,43.5,292,9.2,285,-11.5,88,-41.2" /></mjloggm>