<mjloggm ver="2.3"><GO type="225" lobby="0"/><UN n0="%E3%82%A2%E3%83%A1%E3%82%A2%E3%83%A9%E3%83%AC" n1="%41%6F%54" n2="%61%74%73%75%74%6F%64%6F" n3="%E9%80%86%E9%80%A3%E5%B8%AF%E3%81%AE%E9%AC%BC" dan="16,16,16,17" rate="2182.34,2068.63,2074.42,2164.92" sx="M,M,M,M"/><TAIKYOKU oya="0"/><INIT seed="0,0,0,0,2,51" ten="250,250,250,250" oya="0" hai0="108,101,57,19,28,35,26,17,52,63,127,49,13" hai1="6,34,115,59,87,2,122,16,46,106,25,95,89" hai2="56,135,55,111,72,125,58,129,32,124,38,74,116" hai3="130,92,93,60,99,90,73,118,131,103,9,75,79"/><T68/><D127/><N who="2" m="48714" /><F32/><W105/><G9/><T132/><D132/><U24/><E122/><V21/><F135/><W65/><G118/><T80/><D108/><U77/><E115/><V22/><F38/><W85/><G60/><T123/><D123/><U42/><E106/><V33/><F33/><W31/><G65/><T4/><D80/><U110/><E110/><V29/><F111/><W41/><G31/><T54/><D101/><U27/><E77/><V45/><F129/><N who="3" m="49163" /><G41/><T117/><D117/><U43/><E34/><V71/><F71/><W133/><G133/><T30/><D30/><U94/><E2/><V48/><F116/><W97/><G79/><T10/><REACH who="0" step="1"/><D68/><REACH who="0" ten="240,250,250,250" step="2"/><U0/><E89/><AGARI ba="0,1" hai="73,75,85,89,90,92,93,97,99,103,105" m="49163" machi="89" ten="30,3900,0" yaku="19,1,34,2" doraHai="51" who="3" fromWho="1" sc="240,0,250,-39,250,0,250,49" /><INIT seed="1,0,0,0,5,122" ten="240,211,250,299" oya="1" hai0="80,71,55,53,129,15,119,61,88,94,69,2,28" hai1="113,4,12,110,91,89,44,102,83,118,116,24,107" hai2="3,95,98,134,59,56,124,16,19,43,23,84,27" hai3="46,11,121,5,111,62,126,76,68,22,75,117,64"/><U73/><E113/><V135/><F3/><W9/><G121/><T108/><D119/><U86/><E73/><V115/><F115/><W87/><G126/><T101/><D2/><U85/><E24/><V45/><F84/><W72/><G117/><T20/><D129/><U70/><E70/><V109/><F19/><W93/><G46/><T123/><D101/><U39/><E102/><N who="2" m="60767" /><F124/><W17/><G11/><T8/><D80/><U34/><E34/><V99/><F99/><W37/><G37/><T125/><D123/><U90/><E107/><V13/><F13/><W96/><G87/><T103/><D103/><U6/><E91/><V133/><F109/><W47/><G111/><T32/><D32/><U31/><E31/><V26/><F26/><W21/><G76/><T97/><D108/><U81/><E110/><V106/><F106/><W74/><G17/><T1/><D1/><U58/><E12/><V10/><F10/><W25/><G25/><T35/><D35/><U18/><E18/><V38/><AGARI ba="0,0" hai="16,23,27,38,43,45,56,59,133,134,135" m="60767" machi="38" ten="30,2000,0" yaku="20,1,54,1" doraHai="122" who="2" fromWho="2" sc="240,-5,211,-10,250,20,299,-5" /><INIT seed="2,0,0,2,1,40" ten="235,201,270,294" oya="2" hai0="24,128,35,114,26,111,14,60,129,95,75,36,3" hai1="18,115,39,23,70,50,0,41,84,131,102,11,96" hai2="104,100,58,2,79,80,55,4,122,74,116,5,15" hai3="93,76,123,87,64,1,78,16,118,28,13,71,62"/><V10/><F122/><W73/><G118/><T56/><D114/><U27/><E115/><V46/><F116/><W20/><G123/><T83/><D3/><U99/><E131/><N who="0" m="50249" /><D111/><U31/><E70/><V88/><F100/><W22/><G1/><T82/><D36/><U7/><E39/><V52/><F104/><W130/><G130/><T86/><D14/><U68/><E68/><V98/><F5/><W61/><G73/><T6/><D6/><U94/><E84/><V133/><F133/><W124/><G124/><T66/><D35/><U43/><E43/><V107/><F107/><W113/><G113/><T106/><D106/><U53/><E41/><V110/><F110/><W77/><G62/><T54/><D66/><U42/><E42/><V117/><F117/><W63/><G64/><T59/><D59/><U8/><E8/><V121/><F2/><W91/><G71/><T85/><D95/><U134/><E99/><V120/><F98/><W29/><G29/><T103/><D103/><U47/><REACH who="1" step="1"/><E134/><REACH who="1" ten="235,191,270,294" step="2"/><V126/><F121/><W97/><G97/><T65/><D75/><U34/><E34/><V109/><F120/><W9/><G9/><T108/><D108/><U92/><E92/><V37/><F109/><W125/><G125/><T45/><D86/><U19/><AGARI ba="0,1" hai="0,7,11,18,19,23,27,31,47,50,53,94,96,102" machi="19" ten="30,4000,0" yaku="1,1,0,1,52,1,53,0" doraHai="40" doraHaiUra="72" who="1" fromWho="1" sc="235,-10,191,50,270,-20,294,-10" /><INIT seed="3,0,0,2,1,4" ten="225,241,250,284" oya="3" hai0="112,0,123,10,84,99,128,55,100,125,77,8,69" hai1="74,49,56,75,12,76,18,94,32,59,41,21,115" hai2="43,38,83,48,72,26,65,131,111,53,122,116,14" hai3="127,90,64,89,37,33,130,126,103,39,113,102,82"/><W93/><G33/><T92/><D123/><U81/><E115/><V108/><F116/><W106/><G113/><T91/><D112/><U96/><E32/><V46/><F122/><W44/><G130/><T61/><D0/><U85/><E75/><V5/><F131/><W119/><G119/><T133/><D128/><U19/><E74/><V54/><F65/><W78/><G106/><T50/><D77/><U57/><E19/><V114/><F26/><W60/><G103/><T109/><D109/><U45/><REACH who="1" step="1"/><E57/><REACH who="1" ten="225,231,250,284" step="2"/><V51/><F72/><W11/><G127/><T70/><D125/><U117/><E117/><V73/><F73/><W1/><G126/><T63/><D70/><U86/><E86/><V97/><F114/><W120/><G120/><T6/><D133/><U98/><E98/><V24/><F97/><W124/><G124/><T27/><D27/><U20/><E20/><V30/><F24/><W71/><G71/><T23/><D23/><U29/><E29/><V36/><F30/><W134/><G134/><T17/><D17/><U62/><E62/><N who="0" m="23561" /><D6/><U35/><E35/><V104/><F5/><W80/><G60/><T15/><D69/><U135/><E135/><V22/><F22/><W31/><G31/><T2/><D2/><U68/><E68/><V79/><F111/><W28/><G1/><T52/><D15/><U9/><E9/><N who="0" m="3689" /><D50/><U118/><E118/><V88/><F14/><W67/><G28/><T132/><D132/><U7/><E7/><V13/><F13/><W107/><G11/><T95/><AGARI ba="0,1" hai="52,55,84,91,92,95,99,100" m="3689,23561" machi="95" ten="30,8000,1" yaku="8,1,52,3,54,1" doraHai="4" who="0" fromWho="0" sc="225,90,231,-20,250,-20,284,-40" owari="315,41.5,211,-28.9,230,-17.0,244,4.4" /></mjloggm>