<mjloggm ver="2.3"><GO type="225" lobby="0"/><UN n0="%6D%75%75%73%61%6E%6D%75" n1="%E6%B5%81%E3%82%8C%EF%BC%9F%53%4F%41" n2="%E3%81%99%E3%81%84%E3%81%BE%E3%81%9B%E3%83%BC%E3%82%93" n3="%E6%98%93%E5%88%A9%E8%96%A9%E4%BC%AF" dan="17,16,18,16" rate="2154.87,2177.03,2237.59,2075.26" sx="F,M,M,F"/><TAIKYOKU oya="0"/><INIT seed="0,0,0,0,3,3" ten="250,250,250,250" oya="0" hai0="73,19,25,93,132,124,70,123,54,121,96,128,125" hai1="80,135,104,2,113,81,106,7,10,133,112,117,23" hai2="56,40,34,108,100,74,68,91,107,87,11,116,39" hai3="47,131,78,62,38,103,60,127,61,52,45,0,30"/><T75/><D70/><U64/><E117/><V1/><F68/><W46/><G30/><T13/><D25/><U82/><E64/><V126/><F34/><W58/><G0/><T29/><D29/><U33/><E23/><V48/><F74/><N who="0" m="28170" /><D54/><U98/><E33/><V63/><F39/><W35/><G78/><T22/><D22/><U12/><E2/><V8/><F116/><W27/><G103/><N who="0" m="60815" /><D13/><U59/><E59/><V24/><F56/><W21/><G131/><T84/><D19/><U20/><E20/><V15/><F15/><W4/><G127/><N who="0" m="48715" /><D128/><U32/><E32/><V118/><F126/><W109/><G35/><T122/><D84/><U6/><E98/><V44/><F87/><W18/><G38/><T67/><D67/><U5/><E12/><V53/><F1/><W129/><G129/><T114/><D132/><N who="1" m="50763" /><E10/><V69/><F8/><W43/><G43/><T101/><D101/><U90/><E90/><V55/><F91/><W50/><G109/><T130/><D130/><U111/><E111/><V86/><F108/><W17/><G17/><T110/><D110/><U71/><E71/><V36/><F69/><W28/><G28/><T99/><D99/><U9/><E9/><V16/><F11/><W79/><G4/><T72/><N who="0" m="28178" /><T105/><DORA hai="37" /><D105/><AGARI ba="0,0" hai="5,6,7,80,81,82,104,105,106,112,113" m="50763" machi="105" ten="40,12000,2" yaku="28,2,20,1,52,3" doraHai="3,37" who="1" fromWho="0" sc="250,-120,250,120,250,0,250,0" /><INIT seed="1,0,0,2,0,80" ten="130,370,250,250" oya="1" hai0="16,59,127,49,45,110,31,41,42,1,135,13,81" hai1="60,122,9,25,28,101,103,115,133,106,62,75,57" hai2="61,18,26,121,46,98,70,97,54,87,124,48,24" hai3="69,102,132,15,123,47,77,93,53,39,38,128,12"/><U92/><E115/><V29/><F121/><W55/><G69/><T23/><D1/><U68/><E122/><V32/><F124/><W51/><G123/><T64/><D127/><U35/><E75/><V134/><F134/><W63/><G132/><T72/><D135/><U118/><E133/><V37/><F37/><W0/><G0/><T130/><D130/><U112/><E112/><V40/><F26/><W65/><G55/><T100/><D110/><U95/><E118/><V83/><F18/><W91/><G77/><T3/><D3/><U111/><E9/><V8/><F8/><W11/><G102/><T33/><D100/><U10/><E10/><V129/><F129/><W107/><G107/><T5/><D5/><U14/><E14/><V76/><F40/><W36/><G11/><T96/><D96/><N who="1" m="61735" /><E103/><V7/><F7/><W56/><REACH who="3" step="1"/><G128/><REACH who="3" ten="130,370,250,240" step="2"/><T108/><D108/><U117/><E111/><V52/><REACH who="2" step="1"/><F54/><REACH who="2" ten="130,370,240,240" step="2"/><W22/><G22/><T43/><D33/><U99/><E35/><V94/><F94/><W78/><G78/><T79/><REACH who="0" step="1"/><D31/><REACH who="0" ten="120,370,240,240" step="2"/><U86/><E28/><V66/><AGARI ba="0,3" hai="24,29,32,46,48,52,61,66,70,76,83,87,97,98" machi="66" ten="30,7900,0" yaku="1,1,0,1,52,1,54,1,53,0" doraHai="80" doraHaiUra="119" who="2" fromWho="2" sc="120,-20,370,-39,240,109,240,-20" /><INIT seed="2,0,0,3,3,125" ten="100,331,349,220" oya="2" hai0="70,25,107,95,35,71,4,114,101,135,120,79,2" hai1="96,60,59,30,14,64,89,103,99,117,52,39,50" hai2="41,66,47,18,100,8,93,1,53,86,129,48,90" hai3="61,6,29,57,94,109,0,121,34,45,133,12,91"/><V104/><F129/><W115/><G121/><T23/><D120/><U17/><E117/><V72/><F66/><W105/><G105/><T74/><D107/><U88/><E39/><V54/><F72/><W21/><G109/><T26/><D114/><U56/><E30/><V49/><F104/><W43/><G133/><T58/><D135/><U81/><E81/><V7/><F100/><W123/><G0/><T32/><D32/><U80/><BYE who="0" /><E80/><V28/><F28/><W130/><G115/><T92/><D92/><N who="1" m="58759" /><E99/><V82/><F18/><W68/><G68/><T110/><D110/><U116/><E116/><V15/><F82/><W78/><G78/><T119/><D119/><U83/><E83/><V62/><F62/><W84/><G130/><T46/><D46/><U73/><E73/><V122/><F122/><W13/><G6/><T37/><D37/><U42/><E42/><V77/><F77/><W63/><G63/><T36/><D36/><U27/><E27/><V31/><F31/><W55/><G34/><T69/><D69/><U9/><AGARI ba="0,0" hai="9,14,17,50,52,56,59,60,64,88,89" m="58759" machi="9" ten="30,4000,0" yaku="8,1,54,2" doraHai="125" who="1" fromWho="1" sc="100,-10,331,40,349,-20,220,-10" /><INIT seed="3,0,0,0,5,9" ten="90,371,329,210" oya="3" hai0="91,96,70,53,43,13,90,100,128,72,127,60,12" hai1="76,26,116,75,112,73,77,36,16,111,108,69,24" hai2="107,65,2,99,78,126,23,125,20,121,81,114,37" hai3="67,33,31,124,66,19,63,84,104,49,62,3,95"/><W117/><G117/><T113/><D113/><U130/><E112/><V46/><F114/><W93/><G104/><T5/><D5/><U40/><E116/><V42/><F121/><W11/><G124/><N who="2" m="47721" /><F2/><W57/><G33/><T0/><D0/><U32/><E69/><V89/><F65/><W7/><G31/><T85/><D85/><U29/><E130/><V123/><F123/><W88/><G49/><T41/><D41/><U44/><E24/><V115/><F115/><W17/><REACH who="3" step="1"/><G95/><REACH who="3" ten="90,371,329,200" step="2"/><T119/><D119/><U122/><E122/><V118/><F118/><W50/><G50/><T27/><D27/><U64/><E26/><V103/><F89/><W30/><G30/><T131/><D131/><U35/><E29/><V55/><F55/><W68/><AGARI ba="0,1" hai="3,7,11,17,19,57,62,63,66,67,68,84,88,93" machi="68" ten="20,7800,0" yaku="1,1,0,1,7,1,54,1,53,0" doraHai="9" doraHaiUra="22" who="3" fromWho="3" sc="90,-26,371,-26,329,-26,200,88" /><UN n0="%6D%75%75%73%61%6E%6D%75" /><INIT seed="3,1,0,1,1,106" ten="64,345,303,288" oya="3" hai0="17,128,79,49,95,20,52,6,117,45,4,133,86" hai1="116,92,124,121,69,0,112,33,16,10,114,109,12" hai2="42,132,108,28,14,67,21,62,84,77,35,111,26" hai3="119,118,58,32,36,130,127,87,15,122,101,25,53"/><W51/><G122/><T18/><D117/><U31/><E121/><V1/><F1/><W99/><G36/><T131/><D133/><U91/><E69/><V110/><F132/><W100/><G130/><T48/><D128/><U71/><E71/><V43/><F77/><W74/><G127/><T135/><D131/><U123/><E123/><V7/><F84/><W89/><G74/><T126/><D126/><U80/><E80/><V83/><F83/><W115/><G115/><T107/><D107/><U56/><E124/><V120/><F120/><W88/><G15/><T93/><D135/><U29/><E109/><V65/><F65/><W104/><G101/><T46/><D79/><U41/><E41/><V11/><REACH who="2" step="1"/><F35/><REACH who="2" ten="64,345,293,288" step="2"/><W24/><G89/><T8/><D86/><N who="1" m="52343" /><E0/><V98/><F98/><W76/><G76/><T44/><D44/><U90/><E90/><V97/><F97/><W19/><G25/><T73/><D73/><U30/><E33/><V57/><AGARI ba="1,1" hai="7,11,14,21,26,28,42,43,57,62,67,108,110,111" machi="57" ten="30,4000,0" yaku="1,1,0,1,14,1,53,0" doraHai="106" doraHaiUra="81" who="2" fromWho="2" sc="64,-11,345,-11,293,53,288,-21" owari="53,-44.7,334,13.4,346,44.6,267,-13.3" /></mjloggm>