<mjloggm ver="2.3"><GO type="225" lobby="0"/><UN n0="%E8%A8%88%E7%AE%97%E6%A9%9F%E8%87%AA%E7%84%B6" n1="%6D%75%75%6D%75%72%61" n2="%E7%BD%AA%E5%88%91%E6%B3%95%E5%AE%9A%E4%B8%BB%E7%BE%A9" n3="%48%61%61%61%6C%61%6E%64" dan="17,16,16,17" rate="2229.36,2092.09,2171.58,2245.96" sx="M,F,M,M"/><TAIKYOKU oya="0"/><INIT seed="0,0,0,0,1,2" ten="250,250,250,250" oya="0" hai0="71,55,110,74,59,125,4,57,83,31,62,67,29" hai1="84,50,70,90,44,37,79,133,76,18,33,85,68" hai2="105,88,104,35,22,80,93,51,66,24,14,5,118" hai3="120,28,92,45,98,10,89,40,78,119,123,9,121"/><T117/><D117/><U43/><E133/><V75/><F118/><W27/><G119/><T77/><D125/><U127/><E127/><V36/><F36/><W124/><G78/><T46/><D110/><U115/><E115/><V30/><F66/><W99/><G99/><T53/><D46/><U103/><E33/><V111/><F111/><W126/><G9/><T34/><D4/><U101/><E37/><V82/><F51/><W69/><G10/><T60/><REACH who="0" step="1"/><D34/><REACH who="0" ten="240,250,250,250" step="2"/><U132/><E132/><V39/><F5/><W41/><G124/><T26/><D26/><U94/><E44/><V20/><F35/><W52/><G126/><T48/><AGARI ba="0,1" hai="29,31,48,53,55,57,59,60,62,67,71,74,77,83" machi="48" ten="20,3900,0" yaku="1,1,0,1,7,1,53,0" doraHai="2" doraHaiUra="42" who="0" fromWho="0" sc="240,49,250,-13,250,-13,250,-13" /><INIT seed="0,1,0,5,3,14" ten="289,237,237,237" oya="0" hai0="93,47,26,29,87,72,49,52,8,54,114,27,15" hai1="95,70,128,13,105,103,48,71,2,113,104,108,131" hai2="91,55,109,5,118,51,10,100,39,20,38,110,124" hai3="117,126,85,76,89,7,24,33,116,77,18,59,111"/><T102/><D72/><U129/><E2/><V22/><F100/><W78/><G111/><N who="2" m="42505" /><F124/><W3/><G126/><T75/><D75/><U21/><E108/><V9/><F91/><W32/><G3/><T68/><D68/><N who="1" m="26155" /><E113/><V0/><F10/><W58/><G7/><T121/><D121/><U36/><E36/><N who="2" m="13867" /><F118/><W42/><G116/><T86/><D114/><U115/><E115/><V82/><F82/><W125/><G117/><T130/><D130/><U73/><E73/><V19/><F19/><W83/><G125/><T99/><D54/><U119/><E119/><V106/><F106/><W134/><G42/><T61/><D61/><U43/><E95/><V25/><F25/><N who="0" m="9226" /><D29/><U65/><E103/><V81/><F81/><W53/><G53/><T40/><D40/><U35/><E35/><V64/><F64/><W92/><G33/><T16/><AGARI ba="1,0" hai="8,15,16,47,49,52,86,87,93,99,102" m="9226" machi="16" ten="30,11700,0" yaku="8,1,52,1,54,2" doraHai="14" who="0" fromWho="0" sc="289,120,237,-40,237,-40,237,-40" /><INIT seed="0,2,0,1,4,12" ten="409,197,197,197" oya="0" hai0="50,83,57,135,4,77,42,89,112,105,126,100,113" hai1="99,13,110,0,16,24,55,107,71,54,69,11,41" hai2="60,84,52,101,36,38,29,1,32,123,49,81,67" hai3="21,47,95,73,91,78,124,85,75,5,23,127,63"/><T25/><D126/><N who="3" m="48169" /><G5/><T46/><D135/><U114/><E110/><V51/><F1/><W26/><G78/><T33/><D89/><U39/><E114/><V87/><F123/><W117/><G117/><T44/><D57/><U35/><E0/><V133/><F133/><W119/><G119/><T17/><D4/><U53/><E39/><V48/><F101/><W56/><G47/><T59/><D59/><U86/><E41/><V15/><F15/><W130/><G130/><T109/><D109/><U6/><E86/><V2/><F2/><W80/><G80/><T76/><D76/><U66/><E66/><V20/><F32/><W43/><G43/><T103/><D44/><U131/><E131/><V64/><F38/><W58/><G58/><T45/><D46/><U74/><E74/><N who="3" m="28170" /><G26/><T14/><D83/><U61/><E61/><V22/><F36/><W18/><G18/><T19/><D77/><U92/><E107/><V104/><F104/><W134/><G134/><T120/><D17/><U111/><E111/><V90/><F87/><W93/><G95/><T108/><D108/><U72/><E72/><V3/><F3/><W118/><G118/><T94/><D94/><U115/><E115/><V96/><F96/><W122/><G122/><T8/><D120/><U30/><REACH who="1" step="1"/><E6/><REACH who="1" ten="409,187,197,197" step="2"/><V79/><F67/><AGARI ba="2,1" hai="21,23,56,63,67,85,91,93" m="28170,48169" machi="67" ten="30,1000,0" yaku="18,1" doraHai="12" who="3" fromWho="2" sc="409,0,187,0,197,-16,197,26" /><INIT seed="1,0,0,5,1,94" ten="409,187,181,223" oya="1" hai0="104,69,88,24,35,108,96,60,134,111,103,19,74" hai1="50,85,6,63,67,86,122,66,15,48,27,130,43" hai2="4,62,89,70,51,107,68,29,77,98,92,110,5" hai3="31,65,112,45,102,10,127,119,33,44,114,80,71"/><U64/><E122/><V39/><F39/><W1/><G127/><T52/><D74/><U95/><E130/><V109/><F107/><W32/><G119/><T81/><D134/><U58/><E27/><V38/><F38/><W73/><G102/><T99/><D19/><U9/><E43/><V75/><F29/><W117/><G117/><T101/><D81/><U18/><E6/><N who="2" m="2667" /><F62/><W83/><G31/><N who="0" m="19943" /><D52/><N who="1" m="34247" /><E86/><V14/><F51/><W61/><G33/><T90/><D108/><N who="2" m="41578" /><F14/><W115/><G32/><T124/><D124/><U21/><E9/><V93/><F93/><W126/><G126/><T23/><D23/><U116/><E116/><V123/><F123/><W79/><G10/><T3/><D111/><U106/><E106/><V84/><F84/><W26/><G26/><T0/><D3/><U40/><E40/><V56/><F56/><W91/><G1/><T72/><D72/><U131/><E131/><V100/><F100/><W17/><G17/><T42/><D42/><U132/><E132/><V22/><F22/><W129/><G129/><T37/><D37/><U20/><E20/><V128/><F128/><W120/><G120/><T2/><D0/><U28/><E28/><V54/><F54/><W11/><G11/><T59/><D2/><U16/><E18/><V7/><N who="2" m="2675" /><V97/><DORA hai="25" /><F97/><W133/><G133/><T46/><D104/><U87/><E85/><V8/><F8/><W125/><G125/><T57/><D96/><U76/><E95/><V135/><F135/><W78/><G114/><T118/><D118/><U47/><E47/><N who="3" m="17994" /><G115/><T34/><D34/><RYUUKYOKU ba="0,0" sc="409,-15,187,15,181,15,223,-15" hai1="15,16,21,48,50,64,66,67,76,87" hai2="68,70,75,77,89,92,98" /><INIT seed="1,1,0,4,5,120" ten="394,202,196,208" oya="1" hai0="27,83,98,64,61,19,89,112,73,24,1,108,8" hai1="53,23,126,107,35,47,69,105,45,10,71,97,88" hai2="134,34,118,133,90,70,22,110,115,68,9,121,119" hai3="113,26,20,102,54,114,116,131,94,21,14,18,100"/><U42/><E126/><V81/><F34/><W57/><G131/><T50/><D108/><U56/><E35/><V92/><F9/><W39/><G39/><T58/><D112/><U16/><E10/><V28/><F121/><W95/><G116/><N who="2" m="44585" /><F115/><W78/><G78/><T77/><D50/><U127/><E127/><V63/><F63/><N who="3" m="36279" /><G114/><T106/><D89/><U124/><E124/><V129/><F129/><W135/><G135/><N who="2" m="51721" /><F81/><W32/><G32/><T85/><D83/><U111/><E111/><V49/><F49/><W75/><G113/><T0/><D61/><N who="1" m="35983" /><E71/><V36/><F36/><W62/><G62/><T79/><D8/><U59/><E69/><V86/><F110/><W67/><G67/><T125/><D64/><U52/><E59/><V91/><F90/><W103/><G75/><T123/><D73/><U41/><E52/><V117/><N who="2" m="44593" /><V84/><DORA hai="93" /><F84/><W12/><G21/><T122/><D125/><U76/><E76/><V44/><F44/><N who="1" m="16969" /><E42/><V48/><F48/><W128/><G128/><T82/><D77/><U3/><E41/><V72/><F72/><W2/><G2/><T11/><D122/><U13/><E3/><N who="0" m="1097" /><D123/><U30/><E30/><V6/><F6/><W29/><G29/><T74/><D74/><U43/><E43/><V101/><F101/><W130/><G130/><T96/><D58/><U25/><E13/><AGARI ba="1,0" hai="12,13,14,18,20,26,94,95,100,102,103" m="36279" machi="13" ten="30,1000,0" yaku="8,1" doraHai="120,93" who="3" fromWho="1" sc="394,0,202,-13,196,0,208,13" /><INIT seed="2,0,0,1,5,69" ten="394,189,196,221" oya="2" hai0="56,98,74,135,101,90,34,17,10,96,30,72,11" hai1="55,131,51,29,15,130,26,18,59,95,116,134,118" hai2="127,112,53,13,77,85,91,120,117,93,125,78,119" hai3="20,84,57,132,99,104,12,44,6,71,61,49,62"/><V1/><F1/><W108/><G108/><T82/><D34/><N who="1" m="20791" /><E95/><V81/><F13/><W16/><G132/><T65/><D30/><U100/><E100/><V94/><F53/><W60/><G71/><T25/><D10/><N who="1" m="6519" /><E134/><V4/><F4/><W70/><G70/><T39/><D17/><U22/><E22/><V124/><F120/><W38/><G6/><T114/><D96/><U105/><E105/><V24/><F24/><W47/><G38/><T103/><D98/><U35/><E35/><V64/><F64/><W28/><G28/><T79/><D39/><U123/><E123/><V7/><F7/><W41/><G47/><T126/><D25/><U40/><E40/><V45/><F45/><W58/><REACH who="3" step="1"/><G84/><REACH who="3" ten="394,189,196,211" step="2"/><T113/><D135/><U128/><AGARI ba="0,1" hai="51,55,59,116,118,128,130,131" m="6519,20791" machi="128" ten="30,1100,0" yaku="19,1" doraHai="69" who="1" fromWho="1" sc="394,-3,189,21,196,-5,211,-3" /><INIT seed="3,0,0,4,0,66" ten="391,210,191,208" oya="3" hai0="110,125,4,1,25,15,107,95,126,6,119,34,73" hai1="100,85,19,12,67,115,37,135,36,58,127,76,68" hai2="5,39,124,94,42,51,31,10,129,7,55,2,47" hai3="82,43,26,118,28,133,108,111,74,106,14,128,11"/><W30/><G118/><T80/><D107/><U61/><E115/><V131/><F124/><N who="0" m="47722" /><D110/><N who="3" m="42025" /><G128/><T134/><D134/><U49/><E135/><V113/><F113/><W92/><G106/><T23/><D1/><U62/><E100/><V78/><F7/><N who="0" m="2602" /><D119/><U48/><E37/><V52/><F31/><W57/><G133/><T63/><D95/><U69/><E36/><V84/><F94/><W121/><G121/><T0/><D0/><U116/><E116/><V105/><F105/><W96/><G43/><T38/><D38/><U33/><E33/><V91/><F91/><N who="3" m="55327" /><G57/><T102/><D102/><U120/><E120/><V21/><F21/><W16/><G26/><T112/><D112/><U40/><E40/><V117/><F117/><W104/><G104/><T79/><D15/><U45/><E12/><V132/><F132/><W99/><G99/><T72/><D34/><U56/><E56/><V64/><F64/><W24/><G24/><T59/><D25/><U103/><E103/><V81/><REACH who="2" step="1"/><F55/><REACH who="2" ten="391,210,181,208" step="2"/><W87/><G74/><N who="0" m="43127" /><D23/><U71/><E127/><V18/><F18/><W44/><G44/><AGARI ba="0,1" hai="2,5,10,39,42,44,47,51,52,78,81,84,129,131" machi="44" ten="40,5200,0" yaku="1,1,54,1,53,1" doraHai="66" doraHaiUra="35" who="2" fromWho="3" sc="391,0,210,0,181,62,208,-52" owari="391,49.1,210,-19.0,243,4.3,156,-34.4" /></mjloggm>