<mjloggm ver="2.3"><GO type="225" lobby="0"/><UN n0="%41%54%53%4D" n1="%E3%83%B4%E3%83%A0%EF%BC%99%E3%81%A6" n2="%65%2D%73%65%70%65%6E%3B" n3="%E5%8D%A0%E3%81%84%E5%B8%AB%E8%A3%8F%E3%81%AA%E3%81%84%E3%81%97" dan="16,17,17,17" rate="2117.88,2250.52,2158.01,2151.30" sx="M,M,M,M"/><TAIKYOKU oya="0"/><INIT seed="0,0,0,2,0,14" ten="250,250,250,250" oya="0" hai0="88,26,81,134,64,2,95,33,16,34,60,99,80" hai1="103,126,85,66,135,115,91,79,116,77,27,53,71" hai2="23,90,122,128,89,70,124,82,13,65,94,20,21" hai3="117,119,44,129,110,45,8,120,123,104,3,111,42"/><T56/><D2/><U107/><E116/><N who="3" m="44618" /><G104/><T131/><D134/><U41/><E41/><V118/><F118/><W22/><G8/><T18/><D131/><U51/><E126/><V96/><F122/><N who="3" m="46635" /><G3/><T30/><D34/><U9/><E115/><V97/><F124/><W121/><N who="3" m="46643" /><W73/><DORA hai="68" /><G73/><T37/><D37/><U108/><E9/><V12/><F128/><W32/><G32/><T114/><D114/><U59/><E135/><V62/><REACH who="2" step="1"/><F82/><REACH who="2" ten="250,250,240,250" step="2"/><W105/><G129/><T67/><D67/><U43/><E66/><V49/><F49/><N who="3" m="26775" /><G105/><T52/><D64/><U24/><E107/><V31/><F31/><W10/><G10/><T4/><D4/><U5/><E5/><V7/><F7/><W86/><G22/><T29/><D29/><U11/><E11/><V93/><AGARI ba="0,1" hai="12,13,20,21,23,62,65,70,89,90,93,94,96,97" machi="93" ten="30,4000,0" yaku="1,1,0,1,9,1,53,0" doraHai="14,68" doraHaiUra="38,25" who="2" fromWho="2" sc="250,-20,250,-10,240,50,250,-10" /><INIT seed="1,0,0,1,5,48" ten="230,240,290,240" oya="1" hai0="72,59,83,8,62,81,96,86,120,15,46,87,75" hai1="127,126,7,19,47,131,100,56,27,21,103,115,102" hai2="26,76,82,69,116,129,119,41,105,80,14,130,1" hai3="44,117,31,33,73,43,11,111,58,65,22,57,18"/><U118/><E115/><V78/><F1/><W54/><G111/><T64/><D120/><U23/><E118/><N who="2" m="45099" /><F69/><W110/><G110/><T13/><D96/><U4/><E131/><N who="2" m="50187" /><F41/><W40/><G73/><T49/><D75/><U39/><E39/><V67/><F67/><W66/><G33/><T135/><D135/><U42/><E23/><V89/><F26/><W108/><G108/><T50/><D72/><U30/><E30/><V104/><F14/><W94/><G31/><T121/><D121/><U134/><E134/><V74/><F89/><W98/><G117/><T133/><D133/><U95/><E56/><V123/><F123/><W38/><G58/><T9/><D46/><U52/><E42/><V97/><F97/><W45/><G45/><T124/><D59/><U91/><E4/><V101/><F101/><W122/><G43/><T28/><D28/><U128/><E7/><V93/><F93/><W53/><G122/><T37/><D37/><U35/><E35/><V92/><F92/><W36/><G36/><T24/><D24/><U16/><E19/><V79/><F74/><W32/><G32/><T0/><D0/><U106/><E128/><V132/><F132/><W99/><G94/><T2/><D2/><U109/><E109/><V55/><F55/><N who="3" m="21003" /><G57/><T63/><REACH who="0" step="1"/><D64/><REACH who="0" ten="220,240,290,240" step="2"/><U71/><E27/><V6/><F105/><W3/><G66/><T114/><D114/><U61/><E106/><V90/><F104/><W113/><G65/><T17/><D17/><U20/><E16/><V68/><F6/><N who="3" m="1503" /><G113/><T85/><D85/><N who="1" m="52719" /><E47/><V10/><F68/><W5/><G5/><RYUUKYOKU ba="0,1" sc="220,15,240,-15,290,-15,240,15" hai0="8,9,13,15,49,50,62,63,81,83,86,87,124" hai3="18,22,38,40,44,98,99" /><INIT seed="2,1,1,5,1,49" ten="235,225,275,255" oya="2" hai0="64,22,8,133,70,63,14,18,94,32,101,11,54" hai1="7,108,126,53,107,88,134,29,121,75,39,5,9" hai2="23,71,13,19,43,84,56,2,40,131,114,48,65" hai3="74,61,37,31,34,78,86,95,120,98,45,62,0"/><V122/><F122/><W33/><G120/><T116/><D32/><U16/><E121/><V28/><F114/><W55/><G0/><T15/><D133/><U25/><E75/><V50/><F2/><W112/><G74/><T129/><D129/><U1/><E107/><V135/><F71/><W83/><G112/><T69/><D116/><U115/><E115/><V90/><F131/><W59/><G31/><T68/><D22/><U100/><E100/><V92/><F135/><W58/><G45/><T77/><D77/><U127/><E39/><V57/><F28/><W102/><REACH who="3" step="1"/><G37/><REACH who="3" ten="235,225,275,245" step="2"/><T119/><D119/><U130/><E130/><V44/><F65/><AGARI ba="1,2" hai="33,34,55,58,59,61,62,65,78,83,86,95,98,102" machi="65" ten="30,7700,0" yaku="1,1,2,1,7,1,52,1,53,0" doraHai="49" doraHaiUra="104" who="3" fromWho="2" sc="235,0,225,0,275,-80,245,100" /><INIT seed="3,0,0,0,5,40" ten="235,225,195,345" oya="3" hai0="8,0,83,110,26,45,78,112,54,102,71,135,4" hai1="125,11,18,44,17,47,7,92,108,60,61,21,13" hai2="122,93,130,19,109,22,32,115,99,25,81,53,43" hai3="121,48,113,132,24,12,56,94,133,88,95,129,1"/><W62/><G113/><T39/><D71/><U63/><E108/><V98/><F115/><W101/><G1/><T68/><D112/><U29/><E125/><V86/><F109/><W117/><G129/><T20/><D110/><U2/><E29/><V35/><F130/><W114/><G48/><T16/><D68/><U50/><E50/><V116/><F116/><W15/><G24/><T131/><D131/><U9/><REACH who="1" step="1"/><E92/><REACH who="1" ten="235,215,195,345" step="2"/><N who="3" m="35370" /><G114/><T96/><D39/><U28/><E28/><V66/><F122/><W33/><G121/><T120/><D120/><U80/><E80/><V123/><F123/><W52/><G132/><T37/><D135/><U79/><E79/><V89/><F66/><W67/><G67/><T77/><D83/><U41/><E41/><V3/><F43/><W74/><G133/><T107/><D37/><U103/><E103/><V119/><F119/><W82/><G101/><T6/><D102/><U118/><E118/><V134/><F134/><W42/><G82/><T84/><D107/><U100/><E100/><V36/><F36/><W5/><G42/><T111/><D111/><U76/><E76/><V75/><F53/><W10/><G52/><T34/><D54/><U70/><E70/><V51/><F51/><W104/><G104/><T59/><D78/><U106/><E106/><V46/><F46/><W31/><G117/><T87/><D45/><U126/><E126/><V97/><F3/><W65/><G65/><T128/><D128/><U58/><E58/><V73/><REACH who="2" step="1"/><F81/><REACH who="2" ten="235,215,185,345" step="2"/><W64/><G64/><T85/><D0/><U57/><E57/><V14/><F14/><AGARI ba="0,2" hai="2,7,9,11,13,14,17,18,21,44,47,60,61,63" machi="14" ten="40,8000,1" yaku="1,1,6,1,52,2,53,0" doraHai="40" doraHaiUra="90" who="1" fromWho="2" sc="235,0,215,100,185,-80,345,0" owari="235,-16.5,315,11.5,105,-39.5,345,44.5" /></mjloggm>