<mjloggm ver="2.3"><GO type="225" lobby="0"/><UN n0="%E4%B8%89%E5%86%A0%E7%8E%8B%E3%83%BB%E5%B1%B1%E7%94%B0%E5%93%B2%E4%BA%BA" n1="%E2%98%86%41%64%72%69%61%6E" n2="%33%74%72%65%65" n3="%E6%98%A5%E3%81%AE%E3%81%8B%E3%81%91%E3%82%89" dan="16,17,17,16" rate="2171.47,2145.80,2170.19,2031.55" sx="M,M,F,F"/><TAIKYOKU oya="0"/><INIT seed="0,0,0,5,3,58" ten="250,250,250,250" oya="0" hai0="14,115,54,62,17,59,130,78,27,67,109,99,19" hai1="96,42,60,118,68,100,112,0,3,122,13,124,131" hai2="18,30,103,108,23,53,110,111,20,36,116,102,28" hai3="16,77,129,93,88,44,126,26,12,41,98,123,38"/><T39/><D115/><U49/><E122/><V87/><F36/><W81/><G126/><T80/><D130/><U127/><E118/><V92/><F116/><W31/><G129/><T11/><D39/><U133/><E131/><V55/><F87/><W32/><G123/><T40/><D109/><U71/><E112/><V125/><F125/><N who="1" m="48201" /><E13/><V52/><F92/><W119/><G119/><T47/><D99/><U135/><E49/><V104/><F104/><W64/><G64/><T65/><D40/><U113/><E42/><V9/><F9/><W25/><G31/><N who="2" m="11817" /><F18/><W6/><G32/><T90/><D47/><U95/><E71/><V82/><F82/><W37/><G6/><T70/><D90/><U73/><E73/><V66/><F66/><W2/><G2/><N who="1" m="554" /><E113/><V5/><F5/><W24/><G38/><T43/><D43/><U91/><E91/><V33/><F33/><W75/><REACH who="3" step="1"/><G26/><REACH who="3" ten="250,250,250,240" step="2"/><T34/><D70/><U89/><E89/><V79/><F79/><W134/><G134/><N who="1" m="51210" /><E68/><V61/><F110/><W48/><G48/><T8/><D34/><U114/><E114/><V1/><F111/><W106/><G106/><T50/><D50/><U63/><AGARI ba="0,1" hai="60,63,95,96,100" m="51210,554,48201" machi="63" ten="40,8000,1" yaku="18,1,20,1,52,2" doraHai="58" who="1" fromWho="1" sc="250,-40,250,90,250,-20,240,-20" /><INIT seed="1,0,0,4,4,64" ten="210,340,230,220" oya="1" hai0="68,15,41,40,13,32,52,109,91,130,118,90,34" hai1="49,29,85,31,86,24,100,7,132,35,39,111,62" hai2="78,120,84,20,96,116,125,80,33,74,38,14,1" hai3="92,129,89,44,93,47,28,48,73,60,6,16,121"/><U70/><E39/><V19/><F116/><W36/><G121/><T30/><D109/><U50/><E111/><V101/><F120/><W114/><G114/><T22/><D22/><U37/><E37/><V117/><F117/><W79/><G129/><T98/><D30/><U112/><E112/><V110/><F110/><W69/><G28/><T65/><D118/><U134/><E7/><V105/><F125/><W71/><G6/><T131/><D98/><U61/><E100/><V107/><F33/><W2/><G2/><T18/><D65/><N who="1" m="41263" /><E62/><V0/><F38/><W59/><G92/><T113/><D113/><U45/><E31/><V103/><F84/><N who="1" m="32361" /><E45/><V12/><REACH who="2" step="1"/><F14/><REACH who="2" ten="210,340,220,220" step="2"/><W56/><G36/><T135/><D15/><U119/><E119/><V51/><F51/><W9/><G48/><T17/><D13/><U43/><E43/><V67/><F67/><W127/><G127/><T115/><D115/><U99/><E50/><V76/><F76/><W58/><G79/><T75/><D52/><U57/><E49/><V26/><F26/><W8/><G60/><T133/><REACH who="0" step="1"/><D75/><REACH who="0" ten="200,340,220,220" step="2"/><U124/><E124/><V123/><F123/><W27/><G73/><T72/><D72/><U4/><E35/><V104/><F104/><W95/><G27/><T126/><D126/><U3/><E24/><V106/><F106/><W25/><G25/><T21/><D21/><U83/><E3/><V77/><F77/><W11/><G11/><T55/><D55/><U10/><E29/><V5/><F5/><W66/><G9/><T81/><D81/><U63/><E10/><V87/><F87/><RYUUKYOKU ba="0,2" sc="200,15,340,-15,220,15,220,-15" hai0="17,18,32,34,40,41,68,90,91,130,131,133,135" hai2="0,1,12,19,20,74,78,80,96,101,103,105,107" /><INIT seed="2,1,2,3,0,26" ten="215,325,235,205" oya="2" hai0="84,129,112,70,130,18,92,15,113,102,125,123,1" hai1="89,134,13,111,32,24,90,28,96,121,109,47,8" hai2="33,29,79,36,11,72,103,34,20,80,86,45,14" hai3="9,118,135,38,107,98,57,44,115,82,105,77,91"/><V101/><F72/><N who="3" m="43303" /><G57/><T23/><D123/><U114/><E114/><V85/><F85/><W16/><G44/><T56/><D70/><U35/><E121/><V42/><F20/><W65/><G65/><T93/><D1/><U55/><E35/><V124/><F124/><W131/><G38/><T74/><D74/><U52/><E134/><V53/><F53/><N who="1" m="20553" /><E96/><V58/><F58/><W78/><G16/><T17/><D125/><U4/><E47/><V83/><F83/><W88/><G9/><T97/><D56/><U69/><E69/><V64/><F64/><W3/><G3/><T110/><D110/><AGARI ba="1,2" hai="4,8,13,24,28,32,89,90,109,110,111" m="20553" machi="110" ten="30,3900,0" yaku="14,1,52,1,54,1" doraHai="26" who="1" fromWho="0" sc="215,-42,325,62,235,0,205,0" /><INIT seed="3,0,0,4,2,18" ten="173,387,235,205" oya="3" hai0="110,68,63,12,66,15,62,107,126,105,104,94,89" hai1="2,48,35,36,115,90,69,75,98,44,46,122,70" hai2="20,134,80,129,91,51,133,121,39,79,50,116,128" hai3="0,7,40,117,118,29,83,41,81,53,78,11,33"/><W3/><G3/><T82/><D110/><U32/><E115/><V123/><F116/><W103/><G103/><T93/><D82/><U100/><E75/><N who="2" m="43135" /><F39/><W26/><G83/><T106/><N who="0" m="26624" /><DORA hai="109" /><T130/><D126/><U60/><E122/><N who="2" m="46603" /><F91/><W42/><REACH who="3" step="1"/><G53/><REACH who="3" ten="173,387,235,195" step="2"/><T21/><D130/><U6/><E100/><V14/><F129/><W88/><G88/><T99/><D94/><U119/><E2/><V37/><F128/><W131/><G131/><T86/><D99/><U64/><E98/><V47/><F133/><W124/><G124/><T1/><D1/><U113/><E90/><V87/><F134/><W19/><G19/><T27/><REACH who="0" step="1"/><D62/><REACH who="0" ten="163,387,235,195" step="2"/><U114/><E60/><V56/><F87/><AGARI ba="0,2" hai="0,7,11,26,29,33,40,41,42,78,81,87,117,118" machi="87" ten="40,2000,0" yaku="1,1,53,0" doraHai="18,109" doraHaiUra="10,65" who="3" fromWho="2" sc="163,0,387,0,235,-20,195,40" /><INIT seed="3,1,0,3,5,73" ten="163,387,215,235" oya="3" hai0="93,7,92,57,13,96,122,67,64,30,32,100,89" hai1="3,45,34,116,85,6,129,25,1,80,8,81,46" hai2="42,21,33,15,91,115,4,97,104,113,76,118,41" hai3="95,79,128,124,103,29,9,120,126,74,68,77,75"/><W90/><G68/><T18/><D122/><U63/><E129/><V0/><F33/><W36/><G36/><T60/><D7/><U71/><E116/><V65/><F118/><W66/><G66/><T47/><D32/><U59/><E71/><V38/><F65/><W43/><G43/><T11/><D30/><U69/><E69/><V39/><F42/><W20/><G9/><T44/><REACH who="0" step="1"/><D67/><REACH who="0" ten="153,387,215,235" step="2"/><U127/><E34/><V70/><F4/><W105/><G120/><T58/><D58/><U130/><E59/><V98/><F70/><W107/><G29/><T84/><AGARI ba="1,1" hai="11,13,18,44,47,57,60,64,84,89,92,93,96,100" machi="84" ten="20,5200,0" yaku="1,1,0,1,7,1,8,1,53,0" doraHai="73" doraHaiUra="31" who="0" fromWho="0" sc="153,65,387,-14,215,-14,235,-27" owari="218,1.8,373,47.3,201,-29.9,208,-19.2" /></mjloggm>