<mjloggm ver="2.3"><GO type="225" lobby="0"/><UN n0="%E3%81%B7%E3%82%8A%E3%82%93%E8%81%96%E4%BA%BA" n1="%E3%81%A6%E3%81%A4%EF%BC%A3" n2="%E3%83%A9%E3%83%BC%E3%83%A1%E3%83%B3%E4%BA%94%E9%83%8E" n3="%E6%9C%9D%E6%97%A5" dan="16,16,16,17" rate="2110.82,2072.44,2124.85,2159.23" sx="M,M,M,F"/><TAIKYOKU oya="0"/><INIT seed="0,0,0,0,0,13" ten="250,250,250,250" oya="0" hai0="96,80,102,111,0,113,79,12,117,124,90,121,58" hai1="94,133,67,17,118,130,16,34,52,128,78,7,132" hai2="108,106,71,43,66,61,103,59,55,89,68,41,9" hai3="122,99,95,30,36,120,45,98,57,116,10,63,26"/><T83/><D0/><U23/><E118/><V42/><F108/><W29/><G116/><T93/><D117/><U47/><E34/><V87/><F9/><W84/><G84/><T126/><D121/><N who="3" m="46697" /><G10/><T119/><D119/><U97/><E7/><V39/><F39/><W53/><G95/><T76/><D58/><U69/><E78/><N who="0" m="29737" /><D113/><U74/><E74/><V65/><F71/><W81/><G81/><N who="0" m="31307" /><D12/><U24/><E17/><V54/><F68/><W100/><G100/><T1/><D1/><U19/><E19/><V114/><F114/><W2/><G2/><T134/><D111/><U11/><E11/><V51/><F106/><W110/><G110/><T40/><D40/><U62/><E52/><V72/><F103/><W112/><G112/><T22/><D22/><U6/><E47/><N who="2" m="28031" /><F72/><W92/><G92/><AGARI ba="0,0" hai="41,42,43,55,59,61,65,66,87,89,92" m="28031" machi="92" ten="30,1000,0" yaku="8,1" doraHai="13" who="2" fromWho="3" sc="250,0,250,0,250,10,250,-10" /><INIT seed="1,0,0,2,5,131" ten="250,250,260,240" oya="1" hai0="98,76,111,122,16,70,74,75,106,60,2,42,25" hai1="26,9,56,0,67,129,91,94,40,68,118,85,84" hai2="49,23,81,58,124,123,33,22,116,73,7,55,15" hai3="27,21,113,95,82,5,59,135,57,77,6,38,50"/><U92/><E118/><V120/><F116/><W105/><G105/><T128/><D2/><U41/><E129/><V119/><F119/><W88/><G38/><T72/><D128/><U65/><E68/><V103/><F33/><W127/><G113/><T121/><D42/><U133/><E26/><V101/><F124/><W78/><G127/><T93/><D106/><U53/><E133/><V99/><F7/><N who="3" m="2571" /><G82/><T11/><D111/><U109/><E109/><V43/><F43/><N who="1" m="16457" /><E9/><V83/><F103/><W63/><G50/><T32/><D32/><U62/><E0/><V46/><F73/><W12/><G12/><T134/><D134/><U18/><E18/><V80/><F15/><W130/><G59/><T71/><D76/><U61/><E61/><V97/><F120/><N who="0" m="46186" /><D60/><U34/><E34/><V37/><F123/><W47/><G47/><T87/><D11/><U117/><E117/><V3/><F3/><W19/><G135/><T48/><D48/><U4/><E4/><V86/><F37/><W17/><G17/><T28/><D28/><U31/><E31/><V36/><F36/><W100/><G100/><N who="0" m="60495" /><D87/><N who="1" m="33355" /><E91/><V29/><F29/><W24/><G24/><T96/><D96/><N who="2" m="36938" /><F101/><W51/><G130/><T1/><D1/><U39/><E39/><V69/><F69/><W102/><G102/><T125/><D125/><U66/><AGARI ba="0,0" hai="53,56,62,65,66,67,92,94" m="33355,16457" machi="66" ten="30,1500,0" yaku="8,1" doraHai="131" who="1" fromWho="1" sc="250,-5,250,15,260,-5,240,-5" /><INIT seed="1,1,0,4,0,121" ten="245,265,255,235" oya="1" hai0="95,116,43,88,55,54,107,119,64,68,66,32,20" hai1="39,92,104,52,73,29,12,108,36,76,3,126,59" hai2="100,110,114,96,14,56,0,51,2,42,90,5,61" hai3="33,123,131,44,1,23,86,46,11,134,57,6,79"/><U69/><E3/><V16/><F114/><W103/><G33/><T129/><D32/><U93/><E69/><V77/><F77/><W22/><G123/><T19/><D107/><U7/><E104/><V15/><F90/><W106/><G134/><T65/><D68/><U60/><E126/><V28/><F28/><W124/><G124/><T105/><D105/><U80/><E108/><V53/><F14/><W84/><G131/><T133/><D133/><U31/><E36/><V17/><F5/><W47/><G57/><T85/><D129/><U117/><E39/><V9/><F17/><W62/><G62/><T37/><D43/><U113/><E113/><V135/><F135/><W13/><G1/><T112/><D37/><U38/><E38/><V10/><F10/><W40/><G40/><T115/><D112/><U87/><E73/><V82/><F82/><W30/><G30/><N who="1" m="11274" /><E117/><V72/><F72/><W4/><G4/><T127/><D127/><U101/><E101/><V70/><F110/><W83/><REACH who="3" step="1"/><G86/><REACH who="3" ten="245,265,255,225" step="2"/><T24/><D115/><U26/><E26/><V132/><F132/><W41/><G41/><T21/><D116/><U97/><E97/><AGARI ba="1,1" hai="6,11,13,22,23,44,46,47,79,83,84,97,103,106" machi="97" ten="40,2600,0" yaku="1,1,53,1" doraHai="121" doraHaiUra="99" who="3" fromWho="1" sc="245,0,265,-29,255,0,225,39" /><INIT seed="2,0,0,1,3,20" ten="245,236,255,264" oya="2" hai0="126,12,25,87,107,86,92,69,109,31,95,49,59" hai1="1,65,70,8,123,5,105,116,100,21,58,91,106" hai2="38,72,9,75,0,19,56,121,119,57,84,61,98" hai3="23,76,27,124,115,41,43,64,112,134,3,35,81"/><V48/><F119/><W17/><G3/><T13/><D69/><U130/><E116/><V83/><F121/><W97/><G124/><T34/><D107/><U99/><E123/><V104/><F38/><W101/><G64/><T102/><D126/><U50/><E130/><V46/><F104/><N who="3" m="63535" /><G35/><T85/><D109/><U4/><E4/><V88/><F98/><W132/><G43/><T10/><D13/><U62/><E106/><V30/><F30/><W71/><G71/><T135/><D102/><U122/><E122/><V42/><F56/><W128/><G41/><T133/><D49/><U51/><E70/><V89/><F89/><W73/><G128/><T47/><D47/><U113/><E113/><AGARI ba="0,0" hai="17,23,27,73,76,81,112,113,115,132,134" m="63535" machi="113" ten="30,2000,0" yaku="11,1,52,1" doraHai="20" who="3" fromWho="1" sc="245,0,236,-20,255,0,264,20" /><INIT seed="3,0,0,1,5,118" ten="245,216,255,284" oya="3" hai0="66,94,39,36,7,1,54,51,133,31,83,130,86" hai1="84,47,101,106,89,93,9,132,33,56,15,125,60" hai2="129,112,113,87,55,18,107,104,11,21,48,76,40" hai3="92,85,79,134,95,119,127,0,17,81,13,80,128"/><W135/><G119/><T114/><D66/><U45/><E132/><N who="3" m="50730" /><G0/><T49/><D133/><U105/><E125/><V12/><F129/><W3/><G3/><T98/><D31/><U35/><E35/><V109/><F109/><W123/><G128/><T71/><D71/><U116/><E33/><V41/><F104/><W108/><G108/><T73/><D73/><U126/><E126/><V70/><F107/><W25/><G127/><T43/><D1/><U122/><E116/><V2/><F70/><W57/><G25/><T99/><D7/><U16/><E106/><V6/><F113/><W59/><G123/><T131/><D99/><U91/><E122/><V53/><F112/><W69/><G69/><T103/><D114/><U77/><E77/><V111/><F111/><W74/><G59/><T44/><D130/><U10/><E10/><V37/><F37/><W29/><G57/><T100/><D100/><U26/><E26/><V72/><F72/><W62/><G62/><T50/><D131/><U88/><E105/><V61/><F61/><W8/><G29/><T14/><D14/><U124/><E124/><V30/><F30/><W58/><G58/><T4/><D4/><U38/><E38/><V117/><F117/><W63/><G63/><T28/><D28/><U24/><E24/><N who="2" m="14391" /><F2/><W90/><AGARI ba="0,0" hai="8,13,17,74,79,80,81,85,90,92,95" m="50730" machi="90" ten="30,1500,0" yaku="20,1" doraHai="118" who="3" fromWho="3" sc="245,-5,216,-5,255,-5,284,15" /><INIT seed="3,1,0,0,2,40" ten="240,211,250,299" oya="3" hai0="63,46,61,92,48,47,110,55,91,43,52,117,56" hai1="95,111,57,6,45,4,50,120,88,113,107,0,39" hai2="5,69,37,134,121,78,102,35,97,112,129,27,28" hai3="17,19,80,59,14,105,9,65,11,34,135,86,41"/><W79/><G105/><T12/><D117/><U42/><E111/><V13/><F112/><W38/><G34/><T64/><D110/><U10/><E120/><V30/><F121/><W36/><G135/><T119/><D119/><U85/><E113/><V31/><F134/><W89/><G41/><T53/><D12/><U3/><E107/><V75/><F129/><W62/><G89/><T66/><D91/><U25/><E25/><V87/><F75/><W130/><G130/><T103/><D103/><U32/><E32/><V126/><F126/><W26/><G26/><T15/><D15/><AGARI ba="1,0" hai="9,11,14,15,17,19,36,38,59,62,65,79,80,86" machi="15" ten="40,2000,0" yaku="9,1" doraHai="40" who="3" fromWho="0" sc="240,-23,211,0,250,0,299,23" owari="217,-18.3,211,-28.9,250,5.0,322,42.2" /></mjloggm>