<mjloggm ver="2.3"><GO type="225" lobby="0"/><UN n0="%E6%A0%B9%E5%85%83%E3%81%8B%E3%82%89%E5%90%B9%E3%81%A3%E9%A3%9B%E3%81%B6" n1="%72%61%6B%33" n2="%E3%83%89%E3%83%A9%E3%81%8F%E3%82%8C" n3="%E3%80%93%E3%81%97%E3%83%BC%E3%82%89%E3%80%93" dan="17,16,16,16" rate="2182.47,2089.08,2220.92,2093.31" sx="F,M,M,M"/><TAIKYOKU oya="0"/><INIT seed="0,0,0,1,1,32" ten="250,250,250,250" oya="0" hai0="3,129,70,68,121,95,53,24,10,49,22,57,106" hai1="48,35,74,20,135,85,45,4,19,110,52,103,132" hai2="79,83,82,131,0,92,122,46,6,26,66,115,62" hai3="9,89,37,127,90,134,114,55,69,8,86,78,111"/><T29/><D121/><U63/><E35/><V116/><F122/><W43/><G69/><T73/><D106/><U1/><E74/><V12/><F115/><W33/><G33/><T2/><D73/><U72/><E72/><V59/><F116/><W11/><G114/><T91/><D129/><U51/><E110/><V77/><F131/><W41/><G111/><T44/><D10/><N who="1" m="2319" /><E85/><V76/><F0/><W97/><G127/><T40/><D68/><U117/><E51/><V133/><F133/><N who="1" m="51273" /><E63/><V15/><F6/><W31/><G31/><T21/><D70/><U108/><E103/><V99/><F26/><W130/><G130/><T124/><D21/><U128/><E128/><V88/><REACH who="2" step="1"/><F46/><REACH who="2" ten="250,250,240,250" step="2"/><W58/><G134/><T18/><D124/><U119/><E108/><V120/><F120/><W50/><G37/><T87/><REACH who="0" step="1"/><D29/><REACH who="0" ten="240,250,240,250" step="2"/><U27/><AGARI ba="0,2" hai="19,20,27,45,48,52,117,119" m="51273,2319" machi="27" ten="30,4000,0" yaku="20,1,52,1,54,1" doraHai="32" who="1" fromWho="1" sc="240,-20,250,60,240,-10,250,-10" /><INIT seed="1,0,0,1,1,88" ten="220,310,230,240" oya="1" hai0="47,119,0,109,45,133,80,127,82,40,65,85,33" hai1="60,22,24,101,35,95,87,113,54,120,66,51,126" hai2="48,42,46,74,75,7,13,50,29,125,90,9,30" hai3="52,91,15,2,105,89,10,78,134,111,27,107,56"/><U98/><E126/><V41/><F125/><W70/><G70/><T39/><D119/><U68/><E113/><V106/><F106/><W122/><G122/><T23/><D109/><U97/><E120/><V69/><F69/><W117/><G111/><T38/><D33/><U93/><E35/><V26/><F29/><W28/><G2/><T123/><D123/><U19/><E87/><V116/><F116/><W36/><G36/><T83/><D0/><U92/><E98/><V131/><F131/><W44/><G44/><AGARI ba="0,0" hai="19,22,24,44,51,54,60,66,68,92,93,95,97,101" machi="44" ten="30,11600,0" yaku="7,1,52,3" doraHai="88" who="1" fromWho="3" sc="220,0,310,116,230,0,240,-116" /><INIT seed="1,1,0,4,1,4" ten="220,426,230,124" oya="1" hai0="39,129,1,21,35,76,7,102,38,59,92,77,17" hai1="89,36,10,120,24,114,41,110,134,61,86,105,45" hai2="13,116,44,70,43,75,135,19,64,3,131,93,95" hai3="15,72,124,73,122,16,66,132,107,49,18,69,26"/><U82/><E114/><V33/><F116/><W47/><G107/><T91/><D35/><U78/><E120/><V123/><F3/><W85/><G122/><T57/><D129/><U90/><E134/><V81/><F33/><W29/><G132/><T128/><D102/><U32/><E105/><V115/><F131/><W99/><G124/><T127/><D127/><U23/><E32/><V101/><F101/><W111/><G111/><T121/><D121/><U97/><E110/><V74/><F74/><W62/><G99/><T53/><D38/><U9/><E61/><V51/><F123/><W84/><G18/><T31/><D31/><U63/><E63/><V42/><F42/><W22/><G73/><T12/><D39/><U8/><REACH who="1" step="1"/><E97/><REACH who="1" ten="220,416,230,124" step="2"/><V94/><F115/><W25/><G72/><T117/><D128/><U71/><E71/><V83/><F70/><W106/><G106/><T30/><D117/><U60/><E60/><V2/><F75/><W80/><G80/><T50/><D59/><U55/><E55/><V28/><F135/><W27/><REACH who="3" step="1"/><G29/><AGARI ba="1,1" hai="8,9,10,23,24,29,36,41,45,78,82,86,89,90" machi="29" ten="40,12000,1" yaku="1,1,52,3,53,0" doraHai="4" doraHaiUra="14" who="1" fromWho="3" sc="220,0,416,133,230,0,124,-123" /><INIT seed="1,2,0,4,5,45" ten="220,549,230,1" oya="1" hai0="49,20,52,26,126,39,31,83,24,64,42,61,17" hai1="30,23,32,2,33,56,47,38,95,104,62,88,125" hai2="25,129,90,128,87,7,106,118,67,44,74,124,15" hai3="13,8,54,103,34,113,78,21,93,121,18,100,116"/><U110/><E104/><V131/><F118/><W85/><G34/><T123/><D126/><U133/><E2/><V63/><F124/><W68/><G68/><T112/><D112/><U71/><E71/><V79/><F106/><W89/><G113/><T51/><D39/><U134/><E125/><V84/><F25/><W58/><G116/><T132/><D132/><N who="1" m="50795" /><E110/><V81/><F44/><W119/><G119/><T9/><D123/><U6/><E6/><V102/><F102/><W92/><G121/><T59/><D42/><N who="1" m="22999" /><E23/><V19/><F7/><W77/><G8/><T22/><D83/><U97/><E30/><V3/><F90/><W11/><G11/><T111/><D111/><U35/><E32/><V73/><F74/><W14/><G14/><N who="0" m="7375" /><D64/><U66/><AGARI ba="2,0" hai="33,35,56,62,66,88,95,97" m="22999,50795" machi="66" ten="30,3000,0" yaku="20,1,54,1" doraHai="45" who="1" fromWho="1" sc="220,-12,549,36,230,-12,1,-12" owari="208,-19.2,585,68.5,218,1.8,-11,-51.1" /></mjloggm>