<mjloggm ver="2.3"><GO type="225" lobby="0"/><UN n0="%E5%B8%86%E7%AB%8B%E5%A4%8F%E8%A1%A3" n1="%48%61%61%61%6C%61%6E%64" n2="%6E%69%63%6F%6E%74%6F" n3="%E3%81%86%E3%83%BC%E3%81%B1%E3%83%BC" dan="16,18,17,16" rate="2110.95,2202.78,2129.49,2135.58" sx="M,M,M,F"/><TAIKYOKU oya="0"/><INIT seed="0,0,0,1,4,12" ten="250,250,250,250" oya="0" hai0="49,47,104,124,36,58,115,129,41,79,52,42,80" hai1="39,111,131,108,106,27,17,83,81,102,31,19,45" hai2="112,4,109,2,50,21,135,10,46,40,98,128,11" hai3="68,73,116,87,66,130,90,74,96,70,92,60,57"/><T113/><D113/><U61/><BYE who="0" /><E131/><V32/><F109/><N who="1" m="42057" /><E61/><UN n0="%E5%B8%86%E7%AB%8B%E5%A4%8F%E8%A1%A3" /><V3/><F128/><W20/><G130/><T118/><D115/><U56/><E56/><V95/><F135/><W48/><G116/><T8/><D118/><U29/><E102/><V14/><F112/><W100/><G20/><T51/><D129/><U43/><E106/><V65/><F32/><W34/><G34/><T38/><D104/><U69/><E69/><V18/><F65/><W91/><G90/><T30/><D124/><U16/><E31/><V123/><F123/><W103/><G103/><T88/><D30/><U86/><E86/><V35/><F35/><AGARI ba="0,0" hai="16,17,19,27,29,35,39,43,45,81,83" m="42057" machi="35" ten="30,8000,1" yaku="14,1,52,3,54,1" doraHai="12" who="1" fromWho="2" sc="250,0,250,80,250,-80,250,0" /><INIT seed="1,0,0,3,3,46" ten="250,330,170,250" oya="1" hai0="27,85,90,41,83,53,54,38,132,127,52,115,32" hai1="105,11,33,101,69,77,62,91,57,14,40,95,117" hai2="131,106,94,7,73,111,37,79,9,47,110,89,103" hai3="122,16,104,21,51,100,60,130,93,121,3,102,135"/><U87/><E117/><V123/><F123/><W88/><G3/><T82/><D115/><U19/><E33/><V76/><F131/><W125/><G130/><T18/><D127/><U71/><E77/><V118/><F118/><W72/><G72/><T65/><D132/><U12/><E40/><V4/><F4/><W114/><G114/><T22/><D65/><U99/><REACH who="1" step="1"/><E14/><REACH who="1" ten="250,320,170,250" step="2"/><V97/><F79/><W35/><G35/><T75/><D32/><U36/><E36/><V13/><F37/><W2/><G122/><T55/><N who="0" m="13312" /><DORA hai="67" /><T68/><D75/><U50/><E50/><V108/><F47/><W43/><G51/><T59/><D38/><U5/><E5/><V8/><F8/><W20/><G43/><T0/><D41/><U64/><AGARI ba="0,1" hai="11,12,19,57,62,64,69,71,87,91,95,99,101,105" machi="64" ten="20,18000,2" yaku="1,1,0,1,7,1,52,2,53,1" doraHai="46,67" doraHaiUra="128,96" who="1" fromWho="1" sc="250,-60,320,190,170,-60,250,-60" /><INIT seed="1,1,0,3,1,105" ten="190,510,110,190" oya="1" hai0="22,12,113,78,109,51,16,66,13,74,25,87,19" hai1="49,73,6,134,46,2,80,10,107,119,70,67,34" hai2="54,115,104,114,62,95,71,30,128,14,35,32,132" hai3="44,50,98,47,94,15,97,53,75,130,52,64,69"/><U90/><E119/><V57/><F104/><W85/><G130/><T101/><D109/><U133/><E107/><V108/><F108/><W3/><G3/><T5/><D113/><U82/><E34/><V60/><F128/><W86/><G69/><T45/><D66/><U61/><E90/><V81/><F132/><N who="1" m="50793" /><E73/><V123/><F123/><W91/><G64/><T106/><D74/><U42/><AGARI ba="1,0" hai="2,6,10,42,46,49,61,67,70,80,82" m="50793" machi="42" ten="30,1500,0" yaku="20,1" doraHai="105" who="1" fromWho="1" sc="190,-6,510,18,110,-6,190,-6" /><INIT seed="1,2,0,0,3,31" ten="184,528,104,184" oya="1" hai0="19,94,83,128,123,74,41,80,51,26,118,8,90" hai1="13,108,96,132,119,35,12,86,30,55,11,79,53" hai2="49,71,117,109,27,25,29,18,68,20,99,101,124" hai3="72,44,114,121,88,50,87,65,5,131,75,134,133"/><U120/><E119/><V104/><F109/><W52/><G121/><T125/><D118/><U126/><E120/><V2/><F124/><W110/><G114/><T56/><D123/><U70/><E126/><V64/><F117/><W45/><G110/><T100/><D128/><U46/><E108/><V93/><F2/><W66/><G5/><T84/><D74/><U97/><E70/><V10/><F10/><W82/><G131/><T0/><D0/><U47/><E132/><N who="3" m="50794" /><G45/><N who="0" m="26031" /><D125/><U15/><E11/><V113/><F113/><W67/><AGARI ba="2,0" hai="44,50,52,65,66,67,72,75,82,87,88" m="50794" machi="67" ten="30,4000,0" yaku="20,1,54,2" doraHai="31" who="3" fromWho="3" sc="184,-12,528,-22,104,-12,184,46" /><INIT seed="2,0,0,4,2,1" ten="172,506,92,230" oya="2" hai0="80,122,75,61,29,100,62,21,64,58,110,26,130" hai1="30,133,32,8,131,33,70,24,19,35,38,101,96" hai2="22,77,23,74,20,134,66,106,115,72,6,121,9" hai3="128,97,76,31,103,120,88,57,90,83,27,119,102"/><V68/><F115/><W92/><G119/><T125/><D110/><U82/><E38/><V69/><F121/><W28/><G128/><T46/><D122/><U56/><E131/><V55/><F134/><W41/><G120/><T54/><D130/><U123/><E123/><V135/><F135/><W86/><G41/><T94/><D125/><U52/><E70/><V34/><F34/><W49/><G102/><T91/><D75/><U108/><E133/><V126/><F106/><W18/><G18/><T67/><D46/><U50/><E82/><V53/><F126/><W71/><G71/><T104/><D104/><U98/><E98/><V99/><F69/><W116/><G116/><T73/><D73/><U47/><E108/><V10/><F10/><W105/><G27/><T124/><D124/><U5/><E19/><V44/><F99/><W118/><G118/><T81/><D100/><U15/><E56/><V17/><F17/><W87/><G90/><T109/><D109/><U16/><E16/><V129/><F129/><W89/><G89/><T60/><D80/><U113/><E113/><V14/><F74/><W4/><G4/><T36/><D81/><U13/><E13/><V114/><F114/><W42/><G42/><T43/><D43/><U117/><E117/><V63/><REACH who="2" step="1"/><F44/><REACH who="2" ten="172,506,82,230" step="2"/><W37/><G97/><N who="0" m="57567" /><D36/><U127/><E127/><V84/><F84/><W79/><G37/><T45/><D45/><U7/><E96/><V107/><F107/><W51/><G105/><T12/><D12/><N who="1" m="5135" /><E101/><V78/><F78/><N who="3" m="29739" /><G103/><T65/><AGARI ba="0,1" hai="21,26,29,54,58,60,61,62,64,65,67" m="57567" machi="65" ten="30,1100,0" yaku="8,1" doraHai="1" who="0" fromWho="0" sc="172,21,506,-3,82,-5,230,-3" /><INIT seed="3,0,0,3,5,20" ten="193,503,77,227" oya="3" hai0="23,41,106,72,76,9,5,107,13,118,134,36,37" hai1="63,128,131,133,108,98,74,110,64,56,6,34,44" hai2="115,17,73,25,7,121,16,105,49,109,57,89,125" hai3="2,50,75,54,30,47,14,40,97,86,69,114,70"/><W59/><G75/><T82/><D118/><U33/><E133/><V92/><F109/><N who="1" m="42089" /><E74/><V93/><F125/><W10/><G2/><N who="0" m="183" /><D23/><U67/><E6/><V91/><F115/><W120/><G114/><T116/><D13/><U38/><E67/><V11/><F121/><W100/><G86/><T62/><D134/><U66/><E66/><V55/><F105/><N who="0" m="39946" /><D62/><U65/><E65/><V51/><F73/><W21/><G21/><T79/><D79/><U112/><E112/><V48/><F48/><W94/><G30/><T78/><D78/><U24/><E98/><V124/><F124/><W43/><G43/><T117/><D37/><U3/><E3/><V84/><F51/><W127/><G127/><T122/><D122/><U83/><E83/><V87/><REACH who="2" step="1"/><F25/><REACH who="2" ten="193,503,67,227" step="2"/><W58/><G120/><T90/><D117/><U81/><E24/><V39/><F39/><W68/><G50/><T32/><D116/><U29/><E38/><V71/><F71/><W85/><G68/><T99/><D36/><U60/><E60/><V135/><F135/><W80/><G69/><T123/><D123/><U27/><E63/><V119/><F119/><W28/><G70/><T35/><D72/><U4/><E27/><V77/><F77/><W96/><G59/><T113/><D113/><U22/><E56/><V103/><F103/><W19/><G58/><T46/><D76/><U31/><E44/><V8/><F8/><N who="3" m="6599" /><G47/><T42/><D46/><U95/><E131/><V61/><F61/><W26/><G100/><T52/><D42/><U104/><E128/><V130/><F130/><W88/><G40/><RYUUKYOKU ba="0,1" sc="193,-10,503,-10,67,30,227,-10" hai2="7,11,16,17,49,55,57,84,87,89,91,92,93" owari="183,-21.7,503,60.3,97,-40.3,217,1.7" /></mjloggm>