<mjloggm ver="2.3"><GO type="225" lobby="0"/><UN n0="%E3%81%BF%E3%81%BF%E3%81%9A" n1="%72%69%6F%75%63%68%61%6E" n2="%E9%B3%B3%E6%9D%B1%E3%81%AE%E3%81%86%E3%81%95%E3%81%8E%E3%81%95%E3%82%93" n3="%E3%81%BE%E3%81%A8%E3%81%9F" dan="17,16,17,16" rate="2273.95,2167.80,2251.62,2172.76" sx="M,M,M,M"/><TAIKYOKU oya="0"/><INIT seed="0,0,0,4,2,23" ten="250,250,250,250" oya="0" hai0="52,122,126,27,16,62,58,49,73,60,92,87,66" hai1="123,89,39,70,35,134,53,91,61,7,125,85,120" hai2="97,121,131,25,59,65,64,114,5,24,108,107,15" hai3="30,101,110,98,75,119,36,12,72,128,135,76,56"/><T43/><D73/><U118/><E118/><V38/><F121/><W32/><G36/><T95/><D122/><U10/><E39/><V1/><F114/><W96/><G12/><T81/><D126/><U47/><E125/><V130/><F1/><W0/><G0/><T127/><D43/><U6/><E134/><V94/><F107/><W8/><G8/><T19/><D127/><U31/><E89/><V41/><F108/><W99/><G56/><T48/><D48/><U109/><E109/><V117/><F117/><W18/><G18/><N who="0" m="6699" /><D27/><U103/><E6/><V42/><F5/><W133/><G72/><T26/><D26/><N who="2" m="10346" /><F15/><W116/><G110/><T44/><D60/><U115/><E61/><N who="2" m="37951" /><F65/><W74/><G74/><T37/><D37/><U28/><E123/><V104/><F104/><W2/><G2/><T63/><D63/><U29/><E120/><V113/><F113/><W4/><G4/><T82/><D82/><U102/><E115/><V77/><F38/><W46/><G32/><T50/><D50/><N who="1" m="28895" /><E35/><V78/><F41/><W67/><G119/><T13/><D13/><N who="1" m="5343" /><E70/><V57/><F42/><W112/><G116/><T20/><D20/><U90/><E90/><AGARI ba="0,0" hai="44,49,52,58,62,66,81,87,90,92,95" m="6699" machi="90" ten="30,5800,0" yaku="8,1,54,2" doraHai="23" who="0" fromWho="1" sc="250,58,250,-58,250,0,250,0" /><INIT seed="0,1,0,2,5,42" ten="308,192,250,250" oya="0" hai0="40,97,1,81,6,127,106,35,71,17,45,73,38" hai1="109,43,108,107,92,12,48,132,128,121,131,85,23" hai2="64,133,120,20,24,58,27,117,44,56,100,99,15" hai3="67,82,39,129,2,47,115,102,70,112,46,21,95"/><T104/><D17/><N who="1" m="10663" /><E121/><V66/><F120/><W74/><G129/><N who="1" m="49738" /><E107/><V126/><F133/><W69/><G2/><T130/><D130/><U29/><E29/><V77/><F77/><W76/><G39/><T89/><D127/><U18/><E132/><V55/><F15/><W7/><G7/><T26/><D71/><U122/><E122/><V51/><F117/><W111/><G111/><N who="1" m="42570" /><E18/><V22/><F126/><W110/><G110/><T65/><D104/><U50/><E43/><V124/><F124/><W94/><G70/><T79/><D106/><U0/><E0/><V96/><F100/><W10/><G102/><T61/><D35/><U103/><E85/><V90/><F22/><W80/><G21/><T19/><D19/><U78/><E78/><V8/><F8/><W32/><G10/><T52/><D1/><U37/><E37/><V86/><F20/><W41/><G41/><T31/><D40/><U16/><E16/><V3/><F3/><W116/><G116/><T93/><D38/><U91/><E103/><V119/><F119/><W5/><G5/><T83/><D6/><U59/><E59/><N who="2" m="22571" /><F24/><W4/><G4/><T53/><D26/><U87/><AGARI ba="1,0" hai="48,50,87,91,92" m="42570,49738,10663" machi="87" ten="30,2000,0" yaku="19,1,14,1" doraHai="42" who="1" fromWho="1" sc="308,-11,192,23,250,-6,250,-6" /><INIT seed="1,0,0,2,0,26" ten="297,215,244,244" oya="1" hai0="61,58,6,96,25,60,104,109,131,24,90,10,85" hai1="101,129,67,12,29,95,38,77,112,11,94,72,13" hai2="0,43,36,71,99,37,30,118,119,18,73,100,44" hai3="134,54,98,59,57,68,102,32,107,84,133,39,78"/><U17/><E112/><V42/><F18/><W33/><G39/><T115/><D115/><U117/><E117/><V56/><F71/><W35/><G68/><T92/><D109/><U5/><E38/><V53/><F0/><W128/><G128/><T108/><D108/><U74/><E129/><V91/><F73/><W105/><G105/><T31/><D131/><U70/><E77/><V50/><F91/><W49/><G78/><T4/><D25/><U8/><E29/><V116/><F30/><W14/><G84/><T111/><D111/><U86/><E94/><V127/><F127/><W64/><G14/><T126/><D126/><U7/><E17/><V87/><F87/><W23/><G23/><T47/><D47/><U110/><E110/><V41/><REACH who="2" step="1"/><F44/><REACH who="2" ten="297,215,234,244" step="2"/><W28/><G28/><T135/><D85/><U81/><E81/><V132/><F132/><W15/><G15/><T121/><D135/><U65/><E70/><V88/><F88/><W1/><G1/><T79/><D79/><U76/><E76/><V106/><AGARI ba="0,1" hai="36,37,41,42,43,50,53,56,99,100,106,116,118,119" machi="106" ten="40,5200,0" yaku="1,1,0,1,53,1" doraHai="26" doraHaiUra="55" who="2" fromWho="2" sc="297,-13,215,-26,234,62,244,-13" /><INIT seed="2,0,0,2,0,99" ten="284,189,296,231" oya="2" hai0="109,63,103,81,83,96,66,8,23,60,22,91,131" hai1="6,72,11,135,7,93,132,71,55,108,3,76,87" hai2="104,36,40,45,79,51,133,39,30,19,28,58,5" hai3="74,89,4,31,38,129,29,65,105,95,75,0,33"/><V41/><F104/><W57/><G38/><T52/><D109/><U53/><E108/><V125/><F133/><N who="1" m="51273" /><E71/><V13/><F125/><W82/><G105/><T102/><D131/><U84/><E7/><V114/><F114/><W32/><G32/><T1/><D1/><U15/><E3/><V97/><F5/><W43/><G43/><T106/><D8/><U85/><E93/><V18/><F79/><W100/><G100/><N who="0" m="38443" /><D106/><U59/><E59/><V14/><F58/><W121/><G57/><N who="0" m="34855" /><D63/><U35/><E35/><V80/><F39/><W128/><G33/><T24/><D66/><U112/><E112/><V110/><F36/><W50/><G65/><T73/><D73/><U56/><E56/><V27/><F110/><W64/><G74/><T2/><D2/><U46/><E46/><V118/><F45/><W62/><G75/><T49/><D49/><U101/><E101/><V21/><F51/><W17/><G50/><T12/><D96/><U9/><E11/><V130/><F97/><W69/><G0/><T61/><D61/><U119/><E119/><V16/><F118/><W78/><G62/><T34/><D91/><U134/><N who="1" m="51281" /><U86/><N who="1" m="21504" /><DORA hai="88" /><DORA hai="123" /><U107/><E107/><V67/><F67/><W122/><G64/><T117/><D117/><U98/><E98/><V25/><F130/><W77/><G89/><T70/><D70/><U44/><E44/><V113/><F113/><W127/><G69/><T54/><D34/><U68/><E68/><V47/><F47/><W37/><G37/><T42/><D54/><N who="1" m="20491" /><E72/><V90/><F90/><W26/><G122/><RYUUKYOKU ba="0,0" sc="284,-10,189,30,296,-10,231,-10" hai1="6,9,15,76" /><INIT seed="3,1,0,0,5,18" ten="274,219,286,221" oya="3" hai0="93,123,71,4,95,129,54,59,5,52,44,133,66" hai1="97,38,80,132,78,37,122,81,101,68,16,1,33" hai2="27,61,39,117,94,48,32,35,9,98,106,41,134" hai3="84,28,15,92,99,8,90,89,47,6,64,46,118"/><W128/><G118/><T23/><D123/><U76/><E122/><V88/><F39/><W53/><G128/><T49/><D129/><U63/><E1/><V107/><F117/><W69/><G69/><T127/><D133/><U103/><E33/><V42/><F134/><W17/><G28/><T100/><D127/><U57/><E68/><V77/><F77/><N who="1" m="29801" /><E132/><V13/><F61/><W12/><G64/><T120/><D120/><U73/><E73/><V14/><F14/><W112/><G112/><T26/><D66/><U21/><E37/><V60/><F60/><W58/><G90/><T20/><D20/><U135/><E38/><V113/><F113/><W86/><G46/><T124/><D124/><U72/><E72/><V30/><F35/><W110/><G47/><T56/><D71/><U3/><E3/><V87/><F48/><W96/><G86/><T45/><D100/><N who="1" m="38475" /><E97/><V116/><F98/><W25/><G110/><T24/><D23/><U51/><E51/><AGARI ba="1,0" hai="4,5,24,26,44,45,49,51,52,54,56,59,93,95" machi="51" ten="25,6400,0" yaku="22,2,8,1,54,1" doraHai="18" who="0" fromWho="1" sc="274,67,219,-67,286,0,221,0" owari="341,44.1,152,-34.8,286,8.6,221,-17.9" /></mjloggm>