<mjloggm ver="2.3"><GO type="225" lobby="0"/><UN n0="%E3%81%99%E3%81%84%E3%81%BE%E3%81%9B%E3%83%BC%E3%82%93" n1="%E3%83%AD%E3%83%83%E3%83%86%E9%9B%80%E7%90%83" n2="%62%6F%6E%6F%73%2E%2E" n3="%E8%A8%88%E7%AE%97%E6%A9%9F%E8%87%AA%E7%84%B6" dan="16,17,17,17" rate="2093.14,2225.45,2222.81,2227.53" sx="M,M,M,M"/><TAIKYOKU oya="0"/><INIT seed="0,0,0,0,5,37" ten="250,250,250,250" oya="0" hai0="29,91,114,87,55,113,19,48,5,13,27,103,107" hai1="72,34,77,12,86,73,24,106,96,98,62,75,130" hai2="53,122,10,4,58,100,109,2,69,33,9,129,127" hai3="131,80,133,61,94,126,1,59,110,21,67,128,45"/><T81/><D5/><U120/><E120/><V84/><F122/><W101/><G1/><T78/><D78/><U44/><E130/><N who="3" m="49706" /><G110/><T90/><D90/><U115/><E115/><V46/><F69/><W28/><G126/><T22/><D107/><U99/><E12/><V56/><F109/><W132/><G80/><T89/><D89/><U63/><E106/><V70/><F70/><W6/><G6/><T26/><D103/><U124/><E124/><V54/><F33/><W25/><G45/><T31/><D27/><U121/><E121/><V104/><F9/><W11/><G11/><T18/><D18/><U23/><E34/><V43/><F127/><W83/><G83/><T95/><D29/><U0/><E0/><V66/><F84/><W92/><G92/><T82/><D114/><U8/><E8/><V64/><F129/><W3/><G3/><T93/><D82/><U71/><E86/><V42/><F100/><W79/><G79/><T17/><D17/><U47/><E77/><V57/><F104/><W40/><G40/><N who="2" m="15401" /><F46/><N who="1" m="17449" /><E71/><V52/><F2/><W16/><G16/><T35/><D113/><U7/><E7/><V20/><F20/><W38/><G38/><T88/><D91/><U116/><E23/><V60/><F60/><N who="1" m="23081" /><E73/><V32/><F32/><W50/><G50/><T51/><D51/><U105/><E75/><V97/><F97/><AGARI ba="0,0" hai="21,25,28,59,61,67,94,97,101,132,133" m="49706" machi="97" ten="30,2000,0" yaku="25,1,19,1" doraHai="37" who="3" fromWho="2" sc="250,0,250,0,250,-20,250,20" /><INIT seed="1,0,0,2,5,104" ten="250,250,230,270" oya="1" hai0="132,117,46,75,6,129,128,126,115,66,43,56,78" hai1="31,118,64,74,94,110,95,109,54,8,103,28,5" hai2="34,68,2,82,7,1,87,81,108,23,62,88,134" hai3="4,61,44,20,12,90,130,40,116,65,60,80,58"/><U14/><E118/><V19/><F34/><W67/><G130/><T97/><D117/><U119/><E119/><V49/><F108/><N who="1" m="41577" /><E64/><V26/><F134/><W0/><G0/><T41/><D115/><U89/><E54/><V133/><F133/><W112/><G116/><T24/><D132/><U3/><E3/><V92/><F49/><W18/><G4/><T32/><D126/><U135/><E135/><V53/><F1/><W121/><G121/><T125/><D125/><U42/><E42/><V69/><F69/><W22/><G112/><T21/><D32/><U123/><E123/><V85/><F7/><W114/><G114/><T29/><D6/><U102/><E95/><V16/><F2/><W13/><G65/><T122/><D122/><U33/><E74/><V30/><F68/><W83/><G60/><T36/><D43/><U72/><E72/><V50/><F62/><W99/><G40/><T79/><D75/><U111/><N who="1" m="41585" /><U55/><DORA hai="84" /><E55/><V48/><F48/><W73/><G73/><T100/><D129/><U15/><E15/><V51/><F50/><W63/><G63/><N who="0" m="38247" /><D128/><U52/><E52/><V91/><F92/><AGARI ba="0,0" hai="21,24,29,36,41,46,78,79,92,97,100" m="38247" machi="92" ten="30,1000,0" yaku="25,1" doraHai="104,84" who="0" fromWho="2" sc="250,10,250,0,230,-10,270,0" /><INIT seed="2,0,0,3,5,118" ten="260,250,220,270" oya="2" hai0="130,16,123,69,58,61,79,3,126,50,47,97,119" hai1="18,42,4,14,96,20,45,7,39,102,22,34,68" hai2="2,81,36,86,109,38,88,98,24,26,131,127,72" hai3="29,55,133,104,64,106,27,113,54,0,19,108,70"/><V30/><F127/><W40/><G0/><T111/><D123/><U65/><E34/><V73/><F131/><W10/><G40/><T85/><D130/><U129/><E129/><V41/><F109/><W74/><G74/><T122/><D122/><U60/><REACH who="1" step="1"/><E22/><REACH who="1" ten="260,240,220,270" step="2"/><V91/><F2/><W15/><G108/><T44/><D111/><U12/><E12/><V62/><F72/><W21/><G15/><T110/><D3/><U95/><AGARI ba="0,1" hai="4,7,14,18,20,39,42,45,60,65,68,95,96,102" machi="95" ten="20,2700,0" yaku="1,1,0,1,7,1,53,0" doraHai="118" doraHaiUra="87" who="1" fromWho="1" sc="260,-7,240,37,220,-13,270,-7" /><INIT seed="3,0,0,5,5,53" ten="253,277,207,263" oya="3" hai0="121,2,68,26,62,38,19,99,89,81,76,32,98" hai1="40,36,125,70,124,94,91,118,132,30,86,14,27" hai2="101,79,85,116,49,1,55,11,130,24,102,71,117" hai3="133,110,39,66,108,107,67,128,114,64,7,48,23"/><W33/><G33/><T104/><D38/><U35/><E70/><V111/><F71/><W20/><G39/><T88/><D121/><U123/><E123/><V131/><F111/><N who="3" m="42539" /><G114/><T22/><D2/><U87/><E14/><V120/><F120/><W47/><G107/><T96/><D104/><U126/><E132/><V44/><F24/><W122/><G122/><T42/><D42/><U58/><E118/><V92/><F116/><W95/><G133/><T52/><D32/><U75/><E75/><V60/><F117/><W4/><G95/><T8/><D8/><U100/><E100/><V54/><F1/><W41/><G128/><N who="2" m="49193" /><F11/><W50/><G48/><T15/><D26/><U115/><E115/><V113/><F113/><W46/><G47/><T5/><D5/><AGARI ba="0,0" hai="4,5,7,20,23,41,46,50,64,66,67" m="42539" machi="5" ten="30,2900,0" yaku="14,1,10,1" doraHai="53" who="3" fromWho="0" sc="253,-29,277,0,207,0,263,29" /><INIT seed="3,1,0,3,2,72" ten="224,277,207,292" oya="3" hai0="134,19,119,97,13,53,3,49,26,39,1,5,9" hai1="116,130,57,79,93,69,71,14,61,35,17,113,112" hai2="65,62,30,125,51,105,52,67,86,81,108,56,50" hai3="66,73,118,133,83,92,28,80,58,45,22,95,6"/><W103/><G118/><T34/><D119/><U107/><E116/><V101/><F108/><W29/><G133/><T2/><D134/><U98/><E35/><V77/><F125/><W55/><G6/><T121/><D39/><U21/><E107/><V25/><F105/><W131/><G131/><T63/><D121/><U16/><E130/><V24/><F101/><W32/><G32/><T0/><D63/><U117/><E79/><V128/><F128/><W100/><G45/><T60/><D60/><U11/><E71/><V122/><F122/><W78/><G66/><N who="2" m="25097" /><F30/><N who="3" m="11883" /><G73/><T111/><D111/><U110/><E69/><V75/><F75/><W74/><G74/><T54/><D97/><U68/><E68/><V43/><F43/><W124/><G22/><N who="0" m="11631" /><D49/><AGARI ba="1,0" hai="24,25,49,50,51,52,56,62,77,81,86" m="25097" machi="49" ten="30,3900,0" yaku="8,1,52,1,54,1" doraHai="72" who="2" fromWho="0" sc="224,-42,277,0,207,42,292,0" /><INIT seed="4,0,0,2,2,89" ten="182,277,249,292" oya="0" hai0="121,91,37,65,30,100,57,130,76,34,107,1,94" hai1="123,62,134,4,46,24,2,103,20,64,135,132,122" hai2="38,33,51,49,17,9,131,11,109,58,8,119,36" hai3="67,48,10,56,97,14,114,45,23,7,15,50,53"/><T60/><D121/><U25/><E103/><V86/><F109/><W126/><G114/><T120/><D120/><U21/><E46/><V90/><F33/><W88/><G126/><T68/><D130/><U113/><E113/><V59/><F131/><W85/><G97/><T19/><D37/><U44/><E44/><V87/><F119/><W127/><G127/><T102/><D1/><U125/><E125/><V31/><F31/><W101/><G101/><T70/><D76/><U81/><E81/><V61/><F17/><N who="3" m="10679" /><G67/><T128/><D128/><U52/><E52/><N who="2" m="33991" /><F36/><W105/><G105/><T98/><D19/><N who="1" m="12319" /><E62/><V78/><F38/><W115/><G115/><T0/><D0/><U83/><E64/><V66/><F78/><W13/><G10/><T77/><D77/><U116/><E116/><V29/><F29/><W82/><G7/><T84/><REACH who="0" step="1"/><D100/><REACH who="0" ten="172,277,249,292" step="2"/><U129/><E129/><V133/><F133/><W118/><G118/><T117/><D117/><U111/><E123/><V55/><F90/><W16/><G16/><T74/><D74/><U110/><E122/><V92/><F8/><W71/><G88/><T106/><D106/><U108/><E2/><V96/><F9/><W43/><G13/><T27/><AGARI ba="0,1" hai="27,30,34,57,60,65,68,70,84,91,94,98,102,107" machi="27" ten="30,6000,0" yaku="1,1,0,1,52,1,53,0" doraHai="89" doraHaiUra="42" who="0" fromWho="0" sc="172,70,277,-20,249,-20,292,-20" /><INIT seed="4,1,0,4,0,86" ten="242,257,229,272" oya="0" hai0="106,92,19,111,41,132,90,107,84,125,12,39,4" hai1="118,60,16,58,87,24,114,77,102,64,28,43,127" hai2="133,53,30,131,8,134,45,81,42,122,35,9,57" hai3="103,116,34,78,67,5,126,130,65,91,109,89,105"/><T100/><D125/><U99/><E118/><V128/><F122/><W117/><G34/><T69/><D69/><U68/><E127/><V6/><F81/><W129/><G126/><T20/><D132/><N who="2" m="50794" /><F30/><W94/><G109/><T96/><D111/><U55/><E114/><V120/><F35/><W110/><G110/><T36/><D41/><U83/><E43/><V79/><F79/><W54/><G78/><T29/><D107/><U1/><E1/><N who="2" m="79" /><F9/><W27/><G27/><T11/><REACH who="0" step="1"/><D29/><REACH who="0" ten="232,257,229,272" step="2"/><U52/><E28/><V123/><F123/><W49/><G105/><T85/><D85/><U93/><E68/><V88/><F120/><W33/><G116/><T17/><D17/><U72/><E72/><V23/><F23/><AGARI ba="1,1" hai="16,23,24,52,55,58,60,64,77,83,87,93,99,102" machi="23" ten="40,5200,0" yaku="8,1,54,2" doraHai="86" who="1" fromWho="2" sc="232,0,257,65,229,-55,272,0" owari="232,-16.8,322,42.2,174,-32.6,272,7.2" /></mjloggm>