<mjloggm ver="2.3"><GO type="225" lobby="0"/><UN n0="%E6%B8%A9%E2%98%85%E6%83%85%E2%98%85%E6%8E%AA%E2%98%85%E7%BD%AE" n1="%4B%2E%32%2E%4B%2E" n2="%E3%81%A9%E3%82%8F%E3%82%93%E3%81%94" n3="%E5%A4%96%E5%B7%9D%E7%AB%9C%E6%88%90" dan="18,16,16,16" rate="2175.18,2113.71,2093.46,2111.75" sx="M,M,M,M"/><TAIKYOKU oya="0"/><INIT seed="0,0,0,5,1,115" ten="250,250,250,250" oya="0" hai0="84,31,103,91,43,42,38,26,72,58,73,30,128" hai1="79,28,34,87,14,90,65,121,119,85,82,52,22" hai2="68,51,17,77,12,69,55,59,71,107,129,53,0" hai3="122,135,92,36,110,46,23,80,123,25,33,89,105"/><T113/><D113/><U57/><E121/><V8/><F107/><W54/><G105/><T70/><D70/><U3/><E3/><V100/><F129/><W13/><G33/><T9/><D128/><U98/><E34/><V106/><F77/><W11/><G80/><T104/><D38/><U108/><E108/><V81/><F81/><W117/><G135/><T61/><D9/><U27/><E119/><V7/><F106/><W37/><G110/><T50/><D103/><U112/><E112/><V66/><F100/><W67/><G67/><T10/><D10/><U102/><E65/><V124/><F124/><W120/><G54/><N who="0" m="34007" /><D73/><U6/><E14/><V39/><F39/><W1/><G46/><N who="0" m="25943" /><D72/><U116/><E6/><V133/><F133/><W48/><G48/><T95/><D104/><U132/><E116/><V47/><F66/><W125/><G1/><T126/><D126/><U24/><E24/><V101/><F101/><W60/><G60/><T99/><D43/><U62/><E132/><V88/><F0/><W44/><G44/><T64/><D64/><U127/><E127/><V35/><F35/><W56/><G56/><T18/><D99/><U49/><E102/><V75/><F75/><W130/><G117/><T97/><D84/><U96/><E49/><N who="2" m="31215" /><F7/><N who="3" m="3327" /><G125/><T78/><D78/><U74/><E74/><V114/><F114/><W4/><G130/><T15/><D26/><U16/><E28/><N who="0" m="10793" /><D15/><U109/><E109/><V93/><F71/><W131/><G131/><T29/><N who="0" m="10801" /><T63/><DORA hai="19" /><D63/><U94/><AGARI ba="0,0" hai="16,22,27,52,57,62,79,82,85,87,90,94,96,98" machi="94" ten="20,12000,2" yaku="0,1,7,1,8,1,52,1,54,2" doraHai="115,19" who="1" fromWho="1" sc="250,-60,250,120,250,-30,250,-30" /><INIT seed="1,0,0,1,2,17" ten="190,370,220,220" oya="1" hai0="101,116,20,90,99,105,112,130,129,26,55,14,78" hai1="34,117,57,67,58,46,74,83,123,38,0,41,104" hai2="69,135,45,94,3,36,133,42,64,13,35,51,79" hai3="28,128,24,95,70,32,92,25,120,88,50,80,93"/><U40/><E117/><V114/><F3/><W11/><G120/><T27/><D116/><U47/><E123/><V110/><F35/><W62/><G128/><N who="0" m="49259" /><D112/><U85/><E34/><V22/><F79/><W37/><G37/><T82/><D55/><U18/><E104/><V52/><F114/><W7/><G50/><T30/><D90/><U73/><E0/><V1/><F1/><W9/><G25/><N who="0" m="16679" /><D14/><U60/><E18/><N who="2" m="10575" /><F94/><W6/><G62/><T19/><D19/><U2/><E2/><V31/><F31/><W89/><G70/><T4/><D4/><U65/><E65/><V124/><F110/><W134/><G89/><T119/><D119/><U106/><E57/><N who="2" m="32927" /><F124/><W21/><G32/><T71/><D71/><U102/><E41/><V131/><F131/><W72/><G6/><T61/><D61/><AGARI ba="0,0" hai="36,42,45,61,64,69,133,135" m="32927,10575" machi="61" ten="30,3900,0" yaku="24,1,52,1,54,1" doraHai="17" who="2" fromWho="0" sc="190,-39,370,0,220,39,220,0" /><INIT seed="2,0,0,1,3,122" ten="151,370,259,220" oya="2" hai0="29,12,123,23,77,74,94,25,24,95,79,41,26" hai1="103,99,97,48,129,28,75,37,108,61,5,57,55" hai2="131,64,120,8,68,111,85,128,82,88,116,78,80" hai3="66,47,16,40,92,124,51,18,17,39,46,20,42"/><V98/><F120/><W21/><G124/><T49/><D123/><U44/><E75/><V43/><F43/><W133/><G133/><T13/><D74/><U130/><E37/><V30/><F30/><W109/><G109/><T0/><D0/><U34/><E108/><V100/><F8/><W132/><G132/><T60/><D60/><U118/><E118/><V102/><F64/><W69/><G69/><T65/><D65/><U1/><E28/><V101/><F68/><W93/><G66/><T84/><D29/><U9/><E34/><V11/><F11/><W105/><G105/><T112/><D112/><U121/><E121/><V135/><F135/><W106/><G106/><T86/><D41/><N who="1" m="24591" /><E103/><N who="2" m="39499" /><F116/><W14/><REACH who="3" step="1"/><G18/><REACH who="3" ten="151,370,259,210" step="2"/><T76/><D49/><U22/><E61/><V115/><F115/><W81/><G81/><T73/><D73/><U56/><E130/><N who="2" m="49707" /><F111/><W63/><G63/><T36/><D36/><U4/><E129/><V27/><F82/><W53/><G53/><T72/><D72/><U52/><E52/><V83/><F80/><W104/><G104/><T62/><D62/><U125/><E55/><V117/><F117/><W119/><G119/><T50/><D50/><U7/><E125/><V15/><F78/><W91/><G91/><T32/><D77/><U87/><E1/><V45/><F88/><W96/><G96/><T127/><D127/><U114/><E114/><V70/><F98/><W110/><G110/><T38/><D38/><U107/><E99/><V33/><F70/><W2/><G2/><T19/><D79/><U89/><E97/><V67/><F67/><RYUUKYOKU ba="0,1" sc="151,-10,370,-10,259,-10,210,30" hai3="14,16,17,20,21,39,40,42,46,47,51,92,93" /><INIT seed="3,1,1,5,3,90" ten="141,360,249,240" oya="3" hai0="126,52,10,82,114,6,53,133,32,41,3,4,24" hai1="57,113,118,51,73,77,29,120,62,36,71,119,7" hai2="89,49,64,16,132,60,130,54,56,123,34,109,2" hai3="88,20,18,108,75,14,86,129,131,55,27,107,97"/><W95/><G75/><T116/><D116/><N who="1" m="44587" /><E120/><V15/><F2/><W85/><G108/><T37/><D133/><U50/><E36/><V33/><F109/><W8/><G55/><T117/><D117/><U70/><E113/><V35/><F132/><W59/><G59/><T121/><D121/><U21/><E7/><V83/><F123/><W100/><REACH who="3" step="1"/><G86/><REACH who="3" ten="141,360,249,230" step="2"/><T112/><D126/><U5/><E70/><V42/><F54/><W135/><G135/><T44/><D114/><U45/><E71/><V63/><F56/><W26/><G26/><T93/><D112/><U67/><E57/><V115/><F115/><W68/><G68/><T81/><D53/><U46/><E73/><V98/><F64/><W99/><G99/><T125/><D125/><U39/><E67/><V127/><F127/><W28/><AGARI ba="1,2" hai="8,14,18,20,27,28,85,88,95,97,100,107,129,131" machi="28" ten="30,12000,1" yaku="1,1,0,1,52,1,54,1,53,1" doraHai="90" doraHaiUra="80" who="3" fromWho="3" sc="141,-41,360,-41,249,-41,230,143" owari="100,-40.0,319,11.9,208,-19.2,373,47.3" /></mjloggm>