<mjloggm ver="2.3"><GO type="225" lobby="0"/><UN n0="%E3%81%A0%E3%81%8A" n1="%70%68%65%6E%6F%6D%65" n2="%74%61%6B%75%61%6B%61" n3="%73%61%6E%64%69%72%69%73" dan="16,16,16,16" rate="2039.74,2142.43,2161.75,2140.99" sx="M,M,M,M"/><TAIKYOKU oya="0"/><INIT seed="0,0,0,0,0,64" ten="250,250,250,250" oya="0" hai0="123,128,28,106,89,130,68,6,26,90,111,115,59" hai1="93,94,119,131,49,77,52,50,31,36,16,46,92" hai2="117,63,76,87,37,65,81,17,57,79,56,109,23" hai3="9,80,4,84,55,19,25,125,48,101,38,82,27"/><T18/><D115/><U29/><E119/><V62/><F109/><W105/><G38/><T102/><D123/><U108/><E108/><V132/><F132/><W67/><G125/><T20/><D111/><U35/><E36/><V103/><F117/><W10/><G67/><T44/><D6/><U34/><E131/><N who="0" m="50217" /><D44/><U15/><E77/><V72/><F37/><W96/><G82/><T32/><D59/><U1/><E1/><V30/><F103/><W85/><G85/><T100/><D68/><U24/><E50/><V110/><F110/><W7/><G7/><T120/><D120/><U0/><E0/><V39/><F39/><W47/><G10/><T124/><D124/><U126/><E126/><V66/><F30/><W74/><G74/><T133/><D133/><U78/><E78/><V104/><F104/><W107/><G107/><T75/><D75/><U22/><REACH who="1" step="1"/><E29/><REACH who="1" ten="250,240,250,250" step="2"/><V54/><F76/><W21/><G48/><T97/><D102/><U2/><E2/><V58/><F72/><W41/><G101/><T121/><D121/><U116/><E116/><V12/><REACH who="2" step="1"/><F54/><REACH who="2" ten="250,240,240,250" step="2"/><W61/><G55/><T5/><D5/><U113/><E113/><V11/><F11/><AGARI ba="0,2" hai="11,15,16,22,24,31,34,35,46,49,52,92,93,94" machi="11" ten="40,5200,0" yaku="1,1,54,2,53,0" doraHai="64" doraHaiUra="60" who="1" fromWho="2" sc="250,0,240,72,240,-52,250,0" /><INIT seed="1,0,0,3,5,117" ten="250,312,188,250" oya="1" hai0="105,75,128,80,89,21,90,22,104,50,39,119,97" hai1="115,5,14,78,84,56,86,85,68,28,12,20,67" hai2="125,16,77,52,111,121,103,118,53,46,131,100,101" hai3="113,36,107,8,65,64,76,63,94,130,71,33,133"/><U51/><E115/><V9/><F118/><W79/><G113/><T26/><D39/><U134/><E134/><V0/><F111/><W91/><G107/><T38/><D38/><U96/><E68/><V82/><F125/><W61/><G130/><T72/><D72/><U135/><E135/><V102/><F131/><W48/><G36/><T47/><D75/><U116/><E116/><V122/><N who="2" m="25600" /><DORA hai="41" /><V37/><F53/><W74/><G33/><T58/><D58/><U69/><E96/><V112/><F112/><W2/><G74/><T66/><D66/><U25/><E78/><V32/><F32/><W1/><G48/><T126/><D126/><U93/><E93/><V10/><F10/><W127/><G127/><T18/><D128/><U108/><E108/><V44/><F44/><W45/><G45/><T62/><D119/><U129/><E5/><V11/><F11/><W19/><G133/><T55/><D104/><U35/><E35/><V109/><F109/><W73/><G73/><T29/><D105/><U15/><E69/><V120/><F77/><N who="3" m="29771" /><G19/><T87/><D97/><U92/><E129/><V13/><F82/><W43/><G8/><T110/><D110/><U17/><E92/><V34/><F34/><W123/><G43/><T59/><D90/><U7/><E7/><V27/><F27/><W23/><G23/><T114/><D114/><U70/><E70/><V81/><F81/><W54/><G71/><T106/><D106/><U31/><REACH who="1" step="1"/><E51/><REACH who="1" ten="250,302,188,250" step="2"/><N who="2" m="28791" /><F37/><W24/><G94/><T99/><D50/><U98/><E98/><V95/><F95/><W42/><G91/><RYUUKYOKU ba="0,1" sc="250,-15,302,15,188,15,250,-15" hai1="12,14,15,17,20,25,28,31,56,67,84,85,86" hai2="0,9,13,16,120,121,122" /><INIT seed="1,1,1,1,1,100" ten="235,317,203,235" oya="1" hai0="34,99,17,93,74,98,14,51,63,115,37,109,122" hai1="62,132,131,50,120,84,81,43,30,56,23,58,127" hai2="87,40,86,72,130,55,54,41,44,4,49,32,91" hai3="38,24,119,61,66,7,22,82,60,85,80,105,112"/><U83/><E120/><V128/><F72/><W94/><G112/><T135/><D37/><U16/><E127/><V108/><F32/><W27/><G38/><T2/><D2/><U125/><E125/><V21/><F108/><W9/><G105/><T110/><D74/><U117/><E117/><V78/><F4/><W26/><G119/><T71/><D34/><U96/><E131/><N who="2" m="50219" /><F21/><W123/><G123/><T133/><D51/><U67/><E132/><N who="0" m="50761" /><D115/><U0/><E0/><V45/><F78/><W97/><G22/><N who="0" m="11575" /><D122/><U95/><E30/><V3/><F3/><W76/><G82/><T13/><D13/><N who="1" m="9615" /><E84/><N who="2" m="32299" /><F91/><N who="3" m="55519" /><G66/><N who="0" m="41439" /><D98/><U57/><E83/><V75/><F75/><W121/><G121/><T77/><D77/><U102/><E81/><V88/><F88/><AGARI ba="1,1" hai="88,93,99,109,110" m="41439,11575,50761" machi="88" ten="30,2000,0" yaku="20,1,54,1" doraHai="100" who="0" fromWho="2" sc="235,33,317,0,203,-23,235,0" /><INIT seed="2,0,0,0,4,81" ten="268,317,180,235" oya="2" hai0="118,14,117,83,23,52,50,103,78,114,10,74,112" hai1="133,86,120,8,19,97,129,63,64,119,54,17,116" hai2="127,34,68,2,61,32,87,22,72,104,106,33,80" hai3="58,11,29,0,96,113,38,43,79,121,1,130,60"/><V107/><F127/><W46/><G121/><T47/><D103/><U110/><E110/><V36/><F2/><W111/><G111/><T55/><D23/><U132/><E120/><V125/><F125/><W82/><G130/><T99/><D99/><U123/><E123/><V16/><F36/><W135/><G135/><N who="1" m="51786" /><E129/><V109/><F109/><W128/><G128/><T51/><D117/><U124/><E124/><V20/><F72/><W95/><G29/><T41/><D41/><U93/><E54/><V105/><N who="2" m="26624" /><DORA hai="35" /><V37/><F37/><W134/><G11/><T102/><D102/><N who="1" m="60719" /><E86/><V45/><F45/><W75/><G113/><T40/><D40/><U53/><E53/><V101/><F101/><W59/><G134/><T44/><REACH who="0" step="1"/><D118/><REACH who="0" ten="258,317,180,235" step="2"/><N who="1" m="45099" /><E8/><V108/><F108/><W71/><G43/><T27/><D27/><U131/><E131/><V39/><F39/><W7/><G38/><T84/><D84/><U70/><AGARI ba="0,1" hai="17,19,63,64,70" m="45099,60719,51786" machi="70" ten="30,1100,0" yaku="20,1" doraHai="81,35" who="1" fromWho="1" sc="258,-3,317,21,180,-5,235,-3" /><INIT seed="3,0,0,2,4,67" ten="255,338,175,232" oya="3" hai0="106,13,9,7,100,113,88,27,76,111,43,19,120" hai1="58,80,124,53,89,115,40,92,35,77,54,71,118" hai2="52,69,49,62,28,29,93,8,50,114,112,73,75" hai3="34,86,57,122,17,6,42,11,91,45,82,2,61"/><W125/><G125/><T127/><D127/><U102/><E71/><V5/><F93/><W14/><G122/><T38/><D120/><U105/><E35/><V12/><F112/><W63/><G34/><T72/><D111/><U126/><E40/><V4/><F114/><W51/><REACH who="3" step="1"/><G57/><REACH who="3" ten="255,338,175,222" step="2"/><T81/><D113/><U96/><E115/><V18/><F73/><W15/><G15/><T133/><D13/><U23/><E58/><V59/><F75/><W44/><G44/><T94/><D72/><U32/><E32/><V85/><F85/><W117/><G117/><T16/><D133/><U79/><E118/><V78/><F78/><W39/><G39/><T21/><D38/><U25/><E77/><V107/><F107/><W1/><G1/><T103/><D76/><U95/><E105/><V36/><F36/><W68/><G68/><T116/><D106/><U130/><E124/><V119/><F119/><W26/><G26/><T31/><D27/><U110/><E25/><V66/><REACH who="2" step="1"/><F49/><REACH who="2" ten="255,338,165,222" step="2"/><W24/><G24/><T20/><D116/><U56/><E126/><V65/><F65/><W98/><G98/><T129/><D129/><U101/><E96/><V3/><F3/><W109/><G109/><T0/><D0/><U97/><E110/><V84/><F84/><W47/><G47/><T108/><D108/><U131/><E97/><V30/><AGARI ba="0,2" hai="4,5,8,12,18,28,29,30,50,52,59,62,66,69" machi="30" ten="30,8000,1" yaku="1,1,0,1,52,1,54,1,53,1" doraHai="67" doraHaiUra="64" who="2" fromWho="2" sc="255,-20,338,-20,165,100,222,-40" owari="235,-16.5,318,41.8,265,6.5,182,-31.8" /></mjloggm>