<mjloggm ver="2.3"><GO type="225" lobby="0"/><UN n0="%6C%61%6D%62" n1="%E7%89%B9%E6%9D%B1%E3%81%AF%E4%B8%96%E7%95%8C%E3%82%92%E6%95%91%E3%81%86" n2="%E3%81%93%E3%81%8F%E3%82%89%E3%82%AB%E3%83%90%E8%94%B5" n3="%E3%81%BF%E3%81%BF%E3%81%9A" dan="16,16,16,18" rate="2203.29,2119.53,2125.92,2257.03" sx="M,M,M,M"/><TAIKYOKU oya="0"/><INIT seed="0,0,0,0,4,1" ten="250,250,250,250" oya="0" hai0="84,96,40,52,30,54,21,55,59,73,103,41,5" hai1="80,14,85,105,70,110,129,61,124,51,22,104,64" hai2="71,82,117,113,119,42,90,101,120,0,57,74,81" hai3="102,17,68,28,44,18,31,77,13,72,87,128,36"/><T99/><D73/><U27/><E110/><V115/><F71/><W38/><G68/><T75/><D75/><U121/><E121/><V26/><F0/><W123/><G72/><T35/><D35/><U4/><E129/><V130/><F42/><N who="0" m="16490" /><D103/><U97/><E124/><V132/><F26/><W127/><G44/><T46/><D46/><U133/><E133/><V126/><F57/><W39/><G128/><T37/><D37/><U49/><E105/><V125/><F130/><W114/><G114/><T76/><D5/><U9/><E97/><N who="0" m="37449" /><D30/><U24/><E104/><V11/><F11/><W118/><G102/><T43/><N who="0" m="16498" /><T3/><DORA hai="83" /><D21/><U107/><E107/><V98/><F120/><W8/><G123/><T66/><D3/><U91/><REACH who="1" step="1"/><E24/><REACH who="1" ten="250,240,250,250" step="2"/><V45/><F132/><W67/><G38/><T69/><D69/><U86/><E86/><N who="2" m="50511" /><F113/><W100/><G87/><T93/><D66/><U32/><E32/><V106/><F115/><W19/><G67/><T108/><D108/><U65/><E65/><V134/><F134/><W7/><G39/><T48/><D76/><U15/><E15/><V58/><F125/><W112/><G77/><T92/><D84/><U47/><E47/><V79/><F45/><W29/><G36/><T95/><AGARI ba="0,1" hai="48,52,54,55,59,92,93,95" m="37449,16498" machi="95" ten="40,3900,0" yaku="8,1,54,1" doraHai="1,83" who="0" fromWho="0" sc="250,49,240,-13,250,-13,250,-13" /><INIT seed="0,1,0,3,2,89" ten="299,227,237,237" oya="0" hai0="68,85,6,121,123,39,107,103,101,116,12,63,127" hai1="29,113,86,119,0,94,61,75,46,43,126,110,92" hai2="15,91,104,37,3,74,93,58,45,71,42,53,44" hai3="135,87,112,25,33,117,73,55,60,67,79,57,80"/><T16/><D116/><U14/><E119/><V118/><F118/><W26/><G112/><T95/><D39/><U111/><E0/><V20/><F3/><W109/><G117/><T84/><D107/><U38/><E75/><V40/><F71/><W36/><G109/><N who="1" m="41482" /><E113/><V52/><F74/><W124/><G124/><T105/><D105/><U22/><E126/><V132/><F104/><W122/><G135/><T8/><D127/><U66/><E86/><V128/><F132/><W130/><G130/><T108/><D108/><U13/><E29/><V32/><F32/><W65/><G122/><T41/><D41/><U27/><E27/><V77/><F77/><W21/><G36/><T24/><D121/><U62/><E62/><V64/><F128/><W31/><G73/><T11/><D123/><U76/><E76/><V99/><F64/><W34/><G34/><T19/><D24/><U129/><E129/><V1/><F1/><W7/><G7/><T115/><D115/><U49/><E38/><V2/><F2/><W83/><G80/><T54/><D84/><U35/><E35/><V23/><F15/><N who="1" m="5641" /><E22/><V90/><F20/><W133/><REACH who="3" step="1"/><G133/><REACH who="3" ten="299,227,237,227" step="2"/><T102/><D6/><U30/><E30/><AGARI ba="1,1" hai="21,25,26,30,31,33,55,57,60,65,67,79,83,87" machi="30" ten="30,3900,0" yaku="1,1,2,1,7,1,53,0" doraHai="89" doraHaiUra="4" who="3" fromWho="1" sc="299,0,227,-42,237,0,227,52" /><INIT seed="1,0,0,4,5,45" ten="299,185,237,279" oya="1" hai0="91,25,22,81,128,96,23,2,3,48,31,24,61" hai1="95,122,44,70,76,66,87,99,19,88,30,33,133" hai2="46,53,116,110,75,98,105,130,107,32,6,64,79" hai3="34,12,86,104,42,121,125,29,82,7,113,74,72"/><U40/><E133/><V131/><F32/><W55/><G121/><T41/><D128/><U117/><E117/><V109/><F6/><W1/><G104/><N who="2" m="40009" /><F64/><W108/><G113/><T49/><D41/><U54/><E122/><V93/><F53/><W102/><G102/><T135/><D135/><U83/><E54/><V52/><F52/><W51/><G42/><T56/><D3/><U71/><E66/><V103/><F46/><W26/><G108/><N who="2" m="41577" /><F116/><W14/><G125/><T58/><D2/><U85/><E19/><V129/><F79/><W27/><G1/><T115/><D61/><U106/><E30/><V101/><F75/><W100/><G26/><T17/><D56/><U63/><E33/><V9/><F9/><W50/><G50/><N who="0" m="19563" /><D58/><U13/><E13/><V59/><F59/><W89/><G14/><T120/><D120/><U20/><E20/><V112/><F101/><W62/><G100/><T11/><D11/><U28/><E63/><V78/><F78/><W57/><G62/><T60/><D60/><U134/><E134/><V118/><F118/><W39/><G39/><T132/><D132/><U8/><E8/><V90/><F103/><W111/><G111/><T124/><D25/><U38/><E28/><V10/><F10/><N who="3" m="4191" /><G72/><T4/><D24/><U126/><E126/><V16/><F16/><W80/><G74/><T36/><D31/><U47/><E47/><V15/><F15/><W97/><G34/><T21/><D17/><U73/><REACH who="1" step="1"/><E106/><REACH who="1" ten="299,175,237,279" step="2"/><V84/><F112/><W123/><G123/><T69/><D115/><U35/><E35/><V92/><F130/><RYUUKYOKU ba="0,1" sc="299,-15,175,15,237,15,279,-15" hai1="38,40,44,70,71,73,76,83,85,87,88,95,99" hai2="84,90,92,93,98,129,131" /><INIT seed="1,1,1,3,3,58" ten="284,190,252,264" oya="1" hai0="134,39,66,38,48,55,45,81,68,42,61,118,80" hai1="40,1,3,96,125,100,123,89,135,63,99,24,107" hai2="76,126,108,71,127,9,131,102,16,15,122,113,114" hai3="77,69,54,83,53,103,92,33,132,85,10,78,119"/><U97/><E123/><V49/><F71/><W74/><G33/><T116/><D134/><U5/><E135/><V75/><F102/><W4/><G69/><T106/><D106/><U31/><E40/><V65/><F65/><W6/><G132/><T87/><D80/><U82/><E125/><V13/><F76/><W43/><G43/><T105/><D105/><U20/><E5/><V95/><F75/><W11/><G119/><N who="0" m="45611" /><D87/><U93/><E99/><V22/><F49/><W67/><G67/><T128/><D81/><U90/><REACH who="1" step="1"/><E63/><REACH who="1" ten="284,180,252,264" step="2"/><V26/><F122/><W29/><G4/><T51/><D128/><U28/><E28/><V41/><F41/><W112/><G29/><T70/><D70/><U32/><E32/><V34/><F131/><W120/><G6/><T56/><AGARI ba="1,2" hai="38,39,42,45,48,51,55,56,61,66,68" m="45611" machi="56" ten="30,4000,0" yaku="34,2,52,1" doraHai="58" who="0" fromWho="0" sc="284,63,180,-21,252,-11,264,-11" /><INIT seed="2,0,0,1,0,97" ten="347,159,241,253" oya="2" hai0="23,11,110,32,40,68,59,6,51,48,63,52,15" hai1="84,9,87,46,77,94,13,83,8,76,121,24,31" hai2="29,102,119,113,41,91,82,88,33,26,16,61,127" hai3="81,118,34,14,101,96,21,75,56,112,10,115,58"/><V104/><F113/><N who="3" m="43595" /><G34/><T106/><D32/><U28/><E121/><V114/><F114/><W99/><G21/><T19/><D106/><U92/><E46/><V86/><F119/><W36/><G99/><T89/><D110/><U12/><REACH who="1" step="1"/><E83/><REACH who="1" ten="347,149,241,253" step="2"/><V49/><F127/><W79/><G118/><T120/><D120/><U111/><E111/><V126/><F126/><W78/><G36/><T132/><D132/><U72/><E72/><V17/><F41/><W129/><G129/><T69/><D40/><U43/><E43/><V53/><F61/><W20/><G81/><T60/><D60/><U130/><E130/><V109/><F109/><W131/><G75/><T42/><D42/><U70/><E70/><V122/><F122/><W1/><G131/><T50/><D68/><U105/><E105/><V22/><F104/><N who="3" m="63527" /><G58/><T71/><D71/><U116/><E116/><V55/><F102/><W117/><G56/><T39/><D69/><U103/><E103/><V7/><F33/><W123/><G123/><T95/><D39/><U30/><E30/><V133/><F133/><W134/><G117/><T47/><D63/><U135/><E135/><V124/><F124/><W64/><G134/><T85/><D59/><U45/><E45/><V37/><F37/><W62/><G62/><T73/><D73/><U74/><E74/><V98/><F49/><W90/><G64/><T54/><D47/><U66/><E66/><V125/><F125/><W65/><G65/><T67/><D67/><U5/><E5/><V38/><F38/><W108/><G108/><T25/><AGARI ba="0,1" hai="6,11,15,19,23,25,48,50,51,52,54,85,89,95" machi="25" ten="30,4000,0" yaku="0,1,8,1,54,1" doraHai="97" who="0" fromWho="0" sc="347,50,149,-10,241,-20,253,-10" /><INIT seed="3,0,0,1,2,105" ten="397,139,221,243" oya="3" hai0="125,13,92,115,123,134,76,133,65,66,74,90,23" hai1="71,98,38,33,62,93,34,109,77,50,118,80,100" hai2="27,129,47,101,79,69,15,36,21,78,119,17,48" hai3="49,53,1,5,97,81,51,56,24,82,89,86,96"/><W25/><G1/><T37/><D37/><U95/><E38/><V54/><F119/><W35/><G5/><T103/><D123/><U116/><E50/><V117/><F117/><N who="1" m="45161" /><E62/><V19/><F69/><W121/><G121/><T135/><D125/><U11/><E11/><V106/><F36/><W16/><G35/><T84/><D115/><U131/><E34/><V20/><F129/><W122/><G122/><T59/><D103/><U8/><E8/><V72/><F72/><W22/><G25/><T73/><D76/><U12/><E12/><V70/><F70/><W29/><G29/><T32/><D32/><U58/><E58/><V132/><F132/><W94/><G49/><T39/><D39/><U31/><E31/><V2/><F2/><W64/><G64/><N who="0" m="24683" /><D59/><U120/><E71/><V99/><AGARI ba="0,0" hai="15,17,19,20,21,27,47,48,54,78,79,99,101,106" machi="99" ten="30,1100,0" yaku="0,1" doraHai="105" who="2" fromWho="2" sc="397,-3,139,-3,221,11,243,-5" owari="394,49.4,136,-36.4,232,-16.8,238,3.8" /></mjloggm>