<mjloggm ver="2.3"><GO type="225" lobby="0"/><UN n0="%E3%83%8F%E3%82%AC%E3%82%BF%E3%82%AB%E3%81%AE%E3%81%88%E3%81%98%E3%81%8D" n1="%72%69%6F%75%63%68%61%6E" n2="%E3%83%96%E3%83%A9%E3%82%B6%E3%83%BC" n3="%E7%89%B9%E6%9D%B1%E3%81%AF%E4%B8%96%E7%95%8C%E3%82%92%E6%95%91%E3%81%86" dan="16,17,16,16" rate="2164.16,2267.30,2117.58,2163.98" sx="M,M,M,M"/><TAIKYOKU oya="0"/><INIT seed="0,0,0,0,3,11" ten="250,250,250,250" oya="0" hai0="62,10,97,23,44,80,72,131,16,122,63,99,5" hai1="28,118,85,15,57,22,2,43,29,111,81,32,84" hai2="94,47,65,58,124,52,40,49,123,76,101,14,109" hai3="7,54,125,21,30,41,78,38,88,105,68,34,61"/><T48/><D122/><U127/><E118/><V59/><F123/><W104/><G125/><T73/><D131/><U115/><E111/><V126/><F109/><W74/><G21/><T92/><D73/><U79/><E127/><N who="2" m="48683" /><F76/><W35/><G88/><N who="0" m="55431" /><D72/><U24/><E115/><V102/><F65/><N who="3" m="41007" /><G54/><N who="0" m="29959" /><D80/><U55/><E2/><V64/><F64/><W50/><G35/><T86/><D86/><U89/><E43/><V1/><F1/><W69/><G69/><T4/><D99/><U75/><E29/><V82/><F82/><W26/><G38/><T108/><D108/><U56/><E55/><V91/><F58/><W106/><G74/><T70/><D70/><U53/><E89/><V45/><F45/><W128/><G78/><T93/><D93/><U112/><E112/><V71/><F71/><W107/><G107/><T116/><D116/><U117/><E117/><V46/><F46/><W66/><G128/><T77/><D77/><U0/><E0/><V19/><F47/><N who="3" m="25967" /><G66/><T3/><D3/><U33/><E56/><V6/><F40/><W119/><G119/><T60/><D10/><U98/><E33/><V67/><F67/><W120/><G120/><T100/><D100/><U103/><E53/><V90/><F101/><W133/><G106/><T9/><D9/><U13/><E57/><V42/><F102/><W87/><G133/><T132/><D132/><U113/><E113/><V96/><F42/><W129/><G129/><T27/><AGARI ba="0,0" hai="4,5,16,23,27,60,62,63" m="29959,55431" machi="27" ten="30,6000,0" yaku="8,1,54,2" doraHai="11" who="0" fromWho="0" sc="250,60,250,-20,250,-20,250,-20" /><INIT seed="0,1,0,2,1,7" ten="310,230,230,230" oya="0" hai0="40,121,110,130,48,97,56,112,104,63,90,16,37" hai1="71,125,9,96,32,100,114,98,103,59,75,124,133" hai2="17,66,84,132,67,19,14,29,25,68,62,109,95" hai3="28,83,108,92,44,52,27,106,69,38,30,115,117"/><T21/><D112/><U11/><E71/><V70/><F109/><W122/><G115/><T64/><D121/><U12/><E114/><V43/><F132/><W51/><G106/><T57/><D110/><U1/><E133/><V3/><F3/><W31/><G117/><T91/><D130/><U76/><E32/><V47/><F67/><W127/><G108/><T134/><D134/><U46/><E46/><V39/><F68/><W131/><G69/><T80/><D37/><U50/><E1/><V88/><REACH who="2" step="1"/><F14/><REACH who="2" ten="310,230,220,230" step="2"/><W20/><G131/><T0/><D0/><U89/><E12/><V107/><F107/><W118/><G118/><T119/><D104/><U61/><E125/><V78/><F78/><W126/><G122/><T10/><D119/><U8/><E124/><V111/><F111/><W5/><G126/><T55/><D64/><U82/><E50/><V49/><F49/><W24/><G127/><T34/><D48/><U2/><E2/><V85/><F85/><W18/><G38/><T60/><D60/><U81/><E76/><V6/><F6/><W74/><G5/><T123/><D63/><U93/><E75/><V45/><F45/><W13/><G74/><T73/><D73/><U94/><E89/><V53/><F53/><AGARI ba="1,1" hai="8,9,11,53,59,61,81,82,93,94,96,98,100,103" machi="53" ten="40,8000,1" yaku="9,1,8,1,52,3" doraHai="7" who="1" fromWho="2" sc="310,0,230,93,220,-83,230,0" /><INIT seed="1,0,0,3,4,114" ten="310,323,137,230" oya="1" hai0="101,88,84,13,65,20,133,104,66,118,98,80,97" hai1="45,119,53,46,127,44,26,131,69,75,63,27,134" hai2="1,50,56,17,6,112,42,0,38,70,116,121,117" hai3="99,135,113,73,100,34,92,115,81,94,41,21,15"/><U19/><E119/><V110/><F70/><W83/><G34/><T61/><D118/><U60/><E75/><V16/><F112/><N who="3" m="43083" /><G15/><T3/><D3/><U90/><E131/><V33/><F33/><W78/><G21/><T23/><D133/><U5/><E127/><V9/><F121/><W124/><G41/><T24/><D98/><U89/><E134/><V37/><F56/><W54/><G54/><T105/><D105/><U57/><E5/><V82/><F82/><N who="3" m="45391" /><G135/><T31/><REACH who="0" step="1"/><D61/><REACH who="0" ten="300,323,137,230" step="2"/><U111/><E111/><V18/><F1/><W58/><G124/><T96/><D96/><U72/><E72/><V106/><F110/><W62/><G62/><T87/><D87/><U102/><E102/><V108/><F108/><W67/><G99/><T93/><D93/><U40/><E40/><V43/><F106/><W77/><G94/><T125/><D125/><U68/><E68/><V64/><F42/><W71/><G92/><T86/><D86/><U10/><E60/><V4/><F38/><W30/><G100/><T49/><D49/><U8/><E69/><V123/><F123/><W51/><G51/><T103/><D103/><U32/><E63/><V107/><F107/><W12/><G71/><T129/><D129/><U52/><E53/><V130/><F130/><W126/><G126/><T95/><D95/><U79/><E52/><V22/><F37/><W28/><G67/><T35/><D35/><U47/><E32/><V39/><F39/><W85/><G85/><T76/><D76/><U11/><N who="1" m="11264" /><DORA hai="128" /><U29/><E79/><V2/><F116/><W14/><G77/><RYUUKYOKU ba="0,1" sc="300,30,323,-10,137,-10,230,-10" hai0="13,20,23,24,31,65,66,80,84,88,97,101,104" /><INIT seed="2,1,1,0,4,65" ten="330,313,127,220" oya="2" hai0="130,106,45,83,71,114,132,50,25,125,29,84,52" hai1="111,16,63,4,128,37,51,104,126,94,107,129,13" hai2="115,10,69,18,24,127,19,131,89,120,26,40,38" hai3="21,118,46,98,3,70,77,39,82,2,80,14,74"/><V23/><F120/><W103/><G118/><T86/><D114/><U30/><E111/><V117/><F115/><W48/><G39/><T59/><D106/><U57/><E126/><V33/><F117/><W81/><G82/><T110/><D110/><U58/><E37/><V64/><F127/><W122/><G122/><T53/><D125/><U34/><E4/><V27/><F131/><N who="1" m="50249" /><E94/><V42/><F89/><W85/><G70/><T76/><D130/><U105/><E51/><V61/><F10/><W49/><G14/><T15/><D15/><U6/><E6/><V92/><F92/><W112/><G21/><T7/><D132/><U102/><E102/><V17/><F33/><W108/><G49/><T87/><D71/><U0/><E0/><V101/><F101/><W91/><G108/><T31/><D7/><U119/><E119/><V5/><F5/><W78/><G91/><T95/><D95/><U113/><E113/><V32/><F32/><W54/><G112/><T116/><D116/><U88/><E88/><V8/><F8/><W36/><G36/><T109/><D109/><U44/><E44/><V75/><F75/><W99/><G99/><T62/><D29/><U93/><E93/><AGARI ba="1,1" hai="2,3,46,48,54,74,77,78,80,81,85,93,98,103" machi="93" ten="30,1000,0" yaku="7,1" doraHai="65" who="3" fromWho="1" sc="330,0,313,-13,127,0,220,23" /><INIT seed="3,0,0,2,2,55" ten="330,300,127,243" oya="3" hai0="27,30,78,39,32,56,118,22,52,128,53,29,33" hai1="121,5,54,133,115,113,69,24,62,61,126,120,83" hai2="79,20,23,81,129,89,41,43,7,14,112,100,74" hai3="125,75,76,105,106,80,87,11,119,60,40,96,107"/><W8/><G119/><T73/><D118/><U42/><E5/><V48/><F112/><N who="1" m="43081" /><E24/><V1/><F129/><W45/><G125/><T64/><D39/><U102/><E83/><V101/><F20/><W85/><G96/><T104/><D104/><U46/><E102/><V25/><F43/><W3/><G60/><N who="1" m="23146" /><E69/><V13/><F13/><W122/><G122/><T77/><D73/><U12/><E12/><V21/><F21/><W44/><G44/><T72/><D72/><U127/><E133/><V15/><F15/><W114/><G114/><T97/><D64/><U94/><E94/><V99/><F89/><W16/><G16/><T109/><D32/><U124/><E54/><V35/><F35/><W17/><G17/><T10/><D53/><U38/><AGARI ba="0,0" hai="38,42,46,120,121,124,126,127" m="23146,43081" machi="38" ten="40,5200,0" yaku="18,1,34,2" doraHai="55" who="1" fromWho="1" sc="330,-13,300,52,127,-13,243,-26" owari="317,11.7,352,45.2,114,-38.6,217,-18.3" /></mjloggm>