<mjloggm ver="2.3"><GO type="225" lobby="0"/><UN n0="%E9%97%98%E5%B0%86%E3%81%A0%E3%82%93%E3%81%A7%E3%81%83" n1="%72%69%6F%75%63%68%61%6E" n2="%E3%80%93%E3%81%97%E3%83%BC%E3%82%89%E3%80%93" n3="%E3%81%8C%E3%81%9F" dan="16,16,16,16" rate="2131.41,2176.79,2138.41,2093.80" sx="M,M,M,M"/><TAIKYOKU oya="0"/><INIT seed="0,0,0,5,4,0" ten="250,250,250,250" oya="0" hai0="67,30,32,43,98,48,55,42,87,85,126,54,38" hai1="7,77,99,118,28,97,74,12,119,46,122,125,104" hai2="110,58,84,83,57,66,79,27,128,64,78,14,49" hai3="92,90,17,15,113,50,111,34,70,33,9,100,62"/><T18/><D126/><U59/><E122/><V131/><F110/><W103/><G113/><T19/><D32/><U39/><E125/><V106/><F106/><W93/><G111/><T36/><D30/><U68/><E68/><V95/><F27/><W112/><G112/><T96/><REACH who="0" step="1"/><D48/><REACH who="0" ten="240,250,250,250" step="2"/><U107/><E28/><V108/><F49/><W71/><G50/><T47/><D47/><U24/><E46/><V63/><F108/><W65/><G33/><T124/><D124/><U26/><E119/><V25/><F128/><W116/><G34/><T115/><D115/><U20/><E118/><V130/><F131/><W40/><G116/><T129/><D129/><U123/><E123/><V45/><F130/><W3/><G3/><T11/><D11/><U16/><E39/><V5/><F45/><W127/><G127/><T91/><D91/><U89/><E89/><V21/><F78/><W6/><G90/><T44/><D44/><U41/><E41/><V37/><F37/><W76/><G40/><T53/><D53/><U135/><E77/><V8/><F66/><AGARI ba="0,1" hai="18,19,36,38,42,43,54,55,66,67,85,87,96,98" machi="66" ten="25,12000,1" yaku="1,1,22,2,53,2" doraHai="0" doraHaiUra="61" who="0" fromWho="2" sc="240,130,250,0,250,-120,250,0" /><INIT seed="0,1,0,3,3,22" ten="370,250,130,250" oya="0" hai0="35,46,64,44,3,103,31,51,74,96,24,118,135" hai1="102,66,9,50,65,20,131,30,62,57,69,88,1" hai2="82,70,97,128,123,129,120,16,43,38,41,100,28" hai3="54,125,59,122,29,15,104,98,73,85,89,33,11"/><T8/><D135/><U117/><E117/><V132/><F70/><W107/><G122/><T134/><D134/><U110/><E110/><V106/><F132/><W90/><G73/><T99/><D118/><U83/><E131/><V6/><F6/><W0/><G0/><T53/><D74/><U26/><E102/><V76/><F28/><W32/><G125/><T13/><D3/><U71/><E65/><V121/><F16/><W91/><G85/><T10/><D64/><U72/><E50/><V45/><REACH who="2" step="1"/><F43/><REACH who="2" ten="370,250,120,250" step="2"/><W52/><G29/><T113/><D10/><U130/><E130/><V94/><F94/><W4/><G104/><T25/><D8/><U56/><E71/><V12/><F12/><W93/><G107/><T18/><D13/><U133/><E133/><V61/><F61/><W17/><G17/><T5/><D18/><U37/><E1/><V49/><F49/><W105/><G105/><T68/><D5/><U39/><E9/><V7/><F7/><W111/><G4/><T21/><D68/><U95/><E37/><V115/><F115/><W108/><G11/><T27/><D113/><U77/><REACH who="1" step="1"/><E39/><REACH who="1" ten="370,240,120,250" step="2"/><V40/><F40/><W80/><G108/><T119/><D119/><U78/><E78/><V14/><F14/><W79/><G15/><T2/><D2/><U67/><E67/><V19/><F19/><W60/><G111/><T63/><D51/><U114/><E114/><V75/><AGARI ba="1,2" hai="38,41,45,75,76,82,97,100,106,120,121,123,128,129" machi="75" ten="40,8000,1" yaku="1,1,0,1,23,2,53,0" doraHai="22" doraHaiUra="112" who="2" fromWho="2" sc="370,-41,240,-21,120,103,250,-21" /><INIT seed="1,0,0,3,1,26" ten="329,219,223,229" oya="1" hai0="29,92,36,115,116,62,135,94,114,35,53,17,30" hai1="61,40,19,82,58,110,130,69,113,9,4,24,84" hai2="34,67,54,2,102,64,96,68,7,56,125,66,73" hai3="31,55,98,78,122,72,123,104,18,28,33,50,27"/><U74/><E113/><V47/><F73/><W80/><G18/><T49/><D36/><U76/><E130/><V11/><F34/><W71/><G71/><T121/><D35/><U44/><E110/><V87/><F125/><W106/><G28/><N who="0" m="10859" /><D116/><U99/><E99/><V12/><F68/><W95/><G122/><T88/><D115/><U43/><E69/><V124/><F124/><W117/><G117/><T119/><D119/><U118/><E118/><V75/><F75/><W16/><G16/><T90/><D135/><U3/><E84/><V100/><F2/><W108/><G108/><T21/><D62/><U51/><E40/><V37/><F37/><W70/><G70/><T132/><D121/><U127/><E127/><V83/><F47/><W93/><G123/><T57/><D132/><U85/><E74/><V133/><F96/><W86/><G72/><T52/><D53/><U79/><E19/><V60/><REACH who="2" step="1"/><F133/><REACH who="2" ten="329,219,213,229" step="2"/><W6/><G98/><T13/><D114/><U65/><REACH who="1" step="1"/><E24/><REACH who="1" ten="329,209,213,229" step="2"/><V134/><F134/><W23/><G33/><T10/><D10/><U39/><E39/><V120/><F120/><W97/><G97/><T42/><D42/><U77/><AGARI ba="0,2" hai="3,4,9,43,44,51,58,61,65,76,77,79,82,85" machi="77" ten="20,3900,0" yaku="1,1,0,1,7,1,53,0" doraHai="26" doraHaiUra="14" who="1" fromWho="1" sc="329,-13,209,59,213,-13,229,-13" /><INIT seed="1,1,0,1,4,37" ten="316,268,200,216" oya="1" hai0="85,30,90,66,106,51,11,122,88,42,3,132,125" hai1="61,96,19,133,44,6,129,4,92,62,24,21,76" hai2="107,114,102,72,87,100,113,63,127,81,18,99,49" hai3="29,16,27,59,115,78,7,89,79,12,116,77,36"/><U82/><E129/><V97/><F63/><W57/><G115/><N who="2" m="44041" /><F18/><W20/><G36/><T5/><D106/><U8/><E133/><V58/><F58/><W95/><G7/><T22/><D132/><U91/><E44/><V120/><F49/><W111/><G111/><T54/><D125/><U108/><E108/><V39/><F39/><W48/><G48/><T15/><D122/><U60/><REACH who="1" step="1"/><E8/><REACH who="1" ten="316,258,200,216" step="2"/><V84/><F120/><W14/><G116/><T0/><D11/><U52/><E52/><V112/><F127/><W55/><G55/><T73/><D54/><U71/><E71/><V33/><F112/><W130/><G130/><T123/><D123/><U69/><E69/><V43/><F43/><W32/><REACH who="3" step="1"/><G14/><REACH who="3" ten="316,258,200,206" step="2"/><T50/><D15/><U74/><AGARI ba="1,2" hai="4,6,19,21,24,60,61,62,74,76,82,91,92,96" machi="74" ten="30,12000,1" yaku="1,1,0,1,53,3" doraHai="37" doraHaiUra="56" who="1" fromWho="1" sc="316,-41,258,143,200,-41,206,-41" /><INIT seed="1,2,0,5,1,54" ten="275,401,159,165" oya="1" hai0="104,6,129,11,26,24,82,34,124,119,12,123,84" hai1="99,106,72,3,85,49,75,102,43,53,77,50,98" hai2="88,103,131,27,120,128,108,94,57,2,121,126,80" hai3="113,38,117,91,93,10,96,64,47,81,23,15,89"/><U125/><E3/><V5/><F108/><W9/><G113/><T86/><D119/><U19/><E125/><V17/><F126/><W42/><G117/><T40/><D124/><U118/><E118/><V83/><F5/><W8/><G64/><T36/><D104/><U95/><E19/><V56/><F2/><W35/><G35/><T30/><D129/><N who="2" m="49738" /><F103/><W87/><REACH who="3" step="1"/><G23/><REACH who="3" ten="275,401,159,155" step="2"/><T107/><D34/><U115/><E115/><V13/><F27/><W79/><G79/><T28/><D26/><U112/><E112/><V33/><F33/><W111/><G111/><T127/><D24/><U66/><E66/><V101/><F101/><W51/><G51/><T37/><D127/><U0/><E49/><V69/><F69/><W31/><G31/><T22/><D30/><U46/><E50/><V4/><F4/><AGARI ba="2,1" hai="4,8,9,10,15,38,42,47,81,87,89,91,93,96" machi="4" ten="30,2000,0" yaku="1,1,7,1,53,0" doraHai="54" doraHaiUra="25" who="3" fromWho="2" sc="275,0,401,0,159,-26,155,36" /><INIT seed="2,0,0,2,4,129" ten="275,401,133,191" oya="2" hai0="94,110,10,70,35,135,127,7,37,5,111,113,49" hai1="118,27,39,105,18,121,65,130,48,71,47,96,16" hai2="82,29,83,74,97,8,75,93,23,115,59,50,44" hai3="78,51,2,86,42,15,104,34,46,84,98,3,22"/><V38/><F115/><W132/><G34/><T88/><D37/><U89/><E118/><V107/><F107/><W76/><G132/><T33/><D135/><U43/><E130/><V112/><F112/><W55/><G3/><T54/><D70/><U28/><E121/><V133/><F38/><W11/><G2/><T12/><D7/><U60/><E39/><V72/><F133/><W95/><G22/><T62/><D62/><U67/><E65/><V57/><F8/><W131/><G42/><T99/><D127/><U17/><E89/><V19/><F29/><W101/><G131/><T91/><D91/><U126/><E126/><V31/><F31/><W32/><G32/><T64/><D64/><U77/><E77/><N who="3" m="29802" /><G104/><T114/><D35/><N who="1" m="20895" /><E18/><AGARI ba="0,0" hai="11,15,18,46,51,55,84,86,95,98,101" m="29802" machi="18" ten="30,1000,0" yaku="8,1" doraHai="129" who="3" fromWho="1" sc="275,0,401,-10,133,0,191,10" /><INIT seed="3,0,0,4,0,102" ten="275,391,133,201" oya="3" hai0="46,80,77,85,24,73,15,87,47,72,7,44,23" hai1="65,93,4,8,84,0,26,120,83,50,31,95,118" hai2="116,64,94,34,115,89,134,59,88,75,12,43,91" hai3="49,117,22,112,32,61,96,11,29,17,28,39,52"/><W81/><G112/><T33/><D33/><U107/><E107/><V1/><F1/><W111/><G117/><T125/><D125/><U127/><E120/><V19/><F34/><W10/><G39/><T131/><D73/><U48/><E127/><V42/><F75/><W90/><G32/><T78/><D131/><U20/><E118/><V97/><F116/><W25/><G61/><T13/><D7/><U68/><E48/><V51/><F115/><W3/><G111/><T86/><D72/><U27/><E50/><V9/><F134/><W104/><G104/><T55/><D55/><U38/><E38/><V110/><F110/><W35/><G3/><T132/><D132/><U121/><E121/><V2/><F2/><W76/><G90/><T92/><D92/><U53/><E53/><V114/><F114/><W113/><G96/><T98/><D98/><U130/><E130/><V123/><F123/><W63/><G63/><T36/><D36/><U40/><E40/><V60/><REACH who="2" step="1"/><F51/><REACH who="2" ten="275,391,123,201" step="2"/><W105/><G113/><T124/><D124/><U109/><E109/><V108/><F108/><W16/><G35/><T126/><D126/><U70/><E0/><V74/><F74/><W45/><G49/><T103/><D47/><U100/><E70/><V54/><F54/><W67/><G52/><T14/><D46/><U56/><E68/><V99/><F99/><W18/><G45/><T66/><D44/><U58/><E56/><V82/><F82/><W6/><G81/><T62/><D80/><U129/><E83/><V21/><F21/><W30/><G22/><T122/><D122/><RYUUKYOKU ba="0,1" sc="275,-10,391,-10,123,30,201,-10" hai2="9,12,19,42,43,59,60,64,88,89,91,94,97" owari="265,6.5,391,49.1,153,-34.7,191,-20.9" /></mjloggm>