<mjloggm ver="2.3"><GO type="225" lobby="0"/><UN n0="%E3%81%82%E3%81%B9%E3%81%99%E3%81%91" n1="%E3%81%B5%E3%81%98%E3%81%8B%E3%81%A4" n2="%E3%83%99%E3%83%AB%E3%83%A2%E3%83%83%E3%83%88" n3="%77%72%77%72%77%72%77%72" dan="16,16,16,16" rate="2061.99,2187.21,2092.36,2222.75" sx="M,M,M,M"/><TAIKYOKU oya="0"/><INIT seed="0,0,0,3,5,51" ten="250,250,250,250" oya="0" hai0="69,46,131,33,68,85,49,126,10,101,99,118,28" hai1="80,29,72,108,31,132,116,97,121,75,26,135,111" hai2="53,112,103,95,22,50,78,127,63,4,114,133,17" hai3="36,107,1,18,43,12,109,24,45,35,25,98,9"/><T74/><D118/><U27/><E116/><V106/><F106/><W62/><G109/><N who="1" m="42058" /><E97/><V39/><F39/><W48/><G1/><T67/><D74/><N who="1" m="28203" /><E80/><V119/><F78/><W2/><G2/><T73/><D73/><U104/><E104/><V57/><F4/><W55/><G62/><T7/><D131/><U122/><E27/><V3/><F3/><W79/><G79/><T77/><D126/><U56/><E56/><V117/><F133/><N who="1" m="51273" /><E26/><V59/><F127/><W6/><G107/><T15/><D77/><U52/><E52/><N who="2" m="34215" /><F117/><W11/><G98/><T115/><D85/><U61/><E61/><V60/><F119/><W100/><G100/><T8/><D101/><U94/><E94/><V90/><F112/><W13/><G24/><T64/><D115/><U47/><E47/><V76/><F103/><W88/><G88/><T58/><D58/><U105/><E105/><V92/><F114/><W40/><G25/><T84/><D46/><U83/><E83/><V96/><F76/><W86/><G86/><T54/><D99/><U128/><E128/><V0/><F0/><W19/><G6/><T21/><D7/><U66/><E66/><V32/><F95/><W120/><G40/><T81/><D81/><U41/><E41/><V44/><F44/><W82/><G82/><T38/><D38/><U93/><E93/><V134/><F134/><W89/><G89/><T129/><D129/><U42/><E42/><V123/><F60/><W20/><G36/><T30/><D84/><U91/><E91/><V102/><F90/><W65/><G43/><T125/><D125/><RYUUKYOKU ba="0,0" sc="250,-10,250,30,250,-10,250,-10" hai1="29,31,121,122" /><INIT seed="1,1,0,4,4,7" ten="240,280,240,240" oya="1" hai0="99,51,119,35,66,96,12,2,118,49,115,103,5" hai1="37,79,38,125,8,22,102,1,0,61,20,29,91" hai2="40,92,134,56,54,33,57,32,95,34,73,18,77" hai3="27,74,26,117,116,10,107,80,13,28,111,124,47"/><U53/><E79/><V101/><F134/><W89/><G107/><T68/><D115/><U86/><E102/><V55/><F40/><W19/><G111/><T16/><D35/><U59/><E125/><V113/><F113/><W36/><G124/><T88/><D2/><U6/><E1/><V52/><F73/><W110/><G110/><T122/><D5/><U31/><E22/><V131/><F77/><W81/><G74/><T97/><D122/><U105/><E105/><V106/><F131/><W129/><G129/><T75/><D75/><U120/><E120/><V109/><F109/><W17/><G17/><T21/><D103/><U82/><REACH who="1" step="1"/><E20/><REACH who="1" ten="240,270,240,240" step="2"/><V128/><F128/><W133/><G133/><T93/><D119/><U44/><E44/><V78/><F78/><W23/><G117/><T30/><D118/><U83/><E83/><V60/><F101/><W70/><G81/><T39/><D39/><AGARI ba="1,1" hai="0,6,8,29,31,37,38,39,53,59,61,82,86,91" machi="39" ten="40,3900,0" yaku="1,1,52,1,53,0" doraHai="7" doraHaiUra="121" who="1" fromWho="0" sc="240,-42,270,52,240,0,240,0" /><INIT seed="1,2,0,4,3,106" ten="198,322,240,240" oya="1" hai0="22,81,84,19,40,108,85,20,123,48,61,98,54" hai1="79,34,71,114,95,107,83,91,44,111,102,43,59" hai2="13,104,69,129,16,68,0,51,75,10,119,3,56" hai3="128,72,132,105,67,70,26,88,89,28,11,117,39"/><U97/><E114/><V62/><F75/><W7/><G39/><T65/><D108/><U14/><E71/><V96/><F119/><W25/><G117/><T57/><D123/><U4/><E34/><V49/><F129/><W35/><G128/><T37/><D98/><U99/><E111/><V52/><F51/><W31/><G105/><T80/><D37/><U64/><E64/><V8/><F8/><W125/><G125/><T9/><D40/><U120/><E59/><V124/><F124/><W131/><G132/><T38/><D38/><U23/><E23/><V2/><REACH who="2" step="1"/><F62/><REACH who="2" ten="198,322,230,240" step="2"/><W76/><G72/><T100/><D9/><N who="1" m="4391" /><E120/><V109/><F109/><W73/><G73/><T127/><D127/><U126/><E126/><V46/><F46/><W60/><G131/><T50/><D50/><N who="1" m="26911" /><E107/><V101/><AGARI ba="2,1" hai="0,2,3,10,13,16,49,52,56,68,69,96,101,104" machi="101" ten="40,8000,1" yaku="1,1,0,1,54,2,53,0" doraHai="106" doraHaiUra="112" who="2" fromWho="2" sc="198,-22,322,-42,230,96,240,-22" /><INIT seed="2,0,0,0,3,123" ten="176,280,326,218" oya="2" hai0="14,22,98,76,30,107,80,125,116,117,18,3,13" hai1="19,49,51,33,92,37,109,100,5,17,46,133,94" hai2="40,129,74,43,64,68,6,28,126,58,90,38,89" hai3="113,11,65,91,53,60,9,8,36,57,118,135,124"/><V127/><F74/><W79/><G118/><T52/><D125/><N who="2" m="47626" /><F28/><W47/><G124/><T83/><D3/><U111/><E33/><V114/><F6/><W54/><G135/><T70/><D70/><U73/><E5/><V99/><F114/><W115/><G79/><T63/><D30/><U42/><E73/><V102/><F38/><W97/><G36/><T106/><D83/><U88/><E100/><V1/><F1/><W62/><G47/><T45/><D14/><U130/><E94/><V48/><F68/><W24/><G24/><T120/><D120/><U35/><E35/><V128/><F43/><W69/><G54/><T78/><D78/><U12/><E133/><V16/><F16/><N who="1" m="6217" /><E12/><V122/><F122/><W10/><G10/><T31/><D31/><U86/><E130/><N who="2" m="50283" /><F40/><W132/><G115/><T26/><D117/><U32/><E32/><V44/><F44/><W23/><G113/><T110/><D45/><U66/><E66/><V77/><F77/><W108/><G65/><T84/><D116/><U95/><E95/><V131/><F64/><W0/><G0/><T85/><D13/><U41/><E41/><V50/><N who="2" m="50291" /><V134/><DORA hai="2" /><F134/><W67/><G132/><T61/><D76/><U105/><E105/><N who="2" m="63711" /><F58/><W119/><G119/><T59/><D59/><U21/><E21/><V93/><F90/><W71/><G23/><T82/><D22/><U4/><E4/><V96/><AGARI ba="0,0" hai="48,50,89,93,96" m="63711,50291,47626" machi="96" ten="50,4800,0" yaku="18,1,19,1" doraHai="123,2" who="2" fromWho="2" sc="176,-16,280,-16,326,48,218,-16" /><INIT seed="2,1,0,2,0,1" ten="160,264,374,202" oya="2" hai0="18,47,104,86,60,50,36,117,115,109,68,52,14" hai1="112,106,76,29,42,43,82,122,101,96,110,77,70" hai2="12,30,114,97,40,133,32,41,48,58,75,46,130" hai3="111,93,37,98,39,64,88,57,10,62,131,85,51"/><V81/><F114/><W8/><G111/><T7/><D115/><U72/><E110/><V108/><F130/><W2/><G131/><T107/><D109/><U11/><E112/><V95/><F133/><W17/><G51/><T128/><D128/><U26/><E77/><V16/><F75/><W66/><G66/><T5/><D117/><U78/><E78/><V92/><F81/><W38/><G2/><T61/><D36/><U134/><E70/><V116/><F108/><W119/><G119/><T123/><D123/><U132/><E11/><V19/><F58/><W20/><REACH who="3" step="1"/><G85/><REACH who="3" ten="160,264,374,192" step="2"/><T118/><D118/><U33/><E122/><V22/><F116/><W135/><G135/><AGARI ba="1,1" hai="26,29,33,42,43,72,76,82,96,101,106,132,134,135" machi="135" ten="40,1300,0" yaku="20,1" doraHai="1" who="1" fromWho="3" sc="160,0,264,26,374,0,192,-16" /><INIT seed="3,0,0,3,2,91" ten="160,290,374,176" oya="3" hai0="105,13,9,118,87,75,35,116,63,50,81,31,108" hai1="77,103,18,30,26,70,109,135,110,114,0,51,112" hai2="15,129,5,57,65,56,32,8,33,41,125,28,117" hai3="42,52,22,44,39,83,34,93,68,67,59,104,14"/><W36/><G34/><T73/><D108/><N who="1" m="41579" /><E70/><V98/><F117/><W76/><G104/><T10/><D105/><U131/><E77/><V58/><F41/><W61/><G39/><T99/><D10/><U47/><E103/><V85/><F28/><W72/><G14/><T134/><D134/><U82/><E135/><V21/><F65/><W45/><G45/><T78/><D63/><U12/><E0/><V94/><F85/><W25/><G93/><T126/><D126/><U122/><E82/><V19/><F125/><W90/><G90/><T106/><D50/><U54/><E131/><V132/><F129/><W16/><G68/><T89/><D118/><U11/><E122/><V53/><F132/><W37/><G37/><T79/><D79/><U64/><E64/><V60/><F33/><AGARI ba="0,0" hai="11,12,18,26,30,33,47,51,54,112,114" m="41579" machi="33" ten="30,1000,0" yaku="14,1" doraHai="91" who="1" fromWho="2" sc="160,0,290,10,374,-10,176,0" owari="160,-34.0,300,10.0,364,46.4,176,-22.4" /></mjloggm>