<mjloggm ver="2.3"><GO type="225" lobby="0"/><UN n0="%4E%49%4A%49%49%52%4F" n1="%72%69%6F%75%63%68%61%6E" n2="%E3%81%88%E3%81%8C%E3%82%8F%E3%82%8A%E3%81%8A" n3="%E4%BF%BA%E3%81%A8%E5%A6%96%E5%A4%A2" dan="16,16,16,17" rate="2179.88,2181.72,2103.71,2210.38" sx="M,M,M,F"/><TAIKYOKU oya="0"/><INIT seed="0,0,0,4,0,118" ten="250,250,250,250" oya="0" hai0="120,108,50,90,127,48,29,82,106,34,123,91,121" hai1="40,38,28,97,41,20,122,60,100,35,104,43,39" hai2="102,69,88,18,24,64,53,134,113,46,2,114,10" hai3="109,67,51,0,92,124,87,16,98,93,94,130,12"/><T80/><D106/><U55/><E122/><V70/><F134/><W37/><G37/><T84/><D127/><U103/><E35/><V105/><F53/><W135/><G135/><T1/><D1/><U5/><E5/><V111/><F46/><W62/><G124/><T56/><D108/><U31/><E103/><V73/><F73/><W4/><G109/><T74/><D56/><U17/><E39/><V101/><F111/><W27/><G130/><T131/><D131/><U107/><E104/><V22/><F113/><W85/><G27/><T132/><D132/><U116/><E38/><V112/><F112/><W86/><G51/><T23/><D34/><U9/><E9/><V42/><F42/><W83/><G4/><T13/><D74/><U115/><E116/><V11/><F11/><W57/><G0/><T3/><D3/><U68/><E115/><V44/><F44/><W54/><G67/><T47/><D47/><U96/><E96/><N who="2" m="61607" /><F102/><N who="3" m="60743" /><G83/><T65/><D65/><U128/><E128/><V66/><F114/><W99/><G99/><T26/><D13/><U25/><REACH who="1" step="1"/><E55/><REACH who="1" ten="250,240,250,250" step="2"/><V129/><F129/><W126/><G126/><T89/><REACH who="0" step="1"/><D80/><REACH who="0" ten="240,240,250,250" step="2"/><U33/><E33/><V8/><F2/><W36/><G36/><T63/><D63/><U81/><E81/><V21/><F69/><W6/><G6/><T19/><D19/><U77/><E77/><AGARI ba="0,2" hai="23,26,29,48,50,77,82,84,89,90,91,120,121,123" machi="77" ten="50,12000,1" yaku="1,1,52,3,53,1" doraHai="118" doraHaiUra="78" who="0" fromWho="1" sc="240,140,240,-120,250,0,250,0" /><INIT seed="0,1,0,1,1,100" ten="380,120,250,250" oya="0" hai0="121,74,27,13,32,117,112,47,120,54,119,99,85" hai1="126,8,33,0,92,3,93,64,78,4,135,12,58" hai2="131,16,57,6,71,22,61,18,20,37,88,125,128" hai3="80,96,65,115,134,84,111,25,34,39,132,106,23"/><T29/><D74/><U63/><E126/><V67/><F125/><W103/><G115/><T66/><D85/><U31/><E135/><N who="3" m="51754" /><G39/><T83/><D83/><U130/><E130/><N who="2" m="49707" /><F37/><W102/><G102/><T127/><D54/><U7/><E78/><V19/><F6/><W42/><G42/><T101/><D127/><U9/><REACH who="1" step="1"/><E12/><REACH who="1" ten="380,110,250,250" step="2"/><V95/><F71/><W73/><G111/><T116/><D13/><U26/><AGARI ba="1,1" hai="0,3,4,7,8,9,26,31,33,58,63,64,92,93" machi="26" ten="30,7900,0" yaku="1,1,2,1,0,1,9,1,53,0" doraHai="100" doraHaiUra="82" who="1" fromWho="1" sc="380,-40,110,92,250,-21,250,-21" /><INIT seed="1,0,0,0,4,98" ten="340,202,229,229" oya="1" hai0="128,84,77,34,61,26,74,76,64,60,48,99,15" hai1="118,83,29,14,4,0,107,110,132,12,57,20,121" hai2="47,111,134,54,50,43,31,36,21,109,17,123,3" hai3="24,62,87,94,95,119,114,1,92,90,59,126,44"/><U80/><E118/><V135/><F3/><W58/><G114/><T103/><D74/><U45/><E121/><V68/><F31/><W37/><G119/><T35/><D128/><U27/><E132/><N who="2" m="50731" /><F123/><W66/><G1/><T55/><D15/><U40/><E110/><N who="2" m="41995" /><F17/><W89/><G126/><T105/><D84/><U18/><E107/><V102/><F21/><W16/><G59/><T69/><D60/><U75/><E57/><N who="2" m="32983" /><F102/><W106/><G90/><T79/><REACH who="0" step="1"/><D26/><REACH who="0" ten="330,202,229,229" step="2"/><U72/><E12/><V112/><F112/><W6/><G24/><T5/><D5/><U56/><E4/><V13/><F13/><W2/><G6/><T52/><D52/><U11/><E0/><V67/><F67/><W85/><G66/><T115/><D115/><U86/><E75/><V23/><F23/><W39/><G2/><T53/><D53/><U41/><E72/><V116/><F116/><W63/><G85/><T42/><D42/><U93/><E40/><V78/><F78/><W70/><G63/><T129/><D129/><U28/><E28/><V10/><F10/><W19/><G87/><T71/><D71/><AGARI ba="0,1" hai="36,43,47,68,71" m="32983,41995,50731" machi="71" ten="30,7700,0" yaku="20,1,14,1,34,2" doraHai="98" who="2" fromWho="0" sc="330,-77,202,0,229,87,229,0" /><INIT seed="2,0,0,0,1,80" ten="253,202,316,229" oya="2" hai0="3,34,18,44,77,24,120,39,125,119,97,60,63" hai1="127,28,72,40,112,7,95,92,9,87,74,118,126" hai2="31,58,91,23,102,36,90,68,133,62,41,5,107" hai3="110,88,1,113,122,15,17,26,73,93,100,114,19"/><V53/><F68/><W11/><G122/><T96/><D120/><U83/><E112/><N who="3" m="43114" /><G73/><N who="1" m="28266" /><E28/><V22/><F133/><W75/><G75/><T38/><D3/><N who="1" m="255" /><E40/><V43/><F5/><N who="3" m="1455" /><G110/><T52/><D125/><N who="1" m="47627" /><E118/><V132/><F132/><W116/><G116/><T0/><D119/><U82/><E82/><V99/><F22/><W129/><G129/><T16/><D0/><U30/><E30/><V29/><F29/><W21/><G100/><T101/><D77/><AGARI ba="0,0" hai="77,83,87,92,95" m="47627,255,28266" machi="77" ten="30,2000,0" yaku="18,1,52,1" doraHai="80" who="1" fromWho="0" sc="253,-20,202,20,316,0,229,0" /><INIT seed="3,0,0,4,3,134" ten="233,222,316,229" oya="3" hai0="80,25,7,63,132,97,74,81,44,5,31,93,39" hai1="20,126,85,77,40,32,55,115,131,98,27,49,84" hai2="108,18,37,1,4,58,86,107,34,47,42,54,129" hai3="52,24,14,43,36,130,127,119,87,101,59,48,114"/><W9/><G114/><T33/><D132/><U102/><E115/><V117/><F107/><W90/><G119/><T135/><D135/><U8/><E32/><V83/><F34/><W19/><G130/><T79/><D80/><U0/><E131/><V91/><F129/><W72/><G72/><T82/><D82/><U67/><E126/><V65/><F65/><W88/><G127/><T62/><D62/><U66/><E40/><V104/><F104/><W17/><G101/><T94/><D94/><N who="1" m="58711" /><E8/><V122/><F108/><W69/><G69/><T64/><D44/><N who="1" m="28071" /><E0/><V13/><F122/><W125/><G125/><T124/><D39/><U68/><E68/><V50/><F117/><W95/><G90/><T29/><D124/><U110/><E110/><V60/><F4/><W75/><G75/><T92/><D5/><U100/><E100/><V118/><F1/><W89/><G89/><T28/><D7/><U10/><E10/><V120/><F120/><W11/><G11/><T109/><D109/><U105/><E105/><V76/><F118/><W123/><G123/><T73/><D73/><U46/><E46/><V45/><F91/><W106/><G106/><T6/><D6/><U35/><E35/><V99/><F99/><W121/><G121/><T53/><D97/><U133/><E133/><V15/><F18/><N who="3" m="8527" /><G24/><T96/><D96/><U23/><E77/><V71/><F71/><W12/><G12/><T41/><D33/><U112/><E112/><V78/><F78/><W116/><G116/><T51/><D25/><U61/><E27/><V128/><F128/><W57/><G57/><RYUUKYOKU ba="0,0" sc="233,-15,222,-15,316,15,229,15" hai2="13,15,37,42,45,47,50,54,58,60,76,83,86" hai3="17,19,36,43,48,52,59,87,88,95" /><INIT seed="3,1,0,4,5,48" ten="218,207,331,244" oya="3" hai0="69,122,120,0,96,45,103,47,21,26,105,30,115" hai1="109,32,99,56,58,49,62,89,113,31,77,102,44" hai2="9,7,83,34,90,73,61,35,60,119,37,78,135" hai3="18,75,117,25,88,1,95,76,91,20,85,107,11"/><W59/><G117/><T8/><D69/><U40/><E113/><V82/><F119/><W66/><G107/><T116/><D116/><U65/><E109/><V63/><F37/><W38/><G38/><T72/><D72/><U27/><E77/><V16/><F135/><W123/><G123/><T46/><REACH who="0" step="1"/><D115/><REACH who="0" ten="208,207,331,244" step="2"/><U14/><E14/><V84/><F78/><W28/><G75/><T67/><D67/><U50/><E89/><V80/><F90/><N who="3" m="53711" /><G1/><T133/><D133/><U52/><REACH who="1" step="1"/><E99/><REACH who="1" ten="208,197,331,244" step="2"/><V39/><F73/><W118/><G118/><T4/><AGARI ba="1,2" hai="0,4,8,21,26,30,45,46,47,96,103,105,120,122" machi="4" ten="30,4000,0" yaku="1,1,0,1,53,1" doraHai="48" doraHaiUra="6" who="0" fromWho="0" sc="208,63,197,-11,331,-11,244,-21" owari="271,7.1,186,-31.4,320,42.0,223,-17.7" /></mjloggm>