<mjloggm ver="2.3"><GO type="225" lobby="0"/><UN n0="%E3%81%9F%E3%81%8C%E3%82%84%E3%81%99" n1="%E6%80%AA%E3%81%97%E3%81%99%E3%81%8E%E3%82%8B%E3%83%81%E3%83%BC" n2="%33%74%72%65%65" n3="%E5%AE%AE%E4%BF%9D%E9%B6%8F%E8%82%89" dan="16,16,17,16" rate="2112.82,2167.36,2132.15,2103.96" sx="M,M,F,M"/><TAIKYOKU oya="0"/><INIT seed="0,0,0,0,4,117" ten="250,250,250,250" oya="0" hai0="39,47,92,0,48,22,112,105,77,87,69,71,34" hai1="4,114,132,107,134,133,41,9,42,93,111,7,53" hai2="94,18,6,52,35,90,32,118,122,115,46,127,54" hai3="62,51,110,113,123,25,40,26,33,23,67,36,30"/><T68/><D34/><U63/><E107/><V31/><F115/><W12/><G113/><T60/><D105/><U97/><E114/><V70/><F70/><W81/><G110/><T73/><D0/><U96/><E111/><V101/><F101/><W79/><G36/><T121/><D73/><U89/><E97/><V56/><F6/><N who="1" m="2089" /><E9/><V28/><F35/><W85/><G12/><T76/><D39/><U20/><E20/><V65/><F65/><W95/><G95/><T45/><D112/><U106/><E106/><V66/><F66/><W64/><G123/><T100/><D60/><U125/><E125/><V102/><F32/><W19/><REACH who="3" step="1"/><G62/><REACH who="3" ten="250,250,250,240" step="2"/><T37/><D37/><U29/><E63/><V21/><F122/><W129/><G129/><T50/><D121/><U131/><E131/><V5/><F127/><W8/><G8/><T130/><D130/><U91/><E134/><V83/><F94/><W27/><G27/><T120/><D120/><U80/><E133/><V109/><F109/><W55/><G55/><T78/><D100/><U72/><E53/><V84/><F102/><W3/><G3/><T86/><D92/><U104/><E132/><V49/><F118/><W75/><G75/><T11/><D11/><U98/><E104/><V15/><REACH who="2" step="1"/><F5/><REACH who="2" ten="250,250,240,240" step="2"/><W135/><G135/><T43/><REACH who="0" step="1"/><D22/><REACH who="0" ten="240,250,240,240" step="2"/><U2/><E93/><V16/><F16/><W82/><G82/><T126/><D126/><U44/><E80/><V58/><F58/><W119/><G119/><T57/><D57/><U88/><E2/><V13/><F13/><W1/><G1/><T103/><D103/><RYUUKYOKU ba="0,3" sc="240,10,250,-30,240,10,240,10" hai0="43,45,47,48,50,68,69,71,76,77,78,86,87" hai2="15,18,21,28,31,46,49,52,54,56,83,84,90" hai3="19,23,25,26,30,33,40,51,64,67,79,81,85" /><INIT seed="0,1,3,2,3,80" ten="250,220,250,250" oya="0" hai0="24,6,94,14,77,92,86,39,110,60,29,36,95" hai1="42,70,18,26,134,82,112,47,107,35,41,48,93" hai2="31,119,90,96,128,15,22,102,105,113,75,130,4" hai3="28,46,1,55,32,104,16,34,9,33,49,121,116"/><T56/><D39/><U59/><E107/><V23/><F113/><W73/><G116/><T27/><D36/><U52/><E70/><V66/><F119/><W8/><G104/><T117/><D117/><U115/><E134/><V108/><F108/><W38/><G73/><T10/><D110/><U120/><E120/><V127/><F127/><W79/><G79/><T62/><D62/><U131/><E131/><N who="2" m="50219" /><F75/><W91/><G38/><T87/><D77/><U37/><E41/><V103/><F66/><W67/><G67/><T11/><D11/><U129/><E129/><V81/><F102/><W83/><G121/><T61/><D60/><U114/><E82/><V84/><F31/><W51/><G51/><T100/><D100/><U45/><E93/><N who="0" m="23809" /><T85/><DORA hai="20" /><D29/><N who="1" m="19895" /><E18/><V109/><F109/><W123/><G123/><T125/><D125/><U74/><E74/><V111/><F111/><W5/><G28/><T78/><D78/><U44/><AGARI ba="1,3" hai="37,42,44,45,47,48,52,59,112,114,115" m="19895" machi="44" ten="40,5200,0" yaku="11,1,52,1,54,1" doraHai="80,20" who="1" fromWho="1" sc="250,-27,220,85,250,-14,250,-14" /><INIT seed="1,0,0,5,4,17" ten="223,305,236,236" oya="1" hai0="135,127,3,58,10,85,22,102,103,101,47,107,92" hai1="9,1,65,105,125,90,108,124,48,45,119,63,68" hai2="46,73,112,44,134,6,53,20,82,51,81,132,126" hai3="120,106,5,70,8,38,36,97,13,27,71,96,78"/><U28/><E119/><V34/><F34/><W88/><G120/><T23/><D107/><U99/><E108/><V49/><F126/><N who="1" m="48745" /><E28/><V79/><F112/><W55/><G78/><T87/><D127/><U33/><E33/><V113/><F113/><W15/><G106/><T62/><D135/><U30/><E30/><V114/><F114/><W130/><G130/><T59/><D3/><U98/><E90/><V67/><F67/><W19/><G27/><T64/><D10/><U89/><E89/><V57/><F6/><W43/><G55/><T40/><D59/><U80/><E80/><V74/><F20/><N who="0" m="7722" /><D92/><U37/><E37/><V32/><F32/><W77/><G38/><T86/><D47/><U133/><E105/><V16/><F57/><W75/><G70/><T21/><N who="0" m="7730" /><T0/><DORA hai="109" /><D0/><U93/><E93/><V104/><F104/><W41/><G71/><T24/><D40/><N who="1" m="24615" /><E133/><V110/><F110/><W42/><G36/><T4/><D4/><AGARI ba="0,0" hai="1,4,9,63,65,68,98,99" m="24615,48745" machi="4" ten="30,1500,0" yaku="18,1" doraHai="17,109" who="1" fromWho="0" sc="223,-15,305,15,236,0,236,0" /><INIT seed="1,1,0,3,0,104" ten="208,320,236,236" oya="1" hai0="84,49,53,10,97,90,111,131,119,115,66,123,135" hai1="18,33,50,122,45,46,112,48,121,78,35,77,8" hai2="87,23,113,103,72,29,98,102,52,51,126,100,4" hai3="118,12,61,0,3,68,27,81,15,9,44,64,17"/><U91/><E8/><V80/><F126/><W54/><G118/><T129/><D10/><U101/><E101/><V83/><F113/><W73/><G27/><T65/><D119/><U105/><E105/><V76/><F4/><W19/><G54/><T37/><D37/><U28/><E18/><V1/><F1/><W6/><G44/><T30/><D30/><U95/><E91/><V120/><F120/><W2/><REACH who="3" step="1"/><G15/><REACH who="3" ten="208,320,236,226" step="2"/><T67/><D115/><U31/><E95/><V32/><F32/><W16/><G16/><T82/><D123/><U24/><E112/><V110/><F29/><W99/><G99/><T21/><D97/><U130/><E24/><V42/><F98/><W11/><G11/><T7/><D7/><U107/><E107/><V25/><F25/><W36/><G36/><T116/><D116/><U57/><E33/><V22/><F42/><W20/><G20/><T94/><D21/><U74/><E35/><V13/><F13/><W93/><G93/><T128/><D111/><U14/><E31/><V133/><F110/><W47/><G47/><N who="0" m="27839" /><D135/><U127/><E28/><V125/><F133/><W86/><G86/><T85/><D85/><U96/><E14/><V39/><F39/><W114/><G114/><T71/><D94/><U132/><E96/><V56/><REACH who="2" step="1"/><F125/><REACH who="2" ten="208,320,226,226" step="2"/><W109/><G109/><T59/><D71/><U58/><E127/><V106/><F106/><W40/><G40/><T92/><D59/><U108/><E132/><V55/><F55/><W41/><G41/><T69/><D69/><U43/><E108/><V34/><F34/><W79/><AGARI ba="1,2" hai="0,2,3,6,9,12,17,19,61,64,68,73,79,81" machi="79" ten="40,8000,1" yaku="1,1,5,1,0,1,52,1,53,0" doraHai="104" doraHaiUra="38" who="3" fromWho="3" sc="208,-21,320,-41,226,-21,226,103" /><INIT seed="2,0,0,5,4,57" ten="187,279,205,329" oya="2" hai0="47,43,97,7,119,25,35,54,11,3,78,56,68" hai1="59,17,58,64,29,93,65,84,13,113,69,27,79" hai2="18,39,37,50,89,80,133,53,83,120,66,72,76" hai3="108,91,134,100,95,1,98,28,30,32,117,87,107"/><V34/><F120/><W77/><G117/><T73/><D68/><U20/><E113/><V60/><F133/><W110/><G134/><T131/><D119/><U12/><E12/><V135/><F135/><W21/><G32/><T126/><D131/><U33/><E79/><V81/><F34/><W2/><G77/><T104/><D126/><U99/><E84/><V75/><F18/><W116/><G116/><T124/><D124/><U67/><REACH who="1" step="1"/><E69/><REACH who="1" ten="187,269,205,329" step="2"/><V6/><F76/><W23/><G1/><T36/><D78/><U101/><AGARI ba="0,1" hai="13,17,20,27,29,33,58,59,64,65,67,93,99,101" machi="101" ten="30,7900,0" yaku="1,1,2,1,0,1,53,1" doraHai="57" doraHaiUra="15" who="1" fromWho="1" sc="187,-20,269,89,205,-39,329,-20" /><INIT seed="3,0,0,4,2,10" ten="167,358,166,309" oya="3" hai0="7,20,36,63,69,62,131,121,67,74,5,31,109" hai1="122,34,15,123,65,56,37,14,18,12,41,111,130" hai2="80,114,52,129,106,16,89,44,68,43,59,83,124" hai3="78,99,97,40,101,125,104,47,53,25,38,39,85"/><W2/><G125/><T26/><D74/><U61/><E34/><V81/><F114/><W92/><G2/><T77/><D77/><U93/><E111/><V90/><F68/><W88/><G39/><T60/><D121/><U30/><E130/><V94/><F124/><W51/><G25/><T28/><D36/><U66/><E30/><V103/><F106/><W9/><G9/><T45/><D109/><U100/><E66/><V119/><F119/><W55/><REACH who="3" step="1"/><G38/><REACH who="3" ten="167,358,166,299" step="2"/><T118/><D26/><U116/><E116/><V50/><F129/><W117/><G117/><T126/><D126/><U6/><E122/><V73/><F73/><W110/><G110/><T27/><D27/><U29/><E123/><V33/><F33/><W58/><G58/><T79/><D131/><U128/><E56/><V21/><F103/><W87/><G87/><T3/><D3/><U46/><E128/><V82/><N who="2" m="20480" /><DORA hai="135" /><V86/><F90/><W0/><G0/><T133/><D118/><U54/><E100/><V32/><F32/><W127/><G127/><T64/><D69/><U84/><E37/><V1/><F1/><W70/><G70/><T105/><D133/><U35/><E84/><V132/><F132/><W42/><G42/><T22/><D79/><U71/><E41/><V57/><F43/><W115/><G115/><T120/><D120/><U91/><E35/><V48/><F48/><W4/><G4/><T11/><D5/><U96/><E6/><V98/><F86/><W13/><G13/><AGARI ba="0,1" hai="13,16,21,44,50,52,57,59,89,94,98" m="20480" machi="13" ten="50,8000,1" yaku="8,1,52,1,54,2" doraHai="10,135" who="2" fromWho="3" sc="167,0,358,0,166,90,299,-80" owari="167,-33.3,358,45.8,256,5.6,219,-18.1" /></mjloggm>