<mjloggm ver="2.3"><GO type="225" lobby="0"/><UN n0="%E7%B4%94%E6%BD%94%E3%83%94%E3%83%A9%E3%83%8B%E3%82%A2" n1="%E3%81%BF%E3%81%BF%E3%81%9A" n2="%6D%61%74%69%67%75%73%61" n3="%E3%81%8B%E3%82%8F%E3%81%A1%E3%82%83%E3%82%93%35%38" dan="16,16,17,16" rate="2133.57,2144.36,2234.12,2166.32" sx="M,M,M,M"/><TAIKYOKU oya="0"/><INIT seed="0,0,0,0,1,134" ten="250,250,250,250" oya="0" hai0="117,93,115,6,51,121,78,44,127,31,26,30,88" hai1="132,42,110,91,62,118,104,119,126,19,18,131,63" hai2="100,49,94,16,61,38,106,39,112,55,20,8,11" hai3="109,13,12,97,0,111,76,59,64,27,87,84,105"/><T71/><D115/><U21/><E132/><V92/><F106/><W47/><G0/><T29/><D117/><U129/><E42/><V36/><F61/><N who="1" m="23049" /><E104/><V57/><F112/><W10/><G59/><T50/><D71/><U102/><E102/><V48/><F48/><W45/><G27/><T124/><D121/><U73/><E73/><V53/><F53/><W116/><G116/><N who="1" m="44586" /><E91/><V66/><F66/><W28/><G28/><T79/><D26/><U82/><E82/><V33/><F33/><W135/><G135/><T107/><D107/><U46/><E46/><V14/><REACH who="2" step="1"/><F100/><REACH who="2" ten="250,250,240,250" step="2"/><W80/><G105/><T72/><D50/><U103/><E103/><V52/><F52/><W83/><G64/><T35/><D35/><U113/><E113/><V70/><F70/><W69/><G69/><T23/><D72/><U90/><E110/><V99/><F99/><W85/><G97/><T17/><D6/><U77/><E129/><V56/><F56/><W40/><G109/><T37/><D37/><U4/><E131/><V32/><F32/><W81/><G111/><T67/><D67/><U133/><E4/><V123/><F123/><W120/><G120/><T89/><D51/><U22/><E133/><V3/><F3/><W130/><G130/><T2/><D2/><U86/><E86/><N who="3" m="33386" /><G81/><T114/><D114/><U54/><E54/><V96/><F96/><W25/><G83/><T75/><D75/><U5/><E5/><V68/><F68/><W58/><G80/><T43/><D43/><U95/><E95/><AGARI ba="0,1" hai="8,11,14,16,20,36,38,39,49,55,57,92,94,95" machi="95" ten="40,5200,0" yaku="1,1,54,1,53,1" doraHai="134" doraHaiUra="15" who="2" fromWho="1" sc="250,0,250,-52,240,62,250,0" /><INIT seed="1,0,0,2,1,39" ten="250,198,302,250" oya="1" hai0="113,100,109,16,22,94,50,124,34,87,79,85,42" hai1="101,88,43,13,60,5,135,1,77,65,78,24,107" hai2="114,72,41,83,31,106,0,57,116,36,119,76,74" hai3="127,55,105,18,20,38,6,26,48,14,81,51,46"/><U95/><E1/><V91/><F57/><W69/><G127/><T47/><D34/><U120/><E120/><V131/><F31/><W21/><G69/><T11/><D113/><U27/><E107/><V132/><F131/><W28/><G105/><T129/><D109/><U90/><E135/><V10/><F91/><W126/><G126/><T7/><D129/><U44/><E101/><V122/><F72/><W17/><G38/><T35/><D35/><U118/><E118/><V102/><F132/><W121/><G121/><T82/><D124/><U128/><E128/><V97/><F114/><W134/><G134/><T15/><D100/><U92/><E13/><V54/><F54/><W86/><G51/><T53/><D94/><U103/><E5/><N who="2" m="1319" /><F122/><W33/><G6/><T67/><D67/><U130/><E130/><V70/><F70/><W56/><G56/><T68/><D68/><U123/><E123/><V98/><F98/><W71/><G71/><T115/><D115/><U133/><E133/><V30/><F30/><W104/><G104/><T99/><D99/><N who="1" m="59879" /><E60/><V96/><F96/><W108/><G108/><T8/><D85/><N who="1" m="52623" /><E90/><V89/><F89/><N who="3" m="51407" /><G33/><T40/><D8/><U73/><E65/><V112/><F112/><W3/><G3/><AGARI ba="0,0" hai="3,7,11,15,16,22,40,42,47,50,53,79,82,87" machi="3" ten="30,7700,0" yaku="7,1,52,2,54,1" doraHai="39" who="0" fromWho="3" sc="250,77,198,0,302,0,250,-77" /><INIT seed="2,0,0,3,0,18" ten="327,198,302,173" oya="2" hai0="6,28,50,67,93,119,20,15,36,17,106,88,8" hai1="73,76,131,132,134,98,5,96,63,110,14,31,53" hai2="39,68,112,62,125,65,22,64,78,97,10,118,66" hai3="60,3,32,12,16,101,61,102,57,86,43,26,29"/><V81/><F112/><W80/><G3/><T25/><D36/><U37/><E37/><V7/><F118/><W40/><G102/><T89/><D106/><U52/><E110/><V95/><F125/><W48/><G101/><T33/><D119/><U45/><E131/><V135/><F135/><N who="1" m="51753" /><E31/><V100/><F39/><W128/><G128/><T108/><D108/><U58/><E76/><V47/><F47/><W54/><G43/><T13/><D67/><U91/><E73/><V19/><F10/><W2/><G40/><T23/><D50/><N who="1" m="28751" /><E91/><V90/><F7/><W71/><G2/><T127/><D127/><U129/><E129/><V44/><F44/><W34/><G71/><T87/><D89/><U4/><E4/><V21/><F90/><W123/><G34/><T49/><D49/><U38/><E38/><V133/><F133/><W41/><G41/><T83/><D33/><U121/><E121/><V122/><F122/><W30/><G30/><T82/><AGARI ba="0,0" hai="6,8,13,15,17,20,23,25,28,82,83,87,88,93" machi="82" ten="30,8000,1" yaku="0,1,8,1,52,2,54,1" doraHai="18" who="0" fromWho="0" sc="327,80,198,-20,302,-40,173,-20" /><INIT seed="3,0,0,4,1,123" ten="407,178,262,153" oya="3" hai0="95,53,45,1,97,75,36,103,56,134,93,54,59" hai1="109,7,58,39,40,8,122,12,26,71,98,106,46" hai2="87,121,9,104,128,125,130,82,76,43,112,102,10" hai3="80,17,119,86,6,72,91,64,127,120,133,85,55"/><W132/><G120/><T5/><D75/><U70/><E122/><V116/><F121/><W94/><G119/><T83/><D83/><U57/><E109/><V67/><F112/><W44/><G72/><T111/><D45/><U69/><REACH who="1" step="1"/><E26/><REACH who="1" ten="407,168,262,153" step="2"/><V48/><F116/><W34/><G127/><T27/><D111/><U31/><E31/><V78/><F125/><W101/><G34/><T77/><D95/><U24/><E24/><V16/><F104/><W99/><G64/><T30/><D56/><U124/><E124/><V131/><F67/><W81/><G6/><T22/><D54/><U74/><E74/><V126/><F126/><W23/><G55/><T108/><D77/><U25/><E25/><V37/><F78/><W42/><G44/><T29/><D36/><U117/><E117/><V49/><F37/><W100/><G42/><T4/><D22/><U51/><E51/><V21/><F43/><W19/><G100/><AGARI ba="0,1" hai="7,8,12,39,40,46,57,58,69,70,71,98,100,106" machi="100" ten="40,1300,0" yaku="1,1,53,0" doraHai="123" doraHaiUra="110" who="1" fromWho="3" sc="407,0,168,23,262,0,153,-13" owari="407,50.7,191,-20.9,262,6.2,140,-36.0" /></mjloggm>