<mjloggm ver="2.3"><GO type="225" lobby="0"/><UN n0="%E3%83%89%E3%83%A9%E3%81%8F%E3%82%8C" n1="%77%72%77%72%77%72%77%72" n2="%E3%81%BF%E3%81%BF%E3%81%9A" n3="%4C%4F%4C%49%54%41" dan="16,17,17,16" rate="2179.07,2178.85,2278.86,2165.36" sx="M,M,M,F"/><TAIKYOKU oya="0"/><INIT seed="0,0,0,1,3,114" ten="250,250,250,250" oya="0" hai0="50,95,115,54,45,67,79,5,106,62,27,87,64" hai1="44,57,8,53,131,81,101,91,11,77,3,33,82" hai2="96,134,36,70,118,74,52,116,18,125,102,59,100" hai3="71,12,37,107,133,124,110,92,127,13,69,17,85"/><T126/><D115/><U103/><E131/><V35/><F70/><W16/><G107/><T49/><D126/><N who="3" m="48169" /><G37/><T30/><D106/><U104/><E33/><V4/><F125/><W123/><G110/><T117/><D5/><U90/><E44/><V26/><F134/><W98/><G85/><T39/><D39/><U42/><E42/><V1/><F36/><W128/><G128/><T22/><D117/><N who="2" m="45162" /><F74/><W113/><G133/><T135/><D135/><U46/><E46/><V97/><F4/><W89/><G123/><T23/><D50/><U9/><E3/><V2/><F18/><N who="3" m="7275" /><G113/><T24/><D62/><U28/><E28/><N who="2" m="19863" /><F97/><W119/><G119/><T32/><D32/><U0/><E0/><N who="2" m="107" /><F96/><W76/><G76/><T105/><D105/><U83/><E77/><V48/><AGARI ba="0,0" hai="48,52,59,100,102" m="107,19863,45162" machi="48" ten="30,8000,1" yaku="12,1,52,3,54,1" doraHai="114" who="2" fromWho="2" sc="250,-40,250,-20,250,80,250,-20" /><INIT seed="1,0,0,3,1,33" ten="210,230,330,230" oya="1" hai0="46,70,37,28,80,42,43,121,85,127,119,4,38" hai1="100,26,36,110,133,74,90,54,57,125,1,81,12" hai2="78,115,68,94,13,15,89,39,14,32,83,25,107" hai3="130,116,111,101,97,106,51,0,93,9,102,123,50"/><U18/><E36/><V108/><F107/><W120/><G111/><T124/><D28/><U6/><E110/><V53/><F39/><W55/><G130/><T40/><D4/><U117/><E117/><V122/><F122/><W3/><G116/><T61/><D85/><U31/><E133/><V56/><F68/><W45/><G9/><T52/><D80/><U118/><E118/><V96/><F108/><W79/><G79/><T58/><D119/><U131/><E131/><V87/><F115/><W67/><G67/><N who="0" m="41327" /><D121/><U7/><E125/><N who="0" m="48201" /><D37/><U48/><E100/><V109/><F109/><W88/><G102/><T5/><D5/><N who="1" m="1547" /><E1/><V23/><F32/><W11/><G120/><T34/><D34/><U135/><E74/><V44/><F44/><W69/><G123/><T73/><D73/><U76/><E76/><V86/><F86/><W112/><G112/><T114/><D114/><U99/><E135/><V98/><F96/><W103/><G103/><T77/><D77/><U19/><E12/><V17/><F13/><W62/><G11/><T128/><D128/><U95/><E81/><V47/><F47/><W71/><G71/><T41/><D41/><U10/><E10/><V126/><F126/><W65/><G51/><AGARI ba="0,0" hai="38,40,42,43,46,51,52,58" m="48201,41327" machi="51" ten="30,8000,1" yaku="24,1,18,1,34,2,54,1" doraHai="33" who="0" fromWho="3" sc="210,80,230,0,330,0,230,-80" /><AGARI ba="0,0" hai="14,15,17,23,25,51,53,56,78,83,87,89,94,98" machi="51" ten="30,2000,0" yaku="7,1,8,1" doraHai="33" who="2" fromWho="3" sc="290,0,230,0,330,20,150,-20" /><INIT seed="2,0,0,2,1,90" ten="290,230,350,130" oya="2" hai0="64,20,40,92,33,79,127,70,91,0,43,99,29" hai1="78,8,17,109,37,102,23,62,68,80,82,101,76" hai2="30,61,121,65,45,41,53,46,19,24,69,14,67" hai3="111,113,122,35,135,119,123,105,114,11,5,133,81"/><V98/><F121/><W125/><G105/><T27/><D127/><U48/><E37/><V132/><F132/><N who="3" m="50763" /><G81/><T26/><D0/><U2/><E109/><V21/><F67/><W25/><G119/><T60/><REACH who="0" step="1"/><D79/><REACH who="0" ten="280,230,350,130" step="2"/><U77/><E2/><V31/><F31/><AGARI ba="0,1" hai="20,26,27,29,31,33,40,43,60,64,70,91,92,99" machi="31" ten="30,7700,0" yaku="1,1,2,1,7,1,52,1,53,0" doraHai="90" doraHaiUra="10" who="0" fromWho="2" sc="280,87,230,0,350,-77,130,0" /><INIT seed="3,0,0,1,1,24" ten="367,230,273,130" oya="3" hai0="70,76,53,128,8,21,56,90,122,123,102,4,50" hai1="36,37,81,11,89,104,95,71,111,110,1,72,6" hai2="65,125,34,14,67,51,41,120,107,0,29,98,78" hai3="94,124,96,57,17,117,47,131,15,2,31,60,28"/><W82/><G117/><T26/><D70/><U30/><E71/><V59/><F0/><W129/><G2/><T99/><D90/><U105/><E81/><V88/><F78/><W42/><G124/><T83/><D128/><N who="3" m="49225" /><G82/><T127/><D127/><U33/><E72/><V68/><F125/><W91/><G17/><T54/><D54/><U101/><E101/><V74/><F74/><W80/><G15/><T45/><D45/><U100/><E100/><V114/><F68/><W115/><G80/><T130/><D130/><U66/><E66/><V10/><F107/><W119/><G115/><T63/><D63/><U25/><E105/><V12/><F114/><W116/><G119/><T58/><D58/><U20/><E104/><V3/><F3/><W9/><G9/><T134/><D8/><U109/><REACH who="1" step="1"/><E20/><REACH who="1" ten="367,220,273,130" step="2"/><V93/><F34/><W38/><G116/><T84/><D83/><U108/><N who="1" m="27648" /><DORA hai="112" /><U79/><E79/><V135/><F67/><AGARI ba="0,1" hai="28,31,38,42,47,57,60,67,91,94,96" m="49225" machi="67" ten="30,5800,0" yaku="19,1,52,2" doraHai="24,112" who="3" fromWho="2" sc="367,0,220,0,273,-58,130,68" /><INIT seed="3,1,0,1,0,65" ten="367,220,215,198" oya="3" hai0="126,117,73,39,19,32,105,3,53,96,87,120,24" hai1="43,30,50,7,47,17,45,48,112,82,41,46,62" hai2="88,64,37,60,92,86,110,101,85,22,33,55,97" hai3="131,58,93,6,40,20,63,4,72,79,11,78,83"/><W91/><G131/><T90/><D53/><U119/><E112/><V52/><F33/><W16/><G40/><T51/><D51/><U113/><E113/><V98/><F110/><W34/><G34/><T122/><D19/><U5/><E30/><V132/><F37/><W1/><G79/><T127/><D3/><U23/><E119/><V81/><F132/><W108/><G108/><T129/><D73/><U13/><E46/><V25/><F97/><W94/><G91/><T84/><D39/><U68/><E82/><V28/><REACH who="2" step="1"/><F86/><REACH who="2" ten="367,220,205,198" step="2"/><W44/><G6/><T0/><D87/><U99/><E99/><V18/><F18/><W2/><G1/><T59/><D84/><U124/><E124/><V106/><F106/><W12/><REACH who="3" step="1"/><G44/><REACH who="3" ten="367,220,205,188" step="2"/><T15/><D127/><U14/><E5/><V103/><F103/><W135/><G135/><T134/><D134/><U80/><E7/><V38/><F38/><W10/><G10/><T31/><D126/><U102/><E102/><V57/><AGARI ba="1,2" hai="22,25,28,52,55,57,60,64,81,85,88,92,98,101" machi="57" ten="20,16000,3" yaku="1,1,0,1,7,1,25,2,8,1,54,2,53,1" doraHai="65" doraHaiUra="89" who="2" fromWho="2" sc="367,-41,220,-41,205,183,188,-81" owari="326,12.6,179,-22.1,388,48.8,107,-39.3" /></mjloggm>