<mjloggm ver="2.3"><GO type="225" lobby="0"/><UN n0="%72%69%6F%75%63%68%61%6E" n1="%E7%B4%94%E6%BD%94%E3%83%94%E3%83%A9%E3%83%8B%E3%82%A2" n2="%E6%98%93%E5%88%A9%E8%96%A9%E4%BC%AF" n3="%E3%82%8C%E3%81%99%E3%81%93" dan="16,17,16,17" rate="2204.67,2226.85,2150.47,2244.90" sx="M,M,F,F"/><TAIKYOKU oya="0"/><INIT seed="0,0,0,5,1,25" ten="250,250,250,250" oya="0" hai0="29,108,31,58,38,51,70,34,120,92,21,22,18" hai1="60,5,132,79,7,10,16,35,131,65,94,87,114" hai2="68,77,75,89,24,96,17,101,67,61,135,57,44" hai3="81,42,80,13,97,14,124,106,9,117,123,28,78"/><T113/><D113/><U122/><E122/><V4/><F135/><W133/><G117/><T110/><D120/><U130/><E132/><V119/><F4/><W71/><G133/><T115/><D115/><U128/><E35/><V50/><F119/><W49/><G123/><T83/><D70/><U98/><E114/><V15/><F24/><W53/><G71/><T40/><D38/><U27/><E79/><V129/><F129/><W118/><G118/><T45/><D58/><N who="1" m="37015" /><E87/><V55/><F75/><W46/><G124/><T41/><D34/><U93/><E93/><V54/><F77/><W103/><G28/><N who="0" m="10827" /><D83/><U85/><E85/><V36/><F89/><W48/><G78/><T86/><D40/><U99/><E98/><V100/><F96/><W20/><G20/><T26/><D22/><N who="1" m="13767" /><E10/><V69/><F69/><W30/><G30/><T23/><D23/><U109/><E109/><N who="0" m="42089" /><D86/><U66/><E66/><V116/><F116/><W76/><G76/><T63/><D92/><U82/><E82/><V111/><F111/><W33/><G33/><T37/><D37/><U19/><E131/><V134/><F134/><W12/><REACH who="3" step="1"/><G9/><REACH who="3" ten="250,250,250,240" step="2"/><T121/><D121/><U32/><E32/><V107/><F68/><W102/><G102/><T84/><D84/><U8/><E130/><V52/><F101/><W72/><G72/><T125/><D125/><U47/><E128/><V90/><F100/><W59/><AGARI ba="0,1" hai="12,13,14,42,46,48,49,53,59,80,81,97,103,106" machi="59" ten="30,2000,0" yaku="1,1,0,1,53,0" doraHai="25" doraHaiUra="3" who="3" fromWho="3" sc="250,-10,250,-5,250,-5,240,30" /><INIT seed="1,0,0,3,5,46" ten="240,245,245,270" oya="1" hai0="121,39,124,131,132,65,54,57,79,30,128,47,73" hai1="5,102,0,32,116,34,56,37,92,9,103,87,1" hai2="52,16,70,13,31,83,101,97,8,130,71,55,59" hai3="49,93,60,115,110,106,2,15,113,25,61,112,104"/><U12/><E37/><V98/><F130/><N who="0" m="49706" /><D30/><U50/><E116/><V45/><F31/><W6/><G2/><T19/><D19/><U42/><E0/><V67/><F67/><W26/><G110/><T78/><D73/><U108/><E1/><V127/><F127/><W114/><G114/><T77/><D124/><U63/><E108/><V72/><F98/><W107/><G93/><T44/><D132/><U24/><E32/><V4/><F45/><N who="0" m="17482" /><D39/><U95/><E34/><V118/><F118/><W35/><G35/><T17/><D17/><U89/><E24/><V53/><F59/><W51/><G6/><T29/><D29/><U99/><E42/><V133/><F133/><W125/><G15/><T85/><D65/><U123/><E123/><V36/><F36/><W109/><G109/><T58/><D121/><U134/><E134/><V129/><F4/><W135/><G135/><T28/><D28/><U20/><E20/><V119/><F119/><W69/><G125/><T27/><D27/><N who="3" m="10249" /><G69/><T41/><D41/><U23/><E23/><V76/><REACH who="2" step="1"/><F129/><REACH who="2" ten="240,245,235,270" step="2"/><W64/><G64/><T3/><D3/><U74/><E5/><V66/><F66/><W91/><G91/><T18/><D18/><N who="1" m="8463" /><E103/><V11/><F11/><W7/><G7/><T96/><D96/><U94/><E99/><V75/><F75/><W126/><G126/><T88/><D54/><N who="1" m="34199" /><E102/><V82/><F82/><AGARI ba="0,1" hai="57,58,77,78,79,82,85,88" m="17482,49706" machi="82" ten="30,2000,0" yaku="19,1,54,1" doraHai="46" who="0" fromWho="2" sc="240,30,245,0,235,-20,270,0" /><INIT seed="2,0,0,4,5,46" ten="270,245,215,270" oya="2" hai0="114,104,132,19,13,101,30,119,54,63,75,105,79" hai1="43,120,51,41,112,124,123,7,131,42,47,32,66" hai2="4,111,89,35,33,76,50,81,11,39,38,90,22" hai3="116,107,87,113,40,118,83,34,25,110,97,27,92"/><V85/><F111/><W14/><G107/><T28/><D114/><U9/><E112/><V77/><F22/><W44/><G113/><T12/><D132/><U36/><E32/><V125/><F125/><W133/><G133/><T122/><D122/><N who="1" m="46635" /><E124/><V2/><F35/><W74/><G74/><T100/><D119/><U91/><E131/><V86/><F33/><W64/><G110/><T134/><D134/><U56/><E91/><V62/><F62/><W102/><G64/><T24/><D75/><U3/><E66/><V117/><F117/><W115/><G115/><T8/><D79/><U45/><E56/><V129/><F129/><W60/><G60/><T82/><D82/><U106/><E106/><V127/><F127/><W10/><G34/><T135/><D135/><U53/><AGARI ba="0,0" hai="3,7,9,36,41,42,43,45,47,51,53" m="46635" machi="53" ten="30,2000,0" yaku="13,1,52,1" doraHai="46" who="1" fromWho="1" sc="270,-5,245,20,215,-10,270,-5" /><INIT seed="3,0,0,4,2,119" ten="265,265,205,265" oya="3" hai0="43,0,69,64,2,55,52,28,99,36,127,107,5" hai1="103,18,39,128,31,57,113,94,19,26,21,60,101" hai2="86,84,23,87,8,90,56,98,79,4,63,30,108" hai3="105,124,46,93,111,48,33,9,12,112,47,106,67"/><W88/><G112/><T96/><D127/><U25/><E39/><V50/><F108/><W34/><G124/><T44/><D28/><U49/><E113/><V104/><F50/><W71/><G111/><T68/><D99/><U121/><E121/><V118/><F118/><W123/><G123/><T117/><D117/><U35/><E128/><V72/><F72/><W78/><G78/><T92/><D107/><U7/><E7/><V116/><F116/><W14/><G67/><T45/><D45/><U32/><E49/><V80/><F104/><W122/><G122/><T91/><D69/><U109/><E109/><V129/><F129/><W6/><G71/><T110/><D110/><U16/><E94/><V59/><F98/><W73/><G73/><T24/><D24/><U3/><E3/><V76/><F87/><W10/><G48/><T1/><REACH who="0" step="1"/><D5/><REACH who="0" ten="255,265,205,265" step="2"/><U54/><REACH who="1" step="1"/><E26/><REACH who="1" ten="255,255,205,265" step="2"/><N who="2" m="16735" /><F4/><W74/><G6/><T77/><D77/><U61/><E61/><AGARI ba="0,2" hai="0,1,2,36,43,44,52,55,61,64,68,91,92,96" machi="61" ten="40,5200,0" yaku="1,1,54,1,53,1" doraHai="119" doraHaiUra="38" who="0" fromWho="1" sc="255,72,255,-52,205,0,265,0" owari="327,42.7,203,-29.7,205,-19.5,265,6.5" /></mjloggm>