<mjloggm ver="2.3"><GO type="225" lobby="0"/><UN n0="%E3%81%A1%E3%82%85%E3%81%86%E3%81%A9%E3%81%8F%E8%B1%A1%E3%81%95%E3%82%93" n1="%E3%81%9F%E3%81%A3%E3%81%A1%E3%82%87" n2="%43%68%65" n3="%73%6C%69%63%6B%33%31%39" dan="17,16,16,17" rate="2186.36,2064.86,2143.35,2186.94" sx="M,M,M,M"/><TAIKYOKU oya="0"/><INIT seed="0,0,0,3,4,95" ten="250,250,250,250" oya="0" hai0="59,26,89,85,62,24,55,92,115,28,57,56,80" hai1="113,124,23,39,19,83,49,88,76,128,51,31,101" hai2="42,69,117,93,47,79,81,10,45,43,75,122,2" hai3="68,107,3,60,34,46,29,18,30,36,40,53,77"/><T7/><D115/><U64/><E39/><N who="2" m="21727" /><F93/><W4/><G18/><T105/><D105/><U126/><E128/><V11/><F11/><N who="3" m="2463" /><G107/><T32/><D7/><U67/><E101/><V8/><F8/><W129/><G34/><T61/><D24/><N who="1" m="16799" /><E113/><V13/><F13/><W74/><G129/><T100/><REACH who="0" step="1"/><D55/><REACH who="0" ten="240,250,250,250" step="2"/><U108/><E108/><V127/><F122/><W73/><G53/><T35/><D35/><U84/><E124/><V82/><F127/><W86/><G86/><T106/><D106/><U121/><E126/><V90/><F2/><W91/><G73/><T78/><D78/><U125/><E121/><V112/><F79/><W41/><G77/><T33/><D33/><U14/><E76/><V134/><F75/><W1/><G74/><T9/><D9/><N who="1" m="6607" /><E125/><V15/><F10/><W52/><G52/><T12/><D12/><U94/><E64/><V17/><F15/><W38/><G1/><T131/><D131/><U98/><E67/><V104/><F104/><W63/><G40/><T21/><D21/><U50/><E83/><V20/><F82/><W54/><G54/><T6/><D6/><U70/><E70/><V99/><F81/><W5/><G68/><T118/><D118/><U72/><E72/><V44/><F117/><W130/><G5/><T114/><D114/><U111/><E111/><V116/><F116/><W132/><G130/><T71/><D71/><U27/><E27/><V58/><F69/><W110/><G110/><T16/><D16/><U119/><E119/><V22/><F112/><W120/><G120/><T133/><D133/><U0/><E0/><RYUUKYOKU ba="0,1" sc="240,15,250,15,250,-15,250,-15" hai0="26,28,32,56,57,59,61,62,80,85,89,92,100" hai1="49,50,51,84,88,94,98" /><INIT seed="0,1,1,4,5,66" ten="255,265,235,235" oya="0" hai0="105,112,94,129,106,40,131,132,45,26,18,15,3" hai1="8,78,12,109,50,47,44,123,127,119,93,114,126" hai2="73,111,69,68,134,72,42,20,117,97,59,10,107" hai3="1,96,75,128,23,39,0,32,85,13,51,115,49"/><T31/><D112/><U5/><E114/><V133/><F111/><W101/><G75/><N who="2" m="28745" /><F42/><W4/><G39/><N who="0" m="21663" /><D94/><U103/><E109/><V79/><F79/><W17/><G32/><N who="0" m="20599" /><D3/><U37/><E119/><V77/><F77/><W60/><G115/><T67/><D132/><N who="2" m="50794" /><F117/><W70/><G128/><N who="0" m="49227" /><D67/><U124/><E126/><V71/><F20/><AGARI ba="1,1" hai="15,18,20,105,106" m="49227,20599,21663" machi="20" ten="30,1500,0" yaku="19,1" doraHai="66" who="0" fromWho="2" sc="255,28,265,0,235,-18,235,0" /><INIT seed="0,2,0,2,4,62" ten="283,265,217,235" oya="0" hai0="101,107,128,46,120,113,76,132,49,74,116,24,131" hai1="40,1,16,103,53,70,8,88,99,34,85,65,100" hai2="61,97,15,83,81,44,106,69,64,55,9,21,32" hai3="135,68,124,30,80,110,82,93,3,56,78,127,45"/><T123/><D113/><U130/><E34/><V108/><F32/><W96/><G68/><T86/><D116/><U63/><E130/><N who="0" m="49705" /><D132/><U11/><E40/><V6/><F108/><W84/><G3/><T104/><D74/><U18/><E53/><V105/><F21/><W121/><G30/><T133/><D133/><U59/><E70/><V66/><F66/><W77/><G45/><T29/><D86/><U26/><E1/><V4/><F4/><W33/><G33/><N who="0" m="20647" /><D76/><U115/><E115/><V134/><F134/><W38/><G135/><T0/><D0/><U25/><E18/><V90/><F97/><W13/><G110/><T57/><D57/><U102/><E99/><V5/><F5/><W91/><G56/><T12/><D12/><N who="1" m="7175" /><E11/><V47/><F47/><W75/><G38/><T27/><D27/><U60/><E60/><V39/><F39/><W36/><G36/><T126/><D126/><N who="3" m="48169" /><G13/><T42/><D101/><U58/><E59/><V79/><F44/><W67/><G67/><T111/><D111/><U41/><E41/><V94/><F55/><W14/><G14/><T71/><D71/><U31/><E31/><V2/><F15/><W10/><G10/><T73/><D73/><U22/><E22/><V89/><F9/><W109/><G109/><T7/><D7/><U112/><E112/><V117/><F6/><W51/><G51/><T72/><D72/><U118/><E118/><V43/><F43/><W92/><G121/><AGARI ba="2,0" hai="42,46,49,104,107,120,121,123" m="20647,49705" machi="121" ten="30,1500,0" yaku="19,1" doraHai="62" who="0" fromWho="3" sc="283,21,265,0,217,0,235,-21" /><INIT seed="0,3,0,0,2,77" ten="304,265,217,214" oya="0" hai0="62,83,14,69,43,82,121,30,97,72,135,100,96" hai1="133,90,66,39,50,106,20,67,85,53,28,26,131" hai2="10,132,40,126,84,21,88,124,104,42,80,48,93" hai3="12,125,9,57,95,6,61,68,113,29,46,75,17"/><T73/><D121/><U41/><E131/><V0/><F104/><W134/><G113/><T112/><D112/><U31/><E133/><V33/><F33/><W81/><G134/><T45/><D135/><U25/><E106/><V101/><F132/><W105/><G105/><T65/><D30/><U109/><E41/><V27/><F0/><W56/><G125/><N who="2" m="48233" /><F48/><W119/><G119/><T92/><D14/><U129/><E109/><V23/><F10/><W52/><G68/><T36/><REACH who="0" step="1"/><D96/><REACH who="0" ten="294,265,217,214" step="2"/><U59/><E129/><V94/><F23/><W76/><G29/><T107/><D107/><U1/><E1/><V16/><F94/><W8/><G95/><T58/><D58/><U15/><E15/><V70/><F70/><W38/><G57/><T44/><D44/><U79/><E20/><V11/><F11/><W98/><G98/><AGARI ba="3,1" hai="16,21,27,40,42,80,84,88,93,98,101" m="48233" machi="98" ten="30,7700,0" yaku="18,1,52,1,54,2" doraHai="77" who="2" fromWho="3" sc="294,0,265,0,217,96,214,-86" /><INIT seed="1,0,0,0,0,59" ten="294,265,313,128" oya="1" hai0="37,34,51,90,70,96,86,56,93,14,123,83,61" hai1="99,5,21,122,3,66,53,110,75,68,17,55,104" hai2="0,29,33,105,11,124,47,57,26,72,41,25,58" hai3="60,79,10,129,18,13,38,65,40,111,130,20,23"/><U46/><E122/><V135/><F105/><W49/><G38/><T64/><D37/><U87/><E75/><V69/><F69/><W44/><G111/><T22/><D34/><U116/><E116/><V109/><F109/><W15/><G79/><T30/><D123/><U27/><E110/><V88/><F26/><W48/><G48/><T131/><D131/><U71/><E87/><V35/><F35/><W102/><G102/><T6/><D30/><U50/><E66/><V84/><F72/><W89/><G89/><T114/><D114/><U121/><E121/><V112/><F124/><W7/><REACH who="3" step="1"/><G23/><REACH who="3" ten="294,265,313,118" step="2"/><T91/><D22/><U128/><E128/><V31/><F33/><W133/><G133/><T74/><D51/><U101/><REACH who="1" step="1"/><E55/><REACH who="1" ten="294,255,313,118" step="2"/><V39/><F135/><W9/><G9/><AGARI ba="0,2" hai="3,5,9,17,21,27,46,50,53,68,71,99,101,104" machi="9" ten="40,7700,0" yaku="1,1,2,1,53,1" doraHai="59" doraHaiUra="2" who="1" fromWho="3" sc="294,0,255,97,313,0,118,-77" /><INIT seed="1,1,0,3,5,6" ten="294,352,313,41" oya="1" hai0="13,90,121,52,16,42,55,78,82,3,48,30,109" hai1="100,4,53,24,124,105,81,77,67,41,75,86,44" hai2="22,132,5,17,34,119,32,58,93,63,97,73,126" hai3="110,14,129,7,117,60,8,133,54,51,25,47,83"/><U35/><E124/><V15/><F126/><W10/><G129/><T28/><D3/><U122/><E53/><V26/><F73/><W72/><G133/><T62/><D109/><U33/><E67/><V104/><F104/><W76/><G110/><T27/><D121/><U85/><E122/><V50/><F50/><W84/><G117/><T130/><D130/><U134/><E134/><V128/><F119/><W18/><G25/><T71/><D90/><U36/><E33/><V87/><F87/><W95/><G60/><T43/><D71/><U106/><E100/><V31/><F5/><W39/><G39/><T49/><D62/><U108/><E108/><V61/><F61/><W59/><G95/><T12/><D27/><U112/><E112/><V20/><F128/><W11/><G72/><T79/><D82/><U102/><E102/><N who="2" m="60719" /><F132/><W118/><G118/><T65/><D65/><AGARI ba="1,0" hai="15,17,20,22,26,31,32,34,58,63,65" m="60719" machi="65" ten="30,1000,0" yaku="25,1" doraHai="6" who="2" fromWho="0" sc="294,-13,352,0,313,13,41,0" /><INIT seed="2,0,0,0,1,87" ten="281,352,326,41" oya="2" hai0="133,68,53,101,121,50,113,91,134,86,126,59,54" hai1="41,107,36,108,125,106,69,67,3,48,71,62,117" hai2="2,75,64,84,17,56,98,76,111,81,85,44,116" hai3="95,0,9,29,94,45,61,135,57,40,21,118,73"/><V132/><F116/><W65/><G135/><N who="0" m="51723" /><D121/><U119/><E3/><V43/><F132/><W1/><G118/><T15/><D113/><U5/><E5/><V130/><F130/><W97/><G73/><T14/><D68/><N who="1" m="42103" /><E106/><V89/><F2/><W4/><G95/><N who="0" m="54775" /><D126/><U55/><E107/><V131/><F131/><W105/><G105/><T39/><D39/><U78/><E78/><V74/><F98/><W96/><G97/><T25/><D101/><U60/><E125/><V19/><F111/><W13/><G29/><T103/><D103/><U110/><E36/><V115/><F115/><W8/><G21/><T122/><D122/><U20/><E20/><V10/><F10/><W22/><G22/><T82/><D82/><U104/><E104/><V42/><F75/><W6/><G13/><T93/><D25/><U92/><E92/><N who="2" m="54311" /><F74/><W80/><G80/><T32/><D32/><U37/><E37/><V33/><F33/><W26/><G26/><T30/><D30/><U38/><E38/><V114/><F114/><W100/><REACH who="3" step="1"/><G45/><REACH who="3" ten="281,352,326,31" step="2"/><N who="0" m="27855" /><D93/><U23/><E117/><V112/><F112/><W90/><G90/><T79/><D79/><U58/><E119/><V124/><F124/><W109/><G109/><T77/><D77/><U63/><E108/><V88/><F76/><W31/><G31/><T46/><D46/><U35/><E110/><V128/><F128/><W129/><G129/><T83/><D83/><U72/><E35/><V27/><F27/><W18/><G18/><N who="2" m="6665" /><F44/><W51/><G51/><AGARI ba="0,1" hai="14,15,51,54,59" m="27855,54775,51723" machi="51" ten="30,2000,0" yaku="20,1,52,1" doraHai="87" who="0" fromWho="3" sc="281,30,352,0,326,0,31,-20" /><INIT seed="3,0,0,2,5,111" ten="311,352,326,11" oya="3" hai0="133,91,52,96,18,123,17,22,118,90,63,41,130" hai1="106,50,109,53,48,68,82,74,12,30,78,87,102" hai2="10,21,5,33,97,26,122,19,15,56,99,92,103" hai3="104,27,55,127,129,16,51,73,101,11,4,57,135"/><W23/><G73/><T8/><D123/><U108/><E68/><V70/><F122/><W83/><G129/><T94/><D118/><U38/><E38/><V0/><F70/><W117/><G117/><T20/><D130/><U6/><E30/><N who="2" m="19671" /><F99/><W105/><G135/><T119/><D119/><U72/><E48/><V88/><F56/><W76/><G127/><T62/><D133/><U120/><E120/><V2/><F2/><W36/><G36/><T28/><D41/><U128/><E128/><V44/><F44/><W67/><G67/><T65/><D28/><U80/><E102/><AGARI ba="0,0" hai="0,5,10,15,19,21,88,92,97,102,103" m="19671" machi="102" ten="30,2000,0" yaku="24,1,54,1" doraHai="111" who="2" fromWho="1" sc="311,0,352,-20,326,20,11,0" owari="311,-8.9,332,13.2,346,44.6,11,-48.9" /></mjloggm>