<mjloggm ver="2.3"><GO type="225" lobby="0"/><UN n0="%E8%81%B7%E6%A5%AD%E3%80%81%E9%A2%A8%32" n1="%E5%84%AA%40%41%42%43" n2="%E3%81%8F%E3%82%8A%E3%83%94%E3%83%BC" n3="%E8%BE%9B%E5%8F%A3%E3%82%AB%E3%83%AC%E3%83%BC%E3%83%A9%E3%82%A4%E3%82%B9" dan="16,17,16,16" rate="2079.65,2237.53,2099.29,2168.06" sx="M,M,M,M"/><TAIKYOKU oya="0"/><INIT seed="0,0,0,4,4,55" ten="250,250,250,250" oya="0" hai0="53,67,10,99,50,61,66,34,90,129,13,14,114" hai1="23,37,119,45,102,46,57,88,54,43,73,2,47" hai2="19,101,69,16,15,35,106,82,83,42,86,0,104" hai3="9,112,108,17,62,97,41,126,12,18,39,77,52"/><T6/><D129/><U118/><E73/><V110/><F0/><W5/><G112/><T64/><D114/><U107/><E2/><V32/><F110/><W130/><G108/><T20/><D34/><U116/><E102/><V30/><F69/><W75/><G130/><T98/><D61/><U7/><E107/><V58/><F42/><W60/><G126/><T21/><D90/><U95/><E7/><V80/><F86/><W33/><G33/><T113/><D113/><U68/><E23/><N who="0" m="8777" /><D14/><U51/><REACH who="1" step="1"/><E68/><REACH who="1" ten="250,240,250,250" step="2"/><V65/><F104/><W40/><G75/><T85/><D85/><AGARI ba="0,1" hai="37,43,45,46,47,51,54,57,85,88,95,116,118,119" machi="85" ten="40,8000,1" yaku="1,1,2,1,52,1,54,1,53,1" doraHai="55" doraHaiUra="71" who="1" fromWho="0" sc="250,-80,240,90,250,0,250,0" /><INIT seed="1,0,0,4,5,53" ten="170,330,250,250" oya="1" hai0="39,47,4,20,108,27,44,126,50,81,8,34,19" hai1="29,68,120,41,128,69,59,60,122,11,13,72,105" hai2="54,70,88,30,26,21,65,80,96,52,0,77,64" hai3="131,89,113,103,110,84,112,56,38,92,86,118,62"/><U111/><E72/><V102/><F0/><W67/><G110/><T73/><D108/><U85/><E111/><V116/><F116/><W28/><G131/><T106/><D106/><U100/><E128/><V23/><F23/><W66/><G118/><T107/><D107/><U133/><E133/><V33/><F33/><W18/><G38/><T48/><D126/><U40/><E29/><V6/><F6/><W57/><G103/><T78/><D34/><U125/><E100/><V42/><F42/><N who="1" m="16489" /><E85/><N who="2" m="50215" /><F77/><W90/><G28/><T17/><D17/><U95/><E13/><V121/><F70/><N who="1" m="27241" /><E11/><V76/><F76/><W9/><G9/><T101/><D101/><U32/><E95/><N who="2" m="58655" /><F121/><N who="1" m="46697" /><E105/><V5/><F5/><W49/><G18/><T58/><D4/><U12/><E12/><V119/><F119/><W36/><G36/><T94/><D39/><U135/><E32/><V46/><F46/><W93/><G49/><T22/><D8/><U104/><E104/><V31/><F30/><W130/><G130/><T15/><D94/><U114/><E135/><V127/><F127/><W74/><G74/><T82/><D73/><U14/><E14/><V117/><F117/><W123/><G123/><T97/><D15/><U10/><E10/><V16/><F31/><W99/><G99/><T91/><D97/><U55/><E125/><V98/><F98/><W51/><G51/><T79/><D50/><U1/><E1/><V35/><F35/><W75/><G75/><T132/><D48/><U109/><E109/><V124/><F124/><W24/><G24/><T115/><D27/><U87/><E87/><RYUUKYOKU ba="0,0" sc="170,-30,330,10,250,10,250,10" hai1="55,59,60,114" hai2="16,21,26,52,54,64,65" hai3="56,57,62,66,67,84,86,89,90,92,93,112,113" /><INIT seed="1,1,0,4,3,80" ten="140,340,260,260" oya="1" hai0="39,52,97,60,20,3,119,132,32,49,16,47,101" hai1="31,18,22,90,79,26,112,71,82,96,55,113,44" hai2="108,54,10,15,33,106,38,65,103,24,126,87,59" hai3="84,46,51,83,35,120,118,102,13,42,130,43,61"/><U64/><E71/><V21/><F108/><W109/><G120/><T121/><D121/><U134/><E64/><V135/><F126/><W50/><G35/><T41/><D32/><U91/><E134/><V85/><F135/><W1/><G1/><T9/><D132/><U62/><E112/><V70/><F38/><W124/><G109/><T4/><D60/><U67/><E113/><V5/><F33/><W123/><G123/><T29/><D29/><U0/><E0/><V92/><F106/><W95/><G124/><T14/><D119/><U66/><E31/><N who="2" m="17807" /><F70/><W17/><G130/><T53/><REACH who="0" step="1"/><D39/><REACH who="0" ten="130,340,260,260" step="2"/><U122/><E62/><N who="2" m="38111" /><F54/><N who="3" m="30039" /><G61/><T129/><D129/><U128/><E55/><V30/><F30/><W81/><G118/><T57/><D57/><U27/><E66/><V75/><F75/><W28/><G28/><T34/><D34/><U99/><E67/><V117/><F117/><W88/><G51/><T11/><D11/><U78/><E128/><V114/><F114/><W68/><G68/><T8/><D8/><U56/><E122/><V25/><F25/><W93/><G42/><T127/><D127/><U58/><E27/><V76/><F76/><W69/><G43/><T48/><D48/><U89/><E78/><V23/><F23/><N who="3" m="11695" /><G69/><T104/><AGARI ba="1,1" hai="3,4,9,14,16,20,41,47,49,52,53,97,101,104" machi="104" ten="20,8000,1" yaku="1,1,0,1,7,1,54,2,53,0" doraHai="80" doraHaiUra="63" who="0" fromWho="0" sc="130,93,340,-41,260,-21,260,-21" /><INIT seed="2,0,0,5,5,43" ten="223,299,239,239" oya="2" hai0="89,9,129,88,7,67,22,98,58,42,82,64,26" hai1="111,131,38,65,116,48,99,37,17,3,106,95,70" hai2="130,25,75,21,15,81,18,29,41,71,127,100,50" hai3="124,31,104,134,80,46,45,118,94,6,114,117,125"/><V92/><F71/><W74/><G104/><T53/><D129/><U60/><E116/><N who="3" m="44650" /><G31/><T55/><D42/><U1/><E131/><V59/><F130/><W51/><G6/><T20/><D22/><U79/><E111/><V10/><F127/><N who="3" m="48715" /><G134/><T108/><D108/><U35/><E48/><V12/><F75/><W123/><G123/><T102/><D64/><U40/><E17/><V84/><F15/><W57/><G114/><T39/><D39/><N who="1" m="14859" /><E40/><V126/><F126/><W56/><G94/><N who="0" m="58711" /><D7/><U19/><E19/><V135/><F135/><W63/><G51/><N who="0" m="31039" /><D9/><U54/><E95/><V5/><F5/><W27/><G27/><T97/><D67/><U132/><E54/><N who="2" m="32215" /><F41/><W72/><G57/><T61/><D97/><U0/><E132/><V110/><F110/><W115/><G115/><T44/><D61/><U112/><E112/><V36/><F36/><W66/><G80/><T120/><D120/><U103/><E35/><V133/><F133/><W69/><G69/><T122/><D82/><U34/><E34/><V87/><F81/><W8/><G8/><T76/><D122/><U28/><E0/><V121/><F121/><W96/><G96/><AGARI ba="0,0" hai="10,12,18,21,25,29,84,87,92,96,100" m="32215" machi="96" ten="30,1500,0" yaku="8,1" doraHai="43" who="2" fromWho="3" sc="223,0,299,0,239,15,239,-15" /><INIT seed="2,1,0,0,1,38" ten="223,299,254,224" oya="2" hai0="1,22,65,79,77,43,95,131,70,63,23,116,99" hai1="42,132,118,18,19,47,3,15,101,14,10,27,53" hai2="82,35,2,61,25,110,54,5,105,29,111,30,91" hai3="0,26,75,62,92,87,76,93,130,55,119,129,6"/><V86/><F105/><W115/><G119/><T114/><D1/><U107/><E118/><V58/><F29/><W102/><G0/><T124/><D116/><U133/><E3/><V7/><REACH who="2" step="1"/><F2/><REACH who="2" ten="223,299,244,224" step="2"/><W89/><G129/><T120/><D131/><U126/><E107/><V66/><F66/><W32/><G130/><T48/><D65/><U16/><E133/><V125/><F125/><W56/><G115/><T8/><D124/><U122/><E132/><V90/><F90/><W37/><G89/><T33/><D114/><U50/><E126/><V59/><F59/><W74/><G56/><T21/><D70/><U96/><E122/><V109/><AGARI ba="1,1" hai="5,7,25,30,35,54,58,61,82,86,91,109,110,111" machi="109" ten="30,12000,1" yaku="1,1,0,1,14,1,10,1,53,1" doraHai="38" doraHaiUra="81" who="2" fromWho="2" sc="223,-41,299,-41,244,133,224,-41" /><INIT seed="2,2,0,0,5,56" ten="182,258,377,183" oya="2" hai0="44,135,112,22,86,119,74,76,83,105,72,134,17" hai1="100,95,94,123,16,107,62,37,66,129,15,93,9" hai2="59,101,81,73,20,79,1,88,115,63,41,14,31" hai3="87,68,89,3,122,18,69,55,128,133,99,114,117"/><V67/><F115/><W111/><G117/><T70/><D112/><U103/><E37/><V97/><F1/><W24/><G114/><T50/><D105/><U27/><E129/><V64/><F41/><W116/><G116/><T77/><D70/><U26/><E123/><V60/><F88/><W38/><G122/><T65/><D65/><U30/><E107/><V90/><F90/><W52/><G38/><T91/><D77/><U51/><E51/><V23/><F14/><W4/><G128/><T108/><D108/><U28/><E28/><V54/><F31/><W104/><G3/><T40/><D119/><U75/><E75/><V21/><REACH who="2" step="1"/><F63/><REACH who="2" ten="182,258,367,183" step="2"/><W121/><G89/><T5/><D5/><U6/><E6/><V0/><F0/><W7/><G4/><T85/><D74/><U36/><E36/><V13/><F13/><W2/><G7/><T132/><D91/><U45/><E27/><AGARI ba="2,1" hai="17,22,27,40,44,50,72,76,83,85,86,132,134,135" machi="27" ten="40,1300,0" yaku="20,1" doraHai="56" who="0" fromWho="1" sc="182,29,258,-19,367,0,183,0" /><INIT seed="3,0,0,1,5,102" ten="211,239,367,183" oya="3" hai0="100,132,125,53,25,9,58,29,88,55,121,119,104" hai1="56,117,91,92,54,118,64,27,71,68,44,114,112" hai2="85,5,65,108,70,8,22,113,41,2,133,131,93" hai3="30,42,116,79,128,107,3,34,59,23,36,28,66"/><W122/><G116/><N who="1" m="44650" /><E27/><V101/><F85/><W38/><G122/><T45/><D121/><U63/><E44/><V72/><F22/><W95/><G34/><T111/><D119/><U73/><E73/><V57/><F93/><W67/><G3/><T61/><D111/><U99/><E68/><V75/><F57/><W76/><G95/><T87/><D125/><U18/><E18/><V86/><F131/><W94/><G94/><T43/><D132/><U74/><E74/><V24/><F133/><W82/><G59/><T81/><D9/><U123/><E123/><V37/><F113/><W69/><G69/><T84/><D84/><U15/><E15/><V83/><F24/><W6/><G6/><T20/><D100/><U135/><E135/><V47/><F101/><W127/><G127/><T124/><D124/><U10/><E10/><V31/><F31/><W129/><G23/><T120/><D120/><U40/><E40/><V77/><F108/><W52/><G42/><T50/><D104/><U11/><E11/><V49/><F37/><W105/><G52/><AGARI ba="0,0" hai="20,25,29,43,45,50,52,53,55,58,61,81,87,88" machi="52" ten="30,7700,0" yaku="7,1,8,1,54,2" doraHai="102" who="0" fromWho="3" sc="211,77,239,0,367,0,183,-77" owari="288,8.8,239,-16.1,367,46.7,106,-39.4" /></mjloggm>