<mjloggm ver="2.3"><GO type="225" lobby="0"/><UN n0="%E3%81%AF%E3%81%84%E3%81%A6%E3%82%93%E3%81%BC%E3%83%BC" n1="%E3%83%A1%E3%82%AC%E3%83%87%E3%82%B8" n2="%E9%80%86%E9%80%A3%E5%B8%AF%E3%81%AE%E9%AC%BC" n3="%E3%81%AF%E3%82%88%E3%81%8A%E3%81%98%E3%81%95%E3%82%93" dan="16,16,16,16" rate="2145.21,2129.19,2142.95,2131.78" sx="M,F,M,M"/><TAIKYOKU oya="0"/><INIT seed="0,0,0,5,4,105" ten="250,250,250,250" oya="0" hai0="114,101,78,130,15,89,58,44,109,30,41,49,81" hai1="131,77,67,18,100,37,59,9,1,62,35,34,70" hai2="2,119,31,51,14,83,102,52,127,87,57,125,39" hai3="6,113,104,129,97,120,40,24,133,132,86,75,128"/><T36/><D114/><U123/><E123/><V0/><F119/><W98/><G40/><T53/><D130/><N who="3" m="50281" /><G24/><T17/><D101/><U82/><E131/><V3/><F39/><W7/><G7/><T25/><D109/><U4/><E100/><V61/><F31/><W90/><G6/><T63/><D89/><U42/><E59/><V29/><F29/><W11/><G11/><T93/><D93/><U107/><E18/><V13/><F102/><N who="3" m="62543" /><G113/><T46/><D30/><U16/><E16/><V103/><F103/><W92/><G120/><T71/><D25/><U76/><E76/><V124/><REACH who="2" step="1"/><F61/><REACH who="2" ten="250,250,240,250" step="2"/><W111/><G111/><T73/><D71/><U5/><E107/><V106/><F106/><W110/><G110/><T33/><D33/><U60/><E60/><V21/><F21/><W115/><G115/><T72/><D72/><N who="1" m="43303" /><E5/><V55/><F55/><W117/><G117/><T99/><D99/><U56/><E56/><V95/><F95/><N who="3" m="54743" /><G75/><T135/><D46/><AGARI ba="0,1" hai="1,4,9,34,35,37,42,46,62,67,70" m="43303" machi="46" ten="30,7700,0" yaku="25,1,33,2,52,1" doraHai="105" who="1" fromWho="0" sc="250,-77,250,87,240,0,250,0" /><INIT seed="1,0,0,3,1,70" ten="173,337,240,250" oya="1" hai0="99,0,108,2,17,42,60,39,112,36,16,47,28" hai1="100,48,130,122,8,19,68,125,84,34,80,44,95" hai2="98,13,59,97,10,118,64,66,103,121,9,6,52" hai3="3,74,105,102,37,51,20,107,115,131,81,101,126"/><U77/><E125/><V41/><F121/><W94/><G115/><T119/><D112/><U24/><E68/><V22/><F118/><W61/><G3/><T123/><D119/><U5/><E130/><V32/><F32/><W38/><G131/><T128/><D128/><U113/><E122/><V127/><F127/><W15/><G126/><T54/><D123/><U132/><E132/><V104/><F41/><W63/><G51/><T134/><D134/><U31/><E19/><V56/><F98/><W82/><G15/><T75/><D75/><U117/><E117/><V93/><F104/><W73/><G20/><T43/><D28/><U27/><E113/><V58/><F10/><W21/><G21/><T76/><D76/><U35/><E35/><V133/><F133/><W45/><G45/><T85/><D85/><U67/><E67/><V23/><F23/><W12/><G12/><T29/><D29/><U14/><E31/><V4/><F4/><W40/><G94/><T106/><D108/><U79/><E79/><V91/><F103/><W110/><REACH who="3" step="1"/><G40/><REACH who="3" ten="173,337,240,240" step="2"/><T114/><D114/><U96/><E34/><V46/><F22/><W49/><G49/><AGARI ba="0,1" hai="6,9,13,46,49,52,56,58,59,64,66,91,93,97" machi="49" ten="40,2600,0" yaku="8,1,54,1" doraHai="70" who="2" fromWho="3" sc="173,0,337,0,240,36,240,-26" /><INIT seed="2,0,0,1,3,132" ten="173,337,276,214" oya="2" hai0="44,100,19,117,91,54,37,72,33,104,50,120,79" hai1="67,3,130,35,85,127,53,69,16,62,124,81,9" hai2="107,86,113,45,20,56,55,77,59,122,131,47,17" hai3="95,57,70,12,21,134,43,24,90,99,25,98,4"/><V10/><F122/><W93/><G70/><T26/><D120/><U82/><E35/><V30/><F107/><W105/><G134/><T65/><D117/><U103/><E130/><V71/><F113/><W14/><G105/><T63/><D37/><U116/><E116/><V51/><F71/><W1/><G43/><T40/><D91/><U94/><E53/><V83/><F131/><W73/><G73/><T58/><D79/><U11/><E3/><V13/><F47/><W18/><G1/><T66/><D72/><U125/><E16/><V74/><F74/><W61/><G24/><AGARI ba="0,0" hai="10,13,17,20,24,30,45,51,55,56,59,77,83,86" machi="24" ten="40,2000,0" yaku="8,1" doraHai="132" who="2" fromWho="3" sc="173,0,337,0,276,20,214,-20" /><INIT seed="2,1,0,2,3,118" ten="173,337,296,194" oya="2" hai0="73,119,81,106,5,125,53,88,90,121,95,26,24" hai1="82,11,18,132,25,110,12,93,13,16,34,58,87" hai2="124,23,101,133,112,100,63,44,117,30,65,2,128" hai3="41,130,50,72,123,32,43,62,96,42,37,48,94"/><V27/><F117/><W49/><G72/><T0/><D119/><U111/><E132/><V28/><F112/><W91/><G32/><T108/><D106/><U35/><E93/><V20/><F128/><W116/><G116/><T57/><D108/><N who="1" m="41515" /><E58/><V122/><F124/><W120/><G37/><T31/><D125/><U98/><E98/><V104/><F2/><W40/><N who="3" m="10240" /><DORA hai="17" /><W67/><REACH who="3" step="1"/><G130/><REACH who="3" ten="173,337,296,184" step="2"/><T80/><D73/><U47/><E35/><V21/><F133/><W7/><G7/><T85/><D121/><U84/><E34/><V83/><F30/><W66/><G66/><T74/><D74/><U102/><E18/><V46/><F65/><W38/><G38/><T51/><D5/><U114/><E16/><V45/><F28/><W109/><G109/><T70/><D0/><U9/><E114/><V22/><F27/><N who="0" m="10282" /><D31/><U54/><E25/><V29/><F29/><W14/><G14/><T19/><D70/><AGARI ba="1,1" hai="48,49,50,62,67,70,91,94,96,120,123" m="10240" machi="70" ten="50,12000,2" yaku="1,1,52,2,53,4" doraHai="118,17" doraHaiUra="39,69" who="3" fromWho="0" sc="173,-123,337,0,296,0,184,133" /><INIT seed="3,0,0,0,5,123" ten="50,337,296,317" oya="3" hai0="32,107,130,94,30,118,34,84,46,57,2,38,112" hai1="131,19,106,122,70,99,100,45,98,18,74,52,104" hai2="17,82,76,24,53,41,90,15,64,77,47,115,86" hai3="55,120,9,73,96,101,27,87,44,132,117,83,109"/><W59/><G117/><T39/><D118/><U72/><E70/><V128/><F128/><W133/><G120/><T6/><D107/><U93/><E122/><V114/><F64/><W25/><G73/><T125/><D130/><U21/><E131/><V78/><F24/><W43/><G9/><T54/><D112/><U134/><E134/><N who="3" m="51818" /><G109/><T67/><D67/><U20/><E52/><V62/><F62/><N who="3" m="36223" /><G87/><T113/><D113/><U80/><E45/><V108/><F108/><W66/><G83/><T92/><D125/><U7/><E7/><V48/><REACH who="2" step="1"/><F41/><REACH who="2" ten="50,337,286,317" step="2"/><W28/><G66/><T116/><D116/><U135/><E135/><V51/><F51/><N who="3" m="27039" /><G28/><T33/><D30/><U61/><E61/><V79/><N who="2" m="19456" /><DORA hai="81" /><V119/><F119/><W8/><G8/><AGARI ba="0,1" hai="8,15,17,47,48,53,82,86,90,114,115" m="19456" machi="8" ten="50,8000,1" yaku="1,1,25,2,52,1,53,0" doraHai="123,81" doraHaiUra="37,102" who="2" fromWho="3" sc="50,0,337,0,286,90,317,-80" owari="50,-45.0,337,13.7,376,47.6,237,-16.3" /></mjloggm>