<mjloggm ver="2.3"><GO type="225" lobby="0"/><UN n0="%E6%A0%B9%E5%85%83%E3%81%8B%E3%82%89%E5%90%B9%E3%81%A3%E9%A3%9B%E3%81%B6" n1="%E9%80%86%E9%80%A3%E5%B8%AF%E3%81%AE%E9%AC%BC" n2="%73%69%72%6F%75%74" n3="%E8%81%B7%E6%A5%AD%E3%80%81%E9%A2%A8%32" dan="17,16,16,16" rate="2210.86,2094.74,2074.39,2108.31" sx="F,M,M,M"/><TAIKYOKU oya="0"/><INIT seed="0,0,0,4,3,82" ten="250,250,250,250" oya="0" hai0="107,81,135,114,85,35,24,115,30,67,65,134,22" hai1="55,1,124,98,18,130,109,19,116,74,28,132,17" hai2="50,58,7,37,123,2,71,108,103,128,95,105,47" hai3="131,93,73,79,92,126,127,38,78,12,63,48,36"/><T9/><D107/><U59/><E116/><V57/><F123/><W25/><G131/><T8/><D67/><U80/><E130/><V46/><F105/><W69/><G12/><T41/><D41/><U14/><E109/><V54/><F128/><W33/><G48/><T29/><D65/><U26/><E1/><V117/><F7/><W56/><G69/><T6/><D30/><U76/><E132/><N who="0" m="50729" /><D35/><U3/><E3/><V113/><F2/><W100/><G25/><T119/><D119/><U20/><E98/><V16/><F71/><W45/><G33/><T11/><D6/><U86/><E124/><N who="3" m="47658" /><G73/><T42/><D42/><U90/><E74/><V68/><F68/><W99/><G93/><T0/><D0/><U21/><REACH who="1" step="1"/><E76/><AGARI ba="0,0" hai="8,9,11,22,24,29,76,81,85,114,115" m="50729" machi="76" ten="30,2900,0" yaku="20,1,52,1" doraHai="82" who="0" fromWho="1" sc="250,29,250,-29,250,0,250,0" /><INIT seed="0,1,0,4,1,92" ten="279,221,250,250" oya="0" hai0="33,21,109,42,2,91,95,122,58,89,31,27,48" hai1="132,35,130,111,108,97,13,78,88,115,129,102,36" hai2="125,54,126,100,47,96,23,98,86,68,107,77,121" hai3="112,63,18,124,6,52,80,57,30,49,76,5,114"/><T133/><D122/><U46/><E35/><V16/><F68/><W117/><G117/><T105/><D105/><U75/><E132/><V3/><F3/><W41/><G124/><N who="2" m="47721" /><F121/><W90/><G30/><T25/><D2/><U37/><E115/><V123/><F123/><W34/><G34/><T1/><D1/><U43/><E37/><V85/><F77/><W20/><G112/><T93/><D109/><N who="1" m="42059" /><E13/><N who="2" m="9615" /><F98/><W120/><G120/><T59/><D133/><U135/><E135/><V10/><F10/><W87/><G114/><T26/><D33/><U38/><E38/><V32/><F32/><W4/><G41/><T51/><D21/><U14/><E14/><V8/><F8/><W17/><G76/><T82/><D42/><U70/><E70/><V119/><F119/><W65/><REACH who="3" step="1"/><G20/><REACH who="3" ten="279,221,250,240" step="2"/><T72/><D31/><U79/><E79/><V104/><F104/><W84/><G84/><T116/><D116/><U83/><E78/><V103/><F86/><W94/><G94/><T64/><D95/><N who="1" m="58687" /><E75/><V9/><F85/><AGARI ba="1,1" hai="36,43,46,83,85,88,129,130" m="58687,42059" machi="85" ten="30,3900,0" yaku="14,1,52,1,54,1" doraHai="92" who="1" fromWho="2" sc="279,0,221,52,250,-42,240,0" /><INIT seed="1,0,0,5,3,28" ten="279,273,208,240" oya="1" hai0="1,103,115,84,80,129,117,82,4,101,19,40,135" hai1="53,120,90,50,26,34,74,10,45,56,123,11,38" hai2="87,66,105,88,69,102,99,16,113,125,70,76,55" hai3="60,8,61,0,18,48,132,108,12,35,21,62,134"/><U109/><E74/><V6/><F6/><W92/><G108/><T107/><D115/><U121/><E109/><V81/><F113/><W106/><G106/><T112/><D117/><U73/><E73/><V39/><F39/><W72/><G72/><T27/><D112/><U98/><E38/><V86/><F125/><W22/><G35/><T31/><D129/><U91/><E45/><V36/><F36/><W77/><G77/><T79/><D135/><N who="3" m="51753" /><G0/><T59/><D4/><U83/><E98/><V30/><F30/><W71/><G71/><T119/><D1/><U29/><REACH who="1" step="1"/><E83/><REACH who="1" ten="279,263,208,240" step="2"/><V46/><F46/><W114/><G114/><T130/><D80/><U24/><E24/><V42/><F42/><W47/><G92/><T93/><D93/><U52/><E52/><AGARI ba="0,1" hai="8,12,18,21,22,47,48,52,60,61,62" m="51753" machi="52" ten="30,2000,0" yaku="20,1,54,1" doraHai="28" who="3" fromWho="1" sc="279,0,263,-20,208,0,240,30" /><INIT seed="2,0,0,3,2,13" ten="279,243,208,270" oya="2" hai0="87,62,123,72,66,104,59,43,5,36,118,3,69" hai1="110,6,84,119,10,40,50,44,16,85,2,56,58" hai2="135,51,12,126,8,117,75,48,94,31,109,111,35" hai3="132,100,96,125,93,78,18,1,70,25,71,116,45"/><V38/><F75/><W60/><G1/><T26/><D123/><U127/><E110/><N who="2" m="41995" /><F38/><W68/><G116/><T86/><D104/><U89/><E127/><V74/><F74/><W92/><G125/><T39/><D72/><U83/><E119/><V11/><F126/><W108/><G132/><T101/><D118/><U53/><E16/><N who="2" m="8199" /><F117/><W80/><G108/><T114/><D101/><U46/><REACH who="1" step="1"/><E85/><REACH who="1" ten="279,233,208,270" step="2"/><V23/><F135/><W115/><G18/><T95/><D87/><U7/><E7/><V112/><F112/><W67/><G115/><T34/><D86/><U77/><E77/><V133/><F133/><W64/><G78/><T33/><D5/><U54/><E54/><V88/><F11/><W91/><G67/><T79/><D66/><U134/><E134/><V65/><F65/><W61/><G64/><T9/><D79/><U82/><E82/><V17/><F31/><W129/><G80/><T32/><D9/><U52/><E52/><V120/><F120/><W19/><G68/><T42/><D69/><U102/><E102/><V81/><F81/><W63/><G100/><T130/><D114/><U55/><E55/><V41/><F41/><W28/><G28/><T29/><D42/><U57/><E57/><V99/><F35/><W131/><G70/><T47/><D34/><U49/><AGARI ba="0,1" hai="2,6,10,40,44,46,49,50,53,56,58,83,84,89" machi="49" ten="20,2700,0" yaku="1,1,0,1,7,1,53,0" doraHai="13" doraHaiUra="27" who="1" fromWho="1" sc="279,-7,233,37,208,-13,270,-7" /><INIT seed="3,0,0,5,1,3" ten="272,270,195,263" oya="3" hai0="47,51,64,40,97,22,62,56,21,119,76,124,16" hai1="63,55,65,8,78,74,58,12,79,2,88,113,71" hai2="81,25,109,101,82,24,7,43,89,5,99,104,10" hai3="14,121,0,75,94,18,54,106,126,73,11,92,36"/><W44/><G121/><T125/><D119/><U17/><E113/><V19/><F109/><W66/><G106/><T95/><D76/><U112/><E112/><V61/><F43/><W60/><G126/><T132/><D132/><U134/><E134/><V20/><F61/><W87/><G0/><T4/><D4/><N who="2" m="1610" /><F104/><W130/><G130/><T57/><D57/><U67/><E2/><V45/><F45/><W83/><G75/><T105/><D105/><U70/><E74/><V13/><F101/><W31/><G31/><T15/><REACH who="0" step="1"/><D22/><REACH who="0" ten="262,270,195,263" step="2"/><U69/><E79/><V80/><F20/><W1/><G73/><T6/><D6/><U42/><E78/><V38/><F38/><W86/><G36/><T37/><D37/><U128/><E128/><V28/><F28/><W114/><G114/><T123/><D123/><U91/><E70/><V120/><F120/><W110/><G1/><T72/><D72/><U108/><E108/><V53/><F53/><W27/><G54/><T115/><D115/><U39/><E71/><V129/><F129/><W90/><G110/><T35/><D35/><U98/><E69/><V59/><F59/><W50/><G44/><T131/><D131/><U122/><E122/><V103/><F103/><AGARI ba="0,1" hai="15,16,21,40,47,51,56,62,64,95,97,103,124,125" machi="103" ten="40,2600,0" yaku="1,1,54,1,53,0" doraHai="3" doraHaiUra="107" who="0" fromWho="2" sc="262,36,270,0,195,-26,263,0" /><INIT seed="4,0,0,4,5,127" ten="298,270,169,263" oya="0" hai0="10,95,84,115,110,67,94,55,57,32,118,33,103" hai1="22,3,16,82,89,28,134,15,126,107,19,59,81" hai2="14,114,78,20,90,26,129,108,123,51,60,79,105" hai3="131,43,31,133,88,40,117,76,77,2,1,66,41"/><T54/><D115/><U58/><E126/><V36/><F108/><W0/><G117/><T83/><D118/><U47/><E134/><V13/><F36/><W24/><G133/><T91/><D32/><U46/><E3/><V45/><F123/><W116/><G116/><T34/><D33/><U53/><E107/><V27/><F105/><W87/><G66/><T29/><D29/><U56/><E28/><V62/><F114/><W50/><G50/><T69/><D69/><U85/><E82/><V98/><F98/><W72/><G72/><T132/><D34/><U124/><E124/><V5/><F90/><W71/><G71/><T18/><D110/><U25/><REACH who="1" step="1"/><E53/><REACH who="1" ten="298,260,169,263" step="2"/><N who="2" m="29935" /><F129/><W52/><G131/><T111/><D111/><U99/><E99/><V49/><F49/><W102/><G52/><T104/><D55/><U100/><E100/><V125/><F125/><W101/><G102/><T4/><D54/><U70/><E70/><V80/><F80/><W39/><G101/><T38/><D104/><U96/><E96/><V63/><F79/><W17/><G39/><T68/><D132/><U30/><E30/><N who="2" m="17735" /><F78/><W130/><G130/><T12/><D103/><U73/><E73/><V97/><F97/><W75/><G75/><T93/><D68/><U113/><E113/><V44/><F44/><W48/><G48/><T109/><D109/><U6/><E6/><V21/><F5/><W86/><G77/><N who="0" m="46191" /><D38/><U23/><AGARI ba="0,1" hai="15,16,19,22,23,25,46,47,56,58,59,81,85,89" machi="23" ten="30,8000,1" yaku="1,1,0,1,8,1,54,1,53,1" doraHai="127" doraHaiUra="8" who="1" fromWho="1" sc="298,-40,260,90,169,-20,263,-20" owari="258,5.8,350,45.0,149,-35.1,243,-15.7" /></mjloggm>