<mjloggm ver="2.3"><GO type="225" lobby="0"/><UN n0="%E6%B8%A9%E2%98%85%E6%83%85%E2%98%85%E6%8E%AA%E2%98%85%E7%BD%AE" n1="%E3%82%B2%E3%82%B9%E8%8C%82%E5%8B%9D" n2="%40%79%75%6B%69%73" n3="%E5%8F%AF%E5%85%90%E9%82%A3%E7%94%B1%E5%A4%9A" dan="17,16,16,17" rate="2216.47,2096.82,2185.34,2157.74" sx="M,F,M,F"/><TAIKYOKU oya="0"/><INIT seed="0,0,0,1,3,0" ten="250,250,250,250" oya="0" hai0="61,21,17,38,133,111,122,18,127,56,32,8,12" hai1="128,65,45,59,16,83,80,68,134,131,19,91,110" hai2="41,86,100,75,112,105,26,55,73,53,81,58,118" hai3="11,46,54,94,103,124,64,99,93,63,87,29,15"/><T2/><D122/><U48/><E110/><V74/><F112/><W9/><G124/><T116/><D116/><U114/><E114/><V71/><F71/><W30/><G54/><T35/><D127/><U121/><E121/><V125/><F125/><W84/><G46/><T23/><D38/><U28/><E68/><V96/><F118/><W107/><G107/><T108/><D133/><U123/><E123/><V119/><F119/><W43/><G43/><T135/><D135/><U89/><E28/><V34/><F41/><W52/><G64/><T132/><D132/><U10/><E134/><V49/><F34/><W66/><G66/><T33/><D56/><U50/><E65/><V126/><F26/><W72/><G72/><T90/><D90/><U79/><E59/><V85/><F126/><W14/><G52/><T130/><D61/><U4/><E79/><V25/><F25/><W104/><G104/><T31/><D31/><U88/><E45/><V60/><REACH who="2" step="1"/><F81/><REACH who="2" ten="250,250,240,250" step="2"/><N who="1" m="31305" /><E128/><V40/><F40/><W97/><G63/><T120/><D130/><U101/><E131/><V39/><F39/><W36/><G36/><T62/><D120/><U6/><E101/><AGARI ba="0,1" hai="9,11,14,15,29,30,84,87,93,94,97,99,101,103" machi="101" ten="25,3200,0" yaku="22,2,8,1" doraHai="0" who="3" fromWho="1" sc="250,0,250,-32,240,0,250,42" /><INIT seed="1,0,0,5,5,97" ten="250,218,240,292" oya="1" hai0="49,117,65,54,132,12,108,125,88,13,93,56,119" hai1="23,10,130,133,52,64,76,98,85,29,112,89,79" hai2="72,59,111,124,122,94,47,114,86,120,78,46,27" hai3="4,51,42,116,62,74,1,109,77,22,5,2,106"/><U43/><E112/><V7/><F72/><W110/><G106/><T69/><D108/><N who="3" m="41577" /><G116/><T41/><D132/><U36/><E36/><V37/><F111/><W134/><G134/><T100/><D125/><U15/><E133/><V25/><F114/><W58/><G22/><T39/><D13/><U84/><E130/><V0/><F124/><W45/><G77/><N who="1" m="29770" /><E64/><V26/><F59/><W73/><G5/><T135/><D12/><U91/><E43/><V3/><F37/><W53/><G4/><T95/><D135/><U105/><E105/><V102/><F78/><W103/><G103/><T123/><D123/><U81/><E98/><V101/><F25/><W104/><G104/><T82/><D119/><U57/><E23/><V131/><F7/><W28/><G28/><T8/><D117/><U19/><E29/><V107/><F107/><W35/><G35/><T92/><D65/><U38/><E38/><V96/><F96/><W48/><G51/><T83/><D39/><U99/><E99/><V24/><F24/><W16/><G16/><T66/><D49/><N who="1" m="30863" /><E85/><V80/><F86/><W50/><G50/><T71/><D66/><U67/><E67/><V55/><F131/><W126/><G126/><T6/><D69/><U63/><E89/><V60/><F55/><W17/><G17/><T90/><D71/><U33/><E33/><V40/><F120/><W11/><G2/><N who="0" m="87" /><D41/><U61/><AGARI ba="0,0" hai="10,15,19,61,63,81,84,91" m="30863,29770" machi="61" ten="30,3000,0" yaku="8,1,54,1" doraHai="97" who="1" fromWho="1" sc="250,-10,218,30,240,-10,292,-10" /><INIT seed="1,1,0,2,4,43" ten="240,248,230,282" oya="1" hai0="11,37,126,67,13,55,110,105,42,89,59,90,63" hai1="26,49,50,74,108,25,51,106,121,57,70,66,128" hai2="14,32,58,69,134,68,80,19,40,122,10,21,30" hai3="99,31,39,103,28,113,0,24,94,34,47,17,62"/><U104/><E121/><V127/><F122/><W115/><G0/><T2/><D2/><U6/><E128/><V111/><F111/><W16/><G31/><T65/><D110/><U118/><E118/><V117/><F117/><W9/><G62/><T95/><D105/><U64/><E70/><V135/><F58/><W125/><G125/><T86/><D126/><U84/><E108/><V61/><F127/><W91/><G103/><T44/><REACH who="0" step="1"/><D90/><REACH who="0" ten="230,248,230,282" step="2"/><U41/><E104/><V5/><F135/><W22/><G115/><T48/><D48/><U8/><E106/><V82/><F134/><W119/><G113/><T56/><D56/><U53/><E50/><V54/><F69/><W73/><G119/><T130/><D130/><U131/><E131/><V3/><F68/><W100/><G91/><T92/><D92/><U7/><E49/><V71/><F71/><W78/><G94/><T102/><D102/><U116/><E116/><V33/><F61/><W35/><G100/><T87/><D87/><U77/><E84/><V38/><F82/><W72/><G72/><T27/><D27/><U107/><E107/><V97/><F80/><W23/><G73/><T12/><D12/><U29/><E25/><V123/><F123/><W81/><G24/><T4/><AGARI ba="1,1" hai="4,11,13,37,42,44,55,59,63,65,67,86,89,95" machi="4" ten="20,5200,0" yaku="1,1,0,1,7,1,52,1,53,0" doraHai="43" doraHaiUra="20" who="0" fromWho="0" sc="230,65,248,-27,230,-14,282,-14" /><INIT seed="2,0,0,1,3,63" ten="295,221,216,268" oya="2" hai0="61,80,18,121,67,3,15,49,78,92,54,34,12" hai1="23,122,10,127,42,40,37,135,110,50,5,99,89" hai2="26,97,58,16,57,60,41,46,31,71,72,108,35" hai3="109,19,118,119,88,116,33,120,90,107,55,4,81"/><V17/><F72/><W39/><G120/><T25/><D3/><U77/><E122/><V93/><F108/><W66/><G33/><T84/><D121/><U104/><E110/><V29/><F71/><W98/><G109/><T44/><D92/><U9/><E9/><V51/><F31/><W6/><G39/><T2/><D2/><U128/><E37/><V43/><F43/><W100/><G66/><T68/><REACH who="0" step="1"/><D18/><REACH who="0" ten="285,221,216,268" step="2"/><U124/><E127/><V0/><F0/><W47/><G19/><T115/><D115/><U21/><E124/><V101/><REACH who="2" step="1"/><F57/><REACH who="2" ten="285,221,206,268" step="2"/><W75/><G118/><T11/><D11/><U69/><E10/><V95/><F95/><W59/><G119/><T85/><D85/><U102/><E69/><V123/><F123/><W36/><G116/><T129/><D129/><U96/><E128/><V134/><F134/><W83/><G75/><T126/><D126/><U131/><E131/><V28/><F28/><AGARI ba="0,2" hai="12,15,25,28,34,44,49,54,61,67,68,78,80,84" machi="28" ten="40,2600,0" yaku="1,1,52,1,53,0" doraHai="63" doraHaiUra="111" who="0" fromWho="2" sc="285,46,221,0,206,-26,268,0" /><INIT seed="3,0,0,5,5,122" ten="331,221,180,268" oya="3" hai0="81,69,120,123,134,13,12,11,18,38,80,118,16" hai1="30,135,42,1,65,105,58,127,78,92,102,0,129" hai2="53,97,55,46,37,29,63,56,89,95,107,2,71" hai3="70,72,59,74,61,100,125,3,83,109,75,45,119"/><W93/><G119/><T28/><D118/><U5/><E127/><V57/><F2/><W87/><G3/><T117/><D117/><U7/><E105/><V67/><F107/><W44/><G70/><T128/><D38/><U34/><E78/><V47/><F29/><W106/><G106/><T24/><D69/><U96/><E135/><V99/><F99/><W88/><G125/><T64/><D64/><U91/><E129/><V79/><F79/><W8/><G8/><T62/><D62/><U110/><E0/><V19/><F19/><W114/><G114/><T133/><D81/><U104/><E42/><V121/><F121/><N who="0" m="46666" /><D80/><U131/><E131/><V4/><F4/><W86/><G109/><T20/><D128/><U33/><E110/><V49/><REACH who="2" step="1"/><F37/><REACH who="2" ten="331,221,170,268" step="2"/><W25/><G86/><T51/><D18/><U17/><E17/><V31/><F31/><W32/><G75/><T43/><D16/><U39/><E30/><V22/><F22/><W76/><G72/><T112/><D28/><U54/><E96/><V41/><F41/><W60/><G74/><T9/><D43/><U101/><E104/><V124/><F124/><W94/><G76/><T23/><D23/><U68/><E1/><V108/><F108/><W103/><G87/><T77/><D20/><U52/><E5/><V27/><F27/><W113/><G25/><T21/><D24/><U15/><E7/><V98/><F98/><W73/><G73/><T82/><D21/><U35/><E35/><V48/><AGARI ba="0,1" hai="46,47,48,49,53,55,56,57,63,67,71,89,95,97" machi="48" ten="20,5200,0" yaku="1,1,0,1,7,1,9,1,53,0" doraHai="122" doraHaiUra="111" who="2" fromWho="2" sc="331,-13,221,-13,170,62,268,-26" owari="318,41.8,208,-29.2,232,-16.8,242,4.2" /></mjloggm>