<mjloggm ver="2.3"><GO type="225" lobby="0"/><UN n0="%E3%81%86%E3%82%8C%E3%81%9F%E3%82%93%E6%9E%95" n1="%E3%82%B7%E3%83%B3%E5%A4%AA%E6%9C%97" n2="%48%61%61%61%6C%61%6E%64" n3="%33%74%72%65%65" dan="16,16,17,17" rate="2195.76,2122.98,2151.03,2206.78" sx="F,M,M,F"/><TAIKYOKU oya="0"/><INIT seed="0,0,0,4,0,33" ten="250,250,250,250" oya="0" hai0="70,11,55,132,37,134,12,131,107,44,115,2,130" hai1="35,41,106,59,73,91,3,118,104,21,6,79,51" hai2="40,22,53,65,0,54,68,81,133,87,38,25,85" hai3="66,83,23,1,20,49,103,67,76,98,105,13,121"/><T101/><D115/><U128/><E118/><V5/><F133/><N who="0" m="51306" /><D70/><U60/><E128/><N who="0" m="49193" /><D107/><U61/><E35/><V34/><F34/><W97/><G121/><T42/><D101/><U100/><E61/><V47/><F65/><W69/><G67/><T72/><D72/><U32/><E32/><V120/><F68/><W4/><G66/><T127/><D55/><U93/><E21/><V26/><F120/><W15/><G23/><T102/><D102/><U126/><E126/><V16/><F25/><W108/><G20/><T45/><D45/><U52/><E100/><V30/><F30/><W116/><G103/><T129/><N who="0" m="49201" /><T114/><DORA hai="50" /><D114/><U82/><E41/><V71/><F71/><W94/><G105/><T99/><D99/><U17/><E60/><V46/><F46/><W119/><G97/><T77/><D77/><U109/><E104/><V75/><F75/><W64/><G98/><T80/><D80/><U78/><E106/><V92/><F92/><W24/><G94/><T14/><D127/><U31/><E82/><V10/><F87/><W36/><G83/><T113/><D113/><U74/><E73/><V9/><F9/><W43/><G76/><AGARI ba="0,0" hai="0,5,10,16,22,26,38,40,47,53,54,76,81,85" machi="76" ten="30,8000,1" yaku="7,1,52,3,54,1" doraHai="33,50" who="2" fromWho="3" sc="250,0,250,0,250,80,250,-80" /><INIT seed="1,0,0,3,5,125" ten="250,250,330,170" oya="1" hai0="60,92,113,118,120,94,64,108,91,32,8,52,46" hai1="55,33,59,35,6,126,109,39,116,48,105,87,121" hai2="21,111,7,27,62,1,61,44,10,67,83,22,23" hai3="40,82,53,110,122,71,49,80,99,5,104,50,63"/><U124/><E116/><V47/><F111/><W29/><G122/><T103/><D118/><U11/><E121/><V14/><F1/><W56/><G110/><T18/><D108/><U28/><E109/><V93/><F27/><W20/><G5/><T31/><D113/><U101/><E39/><V88/><F83/><W128/><G71/><T132/><D132/><U54/><E105/><V69/><REACH who="2" step="1"/><F62/><REACH who="2" ten="250,250,320,170" step="2"/><W102/><G82/><T51/><D120/><U117/><E117/><V134/><F134/><W13/><G80/><T77/><D60/><U38/><E124/><V86/><AGARI ba="0,1" hai="7,10,14,21,22,23,44,47,61,67,69,86,88,93" machi="86" ten="30,4000,0" yaku="1,1,0,1,54,1,53,0" doraHai="125" doraHaiUra="123" who="2" fromWho="2" sc="250,-10,250,-20,320,50,170,-10" /><INIT seed="2,0,0,5,0,100" ten="240,230,370,160" oya="2" hai0="101,18,22,13,35,126,67,1,102,98,83,44,72" hai1="66,20,64,91,105,37,25,115,117,119,120,88,108" hai2="80,82,2,65,9,122,27,86,45,113,134,121,106" hai3="95,54,79,93,51,42,89,129,24,49,4,60,135"/><V78/><F113/><W104/><G79/><T31/><D126/><U73/><E37/><V97/><F134/><W14/><G135/><T130/><D130/><U41/><E120/><V96/><F65/><W94/><G129/><T46/><D101/><U50/><E108/><V21/><F45/><W3/><G3/><T125/><D125/><U36/><E36/><V131/><F131/><W16/><G104/><T7/><D67/><U75/><E115/><V71/><F71/><W114/><G114/><T12/><D12/><U123/><E123/><V87/><F97/><W33/><G33/><T6/><D72/><U68/><E105/><V118/><F118/><W23/><G42/><T103/><D103/><U52/><E41/><V133/><F96/><W32/><G89/><T111/><D83/><U57/><E117/><V29/><F106/><W109/><G109/><T74/><D74/><U26/><E119/><V11/><F133/><W28/><REACH who="3" step="1"/><G4/><REACH who="3" ten="240,230,370,150" step="2"/><T112/><D7/><U128/><E128/><V0/><F0/><W15/><G15/><T124/><D112/><U58/><E91/><N who="2" m="51655" /><F2/><W47/><G47/><T92/><D111/><U81/><E88/><V53/><F122/><W77/><G77/><T110/><D110/><U38/><E75/><V5/><F121/><W55/><G55/><T59/><D124/><U127/><E52/><V63/><F5/><W132/><G132/><T56/><D6/><U61/><E73/><V76/><F78/><W10/><G10/><T48/><D1/><U116/><E127/><V8/><F8/><W70/><G70/><T40/><D46/><RYUUKYOKU ba="0,1" sc="240,10,230,-30,370,10,150,10" hai0="13,18,22,31,35,40,44,48,56,59,92,98,102" hai2="9,11,21,27,29,53,63,76,82,87" hai3="14,16,23,24,28,32,49,51,54,60,93,94,95" /><INIT seed="2,1,1,3,2,37" ten="250,200,380,160" oya="2" hai0="57,30,135,3,59,118,44,97,2,58,99,110,106" hai1="26,102,45,108,52,101,18,10,42,13,131,81,120" hai2="91,119,16,86,121,23,94,125,111,46,11,68,70" hai3="84,109,79,7,114,95,74,71,92,132,113,43,112"/><V49/><F119/><W25/><G109/><T66/><D110/><U85/><E108/><V65/><F111/><W8/><G132/><T34/><D118/><U67/><E131/><V123/><F125/><W124/><G124/><T54/><D135/><U55/><E120/><V98/><F11/><W117/><G117/><T0/><D66/><U62/><E26/><V100/><F65/><W20/><G71/><T115/><D115/><N who="3" m="29441" /><W12/><DORA hai="5" /><G74/><T127/><D127/><U48/><E101/><V90/><F68/><W41/><G79/><T75/><D75/><U40/><E102/><V9/><F70/><W105/><G105/><T60/><D106/><U76/><E55/><V80/><F90/><N who="3" m="53319" /><G95/><T64/><D64/><U21/><E21/><V129/><F129/><W56/><G56/><AGARI ba="1,1" hai="10,13,18,40,42,45,48,52,56,62,67,76,81,85" machi="56" ten="30,12000,2" yaku="7,1,8,1,52,3,54,1" doraHai="37,5" who="1" fromWho="3" sc="250,0,200,133,380,0,160,-123" /><INIT seed="3,0,0,5,2,18" ten="250,333,380,37" oya="3" hai0="121,53,75,101,61,10,2,95,37,96,89,135,0" hai1="33,6,84,4,1,103,87,47,31,128,59,91,36" hai2="30,86,40,125,38,42,76,98,122,117,120,19,100" hai3="11,93,35,65,43,56,118,94,48,106,133,28,107"/><W20/><G118/><T8/><D121/><N who="2" m="46698" /><F117/><W99/><G35/><T104/><D135/><U24/><E128/><V52/><F125/><W105/><G133/><T67/><D37/><U126/><E126/><V127/><F127/><W27/><G11/><T81/><D10/><U60/><E103/><V111/><F111/><W12/><G12/><T21/><D21/><U62/><E1/><V66/><F66/><W112/><G112/><T23/><D23/><U55/><E87/><V108/><F38/><W114/><G114/><T123/><D53/><U26/><E62/><V29/><F19/><W17/><G17/><T14/><D123/><U113/><E113/><V32/><F108/><W58/><G65/><T79/><D14/><U130/><E130/><V97/><F97/><W132/><G132/><T88/><D89/><U69/><E69/><V124/><F124/><W34/><G34/><T22/><D22/><U57/><E57/><V83/><F52/><W15/><G15/><T92/><D92/><U54/><E54/><V64/><F64/><W49/><G93/><T80/><D80/><U73/><E73/><V134/><F134/><W50/><REACH who="3" step="1"/><G43/><REACH who="3" ten="250,333,380,27" step="2"/><N who="2" m="16425" /><F32/><W116/><G116/><T131/><D8/><U46/><E33/><V74/><F29/><W102/><AGARI ba="0,1" hai="20,27,28,48,49,50,56,58,94,99,102,105,106,107" machi="102" ten="40,18000,2" yaku="1,1,0,1,52,1,53,3" doraHai="18" doraHaiUra="44" who="3" fromWho="3" sc="250,-60,333,-60,380,-60,27,190" /><INIT seed="3,1,0,5,5,80" ten="190,273,320,217" oya="3" hai0="105,129,71,4,55,33,46,72,64,7,115,68,74" hai1="49,118,79,86,34,61,27,8,132,5,50,21,84" hai2="106,0,56,16,97,47,17,85,59,109,45,89,111" hai3="51,36,75,31,60,94,134,29,114,30,123,65,116"/><W73/><G114/><T95/><D115/><U124/><E118/><V82/><F0/><W78/><G116/><T121/><D105/><U76/><E34/><V18/><F56/><W58/><G36/><T126/><D121/><U110/><E110/><N who="2" m="41995" /><F59/><W113/><G113/><T48/><D33/><U6/><E124/><V54/><F54/><W103/><G123/><T98/><D126/><U120/><E120/><V90/><F90/><W101/><G134/><T1/><D129/><U39/><E39/><V87/><F87/><N who="1" m="33321" /><E132/><V112/><F112/><W63/><G75/><T67/><D74/><U62/><E8/><V20/><F20/><W88/><G78/><N who="1" m="29738" /><E49/><V128/><F128/><W77/><G51/><T69/><D72/><U44/><E6/><V104/><F104/><W53/><G77/><T66/><REACH who="0" step="1"/><D1/><REACH who="0" ten="180,273,320,217" step="2"/><U37/><E37/><V13/><F106/><W14/><G73/><T130/><D130/><U91/><E62/><V43/><F82/><W119/><G119/><T125/><D125/><U12/><E61/><V41/><F13/><W117/><G14/><T42/><D42/><U81/><E12/><V92/><F41/><W10/><G117/><T108/><D108/><U133/><E133/><V102/><F43/><W15/><G63/><T99/><D99/><U25/><E81/><V100/><F97/><N who="3" m="57543" /><G65/><T28/><D28/><U32/><E32/><V26/><F26/><W52/><G53/><T40/><D40/><U96/><E27/><V83/><F83/><W70/><G70/><T2/><D2/><U122/><E25/><V11/><F11/><W35/><G35/><RYUUKYOKU ba="1,1" sc="180,10,273,-30,320,10,217,10" hai0="4,7,46,48,55,64,66,67,68,69,71,95,98" hai2="16,17,18,45,47,85,89,92,100,102" hai3="10,15,29,30,31,52,58,60,101,103" /><INIT seed="3,2,1,5,5,82" ten="190,243,330,227" oya="3" hai0="98,129,26,29,10,9,73,71,13,76,100,123,43" hai1="2,102,89,101,25,38,61,1,12,113,120,6,119" hai2="81,103,74,50,44,37,16,47,32,21,55,15,131" hai3="5,110,79,40,18,106,67,115,45,128,91,125,78"/><W114/><G106/><T17/><D129/><U93/><E38/><V94/><F32/><W80/><G128/><T83/><D123/><U95/><E119/><V7/><F131/><W51/><G5/><T58/><D71/><U8/><E113/><V36/><F7/><W27/><G125/><T134/><D134/><U53/><E120/><V112/><F112/><W108/><G67/><T88/><D43/><U70/><E1/><V46/><F36/><W85/><G18/><T122/><D122/><U52/><E2/><V33/><F33/><W14/><G14/><T104/><D58/><U19/><E70/><V118/><F118/><W68/><G68/><T64/><D64/><U35/><E35/><V133/><F133/><W92/><G27/><T62/><D62/><U30/><E30/><V130/><F37/><W65/><G65/><T49/><D49/><U127/><E127/><V42/><F42/><W23/><G78/><T24/><D29/><U109/><E95/><V99/><F130/><W87/><G23/><T54/><D54/><N who="1" m="21099" /><E61/><V66/><F66/><W116/><G116/><T34/><D34/><U63/><E109/><AGARI ba="2,1" hai="40,45,51,79,80,85,87,91,92,108,109,110,114,115" machi="109" ten="40,12000,1" yaku="14,1,10,1,52,2" doraHai="82" who="3" fromWho="1" sc="190,0,243,-126,330,0,227,136" owari="190,-21.0,117,-38.3,330,13.0,363,46.3" /></mjloggm>