<mjloggm ver="2.3"><GO type="225" lobby="0"/><UN n0="%72%61%6B%33" n1="%E3%82%82%E3%81%90%E3%82%89" n2="%E3%83%8F%E3%82%AC%E3%82%BF%E3%82%AB%E3%81%AE%E3%81%88%E3%81%98%E3%81%8D" n3="%E3%81%B8%E3%82%80%E3%81%B8%E3%82%80%EF%BC%92%E5%8F%B7" dan="16,17,16,17" rate="2179.01,2148.14,2134.97,2155.66" sx="M,M,M,M"/><TAIKYOKU oya="0"/><INIT seed="0,0,0,0,4,78" ten="250,250,250,250" oya="0" hai0="38,65,5,134,10,42,1,109,96,117,6,45,81" hai1="15,72,7,70,97,29,49,60,25,41,112,118,53" hai2="63,91,44,89,132,95,71,79,99,100,55,126,50" hai3="39,14,86,77,11,28,80,34,131,76,123,27,54"/><T101/><D117/><U125/><E118/><V36/><F126/><W98/><G131/><T58/><D134/><U3/><E3/><V67/><F132/><W122/><G39/><T48/><D109/><U87/><E72/><V68/><F68/><W93/><G54/><T135/><D135/><U52/><E125/><V37/><F79/><W24/><G24/><T35/><D5/><U32/><E112/><V103/><F103/><W119/><G76/><T111/><D111/><U102/><E41/><V106/><REACH who="2" step="1"/><F91/><REACH who="2" ten="250,250,240,250" step="2"/><W13/><G119/><T88/><D101/><U92/><E70/><V62/><F62/><W64/><G64/><T4/><D65/><U66/><E60/><V104/><F104/><W2/><G123/><T56/><D88/><U69/><E69/><V26/><F26/><W114/><G122/><T16/><D38/><U31/><E66/><V0/><F0/><W18/><G114/><T110/><D1/><U12/><E25/><V115/><F115/><W30/><G2/><T47/><D110/><U40/><E102/><V33/><F33/><W20/><G34/><T82/><D35/><U22/><E32/><V43/><F43/><W128/><G27/><T74/><D42/><U127/><E40/><V59/><F59/><W130/><G130/><T51/><D58/><N who="1" m="33039" /><E127/><V133/><F133/><W94/><G128/><T107/><D56/><U9/><E53/><V113/><F113/><W84/><G13/><T19/><D107/><U17/><E15/><V120/><F120/><W8/><G14/><T121/><D121/><U129/><E129/><V23/><F23/><RYUUKYOKU ba="0,1" sc="250,-10,250,-10,240,30,250,-10" hai2="36,37,44,50,55,63,67,71,89,95,99,100,106" /><INIT seed="1,1,1,4,5,43" ten="240,240,270,240" oya="1" hai0="75,86,62,67,42,14,12,124,4,32,71,126,93" hai1="29,25,113,9,7,112,69,40,27,118,5,95,24" hai2="48,45,73,123,102,15,51,38,109,1,61,8,41" hai3="89,36,90,57,20,55,119,120,108,19,116,135,121"/><U92/><E69/><V6/><F123/><W10/><G36/><T50/><D75/><U34/><E40/><V122/><F122/><N who="3" m="47211" /><G10/><T53/><D32/><U97/><E92/><V105/><F109/><W16/><G108/><T96/><D86/><U77/><E77/><V26/><F15/><W68/><G68/><T133/><D42/><U91/><E118/><N who="3" m="45098" /><G135/><T30/><D30/><U23/><E5/><V101/><F101/><W130/><G130/><T132/><D12/><U74/><E74/><V129/><F129/><W125/><G19/><T115/><D14/><U28/><REACH who="1" step="1"/><E27/><REACH who="1" ten="240,230,270,240" step="2"/><V94/><F73/><W79/><G79/><T104/><D4/><U72/><E72/><V54/><F94/><W88/><G125/><N who="0" m="48235" /><D104/><U47/><E47/><V37/><F26/><N who="3" m="14599" /><G90/><N who="0" m="55351" /><D115/><U85/><E85/><V33/><F6/><W80/><G80/><T44/><AGARI ba="1,2" hai="44,50,53,62,67,71,132,133" m="55351,48235" machi="44" ten="30,2000,0" yaku="18,1,52,1" doraHai="43" who="0" fromWho="0" sc="240,43,230,-11,270,-6,240,-6" /><INIT seed="2,0,0,1,1,86" ten="283,219,264,234" oya="2" hai0="113,117,42,19,52,70,66,9,13,35,74,129,116" hai1="23,45,101,20,72,30,61,17,91,93,12,111,65" hai2="43,67,32,64,128,40,88,28,36,8,92,3,107" hai3="106,41,126,127,81,2,44,25,82,96,83,78,47"/><V51/><F107/><W39/><G2/><T76/><D113/><U21/><E111/><V120/><F120/><W59/><G59/><T46/><D35/><U63/><E72/><V100/><F36/><W10/><G10/><T125/><D125/><U90/><E45/><V94/><F128/><W95/><G106/><T31/><D31/><U122/><E122/><V26/><F94/><W55/><G25/><T24/><D24/><N who="1" m="16647" /><E23/><V84/><F100/><W34/><G34/><T38/><D129/><U118/><E118/><V105/><F105/><W4/><G4/><T103/><D103/><U69/><E69/><V5/><REACH who="2" step="1"/><F51/><REACH who="2" ten="283,219,254,234" step="2"/><W85/><G126/><T68/><D38/><U77/><E77/><V33/><F33/><W131/><G127/><T50/><D76/><U16/><E17/><V11/><F11/><W62/><G131/><T114/><D9/><U104/><E104/><V130/><F130/><W60/><G60/><N who="1" m="23114" /><E65/><AGARI ba="0,1" hai="3,5,8,26,28,32,40,43,64,65,67,84,88,92" machi="65" ten="40,7700,0" yaku="1,1,52,1,54,1,53,0" doraHai="86" doraHaiUra="132" who="2" fromWho="1" sc="283,0,219,-77,254,87,234,0" /><INIT seed="2,1,0,0,5,98" ten="283,142,341,234" oya="2" hai0="77,73,126,116,109,18,105,65,37,36,102,79,33" hai1="81,70,4,40,61,46,6,86,69,55,75,23,66" hai2="14,68,84,15,13,45,5,111,125,108,127,95,48" hai3="30,82,32,0,99,101,1,7,43,117,88,12,53"/><V90/><F68/><W130/><G117/><T25/><D116/><U39/><E70/><V21/><F5/><W83/><G130/><T34/><D18/><U54/><E75/><V128/><F21/><W97/><G43/><T44/><D109/><N who="2" m="42058" /><F128/><W2/><G53/><AGARI ba="1,0" hai="13,14,15,45,48,53,84,90,95,125,127" m="42058" machi="53" ten="30,2900,0" yaku="14,1,10,1" doraHai="98" who="2" fromWho="3" sc="283,0,142,0,341,32,234,-32" /><INIT seed="2,2,0,3,3,117" ten="283,142,373,202" oya="2" hai0="127,91,27,25,114,111,23,24,13,45,38,94,132" hai1="122,118,121,99,109,98,129,134,18,124,76,113,69" hai2="128,133,7,84,31,123,67,54,65,17,21,60,110" hai3="107,3,34,63,71,74,20,44,102,52,43,41,39"/><V75/><F75/><W40/><G34/><T85/><D114/><U49/><E69/><V125/><F123/><N who="1" m="47113" /><E118/><V5/><F128/><W88/><G74/><T59/><D111/><U131/><E113/><V82/><F133/><W8/><G20/><T19/><D127/><U22/><E109/><V42/><F31/><W12/><G3/><T78/><D132/><U68/><E68/><V83/><F42/><W80/><G102/><T32/><D78/><U4/><E134/><V89/><F125/><W81/><G107/><T66/><D38/><U101/><E124/><V62/><F83/><W93/><G71/><T64/><D32/><U95/><E76/><V6/><F110/><W9/><G9/><T37/><D37/><U87/><E87/><V79/><F79/><W30/><G30/><T103/><D45/><U72/><E72/><V1/><F1/><W119/><G119/><T11/><D103/><N who="1" m="60895" /><E49/><V104/><F104/><W53/><G44/><T15/><D59/><U0/><E4/><AGARI ba="2,0" hai="4,11,13,15,19,23,24,25,27,64,66,85,91,94" machi="4" ten="40,1300,0" yaku="8,1" doraHai="117" who="0" fromWho="1" sc="283,19,142,-19,373,0,202,0" /><INIT seed="3,0,0,1,4,36" ten="302,123,373,202" oya="3" hai0="45,25,109,20,18,79,116,120,14,81,71,13,103" hai1="34,135,95,78,17,61,106,50,44,80,10,110,99" hai2="68,92,105,67,49,98,132,134,112,114,65,77,38" hai3="73,55,94,64,76,102,84,127,21,9,129,28,27"/><W101/><G127/><T54/><D116/><U15/><E110/><V72/><F38/><W7/><G129/><T63/><D120/><U107/><E135/><N who="2" m="51755" /><F105/><W33/><G73/><T126/><D109/><U46/><E34/><V32/><F32/><W122/><G64/><N who="2" m="24649" /><F68/><W108/><G108/><T8/><D126/><U4/><E61/><V5/><F5/><W125/><G125/><T58/><D71/><U19/><E46/><V60/><F60/><W97/><G102/><T30/><D103/><U24/><E24/><V131/><F131/><W82/><G33/><T130/><D130/><U133/><E107/><V31/><F31/><W104/><G122/><T115/><D115/><U121/><E106/><V75/><F49/><W48/><G104/><T2/><D2/><U52/><E121/><V123/><F123/><W51/><REACH who="3" step="1"/><G55/><REACH who="3" ten="302,123,373,192" step="2"/><T29/><D54/><U118/><E133/><V0/><F72/><W23/><G23/><T74/><D74/><U119/><E119/><V40/><F75/><W70/><G70/><T12/><D20/><U1/><E118/><V22/><F22/><W93/><G93/><T90/><D8/><U96/><E1/><AGARI ba="0,1" hai="1,7,9,21,27,28,48,51,76,82,84,94,97,101" machi="1" ten="30,11600,0" yaku="1,1,7,1,53,2" doraHai="36" doraHaiUra="47" who="3" fromWho="1" sc="302,0,123,-116,373,0,192,126" /><INIT seed="3,1,0,5,2,45" ten="302,7,373,318" oya="3" hai0="22,54,1,18,3,134,123,89,115,131,99,111,104" hai1="135,121,97,117,58,6,27,78,105,52,56,16,119" hai2="67,91,34,83,37,90,21,95,10,55,66,103,80" hai3="23,98,125,5,0,69,44,112,60,11,88,25,86"/><W82/><G112/><T30/><D123/><U130/><E121/><V94/><F34/><W87/><G125/><T100/><D115/><U126/><E6/><V113/><F37/><W76/><G98/><T73/><D111/><U2/><E2/><V70/><F70/><W20/><G44/><T84/><D131/><U102/><E78/><V14/><F21/><W65/><REACH who="3" step="1"/><G25/><REACH who="3" ten="302,7,373,308" step="2"/><T96/><D134/><U46/><E126/><V77/><F113/><W42/><G42/><T93/><D73/><U110/><E135/><V43/><F43/><W120/><G120/><T122/><D122/><U124/><E124/><V79/><F103/><W31/><G31/><T62/><D30/><U57/><E130/><V15/><F10/><W128/><G128/><T101/><D62/><U129/><E129/><V7/><F7/><W26/><G26/><T127/><D127/><U13/><E27/><V92/><F91/><W32/><G32/><T74/><D74/><U114/><E114/><V48/><F90/><W24/><G24/><T4/><D4/><U41/><E46/><N who="2" m="28055" /><F79/><W71/><G71/><T85/><D89/><U116/><E41/><V35/><F77/><W75/><G75/><T47/><D1/><U8/><E110/><V50/><F35/><W29/><G29/><T9/><D3/><U72/><E72/><V53/><F14/><W61/><G61/><AGARI ba="1,1" hai="8,13,16,52,56,57,58,61,97,102,105,116,117,119" machi="61" ten="40,5200,0" yaku="12,1,54,2" doraHai="45" who="1" fromWho="3" sc="302,0,7,65,373,0,308,-55" owari="302,10.2,72,-42.8,373,47.3,253,-14.7" /></mjloggm>