<mjloggm ver="2.3"><GO type="225" lobby="0"/><UN n0="%E9%97%98%E5%B0%86%E3%81%A0%E3%82%93%E3%81%A7%E3%81%83" n1="%E6%A0%B9%E5%85%83%E3%81%8B%E3%82%89%E5%90%B9%E3%81%A3%E9%A3%9B%E3%81%B6" n2="%E3%83%A9%E3%83%BC%E3%83%A1%E3%83%B3%E4%BA%94%E9%83%8E" n3="%33%74%72%65%65" dan="16,17,16,16" rate="2137.61,2162.76,2098.83,2122.63" sx="M,F,M,F"/><TAIKYOKU oya="0"/><INIT seed="0,0,0,2,0,130" ten="250,250,250,250" oya="0" hai0="44,52,133,75,9,86,105,29,45,53,116,14,34" hai1="79,100,35,60,93,31,132,73,37,17,84,63,58" hai2="109,41,125,120,57,8,122,25,113,95,10,49,87" hai3="12,94,126,55,69,54,129,77,128,101,99,1,118"/><T36/><D75/><U102/><E37/><V131/><F113/><W72/><G1/><T115/><D105/><U32/><E132/><V42/><F131/><N who="3" m="50251" /><G118/><T5/><D115/><U82/><E63/><V112/><F112/><W22/><G126/><T110/><D116/><U127/><E127/><V107/><F107/><W50/><G69/><T59/><D133/><U85/><E31/><V119/><F125/><W33/><G33/><T13/><D110/><U39/><E39/><V16/><F109/><W3/><G3/><T66/><D66/><U65/><E73/><V78/><F119/><W83/><G50/><T19/><D36/><U28/><E28/><V27/><F49/><W80/><G83/><T67/><D67/><U26/><E35/><V15/><F57/><W43/><G43/><N who="2" m="16393" /><F122/><W76/><G76/><T0/><D0/><U56/><E56/><V71/><F71/><W2/><G2/><T62/><D53/><U89/><E32/><V114/><F120/><W123/><G123/><T51/><D62/><U68/><E68/><V98/><F114/><W124/><G124/><T96/><D96/><U92/><E92/><V81/><F8/><W38/><G38/><T97/><D97/><U23/><AGARI ba="0,0" hai="17,23,26,58,60,65,79,82,84,85,89,93,100,102" machi="23" ten="30,2000,0" yaku="0,1,8,1" doraHai="130" who="1" fromWho="1" sc="250,-10,250,20,250,-5,250,-5" /><INIT seed="1,0,0,3,2,47" ten="240,270,245,245" oya="1" hai0="112,72,102,20,36,90,95,44,45,110,121,14,70" hai1="118,27,15,62,105,79,114,53,104,42,67,73,135" hai2="58,16,87,82,18,12,1,101,83,119,74,23,61" hai3="78,52,7,48,130,125,103,108,86,33,107,32,88"/><U10/><E114/><V28/><F119/><W25/><G108/><T37/><D72/><U128/><E118/><V21/><F1/><W97/><G125/><T63/><D102/><U35/><E128/><V89/><F28/><W77/><G130/><T41/><D112/><U132/><E53/><N who="2" m="33999" /><F101/><W51/><G7/><T115/><D115/><U26/><E42/><V99/><F99/><W38/><G38/><T117/><D117/><U91/><E91/><V59/><F59/><W94/><G48/><T66/><D110/><U100/><E79/><V11/><F74/><W69/><G69/><T24/><D14/><U84/><E84/><N who="2" m="50327" /><F18/><W2/><G2/><T34/><D34/><U134/><E73/><V93/><F93/><W80/><G25/><N who="1" m="9226" /><E100/><V64/><F64/><W55/><G55/><T113/><D121/><U31/><E31/><V39/><F39/><W29/><G29/><N who="0" m="17543" /><D113/><U56/><E35/><V9/><F23/><W43/><G43/><T133/><D37/><U60/><E60/><V109/><F109/><W122/><G122/><T92/><D92/><U126/><E126/><V6/><F6/><AGARI ba="0,0" hai="6,10,15,56,62,67,104,105,132,134,135" m="9226" machi="6" ten="30,1500,0" yaku="20,1" doraHai="47" who="1" fromWho="2" sc="240,0,270,15,245,-15,245,0" /><INIT seed="1,1,0,5,3,131" ten="240,285,230,245" oya="1" hai0="88,22,126,60,129,64,123,12,77,38,112,124,130" hai1="135,34,104,127,92,9,81,2,50,102,100,30,41" hai2="86,67,39,70,85,115,47,71,109,13,58,119,66" hai3="21,108,62,33,36,35,65,89,87,16,53,25,4"/><U54/><E41/><V48/><F119/><W0/><G108/><T29/><D38/><U105/><E81/><V96/><F109/><W128/><G128/><N who="0" m="49259" /><D77/><U74/><E74/><V121/><F121/><W1/><G36/><T97/><D112/><U44/><E127/><N who="0" m="48681" /><D123/><U94/><E30/><V42/><F115/><W27/><G53/><T19/><D29/><U76/><E76/><V37/><F13/><W95/><G27/><T98/><D88/><U20/><E102/><V120/><F120/><W55/><G55/><T101/><D101/><U132/><E100/><V26/><F96/><W11/><REACH who="3" step="1"/><G0/><REACH who="3" ten="240,285,230,235" step="2"/><T69/><AGARI ba="1,1" hai="12,19,22,60,64,69,97,98" m="48681,49259" machi="69" ten="30,2000,0" yaku="19,1,18,1" doraHai="131" who="0" fromWho="0" sc="240,33,285,-11,230,-6,235,-6" /><INIT seed="2,0,0,3,4,117" ten="273,274,224,229" oya="2" hai0="6,129,31,99,71,29,105,74,26,123,21,49,110" hai1="135,128,46,66,47,4,42,65,98,27,55,95,106" hai2="103,100,89,10,35,52,72,41,38,134,16,34,113" hai3="51,7,18,124,25,44,83,76,73,68,104,20,93"/><V118/><F113/><W39/><G124/><T112/><D123/><U126/><E126/><V132/><F118/><W62/><G104/><T61/><D74/><U3/><E128/><V59/><F72/><W50/><G7/><T19/><D112/><U17/><E106/><V121/><F121/><W32/><G32/><T43/><D129/><U109/><E109/><V107/><F89/><W111/><G111/><T36/><D36/><U120/><E135/><N who="2" m="51755" /><F41/><W90/><G39/><T2/><D110/><U75/><E75/><V130/><F38/><W87/><REACH who="3" step="1"/><G44/><REACH who="3" ten="273,274,224,219" step="2"/><T125/><D6/><U12/><E47/><V70/><F107/><W30/><G30/><T0/><D31/><U9/><E46/><V81/><F130/><W28/><G28/><T33/><D125/><U101/><E4/><V69/><F34/><W45/><G45/><N who="0" m="25791" /><D2/><U114/><E3/><V11/><F35/><W37/><G37/><T122/><D0/><U22/><E114/><V94/><F16/><W119/><G119/><T80/><D122/><U60/><E42/><V115/><F115/><W67/><AGARI ba="0,1" hai="18,20,25,50,51,62,67,68,73,76,83,87,90,93" machi="67" ten="30,4000,0" yaku="1,1,0,1,53,1" doraHai="117" doraHaiUra="15" who="3" fromWho="3" sc="273,-10,274,-10,224,-20,219,50" /><INIT seed="3,0,0,2,4,128" ten="263,264,204,269" oya="3" hai0="109,61,46,117,80,118,58,36,88,93,40,25,15" hai1="84,21,50,9,70,111,104,81,101,123,122,127,38" hai2="78,16,86,30,83,23,31,73,69,44,94,12,98" hai3="18,132,60,125,72,75,77,3,126,48,26,100,22"/><W55/><G3/><T47/><D109/><U63/><E38/><V67/><F73/><N who="3" m="28235" /><G77/><T79/><D47/><U96/><E111/><V51/><F67/><W66/><G100/><T1/><D1/><U121/><E127/><N who="3" m="48650" /><G48/><T92/><D92/><U42/><E21/><V6/><F6/><W89/><G89/><T5/><D25/><U120/><E9/><V129/><F69/><N who="3" m="42183" /><G55/><T64/><D5/><U37/><E50/><V56/><F129/><W87/><G87/><T8/><D80/><U13/><E63/><V49/><F56/><W28/><G28/><N who="2" m="10793" /><F44/><W11/><G11/><T68/><D79/><U85/><E70/><V19/><F19/><W112/><G112/><T99/><D68/><U91/><E84/><V105/><F105/><W82/><G82/><T7/><AGARI ba="0,0" hai="7,8,15,36,40,46,58,61,64,88,93,99,117,118" machi="7" ten="20,2700,0" yaku="0,1,7,1,54,1" doraHai="128" who="0" fromWho="0" sc="263,27,264,-7,204,-7,269,-13" /><INIT seed="4,0,0,3,3,63" ten="290,257,197,256" oya="0" hai0="89,115,76,66,84,121,34,60,56,108,80,6,44" hai1="82,50,135,133,0,12,100,120,2,124,30,67,40" hai2="5,69,113,18,4,134,111,77,75,122,36,109,23" hai3="25,130,95,129,48,117,112,1,14,105,45,52,29"/><T103/><D121/><U31/><E120/><V102/><F122/><W70/><G105/><T65/><D34/><U79/><E100/><V21/><F69/><W90/><G117/><T126/><D115/><U20/><E124/><V27/><F36/><W55/><G1/><T73/><D126/><U114/><E114/><V15/><F102/><W10/><G70/><T83/><D6/><N who="2" m="2666" /><F77/><W98/><G112/><T104/><D108/><N who="2" m="41546" /><F75/><W107/><G107/><T62/><D44/><N who="1" m="25863" /><E82/><V19/><F113/><W26/><G55/><T68/><D103/><U33/><E79/><V46/><F46/><W127/><G127/><T42/><D104/><U28/><E33/><V35/><F35/><W49/><G49/><T37/><D42/><U74/><E74/><V123/><F123/><W119/><G119/><T51/><D51/><U38/><E38/><V13/><F134/><N who="1" m="51209" /><E20/><N who="2" m="7755" /><F27/><W118/><G26/><T88/><D37/><U110/><E110/><V91/><F91/><AGARI ba="0,0" hai="56,60,62,65,66,68,73,76,80,83,84,88,89,91" machi="91" ten="30,11600,0" yaku="7,1,52,2,54,1" doraHai="63" who="0" fromWho="2" sc="290,116,257,0,197,-116,256,0" owari="406,50.6,257,5.7,81,-41.9,256,-14.4" /></mjloggm>