<mjloggm ver="2.3"><GO type="225" lobby="0"/><UN n0="%6C%61%6D%62" n1="%E7%B4%94%E6%BD%94%E3%83%94%E3%83%A9%E3%83%8B%E3%82%A2" n2="%E3%81%99%E3%81%84%E3%81%BE%E3%81%9B%E3%83%BC%E3%82%93" n3="%E4%B8%89%E5%88%86%E5%B0%8F%E5%83%A7" dan="16,17,18,16" rate="2188.31,2201.91,2185.83,2098.66" sx="M,M,M,M"/><TAIKYOKU oya="0"/><INIT seed="0,0,0,5,2,40" ten="250,250,250,250" oya="0" hai0="134,87,21,46,78,7,35,74,25,89,92,28,0" hai1="2,130,14,124,105,118,119,90,70,44,12,5,24" hai2="56,133,84,61,29,10,88,42,6,128,59,69,17" hai3="126,113,80,97,39,125,99,18,33,104,22,47,66"/><T95/><D134/><U71/><E105/><V1/><F133/><W13/><G33/><T58/><D35/><U102/><E102/><V122/><F122/><W43/><G113/><T117/><D117/><U115/><E115/><V9/><F128/><W3/><G3/><T23/><D74/><U121/><E121/><V77/><F77/><W62/><G80/><T81/><D0/><U72/><E72/><V109/><F109/><W132/><G132/><T75/><D7/><U120/><E130/><V4/><F17/><W20/><G20/><T98/><D58/><U85/><E24/><V127/><F29/><W68/><REACH who="3" step="1"/><G104/><REACH who="3" ten="250,250,250,240" step="2"/><T112/><D112/><U26/><E2/><V38/><F1/><W27/><G27/><T53/><D21/><U19/><E14/><V129/><F129/><W32/><G32/><T79/><D92/><U82/><E12/><V30/><F10/><W34/><G34/><T49/><REACH who="0" step="1"/><D75/><REACH who="0" ten="240,250,250,240" step="2"/><U106/><E120/><V36/><F9/><W48/><G48/><T86/><D86/><U67/><E85/><V65/><F84/><W76/><G76/><AGARI ba="0,2" hai="23,25,28,46,49,53,76,78,79,81,87,89,95,98" machi="76" ten="30,12000,1" yaku="1,1,7,1,8,1,52,1,53,1" doraHai="40" doraHaiUra="41" who="0" fromWho="3" sc="240,140,250,0,250,0,240,-120" /><INIT seed="0,1,0,4,1,78" ten="380,250,250,120" oya="0" hai0="114,16,84,112,90,45,79,118,28,30,69,99,32" hai1="20,54,128,63,29,9,70,77,113,76,5,2,22" hai2="124,83,3,88,21,81,106,42,73,123,39,26,34" hai3="85,68,57,49,1,17,119,105,0,15,109,47,27"/><T14/><D118/><U74/><E128/><V52/><F123/><W55/><G68/><T132/><D69/><U104/><E113/><V101/><F34/><W111/><G105/><T95/><D132/><U65/><E104/><V93/><F3/><W12/><G27/><T41/><D32/><U56/><E29/><V62/><F73/><W116/><G15/><T46/><D112/><U44/><E44/><N who="0" m="17001" /><D114/><U60/><REACH who="1" step="1"/><E76/><REACH who="1" ten="380,240,250,120" step="2"/><V24/><F106/><W75/><G119/><T31/><D41/><U110/><E110/><V61/><F42/><W10/><G116/><T107/><D107/><U71/><E71/><V37/><F37/><W103/><G111/><T6/><D79/><U7/><E7/><V86/><F39/><W100/><G47/><T51/><D6/><U129/><E129/><V120/><F120/><W96/><G109/><T8/><D51/><U133/><E133/><V18/><F62/><W131/><G131/><T38/><D38/><U97/><E97/><AGARI ba="1,1" hai="8,14,16,28,30,31,84,90,95,97,99" m="17001" machi="97" ten="30,2900,0" yaku="8,1,54,1" doraHai="78" who="0" fromWho="1" sc="380,42,240,-32,250,0,120,0" /><INIT seed="0,2,0,3,1,129" ten="422,208,250,120" oya="0" hai0="23,75,135,43,47,121,39,41,106,68,57,29,112" hai1="52,92,110,83,100,79,9,10,81,77,34,21,58" hai2="78,74,25,117,93,42,80,134,35,115,67,15,56" hai3="5,20,125,62,61,99,60,91,84,18,109,123,108"/><T90/><D112/><U76/><E34/><V3/><F3/><W120/><G5/><T116/><D116/><U73/><E110/><N who="3" m="42602" /><G99/><T26/><D121/><N who="3" m="46665" /><G125/><T69/><D75/><U96/><E21/><V54/><F115/><W111/><N who="3" m="42610" /><W72/><DORA hai="102" /><G72/><T30/><D106/><U32/><E32/><V105/><F105/><W45/><G45/><T17/><D43/><U118/><E118/><V114/><F42/><W64/><G84/><T49/><D68/><U28/><E28/><V40/><F40/><W131/><G91/><T4/><D90/><U119/><E119/><V51/><F74/><W36/><G36/><T101/><D4/><U65/><E65/><V89/><F67/><W37/><G37/><T1/><D1/><U59/><E59/><V22/><F56/><N who="3" m="36871" /><G131/><T88/><D88/><N who="1" m="55303" /><E73/><V8/><F114/><W126/><G126/><T48/><D39/><U63/><E100/><V98/><F117/><W38/><G38/><T122/><D47/><U82/><AGARI ba="2,0" hai="9,10,52,58,63,76,77,79,81,82,83" m="55303" machi="82" ten="30,4000,0" yaku="8,1,54,2" doraHai="129,102" who="1" fromWho="1" sc="422,-22,208,46,250,-12,120,-12" /><INIT seed="1,0,0,1,2,6" ten="400,254,238,108" oya="1" hai0="22,111,107,80,30,10,65,127,98,134,62,86,26" hai1="131,104,21,19,122,14,99,88,29,96,87,64,18" hai2="38,16,93,135,101,92,7,61,115,46,51,20,73" hai3="77,50,48,52,66,17,54,132,0,103,81,53,34"/><U109/><E122/><V69/><F38/><W28/><G132/><T133/><D111/><U45/><E131/><V72/><F135/><N who="0" m="51722" /><D127/><U49/><E104/><V110/><F110/><W126/><G126/><T129/><D10/><N who="1" m="6487" /><E64/><V114/><F7/><W33/><G103/><N who="0" m="62967" /><D129/><U125/><E29/><V4/><F4/><W32/><G0/><T70/><D86/><U59/><E59/><V41/><F73/><W105/><G105/><T15/><D15/><N who="1" m="9471" /><E109/><V90/><F72/><W39/><G39/><T83/><AGARI ba="0,0" hai="22,26,30,62,65,70,80,83" m="62967,51722" machi="83" ten="30,1100,0" yaku="20,1" doraHai="6" who="0" fromWho="0" sc="400,11,254,-5,238,-3,108,-3" /><INIT seed="2,0,0,2,3,72" ten="411,249,235,105" oya="2" hai0="5,32,3,126,24,53,68,96,57,11,103,88,44" hai1="48,42,76,66,58,106,17,89,0,111,102,1,73" hai2="55,28,101,121,52,37,104,6,94,119,69,127,35" hai3="7,80,67,110,62,2,49,33,105,95,109,116,14"/><V70/><F121/><W115/><G105/><T131/><D68/><U125/><E111/><V40/><F119/><W132/><G116/><T29/><D131/><U59/><E125/><V61/><F104/><W74/><G2/><T21/><D126/><U41/><E89/><V100/><F127/><W12/><G33/><T60/><D44/><U71/><E106/><V120/><F6/><W45/><G132/><T20/><D88/><U114/><E73/><V23/><F35/><W63/><G115/><T65/><D65/><U128/><E17/><V83/><F83/><W50/><G95/><AGARI ba="0,0" hai="3,5,11,20,21,24,29,32,53,57,60,95,96,103" machi="95" ten="30,1000,0" yaku="7,1" doraHai="72" who="0" fromWho="3" sc="411,10,249,0,235,0,105,-10" /><INIT seed="3,0,0,4,2,112" ten="421,249,235,95" oya="3" hai0="36,25,129,9,12,105,31,35,33,104,74,58,83" hai1="40,62,102,86,16,131,45,61,47,15,18,70,48" hai2="43,69,133,98,28,71,59,17,73,95,39,82,21" hai3="122,38,91,126,114,68,22,120,103,77,24,49,101"/><W128/><G38/><T81/><D36/><U20/><E70/><V29/><F133/><W76/><G68/><T52/><D33/><U72/><E72/><V132/><F132/><W2/><G2/><T56/><D56/><U10/><E131/><V88/><F71/><W130/><G49/><T44/><D44/><N who="1" m="25607" /><E102/><N who="3" m="38922" /><G22/><T78/><D83/><U13/><E86/><V127/><F69/><W125/><G24/><T53/><D53/><U3/><E3/><V6/><F127/><N who="3" m="48651" /><G91/><T100/><D25/><U63/><AGARI ba="0,0" hai="10,13,15,16,18,20,45,47,61,62,63" m="25607" machi="63" ten="30,2000,0" yaku="8,1,54,1" doraHai="112" who="1" fromWho="1" sc="421,-5,249,20,235,-5,95,-10" owari="416,51.6,269,6.9,230,-17.0,85,-41.5" /></mjloggm>