<mjloggm ver="2.3"><GO type="225" lobby="0"/><UN n0="%E3%83%8F%E3%82%AC%E3%82%BF%E3%82%AB%E3%81%AE%E3%81%88%E3%81%98%E3%81%8D" n1="%E3%80%90%E3%83%88%E3%83%AA%E3%83%A5%E3%83%95%E3%80%91" n2="%E7%89%B9%E6%9D%B1%E3%81%AF%E4%B8%96%E7%95%8C%E3%82%92%E6%95%91%E3%81%86" n3="%E3%83%94%E3%83%B3%E3%82%B5%E3%83%AD%E5%BA%97%E5%93%A1" dan="17,16,16,16" rate="2170.43,2054.61,2122.44,2146.60" sx="M,M,M,M"/><TAIKYOKU oya="0"/><INIT seed="0,0,0,3,3,5" ten="250,250,250,250" oya="0" hai0="132,106,16,29,126,30,38,63,84,110,120,48,42" hai1="89,117,113,72,39,85,14,98,18,71,46,122,32" hai2="12,127,111,67,2,65,52,73,104,90,86,70,130" hai3="9,10,97,7,6,93,33,101,23,95,119,62,22"/><T55/><D106/><U26/><E72/><V66/><F2/><W116/><G33/><T103/><D103/><U125/><E117/><V96/><F73/><W24/><G62/><T87/><D120/><U20/><E125/><V49/><F127/><W28/><G119/><T53/><D126/><U83/><E71/><V102/><F111/><W82/><G116/><T108/><D38/><U91/><E113/><V4/><F130/><W76/><G23/><T121/><D121/><U79/><E122/><V50/><F70/><W0/><G93/><T54/><D63/><U34/><E34/><V129/><F129/><W64/><G64/><T99/><D99/><U105/><E105/><V47/><F50/><W75/><REACH who="3" step="1"/><G0/><REACH who="3" ten="250,250,250,240" step="2"/><T59/><D110/><U123/><E123/><V51/><F66/><W35/><G35/><T100/><D108/><U77/><E32/><V114/><F114/><W17/><G17/><T78/><D16/><U80/><E20/><V61/><F61/><W81/><G81/><T45/><D29/><U27/><E80/><V21/><F21/><W115/><G115/><T94/><D30/><U31/><E31/><V58/><F67/><W107/><G107/><T57/><D94/><U41/><E18/><V88/><F65/><W25/><G25/><T1/><D1/><U133/><E26/><V36/><F36/><W19/><G19/><T44/><D59/><U11/><E27/><V69/><F58/><W112/><G112/><T135/><D57/><U109/><E109/><V124/><F104/><W43/><G43/><T60/><D42/><U37/><E41/><RYUUKYOKU ba="0,1" sc="250,-10,250,-10,250,-10,240,30" hai3="6,7,9,10,22,24,28,75,76,82,95,97,101" /><INIT seed="1,1,1,5,0,24" ten="240,240,240,270" oya="1" hai0="79,47,68,25,65,127,54,74,4,87,63,73,75" hai1="10,46,125,72,112,13,51,81,21,62,78,16,26" hai2="129,104,35,88,34,12,18,84,97,77,15,44,102" hai3="60,94,100,37,19,93,69,105,30,126,113,8,36"/><U49/><E125/><V23/><F129/><W6/><G113/><T80/><D127/><U111/><E112/><V53/><F77/><W71/><G126/><T134/><D134/><U22/><E111/><V11/><F44/><W17/><G105/><T85/><D4/><U106/><E106/><V110/><F53/><W20/><G100/><T107/><D107/><U5/><E62/><V121/><F121/><W70/><G60/><T90/><D25/><U131/><E131/><V99/><F99/><W82/><G82/><T128/><D128/><U64/><E64/><V92/><REACH who="2" step="1"/><F110/><REACH who="2" ten="240,240,230,270" step="2"/><W116/><G116/><T66/><D66/><U91/><E46/><V1/><F1/><W57/><G37/><T9/><D54/><U33/><E91/><V55/><F55/><W7/><G36/><T48/><D47/><U130/><E130/><V89/><F89/><W122/><G122/><T40/><D40/><U117/><E117/><V3/><F3/><W42/><G42/><T135/><D135/><U31/><REACH who="1" step="1"/><E21/><REACH who="1" ten="240,230,230,270" step="2"/><V115/><F115/><W28/><G20/><T56/><D65/><U59/><E59/><V96/><F96/><W76/><G57/><T45/><D56/><U95/><E95/><V118/><F118/><W133/><G133/><T119/><D119/><U98/><E98/><V52/><F52/><W38/><G71/><T86/><D68/><U132/><E132/><V101/><F101/><W83/><G70/><T61/><D90/><U27/><AGARI ba="1,3" hai="5,10,13,16,22,26,27,31,33,49,51,72,78,81" machi="27" ten="20,12000,1" yaku="1,1,0,1,7,1,52,1,54,1,53,0" doraHai="24" doraHaiUra="124" who="1" fromWho="1" sc="240,-41,230,153,230,-41,270,-41" /><INIT seed="1,2,0,3,4,17" ten="199,383,189,229" oya="1" hai0="20,9,116,126,123,113,89,8,49,67,15,7,88" hai1="80,31,66,125,110,69,32,117,45,41,134,104,55" hai2="10,38,76,118,106,23,19,119,50,12,13,57,98" hai3="72,3,28,94,18,73,108,34,1,81,14,16,52"/><U135/><E117/><V46/><F38/><W131/><G108/><T129/><D116/><U24/><E110/><V103/><F76/><W37/><G37/><T58/><D113/><U43/><E104/><V122/><F57/><W95/><G131/><T22/><D129/><U70/><E125/><V90/><F90/><N who="0" m="34922" /><D126/><U30/><E80/><V26/><F13/><W79/><G73/><T93/><D123/><U47/><E66/><V114/><F114/><W21/><G28/><T107/><D107/><U102/><E24/><V68/><F68/><W65/><G34/><T40/><D8/><U75/><E75/><V133/><F133/><W83/><G65/><T109/><D109/><U128/><E128/><V82/><F82/><W56/><G83/><T61/><D93/><U87/><E32/><V0/><F0/><W130/><G130/><T112/><D112/><U101/><E87/><V120/><F120/><W60/><REACH who="3" step="1"/><G18/><REACH who="3" ten="199,383,189,219" step="2"/><T132/><D132/><U74/><E74/><V53/><REACH who="2" step="1"/><F122/><REACH who="2" ten="199,383,179,219" step="2"/><W4/><G4/><AGARI ba="2,2" hai="4,10,12,19,23,26,46,50,53,98,103,106,118,119" machi="4" ten="30,12000,2" yaku="1,1,2,1,7,1,52,1,53,2" doraHai="17" doraHaiUra="115" who="2" fromWho="3" sc="199,0,383,0,179,146,219,-126" /><INIT seed="2,0,0,2,2,7" ten="199,383,325,93" oya="2" hai0="131,6,20,76,29,90,97,78,65,62,100,11,85" hai1="83,111,1,71,79,89,77,32,124,108,56,59,88" hai2="72,26,95,120,33,82,48,53,68,42,101,45,67" hai3="46,86,34,119,54,105,125,93,128,16,37,49,113"/><V104/><F120/><W123/><G123/><T51/><D131/><U61/><E32/><V127/><F95/><W8/><G119/><T28/><D51/><U116/><E116/><V135/><F135/><W73/><G73/><T55/><D55/><U103/><E103/><V25/><F127/><W107/><G34/><T133/><D133/><U64/><E1/><V17/><F33/><W110/><G128/><T31/><D20/><U36/><E36/><V122/><F122/><W70/><G70/><T0/><D90/><N who="1" m="34923" /><E77/><V117/><F117/><W57/><G93/><T22/><D22/><U80/><E80/><V87/><F72/><W81/><G125/><T2/><D2/><U75/><E124/><V30/><F30/><W41/><G110/><AGARI ba="0,0" hai="56,59,61,64,71,75,79,83,108,110,111" m="34923" machi="110" ten="30,2000,0" yaku="14,1,54,1" doraHai="7" who="1" fromWho="3" sc="199,0,383,20,325,0,93,-20" /><INIT seed="3,0,0,5,4,120" ten="199,403,325,73" oya="3" hai0="26,2,131,49,19,68,125,76,107,135,102,128,101" hai1="132,130,11,129,58,124,24,90,88,133,3,46,85" hai2="99,84,53,54,15,79,41,93,103,64,32,106,12" hai3="51,115,63,108,111,9,116,72,36,13,123,27,98"/><W59/><G115/><T95/><D107/><U6/><E46/><V42/><F32/><W28/><G116/><T18/><D68/><U61/><E24/><V104/><F64/><W30/><G36/><T74/><D2/><U60/><E124/><V17/><F79/><W82/><G123/><T110/><D125/><U5/><E5/><V112/><F112/><W34/><G30/><T14/><D135/><N who="1" m="51787" /><E61/><V87/><F93/><W8/><G51/><T37/><D76/><U31/><E31/><V122/><F122/><W66/><G72/><T23/><D102/><U39/><E39/><V69/><F103/><W45/><G82/><T55/><D74/><U77/><E77/><V100/><F100/><W52/><G45/><T38/><D95/><N who="1" m="54671" /><E90/><V33/><F17/><W126/><G126/><T117/><D55/><AGARI ba="0,0" hai="3,6,11,55,58,60,129,130" m="54671,51787" machi="55" ten="30,2000,0" yaku="20,1,54,1" doraHai="120" who="1" fromWho="0" sc="199,-20,403,20,325,0,73,0" owari="179,-22.1,423,52.3,325,12.5,73,-42.7" /></mjloggm>