<mjloggm ver="2.3"><GO type="225" lobby="0"/><UN n0="%E5%A4%96%E5%B7%9D%E7%AB%9C%E6%88%90" n1="%E9%B3%B3%E6%9D%B1%E3%81%AE%E3%81%86%E3%81%95%E3%81%8E%E3%81%95%E3%82%93" n2="%E3%81%82%E3%81%99%E3%81%AB%E3%82%83%E3%82%80" n3="%E9%89%A2%E5%B7%BB%E3%82%AC%E3%83%96" dan="16,17,16,16" rate="2223.35,2268.70,2064.66,2098.22" sx="M,M,F,M"/><TAIKYOKU oya="0"/><INIT seed="0,0,0,3,3,15" ten="250,250,250,250" oya="0" hai0="60,6,122,35,52,91,112,46,12,1,75,102,93" hai1="10,38,133,71,85,40,42,127,78,41,14,67,100" hai2="103,110,76,69,126,94,19,17,116,88,2,134,84" hai3="59,111,79,53,18,65,32,119,39,26,5,22,106"/><T24/><D112/><U128/><E128/><V62/><F2/><W23/><G111/><T104/><D75/><U0/><E0/><V80/><F110/><W97/><G39/><T115/><D115/><U98/><E133/><V34/><F34/><W73/><G32/><T113/><D113/><U51/><E38/><V72/><F134/><W125/><G125/><T131/><D1/><U107/><E127/><V36/><F36/><W30/><G5/><T83/><D104/><U57/><E71/><V66/><F126/><W27/><G65/><T82/><D102/><U70/><E70/><V58/><F116/><W11/><G11/><T13/><D122/><U109/><E109/><V90/><F103/><W16/><G106/><T99/><D131/><U3/><E3/><V56/><F56/><W29/><G97/><T31/><D13/><U118/><E118/><V135/><F135/><W43/><G43/><T124/><D124/><U123/><E123/><V86/><F69/><W108/><G108/><T105/><D105/><U49/><E57/><V74/><F74/><W64/><G64/><T81/><D60/><U25/><E25/><V50/><F50/><W96/><G96/><T101/><D101/><U45/><E67/><V21/><F21/><W120/><G120/><T68/><D68/><U130/><E49/><V4/><F4/><W132/><G132/><T48/><D6/><N who="1" m="3415" /><E130/><V117/><F117/><W61/><G119/><T63/><D63/><U87/><E87/><V54/><F66/><W89/><G89/><T129/><D129/><U33/><E33/><V44/><F44/><RYUUKYOKU ba="0,0" sc="250,0,250,0,250,0,250,0" hai0="12,24,31,35,46,48,52,81,82,83,91,93,99" hai1="40,41,42,45,51,78,85,98,100,107" hai2="17,19,54,58,62,72,76,80,84,86,88,90,94" hai3="16,18,22,23,26,27,29,30,53,59,61,73,79" /><INIT seed="0,1,0,0,4,135" ten="250,250,250,250" oya="0" hai0="55,85,12,120,83,94,122,73,89,91,11,64,58" hai1="123,40,8,54,95,1,75,81,104,48,60,3,69" hai2="24,46,96,108,133,88,109,45,125,114,35,28,113" hai3="82,103,118,7,116,126,77,128,74,124,129,52,101"/><T71/><D71/><U90/><E123/><V47/><F133/><W50/><G7/><T107/><D107/><U31/><E104/><V80/><F125/><N who="3" m="48235" /><G50/><T32/><D32/><U67/><E31/><V14/><F14/><W121/><G121/><T57/><D64/><U43/><E81/><V66/><F66/><W51/><G118/><T131/><D131/><N who="3" m="50249" /><G116/><T92/><D73/><U93/><E75/><V20/><F35/><W39/><G39/><T27/><D27/><U41/><E3/><V97/><F45/><AGARI ba="1,0" hai="45,51,52,74,77,82,101,103" m="50249,48235" machi="45" ten="30,12000,2" yaku="18,1,19,1,52,3,54,1" doraHai="135" who="3" fromWho="2" sc="250,0,250,0,250,-123,250,123" /><INIT seed="1,0,0,3,1,116" ten="250,250,127,373" oya="1" hai0="3,124,50,47,44,10,101,78,80,51,56,106,15" hai1="63,104,91,82,100,109,26,14,75,123,67,96,34" hai2="27,62,0,16,73,41,112,102,99,61,70,76,6" hai3="46,49,132,32,18,121,19,1,131,115,122,33,7"/><U31/><E14/><V95/><F112/><W25/><G49/><T53/><D3/><U58/><E109/><V90/><F41/><W5/><G46/><T23/><D106/><U11/><E11/><V24/><F0/><W12/><G115/><T54/><D101/><U8/><E8/><V81/><F6/><N who="3" m="2059" /><G1/><T125/><D23/><U105/><E105/><V128/><F128/><W119/><G119/><T93/><D93/><U129/><E129/><V114/><F114/><W127/><G131/><T89/><D56/><U38/><E38/><V55/><F70/><W68/><G68/><T9/><D89/><U59/><E123/><N who="3" m="47114" /><G132/><T111/><D111/><U130/><E130/><V42/><F42/><W98/><G98/><T92/><D92/><U35/><E35/><V103/><F61/><W29/><G33/><T79/><D15/><U87/><REACH who="1" step="1"/><E75/><REACH who="1" ten="250,240,127,373" step="2"/><V20/><REACH who="2" step="1"/><F27/><REACH who="2" ten="250,240,117,373" step="2"/><W120/><G120/><T30/><D30/><U77/><E77/><V17/><F17/><W52/><G19/><T13/><D13/><U64/><E64/><V2/><F2/><W48/><G18/><T4/><D4/><U65/><E65/><V21/><F21/><W74/><G12/><T97/><D79/><U133/><E133/><V43/><F43/><W88/><G25/><T84/><D9/><U108/><E108/><V117/><F117/><W134/><G29/><T57/><D10/><U86/><E86/><V36/><F36/><W45/><G134/><T118/><D118/><U28/><E28/><V85/><F85/><W94/><G32/><T22/><D22/><U126/><E126/><RYUUKYOKU ba="0,2" sc="250,-15,240,15,117,15,373,-15" hai1="26,31,34,58,59,63,67,82,87,91,96,100,104" hai2="16,20,24,55,62,73,76,81,90,95,99,102,103" /><INIT seed="1,1,2,0,0,49" ten="235,255,132,358" oya="1" hai0="58,82,17,78,64,109,134,9,81,18,35,56,104" hai1="115,47,100,83,45,36,54,73,26,88,80,53,15" hai2="21,132,2,102,74,32,105,4,133,7,97,25,86" hai3="70,116,89,41,85,121,94,110,46,114,42,126,65"/><U117/><E115/><V122/><F74/><W124/><G121/><T87/><D104/><U13/><E117/><V118/><F122/><W48/><G114/><T63/><D35/><U59/><E100/><V34/><F118/><W103/><G116/><T84/><D109/><U128/><E128/><V76/><F32/><W28/><G110/><T101/><D134/><N who="2" m="51818" /><F2/><W29/><G41/><T120/><D120/><U30/><E73/><V107/><F107/><W135/><G135/><T55/><D9/><U60/><E36/><V127/><F34/><W20/><G20/><T113/><D101/><U37/><E37/><V44/><F44/><N who="1" m="16969" /><E26/><V75/><F75/><W96/><G65/><T129/><D129/><U52/><E30/><N who="2" m="17711" /><F127/><N who="3" m="48683" /><G70/><T0/><D0/><U11/><E13/><V40/><F40/><W10/><G10/><T67/><D67/><N who="1" m="39327" /><E88/><V8/><F8/><W16/><G16/><AGARI ba="1,2" hai="11,15,16,52,53,54,80,83" m="39327,16969" machi="16" ten="30,18000,2" yaku="8,1,52,3,54,2" doraHai="49" who="1" fromWho="3" sc="235,0,255,203,132,0,358,-183" /><INIT seed="1,2,0,3,1,36" ten="235,458,132,175" oya="1" hai0="108,128,16,50,84,45,71,58,86,67,26,4,114" hai1="117,121,30,68,65,11,0,97,87,46,28,100,74" hai2="20,78,62,120,38,61,111,34,70,91,119,106,99" hai3="89,102,98,124,15,75,39,116,37,24,81,32,112"/><U113/><E113/><V83/><F34/><W60/><G112/><T1/><D114/><U27/><E117/><V105/><F119/><W125/><G116/><T101/><D71/><U12/><E74/><V57/><F38/><W66/><G15/><T31/><D108/><U131/><E121/><V29/><F111/><W18/><G18/><T5/><D128/><U59/><E0/><V80/><F70/><W17/><G17/><T25/><D101/><U48/><E131/><V103/><F120/><W95/><G39/><T40/><D1/><U93/><E68/><V54/><F106/><W127/><G37/><T79/><D26/><U132/><E132/><V122/><F91/><W44/><G44/><T2/><D31/><U22/><E28/><V33/><F33/><W47/><G47/><T96/><D96/><U76/><E76/><V72/><F83/><W69/><G24/><T85/><D79/><U134/><E87/><V35/><F35/><W110/><G32/><T56/><D2/><U63/><E134/><V104/><F104/><W42/><G110/><T109/><D109/><U14/><E11/><V94/><F105/><W13/><G13/><T118/><D118/><U92/><E92/><V8/><F8/><W135/><G135/><T7/><D67/><U43/><AGARI ba="2,0" hai="12,14,22,27,30,43,46,48,59,63,65,93,97,100" machi="43" ten="20,18000,2" yaku="0,1,7,1,25,2,8,1,52,1" doraHai="36" who="1" fromWho="1" sc="235,-62,458,186,132,-62,175,-62" /><INIT seed="1,3,0,0,0,7" ten="173,644,70,113" oya="1" hai0="17,84,124,93,48,129,22,135,9,29,95,13,55" hai1="109,54,11,110,134,50,85,102,71,106,16,120,40" hai2="119,68,60,51,87,131,132,23,62,21,100,20,78" hai3="117,53,133,108,99,105,39,28,5,6,118,52,123"/><U86/><E120/><V59/><F119/><N who="3" m="45579" /><G123/><T42/><D124/><U30/><E71/><V31/><F132/><W25/><G39/><T56/><D129/><U115/><E115/><V126/><F126/><W61/><G133/><T75/><D75/><U98/><E40/><V74/><F74/><W3/><G108/><N who="1" m="41578" /><E30/><V2/><F2/><W27/><G27/><N who="0" m="16631" /><D135/><U19/><E134/><V113/><F113/><W34/><G61/><N who="0" m="35999" /><D84/><N who="1" m="32363" /><E11/><V33/><F68/><W122/><G122/><T88/><D88/><U63/><E63/><V4/><F62/><W10/><G6/><T66/><D66/><U128/><E128/><V24/><F4/><W38/><G38/><T44/><AGARI ba="3,0" hai="9,13,17,42,44,48,93,95" m="35999,16631" machi="44" ten="30,2000,0" yaku="8,1,52,1" doraHai="7" who="0" fromWho="0" sc="173,29,644,-13,70,-8,113,-8" /><INIT seed="2,0,0,4,0,30" ten="202,631,62,105" oya="2" hai0="22,120,108,4,74,106,10,27,95,65,62,66,2" hai1="102,29,109,9,133,111,130,96,87,24,47,71,121" hai2="64,117,112,101,91,53,100,105,19,119,12,81,7" hai3="126,35,86,63,15,98,48,46,32,128,104,28,103"/><V16/><F112/><W123/><G123/><T42/><D106/><U45/><E121/><V92/><F64/><W31/><G126/><T54/><D120/><U125/><E71/><V93/><F105/><W55/><G128/><T113/><D74/><U61/><E61/><V34/><F34/><W88/><G28/><T90/><D42/><U82/><E125/><V58/><F117/><W41/><G15/><T116/><D108/><N who="1" m="41547" /><E9/><N who="2" m="4159" /><F119/><W13/><G13/><T23/><D23/><N who="1" m="15519" /><E133/><V21/><F81/><W76/><G76/><T107/><D107/><N who="1" m="63943" /><E130/><V37/><F37/><W67/><G31/><T6/><D6/><U89/><AGARI ba="0,0" hai="45,47,82,87,89" m="63943,15519,41547" machi="89" ten="30,1100,0" yaku="14,1" doraHai="30" who="1" fromWho="1" sc="202,-3,631,11,62,-5,105,-3" /><INIT seed="3,0,0,1,5,120" ten="199,642,57,102" oya="3" hai0="78,8,106,71,85,36,44,104,108,80,110,40,128" hai1="60,129,124,130,89,28,112,25,95,100,135,97,21" hai2="7,6,58,22,101,99,62,12,50,23,79,45,9" hai3="39,82,117,86,43,94,54,107,84,49,131,30,14"/><W24/><G117/><T35/><D35/><U66/><E112/><V17/><F79/><W31/><G107/><T98/><D71/><N who="1" m="42439" /><E135/><V102/><F6/><W41/><G131/><N who="1" m="50186" /><E124/><V74/><F74/><W65/><G65/><T133/><D8/><U33/><E33/><V90/><F90/><AGARI ba="0,0" hai="21,25,28,89,90,95,97,100" m="50186,42439" machi="90" ten="30,1000,0" yaku="19,1" doraHai="120" who="1" fromWho="2" sc="199,0,642,10,57,-10,102,0" owari="199,-0.1,652,75.2,47,-45.3,102,-29.8" /></mjloggm>