<mjloggm ver="2.3"><GO type="225" lobby="0"/><UN n0="%E6%B8%A9%E2%98%85%E6%83%85%E2%98%85%E6%8E%AA%E2%98%85%E7%BD%AE" n1="%E5%B0%8F%37%34" n2="%48%61%61%61%6C%61%6E%64" n3="%E5%8F%AF%E5%85%90%E9%82%A3%E7%94%B1%E5%A4%9A" dan="17,16,18,17" rate="2267.56,2163.06,2199.98,2152.19" sx="M,M,M,F"/><TAIKYOKU oya="0"/><INIT seed="0,0,0,5,3,73" ten="250,250,250,250" oya="0" hai0="35,131,130,82,133,38,8,98,41,46,51,91,93" hai1="66,4,7,104,45,90,69,117,75,127,123,23,106" hai2="87,112,83,49,99,132,61,68,40,105,53,59,109" hai3="10,26,116,114,108,100,89,28,110,17,50,24,1"/><T120/><D120/><U0/><E123/><V19/><F112/><W88/><G114/><T48/><D133/><U85/><E117/><V57/><F132/><W81/><G116/><T113/><D113/><U107/><E75/><V34/><F109/><N who="3" m="42091" /><G100/><T71/><D71/><U32/><E32/><V33/><F68/><W119/><G119/><T128/><D35/><U134/><E134/><V80/><F80/><W12/><G1/><T2/><REACH who="0" step="1"/><D82/><REACH who="0" ten="240,250,250,250" step="2"/><U97/><E69/><V43/><F33/><N who="3" m="20615" /><G81/><T63/><D63/><U20/><E107/><V58/><F61/><W56/><G26/><T111/><D111/><U78/><E106/><V64/><F83/><W95/><G95/><T86/><D86/><U42/><E104/><V115/><F87/><W96/><G96/><T122/><D122/><U67/><E97/><V16/><F99/><W27/><G27/><T11/><D11/><U5/><E85/><V3/><F105/><W121/><G121/><T36/><D36/><U65/><E90/><V44/><F115/><W39/><G39/><T55/><D55/><AGARI ba="0,1" hai="10,12,17,50,55,56,88,89" m="20615,42091" machi="55" ten="30,2000,0" yaku="14,1,54,1" doraHai="73" who="3" fromWho="0" sc="240,-20,250,0,250,0,250,30" /><INIT seed="1,0,0,3,4,26" ten="220,250,250,280" oya="1" hai0="40,92,29,60,67,117,132,43,38,0,33,25,121" hai1="36,62,134,2,28,44,49,11,10,122,77,98,109" hai2="68,57,14,7,124,20,135,102,37,112,15,65,90" hai3="45,96,86,123,85,22,111,118,54,4,39,21,94"/><U131/><E122/><V71/><F37/><W55/><G123/><T18/><D121/><U70/><E36/><V24/><F124/><W51/><G111/><T119/><D132/><U107/><E134/><V72/><F135/><W50/><G39/><T32/><D0/><U64/><E2/><V110/><F72/><W52/><G118/><T101/><D33/><U47/><E109/><V125/><F125/><W126/><G4/><T3/><D3/><U93/><E44/><V17/><F110/><W42/><G126/><T127/><D127/><U95/><E131/><V74/><F74/><W8/><G8/><T1/><D1/><U27/><E77/><V106/><F106/><W130/><G51/><T81/><D81/><U58/><E70/><V113/><F102/><W6/><G6/><T115/><D18/><U31/><E107/><V9/><F90/><W46/><G46/><T63/><D63/><U53/><E93/><V100/><F100/><N who="3" m="60439" /><G130/><T19/><D115/><N who="2" m="44106" /><F14/><W5/><G5/><T56/><D38/><U99/><E99/><V80/><F80/><W129/><G129/><T116/><D92/><U114/><E114/><V87/><F87/><AGARI ba="0,0" hai="21,22,42,45,50,52,54,55,85,86,87" m="60439" machi="87" ten="30,2000,0" yaku="8,1,54,1" doraHai="26" who="3" fromWho="2" sc="220,0,250,0,250,-20,280,20" /><INIT seed="2,0,0,0,4,78" ten="220,250,230,300" oya="2" hai0="95,49,114,104,35,107,90,21,7,126,110,122,119" hai1="127,124,53,16,82,42,48,23,29,72,94,132,86" hai2="128,47,1,8,34,64,74,31,45,28,32,85,3" hai3="2,12,36,65,10,118,30,135,115,27,130,129,15"/><V20/><F74/><W134/><G36/><T108/><D35/><U33/><E132/><N who="3" m="50730" /><G65/><T106/><D114/><U68/><E68/><V59/><F128/><N who="3" m="49259" /><G115/><T63/><D122/><U11/><E42/><V97/><F32/><N who="3" m="20575" /><G118/><T112/><D112/><U84/><E72/><V92/><F34/><W111/><G111/><T14/><D119/><U79/><E33/><V4/><F3/><W50/><G50/><T117/><D49/><U0/><E0/><V109/><F109/><W17/><G2/><T88/><D117/><U19/><E48/><V13/><F85/><W101/><G101/><T18/><D110/><U105/><E86/><V133/><F133/><W9/><G15/><T41/><D41/><U52/><E84/><V39/><F39/><W46/><G46/><T60/><D108/><U69/><E69/><V113/><F113/><W87/><G87/><T91/><D95/><U80/><E94/><V57/><F45/><W44/><G44/><T43/><D43/><U98/><E98/><V96/><F47/><W70/><G70/><T102/><D102/><U62/><E62/><N who="2" m="37967" /><F59/><W24/><G24/><N who="0" m="14391" /><D63/><U120/><E120/><V58/><F97/><W103/><G103/><T67/><D60/><U125/><E105/><N who="0" m="26881" /><T6/><DORA hai="100" /><D67/><U40/><E40/><V75/><F75/><W25/><G25/><T26/><D26/><U56/><E56/><V61/><F92/><W66/><G66/><T38/><D38/><U73/><E73/><V76/><F96/><W54/><G54/><T99/><D99/><U93/><E53/><N who="2" m="33999" /><F76/><W5/><G17/><T77/><D77/><RYUUKYOKU ba="0,0" sc="220,-15,250,-15,230,15,300,15" hai2="1,4,8,13,20,28,31" hai3="5,9,10,12" /><INIT seed="2,1,0,4,5,63" ten="205,235,245,315" oya="2" hai0="20,23,102,66,5,3,108,36,93,54,15,1,113" hai1="132,82,129,96,22,107,35,6,31,52,57,0,130" hai2="89,124,97,24,32,99,64,91,133,48,85,45,103" hai3="50,2,55,79,29,10,62,69,37,127,56,86,17"/><V75/><F75/><W80/><G127/><T44/><D113/><U61/><E132/><V49/><F124/><W53/><G37/><T121/><D121/><U114/><E114/><V59/><F133/><W27/><G69/><T95/><D108/><U78/><E35/><V21/><F32/><W118/><G118/><T101/><D36/><U83/><E0/><V104/><F99/><W120/><G120/><T131/><D131/><N who="1" m="50187" /><E6/><V30/><F85/><W98/><G98/><T74/><D74/><U126/><E126/><V112/><F112/><W81/><G81/><T26/><D3/><U77/><E31/><V105/><F105/><W65/><G50/><N who="0" m="28999" /><D1/><U119/><E22/><N who="0" m="8233" /><D26/><U134/><E119/><V90/><REACH who="2" step="1"/><F45/><REACH who="2" ten="205,235,235,315" step="2"/><W18/><G86/><T58/><D102/><N who="1" m="62919" /><E134/><V110/><F110/><W47/><G47/><T73/><D101/><U123/><E123/><V88/><N who="2" m="22528" /><DORA hai="12" /><V68/><F68/><W76/><G76/><AGARI ba="1,1" hai="52,57,61,76,77,78,82,83" m="62919,50187" machi="76" ten="30,2000,0" yaku="19,1,54,1" doraHai="63,12" who="1" fromWho="3" sc="205,0,235,33,235,0,315,-23" /><INIT seed="3,0,0,3,3,127" ten="205,268,235,292" oya="3" hai0="130,74,11,98,32,39,92,3,80,71,134,110,33" hai1="125,40,91,115,95,17,107,122,121,129,119,56,84" hai2="18,79,43,83,16,112,72,76,124,128,58,88,50" hai3="60,103,44,120,10,69,6,54,78,97,87,73,27"/><W49/><G120/><T34/><D110/><U94/><E115/><V45/><F112/><W36/><G73/><T14/><D134/><U102/><E125/><V42/><F124/><W38/><G27/><T55/><D71/><U25/><E40/><V123/><F123/><W22/><G22/><T1/><D39/><U96/><E119/><V109/><F109/><W132/><G132/><T62/><D62/><U48/><E107/><V89/><F128/><W35/><G35/><T135/><D135/><U29/><E129/><V68/><F68/><W99/><G99/><T117/><D55/><U5/><E5/><V93/><F79/><W24/><G24/><T47/><D47/><U12/><E48/><V126/><F126/><W63/><G63/><T113/><D117/><U7/><E56/><V41/><F58/><W81/><G60/><T46/><D46/><U0/><E7/><V104/><F104/><W101/><G101/><T82/><D113/><U85/><E0/><V86/><REACH who="2" step="1"/><F89/><REACH who="2" ten="205,268,225,292" step="2"/><W70/><G69/><T2/><D130/><U133/><E122/><V53/><AGARI ba="0,1" hai="16,18,41,42,43,45,50,53,72,76,83,86,88,93" machi="53" ten="30,8000,1" yaku="1,1,2,1,0,1,54,2,53,0" doraHai="127" doraHaiUra="8" who="2" fromWho="2" sc="205,-20,268,-20,225,90,292,-40" owari="185,-31.5,248,-15.2,315,41.5,252,5.2" /></mjloggm>