<mjloggm ver="2.3"><GO type="225" lobby="0"/><UN n0="%E3%82%BC%E3%83%AB%E3%83%80%E3%81%AE%E4%BC%9D%E8%AA%AC" n1="%E6%A1%9C%E8%8A%B1%E9%96%83%E3%80%85" n2="%E6%98%93%E5%88%A9%E8%96%A9%E4%BC%AF" n3="%E3%81%BE%E3%81%8B%E3%81%B7%E3%82%93" dan="17,17,16,16" rate="2148.62,2217.69,2115.09,2065.50" sx="M,M,F,M"/><TAIKYOKU oya="0"/><INIT seed="0,0,0,2,1,71" ten="250,250,250,250" oya="0" hai0="118,56,130,125,1,110,75,54,68,65,109,40,121" hai1="21,93,107,51,46,103,79,69,10,67,124,38,83" hai2="100,39,119,26,30,111,89,99,122,31,16,55,15" hai3="88,84,50,115,127,12,80,42,92,0,9,113,28"/><T14/><D118/><U52/><E124/><V2/><F2/><W29/><G127/><T135/><D121/><U17/><E107/><V23/><F111/><N who="0" m="42506" /><D125/><U106/><E106/><V6/><F122/><W123/><G0/><T4/><D75/><U41/><E10/><V102/><F39/><W112/><G123/><T63/><D1/><U129/><E129/><V85/><F119/><W7/><REACH who="3" step="1"/><G80/><REACH who="3" ten="250,250,250,240" step="2"/><T57/><D130/><U114/><E83/><N who="2" m="49343" /><F99/><W66/><G66/><T133/><D40/><U108/><E108/><V62/><F55/><W44/><AGARI ba="0,1" hai="7,9,12,28,29,42,44,50,84,88,92,112,113,115" machi="44" ten="40,5200,0" yaku="1,1,0,1,54,1,53,0" doraHai="71" doraHaiUra="95" who="3" fromWho="3" sc="250,-26,250,-13,250,-13,240,62" /><INIT seed="1,0,0,1,0,48" ten="224,237,237,302" oya="1" hai0="135,85,38,111,104,65,13,76,124,78,130,26,107" hai1="43,51,82,7,108,50,83,44,90,37,100,19,91" hai2="25,3,5,57,56,79,64,116,94,74,28,133,119" hai3="123,29,86,128,14,122,98,6,10,27,55,33,96"/><U63/><E7/><V126/><F133/><W46/><G128/><T53/><D38/><U68/><E100/><V87/><F126/><W62/><G86/><T127/><D65/><U39/><E108/><V93/><F74/><W35/><G35/><T70/><D70/><U42/><E68/><V120/><F120/><W4/><G4/><T20/><D111/><U106/><E63/><V18/><F18/><W34/><G34/><T60/><D13/><U47/><REACH who="1" step="1"/><E19/><REACH who="1" ten="224,227,237,302" step="2"/><V67/><F5/><W8/><G62/><T59/><D124/><U112/><E112/><V58/><F3/><W23/><G123/><T102/><D127/><U125/><E125/><V103/><F103/><W75/><G122/><T88/><D102/><U32/><E32/><V11/><F119/><W41/><G33/><T24/><D135/><U17/><E17/><V113/><F116/><W114/><G114/><T84/><D130/><U109/><E109/><V132/><F132/><W71/><G71/><T73/><D60/><U95/><E95/><V99/><F94/><W45/><G6/><T81/><D104/><AGARI ba="0,1" hai="37,39,42,43,44,47,50,51,82,83,90,91,104,106" machi="104" ten="25,4800,0" yaku="1,1,22,2,53,0" doraHai="48" doraHaiUra="0" who="1" fromWho="0" sc="224,-48,227,58,237,0,302,0" /><INIT seed="1,1,0,1,1,132" ten="176,285,237,302" oya="1" hai0="86,45,2,133,14,44,19,7,9,128,48,28,42" hai1="83,32,18,27,57,120,22,99,63,103,111,51,116" hai2="102,16,122,106,62,118,130,41,26,11,12,36,104" hai3="73,115,114,66,131,52,30,6,13,10,124,69,92"/><U59/><E116/><V43/><F118/><W121/><G121/><T82/><D128/><U3/><E120/><V77/><F122/><W117/><G117/><T70/><D133/><U53/><E3/><V81/><F130/><W123/><G123/><T58/><D70/><U95/><E111/><V90/><F90/><W34/><G131/><T68/><D68/><U127/><E32/><V85/><F62/><W55/><G73/><T74/><D74/><U87/><E127/><V1/><F1/><W126/><G92/><T29/><D58/><U56/><REACH who="1" step="1"/><E63/><REACH who="1" ten="176,275,237,302" step="2"/><V84/><F106/><W21/><G34/><T96/><D96/><U134/><E134/><V72/><F104/><W97/><G126/><T91/><REACH who="0" step="1"/><D45/><REACH who="0" ten="166,275,237,302" step="2"/><U38/><E38/><V64/><F36/><W17/><G124/><T119/><D119/><U71/><E71/><V31/><F102/><W105/><G69/><T129/><D129/><U79/><AGARI ba="1,2" hai="18,22,27,51,53,56,57,59,79,83,87,95,99,103" machi="79" ten="20,18000,2" yaku="1,1,0,1,7,1,8,1,53,3" doraHai="132" doraHaiUra="54" who="1" fromWho="1" sc="166,-61,275,203,237,-61,302,-61" /><INIT seed="1,2,0,1,3,44" ten="105,478,176,241" oya="1" hai0="99,69,28,33,17,87,31,76,51,84,45,89,134" hai1="25,75,128,40,62,119,61,129,80,1,6,91,60" hai2="35,8,68,5,83,34,13,102,79,52,77,38,39" hai3="21,59,2,131,93,64,106,132,115,24,41,71,67"/><U74/><E119/><V107/><F68/><W72/><G115/><T111/><D69/><U113/><E113/><V135/><F135/><W56/><G106/><T120/><D134/><U130/><E40/><V98/><F79/><W32/><G132/><T124/><D124/><U108/><E108/><V109/><F109/><W46/><G32/><T50/><D111/><U18/><E6/><V0/><F13/><W58/><G131/><T97/><D120/><U103/><E103/><V15/><F15/><W73/><G2/><T118/><D118/><U48/><E1/><V63/><F63/><W29/><G93/><T95/><D33/><N who="2" m="12298" /><F52/><W100/><G100/><T16/><D76/><U57/><E18/><N who="0" m="7273" /><D87/><N who="1" m="50663" /><E25/><V23/><F23/><W19/><G29/><N who="0" m="11339" /><D45/><U121/><E121/><V42/><F42/><W122/><G122/><T3/><D3/><U4/><E4/><V37/><F37/><W92/><G71/><T116/><D116/><U43/><E43/><V65/><F39/><W30/><G30/><T125/><D125/><U112/><E112/><V66/><F38/><W117/><G117/><T12/><D12/><U27/><E27/><V104/><F104/><W26/><G26/><T36/><D36/><U90/><E90/><V49/><F5/><W85/><G73/><T81/><D81/><U123/><E123/><V114/><F83/><W86/><G72/><T11/><D11/><U101/><E101/><V133/><F8/><W127/><G127/><T47/><D47/><U10/><E10/><V14/><F133/><W126/><G126/><T54/><D54/><AGARI ba="2,0" hai="48,54,57,60,61,62,74,75,128,129,130" m="50663" machi="54" ten="40,3900,0" yaku="19,1,52,1" doraHai="44" who="1" fromWho="0" sc="105,-45,478,45,176,0,241,0" /><INIT seed="1,3,0,1,2,19" ten="60,523,176,241" oya="1" hai0="20,116,48,10,69,66,95,26,135,51,56,8,104" hai1="29,102,6,9,15,127,88,4,107,71,44,52,45" hai2="87,54,11,38,58,43,92,77,3,84,81,0,1" hai3="46,16,125,83,63,131,17,97,59,7,64,2,111"/><U50/><E127/><V65/><F65/><W120/><G120/><T79/><D116/><U62/><E102/><V90/><F43/><W103/><G125/><T5/><D104/><U128/><E107/><V23/><F38/><W101/><G111/><T12/><D135/><U27/><E128/><V98/><F11/><W24/><G131/><T57/><D69/><U94/><E4/><V42/><F42/><W106/><G103/><T110/><D110/><U68/><E62/><V31/><F31/><W130/><G130/><T36/><D36/><U117/><E45/><V30/><F30/><W34/><G83/><T112/><D112/><U82/><E82/><V25/><F87/><W40/><G7/><T21/><D79/><U121/><E117/><V47/><F47/><W80/><G2/><T78/><D78/><U73/><E73/><V91/><F91/><W70/><G59/><T118/><D118/><U134/><E134/><V39/><F39/><N who="3" m="21791" /><G80/><T86/><D10/><U14/><E14/><V75/><F75/><W119/><G119/><T113/><D113/><U129/><E121/><V100/><F100/><W132/><G132/><T53/><D26/><U61/><E129/><V133/><F133/><W99/><G99/><T28/><D28/><AGARI ba="3,0" hai="16,17,24,28,34,63,64,70,97,101,106" m="21791" machi="28" ten="30,2000,0" yaku="25,1,54,1" doraHai="19" who="3" fromWho="0" sc="60,-29,523,0,176,0,241,29" /><INIT seed="2,0,0,2,2,122" ten="31,523,176,270" oya="2" hai0="47,55,64,92,117,118,125,116,29,104,41,80,8" hai1="58,131,25,37,42,103,84,89,0,127,50,61,78" hai2="93,34,132,107,40,63,85,14,124,100,130,82,67" hai3="115,48,36,28,74,110,54,101,9,20,75,112,95"/><V134/><F34/><W71/><G71/><T11/><D104/><U128/><E0/><V106/><F40/><W5/><G36/><T18/><D125/><U79/><E103/><V126/><F14/><W99/><G75/><T52/><D29/><U15/><E25/><V65/><F63/><W46/><G74/><T109/><D64/><U129/><E50/><V98/><F67/><W13/><G28/><T123/><D123/><U83/><E15/><V38/><F38/><W88/><G20/><T120/><D120/><U113/><E113/><V102/><F65/><W7/><G110/><T56/><D80/><U86/><E86/><V81/><F130/><W72/><G72/><T69/><D69/><U3/><E3/><V39/><F39/><W19/><REACH who="3" step="1"/><G101/><REACH who="3" ten="31,523,176,260" step="2"/><T4/><D109/><U1/><E37/><V119/><F102/><W59/><G59/><T62/><D18/><U94/><E58/><V10/><F100/><W96/><G96/><T16/><D92/><U32/><E94/><V21/><F98/><W30/><G30/><T23/><D55/><U91/><E129/><V108/><F93/><W76/><G76/><T68/><D68/><U57/><E79/><V33/><F119/><W60/><G60/><T31/><D31/><U51/><E78/><V105/><F108/><W27/><G27/><N who="0" m="14823" /><D4/><AGARI ba="0,1" hai="4,5,7,9,13,19,46,48,54,88,95,99,112,115" machi="4" ten="40,2600,0" yaku="1,1,54,1,53,0" doraHai="122" doraHaiUra="135" who="3" fromWho="0" sc="31,-26,523,0,176,0,260,36" /><INIT seed="3,0,0,4,2,110" ten="5,523,176,296" oya="3" hai0="52,123,105,45,116,107,14,54,71,7,91,39,106" hai1="66,43,121,55,59,134,133,96,38,130,17,95,126" hai2="89,73,109,102,104,35,57,20,37,118,44,31,11" hai3="53,67,70,10,51,78,62,85,63,74,117,108,36"/><W5/><G117/><T1/><D91/><N who="1" m="55423" /><E121/><V125/><F73/><W99/><G108/><T77/><D14/><U97/><E126/><V21/><F109/><W56/><G74/><T80/><D71/><U120/><E120/><V119/><F125/><W92/><G63/><T128/><D123/><U101/><E66/><V112/><F112/><W58/><G36/><T60/><D60/><N who="1" m="35967" /><E130/><V68/><F68/><W48/><G48/><T30/><D30/><U0/><E0/><V2/><F35/><W49/><G49/><T75/><D54/><U83/><E83/><V114/><F114/><W100/><G70/><T19/><D19/><U12/><E43/><V29/><F57/><W115/><G115/><T135/><D52/><U93/><E38/><V28/><F89/><W131/><G131/><T3/><D128/><U25/><E12/><V87/><F87/><W72/><G72/><T42/><D116/><U64/><E64/><V46/><F31/><W69/><G69/><T6/><D135/><U111/><E111/><V124/><F124/><W34/><G34/><T86/><D86/><U61/><E61/><V88/><F88/><W132/><G132/><T122/><D122/><U84/><E84/><V24/><F37/><W15/><G85/><T94/><D94/><U81/><E81/><V40/><F40/><W79/><AGARI ba="0,0" hai="5,10,15,51,53,56,58,62,67,78,79,92,99,100" machi="79" ten="30,3000,0" yaku="0,1,8,1" doraHai="110" who="3" fromWho="3" sc="5,-10,523,-10,176,-10,296,30" owari="-5,-50.5,513,61.3,166,-23.4,326,12.6" /></mjloggm>