<mjloggm ver="2.3"><GO type="225" lobby="0"/><UN n0="%E3%81%A9%E3%82%8F%E3%82%93%E3%81%94" n1="%E6%B4%BE%E9%81%A3%E3%81%AE%E3%82%B8%E3%83%A3%E3%83%83%E3%82%AF" n2="%E3%81%86%E3%81%A9%E3%82%93%E3%81%93" n3="%E9%A2%A8%E3%81%A7%E9%B3%B4%E3%81%8F" dan="16,17,16,16" rate="2073.73,2191.81,2175.15,2184.33" sx="M,M,M,M"/><TAIKYOKU oya="0"/><INIT seed="0,0,0,2,2,22" ten="250,250,250,250" oya="0" hai0="24,100,112,37,71,30,40,10,99,49,120,32,67" hai1="77,118,113,98,94,57,0,108,105,15,45,48,26" hai2="12,87,16,110,41,115,47,123,35,75,43,9,8" hai3="51,124,44,54,58,18,65,129,5,64,59,84,27"/><T103/><D120/><U106/><E0/><V23/><F75/><W53/><G124/><T29/><D112/><U42/><E118/><V121/><F115/><W128/><G5/><T131/><D131/><N who="3" m="50249" /><G84/><T117/><D117/><U52/><E113/><V36/><F35/><W119/><G18/><T79/><D79/><U80/><E15/><V89/><F110/><W7/><G7/><T60/><D30/><U90/><E108/><V92/><F41/><N who="3" m="24975" /><G27/><T73/><D73/><U21/><E80/><V88/><F89/><W134/><G119/><T66/><D66/><U25/><E77/><V63/><F63/><N who="3" m="36303" /><G134/><T55/><D10/><U127/><E127/><V68/><F68/><W109/><G109/><T11/><D11/><U96/><E96/><V4/><F8/><W101/><G101/><T2/><D2/><AGARI ba="0,0" hai="2,4,9,12,16,23,36,43,47,87,88,92,121,123" machi="2" ten="30,3900,0" yaku="7,1,54,2" doraHai="22" who="2" fromWho="0" sc="250,-39,250,0,250,39,250,0" /><INIT seed="1,0,0,3,3,133" ten="211,250,289,250" oya="1" hai0="89,47,58,112,69,84,96,7,2,49,22,72,97" hai1="95,4,71,52,68,85,50,79,17,88,25,129,65" hai2="45,46,23,3,27,131,31,64,132,10,53,116,30" hai3="115,106,35,74,6,38,76,75,81,55,21,13,126"/><U15/><E129/><V41/><F116/><W39/><G35/><T66/><D112/><U11/><E79/><V104/><F131/><W29/><G106/><T134/><D72/><U5/><E65/><V125/><F104/><W32/><G115/><T98/><D134/><U24/><E68/><V109/><F132/><W135/><G135/><T78/><D69/><U119/><E71/><V42/><F64/><W9/><G32/><T99/><D78/><U18/><E119/><V127/><F109/><W56/><G75/><T43/><D2/><U28/><E4/><N who="2" m="1311" /><F31/><W20/><G126/><N who="2" m="48137" /><F53/><W60/><REACH who="3" step="1"/><G29/><REACH who="3" ten="211,250,289,240" step="2"/><T91/><D84/><U102/><E28/><V120/><F120/><W37/><AGARI ba="0,1" hai="6,9,13,20,21,37,38,39,55,56,60,74,76,81" machi="37" ten="30,4000,0" yaku="1,1,2,1,0,1,53,0" doraHai="133" doraHaiUra="62" who="3" fromWho="3" sc="211,-10,250,-20,289,-10,240,50" /><INIT seed="2,0,0,1,3,101" ten="201,230,279,290" oya="2" hai0="18,73,95,61,84,12,28,108,112,16,89,62,22" hai1="33,65,3,64,87,63,72,127,121,119,78,114,75" hai2="93,5,32,118,41,77,86,1,25,92,27,113,26" hai3="135,70,106,90,103,60,111,47,98,133,117,29,122"/><V45/><F113/><W134/><G117/><T97/><D112/><U48/><E3/><V11/><F118/><W57/><G122/><T68/><D108/><U2/><E2/><V44/><F44/><W100/><G111/><T82/><D68/><U67/><E33/><V46/><F45/><W102/><G70/><T110/><D110/><U130/><E114/><V88/><F77/><W80/><G29/><T69/><D69/><U39/><E39/><V59/><F59/><W96/><G47/><T42/><D42/><U51/><E119/><V128/><F128/><W81/><G90/><T55/><D28/><U6/><E6/><V85/><F32/><W131/><G131/><T37/><D37/><U7/><E7/><V116/><F116/><W35/><G35/><T71/><D71/><U132/><E127/><V53/><F53/><N who="3" m="33839" /><G102/><T56/><D73/><U91/><E130/><V124/><F124/><W8/><G8/><T21/><D55/><U94/><E75/><V76/><F76/><W19/><G19/><T49/><D49/><U52/><E121/><V109/><F109/><W36/><G36/><T4/><D4/><U13/><E78/><V104/><F104/><AGARI ba="0,0" hai="80,81,96,98,100,103,104,106,133,134,135" m="33839" machi="104" ten="30,3900,0" yaku="20,1,52,2" doraHai="101" who="3" fromWho="2" sc="201,0,230,0,279,-39,290,39" /><INIT seed="3,0,0,5,3,34" ten="201,230,240,329" oya="3" hai0="112,63,95,93,84,121,20,126,43,49,15,5,82" hai1="62,106,27,114,41,68,42,45,19,44,46,14,1" hai2="115,7,79,11,80,134,22,29,56,75,88,2,86" hai3="60,3,54,124,65,111,98,66,47,55,36,32,108"/><W64/><G32/><T30/><D112/><U39/><E106/><V38/><F115/><W73/><G73/><T6/><D121/><U35/><E1/><V12/><F134/><W21/><G21/><T53/><D126/><U26/><E114/><V50/><F38/><W92/><G124/><T125/><D125/><U4/><E4/><V117/><F117/><W25/><G25/><N who="1" m="9226" /><E68/><V107/><F107/><W103/><G3/><T61/><D43/><U120/><E120/><V133/><F133/><W57/><REACH who="3" step="1"/><G55/><REACH who="3" ten="201,230,240,319" step="2"/><T96/><D30/><U99/><E35/><V24/><F2/><W31/><G31/><T74/><D74/><U118/><E118/><V101/><F29/><W128/><G128/><T109/><D109/><U85/><E39/><V67/><F24/><W69/><G69/><T123/><D123/><U16/><E14/><V37/><F22/><W90/><G90/><N who="0" m="51479" /><D20/><U102/><E42/><AGARI ba="0,1" hai="36,42,47,54,57,60,64,65,66,92,98,103,108,111" machi="42" ten="40,2000,0" yaku="1,1,53,0" doraHai="34" doraHaiUra="104" who="3" fromWho="1" sc="201,0,230,-20,240,0,319,30" owari="201,-29.9,210,-19.0,240,4.0,349,44.9" /></mjloggm>