<mjloggm ver="2.3"><GO type="225" lobby="0"/><UN n0="%E3%83%A8%E3%82%B7%E3%83%AF" n1="%E6%A1%9C%E8%8A%B1%E9%96%83%E3%80%85" n2="%72%69%6F%75%63%68%61%6E" n3="%E6%97%A5%E6%9B%9C%E6%97%A5%E3%82%88%E3%82%8A%E3%81%AE%E4%BD%BF%E8%80%85" dan="17,16,16,17" rate="2208.65,2122.90,2171.18,2151.51" sx="M,M,M,M"/><TAIKYOKU oya="0"/><INIT seed="0,0,0,4,4,84" ten="250,250,250,250" oya="0" hai0="126,82,131,91,118,0,5,36,13,129,98,104,61" hai1="69,46,37,78,134,87,12,17,65,62,122,14,113" hai2="32,26,81,2,1,90,6,60,83,92,114,51,100" hai3="27,49,57,10,93,20,125,107,54,42,63,45,50"/><T109/><D118/><U94/><E122/><V23/><F114/><W105/><G107/><T59/><D36/><U9/><E134/><V103/><F32/><W89/><G105/><T39/><D39/><U117/><E117/><V29/><F2/><W96/><G125/><T43/><D43/><U111/><E111/><V80/><F60/><W28/><REACH who="3" step="1"/><G10/><REACH who="3" ten="250,250,250,240" step="2"/><T21/><D126/><U133/><E113/><V55/><F1/><W70/><G70/><T74/><D109/><U53/><E133/><V76/><F76/><W99/><G99/><T116/><D116/><U11/><E78/><V8/><F8/><W112/><G112/><T72/><D0/><U97/><E97/><N who="2" m="57495" /><F6/><W119/><G119/><T30/><D104/><U40/><E9/><V71/><F71/><W48/><AGARI ba="0,1" hai="20,27,28,42,45,48,49,50,54,57,63,89,93,96" machi="48" ten="20,8000,1" yaku="1,1,0,1,7,1,8,1,52,1,53,0" doraHai="84" doraHaiUra="73" who="3" fromWho="3" sc="250,-40,250,-20,250,-20,240,90" /><INIT seed="1,0,0,2,1,58" ten="210,230,230,330" oya="1" hai0="46,72,75,70,47,17,91,3,87,52,66,4,111" hai1="2,103,132,99,51,135,40,130,10,118,120,83,81" hai2="8,85,37,100,61,41,14,134,77,9,12,133,22" hai3="19,128,73,93,5,26,123,33,50,101,96,25,124"/><U11/><E118/><V121/><F121/><W89/><G123/><T57/><D111/><U131/><E120/><V21/><F100/><W112/><G112/><T45/><D17/><U24/><E24/><V34/><F34/><W68/><G68/><T62/><D3/><U122/><E122/><V94/><F41/><W98/><G73/><T31/><D4/><N who="1" m="1303" /><E11/><V15/><F37/><W92/><G124/><T29/><D72/><U102/><E51/><V0/><F8/><W53/><G128/><N who="1" m="49194" /><E40/><V27/><F0/><W113/><G113/><T63/><REACH who="0" step="1"/><D75/><REACH who="0" ten="200,230,230,330" step="2"/><U95/><E103/><V6/><F6/><W126/><G5/><T13/><D13/><U48/><E48/><V78/><F14/><W49/><G50/><T86/><D86/><U23/><E23/><V110/><F21/><W42/><G49/><T38/><D38/><U107/><E107/><V32/><F12/><W90/><G19/><T18/><D18/><U71/><E71/><V105/><F105/><W116/><G25/><T67/><D67/><U115/><E115/><V79/><F110/><W88/><G26/><T65/><D65/><U84/><E84/><V125/><F9/><W55/><G42/><T56/><D56/><U76/><E135/><V104/><F104/><W59/><G59/><T30/><D30/><U109/><E132/><V69/><F15/><W108/><G108/><T119/><D119/><U36/><E109/><V117/><F117/><W97/><G116/><T114/><D114/><U1/><E36/><V74/><F134/><W82/><G33/><T43/><D43/><U60/><E1/><RYUUKYOKU ba="0,1" sc="200,30,230,-10,230,-10,330,-10" hai0="29,31,45,46,47,52,57,62,63,66,70,87,91" /><INIT seed="2,1,1,1,0,86" ten="230,220,220,320" oya="2" hai0="134,80,67,16,69,64,52,25,74,100,130,73,59" hai1="82,119,118,50,117,77,98,81,9,21,37,78,35" hai2="91,18,58,88,32,44,101,20,122,33,60,131,7" hai3="57,120,48,79,11,72,13,38,4,123,116,104,108"/><V102/><F122/><W112/><G38/><T15/><D134/><U65/><E37/><V129/><F7/><W51/><G116/><T1/><D130/><N who="2" m="49674" /><F44/><W43/><G104/><T6/><D100/><N who="2" m="38506" /><F32/><W27/><G108/><T89/><D69/><U125/><E35/><V107/><F33/><W46/><G112/><T83/><D74/><U28/><E118/><V3/><F3/><W90/><G27/><T31/><D73/><U85/><E119/><V128/><N who="2" m="49682" /><V92/><DORA hai="84" /><F92/><W105/><G105/><T121/><D121/><U93/><E93/><V0/><F0/><W109/><G109/><T2/><D2/><U114/><E117/><V26/><F107/><W97/><G123/><T62/><D6/><U71/><E114/><V55/><AGARI ba="1,1" hai="18,20,26,55,58,60,88,91" m="38506,49682" machi="55" ten="40,18000,2" yaku="19,1,52,4,54,1" doraHai="86,84" who="2" fromWho="2" sc="230,-61,220,-61,220,193,320,-61" /><INIT seed="2,2,0,5,5,127" ten="169,159,413,259" oya="2" hai0="82,62,81,53,16,95,56,129,15,105,47,123,92" hai1="64,40,43,108,113,10,57,18,46,126,91,4,73" hai2="104,34,110,38,87,12,134,98,63,115,65,118,26" hai3="132,7,135,67,24,86,79,14,11,23,17,48,50"/><V49/><F115/><W114/><G67/><T31/><D123/><U80/><E113/><V19/><F118/><W107/><G107/><T3/><D105/><U54/><E126/><V25/><F38/><W75/><G75/><T100/><D3/><U101/><E108/><V66/><F110/><W32/><G114/><T85/><D31/><U13/><E101/><V28/><F134/><N who="3" m="51243" /><G32/><T131/><D47/><U120/><E120/><V6/><F49/><N who="3" m="19051" /><G86/><T21/><D82/><U78/><E64/><V83/><F6/><W99/><G79/><T102/><D100/><U93/><E4/><V124/><F124/><W41/><G41/><T58/><D58/><U30/><E30/><V119/><F119/><W76/><G76/><N who="0" m="46247" /><D102/><U39/><E43/><V69/><F98/><AGARI ba="2,0" hai="7,11,14,17,23,24,98,99" m="19051,51243" machi="98" ten="30,1000,0" yaku="20,1" doraHai="127" who="3" fromWho="2" sc="169,0,159,0,413,-16,259,16" /><INIT seed="3,0,0,3,0,105" ten="169,159,397,275" oya="3" hai0="89,59,55,70,68,39,74,121,11,112,132,46,77" hai1="64,83,2,124,25,71,49,93,18,67,57,43,23" hai2="102,60,116,123,38,42,56,95,86,7,79,97,5" hai3="101,8,126,26,92,88,128,37,91,110,51,62,90"/><W50/><G37/><T41/><D121/><U87/><E71/><V34/><F116/><W66/><G126/><T104/><D132/><U47/><E124/><V0/><F34/><W63/><G128/><T85/><D112/><U80/><E2/><V19/><F0/><W111/><G8/><T76/><D104/><U82/><E57/><V120/><F19/><W3/><G3/><T1/><D77/><U9/><E9/><V99/><F99/><N who="3" m="59623" /><G26/><T135/><D135/><U4/><E4/><V114/><F114/><W33/><G33/><T20/><D20/><U65/><REACH who="1" step="1"/><E93/><REACH who="1" ten="169,149,397,275" step="2"/><V12/><F5/><W17/><G17/><T94/><D1/><U72/><E72/><V78/><F38/><W103/><G103/><T113/><D113/><U131/><E131/><V122/><F42/><W58/><G63/><T10/><D70/><U40/><E40/><V75/><F75/><W125/><G125/><T36/><D68/><U98/><E98/><V29/><F29/><W31/><G31/><T24/><D36/><U22/><E22/><V115/><F115/><W73/><G73/><T6/><D6/><U108/><E108/><AGARI ba="0,1" hai="50,51,58,62,66,88,90,91,108,110,111" m="59623" machi="108" ten="30,5800,0" yaku="14,1,10,1,54,1" doraHai="105" who="3" fromWho="1" sc="169,0,149,-58,397,0,275,68" /><INIT seed="3,1,0,5,3,113" ten="169,91,397,343" oya="3" hai0="45,124,109,11,49,17,82,9,44,32,81,97,59" hai1="135,88,0,127,119,89,10,106,23,74,29,16,55" hai2="103,78,130,96,94,120,33,108,19,104,26,70,87" hai3="79,41,31,123,126,72,75,8,54,122,100,47,77"/><W114/><G114/><T132/><D109/><U66/><E127/><V63/><F108/><W6/><G54/><N who="0" m="32207" /><D132/><U69/><E135/><V34/><F120/><W62/><G62/><T35/><D124/><U73/><E106/><V129/><F19/><W22/><G100/><T40/><D97/><U115/><E115/><V39/><F39/><N who="3" m="21951" /><G22/><T53/><D32/><U28/><E73/><V102/><F102/><W125/><G31/><T99/><D35/><U85/><E74/><N who="3" m="28202" /><G77/><T92/><D53/><U71/><E89/><N who="2" m="53567" /><F78/><W46/><G79/><T14/><D11/><U43/><E43/><V101/><F103/><W128/><G46/><N who="0" m="18027" /><D40/><U112/><E112/><V65/><F33/><W42/><G42/><T25/><D25/><U3/><E55/><V15/><F15/><W121/><G128/><T80/><D80/><U57/><E29/><AGARI ba="1,0" hai="26,29,34,63,65,70,96,101,104,129,130" m="53567" machi="29" ten="30,1000,0" yaku="25,1" doraHai="113" who="2" fromWho="1" sc="169,0,91,-13,397,13,343,0" owari="169,-23.1,78,-42.2,410,51.0,343,14.3" /></mjloggm>