<mjloggm ver="2.3"><GO type="225" lobby="0"/><UN n0="%E3%81%8B%E3%82%8F%E3%81%A1%E3%82%83%E3%82%93%35%38" n1="%E5%A4%9C%E3%81%AE%E3%82%AC%E3%82%B9%E3%83%91%E3%83%BC%E3%83%AB" n2="%72%69%6F%75%63%68%61%6E" n3="%E3%81%A4%E3%81%A3%E3%81%B1%E3%82%8A%E3%83%9D%E3%83%BC%E3%83%AB" dan="16,17,16,16" rate="2132.48,2189.53,2149.57,2120.60" sx="M,M,M,M"/><TAIKYOKU oya="0"/><INIT seed="0,0,0,3,0,34" ten="250,250,250,250" oya="0" hai0="32,39,12,129,79,11,3,73,71,9,30,134,15" hai1="59,110,48,130,21,78,7,44,68,50,8,66,101" hai2="61,118,97,121,36,111,91,43,10,47,69,1,122" hai3="74,51,82,119,13,27,2,103,83,89,108,126,26"/><T116/><D79/><U57/><E110/><V63/><F91/><W95/><G119/><T112/><D73/><U16/><E130/><V45/><F97/><W70/><G70/><T23/><D71/><U54/><E101/><V64/><F111/><W6/><G108/><T102/><D102/><U115/><E115/><V90/><F90/><W113/><G113/><T55/><D55/><U14/><E78/><V98/><F98/><N who="3" m="59871" /><G2/><T92/><D92/><U33/><E68/><V114/><F114/><W5/><G74/><T62/><D62/><U37/><E37/><V72/><F118/><W77/><G126/><T132/><D39/><U25/><E66/><V40/><F72/><W38/><G38/><T105/><D105/><U93/><E93/><V80/><F80/><N who="3" m="30763" /><G77/><T75/><D75/><U85/><E85/><V28/><F28/><W17/><G51/><T24/><D112/><U135/><E135/><N who="0" m="51753" /><D116/><U99/><E99/><V125/><F125/><W65/><G65/><T29/><D129/><U109/><E109/><V84/><F84/><W0/><G0/><T53/><D53/><U19/><E50/><N who="2" m="26919" /><F63/><W20/><G89/><T87/><D87/><U35/><REACH who="1" step="1"/><E19/><REACH who="1" ten="250,240,250,250" step="2"/><V81/><F81/><W42/><G42/><T18/><D30/><U22/><E22/><V94/><F94/><W96/><G96/><T127/><D127/><U104/><E104/><V117/><F117/><W41/><G41/><T60/><D23/><U31/><E31/><V107/><F107/><W4/><AGARI ba="0,1" hai="4,5,6,13,17,20,26,27" m="30763,59871" machi="4" ten="30,1100,0" yaku="8,1" doraHai="34" who="3" fromWho="3" sc="250,-5,240,-3,250,-3,250,21" /><INIT seed="1,0,0,5,0,20" ten="245,237,247,271" oya="1" hai0="14,18,42,40,110,67,128,72,112,96,36,37,16" hai1="88,39,78,59,90,24,2,86,114,62,41,6,71" hai2="131,121,125,47,51,45,50,56,82,8,63,80,122" hai3="69,64,123,107,119,7,9,4,135,12,22,124,68"/><U13/><E114/><V79/><F8/><W120/><G107/><T84/><D72/><U87/><E71/><V58/><F79/><W26/><G64/><T103/><D112/><U23/><E2/><V74/><F74/><W48/><G48/><N who="2" m="18473" /><F63/><W10/><G69/><T94/><D67/><N who="1" m="39391" /><E39/><V89/><F89/><N who="1" m="34409" /><E41/><V81/><F125/><W61/><G61/><T0/><D0/><U44/><E44/><N who="2" m="16971" /><F131/><W21/><G68/><T35/><D35/><U29/><E78/><V127/><F127/><W25/><G124/><T1/><D1/><U117/><E117/><V100/><F100/><W15/><G119/><T5/><D37/><U118/><E118/><V75/><F75/><W116/><G116/><T91/><D36/><U115/><E115/><V95/><F95/><W54/><G54/><T34/><D34/><U3/><E3/><V28/><F28/><W93/><G93/><N who="0" m="54503" /><D128/><U101/><E101/><V60/><F60/><W129/><G129/><T98/><D98/><U31/><E31/><V11/><F11/><AGARI ba="0,0" hai="6,11,13,23,24,29,86,87" m="34409,39391" machi="11" ten="30,5800,0" yaku="8,1,52,1,54,1" doraHai="20" who="1" fromWho="2" sc="245,0,237,58,247,-58,271,0" /><INIT seed="1,1,0,3,0,26" ten="245,295,189,271" oya="1" hai0="15,51,116,92,25,17,18,81,32,58,60,27,97" hai1="45,132,130,59,100,13,77,124,83,106,54,118,35" hai2="39,95,104,87,76,78,98,31,44,131,14,10,23" hai3="70,30,3,115,57,33,40,0,111,114,66,105,129"/><U134/><E118/><V99/><F131/><W112/><G57/><T41/><D116/><U119/><E119/><V69/><F69/><W28/><G33/><T63/><D81/><U127/><E35/><V72/><F72/><W52/><G40/><T29/><D60/><U34/><E34/><V9/><F104/><W4/><G4/><T47/><D27/><U86/><E45/><V120/><F120/><W123/><G105/><T113/><D15/><U96/><E13/><V101/><F99/><W12/><G12/><T8/><D8/><U2/><E2/><N who="3" m="554" /><G52/><T50/><D50/><U117/><E117/><V73/><F73/><W7/><G7/><T133/><D113/><U22/><E22/><V6/><F87/><W125/><G123/><T94/><D133/><N who="1" m="51307" /><E54/><V135/><F135/><W89/><G89/><T16/><REACH who="0" step="1"/><D97/><REACH who="0" ten="235,295,189,271" step="2"/><U43/><E130/><V49/><F10/><W84/><G129/><T82/><D82/><U42/><E83/><V36/><F78/><W20/><G115/><T128/><D128/><U21/><E77/><V24/><REACH who="2" step="1"/><F76/><REACH who="2" ten="235,295,179,271" step="2"/><W71/><G114/><T55/><AGARI ba="1,2" hai="16,17,18,25,29,32,41,47,51,55,58,63,92,94" machi="55" ten="30,8000,1" yaku="1,1,0,1,52,1,54,1,53,1" doraHai="26" doraHaiUra="38" who="0" fromWho="0" sc="235,103,295,-41,179,-21,271,-21" /><INIT seed="2,0,0,5,1,93" ten="338,254,158,250" oya="2" hai0="40,31,41,66,42,102,83,106,120,22,132,124,49" hai1="107,6,126,135,98,75,67,97,39,92,64,121,9" hai2="25,52,111,3,1,82,90,133,55,76,59,63,122" hai3="44,14,99,112,68,119,11,61,123,117,74,73,57"/><V70/><F122/><W34/><G68/><T30/><D120/><U35/><E75/><V104/><F133/><W105/><G34/><T91/><D66/><U46/><E121/><V89/><F104/><W29/><G123/><T56/><D102/><U95/><E35/><V113/><F113/><W17/><G29/><T20/><D106/><U101/><E135/><V60/><F111/><W127/><G112/><T45/><D56/><U23/><E107/><V32/><F32/><W79/><G44/><T65/><D65/><U85/><E126/><V86/><F25/><W108/><G108/><T19/><D20/><U7/><E85/><V100/><F100/><W13/><G127/><T81/><D132/><U129/><E129/><V88/><F70/><W114/><G114/><T71/><D71/><U50/><E39/><V62/><REACH who="2" step="1"/><F55/><REACH who="2" ten="338,254,148,250" step="2"/><N who="3" m="33983" /><G119/><T33/><D33/><U28/><E101/><V58/><F58/><W21/><G117/><T26/><D124/><U110/><E110/><V125/><F125/><W118/><G118/><T43/><D30/><U96/><E64/><V130/><F130/><W27/><G27/><T15/><D26/><N who="1" m="16479" /><E67/><V116/><F116/><W80/><G105/><T16/><D31/><U109/><E109/><V69/><F69/><W128/><G128/><T10/><D45/><U38/><E46/><V131/><F131/><W78/><G74/><T54/><D54/><U8/><E38/><V84/><F84/><W48/><G73/><T47/><D47/><U51/><E51/><AGARI ba="0,1" hai="1,3,51,52,59,60,62,63,76,82,86,88,89,90" machi="51" ten="40,7700,0" yaku="1,1,54,2,53,0" doraHai="93" doraHaiUra="2" who="2" fromWho="1" sc="338,0,254,-77,148,87,250,0" /><INIT seed="2,1,0,1,1,130" ten="338,177,235,250" oya="2" hai0="55,29,126,119,40,112,79,99,43,19,87,101,45" hai1="114,65,44,127,121,89,128,93,8,73,33,59,47" hai2="25,106,83,90,132,49,57,105,103,14,24,92,22" hai3="88,69,52,74,135,11,42,23,100,70,63,125,32"/><V122/><F132/><W27/><G74/><T1/><D1/><U62/><E114/><V9/><F122/><W108/><G32/><T61/><D112/><U38/><E73/><V17/><F83/><W67/><G70/><T76/><D29/><U12/><E33/><V98/><F24/><W31/><G42/><T118/><D126/><U133/><E128/><V115/><F115/><W41/><G41/><T28/><D28/><U56/><E127/><V86/><F57/><W30/><G100/><T75/><D75/><U131/><E131/><V80/><REACH who="2" step="1"/><F49/><REACH who="2" ten="338,177,225,250" step="2"/><W46/><G125/><T95/><D119/><U110/><E121/><V18/><AGARI ba="1,1" hai="9,14,17,18,22,25,80,86,90,92,98,103,105,106" machi="18" ten="20,7800,0" yaku="1,1,2,1,0,1,7,1,53,0" doraHai="130" doraHaiUra="35" who="2" fromWho="2" sc="338,-27,177,-27,225,91,250,-27" /><INIT seed="2,2,0,5,2,112" ten="311,150,316,223" oya="2" hai0="23,28,10,87,128,107,48,84,20,135,86,91,2" hai1="103,125,56,19,123,11,78,102,26,133,54,60,113" hai2="38,65,5,21,14,1,108,63,114,116,81,90,124" hai3="104,74,121,97,49,15,35,82,117,94,105,53,100"/><V67/><F116/><W24/><G121/><T70/><D107/><U120/><E113/><V89/><F114/><W85/><G74/><T58/><D70/><U29/><E125/><V40/><F124/><W13/><G117/><T115/><D115/><U7/><E133/><V106/><F106/><W119/><G119/><T32/><D32/><U17/><E78/><V122/><F122/><W73/><G105/><T132/><D128/><U109/><E109/><V39/><F108/><W126/><G126/><T127/><D127/><U33/><E120/><V68/><F67/><W37/><G37/><T57/><D91/><U79/><E79/><V99/><F40/><W80/><G80/><T44/><D10/><U36/><E36/><V6/><F1/><W83/><G83/><T66/><D2/><U47/><E47/><V101/><F38/><W96/><G24/><N who="0" m="16391" /><D66/><U130/><E130/><V131/><F39/><W71/><G35/><T3/><D3/><U64/><E123/><V59/><F68/><W72/><G71/><T92/><D92/><U22/><E64/><V61/><F131/><W4/><G4/><N who="2" m="1641" /><F81/><W9/><G9/><T43/><D23/><U129/><E129/><V18/><F61/><W8/><G8/><T12/><D12/><N who="3" m="4681" /><G82/><T88/><D88/><N who="2" m="33898" /><F101/><N who="3" m="60567" /><G85/><N who="0" m="32875" /><D135/><U93/><E93/><V69/><F69/><W51/><G72/><T42/><D132/><U34/><E34/><V55/><F65/><W75/><G49/><N who="0" m="26775" /><D87/><U30/><E33/><V0/><F0/><W98/><G98/><AGARI ba="2,0" hai="14,18,21,55,59,63,98,99" m="33898,1641" machi="98" ten="30,2900,0" yaku="8,1,54,1" doraHai="112" who="2" fromWho="3" sc="311,0,150,0,316,35,223,-35" /><INIT seed="2,3,0,2,1,42" ten="311,150,351,188" oya="2" hai0="63,83,69,39,75,65,53,135,46,67,81,116,87" hai1="115,96,27,112,45,23,3,125,6,132,48,133,34" hai2="17,73,9,32,131,120,110,33,13,49,41,20,57" hai3="25,7,82,44,92,119,105,106,98,113,71,60,86"/><V35/><F73/><W123/><G123/><T56/><D135/><N who="1" m="51787" /><E125/><V78/><F120/><W5/><G119/><T99/><D116/><U109/><E34/><V122/><F122/><W14/><G113/><N who="1" m="43594" /><E109/><V50/><F78/><W52/><G71/><T103/><D75/><U74/><E74/><V90/><F131/><W80/><G106/><T18/><D18/><U68/><E68/><V93/><F110/><W36/><G105/><T2/><D2/><U97/><E6/><V121/><F121/><W1/><G36/><T77/><D83/><N who="3" m="31785" /><G86/><T85/><D85/><U19/><E3/><V127/><F127/><W79/><G79/><T11/><D11/><U72/><E72/><V100/><F100/><N who="3" m="60487" /><G1/><T51/><D39/><U4/><E4/><V129/><F129/><W21/><G14/><T16/><D16/><U62/><E62/><V0/><F57/><N who="3" m="34855" /><G44/><T43/><REACH who="0" step="1"/><D69/><REACH who="0" ten="301,150,351,188" step="2"/><U107/><E107/><AGARI ba="3,1" hai="43,46,51,53,56,63,65,67,77,81,87,99,103,107" machi="107" ten="30,7700,0" yaku="1,1,2,1,7,1,52,1,53,0" doraHai="42" doraHaiUra="24" who="0" fromWho="1" sc="301,96,150,-86,351,0,188,0" /><INIT seed="3,0,0,4,0,119" ten="397,64,351,188" oya="3" hai0="55,52,80,32,26,118,50,107,46,3,19,31,41" hai1="25,89,60,27,123,22,78,8,74,102,16,91,1" hai2="39,104,36,99,24,62,96,116,48,75,10,14,79" hai3="114,76,121,124,17,126,34,6,115,5,97,108,90"/><W68/><G68/><T53/><D118/><U128/><E128/><V103/><F116/><W67/><G67/><T59/><D107/><U73/><E102/><V49/><F24/><W9/><G97/><T47/><D3/><U57/><E78/><V66/><F99/><W30/><G90/><T23/><D80/><U135/><E135/><V127/><F127/><N who="3" m="48683" /><G76/><T106/><D106/><U134/><E134/><V84/><F75/><W45/><G45/><T132/><D47/><U69/><E69/><V64/><F66/><W21/><G30/><T43/><D43/><U42/><E42/><V12/><F12/><N who="3" m="9383" /><G34/><T87/><D87/><U58/><E60/><V56/><F49/><W129/><G129/><T65/><D65/><U72/><E1/><V4/><REACH who="2" step="1"/><F48/><REACH who="2" ten="397,64,341,188" step="2"/><W70/><G70/><T82/><D132/><U40/><E40/><V15/><F15/><N who="3" m="5551" /><G108/><T20/><D32/><U86/><E86/><V112/><F112/><N who="3" m="43051" /><G6/><T2/><D41/><U88/><E27/><V18/><F18/><W81/><G81/><AGARI ba="0,1" hai="4,10,14,36,39,56,62,64,79,81,84,96,103,104" machi="81" ten="40,2600,0" yaku="1,1,53,1" doraHai="119" doraHaiUra="92" who="2" fromWho="3" sc="397,0,64,0,341,36,188,-26" owari="397,49.7,64,-43.6,377,17.7,162,-23.8" /></mjloggm>