<mjloggm ver="2.3"><GO type="225" lobby="0"/><UN n0="%E3%81%AF%E3%82%88%E3%81%8A%E3%81%98%E3%81%95%E3%82%93" n1="%E4%B8%89%E5%86%A0%E7%8E%8B%E3%83%BB%E5%B1%B1%E7%94%B0%E5%93%B2%E4%BA%BA" n2="%E5%80%89%E6%A9%8B%EF%BC%A0%E4%BA%8B%E5%8B%99" n3="%41%54%53%4D" dan="16,16,16,16" rate="2152.15,2134.61,2120.88,2106.52" sx="M,M,M,M"/><TAIKYOKU oya="0"/><INIT seed="0,0,0,3,2,135" ten="250,250,250,250" oya="0" hai0="71,26,47,109,10,45,118,17,30,80,24,25,113" hai1="22,62,27,7,124,125,63,11,43,31,66,94,114" hai2="12,19,16,90,104,38,41,5,115,28,44,70,93" hai3="48,127,67,57,3,112,42,72,85,105,64,58,74"/><T36/><D113/><U76/><E114/><V23/><F115/><W82/><G3/><T110/><D118/><U54/><E43/><V102/><F70/><W46/><G105/><T119/><D119/><U68/><E76/><V111/><F111/><N who="0" m="42506" /><D71/><U131/><E131/><V65/><F65/><W69/><G112/><T52/><D80/><U86/><E86/><V14/><F5/><W1/><G1/><T97/><D97/><U88/><E54/><V123/><F123/><W20/><G69/><T15/><D36/><U53/><E53/><V9/><F28/><W96/><G74/><T83/><D83/><U133/><E63/><V18/><F18/><W50/><G72/><T87/><D87/><U95/><E133/><V6/><F6/><W134/><G134/><T98/><D98/><U132/><E132/><V89/><REACH who="2" step="1"/><F93/><REACH who="2" ten="250,250,240,250" step="2"/><W81/><G67/><T35/><D47/><U39/><E39/><V32/><F32/><W40/><G64/><T2/><D2/><U121/><E121/><V13/><F13/><W61/><G20/><T130/><D130/><U8/><E95/><V4/><F4/><W78/><G40/><T84/><D84/><N who="1" m="52487" /><E7/><V129/><F129/><W128/><G128/><T103/><D103/><U21/><E21/><V106/><F106/><W107/><G107/><T101/><D101/><U75/><E75/><V55/><F55/><W37/><G42/><T0/><D0/><U126/><AGARI ba="0,1" hai="8,11,22,27,31,62,66,68,124,125,126" m="52487" machi="126" ten="30,8000,1" yaku="18,1,52,3,54,1" doraHai="135" who="1" fromWho="1" sc="250,-40,250,90,240,-20,250,-20" /><INIT seed="1,0,0,5,5,108" ten="210,340,220,230" oya="1" hai0="89,105,116,7,123,90,33,44,37,29,10,60,114" hai1="0,8,51,1,3,86,126,57,45,20,107,19,17" hai2="39,109,6,14,120,70,68,134,99,71,72,133,88" hai3="66,55,63,85,113,100,91,32,112,121,43,31,131"/><U132/><E107/><V23/><F120/><W36/><G121/><T97/><D116/><U80/><E132/><N who="2" m="50795" /><F72/><W82/><G131/><T102/><D123/><U130/><E130/><V41/><F109/><W73/><G55/><T81/><D114/><U4/><E57/><V61/><F41/><W34/><G100/><T125/><D125/><U40/><E126/><V65/><F39/><W12/><G73/><T27/><D60/><U15/><REACH who="1" step="1"/><E20/><REACH who="1" ten="210,330,220,230" step="2"/><V74/><F23/><W9/><G32/><T96/><D105/><U24/><E24/><V28/><F71/><W129/><G129/><T64/><D27/><U92/><E92/><N who="2" m="56711" /><F70/><W75/><G34/><T95/><D33/><U106/><E106/><V53/><F68/><W104/><G104/><T13/><D95/><U30/><E30/><V54/><F28/><W115/><G31/><T21/><D21/><U35/><E35/><V25/><F25/><W67/><G63/><T118/><D29/><U69/><E69/><V11/><F61/><W135/><G135/><T62/><D62/><U79/><AGARI ba="0,1" hai="0,1,3,4,8,15,17,19,40,45,51,79,80,86" machi="79" ten="30,11700,0" yaku="1,1,0,1,25,2,53,0" doraHai="108" doraHaiUra="49" who="1" fromWho="1" sc="210,-39,330,127,220,-39,230,-39" /><INIT seed="1,1,0,2,3,117" ten="171,457,181,191" oya="1" hai0="48,29,106,113,14,110,78,43,88,21,119,130,58" hai1="31,120,84,98,97,16,67,103,32,80,8,128,44" hai2="4,75,55,122,100,72,7,5,13,56,108,92,104" hai3="53,81,45,15,66,50,125,40,69,112,99,37,35"/><U131/><E67/><V39/><F104/><W89/><G35/><T82/><D113/><U91/><E31/><V10/><F39/><W76/><G112/><T34/><D119/><U133/><E32/><V30/><F108/><W96/><G125/><T73/><D106/><U11/><E133/><V134/><F134/><W68/><G15/><T36/><D110/><U102/><E44/><V54/><F30/><W41/><G41/><T83/><D130/><U132/><E132/><V0/><F0/><W60/><G89/><T77/><D36/><U107/><E120/><V23/><F23/><W51/><G68/><T79/><D34/><U87/><E16/><V61/><F55/><W114/><G114/><T124/><D124/><U20/><E20/><V1/><F1/><W18/><G18/><T25/><D14/><U109/><E109/><V116/><F116/><W2/><G2/><T27/><D25/><U74/><E74/><V22/><F22/><W95/><G95/><T52/><REACH who="0" step="1"/><D43/><REACH who="0" ten="161,457,181,191" step="2"/><U33/><E33/><V63/><F13/><W126/><G126/><T94/><D94/><U26/><E26/><V42/><F92/><W19/><G19/><T46/><D46/><U86/><E128/><V64/><F42/><W49/><REACH who="3" step="1"/><G53/><REACH who="3" ten="161,457,181,181" step="2"/><T6/><D6/><U115/><E115/><V101/><F7/><W47/><G47/><T123/><D123/><U24/><E131/><V111/><F122/><W118/><G118/><T17/><D17/><U28/><E107/><V71/><F111/><W70/><G70/><T12/><D12/><U105/><E105/><V59/><F5/><RYUUKYOKU ba="1,2" sc="161,15,457,-15,181,-15,181,15" hai0="21,27,29,48,52,58,73,77,78,79,82,83,88" hai3="37,40,45,49,50,51,60,66,69,76,81,96,99" /><INIT seed="2,2,2,0,5,108" ten="176,442,166,196" oya="2" hai0="17,82,126,20,114,116,38,53,127,94,34,68,106" hai1="56,23,112,129,21,80,75,16,87,55,104,22,132" hai2="70,89,31,96,43,67,40,37,65,25,85,59,29" hai3="30,28,47,26,57,2,39,123,61,12,120,32,81"/><V118/><F118/><W92/><G2/><T6/><D106/><U45/><E75/><V107/><F59/><W60/><G30/><T7/><D34/><U48/><E132/><V62/><F67/><W83/><G92/><T86/><D116/><U10/><E112/><V35/><F31/><W58/><G12/><T130/><D38/><U76/><E129/><V36/><F37/><W19/><G19/><T42/><D42/><U97/><E104/><V49/><F49/><W135/><G135/><T69/><D94/><U125/><E125/><N who="0" m="47625" /><D53/><U133/><E97/><V93/><REACH who="2" step="1"/><F36/><REACH who="2" ten="176,442,156,196" step="2"/><W27/><G39/><T102/><D130/><U91/><E56/><V71/><F71/><N who="0" m="27210" /><D114/><U128/><E128/><V105/><F105/><W111/><G28/><T66/><D66/><U72/><E48/><V100/><AGARI ba="2,3" hai="25,29,35,40,43,62,65,70,85,89,93,96,100,107" machi="100" ten="30,11700,0" yaku="1,1,0,1,25,2,53,0" doraHai="108" doraHaiUra="109" who="2" fromWho="2" sc="176,-41,442,-41,156,153,196,-41" /><INIT seed="2,3,0,4,3,97" ten="135,401,309,155" oya="2" hai0="71,56,124,59,85,99,4,112,46,47,8,3,123" hai1="68,135,73,35,31,70,23,28,106,0,45,92,75" hai2="78,57,101,86,14,114,100,13,79,65,98,41,67" hai3="37,40,2,43,16,29,111,6,30,102,69,130,38"/><V90/><F114/><W22/><G69/><T20/><D112/><U32/><E45/><V19/><F41/><W105/><G111/><T125/><D123/><U121/><E92/><N who="2" m="56599" /><F14/><W25/><G130/><T53/><D71/><U133/><E106/><V103/><F57/><W93/><G105/><T24/><D85/><U1/><E23/><N who="2" m="11759" /><F86/><W126/><G126/><N who="0" m="48747" /><D99/><U115/><E115/><V96/><F96/><W5/><G38/><T117/><D117/><U74/><E74/><V48/><F48/><W129/><G129/><T134/><D134/><U27/><E27/><V44/><F44/><N who="0" m="16938" /><D53/><U94/><E121/><V109/><F109/><W9/><G5/><T39/><D39/><U7/><E7/><V66/><AGARI ba="3,0" hai="65,66,67,78,79,100,101,103" m="11759,56599" machi="66" ten="30,11700,0" yaku="8,1,52,3" doraHai="97" who="2" fromWho="2" sc="135,-42,401,-42,309,126,155,-42" /><INIT seed="2,4,0,2,3,46" ten="93,359,435,113" oya="2" hai0="54,18,125,0,102,22,27,57,30,33,12,121,52" hai1="127,5,4,41,36,72,76,101,63,13,128,78,132" hai2="111,23,40,39,47,118,21,17,20,77,2,100,115" hai3="90,15,79,24,117,82,37,135,35,75,104,133,129"/><V124/><F115/><W103/><G37/><T6/><D121/><U98/><E132/><N who="3" m="50762" /><G117/><T108/><D108/><U61/><E127/><V126/><F118/><W58/><G129/><T69/><D69/><U51/><E36/><V56/><F2/><W74/><G15/><T122/><D122/><U95/><E128/><V123/><F123/><W131/><G131/><T62/><D125/><N who="2" m="48234" /><F111/><W16/><G90/><T3/><D102/><U29/><E29/><V70/><F70/><W45/><G58/><T10/><D0/><U80/><E78/><V43/><F43/><W44/><G74/><T38/><D38/><U84/><E72/><V48/><F100/><W85/><G85/><T49/><D54/><U87/><E87/><V31/><F77/><W8/><G35/><T9/><D10/><N who="1" m="4295" /><E5/><V105/><F31/><W64/><G64/><T68/><D68/><U26/><E26/><N who="2" m="14607" /><F105/><W116/><G116/><T59/><D59/><U110/><E110/><V60/><F39/><W112/><G112/><T83/><D83/><U1/><E1/><V89/><F89/><W73/><G73/><T28/><D30/><U96/><E96/><V91/><F91/><W86/><G86/><T50/><AGARI ba="4,0" hai="3,6,9,12,18,22,27,28,33,49,50,52,57,62" machi="50" ten="30,12000,2" yaku="0,1,24,2,52,2,54,1" doraHai="46" who="0" fromWho="0" sc="93,132,359,-34,435,-64,113,-34" /><INIT seed="3,0,0,1,2,59" ten="225,325,371,79" oya="3" hai0="130,128,38,118,67,2,124,17,131,10,42,75,33" hai1="96,89,134,91,104,34,7,46,94,56,53,81,70" hai2="125,85,58,1,15,105,112,71,102,88,106,127,30" hai3="87,133,63,101,41,29,27,113,86,51,68,37,73"/><W24/><G73/><T36/><D124/><N who="2" m="47690" /><F71/><W132/><G37/><T97/><D118/><U111/><E70/><V76/><F1/><W69/><G113/><T18/><D33/><U79/><E34/><V103/><F112/><W116/><G116/><T35/><D35/><U25/><E111/><V135/><F135/><N who="3" m="51787" /><G101/><N who="2" m="38409" /><F76/><W6/><G6/><N who="0" m="1367" /><D75/><U8/><E134/><V32/><F15/><W44/><G24/><T123/><D123/><U48/><E104/><V20/><F32/><N who="3" m="20543" /><G68/><T77/><D77/><U60/><E25/><N who="2" m="16679" /><F58/><W49/><G49/><T4/><D4/><U62/><E91/><V114/><F114/><W108/><G108/><T126/><D126/><U19/><E19/><V52/><F52/><W119/><G119/><T122/><D122/><U83/><E56/><V16/><F16/><N who="0" m="6250" /><D42/><U99/><E99/><V47/><F47/><W23/><G23/><T115/><D115/><U72/><REACH who="1" step="1"/><E83/><AGARI ba="0,0" hai="83,85,88,105,106" m="16679,38409,47690" machi="83" ten="30,2000,0" yaku="18,1,54,1" doraHai="59" who="2" fromWho="1" sc="225,0,325,-20,371,20,79,0" owari="225,-17.5,305,10.5,391,49.1,79,-42.1" /></mjloggm>