<mjloggm ver="2.3"><GO type="225" lobby="0"/><UN n0="%E3%81%BE%E3%81%A8%E3%81%9F" n1="%E3%81%A4%E3%81%A3%E3%81%B1%E3%82%8A%E3%83%9D%E3%83%BC%E3%83%AB" n2="%E6%97%A5%E6%9B%9C%E6%97%A5%E3%82%88%E3%82%8A%E3%81%AE%E4%BD%BF%E8%80%85" n3="%6B%79%6F%6E%6B%6F%31%31" dan="16,17,16,17" rate="2110.61,2230.13,2167.65,2147.97" sx="M,M,M,M"/><TAIKYOKU oya="0"/><INIT seed="0,0,0,0,4,80" ten="250,250,250,250" oya="0" hai0="22,59,91,112,12,107,132,98,103,81,134,133,76" hai1="60,122,116,56,70,15,118,75,113,101,115,48,64" hai2="99,36,131,92,72,38,47,95,39,96,117,77,53" hai3="30,109,16,2,10,100,40,114,14,73,24,35,9"/><T88/><D112/><N who="1" m="43083" /><E75/><V87/><F72/><W63/><G114/><T51/><D59/><U65/><E101/><V25/><F25/><W71/><G73/><N who="0" m="43151" /><D51/><U97/><E97/><V108/><F108/><W120/><G40/><T58/><D58/><U37/><E15/><V17/><F17/><AGARI ba="0,0" hai="12,17,22,88,91,98,103,107,132,133,134" m="43151" machi="17" ten="30,2900,0" yaku="20,1,54,1" doraHai="80" who="0" fromWho="2" sc="250,29,250,0,250,-29,250,0" /><INIT seed="0,1,0,4,3,46" ten="279,250,221,250" oya="0" hai0="106,6,103,64,53,99,10,105,90,12,31,52,68" hai1="73,8,67,30,107,83,117,36,41,114,16,80,26" hai2="9,47,125,7,61,35,43,60,18,66,124,110,84" hai3="78,49,81,126,28,40,13,133,42,101,32,39,119"/><T14/><D105/><U23/><E117/><V127/><F35/><W20/><G119/><T113/><D113/><U129/><E107/><V102/><F110/><W79/><G32/><T29/><D90/><U109/><E114/><V48/><F102/><W87/><G39/><T130/><D130/><U24/><E109/><V54/><F18/><W98/><G126/><T112/><D14/><U128/><E67/><V108/><F108/><W27/><G133/><T122/><D122/><U86/><E73/><V69/><F84/><W22/><G79/><T3/><D3/><U50/><E36/><V57/><F9/><W59/><G20/><T70/><D112/><U37/><E37/><V116/><REACH who="2" step="1"/><F7/><REACH who="2" ten="279,250,211,250" step="2"/><W96/><G96/><T1/><D10/><U65/><E8/><V76/><F76/><W34/><G34/><T71/><D6/><U93/><E128/><V2/><F2/><W85/><G85/><T11/><D1/><U121/><E129/><V94/><F94/><N who="3" m="58583" /><G13/><T5/><D12/><U55/><E86/><V132/><F132/><W120/><G120/><T45/><D11/><U17/><E121/><V95/><F95/><W56/><G56/><T123/><D106/><U118/><E93/><V51/><F51/><W0/><G0/><T88/><D123/><U75/><E50/><V100/><F100/><W134/><G134/><T89/><D5/><U63/><E75/><V38/><F38/><W72/><G72/><T58/><D103/><U135/><E118/><AGARI ba="1,1" hai="43,47,48,54,57,60,61,66,69,116,118,124,125,127" machi="118" ten="50,16000,3" yaku="1,1,18,1,34,3,52,1,53,2" doraHai="46" doraHaiUra="115" who="2" fromWho="1" sc="279,0,250,-163,211,173,250,0" /><INIT seed="1,0,0,4,1,15" ten="279,87,384,250" oya="1" hai0="112,85,106,1,61,11,20,53,8,71,57,28,117" hai1="51,49,4,92,10,13,44,116,18,62,119,91,133" hai2="47,54,129,19,58,65,87,73,102,86,38,109,121" hai3="94,27,26,24,33,21,101,39,124,113,103,14,30"/><U3/><E133/><V66/><F73/><W80/><G113/><T45/><D112/><U50/><E62/><V74/><F74/><W43/><G124/><T118/><D106/><U17/><E44/><V122/><F102/><W75/><G39/><T40/><D71/><U7/><E7/><V29/><F29/><W63/><G43/><T46/><D46/><U25/><E25/><V82/><F109/><W107/><G107/><T108/><D108/><U95/><E95/><V72/><F72/><W96/><G101/><T88/><D117/><U42/><E42/><V37/><F129/><W32/><G32/><T128/><D128/><U52/><E52/><V34/><F34/><W59/><G14/><T104/><D1/><U6/><E6/><V70/><F82/><W83/><G75/><T64/><D53/><U79/><E79/><V0/><F58/><W131/><G27/><N who="0" m="16487" /><D104/><U130/><E130/><V123/><F70/><W67/><REACH who="3" step="1"/><G131/><REACH who="3" ten="279,87,384,240" step="2"/><T89/><D118/><U76/><E76/><V90/><F37/><W125/><G125/><T41/><D89/><U100/><E100/><V115/><F38/><W111/><G111/><T81/><D40/><U134/><E134/><V127/><F127/><W114/><G114/><T93/><D41/><U48/><N who="1" m="12288" /><DORA hai="84" /><U35/><E35/><V16/><F115/><W36/><G36/><T135/><D135/><U68/><E68/><V99/><F123/><W55/><G55/><T56/><D45/><U98/><REACH who="1" step="1"/><E3/><REACH who="1" ten="279,77,384,240" step="2"/><V5/><F0/><W22/><G22/><T105/><D105/><U120/><E120/><V2/><F122/><RYUUKYOKU ba="0,2" sc="279,-15,77,15,384,-15,240,15" hai1="4,10,13,17,18,91,92,98,116,119" hai3="21,24,26,30,33,59,63,67,80,83,94,96,103" /><INIT seed="1,1,2,2,3,8" ten="264,92,369,255" oya="1" hai0="113,63,119,89,19,95,74,14,0,93,122,77,97" hai1="69,30,129,116,112,67,118,85,65,72,29,80,131" hai2="41,62,61,52,60,59,40,4,44,108,104,26,107" hai3="109,105,16,57,106,58,46,53,22,70,3,56,24"/><U84/><E69/><V21/><F4/><W36/><G3/><T132/><D113/><U12/><E112/><V66/><F108/><W75/><G70/><T48/><D119/><U126/><E80/><V91/><F91/><W5/><G75/><T128/><D0/><U25/><E25/><V37/><F41/><W102/><G5/><T92/><D128/><U47/><E47/><V117/><F117/><W68/><G68/><T135/><D122/><U130/><E130/><V27/><F27/><W98/><G109/><T39/><D39/><U134/><E72/><V99/><F99/><W90/><G90/><T123/><D123/><U35/><E35/><V23/><F23/><W103/><G103/><T101/><D48/><U28/><E28/><V20/><F20/><W13/><G24/><T55/><D55/><U51/><E51/><V81/><F81/><W11/><G22/><T15/><D19/><U83/><E83/><V87/><F87/><W10/><G10/><T42/><D63/><U125/><REACH who="1" step="1"/><E134/><REACH who="1" ten="264,82,369,255" step="2"/><V110/><F26/><W111/><G111/><T86/><D74/><U9/><E9/><V88/><F44/><W121/><G121/><T45/><D45/><U6/><E6/><V79/><F110/><W78/><G78/><T94/><D77/><U71/><E71/><V43/><F79/><W54/><REACH who="3" step="1"/><G106/><REACH who="3" ten="264,82,369,245" step="2"/><N who="0" m="63791" /><D135/><U18/><E18/><V82/><F107/><W133/><G133/><T64/><D132/><U124/><E124/><V17/><F104/><W2/><G2/><T114/><D114/><U115/><E115/><V1/><F1/><W7/><G7/><RYUUKYOKU ba="1,4" sc="264,-15,82,15,369,-15,245,15" hai1="12,29,30,65,67,84,85,116,118,125,126,129,131" hai3="11,13,16,36,46,53,54,56,57,58,98,102,105" /><INIT seed="1,2,4,3,0,52" ten="249,97,354,260" oya="1" hai0="67,46,109,131,0,20,50,32,7,113,42,88,45" hai1="13,74,68,132,18,19,33,92,125,64,106,75,120" hai2="65,26,2,71,135,16,44,112,99,60,77,6,111" hai3="57,79,37,134,80,78,43,48,96,36,53,58,107"/><U86/><E120/><V63/><F111/><W122/><G122/><T69/><D32/><U97/><E33/><V83/><F135/><W104/><G134/><T24/><D113/><U95/><E132/><V90/><F112/><W10/><G79/><T12/><D0/><U22/><E125/><V1/><F6/><W121/><G121/><T70/><D109/><U5/><E5/><V9/><F44/><W55/><G10/><T93/><D67/><U23/><E106/><V130/><F130/><W87/><G43/><T30/><D131/><U105/><E105/><V133/><F63/><W73/><G73/><T35/><D46/><U11/><E11/><V89/><F133/><W115/><G115/><T21/><D21/><U41/><E41/><V85/><F99/><W29/><G29/><T66/><D66/><U8/><E8/><V118/><F118/><W94/><G107/><T31/><D7/><U27/><E86/><V102/><F102/><W128/><G104/><T61/><D61/><U82/><E82/><V14/><REACH who="2" step="1"/><F26/><REACH who="2" ten="249,97,344,260" step="2"/><W39/><G128/><T114/><D114/><U100/><E95/><V84/><F84/><W49/><G36/><T101/><D101/><AGARI ba="2,5" hai="37,39,48,49,53,55,57,58,78,80,87,94,96,101" machi="101" ten="30,7700,0" yaku="7,1,9,1,52,2" doraHai="52" who="3" fromWho="0" sc="249,-83,97,0,344,0,260,133" /><INIT seed="2,0,0,1,1,101" ten="166,97,344,393" oya="2" hai0="20,58,117,40,23,28,90,66,71,13,122,14,69" hai1="113,67,6,132,52,73,109,25,35,10,92,47,65" hai2="118,16,55,95,135,11,72,100,22,114,3,107,8" hai3="0,115,103,61,134,79,39,129,36,127,77,102,9"/><V12/><F114/><W82/><G115/><T29/><D122/><U63/><E113/><V4/><F118/><W19/><G77/><T59/><D40/><U94/><E73/><V38/><F135/><W37/><G134/><T97/><D97/><U26/><E132/><V106/><F72/><W121/><G121/><T56/><D90/><U53/><E109/><V51/><F38/><W88/><G88/><T110/><D66/><U130/><E130/><V43/><F43/><W32/><G32/><T45/><D59/><U108/><E35/><V105/><F11/><W112/><G127/><T57/><D58/><U83/><E83/><V64/><F64/><N who="1" m="24649" /><E108/><V15/><F3/><W1/><G1/><T116/><REACH who="0" step="1"/><D110/><REACH who="0" ten="156,97,344,393" step="2"/><U124/><E124/><V76/><F76/><W99/><G99/><T5/><D5/><U85/><E63/><V98/><F107/><W49/><G61/><T87/><D87/><U81/><E47/><AGARI ba="0,1" hai="4,8,12,15,16,22,47,51,55,95,98,100,105,106" machi="47" ten="30,11600,0" yaku="7,1,52,2,54,1" doraHai="101" who="2" fromWho="1" sc="156,0,97,-116,344,126,393,0" /><AGARI ba="0,0" hai="13,14,20,23,28,29,45,47,56,57,69,71,116,117" machi="47" ten="25,3200,0" yaku="1,1,22,2,53,0" doraHai="101" doraHaiUra="21" who="0" fromWho="1" sc="156,32,-19,-32,470,0,393,0" owari="188,-21.2,-51,-55.1,470,57.0,393,19.3" /></mjloggm>