<mjloggm ver="2.3"><GO type="225" lobby="0"/><UN n0="%77%72%77%72%77%72%77%72" n1="%33%74%72%65%65" n2="%E3%81%A8%E3%82%93%E3%81%A8%E3%81%93%E3%81%A8%E3%82%93" n3="%53%68%69%4C%50%59%6F" dan="16,16,16,16" rate="2102.85,2146.74,2096.68,2053.10" sx="M,F,M,M"/><TAIKYOKU oya="0"/><INIT seed="0,0,0,2,4,116" ten="250,250,250,250" oya="0" hai0="34,5,119,57,27,24,15,97,88,0,117,115,130" hai1="54,14,20,101,2,127,31,21,13,44,75,46,63" hai2="122,32,125,43,108,52,81,98,86,113,68,71,80" hai3="26,61,109,59,92,62,93,37,29,49,35,1,107"/><T78/><D115/><U105/><E2/><V121/><F113/><W134/><G37/><T111/><D0/><U18/><E75/><V82/><F32/><W112/><G112/><T45/><D130/><U48/><E127/><V128/><F43/><W17/><G107/><T41/><D111/><U132/><E132/><V76/><F108/><W104/><G104/><T135/><D135/><U100/><E105/><V110/><F110/><W103/><G1/><T60/><D78/><U10/><E46/><V42/><F42/><W87/><G134/><T120/><D120/><U53/><E31/><V28/><F28/><W124/><G124/><T39/><D34/><U64/><E53/><V56/><F98/><W72/><G72/><T40/><D40/><U19/><REACH who="1" step="1"/><E10/><REACH who="1" ten="250,240,250,250" step="2"/><V23/><F125/><W51/><G109/><T25/><D119/><U50/><E50/><V38/><F38/><W102/><G29/><T96/><D117/><U118/><E118/><V129/><F23/><N who="3" m="13679" /><G35/><T85/><D39/><U73/><E73/><V94/><F128/><W70/><G49/><T9/><D45/><U106/><E106/><V133/><F129/><W65/><G51/><T84/><D41/><U77/><E77/><V11/><F133/><W3/><G3/><T4/><D9/><U7/><E7/><V126/><F11/><W58/><G62/><T67/><D4/><U95/><E95/><N who="3" m="36426" /><G87/><T90/><D84/><U131/><E131/><V123/><F126/><W83/><G83/><N who="2" m="31817" /><F94/><W55/><G55/><T47/><D85/><U66/><E66/><V79/><F76/><W69/><G59/><AGARI ba="0,1" hai="13,14,18,19,20,21,44,48,54,59,63,64,100,101" machi="59" ten="30,12000,2" yaku="1,1,6,1,7,1,9,1,8,1,53,2" doraHai="116" doraHaiUra="99" who="1" fromWho="3" sc="250,0,240,130,250,0,250,-120" /><INIT seed="1,0,0,2,3,17" ten="250,370,250,130" oya="1" hai0="14,89,114,56,26,24,126,96,53,8,105,39,123" hai1="5,88,64,109,43,115,2,78,58,104,49,99,23" hai2="134,98,132,61,62,7,42,50,46,100,77,75,57" hai3="69,76,91,60,110,85,92,67,1,127,38,129,32"/><U19/><E115/><V54/><F7/><W111/><G1/><T28/><D114/><U117/><E117/><V87/><F75/><W71/><G127/><T11/><D39/><U81/><E109/><V70/><F77/><W48/><G129/><T35/><D126/><U45/><E2/><V73/><F73/><W10/><G32/><T125/><D125/><U107/><E5/><V31/><F87/><W0/><G38/><T33/><D123/><U93/><E58/><V22/><F70/><W128/><G128/><T90/><D105/><U65/><E104/><V135/><F62/><W9/><G69/><T44/><D44/><U16/><E107/><N who="2" m="63895" /><F31/><W131/><G131/><T103/><D103/><U15/><E19/><V116/><F116/><W122/><G122/><T6/><D96/><U83/><E83/><V118/><F118/><W94/><G0/><T55/><D8/><U112/><E112/><V18/><F18/><W20/><G71/><T119/><D53/><U52/><E43/><V121/><F121/><W72/><G72/><AGARI ba="0,0" hai="15,16,23,45,49,52,64,65,72,78,81,88,93,99" machi="72" ten="30,12000,1" yaku="7,1,52,1,54,3" doraHai="17" who="1" fromWho="3" sc="250,0,370,120,250,0,130,-120" /><INIT seed="1,1,0,2,1,101" ten="250,490,250,10" oya="1" hai0="94,110,9,14,44,40,118,96,83,117,95,18,3" hai1="84,45,98,23,12,126,27,134,79,53,24,115,116" hai2="80,93,71,70,131,37,65,73,92,60,17,119,121" hai3="103,82,100,76,77,72,67,2,106,112,111,109,1"/><U88/><E115/><V123/><F119/><W59/><G112/><T54/><D110/><N who="3" m="41993" /><G103/><T105/><D3/><U132/><E116/><V57/><F37/><W133/><G133/><N who="1" m="51306" /><E126/><V5/><F5/><W91/><G91/><T68/><D83/><N who="1" m="47231" /><E12/><V7/><F7/><W4/><G4/><T64/><D54/><U113/><E113/><V63/><F131/><W22/><G76/><T127/><D44/><U56/><E45/><V11/><F73/><W34/><G22/><T21/><D21/><U38/><E38/><V124/><F80/><W75/><G75/><T128/><D127/><U130/><E130/><V36/><F36/><W99/><G34/><T61/><D128/><U97/><E88/><V50/><F124/><W10/><G10/><T120/><D118/><U28/><E27/><V15/><F50/><AGARI ba="1,0" hai="23,24,28,50,53,56,97,98" m="47231,51306" machi="50" ten="30,1500,0" yaku="20,1" doraHai="101" who="1" fromWho="2" sc="250,0,490,18,250,-18,10,0" /><INIT seed="1,2,0,1,1,51" ten="250,508,232,10" oya="1" hai0="8,96,47,12,134,81,20,119,44,73,56,52,60" hai1="130,127,13,133,19,16,63,68,40,112,24,0,120" hai2="106,125,108,76,23,91,79,86,101,69,36,41,116" hai3="103,18,70,124,27,2,88,46,115,94,38,7,50"/><U128/><E112/><V66/><F116/><W55/><G115/><T33/><D119/><U123/><E127/><V109/><F69/><W28/><G124/><T93/><D33/><U83/><E133/><V90/><F66/><W72/><G72/><T78/><D20/><N who="1" m="13319" /><E0/><V82/><F125/><W43/><G70/><T5/><REACH who="0" step="1"/><D134/><REACH who="0" ten="240,508,232,10" step="2"/><U92/><E120/><V117/><F23/><W122/><G122/><T65/><D65/><U48/><E123/><V110/><F117/><W100/><G18/><T1/><D1/><U135/><E19/><V42/><F36/><W3/><G7/><T105/><D105/><U25/><E135/><V131/><F131/><W49/><G38/><T129/><D129/><U113/><E128/><V114/><F114/><W17/><G17/><T67/><D67/><U34/><E34/><V58/><F108/><W80/><G2/><T53/><D53/><U111/><E111/><V99/><F109/><W104/><G3/><T74/><D74/><U121/><E130/><V77/><F110/><W35/><G104/><T45/><D45/><U39/><E39/><V22/><F41/><W118/><G118/><T4/><D4/><U29/><E40/><V31/><F42/><W62/><G62/><T30/><D30/><U132/><E29/><V89/><F58/><N who="3" m="33135" /><G80/><T15/><D15/><U10/><E13/><V11/><F11/><W54/><G43/><T64/><D64/><U97/><E83/><V6/><F6/><W95/><G95/><T84/><D84/><U71/><E132/><V14/><F14/><W85/><G35/><T61/><D61/><RYUUKYOKU ba="2,1" sc="240,10,508,-30,232,10,10,10" hai0="5,8,12,44,47,52,56,60,73,78,81,93,96" hai2="22,31,76,77,79,82,86,89,90,91,99,101,106" hai3="27,28,46,50,54,85,88,94,100,103" /><INIT seed="2,3,1,2,3,75" ten="250,478,242,20" oya="2" hai0="93,55,6,69,89,20,60,16,45,1,2,40,110" hai1="64,59,4,85,67,35,126,118,103,70,9,15,130" hai2="54,111,124,33,56,87,115,134,114,7,48,28,24" hai3="109,95,98,49,86,116,76,68,44,21,65,108,12"/><V51/><F124/><W105/><G116/><T61/><D110/><N who="3" m="42601" /><G68/><T82/><D82/><U36/><E70/><V63/><F111/><W133/><G133/><T132/><D132/><U17/><E35/><V43/><F134/><W77/><G65/><T81/><D81/><U99/><E36/><V38/><F7/><W129/><G86/><T84/><D6/><U0/><E126/><V113/><REACH who="2" step="1"/><F87/><REACH who="2" ten="250,478,232,20" step="2"/><W26/><G129/><T22/><D1/><U13/><E4/><V46/><AGARI ba="3,2" hai="24,28,33,38,43,46,48,51,54,56,63,113,114,115" machi="46" ten="40,12000,1" yaku="1,1,2,1,0,1,53,1" doraHai="75" doraHaiUra="31" who="2" fromWho="2" sc="250,-43,478,-43,232,149,20,-43" owari="207,-19.3,435,53.5,381,18.1,-23,-52.3" /></mjloggm>