<mjloggm ver="2.3"><GO type="225" lobby="0"/><UN n0="%E3%81%BF%E3%81%BF%E3%81%9A" n1="%74%61%6B%75%61%6B%61" n2="%E9%97%98%E5%B0%86%E3%81%A0%E3%82%93%E3%81%A7%E3%81%83" n3="%E6%B0%B7%E5%B7%9D%E9%87%8C%E5%A5%88" dan="17,16,16,16" rate="2328.87,2090.31,2134.18,2057.54" sx="M,M,M,F"/><TAIKYOKU oya="0"/><INIT seed="0,0,0,3,5,107" ten="250,250,250,250" oya="0" hai0="2,124,47,97,108,135,83,118,89,33,81,130,54" hai1="26,84,112,86,9,106,60,46,62,93,78,31,76" hai2="4,66,52,41,122,98,74,87,133,30,37,116,39" hai3="51,94,63,38,73,59,42,55,88,71,40,21,1"/><T91/><D118/><U12/><E106/><V32/><F74/><W34/><G1/><T115/><D115/><U129/><E129/><V68/><F122/><W110/><G34/><T45/><D2/><U80/><E46/><N who="0" m="17417" /><D33/><U131/><E131/><V7/><F87/><W92/><G110/><T109/><D130/><U16/><E112/><V8/><F98/><W3/><G3/><T5/><D5/><U64/><E64/><V17/><F17/><W24/><G38/><T19/><D135/><U10/><E10/><V134/><F32/><W72/><G92/><N who="0" m="56463" /><D124/><U70/><E70/><V53/><F66/><W36/><G36/><T44/><D91/><N who="1" m="53479" /><E76/><V121/><F8/><W127/><G127/><T43/><D54/><U11/><E11/><V114/><F114/><W20/><G20/><AGARI ba="0,0" hai="9,12,16,20,26,31,60,62,78,80,86" m="53479" machi="20" ten="30,2000,0" yaku="8,1,54,1" doraHai="107" who="1" fromWho="3" sc="250,0,250,20,250,0,250,-20" /><INIT seed="1,0,0,1,2,120" ten="250,270,250,230" oya="1" hai0="64,40,70,22,86,111,44,26,69,43,85,98,84" hai1="78,99,1,71,57,37,53,89,58,133,105,5,41" hai2="51,46,101,94,127,30,102,19,55,81,35,59,72" hai3="104,107,109,60,33,123,130,68,7,42,15,32,74"/><U39/><E71/><V75/><F127/><W24/><G123/><T52/><D111/><U4/><E78/><V112/><F112/><W6/><G74/><T34/><D34/><U61/><E133/><V73/><F35/><W77/><G77/><T114/><D114/><U96/><E41/><V65/><F30/><W66/><G130/><T23/><D98/><U16/><E1/><V117/><F117/><W12/><G42/><T3/><D3/><U67/><E105/><V95/><F81/><W38/><G38/><T135/><D135/><U92/><E99/><V93/><F65/><W80/><G80/><T124/><D124/><U88/><E89/><V87/><F87/><W122/><G122/><T8/><D69/><U119/><E119/><V134/><F134/><W113/><G113/><T90/><D22/><U76/><E76/><V116/><F116/><W14/><G109/><T54/><D43/><U27/><E37/><V49/><REACH who="2" step="1"/><F19/><REACH who="2" ten="250,270,240,230" step="2"/><W21/><G32/><T0/><D64/><U31/><E31/><V63/><F63/><W108/><G33/><T11/><D85/><U20/><E39/><V29/><F29/><N who="3" m="17551" /><G108/><T97/><D84/><U48/><AGARI ba="0,1" hai="4,5,16,20,27,48,53,57,58,61,67,88,92,96" machi="48" ten="20,12000,1" yaku="0,1,7,1,8,1,54,2" doraHai="120" who="1" fromWho="1" sc="250,-40,270,130,240,-40,230,-40" /><INIT seed="1,1,0,1,1,67" ten="210,400,200,190" oya="1" hai0="16,107,76,86,65,129,116,105,9,75,25,125,27" hai1="72,115,84,71,61,4,111,55,112,10,88,46,79" hai2="15,94,34,120,38,54,49,29,132,36,47,122,43" hai3="96,106,73,56,131,44,128,41,108,133,39,23,68"/><U6/><E111/><V77/><F77/><W28/><G73/><T8/><D116/><U53/><E72/><V18/><F132/><W83/><G133/><T101/><D75/><U81/><E79/><V1/><F1/><W91/><G108/><T95/><D129/><N who="3" m="49737" /><G56/><T134/><D134/><U104/><E104/><V12/><F12/><W24/><G83/><N who="0" m="47463" /><D107/><U33/><E33/><V63/><F63/><W69/><G91/><T31/><D105/><U40/><E53/><V45/><F38/><W14/><G14/><N who="0" m="7239" /><D125/><U5/><E10/><V2/><F2/><W57/><G57/><T60/><D9/><U48/><REACH who="1" step="1"/><E40/><REACH who="1" ten="210,390,200,190" step="2"/><V92/><F34/><W62/><G62/><T21/><D60/><U103/><E103/><AGARI ba="1,1" hai="23,24,28,39,41,44,68,69,96,103,106" m="49737" machi="103" ten="30,3900,0" yaku="19,1,52,2" doraHai="67" who="3" fromWho="1" sc="210,0,390,-42,200,0,190,52" /><INIT seed="2,0,0,2,1,57" ten="210,348,200,242" oya="2" hai0="26,74,55,15,62,121,8,44,4,112,86,88,61" hai1="83,21,110,51,5,90,133,9,71,1,78,101,22" hai2="76,134,69,17,105,43,23,89,30,50,2,35,52" hai3="58,80,120,91,132,48,63,72,20,38,70,87,12"/><V19/><F105/><W11/><G120/><T117/><D121/><U129/><E71/><V92/><F2/><W85/><G38/><T29/><D112/><U98/><E110/><V13/><F69/><W28/><G132/><T95/><D74/><U39/><E133/><V125/><F134/><W93/><G72/><T126/><D126/><U31/><E39/><V79/><F43/><W6/><G70/><T36/><D117/><U84/><E31/><V49/><F49/><W0/><G48/><N who="0" m="29063" /><D36/><U47/><E90/><V77/><F125/><W122/><G122/><T66/><D66/><U82/><E82/><V119/><F119/><W41/><G41/><T46/><D46/><U68/><E68/><V102/><F102/><W94/><G0/><T40/><D40/><U106/><E129/><V131/><F131/><W124/><G124/><T99/><D86/><U34/><E34/><V3/><F3/><W7/><G7/><T60/><D26/><U67/><E67/><V56/><F35/><W64/><G85/><T25/><D25/><AGARI ba="0,0" hai="6,11,12,20,25,28,58,63,64,80,87,91,93,94" machi="25" ten="40,2600,0" yaku="8,1,52,1" doraHai="57" who="3" fromWho="0" sc="210,-26,348,0,200,0,242,26" /><INIT seed="3,0,0,0,1,1" ten="184,348,200,268" oya="3" hai0="34,99,123,49,119,89,83,98,27,23,26,25,11" hai1="5,64,106,41,51,90,95,56,93,4,7,112,9" hai2="36,135,125,52,126,29,30,101,53,120,20,68,97" hai3="0,43,71,103,130,107,65,62,122,100,88,121,115"/><W128/><G115/><T69/><D123/><U84/><E106/><N who="2" m="63791" /><F120/><W22/><G62/><T50/><D119/><U46/><E112/><V75/><F135/><W18/><G43/><T86/><D69/><U8/><E95/><V113/><F113/><W3/><G65/><T85/><D34/><U54/><REACH who="1" step="1"/><E64/><REACH who="1" ten="184,338,200,268" step="2"/><V116/><F116/><W61/><G107/><T92/><D23/><U96/><E96/><N who="0" m="36905" /><D11/><U55/><E55/><V21/><F21/><W131/><G121/><T57/><D57/><U72/><E72/><V6/><F75/><W47/><G122/><T24/><N who="0" m="6144" /><DORA hai="31" /><T44/><D44/><U12/><E12/><V114/><F53/><W80/><G0/><T117/><D117/><U15/><E15/><V48/><F114/><W108/><G3/><T13/><D13/><U10/><E10/><V39/><F20/><W110/><G22/><T19/><D19/><U67/><E67/><V134/><F30/><W74/><G18/><T59/><D59/><U2/><E2/><V127/><F29/><W102/><G74/><T81/><D92/><U70/><E70/><V60/><F68/><W79/><G71/><T38/><D38/><AGARI ba="0,1" hai="4,5,7,8,9,38,41,46,51,54,56,84,90,93" machi="38" ten="40,8000,1" yaku="1,1,52,3,53,0" doraHai="1,31" doraHaiUra="105,94" who="1" fromWho="0" sc="184,-80,338,90,200,0,268,0" owari="104,-39.6,428,52.8,200,-20.0,268,6.8" /></mjloggm>