<mjloggm ver="2.3"><GO type="225" lobby="0"/><UN n0="%E5%91%89%E5%AF%8C%E6%98%A5" n1="%4B%2E%32%2E%4B%2E" n2="%E7%99%BD%E6%97%A5%E9%9B%AA%E8%8F%9C" n3="%E5%A4%9C%E3%81%AE%E3%82%AC%E3%82%B9%E3%83%91%E3%83%BC%E3%83%AB" dan="16,16,17,16" rate="2155.10,2120.16,2230.09,2131.77" sx="M,M,M,M"/><TAIKYOKU oya="0"/><INIT seed="0,0,0,1,3,63" ten="250,250,250,250" oya="0" hai0="1,27,111,13,123,57,48,116,92,36,26,32,120" hai1="110,135,77,40,0,46,90,134,87,59,4,76,117" hai2="28,6,99,7,33,62,23,22,83,52,47,45,55" hai3="29,43,53,105,24,128,85,44,127,129,70,73,78"/><T103/><D36/><U118/><E59/><N who="2" m="35175" /><F33/><W132/><G105/><T31/><D116/><N who="1" m="44651" /><E4/><N who="2" m="1579" /><F99/><W95/><G73/><T114/><D114/><U17/><E17/><V91/><F28/><W34/><G70/><T67/><D1/><U2/><E2/><V71/><F71/><W10/><G127/><T9/><D111/><U126/><E0/><V72/><F72/><W64/><G132/><N who="1" m="50730" /><E110/><V124/><F124/><W21/><G34/><T14/><D32/><U8/><E8/><V25/><F55/><W119/><G53/><T19/><D31/><U56/><E56/><V121/><F121/><W100/><G10/><T102/><D57/><U3/><E3/><V125/><F125/><W98/><G119/><T130/><D9/><U61/><E61/><V30/><F22/><W39/><G21/><T89/><D120/><U109/><E109/><V49/><F49/><W68/><G29/><T115/><D48/><N who="1" m="26695" /><E126/><V18/><F18/><W54/><G39/><T5/><D19/><U50/><E50/><V60/><F60/><W108/><G108/><T106/><D123/><U94/><AGARI ba="0,0" hai="76,77,87,90,94" m="26695,50730,44651" machi="94" ten="30,1100,0" yaku="20,1" doraHai="63" who="1" fromWho="1" sc="250,-5,250,11,250,-3,250,-3" /><INIT seed="1,0,0,2,1,0" ten="245,261,247,247" oya="1" hai0="26,54,3,116,93,66,98,117,10,68,89,16,46" hai1="4,72,131,65,78,94,43,45,108,40,111,37,23" hai2="22,28,101,102,48,42,106,38,113,49,75,25,84" hai3="53,21,6,13,115,58,85,56,27,114,73,124,104"/><U79/><E40/><V35/><F75/><W11/><G73/><T92/><D68/><U15/><E65/><V81/><F113/><W127/><G104/><T12/><D66/><U59/><E59/><V103/><F106/><W60/><G85/><T31/><D3/><U123/><E123/><V129/><F129/><W112/><REACH who="3" step="1"/><G56/><REACH who="3" ten="245,261,247,237" step="2"/><T77/><D116/><U61/><E72/><V134/><F134/><W34/><G34/><T63/><D117/><U55/><E131/><V33/><F33/><W39/><G39/><T96/><D96/><U133/><E133/><V87/><F35/><W99/><G99/><T69/><D98/><U70/><E70/><V9/><F87/><W44/><G44/><T17/><D46/><U80/><E37/><V135/><F135/><W128/><G128/><T83/><D69/><U130/><E130/><V41/><F38/><W109/><G109/><T50/><D77/><U126/><E78/><V64/><F84/><W74/><G74/><T95/><D95/><U118/><E118/><V47/><F47/><W1/><G1/><T88/><D92/><U91/><E108/><V67/><F81/><W82/><G82/><T132/><D93/><U90/><E111/><V122/><F122/><W7/><G7/><T76/><D83/><U5/><E94/><V52/><F103/><W32/><G32/><N who="0" m="20599" /><D76/><U71/><E80/><V18/><F102/><W105/><G105/><T125/><D132/><U2/><E79/><V36/><F101/><W107/><G107/><T24/><D17/><AGARI ba="0,1" hai="6,11,13,17,21,27,53,58,60,112,114,115,124,127" machi="17" ten="40,2600,0" yaku="1,1,52,1,53,0" doraHai="0" doraHaiUra="29" who="3" fromWho="0" sc="245,-26,261,0,247,0,237,36" /><INIT seed="2,0,0,1,5,21" ten="219,261,247,273" oya="2" hai0="108,77,59,40,14,124,48,81,130,10,16,131,72" hai1="99,123,132,68,25,1,115,63,128,135,116,34,39" hai2="52,38,78,122,20,18,80,97,93,5,71,67,29" hai3="125,44,35,95,104,2,90,120,57,111,36,82,8"/><V27/><F122/><W79/><G120/><T113/><D113/><U73/><E99/><V43/><F5/><N who="3" m="1079" /><G104/><T109/><D124/><U42/><E63/><V129/><F71/><W61/><G35/><T89/><D89/><U83/><E83/><V24/><F67/><W47/><G47/><N who="0" m="25703" /><D59/><U17/><E17/><V23/><F129/><AGARI ba="0,0" hai="10,14,16,72,77,81,108,109,129,130,131" m="25703" machi="129" ten="30,2000,0" yaku="19,1,54,1" doraHai="21" who="0" fromWho="2" sc="219,20,261,0,247,-20,273,0" /><INIT seed="3,0,0,0,1,70" ten="239,261,227,273" oya="3" hai0="33,108,44,103,10,4,92,130,115,74,34,17,88" hai1="97,38,50,85,16,14,46,87,109,53,122,39,82" hai2="8,133,78,135,63,27,89,132,9,29,80,7,12" hai3="125,112,23,3,96,106,19,15,45,55,42,40,120"/><W69/><G112/><T20/><D74/><U102/><E122/><V81/><F89/><W1/><G120/><T54/><D115/><U90/><E87/><V98/><F98/><W99/><G69/><T117/><D117/><U75/><E75/><V66/><F9/><W64/><G64/><T124/><D108/><U94/><E109/><V62/><F78/><W119/><G119/><T35/><D124/><U21/><AGARI ba="0,0" hai="14,16,21,38,39,46,50,53,82,85,90,94,97,102" machi="21" ten="20,8000,1" yaku="0,1,7,1,52,2,54,1" doraHai="70" who="1" fromWho="1" sc="239,-20,261,80,227,-20,273,-40" owari="219,-18.1,341,44.1,207,-29.3,233,3.3" /></mjloggm>