<mjloggm ver="2.3"><GO type="225" lobby="0"/><UN n0="%E7%AD%89%E3%80%85%E5%8A%9B%E5%8A%87%E5%A0%B4" n1="%73%6C%69%63%6B%33%31%39" n2="%61%69%73%79%6F" n3="%E3%82%BC%E3%83%AB%E3%83%80%E3%81%AE%E4%BC%9D%E8%AA%AC" dan="16,16,17,16" rate="2149.20,2144.47,2222.74,2181.83" sx="M,M,M,M"/><TAIKYOKU oya="0"/><INIT seed="0,0,0,4,4,60" ten="250,250,250,250" oya="0" hai0="104,88,6,38,29,22,49,67,126,75,128,92,56" hai1="82,28,119,25,36,8,26,66,81,4,37,99,5" hai2="1,62,106,33,122,65,69,23,87,91,42,3,116" hai3="44,112,39,40,132,72,101,131,96,70,71,27,48"/><T113/><D113/><U94/><E119/><V103/><F122/><W130/><G112/><T93/><D104/><U61/><E36/><V15/><F116/><W117/><G117/><T18/><D38/><U54/><E37/><V21/><F42/><W74/><G132/><T134/><D75/><U98/><E61/><V97/><F33/><W59/><G59/><T64/><D128/><N who="3" m="49193" /><G48/><T13/><D126/><U14/><E14/><V86/><F86/><W90/><G90/><T95/><D134/><U102/><E94/><N who="0" m="36457" /><D29/><U57/><E57/><V79/><F79/><W120/><G27/><T135/><D6/><U76/><E76/><V32/><F32/><W73/><G120/><T19/><D19/><U24/><E24/><V10/><F1/><W78/><G78/><T118/><D135/><U68/><E68/><V115/><F3/><W55/><G55/><N who="0" m="31855" /><D118/><U46/><E54/><V125/><F125/><W11/><G11/><T127/><D127/><U121/><E121/><V63/><F63/><W34/><G34/><T110/><D110/><U16/><E26/><V30/><F115/><W129/><N who="3" m="49201" /><W85/><DORA hai="17" /><G85/><AGARI ba="0,0" hai="13,18,22,64,67,85,88,95" m="31855,36457" machi="85" ten="30,18000,2" yaku="25,1,8,1,52,3,54,1" doraHai="60,17" who="0" fromWho="3" sc="250,180,250,0,250,0,250,-180" /><INIT seed="0,1,0,5,2,89" ten="430,250,250,70" oya="0" hai0="98,22,63,56,53,17,83,95,39,51,129,101,59" hai1="132,35,111,120,60,115,122,44,88,62,99,109,57" hai2="73,50,33,126,123,127,121,125,91,97,27,76,106" hai3="90,94,68,70,12,71,14,1,96,21,64,84,32"/><T9/><D129/><U15/><E35/><V131/><F131/><W36/><G32/><T105/><D39/><U135/><E15/><V7/><F7/><W25/><G36/><T107/><D9/><U67/><E99/><V78/><F50/><W6/><G64/><T134/><D134/><N who="1" m="51243" /><E88/><V8/><F8/><W4/><G84/><T31/><D83/><U81/><E81/><N who="2" m="45199" /><F27/><W19/><REACH who="3" step="1"/><G6/><REACH who="3" ten="430,250,250,60" step="2"/><T2/><D2/><U45/><E115/><V37/><F33/><W119/><G119/><T75/><D75/><U0/><E67/><V69/><F37/><W18/><G18/><T30/><D31/><U65/><E0/><V82/><F69/><W87/><G87/><T28/><D30/><U114/><E114/><V10/><F127/><W79/><G79/><T29/><D28/><U13/><E65/><V108/><F126/><W110/><G110/><T47/><D29/><U43/><E109/><V61/><F125/><W52/><G52/><T16/><D17/><U77/><E77/><V11/><F108/><W34/><G34/><T20/><D16/><U40/><E111/><V55/><F78/><W48/><G48/><T128/><D51/><U42/><E42/><V54/><F54/><W3/><G3/><T24/><D53/><U46/><E43/><V103/><F55/><W104/><G104/><T117/><D107/><U113/><E40/><V72/><F72/><W49/><G49/><T86/><D105/><U130/><E113/><V92/><F61/><W74/><G74/><T38/><D63/><N who="1" m="24107" /><E130/><V102/><F106/><W41/><G41/><N who="0" m="22967" /><D128/><U93/><E46/><RYUUKYOKU ba="1,1" sc="430,-10,250,-10,250,-10,60,30" hai3="1,4,12,14,19,21,25,68,70,71,90,94,96" /><INIT seed="1,2,1,3,4,93" ten="420,240,240,90" oya="1" hai0="99,121,47,103,104,75,12,51,85,66,63,110,3" hai1="98,122,27,58,16,29,68,46,43,18,94,37,26" hai2="21,32,23,123,17,128,135,102,7,44,105,119,87" hai3="130,4,92,60,39,49,107,79,33,54,132,67,45"/><U6/><E122/><V72/><F119/><W70/><G107/><T134/><D3/><U38/><E68/><V80/><F123/><W88/><G33/><T117/><D75/><U114/><E114/><V11/><F32/><W86/><G132/><T120/><D117/><U56/><E37/><V34/><F34/><W77/><G130/><T108/><D134/><U55/><E6/><V5/><F72/><W52/><G4/><T90/><D12/><U57/><E55/><V84/><F128/><W19/><G39/><T1/><D1/><U83/><E83/><V101/><F105/><W95/><G19/><T118/><D118/><U126/><E126/><V115/><F115/><W97/><REACH who="3" step="1"/><G54/><REACH who="3" ten="420,240,240,80" step="2"/><T24/><D121/><U59/><E18/><V125/><F17/><W71/><G71/><T15/><D120/><U36/><E36/><V73/><F7/><W22/><G22/><T111/><D104/><U129/><E129/><V61/><F23/><W13/><G13/><T48/><D15/><U109/><E16/><V28/><F21/><W30/><G30/><T42/><D111/><U89/><E109/><V20/><F28/><W65/><G65/><T9/><D66/><U116/><E116/><V8/><F20/><W81/><G81/><T127/><D110/><U106/><E106/><V112/><F5/><W91/><AGARI ba="2,2" hai="45,49,52,60,67,70,77,79,86,88,91,92,95,97" machi="91" ten="20,12000,2" yaku="1,1,0,1,7,1,52,1,54,2,53,0" doraHai="93" doraHaiUra="78" who="3" fromWho="3" sc="420,-32,240,-62,240,-32,80,146" /><INIT seed="2,0,0,5,4,108" ten="388,178,208,226" oya="2" hai0="102,47,37,56,125,32,64,78,61,83,113,0,106" hai1="11,74,79,69,43,107,132,60,110,34,28,3,85" hai2="73,123,40,77,81,57,38,10,27,59,7,54,126" hai3="49,95,96,45,8,36,1,2,94,87,119,130,127"/><V55/><F123/><W89/><G119/><T9/><D32/><U16/><E74/><V114/><F114/><W82/><G36/><T70/><D125/><U19/><E107/><V42/><F126/><W133/><G127/><T53/><D113/><U12/><E110/><V21/><F57/><W92/><G133/><T48/><D102/><U14/><E43/><V25/><F25/><W105/><G130/><T117/><D106/><U62/><E3/><V24/><F27/><W124/><G124/><T128/><D128/><U91/><E132/><V35/><F35/><W17/><G105/><T134/><D134/><U31/><E79/><V72/><F72/><W109/><G109/><T15/><D0/><U67/><E34/><V51/><F55/><N who="3" m="30127" /><G96/><T99/><D99/><U65/><E91/><V30/><REACH who="2" step="1"/><F38/><REACH who="2" ten="388,178,198,226" step="2"/><W22/><G2/><AGARI ba="0,1" hai="2,7,10,21,24,30,40,42,51,54,59,73,77,81" machi="2" ten="30,5800,0" yaku="1,1,2,1,7,1,53,0" doraHai="108" doraHaiUra="98" who="2" fromWho="3" sc="388,0,178,0,198,68,226,-58" /><INIT seed="2,1,0,2,4,130" ten="388,178,266,168" oya="2" hai0="105,103,38,75,113,28,114,47,80,60,68,81,45" hai1="122,42,57,98,9,16,64,83,107,30,8,53,34" hai2="73,86,70,29,85,59,63,10,13,106,3,66,52" hai3="97,17,19,120,90,125,127,1,54,96,46,101,32"/><V119/><F119/><W74/><G120/><T131/><D131/><U15/><E122/><V94/><F106/><W116/><G116/><T0/><D0/><U4/><E42/><V62/><F73/><W31/><G74/><T108/><D108/><U89/><E64/><V77/><F3/><W65/><G1/><T123/><D123/><U135/><E135/><V129/><F129/><W24/><G65/><N who="0" m="40999" /><D81/><U27/><E83/><V121/><F121/><W115/><G115/><T133/><D47/><U124/><E124/><N who="3" m="47690" /><G90/><T72/><D28/><U87/><E87/><V100/><F77/><W93/><G96/><N who="0" m="61671" /><D133/><U43/><E43/><V132/><F132/><W35/><G35/><T76/><D75/><U26/><E89/><V7/><REACH who="2" step="1"/><F29/><REACH who="2" ten="388,178,256,168" step="2"/><W109/><G109/><T22/><D76/><U33/><E107/><V48/><F48/><AGARI ba="1,1" hai="17,19,24,31,32,46,48,54,93,97,101" m="47690" machi="48" ten="30,1000,0" yaku="18,1" doraHai="130" who="3" fromWho="2" sc="388,0,178,0,256,-13,168,23" /><INIT seed="3,0,0,0,2,100" ten="388,178,243,191" oya="3" hai0="77,54,114,70,65,30,3,38,112,118,27,36,18" hai1="40,26,33,61,129,64,6,16,59,103,25,91,57" hai2="128,55,13,29,69,124,109,84,86,51,37,56,127" hai3="133,62,106,92,99,115,41,63,82,48,75,73,47"/><W50/><G115/><N who="0" m="44075" /><D118/><U83/><E129/><V43/><F109/><W134/><G48/><T76/><D3/><U49/><E33/><V131/><F69/><W116/><G116/><T119/><D119/><U4/><E103/><V39/><F29/><W60/><G106/><T11/><D54/><N who="1" m="31951" /><E40/><V1/><F1/><W101/><REACH who="3" step="1"/><G82/><REACH who="3" ten="388,178,243,181" step="2"/><T126/><D38/><U44/><E44/><V17/><F39/><W58/><G58/><T121/><D36/><U110/><E110/><V19/><F37/><W53/><G53/><T125/><D70/><U35/><E35/><V67/><F56/><W88/><G88/><T132/><D77/><U34/><E34/><V113/><F55/><W72/><AGARI ba="0,1" hai="41,47,50,60,62,63,72,73,75,92,99,101,133,134" machi="72" ten="40,3900,0" yaku="1,1,0,1,53,0" doraHai="100" doraHaiUra="135" who="3" fromWho="3" sc="388,-13,178,-13,243,-13,181,49" /><INIT seed="3,1,0,0,1,21" ten="375,165,230,230" oya="3" hai0="83,133,19,90,129,18,48,42,27,73,125,84,17" hai1="101,58,118,76,63,4,59,70,127,67,68,134,56" hai2="25,100,5,30,60,123,32,10,15,1,26,57,108" hai3="130,85,114,54,87,43,78,97,81,3,62,20,77"/><W106/><G3/><T99/><D133/><U6/><E134/><V117/><F117/><W113/><G43/><T29/><D129/><U47/><E118/><V91/><F108/><W96/><G54/><T12/><D125/><U75/><E127/><V55/><F123/><W14/><G62/><T35/><D73/><U92/><E68/><V50/><F100/><W65/><G65/><T33/><D33/><U112/><E112/><V38/><F38/><W115/><G14/><T2/><D2/><U104/><E104/><V120/><F120/><W95/><G20/><T122/><D122/><U74/><E47/><V7/><F91/><N who="3" m="55423" /><G130/><T89/><D42/><U82/><E75/><V110/><F110/><W22/><G22/><T135/><D135/><U111/><E111/><V131/><F131/><W13/><G13/><T16/><D48/><U102/><E102/><V44/><F25/><W37/><G37/><T98/><REACH who="0" step="1"/><D89/><REACH who="0" ten="365,165,230,230" step="2"/><U119/><REACH who="1" step="1"/><E119/><REACH who="1" ten="365,155,230,230" step="2"/><V8/><F44/><W86/><G113/><T46/><D46/><U64/><E64/><V93/><F55/><W45/><G45/><T79/><D79/><U121/><E121/><V28/><F1/><W52/><G78/><T36/><D36/><U124/><E124/><V109/><F109/><W9/><G77/><T0/><D0/><U66/><E66/><V51/><F57/><W34/><G114/><T103/><D103/><U39/><E39/><V128/><F128/><W88/><G115/><T105/><D105/><U53/><E53/><V31/><F32/><W49/><G106/><T116/><D116/><U126/><E126/><RYUUKYOKU ba="1,2" sc="365,15,155,15,230,-15,230,-15" hai0="12,16,17,18,19,27,29,35,83,84,90,98,99" hai1="4,6,56,58,59,63,67,70,74,76,82,92,101" owari="400,50.0,170,-33.0,215,1.5,215,-18.5" /></mjloggm>