<mjloggm ver="2.3"><GO type="225" lobby="0"/><UN n0="%77%72%77%72%77%72%77%72" n1="%33%74%72%65%65" n2="%E3%83%A9%E3%83%96%E3%83%AC%E3%83%BC" n3="%6D%75%75%73%61%6E%6D%75" dan="17,16,17,16" rate="2199.81,2118.41,2103.53,2090.67" sx="M,F,M,F"/><TAIKYOKU oya="0"/><INIT seed="0,0,0,0,4,48" ten="250,250,250,250" oya="0" hai0="62,104,0,89,130,5,124,96,33,57,125,123,112" hai1="77,91,90,134,7,129,49,14,52,97,88,84,19" hai2="44,111,63,76,35,127,99,41,113,94,115,83,54" hai3="119,110,102,56,61,69,114,80,74,73,24,70,12"/><T1/><D112/><U65/><E134/><V75/><F35/><W106/><G114/><T60/><D123/><U67/><E129/><V10/><F127/><N who="0" m="48714" /><D130/><U28/><E28/><V51/><F111/><W101/><G119/><T105/><D33/><U109/><E7/><V79/><F76/><W36/><G36/><T122/><D122/><U64/><E97/><V11/><F10/><W20/><G12/><T22/><D22/><N who="1" m="11639" /><E109/><V132/><F132/><W131/><G110/><T18/><D18/><U8/><E8/><V58/><REACH who="2" step="1"/><F11/><REACH who="2" ten="250,250,240,250" step="2"/><W46/><G131/><T107/><D5/><U86/><E77/><V9/><F9/><W15/><G74/><T85/><D0/><U17/><E17/><V25/><F25/><W55/><G24/><T117/><D1/><U45/><AGARI ba="0,1" hai="45,49,52,64,65,67,84,86,88,90,91" m="11639" machi="45" ten="30,7900,0" yaku="8,1,52,1,54,2" doraHai="48" who="1" fromWho="1" sc="250,-39,250,89,240,-20,250,-20" /><INIT seed="1,0,0,3,0,4" ten="211,339,220,230" oya="1" hai0="18,119,17,56,78,108,70,118,101,46,59,16,73" hai1="130,6,64,85,5,42,21,35,132,62,44,135,25" hai2="99,30,100,75,3,90,8,80,36,15,128,72,96" hai3="39,60,91,7,11,86,69,77,63,58,129,103,29"/><U74/><E74/><V88/><F3/><W89/><G129/><T51/><D70/><U81/><E35/><V49/><F36/><W68/><G39/><T106/><D108/><U109/><E130/><V12/><F30/><W114/><G114/><T28/><D28/><U92/><E92/><V117/><F128/><W50/><G103/><T43/><D73/><U38/><E109/><V66/><F66/><W87/><G29/><T120/><D120/><U23/><E6/><V27/><F27/><W65/><G50/><T20/><D78/><U107/><E107/><V52/><F117/><W48/><G48/><T0/><D0/><U32/><E5/><N who="2" m="3087" /><F75/><W122/><G122/><T24/><D106/><U45/><E32/><V84/><F72/><W47/><G47/><T95/><D118/><U102/><E44/><N who="2" m="27687" /><F15/><W54/><G69/><T14/><D119/><U134/><E25/><V2/><F2/><W55/><G55/><T125/><D125/><U97/><E64/><V67/><F67/><W123/><G123/><T121/><D121/><U19/><E38/><V9/><F9/><W34/><G34/><T76/><D14/><U113/><E134/><V53/><F53/><W93/><G11/><T41/><D41/><U126/><E135/><V37/><F37/><W110/><G7/><T13/><D13/><U104/><E42/><V82/><F100/><W131/><G131/><T94/><D101/><U83/><E102/><V98/><F82/><N who="3" m="49367" /><G110/><T57/><D24/><U33/><E132/><V10/><F10/><W31/><G31/><T61/><D43/><U112/><E112/><RYUUKYOKU ba="0,0" sc="211,-15,339,-15,220,15,230,15" hai2="80,84,88,90,96,98,99" hai3="54,58,60,63,65,68,77,87,91,93" /><INIT seed="2,1,0,5,5,17" ten="196,324,235,245" oya="2" hai0="67,134,41,112,105,11,10,104,84,27,57,95,79" hai1="117,1,97,101,131,18,61,31,42,86,5,99,51" hai2="128,30,70,47,87,100,62,28,23,129,20,106,85" hai3="54,36,19,114,59,53,0,44,132,46,16,111,63"/><V135/><F135/><W90/><G0/><T74/><D134/><U122/><E117/><V4/><F4/><W81/><G132/><T25/><D112/><U127/><E31/><N who="2" m="11819" /><F47/><N who="3" m="17963" /><G36/><T64/><D74/><U116/><E5/><V21/><F100/><W48/><G111/><T33/><D33/><U120/><E101/><V43/><F43/><W130/><G130/><N who="2" m="50281" /><F106/><W13/><G114/><T45/><D45/><U107/><E42/><V73/><F73/><W89/><G19/><T91/><D41/><U24/><E18/><V34/><F34/><W39/><G39/><T80/><D105/><U9/><E107/><V125/><F125/><W8/><G81/><T56/><D104/><U77/><E127/><V124/><F124/><W113/><G113/><T71/><D71/><U88/><E131/><V69/><F69/><W6/><G6/><T35/><D35/><U94/><E122/><V123/><F123/><W102/><G102/><T15/><D56/><AGARI ba="1,0" hai="8,13,16,48,53,54,56,59,63,89,90" m="17963" machi="56" ten="30,2000,0" yaku="8,1,54,1" doraHai="17" who="3" fromWho="0" sc="196,-23,324,0,235,0,245,23" /><INIT seed="3,0,0,0,3,68" ten="173,324,235,268" oya="3" hai0="25,12,30,100,88,71,78,76,7,8,120,105,33" hai1="113,31,3,108,10,46,109,39,135,116,90,70,107" hai2="131,119,4,21,134,11,51,41,0,98,84,60,59" hai3="2,57,104,128,63,28,26,38,44,43,115,54,125"/><W29/><G115/><T47/><D120/><U53/><E116/><V83/><F119/><W32/><G2/><T103/><D71/><U117/><E117/><V77/><F134/><W67/><G128/><T72/><D72/><U86/><E135/><V49/><F131/><W13/><G125/><T82/><D47/><U106/><E70/><V127/><F127/><W17/><G104/><T69/><D69/><U118/><E31/><V55/><F41/><W97/><G28/><T23/><D33/><U112/><E118/><V5/><F5/><W66/><REACH who="3" step="1"/><G97/><REACH who="3" ten="173,324,235,258" step="2"/><T79/><REACH who="0" step="1"/><D105/><REACH who="0" ten="163,324,235,258" step="2"/><U130/><E107/><V64/><F98/><W80/><G80/><T114/><D114/><U126/><E106/><V62/><F83/><W22/><AGARI ba="0,2" hai="13,17,22,26,29,32,38,43,44,54,57,63,66,67" machi="22" ten="20,12000,1" yaku="1,1,0,1,7,1,52,1,53,1" doraHai="68" doraHaiUra="24" who="3" fromWho="3" sc="163,-40,324,-40,235,-40,258,140" owari="123,-37.7,284,8.4,195,-20.5,398,49.8" /></mjloggm>