<mjloggm ver="2.3"><GO type="225" lobby="0"/><UN n0="%6E%69%63%6F%6E%74%6F" n1="%E3%81%95%E3%81%8D%E3%81%9F%E3%81%BE%E6%9E%97%E6%AA%8E" n2="%E3%81%9F%E3%81%93%E2%98%86%E7%84%BC%E3%81%8D" n3="%E6%B1%9D%E6%9C%89%E4%BD%95%E7%96%91" dan="17,16,16,16" rate="2176.54,2165.71,2098.30,2111.29" sx="M,M,M,M"/><TAIKYOKU oya="0"/><INIT seed="0,0,0,5,5,104" ten="250,250,250,250" oya="0" hai0="1,28,80,82,32,2,45,117,70,112,25,73,13" hai1="91,132,56,33,125,107,69,67,34,92,52,7,11" hai2="63,59,88,87,129,106,95,49,105,96,17,15,50" hai3="4,118,46,115,27,19,30,121,6,78,135,44,68"/><T57/><D112/><U126/><E107/><V110/><F110/><W24/><G115/><T8/><D70/><U47/><E132/><V37/><F37/><W133/><G118/><T94/><D117/><U39/><E67/><V72/><F129/><W64/><G121/><T120/><D120/><U48/><E69/><V109/><F106/><W108/><G108/><T130/><D130/><U101/><E101/><V10/><F109/><W42/><G68/><T54/><D45/><N who="3" m="17513" /><G64/><T22/><D32/><U113/><E113/><V116/><F116/><W77/><G19/><T31/><D94/><U29/><E56/><V127/><F72/><W16/><G16/><T124/><D124/><N who="1" m="47723" /><E29/><V23/><F105/><W3/><G42/><T86/><D82/><U26/><E26/><N who="3" m="9770" /><G3/><T75/><D31/><U123/><E39/><V35/><F35/><W114/><G30/><T90/><D1/><N who="1" m="495" /><E123/><V76/><F10/><W97/><G97/><AGARI ba="0,0" hai="33,34,47,48,52,91,92,97" m="495,47723" machi="97" ten="30,2000,0" yaku="18,1,54,1" doraHai="104" who="1" fromWho="3" sc="250,0,250,20,250,0,250,-20" /><INIT seed="1,0,0,1,5,50" ten="250,270,250,230" oya="1" hai0="113,2,21,135,107,6,65,1,7,87,121,20,92" hai1="118,73,117,17,10,67,23,31,30,62,111,11,42" hai2="78,48,84,40,57,120,0,44,19,88,93,56,41" hai3="53,128,63,79,125,8,99,90,69,126,106,13,37"/><U100/><E73/><V127/><F0/><N who="0" m="106" /><D92/><U115/><E42/><V4/><F120/><W24/><G37/><T22/><D87/><U54/><E100/><V75/><F4/><N who="0" m="1578" /><D65/><U49/><E115/><V95/><F127/><N who="3" m="48651" /><G128/><T33/><D107/><U72/><E72/><V59/><F41/><W35/><G79/><T52/><D52/><U86/><E118/><V96/><F78/><W55/><G69/><T61/><D61/><U124/><E117/><V34/><F75/><W133/><G133/><T76/><D76/><U112/><E112/><V47/><F47/><W18/><G63/><T60/><D60/><U28/><E86/><V91/><F34/><W83/><G83/><T89/><D89/><U58/><E124/><V134/><F134/><W51/><G51/><T82/><D135/><U104/><E104/><V74/><F74/><W97/><G90/><T81/><D113/><U27/><REACH who="1" step="1"/><E111/><REACH who="1" ten="250,260,250,230" step="2"/><V116/><F116/><W16/><G97/><T98/><D98/><U94/><E94/><V119/><F119/><W25/><G99/><T102/><D102/><U129/><E129/><V130/><F130/><W70/><G106/><T71/><D82/><U123/><E123/><V66/><F84/><W64/><G70/><AGARI ba="0,1" hai="10,11,17,23,27,28,30,31,49,54,58,62,67,70" machi="70" ten="40,3900,0" yaku="1,1,52,1,53,0" doraHai="50" doraHaiUra="39" who="1" fromWho="3" sc="250,0,260,49,250,0,230,-39" /><INIT seed="1,1,0,1,5,117" ten="250,309,250,191" oya="1" hai0="81,84,124,65,85,27,6,18,29,101,51,121,64" hai1="74,2,1,115,75,28,16,41,98,116,111,8,14" hai2="19,36,22,108,32,122,118,112,68,130,56,3,7" hai3="87,35,30,99,54,103,132,5,97,17,83,23,72"/><U123/><E41/><V93/><RYUUKYOKU type="yao9" ba="1,0" sc="250,0,309,0,250,0,191,0" hai2="3,7,19,22,32,36,56,68,93,108,112,118,122,130" /><INIT seed="1,2,0,3,3,26" ten="250,309,250,191" oya="1" hai0="51,15,128,102,46,16,60,48,59,100,88,47,56" hai1="12,73,86,108,57,118,38,77,45,117,109,127,7" hai2="80,5,32,120,129,31,99,134,24,55,8,74,124" hai3="34,39,6,35,125,104,58,84,98,133,18,135,21"/><U91/><E127/><V27/><F120/><W119/><G39/><T93/><D128/><U101/><E101/><V97/><F129/><W107/><G125/><T114/><D114/><U75/><E57/><N who="0" m="22089" /><D60/><U79/><E45/><N who="0" m="16905" /><D102/><U28/><E28/><V87/><F55/><W10/><G119/><N who="1" m="45578" /><E12/><V64/><F134/><N who="3" m="51211" /><G58/><T61/><D61/><U44/><E44/><V72/><F64/><W89/><G98/><N who="0" m="57639" /><D100/><U81/><E7/><V50/><F50/><W94/><G104/><T105/><D105/><U49/><E49/><V122/><F74/><N who="1" m="28169" /><E38/><V113/><F72/><W106/><G107/><T40/><D40/><U131/><E131/><V103/><F103/><W52/><G106/><T37/><D37/><U14/><E14/><V71/><F99/><W42/><G42/><T9/><AGARI ba="2,0" hai="9,15,16,48,51" m="57639,16905,22089" machi="9" ten="30,4000,0" yaku="8,1,54,2" doraHai="26" who="0" fromWho="0" sc="250,46,309,-22,250,-12,191,-12" /><INIT seed="2,0,0,0,2,43" ten="296,287,238,179" oya="2" hai0="119,79,72,44,77,37,30,71,69,115,25,66,51" hai1="10,15,24,126,39,33,57,134,127,6,68,75,56" hai2="27,132,100,114,9,98,61,0,103,73,16,106,102" hai3="47,107,40,48,13,124,113,111,45,36,117,109,64"/><V125/><F114/><W55/><G107/><T46/><D115/><U105/><E68/><V5/><F73/><W108/><G113/><T21/><D37/><U42/><E105/><V32/><F132/><W20/><G117/><T7/><D119/><U88/><E75/><V28/><F125/><N who="1" m="47625" /><E134/><V23/><REACH who="2" step="1"/><F61/><REACH who="2" ten="296,287,228,179" step="2"/><W22/><G124/><T59/><D72/><U104/><E104/><V130/><F130/><W67/><G13/><AGARI ba="0,1" hai="0,5,9,13,16,23,27,28,32,98,100,102,103,106" machi="13" ten="30,12000,1" yaku="1,1,7,1,24,2,54,1,53,0" doraHai="43" doraHaiUra="110" who="2" fromWho="3" sc="296,0,287,0,228,130,179,-120" /><INIT seed="2,1,0,4,0,23" ten="296,287,358,59" oya="2" hai0="97,128,122,13,52,10,41,6,129,32,39,0,127" hai1="4,58,93,132,24,112,92,33,44,18,98,110,71" hai2="74,114,83,89,19,17,2,45,87,95,123,120,104" hai3="67,28,25,21,54,81,121,102,70,124,91,113,63"/><V111/><F104/><W34/><G121/><T8/><D122/><U26/><E112/><V22/><F2/><W46/><G124/><T62/><D127/><U101/><E71/><V42/><F114/><W85/><G113/><T15/><D32/><U7/><E33/><V88/><F74/><W56/><G102/><T84/><D39/><U43/><E110/><V109/><F19/><W36/><G36/><T55/><D41/><U135/><E18/><V60/><F60/><W27/><G46/><T73/><D73/><U99/><E58/><V76/><F76/><W5/><G5/><T131/><D84/><U35/><E35/><V125/><F125/><W119/><G119/><T31/><D31/><U126/><E126/><V50/><F111/><W78/><G78/><T12/><D97/><U75/><E75/><V96/><F109/><W66/><REACH who="3" step="1"/><G70/><REACH who="3" ten="296,287,358,49" step="2"/><T134/><D6/><U106/><E7/><V48/><F120/><W79/><G79/><T133/><D0/><U77/><E77/><V90/><F123/><W61/><G61/><T47/><D47/><U115/><E115/><V108/><F108/><W105/><G105/><T16/><D62/><U57/><E4/><V69/><F69/><W14/><G14/><N who="0" m="7239" /><D10/><U38/><E106/><V107/><F107/><W103/><G103/><T118/><D118/><U49/><E38/><V130/><F89/><W11/><G11/><T80/><D80/><U82/><E82/><V51/><F130/><W65/><G65/><T20/><D20/><U59/><E101/><V3/><F3/><W100/><G100/><T94/><D94/><RYUUKYOKU ba="1,1" sc="296,10,287,-30,358,10,49,10" hai0="12,13,15,52,55,128,129,131,133,134" hai2="17,22,42,45,48,50,51,83,87,88,90,95,96" hai3="21,25,27,28,34,54,56,63,66,67,81,85,91" /><INIT seed="2,2,1,1,0,78" ten="306,257,368,59" oya="2" hai0="41,10,45,2,135,90,5,71,114,48,57,98,115" hai1="61,88,30,94,116,125,34,83,25,4,69,26,32" hai2="104,95,132,68,110,21,111,22,39,59,19,96,99" hai3="67,20,73,102,18,74,107,118,29,97,40,82,87"/><V109/><F68/><W89/><G118/><T75/><D135/><U1/><E125/><V44/><F132/><W72/><G67/><T53/><D71/><U123/><E123/><V42/><F104/><W11/><G40/><T128/><D128/><U36/><E36/><V49/><F96/><W85/><G29/><T86/><D75/><U6/><E116/><V126/><F126/><W16/><G11/><T84/><D84/><U91/><E1/><V47/><F59/><W66/><G66/><T52/><D53/><U76/><E69/><V106/><F106/><W58/><G20/><T120/><D98/><U70/><E70/><V105/><F105/><W0/><G0/><T65/><D65/><U100/><E100/><V38/><F21/><W43/><G43/><T7/><D7/><U63/><E76/><V56/><F56/><W117/><G117/><T113/><D113/><U27/><E27/><V9/><F9/><W28/><G28/><T121/><D121/><U8/><E8/><V23/><F23/><W80/><REACH who="3" step="1"/><G58/><REACH who="3" ten="306,257,368,49" step="2"/><T122/><D115/><U31/><E34/><V77/><F42/><W3/><G3/><T131/><D114/><U93/><E32/><V127/><F22/><W133/><G133/><T81/><D131/><U54/><E54/><V50/><F127/><W37/><G37/><AGARI ba="2,2" hai="2,5,10,37,41,45,48,52,57,81,86,90,120,122" machi="37" ten="30,3900,0" yaku="7,1,52,1,54,1" doraHai="78" who="0" fromWho="3" sc="306,65,257,0,368,0,49,-45" /><INIT seed="3,0,0,4,3,65" ten="371,257,368,4" oya="3" hai0="31,54,18,8,16,87,59,130,14,115,110,47,36" hai1="19,35,114,76,102,85,34,106,57,117,128,70,25" hai2="121,33,119,52,73,13,129,99,10,82,91,72,20" hai3="104,135,44,28,17,96,1,4,112,0,89,74,26"/><W75/><G112/><T118/><D110/><U53/><E114/><V27/><F119/><W64/><G17/><T63/><D115/><U61/><E106/><V49/><F33/><N who="3" m="20631" /><G89/><T86/><D130/><U42/><E102/><V24/><F129/><W68/><G44/><T113/><D113/><U5/><E128/><V92/><F121/><W12/><G12/><N who="0" m="7175" /><D36/><U3/><E117/><V15/><F15/><W56/><G56/><T95/><D118/><U134/><E134/><V22/><F82/><W37/><G37/><T77/><D77/><U123/><E123/><V109/><F109/><W80/><G135/><T101/><D31/><U23/><E42/><V58/><F73/><N who="3" m="27659" /><G80/><T100/><D47/><U120/><E120/><V111/><F72/><W48/><G48/><T88/><D86/><U40/><E76/><V46/><F111/><W84/><G84/><T41/><D41/><U125/><E40/><V107/><F46/><W97/><G97/><T124/><D124/><U126/><E85/><V11/><F11/><AGARI ba="0,0" hai="11,14,18,54,59,63,87,88,95,100,101" m="7175" machi="11" ten="30,3900,0" yaku="8,1,54,2" doraHai="65" who="0" fromWho="2" sc="371,39,257,0,368,-39,4,0" owari="410,51.0,257,-14.3,329,12.9,4,-49.6" /></mjloggm>