<mjloggm ver="2.3"><GO type="225" lobby="0"/><UN n0="%E6%A1%9C%E8%8A%B1%E9%96%83%E3%80%85" n1="%72%65%6E%6B%75%6E" n2="%E4%BF%BA%E3%81%A8%E5%A6%96%E5%A4%A2" n3="%E6%9D%B1%E9%A2%A8%E3%81%AE%E3%81%8D%E3%82%83%E3%81%B7%E3%81%95%E3%82%93" dan="16,17,17,16" rate="2047.37,2222.56,2235.08,2128.73" sx="M,M,F,M"/><TAIKYOKU oya="0"/><INIT seed="0,0,0,3,0,41" ten="250,250,250,250" oya="0" hai0="10,32,5,19,90,96,59,107,112,18,30,120,73" hai1="15,93,62,123,94,109,101,11,84,92,108,28,21" hai2="88,77,124,17,95,81,105,36,12,75,23,85,130" hai3="38,64,132,98,60,104,68,128,118,67,126,69,40"/><T99/><D112/><U3/><E123/><V76/><F130/><W9/><G132/><T7/><D120/><U26/><E3/><V91/><F124/><W35/><G9/><T72/><D32/><U22/><E62/><V46/><F76/><W70/><G118/><T106/><D10/><U8/><E101/><V71/><F71/><N who="3" m="42375" /><G128/><T27/><D27/><N who="1" m="16495" /><E15/><V119/><F119/><W110/><G110/><N who="1" m="42602" /><E84/><V116/><F116/><W131/><G131/><T58/><D90/><U86/><E86/><V111/><F111/><W129/><G129/><T47/><REACH who="0" step="1"/><D30/><AGARI ba="0,0" hai="8,11,22,26,30,92,93,94" m="42602,16495" machi="30" ten="30,1000,0" yaku="14,1" doraHai="41" who="1" fromWho="0" sc="250,-10,250,10,250,0,250,0" /><INIT seed="1,0,0,4,3,102" ten="240,260,250,250" oya="1" hai0="33,60,22,125,134,8,127,52,126,120,23,37,4" hai1="57,10,29,67,31,64,62,40,9,95,110,46,106" hai2="116,41,18,78,65,32,73,97,114,94,87,98,88" hai3="25,107,112,80,117,0,72,63,17,129,77,109,124"/><U30/><E106/><V56/><F116/><W15/><G129/><T100/><D134/><U130/><E130/><V99/><F32/><W75/><G0/><T55/><D33/><U2/><E110/><V20/><F114/><W83/><G112/><T12/><D120/><U81/><E67/><V36/><F36/><W132/><G132/><T68/><D37/><U84/><E95/><V118/><F118/><W51/><G117/><T71/><D100/><U11/><E2/><V108/><F108/><W82/><G124/><T113/><D113/><U53/><E40/><V38/><F41/><W39/><G39/><T111/><D111/><U123/><E123/><V128/><F38/><W26/><G63/><T7/><D7/><U50/><REACH who="1" step="1"/><E10/><REACH who="1" ten="240,250,250,250" step="2"/><V28/><F128/><W16/><G107/><T89/><D55/><U105/><E105/><V43/><F43/><W58/><G109/><T92/><D68/><U121/><E121/><V96/><F65/><W85/><G75/><T44/><D71/><U21/><E21/><V42/><F42/><W47/><G72/><T24/><D23/><U103/><E103/><V34/><F73/><W104/><G104/><T35/><D35/><U19/><E19/><V70/><F70/><W5/><G17/><N who="0" m="12367" /><D52/><U79/><AGARI ba="0,1" hai="9,11,29,30,31,46,50,53,57,62,64,79,81,84" machi="79" ten="30,6000,0" yaku="1,1,0,1,8,1,53,0" doraHai="102" doraHaiUra="90" who="1" fromWho="1" sc="240,-20,250,70,250,-20,250,-20" /><INIT seed="1,1,0,5,5,77" ten="220,320,230,230" oya="1" hai0="29,112,65,70,111,86,134,105,41,95,135,121,82" hai1="79,113,92,53,34,0,56,24,5,85,60,116,110" hai2="40,71,12,16,122,104,43,37,49,27,11,75,8" hai3="14,87,124,55,39,102,13,46,118,78,45,35,57"/><U96/><E113/><V48/><F122/><W91/><G39/><T9/><D112/><U6/><E116/><V36/><F71/><W54/><G35/><T19/><D105/><U50/><E110/><V89/><F104/><W7/><G124/><T108/><D29/><U93/><E0/><V99/><F75/><W109/><G102/><T73/><D41/><N who="2" m="15946" /><F37/><W21/><G78/><N who="0" m="44367" /><D65/><N who="1" m="39047" /><E34/><V62/><F62/><W4/><G109/><N who="0" m="42059" /><D70/><U26/><E26/><V63/><F36/><W119/><G21/><T30/><D30/><U88/><E24/><V44/><F63/><W58/><G87/><T74/><D74/><U101/><E79/><V42/><F48/><W66/><G91/><N who="0" m="53751" /><D121/><U32/><E32/><V52/><F42/><W51/><G51/><T125/><D125/><U94/><E94/><N who="2" m="56783" /><F27/><W106/><REACH who="3" step="1"/><G106/><REACH who="3" ten="220,320,230,220" step="2"/><T61/><D61/><U25/><E25/><V107/><F107/><W69/><G69/><T22/><D22/><AGARI ba="1,1" hai="8,11,12,16,22,44,49,52" m="56783,15946" machi="22" ten="30,3900,0" yaku="8,1,54,2" doraHai="77" who="2" fromWho="0" sc="220,-42,320,0,230,52,220,0" /><INIT seed="2,0,0,4,0,94" ten="178,320,282,220" oya="2" hai0="126,28,34,43,40,117,56,17,25,3,109,81,67" hai1="31,1,49,61,23,11,10,27,32,54,30,69,102" hai2="70,84,2,125,5,12,123,121,22,91,64,115,47" hai3="98,82,110,77,130,0,50,119,100,97,72,120,39"/><V133/><F115/><W57/><G39/><T42/><D109/><U46/><E102/><V90/><F2/><W20/><G0/><T53/><D126/><U95/><E32/><V58/><F70/><W76/><G120/><T103/><D117/><U29/><E69/><V62/><F125/><W26/><G119/><T107/><D3/><U134/><E134/><V113/><F113/><W52/><G130/><T33/><D67/><U63/><E95/><V51/><F133/><W124/><G124/><T71/><D71/><U35/><E35/><V38/><F38/><W85/><G110/><T104/><D34/><U14/><E1/><V93/><F90/><N who="3" m="51511" /><G100/><T48/><D17/><N who="1" m="12783" /><E10/><V8/><REACH who="2" step="1"/><F22/><REACH who="2" ten="178,320,272,220" step="2"/><W79/><G72/><T87/><REACH who="0" step="1"/><D103/><REACH who="0" ten="168,320,272,220" step="2"/><U65/><E65/><V68/><F68/><W16/><AGARI ba="0,2" hai="16,20,26,50,52,57,76,77,79,97,98" m="51511" machi="16" ten="30,8000,1" yaku="8,1,52,2,54,2" doraHai="94" who="3" fromWho="3" sc="168,-20,320,-20,272,-40,220,100" /><INIT seed="3,0,0,2,1,31" ten="148,300,232,320" oya="3" hai0="37,64,128,33,24,1,70,90,79,18,106,114,9" hai1="121,16,14,116,78,99,80,111,43,88,115,96,118" hai2="39,10,75,50,57,51,123,100,89,91,117,46,120" hai3="83,26,86,62,98,74,53,84,2,4,66,110,73"/><W59/><G110/><T122/><D122/><N who="2" m="46634" /><F117/><N who="1" m="45161" /><E121/><V108/><F108/><W6/><G74/><T101/><D128/><U32/><E111/><V11/><F75/><W34/><G73/><T125/><D79/><U130/><E130/><V0/><F100/><W40/><G40/><T15/><D125/><U38/><E115/><V94/><F57/><W76/><G2/><T13/><D114/><U68/><E32/><V103/><F103/><W61/><G98/><N who="1" m="37418" /><E68/><V49/><F94/><W112/><G86/><T129/><D129/><U17/><E78/><V25/><F25/><W8/><G8/><N who="2" m="3113" /><F0/><W35/><G112/><T87/><D1/><U19/><E14/><V131/><F131/><W47/><G26/><T69/><D15/><U12/><E12/><V28/><F28/><W42/><G4/><T95/><D37/><U23/><E23/><V109/><F109/><W82/><G6/><T105/><D101/><U135/><E135/><V63/><F63/><W29/><G29/><T44/><D44/><N who="1" m="23671" /><E17/><V133/><F133/><W124/><G124/><T36/><D36/><U27/><E27/><V72/><F72/><W127/><G127/><T22/><D22/><U3/><E3/><V126/><F126/><W119/><G119/><T104/><REACH who="0" step="1"/><D64/><REACH who="0" ten="138,300,232,320" step="2"/><U92/><E80/><V21/><F21/><W7/><G83/><T54/><D54/><U132/><E132/><V67/><F67/><W77/><G76/><T71/><D71/><U41/><E41/><AGARI ba="0,1" hai="39,41,46,49,50,51,89,91" m="3113,46634" machi="41" ten="40,1300,0" yaku="13,1" doraHai="31" who="2" fromWho="1" sc="138,0,300,-13,232,23,320,0" owari="138,-36.2,287,8.7,255,-14.5,320,42.0" /></mjloggm>