<mjloggm ver="2.3"><GO type="225" lobby="0"/><UN n0="%E5%88%9D%E5%8F%B7%E6%A9%9F%E3%81%A8%E4%BA%8C%E5%8F%B7%E6%A9%9F" n1="%48%61%61%61%6C%61%6E%64" n2="%45%6C%79%73%69%75%6D" n3="%30%2E%31%32%30" dan="17,17,18,16" rate="2207.59,2168.51,2169.40,2091.97" sx="M,M,F,M"/><TAIKYOKU oya="0"/><INIT seed="0,0,0,4,5,55" ten="250,250,250,250" oya="0" hai0="90,66,30,117,124,87,125,82,93,115,4,59,32" hai1="28,64,26,127,47,60,122,52,38,73,129,48,0" hai2="80,25,99,14,57,8,130,18,20,10,109,15,96" hai3="34,104,13,16,111,86,77,126,101,43,78,50,42"/><T29/><D117/><U123/><E73/><V35/><F109/><W113/><G34/><T103/><D115/><U107/><E0/><V58/><F130/><W2/><G111/><T75/><D4/><U81/><E129/><V27/><F80/><W31/><G2/><T135/><D135/><U131/><E131/><V51/><F51/><W134/><G113/><T7/><D7/><U72/><E127/><N who="0" m="48713" /><D32/><U49/><E107/><V19/><F35/><W110/><G126/><T67/><D67/><U112/><E38/><V121/><REACH who="2" step="1"/><F20/><REACH who="2" ten="250,250,240,250" step="2"/><W5/><G110/><T85/><D82/><U97/><E112/><V92/><F92/><W63/><G50/><T133/><D133/><U40/><E81/><V39/><F39/><W46/><G134/><T119/><D119/><U91/><E48/><V118/><F118/><W132/><G132/><T17/><D75/><U102/><E72/><V94/><F94/><W120/><G78/><T61/><D103/><U71/><E91/><V83/><F83/><N who="3" m="47471" /><G101/><T9/><D87/><U76/><E76/><V116/><F116/><W12/><G104/><T98/><D85/><U41/><E41/><V6/><F6/><W70/><G43/><T68/><D68/><U100/><E40/><V33/><F33/><W54/><G5/><T21/><D9/><U56/><E71/><V62/><F62/><W24/><G70/><T23/><D23/><N who="1" m="15455" /><E102/><V106/><F106/><W22/><G63/><T89/><D66/><U108/><E108/><V45/><F45/><W84/><G46/><T53/><D90/><U65/><E65/><V79/><F79/><RYUUKYOKU ba="0,1" sc="250,10,250,10,240,10,250,-30" hai0="17,21,29,30,53,59,61,89,93,98" hai1="47,49,52,56,60,64,97,100,122,123" hai2="8,10,14,15,18,19,25,27,57,58,96,99,121" /><INIT seed="0,1,1,3,5,100" ten="260,260,250,220" oya="0" hai0="87,30,67,127,132,122,102,42,55,26,46,104,96" hai1="81,41,65,52,76,123,62,121,15,51,8,7,113" hai2="58,125,133,130,53,45,75,28,1,92,16,2,39" hai3="4,69,9,111,56,68,105,115,35,57,36,11,22"/><T101/><D122/><U31/><E113/><V82/><F130/><W43/><G35/><T6/><D127/><U29/><E41/><V0/><F125/><W10/><G115/><T95/><D132/><U71/><E121/><V107/><F133/><W73/><G4/><T49/><D6/><U47/><REACH who="1" step="1"/><E123/><REACH who="1" ten="260,250,250,220" step="2"/><V131/><F131/><W48/><G43/><T85/><D42/><U77/><E77/><V99/><F39/><W97/><G36/><T108/><D108/><U40/><E40/><V119/><F119/><W116/><G111/><T129/><D129/><U93/><E93/><V114/><F92/><W20/><G116/><T33/><D67/><U110/><E110/><V25/><F114/><W80/><G80/><T37/><REACH who="0" step="1"/><D37/><REACH who="0" ten="250,250,250,220" step="2"/><U112/><E112/><V134/><F134/><W19/><G73/><AGARI ba="1,3" hai="7,8,15,29,31,47,51,52,62,65,71,73,76,81" machi="73" ten="30,3900,0" yaku="1,1,7,1,54,1,53,0" doraHai="100" doraHaiUra="21" who="1" fromWho="3" sc="250,0,250,72,250,0,220,-42" /><INIT seed="1,0,0,5,3,28" ten="250,322,250,178" oya="1" hai0="133,109,15,0,66,96,99,25,62,89,94,42,17" hai1="84,60,131,115,54,31,6,19,122,18,65,56,71" hai2="29,11,91,52,97,114,135,126,78,85,4,80,110" hai3="112,49,77,130,74,39,111,10,9,59,88,27,2"/><U63/><E115/><V121/><F121/><W46/><G112/><T37/><D0/><U50/><E122/><V1/><F114/><W33/><G39/><T119/><D119/><U86/><E131/><V13/><F110/><W134/><G130/><T79/><D79/><U101/><E6/><V118/><F118/><W61/><G111/><T24/><D133/><U3/><E3/><V82/><F135/><W47/><G134/><T7/><D7/><U116/><E116/><V120/><F120/><W76/><G2/><T38/><D99/><U53/><E101/><V123/><F123/><W34/><G27/><T35/><D42/><U20/><E31/><V106/><F126/><W70/><G70/><T67/><D67/><U45/><REACH who="1" step="1"/><E18/><REACH who="1" ten="250,312,250,178" step="2"/><V73/><F29/><W40/><G74/><T26/><D109/><U100/><E100/><V105/><F1/><W128/><G128/><T108/><D108/><U41/><E41/><V117/><F117/><W125/><G40/><T57/><REACH who="0" step="1"/><D35/><REACH who="0" ten="240,312,250,178" step="2"/><U21/><E21/><AGARI ba="0,2" hai="15,17,21,24,25,26,37,38,57,62,66,89,94,96" machi="21" ten="40,2600,0" yaku="1,1,2,1,53,0" doraHai="28" doraHaiUra="43" who="0" fromWho="1" sc="240,46,312,-26,250,0,178,0" /><INIT seed="2,0,0,5,2,119" ten="286,286,250,178" oya="2" hai0="87,81,130,52,38,80,4,74,96,103,30,68,108" hai1="90,112,132,53,13,6,124,25,116,42,37,126,65" hai2="45,105,58,109,107,97,67,62,135,44,48,123,79" hai3="24,18,1,14,129,99,71,115,3,91,2,118,63"/><V22/><F109/><W50/><G129/><T34/><D38/><U0/><E116/><V31/><F123/><W83/><G118/><T56/><D68/><U29/><E112/><V121/><F121/><W51/><G115/><T46/><D130/><U12/><E65/><V64/><F64/><W8/><G71/><T92/><D46/><N who="1" m="23887" /><E132/><V117/><F117/><W85/><G63/><T23/><D34/><U134/><E134/><V127/><F127/><N who="1" m="48681" /><E53/><V120/><F120/><W55/><G51/><T11/><D74/><U122/><E122/><V82/><F135/><W84/><G84/><T49/><D108/><U133/><E133/><V47/><F48/><W113/><G113/><T125/><D125/><U78/><E78/><V131/><F131/><W128/><G128/><T70/><D70/><U59/><E59/><V86/><F97/><W32/><G99/><T28/><D23/><U57/><E57/><V16/><REACH who="2" step="1"/><F31/><REACH who="2" ten="286,286,240,178" step="2"/><W60/><G60/><T101/><D28/><U75/><E29/><V100/><F100/><W41/><G41/><T66/><D30/><U114/><E114/><V76/><F76/><W27/><REACH who="3" step="1"/><G32/><REACH who="3" ten="286,286,240,168" step="2"/><T20/><D66/><U5/><E75/><V61/><F61/><W102/><G102/><T35/><D35/><U33/><E33/><V93/><F93/><W54/><G54/><T77/><D81/><U104/><E104/><V106/><F106/><W39/><G39/><T69/><D103/><U9/><E90/><V95/><F95/><W110/><G110/><T10/><D69/><U36/><E36/><V7/><F7/><W43/><G43/><RYUUKYOKU ba="0,2" sc="286,-15,286,-15,240,15,168,15" hai2="16,22,44,45,47,58,62,67,79,82,86,105,107" hai3="1,2,3,8,14,18,24,27,50,55,83,85,91" /><INIT seed="2,1,2,0,3,127" ten="271,271,255,183" oya="2" hai0="76,5,22,67,84,108,45,59,61,48,100,105,54" hai1="64,77,88,124,8,57,49,34,9,35,62,16,102" hai2="14,46,74,112,38,96,21,125,42,70,27,86,0" hai3="58,15,78,122,94,17,73,68,90,128,33,131,37"/><V82/><F0/><W36/><G68/><T79/><D108/><U69/><E124/><V20/><F125/><W115/><G33/><T39/><D105/><U44/><E102/><V99/><F74/><W95/><G122/><T133/><D133/><U118/><E118/><V103/><F70/><W1/><G1/><T23/><D5/><U25/><E77/><N who="0" m="29769" /><D39/><U13/><E69/><V18/><F112/><W130/><G115/><T43/><D100/><U80/><E25/><V111/><F111/><W53/><G78/><T97/><D97/><U28/><E28/><V50/><F38/><N who="3" m="14955" /><G90/><T126/><D126/><U32/><E8/><V24/><F14/><W134/><G73/><T92/><D67/><U135/><E135/><V85/><F82/><W30/><G30/><T104/><D104/><U101/><E101/><V40/><F40/><W116/><G116/><T11/><D11/><U4/><E4/><V56/><F56/><W29/><G29/><T89/><AGARI ba="1,2" hai="22,23,43,45,48,54,59,61,84,89,92" m="29769" machi="89" ten="30,1100,0" yaku="8,1" doraHai="127" who="0" fromWho="0" sc="271,34,271,-4,255,-6,183,-4" /><INIT seed="3,0,0,0,0,88" ten="305,267,249,179" oya="3" hai0="62,61,99,103,109,60,132,8,48,120,92,45,29" hai1="36,69,64,108,123,39,105,2,37,44,130,115,33" hai2="26,52,11,46,13,116,10,40,73,126,34,125,5" hai3="49,15,32,106,56,1,38,124,43,94,90,111,82"/><W97/><G124/><N who="2" m="47721" /><F116/><W9/><G111/><T78/><D109/><U83/><E108/><V86/><F73/><W58/><G106/><T128/><D128/><U55/><E105/><V54/><F86/><N who="3" m="50519" /><G38/><T71/><D132/><U119/><E2/><N who="2" m="311" /><F26/><W28/><G32/><T98/><D78/><U42/><E33/><V81/><F81/><W129/><G129/><T117/><D117/><U110/><E130/><V93/><F93/><W72/><G1/><T50/><D71/><U65/><E110/><V77/><F77/><W127/><G72/><T6/><D29/><U20/><E119/><V104/><F104/><W85/><G85/><T47/><D99/><U68/><E83/><V67/><F67/><N who="1" m="25673" /><E20/><V76/><F76/><W17/><G28/><T87/><D87/><U131/><E131/><V59/><F59/><W112/><G112/><T25/><D120/><U96/><E96/><V89/><F89/><N who="3" m="55503" /><G127/><T118/><D118/><U95/><E95/><V0/><F0/><W14/><G14/><N who="0" m="5399" /><D25/><U79/><E79/><V30/><F30/><W80/><G80/><T31/><D31/><U23/><E115/><V57/><F57/><W135/><G135/><T3/><D3/><U75/><E75/><V63/><F34/><W84/><G84/><T51/><AGARI ba="0,0" hai="45,47,48,50,51,60,61,62,92,98,103" m="5399" machi="51" ten="30,2000,0" yaku="8,1,52,1" doraHai="88" who="0" fromWho="0" sc="305,20,267,-5,249,-5,179,-10" owari="325,42.5,262,6.2,244,-15.6,169,-33.1" /></mjloggm>