<mjloggm ver="2.3"><GO type="225" lobby="0"/><UN n0="%E3%81%AF%E3%82%88%E3%81%8A%E3%81%98%E3%81%95%E3%82%93" n1="%E3%83%AB%E3%83%9B%E3%83%B3%E3%83%87%E3%82%A3%E3%82%A8" n2="%E5%AE%AE%E4%BF%9D%E9%B6%8F%E8%82%89" n3="%48%61%61%61%6C%61%6E%64" dan="16,16,16,17" rate="2098.67,2139.69,2142.09,2163.10" sx="M,M,M,M"/><TAIKYOKU oya="0"/><INIT seed="0,0,0,1,2,29" ten="250,250,250,250" oya="0" hai0="67,127,108,58,32,114,84,13,93,14,96,118,20" hai1="40,44,77,60,16,10,79,122,41,11,128,25,18" hai2="134,125,17,42,21,107,3,39,106,48,99,76,82" hai3="66,73,49,68,38,31,126,98,81,37,135,78,111"/><T55/><D114/><U61/><E128/><V52/><F3/><W89/><G111/><T101/><D118/><U104/><E104/><V72/><F125/><W33/><G126/><T110/><D127/><U4/><E4/><V57/><F134/><W91/><G135/><T65/><D32/><U115/><E25/><V53/><F99/><W69/><G49/><T28/><D84/><U116/><E44/><V62/><F42/><W7/><G7/><T87/><D87/><U35/><E35/><V102/><F102/><W86/><G98/><T117/><D117/><U88/><E88/><V27/><REACH who="2" step="1"/><F39/><REACH who="2" ten="250,250,240,250" step="2"/><W112/><G38/><T54/><D110/><U95/><E116/><V45/><AGARI ba="0,1" hai="17,21,27,45,48,52,53,57,62,72,76,82,106,107" machi="45" ten="20,8000,1" yaku="1,1,2,1,0,1,7,1,54,1,53,0" doraHai="29" doraHaiUra="9" who="2" fromWho="2" sc="250,-40,250,-20,240,90,250,-20" /><INIT seed="1,0,0,2,1,85" ten="210,230,330,230" oya="1" hai0="128,77,91,101,38,80,51,78,54,114,7,84,62" hai1="122,34,27,86,42,0,30,82,73,113,70,118,15" hai2="111,57,75,71,98,2,48,110,104,69,81,59,67" hai3="112,44,53,106,29,60,90,14,12,76,8,46,41"/><U133/><E113/><V109/><F2/><W100/><G112/><T10/><D114/><U56/><E118/><V124/><F124/><W131/><G131/><T97/><D62/><U9/><E122/><V17/><F17/><W25/><G76/><T26/><D26/><U107/><E70/><N who="2" m="26635" /><F67/><W72/><G72/><T116/><D38/><U20/><E107/><V134/><F134/><W21/><G106/><T117/><D128/><U63/><E73/><V87/><F75/><W13/><G100/><T52/><D117/><U126/><E0/><V129/><F48/><W61/><G8/><T28/><D28/><U22/><E42/><V39/><F39/><W135/><G135/><T18/><D116/><U40/><E40/><V83/><F83/><W115/><G115/><T68/><D68/><U127/><E133/><V24/><F24/><W93/><G53/><T19/><D54/><U74/><E74/><V58/><F129/><W4/><G4/><T121/><D121/><U35/><E35/><V45/><F45/><N who="3" m="17515" /><G41/><T11/><D78/><U1/><E1/><V66/><F66/><W36/><G36/><T94/><D77/><U95/><E82/><V119/><F119/><W3/><G3/><T49/><D49/><U88/><E127/><V125/><F125/><W102/><G102/><T5/><D10/><U55/><REACH who="1" step="1"/><E126/><REACH who="1" ten="210,220,330,230" step="2"/><V37/><F37/><W32/><G32/><T50/><D80/><U64/><E64/><V16/><F81/><W92/><G92/><T33/><D94/><U120/><E120/><V103/><F104/><W31/><G31/><T108/><D33/><RYUUKYOKU ba="0,1" sc="210,-15,220,15,330,-15,230,15" hai1="9,15,20,22,27,30,34,55,56,63,86,88,95" hai3="12,13,14,21,25,29,60,61,90,93" /><INIT seed="1,1,1,0,4,26" ten="195,235,315,245" oya="1" hai0="119,27,20,105,93,33,31,11,88,12,108,107,42" hai1="56,7,122,39,25,131,79,91,129,10,53,125,18" hai2="102,84,97,86,40,54,1,32,62,22,6,118,45" hai3="70,114,66,9,76,50,5,38,41,23,117,67,130"/><U116/><E122/><V72/><F118/><W65/><G114/><T123/><D119/><U111/><E116/><V134/><F32/><W133/><G117/><T106/><D123/><U101/><E39/><V78/><F134/><W96/><G133/><T35/><D108/><U110/><E101/><V99/><F1/><W64/><G130/><N who="1" m="49674" /><E79/><V74/><F6/><W71/><G38/><T100/><D42/><U90/><E125/><V69/><F97/><W55/><G41/><T0/><D0/><N who="1" m="359" /><E18/><V36/><F78/><W120/><G76/><T80/><D100/><U24/><E24/><V75/><F102/><W126/><G126/><T48/><D48/><N who="1" m="30759" /><E25/><V89/><F89/><AGARI ba="1,1" hai="89,90,91,110,111" m="30759,359,49674" machi="89" ten="30,1500,0" yaku="19,1" doraHai="26" who="1" fromWho="2" sc="195,0,235,28,315,-18,245,0" /><INIT seed="1,2,0,4,4,124" ten="195,263,297,245" oya="1" hai0="47,16,50,118,11,108,82,9,34,99,4,73,105" hai1="13,37,41,104,112,84,102,48,93,28,96,100,1" hai2="39,49,67,51,29,133,27,110,127,80,79,45,103" hai3="42,2,120,25,24,55,38,23,117,132,119,94,10"/><U56/><E1/><V69/><F127/><W5/><G120/><T64/><D118/><N who="3" m="45065" /><G132/><T116/><D116/><U85/><E112/><V8/><F103/><W33/><G33/><T114/><D114/><U54/><E28/><V134/><F110/><W3/><G3/><T78/><D34/><U57/><E57/><V76/><F8/><W52/><G94/><T86/><D108/><U92/><E104/><V61/><F39/><W6/><G6/><T128/><D64/><U7/><E37/><V19/><F19/><N who="3" m="12415" /><G25/><T62/><D16/><U31/><E41/><V15/><F15/><W21/><G21/><T87/><D11/><N who="1" m="4351" /><E31/><V109/><F109/><W40/><G40/><T53/><D9/><U113/><E113/><V106/><F106/><W123/><G123/><T90/><D4/><U89/><E85/><V68/><F29/><W44/><AGARI ba="2,0" hai="2,5,10,38,42,44,52,55" m="12415,45065" machi="44" ten="30,2000,0" yaku="12,1,54,1" doraHai="124" who="3" fromWho="3" sc="195,-7,263,-12,297,-7,245,26" /><INIT seed="2,0,0,0,2,29" ten="188,251,290,271" oya="2" hai0="122,45,103,117,3,79,63,51,82,40,71,37,21" hai1="19,104,72,68,90,132,75,70,93,18,85,62,97" hai2="34,60,135,27,28,6,105,66,16,123,87,92,118" hai3="55,102,110,88,130,30,48,42,12,69,100,126,109"/><V50/><F118/><W41/><G69/><T84/><D122/><U76/><E132/><V17/><F123/><W95/><G126/><T94/><D3/><U38/><E38/><V54/><F105/><W23/><G130/><T77/><D117/><U20/><E18/><V64/><F6/><W127/><G127/><T33/><D79/><U98/><E98/><V115/><F115/><W73/><G73/><T4/><D4/><U96/><E96/><V78/><F135/><W53/><G53/><T91/><D103/><N who="3" m="39465" /><G110/><T24/><D37/><U10/><E10/><V112/><F112/><W25/><G12/><T1/><D1/><U114/><E114/><V22/><F60/><W35/><G35/><T56/><D71/><U121/><E121/><V58/><F17/><W80/><G80/><T32/><D21/><U9/><E9/><V83/><F92/><W106/><G106/><T43/><D43/><U36/><E36/><V128/><F128/><W124/><G109/><T119/><D24/><AGARI ba="0,0" hai="16,22,24,27,28,34,50,54,58,64,66,78,83,87" machi="24" ten="30,5800,0" yaku="7,1,52,1,54,1" doraHai="29" who="2" fromWho="0" sc="188,-58,251,0,290,58,271,0" /><INIT seed="2,1,0,5,1,116" ten="130,251,348,271" oya="2" hai0="63,80,21,0,4,123,47,22,113,37,40,32,94" hai1="91,16,33,26,104,103,101,49,133,55,66,120,87" hai2="14,90,73,7,122,117,9,50,46,129,74,15,119" hai3="27,92,102,51,96,112,78,56,60,43,86,61,52"/><V110/><F129/><W38/><G112/><T30/><D113/><U88/><E133/><V8/><F90/><W124/><G124/><T48/><D32/><U35/><E35/><V100/><F100/><W71/><G71/><T11/><D30/><U89/><E33/><V53/><F110/><W69/><G69/><T31/><D31/><U2/><E2/><V54/><F50/><W98/><G27/><T115/><D115/><U126/><E126/><V111/><F111/><W108/><G108/><T65/><D94/><U76/><E66/><V72/><F72/><W18/><G18/><T36/><D36/><U41/><E41/><V81/><F46/><N who="3" m="26079" /><G38/><T134/><D134/><U62/><E62/><V13/><F13/><W132/><G132/><T82/><D82/><N who="1" m="47559" /><E120/><V85/><F85/><W20/><G20/><T5/><D5/><U118/><E104/><V121/><F7/><W75/><G75/><T135/><D135/><U45/><E118/><V125/><F81/><N who="3" m="47415" /><G96/><T12/><D123/><U114/><E114/><V79/><F79/><W70/><G70/><T130/><D130/><U25/><E25/><V19/><F19/><W58/><G60/><T128/><D128/><U64/><E64/><V67/><F67/><W39/><G39/><T131/><D131/><U77/><E77/><V44/><F44/><W99/><G99/><T29/><D37/><U105/><E105/><V127/><AGARI ba="1,0" hai="8,9,14,15,53,54,73,74,117,119,121,122,125,127" machi="127" ten="25,12000,1" yaku="0,1,22,2,52,2" doraHai="116" who="2" fromWho="2" sc="130,-41,251,-41,348,123,271,-41" /><INIT seed="2,2,0,5,3,126" ten="89,210,471,230" oya="2" hai0="1,49,102,22,61,73,16,75,8,99,125,70,108" hai1="119,107,52,121,12,29,135,114,133,27,128,134,2" hai2="9,94,118,86,78,90,68,127,6,131,113,46,55" hai3="40,59,56,93,100,10,35,115,32,130,50,18,5"/><V101/><F113/><W98/><G115/><T79/><D125/><U11/><E107/><V80/><F118/><W84/><G18/><T104/><D108/><U20/><E114/><V110/><F68/><W54/><G40/><T30/><D79/><U96/><E96/><V71/><F71/><W28/><G130/><T85/><D85/><U23/><E119/><V103/><F131/><W106/><G28/><T69/><D70/><U63/><E121/><V7/><F7/><W67/><G106/><T34/><D49/><U132/><E134/><V117/><F110/><W92/><G84/><T53/><D53/><U44/><E2/><V87/><F127/><W37/><G93/><T116/><D116/><U33/><E128/><V95/><F95/><W83/><G83/><T0/><D0/><U129/><E129/><V4/><F4/><W66/><G37/><T14/><D22/><U47/><E47/><V65/><F65/><W51/><G67/><T21/><D21/><U60/><E60/><V62/><F117/><W97/><G97/><T57/><D1/><U26/><E26/><V25/><F25/><W82/><G82/><T124/><D124/><U58/><E44/><V77/><F78/><W24/><G24/><N who="0" m="18759" /><D57/><U15/><E15/><N who="2" m="5559" /><F46/><W39/><G39/><T36/><D36/><U41/><E41/><V105/><F105/><W81/><G81/><T88/><D88/><U111/><E111/><V42/><F42/><W122/><G66/><AGARI ba="2,0" hai="8,14,16,61,66,69,73,75,99,102,104" m="18759" machi="66" ten="30,2000,0" yaku="25,1,54,1" doraHai="126" who="0" fromWho="3" sc="89,26,210,0,471,0,230,-26" /><INIT seed="3,0,0,4,2,104" ten="115,210,471,204" oya="3" hai0="38,82,65,70,76,37,68,89,52,18,112,95,101" hai1="50,120,92,129,42,5,131,84,69,58,46,21,71" hai2="62,100,132,125,77,106,74,27,45,133,96,19,94" hai3="117,102,8,86,103,118,98,67,83,43,134,72,122"/><W33/><G122/><T115/><D101/><U44/><E120/><V20/><F125/><W124/><G124/><T12/><D95/><U15/><E58/><V107/><F45/><W87/><G134/><N who="2" m="51817" /><F62/><W34/><G43/><T127/><D127/><U108/><E108/><V1/><F1/><W30/><G67/><T126/><D126/><U4/><E21/><V55/><F55/><W135/><G135/><T22/><D89/><N who="1" m="53287" /><E46/><V47/><F47/><W14/><G103/><T128/><D128/><N who="1" m="49227" /><E15/><V66/><F66/><W36/><G102/><T10/><D22/><U121/><E121/><V111/><F111/><W56/><G33/><T97/><D97/><U60/><E60/><V48/><F48/><W113/><G98/><T109/><D109/><U78/><E78/><V105/><F77/><W24/><G34/><T61/><D68/><AGARI ba="0,0" hai="4,5,42,44,50,68,69,71" m="49227,53287" machi="68" ten="30,1000,0" yaku="19,1" doraHai="104" who="1" fromWho="0" sc="115,-10,210,10,471,0,204,0" owari="105,-39.5,220,2.0,471,57.1,204,-19.6" /></mjloggm>