<mjloggm ver="2.3"><GO type="225" lobby="0"/><UN n0="%E3%81%A1%E3%82%85%E3%81%86%E3%81%A9%E3%81%8F%E8%B1%A1%E3%81%95%E3%82%93" n1="%E9%80%9F%E6%B0%B4%E5%87%9B%E9%A6%99" n2="%E5%B8%86%E7%AB%8B%E5%A4%8F%E8%A1%A3" n3="%E5%80%89%E6%A9%8B%EF%BC%A0%E4%BA%8B%E5%8B%99" dan="17,16,17,16" rate="2218.47,2122.86,2129.56,2083.29" sx="M,F,M,M"/><TAIKYOKU oya="0"/><INIT seed="0,0,0,1,2,98" ten="250,250,250,250" oya="0" hai0="16,89,105,66,50,121,110,83,67,81,12,116,41" hai1="125,87,107,90,62,64,46,127,75,39,59,102,43" hai2="58,135,8,4,93,129,20,104,17,60,2,94,103" hai3="118,63,95,45,0,71,100,109,79,126,11,77,96"/><T92/><D121/><U65/><E75/><V74/><F74/><W130/><G118/><T106/><D116/><U80/><E65/><N who="0" m="24585" /><D105/><U86/><REACH who="1" step="1"/><E86/><REACH who="1" ten="250,240,250,250" step="2"/><V88/><F135/><W49/><G109/><T25/><D110/><U124/><E124/><V117/><F117/><W57/><G126/><T27/><D106/><U115/><E115/><V128/><F104/><W53/><G130/><T7/><D81/><U28/><E28/><V26/><F94/><W134/><G134/><T10/><D83/><U101/><E101/><V72/><F103/><W99/><G96/><AGARI ba="0,1" hai="39,43,46,59,62,64,80,87,90,96,102,107,125,127" machi="96" ten="40,2600,0" yaku="1,1,52,1,53,0" doraHai="98" doraHaiUra="120" who="1" fromWho="3" sc="250,0,240,36,250,0,250,-26" /><INIT seed="1,0,0,3,0,102" ten="250,276,250,224" oya="1" hai0="101,38,23,9,0,98,14,132,119,81,93,131,5" hai1="108,130,31,7,105,33,39,121,94,90,110,135,60" hai2="97,116,120,72,65,70,56,19,58,117,123,103,112" hai3="4,76,54,128,92,113,45,24,104,71,35,66,95"/><U6/><E39/><V89/><F89/><W62/><G113/><T126/><D119/><N who="2" m="45642" /><F19/><W42/><G128/><T111/><D38/><U55/><E121/><N who="2" m="46667" /><F97/><W85/><G54/><T69/><D69/><U25/><E135/><V36/><F103/><W87/><G4/><T99/><D131/><U80/><E80/><V41/><F72/><W1/><G1/><T27/><D132/><U59/><E130/><V75/><F75/><W107/><G35/><T51/><D51/><U8/><E105/><V115/><F70/><W63/><G24/><T96/><D0/><U47/><E47/><N who="2" m="23975" /><F65/><W30/><G30/><T46/><D81/><U74/><E74/><V86/><F86/><W26/><G26/><T83/><D83/><U2/><REACH who="1" step="1"/><E6/><REACH who="1" ten="250,266,250,224" step="2"/><V77/><F77/><W34/><G76/><T52/><D98/><AGARI ba="0,1" hai="2,7,8,25,31,33,55,59,60,90,94,98,108,110" machi="98" ten="40,3900,0" yaku="1,1,2,1,53,0" doraHai="102" doraHaiUra="134" who="1" fromWho="0" sc="250,-39,266,49,250,0,224,0" /><INIT seed="1,1,0,4,4,42" ten="211,315,250,224" oya="1" hai0="117,130,80,28,115,47,60,87,89,82,111,133,38" hai1="11,132,57,71,70,75,13,123,65,109,131,23,112" hai2="29,79,59,63,91,18,52,88,101,105,10,122,54" hai3="76,98,35,99,33,64,48,4,24,104,116,55,3"/><U58/><E123/><V27/><F122/><W77/><G116/><T12/><D115/><U85/><E75/><V118/><F118/><W134/><G134/><T66/><D117/><U84/><E112/><V107/><F79/><W25/><G64/><T50/><D133/><U56/><E132/><V1/><F101/><W39/><G39/><T110/><D38/><U2/><E2/><V100/><F100/><W128/><G128/><T74/><D28/><U61/><E131/><V119/><F105/><W129/><G129/><T7/><D130/><U32/><E32/><V78/><F107/><W46/><G4/><T69/><D74/><U95/><E23/><N who="2" m="15615" /><F78/><W108/><G3/><T37/><D37/><U67/><E109/><N who="0" m="41481" /><D82/><U135/><E135/><V19/><F1/><W6/><G108/><T102/><D102/><U106/><E106/><V31/><F31/><W49/><G104/><T41/><D7/><U96/><E96/><V16/><F119/><W120/><G6/><T43/><D12/><U30/><E30/><V97/><F97/><W34/><G34/><T93/><D80/><U90/><E85/><V22/><F22/><W127/><G120/><T62/><D62/><U68/><REACH who="1" step="1"/><E61/><REACH who="1" ten="211,305,250,224" step="2"/><N who="2" m="36071" /><F10/><W121/><G121/><T73/><D73/><U113/><E113/><V8/><F8/><W114/><G114/><T15/><D15/><U92/><E92/><V126/><F126/><W26/><G127/><T5/><D5/><AGARI ba="1,1" hai="5,11,13,56,57,58,65,67,68,70,71,84,90,95" machi="5" ten="50,2400,0" yaku="1,1,53,0" doraHai="42" doraHaiUra="21" who="1" fromWho="0" sc="211,-27,305,37,250,0,224,0" /><INIT seed="1,2,0,4,0,14" ten="184,342,250,224" oya="1" hai0="102,109,126,108,65,55,35,107,134,16,100,89,17" hai1="115,110,67,135,118,131,42,76,3,31,73,96,18" hai2="103,119,56,94,24,88,5,95,68,72,127,49,0" hai3="69,128,92,57,9,129,79,25,34,81,4,104,91"/><U6/><E118/><V60/><F119/><W40/><G69/><T39/><D134/><U58/><E115/><V82/><F127/><W123/><G104/><T54/><D126/><U86/><E73/><V41/><F0/><W29/><G123/><T75/><D75/><U77/><E31/><V36/><F5/><W22/><G57/><T83/><D35/><U62/><E135/><V71/><F71/><W47/><G92/><T59/><D39/><U15/><E131/><V28/><F36/><N who="3" m="21895" /><G91/><T78/><D89/><U112/><E112/><V61/><F68/><W45/><G45/><T30/><D30/><U51/><E3/><V13/><F103/><N who="0" m="39466" /><D107/><U26/><E96/><V87/><F13/><W21/><G21/><T99/><D99/><U117/><E117/><V111/><F111/><N who="0" m="42570" /><D65/><U64/><E67/><V85/><F72/><N who="3" m="43239" /><G22/><T90/><D90/><U105/><E105/><V33/><F85/><W93/><G93/><T122/><D122/><U1/><E86/><V8/><F95/><W53/><G129/><T20/><D20/><U52/><E110/><V120/><F94/><W27/><G128/><T130/><D130/><U114/><E114/><V124/><F124/><W101/><G101/><T38/><D38/><U48/><E77/><V7/><F120/><W132/><G132/><T23/><D23/><N who="1" m="13687" /><E76/><V74/><F74/><W2/><G25/><T106/><D106/><U32/><E32/><V84/><F84/><W113/><G113/><T50/><D55/><AGARI ba="2,0" hai="2,4,9,27,29,34,53,55" m="43239,21895" machi="55" ten="30,1000,0" yaku="25,1" doraHai="14" who="3" fromWho="0" sc="184,-16,342,0,250,0,224,16" /><INIT seed="2,0,0,5,5,77" ten="168,342,250,240" oya="2" hai0="58,123,11,45,29,59,42,7,3,133,66,81,91" hai1="8,112,130,62,75,105,73,60,119,5,113,86,135" hai2="17,114,52,22,97,50,48,67,102,103,116,10,55" hai3="35,104,23,93,39,16,13,80,15,121,31,68,18"/><V90/><F114/><W9/><G104/><T111/><D111/><U57/><E105/><V79/><F116/><W127/><G121/><T56/><D133/><U34/><E34/><V20/><F67/><W26/><G68/><T124/><D123/><U28/><E119/><V40/><F79/><W99/><G39/><T71/><D124/><U4/><E135/><V19/><F40/><W30/><G127/><T64/><D29/><U51/><E28/><V128/><F128/><W32/><G93/><T54/><D71/><U98/><E130/><V100/><F10/><N who="3" m="6199" /><G80/><T96/><D54/><N who="2" m="20522" /><F19/><N who="3" m="8687" /><G99/><T126/><D126/><U109/><E98/><V1/><F1/><W74/><G74/><T92/><REACH who="0" step="1"/><D81/><REACH who="0" ten="158,342,250,240" step="2"/><U122/><E109/><V125/><F125/><W106/><G31/><T37/><AGARI ba="0,1" hai="3,7,11,37,42,45,56,58,59,64,66,91,92,96" machi="37" ten="30,7900,0" yaku="1,1,2,1,0,1,53,1" doraHai="77" doraHaiUra="88" who="0" fromWho="0" sc="158,89,342,-20,250,-39,240,-20" /><INIT seed="3,0,0,2,5,14" ten="247,322,211,220" oya="3" hai0="36,86,133,77,95,29,70,94,112,32,35,20,114" hai1="64,129,91,24,89,60,54,96,85,102,7,33,80" hai2="44,127,93,57,6,117,18,113,19,126,90,53,2" hai3="63,76,69,135,88,66,62,84,125,110,78,37,111"/><W106/><G37/><T132/><D36/><U71/><E129/><V5/><F113/><N who="0" m="43626" /><D70/><U121/><E7/><N who="2" m="2571" /><F2/><W21/><G106/><T97/><D20/><U128/><E54/><V11/><F117/><W120/><G120/><T124/><D29/><N who="1" m="19623" /><E128/><V108/><F108/><N who="3" m="41515" /><G125/><N who="2" m="47625" /><F44/><W92/><G135/><N who="0" m="51787" /><D124/><U16/><E121/><V28/><F11/><W31/><G62/><T98/><D77/><U59/><E59/><V81/><F81/><W79/><G78/><T119/><D119/><U51/><E51/><N who="2" m="30911" /><F28/><W107/><G107/><T67/><D67/><U134/><E134/><V75/><F75/><W100/><G100/><N who="0" m="60471" /><D86/><AGARI ba="0,0" hai="18,19,86,90,93" m="30911,47625,2571" machi="86" ten="30,3900,0" yaku="18,1,52,2" doraHai="14" who="2" fromWho="0" sc="247,-39,322,0,211,39,220,0" owari="208,-29.2,322,42.2,250,5.0,220,-18.0" /></mjloggm>