<mjloggm ver="2.3"><GO type="225" lobby="0"/><UN n0="%73%61%6B%6F%EF%BC%A0%E6%9C%80" n1="%E6%98%93%E5%88%A9%E8%96%A9%E4%BC%AF" n2="%6D%75%75%73%61%6E%6D%75" n3="%E4%B8%89%E5%88%86%E5%B0%8F%E5%83%A7" dan="16,16,17,16" rate="2171.43,2119.76,2149.83,2087.37" sx="M,F,F,M"/><TAIKYOKU oya="0"/><INIT seed="0,0,0,3,5,115" ten="250,250,250,250" oya="0" hai0="123,16,74,12,108,51,49,52,47,83,31,0,43" hai1="29,53,1,95,85,5,17,81,127,11,60,54,63" hai2="73,41,103,9,97,26,39,124,65,131,100,24,90" hai3="99,70,79,76,21,71,121,15,58,61,48,91,56"/><T112/><D123/><U72/><E127/><V22/><F73/><W14/><G121/><T57/><D112/><U98/><E72/><V66/><F124/><W75/><G48/><T130/><D0/><U32/><E17/><V20/><F131/><W88/><G75/><T42/><D130/><U86/><E32/><V96/><F39/><W107/><G21/><T92/><D108/><U132/><E29/><V50/><F50/><W122/><G122/><T6/><D31/><U77/><E86/><V27/><F9/><W36/><G99/><N who="2" m="37961" /><F90/><W30/><G30/><T69/><D69/><U7/><E7/><V35/><F41/><W2/><G61/><T40/><D6/><U109/><E132/><V4/><F4/><W134/><G36/><T19/><D19/><U93/><E93/><V37/><F37/><W111/><G111/><T33/><D33/><U113/><E113/><V120/><F35/><W114/><G114/><T28/><D28/><U128/><E128/><V18/><F120/><W129/><G129/><T126/><D126/><U67/><E63/><V101/><F18/><W87/><G87/><T116/><D92/><U44/><E44/><V84/><F84/><W13/><G13/><T8/><REACH who="0" step="1"/><D116/><REACH who="0" ten="240,250,250,250" step="2"/><U135/><E109/><V89/><F89/><W94/><G94/><T125/><D125/><U105/><E5/><V133/><F133/><W55/><G134/><T62/><D62/><U25/><E135/><V82/><F82/><W118/><G2/><T59/><D59/><U117/><E1/><V102/><F102/><W119/><G107/><T34/><D34/><RYUUKYOKU ba="0,1" sc="240,10,250,-30,250,10,250,10" hai0="8,12,16,40,42,43,47,49,51,52,57,74,83" hai2="20,22,24,26,27,65,66,100,101,103" hai3="14,15,55,56,58,70,71,76,79,88,91,118,119" /><INIT seed="0,1,1,3,4,87" ten="250,220,260,260" oya="0" hai0="114,117,92,36,83,13,24,10,68,63,66,67,104" hai1="85,127,55,8,130,98,46,133,28,89,107,109,96" hai2="95,88,6,14,18,82,129,112,35,44,76,135,94" hai3="48,119,108,65,38,116,106,70,16,99,45,81,61"/><T15/><D104/><U47/><E109/><V125/><F112/><W128/><G108/><T30/><D114/><U25/><E130/><V111/><F35/><W27/><G128/><T93/><D117/><U26/><E127/><V54/><F111/><W42/><G81/><T97/><D36/><U19/><E133/><V105/><F129/><W11/><G38/><T20/><D67/><U103/><E98/><V40/><F105/><W49/><G49/><T57/><D68/><U86/><E86/><N who="2" m="50263" /><F125/><W110/><G110/><T118/><D118/><U4/><E19/><V58/><F135/><W31/><G31/><T17/><D83/><U39/><E55/><V120/><F120/><W7/><G7/><T59/><D59/><U74/><E26/><V2/><F2/><W78/><G78/><T132/><D132/><U131/><E74/><V33/><F33/><W80/><G80/><T77/><D77/><U22/><E131/><V101/><F6/><W115/><G115/><T73/><D73/><U121/><E121/><V41/><F44/><W69/><G69/><T56/><D56/><U1/><REACH who="1" step="1"/><E39/><REACH who="1" ten="250,210,260,260" step="2"/><V34/><F76/><W3/><G116/><T71/><D97/><U12/><E12/><V100/><F100/><N who="3" m="62751" /><G27/><T126/><D126/><U62/><E62/><N who="2" m="36183" /><F101/><W122/><G122/><T134/><D134/><U37/><E37/><V5/><F5/><N who="3" m="1471" /><G119/><T84/><D84/><U113/><E113/><V0/><F0/><W29/><G29/><T43/><D15/><U124/><E124/><V53/><F53/><W51/><G16/><T32/><D17/><U60/><E60/><RYUUKYOKU ba="1,2" sc="250,-15,210,15,260,-15,260,15" hai1="1,4,8,22,25,28,46,47,85,89,96,103,107" hai3="42,45,48,51,61,65,70" /><INIT seed="1,2,2,2,4,40" ten="235,225,245,275" oya="1" hai0="42,35,63,94,29,14,95,3,48,127,97,126,5" hai1="98,116,113,56,80,38,43,129,54,64,15,24,45" hai2="107,68,69,50,30,104,130,84,46,22,83,102,17" hai3="111,119,131,124,4,92,44,20,6,133,118,71,134"/><U60/><E113/><V66/><F130/><W9/><G71/><T123/><D123/><U51/><E129/><V21/><F30/><W70/><G131/><T79/><D3/><U57/><E116/><N who="3" m="44586" /><G70/><T73/><D63/><U121/><E121/><V65/><F69/><W49/><G111/><T85/><D73/><U61/><E24/><V37/><F37/><W117/><N who="3" m="44594" /><W100/><DORA hai="103" /><G20/><T75/><D75/><U77/><E98/><V41/><F22/><W87/><G124/><N who="0" m="47659" /><D29/><U110/><E110/><V112/><F112/><W96/><G87/><T81/><D35/><U62/><REACH who="1" step="1"/><E15/><REACH who="1" ten="235,215,245,275" step="2"/><V25/><F102/><W10/><G134/><T11/><D97/><U19/><E19/><V12/><F25/><W28/><G133/><T89/><D79/><U33/><E33/><V90/><REACH who="2" step="1"/><F68/><REACH who="2" ten="235,215,235,275" step="2"/><W53/><G28/><T120/><D120/><U125/><E125/><V39/><F39/><W114/><G114/><T7/><D5/><AGARI ba="2,4" hai="4,5,6,9,10,44,49,53,92,96,100" m="44594" machi="5" ten="40,2600,0" yaku="12,1,52,1" doraHai="40,103" who="3" fromWho="0" sc="235,-32,215,0,235,0,275,72" /><INIT seed="2,0,0,3,0,11" ten="203,215,235,347" oya="2" hai0="62,129,44,63,91,43,16,100,45,70,48,96,58" hai1="26,39,71,18,59,4,130,99,30,33,3,38,89" hai2="122,7,120,9,134,135,132,19,12,55,75,112,51" hai3="35,105,131,15,1,42,94,6,125,23,2,119,81"/><V73/><F112/><W104/><G35/><T74/><D74/><N who="2" m="28170" /><F7/><W76/><G119/><T90/><D129/><U80/><E71/><V84/><F84/><W114/><G131/><T127/><D127/><U118/><E130/><V36/><F36/><W29/><G42/><T22/><D70/><U50/><E118/><V93/><F93/><W111/><G111/><T79/><D79/><U123/><E123/><V86/><F86/><W54/><G94/><N who="0" m="58391" /><D45/><AGARI ba="0,0" hai="9,12,19,45,51,55,120,122,132,134,135" m="28170" machi="45" ten="40,3900,0" yaku="20,1,52,1" doraHai="11" who="2" fromWho="0" sc="203,-39,215,0,235,39,347,0" /><INIT seed="2,1,0,3,3,86" ten="164,215,274,347" oya="2" hai0="114,125,29,127,36,87,113,128,103,42,51,131,4" hai1="50,100,96,45,10,89,61,83,64,2,39,49,135" hai2="111,99,17,119,95,130,76,112,31,19,65,107,73" hai3="72,122,133,5,27,101,30,69,68,126,52,59,102"/><V63/><F112/><N who="0" m="43114" /><D29/><U12/><E2/><V77/><F119/><W25/><G72/><T108/><D4/><U60/><E39/><V32/><F107/><W80/><G122/><T92/><D36/><U67/><E135/><V84/><F130/><N who="0" m="49706" /><D42/><U11/><E100/><V38/><F73/><W20/><G80/><T88/><D51/><U0/><E0/><V41/><F111/><W132/><G126/><N who="0" m="48139" /><D103/><U35/><E35/><V34/><F41/><W1/><G1/><T24/><D24/><U62/><E12/><V7/><F7/><W58/><G5/><T46/><D46/><U106/><E50/><V74/><F38/><W71/><G27/><T110/><AGARI ba="1,0" hai="87,88,92,108,110" m="48139,49706,43114" machi="110" ten="40,12000,2" yaku="19,1,18,1,34,2,52,1,54,1" doraHai="86" who="0" fromWho="0" sc="164,123,215,-31,274,-61,347,-31" /><INIT seed="3,0,0,0,1,98" ten="287,184,213,316" oya="3" hai0="112,90,89,99,61,87,29,114,20,108,135,109,106" hai1="74,128,56,134,4,117,101,28,110,6,44,23,79" hai2="16,36,94,25,3,133,107,123,66,32,37,13,92" hai3="26,126,11,70,103,100,35,22,84,120,131,47,64"/><W80/><G35/><T15/><D61/><U113/><E113/><N who="0" m="43625" /><D135/><U10/><E110/><N who="0" m="42601" /><D29/><U40/><E134/><V73/><F3/><W116/><G116/><T91/><D20/><U51/><E128/><V49/><F107/><W27/><G120/><T33/><D33/><U7/><E117/><V34/><F73/><W83/><G126/><T53/><D53/><U39/><E56/><V52/><F123/><W24/><G131/><T62/><D15/><U46/><E28/><V21/><F133/><W85/><G64/><T129/><D62/><U115/><E23/><V31/><F34/><W77/><G70/><T67/><D67/><U93/><E115/><V60/><F36/><W72/><G11/><T97/><D97/><U58/><E58/><V48/><F37/><W76/><G22/><T111/><D129/><U19/><E19/><V12/><F12/><W81/><G47/><T132/><D132/><U14/><E46/><V65/><F48/><W57/><G57/><T1/><D1/><U2/><E51/><V95/><F60/><W41/><G41/><T121/><D111/><U88/><E14/><V118/><F118/><W124/><G124/><T30/><D30/><U8/><E8/><N who="2" m="6183" /><F32/><W78/><AGARI ba="0,0" hai="24,26,27,72,76,77,78,80,81,83,84,85,100,103" machi="78" ten="30,11700,0" yaku="0,1,9,1,52,2" doraHai="98" who="3" fromWho="3" sc="287,-39,184,-39,213,-39,316,117" owari="248,4.8,145,-35.5,174,-22.6,433,53.3" /></mjloggm>