<mjloggm ver="2.3"><GO type="225" lobby="0"/><UN n0="%E6%A1%9C%E8%8A%B1%E9%96%83%E3%80%85" n1="%E6%A0%B9%E5%85%83%E3%81%8B%E3%82%89%E5%90%B9%E3%81%A3%E9%A3%9B%E3%81%B6" n2="%E3%82%BC%E3%83%AB%E3%83%80%E3%81%AE%E4%BC%9D%E8%AA%AC" n3="%E3%81%BF%E3%81%BF%E3%81%9A" dan="17,17,16,17" rate="2136.32,2205.17,2176.96,2180.64" sx="M,F,M,M"/><TAIKYOKU oya="0"/><INIT seed="0,0,0,1,3,122" ten="250,250,250,250" oya="0" hai0="64,17,51,61,33,102,24,3,84,23,86,27,78" hai1="107,0,113,55,121,125,74,83,35,75,131,71,123" hai2="58,62,59,2,109,101,92,47,25,97,77,48,118" hai3="37,32,73,80,53,87,93,100,88,7,8,103,45"/><T19/><D3/><U79/><RYUUKYOKU type="yao9" ba="0,0" sc="250,0,250,0,250,0,250,0" hai1="0,35,55,71,74,75,79,83,107,113,121,123,125,131" /><INIT seed="0,1,0,0,0,64" ten="250,250,250,250" oya="0" hai0="76,124,68,4,40,23,45,116,16,24,65,38,47" hai1="90,14,110,18,123,85,100,34,54,26,120,11,108" hai2="12,29,109,104,39,15,89,111,17,98,78,13,122" hai3="75,88,48,1,6,33,44,35,28,117,61,51,79"/><T115/><D115/><U121/><E100/><V36/><F122/><W8/><G117/><T50/><D116/><U59/><E34/><V101/><F78/><W63/><G51/><T69/><D124/><U96/><E96/><V130/><F130/><W73/><G88/><T103/><D65/><U74/><E26/><V97/><F29/><W49/><G49/><T81/><D4/><U56/><E74/><V102/><F17/><W42/><G75/><T30/><D30/><U92/><REACH who="1" step="1"/><E59/><REACH who="1" ten="250,240,250,250" step="2"/><V55/><F101/><W10/><G35/><T9/><D103/><U2/><E2/><V7/><F98/><W82/><G33/><T133/><D133/><U114/><E114/><V20/><F97/><W112/><G112/><T21/><D21/><U27/><E27/><V118/><F102/><W132/><G132/><T125/><D125/><U106/><E106/><V80/><F104/><W113/><G113/><T91/><D9/><U93/><E93/><V83/><F118/><W126/><G126/><T119/><D119/><U46/><E46/><V105/><F105/><W72/><G28/><T58/><D58/><U5/><E5/><V107/><F107/><W60/><G10/><T41/><D91/><U127/><E127/><V71/><F89/><W95/><G95/><T53/><D41/><U62/><AGARI ba="1,1" hai="11,14,18,54,56,62,85,90,92,108,110,120,121,123" machi="62" ten="40,5200,0" yaku="1,1,0,1,53,1" doraHai="64" doraHaiUra="84" who="1" fromWho="1" sc="250,-27,240,65,250,-14,250,-14" /><INIT seed="1,0,0,4,1,114" ten="223,305,236,236" oya="1" hai0="4,70,105,63,45,86,95,89,131,1,43,82,73" hai1="135,56,31,53,126,113,94,39,107,84,19,16,68" hai2="108,25,32,62,57,58,6,41,65,59,50,115,14" hai3="18,71,60,100,76,5,40,81,93,36,72,42,13"/><U98/><E113/><V83/><F115/><W109/><G109/><T27/><D105/><U92/><E39/><V90/><F108/><W7/><G100/><T128/><D27/><U44/><E126/><V33/><F33/><W20/><G93/><T48/><D1/><U26/><E68/><V124/><F124/><W102/><G102/><T112/><D4/><U78/><E44/><N who="2" m="25871" /><F32/><W130/><G130/><N who="0" m="49707" /><D112/><U80/><E135/><V35/><F35/><W133/><G133/><T34/><D34/><U15/><E107/><V97/><F25/><W28/><G28/><T123/><D123/><U22/><E98/><V111/><F111/><W122/><G122/><T77/><D63/><U118/><E118/><V88/><F90/><W12/><G36/><T38/><D70/><U52/><E53/><V51/><F51/><AGARI ba="0,0" hai="38,43,45,48,51,73,77,82,86,89,95" m="49707" machi="51" ten="30,1000,0" yaku="19,1" doraHai="114" who="0" fromWho="2" sc="223,10,305,0,236,-10,236,0" /><INIT seed="2,0,0,3,1,103" ten="233,305,226,236" oya="2" hai0="107,2,9,109,85,35,64,96,101,57,41,93,124" hai1="34,87,130,25,108,20,84,16,97,115,111,117,54" hai2="76,0,3,59,5,94,53,44,133,116,128,50,105" hai3="92,7,114,49,61,102,79,55,36,80,43,63,24"/><V58/><F116/><W69/><G114/><T29/><D109/><N who="1" m="42059" /><E115/><V89/><F105/><W100/><G7/><T4/><D124/><U40/><E130/><V33/><F128/><W17/><G43/><T67/><D41/><U120/><E120/><V6/><F33/><W51/><G36/><T15/><D15/><U77/><E40/><V31/><F133/><W47/><G69/><T110/><D110/><U52/><E117/><V38/><F38/><W135/><G51/><T45/><D45/><U68/><E68/><V90/><F76/><W66/><G135/><T1/><D1/><U19/><E34/><V131/><F131/><W98/><G102/><T126/><D126/><U30/><E97/><V56/><F31/><W125/><G66/><T119/><D119/><U132/><E132/><V121/><F121/><W91/><G125/><T127/><D127/><U123/><E123/><V22/><F22/><N who="3" m="13391" /><G79/><T37/><D37/><U112/><E112/><V62/><F62/><W14/><G14/><T39/><D39/><U113/><E77/><V82/><F3/><W48/><G48/><T65/><D29/><U27/><E113/><V118/><F118/><W83/><G100/><T32/><D32/><N who="1" m="20559" /><E19/><V42/><F0/><W129/><G129/><T75/><D35/><U88/><E88/><N who="2" m="33899" /><F82/><AGARI ba="0,0" hai="47,49,55,61,63,80,82,83,91,92,98" m="13391" machi="82" ten="30,1000,0" yaku="8,1" doraHai="103" who="3" fromWho="2" sc="233,0,305,0,226,-10,236,10" /><INIT seed="3,0,0,3,3,85" ten="233,305,216,246" oya="3" hai0="115,38,34,7,84,42,3,118,117,6,52,122,126" hai1="13,72,106,53,101,77,55,31,98,19,120,0,73" hai2="82,134,43,63,81,20,113,54,2,129,95,1,110" hai3="49,51,131,65,130,9,91,96,18,30,100,88,93"/><W58/><G30/><T89/><D122/><U37/><E120/><V11/><F113/><W32/><G32/><T26/><D115/><U68/><E68/><V44/><F110/><W64/><G9/><T109/><D109/><U21/><E37/><V87/><F134/><W60/><G18/><T103/><D103/><U90/><E0/><V102/><F129/><N who="3" m="49163" /><G65/><T79/><D7/><U111/><E73/><V133/><F133/><W127/><G127/><T23/><D34/><U10/><E21/><V123/><F123/><W70/><G70/><T29/><D126/><U5/><E19/><V71/><F1/><W24/><G24/><T67/><D67/><U78/><E31/><V99/><F20/><W92/><G100/><T35/><D35/><U83/><E13/><V97/><F71/><W121/><G121/><T48/><D6/><U22/><E22/><V107/><F11/><W27/><G27/><T124/><D3/><U47/><E10/><V41/><F2/><W25/><G25/><T94/><D124/><U116/><E101/><N who="2" m="60607" /><F63/><W57/><G58/><T12/><D12/><U39/><E5/><V125/><F125/><W16/><G16/><T36/><D26/><U17/><E17/><V50/><F81/><W104/><G104/><T75/><D23/><U132/><E83/><V46/><F46/><W135/><G135/><T8/><D8/><U86/><E47/><V40/><F40/><W4/><G4/><T69/><D42/><U128/><E132/><V56/><F56/><W76/><G76/><T28/><D79/><U114/><E128/><V108/><F108/><RYUUKYOKU ba="0,0" sc="233,-15,305,-15,216,15,246,15" hai2="41,43,44,50,54,82,87,99,102,107" hai3="49,51,57,60,64,88,91,92,93,96" /><INIT seed="3,1,0,5,0,37" ten="218,290,231,261" oya="3" hai0="17,134,33,47,82,109,38,105,22,61,50,69,118" hai1="57,14,54,65,119,43,42,72,116,86,60,67,113" hai2="59,66,21,121,39,13,131,111,6,23,73,101,8" hai3="81,68,5,40,95,104,46,36,24,89,48,84,58"/><W91/><G104/><T53/><D118/><N who="1" m="45099" /><E72/><V88/><F73/><W9/><G68/><T100/><D33/><U87/><E113/><V132/><F39/><W123/><G123/><T122/><D122/><U80/><E86/><V32/><F32/><W3/><G24/><T126/><D109/><U56/><E14/><V85/><F121/><W96/><G58/><T93/><D105/><U19/><E19/><V62/><F111/><W120/><G120/><T28/><D126/><U108/><E108/><V35/><F35/><W102/><REACH who="3" step="1"/><G36/><REACH who="3" ten="218,290,231,251" step="2"/><T34/><D38/><U78/><E65/><V30/><F132/><W64/><G64/><T55/><D134/><U94/><E57/><V25/><F131/><W29/><G29/><T27/><D69/><U127/><E67/><V15/><F30/><W124/><G124/><T114/><D114/><U117/><E127/><V31/><F31/><W7/><G7/><T2/><D34/><U77/><E117/><V45/><F25/><W11/><G11/><T110/><D28/><U106/><E106/><V0/><F59/><W63/><G63/><T125/><D125/><U107/><E107/><V10/><F62/><W74/><G74/><T129/><D110/><U90/><E56/><V18/><F66/><W115/><G115/><T49/><D61/><U12/><E60/><V128/><F128/><W135/><G135/><T79/><D129/><U103/><E94/><V20/><F10/><W83/><G83/><T51/><D93/><U98/><E80/><V133/><F133/><W26/><G26/><N who="0" m="14671" /><D82/><U92/><E92/><N who="2" m="54287" /><F8/><W112/><G112/><RYUUKYOKU ba="1,1" sc="218,-10,290,-10,231,-10,251,30" hai3="3,5,9,40,46,48,81,84,89,91,95,96,102" /><INIT seed="3,2,1,3,2,128" ten="208,280,221,281" oya="3" hai0="93,33,76,68,111,9,4,115,64,59,77,42,67" hai1="30,51,17,117,134,87,83,1,104,52,94,0,41" hai2="100,35,49,60,116,114,62,43,88,133,120,74,109" hai3="92,79,48,69,108,112,32,46,38,81,70,130,25"/><W27/><G112/><T8/><D111/><U12/><E134/><V26/><F114/><W20/><G38/><T31/><D115/><U85/><E104/><V39/><F39/><W40/><G130/><T34/><D68/><U121/><E121/><V71/><F74/><W126/><G108/><T13/><D42/><U7/><E30/><V131/><F131/><W123/><G123/><T36/><D36/><U80/><E41/><V15/><F109/><W23/><G32/><T95/><D59/><N who="1" m="33183" /><E7/><V50/><F116/><W37/><G126/><T2/><D4/><U11/><E1/><V6/><F71/><W98/><G37/><T86/><D86/><N who="1" m="32779" /><E0/><V90/><F6/><W119/><G119/><T55/><D2/><U5/><E5/><V21/><F43/><W65/><G65/><T97/><D55/><U29/><E29/><V28/><F120/><W72/><G69/><T18/><D31/><U129/><E129/><V14/><F133/><W58/><G58/><T132/><D132/><U10/><E94/><V78/><F78/><W101/><G70/><T127/><D127/><U61/><E61/><N who="2" m="23659" /><F35/><N who="0" m="13322" /><D93/><U118/><E118/><V19/><F28/><W84/><G72/><T124/><D124/><U45/><E45/><V3/><F3/><W103/><G101/><N who="0" m="60607" /><D77/><U107/><E107/><V66/><F100/><W53/><G40/><T89/><D76/><U73/><E73/><V135/><F135/><W75/><G75/><T54/><D54/><U44/><E44/><V91/><F66/><N who="0" m="25130" /><D89/><U56/><E56/><V110/><F110/><W82/><G82/><N who="1" m="31274" /><E117/><V99/><F99/><RYUUKYOKU ba="2,1" sc="208,0,280,0,221,0,281,0" hai0="8,9,13,18" hai1="10,11,12,17" hai2="14,15,19,21,26,49,50,88,90,91" hai3="20,23,25,27,46,48,53,79,81,84,92,98,103" /><INIT seed="3,3,1,5,4,100" ten="208,280,221,281" oya="3" hai0="68,50,58,94,88,30,43,76,123,34,40,119,85" hai1="81,108,32,26,61,55,47,13,1,74,118,0,33" hai2="70,3,109,111,133,4,127,54,96,31,89,114,117" hai3="73,77,113,75,6,128,17,105,35,92,129,23,52"/><W63/><G105/><T27/><D119/><U16/><E108/><N who="2" m="41547" /><F114/><W86/><G6/><T12/><D123/><U39/><E0/><V82/><F117/><W11/><G11/><T121/><D121/><U97/><E1/><V18/><F127/><W65/><G52/><T2/><D2/><U10/><E39/><V8/><F133/><W125/><G35/><T7/><D68/><U9/><E9/><V20/><F70/><W126/><G113/><T44/><D58/><U131/><E131/><N who="3" m="50250" /><G86/><T60/><D60/><U134/><E61/><V124/><F124/><N who="3" m="47723" /><G92/><T25/><D76/><U106/><E55/><V42/><F54/><W95/><G95/><T22/><D43/><U132/><E106/><V36/><F42/><W107/><G107/><T87/><D7/><U67/><E10/><V14/><F3/><W93/><G93/><T21/><D12/><U91/><E13/><V57/><F4/><W24/><G77/><T28/><D34/><U79/><E79/><V101/><F8/><W53/><G53/><T78/><D78/><U38/><E32/><V45/><F14/><W104/><G104/><T72/><D72/><U102/><E74/><V37/><F45/><W51/><G51/><T115/><D115/><U99/><E47/><V56/><F37/><W116/><G116/><T69/><D69/><AGARI ba="3,1" hai="17,23,24,63,65,69,73,75" m="47723,50250" machi="69" ten="30,2900,0" yaku="19,1,18,1" doraHai="100" who="3" fromWho="0" sc="208,-38,280,0,221,0,281,48" owari="170,-33.0,280,8.0,221,-17.9,329,42.9" /></mjloggm>