<mjloggm ver="2.3"><GO type="225" lobby="0"/><UN n0="%E3%81%A1%E3%82%85%E3%81%86%E3%81%A9%E3%81%8F%E8%B1%A1%E3%81%95%E3%82%93" n1="%E3%83%A1%E3%82%AC%E3%83%87%E3%82%B8" n2="%73%69%72%6F%75%74" n3="%73%6C%69%63%6B%33%31%39" dan="16,16,16,16" rate="2116.38,2095.48,2137.11,2195.93" sx="M,F,M,M"/><TAIKYOKU oya="0"/><INIT seed="0,0,0,0,5,112" ten="250,250,250,250" oya="0" hai0="3,104,22,2,77,84,49,5,83,25,10,127,87" hai1="89,12,67,75,123,44,47,63,133,39,134,96,94" hai2="60,118,6,130,109,78,9,14,81,107,90,114,122" hai3="58,15,126,32,88,41,82,1,62,120,97,18,48"/><T16/><D127/><U125/><E123/><V95/><F122/><W72/><G1/><T59/><D104/><U45/><E75/><V46/><F114/><W103/><G32/><T80/><D2/><U69/><E125/><V34/><F109/><W79/><G126/><T119/><D119/><U20/><REACH who="1" step="1"/><E39/><REACH who="1" ten="250,240,250,250" step="2"/><V91/><F130/><W40/><G120/><T53/><REACH who="0" step="1"/><D80/><REACH who="0" ten="240,240,250,250" step="2"/><U28/><E28/><V52/><F81/><W24/><G82/><T61/><D61/><U111/><E111/><V23/><F60/><W64/><G62/><T33/><D33/><U117/><E117/><V36/><F34/><W76/><G72/><AGARI ba="0,2" hai="3,5,10,16,22,25,49,53,59,72,77,83,84,87" machi="72" ten="30,11600,0" yaku="1,1,7,1,54,1,53,1" doraHai="112" doraHaiUra="55" who="0" fromWho="3" sc="240,136,240,0,250,0,250,-116" /><INIT seed="0,1,0,4,2,36" ten="376,240,250,134" oya="0" hai0="88,66,72,59,77,110,33,0,9,34,82,65,96" hai1="63,94,83,102,41,97,69,21,78,49,128,17,71" hai2="47,11,131,19,10,100,32,60,103,70,109,44,93" hai3="86,120,84,13,134,99,106,122,50,28,3,4,40"/><T43/><D110/><U67/><E128/><V46/><F109/><W57/><G3/><T38/><D65/><U53/><E71/><V18/><F32/><W114/><G114/><T79/><D79/><U124/><E124/><V108/><F108/><W26/><G134/><T76/><D76/><U37/><E37/><V23/><F131/><W62/><G13/><T30/><D30/><U2/><E2/><V25/><F70/><W12/><G12/><T133/><D133/><U126/><E41/><V35/><F35/><W87/><G4/><N who="0" m="1159" /><D59/><U16/><E21/><V75/><F75/><W91/><G106/><T123/><D66/><U111/><E126/><V24/><F60/><W132/><G132/><T8/><D8/><U58/><REACH who="1" step="1"/><E111/><REACH who="1" ten="376,230,250,134" step="2"/><V39/><F39/><W92/><G120/><T15/><D123/><U117/><E117/><V27/><F23/><N who="3" m="15455" /><G122/><T42/><D34/><U7/><E7/><V85/><F19/><W112/><G112/><T22/><D33/><U51/><E51/><V104/><F18/><W52/><G50/><T107/><D38/><U55/><E55/><V5/><F5/><W127/><G127/><T45/><D42/><AGARI ba="1,1" hai="40,42,52,57,62,84,86,87,91,92,99" m="15455" machi="42" ten="30,7700,0" yaku="8,1,52,2,54,1" doraHai="36" who="3" fromWho="0" sc="376,-80,230,0,250,0,134,90" /><INIT seed="1,0,0,3,1,19" ten="296,230,250,224" oya="1" hai0="16,96,106,77,60,97,121,123,3,41,57,134,101" hai1="52,53,44,13,48,58,40,49,117,1,109,46,18" hai2="68,119,9,72,33,114,88,98,51,65,85,29,122" hai3="102,4,99,89,108,69,81,10,127,25,100,71,14"/><U112/><E1/><V128/><F119/><W83/><G108/><T125/><D134/><U30/><E117/><V75/><F122/><N who="0" m="46602" /><D125/><U20/><E112/><V111/><F51/><W129/><G127/><T79/><D3/><U63/><E109/><V95/><F111/><W27/><G129/><T11/><D41/><U133/><E133/><V34/><F34/><W74/><G69/><T38/><D38/><U131/><E131/><V104/><F9/><W50/><G71/><T118/><D97/><U59/><E30/><V120/><F120/><W82/><G74/><T26/><D118/><U70/><E70/><V55/><F55/><W105/><G100/><T45/><D45/><AGARI ba="0,0" hai="13,18,20,40,44,45,46,48,49,52,53,58,59,63" machi="45" ten="40,7700,0" yaku="8,1,52,1,54,1" doraHai="19" who="1" fromWho="0" sc="296,-77,230,77,250,0,224,0" /><INIT seed="1,1,0,3,5,33" ten="219,307,250,224" oya="1" hai0="1,48,47,118,51,125,34,72,14,80,110,116,97" hai1="130,103,91,2,65,21,19,82,93,122,7,20,108" hai2="30,17,58,44,107,73,95,53,16,15,8,115,106" hai3="28,131,114,123,99,81,90,29,113,133,100,27,59"/><U54/><E122/><V105/><F73/><W46/><G123/><T104/><D1/><U85/><E130/><V41/><F115/><W18/><G131/><T60/><D34/><U129/><E129/><V24/><F17/><W68/><G68/><T42/><D110/><U67/><E21/><V132/><F132/><W56/><G133/><T63/><D125/><U96/><E108/><V38/><F95/><N who="3" m="58495" /><G114/><T75/><D14/><U37/><E37/><V76/><F76/><W35/><G35/><T26/><D26/><U78/><E54/><V9/><F9/><W124/><G46/><T70/><D48/><U83/><E7/><V4/><F4/><W22/><G124/><T101/><D60/><U6/><E2/><V12/><F12/><W89/><G89/><T52/><D70/><U94/><E6/><V32/><REACH who="2" step="1"/><F106/><REACH who="2" ten="219,307,240,224" step="2"/><W61/><G18/><T126/><D126/><U87/><REACH who="1" step="1"/><E83/><REACH who="1" ten="219,297,240,224" step="2"/><V74/><F74/><W62/><G81/><T45/><D80/><U134/><E134/><V66/><F66/><W119/><G113/><T0/><D72/><U36/><E36/><V43/><F43/><W86/><G119/><T64/><D75/><U84/><E84/><V50/><AGARI ba="1,2" hai="8,15,16,24,30,32,38,41,44,50,53,58,105,107" machi="50" ten="20,8000,1" yaku="1,1,0,1,7,1,54,1,53,1" doraHai="33" doraHaiUra="55" who="2" fromWho="2" sc="219,-21,297,-41,240,103,224,-21" /><INIT seed="2,0,0,0,1,89" ten="198,256,343,203" oya="2" hai0="106,90,122,19,15,3,93,97,102,18,42,51,27" hai1="57,9,114,94,39,72,84,64,124,74,23,91,52" hai2="8,116,133,31,37,82,24,107,96,36,115,98,25" hai3="13,7,10,95,46,12,59,79,55,112,22,100,109"/><V127/><F115/><W16/><G112/><T132/><D122/><U123/><E114/><V5/><F116/><W11/><G109/><T4/><D132/><U63/><E124/><V101/><F127/><W118/><G118/><T69/><D69/><U104/><E104/><V0/><F133/><W45/><G79/><T43/><D3/><U125/><E123/><V44/><F24/><W121/><G121/><T119/><D119/><U34/><E34/><V110/><F110/><W56/><G22/><T117/><D117/><U80/><E39/><V73/><F98/><N who="3" m="59487" /><G59/><T47/><D4/><U14/><E23/><V6/><F6/><W134/><G134/><T103/><D42/><U113/><E113/><V76/><F44/><W17/><G17/><T88/><D103/><U33/><E33/><AGARI ba="0,0" hai="0,5,8,25,31,33,36,37,73,76,82,96,101,107" machi="33" ten="30,11600,0" yaku="7,1,33,3" doraHai="89" who="2" fromWho="1" sc="198,0,256,-116,343,116,203,0" /><INIT seed="2,1,0,1,2,107" ten="198,140,459,203" oya="2" hai0="64,21,71,87,110,95,113,134,68,8,26,31,42" hai1="97,81,109,47,125,89,129,135,115,72,118,35,73" hai2="127,43,53,111,60,99,27,98,25,11,3,14,131" hai3="20,82,78,28,9,130,33,69,6,83,41,61,100"/><V92/><F127/><W44/><G130/><T96/><D113/><U105/><E35/><V90/><F3/><N who="3" m="223" /><G100/><T94/><D110/><U102/><E115/><V74/><F74/><N who="1" m="28777" /><E47/><V24/><F111/><W103/><G103/><T88/><D134/><U59/><E59/><N who="2" m="34927" /><F131/><W45/><G45/><T117/><D117/><U57/><E57/><V121/><F121/><W10/><G10/><T108/><D108/><U67/><E67/><V39/><F39/><N who="3" m="21567" /><G20/><T0/><D42/><U15/><E15/><V52/><F52/><W132/><G82/><T34/><D34/><U120/><E109/><V62/><F62/><W4/><G4/><T19/><D64/><U1/><E1/><V23/><F43/><W30/><G132/><T85/><D85/><N who="1" m="50351" /><E129/><V116/><F116/><W36/><G36/><T37/><D37/><U123/><E135/><V56/><F56/><W38/><G38/><T63/><D63/><U54/><E54/><V58/><F58/><W13/><G13/><T133/><D133/><U119/><E125/><V66/><F66/><N who="3" m="41167" /><G33/><T124/><D124/><U93/><E105/><V7/><F23/><W5/><G5/><N who="0" m="1063" /><D19/><U112/><E112/><V29/><F24/><W128/><G128/><T104/><D104/><U46/><E46/><V49/><F27/><W91/><G28/><T84/><D68/><U18/><E18/><V106/><F29/><W114/><G114/><T22/><D71/><U16/><E16/><V75/><F25/><W77/><G30/><T2/><D21/><U51/><E51/><V86/><F49/><W55/><G55/><T126/><D126/><RYUUKYOKU ba="1,0" sc="198,-15,140,15,459,-15,203,15" hai1="93,97,102,118,119,120,123" hai3="77,78,83,91" /><INIT seed="3,2,0,1,0,52" ten="183,155,444,218" oya="3" hai0="56,30,51,115,101,82,68,105,125,8,109,127,112" hai1="126,88,19,78,69,5,11,94,34,31,73,76,15" hai2="1,59,40,118,130,74,65,42,60,43,33,110,77" hai3="35,63,135,107,90,121,24,61,48,58,62,23,12"/><W133/><G107/><T38/><D38/><U46/><E69/><V106/><F1/><W53/><G35/><T72/><D68/><U103/><E103/><V95/><F95/><W64/><G121/><T114/><D109/><U134/><E134/><N who="3" m="51210" /><G12/><T98/><D30/><U57/><E126/><N who="0" m="48137" /><D8/><U71/><E71/><V91/><F77/><W32/><G90/><T79/><D51/><U80/><E76/><V26/><F110/><W37/><G32/><T22/><D56/><U97/><E46/><V75/><F118/><W21/><G37/><T6/><D22/><N who="3" m="8201" /><G24/><T14/><D14/><U70/><E70/><AGARI ba="2,0" hai="48,53,58,61,62,63,64,70" m="8201,51210" machi="70" ten="30,2900,0" yaku="20,1,52,1" doraHai="52" who="3" fromWho="1" sc="183,0,155,-35,444,0,218,35" /><INIT seed="3,3,0,4,0,4" ten="183,120,444,253" oya="3" hai0="57,106,80,117,12,108,17,86,9,92,39,82,67" hai1="118,63,124,122,98,83,102,109,23,129,49,45,130" hai2="77,28,43,22,31,101,79,38,111,112,58,76,97" hai3="114,94,33,125,24,85,21,95,1,70,42,68,52"/><W134/><G114/><T19/><D117/><U6/><E122/><V29/><F111/><W20/><G33/><T74/><D39/><U40/><E109/><V2/><F2/><W50/><G1/><T88/><D106/><U116/><E124/><V41/><F112/><W110/><G110/><T61/><D108/><U64/><E23/><V133/><F133/><W54/><G42/><T100/><D74/><U113/><E83/><N who="0" m="31785" /><D100/><U119/><E113/><V36/><F36/><W78/><G78/><T120/><D120/><U55/><E6/><AGARI ba="3,0" hai="6,9,12,17,19,57,61,67,86,88,92" m="31785" machi="6" ten="30,3900,0" yaku="8,1,52,1,54,1" doraHai="4" who="0" fromWho="1" sc="183,48,120,-48,444,0,253,0" owari="231,-16.9,72,-42.8,444,54.4,253,5.3" /></mjloggm>