<mjloggm ver="2.3"><GO type="225" lobby="0"/><UN n0="%E3%82%B3%E3%83%90%E3%83%AC%E3%82%A4" n1="%E3%81%8B%E3%82%8F%E3%81%A1%E3%82%83%E3%82%93%35%38" n2="%E6%97%A5%E6%9B%9C%E6%97%A5%E3%82%88%E3%82%8A%E3%81%AE%E4%BD%BF%E8%80%85" n3="%E3%82%BC%E3%83%AB%E3%83%80%E3%81%AE%E4%BC%9D%E8%AA%AC" dan="16,16,16,17" rate="2192.62,2171.65,2153.57,2160.21" sx="M,M,M,M"/><TAIKYOKU oya="0"/><INIT seed="0,0,0,2,4,59" ten="250,250,250,250" oya="0" hai0="71,125,61,79,68,107,58,77,41,75,119,91,24" hai1="44,0,69,25,93,112,131,102,54,5,21,120,3" hai2="90,42,28,56,2,78,105,36,133,94,104,130,43" hai3="95,126,11,88,1,22,23,48,64,27,46,87,66"/><T50/><D107/><U98/><E120/><V8/><F28/><W63/><G126/><T65/><D125/><U73/><E73/><V83/><F130/><W118/><G118/><T26/><D119/><U4/><E69/><V17/><F133/><W40/><G66/><T37/><D68/><U74/><E74/><V55/><F105/><W35/><G35/><T135/><D135/><U114/><E131/><V52/><F104/><W49/><G49/><T100/><D100/><U113/><E54/><V57/><F36/><W20/><G1/><N who="1" m="586" /><E44/><V76/><F2/><W62/><G11/><T51/><D75/><U32/><E32/><V72/><F78/><N who="0" m="29706" /><D71/><U82/><E82/><V96/><F8/><W18/><G64/><T6/><D37/><U45/><E45/><V124/><F124/><W85/><G85/><T101/><D101/><U103/><E103/><V115/><F76/><W31/><G23/><T19/><D41/><U132/><E132/><V12/><F43/><W134/><G134/><T81/><D51/><U60/><E60/><N who="2" m="35847" /><F42/><W70/><G70/><T117/><D50/><U13/><E13/><AGARI ba="0,0" hai="13,18,20,22,27,31,40,46,48,62,63,87,88,95" machi="13" ten="30,8000,1" yaku="7,1,8,1,52,2,54,1" doraHai="59" who="3" fromWho="1" sc="250,0,250,-80,250,0,250,80" /><INIT seed="1,0,0,3,2,99" ten="250,170,250,330" oya="1" hai0="37,106,25,81,82,76,56,94,32,65,123,98,22" hai1="95,97,50,108,89,55,42,118,3,35,103,96,111" hai2="131,57,114,102,83,135,7,86,134,8,127,31,132" hai3="18,20,38,51,44,117,19,101,74,64,0,88,75"/><U14/><E3/><N who="2" m="127" /><F114/><W29/><G0/><T128/><D37/><U80/><E35/><V33/><F127/><W43/><G101/><T23/><D123/><U110/><E118/><V15/><F131/><W52/><G117/><T78/><D106/><U129/><E129/><V126/><F126/><W60/><G29/><T120/><D32/><U36/><E36/><V71/><F71/><N who="3" m="42375" /><G88/><N who="0" m="55623" /><D128/><U69/><E69/><V12/><F57/><N who="3" m="32927" /><G19/><N who="0" m="12511" /><D23/><U72/><E42/><V46/><F46/><W61/><G61/><N who="0" m="38055" /><D120/><U104/><E14/><AGARI ba="0,0" hai="14,18,20,38,43,44,74,75" m="32927,42375" machi="14" ten="30,2000,0" yaku="24,1,54,1" doraHai="99" who="3" fromWho="1" sc="250,0,170,-20,250,0,330,20" /><INIT seed="2,0,0,5,0,108" ten="250,150,250,350" oya="2" hai0="134,33,104,12,56,21,11,22,106,85,49,17,96" hai1="121,102,13,25,127,97,26,53,43,10,66,48,79" hai2="47,77,18,130,44,0,64,5,27,28,82,29,111" hai3="135,30,128,40,95,125,39,94,71,32,19,91,83"/><V51/><F130/><W122/><G71/><T112/><D33/><U133/><E133/><V100/><F100/><W103/><G122/><T3/><D134/><U107/><E127/><V70/><F111/><W93/><G135/><T132/><D132/><U52/><E121/><V45/><F0/><W80/><G103/><T6/><D112/><U123/><E123/><V59/><F70/><W16/><G125/><T14/><D96/><U75/><E66/><V69/><F69/><W84/><G128/><T4/><D85/><U58/><E43/><V55/><F5/><W90/><G39/><T76/><D76/><U36/><E36/><V88/><F64/><W114/><G40/><T20/><D49/><U1/><E1/><V89/><F18/><N who="3" m="6699" /><G114/><T78/><D56/><U99/><E99/><V118/><F118/><W126/><G32/><T98/><D78/><U81/><REACH who="1" step="1"/><E53/><REACH who="1" ten="250,140,250,350" step="2"/><V124/><F124/><W8/><G126/><T119/><D119/><U115/><E115/><V117/><F117/><W9/><G30/><T87/><D98/><U65/><E65/><V101/><F29/><W41/><G41/><T67/><D67/><U110/><E110/><V35/><REACH who="2" step="1"/><F101/><REACH who="2" ten="250,140,240,350" step="2"/><W31/><G31/><T131/><D131/><U109/><E109/><V42/><F42/><W73/><G73/><AGARI ba="0,2" hai="27,28,35,44,45,47,51,55,59,73,77,82,88,89" machi="73" ten="40,3900,0" yaku="1,1,54,1,53,0" doraHai="108" doraHaiUra="15" who="2" fromWho="3" sc="250,0,140,0,240,59,350,-39" /><INIT seed="2,1,0,0,1,124" ten="250,140,299,311" oya="2" hai0="30,113,46,56,135,24,43,75,44,98,127,89,99" hai1="49,104,84,53,39,48,8,71,95,79,21,121,15" hai2="82,35,87,106,6,4,59,109,1,91,12,37,34" hai3="52,13,62,0,10,26,125,9,20,42,3,25,80"/><V128/><F37/><W73/><G125/><T126/><D75/><U122/><E39/><V72/><F1/><W103/><G42/><T64/><D113/><U66/><E104/><V11/><F106/><W47/><G103/><T131/><D135/><U33/><E33/><V5/><F72/><W27/><G20/><T88/><D64/><U101/><E21/><V18/><F109/><W38/><G38/><T93/><D56/><U94/><E66/><V120/><F120/><N who="1" m="46185" /><E71/><V32/><REACH who="2" step="1"/><F59/><REACH who="2" ten="250,140,289,311" step="2"/><W57/><G3/><T55/><D127/><U110/><E110/><V29/><F29/><W111/><G0/><T58/><D126/><U129/><E129/><AGARI ba="1,1" hai="4,5,6,11,12,18,32,34,35,82,87,91,128,129" machi="129" ten="50,9600,0" yaku="1,1,52,2,53,0" doraHai="124" doraHaiUra="17" who="2" fromWho="1" sc="250,0,140,-99,289,109,311,0" /><INIT seed="2,2,0,5,1,67" ten="250,41,398,311" oya="2" hai0="126,99,90,97,117,54,110,8,41,43,22,14,3" hai1="31,106,2,102,40,27,135,93,125,34,112,23,96" hai2="76,9,119,129,88,113,52,74,92,115,66,60,32" hai3="82,79,71,33,12,19,68,58,57,130,15,101,122"/><V0/><F32/><W108/><G122/><T30/><D117/><U47/><E125/><V11/><F119/><W26/><G101/><T62/><D126/><U64/><E135/><V118/><F118/><W44/><G108/><T36/><D110/><U20/><E2/><V13/><F0/><W28/><G130/><T120/><D120/><U127/><E127/><V4/><F129/><W38/><G58/><T70/><D3/><U95/><E112/><V89/><F74/><W37/><G57/><T10/><D36/><U109/><E106/><V134/><F134/><W128/><G128/><T65/><D54/><U107/><E109/><V123/><F76/><W25/><G25/><T46/><D8/><U85/><E95/><V81/><F81/><W1/><G1/><T104/><D104/><U16/><E34/><V73/><F73/><W48/><G38/><T124/><D124/><U56/><E85/><V55/><F123/><W53/><G37/><T121/><D121/><U131/><E107/><V63/><F66/><W87/><REACH who="3" step="1"/><G12/><REACH who="3" ten="250,41,398,301" step="2"/><T61/><D14/><U91/><E131/><V80/><F13/><W42/><G42/><T69/><D43/><U100/><E56/><V98/><F115/><W17/><G17/><T49/><D41/><U132/><E132/><V21/><F113/><W83/><G83/><T45/><D46/><U51/><REACH who="1" step="1"/><E64/><REACH who="1" ten="250,31,398,301" step="2"/><V6/><F80/><W116/><G116/><T84/><D65/><U7/><E7/><V18/><F4/><W72/><G72/><T103/><D45/><U94/><E94/><N who="2" m="56647" /><F6/><W105/><G105/><T59/><D59/><RYUUKYOKU ba="2,2" sc="250,-15,31,15,398,-15,301,15" hai1="16,20,23,27,31,40,47,51,91,93,96,100,102" hai3="15,19,26,28,33,44,48,53,68,71,79,82,87" /><INIT seed="3,3,2,4,5,19" ten="235,46,383,316" oya="3" hai0="112,63,45,51,100,82,122,56,81,104,126,39,73" hai1="64,79,61,85,53,13,116,9,98,127,86,90,55" hai2="71,121,58,124,77,109,60,8,41,22,66,102,103" hai3="24,114,50,134,11,128,69,118,113,62,117,84,95"/><W94/><G11/><T26/><D122/><U99/><E127/><V91/><F77/><W16/><G84/><T27/><D126/><U105/><E105/><V10/><F41/><W92/><G50/><T21/><D39/><U2/><E2/><V120/><F124/><W42/><G42/><T20/><D73/><U108/><E108/><V3/><F109/><W17/><G134/><T101/><D112/><U44/><E116/><N who="3" m="44650" /><G24/><T110/><D110/><U125/><E125/><V135/><F10/><W93/><G93/><T70/><D70/><U131/><E131/><V4/><F135/><W32/><G32/><T119/><D119/><U15/><E15/><V54/><F8/><W35/><G35/><T29/><D104/><U46/><E79/><V129/><F3/><W132/><G132/><T57/><D63/><U130/><E130/><V78/><F129/><W6/><G6/><T111/><D111/><U87/><E90/><V97/><F4/><W115/><G128/><T67/><D67/><U7/><E64/><V28/><F121/><W23/><G23/><T38/><D38/><U12/><E7/><V31/><F22/><W25/><G25/><T30/><D51/><U0/><E0/><V36/><F36/><W40/><G40/><T106/><D106/><U37/><E37/><V49/><F120/><W43/><G43/><T76/><D76/><U48/><E61/><V72/><F72/><W14/><G14/><T80/><D80/><U89/><E89/><V88/><F78/><W107/><G107/><T33/><D33/><U59/><E9/><V47/><F60/><RYUUKYOKU ba="3,2" sc="235,15,46,-15,383,-15,316,15" hai0="20,21,26,27,29,30,45,56,57,81,82,100,101" hai3="16,17,62,69,92,94,95,113,114,115" /><INIT seed="3,4,2,5,1,71" ten="250,31,368,331" oya="3" hai0="62,129,74,81,63,22,30,80,25,95,131,123,9" hai1="36,40,65,113,13,94,84,118,108,97,120,60,59" hai2="31,105,104,48,91,61,85,1,121,34,41,75,92" hai3="76,90,3,42,6,116,14,110,135,64,57,55,4"/><W32/><G116/><T102/><D123/><U45/><E108/><V126/><F1/><W51/><G32/><T107/><D107/><U115/><E118/><V125/><F75/><W132/><G110/><T87/><D74/><U93/><E120/><V38/><F38/><W70/><G76/><T54/><D131/><U39/><E13/><V44/><F121/><W78/><G78/><T82/><D129/><U10/><E10/><V19/><F19/><W69/><G3/><T119/><D119/><U52/><E52/><V0/><F0/><W109/><G109/><T124/><D124/><N who="2" m="47722" /><F61/><W117/><G117/><T17/><D102/><U50/><E84/><V7/><F7/><W28/><G28/><T11/><D11/><U37/><E93/><V16/><F16/><W20/><G42/><T122/><D122/><U12/><E12/><V134/><F134/><N who="3" m="51243" /><G90/><T66/><D66/><U89/><E113/><V111/><F111/><W86/><G86/><T29/><D87/><U103/><E103/><V49/><F31/><W83/><G83/><T73/><D73/><U46/><E115/><V98/><F34/><W77/><G77/><T47/><D95/><U101/><E94/><V114/><F114/><W96/><G96/><T100/><D100/><U72/><E72/><V112/><F112/><W26/><G64/><T130/><D130/><U133/><E133/><V21/><F98/><W18/><G6/><T106/><D106/><N who="2" m="41066" /><F21/><W53/><G53/><T5/><D30/><U2/><E2/><V88/><F91/><W56/><G56/><T99/><D99/><U128/><E128/><RYUUKYOKU ba="4,2" sc="250,-15,31,-15,368,15,331,15" hai2="41,44,48,49,85,88,92" hai3="4,14,18,20,26,51,55,57,69,70" /><INIT seed="3,5,2,4,4,8" ten="235,16,383,346" oya="3" hai0="31,59,30,123,111,101,60,97,134,2,103,4,28" hai1="21,117,67,126,80,54,95,12,127,106,16,46,96" hai2="76,24,63,27,19,25,93,39,118,44,135,22,82" hai3="102,132,71,98,64,43,113,116,36,14,105,83,0"/><W108/><G113/><T66/><D123/><U72/><E106/><V100/><F118/><W5/><G14/><T130/><D134/><U124/><E117/><V41/><F135/><W3/><G116/><T92/><D130/><U10/><E67/><V11/><F11/><W84/><G132/><T70/><D111/><U73/><E80/><V15/><F63/><N who="3" m="40351" /><G84/><T1/><D70/><U88/><E54/><V45/><F45/><N who="3" m="23783" /><G5/><T51/><D2/><N who="3" m="553" /><G83/><T38/><D38/><U35/><E35/><V69/><F69/><W112/><G112/><T53/><D1/><U65/><E65/><V128/><F128/><W42/><G42/><T94/><D4/><U34/><E34/><V47/><F47/><W74/><G74/><T33/><D33/><U79/><E79/><V120/><F120/><W110/><AGARI ba="5,2" hai="98,102,105,108,110" m="553,23783,40351" machi="110" ten="40,2100,0" yaku="23,1" doraHai="8" who="3" fromWho="3" sc="235,-12,16,-12,383,-12,346,56" owari="223,-17.7,4,-49.6,371,17.1,402,50.2" /></mjloggm>