<mjloggm ver="2.3"><GO type="225" lobby="0"/><UN n0="%E3%81%9F%E3%81%A3%E3%81%A1%E3%82%87" n1="%E3%81%AF%E3%82%88%E3%81%8A%E3%81%98%E3%81%95%E3%82%93" n2="%72%69%6F%75%63%68%61%6E" n3="%E3%81%99%E3%81%84%E3%81%BE%E3%81%9B%E3%83%BC%E3%82%93" dan="16,16,17,16" rate="2077.87,2162.46,2288.43,2118.36" sx="M,M,M,M"/><TAIKYOKU oya="0"/><INIT seed="0,0,0,5,4,18" ten="250,250,250,250" oya="0" hai0="73,56,126,104,23,38,5,131,122,16,44,88,57" hai1="29,68,43,116,26,135,94,12,115,48,35,113,10" hai2="84,45,21,31,62,108,54,52,28,128,95,15,85" hai3="71,67,41,90,39,51,22,109,70,78,93,103,32"/><T110/><D122/><U24/><E68/><V1/><F1/><W133/><G32/><T91/><D104/><U121/><E121/><V25/><F108/><W77/><G109/><T118/><D73/><U69/><E69/><V79/><F128/><W13/><G39/><T37/><D118/><U124/><E116/><V74/><F31/><W36/><G36/><T102/><D110/><U0/><E94/><V83/><F15/><W132/><G103/><T20/><D131/><U9/><E48/><V97/><F45/><N who="3" m="26031" /><G67/><T92/><D126/><U34/><E43/><V111/><F111/><W100/><G100/><T114/><D114/><N who="1" m="43531" /><E124/><V119/><F119/><W40/><G40/><T50/><D5/><N who="1" m="1191" /><E135/><N who="3" m="51786" /><G71/><T76/><D102/><U96/><E96/><V80/><F62/><W14/><G70/><T87/><D50/><U72/><E72/><V7/><F7/><W89/><G13/><T120/><D120/><U3/><E3/><V64/><F74/><W61/><G61/><T65/><D44/><U6/><E26/><V112/><F112/><W82/><G82/><N who="0" m="47559" /><D37/><U42/><E42/><V101/><F64/><W105/><G105/><T19/><D38/><U99/><E99/><V66/><F66/><W58/><G58/><N who="0" m="22635" /><D65/><U30/><E34/><V11/><F11/><W130/><G130/><T47/><D47/><U127/><E127/><V98/><F98/><N who="3" m="57647" /><G90/><AGARI ba="0,0" hai="21,25,28,52,54,79,80,83,84,85,90,95,97,101" machi="90" ten="30,7700,0" yaku="7,1,8,1,52,1,54,1" doraHai="18" who="2" fromWho="3" sc="250,0,250,0,250,77,250,-77" /><INIT seed="1,0,0,4,2,72" ten="250,250,327,173" oya="1" hai0="58,45,108,128,51,63,84,25,135,126,104,130,113" hai1="122,41,112,67,77,85,125,17,78,115,123,97,50" hai2="68,33,90,118,101,1,42,43,70,60,49,100,38" hai3="89,0,48,11,134,7,24,106,103,55,111,19,34"/><U5/><E125/><V20/><F118/><W65/><G111/><T131/><D104/><U66/><E5/><V47/><F33/><W107/><G134/><T4/><D4/><U27/><E97/><V120/><F120/><W127/><G127/><T88/><D126/><U114/><E85/><V86/><F1/><W94/><G65/><N who="0" m="39159" /><D108/><U26/><E50/><V15/><F42/><W6/><G6/><T92/><D25/><N who="1" m="9227" /><E17/><V79/><F38/><W129/><G103/><T30/><D30/><U62/><E62/><V10/><F20/><W21/><G34/><T16/><D16/><U46/><E46/><V14/><F14/><W54/><G129/><T124/><D124/><U105/><E41/><V98/><F60/><W31/><G31/><T80/><D113/><U133/><E105/><V39/><F39/><W121/><G121/><N who="1" m="46090" /><E133/><V102/><F98/><W117/><G117/><T36/><D36/><U32/><E32/><V116/><F116/><W35/><G35/><T76/><D135/><U96/><E96/><V82/><REACH who="2" step="1"/><F90/><REACH who="2" ten="250,250,317,173" step="2"/><W18/><G18/><AGARI ba="0,1" hai="10,15,18,43,47,49,68,70,79,82,86,100,101,102" machi="18" ten="40,5200,0" yaku="1,1,2,1,52,1,53,0" doraHai="72" doraHaiUra="29" who="2" fromWho="3" sc="250,0,250,0,317,62,173,-52" /><INIT seed="2,0,0,5,2,103" ten="250,250,379,121" oya="2" hai0="111,30,57,28,117,90,53,10,73,16,106,98,66" hai1="107,112,95,120,17,1,34,5,130,79,15,35,121" hai2="52,99,116,18,59,109,101,61,132,55,13,83,84" hai3="76,27,60,22,81,46,129,2,25,19,100,72,44"/><V48/><F132/><W110/><G110/><T31/><D73/><U135/><E107/><V63/><F116/><W93/><G129/><T6/><D111/><U21/><E112/><V124/><F124/><W70/><G2/><T39/><D39/><U78/><E130/><V75/><F75/><W123/><G123/><N who="1" m="47178" /><E135/><V127/><F127/><W65/><REACH who="3" step="1"/><G25/><REACH who="3" ten="250,250,379,111" step="2"/><T54/><D117/><U86/><E1/><V85/><F109/><W74/><G74/><T32/><D32/><U82/><E34/><V24/><F24/><W9/><G9/><T26/><D26/><U134/><E35/><V118/><F118/><W68/><G68/><T114/><D114/><U8/><E134/><V67/><F61/><W126/><G126/><T104/><D10/><U33/><E33/><V96/><F101/><W91/><G91/><T47/><D90/><U40/><E78/><V38/><F38/><W58/><G58/><T51/><D57/><U50/><E79/><V56/><F67/><W125/><G125/><T41/><D66/><U105/><E8/><N who="2" m="6439" /><F85/><W37/><G37/><T64/><D64/><U11/><E86/><V62/><F63/><W43/><G43/><T122/><D41/><U128/><E40/><V115/><F115/><W29/><G29/><T69/><D28/><U87/><E128/><V97/><F84/><W92/><G92/><T4/><D30/><U3/><E95/><V119/><F119/><W113/><G113/><T7/><D31/><U102/><E102/><V42/><F42/><W20/><G20/><T77/><D122/><U71/><E71/><V94/><F94/><RYUUKYOKU ba="0,1" sc="250,-15,250,-15,379,15,111,15" hai2="48,52,55,56,59,62,83,96,97,99" hai3="19,22,27,44,46,60,65,70,72,76,81,93,100" /><INIT seed="2,1,1,3,4,116" ten="235,235,394,126" oya="2" hai0="3,123,94,53,95,90,72,102,71,38,61,97,92" hai1="105,122,70,69,65,77,84,100,40,31,124,133,25" hai2="56,0,131,107,127,10,39,26,62,121,117,52,34" hai3="20,30,106,45,2,50,118,22,73,109,37,1,59"/><V134/><RYUUKYOKU type="yao9" ba="1,1" sc="235,0,235,0,394,0,126,0" hai2="0,10,26,34,39,52,56,62,107,117,121,127,131,134" /><INIT seed="2,2,1,3,0,68" ten="235,235,394,126" oya="2" hai0="42,71,29,4,129,65,132,87,70,41,104,107,18" hai1="91,120,123,19,57,9,63,98,134,23,67,62,36" hai2="102,51,26,114,0,24,103,73,66,32,5,44,133" hai3="60,2,46,126,76,109,78,89,3,85,27,105,127"/><V80/><F114/><W93/><G109/><T58/><D129/><U33/><E33/><V86/><F133/><W7/><G105/><T21/><D132/><U20/><E134/><V130/><F130/><W31/><G60/><T22/><D4/><U12/><E36/><V52/><F73/><W40/><G78/><T30/><D58/><U96/><E62/><V101/><F66/><W111/><G76/><T28/><D28/><U99/><E91/><V38/><F38/><W47/><G111/><T61/><D61/><U72/><E72/><V37/><F37/><N who="3" m="21775" /><G47/><T34/><D34/><U108/><E108/><V64/><F64/><W122/><G7/><T82/><D65/><U16/><REACH who="1" step="1"/><E9/><REACH who="1" ten="235,225,394,126" step="2"/><V84/><F32/><N who="3" m="20607" /><G122/><T113/><D71/><U83/><E83/><V11/><REACH who="2" step="1"/><F86/><REACH who="2" ten="235,225,384,126" step="2"/><W100/><G85/><T106/><D87/><U53/><E53/><V128/><F128/><W1/><G127/><T56/><D70/><U110/><E110/><V17/><F17/><W43/><G126/><T13/><D18/><U8/><E8/><V95/><F95/><W59/><G93/><T75/><D104/><U121/><E121/><V115/><F115/><W119/><G43/><T125/><D106/><U15/><AGARI ba="2,3" hai="12,15,16,19,20,23,57,63,67,96,98,99,120,123" machi="15" ten="30,12000,2" yaku="1,1,0,1,9,1,54,1,53,2" doraHai="68" doraHaiUra="116" who="1" fromWho="1" sc="235,-32,225,156,384,-62,126,-32" /><INIT seed="3,0,0,4,4,58" ten="203,381,322,94" oya="3" hai0="124,93,73,16,14,53,68,90,30,10,84,8,85" hai1="60,71,11,27,83,32,87,101,65,107,75,102,109" hai2="106,51,59,72,33,70,94,116,18,43,2,56,55" hai3="31,133,103,121,49,57,21,48,12,20,29,88,131"/><W105/><G121/><T46/><D73/><U95/><E109/><V77/><F116/><W130/><G133/><T50/><D68/><U15/><E75/><V61/><F106/><W113/><G113/><T23/><D124/><U64/><E107/><V41/><F33/><W126/><G105/><T19/><D30/><N who="3" m="11273" /><G103/><T74/><D74/><U54/><E65/><V5/><F70/><W96/><G126/><T117/><D117/><U82/><E27/><V9/><F94/><N who="3" m="56391" /><G12/><N who="0" m="7559" /><D10/><U17/><E32/><V45/><F18/><W67/><G49/><T115/><D115/><U134/><E134/><V79/><F72/><W13/><G13/><T22/><D22/><U110/><E110/><V92/><F92/><W81/><G81/><T132/><D132/><U89/><E83/><V36/><REACH who="2" step="1"/><F41/><REACH who="2" ten="203,381,312,94" step="2"/><W76/><G76/><T122/><D122/><U91/><E95/><V118/><F118/><W6/><G6/><T111/><D111/><U119/><E119/><V98/><F98/><AGARI ba="0,1" hai="14,16,23,46,50,53,84,85,90,93,98" m="7559" machi="98" ten="30,2000,0" yaku="8,1,54,1" doraHai="58" who="0" fromWho="2" sc="203,30,381,0,312,-20,94,0" owari="233,-16.7,381,48.1,292,9.2,94,-40.6" /></mjloggm>