<mjloggm ver="2.3"><GO type="225" lobby="0"/><UN n0="%72%69%6F%75%63%68%61%6E" n1="%E6%97%A5%E6%9B%9C%E6%97%A5%E3%82%88%E3%82%8A%E3%81%AE%E4%BD%BF%E8%80%85" n2="%E5%86%B7%E5%87%8D%E3%82%AE%E3%83%A7%E3%83%BC%E3%82%B6" n3="%E3%81%A9%E3%82%8F%E3%82%93%E3%81%94" dan="16,17,17,16" rate="2161.04,2133.10,2225.16,2035.71" sx="M,M,M,M"/><TAIKYOKU oya="0"/><INIT seed="0,0,0,3,1,116" ten="250,250,250,250" oya="0" hai0="39,97,47,52,77,42,9,93,110,83,45,21,23" hai1="66,43,11,112,131,88,48,102,64,57,76,28,94" hai2="87,62,38,59,117,104,119,14,74,51,85,69,103" hai3="111,58,53,60,13,132,134,121,8,54,0,96,31"/><T109/><D9/><U4/><E131/><V37/><F74/><W81/><G0/><T125/><D125/><U90/><E76/><V18/><F69/><W17/><G111/><N who="0" m="42507" /><D45/><N who="1" m="25663" /><E28/><V26/><F51/><W68/><G68/><T40/><D42/><U27/><E27/><V36/><F26/><W24/><G81/><T118/><D118/><N who="2" m="45066" /><F103/><W49/><G96/><T84/><D52/><U82/><E112/><V92/><F92/><W108/><G108/><T16/><D16/><U122/><E122/><V80/><F80/><W128/><G128/><T3/><D3/><U67/><E82/><V123/><F104/><W56/><REACH who="3" step="1"/><G121/><REACH who="3" ten="250,250,250,240" step="2"/><T130/><D130/><U127/><E127/><V41/><F123/><W12/><G12/><T107/><D107/><U44/><E44/><V6/><F14/><W55/><G55/><T101/><AGARI ba="0,1" hai="21,23,39,40,47,77,83,84,93,97,101" m="42507" machi="101" ten="30,3000,0" yaku="14,1,10,1" doraHai="116" who="0" fromWho="0" sc="250,40,250,-10,250,-10,240,-10" /><INIT seed="0,1,0,5,3,57" ten="290,240,240,230" oya="0" hai0="118,28,13,121,40,93,20,38,104,74,27,36,14" hai1="60,50,67,98,127,73,112,43,117,18,88,6,30" hai2="133,47,53,63,65,11,9,85,44,124,95,15,131" hai3="5,91,71,7,83,49,56,16,123,29,79,58,94"/><T22/><D118/><U101/><E73/><V84/><F124/><W90/><G71/><T46/><D121/><U26/><E117/><V80/><F131/><W77/><G123/><T114/><D114/><U4/><E18/><V17/><F133/><W120/><G29/><T76/><D104/><N who="1" m="63543" /><E127/><V34/><F34/><W33/><G33/><T78/><D36/><U32/><E112/><V100/><F53/><W51/><G94/><T106/><D106/><U42/><E88/><N who="2" m="53639" /><F9/><W129/><G83/><T8/><D74/><U48/><E48/><V122/><F100/><W39/><G120/><T12/><D8/><U86/><E86/><V135/><F135/><W69/><G69/><T31/><REACH who="0" step="1"/><D93/><REACH who="0" ten="280,240,240,230" step="2"/><U1/><E1/><V107/><F107/><W23/><G39/><T21/><D21/><U24/><E32/><V59/><F122/><W103/><G23/><T19/><D19/><U102/><E4/><V55/><F65/><W125/><G125/><T92/><D92/><U126/><E6/><V81/><F81/><W35/><G35/><T66/><D66/><U116/><E126/><V97/><F97/><W61/><G16/><T89/><D89/><AGARI ba="1,1" hai="11,15,17,44,47,55,59,63,80,85,89" m="53639" machi="89" ten="30,3900,0" yaku="8,1,52,1,54,1" doraHai="57" who="2" fromWho="0" sc="280,-42,240,0,240,52,230,0" /><INIT seed="1,0,0,2,4,133" ten="238,240,292,230" oya="1" hai0="94,7,87,83,92,8,86,35,49,120,56,98,65" hai1="42,117,129,53,75,10,57,78,60,28,14,18,126" hai2="33,113,127,84,25,110,1,101,48,119,111,5,45" hai3="103,3,63,38,20,97,118,132,125,91,68,70,105"/><U93/><E117/><V73/><F119/><W122/><G118/><T130/><D130/><U2/><E129/><V51/><F73/><W26/><G3/><T24/><D120/><U96/><E2/><V59/><F113/><W31/><G122/><T19/><D35/><U15/><E42/><V54/><F101/><W77/><G38/><T114/><D114/><U89/><E28/><V30/><F84/><W80/><G132/><T46/><D65/><U0/><E0/><V116/><F116/><W4/><G4/><T50/><D56/><U104/><E104/><V40/><F127/><W134/><G134/><T115/><D115/><U100/><E75/><V47/><F59/><W66/><G91/><N who="0" m="53367" /><D46/><U64/><E78/><V17/><F17/><W55/><G55/><T107/><D107/><U62/><E15/><V32/><F32/><W43/><G43/><T79/><D7/><U58/><REACH who="1" step="1"/><E100/><REACH who="1" ten="238,230,292,230" step="2"/><V81/><F1/><W71/><G125/><AGARI ba="0,1" hai="10,14,18,53,57,58,60,62,64,89,93,96,125,126" machi="125" ten="40,12000,1" yaku="1,1,2,1,52,2,53,1" doraHai="133" doraHaiUra="13" who="1" fromWho="3" sc="238,0,230,130,292,0,230,-120" /><INIT seed="1,1,0,1,0,9" ten="238,360,292,110" oya="1" hai0="78,88,74,122,90,73,129,75,120,52,102,110,33" hai1="27,68,107,84,6,29,76,42,127,70,80,1,7" hai2="105,34,83,54,65,55,49,117,41,47,17,60,36" hai3="91,133,98,19,23,123,95,93,85,125,124,31,46"/><U118/><E118/><V37/><F34/><W63/><G123/><N who="0" m="47147" /><D33/><U3/><E107/><V96/><F105/><W72/><G72/><T86/><D110/><U89/><E127/><V106/><F106/><W100/><G133/><T2/><D2/><U0/><E42/><V61/><F96/><W113/><G113/><T92/><D129/><U38/><E38/><N who="2" m="21943" /><F17/><W135/><G135/><T50/><D102/><U71/><REACH who="1" step="1"/><E76/><REACH who="1" ten="238,350,292,110" step="2"/><V14/><F117/><W97/><G125/><T77/><D90/><U115/><E115/><V62/><F36/><W126/><G124/><T109/><D109/><U40/><E40/><V39/><F37/><W59/><G126/><T58/><AGARI ba="1,1" hai="50,52,58,73,74,75,77,78,86,88,92" m="47147" machi="58" ten="40,5200,0" yaku="13,1,54,2" doraHai="9" who="0" fromWho="0" sc="238,65,350,-27,292,-14,110,-14" /><INIT seed="2,0,0,0,5,89" ten="303,323,278,96" oya="2" hai0="28,74,78,92,31,52,86,6,63,81,71,51,60" hai1="54,19,37,46,30,103,26,108,9,57,24,134,123" hai2="44,1,69,13,47,62,70,125,116,122,42,121,15" hai3="82,23,2,117,18,76,88,67,0,64,90,126,20"/><V58/><F1/><W111/><G117/><T32/><D6/><U105/><E108/><V87/><F87/><W104/><G104/><T14/><D14/><U4/><E105/><V50/><F13/><W101/><G101/><T5/><D5/><U68/><E68/><N who="2" m="26219" /><F15/><W16/><G82/><T39/><D39/><U65/><E103/><V43/><F116/><W25/><G76/><T83/><D71/><U135/><E123/><V12/><F12/><W8/><G25/><T22/><D32/><U34/><E19/><V35/><F35/><W80/><G80/><T21/><D92/><U36/><E26/><V41/><F125/><W48/><G48/><T124/><D124/><U94/><E94/><V27/><F27/><W100/><G100/><T77/><D21/><U11/><E4/><V99/><F99/><W131/><G126/><T59/><REACH who="0" step="1"/><D22/><REACH who="0" ten="293,323,278,96" step="2"/><U55/><E34/><V40/><F122/><W112/><G111/><T33/><D33/><U97/><E9/><V129/><F121/><W85/><G8/><T118/><D118/><U7/><E11/><V98/><F98/><W107/><G107/><T120/><D120/><U91/><E7/><V72/><F72/><W38/><G112/><T106/><D106/><U56/><E36/><N who="2" m="21511" /><F129/><W127/><G127/><T53/><D53/><AGARI ba="0,1" hai="41,42,43,47,50,53,58,62" m="21511,26219" machi="53" ten="30,12000,1" yaku="35,5" doraHai="89" who="2" fromWho="0" sc="293,-120,323,0,278,130,96,0" /><INIT seed="2,1,0,2,5,101" ten="173,323,408,96" oya="2" hai0="7,56,104,65,83,48,114,32,61,126,131,99,58" hai1="77,62,31,0,41,89,9,2,3,34,13,107,50" hai2="105,115,130,106,30,110,27,57,91,88,24,36,52" hai3="54,92,39,100,6,21,78,5,120,68,133,51,63"/><V16/><F115/><W80/><G120/><T117/><D114/><U74/><E107/><V11/><F36/><W135/><G39/><T109/><D32/><U75/><E89/><V124/><F124/><W96/><G68/><T23/><D7/><U64/><E50/><V45/><F45/><W40/><G40/><T73/><D126/><U102/><E102/><V84/><F130/><W79/><G63/><T95/><D131/><U29/><E41/><V1/><F110/><W49/><G21/><T53/><D109/><U123/><E123/><V71/><F71/><W113/><G113/><T28/><D117/><U12/><E77/><V69/><F69/><W108/><G108/><T37/><D37/><U22/><E34/><V20/><F1/><W98/><G100/><N who="0" m="60543" /><D73/><U38/><E38/><V10/><F10/><W46/><G46/><T118/><D118/><U26/><E31/><V103/><F103/><W35/><G35/><T43/><D83/><U111/><E111/><V93/><F91/><W81/><REACH who="3" step="1"/><G92/><REACH who="3" ten="173,323,408,86" step="2"/><T8/><D43/><U66/><E62/><V90/><F90/><W42/><G42/><T67/><D61/><U94/><E94/><V127/><F127/><W70/><G70/><T76/><D23/><U47/><E47/><V4/><F57/><W44/><G44/><T85/><D56/><U119/><E119/><V15/><F52/><AGARI ba="1,1" hai="5,6,49,51,52,54,78,79,80,81,96,98,133,135" machi="52" ten="25,6400,0" yaku="1,1,22,2,54,1,53,0" doraHai="101" doraHaiUra="125" who="3" fromWho="2" sc="173,0,323,0,408,-67,86,77" /><INIT seed="3,0,0,0,5,9" ten="173,323,341,163" oya="3" hai0="63,52,99,27,122,45,106,49,42,69,57,21,1" hai1="15,111,76,134,85,135,87,72,103,36,101,74,91" hai2="38,24,39,44,125,90,102,97,33,119,89,86,4" hai3="94,109,58,16,117,40,75,71,88,98,120,92,77"/><W123/><G117/><T82/><D122/><U12/><E36/><V84/><F119/><W62/><G71/><T0/><D82/><N who="1" m="47303" /><E111/><V10/><F125/><W50/><G109/><T32/><D32/><U43/><E12/><V54/><F33/><W30/><G30/><T114/><D114/><U95/><E15/><N who="2" m="5575" /><F24/><W31/><G31/><T18/><REACH who="0" step="1"/><D69/><REACH who="0" ten="163,323,341,163" step="2"/><U78/><E43/><V61/><F38/><W93/><G123/><T112/><D112/><U73/><E78/><V11/><F39/><W53/><G120/><T110/><D110/><U25/><E25/><V13/><F11/><W80/><REACH who="3" step="1"/><G16/><REACH who="3" ten="163,323,341,153" step="2"/><T20/><D20/><U48/><E48/><V116/><F116/><W104/><G104/><T3/><D3/><U47/><E47/><AGARI ba="0,2" hai="40,47,50,53,58,62,75,77,80,88,92,93,94,98" machi="47" ten="40,3900,0" yaku="1,1,54,1,53,0" doraHai="9" doraHaiUra="133" who="3" fromWho="1" sc="163,0,323,-39,341,0,153,59" /><INIT seed="3,1,0,5,3,132" ten="163,284,341,212" oya="3" hai0="28,36,65,98,31,84,117,101,70,10,90,63,67" hai1="129,34,114,3,6,50,88,97,118,14,85,105,119" hai2="15,81,96,102,2,13,37,94,23,56,106,100,87" hai3="95,22,64,69,54,55,17,44,26,78,24,131,89"/><W60/><G131/><T16/><D117/><N who="1" m="44555" /><E129/><V79/><F37/><W19/><G78/><T62/><D36/><U9/><E114/><V75/><F2/><W123/><G123/><T91/><D10/><U99/><E34/><V51/><F23/><W108/><G108/><T133/><D133/><U66/><E105/><V12/><F100/><W32/><G32/><T116/><D116/><U59/><E14/><V25/><F25/><W5/><G5/><T76/><D76/><U8/><E8/><V73/><F106/><W122/><G122/><T104/><D91/><U11/><E11/><V43/><F43/><W77/><G77/><T134/><D134/><U4/><E4/><V38/><F38/><W74/><G74/><T72/><D72/><U45/><E59/><V39/><F51/><W53/><G26/><T48/><D48/><U7/><E7/><V93/><F39/><W110/><G110/><T130/><D130/><U21/><E66/><V113/><F113/><W58/><G69/><T30/><D16/><U83/><E21/><V49/><F94/><W80/><G19/><T33/><D33/><U68/><E68/><V127/><F75/><W124/><G17/><T52/><D67/><U125/><E9/><V109/><F73/><W27/><G64/><T47/><D47/><U61/><E45/><V35/><F35/><W103/><G44/><T115/><D115/><U41/><E6/><V120/><F120/><W46/><G46/><T20/><D20/><U0/><E3/><V29/><F109/><W128/><G22/><T111/><D111/><U126/><E0/><RYUUKYOKU ba="1,0" sc="163,0,284,0,341,0,212,0" owari="163,-33.7,284,8.4,341,44.1,212,-18.8" /></mjloggm>