<mjloggm ver="2.3"><GO type="225" lobby="0"/><UN n0="%E3%81%8A%E3%81%8B%E3%81%8F%E3%82%89" n1="%6D%75%75%6D%75%72%61" n2="%E3%81%B7%E3%82%8A%E3%82%93%E8%81%96%E4%BA%BA" n3="%73%6C%69%63%6B%33%31%39" dan="16,17,16,16" rate="2064.99,2183.72,2085.93,2163.03" sx="M,F,M,M"/><TAIKYOKU oya="0"/><INIT seed="0,0,0,5,5,116" ten="250,250,250,250" oya="0" hai0="71,103,104,25,50,21,28,70,64,75,91,122,89" hai1="14,112,111,30,32,77,90,135,133,38,124,99,1" hai2="39,19,130,63,4,12,11,114,42,17,126,24,120" hai3="65,94,16,117,60,66,67,36,105,29,86,15,23"/><T100/><D122/><U119/><E119/><V13/><F114/><W102/><G36/><T0/><D75/><U107/><E1/><V40/><F130/><W87/><G105/><T47/><D0/><U109/><E38/><V98/><F126/><W7/><G117/><T58/><D104/><U26/><E124/><V2/><F39/><W68/><G7/><T54/><D71/><U127/><E127/><V118/><F118/><W56/><G29/><T27/><D70/><U93/><E109/><V88/><F120/><W80/><G68/><T57/><D27/><U59/><E107/><V92/><F24/><W62/><G62/><N who="0" m="37967" /><D58/><U43/><E112/><V115/><F115/><W81/><G102/><AGARI ba="0,0" hai="21,25,28,47,50,54,89,91,100,102,103" m="37967" machi="102" ten="30,1500,0" yaku="8,1" doraHai="116" who="0" fromWho="3" sc="250,15,250,0,250,0,250,-15" /><INIT seed="0,1,0,5,4,25" ten="265,250,250,235" oya="0" hai0="124,33,102,94,62,53,114,42,49,28,82,55,112" hai1="87,92,85,88,73,61,32,113,90,2,12,118,91" hai2="43,105,107,50,37,129,54,51,18,109,70,116,4" hai3="30,83,108,122,5,0,126,63,1,60,117,95,16"/><T75/><D124/><U57/><E2/><V76/><F70/><W52/><G117/><T69/><D42/><U110/><E118/><V56/><F37/><W3/><G126/><T66/><D55/><U86/><E110/><V8/><F116/><W19/><G108/><T103/><D75/><U31/><E73/><V29/><F129/><W84/><G5/><T130/><D82/><U132/><E132/><V99/><F18/><W119/><G119/><T58/><D130/><U34/><E113/><V131/><F131/><W17/><G122/><T48/><D48/><U89/><E12/><V115/><F115/><W111/><G111/><T96/><REACH who="0" step="1"/><D103/><REACH who="0" ten="255,250,250,235" step="2"/><U41/><E41/><V38/><F38/><W11/><G52/><T93/><D93/><U6/><E6/><V13/><F109/><W46/><G95/><T47/><D47/><U45/><E45/><V27/><F43/><W10/><G46/><T20/><D20/><U78/><E78/><V15/><F51/><W74/><G74/><T71/><D71/><U127/><E127/><V64/><F107/><W24/><G63/><T104/><D104/><U123/><E123/><V135/><F76/><W128/><G60/><T106/><D106/><U59/><E34/><V26/><F105/><W79/><REACH who="3" step="1"/><G128/><REACH who="3" ten="255,250,250,225" step="2"/><T80/><D80/><U81/><E61/><V100/><F135/><W7/><G7/><T44/><D44/><U35/><E81/><V9/><F4/><W67/><G67/><T21/><D21/><AGARI ba="1,2" hai="0,1,3,10,11,16,17,19,21,24,30,79,83,84" machi="21" ten="50,6400,0" yaku="1,1,52,1,54,1,53,0" doraHai="25" doraHaiUra="125" who="3" fromWho="0" sc="255,-67,250,0,250,0,225,87" /><INIT seed="1,0,0,3,2,43" ten="188,250,250,312" oya="1" hai0="118,16,19,3,102,13,117,38,87,42,9,60,78" hai1="123,68,95,75,82,55,62,86,24,130,10,83,108" hai2="33,100,14,15,41,132,90,119,61,52,11,98,127" hai3="48,91,135,39,34,79,49,85,6,44,109,54,112"/><U18/><E123/><V104/><F33/><W113/><G34/><T36/><D102/><U80/><E130/><V53/><F119/><W77/><G39/><T37/><D3/><U2/><E108/><V31/><F31/><W7/><G109/><T8/><D60/><U81/><E75/><V58/><F132/><W28/><G28/><T51/><D78/><U121/><E121/><V56/><F11/><W134/><G91/><T27/><D87/><U67/><E24/><V128/><F128/><W26/><G26/><T88/><D88/><U129/><E129/><V57/><F57/><W111/><G111/><T4/><D4/><N who="3" m="1577" /><G49/><T89/><D89/><U72/><E72/><V70/><F70/><W25/><G25/><T116/><D27/><U97/><E2/><V131/><F131/><W101/><G101/><T110/><D110/><U71/><E71/><V46/><F90/><W64/><G64/><T32/><D32/><U65/><E82/><V114/><F127/><W84/><G85/><T47/><REACH who="0" step="1"/><D19/><REACH who="0" ten="178,250,250,312" step="2"/><U74/><E86/><V5/><F5/><W17/><G17/><T99/><D99/><U20/><E74/><V66/><F114/><N who="3" m="44139" /><G84/><T22/><AGARI ba="0,1" hai="8,9,13,16,22,36,37,38,42,47,51,116,117,118" machi="22" ten="40,8000,1" yaku="1,1,0,1,52,1,54,1,53,1" doraHai="43" doraHaiUra="40" who="0" fromWho="0" sc="178,90,250,-40,250,-20,312,-20" /><INIT seed="2,0,0,5,2,57" ten="268,210,230,292" oya="2" hai0="73,44,52,38,113,5,119,55,79,11,93,89,9" hai1="77,109,59,98,53,10,3,61,91,122,17,23,92" hai2="133,36,31,108,70,118,43,124,60,49,94,26,8" hai3="111,110,86,131,0,104,115,15,13,47,72,123,100"/><V33/><F118/><W7/><G123/><T95/><D113/><U130/><E122/><V25/><F133/><W41/><G72/><T128/><D128/><U135/><E130/><V116/><F116/><W46/><G131/><T12/><D73/><U66/><E135/><V87/><F36/><W58/><G0/><T121/><D79/><U40/><E109/><N who="3" m="41482" /><G115/><T51/><D38/><U80/><E40/><V30/><F108/><W114/><G114/><T101/><D119/><U76/><E66/><V85/><F8/><W102/><G104/><T105/><D105/><U35/><E35/><V63/><F70/><W29/><G29/><T117/><D117/><U32/><E32/><V126/><F43/><W67/><G86/><T112/><D121/><U4/><REACH who="1" step="1"/><E80/><REACH who="1" ten="268,200,230,292" step="2"/><V18/><F33/><W20/><G67/><T74/><D112/><U132/><E132/><V6/><F6/><W120/><G7/><T83/><D83/><U129/><E129/><V19/><F94/><W2/><G41/><T90/><D95/><U14/><AGARI ba="0,1" hai="3,4,10,14,17,23,53,59,61,76,77,91,92,98" machi="14" ten="20,5200,0" yaku="1,1,0,1,7,1,52,1,53,0" doraHai="57" doraHaiUra="45" who="1" fromWho="1" sc="268,-13,200,62,230,-26,292,-13" /><INIT seed="3,0,0,2,1,83" ten="255,262,204,279" oya="3" hai0="118,78,105,65,42,12,121,40,106,91,119,81,28" hai1="107,92,47,117,34,97,125,13,9,48,18,79,95" hai2="73,15,135,50,93,11,61,46,56,41,0,126,19" hai3="84,36,52,104,75,120,26,49,89,108,51,99,10"/><W128/><G120/><T24/><D121/><U100/><E125/><V113/><F126/><W88/><G36/><T7/><D91/><U62/><E117/><V31/><F113/><W17/><G75/><T98/><D65/><U112/><E112/><V69/><F69/><W38/><G38/><T27/><D40/><U25/><E79/><V116/><F116/><W102/><G108/><T80/><D42/><U60/><E107/><V101/><F0/><W33/><G128/><T32/><D24/><U63/><E95/><V4/><F73/><W90/><G51/><T127/><D81/><U57/><E34/><V124/><F124/><W55/><G52/><T2/><D12/><U111/><E25/><V115/><F115/><W85/><G33/><T94/><D94/><U30/><E30/><V114/><F114/><W29/><G29/><T129/><D129/><U3/><E3/><V16/><F31/><W5/><G17/><T109/><D109/><U86/><E111/><V39/><F39/><W14/><REACH who="3" step="1"/><G26/><REACH who="3" ten="255,262,204,269" step="2"/><T123/><D27/><U35/><E35/><V87/><F135/><W58/><AGARI ba="0,1" hai="5,10,14,49,55,58,84,85,88,89,90,99,102,104" machi="58" ten="30,18000,2" yaku="1,1,2,1,0,1,52,2,54,1,53,1" doraHai="83" doraHaiUra="45" who="3" fromWho="3" sc="255,-60,262,-60,204,-60,269,190" owari="195,-20.5,202,0.2,144,-35.6,459,55.9" /></mjloggm>