<mjloggm ver="2.3"><GO type="225" lobby="0"/><UN n0="%45%6C%79%73%69%75%6D" n1="%6D%75%75%6D%75%72%61" n2="%E3%81%B8%E3%82%80%E3%81%B8%E3%82%80%EF%BC%92%E5%8F%B7" n3="%E6%97%A5%E6%9B%9C%E6%97%A5%E3%82%88%E3%82%8A%E3%81%AE%E4%BD%BF%E8%80%85" dan="17,16,17,17" rate="2136.03,2086.92,2157.30,2210.06" sx="F,F,M,M"/><TAIKYOKU oya="0"/><INIT seed="0,0,0,1,0,66" ten="250,250,250,250" oya="0" hai0="115,17,89,111,116,10,117,67,8,33,4,19,55" hai1="131,81,24,86,127,13,38,11,94,6,75,106,90" hai2="128,120,62,88,93,113,71,54,83,65,60,49,122" hai3="84,26,104,53,21,74,15,82,57,68,95,107,0"/><T96/><D55/><U56/><E131/><V5/><F113/><W121/><G0/><T98/><D67/><U27/><E127/><V79/><F60/><W114/><G114/><T7/><D115/><U50/><E38/><V1/><F128/><W125/><G74/><T64/><D64/><U61/><E106/><V110/><F110/><W63/><G125/><T91/><REACH who="0" step="1"/><D33/><REACH who="0" ten="240,250,250,250" step="2"/><U135/><E61/><V29/><F54/><W51/><G53/><T59/><D59/><U132/><E56/><V16/><F120/><W14/><G57/><T30/><D30/><U123/><E123/><V69/><F29/><W134/><G63/><T78/><D78/><N who="1" m="44255" /><E50/><V92/><F49/><W73/><G51/><T47/><D47/><U43/><E43/><V31/><F31/><W133/><G121/><T25/><D25/><U87/><E132/><V42/><F42/><W105/><G134/><T46/><D46/><U112/><E135/><V118/><F122/><W101/><G133/><T108/><AGARI ba="0,1" hai="4,7,8,10,17,19,89,91,96,98,108,111,116,117" machi="108" ten="25,9600,0" yaku="1,1,0,1,22,2,53,0" doraHai="66" doraHaiUra="39" who="0" fromWho="0" sc="240,106,250,-32,250,-32,250,-32" /><INIT seed="0,1,0,4,2,3" ten="346,218,218,218" oya="0" hai0="120,10,52,79,88,57,70,6,60,14,30,45,108" hai1="17,109,38,8,2,76,33,4,75,51,37,90,134" hai2="43,126,72,91,100,21,128,81,12,80,131,59,18" hai3="96,13,11,116,55,93,121,61,69,71,82,86,114"/><T49/><D120/><U20/><E109/><V95/><F126/><W56/><G114/><T25/><D70/><U23/><E134/><V97/><F43/><W68/><G116/><T125/><D125/><U41/><E33/><V99/><F59/><W130/><G130/><N who="2" m="49705" /><F72/><W85/><G121/><T24/><D108/><U34/><E34/><V104/><AGARI ba="1,0" hai="12,18,21,80,81,91,95,97,99,100,104" m="49705" machi="104" ten="30,1100,0" yaku="19,1" doraHai="3" who="2" fromWho="2" sc="346,-6,218,-4,218,14,218,-4" /><INIT seed="1,0,0,0,4,34" ten="340,214,232,214" oya="1" hai0="8,63,112,1,5,31,50,68,62,81,72,67,69" hai1="100,102,85,134,79,111,23,0,103,98,18,95,120" hai2="88,27,99,53,35,7,123,116,19,3,30,87,28" hai3="51,115,84,106,83,108,56,89,52,61,38,41,117"/><U42/><E120/><V54/><F116/><W26/><G115/><T71/><D112/><U90/><E134/><V129/><F123/><W109/><G106/><T6/><D6/><U15/><E0/><V17/><F129/><W132/><G132/><T76/><D63/><U33/><E33/><V107/><F28/><W97/><G117/><T24/><REACH who="0" step="1"/><D50/><REACH who="0" ten="330,214,232,214" step="2"/><U86/><E111/><V133/><F7/><W40/><G109/><T113/><D113/><U126/><E126/><V125/><F125/><W66/><G108/><T74/><D74/><U121/><E121/><V128/><F133/><W12/><G38/><T91/><D91/><U65/><E65/><V80/><F3/><W135/><G135/><T127/><D127/><U14/><E42/><V77/><F128/><W92/><G12/><N who="1" m="4650" /><E79/><V122/><F122/><W11/><G26/><AGARI ba="0,1" hai="18,23,26,85,86,90,95,98,100,102,103" m="4650" machi="26" ten="30,1500,0" yaku="8,1" doraHai="34" who="1" fromWho="3" sc="330,0,214,25,232,0,214,-15" /><INIT seed="1,1,0,1,5,84" ten="330,239,232,199" oya="1" hai0="126,37,46,50,4,36,132,130,62,38,16,68,118" hai1="100,123,34,90,127,15,42,23,106,41,70,122,125" hai2="94,10,9,96,17,13,71,88,134,87,64,35,47" hai3="30,61,72,25,55,39,116,129,76,92,44,120,112"/><U12/><E34/><V101/><F134/><W113/><G120/><T49/><D4/><U14/><E70/><V110/><F110/><W60/><G76/><T29/><D29/><U111/><E111/><V83/><F35/><W135/><G72/><T33/><D33/><U93/><E106/><V66/><F71/><W57/><G135/><T52/><D16/><N who="1" m="10631" /><E100/><V53/><F9/><W56/><G129/><T80/><D80/><U103/><E103/><V22/><F22/><W82/><G112/><T59/><D132/><U19/><E123/><V45/><F45/><W58/><G82/><T77/><D77/><U121/><E122/><V1/><F1/><W18/><G113/><T86/><D86/><N who="1" m="52439" /><E121/><V133/><F133/><W28/><G116/><T107/><D107/><U63/><E63/><V89/><F101/><W104/><G104/><T43/><D130/><U21/><E15/><V32/><F32/><W85/><G39/><N who="0" m="21887" /><D126/><AGARI ba="1,0" hai="14,19,21,41,42,125,126,127" m="52439,10631" machi="126" ten="30,5800,0" yaku="18,1,52,1,54,1" doraHai="84" who="1" fromWho="0" sc="330,-61,239,61,232,0,199,0" /><INIT seed="1,2,0,0,2,1" ten="269,300,232,199" oya="1" hai0="9,55,104,12,60,24,63,37,116,86,67,65,80" hai1="33,73,46,7,71,76,135,3,134,59,79,85,130" hai2="53,32,56,13,110,91,21,48,64,113,124,128,4" hai3="58,121,30,68,34,61,41,17,77,11,43,27,70"/><U107/><E71/><V10/><F110/><W47/><G121/><T26/><D37/><U83/><E107/><V15/><F124/><W108/><G108/><T57/><D104/><U50/><E33/><V97/><F128/><W22/><G77/><N who="0" m="46351" /><D116/><U42/><E130/><V123/><F32/><W40/><G47/><T69/><D69/><U127/><E127/><V120/><F113/><W62/><G11/><T45/><D63/><U102/><E102/><V14/><F64/><N who="0" m="24650" /><D45/><U119/><E119/><V19/><REACH who="2" step="1"/><F14/><REACH who="2" ten="269,300,222,199" step="2"/><W6/><G34/><T105/><D105/><U81/><E3/><V117/><F117/><W132/><G70/><T112/><D112/><U8/><E134/><V84/><F84/><W101/><G68/><T118/><D118/><U115/><E135/><V31/><F31/><W125/><G132/><T87/><D87/><U78/><E115/><V94/><AGARI ba="2,1" hai="4,10,13,15,19,21,48,53,56,91,94,97,120,123" machi="94" ten="30,4000,0" yaku="1,1,0,1,52,1,53,0" doraHai="1" doraHaiUra="109" who="2" fromWho="2" sc="269,-12,300,-22,222,56,199,-12" /><INIT seed="2,0,0,1,0,41" ten="257,278,278,187" oya="2" hai0="53,49,37,35,51,83,17,92,115,50,121,97,123" hai1="61,48,80,63,71,23,69,91,126,42,43,133,33" hai2="117,14,57,52,64,54,3,74,114,0,19,12,86" hai3="88,122,112,95,96,125,38,105,124,72,45,5,27"/><V40/><F114/><W44/><G122/><T98/><D115/><U22/><E33/><V103/><F74/><W55/><G112/><T106/><D37/><U131/><E131/><V6/><F117/><W78/><G5/><T130/><D35/><U32/><E32/><V87/><F103/><N who="3" m="62695" /><G55/><T4/><D4/><U120/><E126/><N who="3" m="48746" /><G38/><T62/><D130/><U135/><E91/><V127/><F127/><W36/><G36/><T118/><D53/><N who="2" m="20586" /><F0/><W29/><G78/><T11/><D62/><U34/><E34/><V65/><F3/><W109/><G72/><T129/><D129/><U18/><E63/><N who="2" m="37999" /><F65/><W7/><G7/><T56/><D56/><U99/><E61/><V73/><F73/><W82/><G82/><T20/><D83/><U10/><E80/><V104/><F104/><W47/><G109/><T119/><D121/><U107/><E120/><V93/><F93/><W94/><G88/><T81/><D81/><U58/><E107/><V76/><F76/><W85/><G85/><T132/><D106/><U15/><E71/><V2/><F2/><W8/><G8/><T1/><D123/><U39/><E69/><V66/><F66/><W108/><G108/><T28/><D92/><U30/><E39/><V46/><F6/><W75/><G75/><T111/><D111/><U13/><E99/><N who="0" m="37897" /><D1/><U89/><E89/><V9/><F87/><W102/><G102/><T101/><D101/><U110/><E110/><V79/><F86/><W26/><G29/><T16/><D28/><U21/><E30/><V100/><F100/><W25/><AGARI ba="0,0" hai="25,26,27,44,45,47,94,95" m="48746,62695" machi="25" ten="40,8000,1" yaku="18,1,52,3" doraHai="41" who="3" fromWho="3" sc="257,-20,278,-20,278,-40,187,80" /><INIT seed="3,0,0,5,3,77" ten="237,258,238,267" oya="3" hai0="95,46,52,60,3,32,59,96,105,125,76,75,28" hai1="66,44,123,6,34,108,110,55,29,47,90,43,22" hai2="87,121,24,49,9,89,113,72,68,19,35,1,26" hai3="71,111,82,93,57,78,114,131,16,129,112,106,102"/><W79/><G71/><T17/><D3/><U45/><E123/><V10/><F72/><N who="3" m="43335" /><G57/><T85/><D105/><U58/><E34/><V65/><F113/><W103/><G111/><N who="1" m="42538" /><E6/><V20/><F121/><W92/><G79/><T0/><D0/><U81/><E66/><V7/><F10/><W99/><G16/><T94/><D75/><U101/><E101/><V13/><F49/><W126/><G126/><T104/><D125/><U31/><E22/><V70/><F65/><W83/><G83/><N who="0" m="47335" /><D104/><U63/><E43/><V36/><F36/><W84/><G106/><T62/><D32/><U135/><E135/><V41/><F41/><W48/><G48/><N who="0" m="28695" /><D28/><U67/><E67/><V97/><F97/><N who="3" m="59687" /><G84/><AGARI ba="0,0" hai="29,31,44,45,47,55,58,63,81,84,90" m="42538" machi="84" ten="30,2000,0" yaku="14,1,52,1" doraHai="77" who="1" fromWho="3" sc="237,0,258,20,238,0,267,-20" /><INIT seed="4,0,0,4,3,103" ten="237,278,238,247" oya="0" hai0="22,59,76,55,90,129,36,70,20,81,34,45,26" hai1="11,100,21,132,0,43,4,8,13,39,134,54,23" hai2="94,113,78,37,48,28,38,109,15,60,29,128,3" hai3="111,130,58,7,69,71,84,50,72,80,101,65,75"/><T33/><D70/><U82/><E54/><V53/><F3/><W74/><G111/><T127/><D129/><U9/><E43/><V73/><F109/><W121/><G7/><T99/><D127/><U110/><E39/><V32/><F128/><W112/><G112/><T64/><D36/><U24/><E82/><V18/><F94/><W126/><G101/><T133/><D133/><N who="1" m="51307" /><E100/><V63/><F32/><W41/><G41/><T118/><D118/><U93/><E93/><V89/><F89/><W83/><G80/><T85/><D45/><U2/><E110/><V1/><F63/><W97/><G83/><T117/><D64/><U44/><E44/><V108/><F60/><W25/><G65/><T124/><D124/><U77/><E77/><V92/><F92/><W46/><G46/><T40/><D40/><U51/><E51/><V119/><F108/><W62/><G50/><T61/><D117/><U135/><E135/><V114/><F119/><W14/><G75/><T116/><D116/><U98/><E98/><V30/><F73/><W47/><G97/><T104/><D76/><U49/><E49/><V52/><F78/><W122/><G74/><T96/><D96/><U79/><E79/><V12/><F1/><N who="1" m="617" /><E23/><V106/><F113/><W91/><G72/><T102/><REACH who="0" step="1"/><D20/><REACH who="0" ten="227,278,238,247" step="2"/><U123/><E123/><V68/><F114/><W131/><G131/><T88/><D88/><U56/><E56/><V105/><F68/><N who="3" m="26187" /><G130/><T27/><D27/><U86/><E86/><V95/><F38/><W19/><G25/><T107/><D107/><U57/><E57/><V125/><F37/><RYUUKYOKU ba="0,1" sc="227,15,278,15,238,-15,247,-15" hai0="22,26,33,34,55,59,61,81,85,90,99,102,104" hai1="4,8,9,11,13,21,24" /><INIT seed="4,1,1,0,5,71" ten="242,293,223,232" oya="0" hai0="133,113,46,40,53,60,124,90,16,109,105,22,20" hai1="82,104,12,89,78,41,49,107,18,23,52,13,26" hai2="57,98,29,25,125,86,44,76,59,64,112,102,123" hai3="19,68,83,126,116,129,114,115,24,120,0,62,132"/><T3/><D3/><U70/><E70/><V121/><F125/><W106/><RYUUKYOKU type="yao9" ba="1,1" sc="242,0,293,0,223,0,232,0" hai3="0,19,24,62,68,83,106,114,115,116,120,126,129,132" /><INIT seed="4,2,1,4,4,67" ten="242,293,223,232" oya="0" hai0="80,20,75,133,59,14,38,106,56,6,105,90,102" hai1="134,95,96,30,117,87,25,60,126,112,76,89,73" hai2="130,121,81,98,82,104,125,47,83,103,97,131,72" hai3="135,115,122,21,110,61,51,69,18,0,74,32,123"/><T100/><D38/><U9/><E117/><V48/><F121/><N who="3" m="46091" /><G110/><T127/><D133/><U43/><E134/><V12/><F12/><N who="3" m="9415" /><G135/><T111/><D111/><U4/><E126/><V109/><F109/><W84/><G74/><T23/><D127/><U50/><E112/><V7/><F7/><W128/><G32/><T118/><D118/><U58/><E73/><V28/><F28/><W119/><G119/><T17/><D6/><U92/><E43/><N who="2" m="24703" /><F125/><W70/><G115/><T11/><D75/><U107/><E50/><V79/><F98/><W19/><G0/><T49/><D106/><U42/><E107/><V68/><F68/><N who="3" m="26219" /><G128/><AGARI ba="2,1" hai="72,79,81,82,83,97,103,104,128,130,131" m="24703" machi="128" ten="30,1000,0" yaku="19,1" doraHai="67" who="2" fromWho="3" sc="242,0,293,0,223,26,232,-16" /><INIT seed="5,0,0,1,5,105" ten="242,293,249,216" oya="1" hai0="1,129,0,15,103,19,43,46,59,79,58,51,82" hai1="4,47,66,10,109,45,35,3,54,2,20,123,95" hai2="134,55,48,84,42,64,56,49,34,31,92,40,53" hai3="41,38,67,25,60,112,94,21,5,124,14,132,114"/><U78/><E123/><V135/><F34/><W69/><G124/><T33/><D33/><U88/><E35/><V87/><F31/><W26/><G132/><T99/><D129/><U30/><E2/><V6/><F6/><W115/><G94/><T24/><D24/><U70/><E78/><V125/><F64/><W77/><G77/><T62/><D58/><U86/><E109/><V126/><F56/><W113/><N who="3" m="28672" /><DORA hai="7" /><W116/><G116/><T75/><D99/><U127/><E127/><V118/><REACH who="2" step="1"/><F92/><REACH who="2" ten="242,293,239,216" step="2"/><W8/><REACH who="3" step="1"/><G21/><REACH who="3" ten="242,293,239,206" step="2"/><T73/><D73/><U12/><E95/><V57/><F57/><W122/><G122/><T29/><D75/><U28/><E20/><V85/><F85/><W108/><G108/><T22/><D22/><U44/><E86/><V52/><F52/><W63/><G63/><T91/><D59/><U133/><E54/><V96/><F96/><W76/><G76/><T80/><D79/><U120/><E120/><V11/><F11/><W18/><G18/><T50/><D62/><U74/><E10/><V121/><F121/><W98/><G98/><T111/><D19/><U72/><E72/><V89/><F89/><W107/><G107/><T68/><D91/><U97/><E74/><V17/><F17/><W9/><G9/><T100/><D111/><U71/><E88/><V90/><F90/><W119/><G119/><AGARI ba="0,2" hai="40,42,48,49,53,55,84,87,118,119,125,126,134,135" machi="119" ten="25,3200,0" yaku="1,1,22,2,53,0" doraHai="105,7" doraHaiUra="65,13" who="2" fromWho="3" sc="242,0,293,0,239,52,206,-32" /><INIT seed="6,0,0,2,2,44" ten="242,293,291,174" oya="2" hai0="70,92,89,43,129,26,21,47,67,64,80,66,103" hai1="62,109,94,113,82,134,102,91,107,23,53,101,22" hai2="24,56,123,0,132,78,48,25,16,49,50,90,110" hai3="18,135,75,2,54,8,77,27,57,51,12,76,120"/><V81/><F123/><W71/><G120/><T96/><D129/><U73/><E109/><V30/><F0/><W58/><G71/><T36/><D80/><U119/><E119/><V104/><F104/><W45/><G135/><T121/><D121/><U111/><E111/><V133/><F110/><W125/><G125/><T99/><D70/><U11/><E134/><N who="2" m="51819" /><F90/><W3/><G3/><T112/><D112/><U46/><E113/><V122/><F122/><W85/><G2/><T60/><D60/><U84/><E11/><V1/><F1/><W35/><G75/><T105/><REACH who="0" step="1"/><D66/><REACH who="0" ten="232,293,291,174" step="2"/><U72/><E62/><V106/><F106/><W131/><G131/><T93/><D93/><U33/><E107/><V127/><F127/><W108/><G108/><T38/><D38/><U10/><E94/><V34/><F81/><W116/><G116/><T88/><D88/><U97/><E91/><V130/><F78/><W37/><G37/><T15/><D15/><U118/><E82/><V19/><F130/><W55/><G77/><T4/><D4/><U13/><E13/><V52/><F25/><W83/><REACH who="3" step="1"/><G55/><REACH who="3" ten="232,293,291,164" step="2"/><T128/><D128/><U61/><E53/><V9/><F9/><W68/><G68/><T115/><D115/><U98/><E10/><V65/><F65/><W86/><G86/><T114/><D114/><U126/><E126/><V63/><AGARI ba="0,2" hai="16,19,24,30,34,48,49,50,52,56,63" m="51819" machi="63" ten="30,18000,2" yaku="20,1,52,3,54,2" doraHai="44" who="2" fromWho="2" sc="232,-60,293,-60,291,200,164,-60" owari="172,-22.8,233,3.3,491,59.1,104,-39.6" /></mjloggm>