<mjloggm ver="2.3"><GO type="225" lobby="0"/><UN n0="%E3%81%95%E3%81%8D%E3%81%9F%E3%81%BE%E6%9E%97%E6%AA%8E" n1="%E3%81%99%E3%81%84%E3%81%BE%E3%81%9B%E3%83%BC%E3%82%93" n2="%E3%81%9F%E3%81%93%E2%98%86%E7%84%BC%E3%81%8D" n3="%E3%83%B4%E3%83%A0%EF%BC%99%E3%81%A6" dan="16,16,16,16" rate="2100.15,2103.39,2079.67,2184.49" sx="M,M,M,M"/><TAIKYOKU oya="0"/><INIT seed="0,0,0,3,1,26" ten="250,250,250,250" oya="0" hai0="107,0,49,59,66,24,15,57,108,85,43,73,65" hai1="94,7,129,16,62,45,81,48,19,101,76,74,18" hai2="23,27,116,72,3,97,128,83,67,28,78,118,69" hai3="103,29,131,55,122,54,89,84,38,117,1,9,106"/><T20/><D73/><U92/><E129/><V53/><F3/><W99/><G117/><N who="2" m="45161" /><F128/><W25/><G131/><T79/><D0/><U82/><E7/><V104/><F53/><W52/><G38/><T127/><D107/><U5/><E5/><V36/><F36/><W10/><G1/><T17/><D127/><U32/><E32/><V95/><F104/><W71/><G71/><T35/><D108/><U121/><E121/><V133/><F133/><W91/><G122/><T110/><D110/><U68/><E101/><N who="2" m="60607" /><F67/><N who="0" m="25610" /><D35/><U22/><E22/><V41/><F41/><W126/><G126/><T6/><D6/><U125/><E125/><V42/><F42/><W14/><G14/><T4/><D4/><U61/><E68/><AGARI ba="0,0" hai="23,27,28,68,69,72,78,83" m="60607,45161" machi="68" ten="30,2000,0" yaku="12,1,52,1" doraHai="26" who="2" fromWho="1" sc="250,0,250,-20,250,20,250,0" /><INIT seed="1,0,0,3,2,107" ten="250,230,270,250" oya="1" hai0="133,104,44,9,114,135,92,16,30,91,66,37,26" hai1="73,82,45,29,100,122,123,86,13,129,77,17,117" hai2="72,121,0,97,130,54,8,59,90,62,87,94,32" hai3="61,67,47,38,43,109,101,50,34,111,98,120,22"/><U76/><E117/><V42/><F32/><W27/><G120/><T10/><D114/><U15/><E129/><V132/><F121/><W80/><G80/><T112/><D112/><U127/><E127/><V31/><F31/><W103/><G50/><T65/><D104/><U39/><E29/><V24/><F24/><W85/><G85/><T3/><D37/><U134/><E134/><N who="0" m="51209" /><D44/><U99/><E13/><V46/><F130/><W108/><G34/><N who="0" m="20823" /><D3/><U95/><E77/><V105/><F105/><W11/><G11/><N who="0" m="4107" /><D16/><U69/><E69/><V79/><F87/><AGARI ba="0,0" hai="65,66,87,91,92" m="4107,20823,51209" machi="87" ten="30,1000,0" yaku="20,1" doraHai="107" who="0" fromWho="2" sc="250,10,230,0,270,-10,250,0" /><INIT seed="2,0,0,0,0,64" ten="260,230,260,250" oya="2" hai0="30,114,25,17,67,107,129,7,70,41,71,53,49" hai1="97,23,120,128,54,29,94,43,26,69,126,84,5" hai2="46,79,65,10,66,50,88,134,105,11,60,96,91" hai3="20,36,19,22,48,102,39,89,125,115,99,27,109"/><V83/><F66/><W44/><G109/><T100/><D114/><U57/><E126/><V77/><F134/><W73/><G125/><T3/><D41/><U28/><E128/><V86/><F79/><W116/><G116/><T82/><D82/><U127/><E127/><V74/><F91/><W130/><G130/><T47/><D17/><U37/><E120/><V85/><F74/><W93/><G73/><T118/><D129/><U123/><E123/><V8/><F105/><W103/><G115/><T111/><D111/><U95/><E69/><V45/><F96/><W58/><G58/><T87/><D87/><U98/><E5/><V121/><F121/><W4/><G4/><T133/><D133/><U12/><E12/><V16/><F46/><W108/><G108/><T135/><D135/><U76/><E29/><V81/><F45/><W55/><G36/><T24/><D24/><U52/><E37/><V51/><REACH who="2" step="1"/><F16/><REACH who="2" ten="260,230,250,250" step="2"/><N who="3" m="12679" /><G39/><T75/><D75/><U117/><E117/><V18/><F18/><W21/><G19/><T2/><D118/><U6/><E6/><V68/><AGARI ba="0,1" hai="8,10,11,50,51,60,65,68,77,81,83,85,86,88" machi="68" ten="30,11700,0" yaku="1,1,0,1,52,1,54,1,53,0" doraHai="64" doraHaiUra="9" who="2" fromWho="2" sc="260,-39,230,-39,250,127,250,-39" /><INIT seed="2,1,0,5,1,133" ten="221,191,377,211" oya="2" hai0="131,96,42,37,83,74,67,100,98,119,2,34,125" hai1="31,8,32,47,88,22,124,128,28,49,103,126,66" hai2="127,14,33,53,75,69,30,94,132,121,120,9,72" hai3="41,62,44,19,50,130,15,1,38,12,78,97,6"/><V55/><F69/><W79/><G130/><T43/><D131/><U104/><E128/><V80/><F132/><W73/><G1/><T51/><D37/><U29/><E32/><V90/><F127/><N who="1" m="48681" /><E66/><V123/><F30/><W117/><G117/><T95/><D34/><U20/><E88/><V18/><F33/><W61/><G38/><T99/><D2/><U113/><E113/><V52/><REACH who="2" step="1"/><F80/><REACH who="2" ten="221,191,367,211" step="2"/><W92/><G73/><T76/><D83/><U21/><E28/><V70/><F70/><W58/><G61/><T59/><D74/><U93/><E104/><V16/><F16/><W116/><G19/><T81/><D81/><U85/><E8/><V45/><F45/><W65/><G44/><T56/><D125/><U84/><E31/><V23/><F23/><W122/><G62/><T135/><D119/><U110/><E29/><V71/><F71/><W17/><G116/><T26/><D59/><U63/><E63/><V4/><F4/><W7/><G7/><T109/><D56/><U105/><E105/><V39/><F39/><W13/><G6/><T89/><D51/><U129/><E129/><V112/><F112/><W11/><G11/><T46/><D46/><U87/><E20/><V60/><F60/><N who="3" m="38039" /><G17/><T134/><D134/><U86/><N who="1" m="21504" /><DORA hai="54" /><U82/><E82/><V0/><F0/><W91/><G122/><T68/><D68/><U3/><E3/><V111/><F111/><W102/><G50/><T35/><D109/><U77/><E110/><V25/><F25/><W115/><G115/><T10/><D135/><U36/><E36/><V118/><F118/><RYUUKYOKU ba="1,1" sc="221,-10,191,-10,367,30,211,-10" hai2="9,14,18,52,53,55,72,75,90,94,120,121,123" /><INIT seed="2,2,1,0,0,95" ten="211,181,397,201" oya="2" hai0="98,11,74,24,111,27,59,61,62,4,108,126,7" hai1="14,43,133,15,67,116,5,100,56,77,131,68,1" hai2="71,112,89,33,122,42,65,50,52,63,83,76,51" hai3="117,93,106,19,120,103,64,99,75,25,115,17,0"/><V66/><F33/><W70/><G117/><T38/><D126/><U29/><E116/><V10/><F112/><W130/><G120/><T73/><D38/><U90/><E68/><V97/><F122/><W31/><G115/><T41/><D41/><U91/><E43/><V48/><F42/><W109/><G75/><T34/><D34/><U3/><E29/><V46/><F66/><W119/><G119/><T114/><D114/><U121/><E121/><V39/><F39/><W18/><G0/><T30/><D30/><U87/><E100/><V58/><F10/><W86/><G109/><N who="0" m="42059" /><D98/><U6/><E133/><V69/><F69/><W85/><G130/><T36/><D36/><U134/><E134/><V101/><F89/><N who="1" m="33801" /><E131/><V88/><F88/><W104/><G104/><T47/><D47/><U105/><E105/><V44/><F44/><W20/><REACH who="3" step="1"/><G106/><REACH who="3" ten="211,181,397,191" step="2"/><T118/><D118/><U16/><BYE who="0" /><E1/><V84/><F46/><W94/><G94/><AGARI ba="2,2" hai="48,50,51,52,58,63,65,71,76,83,84,94,97,101" machi="94" ten="30,5800,0" yaku="7,1,52,1,54,1" doraHai="95" who="2" fromWho="3" sc="211,0,181,0,397,84,191,-64" /><UN n0="%E3%81%95%E3%81%8D%E3%81%9F%E3%81%BE%E6%9E%97%E6%AA%8E" /><INIT seed="2,3,0,1,0,91" ten="211,181,481,127" oya="2" hai0="84,129,97,26,59,111,9,92,127,85,13,25,124" hai1="68,56,43,46,22,104,19,40,107,17,5,67,32" hai2="3,63,70,83,86,44,53,66,72,7,57,39,87" hai3="14,73,112,20,131,132,116,37,61,126,15,100,48"/><V102/><F102/><W121/><G37/><T135/><D111/><U10/><E32/><V130/><F130/><W96/><G116/><T45/><D135/><U55/><E68/><V0/><F72/><W34/><G131/><T99/><D129/><U117/><E117/><V12/><F86/><N who="0" m="33386" /><D45/><U1/><E67/><V50/><F12/><W41/><G34/><T80/><D80/><U49/><E43/><N who="2" m="22655" /><F7/><W125/><G73/><T93/><D59/><U101/><E101/><V89/><AGARI ba="3,0" hai="0,3,50,53,57,63,66,70,83,87,89" m="22655" machi="89" ten="30,1500,0" yaku="24,1" doraHai="91" who="2" fromWho="2" sc="211,-8,181,-8,481,24,127,-8" /><INIT seed="2,4,0,0,3,37" ten="203,173,505,119" oya="2" hai0="60,68,58,128,115,1,97,108,78,50,57,80,85" hai1="20,95,52,44,98,11,51,113,36,43,100,4,120" hai2="5,106,25,28,99,19,131,103,6,101,39,23,84" hai3="81,134,109,47,90,117,121,89,34,0,129,107,122"/><V10/><F39/><W15/><G0/><T79/><D108/><U112/><E120/><V62/><F131/><W124/><G34/><T88/><D115/><U54/><E20/><V65/><F103/><W31/><G117/><T45/><D128/><U22/><E22/><V93/><F19/><W16/><G129/><T32/><D32/><U48/><E48/><V110/><F110/><W40/><G107/><T132/><D132/><U3/><REACH who="1" step="1"/><E54/><REACH who="1" ten="203,163,505,119" step="2"/><V74/><F10/><W59/><G109/><T8/><D8/><U102/><E102/><V53/><F53/><W91/><G134/><T29/><D50/><U127/><E127/><V92/><F74/><W125/><G31/><T77/><D68/><U55/><E55/><V94/><REACH who="2" step="1"/><F84/><REACH who="2" ten="203,163,495,119" step="2"/><W118/><G121/><T27/><D85/><U123/><E123/><V2/><F2/><W30/><G122/><T104/><D1/><U26/><E26/><V67/><F67/><W111/><G111/><T13/><D27/><U21/><E21/><V17/><F17/><W71/><G16/><T119/><D29/><U87/><E87/><V116/><F116/><W24/><G118/><T114/><D119/><U69/><E69/><AGARI ba="4,2" hai="5,6,23,25,28,62,65,69,92,93,94,99,101,106" machi="69" ten="40,2000,0" yaku="1,1,53,0" doraHai="37" doraHaiUra="41" who="2" fromWho="1" sc="203,0,163,-32,495,52,119,0" /><INIT seed="2,5,0,1,2,112" ten="203,131,547,119" oya="2" hai0="88,29,12,119,27,52,6,7,8,49,131,66,57" hai1="22,126,95,46,1,93,96,121,25,110,130,120,63" hai2="106,94,21,44,31,59,77,54,13,53,83,123,33" hai3="107,109,61,24,87,64,30,15,45,132,70,14,101"/><V5/><F106/><W129/><G109/><T4/><D131/><U125/><E110/><V71/><F71/><W48/><G129/><T60/><D119/><U43/><E1/><V19/><F123/><N who="1" m="47177" /><E63/><V16/><F94/><N who="1" m="35849" /><E96/><V38/><F19/><W102/><G87/><T56/><D88/><U75/><E75/><V89/><F89/><W80/><G80/><T134/><D134/><U65/><E65/><V23/><F33/><AGARI ba="5,0" hai="4,6,7,8,12,27,29,33,49,52,56,57,60,66" machi="33" ten="30,2000,0" yaku="7,1,54,1" doraHai="112" who="0" fromWho="2" sc="203,35,131,0,547,-35,119,0" /><INIT seed="3,0,0,4,2,18" ten="238,131,512,119" oya="3" hai0="113,115,68,13,123,58,65,125,91,52,30,70,128" hai1="98,10,112,103,37,51,76,50,89,119,9,21,38" hai2="66,74,14,71,40,36,94,27,132,110,67,122,7" hai3="100,48,61,93,2,126,43,69,111,86,129,28,59"/><W54/><G2/><T31/><D123/><U56/><E112/><V104/><F94/><W49/><G126/><T5/><D128/><U63/><E76/><V135/><F40/><W81/><G129/><T29/><D125/><U90/><E119/><V80/><F14/><W0/><G0/><T73/><D73/><U120/><E120/><V78/><F80/><W41/><G111/><T19/><D5/><U11/><E21/><V106/><F78/><W133/><G133/><T1/><D1/><U20/><E20/><V72/><F27/><W134/><G134/><T47/><D47/><U6/><E6/><V4/><F71/><W60/><G28/><T25/><D25/><U82/><E38/><V35/><F122/><W97/><G69/><T105/><D105/><U88/><E37/><V118/><F36/><W57/><G41/><T16/><D65/><N who="1" m="39143" /><E82/><V121/><F121/><W24/><G24/><T15/><D91/><U131/><E131/><V107/><F107/><W101/><G101/><T33/><D33/><U75/><E75/><V79/><F79/><N who="3" m="46399" /><G43/><T114/><D19/><U22/><E22/><V108/><F35/><W3/><G3/><T64/><D64/><AGARI ba="0,0" hai="48,49,54,57,59,60,61,64,93,97,100" m="46399" machi="64" ten="30,1500,0" yaku="8,1" doraHai="18" who="3" fromWho="0" sc="238,-15,131,0,512,0,119,15" /><INIT seed="3,1,0,1,2,126" ten="223,131,512,134" oya="3" hai0="98,62,57,113,23,85,119,92,80,13,75,19,11" hai1="48,0,36,84,37,39,58,12,91,7,33,118,38" hai2="79,6,87,63,34,20,124,59,21,42,70,86,88" hai3="132,102,68,122,134,97,30,47,125,120,40,46,81"/><W106/><G68/><T101/><D119/><U66/><E33/><V94/><F34/><W104/><G125/><T64/><D113/><U8/><E118/><V24/><F6/><W131/><G30/><T130/><D130/><U103/><E103/><V51/><F21/><W17/><G106/><T93/><D75/><U44/><N who="1" m="9216" /><DORA hai="31" /><U61/><E0/><V10/><F10/><W128/><G81/><T25/><D98/><U96/><E96/><V78/><F87/><W100/><G100/><T2/><D2/><U16/><E7/><V55/><F124/><W5/><G5/><N who="0" m="3311" /><D101/><U111/><E111/><V76/><F42/><W135/><G17/><T32/><D32/><U27/><E27/><V77/><F79/><AGARI ba="1,0" hai="19,23,25,57,62,64,79,80,85,92,93" m="3311" machi="79" ten="30,1000,0" yaku="8,1" doraHai="126,31" who="0" fromWho="2" sc="223,13,131,0,512,-13,134,0" owari="236,3.6,131,-36.9,499,59.9,134,-26.6" /></mjloggm>