<mjloggm ver="2.3"><GO type="225" lobby="0"/><UN n0="%E4%B8%89%E5%88%86%E5%B0%8F%E5%83%A7" n1="%E5%BA%97%E9%95%B7%4D" n2="%E7%9A%AE%E3%80%85" n3="%E8%A8%88%E7%AE%97%E6%A9%9F%E8%87%AA%E7%84%B6" dan="16,16,16,17" rate="2096.77,2077.26,2078.64,2182.27" sx="M,M,M,M"/><TAIKYOKU oya="0"/><INIT seed="0,0,0,0,4,60" ten="250,250,250,250" oya="0" hai0="135,14,17,127,128,55,120,2,13,94,70,129,84" hai1="48,44,46,82,104,106,77,134,16,18,9,68,122" hai2="89,114,43,74,110,107,118,75,125,99,20,30,102" hai3="33,10,83,66,8,92,72,52,126,41,51,15,115"/><T131/><D120/><U49/><E68/><V101/><F114/><W81/><G115/><T91/><D2/><U21/><E122/><V29/><F110/><W80/><G33/><T103/><D127/><U62/><E134/><V56/><F125/><W97/><G126/><T90/><D135/><U31/><E31/><V112/><F112/><W93/><G72/><T6/><D70/><U39/><E39/><V47/><F102/><W100/><G41/><T123/><D123/><U73/><E62/><V108/><F108/><W113/><G113/><T65/><D65/><U111/><E111/><V25/><F30/><W7/><G8/><N who="0" m="4247" /><D55/><U19/><E21/><V12/><F118/><W130/><G130/><T105/><D105/><U64/><E64/><V40/><F40/><W32/><G32/><T109/><D109/><U133/><E133/><V71/><F71/><W78/><G66/><T98/><D84/><U1/><E46/><V67/><F12/><W42/><G42/><T26/><D26/><U61/><E61/><V124/><F124/><W37/><G37/><T69/><D69/><U63/><E63/><V79/><F67/><W38/><G38/><T87/><D87/><U50/><REACH who="1" step="1"/><E44/><REACH who="1" ten="250,240,250,250" step="2"/><V76/><F47/><N who="3" m="27775" /><G78/><T95/><D95/><AGARI ba="0,1" hai="7,10,15,80,81,83,92,93,95,97,100" m="27775" machi="95" ten="30,2000,0" yaku="8,1,54,1" doraHai="60" who="3" fromWho="0" sc="250,-20,240,0,250,0,250,30" /><INIT seed="1,0,0,5,0,40" ten="230,240,250,280" oya="1" hai0="133,69,22,6,30,110,83,38,86,29,17,54,53" hai1="9,80,50,49,127,64,106,118,108,16,103,114,63" hai2="79,129,84,102,135,46,104,60,48,47,70,67,0" hai3="128,18,73,26,71,81,132,31,117,89,2,113,68"/><U24/><E114/><V28/><F0/><W130/><G113/><T74/><D110/><U12/><E118/><V96/><F135/><W100/><G2/><T101/><D133/><U78/><E108/><V105/><F105/><W124/><G132/><T56/><D69/><U13/><E127/><V121/><F121/><W32/><G124/><T33/><D74/><U115/><E115/><V19/><F19/><W99/><G18/><T36/><D101/><U3/><E3/><V55/><F129/><N who="3" m="49771" /><G117/><T21/><D33/><U122/><E122/><V131/><F131/><W44/><G44/><T77/><D6/><U7/><E24/><V51/><F28/><N who="0" m="10858" /><D36/><U98/><E13/><V116/><F116/><W4/><G4/><T25/><D38/><U10/><E10/><V85/><REACH who="2" step="1"/><F79/><REACH who="2" ten="230,240,240,280" step="2"/><N who="3" m="44271" /><G89/><T66/><D22/><U62/><E7/><V41/><AGARI ba="0,1" hai="41,46,47,48,51,55,60,67,70,84,85,96,102,104" machi="41" ten="20,8000,1" yaku="1,1,0,1,7,1,52,2,53,0" doraHai="40" doraHaiUra="91" who="2" fromWho="2" sc="230,-20,240,-40,240,90,280,-20" /><INIT seed="2,0,0,5,5,88" ten="210,200,330,260" oya="2" hai0="18,102,107,23,0,59,85,22,39,55,132,53,76" hai1="126,80,36,14,34,66,103,56,122,99,2,57,58" hai2="69,54,94,81,21,115,35,92,65,5,28,45,46" hai3="77,61,43,19,71,51,90,29,62,32,75,96,24"/><V134/><F115/><W89/><G75/><T114/><D114/><U30/><E2/><V44/><F35/><W83/><G19/><T112/><D112/><U41/><E126/><V98/><F69/><W52/><G43/><T17/><D39/><U116/><E116/><V119/><F119/><W93/><G71/><T108/><D0/><U63/><E122/><V16/><F65/><W9/><G9/><T121/><D121/><U106/><E41/><V78/><F28/><W124/><G90/><T135/><D108/><U13/><E36/><V111/><F111/><W31/><G29/><T33/><D33/><U47/><E47/><V68/><F68/><W118/><G124/><T113/><D113/><U3/><E3/><V72/><F5/><W70/><G70/><T91/><D76/><U101/><E101/><V82/><F134/><N who="0" m="51242" /><D102/><U67/><E80/><N who="2" m="30827" /><F78/><W37/><G37/><T25/><D107/><U1/><E1/><V48/><F72/><W12/><G12/><N who="0" m="9511" /><D59/><U84/><E84/><V50/><F98/><W7/><G7/><T109/><D109/><U123/><E123/><V95/><F54/><W133/><G118/><T127/><D127/><U42/><E42/><V20/><F20/><W131/><G133/><T110/><D110/><U74/><E74/><V73/><F73/><W38/><G38/><T79/><D79/><U105/><E105/><V4/><F4/><W64/><G77/><T100/><D100/><U87/><E87/><V11/><F11/><W15/><G83/><AGARI ba="0,0" hai="18,23,25,53,55,83,85,91" m="9511,51242" machi="83" ten="30,1000,0" yaku="20,1" doraHai="88" who="0" fromWho="3" sc="210,10,200,0,330,0,260,-10" /><INIT seed="3,0,0,5,2,87" ten="220,200,330,250" oya="3" hai0="108,62,130,13,22,86,2,96,27,111,61,53,89" hai1="83,110,126,74,66,97,95,79,5,113,18,93,134" hai2="58,80,103,60,102,82,9,59,88,100,32,4,78" hai3="30,115,51,55,107,132,99,85,65,6,68,39,109"/><W3/><G115/><T19/><D2/><U120/><E113/><V16/><F32/><W76/><G39/><T81/><D130/><U69/><E120/><V129/><F129/><W67/><G30/><T131/><D131/><U114/><E114/><V28/><F28/><W8/><G68/><T21/><D96/><U70/><E110/><N who="0" m="42025" /><D53/><U119/><E126/><V14/><F4/><W37/><G37/><T106/><D106/><U122/><E122/><V15/><F15/><W33/><G99/><T52/><D52/><U41/><E134/><V45/><F45/><W42/><G107/><T47/><D47/><U101/><E119/><V92/><F78/><W90/><G76/><T35/><D35/><U123/><E123/><V10/><F10/><W105/><G105/><T57/><D57/><N who="2" m="21514" /><F60/><W128/><G33/><T72/><D72/><U118/><E118/><V104/><F104/><W121/><G121/><T77/><D77/><U135/><E135/><V75/><F75/><W46/><G132/><T56/><D56/><U133/><E133/><V127/><F127/><W94/><G128/><T54/><D54/><U63/><E41/><V26/><F26/><W40/><REACH who="3" step="1"/><G109/><REACH who="3" ten="220,200,330,240" step="2"/><T48/><D48/><U1/><E70/><V49/><F49/><W29/><G29/><AGARI ba="0,1" hai="13,19,21,22,27,29,61,62,81,86,89" m="42025" machi="29" ten="30,2000,0" yaku="14,1,52,1" doraHai="87" who="0" fromWho="3" sc="220,30,200,0,330,0,240,-20" owari="250,5.0,200,-30.0,330,43.0,220,-18.0" /></mjloggm>