<mjloggm ver="2.3"><GO type="225" lobby="0"/><UN n0="%E9%B4%A8%4E%45%47%49" n1="%E6%98%93%E5%88%A9%E8%96%A9%E4%BC%AF" n2="%E5%B8%86%E7%AB%8B%E5%A4%8F%E8%A1%A3" n3="%4B%2E%32%2E%4B%2E" dan="16,16,17,17" rate="2066.09,2101.79,2145.74,2197.12" sx="M,F,M,M"/><TAIKYOKU oya="0"/><INIT seed="0,0,0,0,2,88" ten="250,250,250,250" oya="0" hai0="35,104,103,87,125,46,97,32,17,106,57,47,73" hai1="18,4,42,58,67,61,0,129,122,2,86,15,105" hai2="75,39,90,123,29,70,124,121,31,130,109,8,127" hai3="44,11,63,132,64,96,22,21,94,98,107,66,82"/><T1/><D73/><U83/><E122/><N who="2" m="46603" /><F90/><W135/><G107/><T81/><D106/><U114/><E105/><V89/><F89/><W101/><G44/><T23/><D1/><U112/><E42/><V68/><F75/><W19/><G11/><T43/><D125/><N who="2" m="48202" /><F39/><W38/><G38/><T10/><D10/><N who="1" m="6519" /><E4/><V79/><F79/><W56/><G66/><T110/><D57/><U7/><E7/><V108/><F130/><W53/><G64/><T12/><D47/><U9/><E9/><V80/><F80/><W92/><G82/><T118/><D118/><U50/><E129/><V77/><F77/><W126/><G126/><T25/><D35/><U74/><E74/><V59/><F59/><W65/><G65/><T14/><D32/><U20/><E86/><V72/><F72/><W116/><G116/><T49/><REACH who="0" step="1"/><D110/><REACH who="0" ten="240,250,250,250" step="2"/><N who="2" m="42602" /><F8/><W24/><G22/><T78/><AGARI ba="0,1" hai="12,14,17,23,25,43,46,49,78,81,87,97,103,104" machi="78" ten="20,3900,0" yaku="1,1,0,1,7,1,53,0" doraHai="88" doraHaiUra="33" who="0" fromWho="0" sc="240,49,250,-13,250,-13,250,-13" /><INIT seed="0,1,0,4,4,30" ten="289,237,237,237" oya="0" hai0="117,26,1,74,133,68,62,122,65,98,94,101,52" hai1="53,115,19,112,131,78,33,86,83,64,37,39,90" hai2="73,130,27,48,44,59,21,91,127,124,69,16,95" hai3="8,84,17,121,22,46,24,99,10,97,106,111,85"/><T126/><D117/><U57/><E131/><V4/><F69/><W107/><G111/><T54/><D122/><U108/><E64/><V114/><F73/><W3/><G121/><T75/><D133/><U67/><E67/><V118/><F130/><W109/><G109/><T20/><D126/><U36/><E108/><V14/><F114/><N who="1" m="43561" /><E19/><V76/><F76/><W105/><G46/><T100/><D1/><U63/><E78/><V119/><F4/><W128/><G128/><T120/><D120/><U92/><E92/><V129/><F27/><W135/><G135/><T13/><D100/><U72/><E72/><V5/><F5/><W71/><G71/><T82/><D74/><U58/><E58/><V9/><F9/><W56/><G3/><T103/><D103/><U6/><E6/><V25/><F25/><W89/><G84/><T104/><D13/><U23/><E23/><V88/><F129/><W70/><G70/><T113/><D94/><U38/><E38/><V29/><F29/><W35/><G56/><T43/><D113/><U12/><E12/><V28/><F28/><W116/><G116/><N who="2" m="44585" /><F59/><W102/><G102/><T7/><D7/><U49/><E63/><V42/><F91/><W93/><G35/><AGARI ba="1,0" hai="33,35,36,37,39,49,53,57,83,86,90" m="43561" machi="35" ten="40,5200,0" yaku="11,1,52,2" doraHai="30" who="1" fromWho="3" sc="289,0,237,55,237,0,237,-55" /><INIT seed="1,0,0,2,0,52" ten="289,292,237,182" oya="1" hai0="47,10,123,46,95,117,17,85,86,45,70,56,133" hai1="76,61,0,81,23,9,74,26,122,106,37,60,135" hai2="78,18,121,63,120,71,5,115,24,124,96,25,41" hai3="134,98,49,125,69,107,58,64,108,88,28,110,91"/><U51/><E122/><V34/><F5/><W31/><G69/><T55/><D70/><U127/><E106/><V112/><F78/><W33/><G134/><T50/><D133/><U27/><E37/><V99/><F41/><W7/><G125/><T8/><D117/><U40/><E127/><V128/><F124/><W53/><G7/><T48/><D123/><U32/><E32/><V3/><F71/><W126/><G126/><T130/><D130/><U68/><E68/><V90/><F34/><W13/><G13/><N who="0" m="7335" /><D10/><U118/><E118/><V93/><F128/><W36/><G36/><T59/><D95/><U132/><E9/><V44/><F18/><W42/><G42/><N who="0" m="24631" /><D47/><U84/><E0/><V80/><F44/><W129/><G129/><T6/><D6/><U19/><E74/><V104/><F3/><W1/><G1/><T97/><D97/><U57/><E135/><V11/><F104/><W39/><G64/><T87/><AGARI ba="0,0" hai="46,50,55,56,59,85,86,87" m="24631,7335" machi="87" ten="30,4000,0" yaku="8,1,52,2" doraHai="52" who="0" fromWho="0" sc="289,40,292,-20,237,-10,182,-10" /><INIT seed="2,0,0,5,4,129" ten="329,272,227,172" oya="2" hai0="132,56,126,41,37,44,64,22,45,135,113,130,19" hai1="116,101,27,53,74,72,43,108,24,25,86,32,127" hai2="63,57,115,0,128,104,80,58,111,125,7,68,16" hai3="67,29,35,100,6,93,23,134,73,18,69,14,59"/><V26/><F104/><W33/><G73/><T105/><D113/><U60/><E32/><V36/><F36/><W114/><G69/><T107/><D130/><U95/><E116/><V102/><F102/><W106/><G106/><T85/><D126/><U82/><E108/><V66/><F115/><W9/><G114/><T103/><D45/><U49/><E43/><V110/><F128/><W87/><G134/><N who="0" m="51243" /><D85/><U11/><E60/><V10/><F125/><W81/><G29/><T8/><D8/><U31/><E11/><V70/><F80/><W13/><G100/><T40/><D40/><U34/><E74/><V1/><F1/><W55/><G93/><T78/><D78/><U118/><E72/><V76/><F76/><W84/><G84/><T5/><D5/><U15/><E95/><V65/><F70/><W39/><G39/><T83/><D83/><U89/><E86/><V2/><F2/><W48/><REACH who="3" step="1"/><G67/><REACH who="3" ten="329,272,227,162" step="2"/><T131/><D131/><U133/><E127/><V119/><F119/><W91/><AGARI ba="0,1" hai="6,9,13,14,18,23,33,35,48,55,59,81,87,91" machi="91" ten="20,5200,0" yaku="1,1,2,1,0,1,7,1,53,0" doraHai="129" doraHaiUra="122" who="3" fromWho="3" sc="329,-13,272,-13,227,-26,162,62" /><INIT seed="3,0,0,3,5,9" ten="316,259,201,224" oya="3" hai0="48,44,1,57,91,49,118,94,116,2,128,127,56" hai1="71,106,120,79,50,62,51,124,54,26,64,82,36" hai2="59,40,93,17,99,33,68,110,130,80,4,113,111" hai3="28,10,74,101,131,53,87,105,107,104,14,38,114"/><W60/><G74/><T11/><D128/><U133/><E120/><V31/><F113/><W117/><G117/><T47/><D127/><U24/><E106/><V86/><F68/><W92/><G114/><T90/><D11/><U125/><E36/><V0/><F4/><W126/><G38/><T108/><D94/><U66/><E66/><V69/><F69/><W52/><G126/><N who="1" m="48746" /><E133/><V84/><F0/><W12/><G131/><T95/><D95/><U112/><E112/><V15/><F40/><W73/><G73/><T134/><D108/><N who="2" m="41514" /><F130/><W132/><G132/><AGARI ba="0,0" hai="1,2,44,47,48,49,56,57,90,91,116,118,132,134" machi="132" ten="25,1600,0" yaku="22,2" doraHai="9" who="0" fromWho="3" sc="316,16,259,0,201,0,224,-16" owari="332,43.2,259,5.9,201,-29.9,208,-19.2" /></mjloggm>