<mjloggm ver="2.3"><GO type="225" lobby="0"/><UN n0="%6D%75%75%6D%75%72%61" n1="%E3%81%95%E3%81%8D%E3%81%9F%E3%81%BE%E6%9E%97%E6%AA%8E" n2="%E3%81%BF%E3%81%BF%E3%81%9A" n3="%E7%AC%B9%E9%A4%85" dan="16,16,17,16" rate="2132.52,2093.02,2197.81,2144.42" sx="F,M,M,M"/><TAIKYOKU oya="0"/><INIT seed="0,0,0,0,5,75" ten="250,250,250,250" oya="0" hai0="80,130,47,24,41,10,36,38,63,119,105,132,5" hai1="85,27,88,116,68,16,25,133,99,64,1,8,29" hai2="100,31,83,134,60,120,32,55,44,71,23,129,73" hai3="123,127,18,14,6,89,95,108,4,58,53,106,90"/><T79/><D119/><U77/><E116/><V118/><F118/><W131/><G106/><T91/><D130/><U110/><E110/><V43/><F120/><W17/><G108/><T40/><D132/><U39/><E39/><V102/><F129/><W121/><G127/><T9/><D105/><U112/><E133/><V125/><F134/><W107/><G107/><T97/><D24/><U19/><E1/><V93/><F32/><W42/><G131/><T0/><D10/><U82/><E68/><V62/><F125/><W15/><G42/><T52/><D91/><U67/><E112/><V22/><F71/><W45/><G45/><N who="0" m="23687" /><D97/><U11/><E99/><V35/><F35/><W86/><G90/><T115/><D115/><U135/><E135/><V7/><F7/><W3/><G3/><T51/><D63/><U126/><E126/><V13/><F62/><N who="3" m="36175" /><G123/><T57/><D57/><U98/><E29/><V21/><F60/><W92/><G92/><T37/><D37/><U113/><E113/><V96/><F93/><W65/><G121/><T61/><D61/><U69/><E69/><V114/><F96/><W103/><G103/><T59/><D59/><U30/><E30/><V12/><F31/><W2/><G2/><T46/><D38/><U49/><E49/><N who="2" m="29095" /><F114/><W56/><G65/><N who="1" m="25162" /><E98/><V70/><F70/><W87/><G87/><N who="0" m="48543" /><D41/><U94/><E94/><V50/><F43/><W109/><G109/><T124/><D124/><U48/><E48/><V104/><F50/><W66/><G66/><T76/><D46/><U122/><E122/><V28/><F104/><W81/><G95/><RYUUKYOKU ba="0,0" sc="250,30,250,-10,250,-10,250,-10" hai0="0,5,9,47,51,52,76" /><INIT seed="0,1,0,4,0,114" ten="280,240,240,240" oya="0" hai0="49,10,25,70,2,59,96,88,105,16,89,78,81" hai1="112,97,135,8,130,22,35,19,20,82,85,26,72" hai2="98,3,102,7,14,69,43,132,64,41,95,111,122" hai3="106,100,0,55,74,44,121,83,11,47,21,52,12"/><T104/><D70/><U116/><E116/><V50/><F122/><W129/><G121/><T120/><D120/><U38/><E38/><V125/><F111/><W118/><G129/><T4/><D59/><U51/><E130/><V71/><F132/><W56/><G118/><T80/><D49/><U90/><E135/><V124/><F3/><W6/><G106/><T87/><D96/><U9/><E112/><V109/><F109/><W33/><G100/><T39/><D39/><U61/><E72/><V110/><F110/><W127/><G33/><T32/><D32/><U28/><E35/><V46/><F43/><W84/><G74/><T45/><D45/><U115/><E115/><V133/><F133/><W1/><G127/><N who="2" m="48713" /><F64/><W24/><G55/><T67/><D67/><U58/><E51/><V42/><F42/><W37/><G37/><T91/><REACH who="0" step="1"/><D81/><REACH who="0" ten="270,240,240,240" step="2"/><U15/><REACH who="1" step="1"/><E97/><REACH who="1" ten="270,230,240,240" step="2"/><V77/><F98/><W54/><G47/><T18/><D18/><U40/><E40/><V107/><F50/><W36/><G44/><T103/><D103/><U60/><E60/><V126/><F46/><W27/><G36/><T86/><D86/><U113/><E113/><V108/><F41/><W99/><G99/><T131/><D131/><U123/><E123/><V94/><F108/><W117/><G84/><T17/><D17/><U76/><E76/><V128/><F77/><W93/><G117/><T48/><D48/><U23/><E23/><AGARI ba="1,2" hai="2,4,10,16,23,25,78,80,87,88,89,91,104,105" machi="23" ten="40,7700,0" yaku="1,1,54,2,53,0" doraHai="114" doraHaiUra="63" who="0" fromWho="1" sc="270,100,230,-80,240,0,240,0" /><INIT seed="0,2,0,4,2,132" ten="370,150,240,240" oya="0" hai0="110,107,21,100,124,111,54,96,25,86,133,93,49" hai1="3,117,56,76,23,52,98,33,26,35,67,99,84" hai2="105,36,83,20,38,14,58,47,85,109,42,80,48" hai3="131,104,116,63,4,71,46,126,53,43,2,12,37"/><T89/><D133/><U121/><E121/><V70/><F105/><W91/><G116/><T90/><D90/><U31/><E117/><V81/><F70/><W5/><G104/><T57/><REACH who="0" step="1"/><D124/><REACH who="0" ten="360,150,240,240" step="2"/><U15/><E3/><V72/><F109/><W7/><G126/><T127/><D127/><U92/><E67/><V135/><F135/><W13/><G2/><T22/><D22/><N who="1" m="15831" /><E76/><V128/><F128/><W61/><G131/><T74/><D74/><U82/><E35/><V122/><F122/><W62/><G71/><T1/><D1/><U51/><E33/><V94/><F72/><W66/><G66/><T64/><D64/><U118/><E118/><V78/><F20/><W65/><G65/><T120/><D120/><U108/><E108/><V60/><F81/><W129/><G129/><T18/><AGARI ba="2,1" hai="18,21,25,49,54,57,86,89,93,96,100,107,110,111" machi="18" ten="30,3000,0" yaku="1,1,0,1,53,0" doraHai="132" doraHaiUra="113" who="0" fromWho="0" sc="360,46,150,-12,240,-12,240,-12" /><INIT seed="0,3,0,1,1,19" ten="406,138,228,228" oya="0" hai0="16,75,46,51,113,81,95,76,102,72,78,37,123" hai1="65,101,58,93,92,26,115,79,98,80,43,21,50" hai2="39,38,55,116,48,86,13,0,105,73,91,118,27" hai3="64,4,2,110,112,111,44,42,104,11,125,109,124"/><T1/><D113/><U56/><E115/><V22/><F0/><W61/><G104/><T29/><D1/><U74/><E93/><N who="2" m="54519" /><F73/><W131/><G131/><T28/><D123/><U32/><E32/><V103/><F105/><W52/><G52/><T17/><D37/><U33/><E33/><V83/><F83/><W53/><G53/><T68/><D68/><U25/><E25/><V8/><F103/><W88/><G88/><T134/><D134/><U62/><E43/><V77/><F77/><W107/><G107/><T120/><D120/><U36/><E36/><V10/><F13/><W127/><G112/><T117/><D117/><N who="2" m="45162" /><F38/><N who="3" m="21591" /><G127/><T12/><D78/><U96/><E96/><V121/><F121/><W34/><G34/><T122/><D75/><U128/><E128/><V23/><F39/><W47/><G47/><T63/><D122/><U24/><E24/><V130/><F130/><W41/><G41/><T94/><D102/><U82/><E82/><V129/><F129/><W89/><G89/><T60/><D76/><U30/><REACH who="1" step="1"/><E50/><REACH who="1" ten="406,128,228,228" step="2"/><V69/><F27/><W9/><G125/><T35/><D81/><U106/><E106/><V14/><F69/><AGARI ba="3,1" hai="21,26,30,56,58,62,65,69,74,79,80,92,98,101" machi="69" ten="30,3900,0" yaku="1,1,7,1,52,1,53,0" doraHai="19" doraHaiUra="45" who="1" fromWho="2" sc="406,0,128,58,228,-48,228,0" /><INIT seed="1,0,0,3,3,94" ten="406,186,180,228" oya="1" hai0="122,14,61,59,91,101,19,78,105,124,80,46,82" hai1="89,68,99,32,60,29,75,41,12,25,121,88,70" hai2="67,110,2,58,37,18,44,83,131,113,76,86,4" hai3="21,31,22,7,120,13,112,69,9,133,108,104,28"/><U1/><E121/><V118/><F118/><W87/><G69/><T53/><D122/><U115/><E75/><V47/><F110/><W92/><G104/><T103/><D124/><U3/><E115/><V72/><F113/><W56/><G112/><T38/><D105/><U79/><E79/><V98/><F131/><W16/><G120/><T24/><D24/><U106/><E41/><V93/><F37/><W135/><G108/><T20/><D38/><U35/><E35/><V107/><F2/><N who="1" m="521" /><E70/><V8/><F4/><W63/><G22/><T97/><D46/><U119/><E12/><N who="2" m="7431" /><F72/><W125/><G125/><T66/><D53/><U114/><E114/><V15/><F107/><W27/><G135/><T116/><D116/><U30/><E30/><V126/><F15/><W130/><G133/><T111/><D111/><U132/><E132/><V64/><F126/><W45/><G45/><N who="2" m="17481" /><F58/><W26/><G26/><T10/><D78/><U102/><E119/><V57/><F57/><W39/><G39/><T54/><D54/><U73/><E73/><V5/><F5/><W96/><G130/><T85/><D20/><U65/><AGARI ba="0,0" hai="25,29,32,60,65,68,88,89,99,102,106" m="521" machi="65" ten="30,6000,0" yaku="25,1,52,1,54,1" doraHai="94" who="1" fromWho="1" sc="406,-20,186,60,180,-20,228,-20" /><INIT seed="1,1,0,1,1,4" ten="386,246,160,208" oya="1" hai0="31,43,75,23,121,45,85,52,87,38,32,81,26" hai1="111,19,130,129,83,73,2,25,12,95,59,84,61" hai2="134,100,47,7,70,115,106,21,86,9,74,65,108" hai3="103,135,58,104,54,0,37,14,56,97,126,118,50"/><U35/><E2/><V107/><F74/><W34/><G0/><T3/><D3/><U66/><E73/><V105/><F108/><W94/><G34/><T1/><D121/><U51/><E111/><V8/><F100/><W62/><G37/><T90/><D75/><U127/><E127/><V13/><F134/><W67/><G126/><T11/><D32/><U63/><E95/><V82/><F115/><W33/><G33/><T29/><D85/><U113/><E113/><V80/><F21/><W79/><G135/><T27/><D52/><N who="1" m="32159" /><E66/><V55/><F9/><W22/><G118/><T102/><D102/><U125/><E125/><V68/><F65/><W28/><G79/><T123/><D123/><U69/><E69/><V114/><F114/><W120/><G120/><T10/><D1/><U93/><E93/><V132/><F132/><W36/><G36/><T41/><D41/><U40/><E40/><V109/><F109/><W16/><G104/><T133/><D133/><U128/><E25/><V18/><F7/><W30/><AGARI ba="1,0" hai="14,16,22,28,30,50,54,56,58,62,67,94,97,103" machi="30" ten="30,4000,0" yaku="0,1,8,1,54,1" doraHai="4" who="3" fromWho="3" sc="386,-11,246,-21,160,-11,208,43" /><INIT seed="2,0,0,5,1,61" ten="375,225,149,251" oya="2" hai0="84,89,72,19,53,41,46,96,127,9,133,48,24" hai1="64,86,2,11,94,14,71,121,69,91,57,13,45" hai2="104,115,56,55,54,27,76,47,7,79,16,32,82" hai3="39,60,90,125,18,119,95,20,112,74,58,117,40"/><V83/><F115/><W114/><G74/><T107/><D72/><U124/><E124/><V59/><F104/><W17/><G125/><T52/><D127/><U88/><E121/><V68/><F68/><W109/><G39/><T81/><D133/><U92/><E2/><V12/><F32/><W43/><G109/><T102/><D24/><U103/><E103/><V130/><F130/><W62/><G20/><T50/><D50/><U120/><E120/><V80/><F27/><W77/><G77/><N who="2" m="29769" /><F7/><W66/><G95/><T23/><D9/><U126/><E126/><V29/><F29/><W134/><G134/><T78/><D78/><U35/><E35/><V70/><F70/><W8/><G117/><T44/><D44/><U123/><E123/><V118/><F118/><W30/><G30/><T98/><D98/><U87/><E45/><V85/><F85/><W22/><G119/><T113/><D113/><U108/><E108/><V0/><F0/><W105/><G105/><T135/><D135/><U15/><E11/><N who="2" m="6175" /><F47/><W33/><G33/><T3/><D3/><U51/><E51/><N who="2" m="30815" /><F83/><W97/><G114/><T122/><D122/><U31/><E31/><V110/><F110/><W25/><G112/><T6/><D6/><U101/><E101/><V36/><F36/><W4/><G4/><T116/><D116/><U38/><E38/><V63/><AGARI ba="0,0" hai="55,59,63,80,82" m="30815,6175,29769" machi="63" ten="30,3000,0" yaku="8,1,54,1" doraHai="61" who="2" fromWho="2" sc="375,-10,225,-10,149,30,251,-10" /><INIT seed="2,1,0,0,5,90" ten="365,215,179,241" oya="2" hai0="20,106,100,129,134,55,27,6,108,68,84,40,56" hai1="52,88,124,61,50,82,4,32,54,58,17,119,110" hai2="122,66,128,104,73,62,30,127,33,31,133,1,15" hai3="125,112,102,93,47,72,103,87,24,70,60,57,22"/><V21/><F122/><W117/><G72/><T63/><D108/><U126/><E110/><V95/><F104/><W97/><G70/><T23/><D129/><U19/><E119/><V5/><F73/><W96/><G117/><T26/><D134/><U131/><E131/><V94/><F128/><W80/><G125/><N who="1" m="48234" /><E32/><V118/><F127/><W64/><G47/><T46/><D68/><U36/><E36/><V3/><F118/><W81/><G87/><T8/><D100/><U0/><E0/><V42/><F42/><W92/><G112/><T135/><D84/><N who="1" m="50199" /><E4/><V34/><F133/><W9/><G9/><T132/><D106/><U28/><E28/><AGARI ba="1,0" hai="22,24,28,57,60,64,80,81,92,93,96,97,102,103" machi="28" ten="30,12000,2" yaku="7,1,9,1,25,2,8,1,52,2" doraHai="90" who="3" fromWho="1" sc="365,0,215,-123,179,0,241,123" /><INIT seed="3,0,0,4,4,32" ten="365,92,179,364" oya="3" hai0="106,25,55,102,4,9,44,130,95,72,128,112,54" hai1="73,134,17,75,37,96,62,91,30,98,50,41,117" hai2="64,47,10,131,58,111,2,129,82,49,90,69,68" hai3="116,86,35,78,67,60,120,76,101,127,63,65,110"/><W133/><G116/><T107/><D72/><U11/><E37/><V5/><F111/><W66/><G120/><T108/><D108/><U119/><E30/><V61/><F82/><W46/><G110/><T97/><D112/><U105/><E105/><N who="0" m="39945" /><D25/><U93/><E134/><V33/><F90/><W89/><G133/><T28/><D28/><U123/><E123/><V12/><F33/><W109/><G109/><T24/><D44/><U84/><E62/><N who="3" m="23594" /><G35/><T80/><D24/><U121/><E121/><V85/><F85/><W70/><G70/><T53/><D80/><U0/><E17/><V57/><F12/><W94/><G101/><T15/><D55/><U132/><E132/><V26/><F57/><W36/><G36/><T113/><D53/><U40/><E84/><V3/><F3/><W42/><G42/><T125/><D54/><U21/><E21/><V23/><F129/><N who="0" m="49770" /><D113/><U45/><E45/><V13/><F13/><W48/><G127/><AGARI ba="0,0" hai="4,9,15,95,97,102,125,127" m="49770,39945" machi="127" ten="40,1300,0" yaku="19,1" doraHai="32" who="0" fromWho="3" sc="365,13,92,0,179,0,364,-13" owari="378,47.8,92,-40.8,179,-22.1,351,15.1" /></mjloggm>