<mjloggm ver="2.3"><GO type="225" lobby="0"/><UN n0="%6D%75%75%6D%75%72%61" n1="%E9%89%A2%E5%B7%BB%E3%82%AC%E3%83%96" n2="%E5%B0%8F%E9%B3%A5%E9%81%8A%E7%B7%B4%E7%84%A1%32%31%E6%AD%B3" n3="%E6%97%A5%E6%9B%9C%E6%97%A5%E3%82%88%E3%82%8A%E3%81%AE%E4%BD%BF%E8%80%85" dan="16,16,16,18" rate="2212.69,2060.12,2112.09,2174.42" sx="F,M,F,M"/><TAIKYOKU oya="0"/><INIT seed="0,0,0,5,2,73" ten="250,250,250,250" oya="0" hai0="36,102,80,29,30,74,56,22,68,135,114,90,123" hai1="116,33,9,126,14,12,120,8,127,110,121,92,58" hai2="39,63,109,96,76,55,117,125,5,11,71,51,35" hai3="107,59,26,24,97,37,64,81,87,89,19,10,133"/><T52/><D114/><U79/><E79/><V101/><F117/><W0/><G37/><T105/><D123/><N who="1" m="47179" /><E92/><V128/><F109/><W103/><G133/><T17/><D135/><U77/><E77/><V131/><F35/><W31/><G0/><T23/><D68/><U84/><E84/><V48/><F39/><W45/><G45/><T16/><D36/><U6/><E58/><V66/><F125/><N who="1" m="47625" /><E33/><V44/><F48/><W49/><G81/><T42/><D105/><U61/><E61/><V28/><F76/><W65/><G87/><N who="0" m="50535" /><D74/><U82/><E82/><V67/><F67/><W32/><G65/><T15/><D102/><U93/><E93/><V43/><F43/><W72/><G64/><T41/><D29/><U119/><E110/><V99/><F28/><W40/><G72/><T112/><D30/><U60/><E60/><V50/><F50/><W27/><G89/><T70/><D70/><U122/><N who="1" m="47187" /><U100/><DORA hai="38" /><E100/><V132/><F101/><W83/><G83/><T111/><D111/><U21/><E21/><V4/><F132/><W118/><G107/><T3/><D112/><U53/><E53/><V25/><F55/><W20/><G103/><T34/><D34/><U7/><AGARI ba="0,0" hai="6,7,8,9,12,14,116,119" m="47625,47187" machi="7" ten="50,6400,0" yaku="18,1,34,2" doraHai="73,38" who="1" fromWho="1" sc="250,-32,250,64,250,-16,250,-16" /><INIT seed="1,0,0,0,4,7" ten="218,314,234,234" oya="1" hai0="117,109,111,80,28,36,33,96,135,62,86,10,4" hai1="57,0,68,89,90,54,98,63,105,19,75,66,120" hai2="71,29,39,35,78,87,30,65,72,99,37,27,134" hai3="93,113,81,18,108,6,97,92,84,121,131,52,125"/><U9/><E120/><V118/><F134/><W47/><G121/><T31/><D117/><U79/><E79/><V53/><F53/><W132/><G113/><T119/><D119/><U56/><E75/><V116/><F78/><W130/><G132/><T11/><D135/><U2/><E2/><V1/><F87/><W14/><G6/><T45/><D4/><U44/><E0/><V122/><F122/><W55/><G108/><N who="0" m="41547" /><D62/><U114/><E114/><V76/><F30/><N who="0" m="11306" /><D33/><U15/><E44/><V69/><F1/><W12/><G125/><T25/><D25/><U26/><E26/><V82/><F71/><W60/><G60/><T91/><D96/><U38/><E38/><V70/><F70/><W64/><G64/><T23/><D23/><U77/><E77/><V46/><F118/><W74/><G97/><T42/><AGARI ba="0,0" hai="10,11,36,42,45,80,86,91" m="11306,41547" machi="42" ten="30,4000,0" yaku="14,1,52,2" doraHai="7" who="0" fromWho="0" sc="218,40,314,-20,234,-10,234,-10" /><INIT seed="2,0,0,3,2,81" ten="258,294,224,224" oya="2" hai0="60,41,79,113,33,42,105,87,50,9,10,21,65" hai1="77,131,54,59,56,86,128,76,66,112,99,132,38" hai2="34,8,13,91,80,103,98,102,75,97,116,3,40" hai3="120,96,29,51,0,1,52,24,49,100,73,19,72"/><V64/><F116/><W94/><G120/><T69/><D33/><U134/><E112/><V67/><F3/><W89/><G0/><T14/><D113/><U2/><E2/><V6/><F34/><W4/><G19/><T110/><D105/><U22/><E38/><V78/><F40/><W125/><G125/><T31/><D110/><U48/><E22/><V39/><F39/><W117/><G117/><T20/><D31/><U107/><E66/><V36/><F36/><W108/><G108/><T101/><D101/><N who="1" m="62911" /><E56/><V104/><REACH who="2" step="1"/><F91/><REACH who="2" ten="258,294,214,224" step="2"/><W61/><G89/><T37/><D41/><U28/><E128/><V133/><F133/><W58/><G1/><T12/><D37/><U71/><E131/><V57/><F57/><W123/><G123/><T45/><D42/><U43/><E43/><V106/><AGARI ba="0,1" hai="6,8,13,64,67,75,78,80,97,98,102,103,104,106" machi="106" ten="20,7800,0" yaku="1,1,0,1,7,1,9,1,53,0" doraHai="81" doraHaiUra="32" who="2" fromWho="2" sc="258,-26,294,-26,214,88,224,-26" /><INIT seed="2,1,0,1,3,44" ten="232,268,302,198" oya="2" hai0="49,95,27,46,77,120,78,63,112,93,24,19,38" hai1="108,84,57,128,39,101,69,36,135,0,89,32,118" hai2="105,25,119,16,8,113,45,42,3,96,31,72,13" hai3="17,60,94,75,30,74,86,117,54,20,59,34,126"/><V23/><F119/><W103/><G117/><T123/><D112/><U99/><E57/><V22/><F113/><W82/><G126/><T48/><D63/><U50/><E50/><V10/><F72/><W52/><G30/><T55/><D46/><U92/><E69/><V114/><F114/><W133/><G34/><T14/><D14/><U110/><E0/><V51/><F3/><W98/><G133/><T4/><D19/><U111/><E32/><V12/><F105/><W15/><REACH who="3" step="1"/><G54/><REACH who="3" ten="232,268,302,188" step="2"/><T73/><D55/><U102/><E118/><V100/><F100/><W61/><G61/><T116/><D116/><U70/><E135/><V107/><F107/><W29/><G29/><T62/><D62/><U53/><E53/><V71/><F71/><W97/><G97/><T21/><D120/><U58/><E70/><V65/><F96/><W83/><G83/><T91/><D123/><U1/><E102/><V40/><F65/><W11/><G11/><T41/><D95/><U115/><E115/><V87/><F8/><W109/><G109/><T130/><D93/><U43/><E110/><V125/><F125/><W106/><G106/><T35/><D35/><U88/><E111/><V2/><F2/><W81/><G81/><T124/><D124/><U56/><E1/><V76/><F10/><W33/><G33/><T79/><D21/><U127/><E108/><V121/><F23/><W68/><G68/><T6/><D130/><U47/><E128/><V85/><F31/><W131/><G131/><T26/><D73/><U37/><E127/><V66/><F121/><W9/><G9/><RYUUKYOKU ba="1,1" sc="232,-10,268,-10,302,-10,188,30" hai3="15,17,20,52,59,60,74,75,82,86,94,98,103" /><INIT seed="3,2,1,5,1,32" ten="222,258,292,218" oya="3" hai0="117,74,67,38,3,63,12,91,86,112,64,18,118" hai1="75,122,127,120,27,131,81,8,66,10,92,70,40" hai2="54,20,6,87,28,14,5,89,25,62,31,101,60" hai3="128,114,93,50,22,24,35,52,26,45,116,85,90"/><W111/><G114/><T47/><D112/><U104/><E104/><V19/><F101/><W94/><G116/><T130/><D74/><U29/><E40/><V30/><F25/><W34/><G128/><T76/><D76/><U49/><E49/><V9/><F20/><W42/><G111/><T16/><D130/><U109/><E131/><V53/><F62/><W71/><G71/><T82/><D3/><U126/><E109/><V44/><F60/><W72/><G72/><T36/><D67/><U95/><E66/><V108/><F108/><W23/><G42/><T51/><D36/><U61/><E61/><V107/><F107/><W11/><G11/><N who="1" m="4138" /><E70/><V123/><F123/><W80/><G34/><T57/><D38/><U7/><E7/><N who="2" m="2571" /><F44/><W2/><G35/><T48/><D48/><U121/><E81/><AGARI ba="2,1" hai="9,14,19,28,30,31,53,54,81,87,89" m="2571" machi="81" ten="30,1000,0" yaku="8,1" doraHai="32" who="2" fromWho="1" sc="222,0,258,-16,292,26,218,0" owari="222,-17.8,242,4.2,318,41.8,218,-28.2" /></mjloggm>