<mjloggm ver="2.3"><GO type="225" lobby="0"/><UN n0="%E8%B7%AF%E9%9C%B8" n1="%E3%81%8A%E3%81%8B%E3%81%8F%E3%82%89" n2="%E3%81%A1%E3%82%85%E3%81%86%E3%81%A9%E3%81%8F%E8%B1%A1%E3%81%95%E3%82%93" n3="%E9%80%9F%E6%B0%B4%E5%87%9B%E9%A6%99" dan="17,17,17,16" rate="2202.82,2118.73,2131.77,2113.85" sx="M,M,M,F"/><TAIKYOKU oya="0"/><INIT seed="0,0,0,3,0,38" ten="250,250,250,250" oya="0" hai0="55,59,83,8,104,122,11,111,52,89,18,50,109" hai1="27,19,9,23,99,7,16,119,46,37,106,134,86" hai2="103,124,131,102,110,3,113,98,22,72,115,17,48" hai3="54,36,32,94,133,128,70,12,49,121,63,44,26"/><T91/><D122/><U117/><E134/><V5/><F72/><W126/><G133/><T47/><D104/><U4/><E19/><V66/><F110/><N who="0" m="41994" /><D83/><U100/><E86/><V78/><F78/><W75/><G75/><T60/><D18/><U67/><E67/><V77/><F66/><W53/><G121/><T45/><D45/><U69/><E69/><V132/><F77/><W90/><G128/><T62/><D62/><U61/><E61/><V123/><F102/><W81/><G81/><T74/><D74/><U76/><E76/><V58/><F123/><W6/><G126/><T87/><D87/><U14/><REACH who="1" step="1"/><E4/><REACH who="1" ten="250,240,250,250" step="2"/><V93/><F132/><W118/><G6/><T108/><D108/><U40/><AGARI ba="0,1" hai="7,9,14,16,23,27,37,40,46,99,100,106,117,119" machi="40" ten="30,8000,1" yaku="1,1,2,1,0,1,52,1,54,1,53,0" doraHai="38" doraHaiUra="125" who="1" fromWho="1" sc="250,-40,240,90,250,-20,250,-20" /><INIT seed="1,0,0,2,4,122" ten="210,330,230,230" oya="1" hai0="40,2,124,62,81,115,111,84,3,71,130,101,87" hai1="27,53,82,99,119,34,106,43,8,9,21,55,66" hai2="88,52,96,90,46,5,37,56,59,133,70,128,92" hai3="68,134,91,30,74,50,63,26,108,94,48,123,85"/><U98/><E34/><V69/><F128/><W20/><G123/><T83/><D115/><U89/><E43/><V39/><F133/><W31/><G74/><T110/><D130/><U6/><E8/><V95/><F5/><W107/><G134/><T117/><D117/><U4/><E6/><V113/><F113/><W76/><G107/><T135/><D135/><U18/><E66/><V93/><F46/><W121/><G121/><T72/><D72/><U125/><E125/><V12/><F12/><W61/><G108/><N who="0" m="41515" /><D40/><U11/><E11/><V78/><F78/><W23/><G76/><N who="0" m="46119" /><D101/><U22/><E119/><V29/><F29/><W36/><G36/><T120/><D124/><U13/><E106/><V105/><F105/><W28/><G68/><T112/><D112/><U116/><E116/><V80/><F93/><W49/><G30/><T15/><D15/><U57/><E82/><V58/><F80/><W51/><N who="3" m="12288" /><DORA hai="54" /><W44/><G44/><T41/><D41/><U100/><E100/><V102/><F102/><W114/><G114/><T67/><D120/><U16/><E57/><V10/><F37/><W129/><G129/><T75/><D75/><U60/><E89/><AGARI ba="0,0" hai="2,3,62,67,71,83,87,89" m="46119,41515" machi="89" ten="30,7700,0" yaku="14,1,52,3" doraHai="122,54" who="0" fromWho="1" sc="210,77,330,-77,230,0,230,0" /><INIT seed="2,0,0,0,1,104" ten="287,253,230,230" oya="2" hai0="27,124,15,133,62,2,7,88,40,91,41,87,108" hai1="9,25,96,93,81,126,3,31,125,76,20,107,110" hai2="43,48,111,39,72,131,116,33,103,49,50,19,42" hai3="80,63,100,89,69,82,6,26,45,56,64,83,36"/><V73/><F116/><W68/><G100/><T74/><D74/><N who="2" m="28778" /><F103/><W95/><G6/><T1/><D108/><U37/><E37/><V12/><F33/><W34/><G36/><T59/><D133/><U61/><E110/><V121/><F111/><W130/><G130/><T120/><D124/><N who="1" m="47723" /><E61/><V122/><F39/><W4/><G4/><T113/><D113/><U46/><E46/><V60/><F60/><W32/><G45/><T77/><D120/><N who="2" m="46186" /><F12/><W22/><G34/><T10/><D27/><U90/><E3/><V57/><F57/><W127/><G32/><T51/><D1/><U114/><E107/><V17/><F131/><W65/><G127/><T58/><D2/><U128/><E128/><V85/><F85/><W24/><G24/><T86/><D86/><N who="1" m="48423" /><E114/><V102/><F102/><W13/><G13/><T119/><D119/><U118/><E118/><V105/><F105/><W70/><G64/><T134/><D58/><U54/><E54/><V97/><F97/><W75/><G75/><T117/><D117/><U16/><E16/><AGARI ba="0,0" hai="16,17,19,42,43,48,49,50" m="46186,28778" machi="16" ten="40,18000,2" yaku="28,2,52,3,54,1" doraHai="104" who="2" fromWho="1" sc="287,0,253,-180,230,180,230,0" /><INIT seed="2,1,0,1,4,59" ten="287,73,410,230" oya="2" hai0="0,131,117,30,57,101,76,103,107,58,92,94,82" hai1="102,21,71,18,74,34,3,49,111,135,63,127,129" hai2="120,29,99,98,109,22,125,11,83,88,116,20,113" hai3="14,64,123,33,38,55,105,9,6,1,25,97,37"/><V5/><F113/><W8/><G123/><T89/><D0/><U42/><E102/><N who="0" m="38921" /><D107/><U84/><E84/><V122/><F98/><W124/><G124/><T95/><D131/><U53/><E18/><V68/><F20/><W115/><G115/><T108/><D108/><U40/><E21/><V133/><F11/><W134/><G134/><T23/><D117/><U114/><E53/><V27/><F99/><W13/><G64/><T62/><D76/><U15/><E49/><V119/><F83/><W41/><G41/><T39/><D39/><U104/><E15/><V121/><F68/><W61/><G97/><T16/><D30/><U132/><E63/><V93/><F109/><W48/><G105/><T26/><D62/><U69/><E42/><V70/><F133/><W24/><G61/><T51/><D51/><U130/><E40/><V43/><F43/><W78/><G78/><T91/><D82/><U35/><E35/><V54/><F70/><W128/><G128/><T72/><D72/><U75/><E75/><V66/><F66/><W112/><G1/><T60/><D57/><U65/><E65/><AGARI ba="1,0" hai="16,23,26,58,60,65,89,91,92,94,95" m="38921" machi="65" ten="30,3900,0" yaku="8,1,52,1,54,1" doraHai="59" who="0" fromWho="1" sc="287,42,73,-42,410,0,230,0" /><INIT seed="3,0,0,1,5,107" ten="329,31,410,230" oya="3" hai0="89,43,104,122,18,95,23,103,71,29,19,20,34" hai1="101,102,79,60,3,28,42,11,52,26,68,46,90" hai2="49,64,59,129,135,8,123,134,128,54,86,100,126" hai3="74,24,72,112,31,6,84,10,83,115,56,108,9"/><W98/><G98/><T55/><D71/><U117/><E117/><V130/><F123/><W66/><G108/><T91/><D104/><U114/><E114/><V45/><F100/><W87/><G66/><T62/><D34/><U77/><E90/><N who="0" m="34313" /><D43/><U133/><E133/><N who="2" m="50699" /><F126/><W78/><G56/><N who="0" m="35103" /><D122/><U99/><E52/><V25/><F25/><W41/><G41/><T73/><D73/><U125/><E125/><V36/><F86/><W44/><G44/><T76/><D76/><U5/><E102/><V97/><F97/><W1/><G87/><T88/><D103/><U65/><E46/><V33/><F8/><W63/><G63/><T50/><D50/><U7/><E42/><N who="2" m="22727" /><F64/><W13/><G115/><T110/><D110/><U57/><E5/><V96/><F96/><W111/><G111/><T14/><D29/><U2/><E2/><V124/><F124/><W67/><G67/><T17/><D20/><U94/><REACH who="1" step="1"/><E68/><REACH who="1" ten="329,21,410,230" step="2"/><V48/><F128/><W105/><G112/><T35/><D88/><U58/><E58/><V22/><F129/><W70/><G70/><T15/><D95/><U81/><E81/><V4/><F59/><W16/><REACH who="3" step="1"/><G105/><REACH who="3" ten="329,21,410,220" step="2"/><T85/><D85/><U47/><E47/><V131/><F130/><W53/><G53/><T120/><D120/><U69/><E69/><V30/><F131/><W38/><G38/><T40/><D40/><U39/><E39/><V37/><F54/><W32/><AGARI ba="0,2" hai="1,6,9,10,13,16,24,31,32,72,74,78,83,84" machi="32" ten="20,18000,2" yaku="1,1,0,1,7,1,52,2,54,1,53,0" doraHai="107" doraHaiUra="109" who="3" fromWho="3" sc="329,-60,21,-60,410,-60,220,200" owari="269,-13.1,-39,-53.9,350,15.0,420,52.0" /></mjloggm>