<mjloggm ver="2.3"><GO type="225" lobby="0"/><UN n0="%6E%69%63%6F%6E%74%6F" n1="%E3%81%A9%E3%82%8F%E3%82%93%E3%81%94" n2="%E3%81%BF%E3%81%BF%E3%81%9A" n3="%48%61%61%61%6C%61%6E%64" dan="16,16,17,18" rate="2104.50,2096.92,2301.29,2232.89" sx="M,M,M,M"/><TAIKYOKU oya="0"/><INIT seed="0,0,0,4,2,132" ten="250,250,250,250" oya="0" hai0="121,74,130,54,72,27,114,49,20,13,112,31,124" hai1="99,105,127,94,101,7,26,30,119,78,102,88,89" hai2="115,11,18,51,79,32,12,73,113,122,82,59,70" hai3="6,106,46,3,92,41,118,8,40,36,2,52,39"/><T25/><D121/><U48/><E119/><V10/><F122/><W57/><G118/><T55/><D130/><U135/><E135/><V68/><F32/><W69/><G106/><T34/><D13/><U86/><E7/><V120/><F120/><W109/><G69/><T64/><D64/><U28/><E127/><V35/><F35/><W23/><G109/><T16/><D124/><U1/><E1/><V131/><F131/><W126/><G126/><T24/><D55/><U111/><E111/><V60/><F51/><W100/><G23/><T116/><D116/><U84/><E78/><V123/><F123/><W90/><G100/><T44/><REACH who="0" step="1"/><D27/><REACH who="0" ten="240,250,250,250" step="2"/><U71/><E26/><V129/><F129/><W47/><G3/><T50/><D50/><U108/><E108/><V38/><F38/><W76/><G52/><T67/><D67/><U45/><E71/><V91/><F70/><W65/><G65/><T29/><D29/><U97/><E28/><V75/><F68/><W134/><G134/><T17/><D17/><U37/><E30/><V63/><F12/><W104/><G36/><T56/><D56/><U22/><E37/><V125/><F18/><W87/><G57/><T103/><D103/><U61/><E102/><V14/><F14/><W107/><G39/><T110/><D110/><U128/><E101/><V42/><F125/><W15/><G2/><T33/><D33/><U19/><E128/><V117/><F59/><W0/><G0/><T4/><D4/><U9/><E19/><V43/><F117/><W133/><G133/><T62/><D62/><U83/><E61/><RYUUKYOKU ba="0,1" sc="240,30,250,-10,250,-10,250,-10" hai0="16,20,24,25,31,34,44,49,54,72,74,112,114" /><INIT seed="0,1,1,2,1,3" ten="270,240,240,240" oya="0" hai0="66,52,6,72,31,124,130,34,84,115,5,135,98" hai1="47,122,58,116,80,75,46,93,29,33,91,59,22" hai2="107,131,79,67,9,86,94,68,78,83,133,108,119" hai3="32,101,85,110,12,36,17,104,38,1,95,69,71"/><T48/><D115/><U14/><E122/><V8/><F107/><W7/><G32/><T61/><D72/><U60/><E116/><V125/><F119/><W127/><G110/><T21/><D130/><U126/><E126/><V39/><F39/><W23/><G127/><T55/><D124/><U35/><E75/><V90/><F125/><W70/><G104/><T45/><D135/><U50/><E35/><V81/><F108/><W18/><G18/><T49/><D34/><U121/><E80/><V13/><F131/><W99/><REACH who="3" step="1"/><G85/><REACH who="3" ten="270,240,240,230" step="2"/><T120/><D84/><N who="1" m="52455" /><E33/><V25/><F133/><W105/><G105/><T4/><D120/><U11/><E121/><V112/><F112/><W89/><G89/><T88/><D88/><U76/><E76/><V118/><F118/><W2/><G2/><T51/><D98/><U24/><E14/><V10/><F25/><W128/><G128/><T111/><D111/><U43/><E11/><AGARI ba="1,2" hai="1,7,11,12,17,23,36,38,69,70,71,95,99,101" machi="11" ten="40,2600,0" yaku="1,1,52,1,53,0" doraHai="3" doraHaiUra="123" who="3" fromWho="1" sc="270,0,240,-29,240,0,230,49" /><INIT seed="1,0,0,4,1,26" ten="270,211,240,279" oya="1" hai0="21,36,55,87,113,38,102,86,75,7,70,28,53" hai1="43,16,82,29,10,94,91,71,4,121,126,13,116" hai2="31,52,65,85,74,105,49,8,133,15,104,6,107" hai3="134,2,119,118,54,42,0,30,129,127,32,56,63"/><U81/><E121/><V68/><F74/><W76/><G127/><T40/><D113/><U79/><E116/><V80/><F133/><W123/><G123/><T58/><D75/><U88/><E126/><V124/><F124/><W97/><G134/><T128/><D128/><U50/><E71/><V46/><F31/><W100/><G129/><T44/><D70/><U3/><E29/><V125/><F125/><W120/><G76/><T5/><D38/><U60/><E60/><V34/><F34/><W84/><G84/><T95/><D55/><U115/><E115/><V61/><REACH who="2" step="1"/><F105/><REACH who="2" ten="270,211,230,279" step="2"/><W17/><G30/><T131/><D28/><U48/><E79/><AGARI ba="0,1" hai="6,8,15,46,49,52,61,65,68,79,80,85,104,107" machi="79" ten="30,8000,1" yaku="1,1,2,1,7,1,54,1,53,1" doraHai="26" doraHaiUra="57" who="2" fromWho="1" sc="270,0,211,-80,230,90,279,0" /><INIT seed="2,0,0,2,1,102" ten="270,131,320,279" oya="2" hai0="93,13,8,59,66,31,56,3,125,60,76,54,97" hai1="98,37,63,7,95,43,45,91,130,64,9,2,32" hai2="127,74,82,105,5,53,94,34,120,42,75,11,83" hai3="36,100,41,80,87,19,29,65,20,73,103,26,17"/><V123/><F34/><W81/><G65/><T106/><D125/><U71/><REACH who="1" step="1"/><E32/><REACH who="1" ten="270,121,320,279" step="2"/><V122/><F123/><W30/><G30/><T113/><D31/><U114/><E114/><V50/><F122/><W6/><G29/><T57/><D113/><U115/><E115/><V72/><F120/><W77/><G6/><T86/><D3/><U132/><E132/><V39/><F5/><W108/><G19/><T55/><D66/><U84/><E84/><V70/><F74/><W112/><G112/><T40/><D86/><U134/><E134/><V68/><F75/><W131/><G87/><T69/><D55/><U44/><E44/><V25/><F53/><W116/><G116/><T24/><D54/><U111/><E111/><V0/><F0/><W110/><G17/><T27/><D59/><U4/><E4/><V49/><F72/><W38/><G110/><T135/><D57/><U121/><E121/><V28/><F28/><W79/><G108/><T58/><D56/><U14/><E14/><V96/><F68/><W35/><G35/><T109/><D58/><U118/><E118/><V18/><F70/><W22/><G73/><T104/><D13/><U10/><E10/><V62/><F11/><W101/><G22/><T52/><D8/><U78/><E78/><V129/><F18/><W126/><G77/><T51/><D109/><U128/><AGARI ba="0,1" hai="2,7,9,37,43,45,63,64,71,91,95,98,128,130" machi="128" ten="30,7900,0" yaku="21,2,0,1,53,1" doraHai="102" doraHaiUra="67" who="1" fromWho="1" sc="270,-20,121,89,320,-39,279,-20" /><INIT seed="3,0,0,4,2,8" ten="250,210,281,259" oya="3" hai0="0,53,85,118,43,83,107,35,82,115,88,92,61" hai1="131,81,108,72,68,20,91,97,52,90,111,134,99" hai2="122,98,67,113,54,66,32,103,16,45,37,63,47" hai3="55,48,117,79,75,60,132,42,28,10,21,123,130"/><W18/><G117/><T58/><D118/><U25/><E68/><V50/><F113/><W22/><G123/><T69/><D115/><U51/><E134/><V102/><F32/><W94/><G130/><T57/><D0/><U19/><E131/><V49/><F37/><W40/><G132/><T96/><D69/><U23/><E23/><V15/><F122/><W106/><G106/><T4/><D35/><U44/><E72/><V59/><F98/><W135/><G135/><T3/><D43/><U56/><E44/><V74/><F67/><W9/><G60/><T84/><D4/><U65/><E65/><V30/><F30/><W110/><G110/><N who="1" m="42026" /><E90/><V127/><F127/><W38/><G75/><T126/><D3/><U2/><E2/><V121/><F74/><W62/><G21/><T36/><D36/><U125/><E125/><V100/><F121/><W120/><G120/><T41/><D41/><U129/><E129/><V119/><F119/><W33/><G40/><T11/><D126/><U93/><E81/><N who="0" m="30729" /><D107/><U70/><E70/><V1/><F1/><W34/><G42/><T73/><D73/><U14/><E99/><V13/><F16/><W46/><G38/><T87/><D11/><U105/><E105/><V80/><F80/><W31/><G9/><T24/><D24/><AGARI ba="0,0" hai="14,19,20,24,25,51,52,56,91,93,97" m="42026" machi="24" ten="30,3900,0" yaku="14,1,52,1,54,1" doraHai="8" who="1" fromWho="0" sc="250,-39,210,39,281,0,259,0" /><INIT seed="4,0,0,2,4,9" ten="211,249,281,259" oya="0" hai0="78,18,27,42,85,116,44,17,56,26,96,120,45" hai1="91,25,102,60,38,92,49,119,22,32,95,29,71" hai2="5,34,101,108,46,53,111,74,30,66,106,109,86" hai3="13,69,94,37,19,122,31,89,21,99,47,103,70"/><T75/><D116/><U76/><E119/><V3/><F74/><W84/><G122/><T2/><D120/><U124/><E38/><V23/><F66/><W113/><G113/><T50/><D2/><U115/><E76/><V15/><F86/><W104/><REACH who="3" step="1"/><G31/><REACH who="3" ten="211,249,281,249" step="2"/><T54/><D75/><U121/><E121/><V97/><F30/><W52/><G52/><T118/><D118/><U6/><E115/><V7/><F53/><W117/><G117/><T55/><D96/><U39/><E29/><V67/><F97/><W28/><G28/><T12/><D18/><U133/><E133/><V63/><F109/><W14/><G14/><T0/><D0/><U112/><E112/><V8/><F15/><W127/><G127/><T73/><D73/><U58/><E124/><V24/><F3/><W105/><G105/><T59/><BYE who="3" /><D55/><U125/><E125/><V16/><F106/><W72/><G72/><T90/><D78/><UN n3="%48%61%61%61%6C%61%6E%64" /><U131/><E25/><N who="0" m="9225" /><D42/><AGARI ba="0,1" hai="13,19,21,37,42,47,69,70,84,89,94,99,103,104" machi="42" ten="40,5200,0" yaku="1,1,52,1,53,1" doraHai="9" doraHaiUra="11" who="3" fromWho="0" sc="211,-52,249,0,281,0,249,62" owari="159,-34.1,249,-15.1,281,8.1,311,41.1" /></mjloggm>