<mjloggm ver="2.3"><GO type="225" lobby="0"/><UN n0="%E3%83%A9%E3%83%BC%E3%83%A1%E3%83%B3%E4%BA%94%E9%83%8E" n1="%6D%75%75%6D%75%72%61" n2="%E5%AE%AE%E4%BF%9D%E9%B6%8F%E8%82%89" n3="%E8%A8%88%E7%AE%97%E6%A9%9F%E8%87%AA%E7%84%B6" dan="16,16,16,17" rate="2102.57,2124.31,2137.78,2240.23" sx="M,F,M,M"/><TAIKYOKU oya="0"/><INIT seed="0,0,0,5,3,112" ten="250,250,250,250" oya="0" hai0="96,33,71,48,68,8,27,87,9,54,31,95,61" hai1="17,6,5,89,42,21,126,114,83,93,63,118,91" hai2="24,115,84,92,64,25,133,36,16,119,44,80,41" hai3="19,26,52,39,108,103,106,12,43,34,86,107,40"/><T129/><D129/><U50/><E114/><V125/><F115/><W113/><G113/><T99/><D87/><U72/><E118/><V74/><F133/><W97/><G108/><T117/><D117/><U11/><E126/><V128/><F119/><W90/><G106/><T105/><D105/><U101/><E72/><V14/><F125/><W130/><G130/><T65/><D71/><U10/><E63/><V62/><F92/><W29/><G39/><T127/><D127/><U4/><E101/><V38/><F38/><W66/><G66/><T78/><D78/><U37/><E37/><V56/><F74/><W35/><G35/><T135/><D135/><U111/><E111/><V116/><F128/><W85/><G85/><T98/><REACH who="0" step="1"/><D95/><REACH who="0" ten="240,250,250,250" step="2"/><U49/><E83/><V23/><REACH who="2" step="1"/><F116/><REACH who="2" ten="240,250,240,250" step="2"/><W0/><G107/><T75/><D75/><U47/><E93/><V18/><F18/><W134/><G19/><T30/><D30/><U51/><E17/><V57/><F57/><AGARI ba="0,2" hai="8,9,27,31,33,48,54,57,61,65,68,96,98,99" machi="57" ten="40,2000,0" yaku="1,1,53,0" doraHai="112" doraHaiUra="1" who="0" fromWho="2" sc="240,40,250,0,240,-20,250,0" /><INIT seed="0,1,0,1,1,29" ten="280,250,220,250" oya="0" hai0="85,94,129,6,2,128,70,101,91,82,83,113,89" hai1="18,19,100,61,80,26,104,98,25,60,46,77,105" hai2="9,57,59,65,130,47,14,40,96,38,49,108,27" hai3="53,97,20,84,63,45,86,124,103,30,79,125,116"/><T58/><D70/><U21/><E105/><V16/><F108/><W62/><G116/><T7/><D113/><U75/><E46/><V120/><F120/><W68/><G20/><AGARI ba="1,0" hai="18,19,20,21,25,26,60,61,75,77,80,98,100,104" machi="20" ten="40,1300,0" yaku="9,1" doraHai="29" who="1" fromWho="3" sc="280,0,250,16,220,0,250,-16" /><INIT seed="1,0,0,1,5,60" ten="280,266,220,234" oya="1" hai0="129,70,86,17,121,6,99,28,79,80,41,5,104" hai1="89,15,116,115,14,108,119,77,18,73,126,56,109" hai2="67,44,21,9,100,72,90,97,94,113,110,75,122" hai3="33,81,50,65,38,83,84,27,29,71,128,36,64"/><U37/><E37/><V114/><F122/><W54/><G128/><T133/><D129/><U63/><E115/><N who="2" m="44043" /><F110/><N who="1" m="42601" /><E126/><V43/><F21/><W118/><G118/><N who="1" m="45098" /><E89/><V91/><F9/><W30/><G30/><T47/><D121/><U58/><E18/><V7/><F7/><W88/><G81/><T32/><D17/><U125/><E125/><V93/><F67/><W132/><G132/><T111/><D133/><U13/><E63/><V59/><F59/><N who="1" m="22569" /><E77/><V45/><F91/><W55/><G55/><T8/><D111/><U106/><E106/><V48/><F44/><W78/><G78/><T95/><D104/><U82/><E82/><V74/><F75/><AGARI ba="0,0" hai="13,14,15,73,75" m="22569,45098,42601" machi="75" ten="40,12000,1" yaku="28,2,14,1,10,1" doraHai="60" who="1" fromWho="2" sc="280,0,266,120,220,-120,234,0" /><INIT seed="1,1,0,0,4,132" ten="280,386,100,234" oya="1" hai0="5,16,55,10,120,80,7,6,90,23,47,15,110" hai1="97,79,46,109,12,42,68,107,3,48,65,82,50" hai2="53,32,112,126,70,118,119,13,116,29,93,128,122" hai3="72,124,40,62,73,104,49,57,111,38,83,75,27"/><U26/><E3/><V105/><F105/><W43/><G104/><T78/><D110/><U17/><E109/><V45/><F70/><W61/><G111/><T28/><D120/><U85/><E26/><N who="2" m="18487" /><F93/><W114/><G114/><T36/><D36/><U125/><E48/><V100/><F100/><W35/><G38/><T74/><D28/><U130/><E130/><V18/><F53/><W131/><G131/><T84/><D55/><U69/><E107/><V51/><F51/><W2/><G2/><T115/><D47/><U76/><E97/><V64/><F64/><W9/><G9/><T21/><REACH who="0" step="1"/><D115/><REACH who="0" ten="270,386,100,234" step="2"/><U129/><E46/><V106/><F45/><W134/><G40/><T39/><D39/><U66/><E42/><V86/><F112/><W91/><G43/><T25/><D25/><U54/><E54/><V89/><F128/><W60/><G27/><T94/><AGARI ba="1,1" hai="5,6,7,10,15,16,21,23,74,78,80,84,90,94" machi="94" ten="30,7900,0" yaku="1,1,0,1,54,1,53,1" doraHai="132" doraHaiUra="81" who="0" fromWho="0" sc="270,92,386,-40,100,-21,234,-21" /><INIT seed="2,0,0,4,5,116" ten="362,346,79,213" oya="2" hai0="86,58,113,127,54,1,38,40,87,79,64,131,120" hai1="55,3,124,52,12,59,35,110,97,31,8,126,67" hai2="95,25,22,72,14,6,9,102,94,56,23,106,4" hai3="62,83,68,19,101,119,47,17,89,125,16,27,135"/><V70/><F70/><W61/><G119/><T96/><D1/><U103/><E110/><V99/><F72/><W41/><G135/><T73/><D113/><U24/><E3/><V44/><F4/><W122/><G125/><N who="1" m="48234" /><E67/><V100/><F56/><W128/><G128/><T85/><D131/><U10/><E59/><V92/><F100/><W57/><G122/><T29/><D120/><U78/><E78/><V21/><REACH who="2" step="1"/><F44/><REACH who="2" ten="362,346,69,213" step="2"/><W98/><G68/><T49/><D73/><U80/><E103/><V118/><F118/><W75/><G57/><T32/><D58/><U26/><E55/><V53/><F53/><W77/><G27/><AGARI ba="0,1" hai="6,9,14,21,22,23,25,27,92,94,95,99,102,106" machi="27" ten="40,2000,0" yaku="1,1,53,0" doraHai="116" doraHaiUra="76" who="2" fromWho="3" sc="362,0,346,0,69,30,213,-20" /><INIT seed="2,1,0,1,2,58" ten="362,346,99,193" oya="2" hai0="13,67,49,130,46,68,76,108,25,119,9,3,11" hai1="21,118,37,62,63,110,4,19,135,94,6,85,112" hai2="31,117,88,84,8,35,105,81,40,83,101,123,77" hai3="72,32,34,18,98,134,91,12,95,53,5,47,60"/><V70/><F117/><W107/><G72/><T87/><D119/><U131/><E112/><V50/><F123/><W1/><G134/><T7/><D108/><U114/><E118/><V26/><F70/><W57/><G107/><T24/><D130/><U120/><E37/><V0/><F105/><W36/><G5/><N who="1" m="2154" /><E114/><V29/><F101/><W39/><G1/><T59/><D68/><U124/><E110/><V16/><F0/><W55/><G36/><T104/><D104/><U80/><E131/><V56/><F31/><W111/><G111/><T99/><D99/><U121/><E135/><V96/><F96/><W14/><G14/><T33/><D33/><U52/><E124/><V103/><F103/><W28/><G28/><T65/><D11/><U100/><E100/><V69/><F69/><W97/><G97/><T15/><D15/><N who="1" m="9471" /><E94/><V102/><F102/><W78/><G78/><T66/><D59/><U128/><E128/><V122/><F122/><N who="1" m="47209" /><E52/><V106/><F106/><W86/><G98/><T74/><D74/><U133/><E133/><V116/><F116/><W127/><G127/><T42/><D3/><U38/><E38/><V44/><F56/><W48/><REACH who="3" step="1"/><G39/><REACH who="3" ten="362,346,99,183" step="2"/><T17/><D7/><U30/><E30/><V75/><REACH who="2" step="1"/><F8/><AGARI ba="1,1" hai="8,12,18,32,34,47,48,53,55,57,60,86,91,95" machi="8" ten="30,8000,1" yaku="1,1,2,1,7,1,52,1,53,1" doraHai="58" doraHaiUra="54" who="3" fromWho="2" sc="362,0,346,0,99,-83,183,93" /><INIT seed="3,0,0,5,2,29" ten="362,346,16,276" oya="3" hai0="24,42,123,20,30,34,79,16,81,65,70,0,26" hai1="49,57,52,94,58,37,102,67,75,95,71,85,125" hai2="43,2,120,105,56,86,119,68,127,59,134,110,84" hai3="82,11,44,74,135,45,108,99,133,62,69,38,22"/><W96/><G22/><T10/><D123/><U61/><E75/><V124/><F43/><W93/><G11/><T8/><D42/><U107/><E37/><V64/><F64/><N who="3" m="41111" /><G38/><T117/><D117/><U21/><E125/><V4/><F4/><W112/><G112/><T129/><D129/><U118/><E118/><V76/><F76/><N who="3" m="44311" /><G99/><T63/><D0/><U7/><E107/><V27/><F27/><W77/><G77/><T111/><D111/><U41/><E41/><V23/><F23/><W97/><G97/><T91/><D91/><N who="1" m="53615" /><E71/><V9/><F9/><W40/><G40/><T132/><D132/><N who="3" m="50761" /><G108/><T131/><D131/><U18/><E7/><V5/><F5/><W1/><G1/><T13/><D13/><N who="1" m="9423" /><E95/><V6/><F6/><W126/><G126/><T36/><D36/><U66/><E66/><V103/><F134/><W17/><G17/><T100/><D100/><AGARI ba="0,0" hai="49,52,57,58,61,67,100,102" m="9423,53615" machi="100" ten="30,3900,0" yaku="25,1,8,1,54,1" doraHai="29" who="1" fromWho="0" sc="362,-39,346,39,16,0,276,0" /><AGARI ba="0,0" hai="44,45,93,96,100" m="50761,44311,41111" machi="100" ten="30,1500,0" yaku="20,1" doraHai="29" who="3" fromWho="0" sc="323,-15,385,0,16,0,276,15" /><INIT seed="3,1,0,4,5,20" ten="308,385,16,291" oya="3" hai0="48,12,110,96,125,61,103,82,128,112,72,102,76" hai1="120,73,16,111,107,25,41,10,1,38,9,124,27" hai2="58,91,134,59,81,5,117,122,123,65,42,77,92" hai3="62,85,14,24,74,7,39,53,11,97,36,32,15"/><W35/><G74/><T26/><D110/><U70/><E120/><V94/><F42/><W45/><G85/><T55/><D128/><U132/><E70/><V101/><F5/><W98/><G14/><T56/><D125/><U6/><E107/><V121/><F65/><W51/><G62/><T89/><D112/><U105/><E105/><V93/><F91/><W13/><G13/><T106/><D102/><U126/><E73/><V78/><F101/><W50/><G50/><T88/><D12/><N who="1" m="7183" /><E111/><V52/><F52/><W113/><G113/><T63/><D63/><U79/><E79/><V104/><F104/><W84/><G84/><T64/><REACH who="0" step="1"/><D26/><REACH who="0" ten="298,385,16,291" step="2"/><U37/><E126/><V49/><F49/><W118/><G118/><T95/><D95/><U109/><E109/><V3/><F117/><W19/><G7/><T40/><D40/><U8/><E124/><V108/><F108/><W21/><G11/><T69/><AGARI ba="1,1" hai="48,55,56,61,64,69,72,76,82,88,89,96,103,106" machi="69" ten="20,5200,0" yaku="1,1,0,1,7,1,54,1,53,0" doraHai="20" doraHaiUra="33" who="0" fromWho="0" sc="298,65,385,-14,16,-14,291,-27" owari="363,16.3,371,47.1,2,-49.8,264,-13.6" /></mjloggm>