<mjloggm ver="2.3"><GO type="225" lobby="0"/><UN n0="%E3%81%A0%E3%81%8A" n1="%E6%97%A5%E6%9B%9C%E6%97%A5%E3%82%88%E3%82%8A%E3%81%AE%E4%BD%BF%E8%80%85" n2="%E3%82%B3%E3%83%90%E3%83%AC%E3%82%A4" n3="%E5%A4%9C%E3%81%AE%E3%82%AC%E3%82%B9%E3%83%91%E3%83%BC%E3%83%AB" dan="16,16,16,17" rate="2049.96,2083.58,2065.65,2177.59" sx="M,M,M,M"/><TAIKYOKU oya="0"/><INIT seed="0,0,0,0,5,129" ten="250,250,250,250" oya="0" hai0="11,22,125,122,35,124,72,27,28,10,29,47,26" hai1="38,59,19,105,82,33,13,68,135,79,88,9,70" hai2="106,45,108,96,4,67,132,114,31,95,1,85,119" hai3="64,71,83,113,7,39,97,51,20,103,111,14,44"/><T81/><D72/><U21/><E105/><V112/><F119/><W116/><G116/><T66/><D81/><U110/><E38/><V91/><F31/><W74/><G113/><T84/><D84/><U8/><E33/><V63/><F108/><W3/><G111/><T56/><D47/><U86/><E110/><V24/><F24/><W62/><G20/><N who="0" m="15431" /><D56/><U55/><E135/><V2/><F132/><W58/><G14/><T120/><D66/><U61/><REACH who="1" step="1"/><E79/><REACH who="1" ten="250,240,250,250" step="2"/><V94/><F106/><W46/><G39/><T12/><D35/><U107/><E107/><V25/><F114/><W36/><G36/><T53/><D53/><U23/><E23/><V92/><F112/><W130/><G64/><T126/><D10/><AGARI ba="0,1" hai="8,9,10,13,19,21,55,59,61,68,70,82,86,88" machi="10" ten="40,2600,0" yaku="1,1,54,1,53,0" doraHai="129" doraHaiUra="73" who="1" fromWho="0" sc="250,-26,240,36,250,0,250,0" /><INIT seed="1,0,0,2,4,55" ten="224,276,250,250" oya="1" hai0="42,75,74,32,46,131,65,26,15,120,4,128,78" hai1="19,60,8,71,92,64,49,11,54,18,102,130,94" hai2="68,77,98,103,5,80,10,90,70,3,22,13,36" hai3="127,62,101,99,61,76,119,69,86,115,72,117,25"/><U85/><E130/><N who="0" m="49705" /><D78/><U87/><E102/><V114/><F36/><W35/><G115/><T88/><D65/><U67/><E71/><V50/><F90/><W83/><G127/><T28/><D120/><U81/><E60/><V97/><F97/><W132/><G132/><T34/><D32/><U118/><E118/><N who="3" m="45066" /><G69/><T33/><D33/><U43/><E43/><V6/><F114/><W52/><G72/><T31/><D31/><U104/><E104/><V63/><F63/><W9/><G9/><N who="1" m="3658" /><E64/><V37/><F37/><W66/><G66/><T47/><D4/><U100/><E67/><V134/><F134/><W96/><G35/><T27/><D15/><U107/><E107/><V0/><F5/><W14/><G14/><T129/><D26/><U38/><E38/><V84/><F3/><W109/><G25/><T41/><N who="0" m="49713" /><T106/><DORA hai="20" /><D106/><U105/><E105/><V1/><F1/><W51/><G109/><T93/><D42/><U53/><E18/><V108/><F108/><W122/><G122/><T2/><D2/><U91/><E19/><V58/><F0/><W123/><G123/><T95/><D95/><U7/><E7/><V30/><F70/><W45/><G101/><T12/><D12/><U135/><E100/><V121/><F68/><W82/><G82/><T89/><D89/><N who="1" m="53295" /><E135/><V79/><F121/><W29/><G29/><T40/><D41/><U16/><E94/><N who="2" m="58839" /><F79/><W21/><G76/><T111/><D111/><U124/><E16/><V56/><F50/><W59/><G51/><N who="0" m="27079" /><D47/><N who="1" m="27839" /><E124/><V116/><F116/><W73/><G73/><T39/><D39/><RYUUKYOKU ba="0,0" sc="224,10,276,10,250,10,250,-30" hai0="27,28,34,74,75,88,93" hai1="54,81,87,91" hai2="6,10,13,22,30,56,58,77,80,84" /><INIT seed="1,1,0,5,5,58" ten="234,286,260,220" oya="1" hai0="29,119,76,125,1,94,54,13,49,110,130,109,21" hai1="84,69,83,81,14,106,73,3,133,108,128,70,67" hai2="40,127,75,66,116,36,57,87,60,43,113,134,122" hai3="15,18,135,89,53,41,46,88,118,102,39,35,10"/><U92/><E3/><V27/><F122/><W112/><G112/><T105/><D119/><U91/><E106/><V5/><F113/><W90/><G35/><T33/><D1/><U22/><E128/><V78/><F75/><W47/><G135/><T63/><D130/><U120/><E120/><V80/><F134/><W61/><G102/><T99/><D105/><U101/><E133/><V82/><F116/><W19/><G118/><T9/><D125/><U86/><E73/><V59/><F127/><W123/><G123/><T55/><D76/><U65/><E108/><N who="0" m="41577" /><D33/><U71/><E101/><V114/><F114/><W85/><G19/><N who="0" m="8623" /><D63/><U12/><E92/><V7/><F36/><W2/><G2/><T38/><D38/><U52/><E52/><N who="0" m="20009" /><D49/><U132/><E132/><V25/><F78/><W34/><G34/><T42/><D42/><U0/><E0/><V124/><F60/><W98/><G98/><T20/><D29/><U4/><E4/><V72/><F72/><W31/><G31/><T100/><AGARI ba="1,0" hai="20,21,94,99,100" m="20009,8623,41577" machi="100" ten="30,2000,0" yaku="14,1,54,1" doraHai="58" who="0" fromWho="0" sc="234,23,286,-11,260,-6,220,-6" /><INIT seed="2,0,0,3,5,90" ten="257,275,254,214" oya="2" hai0="49,21,33,62,18,10,104,9,36,87,73,29,85" hai1="30,28,88,59,125,133,54,15,2,17,95,13,6" hai2="112,99,120,14,92,97,82,24,132,126,123,130,12" hai3="60,8,20,83,32,70,77,63,94,66,128,75,124"/><V116/><F112/><W100/><G32/><T26/><D36/><U61/><E125/><V22/><F116/><W111/><G124/><T43/><D73/><U45/><E133/><V64/><F126/><W34/><G34/><T84/><D104/><U47/><E2/><V69/><F132/><W134/><G134/><T71/><D49/><U67/><E6/><V76/><F130/><W98/><G128/><T129/><D43/><U19/><E67/><V52/><F99/><W101/><G111/><T4/><D129/><U57/><E57/><V114/><F114/><W108/><G108/><T51/><D51/><U0/><E0/><V119/><F119/><W110/><G110/><T42/><D42/><U122/><E122/><V96/><F96/><W89/><G8/><T7/><D62/><U68/><E68/><V86/><F64/><W35/><G35/><T109/><D71/><U46/><E15/><V74/><F74/><W106/><G63/><T105/><D105/><U50/><E61/><V107/><F107/><W44/><G106/><T56/><D56/><U127/><E127/><V16/><F69/><W11/><G11/><N who="0" m="4107" /><D109/><U80/><E80/><V55/><F123/><W135/><G135/><T1/><D1/><U115/><E115/><V91/><F120/><W102/><REACH who="3" step="1"/><G44/><REACH who="3" ten="257,275,254,204" step="2"/><T38/><D33/><U37/><E46/><V81/><F82/><W27/><G27/><T103/><D4/><U93/><E45/><V118/><F118/><W72/><G72/><T48/><D7/><U40/><E47/><V113/><F113/><W23/><AGARI ba="0,1" hai="20,23,60,66,70,75,77,83,89,94,98,100,101,102" machi="23" ten="30,4000,0" yaku="1,1,0,1,52,1,53,0" doraHai="90" doraHaiUra="5" who="3" fromWho="3" sc="257,-10,275,-10,254,-20,204,50" /><INIT seed="3,0,0,1,2,113" ten="247,265,234,254" oya="3" hai0="82,123,124,51,21,6,73,65,57,120,54,92,28" hai1="100,19,110,118,2,86,64,85,46,89,23,95,25" hai2="16,121,60,116,115,72,81,135,18,3,107,67,8" hai3="48,44,38,130,88,24,125,103,22,37,133,7,61"/><W45/><G125/><T78/><D124/><U31/><E2/><V131/><F115/><W79/><G130/><T12/><D65/><U104/><E110/><V62/><F131/><W80/><G133/><T97/><D6/><U69/><E118/><V96/><F135/><W98/><G7/><T99/><D99/><U117/><E117/><V68/><F116/><W102/><G61/><T39/><D39/><U55/><E104/><V17/><F121/><W87/><G38/><T33/><D33/><U58/><E100/><N who="3" m="38442" /><G48/><T10/><D10/><U41/><E69/><V42/><F42/><W111/><G37/><T114/><D114/><U40/><E64/><V36/><F36/><W59/><G59/><T70/><D70/><U84/><E31/><V94/><F107/><W134/><G111/><T32/><D32/><U56/><E56/><V71/><F3/><W5/><G5/><T76/><D76/><U91/><E46/><V26/><F8/><W105/><G105/><T47/><D47/><U83/><REACH who="1" step="1"/><E86/><REACH who="1" ten="247,255,234,254" step="2"/><V128/><F128/><W34/><G134/><T112/><D112/><U9/><E9/><V43/><F43/><W132/><G132/><T53/><D28/><U27/><E27/><V15/><F26/><W108/><G108/><T11/><D11/><U29/><E29/><V35/><F15/><W93/><G34/><T20/><D12/><U109/><E109/><V119/><F119/><W30/><AGARI ba="0,1" hai="22,24,30,44,45,79,80,87,88,93,98" m="38442" machi="30" ten="30,3000,0" yaku="8,1,54,1" doraHai="113" who="3" fromWho="3" sc="247,-10,255,-10,234,-10,254,40" /><INIT seed="3,1,0,0,5,40" ten="237,245,224,294" oya="3" hai0="6,43,34,101,92,72,55,115,122,10,94,97,112" hai1="4,7,79,83,107,23,26,32,9,28,68,135,15" hai2="56,100,27,36,29,124,88,96,78,1,63,25,57" hai3="104,121,123,65,47,118,61,52,76,129,54,119,128"/><W110/><G104/><T73/><D122/><N who="3" m="46601" /><G76/><T2/><D34/><U50/><E107/><V102/><F1/><W90/><G90/><T133/><D43/><U108/><E68/><V81/><F36/><W49/><G54/><T30/><D133/><U53/><E135/><V82/><F124/><W113/><G110/><T134/><D30/><U14/><E108/><V106/><F100/><W16/><G16/><T93/><D134/><U89/><E89/><V127/><F127/><W132/><G113/><N who="0" m="43595" /><D55/><U116/><E116/><N who="3" m="44586" /><G132/><T98/><D98/><U13/><E79/><V59/><F63/><W85/><G85/><T125/><D125/><U38/><E53/><V84/><REACH who="2" step="1"/><F29/><REACH who="2" ten="237,245,214,294" step="2"/><W86/><G86/><AGARI ba="1,1" hai="25,27,56,57,59,78,81,82,84,86,88,96,102,106" machi="86" ten="40,8000,1" yaku="1,1,2,1,54,1,53,1" doraHai="40" doraHaiUra="87" who="2" fromWho="3" sc="237,0,245,0,214,93,294,-83" owari="237,-16.3,245,4.5,307,40.7,211,-28.9" /></mjloggm>