<mjloggm ver="2.3"><GO type="225" lobby="0"/><UN n0="%E3%81%8A%E3%81%8B%E3%81%8F%E3%82%89" n1="%70%68%65%6E%6F%6D%65" n2="%41%54%53%4D" n3="%E3%83%B4%E3%83%A0%EF%BC%99%E3%81%A6" dan="17,17,16,17" rate="2117.47,2169.72,2116.14,2252.12" sx="M,M,M,M"/><TAIKYOKU oya="0"/><INIT seed="0,0,0,4,0,15" ten="250,250,250,250" oya="0" hai0="50,82,117,38,62,27,99,89,134,51,22,2,12" hai1="104,9,11,31,85,19,108,33,76,54,92,42,57" hai2="7,59,109,58,100,70,66,119,53,43,95,45,75" hai3="118,16,77,35,123,67,49,46,103,113,79,10,6"/><T90/><D2/><U13/><E104/><V120/><F75/><W133/><G113/><T41/><D117/><U115/><E108/><V83/><F120/><W60/><G118/><T14/><D134/><U74/><E115/><V18/><F119/><W1/><G35/><T125/><D38/><U88/><E42/><V96/><F109/><W69/><G103/><T3/><D3/><U128/><E128/><V101/><F7/><W21/><G133/><T0/><D0/><U91/><E74/><V131/><F131/><W73/><G73/><T8/><D62/><U111/><E111/><V24/><F83/><W80/><G80/><T121/><D41/><U135/><E135/><V47/><F70/><W107/><G107/><T124/><D14/><U63/><E76/><V4/><F4/><W30/><G30/><N who="0" m="17783" /><D121/><U56/><E31/><V127/><F127/><N who="0" m="48714" /><D99/><N who="1" m="57735" /><E33/><V87/><F43/><W48/><G123/><T61/><D61/><U68/><E68/><V40/><F40/><W37/><G37/><T23/><D23/><N who="1" m="11759" /><E57/><V106/><F59/><W52/><G48/><N who="0" m="18475" /><D82/><AGARI ba="0,0" hai="9,11,54,56,63,82,85,91" m="11759,57735" machi="82" ten="30,3900,0" yaku="8,1,52,1,54,1" doraHai="15" who="1" fromWho="0" sc="250,-39,250,39,250,0,250,0" /><INIT seed="1,0,0,3,0,78" ten="211,289,250,250" oya="1" hai0="102,6,23,80,3,71,127,60,28,95,74,40,96" hai1="16,22,35,15,25,10,67,133,89,82,58,72,126" hai2="122,9,84,44,37,129,49,24,121,30,68,131,100" hai3="17,69,87,18,11,50,13,118,31,90,65,5,29"/><U125/><E133/><V52/><F37/><W14/><G118/><T109/><D109/><U42/><E42/><V81/><F68/><W105/><G105/><T92/><D127/><N who="1" m="48651" /><E35/><V77/><F100/><W64/><G50/><T97/><D40/><U66/><E58/><V33/><REACH who="2" step="1"/><F9/><REACH who="2" ten="211,289,240,250" step="2"/><W2/><G69/><T103/><D71/><U73/><E72/><V70/><F70/><W34/><G11/><T41/><D103/><U114/><E114/><V108/><F108/><W21/><G34/><T113/><D102/><U32/><E32/><V117/><F117/><W57/><G64/><T79/><D113/><U39/><E39/><V54/><F54/><W104/><G65/><T93/><D41/><U124/><E124/><V132/><F132/><W98/><G104/><T85/><D60/><U94/><E73/><V56/><F56/><W91/><G57/><T116/><D74/><U46/><E46/><V62/><F62/><W115/><G115/><T55/><D55/><U76/><E66/><V88/><F88/><W130/><G90/><T107/><D116/><U75/><E67/><V111/><F111/><W61/><G61/><T123/><D107/><U110/><E110/><V38/><F38/><W12/><G91/><T99/><D123/><AGARI ba="0,1" hai="24,30,33,44,49,52,77,81,84,121,122,123,129,131" machi="123" ten="40,8000,1" yaku="1,1,52,1,54,1,53,1" doraHai="78" doraHaiUra="26" who="2" fromWho="0" sc="211,-80,289,0,240,90,250,0" /><INIT seed="2,0,0,2,1,67" ten="131,289,330,250" oya="2" hai0="74,14,133,75,127,3,20,29,0,47,103,70,132" hai1="39,109,90,100,123,107,116,53,108,126,66,31,79" hai2="101,120,64,40,83,18,93,57,8,117,13,7,15" hai3="113,44,89,25,130,34,56,122,125,28,4,69,65"/><V92/><F117/><W43/><G122/><T105/><D47/><U1/><E116/><V85/><F120/><W128/><G56/><T12/><D20/><U104/><E123/><V60/><F40/><W131/><G125/><T30/><D103/><U32/><E1/><V55/><F101/><W98/><G4/><T110/><D110/><U68/><E39/><V35/><F35/><W59/><G59/><T86/><D86/><U91/><E79/><V26/><F26/><W88/><G113/><T82/><D82/><U11/><E11/><V33/><F33/><W45/><G98/><T129/><D105/><U118/><E53/><V87/><F64/><W81/><G81/><T24/><D24/><N who="1" m="18535" /><E118/><V6/><F87/><W124/><G124/><T17/><D127/><U77/><E77/><V114/><F114/><W19/><G19/><T50/><D17/><U46/><E46/><N who="3" m="18026" /><G43/><T73/><D73/><U58/><E58/><V38/><F38/><W134/><G134/><T76/><D76/><U36/><E36/><V49/><F60/><AGARI ba="0,0" hai="25,28,34,60,65,69,88,89,128,130,131" m="18026" machi="60" ten="40,5200,0" yaku="19,1,52,1,54,1" doraHai="67" who="3" fromWho="2" sc="131,0,289,0,330,-52,250,52" /><INIT seed="3,0,0,2,5,125" ten="131,289,278,302" oya="3" hai0="117,55,85,115,80,58,3,62,28,128,65,27,124" hai1="67,43,45,81,131,105,107,64,35,123,34,46,106" hai2="111,86,108,11,0,88,32,83,18,126,103,25,78" hai3="53,59,15,121,75,73,104,9,132,12,19,77,16"/><W57/><G121/><T95/><D3/><U116/><E123/><V119/><F119/><W63/><G104/><T52/><D117/><U39/><E116/><V6/><F126/><W97/><G132/><T8/><D124/><U76/><E46/><V99/><F78/><W33/><G33/><T24/><D115/><U120/><E120/><V94/><REACH who="2" step="1"/><F18/><REACH who="2" ten="131,289,268,302" step="2"/><W2/><G77/><N who="0" m="46223" /><D128/><U49/><E131/><V87/><F87/><W127/><G127/><T82/><D82/><U66/><REACH who="1" step="1"/><E39/><REACH who="1" ten="131,279,268,302" step="2"/><V31/><AGARI ba="0,2" hai="0,6,11,25,31,32,83,86,88,94,99,103,108,111" machi="31" ten="30,4000,0" yaku="1,1,0,1,54,1,53,0" doraHai="125" doraHaiUra="48" who="2" fromWho="2" sc="131,-10,279,-10,268,60,302,-20" owari="121,-37.9,269,-13.1,328,42.8,282,8.2" /></mjloggm>