<mjloggm ver="2.3"><GO type="225" lobby="0"/><UN n0="%E3%81%B5%E3%81%98%E3%81%8B%E3%81%A4" n1="%E9%B3%B3%E6%9D%B1%E3%81%AE%E3%81%86%E3%81%95%E3%81%8E%E3%81%95%E3%82%93" n2="%E9%97%98%E5%B0%86%E3%81%A0%E3%82%93%E3%81%A7%E3%81%83" n3="%E3%81%BF%E3%81%BF%E3%81%9A" dan="16,17,16,17" rate="2177.59,2261.99,2138.15,2279.99" sx="M,M,M,M"/><TAIKYOKU oya="0"/><INIT seed="0,0,0,3,5,75" ten="250,250,250,250" oya="0" hai0="84,89,78,119,70,14,131,108,55,83,126,49,26" hai1="61,102,29,68,104,100,106,109,35,86,107,95,124" hai2="64,88,115,38,132,36,74,134,120,21,32,127,117" hai3="71,3,85,1,41,110,5,98,31,90,54,96,80"/><T81/><D119/><U13/><E109/><V72/><F32/><W97/><G71/><T65/><D108/><U101/><E124/><V20/><F115/><W44/><G110/><T27/><D126/><U40/><E40/><V111/><F127/><W33/><G54/><T42/><D131/><U43/><E43/><V25/><F111/><W10/><G3/><T4/><D42/><U125/><E125/><V15/><F15/><W52/><G33/><T76/><D70/><U22/><E35/><V48/><F48/><W16/><G31/><T114/><D65/><U69/><E61/><V53/><F53/><W24/><G41/><T59/><D114/><U128/><E128/><V91/><F25/><N who="0" m="9226" /><D83/><U7/><E29/><V133/><F133/><W9/><G1/><T28/><D28/><U66/><E66/><V46/><F64/><W0/><G5/><T67/><D67/><U30/><E30/><V57/><F57/><W23/><G0/><T73/><D73/><U60/><E60/><V47/><REACH who="2" step="1"/><F117/><REACH who="2" ten="250,250,240,250" step="2"/><W62/><G62/><T56/><D56/><U6/><E68/><V92/><F92/><W94/><G94/><T12/><D12/><U50/><E69/><V34/><F34/><W79/><G90/><T17/><D4/><U116/><E116/><V135/><F135/><W103/><G103/><T82/><D81/><U37/><E6/><V51/><F51/><AGARI ba="0,1" hai="9,10,16,23,24,44,51,52,79,80,85,96,97,98" machi="51" ten="40,8000,1" yaku="8,1,52,1,54,2" doraHai="75" who="3" fromWho="2" sc="250,0,250,0,240,-80,250,90" /><INIT seed="1,0,0,0,4,133" ten="250,250,160,340" oya="1" hai0="36,129,114,11,119,52,47,72,30,43,101,13,19" hai1="113,94,118,116,1,58,63,107,79,71,18,7,42" hai2="100,8,49,61,6,28,109,56,89,76,117,88,41" hai3="2,123,57,78,85,26,77,112,106,83,16,130,92"/><U27/><E113/><V3/><F117/><W87/><G123/><T50/><D119/><U98/><E107/><V65/><F109/><W46/><G106/><T105/><D114/><U32/><E71/><V40/><F100/><W75/><G2/><T73/><D129/><U10/><E42/><V66/><F76/><W80/><G112/><T24/><D101/><U53/><E79/><V67/><F28/><W64/><G130/><T5/><D5/><U12/><E32/><V59/><F41/><W96/><G46/><T127/><D127/><U126/><E126/><V20/><F20/><W74/><G64/><T44/><REACH who="0" step="1"/><D105/><REACH who="0" ten="240,250,160,340" step="2"/><U45/><E118/><V31/><F31/><W25/><G16/><T95/><D95/><U39/><E116/><V110/><F110/><W21/><G92/><T35/><AGARI ba="0,1" hai="11,13,19,24,30,35,36,43,44,47,50,52,72,73" machi="35" ten="20,5200,0" yaku="1,1,0,1,7,1,54,1,53,0" doraHai="133" doraHaiUra="125" who="0" fromWho="0" sc="240,62,250,-26,160,-13,340,-13" /><INIT seed="2,0,0,5,2,83" ten="302,224,147,327" oya="2" hai0="68,57,95,102,32,86,124,106,69,3,12,58,90" hai1="101,129,70,93,115,37,110,119,59,52,100,73,82" hai2="84,6,46,116,53,23,108,81,1,88,63,15,14" hai3="113,28,133,50,77,107,64,48,21,13,130,105,111"/><V112/><F112/><W54/><G64/><T26/><D3/><U56/><E115/><V92/><F116/><W2/><G113/><T45/><D124/><U22/><E119/><V42/><F108/><W120/><G120/><T10/><D45/><U80/><E70/><V126/><F126/><W44/><G2/><T99/><D68/><U91/><E37/><V24/><F63/><W60/><G111/><T87/><D69/><U29/><E129/><V4/><F53/><W47/><G60/><T30/><REACH who="0" step="1"/><D86/><REACH who="0" ten="292,224,147,327" step="2"/><N who="1" m="52471" /><E73/><V55/><F55/><W35/><G47/><T75/><D75/><U76/><E56/><V67/><F67/><W117/><G44/><T16/><AGARI ba="0,1" hai="10,12,16,26,30,32,57,58,87,90,95,99,102,106" machi="16" ten="20,8000,1" yaku="1,1,0,1,7,1,52,1,54,1,53,0" doraHai="83" doraHaiUra="34" who="0" fromWho="0" sc="292,90,224,-20,147,-40,327,-20" /><INIT seed="3,0,0,4,5,19" ten="382,204,107,307" oya="3" hai0="109,76,123,103,91,52,15,22,50,111,5,80,119" hai1="61,17,45,107,0,92,95,100,44,128,77,93,82" hai2="81,35,27,108,13,47,113,30,97,34,105,114,38" hai3="40,46,104,42,130,73,10,79,88,129,90,120,33"/><W70/><G120/><T98/><D123/><U116/><E0/><V53/><F108/><N who="0" m="41546" /><D119/><U16/><E116/><V36/><F53/><W122/><G122/><T54/><D91/><N who="3" m="34857" /><G70/><T99/><D5/><U125/><E125/><V131/><F131/><N who="3" m="50187" /><G104/><N who="0" m="63607" /><D99/><U94/><E128/><V3/><F3/><W133/><G133/><T64/><D64/><U124/><E124/><V59/><F59/><W115/><G115/><T132/><D132/><U49/><E107/><V121/><F121/><W8/><G33/><T11/><D50/><U41/><E61/><V85/><F38/><N who="3" m="21783" /><G42/><T2/><D2/><U23/><E100/><V106/><F35/><W101/><G101/><T86/><D11/><U62/><E44/><V68/><F106/><W39/><G39/><T26/><D15/><U48/><E45/><V71/><F113/><W69/><G69/><T14/><D14/><U60/><E41/><V74/><F114/><W29/><G29/><AGARI ba="0,0" hai="22,26,29,52,54,76,80,86" m="63607,41546" machi="29" ten="30,3900,0" yaku="14,1,52,1,54,1" doraHai="19" who="0" fromWho="3" sc="382,39,204,0,107,0,307,-39" owari="421,52.1,204,-19.6,107,-39.3,268,6.8" /></mjloggm>