<mjloggm ver="2.3"><GO type="225" lobby="0"/><UN n0="%72%61%6B%33" n1="%E3%82%BC%E3%83%AB%E3%83%80%E3%81%AE%E4%BC%9D%E8%AA%AC" n2="%E3%83%B4%E3%83%A0%EF%BC%99%E3%81%A6" n3="%E6%B8%A9%E2%98%85%E6%83%85%E2%98%85%E6%8E%AA%E2%98%85%E7%BD%AE" dan="17,16,17,16" rate="2161.37,2185.54,2151.17,2141.82" sx="M,M,M,M"/><TAIKYOKU oya="0"/><INIT seed="0,0,0,5,0,62" ten="250,250,250,250" oya="0" hai0="21,116,51,68,16,90,110,7,66,129,130,74,95" hai1="100,81,41,9,44,59,101,65,124,75,37,33,134" hai2="77,82,31,1,10,54,93,61,12,135,50,94,67" hai3="105,107,36,123,42,17,84,39,71,15,79,91,76"/><T38/><D38/><U64/><E33/><V52/><F1/><W11/><G123/><T127/><D116/><U20/><E124/><V128/><F31/><W13/><G71/><T3/><D74/><U25/><E134/><V125/><F125/><W24/><G24/><T112/><D127/><U102/><E59/><V22/><F22/><W49/><G49/><T103/><D112/><U63/><E63/><V29/><F29/><W108/><G108/><T92/><D110/><U45/><E45/><V86/><F128/><N who="0" m="49258" /><D103/><U48/><E37/><V4/><F135/><W111/><G111/><T56/><D90/><U132/><E132/><V35/><F35/><W2/><G2/><T0/><D68/><U106/><E106/><V117/><F117/><W126/><G126/><T73/><D73/><U53/><E41/><V69/><REACH who="2" step="1"/><F54/><REACH who="2" ten="250,250,240,250" step="2"/><W60/><G11/><N who="0" m="2535" /><D3/><U88/><E9/><V83/><F83/><W40/><G15/><N who="0" m="9375" /><D66/><U55/><E53/><AGARI ba="0,1" hai="51,53,56,92,95" m="9375,2535,49258" machi="53" ten="30,2900,0" yaku="19,1,54,1" doraHai="62" who="0" fromWho="1" sc="250,39,250,-29,240,0,250,0" /><INIT seed="0,1,0,0,2,90" ten="289,221,240,250" oya="0" hai0="87,14,109,45,20,88,52,81,120,37,38,40,60" hai1="72,26,59,128,24,5,16,49,23,57,10,7,62" hai2="124,56,102,2,66,70,0,115,50,18,43,3,78" hai3="99,85,80,104,61,19,77,93,118,6,131,54,17"/><T25/><D120/><U1/><E128/><V53/><F115/><W44/><G118/><T89/><D109/><U48/><E72/><V32/><F124/><W65/><G131/><T112/><D112/><U110/><E110/><V36/><F32/><W97/><G104/><T29/><D14/><U8/><E24/><V13/><F78/><W132/><G132/><T114/><D114/><U30/><E30/><V42/><F102/><W113/><G6/><T119/><D119/><U58/><REACH who="1" step="1"/><E62/><REACH who="1" ten="289,211,240,250" step="2"/><N who="2" m="40279" /><F42/><W68/><G113/><T41/><D41/><U63/><E63/><V107/><F107/><W91/><G99/><T116/><D116/><U101/><E101/><V64/><F64/><W83/><G65/><T47/><D60/><U127/><E127/><V134/><F134/><W33/><G61/><T71/><D71/><U117/><E117/><V67/><F67/><W21/><G68/><T74/><D74/><U31/><E31/><V133/><F133/><W73/><G33/><T125/><D125/><U55/><E55/><V123/><F123/><W108/><G108/><T103/><D103/><U98/><E98/><V79/><F43/><W12/><G54/><T4/><D38/><U96/><E96/><V34/><F36/><W130/><G130/><T76/><REACH who="0" step="1"/><D4/><REACH who="0" ten="279,211,240,250" step="2"/><U86/><E86/><V15/><F53/><W126/><G126/><T9/><D9/><U69/><E69/><V27/><F50/><AGARI ba="1,2" hai="20,25,29,37,40,45,47,50,52,76,81,87,88,89" machi="50" ten="40,7700,0" yaku="1,1,54,2,53,0" doraHai="90" doraHaiUra="129" who="0" fromWho="2" sc="279,100,211,0,240,-80,250,0" /><INIT seed="0,2,0,1,0,71" ten="379,211,160,250" oya="0" hai0="5,84,96,112,28,102,48,110,41,97,14,107,70" hai1="78,16,30,115,90,76,47,105,25,122,10,31,80" hai2="88,24,6,99,135,127,85,118,8,29,18,120,61" hai3="92,35,50,45,1,56,91,26,13,58,20,82,134"/><T7/><D112/><U40/><E105/><V125/><F120/><W34/><G134/><T36/><D70/><U95/><E122/><V52/><F135/><W22/><G1/><T73/><D73/><U69/><E69/><V103/><F118/><W111/><G82/><T94/><D84/><U67/><E67/><V4/><F18/><N who="3" m="10319" /><G34/><T46/><D110/><U60/><E60/><V17/><F17/><N who="3" m="12623" /><G35/><T132/><D132/><U23/><E115/><V89/><F24/><W126/><G126/><N who="2" m="48137" /><F29/><N who="1" m="10761" /><E80/><N who="2" m="49191" /><F89/><W11/><G11/><T63/><D28/><U104/><E10/><V93/><F8/><W66/><G66/><T106/><D14/><U2/><E104/><V101/><F101/><W32/><G32/><T74/><D107/><U83/><E83/><V38/><F38/><W44/><G111/><T65/><D36/><U62/><E2/><V133/><F133/><W53/><G45/><T27/><D27/><U19/><E19/><V39/><F39/><W129/><G129/><T15/><D15/><U51/><E62/><V59/><AGARI ba="2,0" hai="4,6,52,59,61,93,99,103" m="49191,48137" machi="59" ten="30,4000,0" yaku="18,1,54,2" doraHai="71" who="2" fromWho="2" sc="379,-22,211,-12,160,46,250,-12" /><INIT seed="1,0,0,4,4,87" ten="357,199,206,238" oya="1" hai0="99,79,100,4,65,5,80,125,94,10,43,39,73" hai1="130,64,62,63,120,128,41,107,93,57,83,118,61" hai2="8,49,46,31,53,95,11,111,36,121,51,24,101" hai3="45,17,13,112,2,114,115,33,106,102,89,12,88"/><U35/><E107/><V103/><F121/><W109/><G2/><T44/><D125/><U14/><E120/><V19/><F36/><W59/><G33/><T69/><D5/><U68/><E118/><V76/><F111/><W38/><G109/><T126/><D126/><U131/><E35/><V6/><F76/><W34/><G34/><T72/><D65/><U66/><E41/><V23/><F31/><W71/><G71/><T22/><D22/><U127/><E127/><V77/><F77/><W98/><G59/><T18/><D18/><U16/><E62/><V67/><F67/><W52/><G13/><T110/><D110/><U85/><E93/><V29/><F29/><W117/><G117/><T47/><D47/><U113/><E113/><V21/><F21/><W84/><G84/><T70/><REACH who="0" step="1"/><D72/><REACH who="0" ten="347,199,206,238" step="2"/><U42/><E42/><V32/><F32/><W50/><REACH who="3" step="1"/><G38/><REACH who="3" ten="347,199,206,228" step="2"/><T7/><D7/><U27/><E27/><V26/><F6/><W122/><G122/><T30/><D30/><U96/><E14/><AGARI ba="0,2" hai="4,10,14,39,43,44,69,70,73,79,80,94,99,100" machi="14" ten="30,2000,0" yaku="1,1,7,1,53,0" doraHai="87" doraHaiUra="54" who="0" fromWho="1" sc="347,40,199,-20,206,0,228,0" /><INIT seed="2,0,0,2,1,132" ten="387,179,206,228" oya="2" hai0="65,31,41,64,83,90,67,37,81,109,25,26,49" hai1="60,122,52,128,44,116,53,115,71,84,15,111,97" hai2="46,76,74,23,10,19,45,130,70,93,61,95,82" hai3="5,1,30,28,42,96,87,21,127,36,106,124,88"/><V119/><F119/><W8/><G42/><T62/><D37/><U34/><E34/><V68/><F130/><W48/><G36/><T13/><D109/><U123/><E115/><V43/><F10/><W6/><G6/><T102/><D102/><U16/><E116/><V17/><F17/><W24/><G48/><T9/><D62/><U0/><E0/><V11/><F11/><W105/><G30/><T100/><D100/><U51/><E111/><V89/><F61/><W29/><G29/><T85/><D83/><U22/><E128/><V2/><F2/><W103/><REACH who="3" step="1"/><G106/><REACH who="3" ten="387,179,206,218" step="2"/><T135/><D31/><U98/><E84/><V118/><F118/><W69/><G69/><T78/><D85/><U110/><E110/><V14/><F43/><W59/><G59/><T66/><D41/><U7/><E7/><V117/><F117/><W58/><G58/><T86/><D86/><U99/><REACH who="1" step="1"/><E53/><REACH who="1" ten="387,169,206,218" step="2"/><V77/><F74/><W92/><AGARI ba="0,2" hai="1,5,8,21,24,28,87,88,92,96,103,105,124,127" machi="92" ten="30,12000,2" yaku="1,1,0,1,52,2,54,1,53,1" doraHai="132" doraHaiUra="35" who="3" fromWho="3" sc="387,-30,169,-30,206,-60,218,140" /><INIT seed="3,0,0,4,1,58" ten="357,139,146,358" oya="3" hai0="128,126,57,4,41,60,21,132,43,82,25,90,59" hai1="103,27,56,24,65,38,102,108,104,48,19,98,121" hai2="85,122,16,42,92,50,46,106,99,3,8,78,35" hai3="109,30,76,110,107,113,34,68,125,94,61,31,6"/><W7/><G107/><T39/><D126/><U83/><E121/><V53/><F122/><W22/><G125/><T86/><D128/><U20/><E38/><V96/><F35/><W51/><G113/><T124/><D124/><U5/><E108/><N who="3" m="41578" /><G76/><T67/><D132/><U44/><E5/><N who="3" m="1546" /><G34/><T129/><D129/><U23/><E83/><N who="2" m="47351" /><F106/><W47/><G94/><T36/><D4/><U11/><E11/><V70/><F70/><W88/><G88/><T52/><D39/><U119/><E119/><V84/><F3/><W40/><G22/><T71/><D36/><U66/><E103/><V123/><F123/><W17/><G17/><N who="0" m="12463" /><D71/><U114/><E114/><V101/><F101/><W115/><G115/><T10/><D10/><U79/><E79/><V116/><F116/><W54/><G68/><T12/><D12/><U91/><E91/><N who="2" m="53351" /><F8/><W105/><G105/><T131/><D131/><U75/><E75/><V111/><F111/><W55/><G40/><T29/><D29/><U18/><E56/><AGARI ba="0,0" hai="30,31,47,51,54,55,56,61" m="1546,41578" machi="56" ten="30,5800,0" yaku="14,1,10,1,52,1" doraHai="58" who="3" fromWho="1" sc="357,0,139,-58,146,0,358,58" owari="357,15.7,81,-41.9,146,-25.4,416,51.6" /></mjloggm>