<mjloggm ver="2.3"><GO type="225" lobby="0"/><UN n0="%6E%69%63%6B%6C%6F%77" n1="%73%6C%69%63%6B%33%31%39" n2="%E3%81%BE%E3%81%A8%E3%81%9F" n3="%E3%83%A9%E3%83%96%E3%83%AC%E3%83%BC" dan="16,16,16,18" rate="2084.14,2144.27,2138.56,2211.93" sx="F,M,M,M"/><TAIKYOKU oya="0"/><INIT seed="0,0,0,2,4,53" ten="250,250,250,250" oya="0" hai0="92,13,68,84,80,130,98,73,104,112,54,115,110" hai1="11,107,116,44,87,1,69,25,86,120,78,71,113" hai2="63,28,65,101,58,50,99,26,35,81,97,134,0" hai3="126,95,106,121,55,105,16,18,19,45,47,40,72"/><T46/><D68/><U94/><E107/><V128/><F134/><W33/><G72/><T123/><D123/><U61/><E116/><V51/><F128/><W76/><G76/><T108/><D13/><U135/><E120/><V6/><F97/><W34/><G121/><T62/><D46/><U8/><E25/><V21/><F35/><W7/><G7/><T85/><D104/><U109/><E94/><V59/><F81/><W17/><G126/><T30/><D30/><U114/><E44/><V64/><F6/><W125/><G125/><T129/><D54/><U43/><E43/><V88/><F0/><W91/><G47/><T82/><D62/><U37/><E1/><V124/><F88/><W75/><G75/><T93/><D98/><U74/><E61/><N who="2" m="37943" /><F124/><W10/><G34/><T2/><D2/><U118/><E135/><V66/><F66/><W20/><G10/><T103/><D73/><U90/><E74/><V89/><F101/><AGARI ba="0,0" hai="80,82,84,85,92,93,101,103,108,110,112,115,129,130" machi="101" ten="25,12000,1" yaku="22,2,34,3" doraHai="53" who="0" fromWho="2" sc="250,120,250,0,250,-120,250,0" /><INIT seed="0,1,0,2,3,21" ten="370,250,130,250" oya="0" hai0="94,65,129,46,40,93,64,97,53,68,5,126,95" hai1="115,50,54,104,91,121,0,134,23,110,8,57,61" hai2="26,41,86,31,75,89,113,24,98,96,22,69,47" hai3="106,30,20,99,17,58,135,92,59,60,55,42,80"/><T103/><D126/><U122/><E104/><V66/><F75/><W125/><G106/><T76/><D129/><U25/><E110/><V45/><F113/><W118/><G135/><T10/><D76/><U19/><E134/><V38/><F66/><W102/><G125/><T63/><D53/><U112/><E50/><V39/><F69/><W85/><G118/><T107/><D64/><U77/><E77/><V6/><F6/><W84/><G30/><T108/><D108/><U79/><E79/><V71/><F71/><W128/><G42/><T33/><D33/><U87/><E8/><V114/><F114/><N who="1" m="43561" /><E0/><V81/><REACH who="2" step="1"/><F26/><REACH who="2" ten="370,250,120,250" step="2"/><N who="3" m="14607" /><G128/><T43/><REACH who="0" step="1"/><D46/><REACH who="0" ten="360,250,120,250" step="2"/><U83/><AGARI ba="1,2" hai="19,23,25,54,57,61,83,87,91,121,122" m="43561" machi="83" ten="30,2000,0" yaku="11,1,52,1" doraHai="21" who="1" fromWho="1" sc="360,-11,250,43,120,-6,250,-6" /><INIT seed="1,0,0,3,2,128" ten="349,293,114,244" oya="1" hai0="107,112,11,27,53,84,101,74,87,42,103,61,124" hai1="62,68,82,30,120,16,63,33,58,51,71,6,134" hai2="5,104,126,94,55,50,110,12,92,25,60,44,115" hai3="114,127,102,40,122,76,113,38,41,47,100,81,8"/><U24/><E120/><V56/><F110/><W79/><G79/><T123/><D112/><U34/><E34/><V93/><F126/><W80/><G127/><T97/><D124/><U83/><E6/><V35/><F104/><W77/><G47/><T119/><D119/><U130/><E130/><V36/><F115/><W10/><REACH who="3" step="1"/><G38/><REACH who="3" ten="349,293,114,234" step="2"/><T90/><D123/><AGARI ba="0,1" hai="8,10,40,41,76,77,80,81,100,102,113,114,122,123" machi="123" ten="25,6400,0" yaku="1,1,2,1,22,2,53,0" doraHai="128" doraHaiUra="133" who="3" fromWho="0" sc="349,-64,293,0,114,0,234,74" /><INIT seed="2,0,0,3,2,110" ten="285,293,114,308" oya="2" hai0="61,111,0,24,79,16,99,115,15,118,127,65,89" hai1="22,125,123,119,74,68,134,60,1,14,120,97,30" hai2="81,105,19,64,56,38,28,20,3,44,92,34,103" hai3="5,117,55,62,50,27,104,107,33,10,70,102,36"/><V135/><F135/><W130/><G36/><T17/><D111/><U47/><E1/><V18/><F105/><W9/><G130/><T69/><D0/><U113/><E119/><V128/><F128/><W51/><G51/><T91/><D118/><U86/><E74/><V58/><F34/><W32/><G32/><T52/><D115/><U131/><E131/><V133/><F133/><W73/><G73/><T31/><D79/><U8/><E134/><V121/><F121/><N who="1" m="46665" /><E86/><V54/><F81/><W41/><G41/><T85/><D127/><U112/><E125/><V77/><F77/><W124/><G107/><T95/><D15/><U49/><E97/><N who="2" m="59815" /><F38/><W100/><G5/><T40/><D40/><N who="1" m="24807" /><E68/><V26/><F3/><W42/><G42/><T67/><D67/><U43/><E43/><V98/><F98/><N who="3" m="61463" /><G124/><T13/><D13/><U87/><E87/><V6/><F6/><W93/><G93/><T82/><REACH who="0" step="1"/><D52/><REACH who="0" ten="275,293,114,308" step="2"/><U11/><E14/><V59/><F64/><N who="3" m="41239" /><G117/><T88/><D88/><U132/><E132/><V116/><F116/><W45/><G102/><T66/><D66/><U101/><E101/><V53/><F53/><W78/><G78/><T4/><D4/><U46/><E112/><V108/><F108/><W12/><G12/><T39/><D39/><U23/><E113/><V7/><F7/><W72/><G72/><T96/><D96/><U2/><E2/><V75/><F75/><W48/><G50/><AGARI ba="0,1" hai="18,19,20,26,28,44,50,54,56,58,59" m="59815" machi="50" ten="30,1500,0" yaku="8,1" doraHai="110" who="2" fromWho="3" sc="275,0,293,0,114,25,308,-15" /><INIT seed="2,1,0,4,3,37" ten="275,293,139,293" oya="2" hai0="56,109,72,104,120,119,16,14,76,95,34,78,46" hai1="49,102,13,21,58,93,8,98,121,91,100,122,127" hai2="79,31,71,59,25,111,77,64,35,36,118,32,61" hai3="12,50,51,45,19,84,112,23,103,123,87,60,113"/><V66/><F118/><W105/><G123/><N who="1" m="47114" /><E127/><V3/><F3/><W129/><G129/><T9/><D120/><U57/><E21/><V6/><F6/><W38/><G38/><T83/><D119/><U134/><E134/><V115/><F115/><N who="3" m="44107" /><G51/><T74/><D104/><U33/><E33/><V107/><F107/><W73/><G73/><T39/><D109/><U17/><E49/><V67/><F111/><W55/><G60/><T29/><D56/><AGARI ba="1,0" hai="8,13,17,56,57,58,91,93,98,100,102" m="47114" machi="56" ten="30,1000,0" yaku="13,1" doraHai="37" who="1" fromWho="0" sc="275,-13,293,13,139,0,293,0" /><INIT seed="3,0,0,2,1,54" ten="262,306,139,293" oya="3" hai0="53,95,49,5,45,61,85,56,19,14,90,89,32" hai1="92,10,59,74,63,129,97,122,134,34,109,21,35" hai2="98,12,96,4,77,116,18,44,62,111,73,123,0" hai3="57,117,115,83,106,91,72,30,15,124,27,51,107"/><W68/><G117/><T135/><D135/><U88/><E122/><V121/><F111/><W48/><G68/><T39/><D32/><U25/><E74/><V36/><F116/><W69/><G69/><T52/><D39/><U125/><E109/><V6/><F62/><W75/><G115/><T100/><D5/><U23/><E134/><V50/><F50/><W128/><G75/><T114/><D114/><U40/><E129/><V28/><F6/><W118/><G118/><T82/><D100/><U9/><E40/><V101/><F28/><W11/><G107/><T24/><D24/><U86/><E23/><V102/><F102/><W105/><G105/><T8/><D95/><U60/><E60/><V131/><F131/><W64/><G106/><T43/><D90/><N who="1" m="55447" /><E34/><V71/><F71/><W58/><G72/><T81/><D81/><N who="1" m="49231" /><E35/><V22/><F121/><W31/><G128/><T103/><D103/><U84/><E84/><V76/><F101/><W126/><G124/><T99/><D99/><U38/><E38/><V37/><F37/><W29/><G126/><T79/><D79/><U108/><E108/><V104/><F104/><W42/><G42/><AGARI ba="0,0" hai="8,14,19,42,43,45,49,52,53,56,61,82,85,89" machi="42" ten="40,8000,1" yaku="25,2,8,1,52,1,54,1" doraHai="54" who="0" fromWho="3" sc="262,80,306,0,139,0,293,-80" owari="342,44.2,306,10.6,139,-36.1,213,-18.7" /></mjloggm>