<mjloggm ver="2.3"><GO type="225" lobby="0"/><UN n0="%E3%83%AD%E3%83%83%E3%83%86%E9%9B%80%E7%90%83" n1="%E7%B4%94%E6%BD%94%E3%83%94%E3%83%A9%E3%83%8B%E3%82%A2" n2="%6D%75%75%6D%75%72%61" n3="%E3%82%B0%E3%83%AA%E3%82%B0%E3%83%AA%E6%A3%92" dan="17,17,16,17" rate="2256.56,2254.64,2121.63,2134.30" sx="M,M,F,M"/><TAIKYOKU oya="0"/><INIT seed="0,0,0,5,1,75" ten="250,250,250,250" oya="0" hai0="89,50,84,58,113,48,20,119,5,123,99,44,73" hai1="91,114,94,56,30,130,76,37,25,29,57,78,24" hai2="127,97,132,80,49,98,126,38,128,70,34,11,42" hai3="83,45,16,117,100,112,122,13,116,63,120,52,60"/><T72/><D119/><U121/><E37/><V6/><F38/><W86/><G100/><T81/><D123/><N who="3" m="47145" /><G112/><T41/><D113/><U55/><E121/><V66/><F34/><W32/><G63/><T79/><D5/><U12/><E12/><V111/><F111/><W59/><G45/><T28/><D99/><U118/><E118/><V27/><F128/><W4/><G4/><T8/><D8/><U22/><E130/><V106/><F132/><W2/><G2/><T14/><D89/><U7/><E7/><V35/><F70/><W134/><G32/><T92/><D92/><U21/><E114/><V107/><F66/><W3/><G3/><T125/><D125/><U95/><E55/><V9/><F49/><W74/><G74/><T61/><D50/><U65/><REACH who="1" step="1"/><E91/><REACH who="1" ten="250,240,250,250" step="2"/><V85/><F6/><W102/><G134/><T71/><D14/><U62/><E62/><V110/><F127/><W82/><G102/><T124/><D124/><U87/><E87/><V47/><F126/><W108/><G108/><T109/><D109/><U10/><E10/><V93/><F9/><N who="3" m="6191" /><G83/><T23/><D73/><U39/><E39/><V43/><F80/><W135/><G135/><T15/><D72/><U103/><E103/><V69/><F110/><W88/><AGARI ba="0,1" hai="52,59,60,82,86,88,116,117" m="6191,47145" machi="88" ten="30,7900,0" yaku="13,1,54,3" doraHai="75" who="3" fromWho="3" sc="250,-39,240,-20,250,-20,250,89" /><INIT seed="1,0,0,4,0,128" ten="211,220,230,339" oya="1" hai0="90,0,109,130,12,118,18,133,50,48,51,78,35" hai1="38,21,25,15,103,28,119,117,99,49,52,58,127" hai2="56,5,80,73,31,20,79,82,110,108,92,11,69" hai3="114,96,33,76,6,88,125,59,81,36,100,37,43"/><U68/><E38/><V94/><F69/><W98/><G114/><T122/><D118/><U107/><E68/><V134/><F134/><W67/><G33/><T104/><D0/><U83/><E127/><V34/><F34/><W112/><G112/><T74/><D35/><U121/><E121/><V129/><F129/><W4/><G59/><T101/><D130/><U126/><E126/><V131/><F131/><W19/><G19/><T85/><D109/><N who="2" m="42090" /><F82/><W64/><G81/><T3/><D3/><U13/><REACH who="1" step="1"/><E83/><REACH who="1" ten="211,210,230,339" step="2"/><V97/><F80/><W53/><G37/><T123/><D123/><U32/><E32/><V9/><F79/><W102/><G36/><T105/><D122/><U86/><E86/><V17/><F73/><W95/><G76/><T22/><D74/><U71/><E71/><V72/><F72/><W124/><G124/><T77/><D78/><U7/><E7/><V70/><F70/><W61/><G4/><T116/><D77/><U63/><E63/><V54/><F5/><W40/><G61/><T14/><D85/><U16/><E16/><V89/><F31/><W75/><G6/><T2/><D18/><U65/><E65/><V44/><F17/><W93/><G67/><T8/><D116/><AGARI ba="0,1" hai="13,15,21,25,28,49,52,58,99,103,107,116,117,119" machi="116" ten="40,7700,0" yaku="1,1,54,1,53,1" doraHai="128" doraHaiUra="23" who="1" fromWho="0" sc="211,-77,210,87,230,0,339,0" /><INIT seed="1,1,0,2,2,24" ten="134,297,230,339" oya="1" hai0="5,16,96,87,31,110,119,70,111,84,36,38,112" hai1="50,18,92,102,58,42,17,117,73,130,90,8,56" hai2="86,125,27,39,113,129,52,121,127,55,41,54,65" hai3="34,7,80,68,64,29,108,122,104,10,47,14,109"/><U93/><E73/><V66/><F86/><N who="0" m="32810" /><D5/><U71/><E71/><V103/><F103/><W69/><G80/><T134/><D70/><U20/><E117/><V89/><F89/><W67/><G104/><T61/><D61/><U28/><E130/><V63/><F121/><W88/><G88/><T131/><D119/><U120/><E120/><V76/><F76/><W98/><G98/><T43/><D96/><N who="1" m="59655" /><E28/><V99/><F99/><W15/><G47/><T114/><D43/><U37/><E37/><N who="0" m="14441" /><D131/><U19/><E8/><V79/><F79/><W26/><G14/><T23/><D134/><U75/><E75/><V116/><F116/><W3/><G15/><T60/><D60/><U13/><E90/><V97/><F97/><W0/><G0/><T53/><D53/><N who="2" m="20586" /><F129/><W82/><G82/><T9/><D9/><U62/><E93/><V44/><F27/><W21/><G122/><T100/><D100/><U118/><E118/><V57/><F113/><N who="0" m="43626" /><D31/><U133/><E133/><V45/><F45/><W49/><G68/><T2/><D2/><U72/><E72/><V11/><F11/><W78/><G69/><T85/><N who="0" m="32818" /><T126/><DORA hai="105" /><D126/><AGARI ba="1,0" hai="39,41,44,55,57,63,65,66,125,126,127" m="20586" machi="126" ten="30,7700,0" yaku="18,1,34,2,54,1" doraHai="24,105" who="2" fromWho="0" sc="134,-80,297,0,230,80,339,0" /><INIT seed="2,0,0,2,5,129" ten="54,297,310,339" oya="2" hai0="11,60,77,36,45,61,80,89,58,98,33,35,108" hai1="20,38,72,114,101,53,49,71,124,79,19,99,18" hai2="43,97,68,96,2,40,52,103,113,105,12,100,65" hai3="16,27,91,30,130,75,56,23,0,110,85,93,74"/><V135/><F113/><W47/><G110/><T31/><D108/><U5/><E38/><V13/><F2/><W122/><G0/><T32/><D31/><U37/><E37/><V3/><F3/><W132/><G130/><T21/><D21/><U88/><E114/><V67/><F52/><W7/><G7/><T116/><D11/><U63/><E5/><V8/><F8/><W87/><G122/><T64/><D116/><U57/><E124/><V120/><F120/><W22/><G47/><T81/><D61/><U115/><E115/><V118/><F118/><W9/><G9/><T92/><REACH who="0" step="1"/><D77/><REACH who="0" ten="44,297,310,339" step="2"/><U4/><E79/><V29/><F29/><W39/><G23/><T127/><D127/><U1/><E1/><V119/><F119/><W17/><G22/><T112/><D112/><U34/><E34/><V128/><F128/><W106/><G30/><T41/><AGARI ba="0,1" hai="32,33,35,36,41,45,58,60,64,80,81,89,92,98" machi="41" ten="40,8000,1" yaku="1,1,0,1,53,2" doraHai="129" doraHaiUra="78" who="0" fromWho="0" sc="44,90,297,-20,310,-40,339,-20" /><INIT seed="3,0,0,4,4,80" ten="134,277,270,319" oya="3" hai0="99,118,132,85,21,6,28,25,10,107,41,64,37" hai1="122,29,68,75,1,72,3,42,126,82,62,96,0" hai2="48,69,79,106,83,114,17,30,89,116,7,129,102" hai3="44,127,117,63,101,58,94,81,43,93,39,119,61"/><W56/><G127/><T86/><D132/><U108/><E126/><V23/><F114/><W20/><G81/><T51/><D118/><U111/><E122/><V70/><F116/><W5/><G5/><T77/><D37/><U14/><E14/><V27/><F129/><W24/><G101/><T133/><D133/><U66/><E42/><V31/><F7/><W97/><G97/><T46/><D77/><U9/><E9/><V78/><F102/><W8/><G8/><T134/><D134/><U15/><E15/><V115/><F115/><W90/><G90/><T47/><D64/><U35/><E96/><V100/><F100/><W110/><G94/><T84/><D107/><U109/><E82/><V121/><F106/><W123/><G93/><T50/><D99/><U2/><N who="1" m="0" /><DORA hai="45" /><U98/><E98/><V18/><F121/><W130/><G123/><T104/><D104/><U113/><E113/><V88/><F83/><W95/><G95/><T131/><D131/><U74/><E29/><V54/><F70/><W32/><G32/><AGARI ba="0,0" hai="32,35,62,66,68,72,74,75,108,109,111" m="0" machi="32" ten="80,8000,1" yaku="29,2,14,1,23,2" doraHai="80,45" who="1" fromWho="3" sc="134,0,277,80,270,0,319,-80" owari="134,-36.6,357,45.7,270,7.0,239,-16.1" /></mjloggm>