<mjloggm ver="2.3"><GO type="225" lobby="0"/><UN n0="%E5%8D%A0%E3%81%84%E5%B8%AB%E8%A3%8F%E3%81%AA%E3%81%84%E3%81%97" n1="%E7%8D%A3%E8%87%AD%E3%81%84%E8%82%89%E7%90%83" n2="%E3%80%90%E3%83%88%E3%83%AA%E3%83%A5%E3%83%95%E3%80%91" n3="%E3%82%8C%E3%81%99%E3%81%93" dan="17,16,16,17" rate="2184.97,2132.35,2104.45,2260.75" sx="M,M,M,F"/><TAIKYOKU oya="0"/><INIT seed="0,0,0,1,1,122" ten="250,250,250,250" oya="0" hai0="119,88,24,26,87,76,80,47,37,28,46,3,57" hai1="71,43,91,9,36,59,69,27,111,126,6,0,112" hai2="77,64,14,127,55,1,123,13,99,84,124,120,98" hai3="52,5,42,4,68,86,40,48,17,103,16,90,128"/><T93/><D119/><U63/><E126/><N who="2" m="48171" /><F1/><W100/><G68/><T15/><D3/><U97/><E112/><V117/><F64/><W44/><G128/><T7/><D37/><U51/><E36/><V39/><F55/><W92/><G103/><T30/><D57/><U108/><E27/><V96/><F39/><W81/><G4/><T101/><D101/><U131/><E131/><V38/><F38/><W41/><G5/><T130/><D130/><U94/><E51/><V62/><F62/><W60/><G60/><T61/><D61/><U50/><E50/><V10/><F117/><W125/><G125/><T54/><D54/><N who="1" m="34295" /><E43/><V21/><F21/><W113/><G113/><T74/><D15/><N who="2" m="5642" /><F10/><W56/><G44/><T19/><D19/><U95/><E94/><V109/><F120/><W107/><G107/><T2/><D7/><U132/><E132/><V49/><F49/><W134/><G134/><T65/><D65/><U133/><E133/><V73/><F73/><W135/><G135/><T12/><D12/><U121/><E121/><V66/><F66/><W72/><G72/><T20/><REACH who="0" step="1"/><D2/><REACH who="0" ten="240,250,250,250" step="2"/><U58/><E58/><V33/><F123/><W82/><G100/><T115/><D115/><U104/><E104/><V102/><F102/><W116/><G116/><T35/><AGARI ba="0,1" hai="20,24,26,28,30,35,46,47,74,76,80,87,88,93" machi="35" ten="20,12000,1" yaku="1,1,0,1,7,1,54,1,53,1" doraHai="122" doraHaiUra="85" who="0" fromWho="0" sc="240,130,250,-40,250,-40,250,-40" /><INIT seed="0,1,0,2,5,67" ten="370,210,210,210" oya="0" hai0="61,37,56,100,91,89,88,111,114,51,3,107,8" hai1="31,122,24,47,38,45,93,116,133,54,74,59,125" hai2="69,36,77,60,112,90,98,14,135,97,44,12,118" hai3="131,35,113,18,83,6,123,82,48,21,43,5,13"/><T52/><D114/><U78/><E122/><V15/><F112/><W53/><G113/><T96/><D37/><U79/><E116/><V108/><F108/><W46/><G131/><T70/><D111/><U19/><E133/><V103/><F77/><W85/><G123/><T121/><D121/><U65/><E125/><V4/><F135/><W80/><G35/><T64/><D3/><U104/><E104/><V84/><F118/><W62/><G85/><T10/><AGARI ba="1,0" hai="8,10,51,52,56,61,64,70,88,89,91,96,100,107" machi="10" ten="30,11700,0" yaku="0,1,52,1,54,2" doraHai="67" who="0" fromWho="0" sc="370,120,210,-40,210,-40,210,-40" /><INIT seed="0,2,0,1,3,118" ten="490,170,170,170" oya="0" hai0="43,95,83,123,32,51,84,5,135,100,88,39,102" hai1="27,35,78,110,4,16,31,124,98,128,90,38,49" hai2="121,132,81,66,22,57,94,53,67,25,79,44,15" hai3="74,114,107,116,76,34,50,111,69,60,125,113,1"/><T105/><D32/><U126/><E38/><V41/><F132/><W93/><RYUUKYOKU type="yao9" ba="2,0" sc="490,0,170,0,170,0,170,0" hai3="1,34,50,60,69,74,76,93,107,111,113,114,116,125" /><INIT seed="0,3,0,3,1,15" ten="490,170,170,170" oya="0" hai0="36,19,109,101,27,61,81,5,60,63,85,95,41" hai1="125,131,94,72,4,117,54,107,124,79,110,18,128" hai2="3,35,22,0,93,96,113,31,127,86,68,74,1" hai3="98,135,51,37,126,42,34,53,69,84,17,8,76"/><T116/><D116/><U30/><E107/><V71/><F113/><W132/><G34/><T66/><D36/><U29/><E117/><V89/><F74/><W121/><G69/><T112/><D112/><U57/><E110/><V58/><F127/><N who="1" m="48713" /><E4/><V39/><F39/><W122/><G126/><T56/><D5/><U103/><E79/><V49/><F35/><W26/><G42/><T118/><D41/><U21/><E72/><V48/><F96/><W33/><G37/><T11/><D118/><U129/><E94/><V115/><F115/><W70/><G70/><T55/><D66/><U2/><E103/><V25/><F48/><W14/><G98/><N who="0" m="59615" /><D109/><U64/><E64/><V88/><REACH who="2" step="1"/><F89/><REACH who="2" ten="490,170,160,170" step="2"/><W100/><G100/><T111/><D111/><U108/><E108/><V119/><F119/><W120/><G84/><T82/><D85/><U104/><E104/><V43/><F43/><W20/><G33/><T90/><D90/><U73/><E73/><V105/><F105/><W16/><REACH who="3" step="1"/><G76/><REACH who="3" ten="490,170,160,160" step="2"/><T75/><D75/><U97/><E97/><V13/><F13/><W44/><AGARI ba="3,2" hai="8,14,16,17,20,26,44,51,53,120,121,122,132,135" machi="44" ten="40,12000,2" yaku="1,1,2,1,0,1,13,1,52,2,54,1,53,0" doraHai="15" doraHaiUra="134" who="3" fromWho="3" sc="490,-63,170,-33,160,-33,160,149" /><INIT seed="1,0,0,2,1,135" ten="427,137,127,309" oya="1" hai0="121,132,12,30,119,89,105,0,109,24,29,17,103" hai1="113,101,18,134,23,22,55,26,71,72,98,54,88" hai2="27,52,35,14,77,38,40,118,65,131,7,74,8" hai3="99,102,83,69,31,21,60,43,76,61,128,41,50"/><U115/><E134/><V10/><F118/><W25/><G128/><T81/><D119/><U84/><E72/><V64/><F131/><W19/><G31/><T100/><D109/><U90/><E71/><V5/><F27/><W49/><G49/><T6/><D132/><U104/><E23/><V42/><F35/><W122/><G122/><T130/><D130/><U86/><E113/><V126/><F126/><W96/><G69/><T1/><D121/><U53/><REACH who="1" step="1"/><E115/><REACH who="1" ten="427,127,127,309" step="2"/><V57/><F74/><W125/><G125/><T13/><D30/><U11/><E11/><V116/><F116/><W127/><G127/><T51/><D29/><U112/><E112/><V58/><F77/><W59/><G76/><T129/><D129/><U124/><E124/><V94/><F14/><W62/><G21/><T93/><D12/><U97/><E97/><V47/><F8/><W68/><G68/><T39/><D13/><U48/><E48/><V36/><F10/><W75/><G99/><T63/><D51/><U92/><E92/><V34/><F94/><W33/><G75/><T87/><D93/><U32/><E32/><V117/><F34/><W123/><G33/><T106/><D0/><U82/><E82/><V120/><F117/><W133/><G123/><T67/><D1/><U78/><E78/><V15/><F15/><W80/><G133/><T79/><D81/><U2/><E2/><V37/><F120/><W4/><G83/><N who="0" m="49407" /><D79/><U108/><E108/><V91/><F36/><W73/><G80/><T28/><D39/><U111/><E111/><V45/><F91/><AGARI ba="0,1" hai="18,22,26,53,54,55,84,86,88,90,91,98,101,104" machi="91" ten="40,3900,0" yaku="1,1,54,1,53,0" doraHai="135" doraHaiUra="3" who="1" fromWho="2" sc="427,0,127,49,127,-39,309,0" /><INIT seed="1,1,0,3,2,101" ten="427,176,88,309" oya="1" hai0="68,108,65,119,30,106,116,70,80,97,103,133,14" hai1="59,17,62,120,49,93,75,61,45,58,66,9,134" hai2="21,37,91,32,50,98,132,71,92,69,63,1,112" hai3="27,26,107,125,52,122,109,130,22,81,34,15,25"/><U84/><E120/><V19/><F1/><W3/><G122/><T95/><D108/><U38/><E75/><V111/><F32/><W77/><G3/><T67/><D133/><U12/><E38/><V102/><F37/><W44/><G109/><T87/><D95/><U90/><E134/><V96/><F132/><W55/><G107/><T89/><D30/><U35/><E35/><V13/><F111/><W23/><G34/><T127/><D127/><U54/><REACH who="1" step="1"/><E62/><REACH who="1" ten="427,166,88,309" step="2"/><V82/><F112/><W47/><G125/><T121/><D121/><U60/><E60/><V36/><F36/><W24/><G130/><T51/><D116/><U117/><E117/><V123/><F123/><W7/><G44/><AGARI ba="1,1" hai="9,12,17,44,45,49,54,58,59,61,66,84,90,93" machi="44" ten="40,7700,0" yaku="1,1,8,1,53,1" doraHai="101" doraHaiUra="5" who="1" fromWho="3" sc="427,0,166,90,88,0,309,-80" /><INIT seed="1,2,0,5,0,52" ten="427,256,88,229" oya="1" hai0="77,27,5,100,33,13,9,132,49,41,40,3,15" hai1="54,24,94,95,74,56,11,67,39,57,31,122,103" hai2="107,120,82,62,63,80,113,131,26,0,51,79,43" hai3="71,45,125,34,22,48,127,101,106,36,108,37,12"/><U117/><E122/><V118/><F118/><W18/><G34/><T126/><D126/><N who="3" m="48137" /><G71/><T114/><D114/><U124/><E124/><V99/><F120/><W14/><G108/><T87/><D132/><U4/><E117/><V38/><F0/><W102/><G14/><T1/><D100/><N who="3" m="38505" /><G106/><T81/><D41/><AGARI ba="2,0" hai="12,18,22,36,37,41,45,48" m="38505,48137" machi="41" ten="30,1000,0" yaku="18,1" doraHai="52" who="3" fromWho="0" sc="427,-16,256,0,88,0,229,16" /><INIT seed="2,0,0,2,3,91" ten="411,256,88,245" oya="2" hai0="123,31,7,98,33,88,3,125,82,51,21,80,16" hai1="114,84,0,119,4,14,78,77,90,112,76,35,127" hai2="87,52,59,45,2,121,122,79,60,11,27,56,115" hai3="23,96,95,1,12,49,75,19,83,134,62,124,86"/><V46/><F115/><W132/><G1/><T108/><D123/><U118/><E35/><V129/><F129/><W106/><G124/><T39/><D39/><U104/><E0/><V73/><F73/><W32/><G32/><T92/><D108/><U107/><E14/><V72/><F72/><W99/><G75/><T13/><D125/><U58/><E58/><V65/><F122/><W116/><G116/><N who="1" m="44586" /><E4/><V8/><F121/><W70/><G106/><N who="1" m="40490" /><E127/><V25/><F2/><W105/><G105/><T43/><D43/><U10/><E10/><N who="2" m="3627" /><F87/><W110/><G110/><T18/><D18/><U53/><E53/><V6/><F79/><N who="3" m="46463" /><G49/><T54/><D3/><U68/><E68/><V89/><F89/><W135/><G95/><AGARI ba="0,0" hai="76,77,78,84,90,95,112,114" m="40490,44586" machi="95" ten="40,5200,0" yaku="34,2,52,1" doraHai="91" who="1" fromWho="3" sc="411,0,256,52,88,0,245,-52" /><INIT seed="3,0,0,0,0,39" ten="411,308,88,193" oya="3" hai0="128,74,52,61,132,4,101,26,130,21,2,36,15" hai1="131,98,41,81,3,5,114,22,12,16,76,18,107" hai2="93,111,14,134,124,75,45,80,108,27,30,44,100" hai3="103,84,125,31,127,13,122,67,51,115,33,86,79"/><W64/><G115/><T120/><D120/><U62/><E114/><V95/><F14/><W70/><G122/><T56/><D2/><U121/><E121/><V1/><F1/><W54/><G103/><T7/><D36/><U34/><E34/><V129/><F100/><W29/><G13/><T112/><D112/><U28/><E131/><N who="0" m="50217" /><D132/><U58/><E28/><N who="3" m="10826" /><G33/><T60/><D74/><U11/><E41/><V53/><F129/><W71/><G51/><N who="0" m="30751" /><D101/><U49/><E49/><V19/><F134/><W46/><G54/><T116/><D116/><U77/><E18/><V55/><F75/><W35/><G46/><T10/><D4/><U117/><E117/><V110/><F124/><N who="3" m="47691" /><G79/><T0/><D15/><U89/><E107/><V43/><F80/><W106/><G35/><T99/><D99/><U25/><E3/><V105/><F105/><W126/><G126/><T40/><D40/><U83/><E77/><V87/><F19/><AGARI ba="0,0" hai="0,7,10,19,21,26,60,61" m="30751,50217" machi="19" ten="30,2000,0" yaku="19,1,54,1" doraHai="39" who="0" fromWho="2" sc="411,20,308,0,88,-20,193,0" owari="431,53.1,308,10.8,68,-43.2,193,-20.7" /></mjloggm>