<mjloggm ver="2.3"><GO type="225" lobby="0"/><UN n0="%E3%81%8A%E3%81%8B%E3%81%8F%E3%82%89" n1="%E3%83%8F%E3%82%AC%E3%82%BF%E3%82%AB%E3%81%AE%E3%81%88%E3%81%98%E3%81%8D" n2="%43%68%65" n3="%72%61%6B%33" dan="17,16,16,16" rate="2112.23,2150.23,2134.07,2204.06" sx="M,M,M,M"/><TAIKYOKU oya="0"/><INIT seed="0,0,0,0,0,7" ten="250,250,250,250" oya="0" hai0="58,19,103,22,125,21,133,60,9,72,115,102,71" hai1="99,0,14,100,108,16,101,43,18,117,2,122,111" hai2="104,46,73,15,68,98,33,107,6,63,93,113,17" hai3="57,30,88,35,50,79,67,31,29,61,87,89,84"/><T91/><D115/><U70/><E117/><V124/><F113/><W80/><G35/><T48/><D125/><U45/><E70/><V92/><F124/><W23/><G50/><T74/><D133/><U126/><E122/><V95/><F73/><W27/><REACH who="3" step="1"/><G79/><REACH who="3" ten="250,250,250,240" step="2"/><T121/><D48/><U55/><E126/><V106/><F33/><W36/><G36/><T42/><D121/><U76/><E76/><V119/><F119/><W94/><AGARI ba="0,1" hai="23,27,29,30,31,57,61,67,80,84,87,88,89,94" machi="94" ten="20,8000,1" yaku="1,1,0,1,7,1,8,1,54,1,53,0" doraHai="7" doraHaiUra="4" who="3" fromWho="3" sc="250,-40,250,-20,250,-20,240,90" /><INIT seed="1,0,0,3,3,54" ten="210,230,230,330" oya="1" hai0="83,26,2,104,50,91,28,21,42,68,73,36,51" hai1="126,64,102,60,69,61,16,59,6,134,67,33,75" hai2="9,99,52,109,66,89,81,44,121,7,124,24,17" hai3="47,128,4,111,115,72,93,45,78,27,49,131,41"/><U46/><E75/><V110/><F121/><W105/><G105/><T88/><D104/><U19/><E33/><V74/><F66/><W87/><G115/><T43/><D68/><U118/><E118/><V14/><F124/><W5/><G111/><N who="2" m="42505" /><F99/><W98/><G72/><T35/><D2/><U97/><E126/><V125/><F125/><W108/><G108/><T114/><D114/><U34/><E34/><V90/><F24/><W123/><G123/><T76/><D35/><U18/><E6/><V80/><F17/><W120/><G120/><T8/><D8/><U31/><E31/><V95/><F74/><W55/><G27/><T29/><D29/><U96/><E134/><V23/><F23/><W1/><G78/><T10/><D10/><U113/><E113/><V107/><F107/><W48/><G87/><T79/><D79/><U53/><REACH who="1" step="1"/><E102/><REACH who="1" ten="210,220,230,330" step="2"/><V77/><F7/><W117/><G117/><T12/><D28/><U58/><E58/><V112/><F112/><W101/><G1/><T57/><D57/><U30/><E30/><V40/><F44/><W25/><G4/><T82/><D73/><U11/><E11/><V135/><F9/><W15/><G5/><T62/><D21/><U103/><E103/><V133/><F133/><W130/><G25/><T56/><D56/><U85/><E85/><V119/><F135/><W63/><G15/><T3/><D26/><U86/><E86/><V70/><F14/><W92/><G101/><T127/><D12/><U38/><E38/><V22/><F119/><W0/><G0/><T94/><D3/><U106/><E106/><RYUUKYOKU ba="0,1" sc="210,-10,220,30,230,-10,330,-10" hai1="16,18,19,46,53,59,60,61,64,67,69,96,97" /><INIT seed="1,1,1,5,0,30" ten="200,250,220,320" oya="1" hai0="116,93,115,133,114,97,95,86,14,32,35,17,88" hai1="11,84,15,44,13,83,124,123,54,55,63,122,49" hai2="36,81,12,64,71,27,131,130,28,112,113,61,45" hai3="132,59,67,108,82,105,2,107,40,29,50,62,53"/><U106/><E106/><V135/><F81/><W129/><G2/><T74/><D116/><U4/><E124/><V65/><F12/><W110/><G129/><N who="2" m="49161" /><F65/><W38/><G132/><T16/><D74/><U31/><E31/><V5/><F5/><W1/><G1/><T94/><D133/><U48/><E15/><V56/><F135/><W96/><G82/><T25/><D17/><U102/><E102/><V42/><F56/><W58/><G29/><T99/><D95/><U134/><E63/><V118/><F118/><W91/><G91/><T120/><D120/><U18/><E4/><V119/><F119/><W46/><REACH who="3" step="1"/><G96/><REACH who="3" ten="200,250,220,310" step="2"/><T23/><D99/><U89/><E134/><V37/><F37/><W126/><G126/><T21/><D115/><U8/><E8/><V111/><F111/><AGARI ba="1,2" hai="38,40,46,50,53,58,59,62,67,105,107,108,110,111" machi="111" ten="40,5200,0" yaku="1,1,14,1,53,1" doraHai="30" doraHaiUra="39" who="3" fromWho="2" sc="200,0,250,0,220,-55,310,75" /><INIT seed="2,0,0,3,4,110" ten="200,250,165,385" oya="2" hai0="25,118,112,105,69,15,50,17,14,52,101,78,16" hai1="84,125,91,120,126,57,123,5,11,95,44,94,74" hai2="116,0,26,77,23,99,106,70,133,72,27,104,8" hai3="89,58,109,134,3,65,19,88,13,87,56,32,39"/><V49/><F116/><W124/><G3/><T135/><D69/><U73/><E57/><V51/><F70/><W40/><G32/><T132/><D112/><U63/><E63/><V114/><F114/><W82/><G109/><T55/><D78/><U24/><E24/><V47/><F133/><N who="0" m="51274" /><D118/><U68/><E44/><V61/><F61/><W85/><G124/><N who="1" m="47722" /><E68/><V83/><F51/><W130/><G130/><T121/><D25/><U46/><E95/><V75/><F75/><N who="1" m="28681" /><E46/><V97/><F27/><W43/><G134/><T122/><D55/><U53/><E53/><V28/><F106/><W113/><G113/><T79/><D79/><U41/><E41/><N who="3" m="15946" /><G65/><T92/><D92/><U64/><E64/><V62/><F62/><W7/><G7/><T6/><D6/><U54/><E54/><V18/><F104/><W9/><G39/><T108/><D108/><U76/><E76/><V48/><F48/><W81/><AGARI ba="0,0" hai="9,13,19,56,58,81,82,85,87,88,89" m="15946" machi="81" ten="30,2000,0" yaku="8,1,54,1" doraHai="110" who="3" fromWho="3" sc="200,-5,250,-5,165,-10,385,20" /><INIT seed="3,0,0,0,1,97" ten="195,245,155,405" oya="3" hai0="83,114,48,108,45,96,56,22,55,20,57,132,94" hai1="75,11,41,25,4,0,19,40,124,86,109,52,62" hai2="10,106,66,32,126,47,103,104,71,127,2,100,93" hai3="42,69,65,91,28,115,78,54,6,26,87,24,120"/><W111/><G26/><T34/><D108/><U59/><E75/><V112/><F112/><W128/><G87/><T123/><D123/><U121/><E121/><V110/><F110/><W49/><G54/><T105/><D132/><U68/><E109/><V92/><F32/><W88/><G49/><T116/><D105/><N who="2" m="40554" /><F47/><W64/><G128/><T72/><D34/><U8/><E68/><V134/><F134/><W119/><G6/><T7/><D114/><U30/><E11/><V27/><F27/><W133/><G24/><T15/><D72/><U29/><E29/><V130/><F130/><W1/><G28/><T131/><D83/><U35/><E19/><V53/><F53/><W113/><G111/><T135/><D135/><U67/><E67/><V85/><F66/><W3/><G133/><T39/><D39/><U9/><E9/><V80/><F71/><W14/><G69/><T23/><D116/><U90/><E124/><N who="2" m="47659" /><F10/><W82/><G14/><T21/><D131/><U18/><E18/><V102/><F2/><W129/><G129/><T46/><D46/><U50/><E50/><V16/><F16/><W95/><G120/><T122/><D122/><U99/><E41/><V17/><F17/><W60/><G42/><T13/><D13/><U12/><E40/><V84/><F84/><W70/><G115/><T31/><D31/><U51/><E86/><V44/><F44/><W98/><G70/><T89/><D20/><U74/><E35/><V107/><N who="2" m="40562" /><V63/><DORA hai="117" /><F63/><W125/><G125/><T38/><D38/><U43/><E30/><V118/><F118/><RYUUKYOKU ba="0,0" sc="195,15,245,-15,155,15,405,-15" hai0="7,15,21,22,23,45,48,55,56,57,89,94,96" hai2="80,85,92,93,100,102,103" owari="210,-19.0,230,3.0,170,-33.0,390,49.0" /></mjloggm>