<mjloggm ver="2.3"><GO type="225" lobby="0"/><UN n0="%E3%83%8F%E3%83%B3%E3%83%89%E3%83%A9%E3%83%BC%E3%83%BB%E3%83%AF%E3%83%B3" n1="%E9%8A%80%E3%81%B0%E3%81%95%E3%81%BF" n2="%E3%81%B5%E3%81%98%E3%81%8B%E3%81%A4" n3="%E3%80%93%E3%81%97%E3%83%BC%E3%82%89%E3%80%93" dan="17,17,17,16" rate="2206.83,2150.82,2210.73,2162.35" sx="M,M,M,M"/><TAIKYOKU oya="0"/><INIT seed="0,0,0,3,4,63" ten="250,250,250,250" oya="0" hai0="109,71,29,87,26,122,88,101,2,86,6,30,22" hai1="47,131,48,104,119,103,56,31,14,130,96,110,79" hai2="64,120,72,9,21,93,8,65,20,37,97,107,44" hai3="113,127,41,49,78,100,112,35,80,77,40,111,73"/><T70/><D122/><U67/><E119/><V13/><F72/><W83/><G35/><T3/><D101/><U24/><E79/><V15/><F107/><W61/><G111/><T68/><D109/><U45/><E110/><V34/><F34/><W85/><G127/><T89/><D30/><U98/><E98/><V12/><F37/><W10/><G100/><T5/><D2/><U43/><E14/><N who="2" m="5739" /><F44/><W62/><G10/><N who="2" m="4201" /><F120/><W116/><G116/><T82/><REACH who="0" step="1"/><D3/><REACH who="0" ten="240,250,250,250" step="2"/><U53/><E103/><N who="2" m="60847" /><F15/><W57/><G113/><T36/><D36/><U118/><E118/><V16/><F16/><W90/><G112/><T117/><D117/><U46/><E31/><V125/><F125/><W102/><G102/><T135/><D135/><U134/><E134/><V99/><F99/><W54/><G73/><T108/><D108/><U50/><E96/><V81/><F81/><AGARI ba="0,1" hai="5,6,22,26,29,68,70,71,81,82,86,87,88,89" machi="81" ten="40,7700,0" yaku="1,1,9,1,54,1,53,0" doraHai="63" doraHaiUra="121" who="0" fromWho="2" sc="240,87,250,0,250,-77,250,0" /><INIT seed="0,1,0,3,2,4" ten="327,250,173,250" oya="0" hai0="81,75,110,82,109,85,58,59,37,83,19,95,63" hai1="1,7,64,104,91,34,20,98,128,65,14,21,116" hai2="101,86,97,125,93,22,108,92,51,67,79,130,26" hai3="25,61,118,124,84,28,8,88,107,2,120,96,127"/><T117/><D117/><U12/><E116/><V23/><F108/><N who="0" m="41578" /><D37/><U119/><E119/><V115/><F125/><N who="3" m="48203" /><G118/><T53/><D75/><U89/><E34/><V17/><F115/><W131/><G131/><T135/><D135/><U69/><E1/><V27/><F67/><W41/><G120/><T15/><D58/><U62/><E128/><V103/><F130/><W113/><G113/><T114/><D95/><U71/><E7/><V121/><F121/><W52/><G41/><T102/><D102/><U60/><E98/><V11/><F51/><W38/><G38/><T56/><D56/><U30/><E30/><V54/><F54/><W47/><G96/><T133/><D133/><U50/><REACH who="1" step="1"/><E50/><REACH who="1" ten="327,240,173,250" step="2"/><V111/><F111/><W78/><G28/><T32/><D32/><U134/><E134/><V80/><F103/><W100/><G100/><T123/><D114/><U106/><AGARI ba="1,1" hai="12,14,20,21,60,62,64,65,69,71,89,91,104,106" machi="106" ten="25,6400,0" yaku="1,1,0,1,22,2,53,0" doraHai="4" doraHaiUra="132" who="1" fromWho="1" sc="327,-33,240,77,173,-17,250,-17" /><INIT seed="1,0,0,4,1,28" ten="294,317,156,233" oya="1" hai0="49,76,79,17,2,34,82,72,96,116,112,88,10" hai1="52,77,71,92,117,6,33,26,86,114,110,90,118" hai2="15,54,1,111,5,18,53,105,78,55,121,80,4" hai3="23,66,56,29,63,127,99,16,75,122,62,24,128"/><U39/><E114/><V104/><F121/><W13/><G75/><T115/><D116/><U42/><E71/><V133/><F111/><W12/><G122/><T97/><D34/><U124/><E124/><V36/><F36/><W45/><G127/><T95/><D79/><U25/><E110/><V61/><F133/><W7/><G128/><T58/><D97/><U44/><E6/><V41/><F41/><W51/><G7/><T113/><D17/><U125/><E125/><V60/><F1/><W135/><G135/><T108/><D108/><U100/><E26/><V119/><F119/><W98/><G63/><T106/><D106/><U40/><E40/><V0/><F0/><W87/><G87/><T21/><D21/><U85/><E100/><V20/><F105/><W47/><G12/><T123/><D123/><U103/><E103/><V65/><F104/><W102/><G102/><T134/><D134/><U35/><E52/><V81/><F61/><W9/><REACH who="3" step="1"/><G47/><REACH who="3" ten="294,317,156,223" step="2"/><T59/><D2/><U126/><E126/><V50/><F60/><W109/><G109/><T69/><D69/><U73/><E73/><V8/><F5/><W68/><G68/><T3/><D3/><U30/><E118/><V131/><F131/><W57/><G57/><T130/><D130/><U43/><E117/><V31/><F4/><W48/><G48/><T120/><D120/><U101/><E101/><V19/><F50/><W11/><G11/><T107/><D107/><U70/><E70/><V91/><F15/><W14/><G14/><T132/><D132/><U64/><E44/><V83/><F78/><RYUUKYOKU ba="0,1" sc="294,-10,317,-10,156,-10,223,30" hai3="9,13,16,23,24,29,45,51,56,62,66,98,99" /><INIT seed="2,1,1,4,2,98" ten="284,307,146,253" oya="2" hai0="80,19,115,45,38,107,71,43,84,86,75,5,36" hai1="14,59,106,63,27,21,26,118,109,124,35,37,1" hai2="0,111,91,77,88,114,18,12,31,17,128,99,8" hai3="54,32,112,60,10,28,66,73,81,67,58,120,56"/><V103/><F114/><W64/><G120/><T25/><D115/><U121/><E118/><V40/><F0/><W130/><G112/><T51/><D71/><U62/><E37/><V33/><F128/><W97/><G130/><T7/><D107/><U78/><E1/><V47/><F77/><W83/><G73/><T131/><D75/><U113/><E113/><V46/><F111/><W102/><G10/><T9/><D86/><U104/><E121/><V24/><F18/><W117/><G117/><T92/><D92/><U134/><E134/><V95/><REACH who="2" step="1"/><F47/><REACH who="2" ten="284,307,136,253" step="2"/><W119/><G119/><T76/><D131/><U11/><E109/><V22/><F22/><W30/><G32/><T93/><D19/><U3/><E21/><V94/><F94/><N who="3" m="58679" /><G58/><T108/><D108/><U52/><E59/><V129/><F129/><W85/><G83/><T20/><D93/><U61/><E35/><V89/><F89/><AGARI ba="1,2" hai="28,30,54,56,60,64,66,67,81,85,89" m="58679" machi="89" ten="30,2000,0" yaku="8,1,52,1" doraHai="98" who="3" fromWho="2" sc="284,0,307,0,136,-23,253,43" /><INIT seed="3,0,0,1,5,81" ten="284,307,113,296" oya="3" hai0="2,90,53,82,41,93,52,0,42,106,116,104,96" hai1="31,66,44,57,80,110,49,134,83,69,11,127,119" hai2="43,15,133,55,21,51,97,124,29,118,13,59,38" hai3="123,67,34,40,102,17,117,84,6,95,32,8,12"/><W7/><G117/><T91/><D82/><U30/><E69/><V113/><F118/><W85/><G123/><T78/><D116/><U64/><E119/><V74/><F113/><W9/><G34/><T72/><D93/><U62/><E110/><V35/><F35/><W77/><G32/><T122/><D96/><U3/><E134/><V101/><F133/><W94/><G77/><T19/><D19/><U5/><E66/><V87/><F74/><W54/><G67/><T105/><D78/><U28/><REACH who="1" step="1"/><E127/><REACH who="1" ten="284,297,113,296" step="2"/><V24/><F124/><W27/><G102/><T25/><D122/><U135/><E135/><V111/><F111/><W88/><G40/><AGARI ba="0,1" hai="3,5,11,28,30,31,40,44,49,57,62,64,80,83" machi="40" ten="40,1300,0" yaku="1,1,53,0" doraHai="81" doraHaiUra="114" who="1" fromWho="3" sc="284,0,297,23,113,0,296,-13" owari="284,8.4,320,42.0,113,-38.7,283,-11.7" /></mjloggm>