<mjloggm ver="2.3"><GO type="225" lobby="0"/><UN n0="%73%69%72%6F%75%74" n1="%E7%9C%9F%E4%B8%80" n2="%E6%97%A5%E6%9B%9C%E6%97%A5%E3%82%88%E3%82%8A%E3%81%AE%E4%BD%BF%E8%80%85" n3="%E3%81%B8%E3%82%80%E3%81%B8%E3%82%80%EF%BC%92%E5%8F%B7" dan="16,17,17,17" rate="2103.80,2252.03,2205.16,2180.39" sx="M,M,M,M"/><TAIKYOKU oya="0"/><INIT seed="0,0,0,2,1,14" ten="250,250,250,250" oya="0" hai0="54,22,44,27,88,0,12,69,29,103,100,76,106" hai1="28,37,3,111,74,91,36,105,49,127,87,102,5" hai2="46,123,9,45,62,81,4,26,34,133,17,78,80" hai3="70,48,114,10,50,13,25,110,98,84,51,101,59"/><T97/><D0/><U85/><E28/><V118/><F123/><W115/><G70/><T56/><D69/><U90/><E3/><V134/><F62/><W104/><G110/><T72/><D103/><U122/><E5/><V20/><F34/><W89/><G59/><T86/><D44/><N who="2" m="17002" /><F78/><W109/><G25/><T8/><D76/><U57/><E74/><V73/><F73/><W30/><G30/><T126/><D126/><U19/><E127/><V11/><F118/><W21/><G21/><T47/><D47/><U60/><E111/><V23/><F4/><W58/><G58/><T43/><D72/><U6/><E6/><V96/><F96/><W64/><G64/><T38/><D43/><U66/><E36/><V128/><F128/><W7/><REACH who="3" step="1"/><G109/><REACH who="3" ten="250,250,250,240" step="2"/><T131/><D38/><U65/><E57/><V15/><F134/><W24/><G24/><T117/><D131/><U39/><E65/><V77/><F133/><W125/><G125/><T82/><D117/><U120/><E66/><V68/><F68/><W75/><G75/><T94/><D56/><U52/><E37/><V32/><F32/><W132/><G132/><T18/><REACH who="0" step="1"/><D54/><REACH who="0" ten="240,250,250,240" step="2"/><U61/><E52/><V129/><F129/><W33/><G33/><T116/><D116/><U99/><E39/><V92/><F77/><W35/><G35/><T113/><D113/><U67/><E67/><V119/><F119/><W135/><G135/><T31/><D31/><U16/><E122/><V41/><F41/><W130/><G130/><T124/><D124/><U83/><E120/><V95/><F26/><W108/><G108/><RYUUKYOKU ba="0,2" sc="240,15,250,-15,250,-15,240,15" hai0="8,12,18,22,27,29,82,86,88,94,97,100,106" hai3="7,10,13,48,50,51,84,89,98,101,104,114,115" /><INIT seed="0,1,2,1,0,116" ten="255,235,235,255" oya="0" hai0="129,124,9,59,0,2,90,76,62,39,99,93,61" hai1="24,65,53,46,14,132,100,134,35,115,114,123,127" hai2="10,18,41,107,1,4,7,110,32,15,74,11,51" hai3="91,52,113,44,96,17,86,33,72,87,82,68,98"/><T12/><D39/><U80/><E127/><V126/><F74/><W92/><G68/><T89/><D124/><U50/><E100/><V36/><F107/><W47/><G33/><T20/><D129/><U118/><E118/><V103/><F126/><W122/><G122/><T75/><D20/><U66/><E14/><V83/><F36/><W119/><G119/><T5/><D61/><U81/><E35/><V30/><F110/><W88/><G72/><T48/><D48/><U106/><E106/><V16/><F103/><W102/><G113/><N who="1" m="43018" /><E24/><V19/><F83/><N who="1" m="31817" /><E123/><V108/><F51/><N who="3" m="28775" /><G47/><T28/><D75/><U26/><E26/><N who="2" m="18519" /><F41/><W27/><G102/><T54/><D76/><U43/><E43/><V94/><F94/><W23/><AGARI ba="1,2" hai="17,23,27,82,86,87,88,91,92,96,98" m="28775" machi="23" ten="30,4000,0" yaku="8,1,54,2" doraHai="116" who="3" fromWho="3" sc="255,-21,235,-11,235,-11,255,63" /><INIT seed="1,0,0,3,2,97" ten="234,224,224,318" oya="1" hai0="118,125,105,12,58,134,128,50,9,53,44,93,91" hai1="22,135,102,26,122,80,38,127,13,96,24,30,41" hai2="4,32,129,60,16,2,109,67,87,73,61,39,100" hai3="124,42,133,113,57,107,56,111,18,35,112,21,47"/><U6/><E122/><V69/><F73/><W78/><G111/><T65/><D105/><U14/><E135/><V110/><F39/><W11/><G35/><T77/><D118/><U75/><E127/><V63/><F32/><W119/><G133/><T108/><D134/><U131/><E131/><V51/><F129/><W95/><G107/><T81/><D108/><N who="2" m="41578" /><F51/><W45/><G78/><T114/><D114/><U79/><E6/><V40/><F40/><W121/><G121/><T117/><D117/><U123/><E123/><V19/><F87/><W116/><G11/><T28/><D125/><U37/><E41/><V20/><F100/><W88/><G124/><T86/><D128/><U120/><E120/><V84/><F84/><W15/><G116/><T101/><D101/><U71/><E71/><V104/><F104/><W49/><G119/><T76/><D44/><U59/><E59/><V34/><F34/><W70/><G47/><T48/><D48/><U103/><E103/><V43/><F43/><W132/><G70/><T3/><D86/><U92/><REACH who="1" step="1"/><E24/><REACH who="1" ten="234,214,224,318" step="2"/><N who="2" m="14343" /><F19/><W5/><G132/><T85/><D58/><U10/><E10/><AGARI ba="0,1" hai="2,4,10,60,61,63,67,69" m="14343,41578" machi="10" ten="30,2000,0" yaku="14,1,54,1" doraHai="97" who="2" fromWho="1" sc="234,0,214,-20,224,30,318,0" /><INIT seed="2,0,0,0,1,46" ten="234,194,254,318" oya="2" hai0="18,111,33,79,113,55,97,87,65,45,88,134,100" hai1="68,70,110,24,77,54,14,57,73,75,107,17,8" hai2="38,67,80,112,119,4,123,25,58,43,16,86,48" hai3="56,93,135,30,5,41,15,128,42,35,76,12,120"/><V92/><F112/><W84/><G120/><T49/><D111/><U117/><E117/><V11/><F123/><W3/><G3/><T72/><D134/><U127/><E110/><V95/><F119/><W109/><G109/><T125/><D33/><U20/><E127/><V96/><F38/><W85/><G35/><T98/><D65/><U78/><E107/><V9/><F67/><W114/><G114/><T126/><D113/><U32/><E32/><V104/><F104/><W21/><G128/><T118/><D118/><U37/><E37/><V34/><F34/><W115/><G115/><T103/><D18/><U90/><E75/><V59/><F59/><W22/><G56/><T129/><D129/><U47/><E47/><N who="2" m="25727" /><F58/><W131/><G131/><T106/><D79/><U61/><E73/><V99/><F95/><W102/><G135/><T133/><D72/><U19/><E70/><V63/><F63/><W101/><G76/><T132/><D133/><U7/><E68/><V130/><F130/><W52/><G52/><T13/><D132/><U44/><E44/><V74/><F74/><W60/><G60/><T66/><D66/><U121/><E121/><V124/><F124/><W116/><G116/><T6/><D125/><U31/><E19/><V1/><F92/><W10/><G93/><N who="0" m="54431" /><D126/><U36/><E36/><V39/><F39/><W51/><G51/><T71/><D71/><U69/><E69/><V23/><F11/><W82/><G10/><N who="0" m="4311" /><D106/><U64/><E64/><V53/><F53/><W27/><G42/><T83/><D83/><U50/><E61/><V62/><F62/><RYUUKYOKU ba="0,0" sc="234,15,194,-15,254,15,318,-15" hai0="45,49,55,97,98,100,103" hai2="1,4,9,16,23,25,80,86,96,99" /><INIT seed="2,1,0,5,3,113" ten="249,179,269,303" oya="2" hai0="3,129,25,130,48,63,19,73,12,88,13,132,57" hai1="55,7,34,106,87,68,67,61,0,11,29,54,60" hai2="89,75,99,84,31,119,8,52,36,98,134,23,16" hai3="77,69,79,74,58,72,117,35,22,101,126,4,45"/><V71/><F71/><W1/><G69/><T81/><D3/><U30/><E30/><V127/><F75/><W46/><G35/><T105/><D105/><U51/><E106/><V116/><F36/><W83/><G126/><T44/><D132/><U40/><E61/><V42/><F42/><W39/><G58/><T104/><D104/><U27/><REACH who="1" step="1"/><E87/><REACH who="1" ten="249,169,269,303" step="2"/><V120/><F31/><W107/><G107/><T47/><D73/><U133/><E133/><V85/><F85/><W108/><G74/><T97/><D130/><U80/><E80/><V100/><F84/><W6/><G83/><T59/><D81/><U50/><E50/><V90/><F134/><W26/><G72/><T124/><D129/><U95/><E95/><V10/><F127/><W76/><G108/><T9/><D124/><U33/><E33/><V103/><F120/><W21/><G77/><T93/><D63/><U62/><E62/><V114/><F114/><W18/><G76/><T49/><D48/><U32/><E32/><V2/><F119/><W17/><G79/><T125/><D125/><U92/><E92/><V78/><F78/><W65/><G39/><T66/><D49/><U115/><E115/><V14/><F116/><W86/><G86/><T37/><D37/><U56/><E56/><V96/><F103/><W82/><G101/><T128/><D128/><U102/><E102/><V41/><F100/><W121/><G117/><T53/><D59/><U24/><E24/><V15/><F90/><W111/><G26/><T122/><D25/><U123/><E123/><V64/><F89/><W38/><G121/><RYUUKYOKU ba="1,1" sc="249,-10,169,30,269,-10,303,-10" hai1="0,7,11,27,29,34,40,51,54,55,60,67,68" /><INIT seed="3,2,1,3,4,95" ten="239,199,259,293" oya="3" hai0="1,4,76,60,24,67,110,66,28,88,127,8,26" hai1="41,46,71,123,130,16,119,57,124,96,104,36,65" hai2="133,56,6,50,51,64,102,61,44,33,42,121,49" hai3="22,80,81,98,101,116,109,112,69,62,53,114,111"/><W87/><G22/><T84/><D110/><N who="3" m="41993" /><G116/><T43/><D43/><U74/><E74/><V68/><F102/><W47/><G47/><T115/><D76/><U131/><E123/><V40/><F6/><W134/><G134/><T100/><D100/><N who="1" m="62471" /><E119/><V14/><F14/><W37/><G37/><T126/><D115/><N who="3" m="44073" /><G87/><T3/><D3/><U39/><E124/><V11/><F33/><W82/><G53/><T52/><D52/><U118/><E118/><V35/><F35/><W48/><G48/><N who="2" m="18537" /><F11/><W106/><G62/><T54/><D60/><N who="1" m="40359" /><E57/><V79/><F121/><W122/><G69/><T27/><D54/><U85/><E36/><N who="2" m="21511" /><F133/><W89/><G89/><T103/><D103/><U72/><E72/><V92/><F68/><W19/><G19/><T2/><D2/><U20/><E85/><V94/><F51/><W75/><G122/><T93/><D127/><U31/><E31/><V70/><F70/><W7/><G7/><T12/><D126/><U5/><E5/><V29/><F61/><W38/><G38/><T32/><D1/><U117/><E117/><V125/><F29/><W78/><AGARI ba="2,1" hai="75,78,80,81,82,98,101,106" m="44073,41993" machi="78" ten="40,12000,1" yaku="14,1,10,1,34,2,52,1" doraHai="95" who="3" fromWho="3" sc="239,-42,199,-42,259,-42,293,136" owari="197,-20.3,157,-34.3,217,1.7,429,52.9" /></mjloggm>