<mjloggm ver="2.3"><GO type="225" lobby="0"/><UN n0="%6D%75%75%6D%75%72%61" n1="%6E%65%77%E8%BC%AA%E5%A4%A7%E7%B4%8D%E8%A8%80" n2="%E7%AD%89%E3%80%85%E5%8A%9B%E5%8A%87%E5%A0%B4" n3="%E3%82%BC%E3%83%AB%E3%83%80%E3%81%AE%E4%BC%9D%E8%AA%AC" dan="16,16,16,16" rate="2108.38,2128.82,2184.17,2210.01" sx="F,M,M,M"/><TAIKYOKU oya="0"/><INIT seed="0,0,0,3,0,1" ten="250,250,250,250" oya="0" hai0="52,94,49,37,34,116,105,130,0,18,14,23,125" hai1="107,54,50,114,32,7,76,24,102,111,28,112,38" hai2="97,6,83,59,127,56,57,103,67,33,86,80,123" hai3="81,85,42,31,9,72,20,27,13,128,71,8,104"/><T95/><D116/><U90/><E111/><V53/><F123/><W88/><G128/><T39/><D130/><U84/><E38/><V68/><F33/><W35/><G104/><T122/><D122/><U131/><E76/><V74/><F127/><W124/><G124/><T44/><D125/><U41/><E41/><V98/><F74/><W40/><G71/><T87/><D105/><U121/><E121/><V73/><F73/><W21/><G72/><T45/><D34/><U26/><E26/><V113/><F113/><N who="1" m="43625" /><E131/><V79/><F83/><W91/><G91/><T47/><D0/><U64/><E64/><V5/><F53/><W89/><G89/><T93/><REACH who="0" step="1"/><D87/><REACH who="0" ten="240,250,250,250" step="2"/><U110/><E110/><V109/><F109/><W129/><G129/><T106/><D106/><U2/><E107/><V58/><F86/><W117/><G117/><T29/><D29/><U132/><E84/><V75/><F75/><W77/><G77/><T63/><D63/><U115/><E28/><V108/><F79/><W66/><G35/><T62/><D62/><U15/><E2/><V11/><F108/><W3/><G3/><T55/><D55/><U61/><E54/><V120/><F120/><W119/><G119/><T48/><D48/><U46/><E61/><V43/><F67/><W82/><G66/><T101/><D101/><U65/><E65/><V134/><F103/><W100/><G100/><T12/><D12/><U10/><E102/><V17/><F43/><N who="3" m="16427" /><G81/><T36/><AGARI ba="0,1" hai="14,18,23,36,37,39,44,45,47,49,52,93,94,95" machi="36" ten="40,7800,0" yaku="1,1,0,1,54,1,53,0" doraHai="1" doraHaiUra="22" who="0" fromWho="0" sc="240,88,250,-26,250,-26,250,-26" /><INIT seed="0,1,0,0,1,94" ten="328,224,224,224" oya="0" hai0="53,42,72,18,60,82,100,3,32,70,125,48,68" hai1="59,93,104,5,41,71,74,128,64,90,96,27,80" hai2="57,75,66,117,123,127,69,103,38,31,98,22,58" hai3="105,132,109,113,124,26,11,73,9,19,28,116,35"/><T110/><D125/><U107/><E128/><V8/><F123/><W50/><G73/><T17/><D32/><U7/><E71/><V23/><F38/><W81/><G105/><T76/><D3/><U33/><E41/><V92/><F75/><W83/><G113/><T112/><D112/><U63/><E74/><V44/><F127/><W10/><G116/><T36/><D110/><U89/><E107/><V34/><F117/><W106/><G124/><T86/><D72/><U51/><E104/><V21/><F44/><W43/><G109/><T15/><D36/><U126/><E126/><V102/><F102/><W101/><G132/><T1/><D1/><U121/><E121/><V55/><F55/><W135/><G135/><T78/><D78/><U99/><E51/><V79/><F79/><W129/><G129/><T4/><D42/><U54/><E64/><V56/><F8/><W67/><G19/><T47/><D100/><N who="1" m="60431" /><E33/><V77/><F77/><W12/><G12/><T40/><D70/><U46/><E46/><V39/><F39/><W20/><G67/><N who="0" m="41063" /><D53/><U29/><E29/><V62/><REACH who="2" step="1"/><F34/><REACH who="2" ten="328,224,214,224" step="2"/><W2/><G35/><T25/><D47/><U24/><E89/><V45/><F45/><N who="3" m="25919" /><G2/><T87/><D40/><U0/><E0/><V115/><F115/><W131/><G131/><T134/><D134/><U37/><E37/><V97/><F97/><N who="3" m="61743" /><G11/><T49/><D87/><N who="1" m="50535" /><E99/><V52/><F52/><W118/><G118/><T30/><D86/><U84/><E84/><V65/><F65/><W13/><G10/><N who="0" m="4551" /><D76/><U85/><E85/><V6/><F6/><AGARI ba="1,1" hai="5,6,7,24,27,54,59,63" m="50535,60431" machi="6" ten="30,2000,0" yaku="8,1,52,1" doraHai="94" who="1" fromWho="2" sc="328,0,224,33,214,-23,224,0" /><INIT seed="1,0,0,0,5,68" ten="328,257,191,224" oya="1" hai0="125,80,39,85,45,48,59,5,124,10,12,133,31" hai1="41,71,111,101,98,106,75,29,116,8,107,53,122" hai2="88,89,81,112,96,47,135,73,17,105,100,11,38" hai3="55,132,22,91,33,95,13,119,58,51,93,114,7"/><U50/><E122/><V69/><F69/><W126/><G114/><T70/><D70/><U86/><E116/><V127/><F127/><N who="0" m="48714" /><D133/><U118/><E118/><V44/><F135/><W92/><G132/><T128/><D128/><U123/><E123/><V27/><F112/><W62/><G33/><T60/><D31/><U49/><E75/><V34/><F47/><W131/><G119/><T90/><D39/><U87/><E107/><V113/><F113/><W77/><G131/><T103/><D103/><U129/><E129/><V3/><F34/><W61/><G77/><T67/><D48/><U76/><E71/><V16/><F27/><W94/><G126/><T32/><D32/><U2/><E29/><V115/><F115/><W46/><G46/><AGARI ba="0,0" hai="5,10,12,45,46,59,60,67,80,85,90" m="48714" machi="46" ten="30,1000,0" yaku="18,1" doraHai="68" who="0" fromWho="3" sc="328,10,257,0,191,0,224,-10" /><INIT seed="2,0,0,1,0,125" ten="338,257,191,214" oya="2" hai0="0,2,106,39,66,105,121,58,67,52,29,85,74" hai1="122,107,7,18,15,5,96,115,8,133,64,53,31" hai2="134,84,65,116,79,26,111,113,27,78,14,36,102" hai3="40,57,112,91,49,117,23,71,81,16,20,46,11"/><V135/><F113/><W30/><G71/><T110/><D74/><U100/><E115/><V61/><F116/><W42/><G117/><T69/><D121/><U86/><E133/><N who="2" m="50699" /><F36/><W118/><G118/><T4/><D69/><U44/><E122/><V63/><F102/><W60/><G112/><T1/><D110/><U77/><E64/><V28/><F14/><N who="3" m="7263" /><G40/><T132/><D132/><U104/><E104/><V103/><F103/><W73/><G73/><T19/><D4/><N who="1" m="1611" /><E107/><V17/><F17/><W128/><G128/><T76/><D39/><U82/><E31/><V55/><F55/><N who="3" m="33855" /><G30/><T108/><D108/><U83/><E82/><V124/><F111/><W25/><G25/><N who="2" m="9225" /><F28/><W75/><G75/><T98/><D105/><U123/><E123/><V101/><F101/><W6/><G6/><T32/><D106/><U38/><E38/><V68/><F63/><W50/><G50/><T114/><D114/><U35/><E35/><V3/><F3/><W24/><G24/><T33/><D29/><U130/><E130/><V9/><F9/><W12/><G12/><T90/><D19/><U95/><E53/><V51/><F51/><W88/><G81/><N who="0" m="47271" /><D33/><U120/><E120/><V37/><F37/><W10/><G10/><T21/><D32/><U62/><E62/><V59/><F68/><W99/><G99/><T109/><D109/><U80/><E83/><N who="2" m="47223" /><F124/><W70/><G70/><T43/><D43/><U54/><E54/><V93/><F93/><W13/><G13/><T126/><D126/><U127/><E127/><V56/><F59/><W41/><G41/><T48/><D21/><AGARI ba="0,0" hai="20,21,23,42,46,49,88,91" m="33855,7263" machi="21" ten="30,7700,0" yaku="6,1,8,1,54,2" doraHai="125" who="3" fromWho="0" sc="338,-77,257,0,191,0,214,77" /><INIT seed="3,0,0,2,0,114" ten="261,257,191,291" oya="3" hai0="42,73,77,119,102,63,12,14,38,54,120,53,101" hai1="90,129,97,43,61,109,75,52,62,50,85,113,7" hai2="104,59,13,111,69,127,15,92,31,57,30,115,28" hai3="66,78,117,135,130,37,41,4,105,71,22,67,47"/><W106/><G117/><T72/><D120/><U99/><E113/><V3/><F104/><W58/><G135/><T122/><D122/><U40/><E75/><V60/><F115/><W87/><G22/><T118/><D63/><N who="1" m="24075" /><E7/><V88/><F3/><W74/><G71/><T94/><D94/><N who="1" m="54607" /><E129/><V26/><F111/><W128/><G87/><T55/><D55/><U112/><E112/><V0/><F0/><W76/><G4/><T6/><D6/><U103/><E109/><V79/><F127/><W82/><G78/><T93/><D93/><N who="1" m="58799" /><E99/><V91/><F79/><W9/><G9/><T29/><D77/><U1/><E1/><V98/><F69/><W8/><G8/><T17/><D38/><U68/><E68/><V107/><F107/><N who="3" m="40971" /><G58/><AGARI ba="0,0" hai="40,43,50,52,58" m="58799,54607,24075" machi="58" ten="30,2000,0" yaku="8,1,54,1" doraHai="114" who="1" fromWho="3" sc="261,0,257,20,191,0,291,-20" /><INIT seed="4,0,0,1,1,28" ten="261,277,191,271" oya="0" hai0="96,56,81,61,110,41,35,107,6,87,125,74,98" hai1="64,132,11,93,80,84,8,122,121,49,33,9,100" hai2="126,66,128,67,99,63,13,52,79,23,7,18,95" hai3="40,14,124,86,62,17,37,88,22,29,45,5,26"/><T117/><D117/><U38/><E38/><V34/><F128/><W97/><G124/><T0/><D74/><U102/><E132/><V77/><F126/><W46/><G46/><T71/><D125/><U130/><E130/><V105/><F105/><W39/><G62/><T20/><D71/><U54/><E33/><V44/><F34/><W58/><G58/><T129/><D129/><U101/><E64/><N who="2" m="24619" /><F7/><W65/><G65/><T72/><D72/><U69/><E69/><V36/><F36/><W3/><G97/><T113/><D35/><U112/><E93/><V118/><F118/><W135/><G135/><T31/><D107/><U85/><E112/><V94/><F94/><W73/><G73/><T82/><D113/><U53/><E49/><N who="2" m="28711" /><F63/><W120/><G120/><N who="1" m="46186" /><E80/><N who="0" m="30825" /><D110/><U59/><E59/><V42/><F42/><W92/><G3/><T134/><D0/><U91/><E91/><AGARI ba="0,0" hai="13,18,23,77,79,91,95,99" m="28711,24619" machi="91" ten="30,2000,0" yaku="8,1,54,1" doraHai="28" who="2" fromWho="1" sc="261,0,277,-20,191,20,271,0" /><INIT seed="5,0,0,1,0,131" ten="261,257,211,271" oya="1" hai0="11,1,59,114,90,30,18,73,92,57,132,58,121" hai1="41,89,109,87,48,7,17,20,66,15,13,6,71" hai2="70,119,94,80,63,105,10,54,9,128,82,23,21" hai3="37,14,99,28,50,106,115,133,126,75,68,31,60"/><U129/><E129/><V112/><F105/><W108/><G50/><T79/><D114/><U76/><E109/><V26/><F128/><W24/><G14/><N who="1" m="5130" /><E71/><V55/><F70/><W33/><G31/><T103/><D121/><U111/><E111/><V85/><F119/><W44/><G108/><T97/><D1/><U67/><E76/><V84/><F94/><W93/><G93/><T81/><D18/><U40/><E48/><V52/><F63/><W120/><G126/><T38/><D38/><U5/><E20/><N who="2" m="7755" /><F26/><W117/><G115/><T72/><D30/><U78/><E78/><V118/><F118/><W36/><G117/><T46/><D73/><U12/><E17/><V110/><F110/><W88/><G120/><T125/><D125/><U74/><E74/><V123/><F123/><W43/><G75/><T39/><D11/><N who="2" m="4106" /><F112/><W19/><G19/><T56/><N who="0" m="14336" /><DORA hai="47" /><T3/><D3/><U29/><E29/><V98/><F98/><W101/><G37/><T2/><D2/><U77/><E77/><V22/><N who="2" m="7763" /><V49/><DORA hai="134" /><F49/><W0/><G0/><T42/><REACH who="0" step="1"/><D103/><REACH who="0" ten="251,257,211,271" step="2"/><U100/><N who="1" m="5138" /><U91/><DORA hai="127" /><E100/><V135/><F135/><AGARI ba="0,1" hai="39,42,46,72,79,81,90,92,97,132,135" m="14336" machi="135" ten="50,6400,0" yaku="1,1,52,2,53,0" doraHai="131,47,134,127" doraHaiUra="27,124,32,25" who="0" fromWho="2" sc="251,74,257,0,211,-64,271,0" owari="325,42.5,257,-14.3,147,-35.3,271,7.1" /></mjloggm>