<mjloggm ver="2.3"><GO type="225" lobby="0"/><UN n0="%E9%80%9F%E6%B0%B4%E5%87%9B%E9%A6%99" n1="%72%61%6B%33" n2="%E3%81%8B%E3%82%8F%E3%81%A1%E3%82%83%E3%82%93%35%38" n3="%4F%77%4B" dan="16,16,16,17" rate="2181.19,2162.75,2096.48,2106.86" sx="F,M,M,M"/><TAIKYOKU oya="0"/><INIT seed="0,0,0,3,0,119" ten="250,250,250,250" oya="0" hai0="10,26,64,8,29,100,12,132,68,94,74,85,33" hai1="44,124,134,1,16,2,76,106,60,15,31,101,22" hai2="40,3,42,103,96,133,34,17,97,83,24,18,113" hai3="23,115,27,123,121,59,20,102,57,38,125,105,48"/><T45/><D74/><U30/><E76/><V6/><F113/><W90/><G115/><T66/><D132/><U130/><E106/><V80/><F133/><W72/><G38/><T114/><D114/><U98/><E134/><V108/><F108/><W104/><G72/><T49/><D68/><U88/><E124/><V47/><F3/><W43/><G125/><T135/><D135/><U73/><E73/><V77/><F6/><W36/><G36/><T4/><D8/><U95/><E130/><V52/><F34/><W128/><G128/><T41/><REACH who="0" step="1"/><D85/><REACH who="0" ten="240,250,250,250" step="2"/><U69/><E69/><V65/><F96/><AGARI ba="0,1" hai="4,10,12,26,29,33,41,45,49,64,66,94,96,100" machi="96" ten="40,3900,0" yaku="1,1,2,1,53,0" doraHai="119" doraHaiUra="81" who="0" fromWho="2" sc="240,49,250,0,250,-39,250,0" /><INIT seed="0,1,0,5,0,128" ten="289,250,211,250" oya="0" hai0="57,56,25,118,44,54,8,13,119,32,109,2,66" hai1="58,82,120,107,83,0,127,126,9,37,10,84,79" hai2="62,7,135,75,113,123,78,74,65,114,12,19,122" hai3="45,115,1,117,31,73,98,53,55,103,20,6,17"/><T14/><D2/><U23/><E120/><V34/><F62/><W29/><G117/><T26/><D66/><U88/><E107/><V133/><F65/><W67/><G115/><N who="2" m="44041" /><F7/><W68/><G73/><N who="2" m="27657" /><F34/><W134/><G67/><T106/><D106/><U102/><E102/><V16/><F12/><W60/><G60/><T52/><D44/><U22/><E37/><V124/><F78/><W71/><G6/><T80/><D8/><U5/><E9/><V94/><F94/><W93/><G1/><T48/><D48/><U39/><E39/><V63/><F63/><W121/><G93/><T112/><D112/><U108/><E108/><V69/><F69/><W125/><G45/><T89/><D32/><U111/><E111/><V110/><F110/><W97/><G71/><T59/><D109/><U130/><E58/><V92/><F92/><W91/><G68/><T76/><D76/><U104/><E104/><V81/><F81/><W100/><G31/><T43/><D43/><U129/><E82/><V101/><F101/><W77/><G29/><T64/><D64/><U46/><E46/><V11/><F124/><N who="1" m="47657" /><E79/><V28/><F28/><W116/><G77/><T131/><D59/><U21/><AGARI ba="1,0" hai="0,5,10,21,22,23,83,84,88,129,130" m="47657" machi="21" ten="40,2700,0" yaku="18,1,54,1" doraHai="128" who="1" fromWho="1" sc="289,-14,250,30,211,-8,250,-8" /><INIT seed="1,0,0,3,0,102" ten="275,280,203,242" oya="1" hai0="7,24,33,90,56,100,36,111,79,2,128,6,96" hai1="3,93,68,92,62,122,29,131,50,61,31,25,70" hai2="67,71,109,86,18,103,133,34,81,69,94,84,43" hai3="53,45,37,74,49,89,107,125,64,117,55,123,60"/><U26/><E50/><V21/><F34/><W30/><G74/><T8/><D36/><U47/><E47/><V104/><F109/><W16/><G123/><T23/><D111/><U1/><REACH who="1" step="1"/><E131/><REACH who="1" ten="275,270,203,242" step="2"/><V57/><F43/><W130/><G49/><T78/><D128/><U76/><E76/><V82/><F133/><W119/><G45/><T40/><D78/><U124/><E124/><V108/><F108/><W39/><G125/><T9/><D79/><U35/><E35/><V127/><F127/><W58/><G39/><T75/><D33/><U88/><E88/><V44/><F44/><W91/><G91/><T132/><D90/><U73/><E73/><V4/><F103/><W12/><G37/><T42/><D75/><U101/><E101/><V41/><F41/><W46/><G89/><T77/><D132/><U112/><E112/><V118/><F84/><W48/><G48/><T52/><D77/><U59/><E59/><V13/><F86/><W17/><G46/><T38/><D38/><U115/><E115/><V87/><F87/><W126/><G126/><T15/><D100/><U116/><E116/><V14/><F118/><W98/><G130/><T113/><D113/><U27/><E27/><V19/><F57/><W10/><G119/><T51/><D96/><U97/><E97/><V110/><F110/><W11/><G117/><T54/><D54/><U22/><E22/><V135/><F21/><W65/><G55/><T106/><D106/><U80/><E80/><V134/><F104/><W95/><G107/><T105/><D105/><U32/><E32/><V72/><F72/><RYUUKYOKU ba="0,1" sc="275,15,270,15,203,-15,242,-15" hai0="2,6,7,8,9,15,23,24,40,42,51,52,56" hai1="1,3,25,26,29,31,61,62,68,70,92,93,122" /><INIT seed="1,1,1,0,1,11" ten="290,285,188,227" oya="1" hai0="128,120,122,55,2,132,101,31,133,29,22,3,38" hai1="10,68,0,23,51,40,66,57,92,74,7,107,52" hai2="87,63,100,88,106,46,65,124,98,125,78,49,26" hai3="62,116,53,126,115,14,134,110,112,111,105,20,1"/><U27/><E107/><V9/><F78/><W50/><G105/><T15/><D55/><U35/><E74/><V39/><F39/><W108/><G1/><N who="0" m="11" /><D101/><U24/><E35/><V48/><F26/><W60/><G126/><T84/><D84/><U30/><E24/><V109/><F109/><W121/><G121/><N who="0" m="46699" /><D38/><U89/><E40/><V90/><F48/><W96/><G96/><T81/><D81/><U67/><REACH who="1" step="1"/><E68/><REACH who="1" ten="290,275,188,227" step="2"/><V91/><F87/><AGARI ba="1,2" hai="0,7,10,23,27,30,51,52,57,66,67,87,89,92" machi="87" ten="30,11600,0" yaku="1,1,2,1,7,1,54,1,53,0" doraHai="11" doraHaiUra="73" who="1" fromWho="2" sc="290,0,275,139,188,-119,227,0" /><INIT seed="1,2,0,4,5,85" ten="290,414,69,227" oya="1" hai0="35,69,134,79,72,24,52,32,88,51,128,23,75" hai1="80,90,36,130,89,17,68,57,83,116,73,91,65" hai2="8,15,109,82,132,49,39,20,56,29,78,16,30" hai3="120,43,107,111,95,58,86,54,114,42,48,129,124"/><U14/><E116/><V55/><F109/><W33/><G114/><T66/><D66/><U13/><E36/><V106/><F132/><W2/><G120/><T117/><D69/><U9/><E68/><V84/><F106/><W122/><G122/><T123/><D117/><U115/><E115/><V12/><REACH who="2" step="1"/><F39/><REACH who="2" ten="290,414,59,227" step="2"/><W99/><G107/><T60/><D134/><U113/><E113/><V98/><F98/><W34/><G99/><T26/><D123/><U110/><E110/><V74/><F74/><W103/><G111/><T71/><D72/><U63/><E73/><V10/><F10/><W7/><G124/><T93/><D75/><U11/><E130/><V87/><F87/><W47/><G86/><T46/><D128/><U40/><E40/><V31/><F31/><W22/><G43/><T105/><D105/><U41/><E41/><V104/><F104/><W121/><G129/><T37/><D37/><U0/><E0/><V92/><F92/><W100/><G121/><T125/><D125/><U118/><E118/><V64/><F64/><W61/><G95/><T94/><D94/><U19/><AGARI ba="2,1" hai="9,11,13,14,17,19,57,63,65,80,83,89,90,91" machi="19" ten="30,18000,2" yaku="0,1,9,1,8,1,52,3" doraHai="85" who="1" fromWho="1" sc="290,-62,414,196,59,-62,227,-62" owari="228,2.8,610,71.0,-3,-50.3,165,-23.5" /></mjloggm>