<mjloggm ver="2.3"><GO type="225" lobby="0"/><UN n0="%E3%83%97%E3%83%92" n1="%E9%B3%B3%E6%9D%B1%E3%81%AE%E3%81%BF%E3%81%91%E3%81%AB%E3%82%83%E3%82%93" n2="%63%68%78%62%64" n3="%E3%83%97%E3%83%AC%E3%83%B4%E3%82%A1%E3%83%86%E3%82%A3" dan="16,16,16,16" rate="2172.36,2096.06,2158.77,2077.46" sx="M,F,M,F"/><TAIKYOKU oya="0"/><INIT seed="0,0,0,3,5,55" ten="250,250,250,250" oya="0" hai0="16,124,22,116,95,43,47,37,113,52,105,102,28" hai1="114,15,80,127,99,8,87,56,4,90,70,100,5" hai2="62,61,72,48,40,122,88,104,112,75,57,18,6" hai3="133,67,2,53,7,134,103,68,84,120,63,66,71"/><T46/><D113/><U32/><E70/><N who="3" m="26666" /><G103/><T78/><D116/><U21/><E127/><V125/><F104/><W12/><G84/><T92/><D124/><U14/><E114/><V108/><F108/><W38/><G12/><T26/><D78/><U33/><E21/><V30/><F122/><W58/><G7/><T65/><D65/><N who="3" m="24585" /><G2/><T36/><D28/><U119/><E119/><V81/><F125/><W118/><G118/><T74/><D74/><U86/><E86/><N who="2" m="50255" /><F72/><W11/><G11/><T59/><D46/><U29/><E29/><V109/><F75/><W98/><G98/><T42/><D43/><U76/><E76/><V97/><F6/><W24/><G24/><T131/><D37/><U117/><E117/><V128/><F128/><W101/><G101/><T17/><D131/><U121/><E121/><V23/><F109/><W50/><G120/><T0/><D0/><U9/><REACH who="1" step="1"/><E56/><REACH who="1" ten="250,240,250,250" step="2"/><V19/><F57/><N who="3" m="32951" /><G38/><T96/><REACH who="0" step="1"/><D17/><REACH who="0" ten="240,240,250,250" step="2"/><U135/><E135/><V85/><F19/><W31/><G31/><T107/><D107/><AGARI ba="0,2" hai="4,5,8,9,14,15,32,33,80,87,90,99,100,107" machi="107" ten="30,3900,0" yaku="1,1,7,1,9,1,53,0" doraHai="55" doraHaiUra="51" who="1" fromWho="0" sc="240,-39,240,59,250,0,250,0" /><INIT seed="1,0,0,0,0,101" ten="201,299,250,250" oya="1" hai0="103,69,55,117,2,90,21,108,57,135,10,102,65" hai1="95,35,37,126,36,89,122,34,49,98,67,20,129" hai2="43,128,56,14,53,18,121,1,130,93,131,115,3" hai3="88,54,15,83,38,80,116,31,123,11,39,92,9"/><U85/><E122/><V27/><F115/><W74/><G123/><T42/><D117/><U63/><E129/><V127/><F121/><W44/><G116/><T19/><D108/><U125/><E49/><V46/><F127/><N who="1" m="48649" /><E20/><N who="2" m="11351" /><F93/><W112/><G112/><T7/><D42/><U72/><E72/><V84/><F84/><W133/><G133/><T13/><D135/><U66/><E66/><V106/><F106/><W97/><G74/><T109/><D109/><U8/><E8/><V0/><F27/><W58/><G31/><T30/><D65/><U99/><E99/><V107/><F107/><W119/><G119/><T70/><D30/><U73/><E73/><V87/><F87/><W48/><G80/><T52/><D55/><U111/><E85/><V113/><F113/><W47/><G83/><T86/><D70/><N who="1" m="42367" /><E111/><V61/><F0/><W28/><G28/><T25/><D69/><U91/><E91/><V40/><F40/><W82/><G82/><N who="0" m="49495" /><D2/><U124/><N who="1" m="48657" /><U24/><DORA hai="75" /><E24/><V104/><F104/><W78/><G78/><T71/><D71/><U100/><E100/><V41/><F41/><W17/><REACH who="3" step="1"/><G9/><REACH who="3" ten="201,299,250,240" step="2"/><T76/><D76/><U22/><E22/><V23/><F23/><W79/><G79/><T94/><D94/><U12/><E34/><V50/><AGARI ba="0,1" hai="1,3,43,46,50,53,56,61,128,130,131" m="11351" machi="50" ten="30,1100,0" yaku="19,1" doraHai="101,75" who="2" fromWho="2" sc="201,-3,299,-5,250,21,240,-3" /><INIT seed="2,0,0,1,3,81" ten="198,294,271,237" oya="2" hai0="50,53,65,131,40,127,22,21,0,44,88,9,130" hai1="126,70,96,63,5,18,60,120,106,59,47,48,128" hai2="12,58,49,86,37,64,104,46,52,66,102,103,79" hai3="98,117,132,122,41,34,69,111,20,116,67,35,2"/><V125/><F104/><W43/><G122/><T27/><D127/><U78/><E5/><V3/><F3/><W109/><G2/><T73/><D73/><U110/><E18/><V71/><F125/><W55/><G20/><T6/><D65/><N who="2" m="25194" /><F71/><W31/><G31/><T72/><D72/><U83/><E70/><V54/><F37/><W51/><G98/><T135/><D135/><U13/><E126/><V57/><F12/><W42/><G132/><T121/><D121/><U99/><E13/><V14/><F14/><W29/><G29/><T97/><D53/><U39/><E39/><V118/><F118/><N who="3" m="45675" /><G34/><T74/><D74/><U15/><E15/><V87/><F46/><N who="3" m="28151" /><G35/><T76/><D76/><U123/><E106/><V100/><F79/><W25/><G25/><T112/><D112/><U114/><E78/><V33/><F33/><W61/><AGARI ba="0,0" hai="41,42,43,61,67,69,109,111" m="28151,45675" machi="61" ten="40,2700,0" yaku="34,2" doraHai="81" who="3" fromWho="3" sc="198,-7,294,-7,271,-13,237,27" /><INIT seed="3,0,0,3,5,107" ten="191,287,258,264" oya="3" hai0="39,47,62,3,105,110,41,89,30,25,15,20,9" hai1="12,71,125,119,124,127,116,74,65,1,27,97,103" hai2="131,129,18,31,101,78,86,91,48,77,120,32,93" hai3="10,87,133,64,42,102,4,118,69,19,2,111,13"/><W73/><G118/><N who="1" m="45098" /><E1/><V122/><F31/><W17/><G133/><T29/><D110/><U132/><E132/><V115/><F32/><W34/><G34/><T135/><D135/><U43/><E74/><V49/><F18/><W95/><G111/><T83/><D105/><N who="1" m="63727" /><E43/><V51/><F115/><W0/><G42/><T90/><D3/><U128/><E128/><N who="2" m="49227" /><F101/><W46/><G46/><T58/><D83/><U68/><E65/><V60/><F60/><W50/><G50/><N who="2" m="12801" /><V54/><DORA hai="100" /><F54/><W82/><G0/><T75/><D75/><U33/><E12/><V6/><F6/><W76/><G2/><T36/><D39/><U98/><E98/><V121/><AGARI ba="0,0" hai="77,78,86,91,93,120,121,122" m="12801,49227" machi="121" ten="50,3200,0" yaku="13,1,19,1" doraHai="107,100" who="2" fromWho="2" sc="191,-8,287,-8,258,32,264,-16" /><INIT seed="4,0,0,4,2,49" ten="183,279,290,248" oya="0" hai0="130,45,5,10,15,132,122,126,133,56,42,116,112" hai1="129,65,127,70,7,88,1,20,110,55,107,120,39" hai2="98,86,4,28,12,24,93,101,78,22,80,29,75" hai3="124,57,90,61,17,117,121,58,3,0,33,113,128"/><T118/><D122/><U27/><E110/><V106/><F106/><W30/><G117/><T18/><D112/><U95/><E120/><V89/><F75/><W38/><G121/><T103/><D103/><U62/><E39/><V40/><F40/><W60/><G113/><T41/><D130/><U21/><E107/><V43/><F43/><W74/><G38/><T37/><D42/><U31/><E129/><V73/><F73/><W99/><G74/><T36/><D37/><U77/><E127/><V64/><F64/><W67/><G128/><T13/><D126/><U68/><E77/><V91/><F28/><W23/><G124/><T47/><D47/><U46/><E7/><V26/><F26/><W115/><G115/><T114/><D114/><U135/><E1/><V19/><F4/><W34/><G30/><T50/><D116/><U35/><E70/><V102/><F102/><W131/><G131/><T53/><REACH who="0" step="1"/><D118/><REACH who="0" ten="173,279,290,248" step="2"/><U85/><E46/><V119/><F119/><W108/><G108/><T134/><D134/><U14/><E135/><V63/><F63/><W48/><G48/><T44/><D44/><U54/><E35/><AGARI ba="0,1" hai="12,19,22,24,29,35,78,80,86,89,91,93,98,101" machi="35" ten="30,1000,0" yaku="7,1" doraHai="49" who="2" fromWho="1" sc="173,0,279,-10,290,20,248,0" owari="173,-32.7,269,6.9,310,41.0,248,-15.2" /></mjloggm>