<mjloggm ver="2.3"><GO type="225" lobby="0"/><UN n0="%47%48%4F%53%54" n1="%4C%C3%97%57%C3%97%4C" n2="%4B%2E%32%2E%4B%2E" n3="%E5%84%AA%40%41%42%43" dan="17,18,16,18" rate="2231.08,2161.18,2078.57,2237.22" sx="M,M,M,M"/><TAIKYOKU oya="0"/><INIT seed="0,0,0,1,4,53" ten="250,250,250,250" oya="0" hai0="96,18,71,45,88,95,9,127,94,121,8,57,36" hai1="75,50,6,21,40,117,126,82,24,74,7,37,84" hai2="59,28,85,0,123,70,77,58,119,76,133,99,16" hai3="105,15,56,104,73,5,65,100,55,115,44,42,20"/><T17/><D71/><U124/><E117/><V86/><F123/><W98/><G73/><T32/><D121/><U14/><E37/><V72/><F70/><W87/><G115/><T29/><D127/><N who="1" m="48683" /><E40/><V43/><F0/><W34/><G34/><T3/><D36/><U10/><E50/><V4/><F4/><W46/><G65/><T116/><D116/><U13/><E13/><V64/><F119/><W38/><G46/><T113/><D113/><U131/><E6/><V135/><F28/><W67/><G67/><T102/><D45/><U54/><E54/><V51/><F99/><W128/><G87/><N who="2" m="33289" /><F72/><W1/><G1/><T11/><D3/><U27/><E131/><V125/><F125/><W78/><G78/><N who="2" m="30313" /><F64/><W93/><G128/><T112/><D112/><U47/><E75/><V22/><F51/><W79/><G79/><T63/><D29/><U120/><E74/><V25/><F43/><W97/><G98/><N who="0" m="59743" /><D32/><U103/><E120/><V108/><F108/><W49/><REACH who="3" step="1"/><G20/><REACH who="3" ten="250,250,250,240" step="2"/><T92/><D92/><U89/><E21/><V31/><F31/><W122/><G122/><T101/><D101/><U23/><E23/><V33/><F33/><W106/><G106/><T35/><D35/><U66/><E103/><V30/><F30/><W62/><G62/><T69/><D69/><U39/><E66/><AGARI ba="0,1" hai="8,9,11,17,18,57,63,66,88,94,96" m="59743" machi="66" ten="30,5800,0" yaku="8,1,52,1,54,1" doraHai="53" who="0" fromWho="1" sc="250,68,250,-58,250,0,240,0" /><INIT seed="0,1,0,3,0,92" ten="318,192,250,240" oya="0" hai0="73,68,94,89,65,26,62,0,18,43,45,97,7" hai1="100,88,69,124,133,6,85,57,128,96,120,23,86" hai2="5,119,50,118,8,32,33,41,53,58,37,28,61" hai3="64,76,35,20,38,121,110,70,91,126,113,93,51"/><T87/><D73/><U115/><E69/><V101/><F37/><W19/><G35/><T114/><D114/><U10/><E115/><V123/><F123/><W27/><G38/><T103/><D7/><U80/><E120/><V104/><F104/><W129/><G113/><T39/><D0/><U82/><E124/><V31/><F101/><W15/><G121/><T107/><D26/><U78/><E128/><V127/><F127/><W22/><G110/><T125/><D125/><U1/><E133/><V42/><F32/><W63/><G129/><T77/><D77/><U59/><REACH who="1" step="1"/><E23/><REACH who="1" ten="318,182,250,240" step="2"/><V40/><F33/><W116/><G126/><T12/><D68/><U44/><E44/><V122/><F122/><W29/><G116/><N who="2" m="44585" /><F61/><W135/><G135/><T79/><D62/><U54/><E54/><V52/><F53/><W99/><G51/><T56/><D65/><U21/><E21/><V112/><F112/><W47/><G47/><T13/><D56/><U36/><E36/><V109/><F109/><W34/><G34/><T81/><REACH who="0" step="1"/><D18/><REACH who="0" ten="308,182,250,240" step="2"/><U25/><E25/><V130/><F130/><W84/><REACH who="3" step="1"/><G76/><REACH who="3" ten="308,182,250,230" step="2"/><T49/><D49/><U66/><E66/><V16/><F16/><W95/><G95/><AGARI ba="1,3" hai="1,6,10,57,59,78,80,82,85,86,88,95,96,100" machi="95" ten="30,7700,0" yaku="1,1,7,1,52,1,54,1,53,0" doraHai="92" doraHaiUra="30" who="1" fromWho="3" sc="308,0,182,110,250,0,230,-80" /><INIT seed="1,0,0,5,5,76" ten="308,292,250,150" oya="1" hai0="126,34,54,31,68,45,20,10,55,135,37,16,50" hai1="66,109,93,22,60,98,131,113,5,36,23,70,78" hai2="18,100,52,27,28,40,61,26,72,25,12,33,118" hai3="53,86,57,115,101,17,123,15,6,121,4,97,96"/><U56/><E113/><V41/><F118/><W30/><G115/><T24/><D68/><U120/><E120/><V94/><F72/><W87/><G30/><T111/><D111/><U85/><E36/><V46/><F33/><W107/><G121/><T59/><D126/><U38/><E38/><V44/><F28/><W124/><G124/><T129/><D129/><U117/><E131/><V103/><F61/><W88/><G87/><T80/><D135/><U19/><E117/><V114/><F114/><W84/><G86/><T39/><D10/><U63/><E5/><V51/><F94/><W65/><G65/><T127/><D80/><N who="1" m="47255" /><E70/><V3/><F3/><W110/><G97/><T14/><REACH who="0" step="1"/><D127/><REACH who="0" ten="298,292,250,150" step="2"/><U99/><E109/><V91/><F91/><W92/><G110/><T116/><D116/><U2/><E2/><V8/><REACH who="2" step="1"/><F41/><REACH who="2" ten="298,292,240,150" step="2"/><W69/><G123/><T89/><D89/><N who="1" m="55599" /><E63/><AGARI ba="0,2" hai="14,16,20,24,31,34,37,39,45,50,54,55,59,63" machi="63" ten="30,3900,0" yaku="1,1,7,1,54,1,53,0" doraHai="76" doraHaiUra="0" who="0" fromWho="1" sc="298,59,292,-39,240,0,150,0" /><INIT seed="2,0,0,4,3,76" ten="357,253,240,150" oya="2" hai0="92,124,119,133,11,54,29,95,12,57,114,102,20" hai1="96,48,111,17,9,130,82,47,13,104,99,91,10" hai2="62,75,77,42,46,1,122,6,8,115,131,89,81" hai3="69,134,33,68,2,41,135,23,36,51,16,52,66"/><V22/><F115/><W45/><G33/><T72/><D114/><U80/><E111/><V5/><F122/><W107/><G2/><T43/><D72/><U71/><E71/><V94/><F131/><W34/><G34/><T61/><D119/><U74/><E74/><V100/><F6/><W132/><G107/><T21/><D124/><U121/><E130/><V127/><F127/><W123/><G66/><T90/><D133/><U70/><E70/><V125/><F125/><W60/><G60/><T103/><D43/><N who="1" m="24703" /><E104/><V58/><F22/><N who="0" m="8810" /><D29/><U35/><E35/><V117/><F100/><N who="0" m="38442" /><D90/><U79/><E79/><V85/><F117/><W40/><G40/><T44/><D44/><U32/><E32/><V28/><F28/><W18/><G18/><AGARI ba="0,0" hai="11,12,18,54,57,61,92,95" m="38442,8810" machi="18" ten="30,1000,0" yaku="8,1" doraHai="76" who="0" fromWho="3" sc="357,10,253,0,240,0,150,-10" /><INIT seed="3,0,0,5,5,35" ten="367,253,240,140" oya="3" hai0="108,70,89,98,90,135,102,67,94,91,81,122,127" hai1="8,72,29,3,51,16,99,133,61,115,4,36,41" hai2="63,75,17,68,117,128,110,114,95,106,18,131,2" hai3="86,20,39,27,78,124,57,43,111,88,121,129,50"/><W126/><G121/><T49/><D122/><U69/><E115/><V53/><F106/><W105/><G105/><T31/><D31/><U48/><E29/><V34/><F114/><W26/><G39/><T6/><D6/><U30/><E30/><V1/><F117/><W130/><G78/><T96/><D70/><U45/><E133/><V134/><F34/><W62/><G43/><T103/><D67/><U9/><E99/><V93/><F134/><W85/><G50/><T21/><D108/><U32/><E32/><V25/><F75/><W56/><G111/><T58/><D127/><N who="3" m="48681" /><G86/><T44/><D58/><N who="3" m="22633" /><G62/><T119/><D119/><U11/><E72/><V12/><F110/><W84/><G84/><N who="0" m="50319" /><D21/><U28/><E69/><V7/><F53/><W73/><G73/><T66/><D66/><U65/><E65/><V64/><F93/><N who="3" m="54415" /><G20/><T46/><D135/><U100/><E61/><V14/><F95/><W60/><G60/><T101/><D49/><U107/><E51/><V15/><F7/><W40/><G40/><T10/><D94/><U55/><E41/><V19/><REACH who="2" step="1"/><F25/><AGARI ba="0,0" hai="25,26,27,129,130" m="54415,22633,48681" machi="25" ten="30,2900,0" yaku="18,1,54,1" doraHai="35" who="3" fromWho="2" sc="367,0,253,0,240,-29,140,29" /><INIT seed="3,1,0,3,2,36" ten="367,253,211,169" oya="3" hai0="66,113,120,54,28,25,98,115,23,38,44,112,76" hai1="11,102,32,101,60,65,20,92,12,43,127,14,129" hai2="135,18,83,52,119,89,22,134,33,114,8,6,57" hai3="3,84,111,117,130,70,81,85,51,79,45,15,99"/><W77/><G117/><T53/><D120/><U46/><E127/><V0/><F119/><W94/><G3/><T69/><D76/><U10/><E32/><V75/><F114/><W13/><G70/><T37/><D98/><N who="1" m="59591" /><E102/><V72/><F33/><W5/><G130/><T122/><D122/><U97/><E97/><V58/><F89/><N who="3" m="55759" /><G111/><T9/><D9/><N who="1" m="3083" /><E20/><V41/><F58/><W64/><G64/><T118/><D118/><U63/><E129/><V110/><F110/><W42/><G5/><T35/><D35/><U56/><E63/><N who="2" m="36263" /><F83/><AGARI ba="1,0" hai="13,15,42,45,51,77,79,81,83,84,85" m="55759" machi="83" ten="30,2900,0" yaku="8,1,52,1" doraHai="36" who="3" fromWho="2" sc="367,0,253,0,211,-32,169,32" /><INIT seed="3,2,0,2,3,119" ten="367,253,179,201" oya="3" hai0="5,89,66,28,0,108,95,24,129,123,114,1,8" hai1="16,72,25,99,101,31,69,6,126,76,109,133,86" hai2="103,68,106,20,75,118,55,11,41,92,93,21,54" hai3="91,44,67,94,40,2,19,80,35,3,45,38,14"/><W110/><G35/><T34/><D123/><U13/><E126/><V71/><F75/><W52/><G67/><T132/><D108/><U33/><E109/><V102/><F106/><W113/><G113/><T131/><D114/><U116/><E133/><V122/><F41/><W26/><G26/><T29/><D29/><U82/><E69/><V77/><F77/><W27/><G27/><T64/><D1/><U112/><E112/><V78/><F78/><W59/><G45/><T111/><D132/><U60/><E60/><V57/><F11/><W53/><G80/><T30/><D30/><U105/><E116/><V62/><F118/><W58/><G58/><T23/><D23/><U127/><E127/><V81/><F81/><W84/><G53/><T83/><D83/><U88/><E6/><V107/><F107/><W74/><G74/><T36/><D36/><U43/><E43/><V7/><F7/><W79/><G79/><T125/><D111/><U50/><E50/><V12/><F12/><W42/><G42/><T17/><D17/><U104/><E104/><V130/><F130/><N who="0" m="49674" /><D125/><U115/><E115/><V56/><F122/><W47/><G47/><T120/><D120/><U63/><E63/><AGARI ba="2,0" hai="20,21,54,55,56,57,62,63,68,71,92,93,102,103" machi="63" ten="25,1600,0" yaku="22,2" doraHai="119" who="2" fromWho="1" sc="367,0,253,-22,179,22,201,0" owari="367,46.7,231,3.1,201,-19.9,201,-29.9" /></mjloggm>