<mjloggm ver="2.3"><GO type="225" lobby="0"/><UN n0="%E3%81%BF%E3%81%BF%E3%81%9A" n1="%E8%BE%9B%E5%8F%A3%E3%82%AB%E3%83%AC%E3%83%BC%E3%83%A9%E3%82%A4%E3%82%B9" n2="%E8%83%83%E3%81%A8%E8%85%B8" n3="%33%74%72%65%65" dan="18,17,17,16" rate="2252.45,2295.24,2175.21,2172.19" sx="M,M,M,F"/><TAIKYOKU oya="0"/><INIT seed="0,0,0,4,0,76" ten="250,250,250,250" oya="0" hai0="106,99,100,23,110,107,135,75,112,10,66,121,116" hai1="35,67,39,88,6,28,79,15,94,65,27,52,85" hai2="104,132,32,101,48,29,19,97,129,24,69,14,120" hai3="123,45,12,131,31,111,74,114,34,1,62,70,80"/><T130/><D112/><U33/><E39/><V11/><F120/><W127/><RYUUKYOKU type="yao9" ba="0,0" sc="250,0,250,0,250,0,250,0" hai3="1,12,31,34,45,62,70,74,80,111,114,123,127,131" /><INIT seed="0,1,0,3,4,47" ten="250,250,250,250" oya="0" hai0="2,3,127,130,39,107,133,31,87,134,60,100,77" hai1="89,91,54,45,75,110,101,76,62,11,27,37,23" hai2="132,121,111,8,72,44,50,84,26,13,43,20,24" hai3="0,129,119,74,123,128,55,63,30,92,5,69,102"/><T90/><D39/><U94/><E110/><V98/><F72/><W7/><G119/><T93/><D127/><U10/><E101/><V67/><F111/><W118/><G118/><T106/><D130/><N who="3" m="50281" /><G74/><T83/><D3/><U116/><E116/><V53/><F132/><N who="0" m="50794" /><D2/><U56/><E76/><V81/><F121/><W25/><G0/><T115/><D31/><U1/><E1/><V15/><F67/><N who="3" m="41215" /><G123/><T104/><D60/><U33/><E75/><V64/><F64/><W120/><G120/><T82/><D115/><U14/><E33/><V35/><F98/><N who="3" m="59719" /><G55/><T96/><D83/><U4/><E11/><V42/><F35/><AGARI ba="1,0" hai="5,7,25,30,35" m="59719,41215,50281" machi="35" ten="30,1000,0" yaku="19,1" doraHai="47" who="3" fromWho="2" sc="250,0,250,0,250,-13,250,13" /><INIT seed="1,0,0,2,5,55" ten="250,250,237,263" oya="1" hai0="35,11,74,3,12,57,33,119,109,135,112,27,48" hai1="5,84,108,8,46,101,69,54,71,116,17,16,51" hai2="87,103,102,36,58,110,81,104,113,31,97,98,40" hai3="38,49,67,88,32,24,7,9,93,1,105,86,53"/><U82/><E116/><V60/><F113/><W41/><G105/><T89/><D119/><U114/><E114/><V42/><F110/><W15/><G67/><T127/><D112/><U18/><E101/><V132/><F31/><W62/><G62/><T61/><D3/><U43/><E108/><V130/><F130/><W26/><G32/><T131/><D109/><U123/><E123/><V2/><F2/><W39/><G41/><T13/><D131/><U94/><E94/><V90/><F36/><W121/><G121/><T72/><D127/><U22/><E22/><V99/><F132/><W80/><G39/><T128/><D128/><U4/><E54/><V20/><F20/><W63/><G63/><T118/><D118/><U107/><E107/><V122/><F122/><W56/><G38/><T64/><D135/><U126/><E126/><V70/><F70/><W10/><REACH who="3" step="1"/><G80/><REACH who="3" ten="250,250,237,253" step="2"/><T91/><D33/><U96/><E71/><V120/><F120/><W73/><G73/><T25/><D35/><U83/><E69/><V75/><F75/><W34/><G34/><T115/><D74/><U19/><E83/><V106/><REACH who="2" step="1"/><F97/><REACH who="2" ten="250,250,227,253" step="2"/><W134/><G134/><T59/><D72/><U29/><E96/><V100/><F100/><W111/><G111/><T92/><D115/><U76/><REACH who="1" step="1"/><E29/><REACH who="1" ten="250,240,227,253" step="2"/><V28/><F28/><W124/><G124/><T125/><D125/><U37/><E37/><V85/><F85/><W78/><G78/><T65/><D65/><AGARI ba="0,3" hai="40,42,58,60,65,81,87,90,98,99,102,103,104,106" machi="65" ten="30,7700,0" yaku="1,1,7,1,9,1,52,1,53,0" doraHai="55" doraHaiUra="6" who="2" fromWho="0" sc="250,-77,240,0,227,107,253,0" /><INIT seed="2,0,0,3,3,65" ten="173,240,334,253" oya="2" hai0="99,73,125,80,43,68,19,84,91,50,11,49,59" hai1="98,47,126,20,62,22,54,51,17,87,61,30,131" hai2="112,88,118,13,90,36,97,115,10,117,27,108,110" hai3="69,78,67,14,15,82,93,4,46,79,120,25,38"/><V127/><F36/><W39/><G120/><T63/><D125/><U7/><E126/><V35/><F127/><W111/><G111/><N who="2" m="42537" /><F27/><W24/><G93/><T122/><D122/><U6/><E131/><V133/><F35/><W34/><G34/><T40/><D73/><U8/><E98/><V83/><F133/><W0/><G24/><T101/><D68/><U124/><E124/><V75/><F13/><W104/><G25/><T57/><D11/><U89/><E30/><V48/><F48/><W70/><G15/><T85/><D19/><U58/><E8/><V2/><F10/><W96/><G14/><T132/><D132/><U60/><E47/><V76/><F2/><W9/><G38/><T5/><D5/><N who="1" m="1547" /><E17/><V74/><F74/><N who="3" m="43351" /><G79/><T123/><D123/><U31/><E31/><V71/><F71/><W26/><G26/><T121/><D121/><U94/><AGARI ba="0,0" hai="20,22,51,54,58,60,61,62,87,89,94" m="1547" machi="94" ten="30,1100,0" yaku="8,1" doraHai="65" who="1" fromWho="1" sc="173,-3,240,11,334,-5,253,-3" /><INIT seed="3,0,0,0,4,11" ten="170,251,329,250" oya="3" hai0="133,10,40,62,48,35,57,28,24,99,105,54,47" hai1="41,96,132,25,94,31,124,88,78,1,38,80,73" hai2="134,22,103,64,66,74,52,21,117,100,36,110,75" hai3="6,108,23,93,13,19,76,39,130,89,58,27,3"/><W115/><G115/><T70/><D133/><U33/><E132/><V90/><F36/><W77/><G130/><T122/><D122/><U14/><E124/><V12/><F134/><W92/><G3/><T44/><D10/><U42/><E1/><V69/><F117/><W43/><G93/><T123/><D123/><U111/><E111/><V71/><F90/><W53/><G108/><T127/><D127/><U30/><E38/><V83/><F83/><W125/><G125/><T118/><D118/><U72/><E72/><V20/><F20/><N who="3" m="11375" /><G43/><T95/><D40/><U68/><E68/><V85/><F85/><N who="3" m="52271" /><G6/><T129/><D129/><U26/><REACH who="1" step="1"/><E14/><REACH who="1" ten="170,241,329,250" step="2"/><V82/><F110/><W7/><G39/><T51/><D105/><U86/><E86/><V9/><F74/><W101/><G101/><T87/><D87/><U56/><E56/><V121/><F103/><W34/><G34/><AGARI ba="0,1" hai="25,26,30,31,33,34,41,42,73,78,80,88,94,96" machi="34" ten="30,7700,0" yaku="1,1,7,1,9,1,54,1,53,0" doraHai="11" doraHaiUra="102" who="1" fromWho="3" sc="170,0,241,87,329,0,250,-77" owari="170,-33.0,328,12.8,329,42.9,173,-22.7" /></mjloggm>