<mjloggm ver="2.3"><GO type="225" lobby="0"/><UN n0="%E9%B3%B3%E6%9D%B1%E3%81%AE%E3%81%86%E3%81%95%E3%81%8E%E3%81%95%E3%82%93" n1="%E6%A1%9C%E8%8A%B1%E9%96%83%E3%80%85" n2="%74%61%6B%75%61%6B%61" n3="%E5%B8%86%E7%AB%8B%E5%A4%8F%E8%A1%A3" dan="16,16,17,17" rate="2158.28,2188.09,2193.32,2150.52" sx="M,M,M,M"/><TAIKYOKU oya="0"/><INIT seed="0,0,0,4,1,46" ten="250,250,250,250" oya="0" hai0="62,124,93,53,21,6,18,102,34,4,83,32,80" hai1="127,13,84,51,58,10,11,118,1,133,43,0,30" hai2="69,103,104,98,134,111,86,44,60,14,108,64,61" hai3="48,28,100,66,85,45,116,110,55,57,126,42,73"/><T115/><D124/><U70/><E118/><V33/><F134/><W26/><G73/><T95/><D115/><U27/><E70/><V130/><F130/><W24/><G110/><T125/><D125/><U121/><E127/><V41/><F60/><W105/><G126/><T129/><D129/><U37/><E121/><V12/><F86/><W9/><G116/><T99/><D32/><U35/><E133/><V76/><F76/><W132/><G132/><T15/><D34/><U122/><E122/><V106/><F106/><W94/><G66/><T52/><D95/><U54/><E84/><V82/><F82/><N who="0" m="31274" /><D62/><U101/><E101/><V89/><F89/><W112/><G112/><T131/><D131/><U72/><E72/><V36/><REACH who="2" step="1"/><F33/><REACH who="2" ten="250,250,240,250" step="2"/><W31/><G105/><T97/><D97/><U5/><E35/><V39/><F39/><W3/><G85/><T25/><D4/><U113/><E113/><V117/><F117/><W63/><G100/><T87/><D87/><U71/><E37/><V88/><F88/><W47/><G94/><T74/><D74/><U128/><E5/><V77/><F77/><W119/><G119/><T96/><D96/><U7/><E7/><V50/><F50/><W75/><G75/><T17/><D6/><U38/><E128/><V79/><F79/><W120/><G120/><T68/><D68/><U114/><E71/><V40/><F40/><W91/><G91/><T59/><D59/><U65/><E58/><V56/><F56/><W81/><G81/><T107/><D107/><U123/><E123/><V135/><F135/><W109/><G63/><RYUUKYOKU ba="0,1" sc="250,15,250,-15,240,15,250,-15" hai0="15,17,18,21,25,52,53,93,99,102" hai2="12,14,36,41,44,61,64,69,98,103,104,108,111" /><INIT seed="0,1,1,3,4,82" ten="265,235,255,235" oya="0" hai0="86,65,27,79,73,13,33,67,66,90,127,101,131" hai1="68,124,119,59,58,51,46,0,126,103,40,113,106" hai2="48,54,61,96,97,77,10,63,7,43,83,32,41" hai3="17,112,125,94,8,110,50,122,56,30,39,60,15"/><T3/><D3/><U36/><E0/><V95/><F32/><W121/><G39/><T1/><D1/><U99/><E119/><V23/><F23/><W5/><G112/><T134/><D101/><U47/><E68/><V69/><F41/><W78/><G110/><T114/><D114/><U89/><E113/><V72/><F43/><W104/><G104/><T105/><D105/><U55/><REACH who="1" step="1"/><E89/><REACH who="1" ten="265,225,255,235" step="2"/><V11/><F69/><W92/><G122/><T14/><D90/><U80/><E80/><V109/><F109/><W76/><G121/><T21/><D131/><U28/><E28/><V25/><F83/><W75/><G30/><T9/><D134/><U49/><E49/><V93/><F48/><W6/><G50/><T12/><D127/><AGARI ba="1,2" hai="36,40,46,47,51,55,58,59,99,103,106,124,126,127" machi="127" ten="40,8000,1" yaku="1,1,18,1,53,2" doraHai="82" doraHaiUra="53" who="1" fromWho="0" sc="265,-83,225,103,255,0,235,0" /><INIT seed="1,0,0,4,2,110" ten="182,328,255,235" oya="1" hai0="61,80,128,66,134,129,48,95,99,30,112,5,57" hai1="98,67,10,125,28,26,62,126,108,131,58,69,94" hai2="1,16,123,83,114,127,15,90,27,111,25,135,64" hai3="29,51,44,37,96,89,60,76,12,52,45,97,20"/><U103/><E131/><V104/><F123/><W93/><G76/><T105/><D105/><U54/><E108/><V0/><F104/><W78/><G78/><T86/><D134/><U132/><E132/><V79/><F64/><W102/><G37/><T59/><D5/><U71/><E10/><V4/><F90/><W107/><G60/><T77/><D30/><U117/><E117/><V55/><F55/><W122/><G122/><T53/><REACH who="0" step="1"/><D112/><REACH who="0" ten="172,328,255,235" step="2"/><U47/><E125/><V87/><F4/><W68/><G29/><T130/><D130/><U33/><E126/><V9/><F114/><W84/><G68/><T42/><D42/><U113/><E113/><V31/><F135/><W36/><G36/><T63/><D63/><U43/><E67/><V6/><F127/><W91/><G107/><T22/><D22/><U56/><E56/><V74/><F31/><W7/><G20/><T34/><D34/><U19/><E19/><V101/><F6/><W3/><G7/><T8/><D8/><U118/><E118/><V88/><F9/><W106/><G3/><T11/><D11/><U81/><E69/><V70/><F70/><W116/><G116/><T65/><D65/><U82/><E71/><V49/><F0/><W120/><G120/><T35/><D35/><U21/><E33/><V92/><F1/><W13/><G45/><T46/><D46/><U17/><E28/><V24/><F111/><W72/><G72/><T41/><D41/><U109/><E109/><V73/><F74/><W133/><G133/><T124/><D124/><U38/><AGARI ba="0,1" hai="17,21,26,38,43,47,54,58,62,81,82,94,98,103" machi="38" ten="20,2100,0" yaku="0,1,7,1" doraHai="110" who="1" fromWho="1" sc="172,-7,328,31,255,-7,235,-7" /><INIT seed="1,1,0,4,0,121" ten="165,359,248,228" oya="1" hai0="26,76,53,16,96,71,117,91,54,61,99,83,65" hai1="55,68,86,39,41,18,43,108,37,20,0,9,29" hai2="67,78,27,116,93,133,105,30,60,31,102,14,115" hai3="69,119,80,100,127,48,5,22,70,88,6,90,3"/><U34/><E68/><V72/><F116/><W98/><G119/><T101/><D117/><U85/><E55/><V21/><F133/><W25/><G127/><T24/><D91/><U63/><E63/><V47/><F115/><W50/><G70/><T1/><D1/><U8/><E29/><V94/><F31/><W125/><G69/><T128/><D128/><U23/><E18/><V40/><F14/><W107/><G125/><T12/><D26/><U59/><E59/><V132/><F132/><W114/><G114/><T87/><D24/><U45/><E45/><V46/><F105/><W38/><G38/><T36/><D36/><U123/><E0/><V7/><F7/><W33/><G33/><T17/><D17/><U35/><E123/><V134/><F134/><W106/><G106/><T130/><D130/><U131/><E131/><V112/><F102/><W75/><G75/><T81/><D83/><U95/><E95/><V77/><F47/><W120/><G120/><T103/><D103/><U126/><E126/><V64/><F64/><W13/><G3/><T10/><REACH who="0" step="1"/><D96/><REACH who="0" ten="155,359,248,228" step="2"/><U79/><E79/><V56/><F112/><W19/><G6/><T51/><D51/><N who="3" m="19497" /><G80/><T49/><D49/><U42/><E43/><V92/><F40/><W32/><G32/><T52/><D52/><U113/><E113/><V109/><F77/><W28/><G28/><T110/><D110/><AGARI ba="1,1" hai="8,9,20,23,34,35,37,39,41,42,85,86,108,110" machi="110" ten="25,9600,0" yaku="22,2,52,2" doraHai="121" who="1" fromWho="0" sc="155,-99,359,109,248,0,228,0" /><INIT seed="1,2,0,4,2,109" ten="56,468,248,228" oya="1" hai0="103,53,76,41,96,9,126,14,87,5,51,7,12" hai1="84,36,79,55,68,43,6,4,15,38,122,70,113" hai2="17,10,30,20,98,21,100,49,23,107,54,81,46" hai3="33,40,83,71,116,66,86,63,119,130,115,27,0"/><U69/><E122/><V132/><F132/><W42/><G130/><T134/><D134/><U3/><E15/><V31/><F81/><W128/><G0/><T124/><D12/><U85/><E55/><V56/><F10/><W101/><G128/><T60/><D60/><U48/><E48/><V80/><F17/><W78/><G115/><T127/><D41/><U123/><E123/><V34/><F34/><W72/><G86/><N who="1" m="33386" /><E43/><V25/><F80/><W64/><G64/><T129/><D129/><U67/><E67/><V93/><F107/><W118/><G101/><T92/><D87/><U102/><E102/><V44/><F20/><W58/><REACH who="3" step="1"/><G71/><REACH who="3" ten="56,468,248,218" step="2"/><T52/><D76/><U74/><E3/><V121/><REACH who="2" step="1"/><F121/><REACH who="2" ten="56,468,238,218" step="2"/><W90/><G90/><T19/><REACH who="0" step="1"/><D53/><REACH who="0" ten="46,468,238,218" step="2"/><U97/><E79/><V99/><F99/><W110/><G110/><T77/><D77/><U29/><E74/><V26/><AGARI ba="2,3" hai="21,23,25,26,30,31,44,46,49,54,56,93,98,100" machi="26" ten="30,8000,1" yaku="1,1,0,1,9,1,8,1,53,1" doraHai="109" doraHaiUra="88" who="2" fromWho="2" sc="46,-22,468,-42,238,116,218,-22" /><INIT seed="2,0,0,0,2,44" ten="24,426,354,196" oya="2" hai0="35,18,46,40,10,9,89,75,54,31,56,63,67" hai1="123,21,129,93,69,49,110,73,117,43,102,57,132" hai2="76,45,7,119,5,97,39,71,134,90,8,127,4" hai3="125,33,113,66,101,114,23,22,11,111,95,34,120"/><V115/><F119/><W52/><G66/><T126/><D126/><U85/><E69/><V29/><F127/><W55/><G125/><T87/><D75/><U81/><E117/><V96/><F71/><W92/><G11/><T64/><D35/><U128/><E73/><V78/><F115/><W94/><G94/><T60/><D31/><U100/><E110/><V72/><F134/><W48/><G111/><T2/><D2/><U20/><E132/><V17/><F29/><W19/><G19/><T80/><D18/><U41/><E41/><V6/><F72/><W108/><G108/><T58/><REACH who="0" step="1"/><D54/><REACH who="0" ten="14,426,354,196" step="2"/><U83/><E128/><V103/><F17/><W36/><G34/><T82/><D82/><U14/><E83/><V3/><F4/><W53/><G33/><T133/><D133/><U109/><E81/><V106/><F6/><W124/><G55/><T47/><D47/><U65/><E129/><V88/><F5/><W70/><G53/><T42/><D42/><U1/><E43/><V51/><F39/><W104/><G36/><T131/><D131/><U25/><E1/><V13/><F3/><W118/><G124/><T112/><D112/><U28/><E28/><V135/><F135/><W24/><G114/><T15/><D15/><U59/><E14/><V38/><F38/><W98/><G113/><T50/><AGARI ba="0,1" hai="9,10,40,46,50,56,58,60,63,64,67,80,87,89" machi="50" ten="20,12000,2" yaku="1,1,0,1,7,1,9,1,8,1,52,1,53,1" doraHai="44" doraHaiUra="86" who="0" fromWho="0" sc="14,130,426,-30,354,-60,196,-30" /><INIT seed="3,0,0,1,0,27" ten="144,396,294,166" oya="3" hai0="66,22,44,26,61,2,93,21,119,84,113,32,8" hai1="79,64,85,131,17,74,69,36,12,70,57,121,94" hai2="13,130,63,87,51,0,124,127,110,34,53,19,39" hai3="3,122,10,40,78,25,135,118,33,115,75,35,72"/><W95/><G115/><T47/><D119/><U49/><E36/><V129/><F0/><W81/><G118/><T82/><D32/><U38/><E38/><V128/><F34/><W112/><G112/><T43/><D113/><U132/><E85/><V107/><F107/><W102/><G122/><T103/><D2/><U123/><E94/><V100/><F39/><W11/><G135/><T29/><D8/><U92/><E92/><V68/><F100/><W114/><G114/><T42/><D21/><U4/><E131/><V56/><F87/><W98/><G75/><T116/><D116/><U45/><E57/><V65/><F110/><W46/><G11/><AGARI ba="0,0" hai="11,13,19,51,53,56,63,65,68,124,127,128,129,130" machi="11" ten="40,1300,0" yaku="19,1" doraHai="27" who="2" fromWho="3" sc="144,0,396,0,294,13,166,-13" owari="144,-35.6,396,49.6,307,10.7,153,-24.7" /></mjloggm>