<mjloggm ver="2.3"><GO type="225" lobby="0"/><UN n0="%E5%8F%AF%E5%85%90%E9%82%A3%E7%94%B1%E5%A4%9A" n1="%E5%8D%A0%E3%81%84%E5%B8%AB%E8%A3%8F%E3%81%AA%E3%81%84%E3%81%97" n2="%E3%82%A2%E3%83%BC%E3%83%A2%E3%83%AD%E3%83%BC%E3%83%B4%E3%82%A1" n3="%E3%83%A9%E3%83%BC%E3%83%A1%E3%83%B3%E4%BA%94%E9%83%8E" dan="17,16,16,16" rate="2165.66,2172.74,2149.48,2054.91" sx="F,M,M,M"/><TAIKYOKU oya="0"/><INIT seed="0,0,0,5,1,1" ten="250,250,250,250" oya="0" hai0="15,22,3,45,100,59,9,83,132,128,130,48,36" hai1="66,7,30,14,16,40,78,118,24,109,18,23,32" hai2="27,107,35,80,105,37,52,57,41,113,84,92,26" hai3="21,58,121,5,88,110,71,106,19,33,43,25,62"/><T90/><D132/><U75/><E118/><V55/><F113/><W94/><G71/><T86/><D36/><U65/><E109/><V96/><F37/><W98/><G110/><T64/><D3/><U124/><E124/><V34/><F41/><W12/><G121/><T97/><D22/><U122/><E122/><V56/><F92/><W70/><G70/><T11/><D59/><U104/><E104/><V67/><F84/><W2/><G106/><T74/><D64/><U85/><E75/><V108/><F80/><W13/><G43/><T44/><D74/><U93/><E40/><V0/><F0/><W115/><G115/><T73/><D73/><U117/><E117/><V31/><F96/><W47/><G47/><T134/><D134/><U8/><E18/><V29/><F67/><W82/><G82/><T39/><D39/><U127/><E127/><V50/><REACH who="2" step="1"/><F108/><REACH who="2" ten="250,250,240,250" step="2"/><W76/><G2/><T46/><D97/><U49/><E49/><AGARI ba="0,1" hai="26,27,29,31,34,35,49,50,52,55,56,57,105,107" machi="49" ten="30,12000,2" yaku="1,1,2,1,7,1,32,3,54,1,53,0" doraHai="1" doraHaiUra="99" who="2" fromWho="1" sc="250,0,250,-120,240,130,250,0" /><INIT seed="1,0,0,0,0,41" ten="250,130,370,250" oya="1" hai0="84,16,58,57,28,118,101,64,23,21,113,134,44" hai1="45,105,126,77,73,102,14,11,70,98,50,42,120" hai2="13,9,49,125,123,121,6,74,43,85,133,135,111" hai3="78,55,15,39,87,128,62,95,60,1,37,35,47"/><U114/><E114/><V100/><F111/><W69/><G1/><T104/><D113/><U86/><E120/><V90/><F74/><W75/><G35/><T19/><D118/><U92/><E70/><V0/><F100/><W66/><G75/><T106/><D134/><N who="2" m="51210" /><F125/><W109/><G109/><T31/><D84/><U53/><E126/><V79/><F79/><W129/><G15/><T110/><D110/><U91/><E14/><V76/><F76/><W20/><G20/><T132/><D132/><U27/><E27/><V36/><F36/><W107/><G107/><T103/><D64/><U8/><REACH who="1" step="1"/><E42/><REACH who="1" ten="250,120,370,250" step="2"/><V67/><F13/><W25/><G25/><T52/><REACH who="0" step="1"/><D52/><REACH who="0" ten="240,120,370,250" step="2"/><U94/><E94/><N who="2" m="54607" /><F67/><W130/><G66/><T82/><D82/><AGARI ba="0,2" hai="8,11,45,50,53,73,77,82,86,91,92,98,102,105" machi="82" ten="40,12000,1" yaku="1,1,24,2,52,1,53,0" doraHai="41" doraHaiUra="22" who="1" fromWho="0" sc="240,-120,120,140,370,0,250,0" /><INIT seed="1,1,0,5,3,79" ten="120,260,370,250" oya="1" hai0="105,121,24,85,26,56,10,65,47,94,75,15,2" hai1="14,103,116,93,21,16,133,55,59,100,4,130,36" hai2="98,49,64,82,61,8,54,34,13,115,123,35,63" hai3="66,53,41,69,104,7,132,128,83,102,112,11,108"/><U68/><E116/><V37/><F123/><W33/><G112/><T84/><D75/><U31/><E68/><V48/><F37/><W119/><G33/><T40/><D105/><U73/><E36/><V74/><F115/><W9/><G119/><T99/><D121/><U46/><E133/><V43/><F98/><W67/><G41/><T5/><D2/><U95/><E130/><V78/><F43/><W122/><G122/><T76/><D65/><U126/><E126/><V113/><F48/><W39/><G39/><T110/><D56/><U19/><E73/><V52/><F61/><W135/><G108/><T50/><D85/><U131/><E46/><V109/><F54/><W114/><G128/><T27/><D110/><U20/><E4/><V32/><F113/><W1/><G114/><T127/><D127/><U6/><E6/><V70/><F109/><W29/><G29/><T42/><D42/><U101/><E31/><V72/><F72/><W89/><G11/><T118/><D118/><U17/><E131/><V0/><F0/><W58/><G69/><T80/><D27/><U25/><REACH who="1" step="1"/><E19/><REACH who="1" ten="120,250,370,250" step="2"/><V3/><F74/><W44/><G44/><T88/><AGARI ba="1,1" hai="5,10,15,24,26,40,47,50,76,80,84,88,94,99" machi="88" ten="20,12000,2" yaku="0,1,7,1,25,2,8,1,52,1,54,1" doraHai="79" who="0" fromWho="0" sc="120,133,250,-61,370,-31,250,-31" /><INIT seed="2,0,0,2,2,12" ten="253,189,339,219" oya="2" hai0="99,16,13,69,4,81,100,8,127,33,96,88,93" hai1="27,9,50,44,75,108,114,6,61,30,71,101,42" hai2="23,123,31,37,49,80,67,19,45,89,104,41,125" hai3="35,87,60,119,2,40,109,53,116,32,55,21,90"/><V54/><F123/><W43/><G2/><T91/><D127/><U124/><E114/><V133/><F125/><W15/><G109/><T70/><D33/><U97/><E108/><V107/><F133/><W84/><G15/><T14/><D91/><U5/><E124/><V85/><F31/><W36/><G90/><T129/><D129/><U79/><E79/><V56/><REACH who="2" step="1"/><F67/><REACH who="2" ten="253,189,329,219" step="2"/><W118/><G118/><T112/><D112/><U1/><E75/><V83/><F83/><W11/><G119/><T132/><D132/><U106/><E1/><V113/><F113/><W128/><G116/><T111/><D111/><U73/><E73/><V18/><F18/><W110/><G110/><T121/><D121/><U78/><E5/><V72/><F72/><W98/><G128/><T7/><D4/><U34/><E6/><V20/><F20/><W66/><G21/><T120/><D120/><U82/><E82/><V94/><F94/><W22/><G22/><T77/><D81/><U17/><E9/><V28/><F28/><W3/><G11/><T135/><D135/><U63/><E17/><V47/><F47/><W126/><G66/><T86/><D7/><U105/><E105/><V51/><F51/><W103/><G126/><T134/><D134/><U25/><E30/><V10/><F10/><W115/><G115/><T38/><D8/><U117/><E117/><V0/><F0/><W46/><G3/><T48/><D16/><U68/><E50/><V39/><F39/><W58/><G36/><T74/><D38/><U65/><E65/><V95/><F95/><W29/><G29/><RYUUKYOKU ba="0,1" sc="253,-10,189,-10,329,30,219,-10" hai2="19,23,37,41,45,49,54,56,80,85,89,104,107" /><INIT seed="2,1,1,2,4,114" ten="243,179,359,209" oya="2" hai0="66,42,53,63,131,111,17,40,86,46,121,1,11" hai1="117,60,75,120,61,110,94,19,106,50,84,49,44" hai2="5,31,34,72,91,18,38,77,20,127,45,125,35" hai3="6,37,96,56,80,133,33,83,3,74,85,97,112"/><V71/><F71/><W134/><G112/><T15/><D121/><U0/><E120/><V89/><F77/><N who="3" m="44087" /><G33/><T24/><D111/><U73/><E106/><V95/><F72/><W2/><G37/><T55/><D131/><U16/><E110/><V41/><F5/><W98/><G56/><N who="0" m="37223" /><D1/><U51/><E0/><V87/><F89/><N who="3" m="51391" /><G6/><T119/><D119/><U14/><E117/><V115/><F31/><W92/><G92/><T124/><D124/><N who="2" m="47690" /><F115/><W132/><AGARI ba="1,1" hai="2,3,96,97,98,132,133,134" m="51391,44087" machi="132" ten="40,1500,0" yaku="20,1" doraHai="114" who="3" fromWho="3" sc="243,-5,179,-5,359,-8,209,28" /><INIT seed="3,0,0,5,5,111" ten="238,174,351,237" oya="3" hai0="120,106,68,46,9,82,26,30,102,104,13,38,48" hai1="121,100,64,86,108,93,57,95,117,2,69,112,132" hai2="88,31,28,70,55,99,40,81,19,115,4,18,3" hai3="27,98,133,5,39,110,51,122,11,25,62,78,87"/><W10/><G122/><T114/><D120/><U96/><E121/><V66/><F115/><W77/><G39/><T63/><D38/><U65/><E108/><V113/><F113/><W14/><G110/><T97/><D114/><U90/><E112/><V134/><F40/><W1/><G133/><T59/><D68/><U44/><E132/><V73/><F66/><W37/><G37/><T58/><D82/><U67/><E69/><V36/><F70/><W22/><G62/><T21/><D106/><U23/><E2/><V7/><F73/><W71/><G71/><T84/><D84/><U29/><E117/><V0/><F36/><W125/><G125/><T76/><D76/><U123/><E44/><V49/><F99/><W105/><G27/><T52/><D63/><U127/><E127/><V34/><F34/><W85/><G51/><T41/><D41/><U89/><E123/><V61/><F49/><W135/><G135/><T83/><D83/><U109/><E109/><V107/><F81/><W33/><G33/><T16/><AGARI ba="0,0" hai="9,13,16,21,26,30,46,48,52,58,59,97,102,104" machi="16" ten="20,5200,0" yaku="0,1,7,1,54,2" doraHai="111" who="0" fromWho="0" sc="238,52,174,-13,351,-13,237,-26" owari="290,9.0,161,-33.9,338,43.8,211,-18.9" /></mjloggm>