<mjloggm ver="2.3"><GO type="225" lobby="0"/><UN n0="%4E%49%4A%49%49%52%4F" n1="%4D%50%43%32%38%30%30" n2="%41%54%53%4D" n3="%73%6C%69%63%6B%33%31%39" dan="16,16,16,17" rate="2176.16,2129.70,2101.79,2173.45" sx="M,M,M,M"/><TAIKYOKU oya="0"/><INIT seed="0,0,0,1,4,17" ten="250,250,250,250" oya="0" hai0="58,54,130,52,44,37,24,102,109,76,26,8,45" hai1="100,0,101,50,108,30,59,39,87,88,29,55,34" hai2="6,22,103,21,97,56,72,90,95,66,47,14,41" hai3="71,28,68,3,42,98,134,82,25,70,9,74,127"/><T61/><D130/><U122/><E122/><V4/><F72/><W93/><G127/><T48/><D76/><U32/><E0/><V79/><F79/><W5/><G134/><T46/><D109/><U36/><E108/><V53/><F66/><W18/><G42/><T107/><D107/><U77/><E77/><V69/><F69/><W23/><G82/><T7/><D102/><U105/><E39/><V51/><F103/><W121/><G74/><T12/><REACH who="0" step="1"/><D37/><REACH who="0" ten="240,250,250,250" step="2"/><U57/><E36/><V19/><REACH who="2" step="1"/><F22/><REACH who="2" ten="240,250,240,250" step="2"/><W65/><G121/><T123/><D123/><U124/><E105/><V81/><F81/><W92/><G92/><T62/><D62/><AGARI ba="0,2" hai="4,6,14,19,21,41,47,51,53,56,62,90,95,97" machi="62" ten="30,7700,0" yaku="1,1,7,1,8,1,52,1,53,0" doraHai="17" doraHaiUra="104" who="2" fromWho="0" sc="240,-77,250,0,240,97,250,0" /><INIT seed="1,0,0,0,5,92" ten="163,250,337,250" oya="1" hai0="100,117,9,127,80,111,88,66,131,104,54,55,91" hai1="129,64,85,94,17,4,29,72,128,38,49,79,103" hai2="58,110,31,3,6,5,16,43,96,83,107,56,7" hai3="2,22,12,113,32,15,28,95,134,21,116,27,75"/><U74/><E38/><V23/><F110/><W33/><G75/><N who="1" m="28714" /><E64/><V98/><F107/><W119/><G95/><T26/><D111/><U40/><E29/><V99/><F3/><W73/><G73/><T120/><D120/><U60/><E60/><V133/><F133/><W68/><G68/><T37/><D117/><N who="3" m="45129" /><G113/><T106/><D37/><U11/><E17/><V118/><F118/><W24/><G2/><T45/><D131/><N who="1" m="50251" /><E49/><V124/><F124/><W62/><G62/><T59/><D127/><U34/><E34/><N who="3" m="13418" /><G134/><T105/><D100/><U10/><E40/><V123/><F123/><W112/><G112/><T47/><D9/><U44/><E44/><V63/><F31/><AGARI ba="0,0" hai="12,15,21,22,24,27,28,31" m="13418,45129" machi="31" ten="30,3900,0" yaku="12,1,34,2" doraHai="92" who="3" fromWho="2" sc="163,0,250,0,337,-39,250,39" /><INIT seed="2,0,0,0,4,105" ten="163,250,298,289" oya="2" hai0="64,82,10,21,71,24,68,116,45,69,32,130,5" hai1="60,47,27,126,70,22,118,4,52,76,132,48,23" hai2="38,122,74,121,108,110,61,43,51,35,19,83,53" hai3="29,18,6,66,28,99,78,26,75,72,36,97,104"/><V91/><F35/><W80/><G36/><T15/><D130/><U125/><E118/><V49/><F61/><W135/><G6/><T63/><D116/><U87/><E132/><V96/><F38/><W59/><G135/><T119/><D119/><U16/><E4/><V107/><F19/><W127/><G127/><N who="1" m="48650" /><E23/><V67/><F67/><W31/><G75/><T25/><D32/><U20/><E20/><V85/><F43/><W55/><G66/><T106/><D106/><U77/><E87/><V101/><F74/><W56/><G18/><T33/><D33/><U46/><E46/><V7/><F7/><W123/><G123/><T13/><D13/><U11/><E11/><V84/><F49/><W50/><G59/><T81/><D25/><U79/><E60/><V100/><F100/><W133/><G133/><T103/><D103/><U95/><E95/><N who="2" m="54759" /><F53/><W131/><G104/><T90/><D45/><U40/><E70/><V129/><F51/><W39/><G39/><T42/><D42/><AGARI ba="0,0" hai="16,22,27,40,42,47,48,52,76,77,79" m="48650" machi="42" ten="30,3900,0" yaku="18,1,54,2" doraHai="105" who="1" fromWho="0" sc="163,-39,250,39,298,0,289,0" /><INIT seed="3,0,0,2,1,49" ten="124,289,298,289" oya="3" hai0="110,28,117,52,34,126,50,105,9,42,114,35,108" hai1="120,128,60,80,29,87,119,25,41,78,3,75,26" hai2="12,77,91,130,24,64,15,116,79,44,83,48,107" hai3="81,129,17,104,43,82,97,100,96,45,8,112,98"/><W86/><G112/><T88/><D117/><U19/><E120/><V124/><F107/><W13/><G129/><T74/><D114/><U7/><E128/><V122/><F130/><W111/><G111/><N who="0" m="42539" /><D126/><U68/><E41/><N who="2" m="24591" /><F116/><W47/><G47/><N who="0" m="27743" /><D105/><U10/><E119/><V62/><F124/><W11/><G11/><T76/><D42/><U99/><E99/><V94/><F24/><W5/><G82/><N who="0" m="45335" /><D28/><U132/><E132/><V0/><F122/><W51/><REACH who="3" step="1"/><G17/><REACH who="3" ten="124,289,298,279" step="2"/><T27/><D9/><U109/><E109/><V92/><F83/><W4/><G4/><T90/><D27/><U36/><E36/><V2/><F2/><W38/><G38/><T73/><D73/><U55/><E75/><V113/><F0/><W72/><G72/><T39/><D39/><U31/><E19/><V58/><F113/><W85/><G85/><T59/><D59/><U37/><E37/><V53/><F79/><AGARI ba="0,1" hai="5,8,13,43,45,51,79,81,86,96,97,98,100,104" machi="79" ten="30,11600,0" yaku="1,1,7,1,25,2,53,0" doraHai="49" doraHaiUra="84" who="3" fromWho="2" sc="124,0,289,0,298,-116,279,126" owari="124,-37.6,289,8.9,182,-21.8,405,50.5" /></mjloggm>