<mjloggm ver="2.3"><GO type="225" lobby="0"/><UN n0="%77%72%77%72%77%72%77%72" n1="%E3%83%99%E3%83%AB%E3%83%A2%E3%83%83%E3%83%88" n2="%E4%BA%95%E5%B8%AF" n3="%E8%90%BD%E6%97%A5" dan="16,16,16,16" rate="2228.24,2117.26,2066.54,2144.45" sx="M,M,M,F"/><TAIKYOKU oya="0"/><INIT seed="0,0,0,0,3,31" ten="250,250,250,250" oya="0" hai0="107,74,103,84,0,40,64,45,18,96,104,80,63" hai1="110,26,71,132,118,28,68,130,112,57,46,73,49" hai2="38,109,32,12,11,47,69,87,89,91,97,99,90" hai3="55,127,82,95,44,33,53,42,21,62,94,124,56"/><T102/><D0/><U100/><E118/><V58/><F69/><W125/><G33/><T59/><D18/><U123/><E73/><V22/><F109/><W10/><G55/><T36/><D74/><U16/><E110/><V121/><F121/><W131/><G131/><T105/><REACH who="0" step="1"/><D103/><REACH who="0" ten="240,250,250,250" step="2"/><U119/><E16/><V76/><F91/><AGARI ba="0,1" hai="36,40,45,59,63,64,80,84,91,96,102,104,105,107" machi="91" ten="30,5800,0" yaku="1,1,2,1,7,1,53,0" doraHai="31" doraHaiUra="25" who="0" fromWho="2" sc="240,68,250,0,250,-58,250,0" /><INIT seed="0,1,0,4,0,93" ten="308,250,192,250" oya="0" hai0="116,131,56,106,132,97,40,20,21,65,36,12,122" hai1="32,60,13,37,85,66,72,124,99,101,110,29,24" hai2="22,10,123,16,52,14,45,126,112,33,98,11,95" hai3="75,114,31,91,34,109,76,87,71,19,43,47,102"/><T51/><D116/><U0/><E110/><V50/><F112/><W79/><G114/><T104/><D122/><U127/><E0/><V28/><F123/><W86/><G109/><T38/><D131/><U6/><E85/><V121/><F121/><W62/><G75/><T89/><D132/><U27/><E37/><V54/><F126/><W84/><G91/><T49/><D106/><U26/><E72/><V5/><F5/><W70/><G19/><T46/><D104/><N who="1" m="63551" /><E13/><V41/><F33/><W117/><G117/><T2/><D2/><U111/><E6/><V44/><F28/><W59/><G102/><T128/><D128/><U61/><E61/><V94/><F94/><W23/><G34/><T90/><D36/><U48/><E48/><N who="2" m="28679" /><F41/><W35/><G35/><T120/><D38/><U58/><E111/><V17/><F17/><W88/><G70/><T73/><D73/><U115/><E115/><V80/><F80/><W92/><G71/><T74/><D74/><U83/><E83/><V125/><F125/><AGARI ba="1,0" hai="24,26,27,29,32,58,60,66,124,125,127" m="63551" machi="125" ten="30,2000,0" yaku="18,1,52,1" doraHai="93" who="1" fromWho="2" sc="308,0,250,23,192,-23,250,0" /><INIT seed="1,0,0,2,4,79" ten="308,273,169,250" oya="1" hai0="98,37,82,118,40,53,17,84,112,71,62,96,43" hai1="14,121,46,3,69,55,22,47,129,29,135,30,88" hai2="89,119,66,52,16,18,65,20,70,27,57,77,39" hai3="63,74,115,44,90,109,4,6,101,1,114,111,127"/><U93/><E121/><V60/><F119/><W102/><G74/><T13/><D112/><N who="3" m="43049" /><G63/><T61/><D118/><U113/><E3/><V28/><F39/><W80/><G44/><T35/><D35/><U49/><E113/><V123/><F123/><W21/><G21/><T2/><D2/><U81/><E69/><V36/><F36/><W132/><G1/><T130/><D130/><U78/><E129/><V64/><F70/><W7/><G127/><T34/><D34/><U124/><E135/><V38/><F38/><W51/><G51/><T12/><D12/><U54/><E124/><V87/><REACH who="2" step="1"/><F77/><REACH who="2" ten="308,273,159,250" step="2"/><W67/><G132/><T68/><D37/><U100/><E78/><V107/><F107/><W104/><G104/><T58/><D71/><U56/><E47/><V117/><F117/><W5/><G111/><T75/><D68/><U59/><E46/><V41/><F41/><W15/><G109/><T83/><D43/><U50/><E22/><V133/><F133/><W86/><G67/><T92/><D40/><U97/><E14/><V95/><AGARI ba="0,1" hai="16,18,20,27,28,52,57,60,64,65,66,87,89,95" machi="95" ten="30,8000,1" yaku="1,1,0,1,8,1,54,2,53,0" doraHai="79" doraHaiUra="108" who="2" fromWho="2" sc="308,-20,273,-40,159,90,250,-20" /><INIT seed="2,0,0,2,5,72" ten="288,233,249,230" oya="2" hai0="5,25,48,127,22,33,87,125,19,28,26,60,23" hai1="67,108,8,45,110,54,59,2,27,40,53,29,96" hai2="71,85,20,10,107,132,80,68,120,35,135,121,12" hai3="88,63,58,7,46,0,62,101,74,83,114,112,51"/><V66/><F35/><W65/><G101/><T129/><D60/><U37/><E67/><V18/><F107/><W104/><G104/><T103/><D103/><U117/><E117/><V86/><F86/><W126/><G126/><N who="0" m="48139" /><D48/><U31/><E96/><V77/><F10/><W39/><G39/><T118/><D87/><U128/><E128/><V133/><REACH who="2" step="1"/><F66/><REACH who="2" ten="288,233,239,230" step="2"/><W49/><G74/><T38/><D33/><U4/><E108/><V14/><F14/><W100/><G0/><T30/><D118/><U36/><E110/><V90/><F90/><W47/><G65/><T57/><D129/><U92/><E8/><V78/><F78/><W94/><G100/><T82/><D26/><U24/><E2/><V50/><F50/><W130/><G130/><T73/><D25/><U70/><E24/><V123/><AGARI ba="0,1" hai="12,18,20,68,71,77,80,85,120,121,123,132,133,135" machi="123" ten="40,12000,1" yaku="1,1,0,1,20,1,52,1,53,0" doraHai="72" doraHaiUra="43" who="2" fromWho="2" sc="288,-40,233,-40,239,130,230,-40" /><INIT seed="2,1,0,1,3,130" ten="248,193,369,190" oya="2" hai0="38,88,6,109,0,45,100,13,12,67,86,135,56" hai1="29,18,107,20,7,16,28,92,72,65,75,46,47" hai2="48,122,3,61,50,53,2,69,34,49,98,17,104" hai3="119,105,125,81,115,123,9,93,102,33,133,15,71"/><V39/><F34/><W91/><G71/><T35/><D35/><U31/><E107/><V111/><F39/><W87/><G33/><T22/><D109/><U127/><E7/><V4/><F122/><W94/><G123/><T64/><D135/><U83/><E65/><V59/><F69/><W62/><G119/><T43/><D100/><U90/><E127/><V26/><F4/><W78/><G125/><T19/><D0/><U117/><E117/><V36/><F36/><W41/><G41/><T52/><D12/><U68/><E68/><V63/><F63/><W85/><G62/><T60/><REACH who="0" step="1"/><D6/><REACH who="0" ten="238,193,369,190" step="2"/><U131/><E131/><V73/><F3/><W129/><G129/><T126/><D126/><U108/><E108/><V82/><F2/><W70/><G115/><T121/><D121/><U27/><E72/><V80/><F73/><W32/><G32/><T23/><D23/><U101/><E75/><V89/><F111/><W51/><G133/><T84/><D84/><N who="1" m="52295" /><E101/><V113/><F113/><W57/><G102/><T25/><D25/><U30/><E30/><V96/><F26/><W74/><G105/><T116/><D116/><U14/><E83/><AGARI ba="1,1" hai="13,19,22,38,43,45,52,56,60,64,67,83,86,88" machi="83" ten="30,8000,1" yaku="1,1,7,1,54,2,53,1" doraHai="130" doraHaiUra="79" who="0" fromWho="1" sc="238,93,193,-83,369,0,190,0" /><INIT seed="3,0,0,0,0,67" ten="331,110,369,190" oya="3" hai0="50,1,76,35,135,74,89,66,41,70,37,94,13" hai1="93,6,110,25,107,75,87,77,61,55,65,102,101" hai2="51,7,114,111,43,95,129,57,86,113,123,133,62" hai3="40,44,16,11,21,121,81,38,90,97,84,132,125"/><W8/><G121/><T112/><D1/><U88/><E110/><V28/><F111/><W33/><G33/><T115/><D37/><U82/><E6/><V4/><F123/><W100/><G125/><T131/><D35/><U59/><E25/><V54/><F129/><W31/><G31/><T118/><D118/><U32/><E32/><V15/><F133/><W46/><G46/><T103/><D103/><U92/><E92/><V120/><F120/><W45/><G45/><T71/><D66/><U3/><E3/><V127/><F127/><W134/><G134/><T29/><D131/><U128/><E128/><V98/><F28/><W18/><G18/><T105/><D105/><U96/><E102/><V73/><F73/><W72/><G72/><T60/><D60/><U106/><REACH who="1" step="1"/><E107/><REACH who="1" ten="331,100,369,190" step="2"/><V109/><F95/><W91/><G132/><T34/><D135/><U30/><E30/><V80/><F109/><W0/><G0/><T5/><D34/><U17/><E17/><V63/><F4/><W52/><G100/><T27/><D27/><U108/><E108/><V99/><F7/><W68/><G16/><T26/><D26/><U104/><E104/><V2/><F2/><W14/><G14/><T130/><D130/><U19/><E19/><V124/><F15/><W116/><G11/><N who="0" m="4335" /><D29/><U22/><E22/><V119/><F124/><W47/><G8/><T10/><D10/><U48/><E48/><V53/><F51/><N who="3" m="28775" /><G21/><T42/><D74/><U12/><E12/><V58/><F119/><W24/><G116/><T36/><D50/><U49/><E49/><V79/><F43/><RYUUKYOKU ba="0,1" sc="331,-15,100,15,369,15,190,-15" hai1="55,59,61,65,75,77,82,87,88,93,96,101,106" hai2="53,54,57,58,62,63,79,80,86,98,99,113,114" owari="316,11.6,115,-38.5,394,49.4,175,-22.5" /></mjloggm>