<mjloggm ver="2.3"><GO type="225" lobby="0"/><UN n0="%E8%B6%85%E7%B4%9A%E9%B3%B3%E5%87%B0" n1="%4B%69%74%61%6D%75%72%61" n2="%E3%82%A2%E3%82%A4%E3%82%B9%E3%83%86%E3%82%A3%E3%83%BC%E3%81%82%E3%81%B9" n3="%6D%75%75%6D%75%72%61" dan="16,17,16,16" rate="2167.17,2175.62,2125.70,2102.96" sx="M,F,M,F"/><TAIKYOKU oya="0"/><INIT seed="0,0,0,3,3,111" ten="250,250,250,250" oya="0" hai0="95,76,36,103,67,122,12,17,105,78,127,119,72" hai1="68,99,0,73,82,27,35,50,92,2,79,118,46" hai2="90,62,77,112,16,69,134,23,3,113,83,116,109" hai3="53,85,100,97,133,56,30,88,120,123,81,42,63"/><T44/><D44/><U31/><E68/><V66/><F109/><W110/><G110/><T87/><D119/><U58/><E58/><V106/><F116/><W32/><G133/><T70/><D36/><U7/><E7/><V101/><F134/><W9/><G42/><T115/><D122/><U52/><REACH who="1" step="1"/><E118/><REACH who="1" ten="250,240,250,250" step="2"/><V125/><F3/><W6/><G120/><T93/><D70/><U108/><E108/><V129/><F125/><W130/><G123/><T48/><D127/><U64/><E64/><V10/><F129/><W60/><G130/><T89/><D67/><U25/><E25/><V121/><F121/><W1/><G32/><T135/><D135/><U43/><E43/><V71/><F69/><W29/><REACH who="3" step="1"/><G63/><REACH who="3" ten="250,240,250,240" step="2"/><T74/><D72/><U15/><E15/><V132/><F62/><W13/><G13/><T54/><D74/><U19/><E19/><V45/><F16/><W126/><G126/><T128/><D12/><U65/><E65/><V51/><F66/><W39/><G39/><T20/><D17/><U47/><E47/><V98/><F45/><W18/><G18/><T75/><D75/><U26/><E26/><V5/><F132/><W34/><G34/><T107/><D128/><U37/><E37/><V84/><F71/><W40/><G40/><T4/><D4/><U14/><E14/><V22/><F5/><W49/><G49/><T41/><D41/><U21/><E21/><V24/><F51/><W114/><G114/><N who="2" m="44137" /><F23/><W124/><G124/><T38/><D38/><U94/><E94/><AGARI ba="0,2" hai="1,6,9,29,30,53,56,60,81,85,88,94,97,100" machi="94" ten="30,7700,0" yaku="1,1,7,1,54,1,53,1" doraHai="111" doraHaiUra="86" who="3" fromWho="1" sc="250,0,240,-77,250,0,240,97" /><INIT seed="1,0,0,3,4,7" ten="250,163,250,337" oya="1" hai0="35,79,87,37,61,76,71,98,24,66,13,72,58" hai1="124,85,67,132,88,52,70,74,15,41,51,29,47" hai2="54,92,25,78,36,129,111,84,107,89,48,26,0" hai3="73,20,120,59,106,33,114,4,96,130,108,49,40"/><U122/><E122/><V45/><F111/><W90/><G33/><T101/><D37/><U64/><E74/><V1/><F129/><W44/><G120/><T91/><D72/><U3/><E3/><V128/><F128/><W94/><G130/><T97/><D13/><U117/><E117/><V23/><F107/><W131/><G131/><T83/><D58/><U135/><E124/><V6/><F36/><W19/><G73/><T57/><D57/><U55/><E29/><V113/><F113/><W125/><G108/><T115/><D115/><U30/><E30/><V123/><F123/><W82/><G114/><T75/><D75/><U109/><E109/><V86/><F6/><W68/><G68/><T110/><D110/><U134/><E15/><V116/><F26/><W99/><G82/><T127/><D127/><U46/><E70/><V105/><F105/><W62/><G4/><T43/><D43/><U8/><E8/><V14/><F14/><N who="3" m="9335" /><G106/><T2/><D2/><U16/><E16/><V32/><F32/><W104/><G104/><T34/><D97/><U69/><E69/><V42/><F42/><W80/><G80/><T22/><D34/><U10/><E10/><V102/><F116/><W65/><G125/><T121/><D35/><U63/><E63/><V11/><F11/><W81/><G81/><T126/><D126/><U18/><E18/><N who="2" m="12535" /><F102/><W38/><G38/><T60/><D121/><U100/><E100/><V28/><F28/><W133/><G99/><T50/><D61/><U27/><E27/><V21/><F21/><W118/><G118/><T95/><D50/><RYUUKYOKU ba="0,0" sc="250,10,163,-30,250,10,337,10" hai0="22,24,60,66,71,76,79,83,87,91,95,98,101" hai2="0,1,45,48,54,78,84,86,89,92" hai3="40,44,49,59,62,65,90,94,96,133" /><INIT seed="2,1,0,5,5,43" ten="260,133,260,347" oya="2" hai0="121,14,77,27,22,116,25,50,95,21,38,69,73" hai1="84,111,130,97,16,1,20,94,85,18,47,124,35" hai2="64,126,52,114,0,23,44,58,33,45,49,91,80" hai3="55,39,41,99,60,53,83,103,135,34,54,86,7"/><V67/><F33/><W30/><G135/><T75/><D121/><U115/><E115/><V71/><F114/><W117/><G117/><T26/><D38/><U62/><E35/><V6/><F126/><W125/><G125/><T131/><D69/><U17/><E124/><V63/><F0/><W8/><G60/><T123/><D123/><U46/><E1/><V57/><F6/><W110/><G110/><T40/><D116/><U128/><E20/><V15/><F67/><W102/><G41/><T90/><D131/><N who="1" m="50219" /><E62/><V36/><F36/><W70/><G70/><T78/><D75/><U76/><E111/><V9/><F71/><W79/><G39/><T42/><D73/><U129/><N who="1" m="50227" /><U48/><DORA hai="13" /><E76/><N who="0" m="29289" /><D14/><U107/><E107/><V28/><F9/><W31/><G34/><T108/><D108/><U132/><E132/><V51/><F49/><W82/><G8/><T98/><D40/><N who="1" m="24647" /><E47/><AGARI ba="1,0" hai="21,22,25,26,27,42,47,50,90,95,98" m="29289" machi="47" ten="30,2000,0" yaku="8,1,52,1" doraHai="43,13" who="0" fromWho="1" sc="260,23,133,-23,260,0,347,0" /><INIT seed="3,0,0,4,4,65" ten="283,110,260,347" oya="3" hai0="93,100,19,90,62,35,104,25,43,20,8,72,112" hai1="31,115,95,48,56,135,30,26,114,121,67,49,91" hai2="23,75,52,110,11,119,120,84,103,70,111,130,94" hai3="14,133,45,57,78,128,109,125,4,40,1,82,88"/><W68/><G68/><T64/><D72/><U47/><E121/><V127/><F119/><W107/><G1/><T132/><D132/><U22/><E135/><V53/><F75/><W0/><G0/><T71/><D112/><U113/><E113/><V89/><F120/><W36/><G107/><T126/><D126/><U106/><E106/><V42/><F127/><W50/><G128/><T97/><D43/><U33/><E33/><V117/><F117/><W44/><G109/><N who="2" m="41481" /><F130/><W55/><G88/><T92/><D8/><U83/><E115/><V16/><F11/><W134/><G4/><T76/><D76/><U46/><E114/><V18/><F42/><W74/><G74/><T69/><D69/><U87/><E31/><V58/><F70/><W122/><G40/><T73/><D73/><U24/><E24/><N who="2" m="14439" /><F58/><W5/><G57/><T118/><D118/><U79/><E49/><V129/><F129/><W15/><G50/><T37/><D37/><U85/><E48/><V60/><F60/><W13/><G36/><T27/><D90/><U6/><E6/><V41/><F41/><W29/><G5/><T102/><D102/><U96/><E56/><V21/><F103/><W34/><G78/><T131/><D131/><U38/><E38/><V59/><F59/><W17/><G122/><T99/><D99/><U7/><E7/><V10/><F10/><W54/><G125/><T32/><D32/><U39/><E39/><V116/><F116/><W98/><G34/><T66/><D66/><U63/><E63/><V2/><F2/><W108/><G133/><T101/><D101/><RYUUKYOKU ba="0,0" sc="283,15,110,-15,260,15,347,-15" hai0="19,20,25,27,35,62,64,71,92,93,97,100,104" hai2="18,21,52,53,84,89,94" owari="298,9.8,95,-40.5,275,-12.5,332,43.2" /></mjloggm>