<mjloggm ver="2.3"><GO type="225" lobby="0"/><UN n0="%E9%80%9F%E6%B0%B4%E5%87%9B%E9%A6%99" n1="%6D%75%75%6D%75%72%61" n2="%E3%81%A1%E3%82%85%E3%81%86%E3%81%A9%E3%81%8F%E8%B1%A1%E3%81%95%E3%82%93" n3="%72%65%6E%6B%75%6E" dan="16,17,17,17" rate="2167.82,2207.63,2171.39,2235.72" sx="F,F,M,M"/><TAIKYOKU oya="0"/><INIT seed="0,0,0,1,0,40" ten="250,250,250,250" oya="0" hai0="53,23,45,88,26,110,59,1,113,94,111,125,65" hai1="11,128,108,35,31,69,78,67,27,77,73,116,112" hai2="16,4,33,92,135,105,119,84,93,98,60,85,48" hai3="30,100,5,9,57,50,62,122,12,0,127,124,83"/><T17/><D113/><U74/><E116/><V56/><F119/><W123/><G100/><T21/><D1/><U87/><E108/><N who="0" m="41513" /><D125/><N who="3" m="48201" /><G30/><T25/><D65/><U64/><E128/><V72/><F33/><W134/><G134/><T66/><D66/><U71/><E11/><V107/><F72/><W120/><G83/><T101/><D101/><U86/><E112/><V39/><F39/><W104/><G50/><N who="0" m="28879" /><D59/><U18/><E67/><V90/><F4/><W75/><G75/><T95/><D88/><U117/><E64/><V10/><F48/><W43/><G43/><T106/><D106/><U14/><E117/><V19/><F135/><W28/><G28/><AGARI ba="0,0" hai="17,21,23,25,26,28,94,95" m="28879,41513" machi="28" ten="30,5800,0" yaku="14,1,10,1,52,1" doraHai="40" who="0" fromWho="3" sc="250,58,250,0,250,0,250,-58" /><INIT seed="0,1,0,4,1,61" ten="308,250,250,192" oya="0" hai0="45,2,58,66,91,77,35,133,14,4,85,131,93" hai1="12,82,94,89,134,90,121,120,43,53,54,113,46" hai2="0,109,44,119,36,23,106,50,59,79,73,40,98" hai3="33,92,126,26,20,52,127,15,67,37,99,135,57"/><T17/><D133/><U62/><E134/><V41/><F0/><W38/><G135/><T68/><D131/><U64/><E113/><V48/><F109/><W21/><G33/><T105/><D35/><U104/><E104/><V71/><F71/><W39/><G15/><T78/><D105/><U97/><E12/><V63/><F119/><W107/><G107/><T96/><D68/><U56/><E82/><V31/><F79/><W49/><G67/><T74/><D74/><U81/><E81/><V130/><F73/><W114/><G114/><T102/><D4/><U55/><REACH who="1" step="1"/><E90/><REACH who="1" ten="308,240,250,192" step="2"/><V60/><F106/><W5/><G5/><T115/><D115/><U117/><E117/><V72/><F130/><W24/><G26/><T110/><D2/><U86/><E86/><V25/><F72/><W116/><G116/><T11/><D110/><U103/><E103/><V16/><F98/><W29/><REACH who="3" step="1"/><G21/><REACH who="3" ten="308,240,250,182" step="2"/><T47/><D14/><U83/><E83/><V9/><F25/><W18/><G18/><T128/><D17/><U22/><E22/><V13/><F23/><W108/><G108/><T111/><D111/><U112/><E112/><V19/><F19/><W88/><AGARI ba="1,2" hai="20,24,29,37,38,39,49,52,57,88,92,99,126,127" machi="88" ten="40,8000,1" yaku="1,1,0,1,54,2,53,0" doraHai="61" doraHaiUra="32" who="3" fromWho="3" sc="308,-41,240,-21,250,-21,182,103" /><INIT seed="1,0,0,5,5,59" ten="267,219,229,285" oya="1" hai0="75,62,2,76,36,32,33,27,52,55,60,109,81" hai1="87,29,23,133,11,98,20,121,25,124,91,3,106" hai2="72,53,5,77,134,111,97,82,96,99,12,127,58" hai3="85,74,16,93,126,79,35,64,43,117,66,6,45"/><U104/><E121/><V80/><F111/><W68/><G35/><T116/><D116/><U103/><E133/><V88/><F127/><W17/><G126/><T110/><D2/><U70/><E124/><V51/><F134/><W95/><G117/><T129/><D36/><U92/><E70/><V69/><F69/><W9/><G74/><T86/><D75/><U0/><E106/><V90/><REACH who="2" step="1"/><F80/><REACH who="2" ten="267,219,219,285" step="2"/><N who="3" m="47263" /><G68/><T131/><D110/><U113/><E113/><V34/><F34/><W10/><G64/><T41/><D109/><U24/><REACH who="1" step="1"/><E11/><AGARI ba="0,1" hai="5,11,12,51,53,58,72,77,82,88,90,96,97,99" machi="11" ten="40,8000,1" yaku="1,1,54,1,53,2" doraHai="59" doraHaiUra="84" who="2" fromWho="1" sc="267,0,219,-80,219,90,285,0" /><INIT seed="2,0,0,5,2,108" ten="267,139,309,285" oya="2" hai0="102,0,60,50,45,95,134,135,125,115,3,43,100" hai1="47,113,86,122,2,80,22,36,91,77,11,66,8" hai2="61,106,16,56,117,90,130,88,59,12,39,51,40" hai3="26,127,74,57,128,109,94,101,33,27,28,49,72"/><V114/><F117/><W32/><G109/><T4/><D125/><U76/><E113/><V75/><F114/><W52/><G127/><T5/><D60/><U13/><E122/><V98/><F75/><W111/><G111/><T110/><D110/><U19/><E66/><N who="2" m="39207" /><F39/><W44/><G128/><T121/><D121/><U29/><E2/><V132/><F106/><W38/><G101/><N who="0" m="39019" /><D95/><U124/><E124/><V93/><F130/><W73/><G94/><T25/><D25/><U84/><E29/><V116/><F132/><N who="0" m="50730" /><D115/><U87/><E36/><V24/><F24/><W81/><G27/><T70/><D70/><U120/><E120/><V129/><F129/><W105/><G105/><T103/><D103/><U118/><E118/><V62/><F116/><W71/><G71/><T55/><D55/><U85/><REACH who="1" step="1"/><E47/><REACH who="1" ten="267,129,309,285" step="2"/><V9/><F98/><W96/><G96/><T79/><D0/><U131/><E131/><V97/><F97/><W99/><G99/><T30/><D3/><U107/><E107/><V133/><F133/><W58/><G38/><T78/><D30/><U54/><E54/><N who="2" m="34167" /><F93/><W10/><G33/><T123/><D123/><U63/><E63/><V42/><F51/><W68/><G44/><T37/><D37/><U112/><E112/><V15/><F15/><W104/><G104/><T92/><D92/><U64/><E64/><V20/><F9/><AGARI ba="0,1" hai="8,9,11,13,19,22,76,77,80,84,85,86,87,91" machi="9" ten="40,2600,0" yaku="1,1,8,1,53,0" doraHai="108" doraHaiUra="1" who="1" fromWho="2" sc="267,0,129,36,309,-26,285,0" /><INIT seed="3,0,0,5,1,28" ten="267,165,283,285" oya="3" hai0="20,131,42,123,70,15,38,5,97,4,49,127,0" hai1="65,91,17,64,3,134,132,78,16,56,108,6,63" hai2="86,10,77,37,57,12,39,2,124,128,105,116,24" hai3="87,67,32,66,122,80,52,83,109,41,118,99,84"/><W30/><G118/><T50/><D70/><U92/><E108/><V102/><F116/><W31/><G122/><T88/><D123/><U72/><E65/><N who="3" m="24586" /><G32/><T19/><D131/><U29/><E29/><N who="3" m="10762" /><G109/><T75/><D75/><U74/><E3/><V13/><F2/><W44/><G41/><T1/><D127/><U94/><E6/><V23/><F124/><W27/><G27/><T119/><D119/><U69/><E69/><V93/><F105/><W96/><G84/><T113/><D113/><U48/><E48/><V79/><F37/><W90/><G83/><T36/><D36/><U81/><E74/><V129/><F39/><W21/><G21/><T76/><D76/><N who="2" m="29258" /><F10/><W60/><G44/><N who="0" m="25751" /><D38/><U103/><E103/><V25/><F25/><W130/><G130/><N who="2" m="50281" /><F57/><AGARI ba="0,0" hai="52,57,60,80,87,90,96,99" m="10762,24586" machi="57" ten="30,2900,0" yaku="8,1,54,1" doraHai="28" who="3" fromWho="2" sc="267,0,165,0,283,-29,285,29" owari="267,6.7,165,-33.5,254,-14.6,314,41.4" /></mjloggm>