<mjloggm ver="2.3"><GO type="225" lobby="0"/><UN n0="%72%69%6F%75%63%68%61%6E" n1="%E6%98%93%E5%88%A9%E8%96%A9%E4%BC%AF" n2="%E5%B8%86%E7%AB%8B%E5%A4%8F%E8%A1%A3" n3="%48%61%61%61%6C%61%6E%64" dan="17,16,16,17" rate="2240.04,2113.53,2099.36,2134.91" sx="M,F,M,M"/><TAIKYOKU oya="0"/><INIT seed="0,0,0,4,4,38" ten="250,250,250,250" oya="0" hai0="130,28,115,65,108,0,126,43,133,20,10,116,89" hai1="124,6,60,44,117,73,42,85,121,55,4,17,47" hai2="64,109,1,12,30,27,120,131,40,22,92,9,54" hai3="3,34,104,77,79,35,26,33,8,15,11,114,37"/><T59/><D115/><U61/><E73/><V53/><F109/><W21/><G104/><T16/><D116/><U23/><E117/><V93/><F131/><W80/><G37/><T110/><D130/><U113/><E121/><V67/><F120/><W105/><G105/><T88/><D126/><U132/><E132/><V56/><F1/><W41/><G114/><T63/><D133/><U14/><E124/><V119/><F40/><W31/><G41/><T135/><D135/><U82/><E60/><V52/><F119/><W91/><G91/><T96/><D43/><U29/><E29/><V134/><F134/><W122/><G122/><T48/><D48/><U99/><E99/><V36/><F36/><W19/><REACH who="3" step="1"/><G80/><REACH who="3" ten="250,250,250,240" step="2"/><T111/><D96/><U103/><E113/><V81/><F81/><W84/><G84/><T45/><D45/><U25/><E103/><V72/><F93/><W18/><G18/><T76/><D76/><U97/><E97/><V49/><F92/><W68/><G68/><T106/><D106/><U71/><E71/><V24/><F72/><W70/><G70/><T46/><D46/><U101/><E101/><V125/><F125/><W102/><G102/><T83/><D83/><U107/><E107/><V75/><F75/><W2/><G2/><T86/><D86/><U94/><E82/><V13/><F56/><W112/><G112/><T69/><D69/><U57/><E42/><V129/><F129/><W7/><AGARI ba="0,1" hai="3,7,8,11,15,19,21,26,31,33,34,35,77,79" machi="7" ten="40,2700,0" yaku="1,1,0,1,53,0" doraHai="38" doraHaiUra="123" who="3" fromWho="3" sc="250,-13,250,-7,250,-7,240,37" /><INIT seed="1,0,0,0,3,37" ten="237,243,243,277" oya="1" hai0="34,16,69,83,102,103,56,89,46,14,88,53,18" hai1="71,111,62,125,19,32,101,50,6,7,35,115,58" hai2="127,99,117,135,26,1,107,121,77,31,124,11,42" hai3="60,120,79,114,74,119,67,0,23,38,66,52,3"/><U118/><E115/><V80/><F117/><W41/><G120/><T128/><D69/><U54/><E118/><V29/><F121/><W57/><G114/><T47/><D34/><U96/><E125/><N who="2" m="48203" /><F135/><W48/><G119/><T110/><D110/><U39/><E111/><V33/><F31/><W68/><G67/><T45/><D128/><U91/><E39/><V30/><F30/><W82/><G23/><N who="0" m="11671" /><D18/><U70/><E91/><N who="0" m="34889" /><D83/><U113/><E113/><V65/><F65/><W85/><G74/><T43/><D43/><U36/><E36/><V95/><F42/><W27/><G27/><T97/><D97/><U100/><E19/><V98/><F107/><W5/><G5/><T24/><D24/><U55/><E96/><V90/><F99/><W129/><G129/><T87/><D87/><U123/><E123/><V22/><F33/><W131/><G131/><T10/><D10/><U133/><E133/><V25/><F26/><W92/><G92/><T13/><D13/><U126/><E126/><V84/><F11/><W132/><G132/><T40/><D40/><U8/><E8/><V81/><F80/><W49/><G38/><T134/><D134/><U63/><E35/><V109/><F109/><W4/><G4/><N who="1" m="1578" /><E32/><V17/><F17/><W2/><G2/><AGARI ba="0,0" hai="1,2,22,25,29,77,81,84,90,95,98" m="48203" machi="2" ten="30,1000,0" yaku="18,1" doraHai="37" who="2" fromWho="3" sc="237,0,243,0,243,10,277,-10" /><INIT seed="2,0,0,5,0,42" ten="237,243,253,267" oya="2" hai0="12,123,65,105,110,78,10,67,120,41,6,55,50" hai1="5,59,47,29,85,23,19,133,16,58,134,24,26" hai2="80,64,52,40,69,63,77,97,20,104,90,117,92" hai3="38,9,54,106,30,56,36,0,135,82,76,44,25"/><V95/><F117/><W91/><G135/><N who="1" m="51722" /><E5/><V15/><F40/><W61/><G106/><T115/><D110/><U11/><E85/><V101/><F20/><W124/><G124/><T111/><D111/><U132/><N who="1" m="51730" /><U46/><DORA hai="27" /><E11/><V49/><F15/><W102/><G102/><T68/><D115/><U62/><E19/><V37/><F37/><W114/><G114/><T21/><D105/><U98/><E98/><V74/><REACH who="2" step="1"/><F90/><REACH who="2" ten="237,243,243,267" step="2"/><W107/><G91/><T126/><D41/><U13/><E13/><V116/><F116/><W73/><G36/><T108/><D108/><U131/><E131/><V51/><F51/><W17/><G38/><T109/><D109/><U83/><E83/><V79/><F79/><W122/><G82/><T32/><D78/><U2/><E2/><V7/><F7/><W35/><G76/><T18/><D123/><U103/><E103/><V53/><F53/><W99/><G54/><T87/><D120/><U14/><E14/><V94/><F94/><W118/><G122/><T100/><D100/><U86/><E86/><V43/><F43/><W89/><G118/><T130/><D87/><U60/><E26/><V8/><F8/><W125/><G0/><N who="0" m="327" /><D130/><U112/><E112/><V33/><F33/><W119/><G119/><T3/><D32/><U4/><E4/><V1/><F1/><W75/><G35/><T34/><D34/><U22/><E22/><V96/><F96/><W84/><G99/><T71/><D3/><U28/><E23/><V45/><AGARI ba="0,1" hai="45,49,52,63,64,69,74,77,80,92,95,97,101,104" machi="45" ten="20,18000,2" yaku="1,1,0,1,7,1,52,1,54,1,53,2" doraHai="42,27" doraHaiUra="57,72" who="2" fromWho="2" sc="237,-60,243,-60,243,190,267,-60" /><INIT seed="2,1,0,3,5,79" ten="177,183,433,207" oya="2" hai0="88,86,45,4,67,37,105,12,95,1,32,107,119" hai1="113,33,49,11,42,41,128,17,114,73,16,124,61" hai2="133,56,63,0,15,91,116,115,62,19,96,81,127" hai3="65,134,21,54,125,74,72,53,46,97,89,94,87"/><V131/><F115/><W5/><G125/><T51/><D1/><U118/><E33/><V29/><F116/><W18/><G134/><T75/><D119/><U111/><E118/><V20/><F127/><W64/><G5/><T82/><D32/><U83/><E124/><V14/><F0/><W3/><G3/><T7/><D37/><U76/><E111/><V101/><F131/><W25/><G74/><T80/><D67/><N who="3" m="25673" /><G72/><T30/><D30/><U92/><E128/><V109/><F109/><W6/><G6/><N who="0" m="2091" /><D107/><U27/><E61/><V50/><F133/><W84/><G46/><T66/><D75/><U9/><E92/><V47/><F29/><W23/><G23/><T85/><D105/><U106/><E106/><V71/><F71/><W31/><G31/><T103/><D66/><U117/><E117/><V44/><F44/><W102/><G84/><N who="0" m="32363" /><D103/><U122/><E122/><V123/><F101/><W52/><G87/><N who="0" m="52639" /><D12/><U77/><E73/><V68/><F15/><W26/><G102/><T22/><D22/><U135/><E135/><V104/><F14/><AGARI ba="1,0" hai="14,18,21,25,26,52,53,54,89,94,97" m="25673" machi="14" ten="30,2000,0" yaku="8,1,54,1" doraHai="79" who="3" fromWho="2" sc="177,0,183,0,433,-23,207,23" /><INIT seed="3,0,0,1,0,128" ten="177,183,410,230" oya="3" hai0="38,122,10,126,64,60,53,48,56,109,104,57,63" hai1="132,71,11,73,134,99,130,78,96,86,20,31,51" hai2="22,103,12,107,59,30,75,125,135,17,102,24,117" hai3="27,4,21,101,29,19,90,9,88,83,79,54,82"/><W121/><G121/><T26/><D104/><U98/><E73/><V0/><F135/><N who="1" m="51753" /><E71/><V37/><F75/><W41/><G101/><T97/><D122/><U3/><E130/><V16/><F37/><W43/><G54/><N who="0" m="31815" /><D109/><U39/><E39/><V65/><F0/><W74/><G29/><T94/><D38/><U106/><E106/><V124/><F117/><W115/><G115/><T80/><D126/><U72/><E72/><V67/><F107/><W34/><G34/><T70/><D70/><U111/><E111/><V89/><F103/><W116/><G116/><T35/><D35/><U120/><E120/><V119/><F102/><W49/><G83/><T14/><D80/><N who="1" m="47383" /><E51/><V110/><F119/><W105/><G105/><T66/><D26/><N who="1" m="16839" /><E99/><V47/><F110/><W13/><G49/><T44/><D63/><U76/><E76/><V81/><F124/><W92/><G79/><T23/><D23/><U84/><E84/><V69/><F69/><W8/><G74/><T93/><D44/><U33/><E33/><V118/><F47/><W77/><G77/><T55/><D97/><U58/><E58/><V7/><F59/><W28/><G21/><T112/><D112/><U36/><E36/><V40/><F125/><W85/><G85/><T131/><D131/><U127/><E127/><V61/><F118/><W18/><G28/><T91/><D66/><U25/><E25/><V87/><F67/><W6/><G27/><T1/><D1/><U114/><E114/><V133/><F133/><W100/><G9/><T129/><D129/><U15/><E3/><V2/><F65/><RYUUKYOKU ba="0,0" sc="177,-10,183,30,410,-10,230,-10" hai1="11,15,96,98" owari="167,-33.3,213,-18.7,400,50.0,220,2.0" /></mjloggm>