<mjloggm ver="2.3"><GO type="225" lobby="0"/><UN n0="%E3%81%AA%E3%81%A1%30%39%32%37" n1="%E3%81%9F%E3%81%93%E2%98%86%E7%84%BC%E3%81%8D" n2="%E3%81%95%E3%81%8D%E3%81%9F%E3%81%BE%E6%9E%97%E6%AA%8E" n3="%E3%83%B4%E3%83%A0%EF%BC%99%E3%81%A6" dan="16,16,16,17" rate="2034.85,2079.51,2083.42,2183.60" sx="M,M,M,M"/><TAIKYOKU oya="0"/><INIT seed="0,0,0,3,2,29" ten="250,250,250,250" oya="0" hai0="78,13,30,52,100,10,99,80,89,77,111,1,81" hai1="46,25,88,66,110,51,119,19,126,118,56,121,33" hai2="37,125,16,105,41,3,36,14,98,47,22,101,112" hai3="2,49,134,97,65,92,109,45,76,74,27,57,18"/><T5/><D30/><U104/><E121/><V117/><F112/><W23/><G2/><T91/><D1/><U85/><E104/><V24/><F125/><W84/><G109/><T15/><D111/><U70/><E126/><V67/><F3/><W32/><G134/><T38/><D38/><U72/><E72/><V44/><F117/><W53/><G74/><T107/><D13/><U61/><E110/><V103/><F103/><W59/><G32/><T102/><D102/><U75/><E75/><V21/><F67/><W69/><G69/><T60/><D80/><U42/><E19/><V79/><F79/><W71/><G71/><T129/><D129/><U114/><E114/><V62/><F62/><W0/><G0/><T116/><D116/><U39/><E25/><V87/><F87/><W26/><G26/><T68/><D68/><U120/><E120/><V86/><F86/><W106/><G106/><T82/><D82/><U63/><E33/><V4/><F4/><W6/><G6/><T96/><D96/><U50/><E50/><V40/><REACH who="2" step="1"/><F24/><REACH who="2" ten="250,250,240,250" step="2"/><W48/><G65/><T12/><D77/><U122/><E63/><V58/><F58/><W135/><G84/><T93/><D107/><U90/><E85/><V130/><F130/><W94/><G76/><T9/><D78/><U131/><E131/><V124/><F124/><W54/><G57/><N who="0" m="34855" /><D81/><U73/><E73/><V43/><F43/><W64/><G64/><T35/><D100/><U7/><E7/><V11/><AGARI ba="0,1" hai="11,14,16,21,22,36,37,40,41,44,47,98,101,105" machi="11" ten="20,8000,1" yaku="1,1,0,1,7,1,9,1,54,1,53,0" doraHai="29" doraHaiUra="83" who="2" fromWho="2" sc="250,-40,250,-20,240,90,250,-20" /><INIT seed="1,0,0,4,5,106" ten="210,230,330,230" oya="1" hai0="17,84,134,26,31,65,24,116,64,62,10,14,60" hai1="127,133,110,100,128,117,93,66,38,114,71,80,132" hai2="36,78,6,18,121,67,29,98,73,9,97,87,107" hai3="37,99,41,118,4,33,53,77,22,112,86,90,23"/><U63/><E114/><V120/><F36/><W30/><G112/><T122/><D134/><N who="1" m="51819" /><E117/><V25/><F18/><W52/><G118/><T119/><D122/><U115/><E115/><V5/><F87/><W123/><G123/><T28/><D84/><U32/><E32/><N who="2" m="20527" /><F5/><W35/><G4/><T58/><D26/><U1/><E38/><V92/><F92/><W49/><G77/><T113/><D28/><U129/><E1/><N who="2" m="207" /><F98/><W42/><G99/><T135/><D113/><U55/><E93/><V50/><F50/><W27/><G37/><T44/><D44/><U94/><E94/><V39/><F67/><W76/><G76/><T47/><D47/><U8/><E8/><V19/><F19/><W88/><G86/><T79/><D79/><U105/><E80/><N who="2" m="45135" /><F39/><W43/><G33/><T111/><D135/><U91/><E91/><V74/><F74/><W7/><G7/><T126/><D119/><U95/><E95/><V69/><F69/><W102/><G102/><AGARI ba="0,0" hai="97,102,107,120,121" m="45135,207,20527" machi="102" ten="30,2000,0" yaku="23,1,52,1" doraHai="106" who="2" fromWho="3" sc="210,0,230,0,330,20,230,-20" /><INIT seed="2,0,0,2,1,53" ten="210,230,350,210" oya="2" hai0="13,85,114,104,71,44,100,10,77,36,132,12,61" hai1="45,130,23,20,64,102,49,109,98,2,35,125,135" hai2="120,32,58,56,3,59,113,103,79,39,34,66,73" hai3="108,14,21,70,5,101,81,123,27,110,19,112,8"/><V42/><F113/><W107/><G70/><T65/><D114/><U134/><E35/><V93/><F3/><W84/><G112/><T17/><D132/><N who="1" m="50731" /><E2/><V30/><F120/><W133/><G133/><T111/><D111/><U124/><E109/><V115/><F115/><W128/><G123/><T40/><D104/><N who="1" m="63575" /><E64/><V33/><F66/><W6/><G128/><T48/><D100/><U82/><E82/><V7/><F7/><W47/><G5/><T15/><D77/><U76/><E76/><V122/><F122/><W28/><G6/><T99/><D85/><U117/><E117/><V91/><F103/><W37/><G101/><T121/><D99/><U60/><E60/><V67/><F67/><W68/><G107/><T89/><D89/><U22/><E130/><V72/><F79/><W63/><G63/><T4/><D121/><U0/><E0/><V105/><F105/><W83/><G68/><T41/><D4/><U126/><E22/><V9/><F9/><W94/><G94/><T75/><D75/><U38/><E38/><V54/><F73/><W97/><G97/><T95/><D95/><U87/><E87/><V74/><F74/><W11/><G11/><T31/><D31/><U86/><E86/><V52/><F30/><W24/><G83/><T118/><D118/><U50/><E50/><V78/><F78/><N who="3" m="46135" /><G108/><T129/><D129/><U80/><E80/><V90/><F72/><W51/><G110/><T29/><D29/><U119/><E119/><V92/><F92/><W16/><G37/><T26/><D36/><U69/><E69/><V62/><F93/><RYUUKYOKU ba="0,0" sc="210,-10,230,30,350,-10,210,-10" hai1="20,23,45,49,124,125,126" /><INIT seed="3,1,0,4,0,74" ten="200,260,340,200" oya="3" hai0="23,0,51,6,33,68,84,54,109,102,98,72,29" hai1="120,85,81,26,55,77,103,7,134,45,64,126,28" hai2="71,37,78,61,115,83,66,90,135,11,73,14,128" hai3="39,27,19,41,105,131,56,17,116,10,34,123,48"/><W130/><G116/><T49/><D72/><U114/><E134/><V31/><F115/><W91/><G123/><T67/><D23/><N who="1" m="15455" /><E126/><V133/><F128/><N who="3" m="49195" /><G105/><T12/><D12/><U18/><E7/><V5/><F37/><W58/><G39/><T2/><D54/><U79/><E103/><V4/><F90/><W94/><G34/><T38/><D38/><U70/><E70/><V112/><F112/><W42/><G27/><N who="0" m="18623" /><D84/><U119/><E64/><V44/><F44/><N who="3" m="25615" /><G42/><T22/><D22/><U106/><E106/><V69/><F69/><W76/><G76/><T100/><D100/><U93/><E93/><V8/><F31/><W15/><G19/><T88/><D88/><N who="1" m="51247" /><E120/><V104/><F104/><W121/><G121/><T75/><D75/><U80/><E80/><V107/><F107/><W20/><G20/><T125/><D67/><U47/><E119/><V86/><F73/><W52/><G52/><T63/><D68/><U82/><E82/><V99/><F135/><W108/><G108/><T60/><D109/><U25/><E114/><V9/><F133/><W95/><G95/><N who="0" m="58719" /><D125/><U97/><E97/><AGARI ba="1,0" hai="10,15,17,56,58,91,94,97" m="25615,49195" machi="97" ten="30,1500,0" yaku="19,1" doraHai="74" who="3" fromWho="1" sc="200,0,260,-18,340,0,200,18" /><INIT seed="3,2,0,4,3,93" ten="200,242,340,218" oya="3" hai0="134,132,71,65,29,112,69,131,82,37,121,13,77" hai1="98,41,92,123,76,39,17,45,48,42,104,26,35" hai2="32,84,124,34,61,9,125,86,22,66,87,38,24" hai3="81,6,101,40,111,16,62,30,74,20,43,68,117"/><W126/><G117/><T79/><D121/><U122/><E104/><V67/><F38/><W54/><G30/><T56/><D37/><U0/><E0/><V2/><F2/><W7/><G126/><N who="2" m="48745" /><F9/><W18/><G101/><T109/><D109/><U110/><E76/><N who="0" m="29257" /><D82/><U4/><E4/><V63/><F63/><W75/><G81/><T90/><D90/><U88/><E110/><V14/><F14/><W102/><G102/><T129/><D29/><U57/><E35/><N who="2" m="13355" /><F61/><W8/><G111/><T15/><D56/><U23/><REACH who="1" step="1"/><E57/><REACH who="1" ten="200,232,340,218" step="2"/><V119/><F119/><W47/><G6/><T70/><D112/><U95/><E95/><V72/><F72/><W25/><G75/><T105/><D105/><U85/><E85/><V46/><F87/><W99/><G74/><T50/><D50/><U49/><E49/><V5/><F5/><W12/><G7/><T113/><D113/><U31/><E31/><V11/><F86/><W100/><G62/><N who="0" m="40119" /><D71/><U97/><E97/><V107/><F84/><W28/><G68/><T135/><D70/><U3/><E3/><V103/><F107/><N who="3" m="63903" /><G28/><T118/><D118/><U120/><E120/><V51/><F51/><W91/><G91/><T33/><D33/><U133/><E133/><V96/><F96/><W58/><G58/><T19/><D19/><U27/><E27/><V130/><F24/><W52/><G40/><T94/><D94/><U10/><E10/><V60/><F11/><W53/><G43/><T78/><D78/><U114/><E114/><V116/><F116/><W59/><G59/><T115/><D115/><U80/><E80/><RYUUKYOKU ba="2,1" sc="200,10,232,10,340,-30,218,10" hai0="13,15,129,131,132,134,135" hai1="17,23,26,39,41,42,45,48,88,92,98,122,123" hai3="8,12,16,18,20,25,47,52,53,54" /><INIT seed="3,3,1,4,3,60" ten="210,242,310,228" oya="3" hai0="52,46,113,35,24,29,12,7,124,25,67,93,117" hai1="66,84,85,36,105,120,77,106,109,27,108,121,50" hai2="110,9,72,64,135,37,4,8,71,26,115,54,131" hai3="38,123,86,127,111,132,134,95,11,14,126,119,129"/><W32/><G119/><T65/><D117/><U57/><E27/><N who="0" m="10313" /><D35/><U79/><E50/><V33/><F110/><N who="1" m="42601" /><E57/><V17/><F115/><W90/><G111/><T59/><D124/><N who="3" m="47657" /><G123/><N who="1" m="47178" /><E66/><N who="0" m="25097" /><D113/><U41/><E41/><V40/><F40/><W61/><G61/><N who="0" m="36071" /><D29/><U92/><E36/><V49/><F33/><W116/><G116/><T133/><D133/><N who="3" m="51305" /><G129/><T112/><D112/><U70/><E70/><V68/><F68/><W22/><G32/><T21/><D46/><U82/><E92/><V107/><F71/><W73/><G38/><T102/><D21/><U55/><E55/><V91/><F54/><W31/><G22/><T76/><D12/><U1/><E1/><V5/><F37/><W56/><G56/><T44/><D44/><U34/><E34/><V23/><F131/><W43/><G43/><T45/><D45/><U30/><E30/><V99/><F135/><W75/><G31/><T78/><D7/><AGARI ba="3,1" hai="7,11,14,73,75,86,90,95" m="51305,47657" machi="7" ten="30,2900,0" yaku="18,1,20,1" doraHai="60" who="3" fromWho="0" sc="210,-38,242,0,310,0,228,48" /><INIT seed="3,4,0,2,2,116" ten="172,242,310,276" oya="3" hai0="85,108,17,115,71,114,48,81,93,18,31,55,121" hai1="128,126,45,51,102,25,88,5,39,56,32,95,61" hai2="36,112,91,24,6,54,68,106,78,119,70,2,12" hai3="87,101,65,14,96,10,130,67,40,11,104,47,99"/><W27/><G130/><T82/><D71/><U58/><E128/><V129/><F112/><N who="0" m="43050" /><D31/><U123/><E39/><V15/><F129/><W80/><G27/><T131/><D131/><U100/><E126/><V44/><F119/><W84/><G99/><T89/><D108/><U111/><E123/><V42/><F106/><W97/><G97/><T92/><D121/><U125/><E125/><V133/><F2/><W9/><G14/><T86/><D48/><U134/><E134/><V34/><F133/><W20/><G20/><T124/><D55/><U127/><E5/><V60/><F78/><W33/><G33/><T75/><D124/><U135/><E135/><V43/><F34/><W4/><G4/><T122/><D122/><U26/><E32/><V98/><F36/><W113/><G113/><T29/><D29/><U79/><E79/><V103/><F70/><W77/><REACH who="3" step="1"/><G84/><REACH who="3" ten="172,242,310,266" step="2"/><N who="0" m="32363" /><D75/><U37/><E25/><V1/><F24/><W107/><G107/><T16/><D89/><U23/><E127/><V83/><F91/><W21/><G21/><T35/><D35/><U117/><E23/><V57/><F6/><W7/><G7/><T73/><D73/><U76/><E26/><V69/><F98/><W72/><G72/><T8/><D8/><U94/><E117/><V62/><F1/><W64/><G64/><T28/><D28/><U49/><E88/><V50/><F69/><W30/><G30/><T110/><D110/><U0/><E111/><V53/><F68/><W105/><G105/><T66/><D66/><U109/><E109/><V13/><F13/><W22/><G22/><RYUUKYOKU ba="4,1" sc="172,15,242,-15,310,-15,266,15" hai0="16,17,18,81,82,92,93" hai3="9,10,11,40,47,65,67,77,80,87,96,101,104" /><INIT seed="3,5,1,0,4,11" ten="187,227,295,281" oya="3" hai0="79,37,53,99,125,119,43,113,13,78,76,6,45" hai1="46,127,44,112,100,3,5,89,42,34,35,17,10" hai2="116,72,50,130,56,52,115,135,47,31,96,66,85" hai3="22,124,128,102,4,114,131,83,59,70,15,129,117"/><W9/><G117/><T19/><D119/><U2/><E112/><V30/><F116/><W26/><G114/><T120/><D120/><U93/><E100/><V82/><F115/><W23/><G70/><T36/><D113/><U103/><E103/><V12/><F135/><W49/><G124/><T16/><D125/><U107/><E107/><V75/><F130/><W95/><G83/><T105/><D37/><U24/><E2/><V118/><F118/><W28/><G59/><T48/><D105/><U29/><E127/><V86/><F75/><W39/><G39/><T126/><D126/><U20/><E42/><V77/><F72/><W122/><G49/><T81/><D99/><U40/><E40/><N who="2" m="24935" /><F66/><W71/><G71/><T106/><D106/><U65/><E35/><V67/><F67/><W25/><G122/><T60/><D81/><U87/><REACH who="1" step="1"/><E65/><REACH who="1" ten="187,217,295,281" step="2"/><V14/><F96/><N who="3" m="59679" /><G26/><AGARI ba="5,2" hai="3,5,10,17,20,24,26,29,34,44,46,87,89,93" machi="26" ten="30,2000,0" yaku="1,1,7,1,53,0" doraHai="11" doraHaiUra="51" who="1" fromWho="3" sc="187,0,217,55,295,0,281,-35" /><INIT seed="4,0,0,4,4,24" ten="187,272,295,246" oya="0" hai0="126,88,97,16,113,5,1,56,130,53,100,70,128" hai1="18,104,98,83,31,87,124,116,55,94,133,11,79" hai2="95,127,25,36,134,50,132,129,120,23,19,102,123" hai3="27,21,26,61,39,38,45,65,54,41,91,44,68"/><T107/><D113/><U93/><E116/><V76/><F36/><W110/><G110/><T0/><D126/><U57/><E104/><V33/><F129/><N who="0" m="49770" /><D70/><U90/><E133/><N who="2" m="51307" /><F127/><W13/><G13/><T35/><D35/><U46/><E46/><V8/><F76/><W22/><G22/><T58/><D5/><U92/><E31/><N who="2" m="19695" /><F8/><W32/><G32/><T2/><D53/><U73/><E73/><V131/><F131/><W112/><G112/><T118/><D118/><U77/><E77/><V17/><F17/><W14/><G14/><T48/><D48/><U111/><E111/><V105/><F105/><W72/><G26/><T117/><D117/><U89/><E11/><V82/><F82/><W34/><G34/><T30/><D30/><U99/><E18/><V69/><F69/><W71/><G71/><T64/><D64/><U29/><E29/><V6/><F6/><W37/><G54/><T10/><D88/><N who="1" m="33899" /><E124/><V114/><F114/><W15/><G91/><T108/><D108/><U85/><E85/><V4/><F4/><W67/><G67/><T49/><D49/><AGARI ba="0,0" hai="49,55,57,79,83,87,92,93,94,98,99" m="33899" machi="49" ten="30,2000,0" yaku="8,1,54,1" doraHai="24" who="1" fromWho="0" sc="187,-20,272,20,295,0,246,0" /><INIT seed="5,0,0,2,4,62" ten="167,292,295,246" oya="1" hai0="67,61,98,117,5,48,4,35,24,1,74,95,132" hai1="103,12,41,115,90,76,33,101,9,80,96,79,40" hai2="56,86,50,110,28,120,102,58,46,87,75,133,126" hai3="26,85,109,64,10,49,106,3,84,51,38,14,127"/><U17/><E33/><V2/><F110/><W89/><G38/><T122/><D132/><U34/><E34/><V82/><F120/><W107/><G109/><T63/><D117/><U108/><E115/><V83/><F2/><W29/><G3/><T93/><D74/><U30/><E30/><V44/><F75/><W81/><G127/><T20/><D122/><U69/><E69/><V112/><F112/><W47/><G85/><N who="2" m="32265" /><F133/><W135/><G135/><T111/><D111/><U100/><E80/><N who="2" m="30763" /><F126/><W134/><G134/><T131/><D131/><U19/><E108/><V53/><F102/><W18/><G49/><T70/><D35/><U21/><E90/><V0/><F0/><W65/><G106/><T60/><D48/><U13/><E96/><V6/><F6/><W99/><G99/><T94/><D98/><U73/><E73/><V105/><F105/><W32/><REACH who="3" step="1"/><G107/><REACH who="3" ten="167,292,295,236" step="2"/><T59/><D1/><U125/><E125/><V54/><F28/><W124/><G124/><T113/><D113/><U78/><AGARI ba="0,1" hai="9,12,13,17,19,21,40,41,76,78,79,100,101,103" machi="78" ten="30,3000,0" yaku="0,1,8,1" doraHai="62" who="1" fromWho="1" sc="167,-10,292,40,295,-10,236,-10" owari="157,-34.3,332,43.2,285,8.5,226,-17.4" /></mjloggm>