<mjloggm ver="2.3"><GO type="225" lobby="0"/><UN n0="%E5%82%8D%E8%8B%A5%E7%84%A1%E4%BA%BA%35%31" n1="%E6%B4%BE%E9%81%A3%E3%81%AE%E3%82%B8%E3%83%A3%E3%83%83%E3%82%AF" n2="%72%61%6B%33" n3="%63%68%78%62%64" dan="16,17,16,16" rate="2073.47,2215.74,2087.02,2151.57" sx="M,M,M,M"/><TAIKYOKU oya="0"/><INIT seed="0,0,0,2,5,30" ten="250,250,250,250" oya="0" hai0="54,116,127,43,134,47,101,39,95,42,32,111,105" hai1="23,0,52,36,68,58,132,125,118,109,5,93,85" hai2="59,60,70,7,71,10,82,46,20,112,77,55,4" hai3="63,76,35,79,19,106,57,28,87,121,24,18,133"/><T88/><D116/><U9/><E118/><V69/><F112/><W34/><G106/><T113/><D113/><U66/><E36/><V15/><F20/><W8/><G133/><T75/><D75/><U26/><E109/><V61/><F46/><W27/><G121/><T37/><D134/><U102/><E132/><V104/><F104/><W78/><G87/><T122/><D32/><U126/><E66/><V21/><F21/><W72/><G8/><T44/><D122/><U99/><E85/><V33/><F7/><W119/><G72/><T117/><D117/><U22/><E68/><V1/><F33/><W96/><G96/><T51/><D111/><U74/><E74/><V103/><F103/><W107/><G107/><T12/><D127/><N who="1" m="48651" /><E26/><V50/><REACH who="2" step="1"/><F1/><REACH who="2" ten="250,250,240,250" step="2"/><W40/><G119/><T45/><D101/><U2/><E2/><V123/><F123/><W114/><G114/><T81/><D105/><U3/><E3/><V31/><F31/><W135/><G135/><T6/><D6/><U89/><E102/><V94/><F94/><W17/><G40/><T53/><D81/><U100/><E100/><V115/><F115/><W129/><G129/><T80/><D80/><U49/><AGARI ba="0,1" hai="0,5,9,22,23,49,52,58,89,93,99" m="48651" machi="49" ten="30,2000,0" yaku="18,1,54,1" doraHai="30" who="1" fromWho="1" sc="250,-10,250,30,240,-5,250,-5" /><INIT seed="1,0,0,1,1,10" ten="240,280,235,245" oya="1" hai0="129,28,55,71,27,65,62,61,121,52,12,134,75" hai1="30,9,29,107,105,102,41,99,66,25,93,82,2" hai2="110,23,50,18,114,44,106,124,4,83,40,131,119" hai3="24,51,15,95,39,31,73,13,133,45,94,49,20"/><U100/><E41/><V118/><F106/><W123/><G73/><T36/><D75/><U115/><E115/><V109/><F114/><W54/><G123/><T17/><D36/><U78/><E66/><V96/><F124/><W53/><G39/><T69/><D121/><U88/><E2/><V128/><F4/><W74/><G74/><T86/><D129/><N who="2" m="49738" /><F96/><W87/><G133/><T127/><D134/><U64/><E64/><V132/><F83/><W98/><G87/><T81/><D127/><U7/><E7/><V113/><F113/><W70/><G70/><T77/><D69/><U22/><E30/><V0/><F0/><W116/><G116/><N who="2" m="44585" /><F132/><W103/><G95/><T60/><D71/><U16/><E105/><V37/><F37/><W19/><G31/><T122/><D65/><U57/><E107/><V5/><F5/><W79/><G79/><T130/><D122/><U125/><E125/><V97/><F97/><W67/><G67/><T84/><D84/><N who="1" m="48215" /><E57/><AGARI ba="0,0" hai="13,15,19,20,24,45,49,51,53,54,57,94,98,103" machi="57" ten="30,7700,0" yaku="7,1,8,1,52,2" doraHai="10" who="3" fromWho="1" sc="240,0,280,-77,235,0,245,77" /><INIT seed="2,0,0,3,2,67" ten="240,203,235,322" oya="2" hai0="51,19,106,101,125,31,57,33,2,24,65,104,72" hai1="70,84,12,59,48,87,20,63,100,30,94,29,82" hai2="35,7,80,128,93,96,42,120,55,99,28,10,102" hai3="79,56,113,41,77,53,3,90,118,109,58,27,17"/><V85/><F128/><W5/><G118/><T4/><D125/><U88/><E70/><V14/><F120/><W43/><G109/><T62/><D72/><U95/><E48/><V135/><F135/><W46/><G113/><T45/><D19/><U127/><E127/><V83/><F35/><W134/><G134/><T9/><REACH who="0" step="1"/><D101/><REACH who="0" ten="230,203,235,322" step="2"/><U124/><E124/><V26/><F102/><W115/><G17/><T49/><D49/><U34/><E34/><V54/><F28/><W129/><G129/><T122/><D122/><U50/><E50/><V18/><F18/><W25/><G115/><T121/><D121/><U98/><E29/><V116/><F116/><W66/><G5/><T47/><D47/><U22/><E30/><V74/><F7/><W8/><G46/><T91/><D91/><N who="1" m="51607" /><E12/><V23/><F14/><W130/><G3/><T64/><D64/><AGARI ba="0,1" hai="20,22,59,63,64,87,88,94,95,98,100" m="51607" machi="64" ten="30,2000,0" yaku="8,1,54,1" doraHai="67" who="1" fromWho="0" sc="230,-20,203,30,235,0,322,0" /><INIT seed="3,0,0,5,4,125" ten="210,233,235,322" oya="3" hai0="23,129,80,51,60,77,55,65,122,24,111,76,31" hai1="91,114,5,131,96,61,104,28,94,19,68,35,123" hai2="72,14,45,88,11,9,8,79,26,54,108,90,1" hai3="4,20,84,15,118,18,40,32,33,82,7,63,47"/><W116/><G63/><T12/><D111/><U22/><E114/><V89/><F1/><W83/><G118/><T117/><D122/><U103/><E123/><V99/><F108/><W69/><G69/><T34/><D117/><U3/><E131/><V92/><F72/><W106/><G106/><T73/><D77/><U42/><E42/><V6/><F79/><W86/><G116/><T58/><D12/><U135/><E135/><V67/><F67/><W10/><G33/><T39/><D39/><U17/><E22/><V115/><F115/><W71/><G71/><T81/><D80/><N who="3" m="30761" /><G32/><T95/><D95/><U2/><E5/><N who="3" m="2122" /><G10/><N who="2" m="4201" /><F26/><W93/><G93/><T132/><D132/><U121/><E121/><V126/><F126/><W78/><G78/><T57/><REACH who="0" step="1"/><D34/><REACH who="0" ten="200,233,235,322" step="2"/><U101/><E2/><V119/><F119/><W21/><G21/><T102/><D102/><U74/><E3/><V97/><F92/><W56/><G20/><T59/><D59/><U53/><E74/><V100/><F100/><N who="1" m="38473" /><E104/><V48/><AGARI ba="0,1" hai="6,11,14,45,48,54,88,89,90,97,99" m="4201" machi="48" ten="30,2000,0" yaku="8,1,54,1" doraHai="125" who="2" fromWho="2" sc="200,-5,233,-5,235,30,322,-10" owari="195,-30.5,228,-17.2,265,6.5,312,41.2" /></mjloggm>