<mjloggm ver="2.3"><GO type="225" lobby="0"/><UN n0="%E6%B4%BE%E9%81%A3%E3%81%AE%E3%82%B8%E3%83%A3%E3%83%83%E3%82%AF" n1="%E7%99%BD%E6%97%A5%E9%9B%AA%E8%8F%9C" n2="%63%68%78%62%64" n3="%E5%8D%A0%E3%81%84%E5%B8%AB%E8%A3%8F%E3%81%AA%E3%81%84%E3%81%97" dan="17,16,16,16" rate="2190.92,2139.03,2149.29,2117.74" sx="M,M,M,M"/><TAIKYOKU oya="0"/><INIT seed="0,0,0,1,5,77" ten="250,250,250,250" oya="0" hai0="0,104,39,75,37,23,60,78,21,44,129,119,74" hai1="56,33,121,38,85,22,124,125,47,81,89,17,83" hai2="42,72,4,41,52,26,130,51,5,131,120,46,86" hai3="92,58,112,87,15,25,73,116,94,134,118,7,68"/><T128/><D119/><U67/><E121/><V16/><F72/><W40/><G73/><T10/><D104/><U8/><E33/><V1/><F120/><W76/><G68/><T27/><D60/><U110/><E110/><V61/><F1/><W71/><G71/><T55/><D55/><U127/><E8/><V107/><F107/><W80/><G112/><T69/><D69/><U108/><E108/><V30/><F61/><W66/><G134/><T48/><D74/><U65/><E56/><V123/><F123/><W35/><G66/><N who="1" m="25098" /><E47/><V102/><F102/><W101/><G101/><T93/><D93/><N who="1" m="54447" /><E38/><V32/><F86/><W50/><G58/><T64/><D64/><U6/><E6/><V9/><F5/><W106/><G106/><T34/><D34/><U122/><E122/><V57/><F42/><W14/><G118/><T117/><D117/><U63/><E63/><V114/><F114/><W59/><G59/><T28/><D75/><U132/><E132/><V2/><REACH who="2" step="1"/><F16/><REACH who="2" ten="250,250,240,250" step="2"/><W126/><G116/><T70/><D0/><U133/><E133/><V36/><AGARI ba="0,1" hai="2,4,9,26,30,32,36,41,46,51,52,57,130,131" machi="36" ten="30,7900,0" yaku="1,1,2,1,0,1,54,1,53,0" doraHai="77" doraHaiUra="115" who="2" fromWho="2" sc="250,-39,250,-20,240,89,250,-20" /><INIT seed="1,0,0,5,3,44" ten="211,230,329,230" oya="1" hai0="113,116,48,28,109,15,77,89,124,69,61,108,29" hai1="58,110,52,134,23,33,51,84,67,135,130,42,39" hai2="112,98,64,21,55,18,97,87,78,17,3,66,32" hai3="63,27,76,35,85,47,6,12,120,74,92,31,102"/><U96/><E33/><V41/><F3/><W10/><G120/><T11/><D113/><U119/><E119/><V9/><F112/><W13/><G74/><T121/><D77/><U70/><E130/><V73/><F73/><W86/><G13/><T37/><D37/><U90/><E96/><V56/><F32/><W94/><G102/><T30/><D116/><U68/><E110/><N who="0" m="42601" /><D89/><U126/><E126/><V5/><F41/><W7/><G7/><N who="0" m="3583" /><D124/><U45/><E23/><V34/><F34/><W93/><G76/><T71/><D121/><U83/><REACH who="1" step="1"/><E67/><REACH who="1" ten="211,220,329,230" step="2"/><V111/><F66/><W0/><G35/><T104/><D104/><U132/><AGARI ba="0,1" hai="39,42,45,51,52,58,68,70,83,84,90,132,134,135" machi="132" ten="30,18000,2" yaku="1,1,2,1,0,1,20,1,52,1,54,1,53,0" doraHai="44" doraHaiUra="107" who="1" fromWho="1" sc="211,-60,220,190,329,-60,230,-60" /><INIT seed="1,1,0,0,0,120" ten="151,410,269,170" oya="1" hai0="74,8,68,54,105,47,130,129,52,79,57,50,31" hai1="36,80,30,40,61,42,118,15,35,66,90,64,81" hai2="98,0,113,17,12,116,127,3,71,14,109,9,106" hai3="117,13,38,122,27,51,132,37,121,53,7,91,125"/><U112/><E112/><V67/><F116/><W60/><G117/><T26/><D105/><U59/><E118/><V77/><F109/><W103/><G125/><T72/><D68/><U65/><E35/><V102/><F127/><W18/><G132/><T104/><D104/><U82/><E30/><V115/><F77/><W134/><G134/><T89/><D89/><U92/><E15/><V4/><F14/><W34/><G103/><T84/><D84/><U126/><E126/><V73/><F73/><W100/><G100/><T88/><D88/><U76/><E76/><V124/><F124/><W58/><G38/><T11/><D74/><U83/><N who="1" m="20480" /><DORA hai="70" /><U63/><E36/><V43/><F43/><N who="1" m="16425" /><E59/><V97/><F97/><AGARI ba="1,0" hai="61,63,64,65,66,90,92,97" m="16425,20480" machi="97" ten="50,2400,0" yaku="8,1" doraHai="120,70" who="1" fromWho="2" sc="151,0,410,27,269,-27,170,0" /><INIT seed="1,2,0,2,5,97" ten="151,437,242,170" oya="1" hai0="57,130,34,123,115,38,11,127,98,134,13,84,9" hai1="28,82,20,12,95,68,78,90,40,59,14,8,75" hai2="17,125,132,27,45,65,55,44,46,113,36,76,135" hai3="67,80,19,15,53,56,111,1,91,119,122,126,18"/><U81/><E68/><V54/><F113/><W73/><G122/><T120/><D38/><U29/><E40/><V74/><F36/><W30/><G1/><T2/><D115/><U32/><E32/><V128/><F128/><W106/><G111/><T83/><D130/><U7/><E59/><V5/><F5/><W129/><G129/><T52/><D127/><U42/><E42/><V117/><F117/><W118/><G126/><T116/><D34/><U50/><E50/><V124/><F65/><W4/><G106/><T114/><D114/><U49/><E49/><V86/><F74/><W112/><G30/><T63/><D116/><N who="3" m="44585" /><G67/><T102/><D134/><N who="2" m="51242" /><F86/><N who="3" m="50631" /><G73/><T87/><D2/><U72/><E72/><V61/><F76/><W110/><G110/><T16/><D9/><U121/><E121/><N who="0" m="46665" /><D83/><U35/><E81/><V77/><F77/><W88/><G112/><T51/><D51/><U92/><E78/><V6/><F6/><W24/><G4/><T131/><D131/><U66/><E7/><V109/><F109/><W89/><G24/><T41/><D41/><U96/><E75/><V101/><F125/><W71/><G71/><T105/><AGARI ba="2,0" hai="11,13,16,52,57,63,84,87,98,102,105" m="46665" machi="105" ten="30,7900,0" yaku="13,1,52,1,54,2" doraHai="97" who="0" fromWho="0" sc="151,85,437,-41,242,-22,170,-22" /><INIT seed="2,0,0,0,3,40" ten="236,396,220,148" oya="2" hai0="16,51,6,12,66,82,24,91,71,27,117,15,70" hai1="28,114,10,33,112,127,110,45,130,69,67,95,17" hai2="104,77,64,9,113,2,122,39,11,90,31,36,100" hai3="4,131,76,120,48,59,79,56,81,124,89,74,53"/><V97/><F122/><W50/><G120/><T85/><D117/><U111/><E127/><V107/><F113/><W134/><G124/><T43/><D70/><U22/><E130/><V73/><F107/><W106/><G131/><T5/><D66/><U62/><E95/><V38/><F31/><W54/><G134/><T21/><D71/><U63/><E63/><V47/><F64/><W29/><G106/><T83/><D83/><U34/><E10/><V94/><F2/><W60/><G4/><N who="0" m="1643" /><D15/><N who="1" m="9535" /><E45/><AGARI ba="0,0" hai="12,16,21,24,27,43,45,51,82,85,91" m="1643" machi="45" ten="30,3900,0" yaku="8,1,52,1,54,1" doraHai="40" who="0" fromWho="1" sc="236,39,396,-39,220,0,148,0" /><INIT seed="3,0,0,3,2,21" ten="275,357,220,148" oya="3" hai0="108,53,66,3,22,83,12,73,70,51,77,13,19" hai1="42,59,81,68,67,52,79,23,74,11,62,24,96" hai2="85,94,33,116,78,63,91,4,118,17,89,56,41" hai3="92,10,128,55,112,6,39,134,28,27,99,113,80"/><W30/><G39/><T2/><D108/><U100/><E42/><V14/><F33/><W122/><G122/><T135/><D135/><U8/><E68/><V43/><F4/><W29/><G134/><T120/><D120/><U109/><E52/><N who="2" m="34183" /><F118/><W26/><G128/><T65/><D13/><U71/><E71/><V114/><F78/><W127/><G127/><T111/><D111/><U61/><E62/><V125/><F116/><W16/><G80/><T45/><D70/><U72/><E72/><V121/><F121/><W106/><G106/><T46/><D46/><U117/><E117/><V50/><F114/><W123/><G123/><T60/><D60/><U36/><E36/><V90/><F125/><W126/><G126/><T84/><D73/><U37/><E37/><V101/><F50/><W98/><G112/><T40/><D40/><N who="2" m="15434" /><F101/><N who="3" m="60615" /><G113/><T44/><D44/><U0/><E0/><V15/><F15/><N who="3" m="7287" /><G6/><T115/><D115/><U32/><E32/><V97/><F85/><W86/><G86/><T119/><D119/><U107/><E109/><V133/><F133/><W54/><G99/><T7/><D2/><U5/><E5/><V58/><F58/><W76/><G76/><T75/><D75/><U132/><E132/><V38/><F38/><W34/><G34/><T31/><D3/><U124/><E124/><V88/><F91/><W69/><G69/><T48/><D7/><U25/><E107/><V49/><F49/><W131/><G131/><T82/><D51/><U110/><E110/><V130/><F130/><W18/><G26/><N who="0" m="16855" /><D82/><U64/><E81/><V47/><F47/><RYUUKYOKU ba="0,0" sc="275,10,357,-30,220,10,148,10" hai0="12,19,45,48,53,65,66,77,83,84" hai2="14,17,88,89,90,94,97" hai3="18,27,28,29,30,54,55" /><INIT seed="3,1,0,0,1,29" ten="285,327,230,158" oya="3" hai0="63,105,28,110,40,11,104,101,50,35,0,16,52" hai1="8,13,72,75,90,95,85,116,42,129,66,58,25" hai2="94,9,80,48,88,67,131,107,23,83,30,57,120" hai3="115,82,21,43,135,24,10,59,118,102,106,65,84"/><W18/><G115/><T12/><D110/><U4/><E129/><V73/><F107/><W6/><G118/><T111/><D111/><U70/><E70/><V31/><F131/><W68/><G135/><T3/><D40/><U64/><E116/><V46/><F120/><W127/><G127/><T38/><D38/><U71/><E71/><V7/><F73/><W99/><G43/><T1/><D63/><U108/><E108/><V126/><F126/><W91/><G68/><T89/><D89/><U14/><E42/><N who="2" m="24663" /><F7/><W39/><G39/><T86/><D86/><U93/><E25/><N who="2" m="16703" /><F31/><W133/><G133/><T125/><D125/><U32/><E32/><V62/><F9/><W134/><G134/><T109/><D109/><U53/><E75/><V41/><F41/><W96/><G96/><AGARI ba="1,0" hai="57,62,67,80,83,88,94,96" m="16703,24663" machi="96" ten="30,2000,0" yaku="8,1,54,1" doraHai="29" who="2" fromWho="3" sc="285,0,327,0,230,23,158,-23" owari="285,8.5,327,42.7,253,-14.7,135,-36.5" /></mjloggm>