<mjloggm ver="2.3"><GO type="225" lobby="0"/><UN n0="%E3%83%81%E3%83%83%E3%82%BF%E3%82%BD%E3%83%BC" n1="%79%75%72%69%6D%6F%67" n2="%E3%82%A2%E3%83%A1%E3%82%A2%E3%83%A9%E3%83%AC" n3="%E3%81%BF%E3%81%BF%E3%81%9A" dan="17,16,16,18" rate="2192.68,2151.10,2161.66,2234.31" sx="F,F,M,M"/><TAIKYOKU oya="0"/><INIT seed="0,0,0,1,4,9" ten="250,250,250,250" oya="0" hai0="78,65,112,15,83,52,10,122,24,44,126,94,67" hai1="108,21,89,41,45,20,61,6,134,113,50,55,23" hai2="38,86,72,104,77,102,85,35,53,60,29,32,127" hai3="119,14,80,100,3,59,18,91,114,51,7,27,133"/><T81/><D126/><U109/><E108/><V88/><F38/><W98/><G114/><T70/><D112/><U96/><E134/><V75/><F127/><W54/><G119/><T48/><D122/><U34/><E34/><V110/><F110/><W5/><G3/><T117/><D117/><U28/><E109/><V101/><F29/><W58/><G27/><T128/><D128/><U129/><E129/><V57/><F85/><N who="3" m="50599" /><G133/><T69/><D24/><U56/><E6/><N who="3" m="2058" /><G100/><T71/><D94/><N who="1" m="56399" /><E113/><V12/><F102/><W40/><G40/><T99/><D99/><U63/><E63/><V8/><F101/><W125/><G125/><T43/><D43/><U4/><E4/><V19/><F104/><W111/><G111/><T120/><D120/><U82/><E82/><V130/><F130/><W68/><G68/><T79/><D83/><U105/><E105/><V62/><F77/><W11/><G98/><T90/><D90/><U87/><E87/><V16/><F75/><W66/><G66/><T95/><D95/><U26/><AGARI ba="0,0" hai="20,21,23,26,28,41,45,50,55,56,61" m="56399" machi="26" ten="30,1100,0" yaku="8,1" doraHai="9" who="1" fromWho="1" sc="250,-5,250,11,250,-3,250,-3" /><INIT seed="1,0,0,3,4,80" ten="245,261,247,247" oya="1" hai0="112,84,2,131,98,32,57,134,71,132,78,115,120" hai1="91,114,135,38,90,85,36,105,22,64,116,97,101" hai2="29,15,99,102,27,130,49,37,50,23,121,96,55" hai3="94,17,40,128,106,82,93,33,9,3,77,109,113"/><U76/><E114/><V107/><F121/><W133/><G113/><T31/><D71/><U35/><E35/><V21/><F37/><W54/><G106/><T43/><D2/><U24/><E116/><V83/><F130/><W125/><G33/><T5/><D5/><U75/><E91/><V86/><F99/><W61/><G128/><T104/><D131/><U11/><E135/><N who="0" m="51753" /><D43/><U118/><E118/><V53/><F15/><N who="3" m="7407" /><G3/><T103/><D120/><U89/><E89/><V73/><F73/><W30/><G133/><T58/><D112/><U25/><E25/><V63/><F21/><W122/><G109/><T45/><D45/><U79/><E64/><V72/><F72/><W70/><G70/><T88/><D78/><U126/><E11/><V95/><F107/><W14/><G40/><T16/><D16/><N who="1" m="12359" /><E79/><N who="2" m="46463" /><F53/><W26/><G14/><T13/><D13/><U47/><E47/><V87/><F87/><N who="3" m="48591" /><G122/><T129/><D129/><U46/><E46/><V100/><F102/><W117/><G117/><T8/><D8/><U119/><E119/><V59/><AGARI ba="0,0" hai="23,27,29,49,50,55,59,63,95,96,100" m="46463" machi="59" ten="30,2000,0" yaku="8,1,52,1" doraHai="80" who="2" fromWho="2" sc="245,-5,261,-10,247,20,247,-5" /><INIT seed="2,0,0,4,1,16" ten="240,251,267,242" oya="2" hai0="47,108,43,101,109,0,51,91,89,65,6,34,54" hai1="28,130,70,40,57,122,20,76,1,27,38,66,105" hai2="117,59,17,100,21,132,44,56,13,78,10,60,71" hai3="12,46,9,25,50,129,121,5,64,87,72,123,112"/><V85/><F117/><W23/><G72/><T15/><D0/><U114/><E105/><V68/><F132/><W48/><G129/><T26/><D101/><U111/><E114/><V2/><F100/><W118/><G118/><T67/><D43/><U120/><E1/><V88/><F78/><W128/><G112/><T4/><D34/><U14/><E111/><N who="0" m="42569" /><D26/><U84/><E70/><V86/><F86/><W42/><G128/><T32/><D32/><U24/><E14/><V125/><F125/><W126/><G126/><T95/><D89/><U92/><E40/><V18/><F44/><W73/><G73/><T22/><D4/><U45/><E45/><V80/><F56/><W82/><G50/><T55/><D55/><U127/><E38/><V8/><F8/><W36/><G64/><T77/><D77/><U124/><E27/><V37/><F37/><W3/><G3/><T63/><D63/><N who="1" m="38255" /><E92/><V135/><F135/><W102/><G102/><T97/><D6/><U103/><E103/><V104/><F104/><W58/><G36/><T31/><D31/><U107/><E107/><V53/><F2/><W134/><G134/><T39/><D39/><U133/><E133/><V116/><F116/><W29/><G58/><T110/><N who="0" m="42577" /><T74/><DORA hai="49" /><D74/><U61/><E130/><V79/><F79/><AGARI ba="0,0" hai="5,9,12,23,25,29,42,46,48,79,82,87,121,123" machi="79" ten="30,7700,0" yaku="7,1,25,2,52,1" doraHai="16,49" who="3" fromWho="2" sc="240,0,251,0,267,-77,242,77" /><INIT seed="3,0,0,0,2,76" ten="240,251,190,319" oya="3" hai0="44,56,1,71,74,80,9,57,31,123,96,78,75" hai1="103,12,81,99,73,8,30,122,59,53,62,134,110" hai2="21,29,86,120,133,68,83,52,25,6,28,60,11" hai3="106,94,63,129,58,92,124,26,107,61,98,135,36"/><W91/><G36/><T117/><D123/><U87/><E110/><V40/><F133/><W79/><G135/><T119/><D71/><U72/><E30/><V116/><F116/><W18/><G129/><T97/><D74/><U131/><E131/><V13/><F120/><W48/><G124/><T85/><D31/><U20/><E20/><V95/><F95/><W37/><G37/><T127/><D127/><U38/><E38/><V111/><F111/><W3/><G3/><T14/><D1/><U4/><E122/><V27/><F40/><W77/><G107/><T16/><D44/><U89/><REACH who="1" step="1"/><E134/><REACH who="1" ten="240,241,190,319" step="2"/><V0/><F0/><W47/><G26/><N who="2" m="9737" /><F21/><W19/><G106/><AGARI ba="0,1" hai="4,8,12,53,59,62,72,73,81,87,89,99,103,106" machi="106" ten="30,3900,0" yaku="1,1,7,1,52,1,53,0" doraHai="76" doraHaiUra="125" who="1" fromWho="3" sc="240,0,241,49,190,0,319,-39" /><INIT seed="4,0,0,0,1,90" ten="240,290,190,280" oya="0" hai0="18,2,42,59,40,37,80,58,44,94,88,75,54" hai1="17,81,110,24,38,28,91,114,85,76,45,78,86" hai2="109,29,129,27,103,33,130,25,4,55,46,77,82" hai3="67,22,102,30,92,100,126,113,36,123,72,43,127"/><T62/><D2/><U133/><E110/><V121/><F109/><W41/><G72/><T84/><D40/><U53/><E133/><V68/><F121/><W135/><G135/><T93/><D75/><U96/><E38/><V10/><F68/><W50/><G36/><T9/><D58/><U48/><E17/><V69/><F69/><W52/><G67/><T16/><D18/><U118/><E118/><V39/><F103/><N who="3" m="39467" /><G92/><T35/><D35/><U26/><E96/><V73/><F27/><N who="1" m="10281" /><E114/><V132/><F55/><W98/><G98/><T107/><REACH who="0" step="1"/><D107/><REACH who="0" ten="230,290,190,280" step="2"/><U106/><E106/><V128/><F132/><W15/><G30/><T31/><D31/><U64/><E28/><V66/><F66/><W1/><G1/><T34/><D34/><U47/><E64/><V125/><F125/><N who="3" m="47627" /><G113/><T61/><D61/><U87/><E78/><V83/><F83/><W57/><G123/><T12/><AGARI ba="0,1" hai="9,12,16,37,42,44,54,59,62,80,84,88,93,94" machi="12" ten="30,18000,2" yaku="1,1,0,1,52,2,54,2,53,0" doraHai="90" doraHaiUra="74" who="0" fromWho="0" sc="230,190,290,-60,190,-60,280,-60" owari="420,52.0,230,3.0,130,-37.0,220,-18.0" /></mjloggm>