<mjloggm ver="2.3"><GO type="225" lobby="0"/><UN n0="%E3%83%88%E3%83%A9%E3%83%9E%E3%83%AB" n1="%72%61%6B%33" n2="%E3%81%A8%E3%82%93%E3%81%A8%E3%81%93%E3%81%A8%E3%82%93" n3="%28%EF%BF%A3%E2%96%BD%EF%BF%A3%29%CE%B4%E2%8C%92%E3%83%BB" dan="16,16,16,16" rate="2091.16,2102.91,2072.50,2144.74" sx="M,M,M,M"/><TAIKYOKU oya="0"/><INIT seed="0,0,0,5,3,3" ten="250,250,250,250" oya="0" hai0="132,22,88,108,63,53,7,12,28,95,59,33,51" hai1="80,49,82,127,135,68,58,42,113,5,32,67,89" hai2="74,20,107,36,4,54,115,35,128,50,93,133,48" hai3="121,27,125,78,98,0,10,66,106,102,31,40,62"/><T60/><D132/><U57/><E32/><V94/><F35/><W70/><G78/><T79/><D33/><U109/><E109/><V75/><F115/><W45/><G125/><T17/><D108/><U29/><E29/><V46/><F107/><W16/><G121/><T38/><D38/><U65/><E68/><V87/><F36/><W1/><G10/><N who="0" m="4191" /><D28/><U56/><E127/><V116/><F128/><W123/><G123/><T129/><D79/><U118/><E118/><V19/><F133/><W130/><G130/><T81/><D81/><U23/><E113/><V111/><F111/><W9/><G9/><T39/><D39/><U91/><E23/><V90/><F116/><W11/><G11/><T85/><D129/><U131/><E131/><V97/><F50/><W30/><G30/><T119/><D119/><U110/><E110/><V134/><F134/><W47/><G16/><T83/><D83/><U76/><E135/><V43/><F4/><W86/><G86/><T71/><D71/><U2/><E5/><V84/><F74/><W24/><G24/><AGARI ba="0,0" hai="17,22,24,51,53,59,60,63,85,88,95" m="4191" machi="24" ten="30,5800,0" yaku="8,1,52,1,54,1" doraHai="3" who="0" fromWho="3" sc="250,58,250,0,250,0,250,-58" /><INIT seed="0,1,0,4,4,62" ten="308,250,250,192" oya="0" hai0="97,109,124,4,38,74,11,43,102,128,32,88,41" hai1="30,13,49,20,118,14,2,46,119,86,70,63,3" hai2="0,61,93,100,33,31,92,50,71,105,51,57,104" hai3="36,35,99,90,64,132,129,24,76,133,7,21,55"/><T111/><D74/><U42/><E86/><V77/><F0/><W72/><G36/><T28/><D124/><U89/><E89/><V116/><F77/><W79/><G35/><T22/><D32/><U10/><E2/><V8/><F116/><W65/><G7/><T107/><D128/><U87/><E87/><V34/><F8/><W94/><G129/><T26/><D38/><U134/><E3/><V96/><F71/><W121/><G121/><T108/><REACH who="0" step="1"/><D88/><REACH who="0" ten="298,250,250,192" step="2"/><U115/><E119/><V113/><F34/><W80/><G76/><T95/><D95/><U29/><E118/><V84/><F92/><W53/><G53/><T112/><D112/><U135/><E115/><V59/><F113/><W120/><G120/><T52/><D52/><U75/><E75/><V9/><F33/><W27/><G55/><T6/><D6/><U5/><E5/><V73/><F73/><W68/><G68/><T78/><D78/><U85/><E70/><V18/><F93/><W106/><G106/><T69/><D69/><U82/><E85/><V67/><F84/><W83/><G83/><T101/><D101/><U117/><E82/><V125/><F105/><W23/><G133/><T60/><D60/><U114/><E63/><N who="2" m="38383" /><F125/><W17/><REACH who="3" step="1"/><G132/><REACH who="3" ten="298,250,250,182" step="2"/><T126/><D126/><U130/><E130/><V58/><F104/><W54/><G54/><T39/><D39/><U66/><E117/><V37/><F37/><W110/><G110/><T40/><D40/><N who="1" m="24775" /><E135/><V127/><F127/><W131/><G131/><T47/><D47/><U48/><E134/><V122/><F122/><W25/><G25/><RYUUKYOKU ba="1,2" sc="298,15,250,-15,250,-15,182,15" hai0="4,11,22,26,28,41,43,97,102,107,108,109,111" hai3="17,21,23,24,27,64,65,72,79,80,90,94,99" /><INIT seed="0,2,2,4,5,128" ten="313,235,235,197" oya="0" hai0="123,42,77,119,5,115,103,94,100,99,56,22,10" hai1="74,2,86,118,26,125,73,50,117,129,49,44,80" hai2="91,4,24,57,13,107,58,48,87,47,33,59,18" hai3="111,106,79,71,97,38,101,104,7,23,75,36,78"/><T96/><D115/><U130/><E2/><V133/><F107/><W54/><G111/><T39/><D119/><U92/><E26/><V55/><F4/><W76/><G71/><T134/><D123/><U35/><E35/><V116/><F116/><N who="1" m="44649" /><E50/><V46/><F133/><W12/><G75/><T51/><D39/><U15/><E15/><V9/><F33/><W29/><G106/><T52/><D42/><U17/><E17/><V53/><F24/><W126/><G126/><T108/><D108/><U84/><E125/><V19/><F18/><W20/><G29/><T31/><D77/><N who="1" m="46095" /><E49/><N who="2" m="28855" /><F57/><W121/><G121/><T64/><D64/><U135/><E44/><V8/><F9/><W16/><G7/><T127/><D127/><U45/><E45/><V82/><AGARI ba="2,2" hai="8,13,19,47,48,55,58,59,82,87,91" m="28855" machi="82" ten="30,2000,0" yaku="25,1,8,1" doraHai="128" who="2" fromWho="2" sc="313,-12,235,-7,235,46,197,-7" /><INIT seed="1,0,0,3,2,7" ten="301,228,281,190" oya="1" hai0="121,114,67,55,81,49,105,68,135,32,123,88,63" hai1="33,23,71,75,47,129,11,4,46,133,20,12,103" hai2="128,0,117,102,84,72,64,17,66,112,54,1,50" hai3="43,61,78,77,125,40,87,10,89,109,116,96,8"/><U83/><E129/><V101/><F72/><W19/><G109/><T65/><D105/><U93/><E133/><V91/><F117/><W60/><G96/><T104/><D104/><U45/><E33/><V35/><F35/><W122/><G125/><T6/><D32/><U107/><E71/><V130/><F17/><W94/><G122/><T134/><D114/><U26/><E107/><V97/><F112/><W21/><G116/><T62/><D6/><U27/><E75/><V39/><F39/><W86/><G61/><T115/><D88/><U16/><E83/><V111/><F111/><W41/><G60/><T119/><D81/><U38/><E38/><V28/><F28/><W108/><G108/><T118/><D115/><U57/><E57/><V18/><F18/><W120/><G120/><N who="0" m="46155" /><D119/><U95/><E103/><V85/><F91/><W52/><G52/><T37/><D37/><U51/><E51/><V98/><F50/><W9/><G86/><T42/><D42/><U34/><E34/><V3/><F0/><W25/><AGARI ba="0,0" hai="8,9,10,19,21,25,40,41,43,77,78,87,89,94" machi="25" ten="30,8000,1" yaku="0,1,8,1,52,3" doraHai="7" who="3" fromWho="3" sc="301,-20,228,-40,281,-20,190,80" /><INIT seed="2,0,0,1,3,24" ten="281,188,261,270" oya="2" hai0="22,33,123,127,109,47,65,107,115,72,1,88,68" hai1="114,10,76,38,95,106,104,46,97,94,119,34,117" hai2="19,103,77,57,105,31,100,54,6,28,112,71,87" hai3="111,59,27,44,129,51,92,80,84,70,99,89,11"/><V16/><F71/><W4/><G70/><T116/><RYUUKYOKU type="yao9" ba="0,0" sc="281,0,188,0,261,0,270,0" hai0="1,22,33,47,65,68,72,88,107,109,115,116,123,127" /><INIT seed="2,1,0,3,4,94" ten="281,188,261,270" oya="2" hai0="132,2,51,31,66,61,104,111,16,57,128,9,20" hai1="82,97,7,48,91,118,100,36,122,3,103,121,37" hai2="52,14,74,98,69,135,43,78,93,32,115,63,34" hai3="107,96,44,133,47,59,11,85,86,92,109,0,8"/><V56/><F115/><W124/><G107/><T125/><D111/><U120/><E118/><V38/><F135/><W131/><G133/><T21/><D132/><U119/><E119/><V112/><F112/><W90/><G124/><T13/><D104/><U58/><E3/><V65/><F78/><W28/><G131/><T108/><D108/><U15/><E7/><V76/><F76/><W40/><G0/><T114/><D114/><U80/><E15/><V73/><F14/><W79/><G109/><T129/><D125/><U29/><E29/><V46/><F74/><W117/><G28/><T110/><D110/><U105/><E103/><V17/><F17/><W41/><G59/><T42/><D2/><U70/><E70/><V22/><F22/><W54/><G54/><T126/><D126/><U23/><E23/><V60/><F73/><W123/><G123/><T106/><D106/><U19/><E19/><V71/><F69/><W1/><G1/><T55/><D42/><N who="3" m="16489" /><G79/><T89/><D31/><U102/><E102/><AGARI ba="1,0" hai="32,34,38,43,46,52,56,60,63,65,71,93,98,102" machi="102" ten="30,5800,0" yaku="7,1,52,1,54,1" doraHai="94" who="2" fromWho="1" sc="281,0,188,-61,261,61,270,0" /><INIT seed="2,2,0,2,3,119" ten="281,127,322,270" oya="2" hai0="78,80,114,21,8,84,71,87,116,2,6,63,41" hai1="36,34,29,117,51,31,59,81,75,38,112,73,10" hai2="46,62,61,53,99,39,16,126,50,33,134,43,15" hai3="115,11,94,76,27,4,52,110,111,128,133,90,77"/><V13/><F33/><W35/><G128/><T37/><D114/><U118/><E51/><V107/><F134/><W26/><G133/><T19/><D116/><U54/><E59/><V7/><F126/><W22/><G35/><T92/><D71/><U47/><E34/><V25/><F25/><W108/><G115/><T122/><D122/><U69/><E112/><V130/><F130/><W125/><G125/><T0/><D0/><U132/><E132/><V60/><F7/><W9/><G52/><T1/><D1/><U44/><E81/><V124/><F124/><W79/><G4/><T72/><D92/><U135/><E135/><V12/><F99/><W56/><G56/><T55/><D55/><U70/><REACH who="1" step="1"/><E54/><REACH who="1" ten="281,117,322,270" step="2"/><V30/><F39/><W18/><REACH who="3" step="1"/><G27/><REACH who="3" ten="281,117,322,260" step="2"/><N who="0" m="14783" /><D63/><U74/><E74/><V103/><F53/><W5/><G5/><T127/><D127/><U14/><E14/><V57/><F57/><W66/><G66/><T32/><D32/><U131/><E131/><V24/><F61/><W100/><G100/><T89/><D41/><U97/><E97/><AGARI ba="2,2" hai="9,11,18,22,26,76,77,79,90,94,97,108,110,111" machi="97" ten="50,3200,0" yaku="1,1,14,1,53,0" doraHai="119" doraHaiUra="96" who="3" fromWho="1" sc="281,0,117,-38,322,0,260,58" /><INIT seed="3,0,0,4,2,90" ten="281,79,322,318" oya="3" hai0="53,64,116,92,117,75,124,130,43,71,79,11,54" hai1="41,61,68,28,58,88,17,40,131,85,0,81,111" hai2="8,52,73,32,36,132,96,95,120,100,55,57,127" hai3="65,27,31,29,86,70,15,66,12,22,87,16,122"/><W89/><G122/><T39/><D124/><U108/><E0/><V59/><F73/><W13/><G86/><T2/><D130/><U115/><E115/><V56/><F32/><W76/><G76/><T107/><D107/><U99/><E131/><V69/><F69/><W72/><G72/><T114/><D114/><U3/><E68/><V97/><F36/><W30/><G70/><T67/><D71/><U14/><E3/><V35/><F35/><W38/><G38/><T125/><D125/><U74/><E74/><V37/><F37/><W21/><G21/><T49/><D54/><U26/><E99/><N who="2" m="59519" /><F127/><W23/><G23/><T133/><D133/><U129/><E129/><V50/><F132/><W51/><G51/><T83/><D117/><U33/><E111/><V78/><F120/><W18/><G18/><T60/><D60/><U91/><E108/><V126/><F126/><W134/><G134/><T34/><D34/><U46/><E91/><V119/><F119/><W4/><G4/><T80/><D80/><AGARI ba="0,0" hai="12,13,15,16,22,27,29,30,31,65,66,80,87,89" machi="80" ten="40,3900,0" yaku="8,1,54,1" doraHai="90" who="3" fromWho="0" sc="281,-39,79,0,322,0,318,39" owari="242,-15.8,79,-42.1,322,12.2,357,45.7" /></mjloggm>