<mjloggm ver="2.3"><GO type="225" lobby="0"/><UN n0="%E3%81%B8%E3%82%80%E3%81%B8%E3%82%80%EF%BC%92%E5%8F%B7" n1="%72%61%6B%33" n2="%E6%80%AA%E3%81%97%E3%81%99%E3%81%8E%E3%82%8B%E3%83%81%E3%83%BC" n3="%E3%83%AD%E3%83%83%E3%83%86%E9%9B%80%E7%90%83" dan="17,16,16,17" rate="2205.17,2200.00,2194.56,2185.89" sx="M,M,M,M"/><TAIKYOKU oya="0"/><INIT seed="0,0,0,2,3,1" ten="250,250,250,250" oya="0" hai0="39,83,68,2,58,105,87,77,12,80,125,29,104" hai1="76,107,6,50,43,84,122,49,133,95,70,108,115" hai2="90,61,54,24,117,31,65,112,40,88,47,17,56" hai3="96,78,111,94,33,109,41,4,134,25,75,21,131"/><T81/><D68/><U129/><E107/><V63/><F112/><W30/><G131/><T98/><D2/><U86/><E122/><V79/><F17/><W126/><G134/><T92/><D39/><U51/><E108/><N who="3" m="41546" /><G126/><T3/><D3/><U37/><E70/><V14/><F14/><W85/><G75/><T135/><D29/><U45/><E129/><V106/><F79/><W127/><G41/><T22/><D135/><U113/><E133/><V102/><F102/><W23/><G127/><T55/><D125/><U28/><E28/><V100/><F100/><N who="3" m="60439" /><G4/><T5/><D105/><U121/><E121/><V52/><F106/><W34/><G21/><T64/><D64/><U57/><E6/><V10/><F10/><W15/><G15/><T11/><D22/><U74/><E74/><V26/><F117/><W32/><G23/><T71/><D71/><U82/><E57/><N who="2" m="37039" /><F40/><W18/><G18/><T124/><D104/><U97/><REACH who="1" step="1"/><E84/><REACH who="1" ten="250,240,250,250" step="2"/><V8/><F31/><W9/><G85/><T19/><D19/><U0/><E0/><V91/><F8/><W35/><G9/><T7/><D7/><U123/><E123/><V42/><F42/><W48/><G30/><T93/><D124/><U69/><E69/><V119/><F119/><W110/><G110/><T44/><D87/><U118/><E118/><V128/><F128/><W59/><G34/><T38/><D11/><U60/><E60/><V66/><F47/><W120/><G35/><T89/><D5/><U53/><E53/><AGARI ba="0,1" hai="24,26,52,53,54,56,63,66,88,90,91" m="37039" machi="53" ten="30,3900,0" yaku="8,1,54,2" doraHai="1" who="2" fromWho="1" sc="250,0,240,-39,250,49,250,0" /><INIT seed="1,0,0,4,1,113" ten="250,201,299,250" oya="1" hai0="5,22,122,57,41,63,61,103,2,19,90,133,102" hai1="59,37,47,123,6,107,117,9,105,3,49,99,24" hai2="58,80,132,51,110,112,70,96,93,131,101,11,8" hai3="88,54,13,45,128,127,25,52,62,50,43,53,77"/><U34/><E117/><V14/><F70/><W83/><G127/><T27/><D133/><U17/><E123/><V82/><F132/><W20/><G128/><T35/><D122/><U89/><E37/><V4/><F110/><W108/><G108/><T15/><D41/><U23/><E59/><V7/><F131/><W10/><G77/><T33/><D90/><U30/><E99/><V109/><F112/><W31/><G83/><T60/><D57/><U56/><E56/><V124/><F124/><W32/><G88/><T21/><D2/><U81/><E81/><V67/><F109/><W29/><G29/><T126/><D126/><U115/><E89/><V66/><F66/><W73/><G73/><T64/><D64/><U98/><E98/><V120/><F120/><W28/><G28/><T95/><D5/><U94/><E94/><V119/><F119/><W48/><G62/><T76/><D76/><U69/><E69/><V44/><F58/><N who="3" m="33031" /><G32/><T111/><D111/><U134/><E115/><V130/><F67/><W46/><G46/><T118/><D118/><U75/><E75/><V100/><F100/><W39/><G39/><T121/><D121/><U91/><E91/><V79/><F79/><W135/><G135/><T65/><D65/><U78/><E78/><V97/><F97/><W86/><G86/><T42/><D35/><U38/><E38/><V40/><REACH who="2" step="1"/><F130/><REACH who="2" ten="250,201,289,250" step="2"/><W129/><G129/><T55/><D103/><U85/><E134/><V74/><F74/><W1/><G1/><AGARI ba="0,1" hai="1,4,7,8,11,14,40,44,51,80,82,93,96,101" machi="1" ten="30,3900,0" yaku="1,1,7,1,53,1" doraHai="113" doraHaiUra="36" who="2" fromWho="3" sc="250,0,201,0,289,49,250,-39" /><INIT seed="2,0,0,3,3,61" ten="250,201,338,211" oya="2" hai0="13,18,123,14,46,110,120,116,95,55,44,4,58" hai1="29,0,19,62,93,63,100,86,21,94,81,103,10" hai2="73,47,70,129,132,16,96,45,53,36,82,57,115" hai3="127,42,111,79,15,102,114,6,74,133,117,52,89"/><V75/><F115/><W72/><G117/><T1/><D116/><U104/><E29/><V5/><F70/><W84/><G114/><T2/><D110/><U97/><E10/><V43/><F132/><W92/><G111/><T83/><D83/><U113/><E0/><V112/><F5/><W17/><G127/><T131/><D131/><U90/><E113/><V37/><F129/><W31/><G133/><T24/><D24/><U91/><E104/><V107/><F82/><W128/><G42/><T98/><D4/><U66/><E81/><V25/><F47/><W34/><G79/><T135/><D135/><U130/><E130/><V49/><F37/><W80/><G6/><T12/><D18/><U124/><E124/><V3/><F3/><W77/><G102/><N who="0" m="60767" /><D2/><U119/><E119/><V78/><F78/><W50/><G128/><T85/><D1/><U38/><E38/><V28/><F16/><W118/><G118/><T65/><D65/><U71/><REACH who="1" step="1"/><E63/><REACH who="1" ten="250,191,338,211" step="2"/><V121/><F112/><W11/><G31/><T39/><D39/><U134/><E134/><V23/><F121/><W106/><G106/><T64/><D120/><U68/><E68/><V88/><F107/><W99/><REACH who="3" step="1"/><G34/><REACH who="3" ten="250,191,338,201" step="2"/><T59/><D123/><U20/><E20/><V48/><F36/><W22/><G22/><T125/><D125/><U7/><E7/><V32/><F32/><W101/><G101/><T27/><D27/><AGARI ba="0,2" hai="19,21,27,62,66,71,86,90,91,93,94,97,100,103" machi="27" ten="30,3900,0" yaku="1,1,7,1,52,1,53,0" doraHai="61" doraHaiUra="109" who="1" fromWho="0" sc="250,-39,191,59,338,0,201,0" /><INIT seed="3,0,0,5,3,59" ten="211,250,338,201" oya="3" hai0="17,55,39,40,41,86,129,22,5,52,96,61,83" hai1="89,92,43,79,30,98,69,121,34,8,54,74,111" hai2="135,63,77,31,85,68,95,53,127,130,103,78,15" hai3="70,62,99,33,71,76,23,44,35,106,73,91,13"/><W6/><G44/><T82/><D129/><U16/><E16/><V75/><F127/><W28/><G76/><N who="0" m="46407" /><D39/><U20/><E89/><V120/><F135/><W109/><G109/><T25/><D5/><U132/><E79/><V56/><F68/><W45/><G73/><T116/><D116/><U32/><E92/><V81/><BYE who="1" /><F31/><W58/><G45/><T80/><D96/><U105/><E105/><V51/><F130/><W67/><G6/><T10/><D10/><U124/><E124/><V27/><F27/><W101/><G91/><T47/><D55/><U72/><E72/><V64/><F15/><W9/><G9/><T117/><D117/><U97/><E97/><N who="2" m="59839" /><F75/><W42/><G42/><N who="0" m="16491" /><D47/><U90/><E90/><N who="2" m="51503" /><F120/><W122/><G122/><T123/><D123/><U114/><E114/><V11/><F11/><W21/><G35/><T102/><D102/><U88/><E88/><V4/><F4/><W94/><G106/><T57/><AGARI ba="0,0" hai="17,22,25,52,57,61,80,83" m="16491,46407" machi="57" ten="30,4000,0" yaku="8,1,52,1,54,1" doraHai="59" who="0" fromWho="0" sc="211,40,250,-10,338,-10,201,-20" owari="251,5.1,240,-16.0,328,42.8,181,-31.9" /></mjloggm>