<mjloggm ver="2.3"><GO type="225" lobby="0"/><UN n0="%E3%82%A2%E3%83%A1%E3%82%A2%E3%83%A9%E3%83%AC" n1="%E6%A1%9C%E8%8A%B1%E9%96%83%E3%80%85" n2="%72%69%6F%75%63%68%61%6E" n3="%E3%81%93%E3%81%91%E6%A4%8D%E7%89%A9" dan="16,16,17,17" rate="2050.15,2123.91,2209.61,2134.87" sx="M,M,M,M"/><TAIKYOKU oya="0"/><INIT seed="0,0,0,1,3,3" ten="250,250,250,250" oya="0" hai0="80,133,90,83,106,13,110,57,107,79,89,123,47" hai1="129,120,68,37,108,42,64,104,97,73,39,21,51" hai2="99,78,81,48,4,41,18,19,34,128,95,116,38" hai3="14,119,56,7,50,17,126,125,22,122,102,131,8"/><T0/><D0/><U11/><E21/><V91/><F128/><W121/><G102/><T132/><D123/><N who="3" m="47113" /><G56/><T84/><D47/><N who="1" m="26103" /><E11/><V29/><F116/><W27/><G50/><T114/><D57/><U71/><E73/><V101/><F38/><W2/><G131/><T61/><D61/><U30/><E120/><V67/><F67/><W100/><G100/><T15/><D114/><U66/><E30/><V58/><F4/><W92/><G92/><T93/><D110/><U26/><E26/><V10/><F10/><N who="3" m="2423" /><G119/><T1/><D1/><U6/><E6/><AGARI ba="0,0" hai="6,8,14,17,22,27,125,126" m="2423,47113" machi="6" ten="30,8000,1" yaku="13,1,34,2,52,2" doraHai="3" who="3" fromWho="1" sc="250,0,250,-80,250,0,250,80" /><INIT seed="1,0,0,5,5,106" ten="250,170,250,330" oya="1" hai0="91,54,132,120,56,82,44,27,53,119,25,88,92" hai1="114,125,89,2,36,47,87,112,61,59,21,83,72" hai2="39,26,78,77,62,16,17,30,101,38,0,4,71" hai3="45,102,41,121,63,109,8,1,126,105,9,118,43"/><U34/><E34/><V31/><F101/><W74/><G74/><T66/><D132/><U3/><E125/><V6/><F62/><W128/><G128/><T129/><D119/><U104/><E104/><V96/><F96/><W84/><G126/><T117/><D117/><U40/><E21/><V29/><F71/><W52/><G121/><T116/><D129/><U135/><E135/><V98/><F98/><W107/><G102/><T51/><D116/><U23/><E23/><V42/><F26/><W60/><G84/><N who="0" m="50199" /><D66/><U64/><REACH who="1" step="1"/><E72/><REACH who="1" ten="250,160,250,330" step="2"/><V99/><F31/><W22/><G22/><T13/><D120/><U10/><E10/><V108/><F29/><W67/><G9/><T93/><D13/><U81/><E81/><V58/><F30/><W24/><G8/><T5/><D93/><U127/><E127/><V85/><F0/><AGARI ba="0,1" hai="0,2,3,36,40,47,59,61,64,83,87,89,112,114" machi="0" ten="40,2000,0" yaku="1,1,53,0" doraHai="106" doraHaiUra="50" who="1" fromWho="2" sc="250,0,160,30,250,-20,330,0" /><INIT seed="1,1,0,3,3,99" ten="250,190,230,330" oya="1" hai0="33,18,29,74,91,55,106,61,94,93,34,115,30" hai1="126,51,129,22,111,66,119,43,121,19,37,11,36" hai2="72,58,90,105,86,75,3,68,44,14,65,114,4" hai3="59,39,1,101,95,70,120,62,10,123,87,40,109"/><U131/><E119/><V45/><F68/><W83/><G70/><T7/><D106/><U54/><E121/><V50/><F114/><W60/><G60/><T130/><D74/><U23/><E126/><V81/><F3/><W127/><G127/><T17/><D7/><U100/><E66/><V9/><F105/><W0/><G109/><T8/><D115/><U134/><E134/><V110/><F110/><W89/><G1/><T76/><D76/><U118/><E118/><V77/><F44/><W57/><G57/><T6/><D130/><N who="1" m="49675" /><E43/><N who="2" m="24895" /><F90/><W38/><G40/><T97/><D34/><U31/><E111/><V49/><F49/><W56/><G56/><N who="0" m="34975" /><D94/><U47/><E100/><V79/><F77/><W92/><G101/><T132/><D33/><U122/><E122/><V84/><F84/><W80/><G95/><T85/><D85/><U69/><E69/><V98/><F98/><W124/><G83/><T133/><D133/><U48/><E48/><V2/><F2/><W112/><G80/><T5/><D5/><U67/><E67/><V25/><F25/><W135/><G135/><T107/><D107/><U32/><E32/><V27/><F27/><W12/><G0/><T73/><D73/><U88/><E88/><V64/><F64/><N who="3" m="39007" /><G124/><T13/><D132/><U117/><E117/><V78/><F79/><W26/><G123/><T96/><D97/><U82/><E82/><V63/><AGARI ba="1,0" hai="4,9,14,58,63,65,72,75,78,81,86" m="24895" machi="63" ten="30,1100,0" yaku="25,1" doraHai="99" who="2" fromWho="2" sc="250,-4,190,-6,230,14,330,-4" /><INIT seed="2,0,0,0,0,68" ten="246,184,244,326" oya="2" hai0="94,64,44,40,117,111,85,10,34,19,84,114,78" hai1="52,22,66,4,38,17,18,77,129,13,132,118,91" hai2="3,55,115,76,61,24,42,57,71,26,89,100,16" hai3="29,126,45,131,47,31,14,97,109,98,90,58,106"/><V93/><F115/><W60/><G109/><T96/><D111/><U101/><E118/><V124/><F124/><W72/><G72/><T133/><D133/><U70/><E132/><V0/><F71/><W123/><G123/><T73/><D34/><U9/><E129/><V41/><F76/><W105/><G14/><T116/><D114/><U102/><E77/><V103/><F0/><W49/><G131/><T8/><D64/><U81/><E38/><V30/><F3/><W32/><G32/><T110/><D73/><U79/><E91/><V43/><F16/><N who="1" m="6249" /><E70/><V12/><F12/><W46/><G49/><N who="0" m="26759" /><D19/><U135/><E66/><V134/><F134/><W54/><G126/><T127/><D110/><U82/><E22/><V108/><F108/><W53/><G90/><N who="0" m="55383" /><D78/><U95/><E135/><V125/><F125/><W15/><G15/><T99/><D127/><U48/><E95/><V88/><F89/><W1/><G1/><T7/><D117/><U113/><E113/><V39/><F39/><W67/><G106/><T23/><D23/><U104/><E104/><V65/><F65/><W80/><G105/><T69/><D69/><U122/><E122/><V21/><REACH who="2" step="1"/><F26/><REACH who="2" ten="246,184,234,326" step="2"/><W119/><G119/><T50/><D116/><U112/><E112/><V63/><F63/><W130/><G67/><T25/><D25/><U86/><E82/><V56/><F56/><AGARI ba="0,1" hai="4,9,13,48,52,56,79,81,86,101,102" m="6249" machi="56" ten="30,3900,0" yaku="8,1,54,2" doraHai="68" who="1" fromWho="2" sc="246,0,184,49,234,-39,326,0" /><INIT seed="3,0,0,4,0,76" ten="246,233,195,326" oya="3" hai0="89,75,115,63,66,104,101,85,53,79,2,94,9" hai1="126,61,3,81,51,112,121,77,56,47,103,20,70" hai2="62,92,71,74,49,38,18,83,40,31,28,11,90" hai3="82,65,109,42,23,54,46,105,99,95,60,123,100"/><W14/><G123/><T44/><D115/><U68/><E121/><V43/><F38/><W67/><G105/><T133/><D133/><U122/><E122/><V5/><F18/><W4/><G82/><N who="0" m="45439" /><D53/><U24/><E126/><V96/><F71/><W33/><G109/><T116/><D44/><U15/><E3/><V102/><F62/><W72/><G33/><T34/><D34/><U1/><E1/><V108/><F108/><W118/><G72/><T132/><D132/><U120/><E103/><V57/><F74/><W87/><G118/><T97/><D116/><U55/><E15/><V86/><F40/><W0/><G87/><T125/><D125/><U13/><E13/><V117/><F117/><W7/><G0/><T39/><D39/><U73/><E112/><V29/><F43/><W88/><G100/><T110/><D110/><U25/><E120/><V131/><F131/><W8/><G23/><T80/><D80/><U35/><E35/><V135/><F135/><W12/><G42/><T134/><D134/><U17/><E25/><V30/><N who="2" m="7168" /><DORA hai="37" /><V91/><F11/><N who="3" m="4199" /><G60/><T16/><D2/><U48/><E48/><AGARI ba="0,0" hai="7,8,14,46,48,54,65,67,88,95,99" m="4199" machi="48" ten="30,2900,0" yaku="8,1,54,1" doraHai="76,37" who="3" fromWho="1" sc="246,0,233,-29,195,0,326,29" owari="246,4.6,204,-19.6,195,-30.5,355,45.5" /></mjloggm>