<mjloggm ver="2.3"><GO type="225" lobby="0"/><UN n0="%E6%A1%9C%E8%8A%B1%E9%96%83%E3%80%85" n1="%E5%8D%A0%E3%81%84%E5%B8%AB%E8%A3%8F%E3%81%AA%E3%81%84%E3%81%97" n2="%41%54%53%4D" n3="%E3%83%B4%E3%83%A0%EF%BC%99%E3%81%A6" dan="17,17,16,17" rate="2173.98,2132.00,2114.69,2203.31" sx="M,M,M,M"/><TAIKYOKU oya="0"/><INIT seed="0,0,0,4,4,112" ten="250,250,250,250" oya="0" hai0="18,66,97,90,50,96,115,59,44,24,134,26,95" hai1="74,104,125,43,12,111,71,72,75,82,55,1,57" hai2="52,116,16,73,14,22,106,69,87,23,93,122,31" hai3="100,53,42,62,103,45,0,11,98,107,81,88,39"/><T132/><D115/><U99/><E1/><V131/><F73/><W113/><G113/><T80/><D97/><U56/><E111/><V40/><F106/><W124/><G124/><T117/><D80/><U94/><E71/><V30/><F69/><W15/><G0/><T110/><D110/><U76/><E104/><V28/><F122/><W4/><G100/><T70/><D70/><U54/><E43/><V91/><F131/><W89/><G62/><N who="0" m="38239" /><D18/><U114/><E114/><V21/><F116/><W67/><G67/><T109/><D117/><U36/><E36/><V129/><F129/><W49/><REACH who="3" step="1"/><G81/><REACH who="3" ten="250,250,250,240" step="2"/><T27/><D109/><U68/><E125/><V6/><F40/><W123/><G123/><T7/><D134/><U118/><E82/><V64/><F64/><W126/><G126/><T9/><D132/><U130/><E130/><V101/><F101/><W34/><G34/><T79/><D79/><U60/><E76/><V19/><F52/><W37/><G37/><T119/><D119/><U84/><E118/><V33/><F33/><W77/><G77/><T63/><D63/><U128/><E128/><V41/><F41/><W20/><G20/><T120/><D120/><U32/><E32/><V35/><F35/><W3/><G3/><T127/><D127/><U65/><E65/><V108/><F108/><W86/><G86/><T133/><D133/><U105/><E84/><V51/><F51/><W85/><G85/><T29/><D50/><N who="1" m="30807" /><E68/><V83/><F83/><W121/><G121/><T25/><N who="0" m="6144" /><DORA hai="47" /><T10/><D96/><U17/><E99/><V2/><F2/><RYUUKYOKU ba="0,1" sc="250,-15,250,-15,250,15,240,15" hai2="6,14,16,19,21,22,23,28,30,31,87,91,93" hai3="4,11,15,39,42,45,49,53,88,89,98,103,107" /><INIT seed="1,1,1,2,4,22" ten="235,235,265,255" oya="1" hai0="69,78,4,98,24,131,101,75,14,117,7,5,26" hai1="100,87,106,28,126,2,129,30,77,15,122,48,35" hai2="59,36,123,23,25,99,37,90,21,128,91,51,82" hai3="118,9,44,109,57,65,1,96,127,112,43,60,81"/><U121/><E2/><V68/><F68/><W133/><G112/><T84/><D117/><U41/><E129/><V132/><F123/><W66/><G118/><T72/><D69/><U45/><E126/><V108/><F128/><W58/><G127/><T13/><D131/><U130/><E130/><V71/><F71/><W83/><G109/><T116/><D116/><U92/><E106/><V18/><F108/><W34/><G34/><T86/><D78/><U102/><E35/><V104/><F132/><W8/><G133/><T19/><D19/><U31/><E15/><N who="0" m="5641" /><D98/><U74/><E74/><N who="0" m="28201" /><D101/><N who="1" m="39019" /><E122/><V27/><F104/><W103/><G96/><T76/><D76/><U55/><E121/><V67/><F37/><W79/><G103/><T53/><D53/><U32/><E32/><V63/><F36/><W80/><G79/><T54/><D54/><U56/><E77/><V94/><F51/><N who="3" m="27039" /><G1/><T119/><D119/><U10/><E10/><V113/><F113/><W52/><G65/><T88/><D88/><N who="1" m="53279" /><E41/><V40/><F40/><W47/><G47/><AGARI ba="1,1" hai="28,30,31,45,47,48,55,56" m="53279,39019" machi="47" ten="30,2900,0" yaku="8,1,54,1" doraHai="22" who="1" fromWho="3" sc="235,0,235,42,265,0,255,-32" /><INIT seed="1,2,0,5,4,42" ten="235,277,265,223" oya="1" hai0="107,71,56,3,13,93,7,82,79,51,86,98,88" hai1="22,123,53,46,65,90,129,94,77,72,27,63,104" hai2="34,92,99,113,21,11,135,101,81,39,84,73,33" hai3="87,35,24,55,128,45,69,25,68,111,5,96,50"/><U32/><E123/><V15/><F73/><W125/><G111/><T41/><D71/><U64/><E104/><V133/><F39/><W134/><G125/><T76/><D3/><U91/><E32/><V43/><F113/><W120/><G120/><T57/><D107/><U109/><E109/><V75/><F75/><W114/><G114/><T14/><D79/><U66/><E129/><V112/><F112/><W102/><G128/><T95/><D95/><U105/><E105/><V40/><F21/><W31/><G134/><N who="2" m="51209" /><F40/><W9/><G25/><T61/><D7/><U78/><E72/><V52/><F52/><W16/><G87/><T121/><D121/><U97/><E63/><V6/><F43/><W74/><G74/><T49/><D57/><U10/><E10/><V122/><F122/><W100/><G100/><T126/><D126/><U83/><E22/><V85/><F85/><W132/><G132/><T17/><D41/><U62/><E62/><V59/><F59/><W70/><G70/><T20/><REACH who="0" step="1"/><D14/><REACH who="0" ten="225,277,265,223" step="2"/><U12/><E12/><V44/><F44/><W89/><G68/><T54/><AGARI ba="2,1" hai="13,17,20,49,51,54,56,61,76,82,86,88,93,98" machi="54" ten="20,12000,2" yaku="1,1,2,1,0,1,7,1,8,1,54,1,53,0" doraHai="42" doraHaiUra="0" who="0" fromWho="0" sc="225,136,277,-62,265,-32,223,-32" /><INIT seed="2,0,0,0,2,68" ten="361,215,233,191" oya="2" hai0="5,35,80,44,98,119,118,93,61,3,81,106,116" hai1="1,49,7,30,10,74,57,6,110,48,63,103,47" hai2="100,125,40,41,46,97,2,111,135,88,82,120,11" hai3="127,107,113,94,79,73,17,75,4,90,69,15,53"/><V126/><F120/><W60/><G107/><T28/><D106/><U101/><E74/><V132/><F2/><W33/><G33/><T133/><D133/><N who="2" m="51274" /><F11/><W71/><G127/><N who="2" m="48649" /><F111/><W8/><G113/><T23/><D35/><U121/><E110/><V96/><F100/><W123/><G123/><T92/><D61/><U66/><E103/><V18/><F18/><W84/><G79/><T78/><D78/><U91/><E101/><V56/><F56/><W22/><G71/><T36/><D3/><U131/><E10/><V114/><F114/><W87/><G69/><T24/><D5/><U86/><E1/><V45/><F82/><N who="0" m="31850" /><D98/><N who="2" m="37994" /><F88/><W14/><G73/><T43/><AGARI ba="0,0" hai="23,24,28,36,43,44,92,93,116,118,119" m="31850" machi="43" ten="40,2700,0" yaku="12,1,52,1" doraHai="68" who="0" fromWho="0" sc="361,27,215,-7,233,-13,191,-7" /><INIT seed="3,0,0,5,1,21" ten="388,208,220,184" oya="3" hai0="29,72,26,94,73,59,50,19,114,10,66,78,33" hai1="90,96,54,129,71,95,43,1,88,6,46,56,37" hai2="92,87,106,16,98,74,124,112,70,84,134,60,8" hai3="103,130,64,17,75,69,9,110,31,132,40,121,99"/><W86/><G121/><T0/><D114/><U15/><E71/><V119/><F119/><W68/><G75/><T42/><D94/><U4/><E129/><V20/><F112/><W128/><G132/><T30/><D30/><U22/><E1/><V39/><F39/><W35/><G40/><T111/><D78/><U126/><E126/><V109/><F106/><N who="3" m="63871" /><G86/><T13/><D0/><U32/><E32/><V133/><F74/><W102/><G102/><T91/><D91/><U53/><E90/><N who="2" m="55575" /><F124/><W2/><G110/><T38/><D111/><U118/><E118/><V63/><F109/><W97/><G97/><T7/><D19/><N who="1" m="10623" /><E37/><V108/><F108/><W44/><G44/><T11/><D38/><U58/><E43/><V127/><F127/><W100/><G100/><T24/><D42/><U52/><E46/><V41/><F41/><W117/><G117/><T47/><D47/><U34/><E34/><V131/><F131/><N who="3" m="50219" /><G64/><T3/><D66/><U76/><E76/><V28/><F87/><W61/><G61/><T107/><D107/><U93/><E93/><V135/><F84/><W122/><G122/><T49/><D72/><U77/><E77/><V65/><F63/><W23/><G35/><N who="0" m="20903" /><D73/><U123/><E123/><V25/><F8/><W80/><G80/><T85/><D85/><U57/><AGARI ba="0,0" hai="4,6,52,53,54,56,57,58,88,95,96" m="10623" machi="57" ten="30,4000,0" yaku="8,1,54,2" doraHai="21" who="1" fromWho="1" sc="388,-10,208,40,220,-10,184,-20" owari="378,47.8,248,4.8,210,-19.0,164,-33.6" /></mjloggm>