<mjloggm ver="2.3"><GO type="225" lobby="0"/><UN n0="%E3%81%AF%E3%81%BE%E3%81%A1%E3%83%AA%E3%83%BC%E3%82%B0" n1="%45%6C%79%73%69%75%6D" n2="%72%69%6F%75%63%68%61%6E" n3="%E8%BE%9B%E5%8F%A3%E3%82%AB%E3%83%AC%E3%83%BC%E3%83%A9%E3%82%A4%E3%82%B9" dan="16,17,17,16" rate="2060.72,2096.31,2208.39,2195.62" sx="M,F,M,M"/><TAIKYOKU oya="0"/><INIT seed="0,0,0,0,4,61" ten="250,250,250,250" oya="0" hai0="26,5,104,1,131,65,120,7,31,46,99,3,121" hai1="76,83,128,129,19,96,130,43,118,63,79,11,107" hai2="135,53,32,80,109,36,91,134,116,44,38,70,28" hai3="117,92,64,21,71,90,106,15,127,10,122,6,56"/><T88/><D131/><U93/><E118/><V59/><F109/><W29/><G117/><T62/><D46/><U68/><E107/><V72/><F116/><W9/><G127/><T45/><D45/><U115/><E115/><V84/><F70/><W2/><G106/><T102/><D7/><U30/><E30/><V13/><F72/><W124/><G124/><T67/><D67/><N who="1" m="41087" /><E43/><V100/><F100/><W113/><G113/><T20/><D3/><U77/><E19/><V55/><F13/><W8/><G122/><T123/><D5/><U114/><E11/><V105/><F105/><W33/><G71/><T126/><D1/><U12/><E12/><V4/><F4/><W0/><G0/><T78/><D126/><U16/><E16/><V86/><F86/><W66/><G33/><T41/><D78/><U103/><E114/><V47/><F47/><W119/><G119/><T89/><REACH who="0" step="1"/><D41/><REACH who="0" ten="240,250,250,250" step="2"/><U27/><E27/><N who="2" m="18463" /><F44/><W95/><G2/><T97/><D97/><U24/><E24/><V101/><F53/><W50/><G6/><T17/><D17/><U54/><E54/><V85/><F55/><N who="3" m="31863" /><G15/><T87/><D87/><AGARI ba="0,1" hai="76,77,79,83,87,93,96,103,128,129,130" m="41087" machi="87" ten="30,2000,0" yaku="19,1,52,1" doraHai="61" who="1" fromWho="0" sc="240,-20,250,30,250,0,250,0" /><INIT seed="1,0,0,1,1,0" ten="220,280,250,250" oya="1" hai0="93,6,98,54,5,35,36,29,20,64,112,97,104" hai1="105,53,103,96,121,88,38,14,87,72,135,131,41" hai2="21,11,117,45,1,33,101,18,47,120,56,70,84" hai3="76,125,92,16,119,77,86,43,127,115,60,65,69"/><U23/><E121/><V102/><F117/><W61/><G115/><T19/><D112/><U78/><E131/><V118/><F118/><W133/><G119/><T57/><D36/><U126/><E135/><V111/><F120/><W106/><G106/><T39/><D39/><U48/><E126/><N who="3" m="48138" /><G43/><T7/><D104/><U26/><E41/><V8/><F70/><W116/><G116/><T4/><N who="0" m="1024" /><DORA hai="50" /><T2/><D2/><U22/><E38/><V12/><F33/><W82/><G133/><T42/><D42/><U85/><E14/><V108/><F1/><W55/><G92/><T122/><D64/><U59/><E85/><V25/><F84/><W107/><G107/><T51/><D122/><U80/><E26/><V62/><F8/><W10/><G10/><T74/><D74/><U63/><E63/><V13/><F13/><W24/><G60/><T99/><D29/><U83/><AGARI ba="0,0" hai="22,23,48,53,59,72,78,80,83,87,88,96,103,105" machi="83" ten="20,7800,0" yaku="0,1,7,1,52,1,54,1" doraHai="0,50" who="1" fromWho="1" sc="220,-26,280,78,250,-26,250,-26" /><INIT seed="1,1,0,4,0,24" ten="194,358,224,224" oya="1" hai0="42,72,6,89,52,30,8,117,75,47,4,10,36" hai1="100,60,79,110,51,125,81,83,9,67,71,48,94" hai2="54,55,104,88,25,115,128,45,66,97,107,44,22" hai3="16,15,76,114,127,121,46,39,37,131,57,87,90"/><U123/><E123/><V129/><F115/><W78/><G121/><T40/><D117/><U120/><E120/><V29/><F66/><W63/><G114/><T99/><D42/><U82/><E125/><V105/><F44/><W0/><G0/><T43/><D43/><U124/><E124/><V34/><F34/><W14/><G127/><T77/><D52/><N who="2" m="20010" /><F45/><W58/><G131/><N who="2" m="50249" /><F88/><W112/><G112/><T74/><D30/><U20/><E51/><V1/><F1/><W3/><G3/><T2/><D89/><U7/><E48/><V68/><F68/><W49/><G39/><T98/><REACH who="0" step="1"/><D77/><REACH who="0" ten="184,358,224,224" step="2"/><U41/><E79/><V21/><F22/><W103/><G78/><T116/><D116/><U53/><E20/><V19/><F19/><W134/><G76/><T118/><D118/><U135/><E41/><V26/><F25/><W106/><G16/><T84/><D84/><U11/><E53/><V18/><F18/><W62/><G87/><T109/><D109/><U31/><E67/><V13/><F13/><AGARI ba="1,1" hai="2,4,6,8,10,13,36,40,47,72,74,75,98,99" machi="13" ten="40,1300,0" yaku="1,1,53,0" doraHai="24" doraHaiUra="101" who="0" fromWho="2" sc="184,26,358,0,224,-16,224,0" /><INIT seed="2,0,0,2,1,31" ten="210,358,208,224" oya="2" hai0="53,106,56,24,81,44,40,1,21,80,18,111,78" hai1="84,9,12,103,47,38,65,22,107,113,123,34,120" hai2="2,128,68,62,97,67,71,19,72,4,13,96,87" hai3="0,46,90,82,15,133,83,55,129,51,6,122,3"/><V16/><F72/><W94/><G122/><N who="1" m="46634" /><E34/><V131/><F71/><W110/><G110/><T63/><D106/><U102/><E113/><V91/><F2/><W108/><G108/><T28/><D111/><U130/><E130/><N who="2" m="49707" /><F4/><W35/><G129/><T48/><D1/><U114/><E114/><V17/><F13/><W127/><G35/><T43/><D28/><U119/><E12/><V101/><F101/><W132/><G127/><T98/><D98/><U61/><E102/><V88/><F91/><W36/><G36/><T92/><D92/><AGARI ba="0,0" hai="16,17,19,62,67,68,87,88,92,96,97" m="49707" machi="92" ten="30,5800,0" yaku="19,1,54,2" doraHai="31" who="2" fromWho="0" sc="210,-58,358,0,208,58,224,0" /><INIT seed="2,1,0,0,0,32" ten="152,358,266,224" oya="2" hai0="71,114,59,29,89,69,60,27,76,34,86,55,90" hai1="106,43,33,6,118,77,98,0,20,74,82,40,13" hai2="23,46,58,66,48,17,116,36,11,64,78,1,115" hai3="31,123,84,121,50,117,119,97,56,44,79,42,110"/><V19/><F115/><W65/><G31/><T10/><D114/><U73/><E73/><V124/><F116/><N who="3" m="44619" /><G97/><T94/><D76/><U96/><E33/><V62/><F124/><W129/><G84/><T92/><REACH who="0" step="1"/><D10/><REACH who="0" ten="142,358,266,224" step="2"/><U35/><E77/><V24/><F78/><W51/><G79/><T67/><D67/><U104/><E118/><V15/><F66/><W9/><G9/><T28/><D28/><U47/><E74/><V107/><F64/><W3/><G110/><T57/><D57/><U120/><E120/><V52/><F58/><W2/><G123/><T85/><AGARI ba="1,1" hai="27,29,34,55,59,60,69,71,85,86,89,90,92,94" machi="85" ten="20,5200,0" yaku="1,1,0,1,7,1,9,1,53,0" doraHai="32" doraHaiUra="14" who="0" fromWho="0" sc="142,65,358,-14,266,-27,224,-14" /><INIT seed="3,0,0,1,2,106" ten="207,344,239,210" oya="3" hai0="13,20,125,75,93,69,58,54,99,63,126,46,105" hai1="34,29,127,32,79,0,62,40,110,108,37,67,128" hai2="60,14,27,50,121,47,133,49,18,16,26,8,119" hai3="114,113,89,51,115,36,97,65,130,23,38,15,85"/><W95/><G130/><T45/><D105/><U4/><E128/><V43/><F119/><W48/><G65/><T35/><D35/><N who="1" m="13355" /><E29/><V7/><F133/><W17/><REACH who="3" step="1"/><G97/><REACH who="3" ten="207,344,239,200" step="2"/><T5/><D69/><U28/><E67/><V100/><F121/><W6/><G6/><T55/><D75/><U72/><E4/><V111/><F111/><W91/><G91/><N who="0" m="55743" /><D5/><U82/><E110/><V83/><F100/><W80/><G80/><T86/><D86/><U53/><E108/><V59/><F83/><W120/><G120/><T98/><D98/><U56/><E82/><V41/><F7/><W10/><G10/><T21/><D21/><U61/><E79/><V94/><F94/><W52/><G52/><T122/><D122/><U109/><E109/><V131/><F131/><W117/><G117/><T92/><D92/><U90/><E90/><V129/><F129/><W25/><G25/><T42/><D55/><U96/><E96/><V116/><F116/><W87/><G87/><T70/><D70/><U44/><E53/><N who="2" m="33903" /><F18/><W102/><G102/><T78/><D42/><U124/><E40/><V112/><F112/><W31/><G31/><T123/><D123/><U12/><E28/><V132/><F132/><W19/><G19/><N who="0" m="10351" /><D78/><U64/><E64/><V39/><F39/><AGARI ba="0,1" hai="15,17,23,36,38,39,48,51,85,89,95,113,114,115" machi="39" ten="50,12000,1" yaku="1,1,53,3" doraHai="106" doraHaiUra="71" who="3" fromWho="2" sc="207,0,344,0,239,-120,200,130" /><INIT seed="3,1,0,5,0,26" ten="207,344,119,330" oya="3" hai0="131,51,104,22,40,67,98,47,35,112,42,89,110" hai1="70,11,8,57,106,103,113,129,100,29,76,60,27" hai2="123,96,36,99,127,120,49,28,6,115,101,125,21" hai3="41,37,116,3,85,68,61,30,19,97,102,48,69"/><W55/><G116/><T65/><D110/><U93/><E113/><V130/><F115/><W54/><G3/><T18/><D35/><N who="1" m="20927" /><E129/><V107/><F36/><W81/><G30/><T39/><D112/><U73/><E57/><V44/><F6/><W45/><G19/><T62/><D67/><N who="1" m="41319" /><E93/><V4/><F130/><W79/><G61/><T7/><D7/><U25/><E103/><V111/><F111/><W84/><G84/><T64/><D98/><N who="1" m="61719" /><E25/><V58/><F4/><W82/><G82/><AGARI ba="1,0" hai="8,11,73,76,82" m="61719,41319,20927" machi="82" ten="30,2000,0" yaku="25,1,52,1" doraHai="26" who="1" fromWho="3" sc="207,0,344,23,119,0,330,-23" owari="207,-19.3,367,46.7,119,-38.1,307,10.7" /></mjloggm>