<mjloggm ver="2.3"><GO type="225" lobby="0"/><UN n0="%E8%BE%9B%E5%8F%A3%E3%82%AB%E3%83%AC%E3%83%BC%E3%83%A9%E3%82%A4%E3%82%B9" n1="%E3%81%B5%E3%81%98%E3%81%8B%E3%81%A4" n2="%E6%9D%B1%E9%A2%A8%E3%81%AE%E3%81%8D%E3%82%83%E3%81%B7%E3%81%95%E3%82%93" n3="%E7%B4%94%E6%BD%94%E3%83%94%E3%83%A9%E3%83%8B%E3%82%A2" dan="17,16,17,16" rate="2252.87,2175.19,2258.53,2184.12" sx="M,M,M,M"/><TAIKYOKU oya="0"/><INIT seed="0,0,0,1,5,62" ten="250,250,250,250" oya="0" hai0="29,48,60,112,10,18,65,114,23,26,89,86,15" hai1="80,94,71,118,51,107,85,39,28,42,93,27,40" hai2="37,97,122,84,52,124,30,54,9,82,83,105,3" hai3="38,119,75,6,45,73,103,92,59,113,76,17,41"/><T50/><D112/><U53/><E118/><V120/><F37/><W69/><G69/><T64/><D114/><U5/><E107/><V108/><F30/><W8/><G119/><T36/><D36/><U129/><E71/><V31/><F31/><W46/><G113/><T16/><D29/><U88/><E129/><V106/><F97/><W87/><G46/><T109/><D109/><U91/><E5/><V115/><F9/><W25/><G59/><N who="0" m="36895" /><D65/><U67/><E67/><V126/><F84/><W57/><G57/><T4/><D4/><U125/><E39/><V63/><F63/><W90/><G76/><T98/><D98/><U110/><E125/><V11/><F11/><W68/><G68/><T58/><D58/><U19/><E19/><V1/><REACH who="2" step="1"/><F115/><REACH who="2" ten="250,250,240,250" step="2"/><W132/><G8/><T7/><D7/><U12/><E110/><AGARI ba="0,1" hai="1,3,52,54,82,83,105,106,108,110,120,122,124,126" machi="110" ten="25,8000,1" yaku="1,1,2,1,22,2,54,1,53,0" doraHai="62" doraHaiUra="47" who="2" fromWho="1" sc="250,0,250,-80,240,90,250,0" /><INIT seed="1,0,0,5,2,37" ten="250,170,330,250" oya="1" hai0="74,68,87,31,10,51,119,47,127,42,73,97,85" hai1="26,93,1,124,8,58,40,133,72,115,126,107,82" hai2="23,5,94,54,48,110,134,35,30,33,55,70,114" hai3="57,18,4,76,92,122,41,29,50,100,112,89,0"/><U129/><E115/><V22/><F70/><W61/><G112/><T130/><D119/><U34/><E107/><V118/><F114/><W116/><G116/><T53/><D68/><U45/><E58/><V43/><F5/><W103/><G122/><T96/><D127/><N who="1" m="48683" /><E93/><V20/><F118/><W128/><G128/><T32/><D130/><U88/><E129/><V65/><F110/><W39/><G39/><T64/><D64/><U102/><E102/><V38/><F134/><W24/><G18/><T28/><D74/><U104/><E104/><V71/><F94/><W109/><G76/><T78/><D73/><U123/><E123/><V63/><F30/><N who="0" m="11306" /><D32/><U16/><E34/><V108/><F108/><W69/><G109/><T131/><D131/><U52/><E133/><V135/><F55/><W106/><G106/><T59/><D78/><N who="1" m="44359" /><E1/><V19/><F135/><W14/><G0/><T27/><D97/><U80/><E26/><V105/><F105/><W77/><G69/><T7/><D27/><U83/><E88/><V44/><REACH who="2" step="1"/><F19/><REACH who="2" ten="250,170,320,250" step="2"/><W120/><G92/><T17/><D17/><U62/><E16/><V79/><F79/><W81/><G77/><T111/><D111/><U25/><E8/><V9/><F9/><N who="3" m="4391" /><G29/><T132/><D132/><U67/><E25/><V46/><AGARI ba="0,1" hai="20,22,23,33,35,38,43,44,46,48,54,63,65,71" machi="46" ten="30,4000,0" yaku="1,1,0,1,52,1,53,0" doraHai="37" doraHaiUra="15" who="2" fromWho="2" sc="250,-10,170,-20,320,50,250,-10" /><INIT seed="2,0,0,1,4,131" ten="240,150,370,240" oya="2" hai0="85,18,116,7,26,42,115,81,87,45,111,76,25" hai1="23,90,11,20,91,9,78,67,94,133,19,28,108" hai2="122,89,6,52,14,96,59,97,112,12,119,84,101" hai3="88,34,55,44,74,121,107,71,24,104,93,130,125"/><V105/><F97/><W48/><G121/><T36/><D115/><U58/><E108/><V47/><F119/><W35/><G130/><T128/><D128/><U41/><E78/><V106/><F106/><W73/><G71/><T2/><D111/><U123/><E123/><V0/><F47/><W103/><G125/><T66/><D116/><U5/><E41/><V3/><F112/><W37/><G37/><T31/><D66/><U1/><E133/><V117/><F117/><W95/><G107/><T17/><D87/><U15/><E28/><V43/><F43/><W99/><G104/><T82/><D82/><U39/><E39/><V72/><F72/><W135/><G135/><T92/><D92/><U53/><E67/><V32/><F32/><W109/><G109/><T134/><D134/><U54/><E54/><V50/><F122/><W49/><G34/><T132/><D132/><U124/><E124/><V29/><F29/><W63/><G63/><T22/><D26/><U62/><REACH who="1" step="1"/><E90/><REACH who="1" ten="240,140,370,240" step="2"/><V120/><F120/><W113/><G113/><T118/><D118/><U64/><E64/><V126/><F126/><W69/><G69/><T33/><D33/><U98/><AGARI ba="0,1" hai="1,5,9,11,15,19,20,23,53,58,62,91,94,98" machi="98" ten="20,2700,0" yaku="1,1,0,1,7,1,53,0" doraHai="131" doraHaiUra="110" who="1" fromWho="1" sc="240,-7,140,37,370,-13,240,-7" /><INIT seed="3,0,0,5,2,57" ten="233,177,357,233" oya="3" hai0="117,82,54,23,6,116,67,84,78,95,127,114,122" hai1="90,71,126,45,108,85,27,94,112,133,8,124,89" hai2="83,120,64,69,4,75,35,19,47,132,118,91,63" hai3="43,125,1,74,58,70,28,115,101,17,79,24,21"/><W26/><G70/><T135/><D122/><U103/><E112/><V50/><F35/><W48/><G115/><T37/><D114/><U68/><E103/><V73/><F118/><W62/><G125/><T80/><D37/><U7/><E108/><V128/><F4/><W51/><G1/><T99/><D67/><U86/><E133/><V121/><F19/><W29/><G101/><T12/><D127/><U109/><E109/><V88/><F132/><W107/><G107/><T25/><D135/><U130/><E130/><V9/><F9/><W52/><G43/><T0/><D0/><U32/><E126/><V111/><F128/><W44/><G44/><T39/><D39/><U18/><E124/><V60/><F60/><W38/><G38/><T134/><D54/><U119/><E119/><V11/><F11/><W92/><G92/><T56/><D56/><U3/><E45/><V22/><F22/><W110/><G110/><T40/><D40/><U97/><E97/><V15/><F15/><W123/><G123/><N who="2" m="47177" /><F111/><W76/><G74/><N who="2" m="28169" /><F83/><W61/><G17/><N who="0" m="12527" /><D82/><U96/><E96/><V13/><F13/><W42/><G42/><AGARI ba="0,0" hai="42,47,50,63,64,69,88,91" m="28169,47177" machi="42" ten="30,3900,0" yaku="13,1,52,1,54,1" doraHai="57" who="2" fromWho="3" sc="233,0,177,0,357,39,233,-39" owari="233,3.3,177,-32.3,396,49.6,194,-20.6" /></mjloggm>