<mjloggm ver="2.3"><GO type="225" lobby="0"/><UN n0="%E5%A4%9C%E3%81%AE%E3%82%AC%E3%82%B9%E3%83%91%E3%83%BC%E3%83%AB" n1="%72%69%6F%75%63%68%61%6E" n2="%E5%AD%90%E4%BE%9B%E4%BC%9A%E5%93%A1" n3="%E3%81%82%E3%82%93%E3%81%AA%E3%81%A4" dan="16,16,17,17" rate="2137.02,2148.19,2120.90,2172.11" sx="M,M,M,M"/><TAIKYOKU oya="0"/><INIT seed="0,0,0,1,5,18" ten="250,250,250,250" oya="0" hai0="99,90,88,0,8,110,23,91,24,40,84,41,67" hai1="100,118,120,79,117,37,14,16,39,12,35,74,112" hai2="126,121,66,9,50,95,54,108,62,76,46,83,28" hai3="78,3,26,1,63,132,30,130,34,65,45,107,27"/><T11/><D110/><U72/><E120/><V32/><F121/><W111/><G111/><T56/><D99/><U61/><E35/><V70/><F108/><W52/><G107/><T96/><D96/><U60/><E79/><V10/><F126/><W47/><G132/><T102/><D102/><U64/><E100/><V4/><F95/><W97/><G97/><T133/><D84/><U2/><E2/><V13/><F32/><W57/><G130/><T123/><D133/><U103/><E103/><V114/><F28/><W85/><G27/><T6/><D123/><U19/><REACH who="1" step="1"/><E64/><REACH who="1" ten="250,240,250,250" step="2"/><V105/><F105/><W109/><G109/><T94/><D94/><U59/><E59/><V125/><F125/><W48/><REACH who="3" step="1"/><G47/><REACH who="3" ten="250,240,250,240" step="2"/><T20/><D56/><U53/><E53/><V7/><F54/><W31/><G31/><T119/><D67/><U82/><E82/><AGARI ba="0,2" hai="1,3,26,30,34,45,48,52,57,63,65,78,82,85" machi="82" ten="40,2600,0" yaku="1,1,54,1,53,0" doraHai="18" doraHaiUra="104" who="3" fromWho="1" sc="250,0,240,-26,250,0,240,46" /><INIT seed="1,0,0,3,0,72" ten="250,214,250,286" oya="1" hai0="1,51,135,23,102,60,50,93,119,122,105,53,76" hai1="49,46,17,125,18,20,32,0,71,115,128,54,61" hai2="98,129,75,64,106,116,104,74,73,85,55,52,95" hai3="126,10,7,31,56,6,35,96,19,120,111,38,21"/><U78/><E115/><V87/><F116/><W103/><G38/><T80/><D119/><U57/><E32/><V89/><F64/><W14/><G120/><T30/><D105/><N who="2" m="40554" /><F52/><W28/><G111/><T8/><D135/><U24/><E125/><V107/><F55/><W34/><G126/><T84/><D122/><U108/><E128/><V79/><F129/><W83/><G83/><T134/><D134/><U44/><E108/><V101/><F85/><W27/><G56/><N who="0" m="34831" /><D8/><U100/><E0/><V59/><F59/><W131/><G131/><T82/><D82/><AGARI ba="0,0" hai="73,74,75,79,82,87,89,95,98,101,107" m="40554" machi="82" ten="30,12000,2" yaku="24,1,35,5,52,1" doraHai="72" who="2" fromWho="0" sc="250,-120,214,0,250,120,286,0" /><INIT seed="2,0,0,0,2,74" ten="130,214,370,286" oya="2" hai0="42,59,105,22,121,51,20,19,114,48,63,57,124" hai1="112,1,131,115,66,132,4,47,41,71,44,135,97" hai2="54,2,82,94,9,60,50,126,40,18,127,98,85" hai3="75,125,109,62,129,69,123,88,80,92,25,73,68"/><V45/><F60/><W76/><G123/><T78/><D121/><U79/><E97/><V65/><F65/><W99/><G109/><T84/><D114/><N who="1" m="43563" /><E4/><V14/><F2/><W12/><G129/><T119/><D105/><U32/><E32/><V128/><F128/><W90/><G125/><T61/><D124/><U26/><E26/><V58/><F58/><W118/><G118/><T108/><D108/><U106/><E106/><V13/><F13/><W102/><G75/><T133/><D133/><N who="1" m="51275" /><E1/><V33/><F40/><W8/><G25/><T56/><D119/><U122/><E131/><V95/><F95/><W83/><G62/><T77/><D84/><U52/><E122/><V49/><F49/><N who="0" m="19018" /><D42/><U93/><E93/><V64/><F64/><W23/><G23/><N who="0" m="8747" /><D19/><U70/><E66/><V72/><F33/><W96/><G96/><T39/><D39/><N who="1" m="21567" /><E47/><V31/><F127/><W116/><G116/><T89/><D89/><U35/><E35/><V10/><F126/><W34/><G34/><T104/><D104/><U134/><N who="1" m="51283" /><U67/><DORA hai="24" /><E67/><V110/><F110/><W53/><G90/><T17/><D17/><U91/><E91/><V16/><F16/><W81/><G88/><T0/><D0/><U101/><E101/><V38/><F18/><W107/><G107/><T36/><D36/><U111/><E111/><V11/><F38/><W87/><G102/><T103/><D103/><U7/><E7/><V6/><F45/><W21/><G87/><T30/><D30/><U117/><E117/><V28/><F85/><W29/><G29/><N who="2" m="11337" /><F6/><W55/><G73/><RYUUKYOKU ba="0,0" sc="130,30,214,-10,370,-10,286,-10" hai0="56,57,59,61,63,77,78" /><INIT seed="3,1,0,4,0,68" ten="160,204,360,276" oya="3" hai0="0,57,118,20,122,86,110,4,105,73,76,8,27" hai1="9,79,62,98,43,52,31,37,19,113,130,106,65" hai2="103,12,74,42,70,66,119,6,39,3,93,54,94" hai3="125,63,123,16,77,116,18,69,135,33,109,81,15"/><W97/><G116/><T133/><D118/><U124/><E113/><V10/><F119/><W107/><G123/><T80/><D122/><U99/><E106/><V129/><F103/><W60/><G125/><T128/><D110/><U71/><E124/><V13/><F54/><W51/><G109/><T85/><D105/><U46/><E130/><V72/><F129/><W112/><G112/><T41/><D128/><U127/><E127/><V101/><F66/><W75/><G33/><T14/><D133/><U132/><E31/><V1/><F70/><W104/><G135/><T58/><D14/><U90/><E132/><V134/><F1/><W48/><G18/><T100/><D100/><U32/><E32/><V131/><F131/><W96/><G104/><T59/><REACH who="0" step="1"/><D41/><REACH who="0" ten="150,204,360,276" step="2"/><U50/><E79/><V111/><F101/><W61/><G107/><T47/><D47/><U89/><E90/><V102/><F102/><W5/><G77/><T115/><D115/><U108/><E89/><V126/><F111/><W29/><G15/><T67/><D67/><U87/><E108/><V49/><F126/><W82/><G69/><T64/><D64/><U30/><E65/><V45/><F134/><W25/><G25/><T88/><D88/><U17/><E71/><V34/><F13/><W44/><G44/><T56/><N who="0" m="14336" /><DORA hai="26" /><T83/><D83/><U38/><E43/><V121/><F12/><W40/><G82/><T22/><D22/><U117/><E46/><N who="2" m="23903" /><F34/><W24/><G81/><T36/><D36/><U53/><E37/><V92/><F121/><W91/><G91/><T35/><D35/><RYUUKYOKU ba="1,1" sc="150,15,204,-15,360,15,276,-15" hai0="0,4,8,20,27,73,76,80,85,86" hai2="3,6,10,45,49,72,74,92,93,94" owari="165,-33.5,189,-21.1,385,48.5,261,6.1" /></mjloggm>