<mjloggm ver="2.3"><GO type="225" lobby="0"/><UN n0="%E9%80%86%E9%80%A3%E5%B8%AF%E3%81%AE%E9%AC%BC" n1="%E3%81%B5%E3%81%98%E3%81%8B%E3%81%A4" n2="%E5%B0%8F%E9%B3%A5%E9%81%8A%E7%B7%B4%E7%84%A1%32%31%E6%AD%B3" n3="%62%6F%6E%6F%73%2E%2E" dan="16,16,16,17" rate="2137.91,2143.74,2159.39,2212.19" sx="M,M,F,M"/><TAIKYOKU oya="0"/><INIT seed="0,0,0,4,2,118" ten="250,250,250,250" oya="0" hai0="31,36,68,78,33,56,126,52,20,84,42,113,48" hai1="34,7,51,67,83,70,74,35,38,71,125,10,122" hai2="124,97,114,14,30,53,12,0,5,59,50,72,106" hai3="8,58,39,45,9,94,1,108,131,27,115,26,44"/><T87/><D113/><U23/><E38/><V41/><F114/><W16/><G115/><T105/><D126/><U62/><E122/><V76/><F124/><W103/><G108/><T107/><D33/><U112/><E125/><V123/><F30/><W73/><G73/><T11/><D68/><U18/><E112/><V120/><F41/><W89/><G103/><T81/><D11/><U32/><E51/><V127/><F0/><W80/><G80/><T6/><D6/><U69/><E83/><V77/><F127/><W55/><G131/><T22/><D87/><U102/><E102/><V110/><F110/><W57/><G1/><T3/><D3/><U111/><E74/><V109/><F109/><W101/><G101/><T40/><D20/><U66/><E111/><V90/><F106/><W60/><G58/><T28/><D28/><U134/><E134/><V100/><F100/><W29/><G29/><T63/><D36/><U82/><E82/><V129/><F129/><W130/><G130/><T117/><D117/><U98/><E98/><V135/><F135/><W17/><G8/><T25/><REACH who="0" step="1"/><D63/><REACH who="0" ten="240,250,250,250" step="2"/><U119/><E119/><V88/><F5/><W85/><G39/><T128/><D128/><U121/><E62/><V15/><F72/><W132/><G132/><T133/><D133/><U13/><REACH who="1" step="1"/><E121/><REACH who="1" ten="240,240,250,250" step="2"/><V46/><F123/><W116/><G116/><T92/><D92/><U64/><E64/><V4/><F120/><W104/><G104/><AGARI ba="0,2" hai="22,25,31,40,42,48,52,56,78,81,84,104,105,107" machi="104" ten="40,7700,0" yaku="1,1,54,1,53,1" doraHai="118" doraHaiUra="75" who="0" fromWho="3" sc="240,97,240,0,250,0,250,-77" /><INIT seed="0,1,0,3,0,120" ten="337,240,250,173" oya="0" hai0="8,31,108,81,132,24,3,77,4,9,65,61,19" hai1="48,22,95,92,116,105,20,109,33,55,106,73,71" hai2="87,37,133,12,60,94,64,100,82,74,18,112,102" hai3="78,14,113,17,32,101,21,130,57,124,104,110,91"/><T127/><D132/><U10/><E116/><V76/><F37/><W128/><G113/><T89/><D127/><U16/><E33/><V125/><F133/><W67/><G124/><T115/><D115/><U69/><E73/><V13/><F125/><W123/><G32/><T75/><D89/><U58/><E10/><V63/><F63/><N who="3" m="38383" /><G78/><T121/><D121/><U41/><E41/><V83/><F94/><W118/><G118/><T46/><D46/><U5/><E5/><V1/><F12/><W49/><G123/><T62/><D65/><U103/><E103/><V99/><F1/><W6/><G6/><T39/><D39/><U15/><E22/><V30/><F30/><W114/><G114/><T129/><D129/><N who="3" m="49769" /><G91/><T23/><D9/><U45/><E69/><V44/><F112/><W35/><G35/><T52/><D31/><U96/><E71/><V29/><F29/><W107/><G49/><T86/><D75/><U27/><E105/><N who="3" m="40522" /><G101/><T79/><D79/><U34/><E106/><V56/><F102/><W70/><G70/><T111/><D62/><U93/><E96/><V131/><F99/><W85/><G85/><T42/><D42/><U26/><E34/><V7/><F100/><W80/><G80/><T50/><D61/><U117/><E117/><V122/><F122/><W66/><G66/><T47/><AGARI ba="1,0" hai="3,4,8,19,23,24,47,50,52,77,81,86,108,111" machi="47" ten="30,11700,0" yaku="0,1,52,2,54,1" doraHai="120" who="0" fromWho="0" sc="337,120,240,-40,250,-40,173,-40" /><INIT seed="0,2,0,5,4,52" ten="457,200,210,133" oya="0" hai0="45,0,117,73,62,31,102,54,71,37,39,63,118" hai1="108,15,3,111,77,57,6,127,135,114,92,60,112" hai2="44,120,90,41,76,130,109,85,97,64,18,116,133" hai3="36,7,101,81,19,128,21,78,53,103,84,38,70"/><T17/><D0/><U98/><E3/><V25/><F120/><W16/><G70/><T134/><D73/><U27/><E77/><V124/><F130/><W121/><G128/><T59/><D31/><U104/><E104/><V119/><F109/><N who="1" m="42057" /><E127/><V89/><F133/><W14/><G121/><T56/><D102/><N who="1" m="60743" /><E135/><V80/><F64/><W5/><G36/><T1/><D1/><U24/><E15/><V22/><F124/><W61/><G38/><T34/><D34/><U4/><E6/><N who="3" m="2058" /><G19/><T32/><D32/><U106/><E106/><V96/><F96/><W88/><G78/><T68/><D17/><U43/><E43/><V129/><F129/><W86/><G86/><T20/><D20/><U72/><E72/><V29/><F18/><W11/><G21/><T123/><D134/><U35/><E4/><V87/><F97/><W10/><G10/><T99/><D99/><U115/><E35/><V30/><F30/><W69/><G69/><N who="0" m="26699" /><D123/><U100/><E100/><V13/><F13/><W55/><G55/><AGARI ba="2,0" hai="24,27,55,57,60,112,114,115" m="60743,42057" machi="55" ten="40,5200,0" yaku="11,1,14,1,52,1" doraHai="52" who="1" fromWho="3" sc="457,0,200,58,210,0,133,-58" /><INIT seed="1,0,0,5,2,86" ten="457,258,210,75" oya="1" hai0="3,21,99,1,71,12,2,39,30,127,17,122,133" hai1="89,100,103,131,40,70,35,42,92,85,43,130,32" hai2="110,104,94,81,22,118,106,132,10,76,28,74,44" hai3="121,80,23,77,55,75,9,96,79,15,19,41,53"/><U37/><E70/><V123/><F118/><W20/><G121/><T36/><D122/><U56/><E37/><V116/><F116/><W34/><G34/><T68/><D133/><U14/><E14/><V112/><F123/><W113/><G113/><T120/><D120/><U125/><E125/><V47/><F112/><W46/><G79/><T78/><D127/><U31/><E56/><V90/><F10/><W91/><G20/><T45/><D30/><U98/><E31/><V134/><F110/><W7/><G96/><T57/><D78/><U82/><REACH who="1" step="1"/><E103/><REACH who="1" ten="457,248,210,75" step="2"/><V95/><F134/><W13/><REACH who="3" step="1"/><G91/><REACH who="3" ten="457,248,210,65" step="2"/><T8/><D71/><U16/><E16/><V72/><F90/><W49/><AGARI ba="0,2" hai="7,9,13,15,19,23,41,46,49,53,55,75,77,80" machi="49" ten="20,5200,0" yaku="1,1,2,1,0,1,7,1,53,0" doraHai="86" doraHaiUra="59" who="3" fromWho="3" sc="457,-13,248,-26,210,-13,65,72" /><INIT seed="2,0,0,3,0,6" ten="444,222,197,137" oya="2" hai0="36,10,116,72,97,31,27,79,41,26,75,88,25" hai1="33,84,50,5,19,60,90,4,98,47,55,17,111" hai2="13,115,8,39,24,124,43,48,56,127,28,34,71" hai3="44,94,105,134,109,70,135,23,113,130,83,65,20"/><V85/><F71/><W9/><G105/><T129/><D116/><U123/><E111/><V21/><F115/><W68/><G109/><T122/><D129/><U54/><E123/><V12/><F39/><W67/><G44/><T76/><D122/><U101/><E33/><V64/><F85/><W57/><G57/><T0/><D31/><U133/><E133/><N who="3" m="50698" /><G94/><T7/><D75/><U35/><E35/><V1/><F43/><W125/><G83/><T52/><D72/><U40/><E101/><V11/><F48/><W106/><G106/><T18/><D18/><N who="1" m="6667" /><E98/><V100/><F100/><W107/><G107/><T104/><D104/><U78/><E78/><V51/><F51/><W95/><G95/><T42/><D36/><U118/><E118/><V58/><F64/><N who="3" m="24651" /><G130/><T82/><D79/><U46/><E60/><V45/><F45/><N who="1" m="16905" /><E40/><V114/><F58/><W119/><G119/><T121/><D76/><U102/><E102/><V73/><F56/><W110/><G110/><T91/><D121/><U2/><E2/><V77/><F1/><W69/><G113/><T93/><D42/><U86/><E50/><V126/><F114/><W62/><G62/><T38/><D41/><U87/><E90/><V3/><F3/><W128/><G128/><T29/><D38/><U53/><AGARI ba="0,0" hai="4,5,53,54,55,84,86,87" m="16905,6667" machi="53" ten="40,5200,0" yaku="28,2,8,1" doraHai="6" who="1" fromWho="1" sc="444,-13,222,52,197,-26,137,-13" /><INIT seed="3,0,0,0,1,73" ten="431,274,171,124" oya="3" hai0="132,104,67,17,39,120,4,9,86,11,89,118,50" hai1="81,29,59,33,127,119,74,102,115,30,54,31,37" hai2="0,131,113,83,41,66,51,84,57,117,1,129,61" hai3="13,107,112,52,97,28,6,124,128,63,114,27,40"/><W105/><G124/><T21/><D132/><U45/><E115/><V116/><F113/><W101/><G128/><N who="2" m="49225" /><F41/><W135/><G135/><T65/><D39/><U72/><E102/><V26/><F51/><W58/><G107/><T122/><D104/><U16/><E16/><V71/><F26/><W43/><G112/><T19/><D118/><N who="2" m="45674" /><F71/><W106/><G106/><T108/><D108/><U38/><E81/><V64/><F64/><W123/><G123/><T44/><D19/><U126/><E33/><V100/><F100/><W94/><G114/><T110/><D110/><U10/><E10/><V12/><F12/><W80/><G105/><T96/><D96/><U121/><E45/><V46/><F46/><W69/><G69/><T42/><D122/><U133/><E121/><V47/><F47/><W95/><G95/><T15/><D11/><U75/><E133/><V53/><F66/><W18/><G6/><T2/><D120/><U25/><E25/><V48/><F61/><W62/><G62/><T14/><D2/><U34/><E34/><V130/><F130/><W7/><G7/><T24/><D24/><U76/><E119/><V60/><F60/><W3/><G3/><T35/><D35/><U88/><E127/><V5/><F5/><W8/><REACH who="3" step="1"/><G80/><AGARI ba="0,0" hai="4,9,14,15,17,21,42,44,50,65,67,80,86,89" machi="80" ten="30,2000,0" yaku="7,1,8,1" doraHai="73" who="0" fromWho="3" sc="431,20,274,0,171,0,124,-20" owari="451,55.1,274,7.4,171,-22.9,104,-39.6" /></mjloggm>