<mjloggm ver="2.3"><GO type="225" lobby="0"/><UN n0="%E5%A4%96%E5%B7%9D%E7%AB%9C%E6%88%90" n1="%48%61%61%61%6C%61%6E%64" n2="%E5%8F%AF%E5%85%90%E9%82%A3%E7%94%B1%E5%A4%9A" n3="%E3%83%B4%E3%82%A3%E3%83%AF%E3%82%B3%E3%82%B0%E3%83%8B" dan="16,18,16,16" rate="2160.89,2225.72,2187.14,2154.23" sx="M,M,F,M"/><TAIKYOKU oya="0"/><INIT seed="0,0,0,3,5,69" ten="250,250,250,250" oya="0" hai0="50,6,11,23,110,22,126,47,17,31,8,127,18" hai1="91,56,130,100,20,51,97,29,49,111,73,27,36" hai2="64,26,96,53,0,131,63,105,25,133,79,16,40" hai3="24,114,84,106,48,39,122,9,5,1,45,28,4"/><T118/><D118/><U10/><E111/><V58/><F0/><W115/><G106/><T21/><D110/><U68/><E130/><V54/><F131/><W83/><G4/><T57/><D57/><U80/><E68/><V37/><F133/><W123/><G39/><T59/><D59/><U33/><E36/><V67/><F79/><W76/><G123/><T81/><D81/><U55/><E10/><N who="0" m="3625" /><D6/><U103/><E33/><V95/><F105/><W134/><G134/><T86/><D86/><N who="1" m="50631" /><E73/><V88/><F53/><W38/><G38/><T116/><D116/><U89/><E51/><V43/><F26/><W44/><G122/><T75/><D75/><U7/><E7/><V82/><F82/><W46/><REACH who="3" step="1"/><G48/><REACH who="3" ten="250,250,250,240" step="2"/><T34/><D50/><U35/><E35/><AGARI ba="0,1" hai="1,5,9,24,28,35,44,45,46,76,83,84,114,115" machi="35" ten="40,5200,0" yaku="1,1,2,1,53,1" doraHai="69" doraHaiUra="74" who="3" fromWho="1" sc="250,0,250,-52,250,0,240,62" /><INIT seed="1,0,0,3,3,34" ten="250,198,250,302" oya="1" hai0="111,66,103,114,50,132,19,68,2,45,133,105,30" hai1="26,128,3,116,24,96,76,87,78,80,44,61,5" hai2="32,110,7,4,37,120,6,18,86,36,90,55,115" hai3="52,109,117,31,125,83,38,112,15,124,41,69,49"/><U42/><E116/><V60/><F120/><W104/><G109/><T67/><D114/><U91/><E128/><V99/><F32/><W94/><G104/><T43/><D111/><U135/><E135/><N who="0" m="51785" /><D68/><U127/><E127/><V71/><F110/><W0/><G31/><T101/><D30/><U121/><E121/><V20/><F99/><W54/><G38/><T33/><D33/><U108/><E108/><V27/><F115/><W75/><G94/><T130/><D130/><U81/><E61/><V126/><F126/><W39/><G15/><T58/><D2/><U74/><E91/><V23/><F23/><W46/><G54/><N who="0" m="32087" /><D19/><U16/><E16/><V131/><F131/><W97/><G97/><N who="0" m="61615" /><D103/><U63/><E63/><V100/><F100/><W29/><G29/><T122/><D122/><U88/><E3/><V59/><REACH who="2" step="1"/><F71/><REACH who="2" ten="250,198,240,302" step="2"/><W77/><G69/><T118/><D118/><U51/><REACH who="1" step="1"/><E5/><REACH who="1" ten="250,188,240,302" step="2"/><V107/><F107/><W22/><G117/><T35/><D35/><U9/><E9/><V56/><F56/><W119/><G119/><T12/><D12/><U28/><E28/><V62/><F62/><W123/><G123/><T89/><D89/><U73/><E73/><V65/><F65/><W48/><G112/><T79/><D79/><U57/><E57/><V8/><F8/><W53/><G0/><T113/><D113/><U102/><E102/><V14/><F14/><W92/><G22/><T95/><D67/><U40/><E40/><V129/><F129/><W10/><G10/><T11/><D66/><U98/><E98/><V1/><F1/><W13/><G125/><RYUUKYOKU ba="0,2" sc="250,-15,188,15,240,15,302,-15" hai1="24,26,42,44,51,74,76,78,80,81,87,88,96" hai2="4,6,7,18,20,27,36,37,55,59,60,86,90" /><INIT seed="1,1,2,5,1,41" ten="235,203,255,287" oya="1" hai0="56,76,29,8,104,13,100,47,87,9,15,91,33" hai1="51,115,2,79,114,122,134,72,126,98,73,75,68" hai2="103,102,133,123,18,110,67,39,108,118,93,45,63" hai3="64,116,36,59,135,52,5,32,88,38,129,6,89"/><U1/><E122/><V44/><F118/><W96/><G32/><T85/><D104/><U60/><E79/><V83/><F123/><W77/><G77/><T0/><D100/><N who="2" m="38442" /><F39/><W106/><G106/><T19/><D0/><U62/><E126/><V34/><F34/><W120/><G120/><T55/><D33/><U49/><E98/><V113/><F133/><W31/><G64/><T48/><D29/><U12/><E12/><V119/><F119/><W54/><G59/><T65/><D76/><U17/><E17/><V28/><F113/><N who="1" m="43017" /><E68/><V94/><F83/><W71/><G71/><T84/><D65/><U107/><E107/><V43/><F28/><W101/><G101/><T30/><D30/><U24/><E24/><V35/><F35/><W130/><G31/><T109/><D109/><N who="2" m="42090" /><F18/><W26/><G116/><T124/><D124/><U57/><E134/><V99/><F43/><W58/><G135/><T132/><D132/><U111/><E111/><V61/><F67/><W7/><G26/><T42/><D91/><U80/><E80/><V81/><F81/><W22/><G5/><N who="0" m="3215" /><D42/><U25/><E25/><V14/><F14/><W4/><G4/><T105/><D105/><U69/><E1/><V23/><F23/><W37/><G96/><T78/><D78/><U125/><E2/><V127/><F127/><W121/><G121/><T46/><AGARI ba="1,2" hai="9,15,19,46,47,48,55,56,84,85,87" m="3215" machi="46" ten="30,4000,0" yaku="8,1,52,2" doraHai="41" who="0" fromWho="0" sc="235,63,203,-21,255,-11,287,-11" /><INIT seed="2,0,0,1,4,108" ten="298,182,244,276" oya="2" hai0="25,29,111,125,87,90,10,130,22,38,75,94,74" hai1="73,79,5,95,124,41,78,110,117,32,4,134,82" hai2="55,101,47,23,3,0,36,102,120,83,135,8,20" hai3="84,53,99,50,44,14,129,122,132,72,96,65,107"/><V63/><F120/><W69/><G72/><T45/><D111/><U70/><E110/><V56/><F135/><W49/><G122/><T59/><D125/><U28/><E117/><V112/><F112/><W97/><G132/><T109/><D109/><U52/><E134/><V118/><F118/><W115/><G129/><T48/><D130/><U121/><E121/><V85/><F36/><W123/><G123/><T128/><D128/><U35/><E124/><V43/><F0/><W133/><G133/><T27/><D59/><U86/><E70/><V76/><F3/><W119/><G119/><T13/><D27/><U61/><E41/><V12/><F43/><W77/><G107/><T105/><D105/><U92/><E28/><V6/><REACH who="2" step="1"/><F47/><REACH who="2" ten="298,182,234,276" step="2"/><W98/><G115/><T58/><D38/><U15/><E32/><V39/><F39/><W113/><G113/><T68/><D45/><U34/><E35/><V26/><F26/><W88/><G44/><T7/><D25/><U42/><E34/><V93/><F93/><W66/><G14/><T100/><D94/><U19/><E42/><V40/><F40/><W18/><G49/><T1/><D48/><U37/><E37/><V81/><F81/><W127/><G50/><T11/><D13/><U54/><E92/><V33/><F33/><W51/><G51/><T31/><D1/><U80/><E95/><V24/><F24/><W57/><G127/><T131/><D131/><U114/><E114/><V2/><F2/><W9/><G98/><T64/><D100/><AGARI ba="0,1" hai="6,8,12,20,23,55,56,63,76,83,85,100,101,102" machi="100" ten="40,3900,0" yaku="1,1,8,1,53,0" doraHai="108" doraHaiUra="30" who="2" fromWho="0" sc="298,-39,182,0,234,49,276,0" /><INIT seed="2,1,0,3,3,17" ten="259,182,283,276" oya="2" hai0="35,109,120,53,115,83,54,99,3,113,40,46,91" hai1="34,130,61,100,38,56,111,52,92,128,123,33,67" hai2="31,16,88,69,29,107,70,66,47,10,39,134,57" hai3="77,11,87,94,81,60,74,105,48,50,93,19,127"/><V102/><F134/><W27/><G127/><T51/><D120/><U75/><E123/><V125/><F125/><W72/><G105/><T42/><D35/><U0/><E0/><V26/><F107/><W118/><G118/><T95/><D3/><U36/><E75/><V25/><F102/><W64/><G74/><T124/><D124/><U86/><E33/><V5/><F57/><W110/><G110/><T126/><D126/><U108/><E34/><V73/><F73/><W18/><G72/><T76/><D109/><N who="1" m="42059" /><E86/><V55/><F66/><W58/><G18/><T80/><D115/><U117/><E92/><N who="3" m="35434" /><G11/><T122/><D122/><U82/><E82/><N who="0" m="31273" /><D76/><U8/><E8/><V119/><F119/><W116/><G116/><T22/><D113/><U14/><E14/><N who="2" m="7255" /><F5/><W2/><G2/><T24/><D42/><U15/><E15/><V132/><F39/><N who="1" m="14889" /><E100/><V78/><F78/><W65/><G65/><T85/><D85/><U41/><E41/><V135/><F135/><W30/><G30/><AGARI ba="1,0" hai="22,24,30,40,46,51,53,54,91,95,99" m="31273" machi="30" ten="30,2000,0" yaku="8,1,52,1" doraHai="17" who="0" fromWho="3" sc="259,23,182,0,283,0,276,-23" /><INIT seed="3,0,0,4,4,39" ten="282,182,283,253" oya="3" hai0="26,17,116,69,20,38,47,124,114,82,40,37,60" hai1="130,131,112,32,85,57,98,23,79,16,94,64,5" hai2="81,71,123,12,126,121,63,19,95,58,132,25,27" hai3="41,3,77,101,91,54,105,68,125,30,36,34,44"/><W92/><G3/><T110/><D116/><U1/><E32/><V50/><F132/><W89/><G125/><T45/><D124/><U4/><E112/><V113/><F113/><W28/><G68/><T102/><D114/><U135/><E135/><V9/><F126/><W6/><G6/><T33/><D110/><U108/><E108/><V99/><F71/><W72/><G34/><T84/><D102/><U127/><E127/><V46/><F81/><N who="3" m="45223" /><G89/><T11/><D33/><U15/><E1/><V10/><F10/><W0/><G54/><T87/><D11/><U22/><E22/><V109/><F109/><W21/><G21/><T96/><D96/><U111/><E111/><V70/><F70/><W129/><G0/><T76/><D87/><U80/><E130/><V122/><F58/><W83/><G83/><T49/><REACH who="0" step="1"/><D47/><REACH who="0" ten="272,182,283,253" step="2"/><U88/><E131/><V18/><F121/><W13/><G129/><T24/><D24/><U52/><REACH who="1" step="1"/><E64/><AGARI ba="0,1" hai="17,20,26,37,38,40,45,49,60,64,69,76,82,84" machi="64" ten="40,5200,0" yaku="1,1,52,1,53,1" doraHai="39" doraHaiUra="74" who="0" fromWho="1" sc="272,62,182,-52,283,0,253,0" owari="334,43.4,130,-37.0,283,8.3,253,-14.7" /></mjloggm>