<mjloggm ver="2.3"><GO type="225" lobby="0"/><UN n0="%E7%B4%94%E6%BD%94%E3%83%94%E3%83%A9%E3%83%8B%E3%82%A2" n1="%E5%B0%8F%E9%B3%A5%E9%81%8A%E7%B7%B4%E7%84%A1%32%31%E6%AD%B3" n2="%E5%AF%82%E5%AF%9E%E3%82%AE%E3%83%8D%E3%82%B9%E3%83%93%E3%83%BC%E3%83%AB" n3="%6D%75%75%6D%75%72%61" dan="17,16,16,16" rate="2238.90,2120.56,2138.54,2204.25" sx="M,F,M,F"/><TAIKYOKU oya="0"/><INIT seed="0,0,0,5,4,70" ten="250,250,250,250" oya="0" hai0="78,129,88,94,74,58,5,81,31,114,107,123,116" hai1="75,132,121,97,36,73,1,34,53,117,79,8,110" hai2="39,12,40,20,93,56,63,15,67,10,3,61,69" hai3="126,11,28,42,59,27,57,22,2,29,95,118,32"/><T24/><D123/><U9/><E79/><V124/><F124/><W62/><G118/><T89/><D116/><U55/><E97/><V122/><F122/><W99/><G126/><T37/><D114/><U19/><E19/><V48/><F20/><W33/><G42/><T96/><D129/><U54/><E34/><V18/><F93/><W90/><G29/><T87/><D5/><U60/><E117/><V113/><F113/><W102/><G90/><T52/><D37/><U16/><E60/><V135/><F135/><W25/><G25/><T125/><D125/><U35/><E132/><V133/><F133/><W84/><G84/><T4/><D4/><U77/><E35/><V115/><F115/><W50/><G2/><T13/><D13/><U68/><E1/><V104/><F104/><W106/><G11/><T49/><D107/><U92/><E121/><V119/><F119/><W100/><G100/><T82/><REACH who="0" step="1"/><D31/><REACH who="0" ten="240,250,250,250" step="2"/><U45/><E36/><V0/><F15/><W51/><G106/><T111/><D111/><U71/><E110/><V23/><F39/><W26/><G26/><AGARI ba="0,1" hai="24,26,49,52,58,74,78,81,82,87,88,89,94,96" machi="26" ten="40,7700,0" yaku="1,1,54,2,53,0" doraHai="70" doraHaiUra="108" who="0" fromWho="3" sc="240,87,250,0,250,0,250,-77" /><INIT seed="0,1,0,0,4,109" ten="327,250,250,173" oya="0" hai0="117,85,64,128,78,43,87,80,33,4,31,115,72" hai1="51,134,2,7,21,34,104,42,50,91,18,23,126" hai2="94,79,5,90,135,92,88,3,89,84,83,25,86" hai3="120,61,11,54,96,8,66,49,17,16,123,20,129"/><T122/><D117/><U100/><E34/><V37/><F37/><W62/><G129/><T9/><D122/><N who="3" m="46633" /><G96/><T103/><D128/><U6/><E134/><V132/><F25/><N who="3" m="14471" /><G17/><T35/><D64/><U41/><E126/><V44/><F44/><N who="3" m="27943" /><G62/><T113/><D103/><U75/><E75/><N who="2" m="43519" /><F5/><W55/><G55/><T14/><D43/><U71/><E42/><V130/><F3/><W82/><G82/><T53/><D53/><U98/><E41/><V45/><F45/><W111/><G111/><T124/><D124/><U63/><E2/><V67/><F67/><W48/><G48/><T118/><D118/><U70/><E63/><V110/><F110/><W76/><G76/><T95/><D72/><U58/><E50/><V101/><F130/><W15/><G15/><T46/><D46/><U57/><E51/><V107/><F90/><W119/><G119/><T59/><D59/><AGARI ba="1,0" hai="8,11,59,61,66" m="27943,14471,46633" machi="59" ten="30,2000,0" yaku="13,1,54,1" doraHai="109" who="3" fromWho="0" sc="327,-23,250,0,250,0,173,23" /><INIT seed="1,0,0,2,0,2" ten="304,250,250,196" oya="1" hai0="32,88,28,112,94,39,76,118,27,123,33,105,3" hai1="97,13,24,63,10,72,99,134,0,84,113,95,15" hai2="104,6,132,8,62,74,42,129,107,117,85,77,17" hai3="70,121,51,68,41,126,80,4,110,125,34,131,67"/><U128/><E72/><V116/><F17/><W38/><G121/><T20/><D105/><N who="2" m="40522" /><F85/><W87/><G34/><T109/><D39/><U81/><E113/><V64/><F42/><W11/><G38/><T23/><D118/><U115/><E134/><V73/><F132/><W101/><G101/><T98/><D3/><U16/><E0/><N who="2" m="71" /><F129/><W48/><G131/><T43/><D43/><U53/><E115/><V25/><F25/><W130/><G130/><T47/><D112/><U86/><E128/><V55/><F55/><W83/><G110/><T30/><D109/><U65/><E53/><V56/><F56/><W66/><G80/><T21/><D47/><U49/><E49/><N who="3" m="19018" /><G41/><T114/><D114/><U60/><E24/><V1/><F1/><N who="3" m="399" /><G70/><T37/><D37/><U89/><E13/><V52/><F73/><W29/><G29/><T26/><D123/><U91/><REACH who="1" step="1"/><E60/><REACH who="1" ten="304,240,250,196" step="2"/><V36/><F36/><W96/><G66/><T46/><D46/><U135/><E135/><V111/><F52/><W71/><G67/><T14/><D14/><U78/><E78/><AGARI ba="0,1" hai="20,21,23,26,27,28,30,32,33,76,78,88,94,98" machi="78" ten="40,2600,0" yaku="9,1,54,1" doraHai="2" who="0" fromWho="1" sc="304,36,240,-26,250,0,196,0" /><INIT seed="2,0,0,1,3,102" ten="340,214,250,196" oya="2" hai0="35,125,62,63,107,70,6,104,69,5,57,90,115" hai1="74,105,60,126,8,64,32,65,22,7,83,10,1" hai2="73,44,123,91,92,87,12,39,98,124,20,71,59" hai3="19,15,112,48,51,117,11,127,4,93,134,131,16"/><V29/><F71/><W27/><G117/><T80/><D80/><U0/><E32/><V55/><F123/><W42/><G127/><T121/><D90/><U72/><E22/><V88/><F73/><W66/><G131/><T46/><D46/><U86/><E126/><V25/><F124/><W47/><G134/><T30/><D30/><U135/><E135/><V40/><F12/><W68/><G112/><T31/><D31/><U94/><E94/><V108/><F108/><W85/><G48/><T45/><D45/><U113/><E113/><V67/><F67/><W101/><G27/><T18/><D125/><U17/><E17/><V36/><F36/><W24/><G24/><T79/><D18/><U78/><E64/><V76/><F76/><W119/><G119/><T118/><D79/><U34/><E34/><V99/><REACH who="2" step="1"/><F91/><REACH who="2" ten="340,214,240,196" step="2"/><W28/><G66/><N who="0" m="39247" /><D70/><U100/><E74/><V56/><F56/><W21/><G68/><T54/><D69/><U97/><E72/><V111/><F111/><W114/><G114/><T23/><D115/><U122/><E122/><V14/><F14/><W58/><G58/><T133/><D133/><U95/><E0/><V89/><F89/><W106/><G15/><T33/><D121/><U132/><E1/><V82/><F82/><W61/><G4/><T116/><D6/><U128/><E7/><V75/><F75/><W9/><G9/><N who="1" m="3690" /><E132/><V26/><F26/><N who="3" m="16463" /><G11/><T129/><D5/><U41/><E65/><V77/><F77/><W110/><G110/><T2/><D2/><U84/><E78/><V43/><F43/><W109/><G109/><RYUUKYOKU ba="0,1" sc="340,-10,214,-10,240,30,196,-10" hai2="20,25,29,39,40,44,55,59,87,88,92,98,99" /><INIT seed="2,1,1,3,4,114" ten="330,204,270,186" oya="2" hai0="43,92,67,109,54,57,99,21,39,27,75,61,129" hai1="79,14,26,9,108,78,104,96,68,17,3,37,77" hai2="133,49,51,23,93,84,83,82,121,72,5,111,4" hai3="80,76,74,42,20,2,63,31,97,98,40,126,87"/><V36/><F36/><W47/><G2/><T32/><D75/><U107/><E37/><V45/><F121/><W24/><G126/><T119/><D32/><U1/><E68/><V7/><F133/><W64/><G74/><T73/><D73/><U41/><E41/><V65/><F72/><W122/><G122/><T94/><D109/><U6/><E108/><V33/><F33/><W53/><G53/><T18/><D129/><U95/><E26/><V71/><F71/><W0/><G0/><T124/><D124/><U46/><E46/><V132/><F65/><W44/><G44/><T103/><D43/><U130/><E130/><V59/><F59/><W120/><G120/><T62/><D39/><U135/><E135/><V125/><F125/><W66/><G42/><T118/><D94/><U55/><E55/><N who="2" m="30127" /><F51/><W134/><G134/><T116/><D62/><U127/><E127/><V70/><F70/><W19/><G66/><AGARI ba="1,1" hai="18,21,27,54,57,61,66,67,92,99,103,116,118,119" machi="66" ten="40,8000,1" yaku="12,1,52,3" doraHai="114" who="0" fromWho="3" sc="330,93,204,0,270,0,186,-83" /><INIT seed="3,0,0,5,3,20" ten="423,204,270,103" oya="3" hai0="37,95,86,111,6,121,0,134,13,124,59,60,62" hai1="72,116,56,61,39,31,10,21,119,14,46,52,107" hai2="27,83,38,34,108,35,120,49,50,80,71,109,54" hai3="127,8,40,32,55,3,92,36,128,110,42,9,118"/><W57/><G118/><N who="1" m="45098" /><E107/><V130/><F38/><W100/><G127/><T78/><D124/><U23/><E72/><V91/><F71/><W68/><G68/><T77/><D60/><U101/><E101/><V105/><F105/><W106/><G106/><T18/><D13/><U2/><E2/><V43/><F130/><W117/><G117/><T74/><D86/><U66/><E31/><V73/><F120/><W5/><G128/><T103/><D62/><U85/><E85/><V53/><F43/><W82/><G110/><T47/><D59/><U17/><E66/><V98/><F91/><W114/><G114/><T24/><D78/><U11/><E23/><V123/><F98/><W19/><G32/><T58/><D18/><U102/><E102/><V25/><F123/><W30/><G30/><T115/><D47/><U112/><E112/><V75/><AGARI ba="0,0" hai="25,27,34,35,49,50,53,54,73,75,80,83,108,109" machi="75" ten="25,8000,1" yaku="0,1,22,2,52,2" doraHai="20" who="2" fromWho="2" sc="423,-20,204,-20,270,80,103,-40" owari="403,50.3,184,-21.6,350,15.0,63,-43.7" /></mjloggm>