<mjloggm ver="2.3"><GO type="225" lobby="0"/><UN n0="%E7%89%B9%E6%9D%B1%E3%81%AF%E4%B8%96%E7%95%8C%E3%82%92%E6%95%91%E3%81%86" n1="%6D%61%74%69%67%75%73%61" n2="%E6%A1%9C%E8%8A%B1%E9%96%83%E3%80%85" n3="%E7%9C%BC%E7%A7%91%E5%8C%BB" dan="16,17,17,16" rate="2129.21,2156.70,2206.66,2095.86" sx="M,M,M,M"/><TAIKYOKU oya="0"/><INIT seed="0,0,0,3,3,99" ten="250,250,250,250" oya="0" hai0="67,49,32,16,98,20,101,70,9,53,47,103,85" hai1="63,105,58,33,95,113,54,115,2,112,7,17,122" hai2="104,60,114,92,131,15,18,120,26,100,27,118,74" hai3="21,59,38,25,69,83,42,10,87,50,37,121,5"/><T22/><D32/><U134/><E122/><V96/><F120/><W86/><G69/><T68/><D67/><U36/><E105/><V64/><F114/><W1/><G121/><T78/><D70/><U133/><E36/><V94/><F74/><W55/><G42/><T29/><D68/><U24/><E95/><V56/><F131/><W106/><G106/><T46/><D46/><U135/><E17/><V119/><F94/><W3/><G3/><T13/><D98/><U30/><REACH who="1" step="1"/><E2/><REACH who="1" ten="250,240,250,250" step="2"/><V45/><F104/><W72/><G38/><T97/><D97/><U44/><E44/><V123/><F123/><W39/><G39/><T80/><D29/><U107/><E107/><V51/><F119/><W79/><REACH who="3" step="1"/><G37/><REACH who="3" ten="250,240,250,240" step="2"/><T117/><REACH who="0" step="1"/><D117/><REACH who="0" ten="240,240,250,240" step="2"/><U129/><E129/><V19/><F118/><W11/><G11/><T132/><D132/><U116/><E116/><V23/><REACH who="2" step="1"/><F19/><AGARI ba="0,3" hai="1,5,10,19,21,25,50,55,59,72,79,83,86,87" machi="19" ten="30,3900,0" yaku="1,1,7,1,53,1" doraHai="99" doraHaiUra="14" who="3" fromWho="2" sc="240,0,240,0,250,-39,240,69" /><INIT seed="1,0,0,5,1,125" ten="240,240,211,309" oya="1" hai0="14,19,104,68,46,28,12,63,64,4,70,84,132" hai1="69,5,65,57,87,62,13,29,122,99,17,37,33" hai2="124,61,116,0,38,35,74,51,86,82,80,102,92" hai3="26,114,96,11,24,100,22,39,83,94,131,21,97"/><U107/><E122/><V30/><F38/><W123/><G123/><T105/><D132/><U73/><E73/><V55/><F116/><W16/><G114/><T71/><D28/><U41/><E5/><V98/><F124/><W79/><G39/><T119/><D119/><U25/><E87/><V77/><F0/><W34/><G34/><T91/><D46/><U75/><E75/><V23/><F35/><W95/><G131/><T52/><D14/><U31/><E29/><V47/><F61/><W18/><G11/><T59/><D64/><U111/><E111/><V81/><REACH who="2" step="1"/><F74/><REACH who="2" ten="240,240,201,309" step="2"/><W130/><G130/><T56/><D4/><U76/><E37/><V115/><F115/><W45/><G45/><T9/><REACH who="0" step="1"/><D56/><REACH who="0" ten="230,240,201,309" step="2"/><U90/><E57/><V54/><F54/><W135/><G135/><T89/><D89/><U66/><E66/><V128/><F128/><W133/><G133/><T121/><D121/><U49/><E65/><V127/><F127/><W7/><G7/><T43/><D43/><U27/><E41/><V44/><F44/><W112/><G112/><T53/><D53/><U20/><E90/><V42/><F42/><W126/><G126/><T129/><D129/><U40/><E40/><V60/><F60/><W6/><G6/><T120/><D120/><U101/><E62/><V36/><F36/><W88/><G79/><T103/><D103/><U58/><E101/><V108/><F108/><W134/><G134/><T93/><AGARI ba="0,2" hai="9,12,19,52,59,63,68,70,71,84,91,93,104,105" machi="93" ten="30,4000,0" yaku="1,1,0,1,54,1,53,0" doraHai="125" doraHaiUra="78" who="0" fromWho="0" sc="230,60,240,-20,201,-10,309,-10" /><INIT seed="2,0,0,3,5,96" ten="290,220,191,299" oya="2" hai0="85,77,117,65,5,105,97,4,121,86,21,46,110" hai1="27,115,73,122,68,107,50,42,124,112,84,125,45" hai2="16,62,76,72,83,31,49,132,67,118,47,20,75" hai3="70,38,44,79,11,82,89,24,22,30,71,52,15"/><V93/><F132/><W120/><G120/><T0/><D121/><U106/><E122/><V2/><F118/><W29/><G29/><T56/><D117/><U134/><E73/><V39/><F2/><W100/><G89/><T35/><D35/><U131/><E68/><V43/><F31/><W63/><G100/><T25/><D110/><U34/><E84/><V37/><F93/><W103/><G103/><T32/><D32/><U12/><E12/><V40/><F40/><W108/><G108/><T1/><D46/><U3/><E131/><V104/><F104/><N who="1" m="39977" /><E3/><V61/><F75/><W8/><G8/><T9/><D77/><U87/><E87/><V101/><F101/><W59/><G44/><T130/><D97/><U91/><E91/><V123/><F123/><W23/><G23/><T57/><D105/><U92/><E92/><V102/><F102/><W81/><G38/><T13/><D130/><U111/><E111/><V98/><F98/><W55/><G55/><T69/><D69/><U113/><E134/><V99/><F99/><W109/><G82/><T78/><D5/><U28/><E125/><V74/><F74/><W48/><G48/><T19/><D86/><U53/><E124/><V10/><F10/><W95/><G95/><T14/><D0/><U64/><E42/><V54/><F43/><W51/><G51/><T18/><D65/><U80/><E80/><V116/><F116/><W26/><G26/><T6/><D1/><U135/><E135/><V133/><F133/><W33/><G109/><T41/><D41/><U128/><E128/><V94/><F67/><AGARI ba="0,0" hai="27,28,34,45,50,53,64,67,112,113,115" m="39977" machi="67" ten="40,1300,0" yaku="6,1" doraHai="96" who="1" fromWho="2" sc="290,0,220,13,191,-13,299,0" /><INIT seed="3,0,0,0,1,123" ten="290,233,178,299" oya="3" hai0="14,93,121,132,46,125,12,1,63,27,0,101,61" hai1="44,9,45,124,19,16,26,3,82,21,56,86,85" hai2="115,53,119,135,73,40,79,96,66,5,122,41,4" hai3="20,43,29,25,92,49,13,112,65,80,83,50,120"/><W102/><G120/><T18/><D121/><U126/><E56/><V91/><F122/><W69/><G112/><T22/><D132/><U48/><E85/><V55/><F115/><W39/><G39/><T60/><D125/><U8/><E44/><V103/><F119/><W59/><G69/><T62/><D46/><U2/><E2/><V51/><F135/><W100/><G13/><T108/><D108/><U105/><E105/><V32/><F32/><W117/><G117/><T81/><D81/><N who="3" m="31305" /><G43/><N who="2" m="16457" /><F73/><W75/><G75/><T111/><D111/><U11/><E3/><V30/><F30/><W33/><G33/><T97/><D14/><U116/><E116/><V15/><F66/><W98/><G100/><T113/><D113/><U58/><E126/><V134/><F134/><W6/><G6/><N who="2" m="2665" /><F79/><W23/><G23/><T38/><D38/><U17/><E124/><V114/><F114/><W28/><G28/><T133/><D133/><U127/><E127/><V129/><F129/><W118/><G118/><T57/><REACH who="0" step="1"/><D12/><REACH who="0" ten="280,233,178,299" step="2"/><U47/><E47/><N who="2" m="27903" /><F15/><W90/><G102/><T37/><D37/><U106/><E45/><V34/><F34/><W107/><G107/><T95/><D95/><U72/><E106/><V71/><F71/><W77/><G77/><T99/><D99/><U88/><E72/><V24/><F91/><W54/><G65/><AGARI ba="0,1" hai="0,1,18,22,27,57,60,61,62,63,65,93,97,101" machi="65" ten="40,5200,0" yaku="1,1,53,2" doraHai="123" doraHaiUra="35" who="0" fromWho="3" sc="280,62,233,0,178,0,299,-52" owari="342,44.2,233,-16.7,178,-32.2,247,4.7" /></mjloggm>