<mjloggm ver="2.3"><GO type="225" lobby="0"/><UN n0="%61%69%73%79%6F" n1="%72%69%6F%75%63%68%61%6E" n2="%E5%84%AA%40%41%42%43" n3="%E5%A4%96%E5%B7%9D%E7%AB%9C%E6%88%90" dan="17,17,18,16" rate="2225.01,2146.82,2200.40,2166.46" sx="M,M,M,M"/><TAIKYOKU oya="0"/><INIT seed="0,0,0,4,3,113" ten="250,250,250,250" oya="0" hai0="103,106,75,6,26,85,128,71,42,19,100,9,122" hai1="74,14,134,67,2,65,76,125,77,94,112,97,29" hai2="12,131,7,70,69,52,37,90,127,78,118,110,61" hai3="79,10,21,133,45,55,36,5,88,24,95,96,58"/><T126/><D122/><U99/><E2/><V15/><F37/><W43/><G133/><T63/><D75/><U108/><E134/><V30/><F78/><W64/><G79/><N who="1" m="30282" /><E74/><V123/><F123/><W82/><G82/><T0/><D128/><U120/><E120/><V73/><F30/><W27/><G64/><T39/><D126/><U121/><E121/><V11/><F73/><W33/><G33/><T119/><D119/><U80/><E108/><V1/><F110/><W18/><G27/><T83/><D106/><U4/><E125/><V98/><F131/><W117/><G117/><T102/><D71/><U41/><E112/><V124/><F118/><W17/><G17/><T114/><D63/><U81/><E29/><V31/><F31/><W130/><G130/><T22/><D114/><U44/><E80/><V3/><F70/><W101/><G101/><T62/><D62/><U16/><E4/><V66/><F52/><W32/><G32/><T28/><D28/><U25/><E81/><V53/><F53/><W135/><G135/><T59/><D59/><U89/><E25/><V51/><F51/><W35/><G35/><T38/><REACH who="0" step="1"/><D42/><REACH who="0" ten="240,250,250,250" step="2"/><U23/><E99/><V115/><F115/><W92/><G58/><T72/><D72/><U68/><E68/><V54/><F124/><W116/><G116/><T20/><D20/><U129/><E129/><V86/><F127/><W8/><G43/><T46/><D46/><U111/><E111/><V60/><F69/><W109/><G109/><T13/><D13/><U87/><E97/><V34/><F98/><W50/><G96/><RYUUKYOKU ba="0,1" sc="240,15,250,15,250,-15,250,-15" hai0="0,6,9,19,22,26,38,39,83,85,100,102,103" hai1="14,16,23,41,44,65,67,87,89,94" /><INIT seed="0,1,1,0,3,115" ten="255,265,235,235" oya="0" hai0="132,85,68,77,37,104,75,116,30,93,26,31,57" hai1="70,65,20,112,45,91,53,119,83,72,39,84,79" hai2="98,125,96,13,109,62,128,12,51,34,43,114,121" hai3="42,107,17,8,60,133,134,87,29,7,71,102,9"/><T135/><D104/><U88/><E119/><V105/><F121/><W4/><G29/><N who="0" m="10763" /><D68/><U52/><E112/><V90/><F34/><W35/><G35/><T129/><D37/><U76/><E76/><V50/><F105/><W19/><G42/><T131/><D75/><U124/><E124/><V110/><F125/><W130/><G130/><N who="0" m="49675" /><D26/><U38/><E91/><V97/><F114/><W78/><G102/><T81/><D116/><U28/><E65/><V24/><F24/><W10/><G107/><T22/><D22/><U73/><E70/><V99/><F128/><W1/><G71/><T100/><D57/><U123/><E123/><V111/><F62/><W113/><G60/><T59/><D59/><U2/><E73/><V95/><REACH who="2" step="1"/><F51/><REACH who="2" ten="255,265,225,235" step="2"/><W49/><G49/><T120/><D120/><U122/><E122/><V89/><F89/><W127/><G127/><T44/><D44/><AGARI ba="1,2" hai="12,13,43,44,50,90,95,96,97,98,99,109,110,111" machi="44" ten="50,3200,0" yaku="1,1,14,1,53,0" doraHai="115" doraHaiUra="55" who="2" fromWho="0" sc="255,-35,265,0,225,55,235,0" /><INIT seed="1,0,0,5,2,122" ten="220,265,280,235" oya="1" hai0="131,43,11,50,98,45,93,5,127,83,17,0,78" hai1="91,96,106,80,97,40,8,51,4,68,86,124,20" hai2="94,47,19,112,105,3,123,130,15,88,16,59,7" hai3="82,41,111,76,81,31,118,117,26,6,10,25,49"/><U126/><E68/><V128/><F105/><W73/><G111/><T23/><D131/><N who="2" m="50218" /><F123/><W101/><G101/><T125/><D23/><U116/><E116/><V110/><F110/><W18/><G82/><T115/><D115/><U113/><E113/><V30/><F3/><W12/><G41/><T35/><D35/><U69/><E69/><V104/><F104/><W95/><G95/><T2/><D2/><U34/><E34/><V100/><F100/><W71/><G71/><T77/><D17/><U121/><E121/><V84/><F30/><W37/><G37/><T57/><D57/><U24/><E106/><V55/><F47/><W65/><G65/><T44/><D44/><N who="1" m="25991" /><E126/><N who="0" m="48137" /><D83/><U52/><E124/><V89/><F89/><AGARI ba="0,0" hai="0,5,11,43,45,50,77,78,89,93,98" m="48137" machi="89" ten="30,1000,0" yaku="18,1" doraHai="122" who="0" fromWho="2" sc="220,10,265,0,280,-10,235,0" /><INIT seed="2,0,0,0,0,25" ten="230,265,270,235" oya="2" hai0="68,41,51,71,89,37,3,95,9,50,87,110,17" hai1="20,85,133,64,39,60,103,120,56,99,127,62,66" hai2="59,102,115,113,24,81,1,132,15,44,69,117,10" hai3="76,123,74,67,105,107,35,31,65,45,11,82,90"/><V111/><F69/><W36/><G123/><T6/><D110/><U98/><E120/><V83/><F117/><W93/><G11/><T135/><D135/><U129/><E133/><V134/><F1/><W94/><G94/><T118/><D118/><U108/><E108/><V32/><F111/><W58/><G36/><T131/><D131/><U63/><E39/><V52/><F102/><W42/><G58/><T21/><D37/><U18/><E129/><V86/><F44/><W101/><G65/><T70/><REACH who="0" step="1"/><D41/><REACH who="0" ten="220,265,270,235" step="2"/><U53/><E66/><V27/><F132/><W0/><G42/><T109/><D109/><U72/><E64/><V119/><F134/><W43/><G43/><T8/><D8/><U96/><E127/><V16/><F119/><W80/><G67/><T78/><D78/><U61/><E72/><V26/><F32/><W55/><G76/><T33/><D33/><U79/><E79/><V88/><REACH who="2" step="1"/><F83/><REACH who="2" ten="220,265,260,235" step="2"/><W54/><G80/><T121/><D121/><U2/><E2/><V124/><F124/><W30/><G82/><T19/><D19/><U23/><E18/><V77/><F77/><W128/><G0/><T75/><D75/><U126/><E126/><V14/><F14/><AGARI ba="0,2" hai="3,6,9,14,17,21,50,51,68,70,71,87,89,95" machi="14" ten="40,1300,0" yaku="1,1,53,0" doraHai="25" doraHaiUra="38" who="0" fromWho="2" sc="220,33,265,0,260,-13,235,0" /><INIT seed="3,0,0,5,1,40" ten="253,265,247,235" oya="3" hai0="75,110,130,59,10,82,94,27,34,105,77,56,41" hai1="32,108,19,44,28,126,35,125,47,102,95,37,30" hai2="0,132,134,50,66,63,112,16,53,46,55,29,116" hai3="33,54,65,24,11,14,21,83,89,57,71,58,101"/><W135/><G135/><N who="2" m="51753" /><F0/><W52/><G33/><N who="1" m="12874" /><E37/><V79/><F29/><N who="1" m="11369" /><E108/><V120/><F79/><W92/><G71/><T98/><D130/><U68/><E68/><N who="2" m="42079" /><F116/><W80/><G101/><T13/><D105/><U93/><E19/><V45/><F112/><W36/><G36/><T4/><D110/><U62/><E62/><V99/><F120/><W124/><G124/><N who="1" m="47722" /><E93/><V103/><F16/><N who="3" m="12327" /><G65/><T91/><D34/><U25/><E25/><V119/><F119/><W84/><G58/><T117/><D27/><U107/><E107/><N who="2" m="63999" /><F55/><N who="3" m="21035" /><G57/><AGARI ba="0,0" hai="45,46,50,53,57" m="63999,42079,51753" machi="57" ten="30,3900,0" yaku="20,1,52,2" doraHai="40" who="2" fromWho="3" sc="253,0,265,0,247,39,235,-39" /><INIT seed="4,0,0,3,4,52" ten="253,265,286,196" oya="0" hai0="99,10,80,133,33,25,134,85,67,29,96,127,114" hai1="57,13,73,72,90,104,78,26,65,31,4,7,88" hai2="128,20,107,1,36,23,11,121,123,94,63,46,35" hai3="92,76,132,28,108,82,41,54,98,58,61,55,83"/><T48/><D114/><U5/><E104/><V113/><F107/><W135/><G108/><T110/><D110/><U45/><E45/><V118/><F35/><W38/><G28/><T51/><D127/><U8/><E78/><V124/><F113/><W130/><G130/><T93/><D10/><U91/><E73/><V74/><F74/><W12/><G38/><T95/><D67/><U21/><E72/><V19/><F23/><W17/><G41/><T34/><D80/><U2/><E2/><V30/><F30/><W60/><G76/><T53/><D85/><U100/><E100/><V39/><F94/><W9/><G135/><T16/><D29/><U112/><E112/><V27/><F11/><W81/><G132/><T125/><D53/><U15/><E15/><V0/><F27/><W119/><G119/><T86/><D86/><U40/><E40/><V18/><F118/><W47/><G47/><T111/><D125/><U44/><E44/><V42/><F46/><W89/><REACH who="3" step="1"/><G55/><REACH who="3" ten="253,265,286,186" step="2"/><T106/><D111/><U3/><E3/><V84/><F42/><W116/><G116/><T14/><D134/><U126/><E126/><V43/><F43/><W6/><G6/><T50/><D133/><U79/><E79/><V64/><F124/><W49/><AGARI ba="0,1" hai="9,12,17,49,54,58,60,61,81,82,83,89,92,98" machi="49" ten="30,7900,0" yaku="1,1,0,1,8,1,52,1,53,0" doraHai="52" doraHaiUra="101" who="3" fromWho="3" sc="253,-39,265,-20,286,-20,186,89" /><INIT seed="5,0,0,1,0,46" ten="214,245,266,275" oya="1" hai0="19,30,114,105,71,69,22,27,116,57,72,54,107" hai1="28,35,10,103,98,82,132,79,65,118,131,3,0" hai2="11,67,63,78,85,42,76,38,74,84,97,24,48" hai3="128,33,36,121,133,73,12,129,134,126,47,56,88"/><U75/><E118/><V106/><F38/><W32/><G121/><T90/><D114/><U26/><E131/><N who="3" m="50250" /><G73/><T55/><D116/><U45/><E132/><N who="3" m="50794" /><G126/><T40/><D72/><U104/><E10/><V39/><F48/><W112/><G112/><T110/><D110/><U86/><E65/><V49/><F24/><W92/><G56/><T34/><D40/><U99/><E98/><V115/><F49/><W60/><G60/><T101/><D90/><U109/><E109/><V9/><F97/><N who="3" m="57479" /><G12/><T43/><D43/><AGARI ba="0,0" hai="32,33,36,43,47" m="57479,50794,50250" machi="43" ten="30,3900,0" yaku="19,1,20,1,54,1" doraHai="46" who="3" fromWho="0" sc="214,-39,245,0,266,0,275,39" owari="175,-32.5,245,-15.5,266,6.6,314,41.4" /></mjloggm>