<mjloggm ver="2.3"><GO type="225" lobby="0"/><UN n0="%E3%81%8B%E3%82%8F%E3%81%A1%E3%82%83%E3%82%93%35%38" n1="%4C%4F%4C%49%54%41" n2="%E3%82%BC%E3%83%AB%E3%83%80%E3%81%AE%E4%BC%9D%E8%AA%AC" n3="%E3%83%B4%E3%82%A3%E3%83%AF%E3%82%B3%E3%82%B0%E3%83%8B" dan="16,16,16,16" rate="2157.73,2143.04,2204.39,2174.92" sx="M,F,M,M"/><TAIKYOKU oya="0"/><INIT seed="0,0,0,2,1,94" ten="250,250,250,250" oya="0" hai0="12,119,104,102,63,72,126,34,24,54,23,120,81" hai1="85,28,41,93,76,111,96,58,52,105,64,42,84" hai2="116,29,38,50,133,69,77,47,78,22,70,36,18" hai3="20,51,49,115,132,2,74,21,106,128,91,110,10"/><T98/><D119/><U32/><E105/><V103/><F116/><W11/><G106/><T122/><D126/><U43/><E111/><V39/><F29/><W121/><G110/><T65/><D12/><U56/><E32/><V67/><F133/><W45/><G74/><T89/><D54/><U3/><E3/><V30/><F30/><W1/><G91/><T117/><D117/><U15/><E28/><V40/><F103/><W61/><G45/><T108/><D108/><U44/><E15/><V131/><F131/><W114/><G61/><T124/><D124/><U25/><E25/><V19/><F67/><W87/><G87/><N who="1" m="33354" /><E76/><V14/><REACH who="2" step="1"/><F19/><REACH who="2" ten="250,250,240,250" step="2"/><W79/><G132/><T118/><D118/><U125/><E64/><V92/><F92/><W33/><G128/><T0/><D104/><U5/><E125/><V97/><F97/><W26/><G33/><T62/><D34/><U109/><E109/><V53/><F53/><W35/><G35/><T88/><D65/><U27/><E5/><V68/><AGARI ba="0,1" hai="14,18,22,36,38,39,40,47,50,68,69,70,77,78" machi="68" ten="40,2700,0" yaku="1,1,0,1,53,0" doraHai="94" doraHaiUra="107" who="2" fromWho="2" sc="250,-13,250,-7,240,37,250,-7" /><INIT seed="1,0,0,2,4,89" ten="237,243,277,243" oya="1" hai0="3,120,51,61,42,122,26,84,70,5,98,121,31" hai1="99,36,58,87,123,55,13,21,25,41,79,24,8" hai2="76,125,128,106,20,71,53,68,11,129,27,86,63" hai3="50,10,1,62,6,47,115,35,14,132,103,38,54"/><U73/><E123/><V12/><F106/><W95/><G132/><T23/><D3/><U109/><E73/><V66/><F125/><W9/><G115/><T130/><D130/><N who="2" m="50282" /><F53/><W64/><G38/><T49/><D5/><U127/><E127/><V110/><F110/><W133/><G133/><T75/><D75/><U15/><E109/><V33/><F33/><W67/><G35/><T19/><D42/><U57/><E41/><V45/><F45/><W43/><G9/><T32/><D84/><U90/><E36/><V48/><F48/><W93/><G1/><T65/><REACH who="0" step="1"/><D98/><REACH who="0" ten="227,243,277,243" step="2"/><U74/><E99/><V37/><F86/><W102/><G43/><T78/><D78/><U97/><E97/><V83/><F76/><W92/><REACH who="3" step="1"/><G67/><REACH who="3" ten="227,243,277,233" step="2"/><T4/><D4/><U119/><E55/><V30/><F66/><W46/><G46/><T81/><D81/><U112/><E112/><V29/><F83/><W59/><AGARI ba="0,2" hai="6,10,14,47,50,54,59,62,64,92,93,95,102,103" machi="59" ten="30,12000,2" yaku="1,1,0,1,8,1,52,3,53,0" doraHai="89" doraHaiUra="105" who="3" fromWho="3" sc="227,-30,243,-60,277,-30,233,140" /><INIT seed="2,0,0,1,0,85" ten="197,183,247,373" oya="2" hai0="58,102,21,118,31,108,72,106,44,133,129,114,37" hai1="124,81,52,103,50,34,19,69,95,9,57,68,79" hai2="41,89,55,60,93,105,23,28,104,5,54,30,22" hai3="4,77,83,24,110,82,66,120,18,113,7,71,6"/><V11/><F41/><W43/><G110/><T100/><D58/><U74/><E34/><V8/><F93/><W119/><G119/><T17/><D44/><U53/><E124/><V48/><F48/><W32/><G120/><T122/><D21/><U26/><E53/><V25/><F89/><W0/><G83/><T70/><D17/><U61/><E50/><V27/><REACH who="2" step="1"/><F5/><REACH who="2" ten="197,183,237,373" step="2"/><W64/><G43/><T116/><D102/><U3/><E95/><V14/><F14/><W13/><G6/><T12/><D12/><U101/><E103/><V90/><F90/><W91/><G91/><T87/><D100/><U132/><E101/><V107/><F107/><W121/><G4/><T78/><D118/><U20/><E132/><V117/><F117/><W2/><G7/><T123/><D123/><U125/><E125/><V67/><F67/><W115/><G121/><T63/><D122/><U45/><E61/><AGARI ba="0,1" hai="8,11,22,23,25,27,28,30,54,55,60,61,104,105" machi="61" ten="25,4800,0" yaku="1,1,22,2,53,0" doraHai="85" doraHaiUra="92" who="2" fromWho="1" sc="197,0,183,-48,237,58,373,0" /><INIT seed="2,1,0,5,0,87" ten="197,135,295,373" oya="2" hai0="25,1,21,94,104,7,98,121,119,110,83,9,29" hai1="127,30,109,2,116,105,11,93,10,124,115,49,16" hai2="59,28,64,23,90,57,32,62,38,100,15,133,24" hai3="74,35,111,50,101,61,84,132,78,27,46,20,31"/><V6/><F133/><W125/><G111/><T89/><D110/><U92/><E115/><V0/><F38/><W52/><G74/><T123/><D119/><U36/><E116/><V4/><F100/><W129/><G132/><T48/><D104/><U14/><E36/><V88/><F59/><W97/><G125/><T96/><D96/><U77/><E109/><V39/><F39/><W33/><G129/><T81/><REACH who="0" step="1"/><D48/><REACH who="0" ten="187,135,295,373" step="2"/><U72/><E105/><V22/><F32/><W70/><G97/><T55/><D55/><U69/><E49/><V44/><F44/><W47/><G47/><T107/><D107/><U80/><E69/><V103/><F103/><W73/><G101/><T34/><D34/><U51/><E51/><V120/><F120/><AGARI ba="1,1" hai="1,7,9,21,25,29,81,83,89,94,98,120,121,123" machi="120" ten="40,5200,0" yaku="1,1,52,1,53,1" doraHai="87" doraHaiUra="17" who="0" fromWho="2" sc="187,65,135,0,295,-55,373,0" /><INIT seed="3,0,0,4,5,40" ten="252,135,240,373" oya="3" hai0="66,6,32,55,42,91,114,33,1,89,113,73,83" hai1="101,4,130,106,45,87,104,14,64,100,103,111,49" hai2="135,120,22,129,51,56,125,117,47,97,19,17,92" hai3="90,96,9,62,95,71,8,123,31,76,109,3,26"/><W108/><G123/><T36/><D66/><U127/><E111/><N who="3" m="42570" /><G3/><T134/><D55/><U58/><E127/><V65/><F117/><W115/><G115/><N who="0" m="44043" /><D134/><U72/><E130/><V59/><F129/><W112/><G112/><T116/><D116/><U20/><E72/><V110/><F110/><W124/><G124/><T37/><D6/><U57/><E64/><V38/><F38/><N who="0" m="14954" /><D42/><U126/><E126/><V84/><F125/><W82/><G62/><T118/><D1/><U34/><E34/><N who="0" m="13417" /><D118/><U63/><E63/><N who="2" m="38119" /><F135/><W50/><G50/><T70/><D70/><U44/><E101/><N who="2" m="60583" /><F120/><W18/><G71/><T0/><D0/><U121/><E121/><V15/><F84/><N who="3" m="48199" /><G31/><T99/><D99/><U54/><E87/><V29/><F29/><W39/><G39/><T81/><D81/><U119/><E119/><V35/><F35/><W107/><G96/><T2/><D2/><U41/><E41/><V75/><F75/><W86/><G86/><T43/><D43/><U88/><E54/><V46/><F19/><W48/><G18/><T25/><D25/><U133/><E133/><V78/><F78/><AGARI ba="0,0" hai="73,78,83,89,91" m="13417,14954,44043" machi="78" ten="40,1300,0" yaku="11,1" doraHai="40" who="0" fromWho="2" sc="252,13,135,0,240,-13,373,0" owari="265,6.5,135,-36.5,227,-17.3,373,47.3" /></mjloggm>