<mjloggm ver="2.3"><GO type="225" lobby="0"/><UN n0="%E9%80%9F%E6%B0%B4%E5%87%9B%E9%A6%99" n1="%E6%98%93%E5%88%A9%E8%96%A9%E4%BC%AF" n2="%47%32%E9%BE%8D%E9%96%80" n3="%E5%B8%86%E7%AB%8B%E5%A4%8F%E8%A1%A3" dan="16,16,16,17" rate="2155.89,2132.49,2093.60,2187.76" sx="F,F,M,M"/><TAIKYOKU oya="0"/><INIT seed="0,0,0,4,2,124" ten="250,250,250,250" oya="0" hai0="16,88,100,15,55,48,56,87,76,122,78,50,61" hai1="102,54,11,7,31,20,36,73,135,3,91,12,112" hai2="65,106,6,94,1,116,26,24,120,5,58,75,103" hai3="71,125,97,83,49,53,14,23,68,63,59,19,46"/><T37/><D37/><U30/><E36/><V69/><F120/><W98/><G125/><T118/><D100/><U84/><E73/><V2/><F75/><W129/><G129/><T27/><D27/><U130/><E112/><V21/><F69/><W90/><G71/><T34/><D34/><U113/><E113/><V95/><F106/><W121/><G68/><T4/><D4/><U32/><E102/><V18/><F116/><W64/><G121/><T67/><D118/><U42/><E42/><V57/><F103/><W85/><AGARI ba="0,0" hai="14,19,23,46,49,53,59,63,64,83,85,90,97,98" machi="85" ten="30,2000,0" yaku="0,1,8,1" doraHai="124" who="3" fromWho="3" sc="250,-10,250,-5,250,-5,250,20" /><INIT seed="1,0,0,2,2,48" ten="240,245,245,270" oya="1" hai0="81,31,43,53,78,34,126,83,63,41,111,44,103" hai1="94,127,56,19,98,73,52,8,101,119,72,86,21" hai2="112,76,109,47,96,100,87,115,124,6,25,50,84" hai3="5,108,117,1,93,131,35,29,51,106,14,27,125"/><U85/><E119/><V128/><F109/><W121/><G106/><T90/><D111/><U46/><E127/><V28/><F124/><W38/><G38/><T4/><D126/><U74/><E8/><V105/><F6/><W60/><G125/><T54/><D103/><U95/><E46/><V24/><F128/><W99/><G108/><T13/><D34/><U104/><E104/><V57/><F57/><W45/><G117/><T36/><D31/><U75/><N who="1" m="18432" /><DORA hai="134" /><U7/><E95/><V23/><F24/><W123/><G131/><T77/><D63/><U55/><E7/><V2/><F2/><W71/><G1/><T42/><D90/><U113/><E113/><N who="2" m="43595" /><F76/><N who="0" m="29290" /><D44/><U107/><E107/><V65/><F65/><W129/><G129/><T80/><D36/><U88/><E101/><V22/><F23/><W16/><G5/><T62/><D62/><U32/><E32/><V30/><F30/><W20/><G60/><T61/><D61/><U37/><E37/><V110/><F110/><W10/><G71/><T18/><D4/><U70/><E70/><V64/><F64/><W130/><G35/><T120/><D120/><U49/><REACH who="1" step="1"/><E55/><AGARI ba="0,0" hai="22,25,28,47,50,55,84,87,96,100,105" m="43595" machi="55" ten="30,2000,0" yaku="11,1,52,1" doraHai="48,134" who="2" fromWho="1" sc="240,0,245,-20,245,20,270,0" /><INIT seed="2,0,0,0,2,1" ten="240,225,265,270" oya="2" hai0="24,109,78,37,17,103,51,31,49,38,124,131,47" hai1="67,133,53,130,30,44,40,61,34,120,33,91,18" hai2="77,15,126,42,106,82,21,29,9,20,72,92,129" hai3="85,87,115,127,70,46,10,74,2,101,107,110,28"/><V132/><F106/><W116/><G116/><T22/><D78/><U14/><E130/><V86/><F129/><W117/><G117/><T55/><D131/><U97/><E133/><V114/><F114/><W52/><G70/><T89/><D109/><U69/><E120/><V75/><F132/><W94/><G74/><T99/><D124/><U35/><E53/><V12/><F126/><W7/><G127/><T102/><D89/><U4/><E97/><V41/><F72/><W119/><G119/><T27/><D51/><U66/><E66/><V59/><F59/><W134/><G134/><T60/><D60/><U121/><E91/><V93/><F15/><N who="3" m="5599" /><G107/><T100/><REACH who="0" step="1"/><D99/><REACH who="0" ten="230,225,265,270" step="2"/><U65/><E121/><V43/><F75/><W36/><G110/><T98/><D98/><U48/><E67/><V95/><REACH who="2" step="1"/><F29/><REACH who="2" ten="230,225,255,270" step="2"/><W3/><G28/><T8/><D8/><U73/><E73/><V84/><F84/><W104/><G87/><T23/><AGARI ba="0,2" hai="17,22,23,24,27,31,37,38,47,49,55,100,102,103" machi="23" ten="30,2000,0" yaku="1,1,0,1,53,0" doraHai="1" doraHaiUra="0" who="0" fromWho="0" sc="230,40,225,-5,255,-10,270,-5" /><INIT seed="3,0,0,4,5,130" ten="270,220,245,265" oya="3" hai0="91,5,108,28,13,105,118,117,93,110,7,88,1" hai1="17,46,42,74,112,97,128,76,4,52,0,58,25" hai2="111,34,37,119,9,10,101,54,31,129,12,120,23" hai3="90,82,3,2,121,96,11,75,116,14,43,60,35"/><W64/><G116/><N who="0" m="44651" /><D105/><U39/><E112/><V59/><F119/><W85/><G121/><T27/><D1/><U134/><E128/><V26/><F129/><W70/><G75/><T19/><D93/><U71/><E71/><V30/><F111/><N who="0" m="42538" /><D88/><U48/><E97/><V44/><F120/><W68/><G68/><T16/><D91/><U103/><E103/><V89/><F101/><W79/><G43/><T67/><D67/><U100/><E100/><V66/><F89/><W123/><G35/><N who="0" m="20895" /><D19/><U126/><E126/><V22/><F66/><W47/><G123/><T94/><D94/><U62/><E62/><V81/><F81/><W61/><G61/><T99/><D99/><U50/><E50/><V65/><F65/><W87/><G96/><T20/><AGARI ba="0,0" hai="5,7,13,16,20" m="20895,42538,44651" machi="20" ten="30,7900,0" yaku="14,1,34,2,54,1" doraHai="130" who="0" fromWho="0" sc="270,79,220,-20,245,-20,265,-39" owari="349,44.9,200,-30.0,225,-17.5,226,2.6" /></mjloggm>