<mjloggm ver="2.3"><GO type="225" lobby="0"/><UN n0="%E3%81%93%E3%81%91%E6%A4%8D%E7%89%A9" n1="%E3%83%8F%E3%83%B3%E3%83%89%E3%83%A9%E3%83%BC%E3%83%BB%E3%83%AF%E3%83%B3" n2="%E7%89%B9%E6%9D%B1%E3%81%AF%E4%B8%96%E7%95%8C%E3%82%92%E6%95%91%E3%81%86" n3="%E3%81%BF%E3%81%BF%E3%81%9A" dan="16,17,16,18" rate="2096.94,2204.84,2051.65,2231.53" sx="M,M,M,M"/><TAIKYOKU oya="0"/><INIT seed="0,0,0,0,4,110" ten="250,250,250,250" oya="0" hai0="116,40,12,59,103,85,10,98,71,66,58,65,132" hai1="19,64,99,37,7,34,131,3,8,69,14,55,127" hai2="124,88,96,108,105,26,1,114,22,13,51,28,42" hai3="113,67,102,41,15,36,86,56,90,9,73,95,16"/><T135/><D116/><U123/><E123/><V5/><F1/><W32/><G32/><T57/><D85/><U45/><E34/><V121/><F121/><W93/><G73/><T115/><D40/><U92/><E131/><V125/><F108/><W25/><G113/><T100/><D115/><U126/><E64/><N who="0" m="24681" /><D71/><U120/><E69/><V20/><F114/><W130/><G130/><T2/><D2/><U38/><E120/><V112/><F112/><W48/><G36/><T107/><D100/><U104/><E104/><V82/><F105/><W33/><G33/><T78/><D78/><U117/><E117/><V106/><F106/><W83/><G102/><T60/><D60/><U11/><E55/><V75/><F75/><W79/><G67/><T70/><D70/><U128/><E128/><V76/><F76/><W77/><G25/><T87/><D87/><U0/><E0/><V49/><F42/><W35/><G35/><T74/><D74/><U44/><E38/><V31/><F82/><W111/><G111/><T23/><D23/><U47/><REACH who="1" step="1"/><E37/><REACH who="1" ten="250,240,250,250" step="2"/><V62/><F125/><W46/><G56/><T80/><D135/><U129/><E129/><V134/><F124/><W63/><G63/><T43/><D132/><U91/><AGARI ba="0,1" hai="3,7,8,11,14,19,44,45,47,91,92,99,126,127" machi="91" ten="30,2000,0" yaku="1,1,0,1,53,0" doraHai="110" doraHaiUra="53" who="1" fromWho="1" sc="250,-10,240,30,250,-5,250,-5" /><INIT seed="1,0,0,3,5,104" ten="240,270,245,245" oya="1" hai0="7,57,94,75,95,69,67,59,115,112,56,44,93" hai1="101,117,131,22,116,16,20,126,82,87,6,63,3" hai2="85,107,84,23,135,121,97,103,41,30,31,122,19" hai3="29,43,54,21,64,74,49,17,24,76,72,62,46"/><U109/><E131/><V80/><F135/><W86/><G76/><T12/><D44/><U39/><E39/><V66/><F41/><W45/><G86/><T102/><D102/><U98/><E126/><V79/><F66/><W40/><G29/><T4/><D67/><U51/><E63/><V11/><F11/><W123/><G123/><T35/><D12/><U108/><E51/><V119/><F119/><W28/><G28/><T58/><N who="0" m="14336" /><DORA hai="50" /><T68/><D35/><U78/><E6/><N who="0" m="2089" /><D75/><U105/><E22/><V113/><F113/><AGARI ba="0,0" hai="68,69,93,94,95,112,113,115" m="2089,14336" machi="113" ten="50,3200,0" yaku="28,2" doraHai="104,50" who="0" fromWho="2" sc="240,32,270,0,245,-32,245,0" /><INIT seed="2,0,0,4,4,38" ten="272,270,213,245" oya="2" hai0="60,26,62,5,13,123,55,116,134,41,12,61,114" hai1="49,121,15,97,18,100,106,46,96,90,129,0,80" hai2="9,4,98,109,16,81,105,117,72,87,69,125,76" hai3="48,19,88,124,131,104,23,7,22,75,32,135,53"/><V43/><F117/><W28/><G75/><T58/><D116/><U57/><E0/><V70/><F125/><W122/><G122/><T113/><D123/><U99/><E121/><V35/><F35/><W27/><G124/><T52/><D134/><U111/><E111/><V118/><F118/><W85/><G135/><T108/><D108/><U14/><E57/><V66/><F109/><W64/><G131/><T95/><D26/><U54/><E14/><V107/><F87/><W44/><G104/><T110/><D110/><U65/><E65/><V21/><F43/><W36/><G7/><T47/><D13/><U42/><E129/><V102/><F107/><W120/><G120/><T94/><D113/><U40/><E97/><V63/><F9/><W59/><G19/><T68/><D68/><U34/><E34/><V67/><F4/><W10/><G10/><N who="0" m="4175" /><D114/><U133/><E133/><V103/><F103/><W17/><G17/><T71/><D71/><U39/><E39/><V1/><F1/><W20/><G36/><T24/><D24/><U126/><E126/><V25/><REACH who="2" step="1"/><F67/><REACH who="2" ten="272,270,203,245" step="2"/><W92/><G32/><T128/><D41/><N who="1" m="15979" /><E100/><V3/><F3/><W78/><G78/><T50/><D128/><U33/><E33/><V30/><F30/><W101/><G101/><T82/><D82/><U51/><E106/><V115/><F115/><W73/><G73/><T74/><D74/><U77/><E80/><V127/><F127/><W83/><G83/><T86/><D86/><U29/><E29/><V89/><F89/><W2/><G2/><T6/><D6/><U11/><E90/><RYUUKYOKU ba="0,1" sc="272,10,270,-30,203,10,245,10" hai0="47,50,52,55,58,60,61,62,94,95" hai2="16,21,25,63,66,69,70,72,76,81,98,102,105" hai3="20,22,23,27,28,44,48,53,59,64,85,88,92" /><INIT seed="2,1,1,4,4,4" ten="282,240,213,255" oya="2" hai0="1,113,107,42,126,133,18,81,66,78,35,27,11" hai1="7,97,47,25,77,91,131,85,111,115,33,60,112" hai2="67,73,19,96,21,92,86,68,123,69,15,48,34" hai3="101,59,52,54,127,3,109,10,124,17,43,135,36"/><V102/><F123/><W20/><G101/><T95/><D107/><U117/><E117/><V29/><F73/><W76/><G76/><T93/><D126/><N who="3" m="48169" /><G109/><T99/><D133/><U103/><E111/><V130/><F130/><W24/><G135/><T70/><D42/><U134/><E77/><V108/><F108/><W37/><G43/><T114/><D95/><U45/><E131/><V28/><F34/><W84/><G84/><T26/><D26/><U125/><E125/><V62/><F68/><W121/><G121/><T23/><D35/><U110/><E134/><V128/><F128/><W87/><G87/><T39/><D66/><U100/><E100/><V129/><F129/><W46/><G46/><T64/><D64/><U104/><E110/><V75/><F75/><W6/><G54/><T49/><D70/><U32/><E32/><V71/><F71/><W2/><G3/><T79/><D39/><U12/><E47/><V106/><REACH who="2" step="1"/><F48/><AGARI ba="1,1" hai="2,6,10,17,20,24,36,37,48,52,59" m="48169" machi="48" ten="30,3900,0" yaku="18,1,52,1,54,1" doraHai="4" who="3" fromWho="2" sc="282,0,240,0,213,-42,255,52" /><INIT seed="3,0,0,5,4,132" ten="282,240,171,307" oya="3" hai0="37,51,81,106,28,72,125,7,42,2,74,4,131" hai1="89,94,29,48,41,78,54,96,20,112,75,14,87" hai2="11,79,63,24,3,17,53,35,61,116,73,93,66" hai3="76,90,19,83,33,130,67,119,111,26,80,8,58"/><W88/><G119/><T105/><D28/><U36/><E112/><V102/><F116/><W25/><G130/><T70/><D7/><U71/><E71/><V12/><F3/><W47/><G111/><T45/><D131/><U86/><E75/><V127/><F127/><W64/><G47/><T31/><D51/><U124/><E124/><V121/><F121/><W30/><G83/><T13/><D13/><U16/><E78/><V100/><F93/><W110/><G110/><T134/><D134/><U108/><E108/><V56/><F35/><W107/><G107/><T135/><D135/><U123/><E123/><V122/><F122/><W120/><G120/><T49/><D49/><U34/><E36/><V114/><F114/><W39/><G39/><T101/><D125/><U84/><E41/><V109/><F109/><W82/><G82/><T92/><D92/><U129/><E129/><V85/><F73/><N who="0" m="28266" /><D81/><U1/><E1/><V115/><F115/><W69/><G69/><T65/><D31/><U57/><E96/><V104/><F104/><W77/><G58/><T40/><D101/><U18/><E18/><V5/><F79/><N who="3" m="30283" /><G80/><T10/><D42/><U103/><E103/><V38/><F38/><W97/><G97/><T23/><D23/><U126/><E126/><V95/><F85/><W98/><G98/><T43/><D43/><U21/><E21/><N who="2" m="13359" /><F95/><W113/><G113/><T99/><D99/><U52/><E54/><V46/><F46/><W128/><G128/><T55/><D55/><U60/><E60/><V59/><F63/><W118/><G118/><T62/><AGARI ba="0,0" hai="2,4,10,37,40,45,62,65,70,105,106" m="28266" machi="62" ten="30,4000,0" yaku="5,1,33,2" doraHai="132" who="0" fromWho="0" sc="282,40,240,-10,171,-10,307,-20" owari="322,42.2,230,-17.0,161,-33.9,287,8.7" /></mjloggm>