<mjloggm ver="2.3"><GO type="225" lobby="0"/><UN n0="%E3%82%BF%E3%83%BC%E3%83%90%E3%83%B3%E9%87%8E%E5%8F%A3" n1="%E3%83%97%E3%83%AC%E3%83%B4%E3%82%A1%E3%83%86%E3%82%A3" n2="%6D%61%74%69%67%75%73%61" n3="%E3%81%BF%E3%81%BF%E3%81%9A" dan="16,16,17,16" rate="2125.60,2108.62,2235.19,2139.66" sx="M,F,M,M"/><TAIKYOKU oya="0"/><INIT seed="0,0,0,5,5,86" ten="250,250,250,250" oya="0" hai0="7,68,84,104,65,76,109,23,54,40,58,133,14" hai1="0,16,127,50,66,44,114,61,20,123,13,55,10" hai2="56,49,97,92,57,53,12,99,27,62,130,110,6" hai3="18,81,29,120,117,8,34,15,45,4,59,122,115"/><T74/><D104/><U2/><E123/><N who="3" m="47146" /><G45/><T106/><D106/><U105/><E105/><V101/><F110/><W82/><G115/><T91/><D133/><U19/><E114/><V39/><F130/><W107/><G117/><T26/><D40/><U75/><E75/><V25/><F39/><W94/><G107/><T111/><D68/><U37/><E37/><V118/><F97/><W71/><G71/><T36/><D65/><U21/><E127/><V131/><F131/><W67/><G94/><T129/><D36/><U22/><REACH who="1" step="1"/><E19/><REACH who="1" ten="250,240,250,250" step="2"/><V1/><F118/><W89/><G18/><T28/><D129/><U32/><E32/><V47/><F1/><W38/><G38/><T69/><D74/><U42/><E42/><N who="2" m="24823" /><F57/><AGARI ba="0,1" hai="0,2,10,13,16,20,21,22,44,50,55,57,61,66" machi="57" ten="40,2600,0" yaku="1,1,54,1,53,0" doraHai="86" doraHaiUra="83" who="1" fromWho="2" sc="250,0,240,36,250,-26,250,0" /><INIT seed="1,0,0,3,4,30" ten="250,276,224,250" oya="1" hai0="57,127,62,82,16,48,38,37,120,39,101,24,44" hai1="116,76,18,73,43,107,106,72,61,66,79,36,85" hai2="94,42,131,0,122,110,7,53,40,123,108,91,23" hai3="47,71,78,135,95,105,74,52,65,46,19,67,58"/><U124/><E116/><V51/><F23/><W5/><G105/><T63/><D127/><U103/><E36/><V129/><F7/><W6/><G135/><T132/><D132/><U60/><E43/><N who="2" m="16427" /><F91/><W115/><G115/><T83/><D101/><U68/><E124/><V75/><F94/><W99/><G71/><T102/><D102/><U35/><E103/><V21/><F21/><W111/><G111/><N who="2" m="42537" /><F75/><W93/><G78/><T25/><D57/><U128/><E18/><V133/><F0/><W55/><G74/><T1/><D1/><U12/><E12/><V20/><F20/><W2/><G2/><T84/><D84/><U119/><E85/><V121/><F133/><W49/><G19/><T11/><D11/><U125/><E125/><V29/><F29/><W130/><G130/><T109/><D16/><U90/><E90/><V10/><F10/><W54/><G54/><T41/><D109/><U22/><E22/><V92/><F92/><N who="3" m="35403" /><G99/><T13/><D13/><U31/><E31/><V114/><F114/><W28/><G28/><T70/><D83/><U3/><E3/><V4/><F4/><N who="3" m="1643" /><G46/><AGARI ba="0,0" hai="46,51,53,121,122,123,129,131" m="42537,16427" machi="46" ten="40,5200,0" yaku="14,1,34,2" doraHai="30" who="2" fromWho="3" sc="250,0,276,0,224,52,250,-52" /><INIT seed="2,0,0,4,3,71" ten="250,276,276,198" oya="2" hai0="112,29,121,127,13,124,111,8,55,125,63,41,15" hai1="70,37,17,58,0,14,20,95,122,101,117,76,21" hai2="40,3,106,23,53,123,97,42,12,100,128,132,52" hai3="48,103,57,86,108,130,79,35,28,27,10,32,131"/><V87/><F123/><W39/><G108/><T24/><D121/><U46/><E122/><V25/><F3/><W77/><G103/><T56/><D112/><U9/><E117/><V18/><F128/><W114/><G114/><T98/><D111/><U90/><E70/><V54/><F132/><W96/><G96/><T68/><D68/><U60/><E0/><V34/><REACH who="2" step="1"/><F87/><REACH who="2" ten="250,276,266,198" step="2"/><W22/><G86/><T47/><D98/><U7/><E101/><V93/><F93/><W82/><G131/><T45/><D8/><U110/><E110/><V30/><AGARI ba="0,1" hai="12,18,23,25,30,34,40,42,52,53,54,97,100,106" machi="30" ten="30,6000,0" yaku="1,1,0,1,54,1,53,0" doraHai="71" doraHaiUra="73" who="2" fromWho="2" sc="250,-20,276,-20,266,70,198,-20" /><INIT seed="2,1,0,4,0,106" ten="230,256,336,178" oya="2" hai0="68,124,25,24,122,34,13,18,134,8,31,11,110" hai1="70,48,78,26,107,54,2,132,56,112,119,12,73" hai2="127,131,52,89,47,28,87,93,53,40,50,32,116" hai3="0,104,63,44,51,99,65,71,27,10,29,113,84"/><V117/><F131/><W128/><G128/><T22/><D68/><U6/><E119/><V129/><F129/><W75/><G113/><T64/><D64/><U92/><E112/><V98/><F127/><W80/><G0/><T4/><D122/><U21/><E107/><V45/><F32/><W86/><G10/><N who="0" m="4295" /><D124/><U46/><E70/><V83/><F28/><W16/><G16/><N who="0" m="12359" /><D110/><U126/><E126/><V76/><REACH who="2" step="1"/><F53/><REACH who="2" ten="230,256,326,178" step="2"/><W123/><G123/><T97/><D134/><U33/><E132/><V115/><F115/><W55/><G29/><N who="0" m="19759" /><D97/><U72/><E33/><V17/><F17/><W37/><G99/><T82/><D82/><U95/><E54/><V121/><F121/><W118/><G80/><T19/><D31/><U39/><E6/><V103/><F103/><W58/><G55/><T59/><D59/><U102/><E56/><V14/><F14/><W5/><G27/><T36/><D36/><AGARI ba="1,1" hai="36,40,45,47,50,52,76,83,87,89,93,98,116,117" machi="36" ten="30,5800,0" yaku="1,1,7,1,54,1,53,0" doraHai="106" doraHaiUra="101" who="2" fromWho="0" sc="230,-61,256,0,326,71,178,0" /><INIT seed="2,2,0,3,1,0" ten="169,256,397,178" oya="2" hai0="32,84,123,107,60,89,117,100,95,81,127,37,68" hai1="63,74,90,64,39,105,83,10,35,65,49,125,47" hai2="12,17,11,45,75,54,24,69,4,14,20,44,13" hai3="22,27,19,5,85,133,40,28,104,101,31,38,33"/><V77/><F69/><W9/><G133/><T126/><D32/><U55/><E35/><V79/><F75/><W121/><G121/><T130/><D37/><U46/><E105/><V103/><F103/><W102/><G85/><T52/><D68/><U94/><E125/><V16/><F13/><W29/><G33/><T70/><D70/><U99/><E63/><V80/><F54/><W1/><REACH who="3" step="1"/><G104/><REACH who="3" ten="169,256,397,168" step="2"/><T48/><D123/><U108/><E74/><V88/><F79/><W135/><G135/><T7/><D107/><U109/><E83/><V86/><F77/><W98/><G98/><T118/><D130/><U41/><E109/><V124/><F124/><N who="0" m="47658" /><D60/><U116/><E108/><V43/><F43/><W78/><G78/><T134/><D134/><U128/><E128/><V56/><F56/><W42/><G42/><T114/><D118/><U58/><E116/><V92/><F80/><W34/><G34/><T111/><D117/><U25/><E58/><V61/><F61/><W59/><G59/><N who="0" m="33159" /><D111/><U106/><E106/><V96/><F96/><W6/><G6/><T2/><D81/><U93/><E93/><V18/><F4/><W76/><G76/><T119/><D119/><U15/><REACH who="1" step="1"/><E25/><REACH who="1" ten="169,246,397,168" step="2"/><V91/><F92/><W36/><G36/><T26/><D95/><U3/><E3/><V131/><F131/><W110/><G110/><T50/><D26/><U71/><E71/><V115/><F24/><W132/><G132/><T112/><D2/><U113/><E113/><V82/><F115/><W122/><G122/><T51/><D114/><U30/><E30/><V87/><F82/><RYUUKYOKU ba="2,2" sc="169,-15,246,15,397,-15,168,15" hai1="10,15,39,41,46,47,49,55,64,65,90,94,99" hai3="1,5,9,19,22,27,28,29,31,38,40,101,102" /><INIT seed="3,3,2,2,1,102" ten="154,261,382,183" oya="3" hai0="34,9,101,60,49,10,95,87,132,130,22,79,55" hai1="1,94,117,91,98,21,59,67,74,115,82,112,27" hai2="63,44,119,107,5,18,110,64,14,61,123,54,37" hai3="73,23,77,131,114,105,40,13,48,32,111,125,128"/><W83/><G114/><T47/><D34/><U11/><E117/><V36/><F107/><W45/><G32/><T116/><D116/><U92/><E74/><V113/><F110/><W33/><G33/><T41/><D130/><N who="3" m="49705" /><G111/><T89/><D132/><U2/><E82/><V42/><F5/><W84/><G125/><T86/><D101/><U12/><E1/><V56/><F123/><W80/><G105/><T46/><D22/><U135/><E2/><V120/><F120/><W93/><G93/><T52/><D60/><U0/><E0/><V29/><F29/><W24/><G13/><T6/><D6/><U90/><E135/><V35/><F35/><W51/><G51/><N who="0" m="27087" /><D55/><U7/><E67/><V68/><F119/><W71/><G71/><T85/><D79/><U43/><E43/><V39/><F113/><W104/><G104/><T25/><D25/><U78/><E78/><V126/><F126/><W81/><G73/><T96/><AGARI ba="3,2" hai="9,10,47,49,52,85,86,87,89,95,96" m="27087" machi="96" ten="30,2000,0" yaku="8,1,54,1" doraHai="102" who="0" fromWho="0" sc="154,49,261,-8,382,-8,183,-13" owari="203,-19.7,253,5.3,374,47.4,170,-33.0" /></mjloggm>