<mjloggm ver="2.3"><GO type="225" lobby="0"/><UN n0="%E3%82%A2%E3%83%A1%E3%82%A2%E3%83%A9%E3%83%AC" n1="%33%74%72%65%65" n2="%E9%B3%B3%E6%9D%B1%E3%81%AE%E3%81%BF%E3%81%91%E3%81%AB%E3%82%83%E3%82%93" n3="%E3%83%81%E3%83%AF%E3%83%AF%E9%9A%8A%E9%95%B7" dan="16,16,17,16" rate="2075.33,2106.23,2197.51,2188.05" sx="M,F,F,M"/><TAIKYOKU oya="0"/><INIT seed="0,0,0,1,0,39" ten="250,250,250,250" oya="0" hai0="16,108,35,102,87,69,13,113,104,8,122,54,44" hai1="58,38,56,99,86,93,70,95,77,36,2,79,127" hai2="81,12,0,88,123,132,6,50,134,7,53,71,31" hai3="29,63,133,3,52,68,129,73,62,33,15,40,32"/><T11/><D113/><U64/><E2/><V45/><F123/><W106/><G3/><T47/><D122/><U21/><E70/><V82/><F0/><W76/><G106/><T46/><D69/><U100/><E36/><V110/><F110/><W103/><G103/><T18/><D35/><U9/><E38/><V48/><F71/><W89/><G129/><T51/><D108/><U34/><E34/><V135/><F31/><W125/><G125/><T91/><D102/><U25/><E9/><V92/><F48/><W59/><G133/><T118/><D104/><U130/><E127/><V72/><F72/><W1/><G1/><T57/><D118/><U24/><E130/><V22/><F22/><W65/><G29/><T67/><D67/><U42/><E42/><V61/><F61/><W27/><G27/><N who="1" m="10314" /><E21/><V14/><F14/><W66/><G40/><T116/><D116/><U74/><E74/><V20/><F20/><W23/><G66/><T111/><D111/><U124/><E124/><V126/><F126/><W119/><G119/><T128/><D128/><U10/><E10/><N who="0" m="3625" /><D13/><U80/><E64/><V26/><F26/><W83/><REACH who="3" step="1"/><G89/><REACH who="3" ten="250,250,250,240" step="2"/><T114/><D114/><U84/><E100/><V41/><F53/><W28/><G28/><T112/><D112/><U94/><E99/><N who="2" m="57735" /><F12/><W98/><G98/><T115/><D115/><U30/><E30/><V97/><F97/><W19/><AGARI ba="0,1" hai="15,19,23,32,33,52,59,62,63,65,68,73,76,83" machi="19" ten="30,7900,0" yaku="1,1,0,1,54,1,53,1" doraHai="39" doraHaiUra="55" who="3" fromWho="3" sc="250,-39,250,-20,250,-20,240,89" /><INIT seed="1,0,0,1,4,114" ten="211,230,230,329" oya="1" hai0="106,62,125,14,43,51,127,85,94,120,76,104,61" hai1="4,15,66,103,110,22,131,91,84,135,65,64,126" hai2="134,88,105,121,32,46,41,116,24,11,75,87,63" hai3="9,109,93,96,12,29,129,100,30,74,123,113,117"/><U36/><E135/><V99/><F121/><W21/><G113/><T78/><D120/><U102/><E131/><V83/><F134/><W17/><G123/><T71/><D14/><U49/><E126/><N who="0" m="48137" /><D43/><U118/><E118/><V111/><F111/><W6/><G74/><T97/><D51/><U28/><E36/><V128/><F128/><W92/><G129/><T107/><D71/><U27/><E110/><V16/><F63/><N who="0" m="24074" /><D85/><U101/><E49/><V124/><F75/><W5/><G109/><T90/><AGARI ba="0,0" hai="76,78,90,94,97,104,106,107" m="24074,48137" machi="90" ten="40,1500,0" yaku="18,1" doraHai="114" who="0" fromWho="0" sc="211,15,230,-7,230,-4,329,-4" /><INIT seed="2,0,0,4,2,77" ten="226,223,226,325" oya="2" hai0="26,51,120,49,126,83,70,102,129,88,38,107,111" hai1="87,103,48,82,62,66,40,14,18,3,42,105,37" hai2="16,9,22,8,93,33,19,97,20,75,30,57,34" hai3="89,134,39,113,17,81,60,6,98,94,101,15,4"/><V116/><F116/><W73/><G39/><T41/><D120/><U56/><E3/><V124/><F75/><W50/><G134/><T24/><D111/><U53/><E37/><V128/><F57/><W112/><G60/><T109/><D109/><U25/><E25/><N who="2" m="14471" /><F93/><W31/><G31/><T32/><D70/><U46/><E103/><V117/><F97/><W58/><G73/><T45/><D129/><U72/><E105/><V1/><F117/><W91/><G58/><T55/><D126/><U90/><REACH who="1" step="1"/><E72/><REACH who="1" ten="226,213,226,325" step="2"/><V67/><F1/><W99/><G101/><T95/><D102/><U54/><E54/><V35/><F67/><W68/><G113/><T64/><D55/><U12/><E12/><N who="2" m="9575" /><F128/><W127/><G112/><T80/><D64/><U65/><E65/><V52/><F52/><W114/><G114/><T108/><D107/><U5/><E5/><V11/><F124/><W110/><G127/><T118/><D118/><U21/><AGARI ba="0,1" hai="14,18,21,40,42,46,48,53,56,62,66,82,87,90" machi="21" ten="20,8000,1" yaku="1,1,0,1,7,1,8,1,52,1,53,0" doraHai="77" doraHaiUra="119" who="1" fromWho="1" sc="226,-20,213,90,226,-40,325,-20" /><INIT seed="3,0,0,4,5,112" ten="206,303,186,305" oya="3" hai0="17,79,23,75,115,9,124,111,92,117,64,49,78" hai1="65,99,123,116,6,28,93,100,2,3,41,121,86" hai2="103,29,1,63,14,40,91,76,77,34,135,37,39" hai3="32,82,98,87,129,68,21,131,18,30,45,83,4"/><W128/><G68/><T120/><D120/><U70/><E41/><V119/><F1/><W27/><G4/><T8/><D115/><U125/><E125/><V71/><F103/><W42/><G98/><T57/><D111/><U0/><E116/><V122/><F14/><N who="3" m="9431" /><G87/><T20/><D117/><U19/><E6/><V96/><F119/><W106/><G106/><T62/><D75/><U35/><E19/><V69/><F135/><W7/><G7/><T33/><D33/><U60/><REACH who="1" step="1"/><E86/><REACH who="1" ten="206,293,186,305" step="2"/><V80/><F40/><W97/><G97/><T73/><D17/><U108/><E108/><V10/><F96/><W110/><G110/><T90/><D124/><U118/><E118/><V47/><F122/><W130/><G130/><T15/><D73/><U89/><E89/><V107/><F91/><W31/><G31/><T94/><D90/><U95/><E95/><V114/><F107/><W53/><G53/><T38/><D94/><U56/><E56/><V66/><F114/><W11/><G11/><T127/><D92/><U102/><E102/><V104/><F104/><W85/><G85/><T134/><D8/><U13/><E13/><V109/><F109/><W58/><G58/><T133/><D127/><U126/><E126/><V44/><F10/><W36/><AGARI ba="0,1" hai="27,30,32,36,42,45,82,83,128,129,131" m="9431" machi="36" ten="30,1500,0" yaku="19,1" doraHai="112" who="3" fromWho="3" sc="206,-5,293,-5,186,-5,305,25" owari="201,-19.9,288,8.8,181,-31.9,330,43.0" /></mjloggm>