<mjloggm ver="2.3"><GO type="225" lobby="0"/><UN n0="%E3%83%8F%E3%83%B3%E3%83%89%E3%83%A9%E3%83%BC%E3%83%BB%E3%83%AF%E3%83%B3" n1="%E3%83%A9%E3%82%A4%E3%83%B3%E3%81%AE%E8%99%8E" n2="%6D%75%75%73%61%6E%6D%75" n3="%72%69%6F%75%63%68%61%6E" dan="17,16,17,16" rate="2193.38,2091.37,2145.96,2195.38" sx="M,M,F,M"/><TAIKYOKU oya="0"/><INIT seed="0,0,0,0,1,9" ten="250,250,250,250" oya="0" hai0="14,7,79,112,61,42,43,135,80,111,5,62,37" hai1="38,86,93,84,54,25,89,117,20,66,128,124,120" hai2="11,35,127,70,24,59,22,2,40,119,83,85,97" hai3="121,73,107,87,21,28,98,130,102,41,26,0,10"/><T56/><D112/><U131/><E117/><V29/><F70/><W52/><G130/><N who="1" m="49706" /><E120/><V123/><F123/><W44/><G121/><T65/><D135/><U88/><E124/><V18/><F127/><W106/><G73/><T63/><D111/><U39/><E54/><V3/><F119/><W34/><G87/><N who="0" m="48543" /><D37/><U94/><E66/><V129/><F129/><W72/><G72/><T46/><D5/><U71/><E71/><V19/><F40/><N who="0" m="15402" /><D46/><U113/><E113/><V31/><F59/><W30/><G52/><T4/><D4/><U1/><E1/><V122/><F122/><W115/><G115/><T105/><D105/><U64/><E64/><V96/><F3/><W16/><G107/><T81/><D81/><U15/><E15/><V78/><F2/><W6/><REACH who="3" step="1"/><G34/><REACH who="3" ten="250,250,250,240" step="2"/><T27/><D62/><U32/><E32/><V109/><F109/><W57/><G57/><T132/><D56/><U95/><E95/><V114/><F114/><W17/><G17/><AGARI ba="0,1" hai="17,20,25,38,39,84,86,88,89,93,94" m="49706" machi="17" ten="30,2000,0" yaku="19,1,54,1" doraHai="9" who="1" fromWho="3" sc="250,0,250,30,250,0,240,-20" /><INIT seed="1,0,0,0,3,99" ten="250,280,250,220" oya="1" hai0="104,74,106,37,105,89,64,20,3,52,29,15,73" hai1="98,80,82,75,38,83,1,32,101,84,26,55,100" hai2="49,128,116,14,77,76,87,121,22,119,112,57,47" hai3="33,135,19,48,107,118,102,92,0,62,44,2,110"/><U108/><E1/><V11/><F121/><W131/><G110/><T4/><D37/><U111/><E75/><V81/><F128/><W70/><G135/><T79/><D64/><U126/><E38/><V85/><F112/><W103/><G131/><T34/><D79/><U31/><E126/><V16/><F57/><W23/><G33/><T42/><D42/><U93/><E100/><N who="3" m="38442" /><G0/><T88/><D74/><U109/><REACH who="1" step="1"/><E55/><REACH who="1" ten="250,270,250,220" step="2"/><V10/><F116/><W72/><G2/><T7/><D52/><U115/><E115/><V58/><F119/><W41/><G72/><T122/><D73/><U6/><E6/><V28/><F58/><W43/><G70/><T134/><D4/><U86/><AGARI ba="0,1" hai="26,31,32,80,82,83,84,86,93,98,101,108,109,111" machi="86" ten="40,12000,1" yaku="1,1,0,1,14,1,10,1,52,1,53,0" doraHai="99" doraHaiUra="17" who="1" fromWho="1" sc="250,-40,270,130,250,-40,220,-40" /><INIT seed="1,1,0,0,4,125" ten="210,400,210,180" oya="1" hai0="102,122,126,7,65,105,25,72,128,75,71,19,5" hai1="98,43,132,41,121,87,35,135,57,129,63,91,88" hai2="127,52,11,64,115,47,6,134,29,54,26,14,2" hai3="38,37,107,62,33,48,124,27,84,113,76,45,101"/><U110/><E121/><V100/><F127/><W18/><G113/><T83/><D126/><U56/><E35/><V24/><F115/><W30/><G124/><T81/><D122/><U95/><E129/><V104/><F134/><N who="1" m="51241" /><E110/><V93/><F104/><W22/><G62/><T39/><D39/><U9/><E9/><V108/><F108/><W12/><G84/><T68/><D102/><U123/><E123/><V50/><F64/><W133/><G76/><T3/><D19/><U79/><E79/><V31/><F2/><W103/><G133/><T97/><D25/><N who="2" m="9834" /><F54/><W70/><G70/><T73/><D65/><N who="1" m="39143" /><E57/><V17/><F17/><W40/><REACH who="3" step="1"/><G101/><REACH who="3" ten="210,400,210,170" step="2"/><T15/><D73/><U36/><E36/><V86/><F86/><W78/><G78/><T77/><D77/><U96/><E96/><AGARI ba="1,1" hai="6,11,14,29,31,47,50,52,93,96,100" m="9834" machi="96" ten="30,2000,0" yaku="8,1,54,1" doraHai="125" who="2" fromWho="1" sc="210,0,400,-23,210,33,170,0" /><AGARI ba="1,0" hai="12,18,22,27,30,33,37,38,40,45,48,96,103,107" machi="96" ten="40,5200,0" yaku="1,1,53,2" doraHai="125" doraHaiUra="69" who="3" fromWho="1" sc="210,0,377,-52,243,0,170,52" /><INIT seed="2,0,0,2,3,69" ten="210,325,243,222" oya="2" hai0="4,93,28,86,33,23,68,67,9,13,58,43,54" hai1="29,45,110,133,117,40,77,36,132,114,74,5,130" hai2="126,16,66,63,53,34,75,116,3,26,52,84,78" hai3="82,59,121,65,96,111,32,83,106,120,89,129,127"/><V70/><F116/><W37/><G32/><T80/><D33/><U11/><E117/><V21/><F3/><W95/><G111/><T128/><D128/><U135/><E110/><V39/><F75/><W99/><G129/><T50/><D43/><U108/><E108/><V124/><F34/><W20/><G127/><N who="2" m="48681" /><F39/><W56/><G37/><T103/><D68/><U6/><E130/><V81/><AGARI ba="0,0" hai="16,21,26,52,53,63,66,70,78,81,84" m="48681" machi="81" ten="30,6000,0" yaku="18,1,54,2" doraHai="69" who="2" fromWho="2" sc="210,-20,325,-20,243,60,222,-20" /><INIT seed="2,1,0,5,0,25" ten="190,305,303,202" oya="2" hai0="7,18,30,94,6,2,27,10,69,62,89,37,90" hai1="72,100,44,59,116,64,39,83,112,38,52,63,12" hai2="50,130,34,98,13,15,113,123,102,61,55,105,81" hai3="5,109,0,22,32,106,66,91,92,46,96,73,74"/><V80/><F113/><W127/><G32/><T133/><D37/><U36/><E100/><V125/><F123/><W67/><G109/><T20/><D133/><U120/><E112/><V110/><F110/><W68/><G127/><T42/><D42/><U97/><E97/><V88/><F125/><W86/><G22/><T77/><D77/><U4/><E116/><V99/><F130/><W65/><G68/><T28/><D7/><U11/><E120/><V85/><F34/><W60/><G60/><T19/><D19/><U35/><E35/><V16/><F61/><W40/><G106/><T134/><D134/><U31/><E31/><V26/><F98/><W45/><G45/><T124/><D89/><U84/><E72/><V17/><F81/><W87/><G87/><T129/><D129/><U58/><E44/><V48/><F26/><W135/><G135/><T104/><D104/><U47/><E47/><V75/><F75/><W9/><REACH who="3" step="1"/><G96/><REACH who="3" ten="190,305,303,192" step="2"/><T119/><D124/><U101/><E59/><V115/><F115/><W54/><G54/><T111/><D111/><U51/><E63/><V122/><F122/><W117/><G117/><T118/><D118/><U57/><E57/><V108/><F108/><W132/><G132/><T43/><D119/><U24/><E52/><V29/><F55/><W78/><G78/><T23/><D23/><U121/><E121/><V79/><F79/><W1/><G1/><T71/><D43/><U128/><E128/><V33/><F50/><AGARI ba="1,1" hai="0,5,9,40,46,50,65,66,67,73,74,86,91,92" machi="50" ten="40,2600,0" yaku="1,1,53,1" doraHai="25" doraHaiUra="3" who="3" fromWho="2" sc="190,0,305,0,303,-29,192,39" /><INIT seed="3,0,0,3,0,92" ten="190,305,274,231" oya="3" hai0="68,130,30,38,119,94,89,109,76,135,17,8,91" hai1="53,45,72,9,78,86,88,65,52,19,127,7,125" hai2="123,99,48,85,112,47,13,25,113,16,6,42,32" hai3="50,54,121,122,83,96,44,41,117,93,108,26,0"/><W51/><G117/><T62/><D119/><U43/><E65/><V84/><F123/><W28/><G0/><T106/><D106/><U95/><E19/><V133/><F133/><W104/><G104/><T64/><D135/><U58/><E78/><V55/><F32/><W59/><G108/><T49/><D109/><U118/><E72/><V39/><F112/><W57/><G83/><T63/><D38/><N who="1" m="21751" /><E58/><V116/><F116/><W102/><REACH who="3" step="1"/><G57/><REACH who="3" ten="190,305,274,221" step="2"/><T21/><D130/><U74/><E118/><V20/><F113/><W73/><G73/><T5/><D76/><U34/><E74/><V100/><F42/><W71/><G71/><T131/><D131/><U10/><E95/><N who="2" m="58495" /><F39/><W67/><G67/><T37/><D37/><U22/><E53/><V77/><F77/><W80/><G80/><T29/><D94/><U11/><E52/><V129/><F129/><W69/><G69/><T82/><D82/><U35/><E125/><V98/><F98/><W56/><G56/><T111/><D111/><U60/><E127/><V46/><F46/><W103/><G103/><T79/><D79/><U114/><E114/><V1/><F1/><W124/><G124/><T126/><D126/><U3/><E3/><V128/><F128/><W97/><G97/><T18/><D68/><U81/><E81/><V120/><F120/><W75/><G75/><T107/><D107/><U14/><E86/><V105/><F105/><W23/><AGARI ba="0,1" hai="23,26,28,41,44,50,51,54,59,93,96,102,121,122" machi="23" ten="20,7800,0" yaku="1,1,0,1,7,1,52,1,53,0" doraHai="92" doraHaiUra="134" who="3" fromWho="3" sc="190,-26,305,-26,274,-26,221,88" owari="164,-33.6,279,7.9,248,-15.2,309,40.9" /></mjloggm>