<mjloggm ver="2.3"><GO type="225" lobby="0"/><UN n0="%E5%B8%86%E7%AB%8B%E5%A4%8F%E8%A1%A3" n1="%E3%81%90%E3%81%A1%E3%82%84%E3%81%BE" n2="%E7%99%BD%E6%97%A5%E9%9B%AA%E8%8F%9C" n3="%E3%83%9D%E3%82%B1%E3%83%83%E3%83%88" dan="17,16,17,16" rate="2162.24,2140.34,2236.92,2095.26" sx="M,M,M,M"/><TAIKYOKU oya="0"/><INIT seed="0,0,0,5,0,131" ten="250,250,250,250" oya="0" hai0="64,111,6,115,44,110,55,38,82,56,1,112,65" hai1="33,80,40,81,95,76,84,78,129,61,108,130,34" hai2="51,11,66,42,54,118,77,79,90,46,41,4,85" hai3="23,135,132,25,10,87,47,57,121,63,97,113,124"/><T21/><D21/><U75/><E40/><V92/><F118/><W9/><G113/><N who="0" m="43595" /><D6/><U71/><E108/><N who="0" m="41513" /><D1/><U126/><E126/><V16/><F66/><N who="0" m="25706" /><D82/><U103/><E61/><V50/><F16/><W93/><G124/><T12/><D12/><U48/><E48/><V67/><F67/><W19/><G121/><T83/><D83/><U30/><E71/><V105/><F105/><W123/><G47/><T36/><D44/><U28/><E95/><V127/><F127/><W24/><G24/><T107/><D107/><U60/><E103/><V27/><F27/><W22/><G22/><T73/><D73/><U49/><E75/><V120/><F46/><W96/><G87/><T26/><D26/><U17/><E17/><V8/><F4/><W125/><G125/><T102/><D102/><U15/><E15/><V13/><F13/><W72/><G72/><T91/><D91/><U5/><E5/><V62/><F90/><N who="3" m="55351" /><G97/><T116/><D116/><U3/><E84/><V128/><F85/><W134/><G123/><T58/><D58/><U32/><E3/><V39/><F120/><W122/><G122/><T117/><D117/><U88/><E33/><V20/><F79/><W89/><G89/><T70/><D70/><U43/><E88/><V104/><F77/><W14/><G14/><T2/><D2/><U53/><E78/><V119/><F104/><W29/><G19/><T114/><N who="0" m="43603" /><T98/><DORA hai="68" /><D98/><U18/><E76/><V7/><F119/><W35/><G35/><N who="1" m="13354" /><E18/><V86/><F86/><W133/><N who="3" m="33792" /><DORA hai="99" /><W69/><G69/><T31/><D31/><RYUUKYOKU ba="0,0" sc="250,15,250,-15,250,-15,250,15" hai0="36,38,55,56" hai3="9,10,23,25,29,57,63" /><INIT seed="0,1,0,3,1,103" ten="265,235,235,265" oya="0" hai0="8,80,71,66,0,43,89,75,115,14,39,9,74" hai1="127,119,19,45,104,118,13,52,81,61,18,26,96" hai2="36,100,58,99,33,46,117,131,40,67,92,84,17" hai3="34,105,94,111,85,86,124,69,88,134,50,2,106"/><T82/><D115/><U116/><E127/><V48/><F33/><W22/><G34/><T65/><D89/><U83/><E26/><V77/><F131/><W21/><G69/><T29/><D29/><U97/><E19/><V135/><F135/><W95/><G2/><T57/><D71/><U31/><E31/><V12/><F117/><W130/><G124/><T16/><D57/><U30/><E30/><V112/><F112/><W59/><G134/><T15/><D0/><U68/><E68/><V72/><F72/><W93/><G130/><T113/><D113/><U126/><E126/><V128/><F128/><W70/><G70/><T42/><D16/><U37/><E37/><AGARI ba="1,0" hai="8,9,14,15,37,39,42,43,65,66,74,75,80,82" machi="37" ten="25,2400,0" yaku="22,2" doraHai="103" who="0" fromWho="1" sc="265,27,235,-27,235,0,265,0" /><INIT seed="0,2,0,3,2,47" ten="292,208,235,265" oya="0" hai0="16,121,56,10,30,108,45,82,90,29,67,83,65" hai1="27,112,132,48,42,54,64,130,43,8,85,15,119" hai2="31,26,9,68,116,70,32,28,104,35,98,24,81" hai3="75,17,92,61,38,100,63,95,84,57,110,89,36"/><T122/><D108/><U120/><E119/><V105/><F116/><W0/><G75/><T107/><D107/><U14/><E120/><V93/><F81/><W21/><G0/><T77/><D90/><U71/><E130/><V5/><F93/><W76/><G76/><T52/><D121/><U103/><E132/><V118/><F118/><W114/><G114/><T41/><D122/><U60/><E112/><V101/><REACH who="2" step="1"/><F105/><REACH who="2" ten="292,208,225,265" step="2"/><W127/><G95/><T113/><D113/><U135/><E135/><V106/><F106/><W128/><G92/><T69/><D83/><U34/><E103/><V125/><F125/><W115/><G100/><T96/><D82/><U66/><E85/><V124/><F124/><W44/><G127/><T86/><D86/><U20/><E34/><V51/><F51/><W133/><G115/><T129/><D129/><U123/><E123/><V3/><AGARI ba="2,1" hai="3,5,9,24,26,28,31,32,35,68,70,98,101,104" machi="3" ten="20,12000,2" yaku="1,1,0,1,7,1,9,1,33,3,53,0" doraHai="47" doraHaiUra="73" who="2" fromWho="2" sc="292,-62,208,-32,225,136,265,-32" /><INIT seed="1,0,0,4,5,85" ten="230,176,361,233" oya="1" hai0="70,118,33,40,111,89,64,9,30,44,57,97,15" hai1="16,8,116,126,59,98,52,108,87,93,68,135,31" hai2="77,110,4,7,100,10,18,3,6,39,72,65,117" hai3="28,119,14,73,36,105,49,50,23,106,51,128,37"/><U125/><E116/><V101/><F117/><W123/><G119/><T120/><D120/><U20/><E68/><V12/><F110/><W127/><G123/><T35/><D111/><U53/><E108/><V102/><F39/><W13/><G73/><T34/><D118/><U76/><E135/><V19/><F65/><W86/><G127/><N who="1" m="48650" /><E31/><V132/><F132/><W58/><G58/><T134/><D134/><U115/><E115/><V92/><F3/><W11/><G128/><T130/><D130/><U81/><E8/><V32/><F32/><W45/><G86/><T26/><D70/><U133/><E133/><V112/><F112/><W61/><G61/><T80/><D57/><U47/><E47/><V43/><F43/><W99/><G45/><T5/><D64/><U66/><E66/><V124/><F124/><W129/><G28/><T27/><D30/><U113/><E59/><V83/><F19/><W104/><G129/><T74/><D74/><U122/><E122/><V67/><F67/><W41/><G41/><T114/><D114/><U95/><E113/><V84/><F72/><W78/><G11/><T55/><D55/><N who="1" m="21067" /><E98/><AGARI ba="0,0" hai="4,6,7,10,12,18,77,83,84,92,98,100,101,102" machi="98" ten="40,1300,0" yaku="8,1" doraHai="85" who="2" fromWho="1" sc="230,0,176,-13,361,13,233,0" /><INIT seed="2,0,0,2,5,62" ten="230,163,374,233" oya="2" hai0="104,48,127,43,34,22,54,69,1,26,107,77,78" hai1="81,120,86,42,91,6,73,76,128,59,8,105,45" hai2="100,88,72,67,2,101,23,133,44,135,60,82,84" hai3="119,66,12,87,56,55,39,25,40,5,112,36,68"/><V110/><F2/><W108/><G119/><T131/><D34/><U16/><E128/><V9/><F110/><W93/><G108/><T18/><D69/><U65/><E105/><V90/><F9/><W95/><G25/><T117/><D131/><U19/><E120/><V38/><F72/><W7/><G39/><T75/><D127/><U129/><E129/><V111/><F111/><W121/><G112/><T10/><D117/><U63/><E91/><V98/><F23/><W14/><G36/><T94/><D43/><U115/><E115/><V4/><F4/><W37/><G37/><T28/><D104/><U21/><E21/><V74/><F74/><W32/><G40/><T71/><D107/><U96/><E96/><V29/><F29/><W47/><G5/><T53/><D71/><U103/><E103/><V109/><F109/><W61/><G32/><T116/><D116/><U31/><E31/><V30/><F30/><W124/><G68/><T132/><D75/><U70/><E70/><N who="2" m="42343" /><F38/><W122/><G7/><T11/><D132/><U79/><E73/><V57/><F44/><W50/><G124/><T27/><D1/><U0/><REACH who="1" step="1"/><E79/><REACH who="1" ten="230,153,374,233" step="2"/><V41/><F101/><W51/><G121/><T89/><D78/><U134/><E134/><V97/><F100/><W83/><G122/><T114/><D77/><U15/><E15/><V3/><F135/><W80/><G12/><T24/><D114/><U17/><E17/><V85/><F133/><W58/><G14/><N who="0" m="7511" /><D11/><U106/><E106/><V35/><F3/><W125/><G125/><T64/><D28/><U113/><E113/><RYUUKYOKU ba="0,1" sc="230,-10,153,30,374,-10,233,-10" hai1="0,6,8,16,19,42,45,59,63,65,76,81,86" /><INIT seed="3,1,1,5,5,8" ten="220,183,364,223" oya="3" hai0="64,19,59,39,26,14,115,106,11,67,134,74,4" hai1="87,58,132,60,61,38,88,63,1,65,94,18,100" hai2="17,107,21,127,102,90,135,77,99,43,119,125,133" hai3="5,116,70,104,20,56,73,9,50,46,110,24,85"/><W111/><G73/><T30/><D74/><U131/><E131/><V120/><F119/><W7/><G70/><T23/><D106/><U45/><E1/><V36/><F120/><W103/><G116/><T42/><D134/><N who="2" m="51210" /><F77/><W82/><G56/><T76/><D76/><U86/><E132/><V54/><F54/><N who="3" m="30039" /><G103/><T28/><D115/><U130/><E130/><V121/><F121/><W29/><G104/><T47/><D59/><U12/><E100/><V27/><F90/><N who="3" m="51511" /><G9/><T97/><D97/><U49/><E38/><V79/><F79/><W89/><G89/><T80/><D80/><U32/><E87/><V0/><F0/><W13/><G13/><T117/><D117/><U114/><E32/><V44/><AGARI ba="1,1" hai="17,21,27,36,43,44,99,102,107,125,127" m="51210" machi="44" ten="30,1100,0" yaku="20,1" doraHai="8" who="2" fromWho="2" sc="220,-4,183,-4,364,24,223,-6" owari="216,-18.4,179,-32.1,388,48.8,217,1.7" /></mjloggm>