<mjloggm ver="2.3"><GO type="225" lobby="0"/><UN n0="%E8%BE%9B%E5%8F%A3%E3%82%AB%E3%83%AC%E3%83%BC%E3%83%A9%E3%82%A4%E3%82%B9" n1="%E3%83%97%E3%83%AC%E3%83%B4%E3%82%A1%E3%83%86%E3%82%A3" n2="%E9%A2%A8%E3%81%A7%E9%B3%B4%E3%81%8F" n3="%6D%75%75%6D%75%72%61" dan="16,16,16,16" rate="2216.90,2138.74,2189.24,2065.63" sx="M,F,M,F"/><TAIKYOKU oya="0"/><INIT seed="0,0,0,0,4,58" ten="250,250,250,250" oya="0" hai0="80,34,128,13,47,77,124,40,49,44,66,36,12" hai1="127,38,125,42,110,6,107,90,135,78,73,97,81" hai2="61,59,92,31,74,130,55,20,133,30,126,39,54" hai3="98,87,9,25,88,35,84,32,45,5,119,99,96"/><T11/><D124/><N who="1" m="47691" /><E6/><V83/><F126/><W60/><G119/><T29/><D128/><U46/><E110/><V37/><F133/><W121/><G121/><T0/><D66/><U18/><E18/><V106/><F106/><W50/><G87/><T131/><D131/><U3/><E90/><V69/><F130/><W134/><G134/><T100/><D100/><N who="1" m="62863" /><E135/><V120/><F120/><W8/><G60/><T115/><D115/><U57/><E57/><V27/><F31/><W71/><G71/><T108/><D108/><U132/><E132/><V7/><F7/><W33/><G25/><T70/><D70/><U116/><E3/><V102/><F69/><W10/><G5/><N who="0" m="1447" /><D34/><U62/><E62/><V111/><F111/><W67/><G67/><T17/><D17/><U75/><E73/><V2/><F2/><W21/><G21/><T68/><D29/><U82/><E82/><V113/><F113/><W64/><G64/><T16/><D16/><U41/><E41/><V89/><F102/><W103/><G103/><T118/><D118/><AGARI ba="0,0" hai="38,42,46,75,78,81,116,118" m="62863,47691" machi="118" ten="30,2000,0" yaku="18,1,23,1" doraHai="58" who="1" fromWho="0" sc="250,-20,250,20,250,0,250,0" /><INIT seed="1,0,0,0,3,126" ten="230,270,250,250" oya="1" hai0="123,125,3,97,84,109,42,56,128,77,39,22,75" hai1="101,33,135,104,90,83,53,72,41,7,133,85,122" hai2="47,99,74,45,130,114,14,1,115,116,131,32,132" hai3="124,88,86,134,73,94,15,120,24,27,35,87,67"/><U76/><E33/><V48/><F1/><W64/><G120/><T5/><D125/><U40/><E7/><V63/><F116/><W100/><G124/><T82/><D109/><U106/><E53/><V46/><F132/><N who="1" m="50761" /><E40/><V79/><F32/><W26/><G73/><T6/><D123/><U11/><E11/><V96/><F48/><W28/><G134/><T36/><D22/><U113/><E41/><V25/><F25/><W51/><G100/><T107/><D56/><U18/><E18/><V92/><F63/><W10/><G28/><T13/><D13/><U55/><E55/><V34/><F34/><W112/><G35/><T0/><D84/><U127/><E127/><V102/><F14/><W81/><G51/><T12/><D12/><U30/><E30/><V91/><F79/><N who="3" m="46399" /><G112/><N who="2" m="43049" /><F74/><W111/><G111/><T59/><D59/><U80/><E113/><V16/><F16/><AGARI ba="0,0" hai="10,15,16,24,26,27,64,67,87,88,94" m="46399" machi="16" ten="30,3900,0" yaku="8,1,54,2" doraHai="126" who="3" fromWho="2" sc="230,0,270,0,250,-39,250,39" /><INIT seed="2,0,0,2,0,87" ten="230,270,211,289" oya="2" hai0="26,96,31,124,89,72,4,86,81,33,41,99,131" hai1="133,77,82,90,93,15,13,49,112,129,106,19,32" hai2="58,85,63,64,91,73,123,110,121,1,71,62,69" hai3="40,102,92,74,118,95,57,45,14,16,83,25,50"/><V114/><F114/><W17/><G118/><T80/><D124/><U94/><E112/><V52/><F1/><W111/><G111/><T3/><D131/><U35/><E129/><V61/><F73/><W66/><G74/><T53/><D41/><U59/><E106/><V18/><F110/><W30/><G83/><T8/><REACH who="0" step="1"/><D53/><REACH who="0" ten="220,270,211,289" step="2"/><N who="1" m="32175" /><E133/><V97/><F97/><W5/><G40/><T11/><D11/><U7/><E35/><V67/><REACH who="2" step="1"/><F18/><REACH who="2" ten="220,270,201,289" step="2"/><W27/><G16/><T34/><D34/><U116/><E32/><V132/><F132/><W78/><G17/><T28/><D28/><U135/><E135/><V10/><F10/><W115/><G115/><T98/><D98/><U48/><E116/><V127/><F127/><W24/><G5/><T101/><D101/><U9/><E7/><V108/><F108/><W38/><G102/><T36/><D36/><U60/><E19/><V51/><F51/><W104/><G38/><T56/><D56/><U54/><E9/><V107/><F107/><W2/><G104/><T44/><D44/><U42/><E48/><V122/><F122/><W130/><G130/><T88/><D88/><U20/><E90/><V47/><F47/><W103/><G103/><T79/><AGARI ba="0,2" hai="3,4,8,26,31,33,72,79,80,81,86,89,96,99" machi="79" ten="30,4000,0" yaku="1,1,0,1,52,1,53,0" doraHai="87" doraHaiUra="12" who="0" fromWho="0" sc="220,60,270,-10,201,-20,289,-10" /><INIT seed="3,0,0,2,4,91" ten="280,260,181,279" oya="3" hai0="34,117,109,37,82,50,104,33,62,57,132,110,49" hai1="122,93,16,65,118,64,3,81,8,96,35,59,30" hai2="135,79,6,23,26,55,129,120,29,44,47,102,105" hai3="54,116,48,72,28,85,134,39,94,127,5,87,63"/><W106/><G116/><T56/><D117/><U61/><E122/><V20/><F120/><W74/><G106/><T45/><D104/><U113/><E118/><V7/><F135/><W133/><G39/><T128/><D132/><N who="3" m="50793" /><G127/><T13/><D82/><U115/><E3/><V10/><F129/><W76/><G28/><T19/><D37/><U51/><E81/><V22/><F79/><W71/><G5/><T70/><D70/><U84/><E84/><V43/><F55/><W112/><G76/><T4/><D4/><U69/><E30/><V92/><F105/><W119/><G112/><T98/><D98/><U66/><E35/><V14/><F6/><W80/><G80/><T130/><D13/><N who="1" m="7207" /><E69/><V1/><F1/><W58/><G119/><T89/><D89/><N who="1" m="55343" /><E115/><V2/><F2/><W0/><G0/><T126/><D19/><U111/><E113/><V38/><REACH who="2" step="1"/><F44/><REACH who="2" ten="280,260,171,279" step="2"/><W68/><G54/><T15/><D45/><U17/><E111/><V103/><F103/><W77/><G77/><T27/><D110/><U123/><E123/><V18/><F18/><W36/><G72/><T41/><D109/><U108/><E108/><V40/><F40/><W12/><G74/><T101/><D41/><U42/><E17/><V46/><F46/><AGARI ba="0,1" hai="42,46,51,59,61,64,65,66" m="55343,7207" machi="46" ten="30,3900,0" yaku="8,1,52,1,54,1" doraHai="91" who="1" fromWho="2" sc="280,0,260,49,171,-39,279,0" owari="280,8.0,309,40.9,132,-36.8,279,-12.1" /></mjloggm>