<mjloggm ver="2.3"><GO type="225" lobby="0"/><UN n0="%E6%97%A5%E6%9B%9C%E6%97%A5%E3%82%88%E3%82%8A%E3%81%AE%E4%BD%BF%E8%80%85" n1="%E3%83%B4%E3%83%A0%EF%BC%99%E3%81%A6" n2="%E3%83%AD%E3%83%83%E3%83%86%E9%9B%80%E7%90%83" n3="%74%61%6B%65%2D%79%6F%75" dan="17,17,17,17" rate="2150.87,2213.36,2262.58,2150.78" sx="M,M,M,M"/><TAIKYOKU oya="0"/><INIT seed="0,0,0,3,2,0" ten="250,250,250,250" oya="0" hai0="13,53,112,10,131,73,69,67,99,37,102,96,97" hai1="132,129,33,101,86,41,93,127,133,118,57,116,74" hai2="17,94,105,34,12,92,76,39,81,88,110,59,115" hai3="35,65,36,123,125,54,63,90,135,95,28,128,43"/><T42/><D112/><U46/><E33/><V77/><F105/><W120/><G128/><T122/><D131/><U79/><E129/><V121/><F121/><N who="3" m="46667" /><G135/><N who="1" m="51786" /><E57/><V31/><F110/><W7/><G125/><T91/><D122/><U24/><E24/><V44/><F115/><W19/><G54/><T55/><D73/><U18/><E18/><V70/><F70/><W27/><G19/><T58/><D69/><U26/><E26/><V117/><F117/><W25/><G25/><T119/><D119/><U78/><E127/><V85/><F31/><W111/><G111/><T1/><D1/><U89/><E101/><V108/><F34/><W32/><G32/><T82/><D37/><N who="1" m="21807" /><E78/><N who="2" m="30315" /><F39/><W106/><G36/><T114/><D114/><U22/><E22/><N who="2" m="11559" /><F108/><W40/><G28/><T11/><D102/><U9/><E74/><V80/><F44/><W16/><G35/><T84/><D42/><U83/><E116/><V66/><F80/><W124/><G124/><T113/><D113/><U4/><E118/><V126/><F126/><W2/><G106/><T130/><D130/><U45/><E45/><V107/><F107/><W47/><G47/><T8/><REACH who="0" step="1"/><D13/><REACH who="0" ten="240,250,250,250" step="2"/><N who="1" m="5287" /><E79/><V56/><F56/><W64/><G43/><T49/><D49/><U75/><E75/><V71/><F71/><W100/><G40/><T104/><D104/><U14/><E14/><V134/><F134/><W103/><G2/><T62/><AGARI ba="0,1" hai="8,10,11,53,55,58,62,67,82,84,91,96,97,99" machi="62" ten="40,7800,0" yaku="1,1,0,1,8,1,53,0" doraHai="0" doraHaiUra="72" who="0" fromWho="0" sc="240,88,250,-26,250,-26,250,-26" /><INIT seed="0,1,0,3,3,43" ten="328,224,224,224" oya="0" hai0="61,6,0,21,44,54,113,119,9,107,32,27,38" hai1="109,28,41,91,93,1,2,88,79,4,131,31,17" hai2="29,57,74,68,69,122,106,35,128,82,42,60,20" hai3="84,18,23,7,133,25,96,63,85,34,120,55,130"/><T118/><D113/><U33/><E109/><V83/><F35/><W87/><G130/><T94/><D107/><U70/><E131/><V14/><F122/><W97/><G120/><T92/><D32/><U101/><E70/><V64/><F106/><W53/><G133/><T65/><D94/><U11/><E1/><V40/><F128/><W132/><G132/><T56/><D92/><U71/><E71/><V114/><F114/><W116/><G116/><T135/><D135/><U13/><E79/><V98/><F69/><W47/><G34/><T112/><D112/><U99/><E41/><N who="2" m="15979" /><F68/><W49/><REACH who="3" step="1"/><G7/><REACH who="3" ten="328,224,224,214" step="2"/><T110/><D119/><U90/><REACH who="1" step="1"/><E33/><REACH who="1" ten="328,214,224,214" step="2"/><V95/><F74/><W58/><AGARI ba="1,2" hai="18,23,25,47,49,53,55,58,63,84,85,87,96,97" machi="58" ten="30,16000,3" yaku="1,1,2,1,0,1,8,1,52,1,53,3" doraHai="43" doraHaiUra="81" who="3" fromWho="3" sc="328,-81,214,-41,224,-41,214,183" /><INIT seed="1,0,0,1,3,24" ten="247,173,183,397" oya="1" hai0="11,4,62,123,58,6,106,100,30,49,78,95,52" hai1="114,34,74,46,19,102,57,8,35,36,13,91,20" hai2="55,130,25,135,81,33,51,17,43,7,59,69,12" hai3="26,29,48,65,14,27,126,110,133,122,128,118,86"/><U117/><E114/><V15/><F135/><W37/><G122/><T90/><D123/><U124/><E117/><V44/><F130/><W113/><G113/><T60/><D106/><U83/><E124/><V18/><F69/><W97/><G37/><T107/><D107/><U41/><E102/><V70/><F70/><W66/><G133/><T85/><D100/><U80/><E57/><V53/><F7/><W127/><G128/><T3/><D6/><U120/><E120/><V38/><F81/><W64/><G118/><T111/><D111/><U89/><E80/><V75/><F75/><W92/><G110/><T54/><D78/><U87/><E74/><V1/><F1/><W93/><G14/><T115/><D115/><U94/><REACH who="1" step="1"/><E8/><REACH who="1" ten="247,163,183,397" step="2"/><V22/><F33/><W104/><G126/><T101/><D101/><U109/><E109/><V99/><F18/><W5/><G127/><T21/><D54/><U108/><E108/><V129/><F129/><W32/><G5/><T68/><D68/><U116/><E116/><V9/><F9/><W79/><G65/><T16/><REACH who="0" step="1"/><D30/><REACH who="0" ten="237,163,183,397" step="2"/><U67/><E67/><V23/><F55/><W119/><G29/><T73/><D73/><U50/><E50/><V96/><F53/><W82/><G48/><T103/><D103/><U77/><E77/><V10/><F51/><W71/><G79/><T131/><D131/><U72/><E72/><V61/><F38/><W42/><G71/><T132/><D132/><U76/><E76/><V134/><F134/><W0/><G119/><T45/><D45/><U112/><E112/><V31/><F44/><RYUUKYOKU ba="0,2" sc="237,15,163,15,183,-15,397,-15" hai0="3,4,11,16,21,49,52,58,60,62,85,90,95" hai1="13,19,20,34,35,36,41,46,83,87,89,91,94" /><INIT seed="1,1,2,5,5,104" ten="252,178,168,382" oya="1" hai0="123,39,90,55,37,81,91,127,53,103,21,113,116" hai1="9,29,93,95,40,18,56,74,75,83,86,109,33" hai2="89,76,73,57,110,80,112,88,130,63,30,129,26" hai3="7,78,84,4,34,128,0,54,100,71,20,102,68"/><U36/><E33/><V47/><F110/><W79/><G34/><T50/><D113/><U69/><E69/><V8/><F112/><W48/><G128/><N who="2" m="49257" /><F47/><W77/><G71/><T99/><D116/><U121/><E121/><V106/><F8/><W27/><G68/><T59/><D123/><U25/><E109/><V62/><F106/><W118/><G118/><T134/><D127/><U3/><E56/><V87/><F87/><W16/><G84/><T24/><D134/><U52/><E52/><N who="2" m="34087" /><F63/><W22/><G22/><AGARI ba="1,2" hai="22,26,30,73,76,80,88,89" m="34087,49257" machi="22" ten="30,7700,0" yaku="19,1,52,1,54,2" doraHai="104" who="2" fromWho="3" sc="252,0,178,0,168,100,382,-80" /><INIT seed="2,0,0,2,4,122" ten="252,178,268,302" oya="2" hai0="56,100,111,26,53,20,78,134,40,58,101,125,75" hai1="95,33,4,5,18,120,50,103,81,104,93,91,110" hai2="132,70,133,63,24,41,38,129,65,73,88,82,108" hai3="8,106,16,128,77,112,49,9,90,30,55,123,42"/><V43/><F129/><W109/><G123/><T69/><D69/><U17/><E120/><V48/><F38/><W39/><G128/><T35/><D35/><U34/><E104/><V86/><F108/><W64/><G112/><T84/><D75/><U6/><E81/><V107/><F107/><W21/><G106/><T102/><D40/><U61/><E61/><V118/><F118/><W124/><G124/><T87/><D125/><U32/><E103/><V72/><F24/><W19/><G77/><T0/><D0/><U131/><E131/><V96/><F96/><W105/><G105/><T47/><D134/><N who="2" m="51818" /><F41/><W79/><G42/><T135/><D135/><U115/><E115/><V10/><F10/><W67/><G9/><T117/><D111/><U59/><E110/><V94/><F94/><W119/><G8/><T29/><D117/><U52/><REACH who="1" step="1"/><E95/><REACH who="1" ten="252,168,268,302" step="2"/><V1/><F1/><W116/><G109/><T76/><D102/><U127/><E127/><V45/><AGARI ba="0,1" hai="43,45,48,63,65,70,72,73,82,86,88" m="51818" machi="45" ten="30,3000,0" yaku="20,1,54,1" doraHai="122" who="2" fromWho="2" sc="252,-10,168,-10,268,40,302,-10" /><INIT seed="2,1,0,5,1,112" ten="242,158,308,292" oya="2" hai0="39,84,77,100,72,79,2,64,99,121,134,93,61" hai1="16,26,3,104,18,97,27,62,129,40,101,111,53" hai2="37,88,94,57,0,98,125,58,113,122,1,4,68" hai3="82,20,75,33,54,80,13,132,48,73,49,95,87"/><V119/><F119/><W19/><G33/><T105/><D121/><U46/><E111/><V11/><F122/><W96/><G132/><T120/><D120/><U25/><E129/><V21/><F113/><W15/><G15/><T124/><D2/><U102/><E3/><V103/><F125/><W83/><G87/><T71/><D39/><U65/><E101/><V5/><F68/><W128/><G128/><T22/><D124/><U106/><E106/><V110/><F37/><W56/><REACH who="3" step="1"/><G48/><REACH who="3" ten="242,158,308,282" step="2"/><T90/><D134/><U107/><E107/><V43/><F110/><W89/><AGARI ba="1,1" hai="13,19,20,49,54,56,73,75,80,82,83,89,95,96" machi="89" ten="30,4000,0" yaku="1,1,2,1,0,1,53,0" doraHai="112" doraHaiUra="31" who="3" fromWho="3" sc="242,-11,158,-11,308,-21,282,53" /><INIT seed="3,0,0,4,5,119" ten="231,147,287,335" oya="3" hai0="112,83,51,79,84,9,108,90,89,129,134,28,88" hai1="35,117,36,102,92,65,6,104,55,46,33,11,1" hai2="113,19,68,77,42,32,97,130,0,126,57,14,7" hai3="70,66,93,118,4,15,26,24,120,37,61,16,87"/><W20/><G118/><T121/><D121/><U38/><E117/><V131/><F57/><W47/><G120/><T95/><D108/><U50/><E92/><V111/><F97/><W105/><G105/><T123/><D123/><U110/><E55/><V22/><F42/><W41/><G4/><T71/><D71/><U107/><E50/><V59/><F59/><W106/><G106/><T96/><D28/><U34/><E110/><V31/><F77/><W29/><G29/><T45/><D129/><N who="2" m="49162" /><F68/><W115/><G115/><T91/><D134/><U52/><E65/><V100/><F100/><W109/><G109/><T8/><REACH who="0" step="1"/><D112/><REACH who="0" ten="221,147,287,335" step="2"/><U60/><E102/><V3/><F113/><W127/><G70/><T25/><D25/><U23/><E23/><V75/><F111/><W13/><G20/><T125/><D125/><U116/><E116/><V40/><F126/><W76/><G127/><T62/><D62/><U124/><E124/><V27/><F75/><W10/><G61/><T99/><D99/><U133/><E133/><V2/><F40/><AGARI ba="0,1" hai="8,9,40,45,51,79,83,84,88,89,90,91,95,96" machi="40" ten="40,8000,1" yaku="1,1,8,1,54,1,53,1" doraHai="119" doraHaiUra="82" who="0" fromWho="2" sc="221,90,147,0,287,-80,335,0" owari="311,11.1,147,-35.3,207,-19.3,335,43.5" /></mjloggm>