<mjloggm ver="2.3"><GO type="225" lobby="0"/><UN n0="%48%61%61%61%6C%61%6E%64" n1="%72%69%6F%75%63%68%61%6E" n2="%E7%99%BD%E9%B9%BF%E6%84%9B%E8%8E%89" n3="%E7%BD%AA%E5%88%91%E6%B3%95%E5%AE%9A%E4%B8%BB%E7%BE%A9" dan="17,17,17,16" rate="2137.12,2284.94,2148.81,2166.65" sx="M,M,F,M"/><TAIKYOKU oya="0"/><INIT seed="0,0,0,3,4,118" ten="250,250,250,250" oya="0" hai0="56,134,28,12,77,96,130,90,20,105,95,64,1" hai1="42,124,119,7,48,11,22,67,2,43,127,40,29" hai2="13,117,63,82,6,100,88,46,53,91,61,120,115" hai3="123,87,62,10,19,133,76,34,60,106,97,0,69"/><T39/><D1/><U74/><E119/><V99/><F117/><W73/><G87/><T26/><D39/><U32/><E74/><V81/><F115/><W41/><G60/><N who="0" m="37895" /><D105/><U84/><E32/><V21/><F120/><W103/><G19/><T131/><D77/><U108/><E108/><V83/><F100/><W66/><G133/><T110/><D134/><U116/><E116/><V113/><F113/><W101/><G101/><N who="0" m="60575" /><D110/><U107/><E107/><V33/><F33/><W94/><G94/><T122/><D122/><U50/><E67/><V17/><F6/><N who="3" m="1351" /><G41/><T98/><D12/><U15/><E84/><V109/><F109/><W135/><G135/><T75/><D75/><U132/><E132/><V4/><F4/><W92/><G92/><AGARI ba="0,0" hai="20,26,28,90,92,98,130,131" m="60575,37895" machi="92" ten="30,1500,0" yaku="25,1" doraHai="118" who="0" fromWho="3" sc="250,15,250,0,250,0,250,-15" /><INIT seed="0,1,0,3,5,62" ten="265,250,250,235" oya="0" hai0="77,8,69,18,5,16,134,25,131,79,135,53,123" hai1="35,64,37,60,92,3,100,39,34,26,10,59,54" hai2="86,109,57,28,21,13,110,12,23,7,4,6,112" hai3="71,19,33,96,17,106,30,113,70,2,74,0,103"/><T88/><D123/><U11/><E34/><V95/><F86/><W73/><G19/><N who="0" m="7211" /><D131/><U76/><E76/><V121/><F95/><W114/><G17/><T27/><D69/><N who="3" m="26121" /><G114/><T119/><D53/><U43/><E54/><V20/><F57/><W67/><G67/><T1/><D119/><U133/><E133/><N who="0" m="50697" /><D88/><U55/><E55/><V126/><F121/><W98/><G113/><T50/><D50/><U87/><E43/><V47/><F112/><W115/><G98/><T130/><D130/><U40/><E40/><V108/><F47/><W75/><G115/><T132/><N who="0" m="50705" /><T105/><DORA hai="9" /><D105/><U48/><E48/><V85/><F85/><W36/><G36/><T84/><D84/><U124/><E124/><V24/><F126/><W45/><G45/><T94/><D94/><U117/><E117/><V80/><F80/><W129/><G129/><T99/><D99/><U122/><E122/><V116/><F116/><W97/><G96/><T72/><D77/><U38/><E100/><V46/><F46/><W42/><G42/><T78/><D79/><U102/><E102/><V52/><F52/><W89/><G89/><T93/><D93/><U128/><E128/><V49/><F49/><W107/><G107/><T118/><D118/><U83/><E92/><V58/><F58/><W125/><G125/><T63/><D63/><U31/><REACH who="1" step="1"/><E3/><REACH who="1" ten="265,240,250,235" step="2"/><V15/><AGARI ba="1,1" hai="4,6,7,12,13,15,20,21,23,24,28,108,109,110" machi="15" ten="40,16000,3" yaku="0,1,29,2,14,1,34,3,52,3" doraHai="62,9" who="2" fromWho="2" sc="265,-81,240,-41,250,173,235,-41" /><INIT seed="1,0,0,2,0,66" ten="184,199,423,194" oya="1" hai0="59,123,87,60,101,85,30,44,52,7,110,14,65" hai1="107,94,58,77,13,5,127,106,18,4,64,95,51" hai2="84,31,29,89,119,117,53,112,103,109,92,33,129" hai3="54,36,130,8,121,126,12,104,90,82,83,135,68"/><U134/><E127/><V57/><F109/><W73/><G121/><T128/><D110/><U74/><E134/><V6/><F129/><W131/><G104/><T15/><D128/><N who="3" m="49193" /><G36/><T49/><D123/><U115/><E115/><V133/><F133/><W26/><G135/><T42/><D101/><U38/><E38/><V75/><F112/><W24/><G126/><T105/><D105/><U88/><E107/><V116/><F75/><W32/><G32/><T93/><D30/><U69/><E106/><V35/><F6/><N who="3" m="3095" /><G68/><T27/><D27/><U79/><E69/><V34/><REACH who="2" step="1"/><F103/><REACH who="2" ten="184,199,413,194" step="2"/><W23/><G73/><T63/><D7/><U86/><E74/><V122/><F122/><W39/><G39/><T98/><D87/><U100/><E4/><V17/><F17/><W96/><G96/><T62/><D85/><U67/><E5/><V99/><F99/><W47/><G90/><N who="0" m="55607" /><D65/><U124/><E124/><V3/><F3/><W56/><G83/><T10/><D10/><N who="1" m="6455" /><E64/><V25/><F25/><W132/><G132/><T43/><D14/><U22/><E67/><V125/><F125/><W72/><G82/><T78/><D15/><U91/><E100/><V19/><F19/><W71/><G72/><T61/><D78/><U120/><E120/><V81/><F81/><W108/><G108/><T55/><AGARI ba="0,1" hai="42,43,44,49,52,55,59,60,61,62,63" m="55607" machi="55" ten="30,2000,0" yaku="8,1,54,1" doraHai="66" who="0" fromWho="0" sc="184,30,199,-10,413,-5,194,-5" /><INIT seed="2,0,0,5,2,68" ten="214,189,408,189" oya="2" hai0="102,90,76,25,30,39,75,129,100,133,33,11,119" hai1="27,23,111,43,35,1,85,81,114,58,48,57,36" hai2="77,19,65,0,15,80,127,53,108,72,93,134,49" hai3="8,9,105,32,21,96,62,66,107,99,118,61,51"/><V71/><F0/><W12/><G32/><T6/><D129/><U128/><E114/><V5/><F134/><W55/><G118/><T74/><D133/><U24/><E128/><V16/><F127/><W117/><G117/><T113/><D113/><U63/><E1/><V56/><F108/><W18/><G107/><T3/><D119/><U88/><E111/><V104/><F104/><W83/><G83/><T44/><D90/><U7/><E7/><V38/><F38/><W92/><G105/><T109/><D109/><U40/><E35/><V122/><F122/><W120/><G120/><T64/><D64/><N who="1" m="39023" /><E36/><V123/><F123/><W79/><G79/><T73/><REACH who="0" step="1"/><D76/><REACH who="0" ten="204,189,408,189" step="2"/><U13/><E13/><V28/><F77/><W95/><G66/><T17/><D17/><N who="1" m="12399" /><E27/><V69/><F65/><W42/><G12/><T59/><D59/><U10/><E10/><V115/><F15/><W52/><G18/><T34/><D34/><U101/><E101/><V67/><F19/><W26/><G26/><T41/><AGARI ba="0,1" hai="3,6,11,25,30,33,39,41,44,73,74,75,100,102" machi="41" ten="40,5200,0" yaku="1,1,0,1,52,1,53,0" doraHai="68" doraHaiUra="94" who="0" fromWho="0" sc="204,62,189,-13,408,-26,189,-13" /><INIT seed="3,0,0,4,0,81" ten="266,176,382,176" oya="3" hai0="124,99,35,84,135,31,79,66,65,18,59,77,11" hai1="126,123,121,114,60,49,100,75,24,20,26,61,67" hai2="64,133,1,25,23,91,131,0,125,37,63,29,7" hai3="22,110,128,62,80,17,46,101,83,27,132,112,118"/><W21/><G112/><T74/><D74/><U55/><E114/><V41/><F7/><W122/><G118/><T15/><D124/><U87/><E75/><V33/><F125/><W92/><G122/><T98/><D135/><U95/><E126/><V119/><F119/><W96/><G128/><T36/><D36/><U90/><E100/><V106/><F131/><W54/><G132/><T42/><D42/><U104/><E104/><V53/><F53/><W97/><G110/><T39/><D39/><U56/><E60/><V78/><F133/><W28/><G97/><N who="0" m="36875" /><D35/><U9/><E9/><V105/><F91/><W16/><G17/><T6/><D31/><U13/><E13/><V32/><F78/><N who="0" m="29706" /><D84/><U108/><E108/><V109/><F23/><W44/><G62/><N who="0" m="38111" /><D66/><U47/><E123/><V113/><F32/><W19/><G28/><T43/><D43/><U89/><E121/><V70/><F113/><W107/><G107/><N who="2" m="40969" /><F109/><W8/><G8/><T3/><D3/><U58/><E20/><V130/><F130/><W127/><G127/><T116/><D116/><U73/><E73/><V5/><F5/><AGARI ba="0,0" hai="5,6,11,15,18" m="38111,29706,36875" machi="5" ten="30,1000,0" yaku="8,1" doraHai="81" who="0" fromWho="2" sc="266,10,176,0,382,-10,176,0" owari="276,7.6,176,-22.4,372,47.2,176,-32.4" /></mjloggm>