<mjloggm ver="2.3"><GO type="225" lobby="0"/><UN n0="%4C%4F%4C%49%54%41" n1="%4B%2E%32%2E%4B%2E" n2="%E3%81%AA%E3%82%81%E3%81%93%E9%9B%80%E5%A3%AB" n3="%E5%A4%9C%E3%81%AE%E3%82%AC%E3%82%B9%E3%83%91%E3%83%BC%E3%83%AB" dan="16,17,16,16" rate="2157.65,2204.97,2058.59,2117.03" sx="F,M,M,M"/><TAIKYOKU oya="0"/><INIT seed="0,0,0,1,4,115" ten="250,250,250,250" oya="0" hai0="87,121,94,68,74,120,17,60,44,113,67,48,80" hai1="8,39,71,22,99,108,105,36,38,12,127,49,72" hai2="78,11,118,35,62,32,50,24,123,106,77,4,92" hai3="58,104,66,90,51,59,29,84,83,54,70,1,13"/><T30/><D113/><U19/><E72/><V16/><F106/><W47/><G1/><T88/><D30/><U69/><E108/><V122/><F118/><W107/><G29/><T42/><REACH who="0" step="1"/><D17/><REACH who="0" ten="240,250,250,250" step="2"/><U9/><E19/><V6/><F16/><W82/><G104/><T117/><D117/><U101/><E105/><V81/><F123/><W134/><G107/><T73/><D73/><U37/><E37/><V15/><F122/><W112/><G112/><T45/><D45/><U43/><E39/><V65/><F32/><W89/><G47/><T63/><D63/><U23/><E38/><V109/><F35/><W28/><G28/><T97/><D97/><U103/><E99/><V133/><F62/><W111/><G111/><T125/><D125/><U20/><E36/><V3/><F109/><W79/><G51/><T126/><D126/><U98/><E127/><V75/><F50/><W131/><G84/><T91/><D91/><U5/><E98/><V55/><F75/><W53/><G90/><T10/><D10/><U18/><E49/><V14/><F11/><W76/><G89/><T135/><D135/><U132/><E132/><V95/><F133/><W61/><G134/><T130/><D130/><U64/><E9/><V114/><F114/><W40/><G131/><T2/><D2/><U119/><E119/><V25/><F3/><W52/><G61/><T86/><D86/><U26/><E18/><V124/><F124/><W21/><G76/><AGARI ba="0,1" hai="42,44,48,60,67,68,74,76,80,87,88,94,120,121" machi="76" ten="40,3900,0" yaku="1,1,54,1,53,0" doraHai="115" doraHaiUra="27" who="0" fromWho="3" sc="240,49,250,0,250,0,250,-39" /><INIT seed="0,1,0,3,3,124" ten="289,250,250,211" oya="0" hai0="23,19,0,99,74,12,87,85,21,84,129,116,34" hai1="27,29,89,102,31,36,24,72,107,77,82,49,26" hai2="37,135,39,133,8,108,112,113,64,127,83,14,130" hai3="94,35,20,7,9,41,126,109,75,92,93,54,3"/><T48/><D34/><U73/><E36/><V5/><F127/><W120/><G126/><T22/><D116/><U100/><E73/><V104/><F104/><W56/><G35/><T105/><D0/><U61/><E61/><V66/><F108/><W10/><G75/><T52/><D74/><U119/><E119/><V28/><F28/><W78/><G78/><T88/><D129/><U90/><E49/><V60/><F83/><W70/><G70/><T121/><D121/><U128/><E128/><V51/><F51/><W33/><G33/><T43/><D43/><U97/><E102/><V115/><F130/><W98/><G109/><T16/><D19/><U18/><E18/><V101/><F101/><W117/><G117/><T46/><D105/><U76/><E77/><V132/><REACH who="2" step="1"/><F60/><REACH who="2" ten="289,250,240,211" step="2"/><W32/><G120/><T68/><D68/><U1/><E31/><V42/><F42/><W69/><G69/><T57/><D46/><U55/><E29/><V95/><F95/><AGARI ba="1,1" hai="12,16,21,22,23,48,52,57,84,85,87,88,95,99" machi="95" ten="40,12000,1" yaku="8,1,54,3" doraHai="124" who="0" fromWho="2" sc="289,133,250,0,240,-123,211,0" /><INIT seed="0,2,0,1,2,52" ten="422,250,117,211" oya="0" hai0="121,76,130,29,36,17,14,57,31,10,63,13,22" hai1="50,1,132,75,113,105,122,35,103,106,83,117,39" hai2="88,5,129,82,67,20,53,48,101,47,84,66,79" hai3="12,28,37,44,62,33,45,110,104,4,18,8,72"/><T119/><D119/><U90/><RYUUKYOKU type="yao9" ba="2,0" sc="422,0,250,0,117,0,211,0" hai1="1,35,39,50,75,83,90,103,105,106,113,117,122,132" /><INIT seed="0,3,0,2,0,73" ten="422,250,117,211" oya="0" hai0="132,86,12,81,77,87,90,3,100,125,33,85,19" hai1="54,44,4,135,13,121,52,103,26,83,42,16,50" hai2="48,72,82,17,31,95,67,20,71,130,112,104,126" hai3="36,21,14,69,76,22,84,123,105,96,2,97,55"/><T0/><D33/><U23/><E121/><V78/><F112/><W116/><G116/><T35/><D35/><U102/><E135/><V115/><F115/><W53/><G2/><T58/><D132/><U80/><E80/><V8/><F104/><W64/><G36/><T94/><D125/><U9/><E83/><V40/><F126/><W93/><G123/><T49/><D100/><AGARI ba="3,0" hai="4,9,13,16,23,26,42,44,50,52,54,100,102,103" machi="100" ten="40,5200,0" yaku="8,1,54,2" doraHai="73" who="1" fromWho="0" sc="422,-61,250,61,117,0,211,0" /><INIT seed="1,0,0,1,3,91" ten="361,311,117,211" oya="1" hai0="36,12,87,11,82,56,131,92,121,77,40,88,108" hai1="129,10,62,53,55,81,49,28,98,89,39,15,74" hai2="57,120,43,58,47,51,80,115,114,16,101,79,0" hai3="42,124,17,84,126,44,9,6,1,134,93,71,72"/><U67/><E39/><V50/><F0/><W86/><G71/><T104/><D104/><U4/><E129/><V70/><F70/><W111/><G72/><T117/><D117/><U54/><E28/><V64/><F120/><W83/><G111/><T95/><D108/><U46/><E74/><V130/><F130/><W68/><G68/><T85/><D131/><U97/><E97/><V24/><F101/><W125/><G134/><T128/><D128/><U65/><E65/><V102/><F102/><W127/><G17/><T122/><D56/><N who="1" m="37319" /><E81/><V94/><F58/><W63/><G63/><T52/><D52/><N who="1" m="20075" /><E89/><V32/><F32/><W21/><G83/><N who="0" m="47343" /><D36/><U60/><E98/><V18/><F51/><N who="3" m="27031" /><G127/><T69/><D40/><U2/><E2/><V119/><F119/><W3/><G3/><T31/><D31/><U103/><E103/><V113/><F24/><W13/><G86/><T106/><D106/><U76/><E60/><V99/><F57/><W105/><G105/><T107/><D69/><U123/><E123/><N who="0" m="47113" /><D107/><U116/><E116/><V5/><F64/><W45/><G84/><T90/><D90/><U29/><E29/><V26/><F26/><W20/><G1/><T73/><D73/><U61/><E61/><V33/><F33/><W100/><G45/><T37/><D37/><U48/><E48/><V30/><F30/><W59/><G59/><T110/><D110/><U38/><E38/><V112/><N who="2" m="28672" /><DORA hai="41" /><V109/><F109/><W25/><G25/><T34/><D34/><U118/><E118/><V14/><F80/><W133/><G133/><T135/><D135/><RYUUKYOKU ba="0,0" sc="361,10,311,10,117,-30,211,10" hai0="11,12,82,87,88,92,95" hai1="4,10,15,46,49,55,76" hai3="6,9,13,20,21,93,100,124,125,126" /><INIT seed="1,1,0,1,5,45" ten="371,321,87,221" oya="1" hai0="103,64,74,67,92,89,66,81,51,126,0,17,77" hai1="79,53,76,24,98,35,86,85,58,1,109,41,101" hai2="25,6,116,87,113,117,131,50,115,120,11,40,44" hai3="20,72,90,111,135,19,110,5,93,78,26,123,132"/><U32/><E1/><V70/><F70/><W73/><G123/><T9/><D126/><U59/><E41/><V47/><F120/><W129/><G5/><T7/><D103/><U69/><E69/><V42/><F25/><W22/><G129/><T8/><D51/><U39/><E39/><V100/><F100/><W107/><G22/><T14/><REACH who="0" step="1"/><D64/><REACH who="0" ten="361,321,87,221" step="2"/><U127/><E127/><V54/><F131/><W21/><G107/><T95/><D95/><U3/><E101/><V71/><F117/><W10/><G93/><T57/><D57/><U68/><E68/><V30/><F71/><W37/><G37/><T82/><D82/><U108/><E59/><V94/><F116/><W134/><G134/><T13/><D13/><U84/><E58/><V33/><F47/><W75/><G132/><T128/><D128/><U97/><E3/><V62/><F62/><W43/><G135/><T102/><D102/><U46/><E46/><V118/><F118/><W29/><G110/><N who="1" m="42602" /><E53/><V104/><F54/><W15/><G111/><T28/><D28/><N who="1" m="19463" /><E35/><V34/><F42/><W96/><G43/><T91/><D91/><U2/><E2/><N who="2" m="471" /><F104/><W121/><G121/><T106/><D106/><U38/><E38/><V23/><F34/><W83/><G29/><T31/><D31/><U88/><E88/><N who="2" m="53535" /><F33/><W16/><G90/><T130/><D130/><U55/><E55/><V52/><F40/><W125/><G125/><T56/><D56/><U48/><E48/><V119/><F119/><W18/><G15/><T27/><D27/><U61/><E61/><V4/><F30/><W133/><G133/><RYUUKYOKU ba="1,1" sc="361,15,321,15,87,-15,221,-15" hai0="0,7,8,9,14,17,66,67,74,77,81,89,92" hai1="76,79,84,85,86,97,98" /><INIT seed="1,2,1,4,0,133" ten="376,336,72,206" oya="1" hai0="70,9,21,71,55,31,49,113,104,24,114,122,17" hai1="92,121,132,33,81,15,69,135,48,20,106,117,10" hai2="102,13,28,88,30,85,68,103,40,56,8,25,29" hai3="37,16,123,46,50,14,54,52,90,22,126,38,61"/><U97/><E117/><V2/><F68/><W128/><G123/><T7/><D104/><U131/><E121/><V32/><F2/><W64/><G126/><T34/><D122/><U19/><E131/><V96/><F40/><W84/><G54/><T76/><D76/><U41/><E69/><V27/><F32/><W6/><G6/><T129/><D129/><U108/><E106/><V95/><F56/><W125/><G125/><T75/><D75/><U59/><E33/><V100/><REACH who="2" step="1"/><F96/><REACH who="2" ten="376,336,62,206" step="2"/><W74/><G128/><T5/><D70/><U1/><E1/><V105/><F105/><W3/><G3/><T44/><D71/><U86/><E59/><V36/><F36/><W91/><G38/><T42/><D42/><U130/><E130/><V26/><F26/><W77/><G37/><T116/><D34/><U43/><E43/><V51/><F51/><W124/><G124/><T98/><D98/><U93/><E97/><V99/><F99/><W0/><G0/><T35/><D35/><U67/><E48/><V127/><F127/><W47/><G50/><T12/><D49/><U109/><E41/><V53/><F53/><W87/><G52/><T94/><D55/><U115/><E67/><V83/><F83/><W89/><G47/><T57/><D57/><U118/><E81/><V66/><F66/><W107/><G46/><T82/><D44/><U4/><E15/><V80/><F80/><N who="3" m="45111" /><G107/><T119/><D82/><U72/><E93/><V11/><F11/><W58/><G58/><T39/><D39/><U111/><E92/><V110/><F110/><W23/><G23/><RYUUKYOKU ba="2,2" sc="376,-15,336,-15,62,15,206,15" hai2="8,13,25,27,28,29,30,85,88,95,100,102,103" hai3="14,16,22,61,64,84,87,89,90,91" /><INIT seed="2,3,2,3,3,123" ten="361,321,77,221" oya="2" hai0="5,105,34,135,116,37,48,122,121,30,106,128,64" hai1="15,96,94,117,92,43,45,23,132,10,39,133,9" hai2="59,12,120,53,4,35,80,49,46,32,110,36,115" hai3="83,87,56,38,101,85,104,112,42,98,81,33,58"/><V28/><F115/><W11/><G33/><T119/><D37/><U66/><E117/><N who="0" m="45129" /><D128/><U127/><E127/><V118/><F118/><W108/><G112/><T31/><D135/><N who="1" m="51787" /><E66/><V1/><F120/><N who="0" m="46186" /><D64/><U95/><E96/><V25/><F1/><W14/><G108/><T124/><D124/><U16/><AGARI ba="3,2" hai="9,10,15,16,23,39,43,45,92,94,95" m="51787" machi="16" ten="40,2700,0" yaku="20,1,54,1" doraHai="123" who="1" fromWho="1" sc="361,-10,321,56,77,-16,221,-10" /><INIT seed="3,0,0,4,0,115" ten="351,377,61,211" oya="3" hai0="97,18,91,1,66,133,116,87,105,96,17,89,108" hai1="121,84,124,113,40,92,75,10,110,85,77,52,127" hai2="53,117,111,16,88,120,69,101,93,59,132,27,3" hai3="29,24,109,33,35,86,13,14,51,4,100,65,99"/><W8/><G109/><T19/><D1/><U104/><E113/><V50/><F111/><W135/><G135/><T46/><D108/><U21/><E104/><V45/><F132/><W6/><G35/><T67/><D133/><U15/><E110/><V79/><F69/><W54/><G65/><N who="0" m="24587" /><D105/><U41/><E121/><V70/><F3/><W38/><G38/><T0/><D0/><U22/><E52/><V7/><F70/><W9/><G86/><N who="1" m="33386" /><E92/><V31/><F120/><W60/><G60/><T49/><D87/><U119/><E119/><V134/><F134/><W114/><G114/><T30/><D30/><U126/><E77/><V56/><F79/><W26/><G26/><T64/><N who="0" m="24595" /><T73/><DORA hai="112" /><D73/><U80/><E80/><V43/><F7/><W74/><G74/><T118/><D46/><U32/><E32/><V42/><F31/><W71/><G71/><T107/><D49/><U123/><E123/><V102/><F43/><N who="1" m="16457" /><E75/><V98/><F59/><W63/><G63/><T55/><D55/><U125/><N who="1" m="31744" /><DORA hai="122" /><U58/><E58/><V68/><F68/><W106/><G54/><T48/><D48/><AGARI ba="0,0" hai="4,6,8,9,13,14,24,29,33,48,51,99,100,106" machi="48" ten="40,2000,0" yaku="9,1" doraHai="115,112,122" who="3" fromWho="0" sc="351,-20,377,0,61,0,211,20" /><INIT seed="3,1,0,3,1,29" ten="331,377,61,231" oya="3" hai0="60,101,10,13,99,118,92,6,104,14,8,116,68" hai1="89,77,108,59,74,41,30,85,95,9,21,72,131" hai2="123,64,33,34,107,15,100,90,36,84,32,31,114" hai3="124,129,132,134,19,0,5,66,135,109,78,105,54"/><W67/><G105/><T102/><D102/><U39/><E108/><V112/><F36/><W86/><G124/><T125/><D125/><U69/><E69/><V23/><F123/><W56/><G129/><T82/><D104/><U128/><E59/><V49/><F64/><W61/><G109/><T126/><D126/><U27/><E9/><V113/><F100/><W42/><G42/><T98/><D98/><U25/><E25/><V16/><F107/><W22/><G5/><T52/><D82/><U111/><E111/><V35/><F35/><W55/><G0/><T37/><D37/><U3/><E3/><V122/><F122/><W1/><G1/><T130/><D130/><N who="1" m="49707" /><E77/><V48/><REACH who="2" step="1"/><F31/><REACH who="2" ten="331,377,51,231" step="2"/><W88/><G67/><T24/><D68/><U115/><E115/><V2/><F2/><W51/><G66/><T75/><D75/><U127/><E127/><V120/><F120/><W110/><G110/><T79/><D79/><U57/><E57/><V81/><AGARI ba="1,1" hai="15,16,23,32,33,34,48,49,81,84,90,112,113,114" machi="81" ten="40,12000,2" yaku="1,1,0,1,52,3,54,1,53,0" doraHai="29" doraHaiUra="70" who="2" fromWho="2" sc="331,-31,377,-31,51,133,231,-61" owari="300,10.0,346,44.6,184,-21.6,170,-33.0" /></mjloggm>