<mjloggm ver="2.3"><GO type="225" lobby="0"/><UN n0="%73%61%6E%64%69%72%69%73" n1="%70%68%65%6E%6F%6D%65" n2="%73%75%7A%75%6D%65%33" n3="%E4%B8%89%E5%86%A0%E7%8E%8B%E3%83%BB%E5%B1%B1%E7%94%B0%E5%93%B2%E4%BA%BA" dan="16,16,18,16" rate="2142.23,2115.71,2220.09,2109.92" sx="M,M,M,M"/><TAIKYOKU oya="0"/><INIT seed="0,0,0,3,0,96" ten="250,250,250,250" oya="0" hai0="84,86,57,17,32,132,87,46,10,64,124,48,60" hai1="29,72,122,70,78,63,59,13,77,75,76,39,129" hai2="109,44,47,82,67,125,24,61,69,42,27,31,51" hai3="94,19,65,89,40,3,12,16,33,50,104,37,85"/><T106/><D32/><U123/><E70/><V53/><F109/><W88/><G3/><T93/><D106/><U0/><E0/><V34/><F125/><W79/><G37/><T105/><D105/><U71/><E71/><V56/><F24/><W101/><G33/><T133/><D124/><U95/><E39/><V102/><F82/><N who="3" m="47327" /><G65/><T14/><REACH who="0" step="1"/><D93/><REACH who="0" ten="240,250,250,250" step="2"/><U30/><E95/><V108/><F108/><W98/><G104/><T103/><D103/><U114/><E123/><V20/><F102/><W126/><G126/><T43/><AGARI ba="0,1" hai="10,14,17,43,46,48,57,60,64,84,86,87,132,133" machi="43" ten="30,6000,0" yaku="1,1,0,1,53,1" doraHai="96" doraHaiUra="54" who="0" fromWho="0" sc="240,70,250,-20,250,-20,250,-20" /><INIT seed="0,1,0,3,0,98" ten="310,230,230,230" oya="0" hai0="3,57,75,96,44,11,102,39,42,13,36,129,113" hai1="8,21,68,118,59,53,62,84,20,120,69,72,109" hai2="70,125,89,1,76,74,83,32,99,112,128,78,97" hai3="108,111,100,127,123,17,85,80,92,77,91,115,107"/><T40/><D113/><U134/><E72/><V132/><F70/><W31/><G31/><T94/><D129/><U61/><E118/><V55/><F112/><W88/><G115/><T105/><D75/><U0/><E120/><V79/><F1/><W130/><G127/><T7/><D57/><U50/><E109/><N who="3" m="42058" /><G17/><T101/><D3/><U43/><E134/><V47/><F32/><W110/><G110/><T34/><D34/><U26/><E20/><V9/><F132/><W116/><G116/><T56/><D56/><U51/><E84/><N who="2" m="50335" /><F74/><N who="3" m="43063" /><G91/><T90/><REACH who="0" step="1"/><D105/><REACH who="0" ten="300,230,230,230" step="2"/><U131/><E131/><V82/><F128/><W135/><G130/><T117/><D117/><U6/><E68/><V86/><F125/><W24/><G135/><T27/><D27/><U71/><E71/><V29/><F47/><AGARI ba="1,1" hai="7,11,13,36,39,40,42,44,47,90,94,96,101,102" machi="47" ten="40,12000,1" yaku="1,1,9,1,52,2,53,1" doraHai="98" doraHaiUra="2" who="0" fromWho="2" sc="300,133,230,0,230,-123,230,0" /><INIT seed="0,2,0,3,5,61" ten="433,230,107,230" oya="0" hai0="108,57,113,65,56,7,3,103,33,23,76,100,35" hai1="22,84,11,52,70,32,47,26,109,53,43,129,132" hai2="80,44,67,50,72,30,39,85,124,21,54,123,37" hai3="120,62,15,93,5,29,96,125,38,99,4,114,58"/><T34/><D113/><U89/><E109/><V110/><F123/><W48/><G38/><T45/><D76/><U51/><E129/><V73/><F110/><W78/><G114/><T64/><D108/><U97/><E132/><V55/><F124/><W86/><G125/><T88/><D45/><U19/><E70/><V92/><F54/><W46/><G29/><T1/><D23/><U95/><E32/><V82/><F92/><W12/><G120/><T31/><D31/><U69/><E69/><V13/><F67/><N who="0" m="25674" /><D7/><U121/><E121/><V90/><F80/><W8/><G78/><T106/><D88/><N who="1" m="55527" /><E11/><V17/><F39/><W74/><G8/><T0/><D106/><U81/><AGARI ba="2,0" hai="19,22,26,43,47,51,52,53,81,84,89" m="55527" machi="81" ten="30,4000,0" yaku="8,1,54,2" doraHai="61" who="1" fromWho="1" sc="433,-22,230,46,107,-12,230,-12" /><INIT seed="1,0,0,0,4,98" ten="411,276,95,218" oya="1" hai0="52,77,79,28,114,96,48,92,16,27,64,78,39" hai1="50,121,40,10,41,65,74,35,132,130,85,133,2" hai2="57,110,117,63,8,55,18,24,87,46,47,60,111" hai3="80,49,101,66,51,1,112,45,82,134,86,71,5"/><U54/><E74/><V122/><F122/><W118/><G112/><T42/><D114/><U116/><E121/><V129/><F117/><W135/><G118/><T89/><D39/><U29/><E116/><V75/><F75/><W32/><G32/><T123/><D123/><U103/><E65/><V115/><F115/><W81/><G1/><T7/><D7/><N who="1" m="1399" /><E85/><V76/><F129/><W91/><G5/><T56/><D64/><U3/><E3/><V83/><F63/><W107/><G71/><T94/><D42/><U33/><E130/><V67/><F67/><W93/><G66/><T26/><D28/><U69/><E69/><V73/><F73/><W99/><REACH who="3" step="1"/><G51/><REACH who="3" ten="411,276,95,208" step="2"/><T131/><D131/><U125/><E35/><V68/><F68/><W104/><G104/><T25/><D94/><U36/><E36/><V43/><F111/><W119/><G119/><T23/><AGARI ba="0,1" hai="16,23,25,26,27,48,52,56,77,78,79,89,92,96" machi="23" ten="30,7900,0" yaku="0,1,8,1,54,2" doraHai="98" who="0" fromWho="0" sc="411,89,276,-39,95,-20,208,-20" /><INIT seed="2,0,0,2,3,0" ten="500,237,75,188" oya="2" hai0="8,83,1,86,129,94,21,13,48,32,67,85,46" hai1="126,66,84,132,78,14,95,76,64,55,118,18,74" hai2="73,107,123,103,105,87,28,4,49,40,60,65,24" hai3="34,91,11,57,69,115,9,102,51,52,114,7,113"/><V110/><F123/><W90/><G69/><T3/><D32/><U96/><E118/><V2/><F73/><W53/><G34/><T30/><D129/><U54/><E74/><V59/><F110/><W62/><G102/><T41/><D67/><N who="1" m="25643" /><E126/><V71/><F87/><W79/><G11/><T127/><D127/><U130/><E132/><V12/><F2/><N who="3" m="247" /><G79/><N who="1" m="30250" /><E84/><V82/><F82/><W63/><G63/><T19/><D86/><U122/><E122/><V16/><F103/><W131/><G131/><T98/><D30/><U111/><E111/><V108/><F108/><W92/><G92/><T97/><D97/><U133/><E133/><V31/><F31/><W104/><G104/><T61/><D61/><U35/><E35/><V116/><F116/><W68/><G68/><T106/><D106/><U121/><E121/><V134/><F134/><W120/><G120/><T100/><D21/><N who="1" m="11479" /><E130/><V10/><F71/><W25/><G25/><T75/><D75/><U44/><E44/><AGARI ba="0,0" hai="44,51,52,53,57,62,90,91,113,114,115" m="247" machi="44" ten="30,3900,0" yaku="11,1,52,1,54,1" doraHai="0" who="3" fromWho="1" sc="500,0,237,-39,75,0,188,39" /><INIT seed="3,0,0,5,4,112" ten="500,198,75,227" oya="3" hai0="84,57,95,14,38,103,24,76,126,21,17,79,26" hai1="63,88,81,30,51,86,67,92,128,3,50,115,49" hai2="80,134,34,43,75,70,35,74,64,42,19,73,117" hai3="47,44,15,101,102,31,123,125,16,135,105,109,13"/><W124/><G123/><T77/><D38/><U94/><E115/><V25/><F134/><W91/><G31/><T107/><D126/><U66/><E128/><V7/><F7/><W131/><G131/><T6/><D107/><U116/><E116/><V23/><F80/><W100/><G105/><T114/><D114/><U93/><E3/><V11/><F11/><W83/><G109/><T69/><D69/><U40/><E30/><V0/><F0/><W56/><G135/><T118/><D118/><U45/><REACH who="1" step="1"/><E67/><REACH who="1" ten="500,188,75,227" step="2"/><V72/><N who="2" m="18432" /><DORA hai="99" /><V106/><F117/><W60/><G125/><T90/><D103/><U89/><E89/><V96/><F64/><N who="3" m="38919" /><G124/><T1/><D1/><U18/><E18/><V82/><F70/><AGARI ba="0,1" hai="40,45,49,50,51,63,66,70,81,86,88,92,93,94" machi="70" ten="40,2600,0" yaku="1,1,54,1,53,0" doraHai="112,99" doraHaiUra="28,108" who="1" fromWho="2" sc="500,0,188,36,75,-26,227,0" owari="500,60.0,224,-17.6,49,-45.1,227,2.7" /></mjloggm>