<mjloggm ver="2.3"><GO type="225" lobby="0"/><UN n0="%72%69%6F%75%63%68%61%6E" n1="%72%61%6B%33" n2="%E3%81%B2%E3%81%BE%E3%81%A4%E3%81%B6%E3%81%97" n3="%E3%82%BC%E3%83%AB%E3%83%80%E3%81%AE%E4%BC%9D%E8%AA%AC" dan="17,16,16,17" rate="2202.51,2147.33,2168.86,2128.85" sx="M,M,M,M"/><TAIKYOKU oya="0"/><INIT seed="0,0,0,1,2,132" ten="250,250,250,250" oya="0" hai0="94,28,1,20,90,8,85,108,99,103,115,67,42" hai1="119,59,14,22,33,75,129,109,135,35,30,21,93" hai2="102,114,89,46,80,79,60,124,31,48,58,83,69" hai3="112,82,111,3,104,57,27,72,50,73,47,38,18"/><T10/><D115/><U125/><E119/><V53/><F114/><W7/><G112/><T44/><D108/><U9/><E75/><V97/><F69/><W71/><G71/><T110/><D110/><U101/><E135/><V91/><F31/><W86/><G104/><T64/><D8/><U96/><E109/><V29/><F29/><W123/><G111/><T131/><D131/><U107/><E129/><V11/><F11/><W78/><G3/><T87/><D87/><U121/><E121/><V88/><F124/><W4/><G123/><T77/><D77/><U113/><E125/><V17/><F17/><W62/><G38/><T92/><D28/><U45/><E113/><V128/><F128/><W126/><G73/><T5/><REACH who="0" step="1"/><D20/><REACH who="0" ten="240,250,250,250" step="2"/><U36/><E22/><V15/><F79/><W26/><G126/><T51/><AGARI ba="0,1" hai="1,5,10,42,44,51,64,67,85,90,92,94,99,103" machi="51" ten="20,12000,1" yaku="1,1,2,1,0,1,7,1,53,1" doraHai="132" doraHaiUra="41" who="0" fromWho="0" sc="240,130,250,-40,250,-40,250,-40" /><INIT seed="0,1,0,2,2,3" ten="370,210,210,210" oya="0" hai0="92,135,74,35,120,80,85,127,84,95,21,52,23" hai1="40,45,66,118,124,16,111,2,82,104,122,68,71" hai2="53,77,86,12,0,39,131,41,123,115,44,57,119" hai3="112,37,79,128,56,9,31,94,38,90,47,103,11"/><T49/><D120/><U109/><E122/><V8/><F123/><W91/><G112/><T26/><D127/><U43/><E118/><V33/><F115/><W110/><G110/><T60/><D135/><U65/><E104/><V67/><F131/><W34/><G128/><T130/><D130/><U121/><E121/><V132/><F33/><W113/><G79/><T100/><D60/><U13/><E2/><V93/><F132/><W107/><G56/><T69/><D69/><U116/><E82/><V75/><F75/><W64/><G64/><T99/><D35/><U61/><E124/><V55/><F0/><W106/><G113/><T27/><D74/><U7/><E116/><V114/><F114/><W126/><G126/><T89/><D26/><U22/><E7/><V108/><F108/><N who="1" m="41545" /><E45/><V59/><F119/><W17/><G47/><T54/><D49/><U117/><E117/><V6/><F67/><W105/><G38/><T14/><D14/><U10/><E10/><V58/><REACH who="2" step="1"/><F77/><REACH who="2" ten="370,210,200,210" step="2"/><W15/><G34/><T25/><D25/><U134/><E134/><V63/><F63/><AGARI ba="1,1" hai="13,16,22,40,43,61,63,65,66,68,71" m="41545" machi="63" ten="30,2000,0" yaku="14,1,54,1" doraHai="3" who="1" fromWho="2" sc="370,0,210,33,200,-23,210,0" /><INIT seed="1,0,0,3,0,10" ten="370,243,177,210" oya="1" hai0="99,15,103,48,17,78,120,94,52,8,28,51,57" hai1="75,56,91,109,30,7,59,40,118,61,127,16,4" hai2="112,25,64,43,62,58,27,31,80,3,72,68,41" hai3="83,26,130,97,106,123,82,92,60,110,104,119,85"/><U122/><E118/><V71/><F112/><W134/><G123/><T73/><D120/><U90/><E122/><V86/><F72/><W12/><G110/><T89/><D28/><U19/><E109/><V124/><F124/><W132/><G26/><T22/><D73/><U54/><E75/><V113/><F3/><W114/><G114/><T77/><D48/><U44/><E30/><V105/><F105/><N who="3" m="40555" /><G60/><T37/><D37/><U24/><E127/><V128/><F113/><W66/><G66/><T38/><D38/><U133/><E133/><N who="3" m="51306" /><G12/><N who="0" m="9511" /><D103/><U102/><E102/><V9/><F128/><W63/><G63/><T129/><D129/><U5/><E59/><V35/><F25/><W84/><G130/><T33/><D33/><U6/><N who="1" m="1024" /><DORA hai="42" /><U20/><REACH who="1" step="1"/><E19/><AGARI ba="0,0" hai="8,15,19,51,52,57,77,78,89,94,99" m="9511" machi="19" ten="30,7700,0" yaku="8,1,52,2,54,1" doraHai="10,42" who="0" fromWho="1" sc="370,77,243,-77,177,0,210,0" /><INIT seed="2,0,0,3,0,42" ten="447,166,177,210" oya="2" hai0="95,39,70,1,119,10,26,44,90,31,122,19,38" hai1="13,58,53,40,123,69,65,16,14,28,81,62,27" hai2="2,0,49,110,87,22,120,36,6,79,132,88,84" hai3="101,61,118,96,52,37,134,116,126,127,82,128,33"/><V54/><F120/><W109/><G109/><T5/><D122/><U133/><E123/><V12/><F110/><W124/><G134/><T83/><D70/><U30/><E133/><V17/><F132/><W112/><G128/><T55/><D119/><U68/><E13/><V7/><F36/><W107/><G112/><T8/><D83/><U108/><E108/><V25/><F2/><W111/><G111/><T93/><D95/><U18/><E18/><V20/><F0/><W98/><G37/><T3/><D55/><U94/><E40/><V32/><F79/><W91/><G33/><T129/><D129/><U43/><E43/><V47/><F84/><N who="3" m="50583" /><G98/><T105/><D44/><U85/><E94/><N who="2" m="54559" /><F32/><W131/><G131/><T45/><D45/><U29/><E27/><V59/><F47/><W66/><G52/><T99/><D105/><U34/><E53/><V57/><F57/><AGARI ba="0,0" hai="57,61,66,96,101,107,116,118,124,126,127" m="50583" machi="57" ten="30,1000,0" yaku="18,1" doraHai="42" who="3" fromWho="2" sc="447,0,166,0,177,-10,210,10" /><INIT seed="3,0,0,3,2,54" ten="447,166,167,220" oya="3" hai0="126,98,38,104,34,43,29,117,30,39,92,16,127" hai1="133,83,134,58,100,76,110,82,91,95,35,77,88" hai2="94,23,124,75,73,63,5,27,24,72,119,115,113" hai3="46,87,65,96,13,60,8,122,114,99,69,116,45"/><W31/><G87/><T71/><D104/><U36/><E36/><N who="0" m="13865" /><D34/><U66/><E35/><V109/><F119/><W97/><G114/><T125/><D71/><U61/><E110/><V81/><F109/><W22/><G13/><T49/><D117/><U62/><E100/><V131/><F131/><W41/><G22/><T84/><D84/><U53/><E82/><V74/><F124/><W0/><G46/><N who="0" m="25823" /><D16/><U15/><E15/><V50/><F5/><W89/><G99/><T51/><D51/><U130/><E130/><V42/><F50/><W1/><G1/><T52/><D52/><U7/><E7/><V32/><F42/><W33/><G0/><T78/><D78/><U118/><E118/><V90/><F63/><W68/><G60/><T44/><D44/><U108/><E108/><V132/><F113/><W120/><G45/><T123/><D123/><U17/><E17/><N who="2" m="12399" /><F115/><W64/><G41/><T111/><D111/><U105/><E105/><V40/><F40/><W6/><G6/><T103/><AGARI ba="0,0" hai="29,30,92,98,103,125,126,127" m="25823,13865" machi="103" ten="40,1500,0" yaku="18,1" doraHai="54" who="0" fromWho="0" sc="447,15,166,-4,167,-4,220,-7" owari="462,56.2,162,-33.8,163,-23.7,213,1.3" /></mjloggm>