<mjloggm ver="2.3"><GO type="225" lobby="0"/><UN n0="%45%6C%79%73%69%75%6D" n1="%E6%9C%9D%E6%97%A5" n2="%72%69%6F%75%63%68%61%6E" n3="%E6%80%AA%E3%81%97%E3%81%99%E3%81%8E%E3%82%8B%E3%83%81%E3%83%BC" dan="17,18,17,16" rate="2155.26,2182.99,2262.10,2183.81" sx="F,F,M,M"/><TAIKYOKU oya="0"/><INIT seed="0,0,0,0,4,49" ten="250,250,250,250" oya="0" hai0="124,87,62,69,132,97,66,129,84,17,128,95,44" hai1="102,5,135,37,28,133,67,14,104,54,0,61,51" hai2="6,13,43,31,10,25,125,15,115,59,3,130,1" hai3="123,2,58,8,85,82,89,110,93,36,131,34,101"/><T126/><D17/><U76/><E37/><V121/><F121/><W65/><G36/><T114/><D114/><U56/><E0/><N who="2" m="75" /><F59/><W68/><G110/><T107/><D107/><U23/><E76/><V98/><F98/><W35/><G131/><N who="0" m="50251" /><D44/><U91/><E104/><V70/><F43/><W24/><G123/><T30/><D30/><U26/><E102/><V45/><F45/><W46/><G101/><N who="0" m="60607" /><D132/><U96/><E96/><V4/><F70/><W127/><G68/><T73/><D73/><U100/><E100/><V42/><F42/><W9/><G46/><T117/><D117/><U105/><E105/><V53/><F130/><W80/><G58/><T29/><D29/><U88/><E135/><V18/><F115/><W119/><G119/><T90/><D84/><U32/><E133/><V63/><F125/><W39/><G127/><T41/><D41/><U55/><E67/><V116/><F53/><W71/><G65/><T120/><D120/><U109/><E109/><V74/><F74/><W33/><G85/><T118/><D118/><U77/><E77/><V27/><F116/><W11/><G39/><T111/><D111/><U106/><E106/><V103/><F103/><W99/><G71/><T16/><D124/><U108/><E108/><V52/><F31/><W7/><G82/><N who="0" m="49527" /><D126/><U19/><E5/><N who="2" m="2155" /><F13/><W86/><REACH who="3" step="1"/><G24/><REACH who="3" ten="250,250,250,240" step="2"/><T94/><D69/><U50/><E61/><V78/><F78/><W75/><G75/><T92/><D62/><U83/><E83/><V81/><F81/><W134/><G134/><T113/><D66/><U112/><E112/><V12/><F12/><RYUUKYOKU ba="0,1" sc="250,-30,250,10,250,10,240,10" hai1="14,19,23,26,28,32,50,51,54,55,56,88,91" hai2="10,15,18,25,27,52,63" hai3="2,7,8,9,11,33,34,35,80,86,89,93,99" /><INIT seed="1,1,1,2,1,133" ten="220,260,260,250" oya="1" hai0="35,57,105,46,69,63,32,38,59,50,31,70,40" hai1="52,129,99,128,6,17,4,58,121,112,83,5,113" hai2="2,53,68,119,54,60,132,124,37,86,104,130,23" hai3="43,44,14,108,100,103,92,66,109,41,77,29,106"/><U88/><E121/><V89/><F124/><W33/><G106/><T91/><D91/><U72/><E17/><V18/><F119/><W76/><G66/><T127/><D105/><U9/><E9/><V94/><F130/><N who="1" m="50281" /><E72/><V25/><F132/><W48/><G14/><T135/><D135/><U1/><E1/><V20/><F37/><W49/><G92/><T116/><D116/><U22/><E22/><V7/><F104/><W79/><G29/><T0/><D0/><U97/><E83/><V110/><F110/><N who="3" m="42603" /><G33/><T131/><D131/><U16/><E16/><V115/><F115/><N who="1" m="44105" /><E88/><V125/><F125/><W84/><G84/><T47/><D127/><U19/><E19/><V123/><F123/><W27/><G27/><T45/><D32/><U96/><E96/><V82/><F82/><W65/><G103/><T107/><D35/><U28/><E28/><V21/><F20/><W78/><G100/><T87/><D31/><U34/><E34/><V71/><F21/><W85/><G79/><T26/><D87/><U114/><N who="1" m="44113" /><U81/><DORA hai="93" /><E81/><V51/><F7/><N who="1" m="1793" /><U111/><DORA hai="90" /><E111/><V80/><F2/><W126/><G85/><T67/><D26/><U3/><E3/><V64/><F80/><W95/><G126/><T118/><D118/><U30/><E30/><V15/><F25/><W122/><G78/><T39/><D107/><U62/><AGARI ba="1,1" hai="52,58,62,97,99" m="1793,44113,50281" machi="62" ten="50,12000,1" yaku="19,1,52,2,54,1" doraHai="133,93,90" who="1" fromWho="1" sc="220,-41,260,133,260,-41,250,-41" /><INIT seed="1,2,0,4,2,61" ten="179,393,219,209" oya="1" hai0="73,15,55,124,12,2,27,70,129,54,48,44,86" hai1="34,71,47,37,135,110,90,99,20,66,105,58,132" hai2="35,26,4,87,75,79,30,100,40,122,0,80,33" hai3="36,28,91,6,107,23,77,109,85,49,19,117,5"/><U39/><E58/><V101/><F122/><W59/><G36/><N who="1" m="13898" /><E47/><V41/><F35/><W118/><G107/><T18/><D124/><U125/><E20/><V106/><F87/><W114/><G109/><T29/><D129/><U81/><E90/><V10/><REACH who="2" step="1"/><F100/><REACH who="2" ten="179,393,209,209" step="2"/><W1/><G85/><T64/><D86/><U126/><E34/><V69/><F69/><W120/><G120/><T127/><D70/><U97/><E110/><V13/><F13/><W9/><G117/><T42/><D12/><U72/><E97/><AGARI ba="2,1" hai="0,4,10,26,30,33,40,41,75,79,80,97,101,106" machi="97" ten="40,1300,0" yaku="1,1,53,0" doraHai="61" doraHaiUra="112" who="2" fromWho="1" sc="179,0,393,-19,209,29,209,0" /><INIT seed="2,0,0,2,5,62" ten="179,374,238,209" oya="2" hai0="122,135,30,3,6,76,110,82,49,87,41,107,73" hai1="44,97,81,40,93,48,17,68,45,53,15,37,127" hai2="20,124,42,112,19,0,9,61,35,72,18,102,66" hai3="59,70,101,86,94,25,115,39,56,114,96,100,28"/><V74/><F112/><N who="3" m="43051" /><G70/><T47/><D122/><U88/><E127/><V36/><F124/><W46/><G101/><T95/><D107/><U12/><E68/><V98/><F35/><N who="3" m="20879" /><G86/><T119/><D110/><U103/><E81/><V133/><F133/><W33/><G33/><T50/><D135/><U113/><E113/><V4/><F18/><W65/><G65/><T90/><D119/><U22/><E103/><V84/><F84/><W108/><G108/><T118/><D30/><U121/><REACH who="1" step="1"/><E12/><REACH who="1" ten="179,364,238,209" step="2"/><V130/><F102/><W77/><G77/><T80/><D80/><U129/><E129/><V10/><F130/><W85/><G100/><T120/><D118/><U54/><E54/><V51/><F74/><W16/><G94/><T131/><D131/><U14/><E14/><V67/><F72/><W117/><G117/><T27/><D120/><AGARI ba="0,1" hai="15,17,22,37,40,44,45,48,53,88,93,97,120,121" machi="120" ten="40,8000,1" yaku="1,1,54,1,53,2" doraHai="62" doraHaiUra="43" who="1" fromWho="0" sc="179,-80,364,90,238,0,209,0" /><INIT seed="3,0,0,4,2,80" ten="99,454,238,209" oya="3" hai0="86,135,91,81,126,55,35,94,63,11,117,50,24" hai1="34,123,19,57,84,132,42,75,46,95,0,28,77" hai2="58,72,69,32,9,121,118,20,73,5,36,87,96" hai3="49,15,90,14,40,82,110,39,62,65,134,99,25"/><W17/><G39/><T130/><D117/><U105/><E84/><V29/><F118/><W67/><G134/><T74/><D135/><U61/><E95/><V64/><F36/><W102/><G110/><T2/><D130/><U108/><E57/><V88/><F121/><W22/><G49/><T131/><D131/><U53/><E19/><V8/><F32/><W92/><G40/><T37/><D37/><U112/><E53/><V97/><F69/><W109/><G109/><T31/><D126/><U71/><E77/><V119/><F119/><W100/><G65/><T122/><D122/><U98/><E61/><N who="2" m="37943" /><F72/><W30/><G82/><T101/><D63/><U60/><E60/><V125/><F73/><W10/><REACH who="3" step="1"/><G15/><REACH who="3" ten="99,454,238,199" step="2"/><T66/><D66/><U7/><E42/><V116/><F116/><W56/><AGARI ba="0,1" hai="10,14,17,22,25,30,56,62,67,90,92,99,100,102" machi="56" ten="20,12000,1" yaku="1,1,2,1,0,1,7,1,8,1,53,0" doraHai="80" doraHaiUra="127" who="3" fromWho="3" sc="99,-40,454,-40,238,-40,199,130" /><INIT seed="3,1,0,4,0,126" ten="59,414,198,329" oya="3" hai0="43,117,105,68,134,8,28,40,99,6,33,21,91" hai1="55,106,4,124,53,51,1,127,46,56,115,119,69" hai2="11,42,36,25,98,85,94,113,9,133,23,52,64" hai3="131,92,93,104,110,63,114,112,14,0,116,54,120"/><W10/><G116/><T27/><D117/><U50/><E106/><V118/><F113/><W74/><G104/><T32/><D134/><U70/><E119/><V83/><F118/><W44/><G120/><T122/><D122/><U41/><E115/><V96/><F133/><W82/><G131/><T7/><D7/><U71/><E4/><V129/><F129/><W48/><G0/><T130/><D130/><U59/><E1/><V73/><F73/><W49/><G110/><T128/><D128/><U57/><E57/><V75/><F75/><W100/><G63/><AGARI ba="1,0" hai="41,46,50,51,53,55,56,59,63,69,70,71,124,127" machi="63" ten="40,5200,0" yaku="34,3" doraHai="126" who="1" fromWho="3" sc="59,0,414,55,198,0,329,-55" owari="59,-44.1,469,56.9,198,-20.2,274,7.4" /></mjloggm>