<mjloggm ver="2.3"><GO type="225" lobby="0"/><UN n0="%E8%81%B7%E6%A5%AD%E3%80%81%E9%A2%A8%32" n1="%43%68%65" n2="%E9%BB%92%E9%89%84%E7%8F%A0%E9%9B%AB" n3="%45%6C%79%73%69%75%6D" dan="16,16,16,17" rate="2110.52,2164.84,2166.11,2091.41" sx="M,M,F,F"/><TAIKYOKU oya="0"/><INIT seed="0,0,0,4,2,84" ten="250,250,250,250" oya="0" hai0="106,93,105,127,0,66,17,19,120,77,89,70,103" hai1="23,33,101,86,47,41,39,49,68,90,94,63,6" hai2="58,132,48,79,91,24,111,122,59,124,32,82,15" hai3="133,123,113,11,1,76,110,65,29,72,4,114,26"/><T38/><D120/><U80/><E33/><V112/><F112/><W125/><G123/><T31/><D127/><U71/><E6/><V18/><F122/><W129/><G125/><T20/><D38/><U61/><E39/><V8/><F132/><W92/><G133/><T34/><D0/><U109/><E109/><V85/><F111/><W57/><G110/><T42/><D42/><U107/><E107/><V9/><F124/><W45/><G129/><T73/><D77/><U5/><E5/><V130/><F130/><W51/><G76/><T117/><D73/><U75/><E75/><V7/><F48/><W53/><G72/><T135/><D117/><U21/><E71/><V88/><F32/><W121/><G121/><T97/><D106/><U3/><E3/><V83/><F24/><W119/><G119/><T46/><D46/><U10/><E10/><V131/><F131/><W64/><G64/><T99/><D20/><N who="1" m="7755" /><E68/><V102/><F102/><W116/><G116/><T60/><REACH who="0" step="1"/><D135/><REACH who="0" ten="240,250,250,250" step="2"/><U43/><E41/><V2/><F79/><W67/><G45/><T78/><D78/><N who="1" m="46359" /><E101/><V50/><F50/><W14/><G1/><T128/><D128/><U37/><E37/><V98/><F98/><AGARI ba="0,1" hai="43,47,49,61,63,90,94,98" m="46359,7755" machi="98" ten="30,2000,0" yaku="8,1,52,1" doraHai="84" who="1" fromWho="2" sc="240,0,250,30,250,-20,250,0" /><INIT seed="1,0,0,3,3,21" ten="240,280,230,250" oya="1" hai0="12,31,46,22,71,122,38,130,63,73,75,89,135" hai1="52,27,23,81,112,125,26,107,36,57,10,104,28" hai2="99,95,83,70,108,102,91,80,96,53,17,49,16" hai3="101,92,4,128,18,110,127,58,120,43,33,7,1"/><U103/><E112/><V24/><F70/><W8/><G120/><T6/><D122/><U111/><E36/><V13/><F108/><W113/><G113/><T94/><D130/><U109/><E125/><V106/><F17/><W60/><G110/><N who="1" m="41994" /><E103/><V32/><F32/><W131/><G33/><T78/><D135/><U56/><E56/><V5/><F5/><W79/><G127/><T35/><D35/><N who="1" m="20887" /><E81/><V45/><REACH who="2" step="1"/><F24/><REACH who="2" ten="240,280,220,250" step="2"/><W86/><G4/><T68/><D6/><U82/><E10/><AGARI ba="0,1" hai="10,13,16,45,49,53,80,83,91,95,96,99,102,106" machi="10" ten="30,7700,0" yaku="1,1,2,1,7,1,54,1,53,0" doraHai="21" doraHaiUra="67" who="2" fromWho="1" sc="240,0,280,-77,220,87,250,0" /><INIT seed="2,0,0,5,5,97" ten="240,203,307,250" oya="2" hai0="38,74,43,28,17,57,126,112,9,18,25,124,135" hai1="11,53,100,1,130,70,63,40,50,66,73,41,92" hai2="122,71,94,68,131,81,47,120,86,64,123,116,118" hai3="36,15,55,14,34,69,21,35,45,23,110,48,78"/><V20/><F131/><W7/><G69/><T77/><D112/><U19/><E73/><V132/><F132/><W44/><G110/><T87/><D135/><U24/><E130/><V10/><F10/><W89/><G78/><T5/><D74/><U134/><E134/><V125/><F125/><N who="0" m="48234" /><D38/><U102/><E92/><V109/><F109/><W30/><G89/><T27/><D43/><U83/><E83/><V42/><F94/><W65/><G65/><T67/><D57/><U121/><E121/><V37/><F20/><W62/><G62/><T8/><D67/><U106/><E106/><V76/><REACH who="2" step="1"/><F64/><REACH who="2" ten="240,203,297,250" step="2"/><W103/><G21/><N who="0" m="15407" /><D9/><U6/><E24/><V12/><F12/><W51/><G14/><N who="0" m="5391" /><D27/><U111/><E111/><V93/><F93/><W49/><G7/><T13/><D13/><U91/><E6/><V32/><F32/><W16/><G34/><T3/><D3/><U56/><E1/><V79/><F79/><W60/><G35/><T95/><D77/><U107/><E107/><V127/><F127/><W31/><G15/><T22/><D22/><U2/><E2/><V96/><F96/><W113/><G23/><T99/><D99/><U33/><E33/><V61/><F61/><W90/><G60/><T58/><D58/><U26/><E11/><V101/><F101/><N who="1" m="39017" /><E26/><V75/><F75/><W117/><G103/><T46/><D46/><N who="1" m="27863" /><E70/><AGARI ba="0,1" hai="37,42,47,68,70,71,76,81,86,116,118,120,122,123" machi="70" ten="50,2400,0" yaku="1,1,53,0" doraHai="97" doraHaiUra="104" who="2" fromWho="1" sc="240,0,203,-24,297,34,250,0" /><INIT seed="2,1,0,1,3,18" ten="240,179,331,250" oya="2" hai0="10,127,46,134,85,36,100,13,47,0,42,84,70" hai1="21,20,52,93,119,118,41,86,122,74,77,99,45" hai2="132,95,43,79,56,33,88,102,23,38,104,54,60" hai3="90,121,96,135,106,111,92,87,22,7,67,112,14"/><V98/><F33/><W114/><G111/><T53/><D127/><U32/><E74/><V66/><F79/><W130/><G130/><T125/><D125/><U48/><E32/><V82/><F82/><W40/><G135/><T6/><D70/><U17/><E122/><V75/><F75/><W15/><G121/><T64/><D134/><U11/><E119/><V44/><F23/><W37/><G67/><T115/><D64/><U78/><E118/><V83/><F83/><W73/><G73/><T39/><D115/><U72/><E72/><V61/><F132/><W71/><G71/><T62/><D100/><N who="1" m="60527" /><E41/><V58/><REACH who="2" step="1"/><F104/><REACH who="2" ten="240,179,321,250" step="2"/><W29/><G112/><T31/><D85/><U97/><E97/><V109/><F109/><W124/><G114/><T59/><D84/><U103/><E78/><V55/><F55/><W50/><G106/><T113/><D113/><U91/><E77/><V117/><F117/><W1/><G124/><T108/><D108/><U63/><E103/><AGARI ba="1,1" hai="38,43,44,54,56,58,60,61,66,88,95,98,102,103" machi="103" ten="40,3900,0" yaku="1,1,54,1,53,0" doraHai="18" doraHaiUra="27" who="2" fromWho="1" sc="240,0,179,-42,321,52,250,0" /><INIT seed="2,2,0,0,2,65" ten="240,137,373,250" oya="2" hai0="12,117,94,59,2,105,17,85,23,88,45,129,116" hai1="68,82,122,26,41,25,55,39,5,107,49,14,128" hai2="93,90,35,53,60,15,108,46,73,114,69,103,8" hai3="102,21,89,20,100,67,66,50,91,86,132,115,77"/><V96/><F114/><W95/><G132/><T131/><D105/><U64/><E107/><V34/><F73/><W56/><G115/><T124/><D2/><U30/><E128/><N who="0" m="49225" /><D124/><U104/><E104/><V119/><F119/><N who="0" m="45642" /><D59/><U58/><E122/><V110/><F46/><AGARI ba="2,0" hai="12,17,23,45,46,85,88,94" m="45642,49225" machi="46" ten="30,3900,0" yaku="19,1,12,1,54,1" doraHai="65" who="0" fromWho="2" sc="240,45,137,0,373,-45,250,0" /><INIT seed="3,0,0,0,0,100" ten="285,137,328,250" oya="3" hai0="57,104,24,10,88,79,89,73,134,127,49,121,58" hai1="43,116,93,128,47,110,52,61,108,81,3,66,119" hai2="98,67,125,4,82,124,74,107,76,62,87,39,12" hai3="13,102,23,120,131,20,31,29,8,68,59,34,11"/><W37/><G68/><T99/><D121/><U26/><E3/><V96/><F39/><W19/><G37/><T86/><D127/><N who="2" m="48714" /><F107/><W123/><G102/><T6/><D134/><U33/><E93/><V21/><F74/><W113/><G59/><T45/><D73/><U111/><E81/><V90/><F90/><N who="0" m="34922" /><D104/><U97/><E97/><V105/><F105/><W50/><G50/><T103/><D24/><U77/><E77/><V55/><F55/><W22/><G113/><T132/><D103/><U109/><N who="1" m="27648" /><DORA hai="72" /><U16/><E33/><V75/><F75/><W84/><G84/><T38/><D38/><N who="1" m="22007" /><E26/><V42/><F42/><W27/><G131/><T91/><D99/><U85/><E85/><V51/><F51/><W115/><G115/><T122/><D79/><U41/><E16/><N who="2" m="10375" /><F4/><W106/><G106/><T112/><D6/><U71/><E128/><V133/><F133/><W32/><G8/><T95/><D10/><U129/><E129/><V130/><F130/><W101/><G101/><T60/><D132/><U7/><E7/><V46/><F46/><W18/><G18/><T28/><D45/><U126/><E126/><V117/><F117/><N who="1" m="45129" /><E41/><V0/><F0/><W54/><G32/><T69/><D112/><U83/><E83/><V64/><F96/><W92/><G92/><T70/><D95/><U5/><E5/><V9/><F98/><W56/><G29/><T65/><D28/><U2/><E2/><V30/><F30/><W94/><G94/><T25/><D86/><U53/><AGARI ba="0,0" hai="52,53,61,66,71" m="45129,22007,27648" machi="53" ten="60,8000,1" yaku="14,1,12,1,34,2,54,1" doraHai="100,72" who="1" fromWho="1" sc="285,-20,137,80,328,-20,250,-40" owari="265,6.5,217,-18.3,308,40.8,210,-29.0" /></mjloggm>