<mjloggm ver="2.3"><GO type="225" lobby="0"/><UN n0="%E5%A4%96%E5%B7%9D%E7%AB%9C%E6%88%90" n1="%E3%81%9F%E3%81%A3%E3%81%A1%E3%82%87" n2="%6D%75%75%6D%75%72%61" n3="%72%69%6F%75%63%68%61%6E" dan="16,16,16,17" rate="2070.19,2063.33,2168.15,2253.35" sx="M,M,F,M"/><TAIKYOKU oya="0"/><INIT seed="0,0,0,1,5,91" ten="250,250,250,250" oya="0" hai0="22,25,130,58,90,29,97,79,66,55,96,115,41" hai1="2,77,15,26,0,89,135,37,124,80,98,122,134" hai2="76,17,103,44,63,52,6,109,69,133,5,53,95" hai3="8,45,104,65,101,24,21,118,114,110,88,60,127"/><T36/><D115/><U125/><E122/><V38/><F109/><W12/><G114/><T23/><D130/><U106/><E37/><V43/><F133/><N who="1" m="50697" /><E15/><V13/><F76/><W129/><G118/><T1/><D1/><N who="1" m="619" /><E26/><V68/><F68/><W67/><G127/><N who="1" m="48714" /><E89/><V48/><F69/><W132/><G129/><T57/><D90/><U111/><E111/><V131/><F131/><W108/><G132/><T75/><D25/><U61/><E61/><V56/><F38/><W117/><G117/><T11/><D36/><U116/><E116/><V33/><F33/><W120/><G120/><T40/><D40/><U59/><E59/><V19/><F43/><W126/><G126/><T87/><D41/><U107/><E98/><N who="2" m="59871" /><F19/><W71/><G45/><T113/><D57/><U50/><E50/><V123/><F123/><W102/><G110/><T9/><D58/><U78/><E80/><V28/><F28/><W83/><G108/><T7/><D29/><U121/><E121/><V82/><F82/><W72/><G71/><T92/><D113/><U32/><E32/><V27/><F27/><W51/><G51/><T128/><D128/><U49/><E49/><V35/><F35/><W16/><G60/><T20/><D97/><U54/><E54/><V47/><F47/><W85/><G101/><T81/><D55/><U100/><E100/><V112/><F112/><W39/><G39/><T10/><D96/><U70/><E70/><V73/><F73/><W3/><G72/><T34/><D34/><U74/><E74/><V99/><F99/><N who="3" m="61535" /><G3/><N who="0" m="255" /><D66/><U84/><E84/><V64/><F64/><RYUUKYOKU ba="0,0" sc="250,0,250,0,250,0,250,0" hai0="10,11,20,22,23,75,79,81,87,92" hai1="77,78,106,107" hai2="5,6,13,17,44,48,52,53,56,63" hai3="8,12,16,21,24,65,67,83,85,88" /><INIT seed="0,1,0,2,2,100" ten="250,250,250,250" oya="0" hai0="103,135,29,49,8,28,50,4,79,18,53,102,130" hai1="106,77,115,57,54,99,15,35,31,78,0,21,23" hai2="26,41,85,110,48,42,3,67,98,47,94,13,122" hai3="10,24,39,107,129,76,17,134,120,20,58,43,82"/><T89/><D130/><U113/><E0/><V34/><F3/><W33/><G134/><T66/><D135/><U121/><E121/><V19/><F122/><W44/><G129/><T38/><D38/><U91/><E35/><V75/><F75/><W128/><G128/><T5/><D66/><U96/><E15/><V36/><F110/><W71/><G71/><T16/><D79/><N who="1" m="30219" /><E31/><V112/><F85/><W125/><G125/><T37/><D37/><U93/><E54/><V25/><F112/><N who="1" m="43081" /><E57/><V111/><F111/><W74/><G120/><T73/><D73/><U104/><E96/><V92/><F34/><W51/><G33/><T109/><D109/><U65/><E65/><V59/><F42/><W11/><G58/><T30/><D30/><U69/><E69/><V87/><F67/><W97/><REACH who="3" step="1"/><G39/><REACH who="3" ten="250,250,250,240" step="2"/><T86/><D50/><U7/><E7/><V27/><F36/><W124/><G124/><T126/><D126/><U127/><E127/><V6/><F59/><W32/><G32/><T131/><D131/><U56/><E56/><V83/><F48/><W81/><G81/><T1/><D4/><U55/><E55/><V88/><F6/><W84/><G84/><T119/><D53/><U108/><E108/><V70/><F70/><W101/><AGARI ba="1,1" hai="10,11,17,20,24,43,44,51,74,76,82,97,101,107" machi="101" ten="30,4000,0" yaku="1,1,0,1,52,1,53,0" doraHai="100" doraHaiUra="64" who="3" fromWho="3" sc="250,-21,250,-11,250,-11,240,53" /><INIT seed="1,0,0,1,0,60" ten="229,239,239,293" oya="1" hai0="100,30,20,9,56,53,132,108,51,41,45,31,43" hai1="23,91,55,8,84,38,74,29,94,76,57,92,5" hai2="79,68,1,22,128,18,39,73,34,90,0,69,96" hai3="105,110,101,113,3,52,97,114,80,65,46,26,104"/><U70/><E70/><V81/><F34/><W116/><G110/><T103/><D132/><U93/><E38/><V14/><F39/><W131/><G131/><T25/><D108/><U95/><E74/><V48/><F128/><W21/><G3/><T63/><D41/><U87/><E76/><V109/><F109/><W27/><G116/><T61/><D31/><U40/><E40/><V117/><F117/><W123/><G123/><T111/><D111/><U127/><E127/><V12/><F1/><W102/><G65/><T85/><D9/><U107/><E107/><V67/><F0/><W98/><G80/><T130/><D130/><U10/><E5/><V44/><F14/><W37/><G37/><T119/><D119/><U115/><E115/><V58/><F96/><W32/><G32/><T59/><REACH who="0" step="1"/><D85/><REACH who="0" ten="219,239,239,293" step="2"/><U106/><E84/><V126/><F126/><W121/><G121/><T49/><D49/><U135/><E135/><V99/><F48/><W24/><G21/><T72/><D72/><U122/><E122/><V19/><F73/><W86/><G86/><T7/><D7/><U125/><E125/><V6/><F22/><W82/><G82/><T129/><D129/><U62/><REACH who="1" step="1"/><E106/><REACH who="1" ten="219,229,239,293" step="2"/><V77/><F81/><W35/><G35/><T88/><D88/><U120/><E120/><V47/><F90/><W134/><G134/><T112/><D112/><U11/><E11/><V4/><F77/><W28/><G28/><T42/><D42/><U118/><E118/><V33/><F79/><W133/><G133/><T17/><D17/><U15/><E15/><V64/><F33/><RYUUKYOKU ba="0,2" sc="219,10,229,10,239,-30,293,10" hai0="20,25,30,43,45,51,53,56,59,61,63,100,103" hai1="8,10,23,29,55,57,62,87,91,92,93,94,95" hai3="24,26,27,46,52,97,98,101,102,104,105,113,114" /><INIT seed="1,1,2,2,5,69" ten="229,239,209,303" oya="1" hai0="65,117,15,4,74,25,24,127,115,107,119,104,88" hai1="93,118,56,37,38,123,135,29,89,79,14,133,18" hai2="105,12,98,10,113,57,35,26,80,11,44,67,7" hai3="19,106,101,43,100,120,39,64,134,82,31,109,84"/><U108/><E118/><V62/><F113/><W95/><G120/><T77/><D115/><U75/><E123/><V81/><F11/><W2/><G109/><T28/><D127/><U99/><E108/><V3/><F3/><W34/><G134/><N who="1" m="51210" /><E29/><V87/><F44/><W20/><G2/><T36/><D28/><U125/><E125/><V16/><F35/><W51/><G106/><T33/><D33/><U40/><E40/><V76/><F81/><W102/><G64/><T21/><D4/><U121/><E121/><V8/><F26/><W30/><G34/><T41/><D41/><U63/><E79/><V72/><F72/><W6/><G6/><T78/><D77/><U103/><E103/><V46/><F46/><N who="3" m="26079" /><G95/><T9/><D78/><U110/><E75/><V130/><F130/><W0/><G39/><N who="1" m="14858" /><E110/><V97/><REACH who="2" step="1"/><F105/><REACH who="2" ten="229,239,199,303" step="2"/><W55/><G30/><T91/><D74/><U13/><E18/><V132/><F132/><W45/><G31/><T59/><D104/><U50/><E50/><V23/><F23/><W49/><G20/><T60/><D21/><U126/><E126/><V92/><F92/><W73/><G73/><T48/><D107/><U68/><E68/><V90/><F90/><N who="0" m="34346" /><D36/><U71/><E71/><V22/><F22/><W114/><G19/><N who="0" m="8687" /><D48/><U128/><E128/><V122/><F122/><W53/><G49/><T1/><D1/><U32/><E32/><V54/><F54/><AGARI ba="1,3" hai="13,14,54,56,63,89,93,99" m="14858,51210" machi="54" ten="30,11600,0" yaku="20,1,52,3" doraHai="69" who="1" fromWho="2" sc="229,0,239,149,199,-119,303,0" /><INIT seed="1,2,0,2,1,102" ten="229,388,80,303" oya="1" hai0="29,60,121,38,50,122,57,15,67,8,4,13,73" hai1="86,107,18,75,56,89,21,64,111,115,24,92,93" hai2="116,58,41,9,54,96,7,131,61,101,28,30,1" hai3="120,72,10,113,11,32,134,52,48,87,95,44,5"/><U109/><E115/><V66/><F131/><W135/><G120/><T74/><D38/><U3/><E107/><V33/><F116/><W77/><G113/><T85/><D29/><U55/><E3/><V125/><F125/><W104/><G32/><T27/><D27/><U42/><E42/><V82/><F41/><W36/><G36/><T71/><D85/><U2/><E2/><V99/><F33/><W19/><G104/><T16/><D50/><N who="1" m="30839" /><E64/><V51/><F82/><W76/><G72/><T127/><D127/><U98/><E75/><V20/><F20/><W70/><G70/><T63/><D122/><U53/><E53/><V65/><F96/><W25/><G11/><T91/><D91/><U12/><E24/><V100/><F100/><AGARI ba="2,0" hai="12,18,21,86,89,92,93,98,100,109,111" m="30839" machi="100" ten="30,1500,0" yaku="25,1" doraHai="102" who="1" fromWho="2" sc="229,0,388,21,80,-21,303,0" /><INIT seed="1,3,0,5,5,13" ten="229,409,59,303" oya="1" hai0="70,129,60,8,85,11,110,67,111,104,59,81,102" hai1="3,84,125,37,131,115,5,118,69,2,105,45,16" hai2="61,96,7,79,86,128,18,20,120,108,83,123,28" hai3="132,1,14,121,134,88,135,29,38,130,65,106,36"/><U113/><E118/><V122/><F108/><N who="0" m="41514" /><D129/><U12/><E105/><V56/><F128/><W74/><G1/><T26/><D70/><U0/><E69/><V112/><F112/><W48/><G130/><T76/><D26/><U107/><E107/><V92/><F7/><W35/><G121/><T19/><D102/><U78/><E37/><V23/><F28/><W62/><G106/><T63/><D63/><U64/><E131/><V72/><F72/><W33/><G74/><T133/><D104/><U4/><E125/><V126/><F126/><W116/><G116/><T24/><D133/><U80/><E64/><V15/><F23/><AGARI ba="3,0" hai="8,11,19,23,24,59,60,67,76,81,85" m="41514" machi="23" ten="30,2000,0" yaku="14,1,52,1" doraHai="13" who="0" fromWho="2" sc="229,29,409,0,59,-29,303,0" /><INIT seed="2,0,0,5,2,66" ten="258,409,30,303" oya="2" hai0="133,42,102,78,69,93,63,128,16,47,125,111,27" hai1="131,91,33,26,112,30,79,64,135,56,72,13,119" hai2="106,110,120,108,109,17,127,94,67,18,103,76,105" hai3="130,116,6,1,84,25,43,15,41,61,12,92,83"/><V4/><F120/><W77/><G116/><T68/><D111/><U49/><E119/><V32/><F32/><W29/><G130/><T62/><D78/><U8/><E112/><V50/><F127/><W51/><G1/><T40/><D128/><U45/><E91/><V46/><F76/><W3/><G3/><T124/><D133/><U104/><E104/><N who="2" m="40043" /><F4/><W57/><G92/><T99/><D62/><U129/><E135/><V60/><F94/><W11/><G15/><T118/><D63/><U115/><E64/><V114/><F103/><W96/><G96/><T90/><D90/><U58/><E115/><V73/><F73/><W126/><G126/><N who="0" m="48747" /><D118/><U97/><E97/><V98/><F98/><W85/><G85/><T36/><D42/><U35/><E35/><V34/><F34/><W81/><G81/><T55/><D55/><U82/><E129/><V5/><F5/><W113/><G113/><T39/><D39/><U14/><E131/><V89/><F89/><W28/><G51/><T9/><D27/><U134/><E134/><V132/><F132/><W24/><G24/><T31/><D31/><N who="3" m="11849" /><G25/><T48/><D36/><U19/><E13/><AGARI ba="0,0" hai="9,13,16,40,47,48,68,69,93,99,102" m="48747" machi="13" ten="30,7700,0" yaku="18,1,52,2,54,1" doraHai="66" who="0" fromWho="1" sc="258,77,409,-77,30,0,303,0" /><INIT seed="3,0,0,0,5,15" ten="335,332,30,303" oya="3" hai0="39,17,73,4,40,77,47,3,95,19,126,6,114" hai1="100,99,120,110,87,41,101,85,23,92,121,76,37" hai2="64,26,58,10,78,1,127,69,111,97,124,67,43" hai3="0,70,36,55,80,118,94,115,79,108,109,86,33"/><W22/><G115/><T96/><D6/><U16/><E110/><N who="3" m="42602" /><G118/><T116/><D126/><U28/><E28/><V113/><F111/><W107/><G33/><T135/><D135/><U102/><E41/><V31/><F113/><W75/><G70/><T133/><D133/><U132/><E37/><V72/><F69/><W38/><G0/><T60/><D60/><U82/><E132/><V84/><F72/><W62/><G107/><T44/><D44/><U49/><E49/><V21/><F43/><W91/><G22/><T9/><D116/><U129/><E129/><V20/><F97/><W50/><G62/><T105/><D105/><U88/><REACH who="1" step="1"/><E99/><REACH who="1" ten="335,322,30,303" step="2"/><V63/><F67/><W34/><G34/><T104/><D114/><U131/><E131/><V117/><F117/><W13/><G13/><AGARI ba="0,1" hai="13,16,23,76,82,85,87,88,92,100,101,102,120,121" machi="13" ten="40,8000,1" yaku="1,1,52,1,54,2,53,0" doraHai="15" doraHaiUra="65" who="1" fromWho="3" sc="335,0,322,90,30,0,303,-80" owari="335,13.5,412,51.2,30,-47.0,223,-17.7" /></mjloggm>