<mjloggm ver="2.3"><GO type="225" lobby="0"/><UN n0="%E3%81%8F%E3%82%8A%E3%83%94%E3%83%BC" n1="%6D%75%75%6D%75%72%61" n2="%E3%83%AD%E3%83%83%E3%83%86%E9%9B%80%E7%90%83" n3="%E6%80%AA%E3%81%97%E3%81%99%E3%81%8E%E3%82%8B%E3%83%81%E3%83%BC" dan="16,16,17,17" rate="2110.30,2085.52,2235.46,2189.90" sx="M,F,M,M"/><TAIKYOKU oya="0"/><INIT seed="0,0,0,4,2,75" ten="250,250,250,250" oya="0" hai0="10,94,40,0,107,13,80,67,51,111,24,53,86" hai1="79,87,113,54,129,135,57,99,59,109,117,115,15" hai2="101,112,68,39,16,27,92,33,84,46,134,127,31" hai3="119,26,76,122,108,131,1,41,78,118,9,106,18"/><T6/><D107/><U56/><E117/><V124/><F112/><N who="1" m="43081" /><E109/><V128/><F68/><W102/><G108/><T114/><D111/><U130/><E135/><V60/><F134/><W61/><G131/><N who="1" m="50186" /><E15/><V12/><F60/><W73/><G122/><T48/><D114/><U45/><E99/><V23/><F128/><W82/><G76/><N who="0" m="46343" /><D0/><U125/><E125/><V97/><REACH who="2" step="1"/><F84/><REACH who="2" ten="250,250,240,250" step="2"/><W100/><G61/><T2/><D67/><U103/><E87/><V93/><F93/><W42/><G106/><T70/><D70/><U69/><E69/><V85/><F85/><W98/><G118/><T64/><D64/><U133/><E133/><V44/><F44/><W49/><G119/><T104/><D104/><U123/><E123/><V58/><F58/><W14/><G73/><T35/><D94/><U43/><E59/><V77/><F77/><W62/><G78/><T88/><D51/><U47/><E79/><V32/><F32/><W3/><G49/><T37/><D35/><U90/><E57/><V66/><F66/><W5/><G62/><T28/><D48/><U38/><E47/><V55/><F55/><W19/><G82/><T63/><D53/><U95/><E54/><V20/><F20/><W91/><G42/><AGARI ba="0,1" hai="12,16,23,27,31,33,39,42,46,92,97,101,124,127" machi="42" ten="40,5200,0" yaku="1,1,54,1,53,1" doraHai="75" doraHaiUra="11" who="2" fromWho="3" sc="250,0,250,0,240,62,250,-52" /><INIT seed="1,0,0,1,0,120" ten="250,250,302,198" oya="1" hai0="135,81,115,128,39,47,98,6,70,63,49,71,52" hai1="40,67,124,111,69,26,46,9,17,118,45,32,30" hai2="125,80,21,42,109,91,60,74,36,23,113,64,100" hai3="102,10,105,20,117,134,57,116,65,37,99,92,89"/><U56/><E118/><N who="3" m="45674" /><G134/><T78/><D115/><U31/><E124/><V13/><F100/><W106/><G37/><T22/><D128/><U51/><E69/><V2/><F2/><W97/><G10/><T107/><D135/><U14/><E111/><V25/><F109/><W130/><G130/><T50/><D39/><U16/><E31/><V58/><F13/><W73/><G73/><T119/><D119/><U8/><E40/><V19/><F23/><W90/><G20/><T123/><D123/><U41/><E41/><V27/><F91/><N who="3" m="34827" /><G57/><T103/><D6/><U110/><E110/><V3/><F3/><W112/><G65/><T87/><D63/><U33/><E33/><V104/><F27/><W133/><G133/><T75/><D75/><U126/><E126/><V29/><F29/><W66/><G66/><T7/><D7/><U84/><E67/><V72/><F72/><W129/><G112/><T43/><REACH who="0" step="1"/><D22/><REACH who="0" ten="240,250,302,198" step="2"/><U94/><E32/><V55/><F21/><W48/><G129/><T77/><D77/><U11/><E51/><V101/><F74/><W24/><G48/><T76/><D76/><U59/><E9/><V4/><F60/><W95/><G24/><T12/><D12/><N who="1" m="7175" /><E26/><V44/><F25/><W131/><G131/><T121/><D121/><U83/><E11/><V68/><F36/><W62/><G62/><T85/><D85/><U108/><E108/><V86/><F113/><W0/><G0/><T53/><D53/><U88/><E14/><V114/><F55/><W79/><G79/><T35/><D35/><U61/><E61/><N who="2" m="37943" /><F114/><W54/><G54/><RYUUKYOKU ba="0,1" sc="240,15,250,-15,302,-15,198,15" hai0="43,47,49,50,52,70,71,78,81,87,98,103,107" hai3="92,95,97,99,102,105,106" /><INIT seed="2,1,1,3,4,83" ten="255,235,287,213" oya="2" hai0="131,85,36,63,48,40,82,56,14,122,87,102,29" hai1="1,130,19,31,80,121,26,49,38,68,61,101,47" hai2="50,27,66,17,134,103,100,44,12,54,135,25,126" hai3="6,115,65,104,62,89,9,28,117,15,105,98,72"/><V114/><F114/><W3/><G115/><T93/><D122/><U124/><E121/><V116/><F116/><W106/><G117/><T67/><D36/><U21/><E124/><V20/><F126/><W75/><G28/><T55/><D131/><U91/><E130/><V52/><F66/><W58/><REACH who="3" step="1"/><G3/><REACH who="3" ten="255,235,287,203" step="2"/><T107/><D29/><U13/><E1/><V127/><F127/><W18/><G18/><T99/><D107/><U22/><E31/><V32/><F17/><W71/><G71/><T112/><D112/><U86/><E68/><V0/><F0/><W53/><G53/><T73/><D40/><U133/><E19/><V109/><F52/><W123/><G123/><T35/><D35/><U4/><E4/><V7/><F54/><W90/><G90/><T11/><D73/><U110/><E91/><V78/><F7/><W84/><G84/><T125/><D125/><U96/><E86/><V57/><F32/><W92/><AGARI ba="1,2" hai="6,9,15,58,62,65,72,75,89,92,98,104,105,106" machi="92" ten="40,5200,0" yaku="1,1,0,1,53,1" doraHai="83" doraHaiUra="8" who="3" fromWho="3" sc="255,-14,235,-14,287,-27,203,75" /><INIT seed="3,0,0,5,4,57" ten="241,221,260,278" oya="3" hai0="68,107,0,63,94,121,111,84,43,20,120,64,99" hai1="25,14,131,23,29,48,49,79,65,114,76,9,50" hai2="41,15,32,104,67,71,80,18,130,73,125,91,129" hai3="42,2,36,105,19,117,113,31,69,77,60,108,12"/><W39/><G113/><T5/><D107/><U52/><E114/><V133/><F104/><W11/><G117/><T66/><D111/><U10/><E131/><N who="2" m="50187" /><F32/><W62/><G105/><T100/><D43/><U28/><E28/><V46/><F125/><W126/><G126/><T134/><D134/><U109/><E109/><V6/><F6/><W103/><G108/><T90/><D66/><U132/><E132/><V13/><F13/><W33/><G103/><T7/><D20/><U102/><E102/><V112/><F91/><W101/><G101/><T95/><REACH who="0" step="1"/><D0/><REACH who="0" ten="231,221,260,278" step="2"/><U98/><E65/><V54/><F41/><W75/><G42/><T89/><D89/><U82/><E52/><V1/><F54/><W45/><G2/><T96/><D96/><U24/><E98/><V8/><F1/><W119/><G119/><T97/><D97/><U16/><E29/><V72/><F67/><W87/><G31/><T88/><D88/><U3/><E3/><V86/><F133/><W110/><G110/><T4/><AGARI ba="0,1" hai="4,5,7,63,64,68,84,90,94,95,99,100,120,121" machi="4" ten="30,4000,0" yaku="1,1,0,1,52,1,53,0" doraHai="57" doraHaiUra="44" who="0" fromWho="0" sc="231,50,221,-10,260,-10,278,-20" /><INIT seed="4,0,0,1,0,21" ten="281,211,250,258" oya="0" hai0="53,72,121,113,133,104,51,126,47,1,81,8,124" hai1="114,94,101,92,103,58,134,84,49,62,39,123,35" hai2="33,12,50,7,109,110,108,44,52,42,112,45,120" hai3="70,19,69,20,29,41,46,43,119,111,86,91,34"/><T68/><D113/><U88/><E39/><V75/><F75/><W16/><G111/><T73/><D121/><U118/><E123/><V5/><F120/><W82/><G119/><T11/><D104/><U97/><E118/><V115/><F33/><W130/><G130/><T87/><D68/><U116/><E116/><V9/><REACH who="2" step="1"/><F7/><REACH who="2" ten="281,211,240,258" step="2"/><W4/><G4/><T74/><D133/><U95/><E134/><V10/><F10/><W117/><G34/><T14/><D8/><U61/><E114/><V71/><F71/><W90/><G117/><T25/><D11/><U55/><E35/><V27/><F27/><N who="3" m="16615" /><G70/><T0/><D25/><U129/><E129/><V105/><F105/><W38/><G69/><T13/><D14/><U40/><E40/><V36/><AGARI ba="0,1" hai="5,9,12,36,42,44,45,50,52,108,109,110,112,115" machi="36" ten="40,5200,0" yaku="1,1,0,1,54,1,53,0" doraHai="21" doraHaiUra="22" who="2" fromWho="2" sc="281,-26,211,-13,240,62,258,-13" owari="255,5.5,198,-30.2,302,40.2,245,-15.5" /></mjloggm>