<mjloggm ver="2.3"><GO type="225" lobby="0"/><UN n0="%E3%81%BF%E3%81%BF%E3%81%9A" n1="%E3%83%97%E3%83%AC%E3%83%B4%E3%82%A1%E3%83%86%E3%82%A3" n2="%4E%49%4A%49%49%52%4F" n3="%6D%75%75%6D%75%72%61" dan="16,16,17,16" rate="2124.55,2132.35,2221.50,2131.73" sx="M,F,M,F"/><TAIKYOKU oya="0"/><INIT seed="0,0,0,0,0,67" ten="250,250,250,250" oya="0" hai0="16,85,11,1,46,105,119,49,100,59,89,90,114" hai1="40,38,73,27,86,6,53,132,2,74,24,113,18" hai2="25,47,19,12,34,21,109,22,65,110,70,97,51" hai3="52,48,99,87,125,68,83,43,122,7,13,20,71"/><T64/><D114/><U50/><E113/><V103/><F34/><W8/><G125/><T37/><D119/><U26/><E132/><V54/><F65/><W72/><G72/><T129/><D129/><U30/><E30/><V35/><F35/><W61/><G122/><T115/><D115/><U33/><E33/><V39/><F39/><W32/><G32/><T107/><D37/><U15/><E38/><V57/><F70/><W117/><G117/><T111/><D111/><U80/><E40/><V101/><F47/><W28/><G99/><T36/><D100/><U135/><E135/><V116/><F116/><W81/><G43/><T88/><D36/><U60/><E60/><V45/><F45/><W126/><G61/><N who="0" m="37951" /><D1/><U127/><E2/><V14/><F103/><W63/><G63/><T108/><D107/><U55/><E6/><V121/><F121/><W96/><G96/><T44/><D105/><U42/><E42/><V130/><F130/><W0/><G126/><T10/><D108/><N who="2" m="41578" /><F21/><W75/><G75/><T93/><D46/><N who="1" m="27863" /><E55/><V92/><AGARI ba="0,0" hai="12,14,19,22,25,51,54,57,92,97,101" m="41578" machi="92" ten="30,1100,0" yaku="14,1" doraHai="67" who="2" fromWho="2" sc="250,-5,250,-3,250,11,250,-3" /><INIT seed="1,0,0,4,2,41" ten="245,247,261,247" oya="1" hai0="123,112,43,53,99,9,134,94,70,95,65,45,15" hai1="93,87,35,85,97,102,18,44,31,101,5,83,1" hai2="20,42,56,129,22,57,118,73,117,89,67,13,16" hai3="120,133,111,10,49,96,30,62,48,4,23,14,19"/><U116/><E116/><V90/><F73/><W66/><G120/><T26/><D112/><U100/><E1/><V36/><F129/><W105/><G111/><T114/><D114/><U125/><E5/><V21/><F36/><W104/><G133/><T63/><D134/><U80/><E125/><V127/><F127/><W130/><G30/><T71/><D123/><U50/><E18/><V69/><F69/><W34/><G34/><T54/><D71/><U60/><E60/><N who="2" m="38279" /><F118/><W135/><G130/><T74/><D74/><U78/><E31/><V88/><F42/><W39/><G39/><T40/><D40/><U37/><E37/><V38/><F38/><W76/><G76/><T33/><D95/><U107/><E35/><V91/><F117/><W128/><G128/><T126/><D126/><U3/><E3/><V0/><F0/><W106/><G96/><T124/><D124/><U8/><E8/><V29/><F29/><W46/><G135/><T59/><D33/><U68/><E68/><V58/><N who="2" m="22528" /><DORA hai="28" /><V81/><F81/><W103/><G103/><N who="0" m="60919" /><D70/><U51/><E107/><V12/><F12/><W75/><G75/><T55/><D43/><N who="1" m="24863" /><E51/><V109/><F109/><W11/><G48/><N who="0" m="28815" /><D26/><U86/><E78/><V108/><F108/><W2/><G2/><T32/><D32/><U52/><E52/><V119/><F119/><W64/><G105/><T72/><D72/><U77/><E77/><V84/><F84/><N who="1" m="21505" /><U131/><DORA hai="110" /><E131/><V24/><F24/><N who="3" m="14463" /><G106/><T121/><D121/><U17/><E17/><AGARI ba="0,0" hai="9,15,17,54,55,59,63,65" m="28815,60919" machi="17" ten="30,2000,0" yaku="8,1,52,1" doraHai="41,28,110" who="0" fromWho="1" sc="245,20,247,-20,261,0,247,0" /><INIT seed="2,0,0,0,0,110" ten="265,227,261,247" oya="2" hai0="12,116,18,75,4,5,59,53,125,31,43,86,23" hai1="124,130,33,83,60,25,103,119,100,87,122,45,123" hai2="81,62,9,6,20,66,69,38,84,28,94,95,32" hai3="90,29,0,135,98,92,27,115,132,111,50,120,41"/><V35/><F38/><W15/><G120/><N who="1" m="46122" /><E119/><V39/><F39/><W129/><G0/><T55/><D75/><U82/><E130/><V128/><F128/><W99/><G129/><T16/><D116/><U48/><E60/><V13/><F20/><W61/><G111/><T46/><D125/><U11/><E11/><V21/><F21/><N who="3" m="15599" /><G115/><T52/><D31/><N who="1" m="19695" /><E124/><V7/><F7/><W58/><G15/><T76/><D18/><U2/><E2/><V19/><F6/><W63/><G99/><T40/><D59/><U89/><E82/><V134/><F134/><N who="3" m="51243" /><G58/><T70/><D70/><U102/><E103/><V1/><F1/><W113/><G113/><T64/><D64/><U37/><E37/><V97/><F28/><W44/><AGARI ba="0,0" hai="41,44,50,61,63,90,92,98" m="51243,15599" machi="44" ten="30,1100,0" yaku="20,1" doraHai="110" who="3" fromWho="3" sc="265,-3,227,-3,261,-5,247,11" /><INIT seed="3,0,0,2,2,47" ten="262,224,256,258" oya="3" hai0="2,121,84,28,88,93,1,30,133,59,101,115,22" hai1="61,9,82,52,91,72,0,134,104,11,112,90,31" hai2="122,125,17,43,86,96,120,110,36,55,103,73,5" hai3="89,62,58,75,19,117,14,66,41,119,102,114,35"/><W60/><G114/><T100/><D121/><N who="2" m="46698" /><F73/><W29/><G75/><T118/><D118/><U105/><E112/><V53/><F110/><W25/><G41/><T44/><D115/><U78/><E134/><V99/><F5/><W71/><G102/><T13/><D133/><U106/><E31/><N who="0" m="11817" /><D44/><U34/><E34/><V87/><F43/><W20/><REACH who="3" step="1"/><G89/><REACH who="3" ten="262,224,256,248" step="2"/><T95/><D101/><U6/><REACH who="1" step="1"/><E9/><REACH who="1" ten="262,214,256,248" step="2"/><V21/><F103/><W23/><G23/><T64/><D22/><U85/><E85/><V7/><F86/><W39/><G39/><T83/><D100/><U65/><E65/><AGARI ba="0,2" hai="14,19,20,25,29,35,58,60,62,65,66,71,117,119" machi="65" ten="30,2900,0" yaku="1,1,7,1,53,0" doraHai="47" doraHaiUra="94" who="3" fromWho="1" sc="262,0,214,-29,256,0,248,49" /><INIT seed="3,1,0,1,2,67" ten="262,185,256,297" oya="3" hai0="74,52,84,60,118,27,104,20,21,15,102,65,59" hai1="73,23,66,112,129,133,33,49,117,130,30,132,110" hai2="32,126,1,22,124,29,11,6,106,69,115,47,51" hai3="0,87,96,9,105,61,13,37,92,42,31,4,120"/><W16/><G120/><T128/><D74/><U78/><E33/><V94/><F106/><W2/><G105/><T88/><D118/><U97/><E117/><V19/><F115/><W134/><G134/><N who="1" m="51818" /><E112/><V89/><F69/><W109/><G109/><T14/><D128/><N who="1" m="49259" /><E110/><V116/><F116/><W46/><G31/><T101/><D104/><U71/><E49/><V83/><F83/><W48/><G87/><T10/><D65/><U108/><E108/><V62/><F62/><W122/><G122/><T40/><D40/><U82/><E97/><V114/><F114/><W111/><G111/><T55/><D55/><U123/><E123/><V131/><F131/><W103/><G61/><T44/><D44/><U135/><N who="1" m="51826" /><U79/><DORA hai="7" /><E79/><V39/><F39/><W8/><G48/><T95/><D20/><U36/><E36/><V38/><F38/><W77/><G77/><T80/><D80/><U18/><E30/><V68/><F29/><W119/><G119/><T3/><D101/><U12/><E66/><V70/><F32/><W91/><G103/><T99/><D102/><U93/><E93/><V41/><F94/><W43/><G42/><T50/><D50/><U90/><E90/><V107/><F89/><W113/><G113/><T25/><D99/><U53/><E53/><V5/><F107/><W125/><G96/><T54/><D54/><U34/><E34/><V17/><F51/><W81/><G92/><T85/><D95/><U26/><E26/><V45/><F45/><W56/><G37/><T24/><D25/><U35/><E35/><V86/><F47/><RYUUKYOKU ba="1,0" sc="262,-10,185,30,256,-10,297,-10" hai1="12,18,23,71,73,78,82" /><INIT seed="4,2,0,2,2,80" ten="252,215,246,287" oya="0" hai0="66,49,1,7,61,60,54,134,133,6,121,22,25" hai1="14,128,71,108,81,46,36,85,76,94,123,9,125" hai2="39,69,15,29,77,92,40,16,89,122,129,62,104" hai3="32,55,100,83,78,74,110,20,73,59,5,91,111"/><T21/><D121/><U13/><E123/><V41/><F122/><W26/><G32/><T27/><D49/><U10/><E108/><V105/><F77/><W101/><G74/><T97/><D54/><U116/><E116/><V84/><F29/><W114/><G114/><T126/><D97/><U119/><E119/><V51/><F39/><W99/><G100/><T132/><D126/><U28/><E125/><V75/><F75/><W93/><G5/><N who="0" m="1547" /><D66/><U127/><E127/><V37/><F37/><W4/><G4/><T96/><D96/><U103/><E71/><V120/><F120/><W52/><G55/><T109/><D109/><U17/><E28/><V11/><F129/><W8/><G101/><T47/><D47/><U67/><E67/><V124/><F124/><W90/><G90/><T58/><D58/><U35/><E35/><V45/><REACH who="2" step="1"/><F41/><REACH who="2" ten="252,215,236,287" step="2"/><W57/><G110/><T38/><D38/><U68/><E128/><V112/><F112/><W130/><G111/><T86/><D1/><U131/><E131/><V72/><F72/><W12/><G130/><T115/><D115/><U98/><E36/><V34/><F34/><W33/><G33/><T42/><D42/><U106/><E106/><V135/><F135/><W50/><G73/><T48/><D133/><U31/><E31/><V63/><F63/><N who="0" m="24138" /><D134/><U18/><E68/><V87/><F87/><W23/><G78/><T82/><D48/><U70/><E70/><V117/><F117/><W102/><G50/><T79/><D132/><U24/><E46/><V44/><F44/><W88/><G59/><T30/><D30/><RYUUKYOKU ba="2,1" sc="252,10,215,10,236,10,287,-30" hai0="21,22,25,27,79,82,86" hai1="9,10,13,14,17,18,24,76,81,85,94,98,103" hai2="11,15,16,40,45,51,62,69,84,89,92,104,105" /><INIT seed="4,3,1,3,0,25" ten="262,225,246,257" oya="0" hai0="113,35,24,93,89,131,29,121,119,13,31,91,82" hai1="69,22,59,132,18,32,34,6,126,15,50,11,9" hai2="98,1,77,99,134,107,130,62,65,123,78,27,129" hai3="53,66,57,47,95,51,26,127,80,58,111,102,128"/><T8/><D119/><U101/><E69/><V84/><F123/><W5/><G111/><T41/><D121/><U55/><E132/><V112/><F134/><W10/><G127/><T20/><D113/><U118/><E118/><V45/><F1/><W40/><G80/><T87/><D131/><N who="2" m="50186" /><F112/><W125/><G125/><T63/><D41/><U12/><E126/><V106/><F45/><W37/><G66/><T81/><D63/><U2/><REACH who="1" step="1"/><E101/><REACH who="1" ten="262,215,246,257" step="2"/><V97/><F27/><W88/><G102/><T79/><D35/><U70/><E70/><N who="2" m="42295" /><F84/><W105/><G26/><T19/><D91/><U17/><AGARI ba="3,2" hai="2,6,9,11,12,15,17,18,22,32,34,50,55,59" machi="17" ten="20,2700,0" yaku="1,1,0,1,7,1,53,0" doraHai="25" doraHaiUra="72" who="1" fromWho="1" sc="262,-16,215,56,246,-10,257,-10" /><INIT seed="5,0,0,0,1,131" ten="246,271,236,247" oya="1" hai0="87,19,98,99,22,36,74,123,5,105,79,4,29" hai1="42,91,134,75,28,117,0,120,9,50,48,6,38" hai2="114,2,14,32,104,118,56,86,45,55,81,103,65" hai3="130,62,17,122,106,24,107,76,113,97,11,33,31"/><U20/><E120/><V84/><F118/><W90/><G122/><T61/><D123/><U18/><E117/><V93/><F2/><W80/><G130/><T7/><D36/><U60/><E28/><V64/><F32/><W47/><G113/><T30/><D74/><U58/><E75/><V128/><F104/><W94/><G62/><T82/><D61/><U37/><E134/><V111/><F111/><W88/><G90/><T69/><D69/><U49/><E91/><N who="2" m="53495" /><F114/><W125/><G125/><T115/><D115/><U59/><E42/><V133/><F133/><W96/><G96/><N who="0" m="36907" /><D105/><U119/><E119/><V26/><F103/><W95/><G95/><T92/><D92/><U8/><E8/><V53/><F26/><AGARI ba="0,0" hai="4,5,7,19,22,26,29,30,79,82,87" m="36907" machi="26" ten="30,1000,0" yaku="8,1" doraHai="131" who="0" fromWho="2" sc="246,10,271,0,236,-10,247,0" /><INIT seed="6,0,0,4,3,62" ten="256,271,226,247" oya="2" hai0="8,49,11,5,45,106,56,118,78,64,14,97,9" hai1="87,60,125,73,22,66,83,130,4,90,44,131,115" hai2="135,63,129,19,59,79,3,80,95,23,111,26,119" hai3="86,12,74,101,94,114,84,18,21,7,17,96,92"/><V29/><F119/><W107/><G74/><T36/><D118/><U124/><E115/><V89/><F3/><W42/><G114/><T93/><D106/><U76/><E4/><V6/><F6/><W70/><G7/><T48/><D78/><U82/><E44/><V102/><F135/><W77/><G70/><T41/><D36/><U37/><E22/><V128/><F111/><W123/><G123/><T61/><D48/><U81/><E37/><V112/><F112/><W24/><G42/><T10/><D10/><U50/><E50/><V32/><F102/><AGARI ba="0,0" hai="5,8,9,11,14,41,45,49,56,61,64,93,97,102" machi="102" ten="30,3900,0" yaku="7,1,8,1,52,1" doraHai="62" who="0" fromWho="2" sc="256,39,271,0,226,-39,247,0" /><INIT seed="7,0,0,3,5,87" ten="295,271,187,247" oya="3" hai0="47,27,122,41,69,109,106,98,16,26,18,129,105" hai1="40,4,30,118,117,31,89,133,65,29,77,135,103" hai2="34,68,83,55,17,66,132,52,60,116,1,131,111" hai3="11,45,91,124,92,134,58,130,50,99,82,8,63"/><W28/><G134/><N who="1" m="51210" /><E77/><V19/><F132/><W33/><G130/><T113/><D69/><U21/><E103/><V74/><F131/><W20/><G33/><T6/><D129/><U75/><E75/><V54/><F111/><W24/><G82/><T95/><D122/><U102/><E102/><V43/><F116/><N who="1" m="44649" /><E65/><V81/><F1/><W71/><G71/><T10/><D109/><U61/><E61/><V36/><F34/><W96/><G96/><T94/><D113/><U97/><E40/><V121/><F121/><W57/><G124/><T42/><D6/><U25/><E4/><V62/><F62/><W14/><G63/><T108/><D98/><U88/><E97/><V15/><F74/><W86/><G99/><T112/><D112/><U13/><E13/><V5/><F5/><N who="3" m="3343" /><G11/><T120/><D10/><U32/><E32/><V64/><F64/><W93/><G93/><T39/><D108/><U80/><E80/><V126/><F126/><W37/><G37/><T101/><D39/><U67/><E67/><V53/><N who="2" m="13312" /><DORA hai="22" /><V104/><F104/><W70/><G70/><T44/><D120/><U110/><E110/><V46/><REACH who="2" step="1"/><F19/><AGARI ba="0,0" hai="19,21,25,29,30,31,88,89" m="44649,51210" machi="19" ten="40,12000,2" yaku="20,1,12,1,52,3,54,1" doraHai="87,22" who="1" fromWho="2" sc="295,0,271,120,187,-120,247,0" owari="295,9.5,391,49.1,67,-43.3,247,-15.3" /></mjloggm>