<mjloggm ver="2.3"><GO type="225" lobby="0"/><UN n0="%6D%75%75%6D%75%72%61" n1="%72%69%6F%75%63%68%61%6E" n2="%E8%81%B7%E6%A5%AD%E3%80%81%E9%A2%A8%32" n3="%E7%99%BD%E9%9B%AA%E4%B9%83%E6%84%9B" dan="16,17,16,16" rate="2143.74,2233.58,2091.65,2049.21" sx="F,M,M,F"/><TAIKYOKU oya="0"/><INIT seed="0,0,0,4,2,5" ten="250,250,250,250" oya="0" hai0="125,118,123,20,124,39,71,121,97,18,31,15,4" hai1="64,7,112,29,114,116,59,21,3,101,49,68,43" hai2="78,13,53,34,45,99,132,70,88,93,96,90,47" hai3="30,32,50,54,61,79,63,75,42,85,81,44,92"/><T62/><D39/><U6/><E116/><V25/><F70/><W10/><G32/><T11/><D71/><U105/><E68/><V117/><F132/><W87/><G30/><T131/><D62/><N who="1" m="37983" /><E3/><V77/><F117/><W83/><G92/><T22/><D97/><N who="1" m="61615" /><E29/><V108/><F108/><W37/><G75/><T74/><D74/><U40/><E21/><V76/><F34/><W73/><G73/><T0/><D118/><U133/><E133/><V122/><F25/><W65/><G65/><T82/><D82/><U134/><E134/><V91/><F122/><N who="0" m="46602" /><D131/><U27/><E27/><AGARI ba="0,0" hai="0,4,11,15,18,20,22,27,31,124,125" m="46602" machi="27" ten="30,5800,0" yaku="34,2,52,1" doraHai="5" who="0" fromWho="1" sc="250,58,250,-58,250,0,250,0" /><INIT seed="0,1,0,5,5,92" ten="308,192,250,250" oya="0" hai0="64,126,101,75,69,123,5,34,116,68,109,73,59" hai1="49,96,51,118,114,98,100,52,119,53,9,20,10" hai2="131,48,45,13,26,103,39,42,128,70,79,62,130" hai3="83,65,40,3,25,72,29,61,80,50,81,43,23"/><T82/><D116/><N who="1" m="44587" /><E100/><V19/><F79/><W57/><G3/><T122/><D126/><U4/><E20/><V27/><F39/><W89/><G72/><T38/><D38/><U133/><E4/><V47/><F47/><W0/><G0/><T105/><D5/><U17/><E17/><V35/><F35/><W99/><REACH who="3" step="1"/><G50/><REACH who="3" ten="308,192,250,240" step="2"/><N who="1" m="18954" /><E133/><V104/><F70/><W2/><G2/><T16/><D68/><U124/><E124/><V94/><F62/><W66/><G66/><T14/><D64/><U74/><E74/><V63/><F63/><W11/><G11/><N who="1" m="4106" /><E114/><V113/><F113/><W60/><G60/><T33/><D73/><U86/><E86/><V102/><F131/><W22/><G22/><T134/><D75/><U129/><E129/><V21/><F21/><W77/><G77/><T108/><D69/><U111/><E111/><V121/><F130/><W12/><G12/><T7/><D109/><U15/><E15/><V125/><F13/><W85/><G85/><T107/><D108/><U46/><E46/><V24/><F45/><W56/><G56/><T91/><D59/><U127/><E127/><V36/><F125/><W90/><G90/><T117/><D91/><U1/><E1/><V106/><F128/><W95/><AGARI ba="1,1" hai="23,25,29,40,43,57,61,65,80,81,83,89,95,99" machi="95" ten="30,7900,0" yaku="1,1,0,1,8,1,52,1,53,0" doraHai="92" doraHaiUra="110" who="3" fromWho="3" sc="308,-40,192,-21,250,-21,240,92" /><INIT seed="1,0,0,1,2,31" ten="268,171,229,332" oya="1" hai0="61,39,128,19,44,24,13,42,100,112,116,70,132" hai1="119,6,41,99,43,10,124,95,80,47,22,7,36" hai2="129,134,87,101,131,20,102,50,45,123,1,107,38" hai3="32,8,40,94,104,110,98,21,97,15,28,81,120"/><U64/><E124/><V9/><F1/><W0/><G120/><T86/><D112/><U126/><E126/><V135/><F123/><W27/><G110/><T63/><D116/><U71/><E119/><V25/><F38/><W59/><G40/><T54/><D128/><N who="2" m="49226" /><F9/><W30/><G30/><T66/><D132/><N who="2" m="50730" /><F87/><W49/><G104/><T67/><D100/><U55/><E43/><N who="2" m="24895" /><F107/><W17/><G81/><T62/><D24/><U3/><E6/><V72/><F72/><W83/><G83/><T111/><D111/><U35/><E35/><V114/><F114/><W75/><G75/><T91/><D13/><U37/><E80/><V85/><F85/><W16/><G94/><T73/><D19/><AGARI ba="0,0" hai="19,20,25,101,102" m="24895,50730,49226" machi="19" ten="30,2000,0" yaku="19,1,20,1" doraHai="31" who="2" fromWho="0" sc="268,-20,171,0,229,20,332,0" /><INIT seed="2,0,0,3,5,69" ten="248,171,249,332" oya="2" hai0="83,38,10,31,40,27,128,121,127,92,59,114,130" hai1="66,15,124,28,119,95,91,2,11,105,81,94,25" hai2="90,51,26,107,50,7,93,133,71,0,72,102,48" hai3="52,41,109,63,122,112,77,89,56,8,115,118,117"/><V54/><F133/><W3/><G122/><T129/><D121/><U101/><E119/><V126/><F72/><W33/><G33/><T60/><D114/><N who="3" m="43561" /><G109/><T80/><D127/><U19/><E124/><V23/><F71/><W49/><G77/><T86/><D10/><U113/><E113/><V18/><F126/><W42/><G89/><N who="0" m="53303" /><D40/><N who="3" m="15465" /><G63/><T85/><D85/><U57/><E2/><V34/><F34/><W82/><G82/><T96/><D96/><U37/><E37/><V45/><F107/><W106/><G106/><T43/><D43/><U53/><E66/><V78/><F78/><W14/><G3/><T4/><D4/><AGARI ba="0,0" hai="4,8,14,49,52,56,117,118" m="15465,43561" machi="4" ten="30,2000,0" yaku="11,1,54,1" doraHai="69" who="3" fromWho="0" sc="248,-20,171,0,249,0,332,20" /><INIT seed="3,0,0,1,2,62" ten="228,171,249,352" oya="3" hai0="57,97,129,12,30,133,117,56,32,98,37,132,33" hai1="42,96,118,60,81,93,16,41,52,113,31,123,130" hai2="49,126,64,54,90,103,20,100,88,72,48,99,83" hai3="45,114,58,51,131,101,120,128,35,77,15,102,111"/><W38/><G114/><T87/><D117/><U110/><E113/><V119/><F119/><W68/><G120/><T63/><D37/><U84/><E118/><V10/><F126/><W7/><G35/><N who="0" m="13387" /><D30/><U46/><E123/><V27/><F10/><W43/><G111/><T9/><D87/><U89/><E110/><V28/><F72/><W82/><G68/><T39/><D39/><U44/><E31/><V47/><F90/><W26/><G26/><T17/><D56/><N who="1" m="34823" /><E130/><N who="3" m="49706" /><G58/><T13/><D129/><U70/><E70/><V105/><F105/><W109/><G38/><T25/><D25/><U92/><E44/><V76/><F27/><W94/><G94/><N who="1" m="36458" /><E46/><V61/><F28/><W134/><G134/><N who="0" m="51819" /><D13/><U14/><E96/><V29/><F99/><W73/><G109/><T75/><D75/><U115/><E115/><V112/><F29/><W121/><G121/><T21/><D21/><AGARI ba="0,0" hai="14,16,21,41,42,81,84,89" m="36458,34823" machi="21" ten="30,3900,0" yaku="8,1,54,2" doraHai="62" who="1" fromWho="0" sc="228,-39,171,39,249,0,352,0" owari="189,-31.1,210,-19.0,249,4.9,352,45.2" /></mjloggm>