<mjloggm ver="2.3"><GO type="225" lobby="0"/><UN n0="%41%54%53%4D" n1="%E2%91%A3%E9%81%BF%E9%81%8A%E6%88%AF%E3%80%90%E6%9D%B1%E5%8D%97%E3%80%91" n2="%6D%75%75%6D%75%72%61" n3="%E3%81%9F%E3%81%93%E2%98%86%E7%84%BC%E3%81%8D" dan="16,16,16,16" rate="2110.43,2111.08,2186.93,2098.86" sx="M,M,M,M"/><TAIKYOKU oya="0"/><INIT seed="0,0,0,3,3,130" ten="250,250,250,250" oya="0" hai0="132,9,13,56,88,18,8,35,71,100,60,26,28" hai1="47,94,37,20,82,90,113,16,95,114,14,63,125" hai2="73,101,41,102,104,106,126,116,44,122,57,40,134" hai3="135,105,0,30,6,1,32,75,24,33,19,72,51"/><T29/><BYE who="2" /><D71/><U65/><E125/><UN n2="%6D%75%75%6D%75%72%61" /><V12/><F116/><W62/><G105/><T131/><D131/><U10/><E37/><V3/><F3/><N who="3" m="1099" /><G51/><T36/><D36/><U27/><E47/><V92/><F122/><W115/><G62/><T49/><D100/><U2/><E2/><V42/><F126/><W38/><G38/><T34/><D49/><U121/><E121/><V86/><F73/><W80/><G115/><N who="1" m="44042" /><E82/><V118/><F118/><W103/><G103/><T108/><D108/><U61/><E90/><V111/><F111/><W53/><G53/><T25/><D88/><U107/><E107/><V112/><F112/><W46/><G46/><T91/><D91/><U7/><E63/><V76/><F44/><W17/><G80/><T50/><D50/><U123/><E123/><V43/><F43/><W15/><G75/><T4/><D56/><AGARI ba="0,0" hai="7,10,14,16,20,27,56,61,65,94,95" m="44042" machi="56" ten="30,2000,0" yaku="11,1,54,1" doraHai="130" who="1" fromWho="0" sc="250,-20,250,20,250,0,250,0" /><INIT seed="1,0,0,0,3,85" ten="230,270,250,250" oya="1" hai0="71,54,59,67,100,97,90,118,11,27,25,113,74" hai1="42,88,123,108,75,12,68,14,19,48,114,39,126" hai2="7,89,103,77,76,22,98,24,13,1,70,130,2" hai3="17,4,37,119,78,38,82,51,95,94,134,99,55"/><U73/><E123/><V58/><F70/><W86/><G134/><T56/><D113/><U65/><E114/><V120/><F120/><W10/><G119/><T34/><D118/><U116/><E116/><V102/><F130/><W46/><G95/><T30/><D74/><U33/><E33/><V63/><F2/><W121/><G121/><T128/><D128/><U105/><E105/><V26/><F1/><W107/><G107/><T61/><D25/><U5/><E39/><V49/><F49/><W28/><G28/><T127/><D127/><U52/><E126/><V125/><F26/><W129/><G17/><T0/><D54/><U110/><E42/><V29/><F125/><W18/><G18/><T84/><D11/><N who="1" m="4207" /><E65/><N who="2" m="39159" /><F13/><W93/><G93/><T44/><D0/><U41/><E41/><V81/><F7/><W109/><G109/><N who="1" m="42090" /><E68/><V96/><F102/><W8/><G129/><T104/><REACH who="0" step="1"/><D44/><REACH who="0" ten="220,270,250,250" step="2"/><N who="1" m="27655" /><E75/><V35/><F35/><W9/><REACH who="3" step="1"/><G4/><REACH who="3" ten="220,270,250,240" step="2"/><T91/><D91/><AGARI ba="0,2" hai="8,9,10,37,38,46,51,55,78,82,86,91,94,99" machi="91" ten="40,5200,0" yaku="1,1,2,1,52,1,53,0" doraHai="85" doraHaiUra="122" who="3" fromWho="0" sc="220,-52,270,0,250,0,240,72" /><INIT seed="2,0,0,1,2,13" ten="168,270,250,312" oya="2" hai0="26,8,73,48,79,32,126,45,12,17,40,113,116" hai1="53,37,110,22,115,122,57,129,20,118,130,80,59" hai2="103,124,70,47,25,58,46,54,19,85,34,28,14" hai3="95,41,16,88,87,9,107,125,31,117,4,60,114"/><V1/><F1/><W39/><G107/><T35/><D113/><U76/><E118/><V65/><F124/><W91/><G125/><T121/><D121/><U82/><E122/><V3/><F3/><W74/><G31/><T10/><D126/><U67/><E115/><V42/><F103/><W29/><G29/><T27/><D116/><U64/><E37/><V131/><F131/><W15/><G74/><T81/><REACH who="0" step="1"/><D10/><REACH who="0" ten="158,270,250,312" step="2"/><U36/><E130/><V106/><F34/><AGARI ba="0,1" hai="8,12,17,26,27,32,34,35,40,45,48,73,79,81" machi="34" ten="40,8000,1" yaku="1,1,2,1,52,1,53,1" doraHai="13" doraHaiUra="104" who="0" fromWho="2" sc="158,90,270,0,250,-80,312,0" /><INIT seed="3,0,0,1,5,8" ten="248,270,170,312" oya="3" hai0="93,23,80,128,117,83,98,126,75,89,58,55,7" hai1="120,30,127,37,6,5,112,56,91,63,122,31,116" hai2="73,110,38,129,41,51,88,74,32,114,92,103,52" hai3="4,90,69,79,96,133,16,62,19,59,115,12,54"/><W67/><G115/><T86/><D117/><U21/><E112/><V70/><F114/><W87/><G133/><T97/><D128/><U85/><E116/><V33/><F70/><W3/><G3/><T77/><D126/><U78/><E127/><V105/><F129/><W36/><G36/><T124/><D124/><U130/><E37/><V45/><F110/><W68/><G68/><T76/><D7/><U113/><E113/><V47/><F105/><W134/><G134/><T111/><D23/><U9/><E78/><V101/><F101/><W123/><G123/><T84/><REACH who="0" step="1"/><D111/><REACH who="0" ten="238,270,170,312" step="2"/><U107/><E130/><V34/><REACH who="2" step="1"/><F103/><REACH who="2" ten="238,270,160,312" step="2"/><W1/><G1/><T44/><D44/><U72/><E122/><V50/><F50/><AGARI ba="0,2" hai="50,55,58,75,76,77,80,83,84,86,89,93,97,98" machi="50" ten="30,2000,0" yaku="1,1,7,1,53,0" doraHai="8" doraHaiUra="108" who="0" fromWho="2" sc="238,40,270,0,160,-20,312,0" owari="278,7.8,270,-13.0,140,-36.0,312,41.2" /></mjloggm>