<mjloggm ver="2.3"><GO type="225" lobby="0"/><UN n0="%E3%82%A2%E3%83%A1%E3%82%A2%E3%83%A9%E3%83%AC" n1="%E3%81%B2%E3%81%AA%E3%81%AE%E3%82%8A%E3%81%8F" n2="%72%65%6E%6B%75%6E" n3="%E3%83%B4%E3%83%A0%EF%BC%99%E3%81%A6" dan="16,17,17,16" rate="2080.37,2128.18,2269.70,2117.92" sx="M,M,M,M"/><TAIKYOKU oya="0"/><INIT seed="0,0,0,5,5,100" ten="250,250,250,250" oya="0" hai0="69,40,122,41,84,93,23,62,10,81,17,45,117" hai1="65,87,71,18,32,73,108,126,30,112,2,11,107" hai2="15,110,5,85,34,113,9,4,16,98,59,61,29" hai3="103,7,36,118,74,43,49,8,135,47,104,42,50"/><T52/><D117/><U14/><E73/><V21/><F110/><W57/><G118/><T128/><D128/><U115/><E87/><V124/><F124/><W76/><G135/><T27/><D122/><U82/><E82/><V131/><F113/><N who="1" m="43593" /><E65/><V78/><F131/><W123/><G123/><T102/><D69/><U86/><E86/><V99/><F34/><W58/><G58/><N who="0" m="35143" /><D45/><U105/><E71/><V13/><F29/><W64/><G64/><T19/><D10/><U89/><E126/><V26/><F5/><W28/><G28/><T120/><D17/><U3/><E89/><V106/><F26/><W96/><G57/><T24/><D24/><N who="1" m="18503" /><E108/><V1/><F106/><AGARI ba="0,0" hai="2,3,11,14,18,105,106,107" m="18503,43593" machi="106" ten="30,7700,0" yaku="11,1,52,3" doraHai="100" who="1" fromWho="2" sc="250,0,250,77,250,-77,250,0" /><INIT seed="1,0,0,3,0,24" ten="250,327,173,250" oya="1" hai0="122,62,37,131,123,125,7,126,67,65,56,76,114" hai1="17,15,18,134,39,27,50,133,63,88,74,84,94" hai2="115,75,90,23,28,49,5,77,121,11,32,44,124" hai3="22,0,91,101,38,70,89,40,100,130,119,33,107"/><U16/><E39/><V98/><F121/><N who="0" m="46090" /><D76/><U29/><E74/><V93/><F124/><N who="0" m="47722" /><D7/><U59/><E50/><V57/><F115/><W6/><G6/><T82/><D82/><U46/><E46/><V51/><F32/><W66/><G33/><T68/><D114/><U79/><E79/><V25/><F57/><W135/><G70/><T71/><D131/><U85/><E85/><V104/><F104/><W81/><G107/><T87/><D87/><U60/><E15/><V42/><F77/><W97/><G81/><T72/><D72/><U4/><E4/><V53/><F75/><W55/><G0/><T105/><D105/><U80/><E80/><V73/><F73/><W69/><G69/><N who="0" m="26699" /><D37/><U9/><E9/><V127/><F127/><W113/><G38/><T120/><N who="0" m="46098" /><T1/><DORA hai="99" /><D1/><U132/><REACH who="1" step="1"/><E59/><REACH who="1" ten="250,317,173,250" step="2"/><V117/><F117/><W96/><G119/><T64/><AGARI ba="0,1" hai="56,62,64,65,67" m="26699,47722,46098" machi="64" ten="50,8000,1" yaku="13,1,18,1,34,2" doraHai="24,99" who="0" fromWho="0" sc="250,90,317,-40,173,-20,250,-20" /><INIT seed="2,0,0,0,2,5" ten="340,277,153,230" oya="2" hai0="99,65,108,73,23,39,78,13,42,57,68,32,94" hai1="31,132,66,11,120,90,27,122,91,10,49,112,2" hai2="87,12,52,88,1,25,33,118,6,105,45,3,77" hai3="74,129,95,124,106,17,79,135,54,55,46,48,30"/><V109/><F118/><W121/><G106/><T4/><D108/><U8/><E112/><V104/><F109/><W85/><G121/><N who="1" m="46698" /><E132/><V126/><F77/><W69/><G69/><T53/><D32/><N who="1" m="20607" /><E2/><V93/><F126/><W38/><G135/><T44/><D78/><U131/><E131/><V20/><F33/><W19/><G129/><T51/><D73/><U119/><E119/><V114/><F114/><W59/><G124/><T86/><D86/><U82/><E82/><V37/><F1/><W97/><G30/><T134/><D134/><U127/><E127/><V130/><F3/><W70/><G70/><T9/><D23/><U34/><E34/><V92/><F92/><W113/><G74/><T26/><D26/><U76/><E76/><V64/><F64/><W116/><G116/><T58/><D58/><U21/><E66/><V123/><F123/><W102/><G113/><T89/><D65/><U98/><E98/><V35/><F35/><W43/><G55/><T81/><D68/><U18/><E49/><N who="2" m="28719" /><F37/><W0/><G0/><T125/><D125/><U67/><E67/><V47/><F130/><W22/><G79/><T41/><D81/><U133/><E133/><V107/><F47/><W29/><G85/><T128/><D128/><U115/><E115/><V36/><F36/><W7/><G38/><T50/><D39/><U80/><E80/><V28/><F12/><AGARI ba="0,0" hai="8,10,11,12,18,21,90,91" m="20607,46698" machi="12" ten="30,7700,0" yaku="13,1,52,3" doraHai="5" who="1" fromWho="2" sc="340,0,277,77,153,-77,230,0" /><INIT seed="3,0,0,0,2,55" ten="340,354,76,230" oya="3" hai0="97,49,70,65,115,89,2,125,130,62,79,4,118" hai1="15,107,129,112,41,96,98,126,74,60,131,114,110" hai2="84,27,106,47,104,3,92,18,37,48,95,71,69" hai3="34,19,128,22,7,120,108,6,124,94,134,73,31"/><W24/><G73/><T63/><D118/><U77/><E110/><V122/><F3/><W50/><G120/><T109/><D109/><U101/><E41/><V99/><F37/><W100/><G108/><T20/><D130/><N who="1" m="49675" /><E126/><V81/><F69/><W14/><G128/><T40/><D125/><U86/><E74/><V80/><F71/><W11/><G124/><T10/><D115/><U16/><E60/><V103/><F122/><W67/><G67/><T38/><D38/><U75/><E75/><V28/><F18/><W66/><G66/><T21/><D79/><U36/><E36/><V29/><F27/><W52/><G134/><T127/><D63/><U105/><E86/><V33/><F47/><W8/><G100/><T58/><D127/><U113/><E77/><V93/><F48/><W90/><G34/><T76/><D76/><U13/><E16/><V32/><F84/><N who="3" m="52551" /><G8/><T119/><D119/><U42/><E42/><V25/><F25/><W102/><G102/><AGARI ba="0,0" hai="13,15,96,98,101,102,105,107,112,113,114" m="49675" machi="102" ten="40,1300,0" yaku="19,1" doraHai="55" who="1" fromWho="3" sc="340,0,354,13,76,0,230,-13" owari="340,14.0,367,46.7,76,-42.4,217,-18.3" /></mjloggm>