<mjloggm ver="2.3"><GO type="225" lobby="0"/><UN n0="%E6%81%A5%E6%99%92%E3%81%97" n1="%72%69%6F%75%63%68%61%6E" n2="%E3%81%A4%E3%81%A3%E3%81%B1%E3%82%8A%E3%83%9D%E3%83%BC%E3%83%AB" n3="%E5%A4%9C%E3%81%AE%E3%82%AC%E3%82%B9%E3%83%91%E3%83%BC%E3%83%AB" dan="16,16,16,17" rate="2117.39,2145.54,2124.87,2185.14" sx="M,M,M,M"/><TAIKYOKU oya="0"/><INIT seed="0,0,0,2,0,100" ten="250,250,250,250" oya="0" hai0="53,6,79,23,94,41,104,83,133,35,117,123,102" hai1="54,62,56,90,122,11,20,21,91,34,106,86,131" hai2="76,63,99,84,18,110,22,71,82,67,96,126,38" hai3="44,74,46,29,89,4,77,17,1,64,16,52,24"/><T48/><D117/><U129/><E122/><V32/><F110/><W58/><G64/><T128/><D123/><U39/><E34/><V30/><F126/><W87/><G74/><T88/><D35/><U3/><E39/><V108/><F108/><W0/><G77/><T60/><D133/><U68/><E106/><V80/><F38/><W73/><G73/><N who="0" m="43503" /><D6/><U15/><E68/><V111/><F111/><W81/><G4/><T13/><D128/><N who="1" m="49227" /><E3/><V55/><F55/><W103/><G103/><T118/><D60/><U115/><E115/><V101/><F101/><W93/><G81/><T70/><D70/><U112/><E112/><V72/><F30/><W26/><G1/><T28/><D28/><U92/><E91/><V14/><REACH who="2" step="1"/><F32/><REACH who="2" ten="250,250,240,250" step="2"/><W125/><G125/><T61/><D53/><U2/><E2/><V107/><F107/><W116/><G0/><T5/><D104/><U85/><E85/><V132/><F132/><W9/><G116/><T121/><D118/><U120/><E120/><V25/><F25/><N who="3" m="9835" /><G29/><T36/><D121/><U119/><E119/><V49/><F49/><N who="3" m="30991" /><G17/><AGARI ba="0,1" hai="11,15,17,20,21,54,56,62,86,90,92" m="49227" machi="17" ten="30,1000,0" yaku="19,1" doraHai="100" who="1" fromWho="3" sc="250,0,250,20,240,0,250,-10" /><INIT seed="1,0,0,5,2,14" ten="250,270,240,240" oya="1" hai0="20,114,59,46,0,80,40,63,94,133,111,71,115" hai1="18,35,60,8,123,132,13,95,62,116,4,1,27" hai2="109,84,29,121,58,26,23,112,44,33,125,5,101" hai3="68,72,135,93,73,108,61,16,105,107,103,113,9"/><U52/><E116/><V100/><F121/><W31/><G113/><T10/><D111/><U102/><E123/><V118/><F118/><W37/><G37/><T56/><D133/><U47/><E132/><V65/><F109/><W129/><G108/><T43/><D71/><U50/><E102/><V36/><F112/><W69/><G135/><T2/><D94/><U99/><E35/><V120/><F120/><W41/><G41/><T85/><D20/><U32/><E32/><V17/><F125/><W96/><G31/><T75/><D85/><U3/><E27/><V6/><F36/><W134/><G134/><T66/><D43/><U117/><E117/><V19/><F44/><W131/><G69/><N who="0" m="42207" /><D10/><U30/><E30/><V130/><F130/><N who="3" m="49675" /><G61/><N who="1" m="23658" /><E1/><V49/><F65/><W53/><G68/><T106/><D106/><N who="3" m="40457" /><G53/><T91/><D114/><U119/><E3/><V110/><F110/><W74/><G9/><T83/><D2/><U81/><E119/><V15/><F33/><W21/><G74/><T92/><D115/><U51/><E51/><V89/><F29/><W24/><AGARI ba="0,0" hai="16,21,24,72,73,93,96,103" m="40457,49675" machi="24" ten="30,4000,0" yaku="19,1,52,1,54,1" doraHai="14" who="3" fromWho="3" sc="250,-10,270,-20,240,-10,240,40" /><INIT seed="2,0,0,5,1,102" ten="240,250,230,280" oya="2" hai0="50,118,47,60,75,74,27,14,110,57,4,100,112" hai1="109,3,67,21,128,130,101,125,56,12,123,38,95" hai2="71,19,9,124,94,76,23,8,80,108,22,83,52" hai3="55,39,51,6,121,63,119,116,79,98,66,24,49"/><V72/><F71/><W20/><G121/><T97/><D112/><U77/><E3/><V15/><F124/><W113/><G39/><T64/><D110/><U115/><E115/><V96/><F108/><W2/><G113/><T91/><D118/><U36/><E109/><V35/><F35/><W70/><G79/><T85/><D27/><U81/><E125/><V82/><F23/><W33/><G33/><T61/><D61/><N who="1" m="38311" /><E123/><V42/><F42/><W5/><G98/><T48/><D75/><N who="1" m="43199" /><E12/><V93/><F93/><W88/><G88/><T29/><D74/><U17/><E17/><V31/><F31/><W62/><G2/><T46/><D29/><U90/><E101/><V127/><F127/><W40/><G70/><T78/><D78/><U28/><E28/><V122/><F122/><W32/><G32/><T34/><D34/><U37/><E21/><V30/><F30/><W117/><G20/><T99/><D14/><U106/><E106/><V16/><F52/><W45/><G24/><T103/><D4/><U104/><E104/><V105/><F105/><W41/><G116/><T134/><D100/><U131/><E36/><V7/><F9/><W73/><G73/><T135/><D47/><U120/><E120/><V43/><F43/><W10/><G10/><T11/><D11/><U129/><N who="1" m="32768" /><DORA hai="68" /><U107/><E107/><V133/><F133/><N who="0" m="50698" /><D46/><U18/><E18/><V65/><F65/><W114/><G114/><T0/><D0/><U1/><E1/><N who="2" m="111" /><F19/><W26/><G26/><T53/><D103/><U111/><E111/><V13/><F13/><W132/><G132/><RYUUKYOKU ba="0,0" sc="240,-15,250,15,230,15,280,-15" hai1="37,38,90,95" hai2="15,16,22,72,76,80,82,83,94,96" /><INIT seed="2,1,0,1,2,121" ten="225,265,245,265" oya="2" hai0="90,111,66,94,118,58,68,97,42,130,91,2,120" hai1="26,34,76,132,93,50,48,87,15,115,134,9,69" hai2="79,103,35,65,61,110,7,3,112,51,13,108,57" hai3="10,70,18,29,20,74,122,114,67,45,101,6,71"/><V30/><F112/><W40/><G122/><T36/><D118/><U60/><E115/><V54/><F3/><W32/><G114/><T56/><D120/><U43/><E69/><V105/><F79/><W8/><G74/><T95/><D130/><U116/><E60/><V4/><F30/><W25/><G101/><T92/><D2/><U1/><E1/><V100/><F35/><W72/><G72/><T85/><D68/><U81/><E116/><V17/><F103/><W16/><G18/><T31/><D66/><U55/><E93/><V75/><F75/><W22/><G22/><T125/><D125/><U133/><E43/><V124/><F124/><W47/><G47/><T96/><D31/><N who="1" m="19831" /><E55/><V129/><F129/><W46/><G46/><T104/><D104/><U128/><E128/><V12/><F100/><W39/><G67/><T80/><D36/><U64/><E64/><V21/><F105/><W24/><G10/><T49/><D111/><N who="2" m="42538" /><F13/><AGARI ba="1,0" hai="6,8,13,16,20,24,25,29,32,39,40,45,70,71" machi="13" ten="30,2000,0" yaku="7,1,54,1" doraHai="121" who="3" fromWho="2" sc="225,0,265,0,245,-23,265,23" /><INIT seed="3,0,0,2,3,47" ten="225,265,222,288" oya="3" hai0="66,91,44,103,61,126,10,52,9,121,36,49,67" hai1="83,53,57,111,45,89,33,14,20,35,81,82,22" hai2="46,6,123,5,63,92,122,115,109,26,29,73,88" hai3="13,104,96,62,37,128,114,118,32,98,60,69,105"/><W117/><G114/><T31/><D121/><N who="2" m="46090" /><F115/><W116/><G32/><T133/><D126/><U94/><E111/><V75/><F109/><W2/><G2/><T131/><D131/><U24/><E45/><V25/><F63/><N who="3" m="24107" /><G13/><T58/><D133/><U99/><E14/><V39/><F39/><W21/><G37/><T135/><D135/><U48/><REACH who="1" step="1"/><E20/><REACH who="1" ten="225,255,222,288" step="2"/><N who="2" m="15527" /><F46/><W87/><G21/><T120/><D36/><U97/><E97/><N who="2" m="57479" /><F26/><W84/><G116/><T70/><D44/><U59/><E59/><V85/><F85/><W112/><G87/><T15/><D58/><U4/><E4/><AGARI ba="0,1" hai="4,5,6,73,75" m="57479,15527,46090" machi="4" ten="30,2000,0" yaku="13,1,54,1" doraHai="47" who="2" fromWho="1" sc="225,0,255,-20,222,30,288,0" /><INIT seed="4,0,0,2,5,97" ten="225,235,252,288" oya="0" hai0="50,11,34,132,68,117,119,94,53,106,100,98,108" hai1="19,93,90,88,92,42,109,107,6,96,35,13,65" hai2="89,36,8,30,15,21,14,37,39,85,82,12,16" hai3="91,101,78,121,26,25,135,59,128,102,126,116,4"/><T43/><D132/><U38/><E109/><V2/><REACH who="2" step="1"/><F30/><REACH who="2" ten="225,235,242,288" step="2"/><W123/><G135/><T99/><D108/><U76/><E35/><V131/><F131/><W133/><G133/><T71/><D34/><U130/><E130/><V18/><F18/><W104/><G128/><T115/><D115/><U77/><E19/><V79/><F79/><W105/><G78/><T56/><D117/><U29/><E29/><V120/><F120/><W28/><G28/><T112/><D112/><U111/><E111/><V58/><F58/><W1/><G116/><T48/><D119/><U33/><E33/><V84/><F84/><W114/><G114/><T31/><D31/><U87/><E77/><V74/><F74/><W62/><G59/><T83/><D71/><U80/><E76/><V81/><F81/><W60/><G4/><AGARI ba="0,1" hai="2,4,8,12,14,15,16,21,36,37,39,82,85,89" machi="4" ten="40,5200,0" yaku="21,2,54,1,53,0" doraHai="97" doraHaiUra="125" who="2" fromWho="3" sc="225,0,235,0,242,62,288,-52" owari="225,-27.5,235,-16.5,304,40.4,236,3.6" /></mjloggm>