<mjloggm ver="2.3"><GO type="225" lobby="0"/><UN n0="%E3%81%B5%E3%81%98%E3%81%8B%E3%81%A4" n1="%E5%B3%B6%E7%94%B0%E7%9C%9F%E5%A4%A2" n2="%E5%A4%9C%E5%85%89%E5%A4%A9%E6%A5%BC" n3="%E7%99%BD%E6%97%A5%E9%9B%AA%E8%8F%9C" dan="17,16,17,17" rate="2231.10,2135.01,2172.20,2209.59" sx="M,F,M,M"/><TAIKYOKU oya="0"/><INIT seed="0,0,0,1,3,84" ten="250,250,250,250" oya="0" hai0="28,123,47,42,107,85,133,40,29,48,128,51,124" hai1="77,8,135,102,115,7,127,43,15,6,106,50,61" hai2="130,65,13,68,90,86,34,38,18,75,39,132,31" hai3="113,16,63,109,114,56,93,60,35,54,103,36,37"/><T24/><D123/><U95/><E127/><V131/><F75/><W71/><G35/><T101/><D124/><U19/><E135/><V53/><F132/><W41/><G109/><T125/><D125/><U21/><E115/><V30/><F65/><W14/><G63/><T23/><D133/><U134/><E134/><V108/><F53/><W96/><G71/><T117/><D117/><U81/><E106/><V20/><F68/><W121/><G121/><T97/><D85/><N who="1" m="48303" /><E61/><V99/><F99/><W58/><G56/><T46/><REACH who="0" step="1"/><D128/><REACH who="0" ten="240,250,250,250" step="2"/><U44/><E8/><V66/><F130/><W67/><G67/><T52/><D52/><U57/><E57/><V83/><F66/><W9/><REACH who="3" step="1"/><G41/><REACH who="3" ten="240,250,250,240" step="2"/><T112/><D112/><AGARI ba="0,2" hai="9,14,16,36,37,54,58,60,93,96,103,112,113,114" machi="112" ten="40,5200,0" yaku="1,1,2,1,54,1,53,0" doraHai="84" doraHaiUra="74" who="3" fromWho="0" sc="240,-52,250,0,250,0,240,72" /><INIT seed="1,0,0,2,1,123" ten="188,250,250,312" oya="1" hai0="13,33,132,92,124,112,118,43,127,72,51,100,83" hai1="130,49,90,54,103,105,36,86,28,34,106,121,133" hai2="101,63,1,69,122,17,47,80,131,99,66,46,8" hai3="14,108,120,62,117,20,84,104,114,68,32,64,38"/><U24/><E121/><V128/><F122/><W30/><G114/><T45/><D33/><U23/><E133/><V71/><F71/><W75/><G75/><T55/><D132/><U60/><E130/><N who="2" m="49707" /><F80/><W67/><G38/><T22/><D112/><U52/><E36/><V9/><F17/><N who="3" m="10295" /><G67/><T25/><D118/><U29/><E103/><V111/><F111/><W126/><G126/><T107/><D13/><U40/><E34/><V48/><F1/><W125/><G84/><T70/><D70/><U5/><E5/><V129/><N who="2" m="49715" /><V53/><DORA hai="109" /><F47/><W135/><G125/><T18/><D107/><AGARI ba="0,0" hai="8,9,46,48,53,63,66,69,99,101,107" m="49715" machi="107" ten="40,1300,0" yaku="19,1" doraHai="123,109" who="2" fromWho="0" sc="188,-13,250,0,250,13,312,0" /><INIT seed="2,0,0,0,5,14" ten="175,250,263,312" oya="2" hai0="39,46,59,95,21,118,13,3,41,61,40,85,114" hai1="38,36,100,117,28,18,44,53,56,29,34,33,132" hai2="71,7,54,60,88,69,19,2,77,106,32,49,74" hai3="133,63,17,70,91,101,80,122,128,119,102,134,26"/><V66/><F106/><W31/><G119/><T24/><D118/><U16/><E117/><V5/><F71/><W1/><G122/><T23/><D114/><U83/><E83/><V81/><F32/><W99/><G1/><T65/><D3/><U108/><E44/><V124/><F124/><W20/><G128/><T55/><D39/><U112/><E56/><V11/><F88/><W103/><G31/><T0/><D0/><U127/><E100/><V115/><F115/><W126/><G126/><T105/><D105/><U37/><E127/><V130/><F130/><W72/><G72/><T109/><D109/><U86/><E86/><V9/><F9/><W135/><G80/><T120/><D120/><U52/><E38/><V96/><F96/><W111/><G91/><N who="0" m="53743" /><D46/><U35/><E35/><V15/><REACH who="2" step="1"/><F2/><REACH who="2" ten="175,250,253,312" step="2"/><W82/><G111/><T123/><D123/><U43/><E108/><V6/><F6/><W92/><G82/><T25/><D65/><AGARI ba="0,1" hai="17,20,26,63,65,70,92,99,101,102,103,133,134,135" machi="65" ten="40,2600,0" yaku="20,1,52,1" doraHai="14" who="3" fromWho="0" sc="175,-26,250,0,253,0,312,36" /><INIT seed="3,0,0,0,4,4" ten="149,250,253,348" oya="3" hai0="110,125,1,39,26,34,104,73,106,80,47,99,2" hai1="75,19,48,61,89,93,59,32,45,30,22,96,87" hai2="43,130,122,119,38,74,9,44,109,108,134,55,131" hai3="50,33,14,83,76,20,6,113,63,101,53,127,54"/><W62/><G33/><T115/><D110/><N who="2" m="42602" /><F74/><W133/><G101/><T70/><D115/><U24/><E75/><V29/><F29/><W66/><G54/><T105/><D125/><U95/><E32/><V0/><F119/><W123/><G127/><T16/><D16/><U23/><E45/><V58/><F134/><W52/><G53/><T78/><D70/><U42/><E42/><V7/><F122/><W117/><G20/><T128/><D99/><U79/><E48/><AGARI ba="0,0" hai="0,7,9,38,43,44,48,55,58,130,131" m="42602" machi="48" ten="30,2000,0" yaku="14,1,52,1" doraHai="4" who="2" fromWho="1" sc="149,0,250,-20,253,20,348,0" owari="149,-35.1,230,-17.0,273,7.3,348,44.8" /></mjloggm>