<mjloggm ver="2.3"><GO type="225" lobby="0"/><UN n0="%4C%4F%4C%49%54%41" n1="%E3%83%99%E3%83%AB%E3%83%A2%E3%83%83%E3%83%88" n2="%E5%B0%8F%E9%B3%A5%E9%81%8A%E7%B7%B4%E7%84%A1%32%31%E6%AD%B3" n3="%E5%84%AA%40%41%42%43" dan="16,16,16,17" rate="2163.53,2097.52,2151.27,2136.45" sx="F,M,F,M"/><TAIKYOKU oya="0"/><INIT seed="0,0,0,2,4,83" ten="250,250,250,250" oya="0" hai0="17,118,80,86,12,73,85,44,103,90,54,98,111" hai1="68,23,122,108,19,69,55,11,39,93,105,36,71" hai2="79,34,97,60,37,127,70,63,15,47,49,41,10" hai3="9,119,21,94,102,114,29,124,65,77,109,64,53"/><T87/><D118/><U28/><E105/><V30/><F127/><W51/><G114/><T82/><D111/><U121/><E108/><V107/><F79/><W31/><G119/><T46/><D73/><U3/><E28/><V134/><F134/><W8/><G124/><T58/><D103/><U115/><E115/><V99/><F37/><W84/><G29/><T52/><D54/><U125/><E125/><V101/><F97/><N who="3" m="59703" /><G8/><N who="0" m="6279" /><D98/><U120/><E11/><V112/><F112/><W95/><G9/><T123/><D123/><U135/><E3/><V0/><F0/><W75/><G75/><T132/><D132/><U117/><E135/><V33/><F34/><W7/><G7/><T67/><D67/><U104/><E104/><V78/><F70/><W91/><G77/><N who="0" m="46223" /><D86/><U116/><E55/><V133/><F133/><W1/><G1/><T113/><D113/><U88/><E117/><V61/><F78/><W35/><G35/><T128/><D128/><U45/><E116/><V14/><REACH who="2" step="1"/><F10/><REACH who="2" ten="250,250,240,250" step="2"/><W38/><G38/><T76/><D76/><U100/><E39/><V13/><F13/><W59/><G109/><T66/><D66/><U48/><E36/><V126/><F126/><W129/><G129/><T5/><D5/><U57/><E122/><V106/><F106/><W89/><G89/><T81/><D81/><U18/><E120/><V32/><F32/><W20/><G65/><T16/><D16/><U131/><E19/><V72/><F72/><W22/><G64/><T43/><D43/><U6/><E121/><V74/><F74/><W96/><G96/><T26/><D26/><AGARI ba="0,1" hai="14,15,26,30,33,41,47,49,60,61,63,99,101,107" machi="26" ten="40,5200,0" yaku="1,1,6,1,53,1" doraHai="83" doraHaiUra="25" who="2" fromWho="0" sc="250,-52,250,0,240,62,250,0" /><INIT seed="1,0,0,0,2,15" ten="198,250,302,250" oya="1" hai0="94,116,76,40,83,71,66,107,54,80,132,96,10" hai1="47,79,119,13,75,99,29,92,11,109,118,18,31" hai2="28,46,110,49,34,55,67,106,81,135,30,9,120" hai3="100,103,38,20,89,12,127,114,122,121,69,0,62"/><U104/><E104/><V78/><F120/><W57/><G114/><T22/><D116/><U5/><E109/><V125/><F110/><W97/><G0/><T82/><D107/><U27/><E47/><V56/><F106/><W90/><G38/><T19/><D132/><U23/><E79/><V130/><F130/><W48/><G69/><T113/><D113/><U1/><E75/><V129/><F129/><W59/><G127/><T53/><D40/><U4/><E4/><V17/><F34/><W111/><G111/><T60/><D10/><U37/><E37/><V93/><F93/><W35/><G35/><T86/><D80/><U74/><E74/><V64/><F125/><W45/><G57/><T72/><D82/><U33/><E31/><N who="2" m="11819" /><F46/><W7/><G121/><T126/><D72/><U108/><E108/><V25/><F135/><W36/><G36/><T50/><D50/><U8/><E8/><V105/><F105/><W133/><G122/><T43/><D43/><U39/><E39/><V32/><F32/><W14/><G133/><T124/><D126/><U6/><E5/><V98/><F98/><W95/><G100/><AGARI ba="0,0" hai="1,6,11,13,18,23,27,29,33,92,99,100,118,119" machi="100" ten="30,11600,0" yaku="7,1,24,2,52,1" doraHai="15" who="1" fromWho="3" sc="198,0,250,116,302,0,250,-116" /><INIT seed="1,1,0,5,5,16" ten="198,366,302,134" oya="1" hai0="126,81,88,101,112,83,59,57,82,84,7,36,64" hai1="3,77,104,100,123,85,9,68,120,20,15,40,75" hai2="78,33,43,72,95,39,45,93,13,48,2,76,8" hai3="46,122,116,134,21,41,128,94,11,102,27,96,80"/><U79/><E68/><V103/><F33/><W107/><G122/><T117/><D112/><U97/><E3/><V47/><F103/><W6/><G128/><T50/><D36/><U60/><E75/><V54/><F76/><W92/><G134/><T44/><D117/><U63/><E79/><V119/><F119/><W49/><G80/><N who="0" m="30827" /><D126/><U31/><E85/><V28/><F28/><W52/><G41/><T132/><D132/><U129/><E77/><V38/><F38/><W30/><REACH who="3" step="1"/><G116/><REACH who="3" ten="198,366,302,124" step="2"/><T56/><D101/><U91/><E40/><V127/><F43/><W111/><G111/><T1/><D1/><AGARI ba="1,1" hai="1,6,11,21,27,30,46,49,52,92,94,96,102,107" machi="1" ten="30,7700,0" yaku="1,1,7,1,52,1,54,1,53,0" doraHai="16" doraHaiUra="73" who="3" fromWho="0" sc="198,-80,366,0,302,0,124,90" /><INIT seed="2,0,0,5,3,83" ten="118,366,302,214" oya="2" hai0="55,2,97,76,6,130,58,7,50,0,111,1,36" hai1="60,102,118,72,77,125,67,131,3,54,80,114,106" hai2="40,110,119,121,62,30,116,126,66,94,81,135,99" hai3="43,44,34,133,57,84,51,95,75,129,37,15,68"/><V104/><F121/><W115/><G75/><T112/><D112/><U5/><E118/><V56/><F135/><W29/><G68/><T78/><D36/><U12/><E114/><V92/><F104/><W35/><G115/><T41/><D111/><U8/><E125/><V11/><F126/><W18/><G29/><T85/><D130/><U103/><E54/><V42/><F110/><W39/><G129/><T46/><D97/><U79/><E79/><V91/><F116/><W52/><G39/><T63/><REACH who="0" step="1"/><D76/><REACH who="0" ten="108,366,302,214" step="2"/><U86/><E131/><V82/><F119/><W17/><G133/><T89/><D89/><U23/><E77/><V53/><F91/><N who="3" m="53735" /><G18/><T65/><D65/><U27/><E67/><V107/><F66/><W124/><G124/><T128/><D128/><U134/><E134/><V33/><F99/><W61/><G37/><T117/><D117/><U105/><E103/><V49/><F30/><W24/><G35/><T20/><D20/><U120/><E23/><V4/><F33/><W22/><G34/><T108/><D108/><U14/><E102/><V93/><F107/><W100/><G100/><T64/><D64/><U127/><E106/><V21/><F21/><W19/><G19/><T48/><D48/><U10/><E105/><V71/><F49/><N who="3" m="26783" /><G24/><T73/><D73/><U45/><E127/><V31/><F31/><W70/><G70/><T47/><D47/><U28/><E45/><V96/><F71/><W109/><G109/><T123/><D123/><U32/><E120/><V88/><F96/><W87/><G51/><T26/><D26/><N who="1" m="18455" /><E8/><V59/><F11/><RYUUKYOKU ba="0,1" sc="108,15,366,-15,302,-15,214,15" hai0="0,1,2,6,7,41,46,50,55,58,63,78,85" hai3="15,17,22,52,57,61,87" /><INIT seed="3,1,1,2,1,57" ten="123,351,287,229" oya="3" hai0="22,37,98,15,12,110,24,28,31,103,109,80,44" hai1="50,30,38,1,2,4,121,34,125,69,3,87,13" hai2="53,97,7,131,106,130,116,128,21,60,127,76,75" hai3="120,132,85,113,64,0,119,83,86,126,90,45,79"/><W123/><G113/><T108/><D28/><U33/><E38/><V63/><F116/><W47/><G119/><T61/><D80/><U88/><E69/><V56/><F127/><W82/><G0/><T78/><D78/><U11/><E121/><V19/><F7/><W5/><G5/><T52/><D37/><U39/><E39/><V55/><F76/><W104/><G104/><T129/><D129/><U8/><E30/><V51/><F53/><W111/><G126/><T92/><REACH who="0" step="1"/><D61/><REACH who="0" ten="113,351,287,229" step="2"/><U99/><E125/><V102/><F75/><W27/><G79/><T94/><D94/><U9/><E1/><V26/><AGARI ba="1,2" hai="19,21,26,51,55,56,60,63,97,102,106,128,130,131" machi="26" ten="30,7900,0" yaku="0,1,19,1,52,2" doraHai="57" who="2" fromWho="2" sc="113,-21,351,-21,287,102,229,-40" owari="92,-40.8,330,13.0,389,48.9,189,-21.1" /></mjloggm>