<mjloggm ver="2.3"><GO type="225" lobby="0"/><UN n0="%E8%83%83%E3%81%A8%E8%85%B8" n1="%E5%8F%AF%E5%85%90%E9%82%A3%E7%94%B1%E5%A4%9A" n2="%62%6F%6E%6F%73%2E%2E" n3="%28%EF%BF%A3%E2%96%BD%EF%BF%A3%29%CE%B4%E2%8C%92%E3%83%BB" dan="16,17,17,16" rate="2247.13,2212.45,2218.90,2158.71" sx="M,F,M,M"/><TAIKYOKU oya="0"/><INIT seed="0,0,0,0,0,123" ten="250,250,250,250" oya="0" hai0="23,91,49,55,88,102,70,39,118,120,72,0,45" hai1="109,95,111,93,117,41,112,53,130,83,35,121,68" hai2="69,85,131,37,15,10,21,129,63,59,79,107,50" hai3="135,6,110,40,26,104,7,80,75,122,13,108,17"/><T73/><D120/><U52/><E121/><V48/><F37/><W19/><G122/><T61/><D118/><U105/><E117/><V97/><F69/><W76/><G104/><T98/><D0/><U119/><E119/><V100/><F21/><N who="3" m="13615" /><G40/><T86/><D39/><U134/><E105/><V127/><F127/><W90/><G90/><T116/><D116/><U20/><E35/><V47/><F79/><W12/><G135/><T133/><D133/><U57/><E68/><V82/><F82/><W124/><G124/><T34/><D34/><U60/><E134/><V71/><F85/><W28/><G28/><T36/><D36/><U3/><E3/><V128/><F47/><W24/><G24/><T67/><D23/><U25/><E41/><V132/><F71/><W58/><G58/><T54/><D54/><U78/><E53/><N who="2" m="34287" /><F132/><W1/><G1/><T66/><D66/><U5/><E5/><AGARI ba="0,0" hai="5,10,15,48,50,97,100,107,128,129,131" m="34287" machi="5" ten="30,1000,0" yaku="19,1" doraHai="123" who="2" fromWho="1" sc="250,0,250,-10,250,10,250,0" /><INIT seed="1,0,0,2,4,95" ten="250,240,260,250" oya="1" hai0="77,40,36,52,97,96,29,117,81,125,99,61,62" hai1="37,121,44,122,20,2,58,35,13,53,113,48,89" hai2="38,49,17,104,3,23,21,60,30,51,134,4,33" hai3="26,86,76,6,102,10,1,135,54,106,9,74,120"/><U56/><E2/><V110/><F38/><W118/><G74/><T8/><D117/><U72/><E35/><V5/><F104/><W11/><G118/><T111/><D111/><U126/><E72/><V115/><F110/><W119/><G119/><T98/><D125/><U132/><E113/><V83/><F115/><W64/><G120/><T24/><D8/><U42/><E126/><V105/><F105/><W87/><G135/><T47/><N who="0" m="24576" /><DORA hai="59" /><T129/><D129/><U69/><E69/><V70/><F33/><W18/><G102/><T94/><D94/><U73/><E73/><V123/><F3/><W88/><G106/><T92/><D92/><U28/><E132/><V127/><F123/><W130/><G64/><T84/><REACH who="0" step="1"/><D52/><REACH who="0" ten="240,240,260,250" step="2"/><U14/><E122/><V82/><F127/><W57/><G130/><T109/><D109/><U31/><E121/><V71/><F134/><W43/><G11/><T116/><D116/><U101/><E101/><V108/><F108/><W103/><G10/><T50/><D50/><U68/><E48/><V12/><F49/><W19/><G103/><T27/><D27/><U65/><E53/><V131/><F51/><W66/><G26/><T93/><D93/><U107/><E107/><V16/><F131/><W79/><G54/><T75/><D75/><U0/><E37/><V67/><F12/><W114/><G9/><T7/><D7/><U39/><E13/><V78/><F4/><W45/><G6/><T63/><D63/><N who="1" m="39999" /><E0/><V133/><F5/><W85/><G1/><T15/><D15/><U41/><E14/><N who="2" m="9367" /><F133/><W22/><G114/><RYUUKYOKU ba="0,1" sc="240,30,240,-10,260,-10,250,-10" hai0="24,29,36,40,47,61,62,77,81,84" /><INIT seed="2,1,1,0,4,72" ten="270,230,250,240" oya="2" hai0="75,10,45,20,113,115,124,80,49,63,3,82,40" hai1="27,37,25,73,79,24,88,94,86,112,41,19,111" hai2="39,33,68,18,47,23,55,102,57,114,106,129,135" hai3="11,1,122,61,60,5,34,134,84,133,6,120,105"/><V35/><F114/><W56/><G105/><T74/><D124/><U62/><E112/><V118/><F68/><W53/><G34/><T92/><D20/><U31/><E111/><V42/><F118/><W121/><G6/><T87/><D63/><U22/><E37/><V59/><F129/><W58/><REACH who="3" step="1"/><G84/><REACH who="3" ten="270,230,250,230" step="2"/><T50/><D115/><U101/><E73/><V46/><F35/><W66/><AGARI ba="1,2" hai="1,5,11,53,56,58,60,61,66,120,121,122,133,134" machi="66" ten="40,8000,1" yaku="1,1,2,1,0,1,53,2" doraHai="72" doraHaiUra="130" who="3" fromWho="3" sc="270,-21,230,-21,250,-41,230,103" /><INIT seed="3,0,0,0,0,37" ten="249,209,209,333" oya="3" hai0="88,41,67,18,39,6,30,66,95,71,90,74,47" hai1="107,103,127,89,46,135,58,52,91,134,59,121,49" hai2="79,114,117,110,94,132,25,119,44,48,64,33,31" hai3="70,73,21,23,40,115,113,101,32,53,12,116,0"/><W62/><G73/><T1/><D30/><U36/><E121/><V130/><F114/><W19/><G32/><T3/><D74/><U102/><E127/><V82/><F110/><W55/><G0/><T124/><D124/><U13/><E13/><V35/><F35/><W10/><G101/><N who="1" m="38410" /><E107/><V125/><F125/><W50/><G116/><T7/><D18/><U24/><E24/><V72/><F130/><W131/><G70/><T84/><D71/><U56/><E36/><V42/><F132/><AGARI ba="0,0" hai="46,49,52,56,58,59,89,91,132,134,135" m="38410" machi="132" ten="30,2000,0" yaku="20,1,54,1" doraHai="37" who="1" fromWho="2" sc="249,0,209,20,209,-20,333,0" owari="249,4.9,229,-17.1,189,-31.1,333,43.3" /></mjloggm>