<mjloggm ver="2.3"><GO type="225" lobby="0"/><UN n0="%72%61%6B%33" n1="%E3%81%A1%E3%82%85%E3%81%86%E3%81%A9%E3%81%8F%E8%B1%A1%E3%81%95%E3%82%93" n2="%E3%83%A9%E3%82%B9%E3%82%AB%E3%83%AB%35" n3="%E3%82%B7%E3%83%B3%E5%A4%AA%E6%9C%97" dan="16,16,16,16" rate="2180.40,2154.62,2093.59,2137.51" sx="M,M,M,M"/><TAIKYOKU oya="0"/><INIT seed="0,0,0,1,3,49" ten="250,250,250,250" oya="0" hai0="129,119,75,25,48,92,82,72,33,61,130,98,114" hai1="5,4,1,43,38,112,53,109,13,113,6,42,117" hai2="30,7,50,134,37,9,96,135,102,63,101,15,0" hai3="58,73,65,85,106,116,14,69,29,60,32,118,132"/><T91/><D119/><U34/><E117/><V46/><F37/><W35/><G73/><T111/><D114/><N who="1" m="44139" /><E34/><V66/><F30/><W84/><G132/><N who="2" m="50729" /><F0/><W45/><G106/><T74/><D111/><U17/><E1/><V107/><F96/><W22/><G45/><T77/><D61/><U12/><E109/><V62/><F107/><W86/><G69/><T79/><D48/><U11/><E38/><V55/><F63/><W28/><G116/><T52/><D33/><U20/><E53/><V71/><AGARI ba="0,0" hai="7,9,15,46,50,55,62,66,71,101,102" m="50729" machi="71" ten="30,2000,0" yaku="20,1,52,1" doraHai="49" who="2" fromWho="2" sc="250,-10,250,-5,250,20,250,-5" /><INIT seed="1,0,0,5,4,35" ten="240,245,270,245" oya="1" hai0="118,100,108,76,65,105,59,64,8,57,87,52,10" hai1="0,56,123,9,24,32,69,130,27,80,11,15,72" hai2="37,102,6,50,61,112,79,135,12,53,93,38,91" hai3="109,63,3,14,66,85,13,120,33,121,82,128,28"/><U34/><E69/><V58/><F135/><W26/><G109/><T51/><D118/><U60/><E123/><V106/><F112/><W54/><G128/><T132/><D108/><U73/><E130/><V124/><F124/><W133/><G133/><T116/><D116/><U62/><E80/><V2/><F12/><W95/><G3/><T127/><D132/><U1/><E15/><V68/><F79/><W21/><G95/><T75/><D75/><U71/><E71/><V89/><F106/><W101/><G101/><T20/><D127/><U115/><REACH who="1" step="1"/><E56/><REACH who="1" ten="240,235,270,245" step="2"/><V126/><F68/><W114/><G121/><T97/><D59/><U41/><E41/><V119/><F58/><W131/><G120/><T5/><D65/><U40/><E40/><V31/><F119/><W4/><G131/><T70/><D64/><U113/><AGARI ba="0,1" hai="0,1,9,11,24,27,32,34,60,62,72,73,113,115" machi="113" ten="25,18000,2" yaku="1,1,0,1,22,2,52,2,53,0" doraHai="35" doraHaiUra="81" who="1" fromWho="1" sc="240,-60,235,190,270,-60,245,-60" /><INIT seed="1,1,0,2,5,23" ten="180,425,210,185" oya="1" hai0="128,58,57,110,81,64,80,98,105,83,97,4,46" hai1="32,10,112,134,76,135,7,34,102,133,69,13,127" hai2="72,79,86,71,14,51,20,18,17,38,96,43,101" hai3="66,11,35,8,93,85,61,2,103,126,67,24,52"/><U95/><E69/><V49/><F71/><W41/><G126/><T119/><D119/><U59/><E112/><V39/><F72/><W47/><G2/><T78/><D110/><U68/><E68/><V87/><F43/><W44/><G67/><T22/><D128/><U130/><E130/><V55/><F51/><W33/><G33/><T84/><D4/><U16/><E127/><V94/><F18/><W63/><G103/><T122/><D122/><U92/><E76/><V48/><F48/><W0/><G0/><T27/><D46/><U3/><E59/><N who="0" m="22537" /><D105/><U109/><E109/><V118/><F118/><W36/><G63/><T31/><D64/><U12/><E3/><V6/><F6/><W19/><G66/><T9/><D9/><N who="1" m="4159" /><E102/><V88/><F79/><W75/><G75/><T65/><D65/><U77/><E77/><V42/><F42/><W50/><G61/><T115/><D115/><U114/><E114/><V125/><F125/><W5/><G5/><T40/><D40/><U124/><E124/><V108/><F108/><W37/><G37/><T117/><D117/><U74/><E74/><V45/><REACH who="2" step="1"/><F87/><REACH who="2" ten="180,425,200,185" step="2"/><W1/><G85/><T28/><D28/><U89/><E134/><V91/><F91/><W104/><G19/><T60/><D60/><U26/><E89/><V107/><AGARI ba="1,1" hai="14,17,20,38,39,45,49,55,86,88,94,96,101,107" machi="107" ten="20,8000,1" yaku="1,1,0,1,7,1,54,1,53,1" doraHai="23" doraHaiUra="15" who="2" fromWho="2" sc="180,-21,425,-41,200,93,185,-21" /><INIT seed="2,0,0,4,3,21" ten="159,384,293,164" oya="2" hai0="34,133,89,113,114,78,44,70,8,116,11,51,62" hai1="115,35,95,31,68,91,97,33,28,74,92,22,111" hai2="132,90,81,122,69,108,30,18,5,43,86,41,103" hai3="56,4,96,67,125,63,79,101,36,72,40,29,109"/><V85/><F122/><W126/><G109/><T83/><D34/><U1/><E68/><V59/><F69/><W3/><G29/><T77/><D89/><U107/><E107/><V38/><F132/><W104/><G79/><T55/><D133/><U27/><E74/><V71/><F71/><W16/><G72/><T24/><D116/><U9/><E111/><V99/><F5/><W53/><G40/><T131/><D131/><U14/><E1/><V100/><F108/><W118/><G36/><T46/><D24/><U7/><E115/><V52/><F38/><W39/><G39/><T129/><D129/><U73/><E73/><V84/><F30/><W64/><G118/><T130/><D130/><U110/><E110/><V124/><F124/><N who="3" m="47723" /><G16/><T20/><D20/><U121/><E121/><V128/><F128/><W58/><G56/><T123/><D123/><U42/><E42/><N who="2" m="15883" /><F18/><W82/><G82/><T26/><D83/><U87/><E28/><V10/><F10/><AGARI ba="0,0" hai="3,4,10,53,58,63,64,67,96,101,104" m="47723" machi="10" ten="30,1000,0" yaku="18,1" doraHai="21" who="3" fromWho="2" sc="159,0,384,0,293,-10,164,10" /><INIT seed="3,0,0,1,1,25" ten="159,384,283,174" oya="3" hai0="61,125,105,10,17,46,91,134,74,60,50,51,86" hai1="37,98,11,121,68,110,117,114,102,29,31,44,70" hai2="52,80,92,66,23,59,119,82,123,130,13,128,3" hai3="94,38,106,129,90,115,64,67,84,112,73,109,107"/><W99/><G38/><T2/><D74/><U0/><E114/><V111/><F119/><W6/><G6/><T34/><D105/><U47/><E121/><V56/><F3/><W101/><G129/><N who="2" m="49769" /><F111/><W62/><G109/><T100/><D34/><U131/><E131/><V48/><F92/><W75/><G67/><T39/><D39/><U22/><E22/><V104/><F104/><W1/><G1/><T71/><D100/><U122/><E122/><V57/><F123/><W97/><G62/><N who="0" m="24171" /><D71/><U54/><E37/><V77/><F66/><W14/><G64/><T120/><D120/><U8/><E54/><V30/><F82/><W89/><G14/><N who="0" m="7383" /><D2/><U19/><E0/><V4/><F4/><W28/><G28/><T12/><D134/><U35/><E68/><V116/><F116/><W88/><G90/><T43/><D125/><U24/><E70/><V124/><F124/><W9/><G9/><T78/><D50/><U26/><E8/><V42/><F42/><W108/><G108/><T81/><D12/><U87/><E117/><V135/><F135/><W33/><G33/><T65/><D65/><U21/><E110/><V53/><F48/><W132/><G132/><T40/><D40/><U83/><E11/><V72/><F13/><W95/><G107/><T69/><D69/><U58/><E19/><V133/><F133/><W20/><G20/><T76/><AGARI ba="0,0" hai="43,46,51,76,78,81,86,91" m="7383,24171" machi="76" ten="30,1100,0" yaku="8,1" doraHai="25" who="0" fromWho="0" sc="159,11,384,-3,283,-3,174,-5" owari="170,-23.0,381,48.1,280,8.0,169,-33.1" /></mjloggm>