<mjloggm ver="2.3"><GO type="225" lobby="0"/><UN n0="%E3%83%97%E3%83%AC%E3%83%B4%E3%82%A1%E3%83%86%E3%82%A3" n1="%E3%82%B2%E3%82%B9%E8%8C%82%E5%8B%9D" n2="%E3%82%A2%E3%82%A4%E3%82%B9%E3%83%86%E3%82%A3%E3%83%BC%E3%81%82%E3%81%B9" n3="%E5%8D%A0%E3%81%84%E5%B8%AB%E8%A3%8F%E3%81%AA%E3%81%84%E3%81%97" dan="16,16,16,16" rate="2092.14,2089.28,2105.51,2179.39" sx="F,F,M,M"/><TAIKYOKU oya="0"/><INIT seed="0,0,0,4,5,1" ten="250,250,250,250" oya="0" hai0="101,24,120,112,70,90,97,23,37,22,103,50,132" hai1="46,69,54,95,57,91,100,49,44,53,129,12,21" hai2="8,30,79,98,123,111,33,80,131,9,36,34,48" hai3="41,74,89,32,127,85,119,2,58,64,6,27,68"/><T17/><D120/><U18/><E129/><V81/><F111/><W11/><G127/><T71/><D112/><U105/><E69/><V3/><F36/><W124/><G124/><T60/><D37/><U10/><E100/><V7/><F123/><W15/><G68/><T75/><D75/><U25/><E105/><V76/><F131/><W82/><G119/><T0/><D132/><U107/><E53/><V93/><F48/><W78/><G41/><T133/><D133/><U72/><E72/><V125/><F125/><W113/><G113/><T63/><D0/><U14/><E107/><V42/><F42/><W84/><G2/><T109/><D109/><U73/><E73/><V117/><F117/><W29/><REACH who="3" step="1"/><G89/><REACH who="3" ten="250,250,250,240" step="2"/><T121/><D121/><U67/><E67/><V59/><F3/><W130/><G130/><T31/><D71/><U134/><E134/><V47/><F79/><W108/><G108/><T92/><D70/><U19/><REACH who="1" step="1"/><E25/><REACH who="1" ten="250,240,250,240" step="2"/><V94/><F76/><W5/><G5/><T43/><D103/><U38/><E38/><V39/><F7/><W99/><G99/><AGARI ba="0,2" hai="10,12,14,18,19,21,44,46,49,54,57,91,95,99" machi="99" ten="30,3900,0" yaku="1,1,7,1,8,1,53,0" doraHai="1" doraHaiUra="104" who="1" fromWho="3" sc="250,0,240,59,250,0,240,-39" /><INIT seed="1,0,0,3,0,53" ten="250,299,250,201" oya="1" hai0="35,9,36,110,34,134,113,12,118,126,6,117,123" hai1="56,90,54,58,27,89,111,105,129,1,101,2,3" hai2="78,49,87,68,44,107,86,60,120,98,31,32,61" hai3="30,106,63,52,92,71,11,64,125,121,45,82,38"/><U59/><E129/><V88/><F120/><W114/><G114/><T18/><D36/><U15/><E111/><V94/><F32/><W130/><G106/><T96/><D113/><U128/><E128/><V83/><F31/><W100/><G121/><T70/><D70/><U29/><E15/><V65/><F61/><W4/><G130/><T42/><D42/><U109/><E109/><V77/><F107/><W25/><G125/><T69/><D69/><U112/><E112/><V48/><F48/><W67/><G82/><T132/><D96/><U93/><E105/><V55/><REACH who="2" step="1"/><F87/><REACH who="2" ten="250,299,240,201" step="2"/><W135/><G135/><N who="0" m="51755" /><D123/><U21/><E101/><AGARI ba="0,1" hai="44,49,55,60,65,68,77,78,83,86,88,94,98,101" machi="101" ten="30,3900,0" yaku="1,1,7,1,54,1,53,0" doraHai="53" doraHaiUra="122" who="2" fromWho="1" sc="250,0,299,-39,240,49,201,0" /><INIT seed="2,0,0,4,3,4" ten="250,260,289,201" oya="2" hai0="124,11,29,60,5,102,71,46,95,85,79,76,41" hai1="72,15,39,12,105,126,54,104,68,38,16,18,21" hai2="61,6,59,82,56,45,19,48,33,110,88,109,62" hai3="42,128,123,69,81,75,55,77,111,89,84,115,66"/><V113/><F33/><W53/><G123/><T8/><D124/><U99/><E126/><V63/><F113/><W108/><G115/><T30/><D71/><U112/><E112/><V116/><F6/><W9/><G128/><T90/><D60/><U135/><E68/><V114/><F114/><W129/><G129/><T14/><D102/><U10/><E135/><V73/><F73/><W125/><G42/><T67/><D67/><U98/><E72/><V106/><F106/><W130/><G130/><T57/><D57/><U24/><E54/><V25/><F116/><W127/><G127/><T83/><D79/><U80/><E80/><V87/><F19/><W44/><G125/><T132/><D11/><U70/><E70/><V103/><F25/><W94/><G44/><T35/><D35/><U31/><E104/><V32/><F103/><W26/><G26/><T27/><D27/><U20/><REACH who="1" step="1"/><E105/><REACH who="1" ten="250,250,289,201" step="2"/><V23/><F32/><W37/><G53/><T118/><D132/><U52/><E52/><N who="2" m="29711" /><F23/><W22/><G22/><T28/><D118/><U120/><E120/><V131/><F131/><W3/><G55/><T13/><D30/><U50/><E50/><V93/><F82/><W117/><G117/><T119/><D119/><U0/><E0/><V7/><F59/><W122/><G122/><T86/><D14/><U17/><E17/><V133/><F133/><W78/><G69/><T65/><D65/><U107/><E107/><V43/><F56/><W36/><G66/><T92/><D92/><U134/><E134/><V101/><F93/><W74/><G94/><T34/><D34/><RYUUKYOKU ba="0,1" sc="250,15,250,15,289,-15,201,-15" hai0="5,8,13,28,29,41,46,76,83,85,86,90,95" hai1="10,12,15,16,18,20,21,24,31,38,39,98,99" /><INIT seed="3,1,1,3,3,47" ten="265,265,274,186" oya="3" hai0="15,43,17,16,133,107,52,105,29,2,13,50,37" hai1="24,90,58,83,106,130,95,8,46,5,79,73,78" hai2="131,22,53,14,82,117,91,61,66,0,135,64,41" hai3="63,125,104,39,80,57,38,108,100,59,18,28,97"/><W35/><G125/><T51/><D2/><U74/><E130/><V1/><F117/><W127/><G127/><T93/><D37/><U9/><E106/><V77/><F41/><W49/><G108/><T110/><D110/><U99/><E58/><V4/><F131/><W10/><G35/><T115/><D115/><U88/><E24/><V102/><F102/><W45/><G28/><T33/><D133/><U68/><E68/><V6/><F91/><W118/><G118/><T25/><D93/><U119/><E119/><V55/><F135/><W48/><G59/><N who="0" m="33175" /><D107/><U12/><E46/><V85/><F1/><W20/><G10/><T124/><D33/><U111/><E111/><V89/><F0/><W71/><G71/><T129/><D105/><U75/><E9/><V56/><F55/><W113/><G113/><T96/><D96/><U72/><REACH who="1" step="1"/><E78/><REACH who="1" ten="265,255,274,186" step="2"/><V23/><F77/><W122/><G122/><T27/><D129/><U101/><AGARI ba="1,2" hai="5,8,12,72,73,74,75,79,83,88,90,95,99,101" machi="101" ten="30,7900,0" yaku="1,1,2,1,0,1,54,1,53,0" doraHai="47" doraHaiUra="69" who="1" fromWho="1" sc="265,-21,255,102,274,-21,186,-40" owari="244,-15.6,357,45.7,253,5.3,146,-35.4" /></mjloggm>