<mjloggm ver="2.3"><GO type="225" lobby="0"/><UN n0="%6D%75%75%6D%75%72%61" n1="%E3%82%A2%E3%83%BC%E3%83%A2%E3%83%AD%E3%83%BC%E3%83%B4%E3%82%A1" n2="%E6%A1%9C%E8%8A%B1%E9%96%83%E3%80%85" n3="%E3%81%86%E3%82%8C%E3%81%9F%E3%82%93%E6%9E%95" dan="16,16,18,16" rate="2184.90,2172.20,2211.63,2110.45" sx="F,M,M,F"/><TAIKYOKU oya="0"/><INIT seed="0,0,0,1,2,90" ten="250,250,250,250" oya="0" hai0="60,32,2,68,108,115,101,26,4,7,109,53,13" hai1="112,121,110,96,70,25,122,126,129,86,94,45,69" hai2="54,91,131,74,114,24,61,130,5,37,43,41,48" hai3="127,33,8,84,107,75,125,46,63,103,82,120,40"/><T31/><D101/><U134/><E110/><N who="0" m="42601" /><D68/><U83/><E129/><V64/><F74/><W34/><G120/><T106/><D106/><U111/><E111/><V59/><F5/><N who="0" m="2122" /><D60/><U102/><E70/><V23/><F114/><W49/><G8/><T42/><D53/><U52/><E69/><N who="2" m="42127" /><F91/><W132/><G132/><T133/><D42/><U119/><E134/><V92/><F92/><W89/><G75/><T56/><D56/><U76/><E112/><V39/><F43/><W14/><G103/><T57/><D57/><U118/><E121/><V124/><F41/><W113/><G107/><T18/><D133/><U79/><E122/><V97/><F59/><W67/><G113/><T3/><D115/><U73/><E102/><V29/><F54/><W100/><G100/><T1/><D1/><U80/><E52/><V99/><F48/><W47/><G47/><T50/><D50/><U17/><E45/><V35/><F39/><W44/><G44/><T51/><D51/><U12/><E73/><V11/><F37/><W98/><G63/><T123/><D123/><U65/><E65/><V6/><F131/><W77/><G67/><T15/><D15/><U117/><E12/><V87/><F130/><W66/><G14/><T30/><D30/><U88/><E117/><V128/><F128/><W28/><G28/><T38/><D38/><U105/><E118/><V55/><F55/><W21/><G66/><T9/><AGARI ba="0,0" hai="2,3,9,13,18,26,31,32" m="2122,42601" machi="9" ten="30,11700,0" yaku="14,1,10,1,34,2" doraHai="90" who="0" fromWho="0" sc="250,117,250,-39,250,-39,250,-39" /><INIT seed="0,1,0,4,0,127" ten="367,211,211,211" oya="0" hai0="2,59,39,11,38,12,41,110,62,51,114,33,40" hai1="57,8,17,55,135,107,72,68,122,60,88,66,133" hai2="47,130,43,10,104,83,71,119,108,106,101,85,86" hai3="102,35,45,50,76,121,37,70,90,13,36,15,95"/><T118/><D114/><U31/><E122/><V61/><F108/><W23/><G121/><T77/><D118/><U80/><E88/><V21/><F119/><W103/><G35/><T115/><D115/><U87/><E107/><V84/><F10/><W24/><G70/><T27/><D2/><U7/><E72/><V65/><F21/><W117/><G76/><T69/><D77/><U73/><E73/><V113/><F113/><W49/><G37/><T5/><D110/><U81/><E17/><V116/><F116/><W112/><G36/><T44/><D41/><U105/><E31/><V74/><F101/><N who="3" m="38411" /><G50/><T32/><D69/><U26/><E26/><V124/><F124/><W98/><G112/><T100/><D100/><U34/><E105/><V129/><F104/><W128/><G128/><N who="2" m="49257" /><F106/><W94/><G94/><T46/><D32/><U111/><E34/><V52/><F52/><N who="3" m="29743" /><G117/><T1/><D33/><U19/><E111/><V42/><F47/><W9/><G9/><T91/><D46/><U132/><E8/><V0/><F0/><W82/><G82/><T58/><D1/><U67/><E80/><V97/><F97/><W63/><G63/><T30/><D62/><U53/><E53/><V92/><F92/><W78/><G78/><AGARI ba="1,0" hai="42,43,61,65,71,74,78,83,84,85,86" m="49257" machi="78" ten="30,7700,0" yaku="19,1,52,3" doraHai="127" who="2" fromWho="3" sc="367,0,211,0,211,80,211,-80" /><INIT seed="1,0,0,3,4,98" ten="367,211,291,131" oya="1" hai0="56,59,60,113,86,120,3,63,131,53,49,46,58" hai1="5,130,79,95,26,75,106,92,64,94,118,19,6" hai2="78,37,11,51,127,35,33,4,25,20,27,90,40" hai3="88,114,116,18,129,66,100,115,9,67,43,22,82"/><U109/><E118/><V93/><F37/><W38/><G116/><T30/><D3/><U45/><E130/><V44/><F127/><W31/><G129/><T122/><D131/><U32/><E106/><V76/><F35/><W23/><G114/><T73/><D73/><U83/><E109/><V125/><F33/><W61/><G115/><T54/><D30/><U135/><E135/><V16/><F27/><W57/><G31/><T29/><D29/><U134/><E134/><V50/><F50/><W117/><G117/><T87/><D113/><U0/><E32/><V105/><F105/><W15/><G67/><N who="0" m="39303" /><D58/><U10/><E64/><V99/><REACH who="2" step="1"/><F125/><REACH who="2" ten="367,211,281,131" step="2"/><W39/><G39/><T7/><D122/><U102/><E26/><V81/><F81/><W89/><G38/><T47/><D120/><U68/><E83/><V124/><F124/><W132/><G132/><T112/><D112/><U84/><E92/><V70/><F70/><W41/><G82/><T128/><D128/><U97/><E94/><V36/><F36/><W42/><REACH who="3" step="1"/><G100/><REACH who="3" ten="367,211,281,121" step="2"/><T108/><D108/><U2/><E102/><V1/><AGARI ba="0,2" hai="1,4,11,16,20,25,40,44,51,76,78,90,93,99" machi="1" ten="20,5200,0" yaku="1,1,0,1,7,1,54,1,53,0" doraHai="98" doraHaiUra="96" who="2" fromWho="2" sc="367,-13,211,-26,281,72,121,-13" /><INIT seed="2,0,0,3,4,64" ten="354,185,353,108" oya="2" hai0="53,76,48,6,98,100,38,92,84,80,77,107,87" hai1="125,10,70,128,71,60,127,116,114,99,37,15,51" hai2="11,33,41,22,59,61,73,50,126,91,93,134,79" hai3="90,39,123,72,117,124,7,58,56,86,118,129,83"/><V120/><F120/><W94/><G123/><T88/><D38/><U14/><E114/><V108/><F33/><W69/><G69/><N who="1" m="26122" /><E37/><V111/><F126/><N who="1" m="48137" /><E116/><V24/><F134/><W36/><G129/><T54/><D6/><U95/><E128/><V102/><F102/><W78/><G124/><T135/><D135/><U85/><E60/><V23/><F11/><W27/><G39/><T104/><D76/><U44/><E85/><N who="2" m="52463" /><F79/><W19/><G7/><T113/><D113/><U16/><E15/><V68/><F73/><W65/><G36/><T96/><REACH who="0" step="1"/><D48/><REACH who="0" ten="344,185,353,108" step="2"/><U57/><E51/><V1/><F50/><W122/><G122/><T52/><D52/><U5/><E5/><V67/><F1/><W101/><G118/><T75/><D75/><U28/><E44/><V8/><F67/><W42/><G117/><T32/><D32/><U3/><E3/><V12/><F111/><W81/><G65/><T4/><D4/><U119/><E119/><V109/><F108/><W132/><G132/><T74/><D74/><U35/><E35/><V106/><F109/><W20/><REACH who="3" step="1"/><G42/><REACH who="3" ten="344,185,353,98" step="2"/><T45/><D45/><U110/><E110/><V55/><F41/><W97/><AGARI ba="0,2" hai="19,20,27,56,58,72,78,81,83,86,90,94,97,101" machi="97" ten="30,4000,0" yaku="1,1,2,1,0,1,53,0" doraHai="64" doraHaiUra="0" who="3" fromWho="3" sc="344,-10,185,-10,353,-20,98,60" /><INIT seed="3,0,0,4,0,31" ten="334,175,333,158" oya="3" hai0="84,122,118,107,18,22,69,73,58,15,85,81,19" hai1="115,50,90,40,36,52,126,99,68,63,64,71,0" hai2="45,89,62,100,24,80,57,130,131,5,135,37,11" hai3="32,116,94,123,133,7,12,111,67,44,1,77,53"/><W104/><G116/><T112/><D69/><N who="1" m="42143" /><E0/><V72/><F135/><W125/><G133/><T16/><D118/><U35/><E35/><V27/><F100/><W33/><G125/><T113/><D122/><U102/><E90/><V93/><F45/><W46/><G123/><T132/><D107/><N who="1" m="63967" /><E115/><N who="0" m="44105" /><D132/><U41/><E41/><V10/><F37/><W91/><G104/><T108/><D108/><U121/><E121/><V74/><F27/><W3/><G111/><T25/><D58/><N who="1" m="33047" /><E126/><V75/><F24/><W103/><G77/><N who="0" m="44207" /><D18/><U109/><E109/><V96/><F80/><W129/><G129/><N who="2" m="49161" /><F5/><W61/><G103/><T43/><D43/><U30/><E30/><V51/><F51/><W59/><G1/><T110/><D110/><U106/><E106/><V101/><F101/><W54/><G3/><T105/><D105/><U134/><E134/><V97/><F97/><N who="3" m="57567" /><G33/><T98/><D98/><U20/><E20/><AGARI ba="0,0" hai="15,16,19,20,22,25,84,85" m="44207,44105" machi="20" ten="30,2000,0" yaku="11,1,54,1" doraHai="31" who="0" fromWho="1" sc="334,20,175,-20,333,0,158,0" owari="354,45.4,155,-34.5,333,13.3,158,-24.2" /></mjloggm>