<mjloggm ver="2.3"><GO type="225" lobby="0"/><UN n0="%E5%80%89%E6%A9%8B%EF%BC%A0%E4%BA%8B%E5%8B%99" n1="%4D%50%43%32%38%30%30" n2="%E3%81%BE%E3%81%A8%E3%81%9F" n3="%E3%81%86%E3%82%8C%E3%81%9F%E3%82%93%E6%9E%95" dan="16,16,16,16" rate="2145.31,2137.37,2108.91,2157.40" sx="M,M,M,F"/><TAIKYOKU oya="0"/><INIT seed="0,0,0,1,1,50" ten="250,250,250,250" oya="0" hai0="31,18,109,88,20,102,80,97,103,48,37,70,28" hai1="61,114,83,123,127,51,67,110,47,55,53,44,34" hai2="35,56,2,23,89,99,1,85,52,132,30,9,126" hai3="92,116,81,91,36,29,21,129,24,4,14,26,94"/><T121/><D37/><U62/><E34/><V122/><F122/><W113/><G113/><T95/><D70/><N who="1" m="42351" /><E83/><V124/><F132/><W117/><G129/><T69/><D69/><U11/><E11/><V104/><F35/><W16/><G36/><T119/><D121/><U8/><E8/><V43/><F43/><W130/><G130/><T82/><D119/><U74/><E74/><V13/><F23/><W38/><G38/><T108/><D82/><U120/><E114/><V96/><F30/><N who="0" m="11306" /><D80/><U76/><E76/><V78/><F78/><W5/><G81/><T133/><D133/><U17/><E17/><V25/><F25/><W46/><G26/><N who="0" m="14615" /><D48/><N who="1" m="28807" /><E110/><AGARI ba="0,0" hai="88,95,97,102,103,108,109,110" m="14615,11306" machi="110" ten="30,5800,0" yaku="14,1,10,1,54,1" doraHai="50" who="0" fromWho="1" sc="250,58,250,-58,250,0,250,0" /><INIT seed="0,1,0,5,2,76" ten="308,192,250,250" oya="0" hai0="109,77,126,8,20,22,26,59,124,122,107,131,106" hai1="103,29,72,27,47,97,52,3,34,134,95,32,66" hai2="48,82,35,104,5,94,16,93,58,119,19,38,121" hai3="63,60,54,67,7,49,46,12,21,130,81,100,114"/><T101/><D122/><U90/><E72/><V132/><F38/><W110/><G114/><T115/><D115/><U45/><E3/><V57/><F121/><W89/><G130/><T65/><D101/><U55/><E134/><V91/><F104/><W15/><G110/><T118/><D118/><U128/><E128/><V80/><F35/><W116/><G116/><T31/><D131/><U127/><E34/><V112/><F119/><W33/><G33/><T44/><D8/><U75/><E127/><N who="0" m="48681" /><D44/><U79/><E66/><V98/><F112/><W85/><G100/><T113/><D113/><U13/><E103/><N who="2" m="60879" /><F5/><W125/><G125/><T43/><D43/><U25/><E25/><V4/><F4/><W0/><G21/><N who="0" m="15823" /><D77/><U133/><E133/><V111/><F132/><W24/><G24/><T23/><D109/><U96/><E96/><N who="2" m="57439" /><F111/><W117/><G117/><T2/><D2/><U102/><E102/><V56/><F48/><W129/><G63/><AGARI ba="1,0" hai="20,22,23,59,63,65,106,107" m="15823,48681" machi="63" ten="30,1500,0" yaku="18,1" doraHai="76" who="0" fromWho="3" sc="308,18,192,0,250,0,250,-18" /><INIT seed="0,2,0,4,1,45" ten="326,192,250,232" oya="0" hai0="50,82,31,119,114,84,123,51,70,135,59,37,77" hai1="75,76,101,130,33,57,6,17,41,115,90,118,43" hai2="30,72,4,44,102,36,25,86,22,96,19,116,71" hai3="113,10,18,38,52,58,27,109,7,73,35,14,68"/><T39/><D70/><U78/><E118/><V56/><F72/><W104/><G113/><T108/><D114/><U95/><E115/><V87/><F71/><W99/><G68/><T127/><D119/><U23/><E33/><V65/><F116/><W100/><G109/><T8/><D123/><U134/><E134/><V46/><F4/><W80/><G38/><T74/><D31/><U133/><E133/><V111/><F36/><W112/><G112/><T2/><D39/><U12/><E130/><V29/><F29/><W132/><G132/><T120/><D37/><U0/><E101/><V88/><F86/><W28/><G73/><T98/><D135/><U69/><E69/><V128/><F128/><W85/><G7/><T117/><D117/><U24/><E0/><V79/><F79/><N who="1" m="30249" /><E75/><V13/><F111/><W9/><G85/><T110/><D120/><U15/><E57/><V122/><F122/><W16/><G80/><T60/><D74/><U93/><E93/><N who="2" m="58639" /><F56/><W42/><G42/><N who="1" m="15882" /><E6/><V129/><F65/><W131/><G131/><T5/><D108/><U62/><E62/><V92/><F129/><W97/><G100/><T64/><D110/><U91/><E91/><V67/><F67/><W55/><G104/><T20/><D98/><AGARI ba="2,0" hai="12,15,17,23,24,90,95,98" m="15882,30249" machi="98" ten="30,1000,0" yaku="8,1" doraHai="45" who="1" fromWho="0" sc="326,-16,192,16,250,0,232,0" /><INIT seed="1,0,0,4,0,106" ten="310,208,250,232" oya="1" hai0="54,80,0,69,133,132,89,130,33,24,77,35,42" hai1="34,75,93,8,84,44,116,29,117,32,103,101,16" hai2="23,57,124,88,102,107,15,22,10,52,94,4,47" hai3="9,135,14,71,82,51,25,61,48,128,115,79,99"/><U113/><E113/><V97/><F124/><W31/><G115/><T63/><D0/><U78/><E29/><V49/><REACH who="2" step="1"/><F47/><REACH who="2" ten="310,208,240,232" step="2"/><W125/><G125/><T70/><D133/><U64/><E116/><V86/><AGARI ba="0,1" hai="4,10,15,22,23,49,52,57,86,88,94,97,102,107" machi="86" ten="20,12000,2" yaku="1,1,2,1,0,1,7,1,54,2,53,1" doraHai="106" doraHaiUra="50" who="2" fromWho="2" sc="310,-30,208,-60,240,130,232,-30" /><INIT seed="2,0,0,0,5,33" ten="280,148,370,202" oya="2" hai0="38,28,77,93,60,62,134,40,43,131,49,120,92" hai1="67,74,8,101,10,128,0,53,11,9,68,17,22" hai2="46,103,16,56,52,88,123,118,104,135,70,58,89" hai3="121,65,79,7,83,29,57,115,71,13,73,95,127"/><V50/><F118/><W84/><G121/><T19/><D120/><U100/><E74/><V36/><F70/><W124/><G71/><T32/><D38/><U21/><N who="1" m="2048" /><DORA hai="76" /><U130/><E68/><V116/><F116/><W117/><G13/><T55/><D19/><U78/><E67/><V106/><F135/><W119/><G7/><T47/><D134/><U86/><E0/><V35/><F35/><W39/><G39/><T133/><D133/><U27/><E53/><V90/><F123/><W94/><G29/><T85/><D28/><U108/><E108/><V2/><F2/><W110/><G57/><T66/><D32/><U87/><E78/><V126/><F126/><N who="3" m="48171" /><G65/><T51/><D131/><N who="1" m="50219" /><E22/><V114/><F56/><W18/><G110/><T98/><D66/><U105/><E105/><V61/><F104/><W122/><G122/><T91/><D40/><U107/><E107/><V25/><F106/><W34/><G73/><T54/><D43/><U132/><E132/><V45/><F58/><W113/><G34/><T30/><D30/><U31/><E31/><V82/><F46/><W99/><G18/><T14/><D77/><U4/><E4/><V96/><F16/><W75/><G119/><T64/><D64/><U44/><E44/><V26/><F45/><W69/><G69/><T48/><D47/><U97/><E97/><V80/><F96/><W112/><G117/><T111/><D98/><U63/><E63/><V1/><F61/><W125/><G125/><T81/><D62/><U72/><E72/><V20/><F36/><W12/><G75/><T102/><D111/><RYUUKYOKU ba="0,0" sc="280,-10,148,30,370,-10,202,-10" hai1="17,21,27,86,87,100,101" /><INIT seed="3,1,0,2,4,33" ten="270,178,360,192" oya="3" hai0="92,25,26,20,51,98,4,93,113,6,125,123,24" hai1="31,133,68,77,2,129,18,75,21,87,108,39,32" hai2="106,127,34,99,101,97,27,16,72,36,37,107,69" hai3="66,118,3,100,71,124,117,46,94,7,76,35,62"/><W128/><G35/><T80/><D123/><U95/><E68/><V132/><F69/><W53/><G128/><T103/><D125/><U111/><E39/><V56/><F72/><W104/><G124/><T45/><D113/><U74/><E129/><V42/><F42/><W109/><G104/><T8/><D80/><N who="1" m="47503" /><E133/><V1/><F1/><W122/><G122/><T110/><D110/><N who="1" m="42027" /><E2/><V105/><F132/><W96/><G109/><T0/><D4/><U60/><E60/><V85/><F34/><W83/><G7/><T59/><D59/><U5/><E5/><V14/><F37/><W54/><G3/><T131/><D131/><U41/><E41/><V44/><F36/><W119/><REACH who="3" step="1"/><G46/><REACH who="3" ten="270,178,360,182" step="2"/><T47/><D45/><U48/><E48/><V58/><F44/><W30/><G30/><T55/><D47/><U13/><E95/><V38/><F127/><W22/><G22/><T12/><D0/><U29/><E32/><V126/><F106/><W10/><G10/><T19/><D93/><U115/><E115/><V86/><F126/><W50/><G50/><T130/><D130/><U121/><E121/><V61/><F38/><W102/><G102/><T81/><D81/><U116/><E116/><V57/><F101/><W112/><G112/><T67/><D51/><U73/><AGARI ba="1,1" hai="13,18,21,29,31,73,74,75" m="42027,47503" machi="73" ten="40,1500,0" yaku="14,1" doraHai="33" who="1" fromWho="1" sc="270,-5,178,28,360,-5,182,-8" owari="265,6.5,206,-19.4,355,45.5,174,-32.6" /></mjloggm>