<mjloggm ver="2.3"><GO type="225" lobby="0"/><UN n0="%E5%8F%AF%E5%85%90%E9%82%A3%E7%94%B1%E5%A4%9A" n1="%E3%81%86%E3%81%A9%E3%82%93%E3%81%93" n2="%61%6D%65%6B%69" n3="%E3%81%A8%E3%82%93%E3%81%A8%E3%81%93%E3%81%A8%E3%82%93" dan="17,16,16,16" rate="2225.60,2188.60,2086.73,2118.23" sx="F,M,M,F"/><TAIKYOKU oya="0"/><INIT seed="0,0,0,0,4,8" ten="250,250,250,250" oya="0" hai0="125,90,77,74,61,105,6,110,94,114,97,19,88" hai1="65,63,108,71,43,109,106,101,82,92,68,80,15" hai2="22,12,91,5,113,52,31,58,33,117,2,126,86" hai3="14,35,37,128,132,130,39,69,49,56,98,38,135"/><T95/><D6/><U118/><E106/><V20/><F113/><W10/><G35/><T1/><D1/><U70/><E118/><V45/><F126/><W59/><G98/><N who="0" m="57671" /><D19/><U78/><E43/><V89/><F2/><W51/><G10/><T47/><D47/><U93/><E101/><V21/><F117/><W4/><G4/><T72/><D61/><U0/><E0/><V30/><F33/><W127/><G14/><T25/><D25/><U96/><E15/><V102/><F102/><W131/><G69/><N who="1" m="26730" /><E96/><V41/><F91/><W76/><G76/><T107/><D114/><U115/><E82/><V60/><F5/><W34/><G34/><T66/><D66/><U85/><E115/><V54/><F54/><N who="3" m="31823" /><G127/><T112/><D112/><U122/><E122/><V7/><F7/><W83/><G83/><N who="0" m="45479" /><D125/><U120/><E120/><V16/><F22/><W23/><G23/><T123/><D123/><U32/><E32/><V116/><F21/><W18/><G18/><T111/><D74/><U27/><E27/><V62/><F62/><W104/><G104/><AGARI ba="0,0" hai="90,95,97,104,105,107,110,111" m="45479,57671" machi="104" ten="30,5800,0" yaku="34,2,54,1" doraHai="8" who="0" fromWho="3" sc="250,58,250,0,250,0,250,-58" /><INIT seed="0,1,0,3,1,132" ten="308,250,250,192" oya="0" hai0="71,82,96,62,34,101,30,85,68,23,1,52,55" hai1="65,88,32,69,72,66,111,18,60,27,115,7,134" hai2="36,9,42,49,87,20,123,76,131,127,97,4,43" hai3="47,79,41,90,24,83,89,125,31,70,22,50,81"/><T130/><D1/><U104/><E134/><V48/><F36/><W119/><G119/><T16/><D130/><U51/><E111/><V78/><F123/><W11/><G70/><T100/><D34/><U45/><E72/><V99/><F131/><W35/><G35/><T8/><D30/><U121/><E121/><V12/><F20/><W95/><G125/><T5/><D5/><U17/><E66/><V128/><F128/><W92/><G11/><T105/><D8/><U29/><E7/><V98/><F127/><W14/><G14/><T67/><D101/><U86/><E104/><V56/><F56/><W39/><G39/><T77/><REACH who="0" step="1"/><D71/><REACH who="0" ten="298,250,250,192" step="2"/><U118/><E118/><V114/><F114/><W13/><G13/><AGARI ba="1,1" hai="13,16,23,52,55,62,67,68,77,82,85,96,100,105" machi="13" ten="30,12000,1" yaku="1,1,2,1,7,1,54,2,53,0" doraHai="132" doraHaiUra="112" who="0" fromWho="3" sc="298,133,250,0,250,0,192,-123" /><INIT seed="0,2,0,0,5,26" ten="431,250,250,69" oya="0" hai0="107,112,4,30,108,117,127,55,111,3,121,34,80" hai1="38,12,132,105,126,102,96,101,103,124,46,56,17" hai2="33,83,5,35,52,110,89,73,1,100,0,2,128" hai3="123,131,13,50,64,134,7,9,61,125,120,88,93"/><T118/><D107/><U81/><E132/><V129/><F5/><W130/><G50/><T122/><D55/><U114/><E114/><V119/><F110/><N who="0" m="42026" /><D80/><U27/><E27/><V76/><F119/><N who="0" m="45578" /><D127/><N who="1" m="48683" /><E56/><V97/><F89/><W58/><G134/><T71/><D71/><U62/><E62/><V16/><F16/><W44/><G44/><T42/><D42/><N who="1" m="22871" /><E81/><V20/><F52/><W116/><G116/><T87/><D87/><U115/><E115/><V11/><F11/><AGARI ba="2,0" hai="11,12,17,96,101,102,103,105" m="22871,48683" machi="11" ten="30,1000,0" yaku="18,1" doraHai="26" who="1" fromWho="2" sc="431,0,250,16,250,-16,69,0" /><INIT seed="1,0,0,2,4,96" ten="431,266,234,69" oya="1" hai0="14,48,101,9,87,26,33,130,69,68,53,0,47" hai1="123,108,99,18,23,2,125,7,94,52,119,16,98" hai2="100,35,105,93,50,92,58,22,127,129,134,112,54" hai3="5,43,70,29,71,104,73,19,56,11,27,83,28"/><U86/><E119/><V84/><F35/><W25/><G104/><T59/><D0/><U12/><E123/><V113/><F129/><W82/><G43/><T106/><D130/><U4/><E125/><V38/><F38/><W42/><G42/><T49/><D87/><U15/><E2/><V63/><F127/><W62/><G19/><T44/><D33/><U24/><E108/><V32/><F32/><W120/><G120/><T90/><D26/><U10/><E86/><V60/><F134/><W128/><G128/><T114/><D90/><U67/><E67/><V117/><F117/><W76/><G83/><T61/><D114/><N who="2" m="44138" /><F22/><W79/><G76/><T57/><D106/><U88/><E24/><V102/><F105/><W118/><G118/><T116/><D101/><N who="2" m="39018" /><F84/><W37/><G37/><T13/><D116/><U85/><E52/><V80/><F80/><W31/><G70/><T3/><D3/><U17/><E17/><V64/><F63/><W81/><G82/><T89/><D61/><U110/><E110/><V133/><F133/><W21/><G21/><T135/><D135/><U122/><E122/><V72/><F72/><W124/><G124/><T66/><D53/><U107/><E107/><V95/><F95/><W115/><G115/><T40/><D66/><U36/><E36/><V126/><F126/><W46/><G73/><T132/><D132/><U74/><E74/><V103/><N who="2" m="39026" /><V65/><DORA hai="6" /><F65/><W97/><G81/><T20/><D20/><U77/><E77/><V75/><F75/><W51/><G79/><T91/><D40/><U8/><E23/><RYUUKYOKU ba="0,0" sc="431,10,266,10,234,10,69,-30" hai0="9,13,14,44,47,48,49,57,59,68,69,89,91" hai1="4,7,8,10,12,15,16,18,85,88,94,98,99" hai2="50,54,58,60,64,92,93" /><INIT seed="1,1,0,4,3,33" ten="441,276,244,39" oya="1" hai0="44,6,93,57,17,123,100,90,40,21,0,62,106" hai1="36,134,105,45,70,130,23,113,35,89,103,32,98" hai2="5,22,61,71,12,77,108,56,78,75,50,116,54" hai3="16,73,3,101,4,69,37,125,28,83,91,128,112"/><U9/><E113/><V67/><F75/><W52/><G112/><T135/><D135/><U118/><E118/><V121/><F121/><W24/><G69/><T1/><D123/><U59/><E70/><V63/><F116/><W97/><G37/><T13/><D106/><U84/><E134/><V8/><F108/><W46/><G128/><T107/><D107/><U7/><E130/><V76/><F22/><W111/><G111/><T55/><D100/><U15/><E59/><V126/><F126/><W79/><G125/><T51/><D6/><U124/><E124/><V95/><F95/><W74/><G74/><T120/><D120/><U119/><E119/><V41/><F41/><W115/><G115/><T94/><D94/><U11/><E23/><V131/><F131/><W27/><G91/><T48/><D62/><U132/><E132/><V47/><REACH who="2" step="1"/><F76/><REACH who="2" ten="441,276,234,39" step="2"/><W85/><G73/><T42/><D40/><U29/><E11/><V19/><F19/><W25/><G16/><T66/><D66/><U104/><E104/><V122/><F122/><W60/><G28/><T18/><D18/><U86/><E29/><V88/><F88/><W64/><G4/><T53/><D42/><U31/><E31/><V117/><F117/><W82/><G79/><T72/><D72/><U43/><E89/><V99/><F99/><AGARI ba="1,1" hai="0,1,13,17,21,44,48,51,53,55,57,90,93,99" machi="99" ten="30,3900,0" yaku="7,1,52,2" doraHai="33" who="0" fromWho="2" sc="441,52,276,0,234,-42,39,0" /><INIT seed="2,0,0,3,5,36" ten="493,276,192,39" oya="2" hai0="5,11,47,31,62,13,52,77,32,118,57,64,112" hai1="38,35,50,69,80,84,127,121,6,75,122,113,130" hai2="27,39,126,3,16,24,18,91,110,97,89,79,42" hai3="116,67,94,55,95,85,34,96,41,65,102,87,104"/><V90/><F3/><W119/><G34/><T58/><D112/><U101/><E38/><V93/><F126/><W68/><G55/><T28/><D118/><U61/><E113/><V86/><F79/><W72/><G72/><T81/><D47/><U109/><E127/><V17/><F110/><W51/><G104/><T15/><D32/><U133/><E109/><V131/><F131/><W21/><G21/><T70/><D15/><U60/><E35/><V48/><F39/><W98/><G102/><T107/><D107/><U129/><E75/><V8/><F8/><W44/><G68/><T111/><D70/><U73/><E73/><V71/><F71/><W49/><REACH who="3" step="1"/><G44/><REACH who="3" ten="493,276,192,29" step="2"/><T19/><D111/><U10/><E69/><V82/><F91/><W103/><G103/><T100/><D100/><U26/><E101/><V134/><F134/><W25/><G25/><T29/><D52/><U4/><E26/><V63/><F63/><W99/><G99/><T108/><D108/><U123/><E133/><V23/><F27/><W135/><G135/><T54/><D54/><U105/><E60/><V132/><F132/><W20/><G20/><T45/><D45/><AGARI ba="0,1" hai="16,17,18,23,24,42,45,48,82,86,89,90,93,97" machi="45" ten="40,7700,0" yaku="8,1,52,1,54,1" doraHai="36" who="2" fromWho="0" sc="493,-77,276,0,192,87,29,0" /><INIT seed="2,1,0,5,0,81" ten="416,276,279,29" oya="2" hai0="5,31,70,69,0,80,84,109,126,35,88,77,121" hai1="79,49,74,108,8,111,26,123,103,96,131,87,129" hai2="30,86,101,117,39,89,107,132,44,58,28,9,106" hai3="105,93,120,62,25,130,37,11,40,114,71,27,78"/><V16/><F117/><W110/><G105/><T32/><D121/><U48/><E123/><V59/><F132/><W10/><G120/><T36/><D36/><U45/><E74/><V57/><F39/><W94/><G110/><N who="1" m="42026" /><E26/><V17/><F44/><W113/><G78/><T46/><D109/><U56/><E56/><V14/><F17/><W18/><G71/><T82/><D126/><U68/><E68/><V41/><F41/><W21/><G62/><T125/><D125/><U133/><E133/><V24/><F101/><W119/><G119/><T3/><D46/><U65/><E65/><V135/><F135/><W51/><G37/><T53/><D53/><N who="1" m="29839" /><E49/><V15/><F15/><W2/><G51/><T23/><D23/><U98/><E8/><V115/><F115/><W128/><G40/><T61/><D0/><U90/><E79/><V124/><F124/><W55/><G2/><T43/><D43/><U54/><E54/><V52/><F52/><W92/><G55/><T122/><D122/><U19/><E19/><V42/><F42/><W75/><G75/><N who="0" m="43071" /><D31/><U73/><E73/><V91/><F30/><W85/><G27/><T76/><D76/><U22/><E22/><V63/><F63/><W34/><G34/><N who="0" m="12843" /><D61/><U60/><E60/><V99/><F24/><W6/><G114/><T38/><D38/><U33/><E33/><V50/><F28/><W13/><G113/><T112/><D112/><U4/><E4/><V116/><F50/><W29/><G85/><T64/><D64/><U1/><E1/><V83/><F116/><W67/><G67/><T20/><D20/><RYUUKYOKU ba="1,0" sc="416,10,276,-30,279,10,29,10" hai0="3,5,69,70,82,84,88" hai2="9,14,16,57,58,59,83,86,89,91,99,106,107" hai3="6,10,11,13,18,21,25,29,92,93,94,128,130" /><INIT seed="2,2,0,1,4,34" ten="426,246,289,39" oya="2" hai0="58,32,28,98,119,85,129,74,92,111,62,37,23" hai1="20,123,110,35,66,117,26,9,14,90,56,11,118" hai2="82,112,80,47,94,113,104,46,105,93,68,13,126" hai3="7,84,39,127,60,99,38,97,21,64,42,132,4"/><V75/><F68/><W120/><G120/><T116/><D74/><U30/><E90/><V45/><F75/><W78/><G127/><T86/><D32/><U70/><E70/><V12/><REACH who="2" step="1"/><F47/><REACH who="2" ten="426,246,279,39" step="2"/><W25/><G132/><T122/><D122/><U61/><E123/><V124/><AGARI ba="2,1" hai="12,13,45,46,80,82,93,94,104,105,112,113,124,126" machi="124" ten="25,18000,2" yaku="1,1,2,1,0,1,22,2,53,2" doraHai="34" doraHaiUra="77" who="2" fromWho="2" sc="426,-62,246,-62,279,196,39,-62" owari="364,16.4,184,-21.6,475,57.5,-23,-52.3" /></mjloggm>