<mjloggm ver="2.3"><GO type="225" lobby="0"/><UN n0="%E3%81%BF%E3%81%BF%E3%81%9A" n1="%E9%80%86%E9%80%A3%E5%B8%AF%E3%81%AE%E9%AC%BC" n2="%E3%80%90%E3%83%88%E3%83%AA%E3%83%A5%E3%83%95%E3%80%91" n3="%6D%75%75%73%61%6E%6D%75" dan="18,17,16,17" rate="2261.87,2113.71,2058.26,2171.73" sx="M,M,F,F"/><TAIKYOKU oya="0"/><INIT seed="0,0,0,0,2,22" ten="250,250,250,250" oya="0" hai0="58,109,54,50,132,21,82,32,65,73,133,47,76" hai1="117,124,60,34,14,71,85,129,31,51,111,134,13" hai2="92,44,100,23,25,20,83,116,41,91,15,131,94" hai3="29,59,119,66,11,33,70,49,125,130,5,63,110"/><T126/><D126/><U87/><E117/><V10/><F131/><W77/><G119/><T90/><D109/><U95/><E124/><V38/><F116/><W118/><G118/><T113/><D32/><U101/><E111/><V39/><F83/><W46/><G110/><T104/><D104/><U52/><E134/><N who="0" m="51817" /><D113/><U115/><E129/><V103/><F38/><W8/><G125/><T62/><D21/><U17/><E115/><V108/><F20/><W74/><G130/><T42/><D90/><U75/><E75/><V1/><F1/><W114/><G114/><T105/><D105/><U99/><E31/><V84/><F94/><W98/><G77/><T26/><D26/><U122/><E34/><V106/><F106/><W81/><G81/><T24/><D24/><U68/><E122/><V69/><F108/><W107/><G74/><T43/><AGARI ba="0,0" hai="42,43,47,50,54,58,62,65,73,76,82" m="51817" machi="43" ten="30,1500,0" yaku="20,1" doraHai="22" who="0" fromWho="0" sc="250,15,250,-5,250,-5,250,-5" /><INIT seed="0,1,0,1,1,78" ten="265,245,245,245" oya="0" hai0="123,60,113,26,12,93,40,106,38,119,46,114,31" hai1="43,25,125,97,15,100,95,88,2,48,133,57,89" hai2="52,1,105,24,61,44,34,91,120,10,110,63,109" hai3="94,102,66,132,51,71,64,84,20,7,50,13,42"/><T101/><D119/><U134/><E2/><V108/><F120/><W112/><G112/><T82/><D123/><U73/><E73/><V117/><F105/><W30/><G132/><T37/><D93/><U104/><E125/><V5/><F91/><W80/><G71/><T121/><D121/><U70/><E70/><V67/><F67/><N who="3" m="25643" /><G30/><T58/><D12/><U23/><E15/><V21/><F34/><W62/><G62/><T115/><D37/><U75/><E75/><V45/><F117/><W35/><G35/><T53/><D101/><U6/><E6/><V127/><F127/><W16/><G7/><T49/><D106/><U74/><E74/><V28/><REACH who="2" step="1"/><F52/><REACH who="2" ten="265,245,235,245" step="2"/><W103/><G42/><T8/><D60/><AGARI ba="1,1" hai="1,5,10,21,24,28,44,45,60,61,63,108,109,110" machi="60" ten="40,5200,0" yaku="1,1,2,1,14,1,53,0" doraHai="78" doraHaiUra="69" who="2" fromWho="0" sc="265,-55,245,0,235,65,245,0" /><INIT seed="1,0,0,5,3,72" ten="210,245,300,245" oya="1" hai0="129,99,106,92,126,107,57,19,69,16,14,117,52" hai1="122,50,133,113,26,46,96,76,35,100,13,121,1" hai2="33,131,91,68,90,88,61,10,116,125,101,7,110" hai3="51,66,87,29,120,104,109,42,95,124,127,80,22"/><U37/><E1/><V93/><F116/><W79/><G104/><T8/><D69/><U32/><E113/><V123/><F33/><W11/><G120/><T62/><D117/><U60/><E133/><V97/><F110/><W105/><G105/><T98/><D129/><U119/><E119/><V0/><F131/><W78/><G109/><T77/><D126/><N who="3" m="48169" /><G66/><T28/><D28/><U112/><E37/><V85/><F125/><W30/><G95/><T59/><D106/><U2/><E2/><V3/><F123/><W114/><G114/><T15/><D107/><U128/><E112/><V103/><F0/><W54/><G42/><T6/><D77/><N who="3" m="29193" /><G11/><N who="0" m="6239" /><D92/><U82/><E128/><V49/><F103/><W31/><G22/><T44/><D44/><U71/><E122/><V21/><F21/><W43/><G43/><T81/><D81/><U132/><E82/><V65/><F85/><W134/><G134/><T9/><D9/><U83/><E132/><V17/><F101/><W34/><G34/><T86/><D86/><U63/><E121/><V24/><F24/><W73/><G73/><T135/><D135/><U5/><E26/><V56/><F17/><W53/><G51/><N who="0" m="30879" /><D19/><U55/><E35/><V115/><F115/><W108/><G108/><T64/><AGARI ba="0,0" hai="6,8,15,59,62,64,98,99" m="30879,6239" machi="64" ten="30,4000,0" yaku="8,1,54,2" doraHai="72" who="0" fromWho="0" sc="210,40,245,-20,300,-10,245,-10" /><INIT seed="2,0,0,4,1,1" ten="250,225,290,235" oya="2" hai0="107,58,109,72,87,88,91,27,65,74,92,70,129" hai1="20,11,98,130,79,125,73,94,46,40,75,106,66" hai2="6,68,22,95,15,2,135,47,37,134,78,133,111" hai3="5,28,44,69,59,110,54,84,39,108,126,29,42"/><V57/><F68/><W30/><G69/><T89/><D70/><U8/><E130/><V43/><F111/><N who="3" m="42539" /><G126/><T36/><D36/><U48/><E125/><V64/><F2/><W32/><G84/><T127/><D107/><U115/><E115/><V3/><F3/><W12/><G32/><T90/><D127/><U24/><E106/><V51/><F78/><W77/><G77/><T120/><D120/><U101/><E66/><V56/><F95/><W25/><G25/><T80/><D109/><U38/><E38/><V132/><F132/><W26/><G26/><T96/><D129/><U31/><REACH who="1" step="1"/><E79/><REACH who="1" ten="250,215,290,235" step="2"/><V17/><F37/><W18/><G5/><T62/><REACH who="0" step="1"/><D27/><REACH who="0" ten="240,215,290,235" step="2"/><U86/><E86/><V82/><F133/><W60/><G29/><T118/><D118/><U9/><AGARI ba="0,2" hai="8,9,11,20,24,31,40,46,48,73,75,94,98,101" machi="9" ten="30,2000,0" yaku="1,1,0,1,53,0" doraHai="1" doraHaiUra="71" who="1" fromWho="1" sc="240,-5,215,40,290,-10,235,-5" /><INIT seed="3,0,0,1,2,12" ten="235,255,280,230" oya="3" hai0="119,116,10,59,25,127,112,135,105,80,74,101,24" hai1="92,133,6,40,14,104,103,53,0,118,36,107,67" hai2="71,33,34,20,5,110,58,82,126,88,96,97,56" hai3="132,113,122,86,30,13,32,4,121,89,1,2,38"/><W77/><G113/><T129/><D59/><U123/><E123/><V130/><F110/><W44/><G1/><T35/><D10/><U50/><E133/><V43/><F71/><W16/><G132/><T75/><D135/><U98/><E118/><V109/><F109/><W48/><G38/><T45/><D45/><U78/><E67/><V62/><F130/><W28/><G77/><T65/><D24/><U57/><E0/><V134/><F126/><W79/><G79/><T19/><D19/><U22/><E78/><V7/><F43/><W99/><G2/><T21/><D21/><U91/><E103/><V102/><F102/><W72/><G72/><T111/><D80/><U117/><E117/><N who="0" m="45129" /><D65/><U84/><E36/><V51/><F134/><W39/><G39/><T93/><D93/><U66/><E66/><N who="2" m="39239" /><F20/><N who="3" m="11279" /><G32/><T90/><D111/><U115/><E115/><V68/><F68/><W26/><G122/><T15/><D112/><U8/><E40/><V69/><F69/><W61/><G121/><T70/><D70/><U73/><E73/><V85/><F33/><W46/><G4/><N who="2" m="1609" /><F34/><W125/><G125/><T11/><D127/><U124/><E124/><V23/><F23/><N who="3" m="15455" /><G30/><N who="0" m="19919" /><D129/><U37/><E37/><V95/><F82/><N who="3" m="49367" /><G61/><T3/><D3/><U108/><E108/><V42/><F42/><N who="3" m="24599" /><G46/><T76/><D76/><U120/><E120/><V64/><F64/><W114/><G114/><T128/><D128/><U52/><E22/><V49/><F49/><W18/><G18/><N who="0" m="8575" /><D90/><N who="1" m="55575" /><E53/><AGARI ba="0,0" hai="51,53,58,85,88,95,96,97" m="1609,39239" machi="53" ten="30,2000,0" yaku="8,1,54,1" doraHai="12" who="2" fromWho="1" sc="235,0,255,-20,280,20,230,0" owari="235,3.5,235,-16.5,300,40.0,230,-27.0" /></mjloggm>