<mjloggm ver="2.3"><GO type="225" lobby="0"/><UN n0="%E5%90%91%E4%BA%95%E7%A7%80%E5%BE%B3" n1="%E7%99%BD%E6%97%A5%E9%9B%AA%E8%8F%9C" n2="%E6%A1%9C%E8%8A%B1%E9%96%83%E3%80%85" n3="%E3%80%93%E3%81%97%E3%83%BC%E3%82%89%E3%80%93" dan="16,17,16,16" rate="2053.76,2187.84,2158.21,2156.88" sx="M,M,M,M"/><TAIKYOKU oya="0"/><INIT seed="0,0,0,2,3,4" ten="250,250,250,250" oya="0" hai0="74,17,130,47,121,62,29,14,101,82,12,92,99" hai1="122,9,116,76,70,59,77,91,49,32,19,25,114" hai2="127,71,55,68,27,61,51,133,64,100,21,65,2" hai3="129,117,22,10,31,11,41,124,120,119,115,43,107"/><T35/><D121/><U53/><E116/><N who="3" m="44618" /><G107/><T30/><D130/><U132/><E122/><V87/><F133/><W57/><G120/><T97/><D35/><U131/><E70/><V128/><F127/><W20/><G57/><T105/><D47/><U54/><E132/><V33/><F33/><W73/><G73/><T103/><D62/><U72/><E72/><V7/><F128/><W81/><G129/><T112/><D112/><U40/><E131/><V39/><F39/><W46/><G46/><T108/><D108/><U85/><E40/><N who="3" m="15434" /><G81/><T26/><D26/><U52/><E114/><V123/><F123/><W15/><G15/><T79/><REACH who="0" step="1"/><D12/><REACH who="0" ten="240,250,250,250" step="2"/><N who="1" m="7567" /><E32/><V45/><F61/><W93/><G115/><T111/><D111/><U24/><E24/><V44/><F45/><W126/><G31/><T78/><D78/><N who="1" m="30315" /><E25/><V6/><F27/><W28/><G28/><T50/><D50/><U94/><AGARI ba="0,1" hai="49,52,53,54,59,85,91,94" m="30315,7567" machi="94" ten="30,4000,0" yaku="8,1,52,1,54,1" doraHai="4" who="1" fromWho="1" sc="240,-20,250,50,250,-10,250,-10" /><INIT seed="1,0,0,1,1,41" ten="220,300,240,240" oya="1" hai0="83,39,31,125,48,114,127,96,69,71,92,54,65" hai1="134,77,128,107,33,61,126,32,129,93,57,109,20" hai2="19,106,51,55,112,1,3,98,23,11,26,50,89" hai3="76,119,124,86,103,49,28,99,29,53,2,25,45"/><U116/><E107/><V84/><F112/><W64/><G2/><T108/><D114/><U131/><E116/><V60/><F106/><W15/><G119/><T36/><D31/><U90/><E77/><V73/><F73/><W44/><G124/><N who="0" m="47691" /><D83/><U59/><E126/><V7/><F1/><W87/><G64/><T70/><D65/><U102/><E102/><V66/><F98/><W6/><G99/><T52/><D108/><U17/><E134/><V18/><F18/><W113/><G103/><N who="0" m="60807" /><D54/><N who="1" m="33975" /><E59/><AGARI ba="0,0" hai="36,39,48,52,59,69,70,71" m="60807,47691" machi="59" ten="40,2600,0" yaku="18,1,54,1" doraHai="41" who="0" fromWho="1" sc="220,26,300,-26,240,0,240,0" /><INIT seed="2,0,0,3,0,110" ten="246,274,240,240" oya="2" hai0="65,66,102,14,122,54,13,39,31,62,103,48,43" hai1="49,115,3,128,129,15,40,64,118,88,92,81,19" hai2="34,29,67,45,60,82,53,119,6,135,91,47,127" hai3="52,10,50,41,117,98,108,73,9,5,70,85,93"/><V63/><F119/><W33/><G33/><T99/><D122/><U77/><E118/><V90/><F127/><W32/><G32/><T114/><D114/><U106/><E106/><V11/><F135/><W55/><G73/><T83/><D39/><U58/><E3/><V44/><F34/><W17/><G70/><T61/><D43/><U57/><E115/><V22/><F53/><W104/><G104/><T121/><D121/><U76/><E64/><N who="0" m="24681" /><D31/><U107/><E107/><V133/><F133/><W20/><G108/><T134/><D83/><U96/><E40/><V21/><F82/><W111/><G111/><T72/><D72/><U30/><E30/><V84/><F84/><W80/><G117/><T1/><D1/><U36/><E36/><V94/><F94/><W87/><G41/><T59/><D134/><U101/><E101/><N who="0" m="38409" /><D99/><U37/><E37/><V113/><F113/><W74/><G74/><T46/><D46/><U0/><E0/><V35/><F35/><W86/><G80/><T79/><D79/><U23/><E77/><V124/><F124/><W112/><G112/><T4/><D4/><U2/><E2/><N who="2" m="471" /><F29/><W42/><G5/><T25/><D25/><U71/><E71/><V38/><F38/><W97/><G42/><T69/><D69/><U95/><E81/><V24/><F67/><W130/><G55/><T51/><D51/><U78/><E49/><V75/><F75/><W18/><G50/><T68/><D68/><U131/><E95/><V105/><F105/><W28/><G93/><T8/><D8/><N who="3" m="3177" /><G52/><T126/><D126/><U123/><E123/><RYUUKYOKU ba="0,0" sc="246,15,274,15,240,-15,240,-15" hai0="13,14,48,54,59,61,62" hai1="15,19,23,57,58,76,78,88,92,96,128,129,131" /><INIT seed="3,1,0,1,0,66" ten="261,289,225,225" oya="3" hai0="42,84,43,110,2,52,135,80,99,108,56,122,7" hai1="69,131,46,25,20,93,116,92,86,24,53,15,112" hai2="4,134,16,103,105,22,54,124,85,40,48,132,100" hai3="129,14,61,109,117,130,59,118,133,55,104,111,5"/><W71/><G104/><T128/><D122/><U96/><E69/><V74/><F74/><W33/><G33/><T70/><D128/><N who="3" m="49257" /><G5/><T101/><D135/><N who="2" m="51754" /><F124/><W113/><G14/><T30/><D30/><U72/><E72/><V114/><F114/><W65/><G133/><T31/><D31/><U13/><E112/><V17/><F40/><W47/><G47/><T50/><D7/><U23/><E131/><V58/><F4/><W73/><G73/><T78/><D2/><U32/><E32/><V21/><F85/><W44/><G44/><T19/><D19/><N who="2" m="7242" /><F105/><W83/><G83/><T37/><D70/><U95/><E86/><V28/><F21/><W34/><G34/><T120/><D120/><U88/><E23/><V91/><F91/><W67/><G113/><T62/><D37/><U102/><E20/><V11/><F11/><W51/><G67/><T97/><D97/><U49/><E116/><AGARI ba="1,0" hai="51,55,59,61,65,71,109,111,116,117,118" m="49257" machi="116" ten="40,12000,1" yaku="19,1,34,2,52,1" doraHai="66" who="3" fromWho="1" sc="261,0,289,-123,225,0,225,123" owari="261,6.1,166,-33.4,225,-17.5,348,44.8" /></mjloggm>