<mjloggm ver="2.3"><GO type="225" lobby="0"/><UN n0="%E9%89%A2%E5%B7%BB%E3%82%AC%E3%83%96" n1="%E3%81%AF%E3%81%BE%E3%81%A1%E3%83%AA%E3%83%BC%E3%82%B0" n2="%79%79%78%30%31%31%35" n3="%E6%80%AA%E3%81%97%E3%81%99%E3%81%8E%E3%82%8B%E3%83%81%E3%83%BC" dan="16,16,17,16" rate="2084.05,2081.41,2218.82,2126.00" sx="M,M,M,M"/><TAIKYOKU oya="0"/><INIT seed="0,0,0,1,2,117" ten="250,250,250,250" oya="0" hai0="93,7,1,73,105,44,112,103,62,19,135,81,97" hai1="91,8,60,125,121,43,13,50,30,41,80,10,96" hai2="14,119,102,70,113,133,53,114,90,17,74,98,67" hai3="86,77,29,120,37,129,52,21,51,115,72,68,55"/><T16/><D112/><U100/><E125/><V130/><F74/><W94/><G115/><T95/><D135/><U54/><E121/><V66/><F133/><W71/><G37/><T23/><D7/><U22/><E60/><V11/><F130/><W82/><G129/><T76/><D1/><U28/><E8/><V26/><F119/><W123/><G94/><T92/><D62/><U106/><E91/><V15/><F90/><W131/><G72/><T48/><REACH who="0" step="1"/><D23/><REACH who="0" ten="240,250,250,250" step="2"/><U58/><E22/><V132/><F132/><W128/><G131/><T69/><D69/><U99/><E10/><V39/><F70/><W116/><G128/><T36/><D36/><U34/><E34/><V5/><F39/><W47/><G116/><T31/><D31/><U111/><E30/><V12/><F114/><W63/><G21/><T124/><D124/><U126/><E28/><V2/><F113/><W65/><G29/><T108/><D108/><U84/><E111/><V109/><F109/><W46/><G68/><T20/><D20/><U107/><E126/><V9/><F26/><W32/><G32/><T40/><AGARI ba="0,1" hai="16,19,40,44,48,73,76,81,92,93,95,97,103,105" machi="40" ten="30,6000,0" yaku="1,1,0,1,54,1,53,0" doraHai="117" doraHaiUra="134" who="0" fromWho="0" sc="240,70,250,-20,250,-20,250,-20" /><INIT seed="0,1,0,5,0,24" ten="310,230,230,230" oya="0" hai0="44,114,81,98,5,34,20,95,87,123,65,110,108" hai1="71,134,29,75,41,96,94,0,9,42,59,25,113" hai2="118,127,45,60,4,106,112,51,129,10,70,130,99" hai3="79,116,115,121,120,88,132,85,101,97,77,68,27"/><T133/><D114/><U103/><E71/><V12/><F112/><W55/><G68/><T40/><D123/><N who="3" m="47177" /><G115/><T124/><D34/><U92/><E113/><V37/><F37/><W38/><G38/><T125/><D133/><U17/><E75/><V64/><F127/><N who="0" m="48714" /><D5/><U8/><E0/><V93/><F106/><N who="3" m="63791" /><G27/><T72/><D20/><N who="1" m="15527" /><E134/><V111/><F111/><N who="0" m="42538" /><D65/><U52/><E8/><V15/><F15/><W18/><G18/><T7/><D7/><U49/><E9/><V35/><F35/><W57/><G132/><T26/><D26/><U102/><E17/><V66/><F66/><W14/><G14/><T16/><D16/><U119/><E119/><V3/><F12/><W2/><G2/><T62/><D62/><U135/><E135/><V21/><F21/><W43/><G116/><T91/><D72/><U83/><E83/><V117/><F117/><W56/><G43/><T105/><D105/><U76/><E42/><V58/><F118/><W50/><G56/><T28/><D40/><U46/><E41/><N who="2" m="25007" /><F70/><W53/><G55/><T86/><D44/><U89/><E46/><V80/><F80/><AGARI ba="1,0" hai="50,53,57,77,79,80,85,88" m="63791,47177" machi="80" ten="30,2000,0" yaku="13,1,54,1" doraHai="24" who="3" fromWho="2" sc="310,0,230,0,230,-23,230,23" /><INIT seed="1,0,0,0,4,104" ten="310,230,207,253" oya="1" hai0="55,8,1,36,63,131,89,67,40,38,17,109,13" hai1="9,46,135,74,19,96,82,31,61,127,12,103,100" hai2="114,16,128,68,83,126,117,32,21,132,10,97,106" hai3="11,29,15,69,59,115,94,3,51,66,90,98,108"/><U116/><E116/><V28/><F117/><W47/><G115/><T64/><D109/><U35/><E135/><V57/><F68/><W92/><G108/><T85/><D131/><U70/><E127/><V72/><F128/><W25/><G3/><T105/><D105/><U22/><E35/><V93/><F106/><W2/><G2/><T33/><D33/><U107/><E103/><V5/><F132/><W56/><G69/><T125/><D125/><U26/><E46/><V14/><F126/><W75/><G75/><T42/><D1/><U78/><E61/><V134/><F134/><W34/><G92/><T49/><D38/><U0/><E0/><V4/><F114/><W77/><G77/><T133/><D36/><U65/><REACH who="1" step="1"/><E70/><REACH who="1" ten="310,220,207,253" step="2"/><V87/><F32/><W27/><G66/><AGARI ba="0,1" hai="9,12,19,22,26,31,65,66,74,78,82,96,100,107" machi="66" ten="40,12000,1" yaku="1,1,2,1,52,1,53,1" doraHai="104" doraHaiUra="6" who="1" fromWho="3" sc="310,0,220,130,207,0,253,-120" /><INIT seed="1,1,0,0,4,102" ten="310,350,207,133" oya="1" hai0="83,54,76,39,112,84,22,130,101,36,104,66,1" hai1="80,124,116,114,74,117,59,85,132,128,73,77,21" hai2="120,115,0,65,97,13,123,29,60,43,105,72,113" hai3="99,127,44,88,75,93,57,12,134,78,86,62,46"/><U92/><E114/><N who="2" m="43531" /><F0/><W28/><G127/><T126/><D1/><U34/><E34/><V6/><F72/><W131/><G134/><T7/><D7/><U27/><E124/><V30/><F43/><W81/><G131/><T91/><D66/><U4/><E4/><V53/><F53/><W48/><G28/><N who="2" m="10857" /><F13/><W106/><G12/><T19/><D54/><U49/><E128/><V35/><F6/><W79/><G48/><T110/><D130/><U47/><E59/><N who="2" m="37023" /><F35/><W51/><G51/><T82/><D126/><U31/><E117/><V71/><F71/><W103/><G78/><T90/><D39/><U56/><E56/><V61/><F61/><W121/><G121/><T26/><D36/><U98/><E132/><V55/><F55/><AGARI ba="1,0" hai="44,46,55,57,62,75,79,81,86,88,93,99,103,106" machi="55" ten="30,8000,1" yaku="7,1,24,2,52,1,54,1" doraHai="102" who="3" fromWho="2" sc="310,0,350,0,207,-83,133,83" /><INIT seed="2,0,0,2,1,74" ten="310,350,124,216" oya="2" hai0="30,114,16,128,35,57,10,122,67,49,70,47,111" hai1="45,33,101,80,108,84,18,116,2,86,61,92,13" hai2="99,129,60,125,87,78,4,12,134,71,121,29,51" hai3="126,93,82,17,107,1,95,90,19,62,115,102,75"/><V127/><F121/><W124/><G1/><T133/><D122/><U59/><E33/><V58/><F29/><W15/><G115/><T113/><D111/><U112/><E108/><V120/><F120/><W44/><G62/><T77/><D70/><U38/><E2/><V123/><F123/><W26/><G44/><T43/><D128/><U20/><E112/><V55/><F129/><W100/><G107/><T23/><D133/><U119/><E45/><V72/><F72/><W85/><G26/><T14/><D35/><U0/><E0/><V91/><F134/><W27/><G27/><N who="0" m="16767" /><D113/><U22/><E22/><V105/><F4/><W76/><G19/><T117/><D117/><U97/><E38/><V11/><F11/><W7/><G7/><T25/><D25/><U39/><E86/><V65/><F12/><W98/><REACH who="3" step="1"/><G100/><REACH who="3" ten="310,350,124,206" step="2"/><T63/><D114/><U37/><E119/><V81/><REACH who="2" step="1"/><F105/><REACH who="2" ten="310,350,114,206" step="2"/><W8/><AGARI ba="0,2" hai="8,15,17,75,76,82,85,90,93,95,98,102,124,126" machi="8" ten="30,8000,1" yaku="1,1,2,1,0,1,52,1,53,1" doraHai="74" doraHaiUra="9" who="3" fromWho="3" sc="310,-20,350,-20,114,-40,206,100" /><INIT seed="3,0,0,0,4,107" ten="290,330,74,306" oya="3" hai0="23,4,29,14,97,13,82,50,5,8,48,96,10" hai1="85,75,30,113,91,37,111,69,56,132,33,59,61" hai2="49,105,129,121,55,27,35,108,57,118,124,77,52" hai3="122,128,65,11,67,66,127,60,43,84,9,24,39"/><W70/><G122/><T1/><D82/><U103/><E113/><V74/><F27/><W95/><G128/><T79/><D1/><U115/><E115/><V72/><F77/><W73/><G73/><T32/><D32/><U81/><E111/><V80/><F80/><W20/><G127/><T100/><D79/><U130/><E37/><V119/><F49/><W104/><G104/><T117/><D117/><U83/><E132/><V7/><F57/><N who="3" m="37007" /><G39/><T6/><D6/><U3/><E3/><V53/><F7/><W68/><G68/><T42/><D42/><U54/><E103/><V106/><F55/><W78/><G70/><T36/><D36/><U88/><E130/><V135/><F135/><W46/><G46/><T28/><REACH who="0" step="1"/><D100/><REACH who="0" ten="280,330,74,306" step="2"/><U51/><E83/><V58/><F129/><W63/><G43/><T89/><D89/><U0/><E91/><V21/><F35/><W18/><G78/><T17/><D17/><U47/><E88/><V114/><F114/><W133/><G133/><T34/><D34/><U92/><E33/><V86/><F86/><W41/><G41/><T131/><D131/><U94/><E30/><V71/><F71/><N who="3" m="42463" /><G67/><T90/><D90/><U109/><E69/><V26/><F58/><W45/><G45/><T126/><D126/><U16/><E47/><V102/><F102/><W40/><G40/><T38/><D38/><U64/><E0/><V19/><F124/><W120/><G120/><T125/><D125/><U62/><E59/><V123/><F19/><W44/><G44/><T12/><D12/><U93/><E16/><V22/><F26/><RYUUKYOKU ba="0,1" sc="280,10,330,-30,74,10,306,10" hai0="4,5,8,10,13,14,23,28,29,48,50,96,97" hai2="21,22,52,53,72,74,105,106,108,118,119,121,123" hai3="9,11,18,20,24,84,95" owari="290,-11.0,300,10.0,84,-41.6,326,42.6" /></mjloggm>