<mjloggm ver="2.3"><GO type="225" lobby="0"/><UN n0="%E7%A6%8F%E5%8E%9F%E9%81%A5%E3%81%A8%E7%B5%90%E5%A9%9A%E3%81%99%E3%82%8B" n1="%E5%84%AA%40%41%42%43" n2="%E5%8D%A0%E3%81%84%E5%B8%AB%E8%A3%8F%E3%81%AA%E3%81%84%E3%81%97" n3="%E3%81%8B%E3%82%8F%E3%81%A1%E3%82%83%E3%82%93%35%38" dan="17,17,16,16" rate="2117.09,2140.93,2161.53,2185.98" sx="M,M,M,M"/><TAIKYOKU oya="0"/><INIT seed="0,0,0,1,3,53" ten="250,250,250,250" oya="0" hai0="35,114,128,69,38,77,8,119,30,0,95,36,11" hai1="33,52,110,15,63,46,80,127,32,62,18,5,65" hai2="17,111,3,82,23,92,106,26,109,115,120,4,98" hai3="84,7,105,19,118,135,126,39,99,21,16,61,29"/><T42/><D114/><U64/><E110/><N who="2" m="41995" /><F120/><W66/><G118/><T133/><D119/><U13/><E127/><V102/><F115/><W97/><G39/><T122/><D122/><U28/><E80/><V22/><F82/><W50/><G126/><T55/><D128/><U134/><E134/><V57/><F4/><W79/><G7/><T44/><D133/><U2/><E2/><V124/><F3/><W54/><G29/><T96/><D69/><U73/><E73/><V103/><F124/><W48/><G48/><T43/><D77/><U75/><E75/><V12/><F57/><N who="3" m="37167" /><G105/><T51/><D0/><U14/><E5/><V74/><F74/><W24/><G19/><T113/><D113/><U34/><E28/><N who="2" m="17495" /><F106/><W60/><G60/><N who="1" m="23082" /><E52/><V108/><N who="2" m="42003" /><V91/><AGARI ba="0,0" hai="12,17,23,91,92,98,102,103" m="17495,42003" machi="91" ten="40,2700,0" yaku="4,1,14,1" doraHai="53" who="2" fromWho="2" sc="250,-13,250,-7,250,27,250,-7" /><INIT seed="1,0,0,4,1,25" ten="237,243,277,243" oya="1" hai0="28,23,2,97,91,77,83,82,46,35,15,68,80" hai1="71,12,87,64,8,105,101,108,22,49,94,7,107" hai2="54,0,92,100,78,9,47,16,131,113,86,127,50" hai3="124,95,119,118,128,10,60,39,116,129,106,89,62"/><U41/><E71/><V103/><F127/><W126/><G106/><T81/><D68/><U104/><E64/><V133/><F133/><W4/><G10/><T21/><D2/><U38/><E38/><V5/><F131/><N who="3" m="50251" /><G4/><T70/><D70/><U52/><E41/><V132/><F132/><W67/><G39/><T109/><D109/><U48/><E48/><V69/><F69/><N who="3" m="42215" /><G62/><T65/><D65/><U130/><E108/><V19/><F113/><W55/><G55/><T98/><D46/><U102/><E130/><V26/><F19/><W1/><G1/><T74/><D35/><U114/><E114/><V112/><F112/><W44/><G44/><T72/><D28/><U93/><E22/><V51/><F51/><W57/><G57/><T27/><D23/><U110/><E110/><V40/><F54/><W125/><G95/><T33/><D33/><U88/><REACH who="1" step="1"/><E93/><REACH who="1" ten="237,233,277,243" step="2"/><V135/><F92/><W115/><G89/><T31/><D91/><U111/><E111/><V79/><F135/><W66/><G115/><T84/><D15/><U134/><E134/><V24/><F40/><W30/><G66/><T85/><D85/><U37/><E37/><V61/><F86/><W90/><G90/><T123/><D123/><U121/><E121/><V13/><F0/><W73/><G73/><T76/><D76/><U117/><E117/><V14/><F78/><W6/><G30/><T122/><D122/><U96/><E96/><V34/><F79/><W3/><G118/><T59/><D74/><U56/><AGARI ba="0,1" hai="7,8,12,49,52,56,87,88,94,101,102,104,105,107" machi="56" ten="30,11700,0" yaku="1,1,0,1,54,2,53,0" doraHai="25" doraHaiUra="32" who="1" fromWho="1" sc="237,-39,233,127,277,-39,243,-39" /><INIT seed="1,1,0,3,2,19" ten="198,360,238,204" oya="1" hai0="84,61,60,131,0,23,42,43,46,85,97,16,91" hai1="68,62,96,21,78,70,103,2,22,1,81,100,75" hai2="58,51,92,38,15,107,71,24,11,25,36,106,20" hai3="3,44,37,104,13,121,99,102,126,88,47,89,52"/><U119/><E119/><V34/><F71/><W32/><G3/><T6/><D131/><U12/><E1/><V77/><F77/><W114/><G121/><T117/><D117/><U57/><E2/><V83/><F83/><W59/><G114/><T64/><D0/><U45/><E103/><V67/><F34/><W72/><G32/><T26/><D6/><U41/><E12/><V5/><F25/><W65/><G72/><T124/><D124/><U128/><E70/><V133/><F133/><W90/><G126/><T27/><D27/><U86/><E68/><V80/><F80/><W113/><G113/><T134/><D134/><U69/><E69/><V55/><F67/><W4/><G65/><T108/><D108/><U111/><E75/><V125/><F92/><N who="3" m="58727" /><G37/><T120/><D120/><U76/><E76/><V8/><F8/><N who="3" m="4231" /><G104/><T66/><D66/><N who="1" m="39247" /><E128/><V49/><F125/><W79/><G79/><T30/><D64/><U35/><E35/><V132/><F132/><W53/><G53/><T129/><D129/><U123/><E123/><V10/><F38/><W56/><G56/><T95/><D46/><U135/><E111/><V54/><F36/><W73/><G73/><T127/><D127/><U101/><E135/><V93/><F107/><W33/><G33/><T40/><D30/><U17/><E101/><V7/><F106/><W87/><G87/><AGARI ba="1,0" hai="16,23,26,40,42,43,60,61,84,85,87,91,95,97" machi="87" ten="40,5200,0" yaku="8,1,52,1,54,1" doraHai="19" who="0" fromWho="3" sc="198,55,360,0,238,0,204,-55" /><INIT seed="2,0,0,5,2,88" ten="253,360,238,149" oya="2" hai0="93,50,135,77,69,57,81,116,128,26,129,34,43" hai1="9,101,79,123,112,132,72,37,78,18,96,20,2" hai2="15,41,13,46,55,38,19,35,106,40,126,54,80" hai3="42,90,122,100,103,61,131,32,89,1,117,109,85"/><V49/><F106/><W110/><G1/><T74/><D69/><U107/><E112/><V56/><F35/><W130/><G32/><T98/><D135/><U16/><E132/><V29/><F29/><W127/><G61/><T66/><D116/><U48/><E37/><V11/><F126/><W95/><G42/><T67/><D26/><U10/><E123/><V22/><F80/><N who="3" m="49319" /><G117/><T36/><D36/><U53/><E72/><V47/><REACH who="2" step="1"/><F56/><REACH who="2" ten="253,360,228,149" step="2"/><W76/><G127/><T14/><D34/><U97/><E107/><V58/><F58/><W83/><G122/><T25/><D57/><U30/><E30/><V125/><F125/><W75/><G103/><T121/><D121/><U68/><E101/><V62/><F62/><W60/><G60/><T113/><D81/><U12/><E68/><V114/><F114/><W71/><G100/><T102/><D113/><U44/><E2/><V17/><AGARI ba="0,1" hai="11,13,15,17,19,22,38,40,41,46,47,49,54,55" machi="17" ten="20,3900,0" yaku="1,1,0,1,7,1,53,0" doraHai="88" doraHaiUra="86" who="2" fromWho="2" sc="253,-13,360,-13,228,49,149,-13" /><INIT seed="2,1,0,0,5,110" ten="240,347,277,136" oya="2" hai0="53,58,114,39,97,89,87,36,103,86,34,5,21" hai1="77,132,124,27,2,101,98,13,108,49,50,32,106" hai2="78,109,56,93,111,71,83,121,112,96,117,92,135" hai3="12,46,95,68,14,15,44,30,4,116,22,115,19"/><V84/><F71/><W18/><G68/><T7/><D34/><U120/><E2/><V107/><F117/><W45/><G116/><T69/><D114/><U61/><E108/><N who="2" m="41547" /><F121/><W11/><G30/><T123/><D69/><U26/><E61/><V40/><F135/><W72/><G72/><T65/><D65/><U105/><E32/><V9/><F40/><W29/><G29/><T118/><D123/><U73/><E73/><V33/><F33/><W99/><G115/><T52/><D21/><U85/><E124/><V16/><F112/><W119/><G119/><T125/><D125/><U1/><E1/><V23/><F9/><W48/><G15/><T20/><D20/><U76/><E132/><V67/><F107/><W24/><G24/><T127/><D127/><U10/><E10/><V102/><F56/><W128/><G128/><T31/><D31/><U17/><E106/><N who="2" m="63815" /><F67/><W42/><REACH who="3" step="1"/><G4/><REACH who="3" ten="240,347,277,126" step="2"/><T59/><D5/><U129/><E129/><V66/><F66/><W47/><G47/><T64/><D7/><U3/><E120/><V55/><F55/><W100/><AGARI ba="1,1" hai="11,12,14,18,19,22,42,44,45,46,48,95,99,100" machi="100" ten="20,8000,1" yaku="1,1,0,1,7,1,8,1,53,1" doraHai="110" doraHaiUra="88" who="3" fromWho="3" sc="240,-21,347,-21,277,-41,126,93" /><INIT seed="3,0,0,5,0,86" ten="219,326,236,219" oya="3" hai0="15,5,91,99,30,112,68,98,75,66,96,85,81" hai1="26,59,40,122,4,16,58,36,111,51,135,54,65" hai2="72,123,8,0,103,101,90,44,52,134,83,47,53" hai3="33,87,67,120,12,25,39,2,62,82,57,73,55"/><W93/><G2/><T42/><D112/><U128/><E122/><V118/><F118/><W126/><G120/><T22/><D75/><U94/><E4/><V3/><F123/><W56/><G39/><T70/><D42/><U43/><E36/><V18/><F72/><W69/><G126/><T17/><D66/><U119/><E111/><V7/><F134/><W38/><G38/><T63/><D63/><N who="1" m="38135" /><E128/><V60/><F60/><W21/><G73/><T129/><D129/><U97/><E119/><V76/><F18/><W13/><G93/><T132/><D132/><U23/><E135/><V109/><F109/><W89/><G33/><T1/><D30/><U116/><E116/><V24/><F7/><W125/><G125/><T106/><D106/><U10/><E10/><V117/><F8/><W49/><REACH who="3" step="1"/><G69/><REACH who="3" ten="219,326,236,209" step="2"/><T64/><D68/><U46/><E46/><V130/><F47/><W92/><G92/><T9/><D70/><U110/><E110/><V88/><F44/><W121/><G121/><T28/><D64/><U29/><E29/><AGARI ba="0,1" hai="12,13,21,25,29,49,55,56,57,62,67,82,87,89" machi="29" ten="30,11600,0" yaku="1,1,7,1,8,1,52,1,53,0" doraHai="86" doraHaiUra="104" who="3" fromWho="1" sc="219,0,326,-116,236,0,209,126" owari="219,-18.1,210,-29.0,236,3.6,335,43.5" /></mjloggm>