<mjloggm ver="2.3"><GO type="225" lobby="0"/><UN n0="%E7%AD%89%E3%80%85%E5%8A%9B%E5%8A%87%E5%A0%B4" n1="%E3%81%AF%E3%82%88%E3%81%8A%E3%81%98%E3%81%95%E3%82%93" n2="%E3%81%86%E3%82%8B%E3%81%8A%E3%81%A1%E3%82%83" n3="%6E%69%63%6B%6C%6F%77" dan="16,17,16,16" rate="2152.67,2205.26,2082.17,2101.55" sx="M,M,F,F"/><TAIKYOKU oya="0"/><INIT seed="0,0,0,0,4,47" ten="250,250,250,250" oya="0" hai0="125,36,53,10,41,7,46,1,129,79,103,22,105" hai1="50,34,49,35,57,120,43,62,98,19,110,130,29" hai2="18,64,23,107,113,95,92,72,114,2,30,73,84" hai3="131,70,97,82,17,133,76,135,106,59,112,99,26"/><T52/><D129/><U66/><E120/><V13/><F107/><W54/><G70/><T4/><D125/><U108/><E130/><V11/><F64/><W27/><G112/><T71/><D71/><U60/><E43/><V81/><F73/><W115/><G115/><T56/><D7/><U15/><E98/><N who="3" m="37386" /><G17/><T111/><D111/><N who="1" m="42539" /><E62/><V101/><F72/><W100/><G100/><T119/><D119/><U37/><E37/><V93/><F101/><W32/><G32/><N who="1" m="12330" /><E29/><V6/><REACH who="2" step="1"/><F30/><REACH who="2" ten="250,250,240,250" step="2"/><W33/><G131/><T8/><D103/><U21/><AGARI ba="0,1" hai="15,19,21,49,50,57,60,66" m="12330,42539" machi="21" ten="30,4000,0" yaku="14,1,52,2" doraHai="47" who="1" fromWho="1" sc="250,-20,250,50,240,-10,250,-10" /><INIT seed="1,0,0,4,3,75" ten="230,300,230,240" oya="1" hai0="97,119,94,114,87,125,85,127,129,56,111,118,15" hai1="95,98,24,76,130,59,40,83,21,12,48,25,43" hai2="52,31,109,121,110,13,14,70,30,37,105,42,124" hai3="26,35,68,38,5,102,65,3,55,108,89,88,28"/><U58/><E130/><V57/><F105/><W29/><G108/><N who="2" m="41577" /><F70/><W33/><G38/><T66/><D111/><U84/><E12/><N who="2" m="4715" /><F121/><W107/><G55/><T6/><D66/><U72/><E72/><V62/><F124/><N who="0" m="47690" /><D56/><N who="1" m="21547" /><E48/><V117/><F117/><N who="0" m="44554" /><D15/><U78/><E76/><V19/><F19/><W16/><G16/><T116/><D6/><U0/><E0/><V47/><AGARI ba="0,0" hai="30,31,37,42,47,52,57,62" m="4715,41577" machi="47" ten="30,2000,0" yaku="14,1,54,1" doraHai="75" who="2" fromWho="2" sc="230,-5,300,-10,230,20,240,-5" /><INIT seed="2,0,0,1,1,67" ten="225,290,250,235" oya="2" hai0="90,95,92,116,30,78,35,77,17,113,16,2,117" hai1="43,79,132,101,49,36,41,124,93,81,65,18,34" hai2="91,46,107,20,99,56,13,57,119,59,51,1,69" hai3="66,74,85,53,70,14,27,121,7,106,76,25,60"/><V135/><F119/><N who="0" m="45642" /><D2/><U52/><E34/><V125/><F1/><W63/><G121/><T72/><D72/><U24/><E36/><V120/><F120/><W88/><G106/><T11/><D113/><U115/><E115/><V4/><F125/><W127/><G127/><T50/><D35/><U103/><E124/><V75/><F75/><W38/><G38/><T80/><D30/><U48/><E65/><V82/><F135/><W96/><G96/><T39/><D39/><U97/><E101/><V98/><F69/><W112/><G112/><T118/><N who="0" m="45650" /><T87/><DORA hai="71" /><D50/><U134/><E49/><V19/><F107/><W61/><G76/><N who="0" m="29291" /><D11/><U100/><E103/><V31/><F4/><W64/><G74/><T42/><D42/><U32/><E32/><V47/><F31/><W0/><G0/><T26/><D26/><N who="3" m="9737" /><G53/><T84/><D95/><U108/><E108/><V9/><F9/><N who="3" m="4415" /><G70/><T37/><D37/><U45/><E132/><V55/><REACH who="2" step="1"/><F47/><REACH who="2" ten="225,290,240,235" step="2"/><W58/><G58/><T105/><D105/><U5/><E5/><V28/><F28/><W86/><G86/><AGARI ba="0,1" hai="13,19,20,46,51,55,56,57,59,82,86,91,98,99" machi="86" ten="40,3900,0" yaku="1,1,8,1,53,0" doraHai="67,71" doraHaiUra="89,73" who="2" fromWho="3" sc="225,0,290,0,240,49,235,-39" /><INIT seed="2,1,0,3,0,88" ten="225,290,289,196" oya="2" hai0="104,49,117,133,21,121,98,65,7,131,37,61,6" hai1="58,27,84,102,76,95,123,23,82,108,73,14,120" hai2="135,109,101,119,132,63,81,41,46,69,111,44,18" hai3="3,64,19,9,36,94,67,57,130,40,66,33,92"/><V59/><F119/><W86/><G33/><T122/><D37/><U22/><E108/><N who="2" m="41547" /><F81/><W8/><G36/><T70/><D133/><N who="2" m="51274" /><F18/><W68/><G68/><T51/><D131/><U32/><E32/><V26/><F26/><W52/><G3/><T54/><D117/><U71/><E71/><V45/><F101/><W28/><G28/><T127/><D127/><U129/><E129/><V72/><F72/><W43/><G86/><T118/><D118/><U31/><E73/><V83/><F83/><W16/><G130/><T5/><D70/><U50/><E102/><V20/><F20/><W77/><G77/><T34/><D21/><U4/><E23/><V128/><F128/><W56/><G66/><T91/><D65/><U79/><E76/><V115/><F115/><W2/><G2/><T78/><D78/><U11/><E95/><V116/><F116/><W113/><G113/><T134/><D34/><U90/><E79/><V48/><F69/><W85/><G85/><T24/><D24/><U126/><E126/><V75/><F75/><W105/><G105/><T125/><D104/><U39/><E123/><V42/><F41/><W93/><G93/><N who="0" m="56639" /><D125/><U97/><E120/><V74/><F74/><W80/><G80/><T47/><D134/><U100/><E100/><V124/><F124/><W38/><G38/><T30/><D30/><U107/><E39/><V10/><F10/><W112/><G112/><T12/><D122/><U13/><E107/><V25/><F25/><W114/><G114/><T96/><D121/><U53/><E14/><V1/><F1/><W60/><G60/><RYUUKYOKU ba="1,0" sc="225,-30,290,10,289,10,196,10" hai1="4,11,13,22,27,31,50,53,58,82,84,90,97" hai2="42,44,45,46,48,59,63" hai3="8,9,16,19,40,43,52,56,57,64,67,92,94" /><INIT seed="2,2,0,0,2,112" ten="195,300,299,206" oya="2" hai0="3,45,116,42,52,104,51,128,78,19,71,94,111" hai1="109,57,54,10,46,15,43,125,110,89,76,23,34" hai2="24,114,59,39,17,70,101,77,118,96,73,117,107" hai3="91,106,28,67,90,98,80,1,119,20,92,124,60"/><V9/><F114/><W127/><G1/><T130/><D104/><U64/><E34/><V56/><F70/><W5/><G5/><T7/><D71/><U79/><E125/><N who="3" m="48202" /><G106/><T126/><D126/><U68/><E23/><V131/><F39/><W2/><G2/><T120/><D120/><U29/><E29/><V134/><F73/><W93/><G80/><T66/><D66/><U72/><E89/><V133/><F77/><W83/><G83/><T113/><D113/><U65/><E64/><V99/><F99/><W30/><G20/><T58/><D78/><U61/><E72/><V21/><F9/><W8/><G8/><T4/><D111/><N who="1" m="42507" /><E65/><V75/><F75/><W25/><G25/><T135/><D135/><N who="2" m="51722" /><F131/><W55/><G55/><T82/><D52/><U62/><E62/><V48/><F48/><W123/><G119/><AGARI ba="2,0" hai="17,21,24,56,59,96,101,107,117,118,119" m="51722" machi="119" ten="30,11600,0" yaku="20,1,52,3" doraHai="112" who="2" fromWho="3" sc="195,0,300,0,299,122,206,-122" /><INIT seed="2,3,0,3,1,73" ten="195,300,421,84" oya="2" hai0="55,39,62,127,90,51,24,96,131,17,133,118,50" hai1="104,83,84,93,116,94,75,6,15,27,122,47,46" hai2="26,77,59,18,12,74,43,2,102,99,37,20,91" hai3="53,89,112,80,121,123,52,106,125,101,45,32,23"/><V36/><F2/><W10/><G32/><T31/><D39/><U48/><E116/><V72/><F91/><W79/><G10/><T5/><D133/><U124/><E104/><V9/><F72/><W42/><G125/><T70/><D131/><U38/><E75/><V0/><F0/><W14/><G112/><T100/><D127/><U35/><E124/><V66/><F43/><W49/><G121/><T68/><D118/><U19/><E38/><V40/><F40/><W11/><G123/><T113/><D113/><U92/><E122/><V57/><F36/><W61/><G106/><T67/><D70/><U130/><E130/><V25/><F25/><W33/><G33/><T34/><D5/><U107/><E107/><V129/><F37/><W132/><G132/><T54/><D90/><U81/><E81/><V63/><F59/><W3/><G89/><T110/><D110/><U4/><E35/><V58/><F57/><W109/><G3/><T69/><D69/><U97/><E27/><V85/><F74/><W103/><G23/><T135/><D135/><U88/><E97/><V126/><F129/><W98/><G109/><T82/><D96/><U119/><E119/><V87/><F87/><N who="3" m="48543" /><G61/><T1/><D62/><U115/><E115/><V28/><F126/><W56/><G56/><T64/><D68/><U111/><E111/><V71/><F71/><W44/><G44/><N who="1" m="16938" /><E48/><V128/><F128/><W117/><G117/><T30/><D51/><U7/><E93/><N who="2" m="58735" /><F85/><W65/><G65/><T78/><D64/><U21/><AGARI ba="3,0" hai="4,6,7,15,19,21,83,84,88,92,94" m="16938" machi="21" ten="30,2000,0" yaku="8,1,54,1" doraHai="73" who="1" fromWho="1" sc="195,-8,300,29,421,-13,84,-8" /><INIT seed="3,0,0,3,1,84" ten="187,329,408,76" oya="3" hai0="85,25,80,60,19,118,135,46,22,26,33,12,103" hai1="4,86,55,64,128,47,53,105,99,107,52,32,59" hai2="35,23,127,6,75,83,30,61,98,79,134,95,10" hai3="49,39,129,16,41,3,21,122,92,20,78,132,116"/><W34/><G116/><T48/><D135/><U54/><E32/><V106/><F35/><W1/><G122/><T90/><D118/><U111/><E111/><V27/><F134/><W108/><G34/><T126/><D126/><U71/><E128/><V87/><F61/><W58/><G132/><T89/><D33/><U117/><E117/><V114/><F114/><W94/><G39/><T40/><D103/><U13/><E71/><V72/><F106/><W56/><G129/><T110/><D110/><U2/><E2/><V24/><F24/><N who="0" m="9322" /><D60/><U70/><E70/><V5/><F5/><W131/><G131/><T96/><D96/><U11/><E64/><V51/><F51/><W88/><G108/><T18/><D19/><U63/><E47/><V125/><F127/><W76/><G49/><T36/><D36/><U73/><E73/><V69/><F69/><W45/><G45/><T50/><D48/><U14/><E99/><V112/><F112/><W120/><G120/><T97/><D97/><U29/><E29/><V81/><F72/><W17/><REACH who="3" step="1"/><G41/><REACH who="3" ten="187,329,408,66" step="2"/><T42/><D40/><U57/><E63/><V8/><F125/><W37/><G37/><T77/><AGARI ba="0,1" hai="12,18,22,42,46,50,77,80,85,89,90" m="9322" machi="77" ten="30,4000,0" yaku="8,1,52,2" doraHai="84" who="0" fromWho="0" sc="187,50,329,-10,408,-10,66,-20" owari="237,-16.3,319,11.9,398,49.8,46,-45.4" /></mjloggm>