<mjloggm ver="2.3"><GO type="225" lobby="0"/><UN n0="%E9%BB%92%E9%89%84%E7%8F%A0%E9%9B%AB" n1="%E3%81%8B%E3%82%8F%E3%81%A1%E3%82%83%E3%82%93%35%38" n2="%E3%81%BF%E3%81%BF%E3%81%9A" n3="%E3%81%82%E3%81%B9%E3%81%99%E3%81%91" dan="16,16,16,16" rate="2182.50,2178.46,2169.55,2094.08" sx="M,M,M,M"/><TAIKYOKU oya="0"/><INIT seed="0,0,0,3,5,28" ten="250,250,250,250" oya="0" hai0="30,116,53,60,58,133,41,7,92,113,134,25,42" hai1="90,0,15,19,38,29,118,71,22,13,8,39,16" hai2="105,51,120,68,100,36,89,91,82,127,9,65,83" hai3="104,62,52,108,112,56,98,67,102,123,81,94,126"/><T72/><D72/><U18/><E71/><V37/><F37/><W129/><G112/><T69/><D113/><U70/><E70/><V76/><F76/><W32/><BYE who="2" /><G108/><T97/><D7/><N who="1" m="1127" /><E90/><UN n2="%E3%81%BF%E3%81%BF%E3%81%9A" /><V26/><F120/><W77/><G126/><T106/><D106/><U35/><E39/><V40/><F36/><W2/><BYE who="2" /><G2/><T6/><D6/><U111/><E38/><V27/><F27/><W5/><G5/><UN n2="%E3%81%BF%E3%81%BF%E3%81%9A" /><T11/><D11/><N who="1" m="6207" /><E118/><V23/><F68/><W24/><G129/><T46/><D69/><U96/><E96/><V34/><F9/><W21/><G123/><T132/><D46/><U66/><E66/><V57/><F65/><W61/><G104/><T114/><D114/><U54/><E54/><V20/><F105/><W73/><G32/><N who="0" m="20559" /><D116/><U48/><E48/><V122/><F34/><W74/><G74/><T17/><D17/><N who="1" m="10559" /><E111/><V109/><F51/><W135/><G67/><T49/><D49/><U45/><E45/><V84/><F109/><W86/><G73/><T80/><D80/><U115/><E115/><V64/><F82/><W31/><REACH who="3" step="1"/><G62/><REACH who="3" ten="250,250,250,240" step="2"/><T33/><D33/><U47/><E47/><V117/><F122/><W119/><G119/><T4/><D4/><U101/><E101/><AGARI ba="0,1" hai="41,42,53,58,60,92,97,101,132,133,134" m="20559" machi="101" ten="30,2900,0" yaku="20,1,52,1" doraHai="28" who="0" fromWho="1" sc="250,39,250,-29,250,0,240,0" /><INIT seed="0,1,0,5,2,23" ten="289,221,250,240" oya="0" hai0="42,19,128,113,110,63,106,45,129,121,67,33,64" hai1="5,112,41,120,17,102,55,57,10,72,46,73,79" hai2="115,15,52,27,104,69,118,124,131,105,135,89,12" hai3="58,44,1,70,53,59,22,39,123,100,90,34,47"/><T93/><D106/><U82/><E120/><V88/><F115/><W94/><G123/><T31/><D121/><U37/><E112/><V86/><F69/><W8/><G34/><T103/><D113/><U116/><E116/><V92/><F118/><W84/><G70/><T68/><D67/><U38/><E102/><V134/><F131/><W76/><G76/><T18/><D110/><U2/><E38/><V20/><F124/><W127/><G127/><T85/><D31/><U91/><E73/><V35/><F35/><W77/><G77/><T14/><D33/><U3/><E3/><V96/><F105/><W43/><G100/><T62/><D63/><U29/><E29/><N who="2" m="17639" /><F52/><W133/><G47/><T66/><D66/><U60/><E17/><V9/><F9/><W87/><G133/><N who="2" m="50697" /><F104/><W109/><G53/><T6/><D6/><U25/><E91/><V97/><F97/><W7/><G109/><T32/><D32/><U24/><AGARI ba="1,0" hai="2,5,10,24,25,37,41,46,55,57,60,72,79,82" machi="24" ten="30,8000,1" yaku="0,1,25,2,52,2" doraHai="23" who="1" fromWho="1" sc="289,-41,221,83,250,-21,240,-21" /><INIT seed="1,0,0,0,4,104" ten="248,304,229,219" oya="1" hai0="107,30,45,78,60,27,101,64,65,25,92,7,55" hai1="36,6,75,13,108,57,12,20,23,81,96,56,109" hai2="33,89,94,103,86,129,106,117,74,46,79,93,3" hai3="29,80,50,34,88,68,28,15,112,1,98,97,110"/><U87/><E36/><V16/><F33/><W63/><G112/><T90/><D107/><U21/><E96/><N who="2" m="61799" /><F3/><W135/><G1/><T0/><D78/><U41/><E41/><V71/><F71/><W61/><G110/><N who="1" m="42602" /><E75/><V114/><F117/><W14/><G135/><T40/><D101/><U133/><E133/><V91/><F16/><W95/><G68/><T100/><D100/><U35/><E35/><V85/><F46/><W58/><G98/><T9/><D55/><U8/><E12/><N who="3" m="4650" /><G80/><T72/><D72/><U24/><E24/><V116/><F129/><W76/><G76/><AGARI ba="0,0" hai="6,8,13,20,21,23,56,57,76,81,87" m="42602" machi="76" ten="30,2900,0" yaku="14,1,10,1" doraHai="104" who="1" fromWho="3" sc="248,0,304,29,229,0,219,-29" /><INIT seed="1,1,0,1,3,72" ten="248,333,229,190" oya="1" hai0="100,133,18,25,115,71,131,98,112,105,113,92,65" hai1="78,3,103,86,56,83,108,60,80,39,58,121,75" hai2="134,21,53,1,67,13,33,76,106,30,90,24,111" hai3="109,45,44,128,87,34,130,120,129,0,124,55,117"/><U54/><E121/><V2/><F106/><W66/><G34/><T15/><D133/><U126/><E126/><V119/><F119/><W46/><G0/><T74/><D131/><U38/><E3/><V32/><F67/><W64/><G87/><T69/><D25/><U110/><E103/><V6/><F90/><W88/><G120/><T95/><D74/><U29/><E58/><V81/><F134/><W50/><G88/><T104/><D95/><U31/><E31/><V35/><F111/><N who="1" m="42537" /><E29/><V9/><REACH who="2" step="1"/><F53/><REACH who="2" ten="248,333,219,190" step="2"/><W114/><G109/><T48/><D65/><N who="3" m="25193" /><G117/><T49/><D105/><U85/><E75/><AGARI ba="1,1" hai="1,2,6,9,13,21,24,30,32,33,35,75,76,81" machi="75" ten="40,5200,0" yaku="1,1,52,1,53,1" doraHai="72" doraHaiUra="5" who="2" fromWho="1" sc="248,0,333,-55,219,65,190,0" /><INIT seed="2,0,0,0,5,133" ten="248,278,284,190" oya="2" hai0="23,55,58,53,17,96,98,48,92,41,37,63,33" hai1="7,95,80,76,112,127,109,117,40,106,129,4,90" hai2="30,124,54,16,51,99,64,34,110,47,131,108,43" hai3="36,28,119,118,2,84,121,5,120,46,78,70,38"/><V134/><F124/><W114/><G28/><T71/><D33/><U87/><E112/><V50/><F134/><W13/><G70/><T100/><D98/><U113/><E113/><V75/><F131/><W25/><G114/><T59/><D71/><U132/><E117/><V122/><F122/><W39/><G46/><T32/><D32/><U31/><E132/><V10/><F75/><W8/><G25/><T45/><D37/><U65/><E106/><V6/><F64/><W91/><G78/><T116/><D116/><U19/><E31/><V135/><F135/><W69/><G69/><T77/><D77/><U86/><E129/><V27/><F99/><W21/><G119/><T3/><D3/><U62/><E109/><N who="2" m="42091" /><F6/><W111/><G111/><T85/><D85/><U81/><E40/><V83/><F83/><W60/><G118/><T56/><REACH who="0" step="1"/><D41/><REACH who="0" ten="238,278,284,190" step="2"/><U93/><E76/><V22/><F34/><W11/><G121/><T20/><D20/><U130/><E130/><V79/><F79/><W24/><G120/><T26/><AGARI ba="0,1" hai="17,23,26,45,48,53,55,56,58,59,63,92,96,100" machi="26" ten="20,5200,0" yaku="1,1,0,1,7,1,8,1,53,0" doraHai="133" doraHaiUra="0" who="0" fromWho="0" sc="238,62,278,-13,284,-26,190,-13" /><INIT seed="3,0,0,5,1,19" ten="300,265,258,177" oya="3" hai0="112,101,128,0,104,14,12,83,116,59,126,63,44" hai1="115,76,1,99,26,75,96,127,82,121,103,53,47" hai2="111,40,27,3,20,57,86,54,46,95,110,79,134" hai3="18,90,28,25,78,17,125,108,88,67,66,69,5"/><W124/><G78/><T39/><D116/><U35/><E115/><V93/><F3/><W97/><G5/><T50/><D0/><U122/><E1/><V37/><F134/><W74/><G74/><T8/><D39/><U55/><E127/><N who="3" m="48714" /><G108/><N who="2" m="41513" /><F86/><W31/><G69/><T114/><D126/><U77/><E35/><V11/><F11/><W42/><G42/><T61/><D128/><U120/><E26/><V48/><F79/><W58/><G58/><T30/><D59/><U131/><E131/><V113/><F113/><W45/><G45/><T106/><D44/><U38/><E77/><V62/><F37/><W135/><G135/><T43/><D43/><U119/><E119/><V92/><F95/><N who="3" m="56551" /><G90/><T60/><D112/><U51/><E38/><V2/><F2/><W133/><G31/><AGARI ba="0,0" hai="20,27,31,40,46,48,54,57,62,92,93" m="41513" machi="31" ten="30,2000,0" yaku="14,1,52,1" doraHai="19" who="2" fromWho="3" sc="300,0,265,0,258,20,177,-20" owari="300,40.0,265,-13.5,278,7.8,157,-34.3" /></mjloggm>