<mjloggm ver="2.3"><GO type="225" lobby="0"/><UN n0="%E5%84%AA%40%41%42%43" n1="%E3%81%8F%E3%82%8A%E3%83%94%E3%83%BC" n2="%E8%BE%9B%E5%8F%A3%E3%82%AB%E3%83%AC%E3%83%BC%E3%83%A9%E3%82%A4%E3%82%B9" n3="%E8%81%B7%E6%A5%AD%E3%80%81%E9%A2%A8%32" dan="17,16,16,16" rate="2230.35,2101.06,2176.30,2078.99" sx="M,M,M,M"/><TAIKYOKU oya="0"/><INIT seed="0,0,0,3,3,53" ten="250,250,250,250" oya="0" hai0="131,100,134,20,31,56,66,80,6,40,120,104,94" hai1="1,129,30,119,99,87,33,2,127,65,55,85,13" hai2="126,21,83,113,82,34,111,27,106,78,81,23,89" hai3="49,74,60,28,112,118,135,39,54,7,42,15,36"/><T5/><D120/><U93/><E119/><V130/><F113/><W86/><G74/><T122/><D122/><U96/><E127/><V84/><F126/><W77/><G112/><T50/><D104/><U108/><E108/><V115/><F115/><W22/><G118/><T110/><D134/><U109/><E109/><V48/><F111/><W63/><G135/><T103/><D110/><U10/><E129/><V24/><F130/><W4/><G39/><T29/><D131/><U26/><E65/><V101/><F34/><W88/><G77/><T68/><D68/><U117/><E99/><V17/><F106/><W79/><G79/><T62/><D80/><U105/><E105/><V133/><F101/><N who="0" m="38986" /><D94/><U8/><E8/><V25/><F133/><W51/><G36/><T47/><D20/><U107/><E107/><V125/><F125/><W11/><G7/><AGARI ba="0,0" hai="5,6,7,29,31,40,47,50,56,62,66" m="38986" machi="7" ten="30,2900,0" yaku="8,1,52,1" doraHai="53" who="0" fromWho="3" sc="250,29,250,0,250,0,250,-29" /><INIT seed="0,1,0,4,0,16" ten="279,250,250,221" oya="0" hai0="23,97,90,115,81,103,32,3,8,38,25,57,133" hai1="14,2,42,6,111,1,15,114,86,41,124,92,93" hai2="118,117,113,26,127,52,121,83,7,128,58,11,55" hai3="102,46,125,31,72,104,70,4,51,53,36,74,49"/><T30/><D115/><U68/><E68/><V43/><F121/><W33/><G36/><T99/><D133/><U88/><E114/><V112/><F127/><W108/><G70/><T126/><D38/><U130/><E111/><V106/><F106/><W80/><G108/><T84/><D126/><U82/><E124/><V18/><F43/><N who="1" m="16393" /><E130/><V134/><F128/><W62/><G125/><T116/><D116/><N who="2" m="44650" /><F83/><W24/><G62/><T89/><D3/><U59/><E2/><N who="2" m="503" /><F134/><W20/><G4/><T10/><D32/><U132/><E1/><V79/><F79/><W28/><G80/><T123/><D123/><U77/><E132/><V40/><F40/><W64/><G64/><T78/><D57/><U91/><E59/><V69/><F55/><W12/><G51/><T85/><D78/><U129/><E129/><V101/><F101/><W107/><G102/><T135/><D135/><U5/><E6/><V76/><F76/><W73/><REACH who="3" step="1"/><G31/><REACH who="3" ten="279,250,250,211" step="2"/><T66/><D66/><U21/><E5/><V65/><F65/><W105/><G105/><T67/><D67/><U109/><E109/><V39/><F39/><W131/><G131/><T63/><D63/><U35/><E82/><V22/><F69/><W19/><AGARI ba="1,1" hai="12,19,20,24,28,33,46,49,53,72,73,74,104,107" machi="19" ten="40,5200,0" yaku="1,1,0,1,52,1,53,0" doraHai="16" doraHaiUra="34" who="3" fromWho="3" sc="279,-27,250,-14,250,-14,211,65" /><INIT seed="1,0,0,3,0,101" ten="252,236,236,276" oya="1" hai0="74,124,81,89,61,46,52,4,47,45,111,34,23" hai1="99,12,67,28,56,118,0,130,82,31,112,75,125" hai2="43,79,94,48,96,44,126,108,11,127,27,59,66" hai3="22,80,63,5,50,129,88,122,57,128,32,13,16"/><U120/><E112/><V36/><F108/><W131/><G32/><T100/><D34/><U134/><E0/><V78/><F11/><W40/><G122/><T132/><D111/><U92/><E118/><V17/><F17/><W114/><G114/><T121/><D132/><U68/><E120/><V84/><F27/><W51/><G5/><T10/><D121/><U73/><E68/><V69/><F84/><N who="3" m="50183" /><G40/><T24/><D100/><U95/><E130/><V116/><F116/><W62/><G62/><T33/><D33/><U117/><E125/><N who="2" m="47627" /><F69/><W64/><AGARI ba="0,0" hai="13,16,22,50,51,57,63,64,128,129,131" m="50183" machi="64" ten="30,4000,0" yaku="19,1,54,2" doraHai="101" who="3" fromWho="3" sc="252,-10,236,-20,236,-10,276,40" /><INIT seed="2,0,0,2,4,23" ten="242,216,226,316" oya="2" hai0="33,8,66,44,102,88,105,10,73,26,47,95,42" hai1="70,65,110,96,90,108,99,129,111,77,14,94,2" hai2="101,126,84,37,41,20,118,39,116,83,36,40,135" hai3="119,31,92,62,107,4,75,128,18,17,30,68,104"/><V54/><F135/><W82/><G119/><T67/><D73/><U9/><E2/><V55/><F126/><W78/><G128/><T124/><D124/><U16/><E129/><V106/><F101/><W120/><G120/><T63/><D105/><U97/><REACH who="1" step="1"/><E77/><REACH who="1" ten="242,206,226,316" step="2"/><V91/><F106/><W3/><G78/><T86/><D102/><U38/><E38/><V115/><F116/><W89/><G104/><T130/><D130/><U71/><E71/><V81/><F118/><W103/><G68/><T12/><D88/><U52/><E52/><V64/><F115/><W13/><G89/><T22/><D67/><U45/><E45/><V25/><F64/><W76/><G76/><T15/><D47/><U5/><E5/><V51/><F81/><W43/><G82/><T29/><D44/><U123/><E123/><V7/><F7/><W28/><G4/><T19/><D66/><U117/><E117/><V74/><F55/><W131/><G131/><T1/><D1/><U46/><E46/><V113/><F113/><W21/><G3/><T0/><D0/><U48/><E48/><V121/><F121/><W98/><G107/><T132/><D42/><U27/><E27/><V127/><F127/><W112/><G43/><T87/><D63/><AGARI ba="0,1" hai="9,14,16,63,65,70,90,94,96,97,99,108,110,111" machi="63" ten="40,5200,0" yaku="1,1,14,1,54,1,53,0" doraHai="23" doraHaiUra="35" who="1" fromWho="0" sc="242,-52,206,62,226,0,316,0" /><INIT seed="3,0,0,3,4,73" ten="190,268,226,316" oya="3" hai0="78,24,43,36,80,115,4,103,63,42,19,35,97" hai1="13,40,113,67,79,101,90,41,74,95,34,126,59" hai2="48,47,128,133,130,117,109,11,60,23,1,54,118" hai3="102,66,124,81,27,135,44,111,114,25,29,49,87"/><W61/><G114/><T89/><D115/><U26/><E113/><V131/><F109/><W9/><G124/><T99/><D4/><U33/><E101/><V82/><F133/><W14/><G135/><T69/><D89/><U18/><E126/><V46/><F23/><W68/><G102/><T83/><D83/><U121/><E121/><V71/><F46/><W0/><G29/><T52/><D36/><U119/><E119/><V56/><F71/><W116/><G0/><T51/><D69/><U104/><E104/><V7/><REACH who="2" step="1"/><F82/><REACH who="2" ten="190,268,216,316" step="2"/><W37/><G68/><T32/><D32/><U88/><E33/><V132/><F132/><W129/><G44/><N who="0" m="27751" /><D35/><U39/><E34/><V50/><F50/><W5/><G49/><T107/><D107/><U106/><E106/><V92/><F92/><W30/><G37/><T31/><D63/><U108/><E95/><V22/><F22/><W3/><G61/><T85/><D31/><U28/><E28/><V55/><AGARI ba="0,1" hai="1,7,11,47,48,54,55,56,60,117,118,128,130,131" machi="55" ten="30,4000,0" yaku="1,1,0,1,19,1,53,0" doraHai="73" doraHaiUra="38" who="2" fromWho="2" sc="190,-10,268,-10,216,50,316,-20" /><INIT seed="4,0,0,1,1,97" ten="180,258,266,296" oya="0" hai0="90,58,25,74,104,43,16,12,71,1,38,22,70" hai1="98,125,94,128,123,95,41,46,9,2,64,117,51" hai2="14,93,50,120,49,85,109,72,55,18,28,78,107" hai3="134,7,61,116,68,17,73,65,75,133,118,111,63"/><T79/><D1/><U100/><E123/><V82/><F120/><W89/><G111/><T6/><D104/><U4/><E117/><V35/><F109/><W66/><G7/><T80/><D58/><U112/><E128/><V99/><F107/><W60/><G89/><T40/><D90/><U77/><E125/><V32/><F72/><N who="3" m="27723" /><G17/><T42/><REACH who="0" step="1"/><D38/><REACH who="0" ten="170,258,266,296" step="2"/><U96/><E112/><V19/><F78/><W110/><G110/><T86/><D86/><U91/><E77/><V52/><F85/><W102/><G102/><T37/><D37/><U113/><E113/><V48/><F50/><W84/><G84/><T8/><AGARI ba="0,1" hai="6,8,12,16,22,25,40,42,43,70,71,74,79,80" machi="8" ten="30,11700,0" yaku="1,1,0,1,54,1,53,1" doraHai="97" doraHaiUra="76" who="0" fromWho="0" sc="170,127,258,-39,266,-39,296,-39" /><INIT seed="4,1,0,4,3,126" ten="297,219,227,257" oya="0" hai0="31,11,88,46,135,17,113,37,97,74,71,9,120" hai1="47,93,102,73,2,27,81,15,118,57,43,16,101" hai2="18,39,117,53,19,65,72,21,38,105,80,41,60" hai3="42,86,8,34,134,48,28,119,127,24,54,29,7"/><T20/><D120/><U85/><E118/><V33/><F33/><W84/><G119/><T92/><D71/><U100/><E2/><V98/><F117/><W55/><G127/><T56/><D74/><U89/><E73/><V64/><F53/><W63/><G134/><T83/><D135/><U62/><E27/><V66/><F60/><W94/><G29/><T51/><D113/><U125/><E125/><V3/><F3/><W22/><G34/><T75/><D37/><U133/><E133/><V30/><F30/><W76/><G63/><T13/><D56/><U0/><E0/><V36/><F41/><W128/><G86/><N who="0" m="50271" /><D31/><U121/><E121/><V130/><F130/><W132/><G132/><T26/><D26/><U108/><E108/><V58/><F58/><W67/><G128/><T23/><D20/><N who="1" m="11295" /><E47/><V91/><F21/><W50/><G22/><T131/><D75/><U40/><E81/><V79/><F105/><W35/><G35/><T49/><D131/><U90/><E89/><V59/><F59/><W70/><G70/><T82/><D82/><U122/><E122/><V124/><F124/><W116/><G116/><T107/><D107/><U114/><E114/><V68/><F68/><W61/><G28/><T5/><D5/><U77/><E77/><V1/><F1/><W52/><G76/><T109/><D109/><U6/><E6/><V123/><F123/><W4/><G7/><T115/><D115/><U44/><E44/><V129/><F129/><W45/><G4/><N who="0" m="3239" /><D46/><U110/><E110/><V95/><AGARI ba="1,0" hai="18,19,36,38,39,64,65,66,72,79,80,91,95,98" machi="95" ten="40,1500,0" yaku="0,1" doraHai="126" who="2" fromWho="2" sc="297,-8,219,-5,227,18,257,-5" /><INIT seed="5,0,0,5,0,54" ten="289,214,245,252" oya="1" hai0="25,84,104,4,96,80,74,111,49,3,38,129,90" hai1="130,56,115,121,126,46,108,58,51,100,59,71,41" hai2="125,18,92,1,67,82,127,135,16,36,13,7,34" hai3="131,113,15,109,86,57,73,97,101,89,95,133,65"/><U14/><E100/><V27/><F36/><W50/><G109/><T11/><D38/><N who="1" m="21815" /><E14/><V64/><F82/><W77/><G113/><T66/><D111/><U105/><E105/><V122/><F122/><W62/><G131/><T21/><D129/><U26/><E26/><V123/><F123/><W9/><G133/><T23/><D66/><N who="2" m="25130" /><F92/><W99/><G50/><T124/><D124/><N who="2" m="47690" /><F135/><W17/><REACH who="3" step="1"/><G101/><REACH who="3" ten="289,214,245,242" step="2"/><T60/><D49/><U19/><E108/><V83/><F83/><AGARI ba="0,1" hai="9,15,17,57,62,65,73,77,83,86,89,95,97,99" machi="83" ten="40,5200,0" yaku="1,1,2,1,52,1,53,0" doraHai="54" doraHaiUra="102" who="3" fromWho="2" sc="289,0,214,0,245,-52,242,62" owari="289,8.9,214,-18.6,193,-30.7,304,40.4" /></mjloggm>