<mjloggm ver="2.3"><GO type="225" lobby="0"/><UN n0="%E8%B1%86%59%E5%A4%AA%E9%83%8E" n1="%74%61%6B%75%61%6B%61" n2="%E6%A1%9C%E8%8A%B1%E9%96%83%E3%80%85" n3="%E8%A8%88%E7%AE%97%E6%A9%9F%E8%87%AA%E7%84%B6" dan="16,16,18,17" rate="2032.57,2179.10,2290.12,2223.71" sx="M,M,M,M"/><TAIKYOKU oya="0"/><INIT seed="0,0,0,1,5,117" ten="250,250,250,250" oya="0" hai0="96,63,92,120,78,132,5,18,50,59,8,10,49" hai1="98,23,19,15,66,12,7,45,58,9,24,97,40" hai2="60,125,121,131,11,79,93,114,86,83,28,72,135" hai3="32,111,30,112,57,27,65,22,122,107,87,80,53"/><T75/><D120/><U13/><E66/><V55/><F114/><W82/><G112/><T48/><D132/><U71/><E71/><V62/><F135/><W105/><G111/><T69/><D69/><U89/><E58/><V100/><F131/><W1/><G1/><T67/><D75/><U34/><E34/><V101/><F125/><W47/><G32/><T123/><D123/><U37/><REACH who="1" step="1"/><E89/><REACH who="1" ten="250,240,250,250" step="2"/><V119/><F121/><W102/><G65/><T68/><D68/><U54/><E54/><V133/><F55/><W118/><G57/><T39/><D78/><U33/><E33/><V108/><F133/><W43/><G53/><T126/><D126/><U115/><E115/><V95/><F79/><W110/><G122/><T21/><D39/><U29/><E29/><V0/><F28/><W94/><G30/><T88/><REACH who="0" step="1"/><D5/><REACH who="0" ten="240,240,250,250" step="2"/><U38/><E38/><V6/><F6/><W56/><G118/><T81/><D81/><U36/><E36/><V70/><F70/><W99/><G80/><T25/><AGARI ba="0,2" hai="8,10,18,21,25,48,49,50,59,63,67,88,92,96" machi="25" ten="30,12000,1" yaku="1,1,0,1,8,1,54,1,53,1" doraHai="117" doraHaiUra="85" who="0" fromWho="0" sc="240,140,240,-40,250,-40,250,-40" /><INIT seed="0,1,0,5,5,19" ten="380,200,210,210" oya="0" hai0="61,28,35,116,107,56,31,24,68,40,135,44,100" hai1="43,104,49,122,41,87,82,119,105,96,124,60,64" hai2="81,129,23,8,58,95,123,4,70,98,32,14,94" hai3="93,22,6,10,3,115,78,71,67,2,50,53,112"/><T92/><D116/><U114/><E122/><V99/><F123/><W52/><G2/><T69/><D135/><U106/><E119/><V39/><F70/><W13/><G78/><T125/><D107/><U73/><E73/><V132/><F32/><W46/><G53/><T120/><D125/><U45/><E124/><V121/><F121/><W15/><G93/><T33/><D120/><U101/><E41/><V117/><F117/><W91/><G91/><T9/><D9/><U62/><E114/><V48/><F39/><W128/><G128/><T90/><D100/><U12/><E12/><V26/><F81/><W76/><G76/><T108/><D108/><U131/><E131/><V0/><F0/><W59/><G71/><T118/><D118/><U130/><E130/><V27/><F27/><W65/><G3/><T36/><D31/><U21/><E21/><V126/><F132/><W85/><G85/><T89/><D89/><U75/><E75/><V111/><F111/><W51/><G115/><T103/><D103/><U47/><E47/><V72/><F72/><W83/><G83/><T133/><D35/><U42/><E42/><V110/><F110/><W84/><G84/><T34/><D34/><U102/><E102/><V37/><F126/><W20/><G112/><T127/><D133/><U113/><E113/><V79/><F129/><W17/><G20/><T55/><D127/><U77/><REACH who="1" step="1"/><E60/><REACH who="1" ten="380,190,210,210" step="2"/><V86/><F23/><W29/><G29/><T30/><D30/><U134/><E134/><V80/><F37/><W11/><G22/><T1/><D1/><U74/><E74/><RYUUKYOKU ba="1,1" sc="380,10,190,10,210,-30,210,10" hai0="24,28,33,36,40,44,55,56,61,68,69,90,92" hai1="43,45,49,62,64,77,82,87,96,101,104,105,106" hai3="6,10,11,13,15,17,46,50,51,52,59,65,67" /><INIT seed="0,2,1,3,1,44" ten="390,200,180,220" oya="0" hai0="71,133,132,72,108,98,58,76,81,109,77,73,134" hai1="74,87,38,42,2,49,105,112,55,91,92,60,115" hai2="31,5,84,127,45,69,100,33,21,0,28,70,30" hai3="101,6,111,114,19,56,32,13,99,11,29,9,107"/><T39/><D71/><U75/><E105/><V64/><F33/><W94/><G114/><N who="1" m="43562" /><E38/><V97/><F127/><W131/><G111/><N who="0" m="42571" /><D39/><U18/><E42/><V26/><F84/><W53/><G131/><T22/><D22/><U4/><E60/><V106/><F5/><W130/><G130/><T16/><D58/><N who="1" m="33135" /><E18/><V35/><F69/><W80/><G107/><T113/><D113/><U90/><E90/><V47/><F70/><W78/><G32/><T14/><D98/><U36/><E36/><V3/><F35/><W125/><G125/><T27/><D27/><U102/><E102/><V83/><F26/><W104/><G104/><T62/><D62/><U40/><E40/><V128/><F128/><W54/><G56/><T17/><D14/><U34/><E34/><V135/><F97/><W10/><G29/><T52/><D52/><N who="3" m="20073" /><G19/><N who="0" m="7243" /><D77/><U79/><E79/><V126/><F31/><W46/><G46/><T93/><D93/><U61/><E61/><V117/><F30/><W1/><G13/><T65/><D65/><U118/><E118/><V95/><F64/><W12/><G12/><T8/><D8/><AGARI ba="2,1" hai="2,4,8,74,75,87,91,92" m="33135,43562" machi="8" ten="30,2000,0" yaku="11,1,52,1" doraHai="44" who="1" fromWho="0" sc="390,-26,200,36,180,0,220,0" /><INIT seed="1,0,0,4,5,44" ten="364,236,180,220" oya="1" hai0="133,89,45,95,43,38,112,54,109,132,10,125,111" hai1="18,113,116,101,59,12,122,58,39,83,34,81,94" hai2="92,78,90,64,36,51,22,2,127,8,67,107,47" hai3="48,72,118,37,134,21,97,102,108,53,124,42,103"/><U71/><E71/><V41/><F107/><W82/><G108/><N who="0" m="41547" /><D112/><U104/><E104/><V5/><F127/><W35/><G35/><T91/><D125/><U85/><E122/><V24/><F78/><W30/><G124/><T123/><D123/><U131/><E116/><V84/><REACH who="2" step="1"/><F36/><REACH who="2" ten="364,236,170,220" step="2"/><W33/><G37/><T15/><D133/><U62/><E39/><V76/><F76/><W19/><G134/><T0/><D132/><U119/><E119/><V74/><F74/><W63/><G72/><T60/><D38/><U126/><E126/><V7/><F7/><W117/><G118/><T23/><D43/><U55/><E113/><V87/><F87/><W17/><G117/><T11/><D0/><U77/><E77/><V86/><F86/><W56/><G97/><T13/><D95/><U57/><E85/><V128/><F128/><W31/><G82/><T26/><D10/><U66/><E131/><V100/><F100/><W3/><G3/><T68/><D11/><U69/><E101/><V20/><F20/><W29/><G21/><T4/><D4/><U129/><E94/><V46/><F46/><N who="3" m="25687" /><G33/><T50/><D91/><U106/><E106/><V98/><F98/><W25/><G102/><T135/><D89/><U88/><E129/><V40/><F40/><W93/><G103/><T1/><D135/><U28/><E88/><V105/><F105/><W115/><G115/><T27/><D1/><U32/><E32/><V75/><F75/><W52/><G93/><T6/><D6/><U120/><E81/><V49/><F49/><N who="3" m="30735" /><G25/><N who="0" m="9227" /><D23/><N who="1" m="11719" /><E83/><V14/><F14/><W121/><G121/><RYUUKYOKU ba="0,1" sc="364,10,236,-30,170,10,220,10" hai0="13,15,45,50,54,60,68" hai2="2,5,8,22,24,41,47,51,64,67,84,90,92" hai3="17,19,29,30,31,53,63" /><INIT seed="2,1,1,2,3,16" ten="374,206,180,230" oya="2" hai0="18,72,128,111,37,60,101,6,4,98,134,90,65" hai1="15,113,39,67,54,41,78,108,105,83,100,46,135" hai2="74,99,5,103,49,127,73,52,81,10,64,38,110" hai3="122,45,56,19,92,27,75,97,21,118,59,85,40"/><V51/><F38/><W8/><G75/><T91/><D37/><U25/><E113/><V82/><F127/><W76/><G118/><T95/><D72/><U107/><E108/><V50/><F64/><W120/><G122/><T121/><D111/><U112/><E112/><V36/><F36/><W117/><G117/><T53/><D53/><U86/><E135/><V133/><F133/><W116/><G120/><T88/><D128/><U125/><E125/><V31/><F31/><W42/><G116/><T87/><D121/><U115/><E115/><V48/><F110/><W77/><G8/><T14/><D87/><U84/><E67/><V109/><F109/><W80/><G76/><T30/><D30/><U114/><E114/><V43/><F43/><N who="3" m="16427" /><G45/><T79/><D79/><U47/><E15/><N who="2" m="5583" /><F74/><W68/><G68/><T94/><D94/><U3/><E3/><V26/><F26/><W126/><G126/><T9/><D134/><U104/><E25/><V89/><F89/><AGARI ba="1,1" hai="19,21,27,56,59,77,80,85,89,92,97" m="16427" machi="89" ten="30,2000,0" yaku="8,1,52,1" doraHai="16" who="3" fromWho="2" sc="374,0,206,0,180,-23,230,33" /><INIT seed="3,0,0,2,3,18" ten="374,206,157,263" oya="3" hai0="19,92,57,16,128,46,135,48,115,4,113,6,78" hai1="79,30,125,83,89,27,86,7,102,98,132,95,43" hai2="34,38,10,11,21,99,35,74,67,25,76,64,45" hai3="68,22,100,123,32,108,33,51,58,96,2,69,119"/><W54/><G119/><T9/><D128/><U129/><E125/><V17/><F99/><W84/><G123/><T49/><D78/><U12/><E132/><V75/><F35/><W0/><G108/><T133/><D92/><U42/><E129/><V73/><F76/><W62/><G0/><T52/><D6/><U117/><E117/><V101/><F101/><W47/><G2/><T8/><D8/><U120/><E120/><V71/><F34/><W94/><G68/><T127/><D127/><U66/><E66/><V109/><F109/><W1/><G1/><N who="0" m="143" /><D16/><U90/><E7/><V39/><F67/><W59/><G32/><T70/><D19/><U87/><E12/><V41/><REACH who="2" step="1"/><F38/><REACH who="2" ten="374,206,147,263" step="2"/><W112/><G33/><T134/><D70/><U116/><E116/><V103/><F103/><W20/><G69/><T111/><D111/><U14/><E79/><V97/><F97/><W110/><G110/><T80/><D135/><U65/><E65/><V93/><F93/><W50/><G94/><T126/><D126/><U15/><E102/><V81/><F81/><W61/><G96/><T40/><D80/><U106/><E98/><V63/><AGARI ba="0,1" hai="10,11,17,21,25,39,41,45,63,64,71,73,74,75" machi="63" ten="40,5200,0" yaku="1,1,0,1,52,1,53,0" doraHai="18" doraHaiUra="24" who="2" fromWho="2" sc="374,-13,206,-13,147,62,263,-26" owari="361,46.1,193,-30.7,209,-19.1,237,3.7" /></mjloggm>