<mjloggm ver="2.3"><GO type="225" lobby="0"/><UN n0="%E6%97%A5%E6%9B%9C%E6%97%A5%E3%82%88%E3%82%8A%E3%81%AE%E4%BD%BF%E8%80%85" n1="%E3%81%A0%E3%81%8A" n2="%E6%98%93%E5%88%A9%E8%96%A9%E4%BC%AF" n3="%E3%81%B5%E3%81%98%E3%81%8B%E3%81%A4" dan="16,16,16,16" rate="2095.64,2048.47,2101.01,2114.54" sx="M,M,F,M"/><TAIKYOKU oya="0"/><INIT seed="0,0,0,0,1,29" ten="250,250,250,250" oya="0" hai0="64,134,69,32,68,43,111,105,130,73,127,38,106" hai1="58,1,107,55,49,20,120,135,95,39,67,104,83" hai2="97,78,87,132,124,18,37,53,40,7,0,26,109" hai3="3,60,98,70,2,81,25,115,23,94,30,22,101"/><T31/><RYUUKYOKU type="yao9" ba="0,0" sc="250,0,250,0,250,0,250,0" hai0="31,32,38,43,64,68,69,73,105,106,111,127,130,134" /><INIT seed="0,1,0,4,4,96" ten="250,250,250,250" oya="0" hai0="127,34,59,109,5,20,3,13,115,90,0,18,17" hai1="131,31,102,118,29,33,42,26,65,43,1,14,54" hai2="108,48,9,97,83,86,121,113,77,78,56,16,52" hai3="91,69,66,2,50,44,36,80,82,120,79,8,23"/><T112/><D59/><U68/><E118/><V128/><F108/><W81/><G120/><T57/><D57/><U92/><E1/><N who="0" m="585" /><D90/><U111/><E111/><V19/><F128/><W87/><G36/><T30/><D109/><U119/><E119/><V124/><F124/><W22/><G69/><T101/><D101/><U4/><E131/><V103/><F113/><N who="0" m="43594" /><D127/><U51/><E31/><V133/><F133/><W95/><G66/><T129/><D129/><U105/><E14/><V125/><F121/><W93/><G93/><T110/><D110/><U61/><E4/><V28/><F28/><W12/><G2/><T84/><D84/><U60/><E92/><N who="2" m="58791" /><F125/><W6/><REACH who="3" step="1"/><G79/><REACH who="3" ten="250,250,250,240" step="2"/><N who="2" m="30217" /><F9/><W107/><G107/><T130/><D130/><U15/><E105/><V99/><F99/><W76/><G76/><AGARI ba="1,1" hai="16,19,48,52,56,76,83,86" m="30217,58791" machi="76" ten="30,7700,0" yaku="8,1,52,1,54,2" doraHai="96" who="2" fromWho="3" sc="250,0,250,0,250,90,240,-80" /><INIT seed="1,0,0,3,3,133" ten="250,250,340,160" oya="1" hai0="84,118,24,9,95,72,125,90,35,33,57,14,130" hai1="3,43,31,115,74,34,4,79,117,119,1,104,58" hai2="105,80,93,69,2,51,85,12,86,7,13,44,27" hai3="106,127,29,50,131,128,46,53,40,16,36,66,124"/><U6/><E115/><V110/><F105/><W134/><G29/><T92/><D118/><U62/><E104/><V97/><F69/><W55/><G106/><T82/><D130/><N who="3" m="49705" /><G66/><T78/><D125/><N who="3" m="48201" /><G16/><T61/><D95/><U22/><E43/><V42/><F93/><W73/><G73/><T52/><D24/><U132/><E31/><V76/><F42/><N who="3" m="24919" /><G134/><T103/><D103/><U45/><E132/><V0/><F27/><W8/><G8/><T98/><D72/><U83/><E74/><V121/><F44/><AGARI ba="0,0" hai="36,40,44,53,55" m="24919,48201,49705" machi="44" ten="30,12000,2" yaku="19,1,18,1,34,2,52,3" doraHai="133" who="3" fromWho="2" sc="250,0,250,0,340,-120,160,120" /><INIT seed="2,0,0,2,3,39" ten="250,250,220,280" oya="2" hai0="104,3,32,100,9,75,93,42,64,82,29,102,67" hai1="49,87,115,133,85,83,105,129,16,108,121,120,8" hai2="47,35,119,81,98,12,70,69,14,15,74,38,88" hai3="21,123,4,50,37,89,54,46,107,122,26,79,52"/><V127/><F119/><W30/><G107/><T118/><D104/><U43/><E115/><V113/><F113/><W22/><G37/><T44/><D32/><U124/><E105/><V65/><F127/><W94/><G79/><N who="0" m="44415" /><D29/><U77/><E124/><V90/><F35/><W17/><G4/><N who="0" m="1183" /><D118/><U33/><E33/><V128/><F128/><W80/><G80/><T84/><D84/><U125/><E108/><V11/><F11/><W131/><G131/><T41/><D41/><U53/><E133/><V28/><F28/><W1/><G1/><T111/><D111/><U10/><E125/><V27/><F27/><W2/><G2/><T55/><D55/><U110/><E110/><V48/><F38/><W57/><G57/><T117/><D117/><U63/><E129/><V99/><F74/><W61/><G61/><T86/><D86/><U51/><E63/><V101/><F98/><W62/><G62/><T6/><D6/><U23/><E87/><V45/><F81/><W78/><G78/><T112/><D112/><U25/><E43/><V116/><F116/><W109/><G109/><T19/><D19/><U18/><E49/><V132/><F48/><W130/><G130/><T36/><D93/><U103/><E103/><AGARI ba="0,0" hai="36,42,44,64,67,100,102,103" m="1183,44415" machi="103" ten="30,2000,0" yaku="25,1,52,1" doraHai="39" who="0" fromWho="1" sc="250,20,250,-20,220,0,280,0" /><INIT seed="3,0,0,1,0,102" ten="270,230,220,280" oya="3" hai0="66,83,41,28,45,0,106,38,31,13,108,84,7" hai1="15,126,57,91,97,76,6,50,46,95,48,25,68" hai2="104,2,22,132,113,115,124,123,101,67,116,77,26" hai3="98,60,100,17,40,64,10,18,105,24,70,111,81"/><W112/><G112/><T62/><D0/><U82/><E68/><V1/><F77/><W37/><G111/><T71/><D108/><U131/><E126/><V90/><F67/><W14/><G81/><T49/><D38/><U125/><E125/><V107/><F124/><W121/><G121/><T16/><D7/><U86/><E131/><V5/><F116/><W43/><G37/><T122/><D106/><U119/><E119/><V72/><F72/><W12/><G24/><T96/><D96/><U47/><E25/><V23/><F101/><W103/><G100/><T93/><D93/><U85/><E85/><V128/><F90/><W130/><G130/><T54/><D41/><U61/><E47/><V117/><F128/><W89/><G89/><T11/><D122/><U27/><E27/><V34/><F117/><W109/><G109/><T73/><D73/><U20/><E46/><V69/><F123/><W33/><G33/><T110/><D110/><U52/><REACH who="1" step="1"/><E6/><REACH who="1" ten="270,220,220,280" step="2"/><V88/><F69/><W87/><G87/><T63/><D63/><U59/><E59/><V32/><F26/><W19/><G19/><AGARI ba="0,1" hai="15,19,20,48,50,52,57,61,76,82,86,91,95,97" machi="19" ten="40,5200,0" yaku="1,1,8,1,54,1,53,0" doraHai="102" doraHaiUra="65" who="1" fromWho="3" sc="270,0,220,62,220,0,280,-52" /><INIT seed="4,0,0,4,3,26" ten="270,282,220,228" oya="0" hai0="99,123,55,72,71,41,2,23,100,129,8,107,65" hai1="43,46,125,113,20,13,3,126,35,27,4,60,11" hai2="63,116,122,25,101,37,14,5,105,74,18,111,92" hai3="47,22,132,53,73,96,21,7,133,15,80,76,95"/><T115/><D123/><U24/><E60/><V127/><F111/><W16/><G7/><T78/><D129/><U49/><E113/><V135/><F122/><W79/><G79/><T90/><D115/><U103/><E103/><V52/><F74/><W77/><G77/><T36/><D55/><U30/><REACH who="1" step="1"/><E3/><REACH who="1" ten="270,272,220,228" step="2"/><V84/><F63/><W69/><G69/><T119/><D2/><U91/><E91/><V32/><F116/><W70/><G70/><T98/><D90/><U44/><E44/><V38/><F101/><N who="3" m="60575" /><G47/><T28/><D100/><U106/><E106/><V68/><F105/><W45/><G45/><T58/><D71/><U56/><E56/><V120/><F68/><W81/><G132/><T118/><D58/><U109/><E109/><V97/><F135/><W59/><G133/><T110/><D107/><U104/><E104/><V75/><F120/><W6/><G76/><T33/><D78/><U61/><E61/><V102/><F75/><W54/><G73/><T62/><D72/><U83/><E83/><V114/><F114/><W108/><G108/><T0/><D110/><U51/><E51/><V86/><F127/><W89/><G59/><T40/><D62/><U117/><E117/><V57/><F57/><W64/><G80/><T34/><D119/><U39/><E39/><N who="2" m="14859" /><F52/><N who="3" m="20075" /><G64/><T42/><D65/><U134/><E134/><V88/><F102/><W87/><G6/><N who="0" m="1095" /><D36/><U48/><E48/><V121/><F121/><W85/><G85/><T19/><D118/><U112/><E112/><V50/><F50/><W130/><G130/><T9/><D41/><U31/><AGARI ba="0,1" hai="4,11,13,20,24,27,30,31,35,43,46,49,125,126" machi="31" ten="30,8000,1" yaku="1,1,5,1,0,1,52,2,53,0" doraHai="26" doraHaiUra="82" who="1" fromWho="1" sc="270,-40,272,90,220,-20,228,-20" owari="230,3.0,362,46.2,200,-30.0,208,-19.2" /></mjloggm>