<mjloggm ver="2.3"><GO type="225" lobby="0"/><UN n0="%72%65%6E%6B%75%6E" n1="%E3%81%8B%E3%82%8F%E3%81%A1%E3%82%83%E3%82%93%35%38" n2="%2D%E8%B1%8A%E5%8F%A3%E3%82%81%E3%81%90%E3%81%BF%2D" n3="%E3%81%B5%E3%81%98%E3%81%8B%E3%81%A4" dan="17,16,16,16" rate="2233.57,2174.44,2117.16,2136.85" sx="M,M,F,M"/><TAIKYOKU oya="0"/><INIT seed="0,0,0,0,4,67" ten="250,250,250,250" oya="0" hai0="4,84,119,77,133,96,134,14,21,11,59,19,70" hai1="75,50,40,28,71,81,15,66,111,100,122,8,56" hai2="93,86,80,76,128,89,118,79,38,104,102,55,109" hai3="30,91,31,7,110,65,123,116,35,101,103,39,46"/><T45/><D119/><U92/><E122/><V33/><F33/><W23/><G116/><T98/><D70/><U74/><E28/><V3/><F3/><W72/><G123/><T135/><D59/><U126/><E81/><N who="2" m="47399" /><F55/><W48/><G7/><T107/><D107/><U73/><E111/><V44/><F44/><W95/><G72/><T57/><D57/><U132/><E132/><V54/><F54/><W43/><G65/><T1/><REACH who="0" step="1"/><D45/><REACH who="0" ten="240,250,250,250" step="2"/><U60/><E56/><V53/><F104/><W61/><G110/><T37/><D37/><U24/><E71/><V6/><F38/><W34/><G39/><T42/><D42/><U12/><E40/><V106/><F118/><W94/><G61/><T9/><D9/><U36/><E8/><V83/><F109/><W105/><G105/><T63/><D63/><U2/><E36/><V130/><F53/><W85/><G46/><T41/><D41/><U113/><E60/><V22/><F106/><W47/><G43/><T17/><D17/><U62/><E62/><V52/><F52/><N who="3" m="29727" /><G35/><T69/><D69/><U20/><E66/><V88/><F130/><W64/><G34/><T97/><D97/><U127/><E50/><V10/><F128/><W90/><G64/><T58/><D58/><U115/><E115/><V18/><F18/><W25/><G31/><T78/><D78/><U49/><E113/><V129/><F129/><W51/><G51/><T16/><D16/><U99/><E49/><V120/><F120/><W13/><G13/><N who="1" m="5194" /><E2/><N who="2" m="343" /><F79/><W5/><G5/><T108/><D108/><U82/><E20/><V68/><F22/><RYUUKYOKU ba="0,1" sc="240,15,250,-15,250,-15,250,15" hai0="1,4,11,14,19,21,77,84,96,98,133,134,135" hai3="23,25,30,85,90,91,94,95,101,103" /><INIT seed="0,1,1,5,1,6" ten="255,235,235,265" oya="0" hai0="30,54,2,45,115,131,107,12,52,109,60,118,28" hai1="76,81,122,67,25,103,132,96,24,93,41,92,121" hai2="113,125,23,128,55,63,80,111,29,86,1,34,101" hai3="5,69,64,104,75,33,97,91,57,90,100,47,82"/><T13/><D2/><U78/><E132/><V99/><F113/><W4/><G33/><T134/><D107/><U102/><E67/><V126/><F34/><W49/><G69/><T87/><D115/><U26/><E41/><V120/><F120/><W0/><G64/><T17/><D118/><U74/><REACH who="1" step="1"/><E78/><REACH who="1" ten="255,225,235,265" step="2"/><V35/><F126/><W124/><G124/><T77/><D134/><U84/><E84/><V123/><F86/><W106/><G75/><T40/><D40/><U129/><E129/><V15/><F128/><W105/><G106/><T27/><D131/><U32/><E32/><V51/><F35/><W59/><G105/><T37/><D87/><U110/><E110/><V94/><F111/><W62/><G104/><T39/><D77/><U9/><E9/><V95/><F125/><W71/><G71/><T38/><D109/><U42/><E42/><V11/><F11/><W16/><G97/><AGARI ba="1,2" hai="24,25,26,74,76,81,92,93,96,97,102,103,121,122" machi="97" ten="40,2600,0" yaku="1,1,9,1,53,0" doraHai="6" doraHaiUra="50" who="1" fromWho="3" sc="255,0,225,49,235,0,265,-29" /><INIT seed="1,0,0,5,5,113" ten="255,274,235,236" oya="1" hai0="78,41,115,13,21,55,108,8,43,121,89,86,112" hai1="25,27,48,35,94,81,105,62,99,0,51,10,23" hai2="52,56,57,114,16,11,107,44,93,96,87,37,59" hai3="49,74,120,33,73,79,124,130,31,80,34,68,61"/><U76/><E105/><V92/><F114/><W42/><G120/><T100/><D121/><U119/><E119/><V15/><F37/><W128/><G124/><T17/><D108/><U46/><E35/><N who="3" m="13322" /><G49/><T104/><D78/><U50/><E62/><V45/><F107/><W67/><G31/><T85/><D112/><U111/><E25/><V40/><F40/><W7/><G42/><T18/><D115/><U66/><E66/><V118/><F118/><W135/><G7/><T97/><D55/><U26/><E26/><V101/><REACH who="2" step="1"/><F52/><REACH who="2" ten="255,274,225,236" step="2"/><W117/><G117/><T95/><REACH who="0" step="1"/><D85/><REACH who="0" ten="245,274,225,236" step="2"/><U24/><E111/><V90/><AGARI ba="0,2" hai="11,15,16,44,45,56,57,59,87,90,92,93,96,101" machi="90" ten="30,8000,1" yaku="1,1,2,1,0,1,8,1,54,1,53,0" doraHai="113" doraHaiUra="127" who="2" fromWho="2" sc="245,-20,274,-40,225,100,236,-20" /><INIT seed="2,0,0,2,4,131" ten="225,234,325,216" oya="2" hai0="28,74,43,110,68,103,16,112,49,26,60,89,10" hai1="117,11,50,7,98,108,111,37,30,3,23,52,55" hai2="80,97,54,33,21,41,116,63,134,130,70,72,115" hai3="22,65,36,91,94,35,118,0,40,6,121,119,102"/><V120/><F21/><W77/><G121/><T79/><D112/><U129/><E37/><V81/><F97/><W84/><G35/><T114/><D114/><U100/><E117/><V8/><F8/><W127/><G65/><T32/><D110/><N who="1" m="42027" /><E129/><V82/><F82/><W75/><G22/><T83/><D103/><U61/><E61/><V67/><F81/><N who="3" m="45247" /><G102/><T46/><D89/><U106/><E50/><V51/><F80/><W31/><G31/><T104/><D104/><U69/><E69/><V90/><F90/><W133/><G127/><T13/><REACH who="0" step="1"/><D60/><REACH who="0" ten="215,234,325,216" step="2"/><U92/><E106/><V113/><F63/><W44/><G133/><T73/><D73/><U24/><AGARI ba="0,1" hai="3,7,11,23,24,30,52,55,92,98,100" m="42027" machi="24" ten="30,2000,0" yaku="14,1,54,1" doraHai="131" who="1" fromWho="1" sc="215,-5,234,30,325,-10,216,-5" /><INIT seed="3,0,0,3,3,44" ten="210,264,315,211" oya="3" hai0="7,131,10,77,86,65,79,119,118,105,51,54,99" hai1="129,124,18,95,88,4,69,110,32,27,126,9,125" hai2="87,78,76,135,92,83,94,117,104,34,112,42,106" hai3="28,29,31,52,91,48,60,13,134,103,50,36,70"/><W75/><G36/><T30/><D30/><U35/><E69/><V63/><F34/><N who="1" m="12841" /><E95/><N who="2" m="36395" /><F63/><W114/><G114/><T66/><D131/><U85/><E85/><V120/><F42/><W25/><G75/><T74/><D74/><U0/><E88/><N who="2" m="51327" /><F117/><W96/><G134/><T122/><D122/><U38/><E38/><V22/><F22/><N who="3" m="15415" /><G70/><T109/><D109/><U97/><E97/><V57/><F57/><N who="3" m="34855" /><G13/><T20/><D20/><N who="1" m="13719" /><E110/><V2/><F2/><W43/><G103/><T5/><D118/><U56/><E56/><V49/><F106/><W71/><G71/><T130/><D119/><U73/><E73/><V64/><F104/><W100/><G100/><T39/><D39/><U17/><E17/><V101/><F101/><W93/><G43/><T23/><D99/><U58/><E58/><V62/><F135/><W82/><G82/><N who="0" m="47439" /><D105/><U3/><E129/><V111/><F111/><W24/><G24/><T123/><D130/><U19/><E19/><V81/><F120/><W116/><G116/><T102/><D102/><U67/><E67/><V6/><F112/><W53/><G53/><T8/><D123/><U26/><E26/><V37/><F64/><N who="0" m="24682" /><D23/><U16/><E16/><V21/><F21/><W11/><G11/><N who="0" m="4139" /><D54/><U115/><E115/><V47/><F37/><W132/><G132/><T12/><D51/><AGARI ba="0,0" hai="29,31,48,50,51,91,93,96" m="34855,15415" machi="51" ten="30,12000,1" yaku="8,1,52,3,54,1" doraHai="44" who="3" fromWho="0" sc="210,-120,264,0,315,0,211,120" owari="90,-41.0,264,-13.6,315,11.5,331,43.1" /></mjloggm>