<mjloggm ver="2.3"><GO type="225" lobby="0"/><UN n0="%E5%8D%A0%E3%81%84%E5%B8%AB%E8%A3%8F%E3%81%AA%E3%81%84%E3%81%97" n1="%E6%B8%A9%E2%98%85%E6%83%85%E2%98%85%E6%8E%AA%E2%98%85%E7%BD%AE" n2="%E3%83%88%E3%82%AD%E3%83%8E%E3%83%9F%E3%83%8E%E3%83%AB" n3="%E3%82%A2%E3%83%BC%E3%83%A2%E3%83%AD%E3%83%BC%E3%83%B4%E3%82%A1" dan="16,17,16,16" rate="2168.56,2206.37,2076.51,2143.24" sx="M,M,M,M"/><TAIKYOKU oya="0"/><INIT seed="0,0,0,2,1,65" ten="250,250,250,250" oya="0" hai0="117,12,89,46,129,128,73,16,119,109,49,51,91" hai1="30,19,111,112,62,35,54,86,40,21,34,108,47" hai2="36,17,32,78,98,20,80,13,124,134,5,94,102" hai3="120,75,24,39,29,101,22,130,28,92,76,116,121"/><T104/><D104/><U103/><E112/><V1/><F134/><W61/><G116/><N who="0" m="44619" /><D73/><U63/><E103/><V131/><F124/><W96/><G130/><N who="0" m="50283" /><D109/><N who="1" m="42059" /><E86/><V90/><F131/><W99/><G39/><T56/><D56/><N who="1" m="35095" /><E30/><V114/><F36/><W8/><G29/><T23/><D51/><N who="1" m="27111" /><E63/><V58/><F114/><W93/><G61/><T53/><AGARI ba="0,0" hai="12,16,23,46,49,53,89,91" m="50283,44619" machi="53" ten="30,3000,0" yaku="19,1,54,1" doraHai="65" who="0" fromWho="0" sc="250,30,250,-10,250,-10,250,-10" /><INIT seed="0,1,0,5,5,10" ten="280,240,240,240" oya="0" hai0="30,93,75,64,29,133,91,127,70,113,77,45,16" hai1="42,134,25,135,115,54,43,79,83,63,104,5,4" hai2="20,68,26,76,24,34,119,41,105,96,80,108,0" hai3="132,15,100,28,85,3,97,38,112,78,81,36,109"/><T103/><D113/><U69/><E104/><V17/><F0/><W53/><G112/><T118/><D118/><U101/><E101/><V19/><F119/><W6/><G3/><T50/><D103/><U89/><E115/><V94/><F105/><W92/><G109/><T90/><D133/><N who="1" m="50699" /><E89/><V18/><F68/><W72/><G132/><T71/><D91/><U56/><E25/><V22/><F108/><W65/><G65/><T120/><D120/><U73/><E69/><V126/><F126/><W11/><G28/><T111/><D127/><U130/><E130/><V102/><F34/><W1/><G1/><T31/><D64/><U99/><E99/><V7/><F41/><AGARI ba="1,0" hai="4,5,41,42,43,54,56,63,73,79,83" m="50699" machi="41" ten="30,1000,0" yaku="20,1" doraHai="10" who="1" fromWho="2" sc="280,0,240,13,240,-13,240,0" /><INIT seed="1,0,0,5,4,71" ten="280,253,227,240" oya="1" hai0="35,12,112,135,45,43,119,59,105,57,116,23,53" hai1="126,32,115,6,70,72,77,82,11,117,133,18,83" hai2="85,68,21,44,33,51,73,15,37,50,125,78,69" hai3="61,52,114,118,47,38,48,0,103,42,100,49,5"/><U87/><E115/><V93/><F33/><W40/><G0/><T88/><D35/><U79/><E117/><V7/><F125/><W132/><G5/><T74/><D112/><U104/><E126/><V41/><F73/><W128/><G114/><T17/><D105/><U89/><E133/><V19/><F7/><W1/><G1/><T102/><D102/><U106/><E70/><V24/><F68/><W127/><G127/><T96/><D74/><U14/><E32/><V120/><F69/><W58/><G132/><T20/><D135/><U36/><E36/><V92/><F120/><W10/><G10/><T27/><D57/><U39/><E39/><V63/><F63/><W110/><G103/><T91/><D116/><U76/><E106/><V95/><REACH who="2" step="1"/><F15/><REACH who="2" ten="280,253,217,240" step="2"/><W34/><G34/><T99/><D12/><U86/><E72/><V107/><F107/><W98/><G118/><T26/><D119/><U13/><REACH who="1" step="1"/><E104/><REACH who="1" ten="280,243,217,240" step="2"/><V80/><AGARI ba="0,2" hai="19,21,24,37,41,44,50,51,78,80,85,92,93,95" machi="80" ten="30,4000,0" yaku="1,1,0,1,52,1,53,0" doraHai="71" doraHaiUra="2" who="2" fromWho="2" sc="280,-10,243,-20,217,60,240,-10" /><INIT seed="2,0,0,5,3,98" ten="270,223,277,230" oya="2" hai0="133,77,66,80,19,72,50,22,100,83,32,93,64" hai1="101,11,125,60,105,7,33,109,81,18,20,51,122" hai2="36,79,49,123,24,54,114,23,78,128,38,57,88" hai3="59,70,41,17,29,116,129,96,34,16,117,39,40"/><V13/><F114/><W9/><G70/><T94/><D32/><U85/><E33/><V90/><F123/><W134/><G134/><T25/><D133/><U115/><E115/><V132/><F132/><W89/><G129/><T30/><D93/><U69/><E122/><V62/><F128/><W10/><G34/><T119/><D119/><U5/><E109/><V102/><F102/><W112/><G29/><T103/><D94/><U127/><E51/><V73/><F73/><W65/><G112/><T45/><D80/><U118/><E118/><V124/><F124/><N who="1" m="47689" /><E60/><V95/><F13/><W61/><G39/><T14/><D66/><U15/><E69/><V44/><F38/><W28/><G28/><T120/><D64/><U6/><E105/><V3/><F3/><W82/><G116/><T53/><D120/><U1/><E101/><V107/><F107/><W2/><G117/><T92/><D92/><U12/><E1/><V21/><F90/><AGARI ba="0,0" hai="5,6,7,11,12,15,18,20,81,85,90" m="47689" machi="90" ten="30,1000,0" yaku="18,1" doraHai="98" who="1" fromWho="2" sc="270,0,223,10,277,-10,230,0" /><INIT seed="3,0,0,0,1,11" ten="270,233,267,230" oya="3" hai0="131,95,71,68,1,87,85,94,135,100,72,41,74" hai1="108,3,96,55,54,88,53,43,70,91,129,69,44" hai2="64,0,105,112,38,8,39,130,46,117,19,97,45" hai3="67,104,52,120,25,62,83,10,107,32,115,5,125"/><W80/><G115/><T128/><D41/><U58/><E108/><V31/><F112/><W93/><G120/><T86/><D100/><U103/><E3/><V7/><F117/><W66/><G125/><T60/><D1/><U99/><E129/><N who="0" m="49737" /><D60/><U2/><E2/><V101/><F130/><W98/><G104/><T12/><D12/><U37/><E58/><V102/><F64/><N who="3" m="24619" /><G107/><T35/><D35/><U76/><E76/><V30/><F39/><W16/><G32/><T127/><D135/><U33/><E33/><V24/><F38/><W109/><G109/><T77/><D77/><U18/><E18/><V29/><F102/><N who="3" m="60751" /><G5/><T17/><D17/><U126/><E126/><V114/><F114/><W65/><N who="3" m="24627" /><W13/><DORA hai="122" /><G25/><T124/><D124/><U61/><E61/><V73/><F73/><N who="0" m="28266" /><D127/><U106/><REACH who="1" step="1"/><E99/><REACH who="1" ten="270,223,267,230" step="2"/><V78/><F78/><W36/><G36/><T82/><D71/><AGARI ba="0,1" hai="37,43,44,53,54,55,69,70,71,88,91,96,103,106" machi="71" ten="40,12000,2" yaku="1,1,2,1,54,1,53,3" doraHai="11,122" doraHaiUra="50,28" who="1" fromWho="0" sc="270,-120,223,130,267,0,230,0" owari="150,-35.0,353,45.3,267,6.7,230,-17.0" /></mjloggm>