<mjloggm ver="2.3"><GO type="225" lobby="0"/><UN n0="%74%61%6B%75%61%6B%61" n1="%E3%83%B4%E3%83%A0%EF%BC%99%E3%81%A6" n2="%E6%A1%9C%E8%8A%B1%E9%96%83%E3%80%85" n3="%54%4F%52" dan="16,17,18,17" rate="2163.55,2228.43,2288.02,2248.17" sx="M,M,M,M"/><TAIKYOKU oya="0"/><INIT seed="0,0,0,3,5,30" ten="250,250,250,250" oya="0" hai0="130,91,65,45,118,42,129,74,41,44,28,18,88" hai1="101,55,31,6,24,60,114,86,71,51,35,109,131" hai2="125,21,107,54,121,4,70,22,133,36,105,61,69" hai3="56,3,83,20,62,57,15,116,63,13,79,27,49"/><T98/><D118/><U52/><E109/><V135/><F121/><W53/><G3/><T119/><D119/><U96/><E131/><N who="0" m="50185" /><D74/><U113/><E6/><V34/><F4/><W10/><G116/><T29/><D65/><N who="1" m="41383" /><E86/><V9/><F9/><W100/><G100/><T48/><D18/><U7/><E7/><V43/><F61/><W46/><G57/><T67/><D67/><U68/><E51/><V94/><F54/><W102/><G102/><T128/><N who="0" m="50193" /><T85/><DORA hai="97" /><D98/><U76/><E76/><V77/><F77/><W59/><G59/><T8/><D8/><U64/><E64/><V112/><F70/><W87/><G10/><T2/><D2/><U73/><E73/><V58/><F58/><W82/><G82/><N who="0" m="49207" /><D91/><U90/><E90/><V32/><F69/><W92/><G92/><T26/><D26/><U19/><E19/><V127/><F94/><W37/><G37/><AGARI ba="0,0" hai="28,29,37,41,42,44,45,48" m="49207,50193" machi="37" ten="40,3900,0" yaku="19,1,54,1" doraHai="30,97" who="0" fromWho="3" sc="250,39,250,0,250,0,250,-39" /><INIT seed="0,1,0,4,1,44" ten="289,250,250,211" oya="0" hai0="114,81,94,54,121,37,97,106,69,134,133,46,76" hai1="12,34,38,123,79,130,67,102,98,0,11,71,105" hai2="84,109,96,55,18,62,40,25,103,70,72,42,129" hai3="32,63,120,108,27,26,124,87,22,92,91,49,132"/><T128/><D121/><U2/><E123/><V31/><F72/><W61/><G120/><T20/><D114/><U77/><E38/><V52/><F109/><W115/><G115/><T116/><D116/><U111/><E111/><V9/><F129/><W47/><G108/><T85/><D69/><U82/><E130/><V23/><F84/><W95/><G132/><T101/><D128/><U41/><E41/><V88/><F70/><W14/><G124/><T28/><D106/><U4/><E77/><V6/><F31/><W15/><G32/><T113/><D113/><U126/><E126/><V100/><F42/><W43/><G95/><T83/><D83/><U16/><E34/><V10/><F40/><W66/><G27/><T90/><D101/><N who="2" m="38986" /><F6/><W39/><G39/><T3/><D3/><U21/><E71/><V51/><F62/><N who="3" m="23563" /><G66/><T45/><D37/><U33/><E33/><V93/><F55/><W8/><G8/><T119/><D54/><U118/><E67/><V35/><F35/><W58/><G58/><AGARI ba="1,0" hai="9,10,18,23,25,51,52,58,88,93,96" m="38986" machi="58" ten="30,7700,0" yaku="8,1,52,1,54,2" doraHai="44" who="2" fromWho="3" sc="289,0,250,0,250,80,211,-80" /><INIT seed="1,0,0,0,1,109" ten="289,250,330,131" oya="1" hai0="11,55,83,4,61,121,128,100,43,81,84,82,35" hai1="68,36,110,42,37,24,2,67,73,71,28,15,131" hai2="69,30,127,59,93,13,125,72,126,98,16,49,85" hai3="86,76,20,34,107,119,5,29,133,62,104,53,65"/><U87/><E2/><V132/><F72/><W32/><G133/><T116/><D116/><U19/><E73/><V40/><F69/><W39/><G119/><T74/><D35/><U1/><E1/><V96/><F30/><W60/><G39/><T10/><D128/><U64/><E131/><V95/><F132/><W78/><G5/><T6/><D74/><U21/><E110/><V51/><F85/><W115/><G53/><T114/><D43/><U77/><E68/><V117/><F59/><W66/><G86/><T7/><D114/><U130/><E130/><V27/><F27/><W56/><G20/><T47/><D121/><U58/><E71/><V12/><F117/><W46/><G46/><T48/><D100/><U123/><E123/><V118/><F118/><W124/><G56/><T33/><D33/><U105/><E105/><V106/><F106/><W41/><G41/><T103/><D103/><U23/><E42/><V135/><F135/><W129/><G129/><T57/><D84/><U3/><E3/><V8/><F12/><W90/><G90/><T63/><REACH who="0" step="1"/><D47/><REACH who="0" ten="279,250,330,131" step="2"/><U102/><E102/><N who="2" m="60687" /><F40/><W9/><G115/><T89/><D89/><AGARI ba="0,1" hai="8,13,16,49,51,89,95,98,125,126,127" m="60687" machi="89" ten="30,2000,0" yaku="18,1,54,1" doraHai="109" who="2" fromWho="0" sc="279,-20,250,0,330,30,131,0" /><INIT seed="2,0,0,5,2,8" ten="259,250,360,131" oya="2" hai0="77,27,55,102,54,118,105,50,112,20,99,117,46" hai1="60,47,25,116,35,88,122,33,110,101,130,68,96" hai2="32,89,16,2,97,38,66,15,34,87,115,5,24" hai3="30,85,36,111,6,107,127,79,125,91,124,94,1"/><V37/><F115/><W57/><G36/><T58/><D112/><U73/><E116/><N who="0" m="44649" /><D77/><U13/><E73/><V74/><F74/><W0/><G111/><T71/><D71/><U43/><E110/><V131/><F66/><W86/><G107/><T84/><D84/><U80/><E130/><V42/><F97/><W65/><G30/><N who="0" m="17767" /><D58/><U123/><E101/><V133/><F131/><W132/><G132/><T108/><D108/><U128/><E128/><V134/><F2/><W95/><G6/><T135/><D135/><N who="2" m="51722" /><F5/><W113/><G113/><T23/><D23/><U72/><E72/><V109/><F109/><W19/><G19/><T26/><D26/><U4/><E25/><V78/><F78/><W56/><G79/><T31/><D31/><U119/><E119/><V12/><F24/><W70/><G70/><T103/><D103/><U93/><E68/><V100/><F100/><W48/><G48/><T92/><D105/><U62/><E33/><N who="2" m="12907" /><F16/><W52/><G65/><T69/><D69/><U53/><E35/><V63/><F63/><W11/><G11/><T44/><D102/><U3/><E3/><V14/><F42/><W61/><REACH who="3" step="1"/><G57/><REACH who="3" ten="259,250,360,121" step="2"/><T17/><D17/><U18/><E18/><V10/><F10/><W9/><G9/><T22/><D50/><U29/><E4/><V106/><F106/><W129/><G129/><T67/><D67/><U104/><E104/><V51/><F51/><W121/><G121/><T64/><D64/><U45/><E122/><V98/><F38/><W7/><G7/><T41/><D41/><U49/><E123/><V76/><F37/><RYUUKYOKU ba="0,1" sc="259,-10,250,-10,360,-10,121,30" hai3="0,1,52,56,61,85,86,91,94,95,124,125,127" /><INIT seed="3,1,1,4,2,48" ten="249,240,350,151" oya="3" hai0="135,66,98,50,120,99,107,93,0,62,40,70,29" hai1="49,47,71,7,111,51,118,42,129,125,87,41,17" hai2="100,94,133,128,61,76,52,117,22,6,106,53,12" hai3="82,80,108,37,3,11,65,60,21,112,24,26,20"/><W123/><G123/><T45/><D120/><U59/><E71/><V92/><F117/><W1/><G112/><T14/><D0/><U15/><E118/><V28/><F76/><W103/><G37/><T36/><D135/><U74/><E74/><V114/><F106/><W90/><G103/><T23/><D107/><U32/><E32/><V69/><F114/><W33/><G33/><T9/><D36/><U56/><E111/><V64/><F94/><W13/><G108/><T101/><D98/><U115/><E115/><V134/><F128/><W119/><G119/><T38/><D38/><U91/><E125/><V81/><F81/><W127/><G127/><T18/><D29/><U68/><E68/><V102/><F6/><W72/><G72/><T122/><D122/><U131/><E7/><V121/><F12/><W57/><G3/><T35/><D35/><U84/><E131/><V78/><F78/><W19/><G1/><T130/><D130/><U16/><E129/><V5/><F5/><W89/><G21/><T73/><D73/><U77/><E77/><V67/><F67/><W86/><REACH who="3" step="1"/><G20/><REACH who="3" ten="249,240,350,141" step="2"/><T83/><D23/><U46/><E15/><V55/><F121/><W88/><G88/><AGARI ba="1,2" hai="16,17,41,42,46,47,49,51,56,59,84,87,88,91" machi="88" ten="25,8000,1" yaku="22,2,8,1,54,2" doraHai="48" who="1" fromWho="3" sc="249,0,240,103,350,0,141,-83" owari="249,-15.1,343,14.3,350,45.0,58,-44.2" /></mjloggm>