<mjloggm ver="2.3"><GO type="225" lobby="0"/><UN n0="%E3%81%A8%E3%82%93%E3%81%A8%E3%81%93%E3%81%A8%E3%82%93" n1="%E3%82%A2%E3%82%A4%E3%82%B9%E3%83%86%E3%82%A3%E3%83%BC%E3%81%82%E3%81%B9" n2="%73%6C%69%63%6B%33%31%39" n3="%E5%A4%96%E5%B7%9D%E7%AB%9C%E6%88%90" dan="16,16,16,16" rate="2178.72,2115.16,2093.71,2151.25" sx="F,M,M,M"/><TAIKYOKU oya="0"/><INIT seed="0,0,0,0,4,70" ten="250,250,250,250" oya="0" hai0="112,120,50,18,27,119,62,49,32,92,33,78,127" hai1="51,111,23,53,67,40,117,123,77,131,12,105,72" hai2="68,60,73,58,75,2,100,59,99,110,20,126,104" hai3="44,98,76,124,129,3,101,97,83,41,30,115,46"/><T108/><D112/><U14/><E111/><V79/><F2/><W85/><G115/><T74/><D119/><U42/><E123/><V82/><F110/><W13/><G3/><T114/><D120/><U81/><E117/><V102/><F126/><W22/><G129/><T133/><D114/><U4/><E105/><V8/><F102/><W57/><G124/><T43/><D108/><U9/><E67/><V36/><F8/><W16/><G30/><T94/><D127/><U55/><E55/><V69/><F75/><W125/><G125/><T1/><D1/><U47/><E131/><V45/><F20/><W80/><G57/><T63/><D74/><U11/><REACH who="1" step="1"/><E23/><REACH who="1" ten="250,240,250,250" step="2"/><V87/><F104/><W24/><G41/><T89/><D43/><U90/><E90/><V135/><F100/><W118/><G118/><T61/><D89/><U121/><E121/><V37/><F68/><W65/><G65/><T93/><D133/><U10/><E10/><V39/><F69/><W34/><G101/><T48/><D78/><U0/><E0/><V35/><F135/><W122/><G122/><T113/><D113/><U15/><E15/><V91/><F35/><W109/><G13/><T17/><D27/><U128/><E128/><V26/><F26/><W88/><G34/><AGARI ba="0,1" hai="17,18,32,33,34,48,49,50,61,62,63,92,93,94" machi="34" ten="50,12000,1" yaku="29,2,28,2" doraHai="70" who="0" fromWho="3" sc="250,130,240,0,250,0,250,-120" /><INIT seed="0,1,0,0,1,17" ten="380,240,250,130" oya="0" hai0="135,1,99,5,34,18,38,62,20,14,10,110,78" hai1="123,49,37,12,130,86,111,60,90,82,76,45,100" hai2="56,92,50,103,79,125,21,28,59,112,129,26,35" hai3="9,6,120,3,93,7,116,71,117,33,13,36,2"/><T96/><D38/><U131/><E111/><V54/><F112/><W72/><G71/><T57/><D135/><U32/><E37/><V98/><F129/><N who="1" m="49161" /><E32/><V115/><F115/><W88/><G72/><T44/><D78/><U97/><E60/><V40/><F125/><W105/><G105/><T24/><D44/><U80/><E12/><V134/><F134/><W27/><G120/><T53/><D110/><U66/><E66/><V30/><F79/><W91/><G36/><T104/><D104/><N who="1" m="63503" /><E123/><V127/><F127/><W119/><G7/><T124/><D124/><U31/><E31/><AGARI ba="1,0" hai="1,5,10,14,18,20,24,31,34,53,57,62,96,99" machi="31" ten="40,7700,0" yaku="24,2,52,1" doraHai="17" who="0" fromWho="1" sc="380,80,240,-80,250,0,130,0" /><INIT seed="0,2,0,1,5,48" ten="460,160,250,130" oya="0" hai0="85,80,38,18,68,9,104,36,97,8,118,98,43" hai1="116,51,63,23,90,15,131,109,127,58,14,105,132" hai2="33,122,55,42,82,81,64,49,46,66,135,94,114" hai3="87,35,103,40,62,78,67,129,44,32,19,1,26"/><T12/><D118/><U134/><E109/><V28/><F122/><W92/><G1/><T30/><D68/><U3/><E3/><V120/><F114/><W10/><G129/><T73/><D73/><U84/><E116/><V22/><F120/><W79/><G35/><T96/><D104/><U2/><E2/><V56/><F33/><W39/><G10/><T123/><D123/><U108/><E108/><V130/><F135/><N who="1" m="51753" /><E105/><V0/><F0/><W95/><G103/><T100/><D100/><U11/><E131/><V111/><F111/><W59/><G19/><T61/><D30/><U110/><E110/><V41/><F94/><W119/><G119/><T16/><D61/><U107/><E107/><V45/><F130/><W133/><G133/><T54/><D43/><N who="2" m="16394" /><F22/><W125/><G125/><T57/><D9/><U7/><E51/><V102/><F102/><W5/><G5/><T117/><D117/><U13/><E23/><V4/><F28/><W86/><G95/><T27/><D18/><U77/><E77/><V121/><F4/><W83/><G92/><T34/><D34/><U24/><E24/><V17/><F17/><W71/><G79/><T53/><D27/><U101/><E101/><V65/><F121/><W60/><G26/><T75/><D75/><U20/><E20/><V31/><F31/><W72/><REACH who="3" step="1"/><G32/><REACH who="3" ten="460,160,250,120" step="2"/><T113/><D113/><U69/><E127/><V25/><F25/><W21/><G21/><T29/><D29/><U93/><E69/><V88/><F82/><W106/><G106/><T99/><D80/><U115/><E115/><V128/><F128/><RYUUKYOKU ba="2,1" sc="460,-30,160,10,250,10,120,10" hai1="7,11,13,14,15,58,63,84,90,93" hai2="45,46,49,55,56,64,65,66,81,88" hai3="39,40,44,59,60,62,67,71,72,78,83,86,87" /><INIT seed="1,3,1,5,0,126" ten="430,170,260,130" oya="1" hai0="112,48,28,58,106,74,24,26,73,80,36,77,133" hai1="0,2,105,113,50,38,61,49,46,51,124,69,98" hai2="92,34,96,117,60,78,35,114,110,40,65,125,76" hai3="119,54,32,128,121,93,72,87,118,21,30,53,47"/><U130/><E113/><V115/><F117/><N who="3" m="44555" /><G72/><T5/><D36/><U56/><E124/><V75/><F125/><W81/><G32/><N who="2" m="12329" /><F40/><W68/><G68/><T111/><D106/><U132/><E69/><N who="2" m="42151" /><F75/><W89/><G121/><T1/><D111/><U88/><E132/><V94/><F94/><W100/><G47/><T95/><D112/><N who="2" m="43050" /><F110/><W63/><G63/><T6/><D95/><U52/><E130/><V104/><F104/><W90/><G100/><AGARI ba="3,1" hai="76,78,92,96,100" m="43050,42151,12329" machi="100" ten="30,1000,0" yaku="11,1" doraHai="126" who="2" fromWho="3" sc="430,0,170,0,260,29,130,-19" /><INIT seed="2,0,0,5,3,123" ten="430,170,289,111" oya="2" hai0="126,35,49,55,116,85,72,93,132,25,53,10,24" hai1="36,115,124,66,31,127,28,110,64,102,97,17,94" hai2="104,91,63,9,19,114,43,122,106,70,32,14,112" hai3="51,16,107,100,13,2,58,57,109,1,4,6,5"/><V67/><F122/><W96/><G109/><T11/><D72/><U40/><E110/><V46/><F32/><W65/><G57/><T54/><D126/><N who="1" m="48171" /><E115/><V3/><F3/><W90/><G90/><N who="0" m="53455" /><D35/><U38/><E17/><V42/><F42/><W89/><G89/><T48/><D132/><U68/><E40/><V61/><F61/><W26/><G26/><N who="0" m="10347" /><D116/><U21/><E21/><V60/><F60/><W44/><G58/><N who="0" m="33063" /><D55/><U20/><E20/><V77/><F19/><W47/><G65/><N who="1" m="25194" /><E68/><V117/><F77/><W99/><G99/><T69/><D69/><U12/><E12/><V82/><F9/><W125/><G125/><T83/><D83/><U45/><E45/><AGARI ba="0,0" hai="10,11,45,49,54" m="33063,10347,53455" machi="45" ten="30,1000,0" yaku="8,1" doraHai="123" who="0" fromWho="1" sc="430,10,170,-10,289,0,111,0" /><INIT seed="3,0,0,5,2,8" ten="440,160,289,111" oya="3" hai0="43,45,97,129,85,20,53,86,55,31,38,89,35" hai1="81,93,25,117,123,14,116,26,71,72,96,77,11" hai2="47,78,95,98,104,69,91,39,67,44,112,135,17" hai3="80,49,90,52,28,58,102,51,106,121,125,103,79"/><W76/><G121/><T2/><D2/><U9/><E71/><V62/><F112/><W48/><G125/><T134/><D35/><U7/><E123/><V68/><F68/><W109/><G109/><T124/><D129/><U131/><E131/><V120/><F120/><W70/><G70/><T84/><D134/><U32/><E11/><V132/><F78/><W24/><G90/><T50/><D124/><U122/><E122/><V94/><F104/><W42/><G106/><T115/><D38/><U41/><E41/><V99/><F17/><W82/><G79/><T92/><D115/><U105/><E105/><V64/><F64/><W100/><G42/><T13/><D31/><U19/><E19/><AGARI ba="0,0" hai="13,19,20,43,45,50,53,55,84,85,86,89,92,97" machi="19" ten="40,2600,0" yaku="8,1,52,1" doraHai="8" who="0" fromWho="1" sc="440,26,160,-26,289,0,111,0" owari="466,56.6,134,-26.6,289,8.9,111,-38.9" /></mjloggm>