<mjloggm ver="2.3"><GO type="225" lobby="0"/><UN n0="%E5%8C%97%E6%AC%A7%E3%81%AE%E3%82%82%E3%81%93%E3%81%86" n1="%38%63%E3%81%AF%E3%81%A3%E3%81%97%E3%83%BC" n2="%E5%8F%AF%E5%85%90%E9%82%A3%E7%94%B1%E5%A4%9A" n3="%74%61%6B%75%61%6B%61" dan="17,16,16,16" rate="2124.44,2092.87,2190.21,2136.17" sx="M,M,F,M"/><TAIKYOKU oya="0"/><INIT seed="0,0,0,2,1,90" ten="250,250,250,250" oya="0" hai0="99,106,49,75,73,51,107,55,63,78,67,36,82" hai1="57,0,95,116,56,1,15,27,28,110,21,18,50" hai2="62,20,60,38,48,46,34,131,35,17,97,112,47" hai3="74,10,4,100,7,125,25,64,89,120,105,14,104"/><T5/><D36/><U42/><E110/><V39/><F112/><W8/><G125/><T88/><D73/><U69/><E69/><V70/><F131/><W109/><G109/><T101/><D5/><U3/><E116/><V65/><F60/><W83/><G120/><T127/><D127/><U84/><E42/><V102/><F39/><W16/><G64/><T111/><D111/><U23/><E50/><V93/><F38/><W134/><G134/><T128/><D128/><U43/><E43/><V58/><F70/><W121/><G121/><T53/><D107/><U33/><E33/><V24/><REACH who="2" step="1"/><F47/><REACH who="2" ten="250,250,240,250" step="2"/><W13/><G100/><T2/><D49/><U122/><E122/><V98/><F98/><W103/><G103/><T81/><D51/><U76/><E57/><V19/><F19/><W115/><G115/><T79/><D2/><U80/><E56/><V85/><F85/><W96/><G96/><T52/><D75/><U32/><REACH who="1" step="1"/><E32/><REACH who="1" ten="250,240,240,250" step="2"/><V59/><F59/><W108/><G108/><T130/><D130/><U86/><E86/><V123/><F123/><W11/><G74/><T68/><D68/><U12/><E12/><V29/><F29/><W114/><G114/><T126/><D126/><U129/><E129/><V135/><F135/><W37/><G37/><T71/><D71/><U94/><AGARI ba="0,2" hai="0,1,3,15,18,21,23,27,28,76,80,84,94,95" machi="94" ten="40,8000,1" yaku="1,1,0,1,52,2,53,1" doraHai="90" doraHaiUra="26" who="1" fromWho="1" sc="250,-40,240,100,240,-20,250,-20" /><INIT seed="1,0,0,2,0,43" ten="210,340,220,230" oya="1" hai0="101,32,91,132,2,30,6,20,38,106,72,125,104" hai1="83,0,117,33,97,56,126,60,50,130,10,59,119" hai2="48,74,46,120,96,128,23,118,39,95,7,5,116" hai3="102,94,21,61,52,111,66,26,13,86,81,99,84"/><U22/><E33/><V1/><F120/><W103/><G111/><T62/><D20/><U82/><E22/><V47/><F74/><W49/><G103/><T40/><D91/><U58/><E130/><V44/><F128/><W16/><G13/><T18/><D18/><U15/><E0/><V65/><F39/><W129/><G129/><T85/><D85/><U11/><E126/><V29/><F65/><W92/><G92/><T124/><D62/><U105/><E50/><V123/><F123/><W89/><G84/><T9/><D72/><U45/><E60/><V51/><F118/><W87/><G87/><T107/><D101/><U36/><E105/><V42/><F116/><W53/><REACH who="3" step="1"/><G49/><REACH who="3" ten="210,340,220,220" step="2"/><N who="2" m="19017" /><F1/><W37/><G37/><T108/><D108/><U4/><E36/><V31/><F42/><W28/><G28/><N who="2" m="10825" /><F23/><W77/><G77/><T67/><D40/><U121/><E119/><V63/><F63/><W109/><G109/><T88/><D38/><U131/><E117/><V8/><F8/><W27/><G27/><N who="0" m="18527" /><D124/><U127/><E11/><V12/><F12/><W78/><G78/><T68/><D125/><U55/><E127/><V69/><F69/><AGARI ba="0,1" hai="16,21,26,52,53,61,66,69,81,86,89,94,99,102" machi="69" ten="30,7700,0" yaku="1,1,7,1,54,2,53,0" doraHai="43" doraHaiUra="34" who="3" fromWho="2" sc="210,0,340,0,220,-77,220,87" /><INIT seed="2,0,0,5,0,57" ten="210,340,143,307" oya="2" hai0="113,39,108,82,100,25,134,10,35,102,95,64,88" hai1="23,93,73,50,12,20,55,40,28,43,63,60,109" hai2="69,54,120,130,41,29,13,115,68,14,96,85,89" hai3="119,92,7,47,127,132,101,26,3,4,91,37,58"/><V86/><F115/><W111/><G119/><T17/><D113/><U32/><E73/><V98/><F120/><W110/><G101/><T105/><D108/><N who="3" m="41513" /><G127/><T19/><D134/><U11/><E32/><V56/><F41/><N who="1" m="15945" /><E93/><V123/><F123/><W45/><G37/><T8/><D39/><U27/><E20/><V131/><F29/><W80/><G80/><T44/><D105/><U71/><E71/><V118/><F118/><W36/><G36/><T33/><D82/><U5/><E109/><V107/><F107/><W59/><G26/><T124/><D124/><U112/><E112/><V48/><F89/><W84/><G132/><T65/><D25/><U46/><AGARI ba="0,0" hai="5,11,12,23,27,28,46,50,55,60,63" m="15945" machi="46" ten="30,4000,0" yaku="8,1,52,2" doraHai="57" who="1" fromWho="1" sc="210,-10,340,40,143,-20,307,-10" /><INIT seed="3,0,0,4,5,0" ten="200,380,123,297" oya="3" hai0="110,53,113,57,51,4,135,78,80,31,34,125,88" hai1="54,104,7,101,130,35,65,68,40,114,14,21,37" hai2="111,42,72,81,86,95,39,106,52,33,116,115,112" hai3="117,60,48,47,82,85,132,17,126,41,62,121,1"/><W118/><G121/><T20/><D34/><U43/><E35/><V90/><F33/><W70/><G126/><T89/><D110/><U92/><E104/><V69/><F69/><W100/><G132/><T36/><D36/><U9/><E114/><V6/><F6/><W23/><G1/><T67/><D125/><U45/><E130/><V2/><F2/><W96/><G117/><T11/><D135/><U74/><E74/><V71/><F71/><W64/><G118/><T38/><D38/><U13/><E43/><V5/><F5/><W77/><G64/><T127/><D67/><U3/><E54/><V103/><F42/><W46/><G46/><T134/><D134/><U120/><E120/><V15/><F15/><W108/><G70/><T84/><D113/><U49/><E37/><V18/><F18/><W29/><G29/><T12/><D127/><U22/><E65/><V99/><F39/><W98/><G108/><T24/><AGARI ba="0,0" hai="4,11,12,20,24,31,51,53,57,78,80,84,88,89" machi="24" ten="30,7900,0" yaku="0,1,8,1,52,1,54,1" doraHai="0" who="0" fromWho="0" sc="200,79,380,-20,123,-20,297,-39" owari="279,7.9,360,46.0,103,-39.7,258,-14.2" /></mjloggm>