<mjloggm ver="2.3"><GO type="225" lobby="0"/><UN n0="%E3%81%86%E3%81%A3%E3%81%97%E3%83%BC%30%30" n1="%E6%A1%9C%E8%8A%B1%E9%96%83%E3%80%85" n2="%E7%BD%AA%E5%88%91%E6%B3%95%E5%AE%9A%E4%B8%BB%E7%BE%A9" n3="%E3%81%9F%E3%81%A3%E3%81%A1%E3%82%87" dan="16,17,16,16" rate="2077.80,2260.89,2169.58,2068.06" sx="M,M,M,M"/><TAIKYOKU oya="0"/><INIT seed="0,0,0,2,2,58" ten="250,250,250,250" oya="0" hai0="104,101,125,18,88,62,74,99,59,54,118,135,76" hai1="31,13,64,116,96,42,83,29,36,21,73,20,80" hai2="27,19,60,51,100,82,30,85,28,117,9,106,128" hai3="90,86,61,72,26,8,14,114,107,79,111,63,32"/><T39/><D118/><U16/><E116/><V25/><F128/><W110/><G114/><T75/><D135/><U45/><E64/><V38/><F38/><W56/><G107/><T50/><D39/><U47/><E47/><V94/><F106/><W127/><G56/><T112/><D112/><U69/><E69/><V129/><F129/><W102/><G102/><T24/><D125/><U12/><E96/><N who="2" m="59415" /><F117/><W44/><G44/><T6/><D6/><U15/><E80/><V57/><F51/><W77/><G127/><T124/><D124/><U40/><E40/><V93/><F93/><N who="3" m="54487" /><G26/><N who="2" m="9737" /><F19/><N who="3" m="8647" /><G32/><T115/><D115/><U132/><E132/><V33/><F9/><W34/><G34/><T84/><D76/><N who="3" m="29257" /><G72/><T66/><D18/><U131/><E131/><V97/><F97/><W43/><G43/><T11/><D11/><U55/><E20/><V122/><F33/><W71/><G71/><T22/><D22/><U109/><E29/><V134/><F134/><W92/><G92/><T87/><D24/><U81/><E31/><V119/><F119/><W70/><G70/><T133/><D133/><U5/><E73/><V37/><F37/><W48/><G48/><T1/><D1/><U113/><E113/><V7/><F7/><W89/><G89/><T49/><D49/><N who="1" m="29103" /><E5/><V123/><F28/><W120/><G120/><T41/><D41/><U23/><E23/><V17/><F30/><W126/><G126/><T103/><D103/><U46/><E109/><AGARI ba="0,0" hai="61,63,109,110,111" m="29257,8647,54487" machi="109" ten="30,3900,0" yaku="14,1,52,2" doraHai="58" who="3" fromWho="1" sc="250,0,250,-39,250,0,250,39" /><INIT seed="1,0,0,0,3,76" ten="250,211,250,289" oya="1" hai0="114,5,121,30,125,104,26,77,106,110,68,74,66" hai1="42,90,92,28,55,50,14,135,37,130,85,59,7" hai2="133,105,84,21,134,116,48,2,69,38,4,123,87" hai3="89,1,3,126,95,72,73,101,100,31,33,107,80"/><U113/><E113/><V65/><F116/><W91/><G126/><T8/><D114/><U67/><E135/><N who="2" m="51723" /><F38/><W57/><G31/><T127/><D110/><U56/><E130/><V124/><F123/><W18/><G33/><N who="0" m="20695" /><D8/><U71/><E28/><V51/><F105/><N who="0" m="40554" /><D5/><U96/><E71/><V98/><F124/><W40/><G18/><T78/><D78/><U39/><E42/><V58/><F98/><N who="3" m="61847" /><G40/><T22/><D22/><U16/><E7/><V81/><F87/><N who="3" m="50407" /><G57/><T88/><D88/><N who="1" m="55303" /><E67/><V128/><F128/><W75/><G1/><T29/><D29/><U61/><E39/><V120/><F120/><W32/><G3/><T60/><D121/><U119/><E37/><V115/><F115/><W34/><G32/><T0/><D0/><U109/><E109/><V20/><F69/><W112/><G34/><T102/><D102/><U11/><E119/><V86/><F2/><W36/><G36/><T70/><D70/><U97/><E97/><V17/><F4/><W82/><G112/><T41/><D41/><U19/><E19/><V23/><F17/><W15/><G101/><T122/><D122/><U99/><E99/><V10/><F10/><W12/><G15/><T45/><D45/><N who="1" m="28111" /><E61/><N who="2" m="38071" /><F86/><N who="3" m="52727" /><G12/><T103/><D103/><U132/><E132/><V44/><F44/><W131/><G131/><T117/><D117/><U118/><E118/><V43/><F43/><W83/><AGARI ba="0,0" hai="72,73,75,82,83" m="52727,50407,61847" machi="83" ten="40,16000,3" yaku="35,5,52,3" doraHai="76" who="3" fromWho="3" sc="250,-40,211,-80,250,-40,289,160" /><INIT seed="2,0,0,1,5,54" ten="210,131,210,449" oya="2" hai0="24,84,6,49,87,55,25,13,50,68,69,72,62" hai1="119,14,0,107,18,96,44,116,88,122,3,11,110" hai2="89,20,78,53,22,42,73,118,102,112,97,111,4" hai3="70,27,63,1,128,100,132,58,93,131,38,64,56"/><V51/><F112/><W39/><G1/><T35/><D72/><U79/><E79/><V127/><F118/><W120/><G27/><T80/><D62/><U12/><E107/><V66/><F127/><W23/><G23/><T59/><D55/><U123/><E44/><V74/><F66/><W8/><G8/><T124/><D13/><U52/><E52/><V98/><F4/><W81/><G81/><T126/><D80/><U94/><E110/><V34/><F34/><W57/><G132/><T29/><D6/><U30/><E30/><V16/><F42/><W9/><G9/><T2/><D59/><U108/><E108/><V115/><F115/><W37/><G120/><N who="1" m="46122" /><E12/><V85/><F111/><W101/><REACH who="3" step="1"/><G93/><REACH who="3" ten="210,131,210,439" step="2"/><T10/><D10/><U104/><E104/><V75/><F22/><W76/><G76/><T105/><D105/><U91/><E91/><V92/><F78/><W95/><G95/><T129/><D2/><AGARI ba="0,1" hai="0,2,3,11,14,18,88,94,96,116,119" m="46122" machi="2" ten="30,2000,0" yaku="13,1,54,1" doraHai="54" who="1" fromWho="0" sc="210,-20,131,30,210,0,439,0" /><INIT seed="3,0,0,3,4,27" ten="190,161,210,439" oya="3" hai0="106,41,3,87,2,48,42,53,46,60,120,122,43" hai1="84,135,19,54,63,80,119,123,55,70,26,5,61" hai2="1,125,96,8,95,56,10,29,25,82,50,118,89" hai3="111,28,35,94,22,91,73,117,126,130,129,110,58"/><W68/><G35/><T0/><D106/><U38/><E123/><V132/><F118/><W45/><G73/><T127/><D127/><U36/><E119/><V33/><F125/><W77/><G77/><T7/><D7/><U66/><E5/><V79/><F1/><W44/><G117/><T85/><REACH who="0" step="1"/><D60/><REACH who="0" ten="180,161,210,439" step="2"/><N who="1" m="23115" /><E70/><V112/><F112/><W4/><G68/><T105/><D105/><U30/><E38/><V133/><F132/><W109/><G4/><T32/><D32/><U47/><E36/><V31/><F133/><W59/><G126/><T93/><D93/><U74/><E135/><V34/><F34/><W97/><G129/><T102/><D102/><U101/><E74/><V52/><F33/><W37/><G130/><T115/><D115/><U62/><E101/><V18/><F18/><W20/><G94/><T100/><D100/><U49/><E30/><V64/><F31/><W81/><G28/><T21/><D21/><N who="1" m="13631" /><E66/><V114/><F64/><W69/><G20/><T76/><D76/><N who="1" m="46087" /><E62/><V6/><F6/><W39/><G22/><T16/><D16/><U92/><E92/><V78/><F114/><W13/><G37/><T107/><D107/><U11/><E11/><V72/><F79/><W116/><G39/><T67/><D67/><U103/><E103/><V98/><F8/><W88/><G116/><T86/><AGARI ba="0,1" hai="0,2,3,41,42,43,46,48,53,85,86,87,120,122" machi="86" ten="40,8000,1" yaku="1,1,0,1,29,2,53,0" doraHai="27" doraHaiUra="128" who="0" fromWho="0" sc="180,90,161,-20,210,-20,439,-40" owari="270,7.0,141,-35.9,190,-21.0,399,49.9" /></mjloggm>