<mjloggm ver="2.3"><GO type="225" lobby="0"/><UN n0="%E5%B8%86%E7%AB%8B%E5%A4%8F%E8%A1%A3" n1="%E5%84%AA%40%41%42%43" n2="%E6%B8%A1%E5%A4%A9%E8%97%8D" n3="%E3%83%9E%E3%83%AB%E3%83%9E%E3%83%AB%E3%81%A1%E3%82%83%E3%82%93" dan="16,17,16,16" rate="2160.68,2147.04,2109.78,2053.29" sx="M,M,M,M"/><TAIKYOKU oya="0"/><INIT seed="0,0,0,2,3,61" ten="250,250,250,250" oya="0" hai0="53,70,96,110,85,95,88,37,81,101,115,68,127" hai1="12,18,119,106,57,64,128,73,82,54,80,132,52" hai2="27,36,120,9,125,77,19,21,129,93,31,126,86" hai3="109,134,4,17,71,24,20,92,78,74,107,112,7"/><T6/><D115/><U49/><E119/><V33/><F36/><W123/><G107/><T47/><D110/><U66/><E106/><V10/><F93/><W0/><G112/><T29/><D127/><N who="2" m="48650" /><F86/><W116/><G116/><T89/><D6/><U32/><E32/><V105/><F105/><W130/><BYE who="2" /><G109/><T72/><D29/><U1/><E128/><V5/><F5/><W63/><G130/><UN n2="%E6%B8%A1%E5%A4%A9%E8%97%8D" /><T42/><D72/><U124/><E1/><V102/><F102/><W40/><G134/><T84/><REACH who="0" step="1"/><D53/><REACH who="0" ten="240,250,250,250" step="2"/><U14/><E124/><V39/><F129/><W15/><G4/><T99/><D99/><U98/><E132/><V94/><F31/><W131/><G131/><T45/><D45/><N who="1" m="27695" /><E73/><V30/><F30/><W103/><G74/><T50/><D50/><N who="1" m="30935" /><E98/><V117/><F117/><W76/><G0/><T75/><D75/><U62/><E62/><V108/><F108/><W48/><G123/><T25/><D25/><U113/><E113/><V135/><F27/><W114/><G114/><T91/><D91/><U35/><E35/><V41/><F120/><W51/><G24/><T87/><D87/><U16/><E18/><V38/><F19/><W97/><G7/><T69/><D69/><U122/><E122/><V11/><F33/><W60/><G60/><T111/><D111/><U56/><E56/><V67/><F135/><W90/><G90/><T34/><D34/><U58/><E58/><V121/><F121/><W26/><G26/><T28/><D28/><U118/><E118/><V46/><F46/><N who="3" m="25671" /><G51/><T59/><D59/><U23/><E12/><V44/><F44/><RYUUKYOKU ba="0,1" sc="240,10,250,10,250,-30,250,10" hai0="37,42,47,68,70,81,84,85,88,89,95,96,101" hai1="14,16,23,64,66,80,82" hai3="15,17,20,63,71,76,78,92,97,103" /><INIT seed="0,1,1,4,0,23" ten="250,260,220,260" oya="0" hai0="30,101,132,43,105,93,134,12,115,41,54,130,117" hai1="128,1,27,78,100,81,0,48,59,114,94,112,122" hai2="109,18,133,113,73,118,87,49,125,7,67,116,129" hai3="25,110,32,36,65,31,42,96,104,58,44,8,86"/><T28/><D115/><N who="1" m="44075" /><E122/><V84/><F73/><W60/><G110/><T103/><D105/><U19/><E128/><V52/><F113/><W5/><G86/><T35/><D130/><U119/><E119/><N who="2" m="45611" /><F129/><W90/><G90/><T51/><D117/><U71/><E71/><V70/><F109/><W88/><G104/><T24/><D30/><U131/><E131/><V107/><F107/><W53/><G96/><N who="0" m="59535" /><D12/><U15/><E27/><V126/><F7/><W39/><G88/><T55/><D103/><U63/><E48/><V13/><F67/><W108/><G108/><T37/><D37/><U4/><E4/><V20/><F70/><W97/><G97/><T56/><D55/><N who="1" m="34303" /><E94/><V77/><F133/><AGARI ba="1,1" hai="24,28,35,41,43,51,54,56,132,133,134" m="59535" machi="133" ten="30,2900,0" yaku="20,1,52,1" doraHai="23" who="0" fromWho="2" sc="250,42,260,0,220,-32,260,0" /><INIT seed="0,2,0,5,1,130" ten="292,260,188,260" oya="0" hai0="0,57,43,120,4,13,31,40,100,83,124,34,37" hai1="58,134,98,105,5,87,104,125,86,26,111,109,131" hai2="128,84,45,50,94,115,24,21,9,61,32,51,48" hai3="52,41,123,108,107,93,89,7,76,80,29,74,49"/><T8/><D120/><U56/><E5/><V71/><F115/><W65/><G108/><N who="1" m="41546" /><E131/><V102/><F32/><W99/><G123/><T42/><D124/><U1/><E1/><V47/><F128/><W22/><G7/><T20/><D100/><U118/><E118/><V19/><F71/><W35/><G35/><T28/><D28/><U73/><E73/><V95/><F61/><W91/><G41/><T68/><D57/><N who="1" m="22123" /><E98/><V114/><F114/><W129/><G65/><T33/><D68/><U78/><E78/><V30/><F102/><W77/><G129/><T10/><D83/><U46/><E125/><V122/><F122/><W67/><G67/><T54/><D54/><U135/><E26/><V16/><F19/><W92/><G107/><N who="1" m="41034" /><E46/><N who="2" m="17419" /><F84/><AGARI ba="2,0" hai="84,86,87,134,135" m="41034,22123,41546" machi="84" ten="40,8000,1" yaku="28,2,14,1,52,2" doraHai="130" who="1" fromWho="2" sc="292,0,260,86,188,-86,260,0" /><INIT seed="1,0,0,5,2,50" ten="292,346,102,260" oya="1" hai0="90,65,47,79,28,89,52,92,5,72,88,75,68" hai1="91,130,23,46,73,70,15,3,131,82,16,63,123" hai2="133,94,56,2,41,78,67,1,38,110,120,96,4" hai3="29,33,121,107,74,113,11,93,132,95,24,104,43"/><U86/><E123/><V53/><F110/><W81/><G113/><T35/><D5/><U0/><E73/><V126/><F120/><W127/><G121/><T14/><D14/><U66/><REACH who="1" step="1"/><E46/><REACH who="1" ten="292,336,102,260" step="2"/><V10/><F126/><W58/><G127/><T22/><D47/><U37/><E37/><V19/><F133/><W54/><G132/><T100/><D75/><U7/><E7/><V108/><F108/><W98/><G74/><T69/><D72/><U62/><E62/><V30/><F78/><W17/><G104/><T117/><D79/><U115/><E115/><V134/><F134/><W125/><G107/><T27/><D117/><U83/><E83/><V9/><F30/><W114/><G114/><T36/><D36/><U44/><E44/><V26/><F38/><W21/><G125/><T18/><D28/><U51/><E51/><V71/><F41/><W122/><G122/><T116/><D116/><U42/><E42/><V103/><F71/><W105/><G43/><T109/><D69/><U76/><E76/><V106/><F106/><W49/><G81/><T80/><D80/><U20/><E20/><V102/><F4/><W34/><G34/><T84/><D35/><U124/><E124/><V119/><F119/><W55/><G11/><T85/><D109/><U32/><E32/><V8/><F9/><W128/><G33/><T87/><D68/><U39/><E39/><V118/><F8/><W12/><G105/><T112/><D112/><U101/><E101/><V25/><F103/><W61/><G49/><T97/><D65/><U111/><E111/><V129/><F118/><RYUUKYOKU ba="0,1" sc="292,15,336,15,102,-15,260,-15" hai0="18,22,27,52,84,85,87,88,89,90,92,97,100" hai1="0,3,15,16,23,63,66,70,82,86,91,130,131" /><INIT seed="1,1,1,1,4,46" ten="307,351,87,245" oya="1" hai0="23,61,12,8,101,7,31,80,93,5,103,82,88" hai1="51,20,17,45,6,71,109,120,90,28,42,133,15" hai2="19,14,78,43,26,87,89,129,49,53,64,63,58" hai3="75,24,114,18,97,91,25,33,72,98,92,119,11"/><U2/><E120/><V116/><F129/><W22/><G114/><T113/><D113/><U44/><E71/><V84/><F116/><W0/><G119/><T128/><D128/><U76/><E133/><V95/><F95/><BYE who="2" /><W29/><REACH who="3" step="1"/><G98/><REACH who="3" ten="307,351,87,235" step="2"/><N who="0" m="57639" /><D5/><AGARI ba="1,2" hai="0,5,11,18,22,24,25,29,33,72,75,91,92,97" machi="5" ten="40,1300,0" yaku="1,1,53,0" doraHai="46" doraHaiUra="126" who="3" fromWho="0" sc="307,-16,351,0,87,0,235,36" /><UN n2="%E6%B8%A1%E5%A4%A9%E8%97%8D" /><INIT seed="2,0,0,4,3,122" ten="291,351,87,271" oya="2" hai0="51,5,75,25,52,95,1,19,32,33,132,37,119" hai1="66,28,84,83,99,50,128,101,30,2,16,58,42" hai2="104,41,130,100,81,121,7,4,114,77,108,17,34" hai3="24,110,71,79,90,82,61,68,46,72,3,23,12"/><V74/><F114/><W35/><G3/><T117/><D37/><U65/><E128/><V59/><F121/><W131/><G131/><T54/><D75/><U126/><E2/><V94/><F34/><W49/><G110/><T92/><D132/><U102/><E126/><V15/><F130/><W43/><G61/><T127/><D127/><U18/><E28/><V11/><F41/><W88/><G12/><T31/><D33/><U109/><E30/><V118/><F118/><N who="0" m="45066" /><D19/><N who="1" m="7211" /><E109/><V27/><F108/><W103/><G103/><N who="1" m="39434" /><E99/><V39/><F39/><W6/><G6/><T107/><D107/><U91/><E58/><V112/><F112/><W111/><G111/><T80/><D80/><U135/><E135/><V69/><F69/><W22/><G35/><T8/><D54/><U86/><E84/><V134/><F134/><W40/><G82/><T129/><D129/><U93/><E93/><V48/><F104/><W64/><G72/><T78/><D78/><U29/><E29/><V113/><F113/><W20/><G79/><T13/><D1/><U97/><E97/><N who="2" m="59447" /><F17/><W44/><G24/><T63/><D63/><U26/><E26/><V96/><F96/><W14/><G14/><T45/><AGARI ba="0,0" hai="5,8,13,25,31,32,45,51,52,92,95" m="45066" machi="45" ten="30,2000,0" yaku="12,1,54,1" doraHai="122" who="0" fromWho="0" sc="291,20,351,-5,87,-10,271,-5" /><INIT seed="3,0,0,3,2,68" ten="311,346,77,266" oya="3" hai0="67,43,42,58,114,102,82,83,22,28,120,86,16" hai1="40,44,57,27,113,112,119,6,56,29,25,9,94" hai2="64,130,91,121,52,1,96,55,106,99,118,107,66" hai3="74,60,0,76,17,73,37,75,65,45,26,104,10"/><W21/><G104/><T8/><D114/><U70/><E70/><V110/><F1/><W135/><G135/><T85/><D102/><U14/><E119/><V51/><F118/><W98/><G98/><T134/><D134/><U19/><E6/><V34/><F34/><W111/><G111/><T47/><D8/><U31/><E94/><V4/><F4/><W93/><G93/><T71/><D28/><U100/><E100/><V84/><F110/><W61/><G76/><T92/><D71/><U115/><E27/><V18/><F130/><W109/><G109/><T32/><D32/><U38/><REACH who="1" step="1"/><E29/><REACH who="1" ten="311,336,77,266" step="2"/><V133/><F121/><W24/><G24/><N who="0" m="14407" /><D120/><U35/><AGARI ba="0,1" hai="9,14,19,25,31,35,38,40,44,56,57,112,113,115" machi="35" ten="30,4000,0" yaku="1,1,0,1,52,1,53,0" doraHai="68" doraHaiUra="72" who="1" fromWho="1" sc="311,-10,336,50,77,-10,266,-20" owari="301,10.1,386,48.6,67,-43.3,246,-15.4" /></mjloggm>