<mjloggm ver="2.3"><GO type="225" lobby="0"/><UN n0="%E3%81%A1%E3%82%85%E3%81%86%E3%81%A9%E3%81%8F%E8%B1%A1%E3%81%95%E3%82%93" n1="%E6%9C%AA%E6%9D%A5%E5%B0%91%E5%B9%B4" n2="%E3%81%AF%E3%82%88%E3%81%8A%E3%81%98%E3%81%95%E3%82%93" n3="%E3%82%82%E3%81%90%E3%82%89" dan="16,16,16,16" rate="2158.81,2153.88,2068.41,2182.66" sx="M,M,M,M"/><TAIKYOKU oya="0"/><INIT seed="0,0,0,1,3,45" ten="250,250,250,250" oya="0" hai0="2,62,123,100,51,127,53,43,121,27,36,118,74" hai1="16,1,67,52,40,89,63,111,5,80,98,85,71" hai2="8,87,57,60,70,6,64,86,96,12,113,21,77" hai3="124,31,18,90,26,32,0,112,48,19,28,92,81"/><T95/><D118/><U69/><E111/><V129/><F113/><W78/><G112/><T33/><D74/><U119/><E119/><V29/><F129/><W49/><G0/><T59/><D2/><U132/><E132/><V54/><F77/><W25/><G124/><T88/><D100/><U108/><E108/><V68/><F68/><W30/><G19/><T105/><D105/><U104/><E40/><V94/><F70/><W93/><G18/><T17/><D127/><U97/><E71/><V73/><F73/><W101/><G101/><T83/><D83/><U3/><E104/><V11/><F11/><W41/><G93/><T22/><D33/><U13/><E3/><V38/><F38/><W10/><G10/><T55/><D36/><U103/><E103/><N who="2" m="60823" /><F54/><W50/><G41/><T126/><D43/><U14/><E1/><V72/><F72/><W102/><G102/><T75/><D75/><U91/><E5/><V120/><F120/><W134/><G32/><T117/><D117/><U106/><E106/><V35/><F35/><W66/><G66/><T79/><D79/><U133/><E133/><V125/><F125/><W115/><G115/><T99/><D126/><U9/><E14/><V109/><F109/><W46/><G46/><AGARI ba="0,0" hai="17,22,27,46,51,53,55,59,62,88,95,99,121,123" machi="46" ten="30,12000,1" yaku="7,1,25,2,52,1,54,1" doraHai="45" who="0" fromWho="3" sc="250,120,250,0,250,0,250,-120" /><INIT seed="0,1,0,4,0,17" ten="370,250,250,130" oya="0" hai0="75,69,102,32,0,80,115,21,117,55,99,108,12" hai1="42,83,134,86,27,22,58,95,125,84,116,124,105" hai2="81,110,63,38,130,112,40,48,109,70,74,97,103" hai3="113,87,29,65,61,92,128,2,133,35,36,39,3"/><T90/><D115/><U135/><E116/><V26/><F112/><W121/><G113/><T6/><D32/><U20/><E105/><V71/><F38/><W132/><G128/><T59/><D117/><U106/><E106/><V47/><F130/><W73/><G92/><T123/><D69/><U93/><E42/><V114/><F114/><W16/><G87/><T52/><D123/><U88/><E58/><V1/><F1/><N who="3" m="11" /><G121/><T44/><D0/><U24/><REACH who="1" step="1"/><E88/><REACH who="1" ten="370,240,250,130" step="2"/><V4/><F40/><W15/><G73/><T13/><D90/><U122/><E122/><V96/><F74/><W101/><G101/><T5/><D59/><U31/><E31/><V8/><F103/><W104/><G29/><T66/><D102/><U25/><E25/><V119/><F119/><W54/><G104/><T18/><D75/><U10/><E10/><V11/><F71/><N who="3" m="42415" /><G54/><T53/><D53/><U41/><E41/><V118/><F70/><W94/><G94/><T30/><D52/><U57/><E57/><V45/><F118/><W34/><G39/><T23/><D30/><U79/><E79/><V72/><F72/><W64/><G36/><T67/><D55/><U78/><E78/><V51/><F26/><W111/><G64/><T89/><D89/><U76/><E76/><V91/><F91/><W50/><G50/><T100/><D100/><U62/><E62/><V33/><F63/><W127/><G127/><T126/><D126/><U14/><E14/><V49/><F49/><W107/><G107/><T37/><D67/><U131/><E131/><V77/><F48/><W19/><G15/><RYUUKYOKU ba="1,1" sc="370,-10,240,30,250,-10,130,-10" hai1="20,22,24,27,83,84,86,93,95,124,125,134,135" /><INIT seed="1,2,1,2,0,77" ten="360,270,240,120" oya="1" hai0="17,8,15,100,10,51,97,66,129,67,47,14,12" hai1="99,95,89,98,103,27,65,111,90,62,128,88,94" hai2="28,24,104,130,85,121,75,114,21,50,101,82,134" hai3="25,86,35,105,31,23,19,33,110,58,84,45,119"/><U91/><E128/><V61/><F121/><W49/><G105/><T127/><D127/><U32/><E111/><V113/><F130/><W20/><G110/><T2/><D2/><U60/><REACH who="1" step="1"/><E65/><REACH who="1" ten="360,260,240,120" step="2"/><V79/><F113/><W52/><G119/><T102/><D129/><U93/><E93/><V125/><F114/><W92/><G45/><T126/><D66/><U63/><E63/><V41/><F61/><W18/><G31/><AGARI ba="2,2" hai="27,31,32,60,62,88,89,90,91,94,95,98,99,103" machi="31" ten="40,3900,0" yaku="1,1,54,1,53,0" doraHai="77" doraHaiUra="109" who="1" fromWho="3" sc="360,0,260,65,240,0,120,-45" /><INIT seed="1,3,0,2,3,10" ten="360,325,240,75" oya="1" hai0="9,64,19,58,25,132,125,107,103,90,53,24,45" hai1="36,3,97,84,95,31,1,38,5,15,6,0,20" hai2="71,98,112,91,48,114,109,129,115,118,4,33,130" hai3="126,2,51,40,66,89,123,44,93,94,135,73,42"/><U46/><E84/><V102/><F71/><W100/><G123/><T124/><D132/><U39/><E46/><V105/><F33/><W113/><G113/><T60/><D90/><U18/><REACH who="1" step="1"/><E31/><REACH who="1" ten="360,315,240,75" step="2"/><V122/><F115/><W62/><G44/><T86/><D45/><U11/><E11/><V30/><F114/><W7/><G73/><T34/><D86/><U14/><E14/><V55/><F30/><W85/><G85/><T121/><D121/><U35/><E35/><V54/><F122/><W78/><G2/><T59/><D34/><U32/><E32/><V108/><F112/><W128/><G135/><T110/><D125/><U16/><E16/><V23/><F129/><W111/><G126/><T28/><D124/><U120/><E120/><V82/><F130/><W70/><G128/><T57/><D28/><U37/><N who="1" m="9216" /><DORA hai="52" /><U75/><E75/><V77/><F108/><W96/><G111/><T92/><D110/><U88/><AGARI ba="3,1" hai="0,1,3,5,6,15,18,20,88,95,97" m="9216" machi="88" ten="70,12000,1" yaku="1,1,0,1,52,1,54,1,53,1" doraHai="10,52" doraHaiUra="72,87" who="1" fromWho="1" sc="360,-43,315,139,240,-43,75,-43" /><INIT seed="1,4,0,3,4,133" ten="317,454,197,32" oya="1" hai0="11,121,53,81,107,108,0,31,76,70,20,119,77" hai1="58,126,87,101,29,5,63,85,96,3,75,6,8" hai2="116,128,83,26,43,23,64,84,19,94,47,68,112" hai3="54,80,134,86,35,17,4,90,18,130,38,33,30"/><U21/><E75/><V12/><F116/><W45/><G134/><T114/><D119/><U127/><E6/><V123/><F123/><W92/><G130/><T57/><D114/><U42/><E42/><V9/><F128/><W131/><G131/><T62/><D70/><U36/><E36/><V78/><F112/><W61/><G4/><T132/><D107/><U125/><E21/><V102/><F68/><W100/><G38/><T48/><D132/><U32/><E29/><V1/><F64/><W51/><G61/><T135/><D135/><U113/><E32/><V72/><F1/><W89/><G100/><T99/><D0/><U15/><E3/><V118/><F118/><W14/><G30/><T27/><D11/><U97/><E113/><V110/><F110/><W2/><G2/><T65/><D121/><U59/><E96/><V67/><F67/><W120/><G18/><T98/><D108/><U10/><E10/><V25/><F23/><W55/><G54/><T46/><REACH who="0" step="1"/><D77/><REACH who="0" ten="307,454,197,32" step="2"/><U40/><E40/><V88/><REACH who="2" step="1"/><F102/><REACH who="2" ten="307,454,187,32" step="2"/><W82/><G120/><T111/><D111/><U115/><E115/><V22/><F22/><W28/><G35/><T124/><D124/><U95/><E125/><V93/><F93/><W37/><G33/><T91/><D91/><U39/><E126/><V60/><F60/><W44/><G89/><T74/><AGARI ba="4,2" hai="20,27,31,46,48,53,57,62,65,74,76,81,98,99" machi="74" ten="20,5200,0" yaku="1,1,0,1,7,1,53,1" doraHai="133" doraHaiUra="50" who="0" fromWho="0" sc="307,84,454,-30,187,-17,32,-17" /><INIT seed="2,0,0,1,3,49" ten="391,424,170,15" oya="2" hai0="91,103,41,97,83,76,108,5,40,39,71,112,118" hai1="27,106,7,134,34,11,99,127,59,80,89,35,46" hai2="47,72,119,90,62,105,131,42,114,17,68,111,21" hai3="33,16,45,10,107,64,20,85,110,88,129,133,70"/><V44/><F114/><W123/><G123/><T6/><D112/><U117/><E117/><V94/><F119/><W79/><G33/><T109/><D118/><U104/><E134/><V22/><F105/><W121/><G121/><T48/><D71/><U73/><E127/><V58/><F72/><W66/><G133/><T115/><D39/><U78/><E59/><V53/><F131/><W24/><G129/><T116/><D115/><U37/><E89/><V87/><F111/><N who="0" m="42570" /><D91/><U135/><E135/><V29/><F68/><W51/><G107/><N who="1" m="41002" /><E99/><V12/><F42/><N who="0" m="16490" /><D48/><U30/><E46/><V125/><F125/><W92/><G70/><T2/><D2/><N who="1" m="503" /><E34/><V4/><F4/><W132/><G110/><T102/><D116/><U36/><AGARI ba="0,0" hai="27,30,35,36,37,73,78,80" m="503,41002" machi="36" ten="30,2000,0" yaku="33,2" doraHai="49" who="1" fromWho="1" sc="391,-5,424,20,170,-10,15,-5" /><INIT seed="3,0,0,2,3,131" ten="386,444,160,10" oya="3" hai0="12,2,25,121,82,93,51,83,73,30,105,76,15" hai1="26,65,98,67,80,124,114,78,119,17,89,39,97" hai2="120,35,63,28,122,66,47,74,125,18,128,107,21" hai3="92,59,81,112,70,77,16,84,132,11,86,1,91"/><W61/><G132/><T69/><D121/><N who="2" m="46698" /><F128/><W115/><G70/><T44/><D105/><U58/><E39/><V55/><F107/><W79/><G79/><T57/><D2/><U109/><E114/><V123/><F123/><W110/><G110/><T29/><D69/><U62/><E98/><V36/><F74/><W19/><G1/><T117/><D117/><U53/><E17/><V94/><F125/><W38/><G38/><T46/><D29/><U133/><E26/><N who="2" m="18839" /><F94/><W31/><G31/><T101/><D83/><U111/><E53/><V87/><F87/><W96/><G86/><T8/><D57/><U24/><E58/><V27/><F55/><W45/><G45/><T126/><D126/><U108/><E62/><V43/><F63/><W7/><G7/><T104/><D104/><U75/><E89/><V72/><F72/><W41/><G41/><T6/><D12/><U116/><E24/><V42/><F42/><W71/><G71/><T4/><D6/><U118/><E124/><V14/><F66/><N who="1" m="25097" /><E97/><V103/><F103/><W130/><G130/><T3/><D3/><U49/><E49/><V127/><F127/><W20/><G11/><T33/><REACH who="0" step="1"/><D51/><REACH who="0" ten="376,444,160,10" step="2"/><U0/><E0/><V5/><F5/><W34/><G34/><T22/><D22/><U134/><AGARI ba="0,1" hai="75,78,80,108,109,111,116,118,119,133,134" m="25097" machi="134" ten="50,8000,1" yaku="14,1,12,1,52,2" doraHai="131" who="1" fromWho="1" sc="376,-20,444,90,160,-20,10,-40" owari="356,15.6,534,63.4,140,-26.0,-30,-53.0" /></mjloggm>