<mjloggm ver="2.3"><GO type="225" lobby="0"/><UN n0="%77%72%77%72%77%72%77%72" n1="%E4%B8%89%E5%86%A0%E7%8E%8B%E3%83%BB%E5%B1%B1%E7%94%B0%E5%93%B2%E4%BA%BA" n2="%E3%83%AD%E3%83%83%E3%83%86%E9%9B%80%E7%90%83" n3="%E9%BB%92%E9%89%84%E7%8F%A0%E9%9B%AB" dan="16,17,17,16" rate="2111.92,2189.49,2254.07,2143.84" sx="M,M,M,F"/><TAIKYOKU oya="0"/><INIT seed="0,0,0,4,1,56" ten="250,250,250,250" oya="0" hai0="70,17,71,18,122,49,63,73,132,43,35,105,1" hai1="66,79,89,75,86,82,64,72,3,98,15,134,10" hai2="57,51,81,54,7,77,120,4,30,58,135,55,2" hai3="48,123,114,26,22,118,33,14,101,25,20,121,90"/><T5/><D73/><U40/><E134/><V69/><F135/><W108/><G101/><T61/><D132/><U42/><E3/><V38/><F120/><N who="3" m="46155" /><G48/><T12/><D122/><U8/><E75/><V129/><F129/><W115/><G90/><T32/><D105/><U6/><E8/><V46/><F69/><W95/><G95/><T41/><D1/><U9/><E9/><V76/><F2/><W112/><G118/><T13/><D49/><U103/><E66/><V21/><F38/><W62/><G62/><T29/><D29/><U68/><E64/><V37/><F37/><W119/><G119/><T31/><D31/><U44/><E68/><V113/><F113/><W93/><G93/><T102/><D5/><N who="2" m="2122" /><F81/><W85/><G33/><T96/><D96/><U60/><E82/><V24/><F58/><W65/><G65/><T67/><D67/><U124/><E72/><V117/><F117/><W130/><G130/><T97/><D97/><U36/><E98/><V110/><F110/><W53/><G108/><T84/><D84/><U50/><E86/><V27/><F27/><N who="3" m="10251" /><G85/><T74/><D74/><U88/><E36/><V45/><F45/><W34/><G34/><T28/><D28/><U39/><E44/><V52/><F57/><W128/><G128/><T92/><D92/><U125/><E39/><V16/><F30/><W111/><G111/><T94/><D94/><U107/><E107/><V91/><F91/><W106/><G106/><T116/><D116/><U99/><E88/><V133/><F133/><W83/><G83/><T78/><D78/><AGARI ba="0,0" hai="16,21,24,46,51,52,54,55,76,77,78" m="2122" machi="78" ten="30,3900,0" yaku="8,1,54,2" doraHai="56" who="2" fromWho="0" sc="250,-39,250,0,250,39,250,0" /><INIT seed="1,0,0,1,1,22" ten="211,250,289,250" oya="1" hai0="117,92,6,27,130,29,79,85,68,88,48,93,49" hai1="97,75,54,134,116,56,96,71,59,105,106,17,44" hai2="83,100,104,129,94,66,118,20,132,52,43,80,11" hai3="124,99,64,131,1,35,122,78,40,26,62,135,3"/><U24/><E71/><V86/><F104/><W57/><G122/><T112/><D117/><U5/><E75/><V63/><F118/><W101/><G135/><T111/><D112/><U16/><E116/><V13/><F129/><W110/><G131/><T9/><D130/><U133/><E44/><V42/><F132/><W2/><G110/><T38/><D111/><U76/><E76/><V36/><F36/><W73/><G124/><T41/><D68/><U74/><E74/><V128/><F66/><W90/><G40/><T98/><D38/><U107/><E107/><V7/><F128/><W123/><G123/><T21/><D41/><U0/><E54/><V32/><F32/><W113/><G90/><T12/><REACH who="0" step="1"/><D79/><REACH who="0" ten="201,250,289,250" step="2"/><U51/><E134/><V120/><F120/><W127/><G113/><T50/><D50/><U125/><E51/><V84/><F43/><W30/><G78/><T61/><D61/><U8/><E133/><V67/><F63/><W72/><REACH who="3" step="1"/><G127/><REACH who="3" ten="201,250,289,240" step="2"/><T81/><D81/><U87/><E125/><V91/><F83/><W23/><G23/><T60/><D60/><U109/><E109/><V15/><F20/><W82/><G82/><T58/><D58/><U25/><E59/><V95/><F80/><W14/><G14/><T65/><D65/><U89/><E56/><V47/><F15/><W10/><G10/><T69/><D69/><U108/><E108/><V46/><F13/><W115/><G115/><T39/><D39/><U37/><E37/><V4/><F11/><W45/><G45/><N who="2" m="16905" /><F42/><W53/><G53/><T33/><D33/><U126/><E126/><RYUUKYOKU ba="0,2" sc="201,15,250,-15,289,-15,240,15" hai0="6,9,12,21,27,29,48,49,85,88,92,93,98" hai3="1,2,3,26,30,35,57,62,64,72,73,99,101" /><INIT seed="2,1,2,1,4,97" ten="216,235,274,255" oya="2" hai0="36,115,4,71,118,27,80,64,110,40,38,31,55" hai1="78,29,12,19,111,125,20,131,22,3,35,14,103" hai2="82,17,9,37,90,126,15,108,32,48,73,21,133" hai3="89,28,2,44,116,130,121,129,86,100,42,70,65"/><V88/><F37/><W113/><G116/><T60/><D115/><U10/><E111/><V1/><F32/><W122/><G2/><T74/><D110/><U7/><E78/><V45/><F108/><W57/><G28/><T51/><D118/><U18/><E103/><V52/><F126/><W79/><G79/><T69/><D4/><U112/><E131/><N who="3" m="50186" /><G70/><T132/><D132/><U66/><E66/><V54/><F133/><W72/><G72/><T119/><D119/><U114/><E125/><V53/><F73/><W106/><G113/><T61/><D80/><U39/><E39/><N who="0" m="14889" /><D27/><AGARI ba="1,2" hai="3,7,10,12,14,18,19,20,22,27,29,35,112,114" machi="27" ten="40,12000,2" yaku="9,1,24,2,34,3" doraHai="97" who="1" fromWho="0" sc="216,-123,235,143,274,0,255,0" /><INIT seed="3,0,0,2,3,130" ten="93,378,274,255" oya="3" hai0="43,124,45,111,22,96,69,85,94,97,49,118,6" hai1="129,51,1,77,62,13,98,114,88,109,105,38,108" hai2="74,82,116,104,101,75,93,18,89,2,79,61,37" hai3="23,12,24,81,55,60,42,123,70,30,26,95,127"/><W56/><G123/><T33/><D33/><U28/><E38/><V106/><F37/><W10/><G127/><T44/><D124/><U0/><E77/><V76/><F2/><W122/><G122/><T41/><D111/><U36/><E28/><V99/><F18/><W71/><G42/><T19/><D118/><U66/><E105/><N who="2" m="40555" /><F61/><W15/><G26/><T46/><D69/><U73/><E73/><N who="2" m="27659" /><F116/><W115/><G81/><T84/><D6/><U52/><E62/><V125/><F125/><W92/><G115/><T47/><D96/><U112/><E98/><V100/><F79/><W20/><G71/><T110/><D110/><U8/><E0/><V27/><F27/><N who="3" m="16743" /><G70/><T68/><D68/><U40/><E40/><V86/><AGARI ba="0,0" hai="76,82,86,89,93,99,100,101" m="27659,40555" machi="86" ten="30,8000,1" yaku="35,5" doraHai="130" who="2" fromWho="2" sc="93,-20,378,-20,274,80,255,-40" owari="73,-42.7,358,45.8,354,15.4,215,-18.5" /></mjloggm>