<mjloggm ver="2.3"><GO type="225" lobby="0"/><UN n0="%E3%83%B4%E3%82%A3%E3%83%AF%E3%82%B3%E3%82%B0%E3%83%8B" n1="%72%61%6B%33" n2="%E3%81%82%E3%81%B9%E3%81%99%E3%81%91" n3="%E9%80%9F%E6%B0%B4%E5%87%9B%E9%A6%99" dan="16,17,16,16" rate="2179.53,2209.03,2108.19,2129.34" sx="M,M,M,F"/><TAIKYOKU oya="0"/><INIT seed="0,0,0,3,5,22" ten="250,250,250,250" oya="0" hai0="24,34,133,99,107,18,117,76,129,92,65,5,66" hai1="62,46,41,110,124,90,56,58,73,63,121,54,71" hai2="109,44,0,122,53,32,108,135,52,70,95,80,72" hai3="64,83,11,20,111,89,31,36,125,74,48,33,134"/><T88/><D117/><U100/><E73/><V86/><F122/><W28/><G36/><T57/><D133/><U14/><E100/><V40/><F135/><W118/><G134/><T45/><D129/><U114/><E121/><V35/><F70/><W67/><G118/><T84/><D107/><U98/><E110/><N who="2" m="42603" /><F0/><W30/><G125/><T115/><D115/><U23/><E124/><V7/><F7/><W106/><G33/><N who="2" m="12873" /><F95/><W102/><G102/><T27/><D34/><U50/><E71/><V120/><F72/><W131/><G106/><T9/><D45/><U130/><E130/><V94/><F94/><W75/><G75/><T81/><D18/><U49/><E114/><V97/><F97/><W47/><G74/><T1/><REACH who="0" step="1"/><D57/><REACH who="0" ten="240,250,250,250" step="2"/><U15/><E58/><V2/><F120/><W19/><G131/><T59/><D59/><U126/><E126/><V82/><F2/><W39/><G111/><T116/><D116/><U29/><E63/><V77/><F82/><W6/><G83/><T51/><D51/><AGARI ba="0,1" hai="40,44,51,52,53,77,80,86" m="12873,42603" machi="51" ten="30,2000,0" yaku="14,1,54,1" doraHai="22" who="2" fromWho="0" sc="240,-20,250,0,250,30,250,0" /><INIT seed="1,0,0,0,4,124" ten="220,250,280,250" oya="1" hai0="118,88,85,57,132,37,104,87,18,97,39,96,107" hai1="129,79,54,74,120,29,115,24,52,98,65,91,68" hai2="83,62,17,72,35,105,31,80,111,14,95,16,128" hai3="45,89,77,73,28,10,100,84,99,119,61,53,94"/><U11/><E115/><V25/><F105/><N who="0" m="40522" /><D57/><U63/><E120/><V2/><F2/><W67/><G119/><T33/><D33/><U93/><E129/><V43/><F128/><W8/><G28/><T20/><D118/><U81/><REACH who="1" step="1"/><E11/><REACH who="1" ten="220,240,280,250" step="2"/><V78/><F111/><W51/><G8/><T106/><D132/><U70/><E70/><V103/><F72/><W9/><G10/><T121/><D121/><U135/><E135/><V134/><F134/><W27/><G9/><T13/><D39/><U12/><E12/><V116/><F14/><W64/><G73/><T101/><D37/><U82/><E82/><V126/><F83/><W5/><G5/><T102/><D13/><U117/><E117/><V127/><F80/><N who="3" m="49287" /><G77/><T23/><D23/><AGARI ba="0,1" hai="23,24,29,52,54,63,65,68,74,79,81,91,93,98" machi="23" ten="30,5800,0" yaku="1,1,7,1,54,1,53,0" doraHai="124" doraHaiUra="3" who="1" fromWho="0" sc="220,-58,240,68,280,0,250,0" /><INIT seed="1,1,0,4,3,126" ten="162,308,280,250" oya="1" hai0="116,20,44,5,24,4,134,109,42,29,32,62,38" hai1="34,132,79,52,125,48,65,30,75,105,69,47,53" hai2="9,67,106,49,123,107,87,15,58,112,27,84,92" hai3="120,39,40,31,85,72,97,36,98,127,70,93,63"/><U60/><E125/><V103/><F123/><W124/><G72/><T101/><D134/><U80/><E132/><V1/><F1/><W81/><G120/><T133/><D133/><U128/><E105/><V61/><F107/><W59/><G31/><T82/><D116/><U33/><E128/><V21/><F106/><W111/><G111/><T3/><D109/><U19/><E30/><V86/><F49/><W108/><G70/><T54/><D101/><U118/><E118/><V46/><F46/><W6/><G6/><T68/><D3/><U41/><REACH who="1" step="1"/><E19/><REACH who="1" ten="162,298,280,250" step="2"/><N who="2" m="8687" /><F112/><W76/><G127/><T89/><D32/><AGARI ba="1,1" hai="32,33,34,41,47,48,52,53,60,65,69,75,79,80" machi="32" ten="40,3900,0" yaku="1,1,54,1,53,0" doraHai="126" doraHaiUra="10" who="1" fromWho="0" sc="162,-42,298,52,280,0,250,0" /><INIT seed="1,2,0,3,2,2" ten="120,350,280,250" oya="1" hai0="35,85,132,61,114,13,32,64,97,118,80,107,122" hai1="94,102,20,1,121,21,31,45,50,40,28,8,93" hai2="47,103,33,115,127,49,18,89,79,78,109,17,39" hai3="25,68,134,120,3,66,38,133,83,96,0,67,41"/><U73/><E121/><V65/><F39/><W119/><G120/><T24/><D114/><U98/><E73/><V43/><F33/><W71/><G25/><T58/><D118/><U46/><E94/><V125/><F109/><W60/><G41/><T19/><D122/><U72/><E72/><V90/><F103/><W62/><G38/><T84/><D132/><N who="3" m="50793" /><G119/><T26/><D35/><U16/><E46/><V86/><F65/><N who="3" m="24587" /><G83/><T9/><D32/><U54/><E40/><V10/><F115/><W130/><G96/><T131/><D131/><U29/><REACH who="1" step="1"/><E1/><REACH who="1" ten="120,340,280,250" step="2"/><N who="3" m="586" /><G130/><T30/><D80/><U108/><E108/><V105/><F43/><W116/><G116/><T99/><D99/><U59/><E59/><V56/><F56/><W48/><G48/><T92/><D107/><U129/><E129/><V117/><F49/><W126/><G126/><T88/><REACH who="0" step="1"/><D24/><REACH who="0" ten="110,340,280,250" step="2"/><U76/><E76/><V23/><F105/><W113/><G113/><T100/><D100/><U112/><E112/><V110/><F79/><W53/><G53/><T11/><D11/><U91/><E91/><V101/><F78/><W52/><G52/><T106/><D106/><U111/><E111/><V104/><F90/><W4/><G68/><T7/><D7/><U34/><E34/><V95/><F104/><W36/><G71/><T63/><D63/><U5/><E5/><V128/><F101/><W22/><G4/><T14/><D14/><AGARI ba="2,2" hai="8,14,16,20,21,28,29,31,45,50,54,93,98,102" machi="14" ten="40,7700,0" yaku="1,1,8,1,54,1,53,0" doraHai="2" doraHaiUra="69" who="1" fromWho="0" sc="110,-83,340,103,280,0,250,0" /><INIT seed="1,3,0,4,1,5" ten="27,443,280,250" oya="1" hai0="57,74,85,16,94,38,3,47,25,8,117,49,11" hai1="45,122,24,12,55,98,97,121,131,124,90,84,83" hai2="22,73,32,31,35,10,99,102,39,66,60,0,132" hai3="75,54,133,6,41,79,109,30,42,2,36,101,77"/><U59/><E124/><V78/><F39/><W28/><G109/><T58/><D74/><U110/><E131/><V62/><F62/><W53/><G101/><T82/><D117/><U7/><E110/><V52/><F132/><W21/><G6/><T92/><D38/><U69/><E69/><V128/><F73/><W100/><G2/><T71/><D71/><U33/><E45/><V15/><F78/><W95/><G36/><T116/><D116/><U129/><E129/><V106/><F0/><W89/><G100/><T108/><D108/><U104/><E33/><V105/><F52/><W114/><G114/><T13/><D25/><U134/><E24/><V4/><F106/><W68/><G68/><T135/><D135/><U44/><E44/><V123/><F123/><W51/><G75/><T86/><D3/><U27/><E27/><V93/><F105/><W40/><G21/><T91/><D8/><U126/><E126/><V118/><F118/><W61/><G28/><T120/><D120/><U64/><E134/><V26/><F128/><W46/><G30/><T65/><D65/><U81/><E64/><V48/><F48/><W19/><G133/><T115/><D115/><U29/><E29/><V112/><F112/><W37/><G37/><T76/><REACH who="0" step="1"/><D94/><REACH who="0" ten="17,443,280,250" step="2"/><N who="1" m="54599" /><E121/><V34/><F34/><W18/><G95/><T72/><D72/><U87/><E122/><V111/><F111/><W80/><G80/><T70/><D70/><AGARI ba="3,1" hai="4,10,15,22,26,31,32,35,60,66,70,93,99,102" machi="70" ten="30,2000,0" yaku="7,1,52,1" doraHai="5" who="2" fromWho="0" sc="17,-29,443,0,280,39,250,0" owari="-12,-51.2,443,54.3,319,11.9,250,-15.0" /></mjloggm>