<mjloggm ver="2.3"><GO type="225" lobby="0"/><UN n0="%E3%81%8B%E3%82%8F%E3%81%A1%E3%82%83%E3%82%93%35%38" n1="%E5%A4%9C%E3%81%AE%E3%82%AC%E3%82%B9%E3%83%91%E3%83%BC%E3%83%AB" n2="%E3%82%BC%E3%83%AB%E3%83%80%E3%81%AE%E4%BC%9D%E8%AA%AC" n3="%E5%B0%8F%E9%B3%A5%E9%81%8A%E7%B7%B4%E7%84%A1%32%31%E6%AD%B3" dan="16,16,17,16" rate="2121.12,2076.74,2141.03,2210.66" sx="M,M,M,F"/><TAIKYOKU oya="0"/><INIT seed="0,0,0,2,5,116" ten="250,250,250,250" oya="0" hai0="53,95,44,114,69,70,71,4,68,101,80,105,90" hai1="129,109,24,89,74,49,2,0,112,37,131,50,86" hai2="10,106,135,32,65,63,93,117,22,45,118,78,19" hai3="130,81,113,51,36,98,23,75,55,85,1,110,122"/><T79/><D114/><U94/><E74/><V8/><F106/><W77/><G113/><T103/><D105/><U34/><E112/><V123/><F32/><W47/><G110/><T17/><D4/><U6/><E37/><V54/><F135/><W14/><G130/><N who="1" m="49674" /><E109/><V62/><F78/><W58/><G1/><N who="1" m="618" /><E6/><V124/><F124/><W83/><G98/><T72/><N who="0" m="17408" /><DORA hai="30" /><T43/><D53/><U56/><E56/><V66/><F93/><W119/><G119/><T18/><D103/><U100/><E100/><V59/><F59/><W11/><G23/><T40/><D101/><U99/><E99/><V39/><F22/><W29/><G29/><AGARI ba="0,0" hai="24,29,34,49,50,86,89,94" m="618,49674" machi="29" ten="30,2000,0" yaku="19,1,52,1" doraHai="116,30" who="1" fromWho="3" sc="250,0,250,20,250,0,250,-20" /><INIT seed="1,0,0,0,5,45" ten="250,270,250,230" oya="1" hai0="48,61,91,9,27,60,59,114,58,1,71,127,51" hai1="22,111,21,25,24,124,126,19,81,42,84,76,16" hai2="3,134,65,83,39,129,79,109,123,106,0,18,125" hai3="135,23,28,30,108,67,104,107,131,26,10,96,78"/><U43/><REACH who="1" step="1"/><E111/><REACH who="1" ten="250,260,250,230" step="2"/><V73/><RYUUKYOKU type="yao9" ba="0,1" sc="250,0,260,0,250,0,230,0" hai2="0,3,18,39,65,73,79,83,106,109,123,125,129,134" /><INIT seed="1,1,1,0,1,108" ten="250,260,250,230" oya="1" hai0="103,117,122,67,106,99,17,71,70,44,89,24,48" hai1="72,18,28,74,62,65,55,58,113,47,85,59,95" hai2="112,23,133,8,27,2,6,42,20,124,37,75,54" hai3="66,56,3,64,41,40,90,36,88,135,92,14,77"/><U101/><E113/><V15/><F75/><W107/><G107/><T73/><D117/><U63/><E28/><V30/><F37/><W84/><G3/><T110/><D73/><U111/><E111/><V120/><F42/><N who="3" m="16491" /><G77/><T127/><D67/><N who="3" m="25641" /><G36/><T21/><D110/><U4/><E47/><V25/><F54/><W45/><G45/><T68/><D127/><U105/><E4/><V34/><F120/><W38/><G38/><T46/><D122/><U10/><E105/><V39/><F39/><W78/><G135/><T123/><D123/><U91/><REACH who="1" step="1"/><E101/><REACH who="1" ten="250,250,250,230" step="2"/><V35/><F124/><W5/><G56/><T76/><D46/><U61/><E61/><V33/><F133/><W12/><G5/><T87/><D44/><U129/><E129/><V131/><F131/><W96/><G78/><T57/><D76/><U19/><E19/><N who="2" m="12447" /><F112/><W121/><G121/><T115/><D115/><U128/><E128/><V109/><F109/><W29/><G29/><T49/><REACH who="0" step="1"/><D57/><REACH who="0" ten="240,250,250,230" step="2"/><U132/><E132/><V7/><F7/><W126/><G126/><T118/><D118/><U116/><E116/><V114/><F114/><W0/><G0/><AGARI ba="1,3" hai="0,2,6,8,15,23,27,30,33,34,35" m="12447" machi="0" ten="30,8000,1" yaku="35,5" doraHai="108" who="2" fromWho="3" sc="240,0,250,0,250,113,230,-83" /><INIT seed="2,0,0,2,2,119" ten="240,250,363,147" oya="2" hai0="104,47,80,70,124,27,2,48,21,36,92,12,107" hai1="90,25,38,129,95,53,4,45,40,85,58,74,3" hai2="11,64,84,133,99,56,61,39,72,13,19,115,82" hai3="94,37,79,134,87,50,9,108,126,23,41,62,100"/><V8/><F115/><W114/><G114/><T68/><D2/><U123/><E129/><V24/><F133/><W135/><G37/><T132/><D36/><U22/><E74/><V75/><F39/><W66/><G108/><T28/><D132/><N who="3" m="50729" /><G126/><T81/><D124/><U131/><E131/><V35/><F99/><N who="3" m="59511" /><G23/><T14/><D70/><U44/><E44/><V103/><F103/><W77/><G87/><T59/><D68/><U93/><E93/><V5/><F35/><W112/><G9/><T65/><D107/><U76/><E76/><V130/><F130/><W32/><G32/><T71/><D71/><U18/><E4/><V128/><F128/><W26/><G26/><T0/><D0/><U46/><E3/><V10/><F24/><W6/><G6/><T127/><D104/><U42/><E38/><V43/><F10/><W67/><G112/><T111/><D111/><U117/><E25/><V30/><F11/><W34/><G34/><T52/><D127/><U51/><E22/><V29/><F75/><W57/><G67/><T73/><D92/><U98/><E95/><V78/><F72/><W7/><G7/><T69/><D69/><U89/><E85/><V54/><F64/><W15/><G15/><N who="0" m="5675" /><D73/><U1/><E1/><V118/><F5/><W120/><G79/><T122/><D122/><U31/><E123/><V55/><F78/><W109/><G77/><T86/><D86/><U91/><E98/><V101/><F84/><W113/><G109/><T116/><D116/><U105/><E117/><V96/><F118/><W33/><G113/><T60/><AGARI ba="0,0" hai="21,27,28,47,48,52,59,60,65,80,81" m="5675" machi="60" ten="30,4000,0" yaku="5,1,8,1,54,1" doraHai="119" who="0" fromWho="0" sc="240,40,250,-10,363,-20,147,-10" /><INIT seed="3,0,0,4,0,109" ten="280,240,343,137" oya="3" hai0="116,81,97,106,99,18,60,56,95,72,4,6,115" hai1="113,55,14,32,11,3,123,28,34,125,44,73,76" hai2="50,104,63,71,36,43,82,51,20,70,121,78,12" hai3="22,96,64,79,66,114,57,62,41,58,94,30,42"/><W129/><G129/><T120/><D116/><U9/><E123/><V83/><F104/><W47/><G79/><T118/><D118/><U75/><E113/><V111/><F111/><W52/><G114/><T86/><D120/><U88/><E125/><V101/><F101/><W128/><G128/><T15/><D72/><U49/><E3/><V122/><F36/><W17/><G30/><T68/><D68/><U45/><E11/><V91/><F91/><N who="3" m="55391" /><G47/><T33/><D33/><U92/><E76/><V5/><F71/><W135/><G135/><T90/><D99/><U40/><E28/><V24/><F70/><W2/><G2/><T16/><D106/><U110/><E110/><V10/><F78/><W107/><G107/><T65/><D115/><U19/><E34/><V133/><F133/><W13/><G66/><T69/><D69/><U124/><E32/><V48/><F121/><W131/><G131/><T59/><D59/><U25/><E124/><V93/><F122/><W98/><G98/><T117/><D117/><U0/><E0/><V87/><F43/><W85/><G85/><T27/><D27/><U130/><E25/><V89/><F63/><AGARI ba="0,0" hai="13,17,22,41,42,52,57,58,62,63,64" m="55391" machi="63" ten="30,2900,0" yaku="8,1,54,1" doraHai="109" who="3" fromWho="2" sc="280,0,240,0,343,-29,137,29" /><INIT seed="3,1,0,2,2,39" ten="280,240,314,166" oya="3" hai0="105,4,18,23,71,127,91,38,74,41,60,56,99" hai1="97,61,24,134,76,33,5,47,9,119,21,27,14" hai2="88,126,34,25,100,66,58,80,13,37,57,90,10" hai3="87,85,106,110,19,16,7,124,123,112,111,17,115"/><W28/><G106/><T29/><D74/><U122/><E122/><V67/><F37/><W55/><G55/><T103/><D127/><U72/><E134/><V64/><F126/><W1/><G124/><T121/><D121/><U92/><E119/><V50/><F34/><W48/><G48/><T2/><D71/><U31/><E76/><V22/><F100/><W20/><G123/><T120/><D120/><U69/><E72/><V132/><F132/><W70/><G70/><T98/><D29/><U40/><E61/><V44/><F58/><W53/><G53/><T36/><D4/><U118/><E69/><V89/><F57/><W30/><G20/><T65/><D2/><U131/><E118/><V125/><F125/><W62/><G62/><T101/><D91/><U11/><E131/><V46/><F80/><W86/><G7/><T113/><D113/><N who="3" m="43593" /><G1/><T79/><D79/><U102/><E11/><V6/><F50/><W83/><G83/><T32/><D32/><U0/><E0/><V15/><F15/><W135/><G135/><T107/><D41/><U51/><E33/><V73/><F73/><W93/><G93/><T114/><D114/><U43/><E43/><V8/><F8/><W104/><G104/><T63/><D63/><U84/><E27/><AGARI ba="1,0" hai="18,23,27,36,38,56,60,65,98,99,101,103,105,107" machi="27" ten="30,2000,0" yaku="7,1,9,1" doraHai="39" who="0" fromWho="1" sc="280,23,240,-23,314,0,166,0" owari="303,10.3,217,-18.3,314,41.4,166,-33.4" /></mjloggm>