<mjloggm ver="2.3"><GO type="225" lobby="0"/><UN n0="%73%75%7A%75%72%61%6E%65" n1="%37%2F%32%E3%81%AB%E7%94%9F%E3%81%BE%E3%82%8C%E3%81%A6" n2="%E8%A8%88%E7%AE%97%E6%A9%9F%E8%87%AA%E7%84%B6" n3="%E6%80%AA%E3%81%97%E3%81%99%E3%81%8E%E3%82%8B%E3%83%81%E3%83%BC" dan="16,17,17,16" rate="2093.90,2172.65,2231.40,2106.76" sx="M,M,M,M"/><TAIKYOKU oya="0"/><INIT seed="0,0,0,1,4,5" ten="250,250,250,250" oya="0" hai0="108,126,41,118,55,115,29,35,56,129,10,68,65" hai1="102,39,69,116,60,127,38,48,82,64,135,106,94" hai2="131,36,75,109,111,125,100,31,34,101,107,47,57" hai3="13,14,77,6,78,26,9,12,92,59,46,42,62"/><T17/><D115/><U90/><E116/><V8/><F75/><W86/><G26/><T3/><D118/><U30/><E127/><V53/><F125/><W105/><G105/><T24/><D126/><U32/><E135/><V44/><F131/><W113/><G113/><T70/><D129/><U97/><E48/><V28/><F107/><W130/><G130/><T95/><D41/><U98/><REACH who="1" step="1"/><E82/><REACH who="1" ten="250,240,250,250" step="2"/><V51/><F51/><N who="3" m="27095" /><G92/><T123/><D95/><U73/><E73/><V104/><F104/><W120/><G120/><T103/><D123/><U40/><E40/><V25/><F111/><W114/><G114/><T117/><D108/><U16/><E16/><V124/><F109/><W66/><G78/><T134/><D134/><U121/><E121/><V83/><F124/><W79/><G77/><T7/><D117/><U20/><E20/><V88/><F83/><AGARI ba="0,1" hai="6,9,12,13,14,59,62,66,79,83,86" m="27095" machi="83" ten="30,3900,0" yaku="25,1,8,1,52,1" doraHai="5" who="3" fromWho="2" sc="250,0,240,0,250,-39,250,49" /><INIT seed="1,0,0,4,3,69" ten="250,240,211,299" oya="1" hai0="84,46,2,125,77,59,94,7,39,91,61,10,45" hai1="127,65,130,58,135,92,23,88,0,33,14,126,60" hai2="105,55,67,52,51,26,115,116,57,70,50,111,123" hai3="38,12,99,93,63,108,64,53,21,120,106,28,117"/><U66/><E0/><V40/><F105/><W83/><G120/><T121/><D125/><N who="1" m="47627" /><E33/><V101/><F101/><W103/><G38/><T102/><D121/><U100/><E100/><V75/><F75/><W11/><G108/><T87/><D102/><U129/><E66/><V74/><F74/><W8/><G117/><T42/><D45/><U134/><E23/><V96/><F96/><W132/><G106/><T114/><D114/><U79/><E79/><V76/><F76/><W43/><G132/><N who="1" m="50730" /><E14/><V9/><F123/><W119/><G12/><T24/><D24/><U86/><AGARI ba="0,0" hai="58,60,65,86,88,92,129,130" m="50730,47627" machi="86" ten="40,12000,1" yaku="30,2,18,1,20,1,54,1" doraHai="69" who="1" fromWho="1" sc="250,-40,240,120,211,-40,299,-40" /><INIT seed="1,1,0,3,3,24" ten="210,360,171,259" oya="1" hai0="84,127,76,111,36,15,135,48,55,85,123,0,60" hai1="45,63,105,97,110,120,71,102,87,129,9,12,70" hai2="101,115,30,133,49,13,128,74,78,56,73,47,19" hai3="104,89,42,68,43,81,7,1,117,29,3,61,16"/><U79/><E120/><V46/><F128/><W52/><G104/><T116/><D116/><U75/><E129/><V132/><F101/><W25/><G117/><T72/><D123/><U86/><E110/><V34/><F56/><N who="3" m="34951" /><G3/><T18/><D0/><U38/><E75/><V54/><F115/><W39/><G1/><T119/><D119/><U77/><E77/><V64/><F64/><W2/><G39/><T33/><D33/><U98/><E97/><V92/><F92/><W14/><G7/><T109/><D36/><U108/><E108/><N who="0" m="41545" /><D135/><N who="2" m="51786" /><F46/><W57/><G57/><N who="0" m="32999" /><D60/><U41/><E79/><V32/><F78/><W125/><G2/><T10/><D127/><U40/><E41/><V80/><F80/><AGARI ba="1,0" hai="10,15,18,72,76,80,84,85" m="32999,41545" machi="80" ten="30,1000,0" yaku="14,1" doraHai="24" who="0" fromWho="2" sc="210,13,360,0,171,-13,259,0" /><INIT seed="2,0,0,3,2,130" ten="223,360,158,259" oya="2" hai0="40,125,70,2,10,135,28,124,52,36,11,121,43" hai1="102,131,107,119,94,75,30,37,134,27,22,57,33" hai2="99,65,108,71,126,63,12,69,13,92,66,84,83" hai3="127,6,23,42,44,29,74,133,54,21,112,132,77"/><V16/><F126/><N who="0" m="48746" /><D121/><U38/><E119/><V76/><F108/><W4/><G127/><T39/><D70/><U105/><E22/><N who="3" m="8202" /><G54/><T62/><D28/><U49/><E94/><V25/><F25/><W101/><G101/><T5/><D10/><U90/><E90/><V80/><F80/><N who="3" m="45111" /><G29/><T114/><D114/><U32/><E49/><V117/><F117/><W24/><G24/><T109/><D109/><U41/><E57/><V60/><REACH who="2" step="1"/><F16/><REACH who="2" ten="223,360,148,259" step="2"/><W73/><G112/><T91/><D5/><U31/><E27/><V47/><F47/><W82/><G82/><T56/><D11/><U34/><E30/><V88/><AGARI ba="0,1" hai="12,13,60,63,65,66,69,71,76,83,84,88,92,99" machi="88" ten="20,12000,1" yaku="1,1,0,1,7,1,9,1,54,1,53,0" doraHai="130" doraHaiUra="1" who="2" fromWho="2" sc="223,-40,360,-40,148,130,259,-40" /><INIT seed="2,1,0,0,0,130" ten="183,320,278,219" oya="2" hai0="113,82,106,61,111,60,71,129,84,124,30,33,102" hai1="29,135,45,103,15,79,117,88,21,101,70,1,109" hai2="91,77,54,74,55,89,6,93,16,123,46,13,58" hai3="90,37,47,131,56,10,96,81,126,50,48,100,35"/><V78/><F123/><W83/><G35/><T27/><D113/><U18/><E117/><V94/><F6/><W17/><G131/><T92/><D129/><U116/><E116/><V120/><F120/><W62/><G126/><T104/><D124/><U95/><E1/><V118/><F46/><W39/><G39/><T42/><D42/><U69/><E109/><V107/><F107/><W7/><G17/><T99/><D111/><U112/><E112/><V64/><F64/><W115/><G37/><T23/><D71/><U98/><E79/><V132/><F74/><W134/><G134/><T36/><D36/><U105/><E135/><V122/><F122/><W53/><G90/><T0/><D0/><U12/><E45/><V14/><F118/><W75/><G50/><T72/><D33/><U108/><E108/><V26/><F26/><W66/><G75/><T86/><D86/><U2/><E2/><V80/><F80/><W76/><G76/><T41/><D41/><U68/><E29/><V114/><F58/><W57/><G56/><T44/><D44/><U133/><E133/><V38/><F38/><W85/><G85/><T127/><D127/><U125/><E125/><V59/><F59/><W40/><G40/><T110/><D110/><U11/><REACH who="1" step="1"/><E105/><REACH who="1" ten="183,310,278,219" step="2"/><V22/><F132/><W43/><G43/><T52/><D106/><U19/><AGARI ba="1,1" hai="11,12,15,18,19,21,68,69,70,88,95,98,101,103" machi="19" ten="40,8000,1" yaku="1,1,2,1,0,1,54,1,53,1" doraHai="130" doraHaiUra="5" who="1" fromWho="1" sc="183,-21,310,93,278,-41,219,-21" /><INIT seed="3,0,0,5,5,11" ten="162,403,237,198" oya="3" hai0="110,44,132,100,13,25,33,6,87,60,10,123,107" hai1="85,82,30,43,38,126,88,81,131,58,94,21,111" hai2="130,133,7,92,65,18,117,115,28,73,69,116,90" hai3="35,32,72,53,64,51,56,0,68,8,93,108,71"/><W16/><G72/><T120/><D110/><U106/><E111/><V39/><F115/><W95/><G108/><T74/><D74/><U49/><E106/><V124/><F39/><W80/><G80/><T3/><D132/><U22/><E126/><V29/><F73/><W97/><G93/><T125/><D125/><U1/><E1/><V40/><F40/><W27/><G0/><T23/><D87/><U105/><E105/><V31/><F7/><W47/><G32/><T102/><D44/><U78/><E131/><V36/><F36/><W2/><G35/><T57/><D33/><U134/><E38/><V50/><F130/><W129/><G129/><T4/><D4/><U135/><E82/><V55/><F133/><N who="1" m="50697" /><E30/><V99/><F28/><W98/><G98/><T17/><D3/><U42/><E58/><V59/><F59/><W128/><G128/><T77/><D77/><U12/><E12/><V62/><F124/><W61/><G2/><T83/><D83/><U19/><E19/><V121/><F18/><W84/><G84/><T54/><REACH who="0" step="1"/><D107/><REACH who="0" ten="152,403,237,198" step="2"/><U75/><E43/><V46/><F46/><AGARI ba="0,1" hai="21,22,42,46,49,75,78,81,85,88,94" m="50697" machi="46" ten="30,2000,0" yaku="20,1,54,1" doraHai="11" who="1" fromWho="2" sc="152,0,403,30,237,-20,198,0" owari="152,-34.8,433,53.3,217,1.7,198,-20.2" /></mjloggm>