<mjloggm ver="2.3"><GO type="225" lobby="0"/><UN n0="%48%61%61%61%6C%61%6E%64" n1="%E3%81%B5%E3%81%98%E3%81%8B%E3%81%A4" n2="%E3%81%BF%E3%81%BF%E3%81%9A" n3="%72%69%6F%75%63%68%61%6E" dan="18,16,17,16" rate="2292.16,2209.90,2252.85,2110.75" sx="M,M,M,M"/><TAIKYOKU oya="0"/><INIT seed="0,0,0,5,3,37" ten="250,250,250,250" oya="0" hai0="28,18,38,41,97,63,111,91,12,14,124,4,46" hai1="24,69,35,88,134,66,101,65,8,5,100,51,13" hai2="39,71,0,42,129,52,16,23,15,132,96,2,84" hai3="68,105,133,6,44,108,82,62,36,106,79,32,72"/><T25/><D124/><U17/><E134/><V85/><F132/><W3/><G108/><T83/><D111/><U122/><E122/><V19/><F71/><W128/><G128/><T47/><D4/><U43/><E69/><V115/><F115/><W57/><G32/><T80/><D63/><U135/><E135/><V73/><F73/><W102/><G102/><N who="1" m="39530" /><E35/><V130/><F96/><W64/><G57/><T86/><D97/><U22/><E88/><V31/><F31/><W114/><G114/><T58/><D58/><U7/><E7/><V127/><F127/><W76/><G76/><T119/><D119/><U9/><E9/><V112/><F112/><W123/><G123/><T1/><D1/><U95/><E95/><V89/><F89/><W117/><G117/><T55/><D83/><U26/><E26/><V53/><F39/><W90/><G90/><T109/><D109/><U92/><E92/><V29/><F15/><W113/><G133/><T87/><D87/><U27/><E27/><V34/><F34/><W121/><G121/><T131/><D131/><U104/><E104/><V74/><F74/><W126/><G126/><T56/><D56/><U110/><E110/><V21/><F29/><W70/><G68/><T49/><REACH who="0" step="1"/><D18/><REACH who="0" ten="240,250,250,250" step="2"/><U107/><E107/><V60/><F60/><N who="3" m="40199" /><G113/><T120/><D120/><U11/><E11/><V125/><F125/><W33/><G62/><T75/><D75/><U94/><E94/><V10/><F10/><N who="3" m="2399" /><G33/><AGARI ba="0,1" hai="12,14,25,28,33,38,41,46,47,49,55,80,86,91" machi="33" ten="30,11600,0" yaku="1,1,7,1,52,1,53,1" doraHai="37" doraHaiUra="81" who="0" fromWho="3" sc="240,126,250,0,250,0,250,-116" /><INIT seed="0,1,0,5,4,72" ten="366,250,250,134" oya="0" hai0="112,2,41,74,77,79,108,103,47,92,110,53,24" hai1="109,48,13,14,34,11,18,127,87,134,86,29,44" hai2="117,40,90,64,128,89,52,116,102,76,17,27,69" hai3="36,119,73,99,54,61,93,66,31,58,57,81,45"/><T114/><D2/><U88/><E109/><N who="0" m="42089" /><D53/><U101/><E127/><V132/><F40/><W59/><G119/><N who="2" m="45641" /><F132/><W49/><G31/><T122/><D122/><U16/><E134/><V100/><F128/><W131/><G131/><T78/><D74/><U33/><E29/><V135/><F135/><W84/><G73/><T118/><D118/><U96/><E86/><V38/><F76/><N who="3" m="46119" /><G36/><N who="0" m="21927" /><D24/><U85/><E85/><V15/><F27/><W32/><G32/><T80/><D80/><U37/><E37/><V7/><F38/><W82/><G82/><T26/><D26/><U65/><E65/><V70/><F64/><W19/><G19/><T98/><AGARI ba="1,0" hai="77,78,79,92,98,103,112,114" m="21927,42089" machi="98" ten="40,12000,1" yaku="14,1,10,1,52,3" doraHai="72" who="0" fromWho="0" sc="366,123,250,-41,250,-41,134,-41" /><INIT seed="0,2,0,0,4,44" ten="489,209,209,93" oya="0" hai0="37,7,108,15,0,101,105,28,6,121,1,51,88" hai1="56,72,67,60,63,93,18,32,65,116,29,80,68" hai2="2,119,10,85,17,34,75,43,112,49,76,58,61" hai3="69,90,89,118,91,122,36,81,52,131,125,127,25"/><T73/><D37/><U96/><E116/><V100/><F112/><W64/><G118/><T124/><D121/><U115/><E115/><V3/><F119/><W47/><G122/><T26/><D73/><U126/><E126/><N who="3" m="48138" /><G131/><T30/><D124/><U24/><E18/><V123/><F34/><W27/><G81/><T53/><D108/><U19/><E19/><V5/><F75/><W133/><G133/><T106/><D15/><U98/><E72/><V45/><F100/><W82/><G82/><T20/><D28/><U113/><E113/><V16/><F2/><W23/><G36/><T130/><D130/><U57/><E80/><N who="2" m="47239" /><F3/><W78/><G78/><T35/><D0/><U33/><E68/><V102/><F102/><W38/><G38/><T86/><D35/><U9/><E9/><V94/><F94/><W95/><G95/><T99/><D1/><U97/><REACH who="1" step="1"/><E33/><REACH who="1" ten="489,199,209,93" step="2"/><V110/><F123/><W62/><G23/><T40/><D20/><U55/><E55/><N who="2" m="34015" /><F110/><W111/><G111/><T71/><D71/><U11/><E11/><V12/><AGARI ba="2,1" hai="5,10,12,16,17,43,45,49" m="34015,47239" machi="12" ten="30,7900,0" yaku="25,1,8,1,52,1,54,1" doraHai="44" who="2" fromWho="2" sc="489,-41,199,-22,209,95,93,-22" /><INIT seed="1,0,0,3,4,67" ten="448,177,304,71" oya="1" hai0="23,5,30,40,20,128,73,15,75,105,22,12,131" hai1="29,39,58,114,74,45,11,125,50,96,27,98,47" hai2="37,52,135,116,48,65,2,87,95,85,21,61,3" hai3="63,82,88,18,77,100,54,76,16,81,55,108,80"/><U83/><E114/><V36/><F116/><W121/><G108/><T31/><D105/><U89/><E125/><V132/><F21/><W71/><G121/><T62/><D40/><U130/><E130/><N who="0" m="49705" /><D62/><U84/><E74/><N who="0" m="28169" /><D5/><U133/><E133/><N who="2" m="51275" /><F95/><W26/><G100/><T43/><D43/><U120/><E120/><V59/><F87/><W68/><G88/><T124/><D124/><U1/><E39/><N who="2" m="14923" /><F85/><W64/><G26/><T56/><D56/><AGARI ba="0,0" hai="2,3,48,52,56,59,61,65" m="14923,51275" machi="56" ten="30,2000,0" yaku="20,1,54,1" doraHai="67" who="2" fromWho="0" sc="448,-20,177,0,304,20,71,0" /><INIT seed="2,0,0,4,2,75" ten="428,177,324,71" oya="2" hai0="88,121,113,58,31,112,11,129,104,45,132,20,1" hai1="55,126,82,120,68,14,37,53,23,80,4,28,133" hai2="117,47,135,5,66,81,89,57,42,71,119,30,34" hai3="60,50,51,95,122,63,44,134,74,125,87,15,107"/><V111/><F71/><W12/><G122/><T46/><D121/><U25/><E68/><V116/><F135/><W41/><G134/><T8/><D132/><U77/><E120/><V48/><F5/><W105/><G74/><T9/><D1/><U110/><E37/><V19/><F111/><W64/><G125/><T103/><D129/><U39/><E110/><V0/><F0/><W115/><G115/><T90/><D104/><U123/><E123/><V16/><F30/><W10/><G51/><T52/><D103/><U35/><E126/><V36/><F34/><W86/><G15/><T32/><D32/><U78/><E35/><V102/><F102/><W21/><G21/><T99/><D112/><U96/><E96/><V76/><F89/><N who="0" m="34410" /><D99/><U127/><E39/><V70/><F70/><W118/><G118/><T49/><D113/><U24/><E24/><AGARI ba="0,0" hai="8,9,11,20,24,31,45,46,49,52,58" m="34410" machi="24" ten="30,3900,0" yaku="8,1,54,2" doraHai="75" who="0" fromWho="1" sc="428,39,177,-39,324,0,71,0" /><INIT seed="3,0,0,3,4,47" ten="467,138,324,71" oya="3" hai0="96,58,10,44,79,18,53,127,63,93,74,46,43" hai1="129,134,99,116,108,14,54,50,76,60,35,39,80" hai2="130,124,113,122,45,49,82,75,69,135,27,36,106" hai3="109,91,38,94,8,25,68,71,78,37,62,119,55"/><W95/><G119/><T128/><D127/><U20/><E35/><V97/><F49/><W7/><G109/><T28/><D28/><U83/><E39/><V0/><F45/><W90/><G78/><T131/><D74/><U107/><E99/><V100/><F27/><W89/><G25/><T56/><D79/><U121/><E121/><V105/><F97/><W4/><G55/><N who="0" m="34207" /><D43/><U112/><E112/><V64/><F82/><W77/><G77/><T85/><D85/><U51/><E129/><N who="0" m="49737" /><D18/><U13/><E134/><V65/><F100/><W66/><G71/><T110/><D10/><U133/><E14/><V117/><F65/><W24/><G24/><T61/><D110/><U41/><E13/><V15/><F15/><W84/><G4/><T5/><D5/><U59/><E41/><V17/><F17/><W40/><G40/><T126/><D126/><U88/><E107/><V48/><F48/><W125/><G125/><T16/><D16/><U11/><E11/><V26/><F26/><W19/><G19/><T31/><D31/><U81/><E20/><V57/><F57/><W120/><G120/><T86/><D86/><N who="1" m="50271" /><E116/><V34/><F64/><W23/><G23/><T12/><D12/><U21/><E108/><AGARI ba="0,0" hai="0,34,36,69,75,105,106,108,113,117,122,124,130,135" machi="108" ten="0,32000,5" yakuman="47" doraHai="47" who="2" fromWho="1" sc="467,0,138,-320,324,320,71,0" owari="467,26.7,-182,-68.2,644,74.4,71,-32.9" /></mjloggm>