<mjloggm ver="2.3"><GO type="225" lobby="0"/><UN n0="%4C%4F%4C%49%54%41" n1="%E3%81%BE%E3%81%A8%E3%81%9F" n2="%E3%83%9E%E3%83%AB%E3%83%9E%E3%83%AB%E3%81%A1%E3%82%83%E3%82%93" n3="%E6%A1%9C%E8%8A%B1%E9%96%83%E3%80%85" dan="16,16,16,17" rate="2171.74,2120.45,2111.07,2222.98" sx="F,M,M,M"/><TAIKYOKU oya="0"/><INIT seed="0,0,0,3,4,43" ten="250,250,250,250" oya="0" hai0="116,40,49,59,74,81,24,27,133,56,34,6,16" hai1="130,122,63,77,100,66,3,120,2,106,11,38,89" hai2="37,25,15,50,123,113,118,101,72,48,47,5,105" hai3="107,19,90,39,85,42,102,4,79,128,82,88,35"/><T80/><D116/><U87/><E38/><V55/><F113/><W65/><G128/><T31/><D133/><U73/><E130/><V44/><F123/><W119/><G119/><T14/><D6/><U125/><E125/><V109/><F37/><W67/><G35/><T103/><D103/><U78/><E3/><V132/><F132/><W117/><G117/><T61/><D27/><U10/><E10/><V93/><F118/><W0/><G19/><T111/><D111/><U83/><E77/><V99/><F72/><W84/><G4/><T28/><D28/><U45/><E11/><V114/><F114/><W92/><G0/><T135/><D135/><U131/><E2/><V98/><F109/><W30/><G30/><T7/><D7/><U57/><E45/><V18/><F25/><W41/><G79/><T8/><D74/><U75/><E131/><V96/><F105/><W13/><G13/><T68/><D68/><U124/><E124/><V104/><F104/><W86/><G86/><T95/><D95/><N who="1" m="54719" /><E75/><V21/><F5/><W94/><G82/><T112/><D112/><U29/><E29/><V26/><F26/><W126/><G126/><T17/><D17/><U69/><E69/><V58/><F58/><N who="0" m="22058" /><D61/><U115/><E115/><V32/><F32/><W91/><G91/><T64/><D64/><N who="3" m="24649" /><G39/><T23/><D34/><U12/><E12/><V51/><F51/><W54/><G54/><AGARI ba="0,0" hai="15,18,21,44,47,48,50,54,55,93,96,98,99,101" machi="54" ten="30,8000,1" yaku="7,1,9,1,8,1,52,2" doraHai="43" who="2" fromWho="3" sc="250,0,250,0,250,80,250,-80" /><INIT seed="1,0,0,4,3,75" ten="250,250,330,170" oya="1" hai0="132,9,106,58,67,39,86,133,81,55,90,103,102" hai1="62,48,6,59,108,72,121,119,127,95,89,71,65" hai2="4,54,31,40,118,92,104,0,46,76,17,79,69" hai3="27,52,124,78,43,60,49,87,94,116,135,45,99"/><U61/><E119/><V1/><F104/><W14/><G124/><T28/><D39/><U21/><E121/><V98/><F69/><W107/><G135/><N who="0" m="51787" /><D28/><U41/><E127/><V56/><F31/><W110/><G110/><T51/><D106/><U134/><E134/><V112/><F118/><W11/><G116/><T30/><D30/><U77/><E108/><V18/><F112/><W22/><G107/><T96/><D67/><U20/><E6/><V129/><F129/><W130/><G130/><T24/><D24/><U44/><E77/><N who="2" m="29771" /><F1/><W109/><G22/><T12/><D96/><U93/><E93/><V125/><F0/><W123/><G27/><T114/><D114/><U10/><E10/><V115/><F4/><AGARI ba="0,0" hai="4,9,12,51,55,58,81,86,90,102,103" m="51787" machi="4" ten="30,1000,0" yaku="20,1" doraHai="75" who="0" fromWho="2" sc="250,10,250,0,330,-10,170,0" /><INIT seed="2,0,0,4,0,106" ten="260,250,320,170" oya="2" hai0="29,119,76,15,50,51,74,20,39,49,25,5,128" hai1="116,89,7,67,104,108,65,112,132,135,80,22,3" hai2="19,66,114,32,8,41,122,103,121,125,101,55,98" hai3="90,130,118,96,43,120,53,38,58,10,1,100,24"/><V117/><F114/><W84/><G118/><T45/><D119/><U57/><E116/><V85/><F32/><W109/><G120/><T77/><D128/><U81/><E104/><V99/><F117/><W36/><G109/><T6/><D74/><U78/><E112/><V86/><F41/><W16/><G130/><T4/><D39/><U48/><E7/><N who="0" m="2633" /><D45/><U12/><E3/><V126/><F19/><W11/><G1/><T14/><D6/><U59/><E81/><V115/><F55/><W61/><G43/><T91/><D91/><U9/><E89/><V34/><F8/><W60/><G60/><T133/><D133/><N who="1" m="51275" /><E9/><V92/><F66/><N who="1" m="25097" /><E48/><V68/><F34/><W44/><G44/><T42/><D42/><U62/><E62/><V111/><F68/><W107/><G10/><T93/><D93/><U26/><E12/><AGARI ba="0,0" hai="12,14,15,20,25,29,49,50,51,76,77" m="2633" machi="12" ten="30,1000,0" yaku="8,1" doraHai="106" who="0" fromWho="1" sc="260,10,250,-10,320,0,170,0" /><INIT seed="3,0,0,3,4,81" ten="270,240,320,170" oya="3" hai0="91,100,129,86,84,106,43,7,76,88,36,77,94" hai1="98,124,135,24,20,123,85,107,17,27,18,33,59" hai2="79,1,15,25,2,125,5,19,54,39,105,110,102" hai3="47,131,41,134,73,57,46,23,11,90,103,130,92"/><W8/><G73/><T62/><D129/><N who="3" m="49161" /><G134/><T6/><D106/><U45/><E123/><V74/><F74/><W96/><G23/><T108/><D100/><U28/><E135/><V95/><F1/><W51/><G57/><T31/><D108/><U112/><E112/><V72/><F2/><W12/><G12/><T13/><D31/><U69/><E69/><V101/><F15/><W50/><G103/><T55/><D43/><AGARI ba="0,0" hai="8,11,41,43,46,47,50,51,90,92,96" m="49161" machi="43" ten="30,1500,0" yaku="19,1" doraHai="81" who="3" fromWho="0" sc="270,-15,240,0,320,0,170,15" /><INIT seed="3,1,0,4,4,120" ten="255,240,320,185" oya="3" hai0="63,62,96,47,125,39,75,53,31,101,110,23,41" hai1="37,123,49,20,9,131,78,7,42,64,74,124,114" hai2="24,105,71,107,119,109,134,60,11,22,14,86,4" hai3="40,88,65,6,83,16,21,126,80,89,94,5,113"/><W104/><G113/><T57/><D75/><U52/><E123/><V91/><F119/><W8/><G104/><T2/><D2/><U48/><E114/><V73/><F73/><W129/><G129/><T127/><D110/><U103/><E64/><V25/><F109/><W55/><G126/><N who="0" m="48139" /><D23/><U97/><E124/><V0/><F25/><N who="3" m="14503" /><G65/><T15/><D15/><U38/><E48/><V82/><F134/><W116/><G116/><T45/><D31/><U1/><E20/><V35/><F71/><W36/><G36/><T79/><D79/><U102/><E102/><V118/><F118/><W50/><G40/><T51/><D47/><U18/><E18/><N who="2" m="10583" /><F60/><W43/><G43/><T66/><D66/><U28/><E42/><V76/><F76/><W121/><G121/><T69/><D69/><U90/><E28/><AGARI ba="1,0" hai="0,4,11,24,28,35,82,86,91,105,107" m="10583" machi="28" ten="30,1000,0" yaku="24,1" doraHai="120" who="2" fromWho="1" sc="255,0,240,-13,320,13,185,0" owari="255,5.5,227,-17.3,333,43.3,185,-31.5" /></mjloggm>