<mjloggm ver="2.3"><GO type="225" lobby="0"/><UN n0="%72%69%6F%75%63%68%61%6E" n1="%E3%81%9F%E3%81%8C%E3%82%84%E3%81%99" n2="%E3%81%99%E3%81%84%E3%81%BE%E3%81%9B%E3%83%BC%E3%82%93" n3="%E3%80%93%E3%81%97%E3%83%BC%E3%82%89%E3%80%93" dan="16,17,18,16" rate="2153.97,2174.31,2190.69,2116.72" sx="M,M,M,M"/><TAIKYOKU oya="0"/><INIT seed="0,0,0,4,2,114" ten="250,250,250,250" oya="0" hai0="58,39,32,94,108,72,40,60,99,126,5,73,131" hai1="74,133,100,6,12,104,97,113,130,13,127,68,30" hai2="84,101,81,3,120,24,11,124,19,45,0,93,22" hai3="112,33,77,46,91,98,64,53,75,115,134,57,37"/><T44/><D126/><U76/><E68/><V71/><F120/><W42/><G33/><T107/><D131/><U87/><E30/><V80/><F71/><W9/><G98/><T34/><D108/><U121/><E6/><V23/><F124/><W86/><G134/><T67/><D107/><U17/><E12/><V26/><F45/><W92/><G77/><T31/><D5/><U70/><E70/><V56/><F56/><W117/><G75/><T82/><D82/><N who="1" m="45335" /><E13/><V59/><F59/><W2/><G117/><T1/><D1/><U102/><E17/><V15/><F0/><W18/><G64/><T109/><D109/><U119/><E127/><V51/><F51/><W10/><G18/><T55/><D34/><U65/><E65/><V29/><F3/><W8/><REACH who="3" step="1"/><G2/><REACH who="3" ten="250,250,250,240" step="2"/><T129/><D129/><U128/><E128/><V116/><F116/><W96/><G96/><T14/><D32/><U28/><E130/><V78/><F101/><W95/><G95/><T49/><D31/><U35/><E102/><V88/><F78/><W122/><G122/><T21/><D14/><U61/><E121/><V123/><F123/><W36/><G36/><T135/><D135/><U47/><E133/><V125/><F125/><W7/><G7/><AGARI ba="0,1" hai="7,11,15,19,22,23,24,26,29,80,81,84,88,93" machi="7" ten="30,3900,0" yaku="7,1,8,1,54,1" doraHai="114" who="2" fromWho="3" sc="250,0,250,0,250,49,240,-39" /><INIT seed="1,0,0,4,1,90" ten="250,250,299,201" oya="1" hai0="24,7,76,22,128,4,42,109,107,44,30,69,28" hai1="40,48,110,98,60,64,19,77,5,58,20,50,79" hai2="91,106,39,6,95,1,117,17,120,15,122,33,113" hai3="84,124,46,74,29,135,59,14,45,86,99,54,93"/><U80/><E5/><V96/><F117/><W65/><G74/><T26/><D109/><U78/><E110/><V133/><F33/><W70/><G124/><T89/><D128/><U12/><E40/><V130/><F130/><W51/><G135/><T11/><D69/><U62/><E80/><V53/><F133/><W8/><G70/><T56/><D107/><U49/><E62/><V0/><F39/><W103/><G29/><T10/><D76/><U102/><REACH who="1" step="1"/><E79/><REACH who="1" ten="250,240,299,201" step="2"/><V16/><F6/><N who="3" m="3351" /><G45/><T35/><D4/><U75/><E75/><V32/><F0/><W112/><G112/><T61/><D7/><U81/><E81/><V38/><F113/><W18/><G18/><T27/><D44/><U94/><AGARI ba="0,1" hai="12,19,20,48,49,50,58,60,64,77,78,94,98,102" machi="94" ten="30,11700,0" yaku="1,1,0,1,8,1,52,1,53,0" doraHai="90" doraHaiUra="41" who="1" fromWho="1" sc="250,-39,240,127,299,-39,201,-39" /><INIT seed="1,1,0,5,0,69" ten="211,367,260,162" oya="1" hai0="24,112,97,15,124,59,99,4,58,54,94,104,63" hai1="110,78,80,3,61,25,12,79,120,74,44,53,108" hai2="119,66,62,43,127,10,70,55,121,0,75,106,123" hai3="95,9,103,132,115,93,91,14,31,21,82,65,23"/><U19/><E3/><V40/><F119/><W135/><G115/><T38/><D112/><U49/><E120/><V84/><F75/><W52/><G65/><T7/><D124/><U1/><E1/><V27/><F106/><W77/><G103/><T13/><D38/><U56/><E25/><V131/><F127/><W29/><G9/><T26/><D104/><U107/><E107/><V37/><F27/><N who="0" m="10282" /><D97/><U22/><E79/><V109/><F43/><W122/><G122/><T68/><D68/><U85/><E74/><V128/><F55/><W101/><G101/><N who="0" m="60663" /><D58/><U88/><REACH who="1" step="1"/><E78/><REACH who="1" ten="211,357,260,162" step="2"/><V57/><F0/><W133/><G77/><T92/><D92/><U83/><E83/><V64/><F123/><W113/><G82/><T86/><D86/><U96/><E96/><V42/><F84/><W36/><G113/><T60/><D15/><U114/><E114/><V87/><F87/><W100/><G14/><T17/><D60/><U32/><E32/><V116/><F62/><W117/><G100/><T125/><D125/><U134/><E134/><V72/><F72/><W47/><G133/><T129/><D129/><U102/><E102/><V90/><F128/><W35/><G35/><T18/><D13/><U81/><E81/><V33/><F33/><W130/><G130/><T50/><D63/><U45/><E45/><V30/><F131/><W73/><G47/><T76/><D76/><U67/><AGARI ba="1,1" hai="12,19,22,44,49,53,56,61,67,80,85,88,108,110" machi="67" ten="30,11700,0" yaku="1,1,0,1,54,1,53,1" doraHai="69" doraHaiUra="48" who="1" fromWho="1" sc="211,-40,357,130,260,-40,162,-40" /><INIT seed="1,2,0,4,3,123" ten="171,487,220,122" oya="1" hai0="17,29,37,31,47,48,59,122,98,21,116,14,32" hai1="11,54,101,22,130,9,49,82,4,28,27,20,129" hai2="19,121,97,40,100,125,2,38,112,87,110,83,79" hai3="64,91,0,78,107,75,69,124,80,77,71,45,16"/><U115/><E101/><V57/><F121/><W8/><G107/><T105/><D116/><U127/><E82/><V86/><F2/><W102/><G102/><T65/><D122/><U114/><E54/><V118/><F118/><W30/><G30/><T63/><D37/><U106/><E49/><V67/><F125/><W68/><G124/><T120/><D120/><U95/><E95/><V56/><F112/><N who="1" m="43049" /><E106/><V5/><F5/><W111/><G111/><T113/><D32/><N who="1" m="20511" /><E127/><V60/><F110/><W85/><G45/><T133/><D133/><U23/><E4/><V119/><F119/><W39/><G39/><T46/><D113/><U134/><E134/><V10/><F38/><W70/><G0/><T55/><D105/><U12/><E12/><V42/><F87/><W90/><G75/><T131/><D98/><U44/><E44/><V36/><F36/><W135/><G135/><T7/><D7/><U66/><E66/><V94/><F57/><W92/><G64/><T108/><D46/><U84/><E84/><V35/><F67/><W43/><N who="3" m="17408" /><DORA hai="74" /><W51/><G51/><T24/><D14/><U104/><E104/><V58/><F60/><W126/><G43/><T18/><D63/><U109/><E109/><V72/><F72/><W88/><G126/><T3/><D108/><U50/><E50/><V34/><F42/><W117/><G117/><T93/><D65/><U73/><E73/><V52/><F40/><W61/><G61/><T1/><D48/><U81/><E81/><V33/><F52/><W89/><G92/><T6/><D93/><U25/><E25/><RYUUKYOKU ba="2,0" sc="171,-30,487,10,220,10,122,10" hai1="9,11,20,22,23,129,130" hai2="10,19,33,34,35,56,58,79,83,86,94,97,100" hai3="8,16,77,78,80,85,88,89,90,91" /><INIT seed="1,3,0,0,2,69" ten="141,497,230,132" oya="1" hai0="87,135,58,83,80,118,59,33,70,127,11,5,13" hai1="84,90,23,126,44,123,19,113,3,132,4,100,40" hai2="0,110,77,95,1,31,62,121,37,7,43,42,21" hai3="119,67,93,117,109,103,96,39,74,55,54,38,106"/><U24/><E100/><V10/><F121/><W29/><G74/><T91/><D118/><N who="3" m="45065" /><G109/><T102/><D127/><U112/><E132/><V56/><F110/><W49/><G29/><T131/><D131/><U28/><E126/><V114/><F114/><W129/><G129/><T18/><D135/><U94/><E123/><V32/><F32/><W99/><G67/><T66/><D33/><U15/><E4/><V60/><F0/><W75/><G75/><T25/><D102/><U111/><E3/><V116/><F116/><W71/><G71/><T105/><D105/><U8/><REACH who="1" step="1"/><E111/><REACH who="1" ten="141,487,230,132" step="2"/><V47/><F7/><W122/><G122/><T82/><D5/><U72/><E72/><V130/><F1/><W88/><G55/><T2/><D2/><U81/><E81/><V57/><F130/><W27/><G27/><T134/><D25/><U14/><E14/><V30/><F30/><W20/><G20/><T52/><D134/><U78/><E78/><V16/><F77/><W6/><G6/><T53/><D53/><U115/><E115/><V26/><F31/><W22/><G22/><T51/><D70/><U41/><E41/><V89/><F43/><W65/><G65/><T125/><D125/><U104/><E104/><V50/><F26/><W35/><G35/><T79/><D79/><U68/><E68/><V133/><F21/><W61/><G61/><AGARI ba="3,1" hai="11,13,18,51,52,58,59,61,66,80,82,83,87,91" machi="61" ten="40,2600,0" yaku="8,1,54,1" doraHai="69" who="0" fromWho="3" sc="141,45,487,0,230,0,132,-35" /><INIT seed="2,0,0,2,2,135" ten="186,487,230,97" oya="2" hai0="85,3,115,84,80,61,20,101,92,8,10,120,4" hai1="54,33,134,127,16,28,35,97,107,52,104,124,62" hai2="25,57,63,112,73,42,53,69,105,22,31,15,5" hai3="78,77,100,65,99,79,130,113,1,7,47,102,129"/><V103/><F112/><W41/><G65/><T12/><D120/><U40/><E40/><V132/><F73/><W60/><G60/><T110/><D115/><U94/><E134/><V24/><F132/><W9/><G113/><T38/><D38/><U64/><E16/><V133/><F133/><W125/><G125/><N who="1" m="48202" /><E28/><V119/><F42/><W96/><G96/><T46/><D110/><U48/><E52/><V70/><F53/><W98/><G98/><T59/><D46/><N who="1" m="27927" /><E94/><V44/><F44/><W51/><REACH who="3" step="1"/><G99/><REACH who="3" ten="186,487,230,87" step="2"/><T128/><D61/><U82/><E97/><V14/><F63/><W6/><G6/><T75/><D4/><U88/><E62/><V30/><F5/><W109/><G109/><T108/><D108/><U37/><E64/><V116/><F70/><W81/><G81/><T2/><D80/><U50/><E82/><V72/><F69/><W68/><G68/><T83/><D83/><U126/><E126/><V86/><F119/><W27/><G27/><T117/><D117/><U56/><E107/><V36/><F105/><W21/><G21/><T87/><D20/><U74/><E104/><V34/><F22/><W11/><G11/><T13/><D8/><U76/><E33/><V32/><F116/><W45/><G45/><T49/><D10/><U90/><E35/><V67/><F67/><W122/><G122/><T91/><D92/><U66/><E66/><V118/><F118/><W71/><G71/><T111/><D111/><U19/><E56/><V23/><F34/><W29/><G29/><T55/><D59/><U106/><E106/><V58/><F58/><RYUUKYOKU ba="0,1" sc="186,-10,487,-10,230,-10,87,30" hai3="1,7,9,41,47,51,77,78,79,100,102,129,130" /><INIT seed="3,1,1,4,1,127" ten="176,477,220,117" oya="3" hai0="30,109,53,116,70,112,15,134,5,52,46,69,78" hai1="105,36,106,38,99,83,129,130,107,86,31,59,131" hai2="77,23,81,48,108,73,8,124,97,123,80,63,50" hai3="60,18,32,25,44,40,93,51,117,35,16,14,126"/><W13/><G126/><T9/><D116/><U12/><E31/><V118/><F118/><W76/><G117/><T33/><D109/><U41/><E59/><V74/><F124/><W64/><G76/><T72/><D134/><U133/><E133/><V87/><F108/><W98/><G25/><T61/><D112/><U115/><E115/><V91/><F74/><W67/><G14/><T22/><D33/><U92/><E12/><V20/><F123/><W4/><G4/><T0/><D46/><U37/><E92/><V27/><F8/><W55/><G40/><T110/><D110/><U132/><E132/><V68/><F97/><W75/><G75/><T58/><D53/><U120/><E120/><V66/><F20/><W111/><G111/><T104/><D104/><U2/><E2/><V24/><F27/><W11/><G18/><AGARI ba="1,1" hai="18,23,24,48,50,63,66,68,73,77,80,81,87,91" machi="18" ten="30,1000,0" yaku="7,1" doraHai="127" who="2" fromWho="3" sc="176,0,477,0,220,23,117,-13" owari="176,-22.4,477,57.7,243,4.3,104,-39.6" /></mjloggm>