<mjloggm ver="2.3"><GO type="225" lobby="0"/><UN n0="%E6%B8%A9%E2%98%85%E6%83%85%E2%98%85%E6%8E%AA%E2%98%85%E7%BD%AE" n1="%E3%81%97%E3%82%93%E3%81%97%E3%82%93%E3%81%97%E3%82%93" n2="%E9%A2%A8%E3%81%A7%E9%B3%B4%E3%81%8F" n3="%E7%AD%89%E3%80%85%E5%8A%9B%E5%8A%87%E5%A0%B4" dan="16,16,16,16" rate="2145.15,2080.10,2154.98,2136.07" sx="M,F,M,M"/><TAIKYOKU oya="0"/><INIT seed="0,0,0,0,0,103" ten="250,250,250,250" oya="0" hai0="91,64,111,0,104,115,74,69,101,79,3,100,128" hai1="65,133,32,112,45,7,34,113,99,39,50,8,6" hai2="129,72,102,13,43,28,15,52,54,132,75,67,77" hai3="26,131,125,96,63,55,2,33,44,36,109,16,47"/><T23/><D115/><N who="1" m="44107" /><E39/><V30/><F102/><W46/><G2/><T49/><D128/><U93/><E65/><V86/><F86/><W24/><G109/><T110/><D49/><U11/><E133/><V53/><F67/><W41/><G125/><T116/><D116/><U108/><E108/><N who="0" m="41513" /><D23/><U98/><E11/><V114/><F114/><W9/><G131/><T51/><D51/><U121/><E121/><V22/><F22/><W14/><G33/><N who="1" m="12906" /><E93/><V127/><F129/><W58/><G36/><T40/><D40/><N who="1" m="24871" /><E6/><V21/><F21/><W95/><REACH who="3" step="1"/><G41/><REACH who="3" ten="250,250,250,240" step="2"/><T31/><D3/><AGARI ba="0,1" hai="3,7,8,98,99" m="24871,12906,44107" machi="3" ten="30,1000,0" yaku="11,1" doraHai="103" who="1" fromWho="0" sc="250,-10,250,20,250,0,240,0" /><INIT seed="1,0,0,0,0,25" ten="240,270,250,240" oya="1" hai0="17,111,82,49,52,110,127,128,118,32,78,26,2" hai1="21,100,58,97,63,22,117,45,40,4,113,88,71" hai2="28,135,84,67,38,68,18,108,77,55,109,9,83" hai3="90,41,102,120,105,132,69,62,95,16,59,70,116"/><U72/><E117/><V121/><F38/><W0/><G120/><T27/><D118/><U75/><E113/><V114/><F121/><W86/><G116/><T119/><D119/><U10/><E71/><V126/><F114/><W44/><G0/><T89/><D2/><U1/><E75/><V51/><F126/><W24/><G132/><T11/><D127/><U133/><E72/><V46/><F135/><W92/><G105/><T85/><D128/><U56/><E56/><V76/><F76/><W8/><G102/><T65/><D65/><U81/><E133/><V34/><F67/><W23/><G8/><T106/><D106/><U104/><E81/><V93/><F93/><W91/><G44/><N who="0" m="27687" /><D78/><U6/><E88/><V36/><F36/><W19/><G41/><T122/><D122/><U101/><E4/><V7/><F18/><W112/><G112/><T134/><D134/><U98/><E58/><V15/><F68/><W61/><G61/><T64/><D64/><U79/><E63/><V48/><F48/><W50/><G50/><T123/><D123/><U115/><E79/><V57/><F57/><W47/><G47/><T96/><D96/><U80/><E80/><V39/><F39/><W103/><G103/><T66/><D66/><U14/><E1/><V35/><F35/><W60/><G60/><T31/><D27/><U131/><E131/><V73/><F73/><W3/><G3/><T53/><D53/><U87/><E115/><V94/><F94/><W30/><G70/><T29/><D29/><U5/><E104/><V43/><F55/><N who="3" m="34175" /><G69/><T130/><D130/><RYUUKYOKU ba="0,0" sc="240,10,270,-30,250,10,240,10" hai0="11,17,26,31,32,82,85,89,110,111" hai2="7,9,15,28,34,43,46,51,77,83,84,108,109" hai3="16,19,23,24,30,86,90,91,92,95" /><INIT seed="2,1,0,5,5,61" ten="250,240,260,250" oya="2" hai0="23,126,120,29,53,39,44,130,95,57,74,96,99" hai1="112,48,54,52,0,68,118,91,72,93,103,24,9" hai2="100,67,36,75,101,122,83,38,129,81,47,33,80" hai3="84,64,49,65,46,82,89,4,45,43,63,102,15"/><V28/><F122/><W11/><G63/><T20/><D120/><U104/><E118/><V108/><F75/><W13/><G102/><T60/><D74/><U85/><E112/><V30/><F33/><W14/><REACH who="3" step="1"/><G46/><REACH who="3" ten="250,240,260,240" step="2"/><T77/><D44/><U58/><E103/><V94/><F47/><W51/><G51/><T128/><D60/><U42/><E48/><V127/><F100/><W98/><G98/><T19/><D96/><U5/><E68/><V62/><F38/><W117/><G117/><T90/><D99/><U66/><E58/><V105/><F36/><W71/><G71/><T131/><D57/><U59/><E59/><V1/><F62/><W132/><G132/><T2/><D39/><U50/><E104/><V116/><F101/><W21/><G21/><T86/><D23/><U121/><E50/><V25/><F105/><W76/><G76/><T106/><D20/><U34/><E121/><V37/><F116/><W10/><G10/><T16/><D77/><U27/><E9/><V18/><F37/><W110/><G110/><T78/><D78/><U3/><E34/><V17/><F108/><W123/><G123/><T114/><D106/><U79/><E79/><V119/><F119/><W6/><G6/><T73/><D130/><U69/><E5/><V41/><F129/><W109/><G109/><T35/><D35/><U125/><E72/><V55/><F30/><W12/><AGARI ba="1,1" hai="4,11,12,13,14,15,43,45,49,64,65,82,84,89" machi="12" ten="30,8000,1" yaku="1,1,0,1,8,1,52,2,53,0" doraHai="61" doraHaiUra="113" who="3" fromWho="3" sc="250,-21,240,-21,260,-41,240,93" /><INIT seed="3,0,0,0,1,101" ten="229,219,219,333" oya="3" hai0="75,18,87,0,17,96,70,112,102,92,3,97,93" hai1="81,107,4,121,132,73,43,69,76,11,120,130,88" hai2="15,36,66,16,53,94,7,68,115,27,8,89,52" hai3="91,74,64,134,12,44,34,131,104,125,31,39,60"/><W2/><G91/><T109/><D75/><U122/><E69/><V23/><F36/><W40/><G12/><T33/><D33/><U38/><E130/><V99/><REACH who="2" step="1"/><F115/><REACH who="2" ten="229,219,209,333" step="2"/><W118/><G39/><T119/><D112/><U105/><E132/><V35/><F35/><W128/><G34/><T24/><D109/><U86/><E38/><V48/><F48/><W90/><G134/><T26/><D119/><U32/><E32/><V63/><AGARI ba="0,1" hai="7,8,15,16,23,27,52,53,63,66,68,89,94,99" machi="63" ten="30,12000,2" yaku="1,1,0,1,54,2,53,2" doraHai="101" doraHaiUra="49" who="2" fromWho="2" sc="229,-30,219,-30,209,130,333,-60" owari="199,-20.1,189,-31.1,339,43.9,273,7.3" /></mjloggm>