<mjloggm ver="2.3"><GO type="225" lobby="0"/><UN n0="%E6%81%A5%E6%99%92%E3%81%97" n1="%E3%81%A4%E3%81%A3%E3%81%B1%E3%82%8A%E3%83%9D%E3%83%BC%E3%83%AB" n2="%E6%98%93%E5%88%A9%E8%96%A9%E4%BC%AF" n3="%72%69%6F%75%63%68%61%6E" dan="16,16,16,16" rate="2125.73,2132.73,2046.13,2168.52" sx="M,M,F,M"/><TAIKYOKU oya="0"/><INIT seed="0,0,0,3,5,81" ten="250,250,250,250" oya="0" hai0="30,125,97,66,90,112,31,82,119,104,124,17,115" hai1="38,44,73,118,45,128,36,14,60,68,123,64,7" hai2="99,86,32,0,84,105,117,27,134,28,87,3,58" hai3="8,109,100,96,70,2,92,91,53,52,77,18,57"/><T15/><D119/><U39/><E73/><V120/><F117/><W79/><G70/><T35/><D66/><U103/><E118/><V62/><F120/><W49/><G109/><T43/><D43/><U67/><E103/><V122/><F122/><W106/><G18/><T55/><D55/><U23/><E123/><V47/><F134/><W40/><G40/><T131/><D131/><U19/><E128/><V46/><F105/><W93/><G106/><T107/><D97/><U94/><E67/><V16/><F99/><W34/><G34/><T42/><D42/><U63/><E63/><V116/><F116/><W75/><G75/><T61/><D61/><U76/><E76/><V11/><F16/><W6/><REACH who="3" step="1"/><G53/><REACH who="3" ten="250,250,250,240" step="2"/><T108/><D108/><U33/><E33/><V51/><F11/><W101/><G101/><T88/><D17/><U1/><E68/><V95/><F95/><W41/><G41/><T22/><D35/><U9/><E64/><V111/><F111/><W133/><G133/><T102/><D102/><U135/><E135/><V25/><F25/><W10/><G10/><T13/><D22/><U37/><E94/><V59/><F51/><W65/><G65/><T98/><D98/><AGARI ba="0,1" hai="2,6,8,49,52,57,77,79,91,92,93,96,98,100" machi="98" ten="30,8000,1" yaku="1,1,7,1,54,1,53,2" doraHai="81" doraHaiUra="72" who="3" fromWho="0" sc="250,-80,250,0,250,0,240,90" /><INIT seed="1,0,0,3,4,59" ten="170,250,250,330" oya="1" hai0="26,76,24,113,132,23,32,49,2,80,51,22,43" hai1="103,36,95,68,110,30,75,54,19,108,81,127,64" hai2="131,91,135,114,39,34,133,57,96,12,122,7,3" hai3="56,66,63,40,25,123,104,128,117,119,28,35,21"/><U33/><E36/><V17/><F122/><W112/><G128/><T93/><D113/><U134/><E134/><V53/><F39/><W31/><G123/><T85/><D2/><U79/><E127/><V48/><F114/><W88/><G104/><T101/><D132/><U74/><E54/><V15/><F34/><W69/><G112/><T16/><D32/><U46/><E46/><V52/><F131/><W94/><G40/><T11/><D11/><U89/><E103/><V124/><F124/><W99/><REACH who="3" step="1"/><G69/><REACH who="3" ten="170,250,250,320" step="2"/><T37/><D37/><U125/><E125/><V82/><F135/><W107/><G107/><T58/><D43/><U84/><E68/><V109/><F133/><W105/><G105/><T97/><REACH who="0" step="1"/><D58/><REACH who="0" ten="160,250,250,320" step="2"/><U0/><E0/><V129/><F129/><W77/><G77/><T67/><D67/><U106/><E64/><V10/><F3/><W60/><G60/><T29/><AGARI ba="0,2" hai="16,22,23,24,26,29,49,51,76,80,85,93,97,101" machi="29" ten="20,8000,1" yaku="1,1,0,1,7,1,8,1,54,1,53,0" doraHai="59" doraHaiUra="42" who="0" fromWho="0" sc="160,100,250,-40,250,-20,320,-20" /><INIT seed="2,0,0,1,4,109" ten="260,210,230,300" oya="2" hai0="11,20,53,87,128,39,91,0,37,55,84,1,69" hai1="58,135,78,101,43,50,105,74,122,98,108,64,40" hai2="23,9,118,16,100,68,107,127,5,120,113,82,22" hai3="44,8,119,17,2,95,99,112,48,41,124,72,7"/><V117/><F120/><W93/><G119/><T110/><D69/><U89/><E108/><V94/><F68/><W38/><G124/><T10/><D110/><U63/><E122/><V27/><F107/><W96/><G112/><T24/><D24/><U49/><E135/><V88/><F127/><W121/><G121/><T90/><REACH who="0" step="1"/><D20/><REACH who="0" ten="250,210,230,300" step="2"/><U35/><E35/><V102/><F113/><W62/><G72/><T36/><D36/><U57/><E74/><V114/><F114/><W18/><G38/><T32/><D32/><U61/><E78/><V65/><F23/><W123/><G123/><T111/><D111/><U80/><E50/><V12/><F118/><W130/><G130/><AGARI ba="0,1" hai="0,1,10,11,37,39,53,55,84,87,90,91,128,130" machi="130" ten="25,3200,0" yaku="1,1,22,2,53,0" doraHai="109" doraHaiUra="14" who="0" fromWho="3" sc="250,42,210,0,230,0,300,-32" /><INIT seed="3,0,0,3,2,16" ten="292,210,230,268" oya="3" hai0="66,36,88,130,17,131,91,69,40,134,68,2,25" hai1="77,41,105,23,1,58,84,30,111,52,34,117,100" hai2="74,97,9,132,119,79,129,107,67,37,51,135,15" hai3="89,108,14,18,76,93,94,102,109,27,122,71,43"/><W127/><G127/><T133/><D2/><U62/><E1/><V35/><F37/><W96/><G122/><T22/><D40/><U44/><E34/><V50/><F119/><W60/><G76/><T13/><D36/><U125/><E117/><V54/><F35/><W72/><G72/><T32/><D32/><U49/><E125/><V95/><F107/><W11/><G43/><T80/><D25/><N who="1" m="16703" /><E105/><V110/><F67/><W12/><G27/><T103/><D103/><U115/><E111/><N who="3" m="42570" /><G14/><T123/><D123/><U5/><E115/><V53/><F79/><W128/><G128/><N who="0" m="49195" /><D80/><N who="1" m="47119" /><E100/><V59/><F129/><W47/><G47/><T33/><D33/><U99/><E99/><V39/><F74/><W98/><G60/><N who="0" m="40007" /><D69/><AGARI ba="0,0" hai="11,12,18,69,71,89,93,94,96,98,102" m="42570" machi="69" ten="30,2900,0" yaku="14,1,10,1" doraHai="16" who="3" fromWho="0" sc="292,-29,210,0,230,0,268,29" /><INIT seed="3,1,0,2,4,30" ten="263,210,230,297" oya="3" hai0="49,33,62,56,76,28,55,129,113,98,50,96,67" hai1="130,80,34,19,9,43,38,126,24,35,51,73,128" hai2="12,104,89,26,74,68,132,122,86,15,108,118,1" hai3="25,123,40,111,84,77,70,120,82,110,115,48,46"/><W36/><G115/><T103/><D129/><N who="1" m="49771" /><E38/><V127/><F1/><W133/><G133/><T32/><D113/><U42/><E126/><V44/><F74/><W78/><G70/><T85/><D28/><N who="1" m="19719" /><E35/><V109/><F68/><W117/><G117/><T10/><D49/><U93/><E93/><V83/><F104/><W52/><G77/><T121/><D98/><U13/><E51/><V7/><F118/><W131/><G25/><T87/><D10/><U119/><E119/><V112/><F132/><W99/><G99/><T134/><D121/><U11/><E11/><V8/><F122/><W59/><G131/><T45/><D134/><U22/><E9/><V23/><F127/><W31/><G31/><T39/><D39/><U90/><E90/><V124/><F124/><W17/><G17/><T106/><REACH who="0" step="1"/><D87/><REACH who="0" ten="253,210,230,297" step="2"/><U107/><E107/><V116/><F112/><W60/><G36/><T63/><D63/><U0/><E0/><V54/><F116/><W29/><G29/><T101/><D101/><U64/><E64/><V102/><F102/><W4/><G4/><T27/><D27/><U20/><E20/><V57/><F15/><W95/><G123/><T72/><D72/><U81/><E73/><V5/><F23/><W58/><G120/><T75/><D75/><U3/><E3/><V94/><F26/><W91/><G58/><T47/><D47/><U79/><E79/><N who="2" m="46463" /><F7/><W2/><G2/><T135/><D135/><U53/><E53/><V37/><F44/><W88/><G78/><T69/><D69/><U65/><E65/><V105/><F37/><N who="3" m="21775" /><G60/><T92/><D92/><RYUUKYOKU ba="1,1" sc="253,10,210,10,230,-30,297,10" hai0="32,33,45,50,55,56,62,67,76,85,96,103,106" hai1="13,19,22,42,43,80,81" hai3="48,52,59,82,84,88,91,95,110,111" owari="263,6.3,220,-18.0,200,-30.0,317,41.7" /></mjloggm>