<mjloggm ver="2.3"><GO type="225" lobby="0"/><UN n0="%E3%82%A2%E3%82%A4%E3%82%B9%E3%83%86%E3%82%A3%E3%83%BC%E3%81%82%E3%81%B9" n1="%63%68%78%62%64" n2="%72%69%6F%75%63%68%61%6E" n3="%E3%81%82%E3%81%99%E3%81%AB%E3%82%83%E3%82%80" dan="16,16,17,16" rate="2115.11,2123.66,2252.34,2110.87" sx="M,M,M,F"/><TAIKYOKU oya="0"/><INIT seed="0,0,0,4,1,126" ten="250,250,250,250" oya="0" hai0="133,35,122,118,10,106,27,22,79,127,49,116,62" hai1="18,72,55,99,95,46,69,73,14,80,93,108,78" hai2="120,75,90,113,97,51,3,105,2,86,121,19,50" hai3="88,16,52,98,66,123,57,124,102,84,9,132,125"/><T115/><D115/><U34/><E69/><V36/><F113/><W130/><G123/><T129/><D122/><U63/><E34/><V81/><F36/><W40/><G40/><T61/><D106/><U131/><E131/><V96/><F75/><W45/><G130/><T53/><D35/><U56/><E108/><V104/><F19/><W39/><G132/><T21/><D129/><U110/><E110/><V23/><F23/><W28/><G28/><T29/><D127/><N who="3" m="48713" /><G39/><T7/><D133/><U26/><E26/><V91/><F86/><W0/><G0/><T33/><D79/><U37/><E73/><V117/><REACH who="2" step="1"/><F81/><REACH who="2" ten="250,250,240,250" step="2"/><W92/><G9/><T32/><D22/><U112/><E112/><V82/><F82/><W11/><G11/><T111/><D33/><U60/><E37/><V89/><F89/><W70/><G16/><T103/><D32/><U31/><E18/><V74/><F74/><W20/><G20/><T6/><D111/><U134/><E80/><V43/><F43/><W38/><G38/><T65/><D103/><U83/><E83/><V12/><F12/><W85/><G102/><T77/><D77/><U17/><E78/><V128/><F128/><W30/><G30/><T13/><D7/><U114/><E31/><V119/><AGARI ba="0,1" hai="2,3,50,51,90,91,96,97,104,105,117,119,120,121" machi="119" ten="25,12000,2" yaku="1,1,0,1,22,2,53,2" doraHai="126" doraHaiUra="94" who="2" fromWho="2" sc="250,-60,250,-30,240,130,250,-30" /><INIT seed="1,0,0,2,5,52" ten="190,220,370,220" oya="1" hai0="61,9,71,38,103,119,21,40,87,116,84,11,41" hai1="19,18,30,107,68,22,88,59,54,62,31,69,48" hai2="26,70,127,55,51,17,49,81,86,53,14,82,131" hai3="74,126,27,67,110,121,95,24,56,34,35,43,78"/><U100/><E19/><V94/><F127/><W77/><G126/><T36/><D103/><U108/><E108/><V37/><F131/><W130/><G130/><T46/><D21/><U120/><E120/><V97/><F70/><W113/><G113/><T91/><D71/><U0/><E0/><V124/><F37/><W13/><G95/><T42/><D61/><U65/><E69/><V29/><F124/><W44/><G13/><T98/><D98/><U23/><E23/><V6/><F6/><W133/><G44/><T92/><D46/><U66/><E66/><V79/><F82/><W20/><G20/><T109/><D109/><U8/><E8/><V72/><F72/><W57/><G67/><T96/><D96/><U125/><E125/><V7/><F7/><W115/><G115/><T93/><BYE who="3" /><REACH who="0" step="1"/><D42/><REACH who="0" ten="180,220,370,220" step="2"/><U33/><E100/><N who="2" m="60471" /><F55/><UN n3="%E3%81%82%E3%81%99%E3%81%AB%E3%82%83%E3%82%80" /><W73/><G121/><T89/><AGARI ba="0,1" hai="9,11,36,38,40,41,84,87,89,91,92,93,116,119" machi="89" ten="25,6400,0" yaku="1,1,0,1,22,2,53,0" doraHai="52" doraHaiUra="32" who="0" fromWho="0" sc="180,74,220,-32,370,-16,220,-16" /><INIT seed="2,0,0,0,5,68" ten="254,188,354,204" oya="2" hai0="89,17,95,124,77,54,101,131,41,69,3,32,21" hai1="57,117,80,128,118,103,34,13,11,107,48,100,18" hai2="60,98,81,39,125,19,91,79,111,51,93,129,63" hai3="74,134,22,9,102,4,55,33,120,67,62,72,115"/><V121/><F121/><W36/><G120/><T29/><D3/><U73/><E34/><V83/><F125/><W27/><G33/><T105/><D69/><U28/><E128/><V16/><F129/><W82/><G134/><T86/><D131/><U6/><E28/><V1/><F1/><W123/><G123/><T25/><D77/><U52/><E107/><V135/><F135/><W42/><G102/><T46/><D54/><U65/><E65/><V49/><F39/><W78/><G55/><T35/><D124/><U37/><E37/><V59/><F111/><W116/><G116/><T5/><D5/><U30/><E30/><V132/><F132/><W106/><G106/><T114/><D114/><U87/><E73/><V126/><F126/><W75/><G42/><T61/><D61/><U38/><E38/><V90/><F90/><W97/><G97/><T71/><D71/><U8/><E118/><V113/><F113/><W70/><G36/><T64/><D64/><U130/><E130/><V99/><F99/><W45/><G45/><T109/><D109/><U112/><E112/><V94/><F94/><W108/><G108/><T20/><D101/><U56/><E56/><V76/><F63/><W84/><G115/><T12/><D105/><U104/><E104/><V7/><F60/><W40/><G40/><T43/><D43/><U47/><E57/><V92/><F59/><W23/><REACH who="3" step="1"/><G27/><REACH who="3" ten="254,188,354,194" step="2"/><T96/><D96/><U53/><E117/><V0/><F98/><W119/><G119/><T58/><D58/><U122/><E53/><V133/><F133/><W127/><G127/><RYUUKYOKU ba="0,1" sc="254,15,188,-15,354,-15,194,15" hai0="12,17,20,21,25,29,32,35,41,46,86,89,95" hai3="4,9,22,23,62,67,70,72,74,75,78,82,84" /><INIT seed="3,1,1,3,5,116" ten="269,173,339,209" oya="3" hai0="23,89,31,49,107,19,9,134,130,27,21,10,1" hai1="105,42,75,6,120,96,131,66,54,114,50,43,57" hai2="55,62,72,101,33,85,118,99,110,13,69,65,47" hai3="56,94,11,111,16,0,64,46,115,2,60,38,121"/><W17/><G115/><T26/><D107/><U53/><E75/><V4/><F118/><W73/><G73/><T25/><D134/><U81/><E81/><V104/><F72/><W34/><G34/><T80/><D130/><U123/><E6/><V97/><F110/><W67/><G121/><N who="1" m="46666" /><E96/><V48/><F33/><W15/><G67/><T44/><D1/><U102/><E102/><V40/><F97/><W119/><G119/><T74/><D27/><U29/><E29/><V20/><F85/><W61/><G61/><T100/><D100/><U8/><E8/><V45/><F20/><W103/><G111/><T126/><D126/><U39/><E105/><V28/><F28/><W122/><G122/><T92/><D80/><U36/><E114/><V113/><F113/><W24/><G103/><T82/><D82/><U132/><E132/><V30/><F30/><W86/><G2/><T133/><D133/><U129/><E66/><V37/><F4/><W109/><G0/><T128/><D74/><U12/><E12/><V14/><AGARI ba="1,1" hai="13,14,37,40,45,47,48,55,62,65,69,99,101,104" machi="14" ten="30,1100,0" yaku="0,1" doraHai="116" who="2" fromWho="2" sc="269,-4,173,-4,339,24,209,-6" owari="265,6.5,169,-33.1,363,46.3,203,-19.7" /></mjloggm>