<mjloggm ver="2.3"><GO type="225" lobby="0"/><UN n0="%E3%82%BF%E3%83%BC%E3%83%90%E3%83%B3%E9%87%8E%E5%8F%A3" n1="%45%6C%79%73%69%75%6D" n2="%77%72%77%72%77%72%77%72" n3="%74%61%6B%75%61%6B%61" dan="16,17,16,16" rate="2094.73,2115.44,2082.00,2131.34" sx="M,F,M,M"/><TAIKYOKU oya="0"/><INIT seed="0,0,0,0,3,102" ten="250,250,250,250" oya="0" hai0="106,114,105,127,85,10,104,101,53,135,95,80,74" hai1="100,131,39,88,12,62,70,8,11,25,41,0,22" hai2="56,78,20,61,81,60,6,18,48,4,118,14,128" hai3="21,36,109,116,86,2,50,79,124,111,92,107,63"/><T16/><D114/><U26/><E131/><V30/><F128/><W32/><G32/><T117/><D117/><U65/><E100/><V99/><F118/><W7/><G36/><T113/><D113/><U38/><E0/><V45/><F30/><W103/><G116/><T71/><D74/><U84/><E26/><V43/><F99/><N who="3" m="61951" /><G63/><T17/><D71/><U67/><E67/><V49/><F49/><W23/><G50/><T87/><D135/><U46/><E12/><V129/><F129/><W115/><G115/><T76/><D127/><U112/><E39/><V126/><F126/><W15/><G15/><T37/><D37/><U91/><E112/><V119/><F61/><W108/><G124/><T3/><D3/><U5/><E5/><V47/><F47/><W69/><G69/><T57/><D10/><U28/><REACH who="1" step="1"/><E91/><REACH who="1" ten="250,240,250,250" step="2"/><V42/><F119/><W89/><G7/><T9/><D9/><U90/><E90/><V66/><REACH who="2" step="1"/><F42/><REACH who="2" ten="250,240,240,250" step="2"/><W123/><G108/><T35/><D35/><U94/><AGARI ba="0,2" hai="8,11,22,25,28,38,41,46,62,65,70,84,88,94" machi="94" ten="20,5200,0" yaku="1,1,0,1,7,1,54,1,53,0" doraHai="102" doraHaiUra="97" who="1" fromWho="1" sc="250,-26,240,72,240,-13,250,-13" /><INIT seed="1,0,0,3,4,81" ten="224,312,227,237" oya="1" hai0="76,8,6,123,56,116,133,122,105,127,20,14,16" hai1="27,130,22,131,44,99,43,45,100,69,42,107,11" hai2="101,63,135,113,32,108,134,38,41,54,12,92,111" hai3="79,33,51,96,93,49,74,67,117,17,64,70,112"/><U18/><E69/><V0/><F0/><W31/><G112/><T65/><D105/><U3/><E3/><V21/><F32/><W121/><G121/><N who="0" m="46091" /><D116/><U114/><E114/><V58/><F113/><W126/><G126/><T84/><D127/><U37/><REACH who="1" step="1"/><E11/><REACH who="1" ten="224,302,227,237" step="2"/><V28/><F135/><W104/><G70/><T7/><D133/><U9/><E9/><V118/><F134/><W87/><G117/><T34/><D8/><U19/><E19/><V25/><F118/><W129/><G17/><T91/><D34/><U61/><E61/><V60/><F60/><W1/><G33/><T85/><D6/><U48/><AGARI ba="0,1" hai="18,22,27,37,42,43,44,45,48,99,100,107,130,131" machi="48" ten="30,3000,0" yaku="1,1,0,1,53,0" doraHai="81" doraHaiUra="75" who="1" fromWho="1" sc="224,-10,302,40,227,-10,237,-10" /><INIT seed="1,1,0,3,0,120" ten="214,342,217,227" oya="1" hai0="133,115,20,56,76,126,29,110,109,95,106,54,67" hai1="113,55,96,39,8,94,86,65,88,100,4,72,18" hai2="24,10,64,44,108,128,14,104,73,36,21,77,114" hai3="3,6,40,37,13,16,52,82,66,61,134,27,50"/><U103/><E113/><V70/><F108/><N who="0" m="41578" /><D115/><U97/><E39/><V107/><F114/><W116/><G3/><T119/><D119/><U123/><E72/><V42/><F128/><W41/><G37/><T118/><D118/><U11/><E123/><V98/><F98/><W47/><G134/><T87/><D106/><U12/><E65/><V28/><F64/><W7/><G116/><T89/><D133/><U9/><E55/><V58/><F70/><W93/><G93/><T132/><D132/><U111/><E111/><V78/><F58/><N who="3" m="37175" /><G82/><N who="0" m="47559" /><D126/><U53/><E53/><V15/><F15/><W5/><G27/><N who="0" m="16615" /><D67/><U33/><E33/><V38/><F107/><W63/><G63/><N who="0" m="36247" /><D89/><U81/><E18/><V45/><F104/><AGARI ba="1,0" hai="4,8,9,11,12,81,86,88,94,96,97,100,103,104" machi="104" ten="30,2900,0" yaku="7,1,54,1" doraHai="120" who="1" fromWho="2" sc="214,0,342,32,217,-32,227,0" /><INIT seed="1,2,0,5,3,43" ten="214,374,185,227" oya="1" hai0="127,70,89,68,66,54,55,133,36,134,82,58,113" hai1="101,49,6,116,37,7,0,57,30,80,93,111,39" hai2="132,107,25,23,50,129,104,11,27,81,126,98,31" hai3="115,34,67,19,99,3,106,47,90,1,4,17,62"/><U123/><E116/><V61/><F129/><W51/><G34/><T121/><D82/><U38/><E123/><V73/><F132/><N who="0" m="50794" /><D89/><U109/><E30/><V91/><F126/><W13/><G115/><T33/><D113/><U12/><E0/><V63/><F11/><W64/><G4/><T86/><D86/><U112/><E112/><V95/><F50/><W5/><G5/><T45/><D33/><U74/><E93/><V8/><F8/><W20/><G19/><T97/><D97/><U2/><E2/><V87/><F73/><W42/><G67/><T46/><D121/><U125/><E101/><V72/><F72/><W114/><G114/><T29/><D127/><U59/><E125/><V65/><F61/><W131/><G131/><T135/><D29/><U16/><E80/><V75/><F27/><W119/><G119/><T44/><D135/><U117/><E74/><V71/><REACH who="2" step="1"/><F75/><REACH who="2" ten="214,374,175,227" step="2"/><W78/><G1/><T76/><D36/><U40/><E39/><V79/><AGARI ba="2,1" hai="23,25,31,63,65,71,79,81,87,91,95,98,104,107" machi="79" ten="20,8000,1" yaku="1,1,2,1,0,1,7,1,53,1" doraHai="43" doraHaiUra="83" who="2" fromWho="2" sc="214,-22,374,-42,175,96,227,-22" /><INIT seed="2,0,0,0,5,50" ten="192,332,271,205" oya="2" hai0="135,101,38,95,99,73,49,40,107,18,32,110,45" hai1="106,56,28,20,25,132,82,128,34,15,68,133,129" hai2="91,61,127,5,72,94,81,62,35,92,58,114,23" hai3="11,66,123,76,102,100,83,74,12,31,93,13,89"/><V55/><F114/><W41/><G123/><T48/><D110/><U126/><E68/><V130/><F35/><W27/><G66/><T70/><D135/><N who="1" m="51787" /><E106/><V88/><F130/><N who="1" m="50281" /><E82/><V39/><F127/><W120/><G41/><T103/><D70/><U51/><E126/><V67/><F39/><W108/><G108/><T112/><D73/><U3/><E3/><V80/><F5/><W77/><G77/><T0/><D0/><U44/><E56/><N who="2" m="37287" /><F23/><W21/><G120/><T1/><D1/><U96/><E96/><N who="2" m="57351" /><F72/><W6/><G13/><T75/><D75/><U105/><E105/><V10/><F10/><W69/><REACH who="3" step="1"/><G69/><REACH who="3" ten="192,332,271,195" step="2"/><T109/><D109/><U125/><E125/><V8/><F8/><W134/><G134/><T43/><D112/><U30/><E15/><V104/><F104/><W36/><G36/><T53/><D107/><U19/><E34/><V124/><F124/><W131/><G131/><T87/><D32/><U113/><E113/><V26/><F26/><W122/><G122/><T79/><D38/><U14/><E14/><V78/><F78/><W60/><G60/><T85/><D79/><U118/><E25/><V46/><F46/><W57/><G57/><T98/><D48/><U117/><E117/><V7/><F7/><W29/><G29/><T37/><D37/><U121/><E118/><V71/><F71/><W119/><G119/><T42/><D18/><U86/><E121/><V111/><F111/><W54/><G54/><T2/><D2/><U116/><E116/><V63/><F62/><W24/><G24/><T115/><D115/><U90/><E28/><RYUUKYOKU ba="0,1" sc="192,10,332,-30,271,10,195,10" hai0="40,42,43,45,49,53,85,87,95,98,99,101,103" hai2="55,58,63,80,81,91,94" hai3="6,11,12,21,27,31,74,76,83,89,93,100,102" /><INIT seed="2,1,1,3,5,37" ten="202,302,281,205" oya="2" hai0="109,57,20,27,126,84,108,50,39,7,87,9,17" hai1="89,25,93,44,102,34,56,8,45,72,70,24,111" hai2="68,30,47,95,36,88,123,1,3,54,124,6,91" hai3="63,94,113,2,43,79,78,101,74,26,80,133,120"/><V71/><F123/><W107/><G120/><T116/><D39/><U119/><E70/><V38/><F30/><W110/><G2/><N who="0" m="247" /><D126/><U32/><E72/><V65/><F124/><W46/><G110/><N who="0" m="42603" /><D116/><U98/><E111/><V16/><F16/><W64/><G133/><T69/><D69/><U66/><E119/><V15/><F15/><W99/><G78/><T11/><D11/><U117/><E117/><V134/><F134/><W29/><G113/><T118/><D118/><U40/><E8/><V92/><F54/><AGARI ba="1,1" hai="17,20,27,50,54,57,84,87" m="42603,247" machi="54" ten="30,1000,0" yaku="14,1" doraHai="37" who="0" fromWho="2" sc="202,23,302,0,281,-13,205,0" /><INIT seed="3,0,0,2,2,58" ten="225,302,268,205" oya="3" hai0="88,71,14,53,75,8,97,103,85,116,41,79,77" hai1="100,9,32,23,109,130,104,124,30,2,10,102,60" hai2="115,106,5,57,22,40,44,45,19,133,36,61,117" hai3="112,21,89,25,108,12,68,92,81,86,110,119,121"/><W127/><G121/><T80/><D116/><U74/><E74/><V120/><F106/><W90/><G119/><T35/><D35/><U51/><E109/><N who="3" m="42090" /><G112/><T126/><D126/><U56/><E124/><V87/><F115/><W114/><G114/><T55/><D71/><U64/><E32/><V72/><F72/><W20/><G127/><T1/><D1/><U31/><E130/><V113/><F113/><W33/><G68/><T42/><D42/><U73/><E73/><V52/><F133/><W34/><G12/><T99/><D41/><U96/><E2/><V59/><F120/><W78/><G89/><T24/><D24/><U0/><E0/><V95/><F5/><W69/><G69/><T29/><D29/><U122/><E122/><V111/><F117/><W132/><G132/><T47/><D47/><U101/><E31/><V27/><F111/><W28/><G34/><T91/><D91/><U49/><E104/><V43/><F44/><W62/><G62/><T48/><D48/><N who="1" m="18507" /><E96/><AGARI ba="0,0" hai="20,21,25,28,33,78,81,86,90,92,96" m="42090" machi="96" ten="30,2900,0" yaku="14,1,10,1" doraHai="58" who="3" fromWho="1" sc="225,0,302,-29,268,0,205,29" /><INIT seed="3,1,0,1,0,62" ten="225,273,268,234" oya="3" hai0="10,67,5,106,82,14,12,102,44,76,83,55,81" hai1="128,63,85,88,97,59,77,92,107,40,133,58,8" hai2="27,65,41,103,79,7,64,37,72,96,91,26,78" hai3="11,28,31,135,20,89,116,111,47,49,66,38,34"/><W1/><G38/><T93/><D106/><U51/><E128/><V9/><F91/><W74/><G116/><T123/><D123/><U52/><E133/><V84/><F72/><W134/><G34/><T4/><D67/><N who="2" m="25674" /><F41/><W112/><G112/><T17/><D44/><N who="1" m="25991" /><E107/><V87/><F37/><W50/><G74/><T108/><D55/><U18/><E59/><V21/><F26/><N who="3" m="16455" /><G31/><T73/><D108/><U126/><E126/><V68/><F68/><W69/><G89/><T80/><REACH who="0" step="1"/><D12/><REACH who="0" ten="215,273,268,234" step="2"/><N who="1" m="7431" /><E77/><V86/><F78/><W130/><G111/><T119/><D119/><U110/><E110/><V122/><F79/><W6/><G130/><T15/><D15/><U3/><E3/><V118/><F118/><W33/><G134/><T0/><D0/><U36/><E36/><V54/><F54/><W61/><G135/><T23/><D23/><U25/><E25/><V120/><F21/><W60/><G47/><T32/><D32/><U109/><E109/><V24/><F27/><W53/><G33/><T46/><D46/><U94/><E94/><N who="2" m="58775" /><F24/><W127/><G127/><T19/><D19/><U42/><E42/><V101/><F120/><W43/><G43/><T114/><D114/><U129/><E129/><V132/><F122/><W125/><G125/><T104/><D104/><U39/><E39/><V90/><F132/><W105/><G105/><T56/><D56/><U57/><E58/><V121/><F121/><W2/><G2/><T99/><AGARI ba="1,1" hai="4,5,10,14,17,73,76,80,81,82,83,93,99,102" machi="99" ten="30,2000,0" yaku="1,1,0,1,53,0" doraHai="62" doraHaiUra="16" who="0" fromWho="0" sc="215,33,273,-6,268,-6,234,-11" /><INIT seed="4,0,0,2,0,64" ten="248,267,262,223" oya="0" hai0="51,14,120,97,6,128,30,81,61,50,108,13,68" hai1="55,70,31,133,58,60,40,38,67,3,57,2,47" hai2="74,46,54,12,43,45,23,88,20,103,76,113,21" hai3="42,37,33,71,126,90,1,84,15,116,98,80,122"/><T36/><D120/><U134/><E31/><V24/><F113/><W10/><G116/><T118/><D118/><U11/><E58/><V135/><F135/><N who="1" m="51721" /><E11/><V22/><F103/><W75/><G122/><T111/><D36/><U101/><E101/><V104/><F104/><W107/><G1/><T35/><D128/><U56/><E56/><V66/><F66/><W44/><G126/><T89/><D30/><U48/><AGARI ba="0,0" hai="2,3,38,40,47,48,55,57,60,67,70" m="51721" machi="48" ten="30,4000,0" yaku="24,1,20,1,52,1" doraHai="64" who="1" fromWho="1" sc="248,-20,267,40,262,-10,223,-10" owari="228,-17.2,307,40.7,252,5.2,213,-28.7" /></mjloggm>