<mjloggm ver="2.3"><GO type="225" lobby="0"/><UN n0="%79%75%72%69%6D%6F%67" n1="%E9%80%86%E9%80%A3%E5%B8%AF%E3%81%AE%E9%AC%BC" n2="%61%6D%65%6B%69" n3="%33%74%72%65%65" dan="16,17,16,16" rate="2191.29,2166.98,2084.74,2158.78" sx="F,M,M,F"/><TAIKYOKU oya="0"/><INIT seed="0,0,0,0,0,37" ten="250,250,250,250" oya="0" hai0="5,40,42,61,63,0,95,77,20,110,49,133,47" hai1="24,46,98,112,126,53,121,33,75,70,69,109,122" hai2="117,135,108,12,41,92,19,16,36,64,90,56,125" hai3="118,96,65,83,26,93,51,80,84,67,58,57,45"/><T72/><D72/><U105/><E112/><V97/><F108/><W59/><G26/><T10/><D77/><U128/><E109/><V9/><F125/><W21/><G21/><T1/><D110/><U54/><E126/><V18/><F135/><W87/><G118/><T66/><D1/><U23/><E75/><V130/><F130/><W78/><G93/><T116/><D116/><U124/><E128/><V99/><F117/><W79/><REACH who="3" step="1"/><G96/><REACH who="3" ten="250,250,250,240" step="2"/><T68/><D133/><U88/><E124/><V55/><F99/><W3/><G3/><T86/><D20/><U132/><E23/><V71/><F12/><W7/><G7/><T123/><D123/><U101/><E122/><V2/><F2/><W74/><G74/><T8/><D8/><U14/><E121/><V22/><F22/><W102/><G102/><T6/><D6/><U29/><E14/><V73/><F73/><W82/><G82/><T4/><D4/><U31/><E24/><V27/><F9/><W43/><AGARI ba="0,1" hai="43,45,51,57,58,59,65,67,78,79,80,83,84,87" machi="43" ten="30,16000,3" yaku="1,1,0,1,9,1,8,1,52,1,53,3" doraHai="37" doraHaiUra="52" who="3" fromWho="3" sc="250,-80,250,-40,250,-40,240,170" /><INIT seed="1,0,0,0,5,76" ten="170,210,210,410" oya="1" hai0="96,46,130,23,81,17,25,91,0,100,127,44,93" hai1="1,6,128,112,47,78,59,36,66,8,32,125,45" hai2="89,31,50,133,37,73,7,51,115,58,126,68,42" hai3="107,39,24,92,41,121,103,82,56,70,86,120,122"/><U14/><E112/><V9/><F73/><W72/><G70/><T71/><D71/><U110/><E128/><V129/><F68/><W2/><G2/><T105/><D130/><U132/><E125/><V106/><F106/><W88/><G56/><T29/><D0/><U75/><E132/><V131/><F133/><W57/><G57/><T90/><D127/><U124/><E124/><V28/><F115/><W102/><G24/><T114/><D114/><U26/><E110/><V99/><F37/><W74/><G41/><T83/><D105/><U5/><E5/><V20/><F126/><W54/><G54/><T19/><D91/><U97/><E97/><V10/><F58/><W21/><G21/><N who="0" m="15535" /><D19/><U64/><E14/><V94/><F129/><W18/><G18/><T55/><D90/><U3/><E3/><V113/><F113/><W62/><G62/><T11/><D11/><U79/><E75/><N who="3" m="28714" /><G39/><T123/><D123/><U13/><E1/><V60/><F60/><W34/><G34/><T98/><D98/><U117/><E36/><V38/><F10/><W116/><G116/><T40/><D40/><U67/><E117/><V61/><F61/><W85/><G107/><T52/><D46/><N who="1" m="17419" /><E32/><V16/><F38/><W15/><G15/><N who="0" m="9663" /><D55/><U135/><E135/><V53/><F131/><W77/><AGARI ba="0,0" hai="77,82,85,86,88,92,102,103,120,121,122" m="28714" machi="77" ten="40,8000,1" yaku="34,2,52,1,54,1" doraHai="76" who="3" fromWho="3" sc="170,-20,210,-40,210,-20,410,80" /><INIT seed="2,0,0,2,5,27" ten="150,170,190,490" oya="2" hai0="57,13,72,113,129,132,10,114,74,63,8,87,125" hai1="20,7,69,84,59,108,28,26,37,31,54,41,1" hai2="124,16,121,36,51,6,122,93,30,21,118,14,97" hai3="2,106,76,102,86,133,23,46,0,110,123,19,34"/><V119/><F36/><W65/><G34/><T88/><D57/><U61/><E108/><V71/><F71/><W38/><G110/><T120/><D63/><U99/><E69/><V73/><F73/><W55/><G65/><T12/><D120/><N who="2" m="46186" /><F51/><W135/><G123/><T64/><D64/><U70/><E70/><V18/><F93/><W81/><G55/><T82/><D125/><U100/><E84/><V4/><F97/><N who="3" m="61775" /><G46/><T77/><D132/><N who="3" m="50761" /><G38/><T90/><D129/><U101/><E37/><V24/><F124/><W94/><G94/><T91/><D74/><U49/><E7/><N who="2" m="2603" /><F18/><W42/><G42/><T128/><D72/><U126/><E126/><V111/><F111/><W127/><G127/><T98/><D128/><U45/><E1/><V78/><F78/><W35/><G2/><T22/><D98/><U25/><E99/><V66/><F66/><W83/><G0/><T52/><D52/><U117/><REACH who="1" step="1"/><E117/><REACH who="1" ten="150,160,190,490" step="2"/><V11/><AGARI ba="0,1" hai="11,14,16,21,24,30,118,119" m="2603,46186" machi="11" ten="30,11700,0" yaku="34,2,52,1,54,1" doraHai="27" who="2" fromWho="2" sc="150,-39,160,-39,190,127,490,-39" /><INIT seed="2,1,0,2,1,7" ten="111,121,317,451" oya="2" hai0="75,37,42,5,97,79,29,125,68,92,128,126,20" hai1="46,118,59,99,105,111,15,80,32,28,65,16,49" hai2="1,2,51,10,6,94,11,33,87,124,72,26,119" hai3="130,30,112,25,12,13,133,78,36,31,48,88,85"/><V17/><F72/><W77/><G36/><T8/><D68/><U64/><E111/><V123/><F119/><W27/><G133/><T106/><D29/><N who="3" m="10761" /><G48/><T4/><D20/><U55/><E118/><V60/><F123/><W61/><G61/><T89/><D5/><U70/><E70/><V74/><F74/><W104/><G104/><T134/><D106/><U135/><E135/><V54/><F124/><W21/><G130/><T58/><D134/><U0/><E0/><V95/><F33/><W35/><G35/><T18/><D18/><U22/><E80/><V62/><F2/><W96/><G96/><T122/><D58/><U114/><E114/><V132/><F132/><W103/><G103/><T120/><D128/><U93/><E105/><V109/><F109/><W23/><G23/><T50/><D50/><U91/><REACH who="1" step="1"/><E59/><REACH who="1" ten="111,111,317,451" step="2"/><N who="2" m="33247" /><F1/><W34/><G112/><T121/><D75/><U39/><E39/><V127/><F127/><W101/><G34/><T38/><D38/><U43/><E43/><V53/><F53/><W110/><G110/><T41/><D41/><U67/><E67/><V116/><F116/><W69/><G69/><T73/><D42/><U14/><E14/><N who="2" m="5463" /><F95/><W40/><G40/><T86/><D37/><U45/><E45/><V131/><F131/><W47/><G47/><T66/><D66/><U52/><E52/><V115/><F115/><W81/><G81/><N who="0" m="45295" /><D126/><U129/><E129/><V84/><F94/><W9/><G12/><N who="0" m="5127" /><D125/><U107/><E107/><V98/><F26/><AGARI ba="1,1" hai="15,16,22,26,28,32,46,49,55,64,65,91,93,99" machi="26" ten="40,5200,0" yaku="1,1,54,1,53,1" doraHai="7" doraHaiUra="24" who="1" fromWho="2" sc="111,0,111,65,317,-55,451,0" /><INIT seed="3,0,0,5,2,129" ten="111,176,262,451" oya="3" hai0="22,97,89,117,17,62,4,133,15,27,29,19,113" hai1="1,47,72,68,54,30,105,23,69,42,49,110,81" hai2="82,98,53,104,20,26,14,116,92,85,64,12,114" hai3="10,91,39,131,36,18,58,126,71,90,32,52,124"/><W75/><G71/><T102/><D117/><U76/><E110/><V11/><F104/><W44/><G75/><T31/><D113/><U21/><E105/><V13/><F64/><W35/><G10/><T127/><D4/><U135/><E1/><V83/><F114/><W121/><G18/><T25/><D127/><U3/><E3/><V108/><F108/><W125/><G131/><T9/><D27/><U6/><E6/><N who="2" m="3191" /><F53/><W51/><G121/><T88/><D133/><U43/><E135/><V95/><F95/><W107/><G107/><T59/><D31/><U100/><E100/><N who="2" m="60487" /><F83/><W122/><G122/><T16/><D102/><U93/><E93/><V106/><F106/><W120/><G120/><T119/><D119/><U134/><E134/><V8/><F8/><W94/><G91/><N who="0" m="34891" /><D97/><U128/><E30/><N who="2" m="17735" /><F116/><W38/><REACH who="3" step="1"/><G44/><REACH who="3" ten="111,176,262,441" step="2"/><T57/><D57/><U111/><E111/><V33/><F33/><W0/><G0/><T67/><D67/><U118/><E128/><V112/><F112/><W60/><G60/><T61/><D61/><U55/><E118/><V77/><AGARI ba="0,1" hai="13,14,77,82,85" m="17735,60487,3191" machi="77" ten="30,1100,0" yaku="8,1" doraHai="129" who="2" fromWho="2" sc="111,-3,176,-3,262,21,441,-5" owari="108,-39.2,173,-22.7,283,8.3,436,53.6" /></mjloggm>