<mjloggm ver="2.3"><GO type="225" lobby="0"/><UN n0="%E3%81%BF%E3%81%BF%E3%81%9A" n1="%79%75%72%69%6D%6F%67" n2="%E3%81%9F%E3%81%8B%E3%80%82" n3="%E3%82%B7%E3%83%B3%E5%A4%AA%E6%9C%97" dan="18,16,16,16" rate="2252.88,2181.30,2063.53,2138.09" sx="M,F,M,M"/><TAIKYOKU oya="0"/><INIT seed="0,0,0,5,1,75" ten="250,250,250,250" oya="0" hai0="11,111,135,114,93,34,110,6,84,0,66,55,106" hai1="19,83,116,80,47,61,68,54,100,96,71,77,128" hai2="45,125,17,73,51,124,95,87,104,62,7,99,109" hai3="119,44,4,131,98,10,39,58,41,133,64,56,102"/><T36/><D114/><U107/><E116/><V42/><F73/><W23/><G133/><T27/><D106/><U105/><E105/><V97/><F109/><N who="0" m="41482" /><D135/><U12/><E128/><V57/><F7/><W123/><G123/><T14/><D36/><U20/><E83/><V53/><F17/><W65/><G131/><T15/><D66/><U3/><E3/><V69/><F69/><W32/><G32/><T67/><D67/><U112/><E112/><V28/><F28/><W79/><G119/><T33/><D55/><U8/><E20/><V43/><F43/><W13/><G23/><T115/><D115/><U74/><REACH who="1" step="1"/><E61/><REACH who="1" ten="250,240,250,250" step="2"/><V48/><F104/><W126/><G126/><N who="2" m="48745" /><F62/><W70/><G70/><T72/><D34/><U24/><E24/><V59/><F95/><W103/><G13/><T2/><D15/><U50/><AGARI ba="0,1" hai="8,12,19,47,50,54,68,71,74,77,80,96,100,107" machi="50" ten="30,4000,0" yaku="1,1,0,1,52,1,53,0" doraHai="75" doraHaiUra="88" who="1" fromWho="1" sc="250,-20,240,50,250,-10,250,-10" /><INIT seed="1,0,0,1,0,48" ten="230,290,240,240" oya="1" hai0="65,27,128,117,64,10,79,88,68,44,0,89,50" hai1="83,16,14,46,74,8,112,67,98,45,119,95,71" hai2="91,102,25,26,17,59,2,99,86,12,127,22,9" hai3="28,82,41,120,49,106,57,115,77,4,23,29,18"/><U32/><E112/><V80/><F127/><W60/><G120/><T19/><D117/><U35/><E71/><V54/><F2/><W33/><G115/><T1/><D1/><U103/><E67/><N who="0" m="25673" /><D0/><U63/><E63/><V75/><F75/><W7/><G106/><T113/><D68/><U69/><E69/><V111/><F111/><W39/><G39/><T125/><D113/><U42/><E119/><V96/><F102/><W93/><G33/><T105/><D105/><U121/><E46/><V131/><F131/><W30/><G93/><T133/><D128/><U13/><E121/><V123/><F123/><W20/><G20/><N who="0" m="13727" /><D125/><U73/><E14/><V51/><REACH who="2" step="1"/><F26/><REACH who="2" ten="230,290,230,240" step="2"/><W109/><G109/><T53/><D133/><U122/><E122/><V78/><F78/><W100/><G100/><T66/><D79/><U114/><E114/><V21/><F21/><W130/><G130/><T94/><D66/><U76/><REACH who="1" step="1"/><E74/><REACH who="1" ten="230,280,230,240" step="2"/><V34/><F34/><W6/><G77/><T38/><D10/><U110/><E110/><V5/><AGARI ba="0,2" hai="5,9,12,17,22,25,51,54,59,80,86,91,96,99" machi="5" ten="20,8000,1" yaku="1,1,0,1,7,1,8,1,52,1,53,0" doraHai="48" doraHaiUra="31" who="2" fromWho="2" sc="230,-20,280,-40,230,100,240,-20" /><INIT seed="2,0,0,1,4,38" ten="210,240,330,220" oya="2" hai0="130,73,10,107,34,64,65,83,111,24,13,112,40" hai1="122,54,63,30,66,61,47,134,105,11,31,92,127" hai2="53,74,43,44,56,72,104,17,103,76,99,113,57" hai3="69,50,117,20,128,87,23,106,16,79,48,94,77"/><V125/><F113/><W124/><G117/><T89/><D112/><U46/><E105/><V91/><F125/><W86/><G106/><T85/><D107/><U29/><E134/><V60/><F57/><W126/><G69/><T129/><D111/><U96/><E127/><N who="3" m="48682" /><G128/><N who="0" m="49259" /><D73/><U68/><E122/><V80/><F91/><N who="3" m="53623" /><G23/><T22/><D40/><U120/><E120/><V67/><F17/><W3/><G3/><T95/><D34/><U8/><E63/><V39/><REACH who="2" step="1"/><F67/><REACH who="2" ten="210,240,320,220" step="2"/><W121/><G121/><T115/><D115/><U21/><E47/><V5/><F5/><W0/><G79/><T70/><D70/><U78/><E78/><V41/><F41/><W26/><G0/><T55/><D55/><U1/><E1/><V51/><F51/><W93/><G77/><T18/><D83/><U14/><E54/><V42/><F42/><W116/><G116/><T37/><D37/><U109/><E46/><V59/><F59/><W4/><G4/><AGARI ba="0,1" hai="4,10,13,18,22,24,64,65,85,89,95" m="49259" machi="4" ten="30,1000,0" yaku="19,1" doraHai="38" who="0" fromWho="3" sc="210,20,240,0,320,0,220,-10" /><INIT seed="3,0,0,4,1,118" ten="230,240,320,210" oya="3" hai0="75,52,115,86,26,18,106,84,89,109,43,51,38" hai1="4,117,99,123,59,11,124,135,49,56,37,68,44" hai2="10,19,55,101,94,132,28,70,71,122,16,0,116" hai3="134,8,96,31,102,41,7,114,129,78,87,64,23"/><W120/><G114/><T58/><D75/><U69/><E123/><V36/><F116/><W83/><G129/><T128/><D115/><U53/><E99/><V30/><F36/><W90/><G134/><T22/><D128/><U97/><E97/><V35/><F132/><W67/><G41/><T126/><D109/><U91/><E91/><V39/><F39/><W27/><G78/><T82/><D126/><U17/><E17/><V125/><F125/><W131/><G131/><T111/><D111/><U73/><E11/><V12/><F122/><W6/><G120/><T88/><D106/><U63/><E4/><V76/><F76/><W100/><G6/><T112/><D112/><U21/><E21/><V32/><F55/><W79/><G79/><T66/><D66/><N who="1" m="39271" /><E73/><V108/><F108/><W121/><G121/><T50/><D38/><U95/><E95/><V98/><F0/><W29/><G29/><T5/><D5/><U77/><E77/><V61/><F70/><N who="1" m="27241" /><E135/><V20/><F35/><W15/><REACH who="3" step="1"/><G102/><REACH who="3" ten="230,240,320,200" step="2"/><T105/><D105/><AGARI ba="0,1" hai="7,8,15,23,27,31,64,67,83,87,90,96,100,105" machi="105" ten="30,5800,0" yaku="1,1,2,1,7,1,53,0" doraHai="118" doraHaiUra="33" who="3" fromWho="0" sc="230,-58,240,0,320,0,200,68" /><INIT seed="3,1,0,0,3,56" ten="172,240,320,268" oya="3" hai0="32,8,49,109,85,55,51,21,120,105,17,91,66" hai1="20,33,127,125,59,116,95,129,119,52,97,86,99" hai2="42,64,65,36,108,132,34,124,76,88,89,67,24" hai3="107,58,16,46,4,79,47,63,81,92,43,78,93"/><W13/><G107/><T134/><D120/><U35/><E20/><V118/><F118/><N who="1" m="45097" /><E86/><V12/><F124/><N who="1" m="47689" /><E129/><V133/><F108/><W96/><G4/><T50/><D32/><N who="1" m="12363" /><E95/><N who="3" m="36426" /><G96/><T22/><D105/><U38/><E38/><V84/><F36/><W110/><G110/><T102/><D109/><U115/><E115/><V70/><F70/><W1/><G1/><T104/><D134/><N who="2" m="51818" /><F42/><W68/><G68/><T48/><D104/><U121/><E121/><V77/><F12/><W37/><G37/><T62/><D102/><U53/><E53/><V69/><F69/><W126/><G126/><T23/><N who="0" m="12288" /><DORA hai="60" /><T45/><D55/><U5/><E5/><V6/><F6/><W80/><G43/><T94/><D45/><N who="3" m="16905" /><G79/><N who="2" m="30281" /><F84/><W103/><G103/><T44/><D44/><U106/><E106/><V123/><F123/><W72/><G72/><T26/><REACH who="0" step="1"/><D8/><REACH who="0" ten="162,240,320,268" step="2"/><U98/><E98/><V18/><F34/><W61/><G78/><T87/><D87/><U131/><E131/><V122/><F122/><W135/><G135/><T111/><D111/><U75/><E75/><V83/><F83/><N who="3" m="31819" /><G58/><AGARI ba="1,1" hai="17,21,22,23,26,58,62,66,85,91,94" m="12288" machi="58" ten="50,8000,1" yaku="1,1,8,1,52,2,53,0" doraHai="56,60" doraHaiUra="114,27" who="0" fromWho="3" sc="162,93,240,0,320,0,268,-83" owari="255,5.5,240,-16.0,320,42.0,185,-31.5" /></mjloggm>