<mjloggm ver="2.3"><GO type="225" lobby="0"/><UN n0="%E5%8F%AF%E5%85%90%E9%82%A3%E7%94%B1%E5%A4%9A" n1="%E3%82%BF%E3%83%BC%E3%83%90%E3%83%B3%E9%87%8E%E5%8F%A3" n2="%63%62%69%73%6B%65%74" n3="%72%69%6F%75%63%68%61%6E" dan="16,16,16,17" rate="2200.74,2082.30,2061.27,2281.22" sx="F,M,M,M"/><TAIKYOKU oya="0"/><INIT seed="0,0,0,2,4,19" ten="250,250,250,250" oya="0" hai0="59,82,116,75,2,131,26,120,112,49,80,103,32" hai1="48,39,129,10,38,93,118,124,88,50,109,29,12" hai2="20,67,3,113,94,60,122,119,115,126,11,47,27" hai3="61,114,83,102,111,14,5,133,18,37,44,95,106"/><T77/><D112/><U30/><E118/><V78/><F122/><W13/><G111/><T86/><D116/><U110/><E124/><V130/><F119/><W40/><G133/><T52/><D120/><U99/><E129/><V105/><F105/><W100/><G114/><T17/><D2/><U8/><E50/><V16/><F78/><W101/><G106/><T90/><D131/><U98/><E98/><V22/><F130/><W51/><G37/><N who="1" m="13834" /><E48/><V125/><F94/><W70/><G83/><T92/><D32/><U15/><E12/><N who="2" m="9223" /><F47/><W76/><G76/><T23/><D82/><U62/><E62/><V71/><F3/><W69/><G61/><T104/><D104/><U64/><E64/><V107/><F107/><W55/><G40/><T33/><D33/><U36/><N who="1" m="13842" /><U7/><DORA hai="79" /><E8/><V4/><F11/><N who="3" m="4335" /><G69/><T63/><REACH who="0" step="1"/><D49/><REACH who="0" ten="240,250,250,250" step="2"/><U128/><E128/><V135/><F115/><W56/><G44/><T58/><D58/><U65/><E110/><V127/><F113/><W134/><G70/><T41/><D41/><U6/><E109/><V35/><F35/><W66/><G56/><T121/><D121/><U85/><E93/><V0/><F135/><W81/><G134/><T54/><D54/><U45/><E65/><V96/><F0/><W84/><G66/><T9/><D9/><U53/><E10/><V21/><F71/><W117/><G117/><T46/><D46/><U89/><E45/><V123/><F123/><W43/><G55/><T24/><D24/><U108/><E53/><V74/><F67/><W72/><G43/><T87/><D87/><RYUUKYOKU ba="0,1" sc="240,30,250,-10,250,-10,250,-10" hai0="17,23,26,52,59,63,75,77,80,86,90,92,103" /><INIT seed="0,1,1,1,3,92" ten="270,240,240,240" oya="0" hai0="129,105,6,29,43,19,112,14,4,70,107,31,131" hai1="20,68,0,61,59,79,55,33,1,49,15,88,10" hai2="100,52,36,84,119,127,45,109,57,132,13,72,39" hai3="110,8,118,38,93,64,66,78,25,69,102,106,99"/><T76/><D112/><U101/><E33/><V22/><F72/><W74/><G110/><T73/><D70/><U96/><E79/><V121/><F121/><W104/><G118/><T86/><D73/><U89/><E20/><V128/><F109/><W47/><G25/><T71/><D71/><U124/><E124/><V7/><F119/><W91/><G8/><T2/><D43/><U135/><E135/><V122/><F122/><W41/><G69/><T98/><D2/><U44/><E68/><V120/><F120/><W42/><G42/><T133/><D133/><U123/><E0/><V16/><F132/><W87/><REACH who="3" step="1"/><G104/><REACH who="3" ten="270,240,240,230" step="2"/><T54/><D107/><U81/><E123/><V95/><F127/><W24/><G24/><T111/><D111/><U65/><E1/><V18/><F7/><W40/><G40/><T50/><D4/><U85/><E10/><V12/><F39/><W27/><G27/><T67/><D6/><U23/><E15/><V75/><F36/><W46/><G46/><T30/><D14/><U113/><E113/><V115/><F115/><W58/><G58/><T21/><D105/><U90/><REACH who="1" step="1"/><E23/><REACH who="1" ten="270,230,240,230" step="2"/><V114/><F114/><W9/><G9/><T83/><D21/><U126/><E126/><V97/><F22/><W34/><G34/><T5/><D30/><U117/><E117/><V3/><F12/><W48/><G48/><T28/><D29/><U53/><E53/><V94/><F13/><W17/><G17/><T77/><D28/><U80/><E80/><AGARI ba="1,3" hai="38,41,47,64,66,74,78,80,87,91,93,99,102,106" machi="80" ten="40,8000,1" yaku="1,1,24,2,52,1,53,0" doraHai="92" doraHaiUra="130" who="3" fromWho="1" sc="270,0,230,-83,240,0,230,113" /><INIT seed="1,0,0,1,0,114" ten="270,147,240,343" oya="1" hai0="9,68,126,133,92,89,118,130,48,98,3,43,18" hai1="41,70,53,111,23,124,30,46,100,42,35,105,60" hai2="37,101,59,84,10,81,28,87,121,21,123,2,29" hai3="77,62,106,117,97,32,69,91,82,72,7,119,38"/><U109/><E124/><V1/><F37/><W129/><G32/><T51/><D68/><U52/><E105/><V6/><F101/><N who="3" m="62767" /><G7/><T55/><D126/><U8/><E100/><V22/><F59/><W131/><G38/><T13/><D130/><N who="3" m="49673" /><G91/><T33/><D33/><U94/><E35/><V20/><F2/><W76/><G77/><T65/><D133/><U95/><E8/><V93/><F93/><N who="1" m="35337" /><E30/><V31/><REACH who="2" step="1"/><F81/><REACH who="2" ten="270,147,230,343" step="2"/><W80/><G82/><T39/><D3/><U120/><E120/><AGARI ba="0,1" hai="1,6,10,20,21,22,28,29,31,84,87,120,121,123" machi="120" ten="50,3200,0" yaku="1,1,2,1,53,0" doraHai="114" doraHaiUra="110" who="2" fromWho="1" sc="270,0,147,-32,230,42,343,0" /><INIT seed="2,0,0,0,5,94" ten="270,115,272,343" oya="2" hai0="58,79,10,49,59,123,32,86,103,67,2,73,8" hai1="0,50,97,77,84,83,111,22,48,115,41,7,43" hai2="38,135,116,14,1,133,61,117,55,36,131,66,11" hai3="62,76,113,42,37,109,95,125,21,128,28,40,114"/><V101/><F1/><W52/><G109/><T126/><D123/><U39/><E111/><V87/><F55/><W69/><G125/><T4/><D32/><U130/><E115/><N who="3" m="44042" /><G128/><T91/><D126/><U118/><E118/><N who="2" m="45675" /><F131/><W93/><G76/><T89/><D73/><U35/><E130/><V15/><F87/><W57/><G69/><T23/><D103/><U104/><E35/><V98/><F15/><W27/><G37/><N who="2" m="14441" /><F14/><W124/><G124/><T122/><D86/><U63/><E63/><V71/><F11/><W24/><G27/><T18/><D10/><U16/><E0/><V25/><F25/><W44/><G44/><T64/><D8/><U92/><E7/><V34/><F34/><W78/><G78/><T54/><D79/><U134/><E104/><AGARI ba="0,0" hai="61,66,71,98,101,104,133,135" m="14441,45675" machi="104" ten="30,2900,0" yaku="23,1,52,1" doraHai="94" who="2" fromWho="1" sc="270,0,115,-29,272,29,343,0" /><INIT seed="2,1,0,5,0,130" ten="270,86,301,343" oya="2" hai0="122,67,117,99,78,57,36,110,113,82,90,112,101" hai1="107,97,105,103,54,26,128,75,83,30,92,34,87" hai2="96,48,65,27,61,60,11,104,77,115,24,18,81" hai3="39,32,100,7,38,127,1,50,4,80,94,89,42"/><V25/><F115/><N who="0" m="44106" /><D36/><U72/><E128/><V9/><F48/><W129/><G129/><T132/><D57/><U55/><E55/><V91/><F18/><W43/><G32/><T88/><D67/><U125/><E54/><V74/><F61/><W133/><G133/><T2/><D2/><U71/><E71/><V53/><F53/><W58/><G127/><T52/><D52/><U37/><E37/><V134/><F134/><W0/><G38/><T85/><D122/><U51/><E51/><V41/><F41/><N who="3" m="15371" /><G0/><T19/><D19/><U20/><E125/><V33/><F33/><W93/><G1/><T44/><D44/><U6/><E6/><V126/><F126/><W14/><G50/><T10/><D10/><U120/><E120/><V28/><F28/><W35/><G35/><T124/><D124/><U131/><E131/><V84/><F96/><N who="3" m="59407" /><G58/><T47/><D47/><U116/><E34/><V63/><F104/><W15/><G80/><T17/><D17/><U21/><E107/><V114/><F114/><W49/><G49/><T86/><D132/><U12/><E105/><V70/><REACH who="2" step="1"/><F63/><REACH who="2" ten="270,86,291,343" step="2"/><W111/><G39/><T16/><D16/><U13/><E30/><V66/><F66/><W135/><G135/><T121/><D99/><U3/><E97/><V123/><F123/><W68/><G68/><T119/><D121/><U56/><E56/><V79/><F79/><W29/><G29/><T95/><D78/><U118/><E26/><V106/><F106/><W98/><G111/><T76/><D110/><U5/><E5/><AGARI ba="1,1" hai="4,5,7,14,15,89,94,98" m="59407,15371" machi="5" ten="30,1000,0" yaku="8,1" doraHai="130" who="3" fromWho="1" sc="270,0,86,-13,291,0,343,23" /><INIT seed="3,0,0,4,5,78" ten="270,73,291,366" oya="3" hai0="90,104,11,121,18,40,96,8,22,124,41,9,50" hai1="131,112,70,14,75,34,119,91,120,111,108,44,68" hai2="35,94,16,72,30,130,135,59,5,29,17,133,3" hai3="115,12,101,62,13,85,28,7,118,56,19,63,100"/><W60/><G115/><T92/><D121/><U76/><E34/><V67/><F72/><W54/><G118/><T45/><D124/><U53/><E53/><V105/><F105/><W38/><G38/><T80/><D104/><U107/><E44/><V58/><F130/><W0/><G28/><N who="2" m="10857" /><F35/><W2/><G2/><T127/><D127/><U79/><E14/><N who="3" m="5738" /><G0/><T43/><REACH who="0" step="1"/><D80/><REACH who="0" ten="260,73,291,366" step="2"/><U122/><E107/><V46/><F94/><W48/><G7/><T37/><D37/><U64/><E119/><V32/><F32/><W125/><G125/><T26/><AGARI ba="0,1" hai="8,9,11,18,22,26,40,41,43,45,50,90,92,96" machi="26" ten="30,4000,0" yaku="1,1,0,1,8,1,53,0" doraHai="78" doraHaiUra="66" who="0" fromWho="0" sc="260,50,73,-10,291,-10,366,-20" owari="310,11.0,63,-43.7,281,-11.9,346,44.6" /></mjloggm>