<mjloggm ver="2.3"><GO type="225" lobby="0"/><UN n0="%E6%81%A5%E6%99%92%E3%81%97" n1="%6D%75%75%73%61%6E%6D%75" n2="%E3%83%94%E3%83%B3%E3%82%B5%E3%83%AD%E5%BA%97%E5%93%A1" n3="%E3%80%90%E3%83%88%E3%83%AA%E3%83%A5%E3%83%95%E3%80%91" dan="16,17,16,16" rate="2143.00,2162.18,2149.19,2066.02" sx="M,F,M,M"/><TAIKYOKU oya="0"/><INIT seed="0,0,0,3,3,62" ten="250,250,250,250" oya="0" hai0="134,125,69,116,112,108,37,132,83,45,55,44,52" hai1="117,124,115,1,6,121,58,39,95,30,109,92,32" hai2="128,60,21,100,8,91,61,82,80,3,14,12,64" hai3="98,13,63,71,31,17,51,5,111,122,23,25,43"/><T123/><D112/><U78/><E117/><V18/><F128/><W68/><G111/><T10/><D116/><U22/><E39/><V50/><F3/><W105/><G5/><T27/><D123/><U56/><E32/><V70/><F100/><N who="3" m="62615" /><G71/><T75/><D108/><U96/><E109/><V101/><F101/><W35/><G51/><T2/><D125/><U110/><E110/><V26/><F50/><W48/><G48/><T28/><D69/><U33/><E33/><V41/><F41/><W29/><G29/><T16/><D45/><U47/><E121/><V15/><F61/><W36/><G122/><T53/><D28/><U102/><E124/><V87/><REACH who="2" step="1"/><F82/><REACH who="2" ten="250,250,240,250" step="2"/><W94/><G43/><T127/><D127/><U38/><BYE who="0" /><E1/><V120/><F120/><W119/><G36/><UN n0="%E6%81%A5%E6%99%92%E3%81%97" /><T133/><D37/><U129/><E38/><V97/><F97/><W77/><G119/><T54/><D2/><U24/><E96/><V135/><F135/><W118/><G118/><T130/><D130/><U76/><E129/><V65/><F65/><N who="3" m="41023" /><G94/><T46/><N who="0" m="13312" /><DORA hai="73" /><T90/><D132/><U11/><E115/><V19/><AGARI ba="0,1" hai="8,12,14,15,18,19,21,26,60,64,70,80,87,91" machi="19" ten="20,12000,2" yaku="1,1,0,1,7,1,52,1,53,3" doraHai="62,73" doraHaiUra="9,42" who="2" fromWho="2" sc="250,-60,250,-30,240,130,250,-30" /><INIT seed="1,0,0,3,2,21" ten="190,220,370,220" oya="1" hai0="94,130,132,14,93,118,71,11,43,100,28,41,50" hai1="101,62,48,20,102,46,72,9,23,74,32,16,13" hai2="129,67,4,33,35,76,59,114,55,12,83,134,63" hai3="131,19,98,92,49,120,82,126,26,121,29,127,97"/><U88/><E32/><V113/><F129/><W15/><G131/><T87/><D118/><U69/><E74/><V2/><F2/><W128/><G128/><T96/><D132/><U60/><E72/><V8/><F134/><W117/><G82/><T1/><D130/><U85/><E69/><V40/><F40/><W6/><G6/><T51/><D71/><U52/><E20/><V99/><F99/><W30/><G49/><T37/><D1/><U57/><E23/><V53/><F35/><N who="3" m="20919" /><G30/><T135/><D135/><U122/><E122/><V17/><F4/><W24/><G98/><T22/><D37/><U105/><E105/><V133/><F33/><W73/><G73/><T110/><D110/><U38/><E38/><V54/><REACH who="2" step="1"/><F133/><REACH who="2" ten="190,220,360,220" step="2"/><W25/><G117/><T80/><D43/><N who="1" m="24671" /><E60/><V0/><F0/><W86/><G97/><T119/><D119/><U45/><E45/><V65/><F65/><W10/><G120/><T5/><D41/><U42/><E42/><V81/><F81/><AGARI ba="0,1" hai="9,13,16,52,57,62,81,85,88,101,102" m="24671" machi="81" ten="30,11600,0" yaku="8,1,54,3" doraHai="21" who="1" fromWho="2" sc="190,0,220,126,360,-116,220,0" /><INIT seed="1,1,0,4,5,58" ten="190,346,244,220" oya="1" hai0="115,80,41,121,75,126,97,12,125,102,44,34,122" hai1="22,79,9,48,73,88,98,18,129,119,32,6,103" hai2="94,127,38,85,81,53,110,71,91,0,133,15,96" hai3="50,130,27,134,49,90,86,47,10,131,13,114,108"/><U68/><E119/><V123/><F123/><N who="0" m="47114" /><D34/><U105/><E32/><V40/><F0/><W2/><G114/><T36/><D12/><U8/><E129/><N who="3" m="49162" /><G2/><T14/><D115/><U62/><E79/><V59/><F71/><W64/><G108/><T84/><D14/><U61/><E73/><V109/><F133/><W99/><G99/><T60/><D75/><U113/><E68/><V116/><F116/><W45/><G27/><T25/><D25/><N who="1" m="14551" /><E105/><V57/><F127/><N who="0" m="48650" /><D84/><U29/><E113/><V124/><F15/><W33/><G64/><T132/><D80/><U31/><E103/><V78/><F124/><W20/><G20/><T63/><D132/><U55/><E88/><V3/><F3/><W16/><G33/><T5/><D5/><U107/><E98/><V104/><F110/><W56/><G134/><T26/><D26/><U89/><E89/><V128/><F109/><W1/><G1/><T87/><D87/><U46/><E107/><AGARI ba="1,0" hai="36,41,44,60,63,97,102,107" m="48650,47114" machi="107" ten="30,7700,0" yaku="13,1,18,1,52,2" doraHai="58" who="0" fromWho="1" sc="190,80,346,-80,244,0,220,0" /><INIT seed="2,0,0,2,2,122" ten="270,266,244,220" oya="2" hai0="98,88,123,27,1,26,42,54,76,45,69,39,120" hai1="0,115,109,20,16,43,86,14,48,111,82,135,21" hai2="134,35,97,92,90,67,74,15,23,25,107,63,60" hai3="30,100,73,102,3,94,89,22,2,72,31,85,9"/><V130/><F74/><W83/><G72/><T32/><D69/><U113/><E0/><V103/><F130/><W44/><G2/><T106/><D1/><U81/><E135/><V112/><F112/><W66/><G66/><T71/><D76/><U56/><E21/><V24/><F134/><W65/><G65/><T11/><D11/><U93/><E82/><V55/><F55/><W19/><G44/><T77/><D77/><U124/><E124/><V132/><F132/><W133/><G133/><T101/><D71/><U18/><E18/><V127/><F127/><W4/><G73/><T99/><D54/><N who="1" m="31815" /><E43/><V61/><F35/><W5/><G5/><T78/><D78/><U28/><E81/><V118/><F118/><W116/><G116/><T33/><D33/><U129/><E129/><V58/><F15/><W68/><G68/><T17/><D17/><U57/><E57/><V131/><F25/><W128/><G128/><T79/><D79/><U91/><E28/><V52/><F67/><W119/><G119/><T105/><D105/><U114/><AGARI ba="0,0" hai="14,16,20,86,91,93,109,111,113,114,115" m="31815" machi="114" ten="40,8000,1" yaku="25,1,52,2,54,1" doraHai="122" who="1" fromWho="1" sc="270,-20,266,80,244,-40,220,-20" /><INIT seed="3,0,0,0,4,93" ten="250,346,204,200" oya="3" hai0="8,52,34,13,77,73,127,3,49,22,37,97,57" hai1="116,11,89,7,85,95,68,30,113,24,39,105,60" hai2="43,111,62,128,107,6,35,63,109,56,79,23,124" hai3="90,1,103,0,117,17,81,71,98,21,15,114,101"/><W53/><G114/><T58/><D37/><U108/><E113/><V131/><F35/><W119/><G71/><T18/><D127/><U20/><E39/><V88/><F107/><W76/><G90/><T125/><D125/><U61/><E108/><N who="2" m="41547" /><F124/><W10/><G103/><T72/><D34/><U82/><E105/><V16/><F79/><W67/><G67/><T84/><D58/><U75/><E68/><V102/><F102/><W121/><G121/><T4/><D97/><N who="1" m="57583" /><E75/><V40/><F6/><W78/><G78/><T86/><REACH who="0" step="1"/><D77/><REACH who="0" ten="240,346,204,200" step="2"/><N who="1" m="46287" /><E116/><V46/><F56/><W5/><G119/><T106/><D106/><U91/><E91/><V64/><F88/><W74/><G117/><T130/><D130/><U83/><E83/><V32/><F32/><W36/><G36/><T27/><D27/><U29/><E29/><V45/><F131/><W104/><REACH who="3" step="1"/><G53/><REACH who="3" ten="240,346,204,190" step="2"/><T33/><D33/><U126/><E126/><V123/><F128/><W80/><G80/><T50/><D50/><U55/><E55/><V135/><F123/><W69/><G69/><T96/><D96/><U51/><E51/><V47/><F64/><W129/><G129/><T54/><D54/><U25/><E61/><N who="2" m="23051" /><F135/><W133/><G133/><T99/><D99/><U120/><E60/><V132/><F132/><W87/><G87/><AGARI ba="0,2" hai="3,4,8,13,18,22,49,52,57,72,73,84,86,87" machi="87" ten="40,5200,0" yaku="1,1,54,1,53,1" doraHai="93" doraHaiUra="2" who="0" fromWho="3" sc="240,72,346,0,204,0,190,-52" owari="312,11.2,346,44.6,204,-19.6,138,-36.2" /></mjloggm>