<mjloggm ver="2.3"><GO type="225" lobby="0"/><UN n0="%E9%80%86%E9%80%A3%E5%B8%AF%E3%81%AE%E9%AC%BC" n1="%E3%83%B4%E3%82%A3%E3%83%AF%E3%82%B3%E3%82%B0%E3%83%8B" n2="%E8%A6%9A%E9%86%92%E3%81%97%E3%81%9F%E3%81%A8%E3%81%BE%E3%81%A8" n3="%E3%82%BC%E3%83%AB%E3%83%80%E3%81%AE%E4%BC%9D%E8%AA%AC" dan="17,16,16,17" rate="2116.74,2201.39,2176.92,2181.43" sx="M,M,M,M"/><TAIKYOKU oya="0"/><INIT seed="0,0,0,5,0,110" ten="250,250,250,250" oya="0" hai0="82,3,70,90,14,23,32,57,101,134,15,123,99" hai1="83,37,2,127,20,66,87,103,51,96,49,120,126" hai2="56,98,102,11,85,124,31,128,106,104,12,28,135" hai3="67,72,94,34,0,10,64,97,55,26,33,29,79"/><T7/><D123/><U50/><E120/><V17/><F135/><W4/><G34/><T19/><D134/><U132/><E2/><V81/><F128/><W8/><G55/><T36/><D70/><U24/><E37/><V1/><F124/><W111/><G111/><T48/><D36/><U44/><E66/><V108/><F108/><W52/><G10/><T41/><D32/><U109/><E109/><V6/><F106/><W53/><G67/><T86/><D3/><U100/><E132/><V43/><F56/><W131/><G131/><T35/><D35/><U78/><E44/><V40/><F43/><W63/><G79/><T62/><D48/><U129/><E129/><V91/><REACH who="2" step="1"/><F40/><REACH who="2" ten="250,250,240,250" step="2"/><W5/><G72/><T77/><D41/><U107/><REACH who="1" step="1"/><E103/><REACH who="1" ten="250,240,240,250" step="2"/><V88/><F88/><W22/><G64/><T112/><D90/><U13/><E13/><V16/><F16/><AGARI ba="0,2" hai="16,20,24,49,50,51,78,83,87,96,100,107,126,127" machi="16" ten="40,5200,0" yaku="1,1,54,1,53,1" doraHai="110" doraHaiUra="80" who="1" fromWho="2" sc="250,0,240,72,240,-52,250,0" /><INIT seed="1,0,0,0,5,70" ten="250,312,188,250" oya="1" hai0="79,93,92,88,85,47,69,87,3,104,25,121,24" hai1="123,43,65,28,60,33,95,38,83,5,0,56,52" hai2="117,14,71,111,116,66,6,16,75,53,4,126,133" hai3="118,120,91,72,90,63,76,34,64,73,61,84,19"/><U110/><E123/><V30/><F75/><W41/><G120/><T105/><D69/><U99/><E110/><V68/><F111/><W7/><G34/><T13/><D3/><U21/><E33/><V31/><F53/><W106/><G106/><T26/><D121/><U11/><E83/><V36/><F14/><W132/><G7/><T89/><D79/><U15/><E65/><V57/><F57/><W10/><G132/><T32/><D32/><U45/><E28/><V127/><F16/><W113/><G113/><T35/><D35/><U81/><E81/><V42/><F66/><W51/><G72/><T17/><REACH who="0" step="1"/><D47/><REACH who="0" ten="240,312,188,250" step="2"/><U54/><E0/><V112/><F112/><W74/><G76/><T2/><D2/><U77/><E77/><V80/><F133/><W22/><G74/><T62/><D62/><U18/><E60/><V102/><F80/><W97/><G61/><T27/><N who="0" m="6144" /><DORA hai="114" /><T9/><AGARI ba="0,1" hai="9,13,17,85,87,88,89,92,93,104,105" m="6144" machi="9" ten="40,8000,1" yaku="1,1,4,1,0,1,9,1,54,1,53,0" doraHai="70,114" doraHaiUra="55,131" who="0" fromWho="0" sc="240,90,312,-40,188,-20,250,-20" /><INIT seed="2,0,0,0,2,49" ten="330,272,168,230" oya="2" hai0="33,4,75,107,103,84,25,102,3,74,68,122,130" hai1="41,131,93,81,108,11,65,124,40,24,46,16,127" hai2="38,27,91,1,114,98,37,58,92,19,67,30,100" hai3="83,110,121,125,60,88,18,39,13,99,47,7,123"/><V53/><F114/><W77/><G110/><T32/><D122/><U132/><E108/><V111/><F111/><W43/><G7/><T51/><D130/><U44/><E131/><V63/><F1/><W78/><G125/><T129/><D68/><U134/><E81/><V135/><F135/><N who="1" m="51753" /><E93/><V62/><F19/><W133/><G133/><T70/><D70/><U54/><E65/><V85/><F63/><W36/><G36/><T17/><D107/><U128/><E128/><V71/><F67/><W97/><G78/><T72/><D84/><U42/><E54/><V55/><F53/><W115/><G60/><T112/><D112/><U89/><E89/><V94/><REACH who="2" step="1"/><F71/><REACH who="2" ten="330,272,158,230" step="2"/><W22/><G115/><T15/><D129/><U59/><E16/><V29/><F29/><W50/><G121/><T35/><D3/><U2/><E2/><V119/><F119/><W57/><G123/><T76/><D17/><U23/><E41/><V104/><F104/><W26/><G13/><T6/><D15/><U117/><E40/><V61/><F61/><W82/><G18/><T10/><D4/><U12/><E42/><V21/><AGARI ba="0,1" hai="21,27,30,37,38,55,58,62,85,91,92,94,98,100" machi="21" ten="20,12000,1" yaku="1,1,0,1,7,1,52,1,53,1" doraHai="49" doraHaiUra="96" who="2" fromWho="2" sc="330,-40,272,-40,158,130,230,-40" /><INIT seed="2,1,0,5,0,135" ten="290,232,288,190" oya="2" hai0="63,5,49,80,53,73,15,58,21,76,11,98,19" hai1="45,52,37,131,84,8,82,34,104,28,89,121,122" hai2="42,67,48,134,133,92,95,120,22,110,62,83,47" hai3="20,109,97,54,125,41,30,43,38,39,117,61,88"/><V93/><F120/><W14/><G117/><T51/><REACH who="0" step="1"/><D98/><REACH who="0" ten="280,232,288,190" step="2"/><U6/><E121/><V111/><F83/><W94/><G109/><N who="2" m="41481" /><F22/><W66/><G97/><T87/><D87/><U101/><E122/><V115/><F115/><W116/><G20/><T72/><D72/><U86/><E84/><V107/><F107/><W64/><G116/><T123/><D123/><U50/><E104/><V108/><F108/><W60/><G38/><T9/><D9/><U7/><E8/><V103/><F103/><W3/><G39/><T99/><D99/><U4/><E101/><V24/><F24/><AGARI ba="1,1" hai="5,11,15,19,21,24,49,51,53,58,63,73,76,80" machi="24" ten="30,8000,1" yaku="21,2,7,1,53,2" doraHai="135" doraHaiUra="44" who="0" fromWho="2" sc="280,93,232,0,288,-83,190,0" /><INIT seed="3,0,0,5,3,35" ten="373,232,205,190" oya="3" hai0="97,129,73,81,60,67,87,58,117,133,29,120,28" hai1="96,53,119,77,10,134,14,65,112,9,42,32,27" hai2="98,52,83,62,36,6,3,118,48,92,88,79,26" hai3="54,1,128,11,114,90,22,108,124,110,107,127,0"/><W130/><G114/><T13/><D120/><U95/><E112/><V76/><F36/><W111/><G107/><T122/><D122/><U121/><E121/><V25/><F118/><W24/><G54/><T74/><D133/><U109/><E134/><V99/><F3/><N who="3" m="1099" /><G11/><T104/><D117/><U68/><E42/><V40/><F6/><W93/><G124/><T2/><D2/><U18/><E77/><N who="2" m="29771" /><F83/><W123/><G127/><T94/><D104/><U84/><E84/><N who="2" m="52231" /><F62/><W37/><G37/><T41/><D41/><U113/><E53/><V72/><F72/><W91/><G123/><T66/><D74/><U21/><E119/><V23/><F40/><W43/><G43/><T63/><D73/><U89/><E113/><V125/><F125/><W126/><G126/><T64/><D63/><N who="1" m="39999" /><E9/><V4/><F4/><W12/><G12/><T34/><D13/><U47/><E10/><V19/><F26/><W45/><G45/><AGARI ba="0,0" hai="19,23,25,45,48,52,98,99" m="52231,29771" machi="45" ten="30,3900,0" yaku="8,1,54,2" doraHai="35" who="2" fromWho="3" sc="373,0,232,0,205,39,190,-39" owari="373,47.3,232,-16.8,244,4.4,151,-34.9" /></mjloggm>