<mjloggm ver="2.3"><GO type="225" lobby="0"/><UN n0="%E3%81%82%E3%81%99%E3%81%AB%E3%82%83%E3%82%80" n1="%E3%81%BF%E3%81%BF%E3%81%9A" n2="%E3%81%99%E3%81%84%E3%81%BE%E3%81%9B%E3%83%BC%E3%82%93" n3="%72%69%6F%75%63%68%61%6E" dan="16,16,17,16" rate="2130.60,2154.11,2264.10,2142.73" sx="F,M,M,M"/><TAIKYOKU oya="0"/><INIT seed="0,0,0,4,2,78" ten="250,250,250,250" oya="0" hai0="107,59,51,85,98,47,127,124,43,114,74,44,52" hai1="116,128,61,68,14,86,9,103,97,95,67,28,2" hai2="49,102,29,94,53,110,76,5,101,96,36,16,84" hai3="71,11,60,41,34,99,56,120,40,131,119,83,33"/><T13/><D74/><U35/><E128/><V21/><F110/><W64/><G119/><T8/><D114/><U81/><E116/><V66/><F36/><W90/><G131/><T65/><D65/><U37/><E37/><V109/><F109/><W92/><G120/><T22/><D22/><U27/><E2/><V111/><F111/><W70/><G11/><T104/><D85/><U17/><REACH who="1" step="1"/><E86/><REACH who="1" ten="250,240,250,250" step="2"/><V88/><F84/><W42/><REACH who="3" step="1"/><G83/><AGARI ba="0,1" hai="9,14,17,27,28,35,61,67,68,81,83,95,97,103" machi="83" ten="40,12000,2" yaku="1,1,2,1,52,2,53,2" doraHai="78" doraHaiUra="79" who="1" fromWho="3" sc="250,0,240,130,250,0,250,-120" /><INIT seed="1,0,0,3,3,57" ten="250,370,250,130" oya="1" hai0="39,70,127,88,80,86,123,87,62,50,38,75,81" hai1="3,108,99,121,56,21,27,46,96,34,4,90,76" hai2="6,28,89,119,35,77,91,17,134,31,72,117,102" hai3="37,95,44,129,118,66,51,0,120,48,20,124,55"/><U78/><E121/><V7/><F134/><W84/><G120/><T113/><D123/><U112/><E112/><V18/><F102/><W109/><G109/><T58/><D113/><U2/><E34/><V114/><F114/><W59/><G124/><T97/><D75/><U104/><E108/><V115/><F115/><W16/><G129/><T64/><D127/><U85/><E46/><V19/><F77/><W132/><G132/><T13/><D97/><U36/><E36/><V106/><F106/><W125/><G125/><T63/><D50/><U23/><E85/><V130/><F72/><W92/><G118/><T8/><D13/><U94/><E56/><V73/><F73/><W24/><G0/><T53/><D8/><U126/><E126/><V101/><F101/><W9/><G37/><T15/><D15/><U105/><E94/><V65/><F65/><W32/><G32/><T43/><D43/><U33/><E33/><V14/><F35/><W10/><G66/><T29/><D29/><N who="2" m="11338" /><F14/><W45/><G59/><T11/><D11/><U52/><E27/><V61/><F130/><W107/><G107/><T103/><D103/><U83/><E83/><V41/><F41/><N who="3" m="24591" /><G95/><T30/><D30/><U135/><E135/><V74/><F74/><W49/><G51/><T98/><D98/><U131/><E131/><V25/><F25/><W47/><G45/><T110/><D110/><U5/><E90/><AGARI ba="0,0" hai="9,10,16,20,24,47,49,55,84,90,92" m="24591" machi="90" ten="30,2000,0" yaku="8,1,54,1" doraHai="57" who="3" fromWho="1" sc="250,0,370,-20,250,0,130,20" /><AGARI ba="0,0" hai="38,39,53,58,62,63,64,70,80,81,86,87,88,90" machi="90" ten="30,8000,1" yaku="7,1,9,1,52,2,54,1" doraHai="57" who="0" fromWho="1" sc="250,80,350,-80,250,0,150,0" /><INIT seed="2,0,0,0,5,109" ten="330,270,250,150" oya="2" hai0="112,119,31,102,117,52,133,33,82,126,122,127,23" hai1="80,22,63,69,11,15,34,46,14,55,40,41,20" hai2="70,92,66,21,88,25,89,29,81,26,106,103,4" hai3="37,67,95,72,115,24,68,108,135,62,100,97,1"/><V64/><F4/><W98/><G108/><T124/><D122/><U83/><E34/><V2/><F2/><W3/><G135/><T6/><D133/><U9/><E69/><V131/><F131/><W86/><G72/><T30/><D112/><U28/><E63/><V8/><F8/><W44/><G86/><T43/><D43/><U87/><E55/><V116/><F116/><W60/><G60/><T121/><D121/><U113/><E113/><V45/><F106/><W78/><G78/><T84/><D102/><U91/><E28/><V125/><F125/><W7/><G7/><T105/><D105/><U51/><E40/><V17/><F45/><W49/><G37/><T71/><D71/><U104/><E83/><V27/><F70/><W118/><G118/><N who="0" m="45067" /><D33/><U35/><E35/><V111/><F111/><W18/><G115/><T53/><D6/><N who="1" m="3383" /><E104/><V130/><F130/><W39/><G39/><T120/><D120/><U129/><E129/><V12/><F29/><N who="0" m="10762" /><D23/><U13/><E13/><V0/><F0/><W38/><G38/><T132/><D132/><U93/><E80/><V58/><F81/><W96/><G1/><T74/><D74/><U10/><E10/><V114/><F114/><W47/><G3/><T90/><AGARI ba="0,0" hai="52,53,82,84,90,124,126,127" m="10762,45067" machi="90" ten="40,5200,0" yaku="18,1,12,1,54,1" doraHai="109" who="0" fromWho="0" sc="330,52,270,-13,250,-26,150,-13" /><INIT seed="3,0,0,1,2,114" ten="382,257,224,137" oya="3" hai0="15,118,34,117,82,126,108,110,62,33,88,40,128" hai1="24,28,11,36,96,16,54,69,18,129,10,131,76" hai2="134,133,86,98,19,49,61,124,38,68,91,39,105" hai3="135,95,8,103,97,81,23,125,99,1,83,123,25"/><W17/><G125/><T104/><D104/><U59/><E69/><V74/><F74/><W122/><G135/><N who="2" m="51721" /><F124/><W57/><G57/><T43/><D15/><U70/><E70/><V109/><F109/><W72/><G72/><T120/><D126/><U65/><E65/><N who="2" m="41007" /><F49/><W92/><G123/><T50/><D50/><U94/><E76/><V132/><F132/><W32/><G32/><T102/><D88/><N who="1" m="55367" /><E36/><V29/><F29/><W14/><G1/><T121/><D82/><U9/><E28/><V78/><F19/><W2/><G2/><T31/><D31/><U89/><E89/><V0/><F0/><W26/><G122/><T12/><D12/><U48/><E24/><V55/><F55/><W87/><G87/><T130/><D62/><U71/><E71/><V113/><F113/><W37/><G37/><T85/><D85/><U60/><E60/><V4/><F4/><W6/><REACH who="3" step="1"/><G26/><REACH who="3" ten="382,257,224,127" step="2"/><T51/><D33/><U67/><E67/><V3/><F3/><W64/><G64/><T27/><D34/><U42/><E42/><V46/><F38/><W79/><G79/><T127/><D27/><U13/><E13/><V22/><F78/><W111/><G111/><T116/><D127/><U107/><E131/><V80/><F39/><W115/><G115/><T56/><D108/><U5/><E129/><V84/><F84/><W7/><G7/><T45/><D110/><U53/><E5/><V58/><F58/><W47/><G47/><T63/><D128/><U30/><E54/><V112/><F112/><W75/><G75/><T73/><D130/><U93/><E59/><RYUUKYOKU ba="0,1" sc="382,-10,257,-10,224,-10,127,30" hai3="6,8,14,17,23,25,81,83,92,95,97,99,103" /><INIT seed="3,1,1,2,2,44" ten="372,247,214,157" oya="3" hai0="0,50,38,100,19,121,98,49,66,135,103,109,97" hai1="128,5,113,21,112,34,18,11,72,1,68,36,78" hai2="54,31,90,119,14,82,43,111,87,58,29,57,52" hai3="118,33,61,73,117,7,129,65,46,110,55,2,45"/><W60/><G73/><T133/><D38/><U106/><E68/><V41/><F119/><N who="3" m="45579" /><G33/><T101/><D109/><U20/><E106/><V85/><F111/><W64/><G7/><T40/><D121/><U69/><E69/><V48/><F14/><W81/><G2/><T134/><D0/><U102/><E102/><V92/><F29/><W105/><G105/><T116/><D116/><U35/><E36/><V127/><F31/><W16/><G110/><T8/><D40/><U30/><E78/><N who="2" m="46295" /><F127/><W10/><G81/><T28/><D28/><U39/><E39/><V22/><F22/><W25/><G25/><T6/><D66/><N who="3" m="25705" /><G16/><T13/><D19/><U126/><E126/><V114/><F114/><N who="1" m="44137" /><E128/><V96/><F96/><AGARI ba="1,1" hai="6,8,13,49,50,96,97,98,100,101,103,133,134,135" machi="96" ten="50,6400,0" yaku="20,1,52,2" doraHai="44" who="0" fromWho="2" sc="372,77,247,0,214,-67,157,0" owari="449,54.9,247,4.7,147,-35.3,157,-24.3" /></mjloggm>