<mjloggm ver="2.3"><GO type="225" lobby="0"/><UN n0="%E3%83%97%E3%83%AC%E3%83%B4%E3%82%A1%E3%83%86%E3%82%A3" n1="%E5%B8%86%E7%AB%8B%E5%A4%8F%E8%A1%A3" n2="%E3%81%BF%E3%81%BF%E3%81%9A" n3="%E3%83%AB%E3%83%9B%E3%83%B3%E3%83%87%E3%82%A3%E3%82%A8" dan="16,16,16,17" rate="2064.61,2111.40,2163.70,2173.47" sx="F,M,M,M"/><TAIKYOKU oya="0"/><INIT seed="0,0,0,2,2,66" ten="250,250,250,250" oya="0" hai0="79,56,35,96,74,57,37,84,80,87,6,129,120" hai1="97,59,17,100,58,32,28,118,127,113,124,46,49" hai2="104,128,29,105,21,67,73,101,27,89,39,44,23" hai3="2,55,9,40,132,3,0,41,52,61,22,123,68"/><T71/><D37/><U14/><E118/><V106/><F73/><W95/><G132/><T34/><D120/><U31/><E113/><V72/><F72/><W19/><G123/><T131/><D6/><U88/><E32/><V33/><F128/><W62/><G9/><T82/><D96/><U109/><E31/><V76/><F76/><W102/><G102/><T5/><D5/><U26/><E28/><V130/><F130/><W108/><G108/><T99/><D99/><U4/><E4/><V90/><F101/><W25/><G95/><T122/><D74/><U117/><E26/><V51/><F39/><W12/><G12/><T107/><D79/><U1/><E1/><V112/><F112/><W78/><G78/><T114/><D114/><U119/><E109/><V65/><F23/><W43/><REACH who="3" step="1"/><G68/><REACH who="3" ten="250,250,250,240" step="2"/><T48/><D107/><U70/><E70/><V93/><F90/><W36/><G36/><T8/><D8/><N who="1" m="6343" /><E119/><V38/><F38/><W69/><G69/><T125/><D71/><U110/><E110/><V134/><F134/><W42/><N who="3" m="10240" /><DORA hai="111" /><W94/><G94/><T63/><D122/><U7/><E117/><V64/><F93/><W91/><G91/><T83/><D83/><U18/><E88/><V16/><F89/><W30/><G30/><T116/><D116/><U126/><E7/><V121/><F121/><W47/><G47/><T24/><D24/><U77/><E77/><V15/><F44/><W11/><G11/><T98/><D131/><U54/><E18/><V92/><F92/><AGARI ba="0,1" hai="46,49,54,58,59,92,97,100,124,126,127" m="6343" machi="92" ten="30,1000,0" yaku="18,1" doraHai="66,111" who="1" fromWho="2" sc="250,0,250,20,250,-10,240,0" /><INIT seed="1,0,0,5,4,64" ten="250,270,240,240" oya="1" hai0="121,106,79,43,133,56,112,40,29,30,42,6,39" hai1="55,85,45,46,126,15,44,17,14,27,82,95,113" hai2="93,134,68,13,57,41,129,51,58,20,8,54,73" hai3="81,38,103,2,109,77,37,97,124,22,116,1,84"/><U87/><E126/><V115/><F73/><W72/><G124/><T69/><D106/><U119/><E119/><V92/><F68/><W0/><G116/><T99/><D112/><U7/><E113/><V11/><F129/><W91/><G22/><T52/><D133/><U90/><E7/><V104/><F104/><W36/><G109/><T125/><D125/><U34/><E34/><V60/><F115/><W59/><G59/><T89/><D39/><U28/><E28/><V74/><F74/><W50/><G50/><T23/><D69/><U117/><E117/><V35/><F35/><W67/><G67/><T4/><D79/><U3/><E3/><V18/><F134/><W53/><G53/><T123/><D99/><U127/><E127/><V49/><F49/><W101/><REACH who="3" step="1"/><G97/><REACH who="3" ten="250,270,240,230" step="2"/><T130/><D23/><N who="1" m="13807" /><E55/><N who="2" m="33855" /><F41/><W10/><G10/><AGARI ba="0,1" hai="8,10,11,13,18,20,51,54,58,92,93" m="33855" machi="10" ten="30,1000,0" yaku="8,1" doraHai="64" who="2" fromWho="3" sc="250,0,270,0,240,20,230,-10" /><INIT seed="2,0,0,4,4,4" ten="250,270,260,220" oya="2" hai0="89,74,102,73,108,39,36,51,92,129,95,1,58" hai1="75,19,104,43,123,128,59,122,45,131,66,22,44" hai2="109,13,61,67,91,80,69,90,107,17,48,98,130" hai3="12,26,55,24,85,25,125,15,23,42,16,9,76"/><V105/><F130/><N who="1" m="49705" /><E104/><V7/><F7/><N who="3" m="3135" /><G125/><T38/><D129/><U54/><E75/><V5/><F5/><W46/><G42/><T57/><D1/><U31/><E31/><V2/><F2/><W72/><G72/><T119/><D108/><U93/><E93/><V35/><F35/><W47/><G55/><T133/><D133/><U126/><E126/><V81/><F109/><W118/><G118/><T65/><D119/><U52/><E66/><V40/><F107/><W56/><G56/><T121/><D121/><N who="1" m="46091" /><E59/><V86/><F105/><W100/><G100/><T127/><D127/><U96/><E45/><N who="3" m="16906" /><G76/><T29/><D29/><U0/><E96/><V33/><F33/><W120/><G120/><T37/><N who="0" m="9216" /><DORA hai="111" /><T117/><D117/><U53/><E0/><V68/><F68/><W60/><G60/><T83/><D73/><U101/><E101/><V21/><F40/><W106/><G106/><T99/><D65/><U32/><E32/><V87/><F98/><W135/><G135/><T6/><D51/><AGARI ba="0,0" hai="13,17,21,48,51,61,67,69,80,81,86,87,90,91" machi="51" ten="40,2000,0" yaku="9,1" doraHai="4,111" who="2" fromWho="0" sc="250,-20,270,0,260,20,220,0" /><INIT seed="2,1,0,5,3,100" ten="230,270,280,220" oya="2" hai0="58,106,62,89,124,74,46,61,27,36,63,0,113" hai1="30,6,93,57,123,104,17,41,81,105,75,54,9" hai2="21,78,88,134,107,129,16,10,86,7,22,28,67" hai3="98,19,11,64,8,116,29,34,82,92,102,44,51"/><V90/><F107/><W117/><G34/><T125/><D74/><U130/><E17/><V15/><F129/><W72/><G29/><T49/><D0/><U14/><E130/><V128/><F128/><W114/><G114/><T2/><D113/><U47/><E30/><V91/><F134/><W84/><G64/><T43/><D2/><U65/><E65/><V33/><F67/><W53/><G72/><T38/><D27/><U71/><E93/><V99/><F99/><W35/><G35/><T115/><D115/><U96/><E96/><V111/><F111/><W59/><G59/><T3/><D3/><U110/><E71/><V108/><F108/><W101/><G101/><T24/><D24/><U25/><E25/><N who="2" m="16431" /><F33/><W76/><REACH who="3" step="1"/><G19/><REACH who="3" ten="230,270,280,210" step="2"/><T37/><D89/><U77/><E110/><V12/><F78/><W103/><G103/><T79/><D79/><U135/><E135/><V48/><F48/><W26/><G26/><T73/><D73/><U1/><E77/><V13/><F86/><W87/><G87/><T69/><D69/><U120/><E75/><V5/><F16/><W122/><G122/><T112/><D112/><U126/><E123/><V42/><F5/><W121/><G121/><T23/><D23/><U118/><E120/><V18/><F22/><W66/><G66/><N who="0" m="39223" /><D106/><U56/><E105/><V50/><F18/><W39/><G39/><T97/><D97/><U70/><E104/><V20/><F20/><W32/><G32/><T85/><D85/><U68/><E70/><V94/><F94/><W40/><G40/><T52/><D43/><U31/><E41/><RYUUKYOKU ba="1,1" sc="230,10,270,-30,280,10,210,10" hai0="36,37,38,46,49,52,62,63,124,125" hai2="7,10,12,13,15,42,50,88,90,91" hai3="8,11,44,51,53,76,82,84,92,98,102,116,117" /><INIT seed="2,2,1,4,4,26" ten="240,240,290,220" oya="2" hai0="34,29,22,20,94,125,133,68,101,51,46,97,31" hai1="124,4,74,33,96,79,50,104,88,9,47,135,23" hai2="30,42,15,40,87,73,86,54,17,115,77,100,120" hai3="65,32,76,49,75,85,18,71,38,58,91,117,107"/><V118/><F115/><W62/><G117/><T53/><D68/><U111/><E33/><V35/><F118/><W39/><G107/><T69/><D69/><U64/><E135/><V112/><F112/><W70/><G75/><T37/><D133/><U89/><E124/><V41/><F120/><W2/><G76/><T102/><D125/><U127/><E127/><V83/><F100/><N who="0" m="38506" /><D34/><U132/><E104/><V72/><F72/><W116/><G116/><T44/><D37/><U82/><E111/><V109/><F109/><W106/><G106/><T28/><D44/><U11/><E132/><V121/><F121/><W66/><G2/><T119/><D119/><U90/><E64/><V63/><F63/><W55/><G32/><T99/><D99/><U123/><E123/><V6/><F6/><W25/><G25/><T61/><D61/><U0/><E11/><V45/><F30/><W105/><G105/><T98/><D98/><U134/><E23/><V14/><F35/><W114/><G114/><T19/><D19/><U48/><E134/><V8/><F15/><W131/><G131/><T52/><D53/><U95/><E50/><V59/><F59/><W110/><G110/><T1/><D1/><U113/><E113/><V56/><F56/><W16/><G66/><T128/><D128/><U67/><E67/><V80/><F73/><W130/><G71/><T36/><D36/><N who="3" m="13865" /><G130/><T129/><D129/><U5/><E5/><V13/><F13/><W103/><G103/><AGARI ba="2,1" hai="20,22,28,29,31,46,51,52,94,97,103" m="38506" machi="103" ten="30,8000,1" yaku="8,1,52,3,54,1" doraHai="26" who="0" fromWho="3" sc="240,96,240,0,290,0,220,-86" /><INIT seed="3,0,0,3,3,40" ten="336,240,290,134" oya="3" hai0="23,13,101,74,58,128,96,33,113,14,1,51,64" hai1="9,54,115,34,47,89,65,46,49,83,61,15,78" hai2="53,100,121,48,109,26,123,119,32,59,57,76,84" hai3="10,86,93,81,104,103,125,69,111,130,82,68,72"/><W22/><G125/><T77/><D1/><U92/><E115/><V24/><F119/><W98/><G130/><T91/><D113/><U60/><E34/><V126/><F126/><W79/><G111/><T8/><D33/><U55/><E83/><N who="2" m="47207" /><F109/><W99/><G10/><T56/><D128/><U95/><E78/><V105/><F32/><W19/><G82/><T127/><D127/><U80/><E80/><V42/><F42/><W62/><G62/><N who="0" m="37959" /><D77/><U90/><E65/><V35/><F35/><W27/><REACH who="3" step="1"/><G99/><REACH who="3" ten="336,240,290,124" step="2"/><T18/><D74/><U87/><E61/><V2/><F123/><W71/><G71/><T16/><D96/><U38/><E60/><V110/><F121/><W20/><G20/><T70/><D70/><U67/><E67/><V37/><F110/><W6/><G6/><T30/><D8/><U50/><E38/><V133/><F37/><W135/><G135/><T120/><D120/><U97/><E9/><V39/><F39/><W66/><G66/><T52/><D23/><U131/><E131/><V25/><F133/><W112/><G112/><T118/><D118/><U134/><E134/><V0/><F2/><W12/><G12/><AGARI ba="0,1" hai="12,15,46,47,49,50,54,55,87,89,90,92,95,97" machi="12" ten="40,8000,1" yaku="9,1,8,1,52,2" doraHai="40" who="1" fromWho="3" sc="336,0,240,90,290,0,124,-80" owari="336,43.6,330,13.0,290,-11.0,44,-45.6" /></mjloggm>