<mjloggm ver="2.3"><GO type="225" lobby="0"/><UN n0="%6C%61%6D%62" n1="%E9%81%85%E5%88%BB%E3%81%AE%E3%83%97%E3%83%AA%E3%83%B3%E3%82%B9%E2%99%AA" n2="%E6%97%A5%E6%9B%9C%E6%97%A5%E3%82%88%E3%82%8A%E3%81%AE%E4%BD%BF%E8%80%85" n3="%E9%9B%80%E6%A5%B5%E3%81%AE%E3%81%B8" dan="16,16,17,16" rate="2139.39,2161.21,2208.44,2092.09" sx="M,F,M,M"/><TAIKYOKU oya="0"/><INIT seed="0,0,0,1,3,55" ten="250,250,250,250" oya="0" hai0="9,83,41,128,75,62,81,27,92,42,120,47,97" hai1="88,63,25,91,133,35,102,117,13,38,125,78,103" hai2="116,69,53,65,7,16,26,74,28,77,15,73,0" hai3="31,82,104,10,11,64,101,52,21,126,115,124,106"/><T59/><D120/><U121/><E121/><V94/><F116/><W46/><G115/><T56/><D128/><U48/><E117/><V80/><F53/><W4/><G64/><T6/><D75/><U50/><E38/><V3/><F74/><W108/><G108/><T14/><D27/><U76/><E13/><V1/><F94/><W129/><G129/><T20/><D20/><U109/><E25/><V114/><F114/><W113/><G113/><T87/><D62/><U8/><E8/><N who="2" m="2151" /><F65/><W99/><G104/><T54/><D54/><U131/><E131/><V58/><F58/><N who="0" m="22058" /><D47/><U22/><E22/><N who="2" m="11551" /><F69/><W112/><G112/><T100/><D83/><U5/><E5/><V37/><F37/><W93/><G82/><T23/><D23/><U70/><E109/><V19/><F19/><W98/><G21/><T84/><D84/><U2/><E63/><V90/><F90/><AGARI ba="0,0" hai="6,9,14,41,42,81,87,90,92,97,100" m="22058" machi="90" ten="30,11600,0" yaku="8,1,52,3" doraHai="55" who="0" fromWho="2" sc="250,116,250,0,250,-116,250,0" /><INIT seed="0,1,0,5,0,8" ten="366,250,134,250" oya="0" hai0="111,96,84,38,115,58,34,110,10,67,42,20,77" hai1="120,76,106,117,41,49,124,24,134,125,29,114,30" hai2="103,25,53,95,36,126,107,91,74,32,68,90,118" hai3="40,92,131,100,16,2,93,31,12,127,47,1,35"/><T7/><D34/><U122/><E117/><V14/><F36/><W18/><G131/><T101/><D115/><U66/><E106/><V9/><F68/><W60/><G127/><N who="1" m="48714" /><E114/><V57/><F126/><W63/><G18/><T113/><D42/><U50/><E76/><V4/><F74/><W72/><G72/><T43/><D43/><U44/><E66/><V80/><F107/><W21/><G31/><N who="1" m="11786" /><E134/><V19/><F32/><W48/><G35/><T85/><D20/><U78/><E78/><V133/><F133/><W11/><G2/><T104/><D38/><N who="1" m="21559" /><E24/><V3/><F118/><W108/><G108/><N who="0" m="41515" /><D113/><U82/><E82/><V13/><F80/><W22/><G1/><N who="0" m="367" /><D77/><U130/><E130/><V112/><F112/><W17/><G22/><T65/><D65/><U54/><E49/><N who="2" m="30895" /><F25/><N who="3" m="14511" /><G100/><T135/><D135/><U62/><E62/><AGARI ba="1,0" hai="11,12,16,40,47,48,60,62,63,92,93" m="14511" machi="62" ten="30,3900,0" yaku="8,1,52,1,54,1" doraHai="8" who="3" fromWho="1" sc="366,0,250,-42,134,0,250,42" /><AGARI ba="1,0" hai="58,62,67,84,85,96,101,104" m="367,41515" machi="62" ten="30,2900,0" yaku="14,1,10,1" doraHai="8" who="0" fromWho="1" sc="366,29,208,-29,134,0,292,0" /><INIT seed="0,2,0,1,0,100" ten="395,179,134,292" oya="0" hai0="117,121,114,80,31,47,88,20,5,82,128,118,135" hai1="102,38,21,109,110,74,107,19,60,7,45,14,86" hai2="125,96,105,52,76,91,50,24,54,85,111,1,70" hai3="25,126,4,18,131,3,87,84,57,92,6,124,37"/><T89/><D5/><U27/><E74/><V34/><F1/><W120/><G37/><T69/><D69/><U112/><E112/><V33/><F70/><W39/><G39/><T67/><D67/><U41/><E86/><V99/><F76/><W122/><G92/><T17/><D31/><U40/><E40/><V95/><F111/><N who="1" m="42505" /><E60/><V64/><F64/><W108/><G57/><T55/><D114/><U9/><E102/><V97/><F125/><N who="3" m="48235" /><G108/><T127/><D127/><U58/><E58/><V26/><F105/><AGARI ba="2,0" hai="7,9,14,19,21,27,38,41,45,105,107" m="42505" machi="105" ten="30,3900,0" yaku="14,1,52,2" doraHai="100" who="1" fromWho="2" sc="395,0,179,45,134,-45,292,0" /><INIT seed="1,0,0,5,1,6" ten="395,224,89,292" oya="1" hai0="12,103,89,60,50,0,80,30,79,16,77,84,56" hai1="18,115,91,92,113,2,117,97,64,100,105,130,45" hai2="61,119,71,127,59,121,22,44,87,42,32,46,54" hai3="28,24,129,53,135,33,5,114,14,10,63,57,40"/><U98/><E2/><V38/><F32/><W36/><G129/><T93/><D0/><U120/><E120/><V106/><F106/><W70/><G135/><T83/><D30/><U125/><E130/><V51/><F87/><W13/><G114/><T8/><D50/><U41/><E117/><V112/><F22/><W21/><G70/><T69/><D69/><U55/><E125/><V17/><F17/><W88/><G36/><T81/><D103/><U101/><E64/><AGARI ba="0,0" hai="8,12,16,56,60,64,77,79,80,81,83,84,89,93" machi="64" ten="40,5200,0" yaku="8,1,52,1,54,1" doraHai="6" who="0" fromWho="1" sc="395,52,224,-52,89,0,292,0" /><INIT seed="2,0,0,2,2,45" ten="447,172,89,292" oya="2" hai0="19,128,132,72,100,39,50,34,26,97,31,90,118" hai1="106,88,3,98,123,71,89,7,30,70,113,61,73" hai2="133,24,110,67,8,10,54,28,112,2,64,65,107" hai3="56,119,46,127,4,66,60,57,131,95,25,6,135"/><V79/><F112/><W77/><G119/><T20/><D39/><U0/><E113/><V111/><F107/><W126/><G131/><T104/><D72/><U93/><E123/><V103/><F103/><W33/><G135/><T43/><D132/><U114/><E114/><V53/><F79/><W44/><G77/><T29/><D128/><U101/><E73/><V5/><F10/><W108/><G108/><N who="2" m="41513" /><F133/><W9/><G95/><T41/><D31/><U122/><E122/><V125/><F125/><N who="3" m="47627" /><G57/><T82/><D82/><U75/><E75/><V22/><AGARI ba="0,0" hai="2,5,8,22,24,28,53,54,64,65,67" m="41513" machi="22" ten="30,3000,0" yaku="14,1,10,1" doraHai="45" who="2" fromWho="2" sc="447,-10,172,-10,89,30,292,-10" /><INIT seed="2,1,0,3,1,81" ten="437,162,119,282" oya="2" hai0="80,22,38,75,60,51,36,124,91,71,62,21,118" hai1="102,27,43,30,19,26,73,123,10,55,57,108,135" hai2="115,33,37,93,98,88,15,105,97,59,35,13,72" hai3="28,9,106,0,61,120,86,31,79,87,114,109,68"/><V18/><F72/><W4/><G106/><T3/><D3/><U77/><E108/><V100/><F37/><W69/><G109/><T6/><D6/><U130/><E135/><V58/><F115/><W96/><G120/><T42/><D91/><U24/><E123/><V119/><F119/><W132/><G132/><T85/><D85/><U34/><E130/><V40/><F40/><W129/><G129/><T133/><D80/><U64/><E102/><V125/><F125/><W44/><G114/><T74/><D51/><U117/><E117/><V84/><F98/><W23/><G79/><T20/><D133/><U94/><E43/><V63/><F58/><W46/><G96/><T53/><D53/><U29/><E64/><V2/><F2/><W56/><G44/><T78/><D78/><U17/><E77/><V92/><F105/><W111/><G46/><T134/><D21/><U90/><E73/><V89/><F100/><W12/><G111/><T48/><D42/><U1/><E1/><V66/><REACH who="2" step="1"/><F13/><REACH who="2" ten="437,162,109,282" step="2"/><W112/><G112/><T95/><D38/><U107/><E107/><V116/><F116/><W8/><G68/><T126/><D36/><U54/><E57/><V49/><F49/><W14/><G69/><T70/><D74/><U25/><E30/><V110/><F110/><W39/><G39/><T7/><D75/><U41/><E41/><V45/><F45/><W50/><G50/><T121/><D124/><U52/><REACH who="1" step="1"/><E10/><AGARI ba="1,1" hai="10,15,18,33,35,59,63,66,84,88,89,92,93,97" machi="10" ten="30,11600,0" yaku="1,1,7,1,52,1,54,1,53,0" doraHai="81" doraHaiUra="103" who="2" fromWho="1" sc="437,0,162,-119,109,129,282,0" /><INIT seed="2,2,0,0,5,113" ten="437,43,238,282" oya="2" hai0="21,2,97,50,121,9,18,24,77,86,66,49,120" hai1="134,3,51,15,61,19,54,99,106,135,30,41,44" hai2="60,73,98,72,127,109,14,87,84,29,80,0,63" hai3="38,45,128,10,88,133,65,104,17,57,59,58,43"/><V69/><F0/><W126/><G104/><T23/><D66/><U124/><E3/><V22/><F69/><W123/><G123/><T75/><D75/><U56/><E30/><V116/><F98/><W96/><G133/><N who="1" m="50698" /><E99/><V117/><F14/><W62/><G128/><T28/><D97/><U102/><E19/><V40/><F40/><W91/><G126/><T118/><D118/><N who="2" m="45674" /><F80/><W79/><G79/><T132/><D50/><N who="1" m="26895" /><E15/><V34/><F29/><W16/><G91/><T5/><D49/><U100/><E100/><V37/><F22/><W114/><G114/><T25/><D132/><U11/><E11/><V93/><F93/><W31/><G31/><T105/><D105/><U1/><E1/><V122/><F37/><W26/><G10/><T125/><D9/><U74/><E74/><N who="2" m="28779" /><F34/><W83/><G83/><T78/><D2/><U53/><E102/><V20/><F20/><W32/><G32/><T8/><D8/><U111/><E106/><V81/><F81/><W70/><REACH who="3" step="1"/><G26/><REACH who="3" ten="437,43,238,272" step="2"/><T13/><D28/><U52/><E124/><V4/><F127/><W129/><G129/><T33/><D125/><U90/><E90/><V46/><F122/><W6/><G6/><T92/><D5/><U12/><E12/><V101/><F4/><W131/><G131/><T27/><D33/><U7/><E7/><V94/><F101/><W71/><G71/><T130/><D130/><U67/><E111/><V115/><F109/><W47/><G47/><AGARI ba="2,1" hai="47,51,52,53,54,56,61,67" m="26895,50698" machi="47" ten="30,7700,0" yaku="20,1,34,2,54,1" doraHai="113" who="1" fromWho="3" sc="437,0,43,93,238,0,272,-83" /><INIT seed="3,0,0,3,1,80" ten="437,136,238,189" oya="3" hai0="6,24,41,111,34,77,58,94,129,33,102,21,36" hai1="46,117,18,49,78,52,48,120,9,75,50,100,119" hai2="51,86,32,89,133,8,10,27,73,114,44,45,95" hai3="99,101,130,56,96,57,22,65,109,70,74,35,134"/><W20/><G35/><T64/><D6/><U122/><E100/><V132/><F73/><W13/><G74/><T40/><D77/><U110/><E18/><V31/><F114/><W103/><G13/><T121/><D102/><U38/><E9/><N who="2" m="3691" /><F51/><N who="1" m="19529" /><E78/><V112/><F112/><W87/><G22/><T55/><D41/><N who="1" m="22839" /><E75/><V82/><F95/><W62/><G20/><T60/><D60/><U124/><E124/><V5/><F5/><W85/><G96/><T43/><D64/><U93/><E93/><V7/><F7/><W4/><G101/><T126/><D58/><N who="1" m="33047" /><E110/><V83/><F83/><W105/><G109/><T29/><D121/><U30/><E30/><V11/><F11/><W26/><G4/><T66/><D129/><U104/><E104/><V28/><F28/><W84/><G130/><T131/><D43/><U47/><E47/><V107/><F107/><W39/><G26/><T98/><D36/><U116/><AGARI ba="0,0" hai="116,117,119,120,122" m="33047,22839,19529" machi="116" ten="40,8000,1" yaku="12,1,34,2,54,1" doraHai="80" who="1" fromWho="1" sc="437,-20,136,80,238,-20,189,-40" owari="417,51.7,216,-18.4,218,1.8,149,-35.1" /></mjloggm>