<mjloggm ver="2.3"><GO type="225" lobby="0"/><UN n0="%62%6F%6E%6F%73%2E%2E" n1="%E3%81%86%E3%82%8B%E3%81%8A%E3%81%A1%E3%82%83" n2="%E7%9C%9F%E4%B8%80" n3="%6D%75%75%6D%75%72%61" dan="17,16,17,17" rate="2203.93,2076.69,2243.62,2208.07" sx="M,F,M,F"/><TAIKYOKU oya="0"/><INIT seed="0,0,0,1,1,129" ten="250,250,250,250" oya="0" hai0="17,41,46,132,116,77,81,36,38,121,50,24,57" hai1="34,126,58,117,86,14,92,1,7,133,91,96,6" hai2="18,102,131,75,135,11,104,90,23,118,70,40,2" hai3="122,56,43,45,5,106,105,124,59,98,65,71,39"/><T84/><D116/><U31/><E117/><V85/><F118/><W97/><G124/><T113/><D113/><U68/><E68/><V35/><F70/><W19/><G122/><T47/><D121/><U22/><E34/><V74/><F35/><W83/><G71/><T123/><D123/><U33/><E33/><V49/><F131/><W15/><G5/><T55/><D132/><U3/><E126/><V29/><F29/><W9/><G83/><T12/><D24/><N who="1" m="16791" /><E1/><V51/><F102/><W54/><G97/><T64/><D64/><U28/><E28/><V67/><F104/><W110/><G110/><T62/><REACH who="0" step="1"/><D47/><REACH who="0" ten="240,250,250,250" step="2"/><U44/><E44/><V26/><F135/><W95/><G65/><T30/><D30/><U119/><E133/><V13/><F67/><W72/><G56/><T114/><D114/><U93/><E58/><V109/><F26/><W10/><G59/><T76/><D76/><U79/><E79/><V27/><F27/><W42/><G45/><T127/><D127/><U66/><E66/><V73/><F109/><W103/><G54/><T25/><D25/><U82/><E119/><V108/><F108/><W20/><G43/><T63/><D63/><U61/><E61/><V53/><F53/><W32/><G42/><T125/><D125/><U112/><E112/><V101/><F40/><W111/><G111/><T88/><D88/><N who="1" m="55303" /><E3/><V4/><F101/><W21/><G103/><T16/><D16/><U80/><E6/><V37/><F37/><W48/><G39/><T89/><D89/><U99/><E7/><V115/><F115/><W120/><G32/><RYUUKYOKU ba="0,1" sc="240,15,250,-15,250,15,250,-15" hai0="12,17,36,38,41,46,50,55,57,62,77,81,84" hai2="2,4,11,13,18,23,49,51,73,74,75,85,90" /><INIT seed="0,1,1,5,5,10" ten="255,235,265,235" oya="0" hai0="88,46,87,75,114,97,12,118,128,63,119,18,7" hai1="21,5,76,96,72,49,106,123,9,44,28,13,111" hai2="55,11,71,65,20,1,109,102,45,2,69,27,14" hai3="57,61,98,39,135,64,85,100,107,67,41,58,60"/><T124/><D114/><U6/><E123/><V19/><F109/><W121/><G135/><T66/><D75/><U122/><E122/><V104/><F104/><W8/><G121/><T89/><D128/><U35/><E111/><V15/><F102/><W42/><G39/><T37/><D7/><U130/><E130/><V50/><F65/><W133/><G133/><T132/><D132/><U116/><E116/><V103/><F103/><W38/><G38/><T59/><D124/><U0/><E5/><V134/><F134/><W54/><G85/><T91/><D87/><U99/><E106/><V93/><F93/><W16/><G54/><T80/><D80/><U51/><E76/><V32/><F32/><W25/><G25/><T29/><D29/><U33/><E51/><V110/><F110/><W30/><G30/><T26/><D26/><U131/><E72/><V79/><F79/><W129/><G129/><T112/><D97/><U48/><E48/><V68/><REACH who="2" step="1"/><F14/><AGARI ba="1,1" hai="8,14,16,41,42,57,58,60,61,64,67,98,100,107" machi="14" ten="40,5200,0" yaku="9,1,52,1,54,1" doraHai="10" who="3" fromWho="2" sc="255,0,235,0,265,-55,235,65" /><INIT seed="1,0,0,0,1,34" ten="255,235,210,300" oya="1" hai0="129,14,131,10,88,22,123,31,32,66,86,17,124" hai1="102,46,130,45,98,133,128,36,97,11,122,62,120" hai2="119,15,48,7,2,71,49,93,96,90,110,56,104" hai3="63,78,21,54,27,18,74,19,115,4,69,100,107"/><U28/><E28/><V95/><F119/><W101/><G115/><T24/><D124/><U9/><E62/><V70/><F2/><W108/><G108/><T30/><D66/><U82/><E82/><V121/><F104/><W59/><G69/><T111/><D111/><U75/><E75/><V41/><F121/><W8/><G18/><T60/><D60/><U127/><E36/><V72/><F72/><W13/><REACH who="3" step="1"/><G107/><REACH who="3" ten="255,235,210,290" step="2"/><T91/><D123/><U92/><E122/><V38/><F71/><W65/><G65/><T6/><D31/><U40/><E120/><V84/><F70/><W126/><G126/><T105/><D105/><U3/><E127/><V33/><F110/><W73/><G73/><T67/><D67/><U37/><E128/><N who="0" m="49225" /><D86/><U35/><E130/><V80/><F84/><W106/><G106/><T52/><D52/><U61/><E98/><V5/><F96/><W135/><G135/><T79/><D79/><U64/><E133/><V50/><F41/><W16/><G16/><T99/><D99/><U20/><E40/><V47/><F5/><W117/><G117/><T89/><D6/><U114/><E64/><V26/><F7/><W39/><G39/><T51/><D51/><U134/><E37/><V58/><F38/><W44/><G44/><T57/><D57/><U83/><E46/><V68/><F47/><W23/><G23/><AGARI ba="0,1" hai="10,14,17,22,23,24,30,32,88,89,91" m="49225" machi="23" ten="30,2000,0" yaku="19,1,54,1" doraHai="34" who="0" fromWho="3" sc="255,30,235,0,210,0,290,-20" /><INIT seed="2,0,0,0,1,2" ten="285,235,210,270" oya="2" hai0="4,95,5,92,56,96,73,30,9,108,7,63,98" hai1="32,134,15,65,24,112,68,100,8,85,59,129,71" hai2="130,81,113,83,126,101,50,60,23,90,131,105,127" hai3="117,93,52,97,27,111,70,35,72,102,40,43,115"/><V14/><F113/><W64/><G117/><T46/><D73/><U69/><E112/><V114/><F114/><W22/><G115/><T133/><D108/><U107/><E129/><N who="2" m="49163" /><F50/><W18/><G111/><T118/><D118/><U84/><E134/><V110/><F110/><W99/><G72/><T62/><D30/><U42/><E42/><V25/><F14/><W17/><G35/><T54/><D133/><U124/><E124/><N who="2" m="47659" /><F90/><W58/><G64/><T1/><D46/><U34/><E15/><V61/><F101/><W82/><G70/><T51/><D1/><U135/><E71/><V132/><F105/><W38/><G38/><T31/><D9/><U28/><E8/><V16/><F132/><W41/><G82/><AGARI ba="0,0" hai="16,23,25,60,61,81,82,83" m="47659,49163" machi="82" ten="30,5800,0" yaku="19,1,18,1,54,1" doraHai="2" who="2" fromWho="3" sc="285,0,235,0,210,58,270,-58" /><INIT seed="2,1,0,4,5,23" ten="285,235,268,212" oya="2" hai0="89,78,21,122,119,128,1,94,134,118,28,39,40" hai1="35,86,15,126,96,93,108,74,6,127,56,84,73" hai2="116,99,12,7,70,33,27,103,4,124,32,100,19" hai3="121,85,44,30,120,58,64,133,18,41,131,135,8"/><V81/><F116/><N who="0" m="44586" /><D122/><N who="3" m="47209" /><G85/><N who="1" m="32874" /><E35/><V46/><F70/><W72/><G72/><T59/><D1/><U25/><E25/><V42/><F81/><W98/><G98/><T22/><D134/><N who="3" m="51209" /><G8/><T61/><D78/><U95/><E56/><V29/><F33/><W101/><G101/><T105/><D105/><U69/><E69/><V60/><F103/><W76/><G76/><T132/><D132/><U55/><E55/><V112/><F124/><N who="1" m="47657" /><E108/><V97/><F97/><W91/><G91/><T92/><D128/><U0/><E0/><V109/><F112/><W16/><G131/><T47/><D89/><N who="1" m="55343" /><E95/><N who="0" m="36393" /><D28/><U31/><E31/><V51/><F109/><W5/><G30/><T106/><D106/><U104/><E104/><V11/><F60/><N who="3" m="37911" /><G5/><T9/><D9/><AGARI ba="1,0" hai="6,9,15,73,74" m="55343,47657,32874" machi="9" ten="30,1000,0" yaku="18,1" doraHai="23" who="1" fromWho="0" sc="285,-13,235,13,268,0,212,0" /><INIT seed="3,0,0,1,2,62" ten="272,248,268,212" oya="3" hai0="1,95,60,122,53,107,128,121,41,70,0,16,101" hai1="48,88,65,49,25,135,96,63,110,21,5,12,31" hai2="126,112,45,29,114,22,104,111,109,14,4,102,127" hai3="46,115,124,117,56,93,83,81,78,44,132,80,134"/><W3/><G115/><N who="2" m="44073" /><F45/><W116/><G78/><T8/><D107/><U61/><E110/><N who="2" m="41995" /><F102/><W87/><G3/><T40/><D128/><U26/><E135/><N who="3" m="51754" /><G124/><N who="2" m="47657" /><F104/><W123/><G123/><T100/><D41/><U79/><E79/><V24/><F14/><W97/><G87/><T59/><D40/><U23/><E63/><V75/><F75/><W6/><G56/><T50/><D100/><U125/><E125/><V20/><F4/><W118/><G6/><T106/><D101/><AGARI ba="0,0" hai="44,46,80,81,83,93,97,101,116,117,118" m="51754" machi="101" ten="40,2000,0" yaku="20,1" doraHai="62" who="3" fromWho="0" sc="272,-20,248,0,268,0,212,20" /><INIT seed="3,1,0,4,5,77" ten="252,248,268,232" oya="3" hai0="1,50,46,23,120,28,76,69,7,29,94,35,19" hai1="92,75,117,89,100,82,125,18,20,131,91,64,38" hai2="58,112,73,49,55,41,44,134,13,95,27,48,122" hai3="12,14,45,17,74,5,71,32,109,42,21,68,66"/><W124/><G124/><T24/><D69/><U33/><E33/><V15/><F134/><W31/><G74/><T102/><D120/><U51/><E38/><V118/><F112/><W133/><G133/><T83/><D1/><U108/><E108/><V39/><F118/><W101/><G109/><T26/><D7/><U111/><E131/><V0/><F122/><W2/><G101/><T87/><D102/><U126/><E111/><V10/><F39/><W59/><G12/><T72/><D94/><U99/><E117/><V47/><F58/><W103/><G103/><T22/><D72/><U114/><E114/><V34/><F73/><W130/><G130/><T107/><D107/><U6/><E6/><V54/><F41/><W129/><G129/><T16/><D35/><U84/><E64/><V128/><F128/><W56/><G68/><T11/><D11/><U113/><E51/><V57/><F57/><W97/><G97/><T36/><D36/><U93/><E113/><V96/><F0/><W106/><G106/><T60/><D60/><U86/><REACH who="1" step="1"/><E75/><REACH who="1" ten="252,238,268,232" step="2"/><V135/><F135/><W81/><G66/><T62/><D62/><U4/><E4/><V132/><F132/><W25/><G71/><T63/><D63/><U8/><E8/><V52/><F10/><N who="3" m="2359" /><G59/><T30/><D19/><U61/><E61/><V85/><F34/><W67/><G56/><T115/><D115/><U98/><E98/><V116/><F96/><W123/><G67/><T110/><D110/><U40/><E40/><AGARI ba="1,1" hai="16,22,23,24,26,28,29,30,40,46,50,76,83,87" machi="40" ten="30,7700,0" yaku="7,1,8,1,52,1,54,1" doraHai="77" who="0" fromWho="1" sc="252,90,238,-80,268,0,232,0" owari="342,44.2,158,-34.2,268,6.8,232,-16.8" /></mjloggm>