<mjloggm ver="2.3"><GO type="225" lobby="0"/><UN n0="%E3%83%AD%E3%83%83%E3%83%86%E9%9B%80%E7%90%83" n1="%6E%69%63%6F%6E%74%6F" n2="%E5%8B%95%E7%89%A9%E5%9C%92%E3%81%AE%E3%81%8F%E3%82%8D" n3="%33%74%72%65%65" dan="16,16,16,16" rate="2149.61,2116.79,2169.76,2189.16" sx="M,M,M,F"/><TAIKYOKU oya="0"/><INIT seed="0,0,0,1,1,115" ten="250,250,250,250" oya="0" hai0="23,11,2,17,110,16,3,65,127,27,87,63,124" hai1="46,108,39,45,73,51,55,78,114,72,120,60,44" hai2="24,96,22,6,91,40,134,47,66,135,123,107,122" hai3="53,99,71,69,43,92,128,112,133,76,86,29,56"/><T14/><D87/><U132/><E120/><V7/><F66/><W9/><G112/><T79/><D79/><U32/><E114/><V81/><F107/><W111/><G111/><T74/><D74/><U89/><E32/><V41/><F41/><W116/><G128/><T119/><D110/><U34/><E34/><V75/><F75/><W100/><G133/><N who="2" m="50697" /><F96/><W18/><G116/><T15/><D119/><U88/><E108/><V68/><F68/><W130/><G130/><T61/><D61/><U4/><E132/><V36/><F91/><W106/><G43/><T77/><D77/><U57/><E73/><V26/><F26/><W38/><G38/><T10/><D63/><U103/><E39/><V94/><F94/><W0/><G71/><T98/><D98/><U28/><E103/><V70/><F81/><N who="3" m="47399" /><G69/><T83/><D83/><U20/><E72/><V113/><F70/><W5/><G106/><T101/><D65/><N who="1" m="39055" /><E78/><V8/><F113/><W84/><G100/><T80/><D80/><U42/><E42/><V50/><F36/><W109/><G109/><T12/><D12/><U19/><E28/><N who="2" m="17431" /><F6/><W59/><G29/><N who="0" m="17663" /><D101/><U62/><E4/><V129/><F129/><W93/><G99/><T121/><D121/><U104/><E104/><V49/><F49/><N who="3" m="30767" /><G84/><T126/><AGARI ba="0,0" hai="2,3,10,11,14,15,16,17,124,126,127" m="17663" machi="126" ten="30,11700,0" yaku="18,1,34,2,54,1" doraHai="115" who="0" fromWho="0" sc="250,117,250,-39,250,-39,250,-39" /><INIT seed="0,1,0,5,4,65" ten="367,211,211,211" oya="0" hai0="40,115,60,86,71,121,14,130,59,62,39,107,90" hai1="9,0,100,69,98,26,31,66,23,35,50,131,28" hai2="29,55,61,12,57,99,52,77,74,110,19,81,85" hai3="54,16,103,41,34,8,49,46,13,135,82,119,7"/><T102/><D115/><U43/><E131/><V1/><F110/><W3/><G119/><T63/><D121/><U27/><E43/><V17/><F1/><W18/><G135/><T132/><D102/><U127/><E127/><V70/><F29/><W126/><G126/><T111/><D107/><U48/><E0/><V2/><F2/><W106/><G34/><T53/><D132/><U21/><E9/><V73/><F70/><W109/><G109/><T118/><D118/><U5/><E5/><V44/><F99/><W11/><G18/><T15/><D130/><U104/><E23/><V79/><F79/><W58/><G82/><T33/><D33/><U91/><E91/><V56/><F44/><W80/><G80/><T67/><D63/><AGARI ba="1,0" hai="21,26,27,28,31,35,48,50,63,66,69,98,100,104" machi="63" ten="40,5200,0" yaku="25,2,52,1" doraHai="65" who="1" fromWho="0" sc="367,-55,211,55,211,0,211,0" /><INIT seed="1,0,0,3,0,62" ten="312,266,211,211" oya="1" hai0="125,57,50,40,51,3,69,29,92,12,55,102,19" hai1="113,4,77,44,66,5,9,75,118,96,22,32,116" hai2="59,99,52,65,82,129,95,73,13,84,128,23,78" hai3="42,120,43,10,106,24,53,25,37,112,110,130,87"/><U18/><E113/><V89/><F65/><W119/><G112/><T97/><D3/><U90/><E32/><V124/><F124/><W83/><G120/><T76/><D69/><U85/><E77/><V11/><F23/><W16/><G110/><T67/><D125/><U60/><E75/><V114/><F114/><W38/><G106/><T94/><D67/><U104/><E44/><V45/><F45/><W14/><G119/><T27/><D76/><U71/><E96/><V15/><F73/><W74/><G74/><T49/><D40/><N who="3" m="15401" /><G38/><T117/><D94/><U17/><E17/><V39/><F39/><W63/><G130/><N who="2" m="50281" /><F11/><W127/><G37/><T6/><D6/><U30/><E30/><V107/><F107/><W134/><G127/><T2/><D2/><U20/><E20/><V36/><F36/><W47/><G134/><T54/><D117/><U98/><E98/><V86/><F99/><W80/><G47/><T58/><D27/><N who="3" m="10313" /><G87/><T105/><D29/><U35/><E104/><V68/><F68/><W8/><G8/><N who="0" m="6535" /><D105/><U122/><E122/><V135/><F135/><W88/><G88/><T41/><D41/><U93/><E9/><V91/><F89/><W0/><G0/><T70/><D70/><U101/><E118/><V123/><F123/><W131/><G131/><T81/><D81/><U1/><E116/><V48/><AGARI ba="0,0" hai="13,15,48,52,59,78,82,84,86,91,95" m="50281" machi="48" ten="30,2000,0" yaku="19,1,54,1" doraHai="62" who="2" fromWho="2" sc="312,-5,266,-10,211,20,211,-5" /><INIT seed="2,0,0,1,3,119" ten="307,256,231,206" oya="2" hai0="18,8,24,122,132,11,89,85,87,108,134,76,111" hai1="100,123,36,50,12,125,79,81,38,124,4,69,105" hai2="133,14,115,53,107,135,40,106,73,80,86,109,30" hai3="1,16,13,102,43,72,121,51,52,65,37,103,15"/><V22/><F115/><W25/><G121/><T66/><D122/><U113/><E69/><V82/><F40/><W97/><G1/><T120/><D120/><U130/><E113/><V131/><F131/><W26/><G72/><T62/><D76/><U91/><E123/><V42/><F42/><W45/><G65/><T6/><D24/><U98/><E130/><V128/><F128/><W90/><G90/><T49/><D49/><U68/><E68/><V61/><F73/><W83/><G83/><N who="0" m="49343" /><D87/><U126/><E91/><V110/><F53/><W84/><G84/><T94/><D94/><U10/><REACH who="1" step="1"/><E50/><REACH who="1" ten="307,246,231,206" step="2"/><V71/><F71/><W117/><G117/><T39/><D111/><N who="2" m="42506" /><F61/><W60/><G60/><T118/><D108/><U70/><E70/><V55/><F82/><W104/><G103/><T44/><D62/><U75/><AGARI ba="0,1" hai="4,10,12,36,38,75,79,81,98,100,105,124,125,126" machi="75" ten="30,4000,0" yaku="1,1,0,1,18,1,53,0" doraHai="119" doraHaiUra="129" who="1" fromWho="1" sc="307,-10,246,50,231,-20,206,-10" /><INIT seed="3,0,0,2,0,22" ten="297,296,211,196" oya="3" hai0="124,64,59,73,114,67,51,126,96,26,21,118,79" hai1="131,85,101,70,37,111,12,135,83,63,15,104,127" hai2="10,86,27,54,61,53,108,130,35,30,16,129,4" hai3="56,121,18,7,66,32,31,29,116,65,119,120,45"/><W3/><G56/><T68/><D118/><N who="3" m="45097" /><G45/><T122/><D122/><N who="3" m="47209" /><G66/><T19/><D114/><U97/><E37/><V34/><F108/><W41/><G41/><T95/><D79/><U11/><E111/><V20/><F35/><W82/><G65/><T89/><D73/><U23/><E63/><V123/><F123/><W132/><G82/><T128/><D128/><N who="2" m="49258" /><F61/><W103/><G103/><T92/><D92/><U49/><E131/><V13/><F86/><W117/><N who="3" m="45105" /><W25/><DORA hai="107" /><G132/><T106/><D106/><U125/><E70/><V57/><F57/><W40/><G40/><T112/><D112/><U2/><E135/><V115/><F115/><W60/><G60/><T84/><D84/><U87/><E87/><V74/><F74/><W33/><G18/><T58/><D68/><U99/><E99/><V42/><F42/><W91/><G91/><T90/><D90/><U46/><E49/><V43/><F43/><W100/><G100/><T88/><D89/><U52/><E46/><V24/><AGARI ba="0,0" hai="4,10,13,16,20,24,27,30,34,53,54" m="49258" machi="24" ten="30,7900,0" yaku="19,1,52,2,54,1" doraHai="22,107" who="2" fromWho="2" sc="297,-20,296,-20,211,79,196,-39" /><INIT seed="4,0,0,5,0,45" ten="277,276,290,157" oya="0" hai0="31,121,114,117,48,25,91,39,64,14,7,131,38" hai1="133,66,52,67,104,2,78,34,65,76,113,22,90" hai2="111,115,92,129,63,19,73,15,98,79,37,108,87" hai3="41,59,99,75,36,82,68,134,88,120,74,49,8"/><T23/><D121/><U110/><E110/><V107/><F37/><W130/><G120/><T83/><D117/><U93/><E34/><V53/><F115/><W85/><G130/><T0/><D131/><U5/><E104/><V135/><F129/><W24/><G134/><T56/><D0/><U89/><E113/><V122/><F73/><W21/><G68/><T42/><D114/><U132/><E22/><V106/><F135/><N who="1" m="51785" /><E5/><V58/><F122/><W46/><G8/><N who="0" m="4383" /><D38/><U30/><E30/><V80/><F107/><W81/><G99/><T43/><D39/><U86/><E2/><V40/><F40/><W9/><G9/><T69/><D69/><U105/><E105/><V17/><F106/><W70/><G70/><T128/><D128/><U18/><E18/><V60/><F19/><W119/><G119/><T13/><D13/><U62/><E90/><V26/><F26/><W116/><G116/><T50/><D42/><U33/><E33/><V124/><F111/><W103/><G103/><T54/><D64/><U6/><E6/><V84/><F108/><W51/><G81/><T101/><D101/><U4/><E4/><V118/><F118/><W44/><G59/><AGARI ba="0,0" hai="52,59,62,65,66,67,76,78,86,89,93" m="51785" machi="59" ten="30,2000,0" yaku="20,1,54,1" doraHai="45" who="1" fromWho="3" sc="277,0,276,20,290,0,157,-20" /><INIT seed="5,0,0,5,0,107" ten="277,296,290,137" oya="1" hai0="115,64,55,109,4,126,106,98,1,46,48,89,67" hai1="88,43,21,105,114,121,70,78,71,119,108,34,124" hai2="35,63,52,66,123,33,113,25,111,110,87,60,65" hai3="26,80,129,73,28,62,12,2,103,15,95,50,44"/><U0/><RYUUKYOKU type="yao9" ba="0,0" sc="277,0,296,0,290,0,137,0" hai1="0,21,34,43,70,71,78,88,105,108,114,119,121,124" /><INIT seed="5,1,0,0,4,74" ten="277,296,290,137" oya="1" hai0="37,58,116,50,77,132,11,130,73,36,85,76,70" hai1="129,135,103,82,127,28,55,113,114,12,62,64,43" hai2="45,15,10,69,125,95,23,96,56,30,134,63,84" hai3="66,61,8,19,29,117,106,133,6,75,86,54,51"/><U48/><E129/><V35/><F35/><W41/><G75/><T90/><D70/><U25/><E135/><V105/><F125/><W13/><G133/><T34/><D116/><U94/><E127/><V81/><F134/><W26/><G117/><T53/><D34/><U40/><E82/><V57/><F105/><W31/><G106/><T89/><D132/><U122/><E12/><V111/><F111/><W109/><G109/><T7/><D130/><U27/><E122/><V79/><F45/><W0/><G41/><N who="1" m="15946" /><E28/><V60/><F69/><W115/><G115/><N who="1" m="44042" /><E94/><V65/><F23/><W2/><G2/><T93/><D90/><U68/><E103/><N who="2" m="60831" /><F30/><W42/><G42/><T14/><REACH who="0" step="1"/><D73/><REACH who="0" ten="267,296,290,137" step="2"/><U119/><E119/><V128/><F128/><W3/><G3/><T1/><D1/><U4/><E4/><N who="2" m="3527" /><F65/><W126/><G126/><T131/><D131/><U32/><E32/><V104/><F104/><W92/><G0/><T71/><D71/><U38/><E38/><AGARI ba="1,1" hai="7,11,14,36,37,38,50,53,58,76,77,85,89,93" machi="38" ten="40,5200,0" yaku="1,1,52,2,53,0" doraHai="74" doraHaiUra="97" who="0" fromWho="1" sc="267,65,296,-55,290,0,137,0" owari="332,43.2,241,-15.9,290,9.0,137,-36.3" /></mjloggm>