<mjloggm ver="2.3"><GO type="225" lobby="0"/><UN n0="%E3%83%97%E3%83%92" n1="%E3%82%B3%E3%83%A2%E3%83%AA%E3%82%B9%E3%83%88" n2="%54%4F%52" n3="%E5%A4%9C%E3%81%AE%E3%82%AC%E3%82%B9%E3%83%91%E3%83%BC%E3%83%AB" dan="17,16,17,16" rate="2163.86,2062.63,2208.97,2120.96" sx="M,M,M,M"/><TAIKYOKU oya="0"/><INIT seed="0,0,0,0,1,21" ten="250,250,250,250" oya="0" hai0="46,2,17,129,106,27,127,118,8,83,26,119,125" hai1="13,131,111,105,6,78,64,71,10,112,47,60,42" hai2="67,109,40,134,116,77,0,133,128,85,52,79,12" hai3="54,32,84,44,34,31,37,96,56,18,90,73,86"/><T108/><D106/><U4/><E111/><V69/><F0/><W30/><G73/><T114/><D83/><U88/><E131/><V103/><F109/><W68/><G68/><T25/><D108/><U53/><E112/><V62/><F128/><W19/><G44/><T66/><D129/><U59/><E105/><V101/><F40/><W102/><G37/><T130/><D130/><U81/><E4/><V39/><F39/><W113/><G113/><T76/><D76/><U98/><E98/><V43/><F43/><W91/><G56/><T107/><D107/><U65/><E88/><V55/><F116/><N who="0" m="44586" /><D66/><U97/><E97/><V23/><F79/><W11/><G54/><N who="2" m="20521" /><F77/><W135/><G96/><T61/><D61/><U41/><E71/><V1/><F1/><W110/><G110/><T126/><D46/><U3/><E3/><V35/><F35/><W7/><G102/><T132/><D114/><U28/><E42/><V5/><F85/><W45/><G45/><T121/><D121/><U49/><REACH who="1" step="1"/><E28/><REACH who="1" ten="250,240,250,250" step="2"/><V24/><F69/><W120/><G31/><T48/><D48/><U63/><E63/><V9/><F62/><W72/><G30/><T117/><D117/><U82/><E82/><V94/><F94/><W74/><G120/><T89/><D89/><U122/><E122/><V80/><F80/><W100/><G100/><T115/><D115/><U16/><E16/><N who="2" m="12391" /><F67/><W75/><G19/><T87/><D87/><AGARI ba="0,1" hai="6,10,13,41,47,49,53,59,60,64,65,78,81,87" machi="87" ten="30,8000,1" yaku="1,1,7,1,25,2,8,1,53,0" doraHai="21" doraHaiUra="29" who="1" fromWho="0" sc="250,-80,240,90,250,0,250,0" /><INIT seed="1,0,0,5,3,59" ten="170,330,250,250" oya="1" hai0="41,21,130,110,80,9,113,61,16,118,37,90,42" hai1="2,96,129,60,3,75,55,53,116,32,79,104,123" hai2="106,119,25,7,128,19,13,50,66,86,69,117,14" hai3="43,28,44,15,70,0,49,29,99,72,46,33,87"/><U23/><E32/><V133/><F106/><W114/><G72/><T65/><D113/><U51/><E116/><V95/><F133/><W62/><G0/><T38/><D118/><U115/><E123/><V120/><F120/><W100/><G114/><T64/><D110/><U36/><E36/><V76/><F128/><W73/><G73/><T54/><D130/><U124/><E124/><V5/><F25/><W93/><G33/><T108/><D108/><U77/><E129/><V31/><F31/><W94/><G15/><T91/><D9/><U78/><E75/><V98/><F14/><W135/><G135/><T97/><D38/><U39/><E39/><V126/><F126/><W18/><G18/><T103/><D54/><U57/><E23/><V121/><F121/><W63/><G70/><T6/><D6/><U27/><E27/><V84/><F7/><W132/><G46/><T58/><D64/><U89/><E115/><V101/><F5/><W4/><G4/><T111/><D111/><U83/><E83/><V10/><F50/><W8/><G8/><T30/><D30/><N who="3" m="11881" /><G132/><T134/><D134/><U68/><E68/><V22/><F10/><W52/><G43/><N who="0" m="16395" /><D80/><U12/><E2/><V48/><F119/><W67/><G67/><T109/><D37/><U127/><E3/><V35/><F35/><W1/><G1/><T102/><D109/><U56/><E104/><V82/><F117/><W105/><G105/><N who="0" m="63695" /><D103/><U17/><E127/><V71/><F71/><W34/><G34/><T26/><D65/><U122/><E122/><V11/><F69/><W20/><G20/><RYUUKYOKU ba="0,0" sc="170,15,330,-15,250,-15,250,15" hai0="16,21,26,58,61,90,91" hai3="44,49,52,62,63,87,93,94,99,100" /><INIT seed="2,1,0,2,0,57" ten="185,315,235,265" oya="2" hai0="43,72,133,124,16,71,99,128,0,22,109,104,62" hai1="13,67,89,135,126,18,17,2,74,132,37,125,9" hai2="44,122,100,56,98,83,35,11,70,68,32,33,53" hai3="101,49,29,45,61,107,64,92,24,123,50,48,117"/><V26/><F122/><W69/><G117/><T40/><D72/><U47/><E74/><V84/><F26/><W58/><G123/><T95/><D0/><U111/><E111/><V14/><F44/><W46/><G107/><T94/><D109/><U93/><E2/><V51/><F84/><W38/><G69/><T34/><D34/><U114/><E18/><V8/><F83/><W63/><G63/><T59/><D71/><U31/><E31/><V52/><F53/><W21/><G38/><T60/><D128/><U130/><E114/><V6/><REACH who="2" step="1"/><F11/><REACH who="2" ten="185,315,225,265" step="2"/><W96/><AGARI ba="1,1" hai="21,24,29,45,46,48,49,50,58,61,64,92,96,101" machi="96" ten="30,8000,1" yaku="0,1,25,2,8,1,52,1" doraHai="57" who="3" fromWho="3" sc="185,-21,315,-21,225,-41,265,93" /><INIT seed="3,0,0,3,1,42" ten="164,294,184,358" oya="3" hai0="33,21,58,13,11,96,17,27,38,127,88,131,106" hai1="20,108,134,132,128,105,112,97,123,87,34,73,117" hai2="52,99,22,62,19,70,63,109,68,102,10,93,44" hai3="92,125,2,57,91,51,69,1,67,120,90,6,77"/><W56/><G120/><T82/><D131/><U110/><E34/><V48/><F109/><N who="1" m="42089" /><E20/><V40/><F10/><W118/><G118/><T59/><D127/><U4/><E4/><V74/><F74/><W135/><G69/><T121/><D121/><U54/><E54/><V45/><F68/><W84/><G77/><T113/><D33/><U66/><E66/><V71/><F71/><W129/><G135/><T25/><D113/><U3/><E3/><V104/><F104/><W0/><G125/><T80/><D38/><U16/><E16/><V60/><F70/><W111/><G111/><T7/><D25/><U55/><E55/><V8/><F8/><W32/><G32/><T101/><D82/><U114/><E73/><V116/><F116/><W24/><G6/><T89/><D80/><U119/><E123/><V126/><F126/><W83/><G24/><T35/><D35/><U18/><E18/><V49/><REACH who="2" step="1"/><F62/><REACH who="2" ten="164,294,174,358" step="2"/><W29/><G2/><T12/><REACH who="0" step="1"/><D12/><AGARI ba="0,1" hai="12,19,22,40,44,45,48,49,52,60,63,93,99,102" machi="12" ten="30,12000,2" yaku="1,1,2,1,7,1,8,1,52,2,54,1,53,0" doraHai="42" doraHaiUra="86" who="2" fromWho="0" sc="164,-120,294,0,174,130,358,0" owari="44,-45.6,294,-10.6,304,10.4,358,45.8" /></mjloggm>