<mjloggm ver="2.3"><GO type="225" lobby="0"/><UN n0="%E7%BD%AA%E5%88%91%E6%B3%95%E5%AE%9A%E4%B8%BB%E7%BE%A9" n1="%E3%81%95%E3%81%8D%E3%81%9F%E3%81%BE%E6%9E%97%E6%AA%8E" n2="%E3%83%A9%E3%83%96%E3%83%AC%E3%83%BC" n3="%6E%69%63%6F%6E%74%6F" dan="16,16,18,17" rate="2144.99,2162.96,2252.73,2147.43" sx="M,M,M,M"/><TAIKYOKU oya="0"/><INIT seed="0,0,0,5,2,3" ten="250,250,250,250" oya="0" hai0="43,59,7,30,121,2,83,104,107,110,108,51,55" hai1="81,120,135,100,15,103,50,5,16,57,128,9,113" hai2="127,115,102,45,42,79,76,37,6,56,13,125,93" hai3="84,23,10,24,65,129,20,133,67,64,124,74,54"/><T97/><D121/><U117/><E120/><V91/><F115/><W92/><G74/><T63/><D30/><U32/><E117/><V99/><F56/><W75/><G75/><T33/><D33/><U66/><E135/><V28/><F28/><W94/><G133/><T96/><D83/><U86/><E128/><V114/><F114/><W36/><G36/><T22/><D22/><U122/><E32/><V26/><F26/><W35/><G35/><T52/><D43/><U14/><E122/><V88/><F91/><N who="3" m="53351" /><G129/><T89/><D89/><U17/><E17/><V69/><F69/><W48/><G24/><T12/><D2/><U8/><E113/><V72/><F102/><W18/><G94/><T47/><D107/><U130/><E130/><V134/><F134/><W39/><G39/><T106/><D104/><U123/><E123/><V27/><F27/><W49/><G49/><T62/><D63/><N who="1" m="38255" /><E50/><V25/><F25/><W90/><G90/><AGARI ba="0,0" hai="5,8,9,14,15,16,81,86,90,100,103" m="38255" machi="90" ten="30,3900,0" yaku="8,1,52,1,54,1" doraHai="3" who="1" fromWho="3" sc="250,0,250,39,250,0,250,-39" /><INIT seed="1,0,0,1,0,9" ten="250,289,250,211" oya="1" hai0="8,23,29,17,106,34,38,46,5,24,133,80,117" hai1="82,130,93,124,39,27,86,131,32,73,1,57,99" hai2="20,96,102,31,13,11,83,52,74,116,110,109,134" hai3="49,104,51,3,15,105,18,90,43,12,125,72,26"/><U123/><E39/><V66/><F116/><W75/><G3/><T10/><D106/><U67/><E73/><V85/><F66/><W53/><G125/><T35/><D117/><U97/><E1/><V68/><F68/><W120/><G120/><T88/><D133/><U107/><E107/><V30/><F74/><W108/><G108/><N who="2" m="41577" /><F134/><W48/><G53/><T61/><D61/><N who="1" m="38319" /><E124/><V4/><F20/><W95/><G75/><T54/><D35/><U115/><E115/><V135/><F135/><W7/><G72/><T111/><D111/><U87/><E87/><V77/><F52/><W81/><G81/><T126/><D126/><U40/><E40/><V65/><F65/><W100/><G100/><T21/><D34/><U25/><E32/><V128/><F128/><N who="1" m="49193" /><E123/><V84/><F84/><N who="3" m="52679" /><G105/><AGARI ba="0,0" hai="4,11,13,30,31,77,83,85,96,102,105" m="41577" machi="105" ten="30,2000,0" yaku="14,1,52,1" doraHai="9" who="2" fromWho="3" sc="250,0,289,0,250,20,211,-20" /><INIT seed="2,0,0,2,4,19" ten="250,289,270,191" oya="2" hai0="29,83,75,106,97,113,17,6,35,63,34,46,105" hai1="121,132,3,48,100,22,127,62,98,50,20,76,26" hai2="45,108,73,95,33,135,118,60,81,13,123,69,124" hai3="27,65,79,110,120,88,21,9,91,129,32,49,38"/><V36/><RYUUKYOKU type="yao9" ba="0,0" sc="250,0,289,0,270,0,191,0" hai2="13,33,36,45,60,69,73,81,95,108,118,123,124,135" /><INIT seed="2,1,0,3,5,111" ten="250,289,270,191" oya="2" hai0="96,112,12,119,42,118,63,123,52,48,72,7,51" hai1="95,49,54,36,86,77,120,57,99,68,66,122,35" hai2="117,84,28,74,3,44,79,62,130,71,22,100,37" hai3="78,2,135,80,105,40,104,4,32,45,70,47,115"/><V129/><F117/><N who="0" m="44554" /><D72/><U89/><E36/><V82/><F100/><W75/><G135/><T10/><D123/><N who="1" m="47147" /><E35/><V131/><F3/><W15/><G15/><T59/><D42/><U116/><E116/><V16/><F28/><W94/><G94/><T20/><D20/><U83/><E66/><N who="2" m="41431" /><F44/><W103/><G47/><T67/><D96/><U43/><E43/><V87/><F37/><N who="3" m="21647" /><G103/><T110/><D110/><U29/><E29/><V26/><AGARI ba="1,0" hai="16,22,26,74,79,82,84,87,129,130,131" m="41431" machi="26" ten="30,3000,0" yaku="19,1,54,1" doraHai="111" who="2" fromWho="2" sc="250,-11,289,-11,270,33,191,-11" /><INIT seed="2,2,0,5,0,53" ten="239,278,303,180" oya="2" hai0="79,117,12,85,80,121,58,37,47,123,93,84,77" hai1="68,54,94,59,99,39,24,43,120,82,108,131,60" hai2="97,33,72,88,64,111,92,112,127,30,134,4,23" hai3="96,22,51,17,28,113,61,104,7,107,135,109,36"/><V46/><F112/><W116/><G109/><T73/><D117/><U106/><E108/><V32/><F72/><W15/><G116/><T42/><D12/><U132/><E132/><V29/><F111/><W31/><G36/><T115/><D115/><U101/><E131/><V81/><F127/><W69/><G135/><T6/><D6/><U49/><E120/><V66/><F4/><W89/><G113/><T76/><D73/><U3/><E3/><V16/><F33/><W26/><G51/><T2/><D2/><U19/><E82/><V70/><F70/><W119/><G119/><T75/><D93/><U27/><E106/><V18/><F18/><W9/><G107/><T35/><D35/><U102/><E102/><N who="2" m="60711" /><F46/><W133/><G133/><T128/><D128/><U5/><E5/><V52/><F52/><W65/><REACH who="3" step="1"/><G89/><REACH who="3" ten="239,278,303,170" step="2"/><T13/><D37/><U122/><E39/><V118/><F88/><W44/><G44/><T14/><D47/><U103/><E49/><V125/><F118/><W41/><G41/><T91/><D42/><U62/><E43/><V129/><F129/><W95/><G95/><T57/><D91/><U100/><E94/><V25/><F134/><W8/><G8/><T86/><D123/><U1/><E122/><V45/><F45/><W38/><G38/><T90/><D121/><U67/><E103/><AGARI ba="2,1" hai="7,9,15,17,22,26,28,31,61,65,69,96,103,104" machi="103" ten="40,1300,0" yaku="1,1,53,0" doraHai="53" doraHaiUra="71" who="3" fromWho="1" sc="239,0,278,-19,303,0,170,29" /><INIT seed="3,0,0,0,1,25" ten="239,259,303,199" oya="3" hai0="89,63,50,128,88,70,10,100,91,38,120,56,69" hai1="121,79,59,122,7,112,57,22,1,4,105,130,104" hai2="125,54,134,8,85,16,31,17,64,113,115,93,47" hai3="2,11,66,90,111,37,118,117,32,131,74,58,21"/><W5/><G37/><T132/><D38/><U94/><E112/><V108/><F64/><W65/><G74/><T6/><D120/><U135/><E79/><V95/><F134/><W27/><G66/><T86/><D132/><U36/><E36/><V68/><F68/><W123/><G90/><T35/><D35/><U15/><E135/><V67/><F67/><W101/><G101/><T126/><D126/><U82/><E82/><V41/><F54/><W9/><G58/><T92/><D128/><U28/><E1/><V72/><F72/><W97/><G97/><T52/><D100/><U76/><E76/><V23/><F125/><W71/><G65/><T61/><D70/><U73/><E73/><V60/><F60/><N who="0" m="23114" /><D69/><U116/><E116/><N who="3" m="44650" /><G71/><T19/><D6/><U30/><E130/><V44/><F115/><W3/><G131/><T43/><D43/><U127/><E94/><V24/><F95/><W14/><G123/><T106/><D106/><U39/><E39/><V83/><F93/><W87/><G87/><T81/><D81/><U119/><E119/><V103/><F41/><W98/><G98/><T77/><D77/><U129/><E129/><V62/><F103/><W124/><G124/><T99/><D99/><U40/><E127/><V18/><F85/><W109/><G32/><T49/><D49/><U0/><E40/><V107/><F107/><W26/><G26/><T133/><D133/><U12/><E105/><V33/><F83/><W46/><G46/><T78/><D78/><U114/><E104/><V80/><F80/><W96/><G96/><T13/><AGARI ba="0,0" hai="10,13,19,50,52,56,86,88,89,91,92" m="23114" machi="13" ten="30,7900,0" yaku="5,1,8,1,54,2" doraHai="25" who="0" fromWho="0" sc="239,79,259,-20,303,-20,199,-39" owari="318,41.8,239,-16.1,283,8.3,160,-34.0" /></mjloggm>