<mjloggm ver="2.3"><GO type="225" lobby="0"/><UN n0="%E4%BF%BA%E3%81%A8%E5%A6%96%E5%A4%A2" n1="%33%74%72%65%65" n2="%E3%81%BF%E3%81%BF%E3%81%9A" n3="%E3%81%A8%E3%82%93%E3%81%A8%E3%81%93%E3%81%A8%E3%82%93" dan="17,16,17,16" rate="2186.57,2121.30,2256.47,2115.87" sx="F,F,M,F"/><TAIKYOKU oya="0"/><INIT seed="0,0,0,1,3,120" ten="250,250,250,250" oya="0" hai0="50,18,49,31,95,36,43,96,3,93,14,104,11" hai1="125,45,56,10,85,39,51,101,92,4,69,94,128" hai2="73,5,60,30,55,21,65,109,66,33,97,12,84" hai3="76,27,57,79,71,20,124,47,28,108,98,59,8"/><T15/><D3/><U118/><E118/><V63/><F73/><W91/><G71/><T58/><D36/><U41/><E69/><V38/><F38/><W37/><G124/><T72/><D72/><U102/><E125/><V134/><F134/><W62/><G8/><T123/><D123/><U48/><E128/><V7/><F33/><W80/><G108/><T115/><D115/><U122/><E122/><V82/><F109/><W1/><G1/><T42/><D104/><U110/><E110/><V106/><F97/><W88/><G37/><T86/><D86/><U132/><E132/><V2/><F106/><W24/><G47/><T52/><D31/><U25/><E25/><N who="2" m="16687" /><F2/><W74/><G79/><T129/><D129/><U44/><E56/><N who="2" m="34847" /><F12/><W75/><G74/><T113/><D113/><U121/><E39/><V61/><F61/><W32/><G98/><T126/><D126/><U9/><E121/><V112/><F112/><W105/><G105/><T90/><D49/><U26/><E26/><V13/><F13/><W89/><REACH who="3" step="1"/><G62/><REACH who="3" ten="250,250,250,240" step="2"/><T131/><D131/><U54/><E9/><V0/><F0/><W78/><G78/><T83/><D83/><U116/><E10/><V117/><F117/><W35/><G35/><T34/><D34/><U119/><E119/><V16/><F63/><W64/><G64/><T77/><D77/><U114/><E116/><V130/><F130/><W111/><G111/><T135/><D135/><U19/><E114/><V70/><F70/><W53/><G53/><T103/><D14/><U46/><E54/><V6/><F65/><W23/><G23/><RYUUKYOKU ba="0,1" sc="250,15,250,-15,250,-15,240,15" hai0="11,15,18,42,43,50,52,58,90,93,95,96,103" hai3="20,24,27,28,32,57,59,75,76,80,88,89,91" /><INIT seed="0,1,1,2,3,72" ten="265,235,235,255" oya="0" hai0="3,12,74,70,53,32,33,46,95,13,85,90,118" hai1="57,14,55,121,119,64,82,42,106,115,126,31,43" hai2="89,133,54,2,62,122,108,40,16,22,81,87,127" hai3="59,120,83,63,104,35,51,134,0,102,103,117,66"/><T4/><D118/><U86/><E121/><V61/><F122/><W19/><G117/><T36/><D70/><U28/><E119/><V38/><F2/><W7/><G120/><T129/><D129/><U132/><E132/><V79/><F133/><W5/><G134/><T67/><D67/><U45/><E126/><V49/><F127/><W135/><G135/><T113/><D113/><U92/><E106/><V131/><F131/><W1/><G35/><T99/><D74/><U23/><E64/><V21/><F108/><W93/><G104/><T124/><D124/><U10/><E92/><V47/><F22/><W27/><G0/><T130/><D130/><U11/><E11/><V69/><F69/><W24/><G1/><T30/><D3/><U123/><E123/><V34/><F34/><W76/><G51/><T48/><D36/><U39/><E23/><V100/><F100/><W112/><G112/><T44/><D44/><U75/><E42/><V116/><F116/><W105/><G105/><T98/><D32/><U26/><E26/><V8/><F8/><W91/><G27/><T114/><D114/><U58/><E75/><V111/><F111/><W77/><G103/><T71/><D71/><U128/><E115/><V18/><F18/><W29/><G102/><T15/><D4/><N who="3" m="1609" /><G19/><T73/><D73/><U96/><E128/><V125/><F125/><W56/><G83/><T52/><D53/><U94/><E31/><V88/><F38/><W107/><G107/><T6/><D6/><U80/><E39/><V20/><F40/><W97/><G59/><N who="1" m="22538" /><E43/><V65/><F47/><RYUUKYOKU ba="1,1" sc="265,15,235,-15,235,-15,255,15" hai0="12,13,15,30,33,46,48,52,85,90,95,98,99" hai3="24,29,56,63,66,76,77,91,93,97" /><INIT seed="0,2,1,3,4,22" ten="280,220,220,270" oya="0" hai0="119,55,81,108,33,62,103,29,99,40,57,106,17" hai1="131,32,10,115,125,28,88,104,21,61,92,133,107" hai2="110,124,41,105,109,117,50,53,114,118,100,48,3" hai3="15,65,11,111,121,44,113,39,98,86,18,129,134"/><T1/><D119/><N who="2" m="45578" /><F3/><W69/><G113/><T112/><D112/><U30/><E115/><V66/><F114/><W60/><G111/><N who="2" m="42505" /><F124/><W45/><G129/><T0/><D108/><U116/><E131/><V8/><F8/><W84/><G134/><T43/><D17/><U49/><E133/><V77/><F77/><W80/><G121/><T38/><D81/><U70/><E10/><V120/><F120/><W67/><G39/><T76/><D76/><U59/><E125/><V128/><F128/><W25/><G67/><T6/><D6/><U37/><E37/><V19/><F66/><W75/><G75/><T7/><D7/><U31/><E32/><V101/><F105/><W85/><G80/><T42/><REACH who="0" step="1"/><D38/><REACH who="0" ten="270,220,220,270" step="2"/><U127/><E127/><V2/><F2/><W9/><G9/><T82/><D82/><U23/><E116/><V16/><F19/><W64/><G64/><T123/><D123/><U26/><E70/><V5/><F5/><W46/><REACH who="3" step="1"/><G98/><REACH who="3" ten="270,220,220,260" step="2"/><T91/><D91/><U24/><E88/><V87/><F87/><W89/><G89/><T12/><D12/><U95/><E26/><AGARI ba="2,3" hai="11,15,18,25,26,44,45,46,60,65,69,84,85,86" machi="26" ten="40,5200,0" yaku="1,1,52,2,53,0" doraHai="22" doraHaiUra="35" who="3" fromWho="1" sc="270,0,220,-58,220,0,260,88" /><AGARI ba="2,0" hai="0,1,26,29,33,40,42,43,55,57,62,99,103,106" machi="26" ten="40,12000,1" yaku="1,1,52,1,53,2" doraHai="22" doraHaiUra="35" who="0" fromWho="1" sc="270,120,162,-120,220,0,348,0" /><INIT seed="0,3,0,4,2,97" ten="390,42,220,348" oya="0" hai0="111,1,73,52,127,80,14,92,41,44,123,90,75" hai1="98,103,51,84,129,67,133,104,26,9,110,76,4" hai2="113,38,48,131,39,93,49,86,19,18,89,102,62" hai3="116,132,124,100,42,15,57,35,56,128,112,47,8"/><T81/><D123/><U37/><E37/><V21/><F113/><W74/><G116/><T119/><D119/><U66/><E110/><V7/><F7/><W78/><G112/><T23/><D1/><U135/><E129/><V99/><F131/><W96/><G35/><T13/><D111/><U43/><E26/><V65/><F39/><W118/><G124/><T64/><D64/><U121/><E121/><V91/><F38/><W114/><G132/><T79/><D41/><U36/><E36/><V54/><F54/><W126/><G126/><T0/><D0/><U94/><E67/><V125/><F125/><W50/><G114/><T17/><D127/><U5/><E66/><V95/><F91/><W122/><G122/><T77/><D44/><U3/><E5/><V53/><F53/><W134/><G134/><T28/><D52/><U55/><E43/><V69/><REACH who="2" step="1"/><F18/><REACH who="2" ten="390,42,210,348" step="2"/><W11/><G128/><T29/><REACH who="0" step="1"/><D14/><AGARI ba="3,1" hai="14,19,21,48,49,62,65,69,86,89,93,95,99,102" machi="14" ten="30,7700,0" yaku="1,1,2,1,7,1,52,1,53,0" doraHai="97" doraHaiUra="33" who="2" fromWho="0" sc="390,-86,42,0,210,96,348,0" /><INIT seed="1,0,0,2,2,32" ten="304,42,306,348" oya="1" hai0="2,51,102,48,78,25,41,122,53,45,98,56,34" hai1="103,134,74,111,11,64,46,114,10,135,12,28,110" hai2="60,19,101,119,107,0,1,49,7,17,93,90,94" hai3="42,129,9,91,63,68,37,4,3,57,126,47,72"/><U104/><E74/><V92/><F119/><W133/><G133/><N who="1" m="50698" /><E64/><V40/><F60/><W59/><G126/><T15/><D122/><U44/><E114/><V26/><F90/><W124/><G124/><T97/><D78/><U81/><E81/><V71/><F71/><W76/><G129/><T121/><D121/><U27/><E103/><V82/><F82/><N who="3" m="45319" /><G91/><T118/><D118/><U89/><E89/><V69/><F69/><W77/><G77/><T50/><D97/><U52/><E104/><V65/><F65/><AGARI ba="0,0" hai="3,4,9,37,42,47,57,59,63,65,68" m="45319" machi="65" ten="30,2000,0" yaku="25,1,52,1" doraHai="32" who="3" fromWho="2" sc="304,0,42,0,306,-20,348,20" /><INIT seed="2,0,0,3,4,132" ten="304,42,286,368" oya="2" hai0="34,129,8,64,120,51,116,115,24,72,27,5,16" hai1="99,48,66,39,37,61,19,111,35,73,113,1,46" hai2="80,86,90,70,107,11,110,79,53,84,74,130,100" hai3="32,33,56,71,102,126,78,31,109,44,25,76,69"/><V59/><F70/><W77/><G109/><T29/><D72/><U89/><E113/><V47/><F110/><W106/><G126/><T6/><D64/><U54/><E111/><V135/><F135/><W92/><G92/><T60/><D60/><U9/><E73/><V119/><F119/><W26/><G56/><T124/><D115/><U96/><E35/><V134/><F134/><W10/><G10/><T118/><D51/><U0/><E0/><V4/><F130/><W40/><G102/><T49/><D49/><U83/><E37/><V12/><F47/><W105/><G44/><T93/><D93/><U43/><E1/><V101/><F107/><N who="3" m="40971" /><G31/><T50/><D50/><U112/><E112/><V87/><REACH who="2" step="1"/><F90/><REACH who="2" ten="304,42,276,368" step="2"/><W55/><G69/><T62/><D129/><U21/><E89/><V17/><F17/><W52/><G71/><T94/><D118/><U63/><E19/><V36/><F36/><W82/><G40/><T123/><D116/><U14/><E43/><V42/><F42/><W121/><G121/><T128/><D128/><U45/><E45/><V13/><F13/><W57/><G57/><T114/><D114/><U81/><E14/><V15/><F15/><W18/><G18/><T7/><D123/><U20/><E46/><V67/><F67/><W28/><G28/><T131/><D120/><U125/><E66/><V58/><F58/><W22/><G55/><T108/><D108/><U91/><E54/><V3/><F3/><W2/><G52/><T117/><D117/><U133/><E133/><V98/><F98/><W30/><G2/><T122/><D131/><RYUUKYOKU ba="0,1" sc="304,-10,42,-10,276,30,368,-10" hai2="4,11,12,53,59,74,79,80,84,86,87,100,101" /><INIT seed="2,1,1,5,3,58" ten="294,32,306,358" oya="2" hai0="53,8,80,129,75,54,132,78,4,91,22,15,106" hai1="16,62,41,73,134,74,26,32,86,38,104,87,46" hai2="128,9,59,3,125,23,119,72,93,126,81,29,50" hai3="70,123,57,90,94,18,108,27,60,92,105,36,89"/><V49/><F119/><W52/><G123/><T67/><D106/><U113/><E113/><V115/><F115/><W35/><G105/><T107/><D107/><U61/><E104/><V84/><F72/><W13/><G36/><T47/><D129/><U99/><E134/><V76/><F93/><W30/><G108/><T116/><D132/><U2/><E2/><V64/><F128/><W120/><G120/><T68/><D116/><U85/><E99/><V55/><F64/><W82/><G70/><T79/><D79/><U114/><E114/><V31/><F49/><W24/><G24/><T6/><D6/><U19/><E74/><V43/><F43/><W83/><G92/><T100/><D100/><U130/><E73/><V131/><F131/><W21/><REACH who="3" step="1"/><G90/><REACH who="3" ten="294,32,306,348" step="2"/><T33/><D91/><U20/><E130/><V7/><REACH who="2" step="1"/><F23/><REACH who="2" ten="294,32,296,348" step="2"/><W98/><AGARI ba="1,3" hai="13,18,21,27,30,35,52,57,60,82,83,89,94,98" machi="98" ten="20,16000,3" yaku="1,1,2,1,0,1,7,1,52,1,54,1,53,2" doraHai="58" doraHaiUra="77" who="3" fromWho="3" sc="294,-41,32,-41,296,-81,348,193" owari="253,5.3,-9,-50.9,215,-18.5,541,64.1" /></mjloggm>