<mjloggm ver="2.3"><GO type="225" lobby="0"/><UN n0="%72%65%6E%6B%75%6E" n1="%E6%81%A5%E6%99%92%E3%81%97" n2="%E3%83%B4%E3%83%A0%EF%BC%99%E3%81%A6" n3="%E5%8D%A0%E3%81%84%E5%B8%AB%E8%A3%8F%E3%81%AA%E3%81%84%E3%81%97" dan="17,16,16,17" rate="2255.11,2122.26,2103.43,2195.20" sx="M,M,M,M"/><TAIKYOKU oya="0"/><INIT seed="0,0,0,0,2,67" ten="250,250,250,250" oya="0" hai0="86,11,125,48,79,80,60,107,28,111,62,23,55" hai1="65,9,92,112,45,96,83,22,118,129,20,32,72" hai2="117,109,95,102,53,100,41,17,120,43,18,56,105" hai3="21,69,5,35,110,103,3,24,37,78,119,1,29"/><T44/><D125/><U63/><E118/><V90/><F117/><W99/><G119/><T19/><D107/><U135/><E32/><V34/><F120/><W87/><G110/><T116/><D116/><U88/><E129/><V31/><F105/><W124/><G124/><T75/><D111/><U74/><E135/><V115/><F115/><W0/><G37/><T82/><D28/><U50/><E112/><V128/><F31/><W6/><G21/><T16/><D11/><U76/><E74/><V33/><F109/><W64/><G87/><T13/><REACH who="0" step="1"/><D19/><REACH who="0" ten="240,250,250,250" step="2"/><U106/><E9/><V39/><F17/><W27/><G27/><T126/><D126/><U46/><E106/><V73/><F18/><W10/><G5/><T123/><D123/><U2/><E2/><V101/><F128/><W54/><G78/><AGARI ba="0,1" hai="13,16,23,44,48,55,60,62,75,78,79,80,82,86" machi="78" ten="30,11600,0" yaku="1,1,7,1,54,1,53,1" doraHai="67" doraHaiUra="40" who="0" fromWho="3" sc="240,126,250,0,250,0,250,-116" /><INIT seed="0,1,0,3,1,77" ten="366,250,250,134" oya="0" hai0="65,51,44,8,127,104,16,106,38,87,100,29,67" hai1="28,68,69,70,47,37,71,1,3,79,96,56,57" hai2="117,14,89,103,54,115,10,24,123,0,25,129,98" hai3="128,12,26,126,108,132,33,119,84,41,130,55,81"/><T27/><D38/><U61/><E28/><V22/><F123/><W19/><G119/><T75/><D75/><U107/><E57/><V53/><F115/><W74/><G108/><T95/><D127/><U99/><E71/><V88/><F117/><W48/><G74/><T83/><D104/><U63/><E79/><V86/><F0/><W113/><G113/><T134/><D106/><U62/><E56/><V97/><F129/><W45/><G126/><T5/><D134/><U94/><E107/><V42/><F42/><W85/><G132/><T90/><D5/><U58/><E58/><V93/><F89/><W11/><G84/><T131/><D29/><U78/><E78/><V122/><F122/><W111/><G111/><T72/><D131/><N who="3" m="50217" /><G26/><T125/><D125/><U13/><E13/><V36/><F36/><W6/><G33/><T102/><D72/><U9/><E9/><V112/><F112/><W2/><G2/><T40/><D95/><U50/><E37/><V39/><F39/><W30/><G30/><T64/><D27/><U34/><E34/><V52/><F22/><W82/><G85/><T91/><D91/><N who="1" m="55391" /><E99/><N who="2" m="37899" /><F103/><W66/><G66/><T46/><D46/><U114/><E114/><V73/><F73/><W92/><G92/><T21/><D21/><U31/><E31/><V20/><F20/><W59/><G6/><AGARI ba="1,0" hai="6,10,14,24,25,52,53,54,86,88,93" m="37899" machi="6" ten="30,3900,0" yaku="8,1,54,2" doraHai="77" who="2" fromWho="3" sc="366,0,250,0,250,42,134,-42" /><INIT seed="1,0,0,0,5,65" ten="366,250,292,92" oya="1" hai0="51,46,86,4,133,5,10,2,27,94,98,60,110" hai1="42,112,101,25,32,125,82,7,135,21,111,92,131" hai2="109,50,74,89,38,29,79,106,18,28,8,77,71" hai3="132,78,100,57,6,12,124,23,87,62,9,96,126"/><U93/><E112/><V37/><F106/><W11/><G132/><T122/><D110/><U99/><E135/><V83/><F109/><W54/><G124/><T118/><D133/><U56/><E125/><V64/><F77/><W76/><G126/><T67/><D122/><U114/><E131/><V14/><F50/><W36/><G36/><T59/><D118/><U3/><E114/><V22/><F89/><W90/><G23/><T13/><D27/><U119/><E119/><V105/><F105/><W31/><G31/><T41/><D86/><U35/><E111/><V33/><F33/><W61/><G61/><T16/><REACH who="0" step="1"/><D2/><REACH who="0" ten="356,250,292,92" step="2"/><U102/><E3/><V30/><REACH who="2" step="1"/><F22/><REACH who="2" ten="356,250,282,92" step="2"/><W108/><G108/><T26/><D26/><U34/><E21/><V130/><F130/><W91/><G11/><T63/><D63/><AGARI ba="0,2" hai="8,14,18,28,29,30,37,38,63,64,71,74,79,83" machi="63" ten="40,2600,0" yaku="1,1,52,1,53,0" doraHai="65" doraHaiUra="19" who="2" fromWho="0" sc="356,-26,250,0,282,46,92,0" /><INIT seed="2,0,0,4,5,121" ten="330,250,328,92" oya="2" hai0="19,97,51,4,85,87,83,48,113,69,17,58,104" hai1="44,98,62,1,127,5,117,39,7,27,8,38,10" hai2="59,124,55,112,123,125,78,107,65,101,40,35,132" hai3="80,122,42,79,86,73,64,33,25,105,20,109,118"/><V63/><F35/><W43/><G118/><T15/><D69/><U126/><E117/><V26/><F123/><W54/><G122/><T116/><D113/><U81/><E27/><V14/><F112/><W9/><G105/><T102/><D116/><U133/><E133/><V30/><F132/><W47/><G33/><T111/><D111/><U36/><E62/><V95/><F40/><W60/><G73/><T128/><D128/><U2/><E98/><N who="2" m="59615" /><F107/><W108/><G9/><T61/><D4/><U32/><E32/><V119/><F119/><W18/><G54/><T76/><D87/><U88/><REACH who="1" step="1"/><E44/><REACH who="1" ten="330,240,328,92" step="2"/><V99/><F99/><W114/><G114/><T92/><D104/><U23/><E23/><N who="2" m="15711" /><F78/><W57/><REACH who="3" step="1"/><G42/><REACH who="3" ten="330,240,328,82" step="2"/><T13/><D61/><U75/><E75/><V130/><F130/><W93/><G93/><T90/><D92/><U24/><E24/><V28/><F55/><W53/><G53/><T6/><D6/><U41/><E41/><V110/><F65/><W49/><AGARI ba="0,2" hai="18,20,25,43,47,49,57,60,64,79,80,86,108,109" machi="49" ten="30,7900,0" yaku="1,1,0,1,52,2,53,0" doraHai="121" doraHaiUra="3" who="3" fromWho="3" sc="330,-20,240,-20,328,-39,82,99" /><INIT seed="3,0,0,2,5,90" ten="310,220,289,181" oya="3" hai0="78,6,38,69,53,48,44,14,30,35,123,105,28" hai1="111,7,100,65,63,34,19,102,9,57,12,73,124" hai2="47,13,133,17,101,76,15,117,16,67,93,132,22" hai3="118,71,82,97,37,21,104,122,59,2,99,120,31"/><W33/><G118/><T55/><D105/><U46/><E34/><V130/><F117/><W86/><G33/><T1/><D1/><U70/><E111/><V115/><F115/><W87/><G71/><T116/><D123/><U114/><E114/><V128/><F76/><W95/><G2/><T20/><D116/><U107/><E124/><V72/><F72/><W79/><G37/><T32/><D69/><U25/><E73/><V51/><F67/><W84/><G59/><T112/><D112/><U26/><E70/><V88/><F101/><N who="1" m="39017" /><E107/><V39/><F39/><W4/><G4/><T18/><D6/><U110/><E110/><V109/><F109/><W8/><G8/><T134/><D38/><U126/><E126/><V36/><F36/><W11/><G11/><T43/><D78/><U94/><E94/><V10/><F51/><W91/><G104/><T58/><D134/><N who="2" m="51818" /><F47/><W66/><G66/><T40/><D32/><U127/><E127/><V52/><F52/><W131/><G131/><T0/><D0/><U85/><E46/><V23/><F10/><W80/><G99/><AGARI ba="0,0" hai="13,15,16,17,22,23,88,93,99,128,130" m="51818" machi="99" ten="30,7700,0" yaku="20,1,52,1,54,2" doraHai="90" who="2" fromWho="3" sc="310,0,220,0,289,77,181,-77" owari="310,11.0,220,-18.0,366,46.6,104,-39.6" /></mjloggm>