<mjloggm ver="2.3"><GO type="225" lobby="0"/><UN n0="%E7%B4%94%E6%BD%94%E3%83%94%E3%83%A9%E3%83%8B%E3%82%A2" n1="%E3%83%97%E3%83%AC%E3%83%B4%E3%82%A1%E3%83%86%E3%82%A3" n2="%E6%9D%B1%E9%A2%A8%E3%81%AE%E3%81%8D%E3%82%83%E3%81%B7%E3%81%95%E3%82%93" n3="%47%68%6F%73%74%55%30" dan="16,16,17,17" rate="2082.42,2096.96,2231.60,2254.43" sx="M,F,M,M"/><TAIKYOKU oya="0"/><INIT seed="0,0,0,0,5,19" ten="250,250,250,250" oya="0" hai0="35,101,12,96,39,44,66,31,34,135,54,70,105" hai1="43,125,126,108,8,87,3,33,47,109,102,134,63" hai2="68,79,104,45,132,42,113,122,112,128,49,29,28" hai3="50,15,120,2,55,24,97,53,94,103,110,129,65"/><T89/><D135/><U106/><E33/><V9/><F68/><W62/><G2/><T16/><D31/><U26/><E26/><V6/><F104/><W1/><G110/><N who="1" m="42602" /><E87/><V115/><F128/><W92/><G1/><T91/><D66/><U41/><E63/><V14/><F132/><W40/><G129/><T36/><D70/><U83/><E134/><V37/><F122/><W59/><G120/><T67/><D67/><U133/><E133/><V85/><REACH who="2" step="1"/><F37/><REACH who="2" ten="250,250,240,250" step="2"/><W10/><G94/><T131/><D131/><U11/><E83/><AGARI ba="0,1" hai="6,9,14,28,29,42,45,49,79,83,85,112,113,115" machi="83" ten="40,8000,1" yaku="1,1,2,1,25,2,53,0" doraHai="19" doraHaiUra="48" who="2" fromWho="1" sc="250,0,250,-80,240,90,250,0" /><INIT seed="1,0,0,4,5,7" ten="250,170,330,250" oya="1" hai0="25,32,82,117,128,18,91,77,15,113,41,53,14" hai1="11,12,34,45,9,107,29,76,54,78,79,1,131" hai2="127,5,24,121,6,124,27,81,88,63,133,98,51" hai3="3,23,8,119,46,72,75,94,111,123,129,118,57"/><U21/><E107/><V65/><F51/><W73/><G123/><T40/><D113/><U99/><E131/><V67/><F121/><W86/><G111/><T28/><D128/><U120/><E120/><V30/><F133/><W114/><G114/><T115/><D115/><U60/><E1/><V95/><F81/><W130/><G57/><T43/><D117/><N who="3" m="44553" /><G23/><T22/><D91/><U17/><E99/><V61/><F61/><W48/><G86/><T135/><D53/><U68/><E45/><V2/><F24/><W31/><G94/><T122/><D122/><U59/><E68/><V20/><F67/><W84/><G84/><T38/><D135/><U85/><E34/><V0/><F0/><W116/><G31/><T110/><D110/><U39/><E39/><V44/><F44/><W96/><G96/><T93/><D93/><U62/><E29/><V4/><REACH who="2" step="1"/><F2/><REACH who="2" ten="250,170,320,250" step="2"/><W87/><G116/><T66/><D66/><U13/><E62/><V47/><F47/><W83/><G48/><T103/><D38/><U89/><E13/><V106/><F106/><W50/><G50/><T55/><D15/><U125/><E125/><V104/><F104/><W105/><G46/><T10/><D55/><U74/><E74/><V42/><F42/><W70/><G105/><T92/><D43/><U26/><E26/><V52/><F52/><W112/><G112/><T56/><D56/><AGARI ba="0,1" hai="4,5,6,20,27,30,56,63,65,88,95,98,124,127" machi="56" ten="40,8000,1" yaku="1,1,54,1,53,2" doraHai="7" doraHaiUra="132" who="2" fromWho="0" sc="250,-80,170,0,320,90,250,0" /><INIT seed="2,0,0,5,0,26" ten="170,170,410,250" oya="2" hai0="126,88,83,105,40,46,66,20,69,41,55,57,82" hai1="14,77,31,43,50,130,1,78,109,84,45,19,68" hai2="33,11,122,100,10,42,6,79,67,116,0,91,63" hai3="18,124,13,119,8,108,5,2,39,118,99,90,59"/><V12/><F122/><W22/><G39/><T89/><D105/><U53/><E68/><V24/><F116/><W87/><G108/><T120/><D120/><U97/><E109/><V56/><F79/><W16/><G124/><T62/><D126/><U72/><E1/><V95/><F42/><W30/><G99/><T98/><D20/><U47/><E130/><V15/><F100/><W4/><G4/><T74/><D41/><U70/><E70/><V129/><F129/><W32/><G18/><T96/><D74/><U44/><E72/><V37/><F37/><W111/><G59/><T61/><D96/><U3/><E3/><V36/><F36/><W51/><G51/><T23/><D23/><U17/><E43/><V49/><F49/><W48/><G48/><T117/><D117/><U131/><E131/><V21/><F33/><W115/><G115/><T76/><D98/><U104/><E84/><V81/><F81/><N who="3" m="49519" /><G111/><T9/><D82/><U134/><E134/><V114/><F114/><W123/><G123/><T112/><D112/><U60/><E60/><V92/><F91/><W54/><G54/><T80/><D83/><U86/><E86/><V106/><F106/><W128/><G128/><T113/><D113/><U65/><E65/><V121/><F0/><W127/><G127/><T94/><D94/><U25/><E97/><V7/><F121/><W102/><G102/><T38/><D80/><U27/><E104/><V110/><F110/><W73/><G73/><T29/><D76/><N who="1" m="29291" /><E17/><AGARI ba="0,0" hai="6,7,10,11,12,15,17,21,24,56,63,67,92,95" machi="17" ten="30,5800,0" yaku="7,1,9,1,8,1" doraHai="26" who="2" fromWho="1" sc="170,0,170,-58,410,58,250,0" /><INIT seed="2,1,0,5,5,49" ten="170,112,468,250" oya="2" hai0="18,118,128,33,87,67,66,42,83,129,50,109,7" hai1="93,3,56,0,34,1,127,45,11,102,121,115,15" hai2="76,39,5,134,117,120,80,31,104,86,6,74,25" hai3="58,77,84,12,71,35,68,48,64,131,105,9,41"/><V57/><F39/><W122/><G122/><T8/><D33/><U37/><E34/><V82/><F104/><W130/><G105/><T72/><D72/><U94/><E121/><V26/><F120/><W29/><G29/><T123/><D18/><U111/><E115/><V81/><F117/><W43/><G35/><T85/><D109/><U55/><E111/><V62/><F134/><W135/><G135/><T97/><D97/><U91/><E127/><V44/><F44/><N who="3" m="25615" /><G43/><T96/><D96/><U38/><E45/><V19/><F19/><W17/><G77/><T61/><D118/><U69/><E69/><V53/><F81/><W65/><G84/><T4/><D123/><U46/><E46/><V24/><REACH who="2" step="1"/><F31/><REACH who="2" ten="170,112,458,250" step="2"/><W28/><G28/><T16/><D16/><U99/><E93/><V73/><F73/><W113/><G17/><T22/><D83/><U108/><E108/><V47/><F47/><W32/><G113/><T54/><D42/><U116/><E116/><V27/><N who="2" m="6144" /><DORA hai="14" /><V100/><F100/><W36/><G36/><T23/><D7/><U107/><E11/><V78/><AGARI ba="1,1" hai="5,6,53,57,62,74,76,78,80,82,86" m="6144" machi="78" ten="40,12000,1" yaku="1,1,0,1,52,1,53,1" doraHai="49,14" doraHaiUra="40,106" who="2" fromWho="2" sc="170,-41,112,-41,458,133,250,-41" /><INIT seed="2,2,0,4,3,93" ten="129,71,591,209" oya="2" hai0="41,39,90,95,71,118,77,103,0,110,112,86,61" hai1="15,94,8,50,99,10,81,25,4,45,116,124,58" hai2="44,104,21,49,80,87,105,14,120,64,23,32,66" hai3="125,108,42,22,72,67,24,79,96,126,11,33,38"/><V134/><F32/><W20/><G108/><T97/><D112/><U91/><E116/><V31/><F120/><W19/><G67/><T57/><D110/><U28/><E124/><N who="3" m="47722" /><G33/><T51/><D118/><U62/><E10/><V98/><F105/><W40/><G38/><T75/><D0/><U101/><E81/><V34/><F34/><W73/><G11/><T2/><D2/><U48/><E45/><V43/><F23/><W131/><G131/><T123/><D123/><U114/><E114/><V13/><F14/><N who="3" m="9335" /><G96/><T9/><D9/><U106/><E106/><V26/><F98/><W111/><G111/><T30/><D39/><U27/><E91/><V109/><F104/><W92/><G92/><T128/><D128/><U82/><E82/><V17/><F109/><W102/><G102/><T68/><D77/><U3/><E3/><V85/><F85/><W56/><G79/><T60/><D75/><N who="3" m="28745" /><G56/><T119/><D119/><U127/><E127/><V100/><F100/><W37/><G37/><T133/><D57/><U5/><E5/><V107/><F107/><W12/><G12/><T74/><D74/><U70/><E70/><V135/><F13/><W129/><G129/><T36/><D36/><U130/><E130/><V122/><F66/><W7/><G7/><T35/><D103/><U88/><E101/><V121/><F64/><W16/><AGARI ba="2,0" hai="16,22,24,40,42" m="28745,9335,47722" machi="16" ten="30,2000,0" yaku="18,1,54,1" doraHai="93" who="3" fromWho="3" sc="129,-7,71,-7,591,-12,209,26" /><INIT seed="3,0,0,1,0,3" ten="122,64,579,235" oya="3" hai0="68,124,69,120,12,72,16,97,30,25,43,107,0" hai1="14,116,44,105,89,39,31,66,18,36,23,65,98" hai2="4,38,6,95,13,15,48,123,61,70,45,24,8" hai3="52,11,132,35,62,135,127,54,129,10,87,115,90"/><W7/><G35/><T22/><D120/><U119/><E31/><V86/><F38/><W9/><G115/><T100/><D72/><U60/><E65/><V82/><F123/><W5/><G127/><T130/><D124/><U109/><E109/><V20/><F95/><W17/><G17/><T110/><D110/><U26/><E26/><V106/><F106/><W93/><G129/><T104/><D104/><U79/><E79/><V133/><F133/><N who="3" m="51275" /><G62/><T64/><D130/><U80/><E39/><V81/><F61/><W91/><G90/><T78/><D78/><U77/><E36/><V118/><F70/><W40/><G40/><T32/><D43/><U92/><E105/><V19/><F118/><W122/><G122/><T59/><D59/><U41/><E41/><N who="2" m="24623" /><F86/><W101/><G101/><T74/><D74/><U73/><REACH who="1" step="1"/><E44/><REACH who="1" ten="122,54,579,235" step="2"/><V49/><F49/><W55/><AGARI ba="0,1" hai="5,7,9,10,11,52,54,55,87,91,93" m="51275" machi="55" ten="40,12000,1" yaku="20,1,52,2,54,1" doraHai="3" who="3" fromWho="3" sc="122,-40,54,-40,579,-40,235,130" /><INIT seed="3,1,0,1,5,27" ten="82,14,539,365" oya="3" hai0="109,7,90,130,112,70,36,93,95,85,135,46,13" hai1="0,101,67,60,56,103,22,24,87,55,71,21,96" hai2="28,119,49,31,39,117,121,34,124,80,123,43,68" hai3="6,94,19,108,132,44,63,50,92,26,4,37,126"/><W105/><G105/><T15/><D70/><U118/><E118/><V54/><F68/><W114/><G114/><T48/><D36/><U81/><E0/><V65/><F65/><W38/><G126/><T62/><D112/><U23/><E71/><V8/><F8/><W58/><G132/><T116/><D135/><U89/><E55/><V12/><F12/><W1/><G1/><T79/><D79/><U86/><E86/><V32/><F80/><W42/><G37/><T99/><D116/><N who="2" m="44618" /><F43/><W75/><G38/><T104/><D104/><U66/><E66/><V35/><F39/><W72/><G72/><T29/><D109/><U18/><REACH who="1" step="1"/><E101/><REACH who="1" ten="82,4,539,365" step="2"/><V3/><F3/><W11/><G108/><T9/><D85/><U2/><E2/><V41/><F41/><W57/><G75/><T113/><D113/><U20/><E20/><V106/><F106/><W53/><G58/><T129/><D46/><U47/><E47/><N who="2" m="27967" /><F124/><W59/><G59/><T52/><D130/><U111/><E111/><V61/><F61/><W74/><G74/><T76/><D62/><U10/><E10/><V17/><F17/><W83/><G4/><T30/><D7/><U134/><E134/><V102/><F102/><W16/><G6/><T100/><D9/><U97/><E97/><V78/><F78/><W33/><G11/><T64/><D76/><U25/><E25/><V120/><AGARI ba="1,1" hai="28,31,32,34,35,120,121,123" m="27967,44618" machi="120" ten="50,6400,0" yaku="13,1,52,2" doraHai="27" who="2" fromWho="2" sc="82,-17,4,-17,539,77,365,-33" owari="65,-33.5,-13,-51.3,616,71.6,332,13.2" /></mjloggm>