<mjloggm ver="2.3"><GO type="225" lobby="0"/><UN n0="%72%65%6E%6B%75%6E" n1="%E3%83%AB%E3%83%9B%E3%83%B3%E3%83%87%E3%82%A3%E3%82%A8" n2="%E7%B4%94%E6%BD%94%E3%83%94%E3%83%A9%E3%83%8B%E3%82%A2" n3="%E8%B6%85%E7%B4%9A%E9%B3%B3%E5%87%B0" dan="17,17,16,16" rate="2246.22,2208.68,2149.20,2146.20" sx="M,M,M,M"/><TAIKYOKU oya="0"/><INIT seed="0,0,0,0,2,115" ten="250,250,250,250" oya="0" hai0="58,9,59,34,12,135,7,60,22,15,30,4,108" hai1="130,27,56,53,131,11,65,46,37,100,16,64,112" hai2="32,38,14,91,21,2,132,74,62,125,82,128,76" hai3="18,89,54,24,101,47,75,10,121,119,73,129,20"/><T105/><D105/><U124/><E112/><V116/><F21/><W51/><G129/><N who="1" m="49162" /><E100/><V44/><F14/><W26/><G121/><T33/><D135/><U29/><E124/><V39/><F91/><W81/><G119/><T17/><D108/><U69/><E11/><V118/><F132/><W23/><G101/><T55/><D7/><U19/><E69/><V57/><F125/><W31/><G10/><T102/><D102/><U28/><E28/><V110/><F110/><W0/><G0/><T45/><D45/><U8/><E8/><V36/><F2/><W83/><G83/><T111/><D111/><U113/><E113/><V104/><F104/><W25/><G25/><T122/><D122/><U106/><E106/><V126/><F126/><W134/><G134/><T94/><D30/><U97/><E97/><V79/><F79/><W85/><AGARI ba="0,0" hai="18,20,23,24,26,31,47,51,54,73,75,81,85,89" machi="85" ten="30,1100,0" yaku="0,1" doraHai="115" who="3" fromWho="3" sc="250,-5,250,-3,250,-3,250,11" /><INIT seed="1,0,0,1,2,16" ten="245,247,247,261" oya="1" hai0="131,51,46,31,107,53,57,37,86,83,56,125,21" hai1="90,73,7,114,22,123,10,121,84,69,82,55,39" hai2="3,93,120,42,119,66,127,68,132,134,103,33,74" hai3="13,35,97,5,133,112,106,64,54,72,104,25,96"/><U76/><E114/><V26/><F3/><W23/><G112/><T130/><D107/><U40/><E69/><V38/><F74/><W52/><G72/><T4/><D4/><U34/><E34/><V20/><F33/><W115/><G115/><T89/><D125/><U111/><E111/><V8/><F8/><W109/><G109/><T17/><D31/><U102/><E55/><V113/><F119/><W116/><G116/><T48/><D37/><U88/><E102/><V65/><F120/><W80/><G35/><T59/><REACH who="0" step="1"/><D48/><REACH who="0" ten="235,247,247,261" step="2"/><U63/><E121/><V14/><F127/><W67/><G5/><T27/><AGARI ba="0,1" hai="17,21,27,46,51,53,56,57,59,83,86,89,130,131" machi="27" ten="30,7900,0" yaku="1,1,2,1,0,1,52,1,53,0" doraHai="16" doraHaiUra="36" who="0" fromWho="0" sc="235,89,247,-39,247,-20,261,-20" /><INIT seed="2,0,0,2,1,15" ten="324,208,227,241" oya="2" hai0="25,46,6,43,105,18,79,106,76,66,95,31,101" hai1="71,1,98,39,40,35,121,127,114,63,122,8,103" hai2="78,107,13,129,89,50,73,45,16,134,86,38,81" hai3="57,93,5,69,53,118,74,4,83,84,37,115,90"/><V67/><F129/><W99/><G118/><T17/><D6/><N who="1" m="1103" /><E114/><V11/><F134/><W120/><G120/><N who="1" m="46186" /><E35/><V109/><F107/><W19/><G69/><T2/><D2/><U111/><E111/><V133/><F133/><W20/><G37/><T104/><D66/><N who="1" m="41439" /><E40/><V128/><F128/><W21/><G74/><T124/><D124/><U94/><E39/><V135/><F135/><W62/><G115/><T3/><D3/><U70/><E70/><V91/><F38/><W52/><G53/><T123/><D123/><U100/><E100/><V110/><F67/><W0/><G0/><T33/><D43/><U85/><E85/><V60/><F60/><W30/><G30/><T26/><D46/><U68/><E68/><V125/><F125/><AGARI ba="0,0" hai="94,98,103,125,127" m="41439,46186,1103" machi="125" ten="30,1000,0" yaku="13,1" doraHai="15" who="1" fromWho="2" sc="324,0,208,10,227,-10,241,0" /><INIT seed="3,0,0,4,3,95" ten="324,218,217,241" oya="3" hai0="41,126,29,98,4,24,15,131,62,47,59,25,124" hai1="75,84,76,8,18,113,104,132,106,9,78,90,21" hai2="115,99,65,44,112,27,119,105,43,57,120,122,38" hai3="32,129,14,13,66,130,71,127,53,97,87,2,6"/><W20/><G32/><T92/><D131/><N who="3" m="50185" /><G127/><N who="0" m="48683" /><D4/><U42/><E42/><V58/><F119/><W79/><G71/><T74/><D15/><U96/><E76/><V12/><F12/><W63/><G53/><N who="0" m="34159" /><D74/><U89/><E75/><V121/><F27/><W86/><G79/><T110/><D110/><U46/><E78/><V135/><F135/><W93/><G2/><T77/><D29/><U34/><E8/><V49/><F65/><W51/><G51/><N who="0" m="27119" /><D77/><U118/><E9/><V80/><F80/><W117/><G6/><T54/><D54/><U101/><E132/><V7/><F7/><W55/><G55/><T10/><D10/><U16/><E18/><V56/><F49/><W109/><G109/><T60/><D60/><U116/><E16/><V68/><F68/><W36/><G36/><T45/><D45/><U31/><E46/><V85/><F85/><W100/><G86/><T111/><D111/><U134/><E84/><V0/><F0/><W128/><G128/><T11/><D11/><U1/><E1/><V48/><F38/><W67/><G87/><T23/><D23/><U91/><E134/><V108/><F108/><W19/><G14/><T103/><AGARI ba="0,0" hai="24,25,92,98,103" m="27119,34159,48683" machi="103" ten="30,2000,0" yaku="18,1,52,1" doraHai="95" who="0" fromWho="0" sc="324,20,218,-5,217,-5,241,-10" owari="344,44.4,213,-18.7,212,-28.8,231,3.1" /></mjloggm>