<mjloggm ver="2.3"><GO type="225" lobby="0"/><UN n0="%E3%81%B5%E3%81%98%E3%81%8B%E3%81%A4" n1="%E9%B3%B3%E6%9D%B1%E3%81%AE%E3%81%BF%E3%81%91%E3%81%AB%E3%82%83%E3%82%93" n2="%E6%A1%9C%E8%8A%B1%E9%96%83%E3%80%85" n3="%6D%61%74%69%67%75%73%61" dan="16,17,16,17" rate="2208.49,2138.30,2097.05,2219.42" sx="M,F,M,M"/><TAIKYOKU oya="0"/><INIT seed="0,0,0,1,2,22" ten="250,250,250,250" oya="0" hai0="77,46,114,108,25,14,78,7,52,118,20,43,104" hai1="135,123,119,4,74,94,70,17,97,8,45,130,76" hai2="62,53,79,9,73,42,40,133,69,111,28,54,10" hai3="72,95,90,129,33,0,66,106,51,98,34,117,29"/><T23/><D118/><U63/><E119/><V68/><F28/><W120/><G0/><T56/><D114/><U115/><E123/><V100/><F100/><W37/><G37/><T50/><D104/><U109/><E109/><V13/><F79/><W131/><G72/><T128/><D128/><N who="3" m="49225" /><G117/><T6/><D108/><U49/><E135/><V107/><F73/><W71/><G120/><T58/><D20/><U11/><E76/><N who="0" m="29289" /><D14/><U38/><E38/><V113/><F13/><W59/><G106/><T105/><D105/><U92/><E74/><V5/><F107/><W125/><G125/><T36/><D36/><U65/><E115/><V96/><F69/><W103/><G103/><T39/><D39/><U102/><E130/><V91/><F68/><W99/><G99/><T82/><D82/><U24/><E94/><V64/><F96/><W89/><G89/><T127/><D127/><U75/><E75/><V12/><F91/><W67/><G71/><T121/><D121/><U116/><E116/><V88/><F88/><W132/><G132/><T21/><D21/><U60/><E70/><N who="2" m="42263" /><F133/><W86/><G98/><T27/><D23/><U47/><E97/><V15/><F113/><W55/><G33/><T134/><D134/><U81/><E81/><V101/><F101/><W31/><G34/><T18/><D18/><U85/><E102/><V84/><F84/><W41/><G29/><T122/><D122/><U26/><E85/><V44/><F111/><W61/><G31/><T126/><D126/><U83/><E83/><V1/><F1/><W35/><G35/><T32/><D32/><RYUUKYOKU ba="0,0" sc="250,-10,250,-10,250,-10,250,30" hai3="41,51,55,59,61,66,67,86,90,95" /><INIT seed="1,1,0,5,0,21" ten="240,240,240,280" oya="1" hai0="5,42,94,74,72,60,24,54,131,102,56,105,14" hai1="89,44,4,117,28,116,68,119,118,32,84,132,12" hai2="114,48,37,62,90,112,109,99,104,83,127,107,0" hai3="2,34,27,101,111,19,96,85,43,81,26,92,71"/><U36/><E68/><V67/><F37/><W66/><G2/><T103/><D131/><U50/><E36/><V75/><F0/><W25/><G111/><T13/><D105/><U64/><E64/><V52/><F109/><W10/><G43/><T41/><D74/><U108/><E108/><V1/><F1/><W23/><G34/><T46/><D72/><U78/><E78/><N who="2" m="44511" /><F90/><W49/><G49/><T129/><D129/><U69/><E69/><N who="2" m="42231" /><F99/><W79/><REACH who="3" step="1"/><G10/><REACH who="3" ten="240,240,240,270" step="2"/><N who="0" m="4303" /><D42/><U88/><E117/><V7/><F127/><W126/><G126/><T86/><D41/><U31/><E32/><V8/><F8/><W35/><G35/><T122/><D122/><U53/><E119/><V47/><F7/><W55/><G55/><T135/><D135/><U134/><E118/><V3/><F3/><W30/><G30/><T18/><D46/><U98/><E116/><V29/><F29/><W87/><G87/><T121/><D121/><U39/><E39/><V82/><F52/><W115/><G115/><T77/><D14/><U57/><E44/><V40/><F114/><W130/><G130/><T123/><D123/><U58/><E134/><V133/><F112/><W128/><G128/><T80/><D94/><N who="1" m="56647" /><E132/><V51/><F133/><W110/><G110/><T63/><D63/><AGARI ba="1,1" hai="19,23,25,26,27,63,66,71,79,81,85,92,96,101" machi="63" ten="40,8000,1" yaku="1,1,52,3,53,0" doraHai="21" doraHaiUra="120" who="3" fromWho="0" sc="240,-83,240,0,240,0,270,93" /><INIT seed="2,0,0,3,2,95" ten="157,240,240,363" oya="2" hai0="112,25,41,114,30,69,2,39,47,59,49,0,52" hai1="32,4,111,88,12,55,71,98,56,75,110,101,94" hai2="21,90,81,105,27,58,57,107,48,31,96,34,1" hai3="121,84,10,126,92,24,63,135,14,93,44,7,117"/><V61/><F1/><W82/><G117/><T78/><D78/><U20/><E32/><V65/><F34/><W86/><G121/><T76/><D76/><U124/><E71/><V122/><F122/><W79/><G135/><T6/><D69/><U89/><E75/><V19/><F19/><W102/><G126/><T3/><REACH who="0" step="1"/><D6/><REACH who="0" ten="147,240,240,363" step="2"/><U132/><E124/><V91/><F81/><W108/><G82/><T28/><D28/><U33/><E4/><V62/><F48/><W80/><G80/><T38/><D38/><U53/><E132/><V5/><F5/><W129/><G7/><T72/><D72/><U8/><E110/><V15/><F15/><W125/><G14/><T77/><D77/><U23/><E111/><V43/><F31/><W119/><G79/><T29/><D29/><U11/><E12/><V46/><F62/><W64/><G63/><T103/><D103/><U9/><E101/><V35/><F61/><W42/><G102/><T17/><D17/><U116/><E116/><V128/><F90/><W45/><G119/><T66/><D66/><U13/><E89/><V37/><F91/><W118/><G64/><T127/><D127/><U26/><E13/><V133/><F65/><W70/><G125/><T85/><D85/><U73/><E73/><V18/><F18/><W51/><G84/><T67/><D67/><U83/><E83/><V54/><F37/><W68/><G108/><T50/><D50/><U60/><E88/><V99/><F133/><W87/><G118/><T130/><D130/><U74/><E74/><V123/><F128/><W36/><G129/><RYUUKYOKU ba="0,1" sc="147,30,240,-10,240,-10,363,-10" hai0="0,2,3,25,30,39,41,47,49,52,59,112,114" /><INIT seed="3,1,1,4,3,1" ten="177,230,230,353" oya="3" hai0="79,128,34,115,70,109,135,113,91,2,98,78,69" hai1="54,47,121,75,81,51,65,52,67,7,106,57,77" hai2="93,63,30,100,8,76,99,71,18,84,58,96,66" hai3="14,90,37,116,114,40,28,13,104,132,35,105,73"/><W112/><G90/><T31/><D2/><U41/><E121/><V123/><F123/><W82/><G13/><T110/><D34/><U49/><E106/><V95/><F30/><W4/><G14/><T20/><D31/><U9/><E41/><V87/><F71/><W33/><G132/><T103/><D20/><U46/><E57/><V36/><F36/><W29/><G116/><T72/><D135/><U120/><E120/><V16/><F8/><W25/><G29/><T0/><D0/><AGARI ba="1,1" hai="0,7,9,46,47,49,51,52,54,65,67,75,77,81" machi="0" ten="30,7700,0" yaku="7,1,9,1,52,1,54,1" doraHai="1" who="1" fromWho="0" sc="177,-80,230,90,230,0,353,0" owari="97,-40.3,320,12.0,230,-17.0,353,45.3" /></mjloggm>