<mjloggm ver="2.3"><GO type="225" lobby="0"/><UN n0="%E3%82%BC%E3%83%AB%E3%83%80%E3%81%AE%E4%BC%9D%E8%AA%AC" n1="%E9%B3%B3%E6%9D%B1%E3%81%AE%E3%81%86%E3%81%95%E3%81%8E%E3%81%95%E3%82%93" n2="%E3%81%99%E3%81%84%E3%81%BE%E3%81%9B%E3%83%BC%E3%82%93" n3="%E5%B0%8F%E9%B3%A5%E9%81%8A%E7%B7%B4%E7%84%A1%32%31%E6%AD%B3" dan="16,17,16,16" rate="2208.45,2254.78,2102.05,2117.98" sx="M,M,M,F"/><TAIKYOKU oya="0"/><INIT seed="0,0,0,3,0,58" ten="250,250,250,250" oya="0" hai0="60,112,34,47,12,0,24,49,125,88,111,59,63" hai1="80,69,129,65,71,14,19,79,105,20,52,36,117" hai2="16,103,25,107,29,1,62,110,93,15,53,98,108" hai3="128,99,106,96,4,28,94,10,5,42,41,37,132"/><T76/><D112/><U6/><E117/><V13/><F1/><W73/><G132/><T82/><D0/><U32/><E105/><V85/><F107/><W134/><G134/><T27/><D125/><U92/><E129/><V64/><F53/><W46/><G128/><T23/><D111/><N who="2" m="42538" /><F85/><W61/><G42/><T48/><D34/><U22/><E32/><N who="2" m="20527" /><F16/><W67/><G28/><T8/><D76/><U86/><E52/><V75/><F75/><W84/><G4/><N who="0" m="3079" /><D59/><AGARI ba="0,0" hai="13,15,59,62,64,93,98,103" m="20527,42538" machi="59" ten="30,2000,0" yaku="14,1,52,1" doraHai="58" who="2" fromWho="0" sc="250,-20,250,0,250,20,250,0" /><INIT seed="1,0,0,4,5,132" ten="230,250,270,250" oya="1" hai0="68,89,64,130,80,108,28,65,105,120,102,51,106" hai1="124,24,56,40,75,33,1,23,81,82,104,100,87" hai2="39,125,53,67,29,17,70,110,35,59,47,62,128" hai3="111,86,44,127,69,77,8,114,26,50,31,4,46"/><U10/><E33/><V76/><F76/><W66/><G114/><T12/><D108/><U38/><E75/><V55/><F17/><W131/><G131/><T14/><D130/><U113/><E113/><V135/><BYE who="1" /><F29/><UN n1="%E9%B3%B3%E6%9D%B1%E3%81%AE%E3%81%86%E3%81%95%E3%81%8E%E3%81%95%E3%82%93" /><W90/><G111/><T129/><D129/><U43/><E104/><V30/><F30/><W121/><G77/><T83/><D28/><U116/><E116/><V109/><F35/><W119/><G119/><T73/><D51/><U94/><E38/><V57/><F128/><W92/><G121/><T52/><D89/><U45/><E1/><V115/><F115/><W126/><G66/><T19/><D19/><U27/><E10/><V133/><F125/><N who="3" m="47627" /><G50/><T122/><D68/><U72/><E72/><V21/><F21/><N who="3" m="15823" /><G69/><T13/><D73/><U93/><E124/><V101/><F70/><W36/><G36/><T11/><D65/><U112/><E112/><V91/><F67/><W85/><G86/><T74/><D64/><U117/><E87/><V61/><F39/><W25/><G25/><T103/><D74/><U97/><E27/><V2/><F110/><W6/><G6/><T16/><D120/><U42/><E117/><V34/><F109/><W54/><G54/><T123/><D52/><U18/><E56/><V134/><F47/><W49/><G49/><T3/><D122/><U7/><E45/><V60/><F135/><W0/><AGARI ba="0,0" hai="0,4,8,44,46,85,90,92" m="15823,47627" machi="0" ten="30,7900,0" yaku="18,1,52,3" doraHai="132" who="3" fromWho="3" sc="230,-20,250,-39,270,-20,250,79" /><INIT seed="2,0,0,4,2,124" ten="210,211,250,329" oya="2" hai0="80,19,111,128,53,68,129,41,64,22,113,15,39" hai1="48,126,11,50,18,54,74,108,135,49,28,103,122" hai2="114,76,10,42,38,29,4,131,55,117,7,57,130" hai3="120,44,24,20,91,106,40,116,8,104,105,25,32"/><V115/><F117/><W96/><G120/><T77/><D113/><U100/><E126/><V30/><F76/><W69/><G69/><T60/><D111/><U133/><E108/><V47/><F29/><W61/><G61/><T90/><D90/><U62/><E74/><V16/><F16/><W107/><G32/><T63/><D41/><U89/><E28/><V3/><F7/><W59/><G59/><T94/><D94/><U119/><E119/><V87/><F87/><W37/><G116/><T1/><D39/><U72/><E72/><V5/><F5/><W51/><G37/><T88/><D88/><U13/><E122/><V33/><F30/><W2/><G20/><T27/><D1/><U85/><E135/><V56/><F33/><W36/><G36/><T65/><D53/><U125/><E133/><V97/><F97/><W127/><G127/><T98/><D98/><U101/><E125/><V79/><F79/><W0/><G8/><T93/><D93/><N who="1" m="54447" /><E62/><V99/><F99/><W46/><G0/><T45/><D45/><AGARI ba="0,0" hai="11,13,18,45,48,49,50,54,100,101,103" m="54447" machi="45" ten="30,1000,0" yaku="8,1" doraHai="124" who="1" fromWho="0" sc="210,-10,211,10,250,0,329,0" /><INIT seed="3,0,0,0,4,44" ten="200,221,250,329" oya="3" hai0="37,53,83,1,22,98,100,71,129,95,94,56,0" hai1="130,51,34,87,11,46,6,118,90,55,77,21,110" hai2="113,4,31,28,116,93,78,33,106,57,2,67,9" hai3="45,23,120,119,30,7,60,43,25,104,19,59,35"/><W112/><G112/><T85/><D129/><U29/><E130/><V134/><F106/><W76/><G119/><T99/><D71/><U64/><E110/><V42/><F113/><W135/><G104/><T105/><D37/><U88/><E34/><V74/><F42/><W127/><G127/><T132/><D132/><U49/><E64/><V131/><F116/><W73/><G135/><T12/><D12/><N who="1" m="5239" /><E118/><V91/><F33/><W65/><G7/><T63/><D22/><U124/><E124/><V117/><F117/><W101/><G101/><T18/><D18/><U102/><E102/><V75/><F75/><W70/><G120/><T27/><D27/><N who="1" m="16623" /><E51/><V126/><F126/><W26/><G76/><T115/><D115/><U10/><E10/><V69/><F69/><W121/><G73/><T39/><D39/><U109/><E109/><V58/><F131/><W54/><G121/><T62/><D62/><U82/><AGARI ba="0,0" hai="46,49,55,77,82,87,88,90" m="16623,5239" machi="82" ten="30,4000,0" yaku="8,1,52,1,54,1" doraHai="44" who="1" fromWho="1" sc="200,-10,221,40,250,-10,329,-20" owari="190,-31.0,261,6.1,240,-16.0,309,40.9" /></mjloggm>