<mjloggm ver="2.3"><GO type="225" lobby="0"/><UN n0="%E7%BD%AA%E5%88%91%E6%B3%95%E5%AE%9A%E4%B8%BB%E7%BE%A9" n1="%E3%81%B7%E3%82%8A%E3%82%93%E8%81%96%E4%BA%BA" n2="%74%61%6B%65%2D%79%6F%75" n3="%E9%81%85%E5%88%BB%E3%81%AE%E3%83%97%E3%83%AA%E3%83%B3%E3%82%B9%E2%99%AA" dan="16,16,17,16" rate="2169.98,2142.48,2146.88,2161.32" sx="M,M,M,F"/><TAIKYOKU oya="0"/><INIT seed="0,0,0,4,5,50" ten="250,250,250,250" oya="0" hai0="122,13,40,109,41,101,48,8,19,129,7,99,62" hai1="61,119,104,45,128,110,134,69,14,17,24,103,43" hai2="18,11,115,64,5,86,120,121,102,132,98,78,111" hai3="27,80,32,59,6,65,127,113,30,10,72,87,38"/><T96/><D122/><U66/><E110/><V3/><F115/><W97/><G113/><T26/><D129/><U22/><E128/><V84/><F111/><W21/><G38/><T58/><D109/><U44/><E134/><V55/><F132/><W2/><G127/><T95/><D99/><U46/><E119/><V63/><F18/><W9/><G72/><T4/><D48/><U25/><E104/><V89/><F78/><W16/><G10/><T82/><D82/><U130/><E103/><V70/><F86/><W85/><G97/><T54/><REACH who="0" step="1"/><D26/><REACH who="0" ten="240,250,250,250" step="2"/><U83/><E130/><V75/><F98/><W106/><G80/><T36/><D36/><U49/><E83/><V37/><F37/><W51/><G106/><T124/><D124/><U92/><E92/><V116/><F120/><W105/><G105/><T29/><D29/><U71/><E71/><V73/><F121/><W76/><G76/><T39/><D39/><U12/><E25/><V60/><F70/><W112/><G112/><T0/><D0/><U1/><E1/><V33/><F3/><W15/><G51/><T56/><D56/><U42/><E45/><V135/><F135/><W67/><G59/><T100/><D100/><U131/><E131/><V53/><F102/><W34/><G34/><T68/><D68/><U23/><E44/><V91/><F33/><W107/><G107/><T118/><D118/><U20/><E43/><AGARI ba="0,1" hai="4,7,8,13,19,40,41,43,54,58,62,95,96,101" machi="43" ten="40,12000,1" yaku="1,1,8,1,52,1,53,1" doraHai="50" doraHaiUra="93" who="0" fromWho="1" sc="240,130,250,-120,250,0,250,0" /><INIT seed="0,1,0,3,5,93" ten="370,130,250,250" oya="0" hai0="123,22,115,90,54,134,5,85,44,135,46,117,83" hai1="36,108,100,94,77,8,18,87,40,27,15,71,122" hai2="12,33,113,45,120,63,121,39,43,76,29,32,60" hai3="103,4,109,25,88,21,74,119,69,61,65,105,28"/><T14/><D115/><U106/><E106/><V9/><F113/><W13/><G119/><T73/><D117/><U81/><E71/><V6/><F76/><W31/><G74/><T47/><D123/><U35/><E122/><V30/><F120/><W41/><G109/><T95/><D54/><U111/><E36/><V68/><F121/><W7/><G41/><T92/><D73/><U56/><E40/><V126/><F126/><W34/><G31/><T59/><D59/><U53/><E35/><V52/><F63/><W91/><G21/><T86/><D95/><U50/><REACH who="1" step="1"/><E27/><REACH who="1" ten="370,120,250,250" step="2"/><V78/><F68/><W17/><G34/><T102/><D135/><U23/><E23/><V125/><F33/><W0/><G25/><T67/><D134/><U89/><E89/><V66/><F32/><W10/><G91/><T97/><D22/><U2/><E2/><V84/><F43/><W107/><G88/><T70/><D70/><U116/><E116/><V58/><F39/><W20/><G107/><T110/><D90/><U16/><E16/><V51/><F125/><W128/><G28/><T104/><D104/><U131/><E131/><V62/><F29/><W114/><G128/><T79/><D102/><U49/><E49/><V127/><F30/><W99/><G114/><T132/><D132/><U72/><E72/><V82/><F127/><W3/><G3/><T112/><D112/><U80/><E80/><V118/><F118/><W38/><G38/><T98/><D83/><U19/><E19/><V1/><F1/><W11/><G0/><T37/><D37/><U96/><AGARI ba="1,1" hai="8,15,18,50,53,56,77,81,87,94,96,100,108,111" machi="96" ten="30,7900,0" yaku="1,1,5,1,0,1,52,1,53,0" doraHai="93" doraHaiUra="64" who="1" fromWho="1" sc="370,-40,120,92,250,-21,250,-21" /><INIT seed="1,0,0,2,4,0" ten="330,212,229,229" oya="1" hai0="58,19,13,54,84,85,28,118,103,101,124,109,86" hai1="7,33,56,76,48,50,102,29,38,9,105,72,133" hai2="70,49,6,129,8,64,110,25,131,69,120,5,89" hai3="113,104,36,73,97,81,100,121,34,128,4,112,71"/><U106/><E38/><V132/><F120/><W43/><G121/><T27/><D118/><U68/><E72/><V60/><F110/><W44/><G128/><N who="2" m="49225" /><F132/><W15/><G34/><T53/><D109/><U1/><E76/><V51/><F69/><W127/><G127/><T22/><D124/><U77/><E77/><V32/><F89/><W47/><G71/><T126/><D126/><U90/><E68/><V61/><F61/><W75/><G47/><T20/><REACH who="0" step="1"/><D54/><REACH who="0" ten="320,212,229,229" step="2"/><U95/><E133/><V62/><F70/><W14/><G112/><T91/><D91/><U67/><E102/><V123/><F123/><W99/><G113/><T107/><D107/><U93/><E105/><V52/><F52/><W39/><G104/><T114/><D114/><U83/><E106/><V55/><F55/><W87/><G100/><T41/><D41/><U63/><E95/><V26/><F64/><W108/><G108/><T30/><D30/><U116/><E83/><V45/><F62/><AGARI ba="0,1" hai="13,19,20,22,27,28,53,58,62,84,85,86,101,103" machi="62" ten="40,2600,0" yaku="1,1,8,1,53,0" doraHai="0" doraHaiUra="119" who="0" fromWho="2" sc="320,36,212,0,229,-26,229,0" /><INIT seed="2,0,0,4,1,122" ten="356,212,203,229" oya="2" hai0="61,73,125,4,43,8,99,31,59,1,83,129,0" hai1="128,38,81,94,62,17,77,3,46,85,101,105,120" hai2="119,25,109,116,127,36,42,51,66,5,95,131,130" hai3="124,19,21,14,30,6,67,90,56,123,44,47,10"/><V16/><F127/><W117/><G123/><T72/><D125/><U34/><E120/><V28/><F36/><W29/><G124/><T108/><D108/><U33/><E3/><V96/><F5/><W49/><G117/><T26/><D129/><N who="2" m="49162" /><F66/><W13/><G47/><T97/><D1/><U113/><E113/><V9/><F42/><W55/><G90/><T32/><D43/><U93/><E128/><V12/><F51/><W71/><G71/><T88/><D99/><U135/><E38/><V23/><F109/><W102/><G102/><AGARI ba="0,0" hai="9,12,16,23,25,28,95,96,102,116,119" m="49162" machi="102" ten="30,2900,0" yaku="19,1,54,1" doraHai="122" who="2" fromWho="3" sc="356,0,212,0,203,29,229,-29" /><INIT seed="2,1,0,0,3,25" ten="356,212,232,200" oya="2" hai0="106,41,124,107,131,68,128,83,14,34,55,8,86" hai1="88,114,40,89,4,28,43,129,67,30,80,127,26" hai2="94,85,59,125,35,69,119,56,122,97,121,115,13" hai3="74,134,60,66,75,22,135,50,0,19,104,53,33"/><V47/><F115/><W65/><G0/><T99/><D34/><U37/><E114/><V111/><F119/><W93/><G104/><T18/><D68/><U63/><E4/><V24/><F125/><W31/><G33/><T58/><D41/><U20/><E127/><V102/><F69/><W46/><G31/><N who="1" m="11818" /><E37/><V123/><F35/><W32/><G32/><T17/><D17/><N who="1" m="12559" /><E129/><N who="0" m="49737" /><D99/><U6/><E6/><V27/><F97/><W109/><G93/><T51/><D124/><U90/><E80/><V5/><F5/><W73/><G109/><T44/><D58/><AGARI ba="1,0" hai="40,43,58,63,67,88,89,90" m="12559,11818" machi="58" ten="30,8000,1" yaku="8,1,52,3,54,1" doraHai="25" who="1" fromWho="0" sc="356,-83,212,83,232,0,200,0" /><INIT seed="3,0,0,3,5,116" ten="273,295,232,200" oya="3" hai0="96,83,86,118,131,63,15,54,32,128,122,120,39" hai1="76,135,80,5,71,77,26,42,75,34,88,110,105" hai2="113,24,101,119,7,74,91,95,126,60,78,17,33" hai3="35,56,25,30,38,51,117,31,94,21,97,18,20"/><W107/><G117/><T8/><D32/><U111/><E71/><V16/><F119/><W61/><G38/><T53/><D39/><U13/><E105/><V36/><F113/><W82/><G107/><T67/><D96/><U103/><E103/><V92/><F36/><W64/><G82/><T109/><D109/><N who="1" m="41483" /><E42/><V123/><F126/><W27/><G51/><T121/><D118/><U57/><E57/><V4/><F101/><W52/><G64/><T48/><D63/><U133/><E77/><V106/><F106/><W72/><G72/><T9/><D67/><U125/><E125/><V59/><F59/><W40/><G40/><T130/><D15/><U62/><E62/><V6/><F60/><W73/><G73/><T11/><D48/><U99/><E99/><V23/><F78/><AGARI ba="0,0" hai="8,9,11,53,54,78,83,86,120,121,122,128,130,131" machi="78" ten="50,12000,2" yaku="29,2,19,1,52,3" doraHai="116" who="0" fromWho="2" sc="273,120,295,0,232,-120,200,0" owari="393,49.3,295,9.5,112,-38.8,200,-20.0" /></mjloggm>