<mjloggm ver="2.3"><GO type="225" lobby="0"/><UN n0="%E3%82%B2%E3%82%B9%E8%8C%82%E5%8B%9D" n1="%E3%81%8B%E3%82%8F%E3%81%A1%E3%82%83%E3%82%93%35%38" n2="%E8%90%BD%E6%97%A5" n3="%E7%89%B9%E6%9D%B1%E3%81%AF%E4%B8%96%E7%95%8C%E3%82%92%E6%95%91%E3%81%86" dan="16,17,16,16" rate="2116.76,2181.77,2147.78,2181.52" sx="F,M,F,M"/><TAIKYOKU oya="0"/><INIT seed="0,0,0,2,0,114" ten="250,250,250,250" oya="0" hai0="16,54,125,78,59,84,131,45,103,132,117,41,6" hai1="64,7,97,65,67,46,95,3,100,80,27,47,38" hai2="37,102,68,17,94,63,98,73,39,56,122,104,105" hai3="0,85,23,61,75,12,53,134,91,30,48,14,19"/><T111/><D117/><U2/><E7/><V15/><F122/><W133/><G75/><T130/><D125/><U71/><E71/><V50/><F73/><W82/><G0/><T69/><D69/><U120/><E120/><V127/><F127/><W112/><G112/><T93/><D132/><N who="3" m="50793" /><G30/><T44/><D6/><U18/><E2/><V35/><F35/><W74/><G74/><T22/><D111/><U5/><E38/><V87/><F68/><W81/><G61/><T8/><D8/><U76/><E5/><V121/><F121/><W29/><G29/><T4/><D4/><U116/><E116/><V96/><F50/><W13/><G82/><T101/><D78/><U21/><REACH who="1" step="1"/><E3/><REACH who="1" ten="250,240,250,250" step="2"/><V109/><F109/><W51/><G51/><N who="0" m="27023" /><D131/><U26/><E26/><V107/><F39/><W126/><G126/><T129/><D130/><U77/><E77/><V124/><F37/><W11/><G11/><T108/><D108/><U66/><N who="1" m="16384" /><DORA hai="28" /><U43/><E43/><V24/><F124/><W99/><G13/><N who="0" m="9487" /><D129/><U40/><E40/><V49/><F24/><W135/><G14/><T119/><D119/><U57/><E57/><V128/><F128/><W52/><G135/><T31/><D45/><U36/><E36/><V10/><F49/><W83/><G48/><N who="0" m="31175" /><D31/><U34/><E34/><V1/><F1/><W72/><G12/><T60/><D60/><U25/><E25/><V113/><F113/><W62/><G62/><T58/><D58/><U32/><E32/><V70/><F70/><W110/><G110/><T90/><AGARI ba="0,1" hai="84,90,93,101,103" m="31175,9487,27023" machi="90" ten="30,6000,0" yaku="25,1,8,1,54,1" doraHai="114,28" who="0" fromWho="0" sc="250,70,240,-20,250,-20,250,-20" /><INIT seed="0,1,0,2,0,69" ten="320,220,230,230" oya="0" hai0="64,14,125,134,59,44,86,76,83,11,75,38,114" hai1="79,111,2,108,5,10,57,135,87,81,27,53,71" hai2="3,92,130,128,93,107,56,120,36,0,112,49,34" hai3="39,123,89,16,124,84,47,46,30,70,67,32,101"/><T4/><D114/><U97/><E71/><V20/><F34/><W119/><G119/><T88/><D125/><U35/><E135/><V105/><F20/><W94/><G124/><T13/><D134/><U98/><E35/><V7/><F7/><W52/><G123/><T66/><D59/><U45/><E27/><V72/><F56/><W129/><G129/><N who="2" m="49769" /><F49/><W41/><G101/><T6/><D6/><U78/><E78/><V24/><F24/><W29/><G32/><T116/><D14/><U23/><E23/><V26/><F26/><W133/><G133/><T21/><D21/><U51/><REACH who="1" step="1"/><E57/><REACH who="1" ten="320,210,230,230" step="2"/><V100/><F120/><W40/><G70/><T42/><REACH who="0" step="1"/><D116/><REACH who="0" ten="310,210,230,230" step="2"/><U54/><E54/><V91/><F112/><W96/><G52/><T131/><D131/><U127/><E127/><V126/><F126/><W90/><G29/><T33/><D33/><U31/><E31/><V9/><F9/><W60/><G30/><T58/><D58/><U121/><E121/><V17/><F17/><W109/><G16/><T28/><D28/><U106/><E106/><V115/><F115/><W77/><G60/><T103/><D103/><U61/><E61/><V37/><F100/><W50/><G67/><T68/><D68/><U12/><E12/><V110/><F107/><W65/><G65/><T25/><D25/><U113/><E113/><V48/><F105/><W55/><G55/><T73/><D73/><U95/><E95/><AGARI ba="1,2" hai="4,11,13,38,42,44,64,66,75,76,83,86,88,95" machi="95" ten="30,12000,1" yaku="1,1,7,1,52,1,54,1,53,1" doraHai="69" doraHaiUra="43" who="0" fromWho="1" sc="310,143,210,-123,230,0,230,0" /><INIT seed="0,2,0,0,4,83" ten="453,87,230,230" oya="0" hai0="14,74,82,30,102,97,105,15,84,95,119,111,49" hai1="48,85,64,107,12,7,125,59,75,3,43,25,10" hai2="91,34,6,58,89,128,108,115,16,114,2,53,87" hai3="44,39,18,35,80,130,68,81,116,26,21,0,23"/><T73/><D119/><U54/><E75/><N who="0" m="28681" /><D30/><U52/><E107/><V11/><F108/><W100/><G116/><T71/><D71/><U124/><E64/><V20/><F34/><W112/><G112/><T106/><D15/><U56/><E43/><V62/><F91/><W61/><G0/><T88/><D14/><U90/><E25/><V31/><F31/><W109/><G35/><T36/><D49/><U98/><E98/><V8/><F8/><W135/><G130/><T76/><D36/><U1/><E125/><V79/><F79/><W38/><G135/><T127/><D111/><U121/><E121/><V60/><F60/><W29/><G100/><T65/><D65/><U113/><E124/><V72/><F72/><W40/><G38/><T5/><D5/><U133/><E113/><V41/><F41/><W92/><G109/><T93/><D127/><U66/><E66/><V129/><F129/><W123/><G123/><T4/><D4/><U117/><E133/><V45/><F45/><W33/><G33/><T63/><D63/><U69/><E69/><V118/><F128/><W131/><G131/><T17/><D17/><U37/><E37/><V99/><F99/><AGARI ba="2,0" hai="76,82,84,88,93,95,97,99,102,105,106" m="28681" machi="99" ten="30,18000,2" yaku="35,5,52,1,54,1" doraHai="83" who="0" fromWho="2" sc="453,186,87,0,230,-186,230,0" /><INIT seed="0,3,0,5,4,110" ten="639,87,44,230" oya="0" hai0="63,26,22,24,113,13,70,127,58,94,33,78,11" hai1="108,98,81,129,54,52,55,86,51,119,117,14,118" hai2="18,91,0,3,60,44,124,69,48,29,15,28,97" hai3="36,79,103,62,45,80,61,100,43,111,134,101,99"/><T76/><D70/><U135/><E108/><V16/><F124/><W121/><G111/><T95/><D113/><U116/><E135/><V30/><F69/><W23/><G134/><T7/><D127/><U21/><E129/><V125/><F125/><W92/><G121/><T102/><D33/><U57/><N who="1" m="29696" /><DORA hai="123" /><U32/><E32/><V82/><F60/><W83/><G83/><T126/><D126/><U89/><REACH who="1" step="1"/><E98/><REACH who="1" ten="639,77,44,230" step="2"/><V106/><F106/><W84/><G99/><N who="0" m="59767" /><D95/><U17/><AGARI ba="3,1" hai="14,17,21,51,52,54,55,57,81,86,89" m="29696" machi="17" ten="60,7900,0" yaku="1,1,0,1,54,1,53,0" doraHai="110,123" doraHaiUra="66,74" who="1" fromWho="1" sc="639,-42,77,98,44,-23,230,-23" /><INIT seed="1,0,0,2,4,8" ten="597,175,21,207" oya="1" hai0="25,26,88,102,129,63,10,87,96,90,83,31,52" hai1="127,60,111,95,79,82,45,89,13,75,54,46,109" hai2="35,53,36,131,17,92,2,71,118,114,107,132,81" hai3="85,27,29,59,19,18,51,65,9,64,22,98,50"/><U11/><E127/><V37/><RYUUKYOKU type="yao9" ba="0,0" sc="597,0,175,0,21,0,207,0" hai2="2,17,35,36,37,53,71,81,92,107,114,118,131,132" /><INIT seed="1,1,0,0,1,65" ten="597,175,21,207" oya="1" hai0="31,117,86,70,52,109,102,53,62,77,48,131,124" hai1="75,87,88,119,43,50,64,38,8,80,76,41,12" hai2="46,73,103,36,58,7,49,78,94,129,115,42,57" hai3="133,84,126,54,127,45,79,132,63,30,108,17,3"/><U97/><E38/><V116/><F116/><W11/><G108/><T21/><D117/><U22/><E119/><V134/><F134/><N who="3" m="51819" /><G30/><T5/><D109/><U72/><E72/><V95/><F129/><W33/><G33/><T101/><D131/><U90/><E64/><V20/><F115/><W120/><G120/><T59/><D124/><U83/><E22/><V60/><F7/><N who="3" m="1535" /><G17/><T118/><D118/><U104/><E50/><V16/><F36/><W74/><G74/><T100/><D5/><U19/><REACH who="1" step="1"/><E90/><REACH who="1" ten="597,165,21,207" step="2"/><V112/><F112/><W85/><G63/><T66/><D48/><U91/><E91/><V82/><F103/><AGARI ba="1,1" hai="8,12,19,41,43,75,76,80,83,87,88,97,103,104" machi="103" ten="40,3900,0" yaku="1,1,54,1,53,0" doraHai="65" doraHaiUra="71" who="1" fromWho="2" sc="597,0,165,52,21,-42,207,0" owari="597,69.7,217,1.7,-21,-52.1,207,-19.3" /></mjloggm>