<mjloggm ver="2.3"><GO type="225" lobby="0"/><UN n0="%33%74%72%65%65" n1="%E6%80%AA%E3%81%97%E3%81%99%E3%81%8E%E3%82%8B%E3%83%81%E3%83%BC" n2="%6D%75%75%6D%75%72%61" n3="%E3%81%A0%E3%81%8A" dan="16,16,16,16" rate="2098.39,2100.78,2162.59,2022.96" sx="F,M,F,M"/><TAIKYOKU oya="0"/><INIT seed="0,0,0,4,0,81" ten="250,250,250,250" oya="0" hai0="33,25,71,99,95,91,78,98,42,17,21,117,127" hai1="5,40,13,7,105,77,20,132,12,46,83,1,121" hai2="114,92,120,10,125,37,31,122,52,134,22,39,11" hai3="28,15,3,51,110,130,67,101,6,2,128,89,47"/><T41/><D117/><U129/><E121/><V104/><F104/><W106/><G67/><T9/><D127/><U8/><E105/><V64/><F114/><W107/><G28/><T88/><D71/><U50/><E132/><V126/><F64/><W102/><G110/><T70/><D70/><U112/><E129/><N who="3" m="49770" /><G89/><T108/><D108/><U56/><E112/><V26/><F134/><W87/><G87/><N who="0" m="52639" /><D33/><U93/><E93/><V96/><F120/><W86/><G86/><T0/><D0/><N who="3" m="41" /><G15/><N who="0" m="7407" /><D78/><U30/><E1/><V80/><F122/><W53/><G6/><T100/><D100/><AGARI ba="0,0" hai="47,51,53,100,101,102,106,107" m="41,49770" machi="100" ten="30,1000,0" yaku="19,1" doraHai="81" who="3" fromWho="0" sc="250,-10,250,0,250,0,250,10" /><INIT seed="1,0,0,5,3,87" ten="240,250,250,260" oya="1" hai0="13,89,93,84,47,14,0,10,57,115,108,94,29" hai1="51,50,18,127,22,53,46,113,77,65,97,30,62" hai2="79,86,5,26,126,102,95,9,98,54,91,8,128" hai3="75,74,11,17,28,101,15,129,43,40,78,80,76"/><U25/><E113/><V36/><F128/><W121/><G129/><T71/><D71/><U32/><E127/><V2/><F126/><W72/><G121/><T83/><D115/><U21/><E77/><V44/><F79/><W105/><G28/><T31/><D108/><U88/><E51/><V82/><F8/><W59/><G59/><T24/><D0/><U67/><E62/><V100/><F26/><W123/><G123/><T124/><D124/><U63/><E63/><V52/><REACH who="2" step="1"/><F100/><REACH who="2" ten="240,250,240,260" step="2"/><W119/><G78/><T104/><D24/><N who="1" m="14391" /><E32/><V106/><F106/><W60/><G76/><T55/><D104/><U118/><E118/><V132/><F132/><W110/><G105/><T69/><D10/><U81/><E81/><V38/><F38/><W35/><G80/><T125/><D83/><U68/><E68/><V27/><F27/><W64/><G11/><T112/><D69/><U114/><E114/><V37/><F37/><W41/><G75/><T111/><D112/><U56/><E46/><V120/><F120/><W92/><G74/><T116/><D47/><U39/><E39/><V109/><F109/><W33/><G72/><T107/><D111/><U135/><E135/><V130/><F130/><W122/><G110/><T48/><D125/><U16/><E30/><N who="0" m="11273" /><D116/><U70/><E70/><V23/><F23/><W34/><G119/><T49/><D107/><U73/><E73/><V7/><F7/><W61/><G33/><T99/><D94/><AGARI ba="0,1" hai="16,22,25,50,53,56,65,67,88,94,97" m="14391" machi="94" ten="30,11600,0" yaku="8,1,52,1,54,2" doraHai="87" who="1" fromWho="0" sc="240,-116,250,126,240,0,260,0" /><INIT seed="1,1,0,4,5,65" ten="124,376,240,260" oya="1" hai0="11,67,110,134,124,0,38,39,71,17,54,32,121" hai1="41,125,61,74,132,46,79,19,31,87,103,58,86" hai2="37,66,114,4,2,122,126,6,78,33,112,43,45" hai3="24,131,104,68,18,15,80,8,106,29,10,118,53"/><U14/><E125/><V115/><F122/><W107/><G131/><T34/><D54/><U83/><E132/><V94/><F126/><W7/><G118/><T51/><D51/><U88/><E103/><V62/><F33/><N who="0" m="12906" /><D17/><U49/><E31/><V89/><F78/><W9/><G80/><T63/><D124/><U95/><E58/><N who="2" m="37207" /><F2/><W92/><G92/><T59/><D59/><U20/><REACH who="1" step="1"/><E61/><REACH who="1" ten="124,366,240,260" step="2"/><V98/><AGARI ba="1,1" hai="4,6,37,43,45,89,94,98,112,114,115" m="37207" machi="98" ten="30,1100,0" yaku="11,1" doraHai="65" who="2" fromWho="2" sc="124,-4,366,-6,240,24,260,-4" /><INIT seed="2,0,0,2,0,51" ten="120,360,264,256" oya="2" hai0="119,3,2,97,20,19,75,129,88,72,62,32,44" hai1="126,111,125,68,15,71,31,90,104,12,22,112,105" hai2="108,29,86,87,28,45,127,42,83,5,17,93,41" hai3="46,98,18,99,124,49,21,8,133,114,43,113,118"/><V100/><F127/><N who="1" m="48649" /><E112/><N who="3" m="43114" /><G124/><T91/><D129/><U78/><E111/><V65/><F108/><W37/><G118/><T53/><D119/><U13/><E78/><V79/><F65/><W95/><G133/><T64/><D32/><U67/><E90/><V25/><F5/><W82/><G82/><T24/><D91/><U122/><E122/><V23/><F41/><W58/><G8/><T50/><D72/><U123/><E123/><V85/><F100/><W115/><G115/><T73/><D73/><U116/><E116/><V26/><F93/><W89/><G58/><T52/><D75/><U70/><E67/><V54/><F54/><W57/><G57/><N who="0" m="35119" /><D64/><U0/><E0/><V60/><F60/><W1/><G1/><T61/><D61/><U109/><E109/><V40/><F40/><W101/><G101/><T39/><D39/><U110/><E110/><V4/><F4/><W38/><G99/><T92/><AGARI ba="0,0" hai="2,3,19,20,24,44,50,52,88,92,97" m="35119" machi="92" ten="30,8000,1" yaku="25,1,52,2,54,2" doraHai="51" who="0" fromWho="0" sc="120,80,360,-20,264,-40,256,-20" /><INIT seed="3,0,0,0,0,44" ten="200,340,224,236" oya="3" hai0="79,18,62,24,53,25,77,32,51,89,90,133,63" hai1="54,124,111,120,81,78,11,57,46,86,47,72,128" hai2="122,87,14,109,58,15,66,22,19,123,29,85,2" hai3="65,55,0,113,76,130,100,135,103,61,48,50,83"/><W45/><G130/><T116/><D116/><U110/><E120/><N who="2" m="46123" /><F2/><W37/><G37/><T39/><D39/><U91/><E124/><V75/><F75/><W34/><G135/><T112/><D133/><U59/><E59/><V30/><F109/><N who="1" m="41481" /><E11/><V93/><F14/><W27/><G0/><T69/><D112/><U114/><E114/><V16/><F19/><W73/><G113/><T132/><D132/><U74/><E128/><V12/><F12/><W67/><G67/><T41/><D41/><U64/><E64/><V8/><F8/><W118/><G118/><T1/><D1/><U71/><E71/><V3/><F3/><W97/><G97/><T95/><D69/><U94/><E72/><V43/><F43/><W99/><G99/><N who="0" m="57839" /><D32/><U38/><E38/><V98/><F58/><W7/><G34/><T125/><D125/><U126/><E126/><V106/><F106/><W5/><G27/><N who="0" m="10315" /><D18/><U31/><E31/><N who="2" m="11787" /><F66/><W88/><G5/><T40/><D40/><U96/><E96/><V117/><F117/><W134/><G7/><T26/><N who="0" m="10323" /><T35/><DORA hai="49" /><D35/><U104/><E104/><V17/><F17/><W52/><G134/><T4/><D4/><U84/><E74/><V129/><F129/><W36/><G36/><T28/><D28/><U68/><E68/><V105/><F105/><W119/><G119/><T20/><D20/><U23/><E23/><V107/><F107/><W13/><G13/><T21/><D21/><U115/><E115/><V102/><AGARI ba="0,0" hai="15,16,22,85,87,93,98,102" m="11787,46123" machi="102" ten="30,2000,0" yaku="13,1,54,1" doraHai="44,49" who="2" fromWho="2" sc="200,-5,340,-5,224,20,236,-10" owari="195,-30.5,335,43.5,244,4.4,226,-17.4" /></mjloggm>