<mjloggm ver="2.3"><GO type="225" lobby="0"/><UN n0="%E3%81%99%E3%81%84%E3%81%BE%E3%81%9B%E3%83%BC%E3%82%93" n1="%70%68%65%6E%6F%6D%65" n2="%E3%81%A8%E3%82%93%E3%81%A8%E3%81%93%E3%81%A8%E3%82%93" n3="%E6%B4%BE%E9%81%A3%E3%81%AE%E3%82%B8%E3%83%A3%E3%83%83%E3%82%AF" dan="17,16,16,17" rate="2242.17,2108.41,2143.20,2180.02" sx="M,M,M,M"/><TAIKYOKU oya="0"/><INIT seed="0,0,0,3,5,124" ten="250,250,250,250" oya="0" hai0="46,89,2,11,86,59,122,18,64,65,131,49,14" hai1="75,116,92,44,32,54,134,16,15,80,133,118,110" hai2="93,35,3,5,51,19,13,85,20,111,76,57,77" hai3="83,29,126,60,99,22,17,121,41,21,66,73,72"/><T91/><D122/><U119/><E32/><V107/><F107/><W58/><G126/><T90/><D131/><U70/><E70/><V115/><F35/><W106/><G121/><T100/><D2/><U33/><E33/><V68/><F68/><W103/><G41/><T71/><D71/><U98/><E110/><V112/><F111/><W114/><G114/><T50/><D100/><U7/><E7/><V132/><F132/><N who="1" m="50793" /><E80/><V128/><F5/><W97/><G83/><T37/><D37/><U88/><E75/><V62/><F3/><W95/><G22/><T130/><D130/><U28/><E28/><V61/><F128/><W31/><G31/><T74/><D74/><U53/><E44/><V101/><F112/><W34/><G34/><T39/><D39/><U27/><E27/><V38/><F38/><W129/><G129/><T63/><D65/><U120/><E120/><V127/><F127/><W108/><G108/><T36/><D36/><U96/><E96/><N who="2" m="59535" /><F115/><W123/><G123/><T6/><D6/><U30/><E30/><V10/><F76/><W94/><G29/><T135/><D135/><U47/><E47/><V26/><F77/><W43/><G43/><N who="0" m="24799" /><D50/><U104/><E104/><V82/><F51/><W67/><G106/><T125/><D125/><U87/><E98/><V9/><F57/><W84/><G67/><T81/><AGARI ba="0,0" hai="11,14,18,59,63,64,81,86,89,90,91" m="24799" machi="81" ten="30,1500,0" yaku="8,1" doraHai="124" who="0" fromWho="0" sc="250,15,250,-5,250,-5,250,-5" /><INIT seed="0,1,0,2,0,74" ten="265,245,245,245" oya="0" hai0="4,15,112,120,135,37,107,99,22,36,29,128,16" hai1="105,40,62,103,17,100,82,6,58,5,68,21,12" hai2="10,88,97,14,35,27,65,32,41,118,69,121,129" hai3="114,109,49,50,67,81,124,55,51,64,93,126,127"/><T98/><D112/><U123/><E123/><V3/><F121/><W77/><G93/><T11/><D120/><U78/><E68/><V66/><F3/><W106/><G106/><T125/><D125/><U31/><E40/><V102/><F129/><W115/><G55/><T116/><D116/><U104/><E105/><V122/><F122/><W70/><G109/><T96/><D128/><U80/><E31/><V60/><F118/><W33/><G33/><T18/><D135/><U9/><E104/><V30/><F41/><W90/><G90/><T89/><D107/><U111/><E111/><V134/><F66/><N who="3" m="25131" /><G70/><T52/><D37/><U91/><E91/><V45/><F45/><W76/><G81/><T39/><D39/><U24/><E6/><V119/><F119/><W7/><G7/><T8/><D36/><U117/><E80/><V48/><F48/><W23/><G23/><T94/><D52/><N who="1" m="34119" /><E117/><V19/><F134/><W84/><G84/><AGARI ba="1,0" hai="5,9,12,17,21,24,78,82,84,100,103" m="34119" machi="84" ten="30,3900,0" yaku="8,1,52,1,54,1" doraHai="74" who="1" fromWho="3" sc="265,0,245,42,245,0,245,-42" /><INIT seed="1,0,0,5,5,89" ten="265,287,245,203" oya="1" hai0="44,120,52,37,11,71,132,65,127,38,60,61,62" hai1="129,109,49,42,25,56,36,32,19,85,35,90,91" hai2="8,114,92,72,47,15,119,17,95,23,121,31,16" hai3="54,1,43,7,48,112,64,33,50,99,84,103,21"/><U66/><E129/><V13/><F119/><W45/><G33/><T2/><D2/><U82/><E109/><V18/><F121/><W81/><G112/><T113/><D11/><U27/><E36/><N who="0" m="13929" /><D113/><U12/><E35/><V58/><F114/><W29/><G64/><N who="0" m="41351" /><D120/><U4/><E4/><N who="2" m="3207" /><F72/><W100/><G1/><T73/><D73/><U20/><E32/><V9/><F47/><W101/><G7/><T40/><D132/><U78/><E42/><V135/><F135/><W102/><G29/><T116/><D116/><U122/><E122/><V55/><F31/><W96/><G21/><T75/><D75/><U106/><E106/><V124/><F124/><W130/><N who="3" m="25600" /><DORA hai="125" /><W133/><G133/><T128/><D127/><U111/><E111/><V68/><F68/><W5/><G5/><T34/><D34/><U46/><E46/><V63/><F18/><W26/><G26/><AGARI ba="0,0" hai="9,15,16,17,23,26,55,58,63,92,95" m="3207" machi="26" ten="30,7700,0" yaku="8,1,52,2,54,1" doraHai="89,125" who="2" fromWho="3" sc="265,0,287,0,245,77,203,-77" /><INIT seed="2,0,0,3,2,71" ten="265,287,322,126" oya="2" hai0="16,14,86,73,50,63,7,46,56,133,116,128,9" hai1="90,31,66,33,12,41,78,2,27,3,92,102,44" hai2="18,75,125,45,70,54,39,113,47,130,114,28,67" hai3="21,77,35,93,19,25,76,131,119,79,34,134,94"/><V22/><F75/><W20/><G119/><T105/><D73/><U36/><E102/><V42/><F125/><W61/><G134/><T87/><D105/><U64/><E78/><V74/><F74/><W38/><G131/><T120/><D120/><U17/><E3/><V129/><F28/><W49/><G49/><T26/><D133/><U24/><E2/><V82/><F82/><W117/><G117/><T99/><D128/><N who="2" m="49258" /><F18/><W111/><G111/><T6/><D99/><U100/><E100/><V96/><F22/><W91/><G61/><T58/><D116/><U126/><E27/><V30/><F30/><W98/><G93/><T51/><D51/><U60/><E60/><N who="2" m="40295" /><F96/><W10/><G10/><T107/><D107/><U13/><E126/><V69/><F69/><W109/><G109/><T108/><D108/><U85/><REACH who="1" step="1"/><E12/><REACH who="1" ten="265,277,322,126" step="2"/><V95/><F95/><W88/><G91/><T11/><D26/><U135/><E135/><V57/><F47/><W68/><G68/><T89/><D46/><U104/><E104/><V81/><F81/><W121/><G121/><T0/><D0/><U132/><E132/><V115/><F115/><W122/><G122/><T43/><D14/><U59/><E59/><V80/><F80/><W53/><G34/><T110/><D110/><U112/><E112/><V83/><F83/><W118/><G35/><T32/><D32/><U97/><E97/><V84/><F84/><W52/><G118/><T106/><D106/><U40/><E40/><V65/><F65/><W4/><G25/><T23/><D43/><U55/><E55/><V5/><F114/><RYUUKYOKU ba="0,1" sc="265,-10,277,30,322,-10,126,-10" hai1="13,17,24,31,33,36,41,44,64,66,85,90,92" /><INIT seed="3,1,1,2,3,85" ten="255,307,312,116" oya="3" hai0="103,120,18,114,71,59,88,122,24,21,44,104,68" hai1="19,113,87,13,94,52,58,73,20,14,17,66,79" hai2="119,124,43,80,8,78,41,55,28,69,38,15,30" hai3="112,11,77,40,63,45,12,123,89,47,33,111,2"/><W54/><G123/><T35/><D114/><U22/><E113/><V98/><F119/><W64/><G112/><T37/><D35/><U26/><E73/><V100/><F69/><W106/><G33/><T16/><D71/><U130/><E130/><V101/><F38/><W128/><G106/><T31/><D68/><U48/><E66/><V39/><F39/><W92/><G2/><T132/><D132/><U5/><E5/><V97/><F55/><W27/><G128/><T102/><D104/><U109/><E109/><V76/><F15/><W10/><G77/><T99/><D37/><U62/><E26/><V83/><F8/><N who="3" m="3115" /><G111/><T53/><D44/><N who="3" m="16969" /><G27/><T75/><D75/><U93/><E62/><V86/><F86/><N who="3" m="52279" /><G12/><T72/><D72/><U0/><E0/><V7/><F7/><W131/><G131/><T118/><D118/><U82/><AGARI ba="1,1" hai="13,14,17,19,20,22,48,52,58,79,82,87,93,94" machi="82" ten="30,7900,0" yaku="0,1,9,1,8,1,54,1" doraHai="85" who="1" fromWho="1" sc="255,-21,307,92,312,-21,116,-40" owari="234,-16.6,399,49.9,291,9.1,76,-42.4" /></mjloggm>