<mjloggm ver="2.3"><GO type="225" lobby="0"/><UN n0="%6D%75%75%6D%75%72%61" n1="%E3%81%B2%E3%81%AA%E3%81%AE%E3%82%8A%E3%81%8F" n2="%72%69%6F%75%63%68%61%6E" n3="%E6%B8%A9%E2%98%85%E6%83%85%E2%98%85%E6%8E%AA%E2%98%85%E7%BD%AE" dan="16,17,17,17" rate="2128.16,2202.34,2153.18,2260.99" sx="F,M,M,M"/><TAIKYOKU oya="0"/><INIT seed="0,0,0,1,5,112" ten="250,250,250,250" oya="0" hai0="83,6,9,40,78,91,24,16,37,125,134,117,96" hai1="90,41,99,50,98,101,103,106,34,3,73,0,82" hai2="107,19,21,23,127,86,81,67,102,26,66,12,115" hai3="7,118,39,69,58,72,53,79,18,63,80,94,42"/><T64/><D125/><U76/><E90/><V8/><F127/><W124/><G124/><T15/><D134/><U51/><E34/><V116/><F115/><W68/><G118/><T128/><D128/><U109/><E109/><V85/><F21/><W14/><G7/><T113/><D113/><U32/><E32/><V46/><F116/><W120/><G120/><T65/><D117/><U20/><E20/><V62/><F46/><W28/><G28/><T88/><D37/><U87/><E87/><V36/><F36/><W27/><G27/><T44/><D24/><U13/><E13/><V33/><F33/><W49/><G39/><T56/><D6/><U38/><E51/><V52/><F107/><W110/><G110/><T129/><D129/><U97/><E97/><V74/><F102/><W25/><G25/><T100/><D44/><N who="1" m="23607" /><E50/><V135/><F135/><W111/><G111/><T84/><D40/><U70/><E70/><V31/><F74/><W10/><REACH who="3" step="1"/><G94/><REACH who="3" ten="250,250,250,240" step="2"/><N who="0" m="58391" /><D65/><U121/><E121/><V29/><F31/><W17/><G17/><T1/><D1/><U61/><E3/><V108/><F108/><W47/><AGARI ba="0,1" hai="10,14,18,42,47,49,53,58,63,68,69,72,79,80" machi="47" ten="30,2000,0" yaku="1,1,0,1,53,0" doraHai="112" doraHaiUra="126" who="3" fromWho="3" sc="250,-10,250,-5,250,-5,240,30" /><INIT seed="1,0,0,5,1,77" ten="240,245,245,270" oya="1" hai0="32,101,9,83,29,11,40,122,121,111,72,119,7" hai1="28,86,3,49,133,74,78,87,73,26,42,96,19" hai2="109,1,24,39,90,118,41,13,0,14,34,2,47" hai3="120,76,38,21,68,113,51,108,104,35,102,52,30"/><U98/><E3/><V63/><F109/><W82/><G38/><T95/><D119/><U129/><E129/><V135/><F135/><W92/><G68/><T59/><D111/><U134/><E19/><V16/><F118/><W53/><G35/><T89/><D40/><U4/><E4/><V27/><F63/><W5/><G104/><T60/><D32/><U64/><E64/><V31/><REACH who="2" step="1"/><F90/><REACH who="2" ten="240,245,235,270" step="2"/><W106/><G108/><T116/><D116/><U93/><E134/><V23/><AGARI ba="0,1" hai="0,1,2,13,14,16,23,24,27,31,34,39,41,47" machi="23" ten="40,8000,1" yaku="1,1,2,1,0,1,54,1,53,0" doraHai="77" doraHaiUra="117" who="2" fromWho="2" sc="240,-20,245,-40,235,90,270,-20" /><INIT seed="2,0,0,1,5,8" ten="220,205,325,250" oya="2" hai0="135,5,36,27,134,38,132,41,34,57,68,104,53" hai1="24,25,15,87,18,44,49,12,115,80,94,127,109" hai2="101,61,0,88,122,10,110,86,17,50,106,102,108" hai3="130,77,96,28,4,29,100,126,30,33,90,99,78"/><V59/><F122/><W74/><G33/><T16/><D104/><U124/><E115/><V58/><F50/><W26/><G74/><T20/><D68/><U22/><E109/><N who="2" m="42091" /><F106/><W133/><G133/><T72/><D72/><U82/><E94/><N who="2" m="54551" /><F58/><W114/><G114/><T118/><D118/><U105/><E105/><V52/><F17/><W129/><G126/><N who="1" m="48170" /><E25/><V123/><F123/><W62/><G26/><T39/><D41/><N who="1" m="24719" /><E80/><V119/><F119/><W42/><G42/><T116/><D116/><U11/><E11/><V85/><F85/><W71/><G130/><T3/><D38/><U111/><E111/><V63/><F61/><W37/><G62/><N who="0" m="36143" /><D36/><U73/><E73/><V93/><F93/><N who="3" m="58479" /><G37/><T125/><D125/><U43/><E43/><V91/><F91/><AGARI ba="0,0" hai="12,15,18,22,24,82,87,91" m="24719,48170" machi="91" ten="30,3900,0" yaku="18,1,52,2" doraHai="8" who="1" fromWho="2" sc="220,0,205,39,325,-39,250,0" /><INIT seed="3,0,0,5,1,41" ten="220,244,286,250" oya="3" hai0="73,110,13,111,102,91,33,48,116,99,51,93,19" hai1="3,31,94,106,46,86,2,58,8,59,32,10,0" hai2="5,70,14,69,84,1,118,135,74,65,75,55,134" hai3="79,35,7,39,27,60,34,114,120,54,80,83,71"/><W43/><G114/><T78/><D116/><U61/><E106/><V126/><F118/><W17/><G120/><T24/><D73/><U11/><E32/><V28/><F1/><W47/><G7/><T6/><D78/><U96/><E31/><V29/><F65/><W52/><G83/><T97/><D6/><U127/><E127/><V100/><F100/><W36/><G36/><T22/><D33/><U108/><E108/><N who="0" m="41513" /><D13/><U50/><E86/><V122/><F126/><W104/><G104/><AGARI ba="0,0" hai="19,22,24,48,51,91,93,97,99,102,104" m="41513" machi="104" ten="30,1000,0" yaku="14,1" doraHai="41" who="0" fromWho="3" sc="220,10,244,0,286,0,250,-10" /><INIT seed="4,0,0,5,2,50" ten="230,244,286,240" oya="0" hai0="42,122,86,15,74,75,20,4,104,93,67,32,72" hai1="62,6,131,113,77,36,80,119,29,43,52,124,16" hai2="41,49,19,11,127,85,69,13,96,47,18,17,37" hai3="132,9,27,70,83,65,1,78,100,126,71,125,34"/><T38/><D104/><U123/><E119/><V3/><F127/><N who="3" m="48651" /><G100/><T90/><D122/><U22/><E123/><V102/><F69/><N who="3" m="26123" /><G65/><T68/><D32/><U133/><E29/><V57/><F3/><W7/><G132/><T2/><D2/><U82/><E133/><V48/><F85/><N who="3" m="48375" /><G27/><T87/><D87/><U54/><E124/><V89/><F89/><W108/><G34/><T45/><D68/><U107/><E107/><V112/><F112/><W111/><AGARI ba="0,0" hai="1,7,9,108,111" m="48375,26123,48651" machi="111" ten="40,1500,0" yaku="18,1" doraHai="50" who="3" fromWho="3" sc="230,-7,244,-4,286,-4,240,15" /><INIT seed="5,0,0,1,5,5" ten="223,240,282,255" oya="1" hai0="128,131,53,94,83,99,55,90,66,1,35,60,129" hai1="122,45,82,132,81,11,59,75,121,15,47,77,123" hai2="56,119,12,24,126,16,6,98,34,67,120,86,102" hai3="87,70,68,21,64,31,13,48,54,62,30,111,19"/><U0/><E0/><V26/><F119/><W2/><G111/><T74/><D35/><U20/><E132/><V105/><F120/><W23/><G2/><T130/><N who="0" m="32768" /><DORA hai="38" /><T27/><D27/><U118/><E118/><V37/><F37/><W18/><G70/><T43/><D1/><U107/><E107/><V61/><F126/><W95/><G95/><T97/><D43/><U112/><E112/><V49/><F34/><W8/><G87/><T51/><D99/><U4/><E20/><V10/><F86/><W115/><G23/><T124/><D124/><U7/><E7/><V80/><F80/><W92/><G92/><T96/><D96/><U134/><E134/><V14/><F49/><W33/><G33/><T113/><D113/><U58/><E82/><V52/><F67/><W106/><G106/><T22/><D22/><AGARI ba="0,0" hai="6,10,12,14,16,22,24,26,52,56,61,98,102,105" machi="22" ten="30,7700,0" yaku="7,1,52,1,54,2" doraHai="5,38" who="2" fromWho="0" sc="223,-77,240,0,282,77,255,0" owari="146,-35.4,240,-16.0,359,45.9,255,5.5" /></mjloggm>