<mjloggm ver="2.3"><GO type="225" lobby="0"/><UN n0="%E5%84%AA%40%41%42%43" n1="%E3%81%86%E3%82%8C%E3%81%9F%E3%82%93%E6%9E%95" n2="%73%7A%2E%64%31" n3="%E7%AD%89%E3%80%85%E5%8A%9B%E5%8A%87%E5%A0%B4" dan="18,16,16,16" rate="2215.06,2076.20,2107.44,2158.52" sx="M,F,M,M"/><TAIKYOKU oya="0"/><INIT seed="0,0,0,1,0,44" ten="250,250,250,250" oya="0" hai0="24,111,92,97,40,33,80,120,34,81,35,128,26" hai1="74,31,62,85,82,50,57,88,0,110,64,49,53" hai2="70,47,63,77,122,115,45,79,58,96,60,75,55" hai3="1,46,37,54,119,41,114,4,12,10,13,116,76"/><T29/><D120/><U90/><E110/><V2/><F2/><W39/><G114/><T30/><D128/><U100/><E0/><V94/><F115/><W127/><G127/><T93/><D111/><U16/><E74/><V101/><F122/><W23/><G39/><T25/><D40/><U78/><E100/><V133/><F133/><W117/><G76/><T51/><D51/><N who="1" m="19467" /><E31/><N who="0" m="11785" /><D97/><U103/><E103/><V9/><F9/><W72/><G72/><T86/><D86/><U105/><E105/><V68/><F68/><W106/><G106/><T21/><D21/><U52/><E16/><V73/><F73/><W15/><G23/><T67/><D67/><U125/><E125/><V18/><F18/><W135/><G135/><T71/><D71/><U123/><E123/><V66/><F75/><W22/><G22/><T129/><D129/><U84/><E78/><V130/><F130/><W89/><G1/><T99/><D99/><U48/><N who="1" m="19475" /><U6/><DORA hai="109" /><E6/><V28/><F28/><W14/><G4/><T118/><D118/><U102/><E102/><V56/><F70/><W112/><G112/><T36/><D36/><U87/><E87/><V8/><F77/><W107/><G37/><T121/><D121/><U131/><E131/><V134/><F79/><W19/><G119/><T104/><D104/><U5/><E5/><V7/><F134/><W27/><G107/><T42/><D42/><U91/><E91/><V65/><F7/><N who="3" m="3167" /><G117/><T32/><N who="0" m="8192" /><DORA hai="132" /><T3/><D3/><U11/><E11/><V43/><F8/><N who="3" m="6567" /><G116/><T61/><D61/><N who="2" m="23626" /><F43/><W124/><G41/><RYUUKYOKU ba="0,0" sc="250,15,250,15,250,-15,250,-15" hai0="24,25,26,80,81,92,93" hai1="52,53,57,62,64,82,84,85,88,90" /><INIT seed="0,1,0,4,5,52" ten="265,265,235,235" oya="0" hai0="15,120,108,70,125,91,13,25,57,2,61,121,95" hai1="55,110,38,26,119,130,129,3,124,42,19,7,76" hai2="58,109,96,116,86,28,82,97,127,66,14,54,16" hai3="78,80,93,10,69,32,99,67,131,62,92,18,23"/><T68/><D2/><U79/><E119/><V75/><F116/><W36/><G131/><N who="1" m="50186" /><E110/><V90/><F109/><W9/><G32/><T53/><D108/><U48/><E124/><V134/><F75/><W51/><G36/><T12/><D125/><U6/><E42/><V45/><F134/><W63/><G51/><T20/><D70/><U81/><E38/><V105/><F28/><W11/><G63/><T5/><D68/><U85/><E79/><V133/><F105/><W29/><G29/><T101/><D101/><U24/><E19/><V27/><F27/><N who="1" m="10281" /><E3/><V111/><F133/><W100/><G18/><N who="0" m="12439" /><D121/><U30/><E30/><V102/><F102/><W47/><G100/><T59/><D59/><AGARI ba="1,0" hai="6,7,48,55,59,76,81,85" m="10281,50186" machi="59" ten="30,2000,0" yaku="19,1,52,1" doraHai="52" who="1" fromWho="0" sc="265,-23,265,23,235,0,235,0" /><INIT seed="1,0,0,2,0,61" ten="242,288,235,235" oya="1" hai0="42,18,90,91,87,11,88,24,46,25,134,39,32" hai1="114,67,69,13,3,72,105,73,9,101,48,130,120" hai2="21,108,54,112,83,106,122,95,47,76,20,52,132" hai3="38,28,78,19,111,126,107,5,84,131,58,63,30"/><U86/><E114/><V36/><F112/><W26/><G107/><T103/><D134/><U1/><E120/><V118/><F118/><W51/><G38/><T66/><D103/><U60/><E130/><V41/><F106/><W125/><G5/><T57/><D32/><U70/><E70/><V94/><F122/><W97/><G97/><T4/><D87/><U29/><E29/><V110/><F132/><W127/><G111/><N who="2" m="42537" /><F20/><N who="3" m="13599" /><G51/><T65/><D57/><U14/><E14/><V117/><F21/><W33/><G33/><T31/><D18/><U100/><E86/><N who="2" m="48487" /><F117/><W129/><G78/><T92/><D92/><AGARI ba="0,0" hai="36,41,47,52,54,92,94,95" m="48487,42537" machi="92" ten="30,2000,0" yaku="14,1,54,1" doraHai="61" who="2" fromWho="0" sc="242,-20,288,0,235,20,235,0" /><INIT seed="2,0,0,2,4,31" ten="222,288,255,235" oya="2" hai0="32,100,65,118,105,49,129,53,48,25,119,66,19" hai1="28,71,68,73,121,102,3,75,58,134,12,132,111" hai2="69,11,54,135,87,8,43,39,67,1,13,0,10" hai3="81,62,38,20,16,44,79,64,63,72,103,110,15"/><V46/><F135/><N who="1" m="51753" /><E3/><V80/><F13/><W98/><G110/><T76/><D76/><U92/><E111/><V4/><F54/><W122/><G122/><T96/><D19/><U133/><E133/><V114/><F114/><W47/><G38/><T26/><D26/><U33/><E12/><V24/><F24/><W40/><G40/><T21/><D129/><U88/><E102/><V120/><F120/><W5/><G5/><T94/><D105/><U115/><E115/><V30/><F30/><W22/><G22/><T41/><D41/><U90/><E90/><V55/><F55/><W45/><REACH who="3" step="1"/><G64/><REACH who="3" ten="222,288,255,225" step="2"/><T14/><D66/><U124/><E121/><V35/><F67/><W86/><G86/><T34/><D65/><U52/><E75/><V117/><F4/><W93/><AGARI ba="0,1" hai="15,16,20,44,45,47,62,63,72,79,81,93,98,103" machi="93" ten="30,7900,0" yaku="1,1,0,1,54,1,53,1" doraHai="31" doraHaiUra="91" who="3" fromWho="3" sc="222,-20,288,-20,255,-39,225,89" /><INIT seed="3,0,0,5,5,104" ten="202,268,216,314" oya="3" hai0="99,132,83,42,50,73,84,24,67,28,71,5,119" hai1="102,17,35,87,85,89,15,125,44,126,26,107,131" hai2="45,91,13,4,70,36,101,110,31,9,48,135,27" hai3="25,79,130,105,23,68,49,120,62,47,60,22,86"/><W52/><G120/><T108/><D119/><U51/><E131/><V113/><F110/><W65/><G105/><T92/><D108/><U95/><E107/><V74/><F135/><W116/><G116/><T30/><D132/><U66/><E66/><V58/><F101/><W16/><G130/><T127/><D127/><N who="1" m="48651" /><E102/><V82/><F70/><W8/><G62/><T133/><D133/><U20/><E35/><V123/><F113/><W100/><G100/><T75/><D5/><U39/><E39/><V38/><F58/><W1/><G23/><T88/><D30/><U19/><E87/><V32/><F123/><W93/><G1/><T21/><D67/><U81/><E81/><V121/><F121/><W78/><REACH who="3" step="1"/><G8/><REACH who="3" ten="202,268,216,304" step="2"/><T114/><D114/><U11/><E11/><V41/><F9/><W76/><G76/><T124/><D124/><U33/><E33/><V37/><F32/><W0/><G0/><T46/><D71/><U109/><E20/><V128/><F128/><W57/><G57/><T29/><D28/><U98/><E89/><AGARI ba="0,1" hai="16,22,25,47,49,52,60,65,68,78,79,86,89,93" machi="89" ten="40,7700,0" yaku="1,1,54,2,53,0" doraHai="104" doraHaiUra="10" who="3" fromWho="1" sc="202,0,268,-77,216,0,304,87" /><AGARI ba="0,0" hai="21,24,29,42,46,50,73,75,83,84,88,89,92,99" machi="89" ten="30,7700,0" yaku="7,1,52,2,54,1" doraHai="104" who="0" fromWho="1" sc="202,77,191,-77,216,0,391,0" owari="279,7.9,114,-38.6,216,-18.4,391,49.1" /></mjloggm>