<mjloggm ver="2.3"><GO type="225" lobby="0"/><UN n0="%E3%81%BF%E3%81%BF%E3%81%9A" n1="%33%74%72%65%65" n2="%E3%80%93%E3%81%97%E3%83%BC%E3%82%89%E3%80%93" n3="%E6%A1%9C%E8%8A%B1%E9%96%83%E3%80%85" dan="18,16,17,16" rate="2262.06,2112.53,2174.52,2172.22" sx="M,F,M,M"/><TAIKYOKU oya="0"/><INIT seed="0,0,0,2,5,63" ten="250,250,250,250" oya="0" hai0="114,130,92,26,3,95,23,43,31,60,17,40,15" hai1="8,71,84,120,37,81,2,73,74,97,76,117,51" hai2="13,33,79,115,96,57,65,24,64,36,22,70,121" hai3="91,103,133,101,119,128,83,25,68,44,89,46,29"/><T93/><D114/><U47/><E117/><V35/><F115/><W116/><G128/><T113/><D113/><U131/><E131/><V42/><F70/><W34/><G133/><T39/><D130/><U1/><E120/><V45/><F121/><W127/><G127/><T20/><D3/><U126/><E126/><V129/><F129/><W59/><G68/><T12/><D39/><U75/><E37/><V0/><F0/><W123/><G123/><T106/><D106/><U5/><E71/><V41/><F41/><W11/><G11/><T86/><D60/><U100/><E1/><V110/><F57/><W16/><G59/><T94/><D12/><U4/><E4/><V72/><F13/><W55/><G16/><T10/><D20/><U50/><REACH who="1" step="1"/><E47/><REACH who="1" ten="250,240,250,250" step="2"/><V122/><F122/><W48/><G46/><T38/><D38/><U77/><E77/><V62/><F45/><W6/><G6/><T67/><D67/><U108/><E108/><V104/><F65/><W105/><G116/><T118/><D118/><U56/><E56/><V54/><F64/><W66/><G66/><T87/><N who="0" m="23552" /><DORA hai="99" /><T98/><D98/><U32/><E32/><V78/><F35/><W80/><G119/><T30/><D30/><U125/><E125/><V134/><F33/><W14/><G29/><T102/><D102/><U124/><E124/><V61/><F96/><W7/><G103/><T90/><D90/><N who="3" m="34313" /><G101/><T27/><D27/><U107/><AGARI ba="0,1" hai="2,5,8,50,51,73,74,75,76,81,84,97,100,107" machi="107" ten="30,4000,0" yaku="1,1,0,1,52,1,53,0" doraHai="63,99" doraHaiUra="9,109" who="1" fromWho="1" sc="250,-20,240,50,250,-10,250,-10" /><INIT seed="1,0,0,1,0,7" ten="230,290,240,240" oya="1" hai0="76,78,42,40,43,52,28,5,89,39,68,134,95" hai1="14,126,17,12,116,113,66,119,105,85,63,102,8" hai2="111,114,67,130,82,59,92,131,0,87,75,117,6" hai3="99,86,65,37,46,106,81,128,127,16,11,4,93"/><U34/><E113/><V41/><F114/><W84/><G127/><T26/><D134/><U88/><E126/><V54/><F117/><W61/><G106/><T50/><D68/><U122/><E122/><V123/><F123/><W35/><G35/><T79/><D39/><U33/><E33/><V48/><F111/><W71/><G128/><N who="2" m="49193" /><F75/><W15/><G81/><T74/><D74/><U36/><E34/><V27/><F92/><W49/><G4/><T24/><D5/><U20/><E36/><V31/><F41/><W104/><G104/><T97/><REACH who="0" step="1"/><D28/><REACH who="0" ten="220,290,240,240" step="2"/><U100/><E119/><V13/><F6/><W57/><G71/><T30/><D30/><U96/><E116/><V98/><F31/><W94/><G37/><T3/><D3/><U60/><E66/><V129/><F67/><W18/><G18/><T69/><D69/><U107/><E107/><V21/><F0/><W90/><G94/><T77/><N who="0" m="19456" /><DORA hai="70" /><T121/><D121/><U133/><E133/><V83/><F129/><W118/><G118/><T62/><D62/><U53/><E63/><V115/><F82/><W72/><G72/><T22/><D22/><U73/><E20/><V25/><F21/><W120/><G120/><T1/><D1/><U58/><E73/><V45/><F83/><W51/><G51/><T56/><AGARI ba="0,1" hai="24,26,40,42,43,50,52,56,89,95,97" m="19456" machi="56" ten="50,8000,1" yaku="1,1,0,1,8,1,54,1,53,0" doraHai="7,70" doraHaiUra="125,103" who="0" fromWho="0" sc="220,90,290,-40,240,-20,240,-20" /><INIT seed="2,0,0,2,0,28" ten="310,250,220,220" oya="2" hai0="87,52,73,83,133,117,61,68,55,40,29,27,57" hai1="123,18,104,76,101,78,1,120,93,62,19,32,65" hai2="79,45,135,99,92,67,112,66,54,64,60,37,51" hai3="2,80,121,22,125,97,132,35,134,49,126,36,128"/><V85/><F135/><N who="3" m="51755" /><G36/><T119/><D133/><U98/><E1/><V111/><F111/><W106/><G121/><N who="1" m="46666" /><E93/><V91/><F112/><W74/><G2/><T30/><D73/><U116/><E116/><N who="0" m="44617" /><D40/><U3/><E3/><V71/><REACH who="2" step="1"/><F37/><REACH who="2" ten="310,250,210,220" step="2"/><W95/><G126/><T130/><D130/><U129/><E129/><V33/><F33/><W110/><G35/><N who="0" m="20927" /><D68/><N who="1" m="42039" /><E32/><V11/><F11/><W63/><G125/><T103/><D30/><U113/><E113/><V31/><F31/><W17/><G128/><T89/><D103/><U59/><E59/><V77/><F77/><AGARI ba="0,1" hai="18,19,76,77,78,98,101,104" m="42039,46666" machi="77" ten="30,1000,0" yaku="13,1" doraHai="28" who="1" fromWho="2" sc="310,0,250,20,210,-10,220,0" /><INIT seed="3,0,0,2,1,65" ten="310,270,200,220" oya="3" hai0="71,93,18,111,10,46,94,100,53,24,27,42,15" hai1="115,101,33,92,73,119,40,110,48,106,105,79,120" hai2="103,62,116,131,44,99,57,61,14,26,95,122,83" hai3="9,91,127,28,90,123,50,77,70,8,38,16,55"/><W113/><G123/><T11/><D71/><U23/><E33/><V21/><F122/><W126/><G38/><T12/><D111/><U98/><E120/><V31/><F116/><W86/><G113/><T19/><D53/><U34/><E34/><V6/><F131/><W51/><G28/><T5/><D5/><U112/><E110/><V107/><F107/><W78/><G86/><T3/><D3/><U133/><E23/><V43/><F83/><W102/><G55/><T56/><D56/><U109/><E109/><V132/><F132/><W68/><G16/><T81/><D81/><U17/><E17/><V60/><F6/><W84/><G84/><T87/><D100/><AGARI ba="0,0" hai="8,9,50,51,68,70,77,78,90,91,100,102,126,127" machi="100" ten="25,9600,0" yaku="22,2,52,2" doraHai="65" who="3" fromWho="0" sc="310,-96,270,0,200,0,220,96" owari="214,-18.6,270,7.0,200,-30.0,316,41.6" /></mjloggm>