<mjloggm ver="2.3"><GO type="225" lobby="0"/><UN n0="%E3%82%B5%E3%83%AB%E3%82%B7%E3%83%B3" n1="%E4%B8%AD%E5%B9%B4%E3%81%AE%E5%8D%B1%E6%A9%9F" n2="%E7%9C%9F%E4%B8%80" n3="%E6%A1%9C%E8%8A%B1%E9%96%83%E3%80%85" dan="16,17,17,17" rate="2099.29,2161.47,2221.20,2201.91" sx="M,M,M,M"/><TAIKYOKU oya="0"/><INIT seed="0,0,0,1,3,6" ten="250,250,250,250" oya="0" hai0="63,110,51,17,5,55,42,26,66,25,101,0,75" hai1="130,128,28,126,44,114,105,104,53,69,109,9,16" hai2="67,11,21,106,45,39,31,10,58,102,56,88,70" hai3="46,131,40,115,81,93,100,8,72,113,12,85,111"/><T108/><D75/><U79/><E69/><V62/><F106/><W54/><G111/><N who="0" m="42539" /><D42/><U97/><E109/><V122/><F122/><W74/><G131/><N who="1" m="50218" /><E126/><V32/><F32/><W65/><G65/><T47/><D101/><U132/><E28/><V94/><F102/><W121/><G54/><T33/><D33/><U125/><E125/><V48/><F39/><W135/><G135/><T29/><D29/><U87/><E97/><N who="2" m="57543" /><F58/><W83/><G121/><T119/><D119/><U68/><E68/><V103/><F103/><W4/><G74/><T7/><D17/><U73/><E73/><V116/><F70/><W14/><G72/><T23/><D0/><U30/><E30/><V76/><F76/><W19/><G113/><T118/><D118/><U90/><E79/><V2/><F2/><W89/><G100/><T61/><D61/><U22/><E132/><V57/><F57/><W82/><G115/><T129/><D63/><U91/><E91/><V86/><F86/><W134/><G134/><T18/><D129/><U117/><E117/><V96/><F96/><W41/><REACH who="3" step="1"/><G46/><REACH who="3" ten="250,250,250,240" step="2"/><T59/><D47/><U99/><E114/><V13/><F116/><W64/><G64/><T36/><D66/><U77/><E44/><V92/><F92/><W15/><G15/><T3/><D25/><N who="1" m="14535" /><E53/><V71/><F71/><W107/><G107/><T35/><D3/><U127/><E127/><V43/><F13/><W34/><G34/><T95/><D35/><U120/><E120/><V60/><F60/><W112/><G112/><T84/><D26/><AGARI ba="0,1" hai="10,11,21,26,31,43,45,48,56,62,67" m="57543" machi="26" ten="30,7700,0" yaku="8,1,52,2,54,1" doraHai="6" who="2" fromWho="0" sc="250,-77,250,0,250,87,240,0" /><INIT seed="1,0,0,5,1,23" ten="173,250,337,240" oya="1" hai0="40,67,42,102,9,31,64,97,26,72,109,39,82" hai1="51,53,43,41,18,32,58,105,66,11,95,19,122" hai2="94,12,93,5,111,120,80,108,33,69,77,68,74" hai3="29,84,92,62,100,4,131,132,86,3,118,56,61"/><U117/><E105/><V103/><F33/><W20/><G131/><T135/><D109/><N who="2" m="42058" /><F120/><W121/><G121/><T126/><D126/><U46/><E122/><V15/><F103/><W34/><G34/><T7/><D135/><U24/><E117/><V38/><F38/><W87/><G132/><T112/><D112/><U128/><E128/><V88/><F94/><W1/><G118/><T54/><D54/><U55/><E66/><V79/><F79/><W48/><G4/><T78/><D67/><U13/><E95/><V59/><F59/><W17/><G29/><T76/><D76/><U71/><E71/><N who="2" m="27211" /><F5/><W57/><G57/><T106/><D39/><U45/><E45/><V70/><N who="2" m="27219" /><V114/><DORA hai="101" /><F114/><W14/><G100/><T2/><REACH who="0" step="1"/><D64/><REACH who="0" ten="163,250,337,240" step="2"/><U22/><REACH who="1" step="1"/><E32/><AGARI ba="0,1" hai="2,7,9,26,31,32,40,42,72,78,82,97,102,106" machi="32" ten="30,8000,1" yaku="1,1,2,1,7,1,52,2,53,0" doraHai="23,101" doraHaiUra="8,127" who="0" fromWho="1" sc="163,90,250,-80,337,0,240,0" /><INIT seed="2,0,0,4,4,41" ten="253,170,337,240" oya="2" hai0="63,114,20,43,95,45,46,134,102,16,86,57,121" hai1="2,70,4,117,21,37,97,71,72,75,8,60,98" hai2="124,130,110,105,79,12,77,53,112,133,19,93,115" hai3="84,55,88,7,76,5,128,18,99,52,13,122,3"/><V28/><F105/><W107/><G122/><T31/><D121/><U83/><E117/><V85/><F130/><W118/><G118/><T42/><D114/><U51/><E37/><V87/><F133/><W34/><G34/><T40/><D31/><U54/><E21/><V90/><F124/><W35/><G35/><T73/><D73/><U10/><E10/><V44/><F110/><W22/><G128/><T111/><D111/><U89/><E75/><V36/><F28/><W92/><G3/><T78/><D134/><U94/><E97/><V129/><F129/><W96/><G96/><N who="0" m="59679" /><D86/><U17/><E60/><V32/><F32/><W100/><REACH who="3" step="1"/><G76/><REACH who="3" ten="253,170,337,230" step="2"/><T135/><D78/><U120/><E120/><V125/><F79/><W106/><G106/><T64/><D135/><U30/><E72/><V39/><F77/><W58/><G58/><T56/><D57/><U1/><E1/><V101/><F115/><W131/><G131/><T119/><D119/><U65/><E71/><V81/><F112/><W123/><G123/><T59/><D56/><N who="1" m="32863" /><E70/><V116/><F116/><W82/><G82/><T91/><D91/><U126/><E83/><V108/><F90/><W67/><G67/><T69/><D69/><U50/><E65/><V25/><F81/><W47/><G47/><T27/><AGARI ba="0,1" hai="16,20,27,40,42,43,45,46,59,63,64" m="59679" machi="27" ten="30,7900,0" yaku="8,1,52,2,54,1" doraHai="41" who="0" fromWho="0" sc="253,89,170,-20,337,-39,230,-20" /><INIT seed="3,0,0,2,0,66" ten="342,150,298,210" oya="3" hai0="110,116,122,52,56,78,90,33,31,106,10,61,37" hai1="55,43,114,96,91,113,101,65,12,11,134,85,53" hai2="128,42,88,84,80,130,92,99,74,23,121,27,50" hai3="36,49,69,58,98,86,15,47,63,40,0,124,131"/><W115/><G0/><T126/><D122/><U57/><E134/><V30/><F121/><W112/><G86/><T51/><D37/><U89/><E113/><N who="3" m="43594" /><G15/><T3/><D116/><U60/><E114/><V19/><F74/><W102/><G98/><T2/><D106/><U94/><E43/><V35/><F35/><W25/><G25/><T93/><D78/><U9/><E9/><V39/><F39/><W67/><G102/><T82/><D82/><U24/><E24/><V81/><F30/><W4/><G4/><T71/><D33/><U18/><REACH who="1" step="1"/><E89/><REACH who="1" ten="342,140,298,210" step="2"/><V100/><F130/><W14/><G14/><T13/><D90/><U79/><E79/><V127/><F128/><W108/><G131/><T103/><D13/><U132/><E132/><V105/><F88/><W38/><G124/><T48/><D10/><U97/><E97/><V133/><F99/><W75/><G75/><T70/><D126/><U95/><AGARI ba="0,1" hai="11,12,18,53,55,57,60,65,85,91,94,95,96,101" machi="95" ten="20,5200,0" yaku="1,1,0,1,7,1,8,1,53,0" doraHai="66" doraHaiUra="17" who="1" fromWho="1" sc="342,-13,140,62,298,-13,210,-26" owari="329,42.9,202,-19.8,285,8.5,184,-31.6" /></mjloggm>