<mjloggm ver="2.3"><GO type="225" lobby="0"/><UN n0="%E3%81%AF%E3%82%88%E3%81%8A%E3%81%98%E3%81%95%E3%82%93" n1="%E3%81%82%E3%81%99%E3%81%AB%E3%82%83%E3%82%80" n2="%E8%81%B7%E6%A5%AD%E3%80%81%E9%A2%A8%32" n3="%72%61%6B%33" dan="16,16,16,18" rate="2214.02,2048.83,2149.77,2289.17" sx="M,F,M,M"/><TAIKYOKU oya="0"/><INIT seed="0,0,0,4,4,80" ten="250,250,250,250" oya="0" hai0="90,106,85,88,102,4,11,68,42,16,37,46,86" hai1="92,33,5,53,25,12,108,132,66,31,87,77,54" hai2="97,111,39,27,26,3,43,60,50,101,75,1,30" hai3="22,81,95,59,110,28,56,112,58,14,62,36,104"/><T94/><D68/><U119/><E108/><V44/><F111/><W61/><G104/><T20/><D106/><U79/><E119/><V2/><F75/><W57/><G110/><T135/><D135/><U67/><E132/><V121/><F121/><W49/><G36/><T71/><D71/><U45/><E79/><V48/><F60/><W114/><G114/><T23/><D102/><U17/><E5/><V100/><F100/><W6/><G112/><T78/><D78/><U41/><E67/><V0/><N who="2" m="0" /><DORA hai="24" /><V63/><F63/><W113/><G113/><T122/><D4/><U99/><E66/><V83/><F27/><N who="3" m="16503" /><G95/><T72/><D72/><U21/><E77/><V129/><F83/><W70/><G70/><T127/><D127/><U29/><E87/><V128/><F128/><W89/><G49/><N who="0" m="26839" /><D122/><U93/><E93/><V96/><F129/><W120/><G120/><T10/><D20/><U7/><E7/><V47/><F101/><W105/><G105/><T125/><D37/><U118/><E118/><V98/><REACH who="2" step="1"/><F47/><REACH who="2" ten="250,250,240,250" step="2"/><W133/><G133/><T40/><D125/><U107/><E107/><V8/><F8/><N who="3" m="4375" /><G59/><T76/><D10/><U116/><E116/><V74/><F74/><W38/><G61/><T15/><D11/><U18/><E45/><V32/><AGARI ba="0,1" hai="26,30,32,39,43,44,48,50,96,97,98" m="0" machi="32" ten="60,7900,0" yaku="1,1,0,1,52,1,53,0" doraHai="80,24" doraHaiUra="124,55" who="2" fromWho="2" sc="250,-39,250,-20,240,89,250,-20" /><INIT seed="1,0,0,5,3,69" ten="211,230,329,230" oya="1" hai0="88,40,26,127,85,9,115,61,11,1,51,107,130" hai1="72,36,95,77,126,7,28,48,76,16,81,6,102" hai2="8,106,39,90,5,44,78,122,53,75,109,105,17" hai3="19,62,133,4,12,47,33,128,89,98,18,129,29"/><U111/><E126/><V65/><F109/><W22/><G62/><T43/><D115/><U118/><E118/><V120/><F65/><W2/><G47/><T67/><D107/><U135/><E135/><V96/><F17/><W79/><G79/><T63/><D127/><U10/><E28/><V112/><F53/><W83/><G98/><T100/><D130/><N who="3" m="50281" /><G83/><T84/><D1/><U15/><E36/><V80/><F112/><W70/><G89/><T101/><D26/><U97/><E111/><V21/><F21/><W92/><G92/><T37/><D51/><U99/><E77/><V46/><F46/><W56/><G56/><T134/><D134/><U91/><REACH who="1" step="1"/><E48/><REACH who="1" ten="211,220,329,230" step="2"/><V55/><F120/><W25/><G133/><T35/><D37/><U68/><E68/><V49/><F39/><W82/><G70/><T54/><D35/><U52/><E52/><V45/><F122/><W64/><G64/><T108/><D67/><U30/><E30/><V132/><F132/><W131/><G131/><T50/><D108/><U114/><E114/><V20/><F55/><W41/><G41/><T125/><D54/><U42/><E42/><V119/><F49/><W34/><G34/><T116/><D125/><U123/><E123/><V103/><F78/><W31/><G33/><T94/><D50/><U66/><E66/><V60/><F119/><W73/><G31/><T113/><D116/><U38/><E38/><V32/><F32/><W59/><G59/><T0/><D113/><U93/><AGARI ba="0,1" hai="6,7,10,15,16,72,76,81,91,93,95,97,99,102" machi="93" ten="20,12000,1" yaku="1,1,0,1,7,1,54,1,53,1" doraHai="69" doraHaiUra="86" who="1" fromWho="1" sc="211,-40,220,130,329,-40,230,-40" /><INIT seed="1,1,0,3,2,127" ten="171,350,289,190" oya="1" hai0="92,90,18,67,113,35,5,99,15,125,37,44,82" hai1="66,33,117,49,34,97,108,83,60,132,51,59,19" hai2="52,48,21,61,129,81,45,42,87,103,27,112,29" hai3="100,38,88,39,56,69,120,50,26,12,123,80,62"/><U73/><E117/><V104/><F129/><W64/><G100/><T77/><D125/><U31/><E132/><V58/><F112/><W119/><G119/><T10/><D113/><U14/><E108/><V96/><F87/><W70/><G26/><T98/><D35/><U24/><E33/><V131/><F131/><W133/><G12/><T53/><D67/><U22/><REACH who="1" step="1"/><E97/><REACH who="1" ten="171,340,289,190" step="2"/><V124/><F124/><W72/><G133/><T114/><D98/><U102/><E102/><V13/><F103/><W11/><G123/><T55/><D114/><U1/><E1/><V106/><F96/><W130/><G120/><T63/><D5/><U2/><E2/><V54/><F81/><W76/><G80/><T46/><D37/><U23/><E23/><V32/><F32/><W85/><G39/><T126/><D126/><U75/><E75/><V17/><F104/><W36/><G38/><T30/><D30/><U122/><E122/><V94/><F106/><W43/><G36/><T20/><D20/><U116/><E116/><V65/><F94/><W89/><G72/><T93/><D92/><U9/><E9/><V16/><F29/><W57/><G11/><AGARI ba="1,1" hai="11,13,16,17,21,27,42,45,48,52,54,58,61,65" machi="11" ten="30,7700,0" yaku="7,1,8,1,54,2" doraHai="127" who="2" fromWho="3" sc="171,0,340,0,289,90,190,-80" /><INIT seed="2,0,0,1,2,126" ten="171,340,379,110" oya="2" hai0="116,74,31,81,39,21,49,85,18,59,40,105,32" hai1="73,0,75,19,7,112,69,90,55,23,78,41,26" hai2="63,20,98,64,58,9,3,122,91,72,52,117,11" hai3="33,42,53,133,45,70,84,82,123,61,103,22,10"/><V29/><F72/><W114/><G33/><T113/><D113/><U110/><E110/><V2/><F122/><W120/><G114/><T95/><D105/><U37/><E112/><V77/><F117/><W17/><G133/><T43/><D116/><U76/><E69/><V13/><F3/><W66/><G103/><T97/><D74/><U99/><E75/><V65/><F2/><W102/><G102/><T124/><D39/><U108/><E108/><V36/><F36/><W111/><G111/><T8/><D32/><U129/><E55/><V30/><F77/><W106/><G106/><T57/><D8/><N who="2" m="3146" /><F13/><W12/><G22/><T51/><D31/><N who="2" m="11786" /><F20/><W6/><G6/><T132/><D124/><U121/><E7/><V47/><F47/><W83/><G53/><T79/><D132/><U62/><E0/><V96/><F91/><W135/><G135/><T131/><D43/><U27/><E41/><V44/><F44/><W118/><G118/><T134/><D134/><U100/><E37/><V14/><F14/><W46/><G46/><T16/><D40/><U130/><E27/><V115/><F115/><W93/><G123/><T1/><D1/><U80/><E121/><V48/><F48/><N who="0" m="18506" /><D21/><U94/><E76/><V109/><F109/><W38/><G120/><T15/><D15/><U5/><E5/><V127/><F127/><W104/><G104/><T24/><D24/><U25/><E26/><V34/><F34/><W128/><G38/><T89/><D18/><U56/><E100/><V119/><F119/><W101/><G42/><T88/><D79/><U28/><E28/><RYUUKYOKU ba="0,0" sc="171,-15,340,15,379,15,110,-15" hai1="19,23,25,56,62,73,78,80,90,94,99,129,130" hai2="52,58,63,64,65,96,98" /><INIT seed="2,1,0,0,1,52" ten="156,355,394,95" oya="2" hai0="106,1,29,82,98,83,87,26,104,93,33,132,0" hai1="24,25,41,48,102,118,59,19,68,121,119,112,90" hai2="67,113,96,27,133,2,21,108,70,95,63,105,92" hai3="130,123,43,97,11,16,75,65,28,73,8,9,107"/><V129/><F113/><W81/><G123/><T124/><D124/><U53/><E112/><V49/><F2/><W31/><G130/><T36/><D36/><U100/><E68/><V62/><F129/><W35/><G43/><T6/><D132/><U131/><E131/><V51/><F133/><W115/><G115/><T32/><D33/><U50/><E121/><V42/><F108/><W13/><G65/><T66/><D66/><U101/><E119/><V23/><F105/><W80/><G107/><T38/><D83/><U88/><E118/><V125/><F125/><W22/><G97/><T45/><D0/><U78/><E78/><V77/><F77/><W3/><G3/><T127/><D127/><U12/><E41/><V99/><F42/><W134/><G134/><T56/><D56/><U126/><E48/><V114/><F114/><W79/><REACH who="3" step="1"/><G35/><REACH who="3" ten="156,355,394,85" step="2"/><N who="0" m="20919" /><D106/><U14/><E126/><V64/><F70/><W30/><G30/><T47/><D32/><U89/><E12/><V55/><F27/><W72/><G72/><T120/><D104/><U4/><REACH who="1" step="1"/><E4/><REACH who="1" ten="156,345,394,85" step="2"/><V76/><F76/><AGARI ba="1,2" hai="8,9,11,13,16,22,28,31,73,75,76,79,80,81" machi="76" ten="40,5200,0" yaku="1,1,9,1,54,1,53,0" doraHai="52" doraHaiUra="109" who="3" fromWho="2" sc="156,0,345,0,394,-55,85,75" /><INIT seed="3,0,0,4,4,79" ten="156,345,339,160" oya="3" hai0="128,75,130,104,129,15,71,127,65,122,44,35,87" hai1="86,36,19,8,56,115,80,84,47,93,63,33,9" hai2="4,62,66,82,70,76,53,125,121,103,12,81,117" hai3="95,100,11,105,22,97,77,37,41,89,48,5,61"/><W78/><G37/><T107/><D122/><U16/><E33/><V2/><F117/><W29/><G61/><N who="0" m="40367" /><D127/><U7/><E115/><V112/><F112/><W18/><G29/><T119/><D119/><U135/><E135/><V109/><F125/><W0/><G41/><T74/><D35/><U120/><E120/><V98/><F109/><W114/><G48/><T57/><D87/><U51/><E36/><V68/><F68/><W27/><REACH who="3" step="1"/><G114/><REACH who="3" ten="156,345,339,150" step="2"/><T118/><D118/><U126/><E126/><V21/><F121/><W20/><G20/><T1/><D1/><U92/><E51/><V99/><F2/><W67/><G67/><T32/><D32/><U85/><E63/><V14/><F62/><W134/><G134/><T91/><D57/><U124/><E56/><V60/><F21/><W132/><G132/><T24/><D44/><U113/><E47/><V26/><F66/><W83/><G83/><T46/><D46/><U64/><E64/><V45/><F82/><W13/><G13/><T110/><D110/><U39/><E39/><V88/><F14/><W40/><G40/><T108/><D108/><U3/><E124/><V54/><F60/><W55/><G55/><T133/><D133/><U17/><E113/><V102/><F12/><W10/><G10/><N who="1" m="4202" /><E80/><V28/><F81/><W69/><G69/><T23/><D15/><U101/><E3/><V59/><F70/><W31/><G31/><N who="0" m="17823" /><D91/><U49/><E49/><V106/><F88/><W6/><G6/><T43/><D43/><U30/><E7/><V94/><F4/><W73/><G73/><AGARI ba="0,1" hai="73,74,75,104,107,128,129,130" m="17823,40367" machi="73" ten="40,1300,0" yaku="19,1" doraHai="79" who="0" fromWho="3" sc="156,23,345,0,339,0,150,-13" owari="179,-22.1,345,44.5,339,13.9,137,-36.3" /></mjloggm>