<mjloggm ver="2.3"><GO type="225" lobby="0"/><UN n0="%74%2E%6F%2E%6F%2E%73" n1="%E3%81%AF%E3%82%88%E3%81%8A%E3%81%98%E3%81%95%E3%82%93" n2="%E5%A4%9C%E3%81%AE%E3%82%AC%E3%82%B9%E3%83%91%E3%83%BC%E3%83%AB" n3="%E5%AD%90%E4%BE%9B%E4%BC%9A%E5%93%A1" dan="18,17,16,17" rate="2156.64,2160.04,2133.07,2125.05" sx="M,M,M,M"/><TAIKYOKU oya="0"/><INIT seed="0,0,0,2,2,68" ten="250,250,250,250" oya="0" hai0="15,43,52,51,97,62,89,22,7,24,102,110,28" hai1="72,9,134,12,132,80,131,94,133,112,121,105,74" hai2="103,27,14,34,36,113,8,58,70,90,78,79,114" hai3="87,129,104,21,116,47,67,3,16,86,33,48,81"/><T37/><D110/><U130/><E105/><V42/><F70/><W108/><G116/><T107/><D62/><U73/><E121/><V35/><F103/><W30/><G3/><T92/><D7/><U20/><E20/><V59/><F90/><W91/><G104/><T38/><D15/><U53/><E53/><V45/><F59/><W101/><G101/><T1/><D43/><U46/><E46/><V65/><F58/><W128/><G108/><T55/><D1/><U5/><E112/><V40/><F65/><W23/><G67/><T106/><D55/><U61/><E61/><V122/><F122/><W44/><G86/><T63/><D63/><U83/><REACH who="1" step="1"/><E94/><REACH who="1" ten="250,240,250,250" step="2"/><V126/><F113/><W88/><G23/><T64/><D64/><U49/><E49/><V100/><F114/><W13/><G47/><T124/><D124/><U123/><E123/><V31/><F126/><W93/><G33/><T66/><D66/><U96/><E96/><V135/><F35/><W17/><G93/><T84/><D107/><U41/><E41/><V119/><F42/><W75/><G48/><T111/><D111/><U118/><E118/><V98/><F119/><W115/><G44/><AGARI ba="0,1" hai="22,24,28,37,38,44,51,52,84,89,92,97,102,106" machi="44" ten="30,11600,0" yaku="7,1,52,2,54,1" doraHai="68" who="0" fromWho="3" sc="250,126,240,0,250,0,250,-116" /><INIT seed="0,1,0,0,2,52" ten="376,240,250,134" oya="0" hai0="107,35,21,4,123,74,41,83,42,17,98,133,30" hai1="56,64,0,97,60,134,86,117,70,49,34,13,105" hai2="129,124,78,110,5,90,37,59,118,23,51,27,61" hai3="6,12,82,32,112,120,16,79,28,122,24,44,94"/><T88/><D123/><N who="3" m="47145" /><G112/><T93/><D133/><U111/><E0/><V39/><F110/><W106/><G106/><T69/><D69/><U121/><E121/><V53/><F129/><W15/><G6/><T66/><D66/><U77/><E117/><V48/><F118/><W96/><G44/><T57/><D4/><U75/><E34/><V108/><F108/><W100/><G16/><T95/><D107/><U71/><E111/><V63/><F124/><W3/><G3/><T135/><D135/><U91/><E134/><V31/><F5/><W132/><G132/><T85/><D74/><AGARI ba="1,0" hai="12,15,24,28,32,74,79,82,94,96,100" m="47145" machi="74" ten="30,1000,0" yaku="13,1" doraHai="52" who="3" fromWho="0" sc="376,-13,240,0,250,0,134,13" /><INIT seed="1,0,0,1,3,30" ten="363,240,250,147" oya="1" hai0="58,122,47,72,63,118,84,61,71,106,86,2,127" hai1="78,102,49,10,38,33,54,75,100,117,8,22,135" hai2="80,97,124,51,18,45,90,92,17,133,94,125,85" hai3="9,105,82,26,128,103,83,91,35,130,0,88,69"/><U112/><E117/><V52/><F133/><W68/><G103/><T119/><D2/><U39/><E112/><V113/><F113/><W44/><G105/><T24/><D72/><U95/><E135/><V115/><F115/><W93/><G44/><T120/><D106/><U46/><E33/><V41/><F94/><W12/><G0/><T57/><D47/><U87/><E75/><V6/><F6/><N who="3" m="3127" /><G69/><T14/><D14/><U134/><E134/><V50/><F124/><W40/><G40/><T101/><D24/><U36/><E22/><V29/><F29/><N who="3" m="19895" /><G68/><T62/><D71/><U76/><E102/><V7/><F7/><W59/><G59/><N who="0" m="22539" /><D101/><U56/><E56/><N who="2" m="32791" /><F125/><W96/><G91/><AGARI ba="0,0" hai="17,18,41,45,51,80,85,90,91,92,97" m="32791" machi="91" ten="30,2000,0" yaku="8,1,54,1" doraHai="30" who="2" fromWho="3" sc="363,0,240,0,250,20,147,-20" /><INIT seed="2,0,0,5,4,134" ten="363,240,270,127" oya="2" hai0="131,26,53,97,28,114,17,62,98,92,48,44,1" hai1="87,118,125,96,80,34,75,135,101,24,71,81,107" hai2="70,2,46,56,45,132,54,63,36,94,35,69,91" hai3="14,20,59,88,32,33,38,89,67,130,43,109,0"/><V9/><F35/><W66/><G0/><T3/><D114/><U76/><E71/><V100/><F132/><W122/><G122/><T29/><D131/><U112/><E135/><V124/><F100/><W18/><G109/><T133/><D133/><U127/><E112/><V79/><F79/><W4/><G130/><T72/><D72/><U51/><E118/><V83/><F83/><W104/><G104/><T30/><D98/><U11/><E51/><V110/><F110/><W27/><G4/><T10/><D62/><U123/><E123/><V119/><F119/><W42/><G33/><T6/><D1/><U85/><E11/><V95/><F2/><W23/><G32/><T113/><D17/><U31/><REACH who="1" step="1"/><E75/><REACH who="1" ten="363,230,270,127" step="2"/><V117/><F9/><W40/><G38/><T39/><D39/><U99/><E99/><V8/><F8/><W60/><REACH who="3" step="1"/><G67/><REACH who="3" ten="363,230,270,117" step="2"/><T19/><D113/><U58/><E58/><V108/><F36/><W77/><G77/><AGARI ba="0,2" hai="24,31,34,76,77,80,81,85,87,96,101,107,125,127" machi="77" ten="40,8000,1" yaku="1,1,9,1,52,2,53,0" doraHai="134" doraHaiUra="116" who="1" fromWho="3" sc="363,0,230,100,270,0,117,-80" /><INIT seed="3,0,0,5,0,99" ten="363,330,270,37" oya="3" hai0="24,67,78,39,96,119,117,61,128,80,98,88,4" hai1="116,114,84,50,43,111,42,74,46,11,60,13,44" hai2="55,106,110,45,113,134,81,36,34,123,131,121,26" hai3="71,107,21,64,79,63,57,85,35,108,48,8,70"/><W41/><G107/><T94/><D39/><U90/><E111/><V0/><RYUUKYOKU type="yao9" ba="0,0" sc="363,0,330,0,270,0,37,0" hai2="0,26,34,36,45,55,81,106,110,113,121,123,131,134" /><INIT seed="3,1,0,5,1,77" ten="363,330,270,37" oya="3" hai0="20,88,129,133,43,6,0,5,92,125,123,62,57" hai1="107,74,7,24,59,76,75,97,48,36,126,66,100" hai2="116,14,105,10,87,79,18,117,99,4,26,68,13" hai3="38,103,128,40,132,111,109,8,39,95,29,49,41"/><W96/><G29/><T23/><D123/><U12/><E36/><N who="3" m="13866" /><G49/><T46/><D129/><U56/><E126/><V31/><F68/><W50/><G50/><N who="0" m="26975" /><D0/><U51/><E24/><V121/><F121/><W35/><G128/><T84/><D133/><U134/><E134/><V71/><F71/><W113/><G35/><T25/><D125/><U112/><E112/><V63/><F63/><W19/><G113/><T33/><D33/><U85/><E75/><V64/><F64/><W130/><G132/><T86/><D86/><U3/><E74/><V17/><F99/><W27/><G130/><T1/><D1/><U115/><E3/><V101/><F4/><N who="0" m="1642" /><D25/><U108/><E115/><V61/><F61/><W44/><G44/><T104/><D104/><U45/><E51/><V34/><F105/><W73/><G73/><T135/><D135/><U114/><E66/><AGARI ba="1,0" hai="20,23,57,62,66,84,88,92" m="1642,26975" machi="66" ten="30,2000,0" yaku="8,1,54,1" doraHai="77" who="0" fromWho="1" sc="363,23,330,-23,270,0,37,0" owari="386,48.6,307,10.7,270,-13.0,37,-46.3" /></mjloggm>