<mjloggm ver="2.3"><GO type="225" lobby="0"/><UN n0="%61%6D%65%6B%69" n1="%E5%B0%8F%E9%B3%A5%E9%81%8A%E7%B7%B4%E7%84%A1%32%31%E6%AD%B3" n2="%E3%81%AF%E3%82%88%E3%81%8A%E3%81%98%E3%81%95%E3%82%93" n3="%E6%98%93%E5%88%A9%E8%96%A9%E4%BC%AF" dan="16,16,17,16" rate="2071.87,2202.99,2157.73,2018.64" sx="M,F,M,F"/><TAIKYOKU oya="0"/><INIT seed="0,0,0,2,0,55" ten="250,250,250,250" oya="0" hai0="48,102,78,77,112,104,11,7,87,84,61,99,70" hai1="85,91,42,1,32,38,58,129,100,89,79,29,6" hai2="27,75,128,51,19,14,108,64,95,71,120,74,103" hai3="121,80,94,124,97,126,15,46,132,43,93,2,83"/><T4/><D112/><U86/><E100/><V123/><F108/><W110/><G2/><T54/><D84/><U25/><E129/><V119/><F128/><W73/><G110/><T82/><D78/><U23/><E79/><V59/><F119/><W125/><G132/><T68/><D61/><U60/><E42/><V90/><F103/><W5/><G73/><T66/><D66/><U21/><E38/><V52/><F27/><W31/><G31/><T63/><D63/><U118/><E118/><V107/><F107/><W10/><G121/><T133/><D133/><U13/><E1/><V115/><F115/><W9/><G9/><T20/><D20/><U33/><E21/><N who="2" m="11511" /><F64/><W114/><G114/><T92/><D104/><U39/><E39/><V35/><F71/><W122/><G94/><T41/><D41/><U44/><E44/><V62/><F62/><W34/><G34/><T134/><D7/><U109/><E109/><V88/><F90/><N who="1" m="34313" /><E32/><V28/><F28/><W49/><REACH who="3" step="1"/><G122/><REACH who="3" ten="250,250,250,240" step="2"/><N who="2" m="46633" /><F35/><W45/><G45/><T3/><REACH who="0" step="1"/><D134/><REACH who="0" ten="240,250,250,240" step="2"/><U0/><E33/><V40/><F40/><W30/><G30/><T117/><D117/><U106/><E106/><V127/><F75/><W98/><G98/><T26/><D26/><U135/><E135/><V47/><F74/><W56/><G56/><AGARI ba="0,2" hai="3,4,11,48,54,56,68,70,77,82,87,92,99,102" machi="56" ten="30,11600,0" yaku="1,1,7,1,52,1,53,1" doraHai="55" doraHaiUra="81" who="0" fromWho="3" sc="240,136,250,0,250,0,240,-116" /><INIT seed="0,1,0,3,4,129" ten="376,250,250,124" oya="0" hai0="2,76,1,49,58,29,54,91,98,52,47,40,74" hai1="103,6,124,48,9,24,45,77,67,105,109,22,96" hai2="5,120,106,92,82,42,64,134,127,104,10,38,101" hai3="37,4,87,97,117,26,27,75,46,118,135,39,73"/><T102/><D29/><U65/><E109/><V133/><F120/><W51/><G4/><T50/><D91/><U81/><E124/><V125/><F64/><W56/><G56/><T0/><D76/><U18/><E45/><N who="2" m="23767" /><F92/><W71/><G97/><T41/><REACH who="0" step="1"/><D74/><REACH who="0" ten="366,250,250,124" step="2"/><U43/><E77/><V35/><F35/><W69/><G87/><T88/><D88/><U11/><E81/><V100/><F82/><W31/><G31/><T70/><D70/><U128/><E128/><V85/><F85/><W21/><G71/><T130/><D130/><U80/><E80/><V53/><F100/><W25/><G69/><T86/><D86/><U116/><E103/><V131/><F131/><W132/><G73/><T19/><D19/><U89/><E18/><V32/><F32/><W61/><G75/><T60/><D60/><U83/><E89/><V112/><F101/><W12/><G61/><T20/><D20/><U34/><E22/><V7/><F127/><W66/><G21/><T111/><D111/><U122/><E83/><V62/><F125/><W93/><G117/><T13/><D13/><U36/><E116/><V44/><F62/><W8/><G118/><T59/><D59/><U17/><E17/><V99/><F99/><W72/><G72/><T94/><AGARI ba="1,1" hai="0,1,2,40,41,47,49,50,52,54,58,94,98,102" machi="94" ten="30,11700,0" yaku="1,1,0,1,54,1,53,1" doraHai="129" doraHaiUra="95" who="0" fromWho="0" sc="366,130,250,-40,250,-40,124,-40" /><INIT seed="0,2,0,2,2,2" ten="496,210,210,84" oya="0" hai0="86,84,17,130,23,53,76,32,5,14,0,43,13" hai1="113,20,87,15,34,80,97,128,132,123,35,99,65" hai2="79,94,7,22,30,126,19,28,54,83,3,45,91" hai3="93,4,50,6,37,92,60,63,118,124,8,24,89"/><T101/><D0/><U134/><E123/><V121/><F121/><W48/><G37/><T59/><D32/><U42/><E128/><V96/><F126/><W47/><G118/><T38/><D38/><U74/><E74/><V119/><F119/><W125/><G24/><T69/><D69/><U103/><E42/><V25/><F3/><W71/><G71/><T104/><D43/><U1/><E65/><V100/><F100/><W29/><G29/><T106/><D130/><U21/><E1/><V131/><F131/><W44/><G89/><T82/><D101/><U129/><E129/><V133/><F133/><N who="1" m="51305" /><E97/><V49/><REACH who="2" step="1"/><F7/><REACH who="2" ten="496,210,200,84" step="2"/><W115/><REACH who="3" step="1"/><G8/><REACH who="3" ten="496,210,200,74" step="2"/><T16/><D5/><U51/><E103/><V33/><F33/><W40/><G40/><T67/><D106/><U135/><E35/><V61/><F61/><W107/><G107/><T73/><D104/><U18/><E34/><V120/><F120/><W26/><G26/><T11/><D67/><U102/><E135/><V78/><F78/><W70/><G70/><T81/><D76/><U39/><E102/><V117/><F117/><W57/><G57/><T85/><D73/><AGARI ba="2,2" hai="19,22,25,28,30,45,49,54,73,79,83,91,94,96" machi="73" ten="30,2000,0" yaku="1,1,7,1,53,0" doraHai="2" doraHaiUra="116" who="2" fromWho="0" sc="496,-26,210,0,200,46,74,0" /><INIT seed="1,0,0,4,3,33" ten="470,210,246,74" oya="1" hai0="122,57,56,47,49,8,22,46,101,89,13,115,5" hai1="96,79,4,31,107,63,113,45,23,52,18,78,87" hai2="9,21,30,131,74,1,29,69,134,110,19,82,28" hai3="3,55,50,62,95,66,129,118,92,40,32,135,104"/><U109/><E113/><V6/><F69/><W103/><G129/><T41/><D115/><U112/><E112/><V117/><F117/><W64/><G32/><T133/><D133/><U75/><E75/><V68/><F68/><W36/><G135/><T106/><D106/><U119/><E119/><V83/><F134/><W116/><G104/><T72/><D72/><U42/><E31/><V127/><F131/><W99/><G95/><T91/><D101/><U108/><E4/><V77/><F110/><N who="1" m="42601" /><E87/><V11/><F127/><W121/><G64/><T67/><D122/><U65/><E96/><V35/><F11/><W114/><G114/><T123/><D123/><U102/><E102/><V132/><F132/><W12/><G121/><T59/><D67/><U61/><E61/><V100/><F100/><W10/><G3/><T58/><N who="0" m="14336" /><DORA hai="60" /><T85/><D85/><U39/><E52/><V88/><F35/><W86/><G86/><T130/><D130/><U73/><E73/><V27/><F83/><W124/><G124/><T70/><D70/><N who="1" m="42303" /><E107/><V20/><REACH who="2" step="1"/><F88/><REACH who="2" ten="470,210,236,74" step="2"/><W43/><G118/><T2/><D91/><U90/><E90/><V34/><F34/><W111/><G116/><T15/><D89/><U51/><E39/><V76/><F76/><W71/><G36/><T38/><REACH who="0" step="1"/><D22/><AGARI ba="0,1" hai="1,6,9,19,20,21,22,27,28,29,30,74,77,82" machi="22" ten="40,2600,0" yaku="1,1,52,1,53,0" doraHai="33,60" doraHaiUra="53,126" who="2" fromWho="0" sc="470,-26,210,0,236,36,74,0" /><INIT seed="2,0,0,1,2,81" ten="444,210,272,74" oya="2" hai0="91,39,93,49,61,67,84,57,125,99,9,133,58" hai1="89,55,130,35,70,51,124,37,98,26,18,128,85" hai2="76,120,63,110,119,88,108,7,117,30,78,66,22" hai3="96,4,72,47,105,40,101,90,121,74,59,131,8"/><V56/><F120/><W24/><G121/><T33/><D33/><U6/><E37/><V64/><F7/><W106/><G131/><N who="1" m="50218" /><E70/><V13/><F64/><W50/><G106/><T25/><D125/><U54/><E124/><V46/><F46/><W68/><G68/><T31/><D133/><U3/><E98/><V20/><F30/><W102/><G102/><T1/><D1/><U112/><E112/><V103/><F103/><W60/><G24/><T104/><D9/><N who="1" m="2271" /><E51/><V80/><F117/><W94/><G105/><T127/><D57/><U111/><E111/><N who="2" m="42539" /><F119/><W122/><G101/><T15/><D39/><U62/><E62/><V134/><F134/><W14/><REACH who="3" step="1"/><G122/><REACH who="3" ten="444,210,272,64" step="2"/><T113/><D25/><U92/><E35/><V36/><F36/><W87/><G87/><T10/><D127/><U0/><E0/><V97/><F13/><W107/><G107/><T86/><D104/><U16/><E26/><V32/><F32/><W71/><G71/><T118/><D31/><U116/><E116/><V27/><F97/><W2/><G2/><T12/><D12/><U114/><E114/><V17/><F22/><W123/><G123/><T52/><D113/><U34/><E34/><V43/><F43/><W83/><G83/><T115/><D115/><U42/><E42/><V23/><F20/><W5/><G5/><N who="0" m="3535" /><D118/><U129/><E129/><V48/><F27/><W95/><G95/><T65/><D99/><U41/><E41/><V109/><F23/><W135/><G135/><T28/><D28/><U77/><E92/><V21/><F109/><W11/><G11/><T73/><D93/><RYUUKYOKU ba="0,1" sc="444,-10,210,-10,272,-10,64,30" hai3="4,8,14,40,47,50,59,60,72,74,90,94,96" /><INIT seed="3,1,1,3,4,2" ten="434,200,262,94" oya="3" hai0="132,112,121,4,58,46,104,120,38,35,93,125,31" hai1="30,70,42,73,19,11,79,48,127,119,115,69,82" hai2="56,41,131,63,24,97,59,7,55,64,128,88,12" hai3="28,37,14,18,0,84,110,114,106,40,5,3,36"/><W53/><G114/><T65/><D104/><U90/><E115/><V77/><F77/><W8/><G106/><T109/><D112/><U91/><E127/><V49/><F41/><W85/><G110/><T39/><D125/><U102/><E102/><V105/><F24/><W21/><G53/><T107/><D107/><U45/><E30/><V6/><F12/><W47/><G3/><T86/><D58/><U68/><E119/><V27/><F27/><W113/><G113/><T22/><D86/><U126/><E126/><V124/><F124/><W122/><G122/><T32/><D93/><U133/><E133/><V99/><F88/><W9/><G37/><T71/><D22/><U108/><E108/><V1/><F1/><W116/><G116/><T57/><D57/><U61/><E61/><V135/><F135/><W94/><G9/><T34/><D31/><U26/><E26/><V123/><F123/><W33/><G94/><T67/><D67/><U75/><E73/><V72/><F72/><W111/><G111/><T62/><D109/><U13/><AGARI ba="1,1" hai="11,13,19,42,45,48,68,69,70,75,79,82,90,91" machi="13" ten="40,1500,0" yaku="0,1" doraHai="2" who="1" fromWho="1" sc="434,-5,200,28,262,-5,94,-8" owari="429,52.9,228,-17.2,257,5.7,86,-41.4" /></mjloggm>