<mjloggm ver="2.3"><GO type="225" lobby="0"/><UN n0="%E5%8F%AF%E5%85%90%E9%82%A3%E7%94%B1%E5%A4%9A" n1="%E4%BF%BA%E3%81%A8%E5%A6%96%E5%A4%A2" n2="%6D%75%75%6D%75%72%61" n3="%E8%81%B7%E6%A5%AD%E3%80%81%E9%A2%A8%32" dan="17,17,16,16" rate="2173.82,2227.65,2060.29,2134.19" sx="F,F,F,M"/><TAIKYOKU oya="0"/><INIT seed="0,0,0,4,0,30" ten="250,250,250,250" oya="0" hai0="87,60,2,114,42,43,40,34,134,0,4,102,71" hai1="116,1,26,14,82,99,28,120,41,11,96,105,119" hai2="9,24,70,117,94,76,44,90,88,38,68,73,54" hai3="123,29,80,51,31,98,95,75,57,33,7,59,124"/><T18/><D114/><U79/><E120/><V16/><F117/><W25/><G123/><T104/><D134/><U103/><E41/><V61/><F38/><W10/><G124/><T109/><D18/><U22/><E96/><V74/><F90/><W23/><G31/><T36/><D87/><U12/><E1/><N who="0" m="617" /><D4/><U65/><E65/><V91/><F91/><W19/><G75/><T49/><D49/><U58/><E58/><V106/><F106/><W20/><G80/><T85/><D85/><U27/><E27/><V110/><F110/><W107/><G107/><T89/><D89/><U135/><E135/><V35/><F35/><W3/><G51/><T130/><D130/><U131/><E131/><V125/><F125/><W115/><G23/><T128/><D128/><U113/><E113/><V86/><F74/><W111/><G115/><T64/><D109/><U6/><E14/><V45/><F45/><W84/><G84/><AGARI ba="0,0" hai="6,11,12,22,26,28,79,82,84,99,103,105,116,119" machi="84" ten="30,1000,0" yaku="7,1" doraHai="30" who="1" fromWho="3" sc="250,0,250,10,250,0,250,-10" /><INIT seed="1,0,0,0,0,77" ten="250,260,250,240" oya="1" hai0="56,98,0,62,111,95,115,108,41,6,99,21,50" hai1="81,79,73,124,39,122,60,113,52,78,30,100,54" hai2="119,53,127,86,23,55,1,106,40,107,74,47,64" hai3="3,88,37,22,45,38,126,135,116,109,16,118,66"/><U128/><E113/><V125/><F74/><W14/><G109/><N who="0" m="42059" /><D115/><U2/><E122/><V70/><F119/><N who="3" m="45611" /><G3/><T27/><D6/><U103/><E2/><V114/><F1/><W29/><G135/><T10/><D10/><U9/><E128/><V97/><F114/><W35/><G126/><T59/><D0/><U12/><E124/><V130/><F130/><W90/><G66/><T58/><D62/><U129/><E129/><V67/><F106/><W46/><G35/><T43/><D50/><U85/><E39/><N who="3" m="14858" /><G29/><N who="0" m="17647" /><D99/><U68/><E30/><V19/><F97/><W57/><G57/><T75/><D75/><U71/><E71/><V121/><F70/><W5/><G5/><T20/><D20/><U18/><E68/><V25/><F67/><W76/><G76/><N who="1" m="29226" /><E73/><V96/><F64/><W84/><G90/><AGARI ba="0,0" hai="41,43,56,58,59,90,95,98" m="17647,42059" machi="90" ten="30,1000,0" yaku="14,1" doraHai="77" who="0" fromWho="3" sc="250,10,260,0,250,0,240,-10" /><INIT seed="2,0,0,5,5,63" ten="260,260,250,230" oya="2" hai0="55,116,1,135,80,103,25,16,10,29,89,49,47" hai1="77,95,11,32,123,70,113,74,14,93,71,19,30" hai2="21,68,82,51,48,100,12,8,62,117,59,2,94" hai3="28,102,79,118,66,72,90,40,54,125,17,91,43"/><V60/><F117/><W41/><G118/><T37/><D135/><U134/><E113/><V124/><F2/><W115/><G115/><T31/><D116/><U3/><E134/><V86/><F124/><W5/><G125/><T127/><D127/><U81/><E123/><V65/><F21/><W26/><G5/><T4/><D37/><U101/><E101/><V88/><F100/><W36/><G36/><T96/><D89/><N who="3" m="33801" /><G72/><T23/><REACH who="0" step="1"/><D80/><REACH who="0" ten="250,260,250,230" step="2"/><U24/><E81/><V132/><F82/><W111/><G102/><T45/><D45/><U120/><E120/><V33/><F132/><W106/><G79/><T92/><AGARI ba="0,1" hai="1,4,10,16,23,25,29,31,47,49,55,92,96,103" machi="92" ten="20,5200,0" yaku="1,1,0,1,7,1,54,1,53,0" doraHai="63" doraHaiUra="87" who="0" fromWho="0" sc="250,62,260,-13,250,-26,230,-13" /><INIT seed="3,0,0,2,4,21" ten="312,247,224,217" oya="3" hai0="132,82,98,126,9,103,10,55,13,5,97,0,113" hai1="93,46,114,83,80,127,76,102,91,109,72,84,25" hai2="8,6,134,45,59,106,105,17,94,57,38,135,39" hai3="2,22,63,133,27,89,31,37,122,14,67,41,101"/><W110/><G122/><T47/><D132/><N who="2" m="50730" /><F94/><W118/><G118/><T125/><D113/><U51/><E114/><V92/><F92/><W34/><G133/><T74/><D55/><U33/><E109/><V77/><F17/><W40/><G2/><T81/><D47/><U130/><E130/><V75/><F77/><W16/><G110/><T62/><D62/><U12/><E127/><N who="0" m="48649" /><D74/><U18/><E102/><V85/><F85/><W95/><G37/><N who="2" m="13833" /><F45/><W117/><G101/><T108/><D108/><U7/><E72/><V30/><F30/><W52/><G117/><T124/><D124/><U20/><E76/><V60/><F75/><W32/><G32/><T26/><D26/><U90/><E90/><V78/><F78/><W86/><REACH who="3" step="1"/><G52/><REACH who="3" ten="312,247,224,207" step="2"/><T116/><D116/><U64/><E33/><V112/><F112/><W111/><G111/><T107/><D98/><U70/><E64/><N who="2" m="38927" /><F59/><AGARI ba="0,1" hai="14,16,22,27,31,34,40,41,59,63,67,86,89,95" machi="59" ten="30,12000,1" yaku="1,1,7,1,52,1,54,1,53,1" doraHai="21" doraHaiUra="87" who="3" fromWho="2" sc="312,0,247,0,224,-120,207,130" owari="312,11.2,247,-15.3,104,-39.6,337,43.7" /></mjloggm>