<mjloggm ver="2.3"><GO type="225" lobby="0"/><UN n0="%72%65%6E%6B%75%6E" n1="%E9%89%A2%E5%B7%BB%E3%82%AC%E3%83%96" n2="%4B%2E%32%2E%4B%2E" n3="%E3%81%B2%E3%81%AA%E3%81%AE%E3%82%8A%E3%81%8F" dan="17,16,16,17" rate="2327.23,2052.39,2084.57,2179.59" sx="M,M,M,M"/><TAIKYOKU oya="0"/><INIT seed="0,0,0,0,1,94" ten="250,250,250,250" oya="0" hai0="127,59,71,85,18,34,20,117,104,86,75,38,1" hai1="0,55,54,111,78,26,28,46,119,123,9,52,41" hai2="121,51,39,63,87,112,100,11,84,74,89,97,40" hai3="16,115,68,21,37,73,35,108,4,30,62,98,101"/><T50/><D71/><U135/><E119/><V130/><F74/><W53/><G73/><T95/><D34/><U103/><E123/><V128/><F39/><W132/><G37/><T29/><D38/><U70/><E70/><V118/><F112/><W96/><G115/><T134/><D104/><U60/><E111/><V66/><F121/><W58/><G68/><T12/><D1/><U42/><E135/><V82/><F118/><W105/><G108/><T13/><D75/><U109/><E78/><V3/><F3/><W102/><G4/><T61/><D29/><U6/><E109/><V33/><F33/><W133/><G30/><T36/><D36/><U83/><E83/><V124/><F124/><W92/><REACH who="3" step="1"/><G35/><REACH who="3" ten="250,250,250,240" step="2"/><T49/><D117/><U45/><E60/><V80/><F63/><W64/><G64/><N who="0" m="38975" /><D127/><U48/><E103/><V116/><F66/><W65/><G65/><T31/><D31/><U126/><E126/><V10/><F116/><W93/><G93/><T5/><D134/><U27/><REACH who="1" step="1"/><E28/><REACH who="1" ten="250,240,250,240" step="2"/><V47/><F128/><W67/><G67/><T77/><D77/><U25/><E25/><AGARI ba="0,2" hai="16,21,25,53,58,62,92,96,98,101,102,105,132,133" machi="25" ten="40,8000,1" yaku="1,1,52,2,54,1,53,0" doraHai="94" doraHaiUra="8" who="3" fromWho="1" sc="250,0,240,-80,250,0,240,100" /><INIT seed="1,0,0,3,1,72" ten="250,160,250,340" oya="1" hai0="124,21,5,64,79,113,40,119,3,56,115,53,2" hai1="74,121,98,77,8,120,99,33,10,110,86,73,75" hai2="16,97,76,118,88,45,95,116,49,42,17,112,9" hai3="62,91,20,36,30,34,46,6,23,15,107,18,114"/><U60/><E33/><V68/><F68/><W29/><G107/><T44/><D119/><U47/><E47/><V111/><F111/><W66/><G6/><T52/><D124/><U67/><E110/><V131/><F131/><W55/><G114/><T65/><D21/><U126/><E126/><V133/><F133/><W31/><G34/><T35/><D35/><U25/><E25/><V90/><F112/><W39/><G23/><T87/><D5/><U32/><E32/><V70/><F70/><W37/><G91/><T13/><D13/><U43/><E43/><V123/><F123/><W48/><G36/><T122/><D122/><U58/><E121/><V105/><F105/><W54/><REACH who="3" step="1"/><G55/><REACH who="3" ten="250,160,250,330" step="2"/><T94/><D53/><U104/><E120/><V22/><F90/><W7/><G7/><T127/><D52/><U78/><E86/><V59/><F22/><W61/><G61/><T63/><D63/><U51/><E51/><V85/><F9/><W69/><AGARI ba="0,1" hai="15,18,20,29,30,31,37,39,46,48,54,62,66,69" machi="69" ten="30,8000,1" yaku="1,1,0,1,53,3" doraHai="72" doraHaiUra="26" who="3" fromWho="3" sc="250,-20,160,-40,250,-20,330,90" /><INIT seed="2,0,0,4,3,35" ten="230,120,230,420" oya="2" hai0="3,106,66,56,70,9,59,45,52,23,93,16,109" hai1="14,125,96,13,26,36,87,115,24,128,74,88,28" hai2="60,130,17,50,105,41,68,135,86,123,44,92,81" hai3="11,122,121,46,124,129,72,67,65,126,39,7,21"/><V107/><F123/><W22/><G72/><T57/><D106/><U54/><E115/><V32/><F130/><W37/><G129/><T94/><D109/><U51/><E128/><V80/><F135/><W114/><G114/><T55/><D70/><U104/><E74/><V95/><F32/><W10/><G46/><T97/><D66/><U4/><E36/><V40/><F40/><W82/><G82/><T132/><D132/><U64/><E64/><V101/><F80/><W131/><G131/><T49/><D55/><U103/><E125/><V8/><F68/><W110/><G7/><T27/><REACH who="0" step="1"/><D97/><REACH who="0" ten="220,120,230,420" step="2"/><U113/><E113/><V77/><F105/><W102/><G110/><T2/><D2/><U20/><E4/><AGARI ba="0,1" hai="3,4,9,16,23,27,45,49,52,56,57,59,93,94" machi="4" ten="40,8000,1" yaku="1,1,52,1,54,2,53,0" doraHai="35" doraHaiUra="120" who="0" fromWho="1" sc="220,90,120,-80,230,0,420,0" /><INIT seed="3,0,0,1,1,42" ten="310,40,230,420" oya="3" hai0="109,131,60,83,16,59,32,1,24,14,82,66,81" hai1="4,13,84,114,47,54,31,29,91,6,116,105,19" hai2="30,86,95,36,26,76,122,102,27,75,101,11,103" hai3="41,39,10,134,43,96,2,37,52,25,97,40,0"/><W88/><G25/><T78/><D109/><U111/><E91/><V128/><F36/><W51/><G10/><T129/><D1/><U113/><E84/><V23/><F75/><W67/><G67/><T45/><D32/><U3/><E54/><V130/><F122/><W85/><G39/><T53/><D24/><U62/><E62/><V8/><F27/><W61/><G61/><T58/><D58/><U49/><E49/><V50/><F50/><W71/><G37/><T57/><D57/><U121/><E19/><V33/><F33/><W127/><G71/><T9/><D129/><N who="2" m="49770" /><F95/><W92/><G40/><T110/><D110/><U112/><E112/><V94/><F94/><W15/><G41/><T89/><D131/><U21/><E21/><V107/><F107/><W126/><G51/><N who="0" m="28911" /><D78/><U77/><E77/><V55/><F55/><W46/><G2/><T70/><D70/><U12/><E12/><V117/><F117/><W48/><G43/><T99/><D99/><U5/><E5/><V64/><F64/><W35/><G97/><T87/><AGARI ba="0,0" hai="9,14,16,59,60,66,81,82,83,87,89" m="28911" machi="87" ten="30,7900,0" yaku="25,1,8,1,52,1,54,1" doraHai="42" who="0" fromWho="0" sc="310,79,40,-20,230,-20,420,-39" owari="389,48.9,20,-48.0,210,-19.0,381,18.1" /></mjloggm>