<mjloggm ver="2.3"><GO type="225" lobby="0"/><UN n0="%E6%80%AA%E3%81%97%E3%81%99%E3%81%8E%E3%82%8B%E3%83%81%E3%83%BC" n1="%E4%B8%AD%E5%B9%B4%E3%81%AE%E5%8D%B1%E6%A9%9F" n2="%E5%AF%82%E5%AF%9E%E3%82%AE%E3%83%8D%E3%82%B9%E3%83%93%E3%83%BC%E3%83%AB" n3="%E3%81%8F%E3%82%8A%E3%83%94%E3%83%BC" dan="16,16,16,16" rate="2107.35,2152.10,2176.04,2084.13" sx="M,M,M,M"/><TAIKYOKU oya="0"/><INIT seed="0,0,0,4,5,33" ten="250,250,250,250" oya="0" hai0="48,46,68,128,84,45,26,35,5,59,36,20,114" hai1="16,40,95,112,49,103,60,70,78,108,75,29,47" hai2="23,106,39,27,69,44,14,18,6,97,0,92,89" hai3="52,61,3,125,53,127,93,124,15,120,80,79,8"/><T9/><D114/><U113/><E108/><V88/><F69/><W64/><G93/><T119/><D68/><U25/><E78/><V109/><F109/><W41/><G41/><T83/><D119/><U43/><E75/><V34/><F106/><W56/><G120/><T131/><D35/><U133/><E133/><V65/><F65/><W74/><REACH who="3" step="1"/><G3/><REACH who="3" ten="250,250,250,240" step="2"/><T111/><D111/><U87/><E43/><N who="2" m="22655" /><F92/><W126/><N who="3" m="31744" /><DORA hai="54" /><W13/><G13/><T91/><D128/><U51/><E112/><V67/><F97/><W116/><G116/><T50/><D131/><U85/><E113/><V90/><F67/><W102/><G102/><T4/><D36/><U76/><E103/><V10/><F90/><W72/><G72/><T96/><D91/><U98/><E95/><V101/><F101/><W134/><G134/><T31/><D96/><U82/><E98/><V115/><F115/><W19/><AGARI ba="0,1" hai="8,15,19,52,53,56,61,64,74,79,80" m="31744" machi="19" ten="60,12000,2" yaku="1,1,0,1,18,1,52,1,54,1,53,1" doraHai="33,54" doraHaiUra="107,66" who="3" fromWho="3" sc="250,-60,250,-30,250,-30,240,130" /><INIT seed="1,0,0,3,2,91" ten="190,220,220,370" oya="1" hai0="108,13,129,28,125,32,51,6,7,53,132,88,134" hai1="2,30,130,70,112,66,16,111,87,44,106,49,84" hai2="121,79,0,76,1,37,18,11,59,40,36,64,60" hai3="33,119,102,83,10,50,21,26,86,101,17,8,93"/><U123/><E123/><V27/><F121/><W115/><G115/><T20/><D108/><U31/><E112/><V85/><F0/><W54/><G33/><T71/><D71/><U19/><E106/><V24/><F1/><W109/><G109/><T113/><D113/><U133/><E2/><V72/><F72/><W81/><G119/><T52/><D129/><U47/><E111/><V25/><F40/><W46/><G83/><T82/><D125/><U48/><E70/><V122/><F122/><W78/><G101/><T117/><D117/><U105/><E105/><V95/><F37/><W135/><G135/><N who="0" m="51755" /><D32/><U128/><REACH who="1" step="1"/><E133/><REACH who="1" ten="190,210,220,370" step="2"/><V69/><F69/><W114/><G114/><T98/><D53/><U38/><E38/><V9/><F36/><W57/><G46/><N who="0" m="27767" /><D28/><U55/><E55/><V110/><F110/><W14/><G54/><T68/><D68/><U15/><E15/><V74/><F64/><AGARI ba="0,1" hai="16,19,30,31,44,47,48,49,64,66,84,87,128,130" machi="64" ten="25,9600,0" yaku="1,1,22,2,54,1,53,0" doraHai="91" doraHaiUra="3" who="1" fromWho="2" sc="190,0,210,106,220,-96,370,0" /><INIT seed="1,1,0,0,1,54" ten="190,316,124,370" oya="1" hai0="43,0,79,35,81,111,70,125,11,131,80,76,86" hai1="34,38,58,49,113,124,74,41,88,96,102,134,36" hai2="132,23,52,90,87,123,83,62,106,101,44,28,133" hai3="128,110,109,60,69,120,119,45,7,9,66,99,122"/><U107/><E113/><V116/><F116/><W82/><G119/><T15/><D35/><U95/><E34/><V32/><F123/><W50/><G99/><T130/><D70/><U129/><E124/><V17/><F32/><W14/><G82/><T33/><D33/><U117/><E117/><V118/><F28/><W61/><G61/><T37/><D125/><U56/><E74/><V65/><F118/><W72/><G128/><N who="0" m="49195" /><D111/><N who="3" m="42505" /><G72/><N who="0" m="43015" /><D0/><U48/><E129/><V59/><F101/><W47/><G47/><N who="0" m="24047" /><D15/><U89/><E134/><N who="2" m="51819" /><F106/><W39/><G39/><T46/><D11/><U24/><E36/><V92/><F44/><AGARI ba="1,0" hai="44,46,79,81,86" m="24047,43015,49195" machi="44" ten="30,1000,0" yaku="19,1" doraHai="54" who="0" fromWho="2" sc="190,13,316,0,124,-13,370,0" /><INIT seed="2,0,0,0,3,104" ten="203,316,111,370" oya="2" hai0="74,100,123,67,133,26,125,87,107,56,51,28,96" hai1="106,68,32,92,11,6,41,66,34,7,22,19,44" hai2="43,73,30,112,80,16,15,114,13,45,105,94,1" hai3="57,46,127,5,109,38,115,39,2,117,40,65,113"/><V25/><F105/><W0/><G117/><T88/><D74/><U85/><E106/><V14/><F1/><W21/><G109/><T119/><D123/><U12/><E68/><V129/><F129/><W130/><G39/><T50/><D125/><U79/><E66/><V78/><F94/><W97/><G5/><T3/><D133/><U86/><E7/><V76/><F76/><W55/><G127/><T52/><D119/><U77/><E77/><V120/><F120/><W93/><G21/><T24/><D67/><U47/><E47/><V63/><F63/><N who="3" m="36287" /><G65/><T101/><D101/><U59/><E59/><V89/><F89/><N who="3" m="55471" /><G130/><T42/><D3/><U82/><E92/><V111/><F111/><W62/><G62/><T72/><D72/><U118/><E118/><V8/><F114/><AGARI ba="0,0" hai="0,2,38,40,46,113,114,115" m="55471,36287" machi="114" ten="30,1000,0" yaku="11,1" doraHai="104" who="3" fromWho="2" sc="203,0,316,0,111,-10,370,10" /><INIT seed="3,0,0,2,2,76" ten="203,316,101,380" oya="3" hai0="44,107,51,105,31,72,7,129,28,17,104,11,116" hai1="40,88,52,118,4,65,130,102,121,99,1,35,57" hai2="20,3,73,85,0,66,36,33,18,81,101,53,89" hai3="26,127,78,56,125,32,59,93,113,24,47,82,134"/><W46/><G113/><T2/><D116/><U12/><E121/><V126/><F126/><N who="3" m="48139" /><G93/><T115/><D129/><U90/><E1/><V97/><F33/><W77/><G134/><T75/><D115/><U109/><E35/><V49/><F36/><W108/><G78/><T39/><D17/><U13/><E130/><V6/><F66/><W27/><G32/><T83/><D51/><U15/><E4/><V29/><F29/><W30/><G30/><T34/><D34/><U112/><E112/><V23/><F6/><W106/><G106/><T103/><D103/><U84/><E118/><V71/><F71/><W69/><G69/><T10/><D10/><U45/><E65/><V91/><F91/><W92/><G92/><T128/><D128/><U123/><E123/><V42/><F42/><W135/><G108/><T110/><D75/><U117/><E109/><V41/><F41/><W80/><G80/><T48/><D48/><N who="1" m="26663" /><E117/><V86/><F73/><N who="3" m="43311" /><G135/><T22/><D22/><U21/><E99/><V19/><F86/><W70/><G70/><T16/><D28/><U95/><E90/><V122/><F122/><W5/><G5/><T54/><D31/><U132/><E102/><V63/><F63/><W58/><AGARI ba="0,0" hai="24,26,27,46,47,56,58,59" m="43311,48139" machi="58" ten="40,3900,0" yaku="18,1,52,1" doraHai="76" who="3" fromWho="3" sc="203,-13,316,-13,101,-13,380,39" owari="190,-21.0,303,10.3,88,-41.2,419,51.9" /></mjloggm>