<mjloggm ver="2.3"><GO type="225" lobby="0"/><UN n0="%72%69%6F%75%63%68%61%6E" n1="%E6%A1%9C%E8%8A%B1%E9%96%83%E3%80%85" n2="%E8%83%83%E3%81%A8%E8%85%B8" n3="%38%63%E3%81%AF%E3%81%A3%E3%81%97%E3%83%BC" dan="16,17,16,16" rate="2130.75,2135.84,2185.31,2088.57" sx="M,M,M,M"/><TAIKYOKU oya="0"/><INIT seed="0,0,0,1,1,129" ten="250,250,250,250" oya="0" hai0="50,73,69,88,86,93,3,82,112,95,133,99,109" hai1="4,23,7,108,24,37,35,0,51,111,87,126,38" hai2="43,21,116,47,107,105,130,76,6,56,18,10,64" hai3="33,32,122,72,39,81,115,98,49,94,75,103,124"/><T31/><D133/><U106/><E106/><V30/><F130/><W125/><G39/><N who="1" m="14858" /><E35/><V134/><F30/><W58/><G115/><T41/><D112/><U96/><E96/><V68/><F68/><W92/><G122/><T13/><D3/><U89/><E51/><V63/><F76/><W16/><G58/><T52/><D69/><U34/><E34/><V8/><F116/><W17/><G49/><T45/><D109/><N who="1" m="42059" /><E126/><V118/><F118/><W15/><G98/><T11/><D31/><N who="1" m="17823" /><E0/><V36/><F134/><W97/><G97/><T121/><D121/><U9/><E9/><V85/><F8/><W61/><G61/><T14/><D11/><U128/><E128/><V83/><F10/><W102/><G81/><AGARI ba="0,0" hai="4,7,81,87,89" m="17823,42059,14858" machi="81" ten="30,1000,0" yaku="14,1" doraHai="129" who="1" fromWho="3" sc="250,0,250,10,250,0,250,-10" /><INIT seed="1,0,0,1,2,64" ten="250,260,250,240" oya="1" hai0="5,80,7,102,53,131,123,25,115,98,10,117,78" hai1="116,47,16,40,106,44,118,105,77,71,125,37,73" hai2="2,43,108,38,48,126,134,111,129,55,41,95,50" hai3="57,20,14,23,94,60,13,82,128,76,101,135,93"/><U21/><E125/><V74/><F2/><W35/><G35/><T84/><D131/><U88/><E71/><V27/><F74/><W19/><G128/><T114/><D117/><U49/><E77/><V24/><F129/><W54/><G135/><T11/><D123/><U103/><E73/><V132/><F95/><W133/><G101/><T65/><D65/><U52/><E88/><V63/><F38/><W92/><G133/><N who="2" m="51305" /><F24/><W86/><REACH who="3" step="1"/><G93/><REACH who="3" ten="250,260,250,230" step="2"/><T4/><D115/><U51/><E37/><V61/><F126/><W119/><G119/><T89/><D114/><U75/><E75/><V29/><F111/><W6/><G6/><T18/><D89/><U90/><E90/><V62/><F108/><W130/><G130/><T22/><REACH who="0" step="1"/><D53/><REACH who="0" ten="240,260,250,230" step="2"/><U85/><E52/><V121/><F55/><W97/><G97/><T8/><D8/><U31/><E103/><V83/><F121/><W70/><G70/><T30/><D30/><U68/><E31/><V67/><F67/><W3/><G3/><T56/><D56/><U69/><E69/><V59/><F59/><W26/><G26/><T46/><D46/><U113/><E68/><V1/><F1/><W104/><G104/><AGARI ba="0,2" hai="4,5,7,10,11,18,22,25,78,80,84,98,102,104" machi="104" ten="40,1300,0" yaku="1,1,53,0" doraHai="64" doraHaiUra="109" who="0" fromWho="3" sc="240,33,260,0,250,0,230,-13" /><INIT seed="2,0,0,2,0,20" ten="273,260,250,217" oya="2" hai0="3,53,73,123,38,41,113,0,54,72,102,32,14" hai1="4,46,118,119,47,104,52,5,101,88,33,99,69" hai2="9,121,39,42,71,116,89,93,128,24,60,112,114" hai3="25,108,109,6,117,95,103,19,124,92,61,97,62"/><V131/><F116/><W84/><G117/><T29/><D123/><U98/><E69/><V122/><F9/><W49/><G6/><T134/><D113/><N who="2" m="43626" /><F24/><W100/><G124/><T63/><D134/><U43/><E33/><V34/><F34/><W26/><G49/><T48/><D102/><U65/><E65/><N who="2" m="41383" /><F93/><W55/><G55/><T21/><D32/><U36/><E118/><V87/><F87/><W8/><G8/><T57/><D41/><U66/><E66/><V115/><N who="2" m="43634" /><V10/><DORA hai="28" /><F10/><W126/><G126/><T125/><D38/><U23/><E23/><V2/><F89/><W106/><G19/><T7/><D125/><U59/><E119/><V67/><F67/><W77/><G77/><T91/><D91/><U79/><E79/><V80/><F80/><W96/><G84/><T13/><D7/><U85/><E98/><V30/><F30/><W94/><REACH who="3" step="1"/><G95/><REACH who="3" ten="273,260,250,207" step="2"/><T70/><D0/><U31/><E4/><V15/><F2/><W86/><G86/><T111/><D3/><U83/><E5/><V44/><F15/><W74/><G74/><T105/><D73/><U129/><E85/><V40/><F40/><W90/><G90/><T11/><D72/><U120/><E88/><V50/><F50/><W16/><G16/><T17/><D13/><U51/><E51/><V12/><F12/><W107/><AGARI ba="0,1" hai="25,26,61,62,92,94,96,97,100,103,106,107,108,109" machi="107" ten="25,16000,3" yaku="1,1,0,1,22,2,52,2,53,2" doraHai="20,28" doraHaiUra="22,130" who="3" fromWho="3" sc="273,-40,260,-40,250,-80,207,170" /><INIT seed="3,0,0,1,5,54" ten="233,220,170,377" oya="3" hai0="102,120,62,84,26,47,93,126,6,56,43,119,99" hai1="131,52,59,113,29,1,78,40,76,7,66,18,39" hai2="133,20,17,63,35,70,123,61,21,32,72,23,4" hai3="80,105,100,117,90,37,115,8,65,16,86,82,41"/><W81/><G117/><T68/><D120/><U27/><E113/><V12/><F72/><W110/><G115/><T124/><D119/><U85/><E66/><V5/><F70/><W106/><G65/><N who="0" m="39111" /><D68/><U92/><E131/><V33/><F123/><W53/><G110/><T28/><D6/><N who="2" m="2666" /><F61/><W98/><G106/><T89/><D47/><U64/><E64/><V103/><F63/><W87/><G41/><T3/><D3/><U31/><E40/><V0/><F103/><W101/><G101/><T34/><D43/><U42/><E42/><V125/><F125/><N who="0" m="48234" /><D102/><U130/><E39/><V94/><F94/><W108/><G108/><T57/><D57/><U24/><E130/><V104/><F104/><W14/><G37/><T75/><D75/><U121/><E121/><V109/><F109/><W127/><G127/><T134/><D134/><U88/><E1/><V49/><F49/><W71/><G71/><T116/><D116/><U128/><E128/><V13/><F133/><W45/><G87/><AGARI ba="0,0" hai="26,28,34,84,87,89,93,99" m="48234,39111" machi="87" ten="30,2000,0" yaku="18,1,52,1" doraHai="54" who="0" fromWho="3" sc="233,20,220,0,170,0,377,-20" owari="253,5.3,220,-18.0,170,-33.0,357,45.7" /></mjloggm>