<mjloggm ver="2.3"><GO type="225" lobby="0"/><UN n0="%E3%83%A9%E3%82%A4%E3%83%B3%E3%81%AE%E8%99%8E" n1="%E3%81%82%E3%81%B9%E3%81%99%E3%81%91" n2="%6D%75%75%73%61%6E%6D%75" n3="%E6%98%93%E5%88%A9%E8%96%A9%E4%BC%AF" dan="16,16,17,16" rate="2110.28,2048.31,2170.32,2111.83" sx="M,M,F,F"/><TAIKYOKU oya="0"/><INIT seed="0,0,0,1,2,64" ten="250,250,250,250" oya="0" hai0="78,121,107,59,1,19,42,83,26,66,38,134,91" hai1="133,80,9,105,37,131,36,34,45,24,122,128,29" hai2="27,40,62,106,74,32,25,12,63,120,11,14,135" hai3="46,65,49,109,50,112,88,8,114,127,102,57,103"/><T119/><D119/><U95/><E122/><V23/><F120/><W54/><G109/><T52/><D121/><U21/><E105/><V90/><F135/><W60/><G127/><T75/><D134/><U47/><E133/><V0/><F106/><W111/><G111/><T129/><D107/><U53/><E9/><V99/><F74/><W15/><G114/><T22/><D129/><N who="1" m="49739" /><E80/><V39/><F39/><N who="1" m="14921" /><E53/><V123/><F123/><W86/><G50/><T89/><D1/><U94/><E34/><V96/><F0/><W35/><G35/><T7/><D7/><U126/><E126/><V56/><F40/><W77/><G77/><T2/><D2/><U17/><E17/><V4/><F32/><W76/><G76/><T118/><D118/><U72/><E72/><V10/><F90/><W68/><G68/><T132/><D132/><U104/><E104/><V20/><REACH who="2" step="1"/><F56/><REACH who="2" ten="250,250,240,250" step="2"/><W70/><G70/><T18/><D42/><U51/><E47/><V125/><F125/><W41/><G41/><T61/><D38/><U130/><E130/><V87/><F87/><W3/><G3/><T43/><D43/><U81/><E45/><V44/><F44/><W97/><G112/><T33/><D33/><U28/><E28/><V48/><F48/><W58/><G58/><T93/><D91/><U73/><E51/><V82/><F82/><N who="3" m="49239" /><G97/><N who="0" m="57519" /><D19/><AGARI ba="0,1" hai="8,15,19,46,49,54,57,60,65,102,103" m="49239" machi="19" ten="30,3900,0" yaku="25,1,8,1,54,1" doraHai="64" who="3" fromWho="0" sc="250,-39,250,0,240,0,250,49" /><INIT seed="1,0,0,4,0,46" ten="211,250,240,299" oya="1" hai0="57,69,45,120,3,42,30,7,108,125,17,11,119" hai1="90,96,124,44,1,43,35,28,135,40,62,74,70" hai2="10,12,53,65,106,105,33,32,100,27,117,58,91" hai3="48,15,16,22,72,131,37,0,102,34,4,121,24"/><U127/><E74/><V67/><F117/><W66/><G37/><T92/><D69/><U116/><E116/><V107/><F100/><W25/><G72/><T19/><D119/><U132/><E1/><V85/><F65/><W63/><G121/><T36/><D108/><U18/><E35/><V115/><F67/><W38/><G38/><T26/><D125/><N who="1" m="48203" /><E28/><V83/><F115/><W13/><G131/><T31/><D120/><U56/><E70/><V128/><F128/><W55/><G102/><T104/><D104/><U80/><E18/><V2/><F2/><W126/><G126/><T97/><D30/><U87/><E96/><V64/><F64/><W52/><G55/><T129/><D129/><U54/><E43/><V133/><F133/><W98/><G98/><T93/><D57/><U110/><E110/><V82/><F27/><W50/><G34/><T113/><D113/><U95/><E80/><V41/><F83/><W86/><G86/><T49/><D36/><AGARI ba="0,0" hai="36,40,44,54,56,62,87,90,95,132,135" m="48203" machi="36" ten="30,1500,0" yaku="18,1" doraHai="46" who="1" fromWho="0" sc="211,-15,250,15,240,0,299,0" /><INIT seed="1,1,0,3,4,42" ten="196,265,240,299" oya="1" hai0="112,119,99,111,50,14,16,28,66,91,46,107,89" hai1="30,122,53,61,56,33,77,117,26,123,7,87,19" hai2="102,24,103,44,109,110,92,79,15,120,116,63,12" hai3="8,96,1,85,95,108,29,93,5,94,124,43,39"/><U22/><E117/><V4/><F116/><W55/><G108/><N who="2" m="41577" /><F120/><W54/><G124/><T3/><D111/><U41/><E7/><V57/><F79/><W114/><G114/><T78/><D112/><U58/><E41/><V34/><F44/><W131/><G131/><T9/><D119/><U70/><E70/><V130/><F130/><W125/><G125/><T84/><D3/><U17/><E17/><V90/><F24/><W104/><G29/><T40/><D28/><U101/><E101/><N who="2" m="38411" /><F34/><W47/><G104/><T52/><D107/><U32/><E32/><V37/><F37/><W83/><REACH who="3" step="1"/><G96/><REACH who="3" ten="196,265,240,289" step="2"/><T45/><D99/><U59/><E123/><V48/><F4/><W127/><G127/><T18/><D18/><U105/><E105/><V106/><F106/><W0/><G0/><T75/><D75/><U100/><E122/><V129/><F129/><W23/><G23/><T64/><D78/><AGARI ba="1,1" hai="1,5,8,39,43,47,54,55,78,83,85,93,94,95" machi="78" ten="40,5200,0" yaku="1,1,52,1,53,1" doraHai="42" doraHaiUra="2" who="3" fromWho="0" sc="196,-55,265,0,240,0,289,65" /><INIT seed="2,0,0,3,1,76" ten="141,265,240,354" oya="2" hai0="81,87,2,68,31,40,39,71,33,12,82,55,44" hai1="57,38,18,84,129,32,17,15,5,26,109,8,134" hai2="103,23,25,83,72,132,75,6,30,85,102,96,104" hai3="49,91,135,116,97,123,28,63,114,120,0,122,125"/><V93/><F132/><W56/><G116/><T79/><D2/><U1/><E38/><V52/><F6/><W67/><G0/><T117/><D117/><U108/><E84/><V3/><F3/><W29/><G114/><T37/><D37/><U92/><E92/><V112/><F112/><W130/><G130/><T45/><D12/><N who="1" m="7303" /><E57/><V74/><F103/><W88/><G125/><T22/><D22/><N who="1" m="11615" /><E134/><V66/><F66/><W42/><G135/><T107/><D107/><U106/><E106/><V95/><REACH who="2" step="1"/><F52/><REACH who="2" ten="141,265,230,354" step="2"/><W69/><G122/><T111/><D55/><U115/><E115/><V90/><AGARI ba="0,1" hai="23,25,30,72,74,75,83,85,90,93,95,96,102,104" machi="90" ten="30,11700,0" yaku="1,1,2,1,0,1,52,1,53,0" doraHai="76" doraHaiUra="110" who="2" fromWho="2" sc="141,-39,265,-39,230,127,354,-39" /><INIT seed="2,1,0,0,3,1" ten="102,226,357,315" oya="2" hai0="42,19,111,36,124,103,6,38,60,52,39,65,55" hai1="25,37,18,122,102,127,32,92,82,100,0,66,63" hai2="21,96,5,99,109,2,29,113,15,79,48,4,23" hai3="62,3,14,70,81,34,26,104,13,68,45,123,89"/><V50/><F113/><W57/><G104/><T69/><D103/><U107/><E0/><V88/><F2/><W20/><G3/><T129/><D6/><N who="2" m="2666" /><F109/><W73/><G34/><T132/><D19/><U85/><E37/><N who="0" m="14441" /><D111/><U114/><E102/><V61/><F79/><W53/><G45/><N who="0" m="23775" /><D124/><U54/><E107/><V119/><F61/><W40/><G40/><T101/><D101/><U110/><E63/><V97/><F119/><W105/><G105/><T51/><D132/><U94/><E127/><V95/><F15/><W35/><G35/><T118/><D118/><U83/><E32/><V64/><F64/><W41/><G14/><T135/><D135/><U76/><E66/><V130/><F130/><W115/><G13/><T87/><D87/><U116/><E85/><N who="2" m="52623" /><F29/><W75/><G75/><T24/><D24/><U10/><E25/><V84/><F84/><W59/><G26/><T16/><D16/><U27/><E27/><V8/><F8/><W71/><G20/><AGARI ba="1,0" hai="20,21,23,48,50,96,97,99" m="52623,2666" machi="20" ten="30,12000,1" yaku="8,1,52,3,54,1" doraHai="1" who="2" fromWho="3" sc="102,0,226,0,357,123,315,-123" /><INIT seed="2,2,0,1,4,60" ten="102,226,480,192" oya="2" hai0="32,84,49,26,3,80,21,134,45,117,133,103,89" hai1="95,56,109,108,54,0,102,28,16,81,86,129,64" hai2="47,105,111,23,135,120,10,40,112,17,1,124,91" hai3="110,43,68,66,97,132,87,76,94,6,130,8,75"/><V96/><F112/><W85/><G110/><N who="1" m="42602" /><E0/><V65/><F120/><W50/><G132/><T101/><D32/><U2/><E2/><V90/><F135/><N who="0" m="51722" /><D3/><U51/><E129/><V27/><F111/><W13/><G130/><T82/><D82/><U58/><E28/><V42/><F124/><W5/><G5/><T29/><D117/><U7/><E7/><V35/><F35/><W38/><G38/><T12/><D12/><U121/><E121/><V33/><F33/><W93/><G75/><T69/><D69/><U37/><E37/><V25/><F25/><W67/><G68/><T61/><D61/><N who="1" m="37927" /><E102/><V122/><F122/><W71/><G71/><T18/><D29/><U131/><E95/><N who="3" m="36362" /><G97/><T48/><D48/><U79/><E131/><V104/><F96/><W4/><G4/><T24/><D26/><U53/><E53/><AGARI ba="2,0" hai="18,21,24,45,49,53,80,84,89,101,103" m="51722" machi="53" ten="30,1000,0" yaku="20,1" doraHai="60" who="0" fromWho="1" sc="102,16,226,-16,480,0,192,0" /><INIT seed="3,0,0,3,4,93" ten="118,210,480,192" oya="3" hai0="117,26,55,53,121,14,128,10,113,109,126,3,48" hai1="0,114,20,43,71,94,115,66,111,103,70,13,9" hai2="16,127,86,73,88,54,118,106,133,38,56,75,74" hai3="51,40,69,29,62,129,124,58,130,91,135,101,60"/><W119/><G29/><T87/><D117/><U5/><E111/><V57/><F118/><W123/><G119/><T27/><D109/><U61/><E43/><V7/><F38/><W33/><G33/><T112/><D121/><U95/><E71/><V108/><F108/><W37/><G123/><T15/><D3/><U96/><E95/><V65/><F106/><W50/><G101/><T132/><D132/><U17/><AGARI ba="0,0" hai="0,5,9,13,17,20,61,66,70,94,96,103,114,115" machi="17" ten="30,2000,0" yaku="0,1,52,1" doraHai="93" who="1" fromWho="1" sc="118,-5,210,20,480,-5,192,-10" owari="113,-38.7,230,3.0,475,57.5,182,-21.8" /></mjloggm>