<mjloggm ver="2.3"><GO type="225" lobby="0"/><UN n0="%E3%83%97%E3%83%AC%E3%83%B4%E3%82%A1%E3%83%86%E3%82%A3" n1="%E3%81%86%E3%82%8C%E3%81%9F%E3%82%93%E6%9E%95" n2="%E8%83%83%E3%81%A8%E8%85%B8" n3="%28%EF%BF%A3%E2%96%BD%EF%BF%A3%29%CE%B4%E2%8C%92%E3%83%BB" dan="16,16,17,16" rate="2120.63,2097.51,2263.21,2118.50" sx="F,F,M,M"/><TAIKYOKU oya="0"/><INIT seed="0,0,0,4,4,57" ten="250,250,250,250" oya="0" hai0="23,125,68,71,121,118,8,127,9,114,25,32,24" hai1="36,91,134,63,60,12,49,110,5,30,81,2,96" hai2="16,77,65,59,15,124,41,130,108,100,98,101,44" hai3="128,11,109,94,7,43,117,73,54,90,79,55,46"/><T29/><D118/><U4/><E134/><V132/><F108/><W135/><G117/><T17/><D114/><U83/><E36/><V126/><F132/><W14/><G135/><T10/><D71/><U6/><E2/><V102/><F130/><W80/><G109/><T88/><D68/><U86/><E110/><V69/><F69/><W103/><G103/><T133/><D133/><U107/><E30/><V75/><F98/><W120/><G128/><T115/><D115/><U70/><E70/><V113/><F113/><W129/><G120/><T3/><D88/><N who="1" m="51279" /><E107/><V40/><F77/><W0/><G14/><T33/><D121/><U78/><E78/><V21/><F75/><W99/><REACH who="3" step="1"/><G129/><REACH who="3" ten="250,250,250,240" step="2"/><T62/><D3/><U50/><E12/><V112/><F112/><W22/><G22/><T31/><D62/><N who="1" m="23595" /><E96/><V61/><REACH who="2" step="1"/><F40/><REACH who="2" ten="250,250,240,240" step="2"/><W42/><G42/><T106/><D106/><U53/><E53/><V1/><F1/><W97/><G97/><T18/><REACH who="0" step="1"/><D23/><REACH who="0" ten="240,250,240,240" step="2"/><U84/><AGARI ba="0,3" hai="4,5,6,49,50,83,84,91" m="23595,51279" machi="84" ten="30,8000,1" yaku="8,1,52,3,54,1" doraHai="57" who="1" fromWho="1" sc="240,-40,250,110,240,-20,240,-20" /><INIT seed="1,0,0,5,2,74" ten="200,360,220,220" oya="1" hai0="115,41,49,6,131,12,133,87,35,124,91,51,84" hai1="3,40,22,89,62,11,55,47,100,126,15,96,13" hai2="45,117,52,29,65,59,70,25,119,76,79,123,129" hai3="72,64,67,110,31,10,130,73,68,53,20,42,77"/><U111/><E126/><V32/><F123/><W58/><G130/><T83/><D124/><U66/><E111/><V101/><F129/><W21/><G110/><T69/><D69/><U86/><E3/><V50/><F70/><W38/><G10/><N who="0" m="4183" /><D35/><U132/><E132/><V27/><F101/><W125/><G125/><T46/><D131/><U57/><E22/><V2/><F2/><W60/><G67/><T5/><D133/><U81/><E66/><V37/><F27/><W18/><G31/><T19/><D115/><U7/><E15/><V23/><F32/><W36/><G21/><T128/><D128/><U48/><E100/><V120/><F120/><W80/><G42/><T92/><D5/><U93/><E96/><V85/><F85/><W116/><G72/><T0/><D0/><U43/><E43/><V95/><F95/><AGARI ba="0,0" hai="7,11,13,40,47,48,55,57,62,81,86,89,93,95" machi="95" ten="40,2000,0" yaku="8,1" doraHai="74" who="1" fromWho="2" sc="200,0,360,20,220,-20,220,0" /><INIT seed="1,1,0,1,3,121" ten="200,380,200,220" oya="1" hai0="125,67,69,122,77,97,15,37,45,64,19,62,74" hai1="33,56,124,109,111,101,60,21,66,6,32,65,38" hai2="11,34,20,54,14,49,4,103,28,118,24,87,41" hai3="100,94,35,59,120,96,133,95,114,0,128,98,29"/><U106/><E124/><V1/><F118/><W48/><G0/><T25/><D125/><U27/><E38/><V71/><F71/><W44/><G120/><T130/><D122/><U134/><E134/><V43/><F103/><W126/><G133/><T53/><D130/><U135/><E135/><V55/><F87/><W31/><G128/><T127/><D127/><U90/><E6/><V91/><F91/><W36/><G126/><T12/><D67/><U52/><E90/><V76/><F76/><W22/><G35/><T132/><D132/><U58/><E101/><V88/><F88/><N who="3" m="55367" /><G36/><T78/><D97/><U72/><E72/><V51/><F51/><W89/><G114/><T123/><D123/><U82/><E82/><V26/><F54/><N who="3" m="29959" /><G100/><T70/><D70/><U23/><E106/><V84/><F84/><W131/><G131/><T42/><D74/><U47/><E47/><V7/><F7/><W119/><G119/><T79/><D53/><U115/><E115/><V116/><F116/><W57/><G22/><T16/><D25/><U92/><E92/><V85/><F85/><W105/><G105/><T63/><D62/><N who="1" m="36103" /><E66/><V75/><F75/><W73/><G73/><T83/><D83/><U81/><E81/><V80/><F80/><W46/><G46/><T68/><D68/><U108/><E21/><V112/><F112/><W30/><AGARI ba="1,0" hai="29,30,31,57,59,89,95,98" m="29959,55367" machi="30" ten="30,2000,0" yaku="8,1,54,1" doraHai="121" who="3" fromWho="3" sc="200,-6,380,-11,200,-6,220,23" /><INIT seed="2,0,0,2,2,9" ten="194,369,194,243" oya="2" hai0="35,84,5,42,31,76,81,25,101,10,109,26,96" hai1="95,132,82,13,44,64,105,71,16,111,56,36,15" hai2="69,73,127,117,18,33,103,45,49,128,102,129,47" hai3="108,74,54,78,83,12,87,50,110,91,39,92,124"/><V115/><F115/><W60/><G39/><T58/><D109/><U65/><E111/><V63/><F117/><W14/><G110/><T85/><D26/><U37/><E105/><V131/><F127/><W28/><G108/><T126/><D126/><U116/><E71/><V34/><F73/><W57/><G124/><T29/><D29/><U98/><E116/><V112/><F112/><W46/><REACH who="3" step="1"/><G28/><REACH who="3" ten="194,369,194,233" step="2"/><T19/><D19/><U134/><E36/><V66/><F18/><W2/><G2/><T61/><D42/><AGARI ba="0,1" hai="12,14,42,46,50,54,57,60,74,78,83,87,91,92" machi="42" ten="30,8000,1" yaku="1,1,7,1,52,2,53,1" doraHai="9" doraHaiUra="55" who="3" fromWho="0" sc="194,-80,369,0,194,0,233,90" /><INIT seed="3,0,0,4,1,24" ten="114,369,194,323" oya="3" hai0="118,77,14,53,23,100,13,60,135,44,25,9,49" hai1="123,117,38,30,121,85,108,115,10,94,51,98,73" hai2="76,32,3,92,29,8,26,46,111,64,132,12,21" hai3="122,2,68,35,104,82,95,125,37,127,124,78,58"/><W75/><G68/><T101/><D118/><U65/><E85/><V114/><F92/><W134/><G104/><T80/><D135/><U1/><E51/><V71/><F46/><W11/><G134/><T17/><D13/><U4/><E30/><N who="2" m="19543" /><F64/><W18/><G35/><T106/><D106/><U119/><E10/><V131/><F71/><W34/><G34/><T105/><D105/><U129/><E4/><N who="2" m="1055" /><F76/><W28/><G28/><T33/><D33/><U103/><E1/><V99/><F99/><W19/><G122/><T39/><D39/><U133/><E38/><V70/><F70/><W0/><G37/><T113/><D113/><U87/><E115/><V20/><F111/><W66/><G95/><T42/><D60/><U61/><E133/><V88/><F88/><W84/><G75/><T43/><D43/><U55/><E108/><V120/><F120/><W6/><REACH who="3" step="1"/><G0/><REACH who="3" ten="114,369,194,313" step="2"/><T72/><D72/><U40/><E73/><V93/><F93/><W83/><G83/><T63/><D80/><U57/><E123/><V110/><F132/><W107/><G107/><T97/><D97/><U102/><E121/><V89/><F110/><W109/><G109/><T22/><D77/><U96/><E94/><V130/><F114/><W81/><G81/><T45/><D23/><N who="2" m="8778" /><F29/><W47/><G47/><T112/><D112/><U74/><E74/><V41/><F89/><W126/><N who="3" m="31744" /><DORA hai="16" /><W5/><G5/><N who="0" m="3375" /><D44/><U67/><E119/><V52/><F131/><W59/><G59/><N who="0" m="35311" /><D101/><U15/><E129/><V86/><F130/><W7/><G7/><T56/><D100/><N who="1" m="38443" /><E117/><V79/><F79/><RYUUKYOKU ba="0,1" sc="114,15,369,-15,194,-15,313,15" hai0="17,22,25,42,45,49,56" hai3="2,6,11,18,19,58,66,78,82,84" /><INIT seed="3,1,1,4,2,99" ten="129,354,179,328" oya="3" hai0="77,3,66,112,70,118,102,56,71,60,116,58,86" hai1="134,95,69,61,51,8,59,89,84,1,34,74,105" hai2="81,4,7,122,75,97,16,57,94,24,67,62,35" hai3="76,83,100,22,90,87,48,127,37,117,9,119,92"/><W38/><G127/><T40/><D3/><U55/><E34/><V44/><F122/><W131/><G131/><T27/><D112/><U72/><E134/><V114/><F114/><W10/><G38/><T33/><D40/><U20/><E105/><V125/><F125/><W15/><G37/><T41/><D41/><U93/><E93/><V26/><F44/><W108/><G108/><T12/><D12/><U120/><E120/><V46/><F46/><W96/><G22/><T52/><D77/><U79/><E20/><V39/><F39/><W23/><G23/><T128/><D86/><U50/><E79/><V5/><F35/><W135/><G135/><T101/><D128/><U2/><E2/><V42/><F42/><W28/><G28/><T130/><D130/><U121/><E121/><V133/><F133/><W78/><G10/><T29/><D58/><U107/><E107/><V109/><F109/><W30/><G30/><T132/><D132/><U18/><E50/><V91/><F75/><W124/><G124/><T31/><D31/><U104/><E104/><V43/><F43/><W64/><G64/><T45/><D45/><N who="1" m="28143" /><E69/><V129/><F129/><W63/><G63/><T113/><D113/><U49/><E49/><V54/><F67/><W36/><G36/><T88/><D88/><U85/><E1/><V73/><F73/><W103/><G48/><N who="0" m="30727" /><D71/><U11/><E74/><V65/><F65/><W25/><G25/><T110/><D110/><U80/><E72/><V14/><F26/><W111/><G111/><T47/><D47/><U0/><E0/><V6/><F24/><RYUUKYOKU ba="1,1" sc="129,30,354,-10,179,-10,328,-10" hai0="27,29,33,60,66,70,101,102,116,118" owari="159,-34.1,354,45.4,169,-23.1,318,11.8" /></mjloggm>