<mjloggm ver="2.3"><GO type="225" lobby="0"/><UN n0="%E6%98%93%E5%88%A9%E8%96%A9%E4%BC%AF" n1="%E4%BF%BA%E3%81%A8%E5%A6%96%E5%A4%A2" n2="%E3%83%B4%E3%83%A0%EF%BC%99%E3%81%A6" n3="%E3%81%8B%E3%82%8F%E3%81%A1%E3%82%83%E3%82%93%35%38" dan="16,17,16,17" rate="2119.07,2187.68,2123.34,2206.19" sx="F,F,M,M"/><TAIKYOKU oya="0"/><INIT seed="0,0,0,1,3,37" ten="250,250,250,250" oya="0" hai0="65,14,99,50,127,5,87,92,4,135,112,28,31" hai1="89,36,22,68,101,52,80,72,88,117,95,19,90" hai2="100,107,11,64,17,3,45,69,43,84,63,54,110" hai3="82,93,132,71,130,73,21,25,15,122,109,76,48"/><T61/><D112/><U70/><E117/><V91/><F110/><W114/><G71/><T33/><D135/><U30/><E30/><V58/><F107/><W115/><G109/><T53/><D87/><U126/><E126/><V2/><F100/><W121/><G15/><T32/><D31/><U97/><E36/><V55/><F17/><W38/><G38/><T6/><D14/><U86/><E72/><V8/><F8/><W94/><G48/><T23/><D23/><U105/><E105/><V81/><F11/><W20/><G25/><T124/><D28/><U41/><E41/><V49/><REACH who="2" step="1"/><F55/><REACH who="2" ten="250,250,240,250" step="2"/><W123/><G115/><T108/><D108/><U118/><E52/><V44/><F44/><W129/><G114/><T133/><D127/><U0/><E118/><V39/><AGARI ba="0,1" hai="2,3,39,43,45,49,54,58,63,64,69,81,84,91" machi="39" ten="20,16000,3" yaku="1,1,0,1,7,1,24,2,52,1,53,2" doraHai="37" doraHaiUra="34" who="2" fromWho="2" sc="250,-80,250,-40,240,170,250,-40" /><INIT seed="1,0,0,3,0,74" ten="170,210,410,210" oya="1" hai0="59,5,82,122,112,99,34,39,26,44,46,80,114" hai1="67,24,43,38,14,48,28,113,27,119,129,2,63" hai2="31,111,115,50,83,55,117,88,96,16,108,49,123" hai3="35,11,41,84,135,98,79,103,102,73,61,75,87"/><U36/><E113/><V95/><F117/><W100/><G61/><T86/><D122/><U15/><E119/><V7/><F123/><W29/><G11/><T97/><D5/><U71/><E2/><V118/><F118/><W106/><G41/><T62/><D112/><U109/><E129/><V57/><F115/><W89/><G29/><T104/><D82/><U124/><E124/><V110/><F7/><W133/><G35/><T6/><D6/><U30/><E109/><V101/><F31/><W64/><G64/><T85/><D85/><N who="3" m="32841" /><G73/><T105/><D34/><U25/><E48/><N who="2" m="18539" /><F83/><N who="3" m="45567" /><G89/><T53/><D26/><U81/><E81/><V120/><F120/><W93/><G93/><T10/><D10/><U121/><E121/><V116/><F116/><W131/><G131/><T125/><D125/><U0/><E0/><V33/><F33/><W18/><G18/><T19/><D19/><U77/><E77/><V17/><F88/><W21/><G21/><T3/><D3/><U45/><E36/><V107/><F95/><W23/><G23/><T128/><D128/><U66/><E67/><V12/><F12/><W130/><G130/><T37/><D37/><U40/><E40/><V78/><F78/><W51/><G51/><AGARI ba="0,0" hai="16,17,51,55,57,96,101,107,108,110,111" m="18539" machi="51" ten="30,2000,0" yaku="14,1,54,1" doraHai="74" who="2" fromWho="3" sc="170,0,210,0,410,20,210,-20" /><INIT seed="2,0,0,2,3,23" ten="170,210,430,190" oya="2" hai0="38,45,11,131,113,29,30,41,84,74,34,42,53" hai1="124,66,51,36,81,13,57,35,77,10,103,25,19" hai2="88,72,133,102,87,97,58,52,17,130,98,108,60" hai3="20,107,116,67,26,43,47,6,112,8,80,117,61"/><V56/><F72/><W135/><G135/><T27/><D74/><U3/><E36/><V89/><F133/><W125/><G125/><T109/><D113/><U54/><E124/><V106/><F130/><W2/><G80/><T4/><D109/><U123/><E123/><V111/><F97/><W68/><G107/><T48/><D131/><U59/><E103/><V71/><F71/><W86/><G86/><T14/><D38/><U120/><E120/><V22/><F58/><W44/><G112/><T0/><D30/><U46/><E66/><V7/><F7/><W37/><REACH who="3" step="1"/><G44/><REACH who="3" ten="170,210,430,180" step="2"/><T31/><D84/><U28/><E3/><V18/><F87/><AGARI ba="0,1" hai="10,13,19,25,28,35,46,51,54,57,59,77,81,87" machi="87" ten="30,2000,0" yaku="7,1,52,1" doraHai="23" who="1" fromWho="2" sc="170,0,210,30,430,-20,180,0" /><INIT seed="3,0,0,2,5,33" ten="170,240,410,180" oya="3" hai0="5,41,61,69,31,49,86,35,52,98,15,23,38" hai1="97,10,106,1,25,11,99,2,75,13,39,47,133" hai2="42,104,117,122,84,87,45,70,130,19,132,50,71" hai3="103,113,107,12,100,115,54,30,6,57,27,66,62"/><W123/><G123/><T55/><D35/><U96/><E106/><V85/><F104/><W26/><G113/><T91/><D38/><U21/><E75/><V108/><F117/><W94/><G115/><T89/><D69/><U125/><E125/><V8/><F122/><W67/><G107/><T14/><D98/><U18/><E133/><V126/><F126/><W29/><G6/><T22/><D41/><U68/><E68/><V129/><F132/><W118/><G12/><N who="0" m="4651" /><D5/><U0/><E25/><N who="3" m="9226" /><G118/><T65/><D31/><N who="3" m="11785" /><G94/><N who="0" m="54583" /><D65/><AGARI ba="0,0" hai="54,57,62,65,66,67,100,103" m="11785,9226" machi="65" ten="30,1500,0" yaku="8,1" doraHai="33" who="3" fromWho="0" sc="170,-15,240,0,410,0,180,15" /><INIT seed="3,1,0,1,5,66" ten="155,240,410,195" oya="3" hai0="133,43,28,106,31,116,82,22,128,74,101,18,105" hai1="58,36,115,10,11,111,8,45,87,2,125,110,118" hai2="90,77,113,17,135,109,37,56,67,70,104,64,35" hai3="127,117,99,78,24,93,50,34,46,65,71,5,69"/><W91/><G117/><T108/><D116/><U6/><E115/><V114/><F104/><W14/><G65/><T40/><D108/><N who="1" m="41515" /><E118/><V120/><F35/><W85/><G127/><T59/><D133/><U48/><E125/><V21/><F109/><W26/><G34/><T126/><D126/><U122/><E122/><V19/><F37/><W73/><G73/><T62/><D128/><U9/><E58/><V33/><F33/><W130/><G130/><T30/><D74/><U12/><E36/><V129/><F129/><W51/><G51/><T15/><D82/><U83/><E12/><V84/><F135/><W32/><G32/><T103/><D106/><U112/><E112/><V121/><F77/><W57/><G57/><T88/><D105/><U75/><E75/><V107/><F107/><W3/><G3/><T4/><D4/><U123/><E123/><N who="2" m="47179" /><F56/><W63/><G63/><T68/><D68/><U25/><E25/><N who="2" m="14511" /><F19/><W94/><G24/><T132/><D132/><U42/><E10/><V92/><F67/><W13/><G26/><T86/><D103/><U55/><E55/><V53/><F53/><N who="3" m="29911" /><G78/><AGARI ba="1,0" hai="2,6,8,9,11,42,45,48,78,83,87" m="41515" machi="78" ten="30,1000,0" yaku="14,1" doraHai="66" who="1" fromWho="3" sc="155,0,240,13,410,0,195,-13" owari="155,-34.5,253,5.3,410,51.0,182,-21.8" /></mjloggm>