<mjloggm ver="2.3"><GO type="225" lobby="0"/><UN n0="%E8%A8%88%E7%AE%97%E6%A9%9F%E8%87%AA%E7%84%B6" n1="%E3%81%A1%E3%82%85%E3%81%86%E3%81%A9%E3%81%8F%E8%B1%A1%E3%81%95%E3%82%93" n2="%70%68%65%6E%6F%6D%65" n3="%E7%BD%AA%E5%88%91%E6%B3%95%E5%AE%9A%E4%B8%BB%E7%BE%A9" dan="17,16,16,16" rate="2223.22,2147.09,2152.80,2176.10" sx="M,M,M,M"/><TAIKYOKU oya="0"/><INIT seed="0,0,0,3,2,13" ten="250,250,250,250" oya="0" hai0="116,103,82,119,123,23,89,16,1,131,24,33,4" hai1="78,68,58,64,56,70,46,133,7,128,98,30,115" hai2="8,95,34,114,14,47,72,43,124,18,74,118,108" hai3="17,15,36,79,105,10,67,87,96,126,48,44,97"/><T40/><D103/><U130/><E78/><V6/><F114/><W104/><G36/><T80/><D40/><U76/><E76/><V86/><F108/><W107/><G126/><T37/><D37/><U122/><E30/><V22/><F124/><W92/><G67/><T20/><D89/><U51/><E7/><V85/><F34/><W55/><REACH who="3" step="1"/><G92/><REACH who="3" ten="250,250,250,240" step="2"/><T112/><D112/><U3/><E64/><V29/><F95/><W90/><G90/><T132/><D119/><U54/><E115/><V42/><F118/><W135/><G135/><T50/><D132/><U0/><E133/><V102/><F102/><W101/><G101/><T62/><D116/><U84/><E122/><V66/><F66/><W69/><G69/><T120/><D123/><U73/><E70/><V94/><F94/><W100/><G100/><T134/><D120/><U63/><E68/><V11/><F72/><W83/><AGARI ba="0,1" hai="10,15,17,44,48,55,79,83,87,96,97,104,105,107" machi="83" ten="40,8000,1" yaku="1,1,0,1,52,1,53,1" doraHai="13" doraHaiUra="41" who="3" fromWho="3" sc="250,-40,250,-20,250,-20,240,90" /><INIT seed="1,0,0,1,3,68" ten="210,230,230,330" oya="1" hai0="0,96,100,34,53,47,123,118,42,43,52,79,12" hai1="89,41,61,67,8,26,30,132,119,97,64,127,33" hai2="19,15,7,45,95,48,18,133,87,74,117,1,121" hai3="120,44,130,11,5,99,3,25,93,55,32,90,4"/><U23/><E119/><V21/><F117/><W113/><G113/><T62/><D0/><U6/><E132/><V20/><F121/><W131/><G120/><T46/><D118/><U86/><E127/><V35/><F74/><W16/><G32/><T70/><D34/><U112/><E112/><V88/><F35/><W50/><REACH who="3" step="1"/><G5/><REACH who="3" ten="210,230,230,320" step="2"/><T27/><D123/><U71/><E33/><V31/><F133/><W124/><G124/><T22/><D42/><U28/><E41/><N who="2" m="24623" /><F1/><W105/><G105/><T63/><D43/><U49/><E67/><V58/><F7/><W17/><G17/><T92/><D53/><U82/><E28/><V135/><F135/><W115/><G115/><T126/><D52/><U101/><E49/><V103/><F31/><W54/><G54/><T69/><D126/><U111/><E111/><V72/><F72/><W128/><G128/><T125/><D125/><U39/><E6/><V59/><F103/><W102/><G102/><T107/><D100/><U75/><E75/><V108/><F108/><W9/><G9/><T66/><D107/><U65/><E8/><V2/><F2/><W78/><G78/><T77/><D79/><U91/><E65/><V24/><AGARI ba="0,1" hai="15,18,19,20,21,24,58,59,87,88,95" m="24623" machi="24" ten="30,2000,0" yaku="8,1,54,1" doraHai="68" who="2" fromWho="2" sc="210,-5,230,-10,230,30,320,-5" /><INIT seed="2,0,0,2,2,37" ten="205,220,260,315" oya="2" hai0="33,102,13,25,120,68,27,2,63,62,71,53,124" hai1="32,67,105,1,83,92,23,134,42,73,56,3,89" hai2="40,77,52,131,69,80,31,38,66,126,36,12,82" hai3="29,54,4,119,100,65,28,90,114,127,109,6,97"/><V10/><F126/><W132/><G119/><T24/><D2/><U18/><E105/><V48/><F31/><W98/><G127/><T88/><D124/><U34/><E134/><V107/><F107/><W135/><G109/><T55/><D33/><U130/><E130/><V43/><F131/><W123/><G123/><T125/><D125/><U76/><E42/><N who="2" m="15915" /><F69/><W128/><G65/><T110/><D102/><U129/><E129/><V35/><F35/><W45/><G128/><T93/><D120/><U78/><E78/><V75/><F75/><W17/><G114/><T64/><D110/><U16/><E18/><N who="2" m="8471" /><F38/><W74/><G74/><T101/><D101/><U106/><E106/><V21/><F36/><W111/><G111/><T50/><D13/><U122/><E122/><V41/><F66/><W20/><G135/><T5/><D5/><U70/><E70/><V81/><N who="2" m="15923" /><V85/><DORA hai="9" /><F21/><W95/><G132/><T117/><D117/><U103/><E32/><V51/><F51/><N who="3" m="29039" /><G29/><T113/><D113/><U108/><E34/><V26/><F26/><N who="3" m="14607" /><G28/><T44/><D53/><U61/><E108/><V79/><F77/><W91/><G4/><T46/><D68/><U99/><E1/><V84/><F79/><W116/><G116/><T47/><REACH who="0" step="1"/><D63/><REACH who="0" ten="195,220,260,315" step="2"/><U59/><E3/><V118/><F118/><W86/><G6/><T115/><D115/><U133/><E133/><V72/><F72/><W22/><G22/><T58/><D58/><AGARI ba="0,1" hai="48,52,58,80,81,82,84,85" m="8471,15923" machi="58" ten="40,18000,2" yaku="8,1,52,5,54,1" doraHai="37,9" who="2" fromWho="0" sc="195,-180,220,0,260,190,315,0" /><INIT seed="2,1,0,2,1,118" ten="15,220,450,315" oya="2" hai0="7,28,103,18,33,40,54,29,3,20,106,120,67" hai1="31,75,134,36,96,125,39,124,2,30,64,98,9" hai2="22,105,38,85,116,130,121,129,104,114,57,78,76" hai3="95,92,11,128,82,77,84,72,10,79,88,43,34"/><V50/><F116/><W53/><G34/><T108/><D54/><U5/><E64/><V126/><F121/><W93/><G128/><T48/><D48/><U122/><E75/><V109/><F38/><W44/><G53/><T55/><D55/><U52/><E134/><V21/><F85/><W12/><G79/><T63/><D40/><U81/><E81/><V27/><F27/><W23/><G23/><T25/><D108/><U24/><E52/><V83/><F83/><W102/><G102/><T56/><D28/><U61/><E61/><V60/><F114/><W73/><G73/><T17/><D7/><U62/><E62/><V115/><F115/><W66/><G66/><T32/><D3/><U58/><E58/><V86/><F86/><W113/><G10/><T101/><D101/><U13/><E2/><V26/><F60/><W94/><G113/><T19/><D106/><U46/><E46/><V14/><F26/><W35/><G35/><T89/><D89/><U74/><E5/><V42/><F126/><W59/><G59/><T97/><REACH who="0" step="1"/><D120/><REACH who="0" ten="5,220,450,315" step="2"/><U80/><E122/><V70/><F42/><W133/><G133/><T45/><D45/><U49/><E49/><V6/><F105/><W91/><G44/><T51/><D51/><U1/><E30/><V135/><F104/><W15/><G43/><T119/><D119/><U69/><E1/><V100/><F135/><W107/><G107/><T8/><D8/><U123/><E9/><V132/><F132/><W117/><G117/><T110/><D110/><U112/><E123/><V111/><F109/><W0/><G91/><RYUUKYOKU ba="1,1" sc="5,15,220,-15,450,-15,315,15" hai0="17,18,19,20,25,29,32,33,56,63,67,97,103" hai3="0,11,12,15,72,77,82,84,88,92,93,94,95" /><INIT seed="3,2,1,3,5,6" ten="20,205,435,330" oya="3" hai0="61,55,93,83,100,57,132,43,111,41,122,135,9" hai1="113,3,58,40,8,88,38,53,28,104,50,54,60" hai2="118,66,76,101,32,131,134,98,15,19,37,79,56" hai3="99,91,17,109,59,133,102,121,117,73,77,96,64"/><W39/><G117/><T5/><D83/><U29/><E104/><V0/><F0/><W31/><G121/><T84/><D100/><U128/><E113/><V12/><F32/><W115/><G115/><T126/><D84/><U112/><E112/><V13/><F37/><W124/><G39/><T80/><D80/><U27/><E128/><V103/><F118/><W90/><G31/><T65/><D93/><U114/><E114/><V86/><F131/><W51/><G124/><T67/><D5/><U11/><E3/><V127/><F134/><W49/><G133/><T33/><D33/><U87/><E38/><V7/><F127/><W14/><G73/><T125/><D57/><N who="1" m="34863" /><E40/><V4/><F19/><W120/><G120/><T21/><D21/><N who="1" m="15471" /><E29/><V72/><F72/><W119/><G119/><T23/><D23/><U20/><E20/><V110/><F110/><W129/><G77/><N who="2" m="29769" /><F86/><W82/><G109/><T47/><D122/><U30/><E30/><V44/><F44/><W52/><G129/><T107/><D107/><U24/><E24/><V81/><F81/><AGARI ba="2,1" hai="8,11,50,54,58,81,87,88" m="15471,34863" machi="81" ten="30,7700,0" yaku="8,1,52,2,54,1" doraHai="6" who="1" fromWho="2" sc="20,0,205,93,435,-83,330,0" owari="20,-48.0,298,-10.2,352,45.2,330,13.0" /></mjloggm>