<mjloggm ver="2.3"><GO type="225" lobby="0"/><UN n0="%E3%81%9F%E3%81%8C%E3%82%84%E3%81%99" n1="%E2%91%A3%E9%81%BF%E9%81%8A%E6%88%AF%E3%80%90%E6%9D%B1%E5%8D%97%E3%80%91" n2="%43%68%65" n3="%72%69%6F%75%63%68%61%6E" dan="16,16,16,17" rate="2109.75,2097.38,2148.09,2250.23" sx="M,M,M,M"/><TAIKYOKU oya="0"/><INIT seed="0,0,0,2,0,133" ten="250,250,250,250" oya="0" hai0="75,29,62,53,6,71,30,110,54,63,134,122,97" hai1="3,25,60,94,66,67,109,34,39,118,37,93,123" hai2="27,9,87,105,56,17,10,4,73,15,70,2,16" hai3="119,44,8,20,50,23,24,61,127,48,26,81,59"/><T79/><D75/><U114/><E123/><V82/><F70/><W69/><G127/><T103/><D79/><U76/><E118/><V57/><F73/><W132/><G132/><T99/><D122/><U90/><E114/><V130/><F130/><W85/><G119/><T100/><D134/><U91/><E3/><V78/><REACH who="2" step="1"/><F105/><REACH who="2" ten="250,250,240,250" step="2"/><W96/><G69/><T112/><D71/><U92/><E109/><V80/><F80/><W124/><G124/><T74/><D74/><U135/><E94/><V51/><F51/><W35/><G48/><T89/><D110/><U0/><E93/><V49/><F49/><W102/><G50/><T115/><D6/><U129/><E92/><V104/><F104/><W88/><G44/><T121/><D121/><U33/><E129/><V128/><F128/><W101/><G96/><T13/><D13/><U108/><E108/><V98/><F98/><W42/><G42/><T45/><D89/><U107/><E91/><V5/><F5/><W41/><G41/><T32/><D45/><U11/><E90/><V65/><F65/><W106/><G106/><T1/><D1/><U47/><E0/><V18/><F18/><N who="3" m="12311" /><G102/><T72/><D72/><U120/><E107/><V38/><F38/><W7/><G101/><T12/><D12/><U14/><E39/><V52/><F52/><N who="3" m="34023" /><G7/><T131/><D131/><U40/><E37/><V31/><F31/><N who="3" m="17887" /><G35/><AGARI ba="0,1" hai="29,30,32,35,53,54,62,63,97,99,100,103,112,115" machi="35" ten="25,2400,0" yaku="22,2" doraHai="133" who="0" fromWho="3" sc="250,34,250,0,240,0,250,-24" /><INIT seed="0,1,0,4,0,52" ten="284,250,240,226" oya="0" hai0="49,118,55,3,99,109,50,114,81,42,68,131,34" hai1="10,64,39,107,54,6,22,73,74,13,61,38,116" hai2="26,90,123,127,77,86,117,32,87,108,57,101,44" hai3="47,46,110,28,60,111,15,5,122,71,2,29,82"/><T92/><D3/><U98/><E116/><V23/><F123/><W112/><G112/><T113/><D68/><U21/><E54/><V41/><F117/><W129/><G2/><T125/><D34/><U100/><E21/><V27/><F108/><N who="3" m="41515" /><G122/><T119/><D109/><U31/><E22/><V67/><F101/><W17/><G129/><T130/><D81/><U132/><E132/><V66/><F127/><W59/><G71/><T106/><D106/><U24/><E13/><V105/><F105/><W37/><G5/><T72/><D72/><U14/><E74/><V25/><F32/><W83/><G82/><T63/><D63/><U93/><E73/><V104/><F23/><N who="3" m="11711" /><G83/><T80/><D80/><U35/><REACH who="1" step="1"/><E93/><REACH who="1" ten="284,240,240,226" step="2"/><V16/><F104/><W53/><G47/><N who="0" m="25847" /><D118/><U94/><E94/><V62/><F44/><W121/><G121/><T126/><D119/><U20/><E20/><V85/><F27/><W135/><G135/><T4/><D114/><U88/><E88/><V115/><F90/><W48/><G37/><T95/><D113/><U103/><E103/><V1/><F1/><W33/><G33/><T8/><D92/><U12/><E12/><V36/><F36/><W65/><AGARI ba="1,1" hai="28,29,46,48,53,59,60,65" m="11711,41515" machi="65" ten="30,2000,0" yaku="14,1,52,1" doraHai="52" who="3" fromWho="3" sc="284,-11,240,-6,240,-6,226,33" /><INIT seed="1,0,0,2,4,129" ten="273,234,234,259" oya="1" hai0="23,11,104,14,45,63,29,61,41,122,39,42,80" hai1="113,56,10,8,44,68,92,75,16,124,60,67,110" hai2="106,43,90,62,111,117,115,55,20,72,57,48,82" hai3="83,9,105,94,97,125,70,132,12,13,0,76,81"/><U52/><E113/><V128/><F117/><W51/><G132/><T134/><D104/><U87/><E75/><V96/><F128/><W15/><G125/><T49/><D122/><U91/><E124/><V59/><F115/><W112/><G112/><T126/><D126/><U53/><E110/><V32/><F32/><W3/><G70/><T21/><D41/><U64/><E68/><V118/><F118/><W114/><G114/><T46/><D46/><U50/><E8/><V5/><F5/><W22/><G105/><T65/><D39/><U17/><E17/><V7/><F7/><W1/><G22/><T133/><D80/><U101/><E101/><V71/><F71/><W26/><G26/><N who="0" m="16607" /><D65/><U116/><E116/><V74/><F111/><W109/><G109/><T77/><D77/><U19/><E19/><V24/><F106/><W69/><G69/><T123/><D21/><U100/><E100/><V40/><F74/><W93/><G51/><T18/><D123/><U95/><E92/><N who="3" m="35434" /><G97/><T130/><D130/><U36/><E36/><V37/><F37/><W98/><G98/><T86/><D86/><U34/><E34/><V99/><F72/><W120/><G120/><T79/><D79/><U35/><E35/><V135/><F99/><W85/><G83/><T31/><D31/><U30/><E30/><N who="2" m="17671" /><F96/><W28/><G28/><T119/><D119/><U25/><E25/><V131/><F131/><W84/><G9/><T73/><D73/><U121/><E121/><V6/><F82/><N who="3" m="47175" /><G0/><T102/><D102/><U89/><E89/><V4/><F90/><N who="3" m="51503" /><G1/><T38/><D38/><RYUUKYOKU ba="0,0" sc="273,10,234,10,234,-30,259,10" hai0="11,14,18,42,45,49,61,63,133,134" hai1="10,16,44,50,52,53,56,60,64,67,87,91,95" hai3="3,12,13,15" /><INIT seed="1,1,0,3,4,117" ten="283,244,204,269" oya="1" hai0="41,131,3,101,1,86,58,126,123,107,70,99,42" hai1="91,31,89,93,30,104,25,7,112,38,8,19,95" hai2="13,116,133,37,54,92,100,80,82,27,71,73,26" hai3="84,65,62,72,10,87,120,109,67,124,128,24,4"/><U50/><E104/><V94/><F116/><W135/><G120/><T0/><D70/><U77/><E38/><V57/><F71/><W119/><G72/><T127/><D131/><U36/><E36/><V114/><F37/><W15/><G119/><T55/><D86/><U51/><E112/><V129/><F129/><W33/><G109/><T78/><D78/><U88/><E77/><V48/><F114/><W74/><G128/><T83/><D83/><N who="2" m="31786" /><F73/><W34/><G124/><N who="0" m="47659" /><D123/><U85/><E19/><V125/><F133/><W53/><G135/><T46/><D46/><U66/><E66/><V90/><F125/><W121/><G121/><T11/><D11/><U12/><E31/><V108/><F108/><W61/><G74/><T98/><D99/><U29/><E30/><V76/><F76/><W111/><G111/><T40/><D40/><U68/><E68/><V132/><F132/><W122/><G122/><T79/><D79/><U23/><E91/><V45/><F100/><W44/><G67/><T22/><D22/><U28/><E29/><V102/><F102/><W69/><G44/><T17/><D17/><U39/><E39/><V6/><F45/><W35/><REACH who="3" step="1"/><G24/><REACH who="3" ten="283,244,204,259" step="2"/><T115/><D115/><U14/><REACH who="1" step="1"/><E12/><REACH who="1" ten="283,234,204,259" step="2"/><V56/><F13/><W105/><G105/><T81/><D107/><U118/><E118/><V97/><F27/><W63/><G63/><T64/><D64/><U75/><E75/><V52/><F26/><W96/><G96/><AGARI ba="1,2" hai="7,8,14,23,25,28,50,51,85,88,89,93,95,96" machi="96" ten="30,12000,1" yaku="1,1,7,1,8,1,54,1,53,1" doraHai="117" doraHaiUra="18" who="1" fromWho="3" sc="283,0,234,143,204,0,259,-123" /><INIT seed="1,2,0,0,0,50" ten="283,377,204,136" oya="1" hai0="25,46,12,33,119,27,51,87,43,93,99,73,90" hai1="56,80,70,3,102,82,16,57,76,91,131,135,44" hai2="69,30,19,86,84,61,23,105,14,26,66,38,5" hai3="130,100,83,40,128,96,112,109,59,0,36,89,125"/><U4/><E70/><V95/><F38/><W107/><G112/><T65/><D73/><U20/><E135/><V21/><F105/><W117/><G0/><T111/><D111/><U127/><E131/><N who="3" m="50218" /><G40/><T62/><D119/><U17/><E127/><V120/><F120/><W7/><G36/><T2/><D2/><U64/><E102/><V18/><F5/><W78/><G7/><T132/><D132/><U31/><E3/><V98/><F19/><W115/><G115/><T92/><D12/><U37/><E4/><V110/><F110/><W13/><G13/><T60/><D33/><U113/><E91/><AGARI ba="2,0" hai="14,18,21,23,26,30,61,66,69,84,86,91,95,98" machi="91" ten="30,1000,0" yaku="7,1" doraHai="50" who="2" fromWho="1" sc="283,0,377,-16,204,16,136,0" /><INIT seed="2,0,0,5,4,68" ten="283,361,220,136" oya="2" hai0="19,97,120,63,52,55,25,119,53,76,64,58,47" hai1="108,5,69,62,81,77,125,88,123,12,24,22,115" hai2="26,91,78,113,82,131,6,106,127,132,135,28,99" hai3="2,40,85,37,17,109,96,90,95,66,49,100,14"/><V92/><F113/><W45/><G109/><T118/><D76/><U128/><E108/><V103/><F6/><W59/><G2/><T122/><D97/><U4/><E115/><V129/><F26/><W10/><G66/><T1/><D1/><U116/><E116/><N who="0" m="44585" /><D19/><U36/><E36/><V18/><F18/><W30/><G30/><T70/><D25/><U71/><E71/><V8/><F8/><W102/><REACH who="3" step="1"/><G96/><REACH who="3" ten="283,361,220,126" step="2"/><T20/><D64/><U3/><E3/><V0/><F0/><W134/><G134/><N who="2" m="51241" /><F28/><W112/><G112/><T124/><D122/><U60/><E123/><V15/><F15/><W13/><G13/><T34/><D120/><U93/><E12/><V27/><F27/><W72/><G72/><T43/><D70/><U117/><E69/><V73/><F127/><W48/><G48/><N who="0" m="26751" /><D124/><U31/><E125/><V105/><F103/><W35/><G35/><T21/><D34/><U111/><E111/><V130/><AGARI ba="0,1" hai="73,78,82,91,92,99,105,106,129,130,131" m="51241" machi="130" ten="40,12000,1" yaku="19,1,20,1,34,2" doraHai="68" who="2" fromWho="2" sc="283,-40,361,-40,220,130,126,-40" /><INIT seed="2,1,0,2,2,87" ten="243,321,350,86" oya="2" hai0="22,47,50,97,7,38,17,36,135,117,14,58,20" hai1="85,6,89,106,37,2,114,123,124,25,23,56,100" hai2="66,84,96,131,116,102,109,126,41,26,29,86,71" hai3="92,80,8,64,1,49,0,79,45,70,34,113,88"/><V31/><F116/><W68/><G34/><T72/><D72/><U65/><E114/><V98/><F41/><W11/><G113/><T60/><D135/><U129/><E37/><V54/><F54/><W133/><G133/><T27/><D117/><U30/><E123/><V99/><F102/><W39/><G39/><T78/><D78/><U40/><E40/><V9/><F9/><W15/><G0/><T51/><D51/><U69/><E69/><V115/><F115/><W33/><G33/><T108/><D108/><U134/><E134/><V83/><F126/><W13/><G1/><T111/><D97/><U63/><E124/><V74/><F131/><W121/><G121/><T120/><D111/><U57/><E57/><V118/><F74/><W127/><G127/><T18/><D7/><U28/><E6/><V130/><F130/><W67/><G68/><T81/><D81/><U107/><E2/><V76/><F118/><W48/><G70/><T12/><D27/><U122/><E122/><V24/><F109/><W43/><G48/><T90/><D120/><U75/><E75/><V94/><F66/><N who="3" m="25131" /><G80/><T112/><D112/><U110/><E110/><V128/><F71/><W103/><G79/><T16/><D38/><U73/><E73/><V77/><F128/><W21/><G103/><T91/><D18/><N who="1" m="12535" /><E129/><V19/><F19/><N who="3" m="10479" /><G15/><T46/><D36/><U55/><E100/><N who="2" m="60439" /><F26/><W105/><G105/><N who="1" m="39946" /><E65/><V119/><F119/><W4/><G4/><T42/><D47/><U10/><E10/><V44/><F24/><W53/><G43/><T61/><D61/><U93/><AGARI ba="1,0" hai="28,30,55,56,63,85,89,93" m="39946,12535" machi="93" ten="30,2000,0" yaku="5,1,52,1" doraHai="87" who="1" fromWho="1" sc="243,-6,321,23,350,-11,86,-6" /><INIT seed="3,0,0,3,0,23" ten="237,344,339,80" oya="3" hai0="106,87,52,121,68,31,123,97,58,99,39,2,47" hai1="38,90,60,135,78,12,61,116,118,28,89,42,131" hai2="49,32,98,83,128,67,33,119,41,76,16,117,46" hai3="35,59,85,107,79,69,3,24,111,125,40,20,44"/><W113/><G113/><T82/><D68/><U9/><E28/><V88/><F128/><W29/><G125/><T37/><D2/><U108/><E131/><V0/><F0/><W7/><G69/><T53/><D106/><U57/><E78/><V17/><F117/><N who="1" m="45161" /><E135/><V74/><F119/><W80/><G107/><T126/><D126/><U8/><E108/><V27/><F67/><W45/><G111/><T102/><D31/><U1/><E1/><V72/><F72/><W75/><G59/><T96/><D102/><U62/><E57/><V65/><F65/><W22/><G85/><T43/><D37/><U105/><E105/><V26/><F26/><W15/><G15/><T19/><D19/><N who="1" m="8583" /><E9/><V100/><F88/><N who="1" m="33897" /><E42/><V127/><F127/><W77/><G77/><T109/><D109/><U103/><E103/><V54/><F41/><W34/><G20/><T133/><D133/><U5/><E5/><V115/><F115/><W101/><G101/><T63/><D53/><U114/><E38/><V73/><F73/><W129/><G129/><T86/><D86/><U91/><E91/><V66/><F66/><W71/><G71/><T134/><D134/><U4/><E4/><V122/><F122/><W18/><G29/><T30/><D30/><U25/><E25/><V70/><F70/><W94/><G94/><T50/><D39/><U14/><E14/><V11/><F11/><N who="3" m="2559" /><G45/><T36/><D63/><U64/><E64/><V130/><F130/><W51/><G34/><N who="2" m="13417" /><F27/><W132/><G35/><T104/><D104/><U120/><E120/><V112/><F112/><AGARI ba="0,0" hai="60,61,62,112,114" m="33897,8583,45161" machi="112" ten="40,2600,0" yaku="12,1,54,1" doraHai="23" who="1" fromWho="2" sc="237,0,344,26,339,-26,80,0" owari="237,-16.3,370,47.0,313,11.3,80,-42.0" /></mjloggm>