<mjloggm ver="2.3"><GO type="225" lobby="0"/><UN n0="%E3%81%99%E3%81%84%E3%81%BE%E3%81%9B%E3%83%BC%E3%82%93" n1="%E3%83%87%E3%83%A9%E3%82%B3%E3%83%83%E3%82%B3" n2="%6E%69%63%6F%6E%74%6F" n3="%E3%82%B2%E3%82%B9%E8%8C%82%E5%8B%9D" dan="17,17,17,16" rate="2220.33,2224.00,2131.88,2014.16" sx="M,M,M,F"/><TAIKYOKU oya="0"/><INIT seed="0,0,0,4,4,50" ten="250,250,250,250" oya="0" hai0="129,41,128,31,83,23,33,125,91,87,20,71,13" hai1="100,63,107,82,38,15,131,79,121,112,1,98,72" hai2="90,55,45,25,108,7,61,11,106,92,29,44,111" hai3="123,66,96,99,2,24,17,54,0,104,105,118,52"/><T69/><D125/><U14/><E1/><V75/><F75/><W3/><G66/><T60/><D41/><U113/><E121/><V103/><F103/><W5/><G123/><T126/><D126/><U65/><E38/><V37/><F106/><W48/><G5/><T58/><D33/><U26/><E131/><N who="0" m="50249" /><D13/><U86/><E86/><V47/><F37/><W46/><G118/><T43/><D43/><U40/><E40/><V22/><F11/><W6/><G6/><T9/><D9/><U76/><E76/><V117/><F7/><W51/><G104/><T135/><D135/><U49/><E49/><V56/><REACH who="2" step="1"/><F117/><REACH who="2" ten="250,250,240,250" step="2"/><W114/><G105/><T78/><D78/><U21/><E113/><V8/><F8/><W127/><G127/><T80/><D80/><U102/><E112/><V35/><F35/><W85/><G114/><T95/><D83/><U62/><E102/><V130/><F130/><W77/><G77/><T53/><D20/><U116/><E116/><V97/><AGARI ba="0,1" hai="22,25,29,44,45,47,55,56,61,90,92,97,108,111" machi="97" ten="30,4000,0" yaku="1,1,0,1,52,1,53,0" doraHai="50" doraHaiUra="73" who="2" fromWho="2" sc="250,-20,250,-10,240,50,250,-10" /><INIT seed="1,0,0,4,3,48" ten="230,240,290,240" oya="1" hai0="50,57,33,55,109,41,133,123,125,8,63,76,59" hai1="5,13,90,42,62,20,93,49,113,66,102,112,115" hai2="45,34,88,51,69,95,30,64,72,53,54,106,74" hai3="14,65,68,7,129,84,101,108,10,119,36,97,116"/><U4/><E102/><V79/><F106/><W91/><G108/><T85/><D33/><U21/><E42/><V127/><F127/><W58/><G36/><T99/><D109/><U100/><E100/><V107/><F107/><W46/><G68/><T110/><D110/><U18/><E49/><V2/><F2/><W19/><G46/><T86/><D125/><U104/><E20/><V56/><F64/><W122/><G122/><T94/><D133/><U44/><E44/><V114/><F69/><W43/><G43/><T92/><D123/><U60/><E104/><V80/><F114/><W39/><G39/><T12/><D76/><U11/><E66/><V0/><F0/><W23/><G129/><T61/><D41/><U29/><E29/><V37/><F37/><W87/><G58/><T28/><D28/><U89/><E4/><V27/><F80/><W135/><G65/><N who="0" m="39087" /><D50/><U132/><E132/><V35/><F79/><W130/><G135/><T78/><D78/><U71/><E71/><V38/><F38/><W83/><G130/><T17/><D94/><U32/><E32/><V9/><F35/><W24/><REACH who="3" step="1"/><G84/><REACH who="3" ten="230,240,290,230" step="2"/><T105/><D105/><AGARI ba="0,1" hai="7,10,14,19,23,24,83,87,91,97,101,105,116,119" machi="105" ten="40,2600,0" yaku="1,1,2,1,53,0" doraHai="48" doraHaiUra="26" who="3" fromWho="0" sc="230,-26,240,0,290,0,230,36" /><INIT seed="2,0,0,5,4,129" ten="204,240,290,266" oya="2" hai0="101,121,119,100,66,131,106,114,17,45,72,89,1" hai1="69,103,77,132,107,123,124,50,41,85,49,54,135" hai2="35,6,26,22,102,93,27,99,7,10,83,128,0" hai3="51,2,81,111,64,67,75,32,4,42,97,59,104"/><V28/><F128/><W52/><G32/><T19/><D121/><U11/><E69/><V91/><F7/><W82/><G111/><T112/><D131/><U68/><E68/><V62/><F62/><W133/><G133/><N who="1" m="51274" /><E123/><V38/><F38/><W118/><G118/><T56/><D72/><U113/><E113/><V130/><F130/><W21/><G42/><T31/><D1/><U87/><E124/><V127/><F127/><W55/><G4/><T80/><D119/><U23/><E77/><V33/><F27/><W79/><G2/><T16/><D106/><U58/><E11/><V70/><F70/><W12/><G82/><T126/><D126/><U122/><E23/><V108/><F108/><W18/><G55/><T37/><D114/><U30/><E30/><V40/><F40/><W117/><G117/><T8/><D31/><U73/><E73/><V53/><F53/><W24/><G24/><T39/><D8/><U47/><E122/><V43/><F43/><W74/><G75/><T44/><D112/><U95/><E107/><V3/><F3/><W25/><G25/><T65/><D39/><U76/><E76/><V90/><F35/><W92/><G104/><T120/><D37/><U36/><E36/><V13/><F33/><W84/><G74/><T60/><D120/><U34/><E34/><V110/><F110/><W78/><G79/><T14/><D14/><U61/><E61/><V125/><F0/><W88/><AGARI ba="0,0" hai="12,18,21,51,52,59,64,67,78,81,84,88,92,97" machi="88" ten="20,8000,1" yaku="0,1,7,1,8,1,54,2" doraHai="129" who="3" fromWho="3" sc="204,-20,240,-20,290,-40,266,80" /><INIT seed="3,0,0,3,3,98" ten="184,220,250,346" oya="3" hai0="69,90,133,113,72,89,120,99,7,83,4,87,11" hai1="118,105,96,13,46,64,8,100,63,29,15,77,107" hai2="17,6,9,122,82,34,65,102,73,25,41,44,84" hai3="131,42,124,1,85,101,56,50,61,92,119,23,81"/><W21/><G119/><T86/><D120/><U94/><E118/><V112/><F112/><W53/><G124/><T3/><D113/><U28/><E77/><V33/><F122/><W93/><G131/><T45/><D133/><U115/><E115/><V38/><F65/><W52/><G42/><T30/><D72/><U132/><E46/><V22/><F102/><W59/><G1/><T10/><D69/><U26/><E132/><V31/><F17/><W125/><G125/><T95/><D45/><U76/><E76/><N who="2" m="44303" /><F84/><W79/><G101/><T88/><D30/><U43/><E43/><V14/><F14/><W58/><G58/><T36/><D36/><U97/><E97/><V129/><F129/><W49/><G61/><T74/><D74/><U68/><E28/><V51/><F51/><W54/><G54/><T55/><D55/><U134/><E134/><V5/><F5/><W66/><G66/><T35/><D35/><U48/><E48/><V60/><F60/><W39/><G39/><T111/><D111/><U135/><E135/><V37/><F37/><W78/><G78/><T80/><D3/><U47/><E47/><V108/><F108/><W123/><G123/><T19/><D19/><N who="1" m="8615" /><E15/><V114/><F114/><W67/><G67/><T110/><D110/><U24/><E24/><V71/><F71/><W12/><G12/><T126/><D126/><U0/><E0/><N who="2" m="199" /><F34/><W128/><G128/><T117/><D117/><U104/><E104/><V127/><F33/><W16/><G16/><T116/><D116/><U18/><E18/><V57/><F127/><W27/><G27/><RYUUKYOKU ba="0,0" sc="184,0,220,0,250,0,346,0" hai0="4,7,10,11,80,83,86,87,88,89,90,95,99" hai1="26,29,63,64,68,94,96,100,105,107" hai2="22,25,31,38,41,44,57" hai3="21,23,49,50,52,53,56,59,79,81,85,92,93" owari="184,-31.6,220,-18.0,250,5.0,346,44.6" /></mjloggm>