<mjloggm ver="2.3"><GO type="225" lobby="0"/><UN n0="%43%68%65" n1="%E3%83%A9%E3%83%96%E3%83%AC%E3%83%BC" n2="%E3%82%82%E3%81%90%E3%82%89" n3="%E6%A1%9C%E8%8A%B1%E9%96%83%E3%80%85" dan="16,18,17,18" rate="2163.02,2258.27,2140.10,2269.72" sx="M,M,M,M"/><TAIKYOKU oya="0"/><INIT seed="0,0,0,5,3,19" ten="250,250,250,250" oya="0" hai0="89,133,45,66,12,35,134,52,78,53,131,85,23" hai1="48,98,93,124,86,88,17,123,70,9,109,103,5" hai2="30,14,119,61,47,117,46,81,120,58,116,102,3" hai3="24,69,59,84,91,27,62,29,114,68,90,60,55"/><T132/><D35/><U33/><E33/><V26/><F3/><W39/><G114/><T112/><D112/><U122/><E70/><V2/><F2/><W77/><G39/><T72/><D131/><U83/><E124/><V113/><F120/><W8/><G8/><T128/><D128/><U50/><E109/><V111/><F113/><W80/><G24/><T118/><D118/><U104/><E17/><V63/><F111/><W10/><G10/><T18/><D66/><U65/><E65/><V92/><F14/><W20/><REACH who="3" step="1"/><G62/><REACH who="3" ten="250,250,250,240" step="2"/><T121/><D121/><U135/><E123/><V110/><F63/><W44/><G44/><T0/><D0/><U76/><E122/><V130/><F110/><W64/><G64/><T125/><D125/><U74/><E135/><V49/><F130/><W32/><G32/><T6/><D6/><U100/><E103/><V11/><F11/><W42/><G42/><T107/><D45/><U82/><E83/><V4/><F81/><W13/><G13/><AGARI ba="0,1" hai="5,9,13,48,50,74,76,82,86,88,93,98,100,104" machi="13" ten="30,7700,0" yaku="7,1,24,2,54,1" doraHai="19" who="1" fromWho="3" sc="250,0,250,87,250,0,240,-77" /><INIT seed="1,0,0,2,0,97" ten="250,337,250,163" oya="1" hai0="36,96,55,105,116,74,59,98,64,17,87,114,131" hai1="16,10,9,80,62,132,22,56,75,37,45,29,94" hai2="60,121,57,90,25,85,101,51,91,126,32,35,19" hai3="6,70,103,2,65,123,106,79,119,13,48,21,109"/><U127/><E132/><V34/><F121/><W81/><G123/><T111/><D74/><U134/><E134/><V14/><F126/><W83/><G109/><T1/><D1/><U89/><E29/><V47/><F25/><W68/><G2/><T24/><D36/><U128/><E128/><V76/><F76/><W122/><G81/><T38/><D38/><U23/><E23/><V71/><F71/><W99/><G122/><T115/><D116/><U40/><E80/><V67/><F85/><W41/><G65/><T61/><D111/><U46/><E46/><V49/><F101/><W5/><G5/><T118/><D118/><U52/><E75/><V125/><F125/><W102/><G102/><T135/><D135/><U82/><E82/><V133/><F133/><W33/><G33/><T112/><D131/><U11/><E11/><V42/><REACH who="2" step="1"/><F51/><REACH who="2" ten="250,337,240,163" step="2"/><W0/><G70/><T50/><D87/><U124/><E127/><V58/><F58/><W3/><G68/><T12/><D24/><N who="1" m="14407" /><E124/><V69/><F69/><W8/><G119/><T63/><D115/><U39/><E39/><V120/><F120/><W117/><G117/><T86/><D114/><U72/><E72/><V92/><F92/><W30/><G79/><T26/><D26/><U100/><E100/><V27/><F27/><N who="3" m="16751" /><G83/><T78/><D112/><U4/><E4/><V129/><F129/><W28/><G28/><T53/><D105/><U104/><E104/><V88/><F88/><W44/><G6/><T31/><D31/><U7/><E7/><V107/><F107/><W15/><G0/><T84/><D50/><RYUUKYOKU ba="0,1" sc="250,-30,337,10,240,10,163,10" hai1="9,10,37,40,45,52,56,62,89,94" hai2="14,19,32,34,35,42,47,49,57,60,67,90,91" hai3="3,8,13,15,41,44,48,99,103,106" /><INIT seed="1,1,1,4,0,134" ten="220,347,250,173" oya="1" hai0="41,129,83,32,18,40,4,114,93,118,35,107,36" hai1="45,57,0,95,15,13,19,87,43,25,31,52,130" hai2="33,104,94,75,115,42,131,119,67,132,17,108,103" hai3="120,116,16,59,88,38,58,14,64,7,72,89,128"/><U100/><E0/><V122/><RYUUKYOKU type="yao9" ba="1,1" sc="220,0,347,0,250,0,173,0" hai2="17,33,42,67,75,94,103,104,108,115,119,122,131,132" /><INIT seed="1,2,1,5,4,121" ten="220,347,250,173" oya="1" hai0="109,30,83,132,53,39,2,37,123,64,90,135,15" hai1="105,50,33,12,69,76,42,124,100,9,56,74,6" hai2="106,81,126,82,21,93,75,51,131,66,31,94,19" hai3="98,115,120,5,35,125,20,130,43,7,71,28,92"/><U63/><E124/><V38/><F38/><W127/><G120/><T86/><D2/><U57/><E33/><V0/><F106/><W8/><G115/><T73/><D123/><U113/><E113/><V11/><F126/><N who="3" m="48139" /><G71/><T34/><D64/><U101/><E69/><V103/><F131/><W18/><G43/><T111/><D73/><U116/><E116/><V48/><F66/><W104/><G104/><T78/><D78/><U77/><E74/><V46/><F75/><W96/><G130/><T65/><D65/><N who="1" m="39143" /><E105/><V68/><F68/><W117/><G117/><T29/><D15/><U1/><E1/><V59/><F59/><W36/><G36/><N who="0" m="13899" /><D53/><N who="1" m="31927" /><E42/><V128/><F51/><W23/><G8/><T13/><D13/><U112/><E112/><V107/><F107/><W49/><G49/><T97/><D97/><N who="3" m="37481" /><G92/><T133/><D34/><U41/><E41/><N who="2" m="24655" /><F94/><W24/><G35/><T52/><D52/><U55/><E55/><V129/><F129/><W99/><N who="3" m="37489" /><W60/><DORA hai="40" /><G60/><T87/><D87/><U88/><E9/><V80/><F0/><W54/><G54/><T114/><D114/><U25/><E12/><AGARI ba="2,1" hai="5,7,12,18,20,23,24,28" m="37489,48139" machi="12" ten="40,1300,0" yaku="18,1" doraHai="121,40" who="3" fromWho="1" sc="220,0,347,-19,250,0,173,29" /><INIT seed="2,0,0,0,0,62" ten="220,328,250,202" oya="2" hai0="6,3,63,90,124,49,93,15,21,13,84,80,132" hai1="64,77,82,75,38,133,22,35,69,42,125,91,17" hai2="5,119,107,58,94,81,23,54,128,20,83,46,117" hai3="48,65,57,92,44,66,45,18,55,1,74,113,16"/><V103/><F107/><W126/><G74/><T31/><D124/><U41/><E35/><V95/><F128/><W56/><G1/><T8/><D132/><U89/><E125/><V120/><F120/><W118/><G126/><T24/><D49/><U97/><E38/><V37/><F5/><W61/><G118/><T127/><D127/><U129/><E129/><V131/><F131/><W26/><G113/><T88/><REACH who="0" step="1"/><D63/><REACH who="0" ten="210,328,250,202" step="2"/><U73/><E133/><V105/><F119/><W39/><G39/><T109/><D109/><U30/><E42/><V36/><F117/><W59/><G45/><T19/><D19/><N who="3" m="7209" /><G26/><T25/><D25/><U99/><E17/><V51/><F46/><W115/><G115/><T9/><D9/><U14/><E41/><V122/><F37/><W7/><G7/><T134/><D134/><U108/><E108/><V32/><F36/><W70/><G70/><T11/><D11/><U4/><E69/><V106/><F51/><W130/><G130/><T71/><D71/><U72/><E4/><V2/><F58/><N who="3" m="22635" /><G92/><T29/><D29/><U100/><E30/><V86/><F95/><W68/><G68/><T33/><D33/><U50/><E50/><V53/><F32/><W135/><G135/><T10/><D10/><U34/><E34/><V78/><F94/><W40/><AGARI ba="0,1" hai="40,44,48,55,59,61,65,66" m="22635,7209" machi="40" ten="30,7900,0" yaku="8,1,52,2,54,1" doraHai="62" who="3" fromWho="3" sc="210,-20,328,-20,250,-39,202,89" /><INIT seed="3,0,0,0,1,26" ten="190,308,211,291" oya="3" hai0="20,70,0,45,10,21,56,8,41,5,9,74,60" hai1="89,25,86,15,66,114,71,125,135,19,48,11,6" hai2="22,23,3,65,12,72,102,109,27,118,81,92,68" hai3="97,44,122,96,50,38,33,117,7,40,90,103,105"/><W104/><G117/><T76/><D70/><U59/><E114/><V17/><F3/><W55/><G122/><T28/><D20/><N who="1" m="13471" /><E125/><V57/><F68/><W88/><G33/><T106/><D106/><U121/><E135/><V78/><F118/><W128/><G128/><T53/><D21/><U129/><E129/><V100/><F109/><W54/><G7/><T82/><REACH who="0" step="1"/><D28/><REACH who="0" ten="180,308,211,291" step="2"/><U4/><E71/><V42/><F42/><W108/><G108/><T32/><D32/><U36/><E121/><V62/><F92/><W2/><G2/><T69/><D69/><U63/><E15/><V77/><F77/><W51/><G38/><AGARI ba="0,1" hai="0,5,8,9,10,38,41,45,53,56,60,74,76,82" machi="38" ten="30,7700,0" yaku="1,1,7,1,25,2,53,0" doraHai="26" doraHaiUra="46" who="0" fromWho="3" sc="180,87,308,0,211,0,291,-77" owari="267,6.7,308,40.8,211,-28.9,214,-18.6" /></mjloggm>