<mjloggm ver="2.3"><GO type="225" lobby="0"/><UN n0="%6D%75%75%73%61%6E%6D%75" n1="%E6%B8%A9%E2%98%85%E6%83%85%E2%98%85%E6%8E%AA%E2%98%85%E7%BD%AE" n2="%E3%81%AC%E3%81%BE%E3%81%84%E3%81%91" n3="%E7%B4%94%E6%BD%94%E3%83%94%E3%83%A9%E3%83%8B%E3%82%A2" dan="16,17,16,17" rate="2109.70,2148.74,2054.05,2192.88" sx="F,M,M,M"/><TAIKYOKU oya="0"/><INIT seed="0,0,0,1,3,89" ten="250,250,250,250" oya="0" hai0="57,4,42,34,10,104,78,1,21,94,12,43,116" hai1="33,54,38,121,36,48,77,131,73,39,92,101,118" hai2="72,95,112,117,55,7,81,60,122,51,74,123,45" hai3="85,30,128,90,135,86,18,132,107,69,93,126,98"/><T108/><D104/><U125/><E118/><V35/><F112/><W20/><G69/><T84/><D116/><U53/><E121/><V41/><F35/><W0/><G0/><T96/><D34/><U61/><E33/><V52/><F117/><W79/><G30/><T23/><D108/><U31/><E31/><V105/><F105/><W56/><G126/><T5/><D57/><U8/><E125/><V119/><F119/><W64/><G128/><T97/><D1/><U134/><E131/><V25/><F7/><W133/><G79/><T102/><D4/><U26/><E26/><V124/><F25/><W106/><G107/><T111/><D111/><U9/><E134/><V37/><F124/><W14/><REACH who="3" step="1"/><G106/><REACH who="3" ten="250,250,250,240" step="2"/><T82/><REACH who="0" step="1"/><D96/><REACH who="0" ten="240,250,250,240" step="2"/><N who="1" m="59527" /><E77/><V29/><F123/><W46/><G46/><T3/><D3/><U110/><E110/><V2/><F122/><W59/><G59/><T115/><D115/><U75/><E75/><V120/><F2/><W62/><AGARI ba="0,2" hai="14,18,20,56,62,64,85,86,90,93,98,132,133,135" machi="62" ten="40,8000,1" yaku="1,1,0,1,20,1,52,1,53,1" doraHai="89" doraHaiUra="87" who="3" fromWho="3" sc="240,-40,250,-20,250,-20,240,100" /><INIT seed="1,0,0,0,1,44" ten="200,230,230,340" oya="1" hai0="109,47,128,59,78,91,70,97,117,18,107,5,102" hai1="39,98,50,49,121,12,76,42,51,125,16,54,101" hai2="104,113,105,130,4,6,26,32,114,87,133,119,99" hai3="25,58,46,8,45,126,29,112,77,71,21,13,33"/><U14/><E121/><V127/><F119/><W84/><G71/><T43/><D117/><U129/><E129/><V110/><F130/><W120/><G112/><N who="2" m="43113" /><F110/><W94/><G126/><T111/><D128/><U106/><E125/><V2/><F127/><W1/><G120/><T68/><D78/><U0/><E0/><V63/><F133/><W10/><G10/><T115/><D115/><U53/><E76/><V122/><F122/><W34/><G34/><T67/><D68/><U61/><E61/><V36/><F36/><W123/><G123/><T27/><D70/><U124/><E124/><V57/><F87/><W96/><G33/><T103/><D5/><N who="2" m="2154" /><F99/><W90/><G1/><T86/><D103/><U9/><REACH who="1" step="1"/><E14/><REACH who="1" ten="200,220,230,340" step="2"/><V28/><F2/><W3/><G3/><T30/><D109/><U15/><E15/><V62/><F62/><W134/><G134/><T11/><D111/><U81/><E81/><V108/><F108/><W48/><G13/><T74/><D74/><U52/><E52/><AGARI ba="0,1" hai="26,28,32,52,57,63,104,105" m="2154,43113" machi="52" ten="30,2000,0" yaku="11,1,54,1" doraHai="44" who="2" fromWho="1" sc="200,0,220,-20,230,30,340,0" /><INIT seed="2,0,0,3,0,109" ten="200,200,260,340" oya="2" hai0="68,76,39,48,37,113,5,96,32,22,103,97,34" hai1="92,117,78,49,64,79,111,127,35,122,10,105,21" hai2="44,2,101,83,106,13,55,69,72,17,8,16,20" hai3="90,94,85,77,86,54,61,66,108,100,28,124,59"/><V74/><F69/><W132/><G108/><T80/><D68/><U95/><E35/><V62/><F106/><W65/><G124/><T89/><D113/><U9/><E105/><V63/><F101/><W46/><G132/><T110/><D110/><U71/><E111/><V98/><F98/><W15/><G100/><T70/><D70/><U115/><E117/><V91/><F2/><W112/><G112/><T134/><D134/><U58/><E71/><V6/><F6/><W27/><G15/><T14/><D34/><U33/><E33/><V82/><F74/><W26/><G46/><T104/><D32/><U12/><E115/><V73/><F72/><W125/><G125/><T30/><D30/><U67/><E127/><V88/><F73/><W23/><G27/><T123/><D123/><U102/><E102/><V1/><F1/><W118/><G118/><T128/><D76/><N who="1" m="29227" /><E21/><V43/><F43/><W133/><G133/><T51/><D104/><U130/><E130/><V31/><F31/><W0/><G0/><T60/><D128/><U47/><E9/><V116/><F116/><W81/><AGARI ba="0,0" hai="23,26,28,54,59,61,65,66,77,81,85,86,90,94" machi="81" ten="30,2000,0" yaku="0,1,8,1" doraHai="109" who="3" fromWho="3" sc="200,-5,200,-5,260,-10,340,20" /><INIT seed="3,0,0,2,4,108" ten="195,195,250,360" oya="3" hai0="2,49,101,76,134,44,52,58,43,60,129,100,39" hai1="11,59,18,24,3,29,86,30,31,0,15,88,64" hai2="20,65,67,33,16,97,51,115,70,107,102,83,8" hai3="41,72,133,22,35,79,109,75,116,47,25,82,112"/><W119/><G112/><T46/><D2/><U14/><E14/><V26/><F70/><W96/><G35/><T23/><D129/><U127/><E127/><V32/><F8/><W6/><G109/><T120/><D120/><U36/><E36/><V21/><F33/><W56/><G72/><T61/><D134/><U124/><E124/><V95/><F32/><W85/><G96/><T111/><D111/><U48/><E24/><V28/><F115/><W92/><G56/><T123/><D123/><U13/><E13/><V42/><F107/><W78/><G6/><T118/><D118/><U9/><E9/><V122/><F122/><W66/><G66/><T84/><D23/><U98/><E98/><V81/><F42/><W135/><G92/><T91/><D76/><U93/><REACH who="1" step="1"/><E48/><REACH who="1" ten="195,185,250,360" step="2"/><V71/><F51/><N who="3" m="27119" /><G75/><T17/><D61/><AGARI ba="0,1" hai="0,3,11,15,18,29,30,31,59,61,64,86,88,93" machi="61" ten="40,2600,0" yaku="1,1,54,1,53,0" doraHai="108" doraHaiUra="94" who="1" fromWho="0" sc="195,-26,185,36,250,0,360,0" owari="169,-33.1,221,-17.9,250,5.0,360,46.0" /></mjloggm>