<mjloggm ver="2.3"><GO type="225" lobby="0"/><UN n0="%72%69%6F%75%63%68%61%6E" n1="%E3%81%BE%E3%81%A8%E3%81%9F" n2="%E6%A1%9C%E8%8A%B1%E9%96%83%E3%80%85" n3="%E9%9B%80%E6%A5%B5%E3%81%AE%E3%81%B8" dan="17,16,18,16" rate="2262.75,2163.46,2231.26,2093.95" sx="M,M,M,M"/><TAIKYOKU oya="0"/><INIT seed="0,0,0,3,3,133" ten="250,250,250,250" oya="0" hai0="51,20,32,46,55,3,75,93,92,134,112,59,126" hai1="1,10,101,56,103,96,129,42,90,95,130,89,58" hai2="53,109,45,35,118,36,83,4,31,105,25,49,78" hai3="57,79,104,18,107,27,28,114,84,26,5,9,33"/><T8/><D126/><U64/><E42/><V76/><F109/><W41/><G41/><T86/><D134/><U91/><E1/><V44/><F105/><W121/><G114/><T85/><D112/><U82/><E10/><V119/><F4/><W77/><G77/><T106/><D32/><U111/><E111/><V38/><F78/><W122/><G57/><N who="1" m="22122" /><E64/><V132/><F132/><W43/><G43/><T113/><D113/><U123/><E103/><V94/><F94/><N who="0" m="36458" /><D3/><U71/><E71/><V7/><F7/><W39/><G39/><T98/><D75/><U110/><E110/><V60/><F60/><W125/><G107/><T34/><D34/><U135/><E123/><V54/><F54/><W128/><G104/><T80/><D106/><N who="1" m="63783" /><E82/><V21/><F21/><N who="3" m="13623" /><G121/><T65/><D98/><N who="1" m="57711" /><E135/><V88/><F44/><W50/><G122/><T29/><D8/><U69/><E69/><V102/><F102/><W70/><G70/><T6/><D6/><U15/><E15/><V127/><F38/><W74/><G74/><T13/><D80/><U81/><E81/><V30/><F36/><W124/><G50/><T14/><D14/><U2/><E2/><V12/><F12/><N who="3" m="5167" /><G79/><T99/><D99/><U47/><E47/><V0/><F0/><W97/><G97/><T48/><D48/><U17/><E17/><V22/><F76/><W100/><G100/><T116/><D116/><N who="2" m="44586" /><F83/><W108/><G108/><T115/><D115/><U120/><E120/><V11/><F11/><W16/><G84/><N who="0" m="32363" /><D65/><U66/><E66/><V131/><F49/><W61/><G33/><T23/><D51/><RYUUKYOKU ba="0,0" sc="250,-10,250,30,250,-10,250,-10" hai1="90,91,129,130" /><INIT seed="1,1,0,0,4,35" ten="240,280,240,240" oya="1" hai0="128,75,40,57,119,123,69,73,4,90,59,22,31" hai1="79,129,17,8,46,133,41,96,5,61,99,66,127" hai2="84,30,107,19,112,89,91,131,118,9,93,12,53" hai3="74,64,124,106,54,101,29,21,65,77,0,51,71"/><U120/><E120/><V134/><F118/><W67/><G124/><T56/><D119/><U24/><E127/><V98/><F131/><W100/><G71/><T10/><D128/><U34/><E79/><V55/><F134/><W33/><G33/><T44/><D123/><U3/><E129/><V86/><F112/><W80/><G106/><T20/><D69/><U105/><E105/><V26/><F107/><W72/><G72/><T45/><D90/><U126/><E133/><V76/><F76/><W6/><G29/><T15/><D45/><U39/><E126/><V130/><F130/><W13/><G0/><T108/><D108/><U122/><E122/><V103/><F86/><W14/><G21/><T37/><REACH who="0" step="1"/><D20/><REACH who="0" ten="230,280,240,240" step="2"/><U2/><E34/><V78/><F78/><W68/><G68/><T94/><D94/><U114/><E114/><V42/><F103/><W52/><G101/><T87/><D87/><U32/><E32/><V113/><F113/><W38/><G100/><T36/><D36/><U62/><E96/><V135/><F135/><W92/><G38/><T18/><D18/><U43/><E17/><V104/><F104/><W60/><G92/><T85/><D85/><U11/><E99/><V97/><F97/><W110/><G110/><T125/><D125/><U16/><E39/><V132/><F132/><W102/><G102/><T115/><D115/><U109/><E109/><V111/><F111/><W48/><G77/><T47/><D47/><U95/><E46/><V117/><F117/><W82/><G80/><T63/><D63/><U70/><E62/><V23/><F42/><RYUUKYOKU ba="1,1" sc="230,15,280,-15,240,15,240,-15" hai0="4,10,15,22,31,37,40,44,56,57,59,73,75" hai2="9,12,19,23,26,30,53,55,84,89,91,93,98" /><INIT seed="2,2,1,0,4,106" ten="245,265,255,225" oya="2" hai0="99,57,29,18,61,27,79,133,80,22,132,119,107" hai1="83,28,55,70,95,42,38,16,40,81,105,47,124" hai2="100,78,115,102,59,68,92,13,41,3,73,84,122" hai3="101,85,126,90,116,89,104,71,26,49,67,9,125"/><V12/><F115/><W82/><G71/><T53/><D119/><U14/><E105/><V11/><F68/><W33/><G67/><T4/><D4/><U109/><E70/><V1/><F122/><W69/><G69/><T15/><D99/><U74/><E74/><V58/><F41/><W63/><G63/><T120/><D107/><U127/><E42/><V134/><F134/><W44/><G116/><T43/><D43/><U131/><E109/><V88/><F13/><W51/><G90/><T96/><D96/><U87/><E28/><V2/><F59/><W19/><G101/><T37/><D37/><U10/><E131/><V64/><F58/><W118/><G104/><T110/><D110/><U130/><E130/><V97/><F64/><W62/><G62/><T56/><D56/><U25/><E25/><V128/><F128/><W6/><G118/><T31/><D120/><U21/><E10/><V34/><F34/><W23/><G33/><T30/><REACH who="0" step="1"/><D27/><REACH who="0" ten="235,265,255,225" step="2"/><U17/><E38/><V91/><F97/><W35/><G125/><T60/><D60/><U52/><E124/><V7/><REACH who="2" step="1"/><F91/><REACH who="2" ten="235,265,245,225" step="2"/><W24/><G126/><T93/><D93/><U50/><E127/><V98/><F98/><W65/><G89/><T66/><D66/><U117/><E117/><V54/><F54/><W112/><G65/><T0/><D0/><U48/><E95/><V72/><F72/><AGARI ba="2,3" hai="15,18,22,29,30,31,53,57,61,72,79,80,132,133" machi="72" ten="40,2600,0" yaku="1,1,52,1,53,0" doraHai="106" doraHaiUra="123" who="0" fromWho="2" sc="235,62,265,0,245,-32,225,0" /><INIT seed="3,0,0,5,0,119" ten="297,265,213,225" oya="3" hai0="129,100,102,130,72,103,96,23,133,117,53,79,86" hai1="84,38,116,29,60,125,39,115,104,54,51,58,10" hai2="120,36,70,74,45,124,132,31,128,48,118,21,56" hai3="25,59,106,26,14,127,93,121,114,126,52,81,95"/><W30/><G114/><T68/><D133/><U97/><E115/><V62/><F118/><W35/><G106/><T83/><D117/><U13/><E125/><N who="3" m="47626" /><G121/><T78/><D68/><U111/><E111/><V7/><F124/><W108/><G108/><T110/><D110/><U9/><E29/><V71/><F74/><W64/><G64/><T24/><D53/><U92/><E104/><V112/><F112/><W44/><G44/><T1/><D1/><U11/><E84/><V17/><F132/><W131/><G131/><N who="0" m="50187" /><D72/><U65/><E116/><V34/><F7/><W12/><G26/><T15/><D15/><N who="3" m="5673" /><G81/><T42/><D42/><U19/><E38/><V69/><F120/><W49/><AGARI ba="0,0" hai="25,30,35,49,52,59,93,95" m="5673,47626" machi="49" ten="30,3000,0" yaku="18,1,54,1" doraHai="119" who="3" fromWho="3" sc="297,-10,265,-10,213,-10,225,30" /><INIT seed="3,1,0,4,0,50" ten="287,255,203,255" oya="3" hai0="49,17,92,61,104,70,128,72,29,62,35,131,98" hai1="119,39,96,133,36,76,73,113,120,30,48,125,57" hai2="64,85,0,8,109,83,80,34,52,78,2,116,15" hai3="32,118,1,26,44,127,65,77,103,16,71,21,13"/><W59/><G118/><T12/><D72/><U134/><E120/><V66/><F116/><W97/><G1/><T55/><D104/><U123/><E119/><V25/><F109/><W74/><G127/><T45/><D29/><U63/><E123/><V86/><F2/><W114/><G114/><T58/><D35/><U33/><E125/><V102/><F0/><W69/><G44/><T100/><D70/><U3/><E3/><V84/><F102/><W24/><G77/><T112/><D112/><U99/><E48/><V18/><F34/><W56/><G74/><T115/><D115/><U5/><E5/><V91/><F25/><W67/><G71/><T53/><REACH who="0" step="1"/><D61/><REACH who="0" ten="277,255,203,255" step="2"/><U81/><E113/><V68/><F68/><W42/><G32/><T51/><D51/><U82/><E30/><V47/><F85/><W46/><G69/><T43/><D43/><U6/><E36/><V126/><F126/><W132/><G24/><T19/><D19/><U106/><E39/><V7/><F7/><W93/><G132/><T111/><D111/><U110/><E6/><V88/><F78/><W75/><G75/><T135/><D135/><U11/><E33/><V121/><F121/><W20/><G20/><AGARI ba="1,1" hai="12,17,20,45,49,53,55,58,62,92,98,100,128,131" machi="20" ten="40,8000,1" yaku="1,1,52,2,53,1" doraHai="50" doraHaiUra="94" who="0" fromWho="3" sc="277,93,255,0,203,0,255,-83" owari="370,47.0,255,5.5,203,-19.7,172,-32.8" /></mjloggm>