<mjloggm ver="2.3"><GO type="225" lobby="0"/><UN n0="%E3%81%B5%E3%81%98%E3%81%8B%E3%81%A4" n1="%E7%B5%82%E6%9C%AB%E3%81%AE%E6%95%91%E3%81%84" n2="%E3%81%8B%E3%82%8F%E3%81%A1%E3%82%83%E3%82%93%35%38" n3="%E3%81%A0%E3%81%8A" dan="16,16,16,16" rate="2076.35,2090.53,2124.92,2016.90" sx="M,F,M,M"/><TAIKYOKU oya="0"/><INIT seed="0,0,0,3,2,3" ten="250,250,250,250" oya="0" hai0="98,69,62,104,48,81,71,129,107,35,131,29,61" hai1="12,99,0,75,40,90,103,10,50,30,4,31,126" hai2="57,92,120,97,60,56,96,135,127,106,124,6,84" hai3="105,118,112,41,114,38,58,119,109,16,53,87,23"/><T83/><BYE who="2" /><D48/><U68/><E68/><N who="0" m="26185" /><D29/><U7/><E75/><V133/><F133/><W63/><G105/><N who="0" m="40523" /><D98/><U79/><E126/><V37/><F37/><W125/><G125/><T77/><D77/><U51/><E79/><V47/><F47/><W85/><G109/><T45/><D45/><U5/><E0/><V1/><F1/><W100/><G100/><T86/><D86/><U122/><E122/><V27/><F27/><W66/><G87/><T121/><D121/><U46/><E50/><V67/><F67/><W39/><G85/><T26/><D26/><U32/><E32/><V88/><F88/><W80/><G39/><T8/><D8/><U18/><REACH who="1" step="1"/><E90/><REACH who="1" ten="250,240,250,250" step="2"/><V15/><F15/><W93/><G38/><T9/><D35/><U134/><E134/><V123/><F123/><W111/><G111/><T49/><D49/><U17/><E17/><V113/><F113/><W54/><G112/><T94/><D62/><U130/><E130/><V21/><F21/><W34/><G114/><T36/><D61/><U73/><E73/><V64/><F64/><W44/><G66/><T55/><D36/><U22/><E22/><V13/><F13/><W82/><G63/><T128/><D9/><U43/><E43/><V132/><F132/><W108/><G41/><T11/><D11/><U72/><E72/><V25/><F25/><W42/><G108/><T28/><D55/><U78/><E78/><V70/><F70/><W65/><G54/><T101/><D28/><U33/><E33/><V76/><F76/><W110/><G34/><T89/><D89/><U91/><E91/><RYUUKYOKU ba="0,1" sc="250,15,240,15,250,-15,250,-15" hai0="81,83,94,101,128,129,131" hai1="4,5,7,10,12,18,30,31,40,46,51,99,103" /><INIT seed="0,1,1,5,0,92" ten="265,255,235,235" oya="0" hai0="46,2,101,118,39,121,6,108,14,17,78,50,38" hai1="124,26,30,86,43,129,44,22,41,87,13,47,102" hai2="109,91,99,56,72,76,4,32,7,1,90,28,52" hai3="77,125,96,54,71,16,112,27,21,12,64,25,133"/><T116/><D121/><U74/><E74/><V35/><F35/><W113/><G125/><T100/><D108/><U82/><E129/><V97/><F97/><W31/><G133/><T66/><D78/><U57/><E124/><V68/><F68/><W80/><G71/><T70/><D2/><U94/><E57/><V81/><F81/><W110/><G64/><T63/><D6/><U58/><E58/><V65/><F65/><W40/><G40/><N who="1" m="15434" /><E13/><V15/><F15/><W42/><G42/><N who="0" m="24919" /><D100/><U8/><E8/><V119/><F119/><N who="0" m="45610" /><D101/><U134/><E134/><V115/><F115/><W53/><G112/><T117/><D14/><U83/><E83/><V49/><F49/><W104/><G113/><T111/><D17/><U18/><E18/><V34/><F34/><W73/><G110/><T105/><D105/><U60/><E60/><V0/><F0/><W93/><G104/><T10/><D10/><U67/><E67/><V127/><F127/><W123/><G123/><T132/><D111/><U62/><E62/><V45/><F45/><N who="1" m="17481" /><E82/><V48/><F48/><W107/><G107/><T11/><D132/><U23/><E23/><V114/><F114/><W24/><REACH who="3" step="1"/><G31/><REACH who="3" ten="265,255,235,225" step="2"/><T79/><D117/><U122/><E122/><V128/><F128/><W135/><G135/><T36/><D36/><U98/><AGARI ba="1,2" hai="22,26,30,86,87,94,98,102" m="17481,15434" machi="98" ten="30,2000,0" yaku="8,1,52,1" doraHai="92" who="1" fromWho="1" sc="265,-11,255,43,235,-6,225,-6" /><INIT seed="1,0,0,1,2,6" ten="254,298,229,219" oya="1" hai0="0,28,125,130,111,32,89,15,23,47,96,14,48" hai1="3,36,63,50,98,12,40,118,37,9,74,102,34" hai2="18,25,86,94,78,107,97,100,11,43,22,39,77" hai3="46,35,105,85,27,57,16,122,13,33,38,60,20"/><U61/><E118/><V134/><F134/><W31/><G105/><T4/><D125/><U21/><E34/><V117/><F117/><W95/><G122/><T69/><D69/><U17/><E74/><V81/><F81/><W7/><G7/><T109/><D130/><U71/><E3/><V82/><F82/><W103/><G46/><T29/><D96/><U104/><E50/><V41/><F41/><W108/><G108/><N who="0" m="41547" /><D89/><U87/><E40/><V72/><F72/><W133/><G38/><T79/><D79/><U113/><E113/><V52/><F52/><W91/><G103/><T135/><D135/><U115/><E115/><V76/><F76/><W93/><G93/><T126/><D126/><U114/><E114/><V112/><F112/><W8/><REACH who="3" step="1"/><G133/><REACH who="3" ten="254,298,229,209" step="2"/><T26/><D47/><U45/><E45/><V124/><F124/><W58/><G58/><T51/><D4/><U10/><E36/><V128/><F128/><W132/><G132/><T129/><D129/><U44/><E37/><V53/><F53/><AGARI ba="0,1" hai="8,13,16,20,27,31,33,35,53,57,60,85,91,95" machi="53" ten="30,12000,2" yaku="1,1,7,1,52,1,54,1,53,2" doraHai="6" doraHaiUra="30" who="3" fromWho="2" sc="254,0,298,0,229,-120,209,130" /><INIT seed="2,0,0,1,4,115" ten="254,298,109,339" oya="2" hai0="38,27,75,54,37,3,116,52,73,109,47,40,0" hai1="55,78,2,82,99,22,67,77,108,89,5,9,106" hai2="50,92,51,86,23,129,76,122,15,130,18,96,12" hai3="117,59,118,8,4,29,31,20,113,63,32,100,121"/><V125/><F125/><W42/><G121/><T49/><D27/><U127/><E108/><V72/><F72/><N who="0" m="27722" /><D109/><U131/><E131/><V83/><F83/><W88/><G113/><T134/><D134/><U46/><E67/><V53/><F53/><N who="0" m="20586" /><D49/><UN n2="%E3%81%8B%E3%82%8F%E3%81%A1%E3%82%83%E3%82%93%35%38" /><U65/><E65/><V33/><F122/><W104/><G42/><T10/><D10/><U81/><E22/><V41/><F33/><W74/><G20/><T43/><D47/><U34/><E34/><V7/><F86/><W87/><G87/><T21/><D21/><U61/><E127/><V17/><F7/><W6/><G4/><T84/><D84/><U60/><E46/><N who="2" m="25935" /><F51/><W124/><G6/><T120/><D120/><U135/><E135/><V98/><F76/><W39/><G124/><T97/><D97/><N who="2" m="37482" /><F92/><W44/><G32/><T24/><D24/><U68/><E77/><V30/><F30/><W13/><G31/><T95/><D95/><U57/><E78/><V85/><F85/><W56/><G29/><T14/><D14/><N who="2" m="5162" /><F23/><W80/><G13/><T101/><D101/><U112/><E112/><V48/><F48/><W19/><G100/><T105/><D105/><U36/><E106/><V71/><F71/><W11/><G104/><T110/><D110/><U58/><E68/><V69/><F69/><W70/><G70/><T35/><D35/><U90/><E99/><V62/><F62/><W26/><G63/><T123/><D123/><U111/><E111/><V94/><F94/><W132/><G132/><T107/><D107/><U16/><E60/><V102/><F102/><W126/><G126/><T103/><D103/><RYUUKYOKU ba="0,0" sc="254,-10,298,-10,109,30,339,-10" hai2="17,18,129,130" /><INIT seed="2,1,0,1,5,127" ten="244,288,139,329" oya="2" hai0="126,50,26,101,21,98,89,96,53,27,84,80,110" hai1="70,112,107,9,51,40,63,59,74,71,33,128,32" hai2="11,85,87,117,37,120,133,61,109,2,99,88,106" hai3="125,92,95,65,34,13,31,60,129,72,57,0,43"/><V102/><F117/><W3/><G72/><T134/><D126/><U19/><E107/><V8/><F120/><W25/><G125/><T35/><D134/><U42/><E74/><V76/><F133/><W5/><G129/><T36/><D36/><U111/><E112/><V124/><F124/><W118/><G118/><T14/><D110/><U119/><E119/><V45/><F109/><W22/><G43/><T10/><D35/><U48/><E9/><V68/><F2/><W132/><G132/><T39/><D39/><U82/><E82/><V29/><F29/><W52/><G34/><T103/><D98/><U121/><E19/><V66/><F76/><W100/><G31/><N who="0" m="17871" /><D27/><U4/><E4/><V12/><F12/><W130/><G13/><T67/><D67/><U20/><E111/><V18/><F18/><W122/><G5/><N who="0" m="3407" /><D96/><U113/><E32/><V73/><F73/><W41/><G3/><T116/><D116/><U54/><E33/><V79/><F79/><W69/><G0/><T7/><D7/><U123/><E113/><V38/><F85/><W62/><G122/><N who="1" m="46602" /><E20/><V97/><F97/><W75/><G22/><T94/><D94/><U44/><E128/><V83/><REACH who="2" step="1"/><F38/><REACH who="2" ten="244,288,129,329" step="2"/><W56/><G130/><T90/><D90/><U86/><E86/><V6/><F6/><W1/><G1/><T15/><D15/><U64/><E40/><AGARI ba="1,1" hai="8,11,37,40,45,61,66,68,83,87,88,99,102,106" machi="40" ten="40,3900,0" yaku="1,1,54,1,53,0" doraHai="127" doraHaiUra="17" who="2" fromWho="1" sc="244,0,288,-42,129,52,329,0" /><INIT seed="2,2,0,4,4,30" ten="244,246,181,329" oya="2" hai0="116,89,80,37,43,75,19,5,15,111,90,13,53" hai1="126,12,48,6,29,2,118,40,26,114,55,45,106" hai2="84,66,41,54,21,24,1,73,119,71,25,83,124" hai3="82,93,100,107,109,130,86,69,77,92,63,52,14"/><V22/><F119/><W34/><G34/><T125/><D116/><U94/><E106/><V65/><F73/><W79/><G130/><T81/><D111/><U59/><E118/><V3/><F41/><W68/><G79/><T91/><D125/><U97/><E2/><V87/><F71/><W49/><G109/><T70/><D70/><U123/><E123/><V44/><F44/><W121/><G14/><T61/><D75/><U33/><E126/><V101/><F101/><W10/><G10/><N who="0" m="4303" /><D43/><U105/><E105/><V99/><F124/><W39/><G39/><T31/><D31/><U72/><E72/><V56/><F99/><W42/><G92/><T62/><D37/><U7/><E12/><V134/><F83/><N who="0" m="31818" /><D53/><U78/><E114/><V18/><F134/><W76/><G52/><T122/><D122/><U50/><REACH who="1" step="1"/><E78/><REACH who="1" ten="244,236,181,329" step="2"/><V95/><F1/><W64/><G76/><T67/><D67/><N who="2" m="25610" /><F3/><W36/><G68/><T108/><D108/><U23/><E23/><AGARI ba="2,1" hai="15,19,23,61,62,89,90,91" m="31818,4303" machi="23" ten="30,1000,0" yaku="8,1" doraHai="30" who="0" fromWho="1" sc="244,26,236,-16,181,0,329,0" /><INIT seed="3,0,0,3,3,109" ten="270,220,181,329" oya="3" hai0="39,76,118,68,22,58,135,29,74,111,32,51,5" hai1="45,112,100,132,18,70,1,19,119,85,97,102,104" hai2="106,92,33,38,55,89,115,120,15,40,80,44,98" hai3="48,62,25,12,130,64,11,49,105,122,86,73,79"/><W0/><G0/><T43/><D118/><U114/><E70/><V20/><F120/><W17/><G105/><T60/><D32/><U67/><E67/><V127/><F127/><W54/><G73/><T108/><D5/><U53/><E1/><V28/><F33/><W23/><G130/><T95/><D74/><U61/><E119/><V88/><F106/><W16/><G122/><T93/><D76/><U21/><E102/><V133/><F133/><W47/><G49/><T10/><D10/><U42/><E132/><V84/><F55/><W83/><G62/><T31/><D135/><U116/><E116/><V103/><F115/><W131/><G131/><T63/><D68/><U34/><E34/><V41/><F41/><W101/><G101/><T124/><D124/><U14/><E85/><V96/><F15/><W123/><G123/><T129/><D43/><U126/><E19/><V125/><F125/><W57/><G64/><T37/><D129/><U46/><E126/><V56/><F56/><AGARI ba="0,0" hai="11,12,16,17,23,25,47,48,54,56,57,79,83,86" machi="56" ten="40,3900,0" yaku="8,1,54,1" doraHai="109" who="3" fromWho="2" sc="270,0,220,0,181,-39,329,39" owari="270,7.0,220,-18.0,142,-35.8,368,46.8" /></mjloggm>