<mjloggm ver="2.3"><GO type="225" lobby="0"/><UN n0="%E3%80%93%E3%81%97%E3%83%BC%E3%82%89%E3%80%93" n1="%E3%81%BF%E3%81%BF%E3%81%9A" n2="%E3%81%99%E3%81%84%E3%81%BE%E3%81%9B%E3%83%BC%E3%82%93" n3="%E3%81%B5%E3%81%98%E3%81%8B%E3%81%A4" dan="16,17,18,16" rate="2092.26,2286.13,2213.64,2163.66" sx="M,M,M,M"/><TAIKYOKU oya="0"/><INIT seed="0,0,0,3,5,65" ten="250,250,250,250" oya="0" hai0="94,98,3,27,71,127,9,6,26,112,121,37,101" hai1="55,63,118,81,14,59,36,56,105,87,69,12,51" hai2="40,34,122,86,114,23,0,129,70,117,125,8,135" hai3="11,46,78,109,76,133,89,130,33,84,53,5,1"/><T7/><D37/><U123/><E118/><V62/><RYUUKYOKU type="yao9" ba="0,0" sc="250,0,250,0,250,0,250,0" hai2="0,8,23,34,40,62,70,86,114,117,122,125,129,135" /><INIT seed="0,1,0,3,5,53" ten="250,250,250,250" oya="0" hai0="26,113,59,117,83,118,31,81,36,96,32,123,77" hai1="88,61,119,0,52,135,98,23,131,46,112,12,126" hai2="93,40,54,10,106,132,41,65,89,56,87,71,102" hai3="70,3,115,60,73,6,75,9,45,42,69,33,116"/><T64/><D36/><U97/><E0/><V107/><F132/><W8/><G115/><T27/><D113/><U90/><E119/><V43/><F102/><W34/><G116/><T4/><D123/><U19/><E112/><V49/><REACH who="2" step="1"/><F10/><REACH who="2" ten="250,250,240,250" step="2"/><W74/><G9/><T92/><D118/><U134/><E134/><V2/><F2/><W109/><G109/><T16/><D117/><U110/><E135/><V44/><F44/><W47/><G47/><T94/><D4/><U38/><E110/><V15/><F15/><W114/><G114/><T5/><D5/><U128/><E131/><V57/><F57/><W67/><REACH who="3" step="1"/><G70/><REACH who="3" ten="250,250,240,240" step="2"/><T101/><D59/><N who="1" m="35047" /><E46/><V108/><F108/><W17/><G17/><T105/><D16/><N who="1" m="10631" /><E128/><V78/><F78/><W29/><G29/><T62/><D31/><U129/><E129/><V7/><F7/><W30/><G30/><T68/><D77/><U103/><E19/><V91/><F91/><W14/><G14/><T1/><D68/><U120/><E88/><V48/><F48/><AGARI ba="1,2" hai="3,6,8,33,34,42,45,48,60,67,69,73,74,75" machi="48" ten="40,1300,0" yaku="1,1,53,0" doraHai="53" doraHaiUra="100" who="3" fromWho="2" sc="250,0,250,0,240,-16,240,36" /><INIT seed="1,0,0,3,1,5" ten="250,250,224,276" oya="1" hai0="130,122,114,4,31,52,107,125,20,42,119,40,45" hai1="83,85,9,26,48,89,99,67,121,94,95,15,41" hai2="3,109,62,57,115,103,124,25,111,92,74,127,39" hai3="135,18,63,108,87,23,10,59,80,51,131,113,33"/><U65/><E121/><V0/><F74/><W32/><G108/><N who="2" m="41545" /><F39/><W6/><G113/><T36/><D107/><U53/><E41/><V112/><F25/><W24/><G135/><T120/><D114/><N who="2" m="43562" /><F103/><W98/><G131/><T12/><D130/><U11/><E26/><V105/><F92/><W58/><G51/><N who="0" m="28783" /><D125/><N who="2" m="48202" /><F105/><W132/><G132/><T106/><D106/><U64/><E15/><V75/><F75/><W50/><G50/><T82/><D36/><U81/><E95/><V30/><F30/><W69/><G98/><T7/><D31/><U76/><REACH who="1" step="1"/><E81/><REACH who="1" ten="250,240,224,276" step="2"/><V123/><F123/><W44/><G80/><T101/><D82/><U43/><E43/><V54/><AGARI ba="0,1" hai="0,3,54,57,62" m="48202,43562,41545" machi="54" ten="40,5200,0" yaku="14,1,11,1,18,1" doraHai="5" who="2" fromWho="2" sc="250,-13,240,-26,224,62,276,-13" /><INIT seed="2,0,0,0,0,93" ten="237,214,286,263" oya="2" hai0="124,58,31,126,62,2,79,113,97,109,112,123,12" hai1="94,105,44,49,84,135,70,80,91,89,86,115,3" hai2="65,127,20,102,34,81,118,111,22,98,128,37,82" hai3="24,15,66,117,125,13,52,120,76,67,103,48,77"/><V69/><F118/><W75/><G120/><T68/><D2/><U40/><E135/><V134/><F37/><W96/><G117/><T38/><D38/><U99/><E115/><V106/><F134/><W119/><G119/><T9/><D123/><U0/><REACH who="1" step="1"/><E70/><REACH who="1" ten="237,204,286,263" step="2"/><V54/><F69/><W16/><G125/><T129/><D68/><U35/><E35/><V60/><F34/><W116/><G116/><T45/><D124/><U33/><E33/><V23/><F127/><W104/><G75/><T100/><D126/><U83/><E83/><V8/><F111/><W71/><G71/><T73/><D109/><U132/><E132/><V11/><F128/><W6/><G76/><T19/><D129/><U64/><E64/><V17/><F65/><W55/><G77/><T43/><D79/><U95/><E95/><V122/><F122/><W131/><G131/><T114/><D113/><U133/><E133/><V18/><F82/><W29/><G67/><N who="0" m="39383" /><D114/><U32/><E32/><V85/><F81/><W130/><G130/><T57/><D112/><U36/><E36/><V51/><F106/><W25/><G104/><T61/><D73/><U74/><E74/><V92/><F92/><N who="3" m="58759" /><G66/><T27/><D100/><AGARI ba="0,1" hai="0,3,40,44,49,80,84,86,89,91,94,99,100,105" machi="100" ten="40,2600,0" yaku="1,1,52,1,53,0" doraHai="93" doraHaiUra="72" who="1" fromWho="0" sc="237,-26,204,36,286,0,263,0" /><INIT seed="3,0,0,1,1,128" ten="211,240,286,263" oya="3" hai0="95,78,19,133,31,37,21,14,9,75,130,83,97" hai1="51,52,86,100,104,90,114,16,0,117,43,111,8" hai2="89,127,23,116,55,92,53,39,3,93,65,35,29" hai3="40,132,26,74,41,102,50,11,15,58,99,101,70"/><W126/><G126/><T28/><D37/><U115/><E43/><V87/><F35/><W123/><G70/><T62/><D130/><U105/><E0/><V124/><F3/><W129/><G123/><T7/><D62/><U135/><E111/><V30/><F39/><W18/><G129/><T82/><D82/><N who="1" m="49495" /><E117/><V66/><F116/><W45/><G74/><T25/><REACH who="0" step="1"/><D133/><REACH who="0" ten="201,240,286,263" step="2"/><U24/><E135/><V47/><F127/><W56/><G132/><T59/><D59/><U84/><E114/><V79/><F124/><W48/><G58/><T46/><D46/><N who="1" m="27767" /><E115/><V108/><F47/><N who="3" m="25703" /><G56/><T57/><D57/><U120/><E120/><V33/><F66/><W103/><G26/><T98/><D98/><AGARI ba="0,1" hai="11,15,18,41,45,50,98,99,101,102,103" m="25703" machi="98" ten="30,1500,0" yaku="8,1" doraHai="128" who="3" fromWho="0" sc="201,-15,240,0,286,0,263,25" /><INIT seed="3,1,0,5,2,48" ten="186,240,286,288" oya="3" hai0="90,58,126,119,60,14,39,87,69,73,120,35,36" hai1="99,61,94,77,49,8,91,45,135,7,110,72,86" hai2="6,129,124,85,68,13,2,31,22,25,109,130,81" hai3="5,46,24,10,41,105,96,122,16,92,52,76,32"/><W104/><G122/><T132/><D73/><U70/><E110/><V64/><F109/><W102/><G76/><T127/><D35/><U115/><E115/><V43/><F124/><N who="0" m="47658" /><D120/><U23/><E135/><V38/><F2/><W55/><G105/><T57/><D132/><U100/><E23/><V47/><F64/><W37/><G104/><T18/><D69/><U9/><E61/><V29/><F68/><W26/><G26/><T65/><D58/><U98/><E70/><V42/><F42/><W75/><G75/><T20/><D119/><U103/><E72/><V118/><F29/><W21/><G32/><T30/><D30/><U33/><E33/><V131/><F118/><W4/><G4/><T128/><D128/><U19/><E19/><V71/><F71/><W0/><AGARI ba="1,0" hai="0,5,10,16,21,24,37,41,46,52,55,92,96,102" machi="0" ten="20,18000,2" yaku="0,1,7,1,52,2,54,2" doraHai="48" who="3" fromWho="3" sc="186,-61,240,-61,286,-61,288,183" owari="125,-37.5,179,-22.1,225,2.5,471,57.1" /></mjloggm>