<mjloggm ver="2.3"><GO type="225" lobby="0"/><UN n0="%73%6C%69%63%6B%33%31%39" n1="%E3%83%B4%E3%83%A0%EF%BC%99%E3%81%A6" n2="%E3%82%BC%E3%83%AB%E3%83%80%E3%81%AE%E4%BC%9D%E8%AA%AC" n3="%4E%49%4A%49%49%52%4F" dan="16,17,16,16" rate="2184.50,2200.51,2174.95,2216.61" sx="M,M,M,M"/><TAIKYOKU oya="0"/><INIT seed="0,0,0,4,3,103" ten="250,250,250,250" oya="0" hai0="24,95,13,40,83,28,106,26,5,100,127,82,33" hai1="19,129,68,57,62,116,124,73,30,16,52,135,53" hai2="90,89,1,81,107,71,122,42,87,3,41,85,113" hai3="79,0,2,12,32,125,76,108,27,119,96,17,126"/><T64/><D127/><N who="3" m="48649" /><G119/><T117/><D117/><U15/><E124/><V31/><F71/><W34/><G108/><T72/><D40/><U75/><E116/><V69/><F69/><W86/><G96/><T92/><D64/><U114/><E68/><V105/><F31/><N who="3" m="19583" /><G34/><T37/><D37/><U70/><E30/><V77/><F81/><N who="3" m="47399" /><G79/><T43/><D33/><U115/><E129/><V23/><F77/><W20/><AGARI ba="0,0" hai="0,2,12,17,20" m="47399,19583,48649" machi="20" ten="30,1100,0" yaku="18,1" doraHai="103" who="3" fromWho="3" sc="250,-5,250,-3,250,-3,250,11" /><INIT seed="1,0,0,1,2,45" ten="245,247,247,261" oya="1" hai0="11,14,12,106,98,29,44,128,26,23,22,132,7" hai1="19,119,134,51,52,27,101,53,70,83,125,105,131" hai2="122,76,39,42,126,5,30,13,69,114,77,18,87" hai3="59,135,43,10,16,97,31,54,61,34,85,36,55"/><U103/><E119/><V6/><F122/><W124/><G124/><T48/><D132/><U24/><E70/><V79/><F69/><W120/><G120/><T96/><D128/><U71/><E71/><V38/><F126/><W1/><G135/><T72/><D72/><U115/><E125/><V0/><F0/><W9/><G36/><T113/><D113/><U2/><E115/><V28/><F114/><W107/><G43/><T109/><D109/><U20/><E134/><V56/><F42/><W32/><G107/><T104/><D106/><U75/><E2/><V58/><F87/><W78/><G97/><T111/><D111/><U63/><E131/><V62/><F38/><W91/><G78/><T33/><D104/><U57/><E105/><V68/><F39/><W89/><G31/><N who="2" m="11817" /><F68/><W15/><G91/><T92/><D14/><N who="1" m="9335" /><E83/><V4/><F62/><W46/><G1/><T88/><REACH who="0" step="1"/><D98/><REACH who="0" ten="235,247,247,261" step="2"/><U99/><E75/><V3/><F3/><W40/><G32/><T8/><D8/><AGARI ba="0,1" hai="4,5,6,8,13,18,56,58,76,77,79" m="11817" machi="8" ten="30,1000,0" yaku="8,1" doraHai="45" who="2" fromWho="0" sc="235,-10,247,0,247,20,261,0" /><INIT seed="2,0,0,5,0,121" ten="225,247,267,261" oya="2" hai0="38,91,89,5,57,31,113,122,6,39,87,135,34" hai1="27,127,88,76,9,106,32,77,33,1,60,53,2" hai2="48,8,63,42,133,11,12,18,13,102,14,103,83" hai3="15,96,128,23,132,40,20,45,134,123,120,101,17"/><V114/><F133/><N who="3" m="51307" /><G128/><T92/><D122/><U62/><E106/><V24/><F114/><W124/><G124/><T25/><D113/><U10/><E127/><V131/><F131/><W4/><G4/><T110/><D135/><U47/><E47/><N who="2" m="25719" /><F63/><W107/><G23/><T73/><D73/><U65/><E53/><V28/><F83/><W74/><G74/><T72/><D72/><U94/><E94/><V50/><F50/><AGARI ba="0,0" hai="15,17,20,40,45,50,96,101,107,120,123" m="51307" machi="50" ten="30,1000,0" yaku="20,1" doraHai="121" who="3" fromWho="2" sc="225,0,247,0,267,-10,261,10" /><INIT seed="3,0,0,5,2,101" ten="225,247,257,271" oya="3" hai0="117,45,58,48,67,50,81,96,129,3,107,64,68" hai1="13,29,73,52,1,112,125,106,21,72,36,6,80" hai2="71,77,17,66,130,90,134,18,69,95,133,47,26" hai3="94,62,91,14,99,89,78,9,12,51,19,49,34"/><W115/><G115/><T84/><D117/><U108/><E112/><V63/><F130/><W120/><G34/><T113/><D113/><U79/><E36/><V104/><F71/><W55/><G78/><T93/><D3/><U39/><E39/><V131/><F131/><W28/><G28/><T110/><D129/><U32/><E72/><V128/><F128/><W82/><G120/><T70/><D107/><U10/><E108/><V127/><F127/><W92/><G82/><T15/><D110/><U44/><E125/><V100/><F77/><W43/><G43/><N who="0" m="24639" /><D68/><U27/><E106/><V41/><F100/><W126/><G126/><T74/><D70/><U97/><E97/><N who="2" m="57591" /><F26/><W8/><G62/><T31/><D31/><U122/><E122/><V42/><F104/><W30/><G30/><T16/><D74/><U111/><E111/><V85/><F85/><W118/><G118/><T22/><D81/><U53/><E44/><V20/><F20/><W11/><G55/><N who="0" m="32119" /><D84/><U57/><E57/><V116/><F116/><W0/><G0/><T4/><D4/><U35/><E35/><V59/><F69/><W40/><G40/><N who="2" m="15465" /><F47/><W46/><G46/><T102/><AGARI ba="0,0" hai="15,16,22,64,67,93,96,102" m="32119,24639" machi="102" ten="30,2000,0" yaku="8,1,54,1" doraHai="101" who="0" fromWho="0" sc="225,20,247,-5,257,-5,271,-10" /><INIT seed="4,0,0,0,2,46" ten="245,242,252,261" oya="0" hai0="79,118,60,25,44,89,131,69,14,63,62,32,129" hai1="66,43,59,103,20,93,65,111,121,119,122,128,117" hai2="6,112,74,17,39,13,73,51,49,19,132,33,123" hai3="11,85,0,78,80,94,27,10,57,105,84,125,67"/><T95/><D118/><N who="1" m="45067" /><E93/><V42/><F123/><N who="1" m="47113" /><E103/><V106/><F33/><W134/><G105/><T113/><D113/><U29/><E20/><V108/><F108/><W24/><G134/><T36/><D79/><U88/><E88/><V30/><F30/><W86/><G125/><T15/><D69/><U5/><E29/><V135/><F112/><W124/><G124/><T98/><D25/><N who="3" m="9801" /><G0/><T38/><D32/><U96/><E96/><V31/><F31/><W8/><G94/><T58/><D14/><U50/><E5/><V110/><F110/><W45/><G45/><T91/><D15/><U61/><E111/><V114/><F114/><W2/><G2/><T3/><D3/><U7/><E7/><V109/><F109/><W130/><G130/><N who="0" m="49675" /><D91/><U55/><E128/><V35/><F35/><W99/><G99/><T56/><D36/><U104/><E104/><V18/><F106/><W72/><G72/><N who="2" m="27753" /><F6/><W77/><G80/><T37/><D38/><U40/><E65/><V97/><F97/><W115/><G115/><T21/><D21/><U22/><E22/><V48/><F13/><W53/><G67/><T126/><D126/><U76/><E76/><V127/><F127/><W133/><G133/><N who="2" m="51273" /><F39/><W41/><G78/><T23/><D23/><U4/><E4/><V1/><F1/><W83/><G77/><T54/><D37/><U28/><E28/><V12/><F12/><W116/><G83/><T70/><D70/><AGARI ba="0,0" hai="40,43,50,55,59,61,66,70" m="47113,45067" machi="70" ten="30,3900,0" yaku="34,2,52,1" doraHai="46" who="1" fromWho="0" sc="245,-39,242,39,252,0,261,0" /><INIT seed="5,0,0,0,4,45" ten="206,281,252,261" oya="1" hai0="47,13,69,28,38,97,29,8,92,33,100,77,111" hai1="11,110,96,34,81,52,12,30,91,104,3,59,9" hai2="66,80,103,95,90,72,70,127,87,76,67,58,57" hai3="51,115,93,19,50,113,107,71,26,119,116,55,129"/><U2/><E34/><V83/><F127/><W99/><G71/><T65/><D111/><U133/><E30/><V84/><F70/><W7/><G107/><T121/><D121/><U53/><E110/><V14/><F14/><W134/><G134/><T31/><D33/><U79/><E133/><V94/><F58/><W123/><G123/><T118/><D118/><N who="3" m="45097" /><G7/><T64/><D69/><U120/><E120/><V16/><F16/><W122/><G129/><T112/><D112/><N who="3" m="43081" /><G55/><T24/><D24/><U128/><E53/><V54/><F103/><N who="3" m="60911" /><G122/><T41/><REACH who="0" step="1"/><D77/><REACH who="0" ten="196,281,252,261" step="2"/><U20/><E79/><V135/><F135/><W18/><G26/><T75/><D75/><U68/><E68/><V61/><REACH who="2" step="1"/><F72/><REACH who="2" ten="196,281,242,261" step="2"/><W17/><AGARI ba="0,2" hai="17,18,19,50,51" m="60911,43081,45097" machi="17" ten="40,8000,1" yaku="12,1,15,1,52,2" doraHai="45" who="3" fromWho="3" sc="196,-20,281,-40,242,-20,261,100" owari="176,-32.4,241,4.1,222,-17.8,361,46.1" /></mjloggm>