<mjloggm ver="2.3"><GO type="225" lobby="0"/><UN n0="%E3%83%8F%E3%83%B3%E3%83%89%E3%83%A9%E3%83%BC%E3%83%BB%E3%83%AF%E3%83%B3" n1="%E3%81%B5%E3%81%98%E3%81%8B%E3%81%A4" n2="%E6%98%93%E5%88%A9%E8%96%A9%E4%BC%AF" n3="%4B%2E%32%2E%4B%2E" dan="17,16,16,16" rate="2220.29,2118.35,2088.98,2113.49" sx="M,M,F,M"/><TAIKYOKU oya="0"/><INIT seed="0,0,0,5,2,112" ten="250,250,250,250" oya="0" hai0="42,128,78,1,109,94,103,48,123,17,12,74,26" hai1="93,101,68,99,98,28,116,51,87,21,96,71,79" hai2="59,92,119,54,130,2,30,62,115,24,100,72,4" hai3="23,14,19,0,131,67,53,124,108,56,35,82,25"/><T49/><D123/><U34/><E34/><V127/><F115/><W107/><G107/><T5/><D128/><U90/><E51/><V27/><F72/><W81/><G0/><T31/><D109/><U45/><E45/><V121/><F121/><W40/><G67/><T84/><D74/><U58/><E58/><V118/><F127/><W11/><G124/><T126/><D126/><U125/><E125/><V29/><F130/><W22/><G131/><T129/><D129/><U3/><E3/><V76/><F76/><W7/><G108/><T105/><D105/><U66/><E79/><V117/><F4/><W64/><G64/><T16/><D1/><U63/><E71/><V77/><F77/><W60/><G40/><T69/><D69/><U122/><E122/><V43/><F43/><W133/><G35/><T88/><D103/><U13/><E116/><V57/><F57/><W65/><G133/><T47/><D78/><U8/><E21/><V20/><F2/><W61/><REACH who="3" step="1"/><G23/><REACH who="3" ten="250,250,250,240" step="2"/><N who="0" m="15839" /><D48/><U10/><E28/><N who="2" m="10859" /><F20/><W70/><AGARI ba="0,1" hai="7,11,14,19,22,25,53,56,60,61,65,70,81,82" machi="70" ten="20,2700,0" yaku="1,1,0,1,7,1,53,0" doraHai="112" doraHaiUra="132" who="3" fromWho="3" sc="250,-13,250,-7,250,-7,240,37" /><INIT seed="1,0,0,1,4,63" ten="237,243,243,277" oya="1" hai0="46,122,6,44,109,31,43,95,75,71,42,26,112" hai1="37,89,110,33,8,87,123,27,135,0,134,53,100" hai2="51,107,1,59,97,83,62,88,128,58,29,68,129" hai3="102,10,38,40,104,85,82,5,34,7,15,36,121"/><U32/><E123/><V80/><F1/><W114/><G121/><T22/><D112/><U106/><E37/><V50/><F29/><W115/><G34/><T84/><D122/><U25/><E100/><V41/><F68/><W45/><G36/><T99/><D75/><U57/><E106/><V73/><F59/><W130/><G130/><N who="2" m="50281" /><F73/><W98/><REACH who="3" step="1"/><G5/><REACH who="3" ten="237,243,243,267" step="2"/><T9/><D6/><N who="1" m="1095" /><E32/><V92/><F107/><W4/><G4/><T64/><D109/><U131/><E33/><V91/><F41/><W125/><G125/><T78/><D43/><U77/><E110/><V60/><F60/><W3/><G3/><T30/><D42/><U81/><E131/><V103/><F51/><W35/><G35/><T66/><D71/><U61/><E77/><AGARI ba="0,1" hai="7,10,15,38,40,45,77,82,85,98,102,104,114,115" machi="77" ten="30,2000,0" yaku="1,1,7,1,53,0" doraHai="63" doraHaiUra="14" who="3" fromWho="1" sc="237,0,243,-20,243,0,267,30" /><INIT seed="2,0,0,5,5,76" ten="237,223,243,297" oya="2" hai0="67,119,92,20,50,131,9,116,19,73,103,60,96" hai1="8,69,113,55,2,130,56,71,36,128,104,105,101" hai2="88,40,4,100,82,26,21,107,30,98,23,129,109" hai3="11,115,45,13,110,28,125,122,95,63,37,133,10"/><V124/><F129/><N who="1" m="49769" /><E113/><V44/><F124/><W102/><G122/><T70/><D131/><U114/><E114/><V112/><F112/><W53/><G115/><T3/><D73/><U38/><E101/><V15/><F109/><W78/><G110/><T49/><D9/><U7/><E55/><V83/><F88/><W48/><G37/><N who="1" m="14442" /><E56/><V87/><F87/><W51/><G63/><T93/><D93/><U121/><E121/><V66/><F66/><W86/><G133/><T81/><D3/><U75/><E75/><V12/><F4/><W123/><G123/><T24/><REACH who="0" step="1"/><D81/><REACH who="0" ten="227,223,243,297" step="2"/><U126/><E126/><V54/><F82/><N who="3" m="47447" /><G10/><T35/><D35/><U118/><E118/><AGARI ba="0,1" hai="19,20,24,49,50,60,67,70,92,96,103,116,118,119" machi="118" ten="40,2600,0" yaku="1,1,12,1,53,0" doraHai="76" doraHaiUra="32" who="0" fromWho="1" sc="227,36,223,-26,243,0,297,0" /><INIT seed="3,0,0,1,4,9" ten="263,197,243,297" oya="3" hai0="27,36,107,7,11,134,59,55,45,110,62,52,34" hai1="93,65,22,24,111,25,48,32,120,61,118,129,8" hai2="79,89,14,77,102,90,68,21,78,96,122,63,127" hai3="31,113,54,33,18,98,97,23,49,72,15,116,66"/><W106/><G113/><T112/><D107/><U6/><E118/><V12/><F127/><W117/><G72/><T3/><D110/><U71/><E111/><V128/><F128/><W109/><G109/><T43/><D134/><U115/><E129/><V125/><F125/><W26/><G66/><T10/><D112/><U38/><E115/><V16/><F122/><W57/><G97/><T46/><D11/><U53/><E120/><V75/><F75/><W41/><G41/><T17/><D46/><U37/><E32/><V30/><F30/><W70/><G70/><T95/><D95/><U50/><E50/><V1/><F1/><W86/><G86/><T35/><D55/><U91/><E25/><N who="2" m="14503" /><F68/><W5/><G5/><T67/><D67/><U56/><E22/><V73/><F63/><W29/><G31/><T94/><D94/><U64/><E24/><V84/><F73/><W121/><G121/><T132/><D132/><U135/><E135/><V131/><F131/><W105/><G105/><T76/><D76/><U126/><E126/><V101/><F90/><W83/><G83/><T108/><D108/><U60/><E91/><V133/><F133/><W58/><G58/><T99/><D99/><U4/><E93/><N who="2" m="58511" /><F102/><W81/><G81/><AGARI ba="0,0" hai="12,14,77,78,79,81,84,89" m="58511,14503" machi="81" ten="30,7700,0" yaku="8,1,52,2,54,1" doraHai="9" who="2" fromWho="3" sc="263,0,197,0,243,77,297,-77" owari="263,6.3,197,-30.3,320,42.0,220,-18.0" /></mjloggm>