<mjloggm ver="2.3"><GO type="225" lobby="0"/><UN n0="%E5%8C%97%E6%AC%A7%E3%81%AE%E3%82%82%E3%81%93%E3%81%86" n1="%33%74%72%65%65" n2="%72%69%6F%75%63%68%61%6E" n3="%28%EF%BF%A3%E2%96%BD%EF%BF%A3%29%CE%B4%E2%8C%92%E3%83%BB" dan="16,16,17,16" rate="2137.36,2103.15,2185.28,2196.03" sx="M,F,M,M"/><TAIKYOKU oya="0"/><INIT seed="0,0,0,5,0,0" ten="250,250,250,250" oya="0" hai0="24,59,128,36,33,54,8,11,71,72,46,6,1" hai1="15,117,37,123,119,127,50,66,101,12,121,74,64" hai2="40,69,63,42,45,131,76,62,14,99,21,16,94" hai3="104,60,18,135,32,110,41,89,58,96,5,98,132"/><T82/><D71/><U116/><E37/><V109/><F109/><W68/><G32/><T125/><D128/><U88/><E74/><V61/><F131/><W81/><G110/><T13/><D125/><U78/><E78/><V100/><F76/><W19/><G68/><T48/><D72/><U130/><E130/><V43/><REACH who="2" step="1"/><F69/><REACH who="2" ten="250,250,240,250" step="2"/><W105/><G132/><T38/><D82/><U118/><E118/><V133/><F133/><W83/><G135/><T84/><D84/><U10/><E117/><V75/><F75/><W107/><G83/><T113/><D113/><U92/><E119/><V22/><F22/><W31/><G81/><T114/><D114/><U90/><E116/><V20/><F20/><W4/><G105/><T27/><D33/><U35/><E35/><V55/><F55/><W87/><G107/><T52/><D38/><AGARI ba="0,1" hai="14,16,21,38,40,42,43,45,61,62,63,94,99,100" machi="38" ten="40,2600,0" yaku="1,1,54,1,53,0" doraHai="0" doraHaiUra="7" who="2" fromWho="0" sc="250,-26,250,0,240,36,250,0" /><INIT seed="1,0,0,3,2,53" ten="224,250,276,250" oya="1" hai0="45,23,5,34,99,93,127,81,59,11,92,12,129" hai1="24,3,33,63,49,135,86,50,119,22,126,108,26" hai2="27,73,84,37,85,114,25,39,104,125,60,68,94" hai3="57,97,36,115,61,42,19,47,113,38,18,112,35"/><U6/><E119/><V117/><F117/><W54/><G35/><T2/><D127/><U40/><E126/><V90/><F73/><W71/><G38/><T133/><D129/><U122/><E122/><V72/><F72/><W43/><G43/><T109/><D133/><U102/><E135/><V7/><F125/><W134/><G134/><T128/><D109/><U75/><E75/><V111/><F111/><W79/><G79/><T131/><D34/><U29/><E108/><V132/><F132/><W21/><G21/><T62/><D45/><U74/><E74/><V55/><F104/><W52/><G54/><T44/><D44/><U67/><E102/><V32/><F7/><W16/><G71/><T91/><D81/><U4/><E86/><V116/><F116/><W101/><REACH who="3" step="1"/><G113/><REACH who="3" ten="224,250,276,240" step="2"/><T76/><D76/><U69/><E40/><V20/><F55/><W41/><G41/><T110/><D110/><U1/><E33/><V83/><F32/><W82/><G82/><T15/><D23/><U66/><E22/><V8/><F20/><W70/><G70/><T10/><D131/><U107/><E69/><V124/><F124/><W105/><AGARI ba="0,1" hai="16,18,19,36,42,47,52,57,61,97,101,105,112,115" machi="105" ten="30,8000,1" yaku="1,1,0,1,52,1,54,2,53,0" doraHai="53" doraHaiUra="64" who="3" fromWho="3" sc="224,-20,250,-40,276,-20,240,90" /><INIT seed="2,0,0,1,4,82" ten="204,210,256,330" oya="2" hai0="80,96,4,120,74,53,20,119,27,34,102,91,22" hai1="40,13,38,97,5,31,24,90,68,71,61,73,121" hai2="83,104,128,58,37,81,39,14,41,29,33,123,55" hai3="99,10,108,64,127,63,35,134,0,111,78,19,87"/><V7/><F123/><W86/><G35/><T129/><D129/><U48/><E121/><V49/><F128/><W54/><G78/><T9/><D119/><U2/><E2/><V23/><F104/><W56/><G127/><T135/><D135/><U44/><E73/><V117/><F117/><W103/><G134/><T1/><D120/><U114/><E114/><V125/><F125/><W106/><G19/><T84/><D74/><U6/><E38/><V107/><F107/><W132/><G132/><T3/><D3/><U105/><E13/><V21/><F33/><W94/><G106/><T46/><D34/><U113/><E113/><V43/><F37/><W85/><REACH who="3" step="1"/><G64/><REACH who="3" ten="204,210,256,320" step="2"/><T77/><D77/><U12/><E105/><V8/><F29/><W67/><G67/><T28/><D20/><N who="2" m="7754" /><F39/><W100/><G100/><T42/><D22/><U126/><E126/><V50/><F41/><W69/><G69/><T60/><D42/><U88/><E71/><V25/><F25/><W52/><G52/><T16/><D28/><U122/><E122/><V89/><F89/><W18/><G18/><T110/><D27/><U32/><E90/><V62/><F43/><W51/><G51/><AGARI ba="0,1" hai="7,8,14,49,50,51,55,58,62,81,83" m="7754" machi="51" ten="30,1500,0" yaku="8,1" doraHai="82" who="2" fromWho="3" sc="204,0,210,0,256,25,320,-15" /><INIT seed="2,1,0,1,5,97" ten="204,210,281,305" oya="2" hai0="91,93,64,103,79,118,46,129,49,122,124,100,58" hai1="95,106,71,99,87,28,77,52,34,94,86,131,104" hai2="133,75,117,40,83,96,29,2,130,37,116,51,113" hai3="109,82,44,78,0,47,53,42,128,84,73,10,69"/><V36/><F113/><W24/><G69/><T108/><D129/><U6/><E71/><V63/><F130/><W125/><G128/><T135/><D124/><U115/><E131/><V132/><F2/><W121/><G125/><T67/><D135/><N who="2" m="51786" /><F29/><W101/><G121/><T70/><D108/><U21/><E115/><V102/><F63/><W98/><G109/><T88/><D122/><U111/><E111/><V59/><F59/><W81/><G24/><T127/><D127/><U31/><E31/><V33/><F51/><W54/><G47/><T48/><D70/><U107/><E34/><V123/><F33/><W50/><G10/><T26/><D79/><U119/><E77/><N who="2" m="44479" /><F123/><W30/><G30/><T74/><D74/><U13/><E28/><V22/><F22/><W126/><G0/><T25/><D118/><N who="2" m="45674" /><F40/><W23/><G23/><T7/><D48/><U66/><E21/><V1/><F1/><W76/><REACH who="3" step="1"/><G126/><REACH who="3" ten="204,210,281,295" step="2"/><T11/><D46/><U55/><E119/><V17/><F17/><W105/><AGARI ba="1,1" hai="42,44,50,53,54,73,76,78,81,82,84,98,101,105" machi="105" ten="20,8000,1" yaku="1,1,2,1,0,1,7,1,52,1,53,0" doraHai="97" doraHaiUra="9" who="3" fromWho="3" sc="204,-21,210,-21,281,-41,295,93" /><INIT seed="3,0,0,1,1,16" ten="183,189,240,388" oya="3" hai0="31,18,14,43,133,101,108,41,109,60,66,58,102" hai1="70,50,7,124,4,17,79,59,88,13,47,2,85" hai2="131,132,49,106,122,93,20,115,33,107,12,1,91" hai3="72,98,24,103,38,68,83,62,42,65,73,96,87"/><W5/><G96/><T134/><D31/><U130/><E70/><V82/><F1/><W97/><G97/><T86/><D86/><U77/><E2/><V22/><F33/><W27/><G5/><N who="1" m="2122" /><E130/><V29/><F115/><W19/><G42/><N who="0" m="15883" /><D101/><U40/><E59/><V112/><F112/><W45/><G45/><T6/><D6/><U63/><E63/><V135/><F131/><W10/><G38/><T54/><D102/><U75/><E124/><V99/><F122/><W34/><G27/><T118/><D66/><U48/><E48/><V23/><F49/><W3/><G3/><T121/><D121/><U111/><E75/><V78/><F12/><N who="3" m="7575" /><G87/><T15/><D15/><U100/><E100/><V32/><F32/><W8/><G8/><N who="0" m="6471" /><D118/><U28/><E28/><V126/><F126/><W55/><G83/><T127/><D127/><U113/><E113/><V81/><F29/><N who="3" m="19751" /><G55/><T123/><D123/><U128/><E128/><V89/><F89/><W116/><G116/><T80/><D80/><N who="2" m="30826" /><F78/><N who="1" m="29705" /><E88/><V25/><F25/><W0/><G0/><T95/><D95/><U26/><E85/><V51/><F51/><W56/><G56/><T30/><D30/><U21/><E26/><V53/><F53/><W39/><G39/><T92/><D92/><U110/><E13/><V94/><F107/><N who="3" m="63991" /><G73/><T44/><D44/><U52/><E52/><V90/><F106/><W119/><G72/><T37/><D37/><U84/><E84/><V76/><F93/><W129/><G119/><T67/><D54/><U105/><E105/><V71/><F94/><W64/><G129/><T74/><D74/><RYUUKYOKU ba="0,0" sc="183,10,189,10,240,-30,388,10" hai0="58,60,67,108,109,133,134" hai1="17,21,40,47,50,110,111" hai3="62,64,65,68" owari="193,-30.7,199,-20.1,210,1.0,398,49.8" /></mjloggm>