<mjloggm ver="2.3"><GO type="225" lobby="0"/><UN n0="%E3%80%90%E3%83%88%E3%83%AA%E3%83%A5%E3%83%95%E3%80%91" n1="%E3%83%A9%E3%83%BC%E3%83%A1%E3%83%B3%E4%BA%94%E9%83%8E" n2="%41%6F%54" n3="%E3%82%A2%E3%83%A1%E3%82%A2%E3%83%A9%E3%83%AC" dan="16,16,16,16" rate="2074.50,2120.95,2039.77,2117.30" sx="M,M,M,M"/><TAIKYOKU oya="0"/><INIT seed="0,0,0,4,3,63" ten="250,250,250,250" oya="0" hai0="131,122,25,93,3,80,36,119,86,82,21,72,20" hai1="49,68,97,107,94,8,32,12,67,38,19,55,133" hai2="91,40,127,74,110,125,15,123,56,132,43,108,88" hai3="66,64,79,37,105,2,134,0,69,87,85,11,102"/><T24/><D119/><U129/><E32/><V90/><F74/><W22/><G37/><T121/><D36/><U114/><E38/><V92/><F123/><W103/><G134/><T13/><D72/><U30/><E133/><V76/><F76/><W118/><G118/><T126/><D3/><U89/><E30/><V84/><F132/><W35/><G35/><T130/><D13/><U10/><E129/><V29/><F29/><W60/><G22/><T120/><D93/><U58/><E107/><V27/><F27/><W46/><G46/><T28/><D126/><N who="2" m="48138" /><F15/><W109/><G109/><N who="2" m="42089" /><F56/><W6/><G0/><T99/><D99/><U26/><E26/><V98/><F84/><W14/><G2/><T50/><D86/><U75/><E75/><V53/><F53/><W18/><G6/><T73/><D73/><U17/><E114/><V31/><F31/><W65/><G87/><T100/><D120/><U45/><E68/><V16/><F16/><N who="1" m="6217" /><E12/><V115/><F115/><W128/><G128/><T95/><D28/><U62/><AGARI ba="0,0" hai="8,10,45,49,55,58,62,67,89,94,97" m="6217" machi="62" ten="30,4000,0" yaku="8,1,52,1,54,1" doraHai="63" who="1" fromWho="1" sc="250,-20,250,40,250,-10,250,-10" /><INIT seed="1,0,0,1,2,131" ten="230,290,240,240" oya="1" hai0="93,59,55,91,14,3,130,90,80,39,15,110,83" hai1="42,102,48,36,21,107,98,54,28,100,94,103,61" hai2="7,99,8,25,104,6,74,19,46,57,41,5,11" hai3="81,1,123,58,115,45,77,71,65,24,133,31,0"/><U44/><E107/><V96/><F74/><W119/><G123/><T76/><D130/><U116/><E116/><V13/><F57/><W109/><G115/><T56/><D3/><U124/><E124/><V85/><F85/><W84/><G109/><T34/><D34/><U113/><E113/><V2/><F104/><W67/><G71/><T35/><D35/><U26/><REACH who="1" step="1"/><E61/><REACH who="1" ten="230,280,240,240" step="2"/><V112/><F112/><W70/><G119/><T10/><D110/><U68/><E68/><V128/><F128/><W50/><G70/><T75/><D39/><U132/><E132/><V127/><F127/><W97/><G133/><T121/><D121/><U23/><E23/><V135/><F135/><W117/><G117/><T38/><D38/><U86/><E86/><V111/><F111/><W106/><G106/><T47/><D75/><U129/><E129/><V79/><F99/><W73/><G97/><T4/><D15/><U134/><E134/><V51/><F96/><W33/><G84/><T22/><D22/><U122/><E122/><V29/><REACH who="2" step="1"/><F79/><REACH who="2" ten="230,280,230,240" step="2"/><W62/><G67/><T120/><D120/><U95/><E95/><V49/><F49/><W16/><G50/><N who="0" m="29151" /><D76/><U126/><E126/><V125/><F125/><W27/><G77/><T17/><D93/><U66/><E66/><V82/><F82/><W32/><G81/><T53/><D83/><U40/><E40/><V105/><F105/><W20/><G73/><T18/><D80/><U72/><E72/><V63/><F63/><W30/><G33/><AGARI ba="0,2" hai="2,5,6,7,8,11,13,19,25,29,33,41,46,51" machi="33" ten="30,3900,0" yaku="1,1,7,1,53,1" doraHai="131" doraHaiUra="9" who="2" fromWho="3" sc="230,0,280,0,230,59,240,-39" /><INIT seed="2,0,0,0,3,98" ten="230,280,289,201" oya="2" hai0="121,53,42,59,16,30,4,48,106,32,111,1,127" hai1="35,90,43,33,105,75,27,54,118,129,117,99,132" hai2="123,82,77,63,89,22,101,85,14,76,26,104,70" hai3="51,3,73,45,60,41,102,12,96,84,103,5,20"/><V44/><F123/><W92/><G73/><T94/><D111/><U87/><E75/><V8/><F70/><W39/><G3/><T31/><D106/><U112/><E112/><V116/><F116/><W128/><G128/><T29/><D121/><U109/><E43/><V0/><F0/><W7/><G39/><T74/><D74/><U126/><E109/><V68/><F68/><W88/><G60/><T71/><D127/><U11/><E11/><V124/><F124/><W81/><REACH who="3" step="1"/><G102/><REACH who="3" ten="230,280,289,191" step="2"/><T83/><D1/><U64/><E129/><V66/><F63/><W130/><G130/><T52/><D32/><U47/><E35/><V46/><F101/><W86/><G86/><T56/><D71/><U133/><E87/><V34/><F34/><W80/><G80/><T113/><D83/><U122/><E33/><V134/><F82/><W9/><G9/><T19/><D113/><U131/><E131/><V65/><F85/><W120/><G120/><T38/><D4/><U15/><E122/><V69/><F69/><W67/><G67/><T125/><D125/><U115/><E64/><V107/><F66/><W25/><G25/><T119/><D119/><U57/><E27/><V62/><F65/><W58/><G58/><T61/><REACH who="0" step="1"/><D94/><REACH who="0" ten="220,280,289,191" step="2"/><U23/><E117/><V36/><F107/><W21/><G21/><T95/><D95/><U108/><E118/><V93/><F22/><W79/><G79/><T2/><D2/><U114/><E23/><V55/><F77/><W91/><G91/><T49/><D49/><U78/><E126/><V18/><F76/><W97/><G97/><RYUUKYOKU ba="0,2" sc="220,15,280,-15,289,-15,191,15" hai0="16,19,29,30,31,38,42,48,52,53,56,59,61" hai3="5,7,12,20,41,45,51,81,84,88,92,96,103" /><INIT seed="3,1,2,5,3,113" ten="235,265,274,206" oya="3" hai0="67,4,75,29,109,62,7,37,39,50,101,95,47" hai1="111,51,1,33,13,61,5,87,124,103,18,42,85" hai2="131,120,17,41,0,9,125,64,32,129,26,82,11" hai3="55,57,27,117,53,126,72,63,48,116,97,114,96"/><W98/><G114/><T127/><D109/><U118/><E33/><V65/><F125/><W78/><G126/><T93/><D75/><U73/><E124/><V30/><F120/><W2/><G2/><T134/><D134/><U112/><E112/><V89/><F41/><W58/><REACH who="3" step="1"/><G27/><REACH who="3" ten="235,265,274,196" step="2"/><T40/><D127/><U21/><E1/><V19/><F0/><W59/><G59/><N who="0" m="37343" /><D37/><U45/><E111/><V77/><F131/><W16/><G16/><T70/><D39/><U35/><E18/><V14/><F129/><W20/><G20/><T105/><D29/><U10/><E21/><V128/><F128/><W56/><G56/><T22/><D22/><U60/><E35/><V69/><F69/><W44/><G44/><T66/><D70/><U108/><E108/><V94/><F19/><W84/><G84/><T133/><D133/><U122/><E85/><V88/><F9/><W24/><G24/><T80/><D4/><U99/><E87/><V74/><F89/><W54/><G54/><T43/><D7/><U119/><E5/><V46/><F46/><W38/><G38/><T135/><D135/><U102/><E45/><V110/><F110/><W49/><G49/><T130/><D130/><U90/><E51/><V3/><F3/><W76/><G76/><T31/><D31/><U52/><E90/><V71/><F71/><W15/><G15/><T107/><D40/><U81/><E42/><V123/><F123/><W12/><G12/><T106/><D43/><U68/><E122/><V28/><F30/><W132/><G132/><T104/><N who="0" m="26624" /><DORA hai="36" /><T100/><D47/><RYUUKYOKU ba="1,3" sc="235,-15,265,-15,274,15,196,15" hai2="11,14,17,26,28,32,64,65,74,77,82,88,94" hai3="48,53,55,57,58,63,72,78,96,97,98,116,117" /><INIT seed="3,2,3,0,2,0" ten="220,250,289,211" oya="3" hai0="49,61,101,60,55,25,36,63,11,31,98,51,113" hai1="91,2,115,52,58,84,74,110,59,54,19,125,69" hai2="132,5,72,29,128,78,103,94,114,111,6,102,10" hai3="109,123,12,130,57,66,23,86,104,15,80,95,73"/><W42/><G123/><T81/><D36/><U41/><E115/><V47/><F114/><W24/><G104/><T112/><D81/><N who="1" m="49551" /><E2/><V107/><F107/><W120/><G120/><T131/><D131/><U43/><E74/><V122/><F122/><W28/><G130/><T67/><D11/><U8/><E69/><V27/><F128/><W13/><G109/><T85/><D85/><U97/><E97/><V87/><F72/><W30/><G73/><T39/><D39/><U126/><E110/><V71/><F71/><W93/><G42/><N who="1" m="15882" /><E19/><V99/><F132/><W100/><G30/><T118/><D118/><U90/><E90/><V106/><F111/><W83/><G100/><T46/><D49/><U56/><E8/><V89/><F10/><W77/><REACH who="3" step="1"/><G80/><REACH who="3" ten="220,250,289,201" step="2"/><T134/><D134/><U135/><E135/><V35/><F103/><W133/><G133/><T88/><D113/><U124/><AGARI ba="2,4" hai="52,54,56,58,59,124,125,126" m="15882,49551" machi="124" ten="40,2700,0" yaku="18,1,54,1" doraHai="0" who="1" fromWho="1" sc="220,-9,250,73,289,-9,201,-15" owari="211,-18.9,323,42.3,280,8.0,186,-31.4" /></mjloggm>