<mjloggm ver="2.3"><GO type="225" lobby="0"/><UN n0="%E9%B3%B3%E6%9D%B1%E3%81%AE%E3%81%86%E3%81%95%E3%81%8E%E3%81%95%E3%82%93" n1="%E8%BE%9B%E5%8F%A3%E3%82%AB%E3%83%AC%E3%83%BC%E3%83%A9%E3%82%A4%E3%82%B9" n2="%E8%81%B7%E6%A5%AD%E3%80%81%E9%A2%A8%32" n3="%E3%81%8F%E3%82%8A%E3%83%94%E3%83%BC" dan="16,16,16,16" rate="2214.16,2189.92,2097.97,2079.12" sx="M,M,M,M"/><TAIKYOKU oya="0"/><INIT seed="0,0,0,3,0,118" ten="250,250,250,250" oya="0" hai0="104,74,83,62,103,45,122,54,26,84,29,87,121" hai1="129,56,20,8,22,125,98,112,91,93,106,61,60" hai2="88,77,81,35,13,41,18,107,109,134,76,116,85" hai3="130,55,89,36,23,86,67,28,78,4,39,90,80"/><T120/><D104/><U128/><E125/><V102/><F109/><W75/><G130/><N who="1" m="50282" /><E112/><V30/><F116/><W124/><G124/><T5/><D103/><N who="1" m="62839" /><E8/><V100/><F134/><W47/><G67/><T21/><D5/><U101/><E101/><V50/><F102/><W3/><G89/><T68/><D68/><U37/><E37/><V14/><F14/><W119/><G119/><T117/><D117/><U1/><E1/><V126/><F126/><W127/><G127/><T114/><D114/><U135/><E135/><V33/><F100/><W105/><G105/><T69/><D69/><U111/><E111/><V94/><F107/><W66/><G36/><T27/><D27/><U12/><E12/><V7/><F7/><W34/><G39/><T123/><N who="0" m="30720" /><DORA hai="59" /><T57/><REACH who="0" step="1"/><D45/><REACH who="0" ten="240,250,250,250" step="2"/><U40/><E40/><V43/><F41/><W70/><G47/><T0/><D0/><U53/><E60/><V16/><F43/><W97/><G3/><T92/><D92/><U58/><E56/><V48/><F94/><W131/><G70/><T46/><D46/><U73/><E73/><V42/><F42/><W132/><G75/><T11/><D11/><U113/><E113/><V108/><F108/><W82/><G132/><T110/><D110/><U10/><E10/><V96/><F81/><W79/><G82/><T52/><D52/><U44/><E44/><V2/><F2/><W24/><G55/><T63/><D63/><U99/><AGARI ba="0,1" hai="20,22,53,58,61,91,93,99" m="62839,50282" machi="99" ten="30,2000,0" yaku="19,1,52,1" doraHai="118,59" who="1" fromWho="1" sc="240,-10,250,30,250,-5,250,-5" /><INIT seed="1,0,0,3,3,51" ten="230,280,245,245" oya="1" hai0="112,126,89,61,43,101,8,135,22,90,74,25,76" hai1="2,73,37,27,78,63,66,42,72,118,85,44,35" hai2="99,32,122,71,109,129,70,4,67,91,106,26,120" hai3="39,113,6,86,40,48,81,107,128,82,117,130,115"/><U7/><E118/><V36/><F109/><W127/><G39/><T10/><D112/><N who="3" m="43081" /><G6/><T94/><D135/><U56/><E85/><V46/><F129/><N who="3" m="49771" /><G40/><T64/><D126/><U18/><E18/><V114/><F114/><W23/><G23/><T110/><D110/><U31/><REACH who="1" step="1"/><E78/><REACH who="1" ten="230,270,245,245" step="2"/><V75/><F120/><W19/><G19/><T60/><D76/><U133/><E133/><V5/><F122/><W79/><G117/><T77/><D77/><U134/><E134/><V24/><F5/><W98/><G127/><T53/><D8/><AGARI ba="0,1" hai="2,7,8,27,31,35,37,42,44,56,63,66,72,73" machi="8" ten="40,2000,0" yaku="1,1,53,0" doraHai="51" doraHaiUra="132" who="1" fromWho="0" sc="230,-20,270,30,245,0,245,0" /><INIT seed="1,1,0,5,3,107" ten="210,300,245,245" oya="1" hai0="37,103,16,22,69,93,5,73,66,18,72,79,67" hai1="92,114,105,81,106,83,78,113,125,96,9,76,126" hai2="8,109,51,124,28,98,64,87,127,119,65,74,130" hai3="122,35,70,42,36,71,80,2,10,43,56,99,133"/><U44/><E44/><V20/><F109/><W26/><G122/><T85/><D37/><U52/><E9/><V45/><F119/><W116/><G133/><T33/><D33/><U75/><E52/><N who="2" m="29807" /><F130/><W90/><G116/><T48/><D5/><U6/><E6/><V50/><F8/><W24/><G56/><T39/><D39/><U14/><E14/><V63/><F87/><W60/><G10/><T86/><D48/><U0/><E0/><V77/><F98/><W58/><G2/><T32/><D32/><U102/><E92/><V97/><F97/><W19/><G35/><T46/><D46/><U49/><E49/><V55/><F63/><W131/><G131/><T57/><D57/><U29/><E29/><V13/><F13/><W121/><G121/><T12/><D103/><U100/><E96/><V11/><F11/><W95/><G80/><T123/><D123/><U30/><E30/><V68/><F68/><N who="3" m="26155" /><G26/><T115/><D93/><U91/><E91/><V101/><F101/><W38/><G38/><T84/><D69/><U128/><E128/><V112/><F112/><W88/><G90/><T82/><D115/><U120/><E120/><V89/><F89/><W135/><G36/><T62/><D62/><U94/><E94/><V104/><F104/><W27/><G27/><T1/><D1/><U111/><E111/><V61/><F61/><W34/><G34/><T117/><D117/><U108/><E108/><V21/><F28/><W7/><G7/><T40/><D18/><U129/><E129/><V47/><F21/><N who="3" m="13375" /><G135/><T110/><D110/><U59/><E59/><RYUUKYOKU ba="1,0" sc="210,-15,300,15,245,-15,245,15" hai1="75,76,78,81,83,100,102,105,106,113,114,125,126" hai3="42,43,58,60,88,95,99" /><INIT seed="1,2,0,1,5,52" ten="195,315,230,260" oya="1" hai0="0,13,23,43,15,50,80,107,8,35,10,64,134" hai1="38,63,46,1,45,129,18,68,79,127,95,99,67" hai2="29,115,86,44,6,32,73,25,76,114,27,132,11" hai3="101,12,55,94,106,131,39,47,102,14,40,120,17"/><U135/><E129/><V117/><F117/><W71/><G120/><T2/><D107/><U88/><E127/><V82/><F132/><W59/><G131/><T89/><D134/><U33/><E135/><V58/><F27/><W16/><G106/><T75/><D35/><U65/><E33/><V122/><F122/><W113/><G71/><T60/><D0/><U36/><E1/><V93/><F44/><W24/><G24/><T100/><D100/><U54/><E79/><V108/><F108/><W48/><G113/><N who="2" m="43017" /><F93/><W92/><G92/><T70/><D23/><U4/><E4/><V53/><F11/><W119/><G119/><T109/><D109/><U20/><E65/><V9/><F9/><W42/><G94/><T83/><D2/><U116/><E116/><V62/><F6/><W66/><G66/><T3/><D3/><U31/><E31/><V104/><F104/><W7/><G7/><T110/><D110/><U118/><E118/><V26/><F25/><W61/><G42/><T56/><D8/><U34/><E34/><V57/><F57/><W78/><G39/><T19/><D13/><N who="3" m="5225" /><G78/><T126/><D70/><U133/><E133/><V103/><F103/><AGARI ba="2,0" hai="16,17,40,47,48,55,59,61,101,102,103" m="5225" machi="103" ten="30,3900,0" yaku="8,1,52,1,54,1" doraHai="52" who="3" fromWho="2" sc="195,0,315,0,230,-45,260,45" /><INIT seed="2,0,0,1,1,55" ten="195,315,185,305" oya="2" hai0="51,59,78,3,135,122,87,64,12,61,37,14,13" hai1="26,44,48,18,106,94,95,40,84,4,63,74,73" hai2="129,2,100,29,20,17,75,92,97,96,57,79,102" hai3="27,113,70,127,107,82,101,89,6,33,80,10,109"/><V112/><F112/><W47/><G113/><T126/><D135/><U88/><E106/><V91/><F2/><W54/><G70/><T99/><D126/><U9/><E63/><V30/><F129/><W49/><G109/><T50/><D122/><U25/><E95/><V1/><F1/><W65/><G65/><T110/><D110/><U36/><E36/><V105/><F102/><W114/><G114/><T71/><D37/><U5/><E5/><V93/><F105/><W43/><G127/><T130/><D130/><U81/><E18/><V132/><F132/><W68/><G68/><T0/><D99/><U69/><E69/><V108/><F108/><W77/><G89/><T28/><D28/><U123/><E123/><V60/><F79/><W66/><G66/><T115/><D115/><U53/><E40/><V117/><F75/><W39/><G101/><T16/><D16/><U34/><E34/><V56/><F117/><W86/><G107/><T38/><D38/><U42/><E42/><V104/><F104/><W124/><G82/><T120/><D120/><U24/><REACH who="1" step="1"/><E81/><REACH who="1" ten="195,305,185,305" step="2"/><V19/><F19/><W125/><G43/><T15/><N who="0" m="3072" /><DORA hai="103" /><T128/><D128/><U8/><E8/><V22/><F17/><W32/><G39/><T116/><D71/><U85/><E85/><V58/><F60/><W72/><G86/><T133/><D133/><U121/><E121/><V35/><F35/><W21/><G125/><T118/><D118/><U90/><E90/><V98/><F98/><W111/><G124/><T62/><D116/><U119/><E119/><V46/><F46/><RYUUKYOKU ba="0,1" sc="195,-15,305,15,185,15,305,-15" hai1="4,9,24,25,26,44,48,53,73,74,84,88,94" hai2="20,22,29,30,56,57,58,91,92,93,96,97,100" /><INIT seed="2,1,1,4,3,120" ten="180,320,200,290" oya="2" hai0="114,0,107,56,123,104,21,37,26,18,116,89,77" hai1="44,117,58,52,54,38,130,34,109,59,97,20,112" hai2="76,11,67,62,78,79,25,131,113,129,41,40,105" hai3="24,19,103,4,63,87,48,51,135,99,126,93,96"/><V101/><F113/><W43/><G126/><T36/><D123/><U122/><E34/><V75/><F75/><W100/><G135/><T39/><D114/><U33/><E122/><V90/><F11/><W2/><G2/><T50/><D116/><U13/><E33/><V72/><F72/><W74/><G4/><T128/><D0/><U31/><E112/><V83/><F101/><W98/><G74/><T6/><D77/><U91/><E117/><V53/><F105/><W84/><G63/><T65/><D128/><N who="2" m="49226" /><F53/><W57/><G99/><T14/><D89/><U85/><E130/><V8/><F8/><W81/><G57/><T111/><D111/><U82/><E109/><V95/><F25/><W132/><G132/><T42/><D6/><U108/><E108/><V119/><F83/><W5/><G5/><T35/><D65/><U47/><E38/><V73/><F73/><W61/><G81/><T28/><REACH who="0" step="1"/><D42/><REACH who="0" ten="170,320,200,290" step="2"/><N who="2" m="16490" /><F119/><W88/><G43/><T7/><D7/><U45/><E91/><V115/><F115/><W124/><G103/><T92/><D92/><U15/><E82/><V22/><F22/><W94/><G100/><T64/><D64/><U49/><E20/><V118/><F118/><W106/><G94/><T69/><D69/><U102/><E102/><V66/><F62/><W9/><G61/><T27/><D27/><U68/><E68/><V60/><F60/><W10/><G24/><T134/><D134/><U12/><E12/><V3/><F3/><W125/><G93/><T80/><D80/><U1/><E13/><V17/><F17/><W23/><G19/><RYUUKYOKU ba="1,2" sc="170,15,320,-15,200,15,290,-15" hai0="14,18,21,26,28,35,36,37,39,50,56,104,107" hai2="66,67,76,78,79,90,95" /><INIT seed="2,2,2,4,3,122" ten="185,305,215,275" oya="2" hai0="92,127,117,39,124,32,0,99,131,86,87,16,85" hai1="10,48,129,19,91,20,22,95,89,12,113,9,54" hai2="35,80,97,15,67,2,116,104,6,74,26,36,75" hai3="109,18,34,98,107,43,111,58,21,40,11,134,115"/><V126/><F116/><W105/><G34/><T49/><D39/><U14/><E129/><V133/><F36/><W100/><G134/><T51/><D131/><U121/><E113/><V56/><F133/><W5/><G107/><T68/><D117/><U50/><E121/><V71/><F56/><W27/><G58/><T46/><D0/><U66/><E66/><V45/><F45/><W44/><G115/><T53/><D32/><U130/><E130/><V77/><F15/><N who="3" m="5615" /><G44/><T7/><D7/><N who="1" m="3135" /><E89/><V62/><F75/><W76/><G76/><T25/><D68/><U70/><E70/><V64/><F64/><W79/><G79/><T110/><D110/><AGARI ba="2,2" hai="18,21,27,40,43,98,100,105,109,110,111" m="5615" machi="110" ten="30,7700,0" yaku="14,1,52,3" doraHai="122" who="3" fromWho="0" sc="185,-83,305,0,215,0,275,103" /><INIT seed="3,0,0,3,1,4" ten="102,305,215,378" oya="3" hai0="130,59,80,14,5,77,101,1,51,108,52,10,111" hai1="3,74,89,98,64,25,37,41,66,39,32,73,24" hai2="62,135,94,36,42,93,76,82,23,84,128,57,124" hai3="50,103,60,100,63,35,119,47,27,81,88,91,125"/><W30/><G119/><T92/><D130/><U61/><E3/><V29/><F124/><W26/><G125/><T20/><D101/><U38/><E41/><V48/><F36/><W90/><G81/><T126/><D126/><U83/><E83/><V116/><F135/><W54/><G26/><T53/><D92/><U133/><E133/><V12/><F128/><W17/><G17/><T0/><D20/><U44/><E44/><V110/><F110/><W43/><G63/><T95/><D95/><U127/><E127/><V97/><F97/><W87/><G87/><T6/><D53/><U67/><E61/><V86/><F86/><W19/><G19/><T105/><D105/><U7/><E7/><V2/><F2/><W131/><G131/><T107/><D107/><U68/><E68/><V79/><F79/><W78/><G78/><T9/><REACH who="0" step="1"/><D14/><REACH who="0" ten="92,305,215,378" step="2"/><U132/><E132/><V31/><F94/><W13/><G13/><T45/><D45/><U134/><E134/><V114/><F93/><W40/><G40/><T104/><D104/><U102/><E102/><V21/><F12/><W22/><G22/><T112/><D112/><U15/><E15/><V117/><F114/><W75/><G54/><T121/><D121/><U18/><E66/><V34/><F21/><W129/><G103/><T71/><D71/><U58/><E64/><V46/><F23/><W85/><G100/><T28/><D28/><U33/><E67/><V65/><F29/><W8/><G30/><T115/><D115/><U70/><E70/><V99/><F31/><W123/><G129/><T109/><D109/><RYUUKYOKU ba="0,1" sc="92,30,305,-10,215,-10,378,-10" hai0="0,1,5,6,9,10,51,52,59,77,80,108,111" owari="122,-37.8,295,9.5,205,-19.5,378,47.8" /></mjloggm>