<mjloggm ver="2.3"><GO type="225" lobby="0"/><UN n0="%E7%89%B9%E6%9D%B1%E3%81%AF%E4%B8%96%E7%95%8C%E3%82%92%E6%95%91%E3%81%86" n1="%E3%83%9F%E3%82%B9%E3%82%BF%E3%83%BC%E3%83%89%E3%83%BC%E3%83%8A%E3%83%84" n2="%43%68%65" n3="%E3%81%8B%E3%82%8F%E3%81%A1%E3%82%83%E3%82%93%35%38" dan="16,16,16,16" rate="2146.00,2058.62,2163.16,2183.05" sx="M,M,M,M"/><TAIKYOKU oya="0"/><INIT seed="0,0,0,2,3,56" ten="250,250,250,250" oya="0" hai0="11,115,50,52,10,84,106,100,112,110,5,51,48" hai1="55,25,74,92,89,79,117,86,38,9,57,98,103" hai2="30,123,17,36,39,83,8,130,78,47,29,67,109" hai3="102,114,71,23,125,90,132,43,116,128,45,87,63"/><T97/><D110/><U54/><E38/><V65/><F123/><W70/><G114/><T121/><D121/><U26/><E117/><V12/><F109/><W108/><G116/><T20/><D10/><U72/><E55/><V134/><F130/><W44/><G108/><T91/><D20/><U122/><E9/><V129/><F129/><W19/><G128/><T2/><REACH who="0" step="1"/><D52/><REACH who="0" ten="240,250,250,250" step="2"/><U77/><E122/><V53/><F53/><W85/><G23/><T13/><D13/><U16/><E54/><V69/><F12/><W61/><G45/><T96/><D96/><U58/><E98/><V31/><F8/><W33/><G44/><T42/><D42/><U81/><E26/><V28/><F47/><W40/><G43/><T111/><D111/><U34/><E25/><V75/><F31/><W131/><G40/><T22/><D22/><U6/><E34/><V119/><F30/><W1/><G33/><T104/><D104/><U21/><E21/><V101/><F29/><W113/><G131/><T66/><D66/><U15/><E15/><V27/><F67/><W14/><G14/><T88/><D88/><U76/><E89/><V135/><F65/><W95/><G90/><T49/><N who="0" m="12288" /><DORA hai="93" /><T46/><D46/><U99/><E99/><V80/><F28/><W107/><G107/><T62/><D62/><U35/><E35/><V120/><F119/><W68/><G19/><T32/><D32/><U105/><E16/><V64/><F17/><W126/><G113/><T124/><D124/><U7/><E105/><V73/><F120/><W24/><G126/><T59/><D59/><RYUUKYOKU ba="0,1" sc="240,30,250,-10,250,-10,250,-10" hai0="2,5,11,84,91,97,100,106,112,115" /><INIT seed="0,1,1,2,4,107" ten="270,240,240,240" oya="0" hai0="34,102,129,13,52,83,58,84,59,126,42,78,106" hai1="14,132,87,45,97,125,16,100,20,63,26,48,133" hai2="39,94,121,29,93,114,124,75,130,89,86,4,18" hai3="50,15,19,27,65,110,6,37,28,99,46,68,3"/><T47/><D129/><U91/><E63/><V5/><F114/><W118/><G37/><T95/><D126/><U101/><E26/><V23/><F121/><W41/><G118/><T108/><D34/><U85/><E125/><V57/><F124/><W40/><G110/><T21/><D106/><U2/><E2/><V53/><F130/><W128/><G128/><T72/><D108/><U32/><E32/><V7/><F39/><W0/><G6/><T33/><D33/><U109/><E109/><V98/><F75/><W115/><G41/><T25/><D13/><U11/><E20/><V64/><F64/><W112/><G0/><T35/><D35/><U8/><E8/><V111/><F29/><W92/><G3/><T117/><D117/><U135/><E97/><V10/><F10/><N who="3" m="6647" /><G65/><T82/><D52/><N who="1" m="29711" /><E87/><V44/><F44/><W55/><G68/><T24/><D24/><U60/><E60/><N who="2" m="35887" /><F111/><W80/><G55/><T30/><D47/><U12/><E12/><N who="2" m="9671" /><F4/><W56/><G56/><T36/><D36/><U51/><E51/><V62/><F62/><W90/><G27/><T9/><D9/><U104/><E104/><V134/><F134/><W77/><G28/><T73/><D42/><U113/><E113/><V67/><F67/><W54/><G40/><T1/><D1/><U81/><AGARI ba="1,1" hai="11,14,16,81,85,91,100,101,132,133,135" m="29711" machi="81" ten="30,7900,0" yaku="25,1,20,1,54,2" doraHai="107" who="1" fromWho="1" sc="270,-40,240,92,240,-21,240,-21" /><INIT seed="1,0,0,3,4,84" ten="230,332,219,219" oya="1" hai0="60,50,76,20,79,106,44,128,61,73,121,69,31" hai1="17,21,4,54,49,11,90,109,34,97,26,91,132" hai2="119,7,57,105,122,110,63,59,8,101,42,131,33" hai3="43,52,103,118,94,74,37,0,10,127,18,65,14"/><U3/><E132/><V134/><F119/><W96/><G74/><T35/><D106/><U88/><E109/><V29/><F122/><W39/><G127/><T30/><D35/><U78/><E78/><V125/><F110/><W130/><G118/><T123/><D128/><U129/><E129/><V48/><F131/><W93/><G130/><T5/><D5/><U40/><E40/><V56/><F125/><W32/><G32/><T67/><D61/><U108/><E108/><V86/><F134/><W85/><G0/><T75/><D79/><U9/><E9/><V99/><F86/><W115/><G115/><T104/><D104/><U100/><E34/><V70/><F48/><W87/><G65/><T25/><D31/><U53/><REACH who="1" step="1"/><E49/><REACH who="1" ten="230,322,219,219" step="2"/><V120/><F42/><W12/><G43/><N who="0" m="24863" /><D76/><U107/><AGARI ba="0,1" hai="3,4,11,17,21,26,53,54,88,90,91,97,100,107" machi="107" ten="30,18000,2" yaku="1,1,0,1,52,3,54,1,53,0" doraHai="84" doraHaiUra="111" who="1" fromWho="1" sc="230,-60,322,190,219,-60,219,-60" /><INIT seed="1,1,0,3,3,51" ten="170,512,159,159" oya="1" hai0="44,133,125,32,109,42,54,106,25,70,20,72,39" hai1="129,43,105,62,34,55,87,49,108,46,94,128,103" hai2="69,96,36,37,29,91,0,16,135,67,6,115,112" hai3="121,134,99,65,74,18,84,120,95,59,122,31,17"/><U1/><E1/><V101/><F29/><W7/><G74/><T113/><RYUUKYOKU type="yao9" ba="1,0" sc="170,0,512,0,159,0,159,0" hai0="20,25,32,39,42,44,54,70,72,106,109,113,125,133" /><INIT seed="1,2,0,5,5,96" ten="170,512,159,159" oya="1" hai0="119,134,18,127,45,92,67,131,29,1,56,98,9" hai1="102,77,81,33,51,107,68,43,100,34,133,6,41" hai2="23,39,63,57,53,112,78,20,14,16,54,105,5" hai3="22,37,80,10,66,79,129,89,93,118,71,61,7"/><U124/><E68/><V27/><F112/><W15/><G129/><T30/><D119/><U36/><E51/><V90/><F39/><W21/><G37/><T116/><D116/><U12/><E133/><V42/><F42/><W125/><G125/><T52/><D131/><U60/><E60/><V64/><F78/><W62/><G118/><T120/><D127/><U8/><E107/><V87/><F105/><W3/><G3/><T48/><D120/><U85/><E124/><V55/><F5/><W0/><G0/><T106/><D106/><U50/><E36/><V104/><F104/><W95/><G62/><N who="0" m="38343" /><D1/><U35/><E41/><V13/><REACH who="2" step="1"/><F23/><REACH who="2" ten="170,512,149,159" step="2"/><W2/><G2/><T25/><D134/><U75/><E75/><V17/><F17/><W114/><G114/><T121/><D121/><U91/><E77/><V122/><F122/><W24/><G22/><N who="0" m="13527" /><D9/><U94/><E43/><V26/><F26/><W135/><G135/><T46/><D46/><U32/><E32/><V130/><F130/><W126/><G126/><T59/><D45/><U109/><E109/><V11/><F11/><W108/><G108/><T38/><D38/><U70/><E35/><V97/><F97/><W65/><G79/><T72/><D72/><U113/><E34/><V69/><F69/><W88/><G21/><T73/><D73/><U110/><E33/><V83/><AGARI ba="2,1" hai="13,14,16,20,27,53,54,55,57,63,64,83,87,90" machi="83" ten="30,8000,1" yaku="1,1,0,1,8,1,54,1,53,1" doraHai="96" doraHaiUra="86" who="2" fromWho="2" sc="170,-22,512,-42,149,96,159,-22" /><INIT seed="2,0,0,4,4,71" ten="148,470,245,137" oya="2" hai0="129,57,20,93,101,94,62,23,22,83,58,32,73" hai1="100,43,76,25,74,85,28,130,13,117,45,67,87" hai2="89,122,30,42,4,0,55,7,2,111,79,11,37" hai3="102,70,48,44,84,91,34,68,107,98,135,9,113"/><V109/><F122/><W59/><G34/><T15/><D32/><U14/><E117/><V110/><F30/><W127/><G127/><T123/><D123/><U46/><E74/><V8/><F79/><W31/><G31/><T6/><D129/><U49/><E67/><V96/><F55/><W103/><G135/><T90/><D73/><U21/><E100/><V133/><F133/><W69/><G113/><T134/><D134/><U35/><E35/><V88/><F96/><W56/><G9/><N who="0" m="4535" /><D101/><U95/><E130/><V125/><F125/><W99/><G84/><N who="0" m="50463" /><D58/><U19/><E19/><V119/><F119/><W1/><G1/><T53/><AGARI ba="0,0" hai="20,22,23,53,57,62,93,94" m="50463,4535" machi="53" ten="30,1100,0" yaku="8,1" doraHai="71" who="0" fromWho="0" sc="148,11,470,-3,245,-5,137,-3" /><INIT seed="3,0,0,0,0,121" ten="159,467,240,134" oya="3" hai0="44,48,0,65,84,37,72,18,11,98,104,83,9" hai1="106,101,30,112,90,40,1,88,56,12,94,110,131" hai2="53,113,107,115,17,120,125,36,32,49,52,20,91" hai3="26,33,80,85,50,63,66,81,122,3,34,25,128"/><W109/><G122/><T75/><D37/><U46/><E1/><V54/><F36/><W7/><G128/><T96/><D65/><U45/><E106/><V24/><F120/><W67/><G3/><T79/><D11/><U64/><E30/><V59/><F125/><W132/><G7/><T10/><D9/><U2/><E2/><V13/><F107/><W77/><G132/><T92/><D104/><U117/><E101/><V15/><F115/><W82/><G109/><T114/><D114/><U93/><E110/><V87/><F113/><W71/><G66/><T42/><D96/><U21/><E112/><V55/><F32/><W100/><G100/><T86/><D72/><U76/><E76/><V74/><F74/><W108/><G108/><T135/><D135/><U57/><E117/><V133/><F133/><W8/><G8/><T4/><D18/><U29/><E40/><V102/><F102/><AGARI ba="0,0" hai="0,4,10,42,44,48,75,79,83,84,86,92,98,102" machi="102" ten="30,1000,0" yaku="7,1" doraHai="121" who="0" fromWho="2" sc="159,10,467,0,240,-10,134,0" owari="169,-23.1,467,56.7,230,3.0,134,-36.6" /></mjloggm>