<mjloggm ver="2.3"><GO type="225" lobby="0"/><UN n0="%E3%82%B2%E3%82%B9%E8%8C%82%E5%8B%9D" n1="%6D%75%75%6D%75%72%61" n2="%E5%A4%96%E5%B7%9D%E7%AB%9C%E6%88%90" n3="%E7%99%BD%E6%97%A5%E9%9B%AA%E8%8F%9C" dan="16,16,16,16" rate="2052.20,2093.28,2191.26,2184.89" sx="F,F,M,M"/><TAIKYOKU oya="0"/><INIT seed="0,0,0,1,2,135" ten="250,250,250,250" oya="0" hai0="24,91,98,65,76,103,34,1,127,15,112,33,22" hai1="118,64,126,78,90,43,107,92,30,109,111,96,23" hai2="8,21,56,73,26,57,83,3,114,31,27,11,105" hai3="115,70,46,75,89,67,62,116,130,129,128,124,20"/><T121/><D121/><U44/><E118/><V85/><F73/><W50/><G75/><T74/><D112/><U102/><E78/><V7/><F105/><W86/><G115/><T53/><D1/><U123/><E123/><V72/><F72/><W58/><G116/><T80/><D65/><U113/><E113/><V51/><F114/><W38/><G20/><T45/><D91/><U2/><E2/><V0/><F51/><W25/><G25/><T77/><D76/><U17/><E64/><V99/><F99/><W52/><G124/><T10/><D53/><U97/><E30/><V63/><F26/><W9/><G9/><T41/><D127/><U119/><E119/><V32/><F32/><W28/><G28/><T87/><D74/><U93/><E107/><V39/><F39/><W82/><REACH who="3" step="1"/><G38/><REACH who="3" ten="250,250,250,240" step="2"/><T48/><D22/><U29/><E29/><V59/><F11/><W18/><G18/><T104/><REACH who="0" step="1"/><D24/><REACH who="0" ten="240,250,250,240" step="2"/><U49/><REACH who="1" step="1"/><E126/><REACH who="1" ten="240,240,250,240" step="2"/><V47/><F31/><W108/><G108/><T69/><D69/><AGARI ba="0,3" hai="46,50,52,58,62,67,69,70,82,86,89,128,129,130" machi="69" ten="40,8000,1" yaku="1,1,19,1,54,1,53,1" doraHai="135" doraHaiUra="54" who="3" fromWho="0" sc="240,-80,240,0,250,0,240,110" /><INIT seed="1,0,0,4,0,97" ten="160,240,250,350" oya="1" hai0="53,130,134,118,131,83,101,21,122,11,93,63,18" hai1="61,49,20,29,13,124,87,129,102,109,121,0,95" hai2="71,15,27,30,132,65,100,36,96,10,74,88,31" hai3="114,135,62,126,46,113,92,107,12,19,45,94,99"/><U2/><E121/><V40/><F74/><W106/><G126/><T98/><D122/><U4/><E124/><V28/><F132/><W32/><G32/><T37/><D118/><U1/><E129/><N who="0" m="49161" /><D37/><U79/><E109/><V33/><F40/><W42/><G135/><T43/><D43/><U133/><E133/><V73/><F36/><W108/><G108/><T84/><D134/><U91/><E79/><V48/><F48/><W69/><G92/><T125/><D11/><U7/><E49/><V35/><F73/><W123/><G123/><T57/><D125/><U90/><E61/><V38/><F88/><W103/><G113/><T104/><D104/><U64/><E64/><V9/><F9/><W86/><G114/><T75/><D75/><U110/><E110/><V25/><F31/><W112/><G112/><T16/><D21/><U54/><E54/><V55/><F55/><W67/><G86/><T111/><D111/><U128/><E128/><V59/><F71/><W41/><G41/><T78/><AGARI ba="0,0" hai="16,18,53,57,63,78,83,84,93,98,101" m="49161" machi="78" ten="30,4000,0" yaku="19,1,52,1,54,1" doraHai="97" who="0" fromWho="0" sc="160,40,240,-20,250,-10,350,-10" /><INIT seed="2,0,0,5,1,7" ten="200,220,240,340" oya="2" hai0="112,45,76,24,131,135,79,87,68,92,21,61,115" hai1="120,14,55,98,127,101,13,53,33,65,4,44,8" hai2="83,20,30,130,58,6,133,51,64,102,50,77,59" hai3="74,114,56,111,17,71,27,106,84,96,0,104,72"/><V94/><F130/><W2/><G71/><T36/><D131/><U121/><E127/><V37/><F37/><W132/><G111/><T67/><D135/><U109/><E109/><V91/><F133/><W46/><G132/><T134/><D134/><U85/><E33/><V81/><F6/><W86/><G56/><T29/><D36/><U97/><E65/><V100/><F30/><W122/><G17/><T107/><D107/><U18/><E85/><V105/><F20/><W63/><G63/><T40/><D40/><U49/><E55/><V10/><F105/><W19/><G19/><T99/><D45/><U28/><E28/><V43/><F94/><W123/><G96/><T66/><D67/><U5/><E5/><V103/><F64/><W15/><G15/><T82/><REACH who="0" step="1"/><D76/><REACH who="0" ten="190,220,240,340" step="2"/><U126/><E126/><V57/><F77/><W42/><G46/><T47/><D47/><U35/><E44/><V62/><F43/><W129/><G42/><T113/><D113/><U69/><E53/><V118/><F118/><W80/><G129/><T124/><D124/><U16/><E120/><V95/><F59/><W128/><G128/><T54/><D54/><U22/><E121/><V93/><F58/><W48/><G114/><T31/><D31/><U116/><E116/><V108/><F108/><W70/><G123/><T75/><D75/><U32/><E69/><V60/><F57/><W23/><G122/><T39/><D39/><U26/><E49/><V25/><F51/><W125/><G48/><T89/><AGARI ba="0,1" hai="21,24,29,61,66,68,79,82,87,89,92,99,112,115" machi="89" ten="20,2700,0" yaku="1,1,0,1,7,1,53,0" doraHai="7" doraHaiUra="9" who="0" fromWho="0" sc="190,37,220,-7,240,-13,340,-7" /><INIT seed="3,0,0,1,5,81" ten="227,213,227,333" oya="3" hai0="53,63,29,120,114,46,42,92,91,98,13,119,82" hai1="32,129,126,80,24,37,19,7,33,52,18,89,99" hai2="9,70,115,118,127,57,22,40,27,87,79,55,1" hai3="132,38,14,35,72,64,95,104,73,10,94,12,109"/><W45/><G35/><T102/><D119/><U8/><E37/><V66/><F118/><W96/><G132/><T48/><D120/><U41/><E41/><V17/><F127/><W101/><G109/><T122/><D122/><U107/><E126/><V88/><F115/><W84/><G64/><T51/><D63/><U76/><E129/><V134/><F134/><W4/><G14/><T106/><D114/><U108/><E108/><V124/><F124/><W78/><G38/><T130/><D130/><U49/><E107/><V97/><F40/><W128/><G45/><T59/><D82/><U62/><E62/><V16/><F70/><W28/><G28/><T6/><D29/><U26/><E32/><V60/><F79/><W75/><G128/><T23/><D6/><U123/><E123/><V44/><F97/><W125/><G125/><T103/><D106/><U2/><E99/><V68/><F68/><W113/><G113/><T110/><D110/><U54/><E89/><V86/><F88/><N who="3" m="53511" /><G95/><T34/><D34/><U93/><E93/><V131/><F131/><W5/><G78/><T0/><D0/><U39/><E39/><V74/><F74/><W112/><G75/><T117/><D117/><U90/><E90/><V133/><F133/><W43/><G73/><T65/><D65/><U116/><E116/><V100/><F100/><W47/><G101/><T58/><D59/><N who="1" m="33167" /><E54/><V20/><F66/><W69/><G104/><T15/><D15/><U30/><E24/><N who="2" m="14343" /><F44/><W56/><G47/><T83/><D83/><U111/><E111/><V50/><F60/><W21/><G112/><RYUUKYOKU ba="0,0" sc="227,10,213,10,227,10,333,-30" hai0="13,23,42,46,48,51,53,58,91,92,98,102,103" hai1="2,7,8,18,19,26,30,33,76,80" hai2="1,9,17,22,27,50,55,57,86,87" owari="237,3.7,223,-27.7,237,-16.3,303,40.3" /></mjloggm>