<mjloggm ver="2.3"><GO type="225" lobby="0"/><UN n0="%E6%98%93%E5%88%A9%E8%96%A9%E4%BC%AF" n1="%E3%82%B2%E3%82%B9%E8%8C%82%E5%8B%9D" n2="%E3%82%B7%E3%83%B3%E5%A4%AA%E6%9C%97" n3="%E6%9D%B1%E9%A2%A8%E3%81%AE%E3%81%8D%E3%82%83%E3%81%B7%E3%81%95%E3%82%93" dan="16,16,16,16" rate="2058.24,2050.91,2188.42,2154.54" sx="F,F,M,M"/><TAIKYOKU oya="0"/><INIT seed="0,0,0,4,4,120" ten="250,250,250,250" oya="0" hai0="70,0,84,114,55,15,79,126,45,53,127,49,112" hai1="41,117,100,130,123,3,57,24,61,12,106,39,31" hai2="36,94,60,5,131,43,118,28,27,99,88,86,44" hai3="6,18,69,133,110,83,93,129,52,102,25,125,122"/><T34/><D0/><U63/><E123/><V124/><F131/><W46/><G6/><T4/><D34/><U16/><E3/><V29/><F124/><N who="0" m="47658" /><D4/><U87/><E130/><V104/><F118/><W119/><G18/><T64/><D15/><U7/><E7/><V35/><F5/><W37/><G25/><T135/><D79/><U54/><E117/><V72/><F72/><W95/><G83/><T22/><D84/><U8/><E87/><V103/><F60/><W85/><G85/><T51/><D22/><U62/><E41/><V98/><F29/><W56/><G102/><T80/><D80/><U73/><E39/><V132/><REACH who="2" step="1"/><F86/><REACH who="2" ten="250,250,240,250" step="2"/><W92/><G125/><T116/><D116/><U128/><E73/><V48/><F48/><W9/><G119/><T77/><D77/><U65/><E128/><V67/><F67/><W108/><G129/><T11/><D51/><U26/><E31/><V13/><F13/><W1/><G1/><T121/><D64/><U2/><E2/><V10/><F10/><W82/><G9/><T111/><D11/><U113/><E65/><V134/><AGARI ba="0,1" hai="27,28,35,36,43,44,88,94,98,99,103,104,132,134" machi="134" ten="30,7900,0" yaku="1,1,0,1,54,1,53,1" doraHai="120" doraHaiUra="21" who="2" fromWho="2" sc="250,-39,250,-20,240,89,250,-20" /><INIT seed="1,0,0,3,1,93" ten="211,230,329,230" oya="1" hai0="70,56,73,83,131,80,130,11,96,2,29,115,31" hai1="30,125,5,123,84,97,46,109,51,78,33,122,133" hai2="99,135,132,102,105,106,40,98,118,128,101,36,53" hai3="26,129,38,114,90,19,27,92,111,113,20,58,86"/><U60/><E125/><V75/><F118/><W87/><G38/><T54/><D70/><U134/><E5/><V18/><F128/><W61/><G129/><N who="0" m="49163" /><D115/><U127/><E127/><V66/><F53/><W126/><G126/><T55/><D2/><U21/><E33/><V25/><F66/><W15/><G111/><T3/><D11/><U22/><E60/><V89/><F75/><W63/><G63/><T116/><D3/><U52/><E109/><V62/><F62/><W35/><G86/><T100/><D116/><U104/><E84/><V17/><F89/><W42/><G42/><T124/><D124/><U76/><E78/><V45/><F25/><W14/><G27/><T112/><D112/><U71/><E76/><V1/><F1/><W23/><G35/><T34/><D34/><U32/><E71/><V82/><F82/><N who="0" m="31274" /><D73/><U108/><E108/><V72/><F72/><W48/><G114/><T47/><D47/><U13/><E32/><V95/><F95/><W4/><G92/><N who="0" m="58375" /><D55/><U0/><E0/><V57/><F57/><W16/><G58/><T85/><D85/><U50/><E51/><AGARI ba="0,0" hai="29,31,51,54,56" m="58375,31274,49163" machi="51" ten="30,2000,0" yaku="19,1,52,1" doraHai="93" who="0" fromWho="1" sc="211,20,230,-20,329,0,230,0" /><INIT seed="2,0,0,0,2,70" ten="231,210,329,230" oya="2" hai0="120,15,90,66,105,121,39,1,83,22,24,19,5" hai1="11,113,110,96,77,30,73,36,107,124,80,75,53" hai2="84,95,132,59,54,111,3,48,6,8,93,2,17" hai3="106,81,82,9,114,78,63,85,57,62,118,129,99"/><V119/><F132/><W116/><G129/><T46/><D105/><U28/><E110/><V76/><F111/><W134/><G134/><T27/><D66/><U10/><E124/><V97/><F119/><W115/><G9/><N who="0" m="2223" /><D90/><U109/><E109/><V103/><F17/><W89/><G63/><T45/><D83/><U52/><E113/><N who="3" m="43018" /><G57/><T12/><D46/><U112/><E112/><V58/><F2/><W74/><G62/><T135/><D45/><U60/><E60/><V0/><F0/><W56/><G56/><T55/><D55/><U87/><E36/><V61/><F76/><W31/><G31/><N who="0" m="17815" /><D39/><U98/><E87/><V126/><F84/><W43/><G43/><T32/><D135/><U7/><E7/><V130/><F126/><W122/><G122/><N who="0" m="47211" /><D19/><U26/><E80/><V102/><F130/><W104/><G106/><T34/><D34/><U123/><E123/><V18/><F18/><W92/><G82/><T23/><D23/><U20/><E20/><V133/><F133/><W94/><G94/><T88/><D88/><U21/><E21/><V91/><REACH who="2" step="1"/><F95/><REACH who="2" ten="231,210,319,230" step="2"/><W117/><G104/><T65/><D15/><U47/><E107/><V29/><F29/><W125/><G125/><T41/><D12/><U14/><E77/><V128/><F128/><W68/><G85/><T4/><D4/><U35/><E14/><V25/><F25/><W50/><G118/><T44/><D27/><U72/><E72/><V40/><F40/><W69/><G117/><T100/><D41/><U42/><E26/><V86/><F86/><W33/><G116/><T71/><D32/><RYUUKYOKU ba="0,1" sc="231,-10,210,-10,319,30,230,-10" hai2="3,6,8,48,54,58,59,61,91,93,97,102,103" /><INIT seed="2,1,1,3,0,135" ten="221,200,349,220" oya="2" hai0="10,77,132,112,25,105,45,115,85,49,113,3,14" hai1="58,44,108,21,64,87,100,27,36,34,56,22,82" hai2="32,69,62,79,12,42,52,67,26,31,13,24,91" hai3="83,126,107,73,65,129,63,111,95,15,5,134,28"/><V98/><F42/><W103/><G134/><T102/><D132/><U30/><E108/><V114/><F114/><W80/><G107/><T110/><D110/><U117/><E117/><V123/><F123/><W50/><G111/><T37/><D3/><U4/><E100/><V106/><F79/><W18/><G73/><T23/><D37/><U75/><E75/><V48/><F24/><W47/><G28/><T84/><D102/><U116/><E116/><V74/><F74/><W94/><G5/><T71/><D71/><U0/><E4/><V72/><F72/><W68/><G129/><T78/><D105/><U46/><E0/><V40/><F40/><W109/><G109/><T16/><D78/><U41/><E46/><V124/><F124/><W133/><G126/><T1/><D77/><U17/><E64/><V118/><F118/><W99/><G95/><T54/><REACH who="0" step="1"/><D1/><REACH who="0" ten="211,200,349,220" step="2"/><U11/><E34/><V55/><F106/><W53/><REACH who="3" step="1"/><G133/><REACH who="3" ten="211,200,349,210" step="2"/><T121/><D121/><U127/><E127/><V89/><F31/><AGARI ba="1,3" hai="10,14,16,23,25,31,45,49,54,84,85,112,113,115" machi="31" ten="40,2600,0" yaku="1,1,54,1,53,0" doraHai="135" doraHaiUra="2" who="0" fromWho="2" sc="211,59,200,0,349,-29,210,0" /><INIT seed="3,0,0,0,4,37" ten="270,200,320,210" oya="3" hai0="9,99,64,26,92,33,29,131,106,73,50,91,104" hai1="108,102,67,133,42,60,61,107,10,132,75,112,55" hai2="77,94,66,119,87,31,13,34,20,43,62,12,115" hai3="101,117,18,81,85,72,2,124,96,16,6,135,57"/><W113/><G72/><T68/><D73/><U105/><E112/><V52/><F119/><W59/><G113/><T4/><D131/><U134/><E75/><V80/><F34/><W127/><G117/><T76/><D76/><U100/><E108/><V110/><F43/><W30/><G30/><T103/><D50/><U86/><E10/><V46/><F110/><W116/><G116/><T125/><D125/><N who="3" m="48201" /><G135/><T84/><D64/><U63/><E67/><V74/><F115/><W78/><G6/><T90/><D90/><U95/><E55/><V69/><F74/><W0/><G57/><T97/><D97/><U40/><E86/><V51/><F94/><N who="3" m="58519" /><G59/><T93/><D68/><U14/><E14/><AGARI ba="0,0" hai="4,9,14,26,29,33,84,91,92,93,99,103,104,106" machi="14" ten="30,1000,0" yaku="7,1" doraHai="37" who="0" fromWho="1" sc="270,10,200,-10,320,0,210,0" owari="280,8.0,190,-31.0,320,42.0,210,-19.0" /></mjloggm>