<mjloggm ver="2.3"><GO type="225" lobby="0"/><UN n0="%E7%99%BD%E6%97%A5%E9%9B%AA%E8%8F%9C" n1="%E6%97%A5%E6%9B%9C%E6%97%A5%E3%82%88%E3%82%8A%E3%81%AE%E4%BD%BF%E8%80%85" n2="%E8%B6%85%E7%B4%9A%E9%B3%B3%E5%87%B0" n3="%E6%A1%9C%E8%8A%B1%E9%96%83%E3%80%85" dan="17,17,17,16" rate="2177.42,2126.27,2155.64,2206.69" sx="M,M,F,M"/><TAIKYOKU oya="0"/><INIT seed="0,0,0,4,2,98" ten="250,250,250,250" oya="0" hai0="51,109,75,32,56,70,36,124,65,86,41,46,2" hai1="33,55,116,125,29,45,129,123,79,68,117,27,127" hai2="104,35,16,73,133,122,21,84,13,7,15,64,81" hai3="18,58,54,28,47,89,50,72,14,34,105,87,85"/><T96/><D75/><U126/><E68/><V88/><F122/><W110/><G72/><T0/><D32/><U102/><E123/><V112/><F112/><W107/><G110/><T94/><D124/><U59/><E129/><V108/><F35/><W30/><G87/><T4/><D86/><U5/><E79/><V99/><F108/><W82/><G34/><T93/><D93/><U128/><E128/><V103/><F73/><W24/><G24/><T19/><D4/><U22/><E5/><V42/><F64/><W37/><G37/><T6/><D6/><U77/><E77/><V9/><REACH who="2" step="1"/><F42/><REACH who="2" ten="250,250,240,250" step="2"/><W10/><REACH who="3" step="1"/><G58/><REACH who="3" ten="250,250,240,240" step="2"/><T92/><D109/><U39/><E33/><V3/><F3/><W57/><G57/><T132/><D0/><U43/><REACH who="1" step="1"/><E102/><REACH who="1" ten="250,240,240,240" step="2"/><V76/><F76/><W119/><G119/><T49/><D70/><U8/><E8/><V23/><F23/><W118/><G118/><T134/><D2/><U11/><E11/><V1/><F1/><W71/><G71/><T48/><D134/><AGARI ba="0,3" hai="7,9,13,15,16,21,81,84,88,99,103,104,133,134" machi="134" ten="40,8000,1" yaku="1,1,52,1,54,2,53,1" doraHai="98" doraHaiUra="80" who="2" fromWho="0" sc="250,-80,240,0,240,110,240,0" /><INIT seed="1,0,0,3,0,29" ten="170,240,350,240" oya="1" hai0="134,104,102,132,81,21,65,130,52,99,56,129,70" hai1="111,103,36,55,97,35,20,48,83,63,43,2,113" hai2="39,115,34,27,7,114,49,116,16,119,61,105,98" hai3="15,100,122,17,64,42,54,118,67,125,78,75,1"/><U26/><E113/><N who="2" m="43019" /><F39/><W71/><G1/><T109/><D109/><U28/><E2/><V87/><F7/><W101/><G122/><T128/><D81/><U30/><E111/><V62/><F87/><W6/><G6/><T47/><D47/><U22/><E63/><N who="2" m="24075" /><F49/><W24/><G67/><T86/><D86/><U92/><E30/><N who="2" m="19807" /><F16/><W112/><G17/><T50/><D65/><U96/><E36/><V3/><F3/><W12/><G64/><T0/><D70/><U93/><E43/><V33/><F33/><W9/><G12/><T94/><D0/><U25/><E83/><V59/><F59/><W95/><G15/><T44/><D21/><U80/><E80/><V79/><F79/><W8/><G78/><T108/><D108/><U45/><REACH who="1" step="1"/><E25/><REACH who="1" ten="170,230,350,240" step="2"/><V69/><F69/><W41/><G24/><T77/><D77/><U57/><E57/><V127/><F127/><W121/><G125/><T4/><D56/><U40/><E40/><V51/><F51/><W117/><G42/><T131/><D131/><U90/><AGARI ba="0,1" hai="20,22,26,28,35,45,48,55,90,92,93,96,97,103" machi="90" ten="20,7800,0" yaku="1,1,0,1,7,1,52,1,53,0" doraHai="29" doraHaiUra="13" who="1" fromWho="1" sc="170,-26,230,88,350,-26,240,-26" /><INIT seed="1,1,0,0,2,34" ten="144,318,324,214" oya="1" hai0="79,66,95,131,118,25,21,88,86,128,64,49,26" hai1="27,100,50,63,62,108,111,83,112,14,39,125,47" hai2="109,16,126,1,58,134,92,91,51,80,120,5,121" hai3="57,122,70,40,33,124,84,6,74,93,89,3,102"/><U46/><E100/><V18/><F109/><N who="1" m="42057" /><E112/><V37/><F37/><W15/><G70/><T68/><D118/><U59/><E125/><V53/><F134/><W81/><G122/><T103/><D26/><U104/><E104/><V76/><F126/><W20/><G33/><T105/><D68/><U61/><E14/><V22/><F5/><W97/><G124/><T98/><D49/><U52/><E83/><V119/><F1/><W41/><G74/><T127/><D127/><U72/><E72/><V115/><F115/><W19/><REACH who="3" step="1"/><G57/><REACH who="3" ten="144,318,324,204" step="2"/><T30/><REACH who="0" step="1"/><D79/><REACH who="0" ten="134,318,324,204" step="2"/><U117/><E117/><V28/><F119/><W29/><G29/><T94/><D94/><U31/><E39/><V99/><F28/><W107/><G107/><T71/><D71/><U56/><E56/><V35/><F35/><AGARI ba="1,2" hai="27,31,35,46,47,50,52,59,61,62,63" m="42057" machi="35" ten="30,5800,0" yaku="14,1,10,1,54,1" doraHai="34" who="1" fromWho="2" sc="134,0,318,81,324,-61,204,0" /><INIT seed="1,2,0,5,0,66" ten="134,399,263,204" oya="1" hai0="40,54,93,82,38,111,65,33,91,116,90,106,57" hai1="8,87,13,42,72,78,126,53,52,86,45,70,75" hai2="129,114,60,24,2,20,23,101,34,50,108,63,115" hai3="112,43,35,68,84,104,16,131,118,98,127,59,113"/><U21/><E70/><V56/><F2/><W44/><G35/><T109/><D116/><U19/><E126/><V29/><F108/><W83/><G127/><T32/><D106/><U103/><E103/><V89/><F129/><W15/><G131/><T110/><D65/><U46/><E75/><V80/><F101/><W3/><G3/><T1/><D1/><U30/><E72/><V36/><F36/><W107/><G118/><T0/><D0/><U64/><E64/><V71/><F71/><W47/><G59/><T95/><D40/><U94/><E86/><N who="2" m="50375" /><F50/><W7/><G7/><T88/><D38/><U11/><E46/><V74/><F74/><W132/><G132/><T102/><D82/><N who="1" m="47575" /><E94/><N who="0" m="35849" /><D102/><U49/><E30/><V100/><F100/><W96/><G68/><T18/><D18/><U130/><E130/><V22/><F56/><W25/><G107/><T39/><D39/><U122/><E122/><V134/><F134/><W9/><G104/><T4/><D4/><U10/><AGARI ba="2,0" hai="8,10,11,13,19,21,42,45,49,52,53" m="47575" machi="10" ten="30,3000,0" yaku="8,1,54,1" doraHai="66" who="1" fromWho="1" sc="134,-12,399,36,263,-12,204,-12" /><INIT seed="1,3,0,1,0,116" ten="122,435,251,192" oya="1" hai0="102,37,129,34,134,62,19,72,77,82,91,45,56" hai1="53,90,13,41,75,55,76,21,36,35,127,112,73" hai2="111,83,115,65,9,135,3,42,132,98,27,58,63" hai3="0,18,89,38,120,108,46,32,109,106,133,125,70"/><U84/><E35/><V44/><F111/><W60/><RYUUKYOKU type="yao9" ba="3,0" sc="122,0,435,0,251,0,192,0" hai3="0,18,32,38,46,60,70,89,106,108,109,120,125,133" /><INIT seed="1,4,0,2,4,10" ten="122,435,251,192" oya="1" hai0="53,104,84,99,122,7,75,110,114,93,66,135,50" hai1="127,113,33,79,35,91,115,94,81,87,96,97,108" hai2="1,63,6,5,20,23,0,52,40,61,22,65,36" hai3="105,38,72,28,107,95,60,103,44,120,90,34,14"/><U118/><E118/><V89/><F36/><W30/><G120/><T29/><D114/><U83/><E127/><V119/><F119/><W57/><G72/><T12/><D75/><U9/><E33/><V123/><F40/><W41/><G103/><T116/><D116/><U132/><E35/><V46/><F123/><W101/><G101/><T129/><D122/><U32/><E32/><V68/><F89/><W82/><G82/><T25/><D104/><U58/><E58/><V78/><F78/><W130/><G130/><T42/><D66/><U71/><E71/><V48/><REACH who="2" step="1"/><F63/><REACH who="2" ten="122,435,241,192" step="2"/><W111/><G90/><T102/><D42/><U11/><E91/><V88/><F88/><W39/><G39/><T117/><D117/><U92/><E79/><V76/><F76/><W100/><G38/><T55/><D129/><U31/><E115/><V8/><F8/><W80/><G60/><T17/><D110/><U56/><E9/><V37/><F37/><W98/><G111/><T26/><D135/><U73/><E11/><V62/><F62/><W4/><G80/><T128/><D128/><U85/><E83/><V131/><F131/><W69/><G41/><T70/><D7/><AGARI ba="4,1" hai="0,1,5,6,7,20,22,23,46,48,52,61,65,68" machi="7" ten="40,2600,0" yaku="1,1,54,1,53,0" doraHai="10" doraHaiUra="121" who="2" fromWho="0" sc="122,-38,435,0,241,48,192,0" /><INIT seed="2,0,0,5,0,106" ten="84,435,289,192" oya="2" hai0="74,108,14,114,56,95,40,19,105,55,16,38,90" hai1="35,134,47,26,51,107,76,33,68,99,28,84,129" hai2="73,45,104,34,60,119,133,70,22,102,117,42,88" hai3="59,126,30,2,103,52,67,21,37,98,23,115,132"/><V54/><F34/><W80/><G126/><T63/><D114/><U17/><E129/><V1/><F1/><W71/><G115/><T131/><D105/><U24/><E134/><V62/><F133/><W49/><G132/><T39/><D131/><U58/><E68/><V48/><F104/><W77/><G2/><T135/><D135/><U32/><E58/><V81/><F102/><W13/><G37/><T50/><D108/><U12/><E84/><V53/><F22/><W61/><G13/><T10/><D74/><U18/><E76/><V109/><F109/><W125/><G30/><T124/><D124/><U6/><E6/><V121/><F121/><W75/><REACH who="3" step="1"/><G125/><REACH who="3" ten="84,435,289,182" step="2"/><T0/><D0/><U44/><E28/><V29/><F29/><W101/><G101/><T57/><D19/><U7/><E18/><V66/><F117/><W96/><G96/><T100/><D100/><U86/><E99/><V69/><F119/><W65/><G65/><T123/><D123/><U31/><E17/><V9/><F66/><W112/><G112/><T92/><D40/><U83/><E31/><V93/><F42/><W82/><G82/><T11/><D11/><U5/><E32/><V118/><F9/><W111/><G111/><T41/><D41/><U113/><E33/><V25/><F118/><W64/><G64/><N who="0" m="39015" /><D95/><AGARI ba="0,1" hai="21,23,49,52,59,61,67,71,75,77,80,95,98,103" machi="95" ten="30,7700,0" yaku="1,1,7,1,52,1,54,1,53,0" doraHai="106" doraHaiUra="36" who="3" fromWho="0" sc="84,-77,435,0,289,0,182,87" /><INIT seed="3,0,0,3,3,11" ten="7,435,289,269" oya="3" hai0="103,0,102,34,80,32,48,3,92,14,7,93,81" hai1="132,118,89,115,10,47,125,90,40,122,73,78,65" hai2="84,72,53,107,27,112,35,123,61,31,133,111,71" hai3="69,108,1,95,66,36,129,54,85,79,135,106,91"/><W58/><G129/><T17/><D48/><U100/><E115/><V86/><F112/><W116/><G116/><T24/><D7/><U5/><E122/><V98/><F72/><W18/><G135/><T57/><D57/><U26/><E132/><V52/><F133/><W87/><G36/><T39/><D39/><N who="1" m="21919" /><E125/><V44/><F123/><W43/><G43/><T64/><D64/><U77/><E77/><V105/><F111/><W109/><G106/><T9/><D24/><U131/><E131/><V62/><F105/><W134/><G134/><T117/><D9/><U46/><E100/><N who="2" m="62871" /><F44/><W99/><G1/><T114/><D17/><U88/><E26/><V67/><F62/><N who="3" m="40151" /><G79/><T127/><D117/><U126/><E65/><V128/><F128/><W70/><G70/><T16/><D16/><U51/><E10/><V119/><F119/><W50/><G18/><T101/><D127/><U33/><E5/><V6/><F6/><W29/><G29/><T63/><D63/><U82/><E33/><N who="0" m="12905" /><D14/><U120/><E126/><V38/><F38/><W60/><G60/><T97/><D114/><U76/><E76/><V83/><F84/><W74/><G74/><T113/><D113/><U30/><E30/><V41/><F41/><W2/><G2/><N who="0" m="555" /><D97/><U110/><E120/><V42/><F42/><W25/><G25/><T56/><D56/><U104/><E118/><V55/><F86/><W22/><G22/><T21/><D21/><U130/><E130/><V28/><F28/><W23/><G23/><T19/><D19/><U75/><E75/><V37/><F37/><W124/><G124/><RYUUKYOKU ba="0,0" sc="7,10,435,-30,289,10,269,10" hai0="80,81,92,93,101,102,103" hai2="27,31,35,52,53,55,61,67,71,83" hai3="50,54,58,85,87,91,95,99,108,109" /><INIT seed="3,1,0,4,3,58" ten="17,405,299,279" oya="3" hai0="0,57,14,82,54,67,122,87,44,49,124,133,16" hai1="39,128,101,32,33,17,132,71,38,115,112,84,92" hai2="8,22,90,75,89,85,12,80,43,125,23,102,77" hai3="123,91,10,9,104,105,81,78,74,114,72,83,24"/><W21/><G123/><T116/><D116/><U26/><E71/><V15/><F125/><W68/><G114/><T45/><D0/><U7/><E7/><V46/><F102/><W20/><G68/><T27/><D124/><U94/><E17/><V34/><F34/><BYE who="2" /><W53/><G53/><T73/><D73/><U13/><E13/><V95/><F95/><UN n2="%E8%B6%85%E7%B4%9A%E9%B3%B3%E5%87%B0" /><W131/><G131/><T62/><D133/><U86/><E26/><V107/><F107/><W59/><G59/><T50/><D27/><U19/><E19/><V108/><F108/><W120/><G120/><T36/><D36/><U6/><E6/><V3/><F3/><W64/><G64/><T41/><D122/><U70/><E70/><V88/><F75/><W63/><G63/><T127/><D127/><U106/><E101/><V134/><F134/><W28/><G91/><T96/><D96/><U119/><E106/><V1/><F1/><W18/><G105/><T103/><D103/><U66/><E66/><V113/><F113/><W93/><G93/><T4/><D4/><U110/><E128/><V48/><F12/><N who="3" m="9287" /><G104/><T56/><D44/><U99/><E132/><V65/><F65/><W2/><G2/><T31/><D31/><U100/><E100/><V130/><F130/><W98/><G98/><T5/><D5/><AGARI ba="1,0" hai="5,8,15,22,23,43,46,48,77,80,85,88,89,90" machi="5" ten="40,8000,1" yaku="25,2,8,1,54,1" doraHai="58" who="2" fromWho="0" sc="17,-83,405,0,299,83,279,0" owari="-66,-56.6,405,50.5,382,18.2,279,-12.1" /></mjloggm>