<mjloggm ver="2.3"><GO type="225" lobby="0"/><UN n0="%6D%75%75%73%61%6E%6D%75" n1="%E3%82%B2%E3%82%B9%E8%8C%82%E5%8B%9D" n2="%74%2E%6F%2E%6F%2E%73" n3="%E5%86%B7%E5%87%8D%E3%82%AE%E3%83%A7%E3%83%BC%E3%82%B6" dan="17,16,17,17" rate="2172.43,2117.46,2126.48,2195.35" sx="F,F,M,M"/><TAIKYOKU oya="0"/><INIT seed="0,0,0,2,4,95" ten="250,250,250,250" oya="0" hai0="65,76,9,3,134,117,109,125,94,101,100,110,126" hai1="10,72,11,48,33,23,44,116,60,122,120,99,111" hai2="88,54,73,124,29,42,77,102,114,92,86,75,22" hai3="84,133,2,4,57,68,78,36,64,0,90,37,105"/><T79/><D117/><U56/><E111/><N who="0" m="42505" /><D65/><U96/><E72/><V89/><F114/><W107/><G68/><T128/><D128/><U87/><E33/><V83/><F124/><N who="0" m="47722" /><D134/><U5/><E116/><V85/><F42/><W45/><G78/><N who="0" m="29739" /><D94/><U14/><E23/><V38/><F38/><W132/><G105/><T12/><D3/><U62/><E87/><V46/><F102/><W106/><G107/><T66/><D66/><N who="1" m="39175" /><E120/><V108/><F108/><W18/><G106/><T19/><AGARI ba="0,0" hai="9,12,19,100,101" m="29739,47722,42505" machi="19" ten="40,7800,0" yaku="14,1,10,1,18,1" doraHai="95" who="0" fromWho="0" sc="250,78,250,-26,250,-26,250,-26" /><INIT seed="0,1,0,5,3,40" ten="328,224,224,224" oya="0" hai0="45,10,101,4,33,84,92,108,82,38,16,111,34" hai1="41,93,118,25,21,125,71,15,123,117,114,129,107" hai2="50,49,18,102,100,27,52,126,23,81,135,6,7" hai3="74,58,106,80,56,29,17,103,20,128,73,22,14"/><T133/><D133/><U3/><E71/><V122/><F122/><W98/><G128/><T12/><D101/><N who="2" m="39018" /><F135/><W91/><G91/><T28/><D92/><U47/><E107/><V76/><F126/><W54/><G80/><T86/><D4/><U43/><E3/><V24/><F49/><W35/><G35/><T83/><D83/><U110/><E15/><V121/><F121/><W79/><G79/><T85/><D82/><U77/><E123/><V120/><F120/><W72/><REACH who="3" step="1"/><G54/><REACH who="3" ten="328,224,224,214" step="2"/><T68/><D33/><U37/><E77/><V95/><F81/><W13/><G13/><T132/><D132/><U64/><E117/><V89/><F76/><W53/><G53/><T48/><D34/><U26/><E118/><V112/><F112/><W134/><G134/><T61/><D12/><U1/><E114/><V99/><F27/><AGARI ba="1,1" hai="14,17,20,22,27,29,56,58,72,73,74,98,103,106" machi="27" ten="40,1300,0" yaku="1,1,53,0" doraHai="40" doraHaiUra="42" who="3" fromWho="2" sc="328,0,224,0,224,-16,214,26" /><INIT seed="1,0,0,2,0,95" ten="328,224,208,240" oya="1" hai0="82,118,45,61,110,99,71,70,41,59,78,88,103" hai1="36,120,24,85,39,112,64,101,56,9,5,52,57" hai2="124,60,122,80,119,21,19,2,72,14,16,63,18" hai3="135,129,100,54,37,108,0,48,133,66,33,25,134"/><U83/><E112/><V38/><F119/><W75/><G108/><T51/><D118/><U115/><E115/><V17/><F122/><W92/><G129/><T97/><D110/><U13/><E120/><V106/><F124/><W111/><G111/><T117/><D117/><U42/><E101/><V34/><F38/><W29/><G37/><T131/><D131/><U3/><E24/><V32/><F2/><W74/><G0/><T87/><D78/><U98/><E3/><V65/><F106/><W123/><G66/><T50/><D50/><U105/><E64/><V132/><F132/><W109/><G123/><T10/><D10/><U102/><E57/><V96/><F60/><W76/><G76/><T30/><D30/><U114/><E42/><V43/><F43/><W126/><G126/><T53/><REACH who="0" step="1"/><D99/><REACH who="0" ten="318,224,208,240" step="2"/><U89/><E114/><V4/><F96/><N who="3" m="59399" /><G109/><T7/><D7/><U121/><E121/><V31/><F4/><W15/><G15/><T125/><D125/><U47/><E47/><AGARI ba="0,1" hai="25,29,33,47,48,54,74,75,133,134,135" m="59399" machi="47" ten="30,2000,0" yaku="20,1,52,1" doraHai="95" who="3" fromWho="1" sc="318,0,224,-20,208,0,240,30" /><INIT seed="2,0,0,4,5,81" ten="318,204,208,270" oya="2" hai0="31,35,7,66,129,105,26,114,76,44,124,84,102" hai1="15,106,6,32,113,125,91,12,8,61,115,65,128" hai2="77,135,122,11,25,4,23,52,18,16,0,109,55" hai3="97,83,96,9,33,47,98,117,100,121,123,108,53"/><V89/><F122/><W86/><G117/><T57/><D114/><U132/><E125/><V63/><F135/><W59/><G33/><T88/><D124/><U112/><E132/><V70/><F109/><W34/><G34/><T54/><D129/><U2/><E128/><V28/><F77/><W75/><G75/><T131/><D131/><U69/><E32/><V99/><F70/><W85/><G108/><T10/><D76/><U46/><E106/><V22/><F63/><W87/><G47/><T49/><D105/><U71/><E69/><V68/><F68/><W3/><G83/><T38/><D102/><U103/><E103/><V14/><F28/><W45/><G45/><T48/><D38/><U107/><E107/><V80/><REACH who="2" step="1"/><F99/><REACH who="2" ten="318,204,198,270" step="2"/><W24/><G100/><T73/><D73/><U95/><REACH who="1" step="1"/><E46/><REACH who="1" ten="318,194,198,270" step="2"/><V126/><F126/><W119/><G121/><T90/><D44/><U127/><E127/><V37/><F37/><W43/><G123/><T92/><D57/><U40/><E40/><V29/><F29/><W20/><G43/><T101/><D31/><U118/><E118/><V133/><F133/><W1/><G119/><T93/><D101/><U82/><E82/><V79/><F79/><W60/><REACH who="3" step="1"/><G9/><REACH who="3" ten="318,194,198,260" step="2"/><T17/><D10/><U13/><E13/><V120/><F120/><W110/><G110/><T50/><D35/><U72/><E72/><V116/><F116/><W56/><G56/><T42/><D42/><U39/><E39/><V58/><F58/><W36/><G36/><T21/><D93/><U134/><E134/><V51/><F51/><W5/><G5/><RYUUKYOKU ba="0,3" sc="318,-30,194,10,198,10,260,10" hai1="2,6,8,12,15,61,65,71,91,95,112,113,115" hai2="0,4,11,14,16,18,22,23,25,52,55,80,89" hai3="1,3,20,24,53,59,60,85,86,87,96,97,98" /><INIT seed="2,1,3,5,4,102" ten="288,204,208,270" oya="2" hai0="59,119,67,0,89,48,51,42,64,71,88,79,130" hai1="115,13,80,25,40,131,133,113,114,127,62,58,49" hai2="22,120,65,86,30,8,82,18,83,10,97,112,77" hai3="63,15,100,90,28,5,95,99,6,1,17,43,76"/><V41/><F112/><W111/><G111/><T20/><D0/><U33/><E127/><V26/><F120/><W12/><G1/><T75/><D71/><U61/><E131/><V105/><F41/><W69/><G43/><T116/><D130/><U29/><E133/><V121/><F121/><W21/><G76/><T94/><D75/><U19/><E80/><V70/><F70/><W23/><G69/><T57/><D79/><U4/><E4/><V16/><F65/><N who="0" m="25162" /><D20/><U3/><E3/><V50/><F50/><N who="0" m="18986" /><D42/><U126/><E126/><V9/><REACH who="2" step="1"/><F82/><REACH who="2" ten="288,204,198,270" step="2"/><W106/><G63/><T108/><D108/><U93/><E62/><V32/><F32/><W84/><G28/><T2/><D2/><U98/><E61/><V73/><F73/><W85/><G12/><T55/><D55/><U107/><E40/><V96/><F96/><W124/><G124/><T101/><D119/><U7/><E49/><V35/><F35/><W87/><G87/><T56/><D116/><U60/><E60/><V34/><F34/><W46/><G85/><T81/><D81/><U38/><E33/><V11/><N who="2" m="2048" /><DORA hai="24" /><V117/><F117/><W44/><G21/><T118/><D118/><U68/><E68/><V45/><F45/><W92/><G44/><T54/><D54/><U122/><E122/><V129/><F129/><W110/><G46/><T123/><D123/><U134/><E98/><AGARI ba="1,4" hai="56,57,59,88,89,94,98,101" m="18986,25162" machi="98" ten="30,2000,0" yaku="8,1,54,1" doraHai="102,24" who="0" fromWho="1" sc="288,63,204,-23,198,0,270,0" /><INIT seed="3,0,0,4,5,83" ten="351,181,198,270" oya="3" hai0="67,81,48,53,126,107,32,26,63,28,8,120,31" hai1="86,70,99,97,108,73,25,19,20,10,58,39,78" hai2="128,0,18,62,11,112,106,72,79,127,51,77,124" hai3="46,104,65,131,21,9,16,84,117,87,111,94,22"/><W68/><G117/><T96/><D120/><U134/><E108/><V109/><F112/><W6/><G104/><T122/><D122/><U33/><E70/><V64/><F109/><W23/><G111/><T89/><D126/><N who="2" m="48170" /><F128/><W3/><G131/><T110/><D31/><U91/><E39/><V4/><F106/><W74/><G74/><T35/><D8/><U7/><E33/><V103/><F103/><W49/><G94/><T82/><D35/><U5/><E134/><V40/><F72/><W52/><REACH who="3" step="1"/><G16/><REACH who="3" ten="351,181,198,260" step="2"/><T13/><D110/><U125/><E125/><V42/><F18/><W69/><G69/><N who="0" m="42239" /><D13/><N who="1" m="7607" /><E73/><V100/><F0/><W92/><G92/><T66/><D66/><U135/><E135/><V75/><F64/><W132/><G132/><T50/><D53/><U113/><E113/><V88/><F75/><W43/><G43/><T55/><D55/><U57/><E7/><V38/><F4/><W30/><G30/><T105/><D105/><U37/><E5/><V1/><F1/><W47/><G47/><T44/><D44/><U27/><E20/><V2/><F2/><W119/><G119/><T17/><D17/><U98/><E37/><V115/><F115/><W130/><G130/><T34/><D34/><U29/><E29/><V61/><F38/><W76/><G76/><T14/><D14/><U129/><E78/><V93/><F77/><W116/><G116/><T24/><D24/><N who="1" m="9291" /><E129/><V60/><F79/><W121/><G121/><T36/><D89/><U90/><E90/><V118/><F118/><W80/><G80/><AGARI ba="0,1" hai="57,58,80,86,91,97,98,99" m="9291,7607" machi="80" ten="30,2000,0" yaku="8,1,52,1" doraHai="83" who="1" fromWho="3" sc="351,0,181,30,198,0,260,-20" owari="351,45.1,211,-18.9,198,-30.2,240,4.0" /></mjloggm>