<mjloggm ver="2.3"><GO type="225" lobby="0"/><UN n0="%4B%2E%32%2E%4B%2E" n1="%47%68%6F%73%74%55%30" n2="%E3%81%BF%E3%81%BF%E3%81%9A" n3="%E6%B4%BE%E9%81%A3%E3%81%AE%E3%82%B8%E3%83%A3%E3%83%83%E3%82%AF" dan="16,17,18,17" rate="2140.32,2144.03,2253.97,2225.01" sx="M,M,M,M"/><TAIKYOKU oya="0"/><INIT seed="0,0,0,2,1,97" ten="250,250,250,250" oya="0" hai0="7,82,98,28,73,62,70,109,131,25,120,65,66" hai1="17,53,100,0,13,116,27,9,67,123,122,56,37" hai2="133,75,54,115,102,96,63,71,51,114,106,107,41" hai3="125,45,59,78,21,46,101,36,50,15,1,12,57"/><T11/><D120/><U95/><E116/><V86/><F133/><W85/><G1/><T39/><D39/><U34/><E37/><V84/><F75/><W40/><G125/><T47/><D131/><U104/><E104/><V23/><F41/><W117/><G117/><T24/><D66/><U87/><E67/><V93/><F63/><W38/><G38/><T6/><D47/><U129/><E129/><V112/><F71/><W121/><G121/><T108/><D6/><U76/><E0/><V72/><F23/><W124/><G124/><T5/><D24/><U113/><E113/><V80/><F51/><W35/><G35/><T61/><D61/><U135/><E135/><V74/><F54/><W10/><G21/><T16/><D98/><U99/><E34/><V128/><F128/><W103/><G45/><T77/><D16/><U4/><E4/><V43/><F43/><W127/><G127/><T60/><D62/><U91/><E27/><V32/><F32/><W118/><G118/><T64/><D64/><U55/><E76/><N who="2" m="44039" /><F74/><W126/><G126/><T42/><D42/><U2/><E2/><V90/><F84/><W83/><G36/><T92/><D92/><AGARI ba="0,0" hai="86,90,92,93,96,102,106,107,112,114,115" m="44039" machi="92" ten="30,3900,0" yaku="34,2,52,1" doraHai="97" who="2" fromWho="0" sc="250,-39,250,0,250,39,250,0" /><INIT seed="1,0,0,4,4,108" ten="211,250,289,250" oya="1" hai0="13,11,9,120,73,86,31,113,8,45,88,90,15" hai1="76,43,126,41,32,16,63,131,107,98,33,78,22" hai2="7,70,46,26,128,68,21,103,39,4,10,104,47" hai3="112,3,59,34,77,48,135,57,17,124,65,94,80"/><U1/><E1/><V84/><F128/><W110/><G3/><T92/><D120/><U91/><E126/><V102/><F84/><W115/><G34/><T82/><D113/><U24/><E131/><V132/><F132/><W27/><G110/><T49/><D31/><U129/><E129/><V109/><F109/><W121/><G121/><T61/><D61/><U5/><E5/><V74/><F74/><W117/><G135/><T56/><D56/><U87/><E32/><V123/><F123/><W6/><G6/><T67/><D67/><U79/><E33/><V54/><F54/><W89/><G124/><T42/><REACH who="0" step="1"/><D73/><REACH who="0" ten="201,250,289,250" step="2"/><U53/><E63/><V18/><F68/><W35/><G59/><T40/><D40/><U71/><E71/><V25/><F70/><W58/><G57/><T62/><D62/><U29/><E29/><V116/><F47/><W83/><G58/><T111/><D111/><U105/><E53/><V99/><F46/><W97/><G65/><T69/><D69/><U0/><E43/><V95/><F116/><W38/><G117/><T106/><D106/><U72/><E41/><V12/><F104/><W36/><G112/><T19/><D19/><U55/><E72/><V133/><F133/><W44/><G17/><T119/><D119/><U75/><E75/><V100/><F18/><W127/><G115/><T122/><D122/><U20/><E55/><V50/><F4/><W51/><G44/><T23/><D23/><U130/><E22/><V64/><F21/><W101/><G35/><T28/><D28/><U96/><E107/><V81/><F64/><RYUUKYOKU ba="0,1" sc="201,30,250,-10,289,-10,250,-10" hai0="8,9,11,13,15,42,45,49,82,86,88,90,92" /><INIT seed="2,1,1,4,5,1" ten="231,240,279,240" oya="2" hai0="0,111,32,52,131,2,61,68,11,103,116,42,55" hai1="135,108,54,6,18,110,40,74,109,97,48,112,3" hai2="31,56,132,30,120,21,91,16,100,59,49,118,92" hai3="113,63,58,29,65,8,13,86,73,17,46,26,34"/><V122/><F118/><W115/><G73/><T102/><D32/><U70/><E112/><N who="3" m="43082" /><G86/><T83/><D116/><U60/><E74/><V50/><F100/><W98/><G46/><T99/><D111/><U107/><E135/><V67/><F132/><W5/><G98/><T62/><D42/><U125/><E125/><V79/><F79/><W105/><G105/><T101/><D99/><U117/><E117/><V129/><F129/><W22/><G34/><T123/><D123/><U85/><E85/><V127/><F127/><W106/><G106/><T7/><D131/><U88/><E40/><V87/><F122/><W94/><G94/><T33/><D0/><U72/><E72/><V23/><F23/><W93/><G93/><T53/><D33/><U76/><E76/><V25/><F120/><W4/><AGARI ba="1,1" hai="4,5,8,13,17,22,26,29,58,63,65" m="43082" machi="4" ten="30,4000,0" yaku="11,1,52,2" doraHai="1" who="3" fromWho="3" sc="231,-11,240,-11,279,-21,240,53" /><INIT seed="3,0,0,2,0,58" ten="220,229,258,293" oya="3" hai0="27,51,112,29,8,133,111,125,67,71,82,39,32" hai1="77,68,60,30,127,24,97,0,122,117,26,66,76" hai2="23,56,88,9,48,79,57,101,21,124,65,61,16" hai3="45,81,49,63,38,80,93,118,62,70,131,89,96"/><W12/><G118/><T37/><D111/><U17/><E122/><V11/><F124/><W46/><G131/><T135/><D125/><U44/><E127/><V123/><F123/><W72/><G38/><T95/><D112/><U106/><E0/><V35/><F35/><W59/><G70/><T42/><D95/><U105/><E117/><V64/><F101/><W73/><G73/><T14/><D51/><U2/><E2/><V78/><F88/><W55/><G72/><T99/><D99/><U10/><E44/><N who="3" m="17002" /><G12/><T19/><D82/><AGARI ba="0,0" hai="49,55,59,62,63,80,81,82,89,93,96" m="17002" machi="82" ten="30,5800,0" yaku="8,1,52,2" doraHai="58" who="3" fromWho="0" sc="220,-58,229,0,258,0,293,58" owari="162,-33.8,229,-17.1,258,5.8,351,45.1" /></mjloggm>