<mjloggm ver="2.3"><GO type="225" lobby="0"/><UN n0="%E3%81%91%E3%83%BC%E3%81%9E%E3%81%88" n1="%E9%89%A2%E5%B7%BB%E3%82%AC%E3%83%96" n2="%E3%83%A9%E3%83%BC%E3%83%A1%E3%83%B3%E4%BA%94%E9%83%8E" n3="%72%69%6F%75%63%68%61%6E" dan="16,16,16,17" rate="2176.78,2070.34,2053.32,2187.11" sx="M,M,M,M"/><TAIKYOKU oya="0"/><INIT seed="0,0,0,5,4,21" ten="250,250,250,250" oya="0" hai0="14,13,24,102,12,79,116,100,84,64,7,29,103" hai1="101,35,124,67,88,121,60,72,110,115,34,30,54" hai2="123,66,4,16,59,63,47,89,93,50,9,1,111" hai3="74,68,6,106,45,27,62,126,91,122,56,94,132"/><T22/><D116/><U69/><E121/><V134/><F111/><W17/><G122/><T58/><D7/><U37/><E110/><V49/><F134/><W70/><G106/><T98/><D79/><U51/><E72/><V25/><F123/><W53/><G132/><T10/><D10/><U109/><E109/><V125/><F125/><W11/><G74/><T78/><D78/><U128/><E128/><V32/><F47/><W28/><G126/><T55/><D84/><U71/><E71/><V46/><F46/><W97/><G45/><T48/><REACH who="0" step="1"/><D64/><REACH who="0" ten="240,250,250,250" step="2"/><U130/><E124/><V15/><F4/><W75/><G75/><T33/><D33/><U23/><E35/><V77/><F77/><W39/><G39/><T3/><D3/><U133/><E37/><V104/><F1/><W42/><G42/><T80/><D80/><U57/><E34/><V108/><F108/><W119/><G119/><T85/><D85/><U131/><E133/><V95/><F32/><W135/><G135/><T81/><D81/><U83/><E131/><V107/><F9/><W117/><G117/><T52/><D52/><U105/><E130/><V82/><F82/><W114/><G114/><T20/><D20/><U5/><E115/><V61/><F66/><W18/><G6/><T120/><D120/><U113/><E113/><V76/><F76/><W44/><G11/><T86/><D86/><U2/><E2/><V19/><F104/><AGARI ba="0,1" hai="12,13,14,22,24,29,48,55,58,98,100,102,103,104" machi="104" ten="40,3900,0" yaku="1,1,52,1,53,0" doraHai="21" doraHaiUra="31" who="0" fromWho="2" sc="240,49,250,0,250,-39,250,0" /><INIT seed="0,1,0,0,4,130" ten="289,250,211,250" oya="0" hai0="98,66,19,123,38,47,117,23,92,105,116,34,31" hai1="103,52,17,121,53,35,114,40,108,82,44,62,87" hai2="11,63,43,59,111,104,80,57,93,10,4,28,61" hai3="1,76,73,45,127,125,20,26,101,15,50,0,122"/><T36/><D123/><U88/><E121/><V55/><F111/><W99/><G122/><T60/><D105/><U86/><E108/><V51/><F104/><W95/><G15/><T68/><D34/><U106/><E35/><V65/><F28/><W119/><G119/><T89/><D31/><U70/><E114/><V102/><F80/><W94/><G94/><T132/><D132/><U49/><E17/><V58/><F43/><W21/><G76/><T25/><REACH who="0" step="1"/><D47/><REACH who="0" ten="279,250,211,250" step="2"/><U75/><E75/><V77/><F58/><W3/><G73/><T85/><D85/><U18/><E87/><V110/><F59/><W72/><G72/><T115/><D115/><U79/><E106/><V113/><F57/><W84/><G84/><T6/><D6/><U22/><E44/><V13/><F4/><W12/><G12/><T8/><D8/><U42/><E86/><V131/><F13/><W5/><G5/><T29/><D29/><U74/><E18/><V67/><F113/><W30/><REACH who="3" step="1"/><G20/><REACH who="3" ten="279,250,211,240" step="2"/><T100/><D100/><U97/><E103/><V39/><F110/><W96/><G96/><T69/><D69/><U16/><E97/><V128/><F102/><W37/><G37/><AGARI ba="1,2" hai="19,23,25,36,37,38,60,66,68,89,92,98,116,117" machi="37" ten="40,2000,0" yaku="1,1,53,0" doraHai="130" doraHaiUra="27" who="0" fromWho="3" sc="279,43,250,0,211,0,240,-23" /><INIT seed="0,2,0,0,3,0" ten="322,250,211,217" oya="0" hai0="75,10,84,98,56,81,17,116,50,32,19,121,129" hai1="126,89,99,2,33,13,11,52,31,65,96,79,60" hai2="127,7,46,66,128,71,48,69,67,15,100,97,27" hai3="6,105,28,16,132,76,24,107,125,135,61,87,114"/><T58/><D121/><U119/><E119/><V54/><F128/><W104/><G114/><T134/><D116/><U5/><E126/><V68/><F127/><W51/><G125/><T72/><D32/><U93/><E79/><V53/><F27/><W90/><G76/><T113/><D134/><N who="3" m="51241" /><G6/><T73/><D113/><U108/><E108/><V34/><F34/><W82/><G61/><T112/><D129/><U106/><E31/><V40/><F40/><W86/><G51/><T36/><D36/><U37/><E37/><V83/><F83/><W77/><G16/><T23/><D50/><U8/><E33/><V78/><F78/><W12/><G12/><T64/><D17/><U130/><E130/><V95/><REACH who="2" step="1"/><F54/><REACH who="2" ten="322,250,201,217" step="2"/><W85/><G77/><T59/><D112/><U80/><E80/><V45/><F45/><W47/><G47/><T38/><D81/><U43/><E43/><V26/><F26/><W102/><G102/><T117/><D73/><U63/><E52/><V120/><F120/><W39/><G39/><T92/><D38/><U44/><E44/><V49/><F49/><W74/><G74/><T122/><D75/><U109/><E109/><V131/><F131/><W123/><G123/><T9/><D72/><U101/><REACH who="1" step="1"/><E65/><REACH who="1" ten="322,240,201,217" step="2"/><V3/><F3/><W88/><G82/><T103/><D64/><U25/><E25/><V118/><F118/><W110/><G110/><T22/><D117/><U70/><E70/><V42/><F42/><W30/><G30/><T4/><D122/><U29/><E29/><V21/><F21/><AGARI ba="2,2" hai="21,24,28,85,86,87,88,90,104,105,107" m="51241" machi="21" ten="40,2600,0" yaku="20,1,54,1" doraHai="0" who="3" fromWho="2" sc="322,0,240,0,201,-32,217,52" /><INIT seed="1,0,0,3,2,130" ten="322,240,169,269" oya="1" hai0="64,80,26,19,132,81,36,2,103,49,90,47,48" hai1="21,85,0,46,22,116,99,27,88,41,43,61,39" hai2="112,25,69,107,87,7,8,121,118,52,33,131,58" hai3="20,100,63,72,125,106,76,10,35,9,71,93,122"/><U79/><E116/><V73/><F73/><W11/><G122/><T135/><D2/><U1/><E41/><V124/><F118/><W28/><G125/><T86/><D36/><U18/><E79/><V114/><F121/><W31/><G35/><T127/><D127/><U109/><E109/><V97/><F124/><W96/><G106/><T34/><D103/><U110/><E110/><V108/><F108/><W57/><G71/><T66/><D49/><U105/><E61/><V111/><F111/><W82/><REACH who="3" step="1"/><G20/><REACH who="3" ten="322,240,169,259" step="2"/><N who="0" m="13599" /><D34/><U83/><E22/><V91/><F69/><W117/><G117/><T123/><D123/><U101/><AGARI ba="0,1" hai="0,1,18,21,27,39,43,46,83,85,88,99,101,105" machi="101" ten="30,3000,0" yaku="0,1,54,1" doraHai="130" who="1" fromWho="1" sc="322,-10,240,40,169,-10,259,-10" /><INIT seed="1,1,0,3,0,95" ten="312,280,159,249" oya="1" hai0="70,76,77,123,111,60,89,63,54,2,22,9,67" hai1="44,27,100,110,86,69,122,133,106,1,102,38,64" hai2="98,35,71,99,87,73,58,6,108,15,115,47,62" hai3="81,117,88,78,128,56,18,129,14,104,32,112,61"/><U57/><E57/><V7/><F73/><W101/><G112/><T52/><D111/><U83/><E1/><V121/><F115/><W34/><G117/><T103/><D123/><U134/><E122/><V53/><F121/><W13/><G88/><T23/><D103/><U120/><E120/><V55/><F35/><W118/><G118/><T49/><D89/><U94/><E94/><V109/><F71/><W84/><G13/><T4/><D60/><N who="1" m="40071" /><E27/><V135/><F135/><N who="1" m="51721" /><E106/><V42/><F108/><W36/><G36/><T107/><D107/><U116/><E116/><V113/><F113/><W114/><G114/><T46/><D54/><U93/><E93/><V92/><F109/><W43/><G43/><T5/><D4/><N who="2" m="1578" /><F15/><W124/><G32/><T50/><D2/><U29/><E29/><V12/><F12/><W96/><G34/><T130/><D5/><U21/><E21/><V10/><F10/><W31/><G31/><T59/><D9/><U131/><E131/><V119/><F42/><W97/><G129/><T65/><D130/><U41/><E110/><V28/><F28/><W126/><G128/><T74/><D22/><U20/><E20/><V11/><F11/><N who="3" m="6495" /><G104/><T72/><D23/><U3/><E3/><V68/><F68/><W17/><G17/><T48/><D70/><U125/><E125/><N who="3" m="48234" /><G101/><T8/><D8/><U16/><E16/><V45/><F119/><W79/><G79/><AGARI ba="1,0" hai="38,41,44,79,83,86,100,102" m="51721,40071" machi="79" ten="30,1500,0" yaku="20,1" doraHai="95" who="1" fromWho="3" sc="312,0,280,18,159,0,249,-18" /><INIT seed="1,2,0,1,4,26" ten="312,298,159,231" oya="1" hai0="18,6,125,39,95,7,107,69,23,85,58,119,50" hai1="109,15,129,121,63,67,96,42,38,72,65,123,37" hai2="46,100,77,127,81,106,70,27,108,11,52,80,73" hai3="78,110,19,43,51,76,71,74,28,29,132,93,56"/><U9/><E72/><V48/><F108/><W61/><G110/><T92/><D107/><U13/><E109/><V25/><F127/><W111/><G111/><T34/><D39/><U86/><E129/><V134/><F134/><W88/><G132/><T82/><D34/><U2/><E2/><V14/><F70/><W4/><G4/><N who="0" m="1579" /><D69/><U135/><E135/><V98/><REACH who="2" step="1"/><F80/><REACH who="2" ten="312,298,149,231" step="2"/><W130/><G71/><T53/><D125/><U75/><E123/><V118/><F118/><W104/><G130/><T126/><D126/><U32/><E121/><V116/><F116/><W41/><G104/><T59/><D119/><U79/><E37/><V21/><F21/><W91/><G74/><T117/><D117/><U103/><E75/><V10/><F10/><W115/><G115/><T36/><D36/><U35/><E9/><V97/><F97/><N who="3" m="57511" /><G91/><N who="0" m="51639" /><D59/><U22/><E22/><V44/><F44/><N who="3" m="25999" /><G43/><T17/><D23/><U89/><E42/><V30/><F30/><N who="3" m="11883" /><G19/><AGARI ba="2,1" hai="17,18,19,50,53,58,92,95" m="51639,1579" machi="19" ten="30,1000,0" yaku="8,1" doraHai="26" who="0" fromWho="3" sc="312,26,298,0,149,0,231,-16" /><AGARI ba="2,0" hai="11,14,19,25,27,46,48,52,73,77,81,98,100,106" machi="19" ten="30,3900,0" yaku="1,1,7,1,54,1,53,0" doraHai="26" doraHaiUra="128" who="2" fromWho="3" sc="338,0,298,0,149,39,215,-39" /><INIT seed="2,0,0,4,3,123" ten="338,298,188,176" oya="2" hai0="109,101,0,22,120,59,104,62,99,6,76,12,29" hai1="57,63,37,55,25,128,132,82,21,70,75,27,79" hai2="30,94,122,2,9,34,66,20,121,56,85,33,71" hai3="16,32,112,49,1,51,58,105,124,60,116,19,114"/><V68/><F68/><W103/><G116/><T119/><D120/><U88/><E37/><V83/><F71/><W113/><G124/><T18/><D119/><U87/><E128/><V40/><F122/><W134/><G134/><T108/><D29/><U41/><E41/><V28/><F121/><W81/><G1/><T84/><D0/><U74/><E132/><V126/><F126/><W115/><N who="3" m="28672" /><DORA hai="4" /><W77/><G32/><T46/><D46/><U42/><E42/><V89/><F33/><W10/><G103/><T106/><D106/><U45/><E45/><V72/><F34/><W47/><G105/><T13/><D13/><U96/><E70/><V107/><F107/><W52/><G10/><T111/><D6/><U15/><E15/><V17/><F40/><N who="3" m="24807" /><G60/><T43/><D43/><U11/><E11/><V73/><F2/><W117/><G117/><T86/><D76/><U91/><E79/><V130/><F130/><W24/><G24/><T97/><D99/><U65/><E27/><V133/><F133/><W44/><G44/><T61/><D61/><U118/><E118/><V3/><F3/><W38/><G38/><T69/><D69/><U90/><E90/><N who="2" m="51519" /><F9/><W54/><G54/><AGARI ba="0,0" hai="12,18,22,54,59,62,84,86,97,101,104,108,109,111" machi="54" ten="40,8000,1" yaku="14,1,52,3" doraHai="123,4" who="0" fromWho="3" sc="338,80,298,0,188,0,176,-80" /><INIT seed="3,0,0,3,4,6" ten="418,298,188,96" oya="3" hai0="120,61,24,42,89,123,118,115,38,107,87,55,33" hai1="68,35,45,70,59,108,74,32,78,52,7,80,20" hai2="10,72,133,110,90,96,34,28,85,100,103,83,37" hai3="21,53,67,92,17,99,65,71,93,5,64,119,69"/><W26/><G119/><T62/><D118/><U14/><E108/><V124/><F37/><W75/><G75/><T131/><D107/><U49/><E32/><V29/><F110/><W127/><G127/><T117/><D117/><U135/><E135/><V25/><F133/><W16/><G5/><T22/><D33/><U86/><E35/><V114/><F114/><W30/><G93/><T11/><D11/><U76/><E76/><V23/><F29/><W130/><G130/><T41/><D131/><U27/><E74/><V44/><F34/><W9/><G53/><T2/><D2/><U126/><E126/><V111/><F111/><W47/><G47/><T116/><D38/><U128/><E128/><V113/><F113/><W106/><G106/><T12/><D12/><U81/><E81/><V109/><F109/><W77/><G77/><T15/><D15/><U79/><E79/><V66/><F66/><W43/><G43/><T98/><D42/><U51/><E27/><V97/><F44/><W122/><G122/><T63/><D41/><U18/><E7/><V1/><F1/><W40/><G40/><AGARI ba="0,0" hai="14,18,20,40,45,49,51,52,59,68,70,78,80,86" machi="40" ten="30,2000,0" yaku="7,1,54,1" doraHai="6" who="1" fromWho="3" sc="418,0,298,20,188,0,96,-20" owari="418,51.8,318,11.8,188,-21.2,76,-42.4" /></mjloggm>