<mjloggm ver="2.3"><GO type="225" lobby="0"/><UN n0="%E3%83%A9%E3%82%A4%E3%83%B3%E3%81%AE%E8%99%8E" n1="%E6%98%BC%E4%B8%8B%E3%81%8C%E3%82%8A%E3%81%AE%E5%9B%A3%E5%9C%B0%E5%A6%BB" n2="%E3%81%BF%E3%81%BF%E3%81%9A" n3="%77%72%77%72%77%72%77%72" dan="16,16,18,17" rate="2087.78,2137.19,2254.73,2181.53" sx="M,F,M,M"/><TAIKYOKU oya="0"/><INIT seed="0,0,0,1,3,43" ten="250,250,250,250" oya="0" hai0="90,118,40,24,16,86,15,82,77,25,11,110,123" hai1="46,99,115,36,60,70,76,84,111,27,2,93,108" hai2="105,85,129,52,37,9,79,51,55,66,132,130,122" hai3="133,18,114,31,20,131,57,119,75,53,69,103,28"/><T121/><D118/><U78/><E2/><V45/><F122/><W14/><G119/><T101/><D110/><N who="1" m="42027" /><E115/><V74/><F132/><W59/><G114/><T113/><D113/><U3/><E3/><V102/><F66/><W6/><G69/><T98/><D77/><U72/><E72/><V104/><F74/><W4/><G133/><T44/><D121/><U38/><E27/><V12/><F37/><N who="1" m="14441" /><E84/><V112/><F112/><W29/><G131/><N who="2" m="50185" /><F102/><W26/><G75/><T94/><REACH who="0" step="1"/><D123/><REACH who="0" ten="240,250,250,250" step="2"/><U67/><E46/><N who="2" m="27767" /><F79/><W68/><G28/><T8/><D8/><U10/><E10/><V71/><F85/><W5/><G29/><T126/><D126/><U1/><E1/><V19/><F71/><W33/><G68/><T83/><D83/><U34/><E34/><V48/><AGARI ba="0,1" hai="9,12,19,45,48,55,104,105" m="27767,50185" machi="48" ten="30,7900,0" yaku="19,1,52,2,54,1" doraHai="43" who="2" fromWho="2" sc="240,-39,250,-20,250,89,250,-20" /><INIT seed="1,0,0,1,5,23" ten="201,230,339,230" oya="1" hai0="115,120,133,19,11,99,86,70,81,114,0,119,25" hai1="5,122,50,118,111,80,26,35,59,121,87,107,96" hai2="4,75,93,65,27,2,62,82,84,36,24,92,100" hai3="97,49,6,48,68,128,116,72,38,132,51,21,127"/><U18/><E118/><V113/><F36/><W125/><G116/><T29/><D70/><U43/><E5/><V20/><F75/><W98/><G68/><T109/><D119/><U44/><E111/><V54/><F113/><W39/><G72/><T78/><D109/><U135/><E135/><V9/><F54/><W52/><G6/><T42/><D133/><U129/><E129/><V104/><F104/><W95/><G132/><T64/><D64/><U71/><E71/><V45/><F45/><W33/><G33/><T101/><D120/><U77/><E59/><N who="2" m="37087" /><F2/><W66/><G66/><T13/><D42/><U46/><E44/><V76/><F20/><W63/><G128/><T134/><D0/><U61/><E61/><V10/><F93/><W89/><G98/><T130/><D130/><U34/><E121/><V22/><F4/><W15/><G15/><T126/><D134/><U112/><E112/><V91/><F76/><W131/><G21/><T41/><D41/><U58/><E122/><V73/><F73/><W1/><G1/><T60/><D60/><U103/><E58/><V8/><F22/><W74/><G74/><T17/><D17/><U12/><E35/><V85/><F85/><W16/><G16/><T94/><REACH who="0" step="1"/><D126/><REACH who="0" ten="191,230,339,230" step="2"/><N who="3" m="48137" /><G131/><T56/><D56/><AGARI ba="0,1" hai="38,39,48,49,51,52,56,63,89,95,97" m="48137" machi="56" ten="30,2000,0" yaku="18,1,54,1" doraHai="23" who="3" fromWho="0" sc="191,-20,230,0,339,0,230,30" /><INIT seed="2,0,0,0,1,83" ten="171,230,339,260" oya="2" hai0="51,101,26,90,43,30,134,54,36,125,70,3,119" hai1="8,6,59,2,92,104,105,103,10,111,114,35,93" hai2="129,56,98,46,120,102,86,91,66,47,94,88,23" hai3="31,106,107,61,32,34,100,5,24,48,85,80,127"/><V52/><F120/><W68/><G127/><T74/><D125/><U45/><E114/><V25/><F66/><W29/><G5/><T44/><D134/><U81/><E35/><V77/><F77/><W1/><G1/><T97/><D119/><U55/><E111/><V132/><F129/><W65/><G48/><T64/><D3/><U19/><E45/><V76/><F76/><W60/><G60/><T122/><D74/><U109/><E109/><V57/><F57/><W11/><G11/><T117/><D117/><U22/><E10/><V28/><F132/><W118/><G118/><T53/><D122/><U27/><E81/><N who="2" m="49615" /><F102/><W17/><G17/><T124/><D90/><U110/><E110/><V69/><F69/><W14/><G14/><T7/><D7/><U126/><E126/><V115/><F115/><W89/><REACH who="3" step="1"/><G100/><REACH who="3" ten="171,230,339,250" step="2"/><T63/><D124/><U99/><REACH who="1" step="1"/><E105/><REACH who="1" ten="171,220,339,250" step="2"/><V79/><F79/><W82/><G82/><T133/><D133/><U49/><AGARI ba="0,2" hai="2,6,8,19,22,27,49,55,59,92,93,99,103,104" machi="49" ten="20,8000,1" yaku="1,1,2,1,0,1,7,1,53,1" doraHai="83" doraHaiUra="96" who="1" fromWho="1" sc="171,-20,220,100,339,-40,250,-20" /><INIT seed="3,0,0,2,0,3" ten="151,320,299,230" oya="3" hai0="131,99,21,75,1,52,98,43,78,38,132,67,65" hai1="42,79,16,105,69,112,7,82,110,55,97,34,15" hai2="94,4,118,50,88,31,0,72,121,20,47,2,25" hai3="24,56,85,102,113,35,101,117,126,9,51,134,135"/><W23/><G113/><T14/><D131/><U115/><E34/><V29/><F118/><W109/><G117/><T111/><D1/><U107/><E7/><V26/><F72/><W22/><G126/><T124/><D38/><U128/><E69/><V74/><F74/><W106/><G106/><T116/><D43/><U5/><E5/><V100/><F100/><W64/><G109/><T30/><D116/><U95/><E42/><V19/><F121/><W133/><G9/><T37/><D37/><U18/><E18/><V92/><F92/><W17/><G85/><T130/><D130/><U33/><E33/><V53/><F4/><W120/><G35/><T80/><D111/><U48/><E107/><V76/><F76/><W10/><G10/><T63/><D124/><U57/><E105/><V46/><F19/><W27/><G120/><T119/><D132/><U70/><E70/><V84/><F47/><W62/><G51/><T6/><D119/><U104/><E104/><V40/><F40/><W86/><G86/><T61/><D30/><AGARI ba="0,0" hai="17,22,23,24,27,30,56,62,64,101,102,133,134,135" machi="30" ten="40,2000,0" yaku="20,1" doraHai="3" who="3" fromWho="0" sc="151,-20,320,0,299,0,230,20" /><INIT seed="3,1,0,2,1,42" ten="131,320,299,250" oya="3" hai0="11,82,51,14,106,61,114,97,112,7,32,113,95" hai1="131,25,43,31,38,88,102,5,118,86,8,44,123" hai2="108,47,78,9,69,63,101,48,74,64,125,100,46" hai3="37,115,90,122,117,53,124,58,132,13,79,45,121"/><W59/><G115/><T93/><D32/><U73/><E73/><V29/><F29/><W72/><G117/><T75/><D61/><U62/><E123/><V80/><F108/><W120/><G79/><T35/><D35/><U57/><E102/><V60/><F125/><W12/><G72/><T92/><D106/><U128/><E118/><V21/><F21/><W34/><G34/><T105/><D105/><U67/><E25/><V49/><F9/><W133/><G124/><T24/><D24/><U119/><E31/><V26/><F26/><W130/><G130/><T41/><D75/><U111/><E111/><V15/><F15/><N who="3" m="5707" /><G90/><T98/><REACH who="0" step="1"/><D82/><REACH who="0" ten="121,320,299,250" step="2"/><U28/><E119/><V71/><F63/><N who="3" m="36303" /><G120/><T18/><D18/><U55/><E28/><V66/><F71/><W6/><G121/><T89/><D89/><U50/><E128/><V127/><F127/><W107/><G107/><T52/><D52/><U96/><E131/><V27/><F27/><W135/><G122/><T116/><D116/><U84/><E55/><N who="2" m="30103" /><F66/><W103/><G103/><T40/><D40/><U22/><E67/><V70/><F70/><W65/><G65/><T109/><D109/><U77/><E43/><N who="2" m="24831" /><F101/><W68/><G68/><T81/><D81/><U17/><E17/><V85/><F100/><W54/><G54/><T126/><D126/><U129/><E129/><V16/><F74/><W99/><G59/><T76/><D76/><U83/><E57/><V4/><F16/><W2/><G132/><T19/><D19/><U10/><E77/><V1/><F4/><W91/><G6/><T20/><D20/><RYUUKYOKU ba="1,1" sc="121,15,320,-15,299,15,250,-15" hai0="7,11,14,41,51,92,93,95,97,98,112,113,114" hai2="1,60,64,69,78,80,85" owari="136,-36.4,305,10.5,324,42.4,235,-16.5" /></mjloggm>