<mjloggm ver="2.3"><GO type="225" lobby="0"/><UN n0="%6D%75%75%73%61%6E%6D%75" n1="%E5%8D%A0%E3%81%84%E5%B8%AB%E8%A3%8F%E3%81%AA%E3%81%84%E3%81%97" n2="%E3%81%8B%E3%82%8F%E3%81%A1%E3%82%83%E3%82%93%35%38" n3="%E7%87%90%2E%2E" dan="17,17,16,16" rate="2153.31,2226.64,2133.20,2134.09" sx="F,M,M,M"/><TAIKYOKU oya="0"/><INIT seed="0,0,0,5,4,5" ten="250,250,250,250" oya="0" hai0="58,49,108,74,2,88,23,102,46,101,104,25,18" hai1="62,16,35,112,131,59,103,106,54,71,98,126,129" hai2="99,29,22,1,63,105,38,12,93,41,51,47,81" hai3="128,119,68,27,15,79,90,26,75,52,11,30,43"/><T87/><D74/><U34/><E126/><V109/><F1/><W70/><G119/><T33/><D108/><U28/><E112/><V45/><F109/><W32/><G43/><T3/><D33/><U111/><E111/><V13/><F105/><W85/><G128/><N who="1" m="49226" /><E28/><V21/><F81/><W115/><G115/><T61/><D3/><U124/><E124/><V77/><F77/><W14/><G14/><T53/><D2/><U118/><E118/><V117/><F117/><W6/><G79/><T60/><D104/><U17/><E71/><V42/><F63/><W97/><G97/><T133/><D133/><U39/><E39/><V72/><F72/><W10/><G10/><T66/><REACH who="0" step="1"/><D61/><REACH who="0" ten="240,250,250,250" step="2"/><U121/><E121/><V8/><F29/><W4/><G75/><T55/><D55/><U96/><E34/><V50/><F38/><W92/><G6/><T73/><D73/><U86/><E35/><V100/><F12/><W24/><G24/><T114/><D114/><U20/><E106/><V0/><F0/><W116/><G116/><T135/><D135/><U67/><E54/><V44/><F44/><W48/><G26/><T7/><D7/><AGARI ba="0,1" hai="7,8,13,21,22,41,42,45,47,50,51,93,99,100" machi="7" ten="30,7700,0" yaku="7,1,9,1,8,1,52,1" doraHai="5" who="2" fromWho="0" sc="240,-77,250,0,250,87,250,0" /><INIT seed="1,0,0,2,2,25" ten="163,250,337,250" oya="1" hai0="24,128,71,57,76,116,54,44,21,35,47,112,98" hai1="3,108,23,27,74,126,17,40,32,75,0,122,107" hai2="103,7,12,105,115,86,60,52,9,38,119,69,22" hai3="104,68,59,110,118,4,62,33,124,48,102,64,99"/><U16/><E122/><V100/><F119/><W63/><G118/><T43/><D116/><U113/><E113/><V56/><F38/><W67/><G124/><T121/><D71/><U39/><E126/><V18/><F115/><W80/><G110/><T28/><D112/><U26/><E107/><V106/><F69/><W10/><G80/><T1/><D121/><U134/><E134/><V46/><F105/><W84/><G84/><T77/><D128/><U70/><E70/><V90/><F46/><W65/><G48/><T130/><D130/><U101/><E101/><V120/><F106/><W41/><G41/><T20/><D1/><U50/><E39/><V58/><F58/><W97/><G97/><T131/><D98/><U36/><E36/><V123/><F123/><W85/><G85/><T91/><D91/><U49/><E108/><V19/><F120/><W92/><G33/><T66/><D66/><U13/><E32/><V2/><REACH who="2" step="1"/><F19/><REACH who="2" ten="163,250,327,250" step="2"/><W133/><G104/><T132/><D131/><U89/><E17/><V53/><F53/><W51/><G67/><T129/><D129/><U78/><E40/><V8/><F8/><W96/><G10/><T42/><D132/><U88/><E16/><V135/><F135/><W125/><G133/><T45/><D43/><U79/><E13/><V72/><F72/><W11/><G11/><T55/><D42/><U111/><E111/><V5/><F5/><W83/><G4/><T117/><D117/><U109/><E109/><V15/><F15/><W30/><G68/><T114/><D114/><U29/><E29/><V14/><F14/><RYUUKYOKU ba="0,1" sc="163,-15,250,15,327,15,250,-15" hai1="0,3,23,26,27,49,50,74,75,78,79,88,89" hai2="2,7,9,12,18,22,52,56,60,86,90,100,103" /><INIT seed="1,1,1,4,1,27" ten="148,265,342,235" oya="1" hai0="17,72,86,94,53,45,114,81,57,24,131,25,126" hai1="30,40,5,74,14,62,71,85,134,70,135,4,19" hai2="1,82,12,46,0,124,117,108,110,107,50,119,42" hai3="122,13,96,33,34,51,115,101,65,88,66,36,52"/><U6/><E74/><V89/><F107/><W47/><G122/><T79/><D114/><U41/><E85/><N who="2" m="50359" /><F124/><W111/><G111/><N who="2" m="42537" /><F12/><W8/><G115/><T73/><D126/><U129/><E129/><V9/><F9/><W128/><G128/><T120/><D131/><U90/><E90/><V18/><F18/><W121/><G121/><T106/><D106/><U133/><E30/><V68/><F68/><N who="1" m="26153" /><E62/><V87/><F87/><W20/><G20/><AGARI ba="1,1" hai="4,5,6,14,19,20,40,41,133,134,135" m="26153" machi="20" ten="40,2000,0" yaku="20,1" doraHai="27" who="1" fromWho="3" sc="148,0,265,33,342,0,235,-23" /><INIT seed="1,2,0,1,0,107" ten="148,298,342,212" oya="1" hai0="25,38,130,131,128,127,124,114,31,28,104,3,53" hai1="71,42,95,87,70,44,85,80,30,59,47,21,81" hai2="35,7,92,135,60,37,72,97,129,108,83,116,16" hai3="75,22,66,45,88,24,84,46,105,40,57,29,125"/><U77/><E59/><V48/><F37/><W67/><G105/><T15/><D104/><U10/><E95/><V126/><F35/><W122/><G122/><T63/><D38/><U98/><E98/><V49/><F7/><W62/><G125/><N who="0" m="48203" /><D63/><U6/><E21/><V18/><F116/><W23/><G75/><T101/><D101/><U73/><E30/><N who="0" m="11305" /><D53/><U123/><E123/><V5/><F60/><W41/><G41/><T133/><D3/><N who="1" m="351" /><E44/><V39/><F126/><W76/><G76/><T93/><D93/><U68/><E81/><V109/><F92/><W9/><G66/><T134/><D114/><U2/><E2/><V8/><F83/><W1/><G45/><T27/><D15/><U100/><E100/><V54/><F54/><W99/><G99/><T61/><D61/><U43/><E43/><V13/><F97/><W132/><G46/><T12/><D12/><U51/><E51/><V36/><F13/><W64/><G40/><T110/><D110/><U34/><E87/><V0/><F0/><W79/><G79/><T121/><D121/><U32/><E85/><V33/><F39/><W78/><G78/><T119/><D119/><U86/><E86/><V89/><F36/><W102/><G102/><T50/><D50/><U52/><E52/><V56/><F49/><W55/><G64/><T91/><D91/><U74/><E74/><V26/><F48/><W113/><G113/><T111/><D111/><U82/><E82/><V4/><F108/><W94/><G67/><T118/><D118/><U112/><E112/><V90/><F109/><W117/><G55/><RYUUKYOKU ba="2,0" sc="148,15,298,15,342,-15,212,-15" hai0="25,27,128,130,131,133,134" hai1="32,34,42,47,68,70,71,73,77,80" /><INIT seed="1,3,0,5,5,44" ten="163,313,327,197" oya="1" hai0="93,14,59,126,70,39,35,96,112,97,64,133,73" hai1="40,100,57,8,117,75,63,62,28,110,50,125,77" hai2="90,91,53,46,98,13,41,76,52,106,58,103,119" hai3="121,31,83,33,113,1,85,120,20,9,17,47,109"/><U16/><E117/><V19/><F76/><W135/><G135/><T72/><D112/><U22/><E125/><V15/><F119/><W67/><G113/><T122/><D70/><U79/><E100/><V45/><F45/><W105/><G105/><T66/><D126/><U102/><E102/><V87/><F13/><W56/><G109/><T69/><D69/><U99/><E99/><V92/><F58/><W29/><G47/><T12/><D35/><U82/><E79/><V116/><F116/><W7/><G67/><T43/><D59/><U25/><E110/><V114/><F114/><W108/><G56/><T3/><D133/><U49/><E40/><V118/><F118/><W68/><G68/><T127/><D127/><U5/><E28/><V10/><REACH who="2" step="1"/><F91/><REACH who="2" ten="163,313,317,197" step="2"/><W21/><G108/><T38/><D3/><U78/><E77/><V115/><F115/><W4/><G120/><T26/><D122/><U27/><E27/><V18/><F18/><W71/><G71/><T128/><D26/><U54/><E63/><V36/><AGARI ba="3,1" hai="10,15,19,36,41,46,52,53,87,90,92,98,103,106" machi="36" ten="20,8000,1" yaku="1,1,0,1,7,1,54,1,53,1" doraHai="44" doraHaiUra="6" who="2" fromWho="2" sc="163,-23,313,-43,317,99,197,-23" /><INIT seed="2,0,0,1,4,13" ten="140,270,416,174" oya="2" hai0="103,67,35,84,109,99,50,117,45,97,127,125,120" hai1="1,64,82,44,77,123,10,36,11,94,55,3,75" hai2="118,60,105,59,41,79,96,43,114,126,8,26,102" hai3="69,39,34,28,81,6,133,0,17,68,128,65,16"/><V110/><F114/><W132/><G39/><T24/><D120/><U113/><E113/><V119/><F126/><W124/><G124/><T73/><D73/><U134/><E134/><N who="3" m="51818" /><G128/><T108/><D125/><U18/><E64/><V57/><F110/><W104/><G104/><T111/><D127/><U31/><E31/><V4/><F79/><W2/><G81/><T49/><D117/><U19/><E123/><V72/><F72/><W42/><G42/><T22/><D35/><U37/><E94/><V101/><F101/><W40/><G40/><T51/><D67/><U91/><E91/><V122/><F59/><W85/><G85/><T71/><D84/><U54/><E44/><V38/><F26/><N who="3" m="18711" /><G6/><T121/><D71/><N who="3" m="27209" /><G65/><T76/><D76/><U14/><E37/><V62/><F122/><W33/><G33/><T29/><D121/><U5/><E36/><V23/><F43/><W90/><G90/><T86/><D86/><U83/><E82/><V88/><F88/><W116/><G116/><T52/><REACH who="0" step="1"/><D99/><REACH who="0" ten="130,270,416,174" step="2"/><U112/><E77/><V46/><F119/><W21/><G17/><T32/><D32/><U27/><E18/><V48/><F118/><W66/><G66/><T20/><D20/><U98/><E75/><V89/><F23/><W106/><G106/><AGARI ba="0,1" hai="22,24,29,45,49,50,51,52,97,103,106,108,109,111" machi="106" ten="40,5200,0" yaku="1,1,14,1,54,1,53,0" doraHai="13" doraHaiUra="61" who="0" fromWho="3" sc="130,62,270,0,416,0,174,-52" /><INIT seed="3,0,0,1,4,3" ten="192,270,416,122" oya="3" hai0="104,111,70,46,22,93,98,96,102,125,87,71,38" hai1="31,112,55,57,42,41,33,65,13,76,15,131,79" hai2="27,82,45,99,66,51,28,78,69,75,52,127,89" hai3="85,122,126,88,101,12,106,109,39,19,43,115,11"/><W9/><G122/><T5/><D111/><U67/><E112/><V133/><F69/><W72/><G115/><T81/><D125/><U121/><E121/><V113/><F113/><W23/><G126/><T86/><D5/><U130/><E31/><V80/><F127/><W129/><G129/><T74/><D22/><U84/><E33/><V47/><F66/><W63/><G109/><T4/><D4/><U97/><E97/><V8/><F8/><W116/><G72/><T108/><D108/><U54/><E84/><V2/><F2/><W20/><G116/><T1/><D1/><U124/><E124/><V35/><F133/><W50/><G39/><T60/><D60/><U48/><E48/><V21/><F35/><W77/><G77/><N who="0" m="44215" /><D87/><U90/><E57/><V18/><F18/><W135/><G135/><T110/><D96/><U120/><E120/><V44/><F82/><N who="3" m="49207" /><G101/><T6/><D110/><U40/><E40/><V105/><F105/><W25/><G106/><T62/><D6/><U53/><E53/><V134/><F134/><W32/><G32/><T91/><D62/><U0/><E0/><V16/><F28/><N who="3" m="17447" /><G63/><T92/><D92/><U26/><E90/><V128/><F128/><W118/><G118/><T83/><D83/><U17/><E26/><V117/><F117/><W30/><G30/><T94/><D94/><U37/><E37/><V73/><F73/><W68/><G68/><T36/><D36/><U34/><E34/><V29/><F29/><W119/><G119/><T49/><D38/><U107/><E107/><V132/><F132/><W64/><G64/><RYUUKYOKU ba="0,0" sc="192,0,270,0,416,0,122,0" hai0="46,49,70,71,86,91,93,98,102,104" hai1="13,15,17,41,42,54,55,65,67,76,79,130,131" hai2="16,21,27,44,45,47,51,52,75,78,80,89,99" hai3="9,11,12,19,23,43,50" /><INIT seed="3,1,0,3,3,132" ten="192,270,416,122" oya="3" hai0="53,28,115,41,15,66,16,86,56,134,61,116,70" hai1="63,97,37,127,30,120,19,36,43,126,82,48,64" hai2="87,20,89,96,54,50,68,31,13,100,57,18,59" hai3="111,78,73,58,34,129,32,60,5,38,7,94,124"/><W81/><G129/><T22/><D116/><U133/><E120/><V84/><F68/><W99/><G111/><T72/><D134/><U74/><E133/><V95/><F31/><W91/><G38/><T17/><D72/><U33/><E97/><V123/><F123/><W12/><G124/><N who="1" m="47658" /><E48/><V24/><F24/><W51/><G51/><T114/><D41/><U45/><E19/><V135/><F135/><W88/><G91/><T47/><D47/><U90/><E36/><V79/><F79/><W103/><G103/><T83/><D17/><U40/><E40/><V27/><F27/><W113/><G113/><N who="0" m="43019" /><D28/><U77/><E90/><V3/><F3/><W29/><G29/><T76/><D53/><U119/><E119/><V101/><F101/><W35/><REACH who="3" step="1"/><G12/><REACH who="3" ten="192,270,416,112" step="2"/><T42/><D42/><U10/><E30/><V49/><F100/><W25/><G25/><T44/><D44/><U93/><E45/><V109/><F109/><W9/><G9/><T1/><D1/><U122/><E10/><V52/><AGARI ba="1,1" hai="13,18,20,49,50,52,54,57,59,84,87,89,95,96" machi="52" ten="30,7900,0" yaku="0,1,9,1,8,1,54,1" doraHai="132" who="2" fromWho="2" sc="192,-21,270,-21,416,92,112,-40" owari="171,-22.9,249,4.9,508,60.8,72,-42.8" /></mjloggm>