<mjloggm ver="2.3"><GO type="225" lobby="0"/><UN n0="%E5%86%B7%E5%87%8D%E3%82%AE%E3%83%A7%E3%83%BC%E3%82%B6" n1="%E3%82%A2%E3%82%A4%E3%82%B9%E3%83%86%E3%82%A3%E3%83%BC%E3%81%82%E3%81%B9" n2="%E3%81%AA%E3%81%A1%30%39%32%37" n3="%E3%81%B2%E3%81%AA%E3%81%AE%E3%82%8A%E3%81%8F" dan="16,16,16,17" rate="2131.83,2082.06,2089.89,2161.30" sx="M,M,M,M"/><TAIKYOKU oya="0"/><INIT seed="0,0,0,0,4,12" ten="250,250,250,250" oya="0" hai0="73,54,32,35,13,6,28,123,79,50,124,87,88" hai1="94,74,39,5,17,21,127,37,24,65,43,80,42" hai2="49,4,20,92,58,23,134,36,111,60,19,97,81" hai3="113,135,63,75,26,116,106,104,66,103,48,52,16"/><T129/><D123/><U126/><E5/><V100/><F36/><W95/><G113/><T31/><D124/><N who="1" m="47659" /><E65/><V78/><F111/><W56/><G75/><T114/><D114/><U107/><E107/><V84/><F134/><W118/><G135/><T62/><D129/><U61/><E61/><V132/><F132/><W8/><G95/><T112/><D112/><U1/><E1/><V27/><F4/><W91/><G91/><T108/><D108/><U34/><E34/><V90/><F23/><W120/><G120/><T10/><D62/><U11/><E11/><V15/><F49/><W96/><G104/><T59/><D35/><U76/><E94/><V101/><REACH who="2" step="1"/><F15/><REACH who="2" ten="250,250,240,250" step="2"/><W77/><G8/><T53/><D32/><U115/><E115/><V45/><F45/><W109/><G109/><T99/><D13/><U128/><E128/><V72/><F72/><W2/><G2/><T119/><D73/><U68/><E68/><V67/><AGARI ba="0,1" hai="19,20,27,58,60,67,78,81,84,90,92,97,100,101" machi="67" ten="20,8000,1" yaku="1,1,0,1,7,1,8,1,52,1,53,0" doraHai="12" doraHaiUra="0" who="2" fromWho="2" sc="250,-40,250,-20,240,90,250,-20" /><INIT seed="1,0,0,5,4,40" ten="210,230,330,230" oya="1" hai0="113,2,49,66,3,88,36,102,99,12,31,117,133" hai1="127,41,42,17,78,84,89,108,64,97,74,111,52" hai2="45,47,56,7,62,92,107,79,67,69,77,22,112" hai3="129,125,33,122,16,59,54,51,95,134,20,46,96"/><U27/><E127/><V32/><F107/><W103/><G125/><T80/><D113/><U73/><E64/><V18/><F32/><W6/><G122/><T123/><D36/><U13/><E97/><V61/><F112/><W14/><G134/><T104/><D117/><U34/><E42/><V98/><F7/><W21/><G129/><T35/><D133/><U29/><E41/><V128/><F128/><W101/><G33/><T118/><D118/><U120/><E120/><V70/><F70/><W0/><G0/><T91/><D123/><U26/><E27/><N who="2" m="14807" /><F62/><W9/><G59/><T87/><D66/><U44/><E78/><N who="2" m="29707" /><F69/><W94/><G6/><T39/><D39/><U8/><E74/><V37/><F37/><W76/><G76/><T30/><D2/><U119/><E73/><V50/><F50/><W135/><G135/><T81/><D3/><U23/><E34/><V100/><AGARI ba="0,0" hai="45,47,56,61,67,92,98,100" m="29707,14807" machi="100" ten="30,4000,0" yaku="8,1,52,2" doraHai="40" who="2" fromWho="2" sc="210,-10,230,-20,330,40,230,-10" /><INIT seed="2,0,0,5,4,111" ten="200,210,370,220" oya="2" hai0="118,51,115,78,74,3,16,96,84,95,92,82,66" hai1="22,89,49,90,9,110,24,97,47,88,2,105,129" hai2="40,18,135,14,61,106,37,126,102,71,21,124,122" hai3="31,64,60,70,12,48,55,131,41,83,32,120,54"/><V15/><F122/><W103/><G120/><T45/><D118/><U17/><E110/><V36/><F135/><W0/><G0/><T1/><D115/><U116/><E129/><V123/><F123/><W67/><G67/><T128/><D128/><U29/><E116/><V73/><F73/><W107/><G131/><T19/><D66/><U39/><E39/><V108/><F108/><W8/><G83/><T79/><D74/><U125/><E125/><V91/><F91/><W11/><G41/><T93/><D78/><U77/><E77/><V28/><F28/><W26/><G48/><T80/><D80/><U44/><E44/><V75/><F14/><W109/><G8/><T35/><D35/><U25/><E105/><V99/><F75/><W100/><G109/><T121/><D121/><U38/><E38/><V112/><F112/><W59/><G59/><T134/><D134/><U57/><E57/><V56/><F71/><W42/><G42/><T6/><D96/><U58/><E58/><V30/><F40/><W81/><G81/><T46/><D46/><U34/><E97/><V119/><F37/><W52/><REACH who="3" step="1"/><G107/><REACH who="3" ten="200,210,370,210" step="2"/><T68/><D68/><U76/><E2/><V65/><F36/><W98/><G98/><T117/><D117/><U86/><E9/><N who="2" m="6511" /><F119/><W53/><N who="3" m="13312" /><DORA hai="20" /><W27/><G27/><T50/><D1/><U104/><E104/><V13/><F106/><W130/><G130/><T63/><D3/><U5/><E49/><V127/><F126/><W132/><G132/><T113/><D51/><U133/><E133/><V94/><F127/><W114/><G114/><RYUUKYOKU ba="0,1" sc="200,-10,210,-10,370,-10,210,30" hai3="11,12,26,31,32,60,64,70,100,103" /><INIT seed="3,1,1,2,1,60" ten="190,200,360,240" oya="3" hai0="51,89,43,65,110,6,58,31,78,63,68,109,11" hai1="124,85,99,104,4,61,66,112,62,72,98,27,55" hai2="117,102,71,3,13,36,33,1,128,49,134,28,122" hai3="19,56,0,16,44,24,133,29,114,9,37,101,86"/><W46/><G114/><T77/><D31/><U129/><E72/><V64/><F49/><W73/><G73/><T15/><D89/><U76/><E112/><V87/><F13/><W47/><G101/><T79/><REACH who="0" step="1"/><D58/><REACH who="0" ten="180,200,360,240" step="2"/><N who="1" m="37175" /><E129/><V20/><F28/><W83/><G56/><T67/><D67/><U91/><E124/><V8/><F64/><W132/><G132/><T42/><D42/><U131/><E131/><V48/><F134/><W125/><G133/><T25/><D25/><U10/><E104/><V39/><F128/><W119/><G125/><T81/><D81/><N who="1" m="47271" /><E27/><V100/><F117/><W41/><G119/><T115/><D115/><U84/><E55/><V2/><F122/><W52/><G52/><T111/><D111/><U21/><E62/><V38/><F100/><W18/><G24/><T103/><D103/><U130/><E130/><V35/><F102/><W127/><G29/><T17/><D17/><U107/><E107/><V57/><F57/><W94/><G127/><T116/><D116/><U93/><E21/><V59/><F20/><W108/><G83/><T80/><D80/><U96/><E10/><V88/><F8/><W14/><G108/><T5/><D5/><AGARI ba="1,2" hai="4,5,84,91,93,96,98,99" m="47271,37175" machi="5" ten="30,2000,0" yaku="8,1,52,1" doraHai="60" who="1" fromWho="0" sc="180,-23,200,43,360,0,240,0" owari="157,-34.3,243,4.3,360,46.0,240,-16.0" /></mjloggm>