<mjloggm ver="2.3"><GO type="225" lobby="0"/><UN n0="%72%61%6B%33" n1="%E8%81%B7%E6%A5%AD%E3%80%81%E9%A2%A8%32" n2="%E3%81%A9%E3%82%8F%E3%82%93%E3%81%94" n3="%E3%81%A6%E3%81%A4%EF%BC%A3" dan="17,16,16,16" rate="2248.03,2087.40,2178.81,2066.04" sx="M,M,M,M"/><TAIKYOKU oya="0"/><INIT seed="0,0,0,1,0,5" ten="250,250,250,250" oya="0" hai0="12,35,24,134,130,15,115,135,69,17,57,56,75" hai1="2,79,42,61,100,54,16,127,118,81,88,109,48" hai2="133,68,97,65,31,53,103,125,85,113,28,117,7" hai3="49,45,82,111,33,30,22,3,21,23,9,76,121"/><T1/><D69/><U94/><E2/><V74/><F113/><W25/><G111/><T114/><D75/><U92/><E109/><V41/><F74/><W108/><G108/><T96/><D96/><N who="1" m="57351" /><E118/><V43/><F133/><N who="0" m="50698" /><D57/><N who="1" m="34999" /><E127/><V26/><F125/><W62/><G62/><T6/><D56/><U27/><E81/><V18/><F65/><W126/><G121/><T51/><D51/><U116/><E116/><V80/><F68/><W72/><G126/><T119/><D119/><U95/><E79/><V67/><F67/><W13/><G3/><T10/><D130/><U84/><E84/><V32/><F85/><W37/><G37/><T90/><D90/><U46/><E100/><V8/><F103/><W4/><REACH who="3" step="1"/><G33/><REACH who="3" ten="250,250,250,240" step="2"/><T55/><D1/><U99/><E99/><V29/><F32/><W34/><G34/><T44/><D35/><U19/><E19/><V110/><F18/><W63/><G63/><T52/><D115/><U11/><E27/><V129/><F26/><W104/><G104/><T70/><D114/><U102/><E102/><V87/><F110/><W98/><G98/><T50/><D24/><U112/><E112/><V73/><F97/><W105/><G105/><T14/><D70/><U91/><E91/><V89/><F117/><W20/><G20/><T120/><D120/><U107/><E107/><V78/><F89/><W38/><G38/><T128/><D128/><U77/><E77/><V124/><F129/><W106/><G106/><T101/><D101/><U40/><E16/><V58/><F124/><W66/><G66/><T36/><D17/><U131/><E131/><RYUUKYOKU ba="0,1" sc="250,-10,250,-10,250,-10,240,30" hai3="4,9,13,21,22,23,25,30,45,49,72,76,82" /><INIT seed="1,1,1,1,5,94" ten="240,240,240,270" oya="1" hai0="55,6,77,46,79,9,72,120,82,59,86,128,13" hai1="40,19,67,108,80,93,129,29,41,109,2,8,0" hai2="1,110,20,22,87,100,112,27,115,130,3,48,23" hai3="53,60,18,17,62,75,73,118,49,61,10,92,70"/><U102/><E129/><V133/><F87/><W76/><G70/><T7/><D128/><U113/><E113/><N who="2" m="43595" /><F130/><W103/><G118/><T78/><D120/><U117/><E117/><V31/><F48/><W32/><G32/><T51/><D72/><U36/><E67/><V25/><F100/><W12/><G76/><T34/><D34/><U90/><E29/><N who="2" m="17575" /><F110/><N who="1" m="42601" /><E102/><V43/><F43/><N who="1" m="16457" /><E36/><V11/><F133/><W132/><G132/><T4/><REACH who="0" step="1"/><D46/><REACH who="0" ten="230,240,240,270" step="2"/><U96/><E80/><V111/><F111/><W88/><G73/><T35/><D35/><U54/><E54/><V58/><F58/><N who="3" m="33071" /><G75/><T97/><D97/><U134/><E134/><V5/><F23/><W57/><G57/><T107/><D107/><U74/><E74/><V14/><AGARI ba="1,2" hai="1,3,5,11,14,22,27,31" m="17575,43595" machi="14" ten="30,4000,0" yaku="11,1,34,2" doraHai="94" who="2" fromWho="2" sc="230,-11,240,-21,240,63,270,-11" /><INIT seed="2,0,0,5,5,104" ten="219,219,303,259" oya="2" hai0="33,109,5,111,0,43,64,98,124,60,74,49,122" hai1="65,91,121,36,80,10,15,12,129,95,123,55,22" hai2="63,41,28,42,52,68,79,26,8,39,87,100,89" hai3="132,47,29,14,125,106,85,32,23,90,54,61,4"/><V35/><F79/><W70/><G106/><T118/><D122/><N who="1" m="46603" /><E36/><V16/><F39/><W3/><G132/><T108/><D33/><U99/><E129/><V46/><F100/><W2/><G125/><T1/><D124/><U120/><N who="1" m="46611" /><U116/><DORA hai="93" /><E116/><V27/><F68/><W76/><G76/><T40/><D118/><U117/><E117/><V20/><F8/><W97/><G32/><T62/><D74/><U110/><E110/><V107/><F107/><W84/><G2/><N who="0" m="1131" /><D5/><N who="1" m="3151" /><E65/><V67/><F67/><W127/><G3/><T96/><D60/><U115/><E115/><V75/><F75/><W113/><G70/><N who="0" m="42263" /><D43/><U128/><E128/><V18/><F41/><W57/><G127/><T13/><D13/><U101/><E55/><V58/><F42/><W77/><G4/><T71/><D71/><U92/><E80/><V130/><F130/><W45/><G113/><T19/><D19/><N who="1" m="10623" /><E95/><V37/><F37/><W86/><G77/><T131/><D131/><U50/><E50/><V51/><F51/><W73/><G73/><T21/><D21/><U66/><E66/><V105/><F105/><W83/><G83/><T94/><D94/><U34/><E34/><V31/><F46/><AGARI ba="0,0" hai="40,46,49,96,98,108,109,111" m="42263,1131" machi="46" ten="40,5200,0" yaku="14,1,52,2" doraHai="104,93" who="0" fromWho="2" sc="219,52,219,0,303,-52,259,0" /><INIT seed="3,0,0,0,2,123" ten="271,219,251,259" oya="3" hai0="49,28,83,42,29,18,58,95,133,92,59,80,75" hai1="102,103,69,106,46,24,112,81,110,26,131,22,53" hai2="15,119,71,39,130,111,78,20,87,134,63,121,132" hai3="54,135,37,100,97,3,40,12,31,128,1,127,27"/><W10/><G127/><T33/><D33/><U98/><E112/><V64/><F119/><W116/><G116/><T0/><D0/><U25/><E69/><V11/><F39/><W5/><G128/><T57/><D75/><U43/><E131/><V73/><F130/><W126/><G126/><T62/><D62/><U115/><E115/><V70/><F121/><W7/><G135/><N who="2" m="51753" /><F73/><W4/><G1/><T56/><D18/><U9/><E103/><V120/><F20/><W32/><G3/><T16/><D133/><U65/><E65/><V113/><F113/><W48/><G40/><T88/><D95/><U108/><E9/><V34/><F34/><W129/><G37/><T60/><D16/><U19/><E81/><N who="2" m="47543" /><F71/><W125/><G125/><T55/><D83/><U74/><E74/><V17/><F120/><W35/><G32/><T91/><D80/><U77/><E77/><V47/><F47/><W44/><REACH who="3" step="1"/><G129/><REACH who="3" ten="271,219,251,249" step="2"/><T89/><D42/><U118/><E118/><V104/><F104/><AGARI ba="0,1" hai="4,5,7,10,12,27,31,35,44,48,54,97,100,104" machi="104" ten="30,11600,0" yaku="1,1,2,1,7,1,53,1" doraHai="123" doraHaiUra="51" who="3" fromWho="2" sc="271,0,219,0,251,-116,249,126" owari="271,7.1,219,-18.1,135,-36.5,375,47.5" /></mjloggm>