<mjloggm ver="2.3"><GO type="225" lobby="0"/><UN n0="%6D%75%75%73%61%6E%6D%75" n1="%6C%61%6D%62" n2="%72%65%6E%6B%75%6E" n3="%E6%97%A5%E6%9B%9C%E6%97%A5%E3%82%88%E3%82%8A%E3%81%AE%E4%BD%BF%E8%80%85" dan="16,16,17,16" rate="2171.61,2150.63,2254.16,2094.03" sx="F,M,M,M"/><TAIKYOKU oya="0"/><INIT seed="0,0,0,5,1,72" ten="250,250,250,250" oya="0" hai0="85,49,29,54,111,127,119,43,0,32,100,106,24" hai1="46,122,130,56,117,81,95,73,65,83,70,74,28" hai2="2,44,48,105,30,55,13,109,23,96,67,31,16" hai3="107,92,103,110,123,14,19,116,102,7,91,69,126"/><T37/><D119/><U3/><E117/><V118/><F109/><W50/><G116/><T36/><D111/><U78/><E70/><V27/><F118/><W77/><G107/><T89/><D127/><U121/><E3/><V1/><F67/><W22/><G69/><T47/><D0/><U86/><E130/><V61/><F61/><W132/><G110/><T101/><D106/><U99/><E28/><V75/><F75/><W84/><G126/><T94/><REACH who="0" step="1"/><D36/><REACH who="0" ten="240,250,250,250" step="2"/><U57/><E121/><V33/><REACH who="2" step="1"/><F31/><REACH who="2" ten="240,250,240,250" step="2"/><W45/><G123/><T35/><D35/><U134/><E122/><V124/><F124/><W128/><G128/><T20/><D20/><U41/><E74/><V11/><F11/><W104/><G22/><T125/><D125/><U59/><E73/><V63/><F63/><W87/><G132/><T131/><D131/><U34/><E134/><V10/><F10/><W12/><G104/><T135/><D135/><U133/><E133/><V8/><F8/><W71/><G7/><T42/><D42/><U129/><E129/><V112/><F112/><W4/><G4/><T38/><D38/><U80/><E34/><V39/><F39/><W120/><G120/><T66/><D66/><U88/><REACH who="1" step="1"/><E65/><REACH who="1" ten="240,240,240,250" step="2"/><V115/><F115/><W18/><G71/><T21/><D21/><U52/><E52/><V97/><F97/><W90/><G87/><T68/><D68/><U58/><N who="1" m="14336" /><DORA hai="9" /><U108/><E108/><V98/><F98/><W25/><G84/><T82/><D82/><U15/><E15/><V51/><F51/><AGARI ba="0,3" hai="41,46,51,78,80,81,83,86,88,95,99" m="14336" machi="51" ten="50,12000,2" yaku="1,1,8,1,52,1,54,1,53,3" doraHai="72,9" doraHaiUra="76,60" who="1" fromWho="2" sc="240,0,240,150,240,-120,250,0" /><INIT seed="1,0,0,5,1,27" ten="240,390,120,250" oya="1" hai0="8,114,69,66,121,77,36,30,5,90,60,23,13" hai1="47,88,106,59,53,91,130,99,19,35,89,98,56" hai2="103,24,93,119,84,101,10,62,97,122,28,67,9" hai3="81,96,11,79,54,58,38,64,32,41,46,34,25"/><U95/><E35/><V68/><F122/><W86/><G64/><T39/><D121/><U49/><E130/><V108/><F108/><W44/><G44/><T15/><D114/><U102/><REACH who="1" step="1"/><E19/><REACH who="1" ten="240,380,120,250" step="2"/><V1/><F119/><W124/><G34/><T51/><D39/><U128/><E128/><V72/><F72/><W14/><G32/><T82/><D36/><U29/><E29/><V123/><F123/><W118/><G38/><T109/><D30/><U78/><E78/><V133/><F133/><W87/><G79/><T17/><D77/><U43/><E43/><V48/><F1/><W21/><G41/><T12/><D109/><U18/><E18/><V83/><F103/><AGARI ba="0,1" hai="47,49,53,56,59,88,89,91,95,98,99,102,103,106" machi="103" ten="40,3900,0" yaku="1,1,54,1,53,0" doraHai="27" doraHaiUra="63" who="1" fromWho="2" sc="240,0,380,49,120,-39,250,0" /><INIT seed="1,1,0,2,0,2" ten="240,429,81,250" oya="1" hai0="98,65,68,23,84,50,30,28,113,133,61,59,117" hai1="80,36,20,82,118,124,17,46,119,11,37,107,5" hai2="38,120,10,6,42,66,9,130,32,29,126,105,26" hai3="111,44,1,56,25,108,78,88,128,73,54,64,109"/><U31/><E107/><V135/><F120/><W127/><G1/><T39/><D113/><U106/><E106/><V22/><F105/><W104/><G104/><T13/><D39/><U91/><E31/><V100/><F100/><W43/><G127/><T3/><D3/><U70/><E70/><V74/><F126/><W131/><G64/><T89/><D117/><U18/><E124/><V41/><F130/><N who="3" m="49707" /><G25/><T53/><D133/><U132/><E132/><V4/><F74/><W55/><G56/><T57/><D68/><U112/><E112/><V67/><F135/><W121/><G121/><T93/><REACH who="0" step="1"/><D98/><REACH who="0" ten="230,429,81,250" step="2"/><U101/><E118/><V33/><F38/><W48/><G111/><T83/><D83/><U47/><E82/><V72/><F72/><W114/><G114/><T99/><D99/><U122/><E80/><V15/><F33/><W14/><G109/><T76/><D76/><U85/><E119/><V110/><F110/><W129/><G108/><T94/><D94/><U52/><E37/><V12/><REACH who="2" step="1"/><F32/><REACH who="2" ten="230,429,71,250" step="2"/><W16/><G129/><T58/><D58/><U115/><E36/><V60/><F60/><W90/><G73/><T21/><D21/><U123/><E123/><V34/><F34/><W35/><G35/><T62/><D62/><U87/><E20/><V69/><F69/><W7/><G78/><T79/><D79/><U116/><E122/><V86/><F86/><W8/><G90/><T27/><D27/><U125/><E125/><V49/><F49/><W97/><G97/><T0/><D0/><U19/><E115/><V102/><F102/><W24/><G88/><RYUUKYOKU ba="1,2" sc="230,10,429,-30,71,10,250,10" hai0="13,23,28,30,50,53,57,59,61,65,84,89,93" hai2="4,6,9,10,12,15,22,26,29,41,42,66,67" hai3="7,8,14,16,24,43,44,48,54,55" /><INIT seed="2,2,2,4,0,126" ten="240,399,81,260" oya="2" hai0="98,92,73,10,46,95,128,129,127,131,79,89,44" hai1="42,81,102,94,2,93,132,84,36,70,12,39,108" hai2="78,116,99,43,115,32,9,27,24,90,112,28,4" hai3="111,119,66,109,16,37,105,56,26,22,103,75,120"/><V83/><F116/><W14/><G119/><T96/><D127/><U100/><E2/><V80/><F43/><W117/><G117/><T134/><D134/><U63/><E108/><N who="3" m="41546" /><G120/><T48/><D10/><U17/><E132/><V51/><F51/><W101/><G75/><T76/><D73/><U54/><E100/><N who="3" m="38474" /><G37/><T122/><D122/><U41/><E102/><V114/><F27/><W74/><G74/><T71/><D71/><U106/><E106/><V86/><F99/><N who="0" m="37930" /><D89/><U58/><E70/><V104/><F104/><W35/><G105/><T69/><D69/><U125/><E36/><V33/><F33/><W61/><G35/><T7/><D7/><U47/><E42/><V20/><F32/><W82/><G82/><T29/><D29/><U18/><E125/><V124/><F124/><W13/><AGARI ba="2,2" hai="13,14,16,22,26,56,61,66" m="38474,41546" machi="13" ten="30,2000,0" yaku="14,1,54,1" doraHai="126" who="3" fromWho="3" sc="240,-7,399,-7,81,-12,260,46" /><INIT seed="3,0,0,5,1,94" ten="233,392,69,306" oya="3" hai0="16,42,57,117,5,82,51,61,44,80,40,99,97" hai1="133,121,2,27,29,115,77,112,60,47,30,68,28" hai2="20,96,71,103,9,84,134,107,48,108,98,76,116" hai3="79,55,114,66,19,43,32,109,8,23,86,87,92"/><W100/><G32/><T1/><D117/><U64/><E121/><V113/><F20/><W25/><G114/><T31/><D1/><U46/><E2/><V91/><F48/><W124/><G124/><T130/><D130/><U135/><E77/><V0/><F9/><W50/><G109/><T11/><D5/><U69/><E27/><V123/><F71/><W125/><G125/><T111/><D31/><U65/><E29/><V39/><F39/><W17/><G43/><T129/><D40/><U70/><E70/><V95/><F0/><W74/><G74/><T106/><D129/><U38/><E60/><V36/><F36/><AGARI ba="0,0" hai="28,30,36,38,46,47,64,65,68,69,112,115,133,135" machi="36" ten="25,1600,0" yaku="22,2" doraHai="94" who="1" fromWho="2" sc="233,0,392,16,69,-16,306,0" owari="233,-16.7,408,50.8,53,-44.7,306,10.6" /></mjloggm>