<mjloggm ver="2.3"><GO type="225" lobby="0"/><UN n0="%72%65%6E%6B%75%6E" n1="%E3%81%82%E3%81%99%E3%81%AB%E3%82%83%E3%82%80" n2="%E3%82%AD%E3%83%AA%E3%83%B3%E3%82%AD%E3%83%AA%E3%83%B3" n3="%6D%75%75%6D%75%72%61" dan="17,16,16,16" rate="2324.30,2065.12,2062.98,2185.83" sx="M,F,M,F"/><TAIKYOKU oya="0"/><INIT seed="0,0,0,1,3,86" ten="250,250,250,250" oya="0" hai0="30,114,34,71,61,98,88,87,113,110,53,126,52" hai1="2,112,29,101,5,22,3,35,26,48,74,7,63" hai2="27,116,93,77,8,45,91,6,104,59,57,46,24" hai3="21,19,60,10,75,17,16,36,106,58,95,62,76"/><T115/><D126/><U100/><E74/><V4/><F116/><W51/><G106/><T54/><D110/><U125/><E63/><V28/><F104/><W103/><G36/><T78/><D98/><U47/><E125/><V124/><F124/><W66/><G75/><T37/><D37/><U11/><E112/><V121/><F121/><W82/><G10/><T80/><D34/><U15/><E5/><N who="2" m="2155" /><F77/><W70/><G51/><T119/><D30/><U111/><E111/><V38/><F38/><W83/><G21/><T81/><D119/><U89/><E2/><V18/><F28/><W92/><G103/><T13/><D13/><U14/><E14/><V90/><F8/><W49/><G49/><T131/><D131/><U9/><E9/><V68/><F68/><W43/><G43/><T40/><D40/><U102/><E35/><V12/><F93/><W84/><REACH who="3" step="1"/><G82/><REACH who="3" ten="250,250,250,240" step="2"/><T39/><D39/><U130/><E3/><V99/><F45/><W132/><G132/><T20/><D20/><U42/><E130/><V94/><F46/><W64/><AGARI ba="0,1" hai="16,17,19,58,60,62,64,66,70,76,83,84,92,95" machi="64" ten="30,4000,0" yaku="1,1,0,1,54,1,53,0" doraHai="86" doraHaiUra="123" who="3" fromWho="3" sc="250,-20,250,-10,250,-10,240,50" /><INIT seed="1,0,0,4,4,70" ten="230,240,240,290" oya="1" hai0="125,63,13,55,128,81,72,88,8,56,113,19,129" hai1="130,12,24,52,0,10,26,94,57,20,109,40,97" hai2="41,22,23,16,106,103,53,92,27,93,71,104,134" hai3="73,84,7,87,107,31,82,36,3,116,95,117,105"/><U74/><E74/><V98/><F71/><W126/><G31/><T49/><D113/><U90/><E0/><V4/><F134/><W9/><G126/><T119/><D119/><N who="3" m="45641" /><G36/><T51/><D125/><U65/><E130/><N who="0" m="50281" /><D72/><U122/><E122/><V76/><F76/><N who="3" m="44303" /><G95/><T59/><D56/><U118/><E118/><V64/><F64/><W133/><G133/><T66/><D66/><U39/><E65/><V135/><F135/><W48/><G48/><T108/><D108/><U46/><E20/><V131/><F131/><W5/><G5/><T25/><D25/><U18/><REACH who="1" step="1"/><E109/><REACH who="1" ten="230,230,240,290" step="2"/><V115/><F115/><W15/><G3/><T91/><D91/><U85/><E85/><AGARI ba="0,1" hai="7,9,15,84,85,87,105,107" m="44303,45641" machi="85" ten="30,1000,0" yaku="12,1" doraHai="70" who="3" fromWho="1" sc="230,0,230,-10,240,0,290,20" /><AGARI ba="0,0" hai="8,13,19,49,51,55,59,63,81,85,88" m="50281" machi="85" ten="30,2000,0" yaku="19,1,54,1" doraHai="70" who="0" fromWho="1" sc="230,20,220,-20,240,0,310,0" /><INIT seed="2,0,0,1,1,72" ten="250,200,240,310" oya="2" hai0="47,7,39,58,127,80,117,16,100,104,128,57,53" hai1="44,49,95,109,102,81,129,35,89,77,52,135,11" hai2="65,119,37,123,99,86,5,134,112,82,116,0,70" hai3="66,62,130,97,78,88,10,68,96,111,85,118,71"/><V40/><F123/><W6/><G118/><T59/><D117/><U9/><E35/><V105/><F134/><W87/><G111/><T55/><D127/><U75/><E109/><V106/><F112/><W50/><G130/><T120/><D120/><U124/><E129/><V28/><F28/><W131/><G71/><T21/><D7/><U2/><E124/><V108/><F108/><W91/><G50/><N who="0" m="28895" /><D104/><U56/><E135/><V121/><F121/><W92/><G131/><T38/><D38/><U54/><E102/><V126/><F126/><W61/><G61/><N who="0" m="36031" /><D39/><U29/><E29/><V103/><F106/><W15/><REACH who="3" step="1"/><G78/><REACH who="3" ten="250,200,240,300" step="2"/><T1/><D128/><U133/><E133/><V27/><F116/><W31/><G31/><T63/><D63/><U45/><E2/><V25/><F119/><W114/><G114/><T107/><D1/><U67/><E67/><V76/><F0/><W17/><G17/><T24/><D107/><U43/><E44/><V33/><F5/><W30/><G30/><T48/><D48/><U73/><E54/><V20/><F65/><W98/><G98/><T46/><D46/><U19/><E19/><V115/><F70/><W13/><G13/><T122/><D122/><U101/><E45/><V12/><F115/><W94/><AGARI ba="0,1" hai="6,10,15,62,66,68,85,87,88,91,92,94,96,97" machi="94" ten="20,8000,1" yaku="1,1,0,1,7,1,9,1,54,1,53,0" doraHai="72" doraHaiUra="41" who="3" fromWho="3" sc="250,-20,200,-20,240,-40,300,90" /><INIT seed="3,0,0,4,5,71" ten="230,180,200,390" oya="3" hai0="133,103,135,32,55,36,89,3,15,50,56,29,46" hai1="107,14,82,18,69,81,109,39,30,108,126,24,93" hai2="47,44,72,6,11,95,40,84,27,17,115,117,116" hai3="125,76,52,23,5,86,129,63,19,119,73,90,118"/><W91/><G5/><T42/><D3/><U92/><E107/><V104/><F115/><W1/><G91/><T131/><D131/><U7/><E69/><V120/><F120/><W68/><G125/><T123/><D123/><U16/><E126/><V128/><F128/><W85/><G52/><T25/><D103/><U10/><E39/><V59/><F104/><W121/><G86/><T79/><D79/><U78/><E92/><V87/><F72/><W2/><G63/><T97/><D15/><U74/><E93/><V114/><F114/><W28/><G28/><T61/><D89/><U112/><E82/><V66/><F66/><W105/><G119/><T60/><D97/><U34/><REACH who="1" step="1"/><E112/><REACH who="1" ten="230,170,200,390" step="2"/><V94/><F117/><W53/><G118/><T130/><D130/><U45/><E45/><V67/><F116/><W127/><G105/><T37/><D36/><U0/><E0/><V33/><F44/><W88/><G1/><T134/><AGARI ba="0,1" hai="25,29,32,37,42,46,50,55,56,60,61,133,134,135" machi="134" ten="30,4000,0" yaku="0,1,20,1,52,1" doraHai="71" who="0" fromWho="0" sc="230,50,170,-10,200,-10,390,-20" owari="280,8.0,160,-34.0,190,-21.0,370,47.0" /></mjloggm>