<mjloggm ver="2.3"><GO type="225" lobby="0"/><UN n0="%E6%98%93%E5%88%A9%E8%96%A9%E4%BC%AF" n1="%E5%8F%AF%E5%85%90%E9%82%A3%E7%94%B1%E5%A4%9A" n2="%E7%99%BD%E6%97%A5%E9%9B%AA%E8%8F%9C" n3="%6D%75%75%6D%75%72%61" dan="16,17,16,17" rate="2064.96,2204.49,2142.81,2200.77" sx="F,F,M,F"/><TAIKYOKU oya="0"/><INIT seed="0,0,0,5,4,97" ten="250,250,250,250" oya="0" hai0="106,54,41,59,104,105,29,64,116,62,74,107,111" hai1="25,7,66,63,19,16,4,135,55,132,120,42,17" hai2="103,112,129,6,48,90,128,99,72,39,101,94,121" hai3="117,65,110,61,70,109,125,21,77,115,3,118,96"/><T22/><D116/><U78/><E120/><V93/><F39/><W20/><G3/><T91/><D74/><U133/><E42/><V79/><F121/><W108/><G115/><T12/><D111/><U44/><E78/><V100/><F112/><W52/><G125/><T45/><N who="0" m="26624" /><DORA hai="82" /><T2/><D2/><U28/><E44/><V58/><F6/><W88/><G77/><T119/><D119/><N who="3" m="45577" /><G52/><T51/><D91/><U0/><E55/><N who="2" m="32103" /><F79/><W37/><G37/><T47/><D12/><U40/><E40/><V57/><F57/><W89/><G89/><T36/><REACH who="0" step="1"/><D22/><REACH who="0" ten="240,250,250,250" step="2"/><U130/><E0/><V49/><F72/><W35/><G35/><T31/><AGARI ba="0,1" hai="29,31,36,41,45,47,51,54,59,62,64" m="26624" machi="31" ten="60,11700,0" yaku="1,1,2,1,0,1,53,0" doraHai="97,82" doraHaiUra="131,123" who="0" fromWho="0" sc="240,127,250,-39,250,-39,250,-39" /><INIT seed="0,1,0,4,2,135" ten="367,211,211,211" oya="0" hai0="89,119,82,109,101,1,37,47,54,36,43,115,102" hai1="60,32,79,95,8,13,125,86,53,44,71,73,3" hai2="19,27,38,110,76,122,105,17,74,34,121,117,26" hai3="75,40,132,50,39,28,61,88,46,87,113,131,133"/><T114/><D119/><U62/><E32/><V21/><F105/><W108/><G75/><T30/><D1/><U57/><E3/><V116/><F38/><W20/><G113/><T25/><D109/><U97/><E73/><V24/><F76/><W126/><G108/><T103/><D37/><U118/><E118/><N who="2" m="45675" /><F74/><W96/><G131/><T100/><N who="0" m="25600" /><DORA hai="55" /><T9/><D9/><U59/><E71/><V78/><F78/><W69/><G126/><T91/><D54/><N who="1" m="33847" /><E125/><V94/><F110/><W134/><G39/><T22/><REACH who="0" step="1"/><D82/><REACH who="0" ten="357,211,211,211" step="2"/><N who="1" m="47455" /><E95/><V63/><F94/><N who="3" m="54559" /><G96/><T124/><D124/><U11/><E97/><V107/><F107/><W90/><G90/><AGARI ba="1,1" hai="22,25,30,36,43,47,89,90,91,114,115" m="25600" machi="90" ten="50,2400,0" yaku="1,1,53,0" doraHai="135,55" doraHaiUra="7,33" who="0" fromWho="3" sc="357,37,211,0,211,0,211,-27" /><INIT seed="0,2,0,5,4,7" ten="394,211,211,184" oya="0" hai0="6,16,52,131,128,121,29,49,129,90,64,21,75" hai1="28,91,53,120,13,87,15,30,44,68,37,101,33" hai2="102,23,130,67,73,109,94,50,89,43,63,45,41" hai3="123,1,19,65,36,135,10,115,99,108,82,11,119"/><T116/><D116/><U12/><E120/><V105/><F73/><W100/><G119/><T103/><D121/><U81/><E68/><V58/><F109/><W72/><G123/><T113/><D113/><U106/><E33/><V22/><F130/><W133/><G115/><T122/><D75/><U77/><E106/><V56/><F105/><N who="3" m="63647" /><G1/><T78/><D78/><U39/><E101/><V25/><F102/><W83/><G108/><T61/><D103/><U48/><REACH who="1" step="1"/><E77/><REACH who="1" ten="394,201,211,184" step="2"/><V76/><F76/><W74/><G74/><T124/><D122/><U34/><E34/><V95/><F89/><W93/><G72/><T92/><D128/><U51/><E51/><V42/><F58/><W46/><G36/><AGARI ba="2,1" hai="12,13,15,28,30,36,37,39,44,48,53,81,87,91" machi="36" ten="40,2600,0" yaku="1,1,53,1" doraHai="7" doraHaiUra="84" who="1" fromWho="3" sc="394,0,201,42,211,0,184,-32" /><INIT seed="1,0,0,5,0,73" ten="394,243,211,152" oya="1" hai0="49,72,7,122,18,26,107,34,4,85,132,126,13" hai1="104,68,51,74,31,86,110,52,102,15,22,38,114" hai2="28,63,112,6,27,23,50,44,125,93,16,103,135" hai3="98,129,19,5,124,81,12,59,8,14,128,99,87"/><U35/><E114/><V41/><F112/><W48/><G124/><T37/><D72/><U82/><E38/><V109/><F125/><W47/><G59/><T131/><D37/><U91/><E68/><V33/><F109/><W96/><G128/><T2/><D107/><U60/><E110/><V77/><F135/><W89/><G129/><T78/><D2/><U39/><E39/><V121/><F121/><W83/><G83/><N who="0" m="47351" /><D49/><U69/><E74/><V61/><F6/><W71/><G71/><T95/><D95/><U58/><E35/><V80/><F93/><W53/><REACH who="3" step="1"/><G96/><REACH who="3" ten="394,243,211,142" step="2"/><T45/><D131/><U133/><E69/><V130/><F130/><W11/><AGARI ba="0,1" hai="5,8,11,12,14,19,47,48,53,81,87,89,98,99" machi="11" ten="20,12000,2" yaku="1,1,2,1,0,1,7,1,25,2,8,1,53,0" doraHai="73" doraHaiUra="20" who="3" fromWho="3" sc="394,-30,243,-60,211,-30,142,130" /><INIT seed="2,0,0,4,1,59" ten="364,183,181,272" oya="2" hai0="5,118,68,132,60,72,38,47,15,108,8,64,114" hai1="44,43,91,18,20,41,129,81,62,84,95,52,67" hai2="19,78,83,30,101,90,13,48,61,98,58,74,122" hai3="24,51,2,37,32,134,102,106,10,130,88,112,1"/><V26/><F122/><W49/><G37/><T69/><D114/><U115/><E129/><V29/><F90/><W12/><G130/><T79/><D108/><U76/><E115/><V21/><F48/><W82/><G112/><T77/><D132/><U45/><E67/><V27/><F27/><W124/><G124/><T35/><D77/><U103/><E103/><V97/><F101/><W3/><G134/><T57/><D35/><U75/><E44/><V70/><F70/><W123/><G123/><T7/><D7/><U119/><E119/><V107/><F107/><W117/><G117/><T6/><D6/><U55/><E62/><V34/><REACH who="2" step="1"/><F30/><REACH who="2" ten="364,183,171,272" step="2"/><W89/><G89/><T131/><D69/><U40/><REACH who="1" step="1"/><E45/><REACH who="1" ten="364,173,171,272" step="2"/><V66/><AGARI ba="0,2" hai="13,19,21,26,29,34,58,61,66,74,78,83,97,98" machi="66" ten="20,18000,2" yaku="1,1,2,1,0,1,7,1,52,1,53,1" doraHai="59" doraHaiUra="23" who="2" fromWho="2" sc="364,-60,173,-60,171,200,272,-60" /><INIT seed="2,1,0,5,3,129" ten="304,113,371,212" oya="2" hai0="107,105,125,130,66,13,88,54,114,108,59,49,56" hai1="75,48,20,52,8,116,122,7,51,95,85,72,101" hai2="91,41,131,132,104,5,9,70,65,102,1,80,76" hai3="58,92,22,63,126,94,27,89,11,71,67,77,44"/><V124/><F131/><W55/><G126/><T123/><D114/><U50/><E116/><V109/><F124/><W112/><G112/><T2/><D123/><U45/><E122/><V39/><F91/><W38/><G77/><T120/><D2/><U117/><E117/><V100/><F109/><W115/><G115/><T74/><D120/><U103/><E72/><V3/><F3/><W4/><G38/><T98/><D74/><U31/><E75/><N who="2" m="43039" /><F104/><W6/><G44/><T118/><D108/><U47/><E85/><V15/><F15/><W42/><G42/><T28/><D28/><U69/><E69/><V34/><F34/><W17/><G11/><T40/><D40/><U127/><E127/><V46/><F132/><W99/><G92/><T84/><D118/><U93/><E93/><V29/><F29/><W110/><REACH who="3" step="1"/><G110/><REACH who="3" ten="304,113,371,202" step="2"/><T16/><D125/><U64/><E95/><V25/><F39/><W128/><G128/><T86/><D130/><U68/><E8/><V106/><F46/><W62/><AGARI ba="1,1" hai="4,6,17,22,27,55,58,62,63,67,71,89,94,99" machi="62" ten="20,8000,1" yaku="1,1,0,1,7,1,25,2,53,0" doraHai="129" doraHaiUra="32" who="3" fromWho="3" sc="304,-21,113,-21,371,-41,202,93" /><INIT seed="3,0,0,5,1,22" ten="283,92,330,295" oya="3" hai0="62,79,25,57,24,17,21,90,63,56,120,119,87" hai1="128,115,86,45,59,82,33,19,123,70,132,5,64" hai2="96,49,28,129,18,35,93,41,68,121,135,37,54" hai3="85,73,6,4,13,31,43,15,114,92,39,65,9"/><W112/><G73/><T61/><D119/><U75/><E75/><V53/><F68/><W83/><G65/><N who="0" m="39079" /><D120/><U74/><E74/><V8/><F37/><W32/><G92/><N who="0" m="54367" /><D79/><U20/><E20/><V66/><F66/><W124/><G124/><T84/><D84/><U130/><E130/><V113/><F113/><W95/><G95/><T98/><D98/><U103/><E103/><V16/><F129/><W72/><G72/><T125/><D125/><U76/><E76/><V109/><F121/><W51/><G39/><T58/><D57/><U108/><E108/><V48/><F35/><W106/><G106/><T89/><D89/><U23/><E23/><V116/><F116/><W101/><G101/><T105/><D105/><U107/><E107/><V44/><F109/><W99/><G99/><T97/><D97/><U104/><E104/><V3/><F93/><W126/><G126/><T38/><D38/><U69/><E69/><V11/><F96/><W36/><G36/><T88/><D88/><U42/><E42/><V117/><F41/><W67/><G67/><N who="0" m="39383" /><D63/><U12/><E12/><AGARI ba="0,0" hai="12,17,21,24,25" m="39383,54367,39079" machi="12" ten="30,3900,0" yaku="8,1,52,2" doraHai="22" who="0" fromWho="1" sc="283,39,92,-39,330,0,295,0" owari="322,12.2,53,-44.7,330,43.0,295,-10.5" /></mjloggm>