<mjloggm ver="2.3"><GO type="225" lobby="0"/><UN n0="%73%69%72%6F%75%74" n1="%E3%83%AD%E3%83%83%E3%83%86%E9%9B%80%E7%90%83" n2="%E3%81%BE%E3%81%A8%E3%81%9F" n3="%E3%81%A0%E3%81%8A" dan="16,17,16,16" rate="2127.11,2246.07,2160.43,2051.90" sx="M,M,M,M"/><TAIKYOKU oya="0"/><INIT seed="0,0,0,1,0,45" ten="250,250,250,250" oya="0" hai0="24,90,53,134,131,104,42,23,67,75,101,135,71" hai1="122,4,3,133,96,127,105,19,26,66,102,82,31" hai2="70,84,34,69,110,94,111,123,62,40,106,35,119" hai3="55,1,97,74,114,10,2,121,99,18,49,93,64"/><T63/><D75/><U115/><E122/><V100/><F123/><W95/><G114/><T7/><D7/><U92/><E127/><V47/><F119/><W9/><G74/><T128/><D42/><U22/><E133/><N who="0" m="50697" /><D101/><U14/><E115/><V112/><F106/><W91/><G1/><T126/><D104/><U32/><E66/><N who="2" m="41175" /><F70/><W25/><G2/><T17/><D90/><U125/><E82/><V83/><F94/><W44/><G64/><T103/><D103/><U98/><E125/><V0/><F0/><W78/><G78/><T58/><D126/><U30/><E30/><V41/><F41/><W124/><G121/><T61/><AGARI ba="0,0" hai="17,23,24,53,58,61,63,67,71,128,131" m="50697" machi="61" ten="30,1500,0" yaku="20,1" doraHai="45" who="0" fromWho="0" sc="250,15,250,-5,250,-5,250,-5" /><INIT seed="0,1,0,4,0,101" ten="265,245,245,245" oya="0" hai0="54,4,130,77,14,53,50,133,129,67,96,55,24" hai1="17,40,83,63,95,114,80,8,57,58,113,29,15" hai2="7,111,66,74,87,3,76,115,107,109,5,20,68" hai3="45,13,71,64,127,100,117,44,92,42,33,11,36"/><T56/><D77/><U135/><E135/><V34/><F34/><W90/><G127/><T59/><D133/><U28/><E40/><V123/><F123/><W70/><G33/><T47/><D24/><U1/><E1/><V72/><F115/><N who="1" m="44041" /><E95/><V2/><F87/><W38/><G64/><T46/><D4/><N who="2" m="1610" /><F20/><W128/><G128/><N who="0" m="49259" /><D14/><U30/><E58/><N who="0" m="22057" /><D96/><U65/><AGARI ba="1,0" hai="8,15,17,28,29,30,57,63,65,80,83" m="44041" machi="65" ten="30,1100,0" yaku="11,1" doraHai="101" who="1" fromWho="1" sc="265,-6,245,14,245,-4,245,-4" /><INIT seed="1,0,0,4,0,77" ten="259,259,241,241" oya="1" hai0="38,134,2,65,97,94,58,35,11,107,98,46,30" hai1="36,133,8,87,6,67,129,57,54,73,117,17,113" hai2="18,99,13,10,83,79,59,88,96,126,49,25,125" hai3="52,108,116,122,19,3,74,48,61,50,127,62,106"/><U7/><E73/><V64/><F25/><W47/><G106/><T109/><D109/><U72/><E72/><V78/><F78/><W115/><G115/><T14/><D2/><U41/><E117/><V68/><F68/><W23/><G122/><T20/><D134/><U114/><E129/><V53/><F64/><W31/><G127/><N who="2" m="48649" /><F79/><W33/><G3/><T32/><D107/><U63/><E133/><V69/><F69/><W131/><G74/><T82/><D65/><U15/><E67/><V28/><F28/><W75/><G75/><T9/><D58/><U37/><E87/><AGARI ba="0,0" hai="10,13,18,49,53,59,83,87,88,96,99" m="48649" machi="87" ten="30,3900,0" yaku="18,1,52,1,54,1" doraHai="77" who="2" fromWho="1" sc="259,0,259,-39,241,39,241,0" /><INIT seed="2,0,0,5,4,20" ten="259,220,280,241" oya="2" hai0="134,56,110,54,86,81,109,17,87,55,48,41,7" hai1="21,128,24,39,15,135,12,95,117,5,63,69,50" hai2="93,74,130,11,112,14,76,46,67,1,4,0,103" hai3="123,119,77,72,65,71,125,25,62,90,8,114,108"/><V28/><F112/><W88/><G119/><T26/><D7/><U73/><E39/><V111/><F67/><W85/><G123/><T3/><D3/><U23/><E73/><V122/><F122/><W47/><G108/><N who="0" m="41579" /><D134/><U52/><E117/><V96/><F130/><W129/><G125/><T89/><D41/><U80/><E128/><V6/><F6/><W101/><G114/><T66/><D86/><U118/><E118/><V61/><F61/><W45/><G101/><T58/><D66/><U70/><E135/><V51/><F28/><W100/><G100/><T36/><D36/><U27/><E95/><V132/><F132/><W107/><G107/><T53/><D48/><U43/><E80/><V127/><F127/><W120/><G120/><T10/><D10/><N who="1" m="4175" /><E70/><V16/><F0/><W29/><G129/><T30/><D17/><N who="1" m="10431" /><E69/><V97/><F74/><W99/><G72/><T105/><D105/><U35/><E35/><AGARI ba="0,0" hai="26,30,35,53,54,55,56,58,81,87,89" m="41579" machi="35" ten="30,2000,0" yaku="14,1,52,1" doraHai="20" who="0" fromWho="1" sc="259,20,220,-20,280,0,241,0" /><INIT seed="3,0,0,5,2,28" ten="279,200,280,241" oya="3" hai0="99,3,34,95,30,22,134,123,76,129,116,24,62" hai1="10,0,39,64,61,66,1,60,68,41,93,90,12" hai2="27,127,98,15,79,135,11,124,40,122,65,118,119" hai3="108,53,16,73,47,5,87,71,100,19,42,78,105"/><W59/><G71/><T32/><D116/><N who="2" m="44586" /><F79/><W36/><G108/><T83/><D123/><U17/><E39/><V81/><F122/><W31/><G73/><T6/><D134/><U77/><E41/><V58/><F81/><W33/><G5/><T86/><D129/><U117/><E77/><V56/><F40/><W94/><G105/><T49/><D6/><U13/><E117/><V113/><F113/><W82/><G94/><T43/><D3/><U9/><E90/><V131/><F135/><W132/><G100/><T101/><D62/><U112/><E93/><V44/><F44/><W126/><G126/><T38/><D38/><U18/><REACH who="1" step="1"/><E112/><REACH who="1" ten="279,190,280,241" step="2"/><V115/><F115/><W23/><G78/><T55/><D43/><U130/><E130/><V67/><F131/><W8/><G36/><T63/><D63/><U2/><E2/><V97/><F124/><W102/><G42/><T14/><D76/><U103/><E103/><V111/><F127/><W50/><G102/><T29/><D101/><U4/><E4/><V20/><F111/><W109/><G109/><T106/><D106/><U133/><E133/><V37/><F37/><W57/><G132/><T48/><D95/><U35/><E35/><V88/><F88/><W121/><G33/><T84/><D34/><U26/><E26/><V125/><F27/><N who="3" m="16895" /><G121/><T120/><D120/><U45/><E45/><V104/><F125/><W72/><G47/><T96/><D32/><U89/><E89/><V52/><F104/><W80/><G80/><T74/><D83/><U91/><E91/><V110/><F110/><W46/><G82/><RYUUKYOKU ba="0,1" sc="279,-10,190,30,280,-10,241,-10" hai1="0,1,9,10,12,13,17,18,60,61,64,66,68" /><INIT seed="4,1,1,0,1,34" ten="269,220,270,231" oya="0" hai0="92,21,40,56,52,97,63,35,51,70,86,104,20" hai1="77,105,79,76,41,96,99,33,1,58,0,118,18" hai2="131,103,108,120,90,60,83,126,114,133,88,57,135" hai3="87,31,22,49,107,45,28,129,6,30,2,12,46"/><T15/><D35/><U5/><E33/><V37/><F120/><W81/><G107/><T4/><D104/><U62/><E118/><V9/><F114/><W66/><G129/><T110/><D110/><U13/><E41/><V82/><F108/><W64/><G2/><T89/><D70/><U85/><E85/><V127/><F37/><W17/><G6/><T112/><D112/><U106/><E106/><V128/><F9/><W93/><G93/><T75/><D75/><U38/><E38/><V24/><F24/><W124/><G124/><N who="2" m="47657" /><F103/><W59/><G59/><T44/><D86/><U36/><E36/><V71/><F71/><W84/><G84/><T27/><D27/><U130/><E130/><N who="2" m="49707" /><F88/><N who="3" m="51311" /><G45/><T121/><D121/><U94/><E105/><V43/><F90/><W11/><G11/><AGARI ba="1,1" hai="4,11,15,20,21,40,44,51,52,56,63,89,92,97" machi="11" ten="40,3900,0" yaku="8,1,54,1" doraHai="34" who="0" fromWho="3" sc="269,52,220,0,270,0,231,-42" owari="321,42.1,220,-18.0,270,7.0,189,-31.1" /></mjloggm>