<mjloggm ver="2.3"><GO type="225" lobby="0"/><UN n0="%E9%BB%92%E9%89%84%E7%8F%A0%E9%9B%AB" n1="%E3%81%B5%E3%81%98%E3%81%8B%E3%81%A4" n2="%E3%81%8C%E3%81%9F" n3="%48%61%61%61%6C%61%6E%64" dan="16,16,17,18" rate="2199.14,2195.69,2138.24,2312.36" sx="M,M,M,M"/><TAIKYOKU oya="0"/><INIT seed="0,0,0,5,1,23" ten="250,250,250,250" oya="0" hai0="101,97,73,53,16,39,64,60,108,4,34,76,20" hai1="94,82,5,102,110,127,29,37,85,126,10,33,63" hai2="132,58,72,51,99,52,22,96,45,93,92,112,54" hai3="38,87,84,80,103,75,46,18,128,35,49,56,115"/><T41/><D34/><U50/><E37/><V109/><F112/><W95/><G115/><T44/><D4/><U105/><E105/><V122/><F122/><W119/><G119/><T7/><D7/><U67/><E110/><V78/><F109/><W91/><G128/><T8/><D8/><U59/><E50/><V117/><F117/><W55/><G35/><T43/><D108/><U31/><E94/><N who="2" m="36459" /><F72/><W2/><G2/><T61/><D73/><U70/><E102/><V120/><F78/><W123/><G123/><T114/><D76/><U3/><E70/><V90/><F120/><W47/><G75/><T125/><D125/><N who="1" m="47627" /><E33/><V17/><F90/><AGARI ba="0,0" hai="3,5,10,29,31,59,63,67,82,85,90" m="47627" machi="90" ten="30,1000,0" yaku="18,1" doraHai="23" who="1" fromWho="2" sc="250,0,250,10,250,-10,250,0" /><INIT seed="1,0,0,2,3,13" ten="250,260,240,250" oya="1" hai0="74,5,118,116,95,3,127,17,48,101,46,6,110" hai1="134,62,53,7,68,40,34,26,88,125,97,8,44" hai2="131,78,56,83,107,21,23,63,9,54,65,52,98" hai3="22,41,28,4,14,73,76,82,102,31,91,43,18"/><U20/><E125/><V58/><F131/><W55/><G102/><T100/><D74/><U112/><E134/><V133/><F133/><W79/><G4/><T47/><D127/><U108/><E112/><V2/><F107/><W72/><G91/><T130/><D130/><U59/><E34/><V25/><F98/><W86/><G55/><T120/><D110/><U93/><E108/><V114/><F114/><W128/><G128/><T24/><D3/><U81/><E81/><V103/><F103/><W71/><G71/><T10/><D120/><U121/><E121/><V57/><F23/><W77/><G73/><T109/><D109/><U75/><E75/><V50/><F9/><W66/><G66/><T106/><D106/><U35/><E35/><V61/><F2/><W123/><G123/><T87/><D47/><U104/><E104/><V16/><F83/><W105/><G105/><T113/><D113/><U67/><E7/><N who="0" m="2569" /><D118/><U49/><E8/><V60/><F78/><N who="3" m="30315" /><G72/><T0/><D0/><U1/><E1/><V119/><REACH who="2" step="1"/><F61/><REACH who="2" ten="250,260,230,250" step="2"/><W132/><G132/><T115/><D115/><U84/><E97/><V126/><F126/><W117/><G117/><AGARI ba="0,1" hai="16,21,25,50,52,54,56,57,58,60,63,65,117,119" machi="117" ten="40,8000,1" yaku="1,1,52,1,54,2,53,0" doraHai="13" doraHaiUra="135" who="2" fromWho="3" sc="250,0,260,0,230,90,250,-80" /><INIT seed="2,0,0,4,5,132" ten="250,260,320,170" oya="2" hai0="10,120,17,90,126,80,23,122,125,84,32,76,36" hai1="21,8,112,13,93,41,119,34,77,62,118,46,50" hai2="117,55,19,12,58,106,7,71,2,79,48,14,47" hai3="53,102,113,57,107,105,103,4,54,94,35,1,45"/><V109/><F117/><W104/><G35/><T86/><D32/><U42/><E112/><V108/><F71/><W78/><G113/><T95/><D10/><U61/><E34/><V31/><F106/><W52/><G78/><T59/><D36/><U116/><E77/><V9/><F31/><W121/><G121/><T44/><D44/><U124/><E41/><V30/><F30/><W85/><G57/><T69/><D69/><U33/><E33/><V37/><F79/><W28/><G28/><T20/><D59/><U127/><E21/><V74/><F74/><W129/><G129/><T99/><D23/><U123/><E93/><V22/><F2/><W97/><G85/><T70/><D70/><U133/><E133/><V51/><REACH who="2" step="1"/><F37/><REACH who="2" ten="250,260,310,170" step="2"/><W101/><REACH who="3" step="1"/><G45/><REACH who="3" ten="250,260,310,160" step="2"/><T131/><D131/><U115/><E115/><V27/><F27/><W43/><G43/><AGARI ba="0,2" hai="7,9,12,14,19,22,43,47,48,51,55,58,108,109" machi="43" ten="40,2000,0" yaku="1,1,53,0" doraHai="132" doraHaiUra="75" who="2" fromWho="3" sc="250,0,260,0,310,40,160,-20" /><INIT seed="2,1,0,2,0,54" ten="250,260,350,140" oya="2" hai0="70,21,92,23,13,76,62,118,43,120,130,55,86" hai1="34,52,26,126,132,95,28,93,60,79,82,15,11" hai2="84,77,88,80,9,129,90,100,6,35,66,49,87" hai3="116,85,12,58,104,107,78,108,111,1,45,4,109"/><V14/><F35/><W44/><G1/><T75/><D120/><U7/><E126/><V41/><F129/><W37/><G116/><T124/><D124/><U121/><E132/><V72/><F100/><W135/><G135/><T83/><D130/><U63/><E121/><V125/><F125/><W113/><G113/><T19/><D118/><U27/><E27/><V102/><F102/><W47/><G37/><T112/><D112/><U97/><E52/><V94/><F66/><W48/><G78/><T98/><D43/><U20/><E34/><V22/><F22/><W69/><G85/><T46/><D70/><U119/><E119/><V10/><F10/><N who="3" m="4167" /><G69/><T91/><D23/><U101/><REACH who="1" step="1"/><E95/><REACH who="1" ten="250,250,350,140" step="2"/><V123/><F123/><W36/><G36/><T81/><D46/><U96/><E96/><V128/><F128/><W110/><N who="3" m="27648" /><DORA hai="33" /><W106/><G48/><T18/><D55/><U103/><E103/><V59/><F41/><W5/><G5/><T61/><REACH who="0" step="1"/><D19/><REACH who="0" ten="240,250,350,140" step="2"/><U24/><E24/><V71/><F71/><W38/><G38/><T56/><D56/><AGARI ba="1,2" hai="44,45,47,56,58,104,106,107" m="27648,4167" machi="56" ten="70,8000,1" yaku="29,2,14,1,52,2" doraHai="54,33" who="3" fromWho="0" sc="240,-83,250,0,350,0,140,103" /><INIT seed="3,0,0,1,4,32" ten="157,250,350,243" oya="3" hai0="119,47,132,9,66,100,80,48,45,8,99,77,89" hai1="63,29,91,60,26,4,105,135,2,28,115,133,134" hai2="23,13,33,95,68,126,52,44,58,73,116,127,97" hai3="25,17,18,122,114,62,12,14,1,107,53,113,0"/><W83/><G107/><T87/><D132/><U128/><E128/><V42/><F116/><W64/><G122/><T92/><D119/><U16/><E115/><V31/><F68/><W35/><G53/><T22/><D66/><U88/><E105/><V74/><F33/><W96/><G96/><T82/><D22/><N who="1" m="13639" /><E60/><N who="2" m="35911" /><F31/><N who="1" m="11849" /><E63/><V72/><F23/><N who="3" m="11687" /><G83/><T65/><D65/><U37/><E37/><N who="2" m="21583" /><F13/><W27/><G62/><T21/><D21/><U104/><E104/><V70/><F70/><W49/><G49/><T75/><D47/><U98/><E98/><V19/><F19/><W5/><G64/><T125/><D125/><N who="2" m="47626" /><F73/><W118/><G118/><T102/><D102/><AGARI ba="0,0" hai="72,74,95,97,102" m="47626,21583,35911" machi="102" ten="30,2000,0" yaku="18,1,54,1" doraHai="32" who="2" fromWho="0" sc="157,-20,250,0,350,20,243,0" owari="137,-36.3,250,5.0,370,47.0,243,-15.7" /></mjloggm>