<mjloggm ver="2.3"><GO type="225" lobby="0"/><UN n0="%E5%8F%AF%E5%85%90%E9%82%A3%E7%94%B1%E5%A4%9A" n1="%E7%99%BD%E6%97%A5%E9%9B%AA%E8%8F%9C" n2="%E3%82%A2%E3%82%A4%E3%82%B9%E3%83%86%E3%82%A3%E3%83%BC%E3%81%82%E3%81%B9" n3="%E5%84%AA%40%41%42%43" dan="17,16,16,17" rate="2190.89,2162.82,2103.02,2187.98" sx="F,M,M,M"/><TAIKYOKU oya="0"/><INIT seed="0,0,0,3,1,44" ten="250,250,250,250" oya="0" hai0="47,11,38,15,43,89,36,5,79,135,0,100,26" hai1="123,84,114,69,73,131,41,115,113,25,40,127,83" hai2="92,32,101,104,8,112,16,132,21,107,120,49,124" hai3="126,12,110,71,22,82,19,118,111,133,48,128,108"/><T134/><D100/><U130/><E123/><V45/><F32/><W9/><G118/><T55/><D38/><U27/><E69/><V54/><F120/><W78/><G71/><T68/><D68/><U91/><E73/><V98/><F112/><W42/><G126/><T88/><D26/><U106/><E106/><V53/><F124/><W94/><G128/><N who="1" m="49194" /><E127/><V51/><F8/><W67/><G67/><T14/><D79/><U77/><E77/><V70/><F70/><W28/><G94/><T105/><D105/><U18/><E18/><V99/><F98/><W74/><G133/><N who="0" m="50699" /><D55/><U125/><E125/><V17/><F17/><W93/><G93/><T76/><D76/><U10/><E10/><V81/><F81/><W13/><G28/><T97/><D97/><U20/><E20/><V63/><F63/><W86/><G74/><T30/><D30/><U122/><E122/><V72/><F72/><W96/><G96/><T46/><D46/><U3/><E3/><V66/><F66/><W34/><G34/><T1/><D1/><U75/><E75/><V58/><F132/><W50/><G42/><AGARI ba="0,0" hai="25,27,40,41,42,83,84,91,113,114,115" m="49194" machi="42" ten="40,2600,0" yaku="11,1,19,1" doraHai="44" who="1" fromWho="3" sc="250,0,250,26,250,0,250,-26" /><INIT seed="1,0,0,3,5,38" ten="250,276,250,224" oya="1" hai0="17,117,99,124,49,13,30,107,127,85,105,130,22" hai1="77,29,115,135,7,25,64,31,75,2,60,116,111" hai2="96,84,131,36,121,12,5,74,34,14,61,23,83" hai3="51,94,18,42,40,102,108,16,55,39,128,103,48"/><U134/><E115/><V45/><F121/><W62/><G39/><T54/><D117/><U82/><E116/><V86/><F34/><W50/><G108/><T19/><D130/><U66/><E111/><V24/><F131/><W58/><G128/><T26/><D85/><U132/><E60/><V57/><F96/><N who="3" m="59671" /><G103/><T87/><D87/><U20/><REACH who="1" step="1"/><E29/><REACH who="1" ten="250,266,250,224" step="2"/><V8/><F61/><W76/><G76/><T93/><D127/><U71/><E71/><V106/><F83/><W80/><G80/><T92/><D124/><U120/><E120/><V118/><F118/><W122/><G122/><T125/><D125/><U21/><E21/><V32/><F23/><W109/><G109/><T110/><D110/><U0/><E0/><V28/><F32/><W104/><G104/><T119/><D119/><U59/><E59/><V129/><F57/><W81/><G81/><T89/><D93/><U63/><E63/><V47/><F106/><W72/><G72/><T113/><D113/><U73/><E73/><V70/><F74/><W9/><G9/><AGARI ba="0,1" hai="2,7,9,20,25,31,64,66,75,77,82,132,134,135" machi="9" ten="40,7700,0" yaku="1,1,20,1,53,1" doraHai="38" doraHaiUra="1" who="1" fromWho="3" sc="250,0,266,87,250,0,224,-77" /><INIT seed="1,1,0,5,2,30" ten="250,353,250,147" oya="1" hai0="3,91,11,13,132,6,102,37,5,52,26,63,28" hai1="93,99,74,53,76,115,134,120,19,114,117,119,35" hai2="15,67,40,42,124,33,96,17,9,48,80,23,2" hai3="126,65,62,39,14,44,116,112,84,29,0,16,36"/><U60/><E120/><V95/><F124/><W31/><G112/><T56/><D132/><U71/><E134/><V51/><F67/><W57/><G0/><T69/><D37/><U109/><E76/><V21/><F33/><W104/><G104/><T73/><D73/><U133/><E74/><V122/><F122/><W121/><G121/><T106/><D69/><U25/><E133/><V72/><F72/><W77/><G126/><T103/><D106/><U83/><E83/><V59/><F80/><W46/><G36/><T75/><D75/><U108/><E114/><V78/><F78/><W32/><G39/><T92/><D5/><U89/><E115/><V68/><F68/><W81/><G116/><T8/><D8/><U24/><E24/><V45/><F2/><W131/><G131/><T107/><D3/><U86/><E86/><V135/><F135/><W58/><G58/><T87/><REACH who="0" step="1"/><D107/><REACH who="0" ten="240,353,250,147" step="2"/><U55/><E71/><V105/><F105/><W50/><G32/><AGARI ba="1,1" hai="6,11,13,26,28,32,52,56,63,87,91,92,102,103" machi="32" ten="30,12000,2" yaku="1,1,2,1,7,1,52,1,54,1,53,1" doraHai="30" doraHaiUra="88" who="0" fromWho="3" sc="240,133,353,0,250,0,147,-123" /><INIT seed="2,0,0,4,1,15" ten="373,353,250,24" oya="2" hai0="7,125,42,47,23,55,115,65,13,117,87,39,19" hai1="94,129,109,71,135,8,29,1,24,133,90,110,128" hai2="59,93,50,18,86,101,27,17,41,68,45,72,107" hai3="63,2,83,12,3,80,114,130,88,85,82,132,51"/><V118/><F68/><W77/><G130/><N who="1" m="50282" /><E71/><V78/><F118/><W79/><G132/><N who="1" m="50762" /><E90/><V57/><F107/><W100/><G114/><T58/><D115/><U127/><E94/><V131/><F72/><W38/><G38/><T95/><D117/><U97/><E97/><N who="2" m="59567" /><F131/><W75/><G100/><T116/><D116/><U49/><E49/><N who="2" m="26799" /><F27/><W120/><G120/><T108/><D108/><U124/><E1/><V33/><F33/><W89/><G89/><T84/><D65/><U46/><E46/><V35/><F35/><W105/><G105/><T43/><D43/><U70/><E70/><V76/><F76/><W48/><G63/><T134/><D134/><U112/><E112/><V119/><F119/><W22/><G2/><T106/><D106/><U36/><E36/><V92/><F92/><W81/><G3/><T66/><D66/><U56/><E56/><N who="2" m="21579" /><F50/><N who="3" m="18987" /><G75/><T113/><D113/><U111/><E8/><V28/><F28/><W20/><G20/><AGARI ba="0,0" hai="20,24,29,109,110,111,124,127" m="50762,50282" machi="20" ten="40,12000,2" yaku="30,2,14,1,19,1,20,1,34,2" doraHai="15" who="1" fromWho="3" sc="373,0,353,120,250,0,24,-120" owari="373,17.3,473,57.3,250,-15.0,-96,-59.6" /></mjloggm>