<mjloggm ver="2.3"><GO type="225" lobby="0"/><UN n0="%E5%B8%86%E7%AB%8B%E5%A4%8F%E8%A1%A3" n1="%E3%81%A8%E3%82%93%E3%81%A8%E3%81%93%E3%81%A8%E3%82%93" n2="%72%69%6F%75%63%68%61%6E" n3="%41%6C%74%61%72%69%61" dan="16,16,16,16" rate="2119.64,2143.54,2113.09,2021.48" sx="M,F,M,F"/><TAIKYOKU oya="0"/><INIT seed="0,0,0,2,5,45" ten="250,250,250,250" oya="0" hai0="87,95,13,16,15,0,56,33,80,90,31,49,22" hai1="37,60,63,2,127,117,99,10,128,130,124,109,14" hai2="107,42,125,36,120,57,111,135,98,108,70,69,91" hai3="47,28,55,97,89,6,17,121,106,86,84,77,52"/><T3/><D15/><U114/><E117/><V64/><F120/><W71/><G121/><T73/><D33/><U94/><E37/><V23/><F125/><N who="1" m="48201" /><E2/><V58/><F135/><W72/><G71/><T126/><D31/><U74/><E74/><V59/><F23/><W96/><G72/><T65/><D126/><U1/><E1/><V110/><F64/><W102/><G6/><T20/><D20/><U21/><E21/><V119/><F119/><W61/><G28/><T54/><D65/><U81/><E81/><V75/><F75/><W132/><G17/><T118/><D118/><U82/><E82/><V78/><F78/><AGARI ba="0,0" hai="0,3,13,16,22,49,54,56,73,78,80,87,90,95" machi="78" ten="40,12000,1" yaku="25,2,52,1,54,1" doraHai="45" who="0" fromWho="2" sc="250,120,250,0,250,-120,250,0" /><INIT seed="0,1,0,5,1,7" ten="370,250,130,250" oya="0" hai0="118,88,128,61,131,111,74,77,104,114,58,91,134" hai1="102,63,73,41,65,129,32,4,37,106,42,112,23" hai2="40,126,132,13,3,28,75,107,49,99,66,26,44" hai3="109,35,54,120,70,125,9,22,53,81,76,78,116"/><T19/><D114/><U29/><E23/><V133/><F126/><W14/><G35/><T94/><D118/><U119/><E42/><V56/><F3/><W86/><G116/><T8/><D104/><U96/><E29/><V34/><F75/><W105/><G125/><T82/><D134/><U124/><E4/><V0/><F0/><W10/><G70/><T108/><D19/><U79/><E63/><V123/><F123/><W15/><G105/><T24/><D24/><U39/><E65/><V52/><F66/><W5/><G109/><N who="0" m="42059" /><D8/><U93/><E41/><V72/><F72/><W64/><G64/><N who="0" m="38967" /><D91/><U36/><E106/><V17/><F17/><N who="3" m="8399" /><G120/><T130/><D128/><U110/><E112/><V122/><F122/><W98/><G78/><T83/><D83/><U50/><E79/><V59/><F13/><N who="3" m="5327" /><G98/><AGARI ba="1,0" hai="74,77,82,88,94,98,130,131" m="38967,42059" machi="98" ten="30,5800,0" yaku="14,1,10,1,54,1" doraHai="7" who="0" fromWho="3" sc="370,61,250,0,130,0,250,-61" /><INIT seed="0,2,0,2,0,117" ten="431,250,130,189" oya="0" hai0="74,36,121,46,135,101,91,65,110,133,82,72,134" hai1="28,119,89,87,78,67,33,124,77,44,40,107,19" hai2="18,7,94,43,31,52,9,34,42,56,95,20,86" hai3="59,25,50,39,92,32,109,22,106,90,0,1,126"/><T24/><D24/><U8/><E119/><V115/><F115/><W120/><G39/><T131/><D65/><U17/><E107/><V114/><F114/><W2/><G106/><T99/><D46/><U103/><E124/><V71/><F71/><W41/><G32/><T81/><D36/><U80/><E103/><V88/><F31/><W127/><G109/><T118/><D118/><U57/><E28/><V30/><F30/><W23/><G41/><T108/><D121/><U61/><E33/><V70/><F70/><W14/><G25/><T63/><D63/><U37/><E8/><V6/><F34/><W76/><G76/><N who="0" m="44167" /><D131/><U116/><E116/><V79/><F95/><W98/><G120/><T54/><D54/><U104/><E104/><V35/><F79/><W15/><G50/><T5/><D5/><N who="2" m="1546" /><F9/><W55/><G55/><T130/><D130/><U68/><E68/><V3/><F3/><W128/><G59/><T16/><D16/><U21/><E17/><V53/><F35/><W125/><REACH who="3" step="1"/><G128/><REACH who="3" ten="431,250,130,179" step="2"/><T12/><D12/><AGARI ba="2,1" hai="12,19,21,37,40,44,57,61,67,77,78,80,87,89" machi="12" ten="30,1000,0" yaku="7,1" doraHai="117" who="1" fromWho="0" sc="431,-16,250,26,130,0,179,0" /><AGARI ba="2,0" hai="0,1,2,12,14,15,22,23,90,92,98,125,126,127" machi="12" ten="50,6400,0" yaku="1,1,2,1,18,1,53,0" doraHai="117" doraHaiUra="100" who="3" fromWho="0" sc="415,-64,276,0,130,0,179,64" /><INIT seed="1,0,0,2,2,51" ten="351,276,130,243" oya="1" hai0="103,114,34,97,20,92,15,133,31,55,6,18,104" hai1="7,16,48,83,71,113,80,106,88,131,69,52,87" hai2="50,61,110,22,43,84,132,12,47,4,96,115,85" hai3="101,127,62,91,21,38,89,116,74,58,64,122,56"/><U120/><E113/><V94/><F110/><W60/><G122/><T13/><D114/><U79/><E120/><V70/><F132/><W73/><G38/><T23/><D133/><U42/><E106/><V130/><F130/><W11/><G127/><T123/><D123/><U10/><E131/><V100/><F115/><W125/><G125/><T33/><D104/><U26/><E42/><V35/><F35/><W126/><G126/><T19/><D31/><U5/><E71/><V41/><F70/><W2/><G101/><T65/><D65/><U135/><E69/><V98/><F61/><W8/><G21/><T0/><D55/><U54/><E135/><V124/><F124/><W75/><G116/><T32/><D6/><N who="1" m="2059" /><E48/><V37/><F37/><W25/><G25/><T66/><D66/><U95/><E83/><V49/><F98/><W90/><REACH who="3" step="1"/><G2/><AGARI ba="0,0" hai="0,2,13,15,18,19,20,23,32,33,34,92,97,103" machi="2" ten="40,1300,0" yaku="9,1" doraHai="51" who="0" fromWho="3" sc="351,13,276,0,130,0,243,-13" /><INIT seed="2,0,0,3,2,98" ten="364,276,130,230" oya="2" hai0="35,78,24,67,109,40,11,84,63,96,103,111,33" hai1="19,39,125,32,107,25,92,119,42,114,133,83,9" hai2="71,89,34,130,54,105,88,81,68,118,64,116,80" hai3="85,3,93,58,110,76,45,18,28,94,115,102,15"/><V51/><F34/><W132/><G3/><T127/><D127/><U134/><E92/><V47/><F105/><W61/><G110/><N who="0" m="41995" /><D40/><U74/><E83/><V126/><F126/><W22/><G132/><T10/><D84/><U79/><E79/><V99/><F130/><W101/><G115/><T70/><D78/><U12/><E42/><V120/><F120/><W113/><G45/><T106/><D35/><U117/><E117/><V135/><F135/><W65/><G28/><AGARI ba="0,0" hai="10,11,24,28,33,63,67,70,96,103,106" m="41995" machi="28" ten="30,3900,0" yaku="25,1,14,1,52,1" doraHai="98" who="0" fromWho="3" sc="364,39,276,0,130,0,230,-39" /><INIT seed="3,0,0,5,2,1" ten="403,276,130,191" oya="3" hai0="25,129,15,19,21,99,27,56,14,112,42,62,130" hai1="106,93,110,67,103,55,79,92,80,8,101,12,91" hai2="83,105,32,84,82,107,46,135,63,78,13,97,121" hai3="23,102,77,18,41,116,71,60,0,66,4,65,2"/><W126/><G116/><T6/><D112/><U48/><E110/><V16/><F32/><W38/><G126/><T51/><D99/><N who="1" m="57759" /><E67/><V132/><F121/><W29/><G66/><T113/><D113/><U122/><E106/><V89/><F63/><W125/><G125/><T108/><D27/><U47/><E93/><V59/><F59/><W114/><G114/><T22/><D22/><U75/><E75/><V57/><F57/><W9/><G102/><N who="1" m="38922" /><E122/><V72/><F46/><W115/><G115/><T87/><D42/><U33/><E33/><V17/><F97/><W5/><G29/><T74/><D19/><N who="1" m="8583" /><E80/><V53/><F53/><W61/><G61/><T95/><D56/><U35/><E35/><V44/><F44/><W81/><G38/><T69/><D69/><U100/><E100/><V120/><F120/><W117/><G41/><T96/><D96/><U109/><E109/><V54/><F54/><W30/><G30/><T20/><D108/><U24/><E24/><V40/><F40/><W128/><G128/><T10/><D25/><U7/><E7/><V43/><F43/><W88/><G4/><T37/><D10/><U58/><E47/><V68/><F68/><W45/><G45/><T76/><D51/><U131/><E131/><V26/><F26/><W49/><G49/><T86/><D62/><U98/><E98/><V85/><F72/><W34/><G34/><T31/><D37/><U94/><E94/><V134/><REACH who="2" step="1"/><F17/><REACH who="2" ten="403,276,120,191" step="2"/><W90/><G18/><T3/><D74/><U64/><E55/><V123/><F123/><W36/><G60/><T39/><D39/><RYUUKYOKU ba="0,1" sc="403,-10,276,-10,120,30,191,-10" hai2="13,16,78,82,83,84,85,89,105,107,132,134,135" owari="403,50.3,266,6.6,150,-35.0,181,-21.9" /></mjloggm>