<mjloggm ver="2.3"><GO type="225" lobby="0"/><UN n0="%E3%81%99%E3%81%84%E3%81%BE%E3%81%9B%E3%83%BC%E3%82%93" n1="%61%6D%65%6B%69" n2="%E3%82%A2%E3%83%A1%E3%82%A2%E3%83%A9%E3%83%AC" n3="%E3%81%9F%E3%81%8B%E3%80%82" dan="18,16,16,16" rate="2271.18,2094.41,2188.65,2087.47" sx="M,M,M,M"/><TAIKYOKU oya="0"/><INIT seed="0,0,0,5,3,75" ten="250,250,250,250" oya="0" hai0="135,8,21,24,107,83,61,104,2,34,20,41,87" hai1="72,17,95,127,37,47,86,12,26,38,102,53,99" hai2="124,48,42,33,23,57,78,68,58,118,134,116,81" hai3="67,56,40,115,4,90,130,93,5,106,50,73,119"/><T44/><D135/><U112/><E72/><V28/><F68/><W25/><G119/><N who="2" m="45609" /><F33/><W30/><G115/><T6/><D34/><U0/><E112/><V27/><F124/><W1/><G106/><T133/><D61/><U64/><E0/><V19/><F28/><W125/><G73/><T105/><D133/><U70/><E70/><V63/><F134/><W69/><G125/><T74/><D24/><U111/><E111/><V96/><F96/><W100/><G100/><T65/><D65/><U82/><E64/><V35/><F35/><W80/><G69/><T117/><D117/><U3/><E3/><V103/><F103/><W129/><G1/><T114/><D114/><U88/><E26/><V62/><F58/><W91/><G80/><T94/><D94/><U123/><E123/><V14/><F14/><W13/><G13/><T77/><REACH who="0" step="1"/><D87/><REACH who="0" ten="240,250,250,250" step="2"/><U131/><E127/><V22/><F63/><N who="3" m="38375" /><G93/><T49/><AGARI ba="0,1" hai="2,6,8,20,21,41,44,49,74,77,83,104,105,107" machi="49" ten="30,6000,0" yaku="1,1,0,1,52,1,53,0" doraHai="75" doraHaiUra="85" who="0" fromWho="0" sc="240,70,250,-20,250,-20,250,-20" /><INIT seed="0,1,0,2,4,124" ten="310,230,230,230" oya="0" hai0="101,30,125,105,20,96,62,33,108,36,111,25,32" hai1="9,127,79,122,4,89,23,130,68,59,39,134,10" hai2="58,86,7,18,70,29,13,104,102,112,92,82,54" hai3="71,47,60,12,121,56,132,57,63,77,24,66,2"/><T17/><D125/><U120/><E68/><V35/><F112/><W110/><G2/><T27/><D36/><U84/><E39/><V103/><F70/><W67/><G121/><T78/><D78/><U46/><E127/><V95/><F104/><W116/><G116/><T52/><REACH who="0" step="1"/><D33/><REACH who="0" ten="300,230,230,230" step="2"/><U106/><E79/><V40/><F35/><W31/><G77/><T88/><D88/><U61/><E122/><V0/><F103/><W8/><G132/><T76/><D76/><U114/><E134/><V80/><F102/><W107/><G107/><T83/><D83/><U94/><E106/><V53/><F82/><W109/><G71/><T3/><D3/><U38/><E120/><V118/><F80/><W43/><G110/><T81/><D81/><U11/><E114/><V41/><F0/><W117/><G109/><T133/><D133/><U91/><E91/><V72/><F118/><W123/><G117/><T98/><D98/><U113/><E113/><V69/><F69/><W100/><G123/><T55/><D55/><U1/><E1/><V126/><F54/><W99/><G99/><T22/><D22/><U45/><E38/><V51/><F53/><W128/><G100/><T97/><D97/><U87/><E23/><V93/><F126/><W129/><G8/><T90/><D90/><U34/><E34/><V26/><F93/><W119/><G119/><T115/><D115/><U65/><E87/><V131/><F92/><W16/><G43/><T6/><D6/><U75/><E4/><V42/><F41/><W74/><G67/><T48/><D48/><U21/><E94/><RYUUKYOKU ba="1,1" sc="300,30,230,-10,230,-10,230,-10" hai0="17,20,25,27,30,32,52,62,96,101,105,108,111" /><INIT seed="0,2,1,0,5,74" ten="330,220,220,220" oya="0" hai0="22,106,130,46,51,101,16,33,39,82,52,123,17" hai1="70,8,103,81,20,58,3,133,100,19,89,14,18" hai2="66,36,99,30,112,129,34,40,31,32,4,61,45" hai3="21,126,13,68,24,78,77,121,50,1,127,5,76"/><T116/><D116/><U57/><E70/><V53/><F112/><W105/><G105/><T75/><D123/><U42/><E42/><V59/><F129/><W96/><G96/><T79/><D33/><U38/><E38/><V2/><F34/><W23/><G68/><T56/><D130/><U25/><E3/><V125/><F125/><N who="3" m="47627" /><G121/><T7/><D7/><U88/><E133/><V85/><F32/><W94/><G94/><T11/><D11/><U90/><E81/><V92/><F85/><W41/><G1/><T44/><D17/><U29/><E29/><V0/><F0/><W6/><G13/><T10/><D10/><U73/><E73/><V111/><F111/><W95/><G95/><T80/><D80/><U71/><REACH who="1" step="1"/><E71/><REACH who="1" ten="330,210,220,220" step="2"/><V72/><F72/><W115/><G115/><T118/><D39/><U15/><E15/><V67/><F2/><W9/><G9/><T47/><D118/><U65/><E65/><V69/><F66/><W43/><G24/><T49/><D75/><U37/><E37/><V28/><F31/><W102/><G102/><AGARI ba="2,2" hai="8,14,18,19,20,25,57,58,88,89,90,100,102,103" machi="102" ten="40,5200,0" yaku="1,1,8,1,54,1,53,0" doraHai="74" doraHaiUra="109" who="1" fromWho="3" sc="330,0,210,78,220,0,220,-58" /><INIT seed="1,0,0,1,5,103" ten="330,288,220,162" oya="1" hai0="18,25,64,92,57,50,36,46,112,79,49,54,105" hai1="51,131,21,6,52,9,4,133,44,118,31,99,39" hai2="109,61,42,66,58,94,20,135,59,117,108,114,124" hai3="38,127,5,78,65,56,2,121,23,30,120,119,29"/><U123/><E123/><V86/><F117/><W76/><G38/><T110/><D105/><U1/><E118/><V22/><F135/><W111/><G119/><T14/><D112/><U104/><E133/><V107/><F124/><W27/><G127/><T37/><D110/><N who="2" m="42602" /><F107/><W98/><G111/><T73/><D64/><U115/><E115/><V101/><F42/><W34/><G98/><T43/><D25/><U95/><E131/><V67/><F114/><W24/><G121/><T97/><D79/><U125/><E125/><V47/><F47/><W48/><G120/><T77/><D77/><U93/><E6/><V72/><F72/><W41/><G41/><T82/><D82/><U88/><E39/><V81/><F94/><W96/><G96/><T7/><D7/><U0/><E0/><V128/><F101/><W134/><G134/><T35/><D73/><U70/><E70/><V69/><F128/><W26/><G26/><T132/><D132/><U84/><E104/><V33/><F33/><W102/><G102/><T15/><D35/><U63/><E63/><N who="2" m="38263" /><F69/><W80/><G80/><T87/><D37/><U3/><E3/><V90/><AGARI ba="0,0" hai="20,22,59,61,67,81,86,90" m="38263,42602" machi="90" ten="30,1100,0" yaku="14,1" doraHai="103" who="2" fromWho="2" sc="330,-3,288,-5,220,11,162,-3" /><INIT seed="2,0,0,2,4,20" ten="327,283,231,159" oya="2" hai0="44,94,125,80,15,16,52,106,99,129,119,23,121" hai1="83,124,41,75,12,46,19,47,88,49,107,98,43" hai2="68,61,45,69,122,21,76,48,111,89,104,102,132" hai3="30,133,33,35,28,24,95,78,1,65,84,123,112"/><V34/><F122/><W39/><G123/><T31/><D121/><U59/><E124/><V55/><F34/><W77/><G39/><T54/><D125/><U6/><E75/><V8/><F132/><W114/><G133/><T86/><D106/><U134/><E134/><V13/><F76/><N who="3" m="29291" /><G65/><T29/><D129/><U11/><E59/><V72/><F72/><W108/><G1/><T66/><D66/><U82/><E6/><V57/><F111/><W53/><G53/><N who="0" m="20587" /><D44/><U37/><REACH who="1" step="1"/><E107/><REACH who="1" ten="327,273,231,159" step="2"/><V118/><F104/><W4/><G108/><T120/><D120/><U130/><E130/><V71/><F69/><W115/><G4/><T116/><D116/><U109/><E109/><V85/><F118/><W135/><G135/><T131/><D131/><U26/><E26/><V110/><F110/><W97/><G84/><T105/><D105/><U63/><E63/><V62/><F62/><W117/><G117/><T56/><D119/><U50/><E50/><V17/><F71/><W90/><G30/><T128/><D128/><U38/><E38/><V5/><F68/><W27/><G28/><T96/><D56/><U51/><E51/><V79/><F61/><W25/><AGARI ba="0,1" hai="24,25,27,33,35,90,95,97,112,114,115" m="29291" machi="25" ten="40,8000,1" yaku="11,1,52,3" doraHai="20" who="3" fromWho="3" sc="327,-20,273,-20,231,-40,159,90" /><INIT seed="3,0,0,5,3,106" ten="307,253,191,249" oya="3" hai0="81,93,107,49,109,85,113,129,47,66,0,135,31" hai1="77,101,54,134,53,24,28,116,83,29,91,100,111" hai2="46,41,45,44,14,76,38,84,79,122,58,50,7" hai3="69,90,59,70,80,57,9,11,51,52,103,6,1"/><W16/><G103/><T89/><D107/><U97/><E111/><V25/><F122/><W128/><G128/><T30/><D0/><U114/><E134/><V48/><F38/><W21/><G11/><T68/><D135/><U124/><E114/><V87/><F58/><W118/><G118/><T63/><D109/><U86/><E124/><V33/><F33/><W130/><G130/><T34/><D34/><U123/><E123/><V133/><F133/><W72/><G59/><N who="0" m="37247" /><D129/><U35/><E116/><V62/><F62/><W15/><REACH who="3" step="1"/><G90/><REACH who="3" ten="307,253,191,239" step="2"/><N who="0" m="51503" /><D113/><U105/><E101/><V55/><F45/><W108/><G108/><T37/><D68/><U40/><E100/><V110/><F110/><W65/><G65/><T39/><D39/><U96/><E105/><V42/><F55/><W13/><G13/><T56/><D37/><U23/><E54/><V36/><F36/><W12/><G12/><T78/><D56/><U4/><E53/><V131/><F131/><W43/><G43/><N who="0" m="24831" /><D78/><AGARI ba="0,1" hai="1,6,9,15,16,21,51,52,57,69,70,72,78,80" machi="78" ten="40,12000,1" yaku="1,1,52,1,54,2,53,0" doraHai="106" doraHaiUra="125" who="3" fromWho="0" sc="307,-120,253,0,191,0,239,130" owari="187,-31.3,253,5.3,191,-20.9,369,46.9" /></mjloggm>