<mjloggm ver="2.3"><GO type="225" lobby="0"/><UN n0="%6C%61%6D%62" n1="%E3%81%BF%E3%81%BF%E3%81%9A" n2="%33%74%72%65%65" n3="%4B%2E%32%2E%4B%2E" dan="16,18,16,16" rate="2163.95,2236.97,2148.10,2102.03" sx="M,M,F,M"/><TAIKYOKU oya="0"/><INIT seed="0,0,0,2,5,46" ten="250,250,250,250" oya="0" hai0="17,109,35,133,30,120,95,62,122,111,100,116,78" hai1="104,19,45,60,11,72,40,86,61,18,43,14,74" hai2="115,10,22,41,93,20,96,87,119,132,117,51,76" hai3="85,131,130,1,26,75,6,3,54,97,36,59,107"/><T101/><D35/><U81/><E104/><V91/><F115/><W125/><G75/><T53/><D30/><U77/><E72/><V49/><F41/><W24/><G36/><T23/><D78/><U7/><E43/><V58/><F58/><W67/><G67/><T21/><D116/><N who="2" m="44618" /><F132/><W56/><G125/><T39/><D39/><U113/><E113/><V106/><F10/><N who="3" m="2383" /><G85/><T83/><D83/><U73/><E74/><V98/><F76/><W48/><G59/><N who="0" m="35183" /><D23/><N who="2" m="8746" /><F87/><W33/><G33/><T128/><D128/><N who="3" m="49193" /><G3/><T12/><D133/><U4/><E73/><V47/><F47/><W114/><G114/><T55/><D55/><U89/><E89/><V66/><F66/><W118/><G118/><T29/><D29/><U127/><E127/><V99/><F99/><W25/><G25/><T68/><D68/><U79/><E79/><V71/><F71/><W126/><G126/><T50/><D120/><U121/><E121/><V32/><F32/><W134/><G134/><T69/><D69/><U88/><E77/><V38/><F38/><W44/><G44/><T63/><D122/><U123/><E123/><V42/><F42/><W57/><G56/><T124/><D124/><U52/><E4/><V105/><F98/><W110/><G110/><T103/><D109/><U80/><E81/><V0/><F0/><W37/><G37/><T84/><D111/><U2/><E40/><V28/><F28/><W8/><G8/><T129/><D129/><U90/><E90/><V102/><F91/><W15/><G15/><T65/><D12/><U16/><E2/><V27/><F27/><RYUUKYOKU ba="0,0" sc="250,-30,250,10,250,10,250,10" hai1="7,11,14,16,18,19,45,52,60,61,80,86,88" hai2="49,51,93,96,102,105,106" hai3="24,26,48,54,57,97,107" /><INIT seed="1,1,0,4,5,39" ten="220,260,260,260" oya="1" hai0="75,116,11,76,50,88,8,18,100,45,63,27,94" hai1="24,92,65,104,62,85,37,71,113,131,21,28,43" hai2="89,61,83,105,53,35,3,134,81,1,30,10,125" hai3="79,17,64,101,55,46,119,32,57,107,16,80,90"/><U120/><E113/><V19/><F134/><W102/><G32/><T26/><D116/><U109/><E120/><V67/><F125/><W38/><G119/><T66/><D100/><U4/><E104/><V47/><F105/><W58/><G107/><T114/><D114/><U14/><E131/><V98/><F35/><W51/><G90/><T135/><D135/><U126/><E126/><V36/><F30/><W133/><G133/><T69/><D76/><U110/><E92/><V82/><F3/><W93/><G64/><T41/><D75/><U52/><E85/><V49/><F36/><W73/><G38/><T96/><REACH who="0" step="1"/><D18/><REACH who="0" ten="210,260,260,260" step="2"/><U13/><E110/><V9/><F19/><W42/><G102/><T74/><D74/><U128/><E109/><V129/><F129/><W31/><G17/><T122/><D122/><U44/><E128/><V108/><F108/><W34/><G16/><T48/><D48/><U40/><E4/><V117/><F117/><W112/><G112/><T54/><D54/><U23/><E43/><V118/><F118/><W25/><REACH who="3" step="1"/><G55/><REACH who="3" ten="210,260,260,250" step="2"/><T12/><D12/><U124/><E124/><V78/><F53/><W70/><G70/><T86/><D86/><U84/><E84/><V103/><F103/><W29/><G29/><T5/><D5/><U99/><E99/><AGARI ba="1,2" hai="25,31,34,42,46,51,57,58,73,79,80,93,99,101" machi="99" ten="40,2600,0" yaku="1,1,52,1,53,0" doraHai="39" doraHaiUra="132" who="3" fromWho="1" sc="210,0,260,-29,260,0,250,49" /><INIT seed="2,0,0,2,0,41" ten="210,231,260,299" oya="2" hai0="130,119,121,101,18,92,129,24,60,57,124,77,14" hai1="43,39,72,30,125,66,84,111,2,29,32,117,22" hai2="131,118,20,97,110,91,55,135,105,115,65,99,109" hai3="79,98,88,0,80,68,42,134,114,64,89,45,6"/><V102/><F115/><W52/><G114/><T116/><D77/><U76/><E117/><N who="0" m="45129" /><D101/><U94/><E2/><V61/><F118/><W17/><G134/><T108/><D92/><U49/><E111/><N who="2" m="42507" /><F135/><W21/><G68/><T128/><D108/><U46/><E125/><V106/><F131/><W33/><G33/><T82/><D82/><U27/><E72/><V44/><F20/><W36/><G64/><N who="0" m="38927" /><D121/><U71/><E71/><N who="2" m="42415" /><F91/><W48/><G6/><T63/><D63/><U8/><E66/><V15/><F15/><W133/><G0/><T58/><D58/><U112/><E112/><V11/><F11/><W31/><G133/><T35/><D124/><U10/><E39/><V90/><F90/><W85/><G31/><N who="1" m="11786" /><E32/><V62/><F62/><W100/><G98/><N who="2" m="37385" /><F102/><W67/><G100/><T93/><D93/><U122/><E122/><V126/><F126/><W96/><G96/><T69/><D69/><U9/><E94/><V78/><F78/><W103/><G103/><T123/><D123/><U40/><E76/><V83/><F83/><W73/><G73/><T23/><D35/><U59/><E84/><V56/><F56/><W95/><G95/><T1/><D1/><U51/><E59/><V47/><F105/><W37/><G67/><T54/><D54/><N who="1" m="30007" /><E51/><N who="2" m="29159" /><F106/><W26/><REACH who="3" step="1"/><G37/><REACH who="3" ten="210,231,260,289" step="2"/><T4/><D4/><U5/><E5/><V87/><F87/><W132/><G132/><T19/><D129/><U75/><E75/><V50/><F50/><W81/><G81/><T28/><D28/><AGARI ba="0,1" hai="8,9,10,22,27,28,40,43" m="30007,11786" machi="28" ten="30,2000,0" yaku="8,1,52,1" doraHai="41" who="1" fromWho="0" sc="210,-20,231,30,260,0,289,0" /><INIT seed="3,0,0,1,1,122" ten="190,261,260,289" oya="3" hai0="25,91,98,4,87,57,30,1,76,86,26,124,52" hai1="8,53,118,10,121,88,9,80,6,19,60,38,66" hai2="7,95,69,83,54,46,92,116,31,23,13,21,62" hai3="85,93,77,126,36,90,70,101,79,12,127,39,110"/><W49/><G110/><T65/><D124/><N who="3" m="47657" /><G70/><T51/><D1/><U82/><E38/><N who="3" m="14378" /><G12/><T18/><D4/><U47/><E121/><V117/><F117/><W123/><G123/><T125/><D125/><U133/><E133/><V120/><F116/><W61/><G61/><N who="0" m="38063" /><D30/><U111/><E111/><V32/><F69/><W72/><G72/><T44/><D76/><N who="3" m="29257" /><G49/><T0/><D0/><U20/><E118/><V68/><F120/><W29/><G29/><T67/><D67/><U22/><E6/><V94/><F31/><W109/><G109/><T115/><D115/><U84/><E19/><V45/><F68/><W106/><G101/><T113/><D113/><U135/><E135/><V129/><F13/><W75/><G75/><T56/><D18/><U11/><N who="1" m="2048" /><DORA hai="5" /><U102/><E102/><V105/><F62/><W43/><G43/><N who="0" m="24991" /><D98/><U33/><E60/><V48/><F48/><W131/><G131/><T28/><D28/><U97/><E66/><V27/><F129/><W107/><AGARI ba="0,0" hai="85,90,93,106,107" m="29257,14378,47657" machi="107" ten="40,2100,0" yaku="18,1" doraHai="122,5" who="3" fromWho="3" sc="190,-7,261,-7,260,-7,289,21" owari="183,-31.7,254,5.4,253,-14.7,310,41.0" /></mjloggm>