<mjloggm ver="2.3"><GO type="225" lobby="0"/><UN n0="%E3%82%BC%E3%83%AB%E3%83%80%E3%81%AE%E4%BC%9D%E8%AA%AC" n1="%E6%B4%BE%E9%81%A3%E3%81%AE%E3%82%B8%E3%83%A3%E3%83%83%E3%82%AF" n2="%E5%8F%AF%E5%85%90%E9%82%A3%E7%94%B1%E5%A4%9A" n3="%38%63%E3%81%AF%E3%81%A3%E3%81%97%E3%83%BC" dan="16,16,16,16" rate="2193.29,2184.80,2200.43,2109.57" sx="M,M,F,M"/><TAIKYOKU oya="0"/><INIT seed="0,0,0,4,0,55" ten="250,250,250,250" oya="0" hai0="109,11,94,29,105,124,27,25,89,61,71,42,3" hai1="123,78,30,59,45,17,16,65,60,107,129,56,91" hai2="76,80,104,122,90,131,43,116,72,69,126,47,15" hai3="21,130,34,6,88,118,39,101,52,86,0,32,93"/><T108/><D105/><U96/><E123/><V103/><F122/><W82/><G118/><T23/><D124/><U117/><E117/><V44/><F116/><W134/><G39/><T110/><D42/><U79/><E129/><V22/><F69/><W5/><G130/><T1/><D11/><U85/><E30/><V83/><F131/><W13/><G134/><T53/><D27/><U133/><E45/><V49/><F126/><W125/><G125/><T62/><D71/><U10/><E133/><V37/><F103/><W102/><G0/><N who="0" m="75" /><D53/><N who="1" m="33807" /><E96/><AGARI ba="0,0" hai="23,25,29,61,62,89,94,96,108,109,110" m="75" machi="96" ten="40,3900,0" yaku="14,1,10,1" doraHai="55" who="0" fromWho="1" sc="250,39,250,-39,250,0,250,0" /><INIT seed="0,1,0,2,4,9" ten="289,211,250,250" oya="0" hai0="115,116,14,66,94,40,61,19,97,118,63,90,51" hai1="7,38,131,85,89,77,43,102,92,87,26,68,0" hai2="22,111,36,112,82,88,62,109,76,33,56,101,12" hai3="75,54,103,128,129,74,95,81,23,24,2,132,127"/><T30/><D115/><U49/><E68/><V120/><F33/><W64/><G2/><T105/><D105/><U65/><E65/><V93/><F112/><W15/><G64/><T110/><D110/><N who="2" m="41994" /><F36/><W70/><G70/><T124/><D124/><U32/><E38/><V1/><F1/><W73/><G127/><T25/><D40/><U125/><E125/><V42/><F42/><W123/><G123/><T55/><D118/><U99/><E131/><V107/><F120/><W57/><G81/><T28/><D116/><U44/><E77/><V126/><F126/><W122/><G122/><T18/><D18/><U117/><E117/><V8/><F22/><W10/><G132/><T45/><D25/><U41/><E41/><V17/><F101/><W72/><G95/><T29/><REACH who="0" step="1"/><D66/><REACH who="0" ten="279,211,250,250" step="2"/><U31/><E26/><V35/><F107/><W133/><G133/><T91/><D91/><U71/><E89/><V53/><F35/><W130/><G103/><T21/><AGARI ba="1,1" hai="14,19,21,28,29,30,45,51,55,61,63,90,94,97" machi="21" ten="30,11700,0" yaku="1,1,0,1,8,1,52,1,53,0" doraHai="9" doraHaiUra="34" who="0" fromWho="0" sc="279,130,211,-40,250,-40,250,-40" /><INIT seed="0,2,0,3,4,37" ten="409,171,210,210" oya="0" hai0="110,94,20,71,109,124,4,133,57,31,48,15,114" hai1="0,75,116,55,107,113,126,18,54,46,26,92,7" hai2="131,13,103,85,73,63,98,125,115,70,38,72,17" hai3="49,80,66,43,99,128,89,9,3,112,127,69,25"/><T102/><D114/><U42/><E116/><V79/><F115/><W1/><G112/><T22/><D71/><U58/><E107/><V27/><F38/><W119/><G119/><T83/><D124/><U111/><E113/><V51/><F125/><W50/><G127/><T34/><D133/><U35/><E126/><V29/><F131/><W14/><G128/><T78/><D34/><U60/><E75/><V106/><F51/><W56/><G25/><T122/><D122/><U117/><E117/><V120/><F120/><W74/><G69/><T6/><D102/><U32/><E111/><N who="0" m="42505" /><D94/><U121/><E121/><V28/><F85/><W65/><G1/><T24/><D15/><U87/><E55/><V96/><F96/><W88/><G3/><T10/><D10/><U12/><E0/><V19/><F13/><W36/><G36/><T104/><D20/><U39/><E7/><V5/><F5/><W132/><G99/><T95/><D95/><U40/><E26/><V61/><F27/><W30/><G74/><N who="0" m="43479" /><D104/><U93/><E93/><V82/><F72/><W2/><G2/><T81/><D81/><U134/><E134/><V86/><F73/><W68/><G80/><T53/><AGARI ba="2,0" hai="4,6,22,24,31,48,53,57" m="43479,42505" machi="53" ten="30,3000,0" yaku="14,1,10,1" doraHai="37" who="0" fromWho="0" sc="409,36,171,-12,210,-12,210,-12" /><INIT seed="0,3,0,2,3,56" ten="445,159,198,198" oya="0" hai0="33,85,79,62,28,34,75,103,50,95,114,121,86" hai1="49,117,4,6,46,53,97,10,91,2,61,130,60" hai2="111,43,24,25,36,112,83,48,132,116,16,47,96" hai3="38,84,135,41,8,87,133,104,102,17,113,98,54"/><T23/><D114/><U105/><E117/><V129/><F112/><W122/><G113/><T77/><D121/><U5/><E130/><V42/><F129/><W66/><G122/><T109/><D75/><U73/><E73/><V82/><F116/><W35/><G35/><T59/><D50/><U31/><E31/><V58/><F111/><W80/><G41/><T126/><D126/><U40/><E40/><V0/><F0/><W115/><G38/><T45/><D45/><U99/><E105/><V92/><F132/><W123/><G123/><T27/><D109/><U65/><E65/><V52/><F43/><W70/><G54/><T9/><D9/><U51/><E51/><V1/><F1/><W11/><G87/><N who="0" m="33291" /><D33/><U26/><E26/><V30/><F25/><W127/><G127/><T120/><D34/><U94/><REACH who="1" step="1"/><E97/><REACH who="1" ten="445,149,198,198" step="2"/><V76/><F30/><W100/><G115/><T124/><D124/><U71/><E71/><V15/><F24/><W44/><G70/><T19/><D28/><U69/><E69/><V37/><F37/><W88/><G104/><T29/><D29/><U119/><E119/><V68/><F68/><W22/><G135/><T128/><D128/><U7/><AGARI ba="3,1" hai="2,4,5,6,7,10,46,49,53,60,61,91,94,99" machi="7" ten="30,7900,0" yaku="1,1,0,1,52,2,53,0" doraHai="56" doraHaiUra="74" who="1" fromWho="1" sc="445,-42,149,98,198,-23,198,-23" /><INIT seed="1,0,0,4,4,9" ten="403,247,175,175" oya="1" hai0="3,65,100,60,131,28,133,5,42,75,43,77,17" hai1="69,62,11,4,64,92,0,57,12,68,22,54,56" hai2="8,135,14,72,81,106,128,63,32,107,112,48,82" hai3="96,6,26,94,29,71,130,124,2,21,51,86,123"/><U119/><E119/><V25/><F128/><W58/><G123/><T127/><D28/><U73/><E73/><V111/><F111/><W95/><G71/><T33/><D33/><U36/><E36/><V20/><F135/><W120/><G120/><T23/><D100/><U44/><E44/><V108/><F108/><W80/><G130/><T90/><D131/><U134/><E134/><V27/><F112/><W38/><G38/><T122/><D122/><U126/><E126/><V10/><F32/><W84/><G2/><T59/><D133/><U46/><E46/><V35/><F35/><W114/><G114/><T132/><D132/><U115/><E115/><V30/><F48/><W53/><G124/><T85/><D77/><U13/><E92/><V83/><F72/><W34/><G6/><T49/><D75/><U117/><E117/><V89/><F27/><W70/><G70/><T113/><D113/><U105/><E105/><V47/><F47/><W50/><G34/><T1/><D49/><U45/><E45/><V37/><F37/><W110/><G110/><T66/><D66/><U99/><E99/><V76/><F76/><W103/><G94/><N who="0" m="54607" /><D5/><U19/><REACH who="1" step="1"/><E0/><REACH who="1" ten="403,237,175,175" step="2"/><V40/><F107/><W104/><G104/><T97/><D97/><U118/><E118/><V7/><F106/><W24/><G96/><T15/><D127/><U98/><E98/><V16/><F40/><W102/><G95/><T78/><D1/><U129/><E129/><V18/><F82/><W88/><G86/><T93/><D3/><U109/><E109/><V41/><F83/><W125/><G125/><RYUUKYOKU ba="0,1" sc="403,-10,237,30,175,-10,175,-10" hai1="4,11,12,13,19,22,54,56,57,62,64,68,69" /><INIT seed="1,1,1,4,0,105" ten="393,267,165,165" oya="1" hai0="72,79,109,3,66,100,26,21,125,123,106,31,8" hai1="27,75,61,90,36,74,50,76,51,73,111,93,97" hai2="120,40,24,42,81,119,45,128,28,102,108,127,29" hai3="63,88,68,49,34,104,135,115,5,58,103,82,64"/><U6/><E36/><V32/><F119/><W16/><G115/><T7/><D109/><U13/><E76/><V18/><F120/><W86/><G34/><T44/><D123/><U22/><E111/><V95/><F108/><W11/><G135/><T23/><D125/><U77/><E77/><V56/><F127/><W114/><G114/><T99/><D66/><U10/><REACH who="1" step="1"/><E61/><REACH who="1" ten="393,257,165,165" step="2"/><V17/><F128/><W113/><G113/><T35/><D79/><U15/><E15/><V126/><F126/><W14/><G104/><T84/><D106/><U129/><E129/><V78/><F78/><W57/><G103/><T52/><D100/><U71/><E71/><V30/><F102/><W96/><G96/><T25/><D99/><U39/><E39/><V89/><F89/><W19/><G68/><T112/><D112/><U132/><E132/><V59/><F24/><W133/><G133/><T55/><D26/><U43/><E43/><V67/><F40/><W53/><AGARI ba="1,2" hai="5,11,14,16,19,49,53,57,58,63,64,82,86,88" machi="53" ten="30,7900,0" yaku="0,1,8,1,54,2" doraHai="105" who="3" fromWho="3" sc="393,-21,257,-40,165,-21,165,102" /><INIT seed="2,0,0,3,3,134" ten="372,217,144,267" oya="2" hai0="113,106,70,63,60,115,103,26,129,120,17,29,93" hai1="68,122,43,80,105,19,5,128,34,110,127,73,81" hai2="76,130,119,11,2,97,112,27,46,40,84,126,51" hai3="79,91,61,86,36,85,102,117,77,22,38,92,58"/><V41/><F112/><W20/><G117/><T8/><D120/><U32/><E110/><V72/><F119/><W44/><G38/><T50/><D129/><U18/><E43/><V3/><F72/><W109/><G109/><T71/><D50/><U21/><E5/><V95/><F130/><W82/><G102/><T94/><D17/><U132/><E128/><V28/><F41/><W88/><G44/><T42/><D42/><U90/><E73/><V78/><F126/><W74/><G36/><T6/><D106/><U101/><E105/><V7/><F84/><W104/><G104/><T24/><D8/><U49/><E101/><V83/><F83/><W66/><REACH who="3" step="1"/><G79/><REACH who="3" ten="372,217,144,257" step="2"/><T123/><D103/><U114/><E122/><V135/><F135/><W48/><G48/><T65/><D123/><U53/><E49/><V64/><F3/><W56/><G56/><T13/><D71/><U16/><E68/><V59/><F59/><W62/><G62/><T89/><D60/><U67/><E132/><V75/><F75/><W111/><G111/><T108/><D63/><U107/><E107/><V15/><F2/><W47/><G47/><T99/><D108/><U35/><E114/><V10/><F78/><W1/><G1/><T25/><D113/><U87/><E67/><V23/><F76/><W69/><G69/><T124/><D65/><U9/><E53/><V131/><F64/><W125/><G125/><T133/><D124/><U96/><E127/><V116/><F116/><W0/><G0/><T45/><D115/><U12/><E9/><N who="2" m="4543" /><F131/><W57/><G57/><T31/><D70/><RYUUKYOKU ba="0,1" sc="372,-15,217,-15,144,15,257,15" hai2="10,11,23,27,28,40,46,51,95,97" hai3="20,22,58,61,66,74,77,82,85,86,88,91,92" /><INIT seed="2,1,1,0,3,5" ten="357,202,159,272" oya="2" hai0="89,59,8,35,91,114,112,76,10,55,40,115,44" hai1="16,74,78,34,82,30,62,58,110,84,132,85,131" hai2="1,63,60,36,129,61,116,125,67,95,121,108,47" hai3="68,19,45,9,23,122,3,14,86,25,94,102,65"/><V28/><F1/><W127/><G122/><T37/><D35/><U53/><E110/><V2/><F2/><W57/><G68/><T43/><D43/><U42/><E131/><V75/><F75/><W118/><G118/><T4/><D76/><U69/><E132/><V99/><F121/><W18/><G3/><T49/><REACH who="0" step="1"/><D8/><REACH who="0" ten="347,202,159,272" step="2"/><U79/><E42/><V123/><F123/><W6/><G127/><T15/><AGARI ba="1,2" hai="4,10,15,37,40,44,49,55,59,89,91,112,114,115" machi="15" ten="30,7900,0" yaku="1,1,2,1,0,1,52,1,53,0" doraHai="5" doraHaiUra="20" who="0" fromWho="0" sc="347,102,202,-21,159,-40,272,-21" /><INIT seed="3,0,0,3,4,112" ten="449,181,119,251" oya="3" hai0="84,86,101,70,31,24,107,11,30,81,89,115,12" hai1="38,110,35,28,18,60,109,94,13,27,15,83,65" hai2="6,134,69,74,36,97,87,76,43,90,40,50,77" hai3="4,10,37,116,41,59,21,32,135,3,68,54,123"/><W119/><G123/><T51/><D70/><U44/><E94/><V113/><F134/><W99/><G68/><T125/><D115/><U82/><E44/><V67/><F113/><W22/><G32/><T130/><D125/><U61/><E38/><V133/><F133/><W33/><G33/><T26/><D130/><U34/><E34/><V96/><F36/><W95/><G135/><T127/><D127/><U79/><E15/><V122/><F122/><W1/><G1/><T5/><D107/><U73/><E82/><V47/><F43/><W121/><G121/><T58/><D101/><U49/><E49/><V98/><F74/><W103/><G41/><T17/><D84/><U106/><E106/><V7/><F69/><W19/><G37/><T42/><D17/><U102/><E102/><V108/><F67/><W64/><G64/><T111/><D111/><N who="1" m="42507" /><E65/><V55/><F40/><W23/><REACH who="3" step="1"/><G19/><REACH who="3" ten="449,181,119,241" step="2"/><T71/><D71/><U52/><E52/><V92/><REACH who="2" step="1"/><F108/><REACH who="2" ten="449,181,109,241" step="2"/><W45/><G45/><T93/><D42/><U53/><E53/><V131/><F131/><W62/><AGARI ba="0,2" hai="3,4,10,21,22,23,54,59,62,95,99,103,116,119" machi="62" ten="30,11700,0" yaku="1,1,0,1,52,2,53,0" doraHai="112" doraHaiUra="126" who="3" fromWho="3" sc="449,-39,181,-39,109,-39,241,137" /><INIT seed="3,1,0,5,1,78" ten="410,142,70,378" oya="3" hai0="58,134,55,72,59,66,29,28,113,63,50,123,132" hai1="89,46,88,69,21,75,91,48,124,31,15,133,87" hai2="17,60,36,130,73,116,1,84,10,54,94,80,33" hai3="103,129,39,40,13,101,95,68,125,18,104,53,70"/><W79/><G129/><T2/><D123/><U32/><E69/><V14/><F116/><W62/><G104/><T4/><D72/><U90/><E75/><V24/><F130/><W44/><G125/><T108/><D108/><U45/><E133/><N who="0" m="51305" /><D113/><U61/><E124/><V12/><F36/><W71/><G79/><T64/><D64/><U3/><E3/><V111/><F111/><W128/><G128/><T122/><D122/><U52/><E32/><V56/><F73/><W20/><REACH who="3" step="1"/><G95/><REACH who="3" ten="410,142,70,368" step="2"/><T81/><D81/><U119/><E119/><V42/><F94/><W16/><G16/><T19/><D19/><U96/><E31/><V114/><F114/><W41/><G41/><T6/><D2/><U49/><E96/><V105/><F105/><W86/><G86/><T85/><D85/><U97/><E97/><V8/><F42/><W37/><G37/><T126/><D126/><U34/><E87/><V27/><F1/><W121/><G121/><T115/><D115/><U98/><E98/><V99/><F99/><W0/><G0/><T47/><D47/><U100/><E45/><V110/><F110/><W109/><G109/><T127/><D127/><U120/><E46/><V26/><F84/><W77/><G77/><T93/><D93/><U82/><E82/><V57/><F80/><W35/><G35/><T106/><D106/><U107/><E107/><V118/><F118/><W76/><G76/><T51/><D29/><U83/><E83/><V117/><F117/><W5/><G5/><N who="0" m="2155" /><D28/><U74/><E74/><V43/><F33/><W22/><G22/><T23/><D23/><RYUUKYOKU ba="1,1" sc="410,15,142,-15,70,-15,368,15" hai0="50,51,55,58,59,63,66" hai3="13,18,20,39,40,44,53,62,68,70,71,101,103" /><INIT seed="3,2,1,4,3,118" ten="425,127,55,383" oya="3" hai0="119,58,129,1,99,38,14,53,122,10,64,120,2" hai1="12,33,6,56,50,55,63,16,75,115,70,18,23" hai2="128,131,20,45,93,133,61,62,130,86,124,47,107" hai3="5,94,19,114,54,95,13,113,57,4,22,76,116"/><W125/><G116/><T72/><D119/><U108/><E75/><V9/><F107/><W109/><G125/><T37/><D64/><U28/><E115/><V15/><F124/><W126/><G126/><T34/><D34/><U21/><E108/><V67/><F133/><W8/><G109/><T11/><D72/><U25/><E6/><V117/><F117/><W127/><G76/><T32/><D32/><U78/><E78/><V87/><F20/><W112/><G127/><T104/><D104/><U111/><E111/><V132/><F132/><W79/><G79/><T81/><D99/><U3/><E3/><V30/><F30/><W83/><G83/><T90/><D90/><U42/><E42/><V121/><F121/><W26/><REACH who="3" step="1"/><G4/><REACH who="3" ten="425,127,55,373" step="2"/><T48/><D81/><U36/><E36/><V110/><F110/><W103/><G103/><T97/><D38/><U82/><E82/><V29/><F29/><W52/><G52/><T59/><D37/><U89/><E28/><V74/><F74/><W24/><G24/><T96/><D129/><U69/><E25/><V41/><F41/><W40/><G40/><T43/><D43/><U98/><E55/><V123/><F130/><W49/><AGARI ba="2,2" hai="5,8,13,19,22,26,49,54,57,94,95,112,113,114" machi="49" ten="30,3000,0" yaku="1,1,0,1,53,0" doraHai="118" doraHaiUra="60" who="3" fromWho="3" sc="425,-12,127,-12,55,-12,373,56" owari="413,21.3,115,-28.5,43,-45.7,429,52.9" /></mjloggm>