<mjloggm ver="2.3"><GO type="225" lobby="0"/><UN n0="%4B%2E%32%2E%4B%2E" n1="%E3%81%91%E3%83%BC%E3%81%9E%E3%81%88" n2="%72%61%6B%33" n3="%6D%75%75%6D%75%72%61" dan="16,16,18,16" rate="2084.42,2192.05,2302.51,2207.61" sx="M,M,M,F"/><TAIKYOKU oya="0"/><INIT seed="0,0,0,1,2,29" ten="250,250,250,250" oya="0" hai0="135,61,80,117,74,22,57,10,35,127,47,42,11" hai1="112,129,27,73,76,130,69,41,94,109,39,107,36" hai2="124,2,93,59,63,79,105,119,16,95,34,7,31" hai3="118,64,72,66,55,111,98,100,83,38,71,60,1"/><T68/><D117/><U46/><E107/><V58/><F105/><W43/><G118/><T128/><D68/><U5/><E109/><V114/><F114/><W51/><G111/><T123/><D123/><U9/><E69/><V53/><F124/><W132/><G1/><T30/><D127/><U84/><E112/><V45/><F79/><W113/><G113/><T96/><D35/><U18/><E39/><V19/><F45/><W32/><G132/><T131/><D135/><U101/><E18/><V120/><F120/><W33/><G66/><N who="0" m="39215" /><D96/><N who="1" m="59543" /><E84/><V20/><F19/><W24/><G24/><N who="0" m="16663" /><D80/><N who="1" m="45071" /><E27/><V23/><F23/><W70/><G70/><T21/><D21/><U8/><E8/><V86/><F119/><W97/><G97/><T77/><D77/><U56/><E56/><V37/><F59/><N who="3" m="33279" /><G83/><T122/><D74/><U115/><E115/><V125/><F125/><W121/><G72/><T40/><D40/><U102/><E102/><V85/><F85/><W52/><G52/><T116/><D122/><U110/><E110/><V90/><F37/><W89/><G121/><T108/><D108/><U12/><E36/><V104/><F104/><N who="3" m="63511" /><G89/><T49/><D116/><U82/><E82/><V103/><F103/><W75/><G75/><T15/><D15/><U88/><E88/><V67/><F90/><W54/><G54/><T6/><D6/><U13/><E13/><V126/><F126/><W0/><G0/><T106/><D106/><U81/><E81/><V87/><F2/><W48/><G48/><T25/><D25/><U133/><E133/><V91/><F91/><W92/><G92/><RYUUKYOKU ba="0,0" sc="250,10,250,10,250,-30,250,10" hai0="10,11,42,47,49,128,131" hai1="5,9,12,41,46,129,130" hai3="32,33,38,43,60,64,71" /><INIT seed="0,1,0,2,1,107" ten="260,260,220,260" oya="0" hai0="101,44,105,120,28,74,56,112,23,78,3,125,69" hai1="71,93,55,50,21,109,13,103,60,76,29,88,37" hai2="123,106,31,61,42,18,58,75,121,5,47,54,133" hai3="48,32,81,77,25,82,40,94,16,65,15,63,80"/><T118/><D69/><U102/><E109/><V12/><F106/><W4/><G4/><T45/><D112/><U97/><E37/><V1/><F133/><W124/><G124/><T35/><D35/><U27/><E76/><V17/><F31/><W131/><G131/><T10/><D118/><U14/><E71/><V89/><F89/><W70/><G94/><T99/><D120/><U117/><E60/><V68/><F68/><W84/><G32/><T2/><D125/><U119/><E119/><V129/><F129/><W57/><G25/><T85/><D74/><U87/><E103/><V91/><F91/><W51/><G70/><T8/><D2/><U52/><E55/><V59/><F59/><W49/><REACH who="3" step="1"/><G40/><REACH who="3" ten="260,260,220,250" step="2"/><T46/><D105/><U104/><REACH who="1" step="1"/><E117/><REACH who="1" ten="260,250,220,250" step="2"/><V30/><F123/><W135/><G135/><T6/><D101/><U126/><E126/><V64/><F121/><W26/><G26/><T34/><D34/><U92/><E92/><V0/><F42/><W73/><G73/><T132/><D132/><U115/><E115/><V41/><F41/><W127/><G127/><T79/><D79/><U66/><E66/><V72/><F64/><W100/><G100/><T86/><D78/><U39/><E39/><V83/><F75/><W9/><AGARI ba="1,2" hai="9,15,16,48,49,51,57,63,65,77,80,81,82,84" machi="9" ten="30,7900,0" yaku="1,1,0,1,8,1,54,1,53,0" doraHai="107" doraHaiUra="122" who="3" fromWho="3" sc="260,-40,250,-21,220,-21,250,102" /><INIT seed="1,0,0,1,0,111" ten="220,229,199,352" oya="1" hai0="8,22,99,102,70,2,92,116,86,127,107,17,16" hai1="55,133,0,62,82,132,101,21,126,98,49,6,28" hai2="1,54,59,41,100,135,104,113,31,81,72,91,103" hai3="67,117,20,40,79,93,123,42,39,108,50,69,131"/><U76/><E126/><V114/><F1/><W19/><G123/><T87/><D116/><U118/><E118/><V18/><F135/><N who="1" m="51785" /><E0/><V27/><F41/><W110/><G117/><T83/><D127/><U38/><E38/><V112/><F18/><W29/><G39/><T64/><D107/><U85/><E6/><V37/><F104/><W5/><G131/><T120/><D120/><U124/><E124/><V14/><F14/><W94/><G79/><T125/><D125/><U65/><E21/><N who="2" m="15855" /><F37/><W52/><G29/><T78/><D87/><U122/><E28/><V15/><F15/><N who="3" m="9343" /><G5/><T35/><D35/><U48/><E55/><V75/><F91/><W47/><G40/><T43/><D43/><U25/><E25/><V128/><F128/><W115/><G42/><T9/><D2/><U3/><E122/><V71/><F71/><W90/><G69/><T58/><D70/><N who="1" m="42295" /><E3/><V10/><F10/><N who="0" m="4202" /><D22/><U73/><E73/><N who="2" m="28235" /><F81/><W7/><G67/><T45/><D45/><U84/><E84/><V44/><F44/><W88/><G47/><T95/><D17/><U30/><E30/><V26/><F26/><W129/><G7/><T32/><D16/><U24/><E24/><V96/><F96/><W106/><G129/><T68/><D68/><U63/><E63/><AGARI ba="0,0" hai="54,59,63,100,103,112,113,114" m="28235,15855" machi="63" ten="40,8000,1" yaku="11,1,52,3" doraHai="111" who="2" fromWho="1" sc="220,0,229,-80,199,80,352,0" /><INIT seed="2,0,0,0,5,40" ten="220,149,279,352" oya="2" hai0="3,76,83,0,101,17,91,48,59,8,123,109,64" hai1="47,104,114,78,14,97,20,124,12,81,51,43,87" hai2="107,86,36,94,1,67,89,55,7,23,46,122,35" hai3="57,88,28,32,6,5,70,4,13,45,26,80,58"/><V116/><F35/><W111/><G70/><T44/><D123/><U90/><E124/><V27/><F116/><W102/><G111/><T30/><D109/><U19/><E114/><V10/><F122/><W50/><G102/><T77/><D101/><U72/><E104/><V39/><F67/><W22/><G32/><T115/><D115/><U84/><E72/><V132/><F132/><W99/><G13/><T128/><D30/><U15/><REACH who="1" step="1"/><E97/><REACH who="1" ten="220,139,279,352" step="2"/><V42/><F107/><W120/><G120/><T98/><D98/><U79/><E79/><V41/><F36/><W2/><G99/><T117/><D77/><U105/><E105/><V95/><F39/><W121/><G121/><T93/><D76/><U131/><E131/><V113/><F113/><W71/><G2/><T34/><D128/><U33/><E33/><V60/><F95/><AGARI ba="0,1" hai="12,14,15,19,20,43,47,51,78,81,84,87,90,95" machi="95" ten="30,7700,0" yaku="1,1,7,1,8,1,52,1,53,0" doraHai="40" doraHaiUra="96" who="1" fromWho="2" sc="220,0,139,87,279,-77,352,0" /><INIT seed="3,0,0,4,2,73" ten="220,226,202,352" oya="3" hai0="132,64,68,122,8,41,97,63,69,127,117,7,98" hai1="80,46,78,16,31,105,96,50,28,44,112,23,79" hai2="13,38,47,1,26,34,101,36,107,49,85,10,56" hai3="0,76,130,103,74,95,86,119,109,2,102,77,116"/><W113/><G113/><T134/><D117/><U129/><E112/><V93/><F1/><W45/><G74/><T29/><D122/><U66/><E129/><V89/><F56/><W120/><G45/><N who="1" m="17514" /><E105/><V118/><F118/><W48/><G48/><T15/><D69/><U37/><E80/><V131/><F131/><W6/><G95/><T90/><D127/><U115/><E37/><V4/><F34/><W71/><G130/><T42/><D29/><N who="1" m="11339" /><E115/><V57/><F26/><W100/><G100/><T135/><D90/><U12/><E50/><V5/><F5/><W54/><G6/><T94/><D94/><U52/><E52/><V40/><REACH who="2" step="1"/><F57/><REACH who="2" ten="220,226,192,352" step="2"/><W59/><G59/><T32/><D32/><U121/><E121/><V67/><F67/><W53/><G120/><T3/><D3/><U106/><E66/><V62/><F62/><W11/><G71/><T82/><D82/><U60/><E60/><V17/><F17/><W70/><G70/><T24/><D24/><U126/><E126/><V9/><F9/><W65/><G11/><T87/><D87/><U88/><E12/><V39/><F39/><W27/><G65/><T75/><D75/><U25/><E25/><V61/><F61/><W99/><G27/><T84/><D84/><U55/><E16/><V33/><F33/><W43/><G86/><T14/><D15/><U22/><E22/><V58/><F58/><W19/><G2/><T72/><D72/><U18/><E18/><V104/><F104/><W124/><G0/><T83/><D83/><U110/><E106/><V114/><F114/><W30/><G124/><RYUUKYOKU ba="0,1" sc="220,15,226,-15,192,15,352,-15" hai0="7,8,14,41,42,63,64,68,97,98,132,134,135" hai2="4,10,13,36,38,40,47,49,85,89,93,101,107" owari="235,3.5,211,-18.9,207,-29.3,347,44.7" /></mjloggm>