<mjloggm ver="2.3"><GO type="225" lobby="0"/><UN n0="%73%6C%69%63%6B%33%31%39" n1="%E3%81%BE%E3%81%A8%E3%81%9F" n2="%72%69%6F%75%63%68%61%6E" n3="%E3%82%BC%E3%83%AB%E3%83%80%E3%81%AE%E4%BC%9D%E8%AA%AC" dan="16,16,17,16" rate="2172.62,2169.31,2211.04,2154.11" sx="M,M,M,M"/><TAIKYOKU oya="0"/><INIT seed="0,0,0,3,0,113" ten="250,250,250,250" oya="0" hai0="76,17,93,23,126,90,102,40,32,21,5,83,129" hai1="87,97,105,6,115,111,55,66,62,89,108,45,64" hai2="71,70,10,132,7,3,63,104,133,127,51,135,61" hai3="60,78,96,91,38,95,37,15,49,0,58,125,22"/><T44/><D32/><U11/><E115/><V46/><F127/><W2/><G125/><T13/><D126/><U42/><E55/><V50/><F104/><W106/><G78/><T59/><D129/><U30/><E30/><V92/><F51/><W27/><G106/><T112/><D112/><U36/><E97/><V19/><F19/><N who="3" m="12767" /><G49/><N who="0" m="26759" /><D5/><U34/><E34/><V39/><F39/><N who="3" m="14859" /><G15/><T25/><D102/><U14/><E105/><V16/><F92/><W124/><G124/><T77/><D59/><U31/><E31/><V128/><F128/><W116/><G116/><T101/><D83/><U24/><E24/><V122/><F122/><W20/><G20/><T81/><D81/><U80/><REACH who="1" step="1"/><E62/><REACH who="1" ten="250,240,250,250" step="2"/><N who="2" m="23563" /><F16/><W103/><G103/><T35/><D101/><U1/><E1/><V8/><F10/><W110/><G110/><AGARI ba="0,1" hai="6,11,14,36,42,45,64,66,80,87,89,108,110,111" machi="110" ten="40,5200,0" yaku="1,1,14,1,53,1" doraHai="113" doraHaiUra="43" who="1" fromWho="3" sc="250,0,240,62,250,0,250,-52" /><INIT seed="1,0,0,0,3,78" ten="250,302,250,198" oya="1" hai0="122,3,25,129,67,132,98,0,13,50,133,68,55" hai1="90,44,6,93,110,94,62,100,66,109,128,21,63" hai2="52,41,28,48,43,51,75,81,118,34,37,99,108" hai3="83,10,89,65,47,27,36,17,29,54,20,32,11"/><U12/><E128/><V87/><F118/><W16/><G65/><T59/><D129/><U73/><E73/><V130/><F75/><W131/><G131/><T53/><D122/><U38/><E94/><V127/><F130/><W111/><G111/><T26/><D13/><U4/><E100/><V18/><F108/><W40/><G54/><T15/><D15/><U82/><E44/><V33/><F37/><W60/><G60/><N who="0" m="40039" /><D98/><N who="1" m="57655" /><E63/><V22/><F127/><W121/><G121/><T31/><D53/><U76/><E12/><V91/><F28/><W61/><G61/><T56/><D56/><N who="1" m="37191" /><E21/><V77/><F33/><W116/><G116/><T85/><D26/><U57/><E57/><V112/><F34/><W2/><G32/><N who="0" m="20591" /><D85/><N who="1" m="48327" /><E38/><V5/><F112/><W103/><G2/><T9/><D9/><U24/><E24/><N who="2" m="14423" /><F5/><N who="1" m="2153" /><E110/><V69/><F69/><W113/><G113/><T8/><D8/><U7/><E7/><V96/><F48/><W101/><G10/><T124/><D124/><U58/><E58/><N who="2" m="33055" /><F99/><W102/><REACH who="3" step="1"/><G11/><REACH who="3" ten="250,302,250,188" step="2"/><T92/><D0/><U123/><E109/><V74/><F74/><W70/><G70/><T106/><D3/><U71/><E71/><V135/><F135/><W88/><G88/><T119/><D119/><U126/><E126/><V80/><F96/><W45/><G45/><T125/><D125/><U64/><E123/><V42/><F91/><W35/><G35/><T120/><D120/><U30/><E64/><V46/><F46/><W79/><G79/><T1/><D1/><U84/><E30/><V19/><F19/><W95/><G95/><T39/><D92/><RYUUKYOKU ba="0,1" sc="250,-30,302,10,250,10,188,10" hai1="84" hai2="41,42,43,77,80,81,87" hai3="16,17,20,27,29,36,40,47,83,89,101,102,103" /><INIT seed="1,1,1,0,1,125" ten="220,312,260,198" oya="1" hai0="25,101,84,116,92,64,10,30,96,89,54,99,97" hai1="90,121,4,31,7,32,0,53,87,91,43,107,2" hai2="126,52,35,36,67,110,12,82,109,49,69,112,94" hai3="93,134,127,34,28,50,3,105,103,57,39,123,102"/><U45/><E121/><V86/><F126/><W81/><G127/><T114/><D114/><U21/><E32/><V88/><F36/><W23/><G39/><T129/><D116/><U42/><E107/><V46/><F35/><W113/><G113/><T132/><D132/><U120/><E31/><V14/><F112/><W133/><G123/><T95/><D129/><U135/><E135/><N who="3" m="51722" /><G3/><T9/><D64/><U104/><E21/><V19/><F94/><W38/><G38/><T17/><D54/><U130/><E53/><V85/><F85/><W131/><G34/><T44/><D44/><U56/><E56/><V47/><F47/><W78/><G105/><T63/><D63/><U58/><E58/><V13/><REACH who="2" step="1"/><F19/><REACH who="2" ten="220,312,250,198" step="2"/><W65/><G93/><N who="0" m="58511" /><D30/><U72/><E104/><V73/><F73/><W75/><G28/><T71/><D84/><U5/><E72/><V27/><F27/><W115/><G115/><T128/><D17/><U74/><E74/><V117/><F117/><W29/><G131/><T61/><D25/><U8/><E120/><V122/><F122/><W40/><G29/><T66/><D128/><U26/><E130/><V98/><F98/><W6/><G75/><T60/><D95/><U1/><E87/><V80/><F80/><W48/><G81/><T18/><D99/><U108/><E45/><V77/><F77/><W16/><G78/><T83/><D83/><U51/><E0/><V118/><F118/><W33/><G33/><T106/><D106/><U55/><E1/><V37/><F37/><W20/><G16/><T119/><D119/><U24/><E2/><RYUUKYOKU ba="1,2" sc="220,-10,312,-10,250,30,198,-10" hai2="12,13,14,46,49,52,67,69,82,86,88,109,110" /><INIT seed="2,2,2,1,4,28" ten="210,302,280,188" oya="2" hai0="103,54,9,51,108,92,125,19,7,104,2,131,59" hai1="76,13,27,94,111,44,101,135,128,96,18,23,62" hai2="98,75,57,105,43,80,118,88,46,119,74,64,66" hai3="95,89,113,39,61,81,68,52,41,107,77,67,35"/><V38/><F74/><W82/><G107/><T84/><D108/><U30/><E30/><V12/><BYE who="1" /><F12/><W122/><G122/><T24/><D131/><U65/><E65/><V121/><F121/><W26/><G113/><T4/><D125/><U124/><E124/><V21/><F21/><W106/><G106/><T10/><D104/><U16/><E16/><V56/><F64/><W110/><G110/><T85/><D103/><U14/><E14/><V5/><F5/><UN n1="%E3%81%BE%E3%81%A8%E3%81%9F" /><W117/><G117/><T100/><D100/><U60/><E128/><V53/><F66/><W8/><G8/><T34/><D92/><U83/><E135/><V134/><F134/><W25/><G35/><T58/><D58/><U33/><E44/><V109/><F109/><W120/><G120/><T71/><D71/><U114/><E114/><V102/><F56/><W79/><G52/><T123/><D123/><U78/><E111/><V91/><F91/><W127/><G127/><T15/><REACH who="0" step="1"/><D4/><REACH who="0" ten="200,302,280,188" step="2"/><U36/><E94/><V86/><REACH who="2" step="1"/><F75/><REACH who="2" ten="200,302,270,188" step="2"/><W11/><G68/><T31/><AGARI ba="2,4" hai="2,7,9,10,15,19,24,31,34,51,54,59,84,85" machi="31" ten="30,7900,0" yaku="1,1,2,1,0,1,52,1,53,0" doraHai="28" doraHaiUra="70" who="0" fromWho="0" sc="200,125,302,-22,270,-41,188,-22" /><INIT seed="3,0,0,4,4,107" ten="325,280,229,166" oya="3" hai0="26,32,14,8,52,122,88,111,34,120,100,57,69" hai1="126,29,121,46,15,115,135,130,51,25,35,16,109" hai2="56,11,105,93,59,114,18,47,3,116,6,103,110" hai3="82,104,4,94,70,75,1,58,66,97,19,17,53"/><W106/><G70/><T118/><D69/><U40/><E121/><V95/><F114/><W7/><G66/><T5/><D118/><U86/><E115/><V90/><F116/><W13/><G1/><T45/><D45/><U128/><E109/><V98/><F110/><W80/><G75/><T119/><D119/><U89/><E126/><V23/><F47/><W125/><G125/><T76/><D111/><U124/><E135/><V48/><F48/><W132/><G132/><T127/><D127/><U41/><E124/><V84/><F105/><W64/><G64/><T10/><D100/><U2/><E2/><V68/><F68/><W67/><G67/><T39/><D39/><U49/><E49/><V72/><F72/><W117/><G117/><T129/><D129/><U102/><E102/><V77/><F77/><W131/><G131/><T44/><D44/><U9/><REACH who="1" step="1"/><E41/><REACH who="1" ten="325,270,229,166" step="2"/><V0/><F0/><W38/><G38/><T61/><D120/><U12/><E12/><AGARI ba="0,1" hai="3,6,11,12,18,23,56,59,84,90,93,95,98,103" machi="12" ten="30,1000,0" yaku="7,1" doraHai="107" who="2" fromWho="1" sc="325,0,270,-10,229,20,166,0" owari="325,42.5,260,6.0,249,-15.1,166,-33.4" /></mjloggm>