<mjloggm ver="2.3"><GO type="225" lobby="0"/><UN n0="%E9%B3%B3%E6%9D%B1%E3%81%AE%E3%81%86%E3%81%95%E3%81%8E%E3%81%95%E3%82%93" n1="%E3%82%B2%E3%82%B9%E8%8C%82%E5%8B%9D" n2="%E3%81%BF%E3%81%BF%E3%81%9A" n3="%E3%81%B5%E3%81%98%E3%81%8B%E3%81%A4" dan="17,16,17,16" rate="2291.55,2109.41,2205.83,2192.16" sx="M,F,M,M"/><TAIKYOKU oya="0"/><INIT seed="0,0,0,2,5,19" ten="250,250,250,250" oya="0" hai0="122,123,115,114,53,69,89,88,93,94,13,110,52" hai1="133,66,72,63,90,120,64,135,44,56,20,92,3" hai2="118,108,6,96,81,83,25,35,34,61,8,84,11" hai3="47,31,50,28,37,62,45,100,112,107,74,15,117"/><T55/><D69/><U98/><E120/><N who="0" m="46121" /><D13/><U82/><E3/><V126/><F96/><W103/><G117/><T71/><D71/><U4/><E4/><V119/><F61/><W33/><G74/><T22/><D22/><U132/><E44/><V106/><F106/><W131/><G112/><N who="0" m="43051" /><D110/><U32/><E32/><V26/><F108/><W101/><G107/><T30/><D30/><U97/><E97/><V40/><F84/><W130/><G33/><T7/><D7/><U51/><E51/><V102/><F6/><W70/><G70/><T134/><D134/><U17/><E82/><V68/><F68/><W76/><G62/><T10/><D10/><U75/><REACH who="1" step="1"/><E66/><REACH who="1" ten="250,240,250,250" step="2"/><V113/><F113/><W42/><G50/><T91/><AGARI ba="0,1" hai="52,53,55,88,89,91,93,94" m="43051,46121" machi="91" ten="40,12000,1" yaku="28,2,54,2" doraHai="19" who="0" fromWho="0" sc="250,130,240,-40,250,-40,250,-40" /><INIT seed="0,1,0,1,4,81" ten="380,200,210,210" oya="0" hai0="34,105,125,119,41,46,82,121,28,67,9,101,80" hai1="10,72,26,65,6,48,50,104,123,71,14,86,95" hai2="117,122,74,135,110,11,85,22,38,23,19,25,36" hai3="114,83,37,3,88,129,132,12,98,53,131,52,127"/><T31/><D119/><U120/><E72/><V18/><F122/><W99/><G114/><T55/><D121/><U112/><E112/><V128/><F74/><W54/><G37/><T66/><D125/><U118/><E118/><V51/><F110/><W49/><G3/><T90/><D105/><U47/><E104/><V111/><F111/><W69/><G69/><T30/><D34/><U39/><E39/><V0/><F128/><N who="3" m="49227" /><G127/><T24/><D24/><U29/><E65/><V45/><F135/><W134/><G12/><T1/><D101/><U130/><E71/><V89/><F117/><W13/><G13/><T91/><D55/><U106/><E106/><V92/><F0/><W7/><G49/><N who="0" m="26831" /><D1/><U107/><E107/><V79/><F79/><W97/><G7/><T21/><D9/><U108/><E130/><V87/><F11/><W42/><G42/><T35/><D35/><U103/><E108/><V27/><REACH who="2" step="1"/><F85/><AGARI ba="1,0" hai="52,53,54,83,85,88,97,98,99,132,134" m="49227" machi="85" ten="40,8000,1" yaku="19,1,52,1,54,2" doraHai="81" who="3" fromWho="2" sc="380,0,200,0,210,-83,210,83" /><INIT seed="1,0,0,1,5,16" ten="380,200,127,293" oya="1" hai0="67,21,91,108,126,78,75,71,131,68,125,88,24" hai1="123,43,103,87,133,20,110,74,69,106,89,96,25" hai2="26,107,4,27,32,124,28,53,58,114,51,54,98" hai3="130,56,29,45,86,73,64,0,9,37,81,38,50"/><U55/><E123/><V83/><F124/><N who="0" m="47722" /><D108/><U121/><E121/><V70/><F114/><W129/><G73/><T39/><D39/><U13/><E133/><V17/><F70/><N who="0" m="26666" /><D67/><U44/><E110/><V61/><F4/><N who="3" m="1159" /><G29/><N who="0" m="17551" /><D131/><N who="3" m="50185" /><G56/><T3/><D3/><U122/><E122/><V49/><F83/><AGARI ba="0,0" hai="75,78,83,88,91" m="17551,26666,47722" machi="83" ten="30,3900,0" yaku="18,1,52,1,54,1" doraHai="16" who="0" fromWho="2" sc="380,39,200,0,127,-39,293,0" /><INIT seed="2,0,0,0,5,120" ten="419,200,88,293" oya="2" hai0="116,87,92,69,111,25,79,127,33,113,63,61,110" hai1="73,22,93,114,66,6,112,131,32,38,70,0,23" hai2="8,21,57,9,47,83,2,16,94,11,31,51,118" hai3="52,56,53,106,64,67,54,14,34,128,59,107,124"/><V3/><F118/><W71/><G34/><T55/><D113/><U13/><E38/><V85/><F31/><W121/><G121/><T39/><D39/><U18/><E73/><V68/><F68/><W90/><G124/><T126/><D116/><U41/><E41/><V104/><F104/><N who="3" m="39979" /><G128/><T24/><D55/><U99/><E32/><V35/><F35/><W135/><G90/><N who="0" m="53343" /><D79/><U19/><E131/><V101/><F57/><N who="3" m="22091" /><G14/><T10/><D10/><U26/><E6/><V29/><F29/><W46/><G46/><T27/><D33/><U12/><E0/><V125/><F125/><N who="0" m="47626" /><D63/><U89/><E26/><V122/><F122/><W115/><G71/><T65/><AGARI ba="0,0" hai="24,25,27,61,65,69,110,111" m="47626,53343" machi="65" ten="40,5200,0" yaku="18,1,52,2" doraHai="120" who="0" fromWho="0" sc="419,52,200,-13,88,-26,293,-13" /><INIT seed="3,0,0,4,2,22" ten="471,187,62,280" oya="3" hai0="91,37,74,79,70,97,12,129,20,35,112,38,44" hai1="90,54,128,16,58,29,64,132,8,67,117,133,123" hai2="32,106,100,4,31,55,30,73,115,72,101,131,49" hai3="120,57,48,85,108,89,134,124,107,52,76,68,24"/><W18/><G120/><T95/><D35/><U6/><E123/><V93/><F115/><W23/><G107/><T116/><D116/><U135/><E117/><V19/><F4/><W87/><G124/><T40/><D70/><U98/><E128/><V122/><F106/><W71/><G134/><T43/><D129/><U26/><E16/><V36/><F19/><W109/><G76/><T130/><D130/><U9/><E90/><V84/><F131/><W15/><G15/><T11/><D112/><U92/><E92/><V27/><F36/><W21/><G21/><T50/><D20/><N who="1" m="15559" /><E98/><V69/><F69/><W7/><G7/><T125/><D125/><U17/><E17/><V51/><F122/><W28/><G28/><T121/><D121/><U46/><E46/><V75/><F84/><W33/><G33/><T126/><D126/><U65/><E6/><V60/><F31/><W103/><G103/><T118/><D118/><U78/><E78/><V41/><F93/><N who="3" m="54447" /><G87/><T99/><D99/><U61/><AGARI ba="0,0" hai="8,9,54,58,61,64,65,67,132,133,135" m="15559" machi="61" ten="40,2700,0" yaku="20,1,52,1" doraHai="22" who="1" fromWho="1" sc="471,-7,187,27,62,-7,280,-13" owari="464,56.4,214,-18.6,55,-44.5,267,6.7" /></mjloggm>