<mjloggm ver="2.3"><GO type="225" lobby="0"/><UN n0="%6D%75%75%6D%75%72%61" n1="%6E%69%63%6B%6C%6F%77" n2="%4B%2E%32%2E%4B%2E" n3="%E4%B8%89%E5%86%A0%E7%8E%8B%E3%83%BB%E5%B1%B1%E7%94%B0%E5%93%B2%E4%BA%BA" dan="16,16,16,16" rate="2159.95,2102.84,2191.61,2107.79" sx="F,F,M,M"/><TAIKYOKU oya="0"/><INIT seed="0,0,0,0,5,121" ten="250,250,250,250" oya="0" hai0="91,68,84,16,37,38,105,63,89,95,44,118,120" hai1="70,94,69,29,52,100,77,56,96,97,117,55,28" hai2="102,2,40,26,88,22,17,115,64,78,57,71,109" hai3="60,4,9,110,39,86,131,81,90,21,61,101,123"/><T130/><D120/><U133/><E117/><V87/><F115/><W113/><G123/><T132/><D118/><U47/><E133/><V14/><F71/><W20/><G113/><T76/><D105/><U66/><E77/><V5/><F109/><W10/><G39/><T104/><D104/><U23/><E70/><V98/><F40/><W42/><G42/><T35/><D132/><U73/><E73/><V33/><F78/><W83/><G131/><T106/><D106/><U112/><E69/><V134/><F134/><W19/><G101/><T3/><D76/><U49/><E112/><V11/><F64/><W51/><G51/><T65/><D35/><U0/><E0/><V8/><F57/><W50/><G50/><T62/><D3/><U135/><E97/><V30/><F11/><W124/><G124/><T24/><D130/><U80/><E80/><N who="2" m="49255" /><F98/><W31/><G110/><T82/><D62/><N who="3" m="24169" /><G4/><T6/><D6/><U58/><E135/><V45/><F45/><W79/><G83/><T129/><D44/><U127/><E127/><V119/><F102/><W128/><G128/><T75/><D129/><U18/><E66/><V46/><F46/><W53/><G79/><N who="0" m="44415" /><D91/><U54/><E58/><V32/><F32/><W13/><G53/><N who="1" m="20586" /><E56/><V93/><F93/><W99/><G99/><T36/><D36/><U67/><E67/><V85/><F85/><W107/><G107/><T25/><D38/><U114/><E114/><V92/><F92/><W116/><G116/><AGARI ba="0,0" hai="2,5,8,14,17,22,26,30,33,116,119" m="49255" machi="116" ten="30,2000,0" yaku="24,1,54,1" doraHai="121" who="2" fromWho="3" sc="250,0,250,0,250,20,250,-20" /><INIT seed="1,0,0,2,2,74" ten="250,250,270,230" oya="1" hai0="43,36,80,111,53,73,19,51,100,75,114,72,3" hai1="61,97,33,117,49,42,130,15,94,38,37,124,126" hai2="2,83,90,87,16,0,134,69,57,63,76,112,45" hai3="29,121,107,71,1,70,52,54,39,116,102,27,17"/><U34/><E117/><V11/><F134/><W88/><G121/><T6/><D114/><U81/><E61/><V12/><F112/><W101/><G39/><T85/><D111/><U23/><E130/><V78/><F69/><W59/><G1/><T133/><D133/><U50/><E81/><V77/><REACH who="2" step="1"/><F45/><REACH who="2" ten="250,250,260,230" step="2"/><W127/><G71/><T48/><D36/><U79/><E37/><V119/><F119/><W104/><G70/><T18/><D51/><U47/><E38/><V86/><F86/><W135/><G116/><T89/><D73/><U5/><E50/><V13/><F13/><W40/><G135/><T128/><D72/><U98/><E98/><V99/><F99/><W60/><G127/><N who="1" m="48682" /><E79/><V4/><F4/><W35/><G107/><T41/><D75/><U120/><E120/><V125/><F125/><W108/><G104/><T9/><D128/><U30/><E5/><V46/><F46/><W67/><G108/><T8/><D6/><U68/><E68/><V123/><F123/><W44/><G44/><T95/><D85/><U22/><E15/><V84/><F84/><W82/><G40/><T93/><D3/><U10/><E10/><V25/><F25/><W115/><G115/><T20/><D43/><U132/><E132/><V64/><AGARI ba="0,1" hai="0,2,11,12,16,57,63,64,76,77,78,83,87,90" machi="64" ten="30,12000,2" yaku="1,1,0,1,52,3,54,1,53,0" doraHai="74" doraHaiUra="118" who="2" fromWho="2" sc="250,-30,250,-60,260,130,230,-30" /><INIT seed="2,0,0,4,4,81" ten="220,190,390,200" oya="2" hai0="124,0,135,110,32,10,105,49,59,90,73,129,53" hai1="75,12,103,84,16,46,134,58,126,54,63,55,121" hai2="114,87,56,22,17,91,61,26,97,112,65,9,29" hai3="1,118,106,109,25,8,15,102,38,77,131,133,78"/><V130/><F130/><W21/><G118/><T47/><D105/><U64/><E75/><V2/><F97/><W67/><G1/><T68/><D68/><U128/><E128/><V123/><F123/><W86/><G131/><T20/><D129/><U115/><E115/><V111/><F111/><W6/><G109/><T100/><D32/><U35/><E35/><V60/><F60/><W119/><G119/><T62/><D100/><U41/><E126/><V18/><F18/><N who="3" m="12471" /><G38/><T48/><D73/><U66/><E134/><V50/><F50/><W23/><G106/><T39/><D135/><U7/><E7/><V89/><F89/><W96/><G133/><T51/><D124/><U93/><E121/><V3/><F3/><W95/><G67/><T4/><D39/><U31/><E31/><V101/><F101/><W30/><G86/><T36/><D36/><U71/><E71/><V44/><F44/><W57/><G57/><T34/><D34/><U37/><E66/><V117/><F117/><W52/><G52/><T92/><D110/><U98/><REACH who="1" step="1"/><E84/><REACH who="1" ten="220,180,390,200" step="2"/><V69/><F69/><W14/><G30/><T70/><D70/><U13/><E13/><V116/><F116/><W82/><G82/><T45/><D45/><U88/><E88/><V80/><F29/><W28/><G28/><T33/><D33/><U27/><E27/><V132/><F132/><W42/><G42/><T72/><D72/><U74/><E74/><V19/><F2/><W40/><G40/><T43/><D43/><U113/><E113/><V127/><F112/><W104/><G104/><T122/><D122/><RYUUKYOKU ba="0,1" sc="220,-15,180,15,390,-15,200,15" hai1="12,16,37,41,46,54,55,58,63,64,93,98,103" hai3="6,8,14,15,23,77,78,95,96,102" /><INIT seed="3,1,1,5,4,106" ten="205,195,375,215" oya="3" hai0="33,18,35,65,63,120,102,80,99,121,41,27,94" hai1="124,40,26,110,55,69,0,78,8,72,11,115,92" hai2="112,97,132,104,100,57,59,16,25,24,60,4,7" hai3="91,77,1,123,52,9,15,47,67,12,29,53,48"/><W111/><G123/><T95/><D41/><U51/><E115/><V44/><F112/><W61/><G1/><T14/><D95/><U75/><E69/><V30/><F132/><W13/><G111/><T49/><D49/><U131/><E110/><V42/><F16/><N who="3" m="8207" /><G77/><T118/><D118/><U117/><E40/><V79/><F79/><W101/><G101/><T58/><D80/><U96/><E78/><V31/><F4/><W128/><G128/><T66/><D66/><U93/><E93/><V37/><F7/><W114/><G114/><T109/><D109/><U87/><E87/><V23/><F60/><W90/><G29/><T129/><D129/><U107/><E107/><V108/><F108/><W32/><G32/><AGARI ba="1,1" hai="23,24,25,30,31,32,37,42,44,57,59,97,100,104" machi="32" ten="30,1000,0" yaku="7,1" doraHai="106" who="2" fromWho="3" sc="205,0,195,0,375,23,215,-13" owari="205,0.5,195,-30.5,398,49.8,202,-19.8" /></mjloggm>