<mjloggm ver="2.3"><GO type="225" lobby="0"/><UN n0="%72%69%6F%75%63%68%61%6E" n1="%E8%B6%85%E7%B4%9A%E9%B3%B3%E5%87%B0" n2="%E7%99%BD%E5%92%B2%E8%8A%B1%E3%81%A1%E3%82%83%E3%82%93" n3="%E6%97%A5%E6%9B%9C%E6%97%A5%E3%82%88%E3%82%8A%E3%81%AE%E4%BD%BF%E8%80%85" dan="17,16,16,16" rate="2197.92,2221.42,2161.14,2109.76" sx="M,F,F,M"/><TAIKYOKU oya="0"/><INIT seed="0,0,0,5,1,48" ten="250,250,250,250" oya="0" hai0="65,124,129,13,135,89,92,132,69,24,96,55,66" hai1="67,115,103,23,5,72,34,19,3,46,16,36,52" hai2="49,33,28,73,45,9,18,81,128,109,22,131,50" hai3="1,56,8,86,93,59,43,134,58,122,32,123,126"/><T101/><D129/><N who="2" m="49738" /><F109/><W75/><G75/><T40/><D124/><U127/><E34/><V41/><F9/><W12/><G32/><T26/><D40/><U62/><E72/><V118/><F118/><W10/><G1/><T42/><D42/><U37/><E127/><V125/><F125/><W104/><G104/><T63/><D66/><U97/><E115/><V29/><F33/><W98/><G126/><T57/><D13/><U112/><E112/><V79/><F50/><W119/><G119/><T64/><D64/><U100/><E5/><V53/><F41/><W39/><G86/><T116/><D116/><U47/><E3/><V4/><F4/><W54/><G43/><T120/><D120/><N who="3" m="46121" /><G39/><T105/><D135/><U102/><E97/><V74/><F74/><W90/><G134/><T60/><REACH who="0" step="1"/><D132/><REACH who="0" ten="240,250,250,250" step="2"/><U99/><E36/><V82/><F82/><W85/><G12/><AGARI ba="0,1" hai="12,18,22,28,29,45,49,53,73,79,81" m="49738" machi="12" ten="30,2000,0" yaku="19,1,52,1" doraHai="48" who="2" fromWho="3" sc="240,0,250,0,250,30,250,-20" /><INIT seed="1,0,0,2,5,2" ten="240,250,280,230" oya="1" hai0="133,110,117,121,13,70,32,63,44,101,119,100,115" hai1="61,112,1,55,104,0,8,120,86,107,68,26,116" hai2="42,7,83,97,78,82,135,52,57,6,126,108,94" hai3="106,53,27,129,31,102,72,84,41,114,56,51,80"/><U5/><E112/><V91/><F108/><W60/><G114/><T43/><D115/><U103/><E116/><V127/><F135/><W17/><G129/><T90/><D32/><U3/><E120/><V9/><F42/><W39/><G72/><T34/><D34/><U131/><E131/><V109/><F109/><W50/><G17/><T87/><D110/><U65/><E55/><V48/><F7/><W38/><G106/><T93/><D133/><U62/><E62/><V20/><F20/><W123/><G102/><T95/><D121/><U122/><E122/><V88/><F91/><W18/><G18/><T85/><D13/><U71/><E71/><V14/><REACH who="2" step="1"/><F83/><REACH who="2" ten="240,250,270,230" step="2"/><W45/><G123/><T118/><D118/><U96/><E0/><V74/><AGARI ba="0,1" hai="6,9,14,48,52,57,74,78,82,88,94,97,126,127" machi="74" ten="30,12000,2" yaku="1,1,2,1,0,1,52,1,54,2,53,0" doraHai="2" doraHaiUra="67" who="2" fromWho="2" sc="240,-30,250,-60,270,130,230,-30" /><INIT seed="2,0,0,5,0,69" ten="210,190,400,200" oya="2" hai0="60,7,43,58,75,95,30,133,48,42,84,61,131" hai1="16,92,127,11,103,70,99,83,12,53,81,108,46" hai2="13,23,5,19,40,111,132,51,63,71,85,33,44" hai3="10,52,101,90,104,128,102,24,100,87,17,96,0"/><V76/><F132/><W89/><G128/><T45/><D75/><U55/><E70/><V123/><F123/><W32/><G89/><N who="0" m="53671" /><D133/><U124/><E108/><V6/><F33/><W86/><G86/><T117/><D117/><U56/><E46/><V14/><F111/><W34/><G34/><T31/><D131/><U65/><E65/><V110/><F110/><W126/><G126/><N who="1" m="48170" /><E55/><V112/><F112/><W2/><G2/><T68/><D68/><U93/><E93/><V37/><F14/><W22/><G32/><T26/><D7/><U121/><E121/><V47/><F71/><W79/><G79/><T36/><D36/><U94/><E94/><V80/><REACH who="2" step="1"/><F63/><AGARI ba="0,0" hai="11,12,16,53,56,63,81,83,92,99,103" m="48170" machi="63" ten="30,2000,0" yaku="18,1,54,1" doraHai="69" who="1" fromWho="2" sc="210,0,190,20,400,-20,200,0" /><INIT seed="3,0,0,4,5,124" ten="210,210,380,200" oya="3" hai0="105,94,127,18,62,108,115,103,49,117,126,135,54" hai1="9,89,82,78,60,24,2,118,125,128,16,85,34" hai2="30,5,84,26,113,28,4,76,104,55,43,14,88" hai3="100,68,69,99,45,17,77,53,33,56,47,111,133"/><W51/><G33/><T75/><D108/><U107/><E107/><V112/><F104/><W93/><G111/><T81/><D135/><U73/><E125/><N who="0" m="47625" /><D117/><U64/><E118/><V122/><F122/><W0/><G0/><T57/><D105/><U101/><E101/><V59/><F43/><W121/><G121/><T90/><D115/><U63/><E128/><V35/><F30/><W1/><G1/><T6/><D6/><U83/><E64/><V106/><F76/><W52/><G133/><T19/><D103/><U7/><REACH who="1" step="1"/><E16/><REACH who="1" ten="210,200,380,200" step="2"/><V29/><F106/><W39/><G17/><T120/><D120/><U23/><E23/><V74/><F14/><W15/><G15/><T129/><D129/><U130/><E130/><V37/><F74/><W50/><REACH who="3" step="1"/><G77/><REACH who="3" ten="210,200,380,190" step="2"/><N who="0" m="44223" /><D18/><U12/><E12/><V41/><F35/><W71/><G71/><T131/><D19/><U31/><AGARI ba="0,2" hai="2,7,9,24,31,34,60,63,73,78,82,83,85,89" machi="31" ten="30,2000,0" yaku="1,1,0,1,53,0" doraHai="124" doraHaiUra="91" who="1" fromWho="1" sc="210,-5,200,40,380,-5,190,-10" owari="205,-19.5,240,4.0,375,47.5,180,-32.0" /></mjloggm>