<mjloggm ver="2.3"><GO type="225" lobby="0"/><UN n0="%E3%83%B4%E3%83%A0%EF%BC%99%E3%81%A6" n1="%E3%81%82%E3%82%93%E3%81%AA%E3%81%A4" n2="%E3%81%86%E3%83%BC%E3%81%B1%E3%83%BC" n3="%E3%82%BC%E3%83%AB%E3%83%80%E3%81%AE%E4%BC%9D%E8%AA%AC" dan="17,17,16,16" rate="2200.22,2164.15,2118.08,2167.20" sx="M,M,M,M"/><TAIKYOKU oya="0"/><INIT seed="0,0,0,0,3,77" ten="250,250,250,250" oya="0" hai0="24,43,125,5,37,66,84,46,87,8,79,119,59" hai1="36,65,4,132,39,28,80,91,23,17,61,67,50" hai2="82,88,105,2,1,9,76,64,78,85,133,52,72" hai3="115,92,127,32,116,130,75,3,48,7,22,56,120"/><T135/><D119/><U60/><E132/><V30/><F64/><N who="1" m="24649" /><E36/><V13/><F105/><W126/><G92/><T112/><D135/><U70/><E39/><V94/><F133/><W109/><G56/><T34/><D112/><U101/><E70/><V26/><F76/><W118/><G48/><T83/><D125/><N who="3" m="47625" /><G75/><T12/><D34/><U25/><E4/><V55/><F1/><W131/><G115/><T129/><D24/><U93/><E50/><V11/><F2/><W108/><G32/><T89/><D129/><N who="3" m="49161" /><G120/><T122/><D122/><U128/><E128/><V21/><F9/><N who="3" m="2303" /><G22/><T117/><D117/><AGARI ba="0,0" hai="108,109,116,117,118" m="2303,49161,47625" machi="117" ten="40,8000,1" yaku="18,1,19,1,23,1,34,2" doraHai="77" who="3" fromWho="0" sc="250,-80,250,0,250,0,250,80" /><INIT seed="1,0,0,1,5,29" ten="170,250,250,330" oya="1" hai0="92,135,10,119,116,70,83,49,32,52,59,91,80" hai1="126,132,3,90,51,66,11,78,43,44,117,36,73" hai2="25,82,130,79,89,55,62,8,76,128,98,107,45" hai3="134,53,22,124,50,35,5,85,69,88,23,31,58"/><U100/><E117/><V87/><F8/><W41/><G69/><T123/><D135/><U131/><E132/><V102/><F25/><W33/><G134/><T94/><D123/><U81/><E131/><N who="2" m="50219" /><F62/><W13/><G124/><T14/><D70/><U86/><E126/><V101/><F45/><W21/><G41/><T17/><D32/><U60/><E51/><V1/><F55/><W129/><G129/><T28/><D28/><U46/><E46/><V38/><F1/><W103/><G103/><T77/><D83/><U113/><E113/><V12/><F12/><W122/><G122/><T4/><D92/><U118/><E118/><V110/><F38/><W48/><G48/><T105/><D105/><U106/><E60/><V18/><F18/><N who="3" m="10447" /><G5/><T112/><D112/><U16/><E66/><V40/><F40/><W47/><G47/><T108/><D108/><U68/><E68/><V97/><F110/><W67/><G67/><T63/><D63/><U96/><E3/><V20/><F20/><N who="3" m="7723" /><G31/><T34/><D34/><U104/><E104/><AGARI ba="0,0" hai="76,79,82,87,89,97,98,101,102,104,107" m="50219" machi="104" ten="30,3900,0" yaku="19,1,34,2" doraHai="29" who="2" fromWho="1" sc="170,0,250,-39,250,39,330,0" /><INIT seed="2,0,0,1,0,123" ten="170,211,289,330" oya="2" hai0="84,131,5,30,102,11,126,55,109,62,75,22,9" hai1="2,25,72,86,14,108,40,127,24,63,57,59,121" hai2="35,61,133,16,19,105,37,3,85,122,12,21,115" hai3="79,36,10,39,80,116,29,27,34,91,69,99,67"/><V117/><F122/><W81/><G116/><T65/><D75/><U114/><E72/><V51/><F117/><W1/><G91/><T135/><D135/><U83/><E114/><V94/><F37/><W43/><G99/><T68/><D126/><U42/><E2/><V41/><F35/><W58/><G58/><T45/><D131/><U54/><E127/><V103/><F3/><W50/><G50/><T93/><D102/><U125/><E125/><V52/><F133/><W132/><G81/><T124/><D124/><U6/><E108/><V7/><F105/><W101/><G101/><T70/><D70/><U134/><E134/><V129/><F115/><W78/><G78/><T15/><D11/><N who="1" m="4471" /><E59/><N who="2" m="35047" /><F129/><W64/><G132/><T100/><D100/><U32/><E32/><V128/><F128/><W8/><G8/><T60/><D109/><U74/><E74/><V77/><F77/><W48/><G48/><N who="0" m="29071" /><D68/><U98/><E98/><N who="2" m="59863" /><F85/><N who="3" m="48287" /><G69/><T13/><D65/><U66/><E66/><V82/><F82/><W110/><G110/><T120/><D120/><U113/><E121/><V31/><F7/><N who="3" m="1391" /><G39/><T56/><D56/><U106/><E113/><V92/><F92/><W46/><G67/><T49/><D49/><U53/><E106/><V33/><F33/><W26/><G64/><T119/><D119/><U95/><E95/><V118/><F118/><W28/><G34/><T97/><D84/><U87/><E87/><V88/><F88/><W73/><G73/><T90/><D15/><U4/><E86/><V76/><F76/><W104/><G104/><T44/><D44/><U130/><E130/><RYUUKYOKU ba="0,0" sc="170,15,211,-15,289,-15,330,15" hai0="5,9,13,22,30,60,62,90,93,97" hai3="26,27,28,29,36,43,46" /><INIT seed="3,1,0,5,0,110" ten="185,196,274,345" oya="3" hai0="69,96,44,15,104,98,84,129,75,73,101,25,100" hai1="18,83,126,37,22,111,108,99,9,50,122,4,35" hai2="125,120,17,31,11,60,94,63,64,14,29,68,38" hai3="85,52,76,39,10,24,88,91,56,79,1,13,65"/><W93/><G39/><T12/><D69/><U28/><E37/><V48/><F38/><W86/><G65/><T123/><D123/><U46/><E122/><V26/><F120/><W72/><G24/><T87/><D44/><U74/><E126/><V132/><F125/><W81/><G1/><T135/><D25/><N who="1" m="18831" /><E99/><V42/><F132/><W21/><G21/><T106/><REACH who="0" step="1"/><D129/><REACH who="0" ten="175,196,274,345" step="2"/><U134/><E134/><AGARI ba="1,1" hai="12,15,73,75,84,87,96,98,100,101,104,106,134,135" machi="134" ten="25,6400,0" yaku="1,1,2,1,22,2,53,0" doraHai="110" doraHaiUra="77" who="0" fromWho="1" sc="175,77,196,-67,274,0,345,0" owari="252,-14.8,129,-37.1,274,7.4,345,44.5" /></mjloggm>