<mjloggm ver="2.3"><GO type="225" lobby="0"/><UN n0="%E3%80%90%E3%83%88%E3%83%AA%E3%83%A5%E3%83%95%E3%80%91" n1="%28%EF%BF%A3%E2%96%BD%EF%BF%A3%29%CE%B4%E2%8C%92%E3%83%BB" n2="%6C%61%6D%62" n3="%E5%8D%A0%E3%81%84%E5%B8%AB%E8%A3%8F%E3%81%AA%E3%81%84%E3%81%97" dan="16,17,16,17" rate="2066.81,2245.45,2205.27,2189.18" sx="M,M,M,M"/><TAIKYOKU oya="0"/><INIT seed="0,0,0,4,3,85" ten="250,250,250,250" oya="0" hai0="49,93,57,21,108,11,117,28,22,47,83,126,27" hai1="103,19,58,6,31,74,82,3,44,127,111,96,133" hai2="76,130,100,29,80,84,7,94,88,104,25,132,70" hai3="34,75,121,102,72,69,73,109,68,48,64,97,106"/><T32/><D117/><U67/><E111/><V105/><F70/><N who="3" m="27243" /><G48/><T89/><D108/><U50/><E31/><V1/><F132/><W125/><G109/><T13/><D57/><U95/><E127/><V79/><F130/><W86/><G86/><T23/><D126/><U87/><E74/><V123/><F123/><W26/><G64/><T120/><D120/><U77/><E133/><V91/><F7/><W65/><G65/><T118/><D118/><U98/><E6/><V90/><F1/><W36/><G125/><T55/><D83/><U128/><E3/><V60/><F60/><W81/><G121/><T51/><D51/><U92/><E128/><V107/><F79/><N who="3" m="44263" /><G36/><T38/><D38/><U20/><E58/><V2/><F2/><W18/><G18/><T40/><D55/><U119/><E67/><V62/><F62/><W129/><G129/><T35/><D35/><U115/><E119/><V56/><F56/><W24/><G24/><T110/><D110/><U41/><E115/><V134/><F134/><W10/><G10/><T0/><BYE who="3" /><D0/><UN n3="%E5%8D%A0%E3%81%84%E5%B8%AB%E8%A3%8F%E3%81%AA%E3%81%84%E3%81%97" /><U54/><E54/><V43/><F43/><W101/><G102/><T113/><D113/><U59/><E59/><V42/><F42/><W12/><G12/><T131/><D131/><U5/><E5/><V17/><F17/><W71/><N who="3" m="27251" /><W112/><DORA hai="30" /><G112/><T52/><D40/><U78/><E78/><V33/><REACH who="2" step="1"/><F100/><REACH who="2" ten="250,250,240,250" step="2"/><W122/><G122/><T9/><REACH who="0" step="1"/><D13/><REACH who="0" ten="240,250,240,250" step="2"/><N who="1" m="9327" /><E103/><V16/><F16/><W116/><G116/><T63/><D63/><U8/><E8/><V39/><F39/><W14/><G14/><RYUUKYOKU ba="0,2" sc="240,0,250,0,240,0,250,0" hai0="9,11,21,22,23,27,28,32,47,49,52,89,93" hai1="41,44,50,77,82,87,92,95,96,98" hai2="25,29,33,76,80,84,88,90,91,94,104,105,107" hai3="26,34,73,75,97,101,106" /><INIT seed="0,1,2,2,3,98" ten="240,250,240,250" oya="0" hai0="126,120,70,134,93,111,68,4,89,129,122,58,86" hai1="16,91,46,125,2,104,123,11,87,24,76,132,107" hai2="80,103,1,81,31,48,40,66,8,116,115,34,130" hai3="79,75,121,72,21,54,25,63,44,84,45,56,73"/><T133/><D4/><U28/><E123/><V53/><F115/><W97/><G121/><T50/><D129/><U26/><E76/><V102/><F130/><W33/><G33/><T67/><D126/><U113/><E125/><V128/><F128/><W20/><G20/><T62/><D70/><U135/><E113/><V101/><F116/><W106/><G79/><T77/><D111/><U55/><E2/><V18/><F66/><W37/><G84/><T35/><D35/><U117/><E117/><V38/><F38/><W43/><G44/><T42/><D77/><U9/><E55/><V19/><F40/><W59/><G56/><T39/><D120/><U0/><E46/><N who="2" m="27799" /><F1/><W108/><G108/><T36/><D122/><U17/><E0/><V112/><F34/><W90/><G90/><T64/><D42/><U49/><E91/><V71/><F71/><W88/><G106/><T124/><D124/><U5/><E49/><V51/><F112/><W15/><G15/><T109/><D109/><U119/><E119/><V94/><F31/><W30/><REACH who="3" step="1"/><G73/><REACH who="3" ten="240,250,240,240" step="2"/><T12/><D12/><U74/><E74/><V99/><F8/><W41/><G41/><T61/><REACH who="0" step="1"/><D50/><REACH who="0" ten="230,250,240,240" step="2"/><U3/><E3/><V105/><F51/><W127/><G127/><T131/><D131/><U57/><E26/><V96/><F105/><W7/><G7/><T29/><D29/><U65/><E24/><V100/><F96/><W52/><G52/><T6/><D6/><U110/><E5/><V85/><F99/><W60/><G60/><T114/><D114/><U78/><E107/><V23/><F23/><RYUUKYOKU ba="1,4" sc="230,15,250,-15,240,-15,240,15" hai0="36,39,58,61,62,64,67,68,86,89,93,133,134" hai3="21,25,30,37,43,45,54,59,63,72,75,88,97" /><INIT seed="0,2,4,4,4,27" ten="245,235,225,255" oya="0" hai0="110,60,99,42,57,51,127,74,26,78,20,119,115" hai1="43,14,53,101,96,61,107,95,135,25,121,0,113" hai2="8,133,33,126,118,87,65,50,111,104,49,35,6" hai3="116,97,83,80,66,17,68,40,18,58,69,129,21"/><T77/><D115/><U112/><E0/><V81/><F104/><W45/><G116/><T117/><D127/><U38/><E121/><V90/><F126/><W5/><G129/><T82/><D110/><U62/><E135/><V22/><F133/><W75/><G5/><T120/><D120/><U4/><E107/><V13/><F111/><W34/><G34/><T73/><D99/><U76/><E76/><V125/><F125/><W3/><G3/><T123/><D123/><U91/><E101/><V59/><F118/><W94/><G58/><T79/><D117/><U32/><E53/><V1/><F1/><W15/><G17/><T10/><D10/><N who="1" m="4423" /><E43/><V41/><F35/><W39/><G66/><T47/><D119/><U2/><E38/><V67/><F33/><W7/><G7/><T37/><D37/><U98/><E98/><V36/><F36/><W44/><G44/><T114/><D73/><U102/><E102/><V93/><F22/><W109/><G109/><T71/><D71/><U122/><E2/><V105/><F105/><W9/><G9/><T131/><D131/><U24/><E122/><V85/><F41/><W19/><G19/><T88/><D114/><N who="1" m="44139" /><E24/><V52/><F50/><W86/><G75/><T23/><D74/><U72/><E72/><V11/><F11/><W100/><REACH who="3" step="1"/><G86/><REACH who="3" ten="245,235,225,245" step="2"/><N who="0" m="50263" /><D26/><U30/><AGARI ba="2,5" hai="25,30,32,61,62,91,95,96" m="44139,4423" machi="30" ten="30,2000,0" yaku="11,1,52,1" doraHai="27" who="1" fromWho="1" sc="245,-12,235,76,225,-7,245,-7" /><INIT seed="1,0,0,5,5,53" ten="233,311,218,238" oya="1" hai0="133,101,112,120,110,67,5,27,121,99,91,97,61" hai1="80,132,92,46,1,43,69,57,10,48,14,70,84" hai2="81,7,25,50,74,87,44,118,104,16,90,64,106" hai3="42,36,54,125,18,100,124,3,126,60,98,105,107"/><U109/><E1/><V56/><F118/><W113/><G113/><T75/><D75/><U102/><E132/><V51/><F74/><W127/><N who="3" m="31744" /><DORA hai="15" /><W41/><G3/><T135/><D5/><U34/><E34/><V95/><F7/><W111/><G111/><T45/><D45/><U26/><E109/><V131/><F131/><W116/><G116/><T38/><D38/><U119/><E26/><V72/><F72/><W19/><G107/><N who="0" m="63919" /><D112/><U55/><E92/><V128/><F128/><W12/><G36/><T103/><D91/><U96/><E96/><N who="2" m="57463" /><F106/><W40/><G12/><T93/><D27/><U78/><E102/><V4/><F4/><W24/><G24/><T62/><D62/><U117/><E119/><V115/><F115/><W28/><G28/><T89/><D103/><U49/><E117/><V39/><F39/><W76/><G76/><T134/><D110/><U22/><E22/><N who="2" m="13511" /><F44/><W20/><G20/><T6/><D6/><AGARI ba="0,0" hai="6,10,14,43,46,48,49,55,57,69,70,78,80,84" machi="6" ten="30,11600,0" yaku="7,1,25,2,52,1" doraHai="53,15" who="1" fromWho="0" sc="233,-116,311,116,218,0,238,0" /><INIT seed="1,1,0,0,4,3" ten="117,427,218,238" oya="1" hai0="84,121,42,115,10,101,72,34,86,31,4,49,38" hai1="15,123,63,8,129,25,83,75,102,29,96,81,108" hai2="28,97,26,22,47,134,120,50,128,7,100,18,65" hai3="52,78,94,35,21,79,48,126,32,6,11,133,71"/><U82/><E123/><V103/><F120/><W111/><G71/><T1/><D121/><U114/><E129/><V106/><F128/><W56/><G111/><T16/><D115/><U30/><E114/><V23/><F134/><W105/><G105/><T62/><D101/><U124/><E124/><V87/><F65/><W41/><G133/><T119/><D119/><U66/><E75/><V95/><F7/><W104/><G104/><T125/><D125/><U39/><E39/><V33/><F87/><W19/><G126/><T118/><D118/><U80/><E80/><V73/><F73/><W76/><G41/><T5/><D38/><U88/><E88/><V85/><F85/><W2/><REACH who="3" step="1"/><G94/><REACH who="3" ten="117,427,218,228" step="2"/><T135/><D135/><U20/><E108/><V14/><F106/><W132/><G132/><T91/><D42/><U130/><E130/><V68/><F68/><W116/><G116/><T55/><D72/><U57/><E82/><V131/><F131/><W53/><G53/><T24/><D84/><U54/><E54/><N who="2" m="30047" /><F33/><W122/><G122/><T61/><D5/><U113/><E113/><V74/><F74/><W110/><G110/><T69/><D69/><U45/><E83/><V44/><F44/><W109/><G109/><T58/><REACH who="0" step="1"/><D16/><REACH who="0" ten="107,427,218,228" step="2"/><N who="1" m="8295" /><E30/><V12/><F103/><W98/><G98/><T60/><D60/><U36/><E63/><V93/><F100/><W67/><G67/><T37/><D37/><U59/><E36/><V99/><F99/><W70/><G70/><T0/><D0/><U90/><E66/><V89/><F95/><AGARI ba="1,2" hai="1,4,10,24,31,34,49,55,58,61,62,86,91,95" machi="95" ten="30,3900,0" yaku="1,1,7,1,52,1,53,0" doraHai="3" doraHaiUra="43" who="0" fromWho="2" sc="107,62,427,0,218,-42,228,0" /><INIT seed="2,0,0,2,2,79" ten="169,427,176,228" oya="2" hai0="27,29,110,68,104,125,35,73,37,6,1,23,41" hai1="63,40,12,135,98,15,111,113,47,8,80,45,19" hai2="94,67,4,48,58,66,34,43,109,134,84,118,105" hai3="2,50,76,78,36,107,18,87,33,122,81,92,71"/><V114/><F114/><W112/><G36/><T75/><D23/><U89/><E111/><V127/><F118/><W46/><G107/><T55/><D55/><U123/><E135/><V54/><F105/><W38/><G38/><T133/><D110/><U97/><E113/><V99/><F134/><W62/><G122/><T3/><D125/><U128/><E128/><V49/><F34/><W51/><G2/><N who="0" m="523" /><D6/><U85/><E123/><V32/><F32/><W91/><G112/><T20/><D20/><N who="1" m="11367" /><E63/><V13/><F109/><W100/><G33/><T16/><D16/><N who="1" m="8295" /><E40/><V82/><F127/><W22/><G62/><T103/><D68/><U30/><E30/><V83/><F43/><W24/><G71/><T108/><D108/><U120/><E120/><V74/><F74/><W26/><G26/><T53/><D53/><U14/><E14/><V129/><F48/><N who="3" m="18475" /><G46/><AGARI ba="0,0" hai="45,46,47,80,85,89,97,98" m="8295,11367" machi="46" ten="30,3900,0" yaku="8,1,52,1,54,1" doraHai="79" who="1" fromWho="3" sc="169,0,427,39,176,0,228,-39" /><INIT seed="3,0,0,1,5,108" ten="169,466,176,189" oya="3" hai0="114,81,90,18,132,8,86,15,110,83,75,51,44" hai1="87,33,113,56,120,2,89,9,88,48,62,127,5" hai2="11,68,24,115,92,46,78,76,73,101,131,124,122" hai3="1,99,64,96,6,26,39,102,55,107,22,66,129"/><W3/><G129/><T30/><D110/><U98/><E33/><V79/><F68/><W106/><G39/><T119/><D119/><U70/><E113/><V133/><F131/><W20/><G6/><T10/><D132/><U14/><E127/><V93/><F133/><W49/><G49/><T59/><D30/><U117/><E120/><V29/><F115/><W37/><G37/><T0/><D114/><U95/><E70/><V17/><F124/><W125/><G125/><T40/><D0/><U135/><E135/><V13/><F73/><W71/><G55/><T4/><D75/><U84/><E117/><V130/><F130/><W118/><G71/><T54/><D4/><U116/><E116/><V42/><F122/><W69/><G69/><T60/><D81/><U50/><E2/><V35/><REACH who="2" step="1"/><F101/><REACH who="2" ten="169,466,166,189" step="2"/><N who="3" m="62759" /><G118/><T19/><D19/><U31/><E31/><V16/><F16/><W82/><G102/><T65/><D40/><U61/><E84/><V36/><AGARI ba="0,1" hai="11,13,17,24,29,35,36,42,46,76,78,79,92,93" machi="36" ten="30,4000,0" yaku="1,1,0,1,53,1" doraHai="108" doraHaiUra="25" who="2" fromWho="2" sc="169,-10,466,-10,166,50,189,-20" owari="159,-34.1,456,55.6,216,1.6,169,-23.1" /></mjloggm>