<mjloggm ver="2.3"><GO type="225" lobby="0"/><UN n0="%72%69%6F%75%63%68%61%6E" n1="%E8%83%83%E3%81%A8%E8%85%B8" n2="%E6%AB%BB%E4%BA%95%E5%A5%8F" n3="%E6%B4%BE%E9%81%A3%E3%81%AE%E3%82%B8%E3%83%A3%E3%83%83%E3%82%AF" dan="17,16,17,17" rate="2268.03,2187.80,2205.81,2246.16" sx="M,M,M,M"/><TAIKYOKU oya="0"/><INIT seed="0,0,0,4,3,99" ten="250,250,250,250" oya="0" hai0="53,10,112,7,56,28,94,115,107,13,36,63,83" hai1="58,59,31,85,89,37,131,64,0,3,129,135,105" hai2="75,132,38,116,23,84,16,93,103,14,21,25,67" hai3="76,60,73,120,2,42,52,72,65,44,57,34,102"/><T51/><D107/><U8/><E135/><V26/><F75/><W104/><G2/><T92/><D36/><U55/><E37/><V43/><F132/><W15/><G120/><T134/><D134/><U48/><E31/><V122/><F122/><W41/><G15/><T88/><D28/><U32/><E32/><V18/><F116/><W96/><G34/><T133/><D133/><U110/><E110/><V109/><F109/><W74/><G76/><T33/><D33/><U127/><E127/><V101/><F67/><W125/><G125/><T35/><D35/><U66/><E105/><V80/><F93/><W49/><AGARI ba="0,0" hai="41,42,44,49,52,57,60,65,72,73,74,96,102,104" machi="49" ten="40,5200,0" yaku="0,1,52,1,54,1" doraHai="99" who="3" fromWho="3" sc="250,-26,250,-13,250,-13,250,52" /><INIT seed="1,0,0,3,3,109" ten="224,237,237,302" oya="1" hai0="96,24,48,129,47,104,10,11,112,118,106,34,111" hai1="128,52,20,68,46,56,58,67,8,121,4,78,12" hai2="9,110,92,25,101,33,90,21,40,123,117,103,85" hai3="36,126,57,43,98,77,124,65,71,69,44,61,84"/><U95/><E121/><V86/><F117/><W53/><G98/><T51/><D112/><U100/><E128/><V60/><F33/><W91/><G77/><T88/><D118/><U35/><E35/><V49/><F110/><W122/><G122/><T3/><D129/><U45/><E68/><V5/><F123/><W2/><G2/><T14/><D111/><U62/><E78/><V42/><F60/><W64/><G84/><T102/><D3/><U125/><E125/><N who="3" m="48234" /><G91/><T94/><D104/><U39/><E39/><V132/><F86/><W26/><G26/><T87/><D47/><U116/><E116/><V23/><F23/><W70/><AGARI ba="0,0" hai="36,43,44,53,57,61,64,65,69,70,71" m="48234" machi="70" ten="40,5200,0" yaku="18,1,34,2" doraHai="109" who="3" fromWho="3" sc="224,-13,237,-26,237,-13,302,52" /><INIT seed="2,0,0,4,3,66" ten="211,211,224,354" oya="2" hai0="129,113,112,36,80,58,125,108,41,10,1,63,17" hai1="39,114,61,105,71,107,57,103,48,98,73,93,29" hai2="27,89,96,51,82,95,99,47,126,64,21,72,69" hai3="104,94,102,8,20,7,42,68,53,15,70,60,34"/><V88/><F126/><W16/><G34/><T131/><D108/><U121/><E114/><V117/><F117/><W79/><G94/><T118/><D125/><U97/><E121/><V18/><F72/><W32/><G32/><T6/><D118/><U109/><E29/><V123/><F123/><W2/><G79/><T28/><D28/><U23/><E39/><V49/><F69/><W59/><REACH who="3" step="1"/><G42/><REACH who="3" ten="211,211,224,344" step="2"/><T50/><D41/><U133/><E93/><N who="2" m="56367" /><F64/><W134/><G134/><T122/><D122/><U0/><E133/><V14/><F82/><W130/><G130/><T85/><D113/><U22/><E107/><V111/><F111/><W81/><G81/><T4/><D112/><U38/><E109/><V115/><F115/><W3/><G3/><T19/><D131/><U116/><E0/><V37/><F37/><W76/><G76/><T87/><D36/><U45/><E38/><V9/><F47/><W74/><G74/><T90/><D129/><U78/><E116/><V62/><F62/><W119/><G119/><T31/><D63/><U135/><E135/><V35/><F35/><W110/><G110/><T92/><D80/><U26/><E78/><V100/><F100/><W127/><G127/><T46/><D46/><U101/><E73/><V40/><F40/><W24/><G24/><T91/><D92/><N who="1" m="58535" /><E26/><V25/><F27/><W75/><G75/><T120/><D120/><U86/><E45/><V5/><AGARI ba="0,1" hai="5,9,14,18,21,25,49,51,88,95,99" m="56367" machi="5" ten="30,3000,0" yaku="8,1,54,1" doraHai="66" who="2" fromWho="2" sc="211,-10,211,-10,224,40,344,-10" /><INIT seed="2,1,0,0,2,85" ten="201,201,264,334" oya="2" hai0="105,95,4,44,98,116,92,34,112,19,54,37,120" hai1="17,69,56,90,79,33,47,63,102,86,106,60,111" hai2="27,100,18,104,57,70,64,121,5,108,36,77,119" hai3="58,48,0,132,14,52,50,6,99,28,88,129,97"/><V75/><F119/><W74/><G74/><T38/><D120/><U89/><E111/><V12/><F121/><W39/><G39/><T61/><D112/><U115/><E115/><V16/><F36/><W13/><G0/><T11/><D116/><U31/><E47/><V3/><F70/><W66/><G129/><T24/><D105/><U71/><E17/><V22/><F108/><W101/><G28/><T29/><D19/><U135/><E135/><V67/><F3/><W72/><G72/><T128/><D128/><U20/><E33/><V26/><F5/><W9/><G132/><T23/><D34/><U134/><E134/><V2/><F2/><W103/><G66/><T80/><D80/><N who="1" m="47391" /><E69/><V41/><F41/><W35/><G35/><T32/><D32/><U83/><E106/><V15/><F77/><W49/><G14/><T42/><D37/><U53/><E71/><V78/><F78/><W59/><G59/><T125/><D125/><U130/><E130/><V40/><F40/><W10/><G10/><T122/><D122/><U123/><E123/><V96/><F75/><W30/><G30/><T91/><D95/><U7/><E7/><V107/><F107/><W109/><G109/><T84/><D4/><U126/><E126/><V55/><F26/><W76/><G76/><T25/><D11/><U87/><E102/><V113/><F113/><W1/><G101/><N who="0" m="60615" /><D25/><N who="1" m="16807" /><E60/><N who="2" m="35903" /><F27/><W117/><G117/><T73/><D73/><U21/><E21/><N who="2" m="11487" /><F104/><N who="3" m="63599" /><G1/><T81/><D61/><U93/><E93/><V110/><F110/><W114/><G114/><T127/><D127/><U46/><E46/><RYUUKYOKU ba="1,0" sc="201,0,201,0,264,0,334,0" hai0="23,24,29,38,42,44,54,81,84,91" hai1="53,56,63,83,87,89,90" hai2="12,16,22,64,67,96,100" hai3="6,9,13,48,49,50,52,58,88,99" /><INIT seed="2,2,0,3,0,133" ten="201,201,264,334" oya="2" hai0="84,49,112,14,5,99,118,37,76,30,83,135,66" hai1="115,92,39,128,64,113,46,116,53,60,132,81,31" hai2="50,109,103,71,0,130,3,25,91,18,111,120,82" hai3="72,42,117,44,38,94,89,88,59,96,23,54,7"/><V102/><F120/><W41/><G72/><T22/><D112/><U62/><E31/><V52/><F71/><W13/><G117/><T129/><D37/><U87/><E116/><V93/><F82/><W122/><G122/><T6/><D118/><U32/><E32/><V28/><F18/><N who="3" m="10703" /><G38/><T107/><D129/><U78/><E128/><V56/><F130/><W36/><G36/><T70/><D135/><U98/><E132/><V20/><F102/><N who="3" m="60695" /><G7/><T75/><D75/><U108/><E108/><N who="2" m="41547" /><F103/><W1/><G1/><T65/><D70/><U55/><E39/><V27/><F25/><W124/><G124/><T80/><D80/><U127/><E127/><V21/><F21/><W4/><G4/><T24/><D5/><U90/><E60/><V17/><F28/><W131/><G131/><T45/><D107/><U97/><E97/><AGARI ba="2,0" hai="0,3,17,20,27,50,52,56,91,93,97" m="41547" machi="97" ten="30,5800,0" yaku="14,1,10,1,54,1" doraHai="133" who="2" fromWho="1" sc="201,0,201,-64,264,64,334,0" /><INIT seed="2,3,0,5,5,78" ten="201,137,328,334" oya="2" hai0="63,58,60,50,109,35,65,3,75,71,100,25,10" hai1="116,92,62,85,132,0,111,67,26,105,87,18,68" hai2="64,61,112,23,128,37,52,113,81,72,30,69,74" hai3="120,88,135,16,39,7,2,83,21,101,43,124,56"/><V86/><F37/><W29/><G120/><T133/><D109/><U95/><E116/><V123/><F123/><W110/><G29/><T114/><D114/><U46/><E105/><V90/><F128/><W34/><G34/><T98/><D133/><U82/><E132/><V117/><F117/><W20/><G101/><T6/><D75/><U80/><E0/><V44/><F74/><W19/><G43/><T42/><D42/><U48/><E111/><V5/><F5/><W13/><G39/><T41/><D41/><U107/><E107/><V70/><F69/><W40/><G40/><T127/><D127/><U22/><E48/><V106/><F106/><W45/><G45/><T91/><D50/><U8/><E46/><V24/><REACH who="2" step="1"/><F72/><REACH who="2" ten="201,137,318,334" step="2"/><W129/><G129/><T9/><D6/><U32/><E32/><V36/><F36/><W119/><G119/><T17/><D35/><U121/><E121/><V77/><F77/><W38/><G38/><T27/><D71/><U55/><E55/><V33/><F33/><W93/><G7/><T108/><D108/><U54/><E54/><V49/><AGARI ba="3,1" hai="23,24,30,44,49,52,61,64,70,81,86,90,112,113" machi="49" ten="30,11700,0" yaku="1,1,0,1,52,1,54,1,53,0" doraHai="78" doraHaiUra="28" who="2" fromWho="2" sc="201,-42,137,-42,318,136,334,-42" /><INIT seed="2,4,0,1,2,48" ten="159,95,454,292" oya="2" hai0="90,47,122,83,38,112,49,99,30,65,107,92,11" hai1="106,115,32,29,71,78,59,74,7,128,57,77,105" hai2="89,113,33,121,94,118,68,6,46,72,125,39,127" hai3="18,70,119,120,45,22,21,116,44,66,34,117,41"/><V35/><F113/><W16/><G34/><T63/><D122/><U36/><E115/><V27/><F118/><W67/><G70/><T109/><D109/><U81/><E71/><V101/><F72/><W60/><G60/><T15/><D112/><U56/><E128/><V110/><F68/><W40/><G117/><T5/><D107/><U14/><E36/><V25/><F101/><W0/><G0/><T93/><D30/><U134/><E134/><V54/><F6/><W102/><G102/><T13/><D38/><U85/><E74/><V37/><F121/><AGARI ba="4,0" hai="16,18,21,22,40,41,44,45,66,67,116,119,120,121" machi="121" ten="25,3200,0" yaku="22,2,54,1" doraHai="48" who="3" fromWho="2" sc="159,0,95,0,454,-44,292,44" /><INIT seed="3,0,0,4,5,37" ten="159,95,410,336" oya="3" hai0="47,118,52,26,36,15,42,134,107,27,128,19,5" hai1="41,72,104,127,87,88,61,98,8,129,24,16,17" hai2="110,84,131,65,53,81,46,54,120,35,112,94,85" hai3="83,108,40,57,56,132,39,114,59,71,82,68,77"/><W86/><G114/><T10/><D118/><U133/><E72/><V63/><F35/><W4/><G132/><T124/><D107/><U117/><E133/><V48/><F120/><W91/><G108/><T96/><D134/><U1/><E117/><V45/><F112/><W0/><G4/><T38/><D38/><U79/><E127/><V2/><F2/><W11/><G11/><T106/><D124/><U66/><E129/><V111/><F131/><W7/><G7/><T62/><D128/><U102/><E79/><V74/><F94/><W25/><G25/><T6/><D6/><U58/><E24/><V115/><F115/><W99/><G0/><T29/><D29/><U50/><E1/><V20/><F20/><W21/><G21/><T55/><D19/><U31/><E31/><V125/><F125/><W43/><G39/><T30/><D62/><U51/><E8/><V93/><F93/><N who="3" m="56767" /><G68/><T49/><D30/><U119/><E119/><V76/><F111/><W90/><G71/><T64/><D64/><U78/><E78/><V69/><F110/><W12/><G12/><T103/><D55/><U89/><E89/><V70/><F70/><W60/><G60/><T34/><D34/><U44/><E50/><AGARI ba="0,0" hai="45,46,48,50,53,54,63,65,69,74,76,81,84,85" machi="50" ten="40,1300,0" yaku="9,1" doraHai="37" who="2" fromWho="1" sc="159,0,95,-13,410,13,336,0" owari="159,-24.1,82,-41.8,423,52.3,336,13.6" /></mjloggm>