<mjloggm ver="2.3"><GO type="225" lobby="0"/><UN n0="%E3%83%81%E3%83%AF%E3%83%AF%E9%9A%8A%E9%95%B7" n1="%E6%B5%81%E3%82%8C%EF%BC%9F%53%4F%41" n2="%E3%81%BF%E3%81%BF%E3%81%9A" n3="%E3%80%93%E3%81%97%E3%83%BC%E3%82%89%E3%80%93" dan="17,16,18,16" rate="2187.72,2168.17,2237.97,2166.24" sx="M,M,M,M"/><TAIKYOKU oya="0"/><INIT seed="0,0,0,0,0,107" ten="250,250,250,250" oya="0" hai0="92,15,8,83,51,120,106,34,20,17,95,78,90" hai1="118,100,87,57,32,39,81,104,65,50,6,1,42" hai2="37,124,38,84,35,2,16,103,86,63,79,27,23" hai3="112,44,80,76,132,5,110,52,41,4,93,26,133"/><T82/><D120/><U36/><E32/><V117/><F2/><W85/><G112/><T72/><D106/><U74/><E118/><V71/><F117/><W130/><G110/><T43/><D34/><U135/><E135/><N who="3" m="51786" /><G130/><T53/><D43/><U101/><E104/><V54/><F103/><W14/><G14/><T24/><D82/><U66/><E87/><V128/><F128/><W25/><G93/><T46/><REACH who="0" step="1"/><D90/><REACH who="0" ten="240,250,250,250" step="2"/><U129/><E42/><V49/><F35/><W113/><G113/><T108/><D108/><U98/><E81/><V30/><F37/><N who="3" m="21551" /><G5/><AGARI ba="0,1" hai="5,8,15,17,20,24,46,51,53,72,78,83,92,95" machi="5" ten="30,5800,0" yaku="1,1,7,1,52,1,53,0" doraHai="107" doraHaiUra="29" who="0" fromWho="3" sc="240,68,250,0,250,0,250,-58" /><INIT seed="0,1,0,3,2,79" ten="308,250,250,192" oya="0" hai0="56,75,8,65,34,135,109,122,58,131,39,60,78" hai1="110,128,53,115,120,47,33,99,90,54,84,134,25" hai2="132,3,126,113,87,88,97,49,68,31,104,66,30" hai3="77,18,111,0,19,93,21,81,73,105,43,118,116"/><T83/><D122/><U95/><E120/><V14/><F113/><W57/><G105/><T32/><D39/><U103/><E115/><V85/><F3/><W9/><G111/><T20/><D109/><U86/><E110/><V89/><F126/><W98/><G43/><T63/><D131/><U51/><E134/><V28/><F132/><W13/><G57/><T101/><D135/><U61/><E128/><V41/><F68/><W72/><G72/><T7/><D101/><U125/><E125/><V45/><F66/><W36/><G36/><T102/><D102/><U4/><E4/><V121/><F121/><W11/><G0/><T22/><D32/><U6/><E6/><V52/><F104/><W112/><G112/><T82/><D82/><U129/><E129/><V42/><F97/><W44/><G44/><T10/><D34/><U108/><E108/><V64/><F14/><W106/><G106/><T94/><D94/><N who="1" m="58871" /><E25/><V29/><N who="2" m="7168" /><DORA hai="69" /><V133/><F64/><W123/><G123/><T92/><D92/><U15/><E15/><V67/><F67/><W27/><REACH who="3" step="1"/><G11/><REACH who="3" ten="308,250,250,182" step="2"/><T1/><D10/><U80/><E33/><V100/><F133/><W37/><G37/><T119/><D119/><U76/><E61/><V59/><F45/><W40/><G40/><AGARI ba="1,1" hai="40,47,51,53,54,76,80,84,86,90,95" m="58871" machi="40" ten="30,2000,0" yaku="8,1,52,1" doraHai="79,69" who="1" fromWho="3" sc="308,0,250,33,250,0,182,-23" /><INIT seed="1,0,0,2,1,3" ten="308,283,250,159" oya="1" hai0="110,76,46,100,84,122,65,32,52,99,47,15,51" hai1="128,55,14,67,95,22,4,6,129,109,83,43,2" hai2="97,113,10,40,48,130,106,94,31,36,21,59,64" hai3="35,38,27,49,102,116,134,9,7,45,39,11,119"/><U24/><E2/><V5/><F106/><W74/><G74/><T56/><D32/><U124/><E124/><V30/><F130/><N who="1" m="50281" /><E67/><V114/><F36/><W23/><G35/><T133/><D122/><U72/><E14/><N who="2" m="5455" /><F21/><W41/><G102/><T108/><D133/><U29/><E43/><V26/><F26/><W57/><G134/><T8/><D76/><N who="1" m="44423" /><E109/><N who="0" m="42089" /><D84/><U68/><E68/><V135/><F135/><W125/><G125/><T63/><D100/><U20/><E20/><V121/><F121/><W85/><G85/><T77/><D77/><U50/><E95/><V71/><F71/><W115/><G115/><N who="2" m="44041" /><F40/><W34/><G34/><T53/><D99/><U62/><E62/><N who="2" m="37983" /><F48/><W58/><G11/><T42/><D46/><AGARI ba="0,0" hai="4,6,22,24,29,46,50,55" m="44423,50281" machi="46" ten="30,5800,0" yaku="19,1,52,2" doraHai="3" who="1" fromWho="0" sc="308,-58,283,58,250,0,159,0" /><INIT seed="1,1,0,5,2,83" ten="250,341,250,159" oya="1" hai0="67,34,109,19,57,90,41,116,1,75,13,112,74" hai1="45,20,66,59,91,2,117,118,23,134,100,52,40" hai2="18,31,0,106,101,73,131,47,95,65,121,78,7" hai3="113,80,48,30,99,133,127,58,36,37,12,92,69"/><U43/><E2/><V105/><F31/><W128/><G69/><T84/><D112/><U44/><E100/><V71/><F18/><W125/><G113/><T81/><D116/><U17/><E66/><V68/><F95/><W3/><G3/><T25/><D1/><U54/><E91/><V61/><F131/><W97/><G30/><T42/><D109/><U98/><E98/><V39/><F71/><W79/><G128/><T96/><D34/><U27/><E134/><V122/><F101/><W10/><G133/><T14/><D96/><U63/><E54/><V62/><F62/><W22/><G22/><N who="0" m="13535" /><D74/><U26/><E44/><V4/><F4/><W123/><G99/><T60/><D75/><U89/><E89/><V9/><F122/><W8/><G123/><T16/><D13/><U132/><E132/><V114/><F121/><W51/><G37/><T87/><D87/><U24/><E40/><N who="2" m="22943" /><F114/><W102/><G36/><T49/><D49/><U111/><E111/><V124/><F124/><W115/><G115/><T64/><D64/><U56/><E56/><V82/><AGARI ba="1,0" hai="0,7,9,61,65,68,73,78,82,105,106" m="22943" machi="82" ten="30,4000,0" yaku="25,1,33,2" doraHai="83" who="2" fromWho="2" sc="250,-11,341,-21,250,43,159,-11" /><INIT seed="2,0,0,2,3,86" ten="239,320,293,148" oya="2" hai0="4,18,89,128,127,112,23,59,120,113,103,49,108" hai1="11,31,92,69,84,45,3,129,119,15,66,26,98" hai2="55,35,16,118,90,48,122,131,132,43,61,135,126" hai3="10,125,20,95,27,9,41,107,42,28,37,60,104"/><V51/><F118/><W85/><G125/><T32/><D120/><U47/><E119/><V116/><F116/><W54/><G104/><T67/><D32/><U97/><E3/><V40/><F122/><W81/><G107/><T121/><D121/><U65/><E69/><V79/><F35/><W14/><G95/><T7/><D127/><U22/><E84/><V74/><F126/><W62/><G10/><T78/><D128/><U123/><E129/><V111/><F131/><W134/><G134/><N who="2" m="51241" /><F111/><W96/><G96/><T93/><D108/><U34/><E34/><V39/><F39/><W53/><G37/><T80/><D103/><U117/><E98/><V133/><F61/><W100/><G100/><T73/><D113/><U115/><E115/><V19/><F90/><W33/><G33/><T105/><D105/><U110/><E110/><V76/><N who="2" m="51249" /><V88/><DORA hai="63" /><F88/><N who="3" m="51247" /><G62/><T17/><D112/><U109/><E109/><V58/><F48/><W36/><G36/><T64/><D49/><U24/><E117/><V44/><F74/><W99/><G99/><T2/><D73/><U114/><E114/><V75/><F75/><W1/><G1/><T82/><D2/><U38/><E38/><N who="2" m="21527" /><F43/><N who="3" m="16395" /><G60/><T25/><D78/><AGARI ba="0,0" hai="16,19,51,55,58,76,78,79" m="21527,51249" machi="78" ten="40,3900,0" yaku="20,1,54,1" doraHai="86,63" who="2" fromWho="0" sc="239,-39,320,0,293,39,148,0" /><INIT seed="2,1,0,2,1,12" ten="200,320,332,148" oya="2" hai0="77,70,120,58,99,117,53,27,67,88,38,51,65" hai1="57,61,48,132,121,4,125,6,74,112,60,124,20" hai2="97,118,130,47,10,91,1,66,55,59,39,94,40" hai3="68,100,50,114,103,11,64,56,28,24,95,0,122"/><V42/><F118/><W119/><G119/><T86/><D120/><U29/><E112/><V131/><F40/><W89/><G122/><T32/><D117/><U19/><E74/><V17/><F66/><W109/><G114/><T110/><D38/><U25/><E121/><V101/><F101/><W16/><G68/><T73/><D73/><U2/><E132/><V71/><F71/><W33/><G109/><T46/><D70/><U92/><E48/><V102/><F102/><W106/><G106/><T87/><D110/><U83/><E83/><V82/><F82/><W9/><G0/><T43/><D77/><U69/><E92/><V116/><F116/><W79/><G79/><T135/><D135/><U41/><E41/><V35/><F35/><W85/><G9/><T126/><D126/><N who="1" m="48747" /><E2/><V13/><REACH who="2" step="1"/><F1/><REACH who="2" ten="200,320,322,148" step="2"/><W104/><G104/><T127/><D127/><U52/><E29/><V18/><F18/><W30/><G30/><T54/><D43/><U31/><E31/><V80/><F80/><W26/><G64/><AGARI ba="1,1" hai="4,6,19,20,25,52,57,60,61,64,69" m="48747" machi="64" ten="30,3900,0" yaku="18,1,52,1,54,1" doraHai="12" who="1" fromWho="3" sc="200,0,320,52,322,0,148,-42" /><INIT seed="3,0,0,3,1,54" ten="200,372,322,106" oya="3" hai0="119,92,96,43,46,132,76,88,27,10,80,72,35" hai1="20,15,37,44,28,93,108,16,113,4,19,11,91" hai2="21,2,117,101,115,82,85,36,55,84,135,32,14" hai3="42,41,53,52,104,5,60,0,38,57,110,47,116"/><W98/><G0/><T26/><D119/><U30/><E113/><V131/><F2/><W9/><G116/><T109/><D132/><U51/><E37/><V126/><F32/><W29/><G29/><N who="1" m="11370" /><E108/><V31/><F36/><W45/><G110/><T70/><D109/><U39/><E39/><V59/><F115/><W103/><G38/><T123/><D123/><U107/><E107/><V87/><F117/><W130/><G130/><T97/><D35/><U78/><E78/><V25/><F131/><W95/><G104/><T7/><D70/><U86/><E20/><V102/><F135/><W23/><G23/><T1/><D97/><U56/><E56/><V134/><F134/><W118/><G118/><T129/><D129/><U63/><E63/><V99/><F126/><W64/><G45/><T12/><D1/><U34/><E34/><V90/><F14/><N who="3" m="5423" /><G47/><T94/><D94/><U106/><E106/><V65/><F65/><W75/><G75/><T13/><D13/><U58/><E58/><V125/><F125/><W3/><G3/><T100/><D100/><U73/><E73/><V17/><F31/><W112/><G112/><T81/><D81/><U8/><E8/><V62/><F82/><W111/><G111/><T24/><D24/><U122/><E122/><V114/><F114/><W124/><G124/><T120/><D120/><U50/><E50/><AGARI ba="0,0" hai="7,10,12,26,27,43,46,50,72,76,80,88,92,96" machi="50" ten="30,2000,0" yaku="7,1,54,1" doraHai="54" who="0" fromWho="1" sc="200,20,372,-20,322,0,106,0" owari="220,-18.0,352,45.2,322,12.2,106,-39.4" /></mjloggm>