<mjloggm ver="2.3"><GO type="225" lobby="0"/><UN n0="%73%75%7A%75%6D%65%33" n1="%E3%81%BE%E3%81%A8%E3%81%9F" n2="%72%61%6B%33" n3="%E3%83%8F%E3%82%A4%E3%83%91%E3%83%BC%E3%83%84%E3%83%8A%E7%BC%B6" dan="17,16,18,16" rate="2208.45,2168.15,2267.37,2096.52" sx="M,M,M,M"/><TAIKYOKU oya="0"/><INIT seed="0,0,0,1,4,116" ten="250,250,250,250" oya="0" hai0="59,27,8,39,117,133,94,2,83,24,31,108,88" hai1="72,7,112,71,118,22,109,100,37,6,111,81,54" hai2="124,115,28,18,60,47,33,14,53,17,101,85,15" hai3="119,69,91,45,128,19,46,65,105,52,11,10,4"/><T16/><D117/><U21/><E118/><V135/><F124/><W70/><G119/><T79/><D39/><U9/><E37/><V122/><F135/><W40/><G105/><T36/><D36/><U67/><E100/><V77/><F115/><W132/><G65/><T120/><D120/><U26/><E54/><V51/><F33/><W35/><G35/><T86/><D133/><U64/><E81/><V96/><F28/><W129/><G132/><T107/><D107/><U127/><E9/><V49/><F122/><W114/><G114/><T80/><D108/><U44/><E112/><V106/><F60/><W113/><G113/><T121/><D121/><U25/><E72/><V1/><F1/><W12/><G91/><T87/><D2/><U58/><E58/><V23/><F51/><N who="3" m="28783" /><G46/><T89/><D59/><U99/><E44/><V75/><F75/><W0/><G40/><T63/><D63/><U13/><E71/><V84/><F77/><W48/><G48/><T97/><D31/><U131/><E127/><V95/><REACH who="2" step="1"/><F106/><REACH who="2" ten="250,250,240,250" step="2"/><W93/><G0/><T38/><D38/><U134/><E134/><V42/><F42/><W76/><G76/><T92/><D80/><U66/><E109/><V74/><F74/><W61/><G61/><T55/><D55/><U98/><E111/><V102/><F102/><W103/><G103/><T125/><D125/><U3/><E3/><V50/><F50/><W78/><G78/><T82/><D82/><U123/><E67/><V73/><F73/><W56/><G93/><T57/><D57/><U104/><E66/><V30/><F30/><RYUUKYOKU ba="0,1" sc="250,15,250,-15,240,15,250,-15" hai0="8,16,24,27,79,83,86,87,88,89,92,94,97" hai2="14,15,17,18,23,47,49,53,84,85,95,96,101" /><INIT seed="0,1,1,3,0,126" ten="265,235,255,235" oya="0" hai0="49,66,46,75,135,98,29,30,92,76,116,121,86" hai1="0,26,3,71,23,25,72,48,37,24,56,19,36" hai2="42,113,22,91,27,58,129,101,89,99,131,110,117" hai3="11,123,14,62,10,107,15,77,69,60,17,45,105"/><T20/><D121/><U63/><E71/><V57/><F113/><W18/><G123/><T84/><D116/><U2/><E72/><V32/><F32/><W120/><G120/><T119/><D119/><U8/><E8/><V47/><F110/><W16/><G77/><T122/><D122/><U21/><E48/><V35/><F35/><W53/><G69/><T83/><D66/><U78/><E78/><V6/><F6/><W5/><G45/><T112/><D135/><U88/><E88/><V85/><F57/><W68/><G68/><T81/><D112/><U95/><E95/><V114/><F58/><W43/><G43/><T44/><D75/><U12/><REACH who="1" step="1"/><E21/><REACH who="1" ten="265,225,255,235" step="2"/><V106/><F117/><W38/><G38/><T125/><D20/><U97/><E97/><V61/><F114/><W94/><G94/><T51/><D51/><U82/><E82/><V100/><F100/><W52/><REACH who="3" step="1"/><G18/><REACH who="3" ten="265,225,255,225" step="2"/><T73/><D92/><U109/><E109/><V33/><F106/><W70/><G70/><T31/><D81/><U127/><E127/><V124/><F124/><W130/><G130/><T67/><D125/><U55/><AGARI ba="1,3" hai="0,2,3,12,19,23,24,25,26,36,37,55,56,63" machi="55" ten="40,2700,0" yaku="1,1,0,1,53,0" doraHai="126" doraHaiUra="118" who="1" fromWho="1" sc="265,-14,225,60,255,-8,225,-8" /><INIT seed="1,0,0,1,5,103" ten="251,285,247,217" oya="1" hai0="83,80,73,114,117,59,91,19,37,104,47,3,135" hai1="115,122,5,72,96,129,105,33,41,93,111,106,56" hai2="67,44,34,14,26,108,79,82,132,116,2,53,25" hai3="9,70,8,76,61,98,21,4,50,97,71,7,68"/><U69/><E115/><V89/><F2/><W23/><G76/><T18/><D114/><U55/><E69/><V29/><F108/><W64/><G50/><T99/><D117/><U101/><E122/><V40/><F132/><W17/><G61/><T134/><D3/><U46/><E33/><V24/><F116/><W63/><G63/><T11/><D59/><U86/><E72/><V62/><F53/><W12/><G64/><T130/><D130/><U38/><E129/><V90/><F14/><W92/><G17/><T39/><D11/><U30/><E30/><V102/><F102/><W36/><G36/><T87/><D73/><U51/><E111/><V88/><F44/><W110/><G110/><T0/><D0/><U112/><E112/><V81/><F40/><W32/><G32/><T6/><D6/><U121/><E121/><V31/><F34/><W77/><G77/><T126/><D126/><U35/><E5/><V133/><F133/><N who="0" m="50698" /><D83/><U109/><E35/><V124/><F124/><W49/><G49/><T118/><D118/><U15/><E15/><V58/><REACH who="2" step="1"/><F82/><REACH who="2" ten="251,285,237,217" step="2"/><W45/><G45/><T74/><D47/><U127/><E127/><V128/><F128/><W42/><G42/><T84/><D39/><U125/><E125/><V27/><N who="2" m="6144" /><DORA hai="16" /><V1/><F1/><W60/><G12/><T65/><D37/><U85/><REACH who="1" step="1"/><E109/><REACH who="1" ten="251,275,237,217" step="2"/><V48/><F48/><W131/><G131/><T78/><D74/><AGARI ba="0,2" hai="29,31,58,62,67,74,79,81,88,89,90" m="6144" machi="74" ten="50,6400,0" yaku="1,1,54,1,53,1" doraHai="103,16" doraHaiUra="28,57" who="2" fromWho="0" sc="251,-64,275,0,237,84,217,0" /><INIT seed="2,0,0,4,2,91" ten="187,275,321,217" oya="2" hai0="112,134,52,76,120,24,11,66,20,103,72,68,100" hai1="55,71,28,125,128,41,111,119,126,99,122,92,18" hai2="4,107,85,80,5,39,36,123,13,6,43,37,27" hai3="133,45,17,102,86,63,69,62,70,101,113,60,135"/><V73/><F123/><W23/><G113/><T34/><D112/><U64/><E119/><V109/><F107/><W1/><G1/><T131/><D120/><U21/><E122/><V65/><F73/><W53/><G86/><T46/><D34/><U56/><E41/><V114/><F114/><W50/><G101/><T132/><D131/><U81/><E28/><V105/><F105/><W127/><G102/><T87/><D72/><U33/><E33/><V51/><F65/><W79/><G79/><T108/><D108/><U106/><E106/><V48/><F109/><W117/><G117/><T96/><D11/><U25/><E128/><V38/><F27/><W98/><G98/><T129/><D129/><U31/><E71/><N who="3" m="27146" /><G17/><T47/><D103/><U58/><E111/><V12/><N who="2" m="9216" /><DORA hai="118" /><V8/><F13/><W29/><G23/><T78/><D68/><U74/><E74/><V130/><F130/><W44/><G29/><T88/><D66/><U42/><E31/><V26/><F26/><W40/><G127/><T10/><D10/><U82/><E64/><V35/><F35/><W9/><G9/><T84/><D100/><U124/><E58/><V7/><REACH who="2" step="1"/><F43/><REACH who="2" ten="187,275,311,217" step="2"/><W95/><G40/><T57/><D24/><U19/><E42/><V61/><F61/><W32/><G32/><T3/><D3/><U89/><E18/><V77/><AGARI ba="0,1" hai="4,5,6,7,8,12,48,51,77,80,85" m="9216" machi="77" ten="60,6000,0" yaku="1,1,0,1,53,0" doraHai="91,118" doraHaiUra="121,94" who="2" fromWho="2" sc="187,-20,275,-20,311,70,217,-20" /><INIT seed="2,1,0,3,3,84" ten="167,255,381,197" oya="2" hai0="19,29,63,98,120,133,36,78,38,47,54,10,45" hai1="18,62,113,128,134,23,112,4,11,3,41,76,34" hai2="87,53,27,125,6,48,67,66,37,129,119,127,35" hai3="28,22,116,32,104,40,77,5,118,75,26,31,109"/><V130/><F6/><W102/><G40/><T13/><D120/><U96/><E76/><V2/><F2/><W90/><G109/><T68/><D133/><U20/><E41/><V61/><F27/><W123/><G123/><T7/><D29/><U108/><E96/><V135/><F35/><W52/><G5/><T93/><D78/><U94/><E94/><V69/><F87/><W82/><G104/><T55/><D38/><U80/><E62/><V106/><F106/><W0/><G102/><T46/><D36/><U25/><E80/><V59/><F119/><W65/><G65/><T14/><D68/><U15/><E108/><V101/><F101/><W91/><G0/><T79/><D79/><U1/><E134/><V103/><F103/><W56/><G118/><T57/><D54/><U81/><E81/><V105/><F105/><W85/><G116/><T126/><D126/><N who="2" m="48138" /><F135/><W8/><G8/><T92/><REACH who="0" step="1"/><D98/><REACH who="0" ten="157,255,381,197" step="2"/><U17/><E34/><V16/><F37/><W72/><G72/><T83/><D83/><U9/><E128/><V131/><F66/><W100/><G75/><T30/><D30/><N who="3" m="11305" /><G32/><T107/><D107/><U88/><E113/><V70/><F70/><W111/><G111/><T21/><AGARI ba="1,1" hai="7,10,13,14,19,21,45,46,47,55,57,63,92,93" machi="21" ten="30,4000,0" yaku="1,1,0,1,8,1,53,0" doraHai="84" doraHaiUra="64" who="0" fromWho="0" sc="157,53,255,-11,381,-21,197,-11" /><INIT seed="3,0,0,1,0,102" ten="210,244,360,186" oya="3" hai0="18,84,22,124,109,46,73,70,115,121,106,60,120" hai1="96,128,13,94,91,62,113,123,38,7,126,33,77" hai2="30,0,64,66,71,61,80,5,108,87,37,105,132" hai3="112,14,23,31,129,35,92,32,133,59,44,111,99"/><W55/><G112/><T4/><D73/><U75/><E123/><V83/><F30/><W110/><G44/><T56/><D115/><U78/><E113/><V90/><F5/><W135/><G129/><T8/><D70/><U43/><E33/><V34/><F34/><W10/><G23/><T72/><D72/><U88/><E75/><V27/><F27/><W52/><G31/><T36/><D124/><U82/><E128/><V49/><F64/><W20/><G20/><T39/><D84/><N who="1" m="50199" /><E38/><V81/><F0/><W57/><G92/><T119/><D22/><U98/><E43/><V9/><F81/><W63/><G99/><N who="1" m="37930" /><E62/><V69/><F80/><W40/><G40/><T118/><D106/><U122/><E126/><V68/><F83/><W104/><G14/><T67/><D60/><U74/><E74/><V107/><F61/><W130/><G130/><T134/><D120/><U76/><E122/><V41/><F68/><W85/><G63/><T86/><D121/><U53/><E53/><V114/><F69/><W97/><G97/><T100/><D39/><U21/><E7/><V6/><F6/><W54/><G54/><T12/><D4/><U26/><E13/><V93/><F37/><W89/><G89/><T50/><D36/><U17/><E91/><V79/><F90/><W25/><G25/><T29/><D12/><U11/><E11/><V19/><F9/><W117/><G10/><T16/><D8/><U116/><E116/><V127/><F71/><W1/><G117/><T24/><D119/><U95/><AGARI ba="0,0" hai="17,21,26,76,77,78,94,95" m="37930,50199" machi="95" ten="30,2000,0" yaku="8,1,54,1" doraHai="102" who="1" fromWho="1" sc="210,-5,244,20,360,-5,186,-10" owari="205,-19.5,264,6.4,355,45.5,176,-32.4" /></mjloggm>