<mjloggm ver="2.3"><GO type="225" lobby="0"/><UN n0="%E8%81%B7%E6%A5%AD%E3%80%81%E9%A2%A8%32" n1="%E3%81%8F%E3%81%BE%E3%81%96%E3%82%8F" n2="%E3%81%9D%E3%81%B5%E3%81%81%E3%82%82%E3%82%93" n3="%6D%75%75%6D%75%72%61" dan="16,16,16,17" rate="2080.18,2058.09,2121.92,2197.78" sx="M,M,M,F"/><TAIKYOKU oya="0"/><INIT seed="0,0,0,1,2,104" ten="250,250,250,250" oya="0" hai0="53,3,16,14,133,59,78,119,71,89,29,46,72" hai1="51,105,108,103,131,115,64,102,49,67,120,116,52" hai2="35,134,31,125,13,1,111,94,56,84,12,22,98" hai3="38,130,34,2,83,45,5,60,88,110,123,37,77"/><T91/><D133/><U54/><E116/><V6/><F111/><W132/><G110/><T68/><D3/><U44/><E120/><V121/><F121/><W23/><G123/><T127/><D119/><U96/><E108/><V73/><F125/><W11/><G34/><T24/><D127/><U87/><E131/><V63/><F84/><W93/><G132/><T129/><D129/><U27/><E115/><V90/><F35/><W118/><G130/><T48/><D72/><U4/><E4/><V40/><F1/><W58/><G118/><T81/><D68/><U85/><E27/><N who="2" m="16887" /><F73/><W39/><G23/><N who="0" m="15519" /><D71/><U8/><E8/><V30/><F30/><W36/><G36/><T66/><D81/><U62/><E102/><V55/><F134/><W69/><G69/><T80/><D80/><U112/><E112/><V47/><F6/><W19/><G19/><T101/><D78/><U26/><E26/><V117/><F117/><W41/><G83/><T97/><D101/><U109/><E109/><V114/><F114/><W113/><G113/><T79/><D79/><U42/><E87/><V92/><F94/><W61/><G77/><T28/><D97/><U7/><E85/><V57/><F57/><W107/><G107/><T122/><D28/><U86/><E86/><V128/><F128/><W10/><G10/><N who="0" m="6231" /><D122/><U135/><E135/><V33/><F33/><W18/><G18/><T65/><D59/><N who="1" m="35175" /><E7/><V17/><F17/><W76/><G76/><T15/><D15/><U99/><E99/><V126/><F126/><W100/><G100/><T21/><D21/><U95/><E105/><RYUUKYOKU ba="0,0" sc="250,10,250,10,250,10,250,-30" hai0="46,48,53,65,66,89,91" hai1="42,44,49,51,54,64,67,95,96,103" hai2="12,13,40,47,55,56,63,90,92,98" /><INIT seed="0,1,0,4,0,93" ten="260,260,260,220" oya="0" hai0="87,76,47,83,52,9,16,56,99,55,28,60,57" hai1="100,133,84,25,81,127,35,134,27,33,50,86,17" hai2="95,94,67,129,40,118,65,122,24,135,12,3,13" hai3="123,38,1,78,77,71,32,85,103,10,117,49,4"/><T30/><D47/><U126/><E50/><V106/><F106/><W131/><G38/><T61/><D99/><U11/><E100/><V114/><F3/><W116/><G71/><T74/><D74/><U68/><E68/><V15/><F122/><W43/><G123/><T113/><D113/><U109/><E109/><V128/><F114/><W92/><G131/><N who="2" m="50249" /><F135/><N who="1" m="51721" /><E11/><V119/><F24/><N who="1" m="9289" /><E17/><V70/><F40/><W112/><G32/><N who="1" m="12362" /><E81/><V63/><F67/><W37/><G112/><T125/><D125/><AGARI ba="1,0" hai="84,86,125,126,127" m="12362,9289,51721" machi="125" ten="40,8000,1" yaku="28,2,18,1,20,1" doraHai="93" who="1" fromWho="0" sc="260,-83,260,83,260,0,220,0" /><INIT seed="1,0,0,5,3,93" ten="177,343,260,220" oya="1" hai0="122,121,108,112,114,62,103,60,11,32,30,77,55" hai1="58,54,13,59,40,31,72,19,94,82,113,96,89" hai2="118,97,56,126,15,74,45,120,109,38,5,21,43" hai3="100,37,111,39,73,78,116,14,91,70,128,10,101"/><U16/><E113/><V63/><F118/><W69/><G116/><T129/><D11/><U102/><E40/><V4/><F120/><N who="0" m="46186" /><D77/><U6/><E31/><V57/><F74/><W71/><G111/><T110/><D30/><U135/><E135/><V75/><F75/><W53/><G128/><T23/><D23/><U127/><E127/><V22/><F109/><N who="0" m="42090" /><D129/><U3/><E3/><V33/><F33/><W83/><G91/><T49/><D103/><U123/><E123/><V95/><F57/><W47/><G100/><T107/><D107/><U25/><E59/><V1/><F126/><W87/><G73/><T52/><D32/><U106/><E25/><V98/><F1/><W90/><G78/><T119/><D119/><U7/><E72/><V26/><F21/><W65/><G101/><T2/><D2/><U18/><E13/><V36/><F15/><W130/><G130/><T88/><D88/><U9/><E9/><V50/><F4/><W41/><G14/><T125/><D125/><U117/><E117/><V67/><F5/><W79/><G10/><T64/><D55/><U86/><E106/><V133/><F22/><W66/><G53/><T27/><D27/><U42/><E6/><V12/><F26/><W124/><G79/><T46/><D62/><N who="1" m="36183" /><E7/><V85/><F12/><W34/><G124/><T28/><D28/><U80/><E80/><V115/><F63/><W51/><G34/><T132/><D132/><U0/><E0/><V134/><F134/><W99/><G99/><T92/><D92/><U8/><E8/><V68/><F133/><W24/><G24/><RYUUKYOKU ba="0,0" sc="177,10,343,10,260,-30,220,10" hai0="46,49,52,60,64,112,114" hai1="16,18,19,42,82,86,89,94,96,102" hai3="37,39,41,47,51,65,66,69,70,71,83,87,90" /><INIT seed="1,1,0,4,4,40" ten="187,353,230,230" oya="1" hai0="13,131,96,20,97,106,29,71,130,105,37,43,36" hai1="51,10,57,83,54,103,78,66,95,135,7,34,46" hai2="60,0,122,119,45,16,87,85,134,22,74,5,115" hai3="108,77,113,41,14,27,70,129,61,118,32,33,48"/><U72/><E135/><V65/><F122/><W114/><G108/><T133/><D71/><U88/><E34/><V63/><F119/><W50/><G118/><T109/><D29/><U23/><E103/><V2/><F74/><W47/><G129/><N who="0" m="49163" /><D109/><U117/><E117/><V21/><F134/><W18/><G77/><T19/><D133/><U120/><E120/><V26/><F115/><W90/><G90/><T69/><D69/><U24/><E66/><V62/><F65/><W4/><G4/><T128/><N who="0" m="49171" /><T132/><DORA hai="104" /><D132/><U92/><E57/><V112/><F112/><W110/><G110/><T58/><D58/><U121/><E88/><V100/><F100/><W15/><G33/><T84/><D84/><U53/><E53/><V126/><F5/><W98/><G98/><N who="0" m="37995" /><D36/><U31/><REACH who="1" step="1"/><E121/><REACH who="1" ten="187,343,230,230" step="2"/><V30/><F63/><W75/><G61/><T52/><D52/><U116/><E116/><V93/><F62/><W17/><G113/><T89/><D89/><U79/><E79/><V99/><F60/><W35/><G114/><T11/><D106/><U3/><AGARI ba="1,1" hai="3,7,10,23,24,31,46,51,54,72,78,83,92,95" machi="3" ten="20,12000,1" yaku="1,1,0,1,7,1,52,2,53,0" doraHai="40,104" doraHaiUra="28,86" who="1" fromWho="1" sc="187,-41,343,133,230,-41,230,-41" /><INIT seed="1,2,0,0,5,119" ten="146,476,189,189" oya="1" hai0="86,106,39,40,53,60,132,29,117,114,129,50,131" hai1="99,4,75,20,30,116,27,87,1,76,67,65,95" hai2="24,32,79,44,94,127,2,101,73,55,91,23,33" hai3="48,84,123,69,31,8,46,81,28,78,109,41,83"/><U59/><E116/><V124/><F2/><W96/><G123/><T15/><D106/><U111/><E75/><V3/><F3/><W103/><G109/><T110/><D117/><U21/><E111/><V82/><F101/><W97/><G69/><T11/><D110/><U57/><E1/><V9/><F9/><W22/><G8/><T121/><D114/><U128/><E4/><V108/><F108/><W16/><G81/><T63/><D29/><N who="3" m="11337" /><G103/><T133/><D121/><U126/><E126/><N who="2" m="48171" /><F55/><W90/><G78/><T92/><D40/><U66/><E128/><N who="0" m="49225" /><D39/><U107/><E107/><V130/><F44/><W0/><G0/><T134/><D86/><U51/><E20/><V7/><F7/><W42/><G42/><T68/><D92/><U125/><E125/><V62/><F130/><W38/><G38/><T64/><D63/><U105/><E105/><V85/><F62/><W56/><G56/><N who="0" m="32823" /><D11/><U5/><E5/><V45/><F45/><W72/><G72/><T10/><D10/><U13/><E51/><V135/><F135/><W18/><G22/><T89/><D89/><U14/><E59/><V80/><F94/><W115/><G115/><T61/><D61/><U118/><E57/><V77/><F91/><W88/><G90/><T35/><D35/><U43/><E43/><V36/><F36/><W25/><G25/><T49/><D15/><U12/><E118/><V93/><F93/><W37/><G37/><T26/><D26/><U52/><E95/><V34/><F24/><W100/><G100/><T58/><D49/><U104/><E27/><V19/><F33/><RYUUKYOKU ba="2,0" sc="146,10,476,-30,189,10,189,10" hai0="58,60,64,68,132,133,134" hai2="19,23,32,34,73,77,79,80,82,85" hai3="16,18,41,46,48,83,84,88,96,97" /><INIT seed="2,3,0,3,2,69" ten="156,446,199,199" oya="2" hai0="65,23,4,95,97,33,6,86,12,16,72,92,91" hai1="122,2,64,82,11,7,58,108,107,54,1,35,121" hai2="15,19,78,81,25,13,129,17,80,63,66,55,5" hai3="118,103,14,96,39,57,101,84,85,32,116,29,105"/><V62/><F129/><W102/><G57/><T76/><D33/><U21/><E35/><V88/><F5/><W83/><G29/><T53/><D65/><U67/><E108/><V114/><F114/><W79/><G14/><T50/><D72/><U46/><E107/><V24/><F55/><W128/><G39/><T73/><D73/><U61/><E1/><V28/><F28/><W115/><G32/><T90/><REACH who="0" step="1"/><D76/><REACH who="0" ten="146,446,199,199" step="2"/><U43/><E67/><V104/><F66/><W119/><G128/><T135/><D135/><U41/><E64/><V37/><F78/><N who="3" m="46199" /><G115/><T74/><D74/><U44/><E121/><V93/><F104/><W60/><G60/><T51/><D51/><U94/><E61/><V71/><F71/><W111/><G111/><T56/><AGARI ba="3,1" hai="4,6,12,16,23,50,53,56,86,90,91,92,95,97" machi="56" ten="20,12000,2" yaku="1,1,0,1,7,1,25,2,8,1,54,1,53,0" doraHai="69" doraHaiUra="27" who="0" fromWho="0" sc="146,139,446,-33,199,-63,199,-33" /><INIT seed="3,0,0,4,5,55" ten="285,413,136,166" oya="3" hai0="68,65,66,75,10,40,20,102,64,60,61,86,81" hai1="32,121,12,131,34,24,69,3,76,51,122,48,13" hai2="47,99,23,56,129,19,89,116,54,26,17,30,44" hai3="125,123,124,22,8,59,18,130,82,90,135,29,11"/><W94/><G123/><T128/><D75/><U96/><E69/><V109/><F116/><W21/><G82/><T119/><D128/><U132/><E3/><V53/><F129/><W104/><G104/><T95/><D40/><U73/><E24/><V71/><F71/><W14/><G130/><T5/><D20/><U1/><E1/><V91/><F109/><W92/><G135/><T134/><D134/><U43/><E43/><V9/><F54/><W113/><G113/><T93/><D119/><U103/><E132/><V16/><F9/><W88/><G14/><N who="0" m="5455" /><D68/><U107/><E73/><V74/><F74/><W4/><G18/><T83/><D81/><U101/><E131/><V49/><F99/><W78/><G4/><T50/><D50/><U70/><E96/><V63/><F49/><W57/><G78/><N who="0" m="46455" /><D102/><U37/><E70/><V111/><F111/><W120/><G120/><T0/><D0/><U118/><E118/><V77/><F77/><W126/><G126/><T108/><D108/><U25/><E121/><V6/><F6/><W58/><G58/><T106/><D106/><U42/><E107/><V98/><F98/><W79/><G79/><T15/><D15/><U87/><E76/><V85/><F91/><W84/><G84/><T39/><D39/><U38/><E87/><V62/><F62/><AGARI ba="0,0" hai="60,61,62,64,65,66,93,95" m="46455,5455" machi="62" ten="30,1000,0" yaku="8,1" doraHai="55" who="0" fromWho="2" sc="285,10,413,0,136,-10,166,0" owari="295,9.5,413,51.3,126,-37.4,166,-23.4" /></mjloggm>