<mjloggm ver="2.3"><GO type="225" lobby="0"/><UN n0="%E3%83%93%E3%82%BF%E3%83%BC%E3%82%AD%E3%83%A3%E3%83%A9%E3%83%A1%E3%83%AB" n1="%E3%81%95%E3%81%8D%E3%81%9F%E3%81%BE%E6%9E%97%E6%AA%8E" n2="%6D%75%75%6D%75%72%61" n3="%E7%89%B9%E6%9D%B1%E3%81%AF%E4%B8%96%E7%95%8C%E3%82%92%E6%95%91%E3%81%86" dan="16,16,16,16" rate="2044.94,2081.40,2167.46,2092.76" sx="M,M,F,M"/><TAIKYOKU oya="0"/><INIT seed="0,0,0,1,1,28" ten="250,250,250,250" oya="0" hai0="73,39,122,48,101,130,125,52,64,84,100,47,86" hai1="72,8,99,14,75,113,56,132,24,60,105,107,78" hai2="80,106,103,117,67,12,94,32,13,134,111,36,42" hai3="121,66,70,88,9,41,108,53,15,22,110,29,19"/><T18/><D122/><U82/><E132/><V76/><F106/><W126/><G41/><T97/><D73/><U95/><E75/><V63/><F134/><W114/><G114/><T74/><D74/><U118/><E24/><V3/><F3/><W6/><G121/><T38/><D101/><U26/><E26/><V85/><F111/><N who="3" m="42539" /><G29/><T98/><D98/><U68/><E68/><V69/><F32/><W135/><G135/><T51/><D64/><U49/><E49/><V123/><F123/><W40/><G40/><T1/><D1/><U83/><E83/><V2/><F2/><W59/><G66/><T124/><D130/><U90/><E118/><V45/><F117/><W31/><G31/><T4/><D4/><U89/><E89/><V77/><F77/><W5/><G70/><T55/><D18/><U120/><E113/><V57/><F69/><W7/><G88/><T17/><D17/><U58/><E120/><V46/><REACH who="2" step="1"/><F45/><REACH who="2" ten="250,250,240,250" step="2"/><W102/><G126/><N who="0" m="48747" /><D38/><U35/><E35/><V43/><F43/><W115/><G115/><T81/><D39/><U71/><E71/><V133/><F133/><W92/><G102/><T50/><D47/><U112/><E112/><V87/><F87/><N who="0" m="33322" /><D81/><U131/><E72/><V119/><F119/><W10/><G92/><AGARI ba="0,1" hai="48,50,51,52,55,92,97,100" m="33322,48747" machi="92" ten="30,2900,0" yaku="18,1,54,1" doraHai="28" who="0" fromWho="3" sc="250,39,250,0,240,0,250,-29" /><INIT seed="0,1,0,1,1,51" ten="289,250,240,221" oya="0" hai0="132,25,5,118,78,52,21,96,4,112,20,38,82" hai1="134,19,34,60,128,17,114,113,64,45,93,94,85" hai2="63,126,122,53,46,89,1,120,44,127,74,129,70" hai3="15,103,91,59,87,47,65,29,124,9,79,43,68"/><T100/><D118/><U62/><E34/><V42/><F74/><W14/><G68/><T49/><D112/><N who="1" m="43115" /><E134/><V76/><F76/><W12/><G124/><N who="2" m="47657" /><F1/><W39/><G79/><T31/><D38/><U11/><E128/><V7/><F7/><W104/><G29/><T105/><D21/><U101/><E101/><V28/><F28/><W32/><G32/><T3/><D3/><U92/><E85/><V130/><F89/><W16/><G65/><T26/><D26/><U33/><E33/><V37/><F44/><W55/><G104/><T22/><D22/><U57/><E11/><V83/><F83/><W48/><REACH who="3" step="1"/><G103/><REACH who="3" ten="289,250,240,211" step="2"/><T125/><D125/><U71/><E45/><V131/><F53/><AGARI ba="1,1" hai="17,19,53,57,60,62,64,71,92,93,94" m="43115" machi="53" ten="30,2000,0" yaku="11,1,52,1" doraHai="51" who="1" fromWho="2" sc="289,0,250,33,240,-23,211,0" /><INIT seed="1,0,0,3,0,0" ten="289,283,217,211" oya="1" hai0="94,119,88,5,47,3,73,117,39,115,75,59,31" hai1="2,19,12,22,60,64,71,42,84,125,7,25,113" hai2="6,103,41,129,54,90,16,77,132,44,116,130,45" hai3="70,14,135,1,34,20,33,109,118,15,82,50,99"/><U30/><E113/><V38/><F116/><W74/><G70/><T111/><D115/><U32/><E125/><V123/><F123/><W4/><G99/><T87/><D31/><U57/><E42/><V131/><F132/><W92/><G92/><T89/><D111/><U48/><E84/><V26/><F103/><W101/><G101/><T72/><D89/><U61/><E48/><N who="2" m="28935" /><F90/><W126/><G50/><T17/><D17/><U79/><E79/><V37/><F77/><W29/><G82/><T56/><D5/><U24/><E24/><V121/><F121/><W112/><G74/><T58/><REACH who="0" step="1"/><D3/><REACH who="0" ten="279,283,217,211" step="2"/><U104/><E2/><V35/><F6/><W134/><G112/><T97/><D97/><U9/><E32/><N who="3" m="12394" /><G109/><T43/><AGARI ba="0,1" hai="39,43,47,56,58,59,72,73,75,87,88,94,117,119" machi="43" ten="40,5200,0" yaku="1,1,0,1,54,1,53,0" doraHai="0" doraHaiUra="95" who="0" fromWho="0" sc="279,62,283,-26,217,-13,211,-13" /><INIT seed="2,0,0,0,3,83" ten="341,257,204,198" oya="2" hai0="85,89,64,112,16,97,20,51,11,135,78,63,95" hai1="48,45,118,1,125,38,13,59,18,15,127,10,4" hai2="80,81,75,100,7,115,90,133,92,12,104,101,49" hai3="9,3,35,47,32,27,58,108,119,31,34,107,26"/><V22/><F115/><W131/><G107/><T8/><D112/><U88/><E118/><V37/><F37/><W30/><G119/><T65/><D135/><U23/><E38/><V73/><F133/><W24/><G47/><T109/><D109/><U5/><E59/><V130/><F130/><W87/><G108/><T57/><D65/><U72/><E72/><V99/><F49/><W91/><G131/><T120/><D120/><U42/><E5/><V70/><F70/><W86/><G58/><T105/><D51/><U102/><E102/><V6/><F101/><W60/><G60/><T25/><D105/><U44/><E44/><V103/><F103/><W122/><G122/><T93/><D78/><U110/><E110/><V50/><F6/><W53/><G53/><T67/><D67/><U69/><E69/><V55/><F73/><W96/><G96/><T111/><D111/><U29/><E29/><V61/><F61/><W71/><G71/><T36/><D36/><U126/><REACH who="1" step="1"/><E88/><AGARI ba="0,0" hai="8,11,16,20,25,57,63,64,85,88,89,93,95,97" machi="88" ten="30,8000,1" yaku="7,1,8,1,52,1,54,2" doraHai="83" who="0" fromWho="1" sc="341,80,257,-80,204,0,198,0" /><INIT seed="3,0,0,3,3,35" ten="421,177,204,198" oya="3" hai0="48,93,88,52,128,4,90,14,59,30,69,66,95" hai1="120,33,41,104,61,0,40,89,1,108,64,21,11" hai2="82,110,49,7,77,80,127,24,78,116,75,65,123" hai3="19,25,16,42,115,99,122,68,130,10,63,129,112"/><W70/><G122/><T43/><D128/><N who="3" m="49257" /><G42/><T47/><D30/><U96/><E120/><V109/><F123/><W83/><G83/><T98/><D4/><U62/><E33/><V72/><F116/><W91/><G10/><T71/><D14/><U3/><E11/><V86/><F127/><W34/><G34/><T125/><D125/><U9/><E9/><V126/><F126/><W60/><G99/><T67/><D71/><N who="3" m="27177" /><G91/><T85/><D69/><U51/><E21/><V107/><F7/><W57/><G25/><T36/><AGARI ba="0,0" hai="36,43,47,48,52,59,66,67,85,88,90,93,95,98" machi="36" ten="20,5200,0" yaku="0,1,7,1,54,2" doraHai="35" who="0" fromWho="0" sc="421,52,177,-13,204,-13,198,-26" owari="473,57.3,164,-33.6,191,-0.9,172,-22.8" /></mjloggm>