<mjloggm ver="2.3"><GO type="225" lobby="0"/><UN n0="%E3%82%BC%E3%83%AB%E3%83%80%E3%81%AE%E4%BC%9D%E8%AA%AC" n1="%E3%81%86%E3%83%BC%E3%81%B1%E3%83%BC" n2="%E3%81%82%E3%81%99%E3%81%AB%E3%82%83%E3%82%80" n3="%E5%B0%8F%E9%B3%A5%E9%81%8A%E7%B7%B4%E7%84%A1%32%31%E6%AD%B3" dan="16,17,16,16" rate="2205.29,2223.01,2118.30,2162.76" sx="M,F,F,F"/><TAIKYOKU oya="0"/><INIT seed="0,0,0,5,3,66" ten="250,250,250,250" oya="0" hai0="118,107,86,81,100,69,15,99,109,87,28,119,104" hai1="110,98,56,94,38,44,71,113,21,78,130,30,40" hai2="77,9,92,12,83,117,93,90,124,43,115,26,17" hai3="123,27,32,82,59,53,134,67,133,8,125,95,10"/><T79/><D28/><U57/><E110/><V128/><F115/><W50/><G123/><T70/><D109/><U91/><E130/><V13/><F128/><W122/><G122/><T135/><D135/><N who="3" m="51721" /><G125/><T84/><D15/><U41/><E113/><V89/><F124/><W106/><G106/><T23/><D104/><U46/><E78/><V65/><F43/><W31/><G95/><T19/><D23/><U35/><E35/><V62/><F117/><W88/><G67/><T18/><D18/><U111/><E111/><V5/><F26/><W51/><G50/><T47/><D19/><U58/><E71/><V116/><F116/><W22/><G32/><T76/><D119/><U25/><REACH who="1" step="1"/><E57/><REACH who="1" ten="250,240,250,250" step="2"/><V3/><F77/><W45/><G59/><T112/><D118/><U1/><E1/><V131/><F3/><W64/><G64/><T16/><D112/><U52/><E52/><V24/><F131/><W39/><G39/><AGARI ba="0,1" hai="21,25,30,38,39,40,41,44,46,56,58,91,94,98" machi="39" ten="30,3900,0" yaku="1,1,7,1,9,1,53,0" doraHai="66" doraHaiUra="63" who="1" fromWho="3" sc="250,0,240,49,250,0,250,-39" /><INIT seed="1,0,0,3,1,41" ten="250,289,250,211" oya="1" hai0="93,90,23,121,120,25,55,80,109,88,52,85,12" hai1="131,107,103,87,32,74,125,73,84,36,102,133,54" hai2="18,112,28,99,118,72,16,76,128,38,123,50,53" hai3="65,40,62,105,45,24,115,20,34,124,127,14,117"/><U96/><E32/><V116/><F123/><N who="0" m="47178" /><D109/><U126/><E36/><V5/><F38/><W6/><G105/><T106/><D12/><U114/><E54/><N who="0" m="20521" /><D106/><U15/><E15/><V77/><F128/><W108/><G34/><T43/><D43/><U48/><E48/><V98/><F28/><W130/><G108/><T134/><D134/><U101/><E133/><V89/><F112/><W100/><G117/><T97/><D23/><U58/><E58/><V69/><F53/><W4/><G100/><N who="1" m="38506" /><E131/><V67/><F50/><W68/><G130/><T56/><D25/><U27/><E27/><V17/><F5/><W11/><G4/><T33/><D33/><U104/><E104/><V132/><F132/><W95/><G115/><T91/><D56/><U49/><E49/><V19/><F72/><N who="1" m="27753" /><E114/><V39/><F39/><W37/><REACH who="3" step="1"/><G95/><REACH who="3" ten="250,289,250,201" step="2"/><T9/><D9/><U78/><E78/><AGARI ba="0,1" hai="78,80,85,88,90,91,93,97" m="20521,47178" machi="78" ten="30,3900,0" yaku="13,1,54,2" doraHai="41" who="0" fromWho="1" sc="250,49,289,-39,250,0,201,0" /><INIT seed="2,0,0,4,5,88" ten="299,250,250,201" oya="2" hai0="121,5,134,48,22,127,103,111,90,115,56,10,108" hai1="132,50,92,70,23,1,75,94,20,57,64,130,110" hai2="68,77,107,9,91,60,86,95,49,59,123,87,106" hai3="73,16,33,74,128,53,54,34,27,17,0,126,124"/><V31/><F123/><W28/><G0/><T69/><D121/><U19/><E1/><V38/><F38/><W129/><G27/><T99/><D115/><U55/><E75/><V18/><F31/><W29/><AGARI ba="0,0" hai="16,17,28,29,33,34,53,54,73,74,124,126,128,129" machi="29" ten="25,6400,0" yaku="0,1,22,2,54,1" doraHai="88" who="3" fromWho="3" sc="299,-16,250,-16,250,-32,201,64" /><INIT seed="3,0,0,0,0,127" ten="283,234,218,265" oya="3" hai0="75,20,21,101,62,70,61,69,83,102,52,84,25" hai1="7,92,53,85,116,95,117,50,121,9,125,15,11" hai2="42,96,133,40,14,57,113,90,49,31,129,34,48" hai3="10,74,54,22,82,63,134,28,114,55,26,2,89"/><W79/><G134/><T3/><D75/><U17/><E125/><V5/><F113/><W33/><G114/><T97/><D3/><U19/><E121/><V80/><F133/><W43/><G63/><T78/><D69/><U119/><E19/><V128/><F31/><W112/><G112/><T58/><D70/><U16/><E17/><V35/><F5/><W36/><G89/><T65/><D20/><U124/><E124/><V64/><F14/><W41/><G41/><N who="2" m="15977" /><F64/><W122/><G33/><N who="2" m="12297" /><F57/><W0/><G122/><T120/><D120/><U99/><E99/><V13/><F13/><W100/><G100/><N who="0" m="38507" /><D97/><U93/><E85/><N who="2" m="50471" /><F96/><W67/><G67/><T24/><D24/><U87/><E87/><V18/><F18/><W94/><G94/><T91/><D65/><U135/><E135/><V109/><F109/><W88/><G0/><T44/><D44/><N who="1" m="27847" /><E7/><V60/><F60/><W68/><G68/><T56/><D78/><U59/><E59/><N who="0" m="22569" /><D52/><U76/><E76/><V46/><F46/><N who="3" m="23911" /><G88/><T8/><D8/><AGARI ba="0,0" hai="8,9,11,15,16,92,93,95,116,117,119" m="27847" machi="8" ten="40,2600,0" yaku="12,1,54,1" doraHai="127" who="1" fromWho="0" sc="283,-26,234,26,218,0,265,0" /><INIT seed="4,0,0,0,2,4" ten="257,260,218,265" oya="0" hai0="126,128,117,1,54,69,26,43,59,75,20,114,19" hai1="79,27,135,41,110,109,87,56,72,45,37,34,23" hai2="113,13,62,42,116,44,73,68,55,107,71,36,84" hai3="3,77,105,65,112,40,66,104,127,50,83,123,125"/><T88/><D117/><U101/><E135/><V64/><F73/><W6/><G112/><T121/><D121/><U48/><E34/><V86/><F107/><W15/><G3/><T133/><D114/><U32/><E32/><V106/><F106/><W21/><G105/><T76/><D69/><U58/><E72/><V57/><F113/><W47/><G104/><T92/><D133/><U103/><E58/><V38/><F116/><W8/><G21/><T16/><D1/><U99/><E56/><N who="2" m="36935" /><F13/><W134/><G134/><T120/><D120/><U74/><E74/><V51/><F84/><N who="3" m="48239" /><G123/><T30/><D126/><AGARI ba="0,0" hai="6,8,15,40,47,50,65,66,125,126,127" m="48239" machi="126" ten="30,3900,0" yaku="25,1,18,1,52,1" doraHai="4" who="3" fromWho="0" sc="257,-39,260,0,218,0,265,39" owari="218,-18.2,260,6.0,218,-28.2,304,40.4" /></mjloggm>