<mjloggm ver="2.3"><GO type="225" lobby="0"/><UN n0="%72%65%6E%6B%75%6E" n1="%43%6F%66%66%65%65" n2="%72%69%6F%75%63%68%61%6E" n3="%E3%83%9E%E3%83%AB%E3%83%9E%E3%83%AB%E3%81%A1%E3%82%83%E3%82%93" dan="17,16,17,16" rate="2223.49,2110.29,2209.57,2075.20" sx="M,F,M,M"/><TAIKYOKU oya="0"/><INIT seed="0,0,0,5,4,73" ten="250,250,250,250" oya="0" hai0="12,122,98,79,124,71,55,105,45,74,94,128,89" hai1="91,77,15,3,14,134,50,126,18,53,121,57,21" hai2="1,47,39,9,70,90,51,54,101,6,82,13,84" hai3="42,87,64,35,83,41,59,32,106,10,19,26,119"/><T133/><D122/><U118/><E121/><V5/><F70/><W100/><G119/><T65/><D105/><U40/><E118/><V52/><F39/><W95/><G106/><T58/><D124/><U16/><E3/><V8/><REACH who="2" step="1"/><F101/><REACH who="2" ten="250,250,240,250" step="2"/><W75/><G100/><T46/><D133/><U31/><E134/><V28/><F28/><W76/><G32/><T97/><D128/><U108/><E31/><V72/><F72/><W78/><G75/><T20/><D71/><U92/><E126/><V120/><F120/><W125/><G35/><T44/><D65/><U11/><E108/><V123/><F123/><W80/><G125/><T38/><D38/><U22/><E40/><AGARI ba="0,1" hai="1,5,6,8,9,13,40,47,51,52,54,82,84,90" machi="40" ten="30,3900,0" yaku="1,1,7,1,54,1,53,0" doraHai="73" doraHaiUra="62" who="2" fromWho="1" sc="250,0,250,-39,240,49,250,0" /><INIT seed="1,0,0,4,4,100" ten="250,211,289,250" oya="1" hai0="95,107,118,18,66,52,130,59,134,53,99,39,97" hai1="19,135,57,86,98,80,74,124,55,46,67,40,1" hai2="127,112,58,41,128,81,91,42,101,72,13,84,49" hai3="45,14,33,121,122,92,125,21,64,106,10,93,102"/><U88/><E1/><V65/><F127/><W2/><G33/><T123/><D118/><U133/><E124/><V70/><F128/><W37/><G125/><T131/><D39/><U116/><E116/><V34/><F34/><W60/><G106/><T94/><D134/><N who="1" m="51211" /><E67/><V29/><F112/><W114/><G114/><T56/><D18/><U27/><E74/><V75/><F29/><W12/><G2/><T51/><D66/><U9/><E98/><V31/><F31/><W119/><G119/><T105/><REACH who="0" step="1"/><D51/><REACH who="0" ten="240,211,289,250" step="2"/><N who="1" m="30975" /><E27/><V35/><F49/><W23/><G122/><AGARI ba="0,1" hai="52,53,56,59,94,95,97,99,105,107,122,123,130,131" machi="122" ten="25,12000,2" yaku="1,1,22,2,52,2,54,1,53,0" doraHai="100" doraHaiUra="43" who="0" fromWho="3" sc="240,130,211,0,289,0,250,-120" /><INIT seed="2,0,0,2,2,74" ten="370,211,289,130" oya="2" hai0="31,46,92,12,123,58,97,19,102,132,98,77,49" hai1="54,86,25,26,71,103,128,68,105,48,127,101,131" hai2="109,93,53,85,124,47,21,51,69,0,76,87,23" hai3="2,80,13,4,110,94,91,70,106,43,33,14,89"/><V104/><F104/><W78/><G70/><T11/><D132/><U17/><E127/><V130/><F124/><W129/><G33/><T88/><D123/><U84/><E17/><V64/><F130/><W112/><G43/><T67/><D31/><U107/><E48/><V32/><F32/><W8/><G129/><T83/><D67/><U126/><E126/><V114/><F114/><W75/><G110/><T41/><D58/><U50/><E50/><V28/><F0/><W115/><G106/><T81/><D77/><U96/><E96/><V16/><F109/><W7/><G91/><T27/><D27/><U10/><E10/><V120/><F120/><W73/><G73/><T5/><D5/><U65/><E65/><V111/><F111/><W113/><REACH who="3" step="1"/><G7/><REACH who="3" ten="370,211,289,120" step="2"/><T57/><D57/><U24/><E105/><AGARI ba="0,1" hai="11,12,19,41,46,49,81,83,88,92,97,98,102,105" machi="105" ten="30,2000,0" yaku="7,1,54,1" doraHai="74" who="0" fromWho="1" sc="370,30,211,-20,289,0,120,0" /><INIT seed="3,0,0,0,4,97" ten="400,191,289,120" oya="3" hai0="113,96,92,51,2,29,127,70,122,9,86,133,68" hai1="79,17,82,130,27,6,39,7,99,34,36,59,33" hai2="98,111,125,77,88,95,131,54,37,25,56,105,104" hai3="49,100,106,132,57,47,62,5,78,26,55,135,81"/><W91/><G5/><T73/><D73/><U63/><E130/><V35/><F37/><W65/><G91/><T126/><D122/><U11/><E6/><V3/><F3/><W85/><REACH who="3" step="1"/><G26/><REACH who="3" ten="400,191,289,110" step="2"/><T93/><D127/><U129/><E7/><V114/><F25/><W69/><G69/><T103/><D126/><U32/><E27/><V40/><F125/><W118/><G118/><T87/><D133/><U52/><E129/><V28/><F131/><W12/><G12/><T115/><D115/><U123/><E123/><V67/><F114/><W94/><G94/><T119/><D113/><U134/><E134/><V16/><F105/><W20/><G20/><T128/><D128/><U60/><E33/><V42/><F104/><W66/><G66/><T72/><D119/><U58/><E32/><V24/><F67/><W19/><G19/><T22/><D2/><U120/><E34/><V71/><F71/><W18/><G18/><T74/><D68/><U14/><E120/><V10/><F77/><W4/><G4/><T41/><D70/><U15/><E14/><V38/><F16/><W102/><G102/><T116/><D116/><U117/><E117/><V21/><F35/><W8/><G8/><T80/><D72/><U0/><E0/><V48/><F10/><W61/><G61/><T83/><D74/><U109/><E60/><V43/><F38/><W121/><G121/><T1/><D1/><U44/><E63/><V90/><F90/><W124/><G124/><T46/><D9/><U13/><E15/><V31/><F31/><W110/><G110/><T84/><D92/><RYUUKYOKU ba="0,1" sc="400,10,191,-30,289,10,110,10" hai0="22,29,41,46,51,80,83,84,86,87,93,96,103" hai2="21,24,28,40,42,43,48,54,56,88,95,98,111" hai3="47,49,55,57,62,65,78,81,85,100,106,132,135" /><INIT seed="3,1,1,0,4,20" ten="410,161,299,120" oya="3" hai0="77,57,124,15,102,40,21,95,36,67,89,27,49" hai1="112,37,9,96,93,54,41,71,98,30,3,129,10" hai2="39,25,29,122,94,32,81,43,64,42,76,53,16" hai3="134,116,8,24,1,74,56,125,79,87,78,82,131"/><W65/><G116/><T45/><D124/><U52/><E112/><V48/><F39/><W101/><G125/><T118/><D118/><U31/><E71/><V58/><F122/><W28/><G134/><T70/><D77/><U7/><E129/><V59/><F94/><W80/><G131/><T44/><D102/><U34/><E10/><V88/><F88/><W115/><G115/><T73/><D73/><U61/><E96/><V68/><F68/><W130/><G130/><T23/><D70/><U13/><E3/><V127/><F127/><W133/><G133/><T104/><D104/><U106/><E106/><V14/><F59/><W38/><G38/><T117/><D117/><U110/><E110/><V17/><F64/><W107/><G107/><T55/><D15/><U90/><E34/><V2/><F2/><W46/><G101/><T132/><D132/><U84/><E41/><V97/><F97/><W18/><G46/><T33/><D33/><U47/><E37/><V126/><F126/><W135/><G135/><T119/><D119/><U35/><E35/><V4/><F4/><W69/><G69/><T6/><D6/><U72/><E72/><V75/><REACH who="2" step="1"/><F17/><REACH who="2" ten="410,161,289,120" step="2"/><W85/><G74/><T62/><D95/><U91/><E91/><V113/><F113/><W92/><G92/><T50/><D89/><U111/><E98/><V108/><F108/><W100/><G100/><T103/><D103/><U121/><E111/><V63/><F63/><N who="3" m="38119" /><G1/><T5/><D5/><U114/><E121/><V0/><F0/><W86/><G28/><T83/><D36/><U120/><E120/><RYUUKYOKU ba="1,2" sc="410,-10,161,-10,289,30,120,-10" hai2="14,16,25,29,32,42,43,48,53,58,75,76,81" owari="420,52.0,151,-24.9,319,11.9,110,-39.0" /></mjloggm>