<mjloggm ver="2.3"><GO type="225" lobby="0"/><UN n0="%E5%80%89%E6%A9%8B%EF%BC%A0%E4%BA%8B%E5%8B%99" n1="%E3%81%A1%E3%82%85%E3%81%86%E3%81%A9%E3%81%8F%E8%B1%A1%E3%81%95%E3%82%93" n2="%E3%81%99%E3%81%84%E3%81%BE%E3%81%9B%E3%83%BC%E3%82%93" n3="%E3%82%AF%E3%82%A3%E3%82%A6" dan="16,17,16,16" rate="2137.20,2149.37,2127.12,2114.61" sx="M,M,M,M"/><TAIKYOKU oya="0"/><INIT seed="0,0,0,3,0,40" ten="250,250,250,250" oya="0" hai0="0,71,34,20,84,50,120,99,28,36,61,85,102" hai1="127,52,58,80,37,64,53,115,108,49,113,125,42" hai2="89,4,51,32,47,39,6,128,8,100,19,101,105" hai3="10,45,66,95,118,78,114,63,83,25,123,44,17"/><T16/><D36/><U43/><E80/><V54/><F128/><W109/><G118/><T26/><D0/><U77/><E77/><V48/><F32/><W112/><G114/><N who="1" m="43530" /><E108/><V7/><F39/><W12/><G112/><T122/><D120/><U98/><E98/><V21/><F105/><W18/><G123/><T117/><D117/><U23/><E23/><V11/><F89/><W86/><G95/><T24/><D122/><U3/><E3/><V9/><REACH who="2" step="1"/><F51/><REACH who="2" ten="250,250,240,250" step="2"/><W38/><G109/><T55/><D50/><N who="1" m="30999" /><E37/><V68/><F68/><W35/><G38/><T129/><D129/><U41/><E64/><V97/><F97/><W96/><G96/><T91/><D91/><U121/><E121/><V22/><F22/><N who="3" m="13519" /><G35/><T124/><D124/><U92/><E92/><V73/><F73/><W13/><G13/><AGARI ba="0,1" hai="4,6,7,8,9,11,13,19,21,47,48,54,100,101" machi="13" ten="40,5200,0" yaku="1,1,8,1,52,1,53,0" doraHai="40" doraHaiUra="119" who="2" fromWho="3" sc="250,0,250,0,240,62,250,-52" /><INIT seed="1,0,0,3,1,116" ten="250,250,302,198" oya="1" hai0="75,19,0,119,9,82,41,117,6,102,46,20,104" hai1="23,133,92,80,57,63,11,81,36,61,98,7,125" hai2="112,84,99,2,123,4,50,91,3,85,39,115,94" hai3="27,21,74,109,127,58,30,38,56,54,62,48,69"/><U68/><E36/><V128/><F39/><W51/><G74/><T29/><D29/><U135/><E125/><V25/><F128/><W17/><G109/><T24/><D102/><N who="1" m="60743" /><E23/><V118/><F118/><W77/><G127/><T16/><D104/><U14/><E68/><V47/><F123/><W93/><G38/><N who="0" m="21815" /><D19/><U65/><E61/><V105/><F25/><W83/><G69/><T100/><D100/><U15/><E14/><V28/><F28/><W37/><G37/><T60/><D60/><U52/><E65/><V64/><F64/><W96/><G58/><T101/><D101/><U107/><E107/><V12/><F105/><W122/><G122/><T70/><D70/><U33/><E33/><V124/><F124/><W79/><G30/><T111/><D111/><U45/><E45/><V90/><F12/><W88/><REACH who="3" step="1"/><G83/><REACH who="3" ten="250,250,302,188" step="2"/><T59/><D59/><U131/><E131/><V108/><F108/><W40/><G40/><T34/><D34/><U32/><E32/><V106/><F47/><W114/><G114/><T110/><D110/><U31/><E31/><V49/><F115/><W44/><G44/><T86/><D86/><U129/><E129/><V73/><F85/><W134/><G134/><AGARI ba="0,1" hai="7,11,15,52,57,63,80,81,133,134,135" m="60743" machi="134" ten="30,2900,0" yaku="20,1,54,1" doraHai="116" who="1" fromWho="3" sc="250,0,250,39,302,0,188,-29" /><INIT seed="1,1,0,4,1,27" ten="250,289,302,159" oya="1" hai0="21,74,105,66,84,109,45,68,86,72,114,96,120" hai1="3,111,116,98,131,117,37,127,81,87,41,39,83" hai2="51,33,28,102,132,42,44,53,4,130,56,107,60" hai3="49,65,8,129,43,29,64,135,94,89,122,61,77"/><U100/><E3/><V52/><F130/><W75/><G122/><T1/><D114/><U106/><E131/><V99/><F132/><W24/><G129/><T2/><D68/><U80/><E127/><V128/><F128/><W23/><G23/><T108/><D66/><U95/><E41/><V78/><F78/><W125/><G125/><T71/><D71/><U58/><E58/><V73/><F73/><N who="0" m="28266" /><D45/><U17/><E17/><V126/><F126/><W26/><G135/><T36/><D36/><U35/><E35/><V115/><F115/><W38/><G38/><T11/><D21/><U32/><E32/><V40/><REACH who="2" step="1"/><F4/><REACH who="2" ten="250,289,292,159" step="2"/><W90/><G77/><T19/><D120/><U121/><E121/><V55/><F55/><W97/><G75/><T0/><D109/><U30/><E111/><V123/><F123/><W118/><G118/><T48/><D108/><U7/><E117/><V13/><F13/><W46/><G8/><T63/><D11/><U18/><E116/><V76/><F76/><W103/><G24/><AGARI ba="1,1" hai="24,28,33,40,42,44,51,52,53,56,60,99,102,107" machi="24" ten="40,5200,0" yaku="1,1,52,1,54,1,53,0" doraHai="27" doraHaiUra="104" who="2" fromWho="3" sc="250,0,289,0,292,65,159,-55" /><INIT seed="2,0,0,4,1,48" ten="250,289,357,104" oya="2" hai0="112,41,111,54,11,132,113,63,96,61,57,123,29" hai1="120,15,18,21,60,5,37,71,124,38,24,42,125" hai2="9,95,99,121,73,43,117,100,44,70,85,49,79" hai3="87,39,33,59,36,135,64,55,66,92,134,14,82"/><V108/><F117/><W69/><G92/><T56/><D29/><U8/><E120/><V94/><F121/><W83/><G87/><T7/><D123/><U126/><REACH who="1" step="1"/><E42/><REACH who="1" ten="250,279,357,104" step="2"/><V97/><F43/><W65/><G33/><T116/><D41/><U17/><E17/><V62/><F108/><W23/><G23/><T90/><D111/><U128/><E128/><V130/><F130/><W12/><G69/><T78/><D116/><U74/><E74/><V114/><F73/><W93/><G93/><T10/><D132/><U118/><E118/><V86/><F95/><W109/><G109/><T80/><D113/><U25/><E25/><V77/><F70/><W81/><G55/><N who="0" m="33951" /><D112/><U119/><E119/><V30/><F114/><W110/><G59/><T40/><D40/><U127/><N who="1" m="31744" /><DORA hai="115" /><U35/><E35/><V101/><F94/><W6/><G110/><T68/><D68/><U131/><E131/><V0/><F9/><W104/><G104/><T84/><D96/><U72/><E72/><V58/><F99/><W50/><G6/><T76/><D7/><U129/><E129/><V89/><F97/><W16/><G16/><T107/><D107/><U103/><E103/><V75/><F101/><W34/><G34/><T133/><D133/><N who="3" m="50697" /><G39/><T26/><D26/><U45/><E45/><V67/><F44/><W47/><G36/><T13/><D10/><U102/><E102/><V31/><F100/><W122/><G122/><T4/><AGARI ba="0,1" hai="4,11,13,54,57,63,76,78,80,84,90" m="33951" machi="4" ten="30,4000,0" yaku="8,1,52,2" doraHai="48,115" who="0" fromWho="0" sc="250,50,279,-10,357,-20,104,-10" /><INIT seed="3,0,0,2,1,42" ten="300,269,337,94" oya="3" hai0="83,134,65,14,101,121,55,119,11,125,133,20,68" hai1="41,108,103,86,6,77,15,4,100,9,74,34,79" hai2="1,60,102,50,61,49,40,59,56,128,58,47,104" hai3="127,131,16,85,113,23,8,106,73,44,28,117,12"/><W78/><G117/><T112/><D119/><U94/><E108/><V89/><F1/><W97/><G113/><T17/><D121/><U3/><E34/><V57/><F128/><W124/><G131/><T19/><D112/><U31/><E31/><V26/><F102/><W21/><G73/><T62/><D101/><U63/><E74/><V33/><F104/><W98/><G106/><T95/><D125/><N who="3" m="48201" /><G44/><T0/><D0/><U123/><E123/><V37/><F89/><W111/><G111/><T87/><D95/><U120/><E120/><V67/><F61/><W38/><G38/><T36/><D36/><U70/><E41/><V29/><AGARI ba="0,0" hai="26,29,33,37,40,47,49,50,56,57,58,59,60,67" machi="29" ten="30,2000,0" yaku="0,1,52,1" doraHai="42" who="2" fromWho="2" sc="300,-5,269,-5,337,20,94,-10" owari="295,9.5,264,-13.6,357,45.7,84,-41.6" /></mjloggm>