<mjloggm ver="2.3"><GO type="225" lobby="0"/><UN n0="%E3%83%AB%E3%83%9B%E3%83%B3%E3%83%87%E3%82%A3%E3%82%A8" n1="%E3%81%BE%E3%81%A8%E3%81%9F" n2="%E3%81%B5%E3%81%98%E3%81%8B%E3%81%A4" n3="%E5%A4%9C%E5%85%89%E5%A4%A9%E6%A5%BC" dan="17,16,16,16" rate="2155.52,2181.67,2186.80,2122.04" sx="M,M,M,M"/><TAIKYOKU oya="0"/><INIT seed="0,0,0,4,5,83" ten="250,250,250,250" oya="0" hai0="101,89,75,87,25,32,21,54,129,119,39,127,74" hai1="114,37,57,53,51,17,44,107,62,76,58,16,31" hai2="9,118,7,30,105,55,20,128,88,115,98,100,8" hai3="93,80,69,123,3,66,112,135,38,110,99,42,90"/><T131/><D119/><U27/><E107/><V132/><F115/><W113/><G123/><T109/><D32/><U36/><E114/><V13/><F118/><W71/><G135/><T65/><D39/><U35/><E76/><V84/><F132/><W1/><G110/><T14/><D14/><U92/><E92/><V86/><F128/><N who="0" m="49226" /><D127/><U91/><E91/><V120/><F120/><W47/><G112/><T10/><D10/><U64/><E57/><V50/><F9/><W40/><G113/><T72/><D65/><U94/><E94/><N who="2" m="56647" /><F100/><W117/><G117/><T0/><D54/><U60/><REACH who="1" step="1"/><E62/><REACH who="1" ten="250,240,250,250" step="2"/><V28/><F105/><W121/><G71/><T6/><D101/><U124/><E124/><V134/><F134/><W77/><G121/><T95/><D109/><U48/><E48/><V70/><F70/><W11/><G69/><T15/><D95/><U82/><E82/><V56/><F28/><W2/><G93/><T61/><D61/><U5/><E5/><V122/><F122/><W130/><G130/><T22/><D6/><U52/><E52/><V63/><F63/><W67/><G80/><T59/><D59/><U111/><E111/><V43/><F43/><W33/><G42/><T102/><D102/><U103/><E103/><V23/><F30/><W29/><G40/><T126/><D126/><U68/><E68/><V85/><AGARI ba="0,1" hai="7,8,13,20,23,50,55,56,84,85,86" m="56647" machi="85" ten="30,8000,1" yaku="8,1,52,3,54,1" doraHai="83" who="2" fromWho="2" sc="250,-40,240,-20,250,90,250,-20" /><INIT seed="1,0,0,5,5,59" ten="210,220,340,230" oya="1" hai0="25,95,98,18,114,44,100,19,120,85,125,48,101" hai1="23,15,107,21,86,35,89,52,22,71,104,9,13" hai2="106,62,20,43,0,61,31,96,58,76,65,6,91" hai3="70,131,74,102,57,29,10,112,69,133,77,87,50"/><U116/><E71/><V46/><F76/><W119/><G112/><T53/><D125/><U27/><E116/><V122/><F122/><W33/><G74/><T49/><D120/><U30/><E15/><V66/><F0/><W41/><G119/><T97/><D114/><U111/><E111/><V32/><F32/><W93/><G29/><T132/><D132/><U67/><E67/><V110/><F6/><W68/><G33/><T36/><D36/><U56/><E9/><V8/><F8/><W118/><G118/><T103/><D85/><U128/><E13/><V11/><F11/><W99/><G133/><T105/><D103/><U123/><E128/><V124/><F124/><W24/><G24/><T60/><D49/><U113/><E113/><V92/><F106/><W75/><G131/><T42/><D25/><U81/><REACH who="1" step="1"/><E123/><REACH who="1" ten="210,210,340,230" step="2"/><V1/><F110/><W83/><G10/><T78/><D78/><U7/><E7/><V4/><F4/><W2/><G70/><T134/><D134/><U130/><E130/><V135/><F135/><W126/><G126/><T72/><D72/><U12/><E12/><V88/><F1/><W79/><G2/><T54/><D42/><U82/><E82/><V28/><F43/><W47/><G69/><T115/><D115/><U45/><E45/><V14/><F46/><W3/><G3/><T38/><D38/><U127/><E127/><V94/><F14/><W63/><G68/><T55/><D55/><U64/><E64/><V34/><F66/><N who="3" m="39279" /><G75/><T5/><D5/><U17/><E17/><V40/><F65/><W16/><G16/><RYUUKYOKU ba="0,1" sc="210,10,210,10,340,-30,230,10" hai0="18,19,44,48,53,54,60,95,97,98,100,101,105" hai1="21,22,23,27,30,35,52,56,81,86,89,104,107" hai3="41,47,50,77,79,83,87,93,99,102" /><INIT seed="1,1,1,4,4,1" ten="220,220,310,240" oya="1" hai0="100,73,75,88,41,94,2,17,29,70,72,38,132" hai1="115,93,0,57,120,58,15,9,69,21,125,39,83" hai2="114,134,103,117,81,129,116,65,91,71,123,92,89" hai3="51,28,22,6,34,37,111,131,56,130,18,23,84"/><U19/><E115/><V122/><F71/><W63/><G37/><T113/><D70/><U87/><E120/><N who="2" m="46123" /><F65/><W7/><G111/><T50/><D38/><U95/><E69/><V54/><F54/><N who="3" m="31839" /><G63/><T66/><D66/><U64/><E39/><V16/><F16/><W35/><G23/><T61/><D61/><U90/><E125/><V121/><F121/><W11/><G84/><T40/><D132/><U48/><E64/><V47/><F47/><W68/><G11/><T5/><D29/><U30/><E0/><V118/><F114/><W127/><G127/><T101/><D17/><U10/><E10/><V60/><F60/><W25/><G68/><T109/><D109/><U26/><E57/><V107/><F134/><W8/><G35/><T119/><D119/><U3/><E3/><V31/><F31/><W42/><G42/><T36/><D36/><U104/><E104/><V14/><F14/><N who="3" m="9559" /><G8/><T102/><D113/><U32/><E32/><V46/><F107/><W85/><G85/><T77/><D41/><U128/><E128/><AGARI ba="1,1" hai="6,7,25,28,34,128,130,131" m="9559,31839" machi="128" ten="30,3900,0" yaku="19,1,52,2" doraHai="1" who="3" fromWho="1" sc="220,0,220,-42,310,0,240,52" /><INIT seed="2,0,0,0,1,98" ten="220,178,310,292" oya="2" hai0="64,109,19,49,106,68,74,97,91,25,85,40,56" hai1="89,110,84,80,6,95,39,107,20,117,65,0,33" hai2="21,13,79,53,71,51,24,90,105,11,7,93,8" hai3="67,45,94,121,114,37,16,118,96,28,82,50,122"/><V81/><F105/><W123/><G118/><T9/><D74/><U78/><E117/><V108/><F71/><W112/><G28/><T22/><D109/><U43/><E33/><V55/><F108/><W38/><G82/><T3/><D68/><U102/><E65/><V41/><F11/><W62/><G16/><T77/><D77/><U129/><E110/><V46/><F90/><W131/><G131/><T104/><D40/><U15/><E129/><V130/><F93/><W100/><G38/><T60/><D49/><U5/><E20/><V35/><F35/><W18/><G18/><T59/><D59/><U119/><E15/><V30/><F130/><W87/><G87/><AGARI ba="0,0" hai="7,8,13,21,24,30,41,46,51,53,55,79,81,87" machi="87" ten="30,11600,0" yaku="7,1,25,2,8,1" doraHai="98" who="2" fromWho="3" sc="220,0,178,0,310,116,292,-116" /><INIT seed="2,1,0,5,2,76" ten="220,178,426,176" oya="2" hai0="0,87,110,127,4,123,112,21,15,3,84,132,103" hai1="5,77,81,49,69,16,59,57,98,37,30,134,131" hai2="12,128,27,121,39,102,52,48,34,126,53,7,45" hai3="119,79,101,111,25,89,130,115,2,108,72,11,55"/><V60/><F121/><W96/><G119/><T31/><D87/><U83/><E37/><V116/><F39/><W88/><G130/><T24/><BYE who="2" /><D103/><U17/><E69/><V124/><F124/><W46/><G115/><UN n2="%E3%81%B5%E3%81%98%E3%81%8B%E3%81%A4" /><T50/><D112/><U109/><E131/><V18/><F116/><W67/><G67/><T8/><D123/><U70/><E70/><V19/><F128/><W75/><G25/><T26/><D50/><U61/><E109/><N who="3" m="42058" /><G55/><T23/><D110/><U68/><E68/><V47/><F102/><W113/><G46/><T99/><D99/><U95/><E30/><V86/><F126/><W35/><G35/><T29/><D127/><U62/><E49/><V9/><F34/><W28/><G28/><T14/><D84/><U94/><E77/><V104/><F27/><W33/><G33/><T64/><D64/><U42/><E42/><V51/><F104/><N who="3" m="63527" /><G113/><T32/><D132/><U85/><E134/><V41/><F86/><W114/><G114/><T13/><D32/><U20/><E85/><V10/><F10/><W120/><G120/><T125/><D125/><U91/><E5/><V71/><F71/><W54/><G54/><T80/><D80/><N who="1" m="30795" /><E94/><V93/><F93/><W105/><G105/><T100/><D100/><U6/><E6/><V1/><F1/><AGARI ba="1,0" hai="0,1,3,4,8,13,14,15,21,23,24,26,29,31" machi="1" ten="40,12000,2" yaku="9,1,35,6" doraHai="76" who="0" fromWho="2" sc="220,123,178,0,426,-123,176,0" /><INIT seed="3,0,0,2,2,70" ten="343,178,303,176" oya="3" hai0="38,108,119,90,69,96,59,17,63,21,28,102,8" hai1="66,75,35,92,81,115,135,57,24,67,128,131,126" hai2="56,2,40,129,18,32,15,26,14,133,79,99,52" hai3="82,130,88,94,110,16,104,98,103,105,4,86,100"/><W19/><G130/><N who="1" m="49706" /><E115/><V36/><F129/><W41/><G110/><T107/><D38/><U113/><E113/><V45/><F133/><W60/><G4/><T50/><D90/><U72/><E126/><V101/><F79/><W48/><G60/><T30/><D8/><U10/><E81/><V49/><F2/><W9/><G105/><T120/><D120/><U78/><E78/><V93/><REACH who="2" step="1"/><F18/><REACH who="2" ten="343,178,293,176" step="2"/><N who="3" m="6699" /><G104/><T29/><D119/><U39/><E135/><V124/><F124/><W71/><G71/><T116/><D116/><U87/><E72/><V5/><F5/><W55/><G9/><T76/><D76/><U37/><E75/><V64/><F64/><W65/><G65/><T95/><D108/><U13/><E66/><V97/><F97/><W85/><G41/><T25/><D69/><U62/><E10/><V43/><F43/><W61/><G61/><T7/><D7/><U42/><E42/><V54/><F54/><W106/><G106/><T0/><D0/><U114/><E114/><V112/><F112/><W134/><G134/><T127/><D127/><U89/><E67/><V118/><F118/><W117/><G117/><T111/><D111/><U34/><E62/><V51/><F51/><W122/><G122/><T80/><D50/><U47/><E39/><V27/><F27/><W22/><G22/><T20/><D107/><U46/><E24/><V6/><F6/><W74/><G74/><T68/><D68/><U84/><E37/><V123/><F123/><W44/><G98/><T83/><D21/><U73/><E73/><V125/><F125/><W12/><G12/><RYUUKYOKU ba="0,1" sc="343,10,178,-30,293,10,176,10" hai0="17,20,25,28,29,30,59,63,80,83,95,96,102" hai2="14,15,26,32,36,40,45,49,52,56,93,99,101" hai3="44,48,55,82,85,86,88,94,100,103" /><INIT seed="3,1,1,2,5,54" ten="353,148,303,186" oya="3" hai0="60,52,21,36,133,4,68,51,43,38,1,40,135" hai1="116,79,12,104,49,87,73,66,67,88,101,117,80" hai2="11,100,115,108,74,75,107,7,78,129,91,50,33" hai3="2,32,9,124,130,132,127,126,57,121,114,89,19"/><W96/><G121/><T120/><D21/><U95/><E49/><V62/><F115/><W28/><G114/><T122/><D4/><U18/><E18/><V41/><F33/><W128/><G89/><T14/><D14/><U118/><E12/><V64/><F108/><W53/><G96/><AGARI ba="1,1" hai="66,67,73,79,80,87,88,95,96,101,104,116,117,118" machi="96" ten="40,8000,1" yaku="24,2,12,1,54,1" doraHai="54" who="1" fromWho="3" sc="353,0,148,93,303,0,186,-83" owari="353,45.3,241,-15.9,303,10.3,103,-39.7" /></mjloggm>