<mjloggm ver="2.3"><GO type="225" lobby="0"/><UN n0="%E5%84%AA%40%41%42%43" n1="%E3%81%9F%E3%81%A3%E3%81%A1%E3%82%87" n2="%E5%AF%82%E5%AF%9E%E3%82%AE%E3%83%8D%E3%82%B9%E3%83%93%E3%83%BC%E3%83%AB" n3="%E6%97%A5%E6%9B%9C%E6%97%A5%E3%82%88%E3%82%8A%E3%81%AE%E4%BD%BF%E8%80%85" dan="17,16,16,17" rate="2250.74,2056.24,2157.20,2152.33" sx="M,M,M,M"/><TAIKYOKU oya="0"/><INIT seed="0,0,0,1,5,2" ten="250,250,250,250" oya="0" hai0="17,107,82,80,45,73,66,103,114,22,131,20,26" hai1="102,81,61,43,77,36,48,58,51,69,14,100,35" hai2="16,4,123,44,99,94,120,41,79,8,87,76,39" hai3="91,124,75,63,84,125,93,95,11,90,7,56,129"/><T113/><D131/><U34/><E69/><V54/><F54/><W24/><G24/><T0/><D0/><U21/><E36/><V65/><F65/><W74/><G129/><T133/><D66/><U71/><E71/><V116/><F116/><W46/><G46/><T78/><D133/><U32/><E43/><V101/><F16/><W52/><G125/><T112/><D107/><U121/><E121/><V23/><F23/><W89/><G124/><T57/><D103/><U6/><E100/><V132/><F132/><W98/><REACH who="3" step="1"/><G90/><REACH who="3" ten="250,250,250,240" step="2"/><T50/><D112/><U38/><E102/><V83/><REACH who="2" step="1"/><F76/><REACH who="2" ten="250,250,240,240" step="2"/><W108/><G108/><T18/><D113/><U25/><E77/><V85/><F85/><W111/><G111/><T118/><D114/><U92/><E32/><V31/><F31/><W53/><G53/><N who="0" m="31927" /><D118/><U97/><E34/><V128/><F128/><W30/><G30/><T9/><D78/><U33/><E35/><V10/><F10/><W60/><G60/><T127/><D127/><U134/><E61/><V64/><F64/><W29/><G29/><T110/><D110/><U5/><E134/><V106/><F106/><W59/><G59/><T19/><D9/><U105/><E58/><V135/><F135/><W88/><G88/><T12/><D45/><U37/><E105/><V1/><AGARI ba="0,2" hai="1,4,8,39,41,44,79,83,87,94,99,101,120,123" machi="1" ten="20,5200,0" yaku="1,1,0,1,7,1,52,1,53,0" doraHai="2" doraHaiUra="49" who="2" fromWho="2" sc="250,-26,250,-13,240,72,240,-13" /><INIT seed="1,0,0,3,1,36" ten="224,237,312,227" oya="1" hai0="42,96,51,16,64,82,72,24,45,132,14,114,98" hai1="79,67,124,105,86,15,31,81,74,8,97,49,66" hai2="55,57,27,73,88,20,119,109,5,62,110,111,37" hai3="84,120,104,35,39,87,134,92,10,38,26,112,95"/><U18/><E124/><V113/><F119/><W130/><G104/><T99/><D114/><U75/><E31/><V106/><F113/><W60/><G112/><T32/><D132/><U116/><E116/><V22/><F106/><W127/><G120/><T122/><D122/><U28/><E28/><V76/><F37/><W25/><G35/><T53/><D64/><U125/><E125/><V94/><F5/><W65/><G127/><T69/><D69/><U47/><E74/><V2/><F2/><W85/><G134/><T118/><D118/><U6/><E75/><V89/><F27/><W121/><G121/><T59/><D24/><U12/><E97/><N who="2" m="57543" /><F89/><W21/><G130/><T40/><D32/><U1/><E1/><V13/><F13/><W11/><G39/><T107/><D107/><U43/><E105/><V126/><F126/><W70/><G38/><T128/><D128/><U71/><E71/><V54/><F55/><W29/><REACH who="3" step="1"/><G26/><REACH who="3" ten="224,237,312,217" step="2"/><T3/><D3/><U117/><REACH who="1" step="1"/><E117/><REACH who="1" ten="224,227,312,217" step="2"/><V68/><F68/><W135/><G135/><T33/><D33/><U52/><E52/><V101/><F54/><W61/><G61/><T123/><D123/><U90/><E90/><V77/><F62/><W78/><G78/><T56/><D72/><U7/><E7/><V46/><F77/><W131/><G131/><T50/><D59/><U4/><E4/><V129/><F57/><W34/><G34/><T9/><D56/><U23/><AGARI ba="0,2" hai="6,8,12,15,18,23,43,47,49,66,67,79,81,86" machi="23" ten="20,24000,3" yaku="1,1,0,1,7,1,25,2,8,1,52,1,53,1" doraHai="36" doraHaiUra="80" who="1" fromWho="1" sc="224,-80,227,260,312,-80,217,-80" /><INIT seed="1,1,0,1,1,90" ten="144,487,232,137" oya="1" hai0="39,52,64,95,132,2,97,123,28,115,113,93,63" hai1="102,15,9,66,21,3,17,74,12,1,26,16,44" hai2="82,31,51,23,40,55,94,107,72,77,58,50,85" hai3="76,99,73,65,13,5,6,133,54,71,46,101,35"/><U92/><E74/><V24/><F107/><W81/><G133/><T104/><D39/><U59/><E44/><N who="2" m="25863" /><F72/><W110/><G110/><T118/><D118/><U45/><E45/><V106/><F106/><W36/><G13/><T114/><D2/><U62/><REACH who="1" step="1"/><E26/><REACH who="1" ten="144,477,232,137" step="2"/><V37/><F37/><W10/><G36/><T78/><D115/><U100/><E100/><V88/><F77/><W121/><G46/><T108/><D78/><U25/><E25/><V68/><F68/><W91/><G71/><T89/><D114/><U33/><E33/><V87/><F87/><W80/><G35/><T48/><D113/><U42/><E42/><V120/><F120/><W0/><G121/><T11/><D123/><U30/><E30/><V131/><F131/><W53/><G73/><T98/><D28/><U83/><E83/><AGARI ba="1,1" hai="23,24,31,51,55,58,82,83,85,88,94" m="25863" machi="83" ten="30,3900,0" yaku="8,1,52,1,54,1" doraHai="90" who="2" fromWho="1" sc="144,0,477,-42,232,52,137,0" /><INIT seed="2,0,0,1,1,15" ten="144,435,284,137" oya="2" hai0="6,123,33,65,31,24,80,77,71,79,63,55,39" hai1="131,99,74,17,9,101,53,95,81,28,132,38,60" hai2="30,87,35,133,0,97,88,11,103,34,36,4,129" hai3="124,82,73,84,42,21,51,58,40,14,44,43,27"/><V3/><F36/><W107/><G107/><T22/><D123/><U110/><E38/><V68/><F133/><W19/><G73/><T115/><D115/><U10/><E132/><V92/><F129/><W50/><G124/><T41/><D77/><U47/><E110/><V5/><F68/><W126/><G126/><T116/><D116/><U114/><E28/><V108/><F108/><W18/><G58/><T26/><D6/><U32/><E32/><V37/><F37/><W23/><G50/><T12/><D12/><U111/><E111/><V94/><REACH who="2" step="1"/><F30/><REACH who="2" ten="144,435,274,137" step="2"/><W52/><REACH who="3" step="1"/><G40/><REACH who="3" ten="144,435,274,127" step="2"/><T128/><D41/><U66/><E131/><V64/><F64/><W13/><G13/><T61/><D65/><U98/><E66/><V130/><F130/><W8/><G8/><AGARI ba="0,2" hai="0,3,4,5,8,11,34,35,87,88,92,94,97,103" machi="8" ten="40,7700,0" yaku="1,1,9,1,54,1,53,0" doraHai="15" doraHaiUra="135" who="2" fromWho="3" sc="144,0,435,0,274,97,127,-77" /><INIT seed="2,1,0,0,5,30" ten="144,435,371,50" oya="2" hai0="65,39,71,24,12,43,131,104,67,29,31,82,47" hai1="79,85,114,101,107,14,119,48,42,81,116,0,49" hai2="110,83,16,127,32,132,88,128,9,23,50,117,38" hai3="134,102,100,11,72,111,125,41,113,108,91,105,2"/><V27/><F117/><W98/><G41/><T19/><D131/><U13/><E0/><V95/><F38/><W36/><G36/><T124/><D124/><U69/><E69/><V44/><F128/><W61/><G61/><T45/><D104/><U56/><E114/><V64/><F127/><W8/><G8/><T129/><D129/><U89/><E107/><V86/><F132/><W10/><G10/><T74/><D71/><U96/><E116/><V97/><F110/><N who="3" m="42027" /><G11/><T34/><D31/><U73/><E119/><V121/><F121/><W3/><G3/><T94/><D94/><N who="1" m="54575" /><E48/><V93/><F32/><W87/><G2/><T99/><D99/><U7/><E7/><V120/><F120/><W18/><G18/><T5/><D47/><U25/><E25/><V115/><F115/><W17/><G17/><T54/><D54/><U33/><E33/><V130/><F130/><W109/><N who="3" m="42035" /><W92/><DORA hai="15" /><G125/><T40/><D43/><U46/><E56/><V123/><F123/><W21/><G21/><T118/><D5/><U66/><E66/><V84/><F64/><W37/><G37/><T60/><D118/><U28/><E28/><V106/><F9/><W59/><G113/><T58/><D65/><U53/><E42/><N who="2" m="24855" /><F106/><N who="3" m="63767" /><G59/><T57/><D58/><U75/><E13/><V22/><F22/><W80/><G134/><T133/><D133/><U20/><E14/><V55/><F55/><W4/><G4/><T6/><D6/><U63/><E20/><V35/><F35/><W70/><G70/><T68/><D68/><U52/><E53/><V135/><F135/><RYUUKYOKU ba="1,0" sc="144,0,435,0,371,0,50,0" /><INIT seed="3,2,0,0,4,69" ten="144,435,371,50" oya="3" hai0="125,86,10,114,61,50,48,32,62,96,126,4,16" hai1="39,41,90,34,102,13,108,28,23,57,27,68,55" hai2="20,47,104,73,109,40,46,2,0,85,1,80,58" hai3="56,115,106,128,9,66,14,74,38,116,88,43,78"/><W63/><G115/><T44/><D32/><U121/><E121/><V127/><F109/><W134/><G116/><T33/><D33/><U17/><E68/><V131/><F127/><N who="0" m="48650" /><D114/><U7/><E102/><V21/><F131/><W92/><G128/><T94/><D86/><U70/><E70/><V119/><F104/><W98/><G134/><T24/><D16/><U82/><E39/><V29/><F73/><W5/><G106/><T36/><D24/><U95/><E41/><V42/><F58/><W129/><G129/><T93/><D36/><U49/><E108/><V52/><F119/><W83/><REACH who="3" step="1"/><G38/><REACH who="3" ten="144,435,371,40" step="2"/><T123/><D123/><U133/><E133/><V26/><F0/><W77/><G77/><T132/><D132/><U45/><E57/><V59/><F1/><W107/><G107/><T25/><D44/><U101/><E45/><V31/><F2/><W135/><G135/><T37/><D37/><U124/><E124/><V65/><F47/><W8/><G8/><T19/><D10/><U54/><E34/><V53/><F46/><W22/><G22/><N who="0" m="13535" /><D4/><U110/><E7/><V91/><F20/><W89/><G89/><N who="0" m="55343" /><D94/><U99/><E23/><V105/><F105/><W76/><G76/><T67/><D62/><U111/><E90/><V15/><F21/><W75/><G75/><T87/><D87/><U97/><E95/><V118/><F85/><W112/><G112/><T35/><D35/><U3/><E110/><V72/><F72/><W6/><G6/><T18/><D18/><U11/><E111/><V130/><F118/><W103/><G103/><T51/><D61/><RYUUKYOKU ba="2,1" sc="144,15,435,-15,371,-15,40,15" hai0="48,50,51,67" hai3="5,9,14,43,56,63,66,74,78,83,88,92,98" /><INIT seed="3,3,1,1,0,29" ten="159,420,356,55" oya="3" hai0="104,31,47,92,51,0,120,91,79,58,59,119,8" hai1="124,30,126,111,74,33,19,129,99,4,101,112,127" hai2="73,125,103,63,81,75,12,107,64,18,115,122,85" hai3="45,56,11,123,17,15,84,77,116,3,121,113,80"/><W52/><G113/><T60/><D104/><U72/><E112/><V94/><F115/><W96/><G116/><T27/><D120/><U53/><E111/><V100/><F122/><W40/><G3/><T114/><D119/><U108/><E108/><V23/><F107/><W105/><G96/><T2/><D79/><U62/><E4/><V48/><F125/><W7/><G105/><T24/><D114/><U16/><E129/><V41/><F94/><W133/><G133/><T38/><D38/><U86/><E86/><V69/><F75/><N who="1" m="28713" /><E33/><V68/><F68/><W25/><G25/><T35/><D27/><U6/><E6/><V88/><REACH who="2" step="1"/><F73/><REACH who="2" ten="159,420,346,55" step="2"/><W132/><G132/><T55/><D8/><U34/><E99/><V90/><F90/><W97/><G97/><T78/><D78/><U87/><E101/><V39/><F39/><W10/><G10/><T82/><D59/><N who="1" m="35183" /><E87/><V13/><F13/><W135/><G135/><T43/><D82/><U20/><E20/><V42/><F42/><W117/><G117/><T93/><D93/><U89/><E89/><V22/><F22/><W83/><G83/><T57/><D57/><U110/><E110/><V9/><F9/><W21/><G21/><T66/><D66/><U128/><E128/><V1/><F1/><W54/><G7/><T50/><D60/><U118/><E118/><V28/><F28/><W61/><REACH who="3" step="1"/><G54/><REACH who="3" ten="159,420,346,45" step="2"/><T106/><D106/><U49/><E124/><V102/><F102/><W46/><G46/><AGARI ba="3,3" hai="12,18,23,41,46,48,63,64,69,81,85,88,100,103" machi="46" ten="40,2600,0" yaku="1,1,54,1,53,0" doraHai="29" doraHaiUra="134" who="2" fromWho="3" sc="159,0,420,0,346,65,45,-35" owari="159,-24.1,420,52.0,411,21.1,10,-49.0" /></mjloggm>