<mjloggm ver="2.3"><GO type="225" lobby="0"/><UN n0="%E3%81%99%E3%81%84%E3%81%BE%E3%81%9B%E3%83%BC%E3%82%93" n1="%E5%8D%A0%E3%81%84%E5%B8%AB%E8%A3%8F%E3%81%AA%E3%81%84%E3%81%97" n2="%E3%81%A8%E3%82%89%E3%81%84%E3%81%A1" n3="%E3%82%B2%E3%82%B9%E8%8C%82%E5%8B%9D" dan="17,16,16,16" rate="2217.69,2126.43,2099.21,2056.42" sx="M,M,M,F"/><TAIKYOKU oya="0"/><INIT seed="0,0,0,1,2,50" ten="250,250,250,250" oya="0" hai0="79,26,113,95,72,130,119,54,43,10,80,19,125" hai1="48,27,59,17,2,75,44,73,67,104,135,28,82" hai2="85,131,91,7,100,76,81,108,70,77,9,42,71" hai3="56,58,106,103,15,107,102,41,88,14,74,37,49"/><T45/><D113/><U0/><E104/><V3/><F108/><W98/><G74/><T34/><D119/><U99/><E135/><V61/><F131/><W105/><G37/><T89/><D130/><U112/><E112/><V126/><F126/><W39/><G39/><T25/><D125/><U116/><E116/><V18/><F100/><W8/><G41/><T123/><D123/><U84/><E99/><V69/><F42/><W118/><G118/><T96/><D54/><U47/><E17/><V36/><F36/><W109/><G109/><T11/><D34/><U20/><E0/><V12/><REACH who="2" step="1"/><F61/><REACH who="2" ten="250,250,240,250" step="2"/><W24/><G103/><T16/><D19/><U117/><E117/><V121/><F121/><W46/><G102/><T60/><D60/><U57/><E28/><V124/><F124/><W92/><G24/><T101/><D101/><U63/><E27/><V114/><F114/><W128/><G128/><T111/><D111/><U40/><E63/><V66/><F66/><W38/><G38/><T6/><D6/><U86/><E40/><V21/><AGARI ba="0,1" hai="3,7,9,12,18,21,69,70,71,76,77,81,85,91" machi="21" ten="30,4000,0" yaku="1,1,0,1,53,1" doraHai="50" doraHaiUra="35" who="2" fromWho="2" sc="250,-20,250,-10,240,50,250,-10" /><INIT seed="1,0,0,5,5,30" ten="230,240,290,240" oya="1" hai0="66,101,127,97,40,50,100,71,39,59,33,116,69" hai1="48,94,64,92,54,34,37,42,129,130,115,62,73" hai2="132,47,81,79,8,45,124,2,74,82,119,19,86" hai3="11,118,75,5,22,78,21,35,51,58,46,110,6"/><U68/><E73/><V43/><F119/><W117/><G35/><T87/><D116/><N who="3" m="44649" /><G110/><T123/><D127/><U13/><E34/><V85/><F124/><W18/><G58/><T111/><D111/><U53/><E115/><V113/><F113/><W125/><G125/><T25/><D123/><U12/><E92/><V89/><F132/><W15/><G78/><T17/><D39/><U105/><E105/><V72/><F47/><W55/><G75/><T109/><D109/><U60/><E94/><V4/><REACH who="2" step="1"/><F19/><REACH who="2" ten="230,240,280,240" step="2"/><N who="3" m="8703" /><G21/><T128/><D33/><U84/><E130/><V134/><F134/><W61/><G61/><T99/><D128/><U49/><E60/><V41/><F41/><W63/><G63/><T103/><D40/><U96/><E129/><V29/><F29/><W91/><G22/><T104/><D104/><U24/><E42/><V52/><F52/><W36/><G18/><T32/><D17/><U90/><E53/><V98/><F98/><W65/><G65/><T0/><D66/><U9/><E96/><V106/><F106/><W76/><G36/><AGARI ba="0,1" hai="2,4,8,36,43,45,72,74,79,81,82,85,86,89" machi="36" ten="30,2000,0" yaku="1,1,7,1,53,0" doraHai="30" doraHaiUra="120" who="2" fromWho="3" sc="230,0,240,0,280,30,240,-20" /><INIT seed="2,0,0,2,1,34" ten="230,240,310,220" oya="2" hai0="79,114,123,95,32,19,88,58,12,38,91,117,25" hai1="110,119,72,41,100,74,89,77,9,70,21,101,75" hai2="129,60,69,121,39,16,37,78,94,85,33,84,125" hai3="56,76,127,81,90,29,113,87,63,44,115,102,8"/><V103/><F121/><W104/><G127/><T134/><D123/><U26/><E70/><V61/><F33/><W135/><G135/><T15/><D114/><N who="3" m="43529" /><G29/><T86/><D38/><U93/><E119/><V131/><F103/><W99/><G44/><T106/><D106/><U47/><E77/><V24/><F94/><N who="3" m="54623" /><G8/><T36/><D36/><U40/><E9/><V59/><F125/><W120/><G56/><T68/><D68/><U116/><E110/><V66/><F39/><W11/><G11/><T20/><D134/><U3/><E3/><V67/><F37/><W46/><G46/><T50/><D117/><U92/><E116/><V132/><F78/><W28/><G28/><T45/><D58/><U6/><E6/><V97/><F97/><W52/><G63/><T71/><D71/><U126/><E126/><V118/><F118/><W17/><G17/><T4/><D4/><U10/><E10/><V80/><F132/><W73/><G52/><N who="0" m="29775" /><D32/><U13/><E47/><V43/><F43/><W14/><G14/><N who="0" m="5163" /><D95/><U23/><E92/><V133/><F133/><W107/><G107/><T111/><D111/><U22/><E13/><V55/><F67/><W124/><G124/><T112/><D112/><U122/><E122/><AGARI ba="0,0" hai="73,76,81,99,102,104,120,122" m="54623,43529" machi="122" ten="30,7700,0" yaku="24,1,11,1,34,2" doraHai="34" who="3" fromWho="1" sc="230,0,240,-77,310,0,220,77" /><INIT seed="3,0,0,3,2,131" ten="230,163,310,297" oya="3" hai0="92,28,48,84,8,130,63,26,77,45,83,40,16" hai1="64,98,33,5,51,117,52,62,116,132,2,3,24" hai2="4,96,9,71,81,101,10,42,102,129,25,60,21" hai3="111,23,34,44,6,37,31,29,97,87,109,11,95"/><W108/><G34/><T12/><D130/><U119/><E5/><V120/><F129/><W127/><G127/><T59/><D92/><U79/><E79/><V49/><F120/><W50/><G37/><T124/><D124/><U78/><E78/><V27/><F81/><W18/><G87/><T104/><D104/><U57/><E98/><V110/><F110/><W100/><G18/><T88/><D77/><U91/><E91/><V74/><F74/><W58/><G58/><T46/><D48/><U19/><E132/><V114/><F114/><W70/><G23/><N who="0" m="15455" /><D40/><U66/><E66/><AGARI ba="0,0" hai="8,12,16,45,46,59,63,66,83,84,88" m="15455" machi="66" ten="30,3900,0" yaku="8,1,54,2" doraHai="131" who="0" fromWho="1" sc="230,39,163,-39,310,0,297,0" owari="269,-13.1,124,-37.6,310,41.0,297,9.7" /></mjloggm>