<mjloggm ver="2.3"><GO type="225" lobby="0"/><UN n0="%E3%81%8F%E3%82%8A%E3%83%94%E3%83%BC" n1="%E5%A4%96%E5%B7%9D%E7%AB%9C%E6%88%90" n2="%E3%83%B4%E3%83%A0%EF%BC%99%E3%81%A6" n3="%E3%81%A9%E3%82%8F%E3%82%93%E3%81%94" dan="16,16,17,16" rate="2100.85,2147.06,2202.74,2230.81" sx="M,M,M,M"/><TAIKYOKU oya="0"/><INIT seed="0,0,0,4,1,38" ten="250,250,250,250" oya="0" hai0="123,1,118,22,27,120,89,86,117,124,107,15,44" hai1="47,71,61,54,93,92,65,49,26,64,12,130,34" hai2="32,37,45,111,105,116,79,39,16,96,56,112,3" hai3="14,23,81,21,11,98,13,25,29,50,24,58,122"/><T43/><D1/><U2/><E2/><V17/><F112/><W10/><G122/><T57/><D107/><U72/><E72/><V101/><F32/><W131/><G131/><T128/><D128/><U87/><E130/><V30/><F30/><W134/><G134/><T78/><D78/><U125/><E125/><V76/><F3/><W88/><G50/><T127/><D15/><N who="3" m="5641" /><G58/><T115/><D115/><U135/><E135/><V109/><F56/><W77/><G77/><N who="2" m="29769" /><F37/><W18/><G98/><T102/><D102/><U62/><E87/><AGARI ba="0,0" hai="10,11,18,21,23,24,25,29,81,87,88" m="5641" machi="87" ten="30,2000,0" yaku="8,1,54,1" doraHai="38" who="3" fromWho="1" sc="250,0,250,-20,250,0,250,20" /><INIT seed="1,0,0,1,2,120" ten="250,230,250,270" oya="1" hai0="46,27,123,114,47,116,107,5,26,89,76,0,83" hai1="67,82,11,58,87,101,100,16,130,108,88,134,43" hai2="131,56,132,72,18,110,30,97,99,122,34,81,44" hai3="1,57,24,102,71,2,80,55,4,54,35,127,3"/><U32/><E32/><V125/><F122/><W105/><G71/><T121/><D114/><U73/><E134/><V7/><F132/><W59/><G127/><T61/><D107/><U65/><E130/><V39/><F125/><W70/><G70/><T29/><D116/><U45/><E73/><V42/><F131/><W98/><G80/><T53/><D26/><U69/><E69/><V13/><F7/><W135/><G135/><T21/><D89/><U74/><E74/><V78/><F110/><W41/><G41/><T77/><D77/><U96/><E108/><V19/><F19/><W12/><G24/><T6/><D47/><U66/><E58/><V31/><F56/><W10/><G35/><T63/><D6/><U23/><E11/><V62/><F62/><W104/><G104/><T9/><D63/><U22/><E22/><V129/><F129/><W91/><G91/><T111/><D111/><U17/><E96/><V124/><F124/><W86/><G86/><T60/><D60/><U28/><E28/><V128/><F128/><W113/><G113/><T68/><D46/><U38/><REACH who="1" step="1"/><E17/><REACH who="1" ten="250,220,250,270" step="2"/><V118/><F34/><W50/><G3/><T48/><D68/><U64/><N who="1" m="16384" /><DORA hai="8" /><U84/><E84/><V126/><F126/><W112/><G112/><T75/><D123/><U37/><E37/><V92/><F99/><W85/><G85/><T115/><D121/><U14/><AGARI ba="0,1" hai="14,16,23,38,43,45,82,87,88,100,101" m="16384" machi="14" ten="40,12000,1" yaku="1,1,0,1,52,1,54,2,53,0" doraHai="120,8" doraHaiUra="90,93" who="1" fromWho="1" sc="250,-40,220,130,250,-40,270,-40" /><INIT seed="1,1,0,2,3,59" ten="210,350,210,230" oya="1" hai0="17,87,84,126,112,25,63,132,38,37,32,36,107" hai1="91,86,55,64,78,62,101,43,30,129,76,70,85" hai2="58,35,124,9,114,54,66,80,98,88,97,49,75" hai3="34,40,83,93,12,24,118,71,10,96,60,27,127"/><U15/><E129/><V5/><F35/><W116/><G127/><T22/><D112/><U2/><E2/><V16/><F124/><W3/><G3/><T130/><D126/><U115/><E115/><V19/><F114/><W8/><G40/><T108/><D130/><U57/><E101/><V29/><F29/><W90/><G83/><T103/><D108/><U23/><E43/><V11/><F66/><W68/><G68/><T121/><D132/><U82/><E86/><N who="2" m="50247" /><F75/><W67/><G10/><N who="2" m="3593" /><F5/><N who="3" m="3087" /><G34/><T69/><D32/><U61/><REACH who="1" step="1"/><E15/><REACH who="1" ten="210,340,210,230" step="2"/><V92/><F97/><W105/><G105/><T79/><D107/><U113/><E113/><V28/><F28/><W109/><G109/><T111/><D111/><U104/><E104/><V77/><F77/><W56/><G71/><T42/><D79/><U95/><E95/><V73/><F73/><W81/><G81/><T21/><D69/><U14/><E14/><V65/><F65/><W110/><G110/><T13/><D13/><U94/><E94/><V48/><F92/><W74/><G74/><T102/><D87/><U122/><E122/><V100/><F98/><W0/><G0/><T33/><D84/><U50/><E50/><N who="2" m="19563" /><F100/><W125/><G125/><T52/><D103/><U46/><E46/><V133/><F133/><W26/><G118/><T134/><D102/><U44/><E44/><V45/><F45/><W123/><G116/><T39/><D134/><U99/><E99/><V4/><F4/><W72/><G123/><T119/><D121/><U135/><E135/><V120/><F120/><W51/><G72/><T31/><D119/><RYUUKYOKU ba="1,1" sc="210,-30,340,10,210,10,230,10" hai1="23,30,55,57,61,62,64,70,76,78,82,85,91" hai2="16,19,54,58" hai3="24,26,27,51,56,60,67,90,93,96" /><INIT seed="1,2,1,1,4,96" ten="180,350,220,240" oya="1" hai0="85,53,133,32,117,93,46,9,28,71,52,44,99" hai1="1,15,103,124,75,45,110,132,60,54,114,18,35" hai2="123,134,14,68,127,33,31,97,30,76,129,130,78" hai3="26,34,84,40,50,66,64,62,63,48,115,122,104"/><U11/><E114/><V113/><F123/><W43/><G115/><T128/><D117/><U105/><E75/><V82/><F113/><W89/><G104/><T12/><D71/><U120/><E120/><V70/><F127/><W98/><G122/><T92/><D28/><U125/><E35/><V80/><F14/><W95/><G34/><T72/><D133/><U131/><E132/><V81/><F134/><W51/><G26/><T67/><D67/><N who="3" m="25641" /><G84/><T39/><D128/><N who="2" m="49258" /><F97/><W116/><G116/><T57/><D39/><U41/><E1/><V108/><F108/><W83/><G83/><N who="2" m="31817" /><F76/><W2/><G2/><T59/><D72/><U55/><E131/><V47/><F47/><N who="0" m="17962" /><D32/><U111/><E45/><V19/><F19/><W88/><G89/><N who="0" m="53295" /><D57/><U119/><E119/><V101/><F33/><W38/><G38/><T73/><D59/><U27/><E125/><V90/><F90/><W135/><G135/><T36/><D36/><U87/><E124/><V86/><F68/><W4/><G4/><N who="0" m="3111" /><D73/><U29/><E111/><V23/><F70/><W112/><G112/><T106/><D106/><U7/><E110/><V118/><F118/><W13/><G13/><T25/><D25/><U91/><E27/><N who="2" m="16767" /><F31/><W20/><G20/><T100/><AGARI ba="2,1" hai="52,53,93,99,100" m="3111,53295,17962" machi="100" ten="30,4000,0" yaku="8,1,52,1,54,1" doraHai="96" who="0" fromWho="0" sc="180,56,350,-22,220,-12,240,-12" /><INIT seed="2,0,0,0,3,14" ten="236,328,208,228" oya="2" hai0="47,31,134,119,81,54,95,105,97,57,126,24,114" hai1="1,89,115,113,2,52,48,60,86,96,67,68,49" hai2="65,92,109,23,12,40,62,37,131,85,32,9,71" hai3="90,133,27,42,104,44,98,10,51,26,84,72,106"/><V56/><F32/><W29/><G133/><T8/><D114/><U39/><E49/><V63/><F131/><W135/><G72/><T94/><D126/><U73/><E73/><V33/><F33/><W123/><G135/><T121/><D121/><U100/><E39/><V117/><F117/><W127/><G127/><T120/><D120/><U91/><E91/><V118/><F118/><W35/><G123/><T129/><D129/><U102/><E102/><V6/><F109/><W64/><G64/><T59/><D59/><U11/><E11/><V13/><F37/><W15/><G27/><T88/><D134/><U20/><E20/><V43/><F92/><W110/><G98/><T78/><D95/><U34/><E1/><V116/><F85/><W45/><G45/><T124/><D124/><U36/><E2/><V107/><F107/><W66/><G66/><T17/><D47/><U122/><E36/><V22/><F116/><W93/><REACH who="3" step="1"/><G110/><REACH who="3" ten="236,328,208,218" step="2"/><T21/><D119/><U74/><E74/><V87/><F87/><W7/><AGARI ba="0,1" hai="7,10,15,26,29,35,42,44,51,84,90,93,104,106" machi="7" ten="20,5200,0" yaku="1,1,2,1,0,1,7,1,53,0" doraHai="14" doraHaiUra="130" who="3" fromWho="3" sc="236,-13,328,-13,208,-26,218,62" /><INIT seed="3,0,0,4,1,45" ten="223,315,182,280" oya="3" hai0="7,83,130,42,14,127,44,35,74,49,8,86,11" hai1="91,116,88,115,30,89,68,61,114,66,103,37,59" hai2="92,118,2,81,20,124,10,31,99,76,132,52,43" hai3="125,122,78,71,70,63,87,15,24,22,51,56,12"/><W85/><G122/><T77/><D127/><U94/><E37/><V73/><F124/><W17/><G125/><T101/><D130/><U112/><E116/><V4/><F118/><W65/><G71/><T120/><D120/><U102/><E30/><V106/><F132/><W133/><G133/><T38/><D35/><U0/><E0/><V46/><F106/><W60/><G78/><T126/><D126/><U67/><E68/><V100/><F20/><W121/><G121/><T23/><D101/><U28/><E28/><V18/><F31/><W95/><G51/><T9/><D74/><U32/><E32/><V6/><F52/><W72/><G72/><T16/><REACH who="0" step="1"/><D38/><REACH who="0" ten="213,315,182,280" step="2"/><U104/><E103/><V19/><F6/><AGARI ba="0,1" hai="6,7,8,9,11,14,16,23,42,44,49,77,83,86" machi="6" ten="40,8000,1" yaku="1,1,2,1,8,1,52,1,54,1,53,0" doraHai="45" doraHaiUra="62" who="0" fromWho="2" sc="213,90,315,0,182,-80,280,0" owari="303,10.3,315,41.5,102,-39.8,280,-12.0" /></mjloggm>