<mjloggm ver="2.3"><GO type="225" lobby="0"/><UN n0="%E3%83%81%E3%83%AF%E3%83%AF%E9%9A%8A%E9%95%B7" n1="%73%75%7A%75%6D%65%33" n2="%4E%55%44%41" n3="%E3%82%A2%E3%83%BC%E3%83%A2%E3%83%AD%E3%83%BC%E3%83%B4%E3%82%A1" dan="16,17,16,16" rate="2088.24,2235.75,2161.52,2098.62" sx="M,M,M,M"/><TAIKYOKU oya="0"/><INIT seed="0,0,0,5,0,64" ten="250,250,250,250" oya="0" hai0="24,118,90,68,54,14,35,133,124,120,19,76,30" hai1="67,104,47,27,38,123,66,32,121,20,130,0,128" hai2="5,46,61,135,75,8,99,2,57,41,96,55,53" hai3="126,74,103,116,82,4,33,92,108,42,93,29,15"/><T6/><D118/><U28/><E104/><V11/><F135/><W71/><G116/><T113/><D120/><N who="1" m="46155" /><E0/><V69/><F75/><W94/><G42/><T1/><D113/><U111/><E111/><V112/><F112/><W59/><G71/><T100/><D133/><U31/><E31/><V13/><F55/><W40/><G40/><T102/><D124/><U56/><E56/><V36/><REACH who="2" step="1"/><F69/><REACH who="2" ten="250,250,240,250" step="2"/><W107/><G74/><T125/><D68/><U122/><E122/><V129/><F129/><N who="1" m="49769" /><E32/><V109/><F109/><W87/><G33/><T3/><D35/><U85/><E85/><V39/><F39/><W110/><G110/><T34/><D34/><U60/><E60/><V44/><F44/><W105/><G108/><T106/><D54/><U9/><E38/><V73/><F73/><W119/><G119/><T84/><D125/><U88/><E47/><V22/><F22/><W12/><G126/><T83/><D84/><U101/><E20/><V58/><F58/><W127/><G59/><T63/><D63/><U25/><E9/><V70/><F70/><W17/><G127/><T91/><D1/><U77/><E67/><V37/><F37/><W48/><G87/><T18/><D3/><U97/><E66/><V21/><F21/><W117/><G117/><T72/><D72/><U65/><E65/><V16/><AGARI ba="0,1" hai="2,5,8,11,13,16,36,41,46,53,57,61,96,99" machi="16" ten="20,8000,1" yaku="1,1,0,1,7,1,54,1,53,1" doraHai="64" doraHaiUra="51" who="2" fromWho="2" sc="250,-40,250,-20,240,90,250,-20" /><INIT seed="1,0,0,2,1,130" ten="210,230,330,230" oya="1" hai0="73,53,117,47,65,19,63,133,76,82,6,107,64" hai1="40,22,28,132,104,68,3,70,89,102,69,41,110" hai2="91,21,49,39,58,4,38,115,98,85,105,77,45" hai3="114,35,24,10,60,20,46,57,25,123,94,74,87"/><U119/><E119/><V127/><F127/><W96/><G123/><T8/><D107/><U62/><E3/><V11/><F115/><W12/><G74/><T27/><D117/><U48/><E104/><V67/><F21/><W72/><G72/><T33/><D133/><U56/><E102/><V92/><F58/><W15/><G35/><T122/><D122/><U42/><E89/><V75/><F67/><N who="3" m="39311" /><G114/><T66/><D63/><U23/><E132/><V129/><F129/><W93/><G46/><T97/><D97/><U81/><E81/><V51/><F75/><W0/><G0/><T16/><D53/><U135/><E135/><V29/><F29/><N who="3" m="17543" /><G25/><T88/><D47/><U30/><E48/><V108/><F108/><W36/><G36/><T134/><D134/><U26/><E110/><V78/><F38/><W32/><G32/><T128/><D128/><U50/><E50/><V5/><F39/><W116/><G10/><T120/><D120/><U14/><E14/><V44/><F105/><W31/><G31/><T113/><D113/><U95/><E95/><N who="2" m="54767" /><F44/><W52/><G116/><T124/><D124/><U100/><E100/><N who="2" m="60487" /><F11/><W84/><G87/><T80/><D8/><U106/><E106/><V99/><F99/><W37/><G37/><T18/><D73/><U71/><N who="1" m="17408" /><DORA hai="126" /><U59/><E62/><V90/><F49/><W54/><G12/><T2/><D2/><U118/><E118/><V112/><F51/><W79/><G15/><T7/><D80/><U121/><E121/><V34/><F112/><W111/><G111/><T103/><D82/><U13/><E13/><RYUUKYOKU ba="0,0" sc="210,-10,230,30,330,-10,230,-10" hai1="22,23,26,28,30,40,41,42,56,59" /><INIT seed="1,1,0,0,2,128" ten="200,260,320,220" oya="1" hai0="69,135,9,46,54,88,55,57,53,133,107,37,61" hai1="116,23,1,41,132,124,110,12,81,44,106,131,94" hai2="118,127,49,78,21,83,32,85,28,125,26,62,17" hai3="93,76,99,101,22,30,7,96,31,90,4,105,29"/><U117/><E106/><V92/><F118/><W15/><REACH who="3" step="1"/><G76/><REACH who="3" ten="200,260,320,210" step="2"/><T87/><D107/><U24/><E117/><V58/><F92/><W123/><G123/><T39/><D69/><U16/><E116/><V45/><F58/><W38/><G38/><T120/><D120/><U74/><E94/><V100/><F100/><W8/><G8/><T70/><D70/><U108/><E108/><V97/><F97/><W126/><G126/><T6/><D39/><U48/><E124/><V79/><F79/><W80/><G80/><T89/><D37/><U84/><E110/><V68/><F68/><W42/><G42/><T43/><D43/><U60/><E81/><V82/><F82/><W121/><G121/><T19/><D46/><U122/><E44/><V102/><F102/><W33/><G33/><T2/><D89/><U47/><E47/><V86/><F125/><W129/><G129/><T113/><D113/><U50/><E131/><V91/><F127/><W75/><G75/><T52/><REACH who="0" step="1"/><D19/><AGARI ba="1,1" hai="4,7,15,19,22,29,30,31,90,93,96,99,101,105" machi="19" ten="40,8000,1" yaku="21,2,53,3" doraHai="128" doraHaiUra="27" who="3" fromWho="0" sc="200,-83,260,0,320,0,210,93" /><INIT seed="2,0,0,0,3,48" ten="117,260,320,303" oya="2" hai0="2,79,44,70,61,13,7,31,116,1,73,76,47" hai1="22,89,3,127,86,39,66,71,28,120,87,122,119" hai2="15,40,100,72,123,90,103,41,107,23,36,37,17" hai3="91,33,42,55,10,63,95,102,19,125,113,111,64"/><V82/><F123/><N who="1" m="47145" /><E39/><V69/><F69/><W0/><G33/><T80/><D116/><U92/><E119/><V117/><F117/><W11/><G111/><T53/><D76/><U30/><E3/><V130/><F130/><W115/><G125/><T112/><D112/><N who="3" m="43081" /><G42/><T75/><D75/><U51/><E127/><V132/><F132/><W34/><G34/><T12/><D31/><N who="1" m="11819" /><E22/><V14/><F72/><W59/><G102/><T56/><D70/><U8/><E8/><N who="3" m="3114" /><G19/><T29/><D29/><U26/><E26/><V9/><F36/><W84/><G0/><T45/><D7/><U81/><E51/><V62/><F62/><W77/><G77/><T5/><D5/><U67/><E71/><V57/><F37/><W38/><G38/><T65/><D1/><U78/><AGARI ba="0,0" hai="66,67,78,81,86,87,89,92" m="11819,47145" machi="78" ten="30,1100,0" yaku="13,1" doraHai="48" who="1" fromWho="1" sc="117,-3,260,11,320,-5,303,-3" /><INIT seed="3,0,0,5,4,45" ten="114,271,315,300" oya="3" hai0="38,135,28,128,48,121,90,70,9,72,53,63,119" hai1="78,17,83,58,95,117,99,13,65,20,94,41,5" hai2="93,111,100,71,11,36,10,30,37,114,109,129,47" hai3="85,50,68,7,110,1,87,4,127,35,84,103,3"/><W8/><G68/><T29/><D38/><N who="2" m="14954" /><F114/><W61/><G35/><T86/><D72/><U56/><E117/><V46/><F71/><W120/><G120/><T59/><D119/><U0/><E41/><V124/><F30/><W96/><G61/><T82/><D121/><U108/><E108/><N who="2" m="41547" /><F124/><W2/><G110/><T79/><D128/><U105/><E105/><V123/><F123/><W49/><G127/><T43/><D135/><U122/><E122/><V76/><F76/><W91/><G91/><T33/><D33/><U34/><E34/><V118/><F118/><W40/><G40/><T80/><D9/><N who="2" m="3082" /><F129/><W51/><REACH who="3" step="1"/><G7/><REACH who="3" ten="114,271,315,290" step="2"/><T116/><D116/><U133/><E5/><V54/><F54/><W62/><G62/><T26/><D26/><U15/><E133/><V126/><F126/><W19/><G19/><T134/><D134/><U64/><E0/><V52/><F52/><W112/><G112/><T81/><D79/><U57/><E15/><V125/><F125/><W66/><G66/><T97/><D97/><AGARI ba="0,1" hai="46,47,93,97,100" m="3082,41547,14954" machi="97" ten="40,1300,0" yaku="14,1" doraHai="45" who="2" fromWho="0" sc="114,-13,271,0,315,23,290,0" owari="101,-39.9,271,-12.9,338,43.8,290,9.0" /></mjloggm>