<mjloggm ver="2.3"><GO type="225" lobby="0"/><UN n0="%E3%83%A1%E3%82%AC%E3%83%87%E3%82%B8" n1="%E9%80%9F%E6%B0%B4%E5%87%9B%E9%A6%99" n2="%70%68%65%6E%6F%6D%65" n3="%E3%81%BE%E3%81%A8%E3%81%9F" dan="16,16,17,16" rate="2104.27,2090.26,2183.94,2134.59" sx="F,F,M,M"/><TAIKYOKU oya="0"/><INIT seed="0,0,0,0,3,33" ten="250,250,250,250" oya="0" hai0="62,70,27,23,15,76,32,113,103,9,112,86,44" hai1="68,133,10,85,52,105,4,39,34,101,17,74,80" hai2="72,16,102,81,96,100,38,35,3,26,77,55,115" hai3="110,129,111,1,120,114,36,24,92,53,93,79,41"/><T119/><D119/><U45/><E68/><V132/><F115/><W104/><G114/><T0/><D103/><U69/><E69/><V37/><F132/><W91/><G104/><T73/><D86/><U65/><E65/><V14/><F100/><W54/><G129/><T124/><D44/><U78/><E34/><V29/><F55/><W127/><G127/><T21/><D21/><U47/><E133/><V106/><REACH who="2" step="1"/><F3/><REACH who="2" ten="250,250,240,250" step="2"/><W12/><G54/><T48/><D0/><U95/><E101/><V66/><F66/><W75/><G53/><T97/><D113/><U126/><E52/><V49/><F49/><W13/><G1/><T99/><D48/><U50/><E50/><V2/><F2/><W8/><G111/><T82/><D112/><U84/><E126/><V131/><F131/><W94/><G110/><T107/><D124/><U64/><E64/><V58/><F58/><W22/><G36/><T98/><D70/><U31/><E39/><V5/><F5/><W56/><G56/><T20/><D62/><U121/><E4/><V19/><F19/><W125/><G125/><T43/><D43/><U89/><E17/><V40/><F40/><W30/><G41/><T46/><D46/><U71/><E45/><V118/><F118/><W6/><G6/><N who="0" m="3511" /><D107/><U108/><E47/><V88/><F88/><W59/><G91/><T63/><D63/><U122/><E105/><V67/><F67/><W11/><G59/><T61/><D61/><U51/><E71/><V18/><F18/><W28/><G79/><T7/><D7/><U87/><E89/><V90/><F90/><RYUUKYOKU ba="0,1" sc="250,15,250,-15,240,15,250,-15" hai0="20,23,27,32,73,76,82,97,98,99" hai2="14,16,26,29,35,37,38,72,77,81,96,102,106" /><INIT seed="0,1,1,1,5,130" ten="265,235,255,235" oya="0" hai0="37,29,47,96,121,79,120,18,52,59,43,14,39" hai1="78,132,71,8,106,61,98,84,122,119,127,101,109" hai2="67,58,32,3,112,53,111,102,5,33,12,99,55" hai3="2,82,1,44,56,10,135,124,38,105,72,11,85"/><T17/><D39/><U95/><E122/><V30/><F112/><W13/><G124/><T48/><D29/><U34/><E119/><V110/><F3/><W19/><G105/><T133/><D133/><U40/><E127/><V21/><F67/><W75/><G56/><T28/><D28/><U24/><E109/><N who="2" m="41483" /><F5/><W51/><G38/><T91/><D79/><U113/><E113/><V49/><F55/><W46/><G46/><T89/><D18/><U41/><E8/><V65/><F65/><W123/><G123/><T107/><D91/><U16/><E78/><V128/><F128/><W97/><G97/><T9/><REACH who="0" step="1"/><D89/><REACH who="0" ten="255,235,255,235" step="2"/><N who="1" m="53671" /><E132/><V90/><F90/><W36/><G135/><T27/><D27/><U31/><E16/><N who="2" m="10375" /><F30/><W77/><G19/><T45/><D45/><U80/><E80/><V117/><F117/><W70/><G44/><T4/><D4/><U68/><E68/><V20/><F20/><W69/><G82/><T87/><D87/><U25/><E25/><V93/><AGARI ba="1,2" hai="32,33,49,53,58,93,99,102" m="10375,41483" machi="93" ten="30,2000,0" yaku="14,1,54,1" doraHai="130" who="2" fromWho="2" sc="255,-11,235,-6,255,43,235,-6" /><INIT seed="1,0,0,4,0,100" ten="244,229,298,229" oya="1" hai0="11,13,70,101,93,124,76,41,112,30,117,4,21" hai1="110,31,2,45,81,86,62,59,107,27,120,103,33" hai2="46,73,119,61,24,43,47,89,116,99,131,97,133" hai3="63,34,125,78,6,71,9,29,65,115,92,3,98"/><U42/><E120/><V104/><F73/><W108/><G115/><T67/><D112/><U91/><E2/><V58/><F131/><W114/><G108/><T127/><D117/><U50/><E110/><V123/><F123/><W122/><G114/><T60/><D76/><U87/><E87/><V109/><F109/><W106/><G122/><T121/><D41/><U32/><E32/><V54/><F133/><W52/><G78/><T128/><D128/><U56/><REACH who="1" step="1"/><E62/><REACH who="1" ten="244,219,298,229" step="2"/><V126/><F116/><W51/><G34/><T0/><D121/><U111/><E111/><V74/><F119/><W83/><G3/><T53/><D0/><U85/><E85/><V75/><F74/><W72/><G72/><T1/><D1/><U129/><E129/><V35/><F75/><W39/><G63/><T20/><D127/><U25/><E25/><V118/><F118/><W19/><G125/><T40/><D124/><U44/><E44/><V69/><F35/><W96/><G96/><AGARI ba="0,1" hai="27,31,33,42,45,50,56,59,81,86,91,96,103,107" machi="96" ten="40,3900,0" yaku="1,1,52,1,53,0" doraHai="100" doraHaiUra="66" who="1" fromWho="3" sc="244,0,219,49,298,0,229,-39" /><INIT seed="1,1,0,5,3,7" ten="244,268,298,190" oya="1" hai0="78,73,24,28,17,43,79,84,113,99,103,118,6" hai1="37,31,133,35,126,85,95,124,75,77,44,135,65" hai2="61,71,50,22,32,90,30,111,51,107,94,96,102" hai3="86,125,14,53,16,74,66,72,69,63,18,40,62"/><U87/><E31/><V15/><F111/><W82/><G125/><N who="1" m="48234" /><E35/><V68/><F22/><W120/><G120/><T100/><D113/><U0/><E0/><V39/><F39/><W101/><G40/><T36/><D73/><U46/><E65/><N who="2" m="41007" /><F71/><W41/><G41/><T129/><D118/><U131/><E37/><V3/><F15/><W127/><G127/><T130/><D17/><U106/><E106/><V11/><F11/><W64/><G53/><T112/><D112/><U33/><E33/><V109/><F3/><W9/><G101/><T52/><D6/><U2/><E2/><V89/><F109/><W88/><G18/><T119/><D36/><U12/><E12/><V122/><F122/><W81/><G81/><T67/><D24/><U116/><E116/><V76/><F76/><W45/><G45/><T58/><D67/><U132/><E75/><V27/><F90/><W128/><G128/><T49/><D28/><U55/><E55/><V105/><F107/><W104/><G104/><T23/><D119/><U34/><E34/><V70/><F70/><AGARI ba="1,0" hai="9,14,16,62,63,64,66,69,70,72,74,82,86,88" machi="70" ten="30,8000,1" yaku="7,1,9,1,52,1,54,2" doraHai="7" who="3" fromWho="2" sc="244,0,268,0,298,-83,190,83" /><INIT seed="2,0,0,5,4,68" ten="244,268,215,273" oya="2" hai0="56,18,10,53,110,52,29,28,70,66,43,90,87" hai1="98,78,49,5,131,13,69,12,77,4,116,67,0" hai2="94,51,37,92,9,63,123,50,17,16,39,119,101" hai3="23,33,125,6,2,79,83,76,73,71,21,132,117"/><V30/><F30/><N who="0" m="11882" /><D70/><U105/><E116/><V122/><F63/><W3/><G33/><T96/><D43/><U31/><E0/><V25/><F9/><W57/><G71/><T127/><D96/><U109/><E67/><V45/><F45/><W99/><G117/><T88/><D90/><U41/><E69/><V82/><F119/><W72/><G132/><T133/><D133/><U22/><E109/><V128/><F82/><W85/><G99/><T38/><D38/><U91/><E131/><V20/><F128/><W104/><G104/><T54/><D110/><U58/><E105/><V1/><F1/><W95/><G95/><N who="0" m="54687" /><D127/><U19/><E98/><V80/><F80/><W134/><G83/><T113/><D113/><U62/><E91/><V114/><F114/><W124/><G85/><T61/><D18/><U111/><E31/><V129/><F129/><W42/><G42/><T97/><D97/><U59/><E111/><V74/><F74/><W121/><G121/><T81/><D81/><U27/><E41/><V75/><F75/><W112/><G134/><T135/><D135/><U34/><E34/><V65/><F65/><W11/><G112/><T47/><D10/><U46/><E78/><V64/><F64/><W7/><G11/><T15/><D15/><N who="1" m="5707" /><E77/><V60/><F101/><W48/><G48/><AGARI ba="0,0" hai="47,48,52,53,54,56,61,66" m="54687,11882" machi="48" ten="30,3900,0" yaku="8,1,54,2" doraHai="68" who="0" fromWho="3" sc="244,39,268,0,215,0,273,-39" /><INIT seed="3,0,0,4,1,4" ten="283,268,215,234" oya="3" hai0="102,119,43,15,59,115,107,100,127,75,53,20,122" hai1="95,40,18,2,64,128,132,21,6,61,98,117,45" hai2="37,106,7,8,34,5,92,54,103,60,44,123,68" hai3="27,29,49,114,22,118,94,39,69,133,85,10,11"/><W81/><G114/><T46/><D119/><U129/><E117/><V52/><F106/><W62/><G118/><T121/><D75/><U32/><E32/><V72/><F34/><W74/><G39/><T90/><D127/><U42/><E132/><V65/><F72/><W77/><G133/><T71/><D71/><U82/><E82/><V113/><F113/><W120/><G120/><T78/><D78/><U17/><E17/><V26/><F123/><W28/><G28/><T86/><D115/><U36/><E40/><V83/><F83/><W116/><G116/><T109/><D107/><U3/><E6/><V51/><F26/><W13/><G49/><T38/><D109/><U58/><E2/><V0/><F7/><W104/><G104/><T111/><D111/><U24/><REACH who="1" step="1"/><E3/><REACH who="1" ten="283,258,215,234" step="2"/><V101/><F37/><W80/><G80/><T25/><D122/><U76/><E76/><V9/><F9/><W30/><G30/><T79/><D79/><U125/><E125/><V50/><F92/><W134/><G134/><T31/><D121/><U1/><E1/><V99/><F99/><W70/><G10/><T124/><D124/><U67/><E67/><V41/><REACH who="2" step="1"/><F41/><REACH who="2" ten="283,258,205,234" step="2"/><W12/><G94/><T131/><D43/><U105/><E105/><V33/><F33/><W47/><G11/><T35/><D35/><U91/><AGARI ba="0,2" hai="18,21,24,36,42,45,58,61,64,91,95,98,128,129" machi="91" ten="30,2000,0" yaku="1,1,0,1,53,0" doraHai="4" doraHaiUra="48" who="1" fromWho="1" sc="283,-5,258,40,205,-5,234,-10" /><INIT seed="4,0,0,4,3,131" ten="278,298,200,224" oya="0" hai0="71,41,123,63,59,31,66,57,98,124,51,22,39" hai1="102,75,88,14,10,121,132,93,54,81,52,37,70" hai2="118,9,125,27,104,13,0,58,110,79,69,4,90" hai3="127,119,17,1,36,129,5,105,2,48,128,111,113"/><T108/><D123/><U56/><E70/><V84/><F69/><W28/><G36/><T126/><D98/><N who="1" m="59727" /><E37/><V77/><F110/><W65/><G48/><T19/><D31/><U94/><E75/><V62/><F125/><N who="0" m="48234" /><D108/><U86/><E132/><V112/><F112/><W25/><G65/><T135/><D135/><U6/><E121/><V55/><F118/><W100/><G100/><T32/><D32/><U40/><E40/><V114/><F114/><W18/><G105/><T21/><D39/><U3/><E3/><N who="3" m="1034" /><G113/><T44/><D22/><U42/><E42/><V50/><F104/><W122/><G122/><T35/><D35/><U117/><E117/><V47/><F0/><W103/><G103/><T34/><D34/><U73/><E73/><V64/><REACH who="2" step="1"/><F27/><AGARI ba="0,0" hai="19,21,27,41,44,51,57,59,63,66,71" m="48234" machi="27" ten="30,1500,0" yaku="18,1" doraHai="131" who="0" fromWho="2" sc="278,15,298,0,200,-15,224,0" /><INIT seed="4,1,0,0,5,35" ten="293,298,185,224" oya="0" hai0="55,67,3,29,20,30,9,82,97,38,110,83,51" hai1="26,98,59,123,120,111,42,134,40,2,24,56,60" hai2="64,100,89,19,118,28,57,32,0,126,39,87,46" hai3="108,102,116,11,17,47,104,8,77,95,6,132,66"/><T109/><D38/><U91/><E2/><V81/><F126/><W72/><G116/><T124/><D67/><U130/><E111/><N who="0" m="42505" /><D97/><U16/><E134/><V96/><F118/><W86/><G108/><T122/><D124/><U127/><E130/><V45/><F19/><W112/><G17/><T15/><D3/><U133/><E127/><V44/><F0/><W125/><G11/><T114/><D114/><U4/><E133/><V14/><F14/><W69/><G66/><T12/><D12/><U53/><E4/><V106/><F39/><W128/><G6/><N who="0" m="3511" /><D122/><U101/><E123/><V13/><F13/><W79/><G125/><T105/><D105/><U58/><E120/><V1/><F1/><W62/><G104/><T74/><D74/><U22/><E26/><V94/><F32/><W103/><G72/><T27/><D30/><U76/><E76/><V50/><F28/><W48/><G77/><T31/><D29/><U70/><E70/><V115/><F115/><W21/><G112/><T43/><D43/><N who="1" m="16427" /><E101/><V90/><F64/><W73/><G73/><T41/><D41/><U54/><E54/><N who="2" m="31959" /><F106/><W63/><G132/><T61/><D61/><U129/><E129/><V80/><F100/><W78/><G102/><T84/><D84/><U33/><E33/><V88/><F89/><W131/><G62/><T10/><D10/><U65/><E65/><V37/><F37/><W113/><G8/><T36/><D36/><U93/><AGARI ba="1,0" hai="16,22,24,53,56,58,59,60,91,93,98" m="16427" machi="93" ten="30,4000,0" yaku="25,1,8,1,54,1" doraHai="35" who="1" fromWho="1" sc="293,-21,298,43,185,-11,224,-11" owari="272,7.2,341,44.1,174,-32.6,213,-18.7" /></mjloggm>