<mjloggm ver="2.3"><GO type="225" lobby="0"/><UN n0="%E5%8F%AF%E5%85%90%E9%82%A3%E7%94%B1%E5%A4%9A" n1="%E3%81%A8%E3%82%93%E3%81%A8%E3%81%93%E3%81%A8%E3%82%93" n2="%E7%B4%94%E6%BD%94%E3%83%94%E3%83%A9%E3%83%8B%E3%82%A2" n3="%61%69%73%79%6F" dan="16,16,17,17" rate="2194.61,2123.28,2150.28,2248.86" sx="F,M,M,M"/><TAIKYOKU oya="0"/><INIT seed="0,0,0,5,4,94" ten="250,250,250,250" oya="0" hai0="0,67,98,117,71,91,129,2,75,44,128,56,85" hai1="134,59,38,21,25,8,53,78,106,14,5,82,124" hai2="87,73,110,46,105,64,42,133,41,49,33,55,108" hai3="27,9,84,50,96,7,4,76,35,3,48,95,115"/><T89/><D117/><U10/><E38/><V65/><F73/><W120/><G115/><T12/><D75/><U26/><E124/><V43/><F87/><W13/><G120/><T99/><D71/><U6/><E134/><V132/><F105/><W103/><G4/><T30/><D30/><U11/><E106/><V131/><F131/><N who="0" m="50250" /><D44/><U135/><E135/><N who="2" m="51787" /><F33/><W119/><G119/><T86/><D12/><U54/><E5/><V58/><F46/><W61/><G61/><N who="0" m="38311" /><D86/><N who="1" m="48471" /><E25/><V122/><F122/><W69/><G69/><T83/><D91/><U123/><E123/><V121/><F121/><W22/><G35/><T114/><D114/><U79/><E79/><V36/><F36/><W1/><G1/><AGARI ba="0,0" hai="0,1,2,83,85,89,98,99" m="38311,50250" machi="1" ten="30,5800,0" yaku="19,1,52,2" doraHai="94" who="0" fromWho="3" sc="250,58,250,0,250,0,250,-58" /><INIT seed="0,1,0,5,1,10" ten="308,250,250,192" oya="0" hai0="108,46,33,89,68,18,20,115,32,79,128,64,43" hai1="14,40,7,72,81,39,87,23,13,30,129,49,6" hai2="25,104,80,86,97,92,28,76,45,75,84,56,118" hai3="120,54,85,51,123,52,114,135,48,111,116,90,37"/><T101/><D115/><U60/><E72/><V83/><F118/><W8/><G114/><T9/><D128/><U16/><E39/><V3/><F3/><W70/><G116/><T2/><D101/><U110/><E110/><V15/><F45/><W21/><G111/><T117/><D117/><U0/><E0/><V121/><F121/><W95/><G70/><T100/><D100/><U130/><E30/><V65/><F104/><W61/><G37/><T34/><D79/><N who="1" m="46527" /><E60/><V44/><F44/><W107/><G107/><T77/><D77/><U82/><E82/><V31/><F31/><W55/><G61/><T126/><D108/><U78/><E78/><V132/><F83/><W38/><G38/><T69/><D64/><U122/><E122/><N who="3" m="46634" /><G135/><T47/><D47/><N who="1" m="25831" /><E6/><V131/><F131/><W99/><G85/><T119/><D119/><U58/><E58/><V71/><F71/><W41/><G41/><T57/><D57/><U109/><E109/><V4/><F56/><W88/><G90/><T134/><D89/><U124/><E124/><V27/><F65/><W112/><G112/><T106/><D126/><U105/><E105/><V63/><F63/><W42/><G42/><T24/><D134/><U103/><E103/><N who="2" m="60839" /><F132/><W53/><N who="3" m="13312" /><DORA hai="50" /><W67/><G67/><T22/><D106/><U19/><E129/><V5/><F86/><W125/><G125/><T11/><D68/><U59/><E130/><V29/><F75/><W26/><G8/><N who="0" m="3147" /><D69/><U133/><E133/><V35/><F5/><W96/><G96/><T74/><D74/><U93/><E7/><V62/><F4/><RYUUKYOKU ba="1,0" sc="308,-10,250,-10,250,-10,192,30" hai3="21,26,48,51,88,95,99" /><INIT seed="1,2,0,4,3,59" ten="298,240,240,222" oya="1" hai0="4,103,84,37,80,121,126,43,20,114,83,116,42" hai1="67,1,97,124,50,31,112,110,122,25,81,69,135" hai2="70,28,85,40,68,72,113,90,74,105,89,77,24" hai3="21,120,48,13,71,78,102,7,36,49,2,17,15"/><U111/><E112/><V96/><F113/><W129/><G36/><T108/><D114/><U57/><E122/><V99/><F40/><W117/><G2/><T5/><D116/><U46/><E69/><V98/><F105/><W30/><G117/><T131/><D121/><U106/><E1/><V134/><F134/><W14/><G120/><T123/><D123/><U73/><E124/><V79/><F24/><W55/><G71/><N who="2" m="27177" /><F85/><W127/><G127/><T128/><D108/><N who="1" m="41515" /><E135/><V115/><F28/><W61/><G30/><T62/><D126/><U66/><E57/><V63/><F63/><W45/><G7/><T58/><D103/><N who="1" m="62831" /><E73/><N who="2" m="28267" /><F115/><W109/><G109/><T87/><D58/><U22/><E81/><V18/><F18/><W94/><G17/><T6/><D6/><U82/><E82/><V91/><AGARI ba="2,0" hai="77,79,89,90,91,96,98,99" m="28267,27177" machi="91" ten="40,2700,0" yaku="28,2" doraHai="59" who="2" fromWho="2" sc="298,-9,240,-15,240,33,222,-9" /><INIT seed="2,0,0,5,4,28" ten="289,225,273,213" oya="2" hai0="99,110,0,5,57,114,79,115,40,65,49,29,48" hai1="68,72,84,9,91,56,8,36,45,93,135,34,16" hai2="1,25,18,13,66,39,63,107,92,43,59,122,61" hai3="119,85,31,90,96,126,102,30,17,104,20,111,132"/><V89/><F1/><W37/><G119/><T74/><D110/><U70/><E135/><V11/><F107/><W35/><G111/><T112/><D99/><U88/><E72/><V15/><F122/><W12/><G132/><T27/><D79/><U54/><E34/><V117/><F117/><W51/><G37/><T64/><D74/><U50/><E36/><V123/><F123/><W38/><G38/><T42/><D5/><U125/><E125/><V120/><F120/><W94/><G126/><T106/><D106/><U103/><E103/><V32/><F39/><W75/><G35/><T69/><D0/><U83/><E56/><V73/><F73/><W55/><REACH who="3" step="1"/><G75/><REACH who="3" ten="289,225,273,203" step="2"/><T100/><D114/><U10/><REACH who="1" step="1"/><E16/><REACH who="1" ten="289,215,273,203" step="2"/><V129/><F32/><W52/><G52/><T80/><D115/><U81/><E81/><V118/><F118/><W62/><G62/><T133/><D80/><U22/><E22/><V109/><F109/><W101/><G101/><T76/><D100/><U23/><E23/><V21/><F63/><W41/><G41/><T134/><D112/><U77/><E77/><V98/><F43/><W44/><AGARI ba="0,2" hai="12,17,20,30,31,44,51,55,85,90,94,96,102,104" machi="44" ten="20,2700,0" yaku="1,1,0,1,7,1,53,0" doraHai="28" doraHaiUra="71" who="3" fromWho="3" sc="289,-7,215,-7,273,-13,203,47" /><INIT seed="3,0,0,4,1,94" ten="282,208,260,250" oya="3" hai0="21,28,35,120,42,59,58,115,0,32,14,38,76" hai1="74,54,51,129,79,33,98,126,10,135,105,117,68" hai2="133,93,17,106,36,88,56,64,123,127,111,71,131" hai3="8,57,66,26,65,3,12,81,62,19,18,132,103"/><W113/><G113/><T11/><D120/><U13/><E33/><V121/><F36/><W82/><G132/><T25/><D115/><U85/><E74/><V44/><F133/><W70/><G3/><T118/><D118/><U67/><E135/><V91/><F106/><W110/><G110/><T86/><D35/><U39/><E39/><V73/><F73/><W119/><G119/><T97/><D0/><U61/><E117/><V47/><F71/><W15/><G26/><T108/><D32/><U78/><E129/><V41/><F131/><W122/><G122/><N who="2" m="46601" /><F111/><W90/><G103/><T49/><D38/><U31/><E31/><V92/><F127/><W75/><G75/><T34/><D34/><U22/><E22/><V128/><F41/><W1/><G1/><T104/><D108/><U100/><E85/><N who="2" m="52335" /><F17/><W2/><G2/><T40/><D104/><U9/><E126/><V95/><F95/><W112/><G112/><T69/><D69/><U80/><E80/><V99/><F128/><W130/><G130/><T96/><D40/><U43/><E43/><V60/><AGARI ba="0,0" hai="44,47,56,60,64,88,93,99" m="52335,46601" machi="60" ten="30,4000,0" yaku="13,1,52,1,54,1" doraHai="94" who="2" fromWho="2" sc="282,-10,208,-10,260,40,250,-20" owari="272,7.2,198,-30.2,300,40.0,230,-17.0" /></mjloggm>