<mjloggm ver="2.3"><GO type="225" lobby="0"/><UN n0="%E3%81%82%E3%82%93%E3%81%AA%E3%81%A4" n1="%E3%81%AF%E3%82%88%E3%81%8A%E3%81%98%E3%81%95%E3%82%93" n2="%73%69%72%6F%75%74" n3="%E8%81%B7%E6%A5%AD%E3%80%81%E9%A2%A8%32" dan="16,16,16,16" rate="2128.39,2177.49,2142.59,2110.45" sx="M,M,M,M"/><TAIKYOKU oya="0"/><INIT seed="0,0,0,3,2,4" ten="250,250,250,250" oya="0" hai0="116,23,28,92,12,67,48,66,105,69,127,13,93" hai1="121,49,22,89,88,94,133,26,59,41,82,104,129" hai2="115,90,72,73,75,64,122,40,128,98,6,123,45" hai3="112,43,55,29,53,31,60,39,71,51,78,19,30"/><T124/><D105/><U76/><E104/><V100/><F64/><N who="0" m="24618" /><D69/><U32/><E121/><V96/><F6/><W135/><G112/><T47/><D28/><U80/><E32/><V108/><F45/><N who="3" m="23807" /><G71/><T110/><D116/><U10/><E129/><V38/><F40/><W2/><G2/><T20/><D110/><U17/><E133/><V86/><F38/><W52/><G135/><T87/><D87/><U42/><E89/><V24/><F24/><W11/><G60/><T37/><D37/><U114/><E114/><V36/><F36/><W57/><G78/><T33/><D33/><U16/><E76/><V99/><F115/><W131/><G131/><T95/><D127/><U79/><E79/><V27/><F27/><W9/><G19/><T0/><D0/><U65/><E42/><V81/><F108/><W126/><G126/><T68/><D68/><U119/><E119/><V125/><F125/><W103/><G103/><T101/><D101/><U14/><E41/><V120/><F128/><W25/><G25/><T56/><D47/><U70/><E70/><V117/><F117/><W77/><G77/><T113/><D113/><U107/><E107/><AGARI ba="0,0" hai="72,73,75,81,86,90,96,98,99,100,107,120,122,123" machi="107" ten="50,6400,0" yaku="34,3" doraHai="4" who="2" fromWho="1" sc="250,0,250,-64,250,64,250,0" /><INIT seed="1,0,0,3,2,46" ten="250,186,314,250" oya="1" hai0="97,35,60,104,30,16,22,23,92,129,119,51,96" hai1="135,5,40,15,43,3,31,49,76,25,58,54,87" hai2="79,73,56,33,81,130,121,14,21,100,29,1,4" hai3="59,67,42,9,71,10,61,26,72,122,134,118,77"/><U109/><E3/><V102/><F121/><W20/><G122/><T98/><D119/><U2/><E2/><V12/><F130/><W34/><G34/><T89/><D129/><U125/><E125/><V127/><F127/><W48/><G134/><T131/><D131/><U32/><E135/><V88/><F33/><W65/><G118/><T115/><D115/><U64/><E109/><V128/><F1/><W52/><G67/><T110/><D110/><U47/><E64/><V63/><F128/><W53/><G42/><T55/><D60/><U70/><E70/><V82/><F4/><W83/><REACH who="3" step="1"/><G53/><REACH who="3" ten="250,186,314,240" step="2"/><T108/><D35/><U44/><E43/><V27/><F102/><W18/><AGARI ba="0,1" hai="9,10,18,20,26,48,52,59,61,65,71,72,77,83" machi="18" ten="20,12000,2" yaku="1,1,2,1,0,1,7,1,52,1,54,1,53,1" doraHai="46" doraHaiUra="62" who="3" fromWho="3" sc="250,-30,186,-60,314,-30,240,130" /><INIT seed="2,0,0,4,3,96" ten="220,126,284,370" oya="2" hai0="90,46,125,12,59,133,6,63,76,115,78,83,114" hai1="47,18,123,20,2,45,92,32,54,131,53,62,87" hai2="35,14,99,112,72,122,94,39,13,67,28,97,130" hai3="82,108,93,102,0,105,134,135,116,84,19,95,3"/><V22/><F39/><W103/><G108/><T44/><D125/><U65/><E32/><V15/><F72/><W80/><G116/><T1/><D1/><N who="3" m="585" /><G105/><T127/><D127/><U21/><E2/><V41/><F112/><W71/><G71/><T85/><D133/><N who="3" m="50697" /><G19/><T58/><D58/><U51/><E131/><V66/><F35/><W106/><G106/><T4/><D114/><U132/><E123/><V7/><F41/><W128/><G128/><T77/><D115/><U120/><E120/><V49/><F49/><W9/><G9/><N who="0" m="4135" /><D6/><U88/><E132/><V69/><F69/><W101/><G82/><T42/><D42/><U36/><E36/><V23/><F7/><W10/><G10/><T55/><AGARI ba="0,0" hai="44,46,55,59,63,76,77,78,83,85,90" m="4135" machi="55" ten="30,1100,0" yaku="8,1" doraHai="96" who="0" fromWho="0" sc="220,11,126,-3,284,-5,370,-3" /><INIT seed="3,0,0,1,5,30" ten="231,123,279,367" oya="3" hai0="108,92,111,24,65,69,47,17,43,97,48,14,20" hai1="109,73,124,37,25,58,78,4,76,38,114,13,60" hai2="125,52,75,121,36,2,101,91,106,34,107,26,129" hai3="33,90,59,44,82,5,113,100,19,22,18,128,45"/><W29/><G128/><T9/><D65/><U135/><E114/><V40/><F2/><W61/><G33/><T99/><D69/><U74/><E25/><V127/><F75/><W120/><G100/><T57/><D57/><U131/><E58/><V12/><F12/><W86/><G120/><T77/><D77/><U68/><E13/><V72/><F72/><W15/><G113/><T83/><D83/><U103/><E103/><V10/><F10/><N who="3" m="4559" /><G29/><T94/><D94/><U62/><E4/><V110/><F129/><W116/><G116/><T104/><D104/><U3/><E131/><V51/><F121/><W16/><G22/><T31/><D92/><U55/><E55/><AGARI ba="0,0" hai="16,18,19,44,45,55,59,61,82,86,90" m="4559" machi="55" ten="30,2900,0" yaku="8,1,54,1" doraHai="30" who="3" fromWho="1" sc="231,0,123,-29,279,0,367,29" owari="231,-16.9,94,-40.6,279,7.9,396,49.6" /></mjloggm>