<mjloggm ver="2.3"><GO type="225" lobby="0"/><UN n0="%E6%A1%9C%E8%8A%B1%E9%96%83%E3%80%85" n1="%79%75%72%69%6D%6F%67" n2="%E7%A9%BA%E9%A3%9B%E3%81%B6%E8%8A%8B%E7%85%AE%E4%BC%9A" n3="%E3%81%A4%E3%81%A3%E3%81%B1%E3%82%8A%E3%83%9D%E3%83%BC%E3%83%AB" dan="16,16,16,17" rate="2220.50,2128.45,2052.90,2224.89" sx="M,F,F,M"/><TAIKYOKU oya="0"/><INIT seed="0,0,0,0,0,87" ten="250,250,250,250" oya="0" hai0="66,133,128,89,43,117,116,5,120,49,14,88,103" hai1="19,69,119,61,113,15,30,91,97,3,109,7,108" hai2="101,96,4,82,99,112,132,8,26,124,35,130,92" hai3="64,48,45,102,29,84,34,114,53,56,111,22,95"/><T107/><D120/><U52/><E119/><V55/><F112/><W50/><G114/><T121/><D121/><U98/><E30/><V17/><F132/><W134/><G134/><T46/><D133/><U73/><E73/><V100/><F130/><W40/><G111/><N who="1" m="42570" /><E7/><V31/><F124/><W118/><G118/><T9/><D128/><U67/><E3/><V54/><F17/><W123/><G123/><T71/><D116/><U122/><E122/><V68/><F82/><W21/><G34/><T0/><D117/><U36/><E36/><V59/><F68/><W23/><G64/><T20/><D103/><U12/><E12/><V129/><F59/><W106/><G106/><T65/><D107/><U58/><E91/><N who="0" m="34889" /><D0/><U75/><E75/><V2/><F129/><W10/><G10/><T16/><D71/><U47/><E47/><V78/><F78/><W51/><G84/><T81/><D81/><U13/><E13/><V11/><F11/><W63/><REACH who="3" step="1"/><G29/><REACH who="3" ten="250,250,250,240" step="2"/><T25/><AGARI ba="0,1" hai="5,9,14,16,20,25,43,46,49,65,66" m="34889" machi="25" ten="30,18000,2" yaku="8,1,52,3,54,2" doraHai="87" who="0" fromWho="0" sc="250,190,250,-60,250,-60,240,-60" /><INIT seed="0,1,0,4,1,101" ten="440,190,190,180" oya="0" hai0="102,63,99,31,51,104,105,49,84,110,28,56,68" hai1="17,118,52,76,32,72,87,71,47,18,41,108,95" hai2="106,98,131,44,88,30,37,83,46,135,69,67,34" hai3="97,22,25,57,129,126,11,91,59,79,86,74,132"/><T40/><D68/><U90/><E71/><V12/><F135/><W6/><G132/><T14/><D110/><U85/><E118/><V112/><F112/><W130/><G126/><T125/><D125/><U121/><E32/><V114/><F114/><W64/><G97/><T111/><D111/><U94/><E72/><V5/><F131/><N who="3" m="50187" /><G79/><T55/><D84/><U50/><E121/><V26/><F37/><W0/><G74/><T78/><D78/><U107/><E107/><V19/><F5/><W113/><G64/><T9/><D104/><U123/><E123/><V33/><F33/><W116/><G116/><T13/><D13/><U100/><E100/><V16/><F19/><N who="3" m="12511" /><G113/><T82/><D82/><AGARI ba="1,0" hai="0,6,11,57,59,82,86,91" m="12511,50187" machi="82" ten="30,1000,0" yaku="19,1" doraHai="101" who="3" fromWho="0" sc="440,-13,190,0,190,0,180,13" /><INIT seed="1,0,0,0,4,96" ten="427,190,190,193" oya="1" hai0="79,77,12,83,62,134,111,45,71,11,120,113,61" hai1="87,55,48,51,110,75,88,70,47,22,105,24,78" hai2="129,103,121,66,53,30,17,89,85,60,16,91,10" hai3="8,31,133,6,94,25,118,99,126,73,104,124,68"/><U100/><E70/><V101/><F121/><W37/><G133/><T122/><D113/><U128/><E128/><V35/><F129/><W56/><G68/><T41/><D111/><U27/><E110/><V59/><F91/><W86/><G73/><N who="0" m="43439" /><D79/><U131/><E131/><V32/><F32/><W49/><G37/><N who="0" m="21679" /><D71/><U116/><E116/><V130/><F130/><W82/><G104/><T54/><D54/><U67/><E67/><V13/><F17/><W106/><G106/><T102/><D102/><N who="2" m="38922" /><F35/><W21/><G118/><T114/><D114/><U18/><E75/><V23/><F30/><W112/><G112/><T135/><D62/><U40/><E78/><V36/><F36/><W63/><G49/><T84/><D61/><U81/><E100/><V9/><F53/><W123/><G123/><N who="0" m="47147" /><D84/><U19/><E105/><V127/><F127/><W58/><G63/><T119/><D119/><U93/><E81/><AGARI ba="0,0" hai="9,10,13,16,23,59,60,66,81,85,89" m="38922" machi="81" ten="30,8000,1" yaku="8,1,52,3,54,1" doraHai="96" who="2" fromWho="1" sc="427,0,190,-80,190,80,193,0" /><INIT seed="2,0,0,1,1,40" ten="427,110,270,193" oya="2" hai0="62,43,30,23,125,34,41,64,60,54,52,103,58" hai1="6,120,10,29,114,127,49,18,7,132,129,80,12" hai2="112,63,77,123,35,11,19,98,28,36,107,42,25" hai3="17,74,50,9,68,45,48,61,26,126,75,131,99"/><V3/><F123/><W56/><G68/><T13/><D125/><U20/><E80/><V39/><F112/><W78/><G126/><T51/><D34/><U121/><E49/><V70/><F77/><W111/><G111/><T8/><D103/><U24/><E127/><V133/><F133/><W47/><G131/><T81/><D81/><U117/><E117/><V104/><F19/><W46/><G78/><T71/><D23/><U59/><E59/><V134/><F134/><W119/><G119/><T135/><D30/><U55/><E55/><V88/><F88/><W102/><G75/><T66/><D54/><U91/><E91/><V31/><F31/><W37/><G37/><T83/><D83/><U67/><E67/><N who="2" m="41343" /><F42/><W53/><G74/><T106/><D106/><N who="2" m="40490" /><F98/><W76/><G76/><T118/><D118/><U21/><E132/><V0/><F0/><W113/><G113/><T2/><D2/><U65/><E65/><V38/><F38/><W44/><N who="3" m="11264" /><DORA hai="79" /><W4/><G26/><T94/><D94/><U115/><E129/><V96/><F96/><W116/><G17/><T16/><D135/><U122/><E7/><AGARI ba="0,0" hai="3,7,11,25,28,35,36,39" m="40490,41343" machi="7" ten="30,2900,0" yaku="33,2" doraHai="40,79" who="2" fromWho="1" sc="427,0,110,-29,270,29,193,0" /><INIT seed="2,1,0,0,4,79" ten="427,81,299,193" oya="2" hai0="63,99,108,21,87,97,75,104,82,23,58,84,7" hai1="133,10,13,127,109,64,2,43,62,96,123,16,100" hai2="41,48,86,33,130,53,51,128,72,120,110,78,18" hai3="24,3,26,77,126,114,55,17,113,6,27,45,12"/><V11/><F120/><W8/><G77/><N who="0" m="46159" /><D75/><U117/><E109/><V9/><F72/><W90/><G90/><T121/><D104/><U74/><E117/><V71/><F33/><W14/><G55/><N who="0" m="34271" /><D121/><U44/><E127/><V32/><F32/><W93/><G93/><T67/><D108/><U47/><E133/><V59/><F71/><W66/><G45/><T15/><D67/><U81/><E2/><V36/><F36/><W61/><G61/><T105/><D105/><U102/><E123/><V28/><F28/><W76/><G76/><T80/><D7/><U119/><E119/><V60/><F110/><W25/><G66/><T50/><D50/><U1/><E1/><V37/><F37/><W54/><G54/><T31/><D15/><N who="3" m="5673" /><G126/><T19/><D19/><U46/><E74/><V132/><F51/><W116/><G116/><T42/><D42/><U103/><E43/><V111/><F111/><W38/><G38/><T56/><D56/><U125/><E125/><V0/><F41/><W118/><G118/><T4/><D4/><U91/><E96/><N who="0" m="36937" /><D31/><U129/><E129/><V115/><F48/><W20/><AGARI ba="1,0" hai="3,6,8,17,20,24,25,26,27,113,114" m="5673" machi="20" ten="40,2700,0" yaku="34,2" doraHai="79" who="3" fromWho="3" sc="427,-8,81,-8,299,-14,193,30" /><INIT seed="3,0,0,4,4,65" ten="419,73,285,223" oya="3" hai0="0,88,26,123,64,119,57,77,56,90,128,54,80" hai1="100,98,67,18,9,82,134,2,27,3,42,59,51" hai2="29,63,81,55,5,106,122,85,102,96,97,6,71" hai3="31,28,10,93,110,116,7,135,121,115,38,117,75"/><W41/><G75/><T89/><D123/><U112/><E112/><V58/><F122/><W35/><G121/><T101/><D119/><U103/><E134/><V12/><F29/><N who="3" m="11339" /><G93/><T30/><D128/><U37/><E82/><V16/><F97/><W120/><G41/><T79/><D0/><U11/><E98/><V17/><F71/><W20/><G38/><T40/><D40/><U95/><E67/><V70/><F70/><W44/><G44/><T46/><D101/><U109/><E95/><V118/><F118/><W4/><G120/><T113/><D113/><U62/><E51/><V1/><F1/><N who="3" m="271" /><G115/><T66/><D66/><U39/><E42/><V76/><F17/><W69/><G69/><T50/><D64/><U52/><E109/><V84/><F85/><W53/><G35/><T73/><D79/><U34/><E3/><V60/><F60/><W86/><G86/><T19/><D57/><U92/><E2/><V74/><F74/><W24/><G53/><T43/><D19/><U15/><E34/><V94/><REACH who="2" step="1"/><F106/><REACH who="2" ten="419,73,275,223" step="2"/><W107/><G107/><T124/><D30/><U127/><E62/><V14/><F14/><W25/><G135/><T105/><D105/><U33/><E33/><V126/><F126/><W32/><G7/><T8/><D124/><U72/><E127/><V133/><F133/><W91/><G110/><T23/><D73/><U108/><E72/><V104/><F104/><W47/><G91/><T131/><D88/><U13/><E108/><V130/><F130/><W99/><G99/><T132/><D131/><U45/><E15/><V83/><F83/><RYUUKYOKU ba="0,1" sc="419,-10,73,-10,275,30,223,-10" hai2="5,6,12,16,55,58,63,76,81,84,94,96,102" owari="419,51.9,63,-43.7,305,10.5,213,-18.7" /></mjloggm>