<mjloggm ver="2.3"><GO type="225" lobby="0"/><UN n0="%33%74%72%65%65" n1="%E5%8F%AF%E5%85%90%E9%82%A3%E7%94%B1%E5%A4%9A" n2="%E6%9D%BE%E6%9C%AC%E5%81%A5%E7%94%B7" n3="%E3%81%AF%E3%82%88%E3%81%8A%E3%81%98%E3%81%95%E3%82%93" dan="16,17,16,17" rate="2123.17,2253.35,2167.07,2154.88" sx="F,F,M,M"/><TAIKYOKU oya="0"/><INIT seed="0,0,0,5,0,9" ten="250,250,250,250" oya="0" hai0="26,109,17,38,78,96,13,83,68,103,75,87,86" hai1="120,108,126,62,90,10,135,118,36,84,72,73,4" hai2="65,74,104,64,131,53,37,30,3,16,71,46,39" hai3="129,105,28,66,101,55,20,60,33,92,54,67,117"/><T15/><D68/><U34/><E34/><V11/><F131/><W133/><G117/><T76/><D38/><U79/><E36/><V52/><F104/><W32/><G105/><T59/><D109/><U97/><E118/><V127/><F127/><W19/><G129/><T98/><D59/><U85/><E120/><V41/><F74/><N who="1" m="28777" /><E62/><V95/><F37/><W0/><G0/><T23/><D75/><U99/><E10/><V132/><F132/><W93/><G133/><T27/><D27/><U8/><E8/><V45/><F30/><W119/><G119/><T107/><D96/><N who="1" m="36939" /><E4/><V70/><F95/><W134/><G134/><T69/><D69/><U56/><E56/><V51/><F53/><W81/><G28/><T111/><D111/><U128/><E128/><V63/><F3/><W49/><G49/><T48/><D48/><U58/><E58/><V94/><F94/><W5/><G60/><T102/><D102/><U25/><E25/><V82/><F82/><AGARI ba="0,0" hai="13,15,17,23,26,76,78,82,83,86,87,98,103,107" machi="82" ten="40,7700,0" yaku="9,1,52,2" doraHai="9" who="0" fromWho="2" sc="250,77,250,0,250,-77,250,0" /><INIT seed="0,1,0,5,4,9" ten="327,250,173,250" oya="0" hai0="47,93,110,67,74,29,118,57,61,89,101,132,23" hai1="31,77,135,53,92,85,79,42,21,106,64,80,70" hai2="58,87,131,22,17,112,52,37,68,55,5,41,88" hai3="63,114,83,16,11,78,119,99,73,25,130,86,45"/><T46/><D118/><U75/><E106/><V96/><F131/><W116/><G114/><T15/><D132/><U94/><E135/><V33/><F33/><W10/><G130/><T8/><D74/><U7/><E42/><V51/><F112/><W60/><G73/><T38/><D38/><U62/><E7/><V123/><F68/><W102/><G116/><T3/><D110/><U90/><E77/><V122/><F5/><W103/><G119/><T107/><D107/><U120/><E120/><V97/><F123/><W27/><G45/><T72/><D72/><U43/><E43/><V18/><F18/><W13/><G10/><T20/><D3/><U4/><E4/><V49/><F41/><W124/><G124/><T44/><D101/><N who="3" m="38409" /><G99/><N who="0" m="57775" /><D29/><U26/><E53/><V65/><F65/><W36/><G36/><T76/><D76/><U109/><E109/><V111/><F37/><W127/><G127/><T12/><D8/><U28/><E28/><V50/><F111/><W1/><G1/><T108/><D108/><U129/><E129/><V14/><F122/><W71/><G71/><T84/><D84/><U39/><E39/><V56/><F51/><W32/><G32/><T125/><D125/><U82/><AGARI ba="1,0" hai="21,26,31,62,64,70,75,79,80,82,85,90,92,94" machi="82" ten="20,1500,0" yaku="0,1,7,1" doraHai="9" who="1" fromWho="1" sc="327,-8,250,18,173,-5,250,-5" /><INIT seed="1,0,0,3,3,95" ten="319,268,168,245" oya="1" hai0="98,90,22,128,48,104,17,83,64,82,43,71,73" hai1="35,123,115,81,119,85,74,45,102,62,6,69,70" hai2="118,14,68,38,112,49,91,9,3,23,40,16,106" hai3="60,20,84,27,56,110,127,86,42,130,19,58,12"/><U129/><E115/><V63/><F118/><W126/><G110/><T33/><D33/><U116/><E123/><V78/><F112/><W28/><G130/><T44/><D128/><U30/><E129/><V133/><F133/><W132/><G132/><T88/><D71/><U89/><E74/><V51/><F106/><W76/><G42/><T34/><D34/><U125/><E125/><N who="3" m="47626" /><G76/><T29/><D29/><U11/><E69/><V55/><F78/><W41/><G41/><T4/><D64/><U13/><E45/><V131/><F131/><W32/><G58/><T92/><D73/><U10/><E102/><V36/><F40/><W57/><G56/><T67/><D67/><AGARI ba="0,0" hai="12,19,20,27,28,32,57,60,67,84,86" m="47626" machi="67" ten="30,1000,0" yaku="18,1" doraHai="95" who="3" fromWho="0" sc="319,-10,268,0,168,0,245,10" /><INIT seed="2,0,0,5,0,99" ten="309,268,168,255" oya="2" hai0="105,91,3,28,72,20,81,108,97,55,14,41,52" hai1="135,13,47,60,85,64,82,84,11,56,40,88,123" hai2="46,121,96,57,76,17,102,79,37,69,33,15,118" hai3="10,74,83,54,134,68,38,94,126,27,120,9,30"/><V26/><F118/><W12/><G120/><T44/><D3/><U42/><E135/><V25/><F69/><W112/><G38/><T70/><D70/><U73/><E123/><V129/><F129/><W51/><G68/><T65/><D108/><U103/><E73/><V104/><F121/><W100/><G134/><T125/><D125/><U113/><E113/><V23/><F57/><W106/><G106/><T132/><D65/><U7/><E47/><V86/><F86/><W130/><G126/><T115/><D115/><U109/><E109/><V39/><F26/><W92/><G112/><T49/><D132/><U78/><REACH who="1" step="1"/><E103/><REACH who="1" ten="309,258,168,255" step="2"/><V119/><F119/><W18/><G100/><T98/><D72/><U122/><E122/><V95/><F104/><W107/><G107/><T58/><D105/><U101/><E101/><V1/><F37/><W71/><G74/><T32/><D44/><U62/><E62/><V6/><F39/><W131/><G130/><T116/><D116/><U133/><E133/><V0/><F46/><W93/><G131/><T117/><D117/><U8/><E8/><N who="2" m="2127" /><F0/><W66/><G9/><T124/><D124/><U114/><E114/><V16/><F17/><W87/><G18/><T89/><D49/><U19/><E19/><V36/><F36/><W128/><G128/><T4/><D4/><U50/><E50/><V90/><F102/><W67/><G10/><T80/><D41/><U2/><E2/><V61/><F61/><W53/><G51/><T77/><D28/><AGARI ba="0,1" hai="15,16,23,25,28,33,76,79,90,95,96" m="2127" machi="28" ten="30,2900,0" yaku="24,1,54,1" doraHai="99" who="2" fromWho="0" sc="309,-29,258,0,168,39,255,0" /><INIT seed="2,1,0,3,2,55" ten="280,258,207,255" oya="2" hai0="68,72,36,106,34,0,67,91,62,42,74,75,15" hai1="123,101,61,22,26,25,45,112,47,3,20,90,85" hai2="9,37,24,133,43,2,127,130,16,44,118,93,104" hai3="100,109,71,120,102,17,59,63,116,107,86,39,6"/><V117/><F104/><W21/><G120/><T121/><D121/><U98/><E123/><V96/><F127/><W89/><G116/><T33/><D15/><U108/><E112/><V58/><F130/><W103/><G39/><T129/><D91/><U115/><E115/><V131/><F133/><W125/><G109/><T83/><D83/><U27/><E3/><V66/><F131/><W105/><G6/><T82/><D82/><U49/><E108/><V56/><F118/><W119/><G71/><T135/><D129/><U4/><E4/><V13/><F66/><W30/><G30/><T41/><D41/><U32/><E32/><V132/><F132/><W18/><G119/><T50/><D50/><U122/><E122/><V73/><F73/><W7/><G7/><T38/><D135/><U65/><E85/><V92/><F2/><W70/><G70/><T94/><D94/><N who="1" m="56663" /><E101/><V10/><F93/><N who="3" m="54455" /><G17/><T134/><D134/><U12/><E12/><V126/><F126/><W69/><G69/><T14/><D0/><U29/><E29/><V1/><F117/><W128/><G128/><T53/><D14/><U11/><E11/><V114/><F114/><W64/><G125/><T23/><D106/><U80/><E80/><V81/><F81/><W77/><G77/><T113/><D113/><U46/><E49/><V28/><F1/><W48/><G48/><T124/><D124/><U35/><E35/><N who="0" m="13321" /><D36/><U60/><E60/><V110/><F110/><W95/><G95/><T97/><D38/><U31/><E31/><V5/><F5/><W52/><G64/><T19/><D67/><RYUUKYOKU ba="1,0" sc="280,-15,258,15,207,-15,255,15" hai1="20,22,25,26,27,45,46,47,61,65" hai3="18,21,52,59,63,100,102,103,105,107" /><INIT seed="3,2,0,3,2,6" ten="265,273,192,270" oya="3" hai0="96,101,134,110,33,68,66,12,23,58,28,8,121" hai1="43,5,127,21,69,75,71,35,63,135,70,65,81" hai2="40,24,82,93,76,128,117,85,77,97,87,109,42" hai3="91,61,67,115,17,19,11,47,36,10,31,98,84"/><W118/><G115/><T102/><D121/><U50/><E35/><V129/><F117/><W103/><G118/><T1/><D110/><U120/><E120/><V27/><F109/><W46/><G31/><T108/><D108/><U56/><E135/><V123/><F123/><W52/><G36/><T54/><D134/><U124/><E21/><V57/><F57/><N who="3" m="37295" /><G98/><T133/><D133/><U62/><E5/><V18/><F18/><N who="3" m="6667" /><G103/><T25/><D66/><N who="1" m="39239" /><E81/><N who="2" m="47271" /><F128/><W79/><G79/><T72/><D72/><U51/><E75/><V92/><F92/><N who="3" m="54375" /><G52/><T107/><D102/><U113/><E113/><V112/><F112/><W41/><G41/><N who="2" m="15977" /><F129/><W114/><G114/><T49/><D68/><N who="1" m="42047" /><E43/><V38/><F38/><W3/><G3/><T88/><D1/><U4/><E4/><V80/><F80/><W60/><G60/><T78/><D33/><U14/><E14/><V15/><F15/><W119/><G119/><T48/><D78/><U32/><E32/><V53/><F53/><W2/><G2/><T95/><D107/><U126/><AGARI ba="2,0" hai="50,51,69,70,71,124,126,127" m="42047,39239" machi="126" ten="40,5200,0" yaku="18,1,34,2" doraHai="6" who="1" fromWho="1" sc="265,-15,273,58,192,-15,270,-28" owari="250,5.0,331,43.1,177,-32.3,242,-15.8" /></mjloggm>