<mjloggm ver="2.3"><GO type="225" lobby="0"/><UN n0="%72%61%6B%33" n1="%E7%99%BD%E6%97%A5%E9%9B%AA%E8%8F%9C" n2="%E3%81%BF%E3%81%BF%E3%81%9A" n3="%E3%81%82%E3%81%99%E3%81%AB%E3%82%83%E3%82%80" dan="16,16,16,16" rate="2100.60,2142.76,2169.29,2105.25" sx="M,M,M,F"/><TAIKYOKU oya="0"/><INIT seed="0,0,0,1,0,117" ten="250,250,250,250" oya="0" hai0="34,14,31,3,110,94,50,82,67,97,106,114,133" hai1="22,16,46,35,12,26,42,10,44,122,111,120,73" hai2="91,98,115,116,130,23,95,1,11,103,112,9,105" hai3="75,81,102,100,65,36,77,104,80,125,78,135,101"/><T72/><D3/><U20/><E73/><V66/><F116/><W40/><G65/><T17/><D114/><U86/><E35/><V48/><F130/><W8/><BYE who="2" /><G8/><T124/><D133/><U56/><E111/><UN n2="%E3%81%BF%E3%81%BF%E3%81%9A" /><V60/><F48/><W38/><G40/><T84/><D110/><U123/><E22/><V87/><F23/><W6/><G6/><T131/><D124/><U68/><E68/><V33/><F9/><W55/><G55/><T43/><D131/><U18/><E42/><V69/><F1/><W52/><G52/><T70/><D72/><U88/><REACH who="1" step="1"/><E56/><REACH who="1" ten="250,240,250,250" step="2"/><V30/><REACH who="2" step="1"/><F11/><REACH who="2" ten="250,240,240,250" step="2"/><W89/><G125/><T54/><D34/><U47/><E47/><V27/><AGARI ba="0,2" hai="27,30,33,60,66,69,87,91,95,98,103,105,112,115" machi="27" ten="30,8000,1" yaku="1,1,2,1,0,1,25,2,53,0" doraHai="117" doraHaiUra="132" who="2" fromWho="2" sc="250,-40,240,-20,240,100,250,-20" /><INIT seed="1,0,0,0,0,79" ten="210,220,340,230" oya="1" hai0="57,78,117,8,89,84,27,75,125,83,33,4,61" hai1="109,19,111,58,63,20,28,81,47,130,2,36,42" hai2="108,59,120,126,46,92,16,122,118,45,60,51,43" hai3="34,71,82,49,96,114,134,69,55,86,10,123,105"/><U80/><E2/><V128/><F118/><W66/><G114/><T98/><D125/><U31/><E130/><V14/><F128/><W103/><G123/><T24/><D117/><U41/><E41/><V113/><F126/><W76/><G134/><T25/><D98/><U85/><E31/><V26/><F113/><W94/><G34/><T97/><D97/><U18/><E28/><V13/><F108/><N who="1" m="41545" /><E85/><V65/><F120/><W74/><G66/><T129/><D129/><U54/><E19/><V112/><F122/><W29/><G29/><T52/><D33/><U12/><AGARI ba="0,0" hai="12,18,20,36,42,47,54,58,63,80,81" m="41545" machi="12" ten="30,11700,0" yaku="14,1,10,1,52,2" doraHai="79" who="1" fromWho="1" sc="210,-39,220,117,340,-39,230,-39" /><INIT seed="1,1,0,0,5,42" ten="171,337,301,191" oya="1" hai0="87,47,86,80,44,88,113,3,30,97,2,79,56" hai1="57,72,116,17,98,95,99,114,4,110,109,48,34" hai2="9,5,68,92,104,40,25,119,18,15,32,75,71" hai3="38,64,0,59,78,103,77,66,135,1,91,7,19"/><U81/><E114/><V13/><F104/><W22/><G38/><T11/><D113/><U12/><E116/><V43/><F119/><W37/><G37/><T129/><D129/><U14/><E34/><V16/><F75/><W54/><G135/><T128/><D128/><U55/><E4/><V24/><F32/><W60/><G103/><T31/><D2/><U26/><E26/><V102/><F5/><W82/><G1/><T130/><D130/><U53/><E12/><V105/><F105/><W134/><G134/><T41/><D3/><U33/><E33/><V124/><F92/><W123/><G123/><T8/><D56/><U94/><E94/><V28/><F102/><W39/><G39/><T122/><D97/><U112/><E112/><V93/><F93/><W50/><G7/><T108/><D108/><N who="1" m="41579" /><E95/><V6/><F6/><W90/><G0/><T126/><D122/><U65/><E65/><V58/><F28/><N who="0" m="10794" /><D126/><U101/><E101/><V52/><F124/><W67/><G77/><T49/><D44/><N who="1" m="27783" /><E81/><AGARI ba="1,0" hai="8,11,41,47,49,79,80,81,86,87,88" m="10794" machi="81" ten="30,3900,0" yaku="8,1,52,1,54,1" doraHai="42" who="0" fromWho="1" sc="171,42,337,-42,301,0,191,0" /><INIT seed="2,0,0,3,2,44" ten="213,295,301,191" oya="2" hai0="104,83,25,59,33,24,103,39,32,110,80,21,18" hai1="0,62,107,126,73,16,77,34,2,100,81,31,38" hai2="84,8,134,82,1,20,113,92,114,102,122,91,123" hai3="17,76,63,15,28,115,88,75,86,7,68,10,57"/><V90/><F1/><W72/><G115/><N who="2" m="44041" /><F8/><W128/><G128/><T4/><D39/><U22/><E38/><V94/><F20/><W40/><G40/><T47/><D104/><U60/><E126/><V43/><F43/><W48/><G76/><T3/><D103/><U106/><E34/><V26/><F26/><W71/><G28/><T121/><D121/><N who="2" m="46090" /><F134/><W131/><G131/><T112/><D112/><U56/><E31/><V135/><F135/><W119/><G119/><T23/><D47/><U14/><E62/><V101/><F94/><W61/><G7/><T45/><D45/><U35/><E35/><V19/><F19/><W41/><G68/><T55/><D4/><U58/><E107/><V27/><F27/><W125/><G71/><T13/><D3/><U70/><E70/><V124/><F124/><W37/><G125/><T6/><D6/><U64/><E58/><V130/><F130/><W42/><G37/><T89/><D59/><U29/><E29/><V129/><F129/><W99/><G41/><T98/><D33/><U52/><E64/><V120/><N who="2" m="46098" /><V67/><DORA hai="79" /><F67/><W118/><G42/><T65/><D65/><U85/><E2/><V11/><F11/><W127/><G127/><T12/><D32/><U50/><E0/><V49/><F49/><W78/><G48/><T133/><D133/><U116/><E50/><V105/><F105/><W54/><G63/><T9/><D9/><U69/><E106/><V53/><F53/><W93/><G118/><T46/><D55/><U36/><E116/><V5/><F5/><W97/><G54/><RYUUKYOKU ba="0,0" sc="213,-10,295,-10,301,30,191,-10" hai2="82,84,90,91,92,101,102" /><INIT seed="2,1,0,2,4,86" ten="203,285,331,181" oya="2" hai0="35,49,107,117,54,14,44,73,34,64,9,114,26" hai1="115,53,102,8,79,125,106,68,131,47,16,0,4" hai2="113,81,32,128,74,104,80,69,10,15,111,135,50" hai3="63,99,51,37,93,58,23,87,129,3,18,21,24"/><V20/><F113/><W65/><G37/><T57/><D114/><U1/><E115/><V88/><F32/><W83/><G3/><T91/><D117/><U96/><E0/><V95/><F104/><W39/><G39/><T19/><D73/><U13/><E125/><V61/><F74/><W41/><G129/><T97/><D26/><U98/><E131/><V48/><F128/><W78/><G23/><T66/><D107/><U84/><E68/><V109/><F20/><W72/><G51/><N who="2" m="19497" /><F135/><W43/><REACH who="3" step="1"/><G72/><REACH who="3" ten="203,285,331,171" step="2"/><T124/><D124/><U27/><E1/><V75/><F75/><W77/><G77/><T103/><D34/><U55/><E79/><V100/><F61/><W118/><G118/><T25/><D35/><U7/><E8/><V29/><F29/><W122/><G122/><T2/><D2/><U121/><E121/><V133/><F133/><W30/><G30/><T59/><D49/><U85/><E47/><V11/><F11/><W112/><G112/><T56/><D44/><U126/><E126/><V60/><F10/><W134/><G134/><T123/><D123/><U17/><E27/><V71/><F60/><W90/><AGARI ba="1,1" hai="18,21,24,41,43,58,63,65,78,83,87,90,93,99" machi="90" ten="20,8000,1" yaku="1,1,0,1,7,1,8,1,52,1,53,0" doraHai="86" doraHaiUra="130" who="3" fromWho="3" sc="203,-21,285,-21,331,-41,171,93" /><INIT seed="3,0,0,3,0,132" ten="182,264,290,264" oya="3" hai0="58,99,122,27,104,60,77,4,63,48,108,32,17" hai1="5,119,80,38,135,67,102,85,45,121,65,101,56" hai2="47,90,86,127,105,88,68,28,103,62,130,129,133" hai3="23,79,126,111,3,6,66,36,124,100,39,30,42"/><W97/><G111/><T19/><D122/><U73/><E121/><V41/><F127/><N who="3" m="48683" /><G79/><T51/><D108/><U37/><E73/><V16/><F28/><W7/><G66/><T21/><D32/><U33/><E135/><V34/><F34/><W31/><G42/><T71/><D4/><N who="3" m="1577" /><G3/><T81/><D71/><U83/><E33/><V55/><F133/><W91/><G91/><T92/><D104/><U84/><E119/><V18/><F105/><N who="3" m="63631" /><G23/><T110/><D110/><U22/><E22/><V54/><F103/><W106/><G106/><T14/><D77/><U123/><E123/><V12/><F90/><W115/><G115/><T98/><D81/><U131/><E67/><V11/><F88/><W1/><G1/><T114/><D114/><U61/><E80/><V25/><F86/><W128/><G128/><T93/><D99/><U113/><E85/><V9/><F129/><W24/><G24/><T49/><D98/><U82/><E131/><V94/><F130/><W8/><G8/><T70/><D70/><U43/><E113/><V46/><F41/><W29/><AGARI ba="0,0" hai="29,30,31,36,39" m="63631,1577,48683" machi="29" ten="40,12000,1" yaku="18,1,52,3" doraHai="132" who="3" fromWho="3" sc="182,-40,264,-40,290,-40,264,120" owari="142,-35.8,224,-17.6,250,5.0,384,48.4" /></mjloggm>