<mjloggm ver="2.3"><GO type="225" lobby="0"/><UN n0="%6E%69%63%6F%6E%74%6F" n1="%E3%81%95%E3%81%8D%E3%81%9F%E3%81%BE%E6%9E%97%E6%AA%8E" n2="%6D%75%75%6D%75%72%61" n3="%E3%82%A2%E3%83%9E%E3%83%9D%EF%BD%9E%EF%BD%9E%E3%83%A9" dan="16,16,16,17" rate="2161.52,2067.80,2164.23,2218.20" sx="M,M,F,M"/><TAIKYOKU oya="0"/><INIT seed="0,0,0,1,3,116" ten="250,250,250,250" oya="0" hai0="21,99,37,15,109,47,20,94,121,114,130,39,101" hai1="93,72,65,120,40,77,68,11,45,71,63,110,128" hai2="41,19,80,26,67,8,42,73,112,97,3,129,62" hai3="124,0,52,117,57,38,55,56,132,74,35,91,29"/><T12/><D114/><U4/><E120/><V96/><F112/><W25/><G117/><T106/><D121/><U13/><E110/><V92/><F129/><W131/><G131/><T95/><D130/><U123/><E128/><V6/><F97/><W36/><G124/><T14/><D109/><U51/><E71/><V85/><F73/><W69/><G69/><T98/><D106/><U133/><E93/><V33/><F19/><W50/><G0/><T30/><D30/><U64/><E64/><V119/><F119/><W126/><G132/><T89/><REACH who="0" step="1"/><D47/><REACH who="0" ten="240,250,250,250" step="2"/><U24/><E123/><V2/><F33/><W84/><G126/><T49/><D49/><U32/><E133/><V60/><F2/><W125/><G125/><T108/><D108/><U76/><REACH who="1" step="1"/><E72/><REACH who="1" ten="240,240,250,250" step="2"/><V28/><F3/><W43/><G74/><T113/><D113/><U53/><E53/><V78/><F41/><W134/><G134/><T102/><D102/><U90/><E90/><V7/><F42/><W16/><G43/><T54/><D54/><U10/><E10/><V9/><F8/><W17/><G38/><AGARI ba="0,2" hai="12,14,15,20,21,37,38,39,89,94,95,98,99,101" machi="38" ten="40,2000,0" yaku="1,1,53,0" doraHai="116" doraHaiUra="75" who="0" fromWho="3" sc="240,40,240,0,250,0,250,-20" /><INIT seed="0,1,0,0,1,108" ten="280,240,250,230" oya="0" hai0="125,79,100,37,51,47,29,114,13,96,1,34,50" hai1="57,98,103,122,112,30,64,56,40,39,77,109,90" hai2="49,48,126,46,135,12,87,92,101,133,15,62,73" hai3="45,68,27,86,21,41,117,33,132,18,53,19,80"/><T10/><D114/><U75/><E109/><V88/><F73/><W83/><G117/><T61/><D125/><U95/><E122/><V119/><F126/><W85/><G68/><T84/><D1/><U42/><E30/><V23/><F119/><W127/><G132/><N who="2" m="50761" /><F101/><W78/><G127/><T97/><D34/><U134/><E134/><V2/><F2/><W123/><G123/><T43/><D29/><U128/><E128/><V121/><F121/><W16/><G53/><T120/><D120/><U66/><E112/><V26/><F62/><W38/><REACH who="3" step="1"/><G33/><REACH who="3" ten="280,240,250,220" step="2"/><T76/><D61/><U94/><E66/><V70/><F70/><W59/><G59/><T129/><D129/><U52/><E57/><V124/><F124/><W102/><G102/><T105/><D97/><U24/><E64/><V31/><F49/><W71/><G71/><T115/><D115/><U17/><E39/><V25/><F48/><W89/><AGARI ba="1,1" hai="16,18,19,21,27,38,41,45,78,80,83,85,86,89" machi="89" ten="20,5200,0" yaku="1,1,0,1,7,1,54,1,53,0" doraHai="108" doraHaiUra="5" who="3" fromWho="3" sc="280,-27,240,-14,250,-14,220,65" /><INIT seed="1,0,0,5,5,6" ten="253,226,236,285" oya="1" hai0="52,117,70,66,57,60,104,87,85,73,88,4,125" hai1="116,14,90,62,74,56,72,100,75,27,55,118,51" hai2="126,25,110,26,69,49,43,95,31,37,22,84,106" hai3="109,47,53,13,122,71,19,7,17,96,68,91,12"/><U134/><E134/><V21/><F106/><W124/><G109/><T92/><D117/><U113/><E113/><V42/><F110/><W40/><G124/><T15/><D125/><U33/><E100/><V35/><F126/><W129/><G129/><T50/><D73/><U45/><E90/><N who="2" m="53703" /><F37/><W2/><G2/><T64/><D104/><U18/><E27/><V11/><F69/><W119/><G53/><T78/><D78/><U16/><E33/><V39/><F39/><W99/><G122/><T128/><D128/><U65/><REACH who="1" step="1"/><E18/><REACH who="1" ten="253,216,236,285" step="2"/><N who="2" m="12471" /><F35/><W9/><G19/><T89/><D70/><U63/><E63/><V94/><F94/><W3/><G91/><T120/><D60/><U83/><E83/><V67/><F49/><W29/><G17/><T44/><D120/><U86/><E86/><V97/><F26/><W48/><G71/><T101/><D101/><U103/><E103/><V98/><F31/><W20/><G68/><T79/><D79/><U30/><E30/><V34/><F34/><W105/><G29/><T114/><D114/><U76/><E76/><V108/><F108/><W127/><G127/><T32/><D32/><U0/><E0/><V54/><F98/><W46/><G3/><T102/><D102/><U111/><E111/><V80/><F97/><W132/><G99/><T59/><D87/><U121/><E121/><V36/><F80/><W41/><G96/><T135/><D89/><U58/><E58/><N who="0" m="22025" /><D135/><U77/><E77/><V24/><F36/><N who="3" m="21767" /><G132/><T81/><D81/><U23/><AGARI ba="0,1" hai="14,16,23,45,51,55,56,62,65,72,74,75,116,118" machi="23" ten="30,11700,0" yaku="1,1,0,1,54,1,53,1" doraHai="6" doraHaiUra="10" who="1" fromWho="1" sc="253,-39,216,127,236,-39,285,-39" /><INIT seed="1,1,0,5,5,15" ten="214,343,197,246" oya="1" hai0="99,14,71,20,89,114,9,3,72,49,69,56,132" hai1="98,30,0,122,116,133,103,33,76,85,4,130,125" hai2="13,120,10,96,6,126,1,110,119,81,84,24,43" hai3="27,8,117,39,38,101,92,112,79,51,80,57,121"/><U60/><E116/><V109/><F119/><W2/><G117/><T26/><D72/><U74/><E122/><V12/><F120/><W32/><G112/><T118/><D114/><U35/><E74/><V95/><F126/><W124/><G124/><T66/><D132/><U5/><E133/><V55/><F43/><W108/><G108/><N who="2" m="41577" /><F24/><W67/><G92/><T63/><D118/><U53/><E130/><V129/><F55/><W48/><G101/><T17/><D3/><U90/><E76/><N who="2" m="46119" /><F129/><W34/><G27/><T42/><D89/><AGARI ba="1,0" hai="1,6,10,12,13,89,95,96" m="46119,41577" machi="89" ten="30,1000,0" yaku="14,1" doraHai="15" who="2" fromWho="0" sc="214,-13,343,0,197,13,246,0" /><INIT seed="2,0,0,5,2,56" ten="201,343,210,246" oya="2" hai0="29,83,115,66,5,109,38,4,11,3,134,17,63" hai1="52,9,132,12,2,106,50,124,67,48,57,44,27" hai2="59,8,87,80,54,86,77,90,1,68,34,28,40" hai3="19,74,117,75,23,114,94,98,43,60,31,100,61"/><V35/><F68/><W127/><G117/><T122/><D115/><U121/><E132/><V70/><F70/><W16/><G114/><T95/><D122/><U93/><E124/><V46/><F28/><W36/><G36/><T76/><D134/><U18/><E106/><V21/><F21/><W0/><G0/><T85/><D109/><U130/><E130/><V125/><F125/><W78/><G43/><T129/><D129/><U111/><E111/><V82/><F8/><W81/><G75/><T72/><D38/><U30/><E121/><V45/><F1/><W10/><G127/><T89/><D29/><U105/><E105/><V102/><F102/><W131/><G131/><T64/><D5/><U32/><E2/><V37/><REACH who="2" step="1"/><F45/><REACH who="2" ten="201,343,200,246" step="2"/><W24/><G31/><T91/><D17/><U7/><E18/><V135/><F135/><W20/><G10/><T133/><D133/><U6/><E30/><V51/><AGARI ba="0,1" hai="34,35,37,40,46,51,54,59,77,80,82,86,87,90" machi="51" ten="20,3900,0" yaku="1,1,0,1,7,1,53,0" doraHai="56" doraHaiUra="97" who="2" fromWho="2" sc="201,-13,343,-13,200,49,246,-13" /><INIT seed="2,1,0,4,3,60" ten="188,330,249,233" oya="2" hai0="37,130,78,67,85,86,47,81,70,99,65,74,24" hai1="35,49,9,96,124,3,127,14,72,89,111,27,25" hai2="28,68,107,115,88,77,34,11,31,98,53,40,45" hai3="15,8,19,119,55,122,80,132,116,134,97,117,48"/><V105/><F115/><W56/><G122/><T17/><D130/><U113/><E111/><V123/><F123/><W54/><G97/><T12/><D70/><U5/><E72/><V61/><F77/><W0/><G0/><T36/><D24/><U73/><E73/><V18/><F105/><W100/><G100/><T84/><D99/><U126/><E113/><V66/><F53/><W106/><G106/><T33/><D33/><U76/><E76/><V120/><F34/><W30/><G80/><T57/><D57/><U6/><E35/><V51/><F120/><W91/><G91/><T131/><D131/><U1/><E49/><V109/><F109/><W112/><G30/><T21/><REACH who="0" step="1"/><D47/><REACH who="0" ten="178,330,249,233" step="2"/><U92/><E27/><V101/><F31/><W23/><G112/><T64/><AGARI ba="1,1" hai="12,17,21,36,37,64,65,67,74,78,81,84,85,86" machi="64" ten="30,12000,2" yaku="1,1,2,1,0,1,52,3,53,0" doraHai="60" doraHaiUra="4" who="0" fromWho="0" sc="178,133,330,-31,249,-61,233,-31" /><INIT seed="3,0,0,0,2,6" ten="311,299,188,202" oya="3" hai0="106,102,94,46,124,96,108,127,117,54,49,93,79" hai1="128,12,60,113,84,56,53,13,87,110,5,103,123" hai2="1,115,55,34,97,118,91,66,36,3,59,25,112" hai3="57,89,129,30,23,80,44,52,90,24,33,67,50"/><W39/><G129/><T86/><D117/><U22/><E113/><V104/><F118/><W40/><G33/><T21/><D108/><U61/><E123/><V82/><F36/><W85/><REACH who="3" step="1"/><G67/><REACH who="3" ten="311,299,188,192" step="2"/><T71/><D127/><U107/><E128/><V72/><F66/><W92/><G92/><T37/><D124/><U105/><E110/><V28/><F112/><W62/><G62/><T0/><D94/><U135/><E107/><V64/><F64/><W95/><G95/><T74/><D93/><U16/><E135/><V14/><F115/><W81/><G81/><T10/><D71/><U17/><E105/><V73/><F104/><W131/><G131/><T122/><D106/><U19/><E103/><V42/><F82/><W35/><G35/><T26/><D102/><U9/><E61/><V38/><F34/><W98/><G98/><T68/><D96/><U121/><E121/><V29/><F97/><W114/><G114/><T31/><D122/><U99/><E99/><V75/><F75/><W125/><G125/><T2/><D68/><U130/><E130/><V134/><F134/><W100/><G100/><T69/><D69/><U126/><E126/><V78/><F73/><W70/><G70/><T83/><D74/><U43/><E43/><V116/><F116/><W63/><G63/><T51/><D51/><U120/><E120/><V11/><F72/><W109/><G109/><T58/><D37/><U47/><E87/><V45/><F38/><W76/><AGARI ba="0,1" hai="23,24,30,39,40,44,50,52,57,76,80,85,89,90" machi="76" ten="20,7800,0" yaku="1,1,0,1,7,1,54,1,53,0" doraHai="6" doraHaiUra="133" who="3" fromWho="3" sc="311,-26,299,-26,188,-26,192,88" /><INIT seed="3,1,0,1,5,20" ten="285,273,162,280" oya="3" hai0="33,47,71,8,13,135,10,38,112,83,48,84,107" hai1="54,53,106,124,39,87,28,67,78,91,123,100,79" hai2="110,64,75,128,97,7,76,74,3,12,25,86,56" hai3="29,6,116,134,115,114,99,18,34,63,26,126,103"/><W42/><G126/><T133/><D107/><U129/><E123/><V104/><F3/><W127/><G127/><T120/><D71/><U43/><E124/><V111/><F128/><W32/><G116/><T36/><D120/><U4/><E129/><V11/><F86/><W9/><G134/><N who="0" m="51211" /><D33/><U88/><E67/><V68/><F68/><W58/><G42/><N who="0" m="24695" /><D10/><U65/><E65/><V14/><F14/><W66/><G18/><T69/><D69/><U117/><E117/><V21/><F76/><W27/><G27/><T105/><D105/><U108/><E108/><N who="2" m="41515" /><F64/><W70/><G58/><T45/><D45/><U0/><E79/><V19/><F56/><W1/><G32/><T94/><D94/><AGARI ba="1,0" hai="1,6,9,26,29,34,63,66,70,94,99,103,114,115" machi="94" ten="30,2900,0" yaku="7,1,52,1" doraHai="20" who="3" fromWho="0" sc="285,-32,273,0,162,0,280,32" owari="253,-14.7,273,7.3,162,-33.8,312,41.2" /></mjloggm>