<mjloggm ver="2.3"><GO type="225" lobby="0"/><UN n0="%E3%81%BF%E3%81%BF%E3%81%9A" n1="%4E%49%4A%49%49%52%4F" n2="%E9%80%9F%E6%B0%B4%E5%87%9B%E9%A6%99" n3="%4D%50%43%32%38%30%30" dan="17,16,17,16" rate="2242.39,2187.42,2164.02,2127.31" sx="M,M,F,M"/><TAIKYOKU oya="0"/><INIT seed="0,0,0,4,2,65" ten="250,250,250,250" oya="0" hai0="4,129,100,41,27,61,30,16,77,113,37,89,134" hai1="84,91,50,75,17,59,81,110,92,22,57,21,34" hai2="115,13,132,96,126,10,86,9,83,63,135,128,6" hai3="70,114,98,76,119,121,127,28,118,47,36,11,35"/><T31/><D113/><U93/><E34/><V54/><F115/><W25/><G114/><T122/><D122/><U49/><E110/><V106/><F128/><W99/><G121/><T68/><D129/><U88/><E75/><V79/><F126/><W64/><G99/><T20/><D134/><U1/><E1/><V15/><F106/><W32/><G127/><T60/><D100/><U24/><E81/><V107/><F107/><W108/><G108/><T130/><D130/><U26/><E17/><V56/><REACH who="2" step="1"/><F96/><REACH who="2" ten="250,250,240,250" step="2"/><W45/><G98/><T73/><D73/><U90/><E91/><V94/><F94/><W18/><G118/><T125/><D89/><U62/><E62/><V82/><F82/><W131/><G119/><T19/><D125/><U58/><E58/><V111/><F111/><W8/><G131/><T109/><D61/><U104/><E104/><V55/><F55/><W105/><G105/><T46/><D109/><U12/><E12/><V123/><F123/><W124/><G124/><T29/><D77/><U53/><E53/><V74/><F74/><W2/><G76/><T69/><D60/><U80/><E80/><V52/><F52/><W87/><G2/><T14/><REACH who="0" step="1"/><D4/><AGARI ba="0,1" hai="4,6,9,10,13,15,54,56,63,79,83,86,132,135" machi="4" ten="40,2600,0" yaku="1,1,9,1,53,0" doraHai="65" doraHaiUra="66" who="2" fromWho="0" sc="250,-26,250,0,240,36,250,0" /><INIT seed="1,0,0,4,3,95" ten="224,250,276,250" oya="1" hai0="32,111,82,2,52,15,21,22,44,85,80,23,24" hai1="59,10,91,5,135,39,122,69,41,121,77,117,92" hai2="104,40,28,71,37,60,19,100,11,3,13,96,61" hai3="67,70,133,50,102,107,27,35,131,108,79,127,18"/><U51/><E117/><V76/><F71/><W125/><G108/><T6/><D111/><U46/><E69/><V66/><F66/><W58/><G79/><T49/><D2/><U14/><E77/><V132/><F132/><W129/><G70/><T84/><D32/><U114/><E114/><V112/><F112/><W86/><G86/><N who="0" m="33387" /><D24/><U29/><E29/><V16/><F28/><N who="3" m="19871" /><G18/><T109/><D109/><U55/><REACH who="1" step="1"/><E135/><REACH who="1" ten="224,240,276,250" step="2"/><V31/><F31/><W83/><G133/><T73/><D73/><U4/><E4/><V98/><F76/><W72/><G72/><T33/><D33/><U75/><E75/><V20/><F3/><W81/><G131/><T43/><D43/><U113/><E113/><V123/><F123/><W62/><G129/><T34/><D34/><U63/><E63/><V42/><F42/><W87/><G62/><T94/><D94/><U124/><E124/><V30/><F30/><W56/><G125/><T47/><D82/><U126/><E126/><V115/><F115/><W116/><G83/><T25/><D80/><U120/><E120/><V7/><F7/><W0/><G81/><T54/><D25/><U9/><E9/><V8/><F8/><W48/><G127/><T103/><D6/><U119/><E119/><V68/><F68/><W90/><G116/><T130/><D130/><U89/><E89/><V93/><F40/><W64/><G90/><T105/><D21/><U17/><E17/><V65/><F20/><W110/><G110/><T53/><D23/><U97/><AGARI ba="0,1" hai="5,10,14,39,41,46,51,55,59,91,92,97,121,122" machi="97" ten="20,12000,1" yaku="1,1,0,1,7,1,52,1,53,1" doraHai="95" doraHaiUra="88" who="1" fromWho="1" sc="224,-40,240,130,276,-40,250,-40" /><INIT seed="1,1,0,4,1,62" ten="184,370,236,210" oya="1" hai0="10,45,53,20,43,7,39,4,100,115,16,19,107" hai1="17,101,91,60,12,52,18,84,118,26,24,49,3" hai2="71,87,98,97,2,42,72,83,126,135,1,77,111" hai3="21,37,5,47,79,46,85,40,110,75,116,28,6"/><U69/><E118/><V34/><F34/><W82/><G110/><T133/><D115/><U9/><E3/><V123/><F123/><W13/><G116/><T92/><D133/><U32/><E101/><V38/><F111/><W58/><G47/><T30/><D107/><U80/><E32/><V44/><F135/><W31/><G75/><T124/><D124/><U50/><E50/><V105/><F126/><W128/><G128/><T122/><D122/><U113/><E113/><V64/><F87/><W14/><G58/><T127/><D127/><U96/><E96/><V88/><F98/><W121/><G121/><T108/><D108/><U0/><E0/><V130/><F130/><W94/><G94/><T63/><D30/><U129/><E129/><V70/><F88/><W67/><G67/><T8/><D92/><U134/><E134/><V81/><F81/><W89/><G89/><T102/><D63/><U103/><E103/><N who="2" m="62703" /><F71/><W22/><G31/><T131/><D53/><U109/><E109/><V55/><F55/><W119/><G119/><T132/><D132/><U73/><E73/><V56/><F56/><W65/><G28/><T66/><D66/><N who="1" m="41159" /><E18/><N who="0" m="6697" /><D131/><U51/><E51/><V68/><F68/><W93/><G65/><T86/><D86/><U125/><E125/><V106/><F106/><W33/><G33/><T48/><D39/><U74/><E74/><V25/><F64/><W78/><G93/><T99/><D20/><N who="3" m="7785" /><G79/><T11/><D99/><U104/><E104/><V54/><F70/><W95/><G95/><T27/><D27/><U57/><E24/><V112/><F25/><RYUUKYOKU ba="1,0" sc="184,10,370,10,236,-30,210,10" hai0="4,7,8,10,11,43,45,48,100,102" hai1="9,12,17,26,49,52,57,80,84,91" hai3="5,6,13,14,37,40,46,78,82,85" /><INIT seed="1,2,0,3,2,70" ten="194,380,206,220" oya="1" hai0="71,94,51,86,20,38,12,72,52,69,112,92,42" hai1="16,6,58,13,127,126,26,64,129,45,28,36,132" hai2="43,95,44,50,54,109,118,116,100,80,27,22,77" hai3="76,60,93,83,46,120,3,85,37,21,9,104,74"/><U108/><E132/><V40/><F109/><W24/><G104/><T2/><D112/><U31/><E129/><V0/><F0/><W102/><G120/><T66/><D72/><U33/><E108/><V79/><F118/><W35/><G35/><T81/><D2/><U115/><E115/><V55/><F116/><W56/><G3/><T59/><D20/><U18/><E31/><V32/><F32/><W96/><G9/><T121/><D12/><U82/><E82/><V87/><F79/><W88/><G46/><N who="0" m="23895" /><D69/><U91/><E91/><V105/><F105/><W113/><G113/><T65/><D66/><U5/><E64/><V39/><F39/><W67/><G37/><T19/><D19/><U68/><E68/><V62/><F62/><W11/><G11/><T84/><D121/><U106/><E106/><V41/><F54/><W110/><G110/><T97/><D81/><U111/><E111/><V134/><F134/><W1/><G1/><T4/><D4/><N who="1" m="1643" /><E58/><V53/><F53/><W48/><G48/><T10/><D10/><N who="1" m="6199" /><E36/><V123/><F123/><W114/><G114/><T17/><D17/><U130/><E45/><V14/><F14/><W128/><G128/><T78/><D78/><U103/><E130/><V47/><F47/><W131/><G131/><T34/><D34/><U117/><E117/><V23/><F27/><W122/><G122/><T25/><D25/><U107/><E18/><V15/><F15/><W29/><G74/><T61/><D94/><U8/><E26/><V89/><F100/><AGARI ba="2,0" hai="21,24,29,56,60,67,76,83,85,88,93,96,100,102" machi="100" ten="40,2600,0" yaku="8,1,54,1" doraHai="70" who="3" fromWho="2" sc="194,0,380,0,206,-32,220,32" /><AGARI ba="2,0" hai="51,52,59,61,65,71,84,86,92,97,100" m="23895" machi="100" ten="30,3900,0" yaku="24,1,52,1,54,1" doraHai="70" who="0" fromWho="2" sc="194,39,380,0,174,-39,252,0" /><INIT seed="2,0,0,2,4,77" ten="233,380,135,252" oya="2" hai0="92,81,16,120,71,128,93,61,79,108,118,84,88" hai1="36,12,19,126,44,51,82,132,86,83,67,107,73" hai2="40,4,29,5,30,7,24,34,39,10,101,130,127" hai3="31,42,50,9,113,109,43,59,20,115,105,63,57"/><V62/><F130/><W26/><G105/><T116/><D120/><U48/><E107/><V25/><F127/><W131/><G131/><T134/><D128/><U65/><E126/><V47/><F101/><W90/><G109/><T96/><D108/><U35/><E35/><V22/><REACH who="2" step="1"/><F62/><REACH who="2" ten="233,380,125,252" step="2"/><W135/><G63/><T23/><D134/><U124/><E132/><V15/><AGARI ba="0,1" hai="4,5,7,10,15,22,24,25,29,30,34,39,40,47" machi="15" ten="20,18000,2" yaku="1,1,2,1,0,1,7,1,53,3" doraHai="77" doraHaiUra="2" who="2" fromWho="2" sc="233,-60,380,-60,125,190,252,-60" /><INIT seed="2,1,0,5,0,87" ten="173,320,315,192" oya="2" hai0="116,2,0,107,36,6,57,32,16,13,123,5,39" hai1="66,41,95,104,69,75,131,7,86,63,14,31,81" hai2="110,1,56,26,83,37,124,19,47,22,84,50,97" hai3="85,54,96,100,101,135,117,76,129,90,82,45,133"/><V77/><F124/><W134/><G117/><T12/><D57/><U74/><E104/><V55/><F1/><N who="0" m="618" /><D107/><U80/><E131/><V70/><F70/><W15/><G129/><T118/><D123/><U94/><E31/><V51/><F110/><W30/><G30/><T4/><D32/><U38/><E38/><N who="0" m="14377" /><D16/><U68/><E41/><V122/><F122/><W49/><G15/><AGARI ba="1,0" hai="4,5,6,12,13,15,116,118" m="14377,618" machi="15" ten="40,2600,0" yaku="28,2" doraHai="87" who="0" fromWho="3" sc="173,29,320,0,315,0,192,-29" /><INIT seed="3,0,0,4,0,33" ten="202,320,315,163" oya="3" hai0="29,71,77,1,19,23,120,37,84,27,128,103,86" hai1="57,99,36,89,132,110,42,93,15,125,126,105,79" hai2="13,104,135,0,45,54,67,30,9,5,88,73,60" hai3="116,134,47,12,61,51,82,107,102,131,113,129,52"/><W16/><G113/><T24/><D120/><U127/><E110/><V95/><F73/><W112/><G112/><T122/><D122/><U92/><E132/><V20/><F104/><W46/><G116/><T11/><D37/><U66/><E105/><V76/><F76/><W63/><G134/><T31/><D71/><U50/><E79/><V38/><F38/><W48/><G107/><T111/><D103/><U81/><E81/><V96/><F135/><W119/><G102/><T59/><D59/><U7/><E92/><V115/><F115/><W18/><G119/><T10/><D77/><U100/><E100/><V69/><F30/><W98/><G82/><T117/><D117/><U21/><E36/><V106/><F106/><W74/><G98/><T118/><D118/><U72/><E72/><V130/><F130/><N who="3" m="49675" /><G74/><T121/><D128/><U97/><E97/><V28/><F28/><W4/><G4/><N who="0" m="1295" /><D121/><U17/><E7/><V14/><F20/><N who="3" m="11271" /><G18/><T109/><D86/><U40/><E66/><V43/><F43/><AGARI ba="0,0" hai="43,46,47,48,51,52,61,63" m="11271,49675" machi="43" ten="30,5800,0" yaku="19,1,54,2" doraHai="33" who="3" fromWho="2" sc="202,0,320,0,315,-58,163,58" /><INIT seed="3,1,0,2,5,28" ten="202,320,257,221" oya="3" hai0="131,100,7,104,117,27,62,26,75,2,116,15,1" hai1="65,68,118,69,107,130,77,21,84,124,6,14,45" hai2="60,25,22,89,29,18,10,71,42,23,110,11,87" hai3="93,24,73,106,39,72,47,8,101,20,88,108,16"/><W109/><G8/><N who="0" m="4511" /><D75/><U97/><E124/><V126/><F110/><N who="3" m="42603" /><G106/><T119/><D62/><U13/><E130/><V134/><F126/><W66/><G101/><T5/><D131/><U41/><E97/><V46/><F134/><W36/><G66/><T112/><D100/><U103/><E65/><V67/><F23/><W91/><G91/><T128/><D104/><U3/><E21/><V95/><REACH who="2" step="1"/><F18/><REACH who="2" ten="202,320,247,221" step="2"/><W50/><G72/><T85/><D128/><U38/><E6/><V37/><AGARI ba="1,1" hai="10,11,22,25,29,37,42,46,60,67,71,87,89,95" machi="37" ten="20,5200,0" yaku="1,1,2,1,0,1,7,1,53,0" doraHai="28" doraHaiUra="127" who="2" fromWho="2" sc="202,-14,320,-14,247,65,221,-27" owari="188,-31.2,306,10.6,312,41.2,194,-20.6" /></mjloggm>