<mjloggm ver="2.3"><GO type="225" lobby="0"/><UN n0="%E3%82%B2%E3%82%B9%E8%8C%82%E5%8B%9D" n1="%E5%84%AA%40%41%42%43" n2="%E4%BA%95%E5%B8%AF" n3="%77%72%77%72%77%72%77%72" dan="16,17,16,16" rate="2077.46,2136.27,2044.80,2233.31" sx="F,M,M,M"/><TAIKYOKU oya="0"/><INIT seed="0,0,0,4,5,135" ten="250,250,250,250" oya="0" hai0="47,105,97,62,70,1,72,0,49,96,39,133,33" hai1="88,3,77,8,118,116,76,85,28,119,41,122,20" hai2="60,11,26,134,81,48,50,107,16,25,126,80,121" hai3="35,123,71,113,67,92,100,7,94,53,114,31,15"/><T36/><D133/><U68/><E122/><V52/><F107/><W24/><G123/><T21/><D33/><U9/><E68/><V18/><F134/><W89/><G53/><T98/><D72/><U106/><E106/><V111/><F111/><W17/><G7/><T131/><D131/><U54/><E41/><V93/><F93/><W99/><G67/><T79/><D79/><U108/><E108/><V91/><F121/><W34/><G71/><T129/><D129/><U55/><E76/><V83/><F91/><W65/><G65/><T14/><D105/><U59/><E77/><V23/><F126/><W57/><G57/><T56/><D70/><U87/><E3/><V125/><F125/><W40/><G40/><T128/><D128/><U74/><E74/><V66/><F66/><W104/><G35/><T5/><D36/><U78/><E78/><V19/><F11/><W64/><G64/><N who="0" m="38983" /><D39/><U82/><E85/><V32/><F32/><W37/><G37/><T75/><D75/><U112/><E112/><V58/><F25/><W2/><G2/><T4/><D1/><U110/><E54/><V61/><F61/><W103/><G103/><T42/><D0/><U38/><E38/><V29/><AGARI ba="0,0" hai="16,18,19,23,26,29,48,50,52,58,60,80,81,83" machi="29" ten="30,7900,0" yaku="0,1,8,1,54,2" doraHai="135" who="2" fromWho="2" sc="250,-39,250,-20,250,79,250,-20" /><INIT seed="1,0,0,5,5,23" ten="211,230,329,230" oya="1" hai0="92,98,134,31,15,105,43,47,100,4,96,66,115" hai1="69,99,65,97,34,109,37,102,74,54,39,33,81" hai2="72,9,80,36,32,50,70,71,123,7,132,1,133" hai3="13,24,6,55,73,26,5,106,119,45,129,77,86"/><U58/><E54/><V16/><F123/><W19/><G106/><T38/><D134/><N who="2" m="51818" /><F36/><W107/><G73/><T103/><D115/><U85/><E58/><V118/><F118/><W56/><G45/><T93/><D66/><U28/><E97/><V84/><F72/><W40/><G40/><T61/><D61/><N who="1" m="40111" /><E85/><V57/><F32/><N who="1" m="12393" /><E28/><V51/><F16/><W59/><G107/><T35/><D105/><N who="1" m="63711" /><E109/><V82/><F82/><N who="3" m="47439" /><G56/><T30/><REACH who="0" step="1"/><D35/><REACH who="0" ten="201,230,329,230" step="2"/><U131/><E131/><V29/><F71/><W3/><G129/><T124/><D124/><U63/><E63/><V11/><F70/><W122/><G119/><T120/><D120/><U116/><E116/><V42/><F51/><N who="3" m="31231" /><G122/><T117/><D117/><U27/><E27/><N who="3" m="10282" /><G3/><T67/><D67/><U101/><E37/><V126/><F1/><W83/><G83/><T76/><D76/><U41/><E81/><V21/><F80/><W62/><G62/><T113/><D113/><U2/><E39/><V22/><F50/><W128/><G128/><T68/><D68/><U60/><E60/><V111/><F126/><W121/><G121/><T8/><AGARI ba="0,1" hai="4,8,15,30,31,38,43,47,92,93,96,98,100,103" machi="8" ten="30,8000,1" yaku="1,1,0,1,9,1,53,2" doraHai="23" doraHaiUra="89" who="0" fromWho="0" sc="201,90,230,-40,329,-20,230,-20" /><INIT seed="2,0,0,3,1,105" ten="291,190,309,210" oya="2" hai0="108,36,31,24,60,54,23,86,85,50,5,77,41" hai1="0,100,55,93,133,83,78,67,92,81,11,63,118" hai2="76,44,134,106,3,101,17,121,49,135,82,99,8" hai3="114,21,124,88,25,53,72,38,9,35,79,30,66"/><V73/><F121/><W14/><G38/><T131/><D108/><U32/><E118/><V115/><F115/><W110/><G110/><T28/><D131/><U126/><E32/><V64/><F64/><W104/><G104/><T91/><D60/><U132/><E55/><V112/><F112/><W71/><G114/><T69/><D69/><U116/><E116/><V62/><F62/><W102/><G102/><T61/><D61/><U18/><E81/><V94/><F106/><W111/><G111/><T37/><D41/><U128/><E128/><V47/><F17/><W65/><G35/><T58/><D5/><N who="1" m="1447" /><E18/><V42/><REACH who="2" step="1"/><F47/><REACH who="2" ten="291,190,299,210" step="2"/><W120/><G66/><T74/><D31/><U87/><E63/><V51/><F51/><W2/><G65/><T26/><D36/><U40/><E67/><V59/><F59/><W97/><G71/><T48/><D37/><U125/><E126/><V95/><F95/><W12/><G124/><T7/><D48/><U16/><E125/><V4/><AGARI ba="0,1" hai="3,4,8,42,44,49,73,76,82,94,99,101,134,135" machi="4" ten="30,11700,0" yaku="1,1,0,1,52,1,53,1" doraHai="105" doraHaiUra="34" who="2" fromWho="2" sc="291,-39,190,-39,299,127,210,-39" /><INIT seed="2,1,0,1,3,125" ten="252,151,426,171" oya="2" hai0="75,4,41,59,12,98,29,69,16,115,87,8,1" hai1="126,55,65,56,14,77,38,34,21,68,96,54,108" hai2="121,46,85,70,104,114,79,40,128,62,19,5,92" hai3="135,11,73,22,9,20,24,61,15,63,33,113,44"/><V28/><F104/><W51/><G73/><T82/><D75/><U67/><E34/><V39/><F28/><N who="3" m="17415" /><G135/><T74/><D115/><U101/><E68/><V53/><F92/><W76/><G113/><T23/><D74/><U131/><E38/><V89/><F85/><W122/><G122/><T120/><D120/><U31/><E126/><V35/><F89/><W134/><G134/><T64/><D69/><U105/><E77/><V0/><F53/><W129/><G129/><T72/><D72/><U130/><E108/><V27/><F62/><N who="3" m="23563" /><G33/><T50/><D64/><U58/><E55/><V36/><F46/><W10/><G22/><T6/><D6/><U103/><E101/><V43/><F19/><N who="3" m="8687" /><G76/><T97/><D29/><U109/><E109/><V91/><F79/><W86/><G86/><T90/><REACH who="0" step="1"/><D59/><REACH who="0" ten="242,151,426,171" step="2"/><U60/><E56/><V57/><F5/><W49/><G49/><T93/><D93/><U118/><E118/><V2/><F57/><W127/><G127/><T32/><D32/><U106/><E105/><V80/><F35/><W45/><G51/><T117/><D117/><U94/><E106/><V123/><F121/><W52/><G52/><T37/><D37/><U88/><E31/><V112/><F70/><W26/><G26/><T17/><D17/><N who="1" m="10423" /><E103/><V100/><F100/><W71/><G71/><T116/><D116/><U95/><E94/><V110/><F36/><W66/><G66/><T102/><D102/><U42/><E42/><V124/><F39/><W25/><G25/><T107/><D107/><U132/><E132/><V13/><F123/><W133/><G133/><RYUUKYOKU ba="1,1" sc="242,10,151,10,426,-30,171,10" hai0="1,4,8,12,16,23,41,50,82,87,90,97,98" hai1="54,58,60,65,67,88,95,96,130,131" hai3="10,11,44,45" /><INIT seed="3,2,1,2,0,87" ten="252,161,396,181" oya="3" hai0="9,76,28,69,59,0,108,68,122,6,74,106,129" hai1="113,52,109,131,95,36,101,44,23,39,86,124,105" hai2="104,118,3,11,18,45,60,53,98,84,132,51,10" hai3="66,91,71,62,116,29,110,4,43,26,54,56,48"/><W5/><G116/><T96/><D59/><U64/><E113/><V128/><F118/><W94/><G110/><T134/><D108/><U16/><E109/><V63/><F128/><W49/><G49/><T82/><D129/><U123/><E123/><V126/><F126/><W7/><G43/><T111/><D111/><U40/><E131/><V25/><F132/><W89/><REACH who="3" step="1"/><G94/><REACH who="3" ten="252,161,396,171" step="2"/><T72/><D122/><U107/><E39/><V125/><F51/><W22/><AGARI ba="2,2" hai="4,5,7,22,26,29,48,54,56,62,66,71,89,91" machi="22" ten="30,12000,1" yaku="1,1,2,1,0,1,52,2,53,0" doraHai="87" doraHaiUra="133" who="3" fromWho="3" sc="252,-42,161,-42,396,-42,171,146" /><INIT seed="3,3,0,4,5,130" ten="210,119,354,317" oya="3" hai0="131,97,115,85,113,3,91,132,45,58,22,0,72" hai1="125,56,48,103,77,120,32,5,42,17,21,83,128" hai2="133,8,13,24,43,18,78,33,107,95,57,98,87" hai3="15,10,121,63,112,94,66,59,89,12,65,62,41"/><W67/><G112/><N who="0" m="43083" /><D72/><U79/><E32/><V74/><F133/><W53/><G121/><T61/><D131/><U104/><E120/><V47/><F74/><W76/><G76/><T81/><D132/><U116/><E128/><V92/><F107/><W117/><G117/><T50/><D22/><U109/><E109/><V134/><F134/><W20/><G20/><T86/><D97/><U9/><E125/><V129/><F129/><W36/><G36/><T119/><D85/><U123/><E123/><V25/><F57/><W54/><G41/><N who="0" m="24879" /><D119/><U34/><E34/><V28/><F24/><W111/><G111/><T102/><D102/><U110/><E110/><V70/><F98/><N who="3" m="57679" /><G12/><T69/><D69/><U88/><E104/><V52/><F70/><W82/><G82/><T93/><D81/><U124/><E103/><V2/><F2/><W35/><G35/><T126/><D126/><U60/><E124/><V99/><F78/><W80/><G80/><T135/><D135/><U19/><E116/><V71/><F71/><W108/><G108/><T105/><D105/><U1/><E77/><V29/><F29/><W39/><G39/><T127/><D127/><U31/><E88/><N who="2" m="53279" /><F99/><W73/><G73/><T49/><D49/><U51/><E21/><V68/><F68/><W26/><G26/><T44/><D44/><N who="1" m="25623" /><E31/><V100/><F95/><W38/><G38/><T114/><D114/><U64/><E51/><N who="2" m="28799" /><F100/><W37/><G37/><T30/><D30/><U46/><E46/><V27/><F27/><W90/><G90/><T75/><D75/><N who="1" m="43519" /><E1/><V122/><F122/><W11/><G15/><RYUUKYOKU ba="3,0" sc="210,0,119,0,354,0,317,0" hai0="0,3,58,61,86,91,93" hai1="5,9,17,19,56,60,64" hai2="8,13,18,25,28,33,43" hai3="10,11,53,54,59,62,63,65,66,67" /><INIT seed="3,4,0,0,4,70" ten="210,119,354,317" oya="3" hai0="119,50,58,97,26,46,61,93,108,30,129,3,128" hai1="9,78,125,91,38,21,124,14,133,28,81,98,120" hai2="135,32,102,27,43,6,106,59,37,48,60,113,74" hai3="34,64,23,127,69,68,71,18,95,72,111,103,41"/><W22/><G34/><T52/><D108/><U77/><E120/><V47/><F113/><W16/><G72/><T121/><D119/><U82/><E28/><V107/><F135/><W104/><G104/><T86/><D3/><U123/><E123/><V130/><F130/><N who="0" m="50282" /><D86/><U1/><E1/><V66/><F74/><W115/><G115/><T51/><D121/><U105/><E21/><V0/><F102/><W84/><G111/><T134/><D134/><U25/><E25/><V109/><F109/><W116/><G116/><T89/><D46/><U94/><E133/><V73/><F73/><W118/><G118/><T8/><D8/><U79/><E14/><V15/><F0/><W55/><G127/><T85/><D85/><N who="1" m="52591" /><E9/><V33/><F33/><AGARI ba="4,0" hai="26,30,33,50,51,52,58,61,89,93,97" m="50282" machi="33" ten="30,2000,0" yaku="19,1,54,1" doraHai="70" who="0" fromWho="2" sc="210,32,119,0,354,-32,317,0" owari="242,-15.8,119,-38.1,322,42.2,317,11.7" /></mjloggm>