<mjloggm ver="2.3"><GO type="225" lobby="0"/><UN n0="%68%6F%72%69%30%39%30%31" n1="%E3%82%B2%E3%82%B9%E8%8C%82%E5%8B%9D" n2="%E8%83%83%E3%81%A8%E8%85%B8" n3="%E3%83%97%E3%83%AC%E3%83%B4%E3%82%A1%E3%83%86%E3%82%A3" dan="16,16,17,16" rate="2124.75,2070.34,2246.99,2127.24" sx="M,F,M,F"/><TAIKYOKU oya="0"/><INIT seed="0,0,0,3,1,79" ten="250,250,250,250" oya="0" hai0="10,118,124,31,126,135,24,57,39,88,36,101,3" hai1="116,63,40,115,30,32,112,20,104,114,127,2,81" hai2="72,125,60,51,95,33,11,121,5,85,98,45,28" hai3="68,105,91,128,62,131,56,27,86,25,18,6,65"/><T64/><D118/><U122/><E116/><V44/><F72/><W17/><G105/><T13/><D101/><U71/><E104/><V80/><F121/><W89/><G6/><T94/><D3/><U129/><E122/><V130/><F130/><W96/><G68/><T59/><D135/><U97/><E97/><V75/><F75/><W37/><G37/><N who="0" m="14411" /><D64/><N who="1" m="41375" /><E129/><N who="3" m="49738" /><G96/><N who="0" m="57415" /><D13/><U100/><E100/><N who="2" m="60511" /><F125/><N who="0" m="48234" /><D10/><U43/><E127/><V21/><F11/><W23/><G86/><T26/><D26/><N who="1" m="18519" /><E2/><V4/><F85/><W132/><G132/><T1/><D1/><U61/><E20/><AGARI ba="0,0" hai="17,18,20,23,25,27,56,62,65,89,91" m="49738" machi="20" ten="30,1000,0" yaku="19,1" doraHai="79" who="3" fromWho="1" sc="250,0,250,-10,250,0,250,10" /><AGARI ba="0,0" hai="20,24,31,57,59" m="48234,57415,14411" machi="20" ten="30,2900,0" yaku="18,1,54,1" doraHai="79" who="0" fromWho="1" sc="250,29,240,-29,250,0,260,0" /><INIT seed="0,1,0,5,3,51" ten="279,211,250,260" oya="0" hai0="58,15,6,74,65,126,76,27,72,68,92,87,125" hai1="121,100,88,115,16,81,52,97,4,24,102,47,31" hai2="43,90,107,131,18,106,46,114,98,5,119,79,50" hai3="95,108,59,2,53,60,67,54,13,56,130,132,41"/><T64/><D68/><U44/><E121/><V61/><F114/><W134/><G2/><T101/><D27/><U103/><E115/><V73/><F131/><W124/><G13/><T77/><D6/><U99/><E4/><V69/><F119/><W25/><G130/><T14/><D58/><U45/><E16/><V135/><F135/><N who="3" m="51755" /><G25/><T7/><D7/><U127/><E127/><N who="0" m="48649" /><D87/><N who="1" m="50287" /><E24/><V32/><F32/><W0/><G0/><T28/><D28/><U36/><E36/><V93/><F18/><W116/><G124/><T21/><D21/><U84/><E84/><V12/><F73/><N who="0" m="28266" /><D92/><U113/><E113/><V80/><F69/><N who="3" m="42215" /><G95/><T19/><D101/><U30/><E31/><V49/><F5/><W89/><G89/><T48/><D48/><N who="1" m="28679" /><E30/><V20/><F20/><W63/><G116/><T85/><D85/><U71/><E71/><V33/><F33/><W10/><G10/><N who="0" m="6615" /><D15/><U39/><E39/><V17/><F12/><W26/><G26/><T40/><D40/><U75/><E75/><N who="2" m="43135" /><F17/><W118/><G118/><T22/><D22/><U86/><E86/><V42/><F42/><W66/><G41/><T96/><D96/><AGARI ba="1,0" hai="45,47,96,97,99,100,102,103" m="28679,50287" machi="96" ten="30,7700,0" yaku="8,1,52,1,54,2" doraHai="51" who="1" fromWho="0" sc="279,-80,211,80,250,0,260,0" /><INIT seed="1,0,0,5,4,29" ten="199,291,250,260" oya="1" hai0="96,67,107,76,127,20,61,74,119,31,77,75,108" hai1="36,72,85,103,4,97,129,131,132,38,56,115,134" hai2="81,49,55,46,30,73,53,43,15,105,130,16,47" hai3="35,98,3,88,120,27,94,68,5,32,21,37,59"/><U111/><E115/><V126/><F126/><W0/><G120/><T92/><D127/><U78/><E72/><V17/><F130/><N who="1" m="49673" /><E4/><V106/><F30/><W66/><G68/><T121/><D119/><U90/><E111/><V2/><F2/><W91/><G37/><N who="1" m="14442" /><E56/><V44/><F43/><W71/><G71/><T82/><D107/><N who="1" m="63983" /><E78/><V24/><F106/><W135/><G135/><N who="1" m="51754" /><E85/><V122/><F105/><W133/><G133/><T79/><D74/><U58/><E58/><V40/><F40/><W54/><G66/><T11/><D108/><U113/><E113/><V100/><F100/><W84/><G5/><T12/><D31/><U65/><E65/><V13/><F122/><W117/><G117/><T93/><D20/><U69/><E90/><V112/><F112/><W23/><G23/><T80/><D121/><U39/><N who="1" m="14450" /><U118/><DORA hai="14" /><E118/><V125/><F73/><W99/><G99/><T83/><D75/><U51/><E51/><V123/><F49/><W41/><G41/><T26/><D96/><U95/><E95/><V86/><F123/><W128/><G128/><T62/><D26/><U19/><E69/><V70/><F70/><W64/><G64/><T9/><D67/><U50/><E50/><V10/><F24/><W104/><G104/><T57/><D57/><U124/><E124/><V8/><F125/><W60/><G91/><AGARI ba="0,0" hai="8,10,13,15,16,17,44,46,47,53,55,81,86,91" machi="91" ten="40,8000,1" yaku="9,1,8,1,52,2,54,1" doraHai="29,14" who="2" fromWho="3" sc="199,0,291,0,250,80,260,-80" /><INIT seed="2,0,0,3,5,62" ten="199,291,330,180" oya="2" hai0="115,106,85,108,98,17,131,66,121,5,81,46,14" hai1="93,26,18,73,105,8,100,101,83,102,12,51,134" hai2="29,39,112,1,45,82,87,10,111,129,72,4,133" hai3="71,57,90,52,70,109,75,65,15,48,23,33,88"/><V67/><F112/><W36/><G75/><T99/><D115/><U55/><E134/><V79/><F133/><W63/><G33/><T117/><D121/><U126/><E126/><V127/><F127/><W118/><G118/><T9/><D108/><U22/><E105/><V54/><F129/><W97/><G109/><T59/><D131/><U20/><E20/><V40/><F111/><W56/><G36/><T41/><D106/><U103/><E73/><V119/><F119/><W114/><G114/><T25/><D117/><U120/><E120/><V0/><F29/><W89/><G97/><T35/><D35/><U116/><E83/><V16/><F54/><W43/><G43/><T32/><D32/><U50/><E116/><V34/><F34/><W76/><REACH who="3" step="1"/><G76/><REACH who="3" ten="199,291,330,170" step="2"/><N who="0" m="46247" /><D41/><U58/><E50/><V53/><F72/><W13/><G13/><N who="0" m="5295" /><D25/><U37/><E37/><V47/><F39/><W28/><G28/><T80/><D80/><U74/><E74/><V113/><F40/><W104/><G104/><T95/><D95/><U96/><E26/><V38/><F38/><W64/><G64/><T27/><D27/><U91/><E51/><N who="2" m="28911" /><F113/><W31/><G31/><T30/><D30/><U84/><E12/><N who="2" m="7191" /><F67/><W11/><G11/><N who="0" m="6367" /><D99/><U132/><E8/><N who="2" m="2055" /><F1/><W110/><G110/><T94/><D94/><U130/><E132/><V19/><F19/><AGARI ba="0,1" hai="15,19,23,48,52,56,57,63,65,70,71,88,89,90" machi="19" ten="40,8000,1" yaku="1,1,52,1,54,2,53,0" doraHai="62" doraHaiUra="124" who="3" fromWho="2" sc="199,0,291,0,330,-80,170,90" /><INIT seed="3,0,0,1,0,135" ten="199,291,250,260" oya="3" hai0="47,69,50,55,54,101,113,53,130,56,45,74,22" hai1="15,3,71,92,115,58,84,13,4,76,128,77,11" hai2="80,24,131,125,9,114,6,104,29,102,108,57,68" hai3="8,39,51,66,43,7,33,81,73,65,85,88,52"/><W117/><G33/><T97/><D74/><U42/><E115/><V62/><F68/><W41/><G117/><T28/><D113/><U93/><E71/><V10/><F114/><W36/><G73/><T100/><D69/><U23/><E128/><V109/><F131/><W64/><G36/><T44/><D130/><U0/><E42/><V89/><F102/><W103/><G103/><T38/><D38/><U5/><E58/><V61/><F104/><W132/><G39/><T87/><D101/><U82/><E76/><V110/><F9/><W46/><REACH who="3" step="1"/><G132/><REACH who="3" ten="199,291,250,250" step="2"/><T98/><D100/><U78/><E3/><AGARI ba="0,1" hai="3,7,8,41,43,46,51,52,64,65,66,81,85,88" machi="3" ten="40,12000,1" yaku="1,1,2,1,54,2,53,0" doraHai="135" doraHaiUra="95" who="3" fromWho="1" sc="199,0,291,-120,250,0,250,130" owari="199,-20.1,171,-32.9,250,5.0,380,48.0" /></mjloggm>