<mjloggm ver="2.3"><GO type="225" lobby="0"/><UN n0="%73%61%6B%6F%EF%BC%A0%E6%9C%80" n1="%72%69%6F%75%63%68%61%6E" n2="%E5%8D%A0%E3%81%84%E5%B8%AB%E8%A3%8F%E3%81%AA%E3%81%84%E3%81%97" n3="%E9%80%86%E9%80%A3%E5%B8%AF%E3%81%AE%E9%AC%BC" dan="17,16,17,17" rate="2180.32,2187.39,2181.04,2123.41" sx="M,M,M,M"/><TAIKYOKU oya="0"/><INIT seed="0,0,0,2,5,132" ten="250,250,250,250" oya="0" hai0="40,95,105,73,84,31,0,10,109,135,126,104,122" hai1="30,28,26,42,96,91,55,80,125,102,71,86,22" hai2="134,130,33,17,57,90,81,118,64,51,25,69,98" hai3="106,115,3,78,70,103,97,113,129,72,35,116,20"/><T37/><D122/><U85/><E125/><V89/><F134/><W46/><G116/><T8/><D135/><U108/><E108/><V124/><F118/><W101/><G70/><T21/><D73/><U67/><E42/><V99/><F69/><W41/><G35/><T117/><D117/><U50/><E85/><V11/><F130/><W131/><G3/><T93/><D40/><U82/><E80/><V127/><F33/><W92/><G20/><T15/><D0/><U27/><E71/><V61/><F51/><W128/><G46/><T66/><D66/><U58/><E67/><V54/><F64/><W83/><G41/><T59/><D59/><U77/><E77/><V56/><F57/><W19/><G19/><T76/><D76/><U39/><E39/><V120/><F120/><W6/><G6/><T24/><D37/><U45/><E58/><V44/><F44/><W1/><G1/><T7/><D109/><U4/><E4/><V34/><F34/><W60/><G60/><T87/><D10/><U13/><E13/><N who="2" m="7359" /><F25/><W100/><G106/><T133/><D133/><U107/><REACH who="1" step="1"/><E26/><REACH who="1" ten="250,240,250,250" step="2"/><V18/><F81/><W49/><REACH who="3" step="1"/><G49/><REACH who="3" ten="250,240,250,240" step="2"/><T94/><D24/><U79/><E79/><V47/><F47/><W38/><G38/><T52/><D104/><U32/><E32/><V111/><F111/><W63/><G63/><T16/><D105/><U121/><E121/><V43/><F43/><W23/><G23/><T75/><D21/><U114/><E114/><AGARI ba="0,2" hai="72,78,83,92,97,100,101,103,113,114,115,128,129,131" machi="114" ten="50,8000,1" yaku="1,1,19,1,34,3,53,0" doraHai="132" doraHaiUra="9" who="3" fromWho="1" sc="250,0,240,-80,250,0,240,100" /><INIT seed="1,0,0,4,5,123" ten="250,160,250,340" oya="1" hai0="94,53,5,104,69,83,49,132,107,118,19,98,14" hai1="6,32,54,92,122,0,80,72,73,76,10,52,87" hai2="59,23,18,20,51,43,68,26,45,116,135,115,12" hai3="28,25,35,67,96,24,27,16,48,2,62,124,60"/><U117/><E117/><V120/><F120/><W40/><G124/><T106/><D118/><U121/><E32/><V82/><F116/><W95/><G2/><T85/><D132/><U11/><E11/><V77/><F68/><W100/><G62/><T75/><D69/><U39/><E39/><V61/><F135/><W65/><G67/><T46/><D5/><U130/><E130/><V55/><F115/><W125/><G125/><T90/><D75/><U4/><E4/><V109/><F109/><W58/><G16/><T36/><D36/><U57/><E54/><V131/><F131/><W93/><G93/><T105/><N who="0" m="26624" /><DORA hai="38" /><T34/><D34/><U63/><REACH who="1" step="1"/><E72/><REACH who="1" ten="250,150,250,340" step="2"/><V88/><F23/><W134/><G134/><T7/><D7/><U8/><E8/><V29/><F20/><W78/><G35/><T101/><D19/><U91/><AGARI ba="0,1" hai="0,6,10,52,57,63,73,76,80,87,91,92,121,122" machi="91" ten="30,6000,0" yaku="1,1,0,1,54,1,53,0" doraHai="123,38" doraHaiUra="108,31" who="1" fromWho="1" sc="250,-20,150,70,250,-20,340,-20" /><INIT seed="1,1,0,2,2,39" ten="230,220,230,320" oya="1" hai0="18,42,53,98,16,83,124,95,1,82,77,132,106" hai1="99,46,111,13,72,94,128,17,92,25,23,93,127" hai2="129,81,126,84,34,100,117,116,20,110,12,69,0" hai3="89,28,19,44,64,50,90,58,37,24,70,49,15"/><U121/><E127/><V71/><F126/><W133/><G133/><T66/><D124/><U85/><E128/><V113/><F129/><W29/><G70/><T123/><D106/><U78/><E111/><V3/><F110/><W107/><G107/><T4/><D132/><U125/><E125/><V109/><F109/><W118/><G118/><T56/><D123/><U52/><E121/><V135/><F34/><W91/><G37/><T79/><D4/><U86/><E99/><V54/><F135/><W63/><G24/><T47/><D66/><U43/><E52/><V130/><F130/><W14/><G14/><T36/><D1/><U65/><E65/><V2/><F113/><W102/><G102/><T88/><D82/><U108/><E108/><V104/><F69/><W41/><REACH who="3" step="1"/><G50/><REACH who="3" ten="230,220,230,310" step="2"/><T35/><D35/><U115/><E115/><V103/><F71/><W114/><G114/><T38/><D36/><U10/><E78/><V76/><F104/><W75/><G75/><T105/><D105/><U5/><REACH who="1" step="1"/><E72/><REACH who="1" ten="230,210,230,310" step="2"/><V68/><F117/><W57/><G57/><T27/><D79/><U31/><E31/><V33/><F68/><W55/><G55/><T120/><D120/><U45/><E45/><V80/><F116/><W22/><AGARI ba="1,2" hai="15,19,22,28,29,41,44,49,58,63,64,89,90,91" machi="22" ten="30,7900,0" yaku="1,1,0,1,8,1,52,1,53,0" doraHai="39" doraHaiUra="48" who="3" fromWho="3" sc="230,-21,210,-40,230,-21,310,102" /><INIT seed="2,0,0,2,3,113" ten="209,170,209,412" oya="2" hai0="19,98,80,46,50,41,134,44,70,87,128,67,11" hai1="91,1,79,17,0,100,73,69,6,86,118,14,37" hai2="18,90,4,16,103,39,15,30,42,93,74,114,121" hai3="102,117,35,92,95,57,65,125,129,96,23,99,27"/><V22/><F114/><W59/><G129/><T123/><D123/><U47/><E69/><V104/><F121/><W119/><G35/><T26/><D134/><U24/><E100/><V115/><F115/><W8/><G125/><T56/><D128/><U54/><E24/><V106/><F74/><W122/><G122/><T116/><D70/><U105/><E105/><V88/><F104/><W7/><G65/><T58/><D98/><U107/><E107/><V5/><F106/><W78/><G78/><T97/><D97/><U31/><E31/><V10/><F103/><W72/><G72/><T55/><D116/><U63/><E6/><N who="2" m="2667" /><F39/><W52/><G59/><T34/><D34/><U3/><E73/><V135/><F135/><W131/><G131/><T49/><D67/><U60/><E79/><V28/><F42/><W64/><G64/><T62/><D62/><U85/><E118/><V33/><F33/><W81/><G81/><T48/><D48/><N who="1" m="28959" /><E37/><V20/><F90/><W94/><G119/><T82/><D82/><N who="1" m="49591" /><E86/><N who="2" m="52375" /><F10/><AGARI ba="0,0" hai="0,1,3,10,14,17,60,63" m="49591,28959" machi="10" ten="30,1000,0" yaku="25,1" doraHai="113" who="1" fromWho="2" sc="209,0,170,10,209,-10,412,0" /><INIT seed="3,0,0,2,5,82" ten="209,180,199,412" oya="3" hai0="116,104,24,111,34,120,62,29,125,110,126,49,66" hai1="1,133,89,58,46,118,28,99,20,57,95,121,59" hai2="40,8,33,44,55,90,124,65,81,54,98,23,87" hai3="17,80,119,38,96,22,47,100,50,13,84,132,15"/><W61/><G132/><T12/><D120/><U6/><E121/><V73/><F33/><W70/><G119/><T106/><D116/><U63/><E133/><V5/><F124/><N who="0" m="47722" /><D49/><U21/><E118/><V4/><F73/><W78/><G38/><T36/><D36/><U94/><E6/><N who="2" m="2667" /><F65/><W83/><G83/><T135/><D12/><U41/><E1/><V7/><F23/><W131/><G131/><T129/><D129/><U115/><E115/><V91/><F40/><W37/><G37/><T10/><D10/><U113/><E113/><V114/><F44/><W26/><G61/><T25/><D25/><U56/><E28/><V92/><F114/><W86/><G86/><T103/><D135/><U128/><E128/><V109/><F109/><N who="0" m="41482" /><D103/><N who="1" m="60919" /><E46/><V43/><F43/><W67/><G67/><T35/><D35/><U53/><E41/><V85/><F98/><AGARI ba="0,0" hai="20,21,53,56,57,58,59,63,89,95,98" m="60919" machi="98" ten="30,1000,0" yaku="8,1" doraHai="82" who="1" fromWho="2" sc="209,0,180,10,199,-10,412,0" owari="209,0.9,190,-21.0,189,-31.1,412,51.2" /></mjloggm>