<mjloggm ver="2.3"><GO type="225" lobby="0"/><UN n0="%73%75%7A%75%6D%65%33" n1="%E3%82%B2%E3%82%B9%E8%8C%82%E5%8B%9D" n2="%E6%98%93%E5%88%A9%E8%96%A9%E4%BC%AF" n3="%E7%BD%AA%E5%88%91%E6%B3%95%E5%AE%9A%E4%B8%BB%E7%BE%A9" dan="18,16,16,16" rate="2254.71,2018.11,2064.70,2128.47" sx="M,F,F,M"/><TAIKYOKU oya="0"/><INIT seed="0,0,0,2,1,133" ten="250,250,250,250" oya="0" hai0="3,32,57,72,36,81,49,84,18,47,11,130,26" hai1="95,66,120,116,2,56,9,17,35,114,87,74,61" hai2="44,38,122,0,93,125,25,113,15,78,96,60,54" hai3="63,33,37,82,80,94,28,65,70,68,111,100,5"/><T50/><D130/><U77/><E116/><V48/><F0/><W131/><G70/><T62/><D72/><U30/><E120/><V59/><F122/><W123/><G123/><T21/><D32/><U24/><E114/><V135/><F113/><W98/><G131/><T64/><D36/><U124/><E74/><V109/><F109/><W79/><G111/><T106/><D106/><U34/><E34/><V45/><F38/><W31/><G37/><T110/><D110/><U132/><E132/><V103/><F135/><W128/><G128/><T75/><D75/><U112/><E112/><V127/><F78/><W20/><G33/><T10/><D3/><U129/><E129/><V119/><F25/><W7/><G82/><T52/><REACH who="0" step="1"/><D50/><REACH who="0" ten="240,250,250,250" step="2"/><U76/><E2/><V69/><F119/><W105/><G105/><T115/><D115/><U88/><REACH who="1" step="1"/><E124/><REACH who="1" ten="240,240,250,250" step="2"/><N who="2" m="47691" /><F15/><AGARI ba="0,2" hai="9,15,17,24,30,35,56,61,66,76,77,87,88,95" machi="15" ten="40,5200,0" yaku="1,1,54,1,53,1" doraHai="133" doraHaiUra="13" who="1" fromWho="2" sc="240,0,240,72,250,-52,250,0" /><INIT seed="1,0,0,2,1,14" ten="240,312,198,250" oya="1" hai0="66,1,62,72,60,90,27,93,114,74,64,119,130" hai1="108,59,51,40,128,135,38,10,37,96,8,6,69" hai2="53,81,43,22,32,84,131,82,30,48,79,88,57" hai3="45,104,29,91,35,117,56,86,98,126,16,87,120"/><U21/><E128/><V106/><F131/><W33/><G120/><T103/><D130/><U55/><E135/><V17/><F106/><W52/><G45/><T73/><D114/><U113/><E113/><V97/><F43/><W2/><G2/><T115/><D115/><U4/><E69/><V24/><F97/><W122/><G122/><T110/><D119/><U26/><E108/><V11/><F11/><W125/><G117/><T123/><D123/><U76/><E76/><V109/><F109/><W63/><G29/><T80/><D110/><U133/><E133/><V95/><REACH who="2" step="1"/><F79/><REACH who="2" ten="240,312,188,250" step="2"/><W89/><G104/><T15/><D103/><U83/><E40/><V28/><F28/><W124/><G98/><T36/><D36/><U20/><E38/><V7/><F7/><W102/><G102/><T100/><D100/><U112/><E37/><V78/><F78/><W47/><G91/><T71/><D90/><U58/><E96/><V75/><F75/><W50/><G86/><T61/><D73/><U94/><E8/><V3/><F3/><W121/><G121/><T134/><D1/><U44/><E4/><V116/><F116/><W39/><G39/><T23/><D74/><U118/><E118/><V68/><F68/><W5/><G5/><T42/><D71/><U105/><E105/><V70/><F70/><W101/><G101/><T127/><D42/><U77/><E112/><V25/><AGARI ba="0,1" hai="17,22,24,25,30,32,48,53,57,81,82,84,88,95" machi="25" ten="20,12000,2" yaku="1,1,0,1,7,1,52,1,54,1,53,1" doraHai="14" doraHaiUra="18" who="2" fromWho="2" sc="240,-30,312,-60,188,130,250,-30" /><INIT seed="2,0,0,2,1,4" ten="210,252,318,220" oya="2" hai0="96,68,134,32,6,108,9,62,52,88,10,44,21" hai1="102,80,56,47,40,60,116,128,43,72,83,7,57" hai2="0,22,93,14,94,25,17,123,51,16,129,109,24" hai3="130,63,133,132,114,110,36,1,90,39,23,34,11"/><V55/><F123/><W3/><G34/><T45/><D32/><U41/><E128/><V103/><F0/><W126/><G110/><T69/><D108/><U15/><E116/><V67/><F109/><W46/><G130/><T91/><D134/><N who="3" m="51817" /><G126/><T19/><D69/><U33/><E33/><V113/><F113/><W95/><G23/><T20/><D68/><U42/><E102/><V37/><F37/><N who="3" m="14411" /><G114/><T13/><D21/><U78/><E83/><V28/><F67/><W75/><G75/><T35/><D35/><U92/><E92/><V122/><F122/><W38/><G63/><T119/><D119/><U124/><E124/><V61/><F61/><W76/><G76/><T66/><D66/><U105/><E105/><V18/><F25/><W30/><G30/><T99/><D99/><U31/><E31/><V54/><F54/><W107/><G107/><T29/><D29/><U82/><E60/><V64/><F64/><W135/><N who="3" m="51825" /><W97/><DORA hai="104" /><G11/><N who="0" m="4107" /><D6/><U26/><E72/><V79/><F129/><W120/><G120/><T127/><D127/><U81/><E7/><V12/><F12/><W112/><G112/><T74/><D74/><U48/><E15/><V73/><F14/><W100/><G100/><T70/><D70/><U111/><E111/><V115/><F103/><W27/><G27/><T85/><D62/><U53/><E26/><V101/><F115/><W65/><G65/><T71/><D71/><U121/><E121/><V86/><F73/><W58/><G58/><N who="1" m="22634" /><E78/><V125/><F125/><W131/><G131/><T5/><D5/><U117/><E117/><RYUUKYOKU ba="0,0" sc="210,-15,252,15,318,-15,220,15" hai1="40,41,42,43,47,48,53,80,81,82" hai3="1,3,38,46,90,95,97" /><INIT seed="3,1,0,0,2,129" ten="195,267,303,235" oya="3" hai0="115,116,15,132,104,71,105,27,58,124,123,63,36" hai1="81,11,114,118,99,1,4,40,134,127,28,77,39" hai2="88,35,31,73,7,70,80,98,133,76,60,21,42" hai3="19,67,23,94,66,87,117,97,57,22,84,2,24"/><W18/><G2/><T48/><D116/><U8/><E114/><V108/><F133/><W64/><G57/><T128/><D115/><U95/><E127/><V16/><F7/><W113/><G117/><T33/><D123/><U52/><E118/><V20/><F42/><W17/><G113/><T49/><D36/><U96/><E134/><V61/><F21/><W14/><REACH who="3" step="1"/><G19/><REACH who="3" ten="195,267,303,225" step="2"/><T54/><D132/><U32/><E1/><V59/><F59/><W106/><G106/><T26/><D104/><U93/><E4/><V38/><F16/><W72/><G72/><T44/><D105/><U50/><E28/><V34/><F73/><W12/><G12/><T13/><D128/><U10/><E8/><V122/><F31/><W83/><G83/><T101/><D124/><U91/><E10/><V55/><F80/><W69/><G69/><T46/><D71/><U92/><E11/><V29/><F29/><W68/><G68/><T86/><D15/><U62/><E81/><V30/><F30/><W51/><G51/><T3/><D13/><U125/><E50/><V107/><F70/><W56/><G56/><T75/><D3/><U53/><E125/><V131/><F107/><W78/><G78/><T110/><D75/><U89/><E77/><V121/><F76/><W102/><AGARI ba="1,1" hai="14,17,18,22,23,24,64,66,67,84,87,94,97,102" machi="102" ten="30,6000,0" yaku="1,1,0,1,8,1,53,0" doraHai="129" doraHaiUra="45" who="3" fromWho="3" sc="195,-21,267,-21,303,-21,225,73" /><INIT seed="3,2,0,3,3,25" ten="174,246,282,298" oya="3" hai0="106,69,20,115,118,0,76,1,74,36,16,129,27" hai1="23,95,58,14,13,22,85,12,11,82,41,105,90" hai2="103,40,21,31,84,15,128,122,86,67,19,47,68" hai3="8,134,48,92,63,116,24,66,117,42,39,44,93"/><W113/><G113/><T9/><D115/><U104/><E41/><V6/><F128/><W110/><G134/><T135/><D118/><U46/><E46/><V32/><F103/><W17/><G110/><T96/><D36/><U94/><E11/><V102/><F6/><W77/><G77/><T83/><D129/><U79/><E104/><V2/><F2/><W130/><G130/><T53/><D135/><U54/><E105/><V30/><F32/><W70/><G93/><T133/><D133/><U119/><E119/><V52/><F102/><W81/><G81/><T5/><D69/><U101/><E101/><V43/><F67/><W131/><G131/><T51/><D106/><U88/><E90/><V37/><F68/><W26/><G26/><T50/><D96/><N who="1" m="57415" /><E95/><V107/><F107/><W100/><G39/><T80/><D80/><U72/><E72/><V59/><F122/><W123/><G123/><T127/><D127/><U126/><E126/><V87/><REACH who="2" step="1"/><F43/><REACH who="2" ten="174,246,272,298" step="2"/><W38/><G117/><T33/><D0/><U49/><AGARI ba="2,1" hai="12,13,14,22,23,49,54,58,79,82,85" m="57415" machi="49" ten="30,2000,0" yaku="8,1,54,1" doraHai="25" who="1" fromWho="1" sc="174,-7,246,36,272,-7,298,-12" /><INIT seed="4,0,0,0,3,113" ten="167,282,265,286" oya="0" hai0="104,121,49,125,118,134,13,15,99,57,3,101,62" hai1="43,21,68,84,98,83,5,79,116,88,86,131,50" hai2="45,8,19,124,31,34,81,58,0,77,39,65,105" hai3="135,75,26,35,51,60,30,117,70,20,37,32,40"/><T89/><D121/><U44/><E116/><V128/><F105/><W95/><G117/><T24/><D118/><U12/><E131/><V6/><F128/><W129/><G129/><T92/><D3/><U76/><E68/><V41/><F124/><W61/><G75/><T7/><D125/><U97/><E76/><V96/><F96/><W28/><G37/><T1/><D134/><U85/><E85/><V22/><F65/><W63/><G135/><T4/><D49/><U130/><E130/><V114/><F58/><W112/><G112/><T87/><D24/><U111/><E111/><V126/><F114/><W55/><G40/><T74/><D74/><U110/><E110/><V107/><F107/><W123/><G123/><T64/><REACH who="0" step="1"/><D1/><REACH who="0" ten="157,282,265,286" step="2"/><U73/><E73/><N who="2" m="43183" /><F126/><W91/><G26/><T9/><D9/><N who="1" m="4143" /><E21/><V16/><F22/><W115/><G20/><T17/><D17/><U52/><E43/><V71/><F71/><W94/><G51/><T90/><D90/><U127/><E127/><V38/><F38/><W72/><G91/><T59/><D59/><U23/><E23/><V53/><F53/><W119/><G70/><T10/><D10/><U56/><E56/><V46/><F46/><W109/><G72/><T67/><D67/><U100/><E100/><V47/><F47/><W54/><G119/><T108/><D108/><U18/><E18/><V106/><F16/><W78/><G109/><T132/><D132/><U33/><E33/><V11/><F34/><N who="3" m="12843" /><G115/><T27/><D27/><U103/><E103/><V69/><F69/><W93/><G78/><T120/><D120/><RYUUKYOKU ba="0,1" sc="157,10,282,10,265,-30,286,10" hai0="4,7,13,15,57,62,64,87,89,92,99,101,104" hai1="44,50,52,79,83,84,86,88,97,98" hai3="28,30,54,55,60,61,63,93,94,95" /><INIT seed="4,1,1,5,0,52" ten="167,292,235,296" oya="0" hai0="135,59,103,82,96,60,23,129,108,93,15,20,104" hai1="11,21,16,64,91,90,28,29,124,19,113,27,26" hai2="8,32,121,110,4,37,48,49,85,10,65,33,114" hai3="50,98,118,109,73,47,62,83,3,102,107,120,97"/><T44/><D129/><U17/><E124/><V22/><F121/><W94/><G118/><T123/><D123/><U128/><E128/><V39/><F114/><W9/><G120/><T14/><D135/><U68/><E113/><V66/><F85/><W133/><G133/><T122/><D122/><U77/><E77/><V80/><F22/><N who="0" m="8234" /><D104/><U111/><E111/><V6/><REACH who="2" step="1"/><F80/><REACH who="2" ten="167,292,225,296" step="2"/><W130/><G83/><T12/><D108/><AGARI ba="1,2" hai="4,6,8,10,32,33,37,39,48,49,65,66,108,110" machi="108" ten="25,6400,0" yaku="1,1,2,1,22,2,53,0" doraHai="52" doraHaiUra="105" who="2" fromWho="0" sc="167,-67,292,0,225,87,296,0" owari="100,-40.0,292,-10.8,312,41.2,296,9.6" /></mjloggm>