<mjloggm ver="2.3"><GO type="225" lobby="0"/><UN n0="%72%69%6F%75%63%68%61%6E" n1="%E3%81%99%E3%81%84%E3%81%BE%E3%81%9B%E3%83%BC%E3%82%93" n2="%E6%97%A5%E6%9B%9C%E6%97%A5%E3%82%88%E3%82%8A%E3%81%AE%E4%BD%BF%E8%80%85" n3="%73%75%7A%75%6D%65%33" dan="17,16,18,18" rate="2214.96,2099.00,2154.67,2263.38" sx="M,M,M,M"/><TAIKYOKU oya="0"/><INIT seed="0,0,0,0,3,24" ten="250,250,250,250" oya="0" hai0="114,67,41,48,68,96,81,119,13,22,128,14,132" hai1="86,29,12,105,78,28,129,90,94,1,72,71,11" hai2="76,100,8,62,42,74,2,127,39,50,118,49,89" hai3="69,79,31,65,38,43,125,36,70,4,126,6,115"/><T30/><D114/><U112/><E1/><V35/><F35/><W32/><G115/><T93/><D119/><U54/><E112/><V95/><F100/><W102/><G102/><T87/><D128/><U10/><E129/><V53/><F62/><W124/><G79/><T110/><D132/><U40/><E105/><V75/><F75/><W56/><G56/><T83/><D110/><U55/><E71/><N who="3" m="27146" /><G65/><T47/><D67/><U109/><E109/><V66/><F66/><W123/><G123/><T98/><D68/><U122/><E122/><V59/><F50/><W108/><G108/><T15/><D93/><U44/><E72/><V45/><F127/><W63/><G63/><T37/><D37/><N who="3" m="14441" /><G43/><T60/><D60/><U92/><E78/><V21/><F21/><W80/><G80/><N who="0" m="30795" /><D87/><U33/><E94/><V121/><F121/><W26/><AGARI ba="0,0" hai="4,6,26,31,32,124,125,126" m="14441,27146" machi="26" ten="40,2700,0" yaku="18,1,52,1" doraHai="24" who="3" fromWho="3" sc="250,-13,250,-7,250,-7,250,27" /><INIT seed="1,0,0,3,5,46" ten="237,243,243,277" oya="1" hai0="77,85,110,87,4,45,73,8,97,89,56,115,117" hai1="76,11,113,88,15,26,111,79,24,120,49,42,98" hai2="93,118,28,47,36,21,82,133,7,69,122,32,1" hai3="74,14,25,75,6,83,17,27,121,2,112,50,53"/><U106/><E113/><V103/><F118/><W109/><G112/><T80/><D110/><U108/><E120/><V131/><F69/><W126/><G121/><T92/><D117/><U95/><E106/><V132/><F32/><W51/><G109/><N who="1" m="42058" /><E79/><V78/><F21/><W40/><G126/><T127/><D127/><U39/><E39/><V90/><F28/><W130/><G130/><T22/><D115/><U67/><E76/><V116/><F103/><W19/><G2/><T63/><D22/><U123/><E67/><V58/><F122/><W65/><G65/><T18/><D18/><N who="3" m="6665" /><G83/><T72/><D73/><U61/><E61/><V31/><F116/><W30/><G75/><T99/><D72/><U62/><E62/><V38/><F78/><W71/><G71/><T100/><D100/><U134/><E134/><V43/><F38/><W119/><G74/><T101/><D101/><U102/><E102/><V41/><F36/><W9/><G30/><T60/><D60/><U105/><E105/><V96/><F31/><W52/><G40/><T64/><REACH who="0" step="1"/><D45/><REACH who="0" ten="227,243,243,277" step="2"/><N who="1" m="25783" /><E123/><V104/><F133/><W129/><G119/><T10/><D10/><U33/><E33/><V57/><F132/><W128/><G128/><T68/><D68/><U59/><E59/><V13/><F131/><W86/><G129/><T35/><D35/><U37/><E37/><V114/><F114/><W55/><G86/><T16/><D16/><AGARI ba="0,1" hai="11,15,16,24,26,88,95,98" m="25783,42058" machi="16" ten="30,12000,1" yaku="14,1,10,1,52,1,54,2" doraHai="46" who="1" fromWho="0" sc="227,-120,243,130,243,0,277,0" /><INIT seed="1,1,0,3,0,71" ten="107,373,243,277" oya="1" hai0="9,46,55,33,131,56,79,61,132,58,119,27,63" hai1="60,103,53,49,106,92,97,57,38,34,74,51,87" hai2="5,117,122,45,110,124,133,16,19,14,86,96,39" hai3="18,125,91,8,105,11,67,112,77,13,47,12,69"/><U20/><E74/><V98/><F117/><W95/><G112/><T54/><D131/><U70/><E34/><V108/><F122/><W28/><G105/><T29/><D132/><U59/><E38/><V7/><F86/><W72/><G125/><T81/><D119/><U24/><E70/><V41/><F133/><W100/><G28/><T118/><D118/><U36/><E36/><V111/><F124/><W32/><G32/><T134/><D134/><U52/><E87/><V37/><F37/><W0/><G0/><T48/><D9/><U40/><E40/><V129/><F129/><W115/><G47/><T88/><D88/><N who="1" m="55431" /><E106/><V43/><F43/><W65/><G100/><T26/><D26/><U4/><E4/><N who="2" m="1611" /><F19/><W64/><G115/><T114/><D114/><U66/><E103/><V116/><F116/><W101/><G101/><T73/><REACH who="0" step="1"/><D46/><REACH who="0" ten="97,373,243,277" step="2"/><N who="1" m="27703" /><E24/><V109/><N who="2" m="27648" /><DORA hai="6" /><V127/><F127/><W25/><G25/><T62/><AGARI ba="1,1" hai="27,29,33,48,54,55,56,58,61,62,63,73,79,81" machi="62" ten="20,5200,0" yaku="1,1,0,1,7,1,53,1" doraHai="71,6" doraHaiUra="21,82" who="0" fromWho="0" sc="97,65,373,-27,243,-14,277,-14" /><INIT seed="2,0,0,1,5,108" ten="162,346,229,263" oya="2" hai0="114,81,97,53,77,52,68,83,71,128,109,51,3" hai1="129,62,93,134,46,1,86,32,30,125,59,79,89" hai2="117,49,100,0,36,39,73,123,64,63,113,116,13" hai3="82,61,8,57,14,102,126,70,58,20,37,87,72"/><V130/><F0/><W66/><G126/><T85/><D109/><U115/><E1/><V84/><F73/><W124/><G124/><T105/><D128/><U67/><E125/><V94/><F123/><W25/><G37/><T131/><D131/><U135/><E129/><V38/><F130/><W119/><G102/><T95/><D3/><U60/><E115/><V31/><F113/><W35/><G35/><T78/><D114/><U88/><E79/><V2/><F2/><W107/><G107/><T111/><D105/><U42/><E89/><V90/><F31/><W56/><G72/><T24/><D111/><U55/><E32/><V7/><F100/><W118/><G118/><T26/><D68/><U106/><E30/><V96/><F49/><W15/><G119/><T127/><D71/><U5/><E5/><V4/><F4/><W47/><G47/><T50/><D127/><U17/><E17/><V103/><F63/><W99/><G99/><T92/><D85/><U12/><E12/><V75/><F64/><W10/><G15/><T104/><D104/><U110/><E106/><V132/><F75/><W29/><REACH who="3" step="1"/><G14/><REACH who="3" ten="162,346,229,253" step="2"/><T28/><D28/><U65/><E110/><V122/><F117/><W69/><G69/><T43/><D43/><U120/><E120/><V45/><F116/><W41/><G41/><T21/><D21/><U133/><E62/><V16/><F122/><W91/><AGARI ba="0,1" hai="8,10,20,25,29,56,57,58,61,66,70,82,87,91" machi="91" ten="30,2000,0" yaku="1,1,0,1,53,0" doraHai="108" doraHaiUra="34" who="3" fromWho="3" sc="162,-5,346,-5,229,-10,253,30" /><INIT seed="3,0,0,3,1,36" ten="157,341,219,283" oya="3" hai0="115,93,85,64,24,59,57,51,125,5,42,95,91" hai1="9,84,127,40,49,101,86,109,114,74,88,3,2" hai2="130,92,32,47,126,53,29,70,76,68,78,21,123" hai3="80,77,129,0,45,106,117,37,55,134,69,31,1"/><W18/><G117/><T128/><D125/><U102/><E114/><V71/><F32/><W62/><G134/><T17/><D128/><U132/><E74/><V41/><F53/><W116/><G18/><T39/><D115/><U34/><E34/><V14/><F126/><W35/><G116/><T46/><D5/><U133/><E127/><V113/><F113/><W26/><G55/><T60/><D39/><U90/><E109/><V65/><F65/><N who="3" m="41143" /><G106/><T111/><D111/><U56/><E9/><V122/><F92/><W73/><G129/><T89/><D17/><U97/><E97/><V83/><F130/><W108/><G108/><T58/><REACH who="0" step="1"/><D24/><REACH who="0" ten="147,341,219,283" step="2"/><U15/><E133/><V104/><F29/><W12/><G12/><T23/><D23/><U52/><E15/><V121/><F14/><W81/><G26/><T131/><D131/><U43/><E132/><V63/><F21/><W6/><G37/><T16/><D16/><U103/><E2/><V27/><F27/><W50/><G6/><T38/><D38/><U87/><E3/><V67/><F123/><W13/><G13/><T82/><D82/><N who="1" m="49175" /><E87/><AGARI ba="0,1" hai="42,46,51,57,58,59,60,64,85,87,89,91,93,95" machi="87" ten="30,8000,1" yaku="1,1,7,1,9,1,8,1,52,1,53,0" doraHai="36" doraHaiUra="19" who="0" fromWho="1" sc="147,90,341,-80,219,0,283,0" /><INIT seed="4,0,0,5,5,94" ten="237,261,219,283" oya="0" hai0="51,106,91,40,119,86,13,88,79,33,97,101,46" hai1="73,69,32,110,21,0,62,87,107,37,31,81,34" hai2="4,26,112,11,133,134,115,17,118,16,131,100,126" hai3="104,41,123,38,75,130,93,129,92,45,113,5,35"/><T6/><D119/><U48/><E37/><V18/><F100/><W135/><G113/><N who="2" m="43593" /><F118/><W42/><G104/><T43/><D33/><U29/><E73/><V108/><F108/><W65/><G35/><T80/><D40/><U109/><E0/><N who="2" m="391" /><F126/><W27/><G42/><T54/><D54/><U82/><E107/><V55/><F55/><W10/><G123/><T122/><D122/><U15/><E48/><V90/><F90/><W57/><G27/><T74/><D74/><U127/><E127/><V58/><F58/><W39/><G39/><T96/><D96/><U1/><E1/><V95/><F95/><W85/><G75/><T56/><D56/><U77/><E34/><V20/><F131/><W36/><G85/><T22/><D22/><U9/><E32/><V60/><F60/><N who="3" m="38031" /><G38/><T64/><D64/><U59/><E69/><V24/><F24/><W103/><G103/><T68/><D68/><U78/><E21/><V102/><F102/><W83/><G130/><T125/><D125/><U63/><E110/><V28/><AGARI ba="0,0" hai="16,17,18,20,26,28,133,134" m="391,43593" machi="28" ten="40,8000,1" yaku="15,1,34,2,54,1" doraHai="94" who="2" fromWho="2" sc="237,-40,261,-20,219,80,283,-20" /><INIT seed="5,0,0,5,4,62" ten="197,241,299,263" oya="1" hai0="25,13,2,11,43,53,16,130,101,93,19,126,95" hai1="75,39,45,8,27,119,92,9,60,104,105,18,67" hai2="98,44,23,83,47,0,89,106,48,74,87,99,42" hai3="30,50,122,56,61,70,65,109,116,22,78,14,29"/><U134/><E119/><V129/><F0/><W49/><G109/><T110/><D110/><U77/><E134/><V6/><F106/><W33/><G122/><T3/><D126/><U54/><E92/><V59/><F74/><W114/><G116/><T7/><D130/><U55/><E8/><V64/><F129/><W34/><G114/><T97/><D43/><U103/><E77/><V81/><F6/><W102/><G102/><T128/><D128/><U40/><E75/><V28/><F47/><W26/><G78/><T38/><D38/><U46/><E46/><V117/><F117/><W20/><G70/><T36/><D36/><U35/><E9/><V1/><F1/><W4/><G4/><T107/><D53/><U58/><E18/><V88/><F64/><W124/><G124/><T85/><D85/><U96/><REACH who="1" step="1"/><E104/><REACH who="1" ten="197,231,299,263" step="2"/><V123/><F123/><W41/><G30/><AGARI ba="0,1" hai="27,30,35,39,40,45,54,55,58,60,67,96,103,105" machi="30" ten="40,7700,0" yaku="1,1,2,1,52,1,53,0" doraHai="62" doraHaiUra="125" who="1" fromWho="3" sc="197,0,231,87,299,0,263,-77" owari="197,-20.3,318,41.8,299,9.9,186,-31.4" /></mjloggm>