<mjloggm ver="2.3"><GO type="225" lobby="0"/><UN n0="%E7%B4%94%E6%BD%94%E3%83%94%E3%83%A9%E3%83%8B%E3%82%A2" n1="%72%65%6E%6B%75%6E" n2="%E3%81%BF%E3%81%BF%E3%81%9A" n3="%E3%81%86%E3%81%A9%E3%82%93%E3%81%93" dan="16,17,16,16" rate="2176.99,2261.09,2101.01,2162.89" sx="M,M,M,M"/><TAIKYOKU oya="0"/><INIT seed="0,0,0,1,0,89" ten="250,250,250,250" oya="0" hai0="37,108,112,133,78,5,65,22,131,97,7,101,52" hai1="71,45,74,125,121,119,117,102,32,129,82,77,75" hai2="13,6,35,47,23,94,126,135,54,0,122,107,91" hai3="105,57,58,134,67,50,63,116,36,41,26,88,60"/><T55/><D112/><U19/><E19/><V95/><F122/><W83/><G83/><T39/><D133/><U103/><E45/><V59/><F107/><W100/><G100/><N who="1" m="38442" /><E32/><V98/><F35/><W18/><G18/><T124/><D124/><U85/><E71/><V128/><F128/><W76/><G76/><T106/><D78/><U113/><E121/><V48/><F0/><W104/><G104/><T86/><D131/><U114/><E129/><V127/><F135/><W87/><G87/><T40/><D86/><U11/><E11/><N who="2" m="4343" /><F23/><W111/><G111/><T84/><D84/><U1/><E1/><V31/><F31/><W115/><G115/><N who="1" m="44042" /><E125/><N who="2" m="47627" /><F95/><W33/><G116/><AGARI ba="0,0" hai="74,75,77,82,85,116,117,119" m="44042,38442" machi="116" ten="30,3900,0" yaku="11,1,34,2" doraHai="89" who="1" fromWho="3" sc="250,0,250,39,250,0,250,-39" /><INIT seed="1,0,0,4,3,40" ten="250,289,250,211" oya="1" hai0="24,109,21,7,18,59,79,28,50,73,93,47,57" hai1="108,36,3,9,81,69,80,103,66,38,34,64,12" hai2="84,35,120,43,67,129,42,71,104,52,5,32,114" hai3="95,22,20,131,135,107,27,83,111,82,125,8,132"/><U37/><E34/><V133/><F120/><W116/><G107/><T128/><D109/><U13/><E108/><V15/><F104/><W6/><G111/><T119/><D128/><U39/><N who="1" m="9216" /><DORA hai="112" /><U121/><E121/><V122/><F122/><W29/><G131/><T75/><D7/><U1/><E103/><V130/><F114/><W33/><G116/><T70/><D70/><U118/><E118/><V63/><F130/><W31/><G95/><T45/><D119/><U91/><E91/><V26/><F129/><W126/><G83/><N who="1" m="31818" /><E9/><V134/><F84/><W100/><G82/><T101/><D79/><U60/><E60/><V23/><F32/><W55/><G55/><N who="0" m="31991" /><D73/><U0/><E69/><V89/><F89/><W61/><G61/><T16/><D59/><U117/><E117/><V11/><F35/><W123/><G100/><T62/><D62/><U78/><E78/><V97/><F97/><W65/><G65/><AGARI ba="0,0" hai="0,1,3,12,13,64,65,66" m="31818,9216" machi="65" ten="70,6800,0" yaku="28,2" doraHai="40,112" who="1" fromWho="3" sc="250,0,289,68,250,0,211,-68" /><INIT seed="1,1,0,2,1,53" ten="250,357,250,143" oya="1" hai0="73,126,49,109,20,104,7,95,81,55,44,36,16" hai1="10,93,15,76,63,111,79,33,48,9,62,13,21" hai2="71,18,123,82,58,96,24,5,110,85,102,94,108" hai3="47,91,116,97,31,129,14,6,101,1,83,132,3"/><U127/><E33/><V92/><F71/><W84/><G116/><T98/><D104/><U115/><E115/><V26/><F123/><W112/><G112/><T124/><D109/><N who="2" m="42090" /><F5/><W70/><G129/><T99/><D36/><U19/><E111/><V74/><F18/><W114/><G114/><T35/><D35/><U131/><E131/><V41/><F41/><W135/><G70/><T11/><D81/><U42/><E127/><N who="0" m="48681" /><D73/><U25/><E93/><V67/><F94/><W80/><G31/><T90/><D11/><U107/><E107/><V27/><F74/><W32/><G32/><T75/><D75/><U133/><E133/><N who="3" m="51274" /><G80/><T125/><N who="0" m="48689" /><T37/><DORA hai="22" /><D37/><U105/><E105/><V28/><F28/><W8/><G47/><T2/><D2/><U87/><E76/><N who="2" m="46279" /><F24/><W23/><G23/><T65/><D7/><U34/><E21/><V72/><F72/><W68/><G68/><T46/><D99/><U51/><E79/><V57/><F57/><W17/><G6/><T122/><D122/><U121/><E34/><V88/><F102/><W56/><G56/><N who="0" m="32879" /><D65/><U130/><E130/><V134/><F134/><W0/><G0/><T29/><D29/><U50/><E121/><V106/><F106/><AGARI ba="1,0" hai="1,3,8,14,17,83,84,91,97,101,106" m="51274" machi="106" ten="30,1000,0" yaku="20,1" doraHai="53,22" who="3" fromWho="2" sc="250,0,357,0,250,-13,143,13" /><INIT seed="2,0,0,2,1,59" ten="250,357,237,156" oya="2" hai0="11,71,102,93,83,106,43,100,30,96,39,115,31" hai1="109,13,92,56,21,22,101,54,29,89,4,128,132" hai2="61,53,14,42,114,34,58,99,67,2,12,77,65" hai3="94,107,8,85,127,20,120,3,16,45,111,84,121"/><V18/><F114/><W69/><G107/><T97/><D115/><U73/><E73/><V7/><F34/><W51/><G111/><T60/><D39/><U52/><E109/><V78/><F2/><W47/><G127/><T122/><D43/><U124/><E124/><V103/><F42/><W41/><G69/><T15/><D83/><U75/><E75/><V27/><F27/><W105/><G105/><T135/><D135/><U90/><E132/><V117/><F117/><W55/><G3/><T110/><D110/><U112/><E112/><V66/><F7/><W126/><G8/><T36/><D36/><U62/><E54/><V113/><F113/><W80/><G94/><T40/><D40/><U24/><E128/><V108/><F108/><W46/><G126/><T0/><D0/><U10/><E22/><V88/><F103/><W68/><G68/><T25/><D25/><U91/><REACH who="1" step="1"/><E101/><REACH who="1" ten="250,347,237,156" step="2"/><V119/><F119/><W134/><G134/><T81/><D100/><U74/><E74/><V63/><F63/><W131/><G131/><T82/><D60/><U33/><E33/><V35/><F35/><W44/><G55/><T98/><D102/><U104/><E104/><V38/><F38/><W125/><G125/><T6/><D106/><U64/><E64/><V1/><F67/><W79/><REACH who="3" step="1"/><G85/><AGARI ba="0,1" hai="4,10,13,21,24,29,52,56,62,85,89,90,91,92" machi="85" ten="30,12000,2" yaku="1,1,7,1,8,1,52,1,54,1,53,1" doraHai="59" doraHaiUra="26" who="1" fromWho="3" sc="250,0,347,130,237,0,156,-120" /><INIT seed="3,0,0,0,1,20" ten="250,477,237,36" oya="3" hai0="46,97,88,19,74,109,23,78,25,135,93,67,103" hai1="50,83,92,117,100,65,89,134,73,4,3,128,61" hai2="76,58,86,60,63,51,96,10,5,37,124,87,115" hai3="42,52,2,101,27,21,126,127,121,80,35,57,116"/><W77/><G116/><T39/><D109/><U72/><E117/><V36/><F115/><W33/><G2/><T90/><D135/><U64/><E134/><V47/><F96/><W55/><G42/><T123/><D123/><U82/><E100/><V7/><F124/><N who="3" m="47659" /><G101/><T111/><D111/><U14/><E3/><V17/><F36/><W62/><G55/><T132/><D132/><U112/><E50/><V71/><F71/><W106/><G106/><T8/><D67/><U16/><E4/><N who="2" m="1611" /><F37/><W29/><G121/><T95/><D74/><AGARI ba="0,0" hai="21,27,29,33,35,52,57,62,74,77,80" m="47659" machi="74" ten="30,5800,0" yaku="18,1,52,1,54,1" doraHai="20" who="3" fromWho="0" sc="250,-58,477,0,237,0,36,58" /><INIT seed="3,1,0,4,1,126" ten="192,477,237,94" oya="3" hai0="8,76,0,50,19,53,42,33,62,99,96,78,69" hai1="25,32,125,116,27,31,74,120,132,75,79,119,18" hai2="107,114,109,46,90,3,123,2,103,34,1,130,49" hai3="61,121,85,77,39,89,65,55,112,86,93,106,128"/><W80/><G112/><T100/><D33/><U48/><E120/><V70/><F114/><W22/><G121/><T15/><D0/><U110/><E125/><V72/><F34/><W47/><G106/><T68/><D42/><U20/><E110/><V66/><F123/><W108/><G108/><T82/><D78/><U5/><E132/><V95/><F72/><W37/><G22/><T73/><D62/><U84/><E5/><V115/><F115/><W36/><G55/><T35/><D35/><U83/><E48/><V6/><F109/><W118/><G118/><AGARI ba="1,0" hai="18,20,25,27,31,32,74,75,79,83,84,116,118,119" machi="118" ten="40,1300,0" yaku="12,1" doraHai="126" who="1" fromWho="3" sc="192,0,477,16,237,0,94,-16" owari="192,-20.8,493,59.3,237,3.7,78,-42.2" /></mjloggm>