<mjloggm ver="2.3"><GO type="225" lobby="0"/><UN n0="%E3%81%AF%E3%82%88%E3%81%8A%E3%81%98%E3%81%95%E3%82%93" n1="%73%6C%69%63%6B%33%31%39" n2="%4C%4F%4C%49%54%41" n3="%E3%81%B7%E3%83%BC%E3%82%84%E3%82%93" dan="17,16,16,17" rate="2195.42,2162.02,2194.52,2176.99" sx="M,M,F,M"/><TAIKYOKU oya="0"/><INIT seed="0,0,0,0,3,93" ten="250,250,250,250" oya="0" hai0="122,114,43,15,104,47,10,4,84,58,135,100,63" hai1="18,131,109,51,3,17,20,6,85,78,5,83,61" hai2="95,117,67,36,119,40,21,48,16,46,113,88,8" hai3="87,27,89,134,108,124,22,64,99,30,55,105,9"/><T45/><D114/><U71/><E109/><V129/><F113/><W75/><G75/><T72/><D122/><U79/><E131/><V24/><F129/><W133/><G108/><T12/><D72/><U116/><E116/><N who="2" m="44619" /><F67/><W26/><G64/><T7/><D135/><N who="3" m="51721" /><G9/><N who="0" m="4135" /><D104/><U107/><E107/><V126/><F8/><W54/><G124/><T74/><D74/><U2/><E71/><V120/><F126/><W66/><G66/><N who="0" m="39287" /><D43/><U31/><E61/><V1/><F1/><W11/><G11/><T112/><D112/><U32/><E32/><V103/><F120/><W91/><G27/><T28/><D100/><U60/><E60/><V73/><F73/><W33/><G33/><T94/><D28/><U101/><E101/><V123/><F123/><W19/><G30/><T62/><D62/><U106/><E106/><V0/><F0/><W77/><G105/><T69/><D69/><U14/><E2/><V102/><F36/><W52/><G99/><AGARI ba="0,0" hai="16,21,24,40,46,48,88,95,99,102,103" m="44619" machi="99" ten="30,7700,0" yaku="12,1,52,1,54,2" doraHai="93" who="2" fromWho="3" sc="250,0,250,0,250,77,250,-77" /><INIT seed="1,0,0,4,2,92" ten="250,250,327,173" oya="1" hai0="80,135,104,129,130,127,19,117,48,78,23,106,74" hai1="128,67,66,98,9,133,18,60,90,3,119,69,31" hai2="95,89,86,77,40,82,87,131,38,121,45,72,79" hai3="5,64,10,101,84,35,28,109,53,111,85,120,44"/><U39/><E119/><V46/><F131/><N who="0" m="50186" /><D117/><U70/><E39/><V37/><F121/><W25/><G120/><T51/><D127/><U34/><E128/><V22/><F22/><W32/><G32/><T36/><D36/><U55/><E133/><V13/><F13/><W76/><G64/><T49/><D135/><U30/><E55/><V50/><F37/><W113/><G101/><T110/><D110/><N who="3" m="41993" /><G113/><T11/><D11/><U52/><E52/><V124/><F124/><W83/><G53/><T100/><D100/><U56/><E56/><V14/><F14/><AGARI ba="0,0" hai="14,19,23,48,49,51,74,78,80,104,106" m="50186" machi="14" ten="30,1000,0" yaku="19,1" doraHai="92" who="0" fromWho="2" sc="250,10,250,0,327,-10,173,0" /><INIT seed="2,0,0,0,4,73" ten="260,250,317,173" oya="2" hai0="56,42,106,39,94,124,132,66,46,41,47,116,67" hai1="85,52,114,43,40,108,20,88,65,9,104,112,24" hai2="98,62,83,69,17,110,97,95,101,34,70,14,113" hai3="32,27,29,76,45,61,91,35,128,12,19,54,121"/><V92/><F113/><W134/><G121/><T107/><D124/><U77/><E104/><V44/><F34/><W11/><G128/><T105/><D132/><U117/><E117/><V64/><F110/><W50/><G134/><T135/><D135/><U133/><E133/><V18/><F44/><W1/><G1/><T129/><D129/><U60/><E108/><V89/><F83/><W74/><G61/><T63/><D116/><U119/><E119/><V8/><REACH who="2" step="1"/><F17/><REACH who="2" ten="260,250,307,173" step="2"/><W115/><G115/><T93/><REACH who="0" step="1"/><D66/><REACH who="0" ten="250,250,307,173" step="2"/><U126/><E65/><V16/><F16/><W68/><G19/><T125/><D125/><U31/><E126/><V23/><F23/><W59/><G35/><T90/><D90/><U0/><E114/><V25/><F25/><W48/><G91/><T57/><D57/><AGARI ba="0,2" hai="8,14,18,57,62,64,69,70,89,92,95,97,98,101" machi="57" ten="30,2900,0" yaku="1,1,7,1,53,0" doraHai="73" doraHaiUra="131" who="2" fromWho="0" sc="250,-29,250,0,307,49,173,0" /><INIT seed="2,1,0,2,2,119" ten="221,250,356,173" oya="2" hai0="41,73,20,101,35,48,6,45,3,54,63,33,83" hai1="93,58,7,57,13,69,96,4,19,11,70,17,36" hai2="30,89,125,71,82,126,76,5,43,78,26,68,104" hai3="34,21,32,91,27,23,74,123,24,47,46,10,112"/><V1/><F104/><W122/><G91/><T108/><D108/><U60/><E36/><V86/><F43/><W18/><G74/><T29/><D101/><U124/><E124/><N who="2" m="47723" /><F5/><W118/><G46/><T133/><D133/><U114/><E114/><V85/><F1/><W87/><G47/><T16/><D29/><U39/><E39/><V111/><F111/><W66/><G87/><T107/><D107/><U105/><E105/><V81/><F89/><W121/><G66/><T88/><D6/><U42/><E42/><V109/><F109/><W95/><G95/><T106/><D3/><U94/><E69/><V62/><F62/><W56/><G56/><T40/><D106/><U116/><E70/><V130/><F130/><W90/><G90/><T50/><D63/><U115/><E115/><V110/><F110/><W92/><G92/><T100/><D100/><U65/><E116/><V55/><F55/><W98/><G98/><T80/><D73/><U75/><E75/><V99/><F99/><W9/><G112/><T117/><D117/><U102/><E94/><V44/><F44/><W131/><G118/><T12/><D41/><U37/><E37/><V67/><F67/><W77/><G77/><T72/><D72/><U52/><E4/><V59/><F59/><W15/><G131/><T22/><D50/><AGARI ba="1,0" hai="7,11,13,17,19,50,52,57,58,60,65,93,96,102" machi="50" ten="30,3900,0" yaku="7,1,8,1,54,1" doraHai="119" who="1" fromWho="0" sc="221,-42,250,42,356,0,173,0" /><INIT seed="3,0,0,1,3,63" ten="179,292,356,173" oya="3" hai0="68,131,72,116,67,86,39,43,28,128,42,22,125" hai1="47,107,7,21,100,87,49,15,54,18,92,105,19" hai2="81,17,12,90,115,10,32,20,124,40,93,134,76" hai3="60,97,64,95,77,103,0,35,122,98,111,33,36"/><W123/><G36/><T113/><D72/><U74/><E74/><V114/><F32/><W96/><G0/><T26/><D116/><U59/><E7/><V38/><F134/><W53/><G111/><T56/><D68/><U16/><E105/><V11/><F124/><W117/><G117/><T108/><D125/><U58/><E107/><V2/><F11/><W82/><G53/><T46/><D108/><U41/><E58/><V52/><F2/><W109/><G109/><T106/><D106/><U89/><E100/><V65/><F65/><W119/><G119/><T94/><D43/><U1/><E1/><V126/><F126/><W14/><G14/><T9/><D9/><U121/><E121/><V31/><F52/><W80/><G122/><T24/><D113/><U61/><AGARI ba="0,0" hai="15,16,18,19,21,41,47,49,54,59,61,87,89,92" machi="61" ten="20,5200,0" yaku="0,1,7,1,8,1,54,1" doraHai="63" who="1" fromWho="1" sc="179,-13,292,52,356,-13,173,-26" owari="166,-23.4,344,44.4,343,14.3,147,-35.3" /></mjloggm>