<mjloggm ver="2.3"><GO type="225" lobby="0"/><UN n0="%72%69%6F%75%63%68%61%6E" n1="%E3%81%A9%E3%82%8F%E3%82%93%E3%81%94" n2="%E3%81%B2%E3%81%AA%E3%81%AE%E3%82%8A%E3%81%8F" n3="%E8%B6%85%E7%B4%9A%E9%B3%B3%E5%87%B0" dan="17,16,17,16" rate="2192.84,2075.95,2174.26,2155.79" sx="M,M,M,M"/><TAIKYOKU oya="0"/><INIT seed="0,0,0,0,1,4" ten="250,250,250,250" oya="0" hai0="17,20,115,76,11,128,9,65,113,98,132,88,8" hai1="42,36,124,16,74,55,78,95,111,47,94,130,69" hai2="99,54,52,90,110,38,13,93,3,118,134,0,87" hai3="49,122,62,12,10,22,97,29,45,67,56,104,64"/><T102/><D128/><U32/><E69/><V15/><F110/><W44/><G122/><T59/><D132/><U121/><E32/><V107/><F134/><W114/><G114/><T79/><D88/><U123/><E111/><V92/><F38/><W119/><G119/><T131/><D131/><U50/><E130/><V1/><F107/><W135/><G135/><T2/><D2/><U53/><E74/><V31/><F31/><W105/><G67/><T83/><D65/><U75/><E75/><V72/><F72/><W77/><G77/><T27/><D59/><U5/><E78/><V43/><F43/><W70/><G70/><T133/><D133/><U101/><E5/><V26/><F26/><W51/><G105/><T120/><D120/><U108/><E108/><V126/><F126/><W86/><G86/><T6/><D6/><U89/><E124/><V33/><F33/><W34/><G34/><T96/><D96/><N who="1" m="59551" /><E36/><V40/><F40/><W73/><G73/><T125/><D125/><U25/><E123/><V7/><F118/><W80/><G80/><T24/><D24/><U58/><E58/><V66/><F66/><W109/><G109/><T63/><D63/><U41/><E41/><V127/><F127/><W39/><G39/><T81/><D76/><U23/><E121/><V103/><REACH who="2" step="1"/><F13/><REACH who="2" ten="250,250,240,250" step="2"/><W48/><G12/><T112/><REACH who="0" step="1"/><D79/><REACH who="0" ten="240,250,240,250" step="2"/><U100/><E25/><V84/><F84/><W21/><G64/><T82/><D82/><U28/><E28/><V106/><F106/><AGARI ba="0,2" hai="8,9,11,17,20,27,81,83,98,102,106,112,113,115" machi="106" ten="50,12000,1" yaku="1,1,52,3,53,0" doraHai="4" doraHaiUra="117" who="0" fromWho="2" sc="240,140,250,0,240,-120,250,0" /><INIT seed="0,1,0,1,0,111" ten="380,250,120,250" oya="0" hai0="45,24,85,104,131,32,1,11,67,8,59,84,90" hai1="43,73,91,6,102,99,7,95,132,128,52,100,15" hai2="107,36,78,44,10,75,21,116,29,134,28,120,117" hai3="56,23,64,124,14,68,37,48,57,108,70,72,30"/><T18/><D131/><U109/><E128/><V31/><F120/><W3/><G3/><T17/><D104/><U38/><E109/><V39/><F107/><W93/><G108/><T118/><D118/><N who="2" m="45674" /><F134/><W74/><G37/><N who="2" m="14409" /><F44/><W0/><G0/><T26/><D45/><U42/><E73/><V5/><F78/><W130/><G130/><T46/><D46/><U83/><E38/><V135/><F135/><W47/><G124/><T115/><D115/><U62/><E132/><V126/><F75/><W12/><G47/><T127/><D127/><U113/><E113/><V79/><F79/><W80/><G93/><T94/><D1/><U54/><E42/><V82/><F82/><W103/><G80/><T41/><D41/><U112/><E43/><V122/><F122/><W55/><G103/><N who="1" m="39466" /><E83/><V20/><F126/><W63/><G72/><T86/><D32/><U105/><E105/><V101/><F101/><W87/><G74/><T50/><D94/><U22/><E112/><V69/><F69/><W88/><G70/><T71/><D71/><U27/><E95/><V9/><F5/><W4/><G4/><T53/><D67/><U92/><E7/><V98/><F98/><W129/><G129/><T2/><D2/><U110/><E110/><V123/><F123/><W51/><G68/><T33/><D33/><U125/><E125/><V114/><F114/><W106/><G106/><T65/><D65/><U119/><E119/><V60/><F60/><W34/><G48/><T66/><D66/><U81/><E62/><V49/><F49/><W13/><G51/><T89/><D50/><RYUUKYOKU ba="1,0" sc="380,-10,250,-10,120,30,250,-10" hai2="9,10,20,21,28,29,31" /><INIT seed="1,2,0,5,5,109" ten="370,240,150,240" oya="1" hai0="17,43,70,119,81,112,110,134,23,61,55,10,100" hai1="71,75,76,4,89,64,73,0,49,53,103,13,95" hai2="48,133,108,94,77,62,97,72,59,46,41,93,83" hai3="15,69,33,92,19,45,86,60,102,37,7,106,128"/><U120/><E0/><V115/><F108/><W85/><G33/><T101/><D112/><U91/><E120/><V36/><F133/><W82/><G128/><T79/><D110/><U54/><E103/><V135/><F135/><W31/><G7/><T6/><D134/><U80/><E75/><V52/><F115/><W114/><G31/><T107/><D119/><U3/><E3/><V122/><F122/><W26/><G26/><T67/><D107/><U14/><E91/><V58/><REACH who="2" step="1"/><F97/><REACH who="2" ten="370,240,140,240" step="2"/><W8/><G114/><T87/><D43/><U88/><E54/><AGARI ba="2,1" hai="36,41,46,48,52,54,58,59,62,72,77,83,93,94" machi="54" ten="30,7700,0" yaku="1,1,2,1,7,1,54,1,53,0" doraHai="109" doraHaiUra="96" who="2" fromWho="1" sc="370,0,240,-83,140,93,240,0" /><INIT seed="2,0,0,4,0,43" ten="370,157,233,240" oya="2" hai0="36,53,119,56,9,16,128,93,50,115,38,10,103" hai1="48,134,46,62,99,84,97,121,44,123,109,75,6" hai2="89,104,67,73,108,49,116,106,118,51,35,63,31" hai3="98,105,111,11,42,78,34,32,114,94,87,113,81"/><V66/><F73/><W122/><G122/><N who="1" m="46602" /><E75/><V92/><F35/><W58/><G111/><T126/><D115/><N who="3" m="44041" /><G105/><T17/><D126/><U125/><E6/><V4/><F4/><W74/><G74/><T64/><D128/><U18/><E109/><V19/><F31/><W68/><G68/><T21/><D119/><U100/><E125/><V88/><F108/><W3/><G58/><T101/><D64/><U26/><E62/><V72/><F72/><W33/><G42/><T30/><D36/><U91/><E48/><V55/><F63/><W59/><G59/><T112/><D38/><U14/><E26/><V127/><F127/><W82/><G82/><T79/><D79/><U124/><E124/><V86/><F19/><N who="0" m="7242" /><D112/><U57/><E57/><V0/><F92/><W132/><G132/><T131/><D131/><U40/><E40/><V129/><F129/><W41/><G41/><T70/><D70/><U117/><E117/><V120/><F55/><W133/><G133/><T71/><D71/><U7/><E7/><V135/><F120/><W65/><G65/><T5/><D5/><U83/><E134/><V24/><F135/><W110/><G110/><T27/><D93/><N who="1" m="58479" /><E97/><V25/><F86/><W28/><G3/><AGARI ba="0,0" hai="0,3,24,25,49,51,66,67,88,89,104,106,116,118" machi="3" ten="25,4800,0" yaku="22,2,54,1" doraHai="43" who="2" fromWho="3" sc="370,0,157,0,233,48,240,-48" /><INIT seed="2,1,0,1,2,31" ten="370,157,281,192" oya="2" hai0="62,24,0,118,99,66,127,84,94,34,11,116,63" hai1="5,115,111,90,65,76,40,110,41,15,98,134,102" hai2="35,55,1,21,27,37,96,18,8,51,43,75,61" hai3="19,120,86,83,9,48,26,109,36,123,42,114,38"/><V45/><F75/><W67/><G67/><T107/><D127/><U125/><E115/><V131/><F131/><W53/><G114/><T30/><D84/><U100/><E65/><V56/><F96/><W80/><G109/><T105/><D62/><U124/><E5/><V3/><F35/><W104/><G104/><T50/><D50/><U92/><E15/><V32/><F32/><W14/><G26/><T117/><D11/><U81/><E41/><V74/><F74/><W77/><G42/><T4/><D4/><U10/><E10/><V47/><REACH who="2" step="1"/><F8/><REACH who="2" ten="370,157,271,192" step="2"/><W132/><G9/><T17/><D17/><U52/><E134/><V64/><AGARI ba="1,1" hai="1,3,18,21,27,37,43,45,47,51,55,56,61,64" machi="64" ten="20,7800,0" yaku="1,1,2,1,0,1,7,1,53,0" doraHai="31" doraHaiUra="85" who="2" fromWho="2" sc="370,-27,157,-27,271,91,192,-27" /><INIT seed="2,2,0,1,4,84" ten="343,130,362,165" oya="2" hai0="7,37,31,125,42,115,28,51,71,111,25,12,44" hai1="3,85,124,92,69,75,135,18,32,64,108,91,27" hai2="101,47,112,123,129,16,20,77,46,24,70,88,62" hai3="54,89,117,33,4,118,15,133,130,9,61,128,79"/><V52/><F112/><W105/><G105/><T56/><D111/><U50/><E3/><V2/><F2/><W110/><G33/><T10/><D125/><U83/><E108/><V86/><F123/><W41/><G110/><T114/><D71/><U121/><E124/><V126/><F126/><W60/><G133/><T43/><D28/><U99/><E121/><V94/><F129/><N who="3" m="49771" /><G79/><T93/><D93/><U76/><E135/><V119/><F119/><N who="3" m="45579" /><G41/><T0/><D0/><U66/><E69/><V6/><F6/><W104/><G104/><T35/><D56/><U36/><E36/><V81/><F101/><W58/><G60/><T96/><REACH who="0" step="1"/><D96/><REACH who="0" ten="333,130,362,165" step="2"/><U72/><E32/><V109/><F109/><W5/><G5/><T49/><D49/><U8/><E50/><V107/><F107/><W134/><G134/><T67/><D67/><U45/><E66/><V127/><F127/><W1/><G1/><T73/><D73/><U59/><E75/><V90/><F70/><W116/><G116/><T120/><D120/><U26/><E72/><V80/><F81/><W14/><G14/><T29/><D29/><U68/><E68/><V122/><F122/><W22/><G4/><T21/><D21/><U40/><E64/><V13/><F13/><W132/><G132/><T103/><D103/><U39/><E59/><N who="2" m="35175" /><F77/><W55/><G22/><T131/><D131/><U102/><E102/><V17/><F17/><W113/><G15/><T98/><D98/><AGARI ba="2,1" hai="16,20,24,46,47,80,86,88,90,94,98" m="35175" machi="98" ten="30,18000,2" yaku="25,1,8,1,52,2,54,3" doraHai="84" who="2" fromWho="0" sc="333,-186,130,0,362,196,165,0" /><INIT seed="2,3,0,3,1,75" ten="147,130,558,165" oya="2" hai0="57,134,41,70,3,46,72,78,26,117,2,73,96" hai1="22,109,17,82,80,104,27,124,42,49,45,50,101" hai2="116,91,76,63,112,30,55,113,56,125,25,12,128" hai3="21,126,86,44,7,59,98,9,52,67,77,121,36"/><V122/><F116/><W1/><G121/><T133/><D70/><U37/><E109/><V65/><F122/><W48/><G126/><T81/><D117/><U79/><E124/><V11/><F128/><W32/><G32/><T92/><D72/><U99/><REACH who="1" step="1"/><E82/><REACH who="1" ten="147,120,558,165" step="2"/><V40/><F125/><W88/><G1/><T38/><D26/><U15/><E15/><V74/><F12/><W106/><G36/><T120/><D120/><U119/><E119/><V123/><F25/><W18/><G106/><T6/><D57/><U68/><E68/><V31/><F56/><W115/><G59/><T5/><D2/><U61/><E61/><V54/><F63/><W127/><G127/><T29/><D29/><U39/><E39/><V129/><F31/><W118/><G118/><T69/><D69/><U95/><E95/><V16/><F30/><W90/><G48/><T33/><D33/><U130/><E130/><V114/><F129/><W28/><G28/><T135/><REACH who="0" step="1"/><D3/><REACH who="0" ten="137,120,558,165" step="2"/><U34/><E34/><V4/><F123/><W87/><G115/><T102/><AGARI ba="3,2" hai="5,6,38,41,46,73,78,81,92,96,102,133,134,135" machi="102" ten="30,8000,1" yaku="1,1,2,1,0,1,20,1,52,1,53,0" doraHai="75" doraHaiUra="132" who="0" fromWho="0" sc="137,109,120,-23,558,-43,165,-23" /><INIT seed="3,0,0,3,5,38" ten="246,97,515,142" oya="3" hai0="13,51,41,31,33,119,80,15,91,114,2,102,89" hai1="45,65,74,85,134,108,1,95,60,75,125,93,131" hai2="107,54,112,113,17,24,106,66,67,64,68,20,19" hai3="130,32,127,83,87,101,81,35,5,25,52,78,100"/><W128/><G127/><T21/><D119/><U23/><E1/><V96/><F68/><W59/><G5/><T110/><D2/><U55/><E125/><V8/><F54/><W4/><G4/><T56/><D110/><U121/><E108/><V118/><F118/><W53/><G25/><N who="0" m="16815" /><D33/><N who="3" m="12873" /><G81/><T129/><D129/><N who="3" m="49769" /><G53/><T116/><D116/><U126/><E121/><V132/><F24/><W50/><AGARI ba="0,0" hai="50,52,59,78,83,87,100,101" m="49769,12873" machi="50" ten="30,3000,0" yaku="19,1,54,1" doraHai="38" who="3" fromWho="3" sc="246,-10,97,-10,515,-10,142,30" /><INIT seed="3,1,0,5,1,134" ten="236,87,505,172" oya="3" hai0="31,9,128,65,135,15,117,1,106,50,52,83,84" hai1="71,13,122,91,22,121,34,29,124,67,51,125,69" hai2="44,5,10,115,77,26,97,2,21,6,82,90,25" hai3="11,46,4,99,18,76,40,93,58,81,95,111,38"/><W63/><G111/><T85/><D117/><U73/><E73/><V47/><F6/><W48/><G18/><T88/><D106/><U132/><E132/><V45/><F26/><W3/><G48/><T8/><D135/><U109/><E109/><V78/><F78/><W87/><REACH who="3" step="1"/><G99/><REACH who="3" ten="236,87,505,162" step="2"/><T35/><D31/><U103/><E51/><V36/><F97/><W96/><G96/><T80/><D50/><U68/><E103/><V98/><F98/><W55/><AGARI ba="1,1" hai="3,4,11,38,40,46,55,58,63,76,81,87,93,95" machi="55" ten="20,7800,0" yaku="1,1,0,1,7,1,53,1" doraHai="134" doraHaiUra="7" who="3" fromWho="3" sc="236,-27,87,-27,505,-27,162,91" /><INIT seed="3,2,0,3,5,64" ten="209,60,478,253" oya="3" hai0="103,105,0,107,46,33,24,95,85,44,130,126,102" hai1="113,119,122,93,117,92,43,81,10,111,71,76,13" hai2="47,69,65,11,112,45,23,77,5,25,98,26,97" hai3="40,83,101,55,109,41,36,134,38,125,73,30,1"/><W56/><G1/><T74/><D0/><U131/><E43/><V129/><F77/><W82/><G125/><T132/><D33/><U58/><E58/><V8/><F65/><W51/><G134/><T52/><D74/><U32/><E32/><V2/><F69/><W89/><G109/><T115/><D107/><U133/><E13/><V68/><F68/><W118/><G118/><T67/><D105/><U94/><E10/><V78/><F78/><W50/><G101/><T39/><D39/><U12/><E12/><V135/><F23/><W34/><G73/><T99/><D126/><U75/><E71/><V90/><F90/><W57/><G89/><T6/><D6/><U121/><E113/><V123/><F2/><W124/><G124/><T88/><D132/><U84/><E133/><V28/><F112/><W127/><G127/><T7/><D130/><U31/><E31/><V106/><F106/><W22/><G22/><T100/><D115/><U59/><E59/><V114/><F129/><W19/><G34/><T72/><D72/><U27/><E27/><V120/><F114/><W15/><G15/><T37/><D67/><U9/><E9/><V70/><F135/><W29/><G55/><T86/><D7/><U63/><E63/><V35/><F35/><W20/><G20/><T49/><D24/><U53/><E53/><V48/><F120/><N who="1" m="46185" /><E131/><V17/><F123/><W96/><G96/><T14/><REACH who="0" step="1"/><D14/><REACH who="0" ten="199,60,478,253" step="2"/><U61/><E111/><V54/><F97/><W128/><G128/><T80/><D80/><N who="1" m="45087" /><E61/><V4/><F98/><W91/><G38/><T79/><D79/><RYUUKYOKU ba="2,1" sc="199,15,60,15,478,-15,253,-15" hai0="37,44,46,49,52,85,86,88,95,99,100,102,103" hai1="81,84,92,93,94,117,119" owari="214,-18.6,75,-42.5,473,57.3,238,3.8" /></mjloggm>