<mjloggm ver="2.3"><GO type="225" lobby="0"/><UN n0="%6D%75%75%73%61%6E%6D%75" n1="%E3%81%BD%E3%81%A1%E3%81%9F%E3%81%93%E3%82%84" n2="%E3%82%8C%E3%81%99%E3%81%93" n3="%E3%82%BC%E3%83%AB%E3%83%80%E3%81%AE%E4%BC%9D%E8%AA%AC" dan="16,17,17,17" rate="2077.55,2207.82,2196.42,2172.51" sx="F,M,F,M"/><TAIKYOKU oya="0"/><INIT seed="0,0,0,2,2,125" ten="250,250,250,250" oya="0" hai0="3,72,83,103,4,73,25,13,80,97,122,9,69" hai1="58,119,96,109,118,45,76,21,12,70,37,57,14" hai2="120,77,39,34,44,42,64,1,0,94,100,71,27" hai3="63,29,74,55,130,79,17,102,68,62,128,111,127"/><T112/><D112/><U132/><E70/><V23/><F120/><W85/><G127/><T59/><D122/><U110/><E132/><V19/><F71/><W133/><G133/><T41/><D69/><U43/><E76/><V87/><F64/><W20/><G111/><N who="1" m="42506" /><E96/><V51/><F100/><W84/><G29/><T5/><D41/><U81/><E81/><V135/><F135/><W78/><G102/><T107/><D72/><U134/><E134/><V40/><F40/><W7/><G7/><T61/><D73/><U48/><E21/><V47/><F34/><W105/><G105/><T67/><REACH who="0" step="1"/><D25/><REACH who="0" ten="240,250,250,250" step="2"/><U101/><E118/><V6/><F42/><W123/><G123/><T36/><D36/><U50/><E119/><V75/><F39/><W114/><G114/><T35/><D35/><U30/><E37/><V116/><F75/><W49/><G74/><T66/><D66/><U60/><E43/><V88/><F116/><W91/><G68/><T2/><D2/><U104/><E12/><V11/><F0/><W22/><G55/><T52/><D52/><U28/><E14/><V124/><F124/><W115/><G115/><T121/><D121/><U99/><E104/><V113/><F113/><W117/><G117/><T53/><D53/><U65/><E65/><V56/><F1/><W93/><G49/><T24/><D24/><U82/><E50/><V126/><F126/><W46/><G62/><T54/><D54/><U90/><E60/><V33/><F33/><W131/><G63/><T92/><D92/><U10/><E48/><V95/><F27/><W106/><G106/><RYUUKYOKU ba="0,1" sc="240,30,250,-10,250,-10,250,-10" hai0="3,4,5,9,13,59,61,67,80,83,97,103,107" /><INIT seed="0,1,1,0,4,118" ten="270,240,240,240" oya="0" hai0="115,17,108,48,87,27,43,102,37,133,11,110,86" hai1="36,72,71,120,33,44,61,15,67,62,42,52,38" hai2="39,20,70,13,79,135,101,49,35,81,107,3,29" hai3="100,28,83,90,32,25,58,106,21,47,31,2,103"/><T109/><D115/><U125/><E72/><V22/><F39/><W45/><G2/><T8/><D37/><N who="1" m="21583" /><E15/><V134/><F3/><W5/><G5/><T74/><D74/><U30/><E30/><V14/><F70/><W69/><G69/><T85/><D133/><N who="2" m="50698" /><F35/><W105/><G32/><T111/><N who="0" m="27648" /><DORA hai="114" /><T94/><D43/><U26/><E26/><N who="2" m="16583" /><F22/><W4/><G4/><T56/><D27/><U124/><E33/><V129/><F129/><W34/><G21/><T23/><D23/><U99/><E99/><N who="2" m="61887" /><F49/><W18/><G25/><T126/><D126/><N who="1" m="48747" /><E120/><V51/><F51/><W112/><G112/><T75/><D75/><AGARI ba="1,1" hai="13,14,75,79,81" m="61887,16583,50698" machi="75" ten="30,1000,0" yaku="20,1" doraHai="118,114" who="2" fromWho="0" sc="270,-13,240,0,240,23,240,0" /><INIT seed="1,0,0,3,1,123" ten="257,240,263,240" oya="1" hai0="72,56,85,105,109,4,81,45,86,67,133,75,65" hai1="31,8,53,129,62,17,89,38,34,92,91,97,128" hai2="127,39,95,78,93,24,74,70,20,9,121,11,7" hai3="27,48,16,104,83,111,66,19,51,32,29,0,50"/><U22/><E38/><V3/><F121/><W40/><G0/><T71/><D71/><U94/><E8/><V2/><F70/><W23/><G104/><T44/><D105/><U14/><E34/><V36/><F127/><W114/><G114/><T88/><D133/><U79/><E79/><V126/><F126/><W87/><G111/><T42/><D109/><U119/><E31/><V69/><F69/><W122/><G122/><T46/><D42/><U18/><E18/><V57/><F57/><W1/><G1/><T6/><D85/><U107/><E107/><V134/><F134/><W49/><G66/><T25/><D25/><U115/><E119/><V99/><F78/><N who="3" m="46583" /><G32/><T28/><D28/><U82/><E82/><V135/><F74/><W113/><G113/><T55/><D72/><U108/><E115/><V37/><F135/><W84/><G84/><T130/><D130/><N who="1" m="50283" /><E53/><V12/><F99/><W112/><G112/><T54/><D75/><U61/><E108/><V30/><REACH who="2" step="1"/><F3/><REACH who="2" ten="257,240,253,240" step="2"/><W35/><G35/><T101/><D56/><U47/><E47/><AGARI ba="0,1" hai="16,19,23,27,29,40,47,48,49,50,51" m="46583" machi="47" ten="30,2000,0" yaku="8,1,54,1" doraHai="123" who="3" fromWho="1" sc="257,0,240,-20,253,0,240,30" /><INIT seed="2,0,0,4,3,16" ten="257,220,253,270" oya="2" hai0="122,125,127,109,121,13,67,82,69,11,0,97,50" hai1="85,112,44,19,42,73,17,7,21,100,132,52,77" hai2="15,116,35,66,90,32,12,124,129,18,54,22,130" hai3="98,40,59,25,81,28,45,95,79,133,1,47,83"/><V3/><F116/><W31/><G133/><T56/><D69/><U71/><E73/><V107/><F3/><W110/><G110/><T80/><D0/><U102/><E112/><V96/><F124/><N who="0" m="47690" /><D97/><U70/><E132/><V89/><F66/><W37/><G1/><T88/><D109/><U120/><E7/><V78/><F78/><W6/><G6/><T106/><D106/><U26/><E120/><V91/><F54/><W118/><G118/><T84/><D82/><N who="1" m="47311" /><E71/><V117/><F117/><W68/><G68/><T111/><D111/><U38/><E70/><V9/><F107/><W128/><G128/><N who="2" m="49257" /><F96/><W74/><G81/><T36/><D36/><U33/><E33/><N who="2" m="12875" /><F15/><W113/><G113/><T27/><D67/><U60/><E42/><V48/><F48/><W5/><G40/><T62/><D50/><N who="1" m="28743" /><E38/><V94/><F94/><W20/><G37/><T2/><D2/><U41/><E41/><V92/><F92/><W123/><G95/><T63/><D121/><U8/><E60/><V104/><F104/><W108/><G123/><T39/><D122/><U76/><E76/><V72/><F72/><W86/><G74/><T87/><D39/><U58/><E58/><V135/><F135/><W43/><G108/><T14/><D63/><U30/><E8/><AGARI ba="0,0" hai="8,9,12,18,22,89,90,91" m="12875,49257" machi="8" ten="40,3900,0" yaku="19,1,52,1" doraHai="16" who="2" fromWho="1" sc="257,0,220,-39,253,39,270,0" /><INIT seed="2,1,0,1,5,48" ten="257,181,292,270" oya="2" hai0="102,98,27,15,76,6,3,116,69,43,65,39,40" hai1="49,90,114,11,124,70,46,119,131,17,41,33,1" hai2="103,67,112,74,32,91,59,129,30,19,25,42,64" hai3="60,63,126,2,34,123,109,108,9,125,94,38,18"/><V88/><F112/><W110/><G123/><T21/><D3/><U61/><E114/><V57/><F74/><W44/><G34/><T86/><D116/><U113/><E113/><V22/><F129/><W28/><G28/><T50/><D39/><U53/><E119/><V47/><F103/><W133/><G133/><T58/><D69/><U26/><E131/><V93/><F64/><W132/><G132/><T106/><D76/><U5/><E124/><N who="3" m="47722" /><G94/><T85/><D6/><U62/><E70/><V99/><F91/><W23/><G9/><T121/><D15/><U128/><E128/><V77/><F67/><W10/><G10/><T37/><D37/><U36/><E90/><V31/><F77/><W78/><G2/><T12/><D12/><U97/><E97/><V83/><F83/><W73/><G73/><T118/><D118/><U101/><E101/><V24/><REACH who="2" step="1"/><F31/><REACH who="2" ten="257,181,282,270" step="2"/><W80/><G80/><T45/><D121/><U4/><E4/><V135/><F135/><W66/><G66/><T13/><D65/><U72/><E72/><V104/><F104/><W55/><G78/><T51/><D106/><U84/><E84/><V54/><F54/><W75/><G75/><T111/><D85/><U134/><E134/><V115/><F115/><W56/><G108/><T14/><D86/><U92/><E92/><V87/><F87/><W16/><G109/><T52/><D111/><U68/><E68/><V107/><F107/><W81/><G81/><T8/><D102/><U130/><E130/><V0/><F0/><W100/><G100/><T95/><D95/><U29/><E17/><RYUUKYOKU ba="1,1" sc="257,-15,181,15,282,15,270,-15" hai1="1,5,11,26,29,33,36,41,46,49,53,61,62" hai2="19,22,24,25,30,32,42,47,57,59,88,93,99" /><INIT seed="2,2,1,3,2,120" ten="242,196,297,255" oya="2" hai0="37,15,14,5,62,112,25,95,92,47,40,134,115" hai1="41,104,33,7,55,10,18,110,45,6,26,111,118" hai2="125,36,79,71,66,135,2,99,103,52,11,78,1" hai3="59,132,46,34,91,28,63,106,131,86,44,126,19"/><V53/><F36/><W64/><G106/><T94/><D134/><U31/><E118/><V85/><F135/><W57/><G132/><T74/><D74/><U24/><E104/><V68/><F125/><W60/><G126/><T32/><D62/><U20/><E55/><V4/><F2/><W67/><G131/><T130/><D130/><U16/><E18/><V13/><F1/><W17/><G28/><T72/><D72/><U100/><E100/><V81/><F79/><W56/><G56/><T124/><D124/><U90/><E90/><V75/><F75/><W39/><G34/><T8/><REACH who="0" step="1"/><D15/><REACH who="0" ten="232,196,297,255" step="2"/><U73/><E73/><V133/><F133/><W42/><REACH who="3" step="1"/><G46/><REACH who="3" ten="232,196,297,245" step="2"/><T35/><D35/><U21/><E33/><V77/><F71/><W97/><G97/><T121/><D121/><U105/><E105/><V89/><F68/><W107/><G107/><T50/><D50/><U3/><REACH who="1" step="1"/><E6/><REACH who="1" ten="232,186,297,245" step="2"/><V58/><F4/><W109/><G109/><T30/><AGARI ba="2,4" hai="5,8,14,25,30,32,37,40,47,92,94,95,112,115" machi="30" ten="30,2000,0" yaku="1,1,0,1,53,0" doraHai="120" doraHaiUra="113" who="0" fromWho="0" sc="232,66,186,-7,297,-12,245,-7" /><INIT seed="3,0,0,4,2,40" ten="298,179,285,238" oya="3" hai0="97,66,77,117,73,114,119,19,126,84,99,111,60" hai1="71,124,86,94,29,34,105,82,70,48,65,125,23" hai2="16,102,3,50,87,107,116,9,120,101,33,55,41" hai3="110,51,80,35,31,54,113,127,0,12,7,30,90"/><W1/><G113/><T22/><D73/><U44/><E105/><V64/><F116/><W89/><G127/><N who="1" m="48714" /><E34/><V5/><F107/><W8/><G110/><T36/><D126/><U81/><E94/><V45/><F33/><W11/><G35/><T88/><D36/><U72/><E72/><V38/><F64/><W132/><G132/><T98/><D111/><U76/><E65/><V20/><F87/><W121/><G121/><T108/><D108/><U2/><E2/><V129/><F120/><W28/><G80/><T26/><D77/><U53/><E82/><V85/><F85/><W62/><G62/><T83/><REACH who="0" step="1"/><D114/><REACH who="0" ten="288,179,285,238" step="2"/><U122/><E122/><V46/><F129/><W93/><G93/><T59/><AGARI ba="0,1" hai="19,22,26,59,60,66,83,84,88,97,98,99,117,119" machi="59" ten="30,7900,0" yaku="1,1,2,1,0,1,54,1,53,0" doraHai="40" doraHaiUra="128" who="0" fromWho="0" sc="288,89,179,-20,285,-20,238,-39" owari="377,47.7,159,-34.1,265,6.5,199,-20.1" /></mjloggm>