<mjloggm ver="2.3"><GO type="225" lobby="0"/><UN n0="%E5%B8%86%E7%AB%8B%E5%A4%8F%E8%A1%A3" n1="%E3%81%AA%E3%81%A1%30%39%32%37" n2="%38%63%E3%81%AF%E3%81%A3%E3%81%97%E3%83%BC" n3="%72%69%6F%75%63%68%61%6E" dan="16,16,16,16" rate="2085.88,2067.64,2115.91,2218.50" sx="M,M,M,M"/><TAIKYOKU oya="0"/><INIT seed="0,0,0,2,5,96" ten="250,250,250,250" oya="0" hai0="89,67,20,30,31,46,86,37,115,79,11,3,5" hai1="59,123,4,44,68,17,58,26,22,104,15,63,56" hai2="103,97,81,99,64,120,119,101,24,8,13,40,107" hai3="14,39,124,69,57,114,134,109,88,95,126,10,91"/><T113/><D67/><U74/><E123/><V6/><F120/><W9/><G109/><T108/><D108/><U2/><E74/><V51/><F119/><W85/><G134/><T71/><D71/><U90/><E104/><V110/><F110/><W82/><G114/><T38/><D38/><U105/><E105/><V29/><F64/><W16/><G69/><T50/><D37/><U128/><E128/><V118/><F118/><W129/><G129/><T45/><D45/><U76/><E76/><V12/><F81/><W112/><G39/><T131/><D79/><U19/><E2/><V117/><F117/><W83/><G112/><T7/><D7/><U25/><E68/><V78/><F78/><W43/><G43/><T47/><D47/><U62/><E90/><V55/><F40/><W41/><G41/><T94/><D131/><U18/><E44/><V32/><F13/><W35/><G35/><T36/><D36/><U122/><E122/><V130/><F130/><W127/><G57/><T61/><D61/><N who="1" m="23051" /><E22/><V54/><REACH who="2" step="1"/><F51/><REACH who="2" ten="250,250,240,250" step="2"/><W75/><G75/><T53/><D115/><U33/><E33/><V28/><F28/><W34/><G34/><T77/><D113/><U52/><E52/><V87/><F87/><N who="3" m="52639" /><G82/><T0/><D0/><U111/><E111/><V66/><F66/><W70/><G70/><T73/><D77/><U72/><E72/><V93/><AGARI ba="0,1" hai="6,8,12,24,29,32,54,55,93,97,99,101,103,107" machi="93" ten="20,8000,1" yaku="1,1,0,1,7,1,52,2,53,0" doraHai="96" doraHaiUra="42" who="2" fromWho="2" sc="250,-40,250,-20,240,90,250,-20" /><INIT seed="1,0,0,1,1,9" ten="210,230,330,230" oya="1" hai0="134,77,128,118,87,32,116,48,56,86,93,75,66" hai1="64,79,71,58,110,70,84,15,76,102,98,82,37" hai2="97,120,115,62,103,119,106,69,21,20,26,117,12" hai3="22,1,51,74,133,126,30,88,129,83,111,45,109"/><U42/><E79/><V135/><F120/><W113/><G129/><T90/><D32/><U41/><E110/><N who="3" m="41994" /><G126/><T59/><D128/><U36/><E36/><V17/><F135/><W63/><G133/><T124/><D134/><U23/><E58/><V127/><F127/><W19/><G1/><T78/><D124/><U101/><E101/><V5/><F115/><W91/><G30/><T3/><D3/><U94/><E64/><V53/><F5/><W123/><G123/><T0/><D0/><U10/><E23/><V33/><F33/><W114/><G63/><T55/><D75/><U105/><E105/><V25/><F25/><N who="3" m="14559" /><G74/><T16/><D118/><U11/><E11/><V131/><F131/><W107/><G107/><T24/><D116/><U130/><E130/><V35/><F35/><W92/><G83/><N who="0" m="47471" /><D78/><U52/><E41/><V81/><F81/><W122/><G122/><T46/><D66/><U47/><REACH who="1" step="1"/><E52/><REACH who="1" ten="210,220,330,230" step="2"/><V4/><F53/><N who="3" m="29935" /><G91/><T7/><D7/><AGARI ba="0,1" hai="7,10,15,37,42,47,70,71,76,82,84,94,98,102" machi="7" ten="30,5800,0" yaku="1,1,7,1,52,1,53,0" doraHai="9" doraHaiUra="14" who="1" fromWho="0" sc="210,-58,220,68,330,0,230,0" /><INIT seed="1,1,0,4,1,24" ten="152,288,330,230" oya="1" hai0="101,133,29,90,94,71,40,48,32,103,22,12,1" hai1="99,59,82,61,74,18,47,38,92,7,105,111,49" hai2="62,128,79,124,41,26,86,35,51,70,27,8,117" hai3="73,69,3,83,5,97,43,15,67,85,30,33,108"/><U14/><E111/><V118/><F128/><W4/><G108/><T54/><D133/><U89/><E38/><V106/><F106/><W135/><G135/><T45/><D71/><U125/><E125/><V131/><F131/><W81/><G3/><T123/><D1/><U65/><E7/><V132/><F124/><W28/><G33/><T52/><D123/><U77/><E105/><V93/><F62/><W96/><G43/><T113/><D32/><U42/><E14/><V110/><F70/><W21/><G73/><T115/><D115/><U10/><REACH who="1" step="1"/><E18/><REACH who="1" ten="152,278,330,230" step="2"/><V116/><F110/><W104/><G104/><T13/><D13/><U25/><E25/><V2/><F27/><W107/><G107/><T46/><D113/><U44/><E44/><V102/><F132/><W88/><G4/><T0/><D0/><U53/><E53/><N who="0" m="20585" /><D46/><U100/><E100/><N who="0" m="38473" /><D12/><U122/><E122/><V76/><F2/><W58/><G5/><T9/><D9/><AGARI ba="1,1" hai="9,10,42,47,49,59,61,65,74,77,82,89,92,99" machi="9" ten="40,7700,0" yaku="1,1,53,2" doraHai="24" doraHaiUra="6" who="1" fromWho="0" sc="152,-80,278,90,330,0,230,0" /><INIT seed="1,2,0,2,4,19" ten="72,368,330,230" oya="1" hai0="33,32,8,125,37,54,14,75,15,6,53,59,94" hai1="80,99,2,126,46,3,114,72,16,69,58,62,85" hai2="55,131,113,115,132,91,71,25,93,96,56,74,76" hai3="83,40,117,47,79,119,120,110,60,116,107,78,127"/><U13/><E114/><V130/><F71/><W0/><G120/><T5/><D75/><U17/><E126/><V50/><F132/><W102/><G110/><T66/><D37/><U23/><E72/><V118/><F118/><W88/><G127/><T101/><D125/><U26/><E69/><V48/><F76/><W123/><G123/><T21/><D33/><U77/><E46/><V30/><F50/><W36/><G0/><T64/><D32/><U87/><E87/><V4/><F4/><W133/><G133/><T12/><D12/><U103/><E17/><V105/><F105/><W122/><G122/><T41/><D41/><U135/><E13/><V100/><F100/><W65/><G102/><T104/><D104/><U45/><E45/><V90/><F90/><W97/><G107/><T29/><D29/><U52/><E135/><V95/><F95/><AGARI ba="2,0" hai="2,3,16,23,26,52,58,62,77,80,85,95,99,103" machi="95" ten="30,11600,0" yaku="7,1,52,1,54,2" doraHai="19" who="1" fromWho="2" sc="72,0,368,122,330,-122,230,0" /><INIT seed="1,3,0,2,4,92" ten="72,490,208,230" oya="1" hai0="102,116,53,88,60,21,67,100,65,7,90,81,125" hai1="131,30,118,31,76,1,126,22,19,44,52,69,28" hai2="129,38,122,61,77,29,72,106,109,58,71,6,47" hai3="35,83,98,9,36,54,70,133,114,11,119,48,63"/><U115/><E69/><V3/><F29/><W20/><G114/><T124/><D7/><U16/><E118/><V87/><F87/><W0/><G35/><T96/><D116/><U34/><E115/><V108/><F58/><W110/><G36/><T50/><D81/><U64/><E34/><V5/><F5/><W66/><G119/><T42/><D42/><U43/><E1/><V134/><F61/><W135/><G110/><T68/><D67/><U41/><E126/><N who="0" m="48745" /><D21/><U86/><E64/><V111/><F6/><W56/><G0/><T82/><D82/><N who="1" m="47431" /><E131/><V46/><F129/><W49/><G83/><T85/><D85/><U57/><E44/><V89/><F46/><W112/><G112/><T75/><D102/><U123/><E123/><V80/><F80/><W15/><G49/><T120/><D75/><U10/><E10/><V99/><F72/><W27/><G9/><T121/><D121/><U95/><E95/><V8/><F122/><W113/><G113/><T127/><N who="0" m="48753" /><T130/><DORA hai="14" /><D130/><U73/><E73/><V59/><F109/><W18/><REACH who="3" step="1"/><G98/><REACH who="3" ten="72,490,208,220" step="2"/><T107/><D120/><U23/><E23/><V91/><F108/><W97/><G97/><T32/><D32/><U26/><E43/><V33/><F111/><W132/><G132/><T101/><D101/><U17/><E41/><V13/><F134/><W104/><G104/><T93/><D107/><U94/><E94/><V37/><F106/><W105/><G105/><T117/><D117/><U39/><E39/><V79/><F3/><W40/><G40/><T2/><D2/><U128/><E128/><RYUUKYOKU ba="3,1" sc="72,10,490,10,208,-30,220,10" hai0="50,53,60,65,68,88,90,93,96,100" hai1="16,17,19,22,26,28,30,31,52,57" hai3="11,15,18,20,27,48,54,56,63,66,70,133,135" /><INIT seed="1,4,1,5,1,118" ten="82,500,178,230" oya="1" hai0="70,43,78,51,20,82,124,45,74,1,48,40,99" hai1="64,109,30,72,84,25,2,19,31,73,11,32,23" hai2="92,60,81,135,4,12,68,116,107,34,91,37,53" hai3="103,106,21,24,10,7,39,94,127,62,89,28,131"/><U119/><E119/><V121/><F107/><W15/><G127/><T76/><D124/><U96/><E109/><V133/><F34/><W90/><G131/><T26/><D70/><U85/><E31/><V22/><F37/><W69/><G39/><T83/><D1/><U55/><E64/><V77/><F116/><W38/><G38/><T108/><D108/><U134/><E134/><V49/><F60/><W59/><G69/><T87/><D99/><U56/><E96/><V132/><F68/><W52/><G106/><T3/><D3/><U50/><E84/><V98/><F121/><W79/><G79/><T71/><D71/><U0/><E85/><V95/><F95/><W44/><G44/><T16/><REACH who="0" step="1"/><D51/><REACH who="0" ten="72,500,178,230" step="2"/><U113/><E0/><V101/><F49/><W41/><G41/><AGARI ba="4,2" hai="16,20,26,40,41,43,45,48,74,76,78,82,83,87" machi="41" ten="30,7700,0" yaku="1,1,2,1,7,1,54,1,53,0" doraHai="118" doraHaiUra="93" who="0" fromWho="3" sc="72,109,500,0,178,0,230,-89" /><INIT seed="2,0,0,3,3,80" ten="181,500,178,141" oya="2" hai0="9,121,87,129,5,40,50,101,74,34,55,53,19" hai1="83,128,15,36,71,100,68,52,58,28,104,123,29" hai2="81,27,90,99,79,2,43,57,108,127,45,14,102" hai3="25,72,33,21,64,10,67,77,49,115,23,117,105"/><V130/><F2/><W132/><G117/><T31/><D74/><U84/><E36/><V56/><F130/><W46/><G132/><T91/><D121/><U42/><E42/><V6/><F90/><W41/><G115/><T106/><D129/><U69/><E128/><V26/><F127/><W110/><G110/><T85/><D34/><U86/><E100/><V78/><F78/><W126/><G126/><T54/><D31/><U93/><E104/><V66/><F108/><W114/><G114/><T17/><D101/><U73/><E73/><V107/><F66/><W59/><G105/><T24/><D106/><U65/><E65/><V131/><F27/><W111/><G111/><T3/><D24/><U18/><E93/><V97/><F97/><W70/><G70/><T124/><D124/><U16/><E18/><V75/><F26/><W63/><G67/><T116/><D116/><U22/><E123/><V47/><F47/><W37/><G37/><T11/><D11/><U96/><E96/><V94/><F107/><W88/><G10/><T113/><D113/><U122/><E122/><V89/><F102/><W118/><G118/><T13/><D3/><U32/><E32/><V61/><F61/><W125/><G125/><T120/><D120/><U60/><REACH who="1" step="1"/><E86/><REACH who="1" ten="181,490,178,141" step="2"/><N who="0" m="32777" /><D91/><AGARI ba="0,1" hai="15,16,22,28,29,52,58,60,68,69,71,83,84,91" machi="91" ten="40,8000,1" yaku="1,1,52,1,54,2,53,0" doraHai="80" doraHaiUra="135" who="1" fromWho="0" sc="181,-80,490,90,178,0,141,0" /><INIT seed="3,0,0,5,5,95" ten="101,580,178,141" oya="3" hai0="105,2,74,1,75,93,21,16,8,104,53,66,60" hai1="18,129,85,33,79,81,133,120,67,57,54,41,100" hai2="14,49,51,97,68,13,109,82,31,91,36,0,116" hai3="40,102,32,45,64,30,9,44,107,86,131,6,84"/><W24/><G131/><T112/><D112/><U5/><E120/><V38/><F0/><W94/><G64/><T126/><D126/><U20/><E33/><V62/><F31/><W65/><G65/><T69/><D53/><U26/><E133/><V27/><F27/><W124/><G124/><T103/><D93/><U122/><E122/><V22/><F62/><W111/><G111/><T77/><D105/><U43/><E129/><V73/><F22/><W56/><G56/><T125/><D125/><U25/><E25/><V58/><F58/><W80/><G107/><T61/><D61/><N who="1" m="38319" /><E100/><V28/><F28/><W118/><G118/><T87/><D75/><U96/><E96/><V46/><F73/><W98/><G80/><T113/><D74/><U10/><E54/><V12/><F68/><W52/><G52/><T127/><D127/><U48/><E48/><V35/><F49/><W88/><G102/><T83/><D8/><U23/><E23/><V92/><F51/><W15/><G44/><T78/><D78/><U110/><E110/><V17/><F46/><W101/><G101/><T11/><D11/><U106/><E106/><V29/><F116/><W115/><G115/><T99/><REACH who="0" step="1"/><D113/><REACH who="0" ten="91,580,178,141" step="2"/><U63/><E63/><V76/><F109/><W128/><G128/><T123/><D123/><U117/><E117/><V7/><F92/><W132/><G132/><T114/><D114/><U47/><E47/><V119/><F119/><W55/><G55/><T89/><D89/><U59/><E59/><V135/><F91/><W121/><G88/><T39/><D39/><U34/><E34/><RYUUKYOKU ba="0,1" sc="91,15,580,15,178,-15,141,-15" hai0="1,2,16,21,60,66,69,77,83,87,99,103,104" hai1="5,10,18,20,26,41,43,79,81,85" owari="106,-39.4,605,70.5,163,-3.7,126,-27.4" /></mjloggm>