<mjloggm ver="2.3"><GO type="225" lobby="0"/><UN n0="%E3%81%82%E3%81%99%E3%81%AA%E3%82%8D%E3%83%A9%E3%82%A4%E3%83%80%E3%83%BC" n1="%E3%81%B2%E3%81%BE%E3%81%A4%E3%81%B6%E3%81%97" n2="%E3%81%A8%E3%82%93%E3%81%A8%E3%81%93%E3%81%A8%E3%82%93" n3="%77%72%77%72%77%72%77%72" dan="16,17,16,16" rate="2098.09,2173.22,2172.78,2192.17" sx="M,M,F,M"/><TAIKYOKU oya="0"/><INIT seed="0,0,0,5,0,19" ten="250,250,250,250" oya="0" hai0="16,15,36,96,79,89,34,30,82,28,12,83,121" hai1="29,5,46,33,131,87,11,77,32,23,133,134,130" hai2="99,43,85,71,61,51,44,95,129,37,111,107,9" hai3="91,81,57,53,74,102,18,24,110,31,119,117,26"/><T112/><D121/><U7/><E46/><V21/><F111/><W76/><G110/><T59/><D112/><U106/><E106/><V14/><F129/><N who="1" m="49161" /><E77/><V84/><F107/><W78/><G78/><T103/><D36/><U52/><E52/><V27/><F37/><W50/><G102/><T72/><D59/><U20/><E87/><V4/><F61/><W127/><G127/><T0/><D0/><N who="1" m="423" /><E7/><V92/><F71/><W86/><G74/><T80/><D89/><U48/><E48/><V68/><F68/><W128/><G91/><T116/><D116/><U123/><E123/><V126/><F126/><W100/><G100/><T49/><D49/><U122/><E122/><V98/><F92/><W6/><G6/><T118/><D118/><U1/><E1/><V38/><F38/><W132/><G128/><T69/><D69/><U120/><E120/><V70/><F70/><W65/><G65/><T75/><D79/><U25/><E32/><V42/><F42/><W101/><G101/><T62/><D34/><U94/><E94/><V41/><F41/><W8/><G119/><T13/><D62/><U66/><E66/><V88/><F99/><W3/><G3/><T67/><D67/><U47/><E47/><V63/><F63/><W22/><G117/><T105/><D75/><U114/><E114/><V40/><F43/><W115/><G115/><T45/><D72/><U108/><E108/><V109/><F109/><W97/><G97/><T93/><D45/><U125/><E125/><V35/><F35/><W60/><G60/><T113/><D113/><U17/><E33/><RYUUKYOKU ba="0,0" sc="250,-15,250,15,250,15,250,-15" hai1="17,20,23,25,29,133,134" hai2="4,9,14,21,27,40,44,51,84,85,88,95,98" /><INIT seed="1,1,0,2,1,43" ten="235,265,265,235" oya="1" hai0="85,57,26,118,33,40,125,69,134,38,112,58,27" hai1="10,113,97,99,121,35,5,105,102,42,50,17,61" hai2="79,8,98,87,104,101,103,31,83,53,94,117,70" hai3="32,24,132,90,116,15,51,107,71,108,47,91,128"/><U44/><E113/><V65/><F31/><W60/><G107/><T41/><D69/><U29/><E121/><V106/><F70/><W135/><G108/><T66/><D38/><U59/><E97/><V34/><F65/><N who="3" m="41383" /><G15/><T1/><D33/><U67/><E17/><V6/><F34/><W3/><G3/><T48/><D1/><U119/><E119/><V88/><F117/><W4/><G4/><T114/><D125/><U19/><E19/><V64/><F64/><W46/><G116/><T37/><D37/><U80/><E80/><V55/><F106/><W95/><G51/><T11/><D48/><U18/><E18/><V77/><F77/><W62/><G62/><T131/><D118/><U82/><E82/><V92/><F92/><W133/><G128/><T86/><D66/><U124/><E124/><V25/><F25/><W12/><G12/><T75/><D11/><U23/><E35/><V74/><F101/><W52/><G52/><T45/><D75/><U56/><E56/><V16/><F16/><W49/><G49/><T129/><D134/><U7/><REACH who="1" step="1"/><E10/><REACH who="1" ten="235,255,265,235" step="2"/><V13/><AGARI ba="1,1" hai="6,8,13,53,55,74,79,83,87,88,94,98,103,104" machi="13" ten="20,8000,1" yaku="0,1,7,1,24,2,54,1" doraHai="43" who="2" fromWho="2" sc="235,-21,255,-41,265,93,235,-21" /><INIT seed="2,0,0,3,3,85" ten="214,214,358,214" oya="2" hai0="71,130,94,76,49,127,14,81,135,118,119,1,95" hai1="124,109,66,3,44,19,8,26,90,38,104,4,65" hai2="24,73,43,32,123,29,60,6,100,42,58,52,35" hai3="103,55,37,116,59,67,96,30,61,39,132,84,31"/><V114/><F73/><W40/><G116/><N who="0" m="44587" /><D1/><U64/><E109/><V68/><F114/><W34/><G132/><T12/><D71/><U54/><E124/><V77/><F123/><W86/><G39/><T129/><D135/><U112/><E112/><V128/><F77/><W122/><G122/><T78/><D49/><U93/><E104/><V36/><F35/><W48/><G40/><T27/><D27/><U107/><E107/><V13/><F36/><W22/><G37/><T47/><D47/><U89/><E93/><N who="0" m="35337" /><D127/><U82/><E82/><V88/><F68/><W101/><G34/><T9/><D78/><U133/><E133/><V16/><F6/><W120/><G120/><T98/><D98/><U106/><E106/><V53/><F53/><W113/><G113/><T11/><D14/><U91/><E38/><V2/><F2/><W92/><G103/><T46/><D46/><U79/><E79/><V20/><F100/><W131/><G131/><N who="0" m="50187" /><D12/><U108/><E108/><V134/><F128/><W62/><G62/><T110/><D110/><U126/><E126/><V69/><F69/><W105/><G105/><T25/><D25/><U23/><E44/><V63/><F63/><W102/><G102/><T15/><D15/><U28/><E28/><N who="3" m="10794" /><G22/><T117/><N who="0" m="44595" /><T83/><DORA hai="33" /><D83/><U125/><E125/><V7/><F134/><W10/><G10/><T5/><D5/><U121/><E121/><V87/><F7/><W75/><G75/><AGARI ba="0,0" hai="9,11,75,76,81" m="50187,35337,44595" machi="75" ten="50,3200,0" yaku="12,1,19,1" doraHai="85,33" who="0" fromWho="3" sc="214,32,214,0,358,0,214,-32" /><INIT seed="3,0,0,4,0,14" ten="246,214,358,182" oya="3" hai0="34,70,9,2,97,61,56,0,10,18,60,117,26" hai1="106,119,123,122,79,86,98,77,116,67,4,64,118" hai2="40,43,95,69,111,11,21,54,38,124,71,131,100" hai3="5,22,96,130,48,107,28,104,45,29,46,27,78"/><W90/><G130/><T80/><D117/><U84/><E4/><V114/><F114/><W57/><G78/><N who="1" m="29706" /><E67/><V126/><F111/><W13/><G28/><T134/><D70/><U102/><E64/><V1/><F21/><W82/><G107/><T132/><D80/><U76/><E76/><V35/><F35/><W3/><G3/><T17/><D56/><U49/><E49/><V8/><F54/><N who="3" m="31943" /><G104/><T115/><D26/><U88/><E86/><V113/><F113/><W129/><G129/><T58/><D58/><U112/><E112/><V15/><F1/><W16/><G5/><T25/><D25/><U128/><E128/><V89/><F131/><W74/><G74/><T12/><D115/><U24/><E24/><V6/><F100/><W19/><G29/><T92/><D34/><U120/><E120/><V68/><F38/><W32/><G32/><T66/><D66/><U105/><E105/><V81/><F124/><W93/><G82/><AGARI ba="0,0" hai="82,84,88,98,102,106,116,118,119,122,123" m="29706" machi="82" ten="30,7700,0" yaku="12,1,34,2,54,1" doraHai="14" who="1" fromWho="3" sc="246,0,214,77,358,0,182,-77" owari="246,-15.4,291,9.1,358,45.8,105,-39.5" /></mjloggm>