<mjloggm ver="2.3"><GO type="225" lobby="0"/><UN n0="%E3%82%82%E3%81%90%E3%82%89" n1="%47%32%E9%BE%8D%E9%96%80" n2="%73%6C%69%63%6B%33%31%39" n3="%E3%83%A2%E3%83%B3%E3%82%AD%E3%83%BC%E3%83%88%E3%83%AA%E3%83%83%E3%82%AF" dan="16,16,17,17" rate="2204.46,2113.29,2183.54,2175.17" sx="M,M,M,M"/><TAIKYOKU oya="0"/><INIT seed="0,0,0,0,5,75" ten="250,250,250,250" oya="0" hai0="9,120,31,65,129,56,133,100,1,25,52,127,132" hai1="126,69,59,84,44,70,97,0,45,125,61,67,55" hai2="7,47,64,34,27,103,6,32,111,5,4,108,118" hai3="90,39,63,50,15,98,36,41,17,114,24,3,23"/><T42/><D120/><U11/><E97/><V48/><N who="2" m="1024" /><DORA hai="91" /><V2/><F2/><W117/><G3/><T35/><D1/><U49/><E11/><V80/><F118/><W92/><G117/><T51/><D129/><U73/><E73/><V96/><F64/><W93/><G114/><T87/><D127/><N who="1" m="48651" /><E84/><V18/><F80/><W28/><G63/><T13/><D100/><U10/><E10/><V76/><F76/><W109/><G109/><N who="2" m="42057" /><F18/><W20/><G41/><T83/><D42/><N who="1" m="24727" /><E0/><V81/><F81/><W46/><G46/><T112/><D65/><U72/><E72/><V60/><F60/><W77/><G50/><AGARI ba="0,0" hai="45,50,55,59,61,67,69,70" m="24727,48651" machi="50" ten="30,3900,0" yaku="18,1,34,2" doraHai="75,91" who="1" fromWho="3" sc="250,0,250,39,250,0,250,-39" /><INIT seed="1,0,0,1,3,109" ten="250,289,250,211" oya="1" hai0="5,77,63,0,118,21,37,133,24,128,127,4,96" hai1="13,15,56,3,135,115,48,97,33,43,119,86,38" hai2="44,75,114,85,99,39,41,90,49,46,12,82,126" hai3="1,65,40,66,113,129,76,31,47,59,16,105,70"/><U69/><E119/><V36/><F126/><W92/><G105/><T17/><D118/><U54/><E3/><V107/><F75/><W94/><G1/><T116/><D116/><U78/><E33/><V61/><F114/><W53/><G70/><T106/><D37/><U73/><E73/><V22/><F61/><W27/><G129/><T112/><D128/><U64/><E135/><V26/><F12/><W124/><G124/><T79/><D112/><U25/><E25/><V2/><F2/><W123/><G123/><T29/><D133/><U35/><E35/><V55/><F107/><W80/><G113/><T20/><D127/><U89/><E97/><V93/><F39/><W42/><G42/><T98/><D63/><N who="1" m="40095" /><E78/><N who="0" m="29705" /><D106/><U104/><E104/><V45/><F41/><W19/><G66/><T72/><D72/><U108/><E108/><V7/><F7/><N who="0" m="2634" /><D0/><U100/><E100/><N who="2" m="60527" /><F36/><W23/><G65/><T83/><D83/><N who="1" m="49375" /><E115/><V134/><F134/><W18/><G80/><T6/><N who="0" m="2642" /><T68/><DORA hai="62" /><D68/><U14/><E13/><AGARI ba="0,0" hai="13,17,20,21,24,29,96,98" m="2642,29705" machi="13" ten="30,1000,0" yaku="8,1" doraHai="109,62" who="0" fromWho="1" sc="250,10,289,-10,250,0,211,0" /><INIT seed="2,0,0,2,4,111" ten="260,279,250,211" oya="2" hai0="72,30,110,98,4,135,105,46,87,10,70,40,17" hai1="104,77,2,5,117,27,83,8,118,64,51,61,6" hai2="93,28,106,3,13,74,85,112,0,60,41,49,63" hai3="127,99,52,120,115,123,50,57,67,44,43,9,125"/><V124/><F106/><W82/><G67/><T42/><D70/><U65/><E104/><V94/><F74/><W21/><G99/><T29/><D72/><U86/><E6/><V54/><F124/><N who="3" m="47691" /><G82/><T20/><D110/><U92/><E65/><V1/><F41/><W37/><G21/><T130/><D42/><U116/><E51/><V18/><F28/><W15/><G15/><T69/><D69/><U59/><E27/><V97/><F112/><W107/><G107/><T100/><D87/><U95/><AGARI ba="0,0" hai="2,5,8,59,61,64,77,83,86,92,95,116,117,118" machi="95" ten="40,1500,0" yaku="0,1" doraHai="111" who="1" fromWho="1" sc="260,-4,279,15,250,-7,211,-4" /><INIT seed="3,0,0,3,5,106" ten="256,294,243,207" oya="3" hai0="20,5,110,61,41,75,43,36,70,33,54,27,56" hai1="104,90,133,10,94,119,71,86,64,93,101,34,52" hai2="57,59,107,74,55,7,44,120,15,3,49,31,25" hai3="91,48,97,92,129,111,135,89,80,42,17,108,76"/><W81/><G135/><T103/><D33/><U50/><E34/><V72/><F107/><W9/><G129/><T46/><D43/><U58/><E133/><V122/><F3/><W127/><G127/><T112/><D103/><U118/><E104/><V116/><F116/><N who="1" m="44585" /><E10/><N who="2" m="4575" /><F57/><W134/><G134/><T125/><D125/><U124/><E124/><V53/><F55/><W0/><G0/><T45/><D110/><N who="3" m="42025" /><G9/><T23/><D112/><U88/><E101/><V8/><F8/><W29/><G29/><T65/><D46/><U84/><E64/><V51/><F51/><W19/><G91/><T77/><D5/><U22/><E22/><N who="2" m="15799" /><F44/><N who="3" m="25623" /><G80/><N who="0" m="45119" /><D27/><U40/><E40/><V39/><F39/><W60/><G60/><T121/><D121/><AGARI ba="0,0" hai="49,53,59,72,74,120,121,122" m="15799,4575" machi="121" ten="30,3900,0" yaku="13,1,52,2" doraHai="106" who="2" fromWho="0" sc="256,-39,294,0,243,39,207,0" /><INIT seed="4,0,0,3,1,118" ten="217,294,282,207" oya="0" hai0="31,58,89,77,19,24,84,52,135,81,111,104,4" hai1="11,28,68,94,78,23,69,37,60,105,53,96,74" hai2="85,46,57,16,41,117,2,65,129,20,45,1,102" hai3="99,26,127,80,90,134,22,97,124,70,55,130,44"/><T109/><D104/><U61/><E37/><V30/><F30/><W131/><G70/><T95/><D135/><U54/><E105/><V6/><F117/><W36/><G36/><T126/><D4/><U116/><E116/><V113/><F113/><W13/><G13/><T125/><D19/><U112/><E112/><V72/><F72/><W132/><G55/><N who="1" m="21002" /><E74/><V40/><F102/><W15/><G15/><T122/><D122/><U82/><E69/><V59/><F129/><N who="3" m="49163" /><G44/><N who="2" m="17001" /><F6/><W38/><G38/><T120/><D120/><U43/><E43/><N who="2" m="16459" /><F65/><W8/><G8/><T86/><D24/><N who="1" m="16415" /><E68/><V29/><F29/><N who="3" m="17623" /><G80/><T64/><D31/><U21/><E11/><V35/><F35/><W34/><G34/><T0/><D64/><U17/><E82/><V108/><F108/><N who="0" m="41546" /><D0/><U47/><E47/><V71/><F71/><W7/><G7/><T49/><AGARI ba="0,0" hai="49,52,58,77,81,84,86,89,95,125,126" m="41546" machi="49" ten="30,3000,0" yaku="10,1,54,1" doraHai="118" who="0" fromWho="0" sc="217,30,294,-10,282,-10,207,-10" /><INIT seed="4,1,0,2,3,83" ten="247,284,272,197" oya="0" hai0="20,39,47,48,21,5,22,114,23,26,78,98,86" hai1="112,74,59,13,66,67,62,104,15,57,76,127,73" hai2="24,11,49,29,90,119,92,19,28,85,3,103,79" hai3="33,84,31,0,135,10,121,51,124,18,30,129,93"/><T38/><D114/><U94/><E104/><V43/><F119/><W35/><G121/><T58/><D5/><U130/><E130/><V65/><F65/><W4/><G51/><T109/><D109/><U60/><E76/><V123/><F123/><W71/><G93/><T12/><D12/><U77/><E77/><V53/><F43/><W125/><G84/><T14/><D14/><U32/><E32/><N who="3" m="12362" /><G71/><T50/><D58/><U16/><E127/><N who="3" m="48714" /><G129/><T111/><D111/><U45/><E112/><V110/><F110/><W132/><G18/><T96/><D39/><U99/><E45/><V105/><F79/><W1/><G1/><T91/><D38/><U37/><E37/><V106/><F3/><W87/><G87/><T118/><D118/><U126/><E126/><V25/><F103/><W40/><G40/><T116/><D116/><U82/><E82/><V115/><F105/><W46/><G46/><T44/><D44/><U102/><E16/><V97/><F106/><W42/><G42/><N who="0" m="24695" /><D50/><U34/><E34/><V107/><F107/><W134/><AGARI ba="1,0" hai="0,4,10,30,31,132,134,135" m="48714,12362" machi="134" ten="40,8000,1" yaku="20,1,18,1,34,2" doraHai="83" who="3" fromWho="3" sc="247,-41,284,-21,272,-21,197,83" /><INIT seed="5,0,0,4,5,6" ten="206,263,251,280" oya="1" hai0="132,119,30,124,128,99,31,10,22,27,56,24,89" hai1="88,19,101,37,74,50,79,29,28,0,135,7,92" hai2="84,91,97,75,43,52,121,44,106,58,113,90,59" hai3="122,112,98,114,78,23,102,72,66,55,1,110,125"/><U14/><E37/><V104/><F121/><W70/><G1/><T40/><D128/><U130/><E130/><V3/><F75/><W129/><G129/><T69/><D124/><U109/><E135/><V77/><F3/><W96/><G122/><T12/><D132/><U76/><E109/><V49/><F113/><W108/><G70/><T117/><D69/><U134/><E134/><V17/><F106/><W33/><G66/><T68/><D68/><U93/><E7/><V95/><F104/><N who="3" m="63559" /><G55/><T83/><D40/><U116/><E116/><V80/><F17/><W5/><G5/><T82/><D56/><N who="2" m="21546" /><F43/><W100/><G23/><T120/><D120/><U25/><E0/><V123/><F123/><W21/><G21/><N who="0" m="15631" /><D119/><U41/><E74/><V54/><F54/><W65/><G65/><T86/><D117/><U48/><E41/><V61/><F61/><W127/><G33/><T81/><D99/><N who="1" m="59631" /><E76/><AGARI ba="0,0" hai="44,49,52,76,77,80,84,90,91,95,97" m="21546" machi="76" ten="30,2000,0" yaku="8,1,54,1" doraHai="6" who="2" fromWho="1" sc="206,0,263,-20,251,20,280,0" /><INIT seed="6,0,0,5,1,80" ten="206,243,271,280" oya="2" hai0="103,88,118,43,5,70,127,86,124,94,7,47,30" hai1="69,3,57,93,82,26,133,12,68,16,75,46,33" hai2="65,105,113,28,123,130,11,6,54,106,135,72,85" hai3="83,37,111,91,77,53,36,48,116,92,32,120,40"/><V79/><F123/><W122/><G32/><T1/><D70/><U8/><E133/><V73/><F135/><W52/><G116/><T63/><D118/><U50/><E3/><V31/><F65/><W108/><G92/><T134/><D134/><U112/><E112/><V125/><F113/><W67/><G91/><T100/><D63/><U71/><E93/><V38/><F38/><N who="3" m="14955" /><G67/><T29/><D29/><U129/><E129/><V128/><F125/><N who="0" m="48202" /><D30/><N who="2" m="11306" /><F54/><N who="3" m="21099" /><G83/><T59/><D59/><U101/><E33/><V115/><F85/><W84/><G84/><T49/><D1/><U61/><E69/><V23/><F115/><W27/><G77/><T102/><AGARI ba="0,0" hai="5,7,43,47,49,86,88,94,100,102,103" m="48202" machi="102" ten="30,4000,0" yaku="18,1,52,1,54,1" doraHai="80" who="0" fromWho="0" sc="206,40,243,-10,271,-20,280,-10" /><INIT seed="7,0,0,0,1,10" ten="246,233,251,270" oya="3" hai0="112,118,103,50,122,35,34,26,2,58,110,74,84" hai1="27,80,95,116,121,96,69,129,28,101,65,67,82" hai2="132,93,11,89,4,56,83,97,38,134,77,37,20" hai3="39,79,8,92,71,131,105,107,59,19,5,109,73"/><W114/><G39/><T63/><D118/><U1/><E116/><V15/><F56/><W88/><G71/><T31/><D74/><U115/><E121/><V106/><F106/><W120/><G120/><T32/><D110/><U45/><E1/><V124/><F124/><W62/><G109/><T24/><D122/><U52/><E115/><V91/><F91/><W44/><G44/><T68/><D2/><U60/><E129/><V130/><F20/><W41/><G41/><T54/><D112/><U48/><E65/><V98/><F97/><N who="3" m="57479" /><G114/><T119/><D119/><U16/><E16/><V61/><F61/><W76/><G73/><T14/><D103/><U70/><E70/><V25/><F25/><W81/><G19/><T86/><D26/><U90/><E101/><V6/><F6/><W99/><G107/><T36/><D36/><U40/><E40/><V64/><F64/><N who="3" m="39007" /><G131/><T104/><D104/><U22/><AGARI ba="0,0" hai="22,27,28,45,48,52,60,67,69,80,82,90,95,96" machi="22" ten="20,2700,0" yaku="0,1,7,1,54,1" doraHai="10" who="1" fromWho="1" sc="246,-7,233,27,251,-7,270,-13" owari="239,-26.1,260,36.0,244,-15.6,257,5.7" /></mjloggm>