<mjloggm ver="2.3"><GO type="225" lobby="0"/><UN n0="%E3%82%AF%E3%82%A3%E3%82%A6" n1="%E8%BE%9B%E5%8F%A3%E3%82%AB%E3%83%AC%E3%83%BC%E3%83%A9%E3%82%A4%E3%82%B9" n2="%E3%81%82%E3%81%99%E3%81%AB%E3%82%83%E3%82%80" n3="%72%69%6F%75%63%68%61%6E" dan="16,17,16,16" rate="2067.47,2251.58,2097.39,2145.18" sx="M,M,F,M"/><TAIKYOKU oya="0"/><INIT seed="0,0,0,1,0,11" ten="250,250,250,250" oya="0" hai0="53,48,70,14,13,40,93,6,4,1,89,108,5" hai1="78,74,52,45,133,125,134,117,128,10,76,121,79" hai2="9,122,69,30,135,81,57,60,8,75,54,112,32" hai3="41,102,36,82,124,0,27,59,67,109,39,113,20"/><T49/><D70/><U64/><E117/><V88/><F112/><W105/><G113/><T103/><D108/><U100/><E121/><V12/><F122/><W63/><G109/><T114/><D114/><U21/><E128/><V131/><F131/><W129/><G129/><T85/><D1/><U43/><E125/><V15/><F69/><W25/><G124/><T127/><D127/><U18/><E64/><V101/><F75/><W71/><G0/><T22/><D103/><U26/><E100/><V91/><F135/><N who="1" m="51721" /><E10/><N who="2" m="4203" /><F32/><W119/><G119/><T65/><D65/><U130/><E130/><V83/><F30/><W118/><G118/><T28/><D40/><U37/><E52/><V116/><F101/><W44/><G36/><T77/><D77/><U111/><E111/><V33/><F33/><W56/><G82/><AGARI ba="0,0" hai="18,21,26,37,43,45,74,76,78,79,82" m="51721" machi="82" ten="30,1000,0" yaku="20,1" doraHai="11" who="1" fromWho="3" sc="250,0,250,10,250,0,250,-10" /><INIT seed="1,0,0,0,1,59" ten="250,260,250,240" oya="1" hai0="97,18,98,91,54,116,1,104,96,26,99,52,42" hai1="133,93,86,134,109,24,68,102,16,125,14,114,34" hai2="44,85,106,10,88,0,131,83,108,22,132,105,107" hai3="127,135,13,60,43,115,8,62,79,2,121,124,128"/><U80/><E114/><V76/><F108/><W69/><G121/><T58/><D116/><U74/><E68/><V25/><F132/><N who="1" m="50793" /><E125/><N who="3" m="48202" /><G135/><T29/><D1/><U27/><E34/><V46/><F131/><W84/><G115/><T5/><D5/><U15/><E15/><V130/><F130/><W45/><G69/><T129/><D129/><U77/><E109/><V120/><F120/><W72/><G128/><T81/><D42/><U51/><E51/><V12/><F0/><W28/><G28/><T33/><D18/><U6/><E6/><V92/><F12/><W123/><G123/><T19/><D19/><U71/><E71/><V110/><F10/><W30/><G30/><T63/><D104/><U94/><E102/><V53/><F53/><W126/><N who="3" m="48210" /><W7/><DORA hai="118" /><G72/><T82/><REACH who="0" step="1"/><D54/><REACH who="0" ten="240,260,250,240" step="2"/><U67/><E67/><V66/><F66/><W103/><G2/><T61/><D61/><U112/><E112/><V41/><F110/><W119/><G119/><T90/><D90/><N who="1" m="53463" /><E94/><AGARI ba="0,1" hai="26,29,33,52,58,63,81,82,91,94,96,97,98,99" machi="94" ten="40,5200,0" yaku="1,1,52,1,54,1,53,0" doraHai="59,118" doraHaiUra="101,65" who="0" fromWho="1" sc="240,62,260,-52,250,0,240,0" /><INIT seed="2,0,0,5,0,22" ten="302,208,250,240" oya="2" hai0="1,37,46,15,66,5,47,53,68,110,6,45,25" hai1="112,36,4,62,125,70,24,30,75,54,18,28,120" hai2="40,0,3,56,130,65,111,69,124,34,55,129,12" hai3="23,16,8,102,78,57,107,61,90,29,101,113,72"/><V26/><F124/><W14/><G113/><T79/><D110/><U92/><E112/><V67/><F111/><W74/><G107/><T60/><D1/><U100/><E36/><V117/><F117/><W51/><G51/><T96/><D79/><U109/><E109/><V71/><F40/><W86/><G78/><T43/><D96/><N who="1" m="59399" /><E70/><N who="2" m="26635" /><F12/><N who="3" m="9607" /><G29/><N who="1" m="11370" /><E75/><V31/><F67/><N who="3" m="39343" /><G72/><T134/><D134/><U63/><E125/><V122/><F65/><W118/><G74/><T17/><D53/><U98/><E120/><V132/><F122/><W19/><G118/><T35/><D43/><U73/><E73/><V91/><F132/><W41/><G41/><T103/><D103/><U123/><E123/><V83/><F83/><AGARI ba="0,0" hai="8,14,19,83,86,90,101,102" m="39343,9607" machi="83" ten="30,2000,0" yaku="8,1,54,1" doraHai="22" who="3" fromWho="2" sc="302,0,208,0,250,-20,240,20" /><INIT seed="3,0,0,5,0,117" ten="302,208,230,260" oya="3" hai0="87,68,67,81,42,26,33,16,64,48,124,103,104" hai1="135,60,71,39,12,108,35,55,80,96,93,130,14" hai2="79,18,63,73,32,97,36,45,6,21,78,23,72" hai3="69,17,86,115,134,7,131,52,132,83,61,43,128"/><W113/><G7/><T100/><D124/><U38/><E35/><V123/><F32/><W24/><G43/><T116/><D116/><U37/><E108/><V111/><F111/><W122/><G122/><T46/><D68/><U118/><E118/><V5/><F63/><W8/><G69/><T133/><D133/><N who="3" m="51305" /><G24/><T112/><D112/><N who="3" m="43081" /><G8/><T20/><D104/><U1/><E1/><V120/><F18/><W49/><G17/><T13/><D33/><U88/><E130/><N who="3" m="49706" /><G61/><T119/><D119/><U31/><E135/><V29/><F29/><W30/><G30/><T114/><D114/><U2/><E2/><V121/><F121/><W85/><G83/><T102/><D26/><U99/><E31/><V74/><F36/><W90/><G90/><AGARI ba="0,0" hai="13,16,20,42,46,48,64,67,81,87,90,100,102,103" machi="90" ten="40,2600,0" yaku="8,1,54,1" doraHai="117" who="0" fromWho="3" sc="302,26,208,0,230,0,260,-26" owari="328,42.8,208,-29.2,230,-17.0,234,3.4" /></mjloggm>