<mjloggm ver="2.3"><GO type="225" lobby="0"/><UN n0="%E3%81%BF%E3%81%BF%E3%81%9A" n1="%E8%B6%85%E7%B4%9A%E9%B3%B3%E5%87%B0" n2="%E4%BF%BA%E3%81%A8%E5%A6%96%E5%A4%A2" n3="%54%4F%52" dan="16,16,17,17" rate="2183.53,2112.52,2247.94,2245.28" sx="M,M,F,M"/><TAIKYOKU oya="0"/><INIT seed="0,0,0,4,3,11" ten="250,250,250,250" oya="0" hai0="85,133,77,118,72,104,131,2,48,94,73,24,127" hai1="56,54,75,122,63,14,120,23,46,57,105,87,21" hai2="27,113,88,124,115,3,43,53,71,89,98,52,35" hai3="29,15,32,30,50,78,93,132,97,74,38,112,60"/><T34/><D2/><U68/><E75/><V114/><F3/><W5/><G38/><T55/><D118/><U28/><E105/><V116/><F116/><W42/><G112/><T66/><D104/><U100/><E100/><V8/><F71/><W123/><G78/><T102/><D66/><U51/><E87/><V70/><F70/><W41/><G74/><T135/><D127/><U0/><E0/><V65/><F65/><W91/><G60/><T110/><D131/><U36/><E68/><V6/><F124/><W128/><G128/><T49/><D110/><U17/><E36/><V90/><F43/><W119/><G119/><T82/><D102/><U121/><REACH who="1" step="1"/><E63/><REACH who="1" ten="250,240,250,250" step="2"/><V126/><F126/><W4/><G123/><T37/><D37/><U84/><E84/><V95/><F113/><W134/><G134/><N who="0" m="51211" /><D94/><U59/><E59/><V76/><F115/><W16/><G132/><T10/><D48/><U18/><E18/><V106/><F106/><W1/><G50/><T111/><D111/><U80/><E80/><V62/><F114/><W47/><G93/><T92/><D92/><U31/><E31/><V26/><F62/><W44/><G30/><N who="0" m="19783" /><D72/><U12/><E12/><N who="2" m="5143" /><F95/><W101/><G15/><T109/><D109/><U108/><E108/><V129/><F129/><W45/><G1/><T13/><D73/><U61/><E61/><V58/><F58/><W40/><G29/><T117/><D117/><U99/><E99/><V64/><F98/><W81/><G97/><T125/><D125/><U130/><E130/><V83/><F83/><W79/><G101/><T33/><D82/><RYUUKYOKU ba="0,1" sc="250,-10,240,30,250,-10,250,-10" hai1="14,17,21,23,28,46,51,54,56,57,120,121,122" /><INIT seed="1,1,1,2,0,87" ten="240,270,240,240" oya="1" hai0="76,107,3,60,24,68,128,20,135,113,88,34,14" hai1="95,66,33,59,111,129,36,69,61,94,41,4,51" hai2="5,97,91,65,109,115,70,74,50,57,44,42,112" hai3="46,31,15,38,19,73,2,16,8,84,11,93,49"/><U82/><E33/><V130/><F74/><W102/><G73/><T10/><D113/><N who="2" m="43594" /><F5/><W89/><G38/><T75/><D107/><U99/><E129/><V0/><F0/><W104/><G31/><T116/><D116/><U110/><E4/><V106/><F106/><W47/><G2/><T48/><D128/><U96/><E82/><V29/><F29/><W90/><G104/><T64/><D135/><U123/><E123/><V9/><F9/><W79/><G79/><T122/><D122/><U118/><E118/><V21/><F21/><W98/><G84/><T6/><D34/><U92/><E36/><V52/><F130/><W101/><G101/><T23/><D3/><U25/><E25/><V114/><N who="2" m="43602" /><V1/><DORA hai="12" /><F1/><W32/><G32/><T124/><D124/><U71/><E71/><V86/><F97/><W132/><G132/><T103/><D103/><U119/><E119/><V127/><F127/><W26/><G46/><T126/><D126/><U28/><E28/><V63/><F109/><N who="1" m="41481" /><E41/><V77/><F77/><W18/><G26/><T125/><D125/><U80/><E80/><N who="2" m="49607" /><F42/><N who="3" m="24823" /><G11/><T53/><D24/><U45/><E45/><AGARI ba="1,1" hai="44,45,50,52,57,63,65,70" m="49607,43602" machi="45" ten="40,5200,0" yaku="11,1,52,1,54,1" doraHai="87,12" who="2" fromWho="1" sc="240,0,270,-55,240,65,240,0" /><INIT seed="2,0,0,3,3,73" ten="240,215,305,240" oya="2" hai0="22,2,115,72,71,40,36,6,11,45,31,28,24" hai1="85,80,19,86,63,59,94,64,30,121,38,119,50" hai2="34,99,54,93,27,114,88,133,70,135,105,68,109" hai3="21,4,84,47,74,66,129,112,116,42,131,103,17"/><V39/><F114/><W13/><G74/><T95/><D115/><U12/><E119/><V98/><F39/><W90/><G112/><T102/><D71/><U60/><E38/><V37/><F37/><W58/><G116/><T23/><D102/><U113/><E113/><V122/><F122/><W132/><G103/><T14/><D95/><U35/><E121/><V67/><F54/><W128/><G132/><N who="2" m="50761" /><F109/><W126/><G126/><T96/><D96/><U46/><E94/><N who="2" m="56647" /><F105/><W33/><G33/><T110/><D110/><U15/><E60/><V111/><F67/><W118/><G118/><T56/><D56/><U69/><E69/><V55/><F55/><W48/><G4/><T26/><REACH who="0" step="1"/><D72/><REACH who="0" ten="230,215,305,240" step="2"/><U77/><E85/><V20/><F111/><W123/><G123/><T16/><D16/><U120/><E120/><V53/><F70/><W61/><REACH who="3" step="1"/><G129/><REACH who="3" ten="230,215,305,230" step="2"/><T51/><D51/><U65/><E50/><V107/><F107/><W100/><G100/><T83/><D83/><AGARI ba="0,2" hai="13,17,21,42,47,48,58,61,66,83,84,90,128,131" machi="83" ten="40,2600,0" yaku="1,1,53,1" doraHai="73" doraHaiUra="87" who="3" fromWho="0" sc="230,-26,215,0,305,0,230,46" /><INIT seed="3,0,0,2,4,98" ten="204,215,305,276" oya="3" hai0="77,76,12,70,68,32,49,67,26,103,33,46,44" hai1="108,87,20,127,104,128,64,73,66,132,23,62,28" hai2="101,119,2,55,83,69,93,124,94,41,113,40,123" hai3="27,50,15,56,80,122,8,60,51,84,0,107,71"/><W75/><G107/><T19/><D67/><U24/><E104/><V37/><F113/><W14/><G122/><T45/><D49/><U1/><E73/><V86/><F119/><W115/><G115/><T117/><D117/><U91/><E1/><V81/><F81/><W18/><G0/><T59/><D59/><U92/><E108/><V17/><F69/><N who="0" m="26730" /><D26/><U47/><E128/><V35/><F35/><N who="0" m="13386" /><D12/><U82/><E127/><V114/><F2/><W57/><G75/><T106/><D106/><U21/><E132/><V121/><F114/><W7/><G71/><T95/><D19/><U131/><E131/><V126/><F55/><W116/><G27/><T135/><D135/><U9/><E9/><V30/><F17/><W22/><G116/><T34/><N who="0" m="13394" /><T118/><DORA hai="125" /><D118/><U13/><E13/><V85/><F30/><W120/><G56/><T61/><D61/><U111/><E111/><V63/><F63/><W25/><G25/><T48/><D48/><U100/><E47/><N who="0" m="12033" /><T90/><DORA hai="133" /><D90/><U6/><E6/><V74/><F74/><W52/><G120/><T42/><D42/><U58/><E66/><V105/><F105/><W11/><G11/><T39/><D39/><U134/><E134/><V88/><F88/><AGARI ba="0,0" hai="7,8,14,15,18,22,50,51,52,57,60,80,84,88" machi="88" ten="30,11600,0" yaku="7,1,8,1,54,2" doraHai="98,125,133" who="3" fromWho="2" sc="204,0,215,0,305,-116,276,116" owari="204,-19.6,215,1.5,189,-31.1,392,49.2" /></mjloggm>