<mjloggm ver="2.3"><GO type="225" lobby="0"/><UN n0="%E3%82%A2%E3%83%BC%E3%83%A2%E3%83%AD%E3%83%BC%E3%83%B4%E3%82%A1" n1="%43%68%65" n2="%73%69%72%6F%75%74" n3="%E3%82%BC%E3%83%AB%E3%83%80%E3%81%AE%E4%BC%9D%E8%AA%AC" dan="16,16,16,16" rate="2109.19,2141.68,2092.05,2121.60" sx="M,M,M,M"/><TAIKYOKU oya="0"/><INIT seed="0,0,0,2,3,12" ten="250,250,250,250" oya="0" hai0="105,69,75,0,123,80,71,36,26,93,45,88,97" hai1="57,30,22,112,62,107,126,128,11,108,51,39,81" hai2="74,24,66,99,79,89,96,100,21,110,114,76,4" hai3="117,124,56,84,33,131,20,37,28,2,8,3,133"/><T135/><D123/><U101/><E39/><V43/><F114/><W91/><G37/><T64/><D135/><U67/><E112/><V10/><F110/><W104/><G104/><T59/><D0/><U27/><E108/><V61/><F43/><W118/><G56/><T90/><D105/><U15/><E126/><V119/><F119/><W55/><G55/><T5/><D5/><U73/><E128/><V48/><F48/><W94/><G131/><T78/><D90/><U38/><E38/><V18/><F89/><W47/><G47/><T130/><D130/><U83/><E73/><V53/><F53/><W6/><G133/><T134/><D134/><U72/><E72/><V82/><F76/><W120/><G124/><T106/><D106/><U132/><E132/><V111/><F100/><W44/><G44/><T63/><REACH who="0" step="1"/><D26/><REACH who="0" ten="240,250,250,250" step="2"/><U31/><E27/><V86/><F111/><W35/><G2/><T13/><D13/><U70/><E15/><V127/><F127/><W92/><G120/><T1/><D1/><U113/><E107/><V16/><F99/><W50/><G118/><T68/><D68/><U125/><E70/><V49/><F96/><W25/><G117/><T34/><D34/><U102/><E125/><V29/><F4/><W115/><G115/><T95/><D95/><U19/><E113/><V46/><F24/><W32/><G94/><T129/><D129/><U121/><E121/><V14/><F14/><W52/><G32/><T109/><D109/><U103/><E103/><V98/><F79/><W58/><AGARI ba="0,1" hai="3,6,8,20,25,28,33,35,50,52,58,84,91,92" machi="58" ten="20,2700,0" yaku="0,1,7,1,54,1" doraHai="12" who="3" fromWho="3" sc="240,-13,250,-7,250,-7,250,37" /><INIT seed="1,0,0,4,0,15" ten="227,243,243,287" oya="1" hai0="36,22,28,116,84,60,51,19,119,59,11,124,57" hai1="12,125,52,103,39,130,56,107,53,38,4,80,71" hai2="48,79,29,40,98,58,2,118,10,27,62,96,49" hai3="64,34,14,37,41,114,135,106,30,75,122,7,104"/><U78/><E71/><V99/><F118/><W112/><G64/><T23/><D36/><U77/><E130/><V70/><F70/><W33/><G14/><N who="0" m="7647" /><D124/><U88/><E125/><V5/><F79/><W93/><G93/><T18/><D116/><U9/><E78/><V90/><F90/><W89/><G89/><T121/><D121/><U68/><E68/><V1/><F1/><W61/><G61/><T63/><D119/><U21/><E53/><V81/><F81/><W55/><G55/><N who="0" m="31999" /><D84/><U94/><E21/><V17/><F40/><W65/><G41/><T73/><D73/><U26/><E26/><V83/><F83/><W95/><G37/><T6/><D6/><U13/><E13/><N who="2" m="7351" /><F5/><W85/><G7/><T50/><D23/><U100/><E107/><V86/><F86/><W126/><G75/><T102/><D102/><U46/><E39/><V131/><F2/><W97/><G85/><T20/><D20/><U129/><E38/><V87/><F87/><W69/><G122/><T0/><D0/><U47/><E80/><V123/><F131/><W8/><G126/><T24/><D28/><U31/><E31/><V113/><F123/><W42/><G30/><T16/><D18/><U67/><E129/><V133/><F113/><W92/><G69/><T108/><D108/><U101/><E77/><V128/><F128/><W35/><G114/><T115/><D115/><U43/><E4/><V134/><F29/><W109/><G112/><T3/><D3/><U76/><E76/><V105/><F105/><W117/><G117/><T25/><D25/><U45/><E103/><RYUUKYOKU ba="0,0" sc="227,30,243,-10,243,-10,287,-10" hai0="16,22,24,50,59,60,63" /><INIT seed="2,1,0,2,1,56" ten="257,233,233,277" oya="2" hai0="112,58,130,79,131,41,28,18,109,33,76,53,124" hai1="75,51,92,66,111,103,1,87,11,67,95,38,106" hai2="27,88,104,70,6,71,121,117,84,85,108,29,91" hai3="82,118,39,49,59,72,20,107,40,133,102,132,35"/><V60/><F117/><W21/><G118/><T62/><D112/><U36/><E75/><V100/><F121/><W31/><G39/><T25/><D109/><U5/><E106/><V12/><F108/><W74/><G35/><T2/><D2/><U68/><E111/><V34/><F6/><W86/><G107/><T96/><D124/><U114/><E114/><V127/><F12/><W64/><G102/><T69/><D41/><U45/><E67/><N who="2" m="41319" /><F71/><W30/><G40/><T113/><D113/><U47/><E47/><V42/><F42/><W4/><G4/><T37/><D37/><U97/><E92/><V43/><F43/><W94/><G94/><T128/><D69/><U129/><E87/><N who="2" m="33355" /><F127/><W23/><G74/><T16/><D96/><AGARI ba="1,0" hai="27,29,34,88,91,96,100,104" m="33355,41319" machi="96" ten="30,5800,0" yaku="25,1,52,1,54,1" doraHai="56" who="2" fromWho="0" sc="257,-61,233,0,233,61,277,0" /><INIT seed="2,2,0,2,4,74" ten="196,233,294,277" oya="2" hai0="104,57,102,119,122,113,20,1,77,52,118,26,90" hai1="130,81,2,115,46,53,91,88,69,73,36,39,105" hai2="27,128,120,62,33,12,75,3,72,126,45,93,68" hai3="79,98,86,34,24,84,114,18,49,51,28,107,92"/><V25/><F120/><W7/><G114/><T40/><D122/><U17/><E115/><V55/><F3/><W80/><G7/><T19/><D113/><U66/><E105/><V121/><F121/><W58/><G107/><T82/><D1/><U99/><E2/><V89/><F128/><W41/><G41/><T47/><D90/><U8/><E130/><V56/><F68/><W5/><G5/><T111/><D111/><U116/><E116/><N who="0" m="44585" /><D102/><U96/><E66/><V10/><F126/><W129/><G129/><T14/><D104/><U76/><E69/><V54/><F33/><W109/><G109/><T97/><D97/><U71/><E71/><V30/><F72/><W32/><G32/><T43/><D47/><U38/><E99/><V11/><F75/><W44/><G44/><T108/><D14/><U85/><E96/><N who="2" m="57391" /><F30/><W133/><G98/><T23/><D20/><U60/><E91/><V124/><F124/><W42/><G34/><T94/><D94/><U131/><E131/><V78/><F11/><W35/><G35/><T134/><D134/><U21/><E8/><V95/><F95/><W9/><G133/><T31/><D31/><U106/><E106/><V37/><F12/><W135/><G135/><T4/><D4/><U70/><E46/><V87/><F10/><W6/><G6/><T59/><D108/><U123/><E123/><V101/><F101/><W48/><G9/><T65/><D65/><N who="1" m="41255" /><E53/><V15/><F55/><N who="3" m="32103" /><G28/><T16/><D19/><U132/><E132/><V22/><F45/><W110/><G110/><T29/><D29/><U0/><E0/><RYUUKYOKU ba="2,0" sc="196,0,233,0,294,0,277,0" /><INIT seed="3,3,0,4,5,30" ten="196,233,294,277" oya="3" hai0="51,124,113,59,17,56,74,127,122,37,47,73,68" hai1="62,94,28,46,86,105,104,8,54,69,44,92,98" hai2="49,32,19,24,50,79,106,26,116,3,38,101,9" hai3="48,120,93,100,75,35,95,10,128,99,65,27,13"/><W88/><G120/><T70/><D17/><U135/><E135/><V84/><F38/><W71/><G75/><T96/><D96/><U78/><E28/><V82/><F32/><W64/><G71/><N who="0" m="27179" /><D74/><U34/><E34/><V61/><F61/><W130/><G48/><N who="2" m="18537" /><F106/><W6/><G27/><N who="2" m="10281" /><F3/><W107/><G35/><T72/><D72/><U102/><E8/><V89/><F116/><W115/><G115/><T134/><D73/><U76/><E94/><V80/><F101/><W66/><REACH who="3" step="1"/><G107/><REACH who="3" ten="196,233,294,267" step="2"/><T97/><D122/><U85/><E105/><V29/><F29/><W31/><G31/><T83/><D113/><U7/><E104/><V55/><F80/><W119/><G119/><T23/><D83/><U114/><E69/><V18/><F79/><W42/><G42/><N who="0" m="22991" /><D51/><U125/><E114/><V52/><F19/><W12/><G12/><AGARI ba="3,1" hai="9,12,18,52,55,82,84,89" m="10281,18537" machi="12" ten="30,2000,0" yaku="8,1,54,1" doraHai="30" who="2" fromWho="3" sc="196,0,233,0,294,39,267,-29" owari="196,-30.4,233,-16.7,333,43.3,238,3.8" /></mjloggm>