<mjloggm ver="2.3"><GO type="225" lobby="0"/><UN n0="%E3%81%A9%E3%82%93%E3%82%88%E3%81%8F%4D%6B%2E%32" n1="%E3%83%A9%E3%83%96%E3%83%AC%E3%83%BC" n2="%63%68%78%62%64" n3="%E5%86%B7%E5%87%8D%E3%82%AE%E3%83%A7%E3%83%BC%E3%82%B6" dan="16,18,16,16" rate="2162.44,2183.61,2146.69,2139.53" sx="M,M,M,M"/><TAIKYOKU oya="0"/><INIT seed="0,0,0,4,5,77" ten="250,250,250,250" oya="0" hai0="101,19,109,91,68,27,35,34,116,110,42,117,83" hai1="23,94,4,18,24,126,57,12,41,33,108,64,80" hai2="119,129,102,30,124,99,135,59,47,114,113,51,40" hai3="85,78,96,107,87,74,75,8,127,121,60,61,31"/><T44/><D68/><U90/><E126/><V32/><F124/><W21/><G127/><T55/><D101/><U81/><E108/><N who="0" m="41577" /><D55/><U3/><E41/><V20/><F135/><W122/><G8/><T98/><D19/><U50/><E3/><V95/><F129/><W89/><G107/><T112/><D112/><U118/><E33/><N who="0" m="12297" /><D27/><U7/><E118/><N who="0" m="45673" /><D98/><N who="1" m="57687" /><E64/><V37/><F32/><W134/><G96/><T130/><D130/><U63/><E24/><V43/><F119/><W133/><G134/><T29/><D29/><U14/><E63/><V69/><F69/><W39/><G31/><T66/><D66/><U111/><E111/><V84/><F113/><W46/><G60/><T105/><D105/><U36/><E7/><V62/><F114/><W70/><G61/><T2/><D2/><U11/><E36/><V54/><F84/><W115/><G70/><T82/><D91/><U123/><E123/><V10/><F40/><W73/><G89/><T28/><D28/><U103/><E103/><V52/><F37/><AGARI ba="0,0" hai="37,42,44,82,83" m="45673,12297,41577" machi="37" ten="40,12000,1" yaku="14,1,10,1,52,2" doraHai="77" who="0" fromWho="2" sc="250,120,250,0,250,-120,250,0" /><INIT seed="0,1,0,1,3,104" ten="370,250,130,250" oya="0" hai0="2,52,18,88,108,12,78,81,77,97,16,91,121" hai1="50,13,115,89,83,113,48,7,95,118,39,65,92" hai2="135,127,87,82,33,103,130,75,61,45,21,0,35" hai3="20,9,96,14,76,41,131,30,116,40,43,70,29"/><T86/><D121/><U22/><E118/><V129/><F0/><W15/><G116/><T124/><D2/><U51/><E39/><V57/><F135/><W6/><G70/><T93/><D124/><U54/><E65/><V110/><F110/><W1/><G131/><N who="2" m="50185" /><F127/><W100/><G76/><T94/><D108/><U60/><E60/><V123/><F103/><W67/><G67/><T46/><D12/><U128/><E128/><V42/><F123/><W10/><G20/><T5/><D5/><U56/><E95/><V68/><F68/><W134/><G134/><T114/><D114/><N who="1" m="43531" /><E83/><V19/><F57/><W4/><REACH who="3" step="1"/><G1/><REACH who="3" ten="370,250,130,240" step="2"/><T62/><D78/><U28/><E22/><V85/><F61/><W109/><G109/><T105/><D105/><AGARI ba="1,1" hai="4,6,9,10,14,15,29,30,40,41,43,96,100,105" machi="105" ten="40,2600,0" yaku="1,1,9,1,53,0" doraHai="104" doraHaiUra="69" who="3" fromWho="0" sc="370,-29,250,0,130,0,240,39" /><INIT seed="1,0,0,5,1,132" ten="341,250,130,279" oya="1" hai0="116,115,68,46,26,65,37,125,129,84,52,43,66" hai1="3,83,12,60,120,114,58,39,96,92,21,69,121" hai2="50,79,124,22,127,73,2,106,10,104,5,7,89" hai3="14,24,91,47,86,6,32,76,57,29,80,119,122"/><U128/><E114/><V97/><F7/><W8/><G122/><T72/><D72/><U64/><E3/><V130/><F130/><W23/><G119/><T51/><D116/><U42/><E128/><V112/><F112/><W113/><G113/><T20/><D115/><U56/><E83/><V1/><F1/><W30/><G57/><T70/><D129/><U9/><E21/><V31/><F50/><W90/><G32/><T105/><D105/><U25/><E25/><V36/><F36/><W61/><G61/><T35/><D35/><U78/><E78/><V28/><F22/><W82/><G30/><T103/><D103/><U34/><E34/><V99/><F31/><W53/><G82/><T67/><D84/><U59/><E42/><V38/><F28/><W44/><G53/><T18/><REACH who="0" step="1"/><D125/><REACH who="0" ten="331,250,130,279" step="2"/><N who="2" m="48202" /><F38/><W108/><G108/><T75/><D75/><U4/><REACH who="1" step="1"/><E39/><REACH who="1" ten="331,240,130,279" step="2"/><V71/><F71/><W40/><REACH who="3" step="1"/><G47/><AGARI ba="0,2" hai="18,20,26,37,43,46,47,51,52,65,66,67,68,70" machi="47" ten="40,5200,0" yaku="1,1,54,1,53,1" doraHai="132" doraHaiUra="16" who="0" fromWho="3" sc="331,72,240,0,130,0,279,-52" /><INIT seed="2,0,0,4,1,39" ten="403,240,130,227" oya="2" hai0="116,40,76,21,123,101,108,7,56,93,22,117,10" hai1="121,27,48,44,81,92,124,94,113,118,12,9,128" hai2="105,13,69,63,34,77,38,95,75,120,91,67,90" hai3="100,109,66,0,57,107,11,58,17,106,71,61,102"/><V53/><F120/><W99/><G109/><T115/><D108/><U16/><E118/><N who="0" m="45673" /><D76/><U87/><E113/><V54/><F34/><W42/><G42/><T4/><D115/><U8/><E124/><V85/><F105/><W33/><G33/><T103/><D123/><U32/><E128/><V127/><F127/><W68/><G58/><T135/><D135/><U35/><E35/><V3/><F3/><W36/><G36/><T46/><D56/><U83/><E83/><V15/><F38/><W65/><G65/><T134/><D134/><U55/><E121/><V26/><F26/><W41/><G41/><T84/><D84/><U1/><E1/><V78/><F78/><W24/><G24/><T50/><D4/><U119/><E9/><V5/><F5/><W29/><G29/><T59/><D59/><U133/><E133/><V47/><F90/><W64/><G64/><T45/><D45/><U18/><E119/><V43/><F54/><W97/><REACH who="3" step="1"/><G17/><REACH who="3" ten="403,240,130,217" step="2"/><T74/><D40/><U52/><E55/><V60/><F43/><W122/><G122/><T62/><D46/><U2/><E2/><V25/><F25/><W114/><G114/><T89/><D50/><U31/><E18/><V126/><F126/><W111/><G111/><T104/><D62/><U20/><E32/><V28/><F28/><W37/><G37/><T129/><D129/><U70/><E70/><V86/><F63/><W23/><G23/><T72/><D22/><U88/><AGARI ba="0,1" hai="8,12,16,20,27,31,44,48,52,81,87,88,92,94" machi="88" ten="20,16000,3" yaku="0,1,7,1,25,2,8,1,54,3" doraHai="39" who="1" fromWho="1" sc="403,-40,240,170,130,-80,217,-40" /><INIT seed="3,0,0,2,0,6" ten="363,410,50,177" oya="3" hai0="23,5,107,121,104,93,26,82,118,32,34,120,53" hai1="125,71,4,73,109,1,49,40,36,110,97,134,38" hai2="87,59,46,70,81,47,130,78,42,52,39,37,74" hai3="131,7,127,50,15,103,77,123,20,68,105,17,108"/><W129/><G123/><T72/><D118/><U21/><E71/><V88/><F130/><W128/><G127/><T33/><D93/><U25/><E73/><V102/><F70/><W10/><G68/><T90/><D53/><U101/><E134/><V61/><F102/><W13/><G50/><T89/><D5/><U67/><E67/><V31/><F31/><W57/><G57/><T51/><D51/><U79/><E79/><V55/><F55/><W126/><G126/><T113/><D113/><U85/><E85/><V3/><F3/><W99/><G77/><T114/><D114/><U19/><E1/><V98/><F98/><W69/><G69/><T111/><D111/><AGARI ba="0,0" hai="7,10,13,15,17,20,99,103,105,108,111,128,129,131" machi="111" ten="50,4800,0" yaku="19,1,52,1" doraHai="6" who="3" fromWho="0" sc="363,-48,410,0,50,0,177,48" /><INIT seed="3,1,0,4,1,104" ten="315,410,50,225" oya="3" hai0="122,124,100,82,47,42,54,36,106,70,66,11,76" hai1="81,108,5,31,90,117,19,4,33,0,110,46,68" hai2="39,30,51,97,20,132,27,73,35,44,13,21,109" hai3="38,3,6,93,80,61,88,86,58,135,128,60,94"/><W55/><G128/><T134/><BYE who="2" /><D122/><U2/><E68/><V112/><F112/><W57/><G38/><T59/><D124/><U99/><E117/><V14/><F14/><W98/><G135/><T105/><D134/><U45/><E19/><V56/><F56/><W95/><G3/><T12/><D100/><U96/><E81/><V49/><F49/><W116/><G116/><T133/><D133/><U127/><E90/><V34/><F34/><W91/><REACH who="3" step="1"/><G6/><REACH who="3" ten="315,410,50,215" step="2"/><T129/><D129/><U101/><E5/><V7/><F7/><W120/><G120/><T50/><D70/><U48/><E4/><V37/><F37/><W22/><G22/><T9/><D9/><U71/><E71/><V18/><F18/><W15/><G15/><T102/><D102/><U26/><E101/><V78/><F78/><W25/><G25/><T84/><REACH who="0" step="1"/><D66/><AGARI ba="1,1" hai="55,57,58,60,61,66,80,86,88,91,93,94,95,98" machi="66" ten="30,11600,0" yaku="1,1,7,1,8,1,54,1,53,0" doraHai="104" doraHaiUra="16" who="3" fromWho="0" sc="315,-119,410,0,50,0,215,129" /><INIT seed="3,2,0,5,3,91" ten="196,410,50,344" oya="3" hai0="124,21,119,46,132,93,35,44,70,95,106,45,52" hai1="42,101,15,107,96,24,72,57,17,112,130,29,66" hai2="111,3,25,49,40,99,85,133,80,69,94,74,116" hai3="122,8,126,0,115,108,13,7,41,62,34,86,22"/><W104/><G115/><T100/><D106/><U58/><E112/><V117/><F117/><W67/><G122/><T84/><D119/><U90/><E72/><V71/><F71/><W2/><G126/><T18/><D70/><U9/><E130/><V26/><F26/><W28/><G104/><T37/><D35/><U4/><E4/><V68/><F68/><N who="3" m="42103" /><G86/><T73/><D73/><U63/><E42/><V59/><F59/><W75/><G41/><T135/><D37/><U39/><E39/><V55/><F55/><W128/><G75/><T88/><D124/><U77/><E77/><V123/><F123/><W11/><G128/><T1/><D1/><U27/><E90/><V54/><F54/><W129/><G129/><T38/><D38/><U114/><E114/><V33/><F33/><W127/><G127/><T118/><D118/><U76/><E76/><V12/><F12/><W103/><G103/><T23/><D52/><U98/><E96/><V53/><F53/><W121/><G121/><T48/><D48/><U87/><E87/><V97/><F97/><W125/><G125/><T64/><D64/><U109/><E58/><V20/><F20/><W81/><G81/><T43/><D43/><U36/><E36/><V102/><F102/><W110/><G34/><T32/><D32/><N who="1" m="20519" /><E27/><V56/><F56/><W79/><G79/><T50/><D50/><U31/><E31/><V134/><F134/><N who="0" m="51242" /><D18/><U105/><E107/><V131/><F131/><W5/><G28/><T61/><D61/><U10/><E63/><V60/><F60/><W47/><G47/><T83/><D100/><RYUUKYOKU ba="2,0" sc="196,15,410,-15,50,-15,344,15" hai0="21,23,44,45,46,83,84,88,93,95" hai3="0,2,5,7,8,11,13,22,108,110" /><INIT seed="3,3,0,5,2,24" ten="211,395,35,359" oya="3" hai0="23,17,124,3,85,22,8,108,121,62,81,63,10" hai1="45,123,118,53,87,41,84,49,77,14,19,107,113" hai2="70,51,9,71,132,105,134,99,54,29,59,93,128" hai3="27,74,82,4,67,66,95,55,73,46,103,26,133"/><W35/><G133/><T76/><D121/><U38/><E113/><V120/><F120/><W88/><G4/><T2/><D124/><U119/><E123/><V100/><F100/><W28/><G26/><T130/><D130/><U116/><E107/><V79/><F79/><W102/><G102/><T44/><D108/><U0/><E0/><V58/><F58/><W96/><G103/><T31/><D2/><U122/><E77/><V50/><F50/><W33/><G33/><T48/><D3/><U89/><E122/><V127/><F127/><W11/><G11/><T7/><D7/><U18/><E18/><V39/><F39/><W15/><G15/><T42/><D22/><N who="1" m="11639" /><E89/><V111/><F111/><W1/><G1/><T117/><D117/><U64/><E64/><V75/><F75/><W57/><G82/><T21/><D21/><U80/><E80/><V37/><F37/><W34/><G34/><T115/><D115/><U98/><E98/><V60/><F60/><W135/><G135/><T30/><D62/><U83/><E83/><V6/><F6/><W106/><G106/><T36/><D63/><U126/><E126/><V97/><F97/><W92/><G92/><T72/><D72/><N who="3" m="27753" /><G46/><AGARI ba="3,0" hai="38,41,45,46,49,53,84,87,116,118,119" m="11639" machi="46" ten="30,1000,0" yaku="12,1" doraHai="24" who="1" fromWho="3" sc="211,0,395,19,35,0,359,-19" owari="211,-18.9,414,51.4,35,-46.5,340,14.0" /></mjloggm>