<mjloggm ver="2.3"><GO type="225" lobby="0"/><UN n0="%E7%B4%94%E6%BD%94%E3%83%94%E3%83%A9%E3%83%8B%E3%82%A2" n1="%72%69%6F%75%63%68%61%6E" n2="%E5%A4%9C%E3%81%AE%E3%82%AC%E3%82%B9%E3%83%91%E3%83%BC%E3%83%AB" n3="%E3%81%BF%E3%81%BF%E3%81%9A" dan="16,16,16,17" rate="2157.73,2136.01,2119.44,2243.30" sx="M,M,M,M"/><TAIKYOKU oya="0"/><INIT seed="0,0,0,4,5,133" ten="250,250,250,250" oya="0" hai0="34,98,45,24,128,38,17,3,21,40,13,42,135" hai1="117,104,79,103,56,112,10,63,121,0,100,18,64" hai2="111,83,59,60,102,95,97,48,16,106,14,58,11" hai3="23,123,134,86,127,116,19,31,105,46,37,69,80"/><T107/><D135/><U53/><E117/><V109/><F83/><W118/><G134/><T27/><D128/><U2/><E121/><V74/><F74/><W77/><G69/><T70/><D70/><U35/><E35/><V36/><F36/><W26/><G123/><T44/><D3/><U67/><E112/><V93/><F48/><W126/><G105/><T115/><D115/><U65/><E79/><V22/><F11/><W8/><G37/><T87/><D34/><U85/><E85/><V91/><F106/><W1/><G46/><T122/><D122/><U5/><E0/><V52/><REACH who="2" step="1"/><F59/><REACH who="2" ten="250,250,240,250" step="2"/><W39/><G39/><T50/><D107/><U33/><E104/><V30/><F30/><W89/><G77/><T129/><D129/><U110/><E110/><V88/><F88/><W29/><G31/><T120/><D120/><U90/><E90/><V9/><F9/><W96/><G96/><AGARI ba="0,1" hai="14,16,22,52,58,60,91,93,95,96,97,102,109,111" machi="96" ten="40,5200,0" yaku="1,1,54,2,53,0" doraHai="133" doraHaiUra="78" who="2" fromWho="3" sc="250,0,250,0,240,62,250,-52" /><INIT seed="1,0,0,3,4,54" ten="250,250,302,198" oya="1" hai0="75,114,96,102,23,68,118,2,127,53,105,5,121" hai1="22,92,67,109,19,48,90,57,42,50,28,125,111" hai2="94,6,49,117,56,18,58,116,78,39,85,91,74" hai3="51,14,104,43,63,110,4,11,79,1,72,99,129"/><U115/><E125/><V55/><F39/><W27/><G110/><N who="1" m="41994" /><E115/><V84/><F74/><W122/><G122/><T12/><D68/><U130/><E130/><V40/><F40/><W25/><G129/><T47/><D2/><U10/><E28/><V83/><F6/><W38/><G51/><N who="1" m="19498" /><E42/><V62/><REACH who="2" step="1"/><F18/><REACH who="2" ten="250,250,292,198" step="2"/><W7/><G7/><T73/><D75/><U16/><E10/><V88/><F88/><W69/><G43/><T41/><D73/><U46/><E46/><V17/><F17/><W86/><G38/><T80/><D5/><U124/><E124/><V113/><F113/><W120/><G72/><T123/><D47/><U8/><E8/><V70/><F70/><W24/><G1/><T34/><D127/><U97/><E22/><V107/><F107/><W95/><G104/><T59/><D105/><U36/><E36/><V64/><AGARI ba="0,1" hai="49,55,56,58,62,64,78,83,84,85,91,94,116,117" machi="64" ten="20,8000,1" yaku="1,1,0,1,7,1,52,2,53,0" doraHai="54" doraHaiUra="108" who="2" fromWho="2" sc="250,-20,250,-40,292,90,198,-20" /><INIT seed="2,0,0,2,4,29" ten="230,210,382,178" oya="2" hai0="112,73,6,87,19,129,103,26,53,92,127,23,101" hai1="108,49,113,78,70,37,61,118,75,119,27,130,8" hai2="10,135,5,85,46,107,116,82,72,2,110,24,41" hai3="77,96,1,21,88,47,104,59,13,58,30,66,94"/><V83/><F116/><W0/><G77/><T32/><D73/><U43/><E113/><V48/><F107/><W71/><G71/><T44/><D112/><U45/><E108/><V109/><F135/><W67/><G104/><T122/><D122/><U51/><E130/><V114/><F114/><W28/><G47/><T63/><D129/><U31/><E8/><V126/><F126/><W76/><G76/><T36/><D32/><N who="1" m="20607" /><E49/><V81/><F72/><W60/><G0/><T42/><D127/><U105/><E51/><V56/><F56/><W33/><G1/><T79/><D6/><U99/><E78/><N who="2" m="46263" /><F24/><W52/><G33/><T100/><D79/><U120/><E120/><V84/><F84/><W121/><G121/><T25/><D25/><U40/><E40/><V7/><F7/><W125/><G125/><T68/><D87/><U11/><E11/><V86/><F86/><W80/><G80/><T39/><D39/><U50/><E50/><V9/><F9/><W4/><G67/><T124/><D124/><U20/><E20/><V91/><F91/><W93/><G93/><T89/><D89/><U3/><E3/><V55/><F41/><W17/><G4/><T15/><D26/><U134/><E134/><V65/><F65/><W16/><G17/><T57/><REACH who="0" step="1"/><D68/><REACH who="0" ten="220,210,382,178" step="2"/><U69/><E75/><V95/><F5/><W128/><G128/><T38/><D38/><U12/><E69/><V18/><F110/><W111/><G111/><T106/><D106/><U14/><E118/><V35/><F109/><W123/><G123/><T102/><D102/><N who="1" m="62687" /><E119/><V22/><F35/><RYUUKYOKU ba="0,1" sc="220,10,210,10,382,-30,178,10" hai0="15,19,23,36,42,44,53,57,63,92,100,101,103" hai1="12,14,37,43,45,61,70" hai3="13,16,21,28,30,52,58,59,60,66,88,94,96" /><INIT seed="3,1,1,1,4,105" ten="230,220,352,188" oya="3" hai0="5,95,116,135,77,64,114,7,101,34,96,19,129" hai1="25,16,51,38,89,108,65,85,41,8,4,79,48" hai2="17,99,13,68,37,71,119,42,18,124,130,132,32" hai3="120,22,131,86,9,31,100,15,36,84,82,88,44"/><W54/><G120/><T3/><D116/><U57/><E108/><V78/><F32/><W24/><G131/><T46/><D34/><U14/><E79/><V43/><F119/><W106/><G106/><T49/><D129/><U11/><E38/><V55/><F130/><W109/><G109/><T67/><D3/><U30/><E41/><V20/><F124/><W29/><G100/><T23/><D77/><U76/><E76/><V87/><F132/><W91/><G31/><T133/><D114/><U81/><E65/><N who="0" m="25161" /><D135/><U66/><E66/><V12/><F99/><W74/><G74/><T103/><D103/><U50/><E57/><V60/><F87/><W126/><G126/><T6/><D133/><U26/><REACH who="1" step="1"/><E30/><REACH who="1" ten="230,210,352,188" step="2"/><V21/><F78/><W52/><G36/><T53/><D46/><U134/><E134/><V28/><F43/><W102/><G44/><N who="0" m="27815" /><D6/><U72/><E72/><V27/><F42/><W58/><G58/><T61/><D61/><U40/><E40/><V128/><F60/><W69/><G69/><T112/><D112/><U10/><E10/><V47/><F128/><W90/><G102/><T35/><D7/><U107/><E107/><V118/><F71/><W56/><G56/><T63/><D5/><U80/><E80/><V0/><F68/><W94/><G91/><T62/><D62/><U2/><AGARI ba="1,2" hai="2,4,8,11,14,16,25,26,48,50,51,81,85,89" machi="2" ten="30,4000,0" yaku="1,1,0,1,54,1,53,0" doraHai="105" doraHaiUra="117" who="1" fromWho="1" sc="230,-11,210,63,352,-11,188,-21" owari="219,-18.1,273,7.3,341,44.1,167,-33.3" /></mjloggm>