<mjloggm ver="2.3"><GO type="225" lobby="0"/><UN n0="%E3%82%B2%E3%82%B9%E8%8C%82%E5%8B%9D" n1="%E3%81%BF%E3%81%BF%E3%81%9A" n2="%E4%BF%BA%E3%81%A8%E5%A6%96%E5%A4%A2" n3="%E5%B8%86%E7%AB%8B%E5%A4%8F%E8%A1%A3" dan="16,16,17,16" rate="2084.59,2151.77,2210.48,2126.91" sx="F,M,F,M"/><TAIKYOKU oya="0"/><INIT seed="0,0,0,5,3,6" ten="250,250,250,250" oya="0" hai0="28,126,20,88,14,120,70,23,114,1,59,122,33" hai1="24,25,110,21,119,27,99,17,47,131,73,15,123" hai2="80,112,53,3,101,13,74,10,65,135,81,26,52" hai3="100,132,12,69,115,87,2,16,37,8,7,108,82"/><T42/><D70/><U32/><E119/><V18/><F112/><W78/><G115/><T97/><D114/><U54/><E73/><V61/><F135/><W60/><G108/><T79/><D1/><U35/><E99/><V50/><F3/><W29/><G132/><T71/><D71/><U5/><E54/><V9/><F101/><W56/><G37/><T67/><D42/><U130/><E47/><N who="2" m="27743" /><F74/><W19/><G69/><T45/><D45/><U106/><E106/><V89/><F26/><N who="1" m="10345" /><E123/><V94/><F65/><W129/><G29/><T98/><D33/><N who="1" m="12875" /><E110/><V36/><F36/><W107/><G2/><T30/><D67/><U40/><E40/><V0/><F0/><W62/><G62/><T41/><D41/><U43/><E43/><V63/><F63/><W91/><G91/><T64/><D64/><U68/><E68/><V83/><F53/><W84/><G100/><T44/><D44/><U102/><E102/><V38/><F61/><W127/><G107/><T72/><D72/><U96/><E96/><N who="2" m="57423" /><F38/><W124/><G60/><T46/><D46/><U90/><E90/><V39/><F39/><W48/><G56/><T121/><D121/><U104/><E104/><V75/><F75/><W11/><G48/><T103/><D88/><U86/><E86/><V66/><F66/><W85/><G85/><T51/><D103/><U57/><E57/><V55/><F55/><W118/><G87/><T109/><D59/><U93/><E93/><V113/><F113/><W34/><G84/><T117/><D109/><U125/><E125/><V4/><F83/><W58/><G127/><RYUUKYOKU ba="0,0" sc="250,-15,250,15,250,15,250,-15" hai1="5,15,17,21,27,130,131" hai2="4,9,10,13,18,80,81" /><INIT seed="1,1,0,2,0,114" ten="235,265,265,235" oya="1" hai0="78,11,100,101,72,105,80,116,67,89,14,123,48" hai1="126,108,73,52,9,95,49,94,118,98,132,6,25" hai2="97,27,109,125,29,93,81,64,79,66,107,111,24" hai3="87,57,0,36,68,84,19,74,91,134,99,104,76"/><U96/><E73/><V28/><F107/><W54/><G0/><T33/><D123/><U75/><E75/><V71/><F125/><W2/><G2/><T90/><D33/><U65/><E126/><V51/><F51/><W46/><G134/><T120/><D120/><U53/><E132/><V115/><F115/><W16/><G68/><T63/><D48/><U23/><E65/><V43/><F43/><W128/><G128/><T110/><D110/><N who="2" m="41994" /><F27/><W38/><G74/><T18/><D100/><N who="1" m="60439" /><E118/><V30/><F24/><W62/><G104/><T17/><D116/><U5/><E108/><V50/><F50/><N who="3" m="29015" /><G38/><T10/><D101/><N who="1" m="60639" /><E9/><V32/><F32/><W106/><G106/><T34/><D34/><U26/><E26/><V7/><F7/><N who="1" m="2569" /><E49/><V121/><F121/><W58/><G36/><T103/><D103/><U130/><E130/><V41/><F71/><W70/><G70/><T45/><D105/><U47/><E47/><V15/><F15/><W129/><G129/><T22/><D45/><U56/><E56/><V37/><F93/><N who="3" m="56767" /><G58/><T20/><D63/><U42/><E42/><V133/><F97/><W21/><G57/><T13/><REACH who="0" step="1"/><D67/><REACH who="0" ten="225,265,265,235" step="2"/><U113/><E113/><V4/><F133/><W92/><G62/><T83/><D83/><U61/><E61/><V127/><F127/><W77/><G92/><T31/><D31/><AGARI ba="1,1" hai="23,25,31,52,53" m="2569,60639,60439" machi="31" ten="30,2900,0" yaku="8,1,54,1" doraHai="114" who="1" fromWho="0" sc="225,-32,265,42,265,0,235,0" /><INIT seed="1,2,0,4,0,43" ten="193,307,265,235" oya="1" hai0="58,80,48,121,37,42,89,99,22,74,124,47,35" hai1="33,5,53,55,31,95,93,32,129,123,111,104,13" hai2="3,60,100,66,91,119,90,109,11,10,84,65,50" hai3="70,6,68,113,4,83,39,26,44,77,41,88,103"/><U0/><E104/><V131/><F119/><W52/><G113/><T132/><D124/><U86/><E123/><V130/><F109/><W116/><G116/><T127/><D127/><U36/><E36/><V87/><F100/><W8/><G4/><T128/><D128/><N who="2" m="49194" /><F3/><W115/><G26/><T71/><D132/><U106/><E106/><V79/><F79/><W118/><G103/><T17/><D71/><U82/><E0/><V122/><F122/><W97/><G115/><T49/><D121/><U38/><E38/><V54/><F87/><W72/><G52/><T64/><D35/><U85/><E129/><V94/><F91/><W1/><G118/><T18/><D18/><U20/><E111/><V46/><F66/><W114/><G114/><T15/><D74/><U63/><E63/><V69/><AGARI ba="2,0" hai="10,11,46,50,54,60,65,69,84,90,94" m="49194" machi="69" ten="30,2000,0" yaku="19,1,52,1" doraHai="43" who="2" fromWho="2" sc="193,-7,307,-12,265,26,235,-7" /><INIT seed="2,0,0,3,4,124" ten="186,295,291,228" oya="2" hai0="30,117,26,85,96,32,25,35,77,113,119,48,135" hai1="84,10,75,73,57,51,109,98,56,19,36,126,31" hai2="62,89,2,131,80,45,34,105,94,46,97,71,125" hai3="87,43,79,129,18,92,133,64,110,88,120,14,9"/><V27/><F2/><W114/><G129/><T60/><D113/><U53/><E36/><V54/><F125/><W55/><G110/><T130/><D60/><U39/><E39/><V3/><F3/><W29/><G133/><T49/><D135/><U68/><E68/><V81/><F131/><W5/><G114/><T116/><D130/><U69/><E69/><V118/><F118/><W41/><G120/><T6/><D6/><U132/><E31/><V22/><F34/><W4/><G29/><T11/><D11/><U93/><E126/><V74/><F105/><W12/><G64/><T82/><D32/><U47/><E75/><V115/><F71/><W121/><G121/><T86/><D25/><U37/><E73/><V112/><F74/><W76/><G55/><T20/><D35/><U103/><E37/><V106/><F106/><W38/><G4/><T95/><REACH who="0" step="1"/><D85/><REACH who="0" ten="176,295,291,228" step="2"/><U40/><E132/><V13/><F112/><W72/><G72/><T21/><D21/><U78/><E109/><V108/><F108/><W101/><G101/><AGARI ba="0,1" hai="20,26,30,48,49,77,82,86,95,96,101,116,117,119" machi="101" ten="40,2600,0" yaku="1,1,12,1,53,0" doraHai="124" doraHaiUra="134" who="0" fromWho="3" sc="176,36,295,0,291,0,228,-26" /><INIT seed="3,0,0,5,4,40" ten="212,295,291,202" oya="3" hai0="101,50,93,33,134,41,123,119,36,16,52,59,107" hai1="79,111,80,83,108,39,3,127,69,46,68,117,24" hai2="92,20,66,12,120,2,103,10,32,13,82,42,70" hai3="88,91,53,106,64,28,104,71,114,67,115,97,0"/><W47/><G0/><T43/><D119/><U55/><E117/><V15/><F32/><W48/><G28/><T113/><D123/><U23/><E3/><V84/><F120/><W49/><G71/><T121/><D121/><U35/><E35/><V1/><F42/><N who="0" m="15882" /><D107/><U95/><E95/><V78/><F66/><W27/><G53/><T34/><D36/><U99/><E99/><N who="2" m="59879" /><F70/><W72/><G72/><T21/><D34/><U131/><E127/><V11/><F1/><W18/><G18/><T77/><D33/><U129/><E39/><V96/><F2/><W9/><G97/><N who="0" m="59567" /><D113/><U51/><E69/><V116/><F116/><W122/><G122/><T102/><D134/><U37/><E68/><V75/><F75/><W14/><G14/><N who="2" m="5737" /><F96/><W56/><G56/><T125/><D125/><U57/><E37/><V19/><AGARI ba="0,0" hai="10,11,15,19,20,78,82,84" m="5737,59879" machi="19" ten="30,1100,0" yaku="8,1" doraHai="40" who="2" fromWho="2" sc="212,-3,295,-3,291,11,202,-5" owari="209,-19.1,292,9.2,302,40.2,197,-30.3" /></mjloggm>