<mjloggm ver="2.3"><GO type="225" lobby="0"/><UN n0="%E5%B8%86%E7%AB%8B%E5%A4%8F%E8%A1%A3" n1="%E7%89%B9%E6%9D%B1%E3%81%AF%E4%B8%96%E7%95%8C%E3%82%92%E6%95%91%E3%81%86" n2="%6D%75%75%73%61%6E%6D%75" n3="%E3%80%93%E3%81%97%E3%83%BC%E3%82%89%E3%80%93" dan="16,16,17,17" rate="2194.48,2149.83,2169.06,2219.29" sx="M,M,F,M"/><TAIKYOKU oya="0"/><INIT seed="0,0,0,5,5,23" ten="250,250,250,250" oya="0" hai0="95,97,45,92,41,101,61,130,18,58,80,63,40" hai1="85,24,59,112,29,65,26,108,91,76,10,13,54" hai2="37,20,125,68,129,12,22,123,51,114,70,87,56" hai3="3,126,60,6,28,67,83,94,72,66,21,11,82"/><T109/><D130/><U55/><E108/><V102/><F123/><W74/><G126/><T69/><D109/><U132/><E132/><V134/><F37/><W7/><G94/><T84/><D69/><U46/><E76/><V120/><F120/><W48/><G48/><T127/><D92/><U77/><E77/><V113/><F125/><W2/><G21/><T50/><D127/><U79/><E79/><V5/><F134/><W106/><G28/><T128/><D128/><U71/><E71/><V99/><F129/><W122/><G11/><T31/><D31/><U4/><E112/><V131/><F131/><W9/><G9/><T121/><D121/><U78/><E78/><V117/><F117/><W39/><G122/><T38/><D38/><U104/><E104/><V107/><F70/><W17/><G39/><T115/><D115/><U44/><E65/><V19/><F68/><W124/><G124/><T93/><D93/><N who="1" m="54511" /><E55/><V88/><F5/><W118/><G106/><T52/><D63/><N who="1" m="36343" /><E29/><V53/><REACH who="2" step="1"/><F22/><REACH who="2" ten="250,250,240,250" step="2"/><W119/><G118/><T42/><REACH who="0" step="1"/><D18/><REACH who="0" ten="240,250,240,250" step="2"/><U35/><E35/><V33/><F33/><W36/><G119/><T110/><D110/><U103/><E103/><V135/><F135/><W111/><G17/><T98/><D98/><U47/><AGARI ba="0,2" hai="4,10,13,24,26,44,46,47" m="36343,54511" machi="47" ten="30,4000,0" yaku="8,1,52,2" doraHai="23" who="1" fromWho="1" sc="240,-20,250,60,240,-10,250,-10" /><INIT seed="1,0,0,1,2,134" ten="220,310,230,240" oya="1" hai0="51,116,42,91,115,20,108,18,107,101,70,92,126" hai1="64,78,66,71,83,47,45,63,7,28,75,99,49" hai2="122,44,110,32,131,31,57,93,95,79,127,1,81" hai3="11,19,22,87,50,6,102,56,72,128,105,68,112"/><U103/><E66/><V54/><F122/><W0/><G72/><T124/><D70/><U97/><E7/><V14/><F1/><W29/><G68/><T135/><D115/><U133/><E133/><V5/><F110/><W118/><G112/><T113/><D113/><U9/><E9/><V106/><F106/><W16/><G128/><T61/><D135/><U121/><E121/><V85/><F131/><W23/><G118/><T111/><D61/><U62/><E62/><V98/><F127/><N who="0" m="48682" /><D116/><U104/><E49/><V37/><F32/><W94/><G105/><T76/><D76/><U39/><E39/><V96/><F31/><W8/><G29/><T10/><D10/><N who="3" m="3625" /><G6/><T88/><D107/><U21/><E63/><N who="2" m="36279" /><F37/><W12/><G0/><T77/><D77/><U36/><E78/><V15/><F5/><W59/><G50/><T4/><D4/><U67/><E36/><V80/><F79/><W114/><G114/><T89/><D51/><U40/><E71/><V55/><F44/><W100/><G100/><T90/><D101/><U48/><E103/><N who="2" m="60815" /><F55/><W73/><G73/><T35/><D35/><U26/><E104/><V86/><F15/><N who="3" m="9503" /><G102/><T82/><D42/><U13/><E40/><V65/><F14/><W120/><G120/><T74/><D74/><U34/><E13/><V43/><F43/><W109/><G109/><N who="0" m="42059" /><D92/><U41/><E75/><V53/><F95/><W46/><G46/><T3/><D3/><U38/><E34/><V125/><F125/><W17/><G94/><T58/><N who="0" m="22528" /><DORA hai="33" /><T119/><D119/><U123/><E47/><V130/><F130/><RYUUKYOKU ba="0,0" sc="220,0,310,0,230,0,240,0" /><INIT seed="2,1,0,3,3,24" ten="220,310,230,240" oya="2" hai0="114,21,76,77,87,53,52,110,64,104,126,59,39" hai1="120,49,33,68,14,90,27,124,28,8,72,66,44" hai2="82,6,29,71,127,89,40,51,122,123,117,56,65" hai3="111,85,46,11,3,13,131,106,128,18,108,121,57"/><V74/><F117/><W61/><G106/><T34/><D34/><U55/><E72/><V22/><F127/><W16/><G121/><T12/><D104/><U97/><E124/><V132/><F71/><W107/><G107/><T86/><D39/><U134/><E120/><V133/><F6/><N who="3" m="1503" /><G85/><N who="0" m="32267" /><D110/><N who="3" m="42025" /><G46/><T41/><D114/><U100/><E90/><V4/><F89/><W70/><G70/><T125/><D41/><U37/><E37/><V96/><F4/><W84/><G84/><T109/><D109/><U73/><E73/><V50/><F96/><W38/><G38/><T7/><D126/><U98/><E100/><V54/><F122/><W43/><G43/><T26/><D125/><U101/><E101/><V17/><F123/><W113/><G113/><T81/><D81/><U42/><E42/><V118/><F118/><W119/><G119/><T88/><D88/><U129/><E98/><V15/><F82/><W5/><G5/><T135/><D135/><N who="2" m="51786" /><F74/><W19/><G13/><T30/><D12/><U105/><E97/><V78/><F78/><N who="0" m="30314" /><D7/><U47/><E134/><V91/><F91/><W116/><G116/><T10/><D10/><U99/><E8/><N who="2" m="6375" /><F40/><W62/><G62/><AGARI ba="1,0" hai="21,26,30,52,53,59,62,64" m="30314,32267" machi="62" ten="30,3900,0" yaku="8,1,52,1,54,1" doraHai="24" who="0" fromWho="3" sc="220,42,310,0,230,0,240,-42" /><INIT seed="3,0,0,5,5,41" ten="262,310,230,198" oya="3" hai0="59,93,47,7,67,39,51,134,94,20,36,49,81" hai1="82,66,103,129,2,72,29,0,35,58,87,122,61" hai2="44,4,91,5,26,135,19,31,100,90,118,97,53" hai3="14,34,1,102,86,76,99,24,32,56,105,96,38"/><W131/><G38/><T80/><D7/><U42/><E122/><V79/><F118/><W15/><G1/><T71/><D71/><U68/><E72/><V54/><F79/><W43/><G131/><T45/><D134/><U126/><E129/><V104/><F135/><W65/><G43/><T60/><D20/><U83/><E83/><N who="0" m="31817" /><D39/><U64/><E42/><V115/><F5/><W17/><G76/><T113/><D36/><U124/><E103/><V98/><F4/><W120/><G120/><T69/><D69/><U8/><E8/><V78/><F78/><W37/><G37/><T74/><D113/><U89/><E64/><V117/><F117/><W57/><G86/><T16/><D16/><U28/><E68/><V85/><F19/><W123/><G123/><T40/><D74/><U110/><E110/><V107/><F115/><W30/><G34/><T50/><D40/><U116/><E116/><V88/><F85/><W70/><G96/><T73/><D73/><U133/><E133/><V13/><F13/><W106/><G106/><T112/><D112/><U119/><E119/><V84/><F84/><W25/><G25/><T109/><D109/><U6/><E6/><V101/><F101/><W12/><REACH who="3" step="1"/><G17/><REACH who="3" ten="262,310,230,188" step="2"/><T130/><D130/><U11/><E35/><N who="2" m="20983" /><F98/><W127/><G127/><N who="1" m="48682" /><E2/><V48/><F104/><W10/><G10/><T75/><D75/><U18/><E0/><V63/><F107/><W23/><G23/><T27/><D27/><U33/><E33/><V121/><F121/><W114/><G114/><T125/><D125/><U21/><E11/><V55/><F97/><RYUUKYOKU ba="0,1" sc="262,10,310,10,230,-30,188,10" hai0="45,47,49,50,51,59,60,67,93,94" hai1="18,21,28,29,58,61,66,82,87,89" hai3="12,14,15,24,30,32,56,57,65,70,99,102,105" /><INIT seed="3,1,1,1,4,54" ten="272,320,200,198" oya="3" hai0="42,67,59,34,40,53,10,95,72,12,38,5,101" hai1="62,126,47,73,113,9,107,118,96,123,21,19,129" hai2="78,43,102,15,36,22,51,132,117,81,70,17,89" hai3="7,122,69,16,90,116,91,131,14,84,65,83,97"/><W23/><G116/><T85/><D72/><U60/><E113/><V63/><F36/><W25/><G122/><T112/><D38/><U29/><E73/><V18/><F132/><W110/><G131/><T88/><D34/><U64/><E123/><V49/><F102/><W56/><G69/><T99/><D67/><U127/><E129/><V74/><F117/><W46/><G110/><T32/><D32/><U106/><E118/><V135/><F135/><W55/><G65/><T76/><D76/><U109/><E29/><V20/><F43/><W66/><G66/><T45/><D45/><U2/><E47/><V27/><F70/><W104/><G46/><T28/><D28/><U68/><E60/><V114/><F63/><N who="3" m="36255" /><G104/><T108/><D108/><U120/><E96/><V37/><F37/><W111/><G111/><T71/><D71/><U121/><E109/><V39/><F39/><W134/><G134/><T8/><D8/><U0/><E121/><V50/><F114/><W77/><G97/><T98/><D98/><U115/><E120/><V103/><F103/><W35/><G35/><T24/><D24/><N who="1" m="14399" /><E115/><V4/><F4/><W75/><G75/><T105/><D112/><U57/><E68/><V1/><F1/><W52/><G52/><T93/><D105/><N who="1" m="39947" /><E9/><AGARI ba="1,1" hai="7,9,14,16,23,25,77,83,84,90,91" m="36255" machi="9" ten="30,5800,0" yaku="8,1,52,1,54,1" doraHai="54" who="3" fromWho="1" sc="272,0,320,-61,200,0,198,71" /><INIT seed="3,2,0,5,4,129" ten="272,259,200,269" oya="3" hai0="85,119,73,75,59,54,88,52,113,118,2,17,0" hai1="36,5,38,103,95,18,89,48,29,53,62,1,24" hai2="21,116,22,49,30,127,69,45,11,92,34,76,15" hai3="123,96,132,61,71,126,28,19,102,67,72,33,65"/><W114/><G72/><T25/><D25/><U94/><E62/><V63/><F116/><W133/><G114/><T44/><D17/><U105/><E105/><V14/><F127/><W90/><G123/><T82/><D113/><U97/><E18/><V13/><F34/><W84/><G67/><T99/><D75/><U16/><E5/><V134/><F76/><W35/><G19/><T91/><D73/><U74/><E1/><V51/><F69/><W110/><G110/><T78/><D2/><U23/><E29/><V8/><F63/><W100/><G126/><T124/><D0/><U31/><E31/><V98/><F134/><N who="3" m="51819" /><G28/><T46/><D124/><U131/><E131/><V108/><F108/><W12/><G12/><T135/><D135/><U68/><E68/><V9/><F30/><W6/><G6/><T80/><D78/><U56/><REACH who="1" step="1"/><E74/><REACH who="1" ten="272,249,200,269" step="2"/><V4/><F4/><W112/><G112/><T77/><D119/><U120/><E120/><V106/><F106/><N who="3" m="63751" /><G102/><T111/><D118/><U58/><E58/><V130/><F130/><W93/><AGARI ba="2,1" hai="33,35,61,65,71,84,90,93" m="63751,51819" machi="93" ten="30,11700,0" yaku="20,1,52,3" doraHai="129" who="3" fromWho="3" sc="272,-41,249,-41,200,-41,269,133" owari="231,3.1,208,-19.2,159,-34.1,402,50.2" /></mjloggm>