<mjloggm ver="2.3"><GO type="225" lobby="0"/><UN n0="%E3%81%99%E3%81%84%E3%81%BE%E3%81%9B%E3%83%BC%E3%82%93" n1="%E6%B5%81%E3%82%8C%EF%BC%9F%53%4F%41" n2="%43%68%65" n3="%E3%81%B2%E3%81%AA%E3%81%AE%E3%82%8A%E3%81%8F" dan="16,16,16,16" rate="2139.13,2082.96,2126.86,2134.84" sx="M,M,M,M"/><TAIKYOKU oya="0"/><INIT seed="0,0,0,5,2,0" ten="250,250,250,250" oya="0" hai0="33,37,133,130,64,83,30,56,79,35,67,60,11" hai1="75,2,97,24,84,43,36,25,27,6,58,17,54" hai2="98,49,16,126,74,122,82,92,8,80,28,53,78" hai3="102,4,12,107,21,44,31,123,68,128,26,86,71"/><T23/><D130/><U73/><E36/><V55/><F122/><W69/><G128/><T113/><D113/><U59/><E43/><V50/><F126/><W108/><G123/><T40/><D133/><U72/><E84/><V88/><F28/><W95/><G108/><T34/><D67/><U47/><E17/><V70/><F70/><W39/><G107/><T45/><D11/><U120/><E120/><V99/><F82/><W14/><G14/><T105/><D105/><U135/><E135/><V114/><F114/><W13/><G4/><T63/><D63/><U100/><E47/><V62/><F99/><W110/><G110/><T101/><D101/><U116/><E116/><V22/><F8/><W103/><G86/><T118/><D23/><U77/><E77/><V15/><REACH who="2" step="1"/><F62/><REACH who="2" ten="250,250,240,250" step="2"/><W1/><G71/><T112/><D112/><U117/><E117/><V7/><F7/><W38/><G69/><T96/><D96/><U52/><E6/><V90/><F90/><W76/><G76/><T132/><D132/><U57/><REACH who="1" step="1"/><E2/><REACH who="1" ten="250,240,240,250" step="2"/><V94/><F94/><AGARI ba="0,2" hai="24,25,27,52,54,57,58,59,72,73,75,94,97,100" machi="94" ten="50,8000,1" yaku="1,1,2,1,29,2,54,1,53,0" doraHai="0" doraHaiUra="119" who="1" fromWho="2" sc="250,0,240,100,240,-80,250,0" /><INIT seed="1,0,0,0,1,104" ten="250,340,160,250" oya="1" hai0="4,99,88,84,9,114,11,37,87,2,14,129,57" hai1="3,98,50,18,89,39,72,112,36,103,96,28,123" hai2="70,42,85,22,126,116,107,8,74,55,83,81,21" hai3="93,38,91,120,48,133,0,121,53,109,79,71,49"/><U5/><E112/><V59/><F116/><W27/><G38/><T13/><D114/><U130/><E123/><V54/><F70/><W94/><G71/><T45/><D129/><U113/><E113/><V60/><F107/><W117/><G117/><T108/><D108/><U128/><E28/><V131/><F131/><W86/><G109/><T16/><D2/><U20/><E5/><V35/><F35/><W17/><G0/><T68/><D68/><U80/><E3/><V64/><F126/><W46/><G133/><T134/><D134/><U10/><E10/><V118/><F118/><W101/><G79/><T33/><D33/><U29/><E29/><V110/><F42/><W92/><G49/><T44/><D57/><U76/><E50/><V31/><F110/><W63/><G63/><T122/><D122/><U97/><E89/><V52/><F31/><W90/><G101/><T12/><D12/><N who="1" m="9287" /><E103/><V51/><F51/><W106/><G106/><T56/><D56/><U19/><E19/><V69/><F69/><W78/><G120/><T119/><D119/><U115/><E115/><V47/><F47/><N who="0" m="17994" /><D37/><N who="1" m="14411" /><E128/><V132/><F132/><W135/><G135/><T125/><D125/><U43/><E43/><V95/><F8/><W73/><G121/><T82/><D87/><U61/><E61/><V65/><F65/><W127/><G127/><T30/><D30/><U66/><E66/><V100/><F74/><W7/><G73/><T62/><D62/><U34/><E34/><V41/><F41/><W102/><G86/><T6/><D6/><U58/><E130/><V25/><F64/><RYUUKYOKU ba="0,0" sc="250,15,340,15,160,-15,250,-15" hai0="4,9,11,13,14,16,82,84,88,99" hai1="58,72,76,80,96,97,98" /><INIT seed="1,1,0,4,2,112" ten="265,355,145,235" oya="1" hai0="91,117,31,47,97,7,85,12,108,13,114,66,14" hai1="76,20,125,62,65,133,86,130,77,9,81,52,34" hai2="40,135,96,87,60,100,83,22,28,101,55,111,4" hai3="110,124,73,42,118,15,8,43,17,68,113,53,106"/><U19/><E34/><V59/><F111/><W24/><G113/><T115/><D108/><U45/><E130/><V98/><F135/><W30/><G110/><T105/><D117/><U89/><E133/><V95/><F4/><W11/><G73/><T94/><D7/><U5/><E125/><V0/><F0/><W33/><G124/><T74/><D74/><U6/><E6/><V79/><F40/><W16/><G68/><T39/><D66/><U116/><E116/><V57/><F57/><W29/><G106/><T129/><D129/><U35/><E35/><V119/><F119/><W93/><G30/><T120/><D31/><U54/><E9/><V127/><F127/><W38/><G38/><T27/><D27/><N who="1" m="14751" /><E5/><V32/><F32/><W23/><G8/><T84/><D120/><U37/><E37/><V88/><REACH who="2" step="1"/><F98/><REACH who="2" ten="265,355,135,235" step="2"/><W109/><G109/><T3/><D3/><U64/><E64/><V131/><F131/><W128/><G128/><T67/><D67/><U26/><E65/><V58/><F58/><W48/><G118/><T134/><D134/><U61/><E54/><V102/><F102/><W123/><G123/><T63/><D115/><U51/><E26/><AGARI ba="1,1" hai="22,26,28,55,59,60,79,83,87,88,95,96,100,101" machi="26" ten="40,5200,0" yaku="1,1,8,1,54,1,53,0" doraHai="112" doraHaiUra="71" who="2" fromWho="1" sc="265,0,355,-55,135,65,235,0" /><INIT seed="2,0,0,0,3,100" ten="265,300,200,235" oya="2" hai0="130,76,46,26,113,88,124,106,43,14,79,109,12" hai1="34,94,86,38,82,133,47,32,10,21,3,101,69" hai2="40,123,64,66,28,118,95,30,129,112,105,75,135" hai3="19,41,110,80,116,84,1,54,58,121,5,83,13"/><V16/><F105/><W71/><G121/><T6/><D113/><U74/><E69/><V102/><F112/><W20/><G116/><T77/><D109/><U104/><E21/><V70/><F118/><W89/><G110/><T96/><D130/><U134/><E104/><V93/><F75/><W22/><G71/><T25/><D124/><U65/><E65/><N who="2" m="25195" /><F70/><W45/><G1/><T72/><D72/><U48/><E38/><V97/><F123/><W127/><G5/><T91/><D106/><U61/><E61/><V119/><F119/><W39/><G127/><T67/><D67/><U42/><E74/><V85/><F129/><W15/><G22/><T52/><D43/><U23/><E23/><V63/><F135/><N who="1" m="51721" /><E10/><V108/><F108/><W98/><G98/><T36/><D36/><U59/><E59/><V128/><F128/><W51/><REACH who="3" step="1"/><G80/><REACH who="3" ten="265,300,200,225" step="2"/><T68/><D96/><N who="1" m="59543" /><E3/><V120/><F120/><W53/><G53/><T57/><D52/><U56/><E56/><V111/><F111/><W73/><G73/><T92/><D68/><U17/><E17/><V18/><F40/><W103/><G103/><T126/><D126/><U87/><E87/><V55/><F28/><W24/><AGARI ba="0,1" hai="13,15,19,20,24,39,41,45,51,54,58,83,84,89" machi="24" ten="20,5200,0" yaku="1,1,0,1,7,1,53,1" doraHai="100" doraHaiUra="49" who="3" fromWho="3" sc="265,-13,300,-13,200,-26,225,62" /><INIT seed="3,0,0,4,3,113" ten="252,287,174,287" oya="3" hai0="56,82,116,42,65,125,96,63,46,69,23,51,4" hai1="52,33,120,54,115,55,95,22,80,12,81,122,79" hai2="103,119,53,45,7,86,64,98,77,2,32,135,74" hai3="83,26,105,0,107,100,132,31,121,88,110,93,99"/><W44/><G121/><T66/><D125/><U127/><E115/><V1/><F32/><W118/><G118/><T35/><D35/><U102/><E33/><V87/><F74/><W75/><G0/><T29/><D116/><U129/><E127/><V108/><F119/><W34/><G132/><T91/><D4/><U60/><E122/><V84/><F135/><W14/><G110/><T112/><D112/><U124/><E124/><V19/><F108/><W25/><G25/><T41/><D29/><U30/><E129/><V3/><F64/><W36/><G14/><T134/><D23/><U92/><E79/><V21/><F77/><N who="3" m="44479" /><G44/><N who="0" m="25999" /><D96/><N who="1" m="59655" /><E120/><V48/><F7/><W37/><G107/><T43/><D91/><U6/><E95/><V47/><F47/><W128/><G128/><T78/><D82/><N who="1" m="31851" /><E60/><V67/><F67/><W101/><G101/><T70/><D78/><U123/><E123/><V71/><F71/><N who="0" m="27146" /><D134/><U40/><E40/><N who="0" m="15401" /><D46/><U62/><E6/><V106/><REACH who="2" step="1"/><F2/><REACH who="2" ten="252,287,164,287" step="2"/><W24/><G34/><T8/><D66/><U16/><E30/><V97/><F97/><W94/><G31/><T28/><D28/><U117/><E117/><V111/><F111/><W72/><G72/><T50/><D65/><U49/><E62/><V130/><F130/><W13/><G37/><T17/><D63/><U133/><E133/><V85/><N who="2" m="21504" /><DORA hai="131" /><V15/><AGARI ba="0,1" hai="1,3,15,19,21,45,48,53,98,103,106" m="21504" machi="15" ten="40,5200,0" yaku="1,1,4,1,0,1,53,0" doraHai="113,131" doraHaiUra="114,5" who="2" fromWho="2" sc="252,-13,287,-13,164,62,287,-26" /><INIT seed="4,0,0,4,5,39" ten="239,274,226,261" oya="0" hai0="100,2,41,14,54,67,106,71,129,109,101,28,42" hai1="74,90,83,37,92,25,113,12,21,17,110,22,62" hai2="102,68,133,40,20,88,3,116,31,124,34,78,119" hai3="30,18,134,69,36,8,48,65,97,75,85,33,64"/><T52/><D2/><U77/><E110/><V91/><F34/><W6/><G36/><T38/><D38/><U56/><E37/><V46/><F68/><W87/><G75/><T32/><D109/><U70/><E70/><V57/><F3/><W11/><G33/><T98/><D101/><U82/><E113/><V16/><F31/><W1/><G30/><T96/><D96/><U51/><E51/><N who="2" m="27079" /><F124/><W5/><G69/><T0/><D0/><U4/><E4/><V24/><F133/><W26/><G26/><N who="0" m="18455" /><D129/><U93/><E82/><V104/><F78/><W117/><G134/><T121/><D14/><U73/><E73/><V53/><F102/><W120/><G120/><T132/><D132/><U19/><E90/><V44/><F44/><W114/><G1/><T60/><D121/><U131/><E131/><V127/><F104/><W86/><G6/><T103/><D103/><U50/><E50/><N who="2" m="30903" /><F127/><W35/><G35/><T130/><D130/><U7/><E7/><V13/><F24/><W45/><G5/><T81/><D81/><U84/><REACH who="1" step="1"/><E74/><REACH who="1" ten="239,264,226,261" step="2"/><V72/><F72/><W126/><G126/><T135/><D135/><U95/><E95/><V89/><F119/><W105/><G117/><T27/><D106/><U23/><E23/><N who="2" m="11663" /><F116/><W29/><G105/><T115/><D115/><U128/><E128/><V107/><F107/><W43/><G114/><T122/><D122/><U47/><E47/><V63/><F20/><W55/><G45/><T99/><D100/><U76/><E76/><V118/><F118/><W79/><G79/><T94/><D71/><U66/><AGARI ba="0,1" hai="12,17,19,21,22,25,56,62,66,77,83,84,92,93" machi="66" ten="20,12000,2" yaku="1,1,5,1,0,1,7,1,8,1,53,1" doraHai="39" doraHaiUra="80" who="1" fromWho="1" sc="239,-60,264,130,226,-30,261,-30" owari="179,-32.1,394,49.4,196,-20.4,231,3.1" /></mjloggm>