<mjloggm ver="2.3"><GO type="225" lobby="0"/><UN n0="%E3%81%82%E3%81%99%E3%81%AB%E3%82%83%E3%82%80" n1="%E3%81%9F%E3%81%8C%E3%82%84%E3%81%99" n2="%E8%BE%9B%E5%8F%A3%E3%82%AB%E3%83%AC%E3%83%BC%E3%83%A9%E3%82%A4%E3%82%B9" n3="%72%61%6B%33" dan="16,16,16,16" rate="2007.97,2111.24,2117.66,2178.20" sx="F,M,M,M"/><TAIKYOKU oya="0"/><INIT seed="0,0,0,2,0,39" ten="250,250,250,250" oya="0" hai0="119,52,4,66,0,58,46,28,115,8,121,80,120" hai1="133,38,11,76,110,91,124,103,33,134,44,62,47" hai2="102,98,128,112,100,16,65,50,101,88,111,61,79" hai3="92,29,20,75,116,106,60,114,74,25,125,90,99"/><T6/><D115/><U59/><E33/><V77/><F112/><W68/><G114/><T132/><D119/><U18/><E103/><V32/><F111/><W94/><G116/><T135/><D6/><U54/><E76/><V95/><F128/><W30/><G125/><T13/><D28/><U96/><E110/><V89/><F32/><W49/><G106/><T126/><D126/><U19/><E124/><V82/><F50/><W87/><G29/><T127/><D127/><U104/><E104/><V78/><F16/><N who="1" m="6185" /><E38/><V84/><F61/><W23/><G23/><T24/><D24/><U81/><E11/><V56/><F56/><W43/><G60/><N who="0" m="38167" /><D80/><U15/><E15/><V71/><F71/><W72/><G68/><T109/><D13/><U35/><E35/><V97/><F65/><W42/><REACH who="3" step="1"/><G49/><REACH who="3" ten="250,250,250,240" step="2"/><N who="0" m="28727" /><D109/><U67/><E67/><V21/><F21/><W12/><G12/><T36/><D36/><U86/><E96/><AGARI ba="0,1" hai="77,78,79,82,84,88,89,95,96,97,98,100,101,102" machi="96" ten="40,16000,3" yaku="8,1,35,6,54,1" doraHai="39" who="2" fromWho="1" sc="250,0,250,-160,250,170,240,0" /><INIT seed="1,0,0,1,3,108" ten="250,90,420,240" oya="1" hai0="35,105,76,106,62,100,109,78,101,114,20,119,4" hai1="86,60,77,54,95,107,55,2,12,82,17,25,117" hai2="3,10,58,73,36,80,135,1,45,91,52,41,113" hai3="33,15,89,9,83,64,98,124,126,81,47,50,7"/><U34/><E107/><V74/><F135/><W16/><G33/><T131/><D35/><U111/><E117/><V30/><F30/><W11/><G64/><T22/><D4/><U72/><E2/><V125/><F125/><N who="3" m="48235" /><G98/><T87/><D109/><U38/><E38/><V66/><F66/><W134/><G134/><T59/><D119/><U96/><E111/><V88/><F113/><W24/><G89/><T70/><D131/><U132/><E132/><V85/><F91/><W39/><G39/><T28/><D87/><U67/><E72/><V120/><F120/><W102/><G102/><T43/><D43/><U32/><E32/><V65/><F65/><W49/><G24/><T75/><D28/><U23/><E25/><V116/><F116/><W115/><G115/><T92/><D75/><U71/><REACH who="1" step="1"/><E34/><REACH who="1" ten="250,80,420,240" step="2"/><V27/><F27/><W118/><G118/><T40/><D105/><U99/><E99/><V0/><REACH who="2" step="1"/><F10/><REACH who="2" ten="250,80,410,240" step="2"/><W44/><G9/><T93/><D114/><U6/><E6/><V104/><F104/><W130/><G7/><T19/><D106/><U84/><E84/><V31/><F31/><W127/><G127/><T14/><D22/><U121/><E121/><V48/><AGARI ba="0,2" hai="0,1,3,36,41,45,48,52,58,73,74,80,85,88" machi="48" ten="30,7900,0" yaku="1,1,0,1,54,2,53,0" doraHai="108" doraHaiUra="129" who="2" fromWho="2" sc="250,-20,80,-39,410,99,240,-20" /><INIT seed="2,0,0,3,3,9" ten="230,41,509,220" oya="2" hai0="122,89,74,52,116,114,51,3,113,70,88,55,48" hai1="91,15,68,40,38,80,10,82,84,35,78,128,26" hai2="16,12,124,20,121,17,106,45,104,28,57,111,102" hai3="93,86,66,132,134,44,67,27,29,125,108,56,109"/><V6/><F121/><W119/><G119/><T69/><D3/><U18/><E68/><V83/><F124/><W50/><G93/><T87/><D74/><U118/><E118/><V81/><F28/><W0/><G86/><T24/><D116/><U58/><E128/><V49/><F6/><W8/><G0/><T19/><D87/><U60/><E38/><V110/><F57/><W127/><G8/><T75/><D75/><U96/><E40/><V92/><F92/><W22/><G22/><T129/><D129/><U103/><E26/><V59/><F59/><W65/><G27/><T47/><D24/><U53/><E35/><V7/><F7/><W62/><G29/><T34/><D19/><U43/><E43/><N who="2" m="24767" /><F17/><W71/><G71/><T64/><D64/><U36/><E36/><V135/><F135/><N who="3" m="51755" /><G67/><T13/><D34/><U79/><REACH who="1" step="1"/><E80/><REACH who="1" ten="230,31,509,220" step="2"/><V130/><F83/><W112/><G65/><T117/><D117/><U77/><E77/><V39/><F81/><W126/><G112/><T21/><D113/><U72/><E72/><V76/><F130/><W133/><G133/><T37/><D114/><U14/><E14/><V95/><F12/><W123/><G123/><T94/><D13/><U1/><E1/><V97/><F76/><W4/><G4/><T23/><D69/><U54/><E54/><AGARI ba="0,1" hai="44,50,54,56,62,66,108,109,125,126,127" m="51755" machi="54" ten="40,8000,1" yaku="18,1,20,1,34,2" doraHai="9" who="3" fromWho="1" sc="230,0,31,-80,509,0,220,90" owari="230,-17.0,-49,-54.9,509,60.9,310,11.0" /></mjloggm>