<mjloggm ver="2.3"><GO type="225" lobby="0"/><UN n0="%E3%81%95%E3%81%8D%E3%81%9F%E3%81%BE%E6%9E%97%E6%AA%8E" n1="%E5%B8%86%E7%AB%8B%E5%A4%8F%E8%A1%A3" n2="%74%61%6B%75%61%6B%61" n3="%E5%A0%80%E5%B7%9D%E9%9B%B7%E9%BC%93" dan="16,17,17,16" rate="2151.06,2138.21,2202.15,2079.24" sx="M,M,M,F"/><TAIKYOKU oya="0"/><INIT seed="0,0,0,3,5,104" ten="250,250,250,250" oya="0" hai0="87,108,92,1,15,88,63,51,58,73,27,118,49" hai1="105,19,64,117,22,82,33,68,103,134,106,48,42" hai2="47,7,122,34,125,6,133,53,127,24,128,9,61" hai3="96,115,16,44,80,37,14,56,135,10,98,8,41"/><T67/><D118/><U102/><E134/><V91/><F122/><W72/><G115/><T69/><D1/><U40/><E117/><V129/><F91/><W29/><G135/><T52/><D108/><U43/><E33/><V65/><F47/><W23/><G56/><T55/><D27/><U89/><E106/><V11/><F53/><W99/><REACH who="3" step="1"/><G29/><REACH who="3" ten="250,250,250,240" step="2"/><T109/><D109/><U110/><E110/><V84/><F133/><W81/><G81/><T123/><D123/><U3/><E82/><V39/><F125/><W95/><G95/><T54/><D73/><U97/><E105/><V21/><F127/><W28/><G28/><T71/><REACH who="0" step="1"/><D15/><REACH who="0" ten="240,250,250,240" step="2"/><U45/><E3/><V4/><F129/><W131/><G131/><T126/><D126/><U132/><E132/><V120/><F128/><W101/><G101/><T124/><D124/><U18/><E103/><V59/><F120/><W17/><G17/><T121/><D121/><U66/><E102/><V130/><F130/><W5/><G5/><T83/><D83/><U13/><E19/><V0/><F0/><W70/><G70/><AGARI ba="0,2" hai="49,51,52,54,55,58,63,67,69,70,71,87,88,92" machi="70" ten="40,12000,1" yaku="1,1,54,2,53,1" doraHai="104" doraHaiUra="60" who="0" fromWho="3" sc="240,140,250,0,250,0,240,-120" /><INIT seed="0,1,0,5,4,116" ten="380,250,250,120" oya="0" hai0="88,32,78,13,48,107,100,125,94,16,102,76,15" hai1="26,51,33,90,62,35,87,57,4,22,72,83,79" hai2="44,120,50,46,67,129,133,115,53,69,49,55,65" hai3="0,70,23,85,25,84,29,36,95,68,2,3,121"/><T28/><D107/><U52/><E4/><V61/><F115/><W1/><N who="3" m="0" /><DORA hai="54" /><W71/><G36/><T108/><D32/><U66/><E72/><V12/><F12/><W97/><REACH who="3" step="1"/><G121/><REACH who="3" ten="380,250,250,110" step="2"/><T20/><D125/><U74/><E74/><V21/><F120/><W27/><G27/><T56/><D13/><U99/><E79/><V58/><F21/><W19/><G19/><T96/><D78/><U31/><REACH who="1" step="1"/><E99/><REACH who="1" ten="380,240,250,110" step="2"/><V92/><F129/><W117/><G117/><T101/><D76/><U127/><E127/><V82/><F133/><W5/><G5/><T134/><D96/><U98/><E98/><V8/><F8/><W104/><G104/><T34/><D134/><U38/><E38/><V119/><F119/><W135/><G135/><T111/><D15/><U80/><E80/><V60/><F82/><W47/><G47/><AGARI ba="1,2" hai="22,26,31,33,35,47,51,52,57,62,66,83,87,90" machi="47" ten="30,8000,1" yaku="1,1,7,1,52,1,54,1,53,1" doraHai="116,54" doraHaiUra="86,6" who="1" fromWho="3" sc="380,0,240,103,250,0,110,-83" /><INIT seed="1,0,0,2,0,11" ten="380,343,250,27" oya="1" hai0="122,82,35,94,113,127,49,116,121,68,110,72,100" hai1="62,59,117,57,25,53,48,108,0,74,6,115,81" hai2="130,134,31,92,61,64,93,18,109,32,101,106,44" hai3="28,30,4,14,2,24,69,80,42,43,73,132,97"/><U124/><E115/><V95/><F109/><W87/><G73/><T107/><RYUUKYOKU type="yao9" ba="0,0" sc="380,0,343,0,250,0,27,0" hai0="35,49,68,72,82,94,100,107,110,113,116,121,122,127" /><INIT seed="1,1,0,5,1,113" ten="380,343,250,27" oya="1" hai0="119,123,103,131,3,94,63,29,101,33,72,82,1" hai1="22,49,111,13,40,98,125,116,70,60,9,87,106" hai2="78,61,135,109,67,25,36,26,120,92,46,75,89" hai3="41,100,114,65,28,14,44,102,54,55,66,17,53"/><U42/><E125/><V45/><F120/><W110/><G114/><T68/><D119/><U99/><E116/><V0/><F109/><W6/><G110/><T118/><D118/><U59/><E111/><V48/><F0/><W80/><G6/><T11/><D131/><U88/><E70/><V15/><F135/><W93/><G28/><T127/><D127/><U52/><E106/><V74/><F36/><W4/><G4/><T115/><D115/><U50/><E22/><V21/><F15/><W122/><G122/><T121/><D29/><U47/><E42/><V86/><F78/><W38/><G80/><T32/><D63/><U7/><E60/><V73/><F21/><W95/><G14/><T76/><D68/><U79/><E79/><V71/><REACH who="2" step="1"/><F45/><REACH who="2" ten="380,343,240,27" step="2"/><W16/><G38/><T31/><D76/><U105/><REACH who="1" step="1"/><E105/><REACH who="1" ten="380,333,240,27" step="2"/><V5/><F5/><W91/><G44/><T34/><D123/><U81/><AGARI ba="1,2" hai="7,9,13,40,47,49,50,52,59,81,87,88,98,99" machi="81" ten="20,18000,2" yaku="1,1,2,1,0,1,7,1,8,1,54,2,53,0" doraHai="113" doraHaiUra="126" who="1" fromWho="1" sc="380,-61,333,203,240,-61,27,-61" owari="319,11.9,536,63.6,179,-22.1,-34,-53.4" /></mjloggm>