<mjloggm ver="2.3"><GO type="225" lobby="0"/><UN n0="%74%61%6B%75%61%6B%61" n1="%E3%82%A2%E3%83%9E%E3%83%9D%EF%BD%9E%EF%BD%9E%E3%83%A9" n2="%E3%81%A1%E3%82%85%E3%81%86%E3%81%A9%E3%81%8F%E8%B1%A1%E3%81%95%E3%82%93" n3="%E5%BE%80%E5%B9%B4%E3%81%AE%E3%82%B4%E3%83%AA%E3%83%A9" dan="17,17,16,16" rate="2206.40,2206.82,2166.52,2099.28" sx="M,M,M,M"/><TAIKYOKU oya="0"/><INIT seed="0,0,0,2,3,91" ten="250,250,250,250" oya="0" hai0="59,36,109,100,58,64,6,1,61,130,26,112,10" hai1="40,0,9,131,51,128,50,85,105,133,39,89,116" hai2="19,102,46,33,110,82,71,87,5,108,45,135,66" hai3="103,30,129,57,121,122,54,35,106,37,4,12,48"/><T73/><D112/><U42/><E105/><V15/><F33/><W53/><G37/><T13/><D130/><N who="1" m="49707" /><E116/><V86/><F5/><W132/><G132/><T49/><D36/><U90/><E90/><V65/><F102/><W80/><G80/><T92/><D73/><U104/><E104/><V88/><F135/><W8/><G129/><T28/><D109/><N who="2" m="42090" /><F87/><W27/><REACH who="3" step="1"/><G53/><REACH who="3" ten="250,250,250,240" step="2"/><N who="0" m="32047" /><D1/><U74/><E39/><V63/><F66/><W43/><G43/><T101/><D92/><N who="1" m="54319" /><E133/><V7/><F7/><W68/><G68/><T21/><AGARI ba="0,1" hai="6,10,13,21,26,28,59,61,64,100,101" m="32047" machi="21" ten="30,1500,0" yaku="8,1" doraHai="91" who="0" fromWho="0" sc="250,25,250,-5,250,-5,240,-5" /><INIT seed="0,1,0,2,0,8" ten="275,245,245,235" oya="0" hai0="11,35,46,4,53,76,105,106,131,135,30,15,121" hai1="3,12,47,86,55,32,71,92,64,31,74,65,88" hai2="125,72,52,13,132,98,70,96,129,58,54,49,29" hai3="44,51,7,59,133,27,9,63,81,119,20,107,33"/><T123/><D131/><U118/><E3/><V104/><F70/><W38/><G119/><T61/><D135/><U83/><E118/><V0/><F0/><W16/><G133/><T134/><D134/><U73/><E32/><V22/><F132/><W84/><G107/><T21/><D35/><U25/><E71/><V10/><F72/><W130/><G130/><T57/><D76/><U82/><E25/><N who="2" m="16567" /><F104/><W40/><G33/><T93/><D93/><U24/><E24/><V101/><F129/><W115/><G115/><T60/><D105/><U91/><E31/><V99/><F125/><W128/><G128/><T77/><D106/><U112/><E112/><V78/><F78/><W117/><G117/><T62/><D77/><U28/><E28/><V68/><F68/><W34/><G34/><T102/><D102/><U120/><E120/><V87/><F87/><W113/><G38/><T108/><D108/><U109/><E109/><V17/><F101/><W124/><G124/><T23/><D46/><U114/><E47/><N who="2" m="27711" /><F99/><W45/><G45/><T111/><D111/><U6/><E74/><V39/><F39/><W122/><G122/><T43/><D30/><U95/><E73/><V79/><F79/><N who="3" m="46143" /><G113/><T90/><D121/><U94/><E114/><V26/><F26/><W97/><G97/><T103/><D103/><U37/><E37/><V2/><F2/><N who="3" m="247" /><G59/><T67/><D123/><U69/><E69/><V14/><F14/><W42/><G42/><T85/><D43/><U50/><E12/><V89/><F89/><W56/><G56/><T110/><D110/><U5/><E91/><RYUUKYOKU ba="1,0" sc="275,-15,245,-15,245,15,235,15" hai2="10,13,17,54,58,96,98" hai3="16,20,27,40,44,51,63" /><INIT seed="1,2,0,4,3,43" ten="260,230,260,250" oya="1" hai0="107,40,70,132,65,6,121,120,16,68,23,0,95" hai1="1,123,30,79,56,97,102,117,118,13,28,104,67" hai2="77,133,73,134,17,98,32,26,20,83,19,25,69" hai3="92,51,11,50,114,106,33,128,93,85,10,76,64"/><U91/><E123/><N who="0" m="47177" /><D107/><U58/><E1/><V80/><F69/><N who="0" m="26730" /><D132/><N who="2" m="50794" /><F83/><W4/><G106/><T108/><D108/><U82/><E91/><V52/><F98/><W87/><G114/><T41/><D65/><U12/><E67/><V36/><F36/><W130/><G64/><T7/><D95/><U55/><E58/><V37/><F37/><W62/><G33/><T63/><D63/><U60/><E118/><V115/><F115/><W38/><G38/><T53/><D53/><U109/><E109/><V35/><F52/><W135/><G135/><T88/><D88/><U112/><E117/><V14/><F25/><W48/><G48/><T101/><D101/><U54/><E54/><V126/><F126/><W66/><G66/><T125/><D125/><U59/><E59/><V49/><F49/><W124/><G124/><T78/><D78/><U44/><E112/><V127/><F127/><W75/><G62/><T90/><D90/><U81/><E81/><V57/><F57/><W45/><G76/><T21/><D41/><U103/><E103/><V22/><AGARI ba="2,0" hai="14,17,19,20,22,26,32,35,73,77,80" m="50794" machi="22" ten="30,1100,0" yaku="20,1" doraHai="43" who="2" fromWho="2" sc="260,-5,230,-7,260,17,250,-5" /><INIT seed="2,0,0,3,3,10" ten="255,223,277,245" oya="2" hai0="130,87,55,41,128,133,27,63,98,68,23,127,26" hai1="75,24,57,2,43,84,29,12,16,115,11,40,51" hai2="38,105,126,33,42,13,7,0,60,119,96,89,6" hai3="15,62,78,66,123,86,76,102,30,67,37,99,49"/><V94/><F119/><W17/><G37/><T92/><D127/><U59/><E75/><V48/><F33/><W85/><G123/><T132/><D41/><U82/><E2/><V46/><F126/><W100/><G30/><T90/><D87/><U83/><E115/><V22/><F105/><W122/><G122/><T118/><D118/><U50/><E50/><V107/><F107/><W1/><G1/><T47/><D47/><U73/><E73/><V31/><F0/><W53/><G86/><T52/><D27/><U95/><E95/><V129/><F129/><N who="0" m="49770" /><D68/><U20/><E83/><V28/><F38/><W45/><G85/><T93/><D93/><U124/><E124/><V114/><F114/><W32/><G32/><T106/><D106/><U81/><E81/><V35/><F35/><W69/><G67/><T61/><D61/><U70/><E70/><V14/><F60/><W112/><G112/><T58/><D55/><N who="1" m="31999" /><E59/><V21/><F28/><AGARI ba="0,0" hai="23,26,28,52,58,63,90,92,98,132,133" m="49770" machi="28" ten="30,2000,0" yaku="19,1,54,1" doraHai="10" who="0" fromWho="2" sc="255,20,223,0,277,-20,245,0" /><INIT seed="3,0,0,4,4,121" ten="275,223,257,245" oya="3" hai0="119,86,126,133,52,32,53,17,101,57,122,16,87" hai1="104,43,98,85,73,89,128,26,41,37,92,34,72" hai2="112,63,105,100,74,55,40,123,114,11,61,25,39" hai3="48,54,113,94,38,42,20,68,29,45,58,18,67"/><W22/><G113/><T65/><D32/><U124/><E124/><V130/><F74/><W1/><G1/><T56/><D122/><U78/><E128/><V23/><F123/><W76/><G76/><T91/><D119/><U110/><E110/><V28/><F130/><W21/><G29/><T31/><D126/><U125/><E125/><V27/><F11/><W7/><G7/><T19/><D31/><U84/><E37/><V106/><F40/><W131/><G131/><T111/><D111/><U13/><E34/><V115/><F39/><W66/><G94/><T47/><D101/><N who="1" m="62519" /><E26/><V132/><F132/><W120/><G120/><T80/><D133/><U24/><E24/><V69/><F100/><W12/><REACH who="3" step="1"/><G67/><REACH who="3" ten="275,223,257,235" step="2"/><T103/><D65/><U82/><E73/><V0/><F0/><W44/><G44/><T93/><D47/><U30/><E30/><V96/><F28/><W15/><G15/><T59/><D103/><U117/><E117/><V79/><F79/><AGARI ba="0,1" hai="16,17,19,52,53,56,57,59,79,80,86,87,91,93" machi="79" ten="40,5200,0" yaku="8,1,54,2" doraHai="121" who="0" fromWho="2" sc="275,62,223,0,257,-52,235,0" owari="337,43.7,223,-17.7,205,-29.5,235,3.5" /></mjloggm>