<mjloggm ver="2.3"><GO type="225" lobby="0"/><UN n0="%E3%82%89%E3%81%84%E3%81%82%E3%82%93%E3%81%98%E3%82%83%E3%82%93" n1="%E4%B8%AD%E5%B9%B4%E3%81%AE%E5%8D%B1%E6%A9%9F" n2="%6D%75%75%6D%75%72%61" n3="%72%61%6B%33" dan="17,17,16,18" rate="2176.62,2218.10,2205.82,2261.27" sx="M,M,F,M"/><TAIKYOKU oya="0"/><INIT seed="0,0,0,1,3,132" ten="250,250,250,250" oya="0" hai0="104,46,26,43,91,22,23,110,12,30,90,123,72" hai1="81,79,24,55,115,80,50,69,5,62,15,66,102" hai2="29,16,20,92,14,113,17,84,78,96,135,18,44" hai3="71,105,75,10,88,57,134,34,122,56,74,0,58"/><T100/><D123/><U65/><E115/><V41/><F135/><W93/><G134/><T42/><D72/><U103/><E66/><V128/><F128/><W52/><G105/><T116/><D116/><U112/><E112/><V119/><F119/><W40/><G71/><T6/><D110/><U53/><E24/><V121/><F121/><W9/><G34/><T133/><D133/><U68/><E68/><V120/><F120/><W125/><G40/><T101/><D42/><U109/><E109/><V87/><F113/><W2/><G125/><T118/><D118/><U67/><E67/><V106/><F106/><W124/><G124/><T39/><D22/><U11/><E55/><V36/><F78/><W86/><G122/><T37/><D37/><U38/><E38/><V45/><F45/><W54/><G9/><T7/><D7/><U131/><E131/><V32/><F32/><W95/><G10/><T129/><D129/><U61/><E61/><V70/><F70/><W51/><G95/><T48/><D39/><U21/><E21/><V111/><F14/><W114/><G114/><T126/><D126/><U13/><E13/><V108/><F108/><W89/><G89/><N who="0" m="33803" /><D104/><U94/><E94/><V85/><F111/><W25/><G25/><T98/><D98/><U73/><REACH who="1" step="1"/><E81/><REACH who="1" ten="250,240,250,250" step="2"/><V64/><F64/><W8/><G54/><T59/><D59/><AGARI ba="0,1" hai="5,11,15,50,53,59,62,65,69,73,79,80,102,103" machi="59" ten="30,7700,0" yaku="1,1,2,1,7,1,53,1" doraHai="132" doraHaiUra="63" who="1" fromWho="0" sc="250,-77,240,87,250,0,250,0" /><INIT seed="1,0,0,5,2,101" ten="173,327,250,250" oya="1" hai0="114,8,7,38,115,100,133,4,57,26,109,39,134" hai1="42,49,76,117,0,19,56,89,78,9,12,112,21" hai2="53,40,99,92,125,37,90,121,36,82,75,79,41" hai3="84,59,45,64,126,95,118,28,55,113,20,81,96"/><U50/><E117/><V107/><F121/><W130/><G126/><T67/><D100/><U46/><E112/><V17/><F125/><W51/><G130/><T52/><D26/><U110/><E110/><V1/><F1/><W62/><G118/><T127/><D8/><U131/><E131/><V66/><F66/><W103/><G113/><N who="0" m="43019" /><D7/><U111/><E111/><V132/><F132/><N who="0" m="50794" /><D4/><U13/><E0/><V32/><F32/><W15/><G15/><T120/><D109/><U128/><E128/><V60/><F17/><W58/><G20/><T44/><D127/><U83/><E89/><V124/><F124/><W88/><REACH who="3" step="1"/><G28/><REACH who="3" ten="173,327,250,240" step="2"/><T98/><D120/><U35/><E35/><V16/><F16/><W123/><G123/><T25/><D25/><U97/><E13/><V105/><F36/><N who="0" m="13866" /><D98/><U18/><E97/><V24/><F24/><W34/><G34/><T63/><D44/><AGARI ba="0,1" hai="44,45,51,55,58,59,62,64,81,84,88,95,96,103" machi="44" ten="40,8000,1" yaku="1,1,8,1,54,1,53,1" doraHai="101" doraHaiUra="94" who="3" fromWho="0" sc="173,-80,327,0,250,0,240,90" /><INIT seed="2,0,0,2,0,85" ten="93,327,250,330" oya="2" hai0="67,109,26,93,55,30,29,64,7,33,19,63,14" hai1="97,21,131,44,118,45,106,48,112,6,9,24,108" hai2="80,11,91,76,22,16,25,23,115,35,104,58,113" hai3="36,119,79,42,122,50,103,54,34,39,10,94,65"/><V32/><F104/><W126/><G34/><T5/><D109/><U78/><E118/><V47/><F11/><W105/><G105/><T82/><D30/><U81/><E112/><V99/><F47/><W43/><G79/><T2/><D55/><U72/><E108/><V66/><F35/><W69/><G103/><T52/><D82/><U27/><E131/><V38/><F38/><W100/><G100/><T13/><D13/><U102/><E21/><V123/><F123/><W92/><G126/><T37/><D37/><U111/><E111/><V125/><F125/><W129/><G129/><T74/><D74/><U121/><E45/><V51/><F32/><W73/><G73/><T15/><D15/><U1/><REACH who="1" step="1"/><E121/><REACH who="1" ten="93,317,250,330" step="2"/><V20/><F20/><W28/><G122/><T84/><D2/><U132/><E132/><V59/><F23/><W87/><G119/><T124/><D124/><U12/><E12/><V0/><F0/><W96/><G28/><T117/><D117/><U31/><E31/><V53/><F115/><W127/><G127/><T68/><D5/><U101/><E101/><V4/><F4/><W71/><G10/><N who="0" m="6615" /><D7/><U56/><E56/><V77/><F113/><W135/><G135/><T3/><D3/><U116/><E116/><V83/><F59/><W134/><G134/><T46/><D68/><U57/><E57/><V86/><F66/><W49/><G65/><T133/><D133/><U98/><E98/><V70/><F70/><W17/><G71/><T75/><D67/><U110/><E110/><V8/><F99/><W61/><G69/><T60/><D64/><RYUUKYOKU ba="0,1" sc="93,-10,317,30,250,-10,330,-10" hai1="1,6,9,24,27,44,48,72,78,81,97,102,106" /><INIT seed="3,1,1,3,2,53" ten="83,347,240,320" oya="3" hai0="68,9,133,114,100,29,104,19,67,2,116,87,135" hai1="123,97,128,81,54,80,108,76,40,52,21,83,112" hai2="6,16,78,57,44,89,127,120,23,31,75,14,125" hai3="95,107,43,129,109,126,25,17,0,34,91,73,58"/><W36/><G107/><T48/><D48/><U132/><E112/><V60/><F120/><W24/><G0/><T92/><D87/><U94/><E123/><V3/><F31/><W22/><G73/><T18/><D92/><U71/><E71/><V88/><F44/><W74/><G74/><T105/><D114/><U20/><E108/><V96/><F3/><W90/><G109/><T5/><D116/><U51/><E132/><V99/><F6/><W55/><G126/><N who="2" m="48137" /><F78/><W102/><G129/><T8/><D2/><U37/><E37/><V113/><F75/><W4/><G4/><T28/><D5/><U66/><E76/><V46/><F46/><W82/><G36/><T1/><D1/><U84/><E84/><V103/><F113/><W12/><G43/><T124/><D124/><U27/><E128/><V13/><F13/><W130/><G130/><T119/><D119/><U85/><E85/><V77/><F77/><W59/><G34/><T65/><REACH who="0" step="1"/><D100/><REACH who="0" ten="73,347,240,320" step="2"/><U10/><E51/><V11/><F103/><W64/><G102/><T121/><D121/><U72/><E72/><V30/><F99/><N who="3" m="57847" /><G82/><T62/><D62/><U134/><E40/><V61/><F61/><N who="3" m="37943" /><G91/><T101/><D101/><U131/><E131/><V118/><F118/><W117/><G117/><T115/><D115/><U15/><E97/><V39/><F96/><W111/><G111/><T56/><D56/><U32/><E94/><V93/><F39/><W110/><G110/><T98/><D98/><U69/><E81/><V63/><F63/><AGARI ba="1,2" hai="12,17,22,24,25,55,59,63" m="37943,57847" machi="63" ten="30,5800,0" yaku="8,1,52,2" doraHai="53" who="3" fromWho="2" sc="73,0,347,0,240,-61,320,81" owari="73,-42.7,347,14.7,179,-22.1,401,50.1" /></mjloggm>