<mjloggm ver="2.3"><GO type="225" lobby="0"/><UN n0="%E3%81%B5%E3%81%98%E3%81%8B%E3%81%A4" n1="%E7%99%BD%E6%97%A5%E9%9B%AA%E8%8F%9C" n2="%E5%A4%9C%E5%85%89%E5%A4%A9%E6%A5%BC" n3="%E3%82%A2%E3%83%BC%E3%83%A2%E3%83%AD%E3%83%BC%E3%83%B4%E3%82%A1" dan="16,17,17,16" rate="2170.21,2196.55,2116.07,2059.17" sx="M,M,M,M"/><TAIKYOKU oya="0"/><INIT seed="0,0,0,0,0,25" ten="250,250,250,250" oya="0" hai0="82,11,90,99,53,27,126,76,58,131,15,83,1" hai1="2,3,49,115,50,132,80,125,74,16,6,100,51" hai2="46,123,33,96,134,52,56,107,44,0,29,12,34" hai3="103,54,133,9,130,66,127,95,43,23,109,57,38"/><T77/><D126/><U91/><E125/><V21/><F123/><W20/><G127/><T135/><D135/><U26/><E132/><V97/><F0/><W102/><G133/><T93/><D131/><U88/><E100/><V121/><F121/><W19/><G130/><T111/><D1/><U106/><E106/><V60/><F134/><W79/><G38/><T39/><D39/><U119/><E119/><V63/><F107/><W124/><G43/><T73/><D111/><U59/><E115/><V7/><F33/><W62/><G109/><T68/><D68/><U42/><E42/><V55/><F34/><W45/><G79/><T94/><D27/><U112/><E59/><N who="2" m="34919" /><F29/><W113/><G113/><T104/><D104/><U41/><E41/><V13/><F21/><N who="3" m="8267" /><G95/><T122/><D122/><U110/><E110/><V64/><F13/><N who="3" m="7599" /><G124/><T35/><D35/><U65/><E112/><V10/><F64/><W48/><AGARI ba="0,0" hai="45,48,54,57,62,66,102,103" m="7599,8267" machi="48" ten="30,1100,0" yaku="8,1" doraHai="25" who="3" fromWho="3" sc="250,-5,250,-3,250,-3,250,11" /><INIT seed="1,0,0,1,1,104" ten="245,247,247,261" oya="1" hai0="51,109,130,103,14,67,54,98,116,96,24,29,120" hai1="18,21,1,42,17,3,74,101,84,62,80,119,16" hai2="82,111,12,63,70,45,83,69,99,94,20,59,128" hai3="38,52,39,46,57,4,86,25,76,75,107,15,88"/><U105/><E119/><V10/><F128/><W37/><G107/><T102/><D116/><U127/><E127/><V53/><F111/><W35/><G46/><T43/><D109/><U79/><E42/><V95/><F69/><W60/><G4/><T90/><D130/><U31/><E84/><V26/><F45/><W118/><G15/><T92/><D67/><U56/><E21/><V11/><F70/><W7/><G7/><T2/><D2/><U8/><E31/><N who="2" m="17863" /><F94/><W131/><G131/><T71/><D71/><U34/><E34/><V134/><F134/><W117/><G25/><T48/><D120/><U97/><REACH who="1" step="1"/><E8/><REACH who="1" ten="245,237,247,261" step="2"/><V91/><F10/><W28/><G28/><T123/><D123/><U55/><AGARI ba="0,1" hai="1,3,16,17,18,55,56,62,74,79,80,97,101,105" machi="55" ten="30,18000,2" yaku="1,1,2,1,0,1,52,1,54,1,53,1" doraHai="104" doraHaiUra="100" who="1" fromWho="1" sc="245,-60,237,190,247,-60,261,-60" /><INIT seed="1,1,0,4,0,130" ten="185,427,187,201" oya="1" hai0="87,89,93,26,0,32,24,60,25,17,6,44,122" hai1="79,74,107,29,35,48,50,88,69,92,118,111,20" hai2="73,61,28,70,51,112,98,52,66,67,101,58,109" hai3="94,114,117,65,106,41,128,63,99,129,30,116,84"/><U76/><E118/><N who="3" m="45674" /><G114/><T134/><D122/><U95/><E107/><V8/><F73/><W110/><G110/><T57/><D32/><U113/><E69/><V85/><F109/><W11/><G41/><T55/><D134/><U1/><E1/><V62/><F112/><W54/><G54/><T15/><D0/><U33/><E74/><V72/><F72/><W39/><G39/><T53/><D6/><U126/><E111/><V38/><F38/><W121/><G121/><T78/><D78/><U103/><E103/><V125/><F125/><W82/><G11/><T77/><D77/><U75/><E75/><V123/><F8/><W100/><G30/><T49/><REACH who="0" step="1"/><D26/><REACH who="0" ten="175,427,187,201" step="2"/><U5/><E113/><V2/><F2/><W34/><G34/><T91/><D91/><U71/><E88/><V80/><F123/><W108/><G108/><T7/><D7/><U105/><E5/><V131/><F28/><W31/><G31/><T46/><D46/><U19/><E29/><V22/><F131/><W133/><G128/><T9/><AGARI ba="1,1" hai="9,15,17,24,25,44,49,53,55,57,60,87,89,93" machi="9" ten="20,12000,2" yaku="1,1,0,1,7,1,8,1,53,2" doraHai="130" doraHaiUra="23" who="0" fromWho="0" sc="175,133,427,-61,187,-31,201,-31" /><INIT seed="2,0,0,0,0,1" ten="308,366,156,170" oya="2" hai0="66,105,2,21,37,127,54,112,82,13,74,117,48" hai1="114,75,129,96,95,55,57,35,19,76,97,7,69" hai2="31,50,113,93,52,4,78,60,98,63,118,70,18" hai3="38,111,121,86,133,59,15,56,20,92,107,65,119"/><V28/><F113/><W41/><G107/><T71/><D112/><U22/><E114/><V42/><F118/><W99/><G119/><T108/><D105/><U79/><E69/><V40/><F78/><N who="1" m="29737" /><E35/><V26/><F4/><W100/><G121/><T72/><D37/><U64/><E75/><V68/><F68/><W103/><G111/><T5/><D117/><U34/><E34/><V33/><F18/><N who="3" m="10335" /><G38/><T94/><D108/><U126/><E126/><V44/><F31/><W25/><G133/><T135/><D127/><U88/><E7/><V67/><REACH who="2" step="1"/><F63/><REACH who="2" ten="308,366,146,170" step="2"/><W8/><G8/><T123/><D5/><U16/><E19/><V90/><AGARI ba="0,1" hai="26,28,33,40,42,44,50,52,60,67,70,90,93,98" machi="90" ten="20,12000,1" yaku="1,1,2,1,0,1,7,1,54,1,53,0" doraHai="1" doraHaiUra="80" who="2" fromWho="2" sc="308,-40,366,-40,146,130,170,-40" /><INIT seed="2,1,0,2,5,8" ten="268,326,276,130" oya="2" hai0="88,38,46,78,118,35,94,119,44,92,121,108,110" hai1="17,63,101,86,67,54,112,6,53,91,61,40,41" hai2="5,14,55,30,103,66,68,123,114,25,106,113,74" hai3="98,3,76,77,21,37,71,83,27,107,31,56,2"/><V26/><F123/><W96/><G71/><T42/><D35/><U124/><E112/><V22/><F74/><W126/><G126/><T102/><D121/><U72/><E72/><V85/><F85/><W52/><G37/><T45/><D78/><U95/><E124/><V47/><F66/><W84/><G76/><T93/><D102/><U133/><E6/><V111/><F68/><W79/><G79/><T73/><D73/><U23/><E133/><V130/><F103/><W75/><G75/><T43/><D38/><U122/><E122/><V109/><F106/><W15/><G107/><T129/><D88/><U62/><E67/><V117/><F26/><W127/><G127/><T134/><D129/><U24/><E101/><V100/><F100/><W65/><G65/><T97/><D97/><U64/><E64/><V131/><F117/><N who="0" m="44554" /><D134/><U69/><E69/><V87/><F87/><W36/><G36/><T0/><D0/><U11/><E11/><N who="2" m="4463" /><F47/><W32/><G2/><T10/><D10/><U48/><E54/><V115/><F55/><W99/><G3/><T89/><D89/><U4/><E4/><V13/><F13/><W135/><G135/><T59/><D59/><AGARI ba="1,0" hai="17,23,24,40,41,48,53,59,61,62,63,86,91,95" machi="59" ten="40,1300,0" yaku="8,1" doraHai="8" who="1" fromWho="0" sc="268,-16,326,16,276,0,130,0" /><INIT seed="3,0,0,1,0,50" ten="252,342,276,130" oya="3" hai0="55,82,17,126,10,54,132,62,125,45,94,114,80" hai1="88,106,60,108,117,118,86,15,12,0,63,72,71" hai2="40,53,76,105,70,74,110,93,27,134,61,6,133" hai3="113,24,29,116,101,31,34,64,59,38,23,65,92"/><W109/><G113/><T1/><D114/><U120/><E120/><V39/><F105/><W35/><G116/><N who="1" m="44650" /><E0/><V98/><F110/><W119/><G119/><T97/><D45/><U11/><E72/><V14/><F40/><W102/><G38/><T30/><D62/><N who="1" m="23595" /><E71/><V36/><F27/><W7/><G109/><T103/><D30/><U43/><E106/><V131/><F70/><W81/><G7/><T28/><D28/><U49/><E108/><V77/><F74/><W32/><G31/><T85/><D132/><N who="2" m="50794" /><F39/><W5/><G5/><N who="0" m="1327" /><D17/><U52/><E43/><V19/><F6/><W129/><G129/><T73/><D73/><U89/><E11/><N who="2" m="6623" /><F131/><W42/><G42/><T16/><D16/><U25/><E25/><V33/><F33/><W135/><G135/><T115/><D115/><U112/><E112/><V66/><F36/><W37/><G37/><T84/><D82/><N who="1" m="49239" /><E89/><V90/><F66/><W46/><G46/><AGARI ba="0,0" hai="12,15,46,49,52" m="49239,23595,44650" machi="46" ten="30,7700,0" yaku="12,1,52,1,54,2" doraHai="50" who="1" fromWho="3" sc="252,0,342,77,276,0,130,-77" owari="252,-14.8,419,51.9,276,7.6,53,-44.7" /></mjloggm>