<mjloggm ver="2.3"><GO type="225" lobby="0"/><UN n0="%E3%81%B7%E3%82%8A%E3%82%93%E8%81%96%E4%BA%BA" n1="%66%67%67%68%68%64%66" n2="%E3%83%AD%E3%83%83%E3%83%86%E9%9B%80%E7%90%83" n3="%E6%B8%A9%E2%98%85%E6%83%85%E2%98%85%E6%8E%AA%E2%98%85%E7%BD%AE" dan="16,16,17,17" rate="2130.95,2066.50,2152.36,2127.97" sx="M,M,M,M"/><TAIKYOKU oya="0"/><INIT seed="0,0,0,4,1,99" ten="250,250,250,250" oya="0" hai0="7,118,120,66,95,9,78,17,31,69,44,41,77" hai1="5,56,126,48,71,98,4,76,105,73,55,10,121" hai2="63,72,108,101,82,52,54,90,93,89,129,14,12" hai3="59,68,134,49,16,111,40,60,67,86,132,45,3"/><T51/><D118/><U64/><E121/><V25/><F108/><W81/><G3/><T80/><D31/><U102/><E126/><V2/><F2/><W6/><G6/><T79/><D120/><U8/><E8/><V112/><F112/><W33/><G33/><T94/><D17/><U128/><E128/><V28/><F129/><W115/><G115/><T37/><D94/><U116/><E116/><V36/><F36/><W133/><G111/><T19/><D19/><U107/><E107/><V26/><F72/><W39/><G16/><T74/><D95/><U114/><E114/><V109/><F109/><W131/><G131/><T42/><D42/><U88/><E10/><V57/><F54/><N who="3" m="32207" /><G86/><T13/><D37/><U85/><E64/><V61/><F61/><W62/><G62/><T70/><REACH who="0" step="1"/><D66/><REACH who="0" ten="240,250,250,250" step="2"/><U46/><E105/><V123/><F28/><W20/><G20/><T47/><D47/><U29/><E46/><V113/><F123/><W38/><G81/><T34/><D34/><U1/><E29/><V84/><F113/><W122/><G38/><T0/><D0/><U106/><E1/><V11/><F14/><W27/><G122/><T104/><D104/><U110/><E110/><V50/><F25/><AGARI ba="0,1" hai="25,27,39,40,45,60,67,68,132,133,134" m="32207" machi="25" ten="30,2000,0" yaku="24,1,20,1" doraHai="99" who="3" fromWho="2" sc="240,0,250,0,250,-20,250,30" /><INIT seed="1,0,0,0,1,128" ten="240,250,230,280" oya="1" hai0="38,73,33,28,58,35,107,88,21,60,99,90,104" hai1="79,4,87,74,106,133,2,51,56,134,94,82,135" hai2="41,95,98,3,70,123,61,22,54,15,91,31,50" hai3="0,112,9,30,12,80,68,57,108,75,116,124,47"/><U76/><E106/><V89/><F123/><W26/><G68/><T113/><D38/><U115/><E115/><V85/><F3/><W130/><G112/><T18/><D73/><U67/><E94/><V5/><F41/><W1/><G130/><T29/><D113/><U121/><E121/><V16/><F5/><W39/><G108/><T97/><D35/><U77/><E74/><V46/><F31/><N who="0" m="11850" /><D33/><U34/><E34/><V126/><F126/><W110/><G124/><T71/><D71/><U132/><E132/><V43/><F70/><W65/><G110/><T19/><D104/><U14/><E2/><V129/><F129/><W49/><G39/><T84/><D19/><U117/><E117/><V125/><F125/><W109/><G109/><T37/><D37/><U101/><E101/><V63/><REACH who="2" step="1"/><F43/><REACH who="2" ten="240,250,220,280" step="2"/><W93/><G0/><T78/><D107/><U8/><E67/><V72/><F72/><W32/><G1/><T23/><D97/><U81/><E82/><AGARI ba="0,1" hai="15,16,22,46,50,54,61,63,82,85,89,91,95,98" machi="82" ten="30,7700,0" yaku="1,1,7,1,8,1,54,1,53,0" doraHai="128" doraHaiUra="127" who="2" fromWho="1" sc="240,0,250,-77,220,87,280,0" /><INIT seed="2,0,0,5,5,22" ten="240,173,307,280" oya="2" hai0="84,43,44,30,115,88,32,55,119,75,12,132,2" hai1="104,77,20,38,19,107,133,18,76,74,95,64,52" hai2="126,35,127,27,11,97,108,54,99,117,114,41,105" hai3="94,130,59,128,33,121,6,109,125,101,53,110,131"/><V135/><F114/><W34/><G121/><T48/><D75/><U15/><E38/><V86/><F117/><W5/><G125/><N who="2" m="47625" /><F135/><W116/><G116/><T87/><D2/><U36/><E36/><V4/><F41/><W100/><G94/><T61/><D84/><U39/><E39/><V45/><F86/><W106/><G53/><T85/><D87/><U26/><E133/><V65/><F65/><W60/><G60/><T122/><D122/><U13/><E64/><V69/><F69/><W81/><G59/><T24/><D115/><U46/><E74/><V21/><F35/><N who="3" m="13323" /><G81/><T83/><D132/><U66/><E66/><V25/><F21/><W31/><G31/><T113/><D113/><U91/><E91/><V9/><BYE who="1" /><F9/><W49/><G49/><T93/><D12/><U62/><E62/><V124/><F108/><N who="3" m="41579" /><G106/><T8/><D8/><U70/><E70/><V37/><F105/><W79/><G79/><T1/><D1/><U58/><E58/><V73/><F124/><W123/><G123/><T0/><D0/><U78/><E78/><V90/><F90/><W14/><G14/><T17/><D119/><U111/><E111/><V56/><F37/><UN n1="%66%67%67%68%68%64%66" /><W67/><G67/><T63/><D43/><U71/><E71/><V3/><F56/><W80/><G80/><T118/><D118/><U98/><E107/><V103/><F103/><AGARI ba="0,0" hai="5,6,100,101,103,128,130,131" m="41579,13323" machi="103" ten="40,8000,1" yaku="28,2,19,1,14,1" doraHai="22" who="3" fromWho="2" sc="240,0,173,0,307,-80,280,80" /><INIT seed="3,0,0,1,5,45" ten="240,173,227,360" oya="3" hai0="130,11,127,116,89,39,110,2,78,129,13,103,49" hai1="23,66,86,37,77,65,115,18,40,120,94,67,74" hai2="111,16,62,131,60,119,6,113,69,117,128,99,132" hai3="32,15,10,85,41,22,92,20,93,72,28,84,31"/><W47/><G72/><T58/><D39/><U36/><E120/><V97/><F111/><W30/><G32/><T3/><D116/><N who="2" m="44618" /><F113/><W34/><G34/><T101/><D110/><U1/><E115/><V81/><F6/><W29/><G29/><T79/><D89/><U12/><E1/><V122/><F122/><W108/><G85/><T51/><D58/><U52/><E40/><V4/><F4/><W68/><G84/><T73/><D13/><U121/><E121/><V9/><F81/><W100/><G93/><T19/><D19/><U83/><E74/><V26/><F132/><W105/><G92/><T61/><D61/><N who="2" m="23658" /><F69/><W123/><G68/><T106/><D73/><U124/><E124/><V107/><F107/><W95/><G105/><T104/><D11/><U75/><E75/><V80/><F80/><W135/><G10/><T50/><D50/><U109/><E109/><V27/><F9/><W33/><G33/><T112/><D112/><U96/><REACH who="1" step="1"/><E52/><REACH who="1" ten="240,163,227,360" step="2"/><V82/><F82/><W54/><G54/><T90/><D90/><AGARI ba="0,1" hai="12,18,23,36,37,65,66,67,77,83,86,90,94,96" machi="90" ten="40,8000,1" yaku="1,1,2,1,53,2" doraHai="45" doraHaiUra="70" who="1" fromWho="0" sc="240,-80,163,90,227,0,360,0" owari="160,-34.0,253,5.3,227,-17.3,360,46.0" /></mjloggm>