<mjloggm ver="2.3"><GO type="225" lobby="0"/><UN n0="%79%75%72%69%6D%6F%67" n1="%E6%9D%B1%E9%A2%A8%E3%81%AE%E3%81%8D%E3%82%83%E3%81%B7%E3%81%95%E3%82%93" n2="%E3%82%A2%E3%83%A1%E3%82%A2%E3%83%A9%E3%83%AC" n3="%E3%80%93%E3%81%97%E3%83%BC%E3%82%89%E3%80%93" dan="17,17,16,16" rate="2168.91,2200.90,2175.41,2152.24" sx="F,M,M,M"/><TAIKYOKU oya="0"/><INIT seed="0,0,0,0,1,99" ten="250,250,250,250" oya="0" hai0="5,120,133,122,83,47,21,35,49,105,96,78,7" hai1="79,118,42,95,9,15,114,85,30,127,39,19,57" hai2="22,28,3,121,98,100,80,134,0,17,50,60,25" hai3="14,34,128,131,116,89,81,88,38,8,67,45,91"/><T63/><D35/><U117/><E30/><V62/><F134/><W104/><G34/><T129/><D129/><N who="3" m="49737" /><G104/><T53/><D133/><U97/><E127/><V119/><F121/><W32/><G32/><T12/><D63/><U68/><E68/><V109/><F109/><W64/><G116/><T94/><D105/><U90/><E57/><V135/><F119/><W111/><G111/><T84/><D122/><U46/><E114/><V115/><F115/><W113/><G113/><T123/><D123/><U73/><E73/><V33/><F3/><W41/><G81/><T31/><D120/><U71/><E71/><V11/><F135/><W43/><G43/><T2/><D2/><U26/><E26/><V72/><F50/><W10/><G10/><T24/><REACH who="0" step="1"/><D12/><REACH who="0" ten="240,250,250,250" step="2"/><U93/><REACH who="1" step="1"/><E79/><REACH who="1" ten="240,240,250,250" step="2"/><V107/><F33/><W4/><AGARI ba="0,2" hai="4,8,14,38,41,45,64,67,88,89,91" m="49737" machi="4" ten="30,2000,0" yaku="19,1,54,1" doraHai="99" who="3" fromWho="3" sc="240,-10,240,-5,250,-5,250,40" /><INIT seed="1,0,0,0,2,79" ten="230,235,245,290" oya="1" hai0="88,83,49,86,40,81,129,117,5,12,17,30,27" hai1="75,25,18,118,57,9,128,35,94,62,54,112,80" hai2="20,103,89,130,50,46,96,7,22,104,29,135,98" hai3="56,71,76,92,6,8,105,101,100,14,131,32,0"/><U109/><E118/><V3/><F135/><W19/><G71/><T48/><D129/><U122/><E112/><V15/><F130/><W37/><G105/><T120/><D117/><U91/><E122/><V70/><F70/><W1/><G37/><T21/><D5/><U114/><E128/><V55/><F3/><W133/><G131/><T108/><D108/><U73/><E114/><V11/><F29/><W13/><G32/><T31/><D120/><U69/><E109/><V134/><F134/><W113/><G113/><T52/><D40/><U51/><E69/><V85/><REACH who="2" step="1"/><F98/><REACH who="2" ten="230,235,235,290" step="2"/><W97/><G133/><T63/><D31/><U58/><E35/><V116/><F116/><W36/><G0/><T68/><D68/><U90/><E75/><V39/><F39/><W107/><G36/><T64/><D64/><U44/><E62/><V110/><F110/><W74/><G1/><T84/><D63/><U132/><E73/><V93/><AGARI ba="0,1" hai="7,11,15,20,22,46,50,55,85,89,93,96,103,104" machi="93" ten="20,2700,0" yaku="1,1,0,1,7,1,53,0" doraHai="79" doraHaiUra="66" who="2" fromWho="2" sc="230,-7,235,-13,235,37,290,-7" /><INIT seed="2,0,0,3,0,51" ten="223,222,272,283" oya="2" hai0="93,99,32,60,6,33,125,29,36,17,104,129,116" hai1="57,66,58,81,37,53,122,120,134,11,110,107,111" hai2="91,3,62,50,126,77,49,61,94,112,54,48,76" hai3="31,124,55,102,12,78,90,109,135,56,92,117,65"/><V26/><F112/><W74/><G117/><T103/><D36/><U105/><E37/><V95/><F126/><W113/><G124/><T5/><D125/><U38/><E38/><V24/><F3/><W119/><G119/><T0/><D129/><U21/><E21/><V28/><F28/><W84/><G65/><T96/><D116/><U97/><E81/><V2/><F2/><W13/><G113/><T27/><D33/><U133/><E11/><V25/><F91/><W30/><G109/><N who="1" m="41482" /><E97/><V87/><F87/><W4/><G135/><N who="1" m="51722" /><E66/><V69/><F69/><W7/><G102/><T44/><D0/><U128/><E128/><V42/><F42/><W114/><G78/><N who="2" m="30313" /><F54/><W73/><G73/><T68/><D17/><U59/><E53/><V67/><F67/><W19/><G74/><T70/><D6/><N who="3" m="2089" /><G114/><T15/><D5/><U131/><E131/><V98/><F98/><W22/><G13/><T63/><D15/><U85/><E85/><V79/><N who="2" m="30321" /><V132/><DORA hai="108" /><F132/><W41/><G41/><T8/><D99/><U88/><E88/><V83/><F83/><W40/><G40/><T64/><D93/><AGARI ba="0,0" hai="24,25,26,48,49,50,61,62,93,94,95" m="30321" machi="93" ten="40,7700,0" yaku="28,2,8,1" doraHai="51,108" who="2" fromWho="0" sc="223,-77,222,0,272,77,283,0" /><INIT seed="2,1,0,1,3,63" ten="146,222,349,283" oya="2" hai0="5,60,85,91,87,88,21,117,14,30,71,23,126" hai1="66,39,73,58,64,112,13,40,62,6,59,41,131" hai2="82,135,118,46,78,10,89,47,93,116,101,24,38" hai3="110,113,67,17,20,81,35,51,86,130,68,99,95"/><V119/><F135/><W65/><G68/><T97/><D126/><U27/><E73/><V45/><F101/><N who="3" m="60671" /><G35/><T103/><D117/><U108/><E112/><V76/><F38/><W33/><G33/><T132/><D132/><U37/><E27/><V32/><F10/><W19/><G113/><T9/><D87/><U48/><E13/><V127/><F127/><W80/><G110/><T28/><D23/><U8/><E8/><V52/><F82/><N who="3" m="31851" /><G86/><T79/><D79/><U26/><E26/><V7/><F24/><N who="3" m="14351" /><G19/><T42/><D42/><N who="1" m="16491" /><E6/><V43/><F7/><W92/><G92/><T104/><D21/><U134/><E134/><V105/><F43/><W106/><G106/><T61/><D91/><U125/><E125/><V4/><F4/><W109/><G109/><T111/><D111/><U114/><E108/><V90/><F105/><W102/><G102/><T12/><D12/><U84/><E84/><V123/><F32/><W122/><G122/><T75/><D75/><U83/><E83/><V22/><F22/><W49/><G130/><T15/><D15/><U50/><E131/><V55/><F123/><W124/><G124/><T3/><D3/><U44/><E114/><V36/><F36/><N who="1" m="13897" /><E44/><V31/><F31/><W29/><G29/><T121/><D121/><U54/><E58/><V0/><F0/><W56/><G56/><T11/><D11/><U69/><E69/><V115/><F115/><W53/><G53/><N who="2" m="20553" /><F93/><W94/><G94/><N who="0" m="54543" /><D71/><U1/><E1/><V16/><F118/><W18/><G18/><T70/><D70/><U96/><E96/><V34/><F119/><RYUUKYOKU ba="1,0" sc="146,10,222,10,349,-30,283,10" hai0="5,9,14,28,30,60,61,97,103,104" hai1="48,50,54,59,62,64,66" hai3="49,51,65,67" /><INIT seed="3,2,0,1,5,126" ten="156,232,319,293" oya="3" hai0="32,116,108,31,1,49,113,37,39,14,111,132,22" hai1="12,26,16,71,98,36,13,72,42,104,55,4,83" hai2="125,85,50,133,112,128,109,87,122,68,120,129,93" hai3="58,65,124,64,52,84,69,43,47,2,97,44,34"/><W9/><G34/><T35/><D49/><U80/><E71/><V40/><F109/><W102/><G124/><T90/><D90/><U86/><E72/><V76/><F125/><W100/><G69/><T134/><D37/><U88/><E36/><V103/><F112/><W21/><G2/><T130/><D39/><U33/><E42/><V62/><F133/><N who="0" m="51306" /><D116/><U81/><E33/><N who="0" m="12873" /><D113/><U54/><E104/><V51/><F68/><W5/><G84/><N who="2" m="32329" /><F76/><W53/><G43/><T38/><D38/><U41/><E41/><V25/><F25/><W131/><G58/><T77/><D77/><U127/><E127/><V107/><F62/><W28/><G97/><T15/><D1/><U115/><E115/><V70/><F70/><W78/><G78/><T105/><D105/><U67/><E67/><V74/><F107/><W91/><G91/><T23/><D31/><U56/><E98/><N who="2" m="59855" /><F74/><W75/><G75/><T119/><D119/><U6/><E26/><V92/><F92/><W79/><G79/><T0/><D0/><U94/><E13/><N who="0" m="4617" /><D130/><N who="2" m="50282" /><F51/><W8/><G131/><T18/><D18/><U57/><E16/><V3/><F3/><W46/><G28/><T123/><D123/><U30/><E30/><V10/><F50/><W59/><G64/><T60/><D60/><N who="1" m="35863" /><E12/><V66/><F66/><W7/><G65/><T24/><D24/><U89/><E89/><V48/><F48/><AGARI ba="2,0" hai="4,6,48,55,57,80,81,83,86,88,94" m="35863" machi="48" ten="30,2000,0" yaku="8,1,54,1" doraHai="126" who="1" fromWho="2" sc="156,0,232,26,319,-26,293,0" /><INIT seed="4,0,0,0,2,82" ten="156,258,293,293" oya="0" hai0="102,35,47,33,37,66,50,0,53,130,71,32,59" hai1="77,84,89,8,94,26,100,108,2,19,22,25,123" hai2="135,13,55,134,12,99,98,72,68,119,111,124,106" hai3="48,118,70,3,81,49,60,6,83,80,36,85,54"/><T58/><D0/><U31/><E123/><V113/><F111/><W23/><G36/><T128/><D102/><U5/><E108/><V20/><F113/><W10/><G118/><T1/><D1/><U121/><E121/><V75/><F119/><W45/><G23/><T17/><D17/><U11/><E11/><V69/><F55/><W43/><G60/><T91/><D91/><U44/><E44/><V129/><F129/><W115/><G70/><T57/><REACH who="0" step="1"/><D37/><REACH who="0" ten="146,258,293,293" step="2"/><U39/><E100/><V107/><F124/><W7/><G115/><T95/><D95/><U73/><E39/><V52/><F107/><W79/><G7/><T29/><D29/><U24/><REACH who="1" step="1"/><E31/><REACH who="1" ten="146,248,293,293" step="2"/><V133/><F133/><W87/><REACH who="3" step="1"/><G79/><REACH who="3" ten="146,248,293,283" step="2"/><T74/><D74/><U88/><E88/><V67/><F75/><W46/><AGARI ba="0,3" hai="3,6,10,43,45,46,48,49,54,80,81,83,85,87" machi="46" ten="30,8000,1" yaku="1,1,2,1,0,1,52,2,53,0" doraHai="82" doraHaiUra="21" who="3" fromWho="3" sc="146,-40,248,-20,293,-20,283,110" owari="106,-39.4,228,-17.2,273,7.3,393,49.3" /></mjloggm>