<mjloggm ver="2.3"><GO type="225" lobby="0"/><UN n0="%E3%81%86%E3%82%8C%E3%81%9F%E3%82%93%E6%9E%95" n1="%E3%81%AF%E3%82%88%E3%81%8A%E3%81%98%E3%81%95%E3%82%93" n2="%33%74%72%65%65" n3="%E3%81%BF%E3%81%BF%E3%81%9A" dan="16,17,16,17" rate="2095.53,2192.97,2117.87,2303.08" sx="F,M,F,M"/><TAIKYOKU oya="0"/><INIT seed="0,0,0,4,3,125" ten="250,250,250,250" oya="0" hai0="96,8,130,66,43,92,42,49,5,82,44,83,86" hai1="0,91,115,6,2,121,81,37,46,97,1,20,79" hai2="84,108,78,131,80,60,51,112,107,10,118,47,93" hai3="55,69,70,38,11,68,15,87,127,135,12,89,67"/><T21/><D130/><U119/><E119/><V61/><F107/><W54/><G127/><T58/><D43/><U114/><E121/><V128/><F108/><W85/><G67/><T99/><D21/><U134/><E134/><V123/><F112/><W71/><G38/><T65/><D96/><U30/><E6/><V64/><F123/><W40/><G40/><T77/><D83/><U35/><E35/><V48/><F118/><W33/><G33/><T57/><D66/><U16/><E30/><V75/><F10/><W117/><G117/><T39/><D39/><U41/><E91/><N who="2" m="53479" /><F47/><W102/><G102/><T50/><D50/><N who="2" m="18986" /><F64/><W52/><N who="3" m="17408" /><DORA hai="76" /><W56/><G135/><T53/><D65/><U94/><E94/><V133/><F133/><W101/><G101/><T18/><D18/><U24/><REACH who="1" step="1"/><E97/><REACH who="1" ten="250,240,250,250" step="2"/><V25/><F128/><W62/><G89/><T22/><D99/><U14/><E14/><V34/><F131/><W109/><G15/><N who="0" m="5519" /><D92/><U29/><E29/><V32/><F32/><W59/><G109/><T72/><D72/><AGARI ba="0,1" hai="0,1,2,16,20,24,37,41,46,72,79,81,114,115" machi="72" ten="40,8000,1" yaku="1,1,52,1,54,1,53,2" doraHai="125,76" doraHaiUra="3,110" who="1" fromWho="0" sc="250,-80,240,90,250,0,250,0" /><INIT seed="1,0,0,2,4,108" ten="170,330,250,250" oya="1" hai0="79,80,54,51,17,133,26,16,3,47,68,89,100" hai1="116,88,70,102,64,86,98,19,61,2,57,7,113" hai2="76,52,109,83,65,127,91,69,114,67,23,8,104" hai3="36,95,71,25,46,60,135,24,120,81,29,34,6"/><U85/><E113/><V30/><F104/><W115/><G120/><T15/><D133/><U117/><E86/><N who="2" m="48487" /><F69/><W40/><G135/><T74/><D68/><U0/><E70/><V82/><F127/><W97/><G6/><T59/><D3/><U5/><E0/><V87/><F109/><W31/><G81/><T106/><D106/><U131/><E131/><V49/><F8/><W122/><G122/><T118/><D100/><U13/><E2/><V92/><F114/><W101/><G115/><T134/><D134/><U9/><E117/><V50/><F50/><W124/><G124/><T38/><D118/><U53/><E64/><V11/><F11/><W73/><G73/><T123/><D123/><U128/><E128/><V99/><F23/><W130/><G130/><T39/><D89/><U72/><E72/><V96/><F30/><W84/><G84/><T12/><D26/><U119/><E119/><V112/><F99/><W125/><G125/><T43/><REACH who="0" step="1"/><D38/><REACH who="0" ten="160,330,250,250" step="2"/><U20/><E116/><V62/><F112/><W126/><G126/><T21/><D21/><U78/><E20/><V56/><F49/><W22/><G71/><T41/><D41/><U4/><E78/><AGARI ba="0,1" hai="52,56,62,65,67,78,82,87,91,92,96" m="48487" machi="78" ten="30,2000,0" yaku="8,1,54,1" doraHai="108" who="2" fromWho="1" sc="160,0,330,-20,250,30,250,0" /><INIT seed="2,0,0,1,2,44" ten="160,310,280,250" oya="2" hai0="59,56,7,87,13,17,30,69,129,51,119,38,73" hai1="54,24,84,53,50,27,95,135,60,55,77,10,127" hai2="14,72,86,3,46,32,39,40,49,45,70,12,122" hai3="105,36,120,29,92,125,52,111,126,67,131,96,41"/><V78/><F122/><W64/><G120/><T28/><D73/><U11/><E127/><N who="3" m="48650" /><G105/><T6/><D129/><U107/><E107/><V113/><F113/><W8/><G131/><T133/><D133/><U19/><E135/><V88/><F3/><W112/><G111/><T42/><D69/><U132/><E132/><V5/><F70/><W25/><G112/><T9/><D119/><U103/><E60/><V102/><F102/><N who="3" m="60679" /><G8/><N who="1" m="3114" /><E19/><V117/><F5/><N who="0" m="1546" /><D38/><U68/><E68/><V65/><F117/><W91/><G91/><T31/><D87/><U48/><E103/><V15/><F72/><W20/><G41/><T134/><D134/><U18/><E18/><V1/><F1/><W104/><G36/><T71/><D71/><U62/><E62/><V61/><F78/><W0/><G104/><T63/><D63/><U66/><E66/><V23/><F61/><W21/><G0/><T4/><N who="0" m="1554" /><T118/><DORA hai="101" /><D118/><U116/><E116/><V16/><F65/><W121/><G121/><T89/><D89/><N who="1" m="53671" /><E77/><V124/><F124/><W81/><G67/><T106/><D106/><U90/><E90/><V43/><F32/><N who="3" m="20527" /><G64/><T37/><D37/><U47/><E54/><V108/><F108/><W2/><G2/><T26/><D26/><U35/><E35/><V82/><AGARI ba="0,0" hai="12,14,15,16,23,39,40,43,45,46,49,82,86,88" machi="82" ten="20,12000,1" yaku="0,1,7,1,52,1,54,2" doraHai="44,101" who="2" fromWho="2" sc="160,-40,310,-40,280,120,250,-40" /><INIT seed="2,1,0,4,3,9" ten="120,270,400,210" oya="2" hai0="68,130,118,88,40,28,132,16,62,22,24,48,125" hai1="69,135,133,12,89,3,31,106,39,120,38,113,32" hai2="7,37,44,127,54,107,4,114,79,104,65,92,35" hai3="46,115,109,122,83,47,61,131,110,34,49,100,11"/><V21/><F114/><W64/><G122/><T42/><D130/><U25/><E113/><V29/><F35/><W99/><G115/><T82/><D132/><N who="1" m="50763" /><E3/><V18/><F29/><W27/><G131/><T10/><D125/><U105/><E69/><V102/><F65/><W76/><G27/><T59/><D118/><U96/><E120/><V85/><F104/><N who="1" m="40041" /><E12/><V52/><F127/><W53/><G34/><T66/><D68/><U19/><E19/><V73/><F18/><W33/><G33/><T51/><D40/><U26/><E25/><V93/><F7/><W36/><G11/><T41/><D41/><U74/><E74/><V63/><F21/><W56/><G99/><T124/><D124/><U60/><E60/><V81/><F63/><W50/><G100/><T2/><D42/><U119/><E119/><V103/><F4/><W20/><G20/><T117/><D117/><U84/><E96/><V94/><F103/><W129/><G129/><T112/><D112/><U111/><E111/><N who="3" m="42506" /><G36/><T86/><D2/><U95/><AGARI ba="1,0" hai="26,31,32,38,39,84,89,95" m="40041,50763" machi="95" ten="30,1100,0" yaku="20,1" doraHai="9" who="1" fromWho="1" sc="120,-4,270,14,400,-6,210,-4" /><INIT seed="3,0,0,4,5,102" ten="116,284,394,206" oya="3" hai0="16,115,36,31,3,58,75,26,123,82,71,103,41" hai1="86,56,69,99,121,104,89,13,133,43,7,50,90" hai2="113,78,6,35,29,64,34,62,30,67,101,85,72" hai3="117,19,2,127,4,116,52,125,81,76,94,23,61"/><W37/><G37/><T20/><D123/><U32/><E69/><V131/><F72/><W135/><G135/><T79/><D71/><U54/><E32/><V60/><F6/><W114/><G114/><T107/><D115/><U57/><E121/><V33/><F101/><W28/><G28/><T42/><D3/><U126/><E133/><V120/><F113/><W124/><G94/><T45/><D41/><U100/><E126/><V59/><F131/><W108/><G4/><T70/><D70/><U44/><E56/><V68/><F120/><W122/><G2/><T22/><D58/><U134/><E134/><V51/><F51/><W105/><G105/><T24/><REACH who="0" step="1"/><D103/><REACH who="0" ten="106,284,394,206" step="2"/><U40/><E100/><V49/><F59/><N who="3" m="35047" /><G122/><T66/><D66/><U12/><E57/><V83/><F29/><W0/><G0/><T48/><D48/><U110/><E50/><V128/><F30/><W55/><G55/><T93/><D93/><U46/><E54/><V109/><F128/><W111/><G117/><T106/><AGARI ba="0,1" hai="16,20,22,24,26,31,36,42,45,75,79,82,106,107" machi="106" ten="30,12000,2" yaku="1,1,0,1,52,2,54,1,53,2" doraHai="102" doraHaiUra="18" who="0" fromWho="0" sc="106,130,284,-30,394,-30,206,-60" owari="236,-16.4,254,5.4,364,46.4,146,-35.4" /></mjloggm>