<mjloggm ver="2.3"><GO type="225" lobby="0"/><UN n0="%E6%A0%B9%E5%85%83%E3%81%8B%E3%82%89%E5%90%B9%E3%81%A3%E9%A3%9B%E3%81%B6" n1="%E3%81%B5%E3%81%98%E3%81%8B%E3%81%A4" n2="%E3%83%B4%E3%82%A3%E3%83%AF%E3%82%B3%E3%82%B0%E3%83%8B" n3="%E7%99%BD%E6%97%A5%E9%9B%AA%E8%8F%9C" dan="17,16,16,17" rate="2201.04,2148.63,2153.53,2214.20" sx="F,M,M,M"/><TAIKYOKU oya="0"/><INIT seed="0,0,0,1,1,38" ten="250,250,250,250" oya="0" hai0="7,68,112,59,116,56,37,62,122,71,65,3,102" hai1="115,10,4,123,76,43,44,84,2,86,126,5,54" hai2="109,57,125,46,25,131,31,1,20,120,80,69,77" hai3="53,89,127,27,82,113,58,83,96,48,128,93,95"/><T103/><D112/><U42/><E115/><V8/><F69/><W114/><G127/><T67/><D116/><U119/><E123/><V61/><F120/><W121/><G121/><T106/><D122/><U133/><E119/><V34/><F109/><W28/><G128/><T92/><D37/><U135/><E126/><V30/><F125/><W91/><G113/><T52/><D106/><U51/><E5/><V6/><F131/><W19/><G19/><T14/><D3/><U72/><E72/><V88/><F46/><W70/><G70/><T64/><D59/><U17/><E17/><V134/><F134/><N who="1" m="51209" /><E76/><V50/><F50/><W100/><G100/><T24/><D24/><U55/><E55/><V99/><F31/><W90/><G90/><T66/><D71/><U15/><E2/><V32/><F99/><W110/><G110/><T105/><D105/><U12/><E12/><V23/><F32/><W85/><REACH who="3" step="1"/><G114/><REACH who="3" ten="250,250,250,240" step="2"/><T111/><D111/><U98/><E98/><V101/><F101/><W104/><G104/><T129/><D129/><U60/><E60/><V13/><F88/><W49/><G49/><T47/><D68/><U35/><E35/><AGARI ba="0,1" hai="27,28,35,48,53,58,82,83,85,89,91,93,95,96" machi="35" ten="30,3900,0" yaku="1,1,7,1,53,1" doraHai="38" doraHaiUra="21" who="3" fromWho="1" sc="250,0,250,-39,250,0,240,49" /><INIT seed="1,0,0,3,5,55" ten="250,211,250,289" oya="1" hai0="57,8,43,19,96,36,86,116,20,129,98,54,131" hai1="72,117,37,18,102,118,7,130,120,61,14,25,2" hai2="78,112,100,101,28,6,69,17,134,107,77,121,10" hai3="73,56,122,89,52,3,84,103,106,70,88,79,109"/><U126/><E120/><V99/><F121/><W39/><G70/><T49/><D116/><U24/><E72/><V135/><F69/><W91/><G122/><T76/><D8/><N who="1" m="2167" /><E37/><V90/><F28/><W123/><G123/><T41/><D76/><U62/><E102/><V26/><F112/><W87/><G39/><T92/><D86/><U127/><E62/><V32/><F100/><W85/><G3/><T60/><D36/><U105/><E61/><V53/><F32/><W4/><G4/><T33/><D33/><U44/><E44/><V11/><F90/><W31/><G31/><T75/><D75/><U40/><E40/><V104/><F104/><W42/><G42/><T125/><D125/><N who="1" m="47627" /><E105/><V65/><F65/><W15/><G109/><T64/><D43/><U114/><E114/><V30/><F53/><W94/><G106/><T115/><D41/><U9/><E130/><N who="0" m="49673" /><D115/><U59/><E59/><V97/><F101/><W81/><G103/><T132/><D132/><U46/><E46/><V80/><F107/><W47/><G47/><N who="0" m="27967" /><D92/><U82/><E82/><V108/><F80/><W48/><REACH who="3" step="1"/><G15/><AGARI ba="0,0" hai="15,19,20,57,60,64,96,98" m="27967,49673" machi="15" ten="30,2000,0" yaku="19,1,52,1" doraHai="55" who="0" fromWho="3" sc="250,20,211,0,250,0,289,-20" /><INIT seed="2,0,0,2,0,123" ten="270,211,250,269" oya="2" hai0="113,18,64,121,26,21,14,45,63,102,65,37,73" hai1="23,49,1,39,70,126,32,6,83,41,66,91,3" hai2="52,132,31,85,133,71,59,119,112,58,22,60,110" hai3="25,55,134,95,11,48,29,117,76,111,68,35,125"/><V106/><F106/><W88/><G117/><T69/><D121/><U34/><E126/><V103/><F119/><W13/><G68/><T84/><D73/><U44/><E23/><V57/><F112/><W5/><G76/><T118/><D113/><U74/><E91/><V51/><F103/><W7/><G134/><N who="2" m="51817" /><F85/><W61/><G61/><T19/><D102/><U131/><E49/><V93/><F93/><W82/><G82/><T4/><D65/><U109/><E131/><V38/><F38/><W16/><G111/><T115/><D115/><U89/><E89/><V56/><F71/><W46/><REACH who="3" step="1"/><G125/><REACH who="3" ten="270,211,250,259" step="2"/><T27/><D118/><U12/><E109/><V17/><F110/><W130/><G130/><T8/><D63/><N who="1" m="40287" /><E12/><N who="2" m="9511" /><F31/><W47/><G47/><T104/><D45/><U90/><E1/><V28/><F28/><W33/><G33/><T129/><D129/><U24/><E24/><V54/><AGARI ba="0,1" hai="51,52,54,56,57,58,59,60" m="9511,51817" machi="54" ten="30,3000,0" yaku="20,1,54,1" doraHai="123" who="2" fromWho="2" sc="270,-10,211,-10,250,40,259,-10" /><INIT seed="2,1,0,4,4,19" ten="260,201,290,249" oya="2" hai0="58,14,62,131,26,120,125,65,82,91,103,0,9" hai1="90,20,80,16,114,36,89,97,13,45,2,51,111" hai2="135,121,83,50,48,126,119,74,27,110,84,10,23" hai3="70,71,92,87,94,66,24,108,37,106,52,93,57"/><V77/><F119/><W30/><G106/><T88/><D120/><U49/><E114/><V8/><F121/><W31/><G37/><T11/><D125/><U132/><E111/><V85/><F126/><W127/><G127/><T69/><D131/><U76/><E132/><V64/><F135/><W12/><G108/><T60/><D103/><U123/><E123/><V79/><F64/><W67/><G12/><T34/><D0/><U112/><E112/><V129/><F110/><W133/><G133/><T3/><D3/><U109/><E109/><V42/><F74/><W102/><G87/><T95/><D82/><U18/><E2/><V55/><F42/><W118/><G118/><T107/><D107/><U117/><E117/><V122/><F122/><W105/><G105/><T63/><D9/><N who="1" m="6191" /><E36/><V61/><F61/><W29/><G102/><T54/><D63/><U72/><E72/><V96/><F96/><W38/><G38/><T40/><D40/><N who="1" m="24743" /><E51/><V68/><F68/><W33/><G71/><T43/><D43/><U44/><E44/><V21/><F129/><W130/><G130/><T39/><D39/><U47/><E47/><V124/><F50/><N who="3" m="30871" /><G70/><T32/><D32/><U53/><E53/><V1/><F1/><W78/><G33/><T35/><D26/><N who="1" m="14615" /><E97/><V6/><F124/><W7/><G67/><T22/><D35/><U73/><E73/><V15/><F48/><W128/><G66/><T86/><D34/><U101/><E101/><V46/><F55/><W115/><G115/><T75/><D75/><U4/><E4/><V99/><F6/><W5/><G5/><RYUUKYOKU ba="1,0" sc="260,-10,201,30,290,-10,249,-10" hai1="76,80,89,90" /><INIT seed="3,2,0,0,1,72" ten="250,231,280,239" oya="3" hai0="35,47,111,57,1,110,27,62,113,130,131,11,56" hai1="123,129,29,120,53,55,112,9,106,38,102,135,42" hai2="116,76,44,6,108,124,19,90,18,75,88,79,67" hai3="126,69,34,64,74,70,121,28,71,122,115,3,46"/><W133/><G115/><T81/><D113/><U16/><E112/><V118/><F75/><W93/><G3/><T128/><D35/><U87/><E29/><V30/><F108/><N who="0" m="41514" /><D27/><U49/><E135/><V31/><F44/><W103/><G74/><T20/><D20/><U80/><E129/><V41/><F67/><W66/><G133/><T92/><D92/><U65/><E65/><V105/><F41/><W82/><G82/><T107/><D107/><U61/><E106/><V24/><F105/><W114/><G114/><T134/><D134/><U4/><E102/><V8/><F24/><N who="3" m="18695" /><G46/><T13/><D1/><U26/><E38/><V40/><F40/><W100/><G93/><T25/><D25/><U83/><E120/><V22/><F22/><W14/><G14/><T39/><D62/><U58/><E123/><V10/><F6/><W60/><G122/><T21/><D21/><N who="1" m="13607" /><E42/><V36/><F124/><W98/><G121/><T2/><D2/><U48/><E55/><V109/><F109/><W51/><G126/><T63/><D63/><U45/><E45/><V91/><F91/><W95/><G51/><N who="1" m="19530" /><E87/><V7/><F7/><W33/><G33/><T15/><D39/><AGARI ba="2,0" hai="8,10,18,19,30,31,36,39,76,79,88,90,116,118" machi="39" ten="25,8000,1" yaku="22,2,52,2,54,1" doraHai="72" who="2" fromWho="0" sc="250,-86,231,0,280,86,239,0" owari="164,-33.6,231,-16.9,366,46.6,239,3.9" /></mjloggm>