<mjloggm ver="2.3"><GO type="225" lobby="0"/><UN n0="%E9%B3%B3%E6%9D%B1%E3%81%AE%E3%81%86%E3%81%95%E3%81%8E%E3%81%95%E3%82%93" n1="%E3%81%86%E3%81%A9%E3%82%93%E3%81%93" n2="%E3%82%BC%E3%83%AB%E3%83%80%E3%81%AE%E4%BC%9D%E8%AA%AC" n3="%4C%4F%4C%49%54%41" dan="17,16,17,16" rate="2246.71,2109.87,2159.72,2171.87" sx="M,M,M,F"/><TAIKYOKU oya="0"/><INIT seed="0,0,0,5,1,42" ten="250,250,250,250" oya="0" hai0="78,33,56,39,73,115,41,38,46,25,40,91,81" hai1="99,6,126,7,92,68,82,76,54,122,14,125,11" hai2="130,47,45,83,29,110,55,79,34,90,135,85,60" hai3="50,108,44,107,70,26,124,48,9,23,86,30,15"/><T5/><D115/><U89/><E68/><V53/><F110/><W71/><G107/><T64/><D91/><U88/><E122/><V17/><F135/><W127/><G108/><T43/><D5/><U3/><E89/><V21/><F130/><W74/><G74/><T2/><D2/><U10/><REACH who="1" step="1"/><E54/><REACH who="1" ten="250,240,250,250" step="2"/><V66/><F53/><W62/><G71/><T52/><D64/><U18/><E18/><V80/><F55/><W35/><G70/><T111/><D111/><U63/><E63/><V100/><F60/><W123/><G62/><T51/><REACH who="0" step="1"/><D56/><REACH who="0" ten="240,240,250,250" step="2"/><U49/><E49/><V114/><F66/><W0/><G50/><T4/><D4/><U84/><AGARI ba="0,2" hai="3,6,7,10,11,14,76,82,84,88,92,99,125,126" machi="84" ten="30,4000,0" yaku="1,1,0,1,54,1,53,0" doraHai="42" doraHaiUra="58" who="1" fromWho="1" sc="240,-20,240,60,250,-10,250,-10" /><INIT seed="1,0,0,0,0,9" ten="220,300,240,240" oya="1" hai0="92,105,20,31,22,65,48,96,17,125,37,3,29" hai1="60,112,19,119,75,41,5,49,58,101,32,70,133" hai2="71,73,132,28,10,72,102,69,53,130,15,59,11" hai3="52,56,24,26,21,82,0,44,127,85,7,104,57"/><U135/><E112/><V12/><F102/><W93/><G104/><T46/><D37/><U67/><E75/><V86/><F28/><W120/><G120/><T100/><D125/><U50/><E32/><V95/><F132/><N who="1" m="50761" /><E5/><V83/><F95/><W111/><G111/><T81/><D3/><U80/><E80/><V34/><F34/><W134/><G134/><T94/><D65/><U122/><E101/><V128/><F86/><W47/><G127/><T1/><D1/><U35/><E35/><V129/><F83/><W131/><G131/><T4/><D4/><U116/><E19/><N who="2" m="8599" /><F72/><W36/><G7/><T77/><D94/><U18/><E18/><N who="2" m="8575" /><F73/><W89/><G0/><T30/><D105/><U97/><E97/><V79/><F79/><W107/><G107/><T25/><D20/><U6/><E6/><V121/><F121/><W61/><G21/><T88/><D100/><U62/><E122/><V106/><F106/><W42/><G47/><T118/><D118/><N who="1" m="45099" /><E41/><V115/><F115/><W33/><G33/><T66/><D81/><U27/><E27/><V84/><F84/><W74/><G74/><T13/><D77/><U63/><E63/><AGARI ba="0,0" hai="53,59,63,69,71,128,129,130" m="8575,8599" machi="63" ten="30,3900,0" yaku="19,1,52,2" doraHai="9" who="2" fromWho="1" sc="220,0,300,-39,240,39,240,0" /><INIT seed="2,0,0,1,5,6" ten="220,261,279,240" oya="2" hai0="62,22,82,53,98,104,101,91,80,23,78,54,115" hai1="89,110,16,117,2,38,121,87,44,120,92,10,73" hai2="64,0,94,90,41,69,33,129,59,106,14,8,119" hai3="32,57,130,99,131,111,27,39,24,65,108,19,52"/><V9/><F106/><W112/><G39/><T85/><D115/><U103/><E117/><V76/><F119/><W43/><G43/><T70/><D70/><U100/><E73/><V12/><F33/><W5/><G112/><T71/><D54/><U50/><E38/><V1/><F69/><W77/><G77/><T116/><D116/><U105/><E110/><N who="3" m="42026" /><G65/><T58/><REACH who="0" step="1"/><D71/><REACH who="0" ten="210,261,279,240" step="2"/><U7/><E120/><V36/><F129/><W18/><G130/><T79/><D79/><U134/><E121/><V26/><F76/><W40/><G131/><T29/><D29/><U93/><E134/><V132/><F132/><W107/><G52/><T124/><D124/><U109/><E109/><V88/><F64/><W49/><G40/><T35/><D35/><U83/><E105/><V81/><F41/><W113/><G32/><T74/><AGARI ba="0,1" hai="22,23,53,58,62,74,78,80,82,85,91,98,101,104" machi="74" ten="20,2700,0" yaku="1,1,0,1,7,1,53,0" doraHai="6" doraHaiUra="45" who="0" fromWho="0" sc="210,37,261,-7,279,-13,240,-7" /><INIT seed="3,0,0,5,0,9" ten="247,254,266,233" oya="3" hai0="118,69,26,75,120,4,129,95,78,12,1,54,67" hai1="76,92,44,27,3,2,38,125,56,110,14,107,65" hai2="105,57,53,98,93,18,70,134,32,94,64,116,103" hai3="79,25,89,35,30,111,8,7,36,127,121,47,82"/><W39/><G121/><T45/><D118/><U22/><E107/><V101/><F116/><W10/><G127/><T119/><D119/><U49/><E110/><V51/><F134/><W132/><G132/><T113/><D120/><U19/><E125/><V61/><F101/><W68/><G68/><T17/><D1/><U74/><E38/><V71/><F71/><W87/><G111/><T81/><D113/><U43/><E92/><V123/><F123/><W55/><G10/><T42/><D129/><U77/><E74/><V128/><F128/><W106/><G106/><T114/><D114/><U52/><E3/><V59/><F59/><W72/><G55/><T50/><D4/><U115/><E2/><V124/><F124/><W73/><G47/><T130/><D26/><U11/><E115/><V31/><F18/><W28/><G28/><T80/><D80/><U126/><E126/><V88/><F88/><W86/><G86/><T37/><D130/><U21/><E21/><V112/><F112/><W40/><G40/><T122/><D122/><U117/><E117/><V33/><F33/><W97/><G97/><T63/><D95/><U66/><E43/><V85/><F85/><W29/><G30/><T15/><D17/><N who="1" m="8415" /><E44/><AGARI ba="0,0" hai="12,15,37,42,44,45,50,54,63,67,69,75,78,81" machi="44" ten="30,3900,0" yaku="7,1,52,2" doraHai="9" who="0" fromWho="1" sc="247,39,254,-39,266,0,233,0" /><INIT seed="4,0,0,1,3,52" ten="286,215,266,233" oya="0" hai0="69,4,6,16,98,23,50,103,109,107,21,123,54" hai1="57,92,89,79,7,38,80,126,99,132,39,51,19" hai2="36,100,26,94,76,64,24,68,127,2,74,88,49" hai3="77,55,48,111,3,60,47,46,40,133,83,0,128"/><T122/><D69/><U34/><E132/><V32/><F36/><W12/><G111/><T73/><D73/><U90/><E126/><V118/><F2/><W59/><G128/><T114/><D21/><U27/><E7/><V20/><F127/><W72/><G133/><T124/><D124/><U96/><E19/><V125/><F125/><W121/><G121/><T110/><D4/><U30/><E96/><V105/><F32/><W91/><G91/><T10/><D114/><U97/><E90/><V134/><F49/><W53/><REACH who="3" step="1"/><G12/><REACH who="3" ten="286,215,266,223" step="2"/><T82/><D123/><U43/><E99/><V117/><F88/><W115/><G115/><T87/><D122/><U33/><E33/><V70/><F134/><W58/><G58/><T9/><D110/><U84/><REACH who="1" step="1"/><E57/><REACH who="1" ten="286,205,266,223" step="2"/><V18/><F68/><W116/><G116/><T17/><D109/><U131/><E131/><V119/><F119/><W66/><G66/><T75/><D98/><U85/><E85/><V56/><F56/><W15/><G15/><T44/><D87/><U129/><E129/><V28/><F64/><W112/><G112/><T78/><D75/><U13/><E13/><V61/><F117/><W65/><G65/><T71/><D71/><U95/><E95/><V106/><F118/><W29/><G29/><T25/><D107/><U8/><E8/><V120/><F120/><W42/><G42/><T113/><D9/><U11/><E11/><V104/><F104/><W5/><G5/><T45/><D6/><U135/><E135/><V31/><F106/><W108/><G108/><T1/><D10/><U37/><E37/><AGARI ba="0,2" hai="0,3,37,40,46,47,48,53,55,59,60,72,77,83" machi="37" ten="30,7700,0" yaku="1,1,6,1,7,1,52,1,53,0" doraHai="52" doraHaiUra="81" who="3" fromWho="1" sc="286,0,205,-77,266,0,223,97" owari="286,8.6,128,-37.2,266,-13.4,320,42.0" /></mjloggm>