<mjloggm ver="2.3"><GO type="225" lobby="0"/><UN n0="%72%69%6F%75%63%68%61%6E" n1="%E3%81%B2%E3%81%AA%E3%81%AE%E3%82%8A%E3%81%8F" n2="%E3%81%A0%E3%81%8A" n3="%E3%81%B5%E3%81%98%E3%81%8B%E3%81%A4" dan="16,17,16,16" rate="2162.66,2226.91,2027.91,2078.54" sx="M,M,M,M"/><TAIKYOKU oya="0"/><INIT seed="0,0,0,5,5,29" ten="250,250,250,250" oya="0" hai0="7,61,97,99,30,81,126,50,15,88,54,83,62" hai1="32,114,26,10,53,41,57,33,111,60,35,9,75" hai2="31,2,73,103,69,87,127,13,95,117,43,70,25" hai3="108,104,48,67,40,45,37,74,28,36,18,68,90"/><T65/><D126/><U19/><E75/><V78/><F2/><W77/><G104/><T49/><D30/><U71/><E111/><V129/><F127/><W44/><G108/><T98/><D49/><U42/><E114/><V91/><F129/><W46/><G90/><T5/><D61/><U80/><E71/><V107/><F43/><N who="3" m="22639" /><G28/><T128/><D128/><U12/><E26/><V106/><F13/><W51/><G18/><T105/><D105/><U38/><E38/><V20/><F117/><W64/><G77/><T122/><D122/><U3/><REACH who="1" step="1"/><E80/><REACH who="1" ten="250,240,250,250" step="2"/><N who="2" m="45135" /><F107/><W84/><G74/><T109/><D109/><U24/><E24/><V8/><F106/><W120/><G120/><T130/><D130/><U125/><E125/><V27/><F25/><W112/><G112/><T82/><D88/><U121/><E121/><V116/><F69/><W39/><G84/><T17/><D65/><N who="3" m="25161" /><G68/><T93/><D93/><U0/><E0/><V89/><F70/><W4/><G4/><AGARI ba="0,1" hai="3,4,9,10,12,19,32,33,35,41,42,53,57,60" machi="4" ten="40,8000,1" yaku="1,1,52,3,53,0" doraHai="29" doraHaiUra="131" who="1" fromWho="3" sc="250,0,240,90,250,0,250,-80" /><INIT seed="1,0,0,2,0,31" ten="250,330,250,170" oya="1" hai0="130,91,82,70,62,96,99,28,2,118,66,15,1" hai1="92,110,108,6,68,117,29,83,122,135,26,27,106" hai2="18,97,9,48,41,104,87,116,65,61,24,21,128" hai3="43,56,75,121,58,23,45,39,94,10,127,12,49"/><U129/><E117/><V84/><F128/><W73/><G121/><T16/><D118/><U34/><E106/><V72/><F72/><W17/><G127/><T50/><D130/><U55/><E129/><V98/><F116/><W102/><G75/><T86/><D28/><U67/><E122/><V64/><F64/><W8/><G73/><T123/><D123/><U71/><E6/><V88/><F9/><W22/><G22/><T37/><D37/><U81/><E135/><V105/><F104/><W53/><G102/><T60/><D62/><U14/><E14/><V77/><F77/><W54/><REACH who="3" step="1"/><G94/><REACH who="3" ten="250,330,250,160" step="2"/><T42/><D99/><U32/><E92/><V52/><F21/><W4/><G4/><T51/><D96/><U132/><E132/><V59/><F98/><W20/><G20/><T89/><D89/><U124/><E124/><V11/><F88/><W19/><G19/><T5/><D5/><U111/><E111/><V120/><F18/><W13/><G13/><T100/><D100/><U35/><E108/><V109/><F120/><W57/><G57/><T33/><D1/><U76/><E110/><V46/><F59/><W125/><G125/><T3/><D2/><U63/><E71/><V114/><F109/><W115/><G115/><T0/><D3/><U119/><E68/><V133/><F97/><W30/><G30/><T93/><D0/><U74/><E29/><V38/><F133/><W126/><G126/><T69/><D93/><U112/><E74/><V85/><F114/><W90/><G90/><T95/><D69/><U25/><E112/><V79/><F105/><RYUUKYOKU ba="0,1" sc="250,-10,330,-10,250,-10,160,30" hai3="8,10,12,17,23,39,43,45,49,53,54,56,58" /><INIT seed="2,1,1,5,4,27" ten="240,320,240,190" oya="2" hai0="76,123,79,30,125,18,19,80,118,16,106,10,89" hai1="82,12,133,114,100,48,65,104,6,72,116,56,45" hai2="81,75,54,47,25,2,119,131,7,67,46,107,86" hai3="15,91,66,97,90,124,128,115,134,28,120,1,3"/><V111/><F119/><W37/><G120/><T94/><D123/><U21/><E114/><V55/><F75/><W70/><G37/><T11/><D118/><U40/><E104/><V9/><F107/><W13/><G115/><T63/><D125/><U85/><E72/><V92/><F131/><W112/><G112/><T8/><D106/><U101/><E133/><V99/><F111/><W41/><G124/><T121/><D121/><U103/><E116/><V29/><F67/><W39/><G134/><T96/><D30/><U130/><E130/><V129/><F129/><W108/><G128/><T61/><REACH who="0" step="1"/><D76/><REACH who="0" ten="230,320,240,190" step="2"/><N who="1" m="46279" /><E103/><V26/><F29/><W127/><G127/><T69/><D69/><U126/><E126/><V22/><F47/><W43/><G70/><T83/><D83/><U78/><E78/><V95/><F46/><W20/><G108/><T42/><D42/><U32/><E40/><V113/><F113/><W36/><G36/><T122/><D122/><U64/><E101/><V105/><F105/><W14/><G39/><T135/><D135/><U49/><E100/><V38/><F38/><W98/><G1/><T59/><D59/><U5/><E56/><V88/><F81/><W117/><G3/><T50/><D50/><U53/><E49/><V34/><F34/><W4/><G117/><T0/><D0/><U62/><E32/><V68/><F68/><W17/><G28/><T110/><D110/><U31/><E31/><N who="2" m="17847" /><F26/><W24/><G4/><N who="1" m="1642" /><E62/><V87/><F87/><AGARI ba="1,2" hai="8,10,11,16,18,19,61,63,79,80,87,89,94,96" machi="87" ten="40,8000,1" yaku="1,1,8,1,54,1,53,1" doraHai="27" doraHaiUra="77" who="0" fromWho="2" sc="230,103,320,0,240,-83,190,0" /><INIT seed="3,0,0,4,2,68" ten="333,320,157,190" oya="3" hai0="85,126,77,44,120,27,105,81,18,16,72,78,109" hai1="63,11,114,111,91,135,101,56,65,87,89,5,60" hai2="62,46,10,32,45,93,88,104,80,96,118,9,69" hai3="38,131,73,15,130,83,95,55,41,30,119,127,100"/><W0/><G119/><T98/><D120/><U82/><E114/><V107/><F118/><W54/><G0/><T52/><D109/><U94/><E111/><V4/><F32/><W76/><G30/><T37/><D126/><U25/><E135/><V28/><F28/><W71/><G71/><T43/><D52/><N who="3" m="20009" /><G15/><T39/><D37/><U64/><E101/><V128/><F128/><N who="3" m="49195" /><G127/><T99/><D105/><U113/><E25/><V6/><F69/><W134/><G134/><T53/><D53/><N who="1" m="33807" /><E63/><V116/><F62/><W75/><G95/><T40/><D43/><U48/><E48/><V110/><F116/><W35/><G100/><T17/><REACH who="0" step="1"/><D27/><REACH who="0" ten="323,320,157,190" step="2"/><U92/><E113/><V13/><F110/><W20/><G41/><T19/><N who="0" m="4096" /><DORA hai="121" /><T31/><D31/><U7/><E11/><V115/><F115/><W74/><G38/><T129/><D129/><U112/><E112/><V132/><F132/><W79/><G74/><T47/><D47/><U29/><E29/><V59/><F59/><W106/><G106/><T26/><D26/><U12/><E12/><V57/><F57/><W97/><G75/><T24/><D24/><U33/><E33/><V42/><F80/><AGARI ba="0,1" hai="39,40,44,72,77,78,80,81,85,98,99" m="4096" machi="80" ten="50,6400,0" yaku="1,1,52,1,54,1,53,0" doraHai="68,121" doraHaiUra="84,123" who="0" fromWho="2" sc="323,74,320,0,157,-64,190,0" owari="397,49.7,320,12.0,93,-40.7,190,-21.0" /></mjloggm>