<mjloggm ver="2.3"><GO type="225" lobby="0"/><UN n0="%E3%81%95%E3%81%8D%E3%81%9F%E3%81%BE%E6%9E%97%E6%AA%8E" n1="%E2%91%A3%E9%81%BF%E9%81%8A%E6%88%AF%E3%80%90%E6%9D%B1%E5%8D%97%E3%80%91" n2="%4E%49%4A%49%49%52%4F" n3="%E5%B8%86%E7%AB%8B%E5%A4%8F%E8%A1%A3" dan="16,16,16,17" rate="2153.77,2076.22,2157.17,2177.23" sx="M,M,M,M"/><TAIKYOKU oya="0"/><INIT seed="0,0,0,3,2,24" ten="250,250,250,250" oya="0" hai0="29,82,97,56,105,118,26,22,133,27,33,103,28" hai1="125,4,91,83,0,37,107,13,3,93,38,65,111" hai2="87,64,39,14,81,49,9,95,101,98,72,63,100" hai3="122,77,115,36,50,1,7,31,79,58,123,52,73"/><T76/><D118/><U68/><E107/><V89/><F39/><W66/><G115/><T109/><D133/><U23/><E83/><V57/><F72/><W99/><G36/><T16/><D109/><U78/><E78/><V120/><F120/><N who="3" m="46123" /><G73/><T47/><D47/><U94/><E38/><V2/><F2/><W104/><G66/><T19/><REACH who="0" step="1"/><D56/><REACH who="0" ten="240,250,250,250" step="2"/><U92/><E111/><V134/><F134/><W11/><G31/><T128/><D128/><U112/><E68/><V121/><F121/><W131/><G131/><T71/><D71/><U70/><E70/><V32/><F32/><W59/><G59/><T75/><AGARI ba="0,1" hai="16,19,22,26,27,28,29,33,75,76,82,97,103,105" machi="75" ten="20,18000,2" yaku="1,1,0,1,7,1,52,2,54,1,53,0" doraHai="24" doraHaiUra="6" who="0" fromWho="0" sc="240,190,250,-60,250,-60,250,-60" /><INIT seed="0,1,0,3,1,31" ten="430,190,190,190" oya="0" hai0="2,119,42,90,118,125,32,57,0,110,116,45,84" hai1="113,67,70,126,123,109,30,115,132,37,108,79,69" hai2="13,98,12,9,53,122,68,66,61,24,52,10,81" hai3="104,36,38,49,26,88,97,50,92,102,111,96,129"/><T3/><D125/><U18/><E79/><V7/><F122/><W105/><G111/><N who="1" m="42570" /><E30/><V29/><F81/><W128/><G26/><T25/><D110/><U71/><E18/><V44/><F44/><W27/><G27/><T121/><D121/><U6/><E6/><V93/><F13/><W11/><G11/><T130/><D130/><N who="3" m="50281" /><G105/><T54/><D45/><U131/><E131/><V75/><F75/><W40/><G40/><T82/><D42/><U46/><E123/><V51/><F51/><AGARI ba="1,0" hai="36,38,49,50,51,88,92,96,97,102,104" m="50281" machi="51" ten="30,2000,0" yaku="19,1,54,1" doraHai="31" who="3" fromWho="2" sc="430,0,190,0,190,-23,190,23" /><INIT seed="1,0,0,1,3,34" ten="430,190,167,213" oya="1" hai0="65,9,64,89,61,63,40,74,70,83,62,22,66" hai1="127,14,46,5,56,104,102,20,41,82,47,67,78" hai2="52,16,51,119,131,15,19,68,91,23,92,126,59" hai3="125,45,25,86,124,135,55,76,44,28,88,77,129"/><U79/><E127/><N who="3" m="48714" /><G135/><T132/><D132/><U106/><E79/><N who="3" m="30282" /><G55/><T130/><D74/><U10/><E47/><V99/><F126/><W75/><G75/><T43/><D130/><U93/><E20/><V84/><F131/><W109/><G109/><T1/><D70/><U35/><E35/><V0/><F0/><W121/><G121/><T21/><D1/><U118/><E118/><V6/><F68/><W115/><G115/><T48/><D9/><U33/><E33/><V39/><F39/><W110/><G110/><T60/><N who="0" m="15360" /><DORA hai="37" /><T32/><D32/><U105/><E56/><V133/><F133/><W101/><G129/><T107/><D107/><U128/><E67/><V58/><F119/><W2/><G2/><T42/><D48/><U112/><E128/><V111/><F6/><W8/><G8/><T57/><D57/><U4/><E4/><V26/><F111/><W120/><G101/><T53/><D53/><U49/><E112/><V108/><F108/><W11/><G11/><T96/><D83/><U81/><REACH who="1" step="1"/><E78/><REACH who="1" ten="430,180,167,213" step="2"/><V27/><F59/><W134/><G134/><T30/><D30/><U113/><E113/><V95/><REACH who="2" step="1"/><F19/><REACH who="2" ten="430,180,157,213" step="2"/><W7/><G7/><T72/><D72/><U97/><AGARI ba="0,2" hai="5,10,14,41,46,49,81,82,93,97,102,104,105,106" machi="97" ten="40,12000,1" yaku="1,1,0,1,52,1,53,1" doraHai="34,37" doraHaiUra="80,38" who="1" fromWho="1" sc="430,-40,180,140,157,-40,213,-40" /><INIT seed="1,1,0,1,2,10" ten="390,320,117,173" oya="1" hai0="109,81,48,58,111,98,68,69,78,23,93,129,64" hai1="103,74,19,50,24,87,28,33,102,105,72,17,71" hai2="0,46,52,97,117,65,66,107,8,6,12,27,133" hai3="55,113,43,16,44,120,121,47,101,123,62,86,90"/><U7/><E19/><V4/><F117/><W42/><G113/><T54/><D129/><U110/><E110/><N who="0" m="41993" /><D23/><U32/><E32/><V1/><F133/><W85/><G101/><N who="0" m="60623" /><D64/><U22/><E7/><V100/><F27/><W37/><G62/><T95/><D95/><U21/><E33/><V119/><F119/><W60/><G60/><T115/><D115/><U96/><E102/><V3/><REACH who="2" step="1"/><F4/><REACH who="2" ten="390,320,107,173" step="2"/><W91/><G120/><T53/><D53/><U15/><E71/><V61/><F61/><W5/><G55/><T92/><D92/><U104/><E105/><V125/><F125/><W131/><G5/><T127/><D127/><U70/><E70/><V26/><F26/><W89/><G131/><T30/><D30/><U77/><REACH who="1" step="1"/><E50/><AGARI ba="1,1" hai="0,1,3,6,8,12,46,50,52,65,66,97,100,107" machi="50" ten="40,5200,0" yaku="1,1,52,1,54,1,53,0" doraHai="10" doraHaiUra="126" who="2" fromWho="1" sc="390,0,320,-55,107,65,173,0" /><INIT seed="2,0,0,5,5,107" ten="390,265,172,173" oya="2" hai0="77,25,53,97,48,17,47,111,12,95,21,28,131" hai1="68,117,91,10,1,19,90,94,54,102,39,27,32" hai2="38,134,87,45,70,64,58,115,7,33,133,14,71" hai3="103,72,51,11,76,86,8,96,93,42,37,127,85"/><V40/><F33/><W22/><G37/><T61/><D111/><U55/><E117/><V2/><F2/><W122/><G122/><T92/><D131/><U83/><E68/><N who="2" m="26155" /><F7/><W121/><G121/><T18/><D77/><U100/><E39/><V36/><F14/><W65/><G65/><T108/><D108/><U112/><E112/><V49/><F87/><N who="3" m="33291" /><G127/><T89/><D92/><U52/><E83/><V15/><F15/><W44/><G72/><T74/><D74/><U118/><E118/><V73/><F73/><W46/><G76/><T69/><D69/><U56/><E56/><V124/><F115/><W0/><G0/><T34/><D34/><U59/><E59/><V81/><F81/><W116/><G116/><T13/><D61/><U5/><E91/><V16/><F16/><AGARI ba="0,0" hai="12,13,16,17,18,21,25,28,47,48,53,89,95,97" machi="16" ten="40,2600,0" yaku="8,1,54,1" doraHai="107" who="0" fromWho="2" sc="390,26,265,0,172,-26,173,0" /><INIT seed="3,0,0,2,4,90" ten="416,265,146,173" oya="3" hai0="84,127,101,32,67,60,74,5,18,112,30,17,12" hai1="113,95,77,25,105,121,2,24,96,98,88,53,37" hai2="64,65,11,3,109,102,85,28,111,120,100,26,81" hai3="22,107,132,40,119,72,31,36,66,71,7,38,91"/><W93/><G72/><T54/><D74/><U133/><E121/><V83/><F120/><W97/><G119/><T15/><D127/><U103/><E37/><V44/><F3/><W52/><G7/><T50/><D112/><U86/><E2/><V48/><F11/><W59/><G132/><T69/><D101/><U35/><E133/><V87/><F28/><W39/><G107/><T58/><D32/><U89/><E35/><V33/><F33/><W41/><G66/><T114/><D30/><U34/><E34/><V43/><F26/><W110/><G71/><T124/><D124/><U57/><E77/><V92/><F102/><W14/><G110/><N who="2" m="41993" /><F85/><N who="3" m="52463" /><G31/><T82/><D114/><U19/><E19/><V131/><F131/><W129/><G97/><T61/><D5/><U117/><E113/><V115/><F115/><W128/><G14/><N who="0" m="5163" /><D69/><U10/><E10/><V134/><F134/><W29/><G22/><T125/><D125/><U21/><E21/><V62/><F65/><W6/><G6/><T79/><D67/><U99/><E117/><V8/><F8/><W51/><G29/><T20/><D18/><U108/><E108/><V42/><F42/><W80/><G80/><T55/><D55/><U135/><E135/><V27/><F27/><AGARI ba="0,0" hai="17,20,27,50,54,58,60,61,79,82,84" m="5163" machi="27" ten="30,1000,0" yaku="8,1" doraHai="90" who="0" fromWho="2" sc="416,10,265,0,146,-10,173,0" owari="426,52.6,265,6.5,136,-36.4,173,-22.7" /></mjloggm>