<mjloggm ver="2.3"><GO type="225" lobby="0"/><UN n0="%70%68%65%6E%6F%6D%65" n1="%6D%75%75%6D%75%72%61" n2="%72%69%6F%75%63%68%61%6E" n3="%E8%90%BD%E6%97%A5" dan="17,16,16,19" rate="2174.73,2160.42,2139.09,2234.51" sx="M,F,M,F"/><TAIKYOKU oya="0"/><INIT seed="0,0,0,3,5,105" ten="250,250,250,250" oya="0" hai0="38,74,111,106,36,69,62,118,22,121,58,27,18" hai1="112,60,10,67,44,17,129,1,2,31,28,77,110" hai2="108,119,56,78,39,9,46,29,107,125,89,12,3" hai3="109,61,128,11,14,51,47,95,90,68,42,123,73"/><T16/><D118/><U15/><E110/><V104/><F108/><W49/><G109/><T132/><D111/><U122/><E122/><V4/><F119/><W75/><G123/><T133/><D121/><U114/><E129/><V21/><F125/><W65/><G51/><T41/><D106/><U102/><E102/><V97/><F56/><W37/><G37/><T87/><D69/><U96/><E96/><V53/><F78/><W26/><G26/><T130/><D130/><U7/><E44/><V13/><F13/><W35/><G35/><T92/><D18/><U66/><E77/><V115/><F115/><N who="1" m="44073" /><E67/><V81/><F3/><N who="1" m="1033" /><E7/><V57/><F39/><W64/><G64/><T0/><D0/><U76/><E76/><V88/><F46/><W20/><G20/><T84/><D38/><U30/><E31/><V80/><F107/><W113/><G128/><T94/><D41/><U25/><E25/><N who="2" m="16559" /><F104/><W34/><G34/><T23/><D36/><U82/><E82/><N who="2" m="31851" /><F97/><W48/><G113/><T70/><D94/><U33/><E33/><V86/><F86/><W98/><REACH who="3" step="1"/><G49/><AGARI ba="0,0" hai="4,9,12,49,53,57,88,89" m="31851,16559" machi="49" ten="30,2000,0" yaku="8,1,54,1" doraHai="105" who="2" fromWho="3" sc="250,0,250,0,250,20,250,-20" /><INIT seed="1,0,0,3,4,48" ten="250,250,270,230" oya="1" hai0="104,45,46,55,66,124,27,58,8,17,80,13,32" hai1="0,82,120,86,71,114,16,110,73,50,11,132,76" hai2="59,108,115,9,121,94,21,81,130,47,14,105,84" hai3="109,79,70,118,75,135,91,92,25,18,67,10,61"/><U122/><E114/><V112/><F121/><W100/><G109/><T87/><D104/><U63/><E132/><V111/><F105/><W37/><G135/><T3/><D124/><U1/><E110/><N who="2" m="42027" /><F130/><W77/><G118/><T38/><D66/><U43/><E0/><V62/><F47/><W60/><G37/><T97/><D3/><U44/><E73/><V119/><F21/><W42/><G42/><T36/><D97/><U99/><E1/><V126/><F94/><W127/><G127/><T90/><D38/><U72/><E99/><V98/><F98/><W64/><G100/><T2/><D2/><U117/><E117/><V134/><F119/><W54/><G75/><T56/><D56/><U57/><E71/><V29/><F29/><W19/><G19/><T106/><D36/><U22/><E11/><V89/><F126/><W28/><G18/><T93/><D106/><U4/><E4/><N who="2" m="3367" /><F134/><W41/><G10/><T40/><D40/><U26/><REACH who="1" step="1"/><E72/><REACH who="1" ten="250,240,270,230" step="2"/><V68/><F68/><W128/><G70/><T88/><D32/><U133/><E133/><V129/><F129/><W123/><G128/><T39/><D39/><U101/><E101/><V69/><F69/><W12/><G123/><T95/><D8/><U78/><E78/><V103/><F103/><W6/><G79/><T23/><D90/><U31/><E31/><V30/><F30/><W131/><G77/><T33/><D33/><U52/><AGARI ba="0,1" hai="16,22,26,43,44,50,52,57,63,76,82,86,120,122" machi="52" ten="20,18000,2" yaku="1,1,0,1,7,1,52,1,54,2,53,0" doraHai="48" doraHaiUra="34" who="1" fromWho="1" sc="250,-60,240,190,270,-60,230,-60" /><INIT seed="1,1,0,0,4,85" ten="190,430,210,170" oya="1" hai0="101,31,83,57,53,52,54,117,71,77,45,106,46" hai1="36,130,89,116,1,109,66,102,74,76,69,104,126" hai2="65,92,15,67,33,107,78,94,20,123,61,10,88" hai3="48,28,17,55,13,18,30,29,25,128,42,70,81"/><U86/><RYUUKYOKU type="yao9" ba="1,0" sc="190,0,430,0,210,0,170,0" hai1="1,36,66,69,74,76,86,89,102,104,109,116,126,130" /><INIT seed="1,2,0,1,4,40" ten="190,430,210,170" oya="1" hai0="55,98,125,89,105,13,21,22,106,18,66,16,33" hai1="81,77,117,72,115,112,12,39,23,95,133,46,132" hai2="85,104,53,130,74,25,70,67,31,1,32,44,78" hai3="128,107,30,131,87,19,129,111,100,51,37,119,9"/><U83/><E117/><V24/><F130/><W114/><G37/><T126/><D33/><U80/><E72/><V29/><F1/><W41/><G114/><T48/><D66/><U35/><E35/><V27/><F74/><W20/><G119/><T116/><D116/><U43/><E77/><V88/><F104/><W28/><G111/><T34/><D34/><U57/><E95/><V62/><F78/><W42/><G9/><T122/><D122/><U56/><E56/><V50/><REACH who="2" step="1"/><F29/><REACH who="2" ten="190,430,200,170" step="2"/><W109/><G30/><T26/><D105/><U86/><E115/><V6/><F6/><W64/><G28/><T93/><REACH who="0" step="1"/><D106/><REACH who="0" ten="180,430,200,170" step="2"/><U14/><E112/><V5/><F5/><W75/><G107/><T69/><D69/><U92/><E132/><V3/><F3/><W71/><G128/><T134/><D134/><U63/><E133/><V108/><F108/><W49/><G109/><T11/><D11/><U73/><E23/><V76/><F76/><W127/><G129/><T54/><D54/><U52/><E73/><V4/><F4/><W84/><G131/><T120/><D120/><U91/><AGARI ba="2,2" hai="12,14,39,43,46,52,57,63,80,81,83,86,91,92" machi="91" ten="30,6000,0" yaku="0,1,52,1,54,1" doraHai="40" who="1" fromWho="1" sc="180,-22,430,86,200,-22,170,-22" /><INIT seed="1,3,0,3,3,67" ten="158,516,178,148" oya="1" hai0="8,92,102,36,95,17,26,74,31,100,131,54,127" hai1="125,66,56,6,12,43,35,22,40,110,83,75,46" hai2="109,111,5,114,86,104,7,90,49,98,76,14,47" hai3="20,65,28,123,45,126,84,70,129,85,71,108,93"/><U27/><E125/><V101/><F114/><W55/><G123/><T130/><D74/><U33/><E110/><N who="2" m="41995" /><F76/><W91/><G108/><T29/><D36/><U21/><E75/><V57/><F57/><W121/><G121/><T68/><D127/><U16/><E83/><N who="2" m="49503" /><F14/><W112/><G112/><T103/><D54/><AGARI ba="3,0" hai="5,7,47,49,54,98,101,104" m="49503,41995" machi="54" ten="30,1000,0" yaku="14,1" doraHai="67" who="2" fromWho="0" sc="158,-19,516,0,178,19,148,0" /><INIT seed="2,0,0,5,1,19" ten="139,516,197,148" oya="2" hai0="68,88,133,120,13,74,47,9,11,4,104,24,40" hai1="99,17,66,129,60,2,52,8,113,48,103,1,118" hai2="43,44,23,100,25,84,125,90,77,33,131,22,28" hai3="6,107,42,101,105,59,135,80,127,98,102,96,114"/><V89/><F125/><W124/><G42/><T109/><D120/><U86/><E113/><V76/><F131/><W50/><G6/><T29/><D74/><U75/><E75/><V7/><F100/><W49/><G59/><T112/><D112/><U15/><E118/><V39/><F90/><W37/><G114/><T36/><D109/><U110/><E86/><V51/><F7/><W83/><REACH who="3" step="1"/><G37/><REACH who="3" ten="139,516,197,138" step="2"/><T18/><D68/><U38/><E38/><V65/><F39/><W117/><G117/><T132/><D104/><U71/><E110/><V128/><F128/><W10/><G10/><T123/><D123/><U122/><E122/><V72/><F65/><W91/><G91/><T45/><D45/><U53/><E129/><V32/><F32/><W81/><G81/><T62/><D62/><U95/><E53/><V16/><F33/><W21/><G21/><T116/><D116/><U46/><AGARI ba="0,1" hai="1,2,8,15,17,46,48,52,60,66,71,95,99,103" machi="46" ten="20,2700,0" yaku="0,1,7,1,54,1" doraHai="19" who="1" fromWho="1" sc="139,-7,516,37,197,-13,138,-7" /><INIT seed="3,0,0,2,4,129" ten="132,553,184,131" oya="3" hai0="20,17,21,32,31,12,22,90,73,133,47,118,8" hai1="48,53,98,106,30,9,83,56,92,120,26,113,43" hai2="0,88,59,60,100,116,35,13,23,64,93,101,95" hai3="34,99,130,119,123,6,5,44,58,45,80,25,54"/><W105/><G119/><T61/><D73/><U134/><E106/><V109/><F109/><W115/><G115/><T37/><D118/><U75/><E120/><V55/><F35/><W36/><G123/><T111/><D111/><U114/><E43/><V82/><F0/><W96/><G130/><T87/><D133/><U103/><E134/><V126/><F126/><W72/><G72/><T78/><D78/><U128/><E128/><V67/><F82/><W46/><G36/><T50/><D37/><U86/><E9/><V77/><F77/><W91/><G80/><N who="0" m="49511" /><D32/><U117/><E75/><V74/><F74/><W71/><G71/><T135/><D135/><U107/><E107/><V70/><F116/><W7/><G105/><T15/><D61/><U51/><E51/><V85/><F70/><W49/><REACH who="3" step="1"/><G91/><REACH who="3" ten="132,553,184,121" step="2"/><T27/><D15/><U14/><E14/><V97/><F101/><W69/><G69/><T57/><D57/><U3/><E117/><V18/><AGARI ba="0,1" hai="13,18,23,55,59,60,64,67,85,88,93,95,97,100" machi="18" ten="30,4000,0" yaku="0,1,8,1,54,1" doraHai="129" who="2" fromWho="2" sc="132,-10,553,-10,184,50,121,-20" owari="122,-27.8,543,64.3,234,3.4,101,-39.9" /></mjloggm>