<mjloggm ver="2.3"><GO type="225" lobby="0"/><UN n0="%E3%81%B5%E3%81%98%E3%81%8B%E3%81%A4" n1="%52%61%69%61%6E%2E" n2="%E3%82%BC%E3%83%AB%E3%83%80%E3%81%AE%E4%BC%9D%E8%AA%AC" n3="%E3%83%B4%E3%83%A0%EF%BC%99%E3%81%A6" dan="16,16,18,16" rate="2195.64,2060.65,2230.39,2100.80" sx="M,M,M,M"/><TAIKYOKU oya="0"/><INIT seed="0,0,0,2,0,49" ten="250,250,250,250" oya="0" hai0="57,13,58,21,55,46,50,54,84,79,91,81,4" hai1="130,48,107,61,17,70,97,126,16,14,52,3,47" hai2="106,124,129,94,72,32,51,5,59,0,131,96,41" hai3="95,89,119,87,85,68,69,86,114,24,73,26,113"/><T112/><D112/><U78/><E3/><V18/><F72/><W43/><G73/><T135/><D135/><U101/><E130/><N who="2" m="49675" /><F32/><W29/><G119/><T23/><D46/><U2/><E2/><V90/><F124/><W10/><G43/><T6/><D79/><U60/><E126/><V53/><F106/><W133/><G10/><N who="0" m="4295" /><D6/><U77/><E17/><V65/><F41/><W45/><G45/><T76/><D76/><U36/><E36/><V80/><F80/><W82/><G133/><T30/><D30/><U104/><E104/><V74/><F74/><W99/><G82/><T28/><D28/><U19/><E19/><V1/><F5/><W34/><REACH who="3" step="1"/><G26/><REACH who="3" ten="250,250,250,240" step="2"/><T100/><D100/><U67/><E61/><AGARI ba="0,1" hai="21,23,50,54,55,57,58,61,81,84,91" m="4295" machi="61" ten="30,5800,0" yaku="8,1,52,2" doraHai="49" who="0" fromWho="1" sc="250,68,250,-58,250,0,240,0" /><INIT seed="0,1,0,5,5,21" ten="318,192,250,240" oya="0" hai0="80,72,114,50,113,99,4,95,117,112,121,56,91" hai1="48,102,58,129,17,134,69,14,127,93,120,54,105" hai2="67,46,7,61,124,62,34,104,31,47,107,86,109" hai3="128,19,13,87,36,81,78,98,1,70,12,111,68"/><T5/><D117/><U82/><E120/><V49/><F7/><W118/><G1/><T89/><D121/><U103/><E105/><V57/><F109/><W77/><G118/><T84/><REACH who="0" step="1"/><D72/><REACH who="0" ten="308,192,250,240" step="2"/><U16/><E129/><V73/><F73/><W40/><G128/><T92/><D92/><U11/><E127/><V59/><F124/><W39/><G111/><T97/><D97/><U30/><E134/><V63/><F104/><W32/><G98/><T75/><D75/><U10/><E93/><V52/><F107/><W66/><G87/><T44/><D44/><U0/><E82/><V28/><F86/><W132/><G81/><T42/><D42/><U79/><E79/><V135/><F135/><W133/><G40/><T3/><D3/><U55/><E0/><V22/><F46/><W41/><G41/><T6/><D6/><U125/><E125/><V74/><F74/><W37/><G77/><T108/><D108/><U65/><E102/><V64/><F47/><W43/><G78/><T15/><D15/><U122/><E103/><V100/><F100/><W123/><G123/><T35/><D35/><U110/><E122/><V83/><F83/><W116/><G116/><T25/><D25/><U76/><E76/><V131/><F131/><W38/><G32/><T20/><D20/><U45/><E110/><V60/><F34/><W9/><G12/><T90/><D90/><U115/><E14/><V51/><F22/><W126/><G126/><T119/><D119/><U23/><E23/><V85/><F85/><W8/><G133/><T33/><D33/><U71/><E17/><RYUUKYOKU ba="1,1" sc="308,30,192,-10,250,-10,240,-10" hai0="4,5,50,56,80,84,89,91,95,99,112,113,114" /><INIT seed="0,2,1,4,2,66" ten="338,182,240,230" oya="0" hai0="121,64,1,91,97,93,40,92,94,101,108,125,7" hai1="8,123,127,5,4,32,106,61,76,130,78,25,31" hai2="34,70,83,69,86,3,15,96,6,37,38,68,29" hai3="134,95,116,45,67,73,14,47,13,90,65,77,114"/><T54/><D121/><U10/><E106/><V52/><F3/><W0/><G0/><T100/><D125/><U44/><E123/><V33/><F96/><W51/><G116/><T115/><D115/><U119/><E119/><V17/><F6/><W30/><G114/><T102/><D40/><U103/><E103/><V48/><F29/><W117/><G117/><T12/><D1/><U35/><E127/><V26/><F26/><W120/><G120/><T58/><D64/><U57/><E44/><N who="2" m="27655" /><F33/><W75/><G30/><T124/><D124/><U131/><E31/><V111/><F34/><W72/><G77/><T22/><D108/><U43/><E25/><V84/><F84/><W88/><G45/><T49/><REACH who="0" step="1"/><D22/><REACH who="0" ten="328,182,240,230" step="2"/><U2/><E43/><V59/><F111/><W16/><G67/><T81/><D81/><U109/><E109/><V74/><F74/><W107/><G65/><T55/><D55/><U39/><E32/><V28/><F28/><W135/><G73/><T129/><D129/><N who="1" m="49163" /><E35/><V79/><F38/><W60/><G72/><T46/><D46/><U20/><E39/><V41/><F41/><W133/><G47/><T36/><D36/><U105/><E20/><N who="2" m="11327" /><F37/><W23/><G75/><T56/><D56/><U132/><E57/><V99/><F59/><W11/><G135/><T126/><D126/><U21/><E132/><V87/><F68/><W89/><G134/><T98/><D98/><U82/><E2/><V71/><F99/><W110/><G133/><T18/><D18/><U63/><E21/><V128/><F128/><W85/><G110/><T118/><D118/><RYUUKYOKU ba="2,2" sc="328,15,182,-15,240,15,230,-15" hai0="7,12,49,54,58,91,92,93,94,97,100,101,102" hai2="69,70,71,79,83,86,87" /><INIT seed="0,3,2,5,4,42" ten="343,167,255,215" oya="0" hai0="65,64,117,6,8,132,25,27,46,15,112,28,13" hai1="70,121,99,67,105,92,116,98,83,122,73,11,21" hai2="76,87,30,55,37,43,22,118,10,129,71,133,72" hai3="94,111,45,26,90,97,135,96,51,23,17,24,62"/><T69/><D117/><U110/><E116/><V120/><F118/><W77/><G111/><T131/><D112/><U12/><E21/><V93/><F120/><W32/><G135/><T134/><D131/><U41/><E110/><V114/><F71/><W5/><G5/><T2/><D46/><U53/><E41/><V61/><F114/><W56/><G77/><T91/><D91/><U101/><E70/><V44/><F72/><W66/><G32/><N who="0" m="20495" /><D69/><U59/><E67/><N who="0" m="25673" /><D27/><U100/><E83/><V14/><F133/><AGARI ba="3,2" hai="2,6,8,13,15,132,133,134" m="25673,20495" machi="133" ten="30,1500,0" yaku="20,1" doraHai="42" who="0" fromWho="2" sc="343,44,167,0,255,-24,215,0" /><INIT seed="0,4,0,5,4,44" ten="387,167,231,215" oya="0" hai0="72,119,20,79,11,49,93,75,57,135,39,69,27" hai1="127,17,122,101,124,50,115,126,12,117,1,32,8" hai2="86,48,78,34,36,31,94,134,70,116,30,89,60" hai3="125,103,100,55,61,97,129,23,10,130,108,0,33"/><T113/><D119/><U45/><E117/><V64/><F36/><W3/><G33/><T91/><D113/><U51/><E122/><V85/><F116/><W28/><G108/><T22/><D69/><U59/><E115/><V120/><F120/><W54/><G125/><T123/><D39/><U63/><E32/><V5/><F134/><W66/><G28/><T95/><D135/><U40/><E101/><V19/><F5/><W106/><G23/><T37/><D37/><N who="1" m="21647" /><E1/><N who="3" m="586" /><G10/><T121/><D11/><U53/><AGARI ba="4,0" hai="8,12,17,50,51,53,59,63,124,126,127" m="21647" machi="53" ten="30,4000,0" yaku="18,1,52,2" doraHai="44" who="1" fromWho="1" sc="387,-24,167,52,231,-14,215,-14" /><INIT seed="1,0,0,5,4,31" ten="363,219,217,201" oya="1" hai0="122,3,93,72,115,90,73,80,45,59,1,7,118" hai1="129,43,54,97,27,89,77,47,114,42,121,56,67" hai2="104,130,127,28,61,76,11,117,57,100,91,96,113" hai3="24,84,85,98,12,20,64,40,88,79,108,0,95"/><U5/><E114/><V16/><F117/><W21/><G0/><T4/><D118/><U52/><E121/><V78/><F113/><W53/><G108/><T82/><D115/><U69/><E129/><V120/><F120/><W14/><G64/><T29/><D45/><U111/><E69/><V135/><F130/><W9/><G40/><T131/><D131/><U128/><E128/><V50/><F127/><W74/><G74/><T49/><D29/><U68/><E68/><V102/><F135/><W66/><G66/><T109/><D109/><U37/><E111/><V70/><F70/><W23/><G24/><T51/><D59/><U112/><E112/><V58/><F28/><W26/><G26/><T35/><D93/><U39/><E77/><V6/><F91/><W62/><G79/><T86/><D90/><U71/><E71/><V92/><F102/><W110/><G110/><T32/><D86/><N who="3" m="33385" /><G9/><T133/><D122/><U46/><E5/><V38/><F38/><W126/><G126/><T13/><D13/><U94/><E27/><V60/><F104/><W22/><N who="3" m="5120" /><DORA hai="81" /><W134/><G134/><AGARI ba="0,0" hai="1,3,4,7,32,35,49,51,72,73,80,82,133,134" machi="134" ten="25,6400,0" yaku="22,2,52,2" doraHai="31,81" who="0" fromWho="3" sc="363,64,219,0,217,0,201,-64" /><INIT seed="2,0,0,2,3,75" ten="427,219,217,137" oya="2" hai0="123,21,17,103,81,22,114,15,102,16,14,55,52" hai1="72,119,82,134,109,91,122,36,67,69,71,111,40" hai2="20,84,6,126,117,12,131,65,18,89,97,105,1" hai3="110,112,104,44,108,54,26,74,92,8,95,106,64"/><V120/><F120/><W2/><G64/><T90/><D123/><U115/><E122/><V27/><F117/><W98/><G26/><T42/><D42/><U135/><E119/><V83/><F126/><W19/><G112/><T3/><D3/><U127/><E115/><V88/><F131/><W0/><G74/><T34/><D34/><U23/><E23/><V129/><F129/><W50/><G19/><T47/><D114/><U79/><E91/><V78/><F1/><W130/><G130/><T30/><D30/><U31/><E31/><V87/><F65/><W57/><G57/><T5/><D5/><U124/><E40/><V4/><F27/><W76/><G76/><T66/><D66/><U25/><E25/><V56/><F56/><W73/><G73/><T121/><D121/><U43/><E43/><V46/><F46/><W86/><G86/><N who="0" m="50511" /><D47/><U39/><E67/><V113/><F113/><W38/><G38/><N who="1" m="14378" /><E69/><V9/><F20/><W125/><G125/><N who="1" m="48202" /><E71/><V41/><F41/><W10/><G10/><T49/><D49/><U96/><E96/><V93/><F105/><N who="3" m="40555" /><G8/><T116/><D116/><U118/><E118/><V53/><F53/><AGARI ba="0,0" hai="14,15,16,17,21,22,52,53,55,102,103" m="50511" machi="53" ten="30,3900,0" yaku="8,1,54,2" doraHai="75" who="0" fromWho="2" sc="427,39,219,0,217,-39,137,0" /><INIT seed="3,0,0,0,3,6" ten="466,219,178,137" oya="3" hai0="38,73,31,102,3,71,41,82,129,47,32,74,109" hai1="66,57,43,86,13,133,105,37,17,100,7,5,93" hai2="78,25,69,50,30,84,49,14,27,101,107,80,117" hai3="12,97,58,16,56,121,89,39,0,28,29,75,111"/><W126/><G121/><T124/><D109/><U96/><E37/><V34/><F117/><W11/><G39/><T134/><D124/><U52/><E43/><V114/><F114/><W113/><G113/><T83/><D134/><U40/><E40/><V51/><F69/><W130/><G75/><T22/><D22/><U26/><E26/><V59/><F25/><W35/><G126/><T46/><D46/><U60/><E133/><V61/><F14/><W70/><G70/><T23/><D23/><N who="1" m="11695" /><E105/><V19/><F19/><W128/><G0/><T132/><D83/><U48/><E86/><V36/><F36/><W120/><G120/><T104/><D47/><AGARI ba="0,0" hai="5,7,47,48,52,57,60,66,93,96,100" m="11695" machi="47" ten="30,2000,0" yaku="8,1,54,1" doraHai="6" who="1" fromWho="0" sc="466,-20,219,20,178,0,137,0" owari="446,54.6,239,3.9,178,-22.2,137,-36.3" /></mjloggm>