<mjloggm ver="2.3"><GO type="225" lobby="0"/><UN n0="%E4%B8%96%E7%95%8C%E3%81%AE%E4%BA%80%E4%BA%95" n1="%E3%83%97%E3%83%AC%E3%83%B4%E3%82%A1%E3%83%86%E3%82%A3" n2="%4B%2E%32%2E%4B%2E" n3="%6D%75%75%6D%75%72%61" dan="17,16,17,17" rate="2217.78,2125.65,2185.48,2210.26" sx="M,F,M,F"/><TAIKYOKU oya="0"/><INIT seed="0,0,0,1,5,86" ten="250,250,250,250" oya="0" hai0="51,105,82,18,122,23,68,88,41,28,102,53,95" hai1="46,58,6,115,98,15,92,132,78,31,128,91,101" hai2="109,5,7,14,10,1,12,130,40,93,44,103,123" hai3="27,22,73,129,9,126,48,35,43,94,84,61,52"/><T34/><D122/><U100/><E128/><V89/><F123/><W124/><G73/><T69/><D41/><U74/><E132/><V66/><F130/><W83/><G129/><T38/><D38/><U110/><E110/><V42/><F109/><W4/><G35/><T119/><D82/><U59/><E115/><V134/><F134/><W87/><G61/><T99/><D28/><U21/><E74/><V120/><F120/><W72/><G94/><T114/><D34/><U79/><E46/><V11/><F103/><N who="1" m="39497" /><E31/><V62/><F44/><N who="3" m="27655" /><G72/><T71/><D119/><U70/><E70/><V55/><F55/><W108/><G43/><T29/><D29/><U47/><E47/><V121/><F1/><W131/><G108/><T75/><D75/><U96/><E96/><V85/><REACH who="2" step="1"/><F121/><REACH who="2" ten="250,250,240,250" step="2"/><W65/><G131/><T63/><D114/><U16/><E6/><V113/><F113/><W127/><G127/><T39/><D63/><U64/><E64/><V0/><F0/><W20/><G126/><T76/><D39/><U13/><E13/><V50/><F50/><W60/><G124/><T133/><D133/><U80/><E80/><V104/><F104/><W57/><G83/><T56/><D102/><U24/><E15/><V90/><F90/><W97/><G4/><T106/><REACH who="0" step="1"/><D76/><AGARI ba="0,1" hai="16,21,24,58,59,76,78,79,91,92,98" m="39497" machi="76" ten="30,3900,0" yaku="8,1,52,1,54,1" doraHai="86" who="1" fromWho="0" sc="250,-39,250,49,240,0,250,0" /><INIT seed="1,0,0,1,3,37" ten="211,299,240,250" oya="1" hai0="120,72,75,6,85,9,60,33,101,54,84,1,128" hai1="86,102,41,53,55,7,48,19,132,92,0,134,12" hai2="80,16,38,99,27,32,42,46,63,77,49,59,18" hai3="21,125,90,113,73,96,35,17,81,121,57,67,124"/><U83/><E0/><V107/><F38/><W39/><G121/><T88/><D128/><U25/><E25/><V130/><F130/><W26/><G113/><T127/><D127/><U52/><E7/><V71/><F71/><W11/><G39/><T62/><D33/><U114/><E114/><V94/><F107/><W14/><G35/><T23/><D101/><U36/><E36/><V20/><F32/><W64/><G96/><T119/><D119/><U79/><E102/><N who="2" m="60791" /><F80/><W76/><G90/><T65/><D23/><U91/><E48/><V87/><F87/><W8/><G8/><T45/><D84/><U30/><E30/><N who="2" m="17767" /><F77/><W103/><G103/><T117/><D117/><U109/><E109/><V89/><F89/><W3/><G3/><T4/><D120/><U68/><E68/><V106/><F106/><W61/><REACH who="3" step="1"/><G67/><AGARI ba="0,0" hai="16,18,42,46,49,59,63,67" m="17767,60791" machi="67" ten="30,7700,0" yaku="25,1,8,1,52,1,54,1" doraHai="37" who="2" fromWho="3" sc="211,0,299,0,240,77,250,-77" /><INIT seed="2,0,0,4,1,55" ten="211,299,317,173" oya="2" hai0="6,72,83,82,37,100,98,129,57,68,41,13,103" hai1="124,2,29,24,113,18,128,66,127,0,58,96,126" hai2="42,92,21,34,131,84,15,23,133,75,47,85,38" hai3="69,78,118,62,8,87,30,73,130,51,71,35,36"/><V114/><F75/><W32/><G36/><T4/><D68/><U109/><E113/><V99/><F114/><W125/><G73/><T86/><D129/><U135/><E109/><V20/><F34/><W46/><G130/><T77/><D41/><U81/><E128/><V7/><F133/><W123/><G123/><T26/><D37/><U74/><E135/><V12/><F131/><W91/><G118/><T88/><D26/><U65/><E18/><V48/><F38/><W106/><G125/><T22/><D103/><U112/><E96/><V45/><F45/><W52/><G106/><T17/><REACH who="0" step="1"/><D57/><REACH who="0" ten="201,299,317,173" step="2"/><U19/><E112/><V90/><F15/><W64/><G71/><T107/><AGARI ba="0,1" hai="4,6,13,17,22,72,77,82,83,86,88,98,100,107" machi="107" ten="20,8000,1" yaku="1,1,2,1,0,1,7,1,54,1,53,0" doraHai="55" doraHaiUra="27" who="0" fromWho="0" sc="201,90,299,-20,317,-40,173,-20" /><INIT seed="3,0,0,4,2,56" ten="291,279,277,153" oya="3" hai0="4,26,17,88,63,37,18,98,67,89,122,83,49" hai1="15,134,77,48,82,1,108,59,116,12,75,45,57" hai2="5,94,106,13,74,111,86,7,14,132,95,112,78" hai3="72,101,47,68,50,92,73,62,99,96,16,46,121"/><W70/><G121/><T21/><D37/><U135/><E1/><V64/><F106/><W6/><G6/><N who="2" m="2057" /><F112/><W76/><G96/><T44/><D4/><U22/><E108/><V53/><F74/><W100/><G100/><T127/><D127/><U10/><E116/><V32/><F32/><W42/><G47/><T34/><D34/><U133/><E22/><V90/><F111/><W71/><G76/><T28/><D122/><U105/><E105/><V24/><F64/><W109/><G109/><T123/><D123/><U8/><E8/><V54/><F132/><W20/><REACH who="3" step="1"/><G62/><REACH who="3" ten="291,279,277,143" step="2"/><T91/><D98/><U81/><E77/><V80/><F24/><AGARI ba="0,1" hai="16,20,24,42,46,50,68,70,71,72,73,92,99,101" machi="24" ten="40,7700,0" yaku="1,1,2,1,54,1,53,0" doraHai="56" doraHaiUra="119" who="3" fromWho="2" sc="291,0,279,0,277,-77,143,87" /><INIT seed="3,1,0,4,2,107" ten="291,279,200,230" oya="3" hai0="19,26,9,76,14,28,3,5,91,86,109,108,113" hai1="43,69,36,53,7,102,95,66,132,44,71,134,40" hai2="120,127,75,64,128,59,130,84,125,100,99,48,0" hai3="37,15,96,82,119,70,85,17,56,22,24,88,2"/><W8/><G70/><N who="1" m="26634" /><E7/><V25/><F0/><W18/><G119/><T101/><D113/><U131/><E102/><V58/><F120/><W16/><G2/><T21/><D76/><U60/><E95/><V117/><F117/><W93/><G37/><T121/><D101/><U46/><E131/><N who="2" m="50219" /><F84/><W27/><G56/><N who="2" m="21545" /><F64/><W73/><G73/><T29/><D121/><U45/><E66/><V129/><N who="2" m="50227" /><V77/><DORA hai="67" /><F48/><W124/><G124/><N who="2" m="47689" /><F25/><N who="3" m="9803" /><G22/><T39/><D39/><N who="1" m="21535" /><E60/><V11/><F11/><W122/><G122/><T98/><D26/><U31/><E31/><V42/><F42/><W62/><G62/><T55/><D28/><U112/><E112/><V65/><F65/><W115/><G115/><T23/><D29/><U133/><E46/><V51/><F51/><W52/><G52/><AGARI ba="1,0" hai="36,43,45,52,53,132,133,134" m="21535,26634" machi="52" ten="40,12000,2" yaku="20,1,34,2,52,3,54,1" doraHai="107,67" who="1" fromWho="3" sc="291,0,279,123,200,0,230,-123" owari="291,9.1,402,50.2,200,-20.0,107,-39.3" /></mjloggm>