<mjloggm ver="2.3"><GO type="225" lobby="0"/><UN n0="%E3%83%B4%E3%82%A3%E3%83%AF%E3%82%B3%E3%82%B0%E3%83%8B" n1="%E6%98%BC%E4%B8%8B%E3%81%8C%E3%82%8A%E3%81%AE%E5%9B%A3%E5%9C%B0%E5%A6%BB" n2="%E6%B8%85%E9%A2%A8%E5%8C%97" n3="%E3%83%81%E3%83%AF%E3%83%AF%E9%9A%8A%E9%95%B7" dan="16,16,16,16" rate="2213.78,2145.67,2109.34,2105.12" sx="M,F,F,M"/><TAIKYOKU oya="0"/><INIT seed="0,0,0,3,3,133" ten="250,250,250,250" oya="0" hai0="134,1,51,129,132,61,57,45,82,21,18,113,66" hai1="36,32,67,52,84,15,40,88,109,104,118,37,55" hai2="75,102,8,44,96,100,97,107,27,135,119,81,110" hai3="124,30,17,71,58,114,54,43,101,47,79,7,6"/><T131/><D1/><U28/><E118/><V85/><F119/><W4/><G114/><T126/><D82/><U49/><E104/><V115/><F115/><W123/><G71/><T83/><D83/><U116/><E116/><V95/><F27/><W112/><G112/><T93/><D93/><U13/><E109/><V64/><F64/><W10/><G123/><T31/><D31/><U105/><E105/><V46/><F135/><N who="0" m="51754" /><D113/><U38/><E67/><V9/><F110/><W34/><G101/><T59/><D126/><U72/><E72/><V65/><F65/><W5/><G124/><T111/><D111/><U92/><E28/><V2/><F75/><W122/><N who="3" m="1024" /><DORA hai="87" /><W16/><G122/><T24/><D57/><U117/><E32/><V108/><F108/><W77/><G30/><T68/><D68/><U90/><E117/><V121/><F121/><W41/><G34/><T23/><D21/><U99/><E40/><AGARI ba="0,0" hai="18,23,24,40,45,51,59,61,66,129,131" m="51754" machi="40" ten="30,1500,0" yaku="20,1" doraHai="133,87" who="0" fromWho="1" sc="250,15,250,-15,250,0,250,0" /><INIT seed="0,1,0,0,5,130" ten="265,235,250,250" oya="0" hai0="86,83,78,26,80,38,134,47,16,135,107,59,50" hai1="89,92,4,117,77,32,108,116,88,127,121,90,18" hai2="118,34,41,94,114,54,22,2,112,75,110,96,91" hai3="51,44,113,0,68,93,72,124,33,126,62,23,125"/><T128/><D128/><U64/><E121/><V56/><F34/><W133/><G33/><T87/><D107/><U20/><E32/><V11/><F110/><W43/><G113/><T73/><D38/><U10/><E108/><V120/><F120/><W103/><G72/><T132/><D59/><U52/><E64/><V122/><F122/><W76/><G76/><T27/><D16/><U13/><E77/><V95/><F75/><W21/><G0/><T19/><D19/><U36/><E36/><V6/><F118/><W5/><G5/><T111/><D111/><U7/><E127/><V129/><F129/><W24/><G24/><N who="0" m="9259" /><D80/><U104/><E104/><V1/><F1/><W57/><G68/><T31/><D31/><U46/><E92/><V17/><F41/><AGARI ba="1,0" hai="41,47,50,73,78,83,86,87,132,134,135" m="9259" machi="41" ten="30,11600,0" yaku="20,1,52,3" doraHai="130" who="0" fromWho="2" sc="265,119,235,0,250,-119,250,0" /><INIT seed="0,2,0,4,4,7" ten="384,235,131,250" oya="0" hai0="82,86,67,17,92,10,4,73,118,42,85,126,77" hai1="79,105,22,48,13,52,49,38,112,60,115,113,91" hai2="122,18,32,80,128,8,109,15,71,134,65,111,129" hai3="107,62,121,103,124,70,46,108,104,101,29,56,74"/><T47/><D118/><U61/><E38/><V26/><F80/><W99/><G70/><T123/><D123/><U45/><E105/><V90/><F90/><W55/><G121/><T11/><D126/><U58/><E79/><V33/><F122/><W68/><G124/><T25/><D67/><U6/><E91/><V53/><F53/><W34/><G74/><T2/><D92/><U16/><REACH who="1" step="1"/><E6/><REACH who="1" ten="384,225,131,250" step="2"/><N who="2" m="3479" /><F65/><W23/><G104/><T76/><D76/><U66/><E66/><V41/><F41/><AGARI ba="2,1" hai="13,16,22,41,45,48,49,52,58,60,61,112,113,115" machi="41" ten="40,8000,1" yaku="1,1,11,1,54,2,53,0" doraHai="7" doraHaiUra="72" who="1" fromWho="2" sc="384,0,225,96,131,-86,250,0" /><INIT seed="1,0,0,3,1,64" ten="384,321,45,250" oya="1" hai0="115,109,11,45,51,77,83,32,86,31,80,82,50" hai1="92,28,44,97,2,26,33,49,120,71,52,30,60" hai2="68,40,5,19,41,132,17,1,27,123,85,69,73" hai3="38,122,23,24,47,56,87,12,100,6,121,126,81"/><U39/><E120/><V128/><F73/><W46/><G126/><T114/><D109/><U9/><E39/><V99/><F123/><W66/><G122/><T95/><D50/><U108/><E108/><V43/><F132/><W103/><G121/><T110/><D110/><U70/><E30/><V65/><F128/><W107/><G107/><T111/><D111/><U14/><E2/><V76/><F65/><W118/><G118/><T7/><D32/><U88/><E60/><V57/><F57/><W78/><G38/><T90/><D31/><U29/><E29/><V106/><F5/><AGARI ba="0,0" hai="5,9,14,26,28,33,44,49,52,70,71,88,92,97" machi="5" ten="30,12000,1" yaku="7,1,52,2,54,2" doraHai="64" who="1" fromWho="2" sc="384,0,321,120,45,-120,250,0" owari="384,18.4,441,54.1,-75,-57.5,250,-15.0" /></mjloggm>