<mjloggm ver="2.3"><GO type="225" lobby="0"/><UN n0="%E3%81%9F%E3%81%8C%E3%82%84%E3%81%99" n1="%E3%81%A8%E3%82%89%E3%81%84%E3%81%A1" n2="%E8%BE%9B%E5%8F%A3%E3%82%AB%E3%83%AC%E3%83%BC%E3%83%A9%E3%82%A4%E3%82%B9" n3="%E8%90%BD%E6%97%A5" dan="17,16,16,16" rate="2200.38,2102.23,2245.78,2081.67" sx="M,M,M,F"/><TAIKYOKU oya="0"/><INIT seed="0,0,0,1,3,98" ten="250,250,250,250" oya="0" hai0="129,50,34,130,111,59,128,49,105,67,3,87,133" hai1="29,42,35,38,110,47,120,86,57,6,109,27,43" hai2="107,33,79,9,41,72,22,69,10,16,122,112,37" hai3="1,18,36,64,51,81,39,74,75,119,114,100,131"/><T90/><D3/><U77/><E120/><V70/><F122/><W97/><G114/><T8/><D34/><U24/><E6/><V83/><F33/><W132/><G119/><T106/><D8/><U56/><E42/><V58/><F107/><N who="0" m="40970" /><D133/><U21/><E86/><V68/><F112/><W103/><G18/><T95/><D111/><N who="1" m="42507" /><E77/><V19/><F58/><W99/><G1/><T93/><D95/><U126/><E126/><V14/><REACH who="2" step="1"/><F19/><AGARI ba="0,0" hai="19,21,24,27,29,35,38,43,47,56,57" m="42507" machi="19" ten="30,1000,0" yaku="14,1" doraHai="98" who="1" fromWho="2" sc="250,0,250,10,250,-10,250,0" /><INIT seed="1,0,0,0,5,42" ten="250,260,240,250" oya="1" hai0="41,76,3,26,84,119,45,5,19,7,87,75,37" hai1="38,65,16,9,123,11,64,22,125,25,83,80,28" hai2="31,34,106,70,56,109,17,62,105,33,60,98,107" hai3="94,23,68,126,133,69,134,0,46,12,82,81,30"/><U92/><E123/><V96/><F109/><W59/><G0/><T103/><D103/><U114/><E114/><V72/><F72/><W40/><G59/><T48/><D119/><U85/><E125/><V116/><F116/><W27/><G126/><T93/><D48/><U113/><E38/><V32/><F31/><W118/><G118/><T117/><D117/><U67/><E113/><V8/><F70/><W6/><G94/><T35/><D93/><U53/><E53/><V128/><F128/><W127/><G127/><T51/><D51/><U78/><E92/><V120/><F120/><W111/><G111/><T15/><D26/><U58/><E58/><V89/><F89/><W52/><G52/><T57/><D35/><U74/><REACH who="1" step="1"/><E28/><REACH who="1" ten="250,250,240,250" step="2"/><V124/><F124/><W13/><G69/><T1/><D57/><U102/><E102/><V71/><F71/><W112/><G68/><T115/><D115/><U44/><E44/><V129/><F129/><W131/><G131/><T55/><D55/><U36/><E36/><V39/><F39/><N who="3" m="21791" /><G112/><T91/><D45/><U50/><E50/><V101/><F101/><W66/><G66/><T61/><D37/><U86/><E86/><V49/><F49/><W47/><G47/><T97/><D84/><U79/><AGARI ba="0,1" hai="9,11,16,22,25,64,65,67,74,78,79,80,83,85" machi="79" ten="30,6000,0" yaku="1,1,0,1,54,1,53,0" doraHai="42" doraHaiUra="43" who="1" fromWho="1" sc="250,-20,250,70,240,-20,250,-20" /><INIT seed="1,1,0,0,1,109" ten="230,320,220,230" oya="1" hai0="49,103,2,56,39,81,17,120,106,78,14,88,90" hai1="19,57,113,89,59,13,123,119,29,42,127,41,58" hai2="40,51,110,43,67,5,6,117,50,135,28,114,3" hai3="46,53,64,118,73,82,101,70,16,121,92,11,112"/><U65/><E119/><V77/><F117/><W47/><G118/><T32/><D39/><U60/><E123/><V48/><F110/><W0/><G121/><T94/><D2/><U134/><E134/><V107/><F107/><W83/><G64/><T108/><D32/><U9/><E127/><V99/><F135/><W97/><G70/><T126/><D120/><U35/><E89/><V131/><F131/><W68/><G68/><T124/><D106/><U26/><REACH who="1" step="1"/><E113/><REACH who="1" ten="230,310,220,230" step="2"/><V4/><F114/><W76/><G112/><T93/><D108/><U129/><E129/><V96/><F77/><W63/><G83/><T61/><D90/><U130/><E130/><V45/><F3/><W22/><G0/><T125/><D88/><U33/><E33/><V69/><F96/><W18/><G82/><T85/><D103/><U62/><E62/><V23/><F99/><W8/><G76/><T87/><D61/><U98/><E98/><V75/><F75/><W37/><G73/><T128/><D128/><U36/><E36/><V31/><F50/><W100/><G37/><T72/><D72/><U111/><E111/><V44/><F48/><W122/><G122/><T1/><D1/><U102/><E102/><V54/><F51/><W38/><G38/><T21/><D87/><U55/><E55/><AGARI ba="1,1" hai="14,17,21,49,55,56,78,81,85,93,94,124,125,126" machi="55" ten="40,1300,0" yaku="18,1" doraHai="109" who="0" fromWho="1" sc="230,26,310,-16,220,0,230,0" /><INIT seed="2,0,0,1,4,59" ten="256,294,220,230" oya="2" hai0="106,27,103,68,115,18,50,7,113,99,84,97,36" hai1="92,66,91,135,100,5,42,118,71,101,67,14,122" hai2="53,128,45,108,16,79,130,133,62,90,119,13,102" hai3="48,121,6,95,129,88,87,125,78,43,116,60,4"/><V26/><F119/><W81/><G116/><T123/><D36/><U77/><E118/><V51/><F133/><W24/><G121/><T52/><D123/><U70/><E122/><V33/><F79/><W74/><G125/><T12/><D68/><U110/><E135/><V63/><F102/><N who="1" m="39529" /><E70/><V57/><F90/><W47/><G129/><N who="2" m="49769" /><F108/><W38/><G38/><T2/><D99/><U31/><E71/><V49/><F26/><W98/><G24/><T0/><D27/><U17/><E77/><V114/><F33/><W89/><REACH who="3" step="1"/><G60/><REACH who="3" ten="256,294,220,220" step="2"/><T86/><D115/><U126/><E126/><V34/><F114/><W35/><G35/><T117/><D113/><U32/><E32/><V22/><F34/><W19/><G19/><T109/><D117/><U69/><E17/><V20/><F20/><W39/><G39/><T75/><D18/><U83/><E110/><V120/><F120/><W56/><G56/><T55/><D109/><U65/><E69/><V94/><F94/><AGARI ba="0,1" hai="4,6,43,47,48,74,78,81,87,88,89,94,95,98" machi="94" ten="30,3900,0" yaku="1,1,7,1,54,1,53,0" doraHai="59" doraHaiUra="96" who="3" fromWho="2" sc="256,0,294,0,220,-39,220,49" /><INIT seed="3,0,0,2,3,127" ten="256,294,181,269" oya="3" hai0="6,63,11,29,31,100,59,8,40,33,53,50,19" hai1="108,91,39,84,28,21,110,30,131,106,9,17,7" hai2="109,47,45,34,114,116,96,89,132,93,123,79,112" hai3="14,37,81,27,82,101,133,62,120,57,15,105,99"/><W80/><G120/><T1/><D100/><U69/><E131/><V88/><F116/><W86/><G133/><T97/><D97/><U98/><E69/><V60/><F132/><W115/><G115/><T87/><D33/><U119/><E39/><V113/><F123/><W0/><G0/><T54/><D40/><U78/><E78/><V66/><F109/><N who="1" m="42089" /><E106/><V124/><F124/><W35/><G37/><T129/><D129/><U58/><E58/><V4/><F34/><W36/><G36/><T2/><D87/><U18/><E98/><V118/><F118/><W77/><G81/><T71/><D71/><U41/><E41/><V64/><F79/><W122/><G122/><T5/><REACH who="0" step="1"/><D19/><REACH who="0" ten="246,294,181,269" step="2"/><N who="1" m="7179" /><E119/><V16/><F4/><W46/><G82/><T135/><D135/><U24/><E30/><V55/><F16/><W121/><G121/><T90/><D90/><U83/><E7/><V23/><F23/><W22/><G35/><T104/><D104/><U43/><E43/><V56/><REACH who="2" step="1"/><F89/><REACH who="2" ten="246,294,171,269" step="2"/><W61/><G22/><T95/><D95/><U70/><E9/><V25/><F25/><W111/><G27/><T92/><D92/><U67/><E21/><V3/><F3/><W10/><G111/><T13/><D13/><U74/><E24/><V72/><F72/><W134/><G15/><T52/><D52/><U26/><E74/><V42/><F42/><W130/><G14/><T48/><D48/><U49/><E49/><V65/><AGARI ba="0,2" hai="45,47,55,56,60,64,65,66,88,93,96,112,113,114" machi="65" ten="40,5200,0" yaku="1,1,0,1,54,1,53,0" doraHai="127" doraHaiUra="68" who="2" fromWho="2" sc="246,-13,294,-13,171,72,269,-26" /><INIT seed="4,0,0,3,0,122" ten="233,281,243,243" oya="0" hai0="64,111,85,133,28,116,29,44,81,68,128,6,16" hai1="11,9,15,96,130,37,89,92,39,26,43,135,76" hai2="98,123,59,10,107,78,94,126,22,99,48,79,34" hai3="93,25,124,118,14,86,66,80,106,100,103,2,115"/><T45/><D6/><U17/><E135/><V113/><F34/><W56/><G2/><T117/><D133/><U121/><E121/><V4/><F123/><W102/><G115/><T134/><D134/><U109/><E109/><V51/><F113/><W95/><G118/><T8/><D128/><U61/><E130/><V24/><F107/><W52/><G106/><T63/><D111/><U23/><E43/><V47/><F59/><W32/><G124/><T114/><D114/><U105/><E105/><V112/><F126/><W18/><G66/><T101/><D101/><U0/><E76/><N who="2" m="29227" /><F94/><W1/><G1/><T35/><D117/><U42/><E42/><N who="2" m="24695" /><F51/><N who="3" m="30751" /><G25/><T67/><D116/><U83/><E83/><V19/><F112/><W31/><G31/><N who="0" m="11851" /><D35/><U87/><E0/><V57/><F57/><W71/><G71/><T129/><D129/><U69/><E39/><V77/><F77/><N who="3" m="46351" /><G32/><T90/><D68/><U70/><E37/><V82/><F82/><W65/><G65/><N who="0" m="25163" /><D63/><U33/><E61/><V131/><F131/><W132/><G132/><T54/><D54/><U125/><E125/><V55/><F55/><W108/><G108/><T30/><N who="0" m="11859" /><T36/><DORA hai="3" /><D36/><U91/><E69/><V120/><F120/><W38/><G38/><T72/><D72/><U53/><E70/><V97/><F97/><W41/><G41/><T75/><D75/><U27/><E53/><V46/><F46/><W104/><G104/><T20/><D8/><AGARI ba="0,0" hai="8,14,18,93,95,100,102,103" m="46351,30751" machi="8" ten="30,2000,0" yaku="8,1,54,1" doraHai="122,3" who="3" fromWho="0" sc="233,-20,281,0,243,0,243,20" /><INIT seed="5,0,0,0,4,20" ten="213,281,243,263" oya="1" hai0="134,126,26,28,9,102,113,49,106,8,51,119,1" hai1="0,69,70,14,30,38,133,87,86,118,39,71,78" hai2="92,76,40,45,90,42,124,47,125,10,13,61,99" hai3="108,109,120,29,12,18,88,80,65,55,23,37,50"/><U96/><E0/><V17/><F76/><W5/><G120/><T64/><D64/><U85/><E118/><V36/><REACH who="2" step="1"/><F61/><REACH who="2" ten="213,281,233,263" step="2"/><W128/><G109/><T52/><D119/><U112/><E78/><V79/><F79/><W110/><G108/><T31/><D113/><U114/><E114/><V130/><F130/><W81/><G128/><T16/><D134/><U72/><E112/><V6/><F6/><W77/><G110/><T97/><D126/><U123/><E133/><V116/><F116/><W11/><G77/><T98/><D98/><U75/><E123/><V67/><F67/><W53/><G65/><T101/><D101/><U131/><E131/><V41/><F41/><W74/><G74/><T84/><D84/><U66/><E66/><V73/><F73/><W34/><G5/><T43/><D43/><U2/><E96/><V35/><F35/><W32/><G32/><T62/><D62/><U91/><E75/><V135/><F135/><W33/><G33/><T48/><D52/><U24/><E72/><V83/><F83/><W82/><G34/><T129/><D129/><U25/><E70/><V63/><F63/><W94/><G55/><T115/><D115/><U21/><E71/><V57/><F57/><W27/><G53/><T100/><D100/><U22/><E69/><V54/><F54/><W104/><G104/><T107/><D106/><U58/><E58/><V44/><F44/><W4/><G4/><N who="0" m="1039" /><D9/><U122/><E122/><V19/><F19/><W111/><G111/><T3/><D3/><U60/><E2/><V132/><F132/><W121/><G80/><RYUUKYOKU ba="0,1" sc="213,15,281,-15,233,15,263,-15" hai0="16,26,28,31,48,49,51,97,102,107" hai2="10,13,17,36,40,42,45,47,90,92,99,124,125" /><INIT seed="6,1,1,0,3,36" ten="228,266,248,248" oya="2" hai0="50,87,67,51,94,96,75,131,56,85,19,81,42" hai1="15,10,13,104,70,7,52,91,73,53,60,38,44" hai2="24,92,105,55,16,23,119,120,89,63,125,79,77" hai3="72,130,2,101,117,97,109,37,124,86,107,128,129"/><V110/><F119/><W25/><G2/><T43/><D75/><U34/><E34/><V28/><F120/><W103/><G37/><T93/><D131/><U68/><E104/><V113/><F113/><W12/><G72/><T114/><D114/><U134/><E134/><V69/><F105/><W48/><G109/><T90/><D19/><U122/><E122/><V4/><F125/><W45/><G124/><T11/><D11/><U8/><E73/><V39/><F39/><W18/><G117/><T88/><D67/><U100/><E100/><V32/><F4/><W106/><G25/><T95/><D95/><U54/><E91/><V78/><F110/><W57/><G57/><T71/><D71/><U30/><E30/><V41/><F41/><N who="0" m="15370" /><D56/><U29/><E38/><V33/><F28/><W0/><G0/><T102/><AGARI ba="1,1" hai="50,51,81,85,87,88,90,93,94,96,102" m="15370" machi="102" ten="30,8000,1" yaku="8,1,52,3,54,1" doraHai="36" who="0" fromWho="0" sc="228,93,266,-21,248,-41,248,-21" owari="321,42.1,245,4.5,207,-29.3,227,-17.3" /></mjloggm>