<mjloggm ver="2.3"><GO type="225" lobby="0"/><UN n0="%E8%A8%88%E7%AE%97%E6%A9%9F%E8%87%AA%E7%84%B6" n1="%E5%8F%8B%E4%BA%BA%45" n2="%E5%B8%86%E7%AB%8B%E5%A4%8F%E8%A1%A3" n3="%54%4F%52" dan="17,16,16,17" rate="2241.73,2031.79,2073.95,2240.08" sx="M,F,M,M"/><TAIKYOKU oya="0"/><INIT seed="0,0,0,2,5,30" ten="250,250,250,250" oya="0" hai0="6,132,57,45,22,112,82,123,55,21,4,16,111" hai1="92,88,89,38,50,34,23,125,65,83,47,24,102" hai2="44,74,79,43,110,36,70,12,9,97,86,119,11" hai3="126,69,41,80,105,5,0,26,48,87,73,29,8"/><T27/><D112/><U10/><E34/><V2/><F110/><W56/><G69/><T84/><D123/><U49/><E125/><V90/><F119/><W18/><G126/><T67/><D132/><U93/><E65/><V85/><F70/><W66/><G105/><T114/><D114/><U51/><E10/><V64/><F64/><W17/><G73/><T104/><D104/><U53/><E102/><V135/><F135/><W63/><G48/><N who="1" m="18474" /><E38/><V32/><F32/><W106/><G41/><T72/><D72/><U15/><E15/><V60/><F60/><W109/><G106/><T107/><D107/><U71/><E71/><V28/><F28/><W133/><G109/><T76/><D111/><U7/><E7/><N who="2" m="1271" /><F12/><W131/><G131/><T25/><D45/><U99/><E83/><N who="2" m="45559" /><F11/><W37/><G37/><T40/><D67/><U19/><E99/><V120/><F120/><W134/><G134/><T81/><D81/><U121/><E121/><V116/><F116/><W52/><G133/><T13/><D40/><U91/><AGARI ba="0,0" hai="19,23,24,47,49,53,88,89,91,92,93" m="18474" machi="91" ten="30,2000,0" yaku="8,1,54,1" doraHai="30" who="1" fromWho="1" sc="250,-10,250,20,250,-5,250,-5" /><INIT seed="1,0,0,0,1,14" ten="240,270,245,245" oya="1" hai0="99,17,79,73,37,128,43,100,109,41,84,15,40" hai1="97,78,86,33,19,0,60,69,67,133,114,75,81" hai2="89,11,44,125,6,106,1,104,48,16,56,112,3" hai3="5,90,131,96,55,34,113,76,38,127,45,83,115"/><U36/><E114/><V116/><F112/><W105/><G131/><T95/><D128/><U108/><E36/><V66/><F116/><W31/><G127/><T25/><D109/><U26/><E0/><V18/><F125/><W63/><G5/><T62/><D73/><U61/><E133/><V20/><F3/><W47/><G47/><T65/><D25/><U123/><E123/><V29/><F29/><W52/><G38/><T101/><D37/><U23/><E33/><V85/><F66/><W53/><G45/><T120/><D120/><U87/><E108/><V50/><F56/><W92/><G105/><T80/><D101/><U135/><E135/><V8/><F8/><W82/><G82/><T107/><D107/><U49/><E49/><V117/><F50/><W94/><G94/><T77/><D77/><U118/><E118/><V28/><F28/><W13/><G13/><T103/><D103/><U27/><E27/><V91/><F117/><W46/><G46/><T39/><D39/><U88/><E61/><V21/><F106/><W30/><G63/><T12/><REACH who="0" step="1"/><D17/><REACH who="0" ten="230,270,245,245" step="2"/><N who="2" m="6762" /><F104/><W129/><G129/><T7/><D7/><U98/><REACH who="1" step="1"/><E75/><REACH who="1" ten="230,260,245,245" step="2"/><V126/><F126/><W24/><REACH who="3" step="1"/><G31/><REACH who="3" ten="230,260,245,235" step="2"/><T132/><D132/><U22/><E22/><V121/><F21/><W54/><N who="3" m="13312" /><DORA hai="42" /><W2/><G2/><T10/><D10/><U59/><E59/><AGARI ba="0,3" hai="12,15,40,41,43,59,62,65,79,80,84,95,99,100" machi="59" ten="40,2600,0" yaku="1,1,8,1,53,0" doraHai="14,42" doraHaiUra="119,70" who="0" fromWho="1" sc="230,56,260,-26,245,0,235,0" /><INIT seed="2,0,0,2,1,128" ten="286,234,245,235" oya="2" hai0="74,105,33,78,82,35,117,94,36,61,118,101,126" hai1="83,50,57,6,55,11,75,28,95,130,92,63,112" hai2="10,133,124,129,25,121,54,38,60,91,123,46,18" hai3="4,44,84,89,21,0,58,71,16,27,86,20,62"/><V114/><F114/><W98/><G71/><T67/><D36/><U39/><E112/><V99/><F129/><W97/><G0/><T2/><D2/><U116/><E39/><V115/><F115/><W106/><G4/><T122/><D122/><U100/><E116/><N who="0" m="44649" /><D94/><U1/><E130/><V68/><F124/><W70/><G70/><N who="0" m="42351" /><D126/><U69/><E28/><V120/><F99/><AGARI ba="0,0" hai="33,35,74,78,82,99,101,105" m="42351,44649" machi="99" ten="30,2000,0" yaku="12,1,23,1" doraHai="128" who="0" fromWho="2" sc="286,20,234,0,245,-20,235,0" /><INIT seed="3,0,0,1,2,64" ten="306,234,225,235" oya="3" hai0="16,61,24,36,1,38,85,31,49,54,46,94,59" hai1="87,99,27,108,43,118,134,102,101,9,122,17,92" hai2="104,79,119,13,75,18,72,10,0,111,28,51,98" hai3="50,76,56,91,15,37,131,44,95,45,53,7,3"/><W112/><G112/><T22/><D1/><U8/><E122/><V14/><F119/><W20/><G131/><T130/><D130/><U19/><E108/><V128/><F128/><W82/><G3/><T35/><D94/><U41/><E118/><V135/><F0/><W83/><G37/><T117/><D85/><U124/><E134/><V4/><F135/><W52/><G76/><T106/><D106/><U97/><E87/><V88/><F111/><W67/><G67/><T132/><D117/><U70/><E124/><V100/><F79/><W34/><G34/><T133/><D132/><U63/><E63/><V60/><F60/><W73/><G73/><T21/><D35/><U86/><E86/><V39/><F39/><W96/><G44/><T78/><D78/><U114/><E92/><V71/><F71/><W55/><G20/><T126/><D126/><U110/><E110/><V58/><F88/><W109/><G109/><T23/><D23/><U12/><E27/><V57/><F75/><W80/><REACH who="3" step="1"/><G56/><REACH who="3" ten="306,234,225,225" step="2"/><T65/><D133/><U90/><E114/><V123/><F72/><W129/><G129/><T84/><D21/><U2/><E2/><V26/><F123/><W29/><G29/><T116/><D31/><U6/><E9/><AGARI ba="0,1" hai="7,9,15,45,50,52,53,55,80,82,83,91,95,96" machi="9" ten="40,12000,1" yaku="1,1,8,1,54,1,53,1" doraHai="64" doraHaiUra="93" who="3" fromWho="1" sc="306,0,234,-120,225,0,225,130" owari="306,10.6,114,-38.6,225,-17.5,355,45.5" /></mjloggm>