<mjloggm ver="2.3"><GO type="225" lobby="0"/><UN n0="%72%61%6B%33" n1="%E3%81%8F%E3%81%BE%E3%81%96%E3%82%8F" n2="%73%6C%69%63%6B%33%31%39" n3="%E8%A8%88%E7%AE%97%E6%A9%9F%E8%87%AA%E7%84%B6" dan="16,16,16,17" rate="2166.87,2048.06,2157.12,2179.23" sx="M,M,M,M"/><TAIKYOKU oya="0"/><INIT seed="0,0,0,5,5,92" ten="250,250,250,250" oya="0" hai0="75,37,100,94,120,39,32,5,1,15,4,35,58" hai1="76,82,54,71,112,60,67,102,132,95,20,53,83" hai2="116,13,34,114,11,74,65,45,134,33,42,55,57" hai3="43,99,30,24,52,68,109,121,9,86,28,106,105"/><T119/><D119/><U3/><E132/><V59/><F114/><W129/><G68/><T36/><D120/><U0/><E112/><V73/><F134/><W96/><G43/><T118/><D118/><U77/><E20/><V38/><F116/><W89/><G121/><T123/><D123/><U7/><E83/><V23/><F23/><W103/><G109/><T87/><D75/><U69/><E69/><V110/><F110/><W125/><G125/><T131/><D1/><U72/><E77/><V79/><F65/><W26/><G129/><T101/><D131/><U12/><E12/><V81/><F73/><W126/><G126/><T93/><D58/><U47/><E47/><V16/><REACH who="2" step="1"/><F57/><REACH who="2" ten="250,250,240,250" step="2"/><W133/><G133/><T80/><D32/><U14/><E67/><V84/><F84/><W56/><G86/><T90/><D35/><U97/><E72/><V62/><AGARI ba="0,1" hai="11,13,16,33,34,38,42,45,55,59,62,74,79,81" machi="62" ten="20,8000,1" yaku="1,1,0,1,7,1,54,1,53,1" doraHai="92" doraHaiUra="107" who="2" fromWho="2" sc="250,-40,250,-20,240,90,250,-20" /><INIT seed="1,0,0,2,5,65" ten="210,230,330,230" oya="1" hai0="69,127,113,96,73,3,134,103,90,132,79,24,82" hai1="17,29,106,80,76,49,109,53,120,66,35,20,94" hai2="124,42,72,14,46,117,114,55,40,9,31,25,48" hai3="44,8,130,100,91,133,105,16,18,92,19,51,22"/><U116/><E106/><V121/><F117/><W107/><G133/><N who="0" m="51307" /><D24/><U26/><E116/><V4/><F121/><W83/><G130/><T50/><D3/><U129/><E129/><V89/><F72/><W86/><G107/><N who="0" m="63975" /><D50/><U61/><E120/><V27/><F124/><W1/><G105/><T135/><N who="0" m="51315" /><T131/><DORA hai="98" /><D131/><U77/><E109/><V45/><F114/><W75/><G1/><T99/><D69/><U41/><E41/><V78/><F78/><W115/><G115/><T63/><D63/><U126/><E126/><V30/><F89/><W125/><G125/><T85/><D127/><U112/><E112/><V60/><F60/><W74/><G8/><T68/><D68/><U108/><E108/><V6/><F6/><W64/><G64/><T118/><D113/><U7/><E7/><V59/><F42/><W70/><G70/><T12/><D12/><U0/><E0/><V15/><F15/><W95/><G22/><T38/><D38/><U110/><E110/><V123/><F123/><W119/><G119/><T36/><D36/><U84/><E66/><V37/><F37/><W67/><G67/><T13/><D13/><N who="1" m="9263" /><E61/><V104/><F104/><W23/><G23/><T128/><D128/><U39/><E39/><V11/><F11/><W5/><G5/><T102/><D118/><U71/><E71/><V33/><F40/><N who="3" m="24967" /><G100/><T2/><D2/><U57/><E76/><V122/><F122/><W101/><G101/><T54/><D102/><U111/><E111/><V97/><F97/><W21/><G21/><AGARI ba="0,0" hai="4,9,14,21,25,27,30,31,33,45,46,48,55,59" machi="21" ten="30,1000,0" yaku="7,1" doraHai="65,98" who="2" fromWho="3" sc="210,0,230,0,330,10,230,-10" /><INIT seed="2,0,0,1,1,112" ten="210,230,340,220" oya="2" hai0="135,75,83,115,57,132,78,122,59,5,90,14,127" hai1="39,107,104,49,79,74,4,29,124,31,32,110,89" hai2="42,67,116,121,117,2,25,63,50,72,97,82,10" hai3="20,133,125,120,15,123,94,92,12,27,84,35,80"/><V87/><F121/><W76/><G125/><T62/><D115/><U119/><E39/><V26/><F72/><W106/><G106/><T108/><D122/><U68/><E68/><V100/><F26/><W91/><G133/><T118/><D127/><U43/><E124/><V47/><F2/><W16/><G92/><T93/><D108/><U9/><E110/><V65/><F65/><W129/><G129/><T56/><D62/><U114/><E114/><V22/><F10/><W1/><G1/><T60/><D60/><U101/><E89/><V64/><F64/><W36/><G36/><T109/><D109/><U96/><E107/><V134/><F134/><N who="0" m="51242" /><D118/><U34/><E119/><V41/><F41/><W45/><G45/><T54/><D14/><U98/><E98/><V23/><F23/><W99/><REACH who="3" step="1"/><G12/><REACH who="3" ten="210,230,340,210" step="2"/><T85/><D93/><U17/><E104/><V6/><F116/><W48/><G48/><T55/><D5/><U18/><E4/><V37/><F50/><W95/><G95/><T21/><D54/><U131/><E49/><V128/><F37/><W105/><G105/><T44/><D55/><U3/><E3/><V102/><F6/><W19/><G19/><T130/><D44/><U46/><E17/><V81/><F47/><W66/><G66/><T13/><D13/><U71/><E18/><V103/><F128/><W113/><G113/><T77/><D130/><U40/><E46/><V86/><F117/><W0/><G0/><T70/><D83/><U73/><E131/><V53/><F82/><W69/><G69/><T88/><D70/><U7/><E71/><RYUUKYOKU ba="0,1" sc="210,-10,230,-10,340,-10,210,30" hai3="15,16,20,27,35,76,80,84,91,94,99,120,123" /><INIT seed="3,1,1,1,2,121" ten="200,220,330,240" oya="3" hai0="76,30,113,90,9,104,46,88,40,16,98,3,25" hai1="135,13,59,10,99,118,32,129,38,43,63,94,133" hai2="78,1,124,50,84,60,119,28,74,64,19,132,4" hai3="77,123,134,93,126,106,125,35,82,72,14,115,80"/><W15/><G123/><T39/><D113/><U111/><E32/><V47/><F119/><W71/><G106/><T127/><D127/><N who="3" m="48649" /><G115/><T79/><D3/><U42/><E118/><V56/><F124/><W8/><G71/><T73/><D9/><U33/><E33/><V110/><F74/><W68/><G68/><T17/><D79/><U107/><E107/><V70/><F70/><W27/><G134/><N who="1" m="51210" /><E38/><V101/><F1/><W31/><G82/><T22/><D76/><U12/><E111/><V5/><F101/><W103/><G8/><T75/><D104/><U112/><E129/><V51/><F110/><W96/><AGARI ba="1,1" hai="14,15,27,31,35,72,77,80,93,96,103" m="48649" machi="96" ten="30,1500,0" yaku="18,1" doraHai="121" who="3" fromWho="3" sc="200,-6,220,-6,330,-6,240,28" /><INIT seed="3,2,0,5,0,82" ten="194,214,324,268" oya="3" hai0="9,29,7,113,83,67,131,107,101,133,97,98,31" hai1="110,74,37,118,121,2,116,15,126,55,27,21,103" hai2="119,96,65,48,64,23,46,45,16,4,12,117,0" hai3="89,86,112,11,41,39,36,57,132,35,30,14,52"/><W115/><G132/><T18/><D133/><U123/><E2/><V20/><F117/><N who="1" m="45161" /><E126/><V85/><F119/><W124/><G124/><T54/><D131/><U76/><E110/><V38/><F0/><W80/><G30/><T79/><D113/><U87/><E74/><V24/><F38/><W3/><G35/><T92/><D18/><N who="1" m="10463" /><E37/><V10/><F96/><W32/><G32/><T66/><D54/><U78/><E103/><V63/><F46/><W25/><G25/><T81/><D31/><U69/><E69/><V28/><F85/><W58/><G3/><T34/><D29/><U61/><E27/><N who="2" m="16487" /><F63/><W51/><G36/><T42/><D34/><U71/><E87/><V33/><F33/><W90/><G90/><T50/><D83/><U95/><E95/><V8/><F8/><W91/><G91/><T49/><D98/><U105/><E105/><V104/><F104/><W47/><G57/><T99/><D97/><U59/><E71/><V122/><F122/><AGARI ba="2,0" hai="55,59,61,76,78,121,122,123" m="10463,45161" machi="122" ten="30,1000,0" yaku="12,1" doraHai="82" who="1" fromWho="2" sc="194,0,214,16,324,-16,268,0" owari="194,-30.6,230,-17.0,308,40.8,268,6.8" /></mjloggm>