<mjloggm ver="2.3"><GO type="225" lobby="0"/><UN n0="%E3%81%BE%E3%81%A8%E3%81%9F" n1="%6D%75%75%6D%75%72%61" n2="%62%6F%6E%6F%73%2E%2E" n3="%E9%A2%A8%E3%81%A7%E9%B3%B4%E3%81%8F" dan="16,17,17,16" rate="2129.83,2125.57,2219.22,2132.98" sx="M,F,M,M"/><TAIKYOKU oya="0"/><INIT seed="0,0,0,0,1,75" ten="250,250,250,250" oya="0" hai0="67,49,65,82,94,119,99,128,117,120,127,124,64" hai1="132,0,53,129,52,118,47,91,135,116,98,28,54" hai2="12,103,57,7,102,111,83,134,23,79,89,17,36" hai3="73,101,70,34,56,74,45,29,81,126,15,71,19"/><T88/><D120/><U78/><E0/><V38/><F111/><W133/><G101/><T106/><D106/><U77/><E129/><V8/><F134/><N who="1" m="51241" /><E28/><V59/><F89/><W100/><G100/><T9/><D128/><U108/><E108/><V42/><F103/><W13/><G13/><T46/><D9/><U6/><E6/><V114/><F102/><W21/><G74/><T10/><D10/><U11/><E11/><V110/><F114/><W125/><G56/><T1/><D82/><U80/><E47/><V16/><F17/><W27/><G45/><T63/><D63/><U41/><E41/><V14/><F110/><W113/><G113/><T5/><D5/><U86/><E98/><V48/><F38/><W18/><G18/><T92/><D92/><U62/><E62/><V130/><F36/><W115/><G115/><T26/><D26/><U4/><E4/><V50/><F130/><W30/><G30/><T32/><D32/><U2/><E2/><V96/><F96/><W104/><G104/><T43/><REACH who="0" step="1"/><D1/><REACH who="0" ten="240,250,250,250" step="2"/><U97/><E97/><V24/><F24/><W40/><G133/><T72/><D72/><U90/><E90/><V66/><F7/><W112/><G112/><T35/><D35/><U61/><E61/><N who="2" m="38191" /><F8/><W22/><G34/><T109/><D109/><U58/><E58/><V87/><F12/><W107/><G107/><T121/><D121/><U60/><E60/><V3/><F3/><W25/><G25/><T44/><D44/><U68/><E68/><V31/><F14/><W55/><G70/><T20/><D20/><N who="3" m="7785" /><G71/><T93/><D93/><RYUUKYOKU ba="0,1" sc="240,15,250,15,250,-15,250,-15" hai0="43,46,49,64,65,67,88,94,99,117,119,124,127" hai1="52,53,54,77,78,80,86,91,116,118" /><INIT seed="0,1,1,2,0,76" ten="255,265,235,235" oya="0" hai0="90,106,104,107,80,0,27,78,13,3,44,35,48" hai1="23,128,68,131,39,73,133,98,126,97,95,112,36" hai2="67,66,37,119,115,111,59,91,69,123,74,92,58" hai3="108,46,31,11,70,47,94,29,5,89,1,132,84"/><T18/><D90/><U116/><E116/><V121/><F115/><W110/><G70/><T93/><D93/><U120/><E120/><V16/><F74/><W30/><REACH who="3" step="1"/><G132/><REACH who="3" ten="255,265,235,225" step="2"/><T19/><D35/><U86/><E133/><V71/><F71/><W124/><G124/><T82/><D27/><U57/><E126/><V114/><F69/><W96/><G96/><T83/><D78/><U6/><E68/><V25/><F25/><W53/><G53/><T52/><REACH who="0" step="1"/><D18/><REACH who="0" ten="245,265,235,225" step="2"/><U14/><E98/><V79/><F16/><W42/><G42/><T56/><D56/><U81/><E97/><V34/><F59/><W21/><G21/><AGARI ba="1,3" hai="0,3,13,19,21,44,48,52,80,82,83,104,106,107" machi="21" ten="50,12000,1" yaku="1,1,52,3,54,1,53,0" doraHai="76" doraHaiUra="109" who="0" fromWho="3" sc="245,153,265,0,235,0,225,-123" /><INIT seed="0,2,0,5,0,135" ten="398,265,235,102" oya="0" hai0="73,4,10,92,106,75,89,97,34,44,129,18,108" hai1="58,50,43,84,25,57,90,131,54,83,74,59,56" hai2="9,30,98,111,2,112,12,24,117,45,99,67,35" hai3="96,61,87,78,0,52,119,120,81,134,103,66,7"/><T130/><D108/><U77/><E131/><V53/><F112/><W82/><G134/><T55/><D34/><U115/><E115/><V42/><F111/><W41/><G119/><T102/><D18/><U123/><E123/><V32/><F32/><W5/><G120/><T125/><D125/><U1/><E1/><V109/><F109/><W3/><G41/><T128/><D55/><U64/><E43/><V127/><F117/><W51/><G81/><T95/><D44/><U121/><E121/><V124/><F53/><W72/><G72/><N who="0" m="27723" /><D10/><U116/><E116/><V22/><F67/><W101/><G0/><T100/><D4/><U40/><E40/><V63/><F63/><W71/><G101/><N who="0" m="60583" /><D106/><U48/><E25/><V94/><F35/><W6/><G3/><T62/><D62/><U68/><E68/><V69/><F69/><W91/><G78/><T15/><D15/><U70/><E70/><V49/><F2/><W85/><G85/><AGARI ba="2,0" hai="85,89,95,100,102,128,129,130" m="60583,27723" machi="85" ten="40,7700,0" yaku="19,1,34,2" doraHai="135" who="0" fromWho="3" sc="398,83,265,0,235,0,102,-83" /><INIT seed="0,3,0,4,5,105" ten="481,265,235,19" oya="0" hai0="104,74,31,99,71,61,119,60,72,19,64,41,21" hai1="92,95,10,38,39,27,126,127,58,53,96,88,7" hai2="57,15,111,8,128,13,49,40,94,106,73,11,37" hai3="133,90,3,63,131,62,33,18,77,83,121,132,68"/><T20/><D41/><U101/><E27/><V26/><F106/><W17/><G33/><T86/><D31/><U55/><E39/><V30/><F73/><W67/><G3/><T2/><D21/><U112/><E38/><V54/><F111/><W32/><G32/><T113/><D113/><U79/><E79/><V81/><F128/><W120/><G131/><T24/><D2/><U80/><E80/><V4/><F81/><W12/><G90/><T14/><D119/><U100/><E112/><V124/><F124/><N who="1" m="47657" /><E95/><V107/><F107/><W76/><G12/><T118/><D61/><N who="3" m="23049" /><G67/><T91/><D118/><U110/><E110/><V130/><F130/><W23/><G68/><T115/><D115/><U48/><E55/><V22/><F94/><W103/><G23/><T102/><D24/><U42/><E42/><V46/><REACH who="2" step="1"/><F11/><REACH who="2" ten="481,265,225,19" step="2"/><W116/><G116/><T51/><D104/><U98/><E98/><V75/><F75/><W117/><G117/><T25/><D99/><U82/><E82/><V43/><F43/><W89/><G103/><T135/><D102/><U50/><E50/><V129/><F129/><W122/><G89/><T69/><D51/><U6/><E6/><V66/><F66/><W84/><G77/><T108/><D71/><U16/><E7/><V85/><F85/><W59/><G59/><T9/><D108/><U56/><E56/><V93/><F93/><W78/><G78/><T28/><D74/><U52/><E53/><V29/><F29/><W47/><G47/><T70/><D72/><U97/><E97/><V34/><F34/><W134/><AGARI ba="3,1" hai="17,18,76,83,84,120,121,122,132,133,134" m="23049" machi="134" ten="40,5200,0" yaku="5,1,13,1,20,1" doraHai="105" who="3" fromWho="3" sc="481,-29,265,-16,225,-16,19,71" /><INIT seed="1,0,0,1,4,125" ten="452,249,209,90" oya="1" hai0="90,64,106,75,32,87,4,54,67,114,30,22,99" hai1="102,82,7,81,37,126,50,100,36,127,6,44,62" hai2="41,17,29,56,9,128,40,51,3,14,105,132,110" hai3="135,131,103,108,117,11,59,19,35,109,25,76,61"/><U55/><E62/><V77/><F110/><N who="3" m="42603" /><G135/><T104/><D75/><U15/><E15/><V24/><F105/><W16/><G117/><T33/><D4/><U134/><E134/><V111/><F132/><W5/><G103/><T84/><D54/><U95/><E95/><V123/><F123/><W63/><G76/><T71/><D22/><U52/><E44/><V2/><F111/><W85/><G85/><T69/><D30/><U66/><E50/><V115/><F115/><W43/><G43/><T58/><D58/><U133/><E133/><V20/><F77/><W26/><G131/><T57/><D57/><U74/><REACH who="1" step="1"/><E66/><REACH who="1" ten="452,239,209,90" step="2"/><V23/><F51/><W31/><G63/><T98/><D114/><U116/><E116/><V39/><F14/><N who="3" m="5487" /><G26/><T28/><D67/><AGARI ba="0,1" hai="16,19,25,31,35,59,61,67" m="5487,42603" machi="67" ten="30,2000,0" yaku="14,1,54,1" doraHai="125" who="3" fromWho="0" sc="452,-20,239,0,209,0,90,30" /><INIT seed="2,0,0,2,1,55" ten="432,239,209,120" oya="2" hai0="52,106,49,91,44,41,13,124,87,131,37,6,16" hai1="74,82,60,98,18,110,116,132,95,22,65,28,36" hai2="80,0,31,84,23,111,101,75,88,127,79,8,93" hai3="107,20,61,11,134,76,115,128,9,113,130,27,85"/><V119/><F119/><W96/><G85/><T4/><D124/><U15/><E116/><V92/><F127/><W50/><G76/><T125/><D106/><U109/><E36/><V78/><F78/><W121/><G50/><T39/><D39/><U35/><E132/><V72/><F111/><W5/><G96/><T29/><D29/><U58/><E74/><V38/><F38/><W12/><G107/><T59/><D131/><N who="3" m="50217" /><G61/><T68/><D68/><U129/><E82/><V67/><F67/><W94/><BYE who="2" /><G94/><T24/><D24/><N who="1" m="16407" /><E35/><UN n2="%62%6F%6E%6F%73%2E%2E" /><V71/><F71/><W69/><G69/><T30/><D30/><U66/><E66/><V90/><F101/><W86/><G86/><T33/><D33/><U83/><E83/><V47/><F47/><W48/><G48/><T118/><D118/><U77/><E77/><V2/><F72/><W56/><G56/><T64/><D64/><U89/><E129/><V25/><F8/><N who="3" m="4111" /><G121/><T54/><D54/><U7/><E110/><V133/><F133/><W62/><G62/><T57/><D125/><U14/><E109/><V73/><F73/><W10/><G134/><T114/><D37/><U105/><E105/><V63/><F63/><W135/><G135/><T97/><D49/><U17/><E89/><V19/><F31/><AGARI ba="0,0" hai="9,10,11,20,27,31,113,115" m="4111,50217" machi="31" ten="30,3900,0" yaku="19,1,34,2" doraHai="55" who="3" fromWho="2" sc="432,0,239,0,209,-39,120,39" /><INIT seed="3,0,0,0,3,28" ten="432,239,170,159" oya="3" hai0="59,53,135,76,100,42,61,43,96,98,13,134,14" hai1="65,29,45,95,74,58,110,47,103,122,32,26,78" hai2="124,36,79,46,131,130,114,25,64,8,87,20,21" hai3="50,126,128,27,62,48,80,132,57,17,16,5,91"/><W94/><G126/><T49/><D76/><U39/><E122/><V22/><F114/><W102/><G132/><N who="0" m="50731" /><D96/><U119/><E110/><V121/><F121/><W107/><G107/><N who="0" m="63895" /><D43/><U3/><E3/><V84/><F124/><W72/><G128/><T54/><D42/><U40/><E47/><AGARI ba="0,0" hai="13,14,47,49,53,54,59,61" m="63895,50731" machi="47" ten="30,1000,0" yaku="20,1" doraHai="28" who="0" fromWho="1" sc="432,10,239,-10,170,0,159,0" owari="442,54.2,229,2.9,170,-23.0,159,-34.1" /></mjloggm>