<mjloggm ver="2.3"><GO type="225" lobby="0"/><UN n0="%E3%81%97%E3%82%89%E3%81%84%E3%81%97%E3%81%BE%E3%81%84" n1="%E3%82%82%E3%81%90%E3%82%89" n2="%E8%BE%9B%E5%8F%A3%E3%82%AB%E3%83%AC%E3%83%BC%E3%83%A9%E3%82%A4%E3%82%B9" n3="%E6%9A%87%E4%BA%BA%EF%BC%A0%E9%85%8D%E4%BF%A1%E5%9E%A2" dan="17,17,16,17" rate="2231.98,2207.37,2207.27,2184.16" sx="M,F,M,F"/><TAIKYOKU oya="0"/><INIT seed="0,0,0,5,0,25" ten="250,250,250,250" oya="0" hai0="34,58,13,69,26,96,68,67,110,7,10,59,131" hai1="54,27,99,53,78,83,0,29,4,40,117,57,60" hai2="77,85,38,70,24,66,98,73,52,39,75,42,102" hai3="127,119,113,84,35,45,9,43,6,22,12,126,51"/><T125/><D131/><U86/><E117/><V31/><F85/><W30/><G119/><T103/><D125/><N who="3" m="47625" /><G113/><T97/><D110/><U63/><E40/><V19/><F19/><W95/><G35/><T92/><D97/><U121/><E121/><V15/><F15/><W1/><G1/><T11/><D11/><U87/><E99/><V123/><F52/><W37/><G37/><N who="2" m="13833" /><F42/><W133/><G133/><T62/><REACH who="0" step="1"/><D68/><REACH who="0" ten="240,250,250,250" step="2"/><U36/><E87/><V28/><F70/><W32/><G84/><T76/><D76/><U14/><E78/><V106/><F77/><W132/><G132/><T134/><D134/><U135/><E86/><V82/><F98/><W44/><G9/><T46/><D46/><U49/><E135/><V105/><F123/><W20/><G45/><T55/><D55/><U91/><E54/><V71/><F71/><W90/><G44/><T116/><D116/><U112/><E53/><V72/><F106/><W129/><G129/><T23/><D23/><U108/><E108/><V115/><F105/><W16/><G22/><T120/><D120/><U94/><E112/><V18/><F115/><W100/><G20/><T5/><D5/><U79/><E4/><V21/><F21/><W111/><G6/><T56/><D56/><U128/><E57/><V107/><F107/><W64/><G111/><T109/><D109/><U93/><E128/><V89/><F102/><W88/><G100/><T65/><D65/><U101/><E79/><V3/><F66/><W81/><G64/><T130/><D130/><U74/><E101/><V124/><F124/><W122/><G122/><RYUUKYOKU ba="0,1" sc="240,30,250,-10,250,-10,250,-10" hai0="7,10,13,26,34,58,59,62,67,69,92,96,103" /><INIT seed="0,1,1,0,4,107" ten="270,240,240,240" oya="0" hai0="44,99,52,23,116,6,81,26,74,89,85,110,95" hai1="59,47,45,94,70,22,0,38,101,13,64,51,35" hai2="18,67,20,87,12,127,11,4,46,28,114,68,42" hai3="10,122,25,24,56,77,129,60,83,40,31,3,14"/><T112/><D116/><U62/><E0/><V72/><F114/><W98/><G129/><T32/><D112/><U88/><E35/><V69/><F127/><W93/><G3/><T111/><D6/><U105/><E38/><V134/><F134/><W50/><G122/><T17/><D32/><U104/><E101/><V130/><F130/><W36/><G36/><T102/><REACH who="0" step="1"/><D74/><REACH who="0" ten="260,240,240,240" step="2"/><U48/><E104/><V135/><F72/><W120/><G120/><T76/><D76/><U86/><E105/><V66/><F135/><W121/><G121/><T21/><D21/><U96/><E22/><V118/><F118/><W58/><G77/><T29/><D29/><U115/><E115/><V27/><F4/><W126/><G31/><T54/><D54/><U2/><E2/><V78/><F67/><W33/><G33/><T49/><AGARI ba="1,2" hai="17,23,26,44,49,52,81,85,89,95,99,102,110,111" machi="49" ten="30,6000,0" yaku="1,1,0,1,54,1,53,0" doraHai="107" doraHaiUra="103" who="0" fromWho="0" sc="260,83,240,-21,240,-21,240,-21" /><INIT seed="0,2,0,0,5,80" ten="343,219,219,219" oya="0" hai0="70,121,130,81,67,59,87,5,88,47,97,44,96" hai1="26,93,99,57,43,116,131,55,21,125,38,33,129" hai2="19,69,6,61,28,119,85,18,122,54,123,15,32" hai3="104,102,51,46,10,100,36,86,76,37,74,72,56"/><T98/><D121/><U126/><E33/><V16/><F119/><W109/><G109/><T118/><D118/><U68/><E68/><V120/><F32/><W45/><G56/><T103/><D70/><U94/><E116/><V30/><F85/><W42/><G10/><T71/><D71/><U24/><E43/><V65/><REACH who="2" step="1"/><F54/><REACH who="2" ten="343,219,209,219" step="2"/><W77/><G86/><T90/><D130/><U23/><E55/><V113/><F113/><W111/><G111/><T52/><D67/><U31/><E99/><V58/><F58/><W91/><G42/><T35/><D35/><U101/><E57/><V41/><F41/><W89/><REACH who="3" step="1"/><G51/><REACH who="3" ten="343,219,209,209" step="2"/><N who="0" m="31135" /><D103/><U114/><E101/><V22/><F22/><W134/><G134/><T132/><D132/><U92/><E114/><V40/><F40/><W133/><G133/><T82/><D5/><U60/><E60/><V9/><AGARI ba="2,2" hai="6,9,15,16,18,19,28,30,61,65,69,120,122,123" machi="9" ten="40,5200,0" yaku="1,1,0,1,54,1,53,0" doraHai="80" doraHaiUra="128" who="2" fromWho="2" sc="343,-28,219,-15,209,78,209,-15" /><INIT seed="1,0,0,0,3,15" ten="315,204,287,194" oya="1" hai0="2,30,122,94,45,126,66,114,81,38,134,105,101" hai1="57,27,39,56,58,34,111,32,74,29,55,18,54" hai2="47,26,99,50,131,87,24,7,100,41,133,59,73" hai3="80,31,130,36,86,82,10,83,46,25,64,12,62"/><U124/><E74/><V89/><F73/><W21/><G130/><T51/><D2/><U85/><E39/><V22/><F131/><W127/><G127/><T42/><D114/><U3/><E124/><V37/><F133/><W121/><G121/><T44/><D105/><U63/><E3/><V109/><F109/><W23/><G23/><T84/><D30/><U17/><E111/><V75/><F75/><W123/><G123/><T13/><D66/><U95/><E34/><V88/><F7/><W128/><G128/><T43/><D134/><U40/><E40/><V52/><F87/><W28/><G28/><T68/><D68/><U67/><E67/><V113/><F113/><W115/><G115/><T70/><D70/><U103/><E58/><V92/><REACH who="2" step="1"/><F26/><REACH who="2" ten="315,204,277,194" step="2"/><W104/><G86/><T71/><D84/><U16/><E85/><V0/><F0/><W96/><G25/><T5/><D5/><U49/><REACH who="1" step="1"/><E17/><AGARI ba="0,1" hai="17,22,24,37,41,47,50,52,59,88,89,92,99,100" machi="17" ten="30,8000,1" yaku="1,1,7,1,52,1,54,2,53,0" doraHai="15" doraHaiUra="61" who="2" fromWho="1" sc="315,0,204,-80,277,90,194,0" /><INIT seed="2,0,0,1,0,80" ten="315,124,367,194" oya="2" hai0="46,9,64,91,104,54,42,71,101,72,32,107,111" hai1="31,98,132,6,81,17,44,62,92,61,22,49,93" hai2="25,55,79,112,38,125,68,20,84,108,11,78,26" hai3="82,2,87,110,12,121,4,35,133,41,129,57,24"/><V94/><F112/><W124/><G121/><T85/><D32/><U16/><E132/><V135/><F135/><W119/><G119/><T48/><D111/><U29/><E6/><V34/><F125/><W126/><G133/><T15/><D72/><U21/><E81/><V0/><F34/><W69/><G69/><T118/><D118/><U97/><REACH who="1" step="1"/><E49/><REACH who="1" ten="315,114,367,194" step="2"/><V83/><F83/><W114/><G4/><T113/><D113/><U89/><E89/><V52/><F38/><W123/><G114/><T100/><D101/><U37/><E37/><V63/><F108/><W45/><G110/><T70/><D100/><U99/><E99/><V39/><F39/><W40/><G82/><T5/><D42/><U18/><E18/><V28/><F78/><W47/><G41/><T116/><D116/><U53/><E53/><V3/><F52/><W60/><G40/><T75/><D75/><U77/><E77/><V130/><F55/><W33/><G124/><T43/><D43/><U106/><E106/><V50/><F79/><W134/><G126/><T115/><D115/><U105/><E105/><V36/><F50/><W127/><G127/><T95/><REACH who="0" step="1"/><D70/><REACH who="0" ten="305,114,367,194" step="2"/><U96/><E96/><V74/><F68/><W14/><G134/><T30/><D30/><U19/><E19/><V66/><F28/><W131/><G123/><T67/><D67/><U58/><E58/><V103/><F66/><W122/><G122/><T10/><D10/><U13/><E13/><V73/><F73/><W51/><G57/><T86/><D86/><U120/><E120/><V76/><F74/><W109/><G14/><RYUUKYOKU ba="0,2" sc="305,15,114,15,367,-15,194,-15" hai0="5,9,15,46,48,54,64,71,85,91,95,104,107" hai1="16,17,21,22,29,31,44,61,62,92,93,97,98" /><INIT seed="3,1,2,2,3,56" ten="320,129,352,179" oya="3" hai0="43,86,53,15,109,33,38,12,108,66,103,10,104" hai1="34,52,132,47,102,101,49,77,135,37,88,131,128" hai2="44,79,126,81,130,94,23,48,54,112,4,14,85" hai3="127,75,113,64,19,32,87,89,69,122,67,8,125"/><W16/><G113/><T7/><D33/><U71/><E34/><V55/><F112/><W25/><G122/><T129/><D129/><N who="1" m="49739" /><E71/><V62/><F130/><W60/><G75/><T46/><D66/><U90/><E37/><V106/><F106/><W40/><G67/><T13/><D86/><U99/><E77/><V24/><F126/><N who="3" m="48139" /><G40/><T39/><D39/><U58/><E47/><V0/><F0/><W97/><G97/><T114/><D114/><U83/><E102/><V133/><F133/><N who="1" m="51273" /><E83/><V45/><F94/><AGARI ba="1,2" hai="49,52,58,88,90,94,99,101" m="51273,49739" machi="94" ten="30,7700,0" yaku="19,1,20,1,54,2" doraHai="56" who="1" fromWho="2" sc="320,0,129,100,352,-80,179,0" owari="320,42.0,229,-17.1,272,7.2,179,-32.1" /></mjloggm>