<mjloggm ver="2.3"><GO type="225" lobby="0"/><UN n0="%E3%81%A1%E3%82%85%E3%81%86%E3%81%A9%E3%81%8F%E8%B1%A1%E3%81%95%E3%82%93" n1="%4E%49%4A%49%49%52%4F" n2="%E3%81%9F%E3%81%8B%E3%81%AE%E3%81%99%E3%81%91" n3="%E3%81%9D%E3%81%B5%E3%81%81%E3%82%82%E3%82%93" dan="17,16,17,16" rate="2180.39,2184.56,2165.73,2110.19" sx="M,M,M,M"/><TAIKYOKU oya="0"/><INIT seed="0,0,0,2,1,111" ten="250,250,250,250" oya="0" hai0="17,48,105,27,8,125,64,110,107,95,11,85,37" hai1="87,6,101,129,22,51,0,82,18,9,92,42,15" hai2="53,39,131,132,81,99,34,1,24,89,7,97,126" hai3="135,33,43,78,72,118,121,47,32,119,94,83,57"/><T5/><D37/><U3/><E129/><V108/><F39/><N who="3" m="22015" /><G94/><T102/><D110/><U63/><E63/><V67/><F7/><W19/><G19/><T45/><D64/><U117/><E117/><N who="3" m="44554" /><G57/><T21/><D125/><U109/><E109/><V68/><F89/><W74/><G135/><T29/><D29/><U50/><E0/><V10/><F1/><W13/><G13/><T84/><D8/><U120/><E120/><V2/><F10/><W26/><G26/><T20/><D20/><U124/><E124/><V65/><F24/><W98/><G98/><N who="0" m="59743" /><D107/><U54/><E92/><V104/><F2/><W93/><G93/><T23/><D105/><U114/><E101/><V100/><F104/><W36/><G72/><T77/><D23/><U38/><E38/><V106/><F106/><W40/><G121/><T115/><D115/><U112/><E42/><V56/><F56/><W59/><G59/><T62/><D62/><U86/><E86/><N who="0" m="33385" /><D77/><N who="1" m="46543" /><E54/><V66/><F53/><W55/><G55/><N who="0" m="30095" /><D11/><U12/><E3/><V44/><F34/><N who="3" m="13419" /><G40/><T116/><D116/><U76/><E76/><V69/><F126/><W80/><G80/><T30/><D30/><U127/><E127/><V91/><F68/><W128/><G36/><T133/><D133/><U113/><AGARI ba="0,0" hai="6,9,12,15,18,22,50,51,112,113,114" m="46543" machi="113" ten="30,7900,0" yaku="11,1,52,3" doraHai="111" who="1" fromWho="1" sc="250,-39,250,79,250,-20,250,-20" /><INIT seed="1,0,0,4,4,43" ten="211,329,230,230" oya="1" hai0="31,14,126,119,87,115,41,81,50,90,54,88,98" hai1="102,94,76,106,34,19,59,70,79,61,40,39,118" hai2="3,82,114,127,104,52,27,24,17,124,85,32,84" hai3="123,10,66,89,101,16,28,38,65,64,100,99,113"/><U132/><E106/><V23/><F114/><W29/><G113/><T134/><D115/><U9/><E118/><V55/><F104/><W18/><G123/><T91/><D119/><U45/><E132/><V26/><F3/><W42/><G38/><T8/><D134/><U56/><E34/><V116/><F116/><W112/><G112/><T117/><D117/><U7/><BYE who="0" /><E70/><V25/><F32/><UN n0="%E3%81%A1%E3%82%85%E3%81%86%E3%81%A9%E3%81%8F%E8%B1%A1%E3%81%95%E3%82%93" /><W135/><G42/><T125/><D41/><U97/><E19/><N who="3" m="7210" /><G10/><T121/><D31/><N who="3" m="11849" /><G135/><T36/><D36/><U80/><E61/><V86/><REACH who="2" step="1"/><F82/><REACH who="2" ten="211,329,220,230" step="2"/><W111/><G111/><T30/><D121/><U122/><E122/><V0/><F0/><W12/><G12/><T21/><D125/><AGARI ba="0,1" hai="17,23,24,25,26,27,52,55,84,85,86,124,125,127" machi="125" ten="50,6400,0" yaku="1,1,18,1,54,1,53,0" doraHai="43" doraHaiUra="33" who="2" fromWho="0" sc="211,-64,329,0,220,74,230,0" /><INIT seed="2,0,0,0,3,83" ten="147,329,294,230" oya="2" hai0="87,39,20,95,37,36,9,120,103,77,111,89,65" hai1="0,105,86,29,88,126,14,125,50,43,76,135,119" hai2="115,38,62,28,121,7,116,53,46,33,90,68,1" hai3="17,21,63,44,84,130,92,51,118,24,73,42,107"/><V67/><F116/><W82/><G130/><T129/><D120/><U78/><E119/><V113/><F121/><W47/><G107/><T59/><D129/><U6/><E0/><V114/><F7/><W133/><G133/><T122/><D122/><U108/><E105/><V32/><F1/><W81/><G118/><T45/><D9/><N who="1" m="4407" /><E135/><V10/><F10/><W18/><G73/><T110/><D103/><U99/><E108/><V128/><F128/><W23/><G63/><T56/><D45/><N who="1" m="25919" /><E29/><V11/><F11/><W35/><G35/><T12/><D77/><U112/><E99/><V60/><F28/><W55/><G92/><T109/><REACH who="0" step="1"/><D65/><REACH who="0" ten="137,329,294,230" step="2"/><U26/><E76/><V41/><F114/><W106/><G47/><T102/><D102/><U40/><E112/><V61/><F113/><W64/><G64/><T75/><D75/><U25/><E78/><V31/><F67/><W132/><G132/><T94/><D94/><U123/><E123/><V66/><F115/><W30/><G106/><T98/><D98/><U124/><E40/><V19/><F66/><W22/><G42/><T101/><D101/><U80/><AGARI ba="0,1" hai="25,26,80,86,88,124,125,126" m="25919,4407" machi="80" ten="30,4000,0" yaku="18,1,52,1,54,1" doraHai="83" who="1" fromWho="1" sc="137,-10,329,50,294,-20,230,-10" /><INIT seed="3,0,0,1,4,85" ten="127,379,274,220" oya="3" hai0="124,105,101,3,132,129,59,94,20,64,14,100,11" hai1="98,60,93,84,106,99,29,5,71,40,17,52,30" hai2="19,47,83,108,80,77,45,42,66,76,62,48,31" hai3="39,92,90,26,57,41,33,36,43,15,82,34,125"/><W8/><G125/><T70/><D124/><U111/><E111/><V9/><F31/><W49/><G82/><T75/><D75/><U61/><E106/><V25/><F47/><W63/><G36/><T24/><D132/><U107/><E40/><V128/><F128/><W133/><G39/><T123/><D123/><U121/><E5/><V28/><F19/><W109/><G133/><T21/><D129/><U88/><E107/><V97/><F97/><N who="1" m="36873" /><E71/><V95/><F95/><W23/><G34/><T0/><D105/><U4/><E4/><V55/><F9/><W22/><G33/><T116/><D116/><U44/><E17/><V68/><F42/><N who="3" m="15883" /><G49/><T110/><D70/><U127/><E127/><V130/><F108/><W50/><G50/><T69/><D69/><U73/><E73/><V91/><F130/><W96/><G26/><T81/><D110/><U6/><E6/><V112/><F112/><W1/><G1/><T32/><D32/><U53/><E121/><V102/><F102/><W65/><G109/><T119/><D0/><U27/><E44/><V46/><F46/><W13/><G8/><T58/><D3/><U79/><E79/><V135/><F135/><W2/><G2/><T12/><D119/><U78/><E78/><V131/><F131/><W18/><G18/><T51/><D11/><U122/><E122/><V16/><F16/><N who="3" m="10511" /><G23/><T54/><D20/><N who="1" m="15591" /><E30/><V38/><F38/><W89/><G15/><T86/><D12/><U114/><E114/><V74/><F74/><W134/><G134/><T118/><D14/><U56/><E61/><V35/><F80/><RYUUKYOKU ba="0,0" sc="127,-30,379,10,274,10,220,10" hai1="52,53,56,60,84,88,93" hai2="25,28,35,45,48,55,62,66,68,76,77,83,91" hai3="57,63,65,89,90,92,96" /><INIT seed="3,1,0,5,4,103" ten="97,389,284,230" oya="3" hai0="90,3,93,51,54,125,5,127,8,98,105,63,46" hai1="83,69,94,118,36,44,56,131,14,123,4,9,11" hai2="6,64,57,77,115,76,128,111,25,101,109,133,87" hai3="106,13,99,48,65,73,121,34,71,126,108,112,10"/><W70/><G112/><T43/><D63/><U132/><E123/><V47/><F115/><W49/><G121/><T59/><D59/><U15/><E69/><V30/><F6/><W22/><G73/><T107/><REACH who="0" step="1"/><D43/><REACH who="0" ten="87,389,284,230" step="2"/><U122/><E56/><V27/><F57/><W33/><G71/><T96/><D96/><U129/><E131/><V17/><F128/><W29/><G70/><T95/><D95/><U130/><E129/><V67/><F67/><W80/><G65/><T81/><D81/><U23/><E130/><V45/><F64/><W1/><G80/><T79/><D79/><U61/><E83/><V84/><F76/><W102/><G99/><T119/><D119/><U66/><E118/><V97/><F77/><W32/><G49/><T85/><D85/><U19/><E61/><V28/><F84/><W124/><G48/><T50/><D50/><U117/><E66/><V134/><F87/><W2/><G102/><T135/><D135/><U24/><E132/><V104/><F133/><W31/><G124/><AGARI ba="1,1" hai="3,5,8,46,51,54,90,93,98,105,107,124,125,127" machi="124" ten="40,8000,1" yaku="1,1,18,1,52,2,53,0" doraHai="103" doraHaiUra="60" who="0" fromWho="3" sc="87,93,389,0,284,0,230,-83" owari="180,-22.0,389,48.9,284,8.4,147,-35.3" /></mjloggm>