<mjloggm ver="2.3"><GO type="225" lobby="0"/><UN n0="%E3%81%8B%E3%82%8F%E3%81%A1%E3%82%83%E3%82%93%35%38" n1="%6D%75%75%6D%75%72%61" n2="%E9%A6%AC%E4%BA%86%E9%9A%94%E5%A3%81" n3="%73%6C%69%63%6B%33%31%39" dan="17,16,17,16" rate="2137.41,2125.11,2175.62,2132.60" sx="M,F,M,M"/><TAIKYOKU oya="0"/><INIT seed="0,0,0,1,5,123" ten="250,250,250,250" oya="0" hai0="20,52,114,15,46,89,65,129,134,78,117,130,39" hai1="3,75,88,68,126,0,55,109,59,74,26,102,112" hai2="34,9,28,115,90,101,64,96,69,77,116,107,27" hai3="1,23,50,5,41,10,18,91,21,127,66,83,73"/><T100/><D114/><U61/><E112/><V110/><F115/><W8/><G127/><T67/><D117/><U94/><E126/><V48/><F116/><W98/><G66/><T57/><D134/><U79/><E109/><V63/><F90/><W125/><G125/><T84/><D78/><U44/><E102/><V30/><F110/><W133/><G133/><T6/><D100/><U33/><E68/><V81/><F30/><W40/><G10/><N who="0" m="4567" /><D20/><U70/><E70/><V93/><F48/><W124/><G23/><T7/><D7/><U36/><E33/><V82/><F9/><W22/><G22/><T13/><D13/><U119/><E119/><V38/><F93/><W97/><G124/><T86/><D46/><U106/><E106/><V11/><F11/><W58/><G73/><T121/><D39/><U29/><E26/><V45/><F77/><W49/><G41/><AGARI ba="0,0" hai="27,28,34,38,41,45,63,64,69,81,82,96,101,107" machi="41" ten="40,2600,0" yaku="25,2" doraHai="123" who="2" fromWho="3" sc="250,0,250,0,250,26,250,-26" /><INIT seed="1,0,0,3,2,66" ten="250,250,276,224" oya="1" hai0="99,68,12,121,114,131,78,71,36,40,72,13,18" hai1="33,96,54,58,47,83,90,135,51,2,104,77,106" hai2="41,14,86,134,32,57,128,49,109,102,28,17,85" hai3="39,27,60,30,23,64,26,82,29,11,97,110,84"/><U37/><E135/><V105/><F134/><W9/><G110/><T5/><D114/><U20/><E33/><V107/><F109/><W124/><G124/><T115/><D115/><U62/><E2/><V15/><F128/><W16/><G39/><T101/><D12/><U67/><E20/><V52/><F41/><W74/><G74/><T42/><D42/><U75/><REACH who="1" step="1"/><E37/><REACH who="1" ten="250,240,276,224" step="2"/><V133/><F32/><W118/><G118/><T117/><D36/><U35/><E35/><V7/><F133/><W119/><G119/><T125/><D117/><U91/><E91/><V19/><F102/><W81/><G9/><T108/><D108/><U46/><E46/><V8/><F8/><W70/><G11/><T4/><D125/><U6/><E6/><V92/><F7/><W56/><G30/><T34/><D4/><U73/><E73/><V65/><F28/><W127/><G127/><T45/><D5/><U3/><E3/><V95/><F19/><W116/><G116/><T79/><D34/><U80/><E80/><V10/><F17/><W120/><G81/><N who="0" m="45255" /><D131/><U123/><E123/><V69/><F10/><W59/><G120/><T55/><D121/><U1/><E1/><V48/><F14/><W98/><G27/><T88/><D88/><U22/><E22/><V93/><F15/><W89/><REACH who="3" step="1"/><G29/><REACH who="3" ten="250,240,276,214" step="2"/><T94/><D13/><U21/><E21/><V31/><F31/><W53/><G53/><T103/><D55/><U126/><E126/><V129/><F52/><W43/><G43/><T111/><D111/><U100/><E100/><N who="0" m="38473" /><D40/><U112/><E112/><V24/><F24/><RYUUKYOKU ba="0,2" sc="250,-15,240,15,276,-15,214,15" hai1="47,51,54,58,62,67,75,77,83,90,96,104,106" hai3="16,23,26,56,59,60,64,70,82,84,89,97,98" /><INIT seed="1,1,2,3,5,64" ten="235,255,261,229" oya="1" hai0="41,88,87,39,83,71,118,70,0,65,126,67,106" hai1="76,62,15,80,31,53,30,26,59,42,102,29,114" hai2="33,101,60,55,116,96,129,57,18,123,120,19,104" hai3="107,54,90,109,25,103,50,98,43,77,131,130,91"/><U36/><E114/><V10/><F116/><W72/><G43/><T47/><D118/><U132/><E132/><V134/><F33/><W13/><G109/><T117/><D117/><U82/><E102/><V74/><F74/><W16/><G25/><T108/><D106/><U135/><E135/><V63/><F134/><W12/><G77/><T6/><D108/><U92/><E92/><V46/><F129/><N who="3" m="49163" /><G72/><T56/><D126/><U28/><E15/><N who="3" m="5706" /><G16/><T38/><D38/><U95/><E95/><V3/><F18/><W75/><G75/><T11/><REACH who="0" step="1"/><D56/><AGARI ba="1,2" hai="50,54,56,90,91,98,103,107" m="5706,49163" machi="56" ten="30,1000,0" yaku="19,1" doraHai="64" who="3" fromWho="0" sc="235,-13,255,0,261,0,229,33" /><INIT seed="2,0,0,0,1,25" ten="222,255,261,262" oya="2" hai0="26,64,60,32,55,30,82,72,98,65,78,36,27" hai1="6,132,58,47,1,106,73,112,2,110,91,9,107" hai2="51,92,80,13,28,15,99,59,10,131,100,14,34" hai3="19,119,18,21,129,126,62,89,50,123,33,127,48"/><V128/><F10/><W133/><G33/><T11/><D36/><U57/><E112/><V122/><F122/><W12/><G123/><T8/><D65/><U118/><E118/><V70/><F70/><W102/><G119/><T7/><D7/><U87/><E73/><V4/><F4/><W116/><G116/><T49/><D98/><U120/><E120/><V105/><F80/><W35/><G35/><T101/><D101/><U23/><E110/><V90/><F51/><W81/><G102/><T38/><D38/><U22/><E132/><V108/><F59/><W86/><G133/><T94/><D94/><U3/><E47/><V77/><F77/><W104/><G104/><T45/><REACH who="0" step="1"/><D26/><REACH who="0" ten="212,255,261,262" step="2"/><U31/><E6/><V0/><F108/><W56/><G127/><T103/><D103/><U37/><E37/><V76/><F0/><W84/><G126/><T96/><D96/><U24/><E3/><V44/><F100/><W63/><G12/><T41/><D41/><U83/><E2/><V5/><F5/><W95/><G95/><T117/><D117/><U93/><E93/><V125/><F125/><W114/><G114/><T79/><D79/><U40/><E40/><V20/><F105/><W46/><G129/><N who="2" m="49737" /><F76/><W124/><G124/><T16/><D16/><U68/><E107/><V88/><F90/><W130/><G130/><T111/><D111/><U115/><E106/><V53/><F53/><W17/><G17/><T97/><D97/><U42/><E115/><V109/><F109/><W74/><G18/><T61/><D61/><U75/><E1/><V85/><F99/><RYUUKYOKU ba="0,1" sc="212,30,255,-10,261,-10,262,-10" hai0="8,11,27,30,32,45,49,55,60,64,72,78,82" /><INIT seed="3,1,1,1,2,23" ten="242,245,251,252" oya="3" hai0="73,90,75,91,115,11,76,31,30,9,16,71,27" hai1="128,77,127,106,97,37,34,45,51,88,60,5,44" hai2="114,95,59,122,20,68,17,121,84,85,126,118,13" hai3="80,61,54,79,66,96,29,81,46,82,94,10,47"/><W72/><G10/><N who="0" m="3595" /><D71/><U7/><E34/><V104/><F114/><W55/><G29/><N who="0" m="10763" /><D76/><U63/><E37/><V92/><F118/><W57/><G72/><T0/><D0/><U41/><E106/><V43/><F104/><W102/><G79/><T67/><D115/><U119/><E119/><V2/><F68/><W52/><AGARI ba="1,1" hai="46,47,52,54,55,57,61,66,80,81,82,94,96,102" machi="52" ten="30,6000,0" yaku="0,1,8,1,54,1" doraHai="23" who="3" fromWho="3" sc="242,-21,245,-21,251,-21,252,73" owari="221,-27.9,224,-17.6,230,3.0,325,42.5" /></mjloggm>