<mjloggm ver="2.3"><GO type="225" lobby="0"/><UN n0="%E3%83%B4%E3%82%A3%E3%83%AF%E3%82%B3%E3%82%B0%E3%83%8B" n1="%E9%80%9F%E6%B0%B4%E5%87%9B%E9%A6%99" n2="%41%54%53%4D" n3="%72%69%6F%75%63%68%61%6E" dan="16,16,16,17" rate="2170.12,2159.44,2137.43,2251.07" sx="M,F,M,M"/><TAIKYOKU oya="0"/><INIT seed="0,0,0,2,3,73" ten="250,250,250,250" oya="0" hai0="14,85,109,18,16,40,57,26,78,120,127,24,99" hai1="71,29,98,52,6,31,104,43,44,3,5,134,68" hai2="49,30,8,113,81,84,20,47,53,10,77,94,131" hai3="83,111,13,0,74,114,112,128,121,1,130,105,51"/><T38/><D120/><U54/><E134/><V66/><F113/><N who="3" m="43627" /><G105/><T90/><D127/><U76/><E98/><V55/><F131/><N who="3" m="50219" /><G51/><T101/><D38/><U21/><E104/><V92/><F66/><W15/><G74/><T117/><D40/><U12/><E3/><N who="3" m="1098" /><G83/><N who="0" m="47351" /><D101/><U133/><E133/><V34/><F34/><W119/><G121/><T110/><D117/><U11/><E5/><V28/><F53/><W59/><G59/><T63/><D90/><U75/><E68/><V86/><F92/><W36/><G36/><T124/><D18/><U100/><E100/><V72/><F72/><W80/><G80/><T39/><D124/><U103/><E71/><V125/><F125/><W70/><G70/><T115/><D39/><U41/><E103/><V91/><REACH who="2" step="1"/><F30/><REACH who="2" ten="250,250,240,250" step="2"/><W118/><G111/><N who="0" m="42507" /><D115/><U27/><E29/><V79/><F79/><W46/><G46/><T23/><D99/><U50/><E76/><V106/><F106/><W25/><G25/><AGARI ba="0,1" hai="8,10,20,25,28,47,49,55,77,81,84,86,91,94" machi="25" ten="40,8000,1" yaku="1,1,8,1,52,1,53,1" doraHai="73" doraHaiUra="19" who="2" fromWho="3" sc="250,0,250,0,240,90,250,-80" /><INIT seed="1,0,0,3,1,76" ten="250,250,330,170" oya="1" hai0="130,9,0,98,61,125,96,67,74,48,79,2,57" hai1="115,24,41,28,53,52,60,7,132,104,105,20,37" hai2="6,40,3,49,121,58,16,72,94,10,32,77,51" hai3="80,36,117,127,134,95,87,102,71,23,69,55,22"/><U113/><E132/><V59/><F121/><W86/><G127/><T92/><D125/><U93/><E7/><V15/><F32/><W66/><G134/><T33/><D33/><U42/><E37/><V30/><F30/><W106/><G117/><T109/><D109/><U122/><E122/><V64/><F94/><W131/><G131/><T19/><D130/><U90/><E115/><V114/><F114/><W103/><G36/><T21/><D48/><U108/><E113/><V29/><F29/><W4/><G106/><T47/><D47/><U35/><E35/><V75/><F75/><W107/><G107/><T91/><D98/><U128/><E128/><V119/><F119/><W39/><G39/><T81/><REACH who="0" step="1"/><D9/><REACH who="0" ten="240,250,330,170" step="2"/><U54/><E108/><V63/><F49/><W44/><G44/><T84/><D84/><U26/><E60/><V38/><F38/><W85/><G85/><T56/><D56/><U129/><E129/><V97/><F51/><W89/><G69/><T62/><D62/><U14/><E105/><V68/><F68/><W50/><G86/><T1/><D1/><U13/><E104/><V46/><F46/><N who="3" m="28119" /><G95/><T12/><AGARI ba="0,1" hai="0,2,12,19,21,57,61,67,74,79,81,91,92,96" machi="12" ten="20,5200,0" yaku="1,1,0,1,7,1,52,1,53,0" doraHai="76" doraHaiUra="83" who="0" fromWho="0" sc="240,62,250,-26,330,-13,170,-13" /><INIT seed="2,0,0,2,5,16" ten="302,224,317,157" oya="2" hai0="135,22,126,76,78,33,77,38,81,103,104,52,105" hai1="58,90,60,13,107,44,121,134,34,29,17,53,18" hai2="106,64,47,54,46,132,51,96,94,118,14,50,75" hai3="39,30,102,124,119,133,72,4,0,83,20,116,114"/><V67/><F75/><W21/><G39/><T65/><D33/><U95/><E107/><V41/><F106/><W23/><G102/><T101/><D38/><U86/><E134/><V80/><F118/><N who="3" m="45099" /><G83/><T10/><D135/><U108/><E108/><V93/><F132/><W9/><G72/><T71/><D126/><U40/><E121/><V59/><F80/><W87/><G87/><T11/><D81/><U85/><E18/><V111/><F111/><W15/><G133/><T112/><D112/><U12/><E12/><V97/><F14/><W115/><G124/><T3/><D3/><U2/><E2/><V31/><F31/><W28/><G0/><T5/><D77/><U25/><E40/><V68/><F68/><W91/><G91/><T120/><D65/><U66/><E44/><V100/><REACH who="2" step="1"/><F47/><REACH who="2" ten="302,224,307,157" step="2"/><W125/><G125/><T73/><D71/><U63/><E13/><V84/><F84/><W48/><G48/><T74/><D105/><U99/><E86/><V61/><F61/><W109/><G109/><T128/><D104/><U43/><E90/><AGARI ba="0,1" hai="41,46,50,51,54,59,64,67,90,93,94,96,97,100" machi="90" ten="30,5800,0" yaku="1,1,7,1,8,1,53,0" doraHai="16" doraHaiUra="79" who="2" fromWho="1" sc="302,0,224,-58,307,68,157,0" /><INIT seed="2,1,0,4,4,62" ten="302,166,375,157" oya="2" hai0="106,126,8,17,130,7,61,53,78,108,30,15,23" hai1="98,125,27,65,71,121,24,122,94,113,2,67,91" hai2="29,127,97,132,86,45,116,109,40,101,44,21,93" hai3="119,104,57,0,115,70,47,102,32,35,12,1,123"/><V10/><F116/><W16/><G119/><T63/><D108/><U39/><E39/><V74/><F74/><W36/><G123/><N who="1" m="47114" /><E71/><V76/><F109/><W18/><G70/><T82/><D130/><U79/><E113/><V99/><F132/><W60/><G115/><T103/><D126/><U46/><E2/><V59/><F127/><W90/><G0/><T4/><D103/><U69/><E69/><V3/><F3/><W22/><G1/><T80/><D106/><U128/><E125/><V5/><F59/><W133/><G133/><T20/><D53/><U96/><E79/><V38/><F44/><W64/><G90/><T134/><D30/><U111/><E111/><V14/><F99/><N who="1" m="37929" /><E46/><V85/><REACH who="2" step="1"/><F76/><REACH who="2" ten="302,166,365,157" step="2"/><W66/><G47/><T56/><D56/><U84/><E128/><V31/><F31/><W58/><G36/><T33/><D78/><U50/><E50/><V54/><F54/><W120/><G120/><T19/><D134/><U112/><E112/><V117/><F117/><W129/><G129/><T88/><D61/><U124/><E124/><V28/><F28/><W110/><G110/><T87/><D63/><U100/><E100/><V92/><F92/><W6/><G57/><T135/><D135/><U49/><E49/><V89/><F89/><W55/><G55/><T43/><D88/><U75/><E75/><V37/><F37/><W9/><G58/><T107/><D107/><U52/><E52/><V83/><F83/><W48/><G60/><T105/><D82/><U77/><E77/><V81/><F81/><W68/><G48/><T42/><D80/><RYUUKYOKU ba="1,1" sc="302,-15,166,15,365,15,157,-15" hai1="24,27,65,67,84,91,94" hai2="5,10,14,21,29,38,40,45,85,86,93,97,101" /><INIT seed="2,2,1,4,4,47" ten="287,181,380,142" oya="2" hai0="1,53,41,83,69,102,44,89,10,28,129,7,72" hai1="120,54,13,134,19,82,49,96,124,132,55,95,14" hai2="130,84,40,48,64,90,118,91,71,63,93,78,39" hai3="94,81,119,43,27,103,85,16,121,60,30,116,107"/><V23/><F118/><W108/><G121/><T133/><D129/><U22/><E124/><V38/><F130/><W100/><G108/><T61/><D133/><N who="1" m="51307" /><E120/><V62/><F78/><W104/><G43/><T32/><D102/><N who="1" m="60703" /><E82/><V21/><F62/><W79/><G60/><T113/><D113/><U125/><E125/><V77/><F77/><W15/><G103/><T66/><D53/><N who="1" m="19979" /><E49/><V114/><F114/><W87/><G119/><T98/><D98/><U31/><E31/><V117/><F117/><W51/><G116/><T110/><D110/><U8/><E8/><V24/><F91/><W109/><G109/><T17/><D89/><U126/><E126/><V86/><F86/><W128/><G128/><T46/><D83/><U18/><E18/><V26/><F21/><N who="3" m="15727" /><G107/><T12/><D72/><U88/><E88/><V80/><F26/><AGARI ba="2,1" hai="13,14,19,22,26" m="19979,60703,51307" machi="26" ten="30,1000,0" yaku="20,1" doraHai="47" who="1" fromWho="2" sc="287,0,181,26,380,-16,142,0" /><INIT seed="3,0,0,0,0,86" ten="287,207,364,142" oya="3" hai0="21,42,29,128,123,91,58,22,54,5,73,71,95" hai1="120,37,7,10,80,134,20,112,115,114,85,52,36" hai2="60,31,124,55,47,116,62,27,72,89,30,104,129" hai3="111,41,97,44,56,32,46,70,106,75,79,94,74"/><W23/><G70/><T0/><D123/><U33/><E33/><V53/><F116/><W103/><G32/><T19/><D73/><U18/><E120/><V135/><F72/><W98/><G111/><T39/><D71/><U26/><E134/><V102/><F104/><W78/><G56/><T122/><D128/><U16/><E18/><V132/><F129/><W14/><G74/><T99/><D0/><U17/><E17/><V107/><F124/><W48/><G75/><T133/><D5/><U65/><E65/><V25/><F102/><W92/><G106/><T88/><D122/><U126/><E126/><V76/><F76/><W45/><G14/><N who="0" m="9463" /><D42/><U64/><E64/><V87/><F107/><W113/><G23/><T61/><D39/><U2/><REACH who="1" step="1"/><E52/><REACH who="1" ten="287,197,364,142" step="2"/><V131/><F53/><W13/><G113/><T83/><D133/><U49/><E49/><N who="2" m="29119" /><F131/><W9/><G48/><T24/><D83/><U109/><E109/><V50/><F50/><W90/><REACH who="3" step="1"/><G41/><REACH who="3" ten="287,197,364,132" step="2"/><T57/><D57/><U43/><E43/><V125/><F135/><W81/><G81/><T68/><D68/><U40/><E40/><V63/><F132/><W96/><G96/><T12/><D54/><U11/><E11/><V101/><F125/><W119/><G119/><T130/><D58/><U77/><AGARI ba="0,2" hai="2,7,10,16,20,26,36,37,77,80,85,112,114,115" machi="77" ten="30,7900,0" yaku="1,1,0,1,54,1,53,1" doraHai="86" doraHaiUra="1" who="1" fromWho="1" sc="287,-20,197,99,364,-20,132,-39" owari="267,-13.3,296,9.6,344,44.4,93,-40.7" /></mjloggm>