<mjloggm ver="2.3"><GO type="225" lobby="0"/><UN n0="%E8%81%B7%E6%A5%AD%E3%80%81%E9%A2%A8%32" n1="%E7%B4%94%E6%BD%94%E3%83%94%E3%83%A9%E3%83%8B%E3%82%A2" n2="%E3%82%82%E3%81%90%E3%82%89" n3="%E3%81%86%E3%83%BC%E3%81%B1%E3%83%BC" dan="16,18,17,16" rate="2129.85,2250.98,2236.77,2144.53" sx="M,M,M,F"/><TAIKYOKU oya="0"/><INIT seed="0,0,0,3,1,12" ten="250,250,250,250" oya="0" hai0="107,39,79,120,121,41,90,110,56,122,119,36,2" hai1="75,125,131,44,70,21,59,133,49,88,83,3,130" hai2="10,78,82,53,9,91,64,96,62,81,94,72,93" hai3="115,106,30,85,61,40,20,47,60,28,101,118,46"/><T18/><D2/><U116/><E70/><V105/><F53/><W4/><G118/><T45/><D119/><U55/><E3/><V74/><F105/><W7/><G115/><T104/><D39/><U23/><E116/><V0/><F0/><W108/><G108/><T65/><D110/><U29/><E125/><V84/><F74/><W128/><G128/><N who="1" m="49194" /><E133/><V80/><F80/><W99/><G85/><T15/><D79/><N who="1" m="44543" /><E29/><V103/><REACH who="2" step="1"/><F82/><REACH who="2" ten="250,250,240,250" step="2"/><W117/><G106/><T19/><D90/><U48/><E88/><V34/><F34/><W58/><G117/><T89/><D89/><U33/><E33/><V17/><F17/><W95/><G101/><T25/><D19/><U71/><E71/><AGARI ba="0,1" hai="9,10,62,64,71,72,78,81,84,91,93,94,96,103" machi="71" ten="30,2000,0" yaku="1,1,7,1,53,0" doraHai="12" doraHaiUra="14" who="2" fromWho="1" sc="250,0,250,-20,240,30,250,0" /><INIT seed="1,0,0,2,2,37" ten="250,230,270,250" oya="1" hai0="24,116,77,115,135,50,10,42,124,134,57,41,112" hai1="22,82,25,119,83,32,64,21,103,26,35,99,34" hai2="46,130,129,36,72,81,16,94,1,93,122,68,39" hai3="27,45,52,128,109,79,91,90,48,59,117,97,126"/><U70/><E119/><V95/><F122/><W65/><G109/><T105/><D105/><U13/><E70/><V58/><F68/><W96/><G128/><N who="2" m="49257" /><F1/><W113/><G113/><T127/><D77/><U106/><E64/><V78/><F58/><N who="3" m="33031" /><G126/><N who="0" m="48171" /><D10/><U73/><E13/><V84/><F72/><W7/><G79/><T87/><D87/><U15/><E15/><V30/><F30/><W132/><G7/><T54/><D24/><U67/><E67/><V80/><F80/><W11/><G11/><T19/><D19/><U2/><E2/><V102/><F102/><W51/><G27/><T114/><D116/><U61/><E61/><V20/><F46/><W31/><G31/><T104/><D104/><U14/><E14/><AGARI ba="0,0" hai="14,16,20,36,39,78,81,84,93,94,95" m="49257" machi="14" ten="30,2000,0" yaku="19,1,54,1" doraHai="37" who="2" fromWho="1" sc="250,0,230,-20,270,20,250,0" /><INIT seed="2,0,0,2,2,67" ten="250,210,290,250" oya="2" hai0="121,72,33,109,73,134,101,60,47,135,115,66,17" hai1="1,91,105,95,113,79,94,107,108,40,30,93,19" hai2="127,133,104,15,3,41,71,39,88,23,80,90,62" hai3="63,16,82,118,129,87,89,50,32,132,43,18,131"/><V110/><F3/><W26/><G132/><N who="0" m="50731" /><D109/><U29/><E108/><V59/><F133/><W24/><G118/><T9/><D121/><U12/><E1/><V6/><F110/><W112/><G112/><T22/><D33/><U76/><E113/><V0/><F104/><W51/><G63/><T64/><D115/><U78/><E40/><V130/><F130/><N who="3" m="49675" /><G43/><T46/><D66/><U13/><E91/><V34/><F34/><W7/><G7/><T114/><D9/><U31/><REACH who="1" step="1"/><E19/><REACH who="1" ten="250,200,290,250" step="2"/><N who="3" m="7210" /><G24/><N who="0" m="14415" /><D114/><U45/><E45/><N who="0" m="16905" /><D101/><U100/><E100/><V58/><F41/><W8/><G8/><T119/><D119/><U14/><AGARI ba="0,1" hai="12,13,14,29,30,31,76,78,79,93,94,95,105,107" machi="14" ten="40,32000,5" yakuman="40" doraHai="67" doraHaiUra="120" who="1" fromWho="1" sc="250,-80,200,330,290,-160,250,-80" /><INIT seed="3,0,0,2,2,69" ten="170,530,130,170" oya="3" hai0="3,72,134,132,135,119,0,15,105,19,14,26,88" hai1="79,38,87,7,52,95,54,23,65,8,51,90,80" hai2="102,68,100,97,21,66,37,24,98,17,82,133,92" hai3="27,117,104,86,4,108,12,89,109,83,16,111,121"/><W123/><G117/><T49/><D72/><U110/><E65/><V36/><F133/><W58/><G104/><T131/><D105/><U126/><E38/><V127/><F127/><W116/><G116/><T124/><D119/><U130/><E126/><V85/><F66/><W20/><G58/><T75/><D75/><U94/><E110/><V67/><F67/><W45/><G45/><T101/><D101/><U57/><E130/><V18/><F68/><W77/><G89/><T46/><D124/><U31/><E54/><V99/><F18/><W47/><G47/><T22/><D88/><U64/><E64/><V32/><F32/><W44/><G44/><T48/><D48/><U122/><E122/><V107/><REACH who="2" step="1"/><F99/><REACH who="2" ten="170,530,120,170" step="2"/><W41/><G41/><N who="0" m="24783" /><D131/><U70/><E70/><V59/><F59/><W43/><G43/><T114/><D132/><U60/><E60/><V9/><F9/><AGARI ba="0,1" hai="4,9,12,16,20,27,77,83,86,108,109,111,121,123" machi="9" ten="40,7700,0" yaku="14,1,10,1,54,1" doraHai="69" who="3" fromWho="2" sc="170,0,530,0,120,-77,170,87" /><INIT seed="3,1,0,0,2,0" ten="170,530,43,257" oya="3" hai0="135,30,89,86,40,98,108,22,17,110,57,134,87" hai1="15,27,103,41,77,14,44,73,133,45,58,48,32" hai2="7,24,68,47,85,8,6,120,42,76,9,75,101" hai3="72,111,100,129,131,16,125,124,80,97,132,117,13"/><W107/><G117/><T49/><D30/><U65/><E103/><V64/><F120/><W34/><G34/><T11/><D11/><U95/><E95/><V12/><F64/><W119/><G119/><T123/><D98/><U20/><E133/><N who="0" m="50697" /><D123/><U122/><E122/><V78/><F68/><W106/><G106/><T94/><D87/><U102/><E32/><V130/><F130/><W105/><G105/><T23/><D23/><U19/><E102/><V59/><F101/><W83/><G132/><T93/><D94/><U35/><E35/><V25/><F59/><W71/><G71/><T18/><D18/><U70/><E70/><V99/><F99/><W91/><G16/><T26/><D40/><U54/><E73/><V79/><F75/><W50/><G97/><T2/><D2/><U62/><E77/><V112/><F112/><W115/><G72/><T88/><D89/><U121/><E121/><V118/><F118/><W63/><G91/><T51/><D51/><AGARI ba="1,0" hai="14,15,19,20,27,41,44,45,48,51,54,58,62,65" machi="51" ten="30,2000,0" yaku="7,1,8,1" doraHai="0" who="1" fromWho="0" sc="170,-23,530,23,43,0,257,0" owari="147,-25.3,553,65.3,43,-45.7,257,5.7" /></mjloggm>