<mjloggm ver="2.3"><GO type="225" lobby="0"/><UN n0="%E3%81%B5%E3%81%98%E3%81%8B%E3%81%A4" n1="%77%72%77%72%77%72%77%72" n2="%33%74%72%65%65" n3="%6B%6F%64%61%6D%61%6E%37" dan="16,17,16,16" rate="2149.10,2154.22,2159.99,2101.71" sx="M,M,F,M"/><TAIKYOKU oya="0"/><INIT seed="0,0,0,2,2,74" ten="250,250,250,250" oya="0" hai0="106,53,116,27,79,85,98,19,4,30,23,107,11" hai1="20,35,119,134,72,135,18,127,87,62,46,1,69" hai2="36,111,31,90,130,49,10,64,112,91,57,39,68" hai3="22,80,24,78,8,70,65,47,67,131,37,54,13"/><T34/><D116/><U102/><E72/><V40/><F112/><W52/><G131/><T45/><D98/><U71/><E119/><V61/><F130/><W88/><G88/><T73/><D73/><U51/><E1/><V123/><F123/><W115/><G115/><T9/><D53/><N who="3" m="20585" /><G47/><T38/><D45/><U42/><E35/><V59/><F90/><W110/><G70/><T33/><D38/><U96/><E87/><V12/><F91/><W105/><G105/><T76/><D34/><U44/><E44/><V32/><F49/><W56/><G56/><T58/><D58/><U17/><E62/><V83/><F40/><W50/><G50/><T94/><D11/><U28/><E127/><V103/><F10/><W55/><G110/><T118/><D118/><U128/><E128/><V99/><F59/><W89/><G89/><N who="0" m="53551" /><D107/><U121/><E121/><V129/><F57/><W41/><G41/><T15/><D106/><N who="1" m="63815" /><E69/><V125/><F129/><W132/><G37/><T114/><D114/><U86/><E86/><V7/><F111/><W2/><G2/><AGARI ba="0,0" hai="2,4,9,15,19,23,27,30,33,76,79" m="53551" machi="2" ten="30,5800,0" yaku="24,1,52,2" doraHai="74" who="0" fromWho="3" sc="250,58,250,0,250,0,250,-58" /><INIT seed="0,1,0,1,3,113" ten="308,250,250,192" oya="0" hai0="53,58,101,115,93,35,110,82,98,109,85,28,42" hai1="95,121,108,51,36,26,96,18,24,62,79,88,134" hai2="111,52,119,60,41,49,15,16,43,116,54,122,126" hai3="57,83,132,30,40,127,9,2,120,69,75,4,37"/><T80/><D115/><U105/><E36/><V66/><F122/><W130/><G120/><T44/><D35/><U64/><E121/><V25/><F25/><W81/><G130/><T19/><D28/><U70/><E108/><N who="0" m="41577" /><D19/><U129/><E129/><V45/><F111/><W94/><G127/><T87/><D87/><U21/><E134/><V68/><F126/><W74/><G132/><T46/><D85/><U23/><E105/><V7/><F7/><W50/><G69/><T99/><D99/><U72/><E51/><V32/><F32/><W65/><G30/><T31/><D31/><U6/><E6/><V107/><F107/><W10/><G75/><T117/><D117/><N who="2" m="45130" /><F43/><W17/><G74/><T12/><D12/><U59/><E70/><V114/><F114/><W89/><G40/><T104/><D104/><U76/><E72/><V78/><F78/><W33/><G33/><T91/><D42/><U34/><E34/><V124/><F124/><W103/><G37/><T86/><D80/><U123/><E123/><V100/><F100/><W131/><G103/><T128/><D128/><U77/><E79/><V39/><F39/><W3/><G131/><T27/><D27/><U8/><E77/><V73/><F73/><W48/><G83/><T63/><AGARI ba="1,0" hai="44,46,53,58,63,82,86,91,93,98,101" m="41577" machi="63" ten="30,3000,0" yaku="14,1,10,1" doraHai="113" who="0" fromWho="0" sc="308,33,250,-11,250,-11,192,-11" /><INIT seed="0,2,0,5,3,30" ten="341,239,239,181" oya="0" hai0="55,50,120,63,54,99,35,71,98,32,16,66,109" hai1="91,94,74,27,33,88,69,77,111,2,133,123,19" hai2="23,20,129,11,127,135,29,62,67,89,86,76,131" hai3="117,58,34,85,22,64,95,90,101,40,87,17,100"/><T38/><D120/><U84/><E123/><V46/><F135/><W132/><G117/><T56/><D38/><U28/><E133/><V121/><F121/><W124/><G132/><T0/><D0/><U60/><E2/><V15/><F76/><W45/><G124/><T105/><D55/><U96/><E111/><V79/><F79/><W118/><G34/><T48/><D48/><U104/><E19/><V44/><F127/><W24/><G118/><T26/><D109/><U59/><E69/><V42/><F29/><W97/><G64/><T31/><D105/><U106/><E77/><V75/><F75/><W57/><G87/><T110/><D110/><U73/><E73/><V41/><F89/><W68/><G68/><T3/><D3/><U43/><E43/><V18/><F86/><W108/><G108/><T107/><D16/><U5/><E5/><V134/><F134/><W92/><REACH who="3" step="1"/><G101/><REACH who="3" ten="341,239,239,171" step="2"/><N who="0" m="62903" /><D99/><U78/><E74/><V82/><F67/><W125/><G125/><T1/><D1/><U83/><E78/><V49/><F131/><W25/><G25/><T39/><D39/><AGARI ba="2,1" hai="17,22,24,39,40,45,57,58,85,90,92,95,97,100" machi="39" ten="30,2000,0" yaku="1,1,7,1,53,0" doraHai="30" doraHaiUra="122" who="3" fromWho="0" sc="341,-26,239,0,239,0,171,36" /><INIT seed="1,0,0,5,1,40" ten="315,239,239,207" oya="1" hai0="102,15,33,78,106,100,10,13,76,20,121,47,96" hai1="85,117,29,95,120,2,79,129,125,26,27,18,49" hai2="122,83,91,127,133,77,128,94,34,111,135,41,107" hai3="9,89,59,93,90,51,99,110,54,36,112,64,39"/><U70/><E117/><V44/><F122/><W119/><G112/><T50/><D121/><U30/><E120/><V8/><F34/><W124/><G119/><T88/><D33/><U116/><E116/><V66/><F107/><W63/><G110/><T0/><D0/><U134/><E2/><V105/><F105/><W86/><G124/><T6/><D102/><U38/><E38/><V118/><F111/><W113/><G113/><T57/><D57/><U101/><E70/><V43/><F43/><W65/><G9/><T109/><D109/><U115/><E125/><V132/><F127/><W11/><G11/><T73/><D73/><U28/><E115/><V71/><F8/><W60/><G60/><T52/><REACH who="0" step="1"/><D88/><REACH who="0" ten="305,239,239,207" step="2"/><N who="1" m="53647" /><E101/><V114/><F114/><W24/><G90/><T32/><D32/><U1/><E1/><V130/><F118/><W31/><G99/><T74/><D74/><U131/><E79/><V82/><F77/><W16/><G31/><T81/><D81/><U84/><E84/><N who="2" m="52583" /><F83/><W103/><G103/><T61/><D61/><U25/><E134/><V87/><F82/><W42/><G63/><T97/><D97/><U69/><E69/><V104/><F87/><W108/><G108/><T35/><D35/><U92/><E92/><V72/><F72/><W80/><G93/><T3/><D3/><U17/><E131/><N who="2" m="50219" /><F104/><W56/><G80/><T5/><D5/><U37/><E129/><V19/><F71/><W55/><G86/><T68/><D68/><U123/><E123/><V58/><F133/><W45/><G89/><T48/><D48/><U21/><E49/><RYUUKYOKU ba="0,1" sc="305,30,239,-10,239,-10,207,-10" hai0="6,10,13,15,20,47,50,52,76,78,96,100,106" /><INIT seed="2,1,1,1,3,56" ten="335,229,229,197" oya="2" hai0="96,117,114,71,11,130,21,37,61,126,110,72,16" hai1="41,36,112,38,121,51,68,63,107,86,73,44,26" hai2="8,54,70,85,89,99,133,132,32,25,13,45,40" hai3="27,75,118,34,17,76,22,28,84,78,55,87,120"/><V131/><F131/><W108/><G120/><T127/><D114/><U95/><E107/><V69/><F99/><W19/><G118/><T109/><D117/><U101/><E73/><V104/><F104/><W1/><G108/><N who="0" m="41579" /><D130/><U18/><E112/><V124/><F124/><W35/><G1/><T102/><D72/><U57/><E68/><V128/><F128/><W129/><G129/><T14/><D37/><U15/><E26/><V65/><F65/><W83/><G34/><T39/><D39/><U125/><E125/><N who="0" m="47625" /><D71/><U115/><E121/><V116/><F116/><W79/><G17/><T80/><D80/><U29/><E29/><V81/><F69/><W123/><G123/><T106/><D61/><U90/><E101/><V12/><F70/><W7/><G7/><T6/><D21/><U82/><E82/><V59/><F32/><W91/><G84/><T10/><D10/><U77/><E115/><V50/><F8/><W60/><G75/><T0/><D0/><U2/><E2/><V47/><F81/><W98/><G35/><T52/><D52/><U4/><E4/><AGARI ba="1,1" hai="4,6,11,14,16,96,102,106" m="47625,41579" machi="4" ten="30,3900,0" yaku="14,1,18,1,54,1" doraHai="56" who="0" fromWho="1" sc="335,52,229,-42,229,0,197,0" /><INIT seed="3,0,0,3,2,3" ten="387,187,229,197" oya="3" hai0="79,69,121,38,95,36,21,101,92,131,63,0,16" hai1="96,2,6,22,29,25,135,94,114,10,53,82,93" hai2="26,15,31,107,34,51,20,54,49,104,128,80,105" hai3="108,88,48,78,45,9,116,103,55,14,123,106,77"/><W113/><G123/><T120/><D0/><U40/><E114/><V30/><F128/><W47/><G113/><T13/><D79/><U134/><E40/><V27/><F15/><W65/><G116/><T59/><D69/><U85/><E53/><V12/><F12/><W117/><G117/><T70/><D70/><U61/><E61/><V72/><F72/><W110/><G65/><T24/><D131/><U7/><E7/><V102/><F80/><W37/><G106/><T28/><D38/><U76/><REACH who="1" step="1"/><E93/><REACH who="1" ten="387,177,229,197" step="2"/><V98/><F51/><N who="3" m="29167" /><G37/><T90/><D36/><U97/><E97/><V118/><F118/><W99/><G99/><N who="0" m="59647" /><D92/><U100/><AGARI ba="0,1" hai="2,6,10,22,25,29,76,82,85,94,96,100,134,135" machi="100" ten="30,4000,0" yaku="1,1,0,1,52,1,53,0" doraHai="3" doraHaiUra="126" who="1" fromWho="1" sc="387,-10,177,50,229,-10,197,-20" owari="377,47.7,227,2.7,219,-18.1,177,-32.3" /></mjloggm>