<mjloggm ver="2.3"><GO type="225" lobby="0"/><UN n0="%E4%BF%BA%E3%81%A8%E5%A6%96%E5%A4%A2" n1="%E3%81%8B%E3%82%8F%E3%81%A1%E3%82%83%E3%82%93%35%38" n2="%4C%4F%4C%49%54%41" n3="%E3%82%BC%E3%83%AB%E3%83%80%E3%81%AE%E4%BC%9D%E8%AA%AC" dan="16,16,16,17" rate="2132.13,2156.25,2171.57,2155.45" sx="F,M,F,M"/><TAIKYOKU oya="0"/><INIT seed="0,0,0,1,3,32" ten="250,250,250,250" oya="0" hai0="30,44,68,50,123,51,83,71,77,27,126,134,86" hai1="72,124,101,46,98,119,42,95,23,62,41,63,3" hai2="74,29,94,112,80,52,54,108,39,14,135,120,78" hai3="15,96,99,65,88,127,102,87,25,104,5,116,10"/><T66/><D123/><U121/><E121/><V133/><F120/><W64/><G127/><T6/><D126/><U56/><E124/><V2/><F112/><W105/><G116/><T128/><D128/><U111/><E111/><V12/><F39/><W53/><G53/><N who="2" m="20585" /><F108/><W9/><G25/><T24/><D134/><N who="2" m="51210" /><F29/><W21/><G21/><T45/><D6/><U129/><E119/><V115/><F115/><W125/><G125/><T58/><D30/><U118/><E118/><V132/><N who="2" m="51218" /><V81/><DORA hai="75" /><F94/><W33/><G33/><T82/><D86/><U122/><E95/><V92/><F92/><W59/><G59/><T19/><D19/><U69/><E56/><V110/><F110/><W113/><G113/><T16/><D16/><U17/><E17/><V47/><F47/><W1/><G99/><T84/><D84/><U37/><E98/><V18/><F81/><W131/><G105/><T90/><D58/><U22/><E46/><V106/><F106/><W97/><G97/><T28/><D28/><U109/><E109/><V79/><F79/><W57/><G57/><T7/><D7/><U38/><E122/><V26/><F2/><W61/><G131/><T40/><D90/><U70/><E129/><V43/><F43/><W55/><G88/><T67/><D40/><U107/><E107/><V103/><F103/><W100/><G100/><T73/><D73/><U91/><E91/><V13/><F26/><W4/><G87/><T20/><D20/><AGARI ba="0,0" hai="12,13,14,18,20,74,78,80" m="51218,20585" machi="20" ten="40,5200,0" yaku="20,1,52,1,54,1" doraHai="32,75" who="2" fromWho="0" sc="250,-52,250,0,250,52,250,0" /><INIT seed="1,0,0,5,1,106" ten="198,250,302,250" oya="1" hai0="13,119,53,59,71,131,62,63,10,9,61,55,88" hai1="43,11,66,26,64,99,85,90,82,35,50,36,33" hai2="45,60,127,22,95,101,135,72,125,100,122,129,31" hai3="116,70,42,25,73,133,96,114,124,38,94,126,123"/><U105/><E36/><V24/><F122/><W120/><G70/><T40/><D119/><U68/><E11/><V6/><F135/><W17/><G42/><T57/><D131/><U128/><E128/><V67/><F129/><W27/><G38/><T56/><D71/><U49/><E43/><V8/><F45/><W83/><G17/><T112/><D112/><U12/><E12/><V76/><F95/><W113/><G25/><T41/><D88/><U34/><E26/><V32/><F32/><W75/><G27/><T28/><D28/><U1/><E1/><V5/><F5/><W109/><G109/><T58/><D58/><U93/><E105/><V30/><F30/><W130/><G130/><T7/><REACH who="0" step="1"/><D10/><REACH who="0" ten="188,250,302,250" step="2"/><U81/><E68/><V110/><F8/><W97/><G116/><T87/><D87/><U37/><E85/><V121/><F100/><W15/><G133/><T79/><D79/><U118/><E118/><V89/><F101/><W19/><G114/><T107/><D107/><U104/><E104/><V44/><F89/><N who="3" m="55375" /><G113/><T23/><D23/><U18/><E34/><V46/><F22/><N who="3" m="11647" /><G97/><T102/><D102/><U80/><E33/><V134/><F134/><W103/><G103/><T132/><D132/><U47/><E35/><V77/><F31/><W91/><G120/><T54/><AGARI ba="0,1" hai="7,9,13,40,41,53,54,55,56,57,59,61,62,63" machi="54" ten="40,12000,2" yaku="1,1,0,1,29,2,8,1,53,1" doraHai="106" doraHaiUra="2" who="0" fromWho="0" sc="188,130,250,-60,302,-30,250,-30" /><INIT seed="2,0,0,0,1,97" ten="318,190,272,220" oya="2" hai0="27,22,114,11,124,127,21,120,57,106,102,59,34" hai1="111,41,126,31,49,79,101,92,135,47,116,98,115" hai2="107,45,67,1,56,39,91,130,78,123,96,113,50" hai3="46,30,74,62,87,61,71,8,7,24,82,4,105"/><V131/><F113/><W80/><G105/><T103/><D114/><U42/><E115/><V0/><F123/><W12/><G71/><T89/><D120/><U44/><E111/><V48/><F78/><W94/><G74/><T72/><D72/><U52/><E116/><V25/><F39/><W66/><G4/><T10/><D106/><U53/><E126/><N who="0" m="48169" /><D34/><U86/><E135/><V19/><F19/><W70/><G61/><T125/><D89/><U121/><E121/><V58/><F25/><W33/><G46/><T133/><D133/><U108/><E108/><V26/><F26/><W93/><REACH who="3" step="1"/><G80/><REACH who="3" ten="318,190,272,210" step="2"/><T23/><D125/><U18/><E31/><V88/><F45/><W29/><G29/><T77/><D27/><U73/><E73/><V64/><F107/><W36/><G36/><T51/><D51/><N who="1" m="28775" /><E18/><V40/><F40/><W85/><G85/><T112/><D112/><U75/><E75/><V83/><F83/><AGARI ba="0,1" hai="41,42,47,49,53,79,83,86,92,98,101" m="28775" machi="83" ten="30,3900,0" yaku="8,1,52,1,54,1" doraHai="97" who="1" fromWho="2" sc="318,0,190,49,272,-39,210,0" /><INIT seed="3,0,0,5,5,36" ten="318,239,233,210" oya="3" hai0="82,77,84,63,40,11,54,41,118,130,46,103,6" hai1="132,20,99,58,124,83,117,51,114,42,101,38,134" hai2="35,17,62,89,111,1,128,67,80,45,21,104,19" hai3="98,60,87,0,2,48,47,109,10,91,18,120,5"/><W52/><G120/><T68/><D118/><U64/><E114/><V59/><F35/><W74/><G74/><T94/><D130/><U71/><E117/><V125/><F1/><W56/><G109/><T3/><D68/><U79/><E124/><V61/><F104/><W25/><G98/><T76/><D76/><U95/><E38/><V85/><F128/><W34/><G34/><T32/><D32/><U49/><E71/><V30/><F125/><W69/><G69/><T29/><D29/><U100/><E100/><V88/><F111/><W43/><G25/><T96/><D63/><N who="1" m="38007" /><E42/><V22/><F62/><W108/><G108/><T119/><D119/><U78/><E20/><N who="2" m="7787" /><F30/><W123/><G18/><N who="2" m="6665" /><F45/><W31/><G31/><T73/><D73/><N who="1" m="43471" /><E79/><AGARI ba="0,0" hai="59,61,67,79,80,85,88,89" m="6665,7787" machi="79" ten="30,2000,0" yaku="8,1,54,1" doraHai="36" who="2" fromWho="1" sc="318,0,239,-20,233,20,210,0" owari="318,41.8,219,-18.1,253,5.3,210,-29.0" /></mjloggm>