<mjloggm ver="2.3"><GO type="225" lobby="0"/><UN n0="%E7%B4%94%E6%BD%94%E3%83%94%E3%83%A9%E3%83%8B%E3%82%A2" n1="%77%72%77%72%77%72%77%72" n2="%E3%82%B2%E3%82%B9%E8%8C%82%E5%8B%9D" n3="%E6%B5%AE%E7%94%9F%E4%B9%8B%E6%A1%9C%E2%98%86" dan="16,16,16,18" rate="2110.66,2237.65,2076.09,2179.37" sx="M,M,F,M"/><TAIKYOKU oya="0"/><INIT seed="0,0,0,4,5,17" ten="250,250,250,250" oya="0" hai0="76,107,125,38,2,122,82,118,57,101,54,134,128" hai1="12,19,41,81,102,23,3,77,9,92,58,14,5" hai2="126,46,123,70,98,44,65,84,132,59,18,129,63" hai3="72,40,108,100,97,83,30,50,53,130,114,127,95"/><T11/><D118/><U25/><E41/><V87/><F123/><W13/><G114/><T16/><D122/><U85/><REACH who="1" step="1"/><E58/><REACH who="1" ten="250,240,250,250" step="2"/><V7/><F59/><W56/><G40/><T88/><D57/><U67/><E67/><V0/><F65/><W37/><G56/><T93/><D54/><U34/><E34/><V112/><F112/><W55/><G53/><T21/><D38/><U79/><E79/><V64/><F64/><W33/><G37/><T80/><D76/><U110/><E110/><V39/><F39/><W119/><G108/><T43/><D43/><U117/><E117/><V96/><F70/><W131/><G119/><T60/><D60/><U22/><E22/><V28/><F63/><W86/><G55/><T109/><D109/><U115/><E115/><V10/><F44/><W78/><G33/><T124/><D11/><U120/><E120/><V103/><F46/><W75/><G50/><T42/><D42/><U133/><E133/><V116/><F132/><W61/><G61/><T27/><D134/><U89/><E89/><V104/><F116/><W135/><G135/><T52/><D52/><U71/><E71/><V121/><F10/><W24/><G78/><T48/><D48/><U105/><E105/><V6/><F104/><W51/><G51/><T94/><D107/><U47/><E47/><V99/><F121/><W73/><G130/><T113/><D128/><U32/><E32/><V36/><F129/><W45/><G131/><T1/><D113/><U31/><E31/><V29/><F28/><W62/><G30/><N who="0" m="17775" /><D88/><U90/><E90/><V111/><F111/><RYUUKYOKU ba="0,1" sc="250,-10,240,30,250,-10,250,-10" hai1="3,5,9,12,14,19,23,25,77,81,85,92,102" /><INIT seed="1,1,1,0,2,34" ten="240,270,240,240" oya="1" hai0="17,82,71,113,22,39,49,7,121,13,132,133,128" hai1="86,69,77,87,20,88,30,116,25,99,109,59,124" hai2="122,75,123,131,89,96,29,70,1,119,11,110,2" hai3="101,21,73,85,134,84,57,72,65,32,36,51,15"/><U52/><E116/><V50/><F119/><W33/><G36/><T63/><D39/><U91/><E69/><V14/><F110/><W79/><G134/><N who="0" m="51819" /><D113/><U37/><E37/><V127/><F70/><W54/><G101/><T8/><D128/><U67/><E109/><V48/><F131/><W55/><G65/><N who="0" m="41407" /><D82/><N who="1" m="47439" /><E124/><V47/><F75/><W90/><G79/><T42/><D42/><U38/><E38/><V115/><F127/><W68/><G68/><T6/><D49/><N who="1" m="31119" /><E99/><V94/><F115/><W81/><G32/><T56/><D56/><U117/><E117/><V3/><F50/><W114/><G33/><T83/><D83/><N who="1" m="49279" /><E91/><V102/><F89/><W129/><G114/><T120/><D120/><U9/><E9/><V58/><F58/><W0/><G129/><T80/><D80/><U112/><E112/><V78/><F78/><W125/><G125/><T66/><D121/><U62/><E62/><V61/><F61/><N who="3" m="36031" /><G84/><T118/><D118/><U19/><E67/><V106/><F106/><W93/><G81/><T31/><D66/><U95/><E95/><V45/><F122/><W10/><G0/><T111/><D111/><U5/><E5/><N who="2" m="3439" /><F123/><W41/><G10/><T12/><D6/><U104/><E104/><V23/><F48/><W105/><G105/><T76/><D76/><U35/><E35/><V74/><F74/><W108/><G108/><T44/><D44/><U135/><E135/><V26/><F45/><N who="3" m="26031" /><G54/><T4/><D7/><U98/><E98/><V27/><F47/><W28/><G73/><T60/><D60/><U46/><E46/><V100/><F100/><RYUUKYOKU ba="1,1" sc="240,10,270,10,240,10,240,-30" hai0="4,8,12,13,17,22,31" hai1="19,20,25,30" hai2="1,2,3,23,26,27,29,94,96,102" /><INIT seed="1,2,1,3,0,65" ten="250,280,250,210" oya="1" hai0="97,100,85,96,37,127,86,41,102,29,88,40,134" hai1="10,55,130,128,51,33,82,78,91,135,87,49,71" hai2="17,69,107,83,81,25,15,53,76,35,46,126,45" hai3="52,64,66,43,95,93,73,74,70,106,58,22,0"/><U114/><E114/><V47/><F126/><W99/><G0/><T112/><D112/><U18/><E33/><V117/><F117/><W28/><G106/><T27/><D127/><U20/><E10/><V2/><F2/><W8/><G43/><N who="0" m="16459" /><D37/><U77/><E135/><V105/><F69/><W50/><G8/><T132/><D86/><U48/><E71/><V61/><F25/><W16/><G28/><T131/><D131/><N who="1" m="50219" /><E55/><V110/><F35/><W5/><G5/><T80/><D134/><U103/><E103/><N who="0" m="39465" /><D132/><U6/><E6/><V124/><F124/><W94/><G99/><T34/><D34/><U11/><E11/><V57/><F110/><W63/><REACH who="3" step="1"/><G66/><REACH who="3" ten="250,280,250,200" step="2"/><T30/><D30/><U119/><E119/><V19/><F105/><W3/><G3/><T60/><D29/><U121/><E121/><V104/><F107/><W23/><G23/><T75/><D97/><U12/><AGARI ba="2,2" hai="12,18,20,48,49,51,77,78,82,87,91" m="50219" machi="12" ten="30,1500,0" yaku="19,1" doraHai="65" who="1" fromWho="1" sc="250,-7,280,41,250,-7,200,-7" /><INIT seed="1,3,0,4,1,74" ten="243,321,243,193" oya="1" hai0="44,51,130,39,42,68,88,119,57,63,91,29,4" hai1="103,102,59,99,33,2,21,1,93,43,98,120,132" hai2="62,69,108,60,49,40,35,32,112,23,17,75,45" hai3="101,19,117,73,64,96,7,81,106,94,67,14,110"/><U53/><E120/><V20/><F112/><W72/><G110/><T90/><D119/><U58/><E33/><V109/><F75/><W5/><G117/><T86/><D130/><U38/><E132/><V61/><F69/><W85/><G72/><T122/><D122/><U133/><E133/><V113/><F113/><W26/><G26/><T89/><D4/><U56/><E21/><V100/><F100/><W127/><G127/><T12/><D12/><U65/><E65/><V70/><F70/><W84/><G84/><T131/><D131/><U24/><E24/><V128/><F128/><W124/><G124/><T116/><D116/><U13/><E13/><V114/><F114/><W78/><G5/><T31/><D39/><U8/><E8/><V121/><F121/><W41/><G41/><T111/><D68/><U9/><E9/><V115/><F115/><W50/><G50/><T83/><D111/><U71/><E71/><V104/><F104/><W118/><G7/><T125/><REACH who="0" step="1"/><D125/><REACH who="0" ten="233,321,243,193" step="2"/><U134/><E134/><V52/><F108/><W126/><G126/><T11/><D11/><U3/><E3/><V107/><F109/><W16/><G118/><T46/><D46/><U25/><E1/><V28/><F45/><W18/><G14/><T22/><D22/><U76/><E2/><V6/><F23/><W92/><REACH who="3" step="1"/><G106/><REACH who="3" ten="233,321,243,183" step="2"/><T123/><D123/><U27/><E38/><V77/><F107/><W48/><G48/><T95/><D95/><U54/><E93/><V34/><F49/><W135/><G135/><T36/><D36/><U0/><E0/><V55/><F6/><RYUUKYOKU ba="3,2" sc="233,15,321,-15,243,-15,183,15" hai0="29,31,42,44,51,57,63,83,86,88,89,90,91" hai3="16,18,19,64,67,73,78,81,85,92,94,96,101" /><INIT seed="2,4,2,0,5,76" ten="248,306,228,198" oya="2" hai0="106,108,74,43,64,47,77,4,27,65,102,135,53" hai1="31,127,3,11,97,114,59,84,134,24,15,130,83" hai2="63,48,117,121,5,33,110,88,39,28,103,23,124" hai3="54,98,96,85,67,35,122,69,79,72,104,17,132"/><V0/><F117/><W70/><G122/><T56/><D108/><U62/><E114/><V16/><F121/><W1/><G1/><T115/><D115/><U80/><E3/><V125/><F39/><W57/><G72/><T25/><D4/><U66/><E130/><V100/><F110/><W107/><G35/><T68/><D102/><U44/><E127/><N who="2" m="48715" /><F63/><W129/><G129/><T41/><D106/><U18/><E134/><V30/><F48/><W32/><G32/><T49/><D135/><U89/><E97/><N who="3" m="37482" /><G104/><T99/><D99/><U22/><E44/><V42/><F42/><W128/><G107/><T87/><D43/><U12/><E15/><N who="2" m="9631" /><F33/><W50/><G69/><T10/><D68/><U45/><E45/><V93/><F5/><W21/><G70/><T101/><D101/><N who="2" m="38986" /><F0/><W118/><G118/><T61/><D10/><U6/><E6/><V38/><F38/><W52/><G128/><T73/><D41/><U95/><AGARI ba="4,2" hai="11,12,18,22,24,31,59,62,66,80,83,84,89,95" machi="95" ten="20,8000,1" yaku="0,1,7,1,8,1,52,2" doraHai="76" who="1" fromWho="1" sc="248,-24,306,112,228,-44,198,-24" /><INIT seed="3,0,0,2,3,11" ten="224,418,184,174" oya="3" hai0="120,1,33,101,82,112,17,117,6,30,13,43,124" hai1="3,63,4,40,86,73,34,70,14,104,23,121,115" hai2="49,133,7,78,66,42,128,22,85,90,123,53,18" hai3="130,65,35,122,98,92,24,83,134,91,67,2,55"/><W103/><G122/><T48/><D124/><U36/><E73/><V125/><F128/><W72/><G2/><T29/><D117/><U37/><E121/><V105/><F105/><W126/><G130/><T84/><D33/><U116/><E104/><V74/><F125/><W21/><G126/><T89/><D1/><U56/><E115/><V131/><F131/><W81/><G35/><T129/><D6/><U93/><E70/><V96/><F96/><W50/><G134/><T118/><D118/><U31/><E40/><V51/><F66/><N who="3" m="25099" /><G91/><T59/><D112/><U119/><E34/><V47/><F133/><W9/><G9/><T57/><D101/><U107/><E23/><V64/><F64/><W135/><G72/><T80/><D80/><U61/><E107/><V44/><F123/><W15/><G135/><T19/><D19/><U39/><E39/><V100/><F100/><W114/><G114/><T97/><D97/><U20/><E36/><V132/><F132/><W38/><G38/><T32/><D32/><U16/><E37/><V27/><F7/><W54/><G15/><T95/><D120/><U113/><E113/><V41/><F74/><W0/><G0/><T28/><D129/><U26/><E3/><V102/><F102/><W52/><G50/><T87/><D87/><U99/><E86/><V68/><F68/><W76/><G76/><T88/><D89/><N who="1" m="55727" /><E4/><V79/><F41/><W69/><G69/><T77/><D77/><U62/><E119/><V46/><F44/><W58/><G58/><T106/><D106/><U111/><E116/><V94/><AGARI ba="0,0" hai="18,22,27,42,46,47,49,51,53,78,79,85,90,94" machi="94" ten="20,5200,0" yaku="5,1,0,1,7,1,8,1" doraHai="11" who="2" fromWho="2" sc="224,-13,418,-13,184,52,174,-26" owari="211,-18.9,405,50.5,236,3.6,148,-35.2" /></mjloggm>