<mjloggm ver="2.3"><GO type="225" lobby="0"/><UN n0="%E4%B8%AD%E5%B9%B4%E3%81%AE%E5%8D%B1%E6%A9%9F" n1="%72%69%6F%75%63%68%61%6E" n2="%4C%4F%4C%49%54%41" n3="%E9%89%A2%E5%B7%BB%E3%82%AC%E3%83%96" dan="16,17,16,16" rate="2156.33,2221.94,2192.41,2066.40" sx="M,M,F,M"/><TAIKYOKU oya="0"/><INIT seed="0,0,0,3,0,80" ten="250,250,250,250" oya="0" hai0="5,126,111,59,116,130,26,24,22,37,65,93,74" hai1="117,23,73,85,60,103,91,108,129,97,118,127,7" hai2="15,92,128,44,72,115,47,19,109,3,38,101,0" hai3="90,98,100,32,79,35,132,75,49,102,77,9,55"/><T40/><D116/><U69/><E73/><V17/><F115/><W105/><G102/><T62/><D74/><U78/><E108/><V88/><F72/><W11/><G132/><T6/><D111/><U31/><E78/><V29/><F109/><W57/><G79/><T134/><D134/><U70/><E127/><V45/><F38/><W119/><G119/><T30/><D126/><U99/><E129/><V124/><F124/><W112/><G112/><T68/><D130/><U67/><E69/><V58/><F128/><W1/><G1/><T14/><D68/><U52/><E99/><V21/><F29/><W133/><G133/><T18/><D18/><U36/><E36/><V4/><F4/><W53/><G11/><T64/><D64/><BYE who="0" /><U89/><E89/><V46/><N who="2" m="11264" /><DORA hai="54" /><V96/><F58/><W125/><G9/><T16/><D16/><U135/><E135/><V43/><F43/><W63/><G90/><T95/><D95/><U41/><E41/><V2/><F2/><W76/><G76/><T27/><D27/><N who="1" m="16895" /><E7/><V121/><F121/><W39/><G39/><T82/><D82/><N who="1" m="49591" /><E52/><V81/><REACH who="2" step="1"/><F19/><REACH who="2" ten="250,250,240,250" step="2"/><W114/><G125/><T66/><D66/><U107/><E117/><V33/><F33/><W50/><G114/><T28/><D28/><U25/><E118/><V87/><AGARI ba="0,1" hai="0,3,15,17,21,81,87,88,92,96,101" m="11264" machi="87" ten="40,8000,1" yaku="1,1,0,1,52,1,54,1,53,0" doraHai="80,54" doraHaiUra="20,113" who="2" fromWho="2" sc="250,-40,250,-20,240,90,250,-20" /><INIT seed="1,0,0,4,5,133" ten="210,230,330,230" oya="1" hai0="91,41,16,57,77,85,84,3,130,100,98,56,55" hai1="52,31,128,34,97,58,126,72,6,18,64,10,125" hai2="116,21,113,79,70,104,86,107,135,120,87,36,83" hai3="76,106,123,54,7,90,49,103,124,27,59,8,92"/><U66/><E128/><V114/><F36/><W74/><G123/><T95/><D95/><U33/><E72/><V30/><F70/><W134/><G134/><T1/><D1/><U19/><E97/><V80/><F135/><W75/><G103/><T115/><D115/><N who="2" m="44042" /><F116/><W109/><G106/><T108/><D108/><U48/><E66/><V25/><F120/><W89/><G109/><T40/><D40/><U93/><E93/><V5/><F5/><W9/><G89/><AGARI ba="0,0" hai="21,25,30,79,80,83,86,87,89,104,107" m="44042" machi="89" ten="30,1000,0" yaku="11,1" doraHai="133" who="2" fromWho="3" sc="210,0,230,0,330,10,230,-10" /><INIT seed="2,0,0,5,1,85" ten="210,230,340,220" oya="2" hai0="20,80,132,68,130,52,76,124,74,43,49,118,96" hai1="39,16,36,48,35,111,21,88,30,77,115,28,47" hai2="67,91,83,37,27,62,101,31,19,13,103,23,64" hai3="87,29,94,10,97,75,119,79,135,59,117,1,125"/><V105/><F37/><W63/><G125/><T33/><D33/><U7/><E115/><V102/><F105/><W22/><G135/><T134/><D134/><U114/><E114/><V51/><F51/><W38/><G75/><T17/><D17/><U120/><E111/><V4/><F4/><W108/><G108/><T12/><D12/><U133/><E133/><V113/><F113/><W107/><G38/><T56/><D56/><U34/><E120/><V126/><F126/><W71/><G71/><T86/><D86/><U116/><E116/><V32/><F67/><W70/><G70/><T9/><D9/><U106/><E106/><V98/><F83/><W122/><G122/><T6/><D6/><U82/><E7/><V46/><F46/><W73/><G10/><T123/><D123/><U3/><E3/><V55/><F55/><W58/><G1/><T50/><D50/><U121/><E121/><V45/><F45/><W112/><G58/><T57/><D57/><U127/><E127/><V42/><F42/><W72/><G72/><T92/><D92/><U66/><E66/><V11/><F32/><N who="1" m="12329" /><E77/><V81/><F64/><N who="3" m="39039" /><G112/><T95/><D95/><U69/><E69/><V0/><F0/><W41/><G41/><T99/><D99/><U5/><E5/><V18/><F98/><W131/><G107/><T44/><D44/><U8/><E36/><V53/><F62/><W129/><G73/><T78/><D78/><U104/><E39/><V84/><F53/><W89/><G117/><T26/><D26/><N who="1" m="14631" /><E104/><V24/><F24/><N who="3" m="16535" /><G119/><T100/><D100/><U14/><E47/><RYUUKYOKU ba="0,0" sc="210,-15,230,-15,340,15,220,15" hai2="11,13,18,19,23,27,31,81,84,91,101,102,103" hai3="79,87,89,94,97,129,131" /><INIT seed="2,1,0,1,0,96" ten="195,215,355,235" oya="2" hai0="18,94,77,6,42,132,80,28,7,0,26,89,19" hai1="88,40,44,135,95,62,102,123,105,75,32,101,106" hai2="131,93,115,31,81,50,64,29,8,2,85,100,24" hai3="16,134,112,14,56,84,83,60,126,45,36,39,73"/><V117/><F115/><W63/><G126/><T17/><D17/><U67/><E32/><V133/><F117/><W99/><G134/><T49/><D49/><U107/><E75/><V9/><F131/><W127/><G127/><T41/><D41/><U128/><E135/><V125/><F125/><W71/><G73/><T4/><D4/><U109/><E109/><V68/><F2/><W21/><G45/><T37/><D37/><U79/><E79/><V114/><F114/><W38/><G71/><UN n0="%E4%B8%AD%E5%B9%B4%E3%81%AE%E5%8D%B1%E6%A9%9F" /><T55/><D42/><U54/><E54/><V53/><F64/><W116/><G116/><T3/><D55/><U10/><E10/><V74/><F68/><W82/><G112/><T69/><D69/><U121/><E128/><V51/><F51/><W90/><G99/><N who="0" m="57807" /><D7/><U111/><E111/><V87/><F74/><W86/><REACH who="3" step="1"/><G56/><REACH who="3" ten="195,215,355,225" step="2"/><T20/><D132/><U70/><E44/><V30/><F133/><W78/><AGARI ba="1,1" hai="14,16,21,36,38,39,60,63,78,82,83,84,86,90" machi="78" ten="30,7900,0" yaku="1,1,2,1,0,1,54,1,53,0" doraHai="96" doraHaiUra="23" who="3" fromWho="3" sc="195,-21,215,-21,355,-40,225,92" /><INIT seed="3,0,0,2,5,92" ten="174,194,315,317" oya="3" hai0="114,81,32,113,124,55,132,125,112,128,36,29,73" hai1="100,26,62,108,91,46,120,117,49,107,67,130,31" hai2="0,54,4,64,47,38,50,5,17,127,15,103,11" hai3="9,20,18,65,102,57,16,68,42,35,40,88,37"/><W41/><G35/><T78/><D36/><U116/><E120/><V60/><F127/><N who="0" m="48714" /><D132/><U95/><E130/><V111/><F111/><W52/><G68/><T77/><D128/><U74/><E74/><V82/><F38/><W72/><G72/><T63/><D32/><U99/><E108/><V30/><F30/><W58/><G102/><T76/><D29/><U53/><E91/><V89/><F103/><W7/><G65/><T21/><D21/><U97/><E99/><V126/><F126/><W1/><G88/><T87/><D73/><U51/><E51/><V75/><F0/><W93/><G93/><T90/><D63/><U48/><E48/><V123/><F123/><W134/><G134/><T101/><D55/><U80/><E80/><V110/><F110/><W79/><G79/><T44/><D44/><U129/><E129/><V3/><F3/><W25/><G58/><T34/><D34/><N who="1" m="20855" /><E95/><V69/><F75/><W45/><G18/><T13/><D13/><U6/><E6/><V27/><F27/><W10/><G10/><T84/><D101/><U109/><E109/><V23/><F23/><W86/><G86/><AGARI ba="0,0" hai="76,77,78,81,84,86,87,90,112,113,114" m="48714" machi="86" ten="40,8000,1" yaku="11,1,18,1,34,2" doraHai="92" who="0" fromWho="3" sc="174,80,194,0,315,0,317,-80" /><AGARI ba="0,0" hai="4,5,11,15,17,47,50,54,60,64,69,82,86,89" machi="86" ten="40,2600,0" yaku="25,2" doraHai="92" who="2" fromWho="3" sc="254,0,194,0,315,26,237,-26" owari="254,5.4,194,-30.6,341,44.1,211,-18.9" /></mjloggm>