<mjloggm ver="2.3"><GO type="225" lobby="0"/><UN n0="%61%69%73%79%6F" n1="%72%61%6B%33" n2="%E6%A1%9C%E8%8A%B1%E9%96%83%E3%80%85" n3="%E9%89%A2%E5%B7%BB%E3%82%AC%E3%83%96" dan="17,18,18,16" rate="2172.04,2246.48,2168.70,2080.49" sx="M,M,M,M"/><TAIKYOKU oya="0"/><INIT seed="0,0,0,0,1,19" ten="250,250,250,250" oya="0" hai0="42,63,114,79,41,106,45,112,98,81,15,133,102" hai1="8,92,74,131,31,5,61,91,123,1,47,82,0" hai2="32,104,73,85,22,51,55,12,21,103,66,60,16" hai3="34,100,110,52,59,2,39,121,29,53,3,4,44"/><T9/><D133/><U88/><E131/><V62/><F73/><W28/><G110/><T72/><D63/><N who="2" m="24106" /><F32/><W90/><G90/><T20/><D20/><U99/><E123/><V96/><F104/><W89/><G89/><T25/><D25/><U78/><E31/><V117/><F117/><W33/><G59/><T14/><D14/><U13/><E47/><N who="2" m="28159" /><F66/><W37/><G44/><T23/><D23/><U65/><REACH who="1" step="1"/><E91/><REACH who="1" ten="250,240,250,250" step="2"/><V125/><F125/><W57/><G121/><T26/><D26/><U36/><E36/><V69/><F69/><AGARI ba="0,1" hai="0,1,5,8,13,61,65,69,74,78,82,88,92,99" machi="69" ten="30,7700,0" yaku="1,1,7,1,54,1,53,1" doraHai="19" doraHaiUra="86" who="1" fromWho="2" sc="250,0,240,87,250,-77,250,0" /><INIT seed="1,0,0,1,4,65" ten="250,327,173,250" oya="1" hai0="70,45,54,103,12,15,20,75,122,0,107,72,105" hai1="23,28,14,3,26,24,130,121,123,100,85,51,33" hai2="9,41,53,37,29,56,21,17,87,48,88,11,64" hai3="36,93,5,128,124,8,6,71,39,96,50,127,118"/><U86/><E130/><V59/><F29/><W131/><G50/><T97/><D0/><U16/><E100/><V73/><F73/><W2/><G5/><T18/><D122/><U108/><E108/><V40/><F37/><N who="3" m="14411" /><G118/><T125/><D125/><N who="3" m="48201" /><G71/><T106/><D70/><U112/><E112/><V19/><F64/><W117/><G117/><T34/><D34/><U77/><E3/><V46/><F59/><W22/><G22/><T99/><D15/><U120/><E77/><V89/><F89/><AGARI ba="0,0" hai="2,6,8,89,93,96,128,131" m="48201,14411" machi="89" ten="30,1000,0" yaku="18,1" doraHai="65" who="3" fromWho="2" sc="250,0,327,0,173,-10,250,10" /><INIT seed="2,0,0,2,5,100" ten="250,327,163,260" oya="2" hai0="29,58,98,42,20,114,80,90,130,118,95,106,127" hai1="72,128,110,70,81,92,31,23,75,53,109,69,59" hai2="47,86,49,48,15,119,96,85,77,2,123,3,134" hai3="55,12,63,94,1,105,135,122,104,78,102,43,131"/><V87/><F119/><W8/><G122/><T93/><D114/><U32/><E32/><V111/><F123/><W133/><G43/><T14/><D118/><U19/><E31/><V35/><F35/><W0/><G78/><T88/><D130/><U11/><E11/><V112/><F112/><W6/><G131/><T66/><D127/><U117/><E92/><V97/><F134/><N who="3" m="51211" /><G94/><T25/><D106/><N who="3" m="41065" /><G102/><T21/><D42/><U9/><E81/><V54/><F77/><W28/><G28/><T121/><D80/><U33/><E72/><V45/><F111/><W17/><G17/><N who="0" m="10295" /><D121/><U10/><E19/><V84/><N who="2" m="21504" /><DORA hai="65" /><V82/><F82/><W40/><G40/><T18/><D18/><U67/><E75/><V24/><F24/><W120/><G120/><T91/><D95/><U57/><E128/><V73/><F73/><W7/><G7/><T79/><D79/><U13/><E110/><V99/><REACH who="2" step="1"/><F15/><REACH who="2" ten="250,327,153,260" step="2"/><W126/><G126/><T52/><D66/><U101/><E67/><V71/><F71/><W30/><G30/><T56/><D56/><AGARI ba="0,1" hai="0,1,6,8,12,55,56,63" m="41065,51211" machi="56" ten="30,7700,0" yaku="20,1,52,3" doraHai="100,65" who="3" fromWho="0" sc="250,-77,327,0,153,0,260,87" /><INIT seed="3,0,0,1,0,22" ten="173,327,153,347" oya="3" hai0="76,122,115,129,105,20,42,14,114,88,40,131,46" hai1="39,134,37,50,83,24,71,107,110,29,79,66,49" hai2="102,133,61,44,1,75,77,97,3,25,109,69,99" hai3="28,132,54,74,73,38,103,94,85,57,9,34,68"/><W96/><G68/><T33/><D122/><U27/><E107/><N who="2" m="63951" /><F99/><W78/><G38/><N who="0" m="21783" /><D33/><U52/><E110/><V87/><F87/><W56/><G56/><T19/><D105/><U63/><E134/><V2/><F109/><W18/><G28/><T0/><D0/><N who="2" m="2" /><V106/><DORA hai="127" /><F133/><W59/><G59/><T101/><D101/><U21/><E27/><V120/><F120/><W17/><G34/><T47/><D76/><U116/><E116/><V13/><F13/><W112/><G85/><T5/><D5/><U45/><E49/><V130/><F130/><N who="0" m="49674" /><D88/><U6/><E6/><V58/><F58/><W72/><G78/><T31/><D31/><U117/><E117/><V98/><F44/><W90/><G132/><T67/><D67/><U55/><E55/><V108/><F108/><W84/><G54/><T60/><D60/><U125/><E125/><V41/><F41/><W10/><G103/><T104/><D104/><U4/><E4/><V7/><F7/><W113/><G96/><T70/><D70/><U32/><E32/><V62/><F62/><W118/><G118/><T48/><AGARI ba="0,0" hai="14,19,20,42,47,48,114,115" m="49674,21783" machi="48" ten="30,7900,0" yaku="19,1,52,3" doraHai="22,127" who="0" fromWho="0" sc="173,79,327,-20,153,-20,347,-39" owari="252,-14.8,307,10.7,133,-36.7,308,40.8" /></mjloggm>