<mjloggm ver="2.3"><GO type="225" lobby="0"/><UN n0="%45%6C%79%73%69%75%6D" n1="%E6%AB%BB%E4%BA%95%E5%A5%8F" n2="%E3%81%8F%E3%82%8A%E3%83%94%E3%83%BC" n3="%E3%83%A1%E3%82%AC%E3%83%87%E3%82%B8" dan="18,17,16,16" rate="2161.88,2191.36,2121.18,2124.78" sx="F,M,M,F"/><TAIKYOKU oya="0"/><INIT seed="0,0,0,2,2,27" ten="250,250,250,250" oya="0" hai0="100,124,24,66,69,104,40,12,96,93,58,63,76" hai1="106,19,64,119,28,7,121,90,67,87,38,20,33" hai2="51,53,14,23,105,89,56,50,128,18,37,114,22" hai3="78,94,43,13,73,31,125,3,91,108,59,72,109"/><T88/><D124/><U110/><E119/><V82/><F128/><W85/><G3/><T97/><D40/><U35/><E121/><V4/><F37/><W123/><G125/><T21/><D76/><U116/><E116/><V30/><F105/><W16/><G123/><T120/><D120/><U107/><E38/><V133/><F133/><W134/><G134/><T48/><D12/><U29/><E7/><V68/><F68/><W10/><G43/><T61/><D48/><U98/><E110/><N who="3" m="42602" /><G78/><T131/><D131/><U26/><E33/><V6/><F51/><W81/><G59/><T1/><D1/><U99/><E106/><V74/><F74/><N who="3" m="28779" /><G31/><N who="1" m="11850" /><E35/><V47/><F56/><W127/><G127/><T122/><D122/><U2/><E107/><V86/><REACH who="2" step="1"/><F114/><REACH who="2" ten="250,250,240,250" step="2"/><W135/><G135/><T115/><D115/><U36/><E36/><V57/><F57/><W111/><G111/><T65/><D58/><U129/><E129/><V11/><F11/><W25/><G25/><AGARI ba="0,1" hai="4,6,14,18,22,23,25,30,47,50,53,82,86,89" machi="25" ten="40,5200,0" yaku="1,1,8,1,52,1,53,0" doraHai="27" doraHaiUra="117" who="2" fromWho="3" sc="250,0,250,0,240,62,250,-52" /><INIT seed="1,0,0,0,5,2" ten="250,250,302,198" oya="1" hai0="130,0,8,20,131,82,63,38,67,120,123,53,19" hai1="124,51,1,33,25,47,11,61,65,3,56,88,87" hai2="119,9,95,102,14,86,48,121,135,35,28,50,80" hai3="4,133,76,105,90,114,60,39,70,41,57,34,6"/><U32/><E124/><V42/><F119/><W37/><G114/><T75/><D53/><U49/><E49/><V18/><F121/><N who="0" m="46666" /><D38/><U85/><E85/><V59/><F135/><W54/><G133/><T126/><D126/><U73/><E73/><V101/><F35/><W107/><G34/><T110/><D110/><U127/><E127/><V13/><F28/><W118/><G76/><N who="0" m="44319" /><D8/><U43/><E25/><V21/><F95/><W84/><G118/><T134/><D0/><U103/><E103/><N who="2" m="39435" /><F59/><W100/><G70/><N who="0" m="42367" /><D134/><U93/><REACH who="1" step="1"/><E1/><REACH who="1" ten="250,240,302,198" step="2"/><V128/><F50/><W129/><G39/><T72/><D72/><U17/><E17/><V10/><F18/><W79/><G37/><T83/><D83/><U113/><E113/><V96/><F80/><W115/><G115/><T15/><AGARI ba="0,1" hai="15,19,20,130,131" m="42367,44319,46666" machi="15" ten="30,1100,0" yaku="13,1" doraHai="2" who="0" fromWho="0" sc="250,21,240,-5,302,-3,198,-3" /><INIT seed="2,0,0,0,0,19" ten="271,235,299,195" oya="2" hai0="95,33,82,125,53,5,112,131,35,60,94,117,128" hai1="63,9,97,87,17,133,68,135,132,88,90,119,108" hai2="77,113,80,40,70,107,54,29,102,8,38,71,47" hai3="81,14,46,99,42,3,123,116,93,89,30,50,74"/><V96/><F113/><W118/><G3/><T2/><D112/><U76/><E119/><V51/><F29/><W109/><G123/><T92/><D117/><U15/><E108/><V34/><F34/><W18/><G109/><T110/><D110/><U64/><REACH who="1" step="1"/><E97/><REACH who="1" ten="271,225,299,195" step="2"/><V58/><REACH who="2" step="1"/><F8/><REACH who="2" ten="271,225,289,195" step="2"/><W48/><G118/><T114/><D114/><U130/><E130/><V122/><F122/><W31/><G116/><T21/><D128/><U28/><E28/><V65/><F65/><W39/><G31/><T1/><D131/><U85/><E85/><AGARI ba="0,2" hai="38,40,47,51,54,58,70,71,77,80,85,96,102,107" machi="85" ten="30,2900,0" yaku="1,1,7,1,53,0" doraHai="19" doraHaiUra="84" who="2" fromWho="1" sc="271,0,225,-29,289,49,195,0" /><INIT seed="2,1,0,2,4,3" ten="271,196,338,195" oya="2" hai0="102,88,9,124,35,2,44,127,97,67,132,17,84" hai1="101,11,93,36,65,69,73,119,7,126,4,51,107" hai2="111,37,71,99,58,45,18,54,48,83,77,116,21" hai3="25,113,94,32,23,98,105,49,16,75,41,85,86"/><V81/><F116/><W112/><G75/><T39/><D35/><U121/><E119/><V43/><F111/><W103/><G32/><T123/><D67/><U108/><E36/><V42/><F42/><W40/><G40/><T125/><D123/><U57/><E108/><V109/><F109/><W12/><G25/><T70/><D70/><U87/><E121/><V64/><F99/><W13/><G13/><N who="0" m="7343" /><D2/><U60/><E73/><V29/><F29/><W115/><REACH who="3" step="1"/><G105/><REACH who="3" ten="271,196,338,185" step="2"/><T27/><D27/><U100/><E107/><V30/><F43/><W104/><G104/><T46/><D39/><U68/><E126/><V117/><F117/><W38/><G38/><T53/><D127/><U26/><E26/><V129/><F37/><W20/><G20/><T62/><D125/><U52/><E68/><V79/><F21/><W118/><G118/><T92/><D124/><U5/><REACH who="1" step="1"/><E11/><REACH who="1" ten="271,186,338,185" step="2"/><V63/><F71/><W110/><G110/><T24/><D24/><U19/><E19/><V90/><F18/><W55/><G55/><T33/><D53/><U28/><E28/><V14/><F30/><W72/><G72/><T128/><D33/><U22/><E22/><V66/><F54/><W120/><G120/><T61/><D128/><U15/><E15/><V78/><F14/><W6/><G6/><T74/><D74/><U76/><E76/><V50/><F79/><W82/><G82/><T131/><D131/><U1/><E1/><V34/><F83/><W133/><G133/><T106/><D132/><U122/><E122/><V8/><F81/><W130/><G130/><T89/><D106/><RYUUKYOKU ba="1,2" sc="271,-15,186,15,338,-15,185,15" hai1="4,5,7,51,52,57,60,65,69,87,93,100,101" hai3="12,16,23,41,49,85,86,94,98,103,112,113,115" /><INIT seed="3,2,2,4,0,30" ten="256,201,323,200" oya="3" hai0="14,17,29,121,60,16,111,67,80,108,66,93,79" hai1="85,38,24,72,82,26,37,12,87,84,123,18,73" hai2="2,61,122,128,36,76,129,52,64,97,47,127,15" hai3="42,126,33,117,62,46,13,63,75,99,83,58,131"/><W88/><G117/><T105/><D105/><U96/><E123/><V118/><F118/><W70/><G33/><T53/><D121/><U57/><E73/><V113/><F2/><W69/><G126/><T107/><D107/><U102/><E72/><V1/><F1/><W7/><G131/><T4/><D93/><N who="1" m="58639" /><E38/><V31/><F15/><W92/><G63/><T71/><D29/><U100/><E37/><V109/><F97/><W54/><G7/><T77/><D66/><U86/><E100/><V27/><F27/><N who="1" m="10281" /><E57/><V51/><F64/><W134/><G13/><T44/><D14/><U45/><E45/><V49/><F47/><W65/><G65/><T9/><D44/><U20/><E85/><V132/><F31/><W130/><G130/><T56/><D60/><U34/><E34/><V19/><F36/><W78/><REACH who="3" step="1"/><G134/><REACH who="3" ten="256,201,323,190" step="2"/><T28/><D4/><U39/><E39/><AGARI ba="2,3" hai="39,42,46,54,58,62,69,70,75,78,83,88,92,99" machi="39" ten="30,12000,1" yaku="1,1,2,1,7,1,54,1,53,1" doraHai="30" doraHaiUra="104" who="3" fromWho="1" sc="256,0,201,-126,323,0,190,156" owari="256,-14.4,75,-42.5,323,12.3,346,44.6" /></mjloggm>