<mjloggm ver="2.3"><GO type="225" lobby="0"/><UN n0="%72%65%6E%6B%75%6E" n1="%E7%B4%94%E6%BD%94%E3%83%94%E3%83%A9%E3%83%8B%E3%82%A2" n2="%E3%81%A9%E3%82%8F%E3%82%93%E3%81%94" n3="%77%72%77%72%77%72%77%72" dan="17,16,16,16" rate="2215.76,2146.10,2108.58,2247.11" sx="M,M,M,M"/><TAIKYOKU oya="0"/><INIT seed="0,0,0,3,5,96" ten="250,250,250,250" oya="0" hai0="80,132,84,21,35,88,63,28,33,110,127,61,111" hai1="91,53,57,73,90,22,41,112,54,117,114,125,49" hai2="30,20,107,66,39,0,32,78,18,40,87,12,69" hai3="45,121,50,26,59,68,38,133,52,120,8,46,37"/><T1/><D1/><U126/><E73/><V36/><F107/><W135/><G26/><N who="0" m="16463" /><D132/><N who="3" m="50761" /><G68/><T64/><D127/><N who="1" m="48651" /><E117/><V98/><F98/><W2/><G8/><T77/><D77/><U24/><E41/><V14/><F0/><W47/><G2/><T108/><D63/><U42/><E42/><V19/><F40/><W17/><G17/><T100/><D100/><U101/><E101/><V95/><F30/><W123/><AGARI ba="0,0" hai="37,38,45,46,47,50,52,59,120,121,123" m="50761" machi="123" ten="40,8000,1" yaku="13,1,20,1,34,2,54,1" doraHai="96" who="3" fromWho="3" sc="250,-40,250,-20,250,-20,250,80" /><INIT seed="1,0,0,5,0,82" ten="210,230,230,330" oya="1" hai0="125,61,85,43,123,77,5,4,10,25,44,51,91" hai1="134,87,83,93,52,90,66,27,53,42,26,39,116" hai2="128,101,47,86,18,88,110,54,79,126,102,16,103" hai3="92,13,57,56,64,6,72,112,63,50,117,119,55"/><U23/><E116/><N who="3" m="44618" /><G112/><T81/><D125/><U80/><E134/><V104/><F110/><W48/><G72/><T73/><D123/><U45/><E26/><V131/><F126/><W24/><G24/><T96/><D96/><U31/><E66/><V120/><F79/><W129/><G129/><N who="2" m="49737" /><F104/><W62/><G92/><T114/><D114/><U60/><E60/><V107/><F107/><W108/><G108/><T40/><D25/><U0/><E0/><V20/><F120/><W70/><G6/><T58/><D40/><U9/><E9/><V65/><F20/><W28/><G28/><T8/><D8/><U46/><E46/><V89/><F65/><N who="3" m="39111" /><G13/><T76/><D73/><U12/><E12/><V11/><F11/><W135/><G135/><T100/><D100/><U37/><E39/><V71/><F71/><W15/><G15/><N who="0" m="5575" /><D5/><U22/><E23/><V122/><F122/><W121/><G121/><T34/><D34/><U1/><E1/><V38/><F103/><W29/><G29/><T75/><D75/><U17/><E31/><V36/><F102/><W35/><G35/><T105/><D105/><U111/><E111/><V113/><F101/><W99/><G99/><T3/><D3/><U106/><E106/><V78/><F113/><W19/><G19/><T33/><D33/><U124/><E124/><V67/><F18/><W84/><G70/><T30/><D30/><U94/><E94/><V115/><F16/><W97/><G97/><T21/><D21/><U69/><E69/><V133/><F133/><W95/><G64/><AGARI ba="0,0" hai="43,44,51,58,61,64,76,77,81,85,91" m="5575" machi="64" ten="30,2000,0" yaku="8,1,52,1" doraHai="82" who="0" fromWho="3" sc="210,20,230,0,230,0,330,-20" /><INIT seed="2,0,0,2,3,66" ten="230,230,230,310" oya="2" hai0="67,19,35,9,82,89,18,118,109,3,13,39,41" hai1="20,129,75,63,123,0,31,26,74,33,58,70,84" hai2="57,80,131,51,56,38,48,47,73,60,46,52,34" hai3="42,65,135,32,99,37,45,111,24,7,81,1,91"/><V53/><F34/><W71/><G111/><T62/><D109/><U72/><E0/><V64/><F73/><W106/><G135/><T113/><D113/><U110/><E110/><V130/><F80/><W85/><G7/><T29/><D118/><U30/><E123/><V36/><F64/><W114/><G1/><T6/><D39/><U12/><E129/><V61/><AGARI ba="0,0" hai="36,38,46,47,48,51,52,53,56,57,60,61,130,131" machi="61" ten="25,18000,2" yaku="0,1,22,2,34,3,54,1" doraHai="66" who="2" fromWho="2" sc="230,-60,230,-60,230,180,310,-60" /><INIT seed="2,1,0,1,3,133" ten="170,170,410,250" oya="2" hai0="118,93,115,37,14,31,49,48,15,123,96,3,74" hai1="111,35,128,21,73,69,8,83,121,46,76,79,127" hai2="59,71,107,7,30,70,78,9,13,68,101,112,4" hai3="22,67,16,66,98,56,75,39,0,90,26,40,85"/><V81/><F112/><W18/><G75/><T38/><D3/><U52/><E35/><V25/><F107/><W82/><G0/><T1/><D1/><U99/><E69/><V47/><F101/><W109/><G109/><T50/><D115/><U97/><E111/><V125/><F47/><W54/><G40/><T129/><D74/><U28/><E128/><V29/><F59/><W65/><G39/><T86/><D123/><U77/><E121/><V108/><F108/><W89/><G18/><T51/><D129/><U87/><E8/><V55/><F55/><W61/><G67/><T119/><N who="0" m="12288" /><DORA hai="53" /><T36/><D86/><U131/><E52/><V64/><F7/><W95/><AGARI ba="1,0" hai="16,22,26,54,56,61,65,66,82,85,89,90,95,98" machi="95" ten="30,12000,2" yaku="0,1,25,2,8,1,52,1,54,1" doraHai="133,53" who="3" fromWho="3" sc="170,-31,170,-31,410,-61,250,123" /><INIT seed="3,0,0,5,1,72" ten="139,139,349,373" oya="3" hai0="21,117,88,82,37,81,89,114,45,86,84,3,44" hai1="2,90,31,15,64,20,48,61,96,30,116,73,110" hai2="46,119,18,108,95,67,51,62,129,103,7,124,131" hai3="26,135,13,52,133,70,109,127,29,75,38,14,47"/><W50/><G109/><T49/><D117/><U107/><E2/><V69/><F119/><W74/><G70/><T91/><D3/><U115/><E115/><V112/><F7/><W19/><G38/><T83/><D114/><U16/><E116/><V102/><F112/><W80/><G13/><T94/><D37/><U11/><E110/><V99/><F108/><W57/><G57/><T128/><D128/><U120/><E120/><V97/><F18/><W54/><G54/><N who="0" m="29991" /><D45/><U125/><E125/><V0/><F0/><W35/><G80/><N who="0" m="49159" /><D21/><U100/><E73/><V24/><F24/><W23/><G127/><T42/><D42/><U60/><E48/><V134/><F134/><AGARI ba="0,0" hai="14,19,23,26,29,35,47,50,52,74,75,133,134,135" machi="134" ten="40,3900,0" yaku="20,1,54,1" doraHai="72" who="3" fromWho="2" sc="139,0,139,0,349,-39,373,39" owari="139,-26.1,139,-36.1,310,11.0,412,51.2" /></mjloggm>