<mjloggm ver="2.3"><GO type="225" lobby="0"/><UN n0="%E3%81%BF%E3%81%BF%E3%81%9A" n1="%E8%B6%85%E7%B4%9A%E9%B3%B3%E5%87%B0" n2="%72%65%6E%6B%75%6E" n3="%E3%81%86%E3%81%A9%E3%82%93%E3%81%93" dan="17,17,17,16" rate="2245.08,2209.09,2219.11,2179.95" sx="M,M,M,M"/><TAIKYOKU oya="0"/><INIT seed="0,0,0,0,4,19" ten="250,250,250,250" oya="0" hai0="27,9,123,122,79,80,88,124,52,20,14,35,110" hai1="60,11,2,130,69,126,89,114,32,86,120,59,82" hai2="70,71,51,54,115,45,93,55,118,37,4,30,101" hai3="116,28,36,100,63,77,42,57,99,97,91,67,23"/><T7/><D35/><U131/><E120/><V16/><F115/><W106/><G116/><T38/><D38/><U68/><E32/><V72/><F72/><W1/><G1/><T127/><D110/><U33/><E33/><V75/><F75/><W34/><G34/><T117/><D117/><U29/><E29/><V109/><F30/><W78/><G36/><T104/><D104/><U39/><E39/><V105/><F105/><W83/><G42/><T111/><D111/><U25/><E25/><V98/><F4/><W40/><G40/><T8/><D8/><U135/><E114/><V31/><F31/><W18/><G28/><N who="0" m="17511" /><D52/><N who="1" m="33895" /><E126/><N who="0" m="48169" /><D123/><U84/><E135/><V85/><F109/><W3/><G3/><T90/><D122/><U0/><E11/><V17/><F55/><W44/><G44/><T5/><D5/><U24/><E24/><V96/><F37/><W53/><G67/><T49/><D49/><U47/><E47/><V10/><F10/><W81/><G81/><T133/><D133/><U121/><E121/><V134/><F134/><W103/><G83/><T74/><AGARI ba="0,0" hai="7,9,14,74,79,80,88,90" m="48169,17511" machi="74" ten="30,6000,0" yaku="18,1,52,1,54,1" doraHai="19" who="0" fromWho="0" sc="250,60,250,-20,250,-20,250,-20" /><INIT seed="0,1,0,2,4,92" ten="310,230,230,230" oya="0" hai0="2,119,74,47,81,114,72,101,38,28,37,68,82" hai1="34,87,91,102,25,55,79,134,54,19,104,73,20" hai2="89,65,90,4,3,67,78,122,80,126,44,14,130" hai3="106,120,71,35,12,46,24,6,51,59,121,26,110"/><T50/><D114/><U29/><E134/><V32/><F32/><W85/><G71/><T117/><D2/><U66/><E66/><V86/><F122/><N who="3" m="47211" /><G106/><T83/><D68/><U127/><E127/><V5/><F3/><W58/><G110/><T75/><D28/><U107/><E79/><V118/><F118/><W13/><G85/><T64/><D64/><N who="2" m="24650" /><F126/><W132/><G132/><T125/><D125/><U17/><E73/><V27/><F130/><W93/><G93/><T41/><REACH who="0" step="1"/><D101/><REACH who="0" ten="300,230,230,230" step="2"/><U113/><E102/><V61/><F89/><W103/><G103/><T105/><D105/><U22/><E113/><V49/><F90/><W11/><G13/><T39/><AGARI ba="1,1" hai="37,38,39,41,47,50,72,74,75,81,82,83,117,119" machi="39" ten="50,18000,2" yaku="1,1,0,1,29,2,53,3" doraHai="92" doraHaiUra="76" who="0" fromWho="0" sc="300,193,230,-61,230,-61,230,-61" /><INIT seed="0,2,0,2,4,97" ten="493,169,169,169" oya="0" hai0="98,113,65,104,64,48,114,131,83,80,5,7,112" hai1="94,40,103,6,26,119,42,13,11,107,109,132,21" hai2="81,3,134,60,125,18,2,129,89,46,77,17,105" hai3="14,124,57,37,120,86,29,33,78,51,96,106,53"/><T91/><D48/><U9/><E119/><V30/><F105/><W58/><G37/><T39/><D39/><U27/><E109/><V69/><F30/><W16/><G120/><T45/><D45/><U44/><E132/><V35/><F35/><W108/><G108/><T76/><D131/><U32/><E32/><V68/><F46/><W135/><G135/><T74/><D91/><U66/><E107/><V116/><F89/><W93/><G106/><T88/><D64/><U19/><E66/><V73/><F134/><W130/><G130/><T72/><D65/><U63/><E63/><V118/><F60/><W24/><G124/><T47/><D47/><U92/><E26/><V43/><F43/><W82/><G57/><T87/><D5/><U70/><E70/><N who="2" m="27243" /><F129/><W123/><G123/><T1/><D7/><U56/><E56/><V8/><F125/><W23/><G93/><T41/><D1/><N who="2" m="10" /><F8/><W133/><G96/><T115/><D41/><U20/><E42/><V59/><F59/><W10/><REACH who="3" step="1"/><G133/><REACH who="3" ten="493,169,169,159" step="2"/><T15/><D113/><U85/><E40/><V90/><F118/><W121/><G121/><T101/><D15/><U79/><E44/><V12/><F116/><W95/><G95/><T52/><D52/><U31/><E94/><V38/><F38/><W122/><G122/><T100/><D100/><U110/><E110/><V25/><F12/><W128/><G128/><T75/><AGARI ba="2,1" hai="72,74,75,76,80,83,87,88,98,101,104,112,114,115" machi="75" ten="40,18000,2" yaku="0,1,34,3,52,1,54,1" doraHai="97" who="0" fromWho="0" sc="493,196,169,-62,169,-62,159,-62" /><INIT seed="0,3,0,5,2,106" ten="689,107,107,97" oya="0" hai0="90,118,5,27,128,84,59,123,122,2,81,55,112" hai1="78,97,134,4,1,13,28,95,24,21,121,129,96" hai2="76,45,49,82,39,32,85,47,18,25,64,51,29" hai3="23,42,63,10,74,7,40,48,37,8,60,132,105"/><T69/><D112/><U53/><E121/><V57/><F18/><W100/><G37/><T89/><D118/><U14/><E129/><V52/><F64/><W17/><G132/><T67/><D128/><U114/><E134/><V103/><F39/><W66/><G74/><T43/><D43/><U44/><E114/><V133/><F133/><W93/><G105/><T126/><D126/><U110/><E110/><V102/><REACH who="2" step="1"/><F57/><REACH who="2" ten="689,107,97,97" step="2"/><W30/><G30/><T15/><D59/><U22/><E28/><V0/><F0/><W79/><G66/><T131/><D67/><U108/><E1/><V50/><F50/><W26/><G48/><T12/><D2/><U101/><E108/><V88/><F88/><W91/><G100/><T11/><D89/><U83/><E101/><V92/><F92/><W41/><G79/><T113/><D90/><U125/><E78/><V75/><F75/><W107/><G107/><T104/><D113/><U135/><E95/><V127/><F127/><W120/><G120/><T70/><D104/><U35/><E125/><V54/><AGARI ba="3,1" hai="25,29,32,45,47,49,51,52,54,76,82,85,102,103" machi="54" ten="20,12000,2" yaku="1,1,0,1,7,1,9,1,54,1,53,1" doraHai="106" doraHaiUra="31" who="2" fromWho="2" sc="689,-63,107,-33,97,139,97,-33" /><INIT seed="1,0,0,0,0,25" ten="626,74,236,64" oya="1" hai0="37,7,94,77,117,60,55,98,100,0,89,21,131" hai1="31,112,56,13,78,75,80,28,63,10,113,128,64" hai2="125,66,118,102,30,44,119,16,130,124,1,36,114" hai3="17,101,103,52,53,116,39,40,38,43,83,104,61"/><U99/><E128/><V96/><F1/><W49/><G104/><T110/><D117/><N who="2" m="44554" /><F66/><W35/><G35/><T133/><D37/><N who="3" m="13833" /><G83/><T91/><D110/><U57/><E57/><V45/><F130/><W23/><G17/><T5/><D133/><U42/><E42/><N who="3" m="15914" /><G23/><T95/><D77/><U41/><E41/><V76/><F76/><W50/><G61/><T87/><D131/><U2/><E2/><V48/><F114/><W19/><G19/><T84/><D0/><U73/><E73/><V68/><F30/><W123/><G123/><T32/><D32/><U70/><E70/><V12/><F68/><W74/><G74/><T85/><D21/><U90/><E112/><V29/><F29/><W8/><G8/><T134/><D134/><U86/><E113/><V93/><F36/><W3/><G3/><T106/><D85/><U97/><E97/><V72/><F72/><W22/><G22/><T4/><D60/><U115/><E115/><V47/><F16/><W135/><G135/><T82/><D82/><U127/><E99/><V69/><F69/><W26/><G26/><T120/><D120/><U6/><E127/><N who="2" m="48715" /><F12/><W129/><G129/><T107/><D106/><U62/><E62/><V81/><F81/><AGARI ba="0,0" hai="6,10,13,28,31,56,63,64,75,78,80,81,86,90" machi="81" ten="30,5800,0" yaku="7,1,52,2" doraHai="25" who="1" fromWho="2" sc="626,0,74,58,236,-58,64,0" /><INIT seed="1,1,0,2,4,79" ten="626,132,178,64" oya="1" hai0="54,43,133,66,59,125,98,95,16,11,53,110,106" hai1="9,132,21,104,49,23,17,107,80,8,44,35,83" hai2="96,135,114,93,29,92,26,86,60,122,97,105,0" hai3="85,42,129,32,30,126,39,51,5,20,90,78,113"/><U13/><E35/><V61/><F0/><W1/><G113/><T18/><D106/><U134/><E21/><N who="2" m="15567" /><F122/><W120/><G120/><T46/><D110/><U41/><E104/><V38/><F38/><W45/><G129/><T12/><D125/><U128/><E107/><V4/><F114/><W48/><G126/><T3/><D133/><N who="1" m="51307" /><E128/><V69/><F69/><W25/><G78/><T52/><D3/><U64/><E64/><V15/><F105/><W63/><G32/><T119/><D119/><U84/><E84/><V82/><F135/><W7/><G63/><N who="2" m="24137" /><F15/><W112/><G112/><T2/><D2/><U68/><E68/><V109/><F4/><W115/><G115/><T50/><D66/><U55/><E41/><V40/><F40/><W58/><G1/><T108/><D108/><U88/><E88/><N who="2" m="51287" /><F109/><W74/><G74/><T19/><D59/><U76/><E76/><V116/><F116/><W102/><G39/><T37/><D37/><U94/><E94/><AGARI ba="1,0" hai="92,93,94,96,97" m="51287,24137,15567" machi="94" ten="30,3900,0" yaku="8,1,52,1,54,1" doraHai="79" who="2" fromWho="1" sc="626,0,132,-42,178,42,64,0" /><INIT seed="2,0,0,4,5,78" ten="626,90,220,64" oya="2" hai0="14,80,133,121,74,38,103,54,4,5,120,55,96" hai1="29,116,8,65,41,102,89,83,61,19,62,49,37" hai2="67,1,71,127,117,131,135,53,24,108,60,6,68" hai3="124,23,72,75,27,12,66,43,57,118,16,47,32"/><V132/><F24/><W79/><G118/><T98/><D38/><U50/><E116/><V42/><F6/><W73/><G124/><T2/><D14/><U122/><E122/><V113/><F1/><W39/><G66/><T18/><D133/><N who="2" m="51274" /><F117/><W46/><G57/><T84/><D84/><U10/><E102/><V63/><F113/><W109/><G109/><T17/><D103/><U110/><E110/><V34/><F34/><W82/><REACH who="3" step="1"/><G47/><REACH who="3" ten="626,90,220,54" step="2"/><T95/><D2/><U126/><E65/><V99/><F67/><W130/><G130/><T59/><D59/><U31/><E126/><V58/><F58/><W134/><G134/><T81/><D95/><U28/><E61/><V40/><F68/><W119/><G119/><T20/><D20/><U86/><E62/><V94/><F63/><W36/><G36/><T13/><D13/><U70/><E70/><V9/><F60/><W114/><G114/><T45/><D45/><U87/><E37/><V104/><F71/><W56/><G56/><T115/><D115/><U107/><E107/><V15/><F104/><W76/><G76/><T77/><D77/><U44/><E44/><V97/><F108/><W35/><G35/><T93/><D93/><U100/><E49/><V22/><F94/><W52/><G52/><T3/><D3/><U101/><E50/><V21/><F53/><W105/><G105/><T92/><D92/><U25/><E89/><V85/><F131/><W90/><G90/><T33/><D33/><U106/><E101/><V129/><F127/><W30/><AGARI ba="0,1" hai="12,16,23,27,30,32,39,43,46,72,73,75,79,82" machi="30" ten="30,7900,0" yaku="1,1,0,1,52,1,54,1,53,0" doraHai="78" doraHaiUra="125" who="3" fromWho="3" sc="626,-20,90,-20,220,-39,54,89" /><INIT seed="3,0,0,0,0,77" ten="606,70,181,143" oya="3" hai0="83,133,31,92,132,18,30,72,39,40,93,53,74" hai1="25,14,86,66,124,5,10,79,80,32,29,87,115" hai2="75,65,13,126,56,110,99,7,113,69,35,103,125" hai3="89,109,101,60,104,131,107,106,59,108,127,121,73"/><W21/><G121/><T122/><D122/><U2/><E115/><V134/><F113/><W120/><G120/><T85/><D53/><U98/><E124/><V41/><F35/><W82/><G127/><N who="2" m="48649" /><F75/><N who="0" m="28714" /><D18/><U76/><E66/><V48/><F110/><N who="3" m="42603" /><G21/><T6/><D6/><U105/><E2/><V97/><F134/><N who="0" m="51818" /><D40/><U88/><REACH who="1" step="1"/><E86/><REACH who="1" ten="606,60,181,143" step="2"/><V62/><F65/><N who="3" m="39071" /><G131/><T19/><D19/><U38/><E38/><V0/><F0/><W119/><G119/><T36/><D92/><U129/><E129/><V114/><F7/><W4/><G4/><T20/><D93/><U123/><E123/><V135/><F135/><W47/><G73/><T43/><D20/><U78/><E78/><V128/><F128/><W84/><G47/><N who="0" m="24039" /><D39/><U22/><E22/><V70/><F70/><W54/><G54/><T90/><AGARI ba="0,1" hai="30,31,83,85,90" m="24039,51818,28714" machi="90" ten="30,2000,0" yaku="20,1,52,1" doraHai="77" who="0" fromWho="0" sc="606,30,60,-5,181,-5,143,-10" owari="636,73.6,55,-44.5,176,-2.4,133,-26.7" /></mjloggm>