<mjloggm ver="2.3"><GO type="225" lobby="0"/><UN n0="%E3%81%B2%E3%81%BE%E3%81%A4%E3%81%B6%E3%81%97" n1="%E3%81%8B%E3%82%8F%E3%81%A1%E3%82%83%E3%82%93%35%38" n2="%E5%8F%AF%E5%85%90%E9%82%A3%E7%94%B1%E5%A4%9A" n3="%E9%A2%A8%E3%81%A7%E9%B3%B4%E3%81%8F" dan="16,17,17,16" rate="2170.69,2131.16,2190.25,2191.40" sx="M,M,F,M"/><TAIKYOKU oya="0"/><INIT seed="0,0,0,3,0,86" ten="250,250,250,250" oya="0" hai0="88,135,75,103,110,114,5,19,115,133,56,2,119" hai1="111,61,76,31,45,130,128,92,17,98,58,50,70" hai2="120,117,16,80,20,78,102,113,134,129,24,63,108" hai3="26,65,97,89,105,69,29,57,90,67,83,15,49"/><T74/><D119/><U85/><E70/><V52/><F120/><W68/><G15/><T1/><D103/><U0/><E0/><N who="0" m="105" /><D5/><U124/><E124/><V3/><F113/><N who="0" m="43018" /><D56/><U127/><E127/><V46/><F3/><W72/><G72/><N who="0" m="27691" /><D19/><U94/><E17/><V33/><F117/><W12/><G12/><T104/><D104/><U53/><E31/><V87/><F102/><N who="3" m="62671" /><G69/><T91/><D110/><U122/><E111/><V100/><F108/><W116/><G83/><T10/><D10/><U35/><E35/><V123/><F33/><N who="3" m="20663" /><G116/><T109/><D109/><U43/><E122/><V66/><F123/><W121/><G67/><T9/><D9/><U23/><E23/><V95/><F66/><W101/><G101/><T38/><D38/><U81/><REACH who="1" step="1"/><E94/><REACH who="1" ten="250,240,250,250" step="2"/><V47/><F95/><W48/><G121/><T37/><D37/><U55/><E55/><V96/><F52/><N who="3" m="31879" /><G49/><T77/><D77/><U30/><E30/><V18/><F78/><W6/><G6/><T11/><D11/><U93/><E93/><V4/><F4/><W13/><G13/><T7/><D7/><U22/><E22/><V60/><F20/><W99/><G99/><T25/><D25/><U132/><E132/><AGARI ba="0,1" hai="88,91,132,133,135" m="27691,43018,105" machi="132" ten="40,18000,2" yaku="28,2,20,1,52,2,54,1" doraHai="86" who="0" fromWho="1" sc="250,190,240,-180,250,0,250,0" /><INIT seed="0,1,0,3,1,117" ten="440,60,250,250" oya="0" hai0="63,12,84,6,40,11,34,73,76,131,28,0,103" hai1="50,104,62,105,56,31,39,44,92,82,119,9,58" hai2="14,19,116,70,36,124,77,4,2,110,18,128,71" hai3="102,37,122,99,8,41,89,3,23,26,49,65,43"/><T67/><D131/><U7/><E119/><V74/><F116/><W42/><G37/><T30/><D73/><U32/><E39/><V91/><F36/><W68/><G89/><T98/><D40/><U81/><E32/><V53/><F128/><W109/><G109/><T13/><D0/><U133/><E133/><V16/><F110/><W101/><G101/><T38/><D38/><U79/><E31/><V60/><F124/><W113/><G113/><T90/><D76/><U118/><E118/><V15/><F2/><W25/><G25/><T93/><D13/><U1/><E92/><V121/><F121/><W130/><G130/><T17/><D6/><U107/><E62/><V45/><F91/><W48/><G65/><T129/><D34/><U126/><E126/><V61/><F77/><W132/><G68/><T95/><REACH who="0" step="1"/><D129/><REACH who="0" ten="430,60,250,250" step="2"/><U24/><E24/><V51/><F74/><W106/><G43/><T85/><D85/><U112/><E112/><V29/><F4/><W55/><G42/><T80/><D80/><U134/><E82/><V35/><F14/><W59/><G41/><T64/><D64/><U114/><E114/><V72/><F15/><W21/><G3/><T115/><D115/><U86/><REACH who="1" step="1"/><E134/><REACH who="1" ten="430,50,250,250" step="2"/><V120/><F35/><W20/><G132/><T78/><D78/><U135/><E135/><V83/><F83/><W97/><G26/><T75/><D75/><U22/><E22/><V100/><F72/><W33/><G21/><T5/><D5/><U27/><E27/><V57/><F120/><W54/><G122/><T10/><D10/><U87/><E87/><RYUUKYOKU ba="1,2" sc="430,15,50,15,250,-15,250,-15" hai0="11,12,17,28,30,63,67,84,90,93,95,98,103" hai1="1,7,9,44,50,56,58,79,81,86,104,105,107" /><INIT seed="0,2,2,1,5,108" ten="445,65,235,235" oya="0" hai0="113,89,91,98,104,9,124,28,100,6,10,4,31" hai1="109,25,87,135,57,13,63,117,23,80,79,121,37" hai2="119,107,102,81,60,2,118,75,11,120,106,74,56" hai3="7,0,41,59,69,17,130,95,105,51,33,47,132"/><T30/><D113/><U123/><E117/><N who="2" m="44555" /><F120/><N who="1" m="46153" /><E13/><V112/><F112/><W96/><G105/><N who="2" m="39945" /><F102/><W114/><G114/><T36/><D36/><U77/><E23/><V35/><F35/><W12/><G69/><T18/><D18/><U54/><E25/><V1/><F81/><W71/><G71/><T92/><D104/><U129/><E54/><N who="2" m="33815" /><F11/><N who="0" m="4106" /><D124/><U49/><E80/><V16/><F16/><W44/><G33/><T43/><D43/><U116/><E116/><V84/><F84/><W88/><G7/><AGARI ba="2,2" hai="4,6,7,28,30,31,89,91,92,98,100" m="4106" machi="7" ten="30,1500,0" yaku="8,1" doraHai="108" who="0" fromWho="3" sc="445,41,65,0,235,0,235,-21" /><INIT seed="0,3,0,1,5,74" ten="486,65,235,214" oya="0" hai0="54,56,118,30,99,24,91,70,128,18,35,98,135" hai1="122,48,25,46,80,8,62,127,77,95,109,51,47" hai2="84,7,58,2,5,96,34,110,60,40,26,117,59" hai3="36,78,68,97,32,52,106,71,131,39,134,111,31"/><T94/><D118/><U126/><E122/><V22/><F117/><W37/><G131/><T28/><D128/><U76/><E109/><V15/><F110/><W121/><G111/><T55/><D135/><U92/><E80/><V88/><F2/><W49/><G134/><T101/><D70/><U13/><E25/><V107/><F34/><W57/><G121/><T112/><D112/><U130/><E130/><V89/><F40/><W53/><G78/><N who="1" m="30314" /><E62/><V116/><F116/><W19/><G19/><T108/><D108/><U114/><E114/><V11/><F5/><W67/><G67/><T41/><D41/><N who="1" m="24655" /><E127/><V79/><F107/><W104/><G104/><T124/><D124/><U45/><E126/><V105/><F105/><W1/><G1/><T120/><D120/><U75/><E75/><V72/><F72/><W102/><G31/><T50/><D30/><U85/><E85/><V16/><F60/><W23/><G32/><T100/><D35/><U123/><E123/><V9/><F84/><W93/><G106/><T64/><D28/><U17/><E47/><V38/><F38/><W43/><G43/><AGARI ba="3,0" hai="8,13,17,43,45,51,92,95" m="24655,30314" machi="43" ten="30,7700,0" yaku="8,1,52,3" doraHai="74" who="1" fromWho="3" sc="486,0,65,86,235,0,214,-86" /><INIT seed="1,0,0,4,2,14" ten="486,151,235,128" oya="1" hai0="96,16,31,75,32,85,113,13,33,39,45,4,133" hai1="44,23,107,95,24,18,7,51,46,84,1,65,114" hai2="26,94,58,49,109,59,115,55,77,11,134,54,61" hai3="69,47,88,36,87,64,67,122,3,89,52,103,60"/><U105/><E114/><V130/><F115/><W19/><G122/><T28/><D75/><U41/><E65/><V73/><F109/><W86/><G3/><T21/><D96/><U8/><E95/><V57/><F130/><W127/><G127/><T92/><D45/><U56/><E56/><V35/><F134/><W27/><G103/><T120/><D85/><U108/><E108/><V6/><F73/><W43/><G67/><T110/><D39/><U72/><E72/><V22/><F35/><W37/><G37/><T20/><D92/><U2/><E2/><V81/><F94/><W116/><G116/><T119/><D113/><U124/><E124/><V131/><F131/><W80/><G87/><T82/><D82/><U42/><REACH who="1" step="1"/><E84/><REACH who="1" ten="486,141,235,128" step="2"/><V66/><F58/><W106/><G106/><T125/><D125/><U0/><E0/><V74/><F59/><W102/><G102/><T129/><D110/><U76/><E76/><V99/><F66/><W50/><G89/><T123/><D129/><U135/><E135/><V5/><F74/><W90/><G90/><T30/><D133/><U29/><E29/><V12/><F77/><W93/><G93/><T118/><D118/><U121/><E121/><V111/><F111/><W97/><G97/><T68/><D119/><U126/><E126/><V91/><F99/><W83/><G83/><T15/><D120/><U78/><E78/><V100/><F100/><W63/><G64/><T70/><D123/><U25/><E25/><V38/><F91/><W53/><G88/><T62/><D31/><U117/><E117/><V112/><F81/><RYUUKYOKU ba="0,1" sc="486,-10,141,30,235,-10,128,-10" hai1="1,7,8,18,23,24,41,42,44,46,51,105,107" /><INIT seed="1,1,1,2,2,46" ten="476,171,225,118" oya="1" hai0="118,89,122,58,33,26,28,119,127,81,78,102,16" hai1="49,132,107,56,71,51,61,38,98,95,39,76,117" hai2="75,30,112,5,70,41,13,100,77,123,29,47,23" hai3="96,9,1,80,91,116,45,7,131,36,63,99,114"/><U10/><E117/><V37/><F123/><W40/><G114/><T66/><D122/><U94/><E107/><V128/><F112/><W106/><G116/><T4/><D127/><U2/><E71/><V93/><F70/><W15/><G131/><T126/><D126/><U22/><E76/><V53/><F128/><W109/><G109/><T72/><D4/><U11/><E2/><V18/><F5/><W115/><G115/><T3/><D3/><U83/><E83/><V52/><F77/><W121/><G121/><T19/><D102/><N who="1" m="60759" /><E39/><V97/><REACH who="2" step="1"/><F75/><REACH who="2" ten="476,171,215,118" step="2"/><W110/><G110/><T130/><D72/><U90/><E132/><V25/><F25/><W133/><G133/><T8/><D78/><U88/><E38/><V55/><AGARI ba="1,2" hai="13,18,23,29,30,37,41,47,52,53,55,93,97,100" machi="55" ten="30,4000,0" yaku="1,1,0,1,54,1,53,0" doraHai="46" doraHaiUra="6" who="2" fromWho="2" sc="476,-11,171,-21,215,63,118,-11" /><INIT seed="2,0,0,5,3,58" ten="465,150,278,107" oya="2" hai0="115,94,91,33,120,16,95,122,111,49,131,60,17" hai1="104,8,67,10,59,56,76,103,28,25,97,85,30" hai2="26,81,42,37,0,12,135,40,48,19,82,69,92" hai3="118,112,21,90,107,32,45,55,79,117,133,113,7"/><V100/><F0/><W84/><G107/><T6/><D115/><N who="3" m="44105" /><G32/><T14/><D33/><U53/><E28/><V13/><F69/><W22/><G7/><T9/><D111/><U68/><E59/><V109/><F37/><W41/><G79/><T44/><D131/><U121/><E121/><V64/><F64/><W36/><G55/><T1/><D60/><N who="1" m="40039" /><E85/><V124/><F124/><W128/><G128/><T72/><D72/><U110/><E76/><V96/><F135/><W116/><G133/><T102/><D102/><U98/><E98/><V71/><F71/><W123/><G123/><T29/><D29/><U87/><E87/><V31/><F109/><W127/><G127/><T114/><D114/><U134/><E134/><V24/><F31/><W3/><G3/><T20/><D17/><U61/><E110/><V38/><F38/><W50/><G36/><T15/><D1/><U39/><E39/><V18/><F96/><W46/><G45/><T130/><D130/><U86/><E86/><V23/><F100/><W57/><G57/><T105/><D105/><U119/><E119/><N who="3" m="30466" /><W54/><DORA hai="88" /><G41/><N who="0" m="24719" /><D122/><U73/><E73/><V11/><F23/><W101/><G101/><T35/><D35/><N who="1" m="20943" /><E8/><V93/><F11/><W34/><G34/><T2/><D2/><U47/><E10/><V63/><F48/><W126/><G126/><T51/><D51/><N who="1" m="30783" /><E47/><V62/><AGARI ba="0,0" hai="12,13,18,19,24,26,40,42,62,63,81,82,92,93" machi="62" ten="25,24000,3" yaku="0,1,22,2,8,1,52,4" doraHai="58,88" who="2" fromWho="2" sc="465,-80,150,-80,278,240,107,-80" /><INIT seed="2,1,0,1,3,14" ten="385,70,518,27" oya="2" hai0="135,118,113,91,13,82,88,26,98,92,117,87,41" hai1="79,11,34,96,56,101,21,1,128,110,112,132,65" hai2="29,100,75,53,68,0,59,2,27,90,71,50,109" hai3="84,133,67,55,115,22,94,32,58,114,104,121,46"/><V124/><F75/><W28/><G104/><T105/><D41/><U106/><E34/><V95/><F100/><W10/><G121/><T69/><D69/><U81/><E112/><N who="3" m="43050" /><G32/><T45/><D26/><U73/><E110/><V103/><F103/><W9/><G133/><T78/><D45/><U77/><E132/><V19/><F109/><W130/><G67/><T31/><D31/><U18/><E128/><V35/><F124/><W5/><G46/><T134/><D13/><U16/><E79/><V36/><F36/><W54/><G130/><T44/><D44/><U39/><E39/><V25/><F68/><W131/><G131/><T89/><D105/><U122/><E122/><V107/><F71/><W119/><G119/><N who="0" m="45579" /><D113/><U123/><E123/><V7/><F107/><W93/><G10/><T8/><D8/><U38/><E38/><V80/><F7/><W17/><G28/><T127/><D127/><U102/><E102/><V116/><F116/><W40/><G40/><T24/><D24/><U60/><REACH who="1" step="1"/><E21/><REACH who="1" ten="385,60,518,27" step="2"/><V37/><F37/><W72/><G72/><T61/><D61/><U129/><E129/><V126/><F126/><W63/><G84/><T30/><D30/><U3/><E3/><V20/><F0/><N who="3" m="167" /><G55/><T33/><D33/><U97/><E97/><N who="2" m="57591" /><F2/><W42/><G42/><T47/><D47/><U70/><E70/><V4/><F35/><W6/><G6/><AGARI ba="1,1" hai="1,6,11,16,18,56,60,65,73,77,81,96,101,106" machi="6" ten="40,8000,1" yaku="1,1,52,2,54,1,53,0" doraHai="14" doraHaiUra="43" who="1" fromWho="3" sc="385,0,60,93,518,0,27,-83" owari="385,18.5,153,-24.7,518,61.8,-56,-55.6" /></mjloggm>