<mjloggm ver="2.3"><GO type="225" lobby="0"/><UN n0="%E6%A1%9C%E8%8A%B1%E9%96%83%E3%80%85" n1="%6D%75%75%6D%75%72%61" n2="%E9%A2%A8%E3%81%A7%E9%B3%B4%E3%81%8F" n3="%E3%83%AD%E3%83%83%E3%83%86%E9%9B%80%E7%90%83" dan="18,16,16,17" rate="2233.96,2108.58,2119.56,2206.25" sx="M,F,M,M"/><TAIKYOKU oya="0"/><INIT seed="0,0,0,2,1,95" ten="250,250,250,250" oya="0" hai0="37,32,106,59,47,51,7,13,0,44,55,112,23" hai1="16,72,68,134,94,88,69,62,105,56,14,117,124" hai2="1,30,83,21,27,116,42,38,60,40,18,49,131" hai3="12,125,87,65,80,26,103,130,127,66,118,98,107"/><T90/><D112/><U29/><E117/><V64/><F1/><W73/><G118/><T92/><D106/><U100/><E72/><V101/><F116/><W119/><G119/><T5/><D32/><U50/><E29/><V53/><F38/><W120/><G130/><T33/><D33/><U77/><E77/><V46/><F131/><W9/><G73/><T17/><D0/><U4/><E4/><N who="0" m="1609" /><D37/><U135/><E50/><V113/><F83/><W104/><G104/><T67/><D67/><N who="1" m="39367" /><E100/><V43/><F101/><W36/><G120/><T76/><D76/><U10/><E105/><V52/><F53/><W108/><G26/><T2/><D2/><U24/><E24/><V110/><F110/><W115/><G108/><T85/><AGARI ba="0,0" hai="13,17,23,44,47,51,55,59,85,90,92" m="1609" machi="85" ten="30,3000,0" yaku="25,1,8,1" doraHai="95" who="0" fromWho="0" sc="250,30,250,-10,250,-10,250,-10" /><INIT seed="0,1,0,4,1,10" ten="280,240,240,240" oya="0" hai0="116,68,84,130,61,49,34,115,109,111,31,45,23" hai1="127,97,128,46,79,2,5,90,4,33,86,44,51" hai2="89,11,107,6,75,42,92,16,80,131,1,123,96" hai3="69,135,108,47,88,102,71,82,48,12,106,28,78"/><T122/><D34/><U14/><E128/><V119/><F123/><W104/><G108/><N who="0" m="41547" /><D115/><U87/><E33/><V103/><F131/><W30/><G135/><T36/><D130/><U132/><E132/><V13/><F42/><W7/><G71/><T20/><D116/><U117/><E117/><V76/><F119/><W0/><G69/><T64/><D122/><U95/><E127/><V100/><REACH who="2" step="1"/><F107/><REACH who="2" ten="280,240,230,240" step="2"/><W70/><G106/><T77/><D36/><U133/><E133/><V18/><F18/><W83/><G104/><T113/><D113/><U55/><E4/><V126/><F126/><W129/><G7/><T110/><D110/><U15/><E5/><V134/><F134/><W62/><G129/><T24/><D31/><U98/><E2/><V39/><F39/><W74/><G30/><T94/><D24/><U35/><E35/><V53/><F53/><W56/><G0/><T19/><D19/><U21/><E55/><V59/><F59/><W37/><G56/><T66/><D66/><U118/><E118/><V85/><F85/><W32/><G28/><T125/><D125/><U81/><E87/><V105/><F105/><W60/><G37/><T50/><D45/><U22/><E46/><V72/><F72/><W54/><G74/><T9/><D64/><U93/><E44/><V67/><F67/><W73/><G32/><T124/><D84/><U99/><E86/><V25/><F25/><W112/><G112/><T101/><D124/><U40/><E40/><V41/><F41/><N who="3" m="24687" /><G73/><T114/><D114/><U57/><E57/><V52/><F52/><W91/><G54/><RYUUKYOKU ba="1,1" sc="280,-10,240,-10,230,30,240,-10" hai2="1,6,11,13,16,75,76,80,89,92,96,100,103" /><INIT seed="1,2,1,4,2,125" ten="270,230,260,230" oya="1" hai0="37,80,54,107,5,109,75,76,118,71,70,15,35" hai1="120,68,127,78,24,131,99,27,100,89,133,79,93" hai2="69,81,74,132,34,91,82,88,58,26,36,61,59" hai3="83,52,6,38,65,72,23,55,25,39,90,134,8"/><U119/><E119/><V40/><F69/><W31/><G134/><T18/><D118/><U3/><E120/><V22/><F34/><W73/><G65/><T53/><D107/><U19/><E133/><V102/><F102/><W117/><G117/><T108/><D37/><U1/><E127/><V128/><F132/><W60/><G73/><T49/><D5/><U48/><E68/><N who="0" m="26153" /><D49/><U11/><E131/><V50/><F36/><W30/><G30/><T13/><D13/><U41/><E100/><V44/><F59/><W77/><G90/><N who="2" m="34345" /><F128/><W21/><G21/><N who="0" m="11487" /><D35/><U105/><E105/><V42/><F42/><W122/><G122/><T16/><D16/><U12/><E1/><V47/><F47/><W2/><REACH who="3" step="1"/><G55/><REACH who="3" ten="270,230,260,220" step="2"/><T126/><D126/><U111/><E111/><AGARI ba="2,2" hai="53,54,75,76,80,108,109,111" m="11487,26153" machi="111" ten="30,1000,0" yaku="14,1" doraHai="125" who="0" fromWho="1" sc="270,36,230,-16,260,0,220,0" /><INIT seed="2,0,0,3,0,70" ten="306,214,260,220" oya="2" hai0="58,8,73,106,34,7,63,117,22,132,98,104,3" hai1="123,45,111,48,40,62,75,19,0,125,99,97,135" hai2="1,17,16,80,46,51,114,90,31,118,35,28,79" hai3="14,43,92,60,81,2,64,57,130,9,82,37,21"/><V122/><F1/><W71/><G130/><T109/><D34/><U89/><E111/><V120/><F114/><W59/><G2/><T72/><D109/><U42/><E0/><V11/><F118/><W129/><G129/><T18/><D117/><U86/><E75/><V49/><F90/><W25/><G92/><T26/><D132/><U67/><E135/><V101/><F101/><W77/><G43/><T116/><D116/><U13/><E125/><V32/><F11/><W12/><G37/><T133/><D133/><U84/><E40/><V78/><F46/><W112/><G112/><T108/><D108/><U94/><E99/><V23/><F23/><W27/><G82/><AGARI ba="0,0" hai="16,17,28,31,32,35,49,51,78,79,80,82,120,122" machi="82" ten="25,4800,0" yaku="22,2,54,1" doraHai="70" who="2" fromWho="3" sc="306,0,214,0,260,48,220,-48" /><INIT seed="2,1,0,1,3,30" ten="306,214,308,172" oya="2" hai0="115,49,63,33,32,7,68,46,96,97,113,44,80" hai1="84,27,73,37,129,11,71,3,126,92,102,41,28" hai2="100,62,23,82,31,130,14,40,132,105,60,20,39" hai3="38,0,120,58,59,133,6,52,125,116,66,22,26"/><V88/><F132/><W64/><G116/><T85/><D7/><U47/><E73/><V123/><F123/><W94/><G120/><T45/><D49/><U118/><E118/><V42/><F39/><W51/><G38/><T75/><D75/><U76/><E126/><V24/><F100/><W55/><G133/><T131/><D131/><U12/><E129/><V53/><F105/><W72/><G72/><T89/><D96/><U36/><E36/><V17/><F130/><W95/><G125/><T101/><D63/><N who="2" m="24106" /><F53/><W56/><G6/><T108/><D108/><U18/><E71/><V79/><F79/><W121/><G0/><T67/><D67/><N who="3" m="25641" /><G121/><T114/><REACH who="0" step="1"/><D68/><REACH who="0" ten="296,214,308,172" step="2"/><U117/><E37/><V5/><F5/><W4/><G4/><T134/><D134/><U127/><E127/><V77/><F77/><W86/><G86/><AGARI ba="1,1" hai="14,17,20,23,24,31,40,42,82,86,88" m="24106" machi="86" ten="30,2900,0" yaku="8,1,54,1" doraHai="30" who="2" fromWho="3" sc="296,0,214,0,308,42,172,-32" /><INIT seed="2,2,0,5,3,135" ten="296,214,350,140" oya="2" hai0="56,119,37,68,3,43,93,84,99,79,26,126,92" hai1="96,19,63,125,98,10,27,35,20,111,73,60,48" hai2="70,100,85,49,131,6,64,11,2,95,117,108,34" hai3="97,54,120,132,44,74,94,15,89,105,133,129,1"/><V4/><F34/><W5/><G1/><T21/><D68/><U38/><E38/><V18/><F117/><W33/><G33/><T24/><D3/><U58/><E111/><V81/><F131/><W65/><G74/><T109/><D109/><U16/><E73/><V91/><F108/><W77/><G77/><T101/><D119/><U59/><E35/><V0/><F18/><W121/><G65/><T69/><D69/><U36/><E36/><V82/><F11/><W13/><G54/><T88/><D126/><U29/><E48/><V47/><F2/><W127/><G44/><T103/><D56/><N who="1" m="21547" /><E125/><V25/><F25/><W9/><G129/><T31/><D26/><U17/><E10/><V123/><F123/><W23/><G105/><T130/><D79/><U12/><E12/><V112/><F112/><W61/><G61/><AGARI ba="2,0" hai="16,17,19,20,27,29,60,61,63,96,98" m="21547" machi="61" ten="30,2000,0" yaku="8,1,54,1" doraHai="135" who="1" fromWho="3" sc="296,0,214,26,350,0,140,-26" /><INIT seed="3,0,0,3,3,37" ten="296,240,350,114" oya="3" hai0="65,77,48,15,16,112,100,34,70,17,101,25,79" hai1="30,103,72,43,63,98,132,93,129,92,94,35,131" hai2="99,9,60,4,21,82,78,31,44,121,0,76,117" hai3="24,89,36,5,86,97,33,58,19,81,39,56,109"/><W135/><G135/><T122/><D122/><U106/><E132/><V133/><F117/><W71/><G109/><T29/><D112/><U91/><E72/><V125/><F78/><W74/><G71/><T51/><D79/><U66/><E43/><V118/><F118/><W7/><G74/><T18/><D77/><U40/><E40/><V73/><F133/><W127/><G127/><T134/><D134/><U53/><E53/><V123/><F125/><W130/><G130/><N who="1" m="49674" /><E30/><V45/><F60/><W114/><G114/><T23/><D100/><U105/><E35/><V84/><F99/><W6/><G97/><T113/><D101/><U90/><E106/><V120/><F84/><W14/><G39/><T32/><D32/><U128/><N who="1" m="49682" /><U107/><DORA hai="102" /><E107/><V10/><F10/><W69/><G69/><AGARI ba="0,0" hai="63,66,69,90,91,92,93,94,98,103,105" m="49682" machi="69" ten="40,2600,0" yaku="19,1,52,1" doraHai="37,102" who="1" fromWho="3" sc="296,0,240,26,350,0,114,-26" owari="296,9.6,266,-13.4,350,45.0,88,-41.2" /></mjloggm>