<mjloggm ver="2.3"><GO type="225" lobby="0"/><UN n0="%E3%81%8F%E3%81%BE%E3%81%96%E3%82%8F" n1="%45%6C%79%73%69%75%6D" n2="%E3%83%AB%E3%83%9B%E3%83%B3%E3%83%87%E3%82%A3%E3%82%A8" n3="%41%54%53%4D" dan="16,18,17,16" rate="2047.56,2174.02,2195.93,2083.11" sx="M,F,M,M"/><TAIKYOKU oya="0"/><INIT seed="0,0,0,1,4,106" ten="250,250,250,250" oya="0" hai0="48,133,39,115,28,83,36,52,32,21,22,93,125" hai1="134,4,90,61,33,0,11,47,119,60,70,50,38" hai2="14,77,113,25,30,104,5,68,49,126,42,35,6" hai3="41,69,75,31,94,80,85,13,56,102,1,18,87"/><T8/><D115/><U12/><E119/><V71/><F104/><W116/><G69/><T63/><D125/><U130/><E130/><V19/><F113/><W98/><G1/><T100/><D133/><U37/><E134/><V26/><F71/><W10/><G116/><T91/><D32/><U72/><E33/><V46/><F68/><W44/><G56/><T16/><D36/><U128/><E128/><V82/><F25/><W99/><G31/><T120/><D39/><U59/><E61/><V97/><F97/><W135/><G135/><T17/><D120/><U23/><E70/><V105/><F105/><W66/><G66/><T122/><D100/><U132/><E132/><V81/><F81/><W86/><G99/><N who="0" m="57791" /><D83/><U43/><E38/><V89/><F89/><W117/><G117/><T24/><D8/><U114/><E90/><V92/><F92/><W40/><REACH who="3" step="1"/><G44/><REACH who="3" ten="250,250,250,240" step="2"/><N who="0" m="27655" /><D122/><U107/><E114/><V79/><F126/><W109/><G109/><T53/><D63/><U9/><E60/><V55/><F46/><W65/><G65/><T74/><D28/><U101/><E47/><V108/><F30/><W54/><G54/><T20/><D53/><U15/><E0/><V103/><F55/><W73/><G73/><T124/><D74/><U112/><E72/><V67/><F67/><W45/><G45/><T64/><D64/><U78/><E112/><V131/><F108/><W51/><G51/><T110/><D110/><U7/><E37/><V3/><F131/><W127/><G127/><T121/><D121/><U58/><E50/><V129/><F129/><W62/><G62/><RYUUKYOKU ba="0,1" sc="250,-10,250,-10,250,-10,240,30" hai3="10,13,18,40,41,75,80,85,86,87,94,98,102" /><INIT seed="1,1,1,1,1,70" ten="240,240,240,270" oya="1" hai0="83,110,98,85,115,7,89,37,55,53,135,58,43" hai1="35,47,27,77,108,99,32,45,14,69,104,123,130" hai2="33,0,90,124,48,50,78,128,119,102,6,122,3" hai3="2,121,19,114,65,75,22,26,91,60,34,126,118"/><U31/><E123/><V87/><F119/><W56/><G121/><T80/><D115/><U101/><E35/><V107/><F33/><W57/><G114/><T79/><D135/><U112/><E112/><V10/><F122/><W120/><G120/><T59/><D110/><U36/><E108/><V82/><F0/><W23/><G2/><T131/><D131/><U17/><E130/><V46/><F128/><W61/><G118/><T76/><D7/><U84/><E69/><V96/><F124/><W105/><G126/><T16/><D37/><U92/><E36/><V8/><F8/><W54/><G75/><T100/><D43/><U117/><E117/><V86/><F46/><W134/><G105/><T51/><D83/><AGARI ba="1,1" hai="3,6,10,48,50,78,82,83,86,87,90,96,102,107" machi="83" ten="30,1000,0" yaku="7,1" doraHai="70" who="2" fromWho="0" sc="240,-13,240,0,240,23,270,0" /><INIT seed="2,0,0,2,4,127" ten="227,240,263,270" oya="2" hai0="27,126,107,73,29,71,90,78,119,122,47,108,121" hai1="18,89,85,103,70,56,99,26,135,104,106,96,93" hai2="95,84,98,45,59,1,81,69,80,7,120,25,91" hai3="67,55,54,74,36,43,32,101,77,86,31,65,132"/><V53/><F69/><W44/><G132/><T130/><D107/><U123/><E135/><V14/><F1/><W38/><G74/><T49/><D71/><U128/><E70/><V3/><F3/><W4/><G101/><T24/><D126/><U129/><E56/><V58/><F120/><W75/><G75/><T48/><D108/><U117/><E26/><V125/><F125/><W105/><G105/><N who="1" m="40554" /><E18/><V76/><F80/><W72/><G72/><T60/><D60/><U63/><E63/><V9/><F25/><W2/><G36/><T11/><D119/><U124/><E124/><V22/><F22/><W79/><G65/><T37/><D11/><U39/><E39/><V134/><F134/><W113/><G67/><T20/><D24/><U68/><E68/><V0/><F0/><W102/><G113/><T28/><D28/><U23/><E23/><V62/><F59/><W41/><G41/><T52/><D37/><U51/><E51/><V17/><REACH who="2" step="1"/><F45/><REACH who="2" ten="227,240,253,270" step="2"/><W19/><G2/><T35/><D20/><U33/><E33/><V97/><F97/><N who="1" m="37449" /><E123/><V50/><F50/><W21/><G21/><T92/><D48/><U82/><E117/><V40/><F40/><W66/><G43/><T112/><D112/><U13/><E13/><V42/><F42/><W110/><G32/><T12/><D12/><U8/><E8/><V94/><F94/><W111/><G38/><T88/><D92/><U64/><E93/><V109/><F109/><W133/><G111/><T61/><D61/><U46/><E46/><V15/><F15/><W5/><G110/><T115/><D122/><RYUUKYOKU ba="0,1" sc="227,-10,240,-10,253,30,270,-10" hai2="7,9,14,17,53,58,62,76,81,84,91,95,98" /><INIT seed="2,1,1,1,3,35" ten="217,230,283,260" oya="2" hai0="109,122,96,110,48,86,63,111,46,9,66,68,31" hai1="4,14,30,57,50,49,16,33,19,69,29,11,59" hai2="103,77,44,3,45,98,120,18,128,72,6,60,80" hai3="100,55,118,79,107,64,78,123,25,87,42,92,40"/><V127/><F120/><W134/><G123/><T114/><D114/><U51/><E69/><V43/><F45/><W36/><G118/><T129/><D122/><U116/><E116/><V62/><F18/><N who="1" m="6697" /><E33/><V89/><F89/><N who="3" m="53311" /><G107/><T38/><D129/><U0/><E0/><V84/><F84/><W88/><G36/><T106/><D31/><AGARI ba="1,1" hai="4,11,14,29,30,31,49,50,51,57,59" m="6697" machi="31" ten="30,2000,0" yaku="8,1,54,1" doraHai="35" who="1" fromWho="0" sc="217,-23,230,33,283,0,260,0" /><INIT seed="3,0,0,0,0,59" ten="194,263,283,260" oya="3" hai0="124,81,38,58,116,76,61,65,10,14,62,134,122" hai1="24,110,108,89,25,51,23,15,39,90,74,106,87" hai2="35,47,1,26,68,129,82,73,102,109,111,41,78" hai3="126,121,67,80,17,49,71,117,40,98,88,54,9"/><W127/><G117/><T83/><D124/><N who="3" m="47657" /><G121/><T53/><D134/><U79/><E39/><N who="2" m="21951" /><F102/><W85/><G40/><T18/><D122/><U19/><E106/><V92/><F92/><W115/><G115/><T64/><D116/><U112/><E112/><V101/><F101/><W37/><G37/><T32/><D32/><U104/><E104/><V70/><F1/><W20/><G98/><T52/><D38/><U28/><E74/><V42/><F42/><W114/><G114/><T125/><D125/><U31/><E79/><V77/><F77/><W103/><G103/><T43/><D43/><U91/><BYE who="0" /><E51/><V95/><F95/><W130/><G130/><T66/><D66/><U7/><E7/><V56/><F56/><N who="3" m="32847" /><G9/><T105/><D105/><U128/><E128/><V21/><F129/><W33/><G33/><UN n0="%E3%81%8F%E3%81%BE%E3%81%96%E3%82%8F" /><T57/><REACH who="0" step="1"/><D83/><REACH who="0" ten="184,263,283,260" step="2"/><U13/><E110/><N who="2" m="41995" /><F35/><W84/><G67/><T11/><D11/><U8/><E108/><V12/><F12/><N who="3" m="9255" /><G71/><T75/><AGARI ba="0,1" hai="10,14,18,52,53,57,58,61,62,64,65,75,76,81" machi="75" ten="20,12000,2" yaku="1,1,0,1,7,1,9,1,52,2,54,1,53,0" doraHai="59" doraHaiUra="0" who="0" fromWho="0" sc="184,130,263,-30,283,-30,260,-60" owari="314,41.4,233,-16.7,253,5.3,200,-30.0" /></mjloggm>