<mjloggm ver="2.3"><GO type="225" lobby="0"/><UN n0="%E6%9D%B1%E9%A2%A8%E3%81%AE%E3%81%8D%E3%82%83%E3%81%B7%E3%81%95%E3%82%93" n1="%E3%81%95%E3%81%8D%E3%81%9F%E3%81%BE%E6%9E%97%E6%AA%8E" n2="%72%69%6F%75%63%68%61%6E" n3="%6D%75%75%73%61%6E%6D%75" dan="17,16,16,17" rate="2174.49,2061.79,2168.35,2155.94" sx="M,M,M,F"/><TAIKYOKU oya="0"/><INIT seed="0,0,0,1,2,115" ten="250,250,250,250" oya="0" hai0="67,126,95,134,72,54,12,59,82,118,48,46,39" hai1="125,109,55,133,15,84,132,13,27,53,11,34,97" hai2="76,28,122,113,14,26,30,91,6,77,23,5,93" hai3="78,92,9,37,60,18,47,120,114,85,61,135,31"/><T131/><D134/><N who="1" m="51819" /><E109/><V35/><F122/><W124/><G135/><T40/><D131/><U80/><E125/><V32/><F113/><W57/><G114/><T20/><D126/><U121/><E121/><V86/><F14/><W89/><G124/><T16/><D118/><U21/><E34/><V75/><F75/><W49/><G120/><T119/><D119/><U64/><E64/><V129/><F129/><W99/><G37/><T68/><D95/><U90/><E97/><V25/><REACH who="2" step="1"/><F23/><REACH who="2" ten="250,250,240,250" step="2"/><W56/><G9/><T130/><D130/><U7/><E15/><V107/><F107/><W4/><G4/><AGARI ba="0,1" hai="4,5,6,25,26,28,30,32,35,76,77,86,91,93" machi="4" ten="40,8000,1" yaku="1,1,9,1,53,2" doraHai="115" doraHaiUra="73" who="2" fromWho="3" sc="250,0,250,0,240,90,250,-80" /><INIT seed="1,0,0,2,1,28" ten="250,250,330,170" oya="1" hai0="106,33,61,110,77,118,71,17,24,55,76,31,35" hai1="52,39,46,86,57,98,45,129,6,101,8,134,73" hai2="62,81,119,32,83,4,56,94,54,14,3,15,116" hai3="25,70,111,9,121,0,68,95,96,20,40,10,133"/><U64/><E73/><V23/><F32/><W30/><G121/><T51/><D118/><U47/><E134/><V59/><F3/><W42/><G133/><T63/><D110/><U5/><E129/><V131/><F131/><W93/><G111/><T50/><D106/><U130/><E130/><V75/><F75/><W43/><G0/><T19/><D31/><U7/><E39/><V66/><F94/><W100/><G93/><T113/><D24/><U120/><E120/><V12/><F4/><W135/><G135/><T117/><D117/><U11/><E64/><V37/><F37/><W69/><G10/><T1/><D55/><U74/><E74/><V127/><F127/><W99/><G9/><T13/><D1/><U82/><E98/><V26/><F119/><W108/><G108/><T92/><D92/><U18/><E18/><N who="2" m="12663" /><F116/><W89/><G96/><T84/><D84/><U112/><E101/><V78/><F78/><W16/><REACH who="3" step="1"/><G100/><REACH who="3" ten="250,250,330,160" step="2"/><T97/><D97/><U88/><REACH who="1" step="1"/><E112/><REACH who="1" ten="250,240,330,160" step="2"/><V44/><F44/><W49/><G49/><AGARI ba="0,2" hai="5,6,7,8,11,45,46,47,49,52,57,82,86,88" machi="49" ten="40,12000,1" yaku="1,1,2,1,8,1,54,2,53,0" doraHai="28" doraHaiUra="123" who="1" fromWho="3" sc="250,0,240,140,330,0,160,-120" /><AGARI ba="0,0" hai="12,14,15,49,54,56,59,62,66,81,83" m="12663" machi="49" ten="30,1000,0" yaku="8,1" doraHai="28" who="2" fromWho="3" sc="250,0,380,0,330,10,40,-10" /><INIT seed="1,1,0,1,5,86" ten="250,380,340,30" oya="1" hai0="94,39,106,41,70,75,54,11,128,37,49,107,32" hai1="67,24,122,7,68,112,18,133,129,96,22,62,29" hai2="104,42,81,113,9,30,132,34,77,92,115,120,31" hai3="13,95,5,69,135,61,50,114,97,19,2,58,60"/><U109/><E112/><N who="2" m="43083" /><F120/><W125/><G114/><T16/><D94/><U56/><E122/><V4/><F104/><W73/><G73/><T3/><D75/><U76/><E133/><V33/><F132/><W134/><G2/><T43/><D32/><N who="2" m="12394" /><F42/><W66/><G134/><T27/><D70/><U80/><E129/><V93/><F92/><W35/><G35/><T25/><D128/><U121/><E121/><V82/><F93/><W110/><G135/><T23/><D107/><U83/><E109/><V10/><F77/><W102/><G110/><T131/><D106/><U100/><E68/><V98/><F98/><W26/><G125/><T74/><D27/><U105/><E7/><V48/><F48/><W15/><G5/><T57/><D131/><U99/><E99/><V89/><F89/><W84/><G50/><T1/><D74/><U51/><E51/><V91/><F91/><W55/><G84/><T130/><D130/><U8/><REACH who="1" step="1"/><E76/><REACH who="1" ten="250,370,340,30" step="2"/><V127/><F127/><W119/><G119/><T59/><D49/><U20/><E20/><V111/><F111/><W38/><REACH who="3" step="1"/><G38/><REACH who="3" ten="250,370,340,20" step="2"/><T6/><D37/><U124/><E124/><V72/><F4/><W17/><G17/><N who="0" m="12527" /><D1/><U47/><E47/><V126/><F126/><W36/><G36/><T101/><D39/><U45/><E45/><V79/><F82/><W40/><G40/><T87/><D16/><U53/><E53/><V52/><F52/><W46/><G46/><T28/><D54/><U64/><E64/><V12/><F9/><W71/><G71/><T116/><D43/><U14/><AGARI ba="1,2" hai="8,14,18,22,24,29,56,62,67,80,83,96,100,105" machi="14" ten="30,6000,0" yaku="1,1,0,1,53,1" doraHai="86" doraHaiUra="63" who="1" fromWho="1" sc="250,-21,370,83,340,-21,20,-21" owari="229,-17.1,453,55.3,319,11.9,-1,-50.1" /></mjloggm>