<mjloggm ver="2.3"><GO type="225" lobby="0"/><UN n0="%E6%A1%9C%E8%8A%B1%E9%96%83%E3%80%85" n1="%4C%4F%4C%49%54%41" n2="%E3%82%A2%E3%83%A1%E3%82%A2%E3%83%A9%E3%83%AC" n3="%79%75%72%69%6D%6F%67" dan="16,16,16,16" rate="2217.76,2185.10,2146.05,2141.66" sx="M,F,M,F"/><TAIKYOKU oya="0"/><INIT seed="0,0,0,5,3,103" ten="250,250,250,250" oya="0" hai0="102,90,65,122,43,22,74,51,50,129,70,28,75" hai1="77,34,40,0,32,101,60,46,92,127,106,12,6" hai2="108,53,61,30,15,18,79,130,100,121,71,120,19" hai3="5,123,126,24,9,118,111,7,107,125,133,26,89"/><T31/><D122/><U119/><E119/><V47/><F108/><W104/><G118/><T13/><D129/><U81/><E127/><N who="3" m="48650" /><G111/><T94/><D102/><U113/><E113/><V114/><F114/><W88/><G133/><T16/><D70/><U105/><E12/><V8/><F130/><W63/><G63/><T48/><D65/><U54/><E92/><V49/><F30/><N who="0" m="11306" /><D74/><N who="1" m="43191" /><E54/><V82/><F100/><W58/><G58/><T99/><D75/><U73/><E60/><V37/><F37/><W45/><G45/><AGARI ba="0,0" hai="13,16,22,43,45,48,50,51,90,94,99" m="11306" machi="45" ten="30,2900,0" yaku="8,1,54,1" doraHai="103" who="0" fromWho="3" sc="250,29,250,0,250,0,250,-29" /><INIT seed="0,1,0,3,2,16" ten="279,250,250,221" oya="0" hai0="84,118,74,41,11,75,85,9,59,24,135,2,86" hai1="91,90,21,31,79,0,29,56,106,109,70,33,8" hai2="47,35,48,66,30,116,43,46,110,63,93,131,112" hai3="57,4,64,37,62,107,36,27,53,22,38,108,76"/><T98/><D118/><U80/><E70/><V26/><F110/><W28/><G107/><T101/><D135/><U125/><E33/><V58/><F131/><W81/><G108/><T124/><D124/><U133/><E106/><V68/><F116/><W51/><G4/><T127/><D127/><U92/><E109/><V82/><F112/><W129/><G129/><T87/><D41/><U12/><E0/><V20/><F82/><W121/><G121/><T100/><N who="0" m="21504" /><DORA hai="39" /><T119/><D119/><U114/><E133/><V134/><F134/><W102/><G102/><T83/><D59/><U132/><E114/><V94/><F68/><W25/><G25/><T89/><D89/><U97/><E125/><V50/><F35/><W99/><G99/><T78/><D75/><U111/><E111/><V10/><F10/><W65/><REACH who="3" step="1"/><G62/><REACH who="3" ten="279,250,250,211" step="2"/><T105/><D100/><U72/><E132/><V6/><REACH who="2" step="1"/><F6/><REACH who="2" ten="279,250,240,211" step="2"/><W49/><G49/><T123/><D123/><U44/><E80/><V128/><F128/><W13/><G13/><T18/><REACH who="0" step="1"/><D2/><REACH who="0" ten="269,250,240,211" step="2"/><U115/><E115/><V122/><F122/><W40/><G40/><AGARI ba="1,3" hai="20,26,30,40,43,46,47,48,50,58,63,66,93,94" machi="40" ten="30,12000,2" yaku="1,1,7,1,9,1,8,1,52,3,53,0" doraHai="16,39" doraHaiUra="126,14" who="2" fromWho="3" sc="269,0,250,0,240,153,211,-123" /><INIT seed="1,0,0,3,1,87" ten="269,250,393,88" oya="1" hai0="121,99,1,124,5,45,111,127,40,12,93,82,130" hai1="90,56,83,57,27,73,68,129,66,108,13,71,134" hai2="7,64,98,35,39,126,89,44,97,47,103,15,49" hai3="4,23,6,34,20,21,81,26,112,42,75,30,110"/><U120/><E120/><V52/><F35/><W59/><G110/><T22/><D111/><U100/><E108/><V101/><F126/><N who="0" m="48170" /><D130/><U55/><E134/><V122/><F122/><W117/><G112/><T61/><D121/><U69/><E129/><V60/><F39/><W43/><G117/><T80/><D1/><U48/><E100/><V119/><F44/><W17/><G59/><T51/><D61/><U9/><E27/><V135/><F135/><W125/><G125/><T25/><D12/><U76/><E57/><N who="2" m="36879" /><F119/><W18/><G81/><T118/><D5/><N who="3" m="2153" /><G75/><T24/><D118/><U70/><E70/><V132/><F132/><W8/><G43/><T53/><D40/><U65/><REACH who="1" step="1"/><E90/><REACH who="1" ten="269,240,393,88" step="2"/><V131/><F131/><W54/><G42/><T94/><D25/><U88/><E88/><V123/><F89/><W113/><G54/><T84/><D99/><N who="2" m="37898" /><F123/><W11/><G113/><T67/><D67/><U78/><E78/><V63/><F63/><W10/><AGARI ba="0,1" hai="8,10,11,17,18,20,21,23,26,30,34" m="2153" machi="10" ten="40,8000,1" yaku="35,5" doraHai="87" who="3" fromWho="3" sc="269,-20,240,-40,393,-20,88,90" /><INIT seed="2,0,0,4,2,38" ten="249,200,373,178" oya="2" hai0="93,77,72,123,67,43,96,129,130,64,4,50,3" hai1="49,19,31,25,40,10,52,100,8,61,132,16,62" hai2="57,86,80,114,27,79,111,82,48,88,21,117,131" hai3="76,125,15,54,89,41,37,102,44,17,119,20,12"/><V78/><F114/><W98/><G125/><T34/><D34/><U51/><E132/><V74/><F117/><W84/><G119/><T68/><D123/><U120/><E120/><V106/><F106/><W75/><G75/><T95/><D4/><U71/><E100/><V112/><F112/><W81/><G54/><T36/><D36/><U121/><E121/><V83/><F131/><N who="0" m="50186" /><D3/><U55/><E25/><V2/><F2/><W11/><G76/><N who="2" m="29225" /><F74/><W46/><G46/><N who="0" m="25951" /><D68/><U97/><E40/><V58/><F111/><W63/><G63/><T18/><D18/><U133/><E133/><V6/><F6/><W122/><G122/><T7/><D7/><U87/><E87/><V70/><F70/><W0/><G0/><T73/><D73/><U115/><E71/><V69/><F69/><W109/><G109/><T94/><D96/><U45/><E115/><V29/><F48/><W9/><REACH who="3" step="1"/><G15/><REACH who="3" ten="249,200,373,168" step="2"/><T116/><D116/><U91/><E45/><V105/><F58/><W85/><G85/><T113/><D113/><U13/><E13/><V56/><F57/><W101/><G101/><T110/><D110/><U92/><E55/><V103/><F56/><W32/><G32/><T53/><D53/><U59/><E61/><V66/><F103/><W14/><G14/><T5/><D77/><U126/><E126/><V104/><F86/><W127/><G127/><T128/><D72/><U26/><E62/><V42/><F66/><W135/><G135/><T118/><D118/><U39/><E52/><V33/><F33/><W107/><AGARI ba="0,1" hai="9,11,12,17,20,37,41,44,81,84,89,98,102,107" machi="107" ten="20,5200,0" yaku="1,1,0,1,7,1,52,1,53,0" doraHai="38" doraHaiUra="30" who="3" fromWho="3" sc="249,-13,200,-13,373,-26,168,62" /><INIT seed="3,0,0,3,4,8" ten="236,187,347,230" oya="3" hai0="50,127,38,110,89,102,113,134,86,90,70,121,9" hai1="77,51,54,30,88,19,82,48,52,97,68,14,104" hai2="65,66,92,33,112,79,0,46,1,71,44,6,109" hai3="22,43,23,93,94,18,61,91,42,45,3,131,115"/><W119/><G115/><T106/><D38/><U10/><E68/><V118/><F33/><W133/><G119/><T83/><D121/><U41/><E30/><V135/><F112/><W120/><G133/><T114/><D70/><U124/><E124/><V34/><F34/><W13/><G131/><T2/><D127/><U101/><E88/><V73/><F71/><W58/><G3/><T100/><D134/><U126/><E126/><V116/><F73/><W122/><G23/><T39/><D39/><U21/><E21/><V95/><F135/><W69/><G69/><T74/><D110/><U27/><E27/><V55/><F109/><W105/><G105/><T35/><D35/><U85/><REACH who="1" step="1"/><E51/><REACH who="1" ten="236,177,347,230" step="2"/><V63/><F116/><W31/><G31/><T130/><D90/><U56/><E56/><V49/><F49/><W98/><G120/><T132/><D132/><U96/><E96/><V25/><F25/><W20/><G122/><T129/><D50/><U72/><E72/><V117/><F117/><W24/><G45/><AGARI ba="0,1" hai="10,14,19,41,45,48,52,54,77,82,85,97,101,104" machi="45" ten="40,5200,0" yaku="1,1,52,1,54,1,53,0" doraHai="8" doraHaiUra="108" who="1" fromWho="3" sc="236,0,177,62,347,0,230,-52" owari="236,-16.4,239,3.9,347,44.7,178,-32.2" /></mjloggm>