<mjloggm ver="2.3"><GO type="225" lobby="0"/><UN n0="%43%6F%66%66%65%65" n1="%E3%82%BC%E3%83%AB%E3%83%80%E3%81%AE%E4%BC%9D%E8%AA%AC" n2="%E5%B8%86%E7%AB%8B%E5%A4%8F%E8%A1%A3" n3="%63%68%78%62%64" dan="17,17,16,16" rate="2155.74,2247.18,2168.35,2127.86" sx="F,M,M,M"/><TAIKYOKU oya="0"/><INIT seed="0,0,0,5,5,9" ten="250,250,250,250" oya="0" hai0="74,90,65,42,92,118,121,60,47,120,49,76,117" hai1="73,54,134,14,10,29,89,53,112,77,19,96,2" hai2="33,20,63,13,106,51,123,59,3,27,94,72,103" hai3="91,122,102,17,113,62,57,133,78,56,83,55,5"/><T45/><D76/><U28/><E134/><V97/><F3/><W93/><G113/><T84/><D74/><U58/><E112/><V79/><F123/><W52/><G133/><T43/><D121/><U129/><E129/><V1/><F1/><W0/><G122/><T85/><D85/><U38/><E38/><V80/><F33/><W40/><G40/><T32/><D32/><U131/><E131/><V18/><F51/><N who="3" m="30751" /><G0/><T71/><REACH who="0" step="1"/><D120/><REACH who="0" ten="240,250,250,250" step="2"/><U22/><E77/><V109/><F109/><W16/><G78/><T23/><D23/><U70/><E22/><V88/><F27/><W25/><G25/><T11/><D11/><U35/><E10/><V46/><F46/><W7/><G83/><T69/><D69/><U48/><E70/><V39/><F39/><AGARI ba="0,1" hai="39,42,43,45,47,49,60,65,71,84,90,92,117,118" machi="39" ten="30,2900,0" yaku="1,1,7,1,53,0" doraHai="9" doraHaiUra="98" who="0" fromWho="2" sc="240,39,250,0,250,-29,250,0" /><INIT seed="0,1,0,5,4,20" ten="279,250,221,250" oya="0" hai0="52,41,62,47,5,102,61,83,63,18,72,133,65" hai1="132,69,89,126,81,75,67,42,39,14,4,88,57" hai2="3,79,16,43,74,105,85,44,36,96,125,77,60" hai3="25,131,99,106,53,34,87,135,104,94,128,121,86"/><T50/><D133/><U32/><E132/><V111/><F111/><W31/><G135/><T1/><D102/><U35/><E69/><V98/><F125/><W101/><G121/><T17/><D1/><U82/><E126/><V27/><F74/><W48/><G87/><T8/><D65/><U51/><E39/><V45/><F3/><W117/><G117/><T118/><D118/><U28/><E75/><V29/><F105/><W115/><G115/><T59/><D72/><U120/><E120/><V112/><F112/><W68/><G68/><T92/><D92/><U130/><E130/><N who="3" m="49706" /><G86/><T127/><D83/><U30/><E67/><V124/><F124/><W54/><G54/><T66/><D127/><U22/><E22/><N who="2" m="13767" /><F36/><W109/><G109/><T80/><D80/><U9/><E35/><V33/><F33/><W129/><N who="3" m="49714" /><W90/><DORA hai="103" /><G101/><T7/><D66/><U58/><E82/><N who="2" m="47311" /><F79/><W116/><G116/><T78/><D78/><U113/><E113/><V119/><F119/><W13/><G13/><N who="0" m="5279" /><D5/><U26/><E81/><V11/><F98/><W64/><G64/><T21/><D18/><U0/><E0/><V110/><F96/><W37/><G37/><T107/><D107/><U95/><E95/><V108/><F108/><W12/><G12/><AGARI ba="1,0" hai="12,17,21,41,47,50,52,59,61,62,63" m="5279" machi="12" ten="30,2900,0" yaku="8,1,54,1" doraHai="20,103" who="0" fromWho="3" sc="279,32,250,0,221,0,250,-32" /><INIT seed="0,2,0,2,1,102" ten="311,250,221,218" oya="0" hai0="86,63,52,81,13,8,53,113,77,11,62,30,114" hai1="119,73,1,25,106,101,118,56,100,40,48,70,72" hai2="54,93,89,2,121,59,111,32,31,129,12,131,28" hai3="6,128,34,36,79,88,98,82,75,80,3,29,87"/><T44/><D30/><U104/><E70/><V124/><F2/><W43/><G128/><N who="2" m="49225" /><F121/><W20/><G98/><T57/><D113/><U109/><E1/><V41/><F111/><W123/><G123/><T0/><D0/><U5/><E25/><V108/><F108/><W127/><G127/><T96/><D114/><U4/><E109/><V116/><F41/><W47/><G34/><T91/><D13/><U120/><E56/><V74/><F74/><W16/><G29/><T27/><D27/><U45/><E120/><V117/><F12/><W38/><G38/><T33/><D33/><U58/><E58/><V19/><F19/><W134/><G134/><T71/><D71/><U15/><E15/><V105/><F105/><W23/><REACH who="3" step="1"/><G16/><REACH who="3" ten="311,250,221,208" step="2"/><T22/><D22/><U68/><E119/><N who="2" m="45643" /><F124/><W35/><G35/><T50/><D63/><U83/><E118/><V92/><F32/><W133/><G133/><T65/><D65/><U76/><E4/><V66/><F66/><W64/><G64/><T110/><D110/><U51/><E5/><V135/><F135/><W85/><G85/><T78/><D96/><U7/><E7/><V14/><F14/><W122/><G122/><T49/><D62/><U60/><E73/><V17/><F17/><W26/><G26/><T130/><D130/><U67/><E51/><N who="2" m="31199" /><F93/><W97/><G97/><AGARI ba="2,1" hai="28,31,89,92,97" m="31199,45643,49225" machi="97" ten="30,2000,0" yaku="19,1,12,1" doraHai="102" who="2" fromWho="3" sc="311,0,250,0,221,36,208,-26" /><INIT seed="1,0,0,0,0,96" ten="311,250,257,182" oya="1" hai0="104,64,22,101,127,134,130,52,0,102,29,108,8" hai1="107,69,68,43,99,94,90,39,45,34,21,26,116" hai2="27,48,66,93,86,5,25,78,95,30,97,118,131" hai3="132,61,75,65,88,6,42,70,87,126,109,123,111"/><U44/><E116/><V85/><F118/><W106/><G123/><T50/><D104/><U47/><E34/><V105/><F131/><W14/><G132/><T60/><D130/><U129/><E129/><V40/><F105/><W46/><G75/><T13/><D0/><U62/><E107/><V54/><F5/><W35/><G35/><T12/><D108/><N who="3" m="41545" /><G126/><T37/><D37/><U73/><E73/><V72/><F40/><W51/><G106/><T135/><D127/><U2/><E2/><V3/><F66/><W77/><G77/><T80/><D80/><U120/><E120/><V100/><F72/><W115/><G115/><T76/><D76/><U113/><E113/><V36/><F36/><W11/><G87/><T91/><D91/><AGARI ba="0,0" hai="6,11,14,42,46,51,61,65,70,88,91" m="41545" machi="91" ten="30,2000,0" yaku="14,1,54,1" doraHai="96" who="3" fromWho="0" sc="311,-20,250,0,257,0,182,20" /><INIT seed="2,0,0,4,3,21" ten="291,250,257,202" oya="2" hai0="128,18,111,33,72,126,93,101,118,74,50,45,70" hai1="85,32,49,78,62,71,79,99,24,94,77,113,1" hai2="43,20,127,14,12,135,4,130,53,22,89,132,2" hai3="107,15,123,100,125,116,119,7,34,44,38,10,16"/><V51/><F43/><W63/><G123/><T30/><D70/><U23/><E113/><V106/><F106/><W103/><G125/><T76/><D126/><U114/><E114/><V27/><F127/><W37/><G34/><T48/><D111/><U41/><E1/><V110/><F89/><W115/><G115/><T6/><D6/><U13/><E32/><V108/><F51/><W104/><G63/><T55/><D128/><U90/><E13/><N who="2" m="5227" /><F22/><W84/><G7/><T19/><D118/><U52/><E41/><V65/><F53/><W66/><G66/><T35/><D101/><U11/><E11/><N who="2" m="2455" /><F65/><W5/><G5/><T57/><D93/><U26/><E23/><V120/><F120/><W97/><G84/><T112/><D112/><U8/><E8/><V61/><F61/><W9/><G9/><T98/><D98/><U3/><E3/><V105/><F105/><W46/><G116/><T67/><D67/><U0/><E0/><V60/><F60/><W96/><REACH who="3" step="1"/><G119/><REACH who="3" ten="291,250,257,192" step="2"/><T95/><D35/><U92/><E62/><V134/><F130/><W87/><G87/><T54/><D33/><U131/><E131/><V17/><AGARI ba="0,1" hai="17,20,27,108,110,132,134,135" m="2455,5227" machi="17" ten="40,12000,1" yaku="20,1,34,2,52,1" doraHai="21" who="2" fromWho="2" sc="291,-40,250,-40,257,130,192,-40" /><INIT seed="2,1,0,3,1,107" ten="251,210,387,152" oya="2" hai0="77,11,30,116,51,76,61,29,38,37,18,52,78" hai1="67,20,33,8,21,132,99,48,1,95,94,70,3" hai2="39,88,53,110,96,86,87,12,106,27,41,105,36" hai3="75,127,131,125,35,118,102,114,23,49,28,85,65"/><V89/><F12/><W24/><G118/><T79/><D116/><U32/><E48/><V120/><F53/><W91/><G131/><T98/><D38/><U83/><E83/><V113/><F96/><W134/><G134/><T59/><D37/><U42/><E99/><V74/><F27/><W115/><G102/><T104/><D104/><U122/><E8/><V82/><F113/><N who="3" m="43019" /><G65/><T101/><D77/><U57/><E57/><V45/><F120/><W100/><G100/><T44/><D98/><U130/><E67/><V112/><F112/><W14/><G49/><T46/><D101/><U133/><E42/><V5/><F5/><W55/><G55/><N who="0" m="30183" /><D46/><U84/><E84/><V10/><F10/><W54/><G54/><T72/><D72/><U129/><E70/><V135/><F135/><W19/><G75/><T7/><D7/><U4/><E4/><V81/><F74/><W60/><G60/><T64/><D64/><U121/><AGARI ba="1,0" hai="1,3,20,21,32,33,94,95,121,122,129,130,132,133" machi="121" ten="25,3200,0" yaku="0,1,22,2" doraHai="107" who="1" fromWho="1" sc="251,-9,210,35,387,-17,152,-9" /><INIT seed="3,0,0,2,0,55" ten="242,245,370,143" oya="3" hai0="52,116,118,72,92,109,132,91,14,15,115,37,47" hai1="32,13,117,31,65,121,111,3,112,130,85,17,81" hai2="133,46,96,77,53,89,106,2,4,39,18,129,123" hai3="73,113,16,98,110,87,75,64,124,90,51,38,21"/><W79/><G113/><T43/><D72/><U68/><E112/><V36/><F53/><W67/><G38/><T6/><D115/><U60/><E3/><V104/><F18/><W102/><G124/><T7/><D109/><U1/><E1/><V5/><F89/><W26/><G110/><T22/><D132/><U131/><E111/><V56/><F2/><W114/><G114/><T23/><D52/><U122/><E117/><V70/><F96/><W25/><G75/><T61/><D61/><U30/><E32/><V44/><F77/><W0/><G0/><T103/><D103/><U99/><E99/><V128/><F70/><W62/><G51/><T125/><D125/><U120/><E31/><V66/><F66/><W57/><G73/><T74/><D74/><U78/><E30/><V134/><F56/><W63/><G79/><T59/><D59/><U100/><E100/><V80/><F80/><N who="3" m="49511" /><G98/><N who="0" m="57631" /><D118/><U71/><E71/><V119/><F123/><W11/><G102/><T9/><D116/><AGARI ba="0,0" hai="4,5,36,39,44,46,104,106,116,119,128,129,133,134" machi="116" ten="25,1600,0" yaku="22,2" doraHai="55" who="2" fromWho="0" sc="242,-16,245,0,370,16,143,0" owari="226,-17.4,245,4.5,386,48.6,143,-35.7" /></mjloggm>