<mjloggm ver="2.3"><GO type="225" lobby="0"/><UN n0="%E4%BF%BA%E3%81%A8%E5%A6%96%E5%A4%A2" n1="%E6%98%93%E5%88%A9%E8%96%A9%E4%BC%AF" n2="%61%74%73%75%74%6F%64%6F" n3="%72%69%6F%75%63%68%61%6E" dan="16,16,16,16" rate="2146.76,2103.65,2100.81,2197.93" sx="F,F,M,M"/><TAIKYOKU oya="0"/><INIT seed="0,0,0,5,0,73" ten="250,250,250,250" oya="0" hai0="85,18,36,40,129,71,61,103,27,1,53,135,124" hai1="120,125,23,128,55,121,42,94,70,5,24,119,81" hai2="25,99,14,68,75,59,63,4,115,56,13,10,102" hai3="72,29,34,37,9,79,39,109,28,62,107,111,101"/><T113/><D113/><U45/><E70/><V82/><F115/><W38/><G9/><T90/><D1/><U64/><E64/><V80/><F68/><W15/><G15/><T11/><D135/><U16/><E119/><V78/><F82/><N who="3" m="45415" /><G62/><T105/><D129/><U134/><E125/><V41/><F41/><W54/><G54/><T12/><D124/><U60/><E128/><V86/><F75/><W126/><G126/><T74/><D74/><U67/><E5/><V43/><F43/><W131/><G131/><T95/><D40/><U83/><E94/><V33/><F13/><W130/><G130/><T122/><D36/><U76/><E83/><V47/><F47/><W98/><G28/><T96/><D122/><U133/><E55/><V93/><F33/><W104/><G107/><T69/><D27/><AGARI ba="0,0" hai="27,29,34,37,38,39,98,101,104,109,111" m="45415" machi="27" ten="40,2600,0" yaku="23,1,52,1" doraHai="73" who="3" fromWho="0" sc="250,-26,250,0,250,0,250,26" /><INIT seed="1,0,0,1,2,17" ten="224,250,250,276" oya="1" hai0="95,26,103,124,47,56,41,114,130,18,6,120,2" hai1="42,65,66,92,33,71,76,118,123,108,50,44,128" hai2="52,69,40,11,126,35,127,27,133,100,60,70,8" hai3="14,23,28,7,9,134,121,84,51,78,82,99,88"/><U106/><E106/><V105/><F40/><W89/><G134/><T58/><D114/><U15/><E118/><V113/><F113/><W19/><G121/><T61/><D120/><U98/><E33/><V125/><F133/><W34/><G99/><T102/><D130/><U31/><E123/><V94/><F105/><W75/><G75/><T12/><D124/><U63/><E128/><V86/><F35/><W129/><G129/><T43/><D26/><U116/><E116/><V122/><F122/><W68/><G68/><N who="2" m="26217" /><F27/><W55/><G28/><T110/><D110/><U3/><E3/><V30/><F30/><W0/><REACH who="3" step="1"/><G34/><REACH who="3" ten="224,250,250,266" step="2"/><T5/><D103/><U16/><E31/><V80/><F100/><W53/><G53/><T39/><D102/><U79/><E66/><V62/><F52/><W25/><G25/><T87/><D41/><U38/><E108/><V37/><F127/><W115/><G115/><T119/><D119/><U73/><E73/><V4/><F126/><W93/><G93/><T57/><D95/><U101/><REACH who="1" step="1"/><E38/><REACH who="1" ten="224,240,250,266" step="2"/><V111/><F37/><W81/><G81/><T85/><D39/><U132/><E132/><V21/><F111/><W32/><G32/><T10/><D2/><U77/><E77/><V24/><F125/><W72/><G72/><T59/><N who="0" m="14336" /><DORA hai="112" /><T107/><D107/><U83/><E83/><V109/><F80/><W48/><G48/><N who="0" m="26751" /><D61/><U131/><E131/><V13/><F109/><W46/><AGARI ba="0,2" hai="0,7,9,14,19,23,46,51,55,78,82,84,88,89" machi="46" ten="20,8000,1" yaku="1,1,0,1,7,1,52,1,54,1,53,0" doraHai="17,112" doraHaiUra="97,64" who="3" fromWho="3" sc="224,-20,240,-40,250,-20,266,100" /><INIT seed="2,0,0,4,3,51" ten="204,200,230,366" oya="2" hai0="70,42,55,135,22,89,104,5,40,1,94,90,3" hai1="83,128,10,116,76,65,6,102,120,68,25,20,109" hai2="75,17,111,130,67,59,123,53,37,19,23,8,62" hai3="79,31,48,108,54,35,103,21,100,11,30,73,77"/><V56/><F123/><W45/><G35/><T134/><D104/><U39/><E120/><V125/><F37/><W60/><G108/><T110/><D70/><U86/><E39/><V52/><F75/><W13/><G73/><T33/><D33/><U81/><E116/><V26/><F111/><W27/><G30/><T28/><D110/><U34/><E109/><V38/><F38/><W24/><G24/><T132/><D28/><U133/><E34/><V118/><F118/><W44/><G44/><T9/><D1/><U78/><E128/><V119/><F119/><W129/><G129/><T84/><D22/><U15/><E133/><V66/><F125/><W2/><G2/><T131/><D131/><U82/><E102/><N who="3" m="38954" /><G60/><T72/><D72/><U97/><E97/><V96/><F96/><W95/><G95/><T4/><D4/><AGARI ba="0,0" hai="4,11,13,21,27,31,45,48,54,77,79" m="38954" machi="4" ten="30,2000,0" yaku="8,1,52,1" doraHai="51" who="3" fromWho="0" sc="204,-20,200,0,230,0,366,20" /><INIT seed="3,0,0,4,2,25" ten="184,200,230,386" oya="3" hai0="40,68,127,20,69,120,23,98,97,101,77,135,57" hai1="75,92,34,79,73,94,16,83,124,121,15,80,37" hai2="14,26,108,30,12,123,35,19,59,102,81,48,43" hai3="61,38,116,90,107,54,129,96,4,44,58,0,103"/><W36/><G116/><T1/><D120/><U9/><E121/><V42/><F108/><W18/><G129/><T133/><D1/><U87/><E124/><V122/><F102/><W47/><G18/><T22/><D77/><U64/><E34/><V24/><F12/><W71/><G90/><T11/><D11/><U84/><E37/><V2/><F26/><W126/><G54/><T13/><D127/><U118/><E118/><V53/><F2/><W85/><G85/><T63/><D13/><U89/><REACH who="1" step="1"/><E64/><REACH who="1" ten="184,190,230,386" step="2"/><V93/><F123/><W3/><G36/><T74/><D40/><U29/><E29/><V119/><F119/><W27/><G38/><T65/><D74/><AGARI ba="0,1" hai="9,15,16,73,74,75,79,80,83,84,87,89,92,94" machi="74" ten="40,2600,0" yaku="1,1,54,1,53,0" doraHai="25" doraHaiUra="100" who="1" fromWho="0" sc="184,-26,190,36,230,0,386,0" owari="158,-34.2,226,-17.4,230,3.0,386,48.6" /></mjloggm>