<mjloggm ver="2.3"><GO type="225" lobby="0"/><UN n0="%E8%81%B7%E6%A5%AD%E3%80%81%E9%A2%A8%32" n1="%E8%A8%88%E7%AE%97%E6%A9%9F%E8%87%AA%E7%84%B6" n2="%72%61%6B%33" n3="%6D%75%75%6D%75%72%61" dan="16,17,18,16" rate="2140.40,2237.34,2271.02,2171.24" sx="M,M,M,F"/><TAIKYOKU oya="0"/><INIT seed="0,0,0,0,0,90" ten="250,250,250,250" oya="0" hai0="71,69,25,26,102,79,38,63,127,46,10,130,103" hai1="132,15,126,99,95,47,28,3,27,94,14,54,81" hai2="118,40,11,4,80,128,75,101,37,123,42,116,52" hai3="62,107,34,87,124,93,112,78,122,88,91,35,109"/><T45/><D127/><U117/><E117/><V134/><F123/><W108/><G112/><T110/><D79/><U44/><E3/><V115/><F115/><W53/><G107/><T59/><D130/><U135/><E81/><V72/><F128/><W0/><G0/><T64/><D10/><U43/><E54/><V68/><F68/><W39/><G39/><T57/><D110/><N who="3" m="42601" /><G124/><T113/><D113/><U48/><E126/><V121/><F121/><W12/><G78/><T23/><D38/><U13/><E44/><N who="0" m="17001" /><D69/><U60/><E60/><V114/><F114/><W85/><G122/><T74/><D74/><U61/><E61/><V67/><F37/><W73/><G73/><T41/><D71/><U84/><E84/><V21/><F118/><W65/><G12/><T83/><D83/><U24/><E24/><N who="0" m="9321" /><D23/><U98/><E27/><V55/><F116/><W86/><G53/><N who="0" m="34223" /><D41/><U96/><REACH who="1" step="1"/><E28/><REACH who="1" ten="250,240,250,250" step="2"/><V16/><F75/><W133/><G62/><AGARI ba="0,1" hai="59,62,64,102,103" m="34223,9321,17001" machi="62" ten="30,1500,0" yaku="8,1" doraHai="90" who="0" fromWho="3" sc="250,25,240,0,250,0,250,-15" /><INIT seed="0,1,0,2,3,93" ten="275,240,250,235" oya="0" hai0="61,110,23,48,127,106,97,36,72,27,119,34,116" hai1="109,10,26,19,32,125,45,88,91,54,14,76,49" hai2="120,122,47,129,12,11,56,38,130,77,70,132,51" hai3="6,42,67,118,99,66,9,124,25,28,105,113,68"/><T20/><D72/><U60/><E109/><V4/><F70/><W15/><G113/><T5/><D36/><U95/><E125/><V44/><F132/><W1/><G124/><T24/><D127/><U74/><E74/><V117/><F117/><W7/><G118/><T102/><D34/><U63/><E76/><V96/><F77/><W114/><G114/><T0/><D110/><U121/><E121/><V92/><F56/><W62/><G66/><T46/><D5/><U58/><E91/><V8/><F8/><W73/><G73/><T37/><D37/><U31/><REACH who="1" step="1"/><E45/><REACH who="1" ten="275,230,250,235" step="2"/><V17/><F44/><W111/><G111/><T64/><D116/><U79/><E79/><V75/><F75/><W30/><G1/><T85/><D0/><U131/><E131/><V22/><F122/><W115/><G115/><T81/><D119/><U3/><E3/><V18/><F120/><W86/><G86/><AGARI ba="1,1" hai="10,14,19,26,31,32,49,54,58,60,63,86,88,95" machi="86" ten="30,3900,0" yaku="1,1,7,1,54,1,53,0" doraHai="93" doraHaiUra="133" who="1" fromWho="3" sc="275,0,230,52,250,0,235,-42" /><INIT seed="1,0,0,5,1,46" ten="275,282,250,193" oya="1" hai0="54,39,102,47,109,66,23,100,20,83,82,79,62" hai1="86,43,52,34,118,81,125,10,70,24,56,116,55" hai2="18,48,107,35,33,104,76,74,112,128,30,32,6" hai3="25,16,28,45,4,61,88,12,130,11,111,38,91"/><U84/><E70/><V31/><F6/><W29/><G111/><T5/><D109/><U114/><E114/><V90/><F112/><W72/><G130/><T17/><D5/><U108/><E108/><V121/><F121/><W134/><G72/><T21/><D17/><U113/><E113/><V77/><F90/><W41/><G134/><T89/><D89/><U27/><E43/><V92/><F92/><W7/><G61/><T106/><D83/><U19/><E125/><V122/><F18/><W9/><G29/><T22/><D106/><U26/><E34/><V59/><F128/><W36/><G36/><T68/><N who="0" m="5120" /><DORA hai="53" /><T115/><D115/><U75/><E55/><V73/><F33/><W97/><G97/><T64/><D64/><U110/><E110/><V2/><F122/><W119/><G119/><T95/><D95/><U65/><E65/><V93/><F93/><W57/><G57/><T49/><REACH who="0" step="1"/><D39/><REACH who="0" ten="265,282,250,193" step="2"/><U124/><E116/><V101/><F107/><W80/><G80/><T67/><D67/><U87/><E118/><V120/><F104/><W127/><G7/><T117/><D117/><U94/><E94/><V96/><F120/><W13/><G127/><T71/><D71/><U135/><E124/><V50/><F32/><AGARI ba="0,1" hai="4,9,11,12,13,16,25,28,32,38,41,45,88,91" machi="32" ten="30,3900,0" yaku="7,1,54,2" doraHai="46,53" who="3" fromWho="2" sc="265,0,282,0,250,-39,193,49" /><INIT seed="2,0,0,3,2,18" ten="265,282,211,242" oya="2" hai0="23,46,121,76,16,105,86,87,66,6,2,82,93" hai1="134,24,29,85,122,125,83,51,74,75,71,36,91" hai2="65,81,68,17,28,128,117,78,129,58,116,21,38" hai3="25,61,62,20,52,56,106,92,80,84,109,60,88"/><V64/><F38/><W59/><G106/><T127/><D105/><U32/><E36/><V10/><F68/><W132/><G109/><T120/><D127/><U1/><E1/><V69/><F69/><W37/><G37/><T102/><D66/><U108/><E71/><V123/><F123/><W26/><G132/><T19/><D46/><U110/><E125/><V112/><F28/><N who="3" m="17447" /><G26/><T40/><D40/><U34/><E134/><V115/><F10/><W89/><G59/><T67/><D67/><U130/><E130/><N who="2" m="50283" /><F64/><W72/><G72/><T100/><D19/><U97/><E32/><V113/><F58/><W50/><G62/><T4/><D2/><U77/><E51/><V90/><F65/><W43/><G43/><T70/><D70/><U95/><E122/><V133/><F133/><W9/><G9/><T49/><D120/><U118/><E118/><V131/><N who="2" m="50291" /><V101/><DORA hai="13" /><F101/><W53/><G53/><T22/><D102/><U39/><E39/><V119/><F90/><W3/><G3/><T8/><D100/><U111/><AGARI ba="0,0" hai="24,29,34,74,75,77,83,85,91,95,97,108,110,111" machi="111" ten="30,2000,0" yaku="0,1,14,1" doraHai="18,13" who="1" fromWho="1" sc="265,-5,282,20,211,-10,242,-5" /><INIT seed="3,0,0,0,4,40" ten="260,302,201,237" oya="3" hai0="36,90,79,2,110,21,123,97,5,91,69,124,30" hai1="83,22,104,115,63,87,119,15,4,52,11,114,131" hai2="60,107,59,99,32,42,129,28,120,121,31,71,48" hai3="44,10,16,112,58,68,73,26,130,49,105,12,74"/><W64/><G112/><T85/><D110/><U41/><E104/><V13/><F129/><W89/><G130/><T78/><D69/><U103/><E103/><V17/><F71/><W34/><G105/><T51/><D123/><N who="2" m="47178" /><F107/><W7/><G68/><T93/><D36/><U37/><E131/><V116/><F116/><W61/><G89/><T62/><D124/><U126/><E126/><V6/><F6/><W132/><G132/><T43/><D5/><U102/><E102/><V56/><F99/><W47/><G47/><N who="0" m="26111" /><D2/><U27/><E41/><V77/><F77/><W127/><G127/><T38/><D38/><U55/><E37/><V113/><F113/><W24/><G7/><T45/><D45/><U65/><E119/><V25/><F31/><W84/><G84/><T35/><D79/><N who="1" m="46591" /><E115/><V109/><F109/><W133/><G133/><T75/><D78/><U54/><E114/><V134/><F60/><W57/><G57/><N who="2" m="22089" /><F134/><W94/><G34/><T0/><D35/><U67/><E63/><V92/><F92/><W80/><G94/><T1/><D62/><U118/><E118/><V101/><F101/><W19/><G19/><AGARI ba="0,0" hai="4,11,15,19,22,27,52,54,55,65,67" m="46591" machi="19" ten="30,2000,0" yaku="8,1,54,1" doraHai="40" who="1" fromWho="3" sc="260,0,302,20,201,0,237,-20" owari="260,6.0,322,42.2,201,-29.9,217,-18.3" /></mjloggm>