<mjloggm ver="2.3"><GO type="225" lobby="0"/><UN n0="%E3%81%82%E3%81%99%E3%81%AB%E3%82%83%E3%82%80" n1="%E8%BE%9B%E5%8F%A3%E3%82%AB%E3%83%AC%E3%83%BC%E3%83%A9%E3%82%A4%E3%82%B9" n2="%E7%B4%94%E6%BD%94%E3%83%94%E3%83%A9%E3%83%8B%E3%82%A2" n3="%69%71%31%38%30%E7%9C%9F%E5%89%A3%E6%A7%98" dan="16,16,17,17" rate="2196.22,2197.50,2271.68,2192.67" sx="F,M,M,M"/><TAIKYOKU oya="0"/><INIT seed="0,0,0,4,0,3" ten="250,250,250,250" oya="0" hai0="129,42,110,5,68,13,64,134,112,12,102,128,118" hai1="130,49,123,127,36,133,63,116,6,98,69,135,86" hai2="17,79,119,125,9,41,81,126,66,38,97,34,30" hai3="37,93,24,83,87,95,82,2,85,20,14,120,76"/><T101/><D112/><U28/><E98/><V0/><F66/><W11/><G2/><T19/><D118/><U92/><E92/><V33/><F97/><W72/><G37/><T53/><D42/><U58/><E86/><V90/><F90/><W25/><G72/><T48/><D134/><N who="1" m="51211" /><E28/><V21/><F41/><W94/><G20/><T124/><D124/><N who="2" m="47722" /><F38/><W10/><G120/><T26/><D26/><U100/><E100/><V117/><F81/><W88/><REACH who="3" step="1"/><G10/><REACH who="3" ten="250,250,250,240" step="2"/><N who="0" m="4175" /><D128/><U45/><E127/><V46/><F9/><W107/><G107/><T106/><D106/><U75/><E123/><V22/><F21/><W7/><AGARI ba="0,1" hai="7,11,14,24,25,76,82,83,85,87,88,93,94,95" machi="7" ten="30,8000,1" yaku="1,1,0,1,8,1,52,1,54,1,53,0" doraHai="3" doraHaiUra="113" who="3" fromWho="3" sc="250,-40,250,-20,250,-20,240,90" /><INIT seed="1,0,0,1,1,89" ten="210,230,230,330" oya="1" hai0="56,77,83,64,130,103,2,55,116,47,92,112,84" hai1="33,87,117,12,30,21,106,61,51,97,94,122,68" hai2="88,70,99,41,67,126,123,26,9,100,52,127,90" hai3="6,82,45,111,78,50,121,85,107,66,110,73,39"/><U101/><E117/><V128/><F41/><N who="3" m="22719" /><G121/><T71/><D112/><U95/><E122/><V11/><F67/><W109/><G107/><T120/><D116/><U0/><E0/><V135/><F70/><W14/><G66/><T115/><D115/><U19/><E87/><V63/><F26/><W62/><G62/><T54/><D2/><U24/><E51/><V20/><F20/><W5/><G50/><T76/><D130/><U22/><E22/><V129/><F11/><N who="3" m="4463" /><G6/><T81/><D71/><U108/><E108/><V102/><F9/><W46/><G46/><T133/><D133/><U98/><E98/><V17/><F17/><W32/><G32/><T42/><D120/><U125/><E125/><N who="2" m="47627" /><F102/><W35/><G35/><T18/><D18/><U34/><E34/><V27/><F27/><W57/><G57/><T28/><D28/><U74/><E74/><AGARI ba="0,0" hai="73,74,78,82,85,109,110,111" m="4463,22719" machi="74" ten="30,1000,0" yaku="14,1" doraHai="89" who="3" fromWho="1" sc="210,0,230,-10,230,0,330,10" /><INIT seed="2,0,0,2,5,59" ten="210,220,230,340" oya="2" hai0="6,89,92,65,122,91,25,71,47,103,130,24,44" hai1="31,126,85,74,1,81,78,69,14,131,129,72,105" hai2="134,73,54,19,7,58,21,34,107,118,0,108,63" hai3="127,40,41,88,70,120,30,32,99,109,26,38,29"/><V55/><F34/><W97/><G120/><T39/><D122/><U4/><E69/><V112/><F73/><W5/><G70/><T46/><D39/><U79/><E1/><V102/><F112/><W43/><G38/><T93/><D130/><N who="1" m="49675" /><E31/><N who="3" m="11786" /><G32/><T61/><D103/><U119/><E119/><V13/><F118/><W51/><G109/><T87/><REACH who="0" step="1"/><D6/><REACH who="0" ten="200,220,230,340" step="2"/><U9/><E126/><V121/><F121/><W8/><G5/><T42/><D42/><U76/><E105/><V50/><F108/><W116/><G40/><T110/><D110/><U16/><E4/><V128/><F128/><W104/><G41/><T49/><D49/><U11/><E11/><V101/><F107/><W114/><G51/><T12/><D12/><U86/><E86/><AGARI ba="0,1" hai="24,25,44,46,47,61,65,71,86,87,89,91,92,93" machi="86" ten="40,8000,1" yaku="1,1,9,1,52,1,53,2" doraHai="59" doraHaiUra="82" who="0" fromWho="1" sc="200,90,220,-80,230,0,340,0" /><INIT seed="3,0,0,3,1,12" ten="290,140,230,340" oya="3" hai0="107,31,75,74,1,17,62,135,25,88,70,26,106" hai1="61,94,37,5,118,42,2,77,14,9,132,84,111" hai2="43,122,55,27,40,123,47,73,129,130,72,92,89" hai3="102,95,131,100,7,117,69,113,86,39,126,76,68"/><W66/><G39/><T15/><D1/><U109/><E132/><V18/><F55/><W24/><G66/><T114/><D135/><U51/><E118/><V30/><F47/><W3/><G86/><T53/><D114/><U49/><E37/><V110/><F40/><W96/><G95/><T59/><D70/><U79/><E79/><V80/><F43/><W97/><G24/><T13/><D13/><U63/><E49/><V4/><F4/><W112/><G100/><T120/><D120/><N who="2" m="46122" /><F30/><W67/><G7/><T10/><D107/><U58/><E2/><V54/><F54/><W128/><G67/><T48/><D106/><U52/><E94/><V38/><F38/><W65/><G68/><T56/><D26/><U81/><REACH who="1" step="1"/><E61/><REACH who="1" ten="290,130,230,340" step="2"/><V91/><F110/><W33/><G117/><T11/><D62/><U105/><E105/><V21/><F92/><W90/><G3/><T127/><D48/><U82/><E82/><V16/><F80/><W36/><G113/><T20/><D74/><U71/><E71/><V78/><F78/><W22/><G76/><T6/><D75/><U32/><E32/><V104/><F104/><W99/><G33/><T28/><D6/><U23/><E23/><N who="2" m="13815" /><F73/><W134/><G112/><T41/><D20/><U83/><E83/><V64/><F72/><W119/><G22/><T121/><D121/><U108/><E108/><V116/><F116/><W85/><G119/><T60/><D41/><U0/><E0/><V35/><F35/><W44/><G36/><T87/><D60/><U133/><E133/><V29/><F21/><W50/><G134/><RYUUKYOKU ba="0,1" sc="290,-10,130,30,230,-10,340,-10" hai1="5,9,14,42,51,52,58,63,77,81,84,109,111" owari="280,8.0,160,-34.0,220,-18.0,340,44.0" /></mjloggm>