<mjloggm ver="2.3"><GO type="225" lobby="0"/><UN n0="%E3%81%95%E3%81%8D%E3%81%9F%E3%81%BE%E6%9E%97%E6%AA%8E" n1="%4E%49%4A%49%49%52%4F" n2="%E6%9C%AA%E6%9D%A5%E5%B0%91%E5%B9%B4" n3="%E3%81%88%E3%81%8C%E3%82%8F%E3%82%8A%E3%81%8A" dan="16,16,16,16" rate="2109.71,2191.81,2147.22,2098.11" sx="M,M,M,M"/><TAIKYOKU oya="0"/><INIT seed="0,0,0,1,5,71" ten="250,250,250,250" oya="0" hai0="106,32,28,52,124,10,21,40,116,58,66,104,97" hai1="68,64,20,35,99,84,120,0,130,62,103,102,4" hai2="132,76,5,2,67,48,61,41,91,90,55,105,96" hai3="107,119,27,75,42,22,15,129,85,112,44,115,72"/><T13/><D116/><U125/><E120/><V121/><F121/><W16/><G119/><T3/><D3/><U88/><E35/><V94/><F105/><W80/><G107/><T1/><D1/><U7/><E130/><V57/><F132/><W89/><G129/><T36/><D66/><U127/><E20/><V74/><F41/><W47/><G47/><T11/><D32/><U54/><E54/><V113/><F113/><W6/><G6/><T73/><D73/><U46/><E46/><V9/><F74/><W108/><G108/><T60/><D124/><N who="1" m="47691" /><E0/><V23/><F23/><W93/><G75/><T114/><D114/><U86/><E86/><V87/><F76/><W30/><G80/><T12/><D12/><U8/><E8/><V117/><F117/><W31/><G72/><T122/><D122/><U18/><E18/><V81/><REACH who="2" step="1"/><F67/><REACH who="2" ten="250,250,240,250" step="2"/><W135/><G135/><T92/><D106/><N who="1" m="63839" /><E103/><V123/><F123/><W59/><G31/><T109/><D104/><U38/><E38/><V19/><F19/><W63/><G30/><T79/><D28/><U110/><E110/><V100/><F100/><W128/><G128/><T53/><D109/><U65/><E65/><V56/><F56/><W101/><G101/><T50/><D36/><U37/><E37/><V43/><F43/><W26/><G112/><T95/><D40/><U134/><E134/><V24/><F24/><W17/><G17/><T45/><D58/><U70/><E70/><V25/><F25/><W111/><G115/><T69/><D69/><U98/><E98/><V78/><F78/><W77/><G77/><RYUUKYOKU ba="0,1" sc="250,-15,250,15,240,15,250,-15" hai1="4,7,62,64,68,84,88" hai2="2,5,9,48,55,57,61,81,87,90,91,94,96" /><INIT seed="1,1,1,2,2,112" ten="235,265,255,235" oya="1" hai0="32,46,121,101,23,17,126,97,114,89,109,84,96" hai1="45,91,9,38,106,81,131,75,124,10,16,56,31" hai2="129,135,123,5,21,103,119,14,43,130,8,94,54" hai3="87,33,18,50,133,72,26,47,73,98,100,113,11"/><U128/><E106/><V120/><F135/><W4/><G113/><T117/><D114/><U61/><E124/><V132/><F132/><W42/><G133/><T77/><D121/><U63/><E31/><V104/><F104/><W53/><G87/><T134/><D134/><U105/><E105/><V59/><F43/><W92/><G42/><T7/><D109/><U28/><E28/><V65/><F65/><W93/><G93/><T41/><D32/><U13/><E9/><V127/><F127/><W88/><G100/><T111/><D117/><U15/><E15/><V3/><F103/><W35/><G35/><T29/><D29/><U99/><E99/><V48/><F94/><W19/><G33/><T39/><D77/><U62/><E45/><V52/><F54/><W66/><G66/><T79/><D79/><U49/><E38/><V69/><F69/><W34/><G34/><T40/><D40/><U68/><E68/><V44/><F44/><W27/><G73/><T74/><D74/><U70/><E70/><V60/><F60/><W24/><REACH who="3" step="1"/><G72/><REACH who="3" ten="235,265,255,225" step="2"/><T58/><D101/><U22/><E75/><V115/><F115/><W71/><G71/><T107/><D41/><U6/><E81/><V64/><F64/><W76/><G76/><T116/><D107/><U125/><E125/><V12/><F123/><W67/><G67/><T55/><D84/><U36/><E36/><V83/><F120/><W118/><G118/><T30/><D116/><U57/><E91/><V86/><F119/><W37/><G37/><T0/><D126/><U102/><E102/><V110/><F86/><RYUUKYOKU ba="1,2" sc="235,-10,265,-10,255,-10,225,30" hai3="4,11,18,19,24,26,27,47,50,53,88,92,98" /><INIT seed="2,2,2,0,4,133" ten="225,255,245,255" oya="2" hai0="31,27,0,86,57,95,135,8,66,16,61,12,72" hai1="113,62,65,44,85,11,99,110,14,93,9,117,54" hai2="21,10,77,79,32,63,115,37,4,91,2,112,89" hai3="34,121,53,122,1,97,78,45,106,105,90,48,17"/><V102/><F32/><W36/><G34/><T43/><D135/><U88/><E110/><V29/><F37/><W109/><G1/><T39/><D72/><U125/><E113/><V13/><F102/><W107/><G78/><T7/><D39/><U84/><E117/><V129/><F129/><W5/><G5/><T87/><D43/><U50/><E125/><V132/><F132/><W119/><G119/><T128/><D128/><U101/><E14/><V56/><F79/><W81/><G109/><T127/><D127/><U100/><E84/><V59/><F77/><W73/><G73/><T55/><D95/><U49/><E49/><V74/><F74/><W52/><G36/><T123/><D123/><U114/><E114/><V76/><F76/><W94/><G81/><T96/><D96/><U134/><E134/><V108/><F59/><W23/><REACH who="3" step="1"/><G53/><REACH who="3" ten="225,255,245,245" step="2"/><T104/><D0/><U30/><E54/><N who="2" m="34199" /><F108/><W70/><G70/><T111/><D111/><U40/><E100/><V92/><F115/><W69/><G69/><T60/><D7/><U24/><E101/><V116/><F112/><W19/><G19/><T98/><D55/><U120/><E120/><V22/><F116/><W58/><G58/><T80/><D57/><U41/><E41/><V26/><F2/><W75/><G75/><T67/><D80/><U33/><E62/><V47/><F47/><W42/><G42/><T28/><D61/><U124/><E65/><V131/><F131/><W118/><G118/><T18/><D60/><U82/><E124/><V3/><F92/><W71/><G71/><T38/><D67/><RYUUKYOKU ba="2,3" sc="225,-30,255,10,245,10,245,10" hai1="9,11,24,30,33,40,44,50,82,85,88,93,99" hai2="3,4,10,13,21,22,26,29,89,91" hai3="17,23,45,48,52,90,94,97,105,106,107,121,122" /><INIT seed="2,3,3,2,4,127" ten="195,265,255,255" oya="2" hai0="132,21,75,120,68,82,108,60,46,119,104,94,52" hai1="130,59,5,31,20,89,95,67,50,101,45,123,105" hai2="73,13,30,110,77,17,84,87,29,80,109,69,118" hai3="88,0,112,41,106,126,125,66,49,10,76,54,4"/><V79/><F118/><W51/><G106/><T96/><D120/><U63/><E123/><V6/><F69/><W72/><G112/><T42/><D104/><U65/><E5/><V64/><F6/><W32/><G32/><T100/><D119/><U134/><E134/><V44/><F64/><W43/><G66/><T36/><D132/><U2/><E2/><V16/><F44/><W74/><G49/><T28/><D108/><N who="2" m="41578" /><F17/><W47/><G88/><T102/><D68/><U33/><E33/><V107/><F107/><W71/><G71/><T86/><D75/><N who="3" m="28713" /><G76/><T129/><D102/><U1/><E105/><V19/><F19/><W9/><G9/><T38/><D38/><U121/><E101/><V97/><F97/><W26/><G26/><T25/><D129/><U114/><E130/><V3/><F3/><W128/><G128/><T7/><D7/><U35/><E114/><V81/><F73/><W78/><G78/><T48/><D60/><U39/><E1/><V14/><F14/><W62/><G62/><T133/><D133/><U91/><E121/><V37/><F37/><W12/><G0/><T103/><D103/><U131/><E39/><V93/><F93/><W61/><G61/><T92/><D92/><U57/><E131/><V99/><F99/><W113/><G113/><T115/><D115/><U8/><E65/><V85/><F85/><W122/><G122/><T40/><D36/><U22/><E67/><V56/><F56/><W90/><G90/><AGARI ba="3,3" hai="21,25,28,40,42,46,48,52,82,86,90,94,96,100" machi="90" ten="30,3900,0" yaku="7,1,8,1,54,1" doraHai="127" who="0" fromWho="3" sc="195,78,265,0,255,0,255,-48" /><INIT seed="3,0,0,5,4,70" ten="273,265,255,207" oya="3" hai0="27,126,111,69,84,17,101,7,104,52,96,34,110" hai1="33,8,13,36,124,31,86,48,51,55,118,78,71" hai2="49,74,99,57,75,3,2,26,107,5,129,95,63" hai3="106,73,125,59,21,64,97,54,18,127,88,9,25"/><W39/><G73/><T47/><D126/><U109/><E71/><V114/><F114/><W15/><G64/><T92/><D69/><U102/><E124/><V40/><F107/><W23/><G39/><T85/><D7/><U131/><E109/><N who="0" m="41481" /><D34/><U79/><E131/><V44/><F129/><W113/><G113/><T103/><D103/><U61/><E36/><V60/><F60/><W67/><G67/><T116/><D116/><U134/><E118/><V30/><F5/><W112/><G112/><T10/><D104/><U45/><E134/><V119/><F119/><W42/><G42/><T81/><D81/><U93/><E61/><V22/><F3/><W77/><G77/><T94/><D94/><U87/><E31/><V122/><F2/><W12/><G23/><N who="0" m="13807" /><D10/><U56/><E33/><V68/><F122/><W89/><G15/><T28/><D28/><U14/><E14/><V91/><REACH who="2" step="1"/><F68/><REACH who="2" ten="273,265,245,207" step="2"/><W135/><G135/><T83/><D83/><U16/><E93/><V121/><F121/><W50/><G106/><T120/><D120/><U130/><E130/><V132/><F132/><W128/><G128/><T41/><D52/><AGARI ba="0,1" hai="22,26,30,40,44,49,52,57,63,74,75,91,95,99" machi="52" ten="30,3900,0" yaku="1,1,7,1,54,1,53,0" doraHai="70" doraHaiUra="62" who="2" fromWho="0" sc="273,-39,265,0,245,49,207,0" /><INIT seed="4,0,0,2,2,90" ten="234,265,294,207" oya="0" hai0="6,113,131,60,82,28,68,41,93,18,21,92,73" hai1="48,56,106,65,70,3,111,17,86,115,19,71,13" hai2="12,40,81,72,129,8,127,7,2,125,36,63,14" hai3="64,53,15,77,121,80,49,27,59,112,118,126,46"/><T44/><D113/><U94/><E111/><V57/><F129/><W95/><G118/><T4/><D131/><U109/><E106/><V45/><F72/><W108/><G108/><T119/><D119/><U104/><E3/><V134/><F81/><W116/><G116/><T79/><D28/><U47/><E104/><V135/><F12/><W74/><G112/><T123/><D123/><U23/><E109/><V99/><F99/><W87/><G121/><T124/><D124/><N who="2" m="47690" /><F2/><W5/><G126/><T58/><D68/><U78/><E115/><V88/><F88/><W0/><G0/><T128/><D128/><U29/><E29/><V122/><F122/><W117/><G27/><T61/><D61/><U85/><E56/><V9/><F9/><W101/><G117/><T132/><D132/><U114/><E114/><V52/><AGARI ba="0,0" hai="7,8,14,36,40,45,52,57,63,134,135" m="47690" machi="52" ten="30,2000,0" yaku="18,1,54,1" doraHai="90" who="2" fromWho="2" sc="234,-10,265,-5,294,20,207,-5" owari="224,-17.6,260,6.0,314,41.4,202,-29.8" /></mjloggm>