<mjloggm ver="2.3"><GO type="225" lobby="0"/><UN n0="%E3%81%8B%E3%82%8F%E3%81%A1%E3%82%83%E3%82%93%35%38" n1="%E3%80%90%E3%83%88%E3%83%AA%E3%83%A5%E3%83%95%E3%80%91" n2="%E8%90%BD%E6%97%A5" n3="%E3%81%95%E3%81%8D%E3%81%9F%E3%81%BE%E6%9E%97%E6%AA%8E" dan="16,16,16,16" rate="2137.81,2061.72,2220.72,2086.27" sx="M,M,F,M"/><TAIKYOKU oya="0"/><INIT seed="0,0,0,4,5,29" ten="250,250,250,250" oya="0" hai0="131,89,118,46,0,121,37,35,63,13,21,39,97" hai1="34,52,109,88,23,50,27,3,102,26,76,9,22" hai2="41,11,28,60,47,24,10,6,93,16,75,96,133" hai3="134,12,20,31,71,49,126,40,53,124,14,17,15"/><T48/><D121/><U105/><E109/><V73/><F133/><W117/><G71/><T2/><D118/><U113/><E76/><V72/><F60/><W132/><G117/><T100/><D131/><U59/><E102/><V106/><F106/><W42/><G31/><T120/><D120/><U67/><E105/><V51/><F6/><W119/><G119/><T36/><D35/><U92/><E3/><V70/><F70/><W43/><G53/><T65/><D89/><U130/><E9/><V44/><F47/><W5/><G49/><T81/><D81/><U104/><E104/><V38/><F38/><W82/><G82/><T114/><D13/><N who="3" m="5225" /><G5/><T85/><D85/><N who="1" m="52239" /><E34/><V45/><F45/><W84/><G84/><T54/><D21/><N who="1" m="7691" /><E113/><V112/><F112/><W61/><G61/><T107/><REACH who="0" step="1"/><D114/><REACH who="0" ten="240,250,250,250" step="2"/><U4/><E130/><V19/><F11/><W125/><AGARI ba="0,1" hai="15,17,20,40,42,43,124,125,126,132,134" m="5225" machi="125" ten="40,1500,0" yaku="18,1" doraHai="29" who="3" fromWho="3" sc="240,-7,250,-4,250,-4,250,25" /><INIT seed="1,0,0,1,3,45" ten="233,246,246,275" oya="1" hai0="92,73,16,23,57,4,106,96,18,77,64,69,19" hai1="121,98,129,51,94,105,76,109,111,115,25,102,11" hai2="35,3,6,60,124,70,122,22,5,33,74,12,130" hai3="107,8,103,91,1,55,117,100,128,120,31,10,99"/><U46/><E115/><V37/><F60/><W123/><G117/><T131/><D106/><U80/><E121/><V85/><F85/><W2/><G128/><T59/><D131/><U68/><E68/><V134/><F22/><W0/><G31/><T66/><D69/><U47/><E129/><V127/><F12/><W97/><G91/><T72/><D4/><U114/><E114/><V108/><F6/><W113/><G113/><T133/><D133/><U110/><E25/><V24/><F5/><W29/><G29/><T95/><D23/><U50/><E11/><N who="3" m="4138" /><G55/><T67/><D77/><U28/><E28/><V86/><F86/><W30/><G30/><T90/><REACH who="0" step="1"/><D95/><REACH who="0" ten="223,246,246,275" step="2"/><U116/><E105/><V84/><F70/><W61/><G107/><T54/><D54/><U58/><E116/><V44/><F130/><W41/><G41/><T38/><D38/><U40/><E58/><AGARI ba="0,1" hai="16,18,19,57,58,59,64,66,67,72,73,90,92,96" machi="58" ten="40,8000,1" yaku="1,1,54,1,53,3" doraHai="45" doraHaiUra="53" who="0" fromWho="1" sc="223,90,246,-80,246,0,275,0" /><INIT seed="2,0,0,4,4,52" ten="313,166,246,275" oya="2" hai0="32,117,46,75,121,49,57,54,98,70,125,23,39" hai1="66,10,58,133,129,13,122,101,108,3,130,95,18" hai2="16,43,109,40,65,82,94,106,19,37,11,59,73" hai3="85,15,44,41,74,87,99,27,79,104,116,67,34"/><V21/><F106/><W113/><G116/><T128/><D32/><U20/><E108/><V60/><F109/><W100/><G113/><T115/><D75/><U71/><E133/><V24/><F37/><W50/><G67/><T72/><D72/><U105/><E105/><V118/><F118/><W26/><G74/><T102/><D117/><U134/><E134/><V33/><F33/><W91/><G79/><T30/><D70/><U53/><E122/><V126/><F126/><W17/><G87/><T114/><D121/><U111/><E111/><V81/><F94/><W42/><G42/><N who="2" m="15913" /><F73/><W88/><G34/><T69/><D69/><U80/><E80/><N who="2" m="30827" /><F11/><W6/><G6/><T7/><D7/><U124/><E124/><V63/><F60/><W93/><REACH who="3" step="1"/><G91/><REACH who="3" ten="313,166,246,265" step="2"/><T97/><D125/><U68/><E66/><V96/><F96/><W62/><G62/><N who="0" m="36151" /><D98/><U47/><E129/><V36/><F36/><W2/><G2/><T131/><D39/><U29/><E130/><N who="0" m="49705" /><D97/><N who="1" m="59583" /><E3/><V86/><F86/><W1/><G1/><T123/><D123/><U120/><E120/><V103/><F103/><W77/><G77/><T45/><D102/><U4/><E4/><V8/><F8/><AGARI ba="0,1" hai="8,15,17,26,27,41,44,50,85,88,93,99,100,104" machi="8" ten="30,3900,0" yaku="1,1,7,1,54,1,53,0" doraHai="52" doraHaiUra="112" who="3" fromWho="2" sc="313,0,166,0,246,-39,265,49" /><INIT seed="3,0,0,1,1,113" ten="313,166,207,314" oya="3" hai0="18,34,7,124,14,93,114,45,29,117,92,76,56" hai1="62,59,116,115,67,102,84,128,78,31,53,61,118" hai2="17,0,66,129,77,44,40,42,87,60,135,79,122" hai3="57,33,83,95,131,72,12,73,98,52,9,130,80"/><W43/><G33/><T22/><D117/><N who="1" m="45163" /><E115/><V133/><F0/><W123/><G123/><T5/><D114/><U91/><E31/><V28/><F122/><W47/><G83/><T35/><D35/><U126/><E102/><V63/><F129/><N who="3" m="49163" /><G80/><T74/><D74/><U104/><E104/><V30/><F17/><N who="3" m="8335" /><G47/><T51/><D76/><N who="2" m="29258" /><F87/><W64/><G64/><T100/><D124/><U105/><E105/><V41/><F44/><W103/><G43/><N who="0" m="25023" /><D34/><U1/><E1/><V6/><F6/><N who="0" m="2058" /><D100/><U125/><E78/><V23/><F23/><W37/><G37/><T36/><D36/><U81/><E128/><V82/><F82/><W75/><G75/><T58/><D29/><N who="2" m="11370" /><F66/><W88/><G103/><T69/><D69/><AGARI ba="0,0" hai="53,59,61,62,67,69,81,84,91,125,126" m="45163" machi="69" ten="30,7700,0" yaku="12,1,52,3" doraHai="113" who="1" fromWho="0" sc="313,-77,166,77,207,0,314,0" owari="236,-16.4,243,4.3,207,-29.3,314,41.4" /></mjloggm>