<mjloggm ver="2.3"><GO type="225" lobby="0"/><UN n0="%72%65%6E%6B%75%6E" n1="%E3%81%B5%E3%81%98%E3%81%8B%E3%81%A4" n2="%6D%61%74%69%67%75%73%61" n3="%E4%BA%95%E5%B8%AF" dan="17,16,17,16" rate="2221.85,2197.75,2209.92,2059.05" sx="M,M,M,M"/><TAIKYOKU oya="0"/><INIT seed="0,0,0,0,0,77" ten="250,250,250,250" oya="0" hai0="87,34,135,113,65,115,47,119,21,50,76,121,117" hai1="39,54,79,12,17,109,75,31,60,44,36,30,82" hai2="133,1,10,69,124,66,18,46,14,102,27,51,132" hai3="105,90,94,11,59,67,118,74,78,35,55,29,108"/><T95/><D34/><U0/><E109/><V85/><F1/><W43/><G105/><T45/><D21/><U126/><E0/><V13/><F102/><W110/><G43/><T88/><D121/><U129/><E126/><V99/><F99/><W7/><G67/><T48/><D135/><U111/><E129/><V38/><F38/><W103/><G103/><T128/><D128/><U3/><E111/><N who="3" m="42538" /><G29/><T33/><D33/><U2/><E2/><V62/><F27/><W15/><G35/><T130/><D130/><U114/><E114/><V37/><F124/><W104/><G104/><T53/><D65/><U49/><E3/><V19/><F37/><W24/><G24/><T16/><D76/><U5/><E5/><V123/><F123/><W57/><G118/><T25/><D115/><U20/><E39/><V83/><F133/><W84/><G55/><T71/><D71/><U9/><E36/><V68/><F68/><W64/><G64/><T122/><D113/><U112/><E112/><V107/><F107/><W4/><G7/><T41/><D122/><U26/><REACH who="1" step="1"/><E60/><REACH who="1" ten="250,240,250,250" step="2"/><V8/><F132/><W72/><G72/><T93/><D119/><U89/><E89/><V92/><F62/><W22/><G74/><T134/><D134/><U91/><E91/><V127/><F127/><W120/><G120/><T52/><D117/><U6/><AGARI ba="0,1" hai="6,9,12,17,20,26,30,31,44,49,54,75,79,82" machi="6" ten="20,5200,0" yaku="1,1,0,1,7,1,52,1,53,0" doraHai="77" doraHaiUra="63" who="1" fromWho="1" sc="250,-26,240,62,250,-13,250,-13" /><INIT seed="1,0,0,3,4,17" ten="224,302,237,237" oya="1" hai0="30,62,28,55,4,123,9,107,50,135,36,73,133" hai1="3,109,61,97,84,26,92,69,132,48,58,83,39" hai2="65,89,99,49,44,41,66,59,20,126,54,116,27" hai3="35,24,53,60,57,87,131,2,67,14,100,11,130"/><U104/><E39/><V105/><F126/><W16/><G100/><T33/><D36/><U22/><E3/><V113/><F116/><W43/><G43/><T18/><D73/><U77/><E132/><N who="0" m="50761" /><D107/><U12/><E109/><V98/><F113/><W75/><G75/><T118/><D118/><U81/><E104/><V34/><F34/><W37/><G37/><T93/><D123/><U6/><E69/><V103/><F89/><W90/><G2/><N who="0" m="151" /><D33/><U25/><E48/><V38/><REACH who="2" step="1"/><F99/><REACH who="2" ten="224,302,227,237" step="2"/><W80/><REACH who="3" step="1"/><G67/><REACH who="3" ten="224,302,227,227" step="2"/><T46/><D30/><AGARI ba="0,2" hai="20,27,30,38,41,44,49,54,59,65,66,98,103,105" machi="30" ten="30,8000,1" yaku="1,1,2,1,7,1,52,1,53,1" doraHai="17" doraHaiUra="21" who="2" fromWho="0" sc="224,-80,302,0,227,100,227,0" /><AGARI ba="0,0" hai="11,14,16,24,30,35,53,57,60,80,87,90,130,131" machi="30" ten="40,8000,1" yaku="1,1,2,1,54,1,53,1" doraHai="17" doraHaiUra="21" who="3" fromWho="0" sc="144,-80,302,0,327,0,227,80" /><INIT seed="2,0,0,0,3,114" ten="64,302,327,307" oya="2" hai0="64,27,121,73,46,105,72,25,31,45,107,55,106" hai1="39,22,57,52,56,38,126,76,119,108,79,6,130" hai2="7,104,68,20,41,35,14,120,112,63,134,80,128" hai3="2,59,109,19,113,30,36,93,13,18,115,10,54"/><V71/><F112/><N who="3" m="43083" /><G109/><T95/><D55/><U24/><E108/><V3/><F120/><W133/><G133/><T122/><D95/><U58/><E126/><V44/><F104/><W15/><G2/><T33/><D64/><U37/><E130/><V132/><F35/><W88/><G36/><T11/><D11/><U77/><E6/><V17/><F128/><W53/><G30/><T89/><D89/><U0/><E0/><V86/><F3/><W50/><G54/><T75/><D31/><U111/><E111/><V135/><F63/><W4/><G15/><T99/><D99/><AGARI ba="0,0" hai="4,10,13,18,19,50,53,59,88,93,99" m="43083" machi="99" ten="30,2000,0" yaku="11,1,54,1" doraHai="114" who="3" fromWho="0" sc="64,-20,302,0,327,0,307,20" /><INIT seed="3,0,0,0,4,59" ten="44,302,327,327" oya="3" hai0="91,85,25,110,7,43,129,0,18,122,104,15,63" hai1="84,4,121,98,27,131,100,118,61,116,119,126,80" hai2="105,101,106,69,1,95,71,22,125,21,2,111,28" hai3="64,56,77,113,36,58,51,14,72,38,82,81,70"/><W37/><G113/><T54/><D54/><U24/><E121/><V8/><F95/><W73/><G14/><T123/><D123/><U134/><E126/><V32/><F8/><W6/><G6/><T19/><D19/><U5/><E134/><V31/><F101/><W42/><G70/><T52/><D52/><U92/><E131/><V93/><F93/><W76/><G64/><T10/><D10/><U67/><E5/><V11/><F11/><W66/><G66/><T55/><D55/><U23/><E4/><V62/><F111/><W102/><G102/><T83/><D83/><U97/><E97/><V89/><F89/><W94/><G94/><T30/><D30/><U78/><E23/><V107/><F62/><W60/><G60/><T29/><D29/><N who="2" m="11338" /><F32/><W12/><G12/><T40/><D40/><U49/><E49/><V44/><F44/><AGARI ba="0,0" hai="36,37,38,42,44,51,56,58,72,73,76,77,81,82" machi="44" ten="40,2000,0" yaku="9,1" doraHai="59" who="3" fromWho="2" sc="44,0,302,0,327,-20,327,20" owari="44,-45.6,302,-9.8,307,10.7,347,44.7" /></mjloggm>