<mjloggm ver="2.3"><GO type="225" lobby="0"/><UN n0="%E6%9D%B1%E9%A2%A8%E3%81%AE%E3%81%8D%E3%82%83%E3%81%B7%E3%81%95%E3%82%93" n1="%E5%86%B7%E5%87%8D%E3%82%AE%E3%83%A7%E3%83%BC%E3%82%B6" n2="%E5%B0%8F%E5%AE%AE%E3%81%9F%E3%81%9A%E3%81%8D" n3="%6D%75%75%6D%75%72%61" dan="16,16,17,16" rate="2152.34,2201.37,2153.75,2115.66" sx="M,M,F,F"/><TAIKYOKU oya="0"/><INIT seed="0,0,0,2,2,110" ten="250,250,250,250" oya="0" hai0="58,45,0,90,36,2,84,54,49,101,53,74,31" hai1="72,23,10,9,129,80,33,1,112,91,62,61,38" hai2="34,37,13,52,21,5,73,121,60,41,64,100,98" hai3="3,133,99,66,94,71,92,83,103,67,120,107,8"/><T123/><D123/><U116/><E33/><V30/><F121/><W63/><G120/><T14/><D74/><U135/><E116/><V16/><F73/><W51/><G133/><T29/><D101/><U27/><E135/><V97/><F37/><W35/><G35/><T86/><D2/><U56/><E38/><V11/><F41/><W88/><G67/><T124/><D0/><U24/><E129/><V32/><F30/><W93/><G51/><T85/><D124/><U20/><E1/><V44/><F98/><W22/><G22/><T125/><D125/><U70/><E70/><V128/><F128/><W15/><G3/><T109/><D109/><U7/><E7/><V95/><F44/><W82/><REACH who="3" step="1"/><G88/><REACH who="3" ten="250,250,250,240" step="2"/><T118/><D118/><U26/><E20/><V108/><F108/><W76/><G76/><T68/><D68/><U25/><E62/><V69/><REACH who="2" step="1"/><F52/><REACH who="2" ten="250,250,240,240" step="2"/><N who="0" m="20074" /><D36/><U106/><E61/><V111/><F111/><W126/><G126/><T78/><D45/><U134/><E134/><V55/><F55/><W47/><G47/><T102/><D49/><U57/><E26/><AGARI ba="0,2" hai="5,11,13,16,21,26,32,34,60,64,69,95,97,100" machi="26" ten="30,3900,0" yaku="1,1,7,1,54,1,53,0" doraHai="110" doraHaiUra="39" who="2" fromWho="1" sc="250,0,250,-39,240,59,240,0" /><INIT seed="1,0,0,1,4,49" ten="250,211,299,240" oya="1" hai0="31,71,119,59,69,113,100,30,101,84,96,10,123" hai1="35,44,91,103,29,46,64,94,39,116,56,7,37" hai2="132,70,90,106,83,110,40,58,66,51,86,28,2" hai3="48,117,104,81,42,78,92,67,129,133,127,43,3"/><U97/><E116/><V16/><F110/><W9/><G104/><T112/><D84/><U50/><E29/><V115/><F106/><W80/><G117/><T87/><D87/><U53/><E35/><V6/><F70/><W108/><G108/><T25/><D59/><U99/><E7/><V118/><F118/><W65/><G127/><T130/><D119/><U111/><E111/><V45/><F28/><W19/><G129/><T20/><D130/><U88/><E91/><V135/><F115/><W72/><G133/><T41/><D41/><U128/><E128/><V85/><F6/><W134/><G134/><T107/><D10/><U122/><E122/><V34/><F2/><W12/><G3/><T4/><D4/><U22/><E22/><V76/><F34/><W68/><G68/><T98/><D123/><U60/><REACH who="1" step="1"/><E46/><REACH who="1" ten="250,201,299,240" step="2"/><V52/><F132/><W82/><G9/><T124/><D31/><U125/><E125/><V102/><F135/><W77/><G19/><T36/><D124/><U17/><E17/><V63/><F16/><W24/><G12/><T32/><D32/><U54/><E54/><V73/><F102/><W109/><G109/><T23/><D30/><U26/><E26/><V61/><F90/><W15/><G24/><T55/><D25/><U14/><E14/><V114/><F114/><W13/><G13/><T33/><D33/><U27/><E27/><V79/><F79/><W0/><G15/><T75/><D113/><U5/><E5/><V120/><F120/><W105/><G0/><T47/><D112/><U126/><E126/><V1/><F1/><RYUUKYOKU ba="0,1" sc="250,-15,201,15,299,15,240,-15" hai1="37,39,44,50,53,56,60,64,88,94,97,99,103" hai2="40,45,51,52,58,61,63,66,73,76,83,85,86" /><INIT seed="1,1,1,0,1,57" ten="235,216,314,225" oya="1" hai0="76,50,61,58,123,29,30,62,77,39,11,46,95" hai1="100,122,80,10,107,17,22,92,94,110,2,5,131" hai2="67,59,47,93,3,34,25,109,44,102,98,133,103" hai3="104,35,134,99,119,24,69,121,108,105,28,9,56"/><U42/><E122/><V20/><F109/><W78/><G121/><T31/><D39/><U130/><E110/><V96/><F133/><W79/><G108/><T87/><D123/><U33/><E33/><V8/><F34/><W90/><G69/><T37/><D37/><U73/><E42/><V126/><F126/><W117/><G134/><T75/><D11/><U0/><E0/><V89/><F8/><W40/><G40/><T106/><D106/><N who="3" m="41065" /><G9/><T4/><D4/><U15/><E107/><V118/><F118/><N who="3" m="45067" /><G56/><T19/><D75/><U101/><E101/><V26/><F103/><W14/><G14/><T64/><D19/><U74/><E74/><V18/><F25/><W54/><G54/><T85/><D58/><U51/><E51/><V45/><F3/><W68/><G68/><T32/><D64/><U83/><E100/><V97/><F102/><W114/><G114/><T91/><D32/><U86/><E73/><V21/><F21/><W52/><G52/><N who="0" m="29783" /><D85/><U116/><E116/><V60/><AGARI ba="1,1" hai="18,20,26,44,45,47,59,60,67,89,93,96,97,98" machi="60" ten="30,4000,0" yaku="0,1,8,1,52,1" doraHai="57" who="2" fromWho="2" sc="235,-11,216,-21,314,53,225,-11" /><INIT seed="2,0,0,2,3,100" ten="224,195,367,214" oya="2" hai0="59,127,14,106,4,101,42,91,96,5,81,6,34" hai1="74,46,124,28,54,69,62,128,117,85,92,25,66" hai2="73,109,104,130,90,131,86,45,58,63,122,72,125" hai3="98,97,60,11,2,9,1,68,39,111,17,56,57"/><V53/><F122/><W52/><G68/><T50/><D34/><U116/><E74/><V27/><F125/><W135/><G39/><T33/><D33/><U114/><E114/><V121/><F121/><W107/><G111/><T35/><D35/><U129/><E124/><V8/><F109/><W105/><G135/><T44/><D127/><U43/><E54/><V70/><F70/><W51/><G17/><T108/><D59/><N who="3" m="22601" /><G52/><T123/><D108/><U71/><E71/><V3/><F73/><W102/><G102/><T24/><D24/><U77/><E77/><V55/><F72/><W10/><G51/><T49/><D49/><U41/><E85/><V18/><F55/><W0/><G60/><T79/><D91/><U32/><E92/><V48/><F27/><W21/><G21/><T113/><D113/><U120/><E41/><V26/><F26/><W15/><G15/><T64/><D64/><U20/><E32/><V31/><F63/><W83/><G83/><T12/><REACH who="0" step="1"/><D123/><REACH who="0" ten="214,195,367,214" step="2"/><U13/><E120/><V94/><F48/><W112/><G112/><T110/><D110/><U119/><E46/><V132/><F58/><W134/><G134/><T78/><D78/><U38/><E38/><V115/><F132/><W29/><G29/><T65/><D65/><U103/><E43/><V80/><F31/><W82/><G82/><T47/><D47/><U37/><E37/><V61/><F80/><W7/><G7/><T84/><AGARI ba="0,1" hai="4,5,6,12,14,42,44,50,79,81,84,96,101,106" machi="84" ten="30,4000,0" yaku="1,1,0,1,52,1,53,0" doraHai="100" doraHaiUra="19" who="0" fromWho="0" sc="214,50,195,-10,367,-20,214,-10" /><INIT seed="3,0,0,3,0,66" ten="264,185,347,204" oya="3" hai0="120,46,23,90,54,117,37,101,71,98,43,68,29" hai1="102,94,75,40,34,4,19,123,93,1,73,42,119" hai2="59,103,65,104,57,106,114,62,130,33,45,8,125" hai3="105,95,38,77,56,91,84,118,134,9,107,70,135"/><W36/><G118/><T20/><D120/><U80/><E123/><V69/><F59/><W17/><G77/><T22/><D117/><U53/><E119/><V110/><F57/><W3/><G56/><T32/><D54/><U112/><E112/><V88/><F62/><W16/><G3/><T5/><D5/><U86/><E34/><V11/><F65/><W126/><G70/><T79/><D90/><U133/><E133/><N who="3" m="50698" /><G126/><T121/><D79/><U76/><E53/><V81/><F69/><W6/><G6/><T31/><D121/><U7/><E7/><V52/><F125/><W26/><G26/><T89/><D89/><U111/><E111/><V47/><F110/><W48/><G48/><T124/><D124/><U113/><E113/><V21/><F114/><W10/><G10/><T14/><D14/><U82/><E19/><N who="3" m="7242" /><G9/><T51/><D51/><U27/><E27/><V13/><F11/><W61/><G61/><T15/><D15/><U78/><E4/><V44/><F8/><W83/><G95/><T63/><D63/><U108/><E1/><V39/><F106/><AGARI ba="0,0" hai="36,38,83,84,91,105,106,107" m="7242,50698" machi="106" ten="30,2900,0" yaku="20,1,54,1" doraHai="66" who="3" fromWho="2" sc="264,0,185,0,347,-29,204,29" /><INIT seed="3,1,0,3,5,7" ten="264,185,318,233" oya="3" hai0="105,124,27,28,135,93,71,49,50,13,35,56,47" hai1="6,70,100,99,82,38,85,32,90,45,57,62,113" hai2="22,54,55,73,129,30,65,127,116,69,64,80,128" hai3="123,107,12,26,79,122,75,81,36,133,114,16,95"/><W102/><G114/><T131/><D105/><U72/><E113/><V61/><F116/><W25/><G107/><T94/><D135/><U96/><E32/><V2/><F2/><W4/><G36/><T89/><D71/><U121/><E121/><V33/><F33/><W88/><G102/><T15/><D131/><N who="2" m="50250" /><F65/><W58/><G133/><T51/><D124/><U91/><E70/><V3/><F3/><W77/><G77/><T115/><D115/><U68/><E68/><V132/><F127/><W78/><G78/><T29/><D29/><U60/><E72/><V19/><F30/><W108/><G108/><T52/><D94/><U43/><E60/><V41/><F41/><W83/><G83/><T42/><REACH who="0" step="1"/><D49/><REACH who="0" ten="254,185,318,233" step="2"/><U48/><E38/><V20/><F132/><W120/><G58/><T63/><D63/><U9/><E100/><V101/><F101/><W104/><G104/><T23/><D23/><U103/><E103/><V86/><F22/><W40/><G40/><T97/><AGARI ba="1,1" hai="13,15,27,28,35,42,47,50,51,52,56,89,93,97" machi="97" ten="20,5200,0" yaku="1,1,0,1,7,1,54,1,53,0" doraHai="7" doraHaiUra="109" who="0" fromWho="0" sc="254,65,185,-14,318,-14,233,-27" owari="319,41.9,171,-32.9,304,10.4,206,-19.4" /></mjloggm>