<mjloggm ver="2.3"><GO type="225" lobby="0"/><UN n0="%E6%9C%AA%E6%9D%A5%E5%B0%91%E5%B9%B4" n1="%E3%81%A9%E3%82%8F%E3%82%93%E3%81%94" n2="%E2%91%A3%E9%81%BF%E9%81%8A%E6%88%AF%E3%80%90%E6%9D%B1%E5%8D%97%E3%80%91" n3="%48%61%61%61%6C%61%6E%64" dan="16,16,16,17" rate="2125.92,2172.60,2042.81,2149.06" sx="M,M,M,M"/><TAIKYOKU oya="0"/><INIT seed="0,0,0,5,3,62" ten="250,250,250,250" oya="0" hai0="104,6,4,93,132,29,99,109,54,131,108,75,36" hai1="112,57,125,86,43,26,0,117,52,44,129,9,113" hai2="17,68,122,110,96,38,105,42,47,37,83,16,116" hai3="34,31,92,59,130,124,14,45,13,64,23,53,65"/><T89/><D75/><U12/><E117/><V30/><F116/><W55/><G34/><T51/><D36/><U97/><E0/><V72/><F122/><W98/><G124/><T66/><D131/><U111/><E125/><V85/><F72/><W106/><G106/><T7/><D132/><U40/><E129/><V119/><F119/><W24/><G130/><T135/><D135/><U11/><E111/><N who="0" m="42569" /><D29/><U49/><E97/><V107/><F110/><W15/><G45/><N who="0" m="28015" /><D104/><U102/><E102/><V120/><F38/><W123/><G123/><T74/><D74/><U48/><E26/><V27/><F68/><W35/><G35/><T91/><D91/><U50/><E86/><V126/><F126/><W8/><G8/><T127/><D127/><U79/><E79/><V100/><F120/><W101/><REACH who="3" step="1"/><G53/><REACH who="3" ten="250,250,250,240" step="2"/><T67/><AGARI ba="0,1" hai="4,6,7,66,67,89,93,99" m="28015,42569" machi="67" ten="40,12000,1" yaku="14,1,10,1,52,2" doraHai="62" who="0" fromWho="0" sc="250,130,250,-40,250,-40,240,-40" /><INIT seed="0,1,0,5,2,30" ten="380,210,210,200" oya="0" hai0="4,83,35,53,61,27,68,108,12,88,5,81,86" hai1="21,102,44,126,87,79,37,103,3,23,40,54,123" hai2="89,7,38,65,106,97,127,69,11,91,84,100,119" hai3="74,29,124,15,14,39,47,2,67,120,60,104,125"/><T110/><D81/><U107/><E126/><N who="3" m="48746" /><G120/><T43/><D43/><U64/><E123/><V113/><F127/><W71/><G2/><T75/><D75/><U98/><E3/><V82/><F119/><W46/><G74/><T13/><D4/><U8/><E103/><V99/><F38/><W36/><G104/><T133/><D133/><U92/><E8/><V129/><F113/><W17/><G29/><N who="0" m="19903" /><D5/><U18/><E64/><V34/><F129/><W26/><G26/><T95/><D83/><U49/><E18/><V1/><F99/><W57/><G57/><N who="0" m="34991" /><D68/><U90/><REACH who="1" step="1"/><E79/><REACH who="1" ten="380,200,210,200" step="2"/><V73/><F65/><W31/><G17/><T122/><D122/><U72/><E72/><V131/><F73/><W114/><G67/><T115/><D115/><U45/><AGARI ba="1,1" hai="21,23,37,40,44,45,49,54,87,90,92,98,102,107" machi="45" ten="20,2700,0" yaku="1,1,0,1,7,1,53,0" doraHai="30" doraHaiUra="9" who="1" fromWho="1" sc="380,-14,200,40,210,-8,200,-8" /><INIT seed="1,0,0,3,4,66" ten="366,240,202,192" oya="1" hai0="34,112,132,77,124,88,75,63,40,98,67,134,73" hai1="99,42,61,28,32,117,36,52,24,14,2,65,110" hai2="64,83,96,127,20,92,81,84,97,71,113,53,126" hai3="25,95,0,3,17,135,116,22,106,48,37,26,13"/><U41/><E117/><V8/><F53/><W11/><G37/><T91/><D112/><U129/><E2/><V18/><F8/><W9/><G106/><T85/><D34/><U114/><E114/><V119/><F113/><W101/><G116/><T10/><D124/><N who="2" m="47658" /><F119/><W131/><G131/><T12/><D40/><U38/><E129/><V94/><F64/><W50/><G135/><N who="0" m="51755" /><D98/><N who="2" m="37994" /><F71/><W23/><G95/><N who="2" m="36393" /><F84/><W30/><G101/><T105/><D85/><U16/><E99/><V108/><F108/><W43/><G43/><T29/><D67/><U123/><E110/><V51/><F51/><W107/><G107/><T46/><D10/><N who="3" m="3593" /><G50/><T109/><D105/><U100/><E38/><V62/><F62/><W31/><G48/><T57/><D109/><U86/><E36/><V130/><F130/><W33/><AGARI ba="0,0" hai="0,3,13,17,22,23,25,26,30,31,33" m="3593" machi="33" ten="30,8000,1" yaku="35,5" doraHai="66" who="3" fromWho="3" sc="366,-20,240,-40,202,-20,192,80" /><INIT seed="2,0,0,0,1,75" ten="346,200,182,272" oya="2" hai0="71,83,45,109,126,78,85,13,135,89,30,92,125" hai1="84,107,35,32,82,28,26,129,93,21,94,39,1" hai2="15,115,73,80,112,51,0,33,2,66,122,7,42" hai3="49,34,72,118,95,3,67,22,99,81,76,97,40"/><V61/><F122/><W64/><G34/><T91/><D71/><U114/><E114/><V50/><F33/><W36/><G118/><T74/><D109/><U46/><E107/><V128/><F128/><W57/><G3/><T96/><D135/><U58/><E1/><V41/><F15/><W38/><G99/><T127/><D30/><U55/><E129/><V103/><F103/><W98/><G97/><T47/><D13/><U18/><E35/><V110/><F110/><W43/><G22/><T105/><D91/><U130/><E130/><V14/><F14/><W6/><G6/><T87/><D87/><U11/><E11/><V111/><F111/><W59/><G36/><T31/><D31/><U44/><E28/><V10/><F2/><W19/><G19/><T24/><D24/><U9/><E9/><V88/><F41/><W70/><G38/><T79/><D78/><N who="1" m="46167" /><E39/><V134/><F134/><W77/><G70/><T119/><D119/><U68/><E68/><V100/><F100/><AGARI ba="0,0" hai="45,47,74,79,83,85,89,92,96,100,105,125,126,127" machi="100" ten="40,8000,1" yaku="24,2,18,1,52,1" doraHai="75" who="0" fromWho="2" sc="346,80,200,0,182,-80,272,0" /><INIT seed="3,0,0,0,4,53" ten="426,200,102,272" oya="3" hai0="77,109,70,122,27,47,96,79,51,117,46,126,19" hai1="37,49,107,74,31,7,41,4,73,20,54,11,21" hai2="5,26,131,55,80,8,71,104,13,30,84,29,78" hai3="90,88,112,85,9,42,25,111,125,2,134,1,123"/><W0/><G112/><T39/><D117/><U67/><E107/><V66/><F131/><W130/><G123/><T116/><D116/><U113/><E113/><V16/><F104/><W12/><G130/><T83/><D122/><U91/><E67/><V128/><F128/><W33/><G125/><T129/><D70/><U62/><E62/><V59/><F71/><W135/><G42/><T17/><D129/><U44/><E91/><V102/><F66/><W32/><G111/><T97/><D109/><U124/><E124/><V34/><F102/><W36/><G36/><T69/><D69/><U15/><E7/><V127/><F127/><W115/><G115/><T76/><D126/><U50/><E37/><V110/><F110/><W35/><G25/><T23/><D39/><U98/><E98/><N who="0" m="37993" /><D83/><U64/><E64/><V3/><F30/><W45/><G45/><N who="0" m="16907" /><D51/><U18/><E31/><AGARI ba="0,0" hai="17,19,23,27,31,76,77,79" m="16907,37993" machi="31" ten="30,1000,0" yaku="8,1" doraHai="53" who="0" fromWho="1" sc="426,10,200,-10,102,0,272,0" owari="436,53.6,190,-21.0,102,-39.8,272,7.2" /></mjloggm>