<mjloggm ver="2.3"><GO type="225" lobby="0"/><UN n0="%EF%BC%94%36" n1="%E3%82%B7%E3%83%B3%E5%A4%AA%E6%9C%97" n2="%E3%81%95%E3%81%8D%E3%81%9F%E3%81%BE%E6%9E%97%E6%AA%8E" n3="%E3%81%A4%E3%81%A3%E3%81%B1%E3%82%8A%E3%83%9D%E3%83%BC%E3%83%AB" dan="16,16,16,17" rate="2061.28,2137.97,2053.65,2195.93" sx="M,M,M,M"/><TAIKYOKU oya="0"/><INIT seed="0,0,0,0,5,99" ten="250,250,250,250" oya="0" hai0="46,42,71,131,29,85,75,129,60,134,33,37,39" hai1="14,106,91,115,49,53,122,92,12,116,50,96,3" hai2="119,78,62,19,66,74,23,90,48,118,36,0,110" hai3="127,43,38,22,117,94,8,52,126,68,83,58,100"/><T109/><D75/><U86/><E122/><V9/><F110/><W17/><G117/><N who="2" m="44553" /><F36/><W111/><G111/><T114/><D109/><U120/><E120/><V61/><F74/><W24/><G68/><T5/><D114/><U4/><E115/><V73/><F73/><W56/><G83/><T21/><D33/><U105/><E116/><V51/><F78/><W81/><G81/><T98/><D5/><U67/><E67/><V57/><F90/><W80/><G80/><T16/><D29/><U26/><E49/><V108/><F108/><W72/><G72/><T77/><D85/><U28/><E3/><V135/><F135/><W125/><G8/><T55/><D77/><U15/><E4/><N who="2" m="1159" /><F62/><W128/><G128/><N who="0" m="49227" /><D134/><U18/><E18/><V102/><F102/><W87/><G38/><N who="0" m="21847" /><D98/><U31/><E86/><V76/><F76/><W132/><G87/><T101/><D101/><U97/><E97/><V104/><F104/><W59/><G132/><T1/><D1/><U30/><REACH who="1" step="1"/><E26/><AGARI ba="0,0" hai="19,23,26,48,51,57,61,66" m="1159,44553" machi="26" ten="30,1000,0" yaku="12,1" doraHai="99" who="2" fromWho="1" sc="250,0,250,-10,250,10,250,0" /><INIT seed="1,0,0,3,1,49" ten="250,240,260,250" oya="1" hai0="32,20,35,73,62,78,17,131,44,19,15,130,7" hai1="90,31,126,86,33,59,34,41,4,72,81,123,93" hai2="108,50,56,25,63,37,134,42,84,70,6,97,11" hai3="77,24,12,107,120,110,102,46,36,66,48,94,87"/><U99/><E126/><V92/><F108/><W27/><G120/><T103/><D103/><U106/><E123/><V95/><F134/><W101/><G110/><T16/><D78/><U0/><E41/><V113/><F113/><W10/><G36/><T29/><D62/><U116/><E116/><V39/><F70/><W85/><G66/><T18/><D44/><U43/><E43/><V104/><F104/><W26/><G107/><T47/><D47/><U3/><E59/><V30/><F84/><N who="3" m="32331" /><G77/><T54/><D54/><U124/><E124/><V23/><F92/><W133/><G133/><T45/><D45/><U69/><E69/><V28/><F28/><W115/><G115/><T79/><D79/><N who="1" m="44263" /><E31/><V68/><F68/><W8/><G94/><T129/><D73/><U105/><E105/><V1/><F50/><W91/><G91/><T128/><N who="0" m="32768" /><DORA hai="125" /><T80/><D80/><U61/><E61/><V13/><F1/><N who="1" m="585" /><E4/><V9/><F9/><N who="3" m="3691" /><G12/><T98/><D98/><U2/><N who="1" m="593" /><U89/><DORA hai="111" /><E89/><V67/><REACH who="2" step="1"/><F42/><AGARI ba="0,0" hai="24,26,27,42,46,48,101,102" m="3691,32331" machi="42" ten="30,1000,0" yaku="8,1" doraHai="49,125,111" who="3" fromWho="2" sc="250,0,240,0,260,-10,250,10" /><INIT seed="2,0,0,5,5,67" ten="250,240,250,260" oya="2" hai0="95,84,52,104,68,81,118,49,82,73,14,21,109" hai1="3,119,90,79,46,34,33,88,126,2,128,125,20" hai2="105,110,23,135,69,24,30,19,93,116,98,92,123" hai3="25,47,0,9,115,54,16,12,64,127,50,75,7"/><V5/><F116/><W8/><G127/><N who="1" m="48650" /><E119/><V122/><F105/><W120/><G120/><T106/><D118/><U28/><E128/><V94/><F98/><W59/><G115/><T35/><D35/><N who="1" m="13323" /><E79/><V108/><F69/><W78/><G25/><T132/><D68/><U102/><E102/><V74/><F74/><W58/><REACH who="3" step="1"/><G64/><REACH who="3" ten="250,240,250,250" step="2"/><T10/><D109/><N who="2" m="42090" /><F135/><W91/><G91/><N who="1" m="34858" /><E46/><V17/><F5/><W77/><G77/><T32/><D132/><U130/><E130/><V121/><AGARI ba="0,1" hai="17,19,23,24,30,92,93,94,121,122,123" m="42090" machi="121" ten="40,3900,0" yaku="14,1,10,1" doraHai="67" who="2" fromWho="2" sc="250,-13,240,-13,250,49,250,-13" /><INIT seed="2,1,0,1,5,109" ten="237,227,299,237" oya="2" hai0="105,119,30,61,121,16,17,95,25,86,92,22,62" hai1="9,28,4,54,58,82,96,111,100,1,69,91,63" hai2="70,107,15,56,101,12,80,40,32,99,2,19,33" hai3="18,73,79,10,48,103,13,6,47,71,34,97,60"/><V129/><F70/><W116/><G116/><T36/><D36/><U46/><E111/><V127/><F2/><W77/><G73/><T72/><D72/><U35/><E69/><V21/><F127/><W31/><G34/><T122/><D105/><U133/><E133/><V135/><F135/><W53/><G31/><T45/><D119/><U113/><E113/><V44/><F129/><W39/><G39/><T84/><D45/><U134/><E134/><V94/><F107/><W115/><G115/><T20/><D30/><U3/><E46/><V55/><F80/><W43/><G6/><T78/><D78/><U89/><E1/><V85/><F85/><W93/><REACH who="3" step="1"/><G71/><REACH who="3" ten="237,227,299,227" step="2"/><T102/><D25/><U74/><E28/><V132/><F33/><W49/><G49/><T64/><D102/><U126/><E35/><V14/><F32/><W51/><G51/><T124/><D64/><U128/><E128/><V0/><F132/><W42/><G42/><T90/><D90/><U104/><REACH who="1" step="1"/><E126/><AGARI ba="1,1" hai="16,17,20,22,61,62,84,86,92,95,121,122,124,126" machi="126" ten="25,3200,0" yaku="22,2,54,1" doraHai="109" who="0" fromWho="1" sc="237,45,227,-35,299,0,227,0" /><INIT seed="3,0,0,1,1,31" ten="282,192,299,227" oya="3" hai0="34,44,1,129,62,58,116,86,45,98,97,75,78" hai1="29,122,14,72,7,94,37,53,19,8,67,99,115" hai2="89,30,88,39,105,21,22,134,90,28,124,127,18" hai3="57,59,114,123,40,93,0,118,6,2,54,103,73"/><W55/><G118/><T81/><D1/><U15/><E72/><V109/><F109/><W128/><G114/><T17/><D34/><U135/><E115/><V119/><F119/><W83/><G123/><T104/><D116/><U111/><E111/><V5/><F134/><W41/><G6/><T121/><D121/><U48/><E37/><V101/><F5/><W27/><G73/><T126/><D129/><U87/><E135/><V63/><F39/><W132/><G132/><T92/><D75/><U24/><E67/><V82/><F82/><W38/><G38/><T47/><D104/><U36/><E36/><V43/><F43/><W9/><G83/><T66/><D126/><N who="2" m="48170" /><F63/><N who="3" m="36279" /><G9/><T131/><D131/><U26/><E29/><N who="2" m="11371" /><F18/><W50/><G2/><T49/><D17/><U52/><E87/><V11/><F11/><W68/><G0/><T71/><D71/><U13/><E122/><V117/><F117/><W133/><G68/><T85/><D85/><U74/><E74/><V69/><F69/><W80/><G80/><T130/><D98/><AGARI ba="0,0" hai="21,22,88,89,90,98,101,105" m="11371,48170" machi="98" ten="40,2600,0" yaku="18,1,54,1" doraHai="31" who="2" fromWho="0" sc="282,-26,192,0,299,26,227,0" owari="256,5.6,192,-30.8,325,42.5,227,-17.3" /></mjloggm>