<mjloggm ver="2.3"><GO type="225" lobby="0"/><UN n0="%E5%B0%8F%E9%B3%A5%E9%81%8A%E7%B7%B4%E7%84%A1%32%31%E6%AD%B3" n1="%6B%79%6F%6E%6B%6F%31%31" n2="%E8%90%BD%E6%97%A5" n3="%E3%82%B3%E3%83%90%E3%83%AC%E3%82%A4" dan="16,16,16,16" rate="2167.38,2139.19,2204.65,2138.59" sx="F,M,F,M"/><TAIKYOKU oya="0"/><INIT seed="0,0,0,1,0,95" ten="250,250,250,250" oya="0" hai0="51,2,46,134,12,113,88,108,52,13,97,48,11" hai1="44,59,85,4,55,18,102,40,0,39,99,71,80" hai2="16,93,42,107,96,38,47,37,25,133,112,17,81" hai3="43,22,62,79,127,70,90,84,15,132,130,67,32"/><T74/><D113/><U58/><E71/><V135/><F112/><W125/><G32/><T24/><D134/><N who="2" m="51210" /><F38/><W122/><G132/><T75/><D2/><U31/><E31/><V34/><F81/><W91/><G122/><T115/><D115/><U86/><E18/><V50/><F37/><W27/><G43/><T120/><D120/><U103/><E103/><N who="2" m="62951" /><F93/><W72/><G72/><T77/><D24/><U83/><E85/><V76/><F76/><W26/><G79/><T68/><D68/><U61/><E86/><V101/><F101/><W119/><G119/><T54/><D77/><U45/><E45/><V89/><F89/><W23/><G91/><T66/><D66/><U60/><E4/><V28/><AGARI ba="0,0" hai="16,17,25,28,34,42,47,50" m="62951,51210" machi="28" ten="30,4000,0" yaku="20,1,52,1,54,1" doraHai="95" who="2" fromWho="2" sc="250,-20,250,-10,250,40,250,-10" /><INIT seed="1,0,0,0,3,30" ten="230,240,290,240" oya="1" hai0="32,41,88,61,13,90,82,115,114,23,54,129,1" hai1="79,47,4,60,109,14,62,92,103,135,15,56,125" hai2="95,107,22,112,10,73,102,42,6,46,108,78,55" hai3="113,18,106,89,59,99,11,121,12,80,20,31,36"/><U132/><E125/><V45/><F108/><W34/><G36/><T134/><D1/><U9/><E109/><V26/><F107/><W86/><G113/><T19/><D134/><N who="1" m="51243" /><E79/><V69/><F69/><W21/><G121/><T7/><D7/><U130/><E130/><V25/><F112/><W133/><G133/><T70/><D41/><U96/><E47/><V52/><F26/><W33/><G59/><T98/><D129/><U127/><E127/><V58/><F46/><W122/><G122/><T35/><D90/><U24/><E24/><V118/><F118/><W8/><G21/><T38/><D38/><U39/><E39/><V28/><F58/><W5/><G31/><T101/><D114/><U37/><E37/><N who="2" m="21711" /><F95/><W57/><G57/><T120/><D115/><U117/><E117/><V67/><F102/><W66/><G66/><T0/><D0/><N who="1" m="135" /><E62/><V81/><F67/><AGARI ba="0,0" hai="14,15,56,60,67,92,96,103" m="135,51243" machi="67" ten="30,1500,0" yaku="20,1" doraHai="30" who="1" fromWho="2" sc="230,0,240,15,290,-15,240,0" /><INIT seed="1,1,0,4,2,37" ten="230,255,275,240" oya="1" hai0="95,75,8,80,68,70,120,2,60,123,4,25,26" hai1="111,65,61,28,112,74,58,86,53,55,19,39,57" hai2="27,106,13,30,46,9,18,29,20,49,94,50,92" hai3="130,35,10,81,87,109,73,22,66,72,0,40,31"/><U32/><E112/><V5/><F106/><W83/><G130/><T82/><D95/><N who="2" m="36394" /><F50/><W17/><G66/><T105/><D105/><U76/><E74/><V67/><F67/><W104/><G104/><T115/><D115/><U127/><E127/><V52/><AGARI ba="1,0" hai="5,9,13,18,20,27,29,30,46,49,52" m="36394" machi="52" ten="30,2000,0" yaku="8,1,54,1" doraHai="37" who="2" fromWho="2" sc="230,-6,255,-11,275,23,240,-6" /><INIT seed="2,0,0,3,4,82" ten="224,244,298,234" oya="2" hai0="12,87,47,126,114,19,90,48,115,59,67,64,53" hai1="73,94,127,29,80,76,123,95,43,42,5,86,41" hai2="104,122,75,62,28,37,135,45,17,52,101,133,91" hai3="130,103,25,72,23,39,61,102,99,105,63,89,131"/><V85/><F75/><W15/><G39/><T0/><D0/><U10/><E127/><V32/><F122/><W40/><G40/><T88/><D126/><U98/><E123/><V50/><F37/><W77/><G15/><T13/><D115/><U66/><E66/><N who="0" m="25129" /><D114/><U18/><E29/><V112/><F112/><W44/><G44/><T109/><D109/><U56/><E56/><V4/><F4/><W120/><G120/><T35/><D35/><U65/><E65/><V128/><F62/><W92/><G77/><T116/><D116/><U93/><E18/><V97/><F128/><N who="3" m="49195" /><G72/><T108/><D108/><U16/><E16/><V119/><F119/><W30/><G103/><T54/><D90/><U96/><REACH who="1" step="1"/><E73/><REACH who="1" ten="224,234,298,234" step="2"/><V14/><F28/><W6/><G6/><T55/><D19/><U31/><E31/><V38/><F32/><W78/><G30/><T71/><D71/><U132/><E132/><V2/><F135/><W57/><G57/><T100/><D100/><U83/><E83/><V125/><F133/><W3/><G102/><T74/><D74/><U26/><E26/><V9/><F125/><W111/><G25/><T107/><D59/><U51/><E51/><V68/><F68/><W121/><G121/><T110/><D110/><U20/><E20/><V117/><F38/><W81/><G23/><T79/><D107/><U124/><E124/><V24/><F24/><W36/><G36/><T11/><D11/><U60/><E60/><N who="3" m="23114" /><G105/><T33/><D33/><U106/><E106/><N who="2" m="63791" /><F117/><W129/><N who="3" m="49203" /><W34/><DORA hai="69" /><G111/><T84/><D48/><U21/><E21/><RYUUKYOKU ba="0,1" sc="224,-10,234,30,298,-10,234,-10" hai1="5,10,41,42,43,76,80,86,93,94,95,96,98" /><INIT seed="3,1,1,4,5,86" ten="214,264,288,224" oya="3" hai0="130,125,127,91,74,85,9,28,99,58,42,34,8" hai1="111,70,77,89,79,1,39,12,67,23,54,38,37" hai2="122,131,120,100,96,108,103,62,83,117,35,92,52" hai3="31,27,72,19,21,48,14,110,36,26,46,24,84"/><W113/><G72/><T10/><D74/><U57/><E1/><V56/><F117/><W87/><G36/><T78/><D42/><U121/><E121/><N who="2" m="46699" /><F108/><W106/><G106/><T7/><D7/><U102/><E102/><N who="2" m="60679" /><F131/><W115/><G110/><T17/><D78/><U101/><E101/><N who="2" m="38987" /><F83/><W5/><G115/><T104/><D130/><U97/><E67/><V133/><F35/><W123/><G113/><T41/><D41/><U95/><E70/><V4/><F4/><W0/><G123/><T82/><D58/><U25/><E12/><V116/><F116/><W88/><G0/><T94/><D104/><U129/><E111/><V11/><F11/><N who="3" m="4463" /><G31/><T29/><D34/><U118/><E118/><V109/><F109/><W32/><G32/><T6/><D6/><U55/><E129/><V53/><F53/><N who="3" m="29847" /><G84/><T33/><D33/><U71/><E55/><V15/><F15/><W128/><G128/><T51/><D17/><U119/><E119/><V75/><F75/><W81/><AGARI ba="1,1" hai="19,21,24,26,27,81,87,88" m="29847,4463" machi="81" ten="30,6000,0" yaku="8,1,52,1,54,1" doraHai="86" who="3" fromWho="3" sc="214,-21,264,-21,288,-21,224,73" /><INIT seed="3,2,0,3,1,93" ten="193,243,267,297" oya="3" hai0="50,100,14,131,69,5,68,40,107,94,119,133,44" hai1="2,134,95,71,103,76,123,9,17,41,36,63,102" hai2="115,15,86,70,52,83,127,129,34,54,90,48,105" hai3="77,82,3,4,26,97,31,53,25,96,24,120,57"/><W1/><G120/><T21/><D131/><U125/><E123/><V61/><F115/><W11/><G1/><T78/><D119/><U91/><E76/><V29/><F129/><W60/><REACH who="3" step="1"/><G31/><REACH who="3" ten="193,243,267,287" step="2"/><T65/><D133/><U87/><E134/><V135/><F29/><W109/><G109/><T121/><D121/><U73/><E2/><V110/><F135/><W22/><G22/><T111/><D111/><U45/><E125/><V84/><F127/><W85/><AGARI ba="2,1" hai="3,4,11,24,25,26,53,57,60,77,82,85,96,97" machi="85" ten="30,11700,0" yaku="1,1,0,1,52,2,53,0" doraHai="93" doraHaiUra="37" who="3" fromWho="3" sc="193,-41,243,-41,267,-41,287,133" owari="152,-34.8,202,-19.8,226,2.6,420,52.0" /></mjloggm>