<mjloggm ver="2.3"><GO type="225" lobby="0"/><UN n0="%E3%81%86%E3%83%BC%E3%81%B1%E3%83%BC" n1="%72%61%6B%33" n2="%E6%AF%9B%E8%8D%92%E3%82%8C%E3%83%BB%E3%82%B9%E3%83%9F%E3%82%B9" n3="%31%38%63%6D%E7%AB%8B%E7%9B%B4%E6%A3%92" dan="17,17,16,16" rate="2181.59,2181.59,2080.99,2130.33" sx="F,M,F,M"/><TAIKYOKU oya="0"/><INIT seed="0,0,0,2,3,114" ten="250,250,250,250" oya="0" hai0="48,111,58,67,120,52,87,124,116,0,29,81,131" hai1="80,123,18,7,118,45,112,27,44,37,57,97,130" hai2="55,42,46,132,79,69,11,74,54,94,5,32,8" hai3="89,128,62,77,12,133,115,91,110,20,64,19,95"/><T31/><D120/><U21/><E21/><V49/><F132/><W24/><G115/><T34/><D0/><U41/><E41/><BYE who="1" /><V23/><F32/><W66/><G133/><T78/><D34/><U92/><E92/><V126/><F126/><W13/><G110/><T56/><D124/><U38/><E38/><V100/><F69/><W108/><G108/><T82/><D111/><U47/><E47/><V51/><F23/><W125/><G125/><T9/><D131/><U33/><E33/><V30/><F30/><W103/><G77/><T117/><D9/><U63/><E63/><V4/><F79/><W119/><G119/><T1/><D1/><U68/><E68/><V50/><F74/><UN n1="%72%61%6B%33" /><W43/><G43/><T14/><D14/><N who="3" m="5737" /><G128/><T122/><D122/><U3/><E123/><V2/><F100/><W134/><G134/><T15/><D15/><U135/><E135/><V84/><F5/><W76/><G76/><T65/><D78/><U40/><E40/><V105/><F8/><W98/><G62/><T28/><D87/><U86/><E86/><V17/><F105/><W26/><G24/><T16/><D28/><U10/><E27/><V61/><F17/><W39/><G39/><T129/><D129/><U102/><E37/><N who="2" m="21839" /><F61/><W113/><G113/><T72/><D16/><U36/><E18/><V73/><F73/><W88/><AGARI ba="0,0" hai="19,20,26,64,66,88,89,91,95,98,103" m="5737" machi="88" ten="30,2000,0" yaku="8,1,54,1" doraHai="114" who="3" fromWho="3" sc="250,-10,250,-5,250,-5,250,20" /><INIT seed="1,0,0,3,4,104" ten="240,245,245,270" oya="1" hai0="84,97,35,8,42,78,1,118,100,6,49,119,116" hai1="90,56,59,30,12,121,68,66,53,130,131,120,82" hai2="65,123,111,51,70,86,54,109,106,4,21,85,92" hai3="18,113,115,14,32,71,19,29,135,133,73,52,134"/><U13/><E30/><V23/><F123/><W57/><G71/><T69/><D69/><U9/><E68/><V24/><F106/><W37/><G37/><T15/><D35/><U74/><E66/><V43/><F43/><W125/><G29/><T20/><D20/><U77/><E90/><V114/><F114/><W101/><G32/><T80/><D1/><U16/><E12/><V50/><F4/><W96/><G73/><T129/><D129/><N who="1" m="49163" /><E56/><V27/><F70/><W122/><G122/><T105/><REACH who="0" step="1"/><D119/><REACH who="0" ten="230,245,245,270" step="2"/><U63/><AGARI ba="0,1" hai="9,13,16,53,59,63,74,77,82,120,121" m="49163" machi="63" ten="30,6000,0" yaku="19,1,52,1,54,1" doraHai="104" who="1" fromWho="1" sc="230,-20,245,70,245,-20,270,-20" /><INIT seed="1,1,0,3,1,61" ten="210,315,225,250" oya="1" hai0="127,13,35,72,108,45,101,82,122,71,46,79,19" hai1="111,32,86,78,39,36,98,56,73,74,106,62,96" hai2="93,125,29,15,54,8,3,70,117,11,110,0,69" hai3="89,131,120,123,64,134,105,126,119,22,30,75,18"/><U17/><E32/><V121/><F117/><W129/><G75/><T28/><D108/><U42/><E111/><V92/><F121/><W100/><G100/><T112/><D112/><U88/><E17/><V27/><F110/><W47/><G105/><T130/><D130/><N who="3" m="49673" /><G30/><T52/><D127/><U2/><E2/><N who="2" m="555" /><F29/><W9/><G9/><N who="2" m="3657" /><F15/><W49/><G89/><T16/><D101/><U41/><E36/><V94/><F27/><W10/><G10/><T40/><D13/><U90/><E90/><V66/><F54/><W44/><G119/><T114/><D122/><U55/><E39/><V68/><F66/><W97/><G64/><T21/><D35/><U51/><E74/><V50/><F50/><W5/><G49/><T25/><D71/><N who="2" m="18178" /><V109/><DORA hai="83" /><F109/><W12/><G12/><T132/><D114/><U102/><E98/><V33/><F33/><W113/><G120/><T58/><D19/><U95/><E51/><V81/><F81/><AGARI ba="1,0" hai="41,42,55,56,62,73,78,81,86,88,95,96,102,106" machi="81" ten="40,12000,1" yaku="24,2,52,1,54,1" doraHai="61,83" who="1" fromWho="2" sc="210,0,315,123,225,-123,250,0" /><INIT seed="1,2,0,0,4,9" ten="210,438,102,250" oya="1" hai0="32,22,46,23,72,59,45,14,78,60,104,75,83" hai1="10,116,66,88,67,57,85,24,118,84,16,119,108" hai2="3,128,69,55,76,4,62,107,68,113,132,5,21" hai3="11,47,97,98,94,114,36,71,70,122,96,111,1"/><U13/><E108/><V49/><F128/><W64/><G111/><T40/><D32/><U0/><E0/><V100/><F132/><W135/><G135/><T15/><D104/><U73/><E73/><V17/><F113/><W53/><G114/><T33/><D33/><U74/><E74/><V38/><F38/><W87/><G87/><T35/><D35/><U123/><E123/><V42/><F76/><W106/><G106/><T48/><D46/><U121/><E121/><V6/><F3/><W44/><G53/><T129/><D75/><U30/><E57/><V63/><F42/><W126/><G122/><T79/><D79/><U86/><REACH who="1" step="1"/><E88/><REACH who="1" ten="210,428,102,250" step="2"/><V8/><F69/><W89/><G70/><T93/><D129/><U18/><E18/><V37/><F68/><W77/><G71/><T50/><D59/><U95/><E95/><V20/><F4/><W91/><G94/><T19/><D93/><U133/><E133/><V102/><F5/><W28/><G44/><T26/><D60/><U54/><E54/><V7/><F6/><W117/><G47/><T43/><D40/><U90/><E90/><V39/><F107/><W110/><G89/><T112/><D112/><U92/><E92/><V82/><F17/><W127/><G91/><T58/><D58/><U99/><E99/><V120/><F120/><W61/><G110/><T103/><D103/><N who="2" m="39466" /><F63/><W115/><G61/><T131/><D131/><U105/><E105/><V51/><F62/><W25/><G115/><T109/><D109/><U124/><E124/><V31/><F7/><W52/><G126/><T125/><D72/><RYUUKYOKU ba="2,1" sc="210,-10,428,30,102,-10,250,-10" hai1="10,13,16,24,30,66,67,84,85,86,116,118,119" /><INIT seed="1,3,1,3,4,71" ten="200,458,92,240" oya="1" hai0="91,90,49,17,18,62,48,97,11,36,131,50,28" hai1="27,53,63,74,134,20,19,81,88,40,24,37,101" hai2="3,73,79,75,89,93,102,32,52,30,84,108,7" hai3="14,104,107,6,124,132,15,76,22,29,39,9,21"/><U127/><E134/><V67/><F108/><W66/><G132/><T26/><D131/><U87/><E127/><V86/><F67/><W113/><G124/><T129/><D129/><U72/><E101/><V103/><F32/><W0/><G66/><T60/><D36/><U115/><E115/><V99/><F30/><W38/><G76/><T98/><D28/><U77/><E27/><V65/><F65/><W110/><G29/><T23/><D11/><U59/><REACH who="1" step="1"/><E77/><REACH who="1" ten="200,448,92,240" step="2"/><V112/><F112/><W92/><G113/><T8/><D91/><U54/><E54/><V109/><F109/><W128/><G110/><T58/><D90/><U94/><E94/><V46/><F103/><W1/><G92/><T130/><D130/><U57/><E57/><V4/><F79/><W45/><G128/><T16/><D58/><U13/><E13/><V135/><F135/><W119/><G45/><AGARI ba="3,2" hai="19,20,24,37,40,45,53,59,63,72,74,81,87,88" machi="45" ten="40,12000,1" yaku="1,1,52,1,54,1,53,1" doraHai="71" doraHaiUra="51" who="1" fromWho="3" sc="200,0,448,149,92,0,240,-129" /><INIT seed="1,4,0,1,4,6" ten="200,597,92,111" oya="1" hai0="77,99,93,109,69,108,68,114,115,51,134,135,22" hai1="56,103,133,82,42,113,107,111,11,91,73,120,55" hai2="88,118,98,95,106,65,37,18,20,19,123,97,0" hai3="1,128,8,74,16,9,80,84,63,10,30,34,53"/><U61/><E113/><N who="0" m="43017" /><D22/><U41/><E120/><V28/><F123/><W46/><G74/><T117/><D117/><U102/><E133/><N who="0" m="50697" /><D51/><U70/><E111/><N who="0" m="42569" /><D77/><U81/><E70/><V127/><F127/><W36/><G128/><T78/><D78/><U116/><E116/><V131/><F131/><W110/><G110/><T122/><D122/><U67/><E107/><V45/><F118/><W15/><G1/><T105/><D105/><U35/><E35/><V126/><F0/><W48/><G36/><T58/><D58/><U101/><E73/><V32/><F32/><W100/><G100/><AGARI ba="4,0" hai="68,69,93,99,100" m="42569,50697,43017" machi="100" ten="40,2600,0" yaku="20,1,14,1" doraHai="6" who="0" fromWho="3" sc="200,38,597,0,92,0,111,-38" /><INIT seed="2,0,0,0,3,121" ten="238,597,92,73" oya="2" hai0="37,77,134,34,111,75,74,4,132,9,36,123,91" hai1="50,120,100,47,70,3,84,92,11,45,27,102,40" hai2="2,117,80,1,16,109,42,71,129,76,119,82,54" hai3="55,65,62,39,28,107,94,44,110,106,29,72,49"/><V6/><F109/><W124/><G72/><T115/><D123/><U89/><E120/><V24/><F71/><W8/><G39/><T43/><D115/><U73/><E73/><N who="0" m="27657" /><D77/><U130/><E130/><V125/><F129/><W83/><G124/><T112/><D112/><U32/><E70/><V18/><F125/><W81/><G107/><T64/><D64/><U12/><E3/><N who="2" m="1035" /><F76/><W86/><G106/><T103/><D91/><U122/><E122/><V113/><F113/><W126/><G126/><T57/><D57/><U116/><E116/><N who="2" m="44619" /><F24/><W53/><G53/><T97/><D34/><U21/><E32/><V33/><F33/><W52/><G8/><T19/><D111/><U41/><E41/><V87/><F87/><W14/><G14/><N who="0" m="7631" /><D43/><U22/><E45/><V133/><F42/><W78/><G110/><T99/><D99/><U63/><E63/><V104/><F104/><W0/><G0/><T114/><D114/><U38/><E38/><V105/><F105/><W61/><G94/><N who="0" m="58807" /><D4/><N who="1" m="3175" /><E27/><V5/><F54/><W98/><G98/><T108/><D108/><U60/><E60/><V56/><F56/><N who="3" m="37031" /><G83/><N who="2" m="31785" /><F5/><W25/><G25/><T69/><D69/><U85/><E85/><V127/><F6/><W13/><G13/><T101/><D101/><AGARI ba="0,0" hai="21,22,40,47,50,84,89,92,100,101,102" m="3175" machi="101" ten="30,1000,0" yaku="8,1" doraHai="121" who="1" fromWho="0" sc="238,-10,597,10,92,0,73,0" /><INIT seed="3,0,0,0,5,124" ten="228,607,92,73" oya="3" hai0="54,6,33,63,34,96,121,14,21,78,135,24,67" hai1="61,47,92,28,27,98,16,117,48,36,112,5,71" hai2="10,46,18,62,56,89,87,102,85,65,55,11,57" hai3="113,95,120,105,100,32,22,7,109,25,93,83,130"/><W126/><G126/><T133/><D121/><U80/><E112/><V60/><F102/><W58/><G120/><T91/><D54/><U50/><E117/><V38/><F18/><W26/><G113/><T70/><D78/><U15/><E5/><V30/><F30/><W103/><G109/><T128/><D128/><U88/><E80/><N who="2" m="49319" /><F38/><W84/><G105/><T44/><D44/><U68/><E36/><V104/><F104/><W79/><G32/><T52/><D52/><U131/><E131/><V118/><F118/><W12/><G130/><T115/><D115/><U72/><E72/><V110/><F110/><W97/><G58/><T40/><D40/><U9/><E61/><V45/><F87/><W4/><G12/><T64/><D64/><U94/><E94/><V53/><F46/><W1/><G1/><T81/><D6/><N who="3" m="2089" /><G22/><T2/><D14/><U66/><E66/><V37/><F37/><W127/><G127/><T43/><D2/><U106/><E106/><V114/><F114/><W119/><G119/><T116/><D116/><U13/><E13/><V35/><F35/><W31/><G31/><T0/><D0/><U19/><E19/><V111/><F111/><W49/><G49/><AGARI ba="0,0" hai="10,11,45,49,53,55,56,57,60,62,65" m="49319" machi="49" ten="30,1000,0" yaku="8,1" doraHai="124" who="2" fromWho="3" sc="228,0,607,0,92,10,73,-10" owari="228,2.8,607,70.7,102,-29.8,63,-43.7" /></mjloggm>