<mjloggm ver="2.3"><GO type="225" lobby="0"/><UN n0="%E3%82%A2%E3%82%A4%E3%82%B9%E3%83%86%E3%82%A3%E3%83%BC%E3%81%82%E3%81%B9" n1="%E6%B4%BE%E9%81%A3%E3%81%AE%E3%82%B8%E3%83%A3%E3%83%83%E3%82%AF" n2="%E5%8F%AF%E5%85%90%E9%82%A3%E7%94%B1%E5%A4%9A" n3="%79%6B%66%35%35%33%38%39" dan="16,16,16,16" rate="2073.57,2175.86,2176.93,2130.64" sx="M,M,F,M"/><TAIKYOKU oya="0"/><INIT seed="0,0,0,3,5,128" ten="250,250,250,250" oya="0" hai0="29,60,1,2,7,3,4,84,110,68,78,120,32" hai1="23,105,52,114,93,15,102,27,22,8,134,98,112" hai2="40,113,38,26,92,50,94,53,25,30,129,10,69" hai3="135,44,71,95,99,132,111,5,24,45,119,43,63"/><T16/><D120/><U75/><E75/><V55/><F113/><N who="1" m="43625" /><E105/><V51/><F69/><W46/><G119/><T72/><D72/><U0/><E0/><V34/><F129/><W47/><G111/><T54/><D110/><U28/><E134/><N who="3" m="51242" /><G5/><T42/><D42/><U41/><E41/><V67/><F67/><N who="3" m="41471" /><G24/><T20/><D32/><N who="1" m="20511" /><E52/><V83/><F40/><W74/><G74/><T124/><D29/><U35/><E35/><V81/><F34/><W56/><G56/><T61/><D124/><U11/><E11/><V125/><F10/><W33/><G33/><T58/><D68/><U121/><E121/><V6/><F30/><W62/><G62/><T49/><D7/><AGARI ba="0,0" hai="7,8,15,22,23,93,98,102" m="20511,43625" machi="7" ten="30,1000,0" yaku="11,1" doraHai="128" who="1" fromWho="0" sc="250,-10,250,10,250,0,250,0" /><INIT seed="1,0,0,0,0,118" ten="240,260,250,250" oya="1" hai0="113,49,132,45,99,28,75,131,59,19,7,63,92" hai1="33,64,85,30,80,17,124,111,94,22,89,32,106" hai2="87,69,57,79,54,56,98,51,84,77,5,41,71" hai3="10,90,1,11,121,104,66,70,44,108,76,88,73"/><U61/><E106/><V110/><F110/><W68/><G108/><T37/><D132/><U97/><E111/><V52/><F41/><W95/><G104/><T48/><D131/><U105/><E124/><V26/><F5/><W129/><G129/><T39/><D75/><U116/><E105/><V46/><F98/><W91/><G121/><T38/><D7/><U42/><E42/><V15/><F15/><W43/><G95/><T12/><D28/><U122/><E122/><V29/><F46/><W3/><G11/><T25/><D25/><U6/><E6/><V72/><F72/><W53/><G53/><T34/><D34/><U125/><E125/><V109/><F109/><W93/><G93/><T117/><D45/><U135/><E135/><V78/><F69/><W60/><G10/><T13/><D13/><U123/><E123/><V115/><F71/><W107/><G70/><T16/><D117/><U65/><E116/><V134/><F115/><W24/><G24/><T130/><D113/><U119/><E119/><V55/><F134/><W18/><G18/><T14/><D14/><N who="1" m="9527" /><E30/><V114/><F114/><W86/><G107/><T20/><D19/><U8/><E8/><V58/><F51/><W126/><G126/><T31/><D31/><U82/><E61/><V102/><F102/><W0/><G73/><T81/><D81/><N who="1" m="31339" /><E97/><V47/><F47/><W23/><G0/><T100/><REACH who="0" step="1"/><D130/><REACH who="0" ten="230,260,250,250" step="2"/><U9/><E9/><V2/><F2/><W74/><G74/><T67/><AGARI ba="0,1" hai="12,16,20,37,38,39,48,49,59,63,67,92,99,100" machi="67" ten="30,7900,0" yaku="1,1,2,1,0,1,54,1,53,0" doraHai="118" doraHaiUra="120" who="0" fromWho="0" sc="230,89,260,-39,250,-20,250,-20" /><INIT seed="2,0,0,3,1,6" ten="319,221,230,230" oya="2" hai0="119,5,100,56,124,118,32,10,98,1,44,23,2" hai1="41,71,66,109,45,103,135,67,75,104,42,126,53" hai2="96,21,116,101,30,85,70,4,48,47,43,39,37" hai3="89,114,0,38,76,24,129,95,115,49,72,133,99"/><V82/><F116/><N who="0" m="44586" /><D32/><U131/><E75/><V60/><F4/><W34/><G38/><T9/><D124/><U117/><E117/><V127/><F127/><W28/><G133/><T8/><D5/><U19/><E126/><V123/><F123/><W81/><G129/><T93/><D56/><U62/><E131/><V58/><F70/><W15/><G0/><T77/><D77/><U73/><E73/><V91/><F21/><W69/><G69/><T12/><D44/><U79/><E79/><V87/><F87/><W112/><G15/><T105/><D105/><U17/><E135/><V51/><F30/><W80/><G80/><T14/><D23/><U121/><E121/><V122/><F39/><W132/><G132/><T107/><D107/><U68/><E109/><V88/><F91/><W11/><REACH who="3" step="1"/><G49/><REACH who="3" ten="319,221,230,220" step="2"/><T83/><D83/><U59/><E68/><V64/><REACH who="2" step="1"/><F122/><REACH who="2" ten="319,221,220,220" step="2"/><W84/><G84/><T36/><D36/><U125/><E125/><V54/><F54/><W26/><G26/><T7/><D7/><U55/><E55/><V134/><F134/><W92/><G92/><AGARI ba="0,2" hai="37,43,47,48,51,58,60,64,82,85,88,92,96,101" machi="92" ten="30,5800,0" yaku="1,1,7,1,54,1,53,0" doraHai="6" doraHaiUra="35" who="2" fromWho="3" sc="319,0,221,0,220,78,220,-58" /><INIT seed="2,1,0,4,0,111" ten="319,221,298,162" oya="2" hai0="71,117,128,135,92,119,8,3,100,60,13,121,94" hai1="45,1,133,7,19,37,83,27,30,112,76,4,109" hai2="98,90,104,62,46,114,70,67,23,25,38,53,87" hai3="101,107,40,80,2,123,6,85,34,78,35,89,131"/><V64/><F64/><W43/><G123/><T103/><D3/><U91/><E109/><V66/><F66/><W29/><G131/><T84/><D121/><U134/><E91/><V18/><F104/><W10/><G107/><T75/><D75/><N who="1" m="43423" /><E19/><V22/><F98/><W57/><G101/><T118/><D128/><U24/><E7/><V17/><F38/><W56/><G56/><T55/><D135/><N who="1" m="51723" /><E30/><V48/><F114/><W21/><G57/><N who="0" m="34879" /><D71/><U15/><E15/><V50/><F50/><W9/><G9/><T47/><D47/><U58/><E58/><V20/><REACH who="2" step="1"/><F17/><REACH who="2" ten="319,221,288,162" step="2"/><W86/><G86/><T68/><D84/><U97/><E97/><V73/><F73/><W129/><G129/><T72/><D72/><U116/><E112/><V36/><F36/><W5/><G85/><T96/><D68/><U61/><E37/><V59/><F59/><W95/><G5/><N who="0" m="3215" /><D103/><U65/><E65/><V81/><AGARI ba="1,1" hai="18,20,22,23,25,46,48,53,62,67,70,81,87,90" machi="81" ten="20,7800,0" yaku="1,1,0,1,7,1,53,1" doraHai="111" doraHaiUra="82" who="2" fromWho="2" sc="319,-27,221,-27,288,91,162,-27" /><INIT seed="2,2,0,3,2,100" ten="292,194,379,135" oya="2" hai0="31,10,32,4,63,81,110,105,124,68,23,65,21" hai1="95,88,72,28,125,8,96,85,40,86,14,102,51" hai2="128,17,119,131,27,9,127,61,89,73,44,19,134" hai3="0,43,117,116,135,56,121,67,78,98,122,66,111"/><V120/><F73/><W106/><G0/><T58/><D110/><U33/><E72/><V38/><F119/><W46/><G111/><T18/><D124/><U13/><E125/><V104/><F127/><W114/><G135/><T92/><D92/><U36/><E36/><V69/><F120/><W39/><G78/><T41/><D81/><U82/><E33/><V54/><F134/><W6/><G6/><T16/><D41/><U49/><E28/><V101/><F89/><W55/><G98/><T93/><D93/><N who="1" m="58639" /><E40/><V52/><F38/><W62/><G106/><T29/><D32/><U83/><E83/><V130/><F9/><W115/><G117/><T24/><D105/><U80/><E80/><V35/><F35/><W126/><G116/><T3/><REACH who="0" step="1"/><D68/><REACH who="0" ten="282,194,379,135" step="2"/><U2/><E82/><V5/><F69/><W26/><G126/><T22/><D22/><U45/><E95/><V84/><F104/><W97/><G97/><T107/><D107/><U57/><E8/><V71/><F71/><W87/><G87/><T12/><AGARI ba="2,1" hai="3,4,10,12,16,18,21,23,24,29,31,58,63,65" machi="12" ten="20,8000,1" yaku="1,1,0,1,7,1,54,1,53,1" doraHai="100" doraHaiUra="7" who="0" fromWho="0" sc="282,96,194,-22,379,-42,135,-22" /><INIT seed="3,0,0,4,3,7" ten="378,172,337,113" oya="3" hai0="63,119,102,130,31,135,24,79,4,65,98,91,29" hai1="72,85,66,41,82,132,12,48,117,127,76,60,94" hai2="104,125,56,108,18,0,61,37,15,129,6,58,5" hai3="86,77,131,78,121,9,115,62,100,46,22,80,42"/><W8/><G115/><T3/><D119/><U28/><E127/><V75/><F125/><W67/><G121/><T57/><D79/><N who="3" m="30217" /><G131/><T36/><D36/><U27/><E132/><V20/><F108/><W112/><G112/><T71/><D130/><U16/><E117/><V114/><F114/><W93/><G22/><T84/><D135/><U107/><E107/><V52/><F129/><W105/><G105/><T124/><D124/><U103/><E41/><V40/><F75/><W81/><G62/><T33/><D31/><U25/><E48/><V134/><F134/><W10/><G67/><T68/><D4/><U47/><E47/><V30/><F104/><W128/><G128/><T35/><D3/><U23/><E28/><V34/><F0/><W122/><G122/><T32/><D57/><N who="1" m="37135" /><E72/><V110/><F110/><W123/><G123/><T39/><D39/><U19/><E19/><V26/><REACH who="2" step="1"/><F58/><REACH who="2" ten="378,172,327,113" step="2"/><W49/><G86/><T96/><D71/><U53/><E85/><V54/><F54/><W87/><G87/><T83/><D98/><AGARI ba="0,1" hai="8,9,10,42,46,49,80,81,93,98,100" m="30217" machi="98" ten="30,11600,0" yaku="8,1,52,3" doraHai="7" who="3" fromWho="0" sc="378,-116,172,0,327,0,113,126" /><INIT seed="3,1,0,1,4,125" ten="262,172,327,239" oya="3" hai0="78,120,38,51,41,135,22,70,46,13,127,47,111" hai1="107,83,73,114,7,44,110,109,81,67,3,55,54" hai2="99,105,115,95,130,20,97,76,117,12,96,48,68" hai3="112,134,15,71,56,118,101,9,119,128,124,85,62"/><W106/><G112/><T116/><D111/><U10/><E114/><V25/><F115/><W29/><G124/><T82/><D127/><U77/><E107/><V0/><F0/><W21/><G71/><T8/><D120/><U23/><E67/><V129/><F117/><W74/><G74/><T64/><D135/><U19/><E81/><V72/><F68/><W104/><G134/><T123/><D123/><U26/><REACH who="1" step="1"/><E44/><REACH who="1" ten="262,162,327,239" step="2"/><V93/><F105/><W36/><G104/><T53/><D116/><U31/><E31/><V52/><F95/><W39/><G29/><T122/><D122/><U94/><E94/><V108/><F93/><W16/><G106/><T89/><D64/><U121/><E121/><V2/><F108/><AGARI ba="1,1" hai="3,7,10,19,23,26,54,55,73,77,83,108,109,110" machi="108" ten="40,5200,0" yaku="1,1,14,1,53,1" doraHai="125" doraHaiUra="1" who="1" fromWho="2" sc="262,0,162,65,327,-55,239,0" /><INIT seed="4,0,0,5,2,102" ten="262,227,272,239" oya="0" hai0="7,106,3,126,71,66,54,31,81,91,132,93,115" hai1="21,130,70,120,32,2,61,129,82,64,13,103,92" hai2="57,37,39,98,40,30,33,72,51,85,14,25,83" hai3="96,107,43,16,135,69,123,4,55,10,28,134,78"/><T73/><D115/><U101/><E120/><V116/><F116/><W63/><G123/><T94/><D106/><U104/><E32/><V58/><F72/><W131/><G131/><N who="1" m="50186" /><E2/><V18/><F98/><W53/><G28/><T97/><D126/><U36/><E36/><V114/><F114/><W80/><G43/><T67/><D71/><U49/><E82/><V87/><F87/><W46/><G69/><T0/><D132/><N who="3" m="50729" /><G63/><T79/><D31/><U124/><E124/><V48/><F48/><W99/><G46/><T122/><D122/><U8/><E21/><V27/><F39/><W11/><G11/><T108/><D108/><U121/><E121/><V113/><F37/><W127/><G127/><T74/><D74/><U22/><E22/><N who="2" m="13527" /><F113/><W119/><G119/><T45/><D94/><U50/><E92/><V15/><F58/><W52/><G107/><T1/><REACH who="0" step="1"/><D7/><REACH who="0" ten="252,227,272,239" step="2"/><N who="1" m="3231" /><E104/><V35/><F30/><W100/><G100/><AGARI ba="0,1" hai="49,50,61,64,70,100,101,103" m="3231,50186" machi="100" ten="30,1000,0" yaku="19,1" doraHai="102" who="1" fromWho="3" sc="252,0,227,20,272,0,239,-10" /><INIT seed="5,0,0,5,4,119" ten="252,247,272,229" oya="1" hai0="116,109,10,30,17,74,63,31,51,73,44,14,112" hai1="25,89,60,64,111,69,35,91,4,28,104,49,13" hai2="9,45,133,33,85,95,32,126,23,27,57,99,110" hai3="114,15,54,84,0,129,118,97,96,92,42,53,100"/><U127/><E127/><V47/><F126/><W43/><G0/><T55/><D116/><U72/><E72/><V78/><F110/><W61/><G118/><T24/><D109/><U50/><E111/><V83/><F133/><W102/><G114/><T80/><D112/><U65/><E65/><V101/><F32/><W124/><G124/><T38/><D38/><U12/><E104/><V122/><F33/><W46/><G129/><T39/><D39/><U62/><E62/><V87/><F122/><W135/><G135/><T22/><D31/><U6/><E13/><V1/><F85/><W40/><G84/><T20/><D22/><U18/><E4/><V41/><F1/><W130/><G130/><T58/><REACH who="0" step="1"/><D80/><REACH who="0" ten="242,247,272,229" step="2"/><U121/><E121/><V82/><F82/><W132/><G132/><T88/><D88/><U105/><E91/><V128/><F128/><W3/><G3/><T106/><D106/><U2/><E89/><V79/><F83/><W66/><G15/><T120/><D120/><U103/><E105/><V76/><F23/><W16/><G92/><T68/><D68/><U59/><E69/><V86/><F95/><W8/><G100/><T90/><D90/><U93/><E103/><V107/><F107/><W113/><G102/><T98/><D98/><N who="3" m="37993" /><G113/><T77/><D77/><U134/><E93/><V34/><F99/><W115/><G115/><T81/><D81/><U26/><E134/><V94/><F101/><W125/><G125/><T67/><AGARI ba="0,1" hai="10,14,17,20,24,30,44,51,55,58,63,67,73,74" machi="67" ten="20,2700,0" yaku="1,1,0,1,7,1,53,0" doraHai="119" doraHaiUra="75" who="0" fromWho="0" sc="242,37,247,-13,272,-7,229,-7" /><INIT seed="6,0,0,5,3,65" ten="279,234,265,222" oya="2" hai0="125,86,107,109,117,57,83,114,23,31,3,105,42" hai1="116,39,45,7,85,95,100,62,134,8,11,61,130" hai2="108,24,14,106,96,102,50,127,46,67,87,18,77" hai3="98,91,89,72,129,104,101,40,30,73,81,55,27"/><V16/><F127/><W44/><G129/><T69/><D109/><U126/><E116/><V112/><F108/><W70/><G55/><T47/><D3/><U0/><E130/><V97/><F112/><W28/><G28/><T34/><D34/><U58/><E134/><V64/><F97/><W74/><G81/><T17/><D31/><U99/><E126/><V111/><F111/><W115/><G115/><T36/><D114/><U51/><E39/><V52/><F24/><W68/><G91/><T60/><D125/><U41/><E11/><V122/><F18/><W94/><G89/><T4/><D4/><U110/><E110/><V113/><F122/><W79/><G94/><T66/><D57/><U26/><E26/><V93/><F113/><W88/><G88/><T5/><D5/><U33/><E33/><V21/><F106/><W2/><G79/><T43/><D42/><U29/><E29/><V78/><F78/><W124/><G2/><T10/><D10/><U135/><E135/><V54/><F54/><W56/><G56/><T38/><D38/><U12/><E0/><V80/><AGARI ba="0,0" hai="14,16,21,46,50,52,64,67,77,80,87,93,96,102" machi="80" ten="30,11700,0" yaku="0,1,8,1,54,2" doraHai="65" who="2" fromWho="2" sc="279,-39,234,-39,265,117,222,-39" owari="240,4.0,195,-20.5,382,48.2,183,-31.7" /></mjloggm>