<mjloggm ver="2.3"><GO type="225" lobby="0"/><UN n0="%E9%A2%A8%E3%81%A7%E9%B3%B4%E3%81%8F" n1="%74%61%6B%75%61%6B%61" n2="%E3%83%89%E3%83%A9%E3%81%8F%E3%82%8C" n3="%E6%A1%9C%E8%8A%B1%E9%96%83%E3%80%85" dan="16,16,16,16" rate="2114.02,2095.89,2149.10,2149.84" sx="M,M,M,M"/><TAIKYOKU oya="0"/><INIT seed="0,0,0,0,1,66" ten="250,250,250,250" oya="0" hai0="13,134,96,57,24,120,117,21,115,7,40,26,10" hai1="33,54,95,1,72,8,5,29,125,100,14,86,103" hai2="47,60,82,109,46,19,36,58,70,78,111,92,122" hai3="75,94,91,42,90,50,31,113,135,76,131,62,15"/><T126/><D117/><U6/><E72/><V107/><F107/><W97/><G113/><T64/><D115/><U114/><E114/><V85/><F122/><W37/><G37/><T118/><D118/><U132/><E132/><V55/><F55/><W123/><G135/><T99/><D134/><U12/><E125/><V11/><F92/><W27/><G131/><T116/><D116/><U112/><E112/><V108/><F36/><W93/><G123/><T41/><D120/><U0/><E0/><V104/><F104/><W98/><G15/><T23/><D126/><U9/><E1/><V17/><F70/><W53/><G42/><N who="0" m="16491" /><D57/><U52/><E33/><V77/><F77/><W16/><G62/><T87/><D87/><U18/><E29/><V4/><F58/><W83/><G16/><N who="2" m="6217" /><F60/><W119/><G119/><T59/><D59/><U3/><E103/><V84/><F85/><W61/><G61/><T80/><D80/><U25/><E3/><AGARI ba="0,0" hai="3,4,11,46,47,78,82,84,108,109,111" m="6217" machi="3" ten="30,2000,0" yaku="14,1,54,1" doraHai="66" who="2" fromWho="1" sc="250,0,250,-20,250,20,250,0" /><INIT seed="1,0,0,4,3,50" ten="250,230,270,250" oya="1" hai0="92,6,16,67,13,110,104,94,32,48,76,66,47" hai1="108,134,75,25,90,112,30,128,121,70,116,89,55" hai2="127,4,132,27,61,135,5,64,113,97,86,106,42" hai3="8,35,1,133,111,29,62,115,49,18,20,102,109"/><U65/><E121/><V125/><F113/><W84/><G115/><T93/><D104/><U21/><E116/><V98/><F42/><W37/><G37/><T99/><D32/><U9/><E112/><V58/><F86/><W131/><G102/><T101/><D110/><U124/><E128/><V23/><F4/><N who="3" m="1039" /><G62/><T117/><D117/><U7/><E75/><V59/><F5/><W57/><G84/><T0/><D0/><U68/><E124/><N who="2" m="47691" /><F59/><W15/><G131/><T85/><D6/><U120/><E120/><V14/><F14/><W60/><G49/><T118/><D118/><U43/><E43/><V39/><F39/><W3/><G3/><T74/><D74/><U114/><E114/><V81/><F81/><W44/><G44/><T63/><D76/><U22/><E108/><V71/><F71/><W53/><G133/><N who="2" m="51273" /><F106/><W87/><G87/><T129/><D129/><U72/><E134/><V122/><F122/><W34/><G111/><T36/><D36/><U17/><E72/><V69/><F69/><W31/><G109/><T77/><D77/><U130/><E130/><V41/><F41/><W107/><G107/><T10/><D85/><U126/><E126/><V79/><F79/><W80/><G80/><T26/><D26/><N who="1" m="14639" /><E70/><V83/><F83/><W38/><G38/><T96/><D63/><N who="1" m="39999" /><E7/><V54/><F64/><N who="0" m="24618" /><D101/><U12/><E12/><V19/><AGARI ba="0,0" hai="19,23,27,54,58,61,97,98" m="51273,47691" machi="19" ten="30,4000,0" yaku="18,1,20,1,52,1" doraHai="50" who="2" fromWho="2" sc="250,-10,230,-20,270,40,250,-10" /><INIT seed="2,0,0,1,4,104" ten="240,210,310,240" oya="2" hai0="51,129,2,64,103,29,128,116,5,58,54,3,61" hai1="57,94,91,14,62,47,88,34,31,71,15,105,23" hai2="7,37,112,98,119,118,134,18,75,122,9,35,59" hai3="27,127,43,56,21,19,30,87,73,33,131,115,24"/><V32/><F37/><W120/><G120/><T70/><D116/><U113/><E113/><V111/><F122/><W125/><G115/><T12/><D29/><U78/><E105/><V38/><F38/><W99/><G131/><N who="0" m="50251" /><D103/><U79/><E71/><V36/><F36/><W67/><G43/><T63/><D12/><N who="1" m="4651" /><E34/><V16/><F112/><W100/><G87/><T0/><D61/><U121/><E47/><V42/><F59/><W83/><G56/><T13/><D13/><U49/><E49/><V68/><F98/><W41/><G41/><T20/><D20/><U74/><E74/><V124/><F75/><W6/><G67/><T77/><D77/><N who="1" m="29195" /><E121/><V22/><F68/><W39/><G39/><T82/><D82/><U109/><E109/><V123/><F123/><W93/><G83/><T132/><D132/><U133/><E133/><V46/><F134/><W55/><G73/><T44/><D70/><U1/><E1/><V26/><F111/><W126/><G55/><T66/><D5/><AGARI ba="0,0" hai="5,6,19,21,24,27,30,33,93,99,100,125,126,127" machi="5" ten="40,1300,0" yaku="18,1" doraHai="104" who="3" fromWho="0" sc="240,-13,210,0,310,0,240,13" /><INIT seed="3,0,0,0,1,18" ten="227,210,310,253" oya="3" hai0="78,84,93,101,129,5,103,26,8,79,2,1,55" hai1="38,20,12,86,57,77,87,41,74,83,75,16,69" hai2="82,15,106,119,63,39,51,53,23,73,71,109,135" hai3="40,108,24,65,61,105,10,81,128,92,114,27,70"/><W91/><G114/><T34/><D129/><U48/><E69/><V30/><F106/><W0/><G105/><T107/><D107/><U97/><E38/><V112/><F39/><W67/><G128/><T4/><D55/><U80/><E97/><V14/><F119/><W130/><G130/><T46/><D46/><U59/><E74/><V42/><F42/><W66/><G40/><T104/><D104/><U33/><E33/><V131/><F73/><W45/><G45/><T122/><D122/><U64/><E75/><V9/><F71/><W6/><G81/><T17/><D5/><U118/><E118/><V68/><F82/><W11/><G11/><T32/><D1/><U110/><E110/><V100/><F9/><W95/><G95/><T124/><D124/><U52/><E41/><V3/><F109/><W21/><G27/><T19/><D101/><U115/><E115/><V125/><F100/><W90/><G90/><T132/><D132/><U7/><E7/><V127/><F135/><W47/><G47/><T49/><D49/><U85/><E80/><V121/><F121/><W123/><G123/><T116/><D116/><U37/><E37/><V35/><F112/><W44/><G44/><T98/><D84/><U28/><E28/><V102/><F102/><W134/><G134/><T133/><D133/><U54/><E64/><V72/><F127/><W22/><G108/><T60/><D60/><AGARI ba="0,0" hai="12,16,20,48,52,54,57,59,60,77,83,85,86,87" machi="60" ten="30,8000,1" yaku="7,1,8,1,52,1,54,2" doraHai="18" who="1" fromWho="0" sc="227,-80,210,80,310,0,253,0" owari="147,-35.3,290,9.0,310,41.0,253,-14.7" /></mjloggm>