<mjloggm ver="2.3"><GO type="225" lobby="0"/><UN n0="%E3%81%A9%E3%82%8F%E3%82%93%E3%81%94" n1="%72%69%6F%75%63%68%61%6E" n2="%E5%A4%96%E5%B7%9D%E7%AB%9C%E6%88%90" n3="%72%61%6B%33" dan="16,17,16,18" rate="2141.50,2285.99,2174.18,2276.98" sx="M,M,M,M"/><TAIKYOKU oya="0"/><INIT seed="0,0,0,0,5,27" ten="250,250,250,250" oya="0" hai0="109,22,8,89,62,35,80,69,57,11,16,56,79" hai1="4,59,110,29,51,55,122,85,15,117,28,18,82" hai2="104,94,46,107,84,124,65,39,74,78,81,105,101" hai3="75,54,38,48,61,23,130,43,97,129,50,32,60"/><T70/><D35/><U98/><E117/><V111/><F65/><W135/><G32/><T5/><D89/><U93/><E122/><V102/><F39/><W41/><G75/><T83/><D109/><U52/><E4/><V92/><F46/><W118/><G23/><T90/><D90/><N who="1" m="55607" /><E55/><V25/><F25/><W30/><G97/><T47/><D47/><U121/><E110/><V33/><F33/><W128/><G118/><T88/><D88/><N who="1" m="51255" /><E121/><V106/><F111/><W3/><G3/><T40/><D40/><N who="3" m="15433" /><G38/><T42/><D42/><U99/><E99/><N who="2" m="61503" /><F124/><W24/><G135/><T91/><D91/><U67/><E67/><V66/><F66/><W31/><G24/><T45/><D45/><U63/><E51/><N who="3" m="19498" /><G54/><T0/><D69/><U14/><E14/><V37/><F37/><W86/><G86/><T100/><D70/><U133/><E133/><V2/><F2/><W44/><G44/><T64/><D0/><U108/><E108/><V114/><F114/><W112/><G112/><T7/><D64/><U96/><E96/><N who="2" m="59655" /><F94/><W103/><G103/><T132/><D100/><U10/><AGARI ba="0,0" hai="10,15,18,28,29,52,59,63" m="51255,55607" machi="10" ten="30,8000,1" yaku="8,1,52,2,54,2" doraHai="27" who="1" fromWho="1" sc="250,-40,250,80,250,-20,250,-20" /><INIT seed="1,0,0,3,3,49" ten="210,330,230,230" oya="1" hai0="30,119,21,22,68,121,60,57,16,74,66,69,79" hai1="4,55,44,81,75,9,64,3,84,132,45,54,61" hai2="105,71,134,56,46,129,53,94,72,100,62,50,115" hai3="42,99,120,112,70,23,110,89,127,20,39,103,85"/><U116/><E116/><V26/><F129/><W48/><G112/><T33/><D119/><U31/><E75/><V107/><F115/><W106/><G120/><T80/><D121/><U32/><E132/><V117/><F117/><W37/><G70/><T130/><D130/><U52/><E31/><V102/><F72/><W65/><G65/><T90/><D33/><U14/><E32/><V125/><F71/><W76/><G76/><T97/><D30/><U8/><E8/><V96/><F125/><W124/><G110/><T43/><D22/><N who="3" m="8233" /><G48/><T67/><D43/><U123/><E3/><V109/><F109/><W101/><G101/><T17/><D17/><U95/><E95/><V12/><F26/><W113/><G42/><T27/><REACH who="0" step="1"/><D67/><REACH who="0" ten="200,330,230,230" step="2"/><U11/><E123/><V92/><F134/><W135/><G135/><T47/><D47/><U38/><E9/><V18/><F46/><N who="1" m="18025" /><E38/><V6/><F18/><W1/><G113/><T7/><D7/><U78/><E64/><V5/><F6/><W73/><G37/><T93/><AGARI ba="0,1" hai="16,21,27,57,60,66,68,69,74,79,80,90,93,97" machi="93" ten="30,4000,0" yaku="1,1,0,1,54,1,53,0" doraHai="49" doraHaiUra="133" who="0" fromWho="0" sc="200,50,330,-20,230,-10,230,-10" /><INIT seed="2,0,0,3,2,65" ten="250,310,220,220" oya="2" hai0="42,122,33,36,20,105,92,126,114,66,5,21,4" hai1="91,15,125,74,128,25,48,72,0,16,106,17,6" hai2="127,93,22,121,59,84,129,123,82,32,78,44,50" hai3="38,96,101,41,14,95,55,34,104,119,87,115,88"/><V19/><F32/><W31/><G119/><T11/><D105/><U73/><E106/><V130/><F59/><W52/><G115/><T98/><D33/><U77/><E125/><V109/><F93/><W133/><G133/><T40/><D114/><U60/><E128/><N who="2" m="49259" /><F127/><W100/><G100/><T3/><D122/><U58/><E0/><V94/><F94/><W75/><G14/><T131/><D126/><U7/><E77/><V70/><F70/><W83/><G41/><T57/><D36/><U71/><E91/><V9/><F9/><W89/><G38/><T68/><D68/><U63/><E25/><N who="2" m="14559" /><F109/><W113/><G113/><T18/><D131/><U64/><E48/><V28/><F28/><W102/><G102/><T120/><D120/><U29/><E29/><V47/><F47/><W56/><G56/><T26/><D21/><U134/><E134/><V118/><F118/><W8/><G8/><T10/><D57/><U1/><E1/><V85/><F84/><W45/><G45/><T35/><D66/><U117/><E117/><V46/><F44/><W86/><REACH who="3" step="1"/><G75/><REACH who="3" ten="250,310,220,210" step="2"/><T24/><D40/><AGARI ba="0,1" hai="40,46,50,78,82,85,121,123" m="14559,49259" machi="40" ten="30,1500,0" yaku="19,1" doraHai="65" who="2" fromWho="0" sc="250,-15,310,0,220,25,210,0" /><INIT seed="2,1,0,1,5,113" ten="235,310,245,210" oya="2" hai0="134,20,123,126,80,36,23,32,62,90,8,129,42" hai1="5,27,97,100,98,61,11,74,47,38,6,50,117" hai2="35,53,79,33,60,124,102,88,65,107,78,25,104" hai3="86,133,64,21,111,58,28,94,18,106,131,57,24"/><V67/><F124/><W45/><G106/><T108/><D32/><U115/><E117/><V95/><F53/><W19/><G111/><T73/><D108/><U91/><E115/><V87/><F65/><W103/><G133/><T135/><D123/><U83/><E38/><V2/><F2/><W39/><G131/><T68/><D129/><U132/><E132/><N who="0" m="50729" /><D126/><U43/><E61/><V112/><F112/><W55/><G86/><N who="0" m="50503" /><D73/><U66/><E66/><V9/><F9/><W4/><G4/><T82/><D82/><U17/><E74/><V122/><F35/><W10/><G39/><T116/><D116/><U29/><E17/><V81/><F81/><W0/><G0/><T101/><D101/><U69/><E69/><N who="2" m="42215" /><F107/><W76/><G76/><T96/><D96/><N who="1" m="36971" /><E100/><V54/><F102/><W16/><G103/><T114/><D114/><U31/><E27/><V1/><F1/><W118/><G118/><T13/><D62/><U93/><E83/><V51/><F104/><W15/><G94/><T34/><D34/><U30/><E11/><V63/><F63/><W26/><G26/><T71/><D71/><U70/><E70/><V128/><F128/><W48/><REACH who="3" step="1"/><G64/><REACH who="3" ten="235,310,245,200" step="2"/><T120/><D120/><U52/><E43/><V121/><F121/><W12/><G12/><T3/><D3/><U41/><E41/><V22/><F122/><W72/><G72/><T99/><D68/><U127/><E127/><V105/><F105/><W84/><G84/><AGARI ba="1,1" hai="5,6,29,30,31,47,50,52,84,91,93" m="36971" machi="84" ten="30,2000,0" yaku="8,1,54,1" doraHai="113" who="1" fromWho="3" sc="235,0,310,33,245,0,200,-23" /><INIT seed="3,0,0,1,1,94" ten="235,343,245,177" oya="3" hai0="62,67,42,23,54,99,65,39,58,98,31,48,17" hai1="18,121,43,56,14,53,64,38,119,20,123,0,72" hai2="97,51,78,66,61,81,37,82,86,12,130,80,45" hai3="63,50,124,117,102,41,30,111,95,40,101,1,59"/><W4/><G117/><T74/><D74/><U100/><E0/><V127/><F37/><W104/><G124/><T129/><D129/><U55/><E72/><V27/><F130/><W116/><G116/><T93/><D31/><U2/><E2/><V25/><F127/><W60/><G104/><T122/><D122/><U68/><E119/><V19/><F97/><N who="0" m="36874" /><D39/><U52/><E100/><N who="3" m="38506" /><G1/><T108/><D93/><U76/><E76/><V109/><F109/><W77/><G111/><T5/><D5/><U33/><E33/><V132/><F132/><W103/><G4/><T115/><D115/><U29/><E29/><V22/><F82/><W83/><G30/><T106/><D106/><U44/><E68/><V71/><F81/><W88/><N who="3" m="38514" /><W91/><DORA hai="7" /><G50/><T118/><D118/><U96/><REACH who="1" step="1"/><E96/><REACH who="1" ten="235,333,245,177" step="2"/><V90/><F78/><W105/><G105/><T3/><D3/><U110/><E110/><V57/><F71/><W47/><G95/><T114/><D108/><U69/><E69/><V92/><F92/><W135/><G135/><T35/><D35/><U126/><E126/><V6/><F6/><W28/><G28/><T36/><D114/><U79/><E79/><V75/><F75/><N who="3" m="43455" /><G60/><AGARI ba="0,1" hai="14,18,20,38,43,44,52,53,55,56,60,64,121,123" machi="60" ten="40,2600,0" yaku="1,1,54,1,53,0" doraHai="94,7" doraHaiUra="125,112" who="1" fromWho="3" sc="235,0,333,36,245,0,177,-26" owari="235,-16.5,369,46.9,245,4.5,151,-34.9" /></mjloggm>