<mjloggm ver="2.3"><GO type="225" lobby="0"/><UN n0="%E3%83%AD%E3%83%83%E3%83%86%E9%9B%80%E7%90%83" n1="%E4%B9%9D%E7%B4%8B%E9%BE%8D%E5%8F%B2%E9%80%B2" n2="%E7%AD%89%E3%80%85%E5%8A%9B%E5%8A%87%E5%A0%B4" n3="%E3%82%BC%E3%83%AB%E3%83%80%E3%81%AE%E4%BC%9D%E8%AA%AC" dan="17,17,16,16" rate="2212.78,2158.18,2157.01,2235.03" sx="M,M,M,M"/><TAIKYOKU oya="0"/><INIT seed="0,0,0,1,1,119" ten="250,250,250,250" oya="0" hai0="68,53,113,118,22,7,66,57,105,79,51,75,123" hai1="77,104,111,25,10,128,70,2,112,3,94,44,81" hai2="58,78,32,24,103,63,134,41,76,133,124,36,92" hai3="21,85,26,37,46,29,65,95,87,129,17,34,49"/><T91/><D113/><U60/><E104/><V82/><F124/><W100/><G37/><T47/><D118/><U1/><E111/><V69/><F69/><W59/><G129/><T18/><D123/><U13/><E128/><V93/><F78/><W8/><G34/><T62/><D105/><U110/><E110/><V101/><F41/><N who="3" m="24783" /><G8/><T71/><D7/><U40/><E94/><N who="2" m="36459" /><F36/><W48/><G17/><T84/><D75/><U88/><E25/><V23/><F32/><W73/><G73/><T98/><D98/><U56/><E70/><V99/><F99/><N who="3" m="59519" /><G48/><T4/><D4/><U16/><E112/><V5/><F5/><W97/><G97/><T109/><D79/><U14/><E77/><V61/><F103/><W102/><G102/><T39/><D109/><U96/><E96/><V108/><F101/><W19/><G19/><T6/><D6/><U35/><E35/><V122/><F108/><W114/><G114/><T131/><D131/><U126/><E126/><V55/><F63/><AGARI ba="0,0" hai="21,26,29,59,63,65,85,87" m="59519,24783" machi="63" ten="30,2000,0" yaku="25,1,8,1" doraHai="119" who="3" fromWho="2" sc="250,0,250,0,250,-20,250,20" /><INIT seed="1,0,0,3,4,49" ten="250,250,230,270" oya="1" hai0="121,4,44,25,27,47,127,56,102,130,86,24,128" hai1="70,14,19,59,125,76,73,6,118,63,33,75,85" hai2="90,104,122,92,98,119,89,57,7,123,79,31,80" hai3="45,72,97,107,8,115,67,22,2,69,0,62,41"/><U50/><E118/><V58/><F119/><W94/><G115/><T11/><D127/><U10/><E33/><V46/><F104/><W9/><G22/><T37/><D121/><U34/><E34/><V66/><F31/><W52/><G72/><T3/><D102/><U61/><E125/><V77/><F7/><W112/><G107/><T36/><D86/><U38/><E38/><N who="0" m="14953" /><D56/><U105/><E105/><V99/><F46/><W131/><G131/><N who="0" m="50219" /><D47/><U91/><E76/><V95/><F66/><W29/><G112/><T35/><D44/><U81/><E50/><V93/><F93/><W40/><G40/><T132/><D132/><U64/><REACH who="1" step="1"/><E6/><REACH who="1" ten="250,240,230,270" step="2"/><V120/><F120/><W111/><G41/><T43/><D43/><U53/><AGARI ba="0,1" hai="10,14,19,53,59,61,63,64,70,73,75,81,85,91" machi="53" ten="20,18000,2" yaku="1,1,2,1,0,1,7,1,52,1,53,1" doraHai="49" doraHaiUra="15" who="1" fromWho="1" sc="250,-60,240,190,230,-60,270,-60" /><INIT seed="1,1,0,3,1,52" ten="190,430,170,210" oya="1" hai0="131,67,132,91,26,72,135,74,56,60,21,36,11" hai1="62,89,33,124,54,3,79,85,58,55,46,40,68" hai2="35,114,38,118,44,130,101,112,10,123,8,15,51" hai3="65,78,97,90,121,57,64,9,93,12,105,108,59"/><U71/><E124/><V32/><F118/><W28/><G121/><T42/><D131/><U103/><E33/><V4/><F123/><W50/><G108/><T45/><D11/><U125/><E3/><V113/><F38/><W39/><G39/><T92/><D135/><U81/><E103/><V53/><F130/><W18/><G105/><T22/><D132/><U63/><E125/><V34/><F101/><W61/><G28/><T80/><D80/><U82/><E55/><V49/><F49/><W1/><G1/><T0/><D0/><U6/><E6/><V66/><F66/><W107/><G107/><T106/><D106/><U77/><E62/><V17/><F8/><W96/><G78/><T76/><D76/><U7/><E7/><AGARI ba="1,0" hai="4,7,10,15,17,32,34,35,44,51,53,112,113,114" machi="7" ten="50,1600,0" yaku="11,1" doraHai="52" who="2" fromWho="1" sc="190,0,430,-19,170,19,210,0" /><INIT seed="2,0,0,1,1,20" ten="190,411,189,210" oya="2" hai0="76,24,86,22,108,98,37,31,125,49,80,63,5" hai1="61,6,90,23,27,74,134,95,13,92,16,14,52" hai2="87,46,127,114,131,104,115,44,73,78,77,7,25" hai3="129,4,17,3,100,122,75,88,1,8,0,82,59"/><V67/><F104/><W103/><G122/><T11/><D108/><U62/><E74/><V48/><F73/><W113/><G129/><T85/><D125/><U10/><E134/><V83/><F131/><W71/><G71/><T29/><D37/><U41/><E41/><V53/><F127/><W84/><G113/><T56/><D49/><U40/><E40/><V57/><F7/><W105/><G75/><T91/><D98/><N who="1" m="57623" /><E95/><V119/><F119/><W2/><G105/><T19/><D11/><N who="1" m="4343" /><E52/><V26/><F78/><W121/><G121/><T133/><D5/><AGARI ba="0,0" hai="5,10,14,16,23,27,61,62" m="4343,57623" machi="5" ten="30,3900,0" yaku="8,1,52,1,54,1" doraHai="20" who="1" fromWho="0" sc="190,-39,411,39,189,0,210,0" /><INIT seed="3,0,0,3,4,95" ten="151,450,189,210" oya="3" hai0="79,105,127,101,18,77,52,78,57,71,0,2,106" hai1="7,55,92,36,135,111,41,88,65,125,23,86,1" hai2="16,75,21,128,85,89,54,6,102,93,116,97,19" hai3="62,4,100,119,91,49,30,60,118,74,73,84,11"/><W122/><G30/><T120/><D120/><U109/><E65/><V114/><F114/><W68/><G49/><T94/><D71/><U99/><E135/><V115/><F115/><W64/><G60/><T35/><D35/><U34/><E34/><V22/><F116/><W25/><G25/><T81/><D127/><U48/><E125/><V37/><F75/><W13/><G122/><T98/><D81/><U43/><E36/><V129/><F37/><W38/><G38/><T130/><D130/><N who="2" m="50282" /><F6/><W70/><G70/><T96/><D18/><N who="2" m="6698" /><F54/><W5/><G5/><T58/><D58/><N who="1" m="33127" /><E23/><V24/><F24/><W50/><G73/><T110/><D110/><N who="1" m="41995" /><E86/><V26/><F26/><W80/><G74/><T132/><D132/><U113/><E113/><V108/><F108/><W32/><G84/><T76/><N who="0" m="19456" /><DORA hai="27" /><T39/><D39/><U51/><E51/><V8/><F8/><AGARI ba="0,0" hai="1,7,8,41,43,88,92,99" m="41995,33127" machi="8" ten="30,3900,0" yaku="14,1,52,1,54,1" doraHai="95,27" who="1" fromWho="2" sc="151,0,450,39,189,-39,210,0" owari="151,-24.9,489,58.9,150,-35.0,210,1.0" /></mjloggm>