<mjloggm ver="2.3"><GO type="225" lobby="0"/><UN n0="%E9%A2%A8%E3%81%A7%E9%B3%B4%E3%81%8F" n1="%E6%B0%B7%E5%B7%9D%E9%87%8C%E5%A5%88" n2="%E3%81%AA%E3%81%A1%30%39%32%37" n3="%E6%A1%9C%E8%8A%B1%E9%96%83%E3%80%85" dan="16,16,16,16" rate="2152.59,2120.19,2081.04,2049.92" sx="M,F,M,M"/><TAIKYOKU oya="0"/><INIT seed="0,0,0,1,3,43" ten="250,250,250,250" oya="0" hai0="37,73,86,34,0,30,84,7,83,8,131,105,22" hai1="126,94,114,81,31,2,121,24,53,32,115,55,36" hai2="29,27,76,70,12,117,35,72,75,102,28,47,107" hai3="82,42,130,104,54,96,49,106,92,20,51,89,46"/><T91/><D131/><U41/><E121/><V69/><F117/><W26/><G130/><T38/><D105/><U135/><E2/><V39/><F29/><W79/><G26/><T133/><D73/><N who="2" m="28234" /><F12/><W93/><G20/><T111/><D133/><U19/><E135/><V67/><F76/><W52/><G93/><T122/><D122/><U127/><E81/><V59/><F59/><W50/><G50/><T62/><D34/><U10/><E94/><V18/><F18/><W120/><G120/><T57/><D111/><U45/><E19/><V99/><F67/><W74/><REACH who="3" step="1"/><G42/><AGARI ba="0,0" hai="27,28,35,39,42,47,69,70,99,102,107" m="28234" machi="42" ten="30,3900,0" yaku="33,2,52,1" doraHai="43" who="2" fromWho="3" sc="250,0,250,0,250,39,250,-39" /><INIT seed="1,0,0,0,1,77" ten="250,250,289,211" oya="1" hai0="11,33,24,115,111,98,17,13,3,114,130,56,38" hai1="66,39,22,109,92,59,123,4,90,53,95,2,124" hai2="9,135,86,112,31,120,117,21,25,78,28,26,20" hai3="132,72,108,73,55,88,58,47,0,121,81,45,93"/><U133/><E123/><V94/><F117/><W30/><G121/><T34/><D38/><U110/><E39/><V89/><F120/><W71/><G71/><T27/><D56/><U68/><E133/><V10/><F135/><W5/><G132/><T84/><D98/><U15/><E124/><V97/><REACH who="2" step="1"/><F112/><REACH who="2" ten="250,250,279,211" step="2"/><W18/><G108/><T57/><D114/><U79/><E110/><V131/><F131/><W96/><G30/><T106/><D130/><U54/><E109/><V32/><F32/><W42/><G18/><T76/><D33/><U118/><E118/><V122/><F122/><W35/><G35/><T51/><D34/><U105/><E4/><V1/><F1/><W63/><G42/><T134/><D3/><U12/><E2/><V62/><F62/><W99/><G5/><T50/><D134/><U8/><E68/><V19/><F19/><W37/><G0/><T67/><D115/><U87/><E105/><V75/><F75/><W100/><G72/><T107/><D106/><U70/><E70/><V113/><F113/><W16/><G16/><T64/><D107/><U129/><E129/><V41/><F41/><W116/><G116/><T104/><D104/><U65/><E8/><V6/><F6/><W102/><G73/><T69/><D69/><U103/><E22/><V7/><F7/><W46/><G37/><T23/><D111/><U40/><E40/><V29/><F29/><W14/><G14/><T52/><D23/><U43/><E12/><V101/><F101/><N who="3" m="39019" /><G99/><T85/><D13/><U61/><E15/><V119/><F119/><W91/><G96/><RYUUKYOKU ba="0,1" sc="250,-10,250,-10,279,30,211,-10" hai2="9,10,20,21,25,26,28,31,78,86,89,94,97" /><INIT seed="2,1,1,2,2,107" ten="240,240,309,201" oya="2" hai0="18,133,98,43,102,65,99,22,53,21,20,110,112" hai1="51,89,91,131,106,1,77,25,61,58,114,30,125" hai2="104,24,69,111,60,81,115,9,63,4,109,0,117" hai3="78,88,14,97,76,70,127,72,46,41,92,64,56"/><V83/><F115/><W36/><G127/><T75/><D112/><U50/><E114/><V101/><F117/><W118/><G118/><T2/><D2/><U54/><E1/><V5/><F24/><W108/><G108/><N who="2" m="41545" /><F4/><W57/><G14/><T44/><D110/><U27/><E106/><V28/><F28/><W128/><G128/><T52/><D75/><U31/><E125/><V16/><F16/><W94/><G78/><T71/><D133/><U45/><E77/><V73/><F73/><W19/><G19/><T82/><D82/><N who="2" m="31242" /><F69/><W119/><G119/><T124/><D124/><U26/><E131/><V132/><F132/><W3/><G3/><T129/><D129/><U12/><E12/><V62/><F104/><W113/><G113/><T85/><D65/><U39/><E31/><V32/><F101/><W103/><G76/><T6/><D71/><U48/><E30/><V49/><F49/><N who="1" m="19049" /><E39/><V126/><F126/><W123/><G72/><T29/><D6/><U121/><E121/><V13/><F0/><W38/><G38/><T93/><D29/><U33/><E33/><AGARI ba="1,1" hai="5,9,13,32,33,60,62,63" m="31242,41545" machi="33" ten="40,3900,0" yaku="14,1,10,1" doraHai="107" who="2" fromWho="1" sc="240,0,240,-42,309,52,201,0" /><INIT seed="2,2,0,4,2,17" ten="240,198,361,201" oya="2" hai0="40,59,66,48,22,93,52,85,103,133,43,108,30" hai1="89,130,79,65,33,86,56,88,62,26,57,5,58" hai2="8,74,124,61,110,27,90,15,32,53,107,100,2" hai3="50,116,14,34,6,67,119,4,120,87,125,64,54"/><V49/><F74/><W81/><G120/><T106/><D108/><U41/><E130/><V19/><F124/><W25/><G125/><T128/><D128/><U122/><E122/><V121/><F121/><W55/><G34/><T115/><D115/><U114/><E114/><V92/><F110/><W91/><G25/><N who="0" m="16695" /><D106/><U18/><E5/><N who="3" m="2154" /><G119/><T37/><D37/><U104/><E104/><V129/><F61/><W126/><G126/><T76/><D133/><U51/><E33/><V112/><F100/><W134/><G134/><T46/><D76/><U99/><E99/><V105/><F112/><W102/><G116/><T94/><D85/><U63/><E79/><V38/><F38/><W16/><G102/><T11/><D11/><U31/><E31/><V123/><F2/><W10/><G55/><T60/><D93/><N who="1" m="54423" /><E89/><V71/><F71/><W80/><G81/><T118/><D118/><U28/><E28/><V35/><F129/><W68/><G68/><T69/><D69/><U109/><E109/><V3/><F3/><W0/><G0/><T29/><D29/><U70/><E70/><V78/><F78/><W13/><G13/><T84/><D84/><U42/><E65/><V23/><F32/><W117/><G117/><T20/><D20/><N who="1" m="13591" /><E41/><V113/><F113/><W131/><G131/><T98/><AGARI ba="2,0" hai="40,43,46,48,52,59,60,66,94,98,103" m="16695" machi="98" ten="30,7900,0" yaku="25,1,8,1,52,1,54,1" doraHai="17" who="0" fromWho="0" sc="240,85,198,-22,361,-41,201,-22" /><INIT seed="3,0,0,4,3,46" ten="325,176,320,179" oya="3" hai0="2,99,110,131,76,82,26,127,106,80,112,51,23" hai1="121,31,122,52,124,35,49,25,1,86,107,28,27" hai2="101,103,61,77,114,78,75,97,81,91,123,119,132" hai3="128,74,8,65,33,120,9,79,60,15,88,64,111"/><W20/><G120/><T73/><D2/><U32/><E107/><V39/><F39/><W85/><G33/><T59/><D110/><U93/><E1/><V135/><F114/><W109/><G128/><T84/><D131/><U125/><E86/><N who="2" m="50639" /><F119/><W21/><G74/><T48/><D112/><U92/><E92/><N who="2" m="58535" /><F123/><W117/><G79/><N who="2" m="30217" /><F61/><W66/><G117/><T19/><D127/><N who="1" m="48715" /><E93/><V58/><F58/><AGARI ba="0,0" hai="25,27,28,31,32,35,49,52,58,121,122" m="48715" machi="58" ten="30,3900,0" yaku="18,1,52,1,54,1" doraHai="46" who="1" fromWho="2" sc="325,0,176,39,320,-39,179,0" owari="325,42.5,215,-18.5,281,8.1,179,-32.1" /></mjloggm>