<mjloggm ver="2.3"><GO type="225" lobby="0"/><UN n0="%E5%85%88%E7%89%A9%E3%81%AF%74%72%61%73%68" n1="%E7%B4%94%E6%BD%94%E3%83%94%E3%83%A9%E3%83%8B%E3%82%A2" n2="%E3%82%8A%E3%81%93%E3%82%8A%E3%82%93%E3%81%94" n3="%E5%AE%AE%E4%BF%9D%E9%B6%8F%E8%82%89" dan="17,17,17,16" rate="2136.15,2139.48,2178.24,2074.96" sx="M,M,M,M"/><TAIKYOKU oya="0"/><INIT seed="0,0,0,5,4,131" ten="250,250,250,250" oya="0" hai0="58,18,87,68,12,23,41,106,3,30,37,22,115" hai1="39,33,127,19,112,134,4,118,56,6,74,93,80" hai2="85,120,70,59,121,113,71,73,96,50,38,77,10" hai3="111,36,133,45,52,54,48,98,91,110,31,129,21"/><T46/><D115/><U55/><E39/><V82/><F113/><W0/><G129/><T25/><D68/><U108/><E108/><N who="3" m="41514" /><G0/><T90/><D3/><U92/><E33/><V40/><F38/><W57/><G133/><T66/><D106/><U29/><E134/><V5/><F73/><W13/><G36/><T51/><D37/><U75/><E29/><V63/><F96/><W78/><G78/><T83/><D58/><U17/><E56/><V8/><F121/><W44/><G44/><T62/><REACH who="0" step="1"/><D66/><REACH who="0" ten="240,250,250,250" step="2"/><U42/><E112/><V89/><F70/><W125/><G57/><T53/><D53/><U99/><E55/><V105/><F105/><W35/><G54/><T67/><D67/><U79/><E42/><V16/><F71/><W27/><G52/><T61/><AGARI ba="0,1" hai="12,18,22,23,25,30,41,46,51,61,62,83,87,90" machi="61" ten="30,6000,0" yaku="1,1,0,1,8,1,53,0" doraHai="131" doraHaiUra="65" who="0" fromWho="0" sc="240,70,250,-20,250,-20,250,-20" /><INIT seed="0,1,0,5,2,120" ten="310,230,230,230" oya="0" hai0="101,83,17,93,95,37,99,98,48,1,34,11,43" hai1="97,118,85,74,38,110,72,100,7,47,16,10,79" hai2="78,51,132,113,0,44,133,73,25,60,65,107,105" hai3="90,4,3,6,49,18,42,81,67,15,54,112,63"/><T68/><D34/><U8/><E118/><V103/><F113/><W114/><G42/><T94/><D68/><U33/><E33/><V19/><F0/><W92/><G81/><T117/><D117/><U29/><E29/><V58/><F78/><W21/><G3/><T41/><D37/><U125/><E125/><V45/><F73/><W9/><G114/><T22/><D83/><U30/><E30/><V123/><F123/><W86/><G112/><T39/><D39/><U64/><E64/><V5/><F5/><W70/><REACH who="3" step="1"/><G9/><REACH who="3" ten="310,230,230,220" step="2"/><T131/><D11/><U59/><E8/><V116/><F116/><W77/><G77/><T57/><D1/><U91/><E79/><V40/><F40/><W13/><G13/><T27/><D41/><U115/><E10/><V88/><F133/><W122/><G122/><T104/><D43/><U80/><E80/><V102/><F132/><W127/><G127/><T12/><D12/><U87/><E38/><V130/><F25/><W134/><G134/><T32/><D27/><U121/><E121/><V20/><F130/><W2/><G2/><T135/><D131/><U52/><E7/><V69/><F107/><W46/><AGARI ba="1,1" hai="4,6,15,18,21,46,49,54,63,67,70,86,90,92" machi="46" ten="20,2700,0" yaku="1,1,0,1,7,1,53,0" doraHai="120" doraHaiUra="76" who="3" fromWho="3" sc="310,-14,230,-8,230,-8,220,40" /><INIT seed="1,0,0,5,2,69" ten="296,222,222,260" oya="1" hai0="117,76,23,92,41,79,93,98,88,134,36,70,35" hai1="38,96,37,16,118,15,33,105,135,13,102,64,39" hai2="106,124,6,84,94,9,50,107,103,85,21,34,54" hai3="28,72,120,60,68,25,132,66,11,114,8,127,40"/><U73/><E118/><V99/><F34/><W26/><G120/><T75/><D35/><U59/><E73/><V52/><F124/><W82/><G114/><T18/><D70/><U31/><E135/><V49/><F21/><W95/><G132/><T126/><D134/><U133/><E133/><V53/><F107/><W81/><G127/><T71/><D71/><U97/><E97/><V109/><F109/><W32/><G40/><T108/><D108/><U19/><E31/><V89/><REACH who="2" step="1"/><F84/><REACH who="2" ten="296,222,212,260" step="2"/><W5/><G32/><T77/><D126/><U112/><E33/><V27/><F27/><W20/><G26/><T10/><D117/><U130/><E112/><V3/><AGARI ba="0,1" hai="3,6,9,49,50,52,53,54,85,89,94,99,103,106" machi="3" ten="30,4000,0" yaku="1,1,0,1,54,1,53,0" doraHai="69" doraHaiUra="17" who="2" fromWho="2" sc="296,-10,222,-20,212,50,260,-10" /><INIT seed="2,0,0,0,0,83" ten="286,202,262,250" oya="2" hai0="128,27,103,131,20,135,100,61,86,95,87,134,79" hai1="21,126,32,60,1,73,39,69,6,12,24,109,112" hai2="35,22,117,52,68,30,72,28,133,67,108,42,59" hai3="9,74,48,13,101,107,104,119,58,56,92,62,29"/><V90/><F117/><W120/><G119/><T88/><D61/><U15/><E60/><V53/><F72/><W76/><G120/><T54/><D54/><U116/><E15/><V114/><F114/><W102/><G29/><N who="0" m="17639" /><D79/><U47/><E12/><V65/><F35/><W18/><G74/><T26/><D87/><U43/><E21/><V118/><F133/><N who="0" m="50698" /><D26/><U64/><E24/><V129/><F53/><N who="3" m="31783" /><G107/><T10/><D10/><U2/><E64/><V33/><F67/><N who="3" m="39383" /><G104/><T51/><D51/><U132/><E43/><V16/><F42/><W89/><G76/><T93/><D93/><U38/><E38/><V46/><F65/><W123/><G123/><T36/><D36/><U31/><E31/><V121/><F30/><W34/><G34/><T130/><AGARI ba="0,0" hai="86,88,95,100,103,128,130,131" m="50698,17639" machi="130" ten="40,8000,1" yaku="19,1,20,1,52,1,54,1" doraHai="83" who="0" fromWho="0" sc="286,80,202,-20,262,-40,250,-20" /><INIT seed="3,0,0,3,3,87" ten="366,182,222,230" oya="3" hai0="44,124,119,66,1,35,58,113,116,19,60,41,5" hai1="69,74,79,56,71,20,18,57,108,127,86,27,123" hai2="45,105,30,106,122,31,40,59,8,42,132,97,129" hai3="63,61,65,85,2,130,84,32,3,75,64,4,21"/><W77/><G32/><T93/><D35/><U29/><E123/><V91/><F122/><W102/><G130/><T114/><D124/><U109/><E127/><V73/><F73/><W24/><G102/><T121/><D121/><U25/><E74/><V110/><F129/><W88/><G75/><T55/><D19/><U9/><E79/><V81/><F110/><W12/><G77/><T46/><D93/><U98/><E98/><V51/><F42/><W11/><G85/><T17/><D17/><U23/><E86/><V50/><F132/><W37/><G37/><N who="0" m="21551" /><D5/><U36/><E36/><V115/><F30/><N who="3" m="17679" /><G2/><T89/><D89/><U6/><E56/><V15/><F31/><W28/><G3/><T13/><D13/><U78/><E78/><V72/><F72/><W7/><G7/><T82/><D82/><U94/><E57/><V14/><F14/><W10/><G10/><T103/><D103/><U118/><E94/><V120/><F120/><W67/><G28/><T76/><D76/><U47/><E47/><V34/><F34/><W135/><G135/><T68/><D46/><U53/><E53/><V125/><F125/><W38/><G38/><T126/><D1/><N who="1" m="207" /><E71/><V70/><F70/><W92/><AGARI ba="0,0" hai="4,11,12,61,63,64,65,67,84,88,92" m="17679" machi="92" ten="30,6000,0" yaku="8,1,52,1,54,1" doraHai="87" who="3" fromWho="3" sc="366,-20,182,-20,222,-20,230,60" /><INIT seed="3,1,0,5,3,82" ten="346,162,202,290" oya="3" hai0="121,125,52,72,63,58,33,92,45,65,98,44,24" hai1="94,25,135,112,10,110,41,42,86,48,55,107,77" hai2="30,62,120,69,14,51,47,16,91,35,38,0,132" hai3="88,27,15,40,93,105,53,118,12,100,84,36,127"/><W32/><G118/><T134/><D121/><U4/><E107/><V74/><F0/><W60/><G127/><T34/><D72/><U116/><E112/><V128/><F74/><W57/><G36/><T5/><D125/><U87/><E110/><V17/><F38/><W75/><G75/><T56/><D134/><U111/><E111/><V28/><F132/><W67/><G40/><N who="1" m="15466" /><E135/><V21/><F35/><W114/><G114/><T109/><D109/><U19/><E116/><V78/><F78/><W103/><G32/><T13/><D33/><U11/><E77/><V3/><F3/><W43/><G43/><T113/><D113/><U23/><E94/><V108/><F128/><W71/><G105/><T1/><D1/><U59/><E10/><V83/><F120/><W130/><G130/><T37/><D37/><U97/><E97/><V101/><F108/><W90/><G27/><T80/><D80/><U2/><E2/><V76/><F76/><W115/><G115/><T102/><D24/><U66/><E66/><V79/><F79/><W54/><G54/><T61/><D34/><U119/><E119/><V106/><F106/><W81/><G53/><T85/><D65/><U39/><E39/><V49/><F101/><N who="3" m="38987" /><G71/><T70/><D52/><U68/><E68/><V124/><F124/><W20/><G20/><T131/><D70/><U8/><E8/><V22/><F69/><W29/><G29/><N who="2" m="11369" /><F47/><W18/><G18/><T7/><D131/><U117/><E117/><V6/><F6/><W95/><G81/><T129/><D129/><U126/><E126/><V123/><F83/><RYUUKYOKU ba="1,0" sc="346,-15,162,15,202,-15,290,15" hai1="4,11,19,23,25,48,55,59,86,87" hai3="12,15,57,60,67,84,88,90,93,95" /><INIT seed="3,2,0,5,2,105" ten="331,177,187,305" oya="3" hai0="133,41,24,58,4,56,73,91,61,21,81,60,134" hai1="126,119,0,127,39,129,26,46,33,110,35,118,106" hai2="77,8,111,1,76,49,68,64,12,97,36,117,40" hai3="90,72,9,43,96,38,84,65,59,102,104,88,101"/><W34/><G34/><N who="1" m="12810" /><E106/><V62/><F117/><N who="1" m="44553" /><E110/><V5/><F36/><W57/><G72/><T115/><D4/><U80/><E0/><V135/><F111/><W125/><G125/><N who="1" m="47626" /><E129/><V11/><F135/><W114/><G114/><T27/><D115/><U50/><E80/><V25/><F25/><W70/><G70/><T98/><D24/><U63/><E63/><V53/><F97/><W22/><G102/><T83/><D98/><U54/><E26/><V89/><F89/><W6/><G22/><T31/><D91/><U121/><E121/><V120/><F40/><W92/><G43/><T3/><D41/><U30/><E30/><V20/><F20/><W99/><G38/><AGARI ba="2,0" hai="38,39,46,50,54" m="47626,44553,12810" machi="38" ten="40,2600,0" yaku="12,1,18,1" doraHai="105" who="1" fromWho="3" sc="331,0,177,32,187,0,305,-32" owari="331,43.1,209,-19.1,187,-31.3,273,7.3" /></mjloggm>