<mjloggm ver="2.3"><GO type="225" lobby="0"/><UN n0="%E6%98%93%E5%88%A9%E8%96%A9%E4%BC%AF" n1="%4C%4F%4C%49%54%41" n2="%E3%81%99%E3%81%84%E3%81%BE%E3%81%9B%E3%83%BC%E3%82%93" n3="%E6%B8%A1%E5%A4%A9%E8%97%8D" dan="16,16,18,16" rate="2118.03,2184.78,2187.39,2117.45" sx="F,F,M,M"/><TAIKYOKU oya="0"/><INIT seed="0,0,0,4,2,23" ten="250,250,250,250" oya="0" hai0="67,24,105,39,48,116,57,56,14,17,31,21,84" hai1="127,112,47,128,27,16,11,38,81,7,76,92,126" hai2="55,93,107,15,61,99,41,132,130,82,10,66,118" hai3="2,86,53,5,114,109,75,98,91,97,70,133,135"/><T42/><D116/><U20/><E128/><V60/><F130/><W131/><G131/><T123/><D123/><U35/><E112/><V58/><F118/><W9/><G114/><T8/><D105/><U110/><E110/><V95/><F132/><N who="3" m="50763" /><G75/><T68/><D39/><U88/><E35/><V119/><F119/><W65/><G109/><T125/><D125/><U134/><E134/><V30/><F41/><W45/><G65/><T32/><D68/><U3/><E47/><V87/><F30/><W115/><G70/><T101/><D101/><U83/><E38/><V50/><F107/><W52/><G115/><T72/><D72/><U28/><E28/><V124/><F124/><N who="1" m="47657" /><E76/><N who="2" m="46535" /><F99/><AGARI ba="0,0" hai="3,7,11,16,20,27,81,83,88,92,99" m="47657" machi="99" ten="30,7700,0" yaku="18,1,52,1,54,2" doraHai="23" who="1" fromWho="2" sc="250,0,250,77,250,-77,250,0" /><INIT seed="1,0,0,3,0,12" ten="250,327,173,250" oya="1" hai0="115,101,11,4,100,39,110,128,71,5,99,135,107" hai1="86,60,62,113,132,57,30,78,43,2,117,64,75" hai2="95,130,9,58,42,127,38,105,25,74,15,112,49" hai3="77,129,14,125,26,47,96,89,87,28,83,109,1"/><U108/><E113/><V27/><F105/><W118/><G1/><T116/><D115/><U70/><E117/><V134/><F112/><W73/><G109/><T61/><D116/><U124/><E2/><V76/><F130/><W23/><G118/><T51/><D39/><U16/><E75/><V3/><F3/><W44/><G129/><T18/><D135/><U22/><E132/><V17/><F134/><W53/><G125/><T40/><D101/><U93/><E43/><V21/><F127/><W41/><G53/><T126/><D126/><U19/><E124/><V72/><F76/><W131/><G131/><T54/><D40/><U80/><E108/><V91/><F38/><W90/><G14/><T0/><D5/><U31/><E93/><V122/><F122/><W120/><G120/><T84/><D84/><U36/><E36/><V121/><F121/><W59/><G59/><T7/><D7/><U13/><REACH who="1" step="1"/><E19/><REACH who="1" ten="250,317,173,250" step="2"/><V92/><F95/><W119/><G119/><T46/><D110/><U35/><E35/><V97/><F27/><W88/><G41/><T29/><D128/><U8/><E8/><V123/><F123/><W6/><G6/><T85/><D29/><U50/><E50/><V48/><F49/><W68/><G73/><T55/><D18/><U114/><E114/><V33/><F33/><W82/><G82/><T63/><D51/><U52/><AGARI ba="0,1" hai="13,16,22,30,31,52,57,60,62,64,70,78,80,86" machi="52" ten="20,24000,3" yaku="1,1,0,1,7,1,52,1,54,2,53,2" doraHai="12" doraHaiUra="56" who="1" fromWho="1" sc="250,-80,317,250,173,-80,250,-80" /><INIT seed="1,1,0,0,3,90" ten="170,567,93,170" oya="1" hai0="96,5,88,91,66,32,103,115,22,110,37,94,135" hai1="123,132,127,50,85,70,119,83,107,11,0,31,53" hai2="80,87,59,74,130,56,21,60,45,15,43,24,62" hai3="134,48,92,51,72,41,111,120,9,1,3,40,118"/><U79/><E119/><V26/><F130/><W106/><G106/><T46/><D32/><U17/><E123/><V68/><F74/><W82/><G120/><T89/><D115/><U99/><E70/><V33/><F68/><W12/><G111/><T38/><D135/><U76/><E127/><V10/><F33/><W131/><G131/><T102/><D110/><U114/><E31/><V42/><F62/><W78/><G134/><T113/><D113/><U36/><E36/><V58/><F60/><W109/><G118/><T101/><D66/><U35/><E35/><V93/><F93/><W63/><G63/><T97/><D5/><U112/><E76/><V20/><F24/><W18/><G109/><T129/><D129/><U100/><E132/><V6/><F26/><W86/><G40/><T30/><D46/><U28/><E28/><V39/><REACH who="2" step="1"/><F43/><REACH who="2" ten="170,567,83,170" step="2"/><W98/><G72/><T122/><D122/><U34/><E34/><V16/><F16/><W14/><G41/><T44/><D97/><U47/><E17/><V117/><F117/><W81/><G81/><T69/><D69/><U19/><E19/><V133/><F133/><W8/><G1/><T104/><D30/><U116/><E116/><V77/><AGARI ba="1,1" hai="6,10,15,20,21,39,42,45,56,58,59,77,80,87" machi="77" ten="30,8000,1" yaku="1,1,0,1,53,3" doraHai="90" doraHaiUra="52" who="2" fromWho="2" sc="170,-21,567,-41,83,93,170,-21" /><INIT seed="2,0,0,0,1,5" ten="149,526,176,149" oya="2" hai0="119,85,114,56,125,97,87,111,41,71,76,115,95" hai1="40,80,88,60,35,106,3,120,118,79,38,63,2" hai2="58,18,100,116,81,57,102,32,108,90,133,128,10" hai3="23,61,44,93,36,69,54,4,113,82,122,52,92"/><V89/><F116/><W59/><G122/><T103/><D71/><U70/><E118/><V130/><F32/><W65/><G113/><T30/><D119/><U99/><E88/><N who="2" m="33899" /><F133/><W86/><G4/><T51/><D111/><U132/><E63/><V91/><F108/><W126/><G126/><T26/><D125/><U67/><E132/><V28/><F28/><W66/><G23/><T110/><D110/><U68/><E68/><V29/><F29/><W31/><G31/><T112/><D76/><U39/><E35/><V45/><F45/><W73/><G73/><T124/><D124/><U12/><E12/><N who="2" m="7447" /><F130/><W15/><G15/><T129/><D129/><U16/><E120/><V62/><F128/><W107/><G107/><T13/><D13/><U37/><E2/><V84/><F57/><N who="3" m="34983" /><G69/><T53/><REACH who="0" step="1"/><D41/><REACH who="0" ten="139,526,176,149" step="2"/><U123/><E123/><V48/><F48/><N who="3" m="28935" /><G36/><T46/><D46/><N who="1" m="23823" /><E3/><V9/><F9/><W131/><G131/><T17/><D17/><U109/><E109/><V43/><F43/><W77/><G59/><T135/><D135/><U75/><E16/><V72/><F72/><W78/><G77/><T0/><D0/><U14/><E14/><V55/><AGARI ba="0,1" hai="55,58,62,81,84,91,100,102" m="7447,33899" machi="55" ten="30,6000,0" yaku="8,1,52,1,54,1" doraHai="5" who="2" fromWho="2" sc="139,-20,526,-20,176,70,149,-20" /><INIT seed="2,1,0,1,1,64" ten="119,506,246,129" oya="2" hai0="110,46,63,9,119,52,112,48,108,17,11,53,81" hai1="114,70,126,6,5,94,42,101,26,57,13,56,76" hai2="39,83,98,16,118,100,134,87,45,27,90,113,21" hai3="122,35,7,97,80,71,12,40,111,62,84,133,69"/><V24/><F113/><W18/><G122/><T55/><D112/><U14/><E114/><V2/><F118/><W15/><G35/><T99/><D119/><U75/><E70/><N who="3" m="26634" /><G40/><T65/><D81/><U116/><E126/><V77/><F2/><W106/><G62/><T102/><D17/><U4/><E116/><V86/><F134/><W125/><G7/><T129/><D129/><U25/><E75/><V10/><F10/><W128/><G18/><T3/><D3/><U132/><E76/><V44/><F39/><W1/><G1/><T28/><D28/><U123/><E123/><V96/><F27/><N who="1" m="10249" /><E42/><V50/><F100/><N who="3" m="62735" /><G111/><N who="0" m="42539" /><D11/><U47/><E5/><V0/><F0/><W59/><G59/><N who="0" m="37119" /><D9/><U29/><E57/><V19/><F19/><W74/><G74/><T79/><D79/><U30/><E56/><V73/><F73/><W43/><G43/><T115/><D115/><U93/><E4/><V67/><F67/><W66/><G66/><T85/><D85/><U22/><E6/><V105/><F105/><AGARI ba="1,0" hai="46,48,52,53,55,99,102,105" m="37119,42539" machi="105" ten="30,2000,0" yaku="14,1,54,1" doraHai="64" who="0" fromWho="2" sc="119,23,506,0,246,-23,129,0" /><INIT seed="3,0,0,1,0,60" ten="142,506,223,129" oya="3" hai0="30,65,95,73,97,38,66,55,26,15,63,4,99" hai1="129,53,70,130,128,119,48,42,102,71,62,104,91" hai2="2,72,44,17,47,56,112,80,67,68,32,114,107" hai3="28,117,0,109,5,59,36,57,64,29,9,82,77"/><W24/><G36/><T110/><D38/><U93/><E119/><V122/><F107/><W88/><G117/><T22/><D73/><U43/><E102/><V13/><F68/><N who="1" m="26153" /><E62/><V111/><F2/><W11/><G109/><T121/><D121/><U52/><E104/><V103/><F32/><W125/><G125/><T7/><D110/><U20/><E20/><V94/><F111/><W132/><G132/><T85/><D85/><N who="1" m="52463" /><E52/><V1/><F103/><W92/><G11/><N who="0" m="4583" /><D7/><U50/><E50/><V25/><F122/><W12/><G0/><T39/><D39/><U45/><AGARI ba="0,0" hai="42,43,45,48,53,128,129,130" m="52463,26153" machi="45" ten="40,1500,0" yaku="19,1" doraHai="60" who="1" fromWho="1" sc="142,-4,506,15,223,-4,129,-7" owari="138,-26.2,521,62.1,219,1.9,122,-37.8" /></mjloggm>