<mjloggm ver="2.3"><GO type="225" lobby="0"/><UN n0="%E3%82%82%E3%81%90%E3%82%89" n1="%E7%B4%94%E6%BD%94%E3%83%94%E3%83%A9%E3%83%8B%E3%82%A2" n2="%E6%9D%B1%E9%A2%A8%E3%81%AE%E3%81%8D%E3%82%83%E3%81%B7%E3%81%95%E3%82%93" n3="%E8%B1%86%59%E5%A4%AA%E9%83%8E" dan="17,16,16,16" rate="2202.15,2181.11,2118.79,2026.39" sx="F,M,M,M"/><TAIKYOKU oya="0"/><INIT seed="0,0,0,3,2,115" ten="250,250,250,250" oya="0" hai0="12,46,71,75,100,81,128,108,80,110,47,34,94" hai1="61,33,54,38,116,58,44,24,122,17,126,98,117" hai2="41,52,97,63,60,55,36,22,84,4,74,131,19" hai3="39,135,77,29,1,87,103,73,49,134,65,109,76"/><T26/><D71/><U13/><E122/><V118/><F74/><W21/><G39/><T56/><D128/><U102/><E126/><V35/><F35/><W96/><G1/><T45/><D12/><U69/><E69/><V99/><F131/><W111/><G73/><T57/><D100/><U132/><E132/><N who="3" m="50730" /><G65/><T18/><D94/><U8/><E33/><V6/><F84/><W70/><G49/><T43/><D43/><U113/><E113/><V133/><F133/><W114/><G70/><T125/><D125/><U123/><E123/><V85/><F85/><W37/><G37/><T9/><D34/><U31/><E31/><V32/><F32/><W23/><G29/><T20/><D9/><U5/><E24/><V51/><F36/><W2/><G2/><T107/><D107/><U104/><REACH who="1" step="1"/><E5/><REACH who="1" ten="250,240,250,250" step="2"/><V30/><F30/><W93/><G114/><T130/><D130/><U79/><E79/><N who="3" m="30282" /><G87/><T78/><REACH who="0" step="1"/><D81/><REACH who="0" ten="240,240,250,250" step="2"/><U16/><E16/><V86/><F19/><W82/><G82/><T53/><D53/><U64/><E64/><V88/><F55/><W40/><G40/><AGARI ba="0,2" hai="8,13,17,38,40,44,54,58,61,98,102,104,116,117" machi="40" ten="40,5200,0" yaku="1,1,52,2,53,0" doraHai="115" doraHaiUra="72" who="1" fromWho="3" sc="240,0,240,72,250,0,250,-52" /><INIT seed="1,0,0,4,1,60" ten="240,312,250,198" oya="1" hai0="73,76,41,62,113,27,91,109,46,70,103,43,12" hai1="25,104,28,78,59,50,84,69,14,118,5,85,9" hai2="17,34,89,30,8,102,79,82,75,114,47,66,48" hai3="88,135,86,6,15,116,18,31,108,129,40,106,0"/><U127/><E104/><V37/><F114/><W33/><G106/><T1/><D1/><U35/><E118/><V96/><F89/><W11/><G116/><T92/><D113/><U39/><E39/><V54/><F37/><W71/><G71/><T100/><D109/><U65/><E127/><V19/><F8/><W23/><G40/><T95/><D95/><U112/><E112/><V3/><F3/><W72/><G72/><T29/><D12/><U4/><E4/><V77/><F77/><W16/><G18/><T83/><D70/><U98/><E98/><V119/><F119/><W117/><G117/><T128/><D128/><U107/><E107/><V124/><F124/><W132/><G108/><T111/><D62/><U58/><E84/><V52/><F54/><W64/><G64/><T90/><D111/><U55/><E69/><V80/><F80/><W67/><G67/><T24/><D24/><U122/><E122/><V10/><F66/><W133/><G129/><T94/><D94/><U56/><REACH who="1" step="1"/><E65/><REACH who="1" ten="240,302,250,198" step="2"/><V61/><F96/><W87/><G88/><T130/><D90/><U38/><E38/><V53/><F75/><W99/><G99/><T42/><D130/><U126/><E126/><V51/><F79/><W110/><G110/><T20/><REACH who="0" step="1"/><D46/><REACH who="0" ten="230,302,250,198" step="2"/><U121/><E121/><V134/><F47/><W57/><REACH who="3" step="1"/><G57/><REACH who="3" ten="230,302,250,188" step="2"/><T7/><D7/><U2/><E2/><V44/><F44/><W123/><G123/><T131/><D131/><U120/><E120/><V22/><F102/><W81/><G81/><AGARI ba="0,3" hai="5,9,14,25,28,35,50,55,56,58,59,78,81,85" machi="81" ten="40,2000,0" yaku="1,1,53,0" doraHai="60" doraHaiUra="115" who="1" fromWho="3" sc="230,0,302,50,250,0,188,-20" /><INIT seed="1,1,0,2,4,59" ten="230,352,250,168" oya="1" hai0="80,114,85,50,86,43,90,23,28,51,18,13,111" hai1="41,105,98,40,70,76,94,130,12,117,63,75,101" hai2="108,53,126,91,120,119,66,26,27,123,131,37,39" hai3="35,10,31,11,45,93,128,44,3,21,109,103,67"/><U24/><E117/><V9/><F9/><N who="3" m="3083" /><G35/><T22/><D111/><U104/><E12/><V57/><F66/><W100/><G3/><T92/><D114/><U79/><E130/><V110/><F91/><W127/><G128/><T46/><D50/><U89/><E24/><N who="2" m="9259" /><F131/><W115/><G115/><T107/><D107/><U113/><E113/><V54/><F119/><W38/><G38/><N who="2" m="14345" /><F126/><W95/><G109/><N who="2" m="42089" /><F57/><W65/><G21/><N who="0" m="11471" /><D28/><U6/><E6/><V83/><F83/><W30/><G127/><T129/><D129/><U42/><E104/><V133/><F133/><W135/><G135/><T20/><D20/><U96/><REACH who="1" step="1"/><E75/><REACH who="1" ten="230,342,250,168" step="2"/><V15/><F15/><W25/><G25/><T74/><D74/><U49/><E49/><V134/><F134/><W14/><G14/><T88/><AGARI ba="1,1" hai="22,23,43,46,51,80,85,86,88,90,92" m="11471" machi="88" ten="30,2000,0" yaku="8,1,54,1" doraHai="59" who="0" fromWho="0" sc="230,33,342,-11,250,-6,168,-6" /><INIT seed="2,0,0,1,3,106" ten="263,331,244,162" oya="2" hai0="94,45,52,75,2,7,59,12,113,95,83,48,42" hai1="50,118,26,19,58,32,1,90,71,101,43,120,127" hai2="108,37,91,81,34,110,9,79,22,132,10,60,65" hai3="24,104,126,55,0,87,82,105,66,76,97,70,73"/><V38/><F91/><W103/><G55/><T93/><D113/><U111/><E71/><N who="2" m="42407" /><F22/><W36/><G126/><T99/><D12/><U117/><E127/><V64/><F64/><W35/><G87/><T88/><D7/><U133/><E19/><V23/><F23/><W129/><G105/><T31/><D31/><U46/><E90/><V29/><F132/><W92/><G92/><T63/><REACH who="0" step="1"/><D2/><REACH who="0" ten="253,331,244,162" step="2"/><U100/><E1/><V53/><F29/><N who="3" m="19879" /><G129/><T33/><D33/><U116/><E32/><V86/><F34/><W115/><G0/><T128/><D128/><U4/><E4/><V54/><F10/><W15/><G15/><T135/><D135/><U114/><E133/><V125/><F9/><W89/><G89/><T122/><D122/><U119/><E120/><V62/><F125/><W17/><G17/><T67/><D67/><U107/><E114/><V61/><F38/><W56/><G115/><T14/><D14/><U98/><E119/><V21/><F37/><W16/><G16/><T13/><D13/><U74/><E26/><V6/><F6/><W30/><G36/><T44/><D44/><U47/><E47/><V124/><F124/><W40/><G30/><T123/><D123/><U49/><E118/><V27/><F27/><W68/><G56/><T8/><D8/><U77/><E117/><V85/><F21/><W39/><G66/><T80/><D80/><U96/><E116/><V102/><F81/><W84/><G70/><T11/><D11/><U112/><E58/><V20/><F20/><W25/><G68/><T41/><D41/><U78/><E43/><RYUUKYOKU ba="0,1" sc="253,30,331,-10,244,-10,162,-10" hai0="42,45,48,52,59,63,75,83,88,93,94,95,99" /><INIT seed="3,1,1,2,4,8" ten="283,321,234,152" oya="3" hai0="96,132,93,90,61,98,53,81,133,128,54,49,121" hai1="99,76,134,12,118,97,47,41,31,85,11,94,129" hai2="66,78,48,125,117,123,68,88,82,46,64,100,3" hai3="101,45,104,7,58,69,13,55,23,36,42,135,72"/><W63/><G72/><T59/><D121/><U67/><E129/><V114/><F3/><W56/><G135/><T83/><D128/><U113/><E134/><N who="0" m="51817" /><D98/><U14/><E14/><V27/><F100/><W110/><G110/><T29/><D29/><U87/><E113/><V39/><F114/><W0/><G69/><T73/><D73/><U75/><E67/><V44/><F117/><W43/><G43/><T111/><D111/><U74/><E31/><V24/><F125/><W77/><G77/><T115/><D115/><U103/><E118/><V40/><F123/><W28/><G0/><T65/><D54/><U9/><E9/><V120/><F88/><W109/><G109/><T62/><D62/><U37/><E97/><V102/><F102/><W38/><G101/><T131/><D131/><U51/><E37/><V70/><F120/><W108/><G104/><T50/><D50/><U33/><E33/><V57/><F70/><AGARI ba="1,1" hai="49,53,59,61,65,70,81,83,90,93,96" m="51817" machi="70" ten="30,1000,0" yaku="20,1" doraHai="8" who="0" fromWho="2" sc="283,23,321,0,234,-13,152,0" owari="306,10.6,321,42.1,221,-17.9,152,-34.8" /></mjloggm>