<mjloggm ver="2.3"><GO type="225" lobby="0"/><UN n0="%E7%B4%94%E6%BD%94%E3%83%94%E3%83%A9%E3%83%8B%E3%82%A2" n1="%E5%B8%86%E7%AB%8B%E5%A4%8F%E8%A1%A3" n2="%6D%75%75%73%61%6E%6D%75" n3="%6D%61%74%69%67%75%73%61" dan="17,17,16,17" rate="2224.68,2148.23,2101.44,2162.90" sx="M,M,F,M"/><TAIKYOKU oya="0"/><INIT seed="0,0,0,4,2,21" ten="250,250,250,250" oya="0" hai0="89,44,86,10,132,8,95,111,62,74,91,34,23" hai1="131,114,61,88,81,79,77,110,129,69,80,57,104" hai2="56,65,102,60,38,35,118,107,108,7,116,106,82" hai3="24,119,71,31,22,29,3,99,47,13,16,50,5"/><T96/><D34/><U66/><E104/><V94/><F108/><W17/><G71/><T20/><D74/><N who="1" m="43063" /><E110/><V49/><F38/><W53/><G119/><N who="2" m="45609" /><F35/><W26/><G3/><T90/><D132/><U121/><E57/><V84/><F7/><W43/><G99/><T128/><D128/><N who="1" m="49227" /><E121/><V55/><F94/><W75/><G75/><T45/><D62/><U63/><E63/><V40/><F40/><W105/><G105/><T54/><D54/><U15/><E15/><V113/><F102/><W76/><G76/><T73/><D73/><N who="1" m="43247" /><E88/><N who="0" m="33897" /><D111/><U28/><E28/><V4/><F113/><AGARI ba="0,0" hai="61,66,69,113,114" m="43247,49227,43063" machi="113" ten="30,2000,0" yaku="19,1,23,1" doraHai="21" who="1" fromWho="2" sc="250,0,250,20,250,-20,250,0" /><INIT seed="1,0,0,5,2,89" ten="250,270,230,250" oya="1" hai0="50,97,135,55,107,110,131,11,100,129,79,119,10" hai1="82,103,101,14,87,76,61,3,75,104,83,126,45" hai2="106,127,68,93,125,13,47,19,37,65,30,116,134" hai3="74,4,94,133,2,96,113,132,41,24,34,71,117"/><U8/><E126/><N who="2" m="48139" /><F106/><W12/><G74/><T23/><D119/><U73/><E3/><V28/><F116/><W69/><G117/><T90/><D110/><U20/><E20/><N who="2" m="11375" /><F134/><N who="3" m="51819" /><G41/><T67/><D79/><U7/><E104/><V21/><F68/><W1/><G12/><T56/><D135/><U70/><E75/><V36/><F65/><W53/><G53/><T95/><D23/><U88/><REACH who="1" step="1"/><E45/><REACH who="1" ten="250,260,230,250" step="2"/><V99/><F47/><W42/><G1/><T40/><D10/><U128/><E128/><V39/><F21/><W6/><G2/><T98/><D11/><U63/><E63/><V29/><F29/><W120/><G34/><T22/><D22/><U122/><E122/><V35/><F35/><W111/><G120/><T43/><D129/><U86/><E86/><V27/><F27/><W102/><G24/><T118/><D131/><U15/><E15/><V16/><F16/><W85/><G4/><T66/><D118/><U31/><E31/><V44/><F44/><W59/><G6/><T72/><D72/><U38/><E38/><V108/><F108/><W46/><G85/><T26/><D26/><U109/><E109/><V32/><F32/><W25/><G111/><T130/><D130/><U60/><E60/><V121/><F121/><W115/><G25/><T92/><D107/><U49/><E49/><V77/><F77/><W80/><G46/><T124/><D124/><U81/><E81/><V64/><F64/><AGARI ba="0,1" hai="40,43,50,55,56,64,66,67,90,92,95,97,98,100" machi="64" ten="40,5200,0" yaku="8,1,52,2" doraHai="89" who="0" fromWho="2" sc="250,62,260,0,230,-52,250,0" /><AGARI ba="0,0" hai="7,8,14,61,64,70,73,76,82,83,87,88,101,103" machi="64" ten="40,7700,0" yaku="1,1,54,1,53,1" doraHai="89" doraHaiUra="84" who="1" fromWho="2" sc="312,0,260,77,178,-77,250,0" /><INIT seed="1,1,0,2,4,119" ten="312,337,101,250" oya="1" hai0="55,85,7,120,10,110,62,30,121,28,67,23,133" hai1="20,29,0,8,96,70,103,26,15,2,74,80,52" hai2="82,46,47,37,21,90,4,54,75,42,19,43,76" hai3="25,40,11,130,13,112,68,50,57,125,3,31,22"/><U93/><E70/><V92/><F4/><W44/><G68/><T88/><D110/><U59/><E74/><V86/><F54/><W36/><G112/><T105/><D105/><U123/><E80/><V91/><F91/><W101/><G130/><T71/><D55/><U108/><E108/><V49/><F21/><W129/><G125/><T99/><D99/><U32/><E32/><V17/><REACH who="2" step="1"/><F75/><REACH who="2" ten="312,337,91,250" step="2"/><W39/><G22/><T16/><D28/><U38/><E20/><V53/><F53/><W18/><G31/><T6/><D30/><U78/><E29/><V24/><F24/><W128/><G25/><T60/><D60/><U33/><E26/><V9/><F9/><W104/><G11/><T81/><D133/><U83/><E8/><V97/><AGARI ba="1,1" hai="17,19,37,42,43,46,47,49,76,82,86,90,92,97" machi="97" ten="20,2700,0" yaku="1,1,0,1,7,1,53,0" doraHai="119" doraHaiUra="122" who="2" fromWho="2" sc="312,-8,337,-14,91,40,250,-8" /><INIT seed="2,0,0,0,0,6" ten="304,323,131,242" oya="2" hai0="1,125,33,134,133,92,128,64,62,68,126,36,26" hai1="13,85,114,116,11,129,124,43,42,98,48,94,35" hai2="70,90,37,80,21,15,84,2,119,89,47,34,69" hai3="46,127,16,29,91,18,63,130,28,109,111,99,3"/><V25/><F119/><W65/><G3/><T17/><D92/><U7/><E116/><V104/><F2/><W23/><G46/><T96/><D96/><U32/><E114/><V74/><F104/><W53/><G53/><T107/><D107/><U59/><E124/><N who="0" m="47721" /><D1/><U22/><E129/><V76/><F34/><W61/><G127/><T113/><D113/><U14/><E35/><V86/><F15/><W88/><G99/><T24/><D36/><U19/><E32/><V102/><F102/><W39/><G39/><T72/><D72/><U41/><E85/><V105/><F105/><W71/><G130/><T100/><D100/><N who="1" m="60503" /><E59/><V40/><F74/><W51/><G51/><AGARI ba="0,0" hai="7,11,13,14,19,22,41,42,43,48,51" m="60503" machi="51" ten="30,2000,0" yaku="8,1,52,1" doraHai="6" who="1" fromWho="3" sc="304,0,323,20,131,0,242,-20" /><INIT seed="3,0,0,1,2,39" ten="304,343,131,222" oya="3" hai0="49,4,69,27,30,31,47,114,67,24,78,95,105" hai1="123,15,20,60,127,84,36,85,79,5,14,2,130" hai2="23,124,16,38,92,129,103,88,10,106,65,35,102" hai3="18,107,97,135,87,132,32,25,40,112,55,111,104"/><W82/><G112/><T77/><D105/><U44/><E123/><V98/><F35/><W41/><G55/><T71/><D4/><U59/><E127/><V51/><F124/><W6/><G6/><T8/><D8/><N who="1" m="4367" /><E36/><V128/><F38/><W66/><G66/><T125/><D125/><U46/><E130/><V100/><F106/><N who="3" m="40491" /><G97/><T122/><D95/><U29/><E2/><V118/><F118/><W76/><G18/><T1/><D1/><U3/><E3/><V9/><F65/><W26/><G111/><T133/><D122/><U68/><E68/><V70/><F70/><W50/><G50/><T28/><D69/><U37/><E37/><V61/><F61/><W73/><G73/><T120/><D114/><U56/><E56/><V94/><F94/><W96/><G96/><T13/><D13/><U34/><E34/><V121/><F121/><W116/><G116/><T63/><D120/><U75/><E75/><V113/><F113/><W52/><G52/><T64/><D67/><N who="1" m="39327" /><E85/><V12/><REACH who="2" step="1"/><F51/><REACH who="2" ten="304,343,121,222" step="2"/><W62/><G62/><T48/><D49/><U126/><E126/><V45/><F45/><W57/><G57/><T117/><D117/><U91/><E46/><V58/><F58/><W119/><G119/><T93/><D93/><N who="1" m="54503" /><E44/><V90/><F90/><W131/><G32/><T54/><D77/><U115/><E115/><V101/><N who="2" m="25600" /><DORA hai="86" /><V99/><F99/><W7/><G76/><T110/><D78/><U33/><E79/><V43/><F43/><W17/><G41/><T53/><D54/><U134/><E33/><V80/><F80/><W19/><G82/><RYUUKYOKU ba="0,1" sc="304,-10,343,-10,121,30,222,-10" hai2="9,10,12,16,23,88,92,98,128,129" owari="294,9.4,343,44.3,151,-34.9,212,-18.8" /></mjloggm>