<mjloggm ver="2.3"><GO type="225" lobby="0"/><UN n0="%E3%81%8B%E3%82%8F%E3%81%A1%E3%82%83%E3%82%93%35%38" n1="%E9%B3%B3%E6%9D%B1%E3%81%AE%E3%81%BF%E3%81%91%E3%81%AB%E3%82%83%E3%82%93" n2="%E8%90%BD%E6%97%A5" n3="%6D%75%75%6D%75%72%61" dan="16,16,16,16" rate="2219.34,2055.17,2096.72,2073.62" sx="M,F,F,F"/><TAIKYOKU oya="0"/><INIT seed="0,0,0,0,0,116" ten="250,250,250,250" oya="0" hai0="122,114,133,24,60,70,13,127,9,124,123,38,107" hai1="131,75,44,85,28,7,82,113,25,87,117,129,54" hai2="11,6,132,91,84,56,79,90,51,67,120,18,34" hai3="33,49,39,97,92,19,5,23,32,22,63,40,77"/><T43/><D107/><U71/><E117/><V46/><F34/><W128/><G39/><T62/><D13/><U72/><E71/><V110/><F110/><W105/><G105/><T3/><D24/><U78/><E7/><V48/><F132/><W64/><G77/><T59/><D9/><U45/><E113/><V118/><F118/><W80/><G80/><T10/><D10/><U93/><E75/><V125/><F125/><N who="0" m="48202" /><D3/><U29/><E29/><V47/><F18/><W68/><G128/><N who="1" m="49226" /><E54/><V16/><F16/><W89/><G5/><T26/><D26/><U17/><E17/><V81/><F120/><N who="0" m="46122" /><D114/><U58/><E58/><V15/><F56/><W74/><G22/><T55/><D133/><U88/><E72/><V65/><F67/><W111/><G74/><T106/><D106/><U96/><E96/><V126/><F65/><W41/><G111/><T121/><N who="0" m="46130" /><T119/><DORA hai="94" /><D119/><U4/><E4/><V86/><F126/><W36/><G32/><AGARI ba="0,0" hai="25,28,32,44,45,78,82,85,87,88,93" m="49226" machi="32" ten="30,2000,0" yaku="19,1,54,1" doraHai="116,94" who="1" fromWho="3" sc="250,0,250,20,250,0,250,-20" /><INIT seed="1,0,0,0,3,67" ten="250,270,250,230" oya="1" hai0="125,129,134,23,135,82,41,50,27,123,34,56,24" hai1="64,71,110,51,112,102,52,10,70,109,124,126,106" hai2="20,12,95,35,98,45,53,108,37,39,57,62,104" hai3="17,66,87,84,89,40,58,26,13,101,132,3,29"/><U30/><E112/><V31/><F35/><W111/><G3/><T133/><D82/><U15/><E30/><V118/><F118/><W33/><G111/><N who="1" m="42506" /><E64/><V76/><F108/><W68/><G132/><T107/><D107/><U19/><E102/><V122/><F104/><W85/><G40/><T1/><D41/><U121/><E106/><V116/><F116/><W18/><G101/><T32/><D56/><N who="1" m="32799" /><E121/><V54/><F76/><W6/><G58/><T55/><D55/><U77/><E77/><V5/><F122/><W79/><G79/><T22/><D50/><U60/><E60/><V14/><F31/><W81/><G6/><T80/><D123/><U113/><E113/><V48/><F5/><W117/><G117/><T120/><D120/><U7/><E7/><V100/><F39/><W38/><G17/><T99/><D134/><U114/><E114/><V9/><F37/><W46/><G38/><T65/><D65/><U42/><E42/><V4/><F54/><W2/><G46/><T47/><D47/><U127/><AGARI ba="0,0" hai="10,15,19,70,71,124,126,127" m="32799,42506" machi="127" ten="40,18000,2" yaku="18,1,14,1,10,1,52,2,54,1" doraHai="67" who="1" fromWho="1" sc="250,-60,270,180,250,-60,230,-60" /><INIT seed="1,1,0,4,2,53" ten="190,450,190,170" oya="1" hai0="130,60,84,78,123,35,17,105,65,38,23,62,90" hai1="67,87,54,4,121,94,113,56,134,63,119,80,133" hai2="6,27,49,72,126,61,89,125,42,76,124,81,30" hai3="16,31,83,116,26,8,111,135,18,117,24,20,104"/><U47/><E113/><V9/><F89/><W114/><G104/><T127/><D35/><U97/><E4/><V7/><F61/><W22/><G83/><T115/><D38/><U85/><E119/><N who="3" m="45642" /><G114/><T19/><D115/><U14/><E14/><V98/><F98/><W15/><G111/><T28/><D105/><U71/><E47/><V57/><F9/><W73/><G73/><T82/><D127/><U96/><E96/><V112/><F112/><W118/><N who="3" m="45650" /><W88/><DORA hai="86" /><G88/><T100/><D100/><U92/><E92/><V5/><F42/><W52/><G52/><T99/><D99/><U11/><E11/><V128/><F128/><W69/><G69/><T50/><D90/><N who="1" m="55511" /><E80/><V39/><F39/><W13/><G135/><N who="1" m="51722" /><E121/><V33/><F49/><AGARI ba="1,0" hai="49,54,56,63,67,71,85,87" m="51722,55511" machi="49" ten="30,5800,0" yaku="20,1,52,2" doraHai="53,86" who="1" fromWho="2" sc="190,0,450,61,190,-61,170,0" /><INIT seed="1,2,0,1,0,59" ten="190,511,129,170" oya="1" hai0="52,87,81,48,124,10,86,30,14,47,73,104,23" hai1="56,41,71,27,6,94,92,116,22,109,123,110,24" hai2="38,77,75,118,5,19,101,65,113,78,70,132,103" hai3="18,90,67,85,131,119,13,8,74,89,54,112,32"/><U57/><E116/><V129/><F118/><W93/><G119/><T29/><D104/><U95/><E123/><V60/><F129/><W16/><G74/><T126/><D73/><U2/><E71/><V28/><F132/><W50/><G131/><T35/><D35/><U63/><E41/><V39/><F113/><W120/><G32/><T64/><D64/><N who="1" m="39015" /><E22/><V88/><F28/><W96/><G112/><T127/><D23/><U115/><E115/><V125/><F125/><W102/><G67/><T100/><D100/><U7/><E2/><V135/><F135/><W122/><G18/><T133/><D133/><U106/><E106/><V61/><F19/><W82/><REACH who="3" step="1"/><G102/><REACH who="3" ten="190,511,129,160" step="2"/><T128/><D128/><U42/><E6/><V46/><F5/><W11/><G11/><T66/><D66/><U98/><E7/><V37/><F75/><W0/><G0/><T107/><D126/><U36/><E110/><V4/><F4/><W44/><AGARI ba="2,1" hai="8,13,16,44,50,54,82,85,89,90,93,96,120,122" machi="44" ten="20,12000,2" yaku="1,1,0,1,7,1,25,2,54,1,53,1" doraHai="59" doraHaiUra="79" who="3" fromWho="3" sc="190,-32,511,-62,129,-32,160,136" /><INIT seed="2,0,0,0,1,28" ten="158,449,97,296" oya="2" hai0="132,104,89,45,102,11,9,87,118,10,26,5,99" hai1="129,85,110,19,92,126,134,74,29,36,113,53,27" hai2="123,24,80,73,33,50,90,79,133,107,3,20,124" hai3="100,61,55,78,14,69,115,44,67,48,65,71,43"/><V77/><F123/><W120/><G78/><T46/><D132/><U52/><E74/><V97/><F133/><W59/><G100/><T23/><D5/><U8/><E36/><V75/><F124/><W95/><G95/><T127/><D127/><U40/><E40/><V12/><F3/><W56/><G14/><T31/><REACH who="0" step="1"/><D118/><REACH who="0" ten="148,449,97,296" step="2"/><U72/><E126/><V1/><F1/><W135/><G135/><T76/><D76/><U2/><E2/><V101/><F79/><W39/><G120/><T94/><AGARI ba="0,1" hai="9,10,11,23,26,31,45,46,87,89,94,99,102,104" machi="94" ten="30,2000,0" yaku="1,1,0,1,53,0" doraHai="28" doraHaiUra="122" who="0" fromWho="0" sc="148,30,449,-5,97,-10,296,-5" /><INIT seed="3,0,0,5,1,106" ten="178,444,87,291" oya="3" hai0="65,122,7,94,29,108,97,118,1,64,93,42,109" hai1="37,85,68,12,77,57,126,54,90,105,3,11,114" hai2="36,59,40,81,98,22,56,26,38,113,49,89,124" hai3="15,24,28,104,103,19,51,133,86,52,127,72,128"/><W71/><G71/><T131/><D118/><U101/><E68/><V63/><F113/><W74/><G133/><T46/><D122/><U58/><E3/><V4/><F124/><W39/><G39/><T2/><D29/><U61/><E37/><V21/><F4/><W80/><G104/><T82/><D82/><N who="1" m="47311" /><E105/><V62/><F81/><W9/><G103/><T79/><D79/><U41/><E101/><V50/><F89/><W135/><G128/><T67/><D131/><U134/><E114/><V30/><F30/><W0/><G0/><T8/><D1/><U31/><E41/><V60/><F98/><W75/><G135/><T78/><D78/><U55/><E126/><V96/><F96/><W132/><G127/><T102/><REACH who="0" step="1"/><D94/><REACH who="0" ten="168,444,87,291" step="2"/><U115/><E31/><V18/><F62/><W53/><G132/><T43/><D43/><U88/><E134/><V17/><REACH who="2" step="1"/><F40/><REACH who="2" ten="168,444,77,291" step="2"/><W87/><G80/><T110/><D110/><U32/><E115/><V44/><F44/><W112/><G112/><T116/><D116/><U33/><E61/><V45/><F45/><W48/><G28/><T14/><D14/><U70/><E12/><V47/><F47/><W84/><G24/><AGARI ba="0,2" hai="17,18,21,22,24,26,36,38,49,50,56,59,60,63" machi="24" ten="25,3200,0" yaku="1,1,22,2,53,0" doraHai="106" doraHaiUra="83" who="2" fromWho="3" sc="168,0,444,0,77,52,291,-32" owari="168,-23.2,444,54.4,129,-37.1,259,5.9" /></mjloggm>