<mjloggm ver="2.3"><GO type="225" lobby="0"/><UN n0="%E7%99%BD%E6%97%A5%E9%9B%AA%E8%8F%9C" n1="%E3%82%B2%E3%82%B9%E8%8C%82%E5%8B%9D" n2="%E5%B0%8F%E9%B3%A5%E9%81%8A%E7%B7%B4%E7%84%A1%32%31%E6%AD%B3" n3="%E5%B8%86%E7%AB%8B%E5%A4%8F%E8%A1%A3" dan="16,16,16,16" rate="2142.43,2079.55,2212.97,2162.49" sx="M,F,F,M"/><TAIKYOKU oya="0"/><INIT seed="0,0,0,1,1,81" ten="250,250,250,250" oya="0" hai0="66,78,73,87,37,72,58,61,75,126,117,47,26" hai1="103,16,94,32,39,67,27,44,15,29,130,118,115" hai2="22,128,122,55,20,83,71,23,120,46,1,121,131" hai3="10,36,116,65,48,52,134,53,84,88,85,69,129"/><T99/><D117/><U62/><E118/><V7/><F71/><W113/><G113/><T92/><D126/><U30/><E115/><V98/><F98/><W45/><G116/><T19/><D37/><U54/><E130/><N who="2" m="49707" /><F83/><W11/><G129/><T43/><D19/><U24/><E94/><V59/><F46/><W79/><G134/><T101/><D26/><U95/><E95/><V110/><F59/><W64/><G36/><T108/><D108/><U38/><E103/><V18/><F55/><N who="3" m="30095" /><G69/><T97/><D78/><U50/><E27/><N who="2" m="14743" /><F110/><W82/><G65/><T31/><D31/><U119/><E30/><V106/><F106/><W34/><G34/><T0/><D0/><U56/><REACH who="1" step="1"/><E119/><REACH who="1" ten="250,240,250,250" step="2"/><V111/><F111/><W51/><G64/><T76/><D101/><U107/><E107/><V74/><F74/><W93/><G53/><T42/><D75/><U57/><E57/><AGARI ba="0,1" hai="10,11,51,52,57,79,82,84,85,88,93" m="30095" machi="57" ten="30,8000,1" yaku="8,1,52,2,54,2" doraHai="81" who="3" fromWho="1" sc="250,0,240,-80,250,0,250,90" /><INIT seed="1,0,0,2,4,3" ten="250,160,250,340" oya="1" hai0="68,94,70,61,90,55,64,43,63,71,98,19,16" hai1="111,75,5,84,59,30,91,28,109,85,105,121,96" hai2="12,66,8,32,20,33,81,93,129,128,102,29,17" hai3="46,22,35,116,42,4,103,107,97,10,18,69,101"/><U89/><E121/><V82/><F66/><W62/><G116/><T104/><D43/><U79/><E59/><V34/><F102/><W108/><G108/><N who="1" m="41546" /><E28/><V135/><F93/><W130/><G130/><N who="2" m="50281" /><F82/><W15/><G103/><T21/><D104/><U74/><E30/><V14/><F81/><W13/><G35/><T124/><D124/><U1/><E1/><V95/><F95/><W115/><G115/><T123/><D123/><U24/><E24/><N who="2" m="18471" /><F135/><W106/><G106/><T25/><D19/><AGARI ba="0,0" hai="8,12,14,17,19,20,33,34" m="18471,50281" machi="19" ten="30,3900,0" yaku="19,1,34,2" doraHai="3" who="2" fromWho="0" sc="250,-39,160,0,250,39,340,0" /><INIT seed="2,0,0,5,4,120" ten="211,160,289,340" oya="2" hai0="86,133,14,42,123,129,29,46,40,74,35,63,27" hai1="76,102,53,37,0,125,1,96,24,105,6,12,111" hai2="54,128,9,91,69,62,57,70,10,83,106,49,116" hai3="95,77,30,5,13,31,73,38,4,99,2,58,115"/><V87/><F116/><W20/><G38/><T72/><D123/><U103/><E37/><V71/><F106/><W80/><G115/><T52/><D129/><U50/><E125/><V43/><F128/><W110/><G110/><T132/><D40/><U36/><E36/><V8/><REACH who="2" step="1"/><F43/><REACH who="2" ten="211,160,279,340" step="2"/><W97/><G4/><T84/><D42/><U34/><E105/><V59/><F59/><W11/><G58/><N who="0" m="35271" /><D46/><U68/><E6/><V44/><F44/><W51/><G51/><AGARI ba="0,1" hai="8,9,10,49,51,54,57,62,69,70,71,83,87,91" machi="51" ten="50,2400,0" yaku="1,1,53,0" doraHai="120" doraHaiUra="15" who="2" fromWho="3" sc="211,0,160,0,279,34,340,-24" /><INIT seed="2,1,0,0,3,7" ten="211,160,313,316" oya="2" hai0="106,108,79,43,45,10,63,64,112,34,40,35,89" hai1="134,129,133,5,100,82,48,128,125,19,44,69,96" hai2="92,101,4,52,51,25,50,20,86,37,13,47,49" hai3="122,27,119,80,39,53,67,124,95,76,127,66,6"/><V0/><F0/><W120/><G39/><T58/><D112/><U102/><E69/><V38/><F38/><W94/><G53/><T123/><D123/><N who="3" m="47145" /><G27/><T65/><D108/><U81/><E19/><V104/><F104/><W97/><G6/><T46/><D106/><U21/><E21/><V11/><F37/><W8/><G8/><T75/><D89/><U87/><E5/><V68/><F68/><W18/><G18/><T121/><D121/><U78/><E48/><V117/><F117/><W71/><G71/><T17/><D79/><N who="1" m="46527" /><E44/><V55/><F55/><W114/><G114/><T42/><D75/><N who="1" m="43359" /><E125/><N who="3" m="48202" /><G95/><T9/><D65/><U61/><E61/><V74/><F74/><N who="3" m="43031" /><G119/><T116/><D116/><U131/><E102/><AGARI ba="1,0" hai="66,67,94,97,102" m="43031,48202,47145" machi="102" ten="30,1000,0" yaku="18,1" doraHai="7" who="3" fromWho="1" sc="211,0,160,-13,313,0,316,13" /><INIT seed="3,0,0,3,4,84" ten="211,147,313,329" oya="3" hai0="19,88,30,96,125,91,38,83,8,77,53,58,40" hai1="56,45,18,27,86,39,5,4,93,132,97,55,3" hai2="36,57,10,95,44,33,135,41,2,126,100,51,69" hai3="32,107,50,17,15,123,12,13,81,78,73,129,21"/><W119/><G129/><T71/><D71/><U11/><E132/><V24/><F69/><W43/><G123/><T85/><D30/><U70/><E70/><V98/><F135/><W52/><G119/><T131/><D131/><U109/><E109/><V105/><F126/><W101/><G32/><T82/><D125/><U22/><E5/><V116/><F116/><W42/><G107/><T14/><D38/><U60/><E86/><V31/><F57/><W66/><G66/><T9/><D40/><U62/><E39/><V26/><F26/><W37/><G101/><T87/><D96/><U99/><E45/><V72/><F72/><W6/><G37/><T68/><D68/><U113/><E113/><V120/><F120/><W106/><G106/><T89/><D8/><U28/><E62/><AGARI ba="0,0" hai="9,14,19,53,58,62,77,82,83,85,87,88,89,91" machi="62" ten="30,12000,2" yaku="7,1,8,1,52,3,54,1" doraHai="84" who="0" fromWho="1" sc="211,120,147,-120,313,0,329,0" owari="331,43.1,27,-47.3,313,-8.7,329,12.9" /></mjloggm>