<mjloggm ver="2.3"><GO type="225" lobby="0"/><UN n0="%E9%B3%B3%E6%9D%B1%E3%81%AE%E3%81%86%E3%81%95%E3%81%8E%E3%81%95%E3%82%93" n1="%E5%B8%86%E7%AB%8B%E5%A4%8F%E8%A1%A3" n2="%72%61%6B%33" n3="%E4%B8%89%E5%86%A0%E7%8E%8B%E3%83%BB%E5%B1%B1%E7%94%B0%E5%93%B2%E4%BA%BA" dan="16,17,16,16" rate="2153.12,2189.93,2205.59,2131.77" sx="M,M,M,M"/><TAIKYOKU oya="0"/><INIT seed="0,0,0,0,3,97" ten="250,250,250,250" oya="0" hai0="94,102,1,5,74,128,0,25,39,40,30,96,38" hai1="126,88,107,15,73,76,34,26,18,29,42,48,32" hai2="83,91,89,24,72,36,133,87,47,19,134,7,50" hai3="37,9,2,6,135,123,13,58,41,71,69,95,92"/><T55/><D128/><U90/><E126/><V35/><F36/><W66/><G135/><T119/><D119/><U27/><E107/><V52/><F72/><W122/><G58/><T75/><D55/><U62/><E73/><V49/><F7/><W109/><G109/><T132/><D132/><N who="2" m="50794" /><F50/><W99/><G92/><T54/><D39/><U23/><E76/><N who="2" m="46567" /><F19/><W130/><G130/><T85/><D74/><U64/><E48/><V45/><F45/><W44/><G2/><T129/><D75/><U84/><E42/><V14/><F14/><W31/><G31/><AGARI ba="0,0" hai="24,31,35,47,49,52,89,91" m="46567,50794" machi="31" ten="30,2000,0" yaku="20,1,54,1" doraHai="97" who="2" fromWho="3" sc="250,0,250,0,250,20,250,-20" /><INIT seed="1,0,0,2,2,79" ten="250,250,270,230" oya="1" hai0="78,42,80,72,11,113,63,20,128,85,82,5,133" hai1="118,16,108,89,62,50,109,7,117,53,126,6,131" hai2="45,76,33,27,10,61,18,13,9,120,103,23,17" hai3="1,56,35,55,127,52,60,83,40,59,124,130,135"/><U66/><E89/><V12/><F120/><W75/><G135/><T46/><D113/><U90/><E90/><V116/><F116/><N who="1" m="44649" /><E126/><N who="3" m="48170" /><G130/><T67/><D128/><U51/><E131/><V87/><F33/><W84/><G1/><T69/><D133/><U49/><E16/><N who="2" m="12775" /><F103/><W97/><G35/><T21/><D80/><U115/><E7/><N who="2" m="3135" /><F45/><W37/><G97/><T104/><D104/><U132/><E6/><N who="2" m="3287" /><F61/><N who="3" m="35975" /><G75/><T22/><D72/><U34/><E34/><V110/><F110/><N who="1" m="42601" /><E132/><V81/><AGARI ba="0,0" hai="17,18,76,81,87" m="3287,3135,12775" machi="81" ten="30,4000,0" yaku="8,1,52,1,54,1" doraHai="79" who="2" fromWho="2" sc="250,-10,250,-20,270,40,230,-10" /><INIT seed="2,0,0,3,2,59" ten="240,230,310,220" oya="2" hai0="38,36,114,35,75,108,6,28,47,98,4,106,27" hai1="83,125,133,30,34,97,42,7,104,24,67,16,135" hai2="71,1,19,52,127,49,120,122,109,56,62,69,88" hai3="79,48,20,73,63,14,57,134,46,113,68,58,3"/><V61/><F1/><W65/><G3/><T15/><D114/><U95/><E7/><V41/><F19/><W74/><G113/><T110/><D75/><U119/><E119/><V45/><F88/><W31/><G134/><N who="1" m="51210" /><E125/><V86/><F86/><W93/><G93/><T107/><D4/><U92/><E67/><V124/><F109/><N who="0" m="42090" /><D47/><U39/><E83/><V130/><F130/><W123/><G123/><N who="2" m="47145" /><F62/><W13/><G13/><T12/><D15/><U26/><E42/><V10/><F10/><W117/><G117/><T81/><D81/><U105/><E39/><N who="0" m="14889" /><D98/><U66/><E66/><V112/><F112/><W80/><G73/><T115/><D115/><U11/><E95/><V82/><F82/><W103/><G103/><T18/><D6/><U85/><E85/><V64/><F64/><W54/><REACH who="3" step="1"/><G14/><REACH who="3" ten="240,230,310,210" step="2"/><T70/><D12/><N who="1" m="7199" /><E26/><AGARI ba="0,1" hai="20,26,31,46,48,54,57,58,63,65,68,74,79,80" machi="26" ten="40,2600,0" yaku="1,1,52,1,53,0" doraHai="59" doraHaiUra="2" who="3" fromWho="1" sc="240,0,230,-26,310,0,210,36" /><INIT seed="3,0,0,5,0,49" ten="240,204,310,246" oya="3" hai0="123,14,9,2,21,71,82,29,118,127,109,124,77" hai1="43,62,131,55,15,25,28,26,80,76,132,106,108" hai2="10,85,89,113,67,93,111,63,50,59,105,39,40" hai3="69,24,95,104,91,65,13,130,129,51,37,101,135"/><W45/><G135/><T6/><D118/><U126/><E132/><V86/><F113/><W64/><G37/><T5/><D71/><U8/><E106/><V38/><F105/><W83/><G83/><T122/><D109/><U44/><E108/><V73/><F73/><W128/><G69/><T81/><D81/><U78/><E126/><N who="0" m="48169" /><D29/><U16/><E131/><V84/><F111/><W114/><G114/><T100/><D100/><U103/><E103/><V41/><F39/><W56/><G56/><T47/><D47/><U112/><E112/><V66/><F38/><W133/><G133/><T33/><D33/><U121/><E121/><N who="0" m="46089" /><D21/><U12/><E28/><V17/><F66/><W68/><G68/><T42/><D42/><N who="2" m="16490" /><F50/><W11/><G104/><T134/><D134/><U99/><E43/><V120/><F120/><W57/><G129/><T87/><D6/><N who="1" m="3095" /><E44/><V22/><F22/><W30/><G45/><T54/><D54/><U119/><E119/><V1/><F67/><W36/><G36/><T125/><N who="0" m="48177" /><T34/><DORA hai="94" /><D34/><U116/><E116/><V35/><F35/><W74/><G130/><T61/><D61/><U46/><E46/><V88/><F63/><W115/><G128/><T96/><D2/><U52/><E55/><V98/><F1/><W117/><G117/><T32/><D32/><U19/><E19/><V97/><F17/><W53/><G115/><T20/><D20/><N who="1" m="11295" /><E80/><V7/><F7/><W23/><G65/><T60/><D60/><U110/><E110/><V79/><F59/><N who="3" m="33215" /><G64/><T70/><D70/><U75/><E75/><V58/><F58/><RYUUKYOKU ba="0,0" sc="240,30,204,-10,310,-10,246,-10" hai0="5,9,14,77,82,87,96" owari="270,7.0,194,-30.6,300,40.0,236,-16.4" /></mjloggm>