<mjloggm ver="2.3"><GO type="225" lobby="0"/><UN n0="%E5%A4%96%E5%B7%9D%E7%AB%9C%E6%88%90" n1="%E8%81%B7%E6%A5%AD%E3%80%81%E9%A2%A8%32" n2="%E3%81%86%E3%83%BC%E3%81%B1%E3%83%BC" n3="%6D%75%75%6D%75%72%61" dan="16,16,16,16" rate="2211.66,2160.90,2142.96,2149.20" sx="M,M,M,F"/><TAIKYOKU oya="0"/><INIT seed="0,0,0,5,0,105" ten="250,250,250,250" oya="0" hai0="16,111,52,124,63,128,113,110,69,106,6,104,95" hai1="96,56,47,72,70,9,58,73,109,18,80,68,131" hai2="19,125,120,17,54,91,78,29,64,38,107,112,0" hai3="32,53,126,2,21,31,34,85,11,28,35,117,77"/><T66/><D113/><U90/><E109/><N who="0" m="41481" /><D124/><U118/><E118/><V81/><F120/><W75/><G85/><T135/><D128/><U49/><E131/><V119/><F112/><W8/><G117/><T100/><D135/><U134/><E134/><V40/><F0/><W127/><G53/><T61/><D6/><U59/><E68/><V55/><F64/><W42/><G42/><T74/><D74/><N who="1" m="28779" /><E70/><V67/><F67/><W92/><G92/><T33/><D33/><U129/><E96/><V79/><F29/><N who="3" m="11339" /><G2/><T82/><D82/><U122/><E122/><V98/><F81/><W10/><G77/><T30/><D30/><U114/><E129/><V89/><F98/><W27/><G75/><T83/><D83/><U132/><E132/><V22/><F119/><W103/><G103/><T14/><D95/><U12/><E114/><V93/><F93/><W45/><G45/><T26/><D26/><U102/><E102/><V84/><F107/><W60/><G60/><T116/><D100/><U65/><E65/><V13/><F79/><W48/><G48/><T62/><D116/><U44/><E44/><N who="2" m="23575" /><F78/><W71/><G71/><T7/><D7/><U130/><E130/><V5/><F5/><W121/><G121/><T86/><D86/><N who="1" m="50503" /><E59/><V37/><F37/><W94/><G94/><T133/><D133/><U23/><E58/><V46/><F46/><W101/><G101/><T57/><D63/><U43/><E56/><V3/><F84/><W51/><G51/><T20/><AGARI ba="0,0" hai="14,16,20,52,57,61,62,66,69,104,106" m="41481" machi="20" ten="30,11700,0" yaku="14,1,10,1,54,2" doraHai="105" who="0" fromWho="0" sc="250,117,250,-39,250,-39,250,-39" /><INIT seed="0,1,0,0,1,109" ten="367,211,211,211" oya="0" hai0="90,61,40,67,5,49,24,134,78,51,27,80,55" hai1="131,66,37,22,26,107,0,83,119,13,3,62,48" hai2="33,129,111,94,102,99,89,16,57,19,108,10,31" hai3="6,54,135,97,122,95,117,115,36,128,84,21,96"/><T18/><D134/><U86/><E37/><V23/><F129/><W132/><G117/><T100/><D5/><U91/><E107/><V65/><F10/><W98/><G128/><T2/><D2/><U69/><E131/><V45/><F45/><W101/><G36/><T12/><D100/><U116/><E119/><V113/><F89/><N who="3" m="53671" /><G6/><T20/><D90/><U87/><E116/><V59/><F113/><W121/><G54/><T76/><D40/><U75/><E75/><V125/><F125/><W44/><G44/><T7/><D49/><U81/><E13/><V43/><F43/><W17/><G21/><T130/><D7/><U124/><E48/><V53/><F33/><W41/><G17/><T73/><D78/><U32/><E32/><V47/><F47/><W39/><G41/><T118/><D118/><U104/><E104/><V28/><F19/><W4/><G4/><T68/><D130/><U114/><E124/><V92/><F92/><N who="3" m="58503" /><G39/><T8/><D8/><U105/><E105/><V103/><F103/><W60/><G60/><T30/><D30/><U63/><E63/><N who="2" m="38127" /><F111/><W64/><G64/><T106/><D106/><U1/><E114/><V77/><F77/><W133/><G115/><T46/><AGARI ba="1,0" hai="12,18,20,24,27,46,51,55,61,67,68,73,76,80" machi="46" ten="20,2100,0" yaku="0,1,7,1" doraHai="109" who="0" fromWho="0" sc="367,24,211,-8,211,-8,211,-8" /><INIT seed="0,2,0,2,1,53" ten="391,203,203,203" oya="0" hai0="42,71,6,119,70,78,120,24,134,38,99,91,90" hai1="131,3,55,51,110,105,75,12,56,112,30,5,125" hai2="107,74,54,58,130,89,27,31,43,123,15,21,124" hai3="52,81,129,128,36,117,102,29,73,9,106,103,95"/><T4/><D78/><U23/><E105/><V59/><F123/><W46/><G117/><T47/><D24/><U84/><E75/><V35/><F74/><W127/><G106/><T93/><D119/><U82/><E110/><V32/><F107/><W96/><G127/><T116/><D116/><U60/><E125/><V65/><F43/><W72/><G36/><T83/><D120/><U22/><E3/><V20/><F130/><N who="3" m="50283" /><G29/><T98/><D134/><U34/><E112/><V41/><F41/><W39/><G39/><T17/><D17/><U132/><E132/><V118/><F118/><W88/><G9/><T104/><D83/><U135/><E135/><V92/><F124/><W97/><G72/><T16/><D16/><N who="1" m="10503" /><E34/><V50/><F20/><W108/><G108/><T25/><D25/><N who="1" m="16703" /><E131/><V111/><F111/><W77/><G97/><T76/><D76/><N who="1" m="46151" /><E5/><V49/><F15/><W2/><G2/><T14/><D14/><U66/><E66/><V86/><F65/><W121/><G121/><T68/><D104/><U63/><AGARI ba="2,0" hai="51,55,56,60,63" m="46151,16703,10503" machi="63" ten="30,4000,0" yaku="8,1,52,1,54,1" doraHai="53" who="1" fromWho="1" sc="391,-22,203,46,203,-12,203,-12" /><INIT seed="1,0,0,4,4,59" ten="369,249,191,191" oya="1" hai0="92,3,57,129,135,28,23,12,132,67,107,75,98" hai1="95,85,124,70,74,61,62,130,26,122,80,36,49" hai2="111,51,31,44,9,123,84,76,128,86,101,97,134" hai3="0,105,34,99,17,10,81,16,104,72,15,32,131"/><U87/><E122/><V63/><F123/><W112/><G112/><T37/><D3/><U102/><E36/><V82/><F111/><W40/><G0/><T42/><D75/><U90/><E70/><V100/><F134/><N who="0" m="51242" /><D107/><U29/><E124/><V121/><F121/><W114/><G114/><T2/><D2/><U54/><E74/><V1/><F128/><W71/><G131/><T60/><D129/><U109/><E109/><V73/><F31/><W69/><G105/><T116/><D116/><U19/><E19/><V46/><F46/><W94/><G104/><T11/><D42/><U45/><E130/><V106/><F100/><W127/><G127/><T91/><D37/><U14/><E14/><V125/><F125/><W120/><G40/><T65/><D23/><N who="1" m="15583" /><E102/><V39/><F39/><W18/><G120/><T117/><D117/><U7/><E7/><V77/><F77/><AGARI ba="0,0" hai="45,49,54,61,62,77,80,85,87,90,95" m="15583" machi="77" ten="30,5800,0" yaku="8,1,52,2" doraHai="59" who="1" fromWho="2" sc="369,0,249,58,191,-58,191,0" /><INIT seed="1,1,0,5,1,134" ten="369,307,133,191" oya="1" hai0="75,106,44,105,25,96,54,125,16,39,117,124,22" hai1="70,81,85,128,113,76,89,108,11,34,59,132,47" hai2="91,9,32,55,79,0,43,104,72,92,86,23,63" hai3="17,12,130,18,64,35,36,110,62,109,65,84,6"/><U41/><E113/><V69/><F32/><W42/><G130/><T7/><D117/><U1/><E70/><V98/><F43/><W123/><G123/><T60/><D75/><U93/><E34/><V90/><F23/><W10/><G35/><T101/><D7/><N who="1" m="1519" /><E132/><V114/><F114/><W45/><G84/><T129/><D129/><U26/><E26/><V121/><F121/><W103/><G103/><T5/><D5/><U95/><E59/><V102/><F91/><W29/><G29/><T133/><D133/><U73/><E128/><V24/><F24/><W119/><G119/><T46/><D106/><U112/><E112/><V3/><F9/><W37/><G37/><T71/><D39/><N who="1" m="21951" /><E108/><N who="3" m="41578" /><G65/><N who="0" m="41383" /><D54/><U127/><E95/><V120/><F120/><W31/><G31/><T67/><D67/><U80/><E93/><V56/><REACH who="2" step="1"/><F69/><AGARI ba="1,0" hai="6,10,12,17,18,36,42,45,62,64,69" m="41578" machi="69" ten="30,1000,0" yaku="14,1" doraHai="134" who="3" fromWho="2" sc="369,0,307,0,133,-13,191,13" /><INIT seed="2,0,0,2,5,57" ten="369,307,120,204" oya="2" hai0="88,74,99,69,129,116,49,6,70,76,48,131,81" hai1="113,82,42,18,85,16,115,10,47,14,0,114,106" hai2="75,110,35,79,28,63,43,101,107,9,91,40,19" hai3="117,52,105,5,36,119,93,80,12,133,126,134,4"/><V61/><F75/><W103/><G105/><T118/><D6/><N who="3" m="2665" /><G36/><T1/><D1/><U78/><E106/><V104/><F35/><W72/><G126/><T62/><D88/><U58/><E58/><V2/><F28/><W44/><G12/><T24/><D99/><U90/><E0/><V59/><F79/><N who="3" m="44135" /><G93/><T15/><D15/><U127/><E127/><V84/><F110/><W66/><G66/><N who="0" m="41175" /><D24/><U22/><E78/><V27/><F2/><W32/><G103/><T51/><D70/><U23/><REACH who="1" step="1"/><E18/><REACH who="1" ten="369,297,120,204" step="2"/><V37/><F107/><W135/><G32/><T125/><D125/><U132/><E132/><V56/><F104/><W109/><G109/><T46/><D46/><U92/><E92/><N who="2" m="54375" /><F101/><W7/><G7/><T96/><D96/><U26/><E26/><V41/><F37/><AGARI ba="0,1" hai="10,14,16,22,23,37,42,47,82,85,90,113,114,115" machi="37" ten="40,2600,0" yaku="1,1,54,1,53,0" doraHai="57" doraHaiUra="95" who="1" fromWho="2" sc="369,0,297,36,120,-26,204,0" /><INIT seed="3,0,0,2,0,12" ten="369,333,94,204" oya="3" hai0="99,112,68,28,46,118,126,32,70,67,24,11,45" hai1="130,100,82,44,124,0,135,105,75,86,16,53,108" hai2="56,129,69,5,128,9,87,2,117,42,120,54,61" hai3="103,39,1,96,48,59,52,113,76,80,22,30,58"/><W29/><G113/><T18/><D118/><U14/><E0/><V83/><F120/><W47/><G1/><T85/><D85/><U81/><E108/><V133/><F117/><W134/><G134/><T132/><D99/><N who="1" m="61599" /><E135/><V94/><F133/><W90/><G90/><T37/><D67/><U4/><E4/><V21/><F69/><W50/><G39/><T17/><D70/><U66/><E66/><V23/><F42/><W110/><G110/><T119/><D68/><U34/><E34/><V131/><REACH who="2" step="1"/><F94/><REACH who="2" ten="369,333,84,204" step="2"/><W19/><G59/><T84/><D119/><U33/><E124/><V125/><F125/><W63/><G58/><T65/><D126/><U123/><E123/><V107/><F107/><W79/><G47/><T27/><D46/><U57/><E44/><V8/><F8/><W25/><G48/><T64/><D11/><U97/><E57/><V31/><F31/><W89/><G50/><T7/><D28/><U3/><E3/><V40/><F40/><W92/><G29/><T101/><D45/><U62/><E53/><V10/><F10/><W71/><G71/><T127/><D127/><U111/><E111/><V115/><F115/><W55/><G30/><T43/><D112/><U49/><E49/><V121/><F121/><W93/><G55/><T91/><D43/><U98/><E62/><V114/><F114/><W13/><G52/><T74/><D132/><U122/><E122/><V78/><AGARI ba="0,1" hai="2,5,9,21,23,54,56,61,78,83,87,128,129,131" machi="78" ten="30,4000,0" yaku="1,1,0,1,19,1,53,0" doraHai="12" doraHaiUra="88" who="2" fromWho="2" sc="369,-10,333,-10,84,50,204,-20" owari="359,45.9,323,12.3,134,-36.6,184,-21.6" /></mjloggm>