<mjloggm ver="2.3"><GO type="225" lobby="0"/><UN n0="%6C%61%6D%62" n1="%E6%97%A5%E6%9B%9C%E6%97%A5%E3%82%88%E3%82%8A%E3%81%AE%E4%BD%BF%E8%80%85" n2="%E7%B4%94%E6%BD%94%E3%83%94%E3%83%A9%E3%83%8B%E3%82%A2" n3="%E6%98%93%E5%88%A9%E8%96%A9%E4%BC%AF" dan="16,16,17,16" rate="2201.82,2155.42,2154.12,2118.73" sx="M,M,M,F"/><TAIKYOKU oya="0"/><INIT seed="0,0,0,4,4,118" ten="250,250,250,250" oya="0" hai0="60,48,37,112,87,13,66,4,15,12,86,82,43" hai1="42,127,27,63,18,65,55,88,132,98,90,3,54" hai2="8,78,93,110,79,45,129,52,28,100,29,5,73" hai3="57,31,77,91,7,21,108,46,128,36,105,32,64"/><T125/><D112/><U0/><E42/><V53/><F110/><W39/><G105/><T84/><D37/><U83/><E127/><V26/><F129/><W133/><G32/><T69/><D125/><U11/><E132/><V1/><F28/><W115/><G115/><T122/><D122/><U10/><E83/><V50/><F73/><W17/><G31/><T22/><D4/><U121/><E98/><V41/><F93/><W102/><G102/><T96/><D96/><U94/><E63/><V47/><F100/><W134/><G77/><T34/><D34/><U85/><E65/><V67/><F67/><W135/><G7/><T80/><REACH who="0" step="1"/><D22/><REACH who="0" ten="240,250,250,250" step="2"/><U111/><E111/><V97/><F97/><W114/><G108/><T23/><D23/><U24/><E121/><V119/><F119/><W70/><G39/><T56/><D56/><U92/><E85/><V44/><F47/><AGARI ba="0,1" hai="12,13,15,43,47,48,60,66,69,80,82,84,86,87" machi="47" ten="40,2000,0" yaku="1,1,53,0" doraHai="118" doraHaiUra="113" who="0" fromWho="2" sc="240,30,250,0,250,-20,250,0" /><INIT seed="0,1,0,1,3,72" ten="270,250,230,250" oya="0" hai0="73,53,52,54,95,122,19,135,48,105,101,88,31" hai1="8,97,45,121,60,106,82,25,57,133,96,102,21" hai2="134,123,20,13,78,91,125,26,120,93,103,34,59" hai3="38,32,37,58,40,84,35,81,61,110,42,92,41"/><T124/><D122/><U47/><E121/><V49/><F125/><W98/><G110/><T24/><D73/><U107/><E133/><V50/><F134/><W119/><G119/><T130/><D135/><U29/><E8/><V126/><F103/><W77/><G38/><T56/><D124/><U11/><E11/><V0/><F0/><W71/><G71/><T85/><D130/><U131/><E131/><V109/><F109/><W66/><REACH who="3" step="1"/><G37/><REACH who="3" ten="270,250,230,240" step="2"/><T128/><D128/><U108/><E108/><V117/><F126/><W86/><G86/><T63/><D19/><U5/><E5/><V46/><F117/><W65/><G65/><T70/><D70/><U80/><E97/><V75/><F75/><W99/><G99/><N who="0" m="59647" /><D105/><U23/><E107/><V12/><F120/><W69/><G69/><T113/><D113/><U74/><E74/><V79/><F123/><W94/><G94/><N who="0" m="54543" /><D48/><U1/><E106/><V33/><F93/><W67/><G67/><T112/><D112/><U90/><E96/><V100/><F49/><W44/><G44/><T114/><D114/><U14/><E47/><V39/><F46/><W83/><G83/><T129/><D129/><U27/><E45/><V3/><F50/><W111/><G111/><T127/><D127/><U9/><E80/><V64/><F64/><W68/><G68/><T43/><D43/><U22/><E82/><V115/><F39/><W18/><G18/><T104/><D104/><U36/><E36/><V89/><F115/><W132/><G132/><T6/><D6/><U7/><E7/><V30/><F59/><W15/><G15/><RYUUKYOKU ba="1,1" sc="270,15,250,-15,230,-15,240,15" hai0="24,31,52,53,54,56,63" hai3="32,35,40,41,42,58,61,66,77,81,84,92,98" /><INIT seed="0,2,1,1,4,93" ten="285,235,215,255" oya="0" hai0="43,17,100,64,33,16,37,63,58,95,56,69,132" hai1="104,21,10,49,48,116,110,99,36,86,44,38,89" hai2="70,27,101,97,30,45,22,134,26,60,11,53,124" hai3="119,0,125,127,6,82,3,111,102,35,129,78,13"/><T118/><D118/><U28/><E116/><V120/><F120/><W114/><G119/><T72/><D33/><U59/><E110/><V1/><F124/><N who="3" m="47691" /><G35/><T67/><D72/><U73/><E73/><V90/><F134/><W76/><G114/><T81/><D132/><U29/><E10/><V57/><F70/><W98/><G78/><T24/><D81/><U40/><E38/><V103/><F1/><W47/><G47/><T61/><D69/><U108/><E108/><V105/><F11/><N who="3" m="4343" /><G129/><T18/><D37/><U5/><E36/><V2/><F2/><W91/><G91/><T41/><D24/><U130/><E130/><V107/><F90/><W55/><G55/><T96/><AGARI ba="2,1" hai="16,17,18,41,43,56,58,61,63,64,67,95,96,100" machi="96" ten="30,12000,1" yaku="0,1,9,1,8,1,52,1,54,1" doraHai="93" who="0" fromWho="0" sc="285,136,235,-42,215,-42,255,-42" /><INIT seed="0,3,0,2,2,114" ten="421,193,173,213" oya="0" hai0="74,31,12,120,93,51,9,115,71,124,6,29,98" hai1="48,84,79,77,127,92,11,41,38,63,30,3,65" hai2="97,16,130,10,2,66,112,52,23,46,15,19,82" hai3="60,25,61,33,55,4,88,81,95,67,129,35,105"/><T44/><D115/><U24/><E38/><V116/><F112/><W78/><G105/><T70/><D120/><U68/><E127/><V21/><F130/><W89/><G4/><T58/><D74/><U14/><E3/><V107/><F66/><W0/><G0/><T99/><D124/><U101/><E41/><V134/><F134/><W22/><G55/><T117/><D117/><U108/><E48/><V100/><F116/><W56/><G61/><T121/><D121/><U106/><E108/><V26/><F82/><W28/><G129/><T76/><D76/><U104/><E92/><V128/><F128/><W111/><G111/><T20/><D58/><U119/><E119/><V85/><F85/><W59/><G89/><T73/><D73/><U1/><E1/><V13/><F2/><W49/><G49/><T34/><D34/><N who="1" m="20807" /><E84/><V72/><F72/><W96/><REACH who="3" step="1"/><G59/><REACH who="3" ten="421,193,173,203" step="2"/><T131/><D131/><U135/><E106/><V69/><F69/><W83/><G83/><T53/><D70/><U125/><E125/><V37/><F52/><W87/><AGARI ba="3,1" hai="22,25,28,33,35,56,60,67,78,81,87,88,95,96" machi="87" ten="20,5200,0" yaku="1,1,0,1,7,1,54,1,53,0" doraHai="114" doraHaiUra="109" who="3" fromWho="3" sc="421,-29,193,-16,173,-16,203,71" /><INIT seed="1,0,0,3,2,71" ten="392,177,157,274" oya="1" hai0="121,57,3,116,51,111,26,43,35,41,75,63,76" hai1="33,58,27,55,52,96,6,14,127,84,134,83,115" hai2="130,80,106,102,39,87,4,66,94,60,72,128,109" hai3="104,77,98,50,25,89,110,74,112,125,12,36,32"/><U95/><E115/><V17/><F109/><W78/><G112/><T37/><D3/><U0/><E0/><V56/><F4/><W10/><G110/><T49/><D76/><N who="1" m="46183" /><E33/><V19/><F106/><W67/><G36/><T93/><D75/><U79/><E79/><V2/><F2/><W16/><G67/><T119/><D37/><U7/><E127/><V86/><F72/><W34/><G125/><T101/><D111/><U22/><E134/><V59/><F39/><W53/><G32/><T135/><D135/><U113/><E113/><V82/><F94/><W117/><G117/><T24/><D35/><U40/><E40/><V31/><F102/><W118/><G118/><T126/><D126/><U42/><E42/><V30/><F60/><W108/><G108/><T131/><D43/><U64/><E64/><AGARI ba="0,0" hai="17,19,30,31,56,59,64,66,80,82,86,87,128,130" machi="64" ten="25,1600,0" yaku="22,2" doraHai="71" who="2" fromWho="1" sc="392,0,177,-16,157,16,274,0" /><INIT seed="2,0,0,2,1,70" ten="392,161,173,274" oya="2" hai0="76,133,115,118,58,30,124,12,20,125,73,111,3" hai1="29,36,88,120,82,10,86,119,55,26,104,90,114" hai2="95,135,134,61,39,46,89,11,126,8,45,33,97" hai3="16,99,109,71,92,54,18,31,1,69,56,4,47"/><V44/><F33/><W49/><G31/><T94/><D3/><U2/><E114/><V96/><F126/><W80/><G109/><T17/><D115/><U77/><E119/><V122/><F122/><W48/><G71/><T62/><D111/><U116/><E116/><V65/><F96/><W67/><G69/><T22/><D118/><U13/><E104/><V81/><F81/><W129/><G80/><T113/><D113/><U127/><E2/><V103/><F103/><W91/><G129/><T64/><D73/><U74/><E127/><N who="0" m="48713" /><D76/><U0/><E0/><V130/><F130/><W19/><G67/><T123/><D133/><N who="2" m="50698" /><F39/><W51/><G56/><AGARI ba="0,0" hai="8,11,44,45,46,56,61,65,89,95,97" m="50698" machi="56" ten="30,1500,0" yaku="20,1" doraHai="70" who="2" fromWho="3" sc="392,0,161,0,173,15,274,-15" /><INIT seed="2,1,0,0,2,14" ten="392,161,188,259" oya="2" hai0="112,110,85,21,10,0,129,49,76,89,58,26,116" hai1="6,100,22,83,122,118,73,47,103,43,128,79,51" hai2="61,72,97,19,9,121,132,8,36,125,94,32,37" hai3="34,33,57,55,71,13,133,75,16,86,31,101,108"/><V98/><F121/><W99/><G75/><T65/><D112/><U25/><E118/><V15/><F72/><W38/><G38/><T95/><D116/><U50/><E122/><V60/><F32/><W119/><G71/><T102/><D110/><U45/><E6/><V84/><F125/><W82/><G108/><T70/><D70/><U90/><E90/><N who="2" m="53575" /><F37/><W105/><G31/><T52/><D129/><U131/><E131/><V104/><F36/><W127/><G133/><T56/><D102/><U123/><E123/><V114/><F104/><W39/><G39/><T67/><D76/><U24/><E24/><V44/><F114/><W81/><G81/><T135/><D135/><U87/><E73/><V12/><F44/><W93/><G105/><T2/><D2/><U54/><REACH who="1" step="1"/><E128/><REACH who="1" ten="392,151,188,259" step="2"/><V62/><F132/><W23/><G119/><T77/><D77/><U28/><AGARI ba="1,1" hai="22,25,28,43,45,47,50,51,54,79,83,87,100,103" machi="28" ten="20,12000,2" yaku="1,1,2,1,0,1,7,1,8,1,53,2" doraHai="14" doraHaiUra="96" who="1" fromWho="1" sc="392,-31,151,133,188,-61,259,-31" /><INIT seed="3,0,0,5,3,39" ten="361,284,127,228" oya="3" hai0="63,68,19,16,124,23,40,111,82,95,110,48,120" hai1="102,135,51,87,99,71,57,42,28,35,2,90,17" hai2="72,81,50,85,44,118,108,78,25,92,112,47,125" hai3="37,80,18,7,27,24,113,88,93,73,127,65,62"/><W6/><G113/><T59/><D120/><U131/><E2/><V114/><F118/><W86/><G37/><T115/><D124/><U79/><E71/><V12/><F125/><W134/><G134/><T75/><D115/><U126/><E126/><V60/><F108/><N who="0" m="41514" /><D68/><U15/><E35/><V76/><F47/><W96/><G73/><T116/><D116/><U130/><E28/><V36/><F36/><W109/><G109/><T107/><D107/><U83/><E135/><V45/><F45/><W89/><G127/><T4/><D4/><U58/><E79/><V9/><F25/><W64/><G64/><T91/><D48/><U0/><E0/><V32/><F60/><W77/><G89/><T21/><D40/><U49/><E130/><V122/><F32/><W1/><G1/><T13/><D82/><U94/><E131/><V20/><F20/><N who="0" m="7754" /><D13/><U53/><E42/><V123/><F122/><W56/><G18/><T104/><D104/><U8/><E51/><V52/><F123/><W128/><G128/><T106/><D106/><U46/><AGARI ba="0,0" hai="8,15,17,46,49,53,57,58,83,87,90,94,99,102" machi="46" ten="20,8000,1" yaku="0,1,7,1,25,2,8,1" doraHai="39" who="1" fromWho="1" sc="361,-20,284,80,127,-20,228,-40" owari="341,14.1,364,46.4,107,-39.3,188,-21.2" /></mjloggm>