<mjloggm ver="2.3"><GO type="225" lobby="0"/><UN n0="%E3%82%B3%E3%83%90%E3%83%AC%E3%82%A4" n1="%4C%4F%4C%49%54%41" n2="%28%EF%BF%A3%E2%96%BD%EF%BF%A3%29%CE%B4%E2%8C%92%E3%83%BB" n3="%72%69%6F%75%63%68%61%6E" dan="16,16,16,16" rate="2098.00,2172.55,2087.94,2258.75" sx="M,F,M,M"/><TAIKYOKU oya="0"/><INIT seed="0,0,0,0,5,87" ten="250,250,250,250" oya="0" hai0="126,73,46,123,43,112,135,113,72,128,130,2,58" hai1="65,74,95,44,117,4,49,12,85,102,40,32,62" hai2="39,64,111,116,91,134,124,28,10,69,77,106,35" hai3="66,79,56,5,14,17,80,7,82,100,81,132,120"/><T13/><D2/><U104/><E117/><V26/><F116/><W42/><G132/><T103/><D13/><U84/><E74/><V86/><F134/><W25/><G120/><T127/><D58/><U76/><E32/><V97/><F39/><W6/><G100/><T105/><D135/><U115/><E115/><N who="0" m="44105" /><D46/><U98/><E104/><V34/><F111/><W48/><G25/><T33/><D33/><U129/><E129/><N who="0" m="49769" /><D43/><U68/><REACH who="1" step="1"/><E76/><REACH who="1" ten="250,240,250,250" step="2"/><V90/><F35/><W19/><G79/><T114/><D114/><U108/><E108/><V70/><F34/><W15/><G15/><T125/><D123/><U63/><E63/><V89/><F77/><W22/><G14/><T78/><D78/><U1/><E1/><V45/><F106/><W29/><G22/><T122/><D122/><U20/><E20/><V30/><F10/><AGARI ba="0,1" hai="4,10,12,40,44,49,62,65,68,84,85,95,98,102" machi="10" ten="40,2600,0" yaku="1,1,53,1" doraHai="87" doraHaiUra="94" who="1" fromWho="2" sc="250,0,240,36,250,-26,250,0" /><INIT seed="1,0,0,4,3,35" ten="250,276,224,250" oya="1" hai0="111,107,39,125,76,101,94,122,115,27,97,129,4" hai1="54,133,121,87,83,52,126,30,3,93,71,38,110" hai2="65,84,78,64,81,68,37,13,89,53,7,74,109" hai3="1,36,43,92,90,112,108,17,25,28,96,128,113"/><U14/><E3/><V69/><F37/><W80/><G108/><T51/><D39/><U2/><E121/><V47/><F109/><W124/><G124/><T60/><D122/><U82/><E110/><V22/><F69/><W73/><G128/><T119/><D111/><U120/><E120/><V102/><F68/><W56/><G73/><T42/><D125/><U9/><E71/><V57/><F47/><W31/><G1/><T127/><D129/><U49/><E38/><V131/><F102/><W11/><G80/><T85/><D127/><U23/><E133/><V123/><F131/><W50/><G36/><T58/><D119/><U66/><E66/><V70/><F70/><W86/><G86/><T32/><D4/><U0/><E54/><V34/><F34/><W55/><G43/><T135/><D115/><U20/><E93/><V104/><F104/><W95/><G95/><T72/><D32/><U6/><E82/><V19/><F7/><W5/><G17/><T77/><D107/><U106/><E20/><V105/><F105/><W116/><G116/><T67/><D94/><U98/><E98/><V132/><F132/><W18/><G18/><T114/><D97/><U59/><E106/><V15/><F15/><N who="3" m="5615" /><G28/><T118/><D118/><U21/><E21/><V75/><F123/><W79/><G79/><T46/><D135/><U130/><E126/><V61/><F75/><W117/><G117/><T62/><D72/><U29/><E130/><V10/><F10/><W16/><G31/><N who="1" m="11786" /><E23/><V12/><F12/><W48/><G48/><T134/><D134/><U103/><E103/><RYUUKYOKU ba="0,0" sc="250,-30,276,10,224,10,250,10" hai1="0,2,6,9,14,49,52,59,83,87" hai2="13,19,22,53,57,61,64,65,74,78,81,84,89" hai3="16,25,50,55,56,90,92,96,112,113" /><INIT seed="1,1,0,2,2,72" ten="220,286,234,260" oya="1" hai0="114,14,31,83,21,103,79,4,85,87,42,109,101" hai1="18,126,127,47,15,25,23,98,7,118,34,16,134" hai2="13,82,26,115,106,22,2,102,24,64,75,46,104" hai3="9,94,60,99,61,119,113,117,112,17,108,39,91"/><U52/><E118/><N who="3" m="45066" /><G108/><T33/><D114/><N who="3" m="44137" /><G39/><T70/><D70/><U66/><E134/><V68/><F2/><W63/><G9/><T125/><D109/><U130/><E130/><V77/><F115/><W92/><G94/><T129/><D129/><U48/><E66/><V128/><F128/><W54/><G17/><T40/><D125/><N who="1" m="47627" /><E7/><V84/><F106/><W53/><AGARI ba="1,0" hai="53,54,60,61,63,91,92,99" m="44137,45066" machi="53" ten="40,1500,0" yaku="12,1" doraHai="72" who="3" fromWho="3" sc="220,-5,286,-8,234,-5,260,18" /><INIT seed="2,0,0,1,3,72" ten="215,278,229,278" oya="2" hai0="17,48,55,115,90,81,59,135,11,6,128,58,92" hai1="57,53,111,40,125,84,5,95,60,43,123,21,78" hai2="88,89,116,118,96,4,64,76,42,7,120,66,13" hai3="14,44,110,50,31,122,130,25,33,62,108,29,52"/><V109/><F42/><W46/><G130/><T105/><D105/><U22/><E111/><N who="3" m="42538" /><G122/><T9/><D115/><U100/><E125/><V54/><F109/><W0/><G0/><T10/><D128/><U129/><E129/><V18/><F120/><W133/><G133/><T83/><D135/><U106/><E106/><V117/><F54/><W27/><G14/><T70/><D70/><U114/><E114/><V49/><F49/><W39/><G62/><T113/><D113/><U124/><E5/><N who="2" m="2123" /><F13/><W102/><G102/><T32/><D32/><U79/><E124/><V67/><F18/><W97/><G97/><T85/><D6/><U30/><E123/><V132/><F96/><W19/><G19/><T68/><D68/><U35/><E35/><V104/><F104/><W38/><G44/><T47/><D17/><U126/><E126/><V61/><F61/><W12/><G12/><T94/><D94/><U2/><E2/><V16/><F16/><W101/><G101/><T26/><D26/><N who="3" m="9737" /><G33/><T56/><AGARI ba="0,0" hai="9,10,11,47,48,55,56,58,59,81,83,85,90,92" machi="56" ten="30,2000,0" yaku="0,1,8,1" doraHai="72" who="0" fromWho="0" sc="215,20,278,-5,229,-10,278,-5" /><INIT seed="3,0,0,4,3,72" ten="235,273,219,273" oya="3" hai0="134,111,129,46,27,11,39,95,4,85,34,33,17" hai1="5,105,32,118,49,61,88,90,8,84,116,48,114" hai2="101,6,55,112,122,117,47,59,78,93,100,98,64" hai3="80,120,87,125,110,12,18,60,14,58,71,92,35"/><W63/><G120/><T3/><D134/><U104/><E114/><V21/><F122/><W15/><G35/><T109/><D129/><U81/><E32/><V73/><F112/><W57/><G125/><T69/><D69/><U82/><E61/><N who="2" m="37951" /><F73/><W2/><G71/><T45/><D34/><U22/><E22/><V128/><F117/><N who="1" m="45161" /><E90/><N who="2" m="55607" /><F128/><W13/><G110/><N who="0" m="41995" /><D39/><U123/><E82/><V91/><F6/><W115/><G2/><T107/><D107/><N who="1" m="41035" /><E123/><V30/><F91/><W97/><G115/><T86/><D33/><U102/><E102/><N who="2" m="39531" /><F78/><N who="3" m="46487" /><G63/><T99/><D27/><U130/><E130/><V126/><F126/><W133/><G133/><T51/><D17/><U50/><E50/><N who="2" m="29151" /><F21/><N who="3" m="11463" /><G60/><T28/><D28/><AGARI ba="0,0" hai="28,30" m="29151,39531,55607,37951" machi="28" ten="30,1000,0" yaku="8,1" doraHai="72" who="2" fromWho="0" sc="235,-10,273,0,219,10,273,0" /><INIT seed="4,0,0,2,3,109" ten="225,273,229,273" oya="0" hai0="73,55,51,50,52,133,20,43,92,115,76,131,46" hai1="97,118,96,113,82,93,64,18,38,87,107,95,32" hai2="80,106,132,122,68,41,88,28,66,130,53,16,30" hai3="24,63,44,70,110,72,1,127,22,116,21,33,101"/><T26/><D131/><U13/><E118/><V29/><F106/><W15/><G116/><T89/><D133/><U56/><E38/><V67/><F122/><W59/><G110/><T42/><D115/><U79/><E32/><V65/><F132/><W99/><G1/><T85/><D76/><U35/><E35/><V48/><F130/><W129/><G72/><T34/><D73/><U9/><E107/><V91/><F68/><W3/><G3/><T17/><D34/><U31/><E31/><V134/><F41/><W11/><G127/><T84/><D85/><U124/><E124/><V100/><F100/><W57/><G129/><T105/><D105/><U119/><E119/><V114/><F114/><W117/><G117/><T128/><D128/><U36/><E36/><V6/><F6/><W2/><G2/><T71/><D71/><U126/><E126/><V8/><F80/><W27/><G44/><AGARI ba="0,0" hai="17,20,26,42,43,44,46,50,51,52,55,84,89,92" machi="44" ten="30,11600,0" yaku="7,1,9,1,8,1,54,1" doraHai="109" who="0" fromWho="3" sc="225,116,273,0,229,0,273,-116" owari="341,44.1,273,7.3,229,-17.1,157,-34.3" /></mjloggm>