<mjloggm ver="2.3"><GO type="225" lobby="0"/><UN n0="%E9%BB%92%E9%89%84%E7%8F%A0%E9%9B%AB" n1="%72%61%6B%33" n2="%72%69%6F%75%63%68%61%6E" n3="%E6%B2%A1%E7%94%B7" dan="16,16,17,16" rate="2184.30,2186.83,2251.30,2097.84" sx="F,M,M,M"/><TAIKYOKU oya="0"/><INIT seed="0,0,0,0,3,120" ten="250,250,250,250" oya="0" hai0="77,35,63,93,41,103,39,90,3,33,21,116,12" hai1="48,129,22,14,38,2,124,64,115,101,117,113,100" hai2="20,88,110,26,111,29,9,42,60,106,134,107,49" hai3="45,112,98,34,66,36,87,59,102,95,74,79,53"/><T44/><D116/><U11/><E117/><V13/><F134/><W10/><G112/><T75/><D3/><U133/><E38/><V73/><F73/><W80/><G34/><T119/><D119/><U135/><E64/><V65/><F88/><W52/><G10/><T125/><D103/><U47/><E22/><V69/><F42/><W127/><G127/><T71/><D125/><U83/><E2/><V72/><F72/><W68/><G68/><T4/><D77/><U8/><E124/><V61/><F49/><N who="3" m="28719" /><G36/><T50/><D75/><U67/><E67/><V25/><F60/><N who="3" m="38175" /><G74/><T70/><D63/><U99/><E83/><V55/><F25/><W23/><G23/><T131/><D39/><U17/><E8/><V104/><REACH who="2" step="1"/><F55/><AGARI ba="0,0" hai="53,55,79,80,87,95,98,102" m="38175,28719" machi="55" ten="30,2000,0" yaku="8,1,54,1" doraHai="120" who="3" fromWho="2" sc="250,0,250,0,250,-20,250,20" /><INIT seed="1,0,0,3,5,3" ten="250,250,230,270" oya="1" hai0="119,48,109,112,40,105,114,66,122,47,83,71,81" hai1="25,59,107,101,124,64,131,125,89,31,92,8,2" hai2="11,38,58,32,54,12,94,86,9,74,110,128,78" hai3="104,106,34,108,49,129,10,44,7,20,26,127,27"/><U130/><E64/><V77/><F110/><W88/><G34/><T28/><D119/><U90/><E59/><V43/><F128/><N who="1" m="49193" /><E25/><V135/><F135/><W97/><G129/><T69/><D105/><U45/><E45/><V76/><F32/><W46/><G127/><N who="1" m="48714" /><E31/><V120/><F74/><W14/><G108/><T35/><D109/><U87/><E8/><V24/><F120/><W65/><G65/><T70/><D66/><U73/><E2/><V96/><F24/><W85/><G97/><T113/><D122/><U13/><E13/><V134/><F134/><W37/><G37/><T42/><D42/><U93/><E73/><V117/><F117/><W18/><G27/><T53/><D28/><U36/><E36/><V16/><F38/><W23/><G23/><T55/><D35/><U123/><E123/><V91/><F43/><W98/><G46/><T1/><D1/><U95/><E89/><V84/><REACH who="2" step="1"/><F9/><REACH who="2" ten="250,250,220,270" step="2"/><W15/><G26/><T68/><N who="0" m="17408" /><DORA hai="100" /><T17/><D40/><U0/><E0/><V80/><F80/><W33/><G33/><T5/><D81/><N who="1" m="49519" /><E107/><V116/><F116/><W4/><G106/><T6/><D114/><U67/><E67/><V103/><F103/><AGARI ba="0,1" hai="92,93,95,101,103" m="49519,48714,49193" machi="103" ten="40,12000,1" yaku="19,1,18,1,34,2" doraHai="3,100" who="1" fromWho="2" sc="250,0,250,130,220,-120,270,0" /><INIT seed="1,1,0,1,4,32" ten="250,380,100,270" oya="1" hai0="73,68,93,51,46,118,66,90,37,96,45,41,25" hai1="6,3,36,27,11,110,29,1,33,7,19,54,102" hai2="70,98,112,117,87,24,130,79,8,22,72,129,0" hai3="89,57,132,83,92,58,55,12,88,91,127,81,62"/><U120/><E36/><V126/><F117/><W103/><G127/><T20/><D73/><U42/><E42/><V109/><F126/><W115/><G132/><T43/><D118/><U123/><E102/><V113/><F72/><W134/><G134/><T39/><D66/><U48/><E110/><V116/><F70/><W17/><G115/><N who="2" m="44105" /><F116/><W95/><G58/><T23/><D68/><U74/><E74/><V122/><F98/><BYE who="1" /><N who="3" m="59847" /><G95/><T28/><REACH who="0" step="1"/><D51/><REACH who="0" ten="240,380,100,270" step="2"/><U4/><E4/><N who="2" m="1031" /><F122/><W76/><G76/><T53/><D53/><U85/><E85/><V94/><F109/><W61/><G61/><T52/><D52/><U2/><E2/><V77/><F129/><UN n1="%72%61%6B%33" /><W111/><G111/><T105/><D105/><U80/><E80/><V14/><F130/><W60/><G60/><T71/><D71/><U10/><E19/><N who="2" m="12383" /><F14/><W40/><G40/><T35/><AGARI ba="1,1" hai="20,23,25,28,35,37,39,41,43,45,46,90,93,96" machi="35" ten="20,5200,0" yaku="1,1,0,1,7,1,9,1,53,0" doraHai="32" doraHaiUra="82" who="0" fromWho="0" sc="240,65,380,-27,100,-14,270,-14" /><INIT seed="2,0,0,1,4,119" ten="305,353,86,256" oya="2" hai0="90,17,59,44,93,12,69,15,101,28,2,65,34" hai1="114,130,10,115,71,6,108,125,23,109,87,33,42" hai2="118,128,116,78,56,89,37,88,112,72,100,14,9" hai3="113,48,0,20,38,133,40,120,51,3,135,61,97"/><V13/><F112/><W31/><G113/><T121/><D101/><U50/><E71/><V73/><F37/><W53/><G38/><T45/><D69/><U80/><E33/><V55/><F128/><W63/><G40/><T58/><D2/><N who="3" m="553" /><G97/><T110/><D110/><N who="1" m="42603" /><E23/><V26/><F100/><W24/><G120/><T35/><D28/><U111/><E125/><V54/><F26/><W104/><G104/><T74/><D74/><N who="2" m="28778" /><F9/><W84/><G84/><T5/><D5/><U49/><E130/><V94/><F94/><W117/><G117/><N who="2" m="45161" /><F56/><N who="3" m="34959" /><G63/><T122/><D93/><U62/><E62/><V46/><F46/><W92/><G92/><T21/><D21/><U11/><E111/><V106/><F78/><W102/><G102/><T79/><D79/><N who="1" m="46495" /><E10/><V7/><F106/><W131/><G131/><T22/><D22/><U105/><E105/><V43/><F43/><W19/><G31/><T57/><D57/><U41/><E41/><V124/><F124/><W1/><G1/><T126/><D126/><U66/><E50/><V30/><F30/><W134/><AGARI ba="0,0" hai="19,20,24,48,51,133,134,135" m="34959,553" machi="134" ten="40,1500,0" yaku="20,1" doraHai="119" who="3" fromWho="3" sc="305,-4,353,-4,86,-7,256,15" /><INIT seed="3,0,0,3,2,15" ten="301,349,79,271" oya="3" hai0="59,88,120,35,34,108,83,102,27,11,2,30,1" hai1="0,16,45,125,114,23,61,9,89,131,14,107,99" hai2="95,72,116,101,85,62,113,56,96,44,103,57,43" hai3="18,31,71,124,127,32,53,123,25,73,75,93,82"/><W79/><G123/><T55/><D120/><U19/><E114/><V3/><F113/><W97/><G71/><T49/><D108/><U132/><E125/><N who="3" m="48202" /><G53/><T74/><D102/><U67/><E132/><V38/><F116/><W119/><G119/><T58/><D35/><U121/><E121/><V69/><F72/><N who="3" m="43367" /><G18/><T51/><D11/><U110/><E110/><V4/><F101/><AGARI ba="0,0" hai="25,31,32,73,75,93,97,101" m="43367,48202" machi="101" ten="30,1500,0" yaku="18,1" doraHai="15" who="3" fromWho="2" sc="301,0,349,0,79,-15,271,15" /><INIT seed="3,1,0,3,5,78" ten="301,349,64,286" oya="3" hai0="121,65,64,30,9,115,90,43,23,109,39,15,73" hai1="10,124,56,87,101,72,3,127,83,79,53,91,116" hai2="82,26,119,59,55,77,125,34,7,94,69,85,114" hai3="36,20,71,93,84,4,28,2,118,44,126,110,63"/><W105/><G118/><T74/><D121/><U52/><E116/><V95/><F114/><W58/><G105/><T123/><D123/><U134/><E134/><V75/><F125/><N who="1" m="48201" /><E101/><V17/><F119/><W108/><G126/><T48/><D39/><U62/><E53/><V81/><F69/><W66/><G4/><T41/><D109/><N who="3" m="42089" /><G2/><T8/><D74/><U113/><E113/><V122/><F122/><W100/><G71/><T29/><D73/><U60/><E60/><V31/><F7/><W67/><G20/><T133/><D133/><U86/><E91/><V13/><F13/><W50/><G28/><T112/><D23/><U38/><E38/><V97/><F97/><N who="3" m="59439" /><G84/><T131/><D131/><U1/><E1/><V19/><F95/><W0/><G0/><T120/><D120/><U42/><E42/><V49/><REACH who="2" step="1"/><F94/><REACH who="2" ten="301,349,54,286" step="2"/><W61/><G36/><T70/><D70/><U102/><E102/><V27/><F27/><W24/><G24/><T47/><D115/><U80/><E3/><V76/><AGARI ba="1,1" hai="17,19,26,31,34,49,55,59,75,76,77,81,82,85" machi="76" ten="20,8000,1" yaku="1,1,0,1,7,1,52,2,53,0" doraHai="78" doraHaiUra="96" who="2" fromWho="2" sc="301,-21,349,-21,54,93,286,-41" owari="280,8.0,328,42.8,147,-35.3,245,-15.5" /></mjloggm>