<mjloggm ver="2.3"><GO type="225" lobby="0"/><UN n0="%73%61%6E%64%69%72%69%73" n1="%E6%97%A5%E6%9B%9C%E6%97%A5%E3%82%88%E3%82%8A%E3%81%AE%E4%BD%BF%E8%80%85" n2="%E9%80%9F%E6%B0%B4%E5%87%9B%E9%A6%99" n3="%E4%B8%AD%E5%B9%B4%E3%81%AE%E5%8D%B1%E6%A9%9F" dan="16,17,16,16" rate="2142.99,2197.68,2058.46,2126.91" sx="M,M,F,M"/><TAIKYOKU oya="0"/><INIT seed="0,0,0,4,2,69" ten="250,250,250,250" oya="0" hai0="89,134,124,2,103,83,99,22,115,107,44,120,14" hai1="65,48,131,7,135,119,97,96,40,29,67,102,98" hai2="35,109,127,51,125,4,74,70,53,46,81,39,130" hai3="17,12,88,36,110,57,21,32,42,132,30,117,1"/><T61/><D2/><U114/><E119/><V92/><F35/><W54/><G117/><T80/><D115/><U122/><E122/><V34/><F34/><W116/><G116/><T64/><D120/><U72/><E72/><V10/><F92/><W37/><G42/><T62/><D134/><U60/><E135/><V101/><F101/><W91/><G132/><T15/><D124/><N who="2" m="47690" /><F70/><W43/><G43/><T33/><D33/><U38/><E114/><V121/><F121/><W8/><G110/><T49/><D62/><U108/><E108/><V3/><F109/><W123/><G123/><T9/><D22/><U129/><E102/><V71/><F71/><W52/><G91/><T126/><D89/><U93/><E93/><V100/><F100/><W28/><G28/><T82/><D9/><U94/><E94/><V95/><F95/><W118/><G88/><T59/><REACH who="0" step="1"/><D126/><REACH who="0" ten="240,250,250,250" step="2"/><U26/><E131/><V56/><F130/><W50/><G118/><T104/><D104/><U106/><E106/><V105/><F105/><W19/><G32/><T84/><D84/><U5/><E129/><V31/><F74/><W87/><G87/><T47/><D47/><U78/><E98/><V111/><F111/><W6/><G30/><T85/><D85/><U55/><E97/><V45/><F31/><W63/><G19/><T24/><D24/><U41/><E96/><V23/><F23/><W20/><G20/><T73/><D73/><U11/><E26/><V90/><F90/><W13/><G1/><T113/><D113/><U27/><E27/><V112/><F112/><W25/><G25/><RYUUKYOKU ba="0,1" sc="240,15,250,-15,250,-15,250,15" hai0="14,15,44,49,59,61,64,80,82,83,99,103,107" hai3="6,8,12,13,17,21,36,37,50,52,54,57,63" /><INIT seed="0,1,1,0,5,67" ten="255,235,235,265" oya="0" hai0="109,88,33,31,74,93,61,41,50,51,35,115,123" hai1="110,97,13,105,76,21,15,47,11,94,44,34,96" hai2="129,112,101,87,84,45,128,36,90,10,78,134,106" hai3="100,48,18,28,98,53,122,75,46,86,71,83,14"/><T37/><D115/><U89/><E34/><V73/><F45/><W135/><G75/><T102/><D123/><U22/><E110/><V103/><F10/><W55/><G122/><T82/><D102/><N who="2" m="38922" /><F36/><W111/><G111/><T72/><D109/><U118/><E118/><V68/><F68/><W54/><G28/><T1/><D1/><U70/><E70/><V7/><F7/><W49/><G71/><T91/><D41/><U132/><E132/><V81/><F112/><W107/><G49/><T6/><D61/><U43/><E105/><V77/><F106/><W121/><G135/><T52/><D6/><N who="1" m="3319" /><E76/><V27/><F27/><W5/><G5/><T120/><D37/><U69/><E69/><V119/><F134/><W125/><G121/><T62/><D120/><U38/><E38/><V3/><F3/><W12/><G125/><T116/><D116/><U60/><E60/><V66/><F66/><W80/><G14/><T24/><D35/><U30/><E43/><V25/><F25/><W63/><G63/><T126/><D126/><U59/><E59/><V114/><F114/><W29/><G29/><T108/><D108/><U131/><E15/><V42/><F42/><W64/><G64/><T16/><D62/><U130/><E30/><V56/><F56/><W20/><REACH who="3" step="1"/><G80/><REACH who="3" ten="255,235,235,255" step="2"/><T19/><D82/><U85/><E44/><V2/><F119/><W104/><G104/><T0/><D72/><U58/><E47/><V127/><F127/><W39/><G39/><T95/><D74/><U17/><E58/><V133/><F133/><W79/><AGARI ba="1,2" hai="12,18,20,46,48,53,54,55,79,83,86,98,100,107" machi="79" ten="20,2700,0" yaku="1,1,0,1,7,1,53,0" doraHai="67" doraHaiUra="23" who="3" fromWho="3" sc="255,-14,235,-8,235,-8,255,50" /><INIT seed="1,0,0,2,4,121" ten="241,227,227,305" oya="1" hai0="15,91,113,81,51,2,43,116,62,59,68,126,90" hai1="109,82,1,8,25,110,80,27,135,107,70,20,52" hai2="108,60,119,66,78,67,69,40,32,29,42,92,21" hai3="89,35,133,75,18,58,101,6,93,9,77,30,105"/><U96/><E70/><V123/><F119/><W57/><G133/><T115/><D2/><U83/><E135/><V34/><F123/><W94/><G18/><T46/><D116/><U11/><E52/><V97/><F108/><N who="1" m="41577" /><E1/><V12/><F67/><W86/><G58/><T10/><D68/><U106/><E27/><V125/><F78/><W3/><G57/><T39/><D126/><U49/><E49/><V88/><F125/><W55/><G55/><T64/><D39/><U65/><E65/><V71/><F71/><W103/><G77/><T7/><REACH who="0" step="1"/><D81/><REACH who="0" ten="231,227,227,305" step="2"/><U122/><E122/><V120/><F120/><W128/><G3/><T111/><D111/><U14/><E96/><V54/><F69/><W63/><G63/><T100/><D100/><U48/><E48/><V127/><F127/><W95/><G103/><T72/><D72/><U114/><E114/><AGARI ba="0,1" hai="7,10,15,43,46,51,59,62,64,90,91,113,114,115" machi="114" ten="40,1300,0" yaku="1,1,53,0" doraHai="121" doraHaiUra="16" who="0" fromWho="1" sc="231,23,227,-13,227,0,305,0" /><INIT seed="2,0,0,0,4,51" ten="254,214,227,305" oya="2" hai0="90,93,113,34,87,60,123,58,88,75,40,100,130" hai1="7,117,30,18,56,70,69,42,71,68,25,73,22" hai2="46,79,50,39,43,114,94,78,85,33,27,6,48" hai3="5,28,115,15,20,80,86,105,12,132,66,47,77"/><V2/><F114/><W92/><G105/><T53/><D123/><U37/><N who="1" m="17408" /><DORA hai="11" /><U91/><E117/><V103/><F6/><W17/><G115/><T44/><D113/><U112/><E112/><V67/><F2/><W29/><G132/><T104/><D130/><U38/><E73/><V106/><F67/><W135/><G66/><T64/><D34/><U119/><E119/><V76/><F106/><W122/><G122/><T107/><D75/><U111/><E111/><V89/><REACH who="2" step="1"/><F103/><REACH who="2" ten="254,214,217,305" step="2"/><W99/><G135/><T125/><D100/><U98/><E7/><V36/><F36/><W26/><G5/><T84/><D64/><U102/><E102/><V96/><F96/><W95/><G99/><T128/><D128/><U83/><E98/><V65/><F65/><W81/><G81/><T61/><D107/><U134/><E134/><V124/><F124/><W133/><G133/><T3/><D3/><U13/><E42/><V74/><F74/><W131/><G131/><T116/><D125/><U19/><E56/><V32/><F32/><W118/><G118/><T41/><D104/><U62/><E38/><V57/><F57/><W126/><G126/><T101/><D101/><U72/><E37/><V4/><F4/><W54/><G95/><N who="0" m="54663" /><D116/><U120/><E120/><V0/><F0/><W121/><G92/><T59/><D44/><U23/><E72/><V127/><F127/><W1/><G1/><T31/><D40/><U10/><E83/><V63/><F63/><W24/><G121/><T109/><D41/><U82/><E62/><V49/><F49/><W52/><G47/><RYUUKYOKU ba="0,1" sc="254,-10,214,-10,217,30,305,-10" hai2="27,33,39,43,46,48,50,76,78,79,85,89,94" /><INIT seed="2,1,1,1,5,79" ten="244,204,247,295" oya="2" hai0="87,18,21,33,95,96,77,42,73,31,110,75,4" hai1="101,105,55,133,10,36,9,52,92,35,122,125,108" hai2="47,70,84,135,22,56,23,58,11,3,124,17,29" hai3="57,99,27,53,69,60,51,64,94,127,16,100,121"/><V93/><F70/><W88/><G121/><T12/><D110/><U86/><E105/><V43/><F135/><W106/><G127/><T7/><D42/><U41/><E35/><V115/><F124/><W120/><G120/><T102/><D33/><U107/><E107/><V67/><F115/><W63/><G51/><T62/><D31/><U2/><E125/><V46/><F3/><W24/><G16/><T61/><D75/><U123/><E2/><V128/><F128/><W109/><G109/><T54/><D73/><U45/><E108/><V81/><F93/><W38/><G38/><T34/><D34/><U91/><E133/><V126/><F11/><W14/><G14/><T103/><D103/><U132/><E132/><V28/><F67/><W104/><G104/><T48/><D87/><AGARI ba="1,1" hai="24,27,53,57,60,63,64,69,87,88,94,99,100,106" machi="87" ten="30,2000,0" yaku="7,1,54,1" doraHai="79" who="3" fromWho="0" sc="244,-23,204,0,247,0,295,33" /><INIT seed="3,0,0,1,4,42" ten="221,204,247,328" oya="3" hai0="23,84,22,58,125,40,60,46,65,73,6,68,110" hai1="102,20,48,70,7,123,25,17,39,80,38,4,5" hai2="19,87,135,100,1,101,61,90,62,113,75,67,57" hai3="120,64,8,83,44,107,14,132,98,56,106,109,118"/><W3/><G3/><T122/><D122/><U103/><E123/><V10/><F75/><W0/><G0/><T41/><D73/><U72/><E70/><V96/><F113/><W124/><G120/><T133/><D110/><U54/><E39/><V2/><F135/><W134/><G118/><T13/><D133/><N who="3" m="51305" /><G109/><T66/><D125/><U95/><E38/><V27/><F10/><W89/><G44/><T99/><D99/><U9/><E72/><V51/><F51/><W28/><G28/><T130/><D130/><U34/><E34/><V30/><F19/><W49/><G49/><N who="0" m="26823" /><D68/><U24/><E80/><V12/><F12/><W36/><G83/><T92/><D66/><U43/><E43/><V93/><F62/><N who="3" m="37959" /><G124/><T119/><D41/><U47/><E25/><V33/><F101/><N who="1" m="38409" /><E95/><AGARI ba="0,0" hai="1,2,27,30,33,57,61,67,87,90,93,95,96,100" machi="95" ten="30,1000,0" yaku="7,1" doraHai="42" who="2" fromWho="1" sc="221,0,204,-10,247,10,328,0" owari="221,-17.9,194,-30.6,257,5.7,328,42.8" /></mjloggm>