<mjloggm ver="2.3"><GO type="225" lobby="0"/><UN n0="%E3%80%93%E3%81%97%E3%83%BC%E3%82%89%E3%80%93" n1="%EF%BC%AE%EF%BC%A1%EF%BC%AF%33%33%39" n2="%E2%98%86%E5%AD%AB%E7%87%95%E5%A7%BF%E2%98%86" n3="%E6%B0%B7%E5%B7%9D%E9%87%8C%E5%A5%88" dan="16,17,16,16" rate="2125.85,2180.37,2190.51,2088.85" sx="M,M,M,F"/><TAIKYOKU oya="0"/><INIT seed="0,0,0,2,5,38" ten="250,250,250,250" oya="0" hai0="52,64,54,9,29,60,84,131,20,113,103,28,71" hai1="18,24,69,32,0,109,48,96,99,114,82,3,132" hai2="87,7,39,130,122,14,41,42,57,101,65,119,135" hai3="79,100,33,46,86,21,4,45,63,35,88,1,92"/><T107/><D113/><U56/><E69/><V62/><F122/><W134/><G134/><T34/><D131/><U120/><E120/><V118/><F135/><W55/><G35/><T11/><D20/><U50/><E132/><V121/><F121/><W10/><G33/><T125/><D29/><U94/><E99/><V70/><F130/><W27/><G79/><T126/><D84/><U91/><E114/><V75/><F75/><W76/><G76/><T25/><D11/><U80/><E3/><V97/><F87/><W15/><G100/><T74/><D9/><U127/><E0/><V16/><F70/><W106/><G106/><T78/><D78/><U85/><E82/><V53/><F53/><W36/><G1/><T37/><D37/><U68/><E68/><V98/><F7/><W44/><G36/><T5/><D5/><U89/><E127/><N who="0" m="48649" /><D74/><U83/><E83/><V124/><F124/><W128/><G128/><T133/><D133/><U12/><E32/><V58/><F58/><W59/><REACH who="3" step="1"/><G44/><REACH who="3" ten="250,250,250,240" step="2"/><T72/><D72/><U129/><E129/><V116/><F39/><W112/><G112/><T43/><D43/><N who="2" m="16394" /><F101/><W90/><G90/><T77/><D77/><U67/><E91/><V6/><F6/><W102/><G102/><T49/><D49/><U40/><E50/><V117/><N who="2" m="29696" /><DORA hai="23" /><V17/><F17/><AGARI ba="0,1" hai="4,10,15,17,21,27,45,46,55,59,63,86,88,92" machi="17" ten="30,8000,1" yaku="1,1,7,1,8,1,52,1,54,1,53,0" doraHai="38,23" doraHaiUra="93,26" who="3" fromWho="2" sc="250,0,250,0,250,-80,240,90" /><INIT seed="1,0,0,0,4,82" ten="250,250,170,330" oya="1" hai0="58,25,79,74,111,56,69,125,68,10,35,87,7" hai1="59,55,18,51,4,71,8,67,83,108,50,94,135" hai2="17,98,77,95,120,66,16,78,36,104,5,70,31" hai3="124,60,84,11,127,72,92,133,45,20,41,47,3"/><U97/><E135/><V96/><F36/><W32/><G72/><T122/><D74/><U128/><E128/><V27/><F120/><W106/><G32/><T132/><D132/><U119/><E119/><V46/><F46/><W2/><G133/><T73/><D73/><U103/><E18/><V48/><F48/><W93/><G106/><T81/><D122/><U37/><E37/><V129/><F129/><W101/><G20/><T28/><D125/><U118/><E118/><V90/><F5/><W54/><G60/><T22/><D111/><U39/><E39/><V134/><F134/><W6/><G54/><T105/><D105/><U53/><E71/><V12/><F66/><W112/><G112/><T76/><D76/><U49/><E83/><V117/><F70/><W42/><G11/><T65/><D58/><U34/><E34/><V131/><F131/><W114/><G114/><T110/><D110/><U107/><E107/><V1/><F1/><W52/><G52/><T9/><D9/><U29/><E29/><V62/><F62/><W63/><G63/><T89/><D65/><U99/><E99/><V91/><F117/><W14/><G6/><T24/><D56/><U113/><E113/><V61/><F61/><W23/><G124/><T126/><D79/><N who="2" m="30218" /><F12/><W64/><G127/><T75/><D75/><U13/><E108/><V121/><F121/><W19/><G64/><T33/><D126/><U100/><E100/><N who="2" m="62471" /><F91/><N who="3" m="53351" /><G3/><N who="0" m="383" /><D35/><U30/><E30/><V21/><F31/><W80/><G2/><T85/><D68/><U88/><E103/><V40/><F17/><W115/><G19/><RYUUKYOKU ba="0,0" sc="250,-15,250,15,170,15,330,-15" hai1="4,8,13,49,50,51,53,55,59,67,88,94,97" hai2="16,21,27,40,90,95,98" /><INIT seed="1,1,0,3,1,60" ten="235,265,185,315" oya="1" hai0="53,103,33,65,59,111,4,28,19,48,56,83,99" hai1="46,81,54,94,71,70,123,37,12,79,10,122,127" hai2="75,5,2,3,131,66,106,58,89,61,14,101,55" hai3="38,23,30,118,18,124,20,120,107,34,126,130,114"/><U25/><E127/><N who="3" m="48682" /><G107/><T42/><D111/><U119/><E119/><V87/><F75/><W116/><G38/><T129/><D129/><U69/><E25/><V17/><F131/><W1/><G130/><T135/><D135/><U67/><E94/><V125/><F125/><W93/><G93/><T109/><D109/><U97/><E97/><V7/><F2/><W50/><G114/><T29/><D33/><U6/><E67/><V84/><F3/><W40/><G1/><T16/><D4/><U115/><E115/><V85/><F89/><W32/><G120/><T76/><D42/><U26/><E26/><V27/><F27/><N who="3" m="16767" /><G50/><T96/><D29/><U105/><E105/><V78/><F78/><W49/><G49/><T134/><D28/><U74/><REACH who="1" step="1"/><E54/><REACH who="1" ten="235,255,185,315" step="2"/><V11/><REACH who="2" step="1"/><F55/><REACH who="2" ten="235,255,175,315" step="2"/><W102/><G118/><T112/><D112/><U72/><E72/><V36/><F36/><W45/><G116/><T21/><D53/><U35/><E35/><V133/><F133/><W91/><G34/><T128/><D134/><U73/><E73/><V117/><F117/><W13/><G32/><T47/><D128/><U39/><E39/><V86/><N who="2" m="21504" /><DORA hai="92" /><V98/><AGARI ba="1,2" hai="5,7,11,14,17,58,61,66,98,101,106" m="21504" machi="98" ten="40,12000,2" yaku="1,1,4,1,0,1,52,2,53,1" doraHai="60,92" doraHaiUra="9,88" who="2" fromWho="2" sc="235,-31,255,-61,175,143,315,-31" /><INIT seed="2,0,0,4,3,72" ten="204,194,318,284" oya="2" hai0="80,26,59,97,20,134,89,27,69,60,10,129,132" hai1="48,76,34,74,135,115,3,33,66,17,31,14,127" hai2="73,6,91,21,19,99,51,98,58,75,62,113,96" hai3="9,64,133,55,11,93,37,85,109,88,114,81,46"/><V0/><F113/><W119/><G119/><T45/><D69/><U68/><E115/><V111/><F111/><W30/><G114/><T25/><D129/><U103/><E3/><V32/><F32/><W57/><G109/><T36/><D10/><U87/><E74/><V86/><F51/><W112/><G133/><N who="0" m="51307" /><D45/><U123/><E135/><V122/><F122/><W16/><G112/><T121/><D36/><U105/><E31/><V24/><F6/><W84/><G30/><T71/><D71/><U120/><E48/><V44/><F0/><W28/><G28/><N who="0" m="17447" /><D121/><N who="1" m="46667" /><E127/><V108/><F44/><W2/><G2/><T47/><D47/><U92/><E105/><V126/><F126/><W42/><G64/><N who="0" m="38943" /><D97/><N who="1" m="59815" /><E66/><V56/><F108/><W101/><G101/><T23/><D23/><N who="1" m="11703" /><E68/><V118/><F118/><W128/><G128/><T78/><D89/><U124/><E124/><V110/><F110/><W29/><G29/><T7/><D7/><U70/><E70/><V41/><F58/><W83/><G57/><T63/><D63/><U117/><E117/><V90/><F90/><W131/><G131/><T102/><D102/><U39/><E39/><V4/><F4/><W116/><G116/><T8/><D8/><U61/><E61/><V49/><F62/><W77/><G55/><T106/><D106/><U100/><E100/><V40/><F56/><W107/><G107/><T52/><D52/><U5/><E5/><V65/><F65/><W12/><G11/><T79/><D79/><U104/><E104/><V54/><F54/><W22/><G9/><T15/><D15/><U94/><E76/><RYUUKYOKU ba="0,0" sc="204,10,194,10,318,-30,284,10" hai0="26,27,78,80" hai1="33,34,87,94" hai3="12,16,22,37,42,46,77,81,83,84,85,88,93" /><INIT seed="3,1,0,2,4,13" ten="214,204,288,294" oya="3" hai0="9,28,35,125,67,121,98,118,58,135,129,119,29" hai1="26,11,59,79,73,24,110,84,44,134,51,74,131" hai2="40,78,108,33,49,132,123,52,70,68,90,1,25" hai3="122,77,66,64,20,65,128,99,97,2,39,80,92"/><W113/><G122/><T32/><D121/><U106/><E106/><V54/><F1/><W8/><G113/><T14/><D98/><U103/><E103/><V124/><F123/><W4/><G39/><T41/><D41/><U45/><E74/><V95/><F40/><W83/><G128/><T81/><D81/><N who="1" m="47167" /><E73/><V91/><F78/><W17/><G77/><T21/><D58/><U126/><E131/><V55/><F49/><W85/><G85/><T86/><D86/><U36/><E36/><V27/><F108/><W76/><G76/><T10/><D67/><U96/><E96/><N who="2" m="57463" /><F91/><W93/><G99/><T94/><D94/><U12/><E110/><V16/><F33/><N who="0" m="12874" /><D129/><U60/><E134/><V109/><F109/><W120/><G120/><T22/><D135/><U117/><E117/><N who="0" m="44553" /><D125/><U100/><E100/><V133/><F124/><W46/><G46/><N who="1" m="18026" /><E51/><V105/><F105/><W18/><G93/><T87/><D87/><U75/><E75/><V71/><F133/><W5/><G92/><T61/><D61/><U57/><E126/><V82/><F132/><W114/><G97/><T53/><D53/><N who="1" m="33839" /><E59/><V3/><F82/><W43/><G83/><T63/><D63/><U38/><E38/><V7/><F70/><W48/><G80/><T130/><D130/><U50/><E50/><V88/><F71/><W23/><G48/><T111/><D111/><U101/><E101/><V42/><F68/><W127/><G127/><T72/><D72/><U102/><E102/><V104/><F104/><W19/><G43/><T107/><D107/><U69/><E69/><V15/><F42/><RYUUKYOKU ba="1,0" sc="214,-10,204,30,288,-10,294,-10" hai1="11,12,24,26" /><INIT seed="4,2,0,3,0,81" ten="204,234,278,284" oya="0" hai0="125,78,32,46,26,83,35,133,23,70,80,128,71" hai1="17,20,67,86,100,36,50,111,9,79,4,116,55" hai2="69,7,114,34,57,37,66,8,135,88,53,99,59" hai3="30,43,49,96,94,95,132,19,121,1,124,48,105"/><T6/><D125/><U42/><E111/><V38/><F34/><W122/><G1/><T13/><D128/><U98/><E116/><V115/><F69/><W39/><G124/><T84/><D133/><U64/><E36/><V107/><F135/><W76/><G132/><T89/><D35/><U72/><E72/><V110/><F110/><W29/><G76/><T28/><D46/><U101/><E42/><V47/><F66/><W22/><G39/><N who="2" m="14857" /><F47/><N who="3" m="25727" /><G49/><T91/><D91/><U40/><E40/><V3/><F53/><W92/><G105/><T63/><D63/><U14/><E64/><V60/><F60/><W75/><G75/><T74/><REACH who="0" step="1"/><D23/><REACH who="0" ten="194,234,278,284" step="2"/><U10/><E20/><V134/><F134/><W90/><G122/><T82/><D82/><U103/><E79/><V109/><F109/><W12/><G121/><T65/><D65/><U123/><E67/><V2/><F88/><N who="3" m="55303" /><G95/><T27/><D27/><U93/><E123/><V21/><F21/><W104/><G104/><T120/><D120/><U51/><E93/><V113/><F107/><W87/><AGARI ba="2,1" hai="12,19,22,29,30,87,90,94" m="55303,25727" machi="87" ten="30,4000,0" yaku="8,1,52,1,54,1" doraHai="81" who="3" fromWho="3" sc="194,-22,234,-12,278,-12,284,56" owari="172,-32.8,222,-17.8,266,6.6,340,44.0" /></mjloggm>