<mjloggm ver="2.3"><GO type="225" lobby="0"/><UN n0="%E9%80%9F%E6%B0%B4%E5%87%9B%E9%A6%99" n1="%E3%81%9F%E3%81%93%E2%98%86%E7%84%BC%E3%81%8D" n2="%6D%75%75%6D%75%72%61" n3="%E3%81%BF%E3%81%BF%E3%81%9A" dan="16,16,16,17" rate="2173.91,2110.37,2129.41,2209.60" sx="F,M,F,M"/><TAIKYOKU oya="0"/><INIT seed="0,0,0,2,2,87" ten="250,250,250,250" oya="0" hai0="8,64,28,73,9,134,37,82,63,69,95,53,107" hai1="128,86,92,115,34,120,108,98,116,40,36,13,41" hai2="112,48,31,44,118,99,123,96,14,23,85,4,10" hai3="27,101,83,78,133,71,42,65,125,130,76,111,16"/><T19/><D107/><U21/><E34/><V66/><F123/><W132/><G111/><T20/><D37/><U43/><E116/><V79/><F112/><W105/><G42/><T29/><D134/><N who="3" m="51817" /><G130/><T88/><D53/><U94/><E108/><V12/><F118/><W113/><G113/><T30/><D82/><U17/><E128/><V90/><F66/><W61/><G125/><T104/><D104/><U131/><E131/><V60/><F79/><W35/><G83/><T127/><D73/><U39/><E120/><V33/><F60/><W11/><G11/><T122/><D122/><U67/><E67/><V22/><F33/><W77/><G16/><T70/><D70/><U25/><E25/><N who="2" m="16823" /><F14/><W109/><G109/><T26/><REACH who="0" step="1"/><D127/><REACH who="0" ten="240,250,250,250" step="2"/><U135/><E135/><V55/><F23/><W56/><G71/><T93/><D93/><AGARI ba="0,1" hai="4,10,12,44,48,55,85,90,93,96,99" m="16823" machi="93" ten="30,2000,0" yaku="8,1,52,1" doraHai="87" who="2" fromWho="0" sc="240,-20,250,0,250,30,250,0" /><INIT seed="1,0,0,3,1,74" ten="220,250,280,250" oya="1" hai0="0,51,37,50,127,106,54,133,23,63,11,109,115" hai1="49,16,59,21,111,116,62,122,48,123,31,28,113" hai2="2,3,88,25,67,71,24,57,73,76,77,42,40" hai3="38,64,103,52,128,34,107,79,117,17,87,105,135"/><U72/><E72/><V81/><F71/><W129/><G135/><T65/><D115/><U120/><E113/><V32/><F2/><W91/><G34/><T60/><D37/><U5/><E5/><V27/><F32/><W131/><G38/><T83/><D106/><N who="3" m="40457" /><G64/><T82/><D109/><U61/><E111/><V112/><F3/><W102/><G117/><T18/><D133/><U30/><E116/><V43/><F112/><W22/><G52/><T35/><D127/><U46/><E59/><V126/><F126/><W15/><G79/><N who="2" m="30281" /><F73/><W12/><G15/><T130/><D35/><U104/><E104/><V108/><F108/><W66/><G66/><T56/><D130/><U6/><E6/><V95/><F81/><AGARI ba="0,0" hai="12,17,22,81,87,91,102,103,128,129,131" m="40457" machi="81" ten="40,1300,0" yaku="19,1" doraHai="74" who="3" fromWho="2" sc="220,0,250,0,280,-13,250,13" /><INIT seed="2,0,0,1,4,62" ten="220,250,267,263" oya="2" hai0="59,36,20,117,84,124,85,112,115,72,108,51,130" hai1="60,54,0,45,134,32,27,24,110,125,74,10,132" hai2="69,118,11,135,92,2,53,90,99,6,4,47,77" hai3="50,102,121,75,87,95,33,65,18,43,7,13,96"/><V71/><F118/><W97/><G121/><T93/><D36/><U82/><E32/><V17/><F135/><N who="1" m="51753" /><E110/><V63/><F77/><W48/><G75/><T34/><D34/><U40/><E125/><V14/><F2/><W131/><G33/><T28/><D72/><U114/><E54/><V57/><REACH who="2" step="1"/><F47/><REACH who="2" ten="220,250,257,263" step="2"/><W116/><G116/><T126/><D117/><U129/><E114/><V76/><F76/><W52/><G131/><T42/><D130/><U103/><E129/><V119/><F119/><W26/><G43/><T46/><D115/><U91/><E45/><V49/><F49/><W123/><G48/><T64/><D112/><U105/><E40/><V56/><F56/><W106/><G50/><T68/><D68/><AGARI ba="0,1" hai="4,6,11,14,17,53,57,63,68,69,71,90,92,99" machi="68" ten="40,2000,0" yaku="1,1,53,0" doraHai="62" doraHaiUra="30" who="2" fromWho="0" sc="220,-20,250,0,257,30,263,0" /><INIT seed="2,1,0,3,0,40" ten="200,250,287,263" oya="2" hai0="5,17,87,77,10,32,66,117,29,131,49,93,55" hai1="99,62,18,105,64,122,127,89,27,37,61,97,90" hai2="130,3,69,118,7,102,52,46,11,95,12,82,39" hai3="59,4,51,35,116,107,60,126,70,23,111,26,8"/><V106/><F118/><W20/><G116/><T68/><D117/><U75/><E75/><V113/><F113/><W124/><G107/><T67/><D131/><U132/><E37/><V14/><F130/><W98/><G111/><T92/><D17/><U101/><E132/><V108/><F69/><W28/><G70/><T76/><D29/><U31/><E18/><V78/><F106/><W6/><G98/><T25/><D25/><U121/><E127/><N who="3" m="48682" /><G51/><T79/><D32/><N who="1" m="20607" /><E61/><V34/><F108/><W57/><G4/><T119/><D119/><U80/><E80/><V133/><F133/><W120/><G120/><N who="1" m="46186" /><E99/><N who="2" m="59775" /><F34/><W53/><G59/><AGARI ba="1,0" hai="59,62,64,89,90,97,101,105" m="46186,20607" machi="59" ten="30,1000,0" yaku="13,1" doraHai="40" who="1" fromWho="3" sc="200,0,250,13,287,0,263,-13" /><INIT seed="3,0,0,4,1,128" ten="200,263,287,250" oya="3" hai0="38,36,8,6,56,5,120,103,86,0,131,49,111" hai1="122,32,47,12,108,95,65,135,39,50,24,133,106" hai2="58,84,10,97,37,77,96,11,115,40,48,20,64" hai3="3,57,126,124,90,132,22,31,109,26,116,89,16"/><W121/><G116/><T1/><D120/><U4/><E106/><V92/><F115/><W127/><G121/><T14/><D111/><U113/><E113/><V9/><F37/><W67/><G109/><T46/><D131/><U33/><E39/><V19/><F64/><W82/><G132/><N who="1" m="50762" /><E65/><V61/><F61/><N who="3" m="38319" /><G3/><T15/><D103/><U7/><E122/><V62/><F62/><W18/><G82/><T45/><D56/><U17/><E95/><V63/><F63/><W44/><G44/><T81/><D49/><U72/><E72/><V75/><F75/><W76/><G76/><T119/><D119/><U134/><E134/><V13/><F77/><W68/><G68/><T129/><D129/><U42/><E108/><V66/><F66/><W104/><G104/><T60/><D60/><U23/><E12/><V79/><F79/><W123/><G123/><T70/><D70/><U94/><E94/><V118/><F118/><W125/><N who="3" m="31744" /><DORA hai="107" /><W2/><G2/><T43/><D38/><U102/><E102/><V88/><F40/><W55/><G55/><AGARI ba="0,0" hai="9,10,11,13,19,20,48,55,58,84,88,92,96,97" machi="55" ten="40,8000,1" yaku="25,2,8,1,54,1" doraHai="128,107" who="2" fromWho="3" sc="200,0,263,0,287,80,250,-80" owari="200,-20.0,263,6.3,367,46.7,170,-33.0" /></mjloggm>