<mjloggm ver="2.3"><GO type="225" lobby="0"/><UN n0="%E3%83%97%E3%83%AC%E3%83%B4%E3%82%A1%E3%83%86%E3%82%A3" n1="%E3%82%BC%E3%83%AB%E3%83%80%E3%81%AE%E4%BC%9D%E8%AA%AC" n2="%73%6C%69%63%6B%33%31%39" n3="%4C%4F%4C%49%54%41" dan="16,17,16,16" rate="2133.09,2234.68,2097.79,2179.95" sx="F,M,M,F"/><TAIKYOKU oya="0"/><INIT seed="0,0,0,3,5,48" ten="250,250,250,250" oya="0" hai0="103,95,133,70,79,43,38,49,132,19,97,93,25" hai1="129,13,128,101,66,89,118,67,54,30,80,75,11" hai2="131,134,100,92,61,98,109,74,46,45,28,20,105" hai3="121,34,102,88,120,85,10,108,56,119,53,8,81"/><T37/><D70/><U82/><E118/><V127/><F74/><W60/><G119/><T22/><D79/><U57/><E101/><V33/><F109/><W44/><G108/><T17/><D93/><U39/><E39/><V16/><F131/><N who="1" m="50249" /><E30/><V78/><F78/><W35/><G102/><T1/><D1/><U52/><E75/><V18/><F134/><N who="0" m="51818" /><D19/><N who="2" m="7210" /><F33/><N who="3" m="12299" /><G44/><AGARI ba="0,0" hai="17,22,25,37,38,43,44,49,95,97,103" m="51818" machi="44" ten="30,1500,0" yaku="20,1" doraHai="48" who="0" fromWho="3" sc="250,15,250,0,250,0,250,-15" /><INIT seed="0,1,0,5,5,121" ten="265,250,250,235" oya="0" hai0="0,116,86,26,49,12,31,110,106,117,69,68,73" hai1="126,89,15,124,114,76,71,70,127,35,96,56,133" hai2="33,11,13,4,40,82,113,63,125,25,6,24,39" hai3="55,119,32,111,88,97,57,52,108,92,75,103,122"/><T9/><D106/><U41/><E133/><V120/><F120/><W3/><G122/><T104/><D104/><U18/><E114/><V91/><F113/><W80/><G119/><T128/><D73/><U37/><E35/><V84/><F125/><W81/><G3/><T8/><D128/><U109/><E109/><N who="3" m="42058" /><G32/><T77/><D110/><U58/><E76/><V22/><F39/><W66/><G66/><T34/><D49/><U134/><E134/><V105/><F105/><N who="3" m="63727" /><G75/><T23/><D69/><U90/><E71/><V53/><F33/><W123/><G123/><T78/><D68/><U95/><E70/><V98/><F40/><W64/><G64/><T135/><D135/><U100/><E41/><V1/><F1/><W59/><G59/><N who="1" m="22570" /><E37/><V38/><F38/><W99/><G55/><T27/><D77/><U129/><E129/><V54/><F54/><W107/><G107/><T7/><D78/><U65/><E65/><V132/><F53/><W72/><G72/><T46/><D46/><U19/><E19/><V93/><F132/><W101/><G101/><T67/><D67/><U112/><E112/><V51/><F91/><W45/><G45/><T83/><D117/><U131/><E131/><V47/><F47/><W85/><G99/><T61/><D116/><U17/><E89/><V60/><F98/><W44/><G44/><T74/><D74/><U102/><E102/><V43/><F43/><W30/><G30/><T29/><D0/><U50/><E100/><V87/><F4/><W14/><G14/><T10/><D61/><AGARI ba="1,0" hai="52,57,61,80,81,85,88,92" m="63727,42058" machi="61" ten="30,12000,2" yaku="14,1,52,3,54,2" doraHai="121" who="3" fromWho="0" sc="265,-123,250,0,250,0,235,123" /><INIT seed="1,0,0,3,1,114" ten="142,250,250,358" oya="1" hai0="20,122,119,96,42,53,44,63,127,38,60,62,90" hai1="100,94,50,2,87,107,5,85,25,121,71,12,120" hai2="106,22,52,78,21,58,132,73,101,59,95,105,34" hai3="112,13,28,113,72,108,6,70,98,18,67,134,1"/><U84/><E71/><V27/><F132/><W57/><G72/><T55/><D20/><U89/><E2/><V30/><F73/><W10/><G70/><T56/><D96/><N who="1" m="61831" /><E25/><V110/><F110/><W102/><G134/><T8/><D8/><U41/><E50/><V103/><F78/><W91/><G108/><T33/><D33/><U133/><E41/><V0/><F0/><W66/><G28/><T86/><D122/><N who="1" m="47211" /><E12/><V135/><F135/><W29/><G29/><T35/><D35/><U92/><E5/><V23/><F59/><W26/><G26/><T37/><D127/><U124/><E133/><V49/><REACH who="2" step="1"/><F95/><REACH who="2" ten="142,250,240,358" step="2"/><N who="1" m="36393" /><E124/><V117/><F117/><W77/><G57/><T46/><D119/><U11/><E11/><V68/><F68/><W7/><G1/><T45/><D56/><U40/><E40/><V79/><F79/><W93/><G77/><T54/><D42/><U118/><E118/><V129/><F129/><W128/><G128/><T32/><D32/><U80/><AGARI ba="0,1" hai="80,84,85,87,89" m="36393,47211,61831" machi="80" ten="30,3000,0" yaku="34,2" doraHai="114" who="1" fromWho="1" sc="142,-10,250,40,240,-10,358,-10" /><INIT seed="1,1,0,1,0,99" ten="132,290,230,348" oya="1" hai0="0,121,131,56,57,105,66,15,106,74,32,76,14" hai1="18,107,3,21,116,50,44,60,126,129,127,16,6" hai2="86,23,64,114,59,26,104,84,42,69,123,54,102" hai3="68,82,51,72,93,37,55,25,77,81,9,124,34"/><U108/><E116/><V5/><F123/><W38/><G68/><T36/><D121/><U78/><E129/><V90/><F114/><W17/><G124/><N who="1" m="47658" /><E108/><V47/><F5/><W30/><G82/><T75/><D131/><U43/><E107/><V62/><F104/><W79/><G79/><T118/><D66/><U7/><E3/><V58/><F102/><W89/><G9/><T27/><D0/><U41/><E78/><V53/><F69/><W95/><G17/><N who="1" m="6762" /><E21/><V33/><F33/><W73/><G73/><T8/><D76/><U103/><E103/><V97/><F97/><W61/><G61/><T96/><D96/><U117/><E117/><V100/><F100/><W88/><G93/><T46/><D8/><U28/><E28/><V130/><F130/><W80/><G80/><T113/><D118/><U19/><N who="1" m="6770" /><U85/><DORA hai="40" /><E85/><V67/><F86/><W24/><G24/><T31/><D27/><U63/><E41/><V119/><F23/><W135/><G89/><T45/><D32/><U52/><E60/><N who="2" m="35919" /><F26/><W125/><G125/><T133/><D31/><U122/><E122/><V110/><F110/><W4/><G4/><T2/><D2/><U13/><E13/><V111/><F111/><W20/><G20/><T29/><D29/><U101/><E101/><V22/><F22/><W71/><G30/><T94/><D113/><U39/><E39/><V12/><F12/><W48/><G37/><T98/><D98/><U10/><E10/><V128/><F128/><W83/><G38/><T132/><D36/><U11/><E11/><V134/><F119/><RYUUKYOKU ba="1,0" sc="132,15,290,15,230,-15,348,-15" hai0="14,15,45,46,56,57,74,75,94,105,106,132,133" hai1="6,7,43,44,50,52,63" /><INIT seed="1,2,0,4,5,21" ten="147,305,215,333" oya="1" hai0="98,78,127,10,85,96,57,38,134,42,0,116,61" hai1="115,114,40,43,73,26,5,76,95,99,9,15,19" hai2="79,88,108,74,35,54,11,71,70,39,65,129,106" hai3="49,122,105,46,50,92,87,90,83,17,58,101,89"/><U1/><E73/><V110/><F106/><W130/><G122/><T27/><D116/><U123/><E76/><V28/><F39/><W55/><G130/><T104/><D127/><U126/><E126/><V45/><F74/><W118/><G118/><T111/><D111/><N who="2" m="42538" /><F79/><W91/><G105/><T64/><D134/><U86/><E86/><V63/><F129/><W112/><G112/><T102/><D98/><U8/><E123/><V3/><F45/><W7/><G7/><T44/><D0/><U84/><E84/><V132/><F132/><W32/><G32/><T18/><D78/><U66/><E66/><V23/><F23/><W125/><G125/><T25/><REACH who="0" step="1"/><D85/><REACH who="0" ten="137,305,215,333" step="2"/><U121/><E121/><V60/><F3/><W53/><G87/><T47/><D47/><U100/><E115/><V107/><F107/><W109/><G46/><T133/><D133/><U131/><E114/><V67/><F70/><W22/><G109/><T31/><D31/><U48/><E131/><V4/><F28/><W72/><G72/><T24/><D24/><U81/><E81/><V29/><F29/><W82/><G83/><T97/><D97/><U56/><E26/><V117/><F71/><W128/><G82/><T36/><D36/><U30/><E30/><V75/><F75/><W93/><G128/><T80/><D80/><U77/><E77/><V68/><F117/><W51/><G92/><T33/><D33/><U13/><E1/><V124/><F124/><W94/><G93/><T52/><D52/><AGARI ba="2,1" hai="5,8,9,13,15,19,40,43,48,52,56,95,99,100" machi="52" ten="40,3900,0" yaku="8,1,54,1" doraHai="21" who="1" fromWho="0" sc="137,-45,305,55,215,0,333,0" /><INIT seed="1,3,0,0,2,48" ten="92,360,215,333" oya="1" hai0="110,57,85,73,92,35,84,105,14,74,13,111,124" hai1="76,121,34,24,81,99,44,6,60,19,54,126,27" hai2="8,42,132,133,43,52,134,120,125,22,115,56,17" hai3="25,70,117,71,46,18,104,11,39,1,113,108,90"/><U100/><E126/><V87/><F120/><W72/><G113/><T130/><D35/><U3/><E121/><V129/><F125/><W28/><G108/><T32/><D32/><U40/><E34/><V55/><F115/><W82/><G117/><T93/><D124/><U59/><E19/><V79/><F8/><W5/><G18/><T36/><D57/><U30/><E30/><V89/><F79/><N who="3" m="44391" /><G90/><T29/><D29/><U106/><E3/><V96/><F96/><W131/><G131/><T61/><D61/><U83/><E6/><V15/><F129/><W51/><G51/><T86/><D130/><U58/><E58/><V4/><F4/><W127/><G127/><T75/><D36/><U67/><E67/><V10/><F10/><W94/><G94/><T66/><D66/><U77/><E83/><N who="2" m="49407" /><F55/><W116/><G104/><T109/><REACH who="0" step="1"/><D105/><REACH who="0" ten="82,360,215,333" step="2"/><U95/><E106/><V103/><F133/><W20/><G116/><T9/><D9/><U63/><E63/><V12/><F134/><W122/><G122/><T62/><D62/><U65/><E65/><V69/><F132/><W41/><AGARI ba="3,1" hai="1,5,11,20,25,28,39,41,46,70,71" m="44391" machi="41" ten="30,1100,0" yaku="25,1" doraHai="48" who="3" fromWho="3" sc="82,-6,360,-8,215,-6,333,30" /><INIT seed="2,0,0,0,1,110" ten="76,352,209,363" oya="2" hai0="27,7,109,101,85,93,69,117,23,52,51,43,129" hai1="16,132,94,111,38,3,115,15,90,34,26,20,0" hai2="41,128,125,99,127,37,103,78,105,4,50,48,13" hai3="10,17,122,65,74,98,28,91,121,86,71,130,84"/><V70/><F70/><W40/><G74/><T100/><D109/><U81/><E111/><V21/><F128/><W119/><G119/><T126/><D117/><U35/><E38/><V106/><F106/><W1/><G130/><T73/><D129/><U76/><E115/><V77/><F37/><W32/><G40/><T2/><D69/><U58/><E132/><V131/><F131/><W19/><G86/><T133/><D73/><U44/><E44/><V47/><F48/><W95/><G19/><T9/><D133/><U80/><E58/><V53/><F53/><W123/><G28/><T135/><D135/><U36/><E36/><V116/><F116/><W82/><G32/><T55/><D126/><N who="2" m="48138" /><F21/><W89/><G71/><T79/><D43/><U64/><E64/><V108/><F108/><W107/><G107/><T114/><D114/><U25/><E35/><V42/><F41/><W29/><G65/><T57/><D55/><U30/><E26/><V54/><F54/><W92/><G122/><T97/><D79/><U39/><E39/><V6/><F13/><N who="3" m="7351" /><G1/><T11/><D11/><U118/><E118/><V12/><F12/><W72/><G29/><T113/><D85/><N who="1" m="52559" /><E0/><V112/><F112/><W60/><G60/><T68/><D68/><U59/><E3/><V49/><F49/><W18/><G18/><T46/><D113/><U8/><E34/><V56/><F56/><W120/><G120/><T61/><D46/><U96/><E59/><V66/><F66/><W45/><G45/><T83/><D51/><U22/><E22/><V124/><N who="2" m="48146" /><V75/><DORA hai="104" /><F75/><RYUUKYOKU ba="0,0" sc="76,-15,352,-15,209,15,363,15" hai2="4,6,42,47,50,77,78,99,103,105" hai3="72,82,84,89,91,92,95,98,121,123" /><INIT seed="2,1,0,4,5,97" ten="61,337,224,378" oya="2" hai0="118,6,57,70,16,69,38,113,5,109,1,37,14" hai1="55,107,90,79,33,104,53,12,128,20,68,94,3" hai2="64,131,88,28,34,23,75,43,87,56,84,130,135" hai3="85,41,58,40,122,80,54,71,60,99,48,98,29"/><V134/><F75/><W26/><G122/><T8/><D113/><U50/><E33/><V112/><F34/><W78/><G41/><T126/><D109/><U15/><E3/><V9/><F43/><W74/><G74/><T89/><D126/><U110/><E110/><V103/><F112/><W52/><G40/><T11/><D118/><U67/><E128/><N who="2" m="49195" /><F9/><W22/><G71/><T83/><D57/><AGARI ba="1,0" hai="22,26,29,48,52,54,57,58,60,78,80,85,98,99" machi="57" ten="30,3900,0" yaku="7,1,8,1,54,1" doraHai="97" who="3" fromWho="0" sc="61,-42,337,0,224,0,378,42" /><INIT seed="3,0,0,1,0,131" ten="19,337,224,420" oya="3" hai0="76,12,3,133,93,9,117,35,128,37,81,69,26" hai1="101,68,108,97,28,56,4,91,88,48,32,75,2" hai2="74,27,116,125,11,58,105,30,54,52,20,70,77" hai3="19,24,100,122,15,40,80,110,84,130,129,17,89"/><W86/><G122/><T55/><D93/><U41/><E108/><V107/><F125/><W85/><G110/><T123/><D55/><U46/><E75/><V44/><F116/><W134/><G134/><T104/><D81/><U87/><E68/><V14/><F70/><W57/><G100/><T99/><D99/><U64/><E2/><V112/><F112/><W82/><G40/><T31/><D76/><U33/><E4/><V98/><F98/><W34/><G57/><T18/><D18/><N who="3" m="6665" /><G15/><T95/><D95/><U83/><E28/><V47/><F74/><W63/><G63/><T96/><D96/><U62/><REACH who="1" step="1"/><E91/><REACH who="1" ten="19,327,224,420" step="2"/><V0/><F0/><W23/><G89/><T135/><D31/><U42/><E42/><V61/><F77/><W115/><G115/><T72/><D12/><U38/><E38/><V7/><F107/><AGARI ba="0,1" hai="32,33,41,46,48,56,62,64,83,87,88,97,101,107" machi="107" ten="30,3900,0" yaku="1,1,7,1,54,1,53,0" doraHai="131" doraHaiUra="49" who="1" fromWho="2" sc="19,0,327,49,224,-39,420,0" owari="19,-48.1,376,17.6,185,-21.5,420,52.0" /></mjloggm>