<mjloggm ver="2.3"><GO type="225" lobby="0"/><UN n0="%E6%9D%B1%E9%A2%A8%E3%81%AE%E3%81%8D%E3%82%83%E3%81%B7%E3%81%95%E3%82%93" n1="%E3%81%82%E3%81%99%E3%81%AB%E3%82%83%E3%82%80" n2="%E3%81%B5%E3%81%98%E3%81%8B%E3%81%A4" n3="%65%6B%61%72%75%74%65" dan="17,16,16,16" rate="2241.06,2095.61,2148.85,2133.77" sx="M,F,M,M"/><TAIKYOKU oya="0"/><INIT seed="0,0,0,1,0,93" ten="250,250,250,250" oya="0" hai0="22,70,55,34,87,37,94,27,98,30,106,77,116" hai1="21,57,43,123,13,103,32,49,64,6,92,84,11" hai2="82,111,40,130,46,19,25,126,97,39,4,91,76" hai3="9,80,7,15,44,132,128,53,102,24,56,104,125"/><T108/><D37/><U26/><E32/><V8/><F111/><W3/><G125/><T133/><D70/><U107/><E107/><V60/><F126/><W127/><G127/><T10/><D108/><U2/><E123/><V129/><F60/><W85/><G128/><N who="2" m="49257" /><F19/><W58/><G132/><T90/><D133/><U95/><E2/><N who="2" m="23" /><F25/><W81/><G3/><T79/><D116/><U75/><E75/><N who="2" m="43295" /><F91/><W68/><G68/><T0/><D34/><U112/><E64/><V96/><AGARI ba="0,0" hai="39,40,46,96,97" m="43295,23,49257" machi="96" ten="30,7900,0" yaku="25,1,19,1,52,2" doraHai="93" who="2" fromWho="2" sc="250,-39,250,-20,250,79,250,-20" /><INIT seed="1,0,0,4,4,35" ten="211,230,329,230" oya="1" hai0="64,101,96,76,12,131,78,69,67,2,103,97,134" hai1="40,25,45,120,91,93,85,98,126,133,72,48,90" hai2="86,124,105,39,81,43,41,61,11,128,56,87,127" hai3="19,24,16,33,92,36,100,114,94,118,22,37,13"/><U30/><E120/><V116/><F105/><W42/><G114/><T1/><D12/><U23/><E133/><V108/><F116/><W110/><G118/><T68/><REACH who="0" step="1"/><D131/><REACH who="0" ten="201,230,329,230" step="2"/><U21/><E126/><V102/><F128/><W3/><G13/><T71/><D71/><U95/><REACH who="1" step="1"/><E72/><REACH who="1" ten="201,220,329,230" step="2"/><V113/><F127/><W107/><G110/><T70/><D70/><U111/><E111/><V5/><F108/><W82/><G37/><T129/><D129/><U73/><E73/><V47/><F39/><W106/><G36/><T17/><D17/><U121/><E121/><V53/><F124/><W117/><G16/><T10/><D10/><U132/><E132/><AGARI ba="0,2" hai="1,2,64,67,68,69,76,78,96,97,101,103,132,134" machi="132" ten="25,8000,1" yaku="1,1,22,2,52,2,53,0" doraHai="35" doraHaiUra="123" who="0" fromWho="1" sc="201,100,220,-80,329,0,230,0" /><INIT seed="2,0,0,1,2,32" ten="301,140,329,230" oya="2" hai0="56,0,120,64,15,44,12,37,3,14,108,115,126" hai1="117,116,104,48,61,114,51,45,72,8,82,39,49" hai2="111,46,1,90,101,59,86,18,28,91,7,122,109" hai3="22,67,74,132,133,131,41,6,26,85,68,38,13"/><V110/><F122/><W89/><G74/><T65/><D115/><U30/><E104/><V40/><F101/><W2/><G131/><T128/><D120/><U88/><E114/><V105/><F105/><W24/><G38/><T123/><D123/><U84/><E72/><V35/><F59/><W42/><G68/><T70/><D70/><U106/><E106/><V11/><F18/><W34/><G67/><T16/><D128/><U31/><E61/><V47/><F86/><W113/><G13/><T98/><D98/><U102/><E102/><V55/><F55/><W76/><G34/><T53/><D16/><U20/><E8/><V129/><F129/><W135/><G76/><T66/><D108/><U63/><E63/><V83/><F83/><N who="3" m="49343" /><G113/><T124/><D44/><N who="2" m="16938" /><F40/><N who="3" m="15467" /><G22/><T25/><D25/><AGARI ba="0,0" hai="1,7,11,25,28,35,90,91,109,110,111" m="16938" machi="25" ten="40,7700,0" yaku="14,1,10,1,52,1" doraHai="32" who="2" fromWho="0" sc="301,-77,140,0,329,77,230,0" /><INIT seed="2,1,0,5,5,41" ten="224,140,406,230" oya="2" hai0="69,59,77,90,80,13,100,65,134,61,93,84,21" hai1="55,81,19,57,48,123,113,87,109,96,73,17,62" hai2="132,121,24,58,45,11,60,12,67,33,92,22,26" hai3="102,112,124,1,119,63,8,38,118,129,116,3,34"/><V97/><F121/><W29/><G38/><T106/><D134/><U53/><E109/><V72/><F132/><W46/><G102/><T16/><D106/><U52/><E113/><V20/><F72/><W101/><G101/><T47/><D100/><U114/><E114/><V68/><F68/><W36/><G112/><T83/><D69/><U25/><E73/><V105/><F105/><W9/><G63/><T35/><D35/><U18/><E123/><V128/><F128/><W14/><G129/><T126/><D126/><U85/><E25/><V5/><F33/><W44/><G36/><T43/><REACH who="0" step="1"/><D77/><REACH who="0" ten="214,140,406,230" step="2"/><U122/><E122/><V42/><F26/><W49/><G124/><T37/><AGARI ba="1,1" hai="13,16,21,37,43,47,59,61,65,80,83,84,90,93" machi="37" ten="20,12000,2" yaku="1,1,2,1,0,1,7,1,52,1,54,1,53,0" doraHai="41" doraHaiUra="23" who="0" fromWho="0" sc="214,133,140,-31,406,-61,230,-31" /><INIT seed="3,0,0,2,2,0" ten="347,109,345,199" oya="3" hai0="93,135,115,122,27,107,54,90,79,133,104,60,36" hai1="43,21,52,117,116,120,4,38,130,40,6,10,129" hai2="108,24,34,69,125,134,132,97,59,110,42,33,124" hai3="121,101,75,22,67,62,98,85,91,14,17,58,113"/><W2/><G113/><T63/><D36/><U103/><E120/><V119/><F119/><N who="1" m="45641" /><E10/><V1/><F1/><W8/><G121/><T92/><D122/><U80/><E103/><V109/><F69/><W95/><G75/><T96/><D115/><U11/><E11/><V81/><F42/><N who="1" m="15913" /><E21/><V89/><F59/><W65/><G2/><T72/><D27/><U105/><E38/><V31/><F34/><W18/><G67/><T106/><D93/><U77/><E105/><V19/><F19/><W30/><G30/><T71/><D71/><U16/><E16/><V102/><F89/><W13/><REACH who="3" step="1"/><G101/><REACH who="3" ten="347,109,345,189" step="2"/><T50/><D72/><N who="1" m="43047" /><E52/><V32/><F32/><W61/><G61/><T82/><D60/><U68/><E68/><V114/><F114/><W86/><AGARI ba="0,1" hai="8,13,14,17,18,22,58,62,65,85,86,91,95,98" machi="86" ten="30,6000,0" yaku="1,1,0,1,8,1,53,0" doraHai="0" doraHaiUra="3" who="3" fromWho="3" sc="347,-20,109,-20,345,-20,189,70" /><INIT seed="3,1,0,1,3,53" ten="327,89,325,259" oya="3" hai0="104,113,45,70,103,124,44,27,87,64,111,132,106" hai1="21,77,15,67,28,97,92,25,95,135,105,39,37" hai2="17,41,26,62,55,116,127,112,99,121,9,102,42" hai3="6,120,60,89,134,68,131,51,109,66,4,80,101"/><W79/><G120/><T130/><D87/><U20/><E135/><V90/><F112/><W46/><G134/><T91/><D91/><U10/><E105/><V29/><F116/><W65/><G131/><T30/><D130/><U8/><E39/><V100/><F127/><W13/><G109/><T123/><D123/><U32/><E37/><V61/><F121/><W63/><G101/><N who="2" m="39017" /><F29/><W72/><G89/><T38/><D38/><U128/><E128/><V18/><F26/><W7/><G13/><T50/><D132/><U133/><E133/><V40/><F9/><W114/><G114/><T35/><D113/><U76/><E25/><V83/><F55/><W110/><G110/><T22/><D111/><U81/><E15/><V73/><F73/><W119/><G119/><T2/><D2/><U24/><E24/><V57/><F83/><W94/><G94/><T82/><D82/><U14/><E14/><V125/><F125/><W23/><G23/><T48/><D22/><U12/><E12/><V84/><F84/><W126/><G126/><T75/><D75/><U96/><E81/><V59/><F62/><W3/><G3/><T31/><D31/><U122/><E28/><V58/><F61/><W56/><REACH who="3" step="1"/><G4/><REACH who="3" ten="327,89,325,249" step="2"/><T78/><D124/><U129/><E122/><V107/><F107/><N who="0" m="41002" /><D103/><U69/><E129/><V117/><F117/><W43/><AGARI ba="1,1" hai="6,7,43,46,51,56,60,63,65,66,68,72,79,80" machi="43" ten="20,7800,0" yaku="1,1,0,1,7,1,52,1,53,0" doraHai="53" doraHaiUra="19" who="3" fromWho="3" sc="327,-27,89,-27,325,-27,249,91" owari="300,10.0,62,-43.8,298,-10.2,340,44.0" /></mjloggm>