<mjloggm ver="2.3"><GO type="225" lobby="0"/><UN n0="%E3%81%A9%E3%82%8F%E3%82%93%E3%81%94" n1="%77%72%77%72%77%72%77%72" n2="%E3%81%BF%E3%81%BF%E3%81%9A" n3="%E3%81%8B%E3%82%8F%E3%81%A1%E3%82%83%E3%82%93%35%38" dan="16,16,16,16" rate="2088.09,2216.82,2142.44,2174.71" sx="M,M,M,M"/><TAIKYOKU oya="0"/><INIT seed="0,0,0,0,4,37" ten="250,250,250,250" oya="0" hai0="95,100,66,103,101,132,6,93,8,50,28,83,14" hai1="129,97,127,69,75,51,60,78,40,131,80,113,10" hai2="13,9,26,32,53,123,45,124,43,58,89,105,74" hai3="85,30,114,94,86,33,52,117,49,121,70,31,61"/><T18/><D132/><U130/><E127/><V25/><F123/><W116/><G114/><T38/><D38/><U48/><E113/><V24/><F124/><W42/><G121/><T4/><D66/><N who="1" m="41159" /><E97/><V71/><F71/><W106/><G106/><T111/><D111/><U76/><E76/><V115/><F115/><W109/><G109/><T44/><D28/><N who="3" m="10793" /><G70/><T118/><D83/><U29/><E29/><V46/><F74/><W98/><G33/><T57/><D57/><U68/><E68/><V133/><F133/><W56/><G117/><T112/><D112/><U134/><E134/><V135/><F135/><W96/><G96/><T21/><D118/><U110/><E110/><V81/><F105/><W16/><G116/><T79/><D79/><U41/><E10/><V39/><F46/><N who="3" m="25815" /><G16/><T54/><REACH who="0" step="1"/><D4/><REACH who="0" ten="240,250,250,250" step="2"/><U84/><E75/><V128/><F81/><W36/><G36/><T104/><D104/><U59/><E59/><V64/><F32/><W107/><G107/><T17/><D17/><U125/><E125/><V77/><F77/><W63/><G63/><T19/><D19/><U35/><E35/><V108/><F108/><W11/><G11/><T2/><AGARI ba="0,1" hai="2,6,8,14,18,21,44,50,54,93,95,100,101,103" machi="2" ten="30,3000,0" yaku="1,1,0,1,53,0" doraHai="37" doraHaiUra="55" who="0" fromWho="0" sc="240,40,250,-10,250,-10,250,-10" /><INIT seed="0,1,0,0,3,112" ten="280,240,240,240" oya="0" hai0="64,48,54,46,18,106,128,4,44,89,55,100,119" hai1="27,131,133,60,43,69,16,9,8,97,109,34,120" hai2="98,45,51,56,124,33,96,122,20,72,52,21,75" hai3="80,58,110,65,1,88,129,111,63,50,135,70,12"/><T108/><D128/><U104/><E120/><V57/><F122/><W84/><G1/><T127/><D4/><U19/><E131/><V47/><F124/><W42/><G129/><T7/><D7/><U67/><E43/><V125/><F125/><W82/><G135/><T6/><D6/><U36/><E36/><V23/><F33/><W134/><G134/><T71/><D89/><U40/><E40/><V53/><F51/><W73/><G12/><T78/><D78/><U81/><E81/><V35/><F35/><W0/><G0/><T132/><D127/><U86/><E86/><V101/><F20/><W105/><G105/><T103/><D132/><U24/><E109/><N who="3" m="41482" /><G42/><T79/><D108/><U68/><E68/><V74/><F74/><W92/><G73/><T31/><D106/><U15/><E133/><V76/><F101/><W87/><G87/><T62/><D79/><AGARI ba="1,0" hai="21,23,45,47,52,53,56,57,72,75,76,79,96,98" machi="79" ten="25,3200,0" yaku="22,2,54,1" doraHai="112" who="2" fromWho="0" sc="280,-35,240,0,240,35,240,0" /><INIT seed="1,0,0,4,4,38" ten="245,240,275,240" oya="1" hai0="96,66,85,83,26,46,43,25,107,3,88,27,114" hai1="56,41,61,2,22,132,120,93,36,78,135,65,60" hai2="20,92,128,0,87,112,134,97,63,110,109,13,68" hai3="103,94,67,52,53,125,6,72,73,48,32,102,4"/><U50/><E120/><V57/><F0/><W33/><G67/><T12/><D114/><U124/><E2/><V74/><F74/><W90/><G94/><T47/><D3/><U62/><E78/><V127/><F112/><W16/><G48/><T82/><D66/><U9/><E9/><V81/><F68/><W104/><G104/><T115/><D115/><U95/><E36/><V35/><F35/><W23/><G125/><T84/><D12/><U133/><E124/><V39/><F39/><W89/><G23/><T58/><D58/><U42/><E22/><V10/><F127/><W75/><REACH who="3" step="1"/><G73/><REACH who="3" ten="245,240,275,230" step="2"/><T18/><D107/><U100/><E100/><V7/><F92/><N who="1" m="35401" /><E65/><V24/><F97/><W105/><G105/><T118/><D96/><U69/><E69/><V44/><F110/><W19/><AGARI ba="0,1" hai="4,6,16,19,32,33,52,53,72,75,89,90,102,103" machi="19" ten="25,16000,3" yaku="1,1,0,1,22,2,54,2,53,2" doraHai="38" doraHaiUra="28" who="3" fromWho="3" sc="245,-40,240,-80,275,-40,230,170" /><INIT seed="2,0,0,2,3,125" ten="205,160,235,400" oya="2" hai0="133,81,107,128,8,39,1,135,83,102,61,33,105" hai1="2,18,95,112,76,101,22,130,98,119,27,117,131" hai2="57,49,16,9,56,4,42,97,3,75,17,74,14" hai3="71,48,123,124,34,13,23,55,26,80,77,78,54"/><V40/><F97/><W110/><G71/><T52/><D39/><U67/><E112/><V28/><F28/><W106/><G106/><N who="0" m="40459" /><D102/><U116/><E2/><V12/><F3/><W65/><G124/><T36/><D36/><U30/><E76/><V62/><F4/><W121/><G110/><T10/><D33/><U25/><REACH who="1" step="1"/><E67/><REACH who="1" ten="205,150,235,400" step="2"/><V94/><F74/><W53/><G65/><T63/><D1/><U11/><E11/><V85/><F75/><W19/><G78/><T72/><D10/><U66/><E66/><V51/><F9/><W88/><G77/><T64/><D8/><U43/><E43/><V35/><F40/><W47/><G123/><T96/><D72/><U46/><E46/><V122/><F42/><W84/><G121/><T0/><D0/><U21/><AGARI ba="0,1" hai="18,21,22,25,27,30,95,98,101,116,117,119,130,131" machi="21" ten="40,8000,1" yaku="1,1,0,1,52,2,53,0" doraHai="125" doraHaiUra="86" who="1" fromWho="1" sc="205,-20,150,90,235,-40,400,-20" /><INIT seed="3,0,0,0,1,97" ten="185,240,195,380" oya="3" hai0="95,94,33,47,128,87,32,37,103,76,112,57,10" hai1="85,66,96,13,109,25,130,26,89,34,100,129,43" hai2="113,19,20,40,53,1,71,45,132,83,36,15,116" hai3="74,91,24,88,70,29,31,18,110,2,55,65,52"/><W59/><G91/><T6/><D37/><U114/><E114/><V82/><F113/><W92/><G55/><T98/><D112/><U75/><E75/><V21/><F116/><W4/><G4/><T62/><D47/><U22/><E109/><V68/><F1/><W115/><G18/><T108/><D108/><U9/><E43/><V127/><F127/><W80/><G80/><T111/><D111/><U105/><E66/><V14/><F132/><W0/><G31/><T28/><D28/><U35/><E25/><V134/><F134/><W135/><G74/><T27/><D27/><U64/><E64/><V78/><F53/><W120/><G120/><T39/><D39/><U11/><E22/><V79/><F14/><W5/><G5/><T61/><D128/><N who="1" m="49259" /><E26/><V42/><F20/><W77/><G24/><T101/><D33/><N who="1" m="12299" /><E13/><V133/><F40/><W107/><G65/><T17/><D32/><U23/><E23/><V73/><F133/><W69/><G0/><N who="0" m="327" /><D17/><U54/><E54/><V48/><F36/><W124/><G52/><N who="0" m="33959" /><D62/><U84/><E84/><AGARI ba="0,0" hai="15,19,21,42,45,48,68,71,73,78,79,82,83,84" machi="84" ten="30,1000,0" yaku="7,1" doraHai="97" who="2" fromWho="1" sc="185,0,240,-10,195,10,380,0" owari="185,-31.5,230,3.0,205,-19.5,380,48.0" /></mjloggm>