<mjloggm ver="2.3"><GO type="225" lobby="0"/><UN n0="%E5%8D%8D%E6%B1%A0%E8%A2%8B%E6%9C%80%E5%BC%B7%E5%8D%8D" n1="%E3%83%81%E3%83%AF%E3%83%AF%E9%9A%8A%E9%95%B7" n2="%E6%98%93%E5%88%A9%E8%96%A9%E4%BC%AF" n3="%E7%89%B9%E6%9D%B1%E3%81%AF%E4%B8%96%E7%95%8C%E3%82%92%E6%95%91%E3%81%86" dan="16,17,16,16" rate="2150.58,2174.76,2032.58,2160.64" sx="M,M,F,M"/><TAIKYOKU oya="0"/><INIT seed="0,0,0,5,2,40" ten="250,250,250,250" oya="0" hai0="63,11,27,93,127,8,112,38,48,33,116,34,46" hai1="51,94,62,81,20,82,73,97,124,41,70,95,92" hai2="30,44,119,61,29,113,17,9,26,6,57,114,36" hai3="58,84,64,104,106,0,69,85,31,122,117,16,54"/><T22/><D112/><U25/><E124/><V115/><F119/><W89/><G117/><T118/><D38/><U35/><E35/><V129/><F129/><W125/><G0/><T131/><D127/><U14/><E73/><V75/><F75/><W134/><G125/><T72/><D72/><U108/><E108/><V76/><F76/><W83/><G134/><T130/><D63/><U128/><E128/><N who="0" m="49193" /><D93/><N who="1" m="35947" /><E70/><V103/><F103/><W7/><G7/><T86/><D86/><U80/><E62/><V126/><F126/><W67/><G122/><T32/><D118/><U60/><E60/><V99/><F99/><W4/><G4/><T49/><D49/><U78/><E14/><V121/><F121/><W65/><G69/><T21/><D116/><U3/><E3/><V37/><F37/><W1/><G1/><T18/><D22/><U66/><E66/><V47/><F36/><W77/><G84/><T28/><D28/><U13/><E78/><V50/><F50/><W100/><G31/><T59/><D59/><U10/><E51/><V2/><F17/><W98/><G16/><T102/><D102/><U42/><E20/><V120/><F120/><W23/><G23/><T91/><D91/><N who="1" m="55551" /><E25/><V87/><F87/><W71/><G71/><T109/><D109/><U39/><E39/><V5/><F5/><AGARI ba="0,0" hai="5,10,13,41,42,80,81,82" m="55551,35947" machi="5" ten="30,1000,0" yaku="8,1" doraHai="40" who="1" fromWho="2" sc="250,0,250,10,250,-10,250,0" /><INIT seed="1,0,0,5,3,26" ten="250,260,240,250" oya="1" hai0="6,115,67,53,22,117,72,82,78,81,19,27,0" hai1="102,69,97,89,113,8,87,93,134,123,83,47,15" hai2="51,127,114,79,28,77,110,124,62,96,39,33,74" hai3="41,43,13,35,98,3,99,21,129,55,126,18,100"/><U132/><E113/><V122/><F39/><W50/><G129/><T70/><D117/><U1/><E123/><V64/><F122/><W101/><G3/><T104/><D115/><U42/><E69/><V9/><F114/><W63/><G63/><T73/><D104/><U84/><E84/><V88/><F110/><W120/><G35/><T85/><D70/><U14/><E1/><V57/><F9/><W133/><G133/><N who="1" m="51306" /><E8/><V23/><F33/><W116/><G126/><N who="2" m="48169" /><F51/><AGARI ba="0,0" hai="14,15,42,47,51,83,87,89,93,97,102" m="51306" machi="51" ten="30,1500,0" yaku="20,1" doraHai="26" who="1" fromWho="2" sc="250,0,260,15,240,-15,250,0" /><INIT seed="1,1,0,0,3,127" ten="250,275,225,250" oya="1" hai0="113,133,94,61,123,41,18,63,46,68,99,93,95" hai1="76,33,114,49,97,130,83,15,125,96,2,66,58" hai2="54,42,90,132,4,44,21,67,91,135,30,82,115" hai3="104,108,87,120,28,62,32,37,121,7,110,57,122"/><U48/><E2/><V109/><F115/><W50/><G104/><T24/><D113/><U16/><E114/><V34/><F34/><W9/><G37/><T47/><D133/><N who="2" m="51274" /><F67/><W105/><G105/><T1/><D1/><U86/><E33/><V8/><F54/><W117/><G117/><T59/><D68/><U65/><E125/><V31/><F109/><N who="3" m="42091" /><G50/><N who="1" m="19562" /><E130/><V56/><F56/><W116/><G116/><T64/><D61/><N who="1" m="38071" /><E66/><V0/><F82/><W22/><G32/><T81/><D81/><U36/><E36/><N who="2" m="21575" /><F21/><AGARI ba="1,0" hai="15,16,21,76,83,86,96,97" m="38071,19562" machi="21" ten="30,2900,0" yaku="8,1,54,1" doraHai="127" who="1" fromWho="2" sc="250,0,275,32,225,-32,250,0" /><INIT seed="1,2,0,2,3,112" ten="250,307,193,250" oya="1" hai0="46,48,59,114,121,91,100,41,21,25,33,118,90" hai1="97,74,134,109,63,84,45,68,2,101,69,87,103" hai2="5,35,71,70,51,64,58,72,34,92,129,36,13" hai3="96,39,106,132,65,123,107,81,126,27,95,113,8"/><U49/><E74/><V10/><F36/><W28/><G113/><T66/><D121/><U3/><E134/><V11/><F72/><W79/><G123/><T73/><D73/><U108/><E63/><V12/><F129/><W117/><G132/><T50/><D33/><U110/><E49/><V43/><F43/><W135/><G135/><T86/><D118/><U75/><E75/><V127/><F127/><W22/><G39/><T52/><D66/><U31/><E31/><V38/><F38/><W115/><G115/><T1/><D1/><N who="1" m="11" /><E45/><V9/><F9/><W133/><G65/><T98/><D86/><N who="1" m="32811" /><E97/><V20/><F20/><W57/><G133/><T19/><REACH who="0" step="1"/><D114/><REACH who="0" ten="240,307,193,250" step="2"/><U14/><E14/><V67/><F67/><W125/><G125/><T0/><D0/><U111/><E111/><V40/><F64/><W29/><G126/><T62/><D62/><U42/><E42/><V120/><F35/><W88/><G117/><T53/><D53/><U54/><E54/><V80/><F34/><W76/><G96/><T99/><D99/><U130/><E130/><V30/><F40/><W47/><G76/><T24/><D24/><U55/><E55/><V128/><F13/><W7/><G79/><T6/><D6/><U37/><E37/><V89/><F5/><W44/><G7/><T104/><AGARI ba="2,1" hai="19,21,25,41,46,48,50,52,59,90,91,98,100,104" machi="104" ten="20,8000,1" yaku="1,1,0,1,7,1,54,1,53,1" doraHai="112" doraHaiUra="94" who="0" fromWho="0" sc="240,96,307,-42,193,-22,250,-22" /><INIT seed="2,0,0,2,3,104" ten="336,265,171,228" oya="2" hai0="89,65,119,111,112,45,22,78,32,96,101,7,2" hai1="77,109,52,69,72,63,18,106,41,133,95,66,118" hai2="121,86,31,124,16,62,67,48,36,103,29,44,34" hai3="54,113,33,49,129,27,60,131,35,53,71,82,24"/><V110/><F121/><W40/><G40/><T50/><D32/><N who="3" m="12361" /><G82/><T114/><D89/><U76/><E106/><V56/><F124/><W0/><G0/><T4/><D65/><U68/><E118/><V5/><F110/><W9/><G9/><T115/><D111/><U3/><E109/><V87/><F36/><W125/><G125/><T83/><D22/><U105/><E105/><V122/><F122/><W17/><G17/><T37/><D2/><U38/><E3/><V81/><F5/><W91/><G91/><T98/><D37/><U39/><E39/><V128/><F128/><N who="3" m="49227" /><G113/><T47/><D83/><U102/><E38/><V134/><F134/><W92/><G92/><T88/><D88/><U84/><E133/><V135/><F135/><W23/><G23/><T43/><D43/><U15/><E41/><V120/><F120/><W132/><G132/><T21/><D21/><U57/><E95/><V97/><F34/><W61/><G71/><T12/><D114/><U55/><E68/><V126/><F126/><W93/><G93/><T73/><D112/><U74/><E69/><V107/><F16/><W58/><G61/><T51/><D4/><U13/><E63/><V25/><F81/><W100/><G100/><T30/><D7/><U1/><E102/><V64/><F64/><W10/><G10/><T75/><D101/><U80/><E66/><V117/><F117/><W130/><N who="3" m="49235" /><W108/><DORA hai="79" /><G108/><T90/><D119/><U127/><E127/><V42/><REACH who="2" step="1"/><F25/><REACH who="2" ten="336,265,161,228" step="2"/><W20/><G20/><T46/><D115/><U70/><E18/><V116/><F116/><RYUUKYOKU ba="0,1" sc="336,-15,265,-15,161,15,228,15" hai2="29,31,42,44,48,56,62,67,86,87,97,103,107" hai3="24,27,49,53,54,58,60" /><INIT seed="2,1,1,3,5,50" ten="321,250,176,243" oya="2" hai0="38,15,78,120,48,5,4,109,44,34,17,135,125" hai1="25,31,70,39,16,12,127,85,63,111,89,121,81" hai2="22,105,55,13,41,0,74,79,132,116,99,130,90" hai3="86,27,18,45,69,42,52,107,8,60,37,110,87"/><V123/><F116/><W1/><G107/><T9/><D109/><U59/><E111/><V104/><F123/><W58/><G110/><T46/><D120/><U62/><E121/><V129/><F0/><W115/><G115/><T77/><D135/><U19/><E39/><V124/><F41/><W64/><G27/><T20/><D34/><U96/><E127/><V54/><F124/><W103/><G103/><T75/><D75/><U35/><E70/><V57/><F132/><W26/><G26/><N who="0" m="14607" /><D38/><U61/><E96/><V33/><F33/><W24/><G24/><T2/><D2/><U67/><REACH who="1" step="1"/><E19/><REACH who="1" ten="321,240,176,243" step="2"/><N who="2" m="10607" /><F57/><W10/><G18/><N who="0" m="8559" /><D44/><U108/><E108/><V114/><F114/><W92/><G37/><T101/><D125/><U122/><E122/><V84/><F99/><W83/><G45/><T3/><D3/><U98/><E98/><V49/><F105/><W91/><G1/><T95/><D5/><U43/><E43/><V128/><F104/><W72/><G42/><N who="0" m="24663" /><D4/><U68/><E68/><V118/><F118/><W126/><G126/><T56/><D56/><U23/><AGARI ba="1,2" hai="12,16,23,25,31,35,59,61,62,63,67,81,85,89" machi="23" ten="20,5200,0" yaku="1,1,0,1,7,1,54,1,53,0" doraHai="50" doraHaiUra="65" who="1" fromWho="1" sc="321,-14,240,75,176,-27,243,-14" /><INIT seed="3,0,0,4,5,58" ten="307,315,149,229" oya="3" hai0="52,31,33,84,134,74,57,39,98,104,42,107,132" hai1="111,21,26,15,6,95,9,112,76,86,103,119,66" hai2="83,60,78,87,89,34,91,113,22,24,125,81,123" hai3="7,120,48,43,11,53,45,8,90,77,97,63,50"/><W85/><G120/><T4/><D74/><U106/><E112/><V88/><F113/><W37/><G77/><T1/><D1/><U116/><E106/><N who="0" m="40489" /><D4/><U16/><E111/><V0/><F125/><W68/><G97/><T130/><D98/><N who="1" m="59871" /><E66/><V2/><F34/><W13/><G11/><T17/><D17/><U92/><E76/><V19/><F123/><W110/><G110/><T51/><D84/><U108/><E108/><V70/><REACH who="2" step="1"/><F83/><REACH who="2" ten="307,315,139,229" step="2"/><W35/><G35/><T124/><D33/><U59/><E116/><V12/><F12/><W14/><G14/><T115/><D115/><U44/><E119/><V47/><F47/><W41/><G41/><T55/><D124/><U82/><E44/><V18/><F18/><W20/><G20/><T3/><D42/><U114/><E21/><V109/><F109/><W122/><G122/><T67/><D3/><U62/><E114/><V131/><F131/><W38/><G45/><N who="0" m="27759" /><D130/><U72/><E15/><V105/><F105/><W71/><G43/><T80/><D80/><U75/><E82/><V65/><AGARI ba="0,1" hai="0,2,19,22,24,60,65,70,78,81,87,88,89,91" machi="65" ten="30,7900,0" yaku="1,1,0,1,52,1,54,1,53,0" doraHai="58" doraHaiUra="27" who="2" fromWho="2" sc="307,-20,315,-20,139,89,229,-39" /><INIT seed="4,0,0,3,1,61" ten="287,295,228,190" oya="0" hai0="42,69,84,89,25,26,54,8,9,129,57,33,77" hai1="106,18,16,75,29,117,31,123,105,23,4,14,6" hai2="108,87,45,107,116,70,7,135,28,56,100,126,98" hai3="104,37,48,115,92,109,64,113,32,80,58,102,53"/><T125/><D69/><U44/><E75/><V82/><F108/><W65/><G109/><T11/><D129/><U119/><E44/><V91/><F135/><W134/><G134/><T76/><D125/><U78/><E78/><N who="0" m="30313" /><D42/><U110/><E110/><V66/><F116/><N who="1" m="44617" /><E105/><V94/><F7/><N who="1" m="2601" /><E106/><V101/><F28/><N who="1" m="10825" /><E18/><V96/><F126/><W21/><G104/><T10/><N who="0" m="2048" /><DORA hai="118" /><T17/><D17/><U60/><E60/><V50/><F70/><W2/><G37/><T22/><D33/><U111/><E111/><V27/><F56/><W133/><G32/><T114/><D22/><U36/><E36/><V51/><F51/><W34/><G34/><T55/><D55/><U46/><E46/><V103/><F103/><W15/><G133/><T132/><D132/><U68/><E68/><V72/><F72/><W47/><G2/><T52/><D54/><U79/><E79/><V97/><F97/><N who="3" m="59687" /><G47/><T24/><D24/><U3/><E3/><V124/><F27/><W120/><G120/><AGARI ba="0,0" hai="14,16,23,120,123" m="10825,2601,44617" machi="120" ten="30,8000,1" yaku="34,2,52,2,54,1" doraHai="61,118" who="1" fromWho="3" sc="287,0,295,80,228,0,190,-80" owari="287,8.7,375,47.5,228,-17.2,110,-39.0" /></mjloggm>