<mjloggm ver="2.3"><GO type="225" lobby="0"/><UN n0="%73%6C%69%63%6B%33%31%39" n1="%E3%81%95%E3%81%8D%E3%81%9F%E3%81%BE%E6%9E%97%E6%AA%8E" n2="%73%69%67%65%6E%6F%72%69" n3="%33%74%72%65%65" dan="17,16,18,17" rate="2150.45,2105.57,2249.01,2168.51" sx="M,M,M,F"/><TAIKYOKU oya="0"/><INIT seed="0,0,0,5,1,20" ten="250,250,250,250" oya="0" hai0="32,33,125,55,70,67,53,10,128,119,112,89,77" hai1="105,66,52,134,12,37,26,61,127,14,38,7,50" hai2="101,35,13,115,3,85,76,15,31,21,57,45,86" hai3="121,28,111,58,102,0,117,16,71,90,98,48,11"/><T99/><D112/><U4/><E134/><V25/><F115/><W93/><G117/><T83/><D119/><U131/><E131/><V78/><F3/><W107/><G71/><T39/><D39/><U106/><E127/><V18/><F101/><W79/><G121/><T40/><D40/><U87/><E87/><V44/><F13/><W23/><G111/><T91/><D70/><U103/><E103/><V82/><REACH who="2" step="1"/><F57/><REACH who="2" ten="250,250,240,250" step="2"/><W92/><G0/><T135/><D128/><U110/><E14/><V68/><F68/><W95/><G102/><T96/><D125/><U94/><E12/><V81/><AGARI ba="0,1" hai="15,18,21,25,31,35,44,45,76,78,81,82,85,86" machi="81" ten="30,7900,0" yaku="1,1,0,1,9,1,52,1,53,0" doraHai="20" doraHaiUra="114" who="2" fromWho="2" sc="250,-39,250,-20,240,89,250,-20" /><INIT seed="1,0,0,5,2,129" ten="211,230,329,230" oya="1" hai0="42,118,34,119,95,113,29,28,1,99,2,35,73" hai1="18,22,19,79,36,126,55,105,26,112,24,25,134" hai2="27,48,101,38,64,88,117,107,39,84,54,5,33" hai3="102,14,57,17,91,4,130,81,11,87,94,135,83"/><U116/><E112/><V120/><F117/><N who="0" m="44554" /><D95/><U51/><E116/><V0/><F120/><W12/><G130/><T100/><D99/><U56/><E36/><V32/><F64/><W122/><G122/><T13/><D100/><U86/><E105/><V111/><F111/><W109/><G109/><T46/><D73/><U50/><E126/><V106/><F0/><N who="0" m="106" /><D46/><U97/><E97/><V70/><F5/><W66/><G102/><T89/><D89/><U131/><E131/><V53/><F70/><W41/><G41/><T90/><D90/><U92/><E51/><V9/><F9/><W49/><G135/><T103/><D42/><U80/><E134/><V8/><F8/><N who="3" m="4103" /><G66/><T6/><D103/><U61/><E92/><V40/><F48/><W108/><G108/><T62/><D62/><U114/><E114/><V128/><F40/><W123/><G123/><T16/><D6/><U52/><REACH who="1" step="1"/><E19/><REACH who="1" ten="211,220,329,230" step="2"/><V7/><F38/><W3/><G3/><T30/><D113/><U45/><AGARI ba="0,1" hai="18,22,24,25,26,45,50,52,55,56,61,79,80,86" machi="45" ten="20,24000,3" yaku="1,1,2,1,0,1,7,1,8,1,54,1,53,3" doraHai="129" doraHaiUra="23" who="1" fromWho="1" sc="211,-80,220,250,329,-80,230,-80" /><INIT seed="1,1,0,0,0,116" ten="131,470,249,150" oya="1" hai0="12,135,121,36,94,4,106,43,53,9,15,115,14" hai1="17,62,96,87,108,30,71,73,59,28,55,56,126" hai2="132,49,95,103,119,91,64,29,69,2,128,21,104" hai3="51,67,74,118,100,16,52,46,44,99,23,0,34"/><U134/><E134/><V57/><F2/><W63/><G118/><T124/><D115/><U39/><E126/><V20/><F119/><W81/><G0/><T1/><D106/><U8/><E73/><V90/><F128/><W41/><G34/><T102/><D124/><U92/><E39/><V24/><F132/><W127/><G127/><T40/><D135/><U77/><E71/><V19/><F104/><W110/><G110/><T133/><D133/><U32/><E32/><V79/><F79/><W105/><G74/><T123/><D53/><U7/><E108/><V130/><F69/><W131/><G81/><T5/><D5/><U83/><E17/><V75/><F75/><W58/><G131/><T66/><D66/><U89/><REACH who="1" step="1"/><E59/><REACH who="1" ten="131,460,249,150" step="2"/><V33/><F33/><W112/><G112/><T18/><D18/><U111/><E111/><V27/><F130/><W6/><G6/><T54/><D54/><U42/><E42/><V72/><F72/><W35/><G35/><T61/><D61/><U93/><E93/><V38/><F38/><W117/><G117/><T109/><D109/><U13/><AGARI ba="1,1" hai="7,8,13,28,30,55,56,62,77,83,87,89,92,96" machi="13" ten="20,7800,0" yaku="1,1,0,1,7,1,8,1,53,0" doraHai="116" doraHaiUra="47" who="1" fromWho="1" sc="131,-27,460,91,249,-27,150,-27" /><INIT seed="1,2,0,1,3,118" ten="104,551,222,123" oya="1" hai0="0,109,38,73,62,128,104,11,39,32,2,82,25" hai1="54,7,81,88,43,40,100,64,80,49,8,42,3" hai2="51,19,112,125,126,107,133,57,31,121,15,130,74" hai3="117,70,84,134,30,37,96,97,131,77,114,1,53"/><U127/><E127/><N who="2" m="48651" /><F112/><W61/><G37/><N who="0" m="13835" /><D62/><U48/><E64/><V124/><F107/><W16/><G1/><N who="0" m="619" /><D11/><U116/><E116/><V92/><F74/><W36/><G61/><T122/><D109/><U46/><E100/><V120/><F124/><W132/><G36/><T12/><D12/><U66/><E66/><V44/><F31/><W90/><G30/><N who="0" m="19535" /><D104/><U75/><E75/><V91/><F57/><W76/><G117/><T69/><D128/><U67/><E67/><V27/><F27/><W20/><G131/><T65/><D122/><N who="2" m="47210" /><F130/><W86/><G114/><T13/><D13/><U103/><E103/><V102/><F102/><W119/><G119/><T93/><D93/><U18/><E18/><V105/><F105/><W110/><G16/><T9/><D9/><U35/><E35/><V113/><F113/><W50/><G110/><T10/><D10/><U98/><E49/><V58/><F58/><W45/><G50/><T63/><D82/><U94/><AGARI ba="2,0" hai="3,7,8,40,42,43,46,48,54,80,81,88,94,98" machi="94" ten="30,3000,0" yaku="0,1,54,1" doraHai="118" who="1" fromWho="1" sc="104,-12,551,36,222,-12,123,-12" /><INIT seed="1,3,0,3,4,31" ten="92,587,210,111" oya="1" hai0="17,135,112,90,66,82,115,52,55,59,103,45,93" hai1="14,6,122,119,4,78,84,79,67,51,19,89,44" hai2="71,133,9,16,120,110,74,18,63,36,75,77,131" hai3="111,42,30,107,7,2,49,13,57,97,1,94,54"/><U60/><E119/><V116/><F120/><W80/><G111/><T73/><D135/><U3/><E122/><V38/><F116/><W65/><G107/><T25/><D115/><U83/><E3/><V35/><F110/><W58/><G42/><T46/><D112/><U99/><E99/><V20/><F35/><W41/><G41/><T114/><D114/><U95/><E60/><V26/><F131/><W12/><G1/><T68/><D68/><U132/><E132/><V104/><F104/><W27/><G2/><T127/><D127/><U130/><E67/><V123/><F123/><W129/><G129/><T76/><D66/><U102/><E102/><V22/><F9/><W50/><G80/><T29/><D17/><U113/><E113/><V0/><F0/><W98/><G7/><T8/><D8/><U61/><E130/><V106/><F106/><W33/><G98/><T34/><D103/><U62/><E6/><V96/><F96/><W108/><G108/><T23/><D23/><U85/><E4/><V72/><F77/><W117/><G117/><T87/><REACH who="0" step="1"/><D55/><REACH who="0" ten="82,587,210,111" step="2"/><U5/><E19/><V39/><F133/><W118/><G118/><T43/><D43/><U40/><E79/><V56/><F71/><W37/><G65/><T21/><D21/><U88/><E78/><V126/><F126/><W70/><G70/><T81/><D81/><U134/><E134/><V64/><F20/><W101/><G37/><T86/><D86/><U53/><E40/><V128/><F128/><W125/><G125/><T15/><D15/><U28/><E14/><N who="2" m="9559" /><F38/><W124/><G124/><RYUUKYOKU ba="3,1" sc="82,10,587,-30,210,10,111,10" hai0="25,29,34,45,46,52,59,73,76,82,87,90,93" hai2="16,26,36,39,56,63,64,72,74,75" hai3="12,13,27,30,33,49,50,54,57,58,94,97,101" /><INIT seed="2,4,1,5,2,97" ten="92,557,220,121" oya="2" hai0="81,77,119,113,89,124,118,100,134,80,76,41,87" hai1="111,62,131,75,16,103,27,20,125,94,6,86,35" hai2="32,61,88,4,2,33,92,19,95,126,28,64,112" hai3="104,60,46,52,14,59,130,84,72,73,85,37,107"/><V43/><F112/><W122/><G122/><T110/><D41/><U69/><E111/><V24/><F126/><W101/><G130/><T63/><D63/><U105/><E131/><V78/><F33/><W7/><G73/><N who="0" m="43023" /><D113/><U29/><E125/><V57/><F78/><W38/><G72/><N who="0" m="43175" /><D124/><U48/><E75/><V56/><F43/><W51/><G38/><T55/><D55/><U17/><E6/><V45/><F45/><W79/><G37/><T115/><D115/><U120/><E120/><V0/><F92/><W12/><G79/><T11/><D11/><U26/><E94/><V135/><F4/><W74/><G74/><T66/><D66/><N who="1" m="41175" /><E86/><V129/><F129/><W128/><G128/><T36/><D36/><U23/><E48/><V25/><F0/><W5/><G5/><T9/><D9/><U8/><E8/><V71/><F2/><W21/><G7/><T65/><D65/><U90/><E90/><V132/><F19/><W117/><G51/><T44/><D44/><U31/><E31/><V127/><F127/><W123/><G46/><T83/><D110/><U108/><E108/><V91/><F28/><W121/><G121/><T34/><D34/><U22/><E17/><V98/><F32/><W53/><G123/><T49/><D49/><U58/><E58/><V3/><F3/><W42/><G42/><T47/><D47/><U13/><E13/><N who="3" m="5226" /><G21/><T67/><D134/><N who="2" m="51242" /><F56/><W133/><G133/><T1/><D1/><U15/><E15/><V18/><F57/><W102/><G59/><T70/><D100/><U114/><E114/><V54/><F18/><RYUUKYOKU ba="4,1" sc="92,15,557,15,220,-15,121,-15" hai0="67,70,83,87,89,118,119" hai1="16,20,22,23,26,27,29,35,103,105" /><INIT seed="3,5,1,0,1,43" ten="107,572,205,106" oya="3" hai0="123,62,14,45,131,24,20,17,102,47,22,110,44" hai1="36,100,134,11,135,77,23,128,18,78,12,58,21" hai2="51,54,26,39,83,98,73,113,61,101,4,92,80" hai3="71,30,129,46,55,85,70,97,27,8,28,3,96"/><W91/><G129/><T33/><D123/><U105/><E128/><V25/><F39/><W63/><G71/><T89/><D131/><U68/><E68/><V108/><F113/><W87/><G87/><T13/><D110/><U124/><E124/><V66/><F108/><W48/><G28/><T32/><D102/><U5/><E36/><V41/><F41/><W56/><G70/><T132/><D132/><N who="1" m="50731" /><E58/><N who="2" m="37175" /><F4/><W103/><G103/><T7/><D7/><U75/><E75/><V125/><F73/><W2/><G8/><T109/><D109/><U93/><E93/><V127/><F127/><W37/><G37/><T53/><D89/><U106/><E23/><V90/><F125/><W74/><G74/><T16/><D24/><N who="2" m="9322" /><F90/><W76/><G76/><N who="1" m="29290" /><E100/><V19/><F19/><W112/><G112/><T130/><D130/><U104/><E104/><V118/><F118/><W114/><G114/><T82/><D82/><U121/><E121/><V116/><F116/><W29/><G3/><AGARI ba="5,1" hai="3,5,11,12,18,21,105,106" m="29290,50731" machi="3" ten="30,1000,0" yaku="20,1" doraHai="43" who="1" fromWho="3" sc="107,0,572,35,205,0,106,-25" owari="107,-29.3,607,70.7,205,0.5,81,-41.9" /></mjloggm>