<mjloggm ver="2.3"><GO type="225" lobby="0"/><UN n0="%E3%83%B4%E3%83%A0%EF%BC%99%E3%81%A6" n1="%E9%80%9F%E6%B0%B4%E5%87%9B%E9%A6%99" n2="%E3%82%B5%E3%83%AB%E3%82%B7%E3%83%B3" n3="%E3%81%AA%E3%81%8C%E3%81%95%E3%82%8F%E3%81%BE%E3%81%95%E3%81%BF" dan="17,16,16,16" rate="2190.50,2166.53,2116.50,2104.56" sx="M,F,M,F"/><TAIKYOKU oya="0"/><INIT seed="0,0,0,0,4,96" ten="250,250,250,250" oya="0" hai0="79,58,128,130,97,80,84,102,93,104,92,123,101" hai1="83,72,95,127,114,98,40,50,2,66,82,116,129" hai2="16,17,43,8,131,64,53,20,74,6,4,7,14" hai3="1,65,76,22,67,124,89,15,91,113,122,115,86"/><T75/><D123/><U60/><E116/><V56/><F74/><W9/><G122/><T25/><D25/><U133/><E2/><V38/><F131/><N who="0" m="50218" /><D58/><U73/><E129/><V23/><F64/><W5/><G124/><T118/><D118/><U54/><E40/><V44/><REACH who="2" step="1"/><F17/><REACH who="2" ten="250,250,240,250" step="2"/><W12/><G115/><T78/><D75/><U108/><E114/><V28/><F28/><W34/><G113/><T39/><D39/><U69/><E72/><V26/><F26/><W35/><G35/><T81/><D101/><U94/><E73/><V120/><F120/><W55/><G34/><T62/><D62/><AGARI ba="0,1" hai="4,6,7,8,14,16,20,23,38,43,44,53,56,62" machi="62" ten="40,5200,0" yaku="1,1,54,1,53,1" doraHai="96" doraHaiUra="10" who="2" fromWho="0" sc="250,-52,250,0,240,62,250,0" /><INIT seed="1,0,0,5,4,106" ten="198,250,302,250" oya="1" hai0="123,76,109,20,108,132,122,6,116,17,8,121,85" hai1="5,64,60,97,35,100,53,22,98,134,18,101,31" hai2="96,87,94,42,83,67,32,118,82,41,71,7,90" hai3="124,55,54,104,73,45,115,80,114,19,89,29,93"/><U14/><E134/><V107/><F118/><W74/><G29/><T62/><D62/><U12/><E35/><V25/><F7/><W4/><G104/><T129/><D85/><U95/><E31/><V68/><F83/><W84/><G124/><T61/><D61/><U36/><E36/><V24/><F107/><W10/><G19/><T112/><D76/><U135/><E135/><V11/><F11/><W103/><G115/><T91/><D91/><U92/><E53/><V52/><F32/><W30/><G30/><T23/><D132/><U27/><REACH who="1" step="1"/><E5/><REACH who="1" ten="198,240,302,250" step="2"/><V110/><F42/><W69/><G114/><T15/><D112/><U46/><E46/><V119/><F41/><W59/><G45/><T21/><D116/><U58/><AGARI ba="0,1" hai="12,14,18,22,27,58,60,64,92,95,97,98,100,101" machi="58" ten="20,12000,1" yaku="1,1,0,1,7,1,9,1,8,1,53,0" doraHai="106" doraHaiUra="81" who="1" fromWho="1" sc="198,-40,240,130,302,-40,250,-40" /><INIT seed="1,1,0,0,3,62" ten="158,370,262,210" oya="1" hai0="49,74,126,63,22,78,12,4,109,30,75,103,134" hai1="60,72,131,19,21,67,73,61,48,38,135,85,117" hai2="54,33,95,65,71,70,35,90,111,64,77,17,130" hai3="9,44,122,110,58,119,26,57,81,84,40,29,118"/><U6/><E38/><V99/><F111/><W107/><G107/><T66/><D109/><U127/><E117/><N who="3" m="44554" /><G122/><T18/><D126/><U42/><E6/><V120/><F120/><W28/><G110/><T68/><D134/><U13/><E135/><V105/><F130/><W43/><G9/><T112/><D112/><U108/><E131/><V2/><F2/><W124/><G124/><T59/><D103/><U45/><E127/><V89/><F105/><W11/><G11/><T116/><D116/><U15/><E108/><V114/><F77/><N who="3" m="46127" /><G40/><T98/><D4/><U92/><E13/><V132/><F132/><W46/><G44/><T100/><D30/><N who="3" m="11881" /><G26/><T14/><D14/><U7/><E7/><V32/><F17/><W53/><G53/><T79/><D74/><U97/><E85/><V113/><F54/><W47/><G47/><T51/><D75/><U23/><E23/><V39/><F39/><AGARI ba="1,0" hai="39,43,46,57,58" m="11881,46127,44554" machi="39" ten="30,1000,0" yaku="12,1" doraHai="62" who="3" fromWho="2" sc="158,0,370,0,262,-13,210,13" /><INIT seed="2,0,0,1,3,15" ten="158,370,249,223" oya="2" hai0="20,47,53,91,25,59,103,100,62,117,116,6,94" hai1="24,70,44,73,17,7,14,98,107,13,129,42,2" hai2="64,11,75,120,57,68,49,106,95,8,39,27,112" hai3="108,104,101,109,89,99,74,4,50,85,5,9,48"/><V66/><F120/><W22/><G74/><T30/><D6/><U102/><E70/><V1/><F106/><W41/><G22/><T81/><D81/><U34/><E73/><V71/><F112/><W60/><G60/><T51/><D116/><U88/><E129/><V110/><F39/><W46/><G50/><T65/><REACH who="0" step="1"/><D117/><REACH who="0" ten="148,370,249,223" step="2"/><U125/><E7/><V40/><F1/><W87/><G4/><T32/><D32/><U58/><E2/><V121/><F121/><W130/><G130/><T54/><D54/><U55/><E34/><V23/><F66/><W134/><G134/><T82/><D82/><U26/><E55/><V86/><F64/><W96/><G108/><T113/><D113/><U78/><E125/><V79/><F110/><W92/><G109/><T18/><D18/><U90/><E17/><N who="2" m="12783" /><F75/><W10/><G10/><T37/><D37/><U31/><E31/><V119/><F119/><W115/><G115/><T80/><D80/><U127/><E127/><V126/><F126/><W77/><G77/><T45/><D45/><U111/><E78/><V114/><F79/><W16/><G16/><T67/><D67/><U124/><E124/><V0/><F0/><AGARI ba="0,1" hai="0,5,9,41,46,48,85,87,89,92,96,99,101,104" machi="0" ten="30,1000,0" yaku="7,1" doraHai="15" who="3" fromWho="2" sc="148,0,370,0,249,-10,223,20" /><INIT seed="3,0,0,3,3,80" ten="148,370,239,243" oya="3" hai0="119,18,66,124,29,108,68,22,34,84,93,129,36" hai1="125,116,10,50,23,122,16,27,99,115,28,107,109" hai2="45,86,6,9,46,104,30,82,54,17,41,92,12" hai3="67,51,74,131,61,117,39,65,76,48,73,58,130"/><W40/><G76/><T103/><D119/><U128/><E116/><V70/><F104/><W0/><G0/><T52/><D36/><U31/><E115/><V97/><F70/><W81/><G81/><T3/><D3/><U101/><E109/><V83/><F30/><W69/><G117/><T2/><D2/><U114/><E122/><V77/><F54/><W24/><G24/><T55/><D108/><U85/><E114/><V8/><F83/><W1/><G74/><T94/><D124/><U112/><E128/><N who="3" m="49194" /><G73/><T87/><D129/><U20/><E125/><V15/><F41/><W13/><G13/><N who="0" m="9551" /><D68/><U106/><E106/><V37/><F37/><W33/><G33/><T64/><D29/><U62/><E85/><N who="0" m="32841" /><D34/><U38/><E31/><V102/><AGARI ba="0,0" hai="6,8,9,12,15,17,45,46,77,82,86,92,97,102" machi="102" ten="20,5200,0" yaku="0,1,7,1,8,1,52,1" doraHai="80" who="2" fromWho="2" sc="148,-13,370,-13,239,52,243,-26" owari="135,-36.5,357,45.7,291,9.1,217,-18.3" /></mjloggm>