<mjloggm ver="2.3"><GO type="225" lobby="0"/><UN n0="%E3%83%A9%E3%83%BC%E3%83%A1%E3%83%B3%E4%BA%94%E9%83%8E" n1="%E8%81%B7%E6%A5%AD%E3%80%81%E9%A2%A8%32" n2="%72%69%6F%75%63%68%61%6E" n3="%74%61%6B%75%61%6B%61" dan="16,16,16,16" rate="2068.07,2138.46,2201.73,2128.24" sx="M,M,M,M"/><TAIKYOKU oya="0"/><INIT seed="0,0,0,0,0,89" ten="250,250,250,250" oya="0" hai0="84,115,0,94,9,104,129,5,110,112,82,69,101" hai1="79,68,133,106,8,91,80,23,130,56,120,81,55" hai2="13,97,50,134,88,11,66,93,62,60,17,96,29" hai3="135,119,10,118,74,12,90,31,30,109,37,132,71"/><T107/><D69/><U14/><E68/><V35/><F134/><N who="3" m="51243" /><G37/><T125/><D125/><U33/><E33/><V87/><F50/><W25/><G74/><T34/><D34/><U38/><E106/><V52/><F60/><W47/><G47/><T45/><D129/><U131/><E120/><V49/><F29/><N who="3" m="10763" /><G71/><T128/><D128/><N who="1" m="49195" /><E38/><V83/><F35/><W123/><G90/><T43/><D110/><U116/><E133/><V122/><F122/><W126/><G123/><T16/><D115/><U26/><E116/><N who="3" m="44586" /><G109/><T76/><D112/><U24/><E91/><N who="2" m="51711" /><F62/><W103/><G103/><T48/><REACH who="0" step="1"/><D16/><REACH who="0" ten="240,250,250,250" step="2"/><N who="1" m="12391" /><E26/><V92/><F66/><W59/><G25/><T4/><D4/><N who="1" m="3335" /><E79/><V53/><F49/><AGARI ba="0,1" hai="49,55,56,80,81" m="3335,12391,49195" machi="49" ten="30,2000,0" yaku="19,1,54,1" doraHai="89" who="1" fromWho="2" sc="240,0,250,30,250,-20,250,0" /><INIT seed="1,0,0,5,4,101" ten="240,280,230,250" oya="1" hai0="132,29,23,96,68,54,1,105,70,74,93,135,83" hai1="55,77,88,40,73,31,106,34,59,13,130,100,32" hai2="120,47,7,110,30,99,37,46,117,71,66,112,63" hai3="64,41,118,126,43,89,134,127,39,102,95,107,114"/><U21/><E130/><V14/><F117/><W86/><G114/><T15/><D1/><U6/><E40/><V133/><F120/><W18/><G134/><N who="0" m="51243" /><D54/><U10/><E77/><V113/><F110/><W84/><G118/><T75/><D105/><U82/><E73/><N who="0" m="27657" /><D83/><U108/><E108/><V28/><F133/><W36/><G64/><T94/><D94/><U38/><E38/><V35/><F99/><N who="3" m="61919" /><G84/><T80/><D80/><U52/><E100/><V115/><F35/><W51/><G41/><T56/><D56/><U0/><E106/><V76/><F76/><W103/><G103/><N who="0" m="60815" /><D15/><U122/><E0/><V53/><F37/><W11/><G51/><T87/><D87/><N who="1" m="50295" /><E122/><V119/><F119/><W90/><G43/><T3/><D3/><U91/><E32/><V60/><F60/><W81/><G81/><T44/><D44/><N who="2" m="16938" /><F53/><N who="1" m="20553" /><E34/><V116/><F116/><W121/><G121/><T79/><D79/><U8/><E59/><V58/><F58/><W17/><G89/><T85/><D85/><U128/><E91/><V125/><F71/><W4/><G36/><T20/><D29/><N who="2" m="11370" /><F63/><W33/><G39/><T109/><D109/><U78/><E78/><V62/><F62/><W22/><G33/><T48/><D48/><U124/><E31/><V57/><F57/><W45/><G45/><T65/><D70/><U24/><E13/><V9/><F66/><W16/><G22/><T111/><D111/><U2/><E21/><V5/><F5/><W69/><G69/><T97/><D97/><U61/><E6/><V27/><F27/><W98/><G98/><T72/><D72/><RYUUKYOKU ba="0,0" sc="240,10,280,-30,230,10,250,10" hai0="20,23,65,68" hai2="7,9,14,112,113,115,125" hai3="4,11,16,17,18,86,90,95,126,127" /><INIT seed="2,1,0,3,2,12" ten="250,250,240,260" oya="2" hai0="20,110,18,133,25,58,98,88,128,14,47,19,122" hai1="134,1,3,123,2,66,27,41,111,76,68,87,40" hai2="92,61,49,64,45,50,114,112,129,5,86,29,132" hai3="46,91,93,107,7,106,124,135,126,54,121,96,15"/><V22/><F129/><W72/><G121/><T120/><D128/><U55/><E111/><V81/><F132/><W105/><G72/><T65/><D110/><U37/><E134/><V17/><F5/><W113/><G135/><T99/><D133/><U104/><E104/><V70/><F29/><W69/><G69/><T108/><D108/><U130/><E130/><V75/><F75/><W100/><G113/><T28/><D122/><U16/><E37/><V56/><F92/><W34/><G34/><T74/><D74/><U125/><E66/><V13/><F70/><W8/><REACH who="3" step="1"/><G100/><REACH who="3" ten="250,250,240,250" step="2"/><T48/><D120/><U119/><E68/><V42/><REACH who="2" step="1"/><F50/><AGARI ba="1,1" hai="7,8,15,46,50,54,91,93,96,105,106,107,124,126" machi="50" ten="50,3200,0" yaku="1,1,2,1,53,0" doraHai="12" doraHaiUra="109" who="3" fromWho="2" sc="250,0,250,0,240,-35,250,45" /><INIT seed="3,0,0,4,3,70" ten="250,250,205,295" oya="3" hai0="90,46,99,113,9,95,43,26,110,7,104,15,66" hai1="134,6,64,86,100,37,13,118,10,34,89,55,48" hai2="28,56,82,65,49,85,120,135,76,101,124,0,129" hai3="51,18,78,1,122,111,108,20,62,98,3,40,73"/><W47/><G122/><T53/><D110/><N who="3" m="42025" /><G98/><T87/><D113/><U44/><E34/><V5/><F124/><W42/><G42/><T106/><D66/><U22/><E134/><V63/><F129/><W39/><G51/><T83/><D53/><U45/><E118/><V79/><F135/><W105/><G105/><T14/><D14/><U33/><E33/><V91/><F120/><W115/><G115/><T4/><D26/><U96/><E64/><V67/><F101/><W19/><G62/><T41/><D4/><U117/><E117/><V21/><F65/><W88/><G88/><T32/><D32/><U116/><E116/><V24/><REACH who="2" step="1"/><F49/><REACH who="2" ten="250,250,195,295" step="2"/><W12/><G18/><T131/><D131/><U57/><E100/><V16/><F16/><W27/><G27/><T25/><D25/><U36/><E48/><V102/><F102/><W58/><G58/><T38/><D38/><U109/><E37/><V128/><F128/><W114/><G114/><T81/><D7/><U59/><E36/><V121/><F121/><W133/><G133/><T80/><D106/><U74/><E6/><V72/><F72/><W61/><G61/><T31/><D104/><U93/><E74/><V103/><F103/><W52/><G52/><T92/><D41/><U68/><E55/><V8/><AGARI ba="0,1" hai="0,5,8,21,24,28,56,63,67,76,79,82,85,91" machi="8" ten="30,2000,0" yaku="1,1,0,1,53,0" doraHai="70" doraHaiUra="130" who="2" fromWho="2" sc="250,-5,250,-5,195,30,295,-10" /><INIT seed="4,0,0,4,1,12" ten="245,245,225,285" oya="0" hai0="15,9,112,78,58,90,123,114,47,61,74,92,60" hai1="22,42,6,109,11,86,68,59,4,63,64,115,3" hai2="100,106,46,83,0,70,29,105,2,28,18,72,38" hai3="69,96,65,89,99,17,98,80,26,88,27,132,73"/><T79/><D123/><U49/><E109/><V85/><F70/><W5/><G132/><T101/><D101/><U16/><E115/><N who="0" m="44073" /><D47/><U19/><E6/><V52/><F72/><W14/><G5/><N who="0" m="3503" /><D74/><U23/><E86/><V129/><F129/><W67/><G73/><T94/><D94/><U125/><E125/><V124/><F124/><W111/><G111/><T35/><D35/><U34/><E34/><V8/><F0/><W13/><G69/><T127/><D127/><U134/><E134/><V135/><F135/><W71/><G71/><T97/><D61/><U51/><E68/><V131/><F131/><W107/><G107/><T24/><D24/><N who="1" m="14407" /><E3/><V122/><F122/><W77/><G27/><T43/><D43/><U103/><E103/><V7/><F100/><W39/><G26/><T40/><D40/><U91/><E42/><V21/><F38/><W81/><G39/><T102/><D102/><U48/><E91/><V20/><F106/><W120/><G120/><T33/><D33/><U41/><E41/><V1/><F2/><W56/><G89/><T117/><D117/><U30/><E4/><V87/><F105/><W133/><G133/><T32/><D32/><U57/><E57/><V130/><F130/><W37/><G56/><T126/><D126/><U95/><E95/><V10/><F87/><N who="3" m="48527" /><G37/><T44/><D44/><U113/><E113/><V36/><F36/><W128/><G128/><T62/><D62/><U75/><E75/><V121/><F121/><W119/><G119/><T45/><D45/><U93/><E63/><V53/><F46/><W31/><G88/><RYUUKYOKU ba="0,0" sc="245,30,245,-10,225,-10,285,-10" hai0="58,60,78,79,90,92,97" /><INIT seed="4,1,0,3,3,106" ten="275,235,215,275" oya="0" hai0="31,113,72,85,122,92,87,120,1,124,3,78,28" hai1="26,18,101,119,102,108,40,96,25,112,61,2,44" hai2="134,77,117,76,98,21,79,135,81,60,4,69,57" hai3="34,8,64,114,17,90,68,11,41,38,54,126,128"/><T43/><D113/><U27/><E108/><V130/><F130/><W111/><G111/><T13/><D43/><U51/><E2/><V100/><F117/><W88/><G34/><T33/><D124/><U70/><E119/><V19/><F69/><W133/><G114/><T84/><D92/><U16/><E112/><V104/><F4/><W22/><G128/><T115/><D115/><U62/><E102/><V37/><F37/><W127/><G133/><N who="2" m="50697" /><F81/><W109/><G109/><T86/><D86/><U103/><E103/><V53/><F76/><W58/><G64/><T65/><D65/><U121/><E121/><V74/><F74/><W0/><G68/><T50/><D50/><U116/><E116/><V42/><F42/><W123/><G41/><T95/><D95/><U105/><REACH who="1" step="1"/><E70/><REACH who="1" ten="275,225,215,275" step="2"/><V56/><F56/><W52/><G58/><T7/><D1/><U24/><N who="1" m="6144" /><DORA hai="129" /><U91/><E91/><V23/><F23/><W75/><G0/><T46/><D3/><U48/><E48/><V93/><F104/><W14/><G123/><T36/><D120/><U80/><E80/><V110/><F110/><W45/><G22/><T55/><D122/><U29/><E29/><V131/><F131/><W82/><G82/><T67/><D28/><U39/><E39/><V99/><F99/><W5/><G38/><T73/><D31/><U10/><E10/><V83/><F83/><W12/><G8/><T35/><D36/><U15/><E15/><AGARI ba="1,1" hai="15,19,21,53,57,60,77,79,93,98,100" m="50697" machi="15" ten="30,7700,0" yaku="20,1,52,3" doraHai="106,129" who="2" fromWho="1" sc="275,0,225,-80,215,90,275,0" owari="275,7.5,145,-35.5,305,40.5,275,-12.5" /></mjloggm>