<mjloggm ver="2.3"><GO type="225" lobby="0"/><UN n0="%E3%81%95%E3%81%8D%E3%81%9F%E3%81%BE%E6%9E%97%E6%AA%8E" n1="%E3%83%A9%E3%82%A4%E3%83%B3%E3%81%AE%E8%99%8E" n2="%E3%81%BF%E3%81%BF%E3%81%9A" n3="%E3%80%90%E3%83%88%E3%83%AA%E3%83%A5%E3%83%95%E3%80%91" dan="16,16,18,16" rate="2078.75,2082.17,2253.81,2061.44" sx="M,M,M,M"/><TAIKYOKU oya="0"/><INIT seed="0,0,0,0,5,100" ten="250,250,250,250" oya="0" hai0="35,126,99,131,16,92,96,1,47,77,91,102,48" hai1="135,56,132,124,103,21,60,8,128,12,31,109,52" hai2="25,116,41,29,133,44,76,14,130,45,61,2,27" hai3="57,68,115,26,94,15,6,119,82,71,89,97,127"/><T69/><D1/><U23/><E109/><V125/><F2/><W83/><G115/><T22/><D35/><U129/><E103/><V87/><F125/><W70/><G119/><T118/><D126/><U121/><E124/><V106/><F130/><N who="1" m="50281" /><E121/><V59/><F106/><W120/><G120/><T38/><D131/><U75/><E75/><V93/><F133/><N who="1" m="51273" /><E31/><V111/><F111/><W112/><G112/><T65/><D38/><U90/><E90/><V78/><F116/><W49/><G26/><T28/><D77/><U104/><E104/><V18/><F29/><W113/><G113/><T110/><D110/><U67/><E67/><V114/><F114/><W46/><G57/><T108/><D108/><U98/><E98/><V50/><F27/><W13/><G127/><T86/><D28/><U64/><E64/><V3/><F25/><W36/><G36/><T73/><D99/><U39/><E39/><V32/><F32/><W134/><G134/><T7/><D73/><U85/><E85/><V11/><F44/><W117/><G117/><T105/><D118/><U33/><E33/><V80/><F3/><W123/><G123/><T9/><D65/><U84/><E84/><V66/><F93/><W5/><G82/><T58/><D86/><U43/><E43/><V101/><F101/><W88/><G83/><T42/><D42/><U20/><E8/><V51/><F76/><W122/><G89/><T34/><D34/><U81/><E81/><V19/><F19/><AGARI ba="0,0" hai="12,19,20,21,23,52,56,60" m="51273,50281" machi="19" ten="30,3900,0" yaku="19,1,20,1,54,1" doraHai="100" who="1" fromWho="2" sc="250,0,250,39,250,-39,250,0" /><INIT seed="1,0,0,1,1,69" ten="250,289,211,250" oya="1" hai0="123,110,101,57,129,77,73,1,0,68,72,85,26" hai1="125,22,13,135,25,52,55,133,91,126,84,131,128" hai2="39,51,66,109,36,112,40,10,74,35,115,14,122" hai3="121,78,81,45,18,104,127,60,32,6,108,38,8"/><U21/><E13/><V134/><F122/><W83/><G121/><T130/><D123/><U23/><E25/><V54/><F74/><W71/><G108/><T88/><D110/><U15/><E15/><V87/><F109/><W49/><G18/><T11/><D68/><U27/><E27/><V48/><F35/><W107/><G127/><N who="1" m="48650" /><E55/><V64/><F115/><W80/><G32/><T82/><D101/><U90/><E52/><V119/><F112/><W4/><G78/><T53/><D26/><U61/><E61/><V120/><F120/><W103/><G103/><T118/><D118/><U95/><E90/><V30/><F119/><W97/><G97/><T100/><D11/><U70/><E70/><V113/><F30/><W98/><G98/><T92/><D1/><U114/><E114/><V56/><F113/><W2/><G4/><T31/><D31/><U19/><E19/><V96/><F96/><W20/><G20/><T79/><D0/><U86/><E84/><V28/><F28/><W117/><G117/><T106/><D53/><U44/><E44/><N who="2" m="25607" /><F87/><W42/><REACH who="3" step="1"/><G49/><REACH who="3" ten="250,289,211,240" step="2"/><T132/><D79/><U76/><E76/><V34/><F34/><W94/><G94/><T89/><D92/><U17/><E17/><V102/><F102/><W47/><G47/><T65/><D100/><U59/><E59/><V37/><F51/><W41/><G41/><T12/><D77/><U46/><E46/><V43/><F43/><W16/><G16/><T111/><D57/><U62/><E62/><V29/><F56/><W105/><G105/><T67/><D106/><U9/><E9/><RYUUKYOKU ba="0,1" sc="250,-15,289,15,211,-15,240,15" hai1="21,22,23,86,91,95,128,131,133,135" hai3="2,6,8,38,42,45,60,71,80,81,83,104,107" /><INIT seed="1,1,1,5,3,69" ten="235,304,196,255" oya="1" hai0="14,67,12,90,102,8,97,68,38,101,71,4,110" hai1="120,93,88,34,61,130,64,60,37,3,129,29,96" hai2="126,10,73,134,108,99,103,52,135,104,133,76,117" hai3="56,13,72,131,48,47,25,30,79,41,9,15,91"/><U75/><E120/><V100/><F117/><W123/><G123/><T43/><D110/><U125/><E3/><V119/><F119/><W94/><G131/><N who="1" m="50186" /><E125/><V22/><F108/><W77/><G72/><T112/><D112/><U82/><E37/><V115/><F22/><N who="3" m="15671" /><G56/><T107/><D102/><U20/><E34/><V118/><F118/><W80/><G80/><T121/><D121/><U27/><E64/><V124/><F10/><W2/><G2/><T84/><D12/><N who="3" m="4681" /><G9/><T5/><D5/><U65/><E65/><V116/><F116/><W128/><G128/><T106/><D67/><U49/><E49/><V53/><F115/><W132/><G132/><T16/><D4/><U18/><E29/><V89/><F100/><W113/><G113/><T26/><D26/><U40/><E40/><V122/><F89/><W66/><G66/><T28/><D28/><U51/><E51/><V86/><F73/><W19/><G19/><T63/><D63/><U1/><E1/><V11/><F11/><W111/><G111/><T6/><D6/><U55/><E55/><N who="2" m="21067" /><F122/><W24/><G24/><T78/><D78/><AGARI ba="1,1" hai="18,20,27,60,61,75,78,82,88,93,96" m="50186" machi="78" ten="30,2900,0" yaku="19,1,54,1" doraHai="69" who="1" fromWho="0" sc="235,-32,304,42,196,0,255,0" /><INIT seed="1,2,0,4,4,104" ten="203,346,196,255" oya="1" hai0="94,39,89,49,117,74,111,37,8,132,30,6,113" hai1="77,131,71,0,135,83,46,27,109,41,7,85,68" hai2="33,2,96,66,133,54,55,10,3,38,53,119,34" hai3="63,21,28,4,121,69,108,129,86,59,112,11,78"/><U32/><E131/><V120/><F119/><W40/><G112/><T130/><D113/><U93/><E135/><V58/><F120/><W24/><G69/><T80/><D117/><U76/><E76/><V81/><F38/><W95/><G108/><T35/><D130/><U118/><E93/><V106/><F133/><W87/><G129/><T75/><D132/><U116/><E109/><V47/><F47/><W60/><G40/><T102/><D102/><U64/><E64/><V23/><F23/><W67/><G63/><T5/><D111/><U65/><E65/><V51/><F51/><W48/><G48/><T126/><D49/><U15/><E0/><V13/><F81/><W128/><G128/><T14/><D6/><U25/><E32/><V105/><F33/><W97/><G78/><T91/><D80/><U84/><E83/><V62/><F34/><W22/><G22/><T1/><D1/><U57/><E77/><V79/><F79/><W122/><G122/><T52/><D52/><U20/><E41/><V73/><F73/><N who="0" m="27658" /><D91/><U88/><E88/><V107/><REACH who="2" step="1"/><F96/><REACH who="2" ten="203,346,186,255" step="2"/><W82/><G82/><T12/><D35/><U43/><E116/><V115/><F115/><W61/><G121/><T19/><D39/><U99/><E99/><V42/><F42/><W50/><G50/><T18/><D37/><U92/><E43/><V98/><F98/><W44/><G44/><T100/><D8/><U103/><E46/><V72/><F72/><W124/><G11/><T45/><D45/><U114/><E114/><V16/><AGARI ba="2,1" hai="2,3,10,13,16,53,54,55,58,62,66,105,106,107" machi="16" ten="40,5200,0" yaku="1,1,0,1,54,1,53,0" doraHai="104" doraHaiUra="31" who="2" fromWho="2" sc="203,-15,346,-28,186,68,255,-15" /><INIT seed="2,0,0,1,0,73" ten="188,318,254,240" oya="2" hai0="13,80,91,117,81,72,74,110,17,106,2,87,104" hai1="89,75,125,134,126,109,5,52,21,70,132,23,14" hai2="47,8,65,4,51,61,84,44,121,11,6,120,67" hai3="107,34,15,49,57,43,128,50,3,135,25,24,92"/><V98/><F84/><W62/><G128/><T122/><D2/><U124/><E109/><V28/><F28/><W102/><G3/><T103/><D13/><U96/><E70/><V60/><REACH who="2" step="1"/><F51/><REACH who="2" ten="188,318,244,240" step="2"/><W111/><G50/><T39/><D39/><U0/><E124/><V27/><F27/><W93/><G49/><T88/><D17/><U66/><E125/><V95/><F95/><W46/><G92/><T40/><D40/><U37/><E37/><V29/><F29/><W116/><G93/><T76/><D110/><U58/><E126/><V119/><F119/><W36/><G25/><T19/><D19/><U9/><E134/><V131/><F131/><W79/><G24/><T71/><D117/><U77/><E132/><V69/><F69/><W63/><G43/><T55/><D71/><U78/><E75/><N who="0" m="28713" /><D122/><U129/><E129/><V108/><F108/><W12/><G36/><T115/><D115/><U54/><E5/><V133/><F133/><W101/><G116/><T97/><D55/><U38/><E52/><V20/><F20/><W83/><G111/><T99/><D81/><U26/><E23/><V85/><F85/><W127/><G127/><T35/><D35/><U112/><E21/><V18/><F18/><W113/><G113/><T64/><D64/><U31/><E54/><V7/><F7/><W10/><G135/><T114/><D114/><U56/><E66/><V59/><F59/><W100/><G57/><T45/><D45/><U32/><E56/><V16/><F16/><W82/><G46/><T90/><D106/><U68/><E112/><V86/><F86/><RYUUKYOKU ba="0,1" sc="188,15,318,-15,244,15,240,-15" hai0="76,80,87,88,90,91,97,99,103,104" hai2="4,6,8,11,44,47,60,61,65,67,98,120,121" /><INIT seed="2,1,1,0,5,20" ten="203,303,259,225" oya="2" hai0="11,99,85,108,130,52,107,97,17,33,55,43,77" hai1="84,1,87,30,8,129,95,44,78,47,86,83,79" hai2="51,116,75,12,25,5,135,102,61,58,4,110,80" hai3="18,26,132,125,121,65,76,14,122,133,48,96,113"/><V72/><F116/><W74/><G65/><T112/><D112/><U111/><E111/><V104/><F110/><W123/><G96/><T114/><D108/><U68/><E68/><V109/><F109/><W29/><G48/><T90/><D114/><U36/><E129/><V105/><F51/><W124/><G76/><T117/><D130/><U131/><E131/><V92/><F92/><W10/><G74/><T2/><D33/><U127/><E127/><N who="3" m="48714" /><G113/><T103/><D117/><U7/><E30/><V0/><F0/><W23/><AGARI ba="1,1" hai="10,14,18,23,26,29,121,122,123,132,133" m="48714" machi="23" ten="40,8000,1" yaku="18,1,34,2,52,1" doraHai="20" who="3" fromWho="3" sc="203,-21,303,-21,259,-41,225,93" /><INIT seed="3,0,0,2,5,38" ten="182,282,218,318" oya="3" hai0="134,114,115,86,34,39,8,1,54,70,92,35,81" hai1="93,109,48,110,87,91,100,119,106,18,29,24,60" hai2="117,78,125,88,46,116,131,85,118,123,53,69,50" hai3="26,103,95,89,71,105,84,97,130,12,51,10,102"/><W75/><G71/><T25/><D70/><U82/><E18/><V99/><F69/><W76/><G26/><T101/><D101/><U47/><E119/><V52/><F125/><W13/><G103/><T62/><D92/><U79/><E60/><V120/><F131/><W66/><G66/><T42/><D25/><U30/><E30/><V36/><F36/><W96/><G96/><T112/><D134/><U59/><E59/><V55/><F78/><W49/><G13/><T6/><D62/><U43/><E100/><V11/><F11/><W17/><G130/><T122/><D122/><N who="2" m="46634" /><F99/><W45/><G45/><N who="0" m="23775" /><D54/><U41/><E106/><V4/><F4/><W19/><G19/><T104/><D104/><U94/><E94/><AGARI ba="0,0" hai="46,50,52,53,55,85,88,94,116,117,118" m="46634" machi="94" ten="40,5200,0" yaku="13,1,54,2" doraHai="38" who="2" fromWho="1" sc="182,0,282,-52,218,52,318,0" owari="182,-31.8,230,-17.0,270,7.0,318,41.8" /></mjloggm>