<mjloggm ver="2.3"><GO type="225" lobby="0"/><UN n0="%E5%B8%86%E7%AB%8B%E5%A4%8F%E8%A1%A3" n1="%6D%75%75%6D%75%72%61" n2="%E3%81%86%E3%82%8C%E3%81%9F%E3%82%93%E6%9E%95" n3="%E3%81%BF%E3%81%BF%E3%81%9A" dan="16,17,16,16" rate="2118.25,2207.73,2098.45,2157.17" sx="M,F,F,M"/><TAIKYOKU oya="0"/><INIT seed="0,0,0,1,0,132" ten="250,250,250,250" oya="0" hai0="74,72,70,14,87,90,110,12,118,130,34,117,68" hai1="84,77,26,83,106,56,127,122,49,9,103,6,135" hai2="32,51,100,66,94,44,89,86,82,134,67,120,96" hai3="69,99,126,3,115,125,93,29,50,88,97,57,58"/><T23/><D34/><U108/><E122/><V4/><F134/><W91/><G69/><T116/><D130/><U45/><E135/><V112/><F112/><W80/><G3/><T8/><D23/><U85/><E108/><V133/><F133/><W1/><G1/><T62/><D110/><U35/><E56/><V37/><F120/><W114/><G29/><T121/><D121/><U21/><E35/><V81/><F32/><W102/><G50/><T124/><D87/><U61/><E61/><V5/><F37/><W123/><G123/><T92/><D92/><U52/><E84/><V105/><F82/><W38/><G38/><T65/><D90/><U73/><E73/><V79/><F105/><W31/><G31/><T109/><D109/><U40/><E127/><N who="3" m="48650" /><G91/><T71/><D124/><U104/><E103/><V46/><F100/><W128/><G128/><T54/><D71/><U64/><E40/><V11/><F51/><W33/><G33/><T18/><D70/><U25/><E49/><V53/><F4/><W75/><G57/><T60/><D117/><U113/><E6/><V42/><F5/><W129/><G58/><N who="0" m="34903" /><D118/><U131/><E131/><V39/><F89/><W43/><G129/><T17/><D116/><U27/><E113/><N who="3" m="43018" /><G43/><T95/><D95/><U107/><E107/><V10/><F94/><N who="3" m="56519" /><G80/><T47/><D47/><U111/><E106/><V48/><F96/><W78/><G75/><T15/><D74/><U16/><E104/><V30/><F30/><W101/><G101/><T119/><D119/><U98/><E111/><V76/><F76/><AGARI ba="0,0" hai="76,78,93,99,102" m="56519,43018,48650" machi="76" ten="30,12000,2" yaku="18,1,34,2,52,3,54,1" doraHai="132" who="3" fromWho="2" sc="250,0,250,0,250,-120,250,120" /><INIT seed="1,0,0,2,3,98" ten="250,250,130,370" oya="1" hai0="76,114,70,11,29,41,82,14,89,130,67,48,18" hai1="129,108,122,96,115,135,69,109,125,88,113,94,123" hai2="46,53,57,126,50,101,38,120,31,37,43,110,6" hai3="78,17,42,4,106,12,58,121,2,90,21,87,75"/><U92/><E69/><V131/><F120/><N who="1" m="46121" /><E129/><V54/><F110/><N who="1" m="42601" /><E135/><V86/><F126/><W7/><G121/><T71/><D114/><N who="1" m="43531" /><E94/><V107/><F131/><W36/><G106/><T132/><D132/><U20/><E20/><V25/><F6/><W61/><G4/><T79/><D130/><U68/><E68/><V30/><F30/><W1/><G7/><T111/><D29/><U128/><E128/><V34/><F86/><W84/><G84/><T60/><D71/><U72/><E72/><V19/><F19/><W93/><G75/><T124/><D111/><U27/><E27/><V52/><REACH who="2" step="1"/><F57/><REACH who="2" ten="250,250,120,370" step="2"/><W65/><G58/><T99/><D70/><U119/><E119/><V15/><F15/><W13/><G13/><T44/><D14/><U24/><E24/><V117/><F117/><W35/><G87/><T100/><D124/><AGARI ba="0,1" hai="88,92,96,124,125" m="43531,42601,46121" machi="124" ten="40,12000,1" yaku="14,1,10,1,34,2,54,1" doraHai="98" who="1" fromWho="0" sc="250,-120,250,130,120,0,370,0" /><INIT seed="1,1,0,5,4,29" ten="130,380,120,370" oya="1" hai0="22,103,75,32,86,99,93,77,81,19,121,30,73" hai1="51,110,2,79,122,124,114,49,108,47,117,74,88" hai2="107,42,118,13,12,43,71,15,39,0,28,63,35" hai3="69,36,66,9,3,10,82,120,72,33,55,7,18"/><U57/><E114/><V6/><F118/><W94/><G120/><T123/><D123/><U89/><E122/><V116/><F116/><W104/><G104/><T4/><D4/><U31/><E117/><V102/><F39/><W56/><G36/><T111/><D111/><N who="1" m="42539" /><E2/><V38/><F38/><W68/><G33/><T85/><D121/><U113/><E113/><V52/><F0/><W90/><G66/><T48/><D75/><U60/><E124/><V84/><F84/><W134/><G18/><T34/><D48/><N who="1" m="18507" /><E47/><V112/><F6/><W109/><G109/><T65/><D65/><N who="1" m="39055" /><E31/><V40/><F112/><W97/><G3/><T25/><REACH who="0" step="1"/><D34/><REACH who="0" ten="120,380,120,370" step="2"/><U27/><E27/><AGARI ba="1,1" hai="19,22,25,27,30,32,73,77,81,85,86,93,99,103" machi="27" ten="30,7700,0" yaku="1,1,2,1,7,1,52,1,53,0" doraHai="29" doraHaiUra="58" who="0" fromWho="1" sc="120,90,380,-80,120,0,370,0" /><INIT seed="2,0,0,1,2,27" ten="210,300,120,370" oya="2" hai0="100,53,99,101,130,10,106,33,58,71,111,35,74" hai1="117,77,57,80,61,86,60,87,8,120,55,95,47" hai2="131,78,19,70,24,135,110,115,68,56,13,23,116" hai3="62,90,14,43,85,9,42,112,6,96,4,132,83"/><V109/><F78/><W38/><G132/><T91/><D111/><N who="2" m="42506" /><F115/><W84/><G112/><T7/><D130/><U113/><E113/><V37/><F116/><W102/><G38/><T22/><D74/><U134/><E117/><V25/><F37/><W32/><G32/><T59/><D71/><N who="2" m="27178" /><F135/><W94/><G62/><T21/><D91/><U3/><E134/><V121/><F121/><W5/><G85/><T69/><D69/><U26/><E120/><V81/><F131/><W1/><G1/><T114/><D114/><U119/><E119/><V129/><F129/><W75/><G75/><T40/><D40/><AGARI ba="0,0" hai="4,5,6,9,14,40,42,43,83,84,90,94,96,102" machi="40" ten="40,1300,0" yaku="8,1" doraHai="27" who="3" fromWho="0" sc="210,-13,300,0,120,0,370,13" /><INIT seed="3,0,0,4,3,52" ten="197,300,120,383" oya="3" hai0="22,64,135,100,129,92,33,39,91,7,25,65,61" hai1="98,118,55,119,89,40,24,110,102,134,20,72,43" hai2="109,94,47,70,121,28,51,126,113,74,54,81,78" hai3="36,19,44,104,48,6,115,8,57,32,41,90,0"/><W111/><G115/><T11/><D39/><U85/><E72/><V38/><F109/><W63/><G104/><T66/><D129/><U45/><E110/><V107/><F126/><W131/><G111/><T112/><D33/><U18/><E134/><V42/><F113/><W13/><G131/><T130/><D130/><U117/><E55/><V34/><F107/><W114/><G114/><T132/><D112/><U77/><E77/><V58/><F121/><W116/><G32/><T56/><D135/><U106/><REACH who="1" step="1"/><E45/><REACH who="1" ten="197,290,120,383" step="2"/><V105/><F105/><W26/><G116/><T86/><D132/><U46/><E46/><V3/><F70/><W93/><G36/><T123/><D123/><U103/><E103/><V14/><F3/><W23/><G0/><T21/><D100/><U31/><E31/><V122/><F122/><W79/><G79/><T99/><D66/><U101/><E101/><V15/><F28/><W4/><G90/><T133/><D65/><U69/><E69/><V17/><F34/><W35/><G35/><T127/><D133/><U76/><E76/><V16/><REACH who="2" step="1"/><F94/><AGARI ba="0,1" hai="18,20,24,40,43,85,89,94,98,102,106,117,118,119" machi="94" ten="40,2600,0" yaku="1,1,12,1,53,0" doraHai="52" doraHaiUra="50" who="1" fromWho="2" sc="197,0,290,36,120,-26,383,0" owari="197,-20.3,326,12.6,94,-40.6,383,48.3" /></mjloggm>