<mjloggm ver="2.3"><GO type="225" lobby="0"/><UN n0="%E3%81%8B%E3%82%8F%E3%81%A1%E3%82%83%E3%82%93%35%38" n1="%E6%B8%A9%E2%98%85%E6%83%85%E2%98%85%E6%8E%AA%E2%98%85%E7%BD%AE" n2="%E6%97%A5%E6%9B%9C%E6%97%A5%E3%82%88%E3%82%8A%E3%81%AE%E4%BD%BF%E8%80%85" n3="%E4%BA%BA%E9%96%93%E3%83%81%E3%83%A3%E3%83%BC%E3%83%8F%E3%83%B3" dan="17,18,17,16" rate="2186.92,2213.39,2101.17,2112.18" sx="M,M,M,M"/><TAIKYOKU oya="0"/><INIT seed="0,0,0,2,3,6" ten="250,250,250,250" oya="0" hai0="56,35,82,102,9,36,114,52,31,119,105,133,13" hai1="28,75,17,106,3,32,27,76,111,33,42,65,21" hai2="7,79,97,0,88,109,66,86,98,11,59,12,70" hai3="104,77,112,58,115,91,24,10,26,93,22,51,127"/><T95/><D114/><U99/><E111/><V78/><F70/><W103/><G127/><T48/><D119/><U128/><E128/><V101/><F0/><W134/><G134/><T1/><D133/><U23/><E3/><V80/><F109/><W15/><G77/><N who="2" m="29193" /><F101/><W84/><G103/><T46/><D1/><U14/><E65/><V49/><F66/><W69/><G104/><T67/><D105/><U129/><E129/><V135/><F135/><W107/><G107/><T61/><D82/><U132/><E132/><V20/><F20/><W121/><G121/><T72/><D72/><U18/><E42/><V38/><F38/><W89/><G69/><T92/><D102/><U81/><E106/><V125/><F125/><W2/><G2/><T87/><D87/><U108/><E99/><V124/><F124/><W100/><G100/><T50/><D36/><U63/><E108/><V44/><F59/><W43/><G89/><T83/><D83/><U73/><E73/><V16/><F7/><W57/><G24/><T39/><D39/><U47/><E47/><V126/><F126/><W25/><G25/><T85/><D85/><U116/><E116/><V34/><F34/><W71/><G71/><T30/><D48/><U68/><E33/><V94/><F80/><W90/><G112/><T19/><D35/><U53/><E68/><V64/><F64/><W113/><G113/><T4/><D4/><U60/><E53/><AGARI ba="0,0" hai="11,12,16,44,49,53,86,88,94,97,98" m="29193" machi="53" ten="30,7700,0" yaku="8,1,52,1,54,2" doraHai="6" who="2" fromWho="1" sc="250,0,250,-77,250,77,250,0" /><INIT seed="1,0,0,3,5,90" ten="250,173,327,250" oya="1" hai0="101,127,53,102,135,57,66,41,56,103,120,110,89" hai1="48,55,95,62,108,25,2,42,76,29,98,107,80" hai2="1,86,24,72,49,91,99,5,70,9,125,82,26" hai3="15,12,96,17,52,36,88,35,19,7,45,20,133"/><U11/><E107/><V44/><F70/><W81/><G35/><T106/><D106/><U134/><E134/><V30/><F125/><W63/><G133/><T109/><D135/><U4/><E108/><N who="0" m="41577" /><D127/><U105/><E105/><V119/><F119/><W85/><G36/><T40/><D120/><U116/><E116/><V111/><F111/><W8/><G96/><T73/><D73/><U112/><E112/><V124/><F124/><W75/><G75/><T10/><D89/><U64/><E42/><V122/><F122/><W131/><G131/><T21/><D21/><U129/><E129/><V23/><F72/><W114/><G114/><T130/><D130/><U97/><E80/><V92/><F24/><W34/><G34/><T77/><D77/><U126/><E76/><V78/><F49/><N who="3" m="28719" /><G63/><N who="0" m="38247" /><D10/><U18/><E126/><V74/><F74/><W115/><G115/><T38/><D38/><U83/><E83/><V118/><F118/><W123/><G123/><T47/><D47/><N who="1" m="28063" /><E95/><V58/><F44/><W132/><G132/><T37/><D37/><U79/><E79/><V71/><F78/><W50/><G50/><AGARI ba="0,0" hai="40,41,50,53,57,101,102,103" m="38247,41577" machi="50" ten="30,1000,0" yaku="14,1" doraHai="90" who="0" fromWho="3" sc="250,10,173,0,327,0,250,-10" /><INIT seed="2,0,0,0,5,116" ten="260,173,327,240" oya="2" hai0="95,59,42,106,130,44,86,99,97,100,50,40,87" hai1="71,28,43,121,51,45,10,68,13,90,38,133,60" hai2="67,64,5,41,118,126,11,73,114,49,4,25,15" hai3="34,92,129,124,70,53,37,131,75,3,16,62,91"/><V39/><F118/><W127/><G75/><T69/><D69/><U78/><E133/><V26/><F39/><W107/><G107/><T2/><D2/><U35/><E78/><V31/><F114/><W66/><G34/><T120/><D130/><N who="3" m="49673" /><G3/><T23/><D40/><U58/><E38/><V105/><F105/><W57/><G92/><T98/><D98/><U125/><E125/><N who="3" m="48202" /><G91/><T36/><D36/><U135/><E135/><V115/><F73/><W77/><G77/><T72/><D72/><U132/><E132/><V94/><F94/><W21/><G37/><T27/><D59/><U123/><E90/><V88/><F88/><W8/><G8/><T122/><D87/><U20/><E35/><V76/><F11/><W61/><G21/><T54/><D86/><U128/><E128/><V24/><F76/><W80/><G80/><T9/><D9/><U82/><E82/><V30/><F115/><W12/><G12/><T7/><D7/><N who="1" m="3295" /><E20/><V113/><F15/><W112/><G16/><N who="0" m="12775" /><D99/><U84/><E84/><V32/><F32/><W74/><G74/><T104/><D104/><U110/><E28/><V22/><F31/><W103/><G103/><T93/><D93/><U55/><E110/><V85/><F126/><W89/><G89/><T134/><D134/><U96/><E96/><V19/><F30/><W14/><G14/><T83/><D83/><U6/><E6/><N who="2" m="2667" /><F85/><W46/><G112/><T101/><D101/><U18/><E18/><V48/><F113/><W79/><G79/><T108/><D108/><U56/><E56/><V111/><F111/><W109/><G109/><RYUUKYOKU ba="0,0" sc="260,-15,173,15,327,-15,240,15" hai1="43,45,51,55,58,60,68,71,121,123" hai3="46,53,57,61,62,66,70" /><INIT seed="3,1,0,1,3,49" ten="245,188,312,255" oya="3" hai0="128,94,46,2,117,127,45,100,64,76,21,8,44" hai1="23,48,71,120,115,70,91,6,40,60,116,51,81" hai2="28,11,106,25,61,55,32,104,84,47,124,130,78" hai3="69,113,88,79,17,13,43,62,15,89,92,102,108"/><W82/><G113/><T53/><D117/><U114/><E6/><V24/><F124/><W31/><G43/><T56/><D2/><U68/><E23/><V29/><F130/><W96/><G31/><T77/><D128/><U95/><E81/><V37/><F11/><W12/><G108/><T99/><D127/><U109/><E120/><V58/><F37/><W107/><G69/><T38/><D38/><U90/><E109/><V123/><F123/><W59/><G17/><T80/><D64/><U34/><E34/><V57/><F47/><W10/><G10/><T126/><D126/><U5/><E5/><V65/><F84/><W74/><REACH who="3" step="1"/><G107/><REACH who="3" ten="245,188,312,245" step="2"/><T67/><D8/><U83/><E116/><V122/><F122/><W20/><G20/><T105/><D105/><U7/><E40/><V86/><F106/><W0/><G0/><T42/><D42/><U112/><E7/><V129/><F104/><W16/><G16/><T110/><D110/><U103/><E60/><N who="2" m="35903" /><F129/><W135/><G135/><T14/><D67/><AGARI ba="1,1" hai="12,13,15,59,62,67,74,79,82,88,89,92,96,102" machi="67" ten="40,7700,0" yaku="1,1,54,1,53,1" doraHai="49" doraHaiUra="72" who="3" fromWho="0" sc="245,-80,188,0,312,0,245,90" owari="165,-33.5,188,-21.2,312,11.2,335,43.5" /></mjloggm>