<mjloggm ver="2.3"><GO type="225" lobby="0"/><UN n0="%E3%81%B5%E3%81%98%E3%81%8B%E3%81%A4" n1="%E3%81%A8%E3%82%93%E3%81%A8%E3%81%93%E3%81%A8%E3%82%93" n2="%72%65%6E%6B%75%6E" n3="%E3%81%BF%E3%81%BF%E3%81%9A" dan="16,16,17,17" rate="2196.00,2122.18,2218.01,2201.52" sx="M,F,M,M"/><TAIKYOKU oya="0"/><INIT seed="0,0,0,5,5,25" ten="250,250,250,250" oya="0" hai0="31,30,131,38,78,58,69,36,117,13,7,46,40" hai1="123,63,134,2,56,108,9,77,103,73,76,60,84" hai2="112,43,16,10,133,122,35,124,61,126,98,79,89" hai3="55,72,101,71,90,74,62,41,17,87,65,19,12"/><T128/><D117/><U83/><E123/><V54/><F35/><W66/><G41/><T121/><D69/><U18/><E108/><V22/><F122/><W105/><G65/><T80/><D121/><U0/><E134/><V81/><F112/><W104/><G19/><T6/><D58/><U119/><E119/><V15/><F43/><W3/><G3/><T1/><D38/><U21/><E103/><V39/><F39/><W44/><G104/><T59/><D59/><U88/><E9/><V27/><F133/><W34/><G34/><T14/><D14/><U82/><E77/><V28/><F54/><W120/><G120/><T99/><D99/><U100/><E100/><V110/><F61/><W33/><G33/><T92/><D92/><U64/><REACH who="1" step="1"/><E63/><REACH who="1" ten="250,240,250,250" step="2"/><V94/><REACH who="2" step="1"/><F110/><REACH who="2" ten="250,240,240,250" step="2"/><W135/><G62/><T102/><D131/><U130/><E130/><V85/><AGARI ba="0,2" hai="10,15,16,22,27,28,79,81,85,89,94,98,124,126" machi="85" ten="30,8000,1" yaku="1,1,2,1,0,1,52,1,54,1,53,0" doraHai="25" doraHaiUra="118" who="2" fromWho="2" sc="250,-40,240,-20,240,100,250,-20" /><INIT seed="1,0,0,3,4,103" ten="210,220,340,230" oya="1" hai0="60,129,51,27,80,21,40,105,74,26,135,134,75" hai1="6,59,41,119,124,71,100,76,38,120,63,29,24" hai2="106,10,54,28,83,133,78,17,68,2,0,66,101" hai3="16,45,31,95,86,19,15,77,49,98,126,130,107"/><U47/><E119/><V112/><F28/><W22/><G126/><T64/><D129/><U132/><E120/><V116/><F116/><W89/><G130/><T114/><D114/><U131/><E131/><V8/><F112/><W67/><G67/><T42/><D80/><U52/><E124/><V118/><F118/><W94/><G107/><T33/><D33/><U7/><E132/><N who="0" m="50729" /><D105/><U79/><E100/><V23/><F54/><W14/><G31/><N who="0" m="17871" /><D27/><U4/><REACH who="1" step="1"/><E71/><REACH who="1" ten="210,210,340,230" step="2"/><V110/><F101/><W109/><G109/><T13/><D13/><U30/><E30/><V99/><F68/><W128/><G128/><T61/><D51/><U90/><E90/><V65/><F110/><W56/><G77/><T72/><D61/><U122/><E122/><V53/><F78/><W18/><G14/><T104/><D104/><U9/><E9/><V55/><F10/><W11/><G11/><T82/><D82/><U93/><E93/><V69/><F8/><W44/><G19/><T88/><D88/><U91/><E91/><V58/><F69/><AGARI ba="0,1" hai="40,42,60,64,69,72,74,75" m="17871,50729" machi="69" ten="40,1300,0" yaku="20,1" doraHai="103" who="0" fromWho="2" sc="210,23,210,0,340,-13,230,0" /><INIT seed="2,0,0,3,0,96" ten="233,210,327,230" oya="2" hai0="10,85,124,77,94,34,0,62,78,103,64,32,108" hai1="29,53,133,39,3,59,72,74,52,100,106,121,101" hai2="123,128,93,15,35,4,87,127,37,45,50,38,63" hai3="131,129,41,28,55,26,109,65,25,104,70,118,99"/><V102/><F35/><N who="3" m="20879" /><G118/><T117/><D108/><U6/><E39/><V21/><F123/><W67/><G109/><T16/><D124/><U90/><E29/><V49/><F127/><W17/><G41/><T116/><D0/><U86/><E133/><V135/><F135/><W97/><G55/><T88/><D77/><U27/><E27/><V119/><F63/><N who="3" m="40255" /><G67/><T7/><D78/><U125/><E125/><V68/><F68/><W71/><G71/><T40/><D40/><U47/><E121/><V31/><F87/><W114/><G114/><T76/><D76/><U111/><E111/><V12/><F12/><W130/><G104/><T20/><D64/><U36/><E36/><V14/><F14/><W81/><G81/><T54/><D62/><U89/><E47/><V2/><F15/><W9/><G9/><T75/><D54/><U79/><E3/><V22/><F2/><W83/><G83/><T110/><D110/><U5/><E106/><V8/><F8/><W1/><G1/><T56/><D10/><U13/><E79/><V57/><F37/><W95/><G95/><N who="0" m="54671" /><D7/><U24/><E74/><V98/><F4/><W113/><G113/><T126/><D75/><U51/><E72/><V132/><F38/><W69/><G69/><T84/><D56/><U11/><E5/><V134/><F57/><W44/><G44/><T105/><D126/><U60/><E24/><V48/><F45/><W42/><G42/><T73/><D73/><U115/><E115/><V23/><F132/><W112/><G112/><T33/><D105/><U46/><E90/><V92/><F134/><RYUUKYOKU ba="0,0" sc="233,-15,210,15,327,-15,230,15" hai1="6,11,13,46,51,52,53,59,60,86,89,100,101" hai3="17,26,97,99,129,130,131" /><INIT seed="3,1,0,1,1,47" ten="218,225,312,245" oya="3" hai0="45,14,131,8,44,54,96,73,3,103,17,91,127" hai1="135,23,9,58,92,87,15,124,6,26,41,57,53" hai2="46,22,119,122,62,82,107,79,5,114,113,50,133" hai3="55,77,118,28,128,7,35,101,11,69,95,121,134"/><W24/><G118/><T74/><D127/><U108/><E108/><V88/><F107/><W98/><G121/><T115/><D131/><U25/><E124/><V105/><F105/><W123/><G123/><T78/><D115/><U110/><E110/><V64/><F119/><W106/><G128/><T38/><D3/><U130/><E130/><V30/><F5/><W68/><G134/><T94/><D45/><U49/><E135/><V104/><F104/><W60/><G95/><T67/><D67/><U132/><E132/><V31/><F122/><W52/><G77/><T117/><D117/><U37/><E37/><V84/><F79/><W2/><G69/><T99/><D78/><U4/><E41/><V80/><F80/><W116/><G116/><T97/><D38/><U18/><E58/><V126/><F126/><W75/><G75/><N who="0" m="28683" /><D103/><U112/><E112/><V42/><F133/><W72/><G72/><T19/><D17/><N who="1" m="8431" /><E26/><V20/><F113/><W90/><G90/><AGARI ba="1,0" hai="4,6,18,23,25,49,53,57,87,90,92" m="8431" machi="90" ten="30,2000,0" yaku="8,1,52,1" doraHai="47" who="1" fromWho="3" sc="218,0,225,23,312,0,245,-23" owari="218,-28.2,248,4.8,312,41.2,222,-17.8" /></mjloggm>