<mjloggm ver="2.3"><GO type="225" lobby="0"/><UN n0="%E3%81%AF%E3%82%88%E3%81%8A%E3%81%98%E3%81%95%E3%82%93" n1="%45%6C%79%73%69%75%6D" n2="%73%6C%69%63%6B%33%31%39" n3="%E4%B8%96%E7%95%8C%E3%81%AE%E4%BA%80%E4%BA%95" dan="16,18,16,16" rate="2141.66,2197.85,2183.65,2144.78" sx="M,F,M,M"/><TAIKYOKU oya="0"/><INIT seed="0,0,0,2,3,77" ten="250,250,250,250" oya="0" hai0="16,126,52,118,70,78,132,93,107,63,85,42,40" hai1="9,98,81,4,114,75,37,59,33,90,124,79,104" hai2="56,109,14,29,19,97,0,38,71,58,1,5,34" hai3="20,22,88,25,115,51,41,2,39,7,67,30,3"/><T135/><D107/><U117/><E117/><V11/><F71/><W43/><G39/><T106/><D106/><U96/><E33/><V129/><F38/><W65/><G115/><T74/><D118/><U121/><E121/><V26/><F109/><W73/><G73/><T36/><D126/><U86/><E124/><V131/><F97/><W24/><G51/><T62/><D74/><U133/><E114/><V95/><F95/><W108/><G7/><T83/><D93/><U66/><E37/><V89/><F89/><W32/><G32/><T119/><D119/><U61/><E104/><V8/><F56/><W68/><G68/><T31/><D31/><U47/><E47/><V50/><F58/><W112/><G112/><T127/><D127/><U116/><E133/><N who="0" m="51273" /><D36/><U13/><REACH who="1" step="1"/><E116/><REACH who="1" ten="250,240,250,250" step="2"/><V99/><F99/><W72/><G108/><T64/><D42/><U102/><E102/><V91/><F91/><W130/><G88/><T21/><D40/><U69/><E69/><V125/><F125/><W45/><G45/><T12/><D63/><U23/><E23/><V28/><F129/><W123/><G130/><T120/><D120/><U100/><E100/><V57/><F131/><W60/><G123/><T76/><D76/><U55/><E55/><AGARI ba="0,1" hai="12,16,21,52,55,62,64,70,78,83,85" m="51273" machi="55" ten="30,11600,0" yaku="20,1,52,1,54,2" doraHai="77" who="0" fromWho="1" sc="250,126,240,-116,250,0,250,0" /><INIT seed="0,1,0,3,5,15" ten="376,124,250,250" oya="0" hai0="111,80,110,103,66,92,52,74,84,90,95,118,79" hai1="100,130,70,12,101,109,23,88,119,135,122,10,33" hai2="91,71,25,47,42,57,11,123,24,107,65,49,96" hai3="54,69,73,32,17,93,72,27,51,114,99,9,22"/><T36/><D36/><U48/><E119/><V85/><F123/><W29/><G114/><T117/><D66/><U83/><E33/><V37/><F107/><W16/><G69/><T67/><D67/><U63/><E122/><V105/><F105/><W1/><G1/><T8/><D8/><U132/><E109/><N who="0" m="41481" /><D52/><U121/><E121/><V104/><F96/><AGARI ba="1,0" hai="74,79,80,84,90,92,95,96,103,117,118" m="41481" machi="96" ten="30,11600,0" yaku="14,1,10,1,34,2" doraHai="15" who="0" fromWho="2" sc="376,119,124,0,250,-119,250,0" /><INIT seed="0,2,0,1,3,38" ten="495,124,131,250" oya="0" hai0="27,37,77,57,92,47,50,46,125,70,127,81,94" hai1="25,80,40,60,109,100,78,88,34,32,64,22,31" hai2="117,74,42,85,107,129,48,52,55,134,91,71,26" hai3="84,72,89,17,65,10,90,68,86,61,133,62,1"/><T103/><D70/><U11/><E109/><V41/><F74/><W76/><G133/><T30/><D57/><U120/><E120/><V130/><F71/><W35/><G35/><T132/><D132/><U29/><E100/><V93/><F134/><W9/><G72/><T28/><D37/><U73/><E11/><V56/><F117/><W82/><G1/><T99/><D94/><U18/><E40/><V124/><F124/><N who="0" m="47690" /><D27/><U87/><E32/><V15/><F107/><W6/><G6/><T12/><D12/><U122/><E34/><V105/><F105/><W44/><G44/><N who="0" m="16939" /><D50/><U101/><E122/><V108/><F108/><W5/><G5/><T67/><D67/><U111/><E111/><V123/><F26/><W24/><G65/><T49/><D49/><U126/><E126/><V131/><F123/><W112/><G24/><T97/><D99/><U116/><E116/><V79/><F55/><W98/><G98/><T66/><D66/><U104/><E64/><V118/><F118/><W69/><G68/><T58/><D58/><U110/><E110/><V53/><F53/><W7/><G62/><T75/><AGARI ba="2,0" hai="28,30,75,77,81,92,97,103" m="16939,47690" machi="75" ten="30,1500,0" yaku="18,1" doraHai="38" who="0" fromWho="0" sc="495,21,124,-7,131,-7,250,-7" /><INIT seed="0,3,0,0,5,88" ten="516,117,124,243" oya="0" hai0="43,82,38,42,56,53,49,76,17,67,105,91,78" hai1="113,21,52,33,94,126,30,121,125,108,46,132,36" hai2="86,89,79,51,118,1,34,12,23,122,112,90,32" hai3="71,39,64,24,58,16,13,97,44,70,101,87,19"/><T31/><D105/><U60/><E121/><V62/><F112/><W128/><G128/><T75/><D78/><U61/><E113/><V14/><F1/><W27/><G87/><T25/><D38/><U117/><E117/><V124/><F122/><W107/><G58/><T65/><D17/><U74/><E74/><V8/><F118/><W59/><G59/><T57/><D91/><U5/><E33/><V29/><F124/><N who="1" m="47721" /><E108/><V119/><F119/><W15/><G44/><T0/><D0/><U18/><E30/><V41/><F62/><W98/><G39/><T80/><D82/><U92/><E5/><N who="2" m="3087" /><F32/><W77/><G77/><T96/><D96/><U4/><E4/><V22/><F34/><W109/><G64/><T129/><D129/><U45/><E132/><V54/><F41/><W111/><G101/><T123/><D123/><U37/><E37/><V130/><F130/><W63/><G63/><N who="1" m="24138" /><E45/><N who="2" m="28015" /><F14/><W11/><G11/><T48/><D57/><U114/><E114/><V66/><F66/><N who="0" m="25098" /><D48/><N who="1" m="28695" /><E36/><V110/><F110/><W84/><REACH who="3" step="1"/><G84/><REACH who="3" ten="516,117,124,233" step="2"/><N who="0" m="48135" /><D42/><U93/><E93/><N who="2" m="54455" /><F79/><W9/><G9/><T106/><D75/><U120/><E120/><V99/><F29/><W7/><G7/><T69/><D43/><U135/><E135/><V47/><F47/><W95/><G95/><AGARI ba="3,1" hai="22,23,90,95,99" m="54455,28015,3087" machi="95" ten="30,3900,0" yaku="8,1,52,2" doraHai="88" who="2" fromWho="3" sc="516,0,117,0,124,58,233,-48" /><INIT seed="1,0,0,0,0,48" ten="516,117,182,185" oya="1" hai0="97,36,23,38,61,110,118,57,99,111,60,125,15" hai1="131,133,62,67,63,98,9,102,55,127,1,19,108" hai2="78,113,70,123,93,11,116,25,45,22,46,92,71" hai3="109,117,20,18,58,80,7,90,129,39,5,94,64"/><U3/><E131/><V12/><F116/><W119/><G109/><N who="0" m="41483" /><D125/><U37/><E127/><V24/><F123/><W75/><G39/><N who="0" m="14891" /><D118/><N who="3" m="45065" /><G129/><T135/><D135/><U128/><E108/><V53/><F113/><W81/><G58/><T91/><D91/><U65/><E128/><V44/><F78/><N who="3" m="44127" /><G64/><N who="0" m="38927" /><D61/><U83/><E37/><V84/><F70/><W54/><G54/><T34/><D34/><U56/><E133/><V17/><F71/><W76/><G94/><N who="2" m="36457" /><F84/><N who="3" m="48167" /><G90/><T103/><D103/><U126/><E126/><V74/><F74/><W35/><G35/><T43/><D43/><U50/><E63/><V4/><F25/><AGARI ba="0,0" hai="5,7,18,20,25" m="48167,44127,45065" machi="25" ten="30,1000,0" yaku="12,1" doraHai="48" who="3" fromWho="2" sc="516,0,117,0,182,-10,185,10" /><INIT seed="2,0,0,2,3,9" ten="516,117,172,195" oya="2" hai0="32,103,118,97,45,101,108,19,46,0,122,22,36" hai1="96,42,135,25,74,51,111,62,35,112,107,48,33" hai2="90,124,15,67,16,95,29,28,86,87,114,50,5" hai3="6,12,56,91,10,132,21,61,80,64,106,72,58"/><V119/><F114/><W47/><G132/><T128/><D32/><U52/><E112/><V55/><F119/><W110/><G110/><T44/><D122/><U3/><E135/><V49/><F124/><W85/><G106/><T130/><D0/><U57/><E111/><V98/><F5/><W27/><G72/><T24/><D108/><U88/><E3/><V71/><F71/><W109/><G109/><T17/><D118/><U31/><E74/><V116/><F67/><W133/><G133/><T73/><D73/><U37/><E33/><V125/><F125/><W121/><G47/><T18/><D36/><U34/><E34/><V1/><F1/><W79/><G121/><T126/><D126/><U63/><E37/><V131/><F50/><W105/><G105/><T117/><D117/><U84/><E96/><V30/><F131/><N who="0" m="50218" /><D103/><U13/><E107/><AGARI ba="0,0" hai="17,18,19,22,24,44,45,46,97,101,107" m="50218" machi="107" ten="30,1000,0" yaku="19,1" doraHai="9" who="0" fromWho="1" sc="516,10,117,-10,172,0,195,0" /><INIT seed="3,0,0,2,3,2" ten="526,107,172,195" oya="3" hai0="122,11,23,103,112,49,99,82,59,119,7,106,135" hai1="61,19,92,100,60,12,91,47,128,42,132,51,44" hai2="77,9,25,39,65,118,67,16,125,81,66,30,127" hai3="57,116,95,69,88,124,13,28,18,129,78,36,89"/><W10/><G116/><T24/><D119/><U104/><E128/><V108/><F118/><W31/><G129/><T50/><D122/><U3/><E132/><V80/><F39/><W32/><G69/><T52/><D135/><U84/><E3/><V1/><F108/><W48/><G36/><T102/><D112/><U109/><E109/><V71/><F71/><W54/><G32/><T62/><D82/><U76/><E76/><V22/><F80/><W21/><G124/><N who="2" m="47689" /><F1/><W70/><G70/><T64/><D103/><U120/><E120/><V0/><F0/><W96/><G78/><T15/><D64/><U97/><E44/><V98/><F98/><W107/><G107/><T90/><D90/><U4/><REACH who="1" step="1"/><E19/><AGARI ba="0,0" hai="7,11,15,19,23,24,49,50,52,59,62,99,102,106" machi="19" ten="30,3900,0" yaku="7,1,52,1,54,1" doraHai="2" who="0" fromWho="1" sc="526,39,107,-39,172,0,195,0" owari="565,66.5,68,-43.2,172,-22.8,195,-0.5" /></mjloggm>