<mjloggm ver="2.3"><GO type="225" lobby="0"/><UN n0="%E3%81%86%E3%81%A9%E3%82%93%E3%81%93" n1="%E8%BE%9B%E5%8F%A3%E3%82%AB%E3%83%AC%E3%83%BC%E3%83%A9%E3%82%A4%E3%82%B9" n2="%E3%82%BC%E3%83%AB%E3%83%80%E3%81%AE%E4%BC%9D%E8%AA%AC" n3="%E3%81%A1%E3%82%85%E3%81%86%E3%81%A9%E3%81%8F%E8%B1%A1%E3%81%95%E3%82%93" dan="16,16,16,16" rate="2144.21,2170.82,2124.70,2110.06" sx="M,M,M,M"/><TAIKYOKU oya="0"/><INIT seed="0,0,0,4,2,2" ten="250,250,250,250" oya="0" hai0="42,57,70,100,8,88,135,97,11,20,55,106,3" hai1="78,121,125,69,9,54,61,22,134,18,40,39,131" hai2="36,85,41,24,74,76,4,93,27,114,87,73,59" hai3="82,63,116,113,45,49,117,46,34,44,25,17,84"/><T51/><D135/><U35/><E121/><V91/><F114/><W48/><G113/><T38/><D70/><U77/><E35/><V103/><F59/><W75/><G75/><T80/><D3/><U119/><E134/><V31/><F103/><W33/><G63/><T14/><D20/><U67/><E119/><V21/><F36/><W107/><G107/><T7/><D11/><U79/><E131/><V68/><F68/><W28/><G17/><T112/><D112/><U99/><E125/><V89/><F41/><W6/><G33/><T56/><D56/><U13/><E54/><V16/><F76/><W130/><G130/><T23/><D23/><U71/><E71/><V98/><F4/><W81/><G6/><T19/><D19/><U30/><E99/><V109/><F109/><W58/><G82/><T62/><D38/><U43/><REACH who="1" step="1"/><E39/><REACH who="1" ten="250,240,250,250" step="2"/><V15/><F98/><W26/><G117/><T47/><REACH who="0" step="1"/><D80/><REACH who="0" ten="240,240,250,250" step="2"/><U12/><E12/><V90/><F15/><W108/><G116/><T37/><D37/><U101/><E101/><V64/><F27/><AGARI ba="0,2" hai="9,13,18,22,27,30,40,43,61,67,69,77,78,79" machi="27" ten="40,1300,0" yaku="1,1,53,0" doraHai="2" doraHaiUra="132" who="1" fromWho="2" sc="240,0,240,33,250,-13,250,0" /><INIT seed="1,0,0,1,5,135" ten="240,273,237,250" oya="1" hai0="12,80,48,86,33,25,58,76,118,41,13,85,19" hai1="64,125,81,16,84,94,78,98,93,38,34,102,62" hai2="65,40,30,131,52,119,90,74,96,42,126,129,20" hai3="21,73,56,103,46,8,50,49,4,54,77,100,63"/><U3/><E3/><V9/><F119/><W134/><G134/><T108/><D118/><U75/><E34/><V55/><F74/><W23/><G50/><T11/><D108/><U18/><E38/><V116/><F116/><W6/><G77/><T112/><D112/><U120/><E120/><V1/><F65/><N who="3" m="39143" /><G73/><T99/><D99/><U10/><E125/><V26/><F126/><W79/><G79/><T88/><D33/><U27/><E27/><V117/><F117/><W87/><G87/><T106/><D106/><U53/><E53/><N who="2" m="20555" /><F90/><W133/><G133/><T130/><D130/><N who="2" m="49674" /><F96/><W61/><G61/><T39/><D39/><U35/><E35/><V43/><F9/><W109/><G109/><T97/><D97/><U71/><REACH who="1" step="1"/><E10/><REACH who="1" ten="240,263,237,250" step="2"/><V60/><F60/><W110/><G110/><T44/><D25/><U124/><E124/><V132/><F132/><W37/><G37/><T66/><D13/><U32/><E32/><V104/><F1/><W17/><G8/><T111/><D111/><U45/><E45/><V82/><F104/><W127/><G127/><T83/><D66/><U51/><E51/><V7/><F42/><W0/><G0/><T107/><D107/><U2/><E2/><V14/><F40/><W115/><G21/><T101/><D58/><U128/><E128/><V31/><F43/><W24/><G115/><T121/><D121/><U95/><E95/><V123/><F123/><W29/><G29/><T68/><D68/><U28/><E28/><N who="2" m="17479" /><F82/><W92/><G92/><T91/><D101/><AGARI ba="0,1" hai="4,6,17,23,24,46,49,54,100,101,103" m="39143" machi="101" ten="30,1000,0" yaku="8,1" doraHai="135" who="3" fromWho="0" sc="240,-10,263,0,237,0,250,20" /><INIT seed="2,0,0,0,5,0" ten="230,263,237,270" oya="2" hai0="88,2,111,106,64,132,32,48,33,24,29,121,107" hai1="25,117,79,89,57,55,94,23,47,82,61,5,77" hai2="10,38,104,50,62,58,59,127,123,7,105,135,100" hai3="27,69,98,109,70,42,101,72,56,110,30,4,131"/><V73/><F123/><W76/><G42/><T6/><D121/><U134/><E134/><V44/><F135/><W118/><G118/><T26/><D132/><U97/><E117/><V28/><F73/><W31/><G131/><T81/><D111/><N who="3" m="42505" /><G72/><T49/><D64/><U96/><E96/><V63/><F38/><W93/><G76/><T84/><D32/><U83/><E47/><V51/><F28/><N who="3" m="10795" /><G27/><T115/><D26/><U12/><E12/><V36/><F36/><W102/><G102/><T108/><D115/><U14/><E14/><V116/><F116/><W114/><G114/><T45/><D108/><U39/><E39/><V54/><F127/><W35/><G35/><T9/><REACH who="0" step="1"/><D49/><REACH who="0" ten="220,263,237,270" step="2"/><U124/><E124/><V17/><F50/><W15/><G56/><T92/><D92/><U71/><E94/><V66/><F58/><W65/><G65/><T8/><D8/><AGARI ba="0,1" hai="4,8,15,69,70,93,98,101" m="10795,42505" machi="8" ten="30,2000,0" yaku="14,1,52,1" doraHai="0" who="3" fromWho="0" sc="220,-20,263,0,237,0,270,30" /><INIT seed="3,0,0,4,5,120" ten="200,263,237,300" oya="3" hai0="38,105,110,123,46,72,103,26,45,121,43,97,114" hai1="17,83,93,106,39,82,5,25,107,54,4,34,67" hai2="10,11,64,122,21,2,40,84,20,41,1,70,63" hai3="23,37,135,44,16,112,117,94,24,35,124,126,87"/><W69/><G112/><T32/><D114/><U56/><E39/><V29/><F122/><N who="0" m="46602" /><D46/><U86/><E67/><V55/><F84/><W51/><G117/><T132/><D132/><U47/><E47/><V78/><F78/><W115/><G115/><T90/><D90/><N who="1" m="53463" /><E34/><V100/><F100/><W88/><G135/><T109/><D72/><U118/><E107/><V8/><F55/><N who="3" m="30183" /><G69/><T58/><D58/><U116/><E106/><V28/><F63/><W134/><G35/><T61/><D61/><U59/><E59/><V6/><F64/><W36/><G134/><T48/><D48/><U65/><E65/><V127/><F70/><W79/><G79/><T15/><D15/><U91/><E91/><V14/><F127/><AGARI ba="0,0" hai="16,23,24,36,37,87,88,94,124,126,127" m="30183" machi="127" ten="30,5800,0" yaku="18,1,54,2" doraHai="120" who="3" fromWho="2" sc="200,0,263,0,237,-58,300,58" owari="200,-20.0,263,6.3,179,-32.1,358,45.8" /></mjloggm>