<mjloggm ver="2.3"><GO type="225" lobby="0"/><UN n0="%4E%49%4A%49%49%52%4F" n1="%E3%83%AD%E3%83%83%E3%83%86%E9%9B%80%E7%90%83" n2="%E6%97%A5%E6%9B%9C%E6%97%A5%E3%82%88%E3%82%8A%E3%81%AE%E4%BD%BF%E8%80%85" n3="%E6%A1%9C%E8%8A%B1%E9%96%83%E3%80%85" dan="16,17,17,18" rate="2177.13,2200.06,2149.72,2235.63" sx="M,M,M,M"/><TAIKYOKU oya="0"/><INIT seed="0,0,0,4,3,72" ten="250,250,250,250" oya="0" hai0="104,73,30,67,107,2,99,69,111,37,70,15,40" hai1="45,86,101,83,22,91,39,65,118,50,14,9,61" hai2="55,66,102,33,16,90,58,117,76,62,53,63,74" hai3="56,71,108,43,103,92,75,112,109,6,88,28,82"/><T18/><D18/><U8/><E118/><V64/><F33/><W10/><G71/><N who="0" m="27147" /><D15/><U12/><E39/><V131/><F117/><W79/><G112/><T59/><D59/><N who="1" m="37055" /><E101/><V38/><F38/><W19/><G28/><T54/><D54/><U129/><E129/><V114/><F114/><W95/><G43/><T127/><D67/><U134/><E134/><V100/><F131/><W31/><G31/><T51/><D51/><U105/><E105/><N who="0" m="40521" /><D99/><U77/><E91/><V94/><F55/><W119/><G119/><T25/><D127/><U60/><E60/><V46/><F53/><W44/><G56/><T116/><D116/><U110/><E14/><V47/><F62/><W113/><G113/><T81/><D111/><N who="3" m="42569" /><G103/><T124/><D124/><U1/><E110/><V122/><F102/><W35/><G19/><T78/><D25/><U115/><E115/><V34/><F100/><W36/><G88/><T128/><D30/><U68/><E68/><V52/><F90/><W57/><G57/><T4/><D128/><U7/><E22/><V27/><F58/><W130/><G130/><T121/><D121/><U120/><E120/><V32/><F63/><W24/><G36/><T3/><D4/><N who="1" m="1039" /><E50/><N who="2" m="28759" /><F66/><W42/><G6/><T87/><D87/><U17/><E7/><V97/><F64/><W5/><G5/><T96/><D96/><U106/><E106/><V135/><F97/><W48/><G10/><T123/><D123/><U26/><E26/><V21/><F122/><W13/><G13/><T84/><D84/><U23/><E9/><V93/><F27/><W126/><G126/><RYUUKYOKU ba="0,0" sc="250,10,250,10,250,-30,250,10" hai0="2,3,37,40,73,78,81" hai1="12,17,23,45,77,83,86" hai3="24,35,42,44,48,75,79,82,92,95" /><INIT seed="0,1,0,2,5,94" ten="260,260,220,260" oya="0" hai0="40,73,82,41,66,99,44,21,87,91,35,33,88" hai1="78,114,52,64,1,97,93,54,50,135,30,16,23" hai2="68,62,13,69,107,15,124,2,72,98,61,63,51" hai3="11,48,122,26,45,3,9,127,55,84,120,79,43"/><T56/><D73/><U31/><E135/><V71/><F2/><W109/><G109/><T113/><D113/><U59/><E1/><V104/><F72/><W85/><G127/><T37/><D41/><U133/><E133/><V118/><F124/><W34/><G55/><T92/><REACH who="0" step="1"/><D21/><REACH who="0" ten="250,260,220,260" step="2"/><U36/><E114/><V8/><F118/><W70/><G43/><T76/><D76/><U47/><E78/><V123/><F123/><W132/><G79/><T29/><D29/><U111/><E111/><V117/><F117/><W42/><G132/><T102/><D102/><N who="1" m="60719" /><E36/><V58/><F98/><W108/><G42/><T81/><D81/><U46/><E64/><V10/><F51/><W27/><G48/><T105/><D105/><U74/><E74/><V96/><F96/><W18/><G108/><T77/><D77/><U17/><E17/><V7/><REACH who="2" step="1"/><F58/><REACH who="2" ten="250,260,210,260" step="2"/><W20/><G120/><T65/><D65/><U131/><E59/><V57/><F57/><W67/><G122/><T5/><D5/><AGARI ba="1,2" hai="5,7,8,10,13,15,61,62,63,68,69,71,104,107" machi="5" ten="50,3200,0" yaku="1,1,9,1,53,0" doraHai="94" doraHaiUra="49" who="2" fromWho="0" sc="250,-35,260,0,210,55,260,0" /><INIT seed="1,0,0,1,2,81" ten="215,260,265,260" oya="1" hai0="123,96,35,95,51,31,128,48,86,75,83,110,26" hai1="17,126,69,16,77,104,132,45,53,105,29,101,122" hai2="74,106,8,7,34,85,87,49,28,1,10,102,73" hai3="72,36,99,62,12,88,40,58,118,64,44,5,124"/><U70/><E122/><V130/><F130/><W133/><G133/><T33/><D128/><U18/><E132/><V30/><F106/><W14/><G124/><T32/><D123/><U117/><E117/><V115/><F102/><W78/><G118/><T119/><D119/><U91/><E126/><V0/><F49/><W21/><G21/><T37/><D37/><U50/><E77/><V24/><F115/><W39/><G39/><T42/><D75/><U46/><E46/><V76/><F76/><W11/><G99/><T66/><D110/><U125/><E125/><V129/><F129/><W109/><G88/><T59/><D66/><U113/><E113/><V2/><F2/><N who="3" m="439" /><G109/><T23/><D42/><U120/><E120/><V13/><F30/><W98/><G98/><T25/><D25/><U79/><E79/><V135/><F135/><W134/><G134/><T111/><D111/><U54/><E29/><V67/><F67/><W80/><AGARI ba="0,0" hai="12,14,36,40,44,58,62,64,72,78,80" m="439" machi="80" ten="30,1100,0" yaku="25,1" doraHai="81" who="3" fromWho="3" sc="215,-3,260,-5,265,-3,260,11" /><INIT seed="2,0,0,3,0,80" ten="212,255,262,271" oya="2" hai0="63,127,12,118,48,71,101,32,66,16,104,0,10" hai1="76,28,135,75,131,5,64,24,70,26,91,95,109" hai2="81,59,133,124,36,15,53,134,57,105,84,1,42" hai3="123,46,45,34,4,68,126,77,114,116,92,69,2"/><V83/><F1/><W6/><G116/><T112/><D112/><U18/><E109/><V22/><F105/><W93/><G123/><T73/><D127/><U30/><E131/><V121/><F121/><W43/><G77/><T97/><D118/><U132/><E5/><V62/><F124/><W56/><G56/><T106/><D0/><U102/><E102/><V111/><F111/><W3/><G126/><T44/><D73/><U98/><E76/><V94/><F42/><W52/><G43/><T39/><D39/><U25/><E75/><V17/><F36/><W113/><G34/><T107/><REACH who="0" step="1"/><D32/><REACH who="0" ten="202,255,262,271" step="2"/><U49/><E135/><V29/><F134/><W47/><G47/><T129/><D129/><U72/><E132/><V85/><F133/><W13/><G13/><T100/><D100/><U108/><E72/><V110/><F110/><W120/><G120/><T31/><D31/><U122/><E30/><V119/><F119/><W115/><G115/><T55/><AGARI ba="0,1" hai="10,12,16,44,48,55,63,66,71,97,101,104,106,107" machi="55" ten="20,8000,1" yaku="1,1,0,1,7,1,54,1,53,1" doraHai="80" doraHaiUra="40" who="0" fromWho="0" sc="202,90,255,-20,262,-40,271,-20" /><INIT seed="3,0,0,2,4,10" ten="292,235,222,251" oya="3" hai0="88,68,93,30,124,96,82,67,110,6,58,65,98" hai1="74,97,84,53,73,81,15,41,47,103,52,46,35" hai2="50,8,76,27,109,45,101,19,64,104,107,39,75" hai3="1,55,127,18,119,22,62,14,56,131,126,113,16"/><W121/><G119/><T38/><D68/><U11/><E35/><V122/><F39/><W87/><G121/><T69/><D69/><U28/><E28/><V114/><F114/><W29/><G113/><T112/><D38/><U83/><E74/><V78/><F122/><W99/><G1/><T108/><D112/><U133/><E133/><V59/><F75/><W3/><G3/><T20/><D124/><N who="3" m="47657" /><G131/><T32/><D32/><U89/><E83/><V13/><F109/><N who="0" m="42090" /><D6/><U12/><E73/><V132/><F132/><W21/><G87/><T90/><D58/><U63/><E41/><V17/><F104/><W26/><G99/><T85/><D98/><U36/><E36/><V9/><F107/><W48/><G29/><T91/><D91/><U125/><E125/><V4/><F101/><W134/><G134/><T77/><D90/><U95/><E11/><V128/><F128/><W79/><G79/><N who="2" m="30249" /><F9/><W33/><G33/><T57/><D57/><N who="1" m="35239" /><E46/><V71/><F71/><W31/><G31/><T111/><D111/><U115/><E115/><V100/><F100/><W66/><G48/><AGARI ba="0,0" hai="12,15,47,48,53,81,84,89,95,97,103" m="35239" machi="48" ten="30,7700,0" yaku="8,1,52,2,54,1" doraHai="10" who="1" fromWho="3" sc="292,0,235,77,222,0,251,-77" owari="292,9.2,312,41.2,222,-17.8,174,-32.6" /></mjloggm>