<mjloggm ver="2.3"><GO type="225" lobby="0"/><UN n0="%E3%81%9F%E3%81%8B%E3%81%AE%E3%81%99%E3%81%91" n1="%6D%75%75%6D%75%72%61" n2="%E3%81%B8%E3%82%80%E3%81%B8%E3%82%80%EF%BC%92%E5%8F%B7" n3="%4B%2E%32%2E%4B%2E" dan="17,17,16,17" rate="2148.78,2183.54,2118.45,2176.35" sx="M,F,M,M"/><TAIKYOKU oya="0"/><INIT seed="0,0,0,4,0,17" ten="250,250,250,250" oya="0" hai0="24,115,54,56,1,81,101,93,86,106,71,73,85" hai1="65,47,113,0,67,27,75,129,76,63,111,32,82" hai2="22,103,108,31,100,72,10,105,116,128,130,37,35" hai3="19,77,51,78,53,122,89,95,46,52,49,8,29"/><T135/><D71/><U96/><E111/><V15/><F116/><W18/><G122/><T88/><D115/><U58/><E113/><V119/><F119/><W66/><G66/><T16/><D1/><U4/><E129/><N who="2" m="49771" /><F108/><W41/><G29/><T112/><D112/><U44/><E67/><V97/><F37/><W12/><G19/><T69/><D69/><U98/><E0/><V79/><F100/><W84/><REACH who="3" step="1"/><G41/><REACH who="3" ten="250,250,250,240" step="2"/><T104/><D135/><U94/><E4/><V36/><F35/><W30/><G30/><T23/><D73/><U132/><E132/><V74/><F36/><W131/><G131/><T64/><D64/><U127/><E32/><V92/><F105/><W13/><G13/><T70/><D70/><U33/><E33/><V38/><F38/><W7/><G7/><T55/><D55/><U120/><E120/><V28/><F28/><W102/><G102/><T125/><D101/><U3/><E3/><V80/><F31/><W134/><G134/><T40/><D40/><U110/><E110/><V26/><F15/><W59/><AGARI ba="0,1" hai="8,12,18,46,49,51,52,53,59,77,78,84,89,95" machi="59" ten="20,12000,2" yaku="1,1,0,1,7,1,8,1,54,1,53,1" doraHai="17" doraHaiUra="91" who="3" fromWho="3" sc="250,-60,250,-30,250,-30,240,130" /><INIT seed="1,0,0,1,5,84" ten="190,220,220,370" oya="1" hai0="108,107,65,95,122,30,83,27,118,117,15,66,71" hai1="20,113,58,40,2,28,62,17,76,56,41,134,73" hai2="19,0,23,70,81,51,114,18,110,123,33,77,3" hai3="112,78,127,104,109,103,128,35,131,22,37,45,26"/><U49/><E113/><V36/><F36/><W133/><G112/><T85/><D107/><U120/><E120/><V80/><F114/><W105/><G109/><T116/><D122/><U121/><E121/><V5/><F70/><W12/><G127/><T63/><D108/><U34/><E2/><V44/><F110/><W130/><G133/><T1/><D1/><U87/><E73/><V74/><F123/><W50/><G37/><T115/><D115/><U88/><E76/><V94/><F33/><W92/><G78/><T68/><D95/><U55/><E34/><V82/><F94/><W129/><G35/><T98/><D98/><U6/><E6/><V52/><F19/><N who="3" m="10599" /><G26/><T43/><D43/><U69/><E69/><V13/><REACH who="2" step="1"/><F0/><REACH who="2" ten="190,220,210,370" step="2"/><W4/><G131/><T86/><D83/><N who="1" m="49279" /><E134/><V24/><F24/><W42/><G4/><T21/><REACH who="0" step="1"/><D15/><REACH who="0" ten="180,220,210,370" step="2"/><N who="1" m="9279" /><E28/><V48/><F48/><W125/><G125/><T67/><D67/><AGARI ba="0,2" hai="40,41,49,55,56,58,62,67" m="9279,49279" machi="67" ten="30,5800,0" yaku="8,1,52,1,54,1" doraHai="84" who="1" fromWho="0" sc="180,-58,220,78,210,0,370,0" /><INIT seed="1,1,0,5,4,37" ten="122,298,210,370" oya="1" hai0="130,63,132,126,69,55,105,17,2,91,89,92,10" hai1="62,6,93,16,20,111,32,109,3,98,101,124,78" hai2="48,27,113,76,80,104,117,7,96,112,102,95,75" hai3="52,64,44,73,47,90,106,12,86,120,129,49,61"/><U110/><E124/><V8/><F117/><W56/><G120/><T108/><D105/><U123/><E123/><V74/><F27/><W58/><G129/><T22/><D126/><U67/><E32/><V57/><F75/><W29/><G73/><T35/><D35/><U50/><E78/><V38/><F38/><W83/><G106/><T24/><D130/><U71/><E50/><V30/><F30/><W68/><G29/><T28/><D132/><U45/><E45/><V77/><F77/><W70/><G12/><T18/><D108/><U11/><REACH who="1" step="1"/><E109/><REACH who="1" ten="122,288,210,370" step="2"/><V133/><F133/><W4/><REACH who="3" step="1"/><G4/><REACH who="3" ten="122,288,210,360" step="2"/><T119/><D119/><U33/><E33/><V41/><F112/><W122/><G122/><T9/><D2/><U103/><E103/><V99/><F113/><W81/><G81/><T5/><D5/><U59/><E59/><V121/><F121/><W25/><G25/><AGARI ba="1,2" hai="3,6,11,16,20,25,62,67,71,93,98,101,110,111" machi="25" ten="40,3900,0" yaku="1,1,54,1,53,0" doraHai="37" doraHaiUra="131" who="1" fromWho="3" sc="122,0,288,62,210,0,360,-42" /><INIT seed="1,2,0,2,4,98" ten="122,350,210,318" oya="1" hai0="42,36,127,60,40,120,53,57,50,35,74,123,21" hai1="121,38,93,72,115,13,45,96,31,47,113,106,8" hai2="114,2,97,43,17,63,41,88,14,4,19,124,34" hai3="112,104,1,23,130,116,52,65,118,49,128,111,69"/><U135/><E121/><N who="0" m="46665" /><D35/><U78/><E135/><V109/><F34/><W80/><G104/><T83/><D21/><U55/><E106/><V86/><F109/><W39/><G1/><T27/><D27/><U18/><E31/><V71/><F124/><W68/><G111/><T5/><D5/><U20/><E38/><V12/><F114/><W105/><G105/><T132/><D83/><U37/><E72/><V89/><F97/><W82/><G80/><T25/><D25/><U16/><E78/><V11/><F63/><N who="3" m="39999" /><G82/><T94/><D94/><U9/><E37/><V75/><F71/><W59/><G23/><T117/><D74/><U79/><E79/><V122/><F75/><W61/><G112/><T56/><D132/><U66/><E66/><V92/><F122/><W91/><G91/><T87/><D87/><U33/><E33/><V100/><F100/><W84/><G84/><T134/><D134/><U133/><E133/><V103/><F103/><W15/><G15/><T131/><D117/><N who="3" m="45161" /><G39/><T108/><D108/><U70/><E113/><V58/><F89/><W3/><G3/><T26/><D26/><N who="1" m="14599" /><E115/><V129/><F2/><W22/><G22/><T7/><D7/><U90/><E8/><V95/><F4/><W110/><G110/><T76/><D76/><U126/><E126/><V81/><F11/><W24/><G24/><T107/><D107/><U28/><E28/><V85/><F85/><W64/><AGARI ba="2,0" hai="49,52,59,61,64,69,128,130" m="45161,39999" machi="64" ten="30,7900,0" yaku="12,1,34,2,54,1" doraHai="98" who="3" fromWho="3" sc="122,-22,350,-41,210,-22,318,85" /><INIT seed="2,0,0,1,4,32" ten="100,309,188,403" oya="2" hai0="46,16,74,109,15,28,13,125,44,68,42,127,84" hai1="66,110,12,37,92,20,85,80,88,48,108,47,50" hai2="82,23,75,10,115,25,31,0,104,100,131,58,17" hai3="21,67,111,119,33,87,43,81,34,83,57,35,45"/><V106/><F115/><W7/><G119/><T105/><D74/><U5/><E66/><V54/><F131/><W94/><G111/><N who="1" m="42538" /><E37/><V114/><F114/><W59/><G7/><T90/><D105/><U130/><E130/><V135/><F135/><W89/><G21/><T126/><D68/><U86/><E47/><V2/><F100/><W19/><G19/><T122/><D122/><U134/><E134/><V73/><F73/><W116/><G116/><T8/><D109/><U129/><E129/><V11/><F104/><W95/><G95/><T71/><D71/><U98/><E86/><V60/><F106/><W118/><G118/><T123/><D123/><U79/><E20/><V112/><F112/><W27/><G27/><T117/><D117/><U121/><E121/><V56/><F56/><W124/><G124/><T72/><D72/><U120/><E120/><V24/><F10/><AGARI ba="0,0" hai="5,10,12,48,50,79,80,85,88,92,98" m="42538" machi="10" ten="30,2000,0" yaku="14,1,54,1" doraHai="32" who="1" fromWho="2" sc="100,0,309,20,188,-20,403,0" /><INIT seed="3,0,0,2,4,61" ten="100,329,168,403" oya="3" hai0="79,31,106,2,115,11,112,89,132,48,83,26,12" hai1="21,34,50,98,57,29,66,30,47,123,70,54,56" hai2="120,17,27,62,90,52,87,130,85,73,72,113,125" hai3="75,84,42,1,8,71,96,28,110,122,82,117,7"/><W44/><G117/><T58/><D106/><U55/><E123/><V100/><F113/><W97/><G122/><T16/><D132/><U109/><E109/><V107/><F130/><W88/><G110/><T45/><D89/><U131/><E131/><V37/><F37/><W133/><G133/><T114/><D2/><U4/><E34/><V63/><F125/><W103/><G71/><T40/><D58/><U74/><E74/><V134/><F134/><W86/><G28/><T33/><REACH who="0" step="1"/><D83/><REACH who="0" ten="90,329,168,403" step="2"/><U135/><E135/><V19/><F90/><W80/><G1/><T13/><D13/><U126/><E126/><V36/><F107/><W94/><G82/><T60/><D60/><U41/><E70/><V14/><F62/><W43/><G80/><T10/><D10/><U118/><E118/><V39/><F63/><W25/><G8/><T64/><D64/><U124/><E124/><V15/><F120/><W128/><G88/><T0/><D0/><U22/><E66/><V127/><F14/><W6/><G128/><T111/><D111/><U49/><E98/><V68/><F15/><W119/><G97/><T102/><D102/><U46/><REACH who="1" step="1"/><E4/><REACH who="1" ten="90,319,168,403" step="2"/><V20/><F127/><W81/><G6/><T67/><D67/><U108/><E108/><V95/><F68/><W32/><G7/><T65/><D65/><U69/><E69/><V35/><F73/><W105/><G96/><T9/><D9/><U23/><E23/><V76/><F72/><W99/><G99/><T116/><D116/><U38/><E38/><V3/><F39/><W24/><G75/><T53/><D53/><RYUUKYOKU ba="0,2" sc="90,15,319,15,168,-15,403,-15" hai0="11,12,16,26,31,33,40,45,48,79,112,114,115" hai1="21,22,29,30,41,46,47,49,50,54,55,56,57" owari="105,-39.5,334,13.4,153,-24.7,408,50.8" /></mjloggm>