<mjloggm ver="2.3"><GO type="225" lobby="0"/><UN n0="%6D%75%75%6D%75%72%61" n1="%E7%AD%89%E3%80%85%E5%8A%9B%E5%8A%87%E5%A0%B4" n2="%E5%B8%86%E7%AB%8B%E5%A4%8F%E8%A1%A3" n3="%E3%81%AA%E3%81%A1%30%39%32%37" dan="17,16,16,16" rate="2185.57,2052.20,2094.34,2109.15" sx="F,M,M,M"/><TAIKYOKU oya="0"/><INIT seed="0,0,0,1,5,92" ten="250,250,250,250" oya="0" hai0="72,36,30,88,97,52,115,118,98,91,46,84,28" hai1="123,105,99,20,112,47,38,1,55,132,119,126,32" hai2="31,103,40,26,56,22,95,19,83,109,106,39,35" hai3="9,113,81,11,87,59,49,94,48,45,111,3,63"/><T14/><D115/><U53/><RYUUKYOKU type="yao9" ba="0,0" sc="250,0,250,0,250,0,250,0" hai1="1,20,32,38,47,53,55,99,105,112,119,123,126,132" /><INIT seed="0,1,0,2,3,127" ten="250,250,250,250" oya="0" hai0="5,16,45,34,113,128,124,131,38,73,6,110,99" hai1="46,44,47,85,24,9,48,77,61,114,112,91,82" hai2="132,11,52,115,121,95,64,104,117,57,67,20,26" hai3="130,31,28,86,84,135,94,71,78,19,1,12,83"/><T118/><D113/><N who="1" m="43627" /><E61/><V54/><F115/><W106/><G106/><T100/><D118/><U51/><E24/><V22/><F104/><W101/><G71/><T8/><D34/><U66/><E66/><V123/><F117/><W105/><G135/><T102/><D73/><N who="1" m="43311" /><E9/><V90/><F132/><W60/><G60/><T63/><D63/><U65/><E65/><N who="2" m="25163" /><F123/><W10/><G1/><T72/><D72/><U79/><E79/><V75/><F75/><W125/><G125/><T62/><D62/><U126/><E126/><V93/><F121/><W39/><G39/><T122/><D122/><U109/><E109/><V98/><F11/><W96/><G105/><T74/><D74/><U18/><E18/><N who="2" m="12567" /><F57/><W33/><G33/><T42/><D124/><U17/><E17/><V25/><F95/><AGARI ba="1,0" hai="44,46,47,48,51,85,91,95" m="43311,43627" machi="95" ten="30,1000,0" yaku="11,1" doraHai="127" who="1" fromWho="2" sc="250,0,250,13,250,-13,250,0" /><INIT seed="1,0,0,5,1,114" ten="250,263,237,250" oya="1" hai0="11,23,46,1,51,30,28,111,106,25,94,36,131" hai1="70,88,91,19,120,32,62,16,104,73,65,116,31" hai2="61,69,118,68,20,125,2,103,96,59,90,17,52" hai3="66,41,18,27,102,4,76,107,113,45,82,10,5"/><U43/><E120/><V87/><F125/><W29/><G113/><T33/><D106/><U44/><E73/><V112/><F2/><W110/><G110/><T130/><D111/><U81/><E104/><V55/><F112/><W92/><G66/><T49/><D36/><U123/><E123/><V97/><F118/><W80/><G107/><T135/><D135/><U122/><E122/><V89/><F103/><W6/><G18/><N who="0" m="12535" /><D94/><U38/><E116/><V12/><F55/><W40/><G10/><T84/><D84/><U121/><E121/><V48/><F89/><W57/><G57/><T47/><D11/><U117/><E117/><V101/><F101/><W100/><G92/><T119/><D1/><U124/><E124/><V93/><F69/><W37/><G41/><N who="0" m="24783" /><D33/><U71/><E71/><V108/><F108/><W109/><G109/><T42/><D119/><U24/><REACH who="1" step="1"/><E91/><REACH who="1" ten="250,253,237,250" step="2"/><V15/><F15/><W39/><G102/><T26/><D26/><U134/><E134/><V99/><F68/><W95/><G100/><T3/><D3/><U128/><E128/><AGARI ba="0,1" hai="28,30,42,47,51,128,130,131" m="24783,12535" machi="128" ten="30,1000,0" yaku="19,1" doraHai="114" who="0" fromWho="1" sc="250,20,253,-10,237,0,250,0" /><INIT seed="2,0,0,0,0,96" ten="270,243,237,250" oya="2" hai0="64,34,126,116,111,93,119,1,125,127,102,87,8" hai1="73,105,113,35,48,18,120,58,52,100,29,74,110" hai2="134,121,7,31,99,32,17,23,86,42,84,15,75" hai3="68,4,89,33,112,77,80,50,109,30,83,62,132"/><V67/><F75/><W27/><G109/><T11/><D111/><U46/><E110/><V117/><F117/><N who="0" m="45130" /><D1/><U56/><E113/><V3/><F121/><W63/><G132/><T81/><D34/><U76/><E120/><V44/><F134/><W12/><G112/><T55/><D64/><U47/><E35/><V98/><F67/><W79/><G68/><T78/><D55/><U108/><E29/><V2/><F2/><W40/><G89/><T104/><D104/><U10/><E108/><V129/><F129/><W24/><G24/><T41/><D41/><U13/><E58/><V128/><F128/><W65/><G65/><T9/><D93/><U106/><E106/><V26/><F84/><W66/><G66/><T82/><D82/><U25/><E25/><V118/><F86/><W38/><G80/><T124/><D124/><U61/><E76/><V39/><F118/><W71/><G77/><T122/><D122/><U130/><E130/><V70/><F70/><W53/><G71/><T107/><D107/><U14/><E105/><V88/><F88/><W20/><G79/><T59/><D59/><U95/><E56/><V37/><F37/><W45/><G83/><T97/><D97/><U135/><E135/><V21/><F32/><W36/><G40/><T43/><D43/><U0/><E0/><V69/><F69/><W16/><REACH who="3" step="1"/><G4/><REACH who="3" ten="270,243,237,240" step="2"/><T57/><D125/><U123/><E123/><V91/><F91/><W94/><G94/><T92/><D126/><U49/><E95/><V72/><F72/><W90/><G90/><N who="0" m="53343" /><D127/><U19/><E73/><V54/><F54/><RYUUKYOKU ba="0,1" sc="270,-15,243,-15,237,15,240,15" hai2="3,7,15,17,21,23,26,31,39,42,44,98,99" hai3="12,16,20,27,30,33,36,38,45,50,53,62,63" /><INIT seed="2,1,1,5,1,100" ten="255,228,252,255" oya="2" hai0="84,9,122,120,78,83,115,134,63,33,105,124,74" hai1="103,111,16,64,21,107,81,86,27,49,127,66,36" hai2="29,53,1,118,92,82,18,97,41,91,132,39,104" hai3="4,22,40,42,116,135,34,8,48,93,99,72,19"/><V37/><F118/><W31/><G116/><T11/><D115/><U20/><E36/><V45/><F132/><W7/><G72/><T88/><D134/><U102/><E111/><V23/><F1/><W65/><G135/><T51/><D33/><U30/><E127/><V128/><F128/><W125/><G125/><T112/><D112/><U77/><E49/><V117/><F117/><W98/><G65/><N who="1" m="25194" /><E107/><V89/><F39/><W67/><G67/><T13/><D105/><U24/><AGARI ba="1,1" hai="16,20,21,24,27,30,77,81,86,102,103" m="25194" machi="24" ten="30,2000,0" yaku="8,1,54,1" doraHai="100" who="1" fromWho="1" sc="255,-6,228,33,252,-11,255,-6" /><INIT seed="3,0,0,5,1,58" ten="249,261,241,249" oya="3" hai0="60,54,127,15,116,119,79,94,93,20,66,4,61" hai1="126,45,104,81,107,55,122,26,70,117,87,13,25" hai2="80,86,18,36,7,49,101,19,52,2,67,9,51" hai3="74,82,77,120,90,89,71,99,41,84,115,108,39"/><W105/><G71/><T17/><D79/><U102/><E122/><V91/><F36/><W75/><G41/><T125/><D66/><U113/><E113/><V48/><F101/><N who="3" m="62655" /><G39/><T33/><D33/><U35/><E126/><N who="0" m="48137" /><D54/><U14/><E70/><V42/><F67/><W62/><G62/><N who="0" m="24171" /><D4/><U68/><E68/><V72/><F72/><N who="3" m="27691" /><G115/><T131/><D131/><U5/><E35/><V50/><REACH who="2" step="1"/><F42/><REACH who="2" ten="249,261,231,249" step="2"/><W83/><G120/><T96/><D96/><U114/><E114/><V110/><F110/><W128/><G108/><T65/><D65/><U121/><E121/><V37/><F37/><W40/><G40/><T1/><D1/><U135/><E117/><AGARI ba="0,1" hai="15,17,20,93,94,116,117,119" m="24171,48137" machi="117" ten="30,7700,0" yaku="18,1,52,3" doraHai="58" who="0" fromWho="1" sc="249,87,261,-77,231,0,249,0" owari="336,43.6,184,-31.6,231,-16.9,249,4.9" /></mjloggm>