<mjloggm ver="2.3"><GO type="225" lobby="0"/><UN n0="%E3%83%97%E3%83%AC%E3%83%B4%E3%82%A1%E3%83%86%E3%82%A3" n1="%33%74%72%65%65" n2="%72%69%6F%75%63%68%61%6E" n3="%E8%B6%85%E7%B4%9A%E9%B3%B3%E5%87%B0" dan="16,16,16,16" rate="2139.15,2090.01,2082.65,2120.76" sx="F,F,M,M"/><TAIKYOKU oya="0"/><INIT seed="0,0,0,1,2,127" ten="250,250,250,250" oya="0" hai0="134,31,1,65,110,26,64,129,11,45,122,101,66" hai1="119,107,81,53,94,87,12,59,30,15,97,89,100" hai2="35,124,22,43,132,112,96,0,54,128,120,74,103" hai3="73,123,27,77,130,106,117,85,18,38,16,6,7"/><T63/><D122/><U72/><E119/><V125/><F120/><W9/><G123/><T84/><D134/><U21/><E30/><V133/><F112/><W40/><G117/><T62/><D110/><U2/><E2/><V19/><F35/><W28/><G106/><T121/><D121/><U131/><E131/><V44/><F0/><W79/><G73/><T52/><D101/><U46/><E46/><V36/><F74/><W5/><G9/><T58/><D84/><U48/><REACH who="1" step="1"/><E21/><REACH who="1" ten="250,240,250,250" step="2"/><V39/><F128/><W55/><G28/><T93/><D129/><U70/><E70/><V78/><F133/><W109/><G130/><T83/><D83/><U13/><E13/><V57/><F132/><W37/><G109/><T104/><D104/><U90/><E90/><V32/><F125/><W60/><G38/><T71/><D93/><U29/><E29/><V118/><F36/><W135/><G37/><T82/><D82/><U116/><E116/><V25/><F124/><W108/><G135/><T56/><D45/><U102/><E102/><V47/><F118/><W86/><G108/><T61/><D71/><U20/><E20/><V41/><F39/><W34/><G34/><T69/><D69/><U105/><E105/><V10/><F32/><W99/><G77/><AGARI ba="0,1" hai="12,15,48,53,59,72,77,81,87,89,94,97,100,107" machi="77" ten="40,5200,0" yaku="1,1,24,2,53,0" doraHai="127" doraHaiUra="24" who="1" fromWho="3" sc="250,0,240,62,250,0,250,-52" /><INIT seed="1,0,0,3,0,75" ten="250,302,250,198" oya="1" hai0="10,130,16,91,107,70,98,0,35,49,105,92,99" hai1="103,7,48,121,3,43,82,109,6,71,27,110,76" hai2="14,20,119,11,41,44,112,83,29,32,80,51,97" hai3="5,115,88,55,84,4,63,67,127,123,39,26,54"/><U61/><E121/><V28/><F119/><W23/><G123/><T18/><D70/><U113/><E113/><V132/><F112/><W90/><G115/><T47/><D35/><U53/><E103/><V74/><F132/><W31/><G39/><T17/><D130/><U94/><E94/><V114/><F114/><W37/><G37/><T69/><D69/><U36/><E27/><V50/><F32/><W57/><G127/><T100/><D0/><U104/><E104/><V52/><F97/><W72/><G72/><T93/><REACH who="0" step="1"/><D10/><REACH who="0" ten="240,302,250,198" step="2"/><U8/><E8/><V77/><F20/><W102/><G102/><T125/><D125/><U45/><E3/><V87/><F11/><W73/><G73/><T68/><D68/><U22/><E110/><V33/><F33/><W30/><G30/><T66/><D66/><N who="1" m="41423" /><E22/><V118/><F118/><W129/><G129/><T46/><D46/><U122/><E109/><V21/><F21/><W106/><G106/><T24/><D24/><U126/><E126/><V15/><F15/><W95/><REACH who="3" step="1"/><G90/><REACH who="3" ten="240,302,250,188" step="2"/><T13/><D13/><U117/><E117/><V101/><F14/><W59/><G59/><T120/><D120/><U38/><E122/><V1/><F101/><W65/><G65/><T42/><AGARI ba="0,2" hai="16,17,18,42,47,49,91,92,93,98,99,100,105,107" machi="42" ten="30,7900,0" yaku="1,1,0,1,54,1,53,1" doraHai="75" doraHaiUra="85" who="0" fromWho="0" sc="240,99,302,-39,250,-20,188,-20" /><INIT seed="2,0,0,4,2,124" ten="339,263,230,168" oya="2" hai0="85,116,65,38,131,1,15,115,64,2,66,60,43" hai1="36,135,122,27,45,26,107,4,102,58,84,103,109" hai2="53,74,105,39,11,128,69,50,31,95,9,18,46" hai3="57,73,104,20,37,87,106,70,94,114,6,100,24"/><V98/><F128/><W16/><G70/><T133/><D115/><U117/><E4/><V91/><F69/><W21/><G73/><T75/><D75/><U101/><E107/><V111/><F111/><W22/><G37/><T97/><D116/><U47/><E122/><V52/><F74/><W13/><G114/><T35/><D35/><U99/><E99/><V78/><F78/><W113/><G113/><T127/><D127/><U110/><E117/><V77/><F77/><W125/><G125/><T19/><D133/><U17/><E135/><V48/><F39/><W126/><G126/><T10/><D131/><U44/><E36/><V54/><F31/><W108/><G108/><N who="1" m="41578" /><E17/><V79/><F79/><W7/><G104/><T30/><D30/><U55/><E84/><V118/><F118/><W12/><G106/><T62/><D97/><U71/><E71/><V130/><F130/><W81/><G57/><T41/><D85/><U119/><E119/><V90/><F105/><W67/><G67/><T34/><D34/><U28/><E28/><V92/><F18/><W42/><G42/><T134/><D134/><U80/><E80/><V88/><F54/><W96/><G24/><T59/><D38/><U5/><E5/><N who="3" m="1546" /><G12/><T93/><D93/><N who="2" m="35914" /><F98/><W23/><G87/><T72/><D72/><U56/><E55/><V68/><F68/><W61/><G81/><T82/><D82/><U63/><E56/><AGARI ba="0,0" hai="9,11,46,48,50,52,53,56,88,90,91" m="35914" machi="56" ten="30,5800,0" yaku="8,1,54,2" doraHai="124" who="2" fromWho="1" sc="339,0,263,-58,230,58,168,0" /><INIT seed="2,1,0,0,3,90" ten="339,205,288,168" oya="2" hai0="39,115,118,77,54,91,110,34,48,103,83,5,89" hai1="61,97,36,47,93,95,26,125,6,23,27,9,127" hai2="100,73,0,109,81,30,24,63,55,132,16,44,87" hai3="7,37,114,102,76,116,72,25,3,85,130,17,64"/><V123/><F123/><W60/><G116/><T96/><D118/><U46/><E61/><V107/><F132/><W49/><G37/><T70/><D115/><U79/><E79/><V126/><F126/><N who="1" m="48137" /><E97/><V101/><F0/><W40/><G114/><T65/><D39/><U41/><E47/><V53/><F73/><W104/><G72/><T51/><D34/><U135/><E135/><V80/><F109/><W129/><G104/><T10/><D110/><U43/><E43/><V18/><F80/><N who="3" m="47239" /><G102/><T108/><D108/><U2/><E27/><V88/><F107/><W121/><G121/><T124/><D124/><U19/><AGARI ba="1,0" hai="2,6,9,19,23,26,36,41,46,93,95" m="48137" machi="19" ten="30,4000,0" yaku="18,1,52,2" doraHai="90" who="1" fromWho="1" sc="339,-11,205,43,288,-21,168,-11" /><INIT seed="3,0,0,3,1,124" ten="328,248,267,157" oya="3" hai0="15,127,46,24,85,113,10,92,117,107,52,82,21" hai1="90,102,93,32,59,66,116,114,40,80,12,65,51" hai2="128,49,16,130,45,8,34,22,120,78,71,106,18" hai3="11,1,29,14,119,20,77,25,74,43,36,60,54"/><W72/><G119/><T39/><D117/><U111/><E114/><V133/><F34/><W99/><G1/><T26/><D127/><U69/><E111/><V28/><F71/><W41/><G99/><T131/><D107/><U122/><E122/><V67/><F106/><W135/><G135/><T96/><D113/><U81/><E69/><V17/><F67/><N who="1" m="25609" /><E32/><V57/><F133/><W123/><G123/><T33/><D131/><N who="2" m="50218" /><F120/><W55/><G60/><T23/><D39/><U53/><E102/><V115/><F115/><W48/><G36/><T13/><D33/><U121/><E121/><V76/><F57/><W88/><G54/><T35/><D35/><U58/><E116/><V87/><F87/><W70/><G70/><T75/><D75/><U0/><E0/><V38/><F38/><W79/><G74/><T86/><D24/><U27/><E27/><N who="2" m="16503" /><F8/><W83/><G77/><N who="0" m="46287" /><D86/><N who="1" m="52439" /><E58/><V68/><F68/><W97/><G97/><T108/><D108/><U30/><E30/><V7/><F7/><W4/><REACH who="3" step="1"/><G88/><REACH who="3" ten="328,248,267,147" step="2"/><N who="0" m="55303" /><D10/><U104/><E104/><V3/><F3/><W64/><G64/><T125/><D125/><U9/><E40/><AGARI ba="0,1" hai="16,17,18,40,45,49,76,78" m="16503,50218" machi="40" ten="30,8000,1" yaku="19,1,52,3,54,1" doraHai="124" who="2" fromWho="1" sc="328,0,248,-80,267,90,147,0" owari="328,12.8,168,-23.2,357,45.7,147,-35.3" /></mjloggm>