<mjloggm ver="2.3"><GO type="225" lobby="0"/><UN n0="%E7%82%8E%E3%81%AE%E3%83%88%E3%83%AC%E3%83%BC%E3%83%80%E3%83%BC" n1="%6E%69%63%6F%6E%74%6F" n2="%E6%A1%9C%E8%8A%B1%E9%96%83%E3%80%85" n3="%E9%80%9F%E6%B0%B4%E5%87%9B%E9%A6%99" dan="16,17,17,16" rate="2147.96,2151.19,2259.94,2086.14" sx="M,M,M,F"/><TAIKYOKU oya="0"/><INIT seed="0,0,0,4,0,86" ten="250,250,250,250" oya="0" hai0="59,4,57,45,8,79,106,123,19,135,114,39,126" hai1="66,40,1,68,131,50,6,5,10,47,17,129,121" hai2="33,60,30,93,71,24,103,94,134,27,130,127,29" hai3="98,70,74,99,7,80,16,83,23,14,89,88,115"/><T11/><D123/><U82/><E121/><V104/><F127/><W58/><G70/><T120/><D114/><U21/><E6/><V37/><F37/><W133/><G115/><T34/><D120/><U0/><E0/><V75/><F75/><W78/><G133/><T54/><D34/><U63/><REACH who="1" step="1"/><E82/><REACH who="1" ten="250,240,250,250" step="2"/><N who="3" m="31274" /><G74/><T128/><D126/><U44/><E44/><V117/><F134/><W35/><G35/><T116/><D135/><U112/><E112/><V72/><F72/><W52/><G78/><T49/><D79/><U15/><AGARI ba="0,1" hai="1,5,10,15,17,21,40,47,50,63,66,68,129,131" machi="15" ten="30,2000,0" yaku="1,1,0,1,53,0" doraHai="86" doraHaiUra="113" who="1" fromWho="1" sc="250,-10,240,30,250,-5,250,-5" /><INIT seed="1,0,0,1,5,105" ten="240,270,245,245" oya="1" hai0="99,46,115,110,34,23,3,83,7,75,40,43,123" hai1="31,69,1,65,36,59,109,25,55,119,13,41,135" hai2="122,9,124,52,82,120,11,4,10,98,100,74,51" hai3="104,125,116,57,50,26,5,2,68,66,118,106,53"/><U91/><E119/><N who="3" m="45610" /><G125/><T29/><D23/><U95/><E1/><V42/><F42/><W12/><G2/><T49/><D115/><U33/><E135/><V93/><F124/><W96/><G26/><T38/><D43/><U18/><E109/><V32/><F32/><W47/><G68/><T67/><D49/><U24/><E65/><V73/><F4/><W107/><G96/><T103/><D67/><U37/><E69/><V121/><REACH who="2" step="1"/><F82/><REACH who="2" ten="240,270,235,245" step="2"/><W15/><G5/><T87/><D110/><U131/><E41/><V44/><AGARI ba="0,1" hai="9,10,11,44,51,52,73,74,93,98,100,120,121,122" machi="44" ten="40,12000,2" yaku="1,1,2,1,0,1,52,2,54,1,53,0" doraHai="105" doraHaiUra="70" who="2" fromWho="2" sc="240,-30,270,-60,235,130,245,-30" /><INIT seed="2,0,0,4,3,111" ten="210,210,365,215" oya="2" hai0="40,38,25,33,112,46,107,47,126,85,113,15,70" hai1="65,135,56,1,63,16,73,6,11,131,79,99,4" hai2="110,97,83,9,34,3,53,127,91,123,119,115,88" hai3="80,7,133,17,98,45,13,90,87,129,58,75,50"/><V55/><F119/><W82/><G133/><T106/><D15/><U42/><E135/><V93/><F123/><W120/><G129/><T31/><D85/><U84/><E131/><V27/><F127/><W101/><G120/><T103/><D126/><U96/><E73/><V122/><F115/><N who="0" m="44106" /><D103/><U0/><E42/><V89/><F110/><W43/><G75/><T78/><D78/><U10/><REACH who="1" step="1"/><E16/><REACH who="1" ten="210,200,365,215" step="2"/><V81/><F122/><W64/><G7/><T108/><D108/><U77/><E77/><V23/><F9/><W68/><G68/><T104/><D47/><U41/><E41/><V52/><F3/><W20/><G58/><T51/><D51/><U95/><E95/><V29/><F34/><W32/><G32/><T134/><D134/><U74/><E74/><V76/><F76/><W2/><G2/><T8/><D8/><U86/><E86/><V132/><F132/><W92/><REACH who="3" step="1"/><G64/><REACH who="3" ten="210,200,365,205" step="2"/><T37/><D37/><U48/><E48/><V26/><F26/><W71/><G71/><AGARI ba="0,2" hai="25,31,33,38,40,46,70,71,104,106,107" m="44106" machi="71" ten="40,8000,1" yaku="23,1,52,3" doraHai="111" who="0" fromWho="3" sc="210,100,200,0,365,0,205,-80" /><INIT seed="3,0,0,3,5,48" ten="310,200,365,125" oya="3" hai0="128,101,0,132,92,18,67,129,29,99,36,85,115" hai1="118,90,33,51,4,17,133,47,89,39,121,44,8" hai2="3,86,52,88,135,31,34,80,75,49,103,32,74" hai3="23,66,64,79,1,119,20,25,12,7,16,22,2"/><W113/><G119/><T123/><D123/><U53/><E121/><V108/><F3/><W9/><G113/><T21/><D36/><U57/><E33/><V94/><F108/><W13/><G79/><T106/><D0/><N who="3" m="105" /><G66/><T62/><D132/><U110/><E133/><V98/><F135/><W27/><G64/><T54/><D29/><U96/><E110/><V109/><F109/><W43/><G43/><T37/><D37/><U124/><E118/><V125/><F125/><W10/><AGARI ba="0,0" hai="7,9,10,12,13,16,20,22,23,25,27" m="105" machi="10" ten="40,18000,2" yaku="35,5,54,1" doraHai="48" who="3" fromWho="3" sc="310,-60,200,-60,365,-60,125,180" /><INIT seed="3,1,0,4,4,44" ten="250,140,305,305" oya="3" hai0="11,76,6,52,70,23,101,77,116,60,4,67,90" hai1="12,120,132,96,21,83,17,99,75,73,74,105,41" hai2="129,50,117,100,87,13,119,29,97,127,7,38,135" hai3="40,125,61,15,34,45,106,81,133,14,122,47,118"/><W53/><G106/><T54/><D116/><U94/><E132/><V46/><F38/><W95/><G34/><T48/><D54/><U57/><E120/><V134/><F29/><W51/><G118/><T58/><D101/><U130/><E130/><V112/><F112/><W107/><G107/><T5/><D11/><U123/><E123/><V35/><F35/><W43/><G122/><T121/><D121/><U104/><E83/><V56/><F56/><N who="3" m="34959" /><G133/><N who="2" m="50697" /><F87/><W36/><G36/><T102/><D102/><U8/><E41/><N who="3" m="15946" /><G125/><T33/><D33/><U55/><E21/><V89/><F89/><W71/><G71/><T18/><REACH who="0" step="1"/><D90/><REACH who="0" ten="240,140,305,305" step="2"/><U37/><E37/><V65/><F127/><W63/><G63/><T88/><D88/><U113/><E113/><V32/><F32/><W2/><G2/><T108/><D108/><U126/><E126/><V24/><F119/><W68/><G68/><T31/><D31/><U42/><E42/><V25/><F117/><W98/><G81/><T10/><D10/><U69/><E69/><V86/><F100/><N who="3" m="60511" /><G45/><T22/><D22/><U26/><E26/><AGARI ba="1,1" hai="4,5,6,18,23,26,48,52,58,60,67,70,76,77" machi="26" ten="40,8000,1" yaku="1,1,52,1,54,1,53,1" doraHai="44" doraHaiUra="66" who="0" fromWho="1" sc="240,93,140,-83,305,0,305,0" owari="333,43.3,57,-44.3,305,10.5,305,-9.5" /></mjloggm>