<mjloggm ver="2.3"><GO type="225" lobby="0"/><UN n0="%E6%AB%BB%E4%BA%95%E5%A5%8F" n1="%E3%81%86%E3%83%BC%E3%81%B1%E3%83%BC" n2="%E3%83%B4%E3%82%A3%E3%83%AF%E3%82%B3%E3%82%B0%E3%83%8B" n3="%E3%82%AD%E3%83%B3%E3%82%B0%E3%81%82%E3%81%A4%E3%81%97" dan="17,17,16,17" rate="2209.61,2179.77,2161.52,2173.21" sx="M,F,M,M"/><TAIKYOKU oya="0"/><INIT seed="0,0,0,0,2,61" ten="250,250,250,250" oya="0" hai0="51,112,15,88,105,121,37,77,106,48,64,74,1" hai1="43,22,81,99,97,5,53,24,38,82,115,2,111" hai2="100,12,27,109,78,29,123,36,98,95,19,26,73" hai3="69,89,108,87,32,30,58,60,44,129,114,117,91"/><T23/><D1/><U50/><E38/><V135/><F109/><W79/><G114/><T6/><D37/><U33/><E33/><V92/><F123/><W52/><G117/><T68/><D112/><U96/><E43/><V35/><F135/><W42/><G108/><T107/><D121/><U7/><E111/><V75/><F36/><W110/><G110/><T20/><D77/><U45/><E115/><V18/><F78/><W70/><G129/><T93/><D74/><U72/><E72/><V94/><F26/><W16/><G79/><T3/><D3/><U59/><E45/><V90/><F18/><W119/><G89/><T102/><D102/><U57/><E57/><V133/><F133/><W83/><G119/><T84/><D6/><N who="1" m="2059" /><E2/><V55/><F55/><W46/><G16/><AGARI ba="0,0" hai="16,22,24,50,53,59,81,82,96,97,99" m="2059" machi="16" ten="30,2000,0" yaku="8,1,54,1" doraHai="61" who="1" fromWho="3" sc="250,0,250,20,250,0,250,-20" /><INIT seed="1,0,0,1,2,73" ten="250,270,250,230" oya="1" hai0="0,61,95,125,4,24,83,49,7,63,118,116,41" hai1="36,33,120,98,66,76,57,53,79,135,93,10,127" hai2="14,123,54,122,132,56,55,29,89,42,26,77,65" hai3="30,3,81,17,20,32,112,114,58,13,51,94,60"/><U35/><E120/><V71/><F132/><W37/><G37/><T67/><D125/><U38/><E66/><V28/><F42/><W82/><G3/><T31/><D116/><U50/><E38/><V99/><F71/><W12/><G32/><T102/><D118/><U85/><E36/><V70/><F70/><W131/><G131/><T8/><D7/><U92/><E135/><V59/><F65/><W106/><G106/><T78/><D67/><U129/><E127/><V40/><F40/><W110/><G110/><T101/><D95/><U107/><E107/><V84/><F14/><W21/><G51/><T46/><D61/><U87/><E35/><V90/><F99/><W96/><G112/><T124/><D63/><U62/><E33/><V6/><F6/><W5/><G114/><T108/><D108/><U133/><E62/><V34/><F34/><W75/><G75/><T86/><REACH who="0" step="1"/><D124/><REACH who="0" ten="240,270,250,230" step="2"/><U113/><E93/><V109/><F109/><W16/><G5/><T47/><D47/><U104/><E104/><V130/><F123/><W128/><G128/><T39/><D39/><U91/><E129/><V68/><F122/><W52/><G30/><T11/><D11/><U100/><E113/><V69/><F130/><W43/><G43/><T134/><D134/><U72/><E10/><V44/><F28/><W88/><AGARI ba="0,1" hai="12,13,16,17,20,21,52,58,60,81,82,88,94,96" machi="88" ten="20,12000,2" yaku="0,1,7,1,9,1,8,1,54,3" doraHai="73" who="3" fromWho="3" sc="240,-30,270,-60,250,-30,230,130" /><INIT seed="2,0,0,0,3,43" ten="210,210,220,360" oya="2" hai0="50,85,1,123,64,35,48,18,20,6,127,130,118" hai1="104,121,45,100,10,115,22,25,72,40,103,33,122" hai2="65,74,80,79,109,4,91,12,76,63,116,73,113" hai3="108,124,36,81,126,88,77,86,61,30,111,94,105"/><V47/><F113/><W27/><G36/><T2/><D123/><N who="1" m="47115" /><E115/><V67/><F116/><W46/><G46/><T128/><D35/><U0/><E72/><V134/><F134/><W3/><G61/><T107/><D107/><U70/><E70/><V83/><F109/><N who="3" m="42059" /><G3/><T62/><D127/><U14/><E0/><N who="0" m="105" /><D6/><N who="1" m="3415" /><E104/><V28/><F28/><W26/><G105/><T129/><D85/><U68/><E68/><V95/><F63/><W13/><G13/><N who="0" m="9295" /><D118/><U56/><E56/><AGARI ba="0,0" hai="48,50,56,62,64,128,129,130" m="9295,105" machi="56" ten="40,1300,0" yaku="19,1" doraHai="43" who="0" fromWho="1" sc="210,13,210,-13,220,0,360,0" /><INIT seed="3,0,0,3,4,83" ten="223,197,220,360" oya="3" hai0="114,32,132,92,16,39,59,70,119,101,27,0,88" hai1="93,4,73,5,51,67,31,25,107,89,38,127,98" hai2="79,15,30,49,81,3,45,60,21,125,58,46,69" hai3="97,24,110,129,76,85,68,7,115,71,134,82,53"/><W112/><G7/><T35/><D70/><U63/><E38/><V14/><F3/><W123/><G24/><T12/><D119/><U118/><E73/><V64/><F125/><W86/><G53/><T84/><D0/><U52/><E107/><V78/><F69/><W61/><G61/><T13/><D39/><U17/><E118/><V40/><F45/><W47/><G47/><T66/><D132/><U75/><E75/><V8/><F81/><W96/><G82/><T77/><D114/><U48/><E31/><V19/><F30/><W56/><G56/><T72/><D77/><U124/><E51/><V42/><F40/><W99/><G99/><N who="0" m="59623" /><D72/><U120/><E120/><V126/><F126/><N who="1" m="48169" /><E63/><V121/><F121/><W102/><G123/><T34/><D35/><U20/><E67/><V80/><F80/><W18/><G115/><T91/><D32/><U74/><E74/><V62/><F60/><W94/><G112/><T2/><D34/><U44/><AGARI ba="0,0" hai="4,5,17,20,25,44,48,52,89,93,98" m="48169" machi="44" ten="30,2000,0" yaku="18,1,54,1" doraHai="83" who="1" fromWho="1" sc="223,-5,197,20,220,-5,360,-10" owari="218,1.8,217,-18.3,215,-28.5,350,45.0" /></mjloggm>