<mjloggm ver="2.3"><GO type="225" lobby="0"/><UN n0="%E3%81%BF%E3%81%BF%E3%81%9A" n1="%E3%81%82%E3%82%86%E3%81%AE%E9%A2%A8" n2="%E3%81%9F%E3%81%8B%E3%80%82" n3="%E5%B8%86%E7%AB%8B%E5%A4%8F%E8%A1%A3" dan="18,16,16,16" rate="2228.43,2101.82,2045.38,2159.78" sx="M,M,M,M"/><TAIKYOKU oya="0"/><INIT seed="0,0,0,3,4,28" ten="250,250,250,250" oya="0" hai0="25,26,101,118,13,65,109,52,48,55,4,105,92" hai1="102,135,71,23,84,73,122,131,82,0,76,27,98" hai2="43,14,91,106,19,113,12,45,16,75,100,116,81" hai3="95,9,67,47,63,111,50,66,2,62,99,37,18"/><T123/><D118/><U54/><E122/><V120/><F113/><W133/><G111/><T68/><D123/><U94/><E131/><V36/><F120/><W103/><G133/><T51/><D105/><U85/><E135/><V49/><F116/><W119/><G119/><T97/><D109/><U89/><E0/><V40/><F40/><W108/><G108/><T35/><D65/><U1/><E1/><V24/><F24/><W39/><G2/><T11/><D68/><U32/><E71/><V70/><F70/><W69/><G63/><T29/><REACH who="0" step="1"/><D26/><REACH who="0" ten="240,250,250,250" step="2"/><U20/><E27/><V6/><F106/><W134/><G66/><T30/><D30/><U60/><E73/><V38/><F75/><W64/><G64/><T31/><D31/><U21/><E32/><V15/><F38/><W115/><G134/><T125/><D125/><U124/><E124/><V77/><F36/><W59/><G69/><T130/><D130/><U87/><E76/><V79/><F77/><W110/><G110/><T41/><D41/><U107/><E107/><V42/><F42/><W80/><G39/><T3/><D3/><U56/><AGARI ba="0,1" hai="20,21,23,54,56,60,82,84,85,87,89,94,98,102" machi="56" ten="30,2000,0" yaku="0,1,8,1" doraHai="28" who="1" fromWho="1" sc="240,-10,250,30,250,-5,250,-5" /><INIT seed="1,0,0,1,3,9" ten="230,280,245,245" oya="1" hai0="82,32,36,33,24,14,40,54,76,117,90,102,10" hai1="104,118,51,21,101,47,108,35,73,70,22,18,123" hai2="62,121,122,79,99,5,16,127,106,30,49,132,46" hai3="75,50,23,77,114,95,37,38,113,67,133,28,26"/><U80/><E118/><V2/><F132/><W12/><G133/><T58/><D117/><U92/><E123/><V81/><F127/><W98/><G38/><T45/><D102/><U15/><E35/><V94/><F106/><W135/><G37/><T53/><D90/><U6/><E70/><V39/><F39/><W31/><G135/><T110/><D110/><U112/><E112/><V59/><F30/><W34/><G50/><T20/><D20/><U11/><E104/><V44/><F5/><W64/><G77/><T93/><D93/><U65/><E65/><V109/><F2/><W69/><G75/><T68/><D68/><U124/><E124/><V100/><F109/><W25/><G67/><T96/><D96/><N who="1" m="59527" /><E73/><V4/><F4/><W111/><G111/><T48/><D54/><N who="1" m="30079" /><E108/><V43/><F46/><W1/><G1/><T89/><D89/><U88/><E6/><V85/><REACH who="2" step="1"/><F16/><REACH who="2" ten="230,280,235,245" step="2"/><W126/><G126/><T103/><D24/><U78/><E78/><V115/><F115/><W105/><G105/><T13/><D76/><U66/><E66/><AGARI ba="0,1" hai="43,44,49,59,62,66,79,81,85,94,99,100,121,122" machi="66" ten="30,2000,0" yaku="1,1,7,1,53,0" doraHai="9" doraHaiUra="87" who="2" fromWho="1" sc="230,0,280,-20,235,30,245,0" /><INIT seed="2,0,0,3,4,41" ten="230,260,265,245" oya="2" hai0="43,48,70,108,13,72,68,104,24,128,46,3,35" hai1="45,63,62,31,132,107,4,122,74,80,14,101,88" hai2="21,58,60,38,100,89,12,50,26,55,36,103,90" hai3="28,113,81,7,129,78,133,126,37,124,17,76,127"/><V105/><F12/><W33/><G129/><T125/><D3/><U10/><E132/><V118/><F118/><W93/><G133/><T115/><D115/><U8/><E122/><V96/><F100/><W34/><G113/><T121/><D121/><U54/><E31/><V64/><F38/><W111/><G111/><T84/><D72/><U32/><E32/><V2/><F2/><W85/><G37/><T130/><D104/><U52/><E107/><V67/><F67/><W135/><G7/><T1/><D1/><U51/><E101/><V79/><F36/><W106/><G106/><T30/><D108/><U86/><E54/><V59/><REACH who="2" step="1"/><F79/><REACH who="2" ten="230,260,255,245" step="2"/><W11/><G78/><T114/><D114/><U15/><E74/><V65/><F65/><W22/><G135/><T92/><D125/><U53/><E53/><V44/><F44/><W18/><G11/><T99/><D130/><U83/><E83/><V6/><F6/><AGARI ba="0,1" hai="4,6,8,10,14,15,45,51,52,62,63,80,86,88" machi="6" ten="30,12000,2" yaku="7,1,9,1,8,1,52,1,54,2" doraHai="41" who="1" fromWho="2" sc="230,0,260,130,255,-120,245,0" /><INIT seed="3,0,0,1,0,78" ten="230,390,135,245" oya="3" hai0="80,115,11,43,39,32,60,104,53,102,65,124,26" hai1="46,58,88,1,109,100,92,71,51,89,110,86,121" hai2="105,48,20,98,34,106,94,15,61,93,90,3,2" hai3="108,123,16,4,42,66,82,40,119,103,41,112,33"/><W76/><G112/><T9/><D53/><U131/><E121/><V75/><F75/><W79/><G123/><T91/><D43/><U72/><E71/><V127/><F34/><W19/><G33/><T126/><D39/><U69/><E69/><V45/><F127/><N who="0" m="48682" /><D102/><U47/><E131/><V85/><F61/><W96/><G119/><T73/><D104/><U97/><E72/><V68/><F68/><W84/><G76/><N who="0" m="44047" /><D91/><U44/><E1/><V18/><F106/><W29/><G108/><N who="1" m="41578" /><E86/><V54/><REACH who="2" step="1"/><F105/><REACH who="2" ten="230,390,125,245" step="2"/><W13/><G66/><T35/><D115/><U116/><E116/><V0/><F0/><W95/><G29/><N who="0" m="19511" /><D35/><U128/><E128/><V24/><F24/><W113/><G113/><T129/><D129/><U52/><AGARI ba="0,1" hai="44,46,47,51,52,58,88,89,92,97,100" m="41578" machi="52" ten="40,5200,0" yaku="14,1,54,2" doraHai="78" who="1" fromWho="1" sc="230,-13,390,62,125,-13,245,-26" owari="217,-18.3,452,55.2,112,-38.8,219,1.9" /></mjloggm>