<mjloggm ver="2.3"><GO type="225" lobby="0"/><UN n0="%E3%82%BC%E3%83%AB%E3%83%80%E3%81%AE%E4%BC%9D%E8%AA%AC" n1="%E3%81%A1%E3%82%85%E3%81%86%E3%81%A9%E3%81%8F%E8%B1%A1%E3%81%95%E3%82%93" n2="%E7%89%B9%E6%9D%B1%E3%81%AF%E4%B8%96%E7%95%8C%E3%82%92%E6%95%91%E3%81%86" n3="%70%68%65%6E%6F%6D%65" dan="16,16,16,16" rate="2129.03,2080.38,2151.04,2158.65" sx="M,M,M,M"/><TAIKYOKU oya="0"/><INIT seed="0,0,0,4,1,68" ten="250,250,250,250" oya="0" hai0="130,12,113,95,126,128,74,79,93,103,108,118,120" hai1="75,17,52,111,20,15,97,86,83,107,57,13,131" hai2="65,104,70,96,69,84,11,36,22,51,127,77,39" hai3="112,85,100,123,135,114,19,58,71,23,99,88,25"/><T1/><D1/><U101/><E131/><N who="0" m="50217" /><D12/><U73/><E111/><V82/><F127/><W27/><G71/><T50/><D50/><U41/><E41/><V91/><F70/><W37/><G135/><T2/><D2/><U24/><E75/><V87/><F11/><W38/><G123/><T102/><D120/><U4/><E73/><V8/><F22/><W43/><G43/><T35/><D35/><U106/><E4/><V78/><F51/><W133/><G133/><T7/><D7/><U14/><E107/><V5/><F104/><W47/><G47/><T6/><D6/><U124/><E124/><V3/><F96/><W18/><G112/><T48/><D48/><U121/><E121/><V72/><F72/><W122/><G114/><T42/><D42/><U80/><REACH who="1" step="1"/><E86/><REACH who="1" ten="250,240,250,250" step="2"/><V54/><F54/><W44/><G85/><T45/><D113/><U32/><E32/><V10/><F77/><W125/><G125/><T90/><D126/><U55/><E55/><V40/><F40/><W129/><G122/><T21/><D79/><U109/><E109/><V98/><F98/><W110/><G110/><T64/><D74/><U92/><E92/><V56/><F84/><W9/><G129/><T67/><D95/><U132/><E132/><V28/><F78/><W16/><G99/><T61/><D93/><U119/><E119/><V46/><F87/><W134/><G134/><T94/><D94/><U29/><E29/><V0/><F5/><W33/><G33/><T116/><D108/><U49/><AGARI ba="0,1" hai="13,14,15,17,20,24,49,52,57,80,83,97,101,106" machi="49" ten="30,4000,0" yaku="1,1,0,1,54,1,53,0" doraHai="68" doraHaiUra="62" who="1" fromWho="1" sc="250,-20,240,50,250,-10,250,-10" /><INIT seed="1,0,0,4,5,97" ten="230,290,240,240" oya="1" hai0="108,94,18,22,116,64,75,1,100,112,93,26,76" hai1="95,74,46,87,54,23,63,35,27,53,59,134,9" hai2="40,73,86,13,130,132,84,16,88,56,82,48,127" hai3="102,114,2,36,61,47,91,3,90,126,125,128,41"/><U67/><E74/><V133/><F130/><W96/><G114/><T80/><D112/><U117/><E117/><V104/><F127/><N who="3" m="48651" /><G61/><T65/><D116/><U66/><E134/><N who="2" m="51819" /><F104/><N who="3" m="63559" /><G128/><T77/><D1/><AGARI ba="0,0" hai="1,2,3,36,41,47,90,91" m="63559,48651" machi="1" ten="30,2000,0" yaku="18,1,52,1" doraHai="97" who="3" fromWho="0" sc="230,-20,290,0,240,0,240,20" /><INIT seed="2,0,0,3,5,73" ten="210,290,240,260" oya="2" hai0="74,128,63,69,88,22,132,120,28,67,103,6,70" hai1="76,55,29,101,83,64,102,134,57,3,68,95,15" hai2="111,35,34,19,31,56,123,121,71,18,86,109,122" hai3="75,84,105,49,99,66,4,131,59,8,2,106,0"/><V13/><F71/><W52/><G75/><T46/><D120/><U37/><E3/><V65/><F86/><W24/><G131/><T26/><D128/><U17/><E37/><V80/><F80/><W116/><G116/><T7/><D132/><U53/><E134/><V126/><F65/><W94/><G2/><T47/><D74/><U43/><E43/><V38/><F38/><W92/><G66/><T130/><D130/><U100/><E29/><V25/><F56/><W51/><G24/><T118/><D70/><U10/><E95/><V42/><F42/><W16/><G16/><N who="2" m="6185" /><F126/><W39/><G39/><T27/><D118/><U23/><E68/><V104/><F104/><W93/><G99/><T11/><D103/><U113/><E10/><V9/><F35/><W108/><G108/><T107/><D107/><U45/><E45/><V87/><F87/><W20/><G20/><T133/><D133/><U58/><E64/><V85/><F85/><W54/><REACH who="3" step="1"/><G84/><REACH who="3" ten="210,290,240,250" step="2"/><T91/><D22/><U30/><E23/><V98/><F98/><W124/><G124/><T62/><D67/><U117/><E117/><V96/><F96/><W82/><G82/><T44/><D69/><U119/><E119/><V114/><F114/><W36/><G36/><T48/><D27/><U21/><E113/><V79/><F79/><W78/><G78/><T81/><D26/><N who="1" m="16719" /><E76/><V61/><F61/><W90/><G90/><T60/><D81/><U77/><E77/><V1/><F1/><W135/><G135/><T97/><D91/><U14/><E83/><V40/><F40/><W115/><G115/><RYUUKYOKU ba="0,1" sc="210,-15,290,-15,240,15,250,15" hai2="9,13,25,31,34,109,111,121,122,123" hai3="0,4,8,49,51,52,54,59,92,93,94,105,106" /><INIT seed="2,1,1,4,3,101" ten="195,275,255,265" oya="2" hai0="60,65,57,33,85,10,130,6,79,127,4,131,121" hai1="52,18,80,99,93,120,8,89,75,59,134,102,97" hai2="49,124,30,17,74,110,34,103,58,63,122,23,31" hai3="21,43,87,83,106,84,73,29,118,92,119,40,105"/><V9/><F122/><W82/><G29/><T117/><D121/><U116/><E116/><N who="3" m="44586" /><G21/><T51/><D117/><U104/><E120/><V32/><F74/><W7/><G7/><T54/><D127/><U36/><E134/><V16/><F124/><W47/><G47/><T76/><D33/><U28/><E36/><V90/><F110/><W126/><G126/><T24/><D24/><U81/><E28/><N who="2" m="10795" /><F32/><W111/><G111/><T19/><D19/><U44/><E44/><V12/><F34/><W100/><G43/><T77/><D85/><N who="3" m="32841" /><G40/><T27/><D27/><U64/><E64/><N who="2" m="39031" /><F103/><W91/><G100/><T109/><D109/><U88/><E89/><V71/><F71/><W94/><G94/><T46/><REACH who="0" step="1"/><D6/><REACH who="0" ten="185,275,255,265" step="2"/><U26/><E26/><N who="2" m="14695" /><F49/><W56/><G73/><T78/><N who="0" m="19456" /><DORA hai="115" /><T39/><D39/><U41/><E75/><V108/><F108/><W129/><G129/><T112/><D112/><U5/><E18/><V37/><F37/><W86/><G56/><T13/><AGARI ba="1,2" hai="4,10,13,46,51,54,57,60,65,130,131" m="19456" machi="13" ten="40,5200,0" yaku="1,1,0,1,53,1" doraHai="101,115" doraHaiUra="66,1" who="0" fromWho="0" sc="185,75,275,-14,255,-27,265,-14" /><INIT seed="3,0,0,4,3,95" ten="260,261,228,251" oya="3" hai0="55,41,67,30,62,89,101,65,128,36,25,39,35" hai1="85,60,131,15,82,78,38,109,114,76,61,48,90" hai2="4,108,8,125,91,79,63,92,86,119,130,113,124" hai3="122,120,64,96,106,94,10,132,18,26,72,33,28"/><W12/><G132/><T51/><D128/><U70/><E114/><V129/><F113/><W97/><G72/><T47/><D101/><U111/><E38/><V54/><F119/><W75/><G75/><T59/><D67/><U88/><E131/><N who="2" m="50187" /><F79/><N who="1" m="30249" /><E70/><V37/><F37/><W115/><G115/><T74/><D74/><U110/><E15/><N who="2" m="5511" /><F108/><W81/><G81/><T1/><D1/><U23/><E23/><V7/><F7/><W14/><G64/><T123/><D123/><U11/><E11/><V13/><F13/><W58/><G58/><AGARI ba="0,0" hai="54,58,63,86,91,92,124,125" m="5511,50187" machi="58" ten="30,1000,0" yaku="19,1" doraHai="95" who="2" fromWho="3" sc="260,0,261,0,228,10,251,-10" /><INIT seed="4,0,0,0,1,78" ten="260,261,238,241" oya="0" hai0="6,98,13,48,60,76,11,122,135,106,123,63,105" hai1="126,32,108,87,8,46,41,58,31,9,34,112,38" hai2="73,37,103,100,70,49,132,27,90,68,18,35,107" hai3="102,110,16,117,14,80,28,5,71,53,12,66,118"/><T84/><D135/><U62/><E108/><V40/><F132/><W101/><G110/><T33/><D33/><U47/><E126/><V72/><F49/><W134/><G28/><T109/><D109/><U128/><E128/><V115/><F115/><W74/><G134/><T22/><D22/><U82/><E47/><N who="2" m="23951" /><F90/><W7/><G66/><T69/><D48/><U0/><E112/><V44/><F18/><W77/><G71/><N who="2" m="27177" /><F103/><W39/><G39/><T95/><D123/><U51/><E38/><V4/><F4/><W59/><G101/><T99/><D122/><U86/><E31/><N who="2" m="19967" /><F44/><W81/><G102/><T83/><D98/><AGARI ba="0,0" hai="72,73,98,100,107" m="19967,27177,23951" machi="98" ten="30,2000,0" yaku="33,2" doraHai="78" who="2" fromWho="0" sc="260,-20,261,0,238,20,241,0" /><INIT seed="5,0,0,1,1,98" ten="240,261,258,241" oya="1" hai0="55,68,114,112,96,37,78,89,86,108,25,126,105" hai1="66,113,44,134,46,133,71,67,14,104,20,13,15" hai2="123,84,124,81,120,97,62,39,16,12,101,135,131" hai3="121,30,128,99,33,87,22,111,77,48,132,9,79"/><U64/><E71/><V53/><F39/><W1/><G121/><T91/><D37/><U35/><E35/><V80/><F131/><W75/><G111/><T88/><D68/><U36/><E36/><V8/><F135/><N who="1" m="51721" /><E113/><N who="0" m="43625" /><D108/><U82/><E82/><V125/><F62/><W45/><G75/><T127/><D55/><U23/><E104/><V85/><F53/><W52/><G33/><T100/><D25/><U93/><E93/><N who="2" m="58543" /><F85/><W95/><G128/><T116/><D116/><U21/><AGARI ba="0,0" hai="13,14,15,20,21,23,44,46,64,66,67" m="51721" machi="21" ten="40,12000,1" yaku="29,2,28,2,20,1" doraHai="98" who="1" fromWho="1" sc="240,-40,261,120,258,-40,241,-40" owari="200,-30.0,381,48.1,218,1.8,201,-19.9" /></mjloggm>