<mjloggm ver="2.3"><GO type="225" lobby="0"/><UN n0="%E3%81%82%E3%81%99%E3%81%AB%E3%82%83%E3%82%80" n1="%E6%80%AA%E3%81%97%E3%81%99%E3%81%8E%E3%82%8B%E3%83%81%E3%83%BC" n2="%6D%75%75%6D%75%72%61" n3="%43%68%65" dan="16,16,17,16" rate="2026.85,2175.14,2108.31,2158.03" sx="F,M,F,M"/><TAIKYOKU oya="0"/><INIT seed="0,0,0,3,5,38" ten="250,250,250,250" oya="0" hai0="23,31,70,59,103,29,54,47,55,58,27,49,110" hai1="134,25,127,105,88,109,42,100,15,1,3,135,120" hai2="5,104,16,66,89,57,22,76,128,6,60,19,129" hai3="99,95,53,132,36,39,11,37,2,32,4,67,46"/><T97/><D70/><U124/><E120/><V117/><F104/><W75/><G132/><N who="1" m="50730" /><E109/><V20/><F117/><W81/><G67/><T121/><D121/><U118/><E118/><V119/><F119/><W52/><G32/><T69/><D69/><U92/><E15/><N who="2" m="9247" /><F76/><N who="3" m="44191" /><G39/><T68/><D68/><U71/><E42/><V86/><F129/><W112/><G37/><T101/><D110/><U113/><E113/><V87/><F128/><W10/><G10/><T18/><D47/><U28/><E71/><V79/><F79/><W45/><G45/><T111/><D111/><U94/><E105/><V107/><F107/><W77/><G77/><T74/><D74/><U63/><E63/><V83/><F87/><W56/><G56/><T62/><REACH who="0" step="1"/><D103/><REACH who="0" ten="240,250,250,250" step="2"/><U24/><E100/><V78/><F89/><N who="3" m="55791" /><G112/><T8/><D8/><U102/><E102/><V84/><F84/><W65/><G65/><T96/><D96/><U44/><E44/><V40/><F40/><AGARI ba="0,1" hai="2,4,11,36,40,46,52,53" m="55791,44191" machi="40" ten="30,3900,0" yaku="25,1,52,1,54,1" doraHai="38" who="3" fromWho="2" sc="240,0,250,0,250,-39,250,49" /><INIT seed="1,0,0,0,0,71" ten="240,250,211,299" oya="1" hai0="101,33,115,64,3,72,69,122,102,91,53,13,22" hai1="119,38,130,74,30,57,93,47,120,66,87,107,23" hai2="50,49,29,112,89,128,62,129,51,40,100,54,45" hai3="95,124,16,97,36,7,58,84,94,113,48,2,44"/><U126/><E74/><V67/><F100/><W25/><G113/><T123/><D3/><U99/><E107/><V76/><F76/><W96/><G124/><T83/><D33/><U10/><E119/><V18/><F89/><W125/><G125/><T4/><D115/><U61/><E120/><N who="0" m="46121" /><D53/><U133/><E130/><N who="2" m="50283" /><F29/><W68/><G68/><T11/><D22/><U34/><E133/><V8/><F18/><W9/><G58/><T88/><D91/><U42/><E87/><V15/><F15/><W60/><G60/><N who="0" m="40071" /><D72/><U131/><E34/><V0/><F8/><W31/><G9/><T78/><D78/><U73/><E10/><V26/><F26/><W6/><G25/><T134/><D134/><U135/><E73/><V14/><F14/><W12/><G12/><T27/><D27/><N who="1" m="16767" /><E135/><V105/><F0/><W98/><G2/><T111/><D111/><U39/><E131/><V65/><F105/><W109/><G109/><T116/><D116/><U82/><E126/><V127/><F127/><W41/><G31/><T106/><D106/><U24/><E24/><V56/><F112/><W90/><G90/><T32/><D32/><U81/><E39/><AGARI ba="0,0" hai="39,40,45,49,50,51,54,56,62,65,67" m="50283" machi="39" ten="30,7700,0" yaku="19,1,34,2,52,1" doraHai="71" who="2" fromWho="1" sc="240,0,250,-77,211,77,299,0" /><INIT seed="2,0,0,5,4,116" ten="240,173,288,299" oya="2" hai0="2,29,109,56,40,96,4,43,135,101,130,74,94" hai1="99,115,133,17,13,30,89,90,24,131,122,49,134" hai2="33,18,41,107,70,31,46,45,104,123,37,105,128" hai3="80,87,55,121,78,83,1,63,3,100,129,11,50"/><V112/><F112/><W14/><G129/><T81/><D109/><U15/><E115/><V132/><F128/><W67/><G121/><T21/><D130/><U27/><E131/><V10/><F123/><W111/><G100/><T8/><D135/><N who="1" m="51723" /><E49/><V28/><F132/><W61/><G83/><T12/><D56/><U9/><E122/><V110/><F70/><W48/><G48/><T93/><D93/><N who="1" m="56751" /><E90/><V53/><F110/><W118/><G118/><T54/><D54/><U85/><E85/><V117/><F117/><W44/><G63/><T127/><D127/><U42/><E42/><V124/><F124/><W108/><G108/><T91/><D2/><U120/><E120/><V47/><F53/><W26/><G26/><N who="1" m="9770" /><E15/><V23/><F41/><W125/><G125/><T106/><D40/><U5/><E30/><V6/><F37/><W88/><G78/><T32/><D43/><U60/><E60/><V65/><F28/><W64/><G64/><T69/><D29/><U34/><E34/><V103/><F65/><W113/><G113/><T16/><D32/><U76/><E76/><V25/><F31/><W73/><G73/><T98/><D74/><U39/><E39/><V68/><F33/><W36/><G36/><T86/><D69/><U35/><E35/><V52/><F68/><N who="3" m="42095" /><G111/><T77/><D77/><U7/><AGARI ba="0,0" hai="5,7,9,13,17" m="9770,56751,51723" machi="7" ten="30,1100,0" yaku="20,1" doraHai="116" who="1" fromWho="1" sc="240,-3,173,11,288,-5,299,-3" /><INIT seed="3,0,0,0,0,114" ten="237,184,283,296" oya="3" hai0="111,44,98,5,56,18,33,59,68,103,127,87,121" hai1="124,62,14,112,109,48,120,132,125,119,117,13,75" hai2="130,60,73,7,61,8,72,58,41,65,74,16,11" hai3="81,9,24,35,76,45,91,12,89,37,84,52,64"/><W97/><G64/><T31/><D68/><U46/><E112/><V63/><F130/><W2/><G2/><T29/><D121/><U38/><E120/><V30/><F30/><W43/><G97/><T116/><D116/><N who="1" m="44619" /><E109/><V135/><F135/><W77/><G77/><T126/><D111/><U22/><E132/><V71/><F41/><W115/><G115/><T39/><D5/><U129/><E129/><V69/><F63/><W54/><G35/><T113/><D113/><U42/><E75/><V26/><F61/><W28/><G91/><T20/><D87/><U21/><E62/><V134/><F134/><W85/><G24/><T128/><D128/><U15/><E38/><V104/><F104/><W27/><G27/><T93/><D33/><U94/><E94/><V25/><F25/><W51/><G28/><T49/><D39/><U23/><AGARI ba="0,0" hai="13,14,15,21,22,23,42,46,48,124,125" m="44619" machi="23" ten="40,8000,1" yaku="12,1,52,3" doraHai="114" who="1" fromWho="1" sc="237,-20,184,80,283,-20,296,-40" /><INIT seed="4,0,0,0,1,124" ten="217,264,263,256" oya="0" hai0="131,59,97,133,92,74,126,58,51,81,3,32,83" hai1="46,89,100,19,70,60,23,130,61,62,33,9,99" hai2="29,28,35,105,112,55,82,41,111,114,104,71,31" hai3="123,110,77,13,76,106,0,44,125,25,101,34,37"/><T73/><D126/><U93/><E130/><V122/><F111/><W39/><G0/><T26/><D3/><U135/><E135/><V120/><F41/><W6/><G125/><T127/><D127/><U116/><E33/><V121/><F71/><W7/><G13/><T48/><D133/><U53/><E9/><V68/><F68/><W22/><G22/><T10/><D74/><U98/><E70/><V8/><F35/><W43/><G110/><T117/><D117/><U49/><E116/><V75/><F55/><W91/><G91/><T129/><D10/><U15/><E60/><V65/><F65/><W63/><G63/><T96/><D73/><U128/><E128/><N who="0" m="49225" /><D97/><U115/><E115/><N who="2" m="44075" /><F8/><W57/><G123/><T94/><D94/><AGARI ba="0,0" hai="15,19,23,46,49,53,61,62,89,93,94,98,99,100" machi="94" ten="30,2000,0" yaku="7,1,8,1" doraHai="124" who="1" fromWho="0" sc="217,-20,264,20,263,0,256,0" /><INIT seed="5,0,0,5,2,72" ten="197,284,263,256" oya="1" hai0="9,129,92,123,81,16,46,58,22,55,19,97,121" hai1="21,60,28,64,63,47,7,18,78,33,26,35,24" hai2="99,20,36,96,31,48,111,130,88,100,50,75,0" hai3="98,15,13,103,118,116,102,49,132,5,73,115,105"/><U108/><E78/><V84/><F111/><W131/><G73/><T32/><D32/><U38/><E7/><V119/><F119/><N who="3" m="45611" /><G115/><T91/><D129/><U45/><E108/><V6/><F36/><W85/><G131/><T53/><D46/><U82/><E82/><V10/><F75/><W128/><G128/><T110/><D110/><U95/><E33/><V41/><F130/><W112/><G132/><T2/><D81/><U62/><E64/><V125/><F125/><W23/><G103/><T40/><D40/><U120/><E120/><V113/><F113/><W124/><G124/><T34/><D34/><U76/><E76/><V3/><F3/><W127/><G5/><T4/><D55/><U44/><REACH who="1" step="1"/><E95/><REACH who="1" ten="197,274,263,256" step="2"/><V79/><F79/><W83/><G112/><T114/><D114/><U51/><E51/><V87/><F48/><W17/><G49/><T65/><D65/><U80/><E80/><V56/><F6/><W12/><G127/><T67/><D67/><U42/><AGARI ba="0,1" hai="18,21,24,26,28,35,38,42,44,45,47,60,62,63" machi="42" ten="30,3000,0" yaku="1,1,0,1,53,0" doraHai="72" doraHaiUra="89" who="1" fromWho="1" sc="197,-10,274,40,263,-10,256,-10" owari="187,-31.3,314,41.4,253,5.3,246,-15.4" /></mjloggm>