<mjloggm ver="2.3"><GO type="225" lobby="0"/><UN n0="%48%61%61%61%6C%61%6E%64" n1="%66%67%67%68%68%64%66" n2="%E3%83%97%E3%83%AC%E3%83%B4%E3%82%A1%E3%83%86%E3%82%A3" n3="%77%72%77%72%77%72%77%72" dan="18,16,16,16" rate="2236.53,2050.28,2110.90,2248.95" sx="M,M,F,M"/><TAIKYOKU oya="0"/><INIT seed="0,0,0,4,5,0" ten="250,250,250,250" oya="0" hai0="123,77,42,73,55,25,90,6,57,21,54,66,7" hai1="94,40,12,75,130,14,37,124,111,116,72,85,96" hai2="89,8,107,76,65,18,32,9,84,79,128,80,112" hai3="27,115,49,38,22,20,2,82,23,69,125,129,95"/><T71/><D123/><U119/><E111/><V41/><F32/><W53/><G115/><T52/><D71/><U122/><E122/><V3/><F112/><W100/><G38/><T87/><D42/><U62/><E130/><V11/><F128/><W19/><G129/><T47/><D47/><U121/><E121/><V31/><F107/><W83/><G2/><T56/><D77/><U43/><E124/><V70/><F31/><W35/><G35/><T26/><D73/><U64/><E85/><V106/><F106/><W67/><G67/><T92/><D25/><U126/><E126/><V78/><F41/><W28/><G69/><T29/><D66/><U120/><E120/><V15/><F70/><W105/><G105/><T86/><D86/><U17/><E37/><V132/><F65/><W4/><G4/><AGARI ba="0,0" hai="4,6,7,21,26,29,52,54,55,56,57,87,90,92" machi="4" ten="40,12000,1" yaku="8,1,52,3,54,1" doraHai="0" who="0" fromWho="3" sc="250,120,250,0,250,0,250,-120" /><INIT seed="0,1,0,2,0,73" ten="370,250,250,130" oya="0" hai0="86,116,63,76,46,113,117,81,34,78,57,19,16" hai1="47,101,17,37,94,28,49,23,32,90,104,15,48" hai2="21,1,22,100,56,26,36,122,31,82,44,53,71" hai3="99,65,109,3,108,120,9,18,35,25,51,93,70"/><T59/><D113/><U62/><E104/><V91/><F122/><W55/><G120/><T88/><D34/><U133/><E101/><V6/><F71/><W12/><G3/><T124/><D124/><U29/><E133/><V89/><F100/><W10/><G65/><T8/><D116/><U112/><E112/><V77/><F22/><W5/><G70/><T110/><D117/><U33/><E37/><V20/><F20/><W45/><G35/><T107/><D107/><U68/><E33/><V11/><F56/><N who="0" m="21578" /><D63/><U96/><E32/><V105/><F53/><W114/><G114/><T43/><D110/><N who="3" m="42601" /><G25/><T85/><D8/><U92/><E49/><V111/><F111/><W41/><G41/><T121/><D121/><U69/><E94/><V75/><REACH who="2" step="1"/><F105/><REACH who="2" ten="370,250,240,130" step="2"/><W4/><G9/><T2/><D43/><AGARI ba="1,1" hai="1,6,11,21,26,31,36,43,44,75,77,82,89,91" machi="43" ten="40,12000,2" yaku="1,1,2,1,25,2,52,1,53,1" doraHai="73" doraHaiUra="27" who="2" fromWho="0" sc="370,-123,250,0,240,133,130,0" /><INIT seed="1,0,0,4,5,110" ten="247,250,373,130" oya="1" hai0="60,133,53,25,64,31,11,67,3,66,95,16,70" hai1="45,85,122,1,0,27,116,99,114,111,32,74,36" hai2="48,79,101,123,96,14,62,92,58,55,39,21,102" hai3="117,8,89,104,59,100,108,35,98,33,80,129,10"/><U54/><E116/><V4/><F123/><W82/><G108/><T107/><D107/><U77/><E122/><V49/><F39/><W28/><G129/><T37/><D133/><U24/><E111/><V46/><F79/><W120/><G117/><T76/><D37/><U47/><E85/><V13/><F102/><W124/><G124/><T7/><D76/><U40/><E99/><V131/><F131/><W9/><G120/><T78/><D78/><U128/><E128/><V6/><F48/><W125/><G125/><T81/><D81/><U87/><E87/><V83/><F83/><W86/><G28/><T17/><D95/><U135/><E135/><V94/><F94/><W118/><G118/><T109/><D109/><U29/><E114/><V23/><F13/><W22/><G80/><T5/><D5/><N who="2" m="2154" /><F14/><W61/><REACH who="3" step="1"/><G22/><REACH who="3" ten="247,250,373,120" step="2"/><T63/><D31/><U113/><E29/><V50/><F50/><W41/><G41/><AGARI ba="0,1" hai="21,23,41,46,49,55,58,62,92,96,101" m="2154" machi="41" ten="30,1000,0" yaku="8,1" doraHai="110" who="2" fromWho="3" sc="247,0,250,0,373,20,120,-10" /><INIT seed="2,0,0,5,3,15" ten="247,250,393,110" oya="2" hai0="74,118,36,66,128,99,75,52,59,35,82,125,85" hai1="116,126,94,86,46,10,114,4,55,26,42,14,16" hai2="56,132,8,115,39,108,50,19,121,98,24,77,127" hai3="80,95,1,2,111,122,48,21,28,13,49,11,7"/><V81/><F115/><W40/><G122/><T34/><D125/><U124/><E116/><V92/><F121/><W33/><G111/><T120/><D120/><U73/><E73/><V69/><F127/><N who="1" m="48681" /><E114/><V78/><F69/><W12/><G40/><T18/><D118/><U25/><E55/><N who="2" m="31863" /><F39/><W63/><G80/><T68/><D36/><N who="1" m="21831" /><E4/><V134/><F108/><W51/><G33/><T9/><D75/><U129/><E129/><V123/><F123/><W0/><G63/><T130/><D74/><U22/><E10/><V87/><F77/><W57/><G95/><T38/><D38/><U70/><E70/><V91/><F8/><W109/><G109/><T29/><D68/><U103/><E86/><V133/><F24/><W20/><G20/><T6/><D128/><U32/><E32/><V97/><F97/><AGARI ba="0,0" hai="14,16,22,25,26,94,97,103" m="21831,48681" machi="97" ten="30,3900,0" yaku="18,1,52,1,54,1" doraHai="15" who="1" fromWho="2" sc="247,0,250,39,393,-39,110,0" /><INIT seed="3,0,0,0,2,51" ten="247,289,354,110" oya="3" hai0="38,67,6,122,77,126,90,48,61,135,107,58,98" hai1="87,130,71,128,47,116,2,96,14,10,22,124,4" hai2="44,75,103,16,79,40,42,83,100,127,120,37,63" hai3="108,32,11,34,93,23,80,1,9,53,74,104,69"/><W60/><G104/><T25/><D38/><U101/><E71/><V132/><F127/><W129/><G129/><N who="1" m="49770" /><E116/><V121/><F132/><W59/><G69/><T99/><D48/><U7/><E124/><V5/><F42/><W78/><G108/><T12/><D99/><U33/><E33/><V91/><F91/><W57/><G23/><T52/><D12/><U29/><E47/><V106/><F106/><W73/><G73/><T15/><D90/><U20/><E29/><V27/><F63/><W133/><G133/><T131/><D98/><U84/><E4/><V72/><F72/><W31/><G93/><T113/><D15/><U19/><E22/><N who="2" m="13767" /><F5/><W50/><G1/><T70/><D107/><AGARI ba="0,0" hai="2,7,10,14,19,20,84,87,96,101,107" m="49770" machi="107" ten="30,1000,0" yaku="19,1" doraHai="51" who="1" fromWho="0" sc="247,-10,289,10,354,0,110,0" owari="237,-16.3,299,9.9,354,45.4,110,-39.0" /></mjloggm>