<mjloggm ver="2.3"><GO type="225" lobby="0"/><UN n0="%E6%81%A5%E6%99%92%E3%81%97" n1="%E3%82%BD%E3%83%AB%E3%83%88%E3%82%AF%E3%83%AA%E3%83%BC%E3%82%AF" n2="%54%4F%52" n3="%33%74%72%65%65" dan="16,16,17,16" rate="2134.03,2091.37,2162.66,2116.33" sx="M,M,M,F"/><TAIKYOKU oya="0"/><INIT seed="0,0,0,5,4,43" ten="250,250,250,250" oya="0" hai0="97,133,125,13,39,104,90,55,76,18,72,28,111" hai1="118,2,81,40,117,80,16,66,71,107,9,64,11" hai2="59,61,47,105,101,123,135,69,103,113,3,108,42" hai3="98,130,26,7,0,1,88,56,93,83,8,115,132"/><T6/><D125/><U102/><E107/><V32/><F113/><W22/><G115/><T79/><D39/><U94/><E2/><V50/><F123/><W106/><G132/><T129/><D129/><U85/><E71/><V110/><F135/><W92/><G130/><T53/><D133/><U122/><E122/><V112/><F112/><W37/><G37/><T68/><D68/><U44/><E117/><V86/><F3/><W95/><G1/><T114/><D114/><U36/><E118/><V14/><F32/><W20/><G106/><T134/><D134/><U99/><E81/><V51/><F69/><W5/><G5/><T10/><D111/><N who="2" m="42538" /><F86/><W126/><G126/><T4/><D28/><U30/><E30/><V52/><F105/><W63/><G83/><T35/><D35/><U119/><E119/><V78/><F78/><N who="0" m="29738" /><D72/><U67/><REACH who="1" step="1"/><E16/><REACH who="1" ten="250,240,250,250" step="2"/><V131/><F131/><W74/><G74/><T82/><D104/><U65/><N who="1" m="16384" /><DORA hai="33" /><U41/><E41/><N who="2" m="24943" /><F14/><W121/><G121/><T120/><D120/><U57/><E57/><V48/><F42/><W91/><G56/><T29/><D13/><U12/><E12/><V116/><F116/><W23/><G0/><T96/><D4/><U124/><E124/><V31/><F31/><W46/><G7/><T109/><D6/><U128/><E128/><V70/><F70/><W21/><G26/><T100/><D29/><U77/><AGARI ba="0,1" hai="9,11,36,40,44,77,80,85,94,99,102" m="16384" machi="77" ten="40,5200,0" yaku="1,1,0,1,52,1,53,0" doraHai="43,33" doraHaiUra="58,49" who="1" fromWho="1" sc="250,-26,240,62,250,-13,250,-13" /><INIT seed="1,0,0,0,1,12" ten="224,302,237,237" oya="1" hai0="66,84,129,96,132,124,134,105,2,118,61,131,47" hai1="54,109,106,18,71,41,126,11,27,0,103,77,80" hai2="48,117,9,46,128,115,16,83,37,111,59,1,88" hai3="78,60,108,133,17,81,122,39,123,36,135,7,67"/><U130/><E71/><V107/><F117/><W100/><G7/><T10/><D118/><U58/><E41/><V42/><F107/><W44/><G100/><N who="0" m="62599" /><D47/><U43/><E43/><V55/><F111/><W63/><G44/><T64/><D84/><U57/><E57/><V26/><F128/><N who="0" m="49226" /><D61/><U95/><E106/><V33/><F115/><W14/><G108/><T92/><D92/><U28/><E109/><V56/><F56/><N who="3" m="37255" /><G63/><T98/><D98/><U34/><E130/><V30/><F1/><W13/><G39/><T125/><D10/><U53/><E126/><N who="0" m="48745" /><D2/><U99/><E58/><V29/><F9/><W23/><G36/><T110/><D110/><U76/><E0/><V50/><F37/><W6/><G81/><T25/><D25/><U94/><E94/><V74/><F74/><W52/><G78/><T70/><D70/><U38/><E38/><V45/><F45/><W15/><G52/><T91/><D91/><U72/><REACH who="1" step="1"/><E77/><REACH who="1" ten="224,292,237,237" step="2"/><V89/><F83/><W40/><G40/><T104/><D104/><U49/><E49/><V112/><F112/><W120/><G6/><T68/><D68/><U79/><E79/><V19/><REACH who="2" step="1"/><F30/><REACH who="2" ten="224,292,227,237" step="2"/><W85/><G122/><T32/><D32/><U51/><E51/><V8/><F8/><W31/><G120/><T87/><D66/><U5/><E5/><V101/><F101/><W75/><G123/><T21/><D64/><U97/><E97/><V22/><F22/><W90/><G23/><T35/><D21/><U24/><E24/><V73/><F73/><W86/><G75/><T116/><D116/><U4/><E4/><RYUUKYOKU ba="0,2" sc="224,-15,292,15,227,15,237,-15" hai1="11,18,27,28,34,53,54,72,76,80,95,99,103" hai2="16,19,26,29,33,42,46,48,50,55,59,88,89" /><INIT seed="1,1,2,1,5,73" ten="209,307,242,222" oya="1" hai0="93,70,72,85,58,110,40,59,105,117,18,27,97" hai1="77,74,94,23,50,68,95,122,16,56,112,81,55" hai2="39,71,11,25,52,4,87,120,14,114,126,45,57" hai3="69,90,104,125,33,19,2,7,22,102,88,131,66"/><U3/><E3/><V53/><F120/><W63/><G33/><T51/><D117/><U135/><E112/><V96/><F114/><W0/><G131/><T98/><D70/><U6/><E122/><V84/><F71/><W123/><G123/><T67/><D110/><U61/><E6/><V36/><F126/><W17/><G125/><T43/><D72/><U9/><E9/><V128/><F128/><W48/><G17/><T5/><D5/><U103/><E103/><V26/><F96/><N who="0" m="36970" /><D105/><U10/><E10/><V60/><F39/><W38/><G38/><T1/><D1/><U20/><E20/><V28/><F25/><W124/><G124/><T109/><D109/><U78/><E135/><V121/><F121/><W32/><G32/><T37/><D37/><U15/><E78/><V76/><F76/><W118/><G118/><T92/><D67/><U83/><E81/><V101/><F101/><W82/><G82/><T34/><D34/><U130/><E130/><V8/><F8/><W54/><G104/><T24/><D85/><U49/><E49/><N who="2" m="28719" /><F36/><W106/><G106/><T12/><D27/><U107/><E107/><V113/><F113/><W89/><G102/><T44/><D24/><U108/><E108/><V46/><F46/><N who="3" m="27927" /><G7/><T134/><D134/><U86/><E74/><V99/><F99/><W31/><G31/><T91/><D91/><N who="3" m="23297" /><W100/><DORA hai="21" /><G100/><T115/><D115/><U79/><REACH who="1" step="1"/><E77/><REACH who="1" ten="209,297,242,222" step="2"/><V80/><F80/><W13/><G0/><T30/><D92/><U129/><E129/><V116/><F116/><W111/><G2/><T119/><D93/><RYUUKYOKU ba="1,3" sc="209,-30,297,10,242,10,222,10" hai1="15,16,23,50,55,56,61,68,79,83,86,94,95" hai2="4,11,14,26,28,53,57,60,84,87" hai3="13,19,22,63,66,69,111" /><INIT seed="1,2,3,4,3,120" ten="179,307,252,232" oya="1" hai0="90,101,46,34,121,53,94,39,59,5,132,88,76" hai1="4,123,33,128,10,50,38,24,97,54,26,70,73" hai2="25,0,133,68,57,82,41,9,60,93,32,69,22" hai3="14,18,129,91,114,16,51,28,40,86,126,102,117"/><U108/><E123/><V42/><F32/><W74/><G114/><T109/><D121/><U99/><E70/><V100/><F133/><W20/><G74/><T6/><D132/><U30/><E73/><V3/><F68/><W92/><G129/><T131/><D34/><U7/><E38/><V125/><F69/><W77/><G126/><T62/><D131/><U79/><E79/><V95/><F125/><W135/><G135/><T113/><D113/><U118/><E118/><V29/><F82/><N who="3" m="47439" /><G117/><T67/><D76/><U134/><E134/><V78/><F78/><W43/><G102/><T72/><D72/><U81/><E81/><V1/><F9/><N who="3" m="6223" /><G51/><N who="0" m="28919" /><D109/><U83/><E83/><V71/><F71/><W37/><G37/><T21/><D21/><U49/><E128/><V45/><F100/><W65/><G65/><T52/><D67/><U75/><E75/><V15/><F15/><N who="3" m="9311" /><G28/><T116/><D39/><U19/><E108/><V11/><F11/><W44/><G44/><T66/><D66/><U17/><E33/><V23/><F23/><W61/><G61/><T13/><D116/><U119/><E30/><V35/><F35/><W115/><G115/><T112/><D112/><U96/><E119/><V89/><F89/><N who="0" m="34410" /><D13/><U84/><E10/><V104/><F104/><W55/><G55/><T47/><D47/><U80/><E54/><V103/><F103/><W8/><G8/><T130/><D130/><U31/><E31/><V48/><REACH who="2" step="1"/><F41/><REACH who="2" ten="179,307,242,232" step="2"/><W85/><AGARI ba="2,4" hai="40,43,85,91,92" m="9311,6223,47439" machi="85" ten="30,2000,0" yaku="8,1,54,1" doraHai="120" who="3" fromWho="3" sc="179,-7,307,-12,242,-7,232,66" /><INIT seed="2,0,0,3,3,31" ten="172,295,235,298" oya="2" hai0="65,68,104,17,46,92,72,12,37,25,94,57,107" hai1="110,52,83,96,78,116,124,70,55,0,71,132,89" hai2="82,28,41,14,54,119,33,62,6,60,79,10,109" hai3="103,102,38,34,42,111,48,2,87,21,51,84,121"/><V67/><F119/><W32/><G21/><T86/><D72/><U81/><E0/><V97/><F109/><W45/><G2/><T74/><D74/><U66/><E116/><V98/><F41/><W105/><G111/><T1/><D1/><U106/><E106/><V9/><F54/><W27/><G121/><T19/><D68/><U22/><E110/><V20/><F20/><W44/><G27/><T36/><D57/><U117/><E117/><V3/><F28/><W8/><G8/><T18/><D65/><U99/><E66/><V58/><F62/><W128/><G38/><T49/><D86/><U16/><E71/><V4/><REACH who="2" step="1"/><F33/><REACH who="2" ten="172,295,225,298" step="2"/><W90/><G42/><T101/><D37/><U123/><E22/><V69/><F69/><W11/><G32/><T133/><D36/><U56/><E70/><V76/><F76/><W80/><G34/><T95/><D25/><U75/><E55/><V125/><F125/><W112/><G51/><T77/><D77/><U131/><E52/><V93/><F93/><W13/><G48/><T35/><D35/><U26/><E26/><V39/><F39/><W47/><G105/><T29/><D29/><U122/><E78/><V115/><F115/><W59/><G59/><T30/><D30/><U53/><E56/><V15/><F15/><W120/><G112/><T43/><D107/><U85/><E53/><V118/><F118/><W50/><G13/><T134/><REACH who="0" step="1"/><D12/><REACH who="0" ten="162,295,225,298" step="2"/><U88/><E123/><V126/><F126/><W100/><G120/><T127/><D127/><U113/><E122/><V24/><F24/><W61/><G61/><RYUUKYOKU ba="0,2" sc="162,15,295,-15,225,15,298,-15" hai0="17,18,19,43,46,49,92,94,95,101,104,133,134" hai2="3,4,6,9,10,14,58,60,67,79,82,97,98" /><INIT seed="2,1,2,1,3,7" ten="177,280,240,283" oya="2" hai0="69,78,89,95,33,93,26,98,132,80,35,0,110" hai1="1,36,91,62,64,101,124,13,120,99,8,82,66" hai2="29,109,49,31,61,55,60,2,92,133,122,25,75" hai3="135,90,53,116,105,47,44,20,23,71,41,54,56"/><V94/><F122/><W27/><G116/><T39/><D110/><U15/><E36/><V123/><F123/><W21/><G71/><T38/><D132/><U65/><E120/><V45/><F133/><W134/><G105/><T28/><D69/><U84/><E124/><V97/><F109/><W48/><G135/><T40/><D35/><U74/><E74/><V104/><F75/><W22/><G134/><T9/><D40/><U46/><E46/><V11/><F104/><W63/><G90/><T67/><D67/><U113/><E113/><V12/><F2/><W129/><G129/><T52/><D93/><N who="1" m="58607" /><E1/><V73/><F73/><W57/><REACH who="3" step="1"/><G41/><REACH who="3" ten="177,280,240,273" step="2"/><T70/><D70/><U81/><E81/><V30/><F92/><W125/><G125/><T43/><D43/><U16/><E15/><V50/><F94/><W130/><G130/><T68/><D68/><U86/><E86/><V3/><F97/><W18/><AGARI ba="1,3" hai="18,20,21,22,23,27,44,47,48,53,54,56,57,63" machi="18" ten="30,4000,0" yaku="1,1,0,1,8,1,53,0" doraHai="7" doraHaiUra="112" who="3" fromWho="3" sc="177,-11,280,-11,240,-21,273,73" /><INIT seed="3,0,0,2,4,129" ten="166,269,219,346" oya="3" hai0="104,20,29,39,70,50,91,8,73,68,18,69,14" hai1="83,92,45,60,19,101,117,102,81,51,124,89,113" hai2="93,23,38,86,40,126,132,5,114,22,21,66,2" hai3="111,99,52,43,130,127,37,64,98,55,54,7,63"/><W131/><G7/><T26/><D39/><U94/><E113/><V30/><F114/><W77/><G77/><T31/><D73/><U41/><E117/><V42/><F126/><W12/><G12/><T103/><D104/><U96/><E124/><V0/><F30/><W24/><G24/><T36/><D36/><U109/><E109/><V105/><F105/><W13/><G13/><T25/><D103/><U62/><E102/><V85/><F66/><W27/><G27/><T134/><D91/><U17/><E81/><V123/><F123/><W78/><G78/><T121/><D121/><U15/><E83/><V82/><F93/><W47/><G111/><T125/><D125/><U57/><E57/><V49/><F38/><W74/><G74/><T107/><D107/><U67/><E67/><V90/><F85/><W4/><G4/><T16/><D50/><U46/><E46/><V56/><F5/><W118/><G118/><T97/><D97/><N who="1" m="57487" /><E19/><V87/><F87/><W75/><G75/><T108/><D108/><U61/><E61/><V71/><F71/><N who="3" m="42399" /><G127/><T106/><D106/><U11/><AGARI ba="0,0" hai="11,15,17,41,45,51,60,62,94,96,101" m="57487" machi="11" ten="30,1100,0" yaku="8,1" doraHai="129" who="1" fromWho="1" sc="166,-3,269,11,219,-3,346,-5" owari="163,-33.7,280,8.0,216,-18.4,341,44.1" /></mjloggm>