<mjloggm ver="2.3"><GO type="225" lobby="0"/><UN n0="%E3%81%95%E3%81%8D%E3%81%9F%E3%81%BE%E6%9E%97%E6%AA%8E" n1="%E6%9C%AA%E6%9D%A5%E5%B0%91%E5%B9%B4" n2="%74%61%6B%75%61%6B%61" n3="%6D%75%75%6D%75%72%61" dan="16,16,17,16" rate="2114.71,2158.03,2257.91,2160.33" sx="M,M,M,F"/><TAIKYOKU oya="0"/><INIT seed="0,0,0,2,2,124" ten="250,250,250,250" oya="0" hai0="59,81,15,45,65,9,0,48,5,17,89,85,75" hai1="6,18,26,131,7,118,20,2,78,37,82,115,90" hai2="105,79,69,123,106,96,119,31,92,63,132,35,107" hai3="68,93,98,77,84,108,14,125,22,12,80,129,29"/><T126/><D75/><U44/><E118/><V55/><F123/><W95/><G125/><T64/><D126/><U117/><E117/><V34/><F119/><W87/><G108/><T109/><D109/><U120/><E120/><V1/><F1/><W60/><G129/><T135/><D135/><U38/><E115/><V24/><F132/><W71/><G87/><T42/><REACH who="0" step="1"/><D59/><REACH who="0" ten="240,250,250,250" step="2"/><U133/><E133/><V46/><F69/><W116/><G68/><T40/><D40/><U4/><E131/><V74/><F74/><W62/><G116/><T72/><D72/><U27/><E2/><V97/><F107/><W121/><G121/><T134/><D134/><U94/><E37/><V130/><F106/><W43/><G71/><T110/><D110/><U99/><E38/><V91/><F105/><W30/><G43/><T66/><D66/><U86/><REACH who="1" step="1"/><E44/><REACH who="1" ten="240,240,250,250" step="2"/><V52/><F130/><W28/><G28/><T19/><D19/><U16/><E16/><V11/><F46/><W13/><G30/><T23/><AGARI ba="0,2" hai="0,5,9,15,17,23,42,45,48,64,65,81,85,89" machi="23" ten="20,7800,0" yaku="1,1,0,1,7,1,53,1" doraHai="124" doraHaiUra="47" who="0" fromWho="0" sc="240,98,240,-26,250,-26,250,-26" /><INIT seed="0,1,0,2,4,5" ten="338,214,224,224" oya="0" hai0="108,12,130,110,39,81,60,2,30,3,11,116,103" hai1="55,61,83,21,72,85,126,76,79,68,23,109,93" hai2="121,124,18,99,104,100,26,25,53,19,28,129,56" hai3="51,40,33,98,82,132,74,102,127,32,112,117,134"/><T86/><D116/><U101/><E109/><N who="0" m="42089" /><D130/><U63/><E126/><V50/><F121/><W122/><G127/><T15/><D39/><U57/><E76/><V41/><F124/><W119/><G112/><T8/><D103/><U47/><E47/><V31/><F129/><W69/><G122/><T89/><D30/><U75/><E75/><V78/><F78/><N who="3" m="44375" /><G69/><T131/><D131/><U87/><E72/><V16/><REACH who="2" step="1"/><F41/><REACH who="2" ten="338,214,214,224" step="2"/><W6/><G117/><T52/><D2/><U90/><REACH who="1" step="1"/><E101/><REACH who="1" ten="338,204,214,224" step="2"/><V105/><F105/><W36/><G102/><T27/><D3/><U115/><E115/><V107/><F107/><W113/><G119/><T65/><D65/><AGARI ba="1,2" hai="21,23,55,57,61,63,65,68,79,83,85,87,90,93" machi="65" ten="40,2600,0" yaku="1,1,53,1" doraHai="5" doraHaiUra="77" who="1" fromWho="0" sc="338,-29,204,49,214,0,224,0" /><INIT seed="1,0,0,3,3,81" ten="309,253,214,224" oya="1" hai0="88,80,65,93,1,79,73,51,75,102,39,71,61" hai1="126,22,70,97,121,86,94,127,48,59,27,13,49" hai2="62,108,135,107,52,41,118,78,46,8,90,74,122" hai3="14,45,109,116,37,3,114,91,36,63,92,66,82"/><U129/><E121/><V128/><F122/><W6/><G3/><T4/><D39/><U38/><E38/><V110/><F118/><W32/><G114/><T29/><D29/><U89/><E70/><V69/><F107/><W9/><G109/><N who="2" m="42089" /><F128/><W40/><G32/><T42/><D102/><U16/><E129/><V18/><F135/><W50/><G82/><T85/><D1/><U112/><E112/><V76/><F74/><W19/><G116/><T77/><D4/><U0/><E0/><V95/><F8/><W24/><G24/><T98/><D79/><U11/><E86/><N who="2" m="52695" /><F18/><W83/><G83/><T103/><D42/><U134/><E134/><V33/><F33/><W47/><G47/><T100/><D51/><U54/><REACH who="1" step="1"/><E49/><REACH who="1" ten="309,243,214,224" step="2"/><N who="2" m="26831" /><F69/><W21/><G37/><T113/><D113/><U31/><AGARI ba="0,1" hai="11,13,16,22,27,31,48,54,59,89,94,97,126,127" machi="31" ten="30,6000,0" yaku="1,1,0,1,54,1,53,0" doraHai="81" doraHaiUra="130" who="1" fromWho="1" sc="309,-20,243,70,214,-20,224,-20" /><INIT seed="1,1,0,0,1,126" ten="289,313,194,204" oya="1" hai0="60,32,88,22,28,51,111,132,35,80,120,1,131" hai1="127,64,89,128,48,0,91,110,107,14,56,133,95" hai2="40,26,109,15,124,41,66,96,3,33,17,125,52" hai3="92,98,121,37,104,21,24,62,85,94,42,58,45"/><U122/><E122/><V81/><F3/><W74/><G121/><T118/><D111/><U93/><E127/><N who="2" m="48715" /><F109/><W135/><G135/><T134/><D120/><U117/><E117/><V84/><F66/><W44/><G74/><T97/><D118/><U87/><E107/><V29/><F96/><W82/><G45/><T36/><D36/><U57/><E0/><V16/><F52/><W34/><G34/><T76/><D1/><U5/><E133/><N who="0" m="51305" /><D51/><U65/><E110/><V54/><F54/><W23/><G104/><T99/><D99/><U119/><E128/><V11/><F17/><W53/><G24/><N who="0" m="16407" /><D131/><U106/><E106/><V50/><F50/><W105/><G105/><T86/><D60/><U20/><E119/><V8/><F8/><W4/><G4/><T69/><D69/><U78/><E48/><V6/><F6/><W61/><G61/><T47/><D47/><U72/><E5/><V18/><F18/><W25/><G98/><T116/><D116/><U112/><E65/><V43/><F43/><W55/><G53/><T19/><D19/><N who="1" m="10359" /><E64/><V113/><F113/><W71/><G71/><T38/><D38/><U63/><E112/><V129/><F129/><W31/><REACH who="3" step="1"/><G23/><REACH who="3" ten="289,313,194,194" step="2"/><T13/><D32/><U83/><E63/><V77/><AGARI ba="1,1" hai="11,15,16,26,29,33,40,41,77,81,84" m="48715" machi="77" ten="30,2000,0" yaku="18,1,54,1" doraHai="126" who="2" fromWho="2" sc="289,-6,313,-11,194,33,194,-6" /><INIT seed="2,0,0,0,5,60" ten="283,302,227,188" oya="2" hai0="82,9,48,70,96,135,33,36,26,61,98,126,46" hai1="56,1,116,23,105,93,59,52,90,77,127,30,63" hai2="55,6,49,37,13,29,58,130,99,100,71,85,107" hai3="131,78,10,97,16,119,117,111,57,64,115,34,11"/><V51/><F130/><W21/><G34/><T38/><D135/><U50/><E116/><V7/><F37/><W83/><G131/><T32/><D126/><U94/><E127/><V133/><F133/><W81/><G111/><T91/><D38/><U76/><E105/><V47/><F71/><W75/><G115/><T102/><D36/><U27/><E1/><V20/><F85/><W87/><G97/><T24/><D33/><U15/><E15/><V44/><F58/><W122/><G122/><T123/><D123/><U95/><E90/><V53/><REACH who="2" step="1"/><F29/><REACH who="2" ten="283,302,217,188" step="2"/><W25/><G117/><T109/><D70/><U45/><REACH who="1" step="1"/><E59/><REACH who="1" ten="283,292,217,188" step="2"/><V128/><F128/><W124/><G119/><T67/><D109/><U73/><E73/><V3/><F3/><W39/><G124/><T114/><D114/><U2/><E2/><V113/><F113/><W5/><G75/><T88/><D98/><U66/><AGARI ba="0,2" hai="23,27,30,45,50,52,56,63,66,76,77,93,94,95" machi="66" ten="30,8000,1" yaku="1,1,0,1,8,1,52,1,54,1,53,0" doraHai="60" doraHaiUra="8" who="1" fromWho="1" sc="283,-20,292,100,217,-40,188,-20" /><INIT seed="3,0,0,3,4,114" ten="263,392,177,168" oya="3" hai0="1,104,51,76,37,126,100,75,13,93,106,38,31" hai1="36,6,17,123,16,14,124,46,69,39,47,59,55" hai2="52,33,79,5,94,125,0,29,99,70,115,133,118" hai3="4,111,35,56,54,132,108,121,44,86,74,64,82"/><W61/><G121/><T40/><D1/><U89/><E123/><V131/><F115/><W22/><G35/><T117/><D117/><U83/><E69/><V98/><F70/><W90/><G74/><T105/><D126/><U21/><E124/><V8/><F125/><W109/><G132/><T23/><D75/><U43/><E6/><V107/><F118/><W110/><N who="3" m="27648" /><DORA hai="20" /><W11/><G22/><T62/><D76/><U3/><E3/><V27/><F133/><W88/><G90/><T66/><D93/><U41/><E17/><V12/><F131/><W97/><G97/><T18/><D100/><U2/><E2/><V25/><F79/><W71/><G44/><T65/><D65/><U57/><E55/><V7/><F107/><W49/><G4/><T91/><D91/><U78/><E89/><V77/><F77/><W58/><G71/><T80/><D80/><U113/><E113/><V102/><F99/><W10/><AGARI ba="0,0" hai="10,11,49,54,56,58,61,64,82,86,88" m="27648" machi="10" ten="60,12000,1" yaku="0,1,14,1,10,1,54,1" doraHai="114,20" who="3" fromWho="3" sc="263,-40,392,-40,177,-40,168,120" /><INIT seed="3,1,0,1,3,94" ten="223,352,137,288" oya="3" hai0="1,33,95,35,133,117,70,112,83,58,81,74,38" hai1="31,129,128,118,24,57,2,124,36,39,21,46,80" hai2="87,73,16,56,7,9,66,105,111,13,53,99,121" hai3="114,68,130,89,84,100,14,119,17,52,42,25,41"/><W120/><G114/><T15/><D117/><U91/><E2/><V107/><F73/><W8/><G119/><T77/><D70/><U44/><E118/><V28/><F111/><W71/><G120/><T93/><D1/><U106/><E106/><V109/><F109/><W22/><G130/><N who="1" m="50282" /><E124/><V97/><F121/><W49/><G100/><T135/><D112/><U10/><E57/><V55/><F28/><W104/><G104/><T69/><D69/><U61/><E61/><N who="2" m="38183" /><F107/><W34/><G34/><T29/><D38/><N who="1" m="14379" /><E10/><V37/><F37/><W59/><G71/><T108/><D108/><U75/><E75/><V98/><F105/><W40/><G68/><T62/><D83/><U72/><E91/><V11/><F87/><W116/><G116/><T19/><D29/><U127/><E127/><V92/><F92/><W86/><REACH who="3" step="1"/><G89/><REACH who="3" ten="223,352,137,278" step="2"/><T12/><D35/><U63/><E63/><V101/><F101/><W4/><AGARI ba="1,1" hai="4,8,14,17,22,25,40,41,42,49,52,59,84,86" machi="4" ten="30,18000,2" yaku="1,1,2,1,0,1,8,1,54,1,53,1" doraHai="94" doraHaiUra="50" who="3" fromWho="3" sc="223,-61,352,-61,137,-61,278,193" owari="162,-23.8,291,9.1,76,-42.4,471,57.1" /></mjloggm>