<mjloggm ver="2.3"><GO type="225" lobby="0"/><UN n0="%E3%82%A2%E3%83%8A%E3%83%BC%E3%81%8D%E3%83%BC" n1="%E7%AD%89%E3%80%85%E5%8A%9B%E5%8A%87%E5%A0%B4" n2="%E3%82%A2%E3%82%A4%E3%82%B9%E3%83%86%E3%82%A3%E3%83%BC%E3%81%82%E3%81%B9" n3="%E3%81%A9%E3%82%93%E3%82%88%E3%81%8F%4D%6B%2E%32" dan="16,16,16,16" rate="2098.22,2173.24,2066.34,2166.29" sx="M,M,M,M"/><TAIKYOKU oya="0"/><INIT seed="0,0,0,2,0,48" ten="250,250,250,250" oya="0" hai0="134,113,75,30,86,105,26,122,49,91,66,60,79" hai1="94,97,85,27,67,50,125,13,56,70,82,37,18" hai2="98,36,126,5,121,6,44,61,43,106,46,28,2" hai3="68,0,103,114,45,54,96,14,87,129,31,21,59"/><T58/><D113/><U55/><E125/><V71/><F126/><W116/><G114/><T115/><D115/><U7/><E37/><V69/><F6/><W53/><G68/><T117/><D117/><U38/><E38/><N who="2" m="21623" /><F28/><W110/><G0/><T99/><D122/><U16/><E7/><V32/><F32/><W4/><G116/><T39/><D39/><U90/><E27/><V80/><F80/><W104/><G129/><T42/><D134/><U22/><E18/><V52/><F52/><N who="3" m="20075" /><G104/><T8/><D8/><U24/><E70/><N who="2" m="26635" /><F61/><W108/><G59/><T15/><D60/><U74/><E74/><V20/><F20/><W51/><G87/><T127/><D58/><U89/><E24/><V93/><F93/><N who="3" m="58767" /><G31/><T101/><D30/><U83/><E67/><V64/><F64/><W76/><G76/><T131/><D66/><U57/><E56/><V40/><F121/><W123/><G123/><T81/><D79/><U29/><E29/><V9/><F98/><W130/><G130/><T100/><D99/><U65/><E65/><V109/><F106/><W133/><G133/><T72/><D105/><U73/><E73/><V34/><F34/><W63/><G63/><T111/><D72/><U1/><E1/><V11/><F11/><N who="3" m="4455" /><G21/><T112/><D75/><U25/><E25/><V135/><F135/><W3/><G3/><T78/><D112/><U23/><E22/><V19/><F19/><W107/><G107/><T10/><D131/><U119/><E119/><V84/><F84/><W41/><G110/><AGARI ba="0,0" hai="2,5,9,36,40,46,109,110" m="26635,21623" machi="110" ten="30,1000,0" yaku="23,1" doraHai="48" who="2" fromWho="3" sc="250,0,250,0,250,10,250,-10" /><INIT seed="1,0,0,3,0,65" ten="250,250,260,240" oya="1" hai0="94,106,84,131,123,88,0,69,116,39,99,76,83" hai1="30,113,9,27,60,134,125,72,52,34,46,28,33" hai2="110,64,45,55,130,127,75,56,98,128,121,93,11" hai3="124,23,86,13,31,96,5,126,42,100,6,92,24"/><U62/><E72/><V107/><F75/><W59/><G42/><T4/><D116/><U32/><E113/><V63/><F121/><W103/><G103/><N who="0" m="62847" /><D39/><U118/><E118/><V70/><F107/><W78/><G13/><T10/><D69/><U68/><E134/><V129/><F110/><W122/><G122/><T36/><D36/><U71/><E9/><V58/><F11/><W102/><G102/><T53/><D53/><U47/><E52/><V108/><F108/><W112/><G112/><T73/><D123/><U15/><E15/><V37/><F127/><N who="3" m="48683" /><G59/><T40/><D40/><U19/><E125/><V57/><F37/><W14/><G14/><T105/><D105/><U20/><E20/><V104/><F45/><N who="1" m="16905" /><E27/><V87/><F87/><W135/><G135/><T109/><D109/><U117/><E19/><V79/><F79/><W35/><G35/><T22/><D22/><U67/><E67/><V89/><REACH who="2" step="1"/><F104/><REACH who="2" ten="250,250,250,240" step="2"/><W25/><G78/><T41/><D131/><U44/><E44/><V50/><AGARI ba="0,1" hai="50,55,56,57,58,63,64,70,89,93,98,128,129,130" machi="50" ten="30,8000,1" yaku="1,1,2,1,0,1,19,1,52,1,53,0" doraHai="65" doraHaiUra="101" who="2" fromWho="2" sc="250,-20,250,-40,250,90,240,-20" /><INIT seed="2,0,0,4,4,114" ten="230,210,340,220" oya="2" hai0="46,48,30,0,41,18,118,127,34,49,11,37,83" hai1="42,124,28,86,22,102,129,24,90,32,33,13,73" hai2="57,26,23,121,81,132,85,104,113,56,82,128,76" hai3="54,116,16,134,38,5,62,70,110,8,95,17,12"/><V9/><F104/><W39/><G110/><T25/><D127/><U107/><E73/><V21/><F132/><W20/><G134/><T80/><D118/><U119/><E129/><V15/><F128/><W106/><G106/><T35/><D35/><U66/><E124/><V36/><F36/><W65/><G116/><T79/><D83/><U50/><E119/><V64/><F121/><W27/><G54/><T115/><D18/><U89/><E66/><V92/><F64/><W2/><REACH who="3" step="1"/><G95/><REACH who="3" ten="230,210,340,210" step="2"/><T133/><D133/><U74/><E107/><V75/><F92/><W125/><G125/><T72/><REACH who="0" step="1"/><D115/><REACH who="0" ten="220,210,340,210" step="2"/><U14/><E33/><V61/><F113/><W98/><G98/><T55/><D55/><U71/><E32/><V112/><F112/><W53/><G53/><T111/><D111/><U59/><E42/><V4/><F82/><W135/><G135/><T60/><D60/><U88/><E74/><V7/><F61/><W77/><G77/><T19/><D19/><U91/><E86/><V67/><F75/><W45/><G45/><T69/><D69/><U84/><E71/><V126/><F126/><W63/><G63/><T96/><D96/><U1/><E84/><V117/><F117/><W29/><G29/><T31/><D31/><U3/><E28/><N who="2" m="17487" /><F67/><W52/><G52/><T100/><D100/><U87/><E102/><V130/><F130/><W122/><G122/><T47/><D47/><U105/><E87/><V99/><F99/><W6/><G6/><AGARI ba="0,2" hai="0,6,11,25,30,34,37,41,46,48,49,72,79,80" machi="6" ten="40,5200,0" yaku="1,1,25,2,53,0" doraHai="114" doraHaiUra="109" who="0" fromWho="3" sc="220,72,210,0,340,0,210,-52" /><INIT seed="3,0,0,2,5,17" ten="292,210,340,158" oya="3" hai0="55,12,66,70,22,57,80,108,85,114,27,116,15" hai1="72,10,81,52,25,123,106,134,7,125,59,73,8" hai2="117,46,76,63,132,51,26,48,111,45,127,18,131" hai3="99,44,14,60,2,103,92,95,39,47,98,13,21"/><W87/><G2/><T96/><D108/><U90/><E123/><V93/><F111/><W124/><G124/><T9/><D116/><U94/><E106/><V34/><F117/><W89/><G39/><T19/><D114/><U42/><E134/><V35/><F132/><W79/><G60/><N who="0" m="35903" /><D70/><U107/><E107/><V78/><F131/><W65/><G65/><T71/><D71/><U91/><E42/><N who="2" m="24631" /><F35/><W97/><G79/><N who="0" m="46239" /><D66/><U75/><E125/><V41/><F34/><W43/><G43/><T53/><D53/><U20/><E81/><V61/><F93/><W11/><G98/><T88/><D9/><U38/><E38/><V6/><F127/><W105/><G21/><T119/><D119/><U121/><E121/><V128/><F128/><W110/><G110/><T135/><D135/><U16/><E7/><V118/><F6/><W58/><G58/><T4/><D4/><U50/><REACH who="1" step="1"/><E91/><REACH who="1" ten="292,200,340,158" step="2"/><V100/><F118/><W133/><G133/><T0/><D0/><U82/><E82/><V104/><F104/><W1/><G1/><T68/><D68/><U56/><E56/><V83/><F83/><W33/><G33/><T24/><D27/><U64/><E64/><V62/><F100/><W74/><G74/><T129/><D129/><U37/><E37/><V3/><F3/><W30/><G30/><T115/><D115/><U28/><E28/><V126/><F126/><W36/><G36/><T54/><D54/><U113/><E113/><V120/><F120/><W69/><G69/><T29/><D29/><U5/><E5/><V49/><F26/><W86/><G105/><RYUUKYOKU ba="0,1" sc="292,15,200,15,340,-15,158,-15" hai0="12,15,19,22,24,88,96" hai1="8,10,16,20,25,50,52,59,72,73,75,90,94" owari="307,10.7,215,-18.5,335,43.5,143,-35.7" /></mjloggm>