<mjloggm ver="2.3"><GO type="225" lobby="0"/><UN n0="%48%61%61%61%6C%61%6E%64" n1="%E6%A1%9C%E8%8A%B1%E9%96%83%E3%80%85" n2="%E3%81%BE%E3%81%A8%E3%81%9F" n3="%E3%81%99%E3%81%84%E3%81%BE%E3%81%9B%E3%83%BC%E3%82%93" dan="18,16,16,17" rate="2307.25,2096.67,2114.19,2221.04" sx="M,M,M,M"/><TAIKYOKU oya="0"/><INIT seed="0,0,0,1,3,102" ten="250,250,250,250" oya="0" hai0="57,54,97,126,127,72,125,112,9,130,27,26,69" hai1="3,35,70,99,16,21,34,18,114,115,5,86,12" hai2="44,48,134,6,75,50,90,43,135,119,116,117,80" hai3="30,73,38,51,22,108,66,132,49,33,41,104,85"/><T131/><D112/><N who="1" m="43051" /><E70/><V64/><F6/><W79/><G33/><N who="1" m="12298" /><E86/><V40/><F90/><W122/><G122/><T47/><D69/><U92/><E92/><V96/><F96/><W1/><G1/><T95/><D72/><U19/><E99/><V24/><F24/><N who="0" m="9258" /><D47/><U84/><E84/><V98/><F98/><W65/><G73/><T29/><D29/><U61/><E61/><V91/><F91/><W71/><G30/><T17/><D95/><U68/><E68/><V120/><F80/><W4/><G71/><T109/><D97/><U13/><E3/><V25/><F25/><W10/><G85/><T93/><D93/><U111/><E111/><V14/><F14/><W103/><G108/><T36/><D109/><U89/><E89/><V63/><F75/><W128/><G79/><T60/><D36/><U42/><E42/><V37/><F120/><W31/><G38/><T59/><D59/><U74/><E74/><V7/><F37/><W129/><G41/><T8/><D57/><U62/><E62/><V15/><F63/><W124/><G51/><T106/><D60/><U45/><E45/><N who="2" m="25639" /><F64/><W46/><G66/><T55/><D126/><U87/><E87/><V58/><F58/><W113/><G65/><T39/><D125/><U118/><E118/><V110/><F110/><W52/><G124/><T81/><D127/><U20/><E5/><V100/><F100/><W11/><G113/><T0/><D39/><U32/><N who="1" m="12306" /><U107/><DORA hai="82" /><E107/><V123/><F123/><W76/><G104/><T105/><D106/><U67/><E67/><V78/><F78/><RYUUKYOKU ba="0,0" sc="250,-15,250,15,250,15,250,-15" hai1="12,13,16,18,19,20,21" hai2="7,15,43,44,50,116,117,119,134,135" /><INIT seed="1,1,0,3,3,53" ten="235,265,265,235" oya="1" hai0="33,52,48,105,82,21,32,3,17,90,66,42,63" hai1="15,67,124,36,113,101,35,80,134,16,94,110,19" hai2="64,76,114,126,24,34,55,102,91,10,44,23,57" hai3="115,25,37,107,133,83,20,26,125,61,128,87,27"/><U43/><E113/><V58/><F126/><W71/><G115/><T72/><D3/><U50/><E36/><V31/><F114/><W2/><G125/><T132/><D42/><U116/><E124/><V59/><F102/><W135/><G37/><T28/><D28/><U18/><BYE who="0" /><E116/><UN n0="%48%61%61%61%6C%61%6E%64" /><V130/><F130/><W79/><G128/><T8/><D8/><U86/><E134/><N who="3" m="51210" /><G107/><T100/><D132/><U62/><E35/><V78/><F34/><W39/><G39/><T65/><D100/><U75/><E75/><V77/><F91/><W30/><G2/><T0/><D0/><U7/><E110/><V129/><F129/><W12/><G12/><T38/><D105/><U29/><E29/><V131/><F131/><W4/><G4/><T6/><D6/><U111/><E94/><V109/><F109/><W81/><G83/><T85/><D38/><U103/><E50/><N who="2" m="29127" /><F10/><W108/><G108/><T22/><D32/><U49/><E111/><V106/><F106/><W89/><G89/><T104/><D33/><U119/><E119/><V14/><F14/><W95/><G95/><T70/><D104/><U118/><E118/><V99/><F99/><W92/><G92/><T9/><D82/><U56/><E15/><V84/><F64/><AGARI ba="1,0" hai="20,25,26,27,30,61,64,71,79,81,87" m="51210" machi="64" ten="30,1000,0" yaku="20,1" doraHai="53" who="3" fromWho="2" sc="235,0,265,0,265,-13,235,13" /><INIT seed="2,0,0,3,2,8" ten="235,265,252,248" oya="2" hai0="119,131,18,110,9,28,112,70,53,118,68,121,107" hai1="100,126,115,56,105,25,135,36,130,90,37,40,111" hai2="54,24,19,93,30,39,132,44,81,48,134,116,122" hai3="3,17,117,38,12,13,5,103,113,29,64,79,88"/><V91/><F116/><N who="0" m="44586" /><D121/><U23/><E115/><V52/><F122/><W26/><G117/><T94/><D107/><U59/><E111/><V120/><F120/><W66/><G113/><T67/><D112/><U65/><E130/><V57/><F19/><W22/><G38/><T127/><D110/><U47/><E126/><V11/><F11/><N who="3" m="4207" /><G3/><T99/><D131/><U46/><E135/><V72/><F81/><W104/><G104/><T61/><D28/><U55/><E90/><V86/><F72/><W128/><G103/><N who="0" m="60919" /><D53/><U62/><E100/><V80/><F80/><W125/><G79/><T1/><D127/><U109/><E105/><V32/><REACH who="2" step="1"/><F39/><REACH who="2" ten="235,265,242,248" step="2"/><W84/><G128/><T108/><D108/><U4/><E109/><V74/><F74/><W35/><G125/><T7/><D18/><U98/><E37/><V58/><F58/><AGARI ba="0,1" hai="1,7,9,58,61,67,68,70" m="60919,44586" machi="58" ten="30,1000,0" yaku="12,1" doraHai="8" who="0" fromWho="2" sc="235,20,265,0,242,-10,248,0" /><INIT seed="3,0,0,0,3,50" ten="255,265,232,248" oya="3" hai0="33,35,28,131,110,78,113,12,82,91,22,11,51" hai1="84,70,101,96,130,87,104,16,5,47,52,65,99" hai2="60,77,126,76,94,19,103,105,44,75,34,97,69" hai3="39,10,53,58,135,88,49,46,67,13,133,116,66"/><W114/><G114/><T118/><D118/><U26/><E5/><V15/><F126/><W0/><G0/><T54/><D110/><U86/><E130/><V125/><F125/><W120/><G116/><T64/><D64/><U1/><E1/><V20/><F34/><W74/><G74/><T98/><D131/><U63/><E99/><V4/><F4/><W106/><G106/><T57/><D113/><U42/><E52/><V56/><F69/><W128/><G120/><T38/><D38/><U102/><E102/><V45/><F105/><W100/><G100/><T68/><D68/><U8/><E26/><V89/><F103/><W37/><G128/><T124/><D124/><U17/><REACH who="1" step="1"/><E8/><REACH who="1" ten="255,255,232,248" step="2"/><V79/><F75/><W59/><G67/><AGARI ba="0,1" hai="15,19,20,44,45,56,60,67,76,77,79,89,94,97" machi="67" ten="40,1300,0" yaku="8,1" doraHai="50" who="2" fromWho="3" sc="255,0,255,0,232,23,248,-13" /><INIT seed="4,0,0,5,4,26" ten="255,255,255,235" oya="0" hai0="19,83,44,72,57,36,124,37,103,52,21,84,117" hai1="12,100,22,87,45,27,102,35,24,64,73,99,110" hai2="56,48,29,75,13,66,2,50,106,6,131,96,32" hai3="92,120,126,93,77,130,94,112,74,1,67,62,78"/><T54/><D117/><U42/><E73/><V46/><F75/><W53/><G1/><T58/><D72/><U71/><E110/><V121/><F2/><W31/><G112/><T0/><D0/><U108/><E108/><V118/><F121/><W104/><G120/><T10/><D124/><U134/><E134/><V20/><F32/><W105/><G126/><T7/><D103/><U95/><E100/><V18/><F131/><W40/><G130/><T86/><D7/><U61/><E35/><V101/><F6/><W33/><G53/><T122/><D10/><U116/><E116/><V123/><F123/><W85/><G85/><T107/><D107/><U127/><E127/><V34/><F118/><W114/><G40/><T115/><D115/><U30/><E27/><V23/><F34/><W11/><G11/><T88/><D122/><U47/><E42/><V3/><F3/><W68/><G114/><T14/><D44/><U91/><REACH who="1" step="1"/><E12/><REACH who="1" ten="255,245,255,235" step="2"/><V80/><F13/><W51/><G74/><T25/><D14/><U119/><E119/><V76/><F101/><W133/><G133/><T63/><D86/><U9/><E9/><V129/><F129/><W89/><G105/><AGARI ba="0,1" hai="22,24,30,45,47,61,64,71,87,91,95,99,102,105" machi="105" ten="30,3900,0" yaku="1,1,7,1,52,1,53,0" doraHai="26" doraHaiUra="70" who="1" fromWho="3" sc="255,0,245,49,255,0,235,-39" /><INIT seed="5,0,0,4,0,42" ten="255,294,255,196" oya="1" hai0="112,49,77,0,122,61,35,55,84,48,70,106,40" hai1="75,9,132,60,6,44,62,36,92,51,29,102,85" hai2="113,103,90,2,33,79,78,95,88,131,128,22,46" hai3="45,101,30,8,71,18,98,38,93,66,87,27,5"/><U83/><E132/><V3/><F33/><W13/><G71/><T119/><D119/><U104/><E104/><V53/><F22/><W118/><G118/><T86/><D0/><N who="2" m="42" /><F103/><W58/><G5/><T32/><D106/><U26/><E36/><V24/><F24/><W105/><G105/><T108/><D108/><U63/><E75/><V76/><F95/><W125/><G125/><T96/><D96/><N who="1" m="59655" /><E26/><V16/><F16/><W133/><G133/><T134/><D134/><U39/><E39/><V37/><F113/><W130/><G130/><N who="2" m="49705" /><F37/><W94/><G94/><T68/><D112/><U54/><E29/><V19/><F19/><W15/><G15/><T65/><D32/><U121/><E9/><V7/><F7/><W114/><G114/><T4/><D35/><U50/><E6/><V80/><F80/><W110/><G110/><T59/><D4/><U107/><E107/><V17/><F17/><W57/><G66/><T20/><D65/><U69/><E69/><V89/><F76/><W72/><G72/><T117/><D77/><U100/><E100/><V129/><F129/><W14/><G101/><T111/><D111/><U31/><E31/><V43/><F43/><W82/><G30/><T135/><D68/><U10/><E10/><V73/><F73/><W81/><G45/><T127/><D70/><U47/><E83/><V41/><F41/><W126/><G98/><T116/><D116/><U56/><E85/><V74/><F74/><W91/><G91/><T97/><D84/><U67/><E121/><V23/><F23/><W124/><G38/><T120/><D117/><RYUUKYOKU ba="0,0" sc="255,-15,294,15,255,15,196,-15" hai1="44,47,50,51,54,56,60,62,63,67" hai2="46,53,78,79,88,89,90" owari="240,-16.0,309,40.9,270,7.0,181,-31.9" /></mjloggm>