<mjloggm ver="2.3"><GO type="225" lobby="0"/><UN n0="%E3%82%A2%E3%83%BC%E3%83%A2%E3%83%AD%E3%83%BC%E3%83%B4%E3%82%A1" n1="%E3%81%BF%E3%81%BF%E3%81%9A" n2="%E3%81%AF%E3%82%88%E3%81%8A%E3%81%98%E3%81%95%E3%82%93" n3="%E5%B5%90%E9%9B%B2%E3%81%AE%E3%82%AB%E3%83%A9%E3%82%B9" dan="16,16,17,16" rate="2161.48,2134.79,2179.84,2069.57" sx="M,M,M,F"/><TAIKYOKU oya="0"/><INIT seed="0,0,0,0,0,10" ten="250,250,250,250" oya="0" hai0="117,35,29,33,65,25,3,106,112,20,50,100,30" hai1="44,75,23,104,26,8,82,87,108,73,129,122,68" hai2="16,97,21,37,19,125,98,9,38,107,120,115,18" hai3="113,28,42,105,48,83,89,79,39,123,95,88,109"/><T76/><D112/><U127/><E122/><V74/><F120/><W96/><G113/><T69/><D117/><U71/><E104/><V24/><F115/><W15/><G123/><T70/><D3/><U85/><E44/><V4/><F74/><W47/><G109/><T119/><D119/><U102/><E102/><V63/><F125/><W31/><G105/><T62/><D76/><U81/><E8/><V135/><F135/><W22/><G39/><T52/><D70/><U101/><E101/><V34/><F34/><W46/><G46/><T103/><D106/><U132/><E108/><V7/><F107/><W58/><G58/><T13/><D35/><U93/><E93/><V130/><F130/><W78/><G89/><T12/><D30/><N who="3" m="11305" /><G83/><T14/><REACH who="0" step="1"/><D33/><REACH who="0" ten="240,250,250,250" step="2"/><U27/><E129/><V77/><F77/><W133/><G133/><T134/><D134/><U61/><E132/><V59/><F37/><W116/><G116/><T2/><D2/><U126/><REACH who="1" step="1"/><E23/><REACH who="1" ten="240,240,250,250" step="2"/><V32/><F21/><W49/><G22/><T53/><D53/><U41/><E41/><V45/><F32/><W124/><G42/><T131/><D131/><U60/><AGARI ba="0,2" hai="26,27,60,61,68,71,73,75,81,82,85,87,126,127" machi="60" ten="25,6400,0" yaku="1,1,0,1,22,2,53,0" doraHai="10" doraHaiUra="43" who="1" fromWho="1" sc="240,-32,240,84,250,-16,250,-16" /><INIT seed="1,0,0,3,2,128" ten="208,324,234,234" oya="1" hai0="57,39,34,123,14,71,38,79,77,122,74,115,11" hai1="49,61,90,130,62,52,101,120,64,118,72,129,31" hai2="54,20,84,88,66,134,8,126,21,33,43,58,40" hai3="111,112,97,56,70,100,50,75,86,80,69,104,99"/><U15/><E72/><V45/><F33/><W92/><G111/><T59/><D115/><U108/><E101/><V48/><F126/><W25/><G112/><T103/><D34/><U28/><E118/><V63/><F134/><W76/><G25/><T85/><D74/><U116/><E116/><V2/><F2/><W91/><G97/><T95/><D71/><U1/><E1/><V107/><F107/><W5/><G5/><T114/><D114/><U113/><E113/><V83/><F8/><W82/><G82/><T26/><D26/><U32/><E120/><N who="0" m="46121" /><D59/><U44/><E108/><V24/><REACH who="2" step="1"/><F20/><REACH who="2" ten="208,324,224,234" step="2"/><W87/><REACH who="3" step="1"/><G86/><REACH who="3" ten="208,324,224,224" step="2"/><T17/><D85/><U121/><E121/><V106/><F106/><W96/><G96/><N who="0" m="59807" /><D57/><U89/><E130/><V67/><F67/><W65/><G65/><T78/><AGARI ba="0,2" hai="11,14,17,38,39,77,78,79" m="59807,46121" machi="78" ten="30,1100,0" yaku="13,1" doraHai="128" who="0" fromWho="0" sc="208,31,324,-5,224,-3,224,-3" /><INIT seed="2,0,0,2,3,36" ten="239,319,221,221" oya="2" hai0="109,135,46,123,97,28,56,13,67,75,102,35,132" hai1="38,44,104,54,106,119,61,91,47,83,76,50,69" hai2="57,105,116,58,68,122,41,0,30,52,73,26,112" hai3="14,99,107,23,15,25,20,1,77,110,70,60,5"/><V101/><F112/><W71/><G110/><T21/><D123/><U87/><E119/><V33/><F116/><W40/><G77/><T42/><D75/><U6/><E6/><V65/><F122/><W117/><G117/><T22/><D109/><U55/><E69/><V74/><F0/><W113/><G1/><T115/><D115/><U51/><E61/><N who="2" m="39983" /><F58/><W9/><G113/><T133/><D13/><U78/><E38/><V124/><F124/><W53/><G40/><T129/><D129/><U81/><E91/><V66/><F66/><W89/><G107/><N who="0" m="63951" /><D56/><U80/><E80/><V92/><F92/><W7/><G7/><T121/><D67/><U16/><E16/><V93/><F93/><W3/><G3/><T88/><D88/><U24/><E24/><V19/><F41/><W130/><G130/><T126/><D126/><U90/><E90/><V37/><F19/><W12/><G89/><T17/><D17/><U118/><E118/><V131/><F37/><W34/><G99/><T62/><D62/><U128/><E128/><V27/><F26/><W49/><G70/><T45/><D121/><U127/><E127/><V85/><F85/><AGARI ba="0,0" hai="44,47,50,51,54,55,76,78,81,83,85,87,104,106" machi="85" ten="30,7700,0" yaku="7,1,32,3" doraHai="36" who="1" fromWho="2" sc="239,0,319,77,221,-77,221,0" /><INIT seed="3,0,0,4,2,113" ten="239,396,144,221" oya="3" hai0="90,39,45,125,46,75,104,84,36,86,112,53,69" hai1="40,30,12,32,83,31,1,44,49,127,93,115,126" hai2="50,77,58,26,24,52,87,114,56,118,103,68,65" hai3="0,9,135,33,102,120,97,124,98,94,11,116,48"/><W13/><G120/><T19/><D75/><U76/><E115/><V67/><F114/><W34/><G135/><T122/><D112/><U59/><E1/><V92/><F68/><W43/><G0/><T10/><D122/><U134/><E134/><V63/><F118/><W7/><G124/><N who="1" m="47658" /><E32/><V41/><F67/><W129/><G129/><T109/><D104/><U95/><E12/><V128/><F128/><W51/><G116/><T107/><D107/><U119/><E119/><V4/><F4/><W105/><G11/><T96/><D96/><U72/><E59/><V82/><REACH who="2" step="1"/><F41/><REACH who="2" ten="239,396,134,221" step="2"/><W3/><G43/><T70/><D70/><U55/><E55/><V61/><F61/><W6/><G7/><T29/><D69/><U60/><E60/><V38/><F38/><W71/><G71/><T85/><D36/><U2/><E2/><V106/><F106/><W17/><G3/><T62/><D39/><U88/><E95/><V74/><F74/><W27/><G105/><T20/><D62/><U89/><E89/><V66/><F66/><W22/><G51/><T14/><D90/><U37/><E37/><V78/><F78/><W18/><G48/><T54/><D125/><U111/><E111/><V132/><F132/><W21/><G6/><T99/><D109/><U79/><E79/><V91/><F91/><W8/><G102/><T15/><D54/><U73/><E73/><V131/><F131/><W100/><G100/><T47/><D53/><U130/><E130/><V117/><F117/><W16/><G94/><T35/><D45/><U121/><E121/><V108/><F108/><RYUUKYOKU ba="0,1" sc="239,-15,396,15,134,15,221,-15" hai1="30,31,40,44,49,72,76,83,88,93" hai2="24,26,50,52,56,58,63,65,77,82,87,92,103" owari="224,2.4,421,52.1,149,-35.1,206,-19.4" /></mjloggm>