<mjloggm ver="2.3"><GO type="225" lobby="0"/><UN n0="%E3%81%9F%E3%81%A3%E3%81%A1%E3%82%87" n1="%E8%90%BD%E6%97%A5" n2="%E3%83%AD%E3%83%83%E3%83%86%E9%9B%80%E7%90%83" n3="%6B%79%6F%6E%6B%6F%31%31" dan="16,19,17,17" rate="2089.69,2217.10,2142.10,2169.68" sx="M,F,M,M"/><TAIKYOKU oya="0"/><INIT seed="0,0,0,4,0,29" ten="250,250,250,250" oya="0" hai0="127,24,53,130,128,75,28,31,118,20,22,104,81" hai1="121,58,46,132,7,5,41,110,105,125,16,40,2" hai2="59,80,124,119,0,100,103,18,21,79,102,66,1" hai3="10,17,135,92,96,74,15,115,39,93,86,97,6"/><T133/><D118/><U8/><E121/><V129/><F119/><W4/><G115/><T55/><D104/><U134/><E105/><V3/><F124/><W85/><G74/><T49/><D127/><U11/><E125/><V120/><F120/><W94/><G39/><T84/><D133/><N who="1" m="51307" /><E110/><V116/><F129/><N who="0" m="49770" /><D75/><U14/><E58/><V76/><F116/><W13/><G135/><T69/><D69/><U64/><E64/><V51/><F80/><W89/><G93/><T9/><D9/><N who="1" m="6223" /><E46/><V65/><F65/><W99/><G15/><AGARI ba="0,0" hai="2,5,7,8,11,15,40,41" m="6223,51307" machi="15" ten="30,2000,0" yaku="20,1,54,1" doraHai="29" who="1" fromWho="3" sc="250,0,250,20,250,0,250,-20" /><INIT seed="1,0,0,3,1,67" ten="250,270,250,230" oya="1" hai0="24,104,109,107,96,49,117,53,9,126,21,74,82" hai1="118,4,57,81,71,84,133,103,27,30,52,42,13" hai2="31,128,78,69,115,135,47,7,44,55,132,64,46" hai3="75,127,16,108,79,105,77,62,90,8,38,111,134"/><U29/><E118/><V87/><F31/><W94/><G38/><T50/><D117/><U26/><E133/><N who="2" m="51275" /><F7/><W1/><G134/><T129/><D109/><N who="3" m="42057" /><G75/><T35/><D126/><U80/><E42/><V95/><F128/><W5/><G105/><T114/><D129/><U37/><E37/><V48/><F115/><W102/><G102/><T122/><D35/><U15/><E103/><V68/><F64/><W98/><G127/><T34/><D34/><U101/><E101/><V56/><F95/><W65/><G16/><T45/><D104/><U88/><E71/><AGARI ba="0,0" hai="1,5,8,62,65,71,77,79,90,94,98" m="42057" machi="71" ten="30,2000,0" yaku="14,1,52,1" doraHai="67" who="3" fromWho="1" sc="250,0,270,-20,250,0,230,20" /><INIT seed="2,0,0,2,3,38" ten="250,250,250,250" oya="2" hai0="13,122,45,74,37,76,51,111,33,114,79,102,4" hai1="24,132,87,52,96,18,72,112,10,106,36,28,31" hai2="65,20,15,16,60,67,101,40,116,99,2,21,91" hai3="92,39,80,22,34,95,62,84,130,25,134,125,110"/><V135/><F135/><W50/><G39/><T109/><D33/><U75/><E112/><V98/><F116/><W108/><G34/><T59/><D114/><U89/><E36/><V118/><F2/><W54/><G134/><T66/><D122/><U133/><E133/><V47/><F118/><W104/><G62/><N who="0" m="38239" /><D102/><U83/><E132/><V121/><F121/><W46/><G104/><T69/><D69/><U73/><E106/><V57/><F67/><W9/><G9/><N who="0" m="4263" /><D74/><U71/><E71/><V3/><F3/><W8/><G125/><T86/><D37/><U115/><E115/><V12/><F91/><W128/><G8/><T126/><D126/><U120/><E120/><V77/><F77/><W61/><G61/><T41/><D76/><U127/><E127/><V81/><F81/><AGARI ba="0,0" hai="41,45,51,79,81,86,109,111" m="4263,38239" machi="81" ten="30,2000,0" yaku="25,1,52,1" doraHai="38" who="0" fromWho="2" sc="250,20,250,0,250,-20,250,0" /><INIT seed="3,0,0,1,5,78" ten="270,250,230,250" oya="3" hai0="116,59,31,115,135,12,107,48,21,110,88,58,17" hai1="109,57,122,118,70,43,128,129,90,13,6,120,99" hai2="45,106,83,30,101,34,55,39,112,123,91,117,14" hai3="114,63,100,52,68,131,79,19,8,94,62,74,26"/><W71/><G114/><T113/><D116/><U125/><E13/><V119/><F112/><N who="0" m="43082" /><D107/><U16/><E6/><V93/><F123/><N who="1" m="47145" /><E16/><V0/><F0/><W49/><G131/><N who="1" m="50250" /><E90/><V46/><F39/><W56/><G71/><T69/><D110/><U97/><E70/><V15/><F106/><W126/><G126/><T22/><D69/><U105/><E105/><V24/><F101/><W121/><G121/><T9/><D88/><U80/><E109/><V89/><F55/><W102/><G102/><T61/><D12/><U84/><E125/><V35/><F93/><W127/><G68/><T51/><D17/><U4/><E4/><V11/><F24/><W81/><G127/><T23/><D31/><U124/><E124/><V85/><F85/><W37/><G37/><T53/><D9/><U95/><E43/><V66/><F30/><W54/><G8/><T27/><D27/><U134/><E134/><V18/><F18/><W98/><REACH who="3" step="1"/><G54/><REACH who="3" ten="270,250,230,240" step="2"/><N who="0" m="34007" /><D135/><U44/><E118/><V2/><F11/><W5/><G5/><T25/><D53/><U77/><E57/><V111/><F111/><W47/><G47/><T42/><D59/><U64/><E44/><V41/><F41/><W96/><G96/><T36/><D42/><U28/><E64/><V38/><F38/><W3/><G3/><T73/><D36/><U32/><E99/><V92/><F66/><W76/><G76/><T20/><N who="0" m="5120" /><DORA hai="1" /><T103/><D103/><N who="1" m="60863" /><E28/><V87/><F2/><W86/><G86/><T75/><D25/><U33/><AGARI ba="0,1" hai="32,33,77,80,84" m="60863,50250,47145" machi="33" ten="40,2700,0" yaku="19,1,52,1" doraHai="78,1" who="1" fromWho="1" sc="270,-7,250,37,230,-7,240,-13" /><INIT seed="4,0,0,4,3,1" ten="263,287,223,227" oya="0" hai0="110,124,25,116,5,107,22,82,76,79,131,134,54" hai1="88,89,97,7,125,0,57,12,84,129,23,122,67" hai2="40,59,133,96,32,77,38,34,64,126,44,120,56" hai3="61,36,100,6,63,78,16,111,50,98,103,17,26"/><T58/><D116/><U2/><E122/><V46/><F120/><W41/><G36/><T43/><D124/><U65/><E125/><V118/><F126/><W3/><G111/><T113/><D107/><U73/><E73/><V87/><F118/><W13/><G3/><T33/><D33/><U135/><E97/><V8/><F133/><W62/><G78/><T20/><D113/><U14/><E129/><V127/><F127/><W105/><G26/><T45/><D134/><U71/><E71/><V29/><F96/><W75/><G75/><T18/><D131/><U99/><E99/><V102/><F102/><N who="3" m="38955" /><G98/><T72/><D79/><U132/><E57/><V95/><F8/><N who="3" m="4247" /><G105/><T66/><D5/><U51/><E23/><V28/><F77/><W55/><G41/><T130/><D20/><U128/><E128/><V21/><F21/><W91/><G91/><T117/><D130/><U27/><E27/><V53/><F38/><W68/><G68/><T4/><D117/><U115/><E115/><V11/><F11/><W123/><G123/><T109/><D109/><U114/><E114/><V108/><F108/><W39/><G39/><T74/><D110/><U10/><E10/><V80/><F34/><W94/><G94/><T24/><D25/><U31/><E84/><V60/><F32/><W112/><G112/><T19/><D72/><U90/><E90/><N who="2" m="51559" /><F95/><W15/><G15/><N who="0" m="9567" /><D74/><U101/><E101/><V30/><F40/><W81/><G81/><T93/><D82/><U37/><E37/><V104/><F104/><W86/><G86/><T42/><D43/><U106/><E135/><RYUUKYOKU ba="0,0" sc="263,-15,287,-15,223,15,227,15" hai2="28,29,30,44,46,53,56,59,60,64" hai3="16,17,50,55,61,62,63" /><INIT seed="5,1,0,0,1,95" ten="248,272,238,242" oya="1" hai0="4,87,61,60,30,5,58,82,116,46,75,22,107" hai1="72,110,114,38,126,118,36,50,32,48,31,57,93" hai2="56,77,42,97,9,23,96,70,44,101,111,91,47" hai3="89,85,33,28,14,121,134,16,45,92,109,81,35"/><U19/><E118/><V13/><F111/><W34/><G121/><T67/><D75/><U132/><E72/><V113/><F70/><W88/><G109/><T3/><D107/><U54/><E110/><V29/><F113/><W83/><G134/><T76/><D116/><U124/><E132/><V130/><F130/><W135/><G135/><T18/><D30/><U117/><E117/><V90/><F77/><W68/><G68/><T71/><D46/><N who="2" m="17450" /><F42/><W119/><G119/><T2/><D2/><U37/><E114/><V108/><F108/><W17/><G28/><T55/><REACH who="0" step="1"/><D3/><REACH who="0" ten="238,272,238,242" step="2"/><U122/><E31/><V49/><F29/><W6/><G45/><T123/><D123/><U99/><E122/><V53/><F23/><W10/><REACH who="3" step="1"/><G81/><REACH who="3" ten="238,272,238,232" step="2"/><T69/><D69/><U80/><E80/><V40/><F40/><W65/><G65/><T106/><D106/><U62/><E32/><V39/><F39/><W125/><G125/><T51/><D51/><U41/><E41/><V8/><F49/><W12/><G12/><AGARI ba="1,2" hai="4,5,12,18,22,55,58,60,61,67,71,76,82,87" machi="12" ten="30,3900,0" yaku="1,1,7,1,53,1" doraHai="95" doraHaiUra="74" who="0" fromWho="3" sc="238,62,272,0,238,0,232,-42" owari="300,40.0,272,7.2,238,-16.2,190,-31.0" /></mjloggm>