<mjloggm ver="2.3"><GO type="225" lobby="0"/><UN n0="%E3%83%A9%E3%83%96%E3%83%AC%E3%83%BC" n1="%E5%A4%96%E5%B7%9D%E7%AB%9C%E6%88%90" n2="%E3%83%AD%E3%83%83%E3%83%86%E9%9B%80%E7%90%83" n3="%6D%75%75%6D%75%72%61" dan="18,16,17,16" rate="2184.45,2242.99,2279.54,2210.31" sx="M,M,M,F"/><TAIKYOKU oya="0"/><INIT seed="0,0,0,4,4,110" ten="250,250,250,250" oya="0" hai0="102,133,70,1,12,126,25,97,50,98,123,107,101" hai1="116,67,43,89,131,77,129,14,93,104,84,8,60" hai2="86,62,40,56,17,61,55,83,124,51,23,94,65" hai3="20,120,57,44,58,36,21,10,113,100,18,125,121"/><T66/><D1/><U75/><E116/><V54/><F124/><W31/><G125/><T128/><D126/><U42/><E104/><V9/><F9/><W33/><G33/><T106/><D128/><N who="1" m="49227" /><E77/><V24/><F94/><W80/><G100/><T11/><D133/><U119/><E75/><V48/><F40/><N who="3" m="22535" /><G80/><T4/><D50/><U53/><E53/><V90/><REACH who="2" step="1"/><F65/><REACH who="2" ten="250,250,240,250" step="2"/><W99/><G10/><T47/><D123/><U114/><E119/><V117/><F117/><W35/><G121/><T103/><D66/><U37/><E37/><V45/><AGARI ba="0,1" hai="17,23,24,45,48,51,54,55,56,61,62,83,86,90" machi="45" ten="20,8000,1" yaku="1,1,0,1,7,1,8,1,53,1" doraHai="110" doraHaiUra="85" who="2" fromWho="2" sc="250,-40,250,-20,240,90,250,-20" /><INIT seed="1,0,0,3,2,125" ten="210,230,330,230" oya="1" hai0="118,119,111,14,44,4,9,54,55,77,106,15,60" hai1="135,124,115,0,108,66,114,116,126,21,26,89,17" hai2="95,112,86,88,41,42,98,18,84,36,1,117,129" hai3="131,102,122,37,67,73,107,78,127,31,103,92,33"/><U38/><E38/><V24/><F129/><W81/><G122/><T87/><D106/><U94/><E116/><V133/><F117/><W110/><G127/><N who="1" m="48682" /><E66/><V10/><F133/><W91/><G110/><T35/><D35/><U16/><E135/><V32/><F112/><N who="1" m="43049" /><E108/><V57/><F36/><W5/><G37/><T68/><D111/><U48/><E48/><V28/><F57/><W23/><G33/><T62/><D44/><U90/><E0/><V6/><REACH who="2" step="1"/><F18/><REACH who="2" ten="210,230,320,230" step="2"/><N who="1" m="7273" /><E94/><V11/><F11/><W64/><G92/><T130/><D9/><U104/><E104/><V19/><F19/><AGARI ba="0,1" hai="19,21,26,89,90" m="7273,43049,48682" machi="19" ten="30,2900,0" yaku="18,1,54,1" doraHai="125" who="1" fromWho="2" sc="210,0,230,39,320,-29,230,0" /><INIT seed="1,1,0,4,4,10" ten="210,269,291,230" oya="1" hai0="83,54,5,44,72,99,129,43,93,40,132,110,90" hai1="61,34,122,66,11,89,120,121,25,59,111,27,8" hai2="63,4,9,98,119,67,39,30,65,133,37,36,49" hai3="0,35,57,97,102,60,87,68,94,101,2,41,19"/><U125/><E125/><V105/><F119/><W95/><G68/><T116/><D116/><U135/><E135/><V108/><F108/><W20/><G35/><T18/><D110/><U79/><E111/><V45/><F133/><W75/><G75/><T16/><D132/><U47/><E79/><V96/><F30/><W104/><G41/><T128/><D54/><U46/><E89/><V31/><F31/><W29/><G29/><T38/><D43/><U106/><E106/><V134/><F134/><W3/><G87/><T24/><D5/><U73/><E73/><V86/><F86/><W127/><G127/><T130/><D24/><U58/><E34/><V70/><F67/><W124/><G124/><T1/><D1/><U52/><E27/><V56/><F70/><W76/><G76/><AGARI ba="1,0" hai="16,18,38,40,44,72,76,83,90,93,99,128,129,130" machi="76" ten="40,2600,0" yaku="19,1,54,1" doraHai="10" who="0" fromWho="3" sc="210,29,269,0,291,0,230,-29" /><INIT seed="2,0,0,4,3,122" ten="239,269,291,201" oya="2" hai0="20,26,111,96,29,99,84,134,4,6,25,119,86" hai1="5,56,101,13,123,28,118,23,102,89,21,38,75" hai2="14,98,62,19,132,22,33,51,113,90,60,11,74" hai3="49,16,110,27,104,59,94,65,45,7,129,24,124"/><V91/><F132/><W93/><G104/><T121/><D134/><U82/><E118/><V80/><F33/><W109/><G124/><T131/><D119/><U108/><E38/><V125/><F125/><W69/><G129/><T85/><D131/><U116/><E116/><V53/><F113/><W61/><G7/><T105/><D121/><U88/><E123/><V126/><F126/><W95/><G69/><T87/><D111/><N who="3" m="42505" /><G16/><N who="0" m="12423" /><D105/><U67/><E5/><N who="0" m="2153" /><D87/><U128/><E75/><V10/><F74/><W77/><G77/><T46/><D46/><U64/><E128/><V100/><F10/><W130/><G130/><T50/><D50/><U36/><E36/><V32/><F51/><W135/><G135/><T72/><D72/><U41/><E108/><V92/><F11/><W54/><AGARI ba="0,0" hai="24,27,45,49,54,59,61,65,93,94,95" m="42505" machi="54" ten="30,7900,0" yaku="14,1,52,3" doraHai="122" who="3" fromWho="3" sc="239,-20,269,-20,291,-39,201,79" /><INIT seed="3,0,0,0,3,95" ten="219,249,252,280" oya="3" hai0="29,22,14,33,44,121,133,104,31,100,13,81,12" hai1="129,68,71,75,84,61,41,105,118,8,73,34,66" hai2="42,92,2,38,27,43,62,45,47,134,21,64,112" hai3="48,101,88,123,35,32,23,109,50,80,114,132,113"/><W5/><G123/><T56/><D121/><U110/><E110/><V74/><F134/><W67/><G132/><T20/><D133/><U30/><E129/><V46/><F112/><W60/><G109/><T117/><D117/><U18/><E118/><V93/><F74/><W15/><G101/><T130/><D130/><U86/><E41/><V9/><F9/><W59/><G35/><T89/><D44/><U3/><E86/><V94/><F2/><W55/><G32/><T36/><D36/><U78/><E84/><V51/><F46/><W102/><G102/><T57/><D33/><U131/><E131/><V40/><F40/><W127/><G127/><T7/><D89/><U58/><E105/><V6/><F6/><W53/><G113/><T10/><D81/><U11/><E11/><V103/><F103/><W70/><G70/><T120/><D120/><U79/><E18/><V116/><F116/><W106/><G106/><T115/><D115/><U28/><E34/><V107/><F107/><W76/><G76/><N who="1" m="29226" /><E8/><V96/><F96/><W97/><G5/><T69/><D69/><N who="1" m="26699" /><E3/><V128/><F128/><W99/><G99/><T39/><D39/><U1/><E1/><V85/><F85/><N who="3" m="50215" /><G97/><N who="0" m="61455" /><D7/><U77/><E75/><V37/><F37/><W52/><G114/><T72/><D72/><U108/><E108/><V126/><F126/><W65/><G67/><T91/><D91/><U26/><E26/><V63/><F64/><W0/><G0/><T124/><D124/><U54/><E66/><V4/><F4/><W135/><G135/><T122/><D122/><U87/><E73/><RYUUKYOKU ba="0,0" sc="219,-30,249,10,252,10,280,10" hai1="28,30,54,58,61,77,87" hai2="21,27,38,42,43,45,47,51,62,63,92,93,94" hai3="15,23,48,50,52,53,55,59,60,65" /><INIT seed="3,1,0,3,4,62" ten="189,259,262,290" oya="3" hai0="37,99,129,7,56,64,68,61,63,104,69,78,110" hai1="11,124,10,47,105,134,23,107,35,14,3,28,6" hai2="41,45,46,130,22,74,17,5,15,18,60,132,65" hai3="24,96,79,73,87,20,93,121,120,76,12,85,59"/><W80/><G12/><T53/><D78/><U58/><E47/><V118/><F118/><W127/><G127/><T98/><D37/><U126/><E58/><N who="2" m="37015" /><F74/><W133/><G133/><T109/><D129/><U25/><E134/><V108/><F108/><N who="0" m="41578" /><D7/><N who="1" m="1407" /><E105/><V21/><F130/><W111/><G111/><T34/><D34/><U97/><E97/><N who="0" m="36873" /><D104/><U52/><E52/><V1/><F1/><W103/><G73/><T30/><D30/><N who="1" m="19919" /><E107/><V84/><F5/><W94/><G59/><AGARI ba="1,0" hai="53,56,59,61,63,64,68,69" m="36873,41578" machi="59" ten="30,2000,0" yaku="14,1,52,1" doraHai="62" who="0" fromWho="3" sc="189,23,259,0,262,0,290,-23" /><INIT seed="4,0,0,4,0,12" ten="212,259,262,267" oya="0" hai0="88,22,7,57,132,38,50,6,5,44,86,96,74" hai1="8,10,34,117,19,30,113,108,101,55,82,75,81" hai2="39,73,48,33,69,31,128,130,59,65,20,4,105" hai3="126,87,124,47,1,129,97,40,99,114,42,122,111"/><T63/><D74/><U104/><E117/><V125/><F105/><W61/><G111/><T37/><D132/><U25/><E108/><V64/><F73/><W41/><G1/><T133/><D96/><U135/><E135/><V46/><F4/><W0/><G0/><T17/><D133/><U28/><E113/><V29/><F20/><W70/><G114/><T56/><D38/><U51/><E101/><V77/><F77/><W35/><G35/><T123/><D63/><U89/><E104/><V76/><F76/><W93/><G47/><T85/><D86/><N who="1" m="50383" /><E34/><V18/><F18/><W98/><G129/><T60/><D60/><U24/><E82/><V79/><F31/><N who="1" m="11817" /><E75/><V95/><F29/><W118/><G118/><T15/><D37/><U3/><E3/><V112/><F33/><W49/><G122/><T27/><D27/><N who="1" m="10315" /><E19/><V16/><F16/><W119/><G119/><T134/><D123/><U115/><E115/><V68/><F112/><W94/><G87/><T107/><D107/><U84/><E84/><V91/><F39/><W100/><G100/><T67/><D67/><U71/><E71/><V9/><F65/><W58/><G70/><T80/><D134/><U11/><E11/><V53/><F9/><W131/><G131/><T14/><D15/><U43/><E43/><AGARI ba="0,0" hai="5,6,7,14,17,22,43,44,50,56,57,80,85,88" machi="43" ten="40,7700,0" yaku="8,1,52,1,54,1" doraHai="12" who="0" fromWho="1" sc="212,77,259,-77,262,0,267,0" /><INIT seed="4,1,0,5,5,40" ten="289,182,262,267" oya="0" hai0="122,15,52,31,16,73,34,100,126,59,84,69,45" hai1="14,27,3,19,44,83,35,99,8,72,1,124,123" hai2="82,118,117,60,68,104,22,91,18,130,20,54,0" hai3="108,49,97,102,96,81,129,120,86,128,63,75,101"/><T90/><D122/><U25/><E123/><V56/><F130/><N who="3" m="50283" /><G63/><T32/><D73/><U95/><E124/><V24/><F0/><W119/><G49/><N who="0" m="28719" /><D69/><U61/><E61/><V36/><F36/><W121/><G119/><N who="2" m="45577" /><F104/><N who="3" m="63527" /><G75/><T48/><D100/><U92/><E92/><V7/><F7/><W76/><G108/><T12/><D12/><U77/><E44/><V17/><F68/><W2/><G2/><T9/><D31/><U50/><E50/><V5/><F5/><W105/><AGARI ba="1,0" hai="76,81,86,97,102,105,120,121" m="63527,50283" machi="105" ten="30,4000,0" yaku="19,1,34,2" doraHai="40" who="3" fromWho="3" sc="289,-21,182,-11,262,-11,267,43" owari="268,6.8,171,-32.9,251,-14.9,310,41.0" /></mjloggm>