<mjloggm ver="2.3"><GO type="225" lobby="0"/><UN n0="%E3%81%8B%E3%82%8F%E3%81%A1%E3%82%83%E3%82%93%35%38" n1="%E3%81%88%E3%81%8C%E3%82%8F%E3%82%8A%E3%81%8A" n2="%47%32%E9%BE%8D%E9%96%80" n3="%E9%80%9F%E6%B0%B4%E5%87%9B%E9%A6%99" dan="16,16,16,17" rate="2095.22,2103.09,2134.05,2173.58" sx="M,M,M,F"/><TAIKYOKU oya="0"/><INIT seed="0,0,0,5,1,67" ten="250,250,250,250" oya="0" hai0="17,39,110,108,79,36,75,60,8,70,74,112,11" hai1="55,65,103,97,59,111,73,94,0,109,45,77,13" hai2="48,57,96,16,7,123,52,43,88,105,117,49,81" hai3="129,126,78,104,135,90,116,40,124,53,25,56,72"/><T127/><D112/><U10/><E0/><V4/><F123/><W114/><G104/><T71/><D60/><U128/><E128/><V18/><F117/><W84/><G116/><T87/><D87/><U107/><E65/><V98/><F105/><W5/><G114/><T131/><D79/><U21/><E21/><V83/><F43/><W61/><G40/><T33/><D33/><U37/><E107/><V100/><F100/><W29/><G5/><N who="2" m="2121" /><F48/><W46/><G46/><T28/><D28/><U42/><E77/><V115/><F115/><W118/><G118/><T101/><D101/><U19/><REACH who="1" step="1"/><E73/><REACH who="1" ten="250,240,250,250" step="2"/><N who="0" m="27657" /><D131/><U122/><E122/><V31/><F31/><W12/><G129/><T50/><D127/><U80/><E80/><N who="2" m="30795" /><F98/><W1/><G1/><T106/><D106/><U85/><E85/><V68/><F68/><N who="0" m="26154" /><D50/><AGARI ba="0,1" hai="10,13,19,37,42,45,50,55,59,94,97,103,109,111" machi="50" ten="40,1300,0" yaku="1,1,53,0" doraHai="67" doraHaiUra="58" who="1" fromWho="0" sc="250,-13,240,23,250,0,250,0" /><INIT seed="1,0,0,0,2,18" ten="237,263,250,250" oya="1" hai0="12,121,115,17,51,73,74,135,30,122,91,97,66" hai1="7,84,19,96,111,8,58,101,128,33,105,45,44" hai2="99,98,43,55,47,113,80,125,37,116,2,14,67" hai3="131,16,6,127,1,94,29,95,62,132,93,134,65"/><U85/><E33/><V20/><F116/><W50/><G29/><T114/><D66/><U25/><E128/><V109/><F2/><W112/><G112/><N who="0" m="43051" /><D51/><U88/><E58/><V61/><F113/><W39/><G39/><T120/><D30/><U11/><E84/><V31/><F109/><W35/><G35/><T118/><D118/><U126/><E111/><V40/><F125/><W41/><G6/><T15/><D135/><U3/><E126/><V32/><F32/><W133/><G1/><T36/><D36/><U57/><E57/><V108/><F108/><W34/><G34/><T103/><D91/><U78/><E78/><V87/><F55/><W53/><G41/><T83/><D83/><U64/><E64/><V89/><F43/><W52/><G131/><T75/><D17/><U90/><E90/><V130/><F130/><W46/><G127/><T110/><D110/><U72/><E72/><N who="0" m="18433" /><T106/><AGARI ba="0,0" hai="12,15,97,103,106,120,121,122" m="18433,43051" machi="106" ten="50,3200,0" yaku="4,1,13,1" doraHai="18" who="0" fromWho="0" sc="237,32,263,-16,250,-8,250,-8" /><INIT seed="2,0,0,0,5,18" ten="269,247,242,242" oya="2" hai0="23,54,108,124,69,47,55,85,60,76,128,5,64" hai1="49,126,88,9,122,0,24,99,40,19,2,120,118" hai2="100,30,77,62,80,106,43,103,130,135,25,31,22" hai3="12,92,84,98,17,96,39,48,86,95,72,71,65"/><V21/><F130/><W52/><G39/><T73/><D73/><U32/><E118/><V78/><F135/><W119/><G72/><T29/><D5/><U101/><E126/><V111/><F111/><W6/><G6/><T20/><D29/><U44/><E88/><V81/><F43/><W58/><G65/><T11/><D11/><U132/><E132/><V115/><F115/><W114/><G71/><T33/><D33/><U46/><E46/><V42/><F42/><W93/><G114/><T131/><D108/><U66/><E66/><V129/><F129/><N who="0" m="49738" /><D124/><U63/><E63/><V36/><F36/><W102/><G119/><T51/><D55/><U1/><E9/><V107/><F25/><W10/><REACH who="3" step="1"/><G92/><REACH who="3" ten="269,247,242,232" step="2"/><T91/><D76/><U105/><REACH who="1" step="1"/><E19/><REACH who="1" ten="269,237,242,232" step="2"/><V104/><F106/><W7/><G7/><T89/><D89/><AGARI ba="0,2" hai="10,12,17,48,52,58,84,86,89,93,95,96,98,102" machi="89" ten="30,7700,0" yaku="1,1,7,1,8,1,54,1,53,0" doraHai="18" doraHaiUra="70" who="3" fromWho="0" sc="269,-77,237,0,242,0,232,97" /><INIT seed="3,0,0,3,0,126" ten="192,237,242,329" oya="3" hai0="76,129,99,66,12,19,15,23,120,89,130,44,70" hai1="108,74,84,6,17,105,124,50,78,57,104,47,64" hai2="59,133,10,85,65,9,18,62,122,43,94,26,40" hai3="119,88,14,111,56,107,118,93,92,61,49,58,116"/><W102/><G107/><T32/><D32/><U11/><E124/><V106/><F106/><W113/><G113/><T35/><D35/><U60/><E74/><V27/><F133/><W7/><G102/><T121/><D76/><U3/><E108/><V86/><F122/><N who="0" m="47210" /><D44/><U69/><E17/><V54/><F65/><W79/><G79/><T29/><D29/><U96/><E96/><V75/><F75/><W52/><G111/><T112/><D112/><U5/><E5/><V2/><F2/><W72/><G72/><T71/><D66/><U63/><E84/><N who="2" m="32363" /><F94/><W8/><G88/><T41/><D41/><N who="2" m="15946" /><F18/><W103/><G103/><T31/><D31/><U114/><E78/><V128/><F9/><W109/><G109/><T55/><D55/><U123/><E114/><V38/><F10/><W34/><G34/><T95/><D12/><U13/><E123/><V4/><F4/><W22/><G22/><T90/><D90/><U81/><E13/><V91/><F91/><W36/><G93/><T115/><D115/><U82/><E104/><V51/><F62/><W83/><G92/><T134/><D134/><U125/><E105/><V0/><F0/><W1/><G1/><T135/><D135/><U30/><E125/><V42/><F42/><W28/><G119/><T24/><D15/><U98/><E30/><V73/><F73/><W68/><G28/><T21/><D21/><U67/><E98/><V48/><F48/><W39/><G49/><T53/><D53/><AGARI ba="0,0" hai="3,6,11,47,50,53,57,60,63,64,67,69,81,82" machi="53" ten="30,1000,0" yaku="7,1" doraHai="126" who="1" fromWho="0" sc="192,-10,237,10,242,0,329,0" owari="182,-31.8,247,4.7,242,-15.8,329,42.9" /></mjloggm>