<mjloggm ver="2.3"><GO type="225" lobby="0"/><UN n0="%31%38%63%6D%E7%AB%8B%E7%9B%B4%E6%A3%92" n1="%E6%A1%9C%E8%8A%B1%E9%96%83%E3%80%85" n2="%E6%B8%A9%E2%98%85%E6%83%85%E2%98%85%E6%8E%AA%E2%98%85%E7%BD%AE" n3="%72%61%6B%33" dan="16,16,16,17" rate="2133.94,2103.25,2143.62,2169.15" sx="M,M,M,M"/><TAIKYOKU oya="0"/><INIT seed="0,0,0,1,4,21" ten="250,250,250,250" oya="0" hai0="88,26,108,33,115,43,110,112,50,132,58,29,67" hai1="69,30,125,8,13,12,80,0,70,24,113,38,1" hai2="99,19,121,122,94,23,87,25,66,75,3,79,97" hai3="134,59,81,15,20,51,57,63,98,46,39,114,131"/><T54/><D132/><U68/><E125/><V41/><F3/><W10/><G114/><T73/><D73/><U106/><E113/><V77/><F75/><W44/><G131/><T124/><D124/><U111/><E111/><N who="0" m="42537" /><D43/><U127/><E127/><V14/><F66/><W31/><G134/><T128/><D128/><U89/><E106/><V86/><F41/><W56/><G39/><T62/><D88/><U107/><E107/><V120/><F99/><W85/><G98/><T126/><D126/><U74/><E89/><V118/><F118/><W60/><G31/><T123/><D123/><U129/><E38/><V82/><F14/><W27/><G85/><T35/><D35/><U16/><E13/><V61/><F61/><W17/><G81/><T18/><D18/><U95/><E95/><V78/><REACH who="2" step="1"/><F82/><REACH who="2" ten="250,250,240,250" step="2"/><W65/><G63/><T130/><D130/><U5/><E129/><V4/><F4/><W109/><G109/><T55/><D55/><U37/><E5/><V9/><F9/><W83/><G83/><T133/><D133/><U96/><E96/><V101/><AGARI ba="0,1" hai="19,23,25,77,78,79,86,87,94,97,101,120,121,122" machi="101" ten="40,5200,0" yaku="1,1,0,1,52,1,53,0" doraHai="21" doraHaiUra="49" who="2" fromWho="2" sc="250,-26,250,-13,240,62,250,-13" /><INIT seed="1,0,0,1,3,109" ten="224,237,302,237" oya="1" hai0="32,60,34,65,63,46,114,130,15,42,78,97,110" hai1="37,27,48,122,70,133,121,125,31,59,52,111,86" hai2="128,101,95,85,105,56,45,134,2,64,7,50,14" hai3="39,112,47,43,44,33,116,19,118,75,84,81,77"/><U71/><E125/><V10/><F128/><W79/><G33/><T99/><D110/><U62/><E111/><V49/><F134/><W35/><G35/><T41/><D15/><U6/><E6/><V23/><F105/><W98/><G47/><T104/><D46/><U72/><E72/><V117/><F117/><W89/><G98/><T67/><D78/><U102/><E102/><V26/><F2/><W57/><G57/><T61/><D61/><U18/><E18/><V20/><F20/><W113/><G19/><T83/><D83/><U29/><E37/><V28/><F45/><W108/><G108/><T3/><D3/><U87/><E133/><V115/><F115/><N who="3" m="44107" /><G75/><T80/><D114/><U11/><E31/><V36/><F36/><W120/><G120/><T123/><D123/><U58/><E121/><V13/><F13/><W54/><G54/><T25/><D104/><U126/><E59/><V22/><F22/><W0/><G0/><T76/><D25/><U91/><E58/><V69/><F56/><W135/><G135/><T131/><D80/><U129/><E52/><V4/><F4/><W106/><G106/><T66/><D66/><U24/><E27/><V93/><F64/><W74/><G74/><T30/><D76/><U92/><E24/><V9/><F26/><W68/><G68/><T100/><REACH who="0" step="1"/><D100/><REACH who="0" ten="214,237,302,237" step="2"/><U119/><E122/><V53/><F101/><W38/><G38/><T132/><D132/><U21/><E62/><V1/><F1/><W16/><G16/><T96/><D96/><U90/><E90/><V17/><F17/><W88/><G89/><RYUUKYOKU ba="0,1" sc="214,15,237,-15,302,-15,237,15" hai0="30,32,34,41,42,60,63,65,67,97,99,130,131" hai3="39,43,44,77,79,81,84,88,116,118" /><INIT seed="2,1,1,2,1,129" ten="229,222,287,252" oya="2" hai0="20,77,134,62,131,52,88,13,55,97,76,43,66" hai1="29,135,83,53,37,95,82,7,72,32,79,86,73" hai2="9,16,85,44,63,89,58,69,121,35,74,96,2" hai3="27,51,54,10,22,110,50,5,75,45,130,21,38"/><V103/><F121/><W68/><G130/><T112/><D112/><U49/><E37/><V18/><F35/><W116/><G116/><T47/><D131/><U117/><E117/><V24/><F74/><W65/><G75/><T4/><D77/><U12/><E95/><N who="2" m="58783" /><F2/><W123/><G123/><T26/><D76/><U67/><E67/><N who="2" m="39415" /><F69/><W87/><G38/><T33/><D33/><U101/><E101/><V102/><F102/><W119/><G68/><T14/><D66/><U133/><E29/><V132/><F132/><N who="1" m="50761" /><E32/><V109/><F109/><W30/><G110/><T98/><D134/><U39/><E83/><N who="2" m="49343" /><F24/><W59/><G27/><T31/><D26/><U19/><E7/><V114/><F114/><W8/><G5/><T57/><D4/><U111/><E39/><V90/><F90/><W113/><G119/><T80/><D88/><U15/><E111/><V100/><F100/><W6/><G6/><T71/><D80/><U128/><E128/><V17/><F44/><W93/><G45/><T118/><D47/><N who="1" m="27839" /><E12/><AGARI ba="1,1" hai="9,12,16,17,18" m="49343,39415,58783" machi="12" ten="30,2900,0" yaku="8,1,54,1" doraHai="129" who="2" fromWho="1" sc="229,0,222,-32,287,42,252,0" /><INIT seed="2,2,0,5,0,44" ten="229,190,329,252" oya="2" hai0="1,94,102,26,120,95,18,40,47,21,42,60,50" hai1="108,91,22,96,36,57,19,62,13,25,71,32,9" hai2="76,29,12,84,14,16,112,127,59,20,37,46,82" hai3="34,119,101,132,74,68,3,117,41,10,97,70,49"/><V98/><F112/><W55/><G34/><T124/><D120/><U53/><E108/><V115/><F115/><W86/><G74/><T78/><D124/><U100/><E36/><V58/><F127/><W89/><G41/><T107/><D1/><U75/><E75/><V88/><F29/><W118/><G132/><T133/><D133/><U129/><E129/><V90/><F37/><W67/><G67/><T92/><D60/><U31/><E71/><V83/><F46/><W45/><G3/><T69/><D69/><U66/><E91/><V77/><F12/><W123/><G10/><T114/><D114/><U15/><E53/><V116/><F116/><W8/><G8/><T72/><D42/><U113/><E113/><V33/><F33/><W39/><G39/><T105/><REACH who="0" step="1"/><D102/><REACH who="0" ten="219,190,329,252" step="2"/><U134/><E134/><V106/><F106/><W11/><G123/><T122/><D122/><U5/><E100/><V17/><F98/><W110/><G97/><T6/><D6/><U4/><REACH who="1" step="1"/><E96/><REACH who="1" ten="219,180,329,252" step="2"/><V128/><F128/><W24/><G119/><T73/><D73/><U35/><E35/><V130/><F130/><W103/><G118/><T27/><D27/><U79/><E79/><V93/><F77/><W87/><G24/><T23/><D23/><U121/><E121/><V65/><F76/><W104/><G117/><T109/><D109/><U81/><E81/><AGARI ba="2,2" hai="18,21,26,40,47,50,72,78,81,92,94,95,105,107" machi="81" ten="40,2600,0" yaku="1,1,52,1,53,0" doraHai="44" doraHaiUra="48" who="0" fromWho="1" sc="219,52,180,-32,329,0,252,0" /><INIT seed="3,0,0,4,2,71" ten="271,148,329,252" oya="3" hai0="14,84,22,97,126,36,53,15,96,31,44,113,69" hai1="135,129,87,50,107,118,51,19,29,116,59,67,110" hai2="33,108,57,86,46,73,76,37,35,91,0,109,117" hai3="8,98,41,40,60,18,24,132,6,64,23,125,42"/><W81/><G125/><T133/><D53/><U2/><E2/><V47/><F117/><N who="1" m="45161" /><E107/><V79/><F0/><W5/><G132/><T106/><D69/><U89/><E29/><V17/><F73/><W28/><G81/><T12/><D126/><U111/><E19/><V75/><F75/><W70/><REACH who="3" step="1"/><G98/><REACH who="3" ten="271,148,329,242" step="2"/><T54/><D97/><U80/><E80/><N who="2" m="49607" /><F79/><W102/><G102/><T55/><D96/><U100/><E100/><V105/><F76/><W83/><G83/><T88/><D133/><U21/><E89/><V34/><F105/><W82/><G82/><T123/><D106/><U77/><E87/><V3/><F109/><N who="1" m="41481" /><E77/><V13/><F108/><W45/><G45/><T9/><D44/><U63/><E21/><V104/><F104/><W66/><G66/><T124/><D84/><U74/><E74/><V30/><F47/><W112/><G112/><T1/><D113/><U56/><E135/><V122/><F46/><W11/><G11/><T90/><D9/><U99/><E99/><V26/><F35/><W115/><G115/><T92/><D90/><U95/><E95/><V128/><F34/><W65/><G65/><T32/><D92/><U85/><E85/><V27/><F33/><W94/><G94/><T121/><D32/><U20/><E20/><V62/><F30/><W48/><G48/><N who="1" m="18474" /><E129/><V25/><F128/><W52/><G52/><T119/><D55/><U16/><E16/><V49/><F17/><W101/><G101/><T38/><D31/><U7/><E7/><V4/><F4/><W120/><G120/><T39/><D121/><U10/><E10/><RYUUKYOKU ba="0,1" sc="271,-15,148,15,329,-15,242,15" hai1="56,59,63,67" hai3="5,6,8,18,23,24,28,40,41,42,60,64,70" /><INIT seed="3,1,1,0,2,70" ten="256,163,314,257" oya="3" hai0="129,39,77,4,15,133,104,95,21,24,81,71,47" hai1="55,82,41,67,73,78,57,80,53,126,44,120,99" hai2="121,101,75,117,64,84,87,20,94,56,7,45,93" hai3="111,134,119,130,109,48,40,27,58,132,96,0,86"/><W33/><G119/><T125/><D104/><U68/><E126/><V16/><F75/><W34/><G0/><T10/><D71/><U2/><E120/><V76/><F121/><W65/><G130/><T25/><D125/><U131/><E131/><V116/><F116/><W103/><G86/><N who="2" m="32809" /><F117/><W30/><G33/><T62/><D129/><U18/><E82/><V102/><F7/><W127/><G127/><T92/><D25/><U28/><E28/><V5/><F5/><W69/><G40/><T13/><D13/><U123/><E123/><V59/><F45/><W42/><G42/><T79/><D79/><U32/><E32/><V43/><F43/><W122/><G122/><T35/><D39/><U12/><E2/><V52/><F64/><W36/><G36/><T114/><D47/><U118/><E118/><V128/><F76/><W135/><G48/><T22/><D133/><U90/><E68/><V89/><F59/><W3/><G58/><T112/><D35/><U63/><E99/><N who="2" m="57775" /><F94/><N who="3" m="58775" /><G3/><T83/><D62/><AGARI ba="1,1" hai="27,30,34,62,65,69,109,111,132,134,135" m="58775" machi="62" ten="40,2000,0" yaku="20,1" doraHai="70" who="3" fromWho="0" sc="256,-23,163,0,314,0,257,33" /><INIT seed="3,2,0,3,2,29" ten="233,163,314,290" oya="3" hai0="98,46,41,71,96,35,125,28,59,52,31,55,56" hai1="84,12,18,129,95,92,14,87,109,73,75,2,128" hai2="6,26,68,77,110,102,118,103,132,25,74,43,85" hai3="130,105,0,5,113,106,15,62,39,13,133,44,16"/><W58/><G113/><T107/><D71/><U11/><E11/><V127/><F74/><W1/><G13/><T33/><D107/><U17/><REACH who="1" step="1"/><E2/><REACH who="1" ten="233,153,314,290" step="2"/><V101/><F118/><W32/><G0/><T131/><D131/><U4/><E4/><V99/><F6/><W72/><G1/><T51/><D125/><U53/><E53/><V126/><F126/><W57/><G5/><T47/><D51/><U122/><E122/><V54/><F54/><W48/><G130/><T123/><D41/><U124/><E124/><V24/><F43/><W81/><G48/><T27/><D27/><U8/><E8/><V22/><F25/><W45/><G15/><T91/><D91/><U80/><E80/><V42/><F26/><W49/><G81/><T114/><D114/><U100/><E100/><V108/><F42/><W60/><G49/><T76/><D76/><U115/><E115/><V36/><F102/><W94/><G39/><T117/><D117/><U9/><E9/><V78/><F103/><W88/><G62/><T61/><D123/><U121/><E121/><V37/><F37/><W83/><G83/><T90/><D90/><U34/><E34/><V86/><F36/><W19/><G60/><AGARI ba="2,1" hai="28,31,33,35,46,47,52,55,56,59,60,61,96,98" machi="60" ten="25,8000,1" yaku="22,2,52,2,54,1" doraHai="29" who="0" fromWho="3" sc="233,96,153,0,314,0,290,-86" owari="329,42.9,153,-34.7,314,11.4,204,-19.6" /></mjloggm>