<mjloggm ver="2.3"><GO type="225" lobby="0"/><UN n0="%E3%82%B7%E3%83%B3%E5%A4%AA%E6%9C%97" n1="%33%74%72%65%65" n2="%E6%B4%BE%E9%81%A3%E3%81%AE%E3%82%B8%E3%83%A3%E3%83%83%E3%82%AF" n3="%E8%B6%85%E7%B4%9A%E9%B3%B3%E5%87%B0" dan="16,16,17,16" rate="2118.12,2109.68,2225.00,2192.00" sx="M,F,M,F"/><TAIKYOKU oya="0"/><INIT seed="0,0,0,0,0,110" ten="250,250,250,250" oya="0" hai0="79,47,128,64,80,81,91,35,65,95,29,36,127" hai1="63,6,111,126,14,56,11,104,5,54,73,34,24" hai2="52,75,70,71,117,22,121,59,82,19,105,92,93" hai3="32,86,57,58,26,49,40,13,42,132,67,134,118"/><T69/><D128/><U112/><E111/><V2/><F121/><W43/><G118/><T33/><D127/><U46/><E126/><V85/><F105/><W101/><G101/><T90/><D69/><U7/><E104/><V119/><F2/><W16/><G86/><T94/><D29/><U3/><E73/><V114/><F114/><W38/><G38/><T39/><REACH who="0" step="1"/><D47/><REACH who="0" ten="240,250,250,250" step="2"/><U53/><E112/><V99/><F71/><W116/><G116/><T51/><D51/><U15/><E3/><V44/><F70/><W23/><G49/><T89/><D89/><U88/><E46/><V83/><F44/><W72/><G58/><T50/><D50/><U4/><E88/><N who="2" m="53263" /><F119/><W131/><G131/><T66/><D66/><U122/><E122/><V97/><F117/><W61/><G132/><T55/><D55/><U18/><E53/><V17/><F52/><W68/><G134/><T30/><D30/><U9/><E34/><V78/><F59/><W96/><G68/><T120/><D120/><U8/><REACH who="1" step="1"/><E24/><REACH who="1" ten="240,240,250,250" step="2"/><V124/><F124/><W45/><G45/><T27/><D27/><U76/><E76/><AGARI ba="0,2" hai="33,35,36,39,64,65,76,79,80,81,90,91,94,95" machi="76" ten="25,4800,0" yaku="1,1,22,2,53,0" doraHai="110" doraHaiUra="108" who="0" fromWho="1" sc="240,68,240,-48,250,0,250,0" /><INIT seed="0,1,0,3,5,77" ten="308,192,250,250" oya="0" hai0="60,67,41,40,33,71,69,90,8,58,57,36,51" hai1="73,63,110,127,131,85,32,55,107,2,106,78,25" hai2="74,89,105,66,97,11,26,111,93,39,13,31,104" hai3="103,64,92,116,14,34,101,43,38,129,135,30,1"/><T134/><D33/><U118/><E118/><V121/><F121/><W35/><G116/><T21/><D21/><U0/><E85/><V133/><F39/><W128/><G1/><T22/><D22/><U115/><E55/><V108/><F66/><W18/><G135/><T27/><D27/><U86/><E86/><V28/><F74/><W132/><G132/><T130/><D8/><U49/><E49/><V47/><F47/><N who="3" m="24055" /><G64/><T119/><D90/><U46/><E46/><V96/><F133/><W16/><G35/><T20/><D20/><U52/><E110/><N who="2" m="42027" /><F26/><N who="3" m="18775" /><G92/><T45/><D119/><U87/><E87/><V7/><F104/><W79/><G79/><T3/><D3/><U84/><E84/><V113/><F113/><W4/><G4/><T81/><D134/><U102/><E107/><V83/><F105/><W65/><G65/><T91/><D130/><N who="3" m="50281" /><G14/><T9/><D9/><U95/><E2/><V17/><F7/><W29/><G29/><N who="2" m="11337" /><F97/><W122/><G122/><T125/><D67/><U37/><E0/><V100/><F100/><AGARI ba="1,0" hai="16,18,100,101,103" m="50281,18775,24055" machi="100" ten="30,2000,0" yaku="19,1,54,1" doraHai="77" who="3" fromWho="2" sc="308,0,192,0,250,-23,250,23" /><INIT seed="1,0,0,1,2,88" ten="308,192,227,273" oya="1" hai0="74,81,32,111,43,22,113,28,110,107,14,8,31" hai1="10,61,0,127,95,23,85,73,92,11,56,33,12" hai2="70,89,117,29,50,129,87,45,65,118,21,91,98" hai3="86,38,41,62,69,71,109,122,35,4,26,132,82"/><U106/><E73/><V63/><F129/><W36/><G122/><T116/><D107/><U99/><E33/><V19/><F29/><W72/><G109/><N who="0" m="41483" /><D116/><U97/><E106/><V120/><F120/><W78/><G132/><T55/><D43/><U93/><E85/><V40/><F98/><N who="1" m="37385" /><E0/><V54/><F40/><W130/><G130/><T108/><D113/><U47/><E47/><V121/><F89/><W84/><G4/><T128/><D128/><U105/><E105/><V102/><F102/><W77/><G41/><T18/><D32/><U15/><E127/><V3/><F3/><W125/><G125/><T133/><D133/><U48/><E48/><V6/><F6/><W67/><G69/><T51/><D108/><U53/><E23/><V7/><F7/><W1/><G1/><T66/><D66/><U124/><E124/><V114/><F114/><W30/><REACH who="3" step="1"/><G72/><REACH who="3" ten="308,192,227,263" step="2"/><T134/><D134/><U2/><E2/><V104/><F121/><W79/><G79/><N who="0" m="44279" /><D8/><AGARI ba="0,1" hai="8,10,11,12,15,53,56,61,92,93,95" m="37385" machi="8" ten="30,11600,0" yaku="8,1,52,3" doraHai="88" who="1" fromWho="0" sc="308,-116,192,126,227,0,263,0" /><INIT seed="1,1,0,1,2,5" ten="192,318,227,263" oya="1" hai0="44,104,12,130,128,15,135,6,96,129,9,2,34" hai1="87,94,84,81,113,35,20,76,112,45,106,91,99" hai2="105,55,33,32,59,107,109,120,64,100,74,118,23" hai3="37,24,0,51,80,58,125,110,53,4,11,14,60"/><U39/><E35/><V67/><F120/><W46/><G110/><T10/><D135/><U26/><E39/><V133/><F118/><W75/><G125/><T73/><D73/><U114/><E45/><V70/><F133/><W65/><G37/><T30/><D44/><U21/><E21/><V82/><F109/><W50/><G51/><T103/><D34/><U102/><E20/><V62/><F67/><W90/><G24/><T49/><D30/><U17/><E26/><V98/><F105/><W57/><G0/><T66/><D66/><U8/><E8/><N who="0" m="3177" /><D49/><U3/><E17/><V68/><F68/><W54/><G75/><T41/><D41/><U115/><E115/><V108/><F108/><W132/><G132/><T71/><D71/><U93/><E3/><V124/><F124/><W88/><REACH who="3" step="1"/><G80/><AGARI ba="1,0" hai="76,80,81,84,87,91,93,94,99,102,106,112,113,114" machi="80" ten="40,7700,0" yaku="34,3" doraHai="5" who="1" fromWho="3" sc="192,0,318,80,227,0,263,-80" /><INIT seed="1,2,0,1,4,30" ten="192,398,227,183" oya="1" hai0="14,113,15,84,40,104,122,126,43,69,54,77,57" hai1="27,31,110,99,38,23,74,128,56,103,53,0,3" hai2="80,117,132,22,83,75,49,64,133,35,18,115,109" hai3="7,88,134,73,81,59,105,125,100,89,120,101,62"/><U16/><E128/><V58/><F117/><W114/><G120/><T98/><D122/><U37/><E74/><V111/><F115/><W79/><G114/><T91/><D126/><U94/><E110/><N who="2" m="41995" /><F35/><W78/><G125/><T131/><D69/><U90/><E0/><V2/><F2/><W68/><G68/><T55/><D113/><U45/><E3/><V32/><F32/><W71/><G71/><T29/><D29/><U46/><E38/><V41/><F75/><W70/><G70/><T119/><D119/><U121/><E121/><V20/><F20/><W28/><G28/><T33/><D33/><U116/><E116/><V72/><F72/><W95/><G7/><T42/><D77/><N who="3" m="29193" /><G59/><T82/><D131/><U130/><E130/><V96/><F96/><N who="3" m="61575" /><G62/><T4/><D4/><U97/><E37/><V108/><N who="2" m="42003" /><V50/><DORA hai="65" /><F41/><W51/><G51/><N who="2" m="19465" /><F58/><W124/><G124/><T102/><REACH who="0" step="1"/><D54/><REACH who="0" ten="182,398,227,183" step="2"/><U26/><E31/><V67/><F67/><W52/><G52/><T106/><D106/><U34/><E53/><V1/><F64/><W127/><G127/><T21/><D21/><U17/><E23/><V107/><F107/><W48/><G134/><N who="2" m="51817" /><F1/><W76/><G48/><AGARI ba="2,1" hai="14,15,40,42,43,48,55,57,82,84,91,98,102,104" machi="48" ten="40,2600,0" yaku="1,1,53,1" doraHai="30,65" doraHaiUra="93,118" who="0" fromWho="3" sc="182,42,398,0,227,0,183,-32" /><INIT seed="2,0,0,0,2,76" ten="224,398,227,151" oya="2" hai0="23,97,32,5,3,34,105,133,82,0,77,67,47" hai1="89,99,100,10,127,51,11,43,110,40,70,83,7" hai2="36,93,49,102,91,135,74,118,81,35,125,61,54" hai3="58,14,45,37,26,38,123,42,88,63,59,57,13"/><V33/><F118/><W24/><G123/><T86/><D133/><U56/><E70/><V41/><F135/><W25/><G63/><T103/><D67/><U55/><E110/><V80/><F125/><W2/><G2/><T52/><D23/><U115/><E115/><V84/><F74/><W22/><G22/><T106/><D106/><U18/><E127/><V87/><F36/><W79/><G79/><T44/><D44/><U121/><E121/><V72/><F72/><W129/><G129/><T19/><D19/><U8/><E18/><V50/><F33/><W116/><G116/><T111/><D111/><U16/><E7/><V48/><F35/><W68/><G68/><T104/><D104/><U4/><E4/><V1/><F1/><W96/><REACH who="3" step="1"/><G38/><REACH who="3" ten="224,398,227,141" step="2"/><T17/><D3/><U94/><E8/><V30/><F30/><W46/><G46/><T27/><D0/><U66/><E10/><V15/><F15/><W122/><G122/><T130/><D130/><U65/><E65/><V71/><F71/><W12/><G12/><T21/><D32/><U20/><E66/><V113/><F113/><W114/><G114/><T64/><D34/><U98/><E11/><V109/><F109/><W6/><G6/><T85/><D5/><U126/><E126/><V128/><F128/><W90/><G90/><T53/><D64/><U28/><E89/><N who="2" m="51343" /><F61/><W124/><G124/><T69/><D69/><U108/><E108/><V62/><F62/><W39/><G39/><T92/><D47/><U73/><E28/><V95/><F91/><W132/><G132/><T31/><D31/><RYUUKYOKU ba="0,1" sc="224,15,398,-15,227,-15,141,15" hai0="17,21,27,52,53,77,82,85,86,92,97,103,105" hai3="13,14,24,25,26,37,42,45,57,58,59,88,96" /><INIT seed="3,1,1,5,1,36" ten="239,383,212,156" oya="3" hai0="79,30,58,121,35,110,96,83,127,103,59,1,98" hai1="116,87,3,101,25,52,132,21,88,11,70,55,89" hai2="2,31,109,84,7,5,67,38,124,114,60,57,42" hai3="44,28,93,49,20,4,24,129,68,62,56,37,69"/><W34/><G129/><T8/><D121/><U61/><E132/><V97/><F114/><W120/><G120/><T47/><D127/><U14/><E116/><V15/><F2/><W100/><G37/><T82/><D110/><U91/><E3/><V23/><F109/><W22/><G4/><T26/><D98/><U45/><E101/><V102/><F124/><W107/><G107/><T71/><D71/><U9/><E70/><V104/><F84/><W65/><G34/><T108/><D108/><U54/><E61/><V18/><REACH who="2" step="1"/><F31/><REACH who="2" ten="239,383,202,156" step="2"/><W74/><G74/><T128/><D128/><U130/><E87/><V40/><F40/><N who="3" m="24711" /><G20/><T41/><D1/><U81/><E21/><V33/><F33/><W113/><G113/><T0/><D0/><U135/><E130/><V13/><F13/><W76/><G76/><T126/><D126/><U133/><E14/><V95/><F95/><W16/><G16/><T66/><D83/><U119/><E81/><V123/><F123/><W72/><G72/><T43/><D82/><U32/><E32/><V92/><F92/><W78/><G78/><T131/><D79/><U80/><E80/><V90/><F90/><W17/><G17/><T48/><D131/><U85/><E91/><V51/><F51/><W94/><G94/><N who="0" m="58775" /><D41/><U10/><E133/><V117/><F117/><W50/><G50/><T6/><D6/><U112/><E135/><V12/><F12/><W64/><G64/><T86/><D66/><U77/><E112/><V134/><F134/><W75/><G75/><T63/><D48/><U106/><E77/><V118/><F118/><RYUUKYOKU ba="1,2" sc="239,-15,383,-15,202,15,156,15" hai2="5,7,15,18,23,38,42,57,60,67,97,102,104" hai3="22,24,28,56,62,65,68,69,93,100" /><INIT seed="3,2,2,3,1,11" ten="224,368,217,171" oya="3" hai0="25,90,59,22,10,0,115,6,36,9,119,17,19" hai1="95,120,63,102,57,1,8,123,80,109,108,33,37" hai2="24,124,89,15,41,39,74,55,67,53,111,56,103" hai3="32,126,16,60,94,128,87,5,133,114,105,81,84"/><W30/><G114/><T45/><D119/><U118/><E33/><V101/><F74/><W82/><G105/><T79/><D115/><U107/><E37/><V52/><F111/><N who="1" m="42569" /><E80/><N who="3" m="30826" /><G32/><T112/><D112/><U27/><E27/><V116/><F116/><W106/><G106/><T20/><D79/><U72/><E72/><V98/><F124/><W127/><G128/><T132/><D132/><U34/><E34/><V70/><F70/><W135/><G30/><T46/><D36/><U58/><E58/><V85/><F41/><W104/><G104/><T61/><D90/><U131/><E107/><V122/><F39/><W13/><G5/><T38/><D10/><U129/><E118/><V48/><F122/><N who="1" m="46633" /><E8/><V99/><F24/><W86/><G94/><T12/><D38/><U29/><E29/><V14/><F67/><AGARI ba="2,2" hai="0,6,9,12,17,19,20,22,25,45,46,59,61,67" machi="67" ten="30,2000,0" yaku="7,1,52,1" doraHai="11" who="0" fromWho="2" sc="224,46,368,0,217,-26,171,0" owari="270,7.0,368,46.8,191,-20.9,171,-32.9" /></mjloggm>