<mjloggm ver="2.3"><GO type="225" lobby="0"/><UN n0="%E3%80%93%E3%81%97%E3%83%BC%E3%82%89%E3%80%93" n1="%E3%81%B5%E3%81%98%E3%81%8B%E3%81%A4" n2="%E3%81%BF%E3%81%BF%E3%81%9A" n3="%6D%75%75%73%61%6E%6D%75" dan="16,17,17,16" rate="2104.14,2218.97,2270.78,2101.24" sx="M,M,M,F"/><TAIKYOKU oya="0"/><INIT seed="0,0,0,4,4,17" ten="250,250,250,250" oya="0" hai0="81,115,56,43,18,20,125,77,35,29,88,86,5" hai1="101,105,50,128,92,0,123,65,133,11,63,16,8" hai2="116,127,30,89,124,102,134,45,4,22,33,28,126" hai3="58,47,68,38,106,21,12,100,19,51,2,26,82"/><T75/><D115/><U14/><E123/><V121/><F102/><W39/><G68/><T42/><D125/><U64/><E133/><V57/><F134/><W108/><G2/><T91/><D5/><U85/><E105/><V131/><F121/><W6/><G108/><T97/><D35/><U135/><E135/><V96/><F131/><W113/><G113/><T83/><D29/><U10/><E128/><V87/><F96/><W90/><G58/><T61/><D97/><N who="1" m="59559" /><E0/><V118/><F4/><W114/><G114/><T78/><D78/><U117/><E117/><N who="2" m="45163" /><F33/><W70/><G70/><T132/><D91/><U104/><E104/><V74/><F74/><W60/><G106/><T62/><D132/><U69/><E69/><V67/><F45/><W40/><G100/><T3/><D3/><U122/><E122/><V84/><F22/><W24/><G60/><T55/><REACH who="0" step="1"/><D62/><REACH who="0" ten="240,250,250,250" step="2"/><U72/><E63/><N who="2" m="38383" /><F84/><W15/><G6/><T99/><D99/><U94/><E85/><V54/><F54/><W59/><G19/><T25/><AGARI ba="0,1" hai="18,20,25,42,43,55,56,61,75,77,81,83,86,88" machi="25" ten="20,12000,1" yaku="1,1,0,1,7,1,52,1,54,1,53,0" doraHai="17" doraHaiUra="9" who="0" fromWho="0" sc="240,130,250,-40,250,-40,250,-40" /><INIT seed="0,1,0,5,2,21" ten="370,210,210,210" oya="0" hai0="51,69,53,115,13,116,76,107,19,8,9,18,75" hai1="7,14,35,81,113,0,33,129,73,126,32,12,103" hai2="4,16,86,74,79,62,71,70,94,100,25,88,43" hai3="23,30,93,29,128,40,104,45,61,3,39,99,119"/><T31/><D107/><U28/><E103/><V15/><F43/><W127/><G119/><T105/><D69/><U96/><E96/><V121/><F121/><W133/><G104/><T65/><D105/><U27/><E73/><V46/><F100/><W57/><G3/><T55/><D65/><U2/><E81/><V20/><F46/><W101/><G127/><T89/><D116/><U124/><E129/><V83/><REACH who="2" step="1"/><F62/><REACH who="2" ten="370,210,200,210" step="2"/><W49/><G128/><T78/><D115/><U91/><E113/><V22/><F22/><W5/><G23/><T87/><D75/><U68/><E68/><V123/><F123/><W120/><G120/><T64/><D9/><AGARI ba="1,1" hai="4,9,15,16,20,25,70,71,74,79,83,86,88,94" machi="9" ten="40,8000,1" yaku="1,1,52,1,54,2,53,0" doraHai="21" doraHaiUra="98" who="2" fromWho="0" sc="370,-83,210,0,200,93,210,0" /><INIT seed="1,0,0,0,2,25" ten="287,210,293,210" oya="1" hai0="11,92,117,33,2,86,64,89,47,107,44,77,28" hai1="61,68,91,29,6,83,121,17,71,65,120,85,5" hai2="34,72,63,60,40,119,105,57,133,74,10,110,126" hai3="127,59,118,24,52,98,111,36,131,7,93,84,69"/><U51/><E71/><V75/><F119/><W100/><G69/><T56/><D107/><U70/><E70/><V22/><F34/><W45/><G118/><T128/><D117/><U32/><E17/><V42/><F105/><W81/><G111/><T108/><D108/><U54/><E5/><V15/><F110/><W62/><G127/><T43/><D128/><U26/><REACH who="1" step="1"/><E6/><REACH who="1" ten="287,200,293,210" step="2"/><V46/><F126/><W9/><G131/><T20/><D2/><U130/><E130/><V13/><F13/><W3/><G24/><N who="0" m="16391" /><D11/><U129/><E129/><V14/><F14/><W106/><G7/><T21/><D33/><U102/><E102/><V96/><F10/><W94/><G9/><T19/><D19/><U112/><E112/><V90/><F15/><W135/><G3/><T99/><D21/><U79/><E79/><V8/><F22/><W30/><G30/><T113/><D113/><U116/><E116/><V122/><F8/><W31/><G31/><T73/><D77/><U53/><E53/><V101/><F101/><W66/><G135/><T39/><D43/><U49/><E49/><V23/><F133/><W0/><G0/><T50/><D50/><U125/><E125/><V104/><F23/><W80/><G52/><T134/><D134/><U109/><E109/><V1/><F1/><W38/><G38/><T67/><D39/><U103/><E103/><N who="2" m="62567" /><F40/><N who="3" m="22663" /><G106/><T88/><D67/><U95/><E95/><V78/><F78/><W4/><G4/><T82/><D73/><N who="2" m="28266" /><F42/><W37/><G37/><T41/><D41/><U114/><E114/><V87/><F75/><W76/><G76/><RYUUKYOKU ba="0,1" sc="287,10,200,10,293,-30,210,10" hai0="44,47,56,64,82,86,88,89,92,99" hai1="26,29,32,51,54,61,65,68,83,85,91,120,121" hai3="59,62,66,80,81,84,93,94,98,100" /><INIT seed="1,1,1,2,3,22" ten="297,210,263,220" oya="1" hai0="73,55,132,102,36,103,81,93,11,68,2,26,100" hai1="60,24,87,83,57,82,65,32,134,62,107,76,72" hai2="64,129,80,10,48,127,133,12,47,8,75,42,67" hai3="51,61,124,91,115,19,88,59,7,84,104,77,114"/><U120/><E120/><V126/><F129/><W109/><G104/><T108/><D68/><U25/><E107/><V79/><F133/><W15/><G109/><T94/><D36/><U45/><E134/><V121/><F8/><W85/><G124/><N who="2" m="47657" /><F121/><W9/><G51/><T54/><D108/><U74/><E32/><V13/><F13/><W50/><G50/><T112/><D112/><U118/><E118/><V101/><F101/><W21/><G85/><T3/><D132/><U46/><E72/><V131/><F131/><W4/><G77/><T96/><D11/><U6/><E6/><AGARI ba="1,1" hai="6,10,12,42,47,48,64,67,75,79,80" m="47657" machi="6" ten="30,1000,0" yaku="18,1" doraHai="22" who="2" fromWho="1" sc="297,0,210,-13,263,23,220,0" /><INIT seed="2,0,0,5,2,128" ten="297,197,286,220" oya="2" hai0="98,105,32,42,76,129,81,52,46,45,10,8,101" hai1="116,1,51,55,35,14,3,49,117,7,47,125,21" hai2="131,68,77,24,78,25,11,53,30,132,122,73,16" hai3="33,119,96,60,70,133,50,38,123,93,80,92,22"/><V23/><F122/><W134/><G33/><T4/><D32/><U104/><E104/><V13/><F131/><W48/><G123/><T107/><D129/><U118/><E35/><V109/><F68/><W127/><G38/><T99/><D52/><U106/><E106/><V65/><F65/><W44/><G119/><T58/><D58/><U43/><E125/><V94/><F109/><W95/><G127/><T72/><D46/><U2/><E21/><V120/><F120/><W71/><G96/><T111/><D111/><U74/><E74/><V83/><F78/><W56/><G80/><T124/><D124/><U115/><E115/><V5/><F94/><W135/><G22/><T15/><D10/><U121/><E121/><V66/><F66/><N who="3" m="39175" /><G50/><T17/><D17/><U88/><E88/><V114/><F114/><W63/><G63/><T67/><D67/><U26/><E26/><V82/><F82/><W40/><AGARI ba="0,0" hai="40,44,48,70,71,92,93,95,133,134,135" m="39175" machi="40" ten="40,8000,1" yaku="20,1,52,3" doraHai="128" who="3" fromWho="3" sc="297,-20,197,-20,286,-40,220,80" /><INIT seed="3,0,0,0,5,85" ten="277,177,246,300" oya="3" hai0="48,92,81,45,119,120,1,78,69,128,52,135,59" hai1="11,100,99,5,53,44,84,113,62,50,96,91,68" hai2="102,30,72,47,110,117,46,13,8,12,134,4,112" hai3="98,126,2,38,133,42,36,10,26,60,82,101,106"/><W93/><G133/><T79/><D69/><U27/><E113/><V107/><F117/><W70/><G42/><T103/><D1/><U66/><E100/><V49/><F72/><W21/><G82/><T58/><D119/><U115/><E27/><V108/><F112/><W111/><G126/><T80/><D120/><U6/><E115/><V63/><F134/><W51/><G51/><T56/><D128/><U15/><REACH who="1" step="1"/><E5/><REACH who="1" ten="277,167,246,300" step="2"/><V87/><F102/><W104/><G26/><T43/><D135/><U88/><E88/><V118/><F118/><W9/><G101/><T29/><D103/><U65/><E65/><V77/><F107/><W67/><G104/><T73/><D79/><U14/><E14/><V24/><F13/><W105/><G106/><T114/><D114/><U22/><E22/><V37/><F24/><W16/><G105/><T132/><D132/><U61/><E61/><V17/><F63/><W123/><G60/><T122/><D78/><U28/><E28/><V130/><F30/><W97/><G67/><T23/><D29/><U89/><E89/><V83/><F130/><W64/><G64/><T34/><D23/><U127/><E127/><V116/><F116/><W54/><G21/><T71/><D34/><U75/><E75/><V32/><F32/><W55/><G123/><T20/><D122/><U90/><E90/><V125/><F125/><W41/><G2/><T40/><D73/><U39/><E39/><V33/><F33/><W0/><G38/><T31/><D31/><U18/><E18/><V94/><F17/><W7/><G0/><T74/><D74/><RYUUKYOKU ba="0,1" sc="277,-10,167,30,246,-10,300,-10" hai1="6,11,15,44,50,53,62,66,68,84,91,96,99" /><INIT seed="4,1,1,0,4,25" ten="267,197,236,290" oya="0" hai0="121,48,33,9,60,44,23,58,67,26,119,45,38" hai1="16,1,57,111,37,105,30,32,34,96,7,118,51" hai2="43,24,5,95,10,94,86,90,65,104,108,0,81" hai3="54,31,42,75,85,20,120,78,21,22,4,99,116"/><T73/><D73/><U17/><E118/><V71/><F108/><W18/><G116/><T129/><D119/><U15/><E37/><V27/><F104/><W52/><G75/><T89/><D33/><U92/><E105/><V113/><F113/><W127/><G127/><T2/><D121/><U125/><E125/><V117/><F117/><W72/><G72/><T19/><D129/><U64/><E111/><V101/><F43/><W29/><G120/><T79/><D79/><U61/><E51/><V106/><F106/><W3/><G3/><T83/><D38/><U69/><E69/><V55/><F55/><N who="3" m="21035" /><G4/><T80/><D89/><U68/><E68/><V126/><F24/><N who="3" m="14359" /><G42/><T28/><D2/><U91/><E1/><V63/><F101/><W134/><G99/><T102/><D102/><U8/><REACH who="1" step="1"/><E34/><REACH who="1" ten="267,187,236,290" step="2"/><V88/><F126/><W14/><G134/><T110/><D110/><U82/><E82/><N who="0" m="31273" /><D48/><U41/><E41/><V133/><F133/><W135/><G135/><T100/><D100/><U50/><E50/><V132/><F132/><W49/><G49/><T11/><D11/><U59/><E59/><V76/><F76/><W53/><G78/><T103/><D103/><U124/><E124/><V122/><F122/><W13/><G22/><N who="0" m="15447" /><D9/><U6/><E6/><V115/><F115/><W87/><G21/><T36/><D36/><U112/><E112/><V131/><F131/><W128/><G128/><T66/><D66/><U84/><E84/><N who="3" m="32330" /><G53/><T74/><D74/><U114/><E114/><V130/><F130/><W46/><G46/><N who="0" m="18027" /><D23/><U39/><E39/><V70/><F81/><RYUUKYOKU ba="1,2" sc="267,10,187,10,236,-30,290,10" hai0="19,58,60,67" hai1="7,8,15,16,17,30,32,57,61,64,91,92,96" hai3="13,14,29,31" /><INIT seed="4,2,2,3,4,75" ten="277,197,206,300" oya="0" hai0="18,23,49,54,72,120,97,85,59,52,2,134,47" hai1="80,31,118,108,32,28,40,20,64,98,79,111,4" hai2="105,56,93,129,83,77,84,29,24,94,88,102,66" hai3="16,37,126,33,95,22,44,63,21,128,116,81,78"/><T45/><D72/><U1/><E118/><V65/><F129/><W135/><G33/><T73/><D73/><U125/><E64/><V41/><F41/><W6/><G116/><T133/><D2/><U9/><E98/><N who="2" m="59727" /><F105/><W38/><G6/><T109/><D120/><U39/><E125/><V124/><F124/><W107/><G107/><T112/><D112/><U35/><E20/><N who="2" m="15495" /><F56/><W67/><G126/><T3/><D3/><U104/><E104/><V113/><F113/><W121/><G121/><T130/><D130/><U92/><E92/><V11/><F11/><W119/><G128/><T115/><D115/><U25/><E31/><V48/><F48/><W106/><G22/><T62/><D97/><AGARI ba="2,2" hai="65,66,77,83,84,88,94,97" m="15495,59727" machi="97" ten="30,3900,0" yaku="8,1,52,1,54,1" doraHai="75" who="2" fromWho="0" sc="277,-45,197,0,206,65,300,0" owari="232,-16.8,197,-30.3,271,7.1,300,40.0" /></mjloggm>