<mjloggm ver="2.3"><GO type="225" lobby="0"/><UN n0="%E5%A0%80%E5%B7%9D%E9%9B%B7%E9%BC%93" n1="%E6%80%AA%E3%81%97%E3%81%99%E3%81%8E%E3%82%8B%E3%83%81%E3%83%BC" n2="%72%61%6B%33" n3="%E3%81%A9%E3%82%8F%E3%82%93%E3%81%94" dan="16,16,16,16" rate="2010.59,2104.39,2222.26,2195.86" sx="F,M,M,M"/><TAIKYOKU oya="0"/><INIT seed="0,0,0,3,1,13" ten="250,250,250,250" oya="0" hai0="34,5,121,50,117,71,77,122,12,133,69,41,123" hai1="106,37,48,25,81,36,52,74,109,45,15,54,92" hai2="22,39,56,114,59,116,94,18,65,110,127,105,63" hai3="96,24,113,76,19,4,3,62,104,35,46,97,70"/><T111/><D77/><U91/><E106/><V107/><F114/><W79/><G113/><T7/><D117/><U131/><E109/><V40/><F110/><W83/><G46/><T85/><D111/><U72/><E131/><V90/><F127/><W23/><G104/><T26/><D133/><U10/><E25/><V57/><F116/><W126/><G126/><T134/><D134/><U9/><E54/><V68/><F40/><W118/><G118/><T130/><D130/><U43/><E10/><V14/><REACH who="2" step="1"/><F39/><REACH who="2" ten="250,250,240,250" step="2"/><W112/><G112/><T95/><D121/><U82/><E37/><V99/><AGARI ba="0,1" hai="14,18,22,56,57,59,63,65,68,90,94,99,105,107" machi="99" ten="30,8000,1" yaku="1,1,2,1,0,1,52,1,53,1" doraHai="13" doraHaiUra="60" who="2" fromWho="2" sc="250,-40,250,-20,240,90,250,-20" /><INIT seed="1,0,0,4,4,35" ten="210,230,330,230" oya="1" hai0="91,2,0,30,3,97,29,120,95,71,38,26,111" hai1="44,74,17,23,134,24,4,56,119,81,34,96,42" hai2="69,125,115,83,67,27,131,106,51,32,107,79,12" hai3="7,132,18,31,126,85,14,49,53,122,10,130,11"/><U124/><E119/><V77/><F51/><W99/><G132/><T116/><D116/><U87/><E134/><V64/><F12/><W108/><G108/><T63/><D38/><U75/><E124/><V82/><F32/><W61/><G130/><T55/><D111/><U19/><E4/><V98/><F27/><W76/><G126/><T68/><D120/><U78/><E34/><V48/><F48/><W104/><G61/><T118/><D118/><U59/><E19/><V105/><F69/><W22/><G122/><T36/><D36/><U20/><E20/><V73/><F125/><W123/><G123/><T9/><D9/><U25/><E25/><V41/><F41/><W133/><G133/><T92/><D92/><U16/><E17/><V43/><F43/><W94/><G104/><N who="2" m="40041" /><F64/><W117/><G117/><T33/><REACH who="0" step="1"/><D30/><REACH who="0" ten="200,230,330,230" step="2"/><U100/><E75/><N who="2" m="43327" /><F131/><W110/><G31/><T129/><D129/><U72/><E74/><V128/><F128/><W15/><G110/><T39/><D39/><U88/><E72/><V70/><F107/><W66/><G11/><T28/><D28/><U5/><E81/><V54/><F83/><W103/><G10/><T45/><D45/><U80/><E44/><V52/><F73/><W121/><G121/><T57/><AGARI ba="0,1" hai="0,2,3,26,29,33,55,57,63,68,71,91,95,97" machi="57" ten="40,8000,1" yaku="1,1,0,1,52,3,53,0" doraHai="35" doraHaiUra="60" who="0" fromWho="0" sc="200,90,230,-40,330,-20,230,-20" /><INIT seed="2,0,0,5,4,6" ten="290,190,310,210" oya="2" hai0="78,134,82,132,25,22,101,5,61,17,88,16,33" hai1="56,131,99,42,111,57,87,60,123,69,27,0,2" hai2="125,86,63,36,93,34,18,12,135,94,103,48,97" hai3="8,1,45,85,13,76,75,64,79,73,91,133,46"/><V81/><F36/><W77/><G133/><N who="0" m="51307" /><D33/><U106/><E111/><V9/><F135/><W32/><G1/><T104/><D5/><U115/><E115/><V39/><F39/><W20/><G32/><T112/><D112/><U40/><E131/><V108/><F108/><W7/><G64/><T14/><D61/><U15/><E123/><V96/><F125/><W38/><G20/><T105/><D101/><U72/><E72/><V121/><F34/><W122/><G122/><T100/><D100/><U74/><E74/><V83/><F121/><W92/><REACH who="3" step="1"/><G45/><REACH who="3" ten="290,190,310,200" step="2"/><T102/><D102/><U90/><E2/><V114/><F114/><W23/><G23/><N who="0" m="13543" /><D88/><U44/><E90/><V130/><F103/><W126/><G126/><T80/><D80/><U118/><E0/><V37/><F81/><W68/><G68/><T128/><D128/><U31/><E69/><V116/><F83/><W43/><AGARI ba="0,1" hai="7,8,13,38,43,46,73,75,76,77,79,85,91,92" machi="43" ten="30,4000,0" yaku="1,1,0,1,52,1,53,0" doraHai="6" doraHaiUra="119" who="3" fromWho="3" sc="290,-10,190,-10,310,-20,200,50" /><INIT seed="3,0,0,2,3,106" ten="280,180,290,250" oya="3" hai0="124,70,23,6,72,41,47,17,121,98,0,134,1" hai1="30,85,58,18,82,109,13,34,96,114,12,78,87" hai2="92,62,117,74,112,10,49,95,60,68,83,67,120" hai3="25,14,116,90,20,93,125,81,5,29,113,104,75"/><W69/><G116/><T27/><D121/><U26/><E114/><V126/><F112/><W103/><G113/><T31/><D70/><U40/><E109/><V45/><F117/><W37/><G37/><T44/><D134/><U86/><E40/><V51/><F120/><W100/><G69/><T4/><D124/><U88/><E58/><V36/><F36/><W57/><G104/><T56/><D72/><U32/><E32/><V2/><F60/><W9/><G125/><T7/><D56/><U73/><REACH who="1" step="1"/><E18/><REACH who="1" ten="280,170,290,250" step="2"/><V119/><F126/><W122/><G122/><T129/><D41/><U46/><E46/><V52/><F119/><W115/><G115/><T42/><D42/><U127/><E127/><V135/><F135/><W53/><G57/><T64/><D44/><U102/><E102/><V22/><F49/><W110/><G110/><T91/><D47/><U38/><E38/><V77/><REACH who="2" step="1"/><F22/><REACH who="2" ten="280,170,280,250" step="2"/><W105/><G20/><T3/><D64/><U59/><E59/><V35/><F35/><W39/><G39/><T94/><REACH who="0" step="1"/><D129/><REACH who="0" ten="270,170,280,250" step="2"/><U131/><E131/><V130/><F130/><W99/><G53/><T97/><D97/><U50/><E50/><V111/><F111/><W54/><G54/><T118/><D118/><U24/><E24/><V89/><F89/><W43/><G25/><T11/><D11/><U108/><E108/><V33/><F33/><W16/><G9/><T123/><D123/><U76/><E76/><V132/><F132/><W65/><G99/><T19/><AGARI ba="0,3" hai="0,1,3,4,6,7,17,19,23,27,31,91,94,98" machi="19" ten="40,2700,0" yaku="1,1,0,1,53,0" doraHai="106" doraHaiUra="8" who="0" fromWho="0" sc="270,57,170,-7,280,-7,250,-13" owari="327,42.7,163,-33.7,273,7.3,237,-16.3" /></mjloggm>