<mjloggm ver="2.3"><GO type="225" lobby="0"/><UN n0="%77%72%77%72%77%72%77%72" n1="%E3%81%BF%E3%81%BF%E3%81%9A" n2="%72%69%6F%75%63%68%61%6E" n3="%E5%8D%A0%E3%81%84%E5%B8%AB%E8%A3%8F%E3%81%AA%E3%81%84%E3%81%97" dan="17,18,16,17" rate="2184.93,2269.02,2202.20,2191.69" sx="M,M,M,M"/><TAIKYOKU oya="0"/><INIT seed="0,0,0,3,2,48" ten="250,250,250,250" oya="0" hai0="38,27,119,122,117,36,99,34,59,76,131,9,65" hai1="70,77,89,19,10,98,69,46,120,62,24,112,51" hai2="94,13,39,81,129,106,111,74,110,58,33,128,41" hai3="101,72,29,32,104,26,115,4,109,50,85,130,49"/><T123/><D76/><U83/><E120/><N who="0" m="46121" /><D99/><U52/><E112/><V97/><F33/><W43/><G72/><T108/><D9/><U11/><E70/><V8/><F106/><W42/><G109/><N who="2" m="41481" /><F41/><W30/><G115/><T37/><D27/><U95/><E69/><V57/><F39/><W96/><G130/><N who="2" m="50281" /><F81/><W53/><G29/><T118/><D34/><U116/><E116/><V18/><F74/><W93/><G4/><T55/><D131/><U47/><E62/><V124/><F124/><W21/><G32/><T114/><D108/><U88/><E46/><V7/><F18/><W84/><G104/><T16/><D16/><U127/><E127/><V61/><F61/><W1/><G1/><T17/><D17/><U35/><E89/><AGARI ba="0,0" hai="7,8,13,57,58,89,94,97" m="50281,41481" machi="89" ten="30,2000,0" yaku="14,1,19,1" doraHai="48" who="2" fromWho="1" sc="250,0,250,-20,250,20,250,0" /><INIT seed="1,0,0,4,3,36" ten="250,230,270,250" oya="1" hai0="22,14,32,61,100,121,117,118,66,40,96,15,69" hai1="67,130,74,25,6,99,48,68,43,13,60,114,112" hai2="78,84,42,56,34,133,27,131,65,71,19,122,49" hai3="35,64,109,97,80,79,123,52,104,98,30,3,41"/><U45/><E130/><V17/><F122/><W120/><G123/><T102/><D121/><U24/><E74/><V26/><F131/><W33/><G3/><T50/><D32/><U1/><E1/><V87/><F133/><W101/><G109/><T18/><D100/><U70/><E70/><V0/><F0/><W115/><G115/><T75/><D75/><U55/><E99/><V44/><F71/><W132/><G64/><T77/><D77/><U86/><E112/><V105/><F105/><W57/><G132/><T113/><D113/><U59/><E114/><V63/><F87/><W106/><G30/><T76/><D76/><U20/><E86/><V85/><F84/><W5/><G5/><T12/><D50/><U31/><E24/><N who="2" m="9259" /><F34/><W127/><G127/><T62/><D40/><U39/><E6/><V129/><F129/><W72/><G41/><T135/><D61/><U9/><E9/><V2/><F2/><W4/><G4/><T124/><D124/><U89/><REACH who="1" step="1"/><E13/><REACH who="1" ten="250,220,270,250" step="2"/><V11/><F11/><W126/><G120/><T110/><D135/><U10/><E10/><V91/><F78/><W21/><G126/><T92/><REACH who="0" step="1"/><D110/><REACH who="0" ten="240,220,270,250" step="2"/><U103/><E103/><V37/><F37/><W53/><G101/><T125/><D125/><U8/><E8/><V38/><F38/><W94/><G72/><T28/><D28/><U107/><E107/><V119/><F119/><AGARI ba="0,2" hai="12,14,15,18,22,62,66,69,92,96,102,117,118,119" machi="119" ten="40,2600,0" yaku="1,1,53,1" doraHai="36" doraHaiUra="58" who="0" fromWho="2" sc="240,46,220,0,270,-26,250,0" /><INIT seed="2,0,0,5,0,70" ten="286,220,244,250" oya="2" hai0="116,134,114,131,127,83,30,21,73,117,24,31,96" hai1="85,76,11,95,67,69,68,52,99,103,14,78,43" hai2="108,98,57,118,94,125,74,35,46,93,115,25,65" hai3="19,121,89,23,61,15,7,50,102,34,72,104,63"/><V13/><F115/><W44/><G121/><T48/><D114/><U75/><E43/><V55/><F118/><N who="0" m="45674" /><D131/><U16/><E75/><V40/><F125/><W132/><G72/><T42/><D127/><U5/><E67/><V90/><F74/><W37/><G34/><T58/><D134/><U17/><E68/><V8/><F108/><W135/><G104/><T105/><D73/><U60/><E69/><V20/><F35/><W126/><G102/><N who="0" m="62663" /><D83/><N who="1" m="47335" /><E78/><V82/><F65/><W27/><G126/><T0/><D0/><U4/><E4/><V109/><F109/><W122/><G122/><T12/><D12/><U112/><E112/><V62/><F82/><W26/><G7/><T66/><D42/><U110/><E110/><V79/><F79/><W33/><G15/><T59/><D66/><U1/><E1/><V51/><F94/><W100/><G132/><T18/><D58/><AGARI ba="0,0" hai="5,11,14,16,17,52,58,60,95,99,103" m="47335" machi="58" ten="30,3900,0" yaku="8,1,54,2" doraHai="70" who="1" fromWho="0" sc="286,-39,220,39,244,0,250,0" /><INIT seed="3,0,0,0,3,74" ten="247,259,244,250" oya="3" hai0="21,118,99,34,10,29,71,12,59,114,87,2,26" hai1="78,6,32,1,121,24,81,131,18,69,115,40,20" hai2="68,80,19,48,98,47,83,112,16,100,55,56,109" hai3="95,103,101,86,33,44,3,42,76,110,117,27,57"/><W43/><G117/><T91/><D71/><U45/><E121/><V126/><F112/><W8/><G110/><T11/><D99/><U17/><E115/><V54/><F68/><W30/><G43/><T122/><D114/><U38/><E131/><V90/><F126/><W79/><G57/><T84/><D122/><U41/><E69/><V9/><F109/><W51/><G86/><T61/><D118/><U66/><E66/><V106/><F9/><W15/><G3/><T134/><D134/><U39/><E32/><V7/><F7/><W133/><G133/><T58/><D34/><U64/><E64/><V130/><F130/><W85/><G95/><T65/><D2/><U113/><E113/><V127/><F127/><W96/><G96/><T49/><D91/><U116/><E116/><V93/><F106/><W22/><G33/><T46/><D10/><N who="1" m="2383" /><E40/><V25/><F100/><N who="3" m="38475" /><G85/><T132/><D58/><U28/><E39/><V105/><F105/><W120/><G120/><T72/><D72/><AGARI ba="0,0" hai="17,18,20,24,28,38,41,45,72,78,81" m="2383" machi="72" ten="30,2000,0" yaku="25,1,52,1" doraHai="74" who="1" fromWho="0" sc="247,-20,259,20,244,0,250,0" /><INIT seed="4,0,0,5,4,78" ten="227,279,244,250" oya="0" hai0="89,75,130,106,8,41,134,117,70,111,132,69,46" hai1="31,44,5,50,48,90,97,27,122,72,34,99,107" hai2="61,23,36,113,86,18,25,57,77,93,6,63,115" hai3="119,56,123,128,104,100,13,109,35,125,28,82,121"/><T81/><D117/><U1/><E122/><V129/><F129/><W95/><G119/><T94/><D130/><U118/><E118/><V88/><F36/><W51/><G128/><T64/><D106/><U116/><E72/><V131/><F131/><W45/><G104/><T29/><D29/><U102/><E116/><V40/><F40/><W22/><G35/><T84/><D111/><U17/><E99/><V10/><F77/><W42/><G125/><T68/><D8/><U85/><E17/><V43/><F43/><W9/><G109/><T124/><D124/><U114/><E114/><N who="2" m="43531" /><F57/><W14/><G56/><T16/><D16/><U38/><E38/><V32/><F32/><W19/><G28/><T39/><D75/><U12/><E1/><AGARI ba="0,0" hai="1,6,10,18,23,25,61,63,86,88,93" m="43531" machi="1" ten="30,2000,0" yaku="15,1,54,1" doraHai="78" who="2" fromWho="1" sc="227,0,279,-20,244,20,250,0" /><INIT seed="5,0,0,2,2,16" ten="227,259,264,250" oya="1" hai0="58,50,21,53,22,96,125,110,131,44,67,6,8" hai1="17,73,107,65,92,97,5,81,116,80,88,95,120" hai2="104,15,112,19,24,1,117,34,28,70,9,78,132" hai3="106,121,4,86,63,64,98,128,20,77,51,30,119"/><U41/><E116/><V93/><F104/><W32/><G121/><T13/><D110/><U39/><E120/><V25/><F70/><W90/><G128/><T76/><D131/><U99/><E107/><V47/><F117/><W66/><G119/><T75/><D125/><U105/><E105/><V14/><F132/><W38/><G38/><T113/><D113/><U40/><E5/><N who="2" m="1199" /><F93/><W126/><G4/><T43/><D67/><U18/><E65/><V60/><F47/><W103/><G126/><T54/><D96/><U100/><E73/><V26/><F60/><W12/><G51/><T109/><D109/><U3/><E3/><V114/><F78/><W89/><G77/><T31/><D31/><U94/><E94/><V108/><F14/><W72/><G12/><T45/><D76/><U129/><E129/><V82/><F82/><N who="1" m="31849" /><E39/><V91/><F91/><W52/><G89/><T46/><D75/><U23/><E18/><V85/><F85/><W48/><G72/><T10/><D10/><U122/><E122/><V68/><F68/><W101/><G64/><T29/><D29/><U71/><E71/><V134/><F134/><W130/><G66/><T127/><D127/><U102/><E100/><V7/><F7/><W37/><G103/><T55/><D43/><U36/><E36/><V56/><F56/><N who="3" m="32775" /><G37/><T118/><D118/><U135/><E135/><V42/><F42/><W57/><G130/><T0/><D0/><U115/><E115/><N who="2" m="44075" /><F108/><W49/><G106/><T84/><D84/><U124/><E124/><V27/><F19/><W59/><G86/><T123/><D123/><RYUUKYOKU ba="0,0" sc="227,10,259,10,264,10,250,-30" hai0="6,8,13,21,22,44,45,46,50,53,54,55,58" hai1="17,23,40,41,88,92,95,97,99,102" hai2="15,24,25,26,27,28,34" /><INIT seed="5,1,0,2,5,97" ten="237,269,274,220" oya="1" hai0="33,4,93,37,130,42,60,81,20,67,29,22,1" hai1="9,112,98,87,41,90,49,75,56,123,47,38,14" hai2="78,28,84,52,118,99,34,101,65,133,108,107,85" hai3="39,129,74,13,104,7,96,5,59,12,71,50,91"/><U57/><E123/><V6/><F118/><W102/><G71/><T126/><D130/><U79/><E112/><V88/><F108/><W62/><G39/><T26/><D126/><U127/><E127/><V119/><F119/><W124/><G124/><T48/><D37/><U131/><E131/><V53/><F6/><W113/><G129/><T40/><D81/><N who="1" m="47551" /><E75/><V19/><F133/><W94/><G113/><T82/><D82/><U128/><E38/><V80/><F65/><W95/><G74/><T43/><D48/><U10/><E10/><V55/><F19/><W86/><G50/><T27/><D93/><N who="1" m="56631" /><E128/><V83/><REACH who="2" step="1"/><F28/><REACH who="2" ten="237,269,264,220" step="2"/><W105/><G7/><AGARI ba="1,1" hai="7,9,14,41,47,49,56,57" m="56631,47551" machi="7" ten="30,2900,0" yaku="25,1,8,1" doraHai="97" who="1" fromWho="3" sc="237,0,269,42,264,0,220,-32" owari="237,-16.3,311,41.1,264,6.4,188,-31.2" /></mjloggm>