<mjloggm ver="2.3"><GO type="225" lobby="0"/><UN n0="%43%68%65" n1="%E7%BD%AA%E5%88%91%E6%B3%95%E5%AE%9A%E4%B8%BB%E7%BE%A9" n2="%72%65%6E%6B%75%6E" n3="%E5%B8%86%E7%AB%8B%E5%A4%8F%E8%A1%A3" dan="16,16,17,17" rate="2091.28,2169.32,2209.84,2162.81" sx="M,M,M,M"/><TAIKYOKU oya="0"/><INIT seed="0,0,0,5,0,2" ten="250,250,250,250" oya="0" hai0="11,73,58,63,10,65,69,94,102,18,83,21,29" hai1="41,107,17,132,1,37,71,108,72,7,117,98,130" hai2="91,3,123,116,22,131,92,134,31,118,113,62,50" hai3="48,86,44,8,23,4,26,34,61,75,80,122,5"/><T64/><D29/><U68/><RYUUKYOKU type="yao9" ba="0,0" sc="250,0,250,0,250,0,250,0" hai1="1,7,17,37,41,68,71,72,98,107,108,117,130,132" /><INIT seed="0,1,0,3,1,83" ten="250,250,250,250" oya="0" hai0="40,22,124,95,2,130,27,102,88,29,59,56,33" hai1="50,41,113,65,96,111,30,21,37,66,35,129,62" hai2="128,51,34,75,57,68,90,106,123,9,54,135,93" hai3="110,134,103,79,92,82,80,1,105,91,115,76,23"/><T73/><D73/><U12/><E111/><V71/><F106/><W14/><G1/><T70/><D70/><U25/><E129/><V84/><F123/><W47/><G47/><T8/><D130/><U58/><E113/><V16/><F128/><W10/><G23/><T107/><D124/><U94/><E37/><V17/><F75/><N who="3" m="43039" /><G14/><T118/><D118/><U5/><E66/><V15/><F135/><W127/><G10/><T42/><D102/><N who="1" m="60695" /><E35/><V77/><F77/><W0/><G0/><T114/><D107/><U28/><E28/><V126/><F126/><W43/><G43/><N who="0" m="16427" /><D33/><U131/><E131/><V81/><F34/><W3/><G3/><T67/><D2/><U19/><E5/><V4/><REACH who="2" step="1"/><F81/><REACH who="2" ten="250,250,240,250" step="2"/><W133/><G127/><T39/><D114/><U45/><E12/><V108/><F108/><W99/><G110/><T97/><D39/><U74/><E74/><V6/><F6/><W60/><G115/><T87/><D67/><U48/><E65/><V116/><F116/><W24/><G133/><T104/><D104/><U26/><E41/><V122/><F122/><W72/><G134/><T52/><D8/><U86/><E45/><V18/><AGARI ba="1,1" hai="4,9,15,16,17,18,51,54,57,68,71,84,90,93" machi="18" ten="30,7900,0" yaku="1,1,0,1,52,1,54,1,53,0" doraHai="83" doraHaiUra="120" who="2" fromWho="2" sc="250,-40,250,-21,240,92,250,-21" /><INIT seed="1,0,0,5,5,12" ten="210,229,332,229" oya="1" hai0="115,125,27,66,124,0,120,73,81,59,41,94,7" hai1="84,93,79,33,3,110,117,26,134,49,52,96,98" hai2="103,99,107,132,11,55,111,83,53,71,116,32,60" hai3="114,37,2,31,67,48,82,18,127,69,89,50,29"/><U133/><E3/><V75/><F32/><W101/><G37/><T36/><D115/><U118/><E33/><V58/><F116/><W46/><G114/><T57/><D120/><U131/><E131/><V123/><F123/><W106/><G2/><T129/><D129/><U86/><E26/><V119/><F119/><W51/><G127/><N who="0" m="48715" /><D94/><U54/><E49/><N who="3" m="19050" /><G69/><T87/><D73/><U47/><E93/><V108/><F71/><W126/><G106/><T135/><D135/><U17/><E79/><N who="2" m="44543" /><F11/><W72/><G72/><T28/><D66/><U9/><E9/><V68/><F68/><W43/><G126/><T88/><D7/><U35/><E35/><V42/><F42/><W90/><G67/><T105/><D105/><U76/><E76/><V8/><F8/><W5/><G5/><T1/><D1/><U62/><E110/><N who="2" m="42027" /><F132/><W130/><G130/><T104/><D104/><U78/><E78/><V14/><F14/><W30/><G101/><T113/><D0/><U100/><E100/><V61/><F61/><W22/><G82/><T80/><D80/><U25/><E25/><AGARI ba="0,0" hai="18,22,25,29,30,31,43,46,51,89,90" m="19050" machi="25" ten="30,2000,0" yaku="8,1,52,1" doraHai="12" who="3" fromWho="1" sc="210,0,229,-20,332,0,229,20" /><INIT seed="2,0,0,5,2,60" ten="210,209,332,249" oya="2" hai0="132,128,36,27,61,121,74,98,64,35,131,41,59" hai1="38,113,125,90,103,80,70,58,44,84,18,46,85" hai2="12,112,3,66,100,24,86,89,2,14,104,21,49" hai3="51,0,42,123,34,56,13,107,116,78,43,99,76"/><V62/><F112/><W68/><G34/><T5/><D121/><U71/><E113/><V92/><F49/><W88/><G0/><T75/><D5/><U65/><E103/><V120/><F120/><W63/><G116/><T30/><D132/><U79/><E125/><V23/><F104/><W119/><G119/><T53/><D98/><U33/><E33/><V122/><F100/><W15/><G68/><T135/><D135/><U115/><E115/><V45/><F45/><N who="3" m="26039" /><G43/><T126/><D126/><U31/><E31/><V54/><F54/><N who="3" m="34199" /><G107/><T26/><D26/><U10/><E71/><V118/><F122/><W127/><G127/><T117/><D117/><U87/><E70/><V110/><F3/><W4/><G123/><T55/><D55/><U105/><E105/><V19/><F2/><W7/><G7/><T8/><D8/><U1/><E38/><V91/><F118/><W111/><G111/><T72/><D41/><U77/><E1/><V32/><F32/><W28/><G28/><T96/><D36/><U67/><E79/><N who="3" m="30250" /><G4/><T106/><D106/><U40/><E40/><V93/><F110/><W97/><G97/><T6/><D6/><U29/><E29/><V9/><F62/><W109/><G109/><T11/><D96/><U52/><E87/><V39/><F86/><W94/><AGARI ba="0,0" hai="13,15,88,94,99" m="30250,34199,26039" machi="94" ten="30,2000,0" yaku="8,1,54,1" doraHai="60" who="3" fromWho="3" sc="210,-5,209,-5,332,-10,249,20" /><INIT seed="3,0,0,3,3,108" ten="205,204,322,269" oya="3" hai0="92,62,86,80,121,21,38,1,45,130,95,112,123" hai1="78,88,107,90,55,27,53,91,97,59,44,106,94" hai2="33,12,67,114,81,28,79,5,73,32,30,19,127" hai3="0,119,118,23,71,65,76,18,15,64,105,122,43"/><W85/><G105/><T60/><D1/><U37/><E78/><V58/><F114/><W103/><G103/><T128/><D112/><U96/><E37/><V3/><F127/><W69/><G0/><T101/><D21/><U35/><E35/><V93/><F93/><N who="0" m="35914" /><D101/><N who="1" m="60567" /><E107/><V68/><F5/><W113/><G65/><T100/><D100/><U98/><E106/><V129/><F129/><N who="0" m="49770" /><D45/><U84/><E84/><V36/><F68/><W124/><G43/><T29/><D29/><U8/><E8/><V125/><F3/><W50/><G50/><T52/><D38/><U11/><E11/><V4/><F36/><W49/><G49/><T48/><D123/><U61/><E27/><V117/><F28/><W109/><G71/><T24/><D24/><U40/><E40/><V83/><F30/><W75/><G113/><T135/><D135/><U13/><E13/><V120/><F32/><W126/><G122/><T132/><D132/><U22/><E22/><V46/><F33/><W20/><G20/><T110/><D110/><U41/><E41/><V87/><F12/><W25/><G109/><T47/><D121/><U57/><E44/><V77/><F46/><W134/><G15/><T133/><D133/><U51/><AGARI ba="0,0" hai="51,53,55,57,59,61,88,90,91,97,98" m="60567" machi="51" ten="30,2000,0" yaku="8,1,54,1" doraHai="108" who="1" fromWho="1" sc="205,-5,204,20,322,-5,269,-10" owari="200,-30.0,224,-17.6,317,41.7,259,5.9" /></mjloggm>