<mjloggm ver="2.3"><GO type="225" lobby="0"/><UN n0="%E3%81%86%E3%83%BC%E3%81%B1%E3%83%BC" n1="%E3%82%A2%E3%82%A4%E3%82%B9%E3%83%86%E3%82%A3%E3%83%BC%E3%81%82%E3%81%B9" n2="%E3%81%B2%E3%81%AA%E3%81%AE%E3%82%8A%E3%81%8F" n3="%E7%B4%94%E6%BD%94%E3%83%94%E3%83%A9%E3%83%8B%E3%82%A2" dan="17,16,17,17" rate="2168.34,2093.47,2164.52,2137.50" sx="M,M,M,M"/><TAIKYOKU oya="0"/><INIT seed="0,0,0,2,4,41" ten="250,250,250,250" oya="0" hai0="65,114,26,99,25,4,46,45,77,13,126,133,101" hai1="50,128,69,27,121,6,11,119,97,40,39,127,111" hai2="16,92,71,123,51,42,49,29,8,84,116,55,37" hai3="10,94,105,100,59,102,75,88,58,52,44,2,19"/><T131/><D114/><U56/><E111/><V76/><F71/><W38/><G75/><T118/><D118/><U104/><E121/><V112/><F112/><W9/><G105/><T73/><D131/><U3/><E69/><V30/><F123/><W115/><G115/><T61/><D133/><U57/><E119/><V5/><F37/><W95/><G2/><T14/><D126/><U122/><E122/><V34/><F34/><W0/><G0/><T48/><D77/><U36/><E128/><V24/><F42/><W113/><G113/><T120/><D73/><U106/><E27/><N who="0" m="10249" /><D120/><U91/><E39/><V103/><F51/><N who="3" m="28775" /><G38/><T125/><D125/><U12/><E3/><V80/><F116/><W85/><G19/><T117/><D117/><U63/><E36/><V124/><F124/><W32/><G32/><T60/><D48/><U1/><E1/><V17/><F30/><W18/><G18/><T53/><D65/><U62/><E106/><V130/><F130/><W43/><G43/><T83/><D83/><U132/><E104/><V20/><F5/><W28/><G28/><T98/><D14/><U47/><E132/><V81/><F81/><W108/><G108/><T54/><D61/><N who="1" m="23051" /><E127/><V134/><F134/><W87/><G87/><T129/><D129/><U89/><E97/><N who="0" m="36873" /><D60/><U22/><E22/><V64/><F20/><W67/><G67/><T107/><D107/><U23/><E23/><V135/><F64/><W96/><G102/><T82/><D101/><U35/><E35/><V7/><F135/><W78/><G78/><T86/><D82/><U90/><AGARI ba="0,0" hai="6,11,12,40,47,50,56,57,89,90,91" m="23051" machi="90" ten="30,4000,0" yaku="5,1,8,1,52,1" doraHai="41" who="1" fromWho="1" sc="250,-20,250,40,250,-10,250,-10" /><INIT seed="1,0,0,0,3,132" ten="230,290,240,240" oya="1" hai0="124,12,75,13,52,29,46,36,105,19,66,11,25" hai1="20,76,45,79,23,24,47,31,116,98,35,119,67" hai2="28,88,114,93,94,16,86,115,61,81,134,26,102" hai3="85,51,55,2,122,48,18,59,127,44,41,56,135"/><U82/><E67/><V32/><F134/><W22/><G135/><T103/><D75/><U39/><E79/><V33/><F33/><W128/><G122/><T7/><D124/><U21/><E98/><V0/><F0/><W111/><G2/><T57/><D105/><U106/><E106/><V53/><F102/><W49/><G111/><T38/><D103/><U1/><E1/><V117/><F117/><W30/><G128/><T95/><D95/><U83/><E83/><V62/><F62/><W130/><G130/><T112/><D66/><U100/><E100/><V8/><F61/><W84/><G30/><T126/><D126/><U74/><REACH who="1" step="1"/><E39/><REACH who="1" ten="230,280,240,240" step="2"/><V69/><F69/><W91/><G127/><T68/><D36/><U77/><E77/><V60/><F81/><W89/><G91/><T129/><D129/><U43/><E43/><V73/><F73/><W90/><G89/><T40/><D68/><U125/><E125/><V14/><REACH who="2" step="1"/><F94/><REACH who="2" ten="230,280,230,240" step="2"/><W72/><G72/><T9/><D112/><U70/><E70/><V131/><F131/><W15/><G90/><T101/><D101/><U104/><E104/><V118/><F118/><AGARI ba="0,2" hai="20,21,23,24,31,35,45,47,74,76,82,116,118,119" machi="118" ten="40,2000,0" yaku="1,1,53,0" doraHai="132" doraHaiUra="65" who="1" fromWho="2" sc="230,0,280,40,230,-20,240,0" /><INIT seed="1,1,0,2,5,53" ten="230,320,210,240" oya="1" hai0="123,20,85,74,128,24,77,4,126,40,114,118,63" hai1="1,134,46,108,12,90,97,50,103,66,31,116,79" hai2="95,86,32,33,131,45,27,65,6,61,59,16,107" hai3="80,70,132,22,9,124,82,102,109,39,91,68,78"/><U119/><E1/><V30/><F107/><W121/><G39/><T112/><D118/><U49/><E79/><V117/><F117/><W15/><G121/><T83/><D123/><U36/><E36/><V3/><F131/><W104/><G109/><T92/><D128/><U122/><E122/><V26/><F45/><W44/><G44/><T127/><D4/><U25/><E108/><V8/><F27/><W96/><G22/><T87/><D63/><U47/><E90/><V101/><F86/><N who="0" m="32778" /><D92/><U14/><E66/><V133/><F133/><W111/><G132/><T17/><D40/><U21/><E134/><V120/><F120/><W113/><G113/><T7/><D7/><U5/><E5/><V48/><F48/><W125/><G91/><T110/><D110/><U84/><E84/><V98/><REACH who="2" step="1"/><F16/><REACH who="2" ten="230,320,200,240" step="2"/><N who="3" m="8303" /><G111/><T99/><D99/><U60/><E119/><V76/><F76/><W29/><G29/><T135/><D135/><U2/><E116/><V0/><F0/><W19/><G19/><T51/><D51/><U105/><E2/><V41/><F41/><W23/><G78/><T71/><D114/><U94/><E105/><V106/><F106/><W57/><G82/><T55/><D112/><U75/><E50/><V43/><F43/><W34/><G80/><T56/><D83/><U130/><E47/><V11/><F11/><W62/><G104/><T88/><D77/><U93/><E130/><V54/><F54/><W115/><G115/><T10/><D10/><U58/><E49/><V38/><F38/><W89/><G96/><T69/><D17/><U42/><E42/><RYUUKYOKU ba="1,1" sc="230,-10,320,-10,200,30,240,-10" hai2="3,6,8,26,30,32,33,59,61,65,95,98,101" /><INIT seed="2,2,1,0,2,84" ten="220,310,230,230" oya="2" hai0="126,104,14,24,134,77,81,60,127,13,48,133,57" hai1="105,103,101,85,26,122,44,99,33,18,95,113,49" hai2="36,111,119,107,96,92,19,38,128,55,3,132,7" hai3="58,47,16,90,129,53,131,94,1,117,66,110,64"/><V27/><F119/><W100/><G1/><T2/><D48/><U71/><E113/><V22/><F107/><W118/><G100/><T20/><D2/><U4/><E4/><V130/><F132/><N who="0" m="50794" /><D104/><U135/><E71/><V78/><F78/><W83/><G83/><T52/><D24/><U106/><E122/><V46/><F111/><W42/><G110/><T114/><D114/><U8/><E103/><V115/><F115/><W12/><G64/><T73/><D20/><U29/><E85/><V63/><F7/><W102/><G66/><T79/><D77/><U112/><E112/><V86/><F86/><N who="3" m="52567" /><G102/><T23/><D23/><U51/><E51/><N who="2" m="29175" /><F63/><N who="3" m="36303" /><G47/><T65/><D65/><U72/><E72/><V11/><F11/><N who="3" m="6175" /><G42/><T17/><D17/><U98/><E135/><V30/><F3/><W15/><G15/><AGARI ba="2,1" hai="13,14,15,52,57,60,73,79,81,126,127" m="50794" machi="15" ten="30,2000,0" yaku="20,1,54,1" doraHai="84" who="0" fromWho="3" sc="220,36,310,0,230,0,230,-26" /><INIT seed="3,0,0,5,4,105" ten="256,310,230,204" oya="3" hai0="69,87,11,109,80,36,78,72,9,12,56,13,132" hai1="106,54,84,115,47,15,4,32,63,61,60,66,70" hai2="112,18,124,86,77,35,94,57,89,42,98,23,58" hai3="128,31,101,118,19,90,38,16,121,126,110,26,25"/><W17/><G118/><T50/><D36/><U79/><E106/><V51/><F35/><W129/><G121/><T120/><D69/><U95/><E32/><V48/><F112/><W125/><G38/><T24/><D120/><U107/><E107/><V122/><F122/><W6/><G101/><T113/><D72/><U8/><E115/><V27/><F124/><N who="3" m="47723" /><G110/><T64/><D109/><U123/><E123/><V30/><F30/><W130/><G90/><T102/><D102/><U135/><E135/><V92/><F77/><W100/><G100/><T116/><D116/><U5/><E4/><V14/><F27/><N who="3" m="10251" /><G6/><T1/><D132/><U76/><E70/><V74/><F74/><W96/><G96/><T20/><D113/><U73/><E66/><V39/><F39/><W28/><AGARI ba="0,0" hai="16,17,19,28,31,128,129,130" m="10251,47723" machi="28" ten="50,18000,2" yaku="28,2,19,1,18,1,34,2,54,1" doraHai="105" who="3" fromWho="3" sc="256,-60,310,-60,230,-60,204,180" owari="196,-20.4,250,5.0,170,-33.0,384,48.4" /></mjloggm>