<mjloggm ver="2.3"><GO type="225" lobby="0"/><UN n0="%E6%B8%A9%E2%98%85%E6%83%85%E2%98%85%E6%8E%AA%E2%98%85%E7%BD%AE" n1="%E3%81%8B%E3%82%8F%E3%81%A1%E3%82%83%E3%82%93%35%38" n2="%E4%BA%95%E5%B8%AF" n3="%E5%8D%A0%E3%81%84%E5%B8%AB%E8%A3%8F%E3%81%AA%E3%81%84%E3%81%97" dan="18,17,16,17" rate="2174.98,2230.96,2026.55,2176.89" sx="M,M,M,M"/><TAIKYOKU oya="0"/><INIT seed="0,0,0,1,1,31" ten="250,250,250,250" oya="0" hai0="3,19,120,125,127,15,82,123,37,46,30,40,106" hai1="132,124,60,80,113,99,29,2,36,89,4,22,66" hai2="7,115,70,43,18,64,11,24,88,55,6,21,23" hai3="117,103,85,58,33,26,49,54,79,1,92,118,74"/><T8/><D106/><U41/><E124/><N who="0" m="47689" /><D30/><U104/><E132/><V87/><F115/><W65/><G1/><T107/><D107/><U38/><E41/><V128/><F43/><W39/><G39/><T52/><D82/><U9/><E113/><V56/><F128/><W51/><G74/><T112/><D112/><U81/><E81/><V13/><F64/><W109/><G65/><T76/><D76/><U12/><E80/><V14/><F70/><W129/><G79/><T84/><D84/><U83/><E104/><V95/><F23/><W72/><G72/><T27/><D27/><U57/><E99/><V47/><F47/><W68/><G26/><T119/><D119/><U100/><E100/><V62/><REACH who="2" step="1"/><F7/><REACH who="2" ten="250,250,240,250" step="2"/><W48/><G68/><T63/><D3/><AGARI ba="0,1" hai="3,6,11,13,14,18,21,24,55,56,62,87,88,95" machi="3" ten="30,7700,0" yaku="1,1,2,1,7,1,54,1,53,0" doraHai="31" doraHaiUra="130" who="2" fromWho="0" sc="250,-77,250,0,240,87,250,0" /><INIT seed="1,0,0,1,0,68" ten="173,250,327,250" oya="1" hai0="38,76,122,78,50,109,19,43,29,101,53,79,27" hai1="46,65,70,2,61,56,31,135,11,120,4,77,104" hai2="72,107,67,42,113,16,88,40,59,15,60,126,129" hai3="71,62,116,132,5,23,12,48,86,28,0,130,119"/><U47/><E120/><V49/><F126/><W98/><G0/><T133/><D122/><U121/><E121/><V44/><F129/><W102/><G130/><T25/><D109/><U22/><E135/><V112/><F107/><W6/><G132/><T63/><D133/><U105/><E70/><V14/><F72/><W111/><G48/><T128/><D128/><U55/><E77/><V118/><F118/><N who="3" m="45099" /><G86/><T8/><D101/><U91/><E91/><V33/><F33/><W90/><G90/><T52/><D63/><U100/><E55/><V20/><F42/><W24/><G12/><N who="0" m="7559" /><D38/><U81/><E81/><V84/><REACH who="2" step="1"/><F14/><REACH who="2" ten="173,250,317,250" step="2"/><W110/><G110/><T1/><D1/><U36/><E105/><V117/><F117/><W85/><G111/><T54/><D29/><U89/><E104/><V35/><F35/><W13/><G28/><T51/><D43/><U114/><E31/><V21/><F21/><W58/><G23/><T106/><D106/><U92/><E22/><V99/><F99/><W64/><G98/><T93/><D93/><AGARI ba="0,1" hai="15,16,20,40,44,49,59,60,67,84,88,93,112,113" machi="93" ten="40,5200,0" yaku="1,1,54,2,53,0" doraHai="68" doraHaiUra="123" who="2" fromWho="0" sc="173,-52,250,0,317,62,250,0" /><INIT seed="2,0,0,5,1,53" ten="121,250,379,250" oya="2" hai0="58,128,32,115,103,46,60,43,8,133,10,57,105" hai1="84,97,67,109,91,127,31,95,27,98,62,54,30" hai2="129,6,126,74,59,119,85,42,13,50,108,118,22" hai3="82,69,99,55,16,7,80,49,17,20,11,134,52"/><V3/><F126/><W35/><G35/><T135/><D115/><U102/><E109/><V0/><F129/><W21/><G69/><T48/><D32/><U65/><E127/><V117/><F74/><W113/><G134/><N who="0" m="51211" /><D60/><U101/><E54/><V75/><F75/><W114/><G99/><N who="0" m="61695" /><D128/><U94/><E27/><V12/><F108/><W40/><G40/><T28/><D28/><U88/><E84/><V68/><F85/><W77/><G7/><T110/><D110/><U90/><REACH who="1" step="1"/><E67/><REACH who="1" ten="121,240,379,250" step="2"/><V104/><F118/><W44/><G113/><T124/><D124/><U120/><E120/><V51/><F119/><W132/><G114/><T18/><D18/><U66/><E66/><V47/><F117/><W121/><G121/><T81/><D81/><U73/><E73/><V131/><F131/><W86/><G132/><T45/><D45/><U41/><E41/><V26/><F47/><W24/><G82/><T25/><D25/><U122/><E122/><V38/><F42/><W19/><G24/><T72/><D72/><U14/><E14/><V29/><F13/><W9/><G55/><T130/><D130/><U125/><E125/><V23/><F12/><W111/><G111/><T1/><D1/><U33/><E33/><V4/><F0/><W79/><G9/><AGARI ba="0,1" hai="8,9,10,43,46,48,57,58" m="61695,51211" machi="9" ten="30,3900,0" yaku="20,1,52,2" doraHai="53" who="0" fromWho="3" sc="121,49,240,0,379,0,250,-39" /><INIT seed="3,0,0,0,1,90" ten="170,240,379,211" oya="3" hai0="3,123,52,78,98,27,38,32,83,105,99,113,26" hai1="130,87,75,71,21,95,50,22,60,116,117,9,97" hai2="119,12,96,92,51,19,67,35,16,58,108,36,110" hai3="93,10,34,41,112,57,6,85,4,2,15,134,43"/><W45/><G112/><T53/><D123/><U1/><E75/><V135/><F36/><W56/><G34/><T91/><D113/><U72/><E72/><V74/><F119/><N who="1" m="45641" /><E130/><V48/><F35/><W114/><G114/><T8/><D38/><U111/><E111/><N who="2" m="42539" /><F74/><W42/><G134/><T86/><D3/><U63/><E87/><V44/><F135/><W23/><G45/><T69/><D69/><U70/><E50/><N who="2" m="18987" /><F12/><W82/><G4/><T79/><D8/><U47/><E47/><V13/><F13/><W66/><G66/><T102/><D99/><U5/><E63/><N who="2" m="38391" /><F44/><W127/><G23/><N who="1" m="8714" /><E60/><V49/><F49/><W122/><G2/><T81/><D32/><U94/><E94/><V39/><F39/><W40/><G40/><T31/><D83/><U120/><E120/><V118/><F118/><W73/><G122/><T104/><D104/><U126/><E126/><V55/><F55/><W76/><G127/><T65/><D65/><U101/><AGARI ba="0,0" hai="1,5,9,70,71,95,97,101" m="8714,45641" machi="101" ten="30,2000,0" yaku="12,1,52,1" doraHai="90" who="1" fromWho="1" sc="170,-5,240,20,379,-5,211,-10" owari="165,-33.5,260,6.0,374,47.4,201,-19.9" /></mjloggm>