<mjloggm ver="2.3"><GO type="225" lobby="0"/><UN n0="%E5%A4%96%E5%B7%9D%E7%AB%9C%E6%88%90" n1="%72%69%6F%75%63%68%61%6E" n2="%E6%80%AA%E3%81%97%E3%81%99%E3%81%8E%E3%82%8B%E3%83%81%E3%83%BC" n3="%54%4F%52" dan="16,17,16,17" rate="2230.12,2197.97,2151.91,2225.97" sx="M,M,M,M"/><TAIKYOKU oya="0"/><INIT seed="0,0,0,0,5,89" ten="250,250,250,250" oya="0" hai0="6,109,58,112,59,126,49,91,63,105,4,68,72" hai1="90,84,77,82,114,15,0,129,70,18,28,36,127" hai2="38,9,111,120,67,128,117,17,106,125,32,60,98" hai3="132,81,102,118,83,47,65,124,56,78,48,103,41"/><T27/><D112/><U31/><E127/><V7/><F120/><W20/><G118/><T11/><D105/><U107/><E129/><V62/><F128/><W40/><G124/><T16/><D72/><U104/><E114/><V13/><F125/><W3/><G3/><T79/><D68/><U43/><E0/><V92/><F106/><W52/><G132/><T22/><D79/><U45/><E70/><V14/><F117/><W34/><G34/><T39/><D39/><U1/><E1/><V66/><F38/><W130/><G130/><T23/><D126/><U19/><E19/><V33/><F111/><W75/><G83/><T61/><D49/><U44/><E44/><V74/><F74/><W80/><G80/><T93/><D22/><U53/><E53/><V135/><F32/><W35/><G35/><T55/><D11/><U122/><E122/><V131/><F33/><W95/><G20/><T26/><D26/><U42/><E42/><V73/><F73/><W121/><G121/><T119/><D119/><U50/><E36/><V86/><F86/><W113/><G113/><T116/><D109/><U76/><E107/><V64/><F135/><W133/><G133/><T85/><D116/><U54/><E43/><V96/><F131/><W10/><G10/><T99/><D85/><U2/><E2/><V101/><REACH who="2" step="1"/><F96/><REACH who="2" ten="250,250,240,250" step="2"/><W25/><G75/><T115/><D115/><U108/><E104/><V69/><F69/><W94/><G78/><N who="1" m="30314" /><E108/><V29/><F29/><W46/><G81/><T30/><D30/><U24/><E24/><V110/><F110/><W5/><G25/><RYUUKYOKU ba="0,1" sc="250,10,250,10,240,10,250,-30" hai0="4,6,16,23,27,55,58,59,61,63,91,93,99" hai1="15,18,28,31,45,50,54,82,84,90" hai2="7,9,13,14,17,60,62,64,66,67,92,98,101" /><INIT seed="0,1,1,0,5,125" ten="260,260,250,220" oya="0" hai0="14,66,80,127,110,83,117,37,32,116,109,111,7" hai1="99,101,70,77,53,88,18,19,97,29,50,85,72" hai2="1,119,102,39,45,34,132,129,5,11,60,44,63" hai3="15,54,47,56,2,100,115,89,96,76,36,123,59"/><T12/><D37/><U48/><E70/><V4/><F132/><W61/><G2/><T82/><D32/><U79/><E29/><V135/><F135/><W122/><G115/><T35/><D35/><U49/><E53/><V67/><F119/><N who="0" m="45642" /><D127/><U103/><E72/><V27/><F5/><W126/><G126/><T68/><D7/><U64/><E64/><V28/><F129/><W42/><G76/><N who="1" m="29258" /><E99/><V87/><F39/><W38/><G38/><T10/><D10/><U98/><E97/><V73/><F73/><W124/><G124/><T105/><D105/><U69/><E69/><V118/><F118/><W120/><G89/><T6/><D6/><U112/><E98/><V91/><F102/><N who="1" m="38921" /><E112/><V25/><F67/><W71/><G71/><T24/><D24/><U43/><E43/><V114/><F27/><W22/><G59/><T21/><D21/><U57/><E57/><V104/><F104/><W8/><G22/><T121/><D121/><U62/><E62/><AGARI ba="1,1" hai="12,14,62,66,68,80,82,83,109,110,111" m="45642" machi="62" ten="40,3900,0" yaku="14,1,10,1" doraHai="125" who="0" fromWho="1" sc="260,52,260,-42,250,0,220,0" /><INIT seed="0,2,0,0,1,39" ten="312,218,250,220" oya="0" hai0="104,6,73,18,123,79,2,129,101,32,11,130,40" hai1="113,77,82,81,133,56,118,111,89,23,102,22,110" hai2="90,100,88,128,94,45,38,95,0,61,21,98,53" hai3="16,12,9,66,47,134,74,127,76,78,26,4,83"/><T15/><D123/><U96/><E118/><V131/><F0/><W84/><G134/><T107/><D32/><U58/><E133/><V71/><F21/><N who="1" m="7689" /><E113/><V54/><F100/><W125/><G66/><T3/><D79/><U105/><E89/><V28/><F28/><W17/><G26/><T112/><D73/><N who="1" m="43183" /><E82/><V8/><F8/><W20/><G76/><T132/><D132/><U120/><E120/><V126/><F126/><N who="3" m="48139" /><G74/><T109/><D109/><AGARI ba="2,0" hai="56,58,96,102,105,109,110,111" m="43183,7689" machi="109" ten="30,1000,0" yaku="14,1" doraHai="39" who="1" fromWho="0" sc="312,-16,218,16,250,0,220,0" /><INIT seed="1,0,0,3,1,26" ten="296,234,250,220" oya="1" hai0="61,70,85,105,46,19,5,27,92,41,9,89,115" hai1="34,49,64,98,114,111,78,99,55,58,113,39,51" hai2="32,110,124,80,96,120,67,76,84,123,40,43,4" hai3="118,117,21,0,60,12,23,17,126,59,77,81,56"/><U69/><E34/><V11/><F110/><W57/><G0/><T28/><D105/><U108/><E78/><V35/><F124/><W25/><G126/><T36/><D19/><U86/><E86/><V52/><F67/><W10/><G23/><T125/><D125/><U16/><E39/><V74/><F74/><W121/><G121/><T135/><D135/><U104/><E104/><V6/><F6/><W100/><G100/><T33/><D115/><N who="1" m="44043" /><E98/><V62/><F96/><W31/><REACH who="3" step="1"/><G60/><REACH who="3" ten="296,234,250,210" step="2"/><T66/><D9/><U1/><E1/><V22/><F22/><W106/><G106/><T93/><D5/><U37/><E99/><V50/><F120/><W44/><G44/><T14/><D14/><U73/><E37/><V112/><F62/><W128/><G128/><T107/><D107/><U8/><E73/><AGARI ba="0,1" hai="10,12,17,21,25,31,56,57,59,73,77,81,117,118" machi="73" ten="40,5200,0" yaku="1,1,52,1,53,1" doraHai="26" doraHaiUra="24" who="3" fromWho="1" sc="296,0,234,-52,250,0,210,62" /><INIT seed="2,0,0,2,1,94" ten="296,182,250,272" oya="2" hai0="33,113,71,55,123,42,77,43,98,84,57,78,73" hai1="17,129,72,124,121,51,18,30,40,29,10,16,41" hai2="50,53,65,93,19,134,54,26,86,87,91,101,60" hai3="82,117,76,1,100,89,6,47,110,90,81,70,27"/><V106/><F134/><W0/><G70/><T45/><D113/><U28/><E72/><V36/><F36/><W8/><G117/><T120/><D71/><U46/><E124/><V62/><F106/><W112/><G0/><T66/><D33/><U69/><E69/><V63/><F65/><W102/><G112/><T21/><D73/><U97/><E129/><V23/><F101/><W92/><G110/><T48/><D21/><U44/><E121/><V34/><F34/><W20/><G47/><T135/><D135/><U119/><E119/><V5/><F5/><W131/><G131/><T68/><D42/><U24/><E97/><V2/><F2/><W130/><G130/><T3/><D98/><U49/><REACH who="1" step="1"/><E10/><REACH who="1" ten="296,172,250,272" step="2"/><V38/><F38/><W107/><G8/><T58/><D68/><U9/><E9/><V67/><F67/><W126/><G126/><T75/><D75/><U64/><E64/><V96/><REACH who="2" step="1"/><F53/><REACH who="2" ten="296,172,240,272" step="2"/><W32/><G107/><T83/><D66/><U22/><AGARI ba="0,2" hai="16,17,18,22,24,28,29,30,40,41,44,46,49,51" machi="22" ten="30,8000,1" yaku="1,1,0,1,9,1,8,1,54,1,53,0" doraHai="94" doraHaiUra="115" who="1" fromWho="1" sc="296,-20,172,100,240,-40,272,-20" /><INIT seed="3,0,0,5,3,15" ten="276,272,200,252" oya="3" hai0="1,123,29,120,121,102,78,126,10,89,96,46,132" hai1="22,113,38,109,111,58,134,6,63,18,51,69,94" hai2="98,24,54,8,85,88,108,57,87,135,13,32,3" hai3="2,0,37,19,65,23,74,86,64,72,84,60,28"/><W39/><G28/><T70/><D70/><U48/><E113/><V82/><F108/><N who="1" m="41545" /><E38/><V27/><F135/><W93/><G93/><T101/><D132/><U97/><E69/><V68/><F3/><W43/><G43/><T100/><D126/><U106/><E6/><V128/><F128/><W99/><G23/><T83/><D29/><U42/><E106/><V31/><F68/><W114/><G60/><T91/><D10/><U119/><E42/><V122/><F122/><W55/><G55/><T4/><D4/><U61/><E119/><V124/><F124/><W56/><G56/><T67/><D67/><N who="1" m="39351" /><E63/><N who="2" m="36279" /><F32/><W41/><G41/><T34/><D46/><U76/><E76/><N who="2" m="46279" /><F98/><W52/><G52/><T133/><D133/><U95/><E134/><V12/><F31/><W110/><G110/><T30/><D30/><U35/><E35/><V5/><F13/><W47/><G47/><T112/><D34/><U129/><E129/><V16/><F5/><W25/><G25/><T80/><D1/><U45/><E45/><V131/><F131/><W33/><G33/><T49/><D112/><U14/><E94/><AGARI ba="0,0" hai="8,12,16,24,27,87,88,94" m="46279,36279" machi="94" ten="30,7700,0" yaku="8,1,52,1,54,2" doraHai="15" who="2" fromWho="1" sc="276,0,272,-77,200,77,252,0" /><INIT seed="4,0,0,1,2,18" ten="276,195,277,252" oya="0" hai0="33,103,42,36,98,35,51,15,16,120,14,59,70" hai1="17,67,49,123,99,76,1,117,118,96,91,57,31" hai2="58,77,134,109,86,20,53,116,52,23,115,97,130" hai3="102,107,64,121,55,50,26,48,88,37,69,11,95"/><T73/><D120/><U2/><E123/><V40/><F109/><W131/><G37/><T54/><D73/><U124/><E124/><V133/><F115/><W126/><G121/><T112/><D112/><U104/><E31/><V9/><F130/><W85/><G131/><T43/><D70/><U12/><E76/><V78/><F116/><W83/><G126/><T100/><D35/><U39/><E39/><V129/><F129/><W128/><G128/><T71/><D33/><U84/><E118/><V24/><F9/><W79/><G11/><N who="0" m="6239" /><D71/><U119/><E117/><V13/><F97/><N who="1" m="37449" /><E104/><V92/><F40/><N who="0" m="15402" /><D36/><U29/><E119/><V25/><F13/><W56/><G107/><T72/><D72/><U4/><E1/><V19/><F92/><W34/><G102/><N who="0" m="38955" /><D98/><U81/><E2/><V44/><F86/><W8/><G85/><T66/><D15/><U27/><E67/><AGARI ba="0,0" hai="51,54,59,66,67" m="38955,15402,6239" machi="67" ten="30,2900,0" yaku="8,1,54,1" doraHai="18" who="0" fromWho="1" sc="276,29,195,-29,277,0,252,0" owari="305,40.5,166,-33.4,277,7.7,252,-14.8" /></mjloggm>