<mjloggm ver="2.3"><GO type="225" lobby="0"/><UN n0="%E6%97%A5%E6%9B%9C%E6%97%A5%E3%82%88%E3%82%8A%E3%81%AE%E4%BD%BF%E8%80%85" n1="%E3%81%A9%E3%82%8F%E3%82%93%E3%81%94" n2="%72%61%6B%33" n3="%E5%84%AA%40%41%42%43" dan="18,16,18,18" rate="2147.15,2124.63,2244.91,2237.13" sx="M,M,M,M"/><TAIKYOKU oya="0"/><INIT seed="0,0,0,0,4,122" ten="250,250,250,250" oya="0" hai0="117,111,124,66,2,126,4,68,29,32,91,60,46" hai1="41,108,78,82,119,31,52,69,132,96,76,71,110" hai2="38,127,90,33,95,30,112,6,115,131,17,79,125" hai3="100,39,37,22,13,56,7,55,16,106,89,44,28"/><T25/><D117/><U74/><E119/><V87/><F38/><W120/><G120/><T116/><D116/><U123/><E123/><V129/><F6/><W57/><G57/><T12/><D12/><U48/><E41/><V9/><F30/><W47/><G39/><T3/><D91/><U84/><E31/><V20/><F33/><W86/><G37/><T5/><D46/><U26/><E26/><V59/><F59/><W15/><G100/><T27/><D27/><U103/><E132/><V101/><F9/><N who="3" m="4287" /><G106/><T65/><D65/><U130/><E130/><N who="2" m="49675" /><F17/><W81/><G28/><T104/><D104/><N who="1" m="63591" /><E78/><V36/><F20/><W19/><G19/><T94/><D94/><U105/><E74/><V24/><F24/><W67/><G67/><T133/><D133/><U42/><E42/><V23/><F23/><W118/><G118/><T54/><D54/><U77/><E77/><V70/><F70/><W45/><G45/><T97/><D68/><U107/><E71/><V135/><F36/><W113/><G113/><N who="2" m="43593" /><F135/><W1/><G1/><T49/><D2/><U21/><E21/><V51/><F51/><AGARI ba="0,0" hai="15,16,22,44,47,51,55,56,81,86,89" m="4287" machi="51" ten="30,2000,0" yaku="8,1,54,1" doraHai="122" who="3" fromWho="2" sc="250,0,250,0,250,-20,250,20" /><INIT seed="1,0,0,2,4,36" ten="250,250,230,270" oya="1" hai0="3,125,21,124,87,55,52,50,116,95,131,46,98" hai1="70,118,132,82,41,49,135,23,67,60,13,28,94" hai2="114,106,11,111,48,18,83,103,43,42,33,89,69" hai3="31,112,7,38,0,68,51,104,15,53,2,133,97"/><U63/><E118/><V61/><F33/><W56/><G112/><T39/><D116/><U110/><E82/><V93/><F114/><W32/><G68/><T91/><D3/><U4/><E63/><V73/><F111/><W6/><G38/><T54/><D131/><U127/><E110/><V90/><F48/><W99/><G32/><T62/><D39/><U78/><E78/><V81/><F106/><W84/><G31/><T1/><D1/><U79/><E79/><V96/><F69/><W105/><G84/><T64/><D21/><U57/><E127/><N who="0" m="48713" /><D98/><U66/><E94/><V120/><F120/><W123/><G15/><T102/><D102/><U77/><E77/><V109/><F109/><W29/><G29/><T12/><D12/><U37/><E23/><V24/><F61/><W88/><G88/><N who="2" m="33897" /><F73/><W128/><G51/><T5/><D5/><U17/><E49/><V134/><F134/><W35/><G35/><T100/><D100/><U86/><E135/><V113/><F113/><W74/><G74/><T117/><D117/><U44/><E132/><V20/><F11/><W76/><G133/><T65/><D65/><U14/><E67/><V107/><F107/><W129/><G76/><T71/><AGARI ba="0,0" hai="46,50,52,54,55,62,64,71,87,91,95" m="48713" machi="71" ten="30,2000,0" yaku="18,1,54,1" doraHai="36" who="0" fromWho="0" sc="250,20,250,-10,230,-5,270,-5" /><INIT seed="2,0,0,2,0,124" ten="270,240,225,265" oya="2" hai0="21,10,18,102,103,94,110,29,70,130,101,78,115" hai1="86,74,43,82,39,80,23,42,57,3,36,51,14" hai2="132,75,119,90,2,49,88,69,62,32,118,46,72" hai3="105,31,71,108,19,98,81,16,83,24,120,112,77"/><V106/><F2/><W117/><G117/><T0/><D115/><U79/><E3/><V122/><F32/><W63/><G120/><T34/><D70/><U53/><E39/><V93/><F122/><W9/><G112/><T59/><D110/><U131/><E131/><V89/><F106/><W58/><G108/><T116/><D78/><U55/><E36/><V129/><F129/><W22/><G71/><T95/><D59/><U56/><E80/><V6/><F6/><W123/><G123/><T96/><D116/><U134/><E134/><V40/><F132/><W67/><G83/><T4/><D130/><U33/><E33/><V109/><F109/><W100/><REACH who="3" step="1"/><G9/><REACH who="3" ten="270,240,225,255" step="2"/><T104/><D10/><U97/><E74/><AGARI ba="0,1" hai="16,19,22,24,31,58,63,67,74,77,81,98,100,105" machi="74" ten="30,7700,0" yaku="1,1,2,1,7,1,54,1,53,0" doraHai="124" doraHaiUra="45" who="3" fromWho="1" sc="270,0,240,-77,225,0,255,87" /><INIT seed="3,0,0,4,3,11" ten="270,163,225,342" oya="3" hai0="43,129,27,117,66,96,12,103,42,102,22,81,95" hai1="76,39,13,7,92,89,24,30,5,19,111,91,124" hai2="86,98,85,6,65,99,90,26,83,118,125,55,63" hai3="84,67,50,87,40,77,105,132,116,34,100,31,61"/><W78/><G31/><T21/><D117/><U59/><E111/><V113/><F118/><W2/><G34/><T3/><D3/><U33/><E124/><V74/><F113/><W32/><G32/><T51/><D129/><U97/><E39/><V72/><F125/><W52/><G40/><T54/><D66/><U45/><E76/><V4/><F55/><W71/><G100/><T126/><D126/><U20/><E45/><V9/><F26/><W131/><G105/><T28/><D102/><U110/><E110/><V47/><F47/><N who="3" m="27743" /><G87/><T101/><D101/><U62/><REACH who="1" step="1"/><E91/><REACH who="1" ten="270,153,225,342" step="2"/><V41/><F90/><W8/><G78/><T109/><D109/><U122/><E122/><V120/><F120/><W112/><G77/><T38/><D38/><U56/><E56/><V104/><F72/><W114/><G114/><T123/><D123/><U14/><E14/><V119/><F74/><W107/><G112/><T44/><D12/><U106/><E106/><V23/><F104/><W94/><G107/><T1/><D44/><U133/><E133/><V57/><F57/><W130/><G132/><T121/><D121/><U60/><E60/><V88/><F63/><W48/><G116/><T36/><D36/><U82/><E82/><V35/><F83/><W29/><G61/><T10/><D81/><U17/><E17/><V75/><F75/><W134/><G134/><T49/><D103/><U128/><E128/><V70/><F88/><N who="3" m="53511" /><G131/><T53/><D1/><U25/><E25/><V64/><F119/><W127/><G130/><T73/><D27/><U46/><E46/><V69/><F70/><RYUUKYOKU ba="0,1" sc="270,-10,153,30,225,-10,342,-10" hai1="5,7,13,19,20,24,30,33,59,62,89,92,97" owari="260,6.0,183,-31.7,215,-18.5,342,44.2" /></mjloggm>