<mjloggm ver="2.3"><GO type="225" lobby="0"/><UN n0="%E3%83%B4%E3%83%A0%EF%BC%99%E3%81%A6" n1="%E5%B8%86%E7%AB%8B%E5%A4%8F%E8%A1%A3" n2="%E3%83%9D%E3%82%B1%E3%83%83%E3%83%88" n3="%E3%83%8F%E3%83%B3%E3%83%89%E3%83%A9%E3%83%BC%E3%83%BB%E3%83%AF%E3%83%B3" dan="16,17,16,17" rate="2127.79,2149.88,2104.13,2211.83" sx="M,M,M,M"/><TAIKYOKU oya="0"/><INIT seed="0,0,0,5,5,20" ten="250,250,250,250" oya="0" hai0="122,59,25,99,120,40,109,68,21,56,54,47,33" hai1="102,63,62,117,81,10,12,115,60,45,74,42,135" hai2="121,61,17,131,22,16,90,7,76,100,2,119,84" hai3="71,112,36,107,88,4,58,32,57,37,30,86,92"/><T97/><D68/><U55/><E117/><V94/><F121/><W18/><G71/><T83/><D33/><U65/><E135/><V66/><F119/><W118/><G112/><T110/><D83/><U77/><E115/><V44/><F131/><W9/><G107/><T24/><D122/><U111/><E102/><V46/><F76/><W134/><G18/><T80/><D80/><U27/><E111/><N who="0" m="42505" /><D120/><U69/><E55/><V51/><F100/><W67/><G134/><T38/><D56/><U6/><REACH who="1" step="1"/><E27/><REACH who="1" ten="250,240,250,250" step="2"/><N who="0" m="10313" /><D21/><U73/><E73/><V0/><F22/><W11/><G118/><T108/><D108/><U125/><E125/><V72/><F72/><W87/><G32/><T124/><D124/><U128/><E128/><V103/><F17/><W96/><G30/><T41/><D41/><U75/><E75/><V82/><F16/><W130/><G130/><T89/><D89/><U26/><E26/><V50/><F90/><W101/><G88/><T85/><D85/><U127/><E127/><V5/><F84/><W113/><G87/><T19/><D19/><U64/><E64/><V93/><F66/><W14/><G67/><T28/><D28/><U114/><E114/><V43/><F43/><W53/><G86/><T35/><D35/><U49/><AGARI ba="0,1" hai="6,10,12,42,45,49,60,62,63,65,69,74,77,81" machi="49" ten="20,2700,0" yaku="1,1,0,1,7,1,53,0" doraHai="20" doraHaiUra="23" who="1" fromWho="1" sc="250,-13,240,37,250,-7,250,-7" /><INIT seed="1,0,0,2,4,85" ten="237,277,243,243" oya="1" hai0="116,101,4,40,128,133,95,100,28,89,102,98,73" hai1="60,57,51,110,63,24,106,103,41,71,0,14,115" hai2="114,108,19,88,81,125,12,90,37,56,113,21,82" hai3="43,30,46,42,74,25,17,62,11,91,77,135,117"/><U112/><E0/><V34/><F108/><W83/><G135/><T7/><D116/><U15/><E106/><V66/><F37/><W31/><G117/><T48/><D133/><U20/><E103/><V13/><F34/><W18/><G62/><T78/><D128/><U39/><E110/><V93/><F125/><W72/><G72/><T129/><D129/><U94/><E115/><N who="2" m="44043" /><F12/><W6/><G43/><T33/><D73/><U45/><E94/><V32/><F32/><W131/><G131/><T23/><D78/><U99/><E99/><N who="2" m="57767" /><F90/><W61/><G91/><T64/><D33/><U44/><E112/><V2/><F2/><W3/><G61/><AGARI ba="0,0" hai="13,19,21,56,61,66,81,82" m="57767,44043" machi="61" ten="30,3900,0" yaku="11,1,52,1,54,1" doraHai="85" who="2" fromWho="3" sc="237,0,277,0,243,39,243,-39" /><INIT seed="2,0,0,4,4,73" ten="237,277,282,204" oya="2" hai0="58,100,88,63,55,107,75,128,1,31,125,47,23" hai1="43,129,97,85,98,105,121,99,49,114,27,25,119" hai2="92,72,46,56,0,66,77,19,106,5,133,34,123" hai3="16,86,6,11,78,71,26,15,21,3,111,67,14"/><V96/><F123/><W118/><G118/><T32/><D32/><U117/><E105/><V124/><F106/><W62/><REACH who="3" step="1"/><G111/><REACH who="3" ten="237,277,282,194" step="2"/><T65/><D128/><U94/><E117/><V59/><F133/><W93/><G93/><T112/><D107/><U89/><E119/><V44/><F92/><W36/><G36/><T50/><D125/><U108/><E129/><V33/><F124/><W90/><G90/><T101/><D88/><U69/><E108/><V57/><F33/><W20/><G20/><T39/><D39/><U120/><E120/><V61/><F34/><W10/><G10/><T122/><D122/><U37/><E121/><V29/><F77/><W84/><G84/><T38/><D38/><U13/><E37/><V134/><F134/><W91/><G91/><T80/><D75/><U30/><E94/><V79/><F79/><W102/><G102/><T53/><D101/><U76/><E89/><V68/><F72/><W52/><G52/><N who="0" m="29791" /><D100/><U17/><E85/><V18/><F96/><W7/><G7/><T48/><D53/><U12/><E76/><V42/><F5/><W74/><G74/><T130/><D130/><U95/><E95/><V81/><F81/><AGARI ba="0,1" hai="3,6,11,14,15,16,21,26,62,67,71,78,81,86" machi="81" ten="40,5200,0" yaku="1,1,52,1,54,1,53,0" doraHai="73" doraHaiUra="126" who="3" fromWho="2" sc="237,0,277,0,282,-52,194,62" /><INIT seed="3,0,0,3,2,92" ten="237,277,230,256" oya="3" hai0="25,23,56,131,135,111,115,71,85,26,0,61,55" hai1="70,107,101,64,1,114,47,77,109,125,72,90,116" hai2="128,124,67,10,27,80,6,66,37,40,49,122,52" hai3="51,45,17,31,99,18,117,29,36,19,102,118,15"/><W74/><G74/><T110/><D0/><U44/><E114/><V94/><F128/><W104/><G36/><T34/><D131/><U50/><E1/><V95/><F124/><W120/><G120/><T22/><D34/><U132/><E109/><N who="0" m="41481" /><D135/><U127/><E116/><V28/><F122/><W126/><G126/><N who="1" m="48138" /><E132/><V119/><F80/><W2/><G2/><T48/><D115/><U68/><E90/><V20/><F119/><W100/><G118/><T21/><D85/><U35/><E35/><V24/><F24/><W108/><G117/><T133/><D133/><U11/><E11/><V106/><F106/><W63/><G108/><T84/><D84/><U65/><E77/><V79/><F79/><W16/><G102/><T14/><D14/><U41/><E72/><V75/><F75/><W81/><G81/><T130/><D130/><U98/><E47/><V96/><F94/><N who="3" m="58487" /><G63/><T38/><D38/><U73/><E73/><V83/><F83/><W33/><G104/><T60/><D61/><U91/><E91/><N who="2" m="55423" /><F37/><W13/><G33/><T123/><D123/><U5/><E5/><V121/><F121/><W82/><G82/><T46/><D71/><AGARI ba="0,0" hai="41,44,50,64,65,68,70,71,98,101,107" m="48138" machi="71" ten="30,2000,0" yaku="18,1,52,1" doraHai="92" who="1" fromWho="0" sc="237,-20,277,20,230,0,256,0" /><INIT seed="4,0,0,5,5,37" ten="217,297,230,256" oya="0" hai0="80,96,23,1,90,114,128,89,20,64,36,43,132" hai1="60,0,99,83,42,106,100,113,13,40,41,6,28" hai2="27,92,72,126,127,22,48,86,52,124,107,24,17" hai3="58,31,122,76,15,102,75,94,103,115,117,2,120"/><T85/><D1/><U5/><E113/><V8/><F107/><W97/><G2/><T7/><D7/><U34/><E0/><V47/><F72/><W78/><G31/><T57/><D114/><U44/><E44/><V104/><F104/><W121/><G115/><T116/><D116/><U68/><E13/><V118/><F118/><W84/><G117/><T45/><D128/><U125/><E83/><V74/><F74/><W18/><G75/><T110/><D110/><U71/><E125/><V95/><F8/><W10/><G103/><T54/><D64/><N who="1" m="40967" /><E71/><V134/><F134/><W56/><G84/><T21/><D132/><U131/><E131/><V33/><REACH who="2" step="1"/><F86/><REACH who="2" ten="217,297,220,256" step="2"/><W93/><G121/><T82/><D96/><U88/><E88/><V130/><F130/><W25/><G122/><T67/><D67/><U69/><E69/><V133/><F133/><W50/><G120/><T16/><D89/><U3/><E3/><V11/><F11/><W29/><G10/><T101/><D101/><U59/><E59/><V63/><F63/><W61/><G58/><T109/><D109/><U39/><E39/><V129/><F129/><W46/><G56/><T79/><D90/><U49/><E49/><V73/><F73/><W12/><G61/><N who="0" m="36023" /><D80/><U19/><E19/><V35/><F35/><N who="3" m="20911" /><G18/><T62/><D62/><U98/><E98/><V77/><F77/><N who="3" m="29803" /><G97/><T65/><D65/><U112/><E112/><V123/><F123/><W81/><G81/><T14/><D16/><U53/><E53/><V119/><F119/><W105/><G102/><T70/><D70/><U9/><E9/><RYUUKYOKU ba="0,1" sc="217,10,297,10,220,10,256,-30" hai0="14,20,21,23,36,43,45,79,82,85" hai1="5,6,28,34,40,41,42,99,100,106" hai2="17,22,24,27,33,47,48,52,92,95,124,126,127" /><INIT seed="4,1,1,4,0,53" ten="227,307,230,226" oya="0" hai0="17,74,63,28,21,33,86,27,80,1,124,35,48" hai1="38,126,75,97,66,91,77,40,7,78,87,79,84" hai2="58,62,114,105,71,9,26,119,64,115,16,32,132" hai3="51,104,44,45,15,12,88,24,73,118,23,109,93"/><T18/><D74/><U122/><E75/><V70/><F105/><W135/><G109/><T94/><D1/><U128/><E122/><V4/><F132/><W134/><G118/><T113/><D113/><N who="2" m="43018" /><F119/><W34/><G104/><T39/><D39/><U29/><E66/><V49/><F49/><W30/><G73/><T65/><D124/><U3/><E29/><N who="2" m="19511" /><F16/><N who="0" m="6250" /><D33/><U37/><E91/><V120/><F120/><W69/><G69/><T6/><D35/><U103/><E79/><V89/><F89/><W61/><G61/><T130/><D48/><U36/><E78/><V57/><F71/><W25/><G135/><T41/><D41/><U123/><E77/><V43/><F43/><W117/><G117/><T0/><D0/><AGARI ba="1,1" hai="0,4,9,57,58,62,64,70" m="19511,43018" machi="0" ten="30,3900,0" yaku="15,1,52,2" doraHai="53" who="2" fromWho="0" sc="227,-42,307,0,230,52,226,0" owari="185,-31.5,307,40.7,282,8.2,226,-17.4" /></mjloggm>