<mjloggm ver="2.3"><GO type="225" lobby="0"/><UN n0="%E6%A1%9C%E8%8A%B1%E9%96%83%E3%80%85" n1="%E9%80%9F%E6%B0%B4%E5%87%9B%E9%A6%99" n2="%E4%B8%89%E5%86%A0%E7%8E%8B%E3%83%BB%E5%B1%B1%E7%94%B0%E5%93%B2%E4%BA%BA" n3="%E2%91%A3%E9%81%BF%E9%81%8A%E6%88%AF%E3%80%90%E6%9D%B1%E5%8D%97%E3%80%91" dan="17,16,16,16" rate="2230.14,2101.28,2148.92,2122.21" sx="M,F,M,M"/><TAIKYOKU oya="0"/><INIT seed="0,0,0,5,1,31" ten="250,250,250,250" oya="0" hai0="70,5,73,128,122,40,38,83,37,4,74,123,6" hai1="77,41,67,89,16,85,20,2,80,22,94,91,58" hai2="79,39,63,33,26,69,115,132,68,131,120,12,107" hai3="108,113,117,55,61,9,11,53,97,54,3,125,93"/><T27/><D70/><U66/><E2/><V29/><F12/><W99/><G113/><T111/><D128/><U56/><E41/><V1/><F120/><N who="0" m="46122" /><D27/><U45/><E45/><V46/><F132/><W32/><G117/><T30/><D30/><U102/><E102/><V48/><F48/><W44/><G3/><T51/><D51/><U87/><E77/><V116/><F115/><W82/><G125/><T95/><D95/><U78/><E78/><V28/><F116/><W121/><G121/><T98/><D98/><U52/><E58/><V60/><F131/><W112/><G112/><T47/><D83/><U96/><E22/><V23/><F23/><W133/><G133/><T0/><D0/><U100/><E100/><V134/><F134/><W36/><G99/><T124/><D124/><U64/><E64/><N who="2" m="40967" /><F28/><W65/><G82/><T43/><D47/><U8/><E8/><V34/><F1/><W103/><G11/><T90/><D90/><U35/><E35/><N who="2" m="20919" /><F107/><W50/><G32/><T92/><D92/><U42/><E42/><N who="0" m="15913" /><D111/><U57/><E57/><V126/><F46/><W130/><G108/><T62/><D62/><N who="1" m="36103" /><E87/><V76/><F126/><W25/><G130/><T109/><D109/><U110/><E110/><V75/><F79/><W86/><G44/><T84/><D84/><U13/><AGARI ba="0,0" hai="13,16,20,66,67,80,85,89,91,94,96" m="36103" machi="13" ten="30,4000,0" yaku="8,1,54,2" doraHai="31" who="1" fromWho="1" sc="250,-20,250,40,250,-10,250,-10" /><INIT seed="1,0,0,0,2,27" ten="230,290,240,240" oya="1" hai0="112,125,120,122,16,34,43,98,84,123,130,24,2" hai1="77,26,104,56,20,76,114,91,105,23,10,88,82" hai2="13,81,96,50,41,94,67,47,49,52,109,15,57" hai3="83,106,4,18,66,38,129,42,36,79,32,111,5"/><U126/><E114/><V61/><F81/><W69/><G18/><T30/><D125/><U9/><E126/><V121/><F109/><W134/><G111/><T19/><D112/><U101/><E105/><V6/><F6/><W33/><G129/><T63/><D130/><U7/><E104/><V128/><F121/><W93/><G93/><T97/><D2/><U118/><E118/><V89/><REACH who="2" step="1"/><F128/><REACH who="2" ten="230,290,230,240" step="2"/><W73/><G5/><T135/><D135/><U8/><E7/><V113/><F113/><W54/><G134/><T86/><D43/><U103/><E82/><V100/><F100/><W87/><G4/><T99/><D63/><U3/><E103/><V65/><F65/><W116/><G66/><T131/><D131/><U71/><E101/><V68/><AGARI ba="0,1" hai="13,15,41,47,49,50,52,57,61,67,68,89,94,96" machi="68" ten="20,8000,1" yaku="1,1,0,1,7,1,54,1,53,1" doraHai="27" doraHaiUra="64" who="2" fromWho="2" sc="230,-20,290,-40,230,90,240,-20" /><INIT seed="2,0,0,3,5,31" ten="210,250,320,220" oya="2" hai0="18,40,73,49,22,120,88,80,61,128,53,38,92" hai1="65,126,134,4,76,66,95,8,41,99,74,119,9" hai2="3,1,115,54,101,121,124,114,111,122,26,47,20" hai3="42,14,103,131,129,32,130,116,132,94,91,113,127"/><V105/><F101/><W28/><G116/><T100/><D120/><N who="2" m="46186" /><F105/><W59/><G103/><T112/><D128/><U133/><E119/><V71/><F54/><W67/><G42/><T10/><D112/><N who="2" m="43050" /><F47/><W98/><G113/><T17/><D38/><U69/><E41/><V52/><F52/><W50/><G14/><N who="0" m="7383" /><D73/><U125/><E76/><V46/><F46/><W0/><G0/><T97/><D61/><U30/><E74/><V11/><F71/><W34/><G28/><T37/><D37/><U23/><E69/><V16/><F124/><W25/><G127/><T19/><D40/><U57/><E57/><V93/><F93/><W21/><G50/><T15/><D18/><U87/><E95/><V64/><F64/><W43/><G67/><T60/><D60/><U77/><E66/><V135/><F135/><W13/><G132/><T62/><D62/><U81/><E65/><V85/><F85/><W7/><G59/><N who="0" m="33199" /><D80/><U107/><E81/><V44/><F44/><W108/><G43/><T68/><D68/><U70/><E70/><V56/><F56/><W36/><G36/><T106/><D106/><U104/><E107/><V55/><F55/><W110/><G98/><T2/><D100/><U39/><E99/><V123/><F123/><W6/><G94/><T24/><D2/><N who="2" m="522" /><F11/><N who="3" m="4351" /><G91/><T109/><D88/><U90/><E104/><V78/><F78/><W35/><G6/><T33/><D92/><U84/><E134/><V86/><F86/><N who="1" m="32809" /><E133/><V102/><F102/><W45/><G45/><T117/><D97/><U89/><E126/><V118/><F118/><W79/><G79/><RYUUKYOKU ba="0,0" sc="210,-15,250,-15,320,15,220,15" hai2="16,20,26,111" hai3="21,25,32,34,35,108,110,129,130,131" /><INIT seed="2,1,0,0,2,104" ten="195,235,335,235" oya="2" hai0="127,64,69,83,7,132,58,97,41,26,57,78,45" hai1="81,33,74,77,72,42,134,110,80,47,30,66,22" hai2="102,117,38,129,49,37,3,122,61,9,4,36,24" hai3="113,10,90,20,23,120,85,106,112,55,130,103,107"/><V59/><F117/><W1/><G120/><T46/><D132/><U52/><E110/><V84/><F122/><W79/><G79/><T75/><D127/><U111/><E111/><V56/><F129/><W17/><G130/><T131/><D131/><U92/><E134/><V29/><F102/><W67/><G67/><T48/><D7/><U15/><E66/><V25/><F49/><W101/><G55/><T98/><D26/><U128/><E128/><V94/><F25/><W114/><G1/><T40/><D69/><U121/><E121/><V2/><F2/><W51/><G51/><T125/><D125/><U71/><E71/><V21/><F61/><W118/><G10/><T6/><D6/><U73/><E33/><V91/><AGARI ba="1,0" hai="3,4,9,21,24,29,36,37,38,56,59,84,91,94" machi="91" ten="40,2100,0" yaku="0,1" doraHai="104" who="2" fromWho="2" sc="195,-8,235,-8,335,24,235,-8" /><INIT seed="2,2,0,2,3,81" ten="187,227,359,227" oya="2" hai0="111,53,0,51,133,16,50,128,121,49,57,19,120" hai1="122,66,7,93,87,23,73,75,47,39,114,109,28" hai2="56,26,38,108,102,98,33,25,112,77,63,9,29" hai3="103,105,110,36,119,68,132,74,4,42,58,113,35"/><V95/><F38/><W72/><RYUUKYOKU type="yao9" ba="2,0" sc="187,0,227,0,359,0,227,0" hai3="4,35,36,42,58,68,72,74,103,105,110,113,119,132" /><INIT seed="2,3,0,3,1,112" ten="187,227,359,227" oya="2" hai0="72,131,75,11,20,135,71,111,97,45,76,15,35" hai1="51,134,67,74,27,126,123,9,125,52,62,114,84" hai2="50,68,99,42,30,10,60,107,129,116,8,87,61" hai3="12,133,127,64,38,23,59,7,132,93,95,120,128"/><V33/><F87/><W26/><G120/><T94/><D35/><U25/><E74/><V40/><F60/><N who="3" m="37919" /><G38/><T65/><D111/><U14/><E114/><V101/><F116/><W106/><G106/><T6/><D135/><N who="3" m="51785" /><G128/><T54/><D131/><U79/><E134/><V122/><F122/><W22/><G127/><N who="1" m="48650" /><E123/><V80/><F80/><W53/><G53/><T56/><D76/><U82/><E62/><V104/><F104/><W41/><G41/><T17/><D45/><N who="1" m="27759" /><E67/><N who="2" m="41071" /><F129/><W73/><G73/><T66/><D71/><U83/><E83/><V4/><F50/><W124/><G124/><T36/><D36/><U28/><E28/><V48/><F48/><W49/><G49/><N who="0" m="30799" /><D75/><U121/><E121/><V91/><F30/><N who="3" m="17751" /><G7/><AGARI ba="3,0" hai="7,9,14,25,27,79,82,84" m="27759,48650" machi="7" ten="30,2000,0" yaku="18,1,54,1" doraHai="112" who="1" fromWho="3" sc="187,0,227,29,359,0,227,-29" /><INIT seed="3,0,0,5,2,87" ten="187,256,359,198" oya="3" hai0="17,72,55,76,134,54,101,11,92,43,128,89,6" hai1="109,105,98,97,60,46,103,52,83,102,12,108,62" hai2="114,81,129,121,1,56,16,90,3,15,132,0,91" hai3="20,23,7,27,131,25,22,30,77,48,117,93,13"/><W135/><G117/><T10/><D101/><U51/><E83/><V47/><F114/><W122/><G122/><T130/><D134/><U34/><E34/><V61/><F121/><W133/><G77/><T64/><D64/><U71/><E12/><V4/><F129/><N who="0" m="49770" /><D43/><U95/><REACH who="1" step="1"/><E71/><REACH who="1" ten="187,246,359,198" step="2"/><V112/><F81/><W113/><G131/><T44/><D72/><U84/><E84/><V126/><F15/><W9/><G135/><T120/><D120/><U69/><E69/><V26/><F0/><W67/><G133/><T29/><D76/><U123/><E123/><V73/><F1/><W50/><G113/><T85/><D29/><U58/><E58/><V59/><F59/><W53/><G67/><T124/><D124/><U66/><E66/><V99/><F126/><W14/><G53/><N who="0" m="19979" /><D44/><U94/><E94/><V68/><F47/><W118/><G118/><T65/><D65/><U8/><E8/><N who="0" m="3113" /><D17/><U40/><E40/><V21/><F132/><W111/><G111/><AGARI ba="0,1" hai="46,51,52,60,62,95,97,98,102,103,105,108,109,111" machi="111" ten="40,5200,0" yaku="1,1,14,1,54,1,53,0" doraHai="87" doraHaiUra="37" who="1" fromWho="3" sc="187,0,246,62,359,0,198,-52" owari="187,-21.3,308,10.8,359,45.9,146,-35.4" /></mjloggm>