<mjloggm ver="2.3"><GO type="225" lobby="0"/><UN n0="%E3%80%90%E3%83%88%E3%83%AA%E3%83%A5%E3%83%95%E3%80%91" n1="%6D%75%75%73%61%6E%6D%75" n2="%E3%83%81%E3%83%AF%E3%83%AF%E9%9A%8A%E9%95%B7" n3="%E9%80%86%E9%80%A3%E5%B8%AF%E3%81%AE%E9%AC%BC" dan="16,17,16,17" rate="2090.34,2179.05,2116.46,2130.55" sx="M,F,M,M"/><TAIKYOKU oya="0"/><INIT seed="0,0,0,5,0,91" ten="250,250,250,250" oya="0" hai0="79,82,102,9,109,4,14,119,125,50,77,97,59" hai1="62,75,19,44,22,30,99,104,85,121,114,45,131" hai2="111,48,112,26,3,72,69,68,10,55,89,135,8" hai3="29,81,52,76,113,24,95,16,60,127,118,87,84"/><T105/><D119/><U13/><E75/><V93/><F112/><W58/><G118/><T57/><D125/><U78/><E121/><V56/><F72/><W28/><G127/><T122/><D122/><U65/><E114/><V12/><F111/><W70/><G70/><T40/><D109/><U130/><E30/><V74/><F74/><W2/><G2/><T33/><D33/><U117/><E117/><V20/><F3/><W47/><G113/><T18/><D77/><U23/><E23/><V37/><F37/><W63/><G63/><T46/><REACH who="0" step="1"/><D18/><REACH who="0" ten="240,250,250,250" step="2"/><U41/><E78/><V11/><F135/><W132/><G132/><T83/><D83/><U54/><E19/><N who="2" m="10343" /><F26/><W66/><G16/><T98/><D98/><U134/><E99/><V32/><F32/><W124/><G124/><T42/><D42/><U90/><E41/><V64/><F64/><W103/><G24/><T126/><D126/><U17/><E134/><V110/><F110/><W92/><G28/><T27/><D27/><U123/><E123/><V108/><F108/><W94/><G29/><T120/><D120/><U49/><E65/><V51/><F51/><N who="3" m="28799" /><G87/><AGARI ba="0,1" hai="4,9,14,40,46,50,57,59,79,82,87,97,102,105" machi="87" ten="30,11600,0" yaku="1,1,7,1,25,2,53,0" doraHai="91" doraHaiUra="35" who="0" fromWho="3" sc="240,126,250,0,250,0,250,-116" /><AGARI ba="0,0" hai="8,10,11,48,55,56,68,69,87,89,93" m="10343" machi="87" ten="30,2000,0" yaku="25,1,52,1" doraHai="91" who="2" fromWho="3" sc="366,0,250,0,250,20,134,-20" /><INIT seed="0,1,0,4,3,110" ten="366,250,270,114" oya="0" hai0="38,66,57,15,62,77,39,108,22,35,13,16,18" hai1="63,45,97,85,135,4,123,115,117,109,29,2,121" hai2="74,60,37,69,0,86,93,40,100,20,99,9,101" hai3="80,46,87,132,133,118,75,3,127,98,50,61,48"/><T134/><D108/><U91/><E109/><V128/><F74/><W105/><G118/><T103/><D134/><U32/><E117/><V33/><F33/><W27/><G127/><T25/><D103/><U116/><E116/><V73/><F73/><W17/><G3/><T89/><D77/><U72/><E72/><V126/><F126/><W55/><G75/><T96/><D35/><U102/><E135/><V12/><F128/><W112/><G61/><T59/><D25/><U79/><E79/><V131/><F131/><W84/><G50/><T42/><D42/><U24/><E45/><V122/><F122/><W23/><G112/><T111/><D57/><U26/><E26/><V78/><F0/><W81/><G105/><T82/><D111/><U19/><E19/><V5/><F20/><W44/><G98/><T58/><D58/><U70/><E4/><V113/><F101/><W67/><G67/><T14/><D14/><U125/><E2/><V68/><F12/><W7/><G7/><T124/><D124/><U30/><E30/><V8/><F5/><W10/><G10/><T95/><D82/><N who="1" m="49591" /><E125/><V76/><F76/><N who="3" m="46087" /><G133/><T28/><REACH who="0" step="1"/><D28/><REACH who="0" ten="356,250,270,114" step="2"/><U120/><E120/><V1/><F1/><W65/><G132/><T56/><D56/><U107/><E115/><V47/><F113/><W21/><G46/><T11/><AGARI ba="1,1" hai="11,13,15,16,18,22,38,39,59,62,66,89,95,96" machi="11" ten="20,7800,0" yaku="1,1,0,1,7,1,54,1,53,0" doraHai="110" doraHaiUra="49" who="0" fromWho="0" sc="356,91,250,-27,270,-27,114,-27" /><INIT seed="0,2,0,4,2,127" ten="447,223,243,87" oya="0" hai0="30,134,7,59,65,10,86,31,104,97,103,92,25" hai1="32,14,79,129,91,125,20,84,49,124,4,90,58" hai2="51,24,102,23,119,117,28,122,118,88,17,36,77" hai3="85,114,81,82,96,113,73,132,107,69,75,40,63"/><T71/><D134/><U21/><E32/><V55/><F122/><W70/><G40/><T98/><D86/><U74/><E74/><V87/><F36/><W68/><G132/><T126/><D126/><N who="1" m="48747" /><E129/><V50/><F102/><W64/><G75/><T60/><D25/><U135/><E135/><V110/><F110/><W120/><G120/><T42/><D42/><U108/><E108/><V130/><F130/><W48/><G73/><T52/><D98/><U93/><E79/><V78/><F28/><W5/><G5/><T18/><D18/><U115/><E115/><V9/><F9/><W0/><G0/><T47/><D104/><U16/><E4/><V123/><F51/><W26/><G26/><T6/><D6/><U72/><E72/><V19/><F19/><W2/><G2/><T131/><D131/><U76/><E76/><V128/><F128/><W101/><G48/><N who="0" m="28703" /><D71/><U83/><E58/><N who="2" m="33143" /><F123/><W3/><G3/><T89/><D103/><U99/><E49/><V111/><F111/><W80/><REACH who="3" step="1"/><G85/><REACH who="3" ten="447,223,243,77" step="2"/><T57/><D7/><U46/><E46/><V29/><F29/><W44/><G44/><T121/><D121/><U133/><E133/><V61/><F61/><W100/><G100/><T56/><D30/><U62/><E62/><V112/><F112/><AGARI ba="2,1" hai="63,64,68,69,70,80,81,82,96,101,107,112,113,114" machi="112" ten="40,1300,0" yaku="1,1,53,0" doraHai="127" doraHaiUra="53" who="3" fromWho="2" sc="447,0,223,0,243,-19,77,29" /><INIT seed="1,0,0,5,3,83" ten="447,223,224,106" oya="1" hai0="60,118,89,134,36,45,55,43,68,40,109,112,51" hai1="98,119,124,56,3,113,11,58,25,67,28,13,66" hai2="10,17,14,97,5,110,126,54,42,84,15,48,64" hai3="52,91,4,16,7,117,62,76,18,80,50,94,120"/><U105/><E113/><V72/><F72/><W90/><G120/><T21/><D21/><U41/><E119/><V87/><F110/><W33/><G117/><T34/><D109/><U59/><E3/><V37/><F126/><W20/><G33/><T8/><D8/><U77/><E124/><V46/><F64/><W30/><G62/><T85/><D112/><U129/><E129/><V133/><F133/><W38/><G38/><T130/><D34/><U74/><E41/><V88/><F97/><W2/><G30/><T23/><D23/><U108/><E108/><V79/><F79/><W32/><G32/><T22/><D22/><U78/><E98/><V111/><F111/><W57/><G18/><T102/><D134/><U132/><E105/><V26/><F26/><W86/><G2/><T49/><D102/><U106/><E106/><V96/><F14/><N who="3" m="9239" /><G91/><T116/><D130/><U9/><E132/><V24/><F24/><W47/><G47/><T53/><D68/><U121/><E121/><V101/><F17/><W27/><G27/><T81/><D60/><U1/><E1/><V92/><F101/><W107/><G107/><T95/><D40/><U71/><E71/><V100/><F100/><W63/><G63/><T6/><D6/><N who="1" m="3255" /><E11/><V82/><F82/><W70/><G70/><T122/><D122/><U39/><E39/><V69/><F69/><W31/><G31/><T127/><D127/><U128/><E128/><V104/><F104/><W125/><G125/><T123/><D123/><U61/><E74/><AGARI ba="0,0" hai="4,7,50,52,57,74,76,80,86,90,94" m="9239" machi="74" ten="30,7700,0" yaku="25,1,52,1,54,2" doraHai="83" who="3" fromWho="1" sc="447,0,223,-77,224,0,106,77" /><INIT seed="2,0,0,0,1,134" ten="447,146,224,183" oya="2" hai0="47,126,32,37,121,10,76,95,123,59,7,54,105" hai1="21,73,34,75,53,100,80,82,9,63,92,46,65" hai2="70,101,33,58,17,104,96,12,22,77,94,98,2" hai3="99,31,81,30,112,93,38,128,132,24,48,25,125"/><V35/><F70/><W20/><G38/><T86/><D105/><U71/><E34/><V3/><F77/><W42/><G132/><T117/><D32/><U26/><E9/><V16/><F33/><W23/><G128/><T39/><D117/><U1/><E1/><V116/><F116/><W56/><G112/><T87/><D47/><U36/><E75/><V66/><F35/><W78/><G125/><T113/><D126/><U60/><E73/><V109/><F109/><W19/><G19/><T74/><D74/><U131/><E131/><V110/><F110/><W85/><G56/><T27/><D27/><U61/><E71/><V114/><F114/><W8/><G8/><T51/><D113/><U111/><E111/><V127/><F127/><W115/><G115/><T14/><D39/><U79/><E79/><V69/><F69/><W68/><G68/><T52/><D37/><U41/><E53/><V4/><F4/><W28/><G28/><T11/><D54/><U88/><E100/><V89/><REACH who="2" step="1"/><F17/><REACH who="2" ten="447,146,214,183" step="2"/><W45/><G31/><T108/><D108/><U130/><E130/><V5/><F5/><W124/><G124/><T129/><D129/><U103/><E65/><V106/><F106/><W15/><G30/><T83/><D121/><U49/><E36/><V55/><F55/><W67/><G67/><T102/><D123/><U84/><E103/><V118/><F118/><W50/><G78/><T62/><D102/><U6/><E6/><V91/><F91/><W97/><G42/><T120/><D120/><U107/><E107/><V44/><F44/><W57/><G45/><RYUUKYOKU ba="0,1" sc="447,-15,146,15,214,15,183,-15" hai1="21,26,41,46,49,60,61,63,80,82,84,88,92" hai2="2,3,12,16,22,58,66,89,94,96,98,101,104" /><INIT seed="2,1,1,2,4,82" ten="432,161,229,168" oya="2" hai0="61,2,89,40,50,76,58,11,19,120,54,133,24" hai1="121,95,36,8,65,10,98,135,90,62,128,20,28" hai2="112,100,5,18,59,37,6,15,66,25,12,3,51" hai3="14,119,83,47,85,110,79,94,87,118,126,46,67"/><V77/><F37/><W56/><G126/><T101/><D120/><U107/><E121/><V104/><F112/><W70/><G70/><T42/><D2/><U53/><E135/><V38/><F38/><W93/><G110/><T29/><D76/><U81/><E128/><V7/><F3/><W9/><G119/><T108/><D101/><U131/><E131/><V55/><F66/><W34/><G34/><T57/><D108/><U122/><E122/><V80/><F100/><W125/><G125/><T134/><D89/><U97/><E36/><V31/><F104/><W43/><G118/><T63/><D19/><U130/><E130/><V113/><F18/><W75/><G75/><T123/><D11/><U68/><E53/><V72/><REACH who="2" step="1"/><F113/><REACH who="2" ten="432,161,219,168" step="2"/><W16/><G67/><N who="0" m="39343" /><D123/><U44/><E107/><V26/><F26/><W22/><G16/><T17/><D17/><U64/><E64/><V132/><F132/><W60/><G9/><T74/><D24/><U23/><E10/><V13/><F13/><W0/><G14/><T103/><D103/><U21/><E8/><V32/><AGARI ba="1,2" hai="5,6,7,12,15,25,31,32,51,55,59,72,77,80" machi="32" ten="30,3000,0" yaku="1,1,0,1,53,0" doraHai="82" doraHaiUra="39" who="2" fromWho="2" sc="432,-11,161,-11,219,53,168,-11" /><INIT seed="2,2,0,4,4,38" ten="421,150,272,157" oya="2" hai0="64,23,92,96,99,90,98,61,17,55,131,81,9" hai1="133,121,82,37,127,27,128,41,18,56,46,7,49" hai2="4,97,91,102,88,22,83,71,87,58,75,94,3" hai3="70,34,84,47,50,28,52,101,54,126,29,62,13"/><V15/><F71/><W68/><G126/><T57/><D131/><U14/><E128/><V115/><F115/><W86/><G101/><T113/><D9/><U105/><E105/><V95/><F3/><W110/><G110/><T77/><D113/><U132/><E127/><V5/><F75/><W42/><G13/><N who="0" m="9647" /><D64/><U100/><E100/><V0/><F0/><W107/><G107/><T6/><D6/><U120/><E7/><V116/><F116/><W103/><G103/><T12/><D12/><U67/><E82/><V26/><F15/><W134/><G134/><N who="1" m="51818" /><E27/><V24/><F58/><W8/><G8/><T108/><D108/><U51/><E18/><N who="2" m="12375" /><F26/><W124/><G124/><T112/><D112/><U106/><E106/><V19/><F19/><W122/><G70/><T16/><D16/><U65/><E14/><V39/><F39/><W104/><G104/><T63/><D63/><N who="1" m="38119" /><E67/><V33/><F33/><W89/><G34/><T10/><D10/><U125/><E125/><V1/><F1/><W36/><G28/><T48/><D81/><U85/><E85/><AGARI ba="2,0" hai="4,5,83,85,87,88,91,94,95,97,102" m="12375" machi="85" ten="30,2900,0" yaku="8,1,54,1" doraHai="38" who="2" fromWho="1" sc="421,0,150,-35,272,35,157,0" /><INIT seed="2,3,0,5,1,98" ten="421,115,307,157" oya="2" hai0="116,47,73,101,64,81,32,111,23,55,27,128,99" hai1="46,132,5,36,117,75,51,7,123,9,125,109,62" hai2="2,121,106,34,76,114,93,41,57,112,100,14,12" hai3="42,127,20,60,13,40,89,78,25,108,16,31,110"/><V50/><F2/><W37/><G127/><T65/><D111/><N who="3" m="42537" /><G37/><T129/><D32/><U71/><E109/><V43/><F121/><W38/><G38/><T45/><D116/><U58/><E117/><V53/><F106/><W19/><G78/><N who="0" m="44239" /><D64/><U70/><E125/><V29/><F76/><W69/><G89/><T77/><D65/><U26/><E36/><V104/><F104/><W90/><G90/><T122/><D77/><U88/><E75/><V83/><F83/><W72/><G72/><T63/><D63/><U94/><E123/><V52/><F34/><W4/><G4/><T124/><D122/><U18/><E71/><V3/><F3/><W95/><G95/><N who="0" m="58623" /><D55/><N who="1" m="34143" /><E70/><V33/><F33/><N who="3" m="20719" /><G19/><T59/><D59/><U8/><E5/><V82/><F29/><W49/><G49/><T21/><D124/><U115/><E115/><V84/><F114/><W87/><G87/><T56/><D56/><U48/><E48/><N who="2" m="30855" /><F112/><W103/><G103/><T11/><D11/><U24/><E7/><V68/><F68/><W126/><G126/><T135/><D21/><N who="1" m="13367" /><E26/><V67/><F67/><AGARI ba="3,0" hai="13,16,20,40,42,60,67,69" m="20719,42537" machi="67" ten="30,2000,0" yaku="14,1,54,1" doraHai="98" who="3" fromWho="2" sc="421,0,115,0,307,-29,157,29" /><INIT seed="3,0,0,2,1,85" ten="421,115,278,186" oya="3" hai0="45,47,59,25,77,73,134,28,8,87,122,52,129" hai1="130,55,71,81,83,43,22,67,120,62,80,114,107" hai2="3,104,111,10,106,131,116,97,79,69,12,16,84" hai3="7,23,112,61,29,6,78,32,109,26,56,18,126"/><W99/><G112/><T115/><D122/><U57/><E120/><V20/><F116/><W40/><G126/><T133/><D73/><U127/><E114/><V66/><F111/><W42/><G109/><T44/><D8/><U103/><E127/><V121/><F121/><W39/><G78/><T13/><D13/><U60/><E130/><V86/><F131/><W53/><G99/><T100/><D100/><U35/><E35/><V46/><F46/><W11/><G39/><T102/><D102/><U88/><E43/><V76/><F97/><W96/><G96/><T34/><D129/><U27/><E103/><V82/><F66/><W135/><G135/><N who="0" m="51723" /><D115/><U54/><E107/><V1/><F69/><W19/><G6/><T119/><D119/><U51/><E55/><V58/><F58/><W49/><G32/><T108/><D108/><U124/><E124/><V70/><F70/><W125/><G125/><T48/><D87/><U74/><E74/><V117/><F117/><W17/><REACH who="3" step="1"/><G61/><REACH who="3" ten="421,115,278,176" step="2"/><N who="0" m="36071" /><D77/><U123/><E123/><V38/><F38/><W4/><G4/><T68/><D68/><U36/><E36/><V101/><F76/><W118/><G118/><T24/><D24/><U0/><E62/><V21/><F79/><W9/><G9/><T132/><D132/><U31/><REACH who="1" step="1"/><E0/><AGARI ba="0,1" hai="0,7,11,17,18,19,23,26,29,40,42,49,53,56" machi="0" ten="40,7700,0" yaku="1,1,53,2" doraHai="85" doraHaiUra="37" who="3" fromWho="1" sc="421,0,115,-77,278,0,176,87" /><INIT seed="3,1,0,2,5,116" ten="421,38,278,263" oya="3" hai0="21,77,84,128,109,23,67,49,110,32,55,59,126" hai1="79,2,76,88,106,91,95,102,97,51,53,101,29" hai2="13,94,57,133,64,132,54,47,38,12,14,129,100" hai3="46,111,33,125,18,28,22,3,60,92,4,41,37"/><W112/><G112/><T5/><D32/><U105/><E2/><V131/><F64/><W114/><G114/><T80/><D128/><N who="2" m="49226" /><F100/><N who="1" m="38505" /><E29/><V24/><F94/><W63/><G125/><T113/><D113/><U75/><E53/><V89/><F89/><N who="1" m="34377" /><E51/><N who="2" m="30943" /><F24/><W43/><G43/><AGARI ba="1,0" hai="12,13,14,38,43,47,132,133" m="30943,49226" machi="43" ten="40,1300,0" yaku="19,1" doraHai="116" who="2" fromWho="3" sc="421,0,38,0,278,16,263,-16" owari="421,52.1,38,-46.2,294,9.4,247,-15.3" /></mjloggm>