<mjloggm ver="2.3"><GO type="225" lobby="0"/><UN n0="%E7%99%BD%E6%97%A5%E9%9B%AA%E8%8F%9C" n1="%E3%81%BF%E3%81%BF%E3%81%9A" n2="%65%2D%73%65%70%65%6E%3B" n3="%72%69%6F%75%63%68%61%6E" dan="16,16,16,16" rate="2183.77,2166.41,2143.71,2132.86" sx="M,M,M,M"/><TAIKYOKU oya="0"/><INIT seed="0,0,0,0,3,32" ten="250,250,250,250" oya="0" hai0="73,123,51,24,101,77,71,99,14,118,29,0,98" hai1="106,112,124,94,104,61,120,63,127,125,4,135,40" hai2="72,90,60,89,96,36,102,62,108,84,37,128,38" hai3="30,57,75,111,65,1,22,95,47,6,8,92,54"/><T91/><D118/><U115/><E120/><V41/><F72/><W113/><G113/><N who="1" m="43594" /><E135/><V27/><F41/><W3/><G111/><T67/><D123/><U70/><E70/><V129/><F108/><W64/><G75/><T109/><D109/><U34/><E34/><V46/><F46/><W131/><G131/><N who="2" m="50249" /><F27/><W130/><G130/><T12/><D0/><U76/><E76/><V43/><F43/><W39/><G1/><T18/><D71/><U58/><E4/><V19/><F19/><W26/><G39/><T86/><D67/><U49/><E94/><N who="2" m="54567" /><F90/><W80/><G80/><T117/><D117/><U35/><E35/><V7/><F7/><W31/><G31/><T23/><D77/><U116/><E116/><V66/><F66/><W68/><G47/><T33/><D73/><U121/><E121/><V25/><F25/><W9/><G65/><T52/><D101/><U114/><N who="1" m="43602" /><U55/><DORA hai="74" /><E40/><V59/><F59/><W2/><G64/><T119/><D119/><U42/><E42/><V21/><F21/><W20/><G22/><T105/><D105/><AGARI ba="0,0" hai="49,55,58,61,63,104,105,106,124,125,127" m="43602" machi="105" ten="50,3200,0" yaku="18,1,11,1" doraHai="32,74" who="1" fromWho="0" sc="250,-32,250,32,250,0,250,0" /><AGARI ba="0,0" hai="36,37,38,60,62,96,102,105" m="54567,50249" machi="105" ten="40,1300,0" yaku="19,1" doraHai="32,74" who="2" fromWho="0" sc="218,-13,282,0,250,13,250,0" /><INIT seed="1,0,0,0,0,111" ten="205,282,263,250" oya="1" hai0="57,6,12,50,69,85,102,40,134,80,19,16,41" hai1="5,122,30,11,127,24,2,35,28,10,26,36,135" hai2="38,100,17,44,81,116,82,34,132,104,95,113,77" hai3="124,112,73,125,60,20,96,21,91,43,97,71,123"/><U55/><E36/><V8/><F116/><W103/><G112/><T48/><D69/><U89/><E55/><V83/><F104/><W99/><G123/><T52/><D134/><U65/><E65/><V78/><F34/><W46/><G73/><T68/><D68/><U49/><E49/><V72/><F132/><W121/><G121/><T117/><D102/><U66/><E66/><V1/><F77/><W4/><G103/><T58/><D117/><U70/><E70/><V32/><F32/><W87/><G4/><T76/><D58/><U27/><E89/><V67/><F67/><W0/><G0/><T120/><D120/><U106/><E106/><V45/><F45/><W133/><G133/><T42/><D50/><U56/><E56/><V110/><F110/><W74/><G74/><T90/><D90/><U88/><E88/><V128/><F17/><W29/><G29/><T126/><D126/><N who="3" m="48745" /><G60/><T75/><D75/><U18/><E127/><V105/><F105/><W33/><G33/><T84/><D85/><U101/><E101/><V79/><F72/><W23/><G71/><T9/><AGARI ba="0,0" hai="6,9,12,16,19,40,41,42,48,52,57,76,80,84" machi="9" ten="30,7900,0" yaku="0,1,8,1,54,2" doraHai="111" who="0" fromWho="0" sc="205,79,282,-39,263,-20,250,-20" /><INIT seed="2,0,0,5,1,31" ten="284,243,243,230" oya="2" hai0="84,54,17,126,70,58,107,127,37,21,53,78,113" hai1="122,19,1,121,67,71,101,14,29,123,26,86,8" hai2="12,24,80,76,111,15,81,0,42,130,112,16,98" hai3="38,83,72,2,60,11,3,44,90,56,117,134,100"/><V91/><F0/><W48/><G117/><T20/><D113/><U46/><E101/><V87/><F112/><W128/><G134/><T34/><D70/><U120/><N who="1" m="30720" /><DORA hai="115" /><U114/><E114/><V108/><F130/><W22/><G128/><T74/><D37/><U28/><E86/><V41/><F24/><W27/><G38/><T39/><D39/><U32/><E46/><V30/><F30/><W110/><G110/><N who="2" m="42025" /><F12/><W40/><G100/><T45/><D107/><U118/><E118/><V4/><F4/><W103/><G103/><T25/><D74/><U69/><E67/><V133/><F133/><W104/><G104/><T119/><D119/><U13/><E29/><V109/><N who="2" m="42033" /><V73/><DORA hai="6" /><F98/><W7/><G72/><T75/><D75/><U106/><E1/><V35/><F35/><W59/><G2/><T64/><D34/><U18/><E106/><V135/><F135/><W93/><G83/><T47/><D84/><U124/><E124/><V97/><F97/><W131/><G131/><T63/><D126/><U132/><E132/><V49/><F49/><W89/><G60/><T52/><D127/><U50/><E50/><V77/><F77/><W102/><G102/><T94/><D78/><U57/><E57/><V55/><F55/><W9/><G90/><T92/><D54/><U96/><E96/><V23/><AGARI ba="0,0" hai="15,16,23,41,42,73,76,80,81,87,91" m="42033" machi="23" ten="40,7800,0" yaku="14,1,10,1,54,1" doraHai="31,115,6" who="2" fromWho="2" sc="284,-26,243,-26,243,78,230,-26" /><INIT seed="2,1,0,4,3,19" ten="258,217,321,204" oya="2" hai0="105,66,59,21,38,9,49,53,41,65,89,116,44" hai1="30,97,135,100,113,37,106,131,77,107,132,90,111" hai2="3,69,71,119,18,0,91,39,17,83,57,118,80" hai3="130,114,64,96,60,25,28,125,23,12,61,95,20"/><V112/><F112/><W115/><G125/><T51/><D105/><U92/><E37/><V87/><F57/><W40/><G130/><T22/><D116/><U134/><E113/><N who="3" m="43018" /><G40/><T16/><D38/><U26/><E111/><V50/><F39/><W55/><G55/><T99/><D9/><U43/><E43/><V81/><F87/><W98/><G95/><N who="0" m="56815" /><D22/><N who="3" m="8233" /><G12/><AGARI ba="1,0" hai="12,16,21,41,44,49,51,53,59,65,66" m="56815" machi="12" ten="30,3900,0" yaku="8,1,52,1,54,1" doraHai="19" who="0" fromWho="3" sc="258,42,217,0,321,0,204,-42" /><INIT seed="3,0,0,3,2,74" ten="300,217,321,162" oya="3" hai0="63,117,82,135,69,25,104,90,130,30,0,105,79" hai1="94,122,100,99,89,59,54,102,108,84,56,16,127" hai2="85,113,19,51,52,1,49,111,28,98,73,39,132" hai3="32,121,21,96,97,109,133,22,115,40,131,107,58"/><W93/><G115/><T33/><D117/><U80/><E108/><V77/><F73/><W41/><G121/><T57/><D90/><U36/><E127/><V20/><F39/><W126/><G32/><T61/><D130/><U66/><E122/><V129/><F1/><W31/><G126/><T17/><D0/><U112/><E112/><V83/><F113/><W119/><G119/><T5/><D5/><U128/><E128/><V7/><F129/><W24/><G131/><T26/><D135/><U45/><E36/><V88/><F7/><W62/><G133/><T35/><D69/><U101/><E45/><V23/><F111/><W75/><G75/><T67/><D63/><N who="1" m="38247" /><E16/><V48/><F52/><W125/><G125/><T81/><D81/><U14/><E14/><N who="2" m="9335" /><F132/><W103/><G109/><T95/><D95/><U3/><E3/><V92/><F23/><W53/><REACH who="3" step="1"/><G21/><REACH who="3" ten="300,217,321,152" step="2"/><T124/><D124/><U12/><E12/><V8/><F8/><W134/><G134/><T64/><D35/><U43/><E43/><V114/><F114/><W44/><G44/><T15/><D33/><U71/><E71/><V76/><F28/><W87/><G87/><T110/><D30/><U2/><E2/><V70/><F70/><W37/><G37/><T91/><D110/><U55/><E59/><V27/><F27/><W106/><G106/><T9/><D105/><U118/><E118/><V29/><F29/><W65/><G65/><T50/><D104/><U123/><E123/><V38/><F38/><W18/><G18/><T72/><D67/><U11/><E11/><V42/><F42/><RYUUKYOKU ba="0,1" sc="300,-30,217,10,321,10,152,10" hai1="54,55,80,84,89,94,99,100,101,102" hai2="48,49,51,76,77,83,85,88,92,98" hai3="22,24,31,40,41,53,58,62,93,96,97,103,107" /><INIT seed="3,1,1,4,5,34" ten="270,227,331,162" oya="3" hai0="97,54,112,37,87,46,99,58,9,15,82,39,127" hai1="91,25,77,49,135,95,60,12,134,116,122,69,104" hai2="22,38,125,17,53,41,16,28,29,114,75,101,84" hai3="66,109,78,103,130,21,117,36,43,121,86,45,55"/><W1/><G117/><T88/><D127/><U14/><E122/><V96/><F114/><W31/><G121/><T8/><D112/><U108/><E108/><V59/><F75/><W32/><G109/><T6/><D9/><U71/><E104/><V30/><F125/><W2/><G32/><T10/><D10/><U79/><E95/><N who="2" m="58527" /><F38/><W102/><G130/><T63/><REACH who="0" step="1"/><D37/><REACH who="0" ten="260,227,331,162" step="2"/><U23/><E116/><V74/><F74/><W85/><G66/><T119/><D119/><U4/><E135/><V52/><F41/><AGARI ba="1,2" hai="6,8,15,39,41,46,54,58,63,82,87,88,97,99" machi="41" ten="40,2600,0" yaku="1,1,54,1,53,0" doraHai="34" doraHaiUra="107" who="0" fromWho="2" sc="260,49,227,0,331,-29,162,0" owari="309,40.9,227,-17.3,302,10.2,162,-33.8" /></mjloggm>