<mjloggm ver="2.3"><GO type="225" lobby="0"/><UN n0="%4C%4F%4C%49%54%41" n1="%E7%AB%8B%E8%8A%B1%E9%9F%BF" n2="%28%EF%BF%A3%E2%96%BD%EF%BF%A3%29%CE%B4%E2%8C%92%E3%83%BB" n3="%E3%80%90%E3%83%88%E3%83%AA%E3%83%A5%E3%83%95%E3%80%91" dan="16,17,17,16" rate="2173.67,2162.20,2239.18,2057.10" sx="F,F,M,M"/><TAIKYOKU oya="0"/><INIT seed="0,0,0,4,4,22" ten="250,250,250,250" oya="0" hai0="45,120,24,50,42,75,115,112,7,116,70,46,90" hai1="1,18,87,16,95,98,67,54,78,117,103,3,130" hai2="88,33,41,56,100,37,62,12,4,124,114,105,84" hai3="40,104,92,55,13,52,36,91,23,21,31,6,76"/><T57/><D75/><U34/><E117/><V85/><F33/><W108/><G104/><T64/><D116/><U83/><E130/><V27/><F114/><W97/><G76/><T38/><D7/><U96/><E67/><V9/><F124/><W94/><G36/><T20/><D120/><U39/><E39/><V127/><F127/><W28/><G40/><T11/><D11/><U14/><E34/><V48/><F37/><W59/><G108/><T32/><D32/><U128/><E128/><V72/><F72/><W109/><G109/><T61/><D90/><U43/><E43/><V131/><F131/><W93/><G55/><N who="0" m="31991" /><D45/><U79/><E79/><V81/><F105/><W71/><G71/><T132/><D132/><U119/><E119/><V0/><F100/><W129/><G129/><T135/><D135/><U47/><E98/><V122/><F122/><W17/><G6/><T19/><AGARI ba="0,0" hai="19,20,24,38,42,46,61,64,70,112,115" m="31991" machi="19" ten="30,3000,0" yaku="24,1,52,1" doraHai="22" who="0" fromWho="0" sc="250,30,250,-10,250,-10,250,-10" /><INIT seed="0,1,0,3,0,53" ten="280,240,240,240" oya="0" hai0="14,112,51,26,71,94,59,6,85,131,87,21,127" hai1="41,89,95,135,10,116,109,16,81,73,110,54,3" hai2="20,88,50,39,92,32,28,74,45,5,38,42,114" hai3="105,99,49,29,47,62,60,103,129,24,106,61,117"/><T119/><D71/><U82/><E116/><V100/><F74/><W104/><G117/><T35/><D35/><U120/><E120/><V115/><F100/><W98/><G98/><T40/><D112/><U78/><E82/><V37/><F32/><W13/><G13/><T11/><D127/><U8/><E135/><V22/><F5/><W118/><G129/><T122/><D122/><U44/><E54/><V133/><F133/><W69/><G118/><T27/><D131/><U111/><E16/><V67/><F67/><W64/><G106/><T52/><D119/><U123/><E123/><V77/><F77/><W107/><G107/><T66/><D66/><U80/><E80/><V33/><F33/><N who="3" m="20647" /><G105/><T15/><D40/><AGARI ba="1,0" hai="40,47,49,60,61,62,64,69,99,103,104" m="20647" machi="40" ten="30,1000,0" yaku="25,1" doraHai="53" who="3" fromWho="0" sc="280,-13,240,0,240,0,240,13" /><INIT seed="1,0,0,0,4,75" ten="267,240,240,253" oya="1" hai0="86,46,52,97,129,89,0,5,18,15,74,10,37" hai1="93,69,14,9,115,120,34,38,90,134,41,112,114" hai2="110,57,17,100,116,78,39,43,131,23,91,104,44" hai3="83,76,3,21,8,30,54,2,25,133,124,22,7"/><U102/><E120/><V65/><F116/><W128/><G128/><T60/><D129/><U32/><E69/><V31/><F131/><W72/><G133/><T42/><D74/><U121/><E121/><V99/><F110/><W59/><G124/><T49/><D97/><U63/><E102/><V107/><F91/><W117/><G117/><T77/><D60/><U58/><E41/><V64/><F31/><W51/><REACH who="3" step="1"/><G2/><REACH who="3" ten="267,240,240,243" step="2"/><T126/><D126/><U36/><E134/><V40/><F107/><W111/><G111/><T105/><D105/><U1/><E1/><V45/><F57/><W92/><G92/><T4/><D0/><U84/><E32/><AGARI ba="0,1" hai="3,7,8,21,22,25,30,32,51,54,59,72,76,83" machi="32" ten="30,7700,0" yaku="1,1,7,1,52,1,53,1" doraHai="75" doraHaiUra="55" who="3" fromWho="1" sc="267,0,240,-77,240,0,243,87" /><INIT seed="2,0,0,2,3,133" ten="267,163,240,330" oya="2" hai0="94,29,116,2,104,10,54,124,102,67,42,103,73" hai1="111,65,105,95,40,32,134,98,106,52,100,26,45" hai2="66,93,112,34,84,27,51,101,22,119,123,127,128" hai3="3,24,14,126,18,35,121,8,0,1,21,81,12"/><V25/><F112/><W28/><G121/><T38/><D104/><U78/><E134/><V31/><F123/><W36/><G36/><T13/><D2/><U79/><E111/><V109/><F119/><W11/><G81/><T89/><D73/><U50/><E65/><V110/><F66/><W86/><G86/><T39/><D67/><U4/><E4/><V43/><F128/><W49/><G126/><T63/><D29/><U9/><E9/><N who="3" m="3658" /><G49/><T37/><D42/><U97/><E40/><V132/><F132/><W70/><G70/><T118/><D124/><U19/><E106/><V59/><F127/><W125/><G125/><T82/><D82/><U96/><E96/><V15/><F15/><AGARI ba="0,0" hai="0,1,3,12,14,15,18,21,24,28,35" m="3658" machi="15" ten="40,8000,1" yaku="35,5" doraHai="133" who="3" fromWho="2" sc="267,0,163,0,240,-80,330,80" /><INIT seed="3,0,0,2,4,131" ten="267,163,160,410" oya="3" hai0="5,78,64,81,104,125,126,53,10,135,122,18,98" hai1="72,46,92,115,71,103,127,76,14,116,31,42,50" hai2="2,117,19,109,55,56,44,110,7,51,59,79,65" hai3="60,77,41,24,74,70,102,91,124,22,123,93,1"/><W84/><G123/><T28/><D135/><U27/><E115/><V73/><F117/><W114/><G1/><T128/><D128/><U6/><E71/><V89/><F65/><W132/><G132/><T38/><D122/><U82/><E116/><V118/><F118/><W4/><G4/><T13/><D38/><U40/><E127/><V9/><F19/><W49/><G74/><T15/><D64/><U119/><E119/><V85/><F79/><W35/><G35/><T88/><D28/><U67/><E67/><V20/><F20/><W61/><G70/><T45/><D45/><U29/><E40/><V86/><F73/><W68/><G68/><T107/><D53/><U120/><E120/><V94/><F86/><W83/><G102/><T129/><D129/><U3/><E3/><V108/><AGARI ba="0,0" hai="2,7,9,44,51,55,56,59,85,89,94,108,109,110" machi="108" ten="30,2000,0" yaku="0,1,14,1" doraHai="131" who="2" fromWho="2" sc="267,-5,163,-5,160,20,410,-10" owari="262,6.2,158,-34.2,180,-22.0,400,50.0" /></mjloggm>