<mjloggm ver="2.3"><GO type="225" lobby="0"/><UN n0="%E7%AD%89%E3%80%85%E5%8A%9B%E5%8A%87%E5%A0%B4" n1="%47%48%4F%53%54" n2="%61%69%73%79%6F" n3="%E2%80%A0%E7%99%BD%E5%85%8E%E2%80%A0" dan="16,17,17,18" rate="2127.92,2234.18,2173.92,2145.36" sx="M,M,M,M"/><TAIKYOKU oya="0"/><INIT seed="0,0,0,3,2,28" ten="250,250,250,250" oya="0" hai0="25,42,130,72,104,100,51,99,93,55,49,48,61" hai1="38,31,8,105,101,53,63,44,54,85,95,18,96" hai2="22,78,115,131,126,2,133,67,60,84,37,135,21" hai3="6,127,88,33,70,26,116,124,123,34,109,16,82"/><T98/><D72/><U45/><E31/><V52/><F115/><W59/><G70/><T50/><D130/><U134/><E134/><N who="2" m="51211" /><F2/><W132/><G132/><T1/><D1/><U11/><E38/><V56/><F37/><W43/><G116/><T17/><D42/><U62/><E105/><V75/><F131/><W108/><G123/><T94/><D104/><U12/><E85/><V122/><F122/><W10/><G43/><T35/><D61/><N who="1" m="23051" /><E11/><V87/><F126/><N who="3" m="48171" /><G59/><T77/><D77/><U74/><E74/><V114/><F114/><W58/><G58/><T113/><D113/><U106/><E106/><V110/><F110/><N who="3" m="42603" /><G88/><T107/><D50/><U97/><E97/><V23/><F67/><W117/><G82/><AGARI ba="0,0" hai="21,22,23,52,56,60,75,78,82,84,87" m="51211" machi="82" ten="30,2000,0" yaku="20,1,54,1" doraHai="28" who="2" fromWho="3" sc="250,0,250,0,250,20,250,-20" /><INIT seed="1,0,0,2,4,17" ten="250,250,270,230" oya="1" hai0="10,8,109,31,78,74,121,14,126,64,57,72,61" hai1="110,54,2,123,34,24,39,1,45,125,70,32,9" hai2="33,36,118,27,95,21,103,46,69,81,43,58,18" hai3="15,112,90,119,80,6,114,23,99,19,12,51,108"/><U87/><E123/><V52/><F118/><W127/><G119/><T44/><D109/><U71/><E110/><V60/><F33/><W20/><G108/><T28/><D126/><U82/><E125/><V131/><F131/><W93/><G127/><T4/><D121/><U130/><E130/><V102/><F95/><W63/><G63/><T13/><D44/><U134/><E134/><V11/><F69/><W105/><G105/><T124/><D124/><U117/><E117/><V25/><F25/><W101/><G51/><T76/><D74/><U68/><E24/><V133/><F133/><W3/><G3/><T66/><D64/><U53/><E39/><V26/><F26/><W56/><G56/><T65/><D65/><U83/><E45/><V92/><F92/><W50/><G50/><T49/><D49/><U98/><E98/><V42/><F42/><W7/><G114/><T86/><D72/><U96/><E96/><V77/><F11/><W113/><G113/><T30/><REACH who="0" step="1"/><D86/><AGARI ba="0,0" hai="18,21,27,36,43,46,52,58,60,77,81,86,102,103" machi="86" ten="30,3900,0" yaku="7,1,52,1,54,1" doraHai="17" who="2" fromWho="0" sc="250,-39,250,0,270,39,230,0" /><INIT seed="2,0,0,0,1,88" ten="211,250,309,230" oya="2" hai0="131,122,6,90,108,87,120,62,76,95,18,52,60" hai1="21,109,79,58,113,63,86,25,84,59,20,15,124" hai2="116,112,96,4,68,80,132,19,47,74,50,5,8" hai3="9,12,66,107,77,31,111,35,42,126,94,36,48"/><V46/><F68/><W22/><G107/><T99/><D108/><U29/><E113/><V2/><F132/><W7/><G111/><T103/><D131/><U67/><E124/><V34/><F34/><W106/><G106/><T37/><D37/><U98/><E109/><V43/><F116/><W24/><G126/><T11/><D76/><U73/><E73/><V78/><F5/><W114/><G114/><T83/><D18/><N who="1" m="10335" /><E79/><V64/><F64/><W3/><G36/><T17/><D17/><U38/><E38/><V33/><F33/><W55/><G42/><T1/><REACH who="0" step="1"/><D62/><REACH who="0" ten="201,250,309,230" step="2"/><N who="1" m="38367" /><E98/><V71/><F19/><W49/><G77/><T54/><D54/><AGARI ba="0,1" hai="21,25,29,54,58,63,84,86" m="38367,10335" machi="54" ten="30,1000,0" yaku="8,1" doraHai="88" who="1" fromWho="0" sc="201,-10,250,20,309,0,230,0" /><INIT seed="3,0,0,3,0,16" ten="191,270,309,230" oya="3" hai0="61,70,3,63,46,62,58,110,8,71,2,88,33" hai1="122,9,87,91,67,54,77,101,21,84,123,43,28" hai2="127,45,78,53,52,103,22,47,17,129,0,4,18" hai3="6,55,130,57,97,120,72,50,80,30,74,37,23"/><W51/><G120/><T56/><D33/><U1/><E101/><V66/><F0/><W115/><G37/><T131/><D8/><U124/><E124/><V36/><F4/><W85/><G115/><T108/><D46/><U96/><E96/><V20/><F129/><W5/><G130/><T89/><REACH who="0" step="1"/><D62/><REACH who="0" ten="181,270,309,230" step="2"/><U119/><E9/><V133/><F47/><W12/><G51/><T35/><D35/><U75/><E123/><V24/><F45/><W42/><G42/><T99/><D99/><U39/><E122/><V29/><F36/><W83/><G97/><T98/><D98/><U95/><E43/><V73/><F103/><W27/><G72/><T100/><D100/><U26/><E75/><V15/><F73/><W31/><G74/><T10/><D10/><U19/><E39/><V76/><F127/><W60/><G60/><T102/><D102/><U93/><E87/><V68/><F133/><W86/><G86/><T134/><D134/><U126/><E84/><V104/><F104/><W59/><G85/><T107/><D107/><U7/><E126/><V121/><F121/><W135/><G135/><T128/><AGARI ba="0,1" hai="2,3,56,58,61,63,70,71,88,89,108,110,128,131" machi="128" ten="25,8000,1" yaku="1,1,0,1,22,2,54,1,53,0" doraHai="16" doraHaiUra="81" who="0" fromWho="0" sc="181,90,270,-20,309,-20,230,-40" /><INIT seed="4,0,0,3,4,24" ten="271,250,289,190" oya="0" hai0="70,75,108,109,18,119,94,68,29,5,21,87,104" hai1="74,84,36,79,49,117,89,126,101,134,59,2,65" hai2="9,34,39,103,82,97,81,102,12,77,72,69,124" hai3="113,120,26,35,85,105,11,106,129,40,107,55,43"/><T58/><D75/><U131/><E117/><V50/><F39/><W44/><G113/><T23/><D104/><U93/><E36/><V61/><F34/><W6/><G129/><T62/><D5/><U46/><E131/><V111/><F111/><N who="0" m="42570" /><D119/><U31/><E126/><V90/><F124/><W32/><G120/><T63/><D63/><U83/><E2/><V3/><F3/><W99/><G99/><T115/><D115/><U10/><E10/><V14/><F14/><W71/><G71/><T30/><D70/><U27/><E134/><V125/><F125/><W80/><G55/><N who="0" m="34143" /><D68/><U0/><E101/><V52/><F102/><W20/><G43/><T98/><D87/><U122/><E89/><V60/><F90/><W25/><G35/><T114/><D114/><U57/><E93/><N who="2" m="58799" /><F69/><W135/><G135/><T118/><D118/><U116/><E59/><N who="2" m="33175" /><F72/><W1/><G32/><T130/><D130/><U54/><E84/><N who="2" m="48175" /><F82/><W47/><G47/><T73/><D73/><U28/><E54/><V45/><F45/><W123/><G123/><T100/><D23/><U133/><E49/><V67/><F67/><W8/><G20/><T64/><D64/><U17/><E17/><AGARI ba="0,0" hai="9,12,17,60,61" m="48175,33175,58799" machi="17" ten="30,2000,0" yaku="8,1,54,1" doraHai="24" who="2" fromWho="1" sc="271,0,250,-20,289,20,190,0" owari="271,7.1,230,-17.0,309,40.9,190,-31.0" /></mjloggm>