<mjloggm ver="2.3"><GO type="225" lobby="0"/><UN n0="%72%69%6F%75%63%68%61%6E" n1="%E3%81%B5%E3%81%98%E3%81%8B%E3%81%A4" n2="%E3%83%89%E3%83%A9%E3%81%8F%E3%82%8C" n3="%E3%81%BF%E3%81%BF%E3%81%9A" dan="16,16,16,17" rate="2176.53,2183.48,2182.53,2274.34" sx="M,M,M,M"/><TAIKYOKU oya="0"/><INIT seed="0,0,0,2,3,31" ten="250,250,250,250" oya="0" hai0="119,20,17,126,77,112,122,19,102,4,50,54,130" hai1="12,5,66,133,123,56,117,38,65,135,105,76,69" hai2="47,36,127,43,100,37,55,81,0,41,35,49,61" hai3="67,58,64,53,101,24,93,8,39,106,129,97,48"/><T7/><D112/><U34/><E123/><V29/><F0/><W46/><G129/><T128/><D119/><U45/><E117/><V125/><F100/><W88/><G8/><T28/><D122/><U44/><E105/><V116/><F81/><W10/><G10/><T9/><D126/><N who="2" m="48138" /><F116/><W42/><REACH who="3" step="1"/><G24/><REACH who="3" ten="250,250,250,240" step="2"/><N who="0" m="16391" /><D4/><U52/><E5/><V2/><F2/><W15/><G15/><T89/><D128/><U63/><E12/><V94/><F29/><W70/><G70/><T103/><D130/><U75/><E69/><V84/><F37/><W92/><G92/><T86/><D7/><U21/><E38/><V1/><F1/><W121/><G121/><T23/><D9/><U79/><E79/><V111/><F36/><W80/><G80/><N who="0" m="49351" /><D77/><U6/><E76/><V96/><F94/><W18/><G18/><N who="0" m="6667" /><D23/><U32/><E21/><V87/><F35/><N who="1" m="13353" /><E6/><V26/><F26/><W74/><G74/><T113/><D113/><U134/><E75/><V14/><F14/><W51/><G51/><T131/><D131/><U95/><E95/><V98/><F49/><W114/><G114/><T62/><D62/><U82/><E82/><V99/><F61/><W120/><G120/><T71/><D71/><U27/><E27/><V30/><F30/><W118/><G118/><T104/><D104/><U132/><E133/><V72/><F72/><W16/><G16/><T40/><D40/><U57/><E57/><AGARI ba="0,1" hai="50,54,57,102,103" m="6667,49351,16391" machi="57" ten="30,1500,0" yaku="8,1" doraHai="31" who="0" fromWho="1" sc="250,25,250,-15,250,0,240,0" /><INIT seed="0,1,0,4,4,116" ten="275,235,250,240" oya="0" hai0="11,110,132,80,62,67,28,16,134,33,128,45,117" hai1="122,2,3,127,104,113,114,70,8,48,73,107,56" hai2="18,20,53,79,49,101,22,59,57,111,83,37,38" hai3="15,9,121,120,17,77,14,82,36,27,103,65,86"/><T112/><D112/><N who="1" m="43115" /><E70/><V5/><F111/><W1/><G36/><T63/><D117/><U87/><E73/><V95/><F5/><W58/><G103/><T89/><D110/><U47/><E87/><V108/><F108/><W130/><G130/><T10/><D128/><U13/><E56/><V61/><F22/><N who="3" m="13775" /><G1/><N who="1" m="10" /><E122/><N who="3" m="47210" /><G9/><T23/><D10/><U131/><E127/><V40/><F101/><W135/><G135/><N who="0" m="51755" /><D11/><U68/><E131/><V78/><F38/><W46/><G46/><T72/><D45/><U24/><E24/><V6/><F37/><W124/><G124/><T97/><D28/><U99/><E68/><V126/><F126/><W102/><G102/><T29/><D29/><U51/><E47/><V21/><F59/><W100/><G100/><T0/><D0/><U119/><E119/><V96/><F57/><W66/><G58/><T84/><D33/><U125/><E125/><V12/><F49/><N who="1" m="19017" /><E107/><V98/><F61/><W91/><G77/><N who="0" m="44071" /><D62/><U81/><E104/><V85/><F79/><W50/><G50/><T92/><D63/><U42/><E42/><V106/><F40/><W71/><G71/><T25/><D67/><AGARI ba="1,0" hai="14,15,65,66,67,82,86,91" m="47210,13775" machi="67" ten="30,7700,0" yaku="13,1,52,3" doraHai="116" who="3" fromWho="0" sc="275,-80,235,0,250,0,240,80" /><INIT seed="1,0,0,3,2,51" ten="195,235,250,320" oya="1" hai0="35,22,135,18,130,58,125,60,61,47,9,117,134" hai1="38,2,14,57,86,34,12,27,17,36,105,133,62" hai2="127,29,123,112,119,41,128,65,114,43,44,91,101" hai3="124,92,67,81,31,121,16,118,10,56,73,104,111"/><U122/><E122/><V82/><F123/><W25/><G104/><T84/><D117/><U30/><E105/><V5/><F119/><W132/><G121/><T113/><D113/><U4/><E133/><N who="0" m="50697" /><D35/><U52/><E86/><N who="2" m="50647" /><F127/><W40/><G111/><T42/><D125/><U54/><E14/><V8/><F128/><W80/><G92/><T72/><D72/><U66/><E36/><V23/><F101/><W109/><G56/><T106/><D106/><U7/><E38/><V55/><F65/><W131/><G10/><T15/><D130/><U75/><E75/><V103/><F103/><W96/><G25/><N who="0" m="14551" /><D84/><U95/><E95/><V83/><F83/><W21/><G80/><T85/><D85/><U26/><E26/><N who="2" m="16607" /><F112/><W24/><G67/><T100/><D100/><U126/><E126/><V107/><F107/><W64/><G81/><T63/><D47/><U46/><E46/><V110/><F110/><W102/><G124/><T68/><D42/><U120/><E120/><V77/><F77/><W50/><G40/><T99/><D99/><U78/><E78/><V98/><F98/><W89/><G96/><T0/><D68/><U115/><E115/><V71/><F71/><W90/><G131/><T37/><D37/><U108/><E108/><V48/><F114/><W70/><G109/><T53/><D0/><U13/><E2/><V79/><F79/><W1/><G1/><T11/><D11/><N who="1" m="4223" /><E4/><AGARI ba="0,0" hai="4,9,15,53,58,60,61,63" m="14551,50697" machi="4" ten="30,2000,0" yaku="20,1,52,1" doraHai="51" who="0" fromWho="1" sc="195,20,235,-20,250,0,320,0" /><INIT seed="2,0,0,3,5,129" ten="215,215,250,320" oya="2" hai0="25,105,35,21,82,108,46,57,123,48,33,116,66" hai1="13,5,26,4,79,70,11,6,121,44,113,29,42" hai2="91,53,56,27,85,17,58,69,7,49,30,59,132" hai3="43,75,107,135,15,28,24,34,68,32,64,16,54"/><V37/><F69/><W50/><G75/><T2/><D123/><U9/><E70/><V124/><F124/><W109/><G109/><T110/><D116/><U45/><E113/><V80/><F37/><W55/><G135/><T3/><D105/><U1/><E121/><V104/><F104/><W94/><G34/><N who="0" m="12811" /><D82/><U52/><E79/><V130/><F130/><W126/><G126/><T0/><D57/><U111/><E111/><N who="0" m="42537" /><D66/><U133/><E133/><V81/><F132/><W88/><G107/><T128/><D128/><U102/><E102/><V106/><F106/><W127/><G127/><T77/><D77/><U76/><E76/><V119/><F119/><W92/><G92/><T18/><D48/><N who="1" m="26647" /><E1/><V122/><F122/><W131/><G131/><T89/><D89/><U95/><E95/><V98/><F98/><W19/><G43/><T23/><D46/><U62/><E13/><V103/><F103/><W117/><G15/><N who="0" m="9439" /><D0/><U73/><E73/><V36/><F36/><W115/><G55/><T112/><D112/><U86/><E86/><V96/><F96/><W12/><G115/><T65/><D65/><U84/><E84/><V74/><F80/><W61/><G117/><T71/><D71/><U114/><E114/><V100/><F100/><W87/><G12/><T83/><D83/><U67/><E67/><V93/><F74/><W10/><G10/><T99/><D99/><U47/><E45/><AGARI ba="0,0" hai="16,19,24,28,32,45,50,54,61,64,68,87,88,94" machi="45" ten="30,3900,0" yaku="7,1,54,2" doraHai="129" who="3" fromWho="1" sc="215,0,215,-39,250,0,320,39" /><INIT seed="3,0,0,4,5,25" ten="215,176,250,359" oya="3" hai0="101,35,109,34,1,7,73,51,49,54,81,128,29" hai1="24,31,55,4,28,10,19,48,75,60,135,95,115" hai2="43,63,18,113,50,8,41,82,61,89,88,45,107" hai3="111,39,90,131,91,93,36,119,16,5,102,114,118"/><W86/><G114/><T37/><D37/><U14/><E75/><V133/><F133/><W6/><G102/><T69/><D69/><U121/><E121/><V122/><F107/><W57/><G16/><T116/><D116/><U30/><E115/><V46/><F122/><W84/><G57/><T0/><D101/><U77/><E135/><V17/><F113/><W71/><G93/><T78/><D109/><U130/><E130/><V132/><F132/><W108/><G71/><T23/><D128/><AGARI ba="0,0" hai="5,6,36,39,84,86,90,91,108,111,118,119,128,131" machi="128" ten="25,2400,0" yaku="22,2" doraHai="25" who="3" fromWho="0" sc="215,-24,176,0,250,0,359,24" owari="191,-20.9,176,-32.4,250,5.0,383,48.3" /></mjloggm>