<mjloggm ver="2.3"><GO type="225" lobby="0"/><UN n0="%6D%75%75%6D%75%72%61" n1="%E3%81%9F%E3%81%8C%E3%82%84%E3%81%99" n2="%54%4F%52" n3="%E8%A8%88%E7%AE%97%E6%A9%9F%E8%87%AA%E7%84%B6" dan="16,16,17,17" rate="2087.43,2140.58,2256.72,2227.89" sx="F,M,M,M"/><TAIKYOKU oya="0"/><INIT seed="0,0,0,4,5,63" ten="250,250,250,250" oya="0" hai0="45,114,76,60,89,57,100,3,66,28,1,124,26" hai1="119,69,79,133,83,8,49,131,97,74,43,122,61" hai2="73,37,90,132,102,87,120,75,88,95,53,47,108" hai3="68,112,22,5,134,70,19,71,96,15,12,130,58"/><T2/><D114/><U123/><E8/><V41/><F120/><W80/><G112/><T9/><D124/><U48/><E119/><V125/><F125/><W121/><G121/><T36/><D76/><U24/><E133/><V17/><F132/><W128/><G134/><T135/><D135/><U32/><E131/><N who="3" m="50218" /><G58/><T67/><D100/><U18/><E97/><V93/><F108/><W46/><G80/><T6/><D89/><U11/><E49/><V99/><F53/><W25/><G5/><T21/><REACH who="0" step="1"/><D67/><REACH who="0" ten="240,250,250,250" step="2"/><U64/><E123/><V78/><F78/><W101/><G46/><T52/><D52/><U35/><E122/><V16/><REACH who="2" step="1"/><F102/><REACH who="2" ten="240,250,240,250" step="2"/><W82/><G82/><T86/><D86/><U7/><E83/><V65/><F65/><W129/><G129/><T106/><D106/><AGARI ba="0,2" hai="12,15,19,22,25,68,70,71,96,101,106" m="50218" machi="106" ten="40,1300,0" yaku="19,1" doraHai="63" who="3" fromWho="0" sc="240,-13,250,0,240,0,250,33" /><INIT seed="1,0,0,1,0,7" ten="227,250,240,283" oya="1" hai0="99,28,4,130,9,79,109,82,123,0,80,43,23" hai1="87,57,81,114,124,116,38,5,118,69,12,15,8" hai2="24,95,91,92,55,133,135,132,31,108,16,6,78" hai3="59,86,36,70,106,120,76,103,63,19,107,21,14"/><U131/><E69/><V94/><F108/><W104/><G120/><T52/><D109/><U90/><E114/><V49/><F78/><W97/><G36/><T111/><D111/><U88/><E38/><V39/><F39/><W85/><G70/><T127/><D123/><U42/><E42/><V100/><F6/><W61/><G63/><T119/><D119/><U98/><E124/><V29/><F100/><W40/><G40/><T18/><D127/><U129/><E57/><V53/><F53/><W13/><G13/><T60/><D130/><N who="1" m="49675" /><E15/><V41/><F41/><W26/><G26/><T33/><D43/><U35/><E35/><V96/><F16/><W11/><G21/><T122/><D122/><U51/><E51/><V102/><F91/><W22/><G22/><T125/><D125/><U72/><E72/><V101/><F101/><W1/><G1/><T20/><D18/><U17/><E17/><V62/><F62/><W84/><REACH who="3" step="1"/><G76/><REACH who="3" ten="227,250,240,273" step="2"/><T128/><D128/><U89/><E98/><V32/><REACH who="2" step="1"/><F31/><REACH who="2" ten="227,250,230,273" step="2"/><W121/><G121/><T105/><D28/><U37/><E37/><V64/><F64/><AGARI ba="0,2" hai="11,14,19,59,61,64,84,85,86,97,103,104,106,107" machi="64" ten="40,5200,0" yaku="1,1,52,1,53,1" doraHai="7" doraHaiUra="10" who="3" fromWho="2" sc="227,0,250,0,230,-52,273,72" /><INIT seed="2,0,0,3,1,68" ten="227,250,178,345" oya="2" hai0="8,121,2,34,92,85,79,0,91,1,59,14,17" hai1="107,104,36,58,111,27,83,44,23,37,113,61,89" hai2="103,125,39,77,38,52,4,99,67,109,56,100,22" hai3="29,11,87,94,12,65,7,81,105,28,84,135,97"/><V110/><F125/><W13/><G105/><T76/><D121/><U132/><E107/><V78/><F67/><W24/><G135/><T5/><D34/><U25/><E104/><V120/><F120/><W126/><G126/><T119/><D119/><U55/><E113/><V86/><F4/><W116/><G116/><T133/><D133/><U128/><E132/><V26/><F86/><W63/><G12/><T114/><D114/><U102/><E102/><N who="2" m="38955" /><F99/><W60/><G84/><T32/><D32/><U108/><E44/><V21/><F78/><N who="3" m="46519" /><G65/><T115/><D115/><U98/><E27/><V117/><F77/><W45/><G45/><T96/><D79/><U106/><E106/><V50/><F117/><W118/><G118/><T130/><D130/><U73/><E128/><V10/><F10/><W3/><G3/><T46/><D76/><N who="1" m="44431" /><E89/><V35/><F35/><W112/><G112/><T6/><D85/><U57/><E57/><V64/><F64/><W54/><G24/><T123/><D123/><U69/><E69/><V88/><F88/><N who="3" m="55495" /><G54/><T82/><D82/><U131/><E98/><V42/><F42/><W71/><G71/><T33/><D33/><U40/><E40/><V43/><F43/><W48/><G48/><T122/><D122/><U31/><E131/><V75/><F75/><W16/><G7/><N who="0" m="2571" /><D59/><U72/><E72/><V70/><F70/><W80/><G80/><T95/><D46/><U93/><E93/><V90/><F90/><W129/><G129/><T18/><D95/><U53/><E53/><V19/><F22/><W124/><G124/><T66/><D66/><RYUUKYOKU ba="0,0" sc="227,0,250,0,178,0,345,0" hai0="0,1,2,8,14,17,18,91,92,96" hai1="23,25,31,36,37,55,58,61,108,111" hai2="19,21,26,38,39,50,52,56,109,110" hai3="11,13,16,28,29,60,63" /><INIT seed="2,1,0,5,0,7" ten="227,250,178,345" oya="2" hai0="6,90,10,128,21,75,103,122,134,39,99,22,5" hai1="113,135,50,94,11,84,23,71,120,51,28,108,8" hai2="56,114,53,2,116,96,46,82,109,41,67,58,13" hai3="59,61,88,111,119,25,62,73,1,93,40,78,126"/><V65/><F2/><W63/><G119/><T27/><D122/><U124/><E71/><V66/><F116/><W131/><G1/><T127/><D127/><U86/><E113/><V36/><F114/><W12/><G126/><T68/><D128/><U26/><E124/><V42/><F109/><W17/><G131/><T79/><D134/><U85/><E108/><V48/><F96/><W32/><G40/><T130/><D130/><U57/><E135/><V69/><F13/><W105/><G105/><T54/><D39/><U92/><E120/><V37/><F82/><W74/><G59/><N who="2" m="22569" /><F69/><W125/><G125/><T43/><D43/><AGARI ba="1,0" hai="36,37,41,42,43,46,48,53,65,66,67" m="22569" machi="43" ten="30,12000,1" yaku="35,5" doraHai="7" who="2" fromWho="0" sc="227,-123,250,0,178,123,345,0" /><INIT seed="2,2,0,2,5,55" ten="104,250,301,345" oya="2" hai0="93,118,28,116,17,24,52,21,95,103,3,114,18" hai1="113,133,121,122,38,37,99,70,59,134,31,32,87" hai2="120,36,51,60,50,26,97,76,0,94,22,14,82" hai3="1,20,80,107,63,135,48,10,47,131,25,73,105"/><V90/><F0/><W27/><G135/><N who="1" m="51722" /><E70/><V15/><F36/><N who="1" m="13929" /><E113/><V106/><F106/><W7/><G131/><T119/><D114/><U111/><E111/><V100/><F120/><N who="1" m="46185" /><E87/><N who="2" m="48583" /><F100/><W128/><G128/><T56/><D3/><U23/><E99/><V69/><F69/><W34/><G63/><T86/><D86/><U110/><E110/><V74/><F60/><W88/><G25/><T117/><N who="0" m="29696" /><DORA hai="49" /><T78/><D78/><U83/><E83/><V4/><F74/><W45/><G73/><T91/><D91/><U35/><E59/><V19/><F26/><AGARI ba="2,0" hai="23,26,31,32,35" m="46185,13929,51722" machi="26" ten="40,2600,0" yaku="20,1,13,1" doraHai="55,49" who="1" fromWho="2" sc="104,0,250,32,301,-32,345,0" /><INIT seed="3,0,0,0,5,42" ten="104,282,269,345" oya="3" hai0="38,30,76,125,11,17,37,57,2,74,113,96,108" hai1="60,66,7,106,85,102,44,49,59,92,124,34,77" hai2="97,31,13,109,86,62,103,0,112,73,115,28,82" hai3="64,54,71,110,5,53,117,8,120,41,43,16,39"/><W79/><G117/><T25/><D108/><U67/><E34/><V20/><F0/><W99/><G120/><T130/><D125/><U33/><E33/><V10/><F73/><W91/><G16/><T123/><D130/><U132/><E124/><V19/><F109/><W83/><G64/><T3/><D123/><U100/><E106/><V63/><F112/><W128/><G71/><T27/><D113/><U56/><E7/><V69/><F115/><W80/><G110/><T119/><D119/><U51/><E51/><V58/><F69/><W70/><G70/><T104/><D57/><U24/><E24/><V98/><F63/><W116/><G41/><T65/><D65/><U126/><E126/><V84/><F97/><W4/><G4/><T46/><D17/><U135/><E59/><V129/><F129/><W107/><G80/><T93/><D104/><U111/><E67/><V127/><F127/><W45/><G116/><T6/><D2/><U40/><E111/><V75/><F75/><N who="3" m="43519" /><G128/><T52/><D38/><U134/><REACH who="1" step="1"/><E77/><REACH who="1" ten="104,272,269,345" step="2"/><V21/><F31/><W48/><G48/><T131/><D131/><U47/><E47/><V87/><F82/><W1/><G107/><T23/><D25/><U121/><E121/><V32/><F32/><W22/><G5/><T122/><D122/><U105/><E105/><V18/><F28/><W118/><G118/><T78/><D74/><U88/><AGARI ba="0,1" hai="40,44,49,56,60,66,85,88,92,100,102,132,134,135" machi="88" ten="40,8000,1" yaku="1,1,0,1,20,1,52,1,54,1,53,0" doraHai="42" doraHaiUra="68" who="1" fromWho="1" sc="104,-20,272,90,269,-20,345,-40" owari="84,-41.6,362,46.2,249,-15.1,305,10.5" /></mjloggm>