<mjloggm ver="2.3"><GO type="225" lobby="0"/><UN n0="%6D%75%75%73%61%6E%6D%75" n1="%E3%81%AF%E3%82%88%E3%81%8A%E3%81%98%E3%81%95%E3%82%93" n2="%E6%98%93%E5%88%A9%E8%96%A9%E4%BC%AF" n3="%E4%B8%89%E5%88%86%E5%B0%8F%E5%83%A7" dan="17,17,16,16" rate="2156.94,2135.08,2112.56,2105.98" sx="F,M,F,M"/><TAIKYOKU oya="0"/><INIT seed="0,0,0,2,0,28" ten="250,250,250,250" oya="0" hai0="19,89,44,56,96,100,121,85,77,0,83,63,73" hai1="1,74,110,23,128,9,102,132,21,84,55,118,80" hai2="82,4,32,2,42,50,37,67,93,45,72,91,49" hai3="43,25,58,48,17,113,86,59,108,26,54,97,116"/><T66/><D121/><U47/><E118/><V35/><F67/><W61/><G113/><T99/><D0/><U52/><E74/><V131/><F131/><W127/><G108/><T29/><D29/><U31/><E110/><V40/><F93/><W13/><G127/><T120/><D120/><U64/><E128/><V119/><F91/><W33/><G116/><T39/><D100/><U70/><E132/><V95/><F95/><W123/><G123/><T126/><D126/><U10/><E102/><V57/><F42/><W133/><G133/><T101/><D101/><U12/><E70/><V115/><F115/><W129/><G129/><T38/><D19/><N who="1" m="10471" /><E64/><V14/><F14/><W5/><G5/><T107/><D107/><U106/><E106/><V75/><F75/><W135/><G135/><T105/><D105/><U81/><E81/><V114/><F114/><W134/><G134/><T27/><D27/><N who="1" m="16895" /><E1/><V78/><F119/><W20/><G33/><N who="2" m="12873" /><F57/><W15/><G97/><T103/><D103/><U24/><E24/><V16/><F16/><W71/><G26/><T36/><D99/><U60/><E47/><V22/><F22/><W109/><G109/><T68/><D68/><U122/><E122/><V6/><F6/><W76/><G71/><T51/><D96/><U18/><E18/><V34/><N who="2" m="12881" /><V53/><DORA hai="11" /><F53/><N who="1" m="20553" /><E60/><V92/><F92/><W69/><G69/><T65/><D65/><U111/><E111/><V98/><F98/><W87/><G87/><T41/><D73/><U8/><E8/><AGARI ba="0,0" hai="2,4,8,37,40,45,49,50,72,78,82" m="12881" machi="8" ten="40,8000,1" yaku="25,1,52,4" doraHai="28,11" who="2" fromWho="1" sc="250,0,250,-80,250,80,250,0" /><INIT seed="1,0,0,2,4,33" ten="250,170,330,250" oya="1" hai0="90,109,117,121,99,26,93,60,103,106,87,135,75" hai1="108,25,68,1,74,95,53,20,51,72,70,44,122" hai2="7,100,131,57,46,45,113,36,94,89,84,34,55" hai3="24,120,29,123,12,38,9,10,16,104,112,15,66"/><U97/><E122/><N who="3" m="46634" /><G66/><T127/><D121/><U47/><E108/><V83/><F34/><N who="3" m="20775" /><G38/><T23/><D109/><U110/><E110/><V77/><F131/><W37/><G37/><T31/><D117/><U30/><E1/><V17/><F100/><W21/><G104/><T5/><D127/><U61/><E47/><V102/><F36/><W111/><G111/><T6/><D135/><U91/><REACH who="1" step="1"/><E61/><REACH who="1" ten="250,160,330,250" step="2"/><V85/><F46/><W50/><G112/><T88/><D60/><U19/><E19/><V59/><F17/><N who="3" m="10407" /><G50/><T116/><D116/><U58/><E58/><V107/><F59/><W92/><G92/><T124/><D124/><U98/><E98/><V0/><F57/><W35/><G35/><T118/><D118/><U3/><E3/><V78/><F0/><W82/><G82/><T11/><D106/><U56/><E56/><V63/><F83/><W129/><G129/><T76/><D93/><U28/><E28/><V39/><F94/><W96/><G96/><T13/><D99/><U86/><E86/><V132/><F85/><W18/><G18/><T67/><D87/><U71/><AGARI ba="0,1" hai="20,25,30,44,51,53,68,70,71,72,74,91,95,97" machi="71" ten="30,3000,0" yaku="1,1,0,1,53,0" doraHai="33" doraHaiUra="54" who="1" fromWho="1" sc="250,-10,160,40,330,-10,250,-10" /><INIT seed="1,1,0,1,2,42" ten="240,200,320,240" oya="1" hai0="103,71,82,73,0,69,67,34,120,111,59,90,102" hai1="106,32,125,98,113,17,83,78,40,62,116,48,87" hai2="52,14,92,130,7,16,66,31,36,19,119,133,131" hai3="91,134,81,56,64,39,35,30,129,118,8,115,109"/><U18/><E116/><V9/><F119/><W3/><G115/><T104/><D0/><U2/><E113/><V79/><F36/><W117/><G39/><T5/><D5/><U72/><E32/><V74/><F66/><W49/><G109/><T123/><D111/><U46/><E125/><V41/><F41/><W76/><G129/><N who="2" m="49161" /><F31/><W58/><G134/><T77/><D34/><U10/><E72/><V54/><F133/><W63/><G91/><T95/><D104/><U89/><E62/><V25/><F25/><W51/><G3/><T128/><D59/><U80/><E83/><N who="2" m="45559" /><F92/><W105/><G105/><T37/><D37/><U47/><E106/><V75/><F75/><W112/><G112/><T22/><D128/><U27/><E27/><V6/><F6/><W61/><G8/><T68/><D22/><U135/><E135/><V20/><F20/><W70/><G30/><T100/><REACH who="0" step="1"/><D67/><REACH who="0" ten="230,200,320,240" step="2"/><U110/><E110/><V96/><F7/><W108/><G35/><T53/><D53/><U60/><E2/><V84/><F52/><W122/><G108/><T101/><N who="0" m="25600" /><DORA hai="43" /><T121/><D121/><U12/><E60/><V126/><F54/><W124/><G118/><T93/><D93/><N who="1" m="56623" /><E17/><V132/><F19/><W44/><G117/><T4/><D4/><U85/><E46/><V23/><F16/><W114/><G44/><T88/><D88/><U33/><E33/><V11/><F132/><W65/><G114/><T94/><D94/><U86/><AGARI ba="1,1" hai="10,12,18,40,47,48,78,80,85,86,87" m="56623" machi="86" ten="30,6000,0" yaku="8,1,52,2" doraHai="42,43" who="1" fromWho="1" sc="230,-21,200,73,320,-21,240,-21" /><INIT seed="1,2,0,0,0,131" ten="209,273,299,219" oya="1" hai0="83,4,123,22,52,32,56,115,114,118,124,11,33" hai1="93,53,68,57,18,45,117,102,72,0,122,39,24" hai2="91,78,9,28,110,120,113,126,65,130,46,87,47" hai3="21,19,1,38,40,104,77,34,80,94,82,116,41"/><U36/><E122/><V96/><F120/><W121/><G104/><T15/><D123/><U54/><E117/><V8/><F110/><W49/><G34/><T3/><D118/><U105/><E68/><V128/><F126/><W59/><G38/><T60/><D124/><U97/><E72/><V20/><F65/><W70/><G70/><T69/><D69/><U43/><E0/><V119/><F96/><W51/><G1/><T62/><D62/><U100/><E36/><V111/><F78/><W95/><G116/><T13/><D83/><N who="3" m="31785" /><G77/><T89/><D89/><U25/><E53/><V106/><F106/><W44/><G121/><T35/><REACH who="0" step="1"/><D22/><REACH who="0" ten="199,273,299,219" step="2"/><U133/><E102/><V37/><F20/><W58/><G41/><T27/><D27/><U134/><E24/><V64/><F119/><W5/><G40/><T63/><D63/><U79/><E79/><V26/><F26/><W85/><G49/><T109/><D109/><U86/><E25/><V75/><F111/><W125/><G51/><T71/><D71/><U74/><E74/><V55/><F75/><W127/><G125/><T76/><D76/><U42/><E43/><V108/><F108/><W107/><G127/><T103/><D103/><U29/><E29/><V90/><F28/><W112/><G112/><AGARI ba="2,1" hai="3,4,11,13,15,32,33,35,52,56,60,112,114,115" machi="112" ten="50,6400,0" yaku="1,1,54,1,53,1" doraHai="131" doraHaiUra="7" who="0" fromWho="3" sc="199,80,273,0,299,0,219,-70" /><INIT seed="2,0,0,3,0,39" ten="279,273,299,149" oya="2" hai0="25,22,120,85,13,73,100,91,66,97,111,55,43" hai1="99,63,98,68,38,88,107,122,86,127,76,94,75" hai2="134,4,113,116,44,26,19,33,89,32,14,80,124" hai3="3,126,0,23,101,128,102,59,6,119,15,81,96"/><V1/><F113/><W48/><G119/><T16/><D120/><U8/><E38/><V53/><F116/><W61/><G126/><T7/><D73/><U67/><E127/><V117/><F117/><W115/><G128/><T109/><D66/><U45/><E122/><V17/><F124/><W34/><G115/><T2/><D2/><U132/><E132/><V106/><F106/><W103/><G34/><T65/><D65/><U54/><E8/><N who="2" m="2063" /><F89/><W20/><G81/><T50/><D7/><U112/><E112/><V78/><F53/><W125/><G125/><T49/><D13/><U30/><E30/><N who="2" m="19543" /><F44/><W92/><G0/><T57/><D49/><U90/><E107/><V31/><F80/><W36/><G3/><T79/><D79/><U12/><E75/><V95/><F95/><W69/><G36/><T133/><D133/><U37/><E76/><V77/><F19/><W51/><G69/><T60/><D85/><U40/><E54/><V121/><F121/><W56/><G56/><T87/><D87/><U110/><E98/><V24/><F134/><W52/><G23/><AGARI ba="0,0" hai="14,17,23,24,31,33,77,78" m="19543,2063" machi="23" ten="30,1500,0" yaku="24,1" doraHai="39" who="2" fromWho="3" sc="279,0,273,0,299,15,149,-15" /><INIT seed="2,1,0,1,1,61" ten="279,273,314,134" oya="2" hai0="6,114,25,104,85,60,10,35,18,52,9,69,57" hai1="29,96,103,72,23,11,42,91,74,43,40,126,79" hai2="49,16,22,116,70,12,95,87,3,118,99,89,26" hai3="73,37,59,84,45,66,121,83,132,123,17,1,131"/><V112/><F3/><W5/><G131/><T24/><D114/><U7/><E126/><V62/><F112/><W41/><G132/><T65/><D104/><U39/><E39/><V27/><F49/><W86/><G17/><T77/><D35/><U55/><E91/><V2/><F2/><W4/><G4/><T109/><D109/><U48/><E79/><V122/><F122/><W130/><G130/><T36/><D36/><U75/><E23/><V28/><F99/><W13/><G13/><T21/><D24/><U19/><E29/><V111/><F111/><W33/><G33/><T8/><D77/><U88/><E19/><V125/><F125/><W102/><G102/><T134/><D85/><U133/><E133/><V71/><F27/><W15/><G15/><T98/><D98/><U34/><E34/><V120/><F120/><W47/><G47/><T20/><D20/><U97/><E88/><V30/><F30/><W51/><G86/><T81/><D81/><U0/><REACH who="1" step="1"/><E103/><REACH who="1" ten="279,263,314,134" step="2"/><V58/><F116/><W82/><G82/><T127/><D134/><U106/><E106/><V46/><F118/><W31/><G31/><T44/><D127/><U32/><E32/><V68/><F28/><W14/><G121/><T78/><D78/><U92/><E92/><V80/><F95/><W119/><G123/><T63/><REACH who="0" step="1"/><D44/><AGARI ba="1,1" hai="0,7,11,40,42,43,44,48,55,72,74,75,96,97" machi="44" ten="50,1600,0" yaku="1,1,53,0" doraHai="61" doraHaiUra="64" who="1" fromWho="0" sc="279,-19,263,29,314,0,134,0" /><INIT seed="3,0,0,2,5,104" ten="260,292,314,134" oya="3" hai0="99,11,122,36,32,16,53,42,46,28,39,48,56" hai1="1,38,9,40,90,95,101,97,72,18,73,3,71" hai2="87,80,58,125,5,107,17,10,114,75,13,43,103" hai3="29,33,135,66,133,124,59,30,128,110,121,131,31"/><W78/><G121/><T74/><D122/><U91/><E71/><V57/><F114/><W44/><G110/><T21/><D32/><U82/><E40/><V120/><F75/><W83/><G44/><T63/><D74/><U6/><E38/><V62/><F125/><W14/><G14/><T89/><D28/><U98/><E1/><V94/><F107/><W132/><G33/><T35/><D11/><U61/><E61/><V52/><F43/><W64/><G124/><T54/><D35/><U79/><E73/><V134/><F134/><W15/><G15/><T41/><D39/><U7/><E7/><V109/><F109/><W102/><G102/><T65/><D65/><N who="3" m="25193" /><G59/><T100/><D36/><U37/><E37/><V116/><F116/><W25/><G25/><N who="0" m="14503" /><D100/><U4/><E4/><V105/><F105/><W81/><G78/><T108/><D108/><U68/><E68/><V69/><F69/><W115/><G115/><T49/><D48/><U112/><E112/><V12/><F120/><W119/><G119/><T50/><D49/><U2/><E3/><V20/><F58/><W123/><G123/><T77/><D77/><U113/><E113/><V8/><F8/><W96/><G96/><T106/><D106/><U86/><E97/><N who="2" m="59831" /><F13/><W92/><G92/><AGARI ba="0,0" hai="41,42,46,50,53,54,56,63,89,92,99" m="14503" machi="92" ten="30,3900,0" yaku="25,1,8,1,54,1" doraHai="104" who="0" fromWho="3" sc="260,39,292,0,314,0,134,-39" owari="299,9.9,292,-10.8,314,41.4,95,-40.5" /></mjloggm>