<mjloggm ver="2.3"><GO type="225" lobby="0"/><UN n0="%E6%A0%B9%E5%85%83%E3%81%8B%E3%82%89%E5%90%B9%E3%81%A3%E9%A3%9B%E3%81%B6" n1="%6D%75%75%6D%75%72%61" n2="%E8%81%B7%E6%A5%AD%E3%80%81%E9%A2%A8%32" n3="%E5%84%AA%40%41%42%43" dan="17,16,16,18" rate="2202.26,2205.81,2190.34,2257.27" sx="F,F,M,M"/><TAIKYOKU oya="0"/><INIT seed="0,0,0,5,0,18" ten="250,250,250,250" oya="0" hai0="6,57,70,4,100,25,22,65,122,35,30,78,77" hai1="109,20,51,123,89,61,5,113,1,62,97,103,58" hai2="48,104,42,130,118,54,47,85,86,45,38,69,80" hai3="95,112,8,3,46,121,98,19,63,127,59,96,67"/><T126/><D126/><U21/><E123/><V102/><F118/><W134/><G112/><T124/><D124/><U93/><E113/><V28/><F130/><W53/><G134/><T72/><D122/><U108/><E1/><V13/><F69/><W27/><G127/><T16/><D70/><U110/><E5/><V49/><F28/><W128/><G128/><T91/><D100/><U71/><E103/><V133/><F133/><W11/><G98/><T15/><D72/><U10/><E10/><V101/><F104/><W79/><G79/><N who="0" m="30219" /><D35/><U36/><E36/><V34/><F34/><W125/><G3/><T111/><D111/><U24/><E24/><V41/><F38/><W60/><G125/><T31/><D91/><U129/><E129/><V87/><F80/><W29/><G19/><N who="0" m="12511" /><D57/><U37/><E37/><V40/><F13/><W44/><G121/><T73/><D65/><N who="1" m="41391" /><E51/><V83/><F83/><W9/><G63/><T2/><D73/><U117/><E117/><V55/><AGARI ba="0,0" hai="40,41,42,45,47,48,49,54,55,85,86,87,101,102" machi="55" ten="30,4000,0" yaku="0,1,9,1,8,1" doraHai="18" who="2" fromWho="2" sc="250,-20,250,-10,250,40,250,-10" /><INIT seed="1,0,0,5,5,93" ten="230,240,290,240" oya="1" hai0="35,10,51,94,57,47,56,135,83,49,69,72,13" hai1="105,39,71,0,24,74,79,14,100,67,81,60,118" hai2="90,27,89,106,55,103,29,38,114,78,122,88,95" hai3="91,126,22,40,28,12,87,116,21,110,97,62,5"/><U112/><E0/><V128/><F122/><W119/><G110/><T130/><D69/><U132/><E112/><V63/><F128/><W41/><G126/><T33/><D130/><U50/><E118/><N who="3" m="45098" /><G62/><T2/><D2/><U17/><E39/><V58/><F38/><W133/><G133/><T37/><D37/><U11/><E132/><V61/><F114/><W53/><G53/><T42/><D135/><U26/><REACH who="1" step="1"/><E50/><REACH who="1" ten="230,230,290,240" step="2"/><V45/><F63/><W117/><G117/><T121/><D49/><U107/><E107/><V125/><F106/><W15/><G40/><T84/><D42/><U124/><E124/><V92/><F61/><W18/><G41/><T8/><D51/><U127/><E127/><V43/><F43/><W59/><G59/><T20/><D56/><U96/><AGARI ba="0,1" hai="11,14,17,24,26,60,67,71,74,79,81,96,100,105" machi="96" ten="30,6000,0" yaku="1,1,0,1,52,1,53,0" doraHai="93" doraHaiUra="70" who="1" fromWho="1" sc="230,-20,230,70,290,-20,240,-20" /><INIT seed="1,1,0,5,3,82" ten="210,300,270,220" oya="1" hai0="115,12,79,67,5,56,86,7,112,60,98,33,50" hai1="45,9,44,42,52,120,105,27,88,103,1,113,128" hai2="71,20,26,17,95,106,122,58,119,6,131,125,47" hai3="0,83,99,104,23,66,24,48,133,3,35,51,63"/><U37/><E113/><V110/><F110/><W91/><G133/><T16/><D33/><U36/><E120/><V59/><F106/><W116/><G116/><T11/><D98/><U126/><E126/><V134/><F71/><N who="3" m="42463" /><G23/><T2/><D5/><U118/><E118/><V93/><F119/><W4/><G51/><T69/><D69/><U89/><E128/><V31/><F131/><W72/><G48/><T78/><D50/><U21/><E52/><V114/><F134/><W92/><G92/><T53/><D67/><U75/><E75/><V25/><F125/><W111/><G4/><T107/><D107/><U85/><E1/><V97/><F6/><W40/><G40/><T61/><D61/><U77/><E9/><V46/><F95/><W14/><G14/><T8/><REACH who="0" step="1"/><D86/><REACH who="0" ten="200,300,270,220" step="2"/><U108/><E105/><V94/><F97/><W96/><G96/><T124/><D124/><U65/><E65/><V54/><F114/><AGARI ba="1,1" hai="2,7,8,11,12,16,53,56,60,78,79,112,114,115" machi="114" ten="40,2600,0" yaku="1,1,54,1,53,0" doraHai="82" doraHaiUra="38" who="0" fromWho="2" sc="200,39,300,0,270,-29,220,0" /><INIT seed="2,0,0,3,4,26" ten="239,300,241,220" oya="2" hai0="68,100,124,36,110,130,82,116,52,57,62,30,18" hai1="107,113,79,69,4,31,40,91,7,58,128,47,51" hai2="114,72,81,117,12,64,89,63,35,98,86,14,28" hai3="84,45,5,126,106,2,78,21,24,67,70,6,132"/><V108/><F114/><W125/><G106/><T59/><D110/><U48/><E69/><V99/><F117/><W97/><G97/><T37/><D124/><N who="3" m="47721" /><G2/><T76/><D130/><U127/><E107/><V23/><F108/><W34/><G34/><T133/><D133/><U90/><E128/><V41/><F35/><W102/><G102/><T135/><D135/><U88/><E113/><V115/><F115/><W29/><G132/><T43/><D116/><U61/><E127/><V92/><F72/><W131/><G131/><T60/><D68/><U17/><E79/><V120/><F120/><W54/><G67/><T134/><D18/><U50/><E17/><V3/><F3/><W16/><G70/><T33/><D43/><U32/><E32/><V13/><F41/><W71/><G71/><T75/><D100/><U38/><REACH who="1" step="1"/><E31/><REACH who="1" ten="239,290,241,220" step="2"/><V123/><F28/><W80/><G29/><T103/><D134/><U129/><E129/><V22/><F123/><W42/><G54/><AGARI ba="0,1" hai="4,7,38,40,47,48,50,51,54,58,61,88,90,91" machi="54" ten="40,5200,0" yaku="1,1,54,1,53,1" doraHai="26" doraHaiUra="53" who="1" fromWho="3" sc="239,0,290,62,241,0,220,-52" /><INIT seed="3,0,0,1,2,119" ten="239,352,241,168" oya="3" hai0="4,114,53,63,108,106,54,107,19,25,98,134,91" hai1="26,15,80,56,103,83,28,16,94,66,10,97,101" hai2="31,24,112,64,111,113,110,85,86,72,34,77,87" hai3="92,65,76,30,116,130,18,12,44,82,67,73,102"/><W14/><G116/><T126/><D108/><N who="2" m="41514" /><F64/><W89/><G130/><T93/><D114/><N who="2" m="44138" /><F72/><W33/><G102/><T60/><D126/><U115/><E115/><V118/><F118/><W32/><G44/><T124/><D124/><U70/><E70/><V13/><F13/><W45/><G45/><T49/><D134/><U68/><E103/><V47/><F47/><W39/><G39/><T5/><D106/><U131/><E68/><V48/><F48/><W0/><G0/><T135/><D107/><U127/><E131/><V38/><F38/><W35/><G30/><T3/><D3/><U58/><E127/><V7/><F7/><N who="0" m="2634" /><D135/><U123/><E123/><V61/><F61/><N who="0" m="23626" /><D49/><U22/><E66/><V6/><F6/><W55/><G55/><N who="0" m="21003" /><D19/><U36/><E36/><V117/><F117/><W1/><G1/><T100/><D25/><U40/><E40/><V120/><F120/><W128/><G128/><T133/><D133/><U99/><E99/><V109/><F109/><W17/><G14/><T23/><D23/><U27/><E26/><V132/><F132/><W74/><G74/><T122/><D122/><U57/><AGARI ba="0,0" hai="10,15,16,22,27,28,56,57,58,80,83,94,97,101" machi="57" ten="30,4000,0" yaku="0,1,8,1,54,1" doraHai="119" who="1" fromWho="1" sc="239,-10,352,40,241,-10,168,-20" owari="229,-17.1,392,49.2,231,3.1,148,-35.2" /></mjloggm>