<mjloggm ver="2.3"><GO type="225" lobby="0"/><UN n0="%72%69%6F%75%63%68%61%6E" n1="%E8%91%89%E5%B1%B1%E9%99%BD%E5%92%8C" n2="%73%61%6E%64%69%72%69%73" n3="%4E%49%4A%49%49%52%4F" dan="17,16,16,16" rate="2250.90,2106.63,2116.11,2188.68" sx="M,F,M,M"/><TAIKYOKU oya="0"/><INIT seed="0,0,0,1,3,60" ten="250,250,250,250" oya="0" hai0="4,108,52,104,25,133,23,5,90,83,95,7,92" hai1="63,19,31,41,20,21,123,3,134,118,72,70,58" hai2="39,100,34,36,0,57,74,71,59,130,30,24,10" hai3="127,117,40,14,84,85,68,18,113,9,26,99,46"/><T62/><D133/><U76/><E118/><V50/><F130/><W120/><G117/><T17/><D104/><U114/><E123/><V37/><F74/><W91/><G120/><T8/><D108/><U107/><E107/><V116/><F116/><W115/><G127/><T56/><REACH who="0" step="1"/><D8/><REACH who="0" ten="240,250,250,250" step="2"/><U2/><E134/><V121/><F10/><W109/><G109/><T105/><D105/><U110/><E110/><V15/><F121/><W78/><G115/><T98/><D98/><U54/><E114/><V6/><F37/><W29/><G99/><T102/><D102/><U11/><E11/><V82/><F39/><W43/><G113/><T42/><D42/><U33/><E41/><V69/><F36/><W28/><G40/><T38/><D38/><U13/><E2/><V131/><F100/><W81/><G43/><T122/><D122/><U16/><E3/><V51/><F0/><W53/><G9/><T128/><D128/><U87/><E21/><V135/><F135/><W96/><G96/><T75/><D75/><U124/><E72/><V126/><F131/><W119/><G119/><T106/><D106/><U1/><E1/><V73/><F73/><W112/><G112/><T103/><D103/><U132/><E132/><V111/><F111/><W129/><G129/><T55/><D55/><U49/><E54/><V79/><F126/><W89/><G53/><T94/><D94/><U47/><E124/><V80/><F34/><W61/><G81/><T101/><D101/><U88/><E33/><V64/><F80/><W45/><G84/><AGARI ba="0,1" hai="4,5,7,17,23,25,52,56,62,83,84,90,92,95" machi="84" ten="40,7700,0" yaku="1,1,8,1,54,1,53,0" doraHai="60" doraHaiUra="97" who="0" fromWho="3" sc="240,87,250,0,250,0,250,-77" /><INIT seed="0,1,0,1,1,14" ten="327,250,250,173" oya="0" hai0="104,46,47,92,29,54,53,76,117,69,124,127,39" hai1="38,93,75,21,81,131,26,5,13,113,87,98,19" hai2="23,32,15,78,135,16,116,82,17,72,52,84,109" hai3="66,79,67,9,2,105,112,56,119,18,91,49,6"/><T50/><D104/><U101/><E131/><V71/><F32/><W25/><G119/><T57/><D76/><U64/><E113/><V120/><F120/><W108/><G105/><T115/><D29/><U20/><E38/><V96/><F71/><W106/><G106/><T37/><D92/><U97/><E75/><V99/><F109/><W74/><G108/><T60/><D115/><U65/><E97/><V122/><F122/><W31/><G112/><T63/><D117/><U126/><E126/><N who="0" m="48169" /><D46/><U88/><E5/><V110/><F110/><W77/><G91/><T11/><D11/><U58/><E58/><V123/><F123/><W61/><G67/><AGARI ba="1,0" hai="37,39,47,50,53,54,57,60,63,67,69" m="48169" machi="67" ten="30,5800,0" yaku="18,1,34,2" doraHai="14" who="0" fromWho="3" sc="327,61,250,0,250,0,173,-61" /><INIT seed="0,2,0,3,1,113" ten="388,250,250,112" oya="0" hai0="43,69,35,29,66,58,89,50,63,84,34,41,107" hai1="118,123,125,105,103,116,56,61,71,38,95,87,115" hai2="20,16,39,129,36,42,25,4,60,59,44,62,8" hai3="77,27,3,128,48,126,14,93,74,33,96,40,81"/><T31/><D107/><U24/><E123/><V114/><F114/><W37/><G126/><T110/><D110/><U51/><E115/><V127/><F127/><W75/><G128/><T108/><D108/><U78/><E38/><V2/><F129/><W10/><G74/><T83/><D29/><U101/><E125/><V80/><F39/><W53/><G33/><T131/><D131/><U85/><E71/><V57/><REACH who="2" step="1"/><F80/><REACH who="2" ten="388,250,240,112" step="2"/><W72/><G37/><T130/><D130/><U124/><E124/><V67/><F67/><W18/><G81/><T119/><D119/><U28/><E116/><V55/><F55/><W86/><G53/><T76/><D41/><U21/><E118/><V30/><F30/><W82/><G40/><T12/><D31/><U88/><E28/><V22/><F22/><W102/><G27/><T32/><D43/><U98/><E21/><V26/><F26/><W0/><G72/><T19/><D34/><U111/><E24/><V117/><F117/><W90/><REACH who="3" step="1"/><G48/><REACH who="3" ten="388,250,240,102" step="2"/><T15/><D50/><U79/><E51/><V92/><F92/><W121/><G121/><T7/><D32/><U6/><E95/><V11/><F11/><W13/><G13/><T45/><D35/><U120/><E120/><V9/><F9/><W46/><G46/><T65/><D45/><U64/><E111/><V91/><F91/><W17/><G17/><T109/><D89/><U100/><E88/><V132/><F132/><W112/><G112/><T70/><D109/><U94/><E94/><V1/><F1/><W23/><G23/><N who="0" m="11751" /><D65/><U134/><E64/><V133/><F133/><RYUUKYOKU ba="2,2" sc="388,10,250,-30,240,10,102,10" hai0="7,15,58,63,66,69,70,76,83,84" hai2="2,4,8,16,20,25,36,42,44,57,59,60,62" hai3="0,3,10,14,18,75,77,82,86,90,93,96,102" /><INIT seed="0,3,2,0,4,100" ten="398,220,250,112" oya="0" hai0="93,52,75,50,73,44,131,104,13,90,20,64,61" hai1="116,9,12,24,81,53,2,15,17,8,132,87,101" hai2="118,127,120,115,125,59,103,35,67,58,4,78,23" hai3="106,29,97,57,43,41,45,65,112,14,37,42,56"/><T18/><D131/><U117/><E2/><V133/><F35/><W134/><G134/><T96/><REACH who="0" step="1"/><D104/><REACH who="0" ten="388,220,250,112" step="2"/><U85/><E132/><V6/><F133/><W119/><G106/><T128/><D128/><U114/><E116/><V71/><F118/><W126/><G119/><T79/><D79/><U111/><E117/><V66/><F78/><W22/><G112/><T72/><D72/><U99/><E114/><V30/><F115/><W19/><G126/><T95/><D95/><U34/><E81/><V86/><F125/><W69/><G97/><T55/><D55/><U7/><E53/><V46/><F127/><W123/><G123/><T38/><D38/><U62/><E99/><V102/><F120/><W107/><G107/><T25/><D25/><U92/><E92/><V129/><F129/><W88/><G42/><T68/><AGARI ba="3,3" hai="13,18,20,44,50,52,61,64,68,73,75,90,93,96" machi="68" ten="20,7800,0" yaku="1,1,0,1,7,1,54,1,53,0" doraHai="100" doraHaiUra="74" who="0" fromWho="0" sc="388,117,220,-29,250,-29,112,-29" /><INIT seed="0,4,0,2,2,107" ten="505,191,221,83" oya="0" hai0="104,66,9,89,96,23,125,132,95,59,25,120,90" hai1="44,34,19,116,33,102,84,110,99,35,133,40,86" hai2="119,63,31,70,4,16,64,77,127,87,13,5,103" hai3="92,62,3,94,17,65,88,72,100,58,26,130,29"/><T109/><D125/><U8/><E116/><V11/><F119/><W80/><G3/><T43/><D132/><U71/><E71/><V68/><F127/><W75/><G130/><T83/><D120/><U55/><E55/><V78/><F70/><W98/><G80/><T105/><D109/><U6/><E19/><V111/><F111/><W97/><REACH who="3" step="1"/><G17/><REACH who="3" ten="505,191,221,73" step="2"/><T76/><D83/><U121/><E110/><V81/><F16/><W106/><G106/><T57/><D104/><U28/><E121/><V53/><F81/><W50/><G50/><T46/><D105/><U37/><E133/><V79/><F4/><W85/><G85/><T108/><D108/><U60/><E86/><V118/><F87/><W18/><G18/><T48/><D76/><U113/><E84/><V131/><F131/><W69/><G69/><T115/><D115/><U39/><E113/><V91/><F5/><W7/><G7/><T2/><D2/><U54/><E6/><V49/><F49/><W124/><G124/><T10/><D48/><U27/><E39/><V82/><F82/><W126/><G126/><T22/><D95/><U73/><E37/><V51/><F51/><W1/><G1/><T122/><D122/><U32/><E28/><V45/><F31/><W41/><G41/><T134/><D43/><U52/><E40/><V117/><F117/><W20/><AGARI ba="4,1" hai="20,26,29,58,62,65,72,75,88,92,94,97,98,100" machi="20" ten="20,16000,3" yaku="1,1,0,1,7,1,25,2,52,2,54,1,53,0" doraHai="107" doraHaiUra="123" who="3" fromWho="3" sc="505,-84,191,-44,221,-44,73,182" /><INIT seed="1,0,0,1,5,134" ten="421,147,177,255" oya="1" hai0="43,103,89,3,114,36,90,118,68,55,96,58,116" hai1="95,124,23,105,101,22,27,17,99,81,75,45,98" hai2="44,54,73,51,33,115,108,120,40,34,63,29,121" hai3="100,93,117,109,125,35,57,130,131,28,79,11,77"/><U19/><E45/><V128/><F73/><W13/><G109/><T16/><D114/><U46/><E46/><V82/><F108/><W30/><G117/><T10/><D68/><U69/><E69/><V111/><F111/><W107/><G107/><T91/><D43/><U113/><E113/><V20/><F128/><N who="3" m="49195" /><G57/><T110/><D36/><U119/><E119/><V76/><F115/><W59/><G59/><T122/><D122/><U123/><E123/><V132/><F132/><W66/><G66/><T86/><D110/><U133/><E133/><V47/><F63/><W31/><G35/><T61/><D86/><U50/><E50/><V21/><F82/><W78/><G125/><T106/><REACH who="0" step="1"/><D16/><REACH who="0" ten="411,147,177,255" step="2"/><U64/><E124/><V24/><F40/><W126/><G126/><T67/><D67/><U71/><E64/><V48/><F120/><W52/><G52/><T6/><AGARI ba="0,1" hai="3,6,10,55,58,61,89,90,91,96,103,106,116,118" machi="6" ten="30,2000,0" yaku="1,1,0,1,53,0" doraHai="134" doraHaiUra="129" who="0" fromWho="0" sc="411,30,147,-10,177,-5,255,-5" /><INIT seed="2,0,0,1,5,13" ten="441,137,172,250" oya="2" hai0="0,42,23,103,80,124,16,106,93,50,130,55,66" hai1="107,26,64,77,39,20,14,89,125,56,113,88,126" hai2="43,1,99,19,53,73,87,109,127,47,94,108,86" hai3="112,24,33,41,71,11,51,96,49,81,110,62,134"/><V135/><F73/><W76/><G110/><N who="2" m="42601" /><F1/><W18/><G134/><T58/><D106/><U25/><E113/><V37/><F135/><W28/><G112/><T32/><D32/><U7/><E39/><V27/><F53/><W3/><G96/><N who="0" m="59791" /><D0/><U133/><E77/><V45/><F45/><W100/><G100/><T17/><D124/><N who="1" m="47723" /><E107/><V48/><F37/><W74/><G41/><T69/><D69/><U36/><E36/><V54/><F54/><W21/><G71/><T38/><D38/><U6/><E133/><V8/><F127/><W129/><G62/><N who="0" m="38231" /><D42/><U44/><E44/><V9/><F9/><W122/><G129/><T70/><D70/><U75/><E75/><V60/><F60/><W95/><G95/><T67/><D130/><U59/><E59/><V40/><F40/><W34/><G122/><T61/><D23/><U102/><E56/><V105/><F105/><W84/><G74/><T10/><D10/><U30/><E64/><V68/><F68/><W121/><G121/><T118/><D118/><U29/><E20/><N who="2" m="13727" /><F8/><W132/><G132/><T114/><D114/><U101/><E6/><V82/><F82/><W97/><G11/><T2/><D2/><U104/><E104/><V111/><F111/><W128/><G3/><T131/><D131/><U119/><E119/><V65/><F65/><W35/><G128/><T15/><D67/><U72/><E72/><V91/><AGARI ba="0,0" hai="43,47,48,86,87,91,94,99" m="13727,42601" machi="91" ten="30,6000,0" yaku="14,1,10,1,52,1" doraHai="13" who="2" fromWho="2" sc="441,-20,137,-20,172,60,250,-20" /><INIT seed="2,1,0,5,3,84" ten="421,117,232,230" oya="2" hai0="7,59,58,17,1,18,132,126,50,26,49,35,53" hai1="4,33,2,125,27,109,88,107,90,63,41,91,106" hai2="40,3,115,105,66,31,119,43,20,57,34,14,15" hai3="32,92,48,9,114,113,128,99,68,76,23,81,54"/><V100/><F119/><W83/><G32/><T19/><D126/><U10/><E125/><V22/><F115/><N who="3" m="44043" /><G128/><T94/><D132/><U103/><E109/><V117/><F117/><W71/><G9/><T77/><D77/><U78/><E78/><V37/><F3/><W79/><G23/><T45/><D94/><U24/><E41/><V61/><F34/><W80/><G79/><T16/><D49/><U46/><E46/><V85/><F105/><W93/><G76/><T52/><D53/><U120/><E120/><V5/><F100/><N who="3" m="60519" /><G93/><T134/><D134/><U60/><E27/><N who="2" m="16871" /><F37/><W95/><G95/><T135/><D135/><U102/><E103/><V130/><F130/><W89/><G89/><T0/><N who="0" m="4096" /><DORA hai="21" /><T30/><REACH who="0" step="1"/><D0/><REACH who="0" ten="411,117,232,230" step="2"/><U96/><REACH who="1" step="1"/><E106/><REACH who="1" ten="411,107,232,230" step="2"/><V123/><F43/><W112/><G112/><T67/><D67/><U72/><E72/><V25/><F40/><W44/><AGARI ba="1,2" hai="44,48,54,68,71,80,81,83" m="60519,44043" machi="44" ten="30,1100,0" yaku="11,1" doraHai="84,21" who="3" fromWho="3" sc="411,-4,107,-4,232,-6,230,34" /><INIT seed="3,0,0,3,5,19" ten="407,103,226,264" oya="3" hai0="59,53,37,20,91,5,118,133,45,92,64,84,39" hai1="4,130,75,113,55,78,90,44,99,14,10,54,132" hai2="9,82,103,93,105,104,100,52,106,127,27,120,67" hai3="125,42,86,83,114,69,35,122,24,135,77,72,98"/><W65/><G122/><T112/><D118/><U131/><E113/><V71/><F127/><W33/><G114/><T62/><D112/><U58/><E132/><V89/><F120/><W70/><G125/><T94/><D133/><U88/><E75/><V111/><F111/><W134/><G86/><T32/><D32/><U21/><E78/><V48/><F82/><W22/><G135/><T49/><D5/><U76/><E76/><V30/><F9/><W128/><G128/><T63/><D20/><U95/><E44/><V2/><F2/><W123/><G123/><T31/><D31/><U116/><E116/><V43/><F43/><W46/><G98/><T51/><D62/><U96/><E55/><V108/><F108/><W25/><G25/><T81/><REACH who="0" step="1"/><D51/><REACH who="0" ten="397,103,226,264" step="2"/><U129/><E21/><V57/><F67/><W60/><G134/><T97/><D97/><U66/><E66/><V50/><F50/><W87/><G69/><T28/><D28/><U23/><E23/><V74/><F71/><W38/><REACH who="3" step="1"/><G72/><REACH who="3" ten="397,103,226,254" step="2"/><T26/><D26/><U115/><E115/><V34/><REACH who="2" step="1"/><F74/><REACH who="2" ten="397,103,216,254" step="2"/><W7/><G7/><T40/><D40/><U16/><E4/><V109/><F109/><W3/><G3/><T36/><AGARI ba="0,3" hai="36,37,39,45,49,53,59,63,64,81,84,91,92,94" machi="36" ten="30,2000,0" yaku="1,1,0,1,53,0" doraHai="19" doraHaiUra="17" who="0" fromWho="0" sc="397,50,103,-5,216,-5,254,-10" owari="447,54.7,98,-40.2,211,-18.9,244,4.4" /></mjloggm>