<mjloggm ver="2.3"><GO type="225" lobby="0"/><UN n0="%E6%98%93%E5%88%A9%E8%96%A9%E4%BC%AF" n1="%E5%8D%8D%E6%B1%A0%E8%A2%8B%E6%9C%80%E5%BC%B7%E5%8D%8D" n2="%E4%B8%8B%E4%BA%95%E8%8D%89" n3="%EF%BC%94%36" dan="16,16,16,16" rate="2047.89,2132.20,2141.46,2067.98" sx="F,M,M,M"/><TAIKYOKU oya="0"/><INIT seed="0,0,0,5,3,61" ten="250,250,250,250" oya="0" hai0="132,65,113,77,111,86,87,101,81,78,128,63,64" hai1="69,71,83,25,119,62,57,1,66,21,5,49,23" hai2="3,80,2,17,27,36,74,37,135,122,133,82,52" hai3="34,103,102,60,4,35,91,127,18,67,13,84,43"/><T72/><D113/><U59/><E119/><V10/><F122/><W98/><G4/><T75/><D128/><U53/><E21/><V90/><F74/><W76/><G76/><T20/><D132/><N who="2" m="50762" /><F90/><W94/><G43/><T97/><D111/><U68/><E83/><N who="2" m="31787" /><F27/><W95/><G127/><T33/><D33/><U123/><E123/><V112/><F112/><W104/><G104/><T89/><D63/><U41/><E5/><V48/><F17/><W29/><G102/><T106/><D20/><U79/><E79/><N who="0" m="30217" /><D65/><U7/><E7/><N who="2" m="1399" /><F3/><W55/><G29/><T56/><D56/><AGARI ba="0,0" hai="36,37,48,52,56" m="1399,31787,50762" machi="56" ten="30,2000,0" yaku="20,1,54,1" doraHai="61" who="2" fromWho="0" sc="250,-20,250,0,250,20,250,0" /><INIT seed="1,0,0,5,5,116" ten="230,250,270,250" oya="1" hai0="1,126,30,127,97,121,104,46,48,53,115,118,117" hai1="11,95,77,123,52,41,90,18,119,131,85,125,12" hai2="133,108,47,13,49,66,16,17,124,20,24,63,5" hai3="120,57,44,107,4,36,59,100,60,129,132,26,45"/><U40/><E119/><N who="0" m="45577" /><D1/><U70/><E131/><V27/><F108/><W109/><G4/><T128/><D30/><U98/><E125/><N who="0" m="47625" /><D104/><U34/><E34/><V82/><F124/><W32/><G26/><T67/><D97/><U105/><E70/><V3/><F133/><W43/><G32/><T88/><D88/><U79/><E123/><V72/><F3/><W69/><G100/><T99/><D99/><U56/><E105/><V92/><F92/><W65/><G107/><T58/><D115/><U62/><REACH who="1" step="1"/><E98/><REACH who="1" ten="230,240,270,250" step="2"/><V10/><F72/><W86/><G120/><T2/><D121/><U110/><E110/><V6/><F82/><W68/><G68/><T54/><D128/><U111/><E111/><V29/><F66/><W19/><G129/><T81/><D81/><U75/><E75/><V15/><F63/><W101/><G60/><N who="0" m="38295" /><D2/><U61/><E61/><V122/><F122/><W112/><G109/><T96/><D96/><U25/><E25/><V9/><REACH who="2" step="1"/><F27/><REACH who="2" ten="230,240,260,250" step="2"/><W55/><G65/><T39/><D39/><U93/><E93/><V71/><F71/><W130/><G69/><T38/><D38/><U50/><E50/><V89/><F89/><W37/><G37/><T134/><D134/><U114/><E114/><V103/><F103/><W73/><G112/><T8/><D8/><U14/><E14/><V84/><F84/><W80/><G86/><T28/><D28/><U31/><E31/><V91/><F91/><W87/><G87/><T35/><D35/><U135/><E135/><V83/><F83/><W7/><G80/><T106/><D106/><U78/><AGARI ba="0,2" hai="11,12,18,40,41,52,56,62,77,78,79,85,90,95" machi="78" ten="30,12000,1" yaku="1,1,5,1,0,1,8,1,54,1,53,0" doraHai="116" doraHaiUra="76" who="1" fromWho="1" sc="230,-40,240,140,260,-40,250,-40" /><INIT seed="1,1,0,2,5,105" ten="190,380,220,210" oya="1" hai0="113,81,112,80,28,56,27,49,46,93,78,114,53" hai1="66,62,69,64,76,11,47,7,9,70,63,24,83" hai2="58,73,111,36,55,52,132,43,33,3,34,106,94" hai3="17,19,38,61,54,23,22,127,118,45,86,59,92"/><U110/><E110/><V84/><F106/><W71/><G71/><T41/><D93/><U50/><E24/><V79/><F111/><W102/><G118/><T96/><D96/><U20/><E20/><N who="3" m="7722" /><G38/><T135/><D135/><U90/><E90/><V101/><F132/><W30/><G30/><T103/><D103/><U97/><E97/><V18/><F3/><W1/><G1/><T68/><D68/><U116/><E116/><V48/><F55/><W15/><G127/><T26/><D28/><U44/><E50/><V21/><F43/><W129/><G129/><T77/><D80/><U57/><E57/><V122/><F36/><W0/><G0/><T32/><D78/><U74/><E11/><V87/><F122/><W88/><G102/><T60/><REACH who="0" step="1"/><D32/><REACH who="0" ten="180,380,220,210" step="2"/><U40/><E40/><V29/><F29/><W115/><G92/><T13/><D13/><AGARI ba="1,1" hai="7,9,13,44,47,62,63,64,66,69,70,74,76,83" machi="13" ten="30,5800,0" yaku="7,1,9,1,52,1" doraHai="105" who="1" fromWho="0" sc="180,-61,380,71,220,0,210,0" /><INIT seed="1,2,0,5,3,48" ten="119,451,220,210" oya="1" hai0="121,88,32,97,133,44,110,128,35,1,57,86,126" hai1="98,18,130,33,38,89,132,80,67,39,87,55,117" hai2="21,9,82,27,103,65,108,63,30,109,113,5,19" hai3="124,81,28,60,119,116,56,16,99,78,50,125,11"/><U92/><E67/><V59/><F113/><W107/><G50/><T22/><D1/><U14/><E33/><V52/><F82/><W95/><G28/><T45/><D110/><N who="2" m="42602" /><F103/><W93/><G107/><T54/><D128/><U13/><E13/><N who="2" m="5295" /><F30/><W47/><G47/><T36/><D97/><U17/><E17/><V68/><F68/><W83/><G83/><T114/><D121/><U49/><E132/><V25/><F25/><W29/><G29/><T70/><D70/><U24/><E24/><V23/><F23/><W91/><G95/><T112/><D133/><U61/><E61/><V104/><F104/><W118/><G11/><T12/><D126/><U73/><E73/><V58/><F58/><W76/><G16/><N who="0" m="10503" /><D114/><U134/><E134/><V96/><F96/><W42/><G42/><N who="0" m="22599" /><D45/><U102/><E130/><V120/><F120/><W31/><G31/><T4/><D4/><U85/><E117/><V72/><F72/><N who="3" m="43143" /><G78/><T100/><D100/><U8/><E87/><V64/><AGARI ba="2,0" hai="19,21,27,52,59,63,64,65" m="5295,42602" machi="64" ten="30,4000,0" yaku="14,1,52,1,54,1" doraHai="48" who="2" fromWho="2" sc="119,-12,451,-22,220,46,210,-12" /><INIT seed="2,0,0,3,1,15" ten="107,429,266,198" oya="2" hai0="78,53,82,1,89,66,28,4,109,128,107,59,90" hai1="80,12,54,102,21,122,135,127,119,63,2,29,65" hai2="56,84,19,31,67,11,52,7,133,6,18,98,95" hai3="9,47,38,30,99,27,91,42,101,106,0,115,13"/><V41/><F133/><W26/><G0/><T24/><D109/><U81/><E127/><V32/><F41/><W57/><G115/><T20/><D107/><U86/><E119/><V108/><F67/><W44/><G44/><T117/><D128/><U125/><E2/><V83/><F108/><W114/><G114/><T113/><D117/><U121/><E135/><V46/><F46/><W35/><G26/><T58/><D113/><U16/><E29/><V130/><F31/><W60/><G91/><T10/><D66/><U123/><E54/><V70/><F32/><W74/><G74/><T39/><D39/><U120/><E123/><V23/><F70/><W110/><G110/><T75/><REACH who="0" step="1"/><D59/><REACH who="0" ten="97,429,266,198" step="2"/><N who="1" m="37119" /><E122/><V131/><F130/><W25/><G57/><T77/><D77/><U5/><E121/><V73/><F131/><W126/><G126/><T116/><D116/><U14/><E120/><V88/><F73/><W79/><G79/><T45/><D45/><U51/><E125/><V62/><F23/><W111/><G111/><T76/><D76/><U71/><E21/><V104/><F104/><W8/><G106/><T103/><D103/><U124/><E102/><N who="2" m="60767" /><F11/><W48/><G8/><T134/><D134/><U55/><E71/><V68/><F68/><W100/><G9/><T3/><D3/><U85/><E5/><AGARI ba="0,1" hai="5,6,7,18,19,52,56,62,83,84,88" m="60767" machi="5" ten="30,12000,1" yaku="8,1,52,2,54,2" doraHai="15" who="2" fromWho="1" sc="97,0,429,-120,266,130,198,0" /><INIT seed="2,1,0,2,5,0" ten="97,309,396,198" oya="2" hai0="14,117,1,98,99,32,42,35,92,26,74,56,28" hai1="48,15,10,53,23,25,66,135,57,112,59,34,29" hai2="76,40,12,19,108,77,45,27,18,60,62,3,120" hai3="41,70,81,122,126,9,6,44,113,20,83,114,75"/><V51/><F120/><W104/><G70/><T109/><D1/><U115/><E135/><V49/><F3/><W68/><G68/><T128/><D109/><U78/><E34/><V124/><F124/><W86/><G104/><T96/><D74/><U119/><E78/><N who="2" m="30315" /><F108/><W8/><G8/><T72/><D72/><U90/><E119/><V93/><F93/><W54/><G75/><T121/><D121/><U132/><E132/><V58/><F27/><W106/><G106/><T118/><D35/><U43/><E43/><V69/><F69/><W2/><G126/><T67/><D42/><U101/><E101/><V131/><F131/><W107/><G107/><T7/><D128/><U13/><E13/><V94/><F94/><W133/><G133/><T50/><D92/><U84/><E66/><V85/><F85/><W5/><G122/><T97/><N who="0" m="24576" /><DORA hai="52" /><T39/><D39/><U73/><E73/><V37/><F37/><W125/><G125/><T80/><D80/><N who="1" m="49415" /><E115/><V130/><F130/><W22/><G81/><T79/><D79/><U100/><E100/><V127/><F127/><W63/><G83/><T134/><D134/><U71/><E71/><V31/><F31/><W47/><G86/><T88/><D88/><U55/><E112/><V89/><F89/><W102/><G102/><T95/><D95/><U33/><E33/><V123/><F123/><W91/><G91/><T24/><D24/><U105/><E105/><V17/><F12/><N who="3" m="5167" /><G114/><T30/><D30/><U46/><E29/><V116/><F116/><W64/><G113/><T36/><D36/><U61/><E25/><RYUUKYOKU ba="1,0" sc="97,-10,309,-10,396,30,198,-10" hai2="17,18,19,40,45,49,51,58,60,62" /><INIT seed="2,2,0,3,0,48" ten="87,299,426,188" oya="2" hai0="60,42,92,5,72,40,123,80,104,67,65,25,87" hai1="6,51,117,90,33,93,4,70,34,115,16,85,91" hai2="105,86,1,47,57,12,11,14,134,128,23,68,66" hai3="29,15,112,61,88,50,129,45,110,2,98,7,109"/><V124/><F105/><W75/><G75/><T44/><D104/><U97/><E115/><V58/><F1/><W120/><G2/><T126/><D123/><U78/><E117/><V24/><F134/><W46/><G120/><T62/><D126/><U56/><E70/><V54/><F124/><W113/><G29/><T130/><D130/><U52/><E78/><V79/><F128/><W89/><G61/><T9/><D72/><U37/><E37/><V83/><F68/><W132/><G129/><T17/><D92/><U111/><E111/><N who="3" m="42506" /><G45/><T74/><D74/><U59/><E34/><V127/><F127/><W122/><G122/><T35/><D35/><U100/><E33/><V32/><F32/><W71/><G71/><T49/><D42/><U30/><E30/><N who="2" m="17695" /><F66/><W107/><G132/><T125/><D125/><U38/><E38/><V20/><F20/><W55/><G107/><T27/><D67/><U119/><E119/><V73/><F73/><W18/><G7/><T106/><D106/><U26/><E4/><N who="2" m="3175" /><F14/><W8/><G98/><T82/><D65/><U77/><E6/><V96/><F96/><W135/><G135/><T43/><D27/><U81/><E56/><V22/><F22/><AGARI ba="2,0" hai="16,22,26,51,52,59,77,81,85,90,91,93,97,100" machi="22" ten="40,8000,1" yaku="8,1,52,1,54,2" doraHai="48" who="1" fromWho="2" sc="87,0,299,86,426,-86,188,0" /><INIT seed="3,0,0,2,0,65" ten="87,385,340,188" oya="3" hai0="50,108,47,13,95,78,122,81,89,131,127,37,18" hai1="88,66,82,41,53,92,36,101,130,90,124,71,42" hai2="58,75,125,39,9,20,80,12,5,55,44,28,11" hai3="74,83,77,129,120,114,0,49,84,31,27,87,35"/><W107/><G107/><T126/><D122/><U112/><E112/><V68/><F125/><W22/><G0/><T133/><D108/><U98/><E124/><V17/><F9/><W60/><G114/><T117/><D117/><U113/><E71/><V106/><F106/><W103/><G103/><T46/><D131/><U102/><E66/><V10/><F10/><W119/><G129/><T8/><D133/><U132/><E36/><V32/><F39/><W7/><G7/><T135/><D135/><U99/><E113/><V100/><F44/><W2/><G2/><T56/><D37/><U54/><E82/><V38/><F38/><W48/><G120/><T134/><D134/><U52/><E130/><V109/><F100/><N who="1" m="38505" /><E132/><V96/><F96/><N who="1" m="36905" /><E90/><V110/><F80/><W15/><G60/><T104/><D104/><U91/><E91/><V1/><F75/><W61/><G61/><T121/><D121/><U24/><E24/><V70/><F32/><W94/><G119/><T14/><D127/><U57/><E57/><V51/><F28/><W64/><G64/><T76/><D126/><U105/><E105/><V3/><F3/><W19/><G94/><T72/><D72/><U23/><E23/><V29/><F29/><W4/><G4/><T21/><D56/><U30/><E30/><V59/><F59/><W85/><AGARI ba="0,0" hai="15,19,22,27,31,35,48,49,74,77,83,84,85,87" machi="85" ten="30,1500,0" yaku="0,1" doraHai="65" who="3" fromWho="3" sc="87,-5,385,-5,340,-5,188,15" /><INIT seed="3,1,0,5,0,89" ten="82,380,335,203" oya="3" hai0="20,36,86,112,75,8,71,70,99,72,35,52,73" hai1="88,109,14,34,18,17,132,47,62,108,33,87,50" hai2="118,74,77,134,7,101,127,116,105,41,115,133,15" hai3="44,106,5,21,4,31,63,129,38,83,82,65,60"/><W110/><G106/><T27/><D36/><U43/><E62/><V53/><F41/><W117/><G117/><T80/><D35/><U122/><E18/><V32/><F53/><W128/><G110/><N who="1" m="42602" /><E132/><N who="2" m="50795" /><F15/><W55/><G31/><T6/><D112/><U81/><E122/><V66/><F66/><W25/><G63/><T98/><D8/><AGARI ba="1,0" hai="8,14,17,33,34,43,47,50,81,87,88" m="42602" machi="8" ten="30,2000,0" yaku="14,1,54,1" doraHai="89" who="1" fromWho="0" sc="82,-23,380,23,335,0,203,0" owari="59,-44.1,403,50.3,335,13.5,203,-19.7" /></mjloggm>