<mjloggm ver="2.3"><GO type="225" lobby="0"/><UN n0="%E9%9B%80%E6%A5%B5%E3%81%AE%E3%81%B8" n1="%6D%75%75%73%61%6E%6D%75" n2="%48%61%61%61%6C%61%6E%64" n3="%E4%BF%BA%E3%81%A8%E5%A6%96%E5%A4%A2" dan="16,16,18,17" rate="2131.92,2103.70,2211.52,2210.69" sx="M,F,M,F"/><TAIKYOKU oya="0"/><INIT seed="0,0,0,4,0,113" ten="250,250,250,250" oya="0" hai0="33,57,85,28,5,14,41,97,101,98,108,79,78" hai1="82,90,24,119,34,124,70,99,36,133,92,84,120" hai2="9,19,118,58,26,59,27,72,64,20,56,102,38" hai3="15,7,23,110,77,93,109,51,21,128,129,86,116"/><T95/><D108/><N who="3" m="41577" /><G77/><T115/><D115/><U0/><E120/><V88/><F38/><W43/><G86/><T16/><D5/><U2/><E124/><V89/><F72/><W130/><G93/><T107/><D41/><U3/><E133/><V63/><F102/><W29/><G43/><T71/><D71/><U112/><E112/><V46/><F118/><W54/><G116/><T83/><D57/><N who="2" m="22122" /><F46/><N who="3" m="28023" /><G29/><T76/><D28/><U8/><E70/><V69/><F69/><W32/><G32/><T87/><D33/><U13/><E36/><V11/><F27/><W81/><G81/><T45/><D45/><U12/><E119/><V60/><F60/><W132/><G132/><T74/><D74/><U35/><E24/><V96/><F89/><W126/><G126/><T105/><D83/><U55/><E13/><V67/><F67/><W135/><G135/><T47/><D47/><U94/><E55/><V42/><F42/><W123/><G123/><T117/><D117/><U30/><E30/><V39/><F39/><W44/><G44/><T106/><REACH who="0" step="1"/><D97/><REACH who="0" ten="240,250,250,250" step="2"/><U22/><E82/><V68/><F68/><W62/><G62/><T125/><D125/><U61/><E61/><V114/><F114/><W50/><G50/><T37/><D37/><U111/><E111/><V134/><F134/><W75/><G75/><T49/><D49/><U52/><E35/><V53/><F64/><W4/><G7/><T48/><D48/><U131/><E34/><V121/><F121/><W127/><G127/><T31/><D31/><U6/><E52/><V103/><F53/><W80/><G80/><RYUUKYOKU ba="0,1" sc="240,15,250,-15,250,-15,250,15" hai0="14,16,76,78,79,85,87,95,98,101,105,106,107" hai3="4,15,21,23,128,129,130" /><INIT seed="0,1,1,1,1,56" ten="255,235,235,265" oya="0" hai0="16,24,2,126,114,121,123,38,132,8,50,54,7" hai1="71,18,10,116,105,59,85,27,30,77,34,68,72" hai2="13,74,25,130,57,42,47,43,60,78,67,90,111" hai3="21,40,135,88,103,9,23,113,102,81,127,107,49"/><T6/><D38/><U1/><E116/><V58/><F111/><W37/><G113/><T79/><D114/><U100/><E72/><V69/><F130/><W31/><G37/><T20/><D126/><U52/><E105/><V41/><F47/><N who="3" m="25831" /><G107/><T91/><D132/><U64/><E100/><N who="3" m="38442" /><G127/><T108/><D108/><U4/><E64/><V53/><F90/><W66/><G135/><T63/><D79/><U109/><E109/><V19/><F25/><W17/><G66/><T94/><D7/><U104/><E104/><V134/><F134/><W99/><G31/><T36/><D36/><U46/><E46/><V112/><F112/><W44/><G44/><T110/><D110/><U115/><E115/><V119/><F119/><W65/><G65/><T96/><REACH who="0" step="1"/><D63/><REACH who="0" ten="245,235,235,265" step="2"/><U128/><E128/><V92/><F78/><W28/><G28/><T86/><D86/><U3/><E18/><V80/><F19/><W73/><G73/><T97/><D97/><U129/><E129/><V55/><F74/><W15/><G99/><T95/><D95/><U51/><REACH who="1" step="1"/><E3/><REACH who="1" ten="245,225,235,265" step="2"/><V133/><F133/><W98/><G98/><T93/><D93/><U33/><E33/><V45/><F92/><W76/><G76/><T62/><D62/><U11/><E11/><V122/><F41/><W0/><G0/><T26/><D26/><U22/><E22/><V118/><F42/><W14/><G14/><T131/><D131/><U5/><E5/><V70/><F13/><W101/><G101/><T82/><D82/><AGARI ba="1,3" hai="1,4,10,27,30,34,51,52,59,68,71,77,82,85" machi="82" ten="40,2600,0" yaku="1,1,54,1,53,0" doraHai="56" doraHaiUra="84" who="1" fromWho="0" sc="245,-29,225,59,235,0,265,0" /><INIT seed="1,0,0,3,3,83" ten="216,284,235,265" oya="1" hai0="61,41,86,10,63,90,117,45,84,32,64,9,58" hai1="125,103,120,7,23,107,28,119,16,39,99,133,81" hai2="43,116,121,14,33,19,73,126,129,98,51,123,38" hai3="131,24,36,122,54,27,70,109,62,91,17,15,22"/><U78/><E119/><V135/><F116/><W115/><G122/><T101/><D32/><U114/><E120/><V80/><F38/><W65/><G115/><T89/><D117/><U67/><E114/><V57/><F33/><W40/><G109/><T132/><D101/><U75/><E39/><V50/><F126/><W87/><G131/><T118/><D132/><U59/><E133/><V5/><F135/><W42/><G54/><T110/><D110/><U104/><E125/><V106/><F5/><W79/><G79/><T18/><D118/><U35/><E7/><V2/><F2/><W52/><G52/><T93/><D63/><U12/><E35/><V37/><F37/><W94/><G36/><T6/><D18/><U88/><E28/><V124/><F124/><W31/><REACH who="3" step="1"/><G24/><REACH who="3" ten="216,284,235,255" step="2"/><T95/><D6/><U55/><E55/><V112/><F129/><W53/><G53/><T11/><D45/><U74/><E78/><N who="2" m="44111" /><F112/><W29/><G29/><T1/><D1/><U44/><E44/><V72/><F123/><W97/><G97/><T3/><D3/><U34/><E99/><V21/><F121/><W105/><G105/><T102/><D102/><U20/><E107/><V30/><F30/><W128/><G128/><T0/><D0/><U60/><E104/><V92/><F106/><W46/><G46/><T100/><D100/><U4/><E103/><V26/><F98/><W127/><G127/><T69/><D41/><U49/><E49/><V113/><F50/><W111/><G111/><T47/><D47/><U96/><E96/><V130/><F113/><W85/><G85/><RYUUKYOKU ba="0,1" sc="216,15,284,-15,235,-15,255,15" hai0="9,10,11,58,61,64,69,84,86,89,90,93,95" hai3="15,17,22,27,31,40,42,62,65,70,87,91,94" /><INIT seed="2,1,1,3,3,25" ten="231,269,220,270" oya="2" hai0="60,108,56,38,29,84,127,114,44,3,120,52,78" hai1="53,36,0,86,43,30,15,82,45,96,61,37,47" hai2="89,13,124,135,99,111,70,16,65,79,26,23,28" hai3="74,68,50,118,2,92,20,98,18,119,21,113,100"/><V75/><F124/><W107/><G2/><T66/><D114/><U85/><E0/><V24/><F135/><W9/><G68/><T101/><D3/><U91/><E96/><V54/><F111/><W133/><G133/><T77/><D108/><U80/><E15/><V87/><F75/><W110/><G110/><T109/><D109/><U83/><E61/><V8/><F70/><W4/><G74/><T35/><D120/><U117/><E117/><V69/><F69/><W57/><G113/><T33/><D127/><U6/><E6/><V55/><F65/><W32/><G32/><T128/><D128/><U106/><E106/><V34/><F79/><W46/><G4/><T73/><D73/><U123/><E123/><V19/><REACH who="2" step="1"/><F99/><REACH who="2" ten="231,269,210,270" step="2"/><W67/><G67/><T31/><D77/><U17/><E85/><V112/><F112/><W14/><G118/><T105/><D84/><U51/><E86/><V116/><F116/><W102/><G119/><T58/><D78/><U72/><E72/><V104/><F104/><W81/><G107/><T40/><D105/><U1/><E82/><AGARI ba="1,2" hai="8,13,16,19,23,24,26,28,34,54,55,82,87,89" machi="82" ten="30,11600,0" yaku="1,1,7,1,52,1,54,1,53,0" doraHai="25" doraHaiUra="64" who="2" fromWho="1" sc="231,0,269,-119,210,139,270,0" /><INIT seed="2,2,0,2,4,133" ten="231,150,349,270" oya="2" hai0="12,87,114,117,69,39,61,91,73,66,3,55,122" hai1="116,109,125,14,82,120,104,119,100,2,107,8,11" hai2="75,84,89,92,23,35,71,76,64,4,135,106,132" hai3="15,59,27,103,130,22,53,111,46,36,45,60,24"/><V78/><F35/><W86/><G111/><T50/><D3/><U83/><E109/><V129/><F129/><W26/><G130/><T72/><D122/><U13/><E120/><V33/><F33/><W99/><G86/><T110/><D114/><U98/><E2/><V81/><F4/><W79/><G79/><T19/><D39/><U40/><E40/><V65/><F106/><W58/><G36/><T10/><D117/><U95/><E95/><V115/><F115/><W88/><G59/><T49/><D49/><U67/><E67/><V80/><F23/><W52/><G53/><T31/><D31/><U131/><E131/><V105/><F105/><W94/><G103/><T134/><D134/><N who="2" m="51242" /><F71/><W43/><G43/><T118/><D118/><U57/><E57/><V51/><F51/><W30/><G30/><T56/><D110/><U90/><E100/><V77/><F77/><W112/><G112/><T17/><D17/><AGARI ba="2,0" hai="15,17,22,24,26,27,45,46,52,58,60,88,94,99" machi="17" ten="40,5200,0" yaku="8,1,54,2" doraHai="133" who="3" fromWho="0" sc="231,-58,150,0,349,0,270,58" /><INIT seed="3,0,0,2,2,78" ten="173,150,349,328" oya="3" hai0="48,128,51,98,125,12,64,105,118,94,93,59,74" hai1="70,46,17,96,130,115,108,91,1,33,103,82,15" hai2="81,45,112,63,107,58,87,24,44,92,67,132,8" hai3="99,4,43,68,31,113,11,90,52,77,23,69,83"/><W124/><G113/><T0/><D0/><U116/><E115/><V61/><F107/><W25/><G43/><T9/><D118/><U39/><E70/><V53/><F112/><W57/><G124/><T106/><D74/><U100/><E1/><V60/><F132/><W129/><G129/><T50/><D125/><U89/><E33/><V134/><F134/><W101/><G90/><N who="0" m="55607" /><D106/><U110/><E130/><V62/><F8/><W88/><G88/><N who="1" m="33866" /><E116/><V120/><F92/><W84/><G99/><T6/><D105/><U79/><E96/><V95/><F95/><W30/><G30/><T18/><D128/><U131/><E131/><V26/><F120/><W36/><G101/><T34/><D34/><U32/><E32/><V86/><F86/><W29/><G29/><T5/><D94/><U2/><E2/><V37/><F37/><W28/><G28/><T97/><D97/><U104/><E104/><V66/><F87/><W3/><G36/><T109/><D109/><N who="1" m="42091" /><E46/><V76/><F44/><W47/><G47/><T16/><D6/><U135/><E135/><V102/><F45/><W49/><AGARI ba="0,0" hai="3,4,11,23,25,31,49,52,57,68,69,77,83,84" machi="49" ten="20,7800,0" yaku="0,1,7,1,52,1,54,1" doraHai="78" who="3" fromWho="3" sc="173,-26,150,-26,349,-26,328,78" owari="147,-25.3,124,-37.6,323,12.3,406,50.6" /></mjloggm>