<mjloggm ver="2.3"><GO type="225" lobby="0"/><UN n0="%E3%80%93%E3%81%97%E3%83%BC%E3%82%89%E3%80%93" n1="%E3%82%BC%E3%83%AB%E3%83%80%E3%81%AE%E4%BC%9D%E8%AA%AC" n2="%E5%8D%A0%E3%81%84%E5%B8%AB%E8%A3%8F%E3%81%AA%E3%81%84%E3%81%97" n3="%E6%81%A5%E6%99%92%E3%81%97" dan="16,18,17,16" rate="2154.59,2224.23,2162.99,2136.63" sx="M,M,M,M"/><TAIKYOKU oya="0"/><INIT seed="0,0,0,5,5,7" ten="250,250,250,250" oya="0" hai0="12,68,0,63,15,24,8,35,19,55,18,17,23" hai1="80,59,89,41,6,109,95,37,129,88,134,124,94" hai2="64,57,33,86,100,90,16,77,70,101,130,11,46" hai3="1,25,122,39,123,48,98,32,113,22,121,72,10"/><T34/><D68/><U96/><E109/><V50/><F33/><N who="0" m="12298" /><D63/><U69/><E69/><V118/><F70/><W125/><G39/><T74/><D55/><U131/><E124/><V82/><F130/><N who="1" m="49673" /><E134/><V116/><F77/><W127/><G72/><T29/><D74/><U85/><E59/><V73/><F73/><W67/><G32/><N who="0" m="20519" /><D0/><U79/><E6/><AGARI ba="0,0" hai="6,8,12,15,17,18,19,23" m="20519,12298" machi="6" ten="30,18000,2" yaku="35,5,52,1" doraHai="7" who="0" fromWho="1" sc="250,180,250,-180,250,0,250,0" /><INIT seed="0,1,0,1,5,117" ten="430,70,250,250" oya="0" hai0="84,134,13,61,85,91,127,63,135,16,38,80,3" hai1="42,12,126,112,69,32,4,87,20,17,73,75,24" hai2="89,26,83,86,131,50,98,65,18,48,123,8,77" hai3="33,66,21,35,44,129,130,113,58,1,103,30,52"/><T49/><D3/><U111/><E69/><V106/><F131/><N who="3" m="50187" /><G113/><T15/><D38/><U82/><E112/><V57/><F106/><W125/><G125/><T31/><D127/><U27/><E126/><V122/><F65/><W95/><G1/><T94/><D31/><U105/><E111/><V96/><F48/><N who="3" m="28679" /><G21/><N who="0" m="11407" /><D15/><U90/><E105/><V40/><F8/><W19/><G19/><T37/><D37/><U6/><E42/><V71/><F71/><W79/><G79/><N who="0" m="46111" /><D49/><U39/><E39/><V7/><F7/><W108/><G108/><T56/><D56/><U47/><E47/><V68/><F68/><W110/><G30/><T78/><D78/><U92/><E32/><V104/><F104/><W41/><G110/><T121/><D121/><U107/><E107/><V119/><F119/><W54/><G35/><T60/><D135/><U115/><E115/><V102/><F102/><W2/><G2/><T36/><D36/><U101/><E73/><V28/><F28/><W133/><G133/><T25/><D134/><U46/><E46/><V114/><F114/><W34/><G66/><T23/><D23/><U116/><E116/><V128/><F128/><W29/><G41/><T64/><D64/><U14/><E75/><V59/><F40/><W22/><G22/><T72/><D72/><U76/><E101/><V5/><F5/><N who="1" m="2153" /><E12/><V120/><F77/><W88/><G103/><T100/><D100/><U51/><E51/><V10/><F50/><N who="3" m="31063" /><G29/><T74/><D74/><U67/><E67/><V55/><F55/><W109/><G109/><T11/><D11/><U9/><E9/><RYUUKYOKU ba="1,0" sc="430,10,70,10,250,-30,250,10" hai0="25,60,61,63,85,91,94" hai1="14,17,20,24,27,76,82,87,90,92" hai3="33,34,88,95" /><INIT seed="0,2,0,3,4,49" ten="440,80,220,260" oya="0" hai0="3,120,69,19,91,72,23,111,94,63,1,58,50" hai1="64,8,47,67,100,76,5,35,129,4,10,82,20" hai2="33,43,135,74,126,55,110,18,134,112,7,73,14" hai3="104,75,125,68,131,128,119,6,59,44,83,98,90"/><T109/><D72/><U54/><E35/><V28/><F112/><W66/><G119/><T93/><D69/><U26/><E129/><V101/><F43/><W77/><G125/><T70/><D70/><U121/><E121/><V117/><F126/><W9/><G68/><T46/><D120/><U102/><E47/><V11/><F110/><N who="0" m="41994" /><D46/><U124/><E124/><V40/><F40/><W107/><G44/><T52/><D50/><U130/><E130/><N who="3" m="49706" /><G90/><T0/><D91/><U113/><E113/><V71/><F101/><W96/><G66/><T34/><D34/><U56/><E102/><V97/><F71/><W122/><G59/><T57/><D57/><U81/><E100/><V114/><F114/><W15/><G122/><T105/><D105/><AGARI ba="2,0" hai="6,9,15,75,77,83,96,98,104,105,107" m="49706" machi="105" ten="30,1000,0" yaku="19,1" doraHai="49" who="3" fromWho="0" sc="440,-16,80,0,220,0,260,16" /><INIT seed="1,0,0,4,2,23" ten="424,80,220,276" oya="1" hai0="45,133,44,114,75,63,26,62,99,86,4,65,81" hai1="28,84,56,7,71,96,76,121,106,55,40,80,111" hai2="74,34,25,131,97,47,107,128,123,32,117,11,46" hai3="19,37,22,58,13,69,16,82,38,1,35,60,118"/><U0/><E121/><V77/><F117/><W130/><G69/><T126/><D75/><U134/><E134/><V101/><F123/><W59/><G1/><T125/><D114/><U89/><E71/><V49/><F11/><W119/><G35/><T42/><D4/><U3/><E111/><V108/><F108/><W135/><G135/><T51/><D99/><U17/><E40/><V110/><F110/><W6/><G6/><T132/><D26/><U73/><E28/><N who="2" m="19471" /><F34/><W12/><G82/><T94/><D94/><N who="1" m="54567" /><E17/><V98/><F49/><W91/><G91/><N who="0" m="51663" /><D45/><U5/><E5/><V9/><F9/><W66/><G130/><N who="2" m="49705" /><F97/><W92/><G92/><T61/><D65/><U122/><E122/><V112/><F112/><W20/><REACH who="3" step="1"/><G59/><REACH who="3" ten="424,80,220,266" step="2"/><T14/><D133/><U29/><E7/><V2/><F2/><W30/><G30/><T24/><D132/><U95/><E29/><V18/><F18/><W100/><G100/><T103/><D103/><N who="1" m="62823" /><E95/><V57/><F57/><W85/><G85/><T79/><D44/><U90/><E90/><V33/><F33/><W39/><AGARI ba="0,1" hai="12,13,16,19,20,22,37,38,39,58,60,66,118,119" machi="39" ten="40,12000,2" yaku="1,1,0,1,9,1,54,1,53,3" doraHai="23" doraHaiUra="68" who="3" fromWho="3" sc="424,-30,80,-60,220,-30,266,130" /><INIT seed="2,0,0,2,1,82" ten="394,20,190,396" oya="2" hai0="77,84,14,133,88,47,135,30,123,69,45,5,89" hai1="121,21,91,8,74,83,103,100,118,87,58,16,6" hai2="124,64,52,93,126,0,46,61,97,39,80,98,106" hai3="51,28,95,107,75,81,92,7,76,71,119,18,86"/><V27/><F0/><W4/><G119/><T114/><D69/><U115/><E115/><V32/><F39/><W11/><G71/><T29/><D114/><U37/><E118/><V67/><F80/><W125/><G125/><N who="2" m="48233" /><F106/><W55/><G107/><T2/><D2/><U22/><E121/><V79/><F79/><W54/><G28/><N who="0" m="10859" /><D123/><U53/><E74/><V129/><F129/><W108/><G108/><T19/><D5/><N who="3" m="2121" /><G75/><T99/><D77/><U73/><E73/><V122/><F122/><W60/><G60/><T65/><D65/><U40/><E40/><V105/><F105/><W72/><G72/><T34/><D34/><U111/><E37/><V48/><F32/><W101/><G101/><T68/><D68/><U117/><E111/><V130/><F27/><W56/><G55/><T131/><D131/><U13/><E117/><V66/><F130/><W110/><G110/><T20/><D99/><N who="2" m="37898" /><F93/><W49/><G49/><T78/><D78/><U38/><E38/><V50/><F48/><W44/><G44/><T12/><D89/><U70/><E70/><AGARI ba="0,0" hai="46,50,52,61,64,66,67,70" m="37898,48233" machi="70" ten="30,2900,0" yaku="18,1,54,1" doraHai="82" who="2" fromWho="1" sc="394,0,20,-29,190,29,396,0" owari="394,19.4,-9,-50.9,219,-18.1,396,49.6" /></mjloggm>