<mjloggm ver="2.3"><GO type="225" lobby="0"/><UN n0="%61%6D%65%6B%69" n1="%4C%4F%4C%49%54%41" n2="%E3%82%A2%E3%83%A1%E3%82%A2%E3%83%A9%E3%83%AC" n3="%E5%A4%9C%E3%81%AE%E3%82%AC%E3%82%B9%E3%83%91%E3%83%BC%E3%83%AB" dan="16,16,16,17" rate="2085.04,2185.14,2150.12,2184.18" sx="M,F,M,M"/><TAIKYOKU oya="0"/><INIT seed="0,0,0,5,4,4" ten="250,250,250,250" oya="0" hai0="19,129,55,65,93,2,30,70,14,72,74,131,133" hai1="16,11,0,130,62,6,115,91,10,71,47,122,69" hai2="81,60,36,75,80,104,132,125,113,98,76,59,118" hai3="128,35,134,31,12,103,108,126,119,82,26,32,20"/><T54/><D2/><U58/><E122/><V33/><F113/><W25/><G119/><T121/><D121/><U23/><E130/><N who="0" m="49673" /><D30/><U100/><E100/><V99/><F33/><W83/><G128/><T106/><D106/><U38/><E115/><V61/><F118/><W78/><G108/><T52/><D133/><U28/><E28/><V24/><F36/><W13/><G134/><T22/><D93/><U107/><E107/><V27/><F125/><W15/><G126/><T50/><D50/><U43/><E91/><V3/><F3/><W41/><G26/><T86/><D86/><U127/><E127/><V101/><F132/><W114/><G114/><T21/><D21/><U89/><E89/><V92/><F81/><W8/><G103/><T73/><D65/><U1/><E10/><V88/><REACH who="2" step="1"/><F61/><REACH who="2" ten="250,250,240,250" step="2"/><W39/><G35/><T44/><D44/><U102/><E0/><V97/><F97/><W5/><G32/><T123/><D123/><U68/><E47/><V96/><F96/><W66/><G83/><T63/><D63/><U79/><E62/><V84/><F84/><W117/><G117/><T53/><N who="0" m="13312" /><DORA hai="116" /><T29/><D29/><U17/><E1/><V51/><F51/><W110/><G82/><T90/><D90/><U105/><E38/><V9/><F9/><W34/><G34/><T64/><D64/><AGARI ba="0,1" hai="24,27,59,60,64,75,76,80,88,92,98,99,101,104" machi="64" ten="30,3900,0" yaku="1,1,7,1,54,1,53,0" doraHai="4,116" doraHaiUra="124,45" who="2" fromWho="0" sc="250,-39,250,0,240,49,250,0" /><INIT seed="1,0,0,5,5,121" ten="211,250,289,250" oya="1" hai0="54,111,81,128,45,75,113,2,130,29,44,23,104" hai1="73,76,102,40,25,90,64,15,134,112,59,1,26" hai2="66,124,62,22,51,74,114,47,69,17,8,7,6" hai3="99,80,88,131,106,100,41,120,61,24,16,95,34"/><U87/><E112/><V72/><F124/><W39/><G120/><T52/><D2/><U57/><E1/><V77/><F114/><W107/><G131/><N who="0" m="50219" /><D104/><U84/><E73/><V116/><F116/><W19/><G39/><T48/><D113/><U38/><E102/><V129/><F129/><W109/><G41/><T13/><D29/><U91/><E134/><V31/><F31/><W118/><G118/><T49/><D75/><U14/><E38/><V43/><F77/><W115/><G115/><T63/><D81/><U53/><E76/><V5/><REACH who="2" step="1"/><F8/><REACH who="2" ten="211,250,279,250" step="2"/><W28/><G28/><T21/><D21/><U9/><E9/><V37/><F37/><W89/><G34/><T94/><D23/><U125/><E125/><V35/><F35/><W10/><G10/><T60/><D13/><AGARI ba="0,1" hai="5,6,7,13,17,22,43,47,51,62,66,69,72,74" machi="13" ten="40,1300,0" yaku="1,1,53,0" doraHai="121" doraHaiUra="86" who="2" fromWho="0" sc="211,-13,250,0,279,23,250,0" /><INIT seed="2,0,0,0,4,48" ten="198,250,302,250" oya="2" hai0="45,103,57,31,101,125,47,130,78,95,83,104,2" hai1="76,112,114,126,134,24,135,69,113,13,82,1,4" hai2="62,91,79,89,46,107,25,16,0,90,67,43,102" hai3="26,58,14,33,84,133,9,64,34,52,85,117,27"/><V124/><F124/><W60/><G117/><T123/><D123/><U54/><E69/><V81/><F0/><W65/><G133/><N who="1" m="50698" /><E126/><V61/><F107/><W66/><G34/><T44/><D2/><U98/><E1/><V88/><F102/><W39/><G39/><T122/><D125/><U55/><E24/><N who="3" m="9258" /><G33/><T40/><D122/><U63/><E63/><V87/><N who="2" m="22528" /><DORA hai="51" /><V38/><REACH who="2" step="1"/><F67/><REACH who="2" ten="198,250,292,250" step="2"/><W72/><G72/><T128/><D103/><U30/><E98/><V110/><F110/><W3/><G3/><T75/><D104/><U32/><E32/><V96/><F96/><W71/><G71/><T70/><D101/><U129/><E129/><V29/><F29/><W22/><G22/><AGARI ba="0,1" hai="16,22,25,38,43,46,61,62,79,81,87" m="22528" machi="22" ten="50,12000,1" yaku="1,1,54,2,53,1" doraHai="48,51" doraHaiUra="99,21" who="2" fromWho="3" sc="198,0,250,0,292,130,250,-120" /><INIT seed="2,1,0,2,0,66" ten="198,250,422,130" oya="2" hai0="117,29,31,9,127,8,27,78,104,69,3,116,33" hai1="122,77,89,105,67,131,51,50,124,95,44,19,97" hai2="68,13,7,59,85,10,55,81,24,70,129,108,119" hai3="135,49,103,65,57,22,11,23,64,20,134,5,76"/><V114/><F114/><W39/><G39/><T12/><D104/><U79/><E105/><V42/><F119/><N who="0" m="45642" /><D78/><U25/><E124/><V36/><F129/><W102/><G76/><T120/><D69/><U112/><E112/><V107/><F107/><W2/><G65/><T37/><D37/><U28/><E67/><V84/><F108/><W14/><G2/><T110/><D31/><U80/><E122/><V72/><F72/><W86/><G86/><T111/><D120/><U133/><E133/><V90/><F24/><W58/><G58/><T35/><D35/><U15/><E131/><V1/><F1/><W17/><G5/><N who="0" m="1087" /><D127/><U93/><E28/><V128/><F128/><W82/><G82/><T74/><D74/><U96/><E80/><V109/><F109/><W40/><G64/><T21/><D33/><U56/><E56/><V43/><F85/><W61/><G61/><T94/><D94/><U118/><E118/><V101/><F101/><W113/><G113/><T73/><D73/><U75/><E75/><V16/><F7/><AGARI ba="1,0" hai="7,9,12,21,27,29,110,111" m="1087,45642" machi="7" ten="30,3900,0" yaku="12,1,34,2" doraHai="66" who="0" fromWho="2" sc="198,42,250,0,422,-42,130,0" /><INIT seed="3,0,0,3,4,83" ten="240,250,380,130" oya="3" hai0="111,27,103,8,116,88,77,28,39,133,47,110,11" hai1="2,42,79,41,25,91,56,132,123,63,75,70,33" hai2="95,48,12,61,45,9,14,13,52,100,32,120,68" hai3="35,15,131,58,40,20,122,6,0,53,94,57,76"/><W121/><G35/><T85/><D116/><U38/><E123/><V43/><F32/><W74/><G131/><T128/><D77/><U86/><E2/><V102/><F120/><W117/><G117/><T50/><D39/><U71/><E132/><V59/><F68/><W1/><G1/><T101/><D128/><U10/><E10/><N who="0" m="3625" /><D133/><U66/><E75/><V112/><F112/><W81/><G0/><T69/><D69/><U73/><E73/><V55/><F9/><W93/><G6/><T67/><D67/><U89/><E79/><V3/><F3/><W49/><G40/><N who="0" m="24935" /><D27/><U5/><E5/><V119/><F119/><W127/><G127/><T115/><D28/><U60/><E38/><V30/><F30/><W108/><G108/><N who="0" m="41515" /><D115/><U114/><E114/><V24/><F24/><W90/><G58/><T23/><D23/><U124/><E124/><V17/><F17/><N who="3" m="10303" /><G94/><AGARI ba="0,0" hai="85,88,94,101,103" m="41515,24935,3625" machi="94" ten="30,3900,0" yaku="14,1,52,1,54,1" doraHai="83" who="0" fromWho="3" sc="240,39,250,0,380,0,130,-39" owari="279,7.9,250,-15.0,380,48.0,91,-40.9" /></mjloggm>