<mjloggm ver="2.3"><GO type="225" lobby="0"/><UN n0="%33%74%72%65%65" n1="%E6%A1%9C%E8%8A%B1%E9%96%83%E3%80%85" n2="%43%68%65" n3="%4B%2E%32%2E%4B%2E" dan="16,17,16,16" rate="2130.92,2130.18,2149.92,2139.92" sx="F,M,M,M"/><TAIKYOKU oya="0"/><INIT seed="0,0,0,4,3,25" ten="250,250,250,250" oya="0" hai0="77,104,62,75,17,78,115,118,127,24,88,46,14" hai1="57,11,69,101,74,29,63,23,113,72,85,133,129" hai2="91,30,60,132,93,32,36,117,126,100,76,43,7" hai3="84,92,71,112,44,37,26,34,50,90,130,42,131"/><T0/><D115/><U103/><E69/><V68/><F126/><W40/><G112/><T2/><D118/><U5/><E113/><V67/><F117/><W121/><G121/><T58/><D127/><U15/><E133/><V45/><F132/><W13/><G71/><T135/><D104/><U80/><E129/><N who="3" m="49162" /><G13/><T97/><D135/><U99/><E74/><V28/><F32/><W21/><G34/><T70/><D70/><U35/><E72/><V120/><F120/><W41/><G37/><T52/><D24/><N who="1" m="16543" /><E99/><V55/><F76/><W116/><G116/><T61/><D61/><U107/><E107/><V102/><F7/><W27/><G27/><T22/><D46/><U9/><E9/><V125/><F125/><W94/><G94/><T79/><REACH who="0" step="1"/><D75/><REACH who="0" ten="240,250,250,250" step="2"/><U87/><E35/><V110/><F110/><W114/><G114/><T122/><D122/><U66/><E87/><V96/><REACH who="2" step="1"/><F55/><REACH who="2" ten="240,250,240,250" step="2"/><W109/><G109/><T65/><D65/><U1/><E1/><V95/><F95/><AGARI ba="0,2" hai="0,2,14,17,22,52,58,62,77,78,79,88,95,97" machi="95" ten="40,7700,0" yaku="1,1,54,2,53,0" doraHai="25" doraHaiUra="31" who="0" fromWho="2" sc="240,97,250,0,240,-77,250,0" /><INIT seed="0,1,0,4,1,89" ten="337,250,163,250" oya="0" hai0="62,102,1,108,22,135,21,16,27,77,52,26,91" hai1="67,110,87,49,92,12,40,59,47,45,126,130,88" hai2="23,79,113,54,46,85,76,93,37,4,75,20,133" hai3="11,18,111,116,125,64,119,35,19,57,3,13,44"/><T100/><D1/><U115/><E110/><V29/><F113/><W82/><G111/><T71/><D108/><U109/><E109/><V32/><F133/><W33/><G125/><T122/><D122/><U83/><E126/><V120/><F120/><W70/><G70/><T7/><D135/><U9/><E130/><V98/><F75/><W31/><G3/><T103/><D77/><U34/><E34/><V131/><F131/><W114/><G114/><T90/><D7/><N who="1" m="3135" /><E115/><V41/><F4/><W123/><G123/><T53/><D71/><U48/><E67/><V61/><F32/><W14/><G44/><T107/><D107/><U128/><E59/><V58/><F29/><W24/><G82/><T80/><D62/><U66/><E66/><V8/><F8/><N who="3" m="6439" /><G57/><T117/><D117/><N who="3" m="45129" /><G64/><T96/><D80/><U94/><E128/><V86/><F79/><W2/><G2/><T121/><D121/><U97/><E97/><V55/><F55/><AGARI ba="1,0" hai="40,45,47,48,49,55,83,87,88,92,94" m="3135" machi="55" ten="30,7700,0" yaku="8,1,52,2,54,1" doraHai="89" who="1" fromWho="2" sc="337,0,250,80,163,-80,250,0" /><INIT seed="1,0,0,2,3,1" ten="337,330,83,250" oya="1" hai0="83,65,36,118,19,79,5,18,102,32,14,28,98" hai1="17,91,87,3,63,45,56,60,74,24,81,135,31" hai2="121,42,80,15,20,109,35,44,112,132,108,29,77" hai3="96,48,124,51,4,16,61,104,114,85,100,131,11"/><U128/><E128/><V13/><F121/><W40/><G114/><T97/><D118/><U111/><E135/><V0/><F0/><W129/><G124/><T33/><D36/><U72/><E111/><V119/><F119/><W82/><G61/><T66/><D28/><U117/><E117/><V95/><F132/><W22/><G40/><T58/><D5/><U64/><E3/><V73/><F112/><W59/><G59/><T134/><D134/><U52/><E17/><V41/><F35/><W122/><G122/><T107/><D97/><U30/><E30/><V49/><F41/><W105/><G105/><T39/><D39/><U84/><E84/><V46/><F46/><W7/><G51/><T21/><D18/><U88/><E91/><V125/><F95/><W67/><G48/><T71/><D71/><U75/><E45/><V55/><F42/><W9/><G67/><T47/><D47/><U76/><E76/><V116/><F125/><W26/><G9/><T92/><D107/><U106/><E106/><V12/><REACH who="2" step="1"/><F116/><REACH who="2" ten="337,330,73,250" step="2"/><W34/><G34/><T70/><D32/><U126/><E126/><V101/><F101/><W8/><G129/><T127/><D33/><U110/><E110/><V38/><F38/><W53/><G131/><T115/><D127/><U37/><E37/><V68/><F68/><W25/><G100/><T93/><D70/><U27/><REACH who="1" step="1"/><E31/><REACH who="1" ten="337,320,73,250" step="2"/><V78/><F78/><W43/><G104/><N who="0" m="63575" /><D79/><U99/><E99/><V86/><F86/><W90/><G96/><T57/><D115/><U133/><E133/><V10/><F10/><W94/><G11/><RYUUKYOKU ba="0,2" sc="337,-15,320,15,73,15,250,-15" hai1="24,27,52,56,60,63,64,72,74,75,81,87,88" hai2="12,13,15,20,29,44,49,55,73,77,80,108,109" /><INIT seed="1,1,2,0,4,35" ten="322,335,88,235" oya="1" hai0="69,42,5,92,26,29,103,43,24,76,105,61,38" hai1="74,109,129,75,68,14,64,1,124,91,65,9,7" hai2="83,73,16,33,57,125,21,37,121,17,0,67,96" hai3="95,97,10,62,70,98,86,111,55,116,107,53,3"/><U66/><E68/><V30/><F121/><W133/><G111/><T63/><D105/><U88/><E129/><V112/><F37/><W45/><G133/><T122/><D122/><U2/><E109/><V52/><F125/><W108/><G108/><T34/><D76/><U127/><E14/><V39/><F39/><W46/><G116/><T78/><D78/><U28/><E28/><V60/><F112/><W120/><G120/><T119/><D119/><U44/><E44/><V117/><F117/><W134/><G134/><T77/><D77/><U79/><E79/><V87/><F73/><N who="1" m="27657" /><E1/><V81/><F33/><W4/><G70/><T123/><D29/><U15/><E15/><V41/><F0/><W128/><G128/><T8/><D69/><U99/><E99/><V93/><F41/><W51/><G45/><T114/><D42/><U113/><E113/><V12/><F30/><W71/><G107/><T36/><D43/><U20/><E20/><N who="2" m="11303" /><F87/><W94/><G86/><T40/><D123/><U110/><E110/><V13/><F67/><W132/><G132/><T23/><D114/><U19/><E19/><V22/><F22/><W106/><G106/><T126/><D38/><U25/><E25/><V18/><F18/><W27/><G27/><T31/><D24/><U49/><E49/><V101/><AGARI ba="1,2" hai="13,16,21,52,57,60,81,83,93,96,101" m="11303" machi="101" ten="30,4000,0" yaku="8,1,54,2" doraHai="35" who="2" fromWho="2" sc="322,-11,335,-21,88,63,235,-11" /><INIT seed="2,0,0,5,5,10" ten="311,314,151,224" oya="2" hai0="21,108,39,38,19,116,7,109,76,97,30,129,80" hai1="34,135,50,83,94,87,0,110,33,41,90,126,29" hai2="121,77,113,1,134,51,27,12,75,99,23,92,24" hai3="96,117,18,56,119,123,64,37,106,127,49,20,36"/><V118/><F113/><W84/><G123/><T9/><D129/><U13/><E0/><V46/><F121/><W112/><G127/><T89/><D30/><U16/><E126/><V2/><F118/><W88/><G112/><T61/><D61/><U8/><E110/><N who="0" m="42601" /><D89/><U14/><E135/><V54/><F134/><W47/><G56/><T81/><D97/><U71/><E71/><V91/><F2/><W125/><G64/><T35/><D35/><U55/><E41/><V31/><F1/><W11/><G11/><T100/><D100/><U43/><E43/><V66/><F66/><W70/><G70/><T44/><D44/><N who="1" m="28103" /><E29/><V73/><F77/><W62/><G62/><T5/><D81/><U120/><E120/><V128/><F128/><W122/><G122/><T26/><D116/><U72/><E72/><V6/><REACH who="2" step="1"/><F27/><REACH who="2" ten="311,314,141,224" step="2"/><N who="3" m="14743" /><G125/><T79/><D79/><U3/><E3/><V131/><F131/><W22/><G119/><T32/><D76/><U115/><E115/><V17/><F17/><W28/><G117/><T82/><D19/><N who="1" m="8615" /><E94/><V74/><F74/><W105/><G105/><T58/><D26/><U4/><E4/><V57/><F57/><W48/><G106/><T111/><D58/><U25/><E25/><V65/><F65/><W98/><G28/><T60/><D5/><U114/><E114/><V40/><F40/><W124/><G124/><T101/><D7/><U63/><E16/><V45/><F45/><W86/><G47/><T53/><D111/><U78/><E78/><V104/><F104/><W15/><G15/><T42/><D42/><U107/><E14/><RYUUKYOKU ba="0,1" sc="311,-10,314,-10,141,30,224,-10" hai2="6,12,23,24,31,46,51,54,73,75,91,92,99" /><INIT seed="2,1,1,3,3,14" ten="301,304,171,214" oya="2" hai0="128,36,131,100,101,123,12,81,38,133,125,114,105" hai1="30,127,57,20,60,89,104,76,122,78,39,67,11" hai2="103,82,46,6,120,70,0,109,2,132,74,51,28" hai3="135,45,16,91,68,90,61,3,121,129,5,32,115"/><V18/><F120/><W113/><G121/><T53/><D123/><U66/><E127/><V24/><F70/><W4/><G129/><N who="0" m="49739" /><D114/><N who="3" m="43529" /><G135/><T37/><D133/><U25/><E122/><V99/><F132/><W55/><G32/><T98/><D125/><U107/><E39/><V29/><F109/><W7/><G3/><T83/><D100/><U69/><E69/><V27/><F82/><W130/><G130/><T19/><D53/><N who="1" m="33839" /><E107/><V62/><F74/><W9/><G45/><T34/><D34/><U119/><E104/><V21/><F62/><W10/><G55/><T134/><D134/><U40/><E40/><V102/><F102/><W126/><G126/><T84/><D84/><U73/><E119/><V77/><F77/><N who="1" m="29801" /><E73/><V124/><F124/><W15/><G9/><AGARI ba="1,1" hai="9,12,19,36,37,38,81,83,98,101,105" m="49739" machi="9" ten="40,2600,0" yaku="19,1,52,1" doraHai="14" who="0" fromWho="3" sc="301,39,304,0,171,0,214,-29" /><INIT seed="3,0,0,2,2,84" ten="340,304,171,185" oya="3" hai0="53,11,30,3,134,33,89,58,17,54,78,46,98" hai1="31,38,21,130,42,1,82,60,37,118,16,2,6" hai2="73,77,71,0,44,116,112,113,133,124,45,26,94" hai3="81,68,19,43,48,127,27,62,76,24,90,132,56"/><W66/><G127/><T61/><D134/><U67/><E31/><V9/><F116/><W36/><G132/><T121/><D121/><U128/><E118/><V87/><F133/><W63/><G36/><T4/><D78/><U15/><E6/><N who="2" m="1223" /><F71/><W123/><G123/><T59/><D46/><N who="2" m="18026" /><F124/><W111/><G19/><T102/><D89/><U105/><E105/><V52/><F73/><W99/><G48/><T110/><D110/><U34/><E34/><V117/><F117/><W83/><G43/><T85/><D85/><U120/><E120/><V69/><F69/><W75/><G111/><T122/><D122/><U95/><E82/><N who="2" m="47567" /><F26/><W23/><G23/><T7/><D7/><U107/><E128/><V47/><F94/><W100/><G83/><T119/><D119/><U65/><E107/><V41/><F41/><W91/><G24/><T40/><D40/><U55/><E130/><V88/><F88/><W22/><G22/><T13/><D33/><U93/><E42/><V14/><F14/><W96/><G27/><T5/><D30/><U115/><E115/><V70/><F70/><W106/><G96/><T49/><D3/><N who="1" m="1035" /><E38/><V35/><F35/><W28/><REACH who="3" step="1"/><G28/><REACH who="3" ten="340,304,171,175" step="2"/><T126/><D126/><U104/><E37/><V74/><F113/><W39/><G39/><T18/><D18/><U32/><E32/><V92/><F112/><W29/><G29/><T25/><D25/><U51/><E51/><N who="2" m="28799" /><F74/><W108/><G108/><T135/><D135/><U20/><E20/><V109/><F109/><W101/><G101/><T80/><D80/><U50/><E21/><V129/><F129/><RYUUKYOKU ba="0,1" sc="340,10,304,-30,171,10,175,10" hai0="4,5,11,13,17,49,53,54,58,59,61,98,102" hai2="92" hai3="56,62,63,66,68,75,76,81,90,91,99,100,106" /><INIT seed="3,1,1,3,2,44" ten="350,274,181,185" oya="3" hai0="24,63,110,25,18,116,82,74,104,7,71,56,69" hai1="98,79,106,73,78,49,102,100,14,26,65,122,111" hai2="128,66,94,8,20,75,77,86,101,118,35,5,95" hai3="9,46,115,83,30,10,135,133,36,80,92,39,55"/><W117/><G117/><T107/><D116/><U64/><E122/><V41/><F35/><W40/><G115/><T16/><D7/><U33/><E111/><V76/><F118/><W57/><G30/><T108/><D82/><N who="3" m="31273" /><G92/><N who="2" m="35369" /><F75/><W89/><G89/><T53/><D74/><U54/><E14/><N who="2" m="5391" /><F128/><W134/><G36/><T91/><D91/><U13/><E54/><V32/><F32/><W11/><G11/><T29/><D71/><U60/><E60/><AGARI ba="1,1" hai="9,10,39,40,46,55,57,60,133,134,135" m="31273" machi="60" ten="30,1500,0" yaku="20,1" doraHai="44" who="3" fromWho="1" sc="350,0,274,-18,181,0,185,28" /><INIT seed="3,2,0,5,4,38" ten="350,256,181,213" oya="3" hai0="51,55,123,16,43,110,105,72,124,25,78,10,132" hai1="134,102,82,114,94,24,83,116,62,35,8,66,85" hai2="122,64,1,12,0,71,104,17,88,80,27,133,126" hai3="58,11,69,67,100,33,47,65,117,70,92,118,42"/><W23/><G33/><T45/><D123/><U97/><E114/><V32/><F122/><W15/><G23/><N who="0" m="13543" /><D105/><U50/><E134/><V99/><F133/><W44/><G92/><T115/><D132/><U40/><E116/><N who="3" m="44650" /><G100/><T74/><D74/><U49/><E8/><V81/><F126/><W108/><G15/><T96/><D124/><U61/><E83/><V28/><F0/><W41/><G11/><T13/><D72/><U26/><E35/><V109/><F1/><W21/><G21/><T37/><D37/><U22/><E24/><V68/><F109/><W131/><G131/><T129/><D110/><U91/><E40/><N who="3" m="15466" /><G108/><T95/><D129/><U18/><E62/><V6/><F6/><W121/><G121/><T119/><D78/><U30/><E18/><V135/><F135/><W14/><G14/><T107/><D107/><U36/><E36/><V9/><F71/><AGARI ba="2,0" hai="22,26,30,49,50,61,66,71,82,85,91,94,97,102" machi="71" ten="30,1000,0" yaku="7,1" doraHai="38" who="1" fromWho="2" sc="350,0,256,16,181,-16,213,0" owari="350,45.0,272,7.2,165,-33.5,213,-18.7" /></mjloggm>