<mjloggm ver="2.3"><GO type="225" lobby="0"/><UN n0="%E3%81%B5%E3%81%98%E3%81%8B%E3%81%A4" n1="%E3%81%92%E3%81%A3%E3%81%A1" n2="%73%75%7A%75%6D%65%33" n3="%E5%84%AA%40%41%42%43" dan="17,17,17,17" rate="2213.34,2227.47,2276.13,2164.17" sx="M,M,M,M"/><TAIKYOKU oya="0"/><INIT seed="0,0,0,3,1,91" ten="250,250,250,250" oya="0" hai0="83,33,70,57,8,111,79,28,131,46,118,32,69" hai1="13,64,42,117,21,9,35,114,43,129,97,115,44" hai2="102,53,110,75,120,58,17,65,85,132,54,107,40" hai3="95,7,3,19,74,133,78,67,16,41,0,23,49"/><T27/><D118/><U80/><E35/><V92/><F120/><W113/><G113/><N who="1" m="43018" /><E129/><V52/><F75/><W29/><G67/><T116/><D131/><U5/><E64/><V55/><F110/><W86/><G74/><T125/><D116/><U88/><E117/><V36/><F132/><W77/><G133/><T66/><D111/><U14/><E80/><V130/><F130/><W30/><G7/><T122/><D122/><U62/><E62/><V31/><F31/><N who="3" m="11787" /><G0/><T22/><D125/><U94/><E44/><V25/><F107/><W89/><G3/><T68/><D46/><U99/><E99/><N who="2" m="59751" /><F36/><W108/><G108/><T2/><D66/><U61/><E61/><N who="2" m="36063" /><F65/><W103/><G103/><T56/><D56/><U20/><E14/><V15/><F25/><N who="3" m="14567" /><G19/><T45/><D57/><U124/><E124/><V38/><F38/><W6/><G6/><T90/><D45/><AGARI ba="0,0" hai="41,45,49,77,78,86,89,95" m="14567,11787" machi="45" ten="30,3900,0" yaku="8,1,52,1,54,1" doraHai="91" who="3" fromWho="0" sc="250,-39,250,0,250,0,250,39" /><INIT seed="1,0,0,2,0,85" ten="211,250,250,289" oya="1" hai0="68,14,1,55,8,77,84,92,116,63,115,42,88" hai1="133,129,60,61,3,72,83,48,45,119,103,26,135" hai2="5,76,23,82,11,17,96,59,134,87,13,79,0" hai3="89,107,34,46,128,44,130,15,24,56,67,53,32"/><U73/><E119/><V22/><F134/><N who="1" m="51209" /><E3/><V97/><F76/><W117/><G107/><T113/><D116/><U112/><E112/><V91/><F23/><W40/><G117/><T47/><D1/><U62/><E129/><N who="3" m="49770" /><G67/><T100/><D100/><U37/><E37/><V108/><F108/><W132/><G132/><T39/><D77/><U123/><E123/><V124/><F124/><W69/><G69/><T105/><D105/><U114/><E114/><V99/><F59/><W94/><G15/><T30/><D30/><U74/><E103/><V66/><F66/><W49/><G24/><T19/><REACH who="0" step="1"/><D55/><REACH who="0" ten="201,250,250,289" step="2"/><N who="1" m="30095" /><E26/><V27/><F0/><W106/><G106/><T121/><D121/><U104/><E104/><V71/><F71/><W38/><G44/><T10/><D10/><U90/><E90/><V52/><F79/><AGARI ba="0,1" hai="60,61,62,72,73,74,79,83" m="30095,51209" machi="79" ten="30,1500,0" yaku="20,1" doraHai="85" who="1" fromWho="2" sc="201,0,250,25,250,-15,289,0" /><INIT seed="1,1,0,5,0,14" ten="201,275,235,289" oya="1" hai0="69,63,33,121,107,11,22,64,110,119,125,89,37" hai1="57,17,29,46,70,83,66,85,77,6,23,48,27" hai2="72,49,47,19,51,54,76,109,95,101,12,3,90" hai3="68,98,114,41,36,38,135,35,132,124,9,81,99"/><U20/><E70/><V111/><F3/><W31/><G114/><T42/><D121/><U43/><E6/><V53/><F101/><W130/><G68/><T24/><D119/><U127/><E127/><V59/><F76/><W106/><G130/><T120/><D125/><U100/><E100/><V4/><F4/><W15/><G81/><T50/><D120/><U82/><E82/><V104/><F104/><W74/><G74/><T118/><D118/><U113/><E113/><V131/><F131/><W61/><G61/><T126/><D126/><U128/><E128/><V134/><F134/><W80/><G80/><T71/><D107/><U32/><E32/><V39/><F39/><W52/><G52/><T28/><D110/><U44/><E44/><V55/><F55/><W105/><G105/><T65/><D37/><U60/><REACH who="1" step="1"/><E23/><REACH who="1" ten="201,265,235,289" step="2"/><V58/><F47/><N who="3" m="23975" /><G124/><T97/><D33/><U75/><E75/><V16/><F72/><W7/><G106/><T13/><D71/><U117/><E117/><V8/><REACH who="2" step="1"/><F19/><AGARI ba="1,1" hai="17,19,20,27,29,43,46,48,57,60,66,77,83,85" machi="19" ten="40,12000,1" yaku="1,1,8,1,52,2,53,0" doraHai="14" doraHaiUra="87" who="1" fromWho="2" sc="201,0,265,133,235,-123,289,0" /><INIT seed="1,2,0,0,4,54" ten="201,398,112,289" oya="1" hai0="1,9,83,118,46,42,96,62,134,26,55,20,8" hai1="3,5,59,16,50,105,73,90,22,67,51,53,79" hai2="49,129,85,113,116,127,102,133,30,45,93,32,7" hai3="86,28,33,130,115,125,78,75,65,117,24,121,57"/><U120/><E120/><V112/><F116/><W21/><G115/><N who="2" m="44105" /><F127/><W82/><G121/><T40/><D118/><U48/><E105/><V95/><F129/><W27/><G117/><T128/><D134/><U109/><E109/><V19/><F133/><W76/><G125/><T104/><D128/><U100/><E100/><V25/><F7/><W106/><G106/><T34/><D34/><U37/><E37/><V11/><F102/><W92/><G92/><T135/><D135/><U56/><E79/><V68/><F68/><W71/><G71/><T80/><D1/><U81/><E73/><V58/><F85/><W43/><G43/><T64/><D55/><U69/><E69/><V74/><F74/><W10/><G10/><T23/><D104/><U61/><E5/><V123/><F123/><W31/><G130/><T103/><D42/><U107/><E3/><V87/><F87/><W89/><REACH who="3" step="1"/><G75/><REACH who="3" ten="201,398,112,279" step="2"/><T91/><D9/><U111/><E107/><V41/><F95/><W13/><G13/><T101/><D8/><U66/><E111/><V36/><F93/><W6/><G6/><T132/><D132/><U44/><E81/><V122/><F122/><W47/><G47/><T72/><D83/><U99/><E99/><V38/><F58/><W18/><G18/><N who="0" m="12567" /><D72/><U124/><E124/><V52/><F41/><W63/><AGARI ba="2,1" hai="21,24,27,28,31,33,57,63,65,76,78,82,86,89" machi="63" ten="30,4000,0" yaku="1,1,0,1,52,1,53,0" doraHai="54" doraHaiUra="35" who="3" fromWho="3" sc="201,-12,398,-22,112,-12,279,56" /><INIT seed="2,0,0,2,2,24" ten="189,376,100,335" oya="2" hai0="11,33,69,124,35,0,57,77,86,13,21,40,99" hai1="96,100,78,47,122,7,128,59,41,15,6,131,16" hai2="127,52,20,58,126,8,9,116,109,119,51,108,95" hai3="123,112,91,79,105,5,71,67,17,61,28,81,110"/><V83/><F83/><W65/><G123/><T25/><D69/><U113/><E78/><V14/><F20/><W72/><G110/><N who="2" m="42601" /><F95/><W94/><G5/><T36/><D57/><U42/><E113/><V66/><F8/><W111/><G112/><T48/><D36/><U121/><E96/><V87/><F87/><W120/><G120/><T44/><D0/><U82/><E100/><V18/><F66/><W3/><G105/><T70/><D70/><U19/><E82/><V23/><F23/><W55/><G3/><T63/><D86/><U88/><E88/><V68/><F68/><W2/><G111/><T133/><D77/><U32/><E122/><V80/><F80/><W107/><G2/><T37/><D99/><U43/><E121/><V104/><F104/><W46/><G67/><T34/><D34/><U50/><E32/><V129/><F129/><W115/><G107/><T60/><D33/><U98/><E98/><V103/><F103/><W27/><G17/><T38/><D35/><U84/><E84/><V53/><F53/><W93/><G115/><T54/><D21/><U125/><E19/><V102/><F102/><W130/><G91/><T30/><D25/><U62/><E7/><V29/><F29/><W1/><G1/><T134/><D30/><U10/><E6/><V85/><F85/><W118/><G130/><T101/><D101/><U117/><E131/><V92/><F92/><N who="3" m="35435" /><G27/><T90/><D90/><U49/><E128/><V45/><F45/><W97/><G28/><T135/><D13/><U132/><E47/><V74/><F74/><W39/><G46/><RYUUKYOKU ba="0,0" sc="189,-10,376,-10,100,30,335,-10" hai2="9,14,18,51,52,58,116,119,126,127" /><INIT seed="2,1,0,0,3,133" ten="179,366,130,325" oya="2" hai0="22,85,3,87,31,96,103,53,81,30,73,131,101" hai1="26,104,69,38,4,9,71,21,86,98,18,116,92" hai2="32,123,126,128,34,19,61,51,93,117,91,89,130" hai3="125,47,68,118,8,64,135,62,39,84,121,74,5"/><V106/><F117/><W94/><G121/><T119/><D3/><U45/><E104/><V16/><F106/><W120/><G135/><T80/><D73/><U2/><E116/><V95/><F51/><W50/><G120/><T105/><D119/><U17/><E86/><V57/><F123/><W37/><G125/><T102/><D131/><N who="2" m="50218" /><F93/><W67/><G74/><T112/><D112/><U63/><E63/><V78/><F78/><W99/><G67/><T0/><D0/><U132/><E132/><V54/><F91/><W82/><G118/><T35/><D35/><N who="2" m="13354" /><F126/><W13/><G94/><N who="0" m="58519" /><D53/><U42/><REACH who="1" step="1"/><E18/><REACH who="1" ten="179,356,130,325" step="2"/><V124/><F124/><W122/><G122/><T36/><D105/><U115/><E115/><V66/><F66/><W110/><G99/><AGARI ba="1,1" hai="16,19,54,57,61,89,95,99" m="13354,50218" machi="99" ten="30,2900,0" yaku="19,1,54,1" doraHai="133" who="2" fromWho="3" sc="179,0,356,0,130,42,325,-32" /><INIT seed="2,2,0,0,3,127" ten="179,356,172,293" oya="2" hai0="35,73,9,7,17,63,21,49,44,105,134,34,29" hai1="19,60,12,5,6,54,87,16,64,25,70,78,135" hai2="79,37,14,125,72,75,74,69,91,4,80,102,126" hai3="39,83,116,99,122,107,11,52,36,45,97,119,26"/><V10/><F69/><W48/><G122/><T32/><D73/><U95/><E135/><V33/><F33/><W92/><G107/><T50/><D105/><U1/><E1/><V53/><F102/><W68/><G68/><T130/><D134/><U100/><E78/><V103/><F103/><W55/><G83/><T31/><D63/><U113/><E113/><V59/><F91/><W8/><G48/><T108/><D50/><U132/><E132/><V117/><F117/><W58/><G26/><N who="0" m="14639" /><D49/><U77/><E54/><V118/><F118/><W23/><G23/><T61/><D61/><U114/><E114/><V98/><F98/><W104/><G58/><T86/><D86/><U13/><E87/><V115/><F37/><W93/><G104/><T0/><D44/><AGARI ba="2,0" hai="8,11,36,39,44,45,52,55,92,93,97,99,116,119" machi="44" ten="25,3200,0" yaku="22,2,54,1" doraHai="127" who="3" fromWho="0" sc="179,-38,356,0,172,0,293,38" /><INIT seed="3,0,0,5,1,53" ten="141,356,172,331" oya="3" hai0="73,68,76,120,49,4,95,34,3,129,101,57,121" hai1="79,78,8,6,125,132,22,7,122,30,12,87,23" hai2="9,135,62,102,89,65,127,67,70,75,74,60,59" hai3="43,131,94,21,46,99,51,72,107,104,2,92,69"/><W1/><G69/><T27/><D129/><U103/><E122/><V15/><F135/><W109/><G72/><T114/><D68/><U90/><E125/><V10/><F127/><W119/><G119/><T71/><D71/><U97/><E7/><V0/><F102/><W115/><G115/><T35/><D114/><U56/><E132/><V61/><F61/><W47/><G131/><T126/><D126/><U29/><E56/><V112/><F112/><W44/><G109/><T28/><D35/><U117/><E117/><V133/><F133/><W5/><G21/><N who="1" m="7690" /><E97/><V45/><F45/><W110/><G110/><T124/><D124/><U55/><E55/><V16/><F0/><N who="3" m="107" /><G5/><T113/><D113/><U84/><E103/><V14/><F89/><W50/><G99/><T18/><D18/><AGARI ba="0,0" hai="9,10,14,15,16,18,59,60,62,65,67,70,74,75" machi="18" ten="30,7700,0" yaku="7,1,9,1,52,1,54,1" doraHai="53" who="2" fromWho="0" sc="141,-77,356,0,172,77,331,0" owari="64,-43.6,356,45.6,249,-15.1,331,13.1" /></mjloggm>