<mjloggm ver="2.3"><GO type="225" lobby="0"/><UN n0="%33%74%72%65%65" n1="%72%69%6F%75%63%68%61%6E" n2="%E3%82%BC%E3%83%AB%E3%83%80%E3%81%AE%E4%BC%9D%E8%AA%AC" n3="%E3%82%A2%E3%83%8A%E3%83%BC%E3%81%8D%E3%83%BC" dan="16,16,16,16" rate="2133.60,2121.81,2183.77,2131.97" sx="F,M,M,M"/><TAIKYOKU oya="0"/><INIT seed="0,0,0,0,2,12" ten="250,250,250,250" oya="0" hai0="130,99,45,28,37,57,60,11,75,58,119,63,129" hai1="36,21,29,55,51,20,85,56,84,107,134,92,3" hai2="27,38,69,120,110,68,87,96,67,31,76,24,118" hai3="115,72,91,74,54,14,61,121,4,6,50,26,47"/><T48/><D119/><U93/><E134/><V40/><F120/><W46/><G121/><T65/><D75/><U9/><E107/><V94/><F118/><W5/><G115/><T109/><D28/><U7/><E36/><V44/><F110/><W106/><G106/><T66/><D109/><U133/><E133/><V77/><F24/><W117/><G117/><T17/><D99/><U114/><E114/><V35/><F67/><W86/><G46/><T103/><D103/><U70/><E70/><V95/><F76/><W42/><G14/><T97/><D97/><U127/><E127/><V19/><F19/><W124/><G124/><T53/><D11/><U132/><E132/><V108/><F108/><W49/><G61/><T100/><D100/><U10/><E10/><V80/><REACH who="2" step="1"/><F95/><REACH who="2" ten="250,250,240,250" step="2"/><W128/><G26/><T122/><D122/><U79/><E93/><V30/><F30/><W82/><G128/><T2/><D17/><U112/><E112/><V25/><F25/><W0/><G0/><T62/><D2/><U39/><E29/><V1/><F1/><W125/><G125/><T59/><D37/><U102/><E39/><V123/><F123/><W78/><G78/><T104/><D104/><U131/><E131/><AGARI ba="0,1" hai="45,48,53,57,58,59,60,62,63,65,66,129,130,131" machi="131" ten="50,12000,1" yaku="19,1,34,3" doraHai="12" who="0" fromWho="1" sc="250,130,250,-120,240,0,250,0" /><INIT seed="0,1,0,3,1,126" ten="380,130,240,250" oya="0" hai0="82,110,85,77,42,25,23,127,134,94,69,62,115" hai1="65,81,7,125,17,36,0,50,98,109,72,76,70" hai2="32,97,102,8,87,86,53,101,4,33,123,78,40" hai3="119,118,5,120,90,48,11,21,26,9,29,88,91"/><T111/><D115/><U93/><E109/><N who="0" m="41481" /><D127/><U58/><E125/><V46/><F123/><W60/><G120/><T113/><D113/><U37/><E70/><V71/><F71/><W47/><G60/><T55/><D42/><U12/><E7/><V49/><F53/><W67/><G67/><N who="0" m="41207" /><D55/><U106/><E106/><V124/><F102/><W22/><G21/><T10/><D10/><U30/><E0/><V103/><F101/><W96/><G96/><T41/><D41/><U73/><E72/><V122/><F86/><W129/><G129/><T133/><D94/><U114/><E114/><V54/><F54/><W135/><G135/><T83/><D82/><U14/><E50/><V112/><F122/><W66/><G66/><T130/><D130/><U43/><E43/><V44/><F124/><W92/><G92/><T20/><D20/><U35/><E65/><V31/><F112/><W105/><G105/><T38/><D38/><U16/><E58/><V84/><F44/><W19/><G29/><AGARI ba="1,0" hai="23,25,29,77,83,85,133,134" m="41207,41481" machi="29" ten="30,2900,0" yaku="14,1,10,1" doraHai="126" who="0" fromWho="3" sc="380,32,130,0,240,0,250,-32" /><INIT seed="0,2,0,1,5,125" ten="412,130,240,218" oya="0" hai0="16,56,58,90,4,77,33,17,50,12,11,118,38" hai1="24,92,101,62,13,111,79,104,20,31,67,15,98" hai2="82,108,53,2,129,102,74,57,59,70,51,115,88" hai3="134,18,45,135,80,35,100,126,9,76,10,91,110"/><T7/><D118/><U55/><E111/><V29/><F115/><W1/><G110/><T130/><D38/><U78/><E55/><V93/><F108/><W117/><G117/><T61/><D33/><U54/><E54/><V113/><F70/><W127/><G35/><T112/><D77/><U60/><E62/><V63/><F2/><W133/><G100/><T132/><D50/><U71/><REACH who="1" step="1"/><E104/><REACH who="1" ten="412,120,240,218" step="2"/><V23/><F63/><W124/><G124/><T6/><D61/><U95/><E95/><V84/><F113/><W87/><G127/><T19/><D112/><U106/><E106/><V64/><F64/><W86/><G126/><T73/><D132/><U42/><E42/><V103/><F59/><W3/><G45/><T14/><D58/><U5/><E5/><V75/><F93/><N who="3" m="54519" /><G18/><T36/><D16/><U34/><E34/><V41/><F57/><W97/><G97/><T37/><D56/><U39/><E39/><V105/><F105/><W107/><G107/><T28/><D37/><U122/><E122/><V109/><F109/><W22/><G22/><T119/><D36/><U72/><E72/><V40/><F75/><W83/><G80/><T114/><D73/><U120/><E120/><V94/><F74/><W121/><G121/><T27/><D17/><U48/><E48/><V68/><F82/><W0/><AGARI ba="2,1" hai="0,1,3,9,10,76,83,87,133,134,135" m="54519" machi="0" ten="40,1500,0" yaku="20,1" doraHai="125" who="3" fromWho="3" sc="412,-9,120,-6,240,-6,218,31" /><INIT seed="1,0,0,3,4,135" ten="403,114,234,249" oya="1" hai0="62,50,89,100,94,120,51,82,23,90,101,97,95" hai1="16,114,112,110,39,26,38,87,105,59,78,80,57" hai2="12,20,31,34,131,29,55,37,8,109,79,27,74" hai3="52,111,133,86,76,68,132,42,119,6,32,46,7"/><U103/><E110/><V63/><F37/><W40/><G111/><T18/><D120/><U84/><E38/><V118/><F109/><W14/><G32/><T41/><D82/><U70/><E39/><V75/><F118/><W47/><G119/><T134/><D62/><U54/><E70/><V69/><F79/><W24/><G68/><T107/><D134/><N who="3" m="51817" /><G24/><N who="0" m="14455" /><D107/><U77/><E114/><V99/><F131/><W127/><G127/><T17/><D17/><U48/><E112/><V123/><F20/><W81/><G52/><T106/><D106/><U22/><E103/><N who="0" m="39497" /><D41/><N who="3" m="15977" /><G14/><T108/><D108/><U126/><E105/><V61/><F123/><W113/><G113/><T65/><D65/><U36/><E36/><V19/><F29/><W130/><G130/><T1/><D1/><U91/><E126/><V53/><F69/><W56/><G56/><T45/><D45/><AGARI ba="0,0" hai="6,7,45,46,47,76,81,86" m="15977,51817" machi="45" ten="30,1000,0" yaku="20,1" doraHai="135" who="3" fromWho="0" sc="403,-10,114,0,234,0,249,10" /><INIT seed="2,0,0,5,3,56" ten="393,114,234,259" oya="2" hai0="100,110,49,31,24,43,25,18,37,85,63,108,42" hai1="83,3,30,57,97,93,91,20,75,106,121,50,92" hai2="79,132,131,89,84,99,122,10,11,113,74,46,78" hai3="8,48,53,36,16,120,6,22,60,38,95,81,129"/><V65/><F122/><W55/><G120/><T0/><D37/><U58/><E121/><V86/><F113/><W44/><G129/><T7/><D100/><U88/><E3/><V101/><F131/><W111/><G111/><N who="0" m="42539" /><D49/><U115/><E115/><V71/><F132/><W94/><G81/><T12/><D85/><U35/><E35/><V45/><F74/><W68/><G38/><T64/><D7/><U127/><E127/><V19/><F19/><W126/><G126/><T21/><D0/><U26/><E106/><V123/><F65/><W105/><G105/><T87/><D87/><U54/><E75/><V1/><F1/><W109/><G109/><T133/><D133/><U33/><E33/><V82/><F71/><W73/><G73/><T2/><D2/><U40/><E40/><N who="0" m="15401" /><D31/><U128/><E128/><V114/><F114/><W103/><G36/><T72/><D72/><U34/><E34/><V13/><F123/><W23/><G68/><AGARI ba="0,0" hai="12,18,21,24,25,63,64,68" m="15401,42539" machi="68" ten="30,2000,0" yaku="14,1,52,1" doraHai="56" who="0" fromWho="3" sc="393,20,114,0,234,0,259,-20" /><INIT seed="3,0,0,0,2,68" ten="413,114,234,239" oya="3" hai0="81,73,70,19,77,58,48,7,71,123,106,116,63" hai1="50,120,92,31,14,57,124,115,95,109,56,13,12" hai2="130,100,30,8,131,11,3,84,25,15,118,5,39" hai3="103,24,91,107,135,108,62,1,26,43,127,22,117"/><W41/><G1/><T98/><D116/><U114/><E31/><V59/><F118/><W49/><G117/><T47/><D123/><U78/><E120/><V134/><F39/><W6/><G6/><T27/><D7/><U82/><E124/><V83/><F134/><W129/><G26/><T66/><D106/><U40/><E109/><V126/><F126/><W44/><G127/><T119/><D98/><U90/><E40/><V96/><F59/><W99/><G108/><T72/><D72/><U101/><E101/><V53/><F53/><W36/><G135/><T67/><D67/><U122/><E122/><V132/><F132/><W33/><G33/><T80/><D80/><U76/><E82/><V55/><F55/><W64/><G129/><N who="2" m="49161" /><F11/><W4/><G4/><T133/><D27/><U61/><E50/><V32/><F15/><W60/><G91/><T128/><D19/><U42/><E42/><V104/><F84/><W85/><G85/><T17/><D17/><U10/><E10/><V20/><F83/><W38/><G41/><T52/><D119/><U89/><REACH who="1" step="1"/><E13/><REACH who="1" ten="413,104,234,239" step="2"/><V87/><F8/><W16/><G62/><AGARI ba="0,1" hai="12,14,56,57,61,62,76,78,89,90,92,95,114,115" machi="62" ten="25,6400,0" yaku="1,1,2,1,22,2,53,0" doraHai="68" doraHaiUra="79" who="1" fromWho="3" sc="413,0,104,74,234,0,239,-64" owari="413,51.3,178,-22.2,234,3.4,175,-32.5" /></mjloggm>