<mjloggm ver="2.3"><GO type="225" lobby="0"/><UN n0="%E3%83%AB%E3%83%9B%E3%83%B3%E3%83%87%E3%82%A3%E3%82%A8" n1="%E3%83%A9%E3%83%96%E3%83%AC%E3%83%BC" n2="%33%74%72%65%65" n3="%E3%82%AD%E3%83%B3%E3%82%B0%E3%81%82%E3%81%A4%E3%81%97" dan="17,16,16,17" rate="2177.16,2094.37,2109.71,2193.05" sx="M,M,F,M"/><TAIKYOKU oya="0"/><INIT seed="0,0,0,4,5,4" ten="250,250,250,250" oya="0" hai0="90,12,110,121,72,106,120,14,111,36,43,80,79" hai1="61,47,59,113,62,19,42,28,81,40,24,123,124" hai2="78,39,109,41,22,117,54,10,99,18,133,114,77" hai3="86,73,46,23,58,6,8,67,119,115,29,118,94"/><T71/><D71/><U87/><E123/><N who="0" m="47177" /><D43/><U15/><E124/><V44/><F114/><W68/><G73/><T64/><D64/><U103/><E103/><V5/><F109/><N who="0" m="41482" /><D36/><U128/><E128/><V75/><F117/><W107/><G115/><T69/><D69/><U91/><E113/><V116/><F133/><W70/><G67/><T48/><D48/><U98/><E98/><V9/><F116/><W89/><G68/><T66/><D66/><U83/><E81/><V17/><F54/><W97/><G70/><T33/><D33/><U25/><E25/><V11/><F5/><W95/><G58/><T55/><D55/><N who="1" m="34047" /><E62/><V101/><F75/><W127/><G46/><T131/><D131/><U21/><E47/><V93/><REACH who="2" step="1"/><F17/><REACH who="2" ten="250,250,240,250" step="2"/><W51/><G118/><T50/><D106/><U135/><E135/><V52/><F52/><W31/><G107/><T56/><D56/><U74/><E74/><V0/><F0/><W76/><G119/><T63/><D63/><U37/><E37/><V27/><AGARI ba="0,1" hai="9,10,11,18,22,27,39,41,44,77,78,93,99,101" machi="27" ten="30,8000,1" yaku="1,1,0,1,52,3,53,0" doraHai="4" doraHaiUra="108" who="2" fromWho="2" sc="250,-40,250,-20,240,90,250,-20" /><INIT seed="1,0,0,4,5,123" ten="210,230,330,230" oya="1" hai0="95,57,12,111,28,30,108,90,77,100,88,51,106" hai1="44,79,59,110,23,66,16,61,26,33,54,7,53" hai2="86,1,56,32,131,101,74,15,45,58,118,104,36" hai3="21,64,84,34,31,91,125,42,124,55,112,18,70"/><U121/><E121/><V46/><F118/><W127/><G112/><T75/><D12/><U120/><E120/><V65/><F74/><W126/><G42/><T68/><D68/><U24/><E7/><V71/><F1/><W76/><G76/><T14/><D14/><U49/><E79/><V78/><F32/><W48/><G34/><T43/><D90/><U39/><E39/><V122/><F71/><W38/><G38/><T13/><D13/><U63/><E110/><N who="0" m="42025" /><D100/><U47/><E63/><V99/><F15/><W29/><G70/><T60/><D106/><U2/><E2/><V8/><F101/><W62/><G127/><T107/><D107/><U134/><E134/><V37/><F104/><W25/><G91/><T132/><D132/><U69/><REACH who="1" step="1"/><E54/><REACH who="1" ten="210,220,330,230" step="2"/><V52/><F52/><W73/><G55/><N who="0" m="33855" /><D77/><U6/><E6/><V81/><F78/><W41/><G124/><T11/><D75/><U102/><E102/><V113/><F122/><W109/><G73/><T98/><D11/><U40/><E40/><V119/><F8/><W96/><G41/><T117/><D117/><U72/><E72/><V115/><F119/><W9/><G109/><T93/><D43/><U10/><E10/><V50/><F115/><W114/><G114/><T135/><D135/><U97/><E97/><V89/><F99/><W22/><G125/><T0/><D0/><U133/><E133/><V5/><F113/><W20/><G126/><T3/><D3/><U128/><E128/><V105/><F131/><W67/><G9/><T129/><D129/><U82/><E82/><V19/><F81/><RYUUKYOKU ba="0,1" sc="210,-10,220,30,330,-10,230,-10" hai1="16,23,24,26,33,44,47,49,53,59,61,66,69" /><INIT seed="1,1,1,1,4,13" ten="200,250,320,220" oya="1" hai0="123,36,121,82,64,108,111,116,14,45,20,81,48" hai1="3,101,22,27,133,124,0,117,8,114,4,58,50" hai2="19,21,102,67,25,5,128,78,89,105,57,35,127" hai3="87,70,49,90,66,29,115,34,74,9,42,71,16"/><U122/><E117/><V56/><F128/><W31/><G74/><T46/><D116/><U119/><E119/><V77/><F127/><W39/><G115/><T98/><D98/><U109/><E114/><V23/><F35/><W60/><G39/><T107/><D107/><U40/><E122/><N who="0" m="46601" /><D64/><U10/><E124/><V129/><F129/><W134/><G71/><T54/><D45/><U112/><E112/><V113/><F113/><W80/><G134/><T7/><D36/><U88/><E133/><V86/><F5/><W51/><G42/><T69/><D69/><U93/><E101/><V131/><F67/><W72/><G72/><T47/><D47/><U100/><E100/><V32/><F56/><N who="3" m="37127" /><G34/><T55/><D55/><U91/><E40/><V37/><F57/><W61/><G61/><T43/><D43/><U85/><E50/><N who="3" m="18954" /><G70/><T103/><D103/><U106/><E106/><V15/><F37/><W28/><G9/><N who="0" m="4415" /><D20/><U97/><E58/><V130/><F32/><W73/><G73/><T110/><AGARI ba="1,1" hai="46,48,54,81,82,108,110,111" m="4415,46601" machi="110" ten="40,2700,0" yaku="14,1,13,1" doraHai="13" who="0" fromWho="0" sc="200,40,250,-14,320,-8,220,-8" /><INIT seed="2,0,0,3,2,39" ten="240,236,312,212" oya="2" hai0="22,73,76,102,64,121,23,126,32,72,21,69,70" hai1="6,38,77,66,42,30,55,85,134,53,92,117,54" hai2="97,95,87,13,107,108,7,43,104,98,52,96,50" hai3="61,80,74,93,26,36,25,49,40,59,37,127,46"/><V99/><F108/><W65/><G127/><T24/><D121/><U100/><E117/><V114/><F114/><W128/><G128/><T19/><D126/><U11/><E134/><V110/><F110/><W34/><G93/><T47/><D76/><U81/><E66/><V120/><F120/><W17/><G34/><T79/><D79/><U9/><E30/><V119/><F87/><W75/><G80/><T41/><D102/><U4/><E100/><V8/><F43/><W35/><G26/><T57/><D57/><U122/><E92/><V48/><F48/><W94/><G94/><T45/><D45/><U112/><E112/><V67/><F67/><W90/><G90/><T58/><D58/><U60/><E60/><V31/><F31/><W116/><G116/><T125/><D125/><U83/><E83/><V113/><F113/><W133/><G133/><T115/><D115/><U86/><E85/><V1/><F1/><W103/><G103/><T101/><D101/><U105/><E105/><V82/><F82/><W33/><G17/><T130/><D130/><U3/><E122/><V44/><F119/><W12/><G12/><T18/><D32/><N who="3" m="12361" /><G25/><N who="0" m="14519" /><D23/><U118/><E118/><V91/><AGARI ba="0,0" hai="7,8,13,44,50,52,91,95,96,97,98,99,104,107" machi="91" ten="30,3000,0" yaku="0,1,54,1" doraHai="39" who="2" fromWho="2" sc="240,-10,236,-10,312,30,212,-10" /><INIT seed="2,1,0,5,5,44" ten="230,226,342,202" oya="2" hai0="32,11,35,57,73,43,113,12,107,66,26,131,95" hai1="120,64,128,65,60,127,68,61,84,13,86,122,8" hai2="58,85,99,48,116,112,105,46,7,93,100,69,76" hai3="21,133,15,33,18,27,2,90,30,62,54,9,10"/><V6/><F112/><W135/><G90/><T83/><D107/><U75/><E75/><V16/><F69/><W72/><G72/><T125/><D113/><U89/><E127/><V96/><F58/><W63/><G63/><T108/><D125/><U106/><E106/><V36/><F36/><W4/><G62/><N who="1" m="24170" /><E128/><V39/><F39/><W31/><G54/><T134/><D57/><U111/><E111/><V67/><F67/><N who="1" m="25673" /><E89/><V126/><F116/><W52/><G52/><T41/><D108/><U87/><E8/><V101/><F126/><W53/><G53/><T103/><D73/><U0/><E13/><V130/><F130/><W50/><G50/><T20/><D35/><U114/><E114/><V19/><F48/><W94/><G94/><T74/><D32/><U55/><E55/><V56/><F56/><W29/><G33/><T38/><D74/><U92/><E0/><V22/><F46/><W42/><G42/><T132/><D12/><U119/><E92/><V28/><F93/><W78/><G78/><T91/><D11/><U123/><E119/><V109/><F76/><W45/><G45/><T40/><D38/><U79/><E68/><V81/><F105/><W17/><AGARI ba="1,0" hai="2,4,9,10,15,17,18,21,27,29,30,31,133,135" machi="17" ten="30,7900,0" yaku="0,1,34,3" doraHai="44" who="3" fromWho="3" sc="230,-21,226,-21,342,-40,202,82" /><INIT seed="3,0,0,5,5,0" ten="209,205,302,284" oya="3" hai0="53,43,68,69,28,34,56,92,9,123,3,108,124" hai1="119,116,24,129,67,117,83,120,22,4,76,93,39" hai2="1,130,36,5,32,57,77,17,13,8,41,90,99" hai3="58,15,70,131,85,35,48,95,109,94,66,72,71"/><W88/><G72/><T113/><D123/><U84/><E120/><V45/><F130/><W126/><G35/><T64/><D108/><U73/><E67/><V55/><F32/><W47/><G71/><T96/><D124/><U29/><E39/><V107/><F77/><W98/><G70/><T11/><D43/><U89/><E4/><V10/><F90/><W62/><G126/><T49/><D113/><U2/><E2/><V75/><F75/><W102/><G131/><AGARI ba="0,0" hai="22,24,29,73,76,83,84,89,93,116,117,119,129,131" machi="131" ten="50,1600,0" yaku="12,1" doraHai="0" who="1" fromWho="3" sc="209,0,205,16,302,0,284,-16" owari="209,-29.1,221,-17.9,302,40.2,268,6.8" /></mjloggm>