<mjloggm ver="2.3"><GO type="225" lobby="0"/><UN n0="%61%67%65%48%61" n1="%E9%80%9F%E6%B0%B4%E5%87%9B%E9%A6%99" n2="%E3%82%BC%E3%83%AB%E3%83%80%E3%81%AE%E4%BC%9D%E8%AA%AC" n3="%73%6C%69%63%6B%33%31%39" dan="16,16,16,16" rate="2061.22,2105.23,2104.49,2186.79" sx="M,F,M,M"/><TAIKYOKU oya="0"/><INIT seed="0,0,0,1,2,56" ten="250,250,250,250" oya="0" hai0="51,97,6,130,78,57,94,104,121,89,52,22,25" hai1="93,19,9,32,116,127,4,41,26,118,63,122,64" hai2="69,30,120,133,31,115,10,40,15,119,33,60,44" hai3="43,27,34,105,13,0,134,12,131,83,80,14,126"/><T67/><D121/><U107/><E122/><V59/><F120/><W42/><G105/><T100/><D130/><U102/><E107/><V81/><F133/><W49/><G134/><T36/><D36/><U18/><E41/><V74/><F115/><W62/><G0/><T70/><D6/><U8/><E127/><V61/><F119/><W71/><G126/><T109/><D109/><U99/><E4/><V2/><F69/><W108/><G131/><T39/><D39/><U38/><E38/><V55/><F2/><W46/><G108/><T73/><D78/><U92/><E92/><V123/><F123/><W21/><G34/><T106/><D73/><U85/><E85/><V37/><F33/><W91/><G43/><T82/><D82/><U5/><E5/><V75/><F61/><W101/><G101/><T114/><D114/><U24/><E32/><V50/><F37/><W84/><G80/><T65/><D70/><U1/><E1/><V58/><F58/><W95/><G95/><T111/><D111/><U128/><E128/><V79/><REACH who="2" step="1"/><F74/><REACH who="2" ten="250,250,240,250" step="2"/><W110/><G110/><T124/><D124/><U96/><E63/><V113/><F113/><W23/><G71/><T132/><D132/><U103/><E64/><V72/><F72/><W112/><G112/><T68/><D68/><U88/><E93/><V98/><F98/><W17/><REACH who="3" step="1"/><G62/><REACH who="3" ten="250,250,240,240" step="2"/><T117/><D106/><U87/><E87/><V76/><F76/><W125/><G125/><T48/><D104/><U7/><E118/><V90/><F90/><W54/><G54/><T35/><D117/><U3/><E116/><RYUUKYOKU ba="0,2" sc="250,-15,250,-15,240,15,240,15" hai2="10,15,30,31,40,44,50,55,59,60,75,79,81" hai3="12,13,14,17,21,23,27,42,46,49,83,84,91" /><INIT seed="1,1,2,1,5,92" ten="235,235,255,255" oya="1" hai0="94,135,128,126,45,93,95,79,71,55,131,44,105" hai1="19,6,115,43,3,73,109,74,106,130,59,37,112" hai2="63,76,88,16,117,32,64,70,96,103,107,69,99" hai3="36,56,39,1,129,91,113,49,77,10,13,122,50"/><U53/><E106/><V119/><F70/><W60/><G122/><T35/><D35/><U123/><E123/><V82/><F32/><W7/><G113/><T34/><D34/><U42/><E130/><N who="0" m="49705" /><D71/><U26/><E26/><V46/><F46/><W89/><G77/><T68/><D68/><U5/><E109/><V21/><F96/><W15/><G1/><T90/><D105/><U121/><E121/><V30/><F30/><W4/><G129/><T40/><D79/><U132/><E132/><V75/><REACH who="2" step="1"/><F88/><REACH who="2" ten="235,235,245,255" step="2"/><W28/><G28/><T118/><D90/><U67/><E115/><V102/><F102/><W125/><G89/><T110/><D110/><U72/><E112/><V127/><F127/><W83/><G91/><T29/><D126/><U62/><E37/><V22/><F22/><W108/><G125/><T24/><D135/><U78/><E78/><V87/><F87/><W120/><G120/><T33/><D118/><U114/><E114/><V41/><F41/><W85/><G108/><T97/><D40/><U2/><E42/><V80/><F80/><W124/><G124/><T38/><D38/><U17/><E43/><V51/><F51/><N who="3" m="19467" /><G85/><T101/><D44/><U98/><E98/><V57/><F57/><W8/><G83/><T86/><D86/><U14/><E73/><V48/><F48/><AGARI ba="1,3" hai="24,29,33,45,48,55,93,94,95,97,101" m="49705" machi="48" ten="30,2000,0" yaku="19,1,52,1" doraHai="92" who="0" fromWho="2" sc="235,53,235,0,245,-23,255,0" /><INIT seed="2,0,0,1,0,36" ten="288,235,222,255" oya="2" hai0="119,98,9,10,59,110,92,129,111,30,25,94,75" hai1="72,84,6,53,71,26,15,41,113,31,68,48,133" hai2="115,95,57,56,2,100,39,8,85,123,22,81,108" hai3="69,91,77,14,102,52,4,65,13,135,0,5,117"/><V99/><F115/><W32/><G117/><T112/><D112/><U128/><E72/><V19/><F123/><W12/><G32/><T63/><D75/><U88/><E113/><V60/><F108/><N who="0" m="41514" /><D119/><U80/><E133/><V79/><F39/><W106/><G77/><T114/><D114/><U58/><E128/><V73/><F73/><W130/><G69/><T121/><D121/><U38/><E38/><V28/><F60/><W42/><G65/><T86/><D86/><U93/><E41/><V134/><F134/><W122/><G42/><T45/><D45/><U46/><E58/><V78/><F78/><W21/><G91/><T55/><D92/><U87/><E15/><N who="2" m="7655" /><F2/><W97/><G13/><T125/><D125/><U16/><E6/><V109/><F109/><W131/><G0/><T126/><D126/><U17/><E71/><V34/><F34/><W43/><G135/><T27/><D129/><U118/><E68/><V29/><F29/><W44/><G122/><T11/><D30/><U101/><E118/><V127/><F127/><W51/><G4/><T132/><D132/><U74/><E74/><V61/><F61/><W82/><G5/><T1/><D1/><U23/><E101/><AGARI ba="0,0" hai="9,10,11,25,27,55,59,63,94,98,101" m="41514" machi="101" ten="30,1000,0" yaku="14,1" doraHai="36" who="0" fromWho="1" sc="288,10,235,-10,222,0,255,0" /><INIT seed="3,0,0,0,0,28" ten="298,225,222,255" oya="3" hai0="121,78,105,67,124,40,96,100,59,52,122,57,35" hai1="33,7,18,2,116,91,113,62,16,71,84,128,1" hai2="72,70,12,19,76,63,58,102,99,65,51,85,107" hai3="45,120,129,15,13,11,115,44,55,0,66,25,46"/><W79/><G120/><T6/><D35/><U43/><E113/><V32/><F72/><W88/><G115/><T131/><D40/><U125/><E33/><V24/><F76/><W5/><G129/><T14/><D124/><U127/><E43/><V64/><F64/><W95/><G79/><T31/><D31/><U47/><E47/><V41/><F85/><W38/><G66/><T9/><D131/><U42/><E42/><V48/><F58/><W90/><G38/><T21/><D21/><U60/><E128/><V77/><F77/><W86/><G25/><T118/><D118/><U89/><E71/><V117/><F41/><W126/><G126/><N who="1" m="48138" /><E116/><V39/><F39/><W80/><REACH who="3" step="1"/><G55/><REACH who="3" ten="298,225,222,245" step="2"/><T56/><D67/><U22/><E91/><V37/><F37/><W49/><G49/><T132/><D78/><U50/><E50/><V26/><F117/><W61/><G61/><T112/><D112/><U69/><E62/><V87/><F26/><W108/><G108/><T81/><D52/><U130/><E60/><V3/><F51/><W93/><G93/><T30/><D121/><U73/><E130/><V92/><F48/><W101/><G101/><T20/><D122/><U110/><E110/><V54/><F54/><W114/><G114/><T111/><D111/><U134/><E69/><V103/><F103/><W104/><G104/><T109/><D109/><U34/><E73/><V119/><F119/><W75/><G75/><T135/><D81/><U17/><E89/><V97/><F102/><W23/><G23/><T4/><D4/><U53/><E53/><V27/><F65/><RYUUKYOKU ba="0,1" sc="298,15,225,-15,222,-15,245,15" hai0="6,9,14,20,30,56,57,59,96,100,105,132,135" hai3="0,5,11,13,15,44,45,46,80,86,88,90,95" /><INIT seed="3,1,1,2,5,34" ten="313,210,207,260" oya="3" hai0="24,73,28,13,130,3,121,98,9,85,36,105,102" hai1="48,75,2,129,126,131,135,41,66,49,16,42,54" hai2="91,37,29,127,88,79,69,86,22,40,104,116,45" hai3="99,1,96,94,84,112,18,10,123,114,30,14,74"/><W118/><G74/><T25/><D73/><U82/><E75/><V78/><F116/><W57/><G118/><T23/><D121/><U55/><E82/><V101/><F69/><W6/><G123/><T21/><D36/><U110/><E110/><V83/><F127/><W120/><G120/><T90/><D130/><N who="1" m="49675" /><E66/><V31/><F91/><W122/><G122/><T7/><D90/><U5/><E135/><V27/><REACH who="2" step="1"/><F29/><REACH who="2" ten="313,210,197,260" step="2"/><W134/><G30/><T8/><D28/><U106/><E126/><V109/><F109/><W71/><G71/><T38/><D102/><U80/><E80/><V39/><F39/><W92/><G134/><T100/><D38/><U133/><E133/><V70/><F70/><W62/><G112/><T64/><D100/><U32/><E32/><V124/><F124/><W87/><G114/><T47/><D105/><U76/><E76/><V119/><F119/><W125/><G125/><T52/><D7/><U46/><E106/><V95/><F95/><W20/><G94/><T111/><D111/><U58/><E16/><V56/><F56/><W89/><G96/><AGARI ba="1,2" hai="22,27,31,37,40,45,78,79,83,86,88,96,101,104" machi="96" ten="40,5200,0" yaku="1,1,54,1,53,1" doraHai="34" doraHaiUra="17" who="2" fromWho="3" sc="313,0,210,0,197,75,260,-55" owari="313,41.3,210,-19.0,272,7.2,205,-29.5" /></mjloggm>