<mjloggm ver="2.3"><GO type="225" lobby="0"/><UN n0="%E3%81%99%E3%81%84%E3%81%BE%E3%81%9B%E3%83%BC%E3%82%93" n1="%77%72%77%72%77%72%77%72" n2="%E7%B4%94%E6%BD%94%E3%83%94%E3%83%A9%E3%83%8B%E3%82%A2" n3="%E9%AD%9A%E8%B0%B7%E4%BE%91%E7%BE%8E" dan="17,16,16,17" rate="2241.20,2221.07,2147.13,2138.91" sx="M,M,M,M"/><TAIKYOKU oya="0"/><INIT seed="0,0,0,5,1,6" ten="250,250,250,250" oya="0" hai0="9,65,17,103,39,37,123,7,76,67,93,102,60" hai1="25,18,59,77,118,113,120,109,83,40,29,130,44" hai2="46,58,106,56,111,100,47,70,107,66,96,23,105" hai3="72,36,16,43,99,19,55,61,128,86,3,20,15"/><T88/><D123/><U41/><E120/><V0/><F0/><W95/><G72/><T129/><D129/><U13/><E118/><V63/><F111/><W2/><G128/><T84/><D76/><U89/><E130/><V30/><F70/><W27/><G86/><T135/><D135/><U85/><E109/><V134/><F58/><N who="3" m="35039" /><G36/><T115/><D115/><U49/><E113/><V127/><F127/><W10/><G43/><T5/><D39/><U50/><E89/><AGARI ba="0,0" hai="2,3,10,15,16,19,20,27,89,95,99" m="35039" machi="89" ten="30,3900,0" yaku="25,1,52,1,54,1" doraHai="6" who="3" fromWho="1" sc="250,0,250,-39,250,0,250,39" /><INIT seed="1,0,0,2,4,89" ten="250,211,250,289" oya="1" hai0="95,105,87,77,109,59,117,7,46,96,100,27,80" hai1="14,134,63,103,8,42,76,68,34,48,67,40,88" hai2="127,23,37,1,86,45,118,36,93,10,98,24,20" hai3="81,72,85,131,133,99,25,119,50,92,51,54,84"/><U61/><E34/><V101/><F118/><W57/><G131/><T12/><D117/><U126/><E76/><V120/><F120/><W58/><G133/><T0/><D109/><U107/><E134/><V52/><F127/><W28/><G72/><T49/><D0/><U15/><E126/><V97/><F23/><N who="3" m="15423" /><G119/><T70/><D70/><U33/><E33/><V55/><F86/><N who="3" m="33387" /><G81/><T79/><D27/><U78/><E78/><V22/><F22/><W110/><G110/><T31/><D31/><U111/><E111/><V4/><F97/><W129/><G129/><T53/><D79/><U65/><E103/><V9/><F9/><W21/><G21/><T64/><D105/><U121/><E107/><V82/><F82/><W39/><G39/><T102/><D100/><U75/><E75/><V113/><F113/><W16/><G16/><T132/><D132/><U38/><E38/><V69/><F69/><W3/><G3/><T17/><D7/><U19/><E121/><V6/><F4/><W128/><G128/><T66/><D59/><N who="3" m="22537" /><G54/><T18/><D17/><U29/><E29/><V35/><F35/><W13/><G13/><T122/><D122/><U2/><E2/><V90/><F55/><W43/><G43/><N who="1" m="16426" /><E48/><V112/><F112/><W62/><G62/><T130/><D130/><U135/><E135/><V116/><F116/><W56/><G56/><T108/><D108/><U106/><E106/><N who="2" m="63799" /><F24/><W91/><AGARI ba="0,0" hai="50,51,91,92,99" m="22537,33387,15423" machi="91" ten="30,2000,0" yaku="8,1,52,1" doraHai="89" who="3" fromWho="3" sc="250,-5,211,-10,250,-5,289,20" /><INIT seed="2,0,0,0,3,10" ten="245,201,245,309" oya="2" hai0="15,130,121,115,51,100,17,96,33,105,129,89,90" hai1="50,52,4,116,125,7,42,49,95,107,93,111,23" hai2="34,47,58,80,71,18,37,30,113,87,6,64,27" hai3="56,22,25,20,8,79,1,36,132,91,68,24,102"/><V60/><F113/><W94/><G68/><T128/><D115/><U28/><E116/><V46/><F37/><W118/><G36/><T26/><D121/><U114/><E114/><V40/><F40/><W85/><G132/><T3/><D3/><U74/><E74/><V75/><F75/><W78/><G102/><T83/><D51/><U135/><E107/><V110/><F6/><N who="1" m="2089" /><E111/><V82/><F82/><W127/><G8/><N who="0" m="6375" /><D83/><U2/><E2/><V19/><F71/><W131/><G1/><T81/><D81/><U54/><E42/><V63/><F63/><W70/><G70/><T117/><D117/><U16/><E28/><AGARI ba="0,0" hai="26,28,33,89,90,96,100,105,128,129,130" m="6375" machi="28" ten="30,2000,0" yaku="19,1,52,1" doraHai="10" who="0" fromWho="1" sc="245,20,201,-20,245,0,309,0" /><INIT seed="3,0,0,2,0,46" ten="265,181,245,309" oya="3" hai0="42,101,110,35,23,4,133,119,89,60,7,17,50" hai1="1,26,93,9,98,86,55,40,22,91,76,80,100" hai2="16,18,36,72,97,41,82,134,118,104,34,122,120" hai3="3,49,8,124,20,103,21,19,44,29,94,32,11"/><W37/><G37/><T58/><D119/><U117/><E117/><V92/><F118/><W47/><G32/><T135/><D110/><U128/><E128/><V63/><F104/><W112/><G112/><T105/><D35/><U61/><E40/><V15/><F34/><W48/><G29/><T45/><D89/><U131/><E131/><V5/><F134/><N who="0" m="51210" /><D101/><U30/><E1/><V13/><F41/><N who="3" m="24591" /><G3/><T69/><D69/><U70/><E70/><V54/><F36/><W115/><G124/><T27/><D105/><U87/><E9/><N who="3" m="3658" /><G19/><N who="2" m="7209" /><F5/><W51/><G115/><T71/><D71/><U53/><REACH who="1" step="1"/><E61/><REACH who="1" ten="265,171,245,309" step="2"/><V127/><F127/><W65/><G20/><T59/><D60/><U129/><E129/><V107/><F63/><W106/><G21/><T25/><D25/><U6/><E6/><AGARI ba="0,1" hai="4,6,7,17,23,27,42,45,50,58,59" m="51210" machi="6" ten="30,2000,0" yaku="20,1,52,1" doraHai="46" who="0" fromWho="1" sc="265,30,171,-20,245,0,309,0" owari="295,9.5,151,-34.9,245,-15.5,309,40.9" /></mjloggm>