<mjloggm ver="2.3"><GO type="225" lobby="0"/><UN n0="%E8%BE%9B%E5%8F%A3%E3%82%AB%E3%83%AC%E3%83%BC%E3%83%A9%E3%82%A4%E3%82%B9" n1="%72%69%6F%75%63%68%61%6E" n2="%30%2E%31%32%30" n3="%E5%8D%A0%E3%81%84%E5%B8%AB%E8%A3%8F%E3%81%AA%E3%81%84%E3%81%97" dan="17,16,16,17" rate="2180.54,2198.30,2122.25,2173.69" sx="M,M,M,M"/><TAIKYOKU oya="0"/><INIT seed="0,0,0,3,0,42" ten="250,250,250,250" oya="0" hai0="37,125,40,1,69,62,7,58,130,83,33,39,134" hai1="89,123,98,88,92,100,70,49,117,15,72,20,104" hai2="119,115,44,68,13,112,61,111,36,17,126,22,110" hai3="63,3,129,53,0,34,133,74,67,102,56,105,65"/><T108/><D33/><U55/><E117/><V124/><F61/><W116/><G116/><T118/><D118/><U25/><E123/><V121/><F68/><W64/><G74/><T47/><D130/><U9/><E72/><V71/><F71/><W94/><G129/><T75/><D134/><U45/><E70/><V84/><F119/><W52/><G133/><T18/><D125/><N who="2" m="48234" /><F121/><W93/><G34/><T127/><D127/><U66/><E66/><V73/><F73/><W128/><G128/><T28/><D28/><N who="1" m="17447" /><E104/><V4/><F84/><W97/><G105/><T24/><D69/><U41/><E55/><V48/><F36/><W54/><G54/><T81/><D39/><U51/><E51/><V95/><F95/><W10/><G10/><N who="0" m="2415" /><D83/><U16/><AGARI ba="0,0" hai="9,15,16,41,45,49,88,89,92,98,100" m="17447" machi="16" ten="30,7900,0" yaku="8,1,52,1,54,2" doraHai="42" who="1" fromWho="1" sc="250,-39,250,79,250,-20,250,-20" /><INIT seed="1,0,0,1,4,93" ten="211,329,230,230" oya="1" hai0="80,77,9,45,19,97,101,85,87,120,58,34,106" hai1="56,131,53,79,114,135,47,94,16,69,109,6,124" hai2="50,92,105,67,110,100,14,13,117,134,121,102,111" hai3="88,39,103,31,4,42,116,84,132,25,0,91,2"/><U60/><E114/><V18/><F105/><W81/><G132/><T49/><D34/><U113/><E113/><V119/><F121/><W32/><G116/><N who="2" m="44617" /><F134/><W86/><G4/><T15/><D120/><U24/><E135/><V78/><F67/><W40/><G103/><N who="2" m="39465" /><F92/><W133/><G133/><T35/><D35/><U38/><E124/><V89/><F89/><W26/><G39/><T51/><D58/><U95/><E131/><V123/><F78/><W10/><G10/><T3/><D3/><U52/><E109/><N who="2" m="41483" /><F123/><W118/><G118/><T99/><D99/><U122/><E122/><V98/><F98/><W23/><G0/><T36/><REACH who="0" step="1"/><D85/><REACH who="0" ten="201,329,230,230" step="2"/><U68/><E68/><V125/><F125/><W21/><G2/><T61/><D61/><U37/><E69/><V83/><F50/><W76/><G32/><T82/><D82/><U12/><E37/><V33/><F33/><W127/><G127/><T54/><D54/><U20/><E38/><V30/><F83/><N who="3" m="49183" /><G76/><T130/><D130/><U126/><E79/><V1/><F1/><W115/><G115/><T62/><D62/><N who="1" m="36103" /><E126/><V73/><F73/><W59/><G59/><T70/><D70/><U112/><E112/><V17/><F30/><AGARI ba="0,1" hai="21,23,25,26,30,31,40,42,81,86,91" m="49183" machi="30" ten="30,2000,0" yaku="8,1,54,1" doraHai="93" who="3" fromWho="2" sc="201,0,329,0,230,-20,230,30" /><INIT seed="2,0,0,0,2,103" ten="201,329,210,260" oya="2" hai0="12,87,100,104,97,29,117,0,17,84,85,5,127" hai1="46,131,80,24,118,36,26,34,82,31,130,64,39" hai2="96,115,35,56,125,49,123,13,27,102,23,61,133" hai3="53,59,95,74,98,55,132,63,62,51,120,47,42"/><V121/><F115/><W3/><G74/><T16/><D127/><U18/><E118/><V4/><F125/><W73/><G73/><T41/><D117/><U114/><E114/><V90/><F35/><W48/><G3/><T81/><D29/><N who="1" m="19751" /><E64/><V10/><F133/><W124/><G120/><T110/><D110/><U67/><E67/><V109/><F109/><W33/><G33/><T6/><D0/><U15/><E46/><V7/><F7/><W65/><G132/><T94/><D104/><U25/><E80/><V122/><F90/><W86/><G86/><N who="0" m="33387" /><D41/><U57/><E57/><V14/><F49/><N who="3" m="31151" /><G95/><T37/><D37/><N who="1" m="14411" /><E31/><V2/><F61/><N who="3" m="23051" /><G98/><T20/><D17/><U19/><E82/><V54/><F54/><W58/><G124/><T93/><D93/><U129/><E18/><V43/><F43/><N who="3" m="24703" /><G65/><T113/><D113/><U89/><E89/><AGARI ba="0,0" hai="5,6,12,16,20,81,87,89,94,97,100" m="33387" machi="89" ten="30,2000,0" yaku="8,1,54,1" doraHai="103" who="0" fromWho="1" sc="201,20,329,-20,210,0,260,0" /><INIT seed="3,0,0,0,0,76" ten="221,309,210,260" oya="3" hai0="131,24,120,92,94,52,56,128,96,129,3,42,9" hai1="18,106,85,116,10,51,110,20,49,108,62,115,111" hai2="61,118,84,30,2,104,5,91,65,88,44,90,60" hai3="33,123,122,11,4,87,93,26,45,95,25,43,58"/><W78/><G122/><T79/><D120/><U17/><E116/><V35/><F104/><W109/><G123/><T53/><D42/><U82/><E106/><V127/><F118/><W100/><G109/><T133/><D133/><U63/><E115/><V27/><F127/><W86/><G58/><T80/><D24/><N who="1" m="14351" /><E18/><V34/><F34/><W47/><G33/><T57/><D9/><U31/><E31/><V67/><F44/><W103/><G11/><T6/><D6/><U38/><E38/><V13/><F2/><W14/><G78/><T132/><D3/><U105/><E105/><V119/><F119/><W50/><G50/><N who="1" m="18954" /><E10/><V37/><F37/><W19/><G19/><T55/><D132/><U113/><E113/><V125/><F125/><W0/><G0/><T69/><D69/><U15/><E15/><V21/><F35/><W1/><G1/><T121/><D121/><U112/><E112/><V124/><F124/><W36/><G36/><T101/><D94/><U130/><E130/><V68/><F5/><W32/><G32/><T81/><D81/><U75/><E75/><AGARI ba="0,0" hai="52,53,55,56,57,75,79,80,92,96,101,128,129,131" machi="75" ten="50,6400,0" yaku="19,1,52,1,54,1" doraHai="76" who="0" fromWho="1" sc="221,64,309,-64,210,0,260,0" /><INIT seed="4,0,0,5,0,107" ten="285,245,210,260" oya="0" hai0="7,92,99,53,59,109,63,10,17,95,113,68,74" hai1="79,13,104,101,100,82,76,50,75,12,89,67,72" hai2="102,84,61,24,44,19,130,29,78,81,117,11,64" hai3="103,5,2,9,120,87,128,3,31,14,30,47,58"/><T126/><D113/><U66/><E50/><V56/><F130/><W34/><G128/><T124/><D74/><N who="1" m="28203" /><E89/><V97/><F117/><W38/><G103/><N who="1" m="39498" /><E82/><V15/><F44/><W115/><G115/><T108/><D68/><U85/><E85/><V48/><F48/><W131/><G87/><T110/><D17/><U57/><E57/><V105/><F24/><W62/><G58/><T27/><D27/><U39/><E39/><V37/><F37/><W20/><G47/><T90/><D95/><U118/><E104/><V112/><F112/><W71/><G38/><T16/><D16/><U70/><E70/><V8/><REACH who="2" step="1"/><F29/><REACH who="2" ten="285,245,200,260" step="2"/><W98/><G31/><T106/><D106/><U133/><E118/><V40/><F40/><W1/><G30/><T119/><D119/><U33/><E133/><V93/><F93/><W25/><G131/><T55/><D109/><U125/><E125/><V43/><F43/><W35/><G25/><T96/><D110/><U26/><E26/><V45/><F45/><W46/><G46/><T116/><D108/><U88/><E33/><V52/><F52/><W91/><G35/><T73/><D116/><U36/><E36/><V134/><F134/><W65/><G34/><T49/><D124/><U123/><E123/><V94/><F94/><N who="3" m="56671" /><G120/><T18/><D126/><U111/><E111/><V135/><F135/><W129/><G129/><T21/><D53/><U22/><E67/><V80/><F80/><W77/><G77/><N who="1" m="29770" /><E66/><V114/><F114/><W122/><G122/><T86/><D49/><U23/><E88/><V4/><F4/><W41/><G41/><RYUUKYOKU ba="0,1" sc="285,-30,245,10,200,10,260,10" hai1="12,13,22,23" hai2="8,11,15,19,56,61,64,78,81,84,97,102,105" hai3="1,2,3,5,9,14,20,62,65,71" /><INIT seed="5,1,1,0,1,84" ten="255,255,210,270" oya="1" hai0="103,26,85,55,67,102,127,108,88,75,9,95,40" hai1="121,30,5,53,90,36,93,120,99,86,38,43,80" hai2="115,35,78,118,52,41,1,69,113,60,32,72,17" hai3="8,116,131,130,106,123,82,133,33,100,58,62,6"/><U15/><E30/><V66/><F1/><W107/><G123/><T73/><D108/><U124/><E124/><V16/><F41/><W21/><G33/><N who="2" m="12873" /><F118/><W63/><G133/><T135/><D40/><U132/><E132/><V101/><F101/><W92/><G21/><T70/><D135/><U68/><E68/><V48/><F78/><W94/><G82/><T105/><D70/><U79/><E53/><V64/><F66/><W56/><G100/><T12/><D67/><U27/><E27/><V22/><F22/><W29/><G29/><T98/><D103/><U89/><E38/><V10/><F10/><W83/><G83/><T117/><D117/><U3/><E3/><V129/><F72/><W119/><G8/><T46/><D26/><U125/><E125/><V4/><F4/><AGARI ba="1,1" hai="4,6,56,58,62,63,92,94,106,107,116,119,130,131" machi="4" ten="25,1600,0" yaku="22,2" doraHai="84" who="3" fromWho="2" sc="255,0,255,0,210,-19,270,29" /><INIT seed="6,0,0,5,4,101" ten="255,255,191,299" oya="2" hai0="115,117,67,89,52,92,88,21,40,30,131,6,87" hai1="44,48,133,97,112,32,22,60,47,80,121,124,85" hai2="90,18,100,53,108,123,84,55,9,27,69,8,56" hai3="14,119,82,91,0,3,135,54,24,15,31,36,120"/><V104/><F123/><W77/><G119/><T132/><D115/><U4/><E32/><V110/><F69/><W42/><G120/><T63/><D131/><U125/><E112/><V122/><F122/><W12/><G54/><N who="2" m="20489" /><F56/><W25/><G135/><T38/><D132/><U11/><E121/><V51/><F51/><W61/><G61/><T74/><D74/><U111/><E133/><V34/><F34/><W2/><G91/><T50/><D117/><U126/><E111/><N who="2" m="42539" /><F27/><W43/><G36/><T23/><D6/><U35/><E35/><V19/><F9/><W78/><G31/><T114/><D114/><U45/><E60/><V71/><F71/><W102/><G102/><T28/><D38/><U73/><E22/><N who="0" m="8201" /><D89/><N who="1" m="51367" /><E73/><V33/><F33/><W105/><G78/><T20/><D20/><U127/><E124/><V99/><F8/><W65/><G43/><T5/><D40/><N who="1" m="24583" /><E97/><V57/><F57/><W128/><G42/><T116/><D116/><U130/><E130/><V13/><F13/><AGARI ba="0,0" hai="4,11,13,45,47,125,126,127" m="24583,51367" machi="13" ten="30,1000,0" yaku="18,1" doraHai="101" who="1" fromWho="2" sc="255,0,255,10,191,-10,299,0" /><INIT seed="7,0,0,2,5,41" ten="255,265,181,299" oya="3" hai0="128,62,1,39,16,121,105,18,63,50,73,88,34" hai1="116,40,110,99,91,118,69,37,125,31,95,78,28" hai2="133,131,98,12,54,22,60,25,75,103,67,35,3" hai3="10,21,124,19,2,55,94,42,24,86,17,56,9"/><W47/><G124/><T27/><D39/><U123/><E123/><V130/><F133/><W6/><G10/><T102/><D121/><U134/><E110/><V115/><F3/><W32/><G32/><T74/><D1/><U135/><E69/><V65/><F75/><W36/><G86/><T23/><D34/><U106/><E125/><V5/><F115/><W108/><G94/><T129/><D50/><U122/><E122/><V49/><F35/><W13/><G108/><T14/><D88/><N who="1" m="55783" /><E78/><V66/><F60/><N who="0" m="23082" /><D102/><U113/><E113/><V114/><F114/><W53/><G56/><T43/><D43/><U11/><E106/><V89/><F89/><W70/><G70/><T97/><D97/><U109/><E109/><V61/><F61/><W68/><G68/><T15/><D105/><U52/><E52/><V57/><F12/><N who="0" m="4650" /><D18/><U112/><E112/><V81/><F81/><W80/><G80/><T82/><D82/><U38/><E91/><V48/><F48/><W93/><G93/><T107/><D107/><U33/><E11/><V85/><F85/><W127/><G127/><T71/><D71/><U46/><E37/><V87/><F87/><W77/><G77/><T58/><D58/><U8/><E8/><V72/><F72/><W90/><G90/><T59/><D59/><U100/><E100/><V83/><F83/><W92/><G92/><T126/><D126/><U76/><E76/><V104/><REACH who="2" step="1"/><F5/><REACH who="2" ten="255,265,171,299" step="2"/><N who="3" m="3247" /><G2/><T30/><D74/><U119/><E33/><V96/><F96/><W120/><G6/><T0/><D73/><U84/><E84/><V7/><F7/><RYUUKYOKU ba="0,1" sc="255,-15,265,15,171,15,299,-15" hai1="28,31,38,40,46,116,118,119,134,135" hai2="22,25,49,54,57,65,66,67,98,103,104,130,131" owari="240,-16.0,280,8.0,186,-31.4,294,39.4" /></mjloggm>