<mjloggm ver="2.3"><GO type="225" lobby="0"/><UN n0="%E3%83%97%E3%83%AC%E3%83%B4%E3%82%A1%E3%83%86%E3%82%A3" n1="%E3%81%8B%E3%82%8F%E3%81%A1%E3%82%83%E3%82%93%35%38" n2="%E6%B5%AE%E7%94%9F%E4%B9%8B%E6%A1%9C%E2%98%86" n3="%E7%B4%94%E6%BD%94%E3%83%94%E3%83%A9%E3%83%8B%E3%82%A2" dan="16,16,18,16" rate="2094.41,2168.35,2196.38,2105.67" sx="F,M,M,M"/><TAIKYOKU oya="0"/><INIT seed="0,0,0,3,2,37" ten="250,250,250,250" oya="0" hai0="45,116,125,60,62,0,106,109,130,57,34,65,98" hai1="11,44,86,35,4,31,71,39,102,95,28,128,21" hai2="46,90,12,74,26,54,49,73,13,15,83,7,103" hai3="104,134,82,126,131,43,112,25,110,6,75,59,48"/><T14/><D0/><U114/><E71/><V56/><F103/><W36/><G6/><T32/><D116/><U10/><E35/><V40/><F7/><W76/><G48/><T41/><D125/><U132/><E21/><V18/><F26/><W55/><G25/><T77/><D130/><U17/><E17/><V33/><F33/><W29/><G29/><T2/><D2/><U115/><E132/><V23/><F74/><W84/><G55/><T111/><D77/><U99/><E86/><N who="2" m="50527" /><F73/><W93/><G59/><T123/><D123/><U88/><E102/><V27/><F56/><W67/><G67/><T81/><D81/><U66/><E66/><V120/><F120/><W100/><G100/><N who="0" m="62743" /><D62/><U78/><E78/><V68/><F68/><W108/><G82/><T121/><D14/><N who="2" m="3586" /><V3/><DORA hai="5" /><F3/><W19/><G75/><T96/><D96/><U63/><E63/><V30/><F30/><N who="1" m="11305" /><E4/><V58/><F58/><W133/><G84/><T72/><D72/><U89/><E128/><V129/><F129/><W101/><G133/><T47/><D47/><U52/><E89/><V16/><F18/><W9/><G19/><T92/><D92/><U91/><E91/><V70/><F70/><W85/><G93/><T94/><D94/><U122/><E122/><V24/><F24/><W124/><G134/><T135/><D121/><U80/><E80/><V1/><F1/><W20/><G131/><T69/><D135/><U53/><E39/><V127/><F127/><W107/><G124/><T61/><D60/><U79/><E79/><V64/><F64/><W51/><G126/><RYUUKYOKU ba="0,0" sc="250,-10,250,-10,250,30,250,-10" hai2="16,23,27,40,46,49,54" /><INIT seed="1,1,0,4,5,79" ten="240,240,280,240" oya="1" hai0="133,112,13,7,46,10,99,88,55,58,15,64,72" hai1="19,52,113,111,35,32,121,53,124,131,78,65,81" hai2="75,34,125,114,66,96,116,4,11,40,95,54,39" hai3="108,110,42,109,60,44,90,61,69,85,73,62,6"/><U130/><E113/><V115/><F116/><W23/><G73/><T86/><D72/><U24/><E121/><V43/><F34/><N who="1" m="12841" /><E65/><V122/><F122/><W71/><G23/><T98/><D112/><N who="2" m="43050" /><F125/><W126/><G6/><T87/><D133/><U120/><E120/><V127/><F127/><W29/><G29/><T92/><D86/><N who="1" m="48439" /><E124/><V5/><F66/><W97/><G97/><T77/><D77/><U68/><E68/><V50/><F75/><W25/><G25/><T31/><D31/><U63/><E63/><V51/><F51/><N who="3" m="27031" /><G126/><T135/><D135/><U100/><E100/><N who="2" m="60447" /><F39/><W129/><G129/><N who="1" m="49162" /><E111/><N who="3" m="28418" /><W83/><AGARI ba="1,0" hai="60,61,62,69,71,83,85,90" m="28418,27031" machi="83" ten="50,6400,0" yaku="4,1,14,1,52,1" doraHai="79" who="3" fromWho="3" sc="240,-17,240,-33,280,-17,240,67" /><INIT seed="2,0,0,0,4,26" ten="223,207,263,307" oya="2" hai0="24,59,20,29,66,60,47,81,37,30,39,4,89" hai1="0,115,62,25,116,113,117,22,91,56,27,18,53" hai2="86,3,118,108,52,44,21,51,109,61,34,88,75" hai3="19,13,134,78,102,111,10,14,40,7,35,9,101"/><V65/><F118/><N who="1" m="45673" /><E53/><V5/><F34/><W50/><G111/><N who="2" m="42569" /><F75/><W112/><G134/><T100/><D4/><U124/><E56/><N who="2" m="37031" /><F21/><W67/><G35/><T125/><D125/><U126/><E91/><V28/><F28/><N who="0" m="10858" /><D39/><U1/><E27/><V120/><F120/><W87/><G67/><T106/><D37/><U36/><E62/><V73/><F73/><W99/><G99/><T33/><D33/><U6/><E36/><V135/><F135/><W132/><G132/><T79/><D106/><U70/><E70/><V127/><F127/><N who="1" m="48681" /><E6/><V92/><F5/><W49/><G49/><T76/><D100/><U57/><E57/><V42/><F3/><AGARI ba="0,0" hai="0,1,3,18,22,25,113,115" m="48681,45673" machi="3" ten="40,5200,0" yaku="18,1,34,2" doraHai="26" who="1" fromWho="2" sc="223,0,207,52,263,-52,307,0" /><INIT seed="3,0,0,0,4,5" ten="223,259,211,307" oya="3" hai0="112,83,23,59,98,30,79,77,89,80,74,32,61" hai1="130,132,103,21,31,105,121,45,93,6,58,71,90" hai2="8,110,63,39,116,47,95,96,48,75,92,0,42" hai3="60,128,24,50,106,44,49,100,133,28,125,65,11"/><W64/><G125/><T15/><D112/><U115/><E71/><V91/><F116/><W99/><G128/><T57/><D32/><U27/><E115/><V111/><F75/><W36/><G133/><T70/><D70/><U51/><E121/><V68/><F39/><W33/><G65/><T35/><D35/><U122/><E122/><V29/><F29/><W34/><G34/><T1/><D1/><U12/><E132/><V109/><F92/><W19/><G19/><T18/><D30/><U129/><E58/><V87/><F96/><W38/><G11/><T54/><D59/><U76/><E76/><V46/><F46/><W2/><G2/><T123/><D123/><U66/><E66/><N who="2" m="41055" /><F0/><W17/><G17/><T86/><D98/><U55/><E105/><V126/><F8/><W113/><G113/><T102/><D102/><U120/><E120/><V127/><AGARI ba="0,0" hai="42,47,48,87,91,95,109,110,111,126,127" m="41055" machi="127" ten="40,1500,0" yaku="14,1" doraHai="5" who="2" fromWho="2" sc="223,-4,259,-4,211,15,307,-7" owari="219,-28.1,255,5.5,226,-17.4,300,40.0" /></mjloggm>