<mjloggm ver="2.3"><GO type="225" lobby="0"/><UN n0="%72%61%6B%33" n1="%70%61%77%61" n2="%4B%2E%32%2E%4B%2E" n3="%E3%82%A2%E3%82%A4%E3%82%B9%E3%83%86%E3%82%A3%E3%83%BC%E3%81%82%E3%81%B9" dan="16,19,16,16" rate="2052.14,2289.88,2157.06,2075.77" sx="M,M,M,M"/><TAIKYOKU oya="0"/><INIT seed="0,0,0,2,5,103" ten="250,250,250,250" oya="0" hai0="41,4,108,67,54,51,73,125,77,89,123,79,83" hai1="14,18,91,9,34,10,70,112,109,64,52,8,85" hai2="3,7,72,30,110,107,46,13,24,59,96,71,97" hai3="43,124,37,29,36,45,76,53,2,16,47,15,33"/><T48/><D123/><U118/><E118/><V44/><F71/><W57/><G2/><T1/><D125/><U88/><E34/><V131/><F72/><W32/><G124/><T6/><D108/><U134/><E109/><V23/><F110/><W78/><G47/><T69/><D69/><U111/><E111/><V42/><F3/><W65/><G65/><T86/><D67/><U31/><E31/><V27/><F27/><W62/><G37/><T98/><D1/><U129/><E129/><V74/><F74/><W102/><G102/><T11/><D98/><U40/><E40/><V128/><F59/><W94/><G94/><T17/><D41/><U66/><E134/><V56/><F56/><W122/><G122/><T60/><D60/><U130/><E130/><N who="2" m="49707" /><F107/><W26/><REACH who="3" step="1"/><G32/><REACH who="3" ten="250,250,250,240" step="2"/><T113/><D113/><U28/><E70/><V20/><F46/><W19/><G19/><T119/><D119/><U81/><E112/><V132/><F132/><W61/><G61/><T93/><D17/><U49/><E64/><V127/><F127/><W75/><G75/><T116/><D116/><U106/><E66/><V104/><F104/><W80/><G80/><N who="0" m="45103" /><D6/><U100/><E106/><V99/><F7/><W135/><G135/><T38/><D38/><U55/><E100/><V12/><F44/><W92/><G92/><T114/><D114/><U25/><E25/><N who="2" m="16679" /><F42/><W101/><G101/><T117/><D117/><U87/><E28/><AGARI ba="0,1" hai="12,13,23,24,28,96,97,99" m="16679,49707" machi="28" ten="30,1000,0" yaku="19,1" doraHai="103" who="2" fromWho="1" sc="250,0,250,-10,250,20,240,0" /><INIT seed="1,0,0,0,5,70" ten="250,240,270,240" oya="1" hai0="71,74,116,95,77,32,44,22,79,47,43,114,51" hai1="29,135,30,21,59,20,73,82,80,103,94,18,52" hai2="111,13,53,9,3,58,4,105,96,115,106,127,119" hai3="0,88,11,125,45,39,98,83,109,92,69,60,46"/><U99/><E135/><V62/><F119/><W122/><G109/><T31/><D71/><U37/><E37/><V108/><F127/><W14/><G122/><T64/><D116/><U35/><E35/><V72/><F72/><W124/><G0/><T55/><D114/><U104/><E104/><V84/><F115/><W1/><G1/><T38/><D64/><U123/><E123/><V19/><F84/><W40/><G45/><T63/><D63/><U5/><E5/><V67/><F67/><W12/><G83/><N who="1" m="31786" /><E73/><V134/><F134/><W57/><G69/><T112/><D112/><U102/><E102/><V17/><F17/><W68/><G68/><T16/><D74/><U86/><E86/><V54/><F54/><W93/><G92/><T8/><D8/><U87/><E87/><V56/><F56/><W2/><G2/><T6/><D6/><U65/><E65/><V130/><F130/><W118/><G118/><T24/><REACH who="0" step="1"/><D95/><REACH who="0" ten="240,240,270,240" step="2"/><U132/><E132/><V89/><F108/><W42/><G11/><T129/><D129/><U78/><E78/><V101/><F111/><W117/><G117/><T128/><D128/><U107/><E107/><V133/><F133/><W50/><G125/><T110/><D110/><U61/><E21/><N who="2" m="11503" /><F106/><W25/><G124/><T49/><D49/><U48/><E48/><V76/><F76/><W131/><G131/><T15/><AGARI ba="0,1" hai="15,16,22,24,31,32,38,43,44,47,51,55,77,79" machi="15" ten="20,12000,2" yaku="1,1,0,1,7,1,52,1,54,1,53,1" doraHai="70" doraHaiUra="36" who="0" fromWho="0" sc="240,130,240,-60,270,-30,240,-30" /><INIT seed="2,0,0,5,1,104" ten="370,180,240,210" oya="2" hai0="67,15,130,87,63,121,10,101,8,39,80,72,128" hai1="93,13,127,126,14,4,117,55,116,77,78,17,114" hai2="24,52,70,109,45,22,16,74,125,120,54,75,61" hai3="69,35,110,7,64,90,129,27,49,32,48,53,111"/><V21/><F120/><W6/><G129/><T65/><D121/><U134/><E114/><V81/><F125/><N who="1" m="47625" /><E93/><V38/><F109/><N who="3" m="41483" /><G90/><T0/><D39/><U133/><E4/><N who="3" m="1578" /><G27/><T102/><D0/><U83/><E55/><V123/><F123/><W37/><G37/><T47/><D47/><U115/><E115/><V60/><F81/><W94/><G94/><T41/><D80/><U100/><E100/><V96/><F96/><W76/><G76/><N who="1" m="29290" /><E83/><V85/><F85/><W135/><G135/><N who="1" m="51722" /><E17/><V119/><F54/><W91/><G91/><T107/><D87/><U95/><E95/><V84/><F84/><W51/><G53/><T34/><D102/><U97/><E97/><V18/><F52/><W56/><G56/><T46/><D101/><U29/><E29/><V89/><F18/><W71/><G64/><T108/><D67/><U118/><AGARI ba="0,0" hai="13,14,116,117,118" m="51722,29290,47625" machi="118" ten="40,8000,1" yaku="28,2,18,1,20,1" doraHai="104" who="1" fromWho="1" sc="370,-20,180,80,240,-40,210,-20" /><INIT seed="3,0,0,0,2,135" ten="350,260,200,190" oya="3" hai0="58,107,16,111,125,61,59,71,31,91,56,40,70" hai1="30,4,109,67,22,57,95,127,52,46,99,18,86" hai2="74,63,81,75,133,15,23,10,105,41,101,72,114" hai3="102,48,113,20,79,25,6,78,104,100,39,112,83"/><W12/><G39/><T33/><D125/><U96/><E127/><V115/><F133/><W29/><G79/><T66/><D91/><U53/><E109/><V19/><F81/><W42/><G104/><T38/><D16/><U98/><E4/><V50/><F63/><W128/><G128/><T118/><D107/><U0/><E0/><V32/><F32/><W11/><G113/><T8/><D8/><U60/><E30/><V123/><F123/><W2/><G112/><T36/><D33/><U28/><E28/><V76/><F76/><W129/><G129/><T7/><D7/><U122/><E122/><V92/><F105/><W103/><G2/><T121/><D31/><U88/><E46/><V45/><REACH who="2" step="1"/><F10/><REACH who="2" ten="350,260,190,190" step="2"/><W17/><G48/><T87/><D121/><U132/><E132/><V82/><F82/><W34/><G42/><T84/><D40/><U35/><E35/><V13/><F13/><AGARI ba="0,1" hai="13,18,22,52,53,57,60,67,86,88,95,96,98,99" machi="13" ten="40,5200,0" yaku="8,1,54,2" doraHai="135" who="1" fromWho="2" sc="350,0,260,62,190,-52,190,0" owari="350,45.0,322,12.2,138,-36.2,190,-21.0" /></mjloggm>