<mjloggm ver="2.3"><GO type="225" lobby="0"/><UN n0="%E7%AD%89%E3%80%85%E5%8A%9B%E5%8A%87%E5%A0%B4" n1="%E6%A1%9C%E8%8A%B1%E9%96%83%E3%80%85" n2="%6D%75%75%6D%75%72%61" n3="%E7%B4%94%E6%BD%94%E3%83%94%E3%83%A9%E3%83%8B%E3%82%A2" dan="16,17,16,18" rate="2149.51,2155.73,2125.80,2294.40" sx="M,M,F,M"/><TAIKYOKU oya="0"/><INIT seed="0,0,0,2,0,90" ten="250,250,250,250" oya="0" hai0="4,112,23,39,57,94,128,96,74,1,0,70,62" hai1="102,92,53,20,108,93,37,76,16,49,19,47,109" hai2="98,41,107,59,32,42,71,87,68,7,131,67,31" hai3="121,25,129,82,124,117,14,8,64,115,63,134,72"/><T114/><D74/><U15/><E76/><V123/><F123/><W125/><G121/><T43/><D70/><U78/><E78/><V83/><F131/><W105/><G105/><T113/><D128/><U35/><E35/><V12/><F59/><W110/><G129/><T46/><D4/><U51/><E37/><V55/><F55/><W34/><G117/><T73/><D73/><U127/><E127/><N who="3" m="48714" /><G115/><T13/><D13/><N who="1" m="9231" /><E102/><V118/><F118/><W26/><G34/><T99/><D99/><U60/><E60/><V28/><F7/><N who="3" m="3359" /><G110/><N who="1" m="42602" /><E51/><V66/><F12/><W24/><G72/><T100/><REACH who="0" step="1"/><D23/><AGARI ba="0,0" hai="15,19,23,47,49,53,92,93" m="42602,9231" machi="23" ten="30,7700,0" yaku="14,1,52,2,54,1" doraHai="90" who="1" fromWho="0" sc="250,-77,250,77,250,0,250,0" /><INIT seed="1,0,0,4,1,89" ten="173,327,250,250" oya="1" hai0="128,116,19,82,18,111,74,53,125,49,42,65,122" hai1="57,87,75,59,20,41,71,67,107,113,63,81,28" hai2="62,109,117,133,5,2,50,108,99,51,29,79,114" hai3="39,0,112,90,110,118,106,96,68,76,105,131,35"/><U47/><E113/><V66/><F117/><W94/><RYUUKYOKU type="yao9" ba="0,0" sc="173,0,327,0,250,0,250,0" hai3="0,35,39,68,76,90,94,96,105,106,110,112,118,131" /><INIT seed="1,1,0,0,5,35" ten="173,327,250,250" oya="1" hai0="57,92,68,18,110,125,40,58,12,23,9,70,90" hai1="43,50,10,119,132,77,17,26,123,91,7,100,83" hai2="62,107,128,78,126,95,94,124,134,65,25,108,8" hai3="69,41,82,16,22,118,105,133,114,130,6,122,115"/><U4/><E119/><V74/><F107/><W60/><G105/><T121/><D110/><U19/><E123/><V129/><F108/><W113/><G122/><T80/><D121/><U3/><E132/><V109/><F109/><W61/><G133/><T81/><D125/><N who="2" m="48234" /><F134/><W5/><G118/><T112/><D112/><U27/><E100/><V20/><F8/><W0/><G130/><N who="2" m="50281" /><F78/><W71/><G41/><T67/><D40/><U46/><E91/><V102/><F74/><W85/><G69/><T96/><D70/><U2/><E4/><V72/><F72/><W59/><G71/><T64/><D68/><U38/><E50/><V30/><F102/><W33/><G33/><T34/><D34/><U21/><E2/><V15/><F15/><W51/><G51/><T117/><D117/><U37/><E37/><V1/><F1/><W86/><G61/><T47/><D47/><U87/><REACH who="1" step="1"/><E26/><REACH who="1" ten="173,317,250,250" step="2"/><V39/><F39/><W88/><G0/><T13/><D90/><U135/><E135/><V36/><F36/><W79/><G79/><T98/><D13/><U49/><E49/><V28/><F28/><AGARI ba="1,1" hai="3,7,10,17,19,21,27,28,38,43,46,77,83,87" machi="28" ten="30,5800,0" yaku="1,1,7,1,52,1,53,0" doraHai="35" doraHaiUra="48" who="1" fromWho="2" sc="173,0,317,71,250,-61,250,0" /><INIT seed="1,2,0,0,3,87" ten="173,388,189,250" oya="1" hai0="6,129,83,24,67,92,43,86,7,131,68,88,130" hai1="125,45,84,5,134,109,36,73,55,3,51,71,112" hai2="27,39,33,31,78,25,64,22,14,135,128,126,94" hai3="132,52,118,121,30,89,114,76,107,56,11,123,1"/><U13/><E112/><V117/><F117/><W20/><G107/><T48/><D24/><U70/><E73/><V18/><F39/><W101/><G101/><T44/><D67/><U50/><E3/><V29/><F126/><W0/><G76/><T10/><D68/><U59/><E125/><V82/><F128/><W104/><G104/><T12/><D83/><U62/><E13/><V60/><F135/><W81/><G132/><T72/><REACH who="0" step="1"/><D72/><REACH who="0" ten="163,388,189,250" step="2"/><U37/><E134/><V97/><F82/><W41/><G81/><T80/><D80/><U28/><E70/><V49/><F78/><W21/><G114/><T53/><D53/><U66/><E55/><V95/><F49/><W69/><G69/><T133/><D133/><U17/><E51/><V110/><F110/><W98/><G52/><T40/><D40/><U42/><E71/><V93/><F64/><W111/><G41/><T8/><D8/><U58/><E66/><V113/><F113/><W74/><G74/><T9/><D9/><U26/><E26/><V54/><F54/><W103/><G11/><T120/><D120/><U102/><E109/><V57/><F57/><W16/><G56/><T100/><D100/><U46/><E102/><V124/><F124/><W96/><G111/><T15/><D15/><U106/><E58/><V122/><F122/><W75/><G75/><T91/><D91/><U119/><E50/><V2/><F2/><W99/><G103/><T90/><D90/><U19/><E59/><V61/><F97/><W34/><G99/><T115/><D115/><U65/><E65/><V4/><F4/><AGARI ba="2,1" hai="4,6,7,10,12,43,44,48,86,88,92,129,130,131" machi="4" ten="40,8000,1" yaku="1,1,6,1,19,1,52,1,54,1,53,0" doraHai="87" doraHaiUra="105" who="0" fromWho="2" sc="163,96,388,0,189,-86,250,0" /><INIT seed="2,0,0,1,1,43" ten="259,388,103,250" oya="2" hai0="71,46,3,135,84,89,62,132,111,7,88,6,30" hai1="1,25,21,123,87,105,103,91,94,72,16,100,118" hai2="39,35,34,29,126,11,104,37,70,114,47,97,107" hai3="60,24,128,81,54,18,36,78,19,59,83,117,98"/><V116/><F114/><W130/><G117/><T68/><D30/><U42/><E118/><V79/><F116/><W56/><G36/><T76/><D76/><U134/><E134/><V33/><F126/><W0/><G0/><T2/><D84/><U85/><E72/><V74/><F70/><W8/><G8/><T31/><D31/><U5/><E123/><V112/><F112/><W102/><G59/><T41/><D41/><U23/><E42/><V65/><F65/><W32/><G32/><T106/><D106/><U67/><E67/><V14/><F29/><W101/><G81/><T90/><D90/><N who="1" m="53583" /><E1/><V110/><F110/><W57/><G57/><T115/><D62/><U15/><E105/><V92/><F104/><W13/><G24/><T9/><D9/><N who="1" m="4527" /><E23/><V63/><F63/><W64/><G64/><T113/><D111/><U44/><E44/><AGARI ba="0,0" hai="2,3,6,7,44,46,68,71,88,89,113,115,132,135" machi="44" ten="25,8000,1" yaku="22,2,52,2,54,1" doraHai="43" who="0" fromWho="1" sc="259,80,388,-80,103,0,250,0" /><INIT seed="3,0,0,5,2,10" ten="339,308,103,250" oya="3" hai0="63,101,126,119,69,1,24,19,123,91,87,95,93" hai1="22,32,67,129,53,108,105,30,114,77,99,51,107" hai2="61,116,25,0,132,41,115,121,113,47,34,122,85" hai3="6,49,83,64,86,26,38,66,39,90,73,45,135"/><W50/><G135/><T56/><D119/><U2/><E114/><V55/><F132/><W62/><G73/><T36/><D123/><U46/><E32/><V35/><F25/><W128/><G128/><T94/><D36/><U70/><E2/><V97/><F85/><W104/><G104/><T37/><D37/><U14/><E129/><V125/><F0/><W58/><G66/><T102/><D1/><U33/><E108/><V124/><F97/><W23/><G6/><T48/><D69/><U15/><E77/><V21/><F21/><W9/><G9/><T28/><D126/><U44/><E44/><V4/><F4/><W68/><G68/><T43/><D19/><U74/><E22/><V18/><F18/><W7/><G7/><T130/><D130/><U112/><E112/><V76/><F76/><W127/><G49/><T72/><D72/><U134/><E74/><V17/><F17/><W8/><G8/><T80/><D48/><U82/><E82/><V133/><F133/><W98/><G98/><T5/><D43/><U29/><E134/><V88/><F47/><W11/><G11/><T109/><D109/><U42/><E42/><V103/><F41/><W78/><G127/><T40/><D40/><U118/><E118/><V79/><F79/><W110/><G110/><T75/><D5/><U89/><E105/><V106/><F116/><W131/><G78/><T100/><D75/><U120/><E107/><V31/><F106/><W52/><G131/><T71/><D24/><U65/><E99/><V81/><F124/><W111/><G111/><T3/><D3/><RYUUKYOKU ba="0,0" sc="339,-10,308,-10,103,-10,250,30" hai3="23,26,38,39,45,50,52,58,62,64,83,86,90" /><INIT seed="3,1,0,1,0,116" ten="329,298,93,280" oya="3" hai0="24,61,39,96,62,60,2,64,118,90,127,16,69" hai1="40,93,89,70,31,111,94,107,135,34,22,41,106" hai2="131,91,134,33,66,126,101,104,6,58,42,87,10" hai3="129,132,37,82,105,45,12,72,28,79,108,121,3"/><W35/><RYUUKYOKU type="yao9" ba="1,0" sc="329,0,298,0,93,0,280,0" hai3="3,12,28,35,37,45,72,79,82,105,108,121,129,132" /><INIT seed="3,2,0,2,4,39" ten="329,298,93,280" oya="3" hai0="29,26,69,129,44,13,74,118,125,24,28,89,34" hai1="105,84,132,4,102,83,114,78,107,48,23,53,10" hai2="15,57,63,21,76,16,121,40,45,46,47,109,27" hai3="124,14,6,86,5,54,37,71,42,31,90,113,116"/><W75/><G75/><T12/><D69/><U126/><E114/><V8/><F109/><W133/><G113/><T9/><D118/><U95/><E126/><V17/><F121/><W52/><G124/><T108/><D125/><U55/><E132/><V79/><F79/><W38/><G116/><T11/><D74/><U0/><E23/><V128/><F76/><W59/><G71/><T91/><D44/><U99/><REACH who="1" step="1"/><E55/><REACH who="1" ten="329,288,93,280" step="2"/><V104/><F104/><W112/><G133/><T7/><D108/><U80/><E80/><V19/><F128/><W18/><G112/><T115/><D129/><U62/><E62/><V131/><F131/><W58/><G31/><T110/><D110/><U101/><E101/><V96/><F96/><W2/><G2/><T66/><D115/><U61/><E61/><V127/><F127/><W119/><G119/><T117/><D117/><U85/><E85/><V64/><REACH who="2" step="1"/><F19/><REACH who="2" ten="329,288,83,280" step="2"/><W3/><G18/><T35/><D66/><U49/><E49/><AGARI ba="2,2" hai="8,15,16,17,21,27,40,45,46,47,49,57,63,64" machi="49" ten="30,12000,2" yaku="1,1,2,1,7,1,8,1,52,1,54,1,53,0" doraHai="39" doraHaiUra="25" who="2" fromWho="1" sc="329,0,288,-126,83,146,280,0" owari="329,42.9,162,-33.8,229,-17.1,280,8.0" /></mjloggm>