<mjloggm ver="2.3"><GO type="225" lobby="0"/><UN n0="%E3%81%BF%E3%82%84%E3%81%93%E3%82%93%EF%BC%91%EF%BC%90%E6%AD%B3" n1="%73%61%6E%64%69%72%69%73" n2="%E3%83%A9%E3%82%B9%E7%8E%87%EF%BC%93%E5%89%B2" n3="%72%69%6F%75%63%68%61%6E" dan="16,16,16,16" rate="2071.64,2167.86,2105.22,2144.59" sx="M,M,F,M"/><TAIKYOKU oya="0"/><INIT seed="0,0,0,0,5,27" ten="250,250,250,250" oya="0" hai0="61,22,98,85,51,1,68,128,134,108,2,0,57" hai1="103,105,26,24,109,124,6,94,83,97,126,86,77" hai2="89,78,32,36,47,125,93,121,39,113,69,87,131" hai3="107,42,132,66,111,60,53,80,70,112,106,35,64"/><T4/><D128/><U129/><E129/><V71/><F131/><W8/><G111/><T82/><D134/><U117/><E117/><V88/><F121/><W5/><G132/><T33/><D33/><U63/><E109/><V120/><F120/><W12/><G112/><T37/><D37/><U55/><E6/><V135/><F135/><W16/><G35/><T130/><D130/><U62/><E105/><V92/><F78/><W23/><G64/><T65/><D108/><U50/><E124/><V56/><F113/><W91/><G42/><T18/><D98/><U25/><REACH who="1" step="1"/><E126/><REACH who="1" ten="250,240,250,250" step="2"/><V76/><F125/><W31/><G107/><T123/><D4/><U54/><E54/><V95/><F39/><W72/><G106/><T104/><D104/><U28/><E28/><V59/><F36/><W119/><G119/><T40/><D123/><U90/><E90/><V100/><F89/><W17/><G91/><N who="0" m="51639" /><D40/><U44/><AGARI ba="0,1" hai="24,25,26,44,50,55,62,63,77,83,86,94,97,103" machi="44" ten="30,7900,0" yaku="1,1,0,1,8,1,53,1" doraHai="27" doraHaiUra="48" who="1" fromWho="1" sc="250,-39,240,89,250,-20,250,-20" /><INIT seed="1,0,0,5,5,131" ten="211,329,230,230" oya="1" hai0="91,85,36,5,40,6,41,50,76,57,94,113,17" hai1="59,14,51,133,125,9,112,30,123,68,52,18,24" hai2="10,110,107,82,35,74,23,121,56,98,4,44,2" hai3="55,7,100,75,83,31,37,130,86,108,124,95,73"/><U47/><E112/><V43/><F121/><W39/><G130/><T129/><D113/><U8/><E123/><V25/><F56/><W103/><G108/><T45/><D129/><U111/><E68/><V26/><F110/><W116/><G124/><T102/><D102/><U49/><E111/><V19/><F98/><W28/><G116/><T80/><D17/><U128/><E128/><V63/><F63/><W77/><G7/><T70/><D70/><U114/><E125/><V42/><F107/><W97/><G103/><T46/><REACH who="0" step="1"/><D57/><REACH who="0" ten="201,329,230,230" step="2"/><U21/><E114/><V117/><F117/><W65/><G28/><T135/><D135/><U60/><E133/><V122/><F122/><W101/><G31/><T33/><D33/><U22/><REACH who="1" step="1"/><E51/><REACH who="1" ten="201,319,230,230" step="2"/><V109/><F109/><W120/><G120/><T96/><AGARI ba="0,2" hai="5,6,36,40,41,45,46,50,76,80,85,91,94,96" machi="96" ten="20,5200,0" yaku="1,1,0,1,7,1,53,1" doraHai="131" doraHaiUra="88" who="0" fromWho="0" sc="201,72,319,-26,230,-13,230,-13" /><INIT seed="2,0,0,2,1,124" ten="273,293,217,217" oya="2" hai0="13,109,123,105,4,3,111,37,41,29,104,102,1" hai1="90,78,71,43,16,31,56,21,135,107,129,83,99" hai2="32,10,89,125,72,54,100,77,110,121,59,94,36" hai3="118,96,39,23,67,116,8,88,92,19,132,134,101"/><V26/><F125/><W84/><G39/><T24/><D123/><U119/><E71/><V115/><F115/><W91/><G67/><T61/><D61/><U50/><E119/><N who="3" m="45610" /><G8/><T49/><D13/><U130/><E31/><V7/><F36/><W52/><G52/><T30/><D49/><U12/><E135/><N who="3" m="51754" /><G84/><T103/><D37/><U97/><E56/><V79/><F121/><W73/><G73/><T42/><D24/><AGARI ba="0,0" hai="19,23,24,88,91,92,96,101" m="51754,45610" machi="24" ten="30,2000,0" yaku="20,1,54,1" doraHai="124" who="3" fromWho="0" sc="273,-20,293,0,217,0,217,20" /><INIT seed="3,0,0,4,3,117" ten="253,293,217,237" oya="3" hai0="1,52,7,4,67,30,63,125,11,35,49,9,38" hai1="134,101,57,58,39,25,36,74,64,33,89,66,26" hai2="106,23,135,45,41,61,78,56,133,75,81,59,65" hai3="13,60,123,76,94,118,124,22,113,131,105,100,73"/><W44/><G123/><T77/><D125/><U119/><E74/><V128/><F106/><W95/><G113/><T109/><D109/><U120/><E89/><V18/><F128/><W80/><G118/><T24/><D77/><U112/><E101/><V104/><F104/><W21/><G124/><T43/><D43/><U5/><E5/><V72/><F59/><W99/><G131/><T6/><D38/><U14/><E14/><V3/><F3/><W79/><G76/><T0/><D7/><U12/><E12/><V51/><REACH who="2" step="1"/><F75/><REACH who="2" ten="253,293,207,237" step="2"/><W126/><G126/><T19/><D1/><U28/><E58/><V92/><F92/><W16/><G60/><T20/><D0/><U46/><E57/><V102/><F102/><W114/><G114/><T17/><D63/><U132/><E112/><V10/><F10/><W96/><G96/><T62/><D11/><U32/><E119/><V122/><F122/><W2/><G2/><T83/><D9/><U85/><E120/><V84/><F84/><W53/><REACH who="3" step="1"/><G22/><REACH who="3" ten="253,293,207,227" step="2"/><T121/><D20/><U107/><E33/><V8/><F8/><W54/><G54/><T37/><D121/><U127/><E32/><V15/><AGARI ba="0,2" hai="15,18,23,41,45,51,56,61,65,72,78,81,133,135" machi="15" ten="30,2000,0" yaku="1,1,0,1,53,0" doraHai="117" doraHaiUra="50" who="2" fromWho="2" sc="253,-5,293,-5,207,40,227,-10" /><INIT seed="4,0,0,1,5,11" ten="248,288,247,217" oya="0" hai0="3,71,98,95,74,0,96,20,78,64,91,25,51" hai1="49,56,100,86,68,40,69,36,55,113,54,66,114" hai2="82,102,105,23,77,29,112,76,115,133,14,97,63" hai3="61,79,9,65,12,107,52,43,90,46,124,104,31"/><T70/><D98/><U109/><E109/><V28/><F133/><W94/><G124/><T24/><D24/><U131/><E131/><V117/><F117/><W92/><G79/><T67/><D71/><U134/><E134/><V125/><F63/><W127/><G127/><T126/><D126/><U32/><E32/><V35/><F35/><W75/><G75/><T132/><D132/><U129/><E129/><V38/><F38/><W122/><G122/><T48/><D3/><U19/><E100/><V60/><F60/><W44/><G31/><T88/><D0/><U59/><E19/><N who="2" m="10743" /><F77/><W4/><G52/><T93/><D78/><U16/><E16/><V110/><F110/><W111/><G111/><T89/><D74/><U8/><E8/><V118/><F118/><W10/><G10/><T130/><D130/><U121/><E86/><N who="2" m="48455" /><F125/><W17/><G17/><N who="0" m="12431" /><D70/><N who="1" m="27243" /><E66/><N who="0" m="25129" /><D95/><U47/><E121/><V128/><F128/><W84/><G94/><T58/><D58/><U135/><E135/><V39/><F39/><W37/><REACH who="3" step="1"/><G46/><REACH who="3" ten="248,288,247,207" step="2"/><T30/><D30/><U1/><E47/><V116/><F116/><W7/><G7/><T123/><D123/><U42/><E55/><V2/><F29/><W108/><G108/><T87/><D87/><U81/><E54/><V45/><F45/><W26/><G26/><T15/><D93/><U6/><E6/><V106/><F28/><W53/><G53/><T50/><D96/><U41/><E41/><V85/><F85/><W119/><G119/><T99/><D99/><U27/><E42/><V21/><F97/><W57/><AGARI ba="0,1" hai="4,9,12,37,43,44,57,61,65,84,90,92,104,107" machi="57" ten="20,5200,0" yaku="1,1,0,1,7,1,52,1,53,0" doraHai="11" doraHaiUra="13" who="3" fromWho="3" sc="248,-26,288,-13,247,-13,207,62" /><INIT seed="5,0,0,5,3,131" ten="222,275,234,269" oya="1" hai0="52,108,111,58,112,93,96,117,56,97,75,40,86" hai1="20,67,74,39,120,125,23,113,61,26,106,115,6" hai2="43,71,55,135,100,53,99,0,37,94,21,121,127" hai3="116,46,27,32,77,31,42,105,76,87,35,45,15"/><U114/><E120/><V14/><F0/><W5/><G105/><T63/><D75/><U73/><E106/><V25/><F71/><W72/><G72/><T128/><D117/><U16/><E125/><V7/><F121/><W50/><G116/><T79/><D128/><U62/><E39/><V34/><F127/><W122/><G122/><T124/><D124/><U98/><E6/><V9/><F34/><W126/><G126/><T11/><D40/><U10/><E10/><V101/><F135/><W95/><G32/><T66/><D112/><U24/><E98/><V91/><F43/><W89/><REACH who="3" step="1"/><G45/><REACH who="3" ten="222,275,234,259" step="2"/><T90/><D11/><AGARI ba="0,1" hai="5,11,15,27,31,35,42,46,50,76,77,87,89,95" machi="11" ten="40,2600,0" yaku="1,1,2,1,53,0" doraHai="131" doraHaiUra="65" who="3" fromWho="0" sc="222,-26,275,0,234,0,259,36" /><INIT seed="6,0,0,4,0,40" ten="196,275,234,295" oya="2" hai0="132,0,111,43,1,101,54,71,117,90,77,2,79" hai1="42,84,62,97,98,92,72,118,122,26,89,29,27" hai2="66,70,88,123,64,130,134,25,36,44,68,58,129" hai3="106,33,7,51,31,108,87,78,131,52,73,114,32"/><V69/><F25/><W128/><G114/><T57/><D111/><U94/><E118/><V47/><F123/><W13/><G108/><T19/><D71/><U126/><E72/><V4/><F36/><W17/><G106/><T61/><D117/><U99/><E126/><V41/><F41/><W120/><G120/><T100/><D132/><U83/><E122/><V45/><F134/><W21/><G73/><T23/><D90/><U82/><E42/><V8/><F88/><W112/><G112/><T34/><D34/><U14/><E83/><V39/><F39/><W125/><G125/><T116/><D116/><U9/><E62/><V107/><F107/><W105/><G105/><T85/><D43/><U24/><REACH who="1" step="1"/><E29/><REACH who="1" ten="196,265,234,295" step="2"/><V63/><REACH who="2" step="1"/><F66/><REACH who="2" ten="196,265,224,295" step="2"/><W121/><G121/><T10/><D10/><U16/><AGARI ba="0,2" hai="9,14,16,24,26,27,82,84,89,92,94,97,98,99" machi="16" ten="30,16000,3" yaku="1,1,2,1,0,1,8,1,54,1,53,3" doraHai="40" doraHaiUra="95" who="1" fromWho="1" sc="196,-40,265,180,224,-80,295,-40" owari="156,-24.4,445,54.5,144,-35.6,255,5.5" /></mjloggm>