<mjloggm ver="2.3"><GO type="225" lobby="0"/><UN n0="%E7%AB%8B%E8%8A%B1%E9%9F%BF" n1="%E3%82%B2%E3%82%B9%E8%8C%82%E5%8B%9D" n2="%E3%83%97%E3%83%AC%E3%83%B4%E3%82%A1%E3%83%86%E3%82%A3" n3="%48%61%61%61%6C%61%6E%64" dan="17,16,16,18" rate="2154.35,2074.52,2098.39,2217.26" sx="F,F,F,M"/><TAIKYOKU oya="0"/><INIT seed="0,0,0,5,2,15" ten="250,250,250,250" oya="0" hai0="113,9,129,42,99,7,87,34,68,95,51,111,128" hai1="78,106,14,118,91,125,103,105,133,77,59,116,8" hai2="110,94,67,60,74,119,33,121,30,98,123,6,35" hai3="135,2,71,1,13,5,21,0,75,80,122,108,18"/><T89/><D113/><U83/><E133/><V96/><F74/><W63/><G135/><T70/><D34/><U115/><E125/><V52/><F110/><W93/><G108/><T72/><D72/><U82/><E59/><V43/><F43/><W97/><G122/><T92/><D111/><U90/><E14/><V17/><F6/><W101/><G5/><T104/><D104/><U69/><E8/><V29/><F119/><W23/><G23/><T54/><D42/><U20/><E20/><V25/><F67/><W62/><REACH who="3" step="1"/><G71/><REACH who="3" ten="250,250,250,240" step="2"/><T126/><D126/><U61/><E69/><V114/><F114/><W10/><G10/><T73/><D73/><U27/><E27/><V76/><F35/><W57/><G57/><T81/><D70/><U85/><E115/><V79/><F33/><W88/><G88/><T109/><D68/><U50/><E103/><N who="2" m="60823" /><F123/><W127/><G127/><T53/><D109/><U24/><E24/><V130/><F121/><W132/><G132/><T40/><D9/><U39/><E116/><V44/><F130/><W49/><G49/><T4/><D128/><U55/><E118/><V120/><F120/><W86/><G86/><T131/><D131/><U45/><E39/><V107/><F98/><W32/><G32/><T112/><D112/><U66/><E90/><V19/><F25/><W12/><G12/><T84/><D129/><U56/><E91/><V65/><F79/><AGARI ba="0,1" hai="0,1,2,13,18,21,62,63,75,79,80,93,97,101" machi="79" ten="40,2600,0" yaku="1,1,52,1,53,0" doraHai="15" doraHaiUra="31" who="3" fromWho="2" sc="250,0,250,0,250,-26,240,36" /><INIT seed="1,0,0,2,3,50" ten="250,250,224,276" oya="1" hai0="130,15,14,11,19,55,106,70,125,118,101,88,73" hai1="116,100,16,115,7,69,105,63,113,42,51,131,67" hai2="23,33,80,62,64,56,0,126,2,89,117,52,134" hai3="93,10,13,127,35,123,133,31,109,104,1,27,34"/><U17/><E131/><V102/><F33/><W61/><G104/><T9/><D118/><U53/><E42/><V5/><F117/><W28/><G123/><T124/><D73/><U90/><E116/><V120/><F120/><W85/><G109/><T79/><D79/><U12/><E7/><V4/><F126/><N who="0" m="48746" /><D70/><U29/><E29/><V57/><F134/><W96/><G127/><T41/><D41/><U119/><E119/><V24/><F102/><W99/><G1/><T132/><D130/><U21/><E90/><V87/><F0/><W48/><G133/><T37/><D37/><U43/><E43/><V71/><F71/><W91/><G48/><T75/><D75/><U25/><E100/><V38/><F38/><W68/><G68/><T44/><D132/><U94/><E94/><V95/><F80/><W103/><G61/><T83/><D101/><U36/><E105/><V84/><F84/><W92/><G85/><N who="0" m="50239" /><D106/><U32/><E36/><V107/><F2/><W22/><G31/><T65/><D65/><U6/><E32/><V82/><F82/><W110/><G110/><T98/><D98/><U122/><E122/><V81/><F81/><W114/><G114/><T86/><D86/><U111/><E111/><V129/><F107/><W77/><G77/><T60/><D44/><N who="1" m="27879" /><E113/><V8/><F129/><W108/><G108/><T76/><D76/><U66/><E115/><V30/><F8/><N who="0" m="3146" /><D19/><AGARI ba="0,0" hai="10,13,19,22,27,28,34,35,91,92,93,96,99,103" machi="19" ten="30,1000,0" yaku="7,1" doraHai="50" who="3" fromWho="0" sc="250,-10,250,0,224,0,276,10" /><INIT seed="2,0,0,3,1,6" ten="240,250,224,286" oya="2" hai0="64,37,68,39,23,111,98,62,110,83,94,0,115" hai1="48,134,32,67,29,97,5,57,87,117,129,54,114" hai2="13,78,61,47,125,42,124,112,36,88,135,80,19" hai3="52,34,17,12,18,43,56,73,40,106,86,127,121"/><V30/><F112/><W4/><G73/><T79/><D0/><U95/><E114/><V91/><F135/><W21/><G121/><T63/><D63/><U109/><E134/><V102/><F30/><W66/><G34/><T85/><D23/><U38/><E38/><V126/><F61/><W132/><G132/><T108/><REACH who="0" step="1"/><D115/><REACH who="0" ten="230,250,224,286" step="2"/><U60/><E60/><V24/><F24/><W118/><G21/><T75/><D75/><U107/><E32/><V77/><F102/><AGARI ba="0,1" hai="37,39,62,64,68,79,83,85,94,98,102,108,110,111" machi="102" ten="40,2600,0" yaku="1,1,14,1,53,0" doraHai="6" doraHaiUra="35" who="0" fromWho="2" sc="230,36,250,0,224,-26,286,0" /><INIT seed="3,0,0,4,3,107" ten="266,250,198,286" oya="3" hai0="25,16,60,135,82,98,104,9,130,44,114,8,112" hai1="51,85,81,73,58,27,111,64,99,67,101,88,94" hai2="68,63,17,102,30,92,103,0,12,19,21,7,70" hai3="80,91,3,110,113,87,119,18,10,86,35,54,93"/><W39/><G113/><N who="0" m="43627" /><D135/><U109/><E27/><V34/><F19/><W6/><G119/><T59/><D130/><U69/><E69/><V106/><F63/><W100/><G110/><N who="1" m="41994" /><E51/><V128/><F128/><W127/><G127/><T47/><D82/><N who="1" m="49207" /><E58/><V13/><F13/><W122/><G122/><T132/><D132/><U75/><E81/><V131/><F131/><W1/><G35/><T15/><D25/><U115/><E115/><V22/><F22/><W32/><G32/><T134/><D8/><U49/><E49/><V76/><F106/><W61/><G39/><T31/><D31/><U38/><E38/><V124/><F124/><W24/><G24/><T45/><D134/><U84/><E84/><V48/><F76/><W126/><G126/><T65/><D47/><U108/><E108/><V125/><F125/><W89/><G10/><T36/><D36/><U62/><E62/><V77/><F77/><W55/><G61/><T20/><D9/><U96/><E99/><N who="2" m="59751" /><F48/><W116/><G86/><T28/><D28/><U4/><E4/><V78/><F78/><W120/><G87/><T129/><D129/><U133/><E133/><V105/><F34/><W2/><G80/><T29/><D29/><U117/><E117/><V26/><F0/><W118/><G116/><T14/><D15/><U83/><E83/><V43/><F7/><W50/><G118/><T72/><D44/><U11/><E11/><N who="2" m="6303" /><F43/><W52/><G6/><T97/><D45/><U95/><E95/><V66/><F66/><AGARI ba="0,0" hai="64,66,67,73,75,94,96,101" m="49207,41994" machi="66" ten="30,7700,0" yaku="14,1,52,2,54,1" doraHai="107" who="1" fromWho="2" sc="266,0,250,77,198,-77,286,0" owari="266,-13.4,327,42.7,121,-37.9,286,8.6" /></mjloggm>