<mjloggm ver="2.3"><GO type="225" lobby="0"/><UN n0="%E7%9C%BC%E7%A7%91%E5%8C%BB" n1="%E7%89%B9%E6%9D%B1%E3%81%AF%E4%B8%96%E7%95%8C%E3%82%92%E6%95%91%E3%81%86" n2="%E6%9D%B1%E9%A2%A8%E3%81%AE%E3%81%8D%E3%82%83%E3%81%B7%E3%81%95%E3%82%93" n3="%E6%81%A5%E6%99%92%E3%81%97" dan="16,16,16,16" rate="2083.67,2111.26,2162.16,2169.99" sx="M,M,M,M"/><TAIKYOKU oya="0"/><INIT seed="0,0,0,4,5,17" ten="250,250,250,250" oya="0" hai0="0,36,38,100,86,113,109,30,32,39,12,47,53" hai1="94,129,8,110,56,87,106,37,43,96,34,130,114" hai2="77,22,98,105,112,59,15,80,66,49,25,127,62" hai3="107,88,1,79,71,120,13,95,7,132,27,52,41"/><T26/><D0/><U20/><E34/><V61/><F112/><W65/><G107/><T89/><D113/><U69/><E69/><V126/><F15/><W48/><G132/><T134/><D134/><U117/><E114/><V85/><F49/><W33/><G120/><T4/><D100/><U6/><E117/><V103/><REACH who="2" step="1"/><F61/><REACH who="2" ten="250,250,240,250" step="2"/><W24/><G13/><T3/><D12/><U118/><E118/><V2/><F2/><W21/><G1/><T58/><D3/><U11/><E130/><V51/><F51/><W72/><G48/><T31/><D39/><U108/><E129/><V18/><AGARI ba="0,1" hai="18,22,25,59,62,66,77,80,85,98,103,105,126,127" machi="18" ten="30,4000,0" yaku="1,1,0,1,52,1,53,0" doraHai="17" doraHaiUra="67" who="2" fromWho="2" sc="250,-20,250,-10,240,50,250,-10" /><INIT seed="1,0,0,4,0,105" ten="230,240,290,240" oya="1" hai0="134,101,16,68,88,47,74,118,3,130,90,13,41" hai1="10,133,36,95,35,6,108,128,87,33,21,57,135" hai2="52,53,102,46,77,112,58,125,65,93,1,82,30" hai3="15,67,29,92,110,51,48,23,98,85,0,70,107"/><U60/><E36/><V34/><F1/><W109/><G0/><T40/><D118/><U76/><E128/><V124/><F112/><W119/><G119/><T79/><D3/><N who="1" m="351" /><E21/><V8/><F8/><W49/><G107/><T12/><D68/><U99/><E87/><V2/><F2/><W38/><G38/><T80/><D101/><N who="1" m="60671" /><E76/><V78/><F78/><W89/><G67/><T32/><D134/><N who="1" m="51211" /><E108/><N who="3" m="41578" /><G70/><T11/><D32/><U7/><E7/><V126/><F46/><W37/><G37/><T114/><D130/><U84/><E84/><V19/><F19/><N who="3" m="10751" /><G85/><T5/><D114/><U45/><E45/><V20/><F34/><W91/><G29/><T56/><D56/><U17/><E17/><V44/><F44/><W115/><G115/><T106/><D106/><U42/><E42/><V50/><F20/><W25/><G25/><T69/><D69/><U22/><E22/><V43/><F30/><W81/><G81/><T113/><D113/><U127/><E127/><V96/><F43/><W59/><G59/><T28/><D28/><U86/><E86/><V131/><F131/><W71/><G71/><T83/><D83/><U116/><E116/><V97/><F97/><W111/><N who="3" m="41586" /><W72/><DORA hai="100" /><G91/><T18/><D41/><U24/><E24/><V27/><F27/><W64/><G64/><AGARI ba="0,0" hai="33,35,57,60,64" m="51211,60671,351" machi="64" ten="30,1500,0" yaku="20,1" doraHai="105,100" who="1" fromWho="3" sc="230,0,240,15,290,0,240,-15" /><INIT seed="1,1,0,5,0,53" ten="230,255,290,225" oya="1" hai0="55,58,103,133,52,110,56,99,72,118,62,68,49" hai1="124,38,102,104,79,57,117,135,126,5,8,9,65" hai2="39,22,15,47,129,77,125,113,42,127,0,83,82" hai3="130,78,101,132,81,48,98,128,92,33,116,109,84"/><U32/><E117/><V12/><F0/><W121/><G33/><T34/><D118/><U89/><E38/><V112/><F129/><N who="3" m="49771" /><G116/><T93/><D72/><U111/><E32/><V45/><F45/><W4/><G4/><T59/><D34/><U10/><E135/><V31/><F31/><W94/><G48/><N who="0" m="30727" /><D110/><U23/><E79/><V123/><F123/><W25/><G25/><T85/><D133/><U60/><E111/><V106/><F106/><N who="3" m="63799" /><G132/><T46/><D68/><U50/><E23/><V43/><F43/><W2/><G2/><T134/><D134/><U27/><E27/><V95/><F95/><N who="3" m="36395" /><G109/><T13/><D13/><N who="2" m="5194" /><F22/><W61/><G61/><T24/><D24/><U64/><E50/><V30/><F30/><W86/><G121/><T76/><D62/><U90/><E64/><V69/><F69/><W54/><G54/><T73/><D73/><AGARI ba="1,0" hai="73,78,81,84,86" m="36395,63799,49771" machi="73" ten="30,3900,0" yaku="19,1,34,2" doraHai="53" who="3" fromWho="0" sc="230,-42,255,0,290,0,225,42" /><INIT seed="2,0,0,5,3,1" ten="188,255,290,267" oya="2" hai0="17,83,86,12,80,9,122,128,4,103,64,114,124" hai1="73,23,37,7,96,113,34,71,67,87,88,20,43" hai2="44,75,62,13,123,104,90,125,95,118,135,119,5" hai3="49,40,19,42,70,31,21,111,14,2,105,3,54"/><V106/><F123/><W22/><G111/><T107/><D114/><U133/><E113/><V50/><F75/><W63/><G105/><T35/><D122/><U69/><E34/><V76/><F76/><W78/><G78/><T18/><D35/><U132/><E73/><V100/><F62/><W41/><G70/><T121/><D121/><U46/><E96/><V110/><F135/><N who="1" m="51785" /><E7/><V134/><F125/><W25/><REACH who="3" step="1"/><G63/><REACH who="3" ten="188,255,290,257" step="2"/><T89/><D107/><U65/><E71/><V57/><F110/><W84/><G84/><T56/><D124/><U45/><E46/><AGARI ba="0,1" hai="2,3,14,19,21,22,25,31,40,41,42,46,49,54" machi="46" ten="40,1300,0" yaku="1,1,53,0" doraHai="1" doraHaiUra="92" who="3" fromWho="1" sc="188,0,255,-13,290,0,257,23" /><INIT seed="3,0,0,4,1,11" ten="188,242,290,280" oya="3" hai0="3,101,14,97,35,17,7,100,22,0,71,60,38" hai1="48,10,110,4,24,94,84,68,116,111,126,109,56" hai2="81,73,19,46,75,134,42,90,21,12,102,58,119" hai3="106,93,77,117,32,120,79,59,64,103,52,85,121"/><W76/><G32/><T72/><D38/><U62/><E126/><V83/><F119/><W5/><G117/><T40/><D40/><U69/><E116/><V55/><F134/><W16/><G106/><T57/><D72/><U61/><E48/><N who="2" m="26711" /><F73/><W107/><G107/><T9/><D71/><U2/><E24/><V86/><F75/><W99/><G5/><T88/><D35/><U53/><E61/><N who="2" m="36063" /><F102/><W123/><G64/><T135/><D0/><U108/><N who="1" m="27648" /><DORA hai="87" /><U25/><REACH who="1" step="1"/><E25/><REACH who="1" ten="188,232,290,280" step="2"/><V113/><F113/><W54/><G120/><T131/><D135/><U105/><E105/><V43/><F43/><W6/><G121/><T36/><D36/><U44/><E44/><V29/><F29/><W125/><G125/><T63/><D131/><U50/><E50/><V15/><F15/><W92/><G123/><T28/><D28/><U20/><E20/><V23/><F21/><W70/><G70/><T118/><D118/><U130/><E130/><V67/><F23/><W34/><G34/><T45/><D45/><U82/><E82/><V39/><F81/><W104/><G104/><T74/><D63/><U65/><E65/><V8/><F39/><W89/><G59/><T80/><D74/><U132/><E132/><V26/><F26/><W96/><G6/><T49/><D49/><U124/><E124/><V91/><F67/><W13/><G99/><T115/><D115/><U112/><E112/><V30/><F30/><W133/><G133/><T18/><D80/><U47/><E47/><V78/><AGARI ba="0,1" hai="8,12,19,78,83,86,90,91" m="36063,26711" machi="78" ten="30,7900,0" yaku="8,1,52,3" doraHai="11,87" who="2" fromWho="2" sc="188,-20,232,-20,290,89,280,-39" owari="168,-33.2,212,-18.8,379,47.9,241,4.1" /></mjloggm>