<mjloggm ver="2.3"><GO type="225" lobby="0"/><UN n0="%E3%81%9F%E3%81%93%E2%98%86%E7%84%BC%E3%81%8D" n1="%E8%90%BD%E6%97%A5" n2="%E3%81%8B%E3%82%8F%E3%81%A1%E3%82%83%E3%82%93%35%38" n3="%E3%82%AF%E3%82%A3%E3%82%A6" dan="16,19,16,16" rate="2076.78,2231.74,2131.54,2128.39" sx="M,F,M,M"/><TAIKYOKU oya="0"/><INIT seed="0,0,0,3,0,35" ten="250,250,250,250" oya="0" hai0="36,0,19,84,7,97,104,33,14,52,98,123,93" hai1="109,94,64,4,51,46,112,76,120,71,63,89,12" hai2="106,67,85,49,134,75,23,69,3,101,54,37,82" hai3="31,132,50,72,1,26,124,96,18,13,79,121,130"/><T129/><D36/><U114/><E120/><V24/><F37/><W25/><G121/><T55/><D33/><U22/><E76/><V95/><F134/><W90/><G124/><T32/><D32/><U125/><E109/><V20/><F106/><W8/><G132/><T135/><D123/><U10/><E22/><V74/><F3/><W133/><G130/><T5/><D135/><U108/><E125/><V6/><F6/><N who="0" m="2058" /><D0/><U77/><E77/><V61/><F95/><W17/><G133/><T48/><D104/><U29/><E29/><V27/><F101/><W15/><G72/><T57/><D129/><U102/><E102/><V127/><F127/><W131/><G79/><T116/><D116/><U86/><REACH who="1" step="1"/><E108/><REACH who="1" ten="250,240,250,250" step="2"/><V58/><F20/><W118/><G131/><T113/><D113/><U88/><E88/><V73/><F23/><W110/><G110/><T83/><D93/><U103/><E103/><V56/><F24/><W81/><G118/><T68/><D68/><U11/><E11/><V78/><F27/><W41/><G1/><T44/><D83/><U59/><E59/><V128/><F128/><W62/><G31/><T9/><D84/><U126/><E126/><V100/><F100/><W42/><G8/><T43/><D98/><U47/><E47/><V119/><F119/><W117/><G117/><T39/><D97/><U40/><AGARI ba="0,1" hai="4,10,12,40,46,51,63,64,71,86,89,94,112,114" machi="40" ten="30,4000,0" yaku="1,1,0,1,53,1" doraHai="35" doraHaiUra="87" who="1" fromWho="1" sc="250,-20,240,50,250,-10,250,-10" /><INIT seed="1,0,0,2,3,50" ten="230,290,240,240" oya="1" hai0="135,95,1,126,117,14,13,90,35,39,61,79,47" hai1="103,5,100,37,71,54,104,102,75,2,26,62,112" hai2="105,72,12,67,128,125,129,15,56,7,40,101,119" hai3="24,84,36,29,91,109,9,66,22,33,82,96,124"/><U88/><E112/><V121/><F119/><W123/><G123/><T89/><D1/><U43/><E75/><V42/><F121/><W107/><G124/><T57/><D35/><U63/><E104/><V115/><F72/><W94/><G109/><T113/><D79/><U86/><E37/><V65/><F125/><W0/><G36/><T116/><D113/><U31/><E43/><V78/><F78/><W93/><G33/><T64/><D135/><U83/><E71/><V48/><F101/><W16/><G66/><T58/><D126/><U4/><E2/><V59/><F48/><W73/><G73/><T127/><D127/><U85/><E86/><V23/><F23/><W120/><G120/><T69/><D47/><U97/><E97/><V20/><F20/><W55/><G107/><T131/><D39/><U134/><E134/><V76/><F76/><N who="3" m="46151" /><G0/><T18/><D13/><U38/><E38/><V130/><F105/><W10/><G29/><T11/><D131/><U27/><E63/><N who="2" m="38119" /><F115/><W132/><G132/><T41/><D41/><N who="2" m="15978" /><F7/><N who="1" m="2633" /><E31/><V106/><F106/><W6/><G6/><T77/><D77/><U60/><E60/><AGARI ba="0,0" hai="12,15,59,60,67,128,129,130" m="15978,38119" machi="60" ten="40,1300,0" yaku="19,1" doraHai="50" who="2" fromWho="1" sc="230,0,290,-13,240,13,240,0" /><INIT seed="2,0,0,0,3,35" ten="230,277,253,240" oya="2" hai0="2,59,89,47,95,112,42,15,44,66,70,12,56" hai1="18,52,90,94,69,50,27,118,96,32,24,43,67" hai2="126,119,85,39,30,61,16,53,105,135,86,130,28" hai3="3,64,133,4,29,51,117,57,114,101,100,75,26"/><V128/><F119/><W124/><G117/><T19/><D112/><U76/><E118/><V131/><F126/><W109/><G114/><T33/><D33/><U108/><E108/><V8/><F105/><W120/><G120/><T103/><D103/><U111/><E111/><V21/><F39/><W46/><G109/><T84/><D70/><U104/><E43/><V92/><F8/><W36/><G75/><T102/><D102/><U62/><E104/><V22/><F135/><W25/><G124/><T87/><D66/><U74/><E32/><V5/><F5/><W97/><G133/><T129/><D42/><U122/><E122/><V65/><F53/><N who="3" m="29943" /><G36/><T123/><D95/><U1/><E1/><V72/><F72/><W88/><G3/><T10/><D10/><U23/><E74/><V55/><F55/><W83/><G4/><T11/><D11/><U79/><REACH who="1" step="1"/><E27/><REACH who="1" ten="230,267,253,240" step="2"/><V73/><F73/><W31/><G25/><T6/><D2/><U7/><E7/><V17/><F130/><W80/><G26/><T82/><D129/><U48/><E48/><V116/><F116/><W34/><G34/><T110/><D110/><U115/><E115/><V71/><F131/><W0/><G0/><T54/><D6/><U91/><E91/><V63/><F128/><W40/><G40/><T132/><D89/><U127/><E127/><V68/><F65/><W60/><G88/><T107/><D123/><U13/><E13/><V9/><F92/><N who="3" m="58407" /><G101/><T98/><D107/><U45/><AGARI ba="0,1" hai="18,23,24,45,50,52,62,67,69,76,79,90,94,96" machi="45" ten="20,8000,1" yaku="1,1,0,1,7,1,54,1,53,1" doraHai="35" doraHaiUra="20" who="1" fromWho="1" sc="230,-20,267,90,253,-40,240,-20" /><INIT seed="3,0,0,5,2,42" ten="210,357,213,220" oya="3" hai0="8,30,113,103,116,34,78,129,105,22,122,110,92" hai1="39,12,37,108,70,124,65,75,24,26,55,1,83" hai2="76,71,53,72,38,44,57,28,62,99,68,77,17" hai3="13,21,10,112,2,59,101,133,106,11,61,19,119"/><W15/><G119/><T111/><D116/><U51/><E1/><V114/><F114/><W120/><G120/><T89/><D122/><U45/><E108/><N who="0" m="41513" /><D113/><U100/><E100/><V0/><F0/><W102/><G112/><T64/><D64/><U91/><E124/><V46/><F72/><W48/><G133/><T127/><D78/><N who="2" m="30314" /><F38/><W40/><G106/><T50/><D127/><U118/><E12/><V123/><F71/><W54/><G2/><T98/><D8/><N who="3" m="3113" /><G13/><T69/><D69/><U104/><E55/><V90/><F68/><W47/><AGARI ba="0,0" hai="15,19,21,40,47,48,54,59,61,101,102" m="3113" machi="47" ten="30,3000,0" yaku="8,1,52,1" doraHai="42" who="3" fromWho="3" sc="210,-10,357,-10,213,-10,220,30" /><INIT seed="3,1,0,0,4,102" ten="200,347,203,250" oya="3" hai0="89,127,52,86,5,106,34,132,120,38,35,67,78" hai1="81,10,130,26,59,46,29,11,54,4,135,134,82" hai2="103,85,87,95,44,123,45,77,58,50,3,42,91" hai3="131,12,39,60,125,97,117,13,90,119,96,43,48"/><W20/><G125/><T71/><D38/><U88/><E46/><N who="2" m="25943" /><F3/><W133/><G131/><T115/><D120/><U63/><E130/><V0/><F0/><W17/><G133/><N who="1" m="50698" /><E88/><N who="2" m="53647" /><F123/><W122/><G122/><T64/><D127/><U126/><E126/><V100/><F77/><W62/><G39/><T74/><D78/><U15/><E11/><V111/><F111/><W68/><G68/><T118/><D34/><AGARI ba="1,0" hai="4,10,15,26,29,34,54,59,63,81,82" m="50698" machi="34" ten="30,1000,0" yaku="20,1" doraHai="102" who="1" fromWho="0" sc="200,-13,347,13,203,0,250,0" owari="187,-31.3,360,46.0,203,-19.7,250,5.0" /></mjloggm>