<mjloggm ver="2.3"><GO type="225" lobby="0"/><UN n0="%E3%82%BC%E3%83%AB%E3%83%80%E3%81%AE%E4%BC%9D%E8%AA%AC" n1="%E3%83%97%E3%83%AC%E3%83%B4%E3%82%A1%E3%83%86%E3%82%A3" n2="%72%61%6B%33" n3="%70%68%65%6E%6F%6D%65" dan="17,16,17,16" rate="2226.49,2093.75,2160.08,2102.04" sx="M,F,M,M"/><TAIKYOKU oya="0"/><INIT seed="0,0,0,1,0,20" ten="250,250,250,250" oya="0" hai0="38,114,113,0,36,40,7,17,128,78,83,96,49" hai1="61,13,8,4,95,45,94,72,101,90,24,133,112" hai2="43,84,97,91,63,100,119,35,9,67,88,81,120" hai3="105,30,54,77,19,75,102,108,122,126,60,125,37"/><T116/><D116/><U69/><E72/><V76/><F120/><W12/><G122/><T89/><D128/><U50/><E133/><V131/><F131/><W48/><G37/><T53/><D89/><U68/><E112/><V21/><F35/><W104/><G60/><T117/><D117/><U18/><E101/><V110/><F110/><W5/><G5/><T66/><D96/><U129/><E129/><V10/><F43/><W28/><G77/><T34/><D66/><U62/><E69/><V79/><F119/><W27/><G75/><N who="0" m="43487" /><D17/><U127/><E127/><N who="3" m="48650" /><G102/><T74/><D34/><U22/><E68/><V14/><F76/><W1/><G1/><T123/><D38/><U2/><E95/><V132/><F132/><W23/><G108/><T98/><D74/><U55/><REACH who="1" step="1"/><E2/><REACH who="1" ten="250,240,250,250" step="2"/><V59/><F100/><W82/><G82/><T44/><D123/><U99/><AGARI ba="0,1" hai="4,8,13,18,22,24,45,50,55,61,62,90,94,99" machi="99" ten="20,12000,2" yaku="1,1,2,1,0,1,7,1,8,1,52,1,53,0" doraHai="20" doraHaiUra="32" who="1" fromWho="1" sc="250,-60,240,130,250,-30,250,-30" /><INIT seed="1,0,0,4,2,109" ten="190,370,220,220" oya="1" hai0="12,41,6,114,119,125,2,48,20,78,92,94,24" hai1="60,69,25,84,97,19,45,7,113,83,74,28,18" hai2="3,9,51,58,46,76,40,34,5,82,72,67,95" hai3="13,68,35,131,56,112,0,33,110,122,135,120,32"/><U65/><E74/><V117/><F117/><W134/><G68/><T1/><D119/><U49/><E7/><V126/><F126/><W71/><G71/><T39/><D125/><U102/><E113/><V75/><F34/><W57/><G110/><T37/><D78/><U107/><E84/><V121/><F121/><W123/><G13/><T44/><D114/><U62/><E60/><V111/><F111/><W103/><G112/><T98/><D94/><U108/><E83/><V52/><F95/><W29/><G103/><T132/><D132/><N who="3" m="50729" /><G29/><T22/><D12/><U90/><E90/><V133/><F133/><W4/><G131/><T93/><D93/><U104/><E104/><V128/><F128/><W36/><G36/><T80/><D80/><U27/><E27/><V129/><F129/><W47/><G47/><T101/><D20/><U55/><REACH who="1" step="1"/><E108/><REACH who="1" ten="190,360,220,220" step="2"/><V59/><F75/><W127/><G127/><T100/><D6/><U30/><E30/><V26/><F26/><W79/><G79/><T70/><D24/><U61/><E61/><V53/><F72/><W66/><G66/><T15/><D101/><U14/><E14/><V38/><F67/><W130/><G130/><T96/><D15/><U10/><E10/><AGARI ba="0,1" hai="0,4,10,32,33,35,56,57,120,122,123" m="50729" machi="10" ten="50,1600,0" yaku="20,1" doraHai="109" who="3" fromWho="1" sc="190,0,360,-16,220,0,220,26" /><INIT seed="2,0,0,5,0,16" ten="190,344,220,246" oya="2" hai0="124,85,130,66,20,122,127,92,32,119,6,88,71" hai1="3,99,69,41,27,37,24,132,129,22,4,55,10" hai2="100,121,15,120,131,84,89,35,79,101,126,30,73" hai3="29,77,76,44,13,40,114,17,26,125,104,65,94"/><V117/><F35/><W93/><G104/><T72/><D122/><U83/><E69/><V123/><F30/><W97/><G125/><N who="0" m="48203" /><D130/><U106/><E129/><V105/><F126/><W134/><G134/><T112/><D112/><U53/><E132/><V8/><F131/><W54/><G65/><T58/><D119/><U60/><E27/><V14/><F117/><W133/><G54/><T61/><D32/><U2/><E2/><V59/><F59/><W110/><G110/><T108/><D108/><U102/><E60/><V21/><F105/><W7/><G7/><T64/><D72/><U49/><E37/><V31/><F79/><W23/><G114/><T111/><D111/><U34/><E34/><V11/><F73/><W103/><G94/><T9/><D71/><U42/><E83/><V109/><F109/><W63/><G63/><T45/><D45/><U33/><E53/><V39/><F39/><W25/><G25/><T128/><D128/><U118/><E33/><V96/><F14/><W78/><G133/><T50/><D50/><U82/><E82/><V107/><F101/><W91/><G103/><T57/><D20/><U48/><E48/><V80/><REACH who="2" step="1"/><F15/><REACH who="2" ten="190,344,210,246" step="2"/><W51/><REACH who="3" step="1"/><G77/><REACH who="3" ten="190,344,210,236" step="2"/><T1/><D61/><U56/><E118/><V28/><F28/><AGARI ba="0,2" hai="3,4,10,22,24,28,41,42,49,55,56,99,102,106" machi="28" ten="30,2000,0" yaku="7,1,52,1" doraHai="16" who="1" fromWho="2" sc="190,0,344,40,210,-20,236,0" /><INIT seed="3,0,0,0,4,58" ten="190,384,190,236" oya="3" hai0="51,3,104,87,64,17,53,32,102,91,123,124,101" hai1="78,40,46,84,130,92,35,69,4,72,109,44,111" hai2="41,37,108,122,89,105,6,16,86,126,52,68,66" hai3="50,128,118,107,54,88,134,99,27,7,74,19,5"/><W96/><G118/><T61/><D123/><U47/><E69/><V132/><F105/><W65/><G74/><T25/><D3/><U90/><E35/><V49/><F122/><W112/><G112/><T8/><D124/><U31/><E31/><V125/><F108/><N who="1" m="41545" /><E130/><V116/><F116/><W34/><G128/><T39/><D39/><U71/><E71/><V119/><F119/><W62/><G134/><T120/><D120/><U129/><E129/><V12/><F132/><W0/><G107/><T73/><D51/><U33/><E33/><V9/><F37/><W11/><G7/><T29/><D53/><U110/><E110/><V63/><F41/><W10/><G11/><T45/><D45/><U38/><E4/><V56/><REACH who="2" step="1"/><F6/><REACH who="2" ten="190,384,180,236" step="2"/><W106/><G106/><T1/><D104/><U77/><E38/><V121/><F121/><W55/><G5/><T103/><D1/><U43/><E72/><V57/><F57/><W60/><G0/><T59/><D73/><U79/><AGARI ba="0,1" hai="40,43,44,46,47,77,78,79,84,90,92" m="41545" machi="79" ten="40,1500,0" yaku="14,1" doraHai="58" who="1" fromWho="1" sc="190,-4,384,25,180,-4,236,-7" owari="186,-21.4,409,50.9,176,-32.4,229,2.9" /></mjloggm>