<mjloggm ver="2.3"><GO type="225" lobby="0"/><UN n0="%E3%81%82%E3%81%B9%E3%81%99%E3%81%91" n1="%E9%95%B7%E5%B7%9E%E3%81%AE%E5%85%8B" n2="%E5%A4%8F%E9%88%B4%E9%88%B4%E5%A4%8F" n3="%E8%B6%85%E7%B4%9A%E9%B3%B3%E5%87%B0" dan="16,16,16,16" rate="2091.75,2076.93,2137.65,2117.86" sx="M,M,M,M"/><TAIKYOKU oya="0"/><INIT seed="0,0,0,3,4,101" ten="250,250,250,250" oya="0" hai0="117,113,6,98,99,87,71,21,31,72,24,81,8" hai1="33,79,135,97,107,29,134,16,126,88,47,69,9" hai2="13,37,83,45,2,103,50,22,49,27,111,52,34" hai3="0,1,42,41,12,91,66,130,115,4,7,15,104"/><T95/><D113/><U85/><E69/><V74/><F2/><W28/><G115/><T108/><D117/><U119/><E79/><V133/><F37/><W53/><G130/><T124/><D124/><U39/><E126/><V92/><F34/><W10/><G66/><T44/><D71/><U32/><E119/><V121/><F121/><W106/><G91/><T76/><D108/><U68/><E68/><V132/><F111/><W94/><G94/><T67/><D67/><U114/><E114/><V112/><F112/><W105/><G28/><T70/><D70/><U36/><E47/><V30/><F13/><W56/><G12/><T17/><D44/><U59/><E59/><V3/><F3/><W38/><G38/><T116/><D31/><U11/><E39/><V102/><F49/><W86/><G86/><T58/><D58/><U75/><E75/><V25/><F25/><W131/><G131/><T96/><D72/><U73/><E73/><V18/><F30/><W26/><G26/><T64/><D64/><U65/><E65/><V125/><F125/><W63/><G15/><N who="0" m="5527" /><D116/><U123/><E36/><V80/><F74/><W128/><G128/><T89/><AGARI ba="0,0" hai="17,21,24,76,81,87,89,95,96,98,99" m="5527" machi="89" ten="30,1500,0" yaku="8,1" doraHai="101" who="0" fromWho="0" sc="250,15,250,-5,250,-5,250,-5" /><INIT seed="0,1,0,1,4,12" ten="265,245,245,245" oya="0" hai0="35,61,51,89,9,116,80,58,113,109,120,111,123" hai1="119,66,129,90,106,94,30,72,11,40,74,34,75" hai2="47,73,64,93,2,38,18,27,68,134,29,23,127" hai3="26,79,25,32,81,118,4,130,128,16,100,71,21"/><T7/><D35/><U48/><E106/><V126/><F73/><W20/><G118/><T45/><D116/><U131/><E119/><V133/><F64/><W10/><G71/><T67/><D113/><U59/><E34/><V63/><F63/><W82/><G32/><T108/><D89/><U17/><E30/><V60/><F60/><W14/><G100/><T84/><D84/><U53/><E66/><V0/><F68/><W36/><G36/><T98/><D98/><U117/><E40/><V43/><F93/><W54/><G54/><N who="0" m="30063" /><D80/><U110/><E117/><V114/><F114/><W112/><G112/><T62/><D61/><U96/><E110/><V83/><F83/><W86/><REACH who="3" step="1"/><G81/><REACH who="3" ten="265,245,245,235" step="2"/><T88/><D123/><U107/><E107/><V99/><F38/><W5/><G5/><T102/><D120/><U56/><E59/><V115/><F115/><W33/><G33/><T69/><D102/><U50/><REACH who="1" step="1"/><E48/><REACH who="1" ten="265,235,245,235" step="2"/><V91/><F43/><W121/><G121/><T39/><D58/><U8/><E8/><V13/><F47/><W97/><G97/><T122/><D122/><U6/><E6/><V41/><F41/><W103/><G103/><T124/><D9/><U105/><E105/><V57/><F57/><W95/><G95/><T76/><D7/><U15/><AGARI ba="1,2" hai="11,15,17,50,53,56,72,74,75,90,94,96,129,131" machi="15" ten="40,8000,1" yaku="1,1,0,1,52,1,53,1" doraHai="12" doraHaiUra="87" who="1" fromWho="1" sc="265,-41,235,103,245,-21,235,-21" /><INIT seed="1,0,0,3,5,6" ten="224,338,224,214" oya="1" hai0="64,10,82,52,128,73,25,93,81,5,37,36,38" hai1="78,86,91,135,127,102,18,21,39,68,41,108,29" hai2="76,31,56,51,107,9,79,106,132,103,71,96,32" hai3="63,15,12,87,2,24,33,97,35,42,20,67,88"/><U28/><E127/><V69/><F107/><W80/><G2/><T4/><D128/><U55/><E78/><V100/><F100/><W74/><G74/><T116/><D116/><U109/><E68/><V77/><F132/><W58/><G42/><T26/><D64/><U119/><E102/><V133/><F133/><W70/><G70/><T46/><D93/><U115/><E115/><V7/><F31/><W129/><G129/><T75/><D38/><U54/><E119/><V34/><F69/><W27/><G97/><T14/><D14/><U53/><E41/><V62/><F51/><W113/><G113/><T61/><D46/><U65/><E65/><V72/><F72/><W85/><G24/><T59/><D59/><U111/><E39/><V84/><F84/><W16/><REACH who="3" step="1"/><G85/><REACH who="3" ten="224,338,224,204" step="2"/><T125/><D75/><U8/><E135/><V40/><F40/><W112/><G112/><T123/><D73/><U95/><E29/><V3/><REACH who="2" step="1"/><F71/><REACH who="2" ten="224,338,214,204" step="2"/><W49/><G49/><T13/><D37/><U0/><E28/><V48/><F48/><W1/><G1/><T101/><D36/><U90/><E0/><V94/><F94/><W92/><G92/><T105/><D105/><U60/><E95/><V89/><F89/><W134/><G134/><T57/><D101/><U23/><E86/><V30/><F30/><W17/><G17/><T118/><D118/><U47/><E90/><V22/><F22/><N who="1" m="8201" /><E91/><V131/><F131/><W11/><G11/><T110/><D10/><U120/><E120/><V114/><F114/><W117/><G117/><T124/><D123/><U50/><E60/><RYUUKYOKU ba="0,2" sc="224,-30,338,10,214,10,204,10" hai1="8,18,47,50,53,54,55,108,109,111" hai2="3,7,9,32,34,56,62,76,77,79,96,103,106" hai3="12,15,16,20,27,33,35,58,63,67,80,87,88" /><INIT seed="1,1,2,0,5,68" ten="194,348,224,214" oya="1" hai0="13,14,20,116,2,67,30,79,85,97,45,114,134" hai1="44,120,27,58,92,129,95,130,36,59,119,23,26" hai2="48,73,71,40,100,108,135,74,98,121,106,21,91" hai3="93,16,99,47,133,96,11,122,43,75,72,60,57"/><U115/><E119/><V110/><F71/><W19/><G122/><T82/><D114/><U39/><E120/><V53/><F121/><W4/><G133/><T80/><D2/><U56/><E115/><V118/><F118/><W37/><G75/><T128/><D116/><U7/><E44/><N who="2" m="25607" /><F135/><W55/><G72/><T84/><D128/><N who="1" m="49259" /><E7/><V109/><F53/><W46/><G46/><T34/><D97/><U103/><E103/><V31/><F91/><W76/><G76/><N who="0" m="46087" /><D34/><U62/><E62/><V54/><F54/><W51/><G51/><T15/><D67/><U12/><E12/><V107/><F106/><W38/><G38/><N who="1" m="14378" /><E27/><AGARI ba="1,2" hai="21,27,31,73,74,98,100,107,108,109,110" m="25607" machi="27" ten="30,1000,0" yaku="14,1" doraHai="68" who="2" fromWho="1" sc="194,0,348,-13,224,33,214,0" /><INIT seed="2,0,0,4,1,68" ten="194,335,257,214" oya="2" hai0="76,6,79,94,92,128,45,19,37,84,56,0,80" hai1="122,14,3,12,41,57,51,47,91,2,131,17,83" hai2="88,74,25,53,124,9,113,18,8,5,20,118,34" hai3="104,38,97,129,22,112,46,21,100,106,98,1,72"/><V59/><F113/><W58/><G72/><T81/><D128/><U120/><E131/><V31/><F118/><W69/><G69/><T63/><D19/><U107/><E107/><V96/><F74/><W49/><G129/><T130/><D130/><U95/><E83/><V110/><F124/><W105/><G1/><T101/><D101/><U108/><E57/><V61/><F110/><W4/><G4/><T44/><D6/><U93/><E95/><N who="2" m="56423" /><F34/><W50/><G112/><T132/><D132/><U55/><E41/><V99/><F5/><W111/><G111/><T33/><D33/><U121/><E108/><V70/><F70/><W28/><G28/><T90/><D0/><N who="1" m="43" /><E17/><V89/><F31/><W52/><G38/><T23/><D37/><U48/><E51/><V133/><F133/><W36/><G36/><T127/><D127/><U75/><E75/><V71/><F71/><W117/><G117/><T78/><D23/><U27/><E27/><V7/><F7/><W119/><G119/><T11/><D11/><N who="2" m="4170" /><F89/><W102/><REACH who="3" step="1"/><G106/><REACH who="3" ten="194,335,257,204" step="2"/><T87/><D81/><U134/><E134/><V15/><F99/><AGARI ba="0,1" hai="12,14,47,48,55,91,93,99,120,121,122" m="43" machi="99" ten="40,1300,0" yaku="13,1" doraHai="68" who="1" fromWho="2" sc="194,0,335,23,257,-13,204,0" /><INIT seed="3,0,0,4,5,21" ten="194,358,244,204" oya="3" hai0="55,74,103,124,41,71,100,2,78,66,53,3,51" hai1="90,63,59,43,44,7,64,68,130,82,116,30,107" hai2="133,61,131,22,91,70,62,29,8,122,56,18,45" hai3="84,10,50,94,34,117,49,97,112,123,35,4,128"/><W126/><G112/><T134/><D134/><U92/><E107/><V73/><F73/><W120/><G117/><T79/><D124/><U110/><E110/><V88/><F70/><W85/><G126/><T67/><D51/><U115/><E130/><V118/><F118/><W106/><G106/><T24/><D24/><U33/><E82/><V119/><F119/><W75/><G75/><T102/><D74/><U87/><E7/><V89/><F29/><W83/><G128/><T36/><D71/><U114/><E116/><V39/><F39/><W11/><G4/><T135/><D135/><U38/><E33/><V57/><F133/><W25/><G83/><T132/><D132/><U76/><E76/><N who="0" m="29225" /><D41/><U28/><E28/><V19/><F122/><W46/><G46/><T60/><D36/><U52/><E30/><V0/><F45/><W108/><G97/><T1/><D60/><AGARI ba="0,0" hai="38,43,44,52,59,60,63,64,68,87,90,92,114,115" machi="60" ten="30,2000,0" yaku="7,1,54,1" doraHai="21" who="1" fromWho="0" sc="194,-20,358,20,244,0,204,0" owari="174,-32.6,378,47.8,244,4.4,204,-19.6" /></mjloggm>