<mjloggm ver="2.3"><GO type="225" lobby="0"/><UN n0="%E3%83%AC%E3%82%A4%E3%83%88%E3%83%B3%E5%87%86%E6%95%99%E6%8E%88" n1="%73%6C%69%63%6B%33%31%39" n2="%43%68%65" n3="%E3%81%8F%E3%81%BE%E3%81%96%E3%82%8F" dan="18,17,16,16" rate="2242.80,2178.05,2155.43,2044.87" sx="M,M,M,M"/><TAIKYOKU oya="0"/><INIT seed="0,0,0,2,5,86" ten="250,250,250,250" oya="0" hai0="2,38,24,31,36,93,13,65,95,21,64,97,52" hai1="75,100,32,62,30,110,89,96,98,122,135,87,123" hai2="35,85,4,41,105,78,49,126,74,14,37,59,60" hai3="108,19,43,1,88,61,12,104,99,94,121,119,116"/><T23/><D2/><U15/><E32/><V3/><F105/><W44/><G108/><T128/><D128/><U124/><E30/><V117/><F35/><W101/><G121/><T76/><D76/><U54/><E75/><V58/><F126/><W10/><G61/><T8/><D21/><U29/><E29/><V28/><F28/><W57/><G57/><T109/><D109/><U69/><E110/><V5/><F37/><W112/><G1/><T7/><D38/><U132/><E15/><V70/><F74/><W129/><G112/><T39/><D39/><U127/><E54/><V50/><F3/><W9/><G9/><T91/><D36/><U55/><E55/><V118/><F70/><W45/><G129/><T125/><D125/><N who="1" m="48203" /><E62/><V106/><F14/><W17/><G19/><T71/><D71/><U20/><E20/><V120/><F60/><W114/><G114/><T82/><D82/><N who="1" m="49399" /><E96/><V46/><F120/><N who="1" m="46121" /><E69/><V73/><F73/><W11/><G11/><T80/><D80/><U56/><E56/><V131/><F59/><W22/><G10/><T130/><D130/><U133/><E135/><V25/><F58/><W81/><G81/><T27/><D52/><U34/><E34/><V26/><F131/><W48/><G44/><T18/><D31/><U83/><E83/><V16/><F46/><W107/><G45/><T77/><D27/><U0/><E0/><V47/><F47/><W63/><G63/><T68/><D68/><U40/><E40/><V103/><F26/><W53/><G43/><T67/><D77/><U134/><E134/><V90/><F78/><RYUUKYOKU ba="0,0" sc="250,15,250,15,250,-15,250,-15" hai0="7,8,13,18,23,24,64,65,67,91,93,95,97" hai1="98,100,132,133" /><INIT seed="0,1,0,1,2,83" ten="265,265,235,235" oya="0" hai0="120,59,55,49,45,91,6,118,106,18,97,73,126" hai1="34,102,48,103,50,20,75,57,44,124,122,19,113" hai2="28,63,8,25,111,46,33,10,67,60,0,76,85" hai3="123,99,98,89,71,5,133,132,26,39,79,96,27"/><T131/><D118/><U54/><E122/><V72/><F72/><W12/><G71/><T109/><D120/><U2/><E34/><V58/><F111/><W52/><G123/><T32/><D109/><U16/><E75/><V7/><F10/><N who="3" m="4175" /><G39/><T62/><D126/><U88/><E2/><V114/><F114/><W4/><G4/><T56/><D32/><U117/><E117/><V35/><F35/><W66/><G66/><T69/><D73/><U51/><E124/><V128/><F128/><W42/><G42/><T95/><D6/><U80/><E19/><V47/><REACH who="2" step="1"/><F63/><REACH who="2" ten="265,265,225,235" step="2"/><W104/><G133/><T24/><D131/><U81/><E113/><V82/><AGARI ba="1,1" hai="0,7,8,25,28,33,46,47,58,60,67,76,82,85" machi="82" ten="30,7900,0" yaku="1,1,2,1,0,1,52,1,53,0" doraHai="83" doraHaiUra="125" who="2" fromWho="2" sc="265,-40,265,-21,225,92,235,-21" /><INIT seed="1,0,0,3,5,124" ten="225,244,317,214" oya="1" hai0="13,80,129,52,134,111,96,54,113,15,77,82,106" hai1="28,99,19,87,12,89,17,47,107,67,36,101,44" hai2="43,16,14,122,128,34,10,6,133,68,126,131,75" hai3="5,109,79,103,71,118,63,37,70,24,120,23,132"/><U7/><E28/><V92/><F122/><W135/><G120/><T29/><D113/><U64/><E7/><V8/><F126/><W11/><G37/><T59/><D111/><U56/><E19/><V119/><F119/><W30/><G118/><T117/><D117/><U3/><E3/><V49/><F75/><W39/><G39/><T46/><D134/><N who="3" m="51241" /><G109/><T57/><D29/><U26/><E26/><V48/><F133/><W78/><G103/><T22/><D46/><U86/><E86/><V90/><F68/><N who="3" m="26155" /><G63/><T116/><D116/><U85/><E85/><N who="2" m="52303" /><F34/><W84/><G84/><T104/><D96/><U0/><E0/><AGARI ba="0,0" hai="0,5,11,23,24,30,78,79" m="26155,51241" machi="0" ten="30,1000,0" yaku="20,1" doraHai="124" who="3" fromWho="1" sc="225,0,244,-10,317,0,214,10" /><INIT seed="2,0,0,4,3,19" ten="225,234,317,224" oya="2" hai0="10,118,102,7,135,79,33,36,119,131,26,98,129" hai1="77,109,68,117,125,99,63,97,90,80,52,43,115" hai2="74,2,59,18,61,58,75,49,69,55,62,91,12" hai3="89,70,22,110,100,28,123,73,104,23,127,29,128"/><V88/><F2/><W8/><G70/><T94/><D36/><U30/><E115/><V50/><F75/><W9/><G73/><T83/><D26/><U76/><E117/><N who="0" m="44553" /><D33/><U40/><E109/><V65/><F74/><W4/><G104/><T124/><D124/><U85/><E125/><V16/><F18/><W82/><G127/><T132/><D10/><N who="3" m="4201" /><G123/><T21/><D21/><N who="3" m="7689" /><G128/><N who="0" m="49227" /><D7/><U27/><E68/><V101/><F101/><W47/><G4/><T108/><D108/><U31/><E31/><N who="3" m="11850" /><G110/><T3/><D3/><U71/><E30/><V39/><F39/><W121/><G121/><T120/><D120/><U17/><E27/><V126/><F126/><W105/><G105/><T44/><D44/><U93/><E17/><V87/><F69/><W84/><G100/><T35/><D35/><U66/><E71/><V116/><F116/><W113/><G113/><T130/><N who="0" m="49235" /><T107/><DORA hai="45" /><D107/><U103/><E103/><V114/><F114/><W1/><G1/><T37/><D37/><U6/><E6/><V64/><F16/><W24/><G47/><T38/><D38/><U46/><E46/><V78/><F12/><W25/><AGARI ba="0,0" hai="24,25,82,84,89" m="11850,7689,4201" machi="25" ten="30,7900,0" yaku="8,1,52,3" doraHai="19,45" who="3" fromWho="3" sc="225,-20,234,-20,317,-39,224,79" /><INIT seed="3,0,0,0,1,28" ten="205,214,278,303" oya="3" hai0="61,2,95,6,100,98,105,23,96,132,45,19,10" hai1="117,39,32,77,67,115,42,35,121,43,22,129,112" hai2="80,125,1,124,5,57,74,64,68,85,21,55,65" hai3="91,46,56,66,24,111,90,87,26,108,15,133,93"/><W50/><G133/><T20/><D132/><U3/><E121/><V8/><F74/><W73/><G73/><T51/><D61/><U123/><E123/><V17/><F68/><W41/><G15/><T27/><D23/><U70/><E22/><V75/><F75/><W34/><G34/><T83/><D83/><U97/><E97/><V120/><F120/><W92/><G56/><T71/><D71/><U30/><E77/><V0/><F0/><W114/><G66/><T103/><D51/><U38/><E30/><V78/><F17/><W58/><G58/><T116/><D45/><U106/><E106/><V49/><F21/><W135/><G114/><T81/><D81/><U128/><E3/><V72/><F72/><W76/><G76/><T79/><D79/><U82/><E82/><V36/><F36/><N who="1" m="13865" /><E117/><V54/><F54/><W86/><G135/><T113/><REACH who="0" step="1"/><D116/><REACH who="0" ten="195,214,278,303" step="2"/><U99/><E70/><V127/><AGARI ba="0,1" hai="1,5,8,49,55,57,64,65,78,80,85,124,125,127" machi="127" ten="30,2000,0" yaku="0,1,18,1" doraHai="28" who="2" fromWho="2" sc="195,-5,214,-5,278,30,303,-10" owari="190,-31.0,209,-19.1,308,40.8,293,9.3" /></mjloggm>