<mjloggm ver="2.3"><GO type="225" lobby="0"/><UN n0="%28%EF%BF%A3%E2%96%BD%EF%BF%A3%29%CE%B4%E2%8C%92%E3%83%BB" n1="%E3%81%A9%E3%82%8F%E3%82%93%E3%81%94" n2="%E6%98%93%E5%88%A9%E8%96%A9%E4%BC%AF" n3="%E2%91%A3%E9%81%BF%E9%81%8A%E6%88%AF%E3%80%90%E6%9D%B1%E5%8D%97%E3%80%91" dan="16,16,16,16" rate="2064.11,2078.59,2053.43,2037.45" sx="M,M,F,M"/><TAIKYOKU oya="0"/><INIT seed="0,0,0,5,0,62" ten="250,250,250,250" oya="0" hai0="46,16,77,108,68,71,45,25,95,117,76,126,4" hai1="31,105,93,15,27,42,98,43,50,90,34,80,119" hai2="40,65,107,89,67,10,8,84,97,116,2,51,54" hai3="28,74,118,37,0,14,124,106,20,48,64,104,127"/><T33/><D117/><U121/><E119/><V85/><F116/><W94/><G118/><RYUUKYOKU type="kaze4" ba="0,0" sc="250,0,250,0,250,0,250,0" /><INIT seed="0,1,0,1,2,85" ten="250,250,250,250" oya="0" hai0="14,6,123,30,53,102,16,19,70,99,41,17,38" hai1="36,93,64,131,33,25,29,86,69,119,134,79,49" hai2="43,34,54,44,37,118,77,58,75,130,81,73,48" hai3="0,128,7,72,18,22,42,39,122,2,111,84,88"/><T124/><D70/><U74/><E119/><V91/><F118/><W12/><G72/><T116/><D116/><U11/><E36/><V5/><F130/><W1/><G128/><T57/><D123/><U90/><E131/><V82/><F34/><W40/><G122/><T52/><D124/><U101/><E134/><V94/><F5/><W95/><G39/><T120/><D120/><U35/><E11/><V76/><F94/><W26/><G111/><T115/><D115/><U71/><E64/><V110/><F110/><W66/><G66/><T45/><D30/><U87/><E87/><V133/><F133/><W97/><G7/><T109/><D109/><U55/><E35/><V92/><F92/><W3/><N who="3" m="0" /><DORA hai="31" /><W112/><G112/><T104/><D53/><U9/><E9/><V127/><F127/><W20/><REACH who="3" step="1"/><G97/><REACH who="3" ten="250,250,250,240" step="2"/><T68/><D6/><U61/><E74/><V132/><F132/><W78/><G78/><T50/><REACH who="0" step="1"/><D68/><REACH who="0" ten="240,250,250,240" step="2"/><U121/><E71/><V117/><F117/><W103/><G103/><T114/><D114/><U113/><E101/><V105/><F105/><W4/><G4/><T60/><D60/><U135/><E113/><V63/><F63/><W23/><G23/><AGARI ba="1,2" hai="14,16,17,19,23,38,41,45,50,52,57,99,102,104" machi="23" ten="30,11600,0" yaku="1,1,7,1,54,2,53,0" doraHai="85,31" doraHaiUra="32,89" who="0" fromWho="3" sc="240,139,250,0,250,0,240,-119" /><INIT seed="0,2,0,1,0,88" ten="379,250,250,121" oya="0" hai0="68,87,94,104,113,2,43,34,77,73,130,59,60" hai1="131,8,66,50,25,92,121,82,20,29,99,6,21" hai2="33,0,30,46,111,35,22,78,47,53,44,57,72" hai3="58,135,54,93,103,15,120,100,51,85,61,110,32"/><T90/><D34/><U41/><E131/><V105/><F105/><W102/><G120/><T106/><D2/><U3/><E121/><V83/><F0/><W89/><G32/><T13/><D68/><U126/><E126/><V18/><F30/><W48/><G135/><T31/><D31/><U124/><E124/><V19/><F111/><W65/><G110/><T5/><D130/><U95/><E66/><V79/><F79/><W4/><G15/><T10/><D113/><U125/><E125/><V70/><F70/><W69/><G4/><T76/><D43/><U24/><E82/><V80/><F80/><W117/><G117/><T28/><D28/><U118/><E99/><V122/><F19/><W40/><G51/><T11/><D11/><U132/><E132/><V112/><F112/><W37/><REACH who="3" step="1"/><G103/><REACH who="3" ten="379,250,250,111" step="2"/><T75/><D75/><U84/><E118/><V67/><F122/><W116/><G116/><T96/><D73/><U127/><E127/><V74/><F74/><W7/><G7/><T109/><D109/><U38/><E38/><V56/><F35/><W36/><G36/><T98/><D106/><U108/><E108/><V71/><F33/><W26/><G26/><T49/><D49/><U123/><E123/><V23/><F72/><W17/><G17/><T86/><D104/><U129/><E129/><V101/><F18/><W119/><G119/><T64/><D13/><U42/><E50/><V81/><F101/><W128/><G128/><T115/><D5/><U27/><E6/><V14/><F14/><W45/><AGARI ba="2,1" hai="37,40,45,48,54,58,61,65,69,85,89,93,100,102" machi="45" ten="30,12000,2" yaku="1,1,0,1,24,2,52,1,53,1" doraHai="88" doraHaiUra="62" who="3" fromWho="3" sc="379,-62,250,-32,250,-32,111,136" /><INIT seed="1,0,0,0,5,32" ten="317,218,218,247" oya="1" hai0="67,16,44,9,100,82,89,45,40,126,132,93,0" hai1="107,41,71,86,135,78,129,92,130,37,18,63,49" hai2="29,33,28,96,64,80,131,24,123,11,83,34,112" hai3="70,47,125,105,58,35,85,90,62,128,55,113,13"/><U111/><E107/><V115/><F123/><W50/><G113/><N who="2" m="43593" /><F131/><N who="1" m="50185" /><E135/><V79/><F64/><W60/><G125/><T19/><D126/><U1/><E37/><V21/><F96/><W65/><G35/><N who="2" m="13321" /><F29/><W54/><G128/><T95/><D132/><U26/><E1/><V73/><F83/><W87/><G105/><T98/><D82/><N who="1" m="47447" /><E111/><V7/><F11/><W74/><G74/><T46/><D67/><N who="1" m="41471" /><E92/><V118/><F7/><W106/><G106/><T30/><D30/><U23/><E49/><V69/><F118/><W10/><G90/><T31/><D31/><U72/><E41/><V108/><F108/><W102/><G102/><T59/><D40/><U8/><E8/><V36/><F69/><W51/><REACH who="3" step="1"/><G50/><REACH who="3" ten="317,218,218,237" step="2"/><T120/><D100/><U121/><E121/><V4/><F4/><AGARI ba="0,1" hai="4,10,13,47,51,54,55,58,60,62,65,70,85,87" machi="4" ten="30,8000,1" yaku="1,1,2,1,7,1,53,2" doraHai="32" doraHaiUra="57" who="3" fromWho="2" sc="317,0,218,0,218,-80,237,90" /><INIT seed="2,0,0,3,0,0" ten="317,218,138,327" oya="2" hai0="26,87,93,94,98,89,72,22,100,3,35,30,4" hai1="99,42,37,7,118,109,112,38,124,80,32,40,25" hai2="130,67,60,62,104,69,52,8,96,1,129,111,131" hai3="59,92,5,134,133,58,47,107,21,10,63,13,125"/><V2/><F111/><W120/><G107/><T31/><D72/><U115/><E118/><V27/><F27/><W53/><G120/><T123/><D123/><U88/><E32/><V85/><F85/><W108/><G108/><T113/><D113/><U128/><E109/><V74/><F74/><W76/><G125/><T117/><D117/><U19/><E25/><V54/><F62/><W39/><G76/><T78/><D78/><U114/><E19/><V132/><F132/><W56/><G92/><T23/><REACH who="0" step="1"/><D31/><REACH who="0" ten="307,218,138,327" step="2"/><U126/><E115/><V84/><F84/><W116/><G116/><T11/><AGARI ba="0,1" hai="3,4,11,22,23,26,30,35,87,89,93,94,98,100" machi="11" ten="30,7900,0" yaku="1,1,2,1,0,1,52,1,53,0" doraHai="0" doraHaiUra="70" who="0" fromWho="0" sc="307,89,218,-20,138,-39,327,-20" /><INIT seed="3,0,0,3,3,100" ten="396,198,99,307" oya="3" hai0="73,63,97,40,31,104,113,117,130,124,18,10,85" hai1="78,1,114,82,15,20,103,126,115,83,12,50,87" hai2="70,75,27,86,66,34,61,109,80,71,19,64,127" hai3="16,133,88,95,105,93,49,129,59,13,4,38,23"/><W2/><G105/><T131/><D73/><U65/><E1/><V43/><F109/><W11/><G38/><T74/><D74/><U112/><E126/><V91/><F127/><W8/><G133/><T79/><D40/><U101/><E65/><V35/><F75/><W57/><G129/><T26/><D117/><U60/><E60/><V51/><F19/><W108/><G108/><T68/><D18/><U24/><E83/><V111/><F111/><W41/><G95/><T94/><D85/><U48/><E15/><V62/><REACH who="2" step="1"/><F27/><REACH who="2" ten="396,198,89,307" step="2"/><W56/><G8/><T52/><D26/><U90/><E24/><V77/><F77/><W9/><G11/><T30/><D10/><U28/><E114/><V107/><F107/><W45/><REACH who="3" step="1"/><G59/><REACH who="3" ten="396,198,89,297" step="2"/><N who="0" m="35303" /><D94/><U7/><E115/><V134/><F134/><W32/><G32/><T76/><D130/><U110/><E112/><V55/><F55/><W17/><G17/><T119/><D131/><U46/><E110/><V96/><F96/><AGARI ba="0,2" hai="2,4,9,13,16,23,41,45,49,56,57,88,93,96" machi="96" ten="30,11600,0" yaku="1,1,7,1,54,2,53,0" doraHai="100" doraHaiUra="132" who="3" fromWho="2" sc="396,0,198,0,89,-116,297,136" owari="396,19.6,198,-20.2,-27,-52.7,433,53.3" /></mjloggm>