<mjloggm ver="2.3"><GO type="225" lobby="0"/><UN n0="%E6%AB%BB%E4%BA%95%E5%A5%8F" n1="%E6%97%A5%E6%9B%9C%E6%97%A5%E3%82%88%E3%82%8A%E3%81%AE%E4%BD%BF%E8%80%85" n2="%2D%E8%B1%8A%E5%8F%A3%E3%82%81%E3%81%90%E3%81%BF%2D" n3="%E3%81%B5%E3%81%98%E3%81%8B%E3%81%A4" dan="17,17,16,17" rate="2208.17,2133.67,2117.91,2240.84" sx="M,M,F,M"/><TAIKYOKU oya="0"/><INIT seed="0,0,0,4,0,108" ten="250,250,250,250" oya="0" hai0="57,26,128,33,27,76,48,46,45,117,118,83,103" hai1="109,130,21,81,124,70,104,25,55,54,49,39,73" hai2="38,87,112,123,127,121,60,34,5,92,99,50,23" hai3="41,15,65,125,24,7,101,120,90,94,17,131,61"/><T2/><D2/><U74/><E39/><V8/><F34/><W20/><G125/><T53/><D128/><U19/><E104/><V1/><F38/><W86/><G131/><T64/><D103/><U89/><E70/><V67/><F87/><W51/><G120/><T122/><D122/><U59/><E130/><V106/><F106/><W36/><G36/><T102/><D102/><U62/><E109/><V97/><F97/><W82/><G51/><T132/><D132/><U114/><E124/><V43/><F127/><W107/><G107/><T14/><D14/><U52/><E114/><V96/><F96/><W98/><G41/><T66/><D46/><U85/><REACH who="1" step="1"/><E55/><REACH who="1" ten="250,240,250,250" step="2"/><V129/><F112/><W0/><G0/><T100/><D118/><U37/><E37/><V135/><F129/><W18/><G7/><T31/><D117/><U16/><E16/><V30/><F123/><W113/><G113/><T56/><D64/><U68/><E68/><V75/><F67/><W93/><G18/><T10/><D66/><U12/><E12/><V80/><F121/><W22/><G15/><T44/><D53/><U28/><E28/><V78/><F30/><W126/><G126/><T116/><D31/><U88/><E88/><V72/><F5/><W35/><G17/><T91/><D91/><U6/><E6/><V47/><F1/><W110/><G110/><T105/><D105/><U77/><E77/><V69/><F78/><W71/><G82/><T13/><D83/><U11/><E11/><V115/><F80/><W79/><G79/><T32/><D76/><U40/><E40/><RYUUKYOKU ba="0,1" sc="250,-15,240,15,250,-15,250,15" hai1="19,21,25,49,52,54,59,62,73,74,81,85,89" hai3="20,22,24,35,61,65,71,86,90,93,94,98,101" /><INIT seed="1,1,1,2,5,48" ten="235,255,235,265" oya="1" hai0="13,1,29,39,21,100,111,54,23,114,58,14,122" hai1="99,46,115,105,123,59,43,127,81,94,40,75,62" hai2="68,121,42,80,113,78,84,50,89,47,119,107,38" hai3="134,120,97,15,28,93,53,117,18,131,31,66,86"/><U90/><E115/><V32/><F119/><W72/><G120/><T7/><D114/><U8/><E123/><V130/><F121/><W109/><G72/><T88/><D39/><U76/><E127/><V83/><F113/><W74/><G74/><T57/><D122/><U56/><E105/><V9/><F130/><W25/><G117/><T108/><D100/><U35/><E35/><V6/><F107/><W65/><G86/><T112/><D112/><U0/><E43/><V69/><F32/><W19/><G131/><T71/><D71/><U41/><E40/><V5/><F5/><W128/><G134/><T106/><D106/><U3/><E8/><V95/><F83/><W60/><G109/><N who="0" m="42059" /><D1/><U27/><E27/><V101/><F101/><N who="3" m="60591" /><G25/><N who="0" m="16559" /><D7/><U17/><E17/><N who="3" m="6154" /><G15/><N who="0" m="5643" /><D23/><U45/><E46/><V20/><F20/><W4/><G4/><T34/><D34/><U51/><REACH who="1" step="1"/><E56/><REACH who="1" ten="235,245,235,265" step="2"/><V63/><F9/><W92/><G128/><T135/><D135/><U16/><E16/><V64/><F6/><W30/><G92/><T77/><D58/><AGARI ba="1,2" hai="28,30,31,53,58,60,65,66" m="6154,60591" machi="58" ten="30,2000,0" yaku="8,1,52,1" doraHai="48" who="3" fromWho="0" sc="235,-23,245,0,235,0,265,43" /><INIT seed="2,0,0,0,2,72" ten="212,245,235,308" oya="2" hai0="17,31,62,81,18,126,38,124,130,90,9,119,21" hai1="28,121,111,120,97,65,103,1,79,0,107,116,45" hai2="30,60,16,122,112,96,108,92,68,127,93,106,5" hai3="48,66,35,114,53,99,128,59,43,75,4,105,29"/><V34/><F112/><W70/><G75/><T77/><D38/><U41/><E116/><V22/><F122/><N who="1" m="47209" /><E111/><V129/><F108/><W117/><G114/><T69/><D119/><U24/><E65/><V132/><F127/><N who="0" m="48682" /><D130/><U19/><E19/><V27/><F129/><W46/><G4/><T67/><D90/><U94/><E94/><V8/><F132/><W76/><G117/><T61/><D62/><U2/><E79/><V125/><F125/><W134/><G134/><T54/><D54/><U37/><E0/><V64/><F106/><W14/><G128/><T85/><D9/><U33/><AGARI ba="0,0" hai="1,2,24,28,33,37,41,45,97,103,107" m="47209" machi="33" ten="30,2000,0" yaku="13,1,23,1" doraHai="72" who="1" fromWho="1" sc="212,-5,245,20,235,-10,308,-5" /><INIT seed="3,0,0,4,1,61" ten="207,265,225,303" oya="3" hai0="107,78,119,22,57,75,110,13,131,108,135,27,128" hai1="70,36,82,89,129,49,11,42,113,134,122,52,117" hai2="71,94,48,99,73,29,63,43,126,124,23,32,98" hai3="26,21,112,30,19,17,74,41,68,97,60,40,123"/><W25/><G123/><T93/><D107/><U79/><E113/><V44/><F73/><W54/><G112/><T69/><D69/><U125/><E122/><V115/><F32/><W38/><G38/><T118/><D135/><U46/><E134/><V8/><F8/><W114/><G74/><T86/><D75/><U101/><E101/><V109/><F115/><W92/><G114/><T104/><D104/><U6/><E125/><N who="2" m="48235" /><F109/><N who="0" m="42090" /><D57/><U120/><E120/><V53/><F94/><W31/><G68/><T59/><D59/><U34/><E34/><V1/><F1/><W15/><G60/><T45/><D45/><U132/><E132/><V80/><F80/><W90/><G54/><T130/><D13/><U50/><E70/><V28/><F23/><N who="3" m="15711" /><G31/><N who="2" m="11849" /><F53/><W85/><G97/><T5/><D5/><U9/><E6/><V4/><F4/><W67/><G19/><N who="0" m="12767" /><D93/><U20/><E20/><V95/><F95/><W88/><G15/><T102/><D102/><U37/><E9/><V35/><F35/><W133/><G133/><T18/><D18/><U0/><E11/><V106/><F106/><W96/><G17/><T16/><D16/><U121/><E0/><V91/><F71/><W56/><G21/><T116/><D116/><U3/><E117/><V55/><F55/><W2/><G2/><T47/><D47/><N who="1" m="27711" /><E3/><V62/><F99/><W105/><G105/><T65/><D65/><U72/><E121/><V12/><F12/><W100/><G25/><T24/><D24/><U76/><E72/><V111/><F111/><W10/><G10/><T39/><D39/><U103/><E36/><RYUUKYOKU ba="0,0" sc="207,15,265,-15,225,15,303,-15" hai0="78,86,118,119,128,130,131" hai2="43,44,48,62,63,91,98" /><INIT seed="4,1,0,2,0,24" ten="222,250,240,288" oya="0" hai0="113,51,3,135,76,91,75,112,8,21,49,71,36" hai1="67,99,121,16,44,47,22,78,18,43,63,17,26" hai2="37,116,72,55,34,32,52,48,19,58,70,31,66" hai3="64,133,50,120,84,33,123,62,100,65,94,59,110"/><T93/><D36/><U105/><E121/><N who="3" m="46666" /><G110/><T106/><D106/><U107/><E78/><V40/><F72/><W92/><G33/><T79/><D71/><U12/><E99/><V108/><F108/><W77/><G133/><T46/><D135/><U117/><E117/><V96/><F116/><W87/><G50/><T115/><D21/><U130/><E130/><V125/><F125/><W95/><G100/><T134/><D134/><U80/><E80/><V82/><F82/><N who="3" m="47183" /><G65/><T35/><D35/><U1/><E67/><V20/><F66/><W61/><G61/><T114/><N who="0" m="28672" /><DORA hai="60" /><T38/><D38/><U10/><E63/><V86/><F37/><W101/><G101/><T0/><D49/><U111/><E111/><V45/><F32/><W53/><G53/><N who="0" m="29943" /><D75/><U15/><E43/><V85/><F40/><W39/><G39/><T14/><D79/><U104/><REACH who="1" step="1"/><E1/><REACH who="1" ten="222,240,240,288" step="2"/><V6/><F48/><W124/><G124/><T42/><D76/><U119/><E119/><V81/><F45/><W2/><G2/><T30/><D42/><U129/><E129/><V9/><F55/><W23/><G87/><N who="0" m="52479" /><D30/><U28/><E28/><V29/><F29/><W98/><G98/><T102/><D102/><U88/><E88/><V90/><F96/><W74/><G74/><T41/><D41/><U4/><E4/><AGARI ba="1,1" hai="0,3,4,8,14" m="52479,29943,28672" machi="4" ten="60,2900,0" yaku="15,1" doraHai="24,60" who="0" fromWho="1" sc="222,42,240,-32,240,0,288,0" /><INIT seed="4,2,0,3,4,20" ten="264,208,240,288" oya="0" hai0="92,0,63,118,91,56,47,124,102,14,94,128,64" hai1="16,93,122,123,87,9,33,70,37,25,65,52,125" hai2="35,42,6,115,13,132,107,76,2,103,69,26,29" hai3="81,68,120,22,17,28,77,90,32,30,3,21,71"/><T99/><D0/><U72/><E72/><V78/><F115/><W61/><G3/><T100/><D128/><U12/><E37/><V104/><F132/><W116/><G116/><T96/><D124/><U50/><E125/><V43/><F2/><W79/><G32/><T58/><D118/><U133/><E133/><V114/><F114/><W126/><G126/><T4/><D47/><U10/><E10/><V15/><F69/><W106/><G106/><T27/><D58/><U75/><E75/><V73/><F73/><W7/><G7/><T112/><D112/><U119/><E119/><V89/><F89/><W130/><G130/><T53/><D91/><U38/><E38/><V121/><F121/><W66/><G71/><T54/><D27/><U131/><E131/><V134/><F134/><W24/><G120/><T84/><D84/><U82/><E93/><V44/><F42/><W88/><G79/><T1/><D1/><U18/><E65/><V67/><F67/><W101/><G101/><T41/><D41/><U23/><E33/><V39/><F103/><W8/><G77/><N who="2" m="29801" /><F15/><N who="3" m="7399" /><G81/><T86/><D86/><U31/><E70/><V62/><F107/><W36/><G36/><T45/><D45/><N who="1" m="27727" /><E31/><V129/><F104/><W57/><G68/><T40/><D40/><U85/><E85/><V135/><F135/><W110/><G30/><T19/><D4/><U51/><E51/><V60/><F129/><W127/><G127/><T11/><AGARI ba="2,0" hai="11,14,19,53,54,56,63,64,92,94,96,99,100,102" machi="11" ten="20,7800,0" yaku="0,1,7,1,9,1,8,1" doraHai="20" who="0" fromWho="0" sc="264,84,208,-28,240,-28,288,-28" owari="348,44.8,180,-32.0,212,-18.8,260,6.0" /></mjloggm>