<mjloggm ver="2.3"><GO type="225" lobby="0"/><UN n0="%E6%80%AA%E3%81%97%E3%81%99%E3%81%8E%E3%82%8B%E3%83%81%E3%83%BC" n1="%E5%84%AA%40%41%42%43" n2="%E6%A1%9C%E8%8A%B1%E9%96%83%E3%80%85" n3="%6A%70%74%77%61%32" dan="16,17,18,16" rate="2102.15,2245.79,2273.64,2056.57" sx="M,M,M,M"/><TAIKYOKU oya="0"/><INIT seed="0,0,0,1,2,3" ten="250,250,250,250" oya="0" hai0="123,81,18,30,84,29,114,131,75,34,67,7,28" hai1="104,113,74,95,66,50,89,46,16,116,25,94,51" hai2="35,108,72,21,117,109,105,22,68,85,42,24,57" hai3="100,19,33,11,102,53,126,26,4,97,63,49,1"/><T43/><D114/><U56/><E116/><V103/><F68/><W9/><G126/><T27/><D123/><U55/><E104/><V110/><F117/><W115/><G115/><T65/><D75/><U17/><E113/><V77/><F72/><W82/><G63/><T124/><D131/><U101/><E74/><V44/><F57/><W6/><G82/><T119/><D124/><U52/><E25/><V128/><F128/><W71/><G71/><T76/><D119/><U132/><E132/><V120/><F120/><W37/><G37/><T129/><D129/><U59/><E101/><V118/><F85/><W73/><G73/><T64/><D43/><U15/><E17/><V130/><F77/><W54/><G19/><T83/><D83/><U5/><E5/><V23/><F118/><W133/><G133/><T10/><REACH who="0" step="1"/><D18/><REACH who="0" ten="240,250,250,250" step="2"/><U93/><E66/><V20/><F130/><W12/><G1/><AGARI ba="0,1" hai="1,7,10,27,28,29,30,34,64,65,67,76,81,84" machi="1" ten="40,7700,0" yaku="1,1,2,1,52,1,53,0" doraHai="3" doraHaiUra="14" who="0" fromWho="3" sc="240,87,250,0,250,0,250,-77" /><INIT seed="0,1,0,5,4,83" ten="327,250,250,173" oya="0" hai0="37,12,14,79,10,104,102,18,68,72,65,42,118" hai1="75,48,56,43,9,70,93,39,76,112,60,86,46" hai2="66,109,90,51,0,127,59,23,120,17,35,53,113" hai3="16,38,105,123,125,85,92,133,81,132,41,126,29"/><T135/><D118/><U21/><E112/><V57/><F120/><W67/><G123/><T32/><D135/><N who="3" m="51785" /><G105/><T13/><D32/><U1/><E75/><V80/><F113/><W117/><G117/><T71/><D79/><U115/><E115/><V78/><F35/><W110/><G110/><T28/><D72/><U108/><E108/><V111/><F0/><W88/><G29/><T34/><D42/><U114/><E114/><V49/><F127/><N who="3" m="48651" /><G67/><T47/><D37/><U63/><E21/><V27/><F90/><W69/><G69/><T95/><D68/><U99/><E70/><V62/><REACH who="2" step="1"/><F51/><REACH who="2" ten="327,250,240,173" step="2"/><W5/><G5/><T44/><D34/><U134/><E134/><V6/><F6/><W87/><G16/><T130/><D18/><U52/><E1/><V36/><F36/><W54/><G54/><T116/><D116/><U89/><REACH who="1" step="1"/><E9/><REACH who="1" ten="327,240,240,173" step="2"/><V122/><F122/><W107/><G38/><T74/><D10/><U11/><E11/><V101/><F101/><W3/><G3/><T61/><D102/><U98/><E98/><V4/><F4/><W31/><G41/><T33/><D28/><U96/><E96/><V30/><F30/><W91/><G31/><T15/><D71/><U8/><E8/><V7/><F7/><W128/><G107/><T84/><D104/><U58/><E58/><V121/><F121/><W55/><G128/><T50/><D130/><U25/><E25/><V64/><F64/><W119/><G119/><T20/><D65/><U124/><E124/><V77/><F77/><W97/><G55/><T24/><N who="0" m="3072" /><DORA hai="45" /><T103/><D24/><RYUUKYOKU ba="1,2" sc="327,-30,240,10,240,10,173,10" hai1="39,43,46,48,52,56,60,63,76,86,89,93,99" hai2="17,23,27,49,53,57,59,62,66,78,80,109,111" hai3="81,85,87,88,91,92,97" /><INIT seed="1,2,2,5,2,0" ten="297,250,250,183" oya="1" hai0="63,24,111,118,99,59,81,126,90,22,119,19,105" hai1="51,53,21,1,109,78,56,76,94,15,20,122,2" hai2="38,77,79,61,32,23,72,64,62,39,4,114,46" hai3="85,107,16,87,18,11,75,13,7,130,84,5,96"/><U8/><E122/><V34/><F114/><W120/><G120/><T115/><D115/><U41/><E1/><V98/><F23/><N who="1" m="8777" /><E2/><V108/><F98/><W93/><G75/><T14/><D111/><U25/><E109/><V35/><F108/><W95/><G130/><T29/><D126/><U48/><E25/><V88/><F88/><N who="3" m="55335" /><G107/><T45/><D105/><U42/><E94/><V36/><F72/><W135/><G135/><T44/><D99/><U65/><E65/><V82/><F46/><W71/><G71/><T91/><D118/><U49/><E42/><V92/><F92/><W66/><G66/><N who="0" m="39295" /><D119/><U116/><E116/><V89/><F64/><W31/><G31/><T70/><D70/><U50/><E41/><V69/><F69/><W33/><G33/><T127/><D127/><U57/><E57/><V40/><F40/><W100/><G18/><AGARI ba="2,2" hai="8,15,18,48,49,50,51,53,56,76,78" m="8777" machi="18" ten="30,1500,0" yaku="8,1" doraHai="0" who="1" fromWho="3" sc="297,0,250,41,250,0,183,-21" /><INIT seed="1,3,0,5,5,83" ten="297,291,250,162" oya="1" hai0="43,67,101,86,16,26,82,129,40,36,9,120,63" hai1="4,14,3,23,91,32,125,37,25,100,105,76,111" hai2="35,94,55,56,51,69,78,33,31,39,80,15,5" hai3="44,61,135,65,103,97,93,22,84,68,123,107,30"/><U64/><E37/><V130/><F130/><W87/><G123/><T17/><D129/><U60/><E76/><V106/><F106/><W115/><G115/><T119/><D119/><U52/><E3/><V53/><F69/><W12/><G135/><T127/><D127/><U72/><E72/><V6/><F39/><W71/><G71/><T42/><D101/><U21/><E4/><V110/><F110/><W11/><G107/><T24/><D36/><U2/><E2/><V29/><F94/><W113/><G113/><T54/><D54/><U121/><E14/><V122/><F122/><W74/><G74/><T45/><D45/><U117/><E52/><V133/><F133/><W92/><G92/><T62/><D9/><U134/><E125/><V0/><F15/><W99/><G99/><T77/><D120/><U66/><E66/><V59/><F0/><W38/><G38/><T128/><D128/><U132/><E117/><V79/><REACH who="2" step="1"/><F80/><REACH who="2" ten="297,291,240,162" step="2"/><W95/><G95/><T75/><D82/><U131/><E131/><V27/><F27/><W96/><G96/><T28/><D26/><U114/><E111/><V47/><F47/><W19/><REACH who="3" step="1"/><G44/><REACH who="3" ten="297,291,240,152" step="2"/><T81/><D75/><U8/><E114/><V70/><F70/><W18/><G18/><T20/><D17/><U124/><E121/><V104/><F104/><W116/><G116/><T50/><D16/><U88/><E134/><V48/><AGARI ba="3,2" hai="5,6,29,31,33,35,48,51,53,55,56,59,78,79" machi="48" ten="25,12000,2" yaku="1,1,0,1,22,2,53,2" doraHai="83" doraHaiUra="1" who="2" fromWho="2" sc="297,-33,291,-63,240,149,152,-33" /><INIT seed="2,0,0,1,2,47" ten="264,228,389,119" oya="2" hai0="69,105,103,50,131,88,90,64,29,75,45,8,56" hai1="61,77,2,66,81,0,59,95,129,31,97,12,114" hai2="126,24,123,120,4,11,99,39,100,109,43,71,119" hai3="130,116,6,17,83,76,125,85,57,128,96,74,3"/><V5/><F119/><W48/><G116/><T98/><D75/><U51/><E114/><V21/><F71/><W115/><G115/><T91/><D131/><N who="3" m="50217" /><G125/><T49/><D8/><U68/><E129/><V60/><F5/><W89/><G17/><T37/><D29/><U86/><E31/><V121/><F126/><W122/><G122/><T36/><D69/><U26/><E26/><V79/><F79/><W41/><G96/><T73/><D73/><U7/><E12/><V78/><F78/><W63/><G6/><T62/><REACH who="0" step="1"/><D50/><REACH who="0" ten="254,228,389,119" step="2"/><U104/><E7/><V82/><F11/><W72/><G3/><T33/><D33/><U111/><E2/><V84/><F4/><W13/><G72/><T25/><D25/><U42/><E0/><V135/><F24/><W23/><G13/><T35/><D35/><U54/><E111/><V32/><F109/><W108/><G108/><T55/><AGARI ba="0,1" hai="36,37,45,49,55,56,62,64,88,90,91,98,103,105" machi="55" ten="30,8000,1" yaku="1,1,0,1,52,1,54,1,53,1" doraHai="47" doraHaiUra="46" who="0" fromWho="0" sc="254,90,228,-20,389,-40,119,-20" /><INIT seed="3,0,0,1,2,86" ten="344,208,349,99" oya="3" hai0="1,56,9,8,125,52,20,103,121,17,66,36,97" hai1="132,105,6,129,74,70,71,11,41,59,29,82,30" hai2="15,126,42,14,44,46,33,24,22,96,39,93,67" hai3="61,31,23,26,4,45,60,127,62,128,133,94,37"/><W106/><G106/><T91/><D121/><U77/><E105/><V7/><F33/><W21/><G128/><T76/><D36/><U13/><E129/><V107/><F107/><W87/><G133/><T69/><D125/><U55/><E41/><V43/><F67/><W109/><G127/><T38/><D38/><U53/><E132/><V110/><F110/><W89/><G109/><T95/><D76/><U104/><E53/><V73/><F73/><W100/><G4/><T75/><D75/><U40/><E40/><N who="2" m="15403" /><F39/><W114/><G114/><T19/><D1/><U88/><E104/><V122/><F122/><W72/><G37/><T12/><D103/><U134/><E30/><N who="2" m="17687" /><F126/><W35/><G72/><T99/><D99/><U131/><E88/><N who="2" m="55335" /><F7/><W85/><G100/><T102/><D102/><U116/><E11/><V101/><F101/><W108/><G108/><T0/><D0/><U47/><E13/><AGARI ba="0,0" hai="13,14,15,44,46" m="55335,17687,15403" machi="13" ten="30,3900,0" yaku="8,1,52,1,54,1" doraHai="86" who="2" fromWho="1" sc="344,0,208,-39,349,39,99,0" owari="344,14.4,169,-23.1,388,48.8,99,-40.1" /></mjloggm>