<mjloggm ver="2.3"><GO type="225" lobby="0"/><UN n0="%E3%81%82%E3%80%81%E8%B2%A0%E3%81%91%E3%81%BE%E3%81%97%E3%81%9F" n1="%E6%B8%A1%E5%A4%A9%E8%97%8D" n2="%48%61%61%61%6C%61%6E%64" n3="%4C%4F%4C%49%54%41" dan="16,16,18,16" rate="2122.90,2131.83,2196.13,2208.17" sx="M,M,M,F"/><TAIKYOKU oya="0"/><INIT seed="0,0,0,5,2,62" ten="250,250,250,250" oya="0" hai0="31,63,42,59,123,97,94,33,108,26,129,51,52" hai1="27,98,22,81,67,4,76,110,9,114,0,56,45" hai2="11,105,127,12,89,50,72,18,126,3,74,28,65" hai3="99,13,78,77,124,19,21,61,111,60,122,84,79"/><T101/><D123/><U34/><E110/><V17/><F105/><W121/><G111/><T15/><D108/><U86/><E114/><V87/><F28/><W30/><G124/><N who="2" m="47657" /><F3/><W47/><G30/><T57/><D129/><U96/><E34/><V1/><F1/><W85/><G99/><T88/><D15/><U54/><E45/><V41/><F18/><W48/><G121/><T106/><D42/><U91/><E76/><V117/><F117/><W95/><G122/><T14/><D14/><U133/><E133/><V29/><F29/><W93/><G93/><T7/><D7/><U75/><E75/><V115/><F65/><W135/><G135/><T131/><D131/><U103/><E103/><V40/><F115/><W38/><G38/><T36/><D36/><U49/><REACH who="1" step="1"/><E67/><REACH who="1" ten="250,240,250,250" step="2"/><V10/><F72/><W71/><G78/><T5/><D5/><U44/><E44/><N who="2" m="25863" /><F74/><W102/><G102/><T70/><D70/><U118/><E118/><V6/><F41/><W8/><G71/><T113/><D113/><U23/><E23/><N who="2" m="11687" /><F6/><W16/><G21/><T104/><D101/><U55/><E55/><AGARI ba="0,1" hai="26,31,33,51,52,55,57,59,63,88,94,97,104,106" machi="55" ten="30,5800,0" yaku="7,1,54,2" doraHai="62" who="0" fromWho="1" sc="250,68,240,-58,250,0,250,0" /><INIT seed="0,1,0,2,0,101" ten="318,182,250,250" oya="0" hai0="27,57,39,4,131,85,50,128,96,102,38,32,116" hai1="18,112,84,73,20,114,129,62,25,74,9,42,67" hai2="86,2,75,54,117,105,109,123,26,22,83,5,89" hai3="41,23,76,24,118,46,90,28,80,19,99,64,7"/><T55/><D116/><U110/><E110/><V40/><F123/><W81/><G118/><T0/><D0/><U58/><E129/><N who="0" m="49737" /><D4/><U98/><E42/><V69/><F117/><W134/><G134/><T36/><D85/><U15/><E84/><V72/><F109/><W127/><G127/><T61/><D27/><U34/><E34/><V111/><F111/><W56/><G7/><T79/><D79/><U59/><E59/><V87/><F69/><W52/><G64/><N who="0" m="38959" /><D32/><U107/><E107/><V132/><F105/><W108/><G108/><T115/><D115/><U126/><E98/><V29/><F132/><W88/><G28/><T135/><D135/><U122/><E122/><V63/><F5/><W120/><G120/><T78/><D78/><U30/><REACH who="1" step="1"/><E126/><REACH who="1" ten="318,172,250,250" step="2"/><V71/><F87/><N who="3" m="48519" /><G99/><T53/><D50/><U103/><E103/><V13/><F86/><W48/><G81/><T1/><D1/><U94/><E94/><AGARI ba="1,1" hai="36,38,39,53,55,94,96,102" m="38959,49737" machi="94" ten="40,2000,0" yaku="19,1" doraHai="101" who="0" fromWho="1" sc="318,33,172,-23,250,0,250,0" /><INIT seed="0,2,0,3,5,17" ten="351,149,250,250" oya="0" hai0="69,52,36,1,22,41,123,112,70,133,28,3,26" hai1="92,96,90,73,29,80,43,93,109,10,129,134,50" hai2="79,6,63,113,38,14,64,2,94,59,95,58,13" hai3="121,125,82,16,11,27,48,30,46,31,89,5,85"/><T4/><D112/><U12/><E109/><V0/><F113/><W8/><G125/><T61/><D123/><U49/><E129/><V108/><F38/><W47/><G121/><T78/><D133/><U24/><E134/><V18/><F108/><W54/><G47/><T71/><D78/><U67/><E67/><V77/><F6/><W60/><G60/><T21/><D4/><U9/><E9/><N who="3" m="3658" /><G5/><T117/><D117/><U66/><E66/><V130/><F64/><W20/><AGARI ba="2,0" hai="16,20,27,30,31,46,48,54,82,85,89" m="3658" machi="20" ten="30,4000,0" yaku="8,1,52,1,54,1" doraHai="17" who="3" fromWho="3" sc="351,-22,149,-12,250,-12,250,46" /><INIT seed="1,0,0,4,0,96" ten="329,137,238,296" oya="1" hai0="92,0,45,15,87,64,79,121,56,114,77,81,111" hai1="60,71,43,51,44,132,3,126,125,98,129,67,19" hai2="80,29,50,113,134,4,54,21,27,120,135,99,41" hai3="7,20,109,31,46,119,25,69,118,103,115,52,75"/><U124/><E3/><V116/><F116/><N who="3" m="44587" /><G115/><T23/><D114/><U97/><E19/><V123/><F113/><W2/><G69/><T38/><D0/><U5/><E5/><V70/><F70/><W13/><G75/><T108/><D121/><U90/><E129/><V22/><F41/><W12/><G109/><N who="0" m="42059" /><D92/><U6/><E6/><V16/><F4/><W73/><G73/><T93/><D93/><N who="1" m="56503" /><E98/><V127/><F127/><N who="1" m="32513" /><U94/><DORA hai="10" /><E94/><V33/><F99/><W86/><G86/><T55/><D64/><U68/><E68/><V63/><F123/><W122/><G103/><T130/><D130/><U91/><E91/><V37/><F120/><W59/><G46/><T36/><D45/><U107/><E107/><V117/><F117/><W102/><G102/><T101/><D101/><U11/><E11/><V133/><F135/><AGARI ba="0,0" hai="43,44,51,60,67,71,132,135" m="32513,56503" machi="135" ten="40,2000,0" yaku="18,1" doraHai="96,10" who="1" fromWho="2" sc="329,0,137,20,238,-20,296,0" /><INIT seed="1,1,0,1,4,47" ten="329,157,218,296" oya="1" hai0="66,116,24,71,78,25,39,1,81,31,93,74,105" hai1="48,52,127,70,69,95,27,26,0,30,53,120,126" hai2="109,68,13,43,28,34,67,33,82,99,129,50,79" hai3="54,135,49,114,4,84,59,14,108,32,58,11,7"/><U125/><E0/><V77/><F109/><W57/><G114/><T89/><D116/><U110/><E120/><V60/><F129/><W98/><G32/><T86/><D1/><U96/><E110/><V103/><F13/><W38/><G38/><T117/><D117/><U37/><E37/><V102/><F102/><W85/><G135/><T62/><D39/><U128/><E53/><V46/><F28/><W97/><G4/><T16/><D31/><U118/><E118/><V87/><REACH who="2" step="1"/><F79/><REACH who="2" ten="329,157,208,296" step="2"/><W112/><G108/><T2/><D2/><U131/><E131/><V134/><F134/><W20/><G112/><T41/><D105/><AGARI ba="1,1" hai="33,34,43,46,50,60,67,68,77,82,87,99,103,105" machi="105" ten="30,3900,0" yaku="1,1,7,1,52,1,53,0" doraHai="47" doraHaiUra="121" who="2" fromWho="0" sc="329,-42,157,0,208,52,296,0" /><INIT seed="2,0,0,4,4,120" ten="287,157,260,296" oya="2" hai0="76,33,81,51,6,56,101,133,5,125,96,98,102" hai1="68,16,107,54,112,24,41,122,7,17,15,126,131" hai2="83,128,71,88,1,35,63,19,109,10,79,61,2" hai3="70,27,119,44,69,45,84,103,53,21,64,78,99"/><V28/><F128/><W123/><G119/><T47/><D33/><U59/><E68/><V73/><F35/><W116/><G116/><T38/><D38/><U121/><E107/><V97/><F28/><W49/><G123/><N who="1" m="47114" /><E112/><V127/><F127/><W20/><G64/><T12/><D133/><U72/><E72/><V37/><F37/><W135/><G135/><T25/><D25/><U43/><E131/><V14/><F109/><W60/><G60/><T89/><D56/><U11/><E126/><V80/><F61/><W65/><G65/><T134/><D134/><U111/><E111/><V57/><F71/><W58/><G70/><T22/><D22/><N who="1" m="13383" /><E17/><V34/><F34/><W36/><G69/><T115/><D115/><U3/><E3/><V50/><F50/><AGARI ba="0,0" hai="7,11,15,41,43,50,54,59" m="13383,47114" machi="50" ten="30,2000,0" yaku="13,1,54,1" doraHai="120" who="1" fromWho="2" sc="287,0,157,20,260,-20,296,0" /><INIT seed="3,0,0,2,2,29" ten="287,177,240,296" oya="3" hai0="116,134,58,57,89,33,110,96,51,71,48,72,25" hai1="109,30,3,53,11,104,13,83,50,62,31,112,7" hai2="68,21,90,63,108,94,6,130,85,79,127,77,26" hai3="93,81,60,99,52,111,103,8,61,133,35,46,14"/><W120/><G120/><T82/><D116/><U73/><E109/><V114/><F114/><W121/><G121/><T122/><D122/><U40/><E112/><V78/><F108/><W49/><G35/><T32/><D110/><U125/><E125/><V2/><F127/><W95/><G111/><T0/><D0/><U88/><E104/><V101/><F130/><W66/><G133/><T124/><D71/><U55/><E3/><V37/><F37/><W97/><G81/><T27/><D124/><U39/><E39/><V56/><F68/><W43/><G43/><T106/><D106/><U102/><E102/><V80/><F6/><N who="3" m="3351" /><G66/><T1/><D1/><U41/><E73/><V16/><F2/><W59/><G59/><T86/><D96/><U119/><E119/><V70/><F70/><W42/><G52/><N who="1" m="20042" /><E62/><V135/><F135/><W24/><G24/><T5/><D5/><U128/><E128/><V12/><F26/><W38/><G38/><T100/><D100/><AGARI ba="0,0" hai="42,46,49,60,61,93,95,97,99,100,103" m="3351" machi="100" ten="30,1500,0" yaku="8,1" doraHai="29" who="3" fromWho="0" sc="287,-15,177,0,240,0,296,15" owari="272,7.2,177,-32.3,240,-16.0,311,41.1" /></mjloggm>