<mjloggm ver="2.3"><GO type="225" lobby="0"/><UN n0="%E3%81%BF%E3%81%BF%E3%81%9A" n1="%E3%81%AA%E3%81%A3%E3%81%8D%E3%82%8A" n2="%72%69%6F%75%63%68%61%6E" n3="%E3%81%8B%E3%82%8F%E3%81%A1%E3%82%83%E3%82%93%35%38" dan="18,18,16,17" rate="2258.25,2186.12,2222.28,2207.19" sx="M,M,M,M"/><TAIKYOKU oya="0"/><INIT seed="0,0,0,4,4,76" ten="250,250,250,250" oya="0" hai0="38,67,93,112,41,132,9,66,128,102,43,34,74" hai1="105,1,97,39,7,95,56,88,111,31,94,65,14" hai2="99,24,40,118,28,22,2,124,63,68,30,80,50" hai3="125,35,98,86,55,57,15,69,3,82,11,18,89"/><T47/><D112/><U13/><E39/><V17/><F124/><W78/><G125/><T103/><D74/><U91/><E105/><V42/><F2/><W73/><G69/><T60/><D34/><U29/><E1/><V117/><F99/><W54/><G35/><T12/><D128/><U59/><E111/><V106/><F106/><W107/><G3/><T46/><D132/><U10/><E14/><V62/><F68/><W92/><G57/><N who="1" m="22090" /><E65/><V119/><F80/><W75/><G75/><T0/><D0/><U27/><E27/><V5/><F5/><W115/><G115/><T116/><D116/><U83/><E83/><V110/><F110/><W32/><G32/><T87/><D87/><AGARI ba="0,0" hai="7,10,13,29,31,87,88,91,94,95,97" m="22090" machi="87" ten="30,2000,0" yaku="8,1,54,1" doraHai="76" who="1" fromWho="0" sc="250,-20,250,20,250,0,250,0" /><INIT seed="1,0,0,1,3,98" ten="230,270,250,250" oya="1" hai0="9,32,116,26,5,105,66,76,10,117,23,55,51" hai1="112,59,125,88,41,18,58,103,124,80,106,65,43" hai2="57,90,93,99,129,132,29,36,121,126,48,1,46" hai3="13,42,119,81,69,8,34,111,78,12,40,114,7"/><U71/><E112/><V49/><F126/><N who="1" m="48745" /><E71/><V19/><F129/><W6/><G114/><T44/><D32/><U127/><E18/><V37/><F132/><W91/><G69/><T73/><D105/><U21/><E21/><V133/><F133/><W27/><G111/><T120/><D120/><U97/><E127/><V20/><F121/><W84/><G119/><T25/><D10/><U96/><E96/><V135/><F1/><W2/><G2/><T108/><D108/><U118/><E118/><V16/><F135/><W72/><G27/><T50/><D66/><U61/><E59/><V30/><F19/><W122/><G34/><T83/><D26/><U110/><E110/><V39/><F57/><W94/><G122/><T79/><D51/><U74/><E74/><V82/><F82/><W15/><G15/><T92/><D79/><U52/><E65/><V87/><F87/><AGARI ba="0,0" hai="41,43,52,58,61,80,87,88,97,103,106" m="48745" machi="87" ten="30,11600,0" yaku="18,1,52,1,54,2" doraHai="98" who="1" fromWho="2" sc="230,0,270,116,250,-116,250,0" /><INIT seed="1,1,0,1,0,42" ten="230,386,134,250" oya="1" hai0="122,47,117,86,106,15,4,83,7,31,69,134,84" hai1="38,118,48,55,95,34,26,58,23,59,20,101,51" hai2="43,97,40,21,62,100,88,93,71,60,11,94,56" hai3="108,9,16,57,33,54,13,133,12,52,67,19,81"/><U85/><E38/><V92/><F71/><W14/><G108/><T78/><D117/><U104/><E118/><V53/><F62/><W120/><G133/><T126/><D69/><U74/><E74/><V91/><F11/><W49/><G33/><T72/><D106/><U45/><E104/><V132/><F132/><W65/><G120/><T29/><D122/><U82/><E34/><V8/><F8/><N who="3" m="6151" /><G81/><T63/><D134/><U0/><E0/><V66/><F66/><W46/><G14/><T5/><D126/><U64/><E64/><V25/><F100/><W10/><G10/><T96/><D72/><U79/><E26/><V76/><F76/><W70/><G70/><T112/><D112/><U24/><E24/><V98/><F94/><W77/><G77/><T90/><D96/><N who="1" m="59551" /><E59/><V28/><AGARI ba="1,0" hai="21,25,28,40,43,53,56,60,88,91,92,93,97,98" machi="28" ten="20,8000,1" yaku="0,1,7,1,9,1,8,1,54,1" doraHai="42" who="2" fromWho="2" sc="230,-21,386,-41,134,83,250,-21" /><INIT seed="2,0,0,5,1,11" ten="209,345,217,229" oya="2" hai0="60,26,27,46,110,57,35,15,72,104,24,84,129" hai1="117,64,92,49,66,28,71,94,3,79,122,126,119" hai2="17,103,68,39,1,81,6,67,5,112,116,34,9" hai3="109,54,30,89,83,32,128,85,78,114,52,51,18"/><V82/><F112/><W88/><G109/><T96/><D72/><U107/><E107/><V86/><F116/><W118/><G118/><T95/><D110/><U10/><E28/><V16/><F34/><W45/><G128/><T76/><D129/><U41/><E79/><V120/><F120/><W105/><G105/><T91/><D35/><U73/><E73/><V29/><F39/><W127/><G127/><T121/><D121/><U100/><E100/><V58/><F68/><W80/><G114/><T124/><D124/><U125/><E41/><V48/><F29/><W74/><G89/><T63/><D46/><U12/><E3/><V44/><F103/><W98/><G98/><T4/><D57/><U7/><E71/><V33/><F33/><W50/><G18/><N who="2" m="7273" /><F1/><W101/><G101/><T42/><D42/><U102/><E102/><V113/><F113/><W131/><G131/><T93/><D104/><U36/><E36/><V21/><F21/><W61/><G61/><T123/><D123/><U75/><E122/><V43/><F9/><W97/><G97/><T111/><D111/><U133/><E10/><V70/><F70/><W134/><G134/><T108/><D108/><U77/><E133/><V90/><F81/><W106/><G106/><T135/><D135/><U13/><E117/><V65/><F58/><N who="3" m="33047" /><G30/><T62/><D4/><AGARI ba="0,0" hai="4,5,6,43,44,48,65,67,82,86,90" m="7273" machi="4" ten="30,2900,0" yaku="8,1,54,1" doraHai="11" who="2" fromWho="0" sc="209,-29,345,0,217,29,229,0" /><INIT seed="2,1,0,2,2,100" ten="180,345,246,229" oya="2" hai0="23,114,12,97,123,78,119,29,111,13,105,45,71" hai1="57,42,134,26,66,11,30,130,124,32,74,95,48" hai2="58,81,36,125,131,10,18,101,104,4,65,14,62" hai3="46,88,1,15,5,109,70,76,110,132,59,77,34"/><V126/><F131/><W69/><G1/><T117/><D123/><U128/><E74/><V91/><F36/><W9/><G34/><T113/><D71/><N who="3" m="27145" /><G132/><T21/><D78/><U49/><E124/><N who="2" m="47723" /><F4/><W17/><G5/><T60/><D60/><N who="1" m="38159" /><E42/><V87/><F101/><W118/><G118/><N who="0" m="45067" /><D45/><U38/><E38/><V83/><F104/><W47/><G59/><T121/><D121/><U63/><E63/><V19/><F18/><W53/><G47/><T133/><D133/><U75/><E134/><V129/><F129/><W99/><G53/><T93/><D111/><N who="3" m="42505" /><G46/><T112/><D29/><U102/><E30/><V90/><F81/><W20/><G20/><N who="0" m="7755" /><D93/><AGARI ba="1,0" hai="9,15,17,76,77,88,93,99" m="42505,27145" machi="93" ten="30,2000,0" yaku="14,1,54,1" doraHai="100" who="3" fromWho="0" sc="180,-23,345,0,246,0,229,23" /><INIT seed="3,0,0,0,2,3" ten="157,345,246,252" oya="3" hai0="95,96,135,14,88,47,57,2,121,20,16,54,48" hai1="71,130,90,68,39,128,78,63,61,35,9,26,118" hai2="53,49,27,45,32,75,70,116,11,80,81,117,42" hai3="40,89,113,129,98,97,77,120,67,21,106,102,44"/><W133/><G113/><T132/><D121/><U30/><E39/><V8/><F70/><N who="1" m="26665" /><E118/><V79/><F81/><W115/><G115/><T50/><REACH who="0" step="1"/><D2/><REACH who="0" ten="147,345,246,252" step="2"/><U56/><E128/><V74/><F117/><W41/><G129/><T76/><D76/><U125/><E78/><V34/><F116/><W12/><G120/><T85/><D85/><U93/><E130/><V84/><F84/><W15/><G77/><T33/><D33/><U131/><E131/><V64/><F32/><W7/><G133/><T10/><D10/><U105/><E9/><V62/><F8/><W17/><G97/><T60/><D60/><U25/><E35/><V58/><F11/><W108/><G98/><T103/><D103/><U111/><E111/><V37/><F75/><W43/><G102/><T46/><D46/><U124/><E61/><V122/><F122/><W112/><G44/><T66/><D66/><U19/><E63/><V28/><F64/><W104/><G67/><T127/><D127/><U0/><E0/><V92/><F62/><W123/><G108/><T23/><D23/><U55/><E124/><V6/><F79/><W94/><G123/><T22/><D22/><U5/><E125/><V29/><F74/><W73/><G73/><T119/><D119/><U38/><E90/><V82/><F34/><W13/><G89/><T109/><D109/><U1/><E1/><V24/><F45/><W72/><G21/><T18/><D18/><U101/><E19/><V91/><F91/><W100/><G17/><T36/><D36/><U126/><E126/><V134/><F37/><W4/><G72/><RYUUKYOKU ba="0,1" sc="147,30,345,-10,246,-10,252,-10" hai0="14,16,20,47,48,50,54,57,88,95,96,132,135" owari="177,-32.3,345,44.5,236,-16.4,242,4.2" /></mjloggm>