<mjloggm ver="2.3"><GO type="225" lobby="0"/><UN n0="%72%61%6B%33" n1="%4C%4F%4C%49%54%41" n2="%6D%75%75%6D%75%72%61" n3="%E5%A4%96%E5%B7%9D%E7%AB%9C%E6%88%90" dan="16,16,17,16" rate="2238.24,2137.33,2205.31,2116.97" sx="M,F,F,M"/><TAIKYOKU oya="0"/><INIT seed="0,0,0,4,3,52" ten="250,250,250,250" oya="0" hai0="63,61,55,126,90,8,72,101,44,81,9,39,0" hai1="36,18,80,118,4,10,11,107,83,85,114,117,33" hai2="56,3,49,122,17,57,68,48,77,106,29,45,13" hai3="26,134,116,69,32,120,70,86,16,128,125,27,54"/><T5/><D126/><U73/><E107/><V112/><F3/><W109/><G120/><T135/><D135/><U59/><E36/><V47/><F112/><W71/><G116/><T130/><D130/><U133/><E33/><V25/><F68/><W12/><G134/><T96/><D9/><U129/><E133/><V2/><F106/><W15/><G128/><T31/><D31/><U28/><E28/><V74/><F2/><W23/><G125/><T75/><D75/><U64/><E129/><V46/><F77/><W123/><G109/><T127/><D127/><U119/><E114/><V132/><F74/><W113/><G113/><T60/><D90/><U14/><E73/><V51/><F122/><W37/><G37/><T21/><D21/><U7/><E18/><V6/><F6/><W78/><G32/><T95/><D55/><U131/><E131/><V24/><F132/><W88/><G123/><T41/><REACH who="0" step="1"/><D61/><REACH who="0" ten="240,250,250,250" step="2"/><U22/><E22/><N who="2" m="15511" /><F25/><W66/><G27/><T89/><D89/><U53/><E118/><V105/><F105/><W84/><G54/><T98/><D98/><U99/><E99/><V38/><F38/><W92/><REACH who="3" step="1"/><G66/><REACH who="3" ten="240,250,250,240" step="2"/><T110/><D110/><U93/><E64/><V102/><F102/><W82/><AGARI ba="0,2" hai="12,15,16,23,26,69,70,71,78,82,84,86,88,92" machi="82" ten="40,8000,1" yaku="1,1,2,1,0,1,54,2,53,0" doraHai="52" doraHaiUra="58" who="3" fromWho="3" sc="240,-40,250,-20,250,-20,240,100" /><INIT seed="1,0,0,1,3,47" ten="200,230,230,340" oya="1" hai0="77,40,116,128,39,94,68,24,44,89,99,49,57" hai1="42,102,127,62,118,79,45,2,18,54,13,66,126" hai2="30,88,43,21,35,16,135,23,76,93,55,103,8" hai3="1,36,25,83,34,132,73,117,12,85,32,82,56"/><U98/><E2/><V71/><F135/><W51/><G1/><T15/><D116/><U60/><E79/><V97/><F71/><W124/><G36/><T115/><D115/><U129/><E129/><V69/><F69/><W70/><G70/><T48/><D128/><U78/><E78/><V96/><F76/><W31/><G82/><T74/><D68/><U4/><E4/><V106/><F43/><W9/><G83/><T92/><D24/><U58/><E118/><V17/><F35/><W131/><G85/><T90/><D15/><U11/><E62/><V120/><F30/><W109/><G12/><T108/><D108/><U113/><E66/><V52/><F8/><W67/><G9/><T26/><D26/><U111/><E111/><V121/><F121/><W41/><G25/><T14/><D14/><U91/><E91/><V46/><F120/><W20/><G31/><T119/><D119/><U122/><E113/><V29/><F29/><W87/><G132/><T110/><D110/><U75/><E75/><V84/><F84/><W3/><G87/><T114/><D114/><U81/><E81/><V80/><F80/><W100/><G34/><T101/><D77/><U22/><E11/><V61/><F61/><W6/><G131/><T104/><D74/><U5/><E5/><V7/><F7/><W105/><G6/><T86/><D57/><U0/><E0/><V63/><F106/><W10/><G3/><T59/><D59/><U65/><E122/><V72/><F72/><W133/><G109/><T130/><D130/><U112/><E112/><V19/><F19/><RYUUKYOKU ba="0,0" sc="200,30,230,-10,230,-10,340,-10" hai0="39,40,44,48,49,86,89,90,92,94,99,101,104" /><INIT seed="2,1,0,3,1,116" ten="230,220,220,330" oya="2" hai0="126,103,72,66,24,19,67,101,16,25,46,37,75" hai1="54,0,48,5,6,113,28,3,93,132,60,11,95" hai2="79,8,127,43,65,44,82,90,91,32,63,49,12" hai3="22,61,107,112,87,125,85,73,114,62,128,80,118"/><V98/><F32/><W88/><G118/><T97/><D46/><U26/><E113/><N who="3" m="43626" /><G128/><T57/><D57/><U9/><E60/><V4/><F127/><W36/><G36/><T102/><D97/><U21/><REACH who="1" step="1"/><E132/><REACH who="1" ten="230,210,220,330" step="2"/><V64/><F98/><W131/><G61/><T52/><D126/><U20/><E20/><V40/><F40/><W134/><G62/><T35/><D35/><U71/><E71/><V23/><F23/><W121/><G22/><T74/><D37/><U89/><E89/><V94/><F65/><N who="0" m="24586" /><D52/><U109/><E109/><V30/><F64/><W34/><G34/><T15/><D15/><U56/><AGARI ba="1,1" hai="0,3,5,6,9,11,21,26,28,48,54,56,93,95" machi="56" ten="20,5200,0" yaku="1,1,0,1,7,1,9,1,53,0" doraHai="116" doraHaiUra="108" who="1" fromWho="1" sc="230,-14,210,65,220,-27,330,-14" /><INIT seed="3,0,0,1,0,42" ten="216,275,193,316" oya="3" hai0="0,7,73,61,14,59,96,85,99,88,132,127,69" hai1="56,121,67,15,68,129,50,115,53,39,46,125,31" hai2="24,86,43,116,100,94,111,17,23,108,44,27,35" hai3="5,133,123,64,30,16,114,87,20,134,10,18,1"/><W109/><G114/><T54/><D73/><U9/><E115/><V65/><F116/><W36/><G123/><T25/><D127/><U28/><E125/><V19/><F65/><W47/><G64/><T102/><D132/><N who="3" m="50793" /><G87/><T90/><D0/><U107/><E107/><V41/><F35/><W131/><G131/><T91/><D69/><U74/><E74/><V51/><F41/><N who="3" m="22951" /><G109/><N who="2" m="42057" /><F86/><W104/><G104/><T40/><D40/><U76/><E129/><V34/><F34/><W95/><G95/><T83/><D25/><AGARI ba="0,0" hai="1,5,10,16,18,20,25,30" m="22951,50793" machi="25" ten="30,5800,0" yaku="20,1,52,1,54,1" doraHai="42" who="3" fromWho="0" sc="216,-58,275,0,193,0,316,58" owari="158,-34.2,275,7.5,193,-20.7,374,47.4" /></mjloggm>