<mjloggm ver="2.3"><GO type="225" lobby="0"/><UN n0="%E3%81%AF%E3%81%BE%E3%81%A1%E3%83%AA%E3%83%BC%E3%82%B0" n1="%E3%81%BF%E3%81%BF%E3%81%9A" n2="%E8%91%B5%E3%81%A1%E3%82%83%E3%82%93" n3="%E3%83%81%E3%83%AF%E3%83%AF%E9%9A%8A%E9%95%B7" dan="17,18,17,16" rate="2149.38,2274.08,2206.46,2099.35" sx="M,M,F,M"/><TAIKYOKU oya="0"/><INIT seed="0,0,0,0,1,83" ten="250,250,250,250" oya="0" hai0="9,50,3,60,19,133,32,24,59,80,89,97,102" hai1="34,106,134,43,75,90,72,130,21,77,47,91,129" hai2="53,66,73,119,52,92,95,26,96,1,121,48,93" hai3="16,112,20,127,113,101,22,38,103,30,35,111,85"/><T120/><D120/><U74/><E34/><V12/><F121/><W82/><G35/><T58/><D133/><U29/><E106/><V124/><F119/><W122/><G38/><T62/><D3/><U51/><E77/><V57/><F1/><W15/><G122/><T25/><D32/><U88/><REACH who="1" step="1"/><E134/><REACH who="1" ten="250,240,250,250" step="2"/><V8/><F124/><W115/><G127/><T109/><D109/><U131/><E131/><V108/><F108/><W84/><G111/><T39/><D39/><U107/><E107/><V44/><F73/><W11/><G113/><T54/><D25/><AGARI ba="0,1" hai="21,25,29,43,47,51,72,74,75,88,90,91,129,130" machi="25" ten="50,3200,0" yaku="1,1,54,1,53,0" doraHai="83" doraHaiUra="71" who="1" fromWho="0" sc="250,-32,240,42,250,0,250,0" /><INIT seed="1,0,0,5,4,24" ten="218,282,250,250" oya="1" hai0="81,31,115,133,25,76,42,34,77,117,66,132,100" hai1="94,45,104,51,22,57,112,60,52,91,47,98,10" hai2="2,82,44,92,109,46,23,84,86,35,9,41,96" hai3="134,103,40,106,1,32,107,69,108,63,122,119,11"/><U15/><E112/><V80/><F35/><W65/><G122/><T111/><D115/><U6/><E104/><V30/><F109/><W121/><G121/><T55/><D117/><U93/><E22/><V3/><F9/><W135/><G108/><T59/><D111/><U12/><E12/><V113/><F113/><W21/><G21/><T83/><D100/><U67/><REACH who="1" step="1"/><E93/><REACH who="1" ten="218,272,250,250" step="2"/><V75/><F23/><W58/><G106/><T50/><D133/><U18/><E18/><V14/><F92/><W85/><G135/><T37/><D132/><U128/><E128/><V5/><F14/><W0/><G134/><T87/><D66/><U95/><E95/><V61/><F3/><W62/><G0/><T89/><REACH who="0" step="1"/><D83/><REACH who="0" ten="208,272,250,250" step="2"/><U127/><E127/><V129/><F80/><W71/><G65/><T28/><D28/><U114/><E114/><V7/><F30/><W79/><G107/><T48/><D48/><U105/><E105/><V72/><F82/><W116/><G116/><T53/><D53/><U99/><E99/><V126/><F126/><W27/><G119/><T70/><D70/><AGARI ba="0,2" hai="6,10,15,45,47,51,52,57,60,67,70,91,94,98" machi="70" ten="30,5800,0" yaku="1,1,7,1,54,1,53,0" doraHai="24" doraHaiUra="16" who="1" fromWho="0" sc="208,-58,272,78,250,0,250,0" /><INIT seed="1,1,0,1,0,90" ten="150,350,250,250" oya="1" hai0="9,39,93,68,74,69,131,8,133,100,73,17,59" hai1="65,26,78,12,105,82,79,52,50,121,61,129,120" hai2="45,126,2,18,54,27,34,30,72,103,118,76,19" hai3="130,48,98,71,42,108,83,7,23,5,94,43,127"/><U44/><E105/><V80/><F118/><W46/><G71/><T66/><D39/><U37/><E37/><V124/><F2/><W62/><G127/><N who="2" m="48681" /><F103/><W135/><G130/><T6/><D131/><U15/><E129/><V106/><F106/><W75/><G135/><T47/><D133/><U55/><E79/><V4/><F4/><W36/><G108/><T97/><D47/><U89/><E55/><V11/><F11/><W41/><G62/><T49/><D69/><U109/><E109/><V0/><F0/><W107/><G107/><T70/><D70/><U25/><E120/><V16/><F19/><W20/><G36/><T1/><D68/><U91/><E121/><V3/><F3/><W10/><G83/><T110/><D110/><U113/><E113/><V117/><F117/><W53/><G75/><T35/><D35/><U101/><E101/><V85/><F72/><W58/><G46/><T114/><D114/><U132/><E132/><V81/><F81/><W102/><REACH who="3" step="1"/><G5/><REACH who="3" ten="150,350,250,240" step="2"/><T60/><REACH who="0" step="1"/><D49/><AGARI ba="1,1" hai="16,18,27,30,34,45,49,54,76,80,85" m="48681" machi="49" ten="30,2000,0" yaku="18,1,54,1" doraHai="90" who="2" fromWho="0" sc="150,-23,350,0,250,33,240,0" /><INIT seed="2,0,0,5,3,47" ten="127,350,283,240" oya="2" hai0="53,79,102,65,67,71,48,82,74,20,9,83,75" hai1="59,80,125,131,78,36,133,70,76,46,129,38,98" hai2="21,85,128,88,69,66,58,84,22,4,49,108,93" hai3="15,26,30,118,87,23,27,68,89,6,95,41,5"/><V35/><F35/><W8/><G68/><T39/><D39/><U122/><E70/><V62/><F128/><N who="1" m="49225" /><E125/><V117/><F117/><W92/><G118/><T106/><D71/><U97/><E133/><V17/><F108/><W18/><G41/><T115/><D115/><U13/><E122/><V73/><F73/><W119/><G119/><T105/><D20/><U33/><E33/><V112/><F112/><W101/><G26/><T50/><D9/><U29/><E29/><V90/><F4/><W1/><G1/><T63/><D53/><U19/><E59/><V55/><REACH who="2" step="1"/><F17/><REACH who="2" ten="127,350,273,240" step="2"/><W135/><G135/><T52/><D52/><U81/><E19/><V116/><F116/><W109/><G109/><T11/><D11/><U42/><E36/><V0/><F0/><W107/><G5/><T123/><D123/><U31/><E31/><V126/><F126/><W32/><G32/><T103/><REACH who="0" step="1"/><D63/><REACH who="0" ten="117,350,273,240" step="2"/><U111/><E111/><V44/><F44/><W96/><REACH who="3" step="1"/><G6/><REACH who="3" ten="117,350,273,230" step="2"/><T16/><D16/><U64/><E38/><V114/><F114/><W130/><G130/><T10/><D10/><U28/><E28/><V60/><F60/><W100/><G100/><T132/><D132/><U54/><E54/><V7/><F7/><W51/><G51/><T86/><D86/><U45/><E42/><V12/><F12/><W77/><G77/><AGARI ba="0,3" hai="48,50,65,67,74,75,77,79,82,83,102,103,105,106" machi="77" ten="25,8000,1" yaku="1,1,22,2,52,2,53,0" doraHai="47" doraHaiUra="14" who="0" fromWho="3" sc="117,110,350,0,273,0,230,-80" /><INIT seed="3,0,0,1,0,41" ten="227,350,273,150" oya="3" hai0="43,114,73,86,116,89,26,132,37,27,102,55,30" hai1="23,80,125,62,83,71,117,79,18,6,53,106,67" hai2="129,66,22,96,69,64,90,75,47,25,103,4,95" hai3="33,92,60,97,94,108,14,127,131,52,91,0,99"/><W70/><G0/><T130/><D73/><U78/><E106/><V11/><F75/><W29/><G127/><T121/><D102/><U74/><E125/><V115/><F115/><W72/><G72/><T51/><D116/><U31/><E117/><V68/><F129/><W104/><G131/><T109/><D109/><U87/><E6/><V101/><F68/><W1/><G1/><T77/><D77/><U3/><E3/><V20/><F20/><W16/><G104/><T133/><D121/><U93/><E93/><V49/><F11/><W19/><G108/><T45/><D114/><U98/><E98/><V8/><F8/><W112/><G112/><T123/><D123/><U85/><E53/><N who="2" m="29887" /><F4/><W135/><G135/><N who="0" m="51787" /><D30/><U128/><E128/><V84/><F69/><W113/><G113/><T124/><D124/><U81/><E31/><N who="2" m="17847" /><F96/><W126/><G126/><T10/><D10/><U39/><E39/><V5/><F5/><W82/><G82/><N who="0" m="49367" /><D130/><U48/><E81/><V12/><F12/><W21/><G19/><T105/><D105/><U40/><E74/><V15/><F15/><W24/><G70/><T59/><AGARI ba="0,0" hai="26,27,37,43,45,51,55,59" m="49367,51787" machi="59" ten="30,2000,0" yaku="20,1,52,1" doraHai="41" who="0" fromWho="0" sc="227,20,350,-5,273,-5,150,-10" owari="247,-15.3,345,44.5,268,6.8,140,-36.0" /></mjloggm>