<mjloggm ver="2.3"><GO type="225" lobby="0"/><UN n0="%E6%A1%9C%E8%8A%B1%E9%96%83%E3%80%85" n1="%E3%81%AF%E3%82%88%E3%81%8A%E3%81%98%E3%81%95%E3%82%93" n2="%43%68%65" n3="%E7%89%87%E5%B9%B3%E5%89%9B" dan="16,16,16,16" rate="2128.36,2114.36,2117.71,2041.14" sx="M,M,M,M"/><TAIKYOKU oya="0"/><INIT seed="0,0,0,3,4,26" ten="250,250,250,250" oya="0" hai0="70,109,62,112,103,28,7,97,86,44,88,22,135" hai1="59,77,78,131,25,19,10,18,60,2,96,110,92" hai2="129,117,81,42,125,29,124,105,107,122,69,95,11" hai3="75,119,53,56,12,15,21,40,94,31,82,8,13"/><T93/><D112/><U51/><E110/><V14/><F69/><W118/><G40/><T71/><D135/><U111/><E111/><V98/><F122/><W76/><G94/><T106/><D109/><U132/><E131/><V89/><F129/><W1/><G21/><T48/><D7/><U43/><E132/><V104/><F117/><W130/><G130/><T47/><D47/><N who="1" m="26111" /><E2/><V114/><F114/><W5/><REACH who="3" step="1"/><G31/><REACH who="3" ten="250,250,250,240" step="2"/><T108/><D108/><U90/><E10/><V120/><F29/><W50/><AGARI ba="0,1" hai="1,5,8,12,13,15,50,53,56,75,76,82,118,119" machi="50" ten="30,4000,0" yaku="1,1,2,1,0,1,53,0" doraHai="26" doraHaiUra="102" who="3" fromWho="3" sc="250,-20,250,-10,250,-10,240,50" /><INIT seed="1,0,0,3,4,76" ten="230,240,240,290" oya="1" hai0="40,64,34,71,83,124,90,107,38,46,60,78,73" hai1="45,77,11,130,70,105,129,35,36,133,63,121,13" hai2="58,48,20,31,95,15,123,127,3,114,88,134,75" hai3="101,52,108,67,94,106,42,55,117,8,82,32,110"/><U116/><E121/><V6/><F123/><W126/><G106/><T50/><D124/><U0/><E116/><V16/><F75/><W118/><G32/><T28/><D90/><U112/><E112/><V128/><F127/><W29/><G29/><T1/><D107/><U65/><E105/><V100/><F114/><W14/><G126/><T37/><REACH who="0" step="1"/><D1/><REACH who="0" ten="220,240,240,290" step="2"/><U125/><E0/><V9/><F100/><W22/><G117/><T18/><D18/><U25/><E125/><V12/><F31/><W72/><G118/><T79/><D79/><U109/><E77/><V21/><F3/><W39/><G101/><T103/><D103/><U10/><E129/><V56/><F128/><W102/><G102/><T41/><D41/><U92/><E130/><V86/><F134/><W81/><G42/><T113/><D113/><U24/><E133/><V131/><F131/><W135/><G135/><T27/><AGARI ba="0,1" hai="27,28,34,37,38,40,46,50,60,64,71,73,78,83" machi="27" ten="30,7900,0" yaku="1,1,0,1,52,1,53,1" doraHai="76" doraHaiUra="47" who="0" fromWho="0" sc="220,89,240,-39,240,-20,290,-20" /><INIT seed="2,0,0,5,0,130" ten="309,201,220,270" oya="2" hai0="131,121,53,110,116,20,65,67,97,57,14,24,58" hai1="104,127,102,59,10,78,105,117,12,75,95,27,73" hai2="61,89,68,37,120,2,54,1,16,55,35,13,92" hai3="21,56,100,94,111,9,51,45,77,98,82,114,83"/><V7/><F120/><W84/><G111/><T87/><D121/><U134/><E117/><V93/><F37/><W122/><G122/><T40/><D110/><U42/><E127/><V49/><F35/><W76/><G114/><T132/><D132/><U41/><E95/><V81/><F7/><W17/><G9/><T47/><D131/><U19/><E134/><V38/><F38/><W63/><G56/><T60/><D14/><U88/><E88/><V115/><F115/><W86/><G63/><T15/><D15/><U96/><E105/><V5/><F5/><W91/><G21/><T80/><D97/><U112/><E112/><V4/><F4/><W71/><G71/><T62/><D53/><U135/><E135/><V66/><F55/><W3/><G17/><T79/><D116/><U44/><E59/><V128/><F128/><W6/><G6/><T119/><D119/><U23/><E78/><V123/><F81/><W11/><G11/><T33/><D33/><U25/><E25/><V31/><F31/><W90/><G3/><T26/><D20/><U85/><E85/><N who="2" m="52271" /><F93/><W129/><G129/><T125/><D125/><U109/><E109/><V74/><F74/><W126/><G126/><T32/><D32/><U39/><REACH who="1" step="1"/><E42/><AGARI ba="0,0" hai="42,45,51,76,77,82,83,84,86,90,91,94,98,100" machi="42" ten="30,3900,0" yaku="7,1,9,1,8,1" doraHai="130" who="3" fromWho="1" sc="309,0,201,-39,220,0,270,39" /><INIT seed="3,0,0,5,3,92" ten="309,162,220,309" oya="3" hai0="131,111,51,81,31,59,12,3,20,99,107,32,108" hai1="57,113,101,15,77,33,106,100,105,5,115,66,19" hai2="79,76,25,56,4,85,89,36,58,90,127,14,119" hai3="23,1,10,117,64,125,9,30,65,88,83,37,49"/><W17/><G37/><T73/><D3/><U7/><E33/><V133/><F36/><W43/><G117/><T13/><D131/><U126/><E77/><V104/><F119/><W8/><G1/><T112/><D112/><U70/><E70/><V135/><F104/><W124/><G30/><T75/><D32/><U35/><E35/><V11/><F25/><W16/><G43/><T91/><D31/><U40/><E40/><V46/><F46/><W71/><G49/><T114/><D114/><U87/><E87/><V0/><F0/><W21/><G71/><T53/><D20/><N who="3" m="7753" /><G88/><T55/><D81/><U45/><E45/><V109/><F90/><W130/><G83/><T72/><D55/><U132/><E66/><N who="3" m="25706" /><G130/><T103/><D91/><U134/><E57/><V97/><F58/><W86/><G86/><T38/><D38/><U110/><E15/><V27/><F56/><W116/><G116/><T67/><D67/><U41/><E41/><V93/><F85/><W69/><G69/><T80/><D80/><U63/><E63/><V2/><F79/><W62/><G62/><T120/><D120/><U122/><E19/><AGARI ba="0,0" hai="8,9,10,16,17,19,124,125" m="25706,7753" machi="19" ten="40,7700,0" yaku="28,2,54,1" doraHai="92" who="3" fromWho="1" sc="309,0,162,-77,220,0,309,77" owari="309,10.9,85,-41.5,220,-18.0,386,48.6" /></mjloggm>