<mjloggm ver="2.3"><GO type="225" lobby="0"/><UN n0="%E9%BB%99%E8%81%B4%E3%81%AE%E3%81%99%E3%82%9D%E3%82%81" n1="%E3%81%82%E3%81%B9%E3%81%99%E3%81%91" n2="%E3%82%BC%E3%83%AB%E3%83%80%E3%81%AE%E4%BC%9D%E8%AA%AC" n3="%47%68%6F%73%74%55%30" dan="16,16,17,16" rate="2130.08,2049.65,2155.27,2133.82" sx="M,M,M,M"/><TAIKYOKU oya="0"/><INIT seed="0,0,0,0,1,59" ten="250,250,250,250" oya="0" hai0="33,89,118,127,130,17,114,110,97,31,63,21,65" hai1="53,26,25,112,61,129,18,40,37,55,124,32,101" hai2="99,62,10,0,68,131,126,70,66,50,93,106,57" hai3="48,52,121,132,56,109,111,82,78,87,8,95,38"/><T20/><D114/><U28/><E129/><V103/><F131/><W125/><G125/><T23/><D130/><U116/><E124/><V9/><F126/><W75/><G38/><T98/><D118/><U77/><E116/><V58/><F106/><W105/><G105/><T3/><D3/><U35/><E112/><V85/><F85/><W45/><G132/><T113/><D113/><U1/><E1/><V2/><F2/><W36/><G121/><T100/><D127/><U60/><E101/><V96/><F96/><W71/><G71/><T91/><BYE who="3" /><D33/><U12/><E37/><UN n3="%47%68%6F%73%74%55%30" /><V42/><F9/><W47/><G8/><T16/><D31/><U44/><E77/><V115/><F115/><W107/><G107/><T15/><D21/><N who="1" m="11463" /><E35/><V134/><F134/><W14/><G14/><T72/><D72/><U73/><E73/><V81/><F81/><W30/><G30/><T49/><D49/><N who="1" m="26759" /><E28/><V133/><F133/><W122/><G122/><T7/><D7/><U13/><E13/><V34/><F34/><W83/><G36/><T119/><D110/><N who="3" m="41993" /><G95/><N who="0" m="58463" /><D97/><U41/><E32/><V74/><F74/><W88/><AGARI ba="0,0" hai="45,47,48,52,56,75,78,82,83,87,88" m="41993" machi="88" ten="30,4000,0" yaku="14,1,54,2" doraHai="59" who="3" fromWho="3" sc="250,-20,250,-10,250,-10,250,40" /><INIT seed="1,0,0,3,4,92" ten="230,240,240,290" oya="1" hai0="125,35,51,68,81,107,42,99,52,114,84,61,96" hai1="47,122,126,41,71,34,100,31,112,16,69,127,77" hai2="36,17,70,86,39,120,60,111,12,133,72,22,75" hai3="19,15,90,55,87,85,48,135,1,6,95,106,123"/><U110/><E112/><V11/><F120/><W25/><G123/><T4/><D114/><U8/><E122/><V118/><F118/><W93/><G106/><T24/><D107/><U9/><E77/><V54/><F111/><W63/><G135/><T59/><D125/><N who="1" m="47627" /><E110/><V88/><F133/><W83/><G1/><T20/><D35/><U62/><E62/><V80/><F22/><W7/><G25/><T32/><D4/><U38/><E100/><V101/><F101/><W33/><G33/><T3/><D3/><U29/><E34/><V78/><F75/><W104/><G63/><T108/><D108/><U89/><E89/><V37/><F54/><W5/><G104/><T134/><D134/><U115/><E9/><V103/><F103/><W28/><G87/><T66/><D42/><U124/><E115/><V98/><F98/><W102/><G102/><T73/><D73/><U109/><E109/><V117/><F117/><W23/><REACH who="3" step="1"/><G28/><REACH who="3" ten="230,240,240,280" step="2"/><N who="1" m="10826" /><E124/><V44/><F72/><W97/><G97/><T132/><D32/><U74/><E74/><V56/><F60/><W119/><G119/><T14/><D132/><U130/><E130/><V2/><F86/><W58/><AGARI ba="0,1" hai="5,6,7,15,19,23,48,55,58,83,85,90,93,95" machi="58" ten="30,4000,0" yaku="1,1,0,1,8,1,53,0" doraHai="92" doraHaiUra="121" who="3" fromWho="3" sc="230,-10,240,-20,240,-10,280,50" /><INIT seed="2,0,0,4,2,8" ten="220,220,230,330" oya="2" hai0="16,87,81,5,76,125,69,71,40,12,89,129,7" hai1="36,45,103,96,119,74,59,122,42,78,21,97,2" hai2="82,133,63,17,85,90,94,54,47,52,66,106,19" hai3="24,33,56,124,128,43,27,61,93,73,135,3,13"/><V72/><F106/><W6/><G73/><T30/><D129/><U110/><E119/><V113/><F113/><W123/><G123/><T75/><D30/><U77/><E110/><V79/><F133/><W95/><G3/><T70/><D40/><U15/><E122/><V109/><F109/><W1/><G1/><T132/><D125/><U60/><E2/><V102/><F102/><W92/><G128/><T31/><D31/><U127/><E74/><V104/><F104/><W29/><G43/><T20/><REACH who="0" step="1"/><D132/><REACH who="0" ten="210,220,230,330" step="2"/><U131/><E131/><V105/><F105/><W58/><G124/><T108/><D108/><U86/><E127/><V51/><REACH who="2" step="1"/><F54/><REACH who="2" ten="210,220,220,330" step="2"/><N who="3" m="33943" /><G135/><T121/><D121/><U53/><E53/><V84/><F84/><W126/><G126/><T111/><D111/><U64/><E86/><V38/><F38/><W101/><G101/><T55/><D55/><U65/><E103/><V4/><F4/><W68/><G6/><T35/><D35/><U39/><E39/><V14/><F14/><W100/><G13/><T28/><D28/><U10/><E15/><V115/><F115/><W80/><G100/><T44/><D44/><U22/><E45/><V9/><F9/><W117/><G29/><T26/><D26/><U62/><E10/><V18/><F18/><W46/><G33/><T48/><D48/><U49/><E49/><V32/><F32/><W67/><G46/><T41/><D41/><U107/><E42/><V130/><F130/><W83/><G24/><T25/><D25/><U99/><E36/><V57/><AGARI ba="0,2" hai="17,19,47,51,52,57,63,66,72,79,82,85,90,94" machi="57" ten="20,7800,0" yaku="1,1,0,1,7,1,54,1,53,0" doraHai="8" doraHaiUra="116" who="2" fromWho="2" sc="210,-26,220,-26,220,98,330,-26" /><INIT seed="2,1,0,3,1,114" ten="184,194,318,304" oya="2" hai0="59,48,21,84,46,133,17,45,34,109,132,53,121" hai1="112,98,4,78,32,43,120,58,62,16,90,44,76" hai2="123,18,99,95,36,47,1,127,38,74,103,115,81" hai3="9,54,23,57,20,86,69,68,130,97,13,71,126"/><V129/><F115/><W55/><G130/><T31/><D109/><U49/><E112/><V11/><F123/><W135/><G135/><N who="0" m="51787" /><D121/><U92/><E120/><V60/><F129/><W66/><G126/><T106/><D106/><U96/><E32/><V100/><F127/><W116/><G116/><T3/><D3/><U70/><E70/><V12/><F1/><W117/><G117/><T118/><D118/><U40/><E40/><V22/><F103/><W107/><G66/><T29/><D84/><U79/><E4/><V39/><F60/><W72/><G72/><T110/><D110/><U67/><REACH who="1" step="1"/><E16/><REACH who="1" ten="184,184,318,304" step="2"/><V88/><F22/><W134/><G20/><T37/><D34/><U113/><E113/><V8/><F8/><W25/><G23/><T0/><D0/><U122/><E122/><V5/><F5/><W91/><G134/><T111/><D111/><U105/><E105/><V128/><F128/><W41/><G41/><N who="0" m="22703" /><D59/><U51/><E51/><V24/><F39/><W2/><G57/><T82/><D82/><U26/><E26/><AGARI ba="1,1" hai="17,21,26,29,31,46,48,53" m="22703,51787" machi="26" ten="30,1000,0" yaku="20,1" doraHai="114" who="0" fromWho="1" sc="184,23,184,-13,318,0,304,0" /><INIT seed="3,0,0,1,4,115" ten="207,171,318,304" oya="3" hai0="57,5,38,80,118,95,35,56,113,111,91,117,14" hai1="116,73,45,82,87,107,33,114,67,43,9,134,119" hai2="34,46,78,16,64,21,98,59,99,12,10,112,2" hai3="81,94,26,74,37,124,122,22,132,71,105,68,11"/><W126/><G105/><T17/><D38/><N who="1" m="21751" /><E114/><V63/><F112/><W101/><G122/><T109/><D35/><U58/><E107/><V72/><F34/><W93/><G37/><T84/><D5/><U39/><E33/><V75/><F75/><W103/><G11/><T60/><D113/><U92/><E39/><V7/><REACH who="2" step="1"/><F46/><REACH who="2" ten="207,171,308,304" step="2"/><W86/><G74/><T6/><D111/><U25/><E134/><V135/><F135/><W79/><G132/><T28/><D109/><U54/><E67/><V70/><F70/><N who="3" m="26667" /><G103/><T62/><D57/><U50/><E73/><V41/><F41/><W32/><G101/><T51/><D56/><U133/><E133/><V8/><F8/><W15/><G32/><T121/><D121/><U128/><E9/><V83/><AGARI ba="0,1" hai="2,7,10,12,16,21,59,63,64,72,78,83,98,99" machi="83" ten="30,7900,0" yaku="1,1,0,1,54,1,53,1" doraHai="115" doraHaiUra="0" who="2" fromWho="2" sc="207,-20,171,-20,308,89,304,-39" owari="187,-21.3,151,-34.9,397,49.7,265,6.5" /></mjloggm>