<mjloggm ver="2.3"><GO type="225" lobby="0"/><UN n0="%72%65%6E%6B%75%6E" n1="%E5%A4%9C%E5%85%89%E5%A4%A9%E6%A5%BC" n2="%E5%8D%A0%E3%81%84%E5%B8%AB%E8%A3%8F%E3%81%AA%E3%81%84%E3%81%97" n3="%E3%81%BE%E3%81%8B%E3%81%B7%E3%82%93" dan="17,17,17,16" rate="2191.92,2162.94,2206.43,2058.71" sx="M,F,M,M"/><TAIKYOKU oya="0"/><INIT seed="0,0,0,2,3,11" ten="250,250,250,250" oya="0" hai0="95,41,57,80,135,15,118,43,132,56,92,114,31" hai1="82,64,71,110,77,29,123,119,47,108,17,53,68" hai2="28,26,16,50,42,70,129,128,74,109,115,69,103" hai3="88,66,81,39,40,86,83,55,124,85,76,7,22"/><T125/><D114/><U25/><E119/><V3/><F115/><W51/><G124/><T75/><D118/><U4/><E123/><V10/><F74/><W65/><G7/><T73/><D31/><U48/><E64/><V89/><F109/><N who="1" m="42089" /><E17/><V6/><F103/><W19/><G40/><T101/><D80/><U131/><E4/><V9/><F89/><W45/><REACH who="3" step="1"/><G39/><REACH who="3" ten="250,250,250,240" step="2"/><T8/><D125/><U21/><E131/><N who="2" m="50251" /><F42/><W14/><AGARI ba="0,1" hai="14,19,22,45,51,55,65,66,76,81,83,85,86,88" machi="14" ten="20,12000,2" yaku="1,1,0,1,7,1,8,1,52,1,54,1,53,0" doraHai="11" doraHaiUra="97" who="3" fromWho="3" sc="250,-60,250,-30,250,-30,240,130" /><INIT seed="1,0,0,1,0,104" ten="190,220,220,370" oya="1" hai0="96,57,10,38,30,51,39,95,2,118,65,69,1" hai1="134,22,93,79,56,32,130,99,89,70,92,122,0" hai2="4,23,12,17,24,115,52,7,46,14,102,20,40" hai3="103,66,72,50,26,127,47,78,83,119,63,109,81"/><U125/><E122/><V135/><F135/><W36/><G109/><T21/><D118/><U94/><E32/><V114/><F102/><W111/><G111/><T126/><D126/><U48/><E70/><V77/><F40/><W11/><G36/><T45/><D69/><U121/><E0/><V73/><F77/><W80/><G127/><T85/><D85/><U129/><E121/><V18/><F46/><W67/><G119/><T13/><D30/><U55/><E125/><V76/><F76/><W33/><G103/><T58/><D21/><U113/><E113/><N who="2" m="43019" /><F52/><W98/><G98/><T6/><D2/><U116/><E116/><V59/><F59/><W100/><G100/><T37/><D1/><U29/><E79/><V43/><F43/><W108/><G11/><T3/><D3/><U25/><E134/><V87/><F87/><W28/><G108/><T82/><D82/><U15/><E15/><N who="2" m="5675" /><F73/><W123/><G123/><T27/><D27/><AGARI ba="0,0" hai="4,7,17,18,20,23,24,27" m="5675,43019" machi="27" ten="30,3900,0" yaku="11,1,34,2" doraHai="104" who="2" fromWho="0" sc="190,-39,220,0,220,39,370,0" /><INIT seed="2,0,0,5,1,74" ten="151,220,259,370" oya="2" hai0="56,84,17,16,85,52,110,2,49,77,30,133,71" hai1="134,11,19,41,106,82,132,102,76,90,97,29,48" hai2="80,1,115,101,46,25,14,31,88,94,34,63,27" hai3="20,9,78,70,13,112,118,93,43,33,60,131,122"/><V37/><F115/><W59/><G118/><T55/><D71/><U24/><E90/><V98/><F1/><W12/><G122/><T18/><D2/><U109/><E109/><V0/><F0/><W72/><G33/><T120/><D110/><U22/><E41/><V50/><F37/><W135/><G70/><T119/><D120/><U81/><E48/><V38/><F38/><W45/><G112/><T36/><D36/><U86/><E11/><V66/><F14/><W67/><G131/><T129/><D119/><U100/><E82/><V61/><F27/><W58/><G135/><N who="1" m="51754" /><E102/><V28/><F28/><AGARI ba="0,0" hai="19,22,24,28,29,76,81,86,97,100,106" m="51754" machi="28" ten="30,2000,0" yaku="20,1,52,1" doraHai="74" who="1" fromWho="2" sc="151,0,220,20,259,-20,370,0" /><INIT seed="3,0,0,4,1,46" ten="151,240,239,370" oya="3" hai0="125,24,133,72,91,65,29,23,39,122,111,35,95" hai1="94,126,81,26,83,3,127,121,134,22,78,117,10" hai2="90,33,25,67,50,97,92,102,110,53,13,40,41" hai3="109,47,9,18,69,31,124,100,132,84,86,5,20"/><W27/><G69/><T4/><D65/><U98/><E121/><V74/><F74/><W32/><G132/><T85/><D133/><U118/><E10/><V51/><F110/><W60/><G124/><N who="1" m="47658" /><E3/><V6/><F67/><W68/><G109/><T58/><D125/><U112/><E134/><V54/><F33/><W17/><G100/><T71/><D71/><U88/><E112/><V130/><F25/><W82/><G47/><T28/><D111/><U38/><E38/><V2/><F2/><N who="3" m="183" /><G17/><T99/><D122/><U7/><E7/><V12/><F130/><W89/><G68/><T30/><D39/><U15/><E15/><N who="2" m="5707" /><F6/><W43/><G86/><T120/><D35/><U57/><E57/><N who="2" m="32951" /><F102/><W76/><G60/><T113/><D4/><U62/><E62/><V64/><F64/><W114/><G114/><T131/><D113/><U42/><E42/><V107/><F107/><W59/><G43/><T135/><D120/><U129/><E129/><V19/><F19/><W75/><G59/><AGARI ba="0,0" hai="40,41,51,54,59,90,92,97" m="32951,5707" machi="59" ten="30,3900,0" yaku="8,1,52,2" doraHai="46" who="2" fromWho="3" sc="151,0,240,0,239,39,370,-39" owari="151,-34.9,240,-16.0,278,7.8,331,43.1" /></mjloggm>