<mjloggm ver="2.3"><GO type="225" lobby="0"/><UN n0="%E3%81%A0%E3%81%8A" n1="%E9%B3%B3%E6%9D%B1%E3%81%AE%E3%81%BF%E3%81%91%E3%81%AB%E3%82%83%E3%82%93" n2="%E3%81%BF%E3%81%BF%E3%81%9A" n3="%E3%83%97%E3%83%AC%E3%83%B4%E3%82%A1%E3%83%86%E3%82%A3" dan="16,16,16,16" rate="2044.45,2109.66,2150.53,2043.12" sx="M,F,M,F"/><TAIKYOKU oya="0"/><INIT seed="0,0,0,4,4,114" ten="250,250,250,250" oya="0" hai0="11,117,83,97,75,18,0,87,95,76,10,54,57" hai1="56,82,112,4,42,1,115,111,61,102,107,21,122" hai2="104,7,66,62,130,49,89,50,55,128,73,16,48" hai3="58,134,78,86,63,31,19,119,13,9,25,45,27"/><T41/><D117/><U69/><E122/><V110/><F73/><W100/><G134/><T109/><D109/><U46/><E69/><N who="2" m="42199" /><F104/><W135/><G135/><T91/><D0/><U113/><E111/><V92/><F7/><W30/><G100/><T88/><D41/><U127/><E127/><V124/><F110/><W123/><G123/><T43/><D18/><U99/><E21/><V116/><F124/><W80/><G119/><T79/><D79/><U96/><E96/><N who="2" m="57359" /><F16/><W8/><G8/><T5/><D43/><U93/><E82/><V133/><F133/><W22/><G45/><T32/><D32/><U121/><E121/><V129/><F116/><W36/><G36/><T17/><D17/><U74/><E74/><V126/><F126/><W34/><G34/><T12/><D10/><U39/><E1/><V38/><F38/><W132/><G132/><T106/><D106/><U85/><E4/><V24/><F24/><W68/><G68/><T65/><D65/><U35/><E35/><V51/><F51/><W77/><G25/><T101/><D75/><U47/><E47/><AGARI ba="0,0" hai="47,48,49,50,55,128,129,130" m="57359,42199" machi="47" ten="30,1000,0" yaku="19,1" doraHai="114" who="2" fromWho="1" sc="250,0,250,-10,250,10,250,0" /><INIT seed="1,0,0,4,4,105" ten="250,240,260,250" oya="1" hai0="18,28,38,113,89,42,85,37,52,25,126,99,31" hai1="59,63,133,56,104,17,24,121,106,1,30,92,123" hai2="57,128,79,49,83,55,12,39,120,65,125,62,54" hai3="131,51,93,117,36,11,76,0,4,84,15,107,129"/><U66/><E133/><V27/><F120/><W53/><G107/><T48/><D113/><U14/><E104/><V60/><F39/><W70/><G70/><T35/><D126/><U91/><E106/><V5/><F125/><W16/><G117/><T64/><D42/><U41/><E1/><V108/><F108/><W135/><G36/><T34/><D64/><U103/><E103/><V114/><F128/><W97/><G135/><T45/><D18/><U88/><E41/><V46/><F114/><W81/><G0/><T2/><D99/><U124/><E59/><V115/><F27/><W109/><G109/><T90/><D2/><U110/><E124/><V72/><F115/><W40/><G40/><T29/><D90/><U43/><E43/><V23/><F23/><W77/><G77/><T6/><D6/><U67/><E67/><V102/><F102/><W116/><G116/><T69/><D69/><U87/><E91/><V94/><F94/><W3/><G3/><T118/><D118/><U75/><E75/><V98/><F98/><W61/><G61/><T50/><D50/><U13/><E13/><V71/><REACH who="2" step="1"/><F12/><REACH who="2" ten="250,240,250,250" step="2"/><W44/><REACH who="3" step="1"/><G4/><AGARI ba="0,1" hai="4,5,46,49,54,55,57,60,62,65,71,72,79,83" machi="4" ten="40,5200,0" yaku="1,1,2,1,52,1,53,0" doraHai="105" doraHaiUra="127" who="2" fromWho="3" sc="250,0,240,0,250,62,250,-52" /><INIT seed="2,0,0,3,3,84" ten="250,240,312,198" oya="2" hai0="88,71,29,130,64,111,77,79,9,61,99,31,86" hai1="123,125,49,114,76,39,38,56,96,70,60,124,10" hai2="78,21,46,26,34,134,102,67,106,113,105,50,94" hai3="58,91,53,15,24,45,52,3,73,17,5,126,48"/><V4/><F113/><W108/><G73/><T62/><D111/><U122/><E76/><V18/><F134/><W42/><G108/><T43/><D130/><U13/><E96/><V72/><F67/><W57/><G126/><N who="1" m="48746" /><E13/><V98/><F4/><W107/><G107/><T47/><D99/><U103/><E10/><V30/><F78/><W82/><G3/><T100/><D100/><U92/><E92/><V80/><F80/><W35/><G5/><T22/><D9/><U6/><E103/><V97/><F72/><W66/><G35/><T129/><D129/><U27/><E27/><V120/><F120/><N who="1" m="46121" /><E6/><V2/><F2/><W128/><G128/><T44/><D61/><U104/><E104/><V54/><F98/><W93/><G24/><AGARI ba="0,0" hai="18,21,24,26,30,34,46,50,54,94,97,102,105,106" machi="24" ten="30,1500,0" yaku="7,1" doraHai="84" who="2" fromWho="3" sc="250,0,240,0,312,15,198,-15" /><INIT seed="2,1,0,2,4,21" ten="250,240,327,183" oya="2" hai0="83,45,129,53,101,59,135,130,43,127,133,1,66" hai1="103,88,102,132,47,64,111,2,22,56,19,82,134" hai2="112,114,40,75,25,98,96,50,125,30,23,90,99" hai3="10,107,81,20,72,126,65,76,44,32,115,4,108"/><V78/><F90/><W110/><G32/><T122/><D1/><U24/><E2/><V54/><F40/><W104/><G115/><T55/><D101/><U9/><E111/><N who="3" m="42538" /><G65/><T77/><D122/><U13/><E47/><V33/><F125/><W80/><G126/><T28/><D28/><U0/><E0/><V123/><F123/><W118/><G118/><T63/><D127/><U37/><E37/><V42/><F42/><W38/><G80/><T93/><D93/><U26/><E64/><V14/><F78/><W109/><N who="3" m="42546" /><W29/><DORA hai="94" /><G38/><N who="0" m="21751" /><D83/><U17/><E56/><V119/><F75/><W95/><G44/><T73/><D77/><U49/><E49/><V89/><F119/><W57/><G57/><N who="0" m="37231" /><D73/><U16/><E132/><N who="0" m="50761" /><D55/><U52/><E52/><V12/><F89/><W97/><G4/><T41/><D41/><U39/><E134/><V27/><F112/><W84/><G10/><T124/><D124/><U113/><E113/><V121/><F114/><W79/><G79/><T61/><AGARI ba="1,0" hai="53,59,61,129,130" m="50761,37231,21751" machi="61" ten="30,4000,0" yaku="20,1,34,2" doraHai="21,94" who="0" fromWho="0" sc="250,43,240,-11,327,-21,183,-11" /><INIT seed="3,0,0,0,3,71" ten="293,229,306,172" oya="3" hai0="79,27,88,52,65,103,108,38,40,56,73,70,98" hai1="117,63,134,50,72,83,30,84,58,28,16,37,25" hai2="97,113,114,102,34,3,131,81,22,24,122,104,1" hai3="31,75,21,19,130,109,49,46,42,54,125,127,35"/><W112/><G75/><T118/><D118/><U115/><E72/><V43/><F81/><W20/><G112/><N who="2" m="43113" /><F22/><W133/><G130/><T87/><D108/><U126/><E115/><V26/><F26/><W13/><G109/><T32/><D79/><U132/><E50/><V99/><F131/><W82/><G133/><N who="1" m="51306" /><E126/><N who="3" m="48138" /><G82/><T123/><D73/><U7/><E7/><V48/><F48/><W39/><G35/><T107/><D123/><U85/><E117/><V93/><F93/><W77/><G77/><T5/><D5/><U94/><E94/><V55/><F55/><W47/><G31/><T41/><D32/><U116/><E28/><N who="2" m="19719" /><F122/><W100/><G100/><T44/><D103/><U8/><E30/><V10/><F10/><AGARI ba="0,0" hai="10,13,19,20,21,39,42,46,47,49,54" m="48138" machi="10" ten="30,2900,0" yaku="18,1,52,1" doraHai="71" who="3" fromWho="2" sc="293,0,229,0,306,-29,172,29" /><INIT seed="3,1,0,3,3,32" ten="293,229,277,201" oya="3" hai0="95,10,23,0,125,33,37,100,66,3,102,5,115" hai1="82,98,105,72,57,63,65,19,117,2,36,118,21" hai2="24,109,94,87,62,15,77,135,49,110,6,101,122" hai3="78,25,51,41,67,60,92,111,64,132,70,8,14"/><W133/><G111/><N who="2" m="42505" /><F135/><N who="3" m="51787" /><G78/><T134/><D134/><U18/><E36/><V58/><F122/><W11/><G67/><T27/><D33/><U28/><E28/><V39/><F39/><W12/><G25/><T38/><D125/><U47/><E47/><V116/><F116/><N who="1" m="44649" /><E82/><N who="2" m="47567" /><F49/><W26/><G26/><T97/><D37/><U16/><E72/><V7/><F24/><W114/><G114/><T17/><D38/><U84/><E84/><V73/><F15/><N who="3" m="5675" /><G92/><T107/><D115/><U119/><N who="1" m="44657" /><U43/><DORA hai="99" /><E43/><V46/><F46/><AGARI ba="1,0" hai="8,11,41,46,51,60,64,70" m="5675,51787" machi="46" ten="30,1500,0" yaku="20,1" doraHai="32,99" who="3" fromWho="2" sc="293,0,229,0,277,-18,201,18" /><INIT seed="3,2,0,5,1,53" ten="293,229,259,219" oya="3" hai0="56,52,65,116,50,69,8,89,131,76,108,88,123" hai1="2,111,20,121,100,13,92,61,58,51,120,107,54" hai2="113,25,112,98,117,17,32,10,97,103,16,109,106" hai3="33,21,122,71,24,60,6,78,63,96,130,101,70"/><W90/><G122/><N who="1" m="47210" /><E107/><V18/><F117/><W124/><G124/><T93/><D116/><U35/><E35/><V94/><F109/><W47/><G130/><T67/><D123/><U12/><E2/><V37/><F37/><W14/><G33/><T38/><D38/><U30/><E30/><V39/><F39/><W115/><G115/><T59/><D69/><U44/><E100/><V36/><F36/><W48/><G78/><T41/><D41/><N who="1" m="24975" /><E92/><V28/><REACH who="2" step="1"/><F10/><REACH who="2" ten="293,229,249,219" step="2"/><N who="3" m="4439" /><G71/><T81/><D8/><U15/><E111/><V79/><F79/><W129/><G70/><T134/><D108/><U49/><E20/><V118/><F118/><W127/><G129/><T99/><D131/><U46/><E12/><V87/><F87/><W11/><G11/><T74/><D134/><U31/><E13/><V91/><AGARI ba="2,1" hai="16,17,18,25,28,32,91,94,97,98,103,106,112,113" machi="91" ten="30,7900,0" yaku="1,1,0,1,54,1,53,1" doraHai="53" doraHaiUra="86" who="2" fromWho="2" sc="293,-22,229,-22,249,95,219,-41" owari="271,7.1,207,-19.3,344,44.4,178,-32.2" /></mjloggm>