<mjloggm ver="2.3"><GO type="225" lobby="0"/><UN n0="%E3%83%B4%E3%83%A0%EF%BC%99%E3%81%A6" n1="%43%68%65" n2="%E3%81%82%E3%81%99%E3%81%AB%E3%82%83%E3%82%80" n3="%E6%A1%9C%E8%8A%B1%E9%96%83%E3%80%85" dan="17,16,16,18" rate="2178.85,2139.12,2078.63,2221.95" sx="M,M,F,M"/><TAIKYOKU oya="0"/><INIT seed="0,0,0,1,0,8" ten="250,250,250,250" oya="0" hai0="4,23,124,21,133,63,76,99,17,3,123,67,95" hai1="34,6,100,128,28,27,121,117,103,53,92,69,97" hai2="59,60,48,114,132,66,12,29,11,81,115,130,87" hai3="74,58,32,57,93,98,119,110,62,64,113,84,82"/><T101/><D123/><U129/><E117/><V41/><F130/><N who="1" m="50281" /><E121/><V122/><F122/><W71/><G119/><T30/><D124/><U135/><E135/><V19/><F29/><W37/><G113/><T112/><D112/><U38/><E38/><V90/><F132/><W72/><G37/><T35/><D133/><U0/><E69/><V31/><F31/><W85/><G32/><T104/><D76/><U88/><E53/><V51/><F51/><W22/><G110/><T54/><D54/><U102/><E6/><V75/><F75/><W7/><G7/><T16/><D95/><N who="1" m="58431" /><E0/><V13/><REACH who="2" step="1"/><F12/><REACH who="2" ten="250,250,240,250" step="2"/><W79/><G72/><T1/><D30/><U49/><E49/><V125/><F125/><W36/><G36/><T40/><D35/><U70/><E70/><V68/><F68/><W107/><G71/><T24/><D40/><U45/><E45/><AGARI ba="0,1" hai="11,13,19,41,45,48,59,60,66,81,87,90,114,115" machi="45" ten="40,5200,0" yaku="1,1,52,1,53,1" doraHai="8" doraHaiUra="77" who="2" fromWho="1" sc="250,0,250,-52,240,62,250,0" /><INIT seed="1,0,0,3,1,2" ten="250,198,302,250" oya="1" hai0="103,52,66,88,89,87,43,12,131,60,92,82,54" hai1="57,93,26,51,67,11,129,47,97,80,65,19,127" hai2="49,75,53,98,104,69,70,101,68,32,81,72,1" hai3="45,118,122,116,48,106,31,74,15,110,24,102,29"/><U41/><E127/><V120/><F120/><W5/><G122/><T34/><D34/><U121/><E129/><V112/><F112/><W28/><G74/><T133/><D131/><U46/><E121/><V113/><F113/><W95/><G106/><T27/><D133/><U126/><E126/><V59/><F32/><W86/><G110/><T135/><D135/><U55/><E80/><V123/><F123/><W71/><G71/><T117/><D117/><N who="3" m="45161" /><G86/><T39/><D103/><U78/><E78/><V134/><F134/><W99/><G15/><T6/><D27/><U4/><E19/><V21/><F1/><W76/><G76/><T130/><D130/><U56/><E26/><V84/><REACH who="2" step="1"/><F21/><REACH who="2" ten="250,198,292,250" step="2"/><N who="3" m="15375" /><G5/><T115/><D115/><U20/><E20/><V91/><AGARI ba="0,1" hai="49,53,59,68,69,70,72,75,81,84,91,98,101,104" machi="91" ten="30,2000,0" yaku="1,1,0,1,53,0" doraHai="2" doraHaiUra="3" who="2" fromWho="2" sc="250,-5,198,-10,292,30,250,-5" /><INIT seed="2,0,0,0,1,25" ten="245,188,322,245" oya="2" hai0="7,109,87,51,33,88,58,120,45,125,94,77,123" hai1="97,2,27,98,3,62,12,79,53,126,103,30,78" hai2="117,129,104,122,113,39,57,92,108,61,135,121,128" hai3="29,63,52,59,118,17,28,43,26,67,84,37,105"/><V99/><F39/><W119/><G105/><T80/><D109/><U60/><E126/><V96/><F113/><W72/><G72/><T111/><D111/><U10/><E3/><V91/><F108/><W47/><G84/><T34/><D125/><U65/><E2/><V8/><F117/><W76/><G76/><T41/><D7/><U73/><E53/><V86/><F8/><W24/><G17/><T0/><D0/><U48/><E48/><V54/><F135/><W75/><G75/><T124/><D124/><U133/><E133/><V42/><F42/><W11/><G11/><T127/><D127/><U132/><E132/><V102/><REACH who="2" step="1"/><F99/><REACH who="2" ten="245,188,312,245" step="2"/><W49/><G118/><T69/><D120/><AGARI ba="0,1" hai="54,57,61,86,91,92,96,102,104,120,121,122,128,129" machi="120" ten="40,12000,1" yaku="1,1,2,1,53,3" doraHai="25" doraHaiUra="116" who="2" fromWho="0" sc="245,-120,188,0,312,130,245,0" /><INIT seed="2,1,0,2,0,67" ten="125,188,442,245" oya="2" hai0="69,62,9,13,43,90,104,23,53,24,132,64,19" hai1="113,33,111,89,71,97,49,102,117,0,82,42,100" hai2="91,38,126,7,133,92,119,114,26,18,10,60,45" hai3="1,75,103,72,63,41,22,58,11,76,74,83,84"/><V127/><F114/><W20/><G103/><T122/><D122/><U44/><E113/><V124/><F119/><W8/><G41/><T68/><D132/><U40/><E117/><V110/><F133/><W2/><G11/><T80/><D104/><U125/><E33/><V108/><F60/><W130/><G130/><T107/><D107/><U87/><E0/><V128/><F128/><W35/><G35/><T15/><D43/><U14/><E111/><N who="2" m="42539" /><F45/><W5/><G1/><T93/><D53/><U36/><E125/><V134/><F38/><W37/><G37/><T78/><D69/><U65/><E40/><V25/><F18/><W129/><G129/><T52/><D52/><U59/><E71/><V79/><F79/><W101/><G101/><T70/><D70/><U4/><E36/><V39/><F39/><W96/><G96/><T105/><D105/><U55/><E97/><N who="2" m="57503" /><F134/><W121/><G121/><T81/><D78/><U48/><E65/><V131/><F131/><W109/><G109/><T95/><D95/><U106/><E106/><V120/><F120/><W85/><G63/><T51/><D51/><U29/><E29/><V112/><F112/><W3/><G58/><T66/><D66/><U54/><E42/><V21/><F21/><W135/><G135/><T86/><REACH who="0" step="1"/><D9/><AGARI ba="1,0" hai="4,9,14,44,48,49,54,55,59,82,87,89,100,102" machi="9" ten="40,1300,0" yaku="8,1" doraHai="67" who="1" fromWho="0" sc="125,-16,188,16,442,0,245,0" /><INIT seed="3,0,0,4,3,126" ten="109,204,442,245" oya="3" hai0="108,71,56,97,91,59,6,25,117,118,114,77,104" hai1="37,15,33,9,38,95,122,124,68,74,20,32,89" hai2="102,19,39,132,111,7,88,98,58,107,8,69,12" hai3="17,125,76,133,86,28,2,10,113,128,34,24,42"/><W31/><G42/><T47/><D71/><U131/><E122/><V49/><F39/><W116/><G76/><T0/><D108/><U41/><E74/><V46/><F111/><W75/><G86/><T63/><D77/><U61/><E20/><V87/><F69/><W101/><G101/><T62/><D114/><U4/><E124/><V123/><F58/><W53/><G53/><T109/><D109/><U65/><E38/><V85/><F132/><W112/><G31/><T96/><D25/><U103/><E103/><V23/><F88/><W1/><G75/><T130/><D91/><U29/><E29/><V84/><F123/><W3/><G116/><T22/><D22/><U78/><E78/><V66/><F66/><W16/><G133/><T81/><D6/><U92/><E92/><V105/><F105/><W52/><G125/><T115/><D115/><U60/><E60/><V80/><F80/><W13/><G52/><T54/><D54/><U90/><E90/><V14/><F85/><W99/><G99/><T72/><D72/><U67/><E67/><V119/><F119/><W100/><G100/><T64/><D64/><U21/><E21/><V11/><F23/><W79/><G79/><T93/><D93/><U129/><E41/><AGARI ba="0,0" hai="7,8,11,12,14,19,41,46,49,84,87,98,102,107" machi="41" ten="30,1000,0" yaku="7,1" doraHai="126" who="2" fromWho="1" sc="109,0,204,-10,442,10,245,0" owari="109,-39.1,194,-20.6,452,55.2,245,4.5" /></mjloggm>