<mjloggm ver="2.3"><GO type="225" lobby="0"/><UN n0="%33%74%72%65%65" n1="%E4%BF%BA%E3%81%A8%E5%A6%96%E5%A4%A2" n2="%E3%83%8F%E3%83%B3%E3%83%89%E3%83%A9%E3%83%BC%E3%83%BB%E3%83%AF%E3%83%B3" n3="%E3%81%8B%E3%82%8F%E3%81%A1%E3%82%83%E3%82%93%35%38" dan="16,17,17,17" rate="2199.30,2184.42,2184.49,2229.10" sx="F,F,M,M"/><TAIKYOKU oya="0"/><INIT seed="0,0,0,5,4,126" ten="250,250,250,250" oya="0" hai0="117,33,20,64,37,132,59,124,58,40,121,71,84" hai1="70,35,96,26,23,77,89,86,63,72,11,14,106" hai2="15,81,118,122,116,32,67,25,60,30,135,114,78" hai3="54,128,95,2,109,24,44,111,101,18,125,17,83"/><T79/><D117/><U76/><E35/><V88/><F122/><W62/><G125/><T110/><D121/><U119/><E119/><V115/><F135/><W53/><G2/><T69/><D33/><U80/><E70/><V0/><F0/><W41/><G83/><T133/><D124/><U45/><E63/><V12/><F118/><W127/><G127/><T7/><D7/><U130/><E45/><V103/><F103/><W55/><G62/><N who="0" m="37975" /><D20/><U10/><E14/><V29/><F116/><W75/><G75/><T49/><D84/><U107/><E76/><V5/><F29/><W91/><G101/><T28/><D79/><U105/><E130/><V112/><F5/><W1/><G128/><T8/><D8/><U104/><N who="1" m="26624" /><DORA hai="51" /><U90/><E96/><V65/><F65/><W22/><G17/><T31/><D110/><N who="3" m="41993" /><G1/><T74/><D74/><U39/><E89/><V9/><F9/><W21/><G21/><T16/><D16/><U100/><E100/><V66/><F66/><W82/><G82/><T85/><D28/><U13/><E13/><V50/><F78/><W43/><G44/><N who="0" m="23567" /><D31/><U4/><E10/><V46/><F81/><W120/><G120/><T6/><D6/><U68/><E11/><V61/><F67/><W134/><G134/><N who="0" m="51819" /><D85/><AGARI ba="0,0" hai="18,22,24,41,43,53,54,55,85,91,95" m="41993" machi="85" ten="30,7700,0" yaku="14,1,52,3" doraHai="126,51" who="3" fromWho="0" sc="250,-77,250,0,250,0,250,77" /><INIT seed="1,0,0,1,4,114" ten="173,250,250,327" oya="1" hai0="15,98,121,125,29,54,24,72,99,0,63,67,94" hai1="107,117,28,102,39,33,38,22,48,124,19,49,34" hai2="81,88,61,84,23,50,1,44,77,31,101,71,105" hai3="65,37,122,116,104,83,36,45,30,64,86,69,112"/><U7/><E124/><V58/><F1/><W56/><G104/><T9/><D0/><U79/><E7/><V75/><F71/><W43/><G30/><T82/><D125/><U118/><E79/><V59/><F105/><W26/><G112/><T25/><D121/><U62/><E107/><V126/><F101/><W60/><G26/><T85/><D72/><U2/><E102/><V127/><F127/><W13/><G122/><T106/><D106/><U92/><E92/><V66/><F126/><W78/><G65/><T93/><D54/><U6/><E62/><V46/><F59/><W21/><G116/><N who="1" m="44650" /><E49/><V76/><F75/><W95/><G95/><T134/><D134/><U12/><E48/><V51/><F51/><W18/><G69/><T73/><D73/><U91/><E91/><V3/><F3/><W70/><G70/><T103/><D63/><U108/><E34/><V27/><REACH who="2" step="1"/><F46/><REACH who="2" ten="173,250,240,327" step="2"/><W130/><G45/><T128/><D103/><U55/><E39/><V80/><F80/><W53/><G83/><T96/><D82/><U42/><E38/><V119/><F119/><W129/><G37/><T120/><D120/><U113/><E113/><V115/><F115/><W132/><G36/><T110/><D94/><U32/><E2/><V17/><F17/><W87/><G18/><T109/><D93/><U90/><E19/><V16/><F16/><W40/><G56/><T133/><D133/><U41/><E6/><V89/><F89/><W20/><G132/><T68/><D68/><U111/><E90/><V11/><F11/><W14/><G64/><T100/><D67/><RYUUKYOKU ba="0,1" sc="173,-10,250,-10,240,30,327,-10" hai2="23,27,31,44,50,58,61,66,76,77,81,84,88" /><INIT seed="2,1,1,0,3,102" ten="163,240,270,317" oya="2" hai0="74,38,120,68,49,14,95,23,43,3,2,92,124" hai1="67,135,44,78,20,91,12,21,129,69,17,125,32" hai2="1,117,39,116,61,8,55,71,112,109,103,51,85" hai3="65,25,5,19,47,89,16,87,86,63,10,50,33"/><V34/><F112/><W75/><G75/><T57/><D120/><U115/><E115/><V101/><F34/><W76/><G76/><T41/><D74/><U99/><E32/><V58/><F39/><W26/><G87/><T130/><D2/><U132/><E78/><V108/><F85/><W46/><G46/><T100/><D3/><U80/><E44/><V70/><F1/><W127/><G127/><T98/><D68/><N who="2" m="26154" /><F8/><W128/><G26/><T24/><D130/><U90/><E125/><V13/><F13/><N who="3" m="5327" /><G33/><T121/><D121/><U113/><E129/><V104/><F101/><W15/><G25/><T27/><D38/><U11/><E80/><V48/><F103/><W72/><G72/><T114/><D114/><U111/><E113/><V77/><F77/><W106/><G106/><T60/><D124/><U64/><E69/><V37/><F104/><W31/><G31/><T42/><D24/><U88/><E99/><V29/><F29/><W22/><G19/><N who="0" m="10743" /><D27/><U131/><E131/><V59/><F37/><W97/><G97/><T123/><D123/><U93/><E93/><V18/><F18/><W96/><G96/><T36/><D95/><U110/><E20/><V66/><F48/><W6/><G6/><T94/><D94/><U126/><E21/><V105/><F105/><W45/><G50/><T4/><D36/><U82/><E126/><V118/><AGARI ba="1,1" hai="51,55,58,59,61,66,108,109,116,117,118" m="26154" machi="118" ten="40,3900,0" yaku="34,2" doraHai="102" who="2" fromWho="2" sc="163,-14,240,-14,270,52,317,-14" /><INIT seed="2,2,0,3,0,65" ten="149,226,322,303" oya="2" hai0="56,12,4,6,66,45,121,40,24,22,2,105,93" hai1="117,95,83,52,55,31,46,122,100,37,74,32,29" hai2="27,16,13,48,11,89,77,127,84,85,67,91,53" hai3="50,90,0,87,21,86,73,20,68,94,119,101,30"/><V109/><F127/><W28/><G73/><T36/><D121/><U92/><E117/><V97/><F109/><W9/><G119/><T113/><D113/><U17/><E122/><V58/><F77/><W126/><G68/><T18/><D105/><U129/><E129/><V70/><F70/><W123/><G123/><T71/><D2/><U26/><E37/><V57/><F27/><W44/><G126/><T133/><D133/><U79/><E100/><V41/><F41/><W59/><G0/><T132/><D132/><U99/><E99/><V8/><F8/><W69/><G69/><T118/><D118/><U125/><E29/><N who="3" m="11370" /><G101/><T98/><D56/><U62/><E125/><V34/><F34/><W38/><G38/><T23/><D23/><U110/><E17/><V54/><F67/><W19/><G59/><T5/><D24/><U106/><E106/><V124/><F124/><W78/><G78/><T104/><D104/><U135/><E110/><V47/><F97/><N who="3" m="57559" /><G9/><T75/><D75/><U115/><E135/><V39/><F39/><W7/><G7/><T116/><D116/><U128/><E128/><V10/><F10/><W33/><G33/><T80/><D80/><U3/><E3/><V111/><F111/><W130/><G130/><T114/><D114/><U15/><E115/><V96/><F96/><W63/><G20/><T60/><REACH who="0" step="1"/><D5/><REACH who="0" ten="139,226,322,303" step="2"/><U134/><E134/><V61/><F58/><W88/><G21/><T49/><D49/><N who="1" m="28727" /><E15/><V82/><F82/><W120/><G120/><T112/><D112/><U42/><E74/><V1/><F1/><W25/><G25/><RYUUKYOKU ba="2,1" sc="139,15,226,-15,322,15,303,-15" hai0="4,6,12,18,22,36,40,45,60,66,71,93,98" hai2="11,13,16,47,48,53,54,57,61,84,85,89,91" /><INIT seed="2,3,1,4,5,50" ten="154,211,337,288" oya="2" hai0="75,88,65,130,118,27,11,97,45,77,93,58,39" hai1="16,80,1,107,38,9,133,55,18,114,60,98,99" hai2="10,134,70,19,57,52,4,32,111,40,15,82,119" hai3="43,84,126,69,5,113,105,94,31,128,102,17,29"/><V116/><F70/><W30/><G69/><T14/><D130/><U123/><E114/><V13/><F32/><W131/><G105/><T108/><D108/><U92/><E38/><V103/><F111/><W72/><G72/><T79/><D118/><U61/><E133/><V127/><F134/><W64/><G64/><T25/><D39/><U49/><E123/><V121/><F121/><W109/><G109/><T47/><D65/><U46/><E107/><V122/><F122/><W63/><G63/><T62/><D75/><U78/><E1/><V54/><F127/><W106/><G106/><T22/><D47/><U125/><E125/><V110/><F110/><W95/><G126/><T6/><D45/><U135/><E135/><V129/><F129/><W26/><G113/><T35/><D35/><U12/><E18/><V53/><F40/><W24/><G43/><T87/><D87/><N who="1" m="48535" /><E99/><V34/><F34/><W7/><G30/><T41/><D41/><U0/><E0/><V2/><F2/><W8/><G84/><T104/><D104/><U83/><E83/><V42/><F42/><W117/><G117/><T112/><D112/><U3/><E3/><V101/><F82/><W68/><G68/><T37/><D37/><U90/><AGARI ba="3,1" hai="9,12,16,46,49,55,60,61,90,92,98" m="48535" machi="90" ten="30,4000,0" yaku="8,1,52,1,54,1" doraHai="50" who="1" fromWho="1" sc="154,-13,211,59,337,-23,288,-13" /><INIT seed="3,0,0,4,5,75" ten="141,270,314,275" oya="3" hai0="3,2,24,37,115,134,25,13,66,74,130,128,59" hai1="43,103,93,31,22,80,122,60,99,35,41,109,40" hai2="76,110,44,72,63,47,30,120,42,62,107,69,26" hai3="28,97,46,49,53,124,6,87,0,19,129,38,98"/><W104/><G129/><N who="0" m="49771" /><D59/><U12/><E122/><V101/><F120/><W45/><G124/><T4/><D66/><U8/><E109/><V105/><F110/><W68/><G68/><T126/><D37/><U100/><E35/><N who="2" m="20951" /><F47/><W132/><G132/><T119/><D74/><U108/><E108/><V106/><F62/><W1/><G1/><N who="0" m="11" /><D119/><U52/><E100/><V90/><F90/><W121/><G121/><T85/><D85/><U58/><E80/><N who="2" m="45063" /><F101/><W81/><G28/><T65/><D65/><U111/><E111/><V39/><F63/><W48/><G38/><T118/><D118/><U23/><E31/><V123/><F123/><W9/><G104/><T78/><D78/><U10/><E10/><V135/><F69/><W21/><G87/><T131/><N who="0" m="49779" /><T95/><DORA hai="96" /><D95/><U114/><E43/><V57/><F57/><W77/><G81/><T73/><D73/><U11/><E41/><V64/><F64/><W127/><G77/><T33/><D134/><AGARI ba="0,0" hai="39,42,44,105,106,107,134,135" m="45063,20951" machi="134" ten="40,2600,0" yaku="23,1,52,1" doraHai="75,96" who="2" fromWho="0" sc="141,-26,270,0,314,26,275,0" owari="115,-38.5,270,-13.0,340,44.0,275,7.5" /></mjloggm>