<mjloggm ver="2.3"><GO type="225" lobby="0"/><UN n0="%E3%82%BF%E3%83%BC%E3%83%90%E3%83%B3%E9%87%8E%E5%8F%A3" n1="%E7%99%BD%E9%9B%AA%E4%B9%83%E6%84%9B" n2="%E7%99%BD%E6%97%A5%E9%9B%AA%E8%8F%9C" n3="%72%69%6F%75%63%68%61%6E" dan="16,16,16,17" rate="2122.74,2073.94,2186.47,2243.60" sx="M,F,M,M"/><TAIKYOKU oya="0"/><INIT seed="0,0,0,1,5,0" ten="250,250,250,250" oya="0" hai0="14,76,59,25,81,36,41,47,86,35,125,26,27" hai1="107,9,18,88,7,30,12,38,135,63,22,57,93" hai2="43,40,5,15,6,103,1,115,83,32,110,133,50" hai3="51,39,124,118,114,67,134,132,91,49,69,105,71"/><T101/><D125/><U82/><E135/><N who="3" m="51754" /><G105/><T126/><D126/><U87/><E107/><V10/><F133/><W84/><G124/><T34/><D101/><U62/><E38/><V120/><F115/><W52/><G39/><T46/><D46/><U44/><E44/><V95/><F120/><W109/><G118/><T16/><REACH who="0" step="1"/><D59/><REACH who="0" ten="240,250,250,250" step="2"/><U11/><E57/><V66/><F110/><W74/><G109/><T92/><D92/><U113/><E113/><V21/><F95/><W77/><G114/><T33/><D33/><U45/><E45/><V119/><F103/><W78/><G71/><T122/><D122/><U3/><REACH who="1" step="1"/><E93/><REACH who="1" ten="240,240,250,250" step="2"/><V29/><F119/><W123/><G69/><T98/><D98/><U99/><E99/><V61/><F32/><W104/><G123/><T55/><D55/><U90/><E90/><V94/><F94/><W117/><G52/><T64/><D64/><U75/><E75/><V112/><F66/><W108/><G67/><T42/><D42/><U56/><E56/><V102/><F43/><W89/><G91/><T65/><D65/><U19/><E19/><V8/><F40/><W121/><G121/><T72/><D72/><U128/><E128/><V70/><F112/><W2/><G74/><T17/><D17/><U23/><E23/><AGARI ba="0,2" hai="14,16,23,25,26,27,34,35,36,41,47,76,81,86" machi="23" ten="40,3900,0" yaku="1,1,54,1,53,0" doraHai="0" doraHaiUra="58" who="0" fromWho="1" sc="240,59,240,-39,250,0,250,0" /><INIT seed="0,1,0,2,4,78" ten="299,201,250,250" oya="0" hai0="8,33,80,2,56,60,20,69,128,7,100,111,106" hai1="30,109,49,65,93,6,13,14,46,11,90,42,83" hai2="52,27,12,103,26,96,71,82,120,121,1,67,25" hai3="94,28,95,21,79,16,18,97,51,3,124,92,74"/><T134/><D33/><U85/><E109/><V75/><F1/><W88/><G3/><T63/><D134/><U102/><E65/><V101/><F71/><W135/><G135/><T31/><D128/><U4/><E30/><V77/><F67/><W113/><G113/><T10/><D69/><U68/><E68/><V105/><F103/><W115/><G115/><T132/><D132/><U133/><E133/><V112/><F112/><W126/><G28/><T40/><D111/><U17/><E14/><V34/><F34/><W84/><G51/><T123/><D123/><U130/><E130/><V122/><F12/><W70/><G70/><T55/><D40/><U81/><E102/><V47/><REACH who="2" step="1"/><F47/><REACH who="2" ten="299,201,240,250" step="2"/><W23/><G126/><T54/><D100/><U127/><E127/><V64/><F64/><W116/><G124/><T37/><D2/><U35/><E35/><V48/><F48/><W24/><G116/><T61/><D37/><U76/><REACH who="1" step="1"/><E81/><REACH who="1" ten="299,191,240,250" step="2"/><V15/><F15/><N who="3" m="9375" /><G74/><AGARI ba="1,2" hai="4,6,11,13,17,42,46,49,74,76,83,85,90,93" machi="74" ten="30,7700,0" yaku="1,1,7,1,52,1,53,1" doraHai="78" doraHaiUra="36" who="1" fromWho="3" sc="299,0,191,100,240,0,250,-80" /><INIT seed="1,0,0,3,5,100" ten="299,291,240,170" oya="1" hai0="7,102,56,126,65,97,111,45,58,107,119,37,75" hai1="69,103,124,121,23,117,90,39,32,116,5,41,77" hai2="99,25,115,122,59,94,112,16,113,46,74,6,3" hai3="85,2,31,11,17,82,108,29,50,80,101,19,81"/><U73/><E121/><V70/><F70/><W66/><G108/><T9/><D119/><U105/><E32/><V72/><F122/><W134/><G134/><T26/><D111/><U38/><E69/><V22/><F59/><W128/><G128/><T48/><D126/><U76/><E5/><V125/><F125/><W84/><G66/><T13/><D75/><U8/><E124/><V34/><F34/><W33/><G33/><T93/><D37/><U10/><E23/><V64/><F64/><W60/><G60/><T61/><D26/><U114/><E90/><V83/><F46/><W68/><G68/><T14/><D56/><U120/><E120/><V96/><F83/><W62/><G62/><T12/><REACH who="0" step="1"/><D93/><REACH who="0" ten="289,291,240,170" step="2"/><U71/><E71/><V36/><F36/><W130/><G130/><T21/><D21/><U24/><E24/><V129/><F129/><W86/><G101/><T53/><AGARI ba="0,1" hai="7,9,12,13,14,45,48,53,58,61,65,97,102,107" machi="53" ten="20,8000,1" yaku="1,1,0,1,7,1,52,1,53,1" doraHai="100" doraHaiUra="55" who="0" fromWho="0" sc="289,90,291,-40,240,-20,170,-20" /><INIT seed="2,0,0,5,2,116" ten="379,251,220,150" oya="2" hai0="62,134,103,126,69,82,52,14,128,109,130,102,98" hai1="129,50,48,39,46,95,118,53,94,133,43,6,57" hai2="124,4,55,25,127,80,104,77,59,71,123,120,101" hai3="89,68,64,73,17,114,15,11,67,13,54,63,2"/><V70/><F4/><W92/><G114/><T23/><D109/><U22/><E118/><V106/><F25/><W44/><G73/><T36/><D36/><U5/><E129/><N who="0" m="49769" /><D126/><N who="2" m="48170" /><F71/><W88/><G2/><T110/><D110/><U74/><E74/><N who="2" m="43063" /><F70/><W35/><G35/><T131/><D131/><U40/><E133/><V47/><F47/><W115/><G115/><T96/><D82/><U33/><E33/><V93/><F93/><N who="1" m="35337" /><E39/><V61/><F101/><N who="0" m="38410" /><D134/><U32/><E32/><V8/><F8/><W86/><G64/><N who="0" m="41111" /><D52/><N who="1" m="29719" /><E22/><V9/><F9/><W90/><REACH who="3" step="1"/><G15/><REACH who="3" ten="379,251,220,140" step="2"/><T111/><D111/><U79/><E79/><V16/><F120/><W29/><G29/><T66/><D66/><U42/><AGARI ba="0,1" hai="5,6,40,42,43,50,53,57" m="29719,35337" machi="42" ten="30,2000,0" yaku="8,1,54,1" doraHai="116" who="1" fromWho="1" sc="379,-5,251,30,220,-10,140,-5" /><INIT seed="3,0,0,0,3,120" ten="374,281,210,135" oya="3" hai0="30,73,91,55,66,90,95,32,42,72,64,134,70" hai1="28,6,2,59,62,125,15,24,71,56,52,88,80" hai2="103,37,36,29,33,75,130,57,41,96,38,0,94" hai3="49,77,117,61,40,83,22,115,69,106,68,10,50"/><W44/><G115/><T116/><D116/><U78/><E2/><V109/><F0/><W89/><G117/><T112/><D134/><U34/><E125/><V107/><F75/><W31/><G106/><T108/><D42/><U43/><E43/><V25/><F130/><W102/><G102/><T87/><D32/><U124/><E124/><V128/><F128/><W101/><G101/><T8/><D30/><U118/><E118/><V104/><F41/><W133/><G133/><T23/><D23/><N who="1" m="15391" /><E71/><V16/><F109/><W111/><G89/><T9/><D91/><U76/><E34/><V110/><F110/><W17/><G111/><T85/><D108/><U13/><E59/><V132/><F132/><W21/><G50/><T126/><D55/><U63/><E63/><V20/><REACH who="2" step="1"/><F57/><REACH who="2" ten="374,281,200,135" step="2"/><W46/><G46/><T67/><D72/><U18/><E6/><V60/><F60/><W119/><G119/><T81/><D73/><U4/><E4/><V1/><F1/><W84/><G61/><T51/><D70/><U135/><E135/><V105/><F105/><W122/><G122/><T114/><D126/><U14/><E18/><V86/><F86/><AGARI ba="0,1" hai="13,14,15,52,56,62,76,78,80,86,88" m="15391" machi="86" ten="30,3900,0" yaku="8,1,54,2" doraHai="120" who="1" fromWho="2" sc="374,0,281,49,200,-39,135,0" owari="374,47.4,330,13.0,161,-23.9,135,-36.5" /></mjloggm>