<mjloggm ver="2.3"><GO type="225" lobby="0"/><UN n0="%E6%B8%85%E9%A2%A8%E5%8C%97" n1="%48%61%61%61%6C%61%6E%64" n2="%E3%82%BC%E3%83%AB%E3%83%80%E3%81%AE%E4%BC%9D%E8%AA%AC" n3="%E3%81%BF%E3%81%BF%E3%81%9A" dan="17,18,17,18" rate="2174.01,2214.76,2207.78,2246.16" sx="F,M,M,M"/><TAIKYOKU oya="0"/><INIT seed="0,0,0,1,3,133" ten="250,250,250,250" oya="0" hai0="87,132,118,8,64,73,131,46,109,24,127,5,44" hai1="57,90,104,78,121,2,94,106,63,105,103,120,129" hai2="53,17,35,100,91,72,29,122,48,96,45,116,69" hai3="134,67,22,18,31,9,113,40,117,33,16,26,83"/><T12/><D118/><U79/><E2/><V60/><F122/><N who="1" m="47209" /><E57/><V59/><F116/><W128/><G113/><T21/><D73/><U95/><E63/><V38/><F72/><W7/><G67/><T65/><D132/><U10/><E10/><V123/><F123/><W61/><G61/><T11/><D109/><U112/><E112/><V119/><F119/><W130/><G117/><T71/><D131/><N who="3" m="50217" /><G40/><T15/><D127/><U56/><E56/><V30/><F91/><W14/><G83/><T80/><D71/><U124/><E129/><V74/><F74/><W93/><G93/><T20/><D24/><U85/><E124/><V52/><F35/><W110/><G134/><T88/><D21/><U114/><E114/><V27/><F38/><W41/><G41/><T32/><D20/><U37/><E37/><V98/><F69/><W81/><G81/><T107/><D107/><N who="1" m="27395" /><U4/><DORA hai="19" /><E4/><V47/><F47/><N who="0" m="17962" /><D32/><U0/><E0/><V125/><F125/><W68/><G68/><T13/><D13/><U84/><E84/><V23/><F100/><W75/><G75/><T135/><D135/><U97/><AGARI ba="0,0" hai="78,79,85,90,94,95,97,103" m="27395,47209" machi="97" ten="50,3200,0" yaku="34,2" doraHai="133,19" who="1" fromWho="1" sc="250,-16,250,32,250,-8,250,-8" /><INIT seed="1,0,0,2,3,60" ten="234,282,242,242" oya="1" hai0="113,12,114,2,88,103,121,124,106,95,77,48,7" hai1="52,68,18,44,105,96,8,78,99,109,97,131,92" hai2="36,130,94,85,45,22,16,107,115,102,25,26,1" hai3="24,74,91,23,132,14,82,69,126,42,67,86,43"/><U30/><E131/><V71/><F1/><W32/><G126/><T79/><D2/><U116/><E116/><V80/><F130/><W19/><G132/><T34/><D34/><U29/><E68/><V125/><F125/><W6/><G74/><T81/><D124/><U129/><E129/><V49/><F115/><N who="0" m="44042" /><D48/><N who="1" m="28679" /><E105/><V83/><F36/><W134/><G134/><T54/><D54/><U98/><E78/><N who="0" m="29705" /><D12/><N who="1" m="7431" /><E109/><V37/><F107/><W5/><G32/><T3/><D7/><U87/><E87/><V47/><F71/><W93/><G69/><T31/><D31/><N who="1" m="11787" /><E99/><N who="2" m="59767" /><F37/><W56/><G5/><T39/><D3/><U15/><E15/><V84/><F26/><W55/><G6/><T101/><D39/><U111/><E111/><V13/><F13/><W40/><G24/><T35/><D35/><U117/><E117/><V59/><F85/><W66/><G82/><N who="2" m="31273" /><F84/><W100/><G100/><AGARI ba="0,0" hai="92,96,97,98,100" m="11787,7431,28679" machi="100" ten="30,2900,0" yaku="8,1,54,1" doraHai="60" who="1" fromWho="3" sc="234,0,282,29,242,0,242,-29" /><INIT seed="1,1,0,3,0,60" ten="234,311,242,213" oya="1" hai0="106,21,7,53,55,124,3,72,5,118,134,110,16" hai1="28,64,123,43,35,48,127,67,90,78,6,11,54" hai2="89,128,33,133,31,66,36,91,19,46,94,112,50" hai3="119,27,107,117,26,24,25,114,39,49,10,37,87"/><U99/><E123/><V63/><F133/><W52/><G114/><T131/><D118/><N who="3" m="45065" /><G107/><T132/><D72/><U102/><E127/><V15/><F128/><W101/><N who="3" m="6144" /><DORA hai="83" /><W96/><G10/><T56/><D106/><U42/><E35/><V0/><F0/><W104/><G87/><T75/><D75/><U71/><E28/><V34/><F36/><W92/><G104/><T8/><D7/><U93/><E78/><V126/><F126/><W77/><G77/><T113/><D124/><U122/><E122/><V98/><F89/><W30/><G30/><T103/><D131/><U12/><E90/><V81/><F81/><W22/><G22/><T69/><D103/><U135/><E135/><N who="0" m="51753" /><D113/><U97/><E97/><V70/><F31/><W95/><G95/><T32/><D32/><U59/><E71/><V121/><F121/><W74/><G74/><T85/><D69/><U57/><E93/><V2/><F2/><W79/><G79/><T18/><D21/><U100/><E100/><V62/><F112/><W129/><G129/><T73/><D73/><U68/><E102/><V125/><F125/><W109/><G109/><T38/><D85/><U45/><E99/><V108/><F108/><W111/><G111/><T20/><D110/><U65/><E68/><V9/><REACH who="2" step="1"/><F62/><REACH who="2" ten="234,311,232,213" step="2"/><W14/><G14/><T76/><D3/><U44/><E12/><V47/><F47/><AGARI ba="1,1" hai="37,39,47,49,52,92,96,101" m="6144,45065" machi="47" ten="40,2600,0" yaku="12,1,54,1" doraHai="60,83" who="3" fromWho="2" sc="234,0,311,0,232,-29,213,39" /><INIT seed="2,0,0,5,5,22" ten="234,311,203,252" oya="2" hai0="57,30,38,115,105,45,72,19,71,104,13,117,54" hai1="101,92,14,69,67,90,114,62,95,88,23,108,52" hai2="21,20,55,131,109,61,1,4,111,18,53,49,133" hai3="94,116,25,43,106,102,8,58,63,27,120,11,107"/><V127/><F127/><W44/><G116/><T134/><D115/><U12/><E114/><V40/><F133/><W84/><G120/><T73/><D71/><U2/><E2/><V50/><F131/><W35/><G35/><T47/><D134/><U87/><E101/><V128/><F128/><W31/><G31/><T121/><D121/><U122/><E108/><N who="2" m="41547" /><F20/><W132/><G132/><T15/><D117/><U99/><E122/><V64/><F4/><W48/><G107/><T85/><D105/><U33/><E33/><V126/><F1/><W125/><G106/><T123/><D104/><U97/><E87/><V118/><F126/><W77/><G125/><T110/><D110/><U6/><E6/><V65/><F118/><W42/><G42/><T78/><D73/><U0/><E0/><V60/><F40/><W7/><G102/><T96/><D72/><U17/><E52/><N who="2" m="20043" /><F61/><W59/><G11/><T51/><D38/><U103/><E103/><V70/><F64/><W93/><G63/><T79/><D123/><U56/><E12/><AGARI ba="0,0" hai="12,18,21,49,50,60,65,70" m="20043,41547" machi="12" ten="30,5800,0" yaku="14,1,10,1,54,1" doraHai="22" who="2" fromWho="1" sc="234,0,311,-58,203,58,252,0" /><INIT seed="2,1,0,0,3,0" ten="234,253,261,252" oya="2" hai0="131,107,124,14,104,3,82,41,44,67,68,54,70" hai1="8,16,112,69,127,96,125,65,114,49,36,35,115" hai2="17,119,98,37,81,130,11,63,120,12,122,129,84" hai3="87,113,117,110,132,103,91,30,9,77,89,32,78"/><V126/><F119/><W75/><G117/><T19/><D3/><U100/><E36/><V4/><F37/><W34/><G103/><T88/><D124/><N who="1" m="47691" /><E35/><V20/><F98/><W123/><G123/><T27/><D131/><N who="2" m="50186" /><F63/><W24/><G110/><T79/><D27/><U73/><E73/><V2/><F126/><W31/><G132/><T121/><D121/><N who="2" m="46698" /><F84/><W99/><G113/><T93/><D54/><U55/><E65/><V76/><F81/><W97/><G9/><T94/><D67/><U47/><E69/><V53/><F53/><W135/><G135/><T101/><D70/><U106/><E114/><V48/><F48/><W51/><G51/><T25/><D68/><U105/><E105/><V74/><F76/><W58/><G58/><T64/><D64/><U45/><E45/><V7/><F7/><W52/><G52/><T23/><D107/><U85/><E85/><V18/><F18/><W92/><G75/><AGARI ba="1,0" hai="2,4,11,12,17,20,74,75" m="46698,50186" machi="75" ten="30,2900,0" yaku="19,1,52,1" doraHai="0" who="2" fromWho="3" sc="234,0,253,0,261,32,252,-32" /><INIT seed="2,2,0,0,0,86" ten="234,253,293,220" oya="2" hai0="77,13,22,66,123,128,36,82,35,103,6,42,49" hai1="121,37,110,1,104,21,62,27,100,132,109,56,23" hai2="55,115,101,25,7,19,99,31,135,73,83,57,47" hai3="93,89,118,92,133,113,90,117,70,69,33,28,96"/><V108/><F115/><W68/><G113/><T17/><D123/><U34/><E121/><V111/><F7/><W98/><G133/><T64/><D35/><U74/><E74/><V52/><F19/><W12/><G12/><T112/><D36/><U116/><E1/><V125/><F135/><W102/><REACH who="3" step="1"/><G102/><REACH who="3" ten="234,253,293,210" step="2"/><T71/><D112/><U85/><E100/><V39/><F101/><W40/><G40/><T75/><D103/><U51/><E132/><V4/><F111/><W78/><G78/><T120/><D120/><U53/><E110/><V18/><F108/><W81/><G81/><T20/><D82/><U76/><E109/><V129/><F83/><W46/><G46/><T29/><D77/><U11/><E76/><V2/><F47/><W60/><G60/><T107/><D42/><U91/><E62/><V14/><F14/><W59/><G59/><T67/><D13/><U24/><E56/><V97/><F57/><W54/><G54/><T45/><D45/><U41/><E53/><V79/><F52/><W119/><G119/><T124/><D71/><U26/><E116/><V43/><F55/><W3/><G3/><T72/><D72/><U38/><E41/><V15/><F79/><W122/><G122/><T5/><D75/><U50/><E26/><AGARI ba="2,1" hai="26,28,33,68,69,70,89,90,92,93,96,98,117,118" machi="26" ten="40,8000,1" yaku="1,1,9,1,52,2,53,0" doraHai="86" doraHaiUra="80" who="3" fromWho="1" sc="234,0,253,-86,293,0,210,96" /><INIT seed="3,0,0,3,5,52" ten="234,167,293,306" oya="3" hai0="10,96,109,93,64,40,35,105,3,68,37,58,45" hai1="23,50,107,119,85,99,30,48,131,74,87,18,76" hai2="73,133,19,36,55,15,129,72,127,11,124,8,2" hai3="104,41,61,54,59,49,82,86,26,0,60,12,42"/><W110/><G0/><T53/><D35/><U95/><E131/><V1/><F36/><W71/><G104/><T7/><D105/><U9/><E119/><V81/><F129/><W24/><G110/><T28/><D109/><U6/><E30/><V128/><F128/><W132/><G132/><T62/><D28/><U47/><E74/><N who="2" m="28779" /><F81/><W123/><G123/><T65/><REACH who="0" step="1"/><D68/><REACH who="0" ten="224,167,293,306" step="2"/><U44/><E107/><V20/><F133/><W135/><G135/><T108/><D108/><U13/><E76/><V98/><F98/><W134/><G71/><T66/><D66/><U79/><E79/><V88/><F55/><W63/><G134/><T70/><D70/><U27/><E44/><V4/><F11/><W39/><G39/><T125/><D125/><N who="2" m="48202" /><F88/><AGARI ba="0,1" hai="3,7,10,37,40,45,53,58,62,64,65,88,93,96" machi="88" ten="30,8000,1" yaku="1,1,7,1,52,1,54,1,53,1" doraHai="52" doraHaiUra="51" who="0" fromWho="2" sc="224,90,167,0,293,-80,306,0" owari="314,41.4,167,-33.3,213,-18.7,306,10.6" /></mjloggm>