<mjloggm ver="2.3"><GO type="225" lobby="0"/><UN n0="%E3%81%AF%E3%82%88%E3%81%8A%E3%81%98%E3%81%95%E3%82%93" n1="%72%69%6F%75%63%68%61%6E" n2="%E3%81%82%E3%81%84%E3%81%82%E3%81%8A%E3%81%84" n3="%6D%75%75%6D%75%72%61" dan="16,17,18,17" rate="2160.18,2270.76,2171.52,2248.84" sx="M,M,M,F"/><TAIKYOKU oya="0"/><INIT seed="0,0,0,0,2,122" ten="250,250,250,250" oya="0" hai0="131,15,1,82,52,25,58,132,119,43,89,135,13" hai1="85,42,22,44,55,133,73,124,62,118,74,83,61" hai2="129,79,103,56,104,29,10,64,38,97,90,60,46" hai3="65,0,63,47,76,26,108,121,59,40,19,51,72"/><T48/><D1/><U5/><E118/><V2/><F129/><W36/><G0/><T69/><D69/><U109/><E109/><V94/><F79/><W101/><G121/><T32/><D119/><U84/><E124/><V28/><F38/><W86/><G72/><T4/><D131/><U120/><E133/><N who="0" m="51273" /><D43/><U68/><E120/><V7/><REACH who="2" step="1"/><F46/><REACH who="2" ten="250,250,240,250" step="2"/><W110/><G36/><T114/><D114/><U23/><E44/><V71/><F71/><W81/><REACH who="3" step="1"/><G101/><REACH who="3" ten="250,250,240,240" step="2"/><T34/><D4/><U91/><E5/><V11/><F11/><W17/><G17/><T102/><D102/><U96/><E74/><V27/><F27/><W93/><G93/><T70/><D70/><U78/><E73/><V107/><F107/><W115/><G115/><T125/><D25/><U49/><E68/><V75/><F75/><W106/><G106/><T111/><D125/><U67/><E83/><V126/><F126/><W20/><AGARI ba="0,2" hai="19,20,26,40,47,51,59,63,65,76,81,86,108,110" machi="20" ten="30,7900,0" yaku="1,1,0,1,52,2,53,0" doraHai="122" doraHaiUra="3" who="3" fromWho="3" sc="250,-39,250,-20,240,-20,240,99" /><INIT seed="1,0,0,1,0,35" ten="211,230,220,339" oya="1" hai0="94,125,50,108,43,7,53,104,13,18,115,9,54" hai1="51,68,47,27,40,34,56,38,91,130,113,20,101" hai2="63,66,48,120,131,123,132,21,31,100,2,81,23" hai3="76,71,124,15,92,88,52,70,46,103,6,30,112"/><U36/><E113/><V33/><F2/><W14/><G112/><T78/><D104/><U133/><E130/><V42/><F131/><W25/><G124/><T122/><D115/><U60/><E133/><V28/><F132/><W57/><G76/><T24/><D125/><U107/><E34/><V4/><F4/><W85/><G46/><N who="0" m="25951" /><D108/><U86/><E68/><V119/><F119/><W109/><G103/><T41/><D122/><U67/><E107/><V11/><F11/><W127/><G109/><T16/><D41/><U26/><E101/><V58/><F100/><W129/><G129/><T44/><D78/><U37/><REACH who="1" step="1"/><E20/><REACH who="1" ten="211,220,220,339" step="2"/><V84/><F33/><W95/><G127/><T96/><D44/><U89/><E89/><V116/><F116/><W134/><G134/><T117/><D117/><U126/><E126/><V106/><F106/><W99/><G71/><T39/><D39/><U17/><E17/><N who="0" m="6761" /><D24/><U49/><E49/><V5/><F48/><W77/><G70/><T22/><D22/><U61/><E61/><V73/><F63/><W135/><G135/><T82/><D82/><AGARI ba="0,1" hai="26,27,36,37,38,40,47,51,56,60,67,82,86,91" machi="82" ten="40,2000,0" yaku="1,1,53,0" doraHai="35" doraHaiUra="10" who="1" fromWho="0" sc="211,-20,220,30,220,0,339,0" /><INIT seed="1,1,0,5,4,130" ten="191,250,220,339" oya="1" hai0="72,79,2,30,77,120,81,25,80,125,115,91,96" hai1="122,93,35,69,57,121,37,114,40,43,14,27,119" hai2="13,68,15,53,107,131,73,88,132,95,31,50,76" hai3="5,32,86,123,49,48,134,47,98,41,85,103,19"/><U113/><E69/><V62/><F107/><W4/><G123/><T89/><D2/><U29/><E119/><V128/><F31/><W22/><G32/><T61/><D115/><U108/><E108/><V18/><F76/><W78/><G49/><T101/><D61/><U34/><E14/><V38/><F73/><W45/><G45/><T9/><D9/><U135/><E135/><V67/><F38/><W94/><G134/><T60/><D60/><U24/><E93/><V44/><F132/><W129/><G129/><N who="2" m="49737" /><F18/><W97/><G97/><AGARI ba="1,0" hai="13,15,44,50,53,62,67,68,88,95,97" m="49737" machi="97" ten="30,2000,0" yaku="19,1,54,1" doraHai="130" who="2" fromWho="3" sc="191,0,250,0,220,23,339,-23" /><INIT seed="2,0,0,4,3,117" ten="191,250,243,316" oya="2" hai0="84,122,4,36,67,127,21,130,88,96,90,38,128" hai1="113,20,31,46,19,40,30,86,57,126,25,78,95" hai2="59,132,76,87,33,125,93,112,111,16,48,58,121" hai3="51,2,9,98,41,6,62,35,108,85,64,123,82"/><V29/><F112/><W37/><G108/><T44/><D4/><U13/><E126/><V7/><F121/><W81/><G35/><T94/><D67/><U10/><E113/><V73/><F125/><W12/><G37/><T1/><D127/><U68/><E68/><V53/><F7/><W17/><G123/><T91/><D1/><U42/><E31/><V83/><F132/><W70/><G98/><T114/><D114/><U101/><E57/><V89/><F111/><W49/><G41/><T124/><D124/><U116/><E116/><V110/><F110/><W39/><G81/><T22/><D122/><U56/><E56/><V3/><F3/><W66/><G39/><T60/><D60/><U5/><E46/><V80/><F59/><W15/><G2/><T18/><D21/><U120/><E120/><V47/><F58/><W133/><G133/><T74/><D74/><U52/><E52/><V104/><F104/><W43/><G43/><T63/><D63/><U69/><E69/><V50/><F50/><W55/><G55/><T109/><D109/><U26/><E78/><V32/><F29/><W45/><G45/><T34/><D34/><U103/><E103/><V71/><F71/><W135/><G64/><T24/><D38/><U23/><REACH who="1" step="1"/><E86/><REACH who="1" ten="191,240,243,316" step="2"/><V105/><F87/><W119/><G119/><T28/><D28/><U11/><E11/><V61/><F73/><W118/><G118/><T107/><D44/><U27/><E27/><V14/><F47/><W79/><G135/><T129/><D36/><U75/><E75/><V92/><F53/><W106/><G70/><RYUUKYOKU ba="0,1" sc="191,15,240,15,243,-15,316,-15" hai0="18,22,24,84,88,90,91,94,96,107,128,129,130" hai1="5,10,13,19,20,23,25,26,30,40,42,95,101" /><INIT seed="3,1,1,2,3,119" ten="206,255,228,301" oya="3" hai0="72,75,41,89,5,65,63,130,70,105,55,57,38" hai1="15,51,50,90,131,18,132,73,129,134,126,104,59" hai2="101,87,29,117,68,14,62,47,30,45,122,35,109" hai3="1,22,25,86,112,106,94,96,53,95,76,2,19"/><W21/><G112/><T61/><D105/><U66/><E104/><V33/><F117/><W133/><G106/><T60/><D5/><U93/><E73/><V4/><F101/><W10/><G133/><N who="1" m="51306" /><E126/><V24/><F87/><W48/><G10/><T85/><D130/><N who="1" m="49675" /><E59/><V121/><F68/><W6/><G6/><T91/><D91/><U28/><E66/><V26/><F62/><W124/><G124/><T36/><D61/><U58/><E58/><V31/><F31/><W46/><G22/><T37/><REACH who="0" step="1"/><D41/><REACH who="0" ten="196,255,228,301" step="2"/><U40/><E40/><V135/><F135/><W49/><G1/><T100/><D100/><U67/><E67/><V9/><F109/><W13/><G2/><T82/><AGARI ba="1,2" hai="36,37,38,55,57,60,63,65,70,72,75,82,85,89" machi="82" ten="30,2000,0" yaku="1,1,0,1,53,0" doraHai="119" doraHaiUra="34" who="0" fromWho="0" sc="196,43,255,-6,228,-6,301,-11" /><INIT seed="4,0,0,3,5,71" ten="239,249,222,290" oya="0" hai0="21,19,103,97,89,95,45,1,17,11,107,54,31" hai1="128,92,96,62,33,30,121,10,47,27,131,112,117" hai2="83,127,44,3,35,38,125,48,63,58,104,120,102" hai3="84,25,76,12,4,56,70,42,111,64,20,61,22"/><T87/><D31/><U115/><E117/><V106/><F35/><W41/><G111/><T39/><D54/><U34/><E121/><V59/><F3/><W26/><G70/><T16/><D1/><U13/><E62/><V52/><F120/><W28/><G76/><T130/><D130/><N who="1" m="49707" /><E47/><V79/><F59/><W132/><G84/><T133/><D133/><U65/><E65/><V99/><F104/><W2/><G2/><T80/><D11/><U24/><E92/><V135/><F135/><W105/><G105/><T93/><REACH who="0" step="1"/><D21/><REACH who="0" ten="229,249,222,290" step="2"/><U43/><E30/><V81/><F38/><W57/><G132/><T60/><D60/><U91/><E33/><V134/><F134/><W100/><G61/><T9/><D9/><U126/><E34/><V15/><F15/><W67/><G28/><T36/><D36/><U74/><E10/><V124/><REACH who="2" step="1"/><F79/><REACH who="2" ten="229,249,212,290" step="2"/><W18/><G12/><T88/><D88/><U90/><E13/><V29/><F29/><W116/><G100/><T119/><D119/><U86/><E90/><V6/><F6/><W0/><G116/><T23/><D23/><U94/><E91/><V73/><F73/><W46/><G4/><T118/><D118/><U49/><E74/><V113/><F113/><W114/><G114/><T78/><D78/><U14/><E14/><V101/><F101/><W8/><G0/><T110/><D110/><U7/><E112/><V85/><F85/><W122/><G122/><T77/><D77/><U109/><E115/><V55/><AGARI ba="0,2" hai="44,48,52,55,58,63,81,83,99,102,106,124,125,127" machi="55" ten="30,7900,0" yaku="1,1,0,1,18,1,54,1,53,0" doraHai="71" doraHaiUra="75" who="2" fromWho="2" sc="229,-39,249,-20,212,99,290,-20" owari="190,-31.0,229,-17.1,311,41.1,270,7.0" /></mjloggm>