<mjloggm ver="2.3"><GO type="225" lobby="0"/><UN n0="%E9%80%9F%E6%B0%B4%E5%87%9B%E9%A6%99" n1="%E3%83%9F%E3%83%AA%E3%83%80%E3%81%97%E3%82%88" n2="%E6%87%B6%E5%B0%8F%E7%90%B3%E2%98%86" n3="%E5%B5%90%E9%9B%B2%E3%81%AE%E3%82%AB%E3%83%A9%E3%82%B9" dan="16,16,16,16" rate="2082.26,2060.50,2135.12,2066.21" sx="F,M,M,M"/><TAIKYOKU oya="0"/><INIT seed="0,0,0,3,2,99" ten="250,250,250,250" oya="0" hai0="55,120,40,54,62,35,16,6,28,60,36,92,61" hai1="134,37,23,71,19,9,84,101,73,4,56,85,125" hai2="109,77,129,57,44,52,59,128,7,63,108,79,123" hai3="49,115,74,64,33,5,3,111,70,22,93,90,116"/><T113/><D120/><U81/><E71/><V106/><F106/><W11/><G33/><T13/><D113/><U1/><E37/><V68/><F7/><W41/><G115/><T10/><D36/><U69/><E69/><V105/><F105/><W130/><G116/><T39/><D39/><U8/><E134/><V124/><F123/><W2/><G74/><T65/><D40/><U20/><E125/><V72/><F72/><W48/><G111/><N who="2" m="42569" /><F124/><W121/><G130/><N who="2" m="50281" /><F68/><W126/><G126/><T82/><D65/><U114/><E114/><V104/><F104/><W42/><G3/><T131/><D131/><U103/><E73/><V18/><F44/><W87/><G64/><T96/><D82/><U66/><E4/><V78/><F18/><W107/><G107/><T58/><D54/><U127/><E127/><V34/><F59/><W76/><G70/><T53/><D53/><U21/><E1/><V50/><F34/><W83/><G121/><T100/><REACH who="0" step="1"/><D6/><REACH who="0" ten="240,250,250,250" step="2"/><U47/><E66/><V0/><F0/><W75/><G41/><T88/><D88/><U25/><E81/><V98/><F98/><W12/><G42/><T32/><D32/><U117/><E117/><V27/><F50/><W135/><G135/><T26/><AGARI ba="0,1" hai="10,13,16,26,28,35,55,58,60,61,62,92,96,100" machi="26" ten="30,11700,0" yaku="1,1,0,1,52,1,54,1,53,0" doraHai="99" doraHaiUra="86" who="0" fromWho="0" sc="240,127,250,-39,250,-39,250,-39" /><INIT seed="0,1,0,2,1,106" ten="367,211,211,211" oya="0" hai0="123,70,76,94,97,102,69,77,84,61,39,47,54" hai1="29,17,107,87,112,114,23,73,56,81,103,44,13" hai2="99,101,116,122,95,51,65,59,132,93,14,108,118" hai3="34,30,100,33,36,35,127,0,72,5,88,57,79"/><T12/><D123/><U67/><E44/><V133/><F122/><W19/><G100/><T80/><D39/><U66/><E29/><V74/><F108/><W109/><G109/><T16/><D77/><U134/><E134/><N who="2" m="51819" /><F14/><W53/><G127/><T2/><D2/><U46/><E46/><V120/><F120/><W20/><G36/><T60/><D47/><U89/><E73/><V1/><F1/><W82/><G5/><T86/><D86/><U25/><E13/><V115/><F115/><N who="1" m="44073" /><E56/><V83/><F93/><W111/><G0/><T121/><D121/><U124/><E124/><V129/><F129/><W48/><G111/><T110/><D110/><U98/><AGARI ba="1,0" hai="17,23,25,66,67,81,87,89,98,103,107" m="44073" machi="98" ten="30,1100,0" yaku="11,1" doraHai="106" who="1" fromWho="1" sc="367,-6,211,14,211,-4,211,-4" /><INIT seed="1,0,0,3,2,89" ten="361,225,207,207" oya="1" hai0="123,84,97,8,122,63,80,107,38,135,102,106,47" hai1="87,12,79,31,76,126,86,30,59,17,14,20,10" hai2="72,29,127,115,69,134,9,121,33,43,95,64,24" hai3="45,3,61,120,27,13,70,62,128,55,23,18,4"/><U67/><E126/><V68/><F121/><N who="0" m="46090" /><D135/><U118/><E118/><V110/><F134/><W93/><G120/><T7/><D63/><N who="1" m="38399" /><E87/><V6/><F127/><W82/><G128/><T105/><D47/><U101/><E101/><V60/><F110/><W71/><G71/><T53/><D53/><U130/><E130/><V52/><F115/><W22/><G70/><T19/><D19/><N who="1" m="8599" /><E86/><V78/><F43/><W40/><G82/><T15/><D38/><U103/><E103/><V11/><F69/><W131/><G131/><T25/><D25/><U51/><E51/><V91/><F6/><W26/><G3/><T124/><D124/><U125/><E125/><V81/><REACH who="2" step="1"/><F52/><REACH who="2" ten="361,225,197,207" step="2"/><W109/><G55/><T108/><D108/><U57/><E57/><V129/><F129/><W92/><G109/><T65/><D65/><U98/><E98/><AGARI ba="0,1" hai="9,11,24,29,33,60,64,68,72,78,81,91,95,98" machi="98" ten="30,7700,0" yaku="1,1,7,1,52,1,53,1" doraHai="89" doraHaiUra="21" who="2" fromWho="1" sc="361,0,225,-77,197,87,207,0" /><INIT seed="2,0,0,0,0,118" ten="361,148,284,207" oya="2" hai0="90,57,24,0,45,127,9,28,133,8,25,124,58" hai1="35,105,59,123,52,87,17,13,76,50,43,34,31" hai2="62,130,75,114,77,70,88,110,101,79,121,15,71" hai3="107,18,119,129,19,108,21,109,69,23,117,6,4"/><V84/><F114/><W125/><G69/><T37/><D133/><U3/><E3/><V63/><F130/><W40/><G107/><T39/><D90/><U115/><E115/><V67/><F121/><W93/><G40/><T55/><D45/><U36/><E105/><V66/><F110/><W111/><G93/><T89/><D89/><U134/><E134/><V83/><F101/><W51/><G51/><T98/><D98/><U49/><E36/><V7/><REACH who="2" step="1"/><F75/><REACH who="2" ten="361,148,274,207" step="2"/><W22/><G129/><T1/><D127/><U68/><E123/><V81/><F81/><W102/><G102/><T128/><D124/><U95/><E68/><V80/><F80/><W100/><G100/><T132/><D128/><U131/><E131/><V47/><F47/><W53/><G125/><T29/><D132/><U96/><E76/><V42/><F42/><W86/><G86/><T14/><D55/><U106/><E87/><V99/><F99/><W103/><G53/><T30/><D30/><U12/><E43/><V56/><F56/><W74/><G74/><T73/><D73/><U44/><E96/><V64/><F64/><W135/><G103/><T78/><D78/><U72/><E72/><V46/><F46/><W97/><G97/><T65/><D65/><U27/><E106/><V91/><F91/><W5/><G135/><T104/><D104/><U20/><E95/><V94/><F94/><W60/><G60/><T48/><D48/><U61/><E50/><V11/><AGARI ba="0,1" hai="7,11,15,62,63,66,67,70,71,77,79,83,84,88" machi="11" ten="30,12000,1" yaku="1,1,0,1,9,1,54,1,53,1" doraHai="118" doraHaiUra="2" who="2" fromWho="2" sc="361,-40,148,-40,274,130,207,-40" /><INIT seed="2,1,0,4,4,66" ten="321,108,404,167" oya="2" hai0="117,52,94,130,0,24,84,123,17,110,75,120,45" hai1="100,50,43,18,6,55,53,21,78,80,4,90,16" hai2="9,107,119,41,25,35,2,11,33,32,20,124,72" hai3="81,29,48,96,109,38,87,30,99,42,67,111,22"/><V77/><F107/><W93/><G67/><T113/><D75/><U46/><E100/><V133/><F41/><W14/><G38/><T82/><D0/><U86/><E90/><V56/><F56/><W102/><G99/><T65/><D113/><U63/><E18/><V26/><F77/><W118/><G118/><T51/><D94/><U36/><E63/><V15/><F72/><W122/><G122/><T58/><D117/><U71/><E71/><V8/><F119/><W54/><G42/><T74/><D74/><U10/><E10/><N who="2" m="4203" /><F133/><W19/><G109/><T62/><D110/><U134/><E134/><V104/><F104/><W108/><G111/><T125/><D125/><U92/><E92/><V132/><F124/><W40/><G40/><T27/><D130/><U64/><E64/><V105/><F105/><W12/><G12/><T76/><REACH who="0" step="1"/><D17/><REACH who="0" ten="311,108,404,167" step="2"/><U79/><E79/><V1/><F132/><W5/><G108/><T31/><D31/><U106/><E106/><V112/><F112/><W103/><G102/><T101/><D101/><U128/><E128/><V129/><F129/><W97/><G96/><T59/><D59/><U28/><E28/><N who="2" m="17447" /><F1/><W39/><G103/><T88/><D88/><U69/><E4/><N who="2" m="3559" /><F2/><W73/><G93/><T47/><D47/><U127/><E46/><V60/><F60/><W131/><G97/><T126/><D126/><U91/><E127/><V85/><F85/><W70/><G87/><T135/><D135/><U98/><E86/><V37/><F37/><W3/><G39/><T13/><D13/><U116/><E36/><V57/><F57/><RYUUKYOKU ba="1,1" sc="311,15,108,-15,404,15,167,-15" hai0="24,27,45,51,52,58,62,65,76,82,84,120,123" hai2="26,32,33,35" /><INIT seed="2,2,1,2,1,62" ten="326,93,419,152" oya="2" hai0="117,127,28,27,114,22,105,115,106,99,86,43,64" hai1="132,85,107,54,78,33,45,113,3,44,35,11,13" hai2="108,30,56,87,100,47,53,52,2,17,83,98,57" hai3="118,42,25,41,32,90,92,77,40,46,49,109,51"/><V55/><F2/><W10/><G109/><T75/><D127/><U58/><E113/><V120/><F120/><W135/><G118/><T103/><D75/><U9/><E107/><V72/><F72/><W50/><G135/><T66/><D117/><U38/><E132/><V74/><F74/><W39/><G77/><T71/><D106/><U123/><E123/><V69/><F30/><W111/><G111/><T63/><D43/><U36/><E3/><V91/><F108/><W19/><G32/><T79/><REACH who="0" step="1"/><D66/><REACH who="0" ten="316,93,419,152" step="2"/><U84/><E78/><V119/><F119/><W60/><G41/><T18/><D18/><U130/><E130/><V131/><F131/><W29/><G42/><T101/><D101/><U129/><E129/><V4/><F17/><W82/><G19/><T34/><D34/><U126/><E126/><V124/><F124/><W73/><G73/><T94/><D94/><U96/><E54/><V112/><F112/><W97/><G92/><T5/><D5/><U110/><E110/><V95/><F4/><W68/><G40/><T122/><D122/><U102/><E102/><V116/><F116/><W134/><G134/><T16/><D16/><U61/><E96/><V104/><F104/><W1/><G97/><T59/><D59/><N who="2" m="22602" /><F69/><W76/><G68/><T0/><D0/><U23/><E58/><V37/><F37/><W48/><G39/><T26/><D26/><U133/><E133/><V20/><F20/><W24/><G24/><T80/><AGARI ba="2,2" hai="22,27,28,63,64,71,79,80,86,99,103,105,114,115" machi="80" ten="30,7900,0" yaku="1,1,0,1,52,1,53,1" doraHai="62" doraHaiUra="81" who="0" fromWho="0" sc="316,105,93,-22,419,-41,152,-22" /><INIT seed="3,0,0,3,2,16" ten="421,71,378,130" oya="3" hai0="13,100,103,53,40,0,69,90,112,61,32,121,101" hai1="132,38,26,109,55,75,10,7,94,92,108,39,59" hai2="123,89,126,114,58,76,135,97,56,21,29,107,11" hai3="79,50,52,130,46,73,74,82,111,66,9,68,115"/><W113/><G130/><T83/><D0/><U12/><E75/><V81/><F114/><W70/><G74/><T28/><D32/><U49/><E94/><V133/><F126/><W131/><G131/><T77/><D121/><U2/><E2/><V104/><F123/><W110/><G9/><T72/><D112/><N who="3" m="43081" /><G66/><T30/><D40/><U84/><E132/><N who="2" m="50763" /><F11/><W6/><G6/><T24/><D13/><U91/><REACH who="1" step="1"/><E26/><REACH who="1" ten="421,61,378,130" step="2"/><N who="2" m="16591" /><F89/><W71/><G71/><T45/><D24/><U96/><E96/><V87/><F97/><W64/><G70/><T57/><D69/><U117/><E117/><V102/><F102/><W20/><G68/><T86/><D90/><U37/><AGARI ba="0,1" hai="7,10,12,37,38,39,49,55,59,84,91,92,108,109" machi="37" ten="40,2700,0" yaku="1,1,0,1,53,0" doraHai="16" doraHaiUra="67" who="1" fromWho="1" sc="421,-7,61,37,378,-7,130,-13" owari="414,51.4,98,-40.2,371,17.1,117,-28.3" /></mjloggm>