<mjloggm ver="2.3"><GO type="225" lobby="0"/><UN n0="%E7%99%BD%E6%97%A5%E9%9B%AA%E8%8F%9C" n1="%E5%A4%9C%E3%81%AE%E3%82%AC%E3%82%B9%E3%83%91%E3%83%BC%E3%83%AB" n2="%E5%91%89%E5%AF%8C%E6%98%A5" n3="%E3%81%B5%E3%81%98%E3%81%8B%E3%81%A4" dan="17,16,16,16" rate="2223.74,2133.91,2153.13,2153.62" sx="M,M,M,M"/><TAIKYOKU oya="0"/><INIT seed="0,0,0,1,5,38" ten="250,250,250,250" oya="0" hai0="55,16,70,133,4,53,86,97,0,28,3,90,8" hai1="122,18,135,96,65,76,17,49,29,64,105,19,107" hai2="98,32,33,31,68,40,7,36,14,118,44,15,119" hai3="62,81,69,24,12,13,117,83,41,27,6,93,1"/><T78/><D70/><U43/><E122/><V88/><F68/><W120/><G117/><N who="2" m="44553" /><F31/><W39/><G120/><T20/><D0/><U67/><E135/><V30/><F30/><W124/><G1/><T85/><D133/><U59/><E29/><V84/><F98/><W34/><G124/><T25/><D97/><U54/><E76/><V9/><F14/><W113/><G34/><T66/><D66/><U102/><REACH who="1" step="1"/><E43/><REACH who="1" ten="250,240,250,250" step="2"/><V82/><AGARI ba="0,1" hai="7,9,15,32,33,36,40,44,82,84,88" m="44553" machi="82" ten="30,4000,0" yaku="12,1,52,1,54,1" doraHai="38" who="2" fromWho="2" sc="250,-20,240,-10,250,50,250,-10" /><INIT seed="1,0,0,3,4,88" ten="230,230,300,240" oya="1" hai0="105,106,114,36,57,10,23,40,31,102,85,42,116" hai1="60,38,53,54,133,96,39,34,129,101,74,32,56" hai2="92,46,3,107,127,84,128,41,72,76,12,134,43" hai3="63,71,79,66,89,125,33,117,35,75,126,29,69"/><U4/><E74/><V112/><F107/><W131/><G131/><T121/><D116/><U124/><E129/><V111/><F128/><W108/><G117/><T62/><D114/><U51/><E124/><V87/><F3/><W97/><G108/><T22/><D121/><U103/><E133/><V115/><F111/><W6/><G71/><T45/><D40/><U25/><E4/><V98/><F127/><W58/><G6/><T24/><D10/><U15/><E15/><V28/><F28/><W83/><G58/><T8/><D8/><U93/><E103/><N who="2" m="60871" /><F134/><W44/><G44/><T37/><D37/><U70/><E70/><V95/><F95/><W1/><G1/><T113/><D113/><N who="2" m="43594" /><F12/><W73/><G73/><T86/><D102/><U49/><E25/><V21/><F21/><W99/><G35/><T135/><D135/><U55/><E34/><V9/><F9/><W47/><G29/><T104/><REACH who="0" step="1"/><D23/><REACH who="0" ten="220,230,300,240" step="2"/><U61/><E32/><V119/><F43/><W59/><G33/><T13/><D13/><U5/><E39/><N who="2" m="21823" /><F119/><W132/><G126/><T64/><AGARI ba="0,1" hai="22,24,31,36,42,45,57,62,64,85,86,104,105,106" machi="64" ten="30,4000,0" yaku="1,1,0,1,53,1" doraHai="88" doraHaiUra="26" who="0" fromWho="0" sc="220,50,230,-20,300,-10,240,-10" /><INIT seed="2,0,0,5,0,56" ten="270,210,290,230" oya="2" hai0="62,88,71,24,31,109,25,124,91,61,35,23,59" hai1="82,98,67,104,92,134,133,105,106,39,33,129,42" hai2="83,58,89,84,135,15,4,120,126,30,103,130,17" hai3="66,5,36,54,118,44,0,128,112,114,47,20,122"/><V26/><F120/><W60/><G122/><T34/><D109/><U97/><E33/><V73/><F135/><N who="1" m="51721" /><E39/><V116/><F126/><W100/><G118/><T90/><D124/><U28/><E28/><V121/><F121/><W22/><G100/><T11/><D11/><U1/><E42/><V107/><F116/><W96/><G96/><T113/><D113/><N who="3" m="43625" /><G128/><T70/><D35/><U87/><E1/><V74/><F130/><W72/><G72/><T10/><D10/><U49/><E49/><V125/><F125/><W9/><G54/><T16/><REACH who="0" step="1"/><D62/><REACH who="0" ten="260,210,290,230" step="2"/><U131/><E67/><AGARI ba="0,1" hai="16,23,24,25,31,34,59,61,67,70,71,88,90,91" machi="67" ten="40,8000,1" yaku="1,1,2,1,52,1,54,2,53,0" doraHai="56" doraHaiUra="117" who="0" fromWho="1" sc="260,90,210,-80,290,0,230,0" /><INIT seed="3,0,0,4,2,89" ten="350,130,290,230" oya="3" hai0="9,97,63,51,8,114,22,1,112,41,55,2,60" hai1="72,73,3,61,115,34,91,4,40,24,122,96,67" hai2="25,80,43,46,42,28,14,7,35,109,15,94,110" hai3="64,45,83,74,134,44,68,93,106,90,88,56,131"/><W125/><G106/><T20/><D41/><U38/><E115/><N who="0" m="44073" /><D97/><U12/><E122/><V102/><F80/><W129/><G68/><T62/><D9/><U118/><E12/><V82/><F82/><W75/><G125/><T26/><D8/><U59/><E118/><V107/><F107/><W79/><G134/><T58/><D22/><U113/><E113/><V123/><F123/><W99/><G74/><T70/><D70/><U126/><E126/><V111/><F7/><W47/><G64/><T71/><D71/><U127/><E127/><V116/><F43/><W49/><G56/><T33/><D33/><U37/><E4/><V121/><F116/><W117/><G117/><T32/><D32/><U130/><E3/><V92/><F121/><W53/><G90/><T95/><D95/><N who="2" m="36394" /><F102/><W87/><G75/><T104/><D104/><U39/><E40/><V11/><F11/><W101/><G101/><T81/><D81/><U31/><REACH who="1" step="1"/><E130/><REACH who="1" ten="350,120,290,230" step="2"/><N who="3" m="49674" /><G45/><T10/><D10/><U65/><E65/><V120/><F120/><W85/><G44/><T48/><D2/><U18/><E18/><V6/><F6/><W108/><G108/><T50/><D1/><U30/><E30/><AGARI ba="0,1" hai="20,26,30,48,50,51,55,58,60,62,63" m="44073" machi="30" ten="30,1000,0" yaku="11,1" doraHai="89" who="0" fromWho="1" sc="350,20,120,-10,290,0,230,0" owari="370,47.0,110,-39.0,290,9.0,230,-17.0" /></mjloggm>