<mjloggm ver="2.3"><GO type="225" lobby="0"/><UN n0="%E6%A1%9C%E8%8A%B1%E9%96%83%E3%80%85" n1="%E4%B8%AD%E5%B9%B4%E3%81%AE%E5%8D%B1%E6%A9%9F" n2="%72%69%6F%75%63%68%61%6E" n3="%31%38%63%6D%E7%AB%8B%E7%9B%B4%E6%A3%92" dan="16,17,16,16" rate="2089.32,2231.65,2180.79,2124.16" sx="M,M,M,M"/><TAIKYOKU oya="0"/><INIT seed="0,0,0,0,5,117" ten="250,250,250,250" oya="0" hai0="103,68,129,66,20,29,122,112,93,47,120,57,79" hai1="88,36,130,11,24,45,90,60,91,38,46,84,109" hai2="126,50,94,55,54,17,96,37,3,70,92,104,30" hai3="8,86,49,87,62,48,15,39,89,14,97,100,41"/><T65/><D112/><U6/><E109/><V34/><F126/><W98/><G41/><T133/><D68/><U1/><E130/><V82/><F37/><W61/><G39/><T43/><D129/><U21/><E38/><V19/><F3/><W42/><G42/><T22/><D79/><U58/><E36/><V28/><F70/><W51/><G89/><T111/><D133/><U71/><E71/><V27/><F28/><W115/><G8/><T127/><D127/><U116/><E116/><V134/><F134/><W80/><G100/><T13/><D20/><U74/><E74/><V56/><F82/><W4/><G4/><T105/><D105/><U99/><E84/><V76/><F76/><W110/><G80/><T85/><D13/><U81/><E99/><V121/><F121/><W123/><G123/><T108/><D120/><U114/><E114/><V53/><F104/><W9/><G9/><T95/><D122/><U132/><E81/><V18/><REACH who="2" step="1"/><F92/><REACH who="2" ten="250,250,240,250" step="2"/><W118/><G118/><T78/><D95/><U26/><E132/><V12/><F12/><N who="3" m="4651" /><G115/><T7/><D78/><U59/><E24/><V44/><F44/><W131/><G131/><T75/><D47/><U0/><E0/><V72/><F72/><W119/><G119/><T101/><D75/><U113/><E113/><V16/><N who="2" m="4096" /><DORA hai="63" /><V135/><F135/><W40/><G110/><T69/><D93/><U10/><E46/><V32/><F32/><W83/><G83/><T73/><D73/><U5/><E45/><V124/><F124/><W128/><G128/><T33/><D111/><U52/><E1/><RYUUKYOKU ba="0,1" sc="250,-10,250,-10,240,30,250,-10" hai2="27,30,34,50,53,54,55,56,94,96" /><INIT seed="1,1,1,5,4,1" ten="240,240,270,240" oya="1" hai0="108,91,127,73,57,131,42,63,26,128,41,68,75" hai1="23,121,111,54,87,25,48,100,130,28,72,133,81" hai2="56,44,21,51,86,96,45,40,110,61,16,6,126" hai3="43,114,10,90,64,70,109,89,94,125,99,119,49"/><U37/><E121/><V82/><F110/><W134/><G114/><T13/><D68/><U85/><E111/><V113/><F126/><W112/><G112/><T8/><D108/><U59/><E37/><V83/><F113/><W50/><G109/><T116/><D116/><U30/><E133/><V88/><F6/><W36/><G134/><T103/><D103/><U97/><E130/><N who="0" m="49705" /><D26/><U17/><E72/><N who="0" m="27721" /><D91/><U135/><E135/><V80/><F44/><W0/><G0/><T106/><D106/><U18/><E30/><V7/><F7/><W69/><G119/><T19/><D127/><U132/><E132/><V58/><F96/><W76/><G99/><T22/><D22/><U2/><E2/><V115/><F115/><W92/><G10/><T34/><D34/><U52/><E54/><AGARI ba="1,1" hai="8,13,19,41,42,54,57,63" m="27721,49705" machi="54" ten="30,1000,0" yaku="19,1" doraHai="1" who="0" fromWho="1" sc="240,23,240,-13,270,0,240,0" /><INIT seed="2,0,0,4,1,8" ten="263,227,270,240" oya="2" hai0="11,65,88,72,110,28,56,80,13,40,126,129,125" hai1="100,47,55,120,41,52,29,99,81,50,12,14,23" hai2="38,42,31,67,103,87,74,59,19,69,60,70,27" hai3="83,3,135,130,49,122,18,116,64,2,90,37,43"/><V26/><F74/><W102/><G18/><N who="0" m="8511" /><D110/><U113/><E113/><V35/><F103/><W101/><G64/><T46/><D28/><U111/><E111/><V16/><F87/><W4/><G49/><T24/><D24/><N who="1" m="16543" /><E120/><V1/><F1/><W91/><G83/><T114/><D114/><U105/><E105/><V119/><F119/><W79/><G4/><T112/><D112/><U33/><E33/><V20/><REACH who="2" step="1"/><F19/><REACH who="2" ten="263,227,260,240" step="2"/><W9/><G116/><T45/><D72/><U132/><E132/><V61/><F61/><W82/><G135/><T77/><D126/><U44/><E81/><V34/><F34/><W89/><G82/><T73/><D125/><U51/><E100/><V133/><F133/><W107/><G3/><T36/><D73/><U66/><E99/><V58/><F58/><W6/><G122/><T10/><D56/><N who="1" m="32791" /><E66/><V86/><F86/><W115/><G115/><T97/><D65/><U104/><E104/><V63/><F63/><W108/><G107/><T123/><D97/><U76/><E76/><V84/><F84/><W39/><G108/><T117/><D77/><U53/><E47/><AGARI ba="0,1" hai="16,20,26,27,31,35,38,42,47,59,60,67,69,70" machi="47" ten="40,7700,0" yaku="1,1,54,1,53,1" doraHai="8" doraHaiUra="54" who="2" fromWho="1" sc="263,0,227,-77,260,87,240,0" /><INIT seed="2,1,0,4,3,29" ten="263,150,347,240" oya="2" hai0="35,62,7,117,67,121,83,66,23,52,100,51,4" hai1="14,34,27,73,92,119,47,118,8,6,40,125,26" hai2="130,37,68,114,110,42,10,102,103,116,107,61,113" hai3="91,16,20,88,75,120,65,36,85,80,64,104,122"/><V126/><F116/><W19/><G104/><T54/><D121/><U58/><E73/><V134/><F10/><W15/><G75/><T98/><D117/><U133/><E125/><V95/><F95/><W82/><G36/><T81/><D23/><U41/><E133/><V99/><F102/><W24/><G120/><T77/><D35/><U32/><E118/><V9/><F9/><W46/><G122/><T132/><D132/><U38/><E119/><V79/><F134/><W13/><G46/><T28/><D28/><U76/><E76/><V25/><F79/><W84/><G24/><T39/><D54/><U101/><E41/><V50/><F50/><W30/><G30/><T94/><D67/><U124/><E124/><V123/><F123/><W78/><G78/><T22/><D22/><AGARI ba="1,0" hai="13,15,16,19,20,22,64,65,80,82,84,85,88,91" machi="22" ten="30,12000,2" yaku="7,1,32,3,8,1,54,2" doraHai="29" who="3" fromWho="0" sc="263,-123,150,0,347,0,240,123" /><INIT seed="3,0,0,2,4,126" ten="140,150,347,363" oya="3" hai0="4,15,134,118,24,31,120,29,26,97,130,106,131" hai1="77,61,104,92,79,1,74,107,48,19,42,108,114" hai2="95,14,27,58,124,75,133,17,59,128,117,51,85" hai3="73,94,35,119,90,84,67,9,81,10,91,80,65"/><W98/><G35/><T88/><D118/><U86/><E1/><V64/><F117/><W2/><G119/><T44/><D120/><U83/><E114/><V49/><F75/><W112/><G112/><T50/><D134/><U87/><E108/><V40/><F133/><W62/><G2/><T116/><D116/><U37/><E37/><V100/><F124/><W127/><G127/><T45/><D106/><U89/><E61/><V102/><F27/><N who="0" m="10282" /><D131/><U111/><E111/><V20/><F128/><W23/><G23/><T53/><D130/><U115/><E115/><V12/><F12/><W63/><G73/><T32/><D45/><N who="1" m="25655" /><E74/><V25/><F25/><W7/><G7/><T99/><D32/><U113/><E113/><V0/><F0/><W52/><G52/><T122/><D122/><U5/><E104/><V16/><F17/><W43/><G43/><T8/><D88/><N who="1" m="53271" /><E107/><V109/><F109/><W46/><G80/><T39/><D39/><U135/><E135/><V125/><F125/><W18/><G63/><T47/><D47/><U71/><E71/><V70/><F70/><W36/><G62/><T129/><D129/><U13/><E5/><V69/><F69/><W30/><G36/><T68/><D68/><U11/><AGARI ba="0,0" hai="11,13,19,77,79,83,87,89" m="53271,25655" machi="11" ten="30,2000,0" yaku="8,1,54,1" doraHai="126" who="1" fromWho="1" sc="140,-5,150,20,347,-5,363,-10" owari="135,-36.5,170,-23.0,342,14.2,353,45.3" /></mjloggm>