<mjloggm ver="2.3"><GO type="225" lobby="0"/><UN n0="%E4%B8%AD%E5%B9%B4%E3%81%AE%E5%8D%B1%E6%A9%9F" n1="%E3%81%86%E3%81%A9%E3%82%93%E3%81%93" n2="%E6%98%93%E5%88%A9%E8%96%A9%E4%BC%AF" n3="%6D%75%75%6D%75%72%61" dan="17,16,16,16" rate="2143.25,2117.70,2152.14,2127.75" sx="M,M,F,F"/><TAIKYOKU oya="0"/><INIT seed="0,0,0,3,4,97" ten="250,250,250,250" oya="0" hai0="44,20,72,13,69,27,121,4,18,5,60,32,130" hai1="101,29,73,0,113,126,48,52,25,39,11,36,84" hai2="100,86,33,31,38,14,35,133,1,66,34,125,104" hai3="28,118,135,117,49,40,30,102,10,127,6,75,53"/><T134/><D72/><U12/><E73/><V93/><F14/><W129/><G75/><T42/><D121/><U7/><E126/><V19/><F19/><W95/><G127/><T115/><D115/><U51/><E113/><V124/><F93/><W91/><G129/><T55/><D130/><U96/><E84/><V85/><F66/><W77/><G77/><T88/><D134/><U74/><E51/><V103/><F38/><W68/><G68/><T58/><D69/><U41/><E41/><V15/><F15/><W107/><G135/><T16/><D32/><U109/><E0/><V89/><F133/><W94/><G40/><T37/><REACH who="0" step="1"/><D88/><REACH who="0" ten="240,250,250,250" step="2"/><U106/><E74/><V120/><F35/><W56/><G91/><T46/><D46/><U83/><E109/><V2/><F89/><W59/><G118/><T67/><D67/><U50/><E83/><V21/><F120/><W87/><G117/><T64/><D64/><U82/><E82/><V116/><F116/><W122/><G122/><T132/><D132/><U108/><E108/><V54/><F125/><W65/><G65/><T128/><D128/><U57/><REACH who="1" step="1"/><E50/><REACH who="1" ten="240,240,250,250" step="2"/><V47/><F124/><W9/><G49/><T3/><D3/><U23/><AGARI ba="0,2" hai="7,11,12,23,25,29,36,39,48,52,57,96,101,106" machi="23" ten="20,12000,2" yaku="1,1,2,1,0,1,7,1,52,1,54,1,53,1" doraHai="97" doraHaiUra="22" who="1" fromWho="1" sc="240,-60,240,140,250,-30,250,-30" /><INIT seed="1,0,0,0,2,47" ten="180,380,220,220" oya="1" hai0="82,122,80,121,131,69,135,11,107,71,31,85,93" hai1="55,61,111,60,13,94,2,32,27,88,104,20,75" hai2="84,113,117,101,0,123,64,42,46,119,7,95,92" hai3="118,43,109,4,53,30,116,127,98,67,96,81,130"/><U91/><E2/><V57/><F123/><N who="0" m="47114" /><D107/><U124/><E104/><V89/><F113/><W62/><G109/><T108/><D31/><U1/><E1/><V48/><F7/><W54/><G130/><T129/><D108/><U65/><E111/><V33/><F33/><W77/><G127/><T87/><D11/><U29/><E75/><V78/><F78/><W59/><G30/><T52/><D93/><U17/><E124/><V76/><F76/><W8/><G43/><T74/><D74/><U41/><E41/><V14/><F14/><W128/><G128/><N who="0" m="49227" /><D135/><U44/><E65/><V58/><F0/><W86/><G98/><T22/><D22/><U115/><E115/><V100/><F64/><W72/><G96/><T134/><D134/><U16/><E17/><V15/><F119/><N who="3" m="45611" /><G72/><T79/><D52/><U36/><E91/><AGARI ba="0,0" hai="69,71,79,80,82,85,87,91" m="49227,47114" machi="91" ten="30,2000,0" yaku="13,1,19,1" doraHai="47" who="0" fromWho="1" sc="180,20,380,-20,220,0,220,0" /><INIT seed="2,0,0,2,1,54" ten="200,360,220,220" oya="2" hai0="24,135,123,133,55,89,80,63,13,99,122,43,111" hai1="70,93,16,85,96,127,97,52,68,113,39,114,117" hai2="32,84,126,98,0,21,67,65,124,59,20,10,120" hai3="81,75,4,2,35,83,18,102,118,42,19,106,108"/><V3/><F120/><W72/><G118/><T62/><D43/><U22/><E39/><V116/><F32/><W60/><G35/><T12/><D24/><U44/><E117/><V56/><F116/><W51/><G108/><T134/><D111/><U91/><E127/><N who="2" m="48683" /><F84/><W5/><G106/><T88/><D80/><U69/><E114/><V50/><F98/><W47/><G102/><T79/><D79/><U33/><E33/><V110/><F110/><W76/><G60/><N who="0" m="23083" /><D55/><U105/><E113/><V66/><F50/><W15/><G2/><N who="2" m="553" /><F10/><W58/><G75/><T27/><D27/><U17/><E105/><V49/><F49/><N who="3" m="26871" /><G72/><T112/><D112/><U9/><E9/><V26/><F26/><W34/><G34/><T25/><D25/><U107/><E107/><V46/><F46/><W48/><G48/><T57/><D99/><U86/><E97/><V78/><F78/><W87/><G81/><T40/><D40/><U77/><E77/><V36/><F36/><W115/><G115/><T82/><D82/><U101/><E96/><V100/><F100/><W37/><G37/><T53/><D123/><U94/><E101/><V95/><F95/><W90/><G76/><T103/><D103/><U104/><E104/><V61/><F61/><W29/><G83/><T132/><D122/><U130/><E93/><V125/><N who="2" m="48691" /><V128/><DORA hai="7" /><F128/><W73/><G73/><T74/><D74/><U1/><E94/><V129/><F129/><W31/><G87/><T92/><N who="0" m="33792" /><DORA hai="121" /><T119/><D119/><U131/><E130/><V64/><N who="2" m="16384" /><DORA hai="71" /><V45/><F45/><RYUUKYOKU ba="0,0" sc="200,-10,360,-10,220,30,220,-10" hai2="20,21,56,59" /><INIT seed="2,1,0,4,3,16" ten="190,350,250,210" oya="2" hai0="61,116,125,118,110,102,25,21,44,109,60,124,49" hai1="88,37,68,59,6,81,126,105,22,40,62,107,67" hai2="131,123,99,117,51,0,41,52,120,55,7,18,12" hai3="34,82,129,54,77,19,115,15,89,1,66,104,56"/><V53/><F117/><N who="0" m="45162" /><D102/><U100/><E126/><N who="0" m="48745" /><D25/><U35/><E35/><V39/><F131/><W80/><G104/><T114/><D114/><U4/><E68/><V133/><F133/><W48/><G34/><T103/><D103/><U42/><E107/><V108/><F39/><W69/><G129/><T132/><D132/><U96/><E37/><V2/><F108/><N who="0" m="41578" /><D21/><U90/><E22/><V72/><F72/><W95/><G80/><T98/><D98/><U36/><E90/><V46/><F99/><W13/><G82/><T64/><D64/><U74/><E88/><V113/><F113/><W45/><G77/><T23/><D23/><U26/><E96/><V121/><REACH who="2" step="1"/><F7/><REACH who="2" ten="190,350,240,210" step="2"/><W91/><G115/><T119/><N who="0" m="45170" /><T30/><DORA hai="128" /><D30/><U32/><E4/><V76/><F76/><W43/><G91/><T8/><D8/><AGARI ba="1,1" hai="0,2,8,12,18,41,46,51,52,53,55,120,121,123" machi="8" ten="50,4800,0" yaku="1,1,54,1,53,0" doraHai="16,128" doraHaiUra="57,130" who="2" fromWho="0" sc="190,-51,350,0,240,61,210,0" /><INIT seed="2,2,0,3,4,69" ten="139,350,301,210" oya="2" hai0="3,56,63,104,0,27,28,116,107,1,36,4,77" hai1="93,122,31,111,42,55,32,50,14,19,23,57,84" hai2="15,127,8,5,102,121,73,49,61,18,20,65,97" hai3="59,113,89,45,53,112,74,90,47,39,40,96,21"/><V85/><F121/><W126/><G74/><T131/><D131/><U52/><E111/><V79/><F127/><W12/><G126/><T83/><D116/><U125/><E125/><V70/><F49/><W133/><G133/><T92/><D92/><U62/><E122/><V72/><F85/><W130/><G130/><T101/><D56/><U110/><E42/><V7/><F79/><W134/><G134/><T124/><D124/><U120/><E120/><V54/><F7/><W67/><G67/><T81/><D63/><U13/><E110/><V76/><F76/><W30/><G47/><T46/><D81/><U115/><E115/><N who="3" m="44106" /><G96/><T11/><D101/><U119/><E119/><V24/><REACH who="2" step="1"/><F54/><REACH who="2" ten="139,350,291,210" step="2"/><W25/><G53/><T60/><D60/><U80/><E55/><V106/><AGARI ba="2,1" hai="5,8,15,18,20,24,61,65,70,72,73,97,102,106" machi="106" ten="20,7800,0" yaku="1,1,2,1,0,1,7,1,53,0" doraHai="69" doraHaiUra="75" who="2" fromWho="2" sc="139,-28,350,-28,291,94,210,-28" /><INIT seed="2,3,0,3,0,85" ten="111,322,385,182" oya="2" hai0="131,47,6,82,17,18,12,51,50,135,53,125,90" hai1="100,21,99,94,32,7,115,31,128,62,110,60,81" hai2="19,106,121,101,114,16,104,96,97,9,133,20,117" hai3="30,1,44,112,35,102,74,107,116,27,86,72,126"/><V73/><F114/><W92/><G116/><T4/><D125/><U10/><E115/><V11/><F117/><W34/><G112/><T55/><D135/><U49/><E110/><V40/><F121/><W69/><G35/><T119/><D119/><U68/><E128/><V5/><F73/><W122/><G122/><T54/><D131/><U14/><E32/><V75/><F75/><W70/><G1/><T129/><D129/><U78/><E68/><V61/><F133/><W93/><G107/><T77/><D77/><U120/><E120/><V118/><F40/><W38/><G93/><T0/><D0/><U108/><E108/><V39/><F39/><W127/><G72/><T80/><D12/><U42/><E42/><V46/><F46/><W64/><G74/><T3/><D3/><U111/><E111/><V52/><F5/><N who="0" m="2154" /><D47/><U67/><E67/><V130/><F118/><W95/><G44/><T134/><D134/><U2/><E49/><N who="0" m="18441" /><D90/><U59/><E59/><V66/><F106/><W132/><G38/><T84/><D84/><N who="1" m="48183" /><E2/><V23/><F130/><W105/><G132/><T89/><D89/><U29/><E21/><V22/><F22/><W113/><G113/><T83/><AGARI ba="3,0" hai="17,18,53,54,55,80,82,83" m="18441,2154" machi="83" ten="40,5200,0" yaku="28,2,8,1" doraHai="85" who="0" fromWho="0" sc="111,61,322,-16,385,-29,182,-16" /><INIT seed="3,0,0,4,0,53" ten="172,306,356,166" oya="3" hai0="47,112,10,0,120,6,130,85,67,77,86,21,88" hai1="119,116,97,49,78,41,44,19,54,107,9,34,110" hai2="127,83,4,99,20,71,13,103,5,33,55,79,122" hai3="36,43,65,76,30,84,93,128,59,11,109,26,23"/><W124/><G124/><T95/><D120/><U48/><E34/><V28/><F71/><W61/><G128/><T75/><D130/><U12/><E110/><V106/><F33/><W72/><G109/><T17/><D112/><U70/><E70/><V74/><F122/><W64/><G72/><T131/><D131/><U40/><E78/><V45/><F127/><W96/><G36/><T135/><D67/><U126/><E126/><V29/><F45/><W42/><G65/><T100/><D100/><U94/><E107/><V105/><F105/><W56/><G11/><T7/><D7/><U2/><E2/><V60/><F28/><W134/><G134/><T82/><D47/><U113/><E113/><V125/><F29/><W8/><G8/><T123/><D135/><U118/><REACH who="1" step="1"/><E49/><REACH who="1" ten="172,296,356,166" step="2"/><V58/><F125/><W14/><G14/><T133/><D133/><U129/><E129/><V25/><F25/><W16/><G30/><T50/><D50/><U101/><AGARI ba="0,1" hai="9,12,19,40,41,44,48,54,94,97,101,116,118,119" machi="101" ten="30,8000,1" yaku="1,1,0,1,12,1,53,2" doraHai="53" doraHaiUra="38" who="1" fromWho="1" sc="172,-20,296,90,356,-20,166,-40" owari="152,-24.8,386,48.6,336,13.6,126,-37.4" /></mjloggm>