<mjloggm ver="2.3"><GO type="225" lobby="0"/><UN n0="%33%74%72%65%65" n1="%E3%81%AF%E3%82%88%E3%81%8A%E3%81%98%E3%81%95%E3%82%93" n2="%E6%B4%BE%E9%81%A3%E3%81%AE%E3%82%B8%E3%83%A3%E3%83%83%E3%82%AF" n3="%E3%81%A8%E3%82%89%E3%81%84%E3%81%A1" dan="16,17,17,16" rate="2146.35,2138.04,2185.61,2135.40" sx="F,M,M,M"/><TAIKYOKU oya="0"/><INIT seed="0,0,0,0,5,101" ten="250,250,250,250" oya="0" hai0="74,56,99,135,42,6,98,10,60,62,102,54,26" hai1="19,24,35,121,109,67,28,90,64,7,89,4,119" hai2="84,30,51,79,25,27,9,21,49,2,81,115,120" hai3="41,0,127,129,114,133,40,110,82,48,134,15,3"/><T96/><D135/><N who="3" m="51721" /><G114/><T113/><D113/><U80/><E121/><V53/><F120/><W108/><G129/><T33/><D74/><U78/><E119/><V70/><F115/><W1/><G127/><T20/><D42/><N who="3" m="16489" /><G48/><T132/><D132/><U73/><E109/><N who="3" m="42090" /><G15/><N who="0" m="5591" /><D33/><U128/><E128/><V124/><F124/><W75/><G82/><T16/><D102/><U22/><E4/><V118/><F118/><W43/><N who="3" m="16497" /><W32/><DORA hai="85" /><G32/><T46/><D46/><U59/><E7/><V111/><F111/><W50/><G50/><AGARI ba="0,0" hai="16,20,26,50,54,56,60,62,96,98,99" m="5591" machi="50" ten="30,2900,0" yaku="8,1,54,1" doraHai="101,85" who="0" fromWho="3" sc="250,29,250,0,250,0,250,-29" /><INIT seed="0,1,0,2,4,18" ten="279,250,250,221" oya="0" hai0="40,120,58,79,99,127,101,131,44,49,7,78,96" hai1="74,132,12,9,36,70,6,10,41,91,52,43,60" hai2="38,69,57,100,42,27,63,95,114,32,4,111,93" hai3="92,115,76,51,97,122,73,68,75,61,94,29,47"/><T80/><D120/><U77/><E132/><V13/><F69/><W124/><G115/><T22/><D131/><U54/><E74/><V30/><F114/><W117/><G117/><T62/><D127/><U112/><E112/><V108/><F42/><N who="1" m="15881" /><E70/><V90/><F38/><W50/><G124/><T66/><D7/><U3/><E3/><V11/><F100/><W14/><G122/><T48/><D48/><U25/><E36/><V15/><F15/><W35/><G14/><T98/><D101/><U89/><E77/><V46/><F46/><W37/><G37/><T21/><REACH who="0" step="1"/><D78/><REACH who="0" ten="269,250,250,221" step="2"/><U67/><E6/><V59/><F90/><W134/><G76/><T129/><D129/><U72/><E91/><V121/><F121/><W83/><G51/><T17/><D17/><U105/><E89/><V104/><F108/><W126/><G50/><T33/><D33/><U125/><E125/><V64/><F111/><W19/><G35/><T26/><D26/><U103/><E25/><V34/><F34/><W88/><G19/><T53/><D53/><U106/><E52/><N who="2" m="34215" /><F104/><W116/><G126/><T16/><D16/><U20/><E103/><V130/><F130/><W119/><G88/><T82/><D82/><U71/><E106/><V1/><F1/><W65/><G83/><T24/><D24/><U86/><E105/><V113/><F113/><W118/><G118/><T81/><D81/><U123/><E54/><V23/><F32/><W84/><G116/><T5/><D5/><N who="1" m="3119" /><E123/><V56/><F64/><W133/><G119/><T0/><D0/><U55/><E67/><V8/><F8/><RYUUKYOKU ba="1,1" sc="269,15,250,-15,250,15,221,-15" hai0="21,22,40,44,49,58,62,66,79,80,96,98,99" hai2="4,11,13,23,27,30,56,59,93,95" /><INIT seed="0,2,1,4,1,12" ten="284,235,265,206" oya="0" hai0="35,108,73,34,38,79,42,30,80,5,46,78,110" hai1="92,104,75,116,112,58,119,129,49,51,120,47,130" hai2="84,88,87,14,57,68,16,13,121,124,117,132,66" hai3="95,114,118,125,18,64,103,71,101,31,86,26,61"/><T94/><D78/><U82/><E104/><V24/><F121/><W4/><G114/><T70/><D94/><U54/><E92/><N who="2" m="54279" /><F68/><W60/><G118/><N who="1" m="45098" /><E82/><V99/><F124/><W22/><G125/><T19/><D5/><U39/><E75/><V65/><F132/><W97/><G4/><T10/><D70/><U50/><E120/><V72/><F72/><W27/><G61/><T9/><D9/><U43/><E112/><V3/><F3/><W15/><G86/><T55/><D55/><U11/><E11/><V1/><F1/><W106/><REACH who="3" step="1"/><G31/><REACH who="3" ten="284,235,265,196" step="2"/><T77/><D30/><U91/><E91/><V25/><F117/><W29/><G29/><T45/><D73/><U63/><AGARI ba="2,2" hai="39,43,47,49,50,51,54,58,63,129,130" m="45098" machi="63" ten="40,2700,0" yaku="34,2" doraHai="12" who="1" fromWho="1" sc="284,-15,235,53,265,-9,196,-9" /><INIT seed="1,0,0,5,1,94" ten="269,288,256,187" oya="1" hai0="72,22,73,76,100,19,29,23,85,61,55,2,47" hai1="44,74,130,93,26,110,45,18,6,88,92,90,31" hai2="121,89,32,21,11,101,49,97,37,56,133,16,103" hai3="105,5,69,50,135,59,12,62,68,53,60,36,122"/><U124/><E74/><V86/><F121/><W14/><G105/><T125/><D2/><U78/><E78/><V99/><F32/><W102/><G122/><T109/><D109/><U95/><E110/><V77/><F37/><W43/><G102/><N who="2" m="38921" /><F77/><W106/><G106/><T111/><D111/><U134/><E124/><V119/><F133/><W79/><G79/><T129/><D129/><U4/><E130/><V34/><F34/><W10/><G135/><T33/><D33/><U113/><E113/><V104/><F104/><W1/><G62/><T58/><D125/><U28/><E134/><V96/><F11/><W17/><G17/><T131/><D131/><U30/><E18/><V132/><F132/><W83/><G83/><T107/><D29/><U80/><E26/><N who="2" m="14631" /><F119/><W65/><REACH who="3" step="1"/><G69/><REACH who="3" ten="269,288,256,177" step="2"/><T57/><D107/><U112/><E80/><N who="2" m="49351" /><F49/><W3/><G3/><T39/><D76/><U67/><E112/><V27/><F27/><W115/><G115/><T54/><D73/><U9/><E4/><V38/><F38/><W20/><G20/><T66/><D23/><U108/><E108/><V75/><F75/><W70/><G70/><T91/><D72/><U128/><E128/><V127/><F127/><W7/><G7/><T63/><D39/><U0/><E6/><V87/><F87/><W35/><G35/><T48/><D85/><U126/><E126/><V41/><F41/><W25/><G25/><T123/><D123/><U81/><E81/><V114/><F114/><W116/><G116/><T15/><D22/><U64/><E0/><V118/><F118/><W98/><G98/><RYUUKYOKU ba="0,1" sc="269,-15,288,-15,256,15,177,15" hai2="56,96,97,99" hai3="1,5,10,12,14,36,43,50,53,59,60,65,68" /><INIT seed="2,1,1,4,5,87" ten="254,273,271,192" oya="2" hai0="29,64,33,79,52,90,56,77,103,107,54,132,63" hai1="128,66,112,88,7,62,116,35,101,18,27,135,17" hai2="109,114,96,130,89,20,127,51,38,123,12,25,39" hai3="86,102,78,34,126,21,84,105,61,68,76,14,36"/><V124/><F114/><W75/><G36/><T40/><D132/><U121/><E112/><V118/><F123/><W97/><G126/><N who="2" m="48169" /><F118/><W37/><G37/><T104/><D40/><U44/><E116/><V13/><F130/><W95/><G34/><T94/><D104/><U93/><E101/><V22/><F109/><W119/><G119/><T59/><D107/><U67/><E7/><V92/><F51/><W5/><G75/><T43/><D43/><U98/><E128/><V100/><F13/><W57/><G68/><T71/><D103/><U72/><E72/><V81/><F12/><W110/><G110/><T55/><D33/><U3/><E3/><V10/><F10/><W16/><G5/><T46/><D46/><U70/><E135/><V31/><F22/><W133/><G133/><T28/><D71/><U134/><E134/><V82/><F82/><W45/><G45/><T53/><D28/><U99/><E121/><V85/><AGARI ba="1,1" hai="20,25,31,38,39,81,85,89,92,96,100" m="48169" machi="85" ten="30,3000,0" yaku="18,1,52,1" doraHai="87" who="2" fromWho="2" sc="254,-11,273,-11,271,43,192,-11" /><INIT seed="2,2,0,2,4,27" ten="243,262,314,181" oya="2" hai0="86,44,126,62,80,107,97,99,73,117,68,0,54" hai1="42,82,121,75,114,21,39,108,129,11,112,35,70" hai2="95,43,18,105,103,32,69,96,93,20,109,57,119" hai3="1,9,29,50,135,16,4,25,5,60,88,37,134"/><V51/><F119/><W3/><G37/><T130/><D117/><U2/><RYUUKYOKU type="yao9" ba="2,0" sc="243,0,262,0,314,0,181,0" hai1="2,11,21,35,39,42,70,75,82,108,112,114,121,129" /><INIT seed="2,3,0,5,2,10" ten="243,262,314,181" oya="2" hai0="129,43,118,45,7,88,41,55,42,87,100,76,52" hai1="27,77,38,111,121,108,82,106,15,37,62,60,113" hai2="95,119,135,116,132,70,26,122,90,69,105,25,99" hai3="1,24,72,110,79,30,109,112,117,126,17,22,29"/><V123/><F105/><W66/><G72/><T6/><D129/><U35/><E113/><V44/><F44/><W53/><G79/><T12/><D118/><N who="2" m="45098" /><F25/><W54/><G117/><T61/><D76/><U130/><E106/><V0/><F26/><W134/><G66/><T73/><D73/><U18/><E130/><V81/><F0/><W67/><G67/><T2/><D100/><U59/><E121/><N who="2" m="46091" /><F81/><W16/><G112/><T98/><D98/><U86/><E27/><V50/><F50/><W23/><G1/><T78/><D78/><U107/><E35/><V80/><F80/><W84/><G24/><T47/><D2/><U36/><E107/><V32/><F32/><W3/><G3/><T8/><D6/><U19/><E19/><V13/><F13/><W21/><G21/><T91/><D91/><U63/><REACH who="1" step="1"/><E59/><REACH who="1" ten="243,252,314,181" step="2"/><V104/><F104/><W85/><REACH who="3" step="1"/><G126/><REACH who="3" ten="243,252,314,171" step="2"/><T11/><D11/><AGARI ba="3,2" hai="11,15,18,36,37,38,60,62,63,77,82,86,108,111" machi="11" ten="50,8000,1" yaku="1,1,2,1,52,1,53,1" doraHai="10" doraHaiUra="14" who="1" fromWho="0" sc="243,-89,252,109,314,0,171,0" /><INIT seed="3,0,0,5,2,23" ten="154,361,314,171" oya="3" hai0="6,119,35,92,46,26,68,71,44,81,9,24,15" hai1="43,21,97,113,91,93,77,87,38,116,47,76,14" hai2="109,55,57,75,42,70,74,25,32,72,67,56,19" hai3="36,85,52,127,40,31,0,33,111,84,2,45,65"/><W30/><G127/><T28/><D119/><U107/><E113/><V53/><F109/><W117/><G117/><T64/><D81/><U5/><E116/><V110/><F110/><W102/><G111/><T96/><D24/><U4/><E107/><V51/><F42/><W82/><G65/><T104/><D104/><U66/><E66/><V120/><F120/><W123/><G123/><T18/><D6/><U37/><E38/><V118/><F118/><W16/><G102/><T8/><D8/><U17/><E77/><V48/><F67/><W122/><G122/><T90/><REACH who="0" step="1"/><D64/><REACH who="0" ten="144,361,314,171" step="2"/><U79/><E76/><V7/><F7/><W89/><G33/><T60/><D60/><U131/><E79/><V125/><F125/><W115/><G115/><T78/><D78/><U62/><E62/><V98/><F32/><W106/><G106/><T121/><D121/><U130/><E4/><V108/><F108/><W50/><G16/><T63/><D63/><U11/><REACH who="1" step="1"/><E87/><REACH who="1" ten="144,351,314,171" step="2"/><V12/><F72/><W3/><REACH who="3" step="1"/><G85/><REACH who="3" ten="144,351,314,161" step="2"/><T34/><D34/><U22/><E22/><V13/><F74/><W49/><G49/><T54/><D54/><U59/><E59/><AGARI ba="0,3" hai="0,2,3,30,31,36,40,45,50,52,59,82,84,89" machi="59" ten="40,3900,0" yaku="1,1,54,1,53,0" doraHai="23" doraHaiUra="88" who="3" fromWho="1" sc="144,0,351,-39,314,0,161,69" /><INIT seed="3,1,0,3,3,106" ten="144,312,314,230" oya="3" hai0="28,21,47,117,57,119,49,48,40,99,113,18,13" hai1="92,71,8,34,29,135,93,5,26,87,126,6,61" hai2="83,67,89,125,36,16,111,1,59,80,81,129,69" hai3="14,77,7,4,133,64,94,24,38,65,3,50,46"/><W39/><G133/><T73/><D113/><U110/><E135/><V123/><F69/><W97/><G3/><T90/><D119/><U128/><E110/><V112/><F112/><W51/><G77/><T101/><D117/><U31/><E126/><V17/><F36/><W20/><G39/><T66/><D28/><U33/><E128/><V10/><F111/><W35/><G35/><T132/><D132/><U76/><E29/><V74/><F74/><W68/><G38/><T56/><D66/><U23/><E33/><V15/><F1/><W131/><G51/><T72/><D90/><U43/><E34/><V127/><F129/><W70/><G70/><T58/><REACH who="0" step="1"/><D48/><REACH who="0" ten="134,312,314,230" step="2"/><U30/><E31/><V54/><F123/><W84/><G65/><T9/><D9/><U27/><E8/><V100/><F67/><W78/><G64/><T22/><D22/><U55/><E23/><V41/><F125/><W103/><G68/><T134/><D134/><U85/><E30/><V114/><F114/><W0/><G131/><T75/><D75/><U19/><E71/><V53/><F127/><W11/><G20/><T108/><D108/><U82/><E61/><N who="2" m="36079" /><F89/><W86/><G11/><T45/><D45/><U12/><E76/><V102/><F17/><W91/><G78/><T105/><AGARI ba="1,1" hai="13,18,21,40,47,49,56,57,58,72,73,99,101,105" machi="105" ten="30,8000,1" yaku="1,1,0,1,52,2,53,1" doraHai="106" doraHaiUra="37" who="0" fromWho="0" sc="134,93,312,-21,314,-21,230,-41" /><INIT seed="4,0,0,0,3,70" ten="227,291,293,189" oya="0" hai0="10,21,33,59,57,115,66,93,32,119,88,117,47" hai1="60,55,51,113,15,72,122,98,54,127,105,19,102" hai2="23,77,14,4,132,11,129,101,27,87,104,46,7" hai3="3,131,97,31,43,116,74,78,126,114,130,82,100"/><T53/><D115/><U50/><E122/><V125/><F125/><W83/><G3/><T56/><D66/><U2/><E2/><V34/><F132/><W128/><G116/><T52/><D10/><U44/><E72/><V18/><F129/><W76/><G31/><T45/><D21/><U110/><E110/><V107/><F101/><W28/><G28/><T120/><D120/><U36/><E127/><V1/><F46/><N who="0" m="17418" /><D93/><U26/><E113/><V8/><F34/><N who="0" m="13418" /><D88/><U25/><E36/><V65/><REACH who="2" step="1"/><F65/><REACH who="2" ten="227,291,283,189" step="2"/><W79/><G126/><T96/><D96/><U67/><E98/><V0/><F0/><W112/><G43/><T49/><D49/><U69/><E102/><V40/><F40/><W16/><G16/><T121/><D121/><U103/><E103/><V58/><F58/><W48/><G48/><T38/><D38/><U62/><E105/><V95/><F95/><N who="3" m="58431" /><G78/><T94/><D94/><U135/><E135/><V106/><F106/><W89/><G89/><T29/><D29/><U92/><E92/><V13/><F13/><W85/><AGARI ba="0,1" hai="74,76,79,82,83,85,112,114,128,130,131" m="58431" machi="85" ten="40,5200,0" yaku="19,1,34,2" doraHai="70" who="3" fromWho="3" sc="227,-26,291,-13,283,-13,189,62" /><INIT seed="5,0,0,3,1,127" ten="201,278,270,251" oya="1" hai0="73,28,33,95,126,69,112,94,32,15,97,54,99" hai1="96,114,26,122,103,86,116,45,22,10,135,81,43" hai2="132,83,53,62,66,60,100,40,55,3,113,21,129" hai3="91,90,108,63,36,9,80,39,56,11,71,2,67"/><U105/><E116/><V70/><F3/><W20/><G108/><T106/><D106/><U72/><E122/><V134/><F100/><W121/><G121/><T92/><D126/><U19/><E114/><V79/><F113/><W58/><G2/><T5/><D112/><U133/><E10/><V50/><F21/><W61/><G20/><T76/><D69/><U120/><E72/><V52/><F129/><W87/><G71/><T34/><D28/><U31/><E120/><V131/><F131/><W8/><REACH who="3" step="1"/><G91/><REACH who="3" ten="201,278,270,241" step="2"/><T16/><D5/><U46/><E31/><V14/><F70/><W38/><G38/><T57/><D76/><U84/><E22/><V44/><F14/><W101/><G101/><T107/><D107/><U18/><E26/><V47/><F47/><W78/><G78/><T37/><D37/><U7/><E45/><V118/><F118/><W119/><G119/><T104/><D104/><U6/><E46/><V125/><F125/><W17/><G17/><T130/><D130/><U35/><E18/><V59/><REACH who="2" step="1"/><F62/><REACH who="2" ten="201,278,260,241" step="2"/><W29/><G29/><T41/><D41/><U123/><E103/><V24/><F24/><W75/><G75/><AGARI ba="0,2" hai="40,44,50,52,53,55,59,60,66,75,79,83,132,134" machi="75" ten="40,2600,0" yaku="1,1,54,1,53,0" doraHai="127" doraHaiUra="13" who="2" fromWho="3" sc="201,0,278,0,260,46,241,-26" owari="201,-29.9,278,7.8,306,40.6,215,-18.5" /></mjloggm>