<mjloggm ver="2.3"><GO type="225" lobby="0"/><UN n0="%E6%A1%9C%E8%8A%B1%E9%96%83%E3%80%85" n1="%4B%2E%32%2E%4B%2E" n2="%E3%81%BE%E3%83%BC%E3%81%8F%E3%82%93" n3="%E6%80%AA%E3%81%97%E3%81%99%E3%81%8E%E3%82%8B%E3%83%81%E3%83%BC" dan="18,16,16,16" rate="2181.39,2116.70,2065.58,2165.81" sx="M,M,M,M"/><TAIKYOKU oya="0"/><INIT seed="0,0,0,5,1,112" ten="250,250,250,250" oya="0" hai0="9,99,15,26,64,33,94,70,108,19,92,46,127" hai1="95,6,69,47,77,34,116,3,38,23,52,58,44" hai2="90,13,30,76,72,35,18,2,102,37,49,60,111" hai3="106,75,117,128,45,109,16,68,66,125,132,31,17"/><T115/><D115/><U135/><E34/><V124/><F37/><W1/><RYUUKYOKU type="yao9" ba="0,0" sc="250,0,250,0,250,0,250,0" hai3="1,16,17,31,45,66,68,75,106,109,117,125,128,132" /><INIT seed="0,1,0,5,4,125" ten="250,250,250,250" oya="0" hai0="108,35,16,80,5,14,1,120,85,122,25,32,33" hai1="118,129,106,94,79,53,119,52,116,128,105,113,61" hai2="11,30,39,84,0,134,99,67,40,97,72,117,126" hai3="22,18,57,38,89,44,26,6,59,28,9,7,45"/><T110/><D85/><U121/><E121/><N who="0" m="46697" /><D80/><U130/><E113/><V47/><F67/><W76/><G76/><T49/><D49/><U133/><E133/><V91/><F30/><W4/><G89/><T101/><D101/><U90/><E79/><V81/><F117/><W55/><G38/><T64/><D64/><U111/><E111/><N who="0" m="42537" /><D1/><U73/><E73/><V95/><F134/><W74/><G74/><T132/><D132/><U87/><E61/><V78/><REACH who="2" step="1"/><F126/><REACH who="2" ten="250,250,240,250" step="2"/><W103/><G103/><T62/><D62/><U82/><E82/><V100/><F100/><W93/><G57/><T37/><D37/><U69/><E69/><V86/><F86/><W102/><G59/><T54/><D54/><AGARI ba="1,1" hai="52,53,54,87,90,94,105,106,116,118,119,128,129,130" machi="54" ten="50,8000,1" yaku="19,1,52,3,54,1" doraHai="125" who="1" fromWho="0" sc="250,-83,250,93,240,0,250,0" /><INIT seed="1,0,0,5,4,90" ten="167,343,240,250" oya="1" hai0="10,17,24,124,52,103,92,77,116,19,99,38,51" hai1="72,83,114,6,91,61,97,45,118,75,113,21,56" hai2="68,119,34,133,104,26,43,82,106,3,57,128,89" hai3="71,50,107,9,44,80,85,55,70,36,121,84,112"/><U41/><E118/><V74/><F3/><W47/><G112/><T7/><D116/><U81/><E6/><V37/><F119/><W110/><G121/><T105/><D38/><U88/><E75/><V39/><F68/><W29/><G110/><T5/><D124/><U48/><E72/><V13/><F43/><W58/><G107/><T69/><D69/><U98/><E113/><V96/><F89/><N who="1" m="34377" /><E21/><V11/><F57/><W134/><G134/><T100/><D77/><U15/><E15/><V54/><F54/><W67/><G9/><T0/><D5/><U115/><E115/><V59/><F59/><W123/><G29/><T62/><D62/><U63/><E63/><V64/><F13/><W102/><G123/><T35/><D103/><U135/><E135/><V16/><F64/><W95/><G80/><N who="1" m="30794" /><E114/><V33/><F133/><W65/><G71/><T60/><D60/><U76/><E76/><N who="2" m="44311" /><F11/><W14/><G14/><T126/><D105/><N who="2" m="40554" /><F96/><N who="3" m="59679" /><G67/><AGARI ba="0,0" hai="41,45,48,56,61,67,97,98" m="30794,34377" machi="67" ten="30,2900,0" yaku="8,1,54,1" doraHai="90" who="1" fromWho="3" sc="167,0,343,29,240,0,250,-29" /><INIT seed="1,1,0,0,5,42" ten="167,372,240,221" oya="1" hai0="15,51,31,79,52,122,125,75,105,56,134,109,112" hai1="82,29,124,65,99,111,85,127,89,41,76,66,28" hai2="123,11,2,119,6,25,91,132,46,120,74,95,108" hai3="16,93,135,86,38,54,22,40,100,48,126,117,88"/><U39/><E39/><V8/><F119/><W59/><G117/><T128/><D112/><U73/><E41/><V67/><F74/><W78/><G126/><T84/><D125/><N who="1" m="48203" /><E99/><V47/><F25/><W92/><G135/><T36/><D134/><U4/><E4/><V21/><F132/><W44/><G78/><T68/><D75/><U1/><E1/><V13/><F21/><W3/><G3/><T63/><D109/><U107/><E107/><V133/><F108/><W7/><G7/><T98/><D128/><U24/><E111/><V49/><F67/><N who="1" m="25609" /><E24/><V33/><F33/><W20/><G20/><T97/><D36/><U129/><E129/><V37/><F133/><W30/><G30/><T90/><D105/><U27/><E27/><V69/><F69/><W70/><G70/><T103/><D15/><U45/><E45/><N who="2" m="16907" /><F37/><W62/><G38/><T61/><D68/><U116/><E116/><V118/><F2/><W17/><G22/><T18/><D98/><AGARI ba="1,0" hai="16,17,40,44,48,54,59,62,86,88,92,93,98,100" machi="98" ten="40,8000,1" yaku="8,1,52,1,54,2" doraHai="42" who="3" fromWho="0" sc="167,-83,372,0,240,0,221,83" /><INIT seed="2,0,0,4,2,70" ten="84,372,240,304" oya="2" hai0="132,54,96,0,94,86,87,71,10,73,11,60,55" hai1="7,105,48,75,92,1,84,16,58,123,121,85,104" hai2="28,31,65,23,20,101,24,61,107,26,102,21,133" hai3="88,120,97,129,62,38,130,95,93,13,79,66,91"/><V12/><F133/><W128/><G120/><N who="1" m="46154" /><E75/><V134/><F134/><W114/><G114/><T9/><D132/><U64/><E16/><N who="2" m="10247" /><F107/><N who="1" m="41033" /><E92/><V19/><F19/><W44/><G13/><T81/><D0/><U4/><E1/><V98/><F98/><W78/><G38/><T8/><N who="0" m="2048" /><DORA hai="90" /><T41/><D41/><U17/><E17/><V45/><F45/><W50/><G95/><T52/><D71/><U46/><E64/><V51/><F51/><W29/><G91/><T124/><D124/><U117/><E117/><V126/><F126/><W109/><G29/><T36/><D36/><U82/><E58/><AGARI ba="0,0" hai="21,23,24,26,28,31,58,61,65,101,102" m="10247" machi="58" ten="30,2900,0" yaku="8,1,54,1" doraHai="70,90" who="2" fromWho="1" sc="84,0,372,-29,240,29,304,0" /><INIT seed="2,1,0,3,0,8" ten="84,343,269,304" oya="2" hai0="28,53,17,95,94,51,0,89,30,45,25,128,24" hai1="93,79,56,32,14,86,84,88,119,130,101,41,21" hai2="36,110,63,54,50,31,61,12,3,81,62,80,97" hai3="74,115,91,9,16,109,57,13,77,29,11,75,59"/><V82/><F3/><W98/><G109/><T27/><D128/><U22/><E119/><V133/><F36/><W46/><G115/><T132/><D132/><U90/><E32/><V26/><F133/><W40/><G29/><T125/><D125/><U112/><E112/><V6/><F97/><W108/><G108/><T71/><D71/><U15/><E130/><V134/><F110/><W122/><G122/><T34/><D0/><U100/><E41/><V66/><F66/><W35/><G35/><T85/><D34/><U129/><E79/><V96/><F96/><W68/><G68/><T23/><REACH who="0" step="1"/><D95/><REACH who="0" ten="74,343,269,304" step="2"/><N who="1" m="54727" /><E129/><V123/><F134/><W103/><G75/><T73/><D73/><U33/><E33/><V127/><F123/><W19/><G74/><T5/><D5/><U65/><E93/><V104/><F104/><W43/><G77/><T64/><D64/><U1/><E1/><V126/><F127/><W106/><G106/><T67/><D67/><U92/><E65/><V72/><F72/><W135/><G135/><T60/><D60/><U58/><E58/><N who="2" m="33111" /><F126/><W38/><G59/><T20/><D20/><U117/><E56/><V114/><F114/><W124/><G57/><T42/><D42/><U47/><E22/><N who="2" m="15831" /><F82/><W70/><G124/><T52/><D52/><U120/><E120/><V78/><F78/><W55/><G43/><T87/><D87/><U131/><E131/><V69/><F69/><W118/><G70/><T105/><D105/><U102/><E21/><V99/><F99/><W2/><G98/><T121/><D121/><U7/><E86/><V76/><F76/><RYUUKYOKU ba="1,1" sc="74,15,343,-15,269,15,304,-15" hai0="17,23,24,25,27,28,30,45,51,53,85,89,94" hai2="6,12,61,62,63,80,81" /><INIT seed="2,2,1,3,3,124" ten="89,328,284,289" oya="2" hai0="94,75,46,99,40,9,21,39,41,76,87,53,132" hai1="135,73,102,97,67,7,69,3,5,130,29,98,85" hai2="44,36,115,91,118,45,126,32,28,84,50,48,14" hai3="88,101,54,0,68,79,114,119,96,70,113,64,13"/><V123/><F36/><W17/><G0/><T33/><D33/><U83/><E73/><V74/><F74/><W106/><G119/><T34/><D34/><U127/><E3/><V15/><F123/><W47/><G79/><T27/><D75/><U121/><E127/><V129/><F32/><W56/><G88/><T107/><D132/><U8/><E135/><V112/><F28/><W51/><G56/><T12/><D107/><U26/><E121/><V109/><F118/><W23/><REACH who="3" step="1"/><G64/><REACH who="3" ten="89,328,284,279" step="2"/><T16/><D53/><U104/><E67/><V30/><F126/><W58/><G58/><T2/><D2/><U65/><E65/><V120/><F120/><W78/><G78/><T105/><D105/><U134/><E134/><V38/><F115/><AGARI ba="2,2" hai="13,17,23,47,51,54,68,70,96,101,106,113,114,115" machi="115" ten="40,2600,0" yaku="1,1,11,1,53,0" doraHai="124" doraHaiUra="52" who="3" fromWho="2" sc="89,0,328,0,284,-32,279,52" /><INIT seed="3,0,0,3,5,105" ten="89,328,252,331" oya="3" hai0="54,8,16,73,23,79,49,87,113,38,63,70,130" hai1="27,96,100,10,21,53,25,6,59,77,19,39,107" hai2="47,118,51,103,36,93,66,104,31,4,58,82,115" hai3="119,44,57,101,32,5,127,40,42,83,3,43,131"/><W17/><G119/><T1/><D130/><U135/><E39/><V97/><F118/><W91/><G32/><T78/><D113/><U11/><E135/><V13/><F115/><W28/><G131/><T64/><D87/><U133/><E133/><V121/><F36/><W109/><G101/><T62/><D62/><U122/><E122/><V92/><F121/><W29/><G127/><T123/><D123/><U41/><E41/><V15/><F31/><N who="3" m="11851" /><G3/><T55/><D38/><U134/><E134/><V18/><F4/><W0/><G0/><T95/><D95/><U46/><E46/><V61/><F13/><W20/><G5/><T80/><D78/><U33/><E77/><V124/><F124/><W102/><G102/><T7/><REACH who="0" step="1"/><D49/><REACH who="0" ten="79,328,252,331" step="2"/><U81/><E107/><V52/><REACH who="2" step="1"/><F82/><REACH who="2" ten="79,328,242,331" step="2"/><W67/><G83/><T117/><D117/><U85/><E81/><V24/><F24/><AGARI ba="0,2" hai="1,7,8,16,23,24,54,55,63,64,70,73,79,80" machi="24" ten="30,8000,1" yaku="1,1,7,1,52,1,54,1,53,1" doraHai="105" doraHaiUra="56" who="0" fromWho="2" sc="79,100,328,0,242,-80,331,0" owari="179,-22.1,328,12.8,162,-33.8,331,43.1" /></mjloggm>