<mjloggm ver="2.3"><GO type="225" lobby="0"/><UN n0="%44%69%73%6F%72%64%65%72" n1="%72%61%6B%33" n2="%E3%81%BF%E3%81%BF%E3%81%9A" n3="%E7%99%BD%E6%97%A5%E9%9B%AA%E8%8F%9C" dan="17,16,16,16" rate="2217.29,2050.55,2154.33,2185.36" sx="M,M,M,F"/><TAIKYOKU oya="0"/><INIT seed="0,0,0,4,4,123" ten="250,250,250,250" oya="0" hai0="74,59,86,93,52,23,111,122,71,73,110,30,108" hai1="90,0,13,42,70,101,134,8,17,24,133,129,20" hai2="45,28,54,27,79,75,88,55,115,98,61,62,97" hai3="85,89,65,40,12,127,102,25,116,34,125,6,66"/><T63/><D122/><U76/><E70/><V31/><F115/><W121/><G116/><T126/><D126/><N who="3" m="48137" /><G121/><T117/><D117/><U48/><E129/><V130/><F75/><W2/><G2/><T49/><D30/><U46/><E101/><V68/><F68/><W67/><G102/><T91/><D23/><U77/><E0/><V80/><F130/><W7/><G40/><T58/><D71/><U50/><E50/><V113/><F113/><W57/><G57/><T14/><D14/><U9/><E9/><V81/><F27/><W19/><G25/><T18/><D18/><U43/><E43/><V107/><F107/><W82/><G34/><T83/><D93/><U112/><E90/><V37/><F37/><W84/><G85/><T15/><D15/><U99/><E99/><V78/><F45/><W33/><G33/><T96/><D96/><U51/><E51/><V72/><F72/><W60/><G60/><T132/><D132/><N who="1" m="50795" /><E112/><V119/><F119/><W32/><G32/><T114/><D114/><U21/><E21/><AGARI ba="0,0" hai="6,7,12,19,21,65,66,67,82,84,89" m="48137" machi="21" ten="30,1000,0" yaku="18,1" doraHai="123" who="3" fromWho="1" sc="250,0,250,-10,250,0,250,10" /><INIT seed="1,0,0,5,0,24" ten="250,240,250,260" oya="1" hai0="107,101,96,127,118,123,8,119,105,46,83,135,121" hai1="72,77,131,67,66,7,85,40,25,124,71,3,129" hai2="89,22,37,32,91,115,110,126,88,74,42,109,81" hai3="95,19,58,122,111,134,68,106,92,20,59,9,33"/><U87/><E72/><V15/><F32/><W125/><G122/><N who="0" m="46603" /><D8/><U30/><E40/><V39/><F126/><W99/><G68/><T64/><D64/><U94/><E124/><V44/><F115/><W29/><G125/><T63/><D127/><U11/><E77/><N who="2" m="44215" /><F22/><W38/><G38/><T27/><D63/><U57/><E71/><V49/><F15/><W45/><G111/><AGARI ba="0,0" hai="37,39,42,44,49,88,89,91,109,110,111" m="44215" machi="111" ten="30,2000,0" yaku="14,1,54,1" doraHai="24" who="2" fromWho="3" sc="250,0,240,0,250,20,260,-20" /><INIT seed="2,0,0,4,1,69" ten="250,240,270,240" oya="2" hai0="42,112,27,125,134,65,105,127,24,13,113,5,99" hai1="52,108,110,107,28,3,135,33,90,9,80,106,96" hai2="48,18,1,8,17,31,77,132,98,126,118,83,34" hai3="22,85,87,20,123,128,130,88,6,38,2,47,67"/><V45/><F118/><W129/><G123/><T53/><D42/><U19/><E135/><V60/><F126/><N who="0" m="48138" /><D65/><U133/><E133/><V72/><F132/><W43/><G67/><T55/><D134/><U35/><E80/><V75/><F60/><W15/><G2/><T63/><D5/><U57/><E90/><V25/><F75/><W74/><G74/><T101/><D13/><N who="1" m="7599" /><E3/><V86/><F98/><W46/><G85/><T131/><D131/><U59/><E59/><V93/><F93/><N who="3" m="54431" /><G46/><T124/><N who="0" m="48146" /><T32/><DORA hai="119" /><D24/><N who="1" m="18567" /><E96/><V7/><REACH who="2" step="1"/><F72/><REACH who="2" ten="250,240,260,240" step="2"/><W81/><G81/><T51/><D63/><U23/><E106/><V4/><F4/><W73/><G73/><T58/><D105/><U11/><E107/><V64/><F64/><W100/><G100/><T37/><D99/><U0/><E110/><V78/><F78/><W68/><G68/><T39/><D101/><U115/><E108/><V76/><F76/><W16/><G6/><T114/><D55/><AGARI ba="0,1" hai="1,7,8,17,18,25,31,34,45,48,55,77,83,86" machi="55" ten="30,11600,0" yaku="1,1,7,1,53,2" doraHai="69,119" doraHaiUra="66,14" who="2" fromWho="0" sc="250,-116,240,0,260,126,240,0" /><INIT seed="2,1,0,4,3,117" ten="134,240,386,240" oya="2" hai0="43,97,32,115,76,56,89,8,124,30,63,125,110" hai1="17,27,47,96,114,113,65,36,42,70,79,28,91" hai2="73,116,7,92,77,98,78,54,123,93,81,51,122" hai3="131,68,130,19,83,111,120,135,87,57,85,133,35"/><V24/><F7/><W60/><G68/><T34/><D115/><U61/><E17/><V62/><F116/><W18/><G35/><T53/><D110/><U108/><E108/><V29/><F62/><W80/><G111/><T132/><D132/><U66/><E91/><V121/><F77/><W1/><G1/><T3/><D76/><U119/><E119/><V4/><F4/><W102/><G102/><T15/><D3/><U55/><E66/><V5/><F5/><W105/><G105/><T86/><D43/><U39/><E39/><V59/><REACH who="2" step="1"/><F98/><REACH who="2" ten="134,240,376,240" step="2"/><W118/><G118/><T100/><D97/><U134/><E79/><V103/><F103/><W22/><G133/><T11/><D100/><U101/><E134/><V14/><F14/><W64/><G135/><T52/><D15/><U72/><E72/><V33/><AGARI ba="1,1" hai="24,29,33,51,54,59,73,78,81,92,93,121,122,123" machi="33" ten="30,12000,1" yaku="1,1,0,1,52,3,53,0" doraHai="117" doraHaiUra="128" who="2" fromWho="2" sc="134,-41,240,-41,376,133,240,-41" /><INIT seed="2,2,0,1,1,6" ten="93,199,509,199" oya="2" hai0="108,15,86,99,53,121,21,20,75,123,24,73,85" hai1="33,50,17,65,109,105,18,94,95,76,9,133,2" hai2="62,127,134,28,71,26,97,41,125,115,91,5,29" hai3="1,118,81,56,37,60,44,35,107,96,83,122,88"/><V135/><F41/><W48/><G118/><T124/><D108/><U59/><E105/><V120/><F120/><W87/><G122/><T119/><D119/><U93/><E33/><V45/><F45/><W80/><G37/><T128/><D99/><U131/><E109/><V55/><F91/><W130/><G35/><T111/><D111/><U70/><E70/><V34/><F97/><W54/><G1/><T58/><D124/><N who="2" m="47690" /><F55/><W30/><G30/><T16/><D128/><U47/><E76/><V19/><F115/><W104/><G130/><T40/><D40/><U66/><E47/><V12/><F29/><W106/><REACH who="3" step="1"/><G96/><REACH who="3" ten="93,199,509,189" step="2"/><T72/><D121/><U52/><E131/><V67/><F5/><W46/><G46/><T79/><D123/><U74/><E17/><V129/><F129/><W117/><G117/><T69/><D69/><U7/><E18/><V8/><AGARI ba="2,1" hai="8,12,19,26,28,34,62,67,71,134,135" m="47690" machi="8" ten="30,3000,0" yaku="18,1,52,1" doraHai="6" who="2" fromWho="2" sc="93,-12,199,-12,509,46,189,-12" /><INIT seed="2,3,0,5,0,14" ten="81,187,555,177" oya="2" hai0="60,74,56,126,70,119,52,96,99,63,112,50,15" hai1="62,75,11,132,40,84,13,88,36,27,64,122,82" hai2="9,108,66,133,21,107,125,61,24,44,103,51,73" hai3="104,120,0,20,26,91,23,46,37,17,114,98,18"/><V135/><F73/><W38/><G120/><T115/><D74/><U49/><E49/><V69/><F9/><W92/><G0/><T35/><D35/><U116/><E116/><V2/><BYE who="1" /><F2/><W65/><G114/><T29/><D29/><U71/><E71/><V124/><F103/><W34/><G34/><T22/><D119/><U28/><E28/><V106/><F107/><W39/><G65/><T5/><D126/><N who="2" m="48746" /><F106/><W3/><G3/><T1/><D1/><U33/><E33/><V43/><F21/><W94/><G104/><T87/><D112/><U42/><E42/><V19/><F24/><W8/><G8/><T12/><D115/><U123/><E123/><V83/><F83/><W16/><G92/><T89/><D5/><U31/><E31/><V6/><F6/><W41/><G18/><N who="0" m="10567" /><D70/><U54/><E54/><V68/><F68/><W30/><G30/><T53/><D15/><AGARI ba="3,0" hai="15,16,17,20,23,26,37,38,39,41,46,91,94,98" machi="15" ten="30,7700,0" yaku="7,1,52,2,54,1" doraHai="14" who="3" fromWho="0" sc="81,-86,187,0,555,0,177,86" owari="-5,-50.5,187,-21.3,555,65.5,263,6.3" /></mjloggm>