<mjloggm ver="2.3"><GO type="225" lobby="0"/><UN n0="%E9%80%9F%E6%B0%B4%E5%87%9B%E9%A6%99" n1="%6D%75%75%6D%75%72%61" n2="%E3%81%9F%E3%81%93%E2%98%86%E7%84%BC%E3%81%8D" n3="%E3%81%8F%E3%81%BE%E3%81%96%E3%82%8F" dan="16,16,16,16" rate="2139.95,2145.00,2131.05,2054.90" sx="F,F,M,M"/><TAIKYOKU oya="0"/><INIT seed="0,0,0,3,1,8" ten="250,250,250,250" oya="0" hai0="103,57,87,52,75,98,106,34,105,109,73,68,99" hai1="135,133,14,51,120,74,58,123,129,24,61,101,0" hai2="100,70,62,63,66,17,125,21,96,69,56,79,19" hai3="47,104,112,32,116,81,114,9,1,2,89,31,44"/><T127/><D34/><U122/><E74/><V38/><F38/><W97/><G116/><T13/><D68/><U55/><E0/><V67/><F79/><W126/><G126/><T33/><D33/><U84/><E24/><V40/><F40/><W60/><G60/><T37/><D37/><U92/><E101/><V93/><F125/><W118/><G118/><T95/><D127/><U46/><E92/><V113/><F113/><W4/><G2/><T131/><D131/><U25/><E25/><V49/><F49/><W82/><G31/><T39/><D39/><U59/><E84/><V36/><F36/><W16/><G32/><T115/><D115/><U12/><E129/><V15/><REACH who="2" step="1"/><F19/><REACH who="2" ten="250,250,240,250" step="2"/><W45/><G16/><T76/><D109/><U28/><E28/><V90/><F90/><W117/><G89/><T6/><D76/><U30/><E30/><V78/><F78/><W108/><G117/><T50/><D87/><U26/><E26/><V7/><F7/><W102/><G108/><T107/><REACH who="0" step="1"/><D98/><REACH who="0" ten="240,250,240,250" step="2"/><U71/><E122/><V80/><F80/><W3/><G82/><T10/><AGARI ba="0,2" hai="6,10,13,50,52,57,73,75,95,99,103,105,106,107" machi="10" ten="40,12000,1" yaku="1,1,2,1,0,1,52,1,54,1,53,0" doraHai="8" doraHaiUra="134" who="0" fromWho="0" sc="240,140,250,-40,240,-40,250,-40" /><INIT seed="0,1,0,1,2,83" ten="380,210,200,210" oya="0" hai0="94,49,127,28,75,87,57,42,27,128,31,125,34" hai1="103,132,73,110,82,50,77,91,26,70,123,41,79" hai2="121,47,19,55,102,80,6,8,44,104,43,9,46" hai3="1,64,11,38,61,51,4,96,20,23,111,10,78"/><T54/><D75/><U126/><E123/><V74/><F121/><W115/><G115/><T12/><D128/><U52/><E70/><V76/><F9/><W63/><G111/><T3/><D3/><U2/><E110/><V120/><F120/><W40/><G38/><T22/><D42/><U112/><E2/><V95/><F19/><W39/><G39/><T14/><D31/><U53/><E112/><V117/><F104/><W93/><G78/><N who="1" m="29706" /><E132/><V118/><F55/><N who="1" m="21065" /><E73/><V7/><F7/><W105/><G105/><T68/><D68/><U66/><E126/><N who="0" m="48137" /><D34/><U92/><E66/><V65/><F65/><W101/><G11/><T84/><D94/><U35/><E35/><V0/><F118/><W119/><G119/><T107/><D107/><U114/><E26/><V24/><F24/><W48/><G63/><T98/><D98/><U89/><E114/><V16/><F16/><W18/><G40/><T124/><D124/><U36/><E36/><N who="2" m="21607" /><F117/><W90/><G18/><T113/><D113/><U97/><E82/><V131/><F131/><W129/><G129/><T72/><D72/><U130/><E130/><V37/><F37/><W60/><G60/><T29/><D29/><U85/><E85/><AGARI ba="1,0" hai="12,14,22,27,28,49,54,57,84,85,87" m="48137" machi="85" ten="30,11600,0" yaku="18,1,52,3" doraHai="83" who="0" fromWho="1" sc="380,119,210,-119,200,0,210,0" /><INIT seed="0,2,0,1,2,36" ten="499,91,200,210" oya="0" hai0="115,71,38,5,63,11,12,135,97,10,67,102,98" hai1="53,40,34,114,51,134,1,0,54,4,55,19,18" hai2="50,116,46,118,92,112,132,28,78,42,123,133,89" hai3="48,109,66,37,72,79,8,125,31,117,64,23,124"/><T122/><D115/><U61/><E114/><V119/><F78/><W99/><G37/><T26/><D122/><U121/><E121/><V75/><F75/><W45/><G117/><T56/><D135/><N who="2" m="51786" /><F28/><W111/><G8/><T105/><D38/><U74/><E134/><V129/><F112/><W70/><G70/><T130/><D130/><U110/><E110/><N who="3" m="41994" /><G99/><T94/><D26/><U86/><E74/><V68/><F68/><W96/><G96/><T106/><D71/><U30/><E61/><V95/><F123/><W127/><G23/><T77/><D77/><U7/><E86/><N who="2" m="52279" /><F95/><W49/><G31/><T82/><D82/><U104/><E104/><V27/><F27/><W101/><G101/><T33/><D33/><U85/><E85/><V76/><F76/><W25/><G25/><T47/><D98/><U107/><E107/><V65/><F65/><N who="3" m="25195" /><G45/><T88/><D102/><U32/><E30/><V3/><F3/><W90/><G90/><T120/><D120/><U59/><E1/><V15/><F15/><W113/><G113/><T126/><D106/><U44/><E32/><V21/><F21/><W57/><G57/><T22/><D105/><U84/><E34/><V14/><F14/><W69/><G69/><T60/><D12/><U81/><E59/><V73/><F73/><W128/><G128/><AGARI ba="2,0" hai="42,46,50,116,118,119,128,129" m="52279,51786" machi="128" ten="40,5200,0" yaku="12,1,20,1,52,1" doraHai="36" who="2" fromWho="3" sc="499,0,91,0,200,58,210,-58" /><INIT seed="1,0,0,1,3,10" ten="499,91,258,152" oya="1" hai0="65,54,126,5,74,130,97,64,89,82,11,77,104" hai1="116,15,91,119,25,7,61,41,1,49,98,40,124" hai2="112,103,22,51,21,117,92,134,4,43,107,114,118" hai3="109,14,45,105,86,16,9,96,56,48,120,133,75"/><U33/><E124/><V44/><F107/><W0/><G120/><T80/><D126/><U121/><E121/><V58/><F4/><W84/><G109/><T81/><D130/><U39/><E39/><V95/><F134/><W20/><G75/><T68/><D68/><U94/><E1/><V36/><F58/><W19/><G133/><T125/><D125/><U17/><E7/><V52/><F21/><W100/><G56/><T53/><D53/><U55/><E61/><V35/><F35/><W30/><G30/><T60/><D54/><U31/><E116/><V135/><F135/><W69/><G69/><T83/><D60/><U27/><E27/><V23/><F23/><W2/><G2/><T32/><D32/><U111/><E111/><V26/><F43/><W102/><G102/><T6/><D6/><U38/><E38/><V115/><F36/><W122/><G0/><T71/><D71/><U87/><E98/><N who="2" m="59847" /><F95/><W24/><REACH who="3" step="1"/><G122/><REACH who="3" ten="499,91,258,142" step="2"/><T50/><D74/><U131/><E131/><V113/><F113/><W67/><G67/><T42/><D65/><U73/><E73/><V28/><AGARI ba="0,1" hai="22,26,28,44,51,52,112,114,115,117,118" m="59847" machi="28" ten="30,2000,0" yaku="11,1,54,1" doraHai="10" who="2" fromWho="2" sc="499,-5,91,-10,258,30,142,-5" /><INIT seed="2,0,0,5,5,57" ten="494,81,288,137" oya="2" hai0="92,67,50,70,38,24,25,135,40,75,30,5,9" hai1="123,47,46,72,121,11,87,88,106,83,52,95,12" hai2="56,14,10,62,100,36,133,23,43,51,61,7,127" hai3="111,6,98,28,58,79,85,59,112,54,78,26,81"/><V31/><F36/><W3/><G111/><T91/><D75/><U119/><E106/><V22/><F133/><W131/><G131/><T64/><D38/><U82/><E119/><V19/><F100/><W129/><G129/><T115/><D115/><U120/><E72/><V68/><F68/><W32/><G112/><T41/><D41/><U103/><E103/><V77/><F77/><W126/><G126/><T109/><D109/><U73/><E73/><V8/><F23/><W29/><G29/><T96/><D135/><U99/><E99/><V124/><F31/><W114/><G114/><T84/><D96/><U66/><E66/><V4/><F43/><W0/><G6/><T2/><D70/><U132/><E132/><V1/><F51/><W20/><G59/><T44/><D25/><U55/><E47/><V18/><F56/><W39/><G39/><T37/><D37/><U76/><E46/><V117/><F19/><W34/><G79/><T134/><D134/><U122/><N who="1" m="30720" /><DORA hai="45" /><U104/><E104/><V94/><F94/><W102/><G34/><AGARI ba="0,0" hai="2,5,9,24,30,34,40,44,50,64,67,84,91,92" machi="34" ten="30,2000,0" yaku="7,1,52,1" doraHai="57,45" who="0" fromWho="3" sc="494,20,81,0,288,0,137,-20" /><INIT seed="3,0,0,1,4,78" ten="514,81,288,117" oya="3" hai0="86,82,42,41,28,99,58,69,25,74,26,124,52" hai1="97,27,35,10,36,39,65,127,76,98,77,111,84" hai2="11,12,105,64,72,2,112,70,128,54,94,121,106" hai3="51,119,75,125,118,120,108,113,17,15,50,7,73"/><W88/><G113/><T83/><D69/><U95/><E111/><V90/><F2/><W44/><G120/><T38/><D74/><U87/><E127/><V48/><F72/><W91/><G7/><T3/><D3/><U30/><E65/><V103/><F128/><W4/><G4/><T1/><D1/><U6/><E77/><V62/><F103/><W123/><G123/><T37/><D124/><U24/><E24/><V56/><F112/><W132/><G125/><T33/><D99/><U89/><E97/><V21/><F21/><W67/><G67/><T55/><D58/><U85/><REACH who="1" step="1"/><E76/><REACH who="1" ten="514,71,288,117" step="2"/><V22/><F121/><W57/><G132/><T53/><D86/><U47/><E47/><V8/><F11/><W29/><G108/><T46/><D25/><U16/><E16/><V126/><F126/><W61/><G29/><T110/><D110/><U109/><E109/><V20/><F8/><W32/><G44/><AGARI ba="0,1" hai="26,28,33,37,38,41,42,44,46,52,53,55,82,83" machi="44" ten="40,8000,1" yaku="9,1,52,2,54,1" doraHai="78" who="0" fromWho="3" sc="514,90,71,0,288,0,117,-80" owari="604,70.4,71,-32.9,288,8.8,37,-46.3" /></mjloggm>