<mjloggm ver="2.3"><GO type="225" lobby="0"/><UN n0="%4B%2E%32%2E%4B%2E" n1="%E5%B8%86%E7%AB%8B%E5%A4%8F%E8%A1%A3" n2="%E3%80%90%E3%83%88%E3%83%AA%E3%83%A5%E3%83%95%E3%80%91" n3="%E3%82%B3%E3%83%90%E3%83%AC%E3%82%A4" dan="17,17,16,16" rate="2193.32,2159.87,2115.92,2190.22" sx="M,M,M,M"/><TAIKYOKU oya="0"/><INIT seed="0,0,0,2,0,37" ten="250,250,250,250" oya="0" hai0="126,21,40,125,5,124,14,93,53,75,129,11,119" hai1="123,25,74,120,97,55,12,4,31,105,99,17,27" hai2="90,84,62,82,76,1,70,47,41,49,65,102,46" hai3="81,38,111,8,107,23,118,58,117,69,96,79,100"/><T133/><D119/><U35/><E74/><V28/><F1/><W78/><G69/><T108/><D75/><U89/><E89/><V132/><F132/><W45/><G79/><T112/><D112/><U134/><E55/><V91/><F102/><W85/><G111/><T114/><D114/><U44/><E44/><V2/><F2/><W48/><G38/><T6/><D133/><U116/><E116/><V43/><REACH who="2" step="1"/><F28/><REACH who="2" ten="250,250,240,250" step="2"/><W30/><G118/><T13/><D126/><U10/><E134/><V36/><AGARI ba="0,1" hai="36,41,43,46,47,49,62,65,70,76,82,84,90,91" machi="36" ten="20,12000,2" yaku="1,1,2,1,0,1,7,1,52,2,53,0" doraHai="37" doraHaiUra="131" who="2" fromWho="2" sc="250,-60,250,-30,240,130,250,-30" /><INIT seed="1,0,0,0,5,37" ten="190,220,370,220" oya="1" hai0="91,21,128,12,43,29,94,27,20,59,16,73,125" hai1="35,76,4,84,22,114,24,77,65,18,10,26,48" hai2="95,135,70,46,23,33,60,3,53,11,14,99,58" hai3="7,51,132,120,88,62,28,115,83,72,126,34,100"/><U123/><E123/><V119/><F119/><W74/><G120/><T131/><D73/><U25/><E114/><V38/><F135/><W6/><G132/><T30/><D125/><U113/><E113/><V89/><F33/><W49/><G126/><T64/><D30/><U104/><E104/><V13/><F70/><W98/><G115/><T82/><D82/><U112/><E112/><V50/><F38/><W109/><G28/><T106/><D106/><U133/><E133/><V41/><REACH who="2" step="1"/><F23/><REACH who="2" ten="190,220,360,220" step="2"/><W117/><G34/><T0/><D21/><U32/><E32/><V2/><F2/><W9/><G117/><T105/><D0/><U61/><E35/><V69/><F69/><W36/><G36/><T86/><D128/><U101/><E22/><V8/><F8/><W1/><G9/><T66/><D131/><U52/><E10/><V54/><F54/><W80/><G1/><T71/><D71/><U97/><E52/><V107/><F107/><W92/><G6/><AGARI ba="0,1" hai="3,6,11,13,14,41,46,50,53,58,60,89,95,99" machi="6" ten="40,2600,0" yaku="1,1,52,1,53,0" doraHai="37" doraHaiUra="96" who="2" fromWho="3" sc="190,0,220,0,360,36,220,-26" /><INIT seed="2,0,0,2,1,70" ten="190,220,396,194" oya="2" hai0="88,30,96,62,102,68,79,22,97,135,105,87,131" hai1="56,32,119,85,129,18,73,2,111,28,77,34,48" hai2="109,54,63,27,122,13,16,130,123,58,115,57,4" hai3="15,59,8,9,1,47,78,61,71,95,118,125,67"/><V128/><F4/><W29/><G118/><T103/><D131/><N who="2" m="50218" /><F115/><W17/><G125/><T11/><D135/><U23/><E48/><N who="2" m="30919" /><F27/><W82/><G29/><T89/><D11/><U46/><E85/><V21/><F109/><W104/><G104/><T80/><D30/><U0/><E77/><V45/><F45/><W6/><G95/><N who="0" m="58655" /><D22/><U110/><E23/><V132/><F132/><W52/><G47/><T76/><D62/><U93/><E46/><V116/><F116/><W7/><G17/><T10/><D10/><U74/><E18/><V101/><F101/><W83/><REACH who="3" step="1"/><G78/><REACH who="3" ten="190,220,396,184" step="2"/><N who="0" m="29739" /><D68/><U75/><E28/><V124/><F124/><W50/><AGARI ba="0,1" hai="1,6,7,8,9,15,50,52,59,61,67,71,82,83" machi="50" ten="20,5200,0" yaku="1,1,0,1,7,1,54,1,53,0" doraHai="70" doraHaiUra="99" who="3" fromWho="3" sc="190,-13,220,-13,396,-26,184,62" /><INIT seed="3,0,0,5,4,22" ten="177,207,370,246" oya="3" hai0="90,103,119,77,94,41,93,27,85,100,118,24,99" hai1="1,130,4,19,92,89,62,133,91,67,82,5,123" hai2="56,8,63,49,0,36,51,108,97,57,81,9,110" hai3="98,83,76,88,120,68,35,55,54,29,13,134,58"/><W37/><G120/><T18/><D41/><U74/><E123/><V28/><F36/><W69/><G37/><T20/><D103/><U78/><E130/><V17/><F28/><W45/><G134/><T104/><D93/><U121/><E133/><V125/><F125/><W72/><G13/><T7/><D7/><U66/><E121/><V31/><F31/><W38/><G55/><T131/><D131/><U107/><E107/><V95/><F81/><W75/><G72/><T87/><REACH who="0" step="1"/><D27/><REACH who="0" ten="167,207,370,246" step="2"/><U59/><E5/><N who="2" m="1063" /><F17/><W135/><G135/><T34/><D34/><U122/><E19/><V15/><F15/><W96/><G29/><T127/><D127/><U14/><E14/><V129/><F9/><W10/><G35/><T132/><D132/><U11/><E122/><V109/><F129/><W86/><G10/><T39/><D39/><U102/><E102/><N who="2" m="60735" /><F56/><W64/><G68/><T113/><D113/><U26/><E26/><V73/><F73/><W126/><G126/><T80/><AGARI ba="0,1" hai="18,20,24,77,80,85,87,90,94,99,100,104,118,119" machi="80" ten="30,4000,0" yaku="1,1,0,1,52,1,53,0" doraHai="22" doraHaiUra="128" who="0" fromWho="0" sc="167,50,207,-10,370,-10,246,-20" owari="217,-18.3,197,-30.3,360,46.0,226,2.6" /></mjloggm>