<mjloggm ver="2.3"><GO type="225" lobby="0"/><UN n0="%E3%83%A9%E3%83%BC%E3%83%A1%E3%83%B3%E4%BA%94%E9%83%8E" n1="%E5%8F%AF%E5%85%90%E9%82%A3%E7%94%B1%E5%A4%9A" n2="%E3%81%B5%E3%81%98%E3%81%8B%E3%81%A4" n3="%E7%99%BD%E6%97%A5%E9%9B%AA%E8%8F%9C" dan="16,17,16,17" rate="2057.51,2162.99,2199.16,2264.36" sx="M,F,M,M"/><TAIKYOKU oya="0"/><INIT seed="0,0,0,3,1,71" ten="250,250,250,250" oya="0" hai0="86,56,34,18,5,49,6,108,68,107,58,14,50" hai1="121,21,26,74,105,81,127,94,92,117,126,79,130" hai2="66,73,12,0,16,95,19,88,57,45,78,33,131" hai3="65,3,39,62,48,122,20,67,77,128,28,129,38"/><T90/><D107/><U133/><E21/><V96/><F0/><W31/><G3/><T111/><D68/><U97/><E26/><V85/><F131/><N who="3" m="50251" /><G122/><T116/><D34/><U124/><E130/><V104/><F33/><W87/><G48/><N who="0" m="18539" /><D116/><U120/><E117/><V17/><F45/><W72/><G72/><T89/><D89/><U82/><E133/><V109/><F109/><N who="0" m="42058" /><D5/><U25/><E25/><V98/><F73/><W112/><G112/><T29/><D6/><U119/><E119/><V110/><F110/><W47/><G20/><N who="0" m="11351" /><D29/><U9/><E9/><N who="2" m="6159" /><F104/><W41/><G31/><T46/><D46/><U83/><E120/><V125/><F125/><W30/><G30/><T51/><N who="0" m="18547" /><T54/><DORA hai="80" /><D54/><U44/><E121/><V52/><F66/><W123/><G67/><T15/><D15/><U113/><E44/><V103/><F78/><W24/><G123/><T7/><D7/><U106/><E113/><V23/><F103/><W61/><G47/><T40/><D40/><U53/><E53/><V114/><F114/><W35/><G41/><T100/><D100/><N who="1" m="62607" /><E106/><V36/><F17/><W55/><G65/><T42/><D42/><U10/><E10/><V118/><F118/><W75/><G55/><T13/><D13/><U84/><E74/><V70/><F70/><W2/><G75/><T32/><D32/><U60/><E79/><V91/><F91/><W135/><G2/><T63/><D63/><N who="3" m="24073" /><G135/><T64/><D64/><U27/><E60/><N who="2" m="35879" /><F19/><W134/><G134/><T101/><D101/><U115/><E115/><V37/><F23/><W69/><G69/><RYUUKYOKU ba="0,0" sc="250,10,250,-30,250,10,250,10" hai0="56,58,86,90" hai2="36,37,85,88,95,96,98" hai3="24,28,35,38,39,77,87" /><INIT seed="0,1,0,1,3,36" ten="260,220,260,260" oya="0" hai0="68,106,63,120,118,21,89,90,7,32,9,23,46" hai1="109,107,87,111,126,26,56,24,113,22,124,85,88" hai2="121,6,131,11,83,123,77,59,30,41,37,19,132" hai3="57,38,129,99,91,16,79,134,42,60,105,112,48"/><T8/><D118/><U115/><E107/><V92/><F30/><W80/><G112/><N who="1" m="43082" /><E56/><V15/><F132/><W45/><G129/><T27/><D120/><U53/><E53/><V62/><F92/><W5/><G134/><T102/><D9/><U122/><E122/><V66/><F131/><W43/><G5/><T3/><D46/><U98/><E98/><V71/><F19/><W69/><G69/><T84/><D90/><U116/><E116/><V35/><F59/><W28/><G28/><T14/><D3/><U39/><E39/><V95/><F95/><N who="3" m="56831" /><G38/><T65/><D32/><U40/><E40/><N who="3" m="15402" /><G105/><T117/><D117/><U50/><E50/><V100/><F35/><W33/><G33/><T34/><D89/><U52/><E52/><V61/><F100/><W51/><G16/><T47/><D47/><U101/><E101/><V44/><REACH who="2" step="1"/><F62/><REACH who="2" ten="260,220,250,260" step="2"/><W18/><G60/><T75/><D63/><U96/><E96/><V103/><F103/><W73/><G57/><T2/><D102/><U76/><E111/><V25/><F25/><W12/><G45/><T31/><D27/><U67/><E109/><V13/><F13/><W108/><G108/><T74/><D14/><U97/><E97/><V70/><F70/><W125/><G12/><T29/><D68/><U93/><E26/><V81/><F81/><W20/><G80/><T55/><D34/><U114/><E114/><V4/><F4/><W130/><G130/><T127/><D7/><U64/><E24/><V78/><F78/><W58/><G58/><T104/><D106/><U128/><E128/><V82/><F82/><RYUUKYOKU ba="1,1" sc="260,-10,220,-10,250,30,260,-10" hai2="6,11,15,37,41,44,61,66,71,77,83,121,123" /><INIT seed="1,2,1,5,3,62" ten="250,210,280,250" oya="1" hai0="77,50,56,69,39,40,52,92,103,59,14,65,48" hai1="27,91,73,31,80,133,12,67,10,45,79,2,74" hai2="36,33,75,21,104,99,42,5,4,23,3,94,30" hai3="9,88,109,54,124,121,82,26,63,76,43,87,100"/><U78/><E133/><V116/><F116/><W85/><G121/><T131/><D77/><U32/><E2/><V60/><F75/><W19/><G109/><T8/><D131/><U71/><E91/><V70/><F104/><W35/><G124/><T89/><D103/><U110/><E110/><V135/><F135/><W119/><G43/><T96/><D69/><U37/><E12/><V7/><F3/><W93/><G35/><T68/><D68/><U102/><E10/><V22/><F33/><W120/><G120/><T98/><D39/><U11/><E11/><V106/><F106/><W47/><G119/><T86/><D40/><N who="1" m="22671" /><E102/><N who="2" m="60791" /><F36/><W34/><G34/><T17/><REACH who="0" step="1"/><D65/><REACH who="0" ten="240,210,280,250" step="2"/><U117/><E117/><V123/><F70/><W25/><G100/><T57/><D57/><U55/><E79/><V112/><F123/><W13/><G47/><T46/><D46/><U132/><E132/><V105/><F112/><W0/><G0/><T16/><D16/><U122/><E122/><V51/><F105/><W44/><G44/><T127/><D127/><U111/><E111/><V118/><F118/><W84/><G19/><T108/><D108/><U66/><E71/><V29/><F42/><W1/><G1/><T20/><D20/><U114/><E114/><V64/><F51/><W49/><G49/><T24/><D24/><U126/><E126/><V58/><AGARI ba="2,2" hai="4,5,7,21,22,23,29,30,58,60,64" m="60791" machi="58" ten="30,2000,0" yaku="8,1,52,1" doraHai="62" who="2" fromWho="2" sc="240,-7,210,-12,280,46,250,-7" /><INIT seed="2,0,0,3,1,87" ten="233,198,326,243" oya="2" hai0="105,80,115,64,7,93,16,69,96,48,117,65,14" hai1="44,124,99,118,106,25,29,61,66,47,41,13,112" hai2="49,37,78,76,123,134,129,114,83,28,132,68,12" hai3="6,27,58,86,63,100,54,125,4,21,34,3,101"/><V84/><F68/><W127/><G34/><T116/><D115/><U135/><E112/><V122/><F37/><W108/><G108/><T18/><D105/><U59/><E118/><N who="0" m="45673" /><D80/><U90/><E135/><N who="2" m="51755" /><F28/><W1/><G6/><T36/><D36/><U40/><E124/><N who="3" m="47690" /><G86/><T50/><D7/><U85/><E13/><V81/><F114/><W5/><G5/><T79/><D79/><U30/><E99/><V119/><F119/><W72/><G72/><T11/><D18/><U131/><E106/><V55/><F12/><W121/><G121/><T91/><D69/><U109/><E109/><V67/><F129/><W38/><G38/><T17/><D17/><U45/><E131/><V19/><F19/><N who="3" m="12735" /><G4/><T71/><D71/><U107/><E107/><V52/><F67/><AGARI ba="0,0" hai="11,14,16,48,50,64,65,67,91,93,96" m="45673" machi="67" ten="30,3900,0" yaku="12,1,52,1,54,1" doraHai="87" who="0" fromWho="2" sc="233,39,198,0,326,-39,243,0" /><INIT seed="3,0,0,2,2,128" ten="272,198,287,243" oya="3" hai0="5,46,101,71,34,105,59,53,0,81,13,112,68" hai1="97,55,27,72,60,10,104,124,77,130,4,131,126" hai2="99,102,57,70,94,49,3,32,20,47,122,106,65" hai3="76,17,16,74,125,37,121,89,80,134,111,110,26"/><W100/><G121/><T38/><D34/><U58/><E27/><V62/><F32/><W108/><G37/><T107/><D0/><U114/><E114/><V84/><F3/><W39/><G39/><T75/><D112/><U83/><E97/><V54/><F122/><W66/><G134/><T52/><D75/><U135/><E104/><V36/><F106/><W1/><G1/><T113/><D81/><U40/><E40/><N who="2" m="22919" /><F20/><N who="3" m="13575" /><G125/><N who="1" m="48234" /><E135/><V98/><F98/><W79/><G100/><T33/><D33/><U95/><E95/><V29/><F84/><N who="3" m="50311" /><G74/><T48/><D101/><U43/><E43/><V18/><F18/><W123/><G123/><T85/><D113/><U19/><E19/><V11/><F11/><W63/><G17/><T2/><D107/><U51/><E51/><V87/><F87/><W41/><G41/><T24/><D105/><U21/><E21/><V82/><F82/><W109/><G109/><T103/><D103/><U8/><E8/><V96/><F96/><W14/><G14/><AGARI ba="0,0" hai="4,10,14,55,58,60,72,77,83,130,131" m="48234" machi="14" ten="30,1000,0" yaku="18,1" doraHai="128" who="1" fromWho="3" sc="272,0,198,10,287,0,243,-10" /><INIT seed="4,0,0,2,2,94" ten="272,208,287,233" oya="0" hai0="4,66,41,107,122,36,115,54,99,74,63,11,114" hai1="45,27,62,116,39,1,104,12,22,32,125,15,70" hai2="117,79,33,56,100,127,49,44,2,59,110,30,78" hai3="124,130,109,135,134,55,131,3,61,38,40,18,5"/><T68/><D122/><U31/><E116/><V91/><F110/><W58/><G109/><T35/><D35/><U83/><E1/><V120/><F120/><W132/><G18/><T106/><D74/><U25/><E125/><V21/><F2/><W126/><G5/><T108/><D108/><U64/><E83/><V105/><F33/><W26/><G26/><T48/><D41/><U72/><E72/><V75/><F75/><W51/><G3/><N who="0" m="415" /><D36/><U46/><E104/><V123/><F117/><W121/><G38/><T81/><D81/><U102/><E102/><V52/><F123/><W86/><G86/><T73/><D73/><U85/><E85/><V96/><F127/><N who="3" m="48683" /><G121/><T13/><D13/><U20/><E32/><V92/><F105/><W57/><G40/><T90/><D48/><U17/><REACH who="1" step="1"/><E39/><REACH who="1" ten="272,198,287,233" step="2"/><V89/><F100/><W118/><G118/><T60/><D106/><U77/><E77/><N who="2" m="29195" /><F89/><W7/><G7/><T112/><D90/><U19/><E19/><V23/><F30/><W128/><G131/><T50/><D107/><U47/><AGARI ba="0,1" hai="12,15,17,20,22,25,27,31,45,46,47,62,64,70" machi="47" ten="30,2000,0" yaku="1,1,0,1,53,0" doraHai="94" doraHaiUra="69" who="1" fromWho="1" sc="272,-10,198,30,287,-5,233,-5" /><INIT seed="5,0,0,0,4,67" ten="262,228,282,228" oya="1" hai0="46,53,39,133,35,89,62,44,24,101,25,19,109" hai1="106,112,94,117,32,65,0,55,96,95,75,111,121" hai2="4,11,115,40,56,118,16,87,14,125,43,83,60" hai3="17,20,99,52,1,84,103,5,135,127,30,85,129"/><U132/><RYUUKYOKU type="yao9" ba="0,0" sc="262,0,228,0,282,0,228,0" hai1="0,32,55,65,75,94,95,96,106,111,112,117,121,132" /><INIT seed="5,1,0,0,0,91" ten="262,228,282,228" oya="1" hai0="133,54,92,63,95,84,101,18,82,53,66,75,112" hai1="104,114,9,89,55,46,96,97,77,115,61,129,107" hai2="13,42,58,27,45,59,47,65,30,40,108,1,76" hai3="106,111,26,78,90,38,64,19,88,67,15,124,128"/><U98/><E129/><V60/><F108/><W17/><G111/><T14/><D75/><U4/><E77/><V87/><F1/><W132/><G106/><T113/><D133/><U73/><E73/><V32/><F13/><W31/><G38/><T8/><D53/><U35/><E35/><V99/><F59/><W127/><G132/><T122/><D54/><U86/><E61/><V85/><F76/><W118/><G78/><N who="0" m="46167" /><D101/><U22/><E22/><V37/><F99/><W72/><G72/><T119/><D119/><U20/><E20/><V36/><AGARI ba="1,0" hai="27,30,32,36,37,40,42,45,47,58,60,65,85,87" machi="36" ten="20,2700,0" yaku="0,1,7,1,9,1" doraHai="91" who="2" fromWho="2" sc="262,-8,228,-14,282,30,228,-8" owari="254,5.4,214,-28.6,312,41.2,220,-18.0" /></mjloggm>