<mjloggm ver="2.3"><GO type="225" lobby="0"/><UN n0="%E3%83%B4%E3%83%A0%EF%BC%99%E3%81%A6" n1="%33%74%72%65%65" n2="%E3%83%AB%E3%83%9B%E3%83%B3%E3%83%87%E3%82%A3%E3%82%A8" n3="%E4%B8%89%E5%86%A0%E7%8E%8B%E3%83%BB%E5%B1%B1%E7%94%B0%E5%93%B2%E4%BA%BA" dan="17,17,17,16" rate="2180.42,2178.69,2195.90,2167.81" sx="M,F,M,M"/><TAIKYOKU oya="0"/><INIT seed="0,0,0,5,1,30" ten="250,250,250,250" oya="0" hai0="61,112,97,34,67,128,134,53,18,71,20,66,68" hai1="82,117,120,32,4,109,133,76,85,10,83,60,107" hai2="95,64,105,51,8,72,47,89,129,124,96,33,90" hai3="122,5,62,91,57,0,43,113,42,39,25,11,98"/><T135/><D112/><U58/><E117/><V92/><F129/><W63/><G113/><T104/><D128/><U79/><E120/><V114/><F124/><W49/><G39/><T106/><D53/><U125/><E125/><V14/><F72/><W87/><G122/><T7/><D7/><U27/><E107/><V111/><F105/><W46/><G98/><T70/><D34/><U81/><E109/><V50/><F111/><W80/><G42/><T35/><D35/><U54/><E133/><N who="0" m="50697" /><D97/><U22/><E79/><V115/><F64/><N who="0" m="24618" /><D61/><U29/><REACH who="1" step="1"/><E22/><REACH who="1" ten="250,240,250,250" step="2"/><V84/><F33/><W17/><REACH who="3" step="1"/><G57/><REACH who="3" ten="250,240,250,240" step="2"/><T55/><D104/><U123/><E123/><V75/><F114/><W73/><G73/><T45/><D106/><U74/><E74/><V78/><F115/><W12/><G12/><AGARI ba="0,2" hai="4,10,12,27,29,32,54,58,60,76,81,82,83,85" machi="12" ten="30,3900,0" yaku="1,1,7,1,52,1,53,0" doraHai="30" doraHaiUra="132" who="1" fromWho="3" sc="250,0,240,59,250,0,240,-39" /><INIT seed="1,0,0,3,4,84" ten="250,299,250,201" oya="1" hai0="46,56,51,48,91,100,16,71,53,72,29,28,22" hai1="82,110,26,43,14,58,27,117,75,11,33,112,36" hai2="18,123,32,44,90,60,19,55,45,12,77,5,30" hai3="96,31,15,116,38,95,81,89,93,124,122,92,132"/><U61/><E112/><V128/><F123/><W105/><G38/><T107/><D71/><U119/><E110/><V114/><F32/><W103/><G31/><T125/><D72/><U97/><E36/><V21/><F30/><W57/><G122/><T42/><D125/><U80/><E43/><V130/><F77/><W64/><G124/><T135/><D135/><U111/><E111/><V101/><F101/><W10/><G132/><T63/><D100/><U4/><E33/><V76/><F76/><W17/><G116/><T1/><D1/><U73/><E73/><V131/><F114/><W121/><G121/><T41/><D107/><U109/><E109/><V99/><F5/><W94/><G81/><N who="1" m="31338" /><E75/><V68/><F19/><W87/><G64/><T106/><D106/><U62/><E119/><V47/><F68/><W7/><REACH who="3" step="1"/><G57/><REACH who="3" ten="250,299,250,191" step="2"/><T74/><D74/><U102/><E117/><V40/><F131/><W39/><G39/><T129/><D129/><U65/><E58/><N who="2" m="34911" /><F130/><W78/><G78/><T67/><D67/><U108/><E65/><V9/><F128/><W25/><G25/><T37/><D37/><U49/><E26/><V85/><F44/><W127/><G127/><T86/><D28/><U0/><E27/><V113/><F47/><W120/><G120/><T88/><D29/><U104/><E108/><V118/><F45/><W50/><G50/><T134/><D134/><U59/><E49/><V115/><F118/><W20/><G20/><T133/><D133/><U79/><E79/><V3/><F21/><W24/><G24/><N who="0" m="14407" /><D48/><U13/><E59/><V98/><F115/><RYUUKYOKU ba="0,1" sc="250,-15,299,15,250,-15,191,15" hai1="0,4,11,13,14,61,62,97,102,104" hai3="7,10,15,17,87,89,92,93,94,95,96,103,105" /><INIT seed="1,1,1,4,2,32" ten="235,314,235,206" oya="1" hai0="39,118,5,31,7,94,71,112,121,15,57,84,114" hai1="51,65,20,13,125,96,23,38,79,124,77,56,135" hai2="89,8,11,95,91,117,107,72,4,45,88,48,2" hai3="66,73,37,75,81,128,109,108,17,127,105,133,101"/><U85/><E38/><V9/><F117/><W69/><G37/><T115/><D71/><U55/><E135/><V34/><F107/><W10/><G133/><T14/><D39/><U104/><E65/><V111/><F72/><W80/><G69/><T41/><D41/><U6/><E23/><V120/><F120/><W102/><G66/><T97/><D118/><U28/><E6/><V53/><F34/><W22/><G10/><T100/><D121/><U61/><E51/><V63/><F111/><N who="3" m="42571" /><G22/><T68/><D68/><U24/><E13/><V87/><F63/><W29/><G17/><T103/><D31/><U54/><E20/><V40/><F40/><W78/><G29/><T52/><D100/><N who="3" m="38505" /><G127/><T62/><D5/><U18/><E18/><V0/><F11/><W129/><G105/><T123/><D123/><U130/><E104/><V58/><F58/><W36/><G36/><T93/><D7/><AGARI ba="1,1" hai="0,2,4,7,8,9,45,48,53,87,88,89,91,95" machi="7" ten="40,8000,1" yaku="9,1,52,2,54,1" doraHai="32" who="2" fromWho="0" sc="235,-83,314,0,235,93,206,0" /><INIT seed="2,0,0,4,0,70" ten="152,314,328,206" oya="2" hai0="27,131,60,98,37,11,75,72,88,117,107,41,46" hai1="89,77,50,5,122,7,61,49,13,123,66,106,28" hai2="83,91,19,59,40,29,2,104,10,71,121,84,38" hai3="79,24,82,133,16,43,109,36,69,114,8,119,73"/><V74/><F71/><W65/><G119/><T87/><D117/><U35/><E106/><V45/><F104/><W86/><G109/><T132/><D131/><U68/><E77/><V18/><F121/><N who="1" m="46089" /><E89/><V21/><F29/><W31/><G133/><T96/><D132/><U124/><E124/><V42/><F42/><W120/><G120/><T34/><D11/><N who="1" m="4335" /><E7/><V102/><F102/><W63/><G114/><T126/><D126/><U90/><E90/><V23/><F59/><W115/><G115/><T55/><D107/><U14/><E14/><V17/><F74/><W33/><G73/><T113/><D113/><U67/><E66/><V112/><F112/><W15/><REACH who="3" step="1"/><G43/><REACH who="3" ten="152,314,328,196" step="2"/><T76/><D72/><U99/><E99/><V97/><F97/><W39/><AGARI ba="0,1" hai="8,15,16,24,31,33,36,39,63,65,69,79,82,86" machi="39" ten="30,12000,2" yaku="1,1,2,1,0,1,52,2,54,1,53,1" doraHai="70" doraHaiUra="57" who="3" fromWho="3" sc="152,-30,314,-30,328,-60,196,130" /><INIT seed="3,0,0,0,2,114" ten="122,284,268,326" oya="3" hai0="71,107,73,91,47,12,99,69,4,26,133,43,13" hai1="92,22,53,57,49,119,19,95,34,61,120,20,60" hai2="14,125,75,21,1,87,17,111,59,94,130,96,112" hai3="63,31,6,118,3,28,77,0,109,84,121,42,38"/><W83/><G118/><T70/><D133/><U85/><E120/><V97/><F75/><W78/><G121/><T108/><D108/><U115/><E115/><V24/><F1/><W124/><G77/><T32/><D73/><U105/><E105/><V128/><F111/><W48/><G38/><T100/><D12/><U51/><E34/><V81/><F112/><W98/><G124/><T102/><D13/><U9/><E119/><V62/><F125/><W106/><G31/><T66/><D100/><U90/><E9/><V132/><F132/><W117/><G28/><T79/><D4/><U122/><E122/><V64/><F14/><W23/><G98/><T5/><D5/><U74/><E74/><V45/><F45/><W67/><G78/><T127/><D79/><U123/><E19/><V86/><F97/><W29/><G23/><N who="1" m="8746" /><E123/><V10/><F10/><W36/><G106/><T25/><D25/><U27/><E27/><V93/><F93/><N who="1" m="35913" /><E60/><V50/><F50/><W56/><G6/><T76/><D76/><U40/><E40/><V82/><F82/><AGARI ba="0,0" hai="49,51,53,57,61,82,85,90" m="35913,8746" machi="82" ten="30,1000,0" yaku="8,1" doraHai="114" who="1" fromWho="2" sc="122,0,284,10,268,-10,326,0" owari="122,-37.8,294,9.4,258,-14.2,326,42.6" /></mjloggm>