<mjloggm ver="2.3"><GO type="225" lobby="0"/><UN n0="%33%74%72%65%65" n1="%E3%81%AF%E3%82%88%E3%81%8A%E3%81%98%E3%81%95%E3%82%93" n2="%E5%A4%9C%E5%85%89%E5%A4%A9%E6%A5%BC" n3="%E3%83%8F%E3%83%B3%E3%83%89%E3%83%A9%E3%83%BC%E3%83%BB%E3%83%AF%E3%83%B3" dan="16,17,17,17" rate="2207.94,2191.50,2196.54,2186.39" sx="F,M,M,M"/><TAIKYOKU oya="0"/><INIT seed="0,0,0,2,0,98" ten="250,250,250,250" oya="0" hai0="63,113,56,121,82,22,116,69,94,100,16,26,118" hai1="122,66,81,35,80,72,4,106,32,43,132,85,87" hai2="102,135,62,33,90,123,115,108,15,74,55,73,79" hai3="91,3,8,21,99,17,64,34,131,78,31,14,25"/><T41/><D113/><U52/><E122/><V101/><F123/><W47/><G131/><T42/><D121/><U70/><E106/><V54/><F115/><W117/><G117/><T127/><D69/><U49/><E132/><V50/><F33/><W112/><G112/><T9/><D127/><U23/><E43/><V129/><F129/><W30/><G78/><T67/><D118/><U71/><E72/><V11/><F135/><W53/><G64/><T89/><D116/><U124/><E124/><V84/><F108/><W60/><G31/><T133/><D133/><U83/><E4/><N who="2" m="3559" /><F79/><W120/><G120/><T96/><D9/><U12/><E32/><V13/><F13/><W18/><G18/><T27/><D26/><U20/><E35/><V61/><F74/><W39/><G39/><T44/><D44/><U7/><E66/><V93/><F73/><W104/><G47/><T125/><D125/><U37/><E37/><V130/><F55/><W111/><G111/><T76/><D76/><U65/><E65/><V48/><F48/><W97/><G104/><T105/><REACH who="0" step="1"/><D82/><REACH who="0" ten="240,250,250,250" step="2"/><U86/><E70/><V40/><F130/><W46/><G46/><T36/><D36/><U68/><E71/><V119/><F119/><W51/><G8/><T107/><D107/><U95/><E68/><V114/><F114/><W38/><G38/><T58/><D58/><N who="1" m="33039" /><E95/><V134/><F134/><W92/><G92/><T1/><D1/><U10/><AGARI ba="0,1" hai="7,10,12,20,23,80,81,83,85,86,87" m="33039" machi="10" ten="40,2700,0" yaku="8,1,54,1" doraHai="98" who="1" fromWho="1" sc="240,-13,250,37,250,-7,250,-7" /><INIT seed="1,0,0,1,3,77" ten="227,287,243,243" oya="1" hai0="132,10,42,39,123,129,51,24,76,6,14,15,13" hai1="67,62,86,125,27,7,56,118,40,98,73,26,57" hai2="66,97,50,47,83,61,134,133,81,115,88,89,109" hai3="19,87,99,12,127,43,79,2,18,64,108,63,121"/><U120/><E120/><V101/><F109/><W106/><G121/><T32/><D123/><U36/><E118/><V1/><F1/><W84/><G2/><T122/><D122/><U30/><E73/><V49/><F115/><W53/><G108/><T92/><D129/><U96/><E125/><V71/><F50/><W44/><G127/><T11/><D132/><N who="2" m="50794" /><F101/><W29/><G53/><T60/><D51/><U28/><E36/><V21/><F21/><W4/><G29/><N who="1" m="11370" /><E7/><V135/><N who="2" m="50802" /><V70/><DORA hai="8" /><F70/><W17/><G106/><T130/><D130/><U95/><E40/><N who="2" m="24807" /><F97/><N who="1" m="37481" /><E56/><V85/><F89/><AGARI ba="0,0" hai="26,27,57,62,67,86,89,95" m="37481,11370" machi="89" ten="30,1500,0" yaku="8,1" doraHai="77,8" who="1" fromWho="2" sc="227,0,287,15,243,-15,243,0" /><INIT seed="1,1,0,0,4,14" ten="227,302,228,243" oya="1" hai0="41,15,108,55,117,88,19,128,121,114,22,99,34" hai1="42,106,67,80,56,7,31,91,66,64,69,18,11" hai2="47,76,132,43,17,122,134,104,82,83,111,110,58" hai3="98,59,102,27,39,97,133,87,63,116,101,54,6"/><U127/><E69/><V4/><F122/><W52/><G39/><T95/><D114/><U85/><E106/><V62/><F4/><W30/><G133/><N who="2" m="51305" /><F17/><W75/><G75/><T44/><D117/><U5/><E127/><V2/><F2/><W124/><G124/><T89/><D121/><U90/><E42/><V93/><F93/><W96/><G116/><T0/><D108/><N who="2" m="41514" /><F76/><W72/><G72/><T33/><D128/><U28/><E56/><V68/><F104/><W60/><G6/><N who="1" m="2058" /><E91/><V13/><F13/><AGARI ba="1,0" hai="11,13,18,28,31,64,66,67,80,85,90" m="2058" machi="13" ten="30,2900,0" yaku="8,1,52,1" doraHai="14" who="1" fromWho="2" sc="227,0,302,32,228,-32,243,0" /><INIT seed="1,2,0,3,4,54" ten="227,334,196,243" oya="1" hai0="74,105,85,10,123,28,80,32,117,109,113,134,42" hai1="3,5,50,49,68,89,41,92,16,46,9,37,88" hai2="122,60,1,57,52,104,96,38,102,8,71,91,126" hai3="81,6,103,120,116,35,53,62,36,75,40,101,55"/><U58/><E68/><V79/><F122/><W33/><G120/><T108/><D10/><U17/><E89/><V99/><F126/><W63/><G6/><T106/><D42/><U118/><E118/><V125/><F125/><W26/><G116/><T84/><D28/><U34/><E34/><V93/><F38/><W111/><G111/><N who="0" m="42571" /><D32/><U124/><E124/><V133/><F133/><W70/><G40/><T130/><D123/><U44/><E37/><V97/><F79/><W61/><G36/><T21/><D21/><U20/><E20/><V0/><F71/><W7/><G7/><T72/><D117/><U12/><E3/><V2/><REACH who="2" step="1"/><F8/><REACH who="2" ten="227,334,186,243" step="2"/><W29/><G70/><T24/><D134/><U128/><E128/><V43/><F43/><W107/><G75/><T73/><D130/><U47/><E46/><V65/><F65/><W51/><G55/><T115/><D73/><U132/><E47/><V48/><F48/><W66/><G51/><T31/><D72/><U56/><E132/><V4/><F4/><W121/><G53/><T87/><D74/><U77/><E50/><V64/><F64/><W119/><G66/><T13/><D80/><U22/><E77/><V14/><F14/><W114/><G121/><T110/><D13/><N who="1" m="9519" /><E5/><V129/><F129/><W135/><G119/><T86/><D110/><U25/><E25/><V131/><F131/><W27/><G27/><T59/><D24/><U112/><E112/><V127/><F127/><W78/><G114/><T69/><D69/><U90/><E41/><V19/><F19/><W67/><G135/><T98/><D115/><RYUUKYOKU ba="2,1" sc="227,-10,334,-10,186,30,243,-10" hai2="0,1,2,52,57,60,91,93,96,97,99,102,104" /><INIT seed="2,3,1,0,5,30" ten="217,324,216,233" oya="2" hai0="47,39,120,135,16,23,22,71,59,119,127,102,103" hai1="72,133,101,134,85,29,17,115,95,9,50,91,84" hai2="64,117,124,74,60,26,56,66,81,131,126,0,46" hai3="83,129,53,13,130,6,99,123,5,61,92,15,63"/><V54/><F0/><W7/><G123/><T89/><D120/><U14/><E72/><V96/><F117/><W51/><G83/><T49/><D119/><U93/><E115/><V1/><F1/><W52/><G130/><T114/><D114/><U65/><E29/><V44/><F96/><W43/><G43/><N who="0" m="24831" /><D71/><U104/><E65/><N who="2" m="25195" /><F74/><W105/><G105/><T38/><D38/><U68/><E68/><V86/><F26/><W111/><G111/><T82/><D39/><U80/><E50/><V34/><F34/><W36/><G36/><T77/><D77/><U24/><E24/><V106/><F106/><W42/><G42/><T116/><D116/><U94/><E104/><V62/><F62/><N who="3" m="23563" /><G129/><T3/><D3/><U25/><E25/><V73/><F73/><W88/><G53/><T35/><D35/><U28/><E28/><V87/><F131/><W19/><G19/><T132/><D16/><U2/><E2/><V75/><F75/><W33/><G33/><T98/><D135/><N who="1" m="51723" /><E101/><V112/><F112/><W122/><G122/><T21/><D103/><U110/><E110/><V109/><F109/><W41/><G41/><T125/><D132/><U40/><E40/><V108/><F108/><W20/><G20/><T121/><D22/><U78/><AGARI ba="3,1" hai="9,14,17,78,80,84,85,91,93,94,95" m="51723" machi="78" ten="30,1100,0" yaku="20,1" doraHai="30" who="1" fromWho="1" sc="217,-6,324,30,216,-8,233,-6" /><INIT seed="3,0,0,3,1,31" ten="211,354,208,227" oya="3" hai0="0,61,95,79,65,18,55,118,11,59,104,23,24" hai1="43,34,56,63,41,109,89,121,117,39,134,76,124" hai2="67,77,50,60,115,78,130,125,99,71,21,82,108" hai3="5,131,38,25,94,128,51,120,26,75,44,90,91"/><W103/><G120/><T116/><D104/><U62/><E34/><V58/><F115/><W22/><G75/><T42/><D42/><U68/><E89/><V132/><F108/><W33/><G38/><T29/><D79/><U45/><E76/><V53/><F130/><N who="3" m="49707" /><G5/><N who="0" m="1447" /><D55/><U97/><E124/><V73/><F125/><W86/><G103/><T119/><D119/><U111/><E134/><V105/><F132/><W13/><G91/><T74/><D74/><U92/><E121/><V36/><F78/><W122/><G33/><N who="0" m="20647" /><D95/><U4/><E41/><V40/><F21/><W80/><G94/><T57/><D59/><U72/><E4/><V83/><F99/><W88/><G90/><T7/><D7/><U85/><E72/><V54/><F83/><W102/><G102/><T106/><D106/><U96/><E117/><V69/><F105/><W46/><G122/><T114/><D114/><U37/><E37/><V16/><F54/><N who="3" m="30055" /><G46/><T112/><D112/><U87/><E97/><V101/><F101/><W1/><G1/><T64/><D64/><N who="1" m="40983" /><E96/><V127/><F127/><W28/><G28/><T135/><D135/><U98/><E98/><V14/><F36/><W20/><G20/><T66/><D66/><N who="1" m="39271" /><E92/><V113/><F113/><W10/><G22/><T48/><D48/><U15/><E15/><AGARI ba="0,0" hai="15,18,23,57,61,65,116,118" m="20647,1447" machi="15" ten="30,2000,0" yaku="24,1,52,1" doraHai="31" who="0" fromWho="1" sc="211,20,354,-20,208,0,227,0" owari="231,3.1,334,43.4,208,-29.2,227,-17.3" /></mjloggm>