<mjloggm ver="2.3"><GO type="225" lobby="0"/><UN n0="%E3%81%AF%E3%82%88%E3%81%8A%E3%81%98%E3%81%95%E3%82%93" n1="%6D%75%75%73%61%6E%6D%75" n2="%E6%81%A5%E6%99%92%E3%81%97" n3="%E6%97%A5%E6%9B%9C%E6%97%A5%E3%82%88%E3%82%8A%E3%81%AE%E4%BD%BF%E8%80%85" dan="17,16,16,16" rate="2145.98,2125.30,2091.76,2101.21" sx="M,F,M,M"/><TAIKYOKU oya="0"/><INIT seed="0,0,0,1,2,33" ten="250,250,250,250" oya="0" hai0="99,18,93,128,100,90,111,116,76,114,48,36,38" hai1="69,7,6,17,37,129,56,32,115,43,1,121,133" hai2="103,53,97,132,78,23,73,59,65,5,49,61,8" hai3="12,10,79,126,62,70,26,72,11,50,102,85,91"/><T22/><D114/><U127/><RYUUKYOKU type="yao9" ba="0,0" sc="250,0,250,0,250,0,250,0" hai1="1,6,7,17,32,37,43,56,69,115,121,127,129,133" /><INIT seed="0,1,0,0,1,19" ten="250,250,250,250" oya="0" hai0="7,87,64,80,119,79,33,100,91,20,34,48,44" hai1="77,28,41,30,8,84,10,81,75,73,96,42,50" hai2="0,85,58,76,72,98,27,47,69,90,125,39,92" hai3="93,61,5,121,51,134,131,49,65,101,29,103,111"/><T94/><D119/><U102/><E73/><V6/><F69/><W45/><G111/><T18/><D100/><U74/><E74/><V21/><F125/><W24/><G131/><T36/><D36/><U112/><E112/><V99/><F58/><W63/><G134/><T3/><D64/><U123/><E123/><V26/><F26/><W135/><G135/><T122/><D122/><U117/><E117/><V83/><F0/><W106/><G106/><T56/><D7/><U59/><E75/><V25/><F6/><W130/><G130/><T88/><D3/><U57/><E57/><V55/><F27/><W120/><G5/><T14/><D56/><U126/><E126/><V78/><F76/><W97/><G103/><T13/><D13/><U118/><E118/><V86/><F72/><W104/><G63/><T124/><D124/><U132/><E132/><V23/><F39/><W95/><G95/><T113/><D113/><U31/><E41/><V11/><F11/><W133/><G133/><T89/><REACH who="0" step="1"/><D94/><REACH who="0" ten="240,250,250,250" step="2"/><U37/><E37/><V35/><F47/><W40/><G93/><T53/><AGARI ba="1,1" hai="14,18,20,33,34,44,48,53,79,80,87,88,89,91" machi="53" ten="30,12000,1" yaku="1,1,2,1,0,1,52,1,54,1,53,0" doraHai="19" doraHaiUra="110" who="0" fromWho="0" sc="240,133,250,-41,250,-41,250,-41" /><INIT seed="0,2,0,5,3,112" ten="373,209,209,209" oya="0" hai0="61,107,92,9,47,1,12,16,13,85,69,68,15" hai1="39,26,11,80,108,126,63,79,4,38,64,105,8" hai2="72,121,75,89,83,67,56,94,52,110,78,27,130" hai3="99,65,3,93,48,6,10,76,37,111,43,28,7"/><T124/><D107/><U135/><E105/><V17/><F110/><W101/><G111/><T123/><D123/><U66/><E108/><V58/><F130/><W2/><G28/><T60/><D124/><U95/><E126/><V35/><F121/><W86/><G37/><T45/><D1/><U96/><E135/><V40/><F40/><W115/><G65/><T70/><D92/><U25/><E38/><V44/><F75/><W131/><G131/><T21/><D85/><U127/><E39/><V22/><F35/><W100/><G115/><T81/><D81/><U120/><E127/><V57/><F67/><W133/><G100/><T49/><D45/><U41/><E41/><V119/><F119/><W104/><G133/><T122/><D122/><U90/><E64/><V82/><F82/><N who="3" m="47431" /><G7/><T116/><D116/><U30/><E120/><V71/><F71/><W53/><G93/><T125/><D125/><U18/><E18/><V114/><F114/><W62/><G62/><T91/><D91/><U19/><E19/><V34/><F34/><W14/><G53/><T102/><D102/><U98/><E98/><V59/><F44/><AGARI ba="2,0" hai="2,3,6,10,14,43,44,48,99,101,104" m="47431" machi="44" ten="30,1000,0" yaku="25,1" doraHai="112" who="3" fromWho="2" sc="373,0,209,0,209,-16,209,16" /><INIT seed="1,0,0,0,2,52" ten="373,209,193,225" oya="1" hai0="78,93,102,106,113,4,111,47,46,122,16,105,50" hai1="88,117,21,116,27,48,49,86,31,59,87,84,112" hai2="33,91,130,18,127,37,83,68,121,118,79,32,9" hai3="135,10,57,85,62,100,103,43,94,96,19,120,109"/><U126/><E112/><V70/><F118/><W29/><G120/><T71/><D113/><U64/><E126/><V131/><F121/><W0/><G109/><T38/><D71/><N who="2" m="27178" /><F91/><W15/><G135/><T58/><D4/><U73/><E73/><N who="2" m="43503" /><F37/><W41/><G0/><T125/><D78/><U5/><E116/><V119/><F119/><W30/><G100/><T40/><D122/><U124/><E117/><V74/><F74/><W3/><G3/><T98/><D111/><U36/><E36/><V28/><F28/><N who="3" m="10859" /><G85/><N who="1" m="32874" /><E5/><V25/><F127/><W97/><G97/><T89/><D125/><U95/><E124/><V82/><F82/><W39/><G39/><T128/><D128/><N who="2" m="49194" /><F25/><W69/><G69/><T77/><D77/><U60/><AGARI ba="0,0" hai="21,27,31,48,49,59,60,64,87,88,95" m="32874" machi="60" ten="30,6000,0" yaku="8,1,52,1,54,1" doraHai="52" who="1" fromWho="1" sc="373,-20,209,60,193,-20,225,-20" /><INIT seed="1,1,0,5,1,90" ten="353,269,173,205" oya="1" hai0="8,86,89,1,121,67,82,63,84,124,72,38,55" hai1="15,9,106,19,125,33,64,36,31,115,25,4,34" hai2="41,100,76,69,135,123,47,126,50,94,51,14,78" hai3="77,113,111,96,17,129,134,73,11,102,39,114,81"/><U27/><E36/><V75/><F123/><W61/><G39/><T71/><D72/><U13/><E106/><V30/><F69/><W117/><G111/><T109/><D109/><U133/><E64/><V118/><F118/><W52/><G117/><T116/><D116/><U99/><E99/><N who="2" m="59511" /><F75/><W2/><G129/><T43/><D121/><U110/><E110/><V45/><F126/><W107/><G134/><T132/><D132/><U46/><E133/><V35/><F35/><N who="1" m="13321" /><E125/><V26/><F135/><W56/><REACH who="3" step="1"/><G17/><REACH who="3" ten="353,269,173,195" step="2"/><T130/><D38/><U57/><E115/><V49/><F30/><W101/><G101/><T28/><D28/><U98/><E31/><V79/><F26/><W20/><G20/><T6/><D130/><U16/><E25/><V120/><F120/><W95/><G95/><T58/><D124/><U44/><E27/><V59/><F41/><W91/><G91/><T88/><D43/><U5/><E19/><V104/><F104/><W62/><G62/><T65/><D71/><U70/><E16/><V68/><F68/><W29/><G29/><T23/><D23/><U131/><E70/><V66/><F14/><W40/><G40/><T119/><D119/><U3/><E131/><V112/><F112/><W22/><G22/><T48/><D63/><AGARI ba="1,1" hai="45,47,49,50,51,59,63,66,76,78,79" m="59511" machi="63" ten="30,2000,0" yaku="8,1,52,1" doraHai="90" who="2" fromWho="0" sc="353,-23,269,0,173,33,195,0" /><INIT seed="2,0,0,5,2,68" ten="330,269,206,195" oya="2" hai0="111,93,33,86,118,78,130,91,49,20,125,35,120" hai1="24,4,46,12,32,57,6,39,65,76,29,75,85" hai2="110,62,9,123,100,16,48,109,103,26,94,59,23" hai3="106,124,113,42,44,52,89,116,64,27,14,36,19"/><V70/><F123/><W102/><G116/><T21/><D120/><U108/><E75/><V84/><F70/><W135/><G124/><T83/><D125/><U72/><E72/><V40/><F9/><W107/><G135/><T132/><D132/><U90/><E108/><N who="2" m="41579" /><F84/><W61/><G113/><T38/><D38/><U134/><E76/><V54/><F94/><W8/><G102/><N who="2" m="38953" /><F40/><W47/><G89/><T131/><D111/><U73/><E73/><V31/><F62/><W79/><G79/><T56/><D118/><U98/><E85/><V5/><F5/><W51/><REACH who="3" step="1"/><G27/><REACH who="3" ten="330,269,206,185" step="2"/><T0/><D78/><U82/><E24/><V22/><F22/><W37/><G37/><T17/><D21/><U133/><E90/><V25/><F25/><W30/><G30/><AGARI ba="0,1" hai="16,23,26,30,31,48,54,59" m="38953,41579" machi="30" ten="30,5800,0" yaku="14,1,10,1,54,1" doraHai="68" who="2" fromWho="3" sc="330,0,269,0,206,68,185,-58" /><INIT seed="2,1,0,0,5,75" ten="330,269,274,127" oya="2" hai0="119,63,28,32,69,73,1,129,56,46,51,127,17" hai1="57,42,87,109,132,82,114,2,111,5,61,19,37" hai2="40,39,115,4,113,126,21,100,76,121,116,88,13" hai3="35,118,106,27,15,33,62,24,112,25,72,110,107"/><V80/><F116/><W124/><G118/><T135/><D119/><U74/><E114/><V43/><F121/><W10/><G72/><T58/><D73/><U66/><E74/><V30/><F100/><W105/><G112/><T11/><D127/><U123/><E123/><V85/><F126/><W18/><G124/><T53/><D129/><U120/><E120/><V96/><F39/><W81/><G110/><T83/><D135/><U133/><E2/><V12/><F113/><W92/><G92/><T91/><D32/><U90/><E5/><V67/><F67/><W99/><G99/><T20/><D28/><U22/><E42/><N who="2" m="15915" /><F115/><W36/><G36/><T79/><D91/><U65/><E65/><V3/><F3/><W84/><REACH who="3" step="1"/><G62/><REACH who="3" ten="330,269,274,117" step="2"/><T68/><D63/><U31/><E37/><V38/><F38/><W49/><G49/><T71/><D51/><U117/><E117/><V97/><F96/><W47/><G47/><T0/><D46/><U16/><E109/><V128/><F97/><W131/><G131/><T59/><D53/><U95/><E111/><V89/><F128/><W34/><G34/><T102/><D102/><U70/><E95/><V64/><F64/><W122/><G122/><T29/><D71/><U50/><E70/><V104/><F104/><W8/><G8/><T44/><D69/><U77/><E50/><V6/><F89/><AGARI ba="1,1" hai="10,15,18,24,25,27,33,35,81,84,89,105,106,107" machi="89" ten="50,1600,0" yaku="1,1,53,0" doraHai="75" doraHaiUra="26" who="3" fromWho="2" sc="330,0,269,0,274,-19,117,29" /><INIT seed="3,0,0,4,0,43" ten="330,269,255,146" oya="3" hai0="54,34,40,10,18,128,115,92,80,61,7,37,33" hai1="30,129,27,108,20,99,32,58,23,89,97,126,116" hai2="77,63,109,38,16,81,12,29,113,6,114,91,70" hai3="110,95,4,133,101,62,107,50,130,123,1,55,24"/><W14/><G123/><T84/><D128/><U64/><E129/><V125/><F38/><W93/><G130/><T87/><D115/><U59/><E108/><V111/><F125/><W104/><G1/><T118/><D118/><U82/><E126/><V74/><F6/><W90/><G110/><N who="2" m="41993" /><F29/><W21/><G62/><T98/><D18/><U8/><E116/><V124/><F124/><W26/><G133/><T127/><D127/><U68/><E68/><V75/><F91/><W132/><G132/><T5/><D5/><U22/><E8/><N who="2" m="6151" /><F74/><W134/><G134/><T121/><D37/><U106/><E64/><AGARI ba="0,0" hai="63,64,70,75,77,81,113,114" m="6151,41993" machi="64" ten="30,2000,0" yaku="14,1,54,1" doraHai="43" who="2" fromWho="1" sc="330,0,269,-20,255,20,146,0" owari="330,43.0,249,-15.1,275,7.5,146,-35.4" /></mjloggm>