<mjloggm ver="2.3"><GO type="225" lobby="0"/><UN n0="%E3%83%A9%E3%83%96%E3%83%AC%E3%83%BC" n1="%E9%B3%B3%E6%9D%B1%E3%81%AE%E3%81%86%E3%81%95%E3%81%8E%E3%81%95%E3%82%93" n2="%E6%80%AA%E3%81%97%E3%81%99%E3%81%8E%E3%82%8B%E3%83%81%E3%83%BC" n3="%E3%83%AD%E3%83%83%E3%83%86%E9%9B%80%E7%90%83" dan="18,17,16,17" rate="2252.81,2269.23,2096.65,2256.81" sx="M,M,M,M"/><TAIKYOKU oya="0"/><INIT seed="0,0,0,3,0,8" ten="250,250,250,250" oya="0" hai0="99,57,51,81,96,135,56,70,131,76,5,106,129" hai1="71,49,72,22,115,23,89,62,27,19,85,39,110" hai2="127,20,43,25,4,118,68,125,17,16,92,10,24" hai3="38,107,121,116,83,45,53,14,122,34,75,30,54"/><T65/><D135/><U126/><E39/><V124/><F68/><W28/><G116/><T37/><D37/><U41/><E72/><V47/><F92/><W91/><G107/><T66/><D106/><U90/><E110/><V50/><F118/><W114/><G114/><T78/><D51/><U82/><E126/><V58/><F58/><W11/><G38/><T46/><D81/><U33/><E33/><V36/><F36/><W128/><G128/><T18/><D5/><U52/><E115/><V32/><F32/><W15/><G11/><T87/><D87/><U93/><E22/><V42/><F42/><W86/><G75/><T6/><D6/><U0/><E0/><V29/><REACH who="2" step="1"/><F24/><REACH who="2" ten="250,250,240,250" step="2"/><W101/><G34/><T88/><D70/><U63/><E71/><V31/><F31/><W94/><G30/><T109/><D109/><U97/><REACH who="1" step="1"/><E41/><REACH who="1" ten="250,240,240,250" step="2"/><V64/><F64/><W130/><G130/><N who="0" m="49675" /><D66/><U59/><AGARI ba="0,2" hai="19,23,27,49,52,59,62,63,82,85,89,90,93,97" machi="59" ten="20,8000,1" yaku="1,1,0,1,7,1,8,1,54,1,53,0" doraHai="8" doraHaiUra="2" who="1" fromWho="1" sc="250,-40,240,100,240,-20,250,-20" /><INIT seed="1,0,0,3,2,132" ten="210,340,220,230" oya="1" hai0="19,34,6,48,88,102,108,8,20,46,131,58,21" hai1="62,52,86,120,95,57,84,117,40,80,129,11,94" hai2="30,124,22,70,31,42,91,125,87,2,33,41,113" hai3="135,39,15,115,44,51,127,75,3,50,123,72,90"/><U66/><E129/><V18/><F113/><W47/><G3/><T35/><D131/><U96/><E117/><V68/><F2/><W76/><G39/><T78/><D102/><U98/><E120/><V121/><F121/><W83/><G115/><T45/><D108/><U53/><E40/><N who="2" m="15467" /><F33/><W122/><G135/><T32/><D78/><N who="1" m="46103" /><E86/><V10/><F10/><W37/><G90/><T71/><D71/><U1/><E1/><V49/><F49/><W55/><G37/><T77/><D77/><U9/><E9/><V56/><F56/><W59/><G59/><T133/><D21/><U64/><E11/><V12/><F70/><W105/><G105/><T26/><D133/><U99/><E53/><V100/><F100/><W110/><G110/><T14/><REACH who="0" step="1"/><D88/><REACH who="0" ten="200,340,220,230" step="2"/><N who="1" m="55367" /><E99/><V54/><F68/><W93/><G123/><T111/><D111/><U36/><E36/><V60/><F125/><W74/><G127/><T43/><D43/><U126/><E126/><V7/><F124/><W97/><G122/><T69/><D69/><U67/><E66/><V92/><F54/><AGARI ba="0,1" hai="6,8,14,19,20,26,32,34,35,45,46,48,54,58" machi="54" ten="40,1300,0" yaku="1,1,53,0" doraHai="132" doraHaiUra="103" who="0" fromWho="2" sc="200,23,340,0,220,-13,230,0" /><INIT seed="2,0,0,4,0,2" ten="223,340,207,230" oya="2" hai0="87,4,122,40,75,82,38,28,67,111,124,73,43" hai1="131,61,63,25,49,32,50,117,27,115,47,99,83" hai2="134,127,45,105,55,64,39,10,110,14,107,86,18" hai3="22,114,116,74,66,70,33,129,84,94,119,91,113"/><V118/><F118/><W79/><G33/><T34/><D122/><U97/><E115/><N who="3" m="44042" /><G22/><T23/><D34/><U17/><E117/><N who="3" m="45130" /><G66/><T103/><D103/><U41/><E131/><V106/><F127/><W5/><G70/><T62/><D111/><U1/><E1/><V93/><F110/><W109/><G109/><T100/><D100/><U35/><E83/><V21/><F134/><W85/><G5/><T7/><D75/><U58/><E17/><V57/><F64/><W11/><G11/><T98/><D73/><U72/><E72/><V125/><F125/><W52/><G52/><T15/><D98/><N who="1" m="37387" /><E32/><V12/><F45/><W65/><G65/><T108/><D108/><U20/><E35/><V133/><F133/><W51/><G51/><T42/><D38/><U81/><E81/><V56/><F39/><W48/><G48/><T3/><D3/><U95/><E95/><V89/><REACH who="2" step="1"/><F55/><REACH who="2" ten="223,340,197,230" step="2"/><W0/><G129/><T54/><D54/><U90/><E47/><V69/><F69/><W71/><G71/><T88/><D124/><U59/><E59/><V96/><F96/><N who="3" m="57439" /><G0/><T24/><D15/><U101/><E58/><AGARI ba="0,1" hai="4,7,23,24,28,40,42,43,58,62,67,82,87,88" machi="58" ten="40,8000,1" yaku="8,1,52,2,54,1" doraHai="2" who="0" fromWho="1" sc="223,90,340,-80,197,0,230,0" /><INIT seed="3,0,0,4,4,104" ten="313,260,197,230" oya="3" hai0="102,28,95,108,62,51,45,8,59,70,72,6,0" hai1="56,112,89,81,75,123,91,120,5,18,76,33,73" hai2="30,80,83,98,105,49,86,92,61,118,11,67,124" hai3="63,131,58,54,7,52,36,24,48,16,32,29,117"/><W41/><G117/><T60/><D72/><N who="1" m="27723" /><E18/><V132/><F118/><W10/><G131/><T79/><D70/><U107/><E56/><V106/><F124/><W90/><G90/><N who="1" m="34314" /><E5/><V119/><F119/><W101/><G101/><T12/><D28/><U122/><E33/><V26/><F132/><W21/><G36/><T84/><D108/><U17/><E17/><V78/><F83/><W134/><G134/><T65/><D0/><U47/><E47/><V50/><F105/><W93/><G93/><T25/><D25/><U68/><E68/><V88/><F106/><W125/><G125/><T121/><D121/><U127/><E107/><V2/><F11/><W38/><G38/><T114/><D114/><U85/><E127/><V128/><F128/><W14/><G41/><T42/><D65/><U77/><E77/><V39/><F39/><W53/><G48/><T37/><D59/><U135/><E135/><V66/><F2/><AGARI ba="0,0" hai="2,7,10,14,16,21,24,29,32,52,53,54,58,63" machi="2" ten="30,12000,1" yaku="7,1,24,2,54,2" doraHai="104" who="3" fromWho="2" sc="313,0,260,0,197,-120,230,120" owari="313,11.3,260,-14.0,77,-42.3,350,45.0" /></mjloggm>