<mjloggm ver="2.3"><GO type="225" lobby="0"/><UN n0="%50%65%74%65%72%50%61%6E" n1="%6D%75%75%6D%75%72%61" n2="%4E%55%44%41" n3="%E5%8F%AF%E5%85%90%E9%82%A3%E7%94%B1%E5%A4%9A" dan="16,16,16,17" rate="2159.54,2055.91,2130.92,2186.41" sx="M,F,M,F"/><TAIKYOKU oya="0"/><INIT seed="0,0,0,3,1,124" ten="250,250,250,250" oya="0" hai0="1,117,47,129,80,101,18,96,123,68,99,104,91" hai1="29,11,63,100,105,9,50,128,103,30,42,79,23" hai2="113,45,88,93,10,119,25,53,57,116,64,31,28" hai3="118,122,131,95,52,71,86,13,109,112,65,90,22"/><T120/><D117/><N who="2" m="45130" /><F113/><W60/><G118/><T114/><D68/><U12/><E79/><V87/><F10/><W21/><G112/><T41/><D114/><U73/><E73/><V70/><F45/><W56/><G109/><T72/><D1/><U2/><E105/><V54/><F70/><W81/><G122/><T8/><D8/><U83/><E83/><V133/><F133/><W77/><G131/><T46/><D18/><U19/><E9/><V43/><F43/><W130/><G130/><T69/><D69/><U127/><E127/><V98/><F87/><W40/><G40/><T0/><D0/><U5/><E128/><V20/><F31/><W66/><G13/><T48/><D129/><U94/><E29/><V14/><F14/><W110/><G110/><T27/><D27/><U7/><E7/><V75/><F75/><W108/><G108/><T85/><D72/><U36/><E36/><V58/><F64/><N who="3" m="24683" /><G71/><T135/><D135/><U62/><E2/><V102/><F102/><W33/><G33/><T84/><D47/><U76/><E103/><V134/><F134/><W39/><G39/><T17/><D96/><AGARI ba="0,0" hai="21,22,52,56,60,77,81,86,90,95,96" m="24683" machi="96" ten="30,2000,0" yaku="8,1,54,1" doraHai="124" who="3" fromWho="0" sc="250,-20,250,0,250,0,250,20" /><INIT seed="1,0,0,2,2,0" ten="230,250,250,270" oya="1" hai0="27,31,41,59,34,78,42,5,53,14,99,50,4" hai1="93,98,69,106,89,90,46,74,83,79,48,108,1" hai2="102,29,28,44,120,15,117,105,22,25,45,127,9" hai3="101,32,123,96,103,111,57,39,58,77,55,84,116"/><U35/><E69/><V3/><F120/><W104/><G123/><T81/><D99/><U37/><E35/><V92/><F117/><W36/><G32/><T110/><D110/><U68/><E68/><V125/><F3/><W107/><G111/><T122/><D122/><U75/><E108/><V40/><F105/><W17/><G116/><T85/><REACH who="0" step="1"/><D14/><REACH who="0" ten="220,250,250,270" step="2"/><U70/><E1/><V38/><F15/><W126/><G96/><T135/><D135/><U112/><E98/><V64/><F125/><W130/><G126/><T71/><D71/><U100/><E70/><V132/><F132/><W56/><G130/><T51/><D51/><U114/><E48/><V63/><F127/><W109/><G109/><T49/><D49/><U18/><E114/><V26/><F38/><W66/><G36/><T16/><D16/><U33/><E112/><V119/><F119/><W21/><G39/><T133/><D133/><U62/><E18/><V24/><F24/><W54/><G17/><T47/><D47/><U115/><E46/><V60/><F45/><W20/><G57/><T91/><D91/><U2/><E115/><V8/><F44/><W30/><G56/><T95/><D95/><U6/><E37/><V134/><F134/><W86/><G58/><T97/><D97/><U82/><E93/><V88/><F92/><W12/><G12/><T80/><D80/><U128/><E128/><V19/><F88/><W87/><G107/><T121/><D121/><U65/><E106/><V7/><F102/><W72/><G104/><T131/><D131/><U113/><E100/><V10/><F26/><RYUUKYOKU ba="0,1" sc="220,30,250,-10,250,-10,270,-10" hai0="4,5,27,31,34,41,42,50,53,59,78,81,85" /><INIT seed="2,1,1,1,4,78" ten="250,240,240,260" oya="2" hai0="38,40,20,82,109,49,126,37,15,91,34,1,81" hai1="69,46,47,64,99,71,50,65,115,30,93,22,131" hai2="90,5,14,6,84,98,105,27,120,108,97,51,0" hai3="57,122,25,134,110,4,74,94,35,42,107,125,12"/><V36/><F36/><W33/><G122/><T133/><D34/><U26/><E115/><V128/><F120/><W89/><G107/><T53/><D1/><U8/><E131/><V13/><F0/><W7/><G74/><T2/><D2/><U111/><E111/><V59/><F128/><W101/><G101/><T56/><D109/><U43/><E8/><N who="2" m="4239" /><F105/><W48/><G110/><T130/><D130/><U96/><E96/><N who="2" m="36971" /><F108/><W119/><G119/><T54/><D133/><U117/><E117/><V86/><F27/><W77/><G134/><T32/><D32/><U18/><E30/><V123/><F123/><W45/><G35/><T39/><D126/><U95/><E95/><N who="2" m="54727" /><F86/><W9/><G125/><T129/><D129/><U61/><E69/><V72/><F72/><W92/><G77/><T10/><D91/><U19/><E19/><V3/><F3/><W75/><G75/><T88/><D88/><U23/><E23/><V66/><F66/><W106/><G106/><T21/><D21/><U62/><E65/><V102/><F102/><W124/><G124/><T24/><D40/><U85/><E85/><V52/><F6/><W118/><G4/><T16/><REACH who="0" step="1"/><D53/><REACH who="0" ten="240,240,240,260" step="2"/><U121/><E121/><V55/><F55/><N who="3" m="31975" /><G89/><T76/><D76/><U135/><E135/><V114/><F114/><W29/><G118/><T70/><D70/><U83/><E71/><V116/><F116/><W44/><G42/><T80/><D80/><U60/><E83/><V67/><F67/><W132/><G132/><T63/><D63/><U112/><E64/><V100/><F100/><W87/><G94/><RYUUKYOKU ba="1,2" sc="240,10,240,-30,240,10,260,10" hai0="10,15,16,20,24,37,38,39,49,54,56,81,82" hai2="14,51,52,59" hai3="7,9,12,25,29,33,44,45,87,92" /><INIT seed="2,2,2,1,0,19" ten="250,210,250,270" oya="2" hai0="87,35,64,39,42,46,97,20,95,37,48,122,30" hai1="112,94,103,41,17,10,70,22,129,3,28,110,25" hai2="84,13,14,114,93,29,15,47,121,124,75,50,66" hai3="23,34,132,104,53,108,55,7,77,99,131,115,117"/><V88/><F114/><W100/><G117/><T0/><D0/><U119/><E112/><V133/><F121/><W128/><G115/><T107/><D122/><U24/><E119/><V130/><F75/><W71/><G34/><T59/><D35/><U78/><E70/><V120/><F120/><W74/><G108/><T49/><D87/><U109/><E129/><N who="3" m="49738" /><G132/><T31/><D107/><U69/><E69/><V51/><F130/><W116/><G116/><T126/><D126/><U57/><E78/><V76/><F133/><W1/><G71/><T92/><D92/><U90/><E103/><V125/><F76/><W63/><G63/><N who="0" m="38015" /><D39/><U44/><E57/><V118/><F118/><W127/><G127/><N who="2" m="48713" /><F66/><W91/><G91/><T2/><D2/><U135/><E135/><V36/><F29/><W54/><G77/><T102/><D31/><U16/><E3/><V6/><F6/><W8/><G74/><T5/><D5/><U60/><E60/><V43/><AGARI ba="2,2" hai="13,14,15,36,43,47,50,51,84,88,93" m="48713" machi="43" ten="40,3900,0" yaku="18,1,54,1" doraHai="19" who="2" fromWho="2" sc="250,-15,210,-15,250,65,270,-15" /><INIT seed="2,3,0,3,4,105" ten="235,195,315,255" oya="2" hai0="73,130,100,8,119,134,48,39,44,89,33,121,94" hai1="92,5,133,62,60,135,37,123,78,107,124,17,112" hai2="132,24,16,126,88,15,127,113,19,117,95,20,99" hai3="26,86,87,102,104,63,12,70,11,103,114,27,111"/><V81/><F113/><W83/><G111/><T13/><D121/><U29/><E107/><V131/><F117/><W122/><G122/><T34/><D134/><U80/><E112/><V120/><F120/><W116/><G116/><T47/><D119/><U52/><E123/><V18/><F132/><N who="1" m="50761" /><E37/><V43/><F131/><W0/><G0/><T85/><D130/><U106/><E106/><V35/><F43/><W30/><G114/><T71/><D71/><U46/><E124/><N who="2" m="47659" /><F81/><W25/><G104/><T45/><D39/><U75/><E5/><V59/><F59/><W66/><G30/><AGARI ba="3,0" hai="15,16,18,19,20,24,30,35,88,95,99" m="47659" machi="30" ten="30,5800,0" yaku="18,1,54,2" doraHai="105" who="2" fromWho="3" sc="235,0,195,0,315,67,255,-67" /><INIT seed="2,4,0,5,4,49" ten="235,195,382,188" oya="2" hai0="58,104,105,107,133,67,91,113,132,116,80,20,17" hai1="16,6,48,61,76,96,77,14,109,51,31,85,83" hai2="32,22,63,12,74,88,24,0,27,124,11,21,79" hai3="57,39,120,70,115,18,128,29,99,134,56,71,114"/><V13/><F124/><W130/><G29/><T119/><D113/><N who="3" m="43017" /><G18/><T78/><D91/><U73/><E109/><V97/><F32/><W89/><G89/><T87/><D67/><U131/><E131/><N who="3" m="50218" /><G99/><T55/><D20/><U46/><E31/><V66/><F0/><W43/><G134/><N who="0" m="51819" /><D17/><U3/><E96/><V68/><F74/><W98/><G98/><T5/><D5/><U15/><E3/><V75/><F75/><W90/><G90/><T62/><AGARI ba="4,0" hai="55,58,62,78,80,87,104,105,107,116,119" m="51819" machi="62" ten="40,2700,0" yaku="20,1,52,1" doraHai="49" who="0" fromWho="0" sc="235,39,195,-11,382,-17,188,-11" /><INIT seed="3,0,0,2,3,69" ten="274,184,365,177" oya="3" hai0="77,98,107,51,14,110,128,59,62,102,56,39,111" hai1="88,23,133,2,33,120,8,116,129,32,71,108,10" hai2="112,114,29,36,0,126,106,135,94,1,37,41,45" hai3="66,109,113,89,54,22,96,38,85,99,122,104,91"/><W46/><G113/><N who="2" m="43625" /><F94/><W13/><G122/><T119/><D128/><U64/><E133/><V123/><F36/><W80/><G109/><N who="0" m="41483" /><D119/><U101/><E108/><V21/><F21/><W100/><G66/><N who="0" m="39239" /><D39/><U86/><E120/><V6/><F29/><W79/><G99/><T27/><D77/><U53/><E129/><V20/><F20/><W121/><G121/><T131/><D131/><U117/><E23/><V7/><F123/><W92/><G104/><T65/><D27/><U134/><E134/><V87/><F87/><W25/><G13/><T49/><D14/><U105/><E2/><V47/><F47/><W127/><G127/><T16/><D16/><U18/><E18/><V132/><F126/><W19/><REACH who="3" step="1"/><G38/><REACH who="3" ten="274,184,365,167" step="2"/><T68/><D68/><U58/><E116/><V9/><F106/><W40/><G40/><T72/><D65/><U57/><E117/><V50/><F37/><W78/><G78/><T74/><D98/><U82/><E71/><V115/><F115/><W11/><G11/><T31/><D107/><U26/><E8/><N who="2" m="2119" /><F132/><W55/><G55/><T15/><D15/><U93/><E10/><V81/><F135/><W52/><G52/><T97/><D97/><N who="1" m="59567" /><E105/><V34/><F1/><W84/><G84/><T83/><D72/><U12/><E12/><V3/><F3/><W48/><AGARI ba="0,1" hai="19,22,25,46,48,54,79,80,85,89,91,92,96,100" machi="48" ten="30,6000,0" yaku="1,1,0,1,8,1,53,0" doraHai="69" doraHaiUra="35" who="3" fromWho="3" sc="274,-20,184,-20,365,-20,167,70" /><INIT seed="3,1,0,5,3,39" ten="254,164,345,237" oya="3" hai0="134,102,124,77,86,92,88,38,63,98,70,56,45" hai1="62,119,52,94,114,26,65,123,68,40,46,6,99" hai2="100,120,83,117,73,48,23,122,96,4,12,93,50" hai3="33,97,36,116,21,108,106,110,22,57,18,109,104"/><W35/><G116/><T14/><D134/><U126/><E123/><N who="2" m="47147" /><F117/><W132/><G132/><T5/><D124/><U112/><E119/><V85/><F73/><W29/><G36/><T34/><D34/><N who="3" m="12809" /><G97/><T105/><D70/><U37/><E126/><V24/><F12/><N who="3" m="9415" /><G57/><T30/><D30/><U27/><E6/><V111/><F4/><W113/><G113/><T25/><D25/><AGARI ba="1,0" hai="22,25,29,104,106,108,109,110" m="9415,12809" machi="25" ten="40,3900,0" yaku="14,1,10,1" doraHai="39" who="3" fromWho="0" sc="254,-42,164,0,345,0,237,42" /><INIT seed="3,2,0,0,1,119" ten="212,164,345,279" oya="3" hai0="100,59,6,57,23,103,33,91,112,118,64,95,37" hai1="130,75,116,34,129,81,11,121,60,0,134,9,45" hai2="8,77,71,107,26,111,47,31,97,135,84,132,58" hai3="50,18,44,20,108,40,131,36,76,12,89,28,69"/><W113/><G113/><T14/><D33/><U133/><E34/><V15/><F71/><W88/><G69/><T90/><D118/><U63/><E116/><V128/><F111/><W92/><G108/><T125/><D37/><U56/><E0/><V120/><F120/><W3/><G3/><T68/><D68/><U117/><E117/><V32/><F128/><N who="1" m="49257" /><E45/><V7/><F58/><N who="0" m="22026" /><D125/><U114/><E114/><V96/><F47/><W72/><G131/><T61/><D112/><U123/><E81/><N who="2" m="47151" /><F107/><W24/><G36/><T122/><D61/><N who="1" m="23627" /><E56/><V46/><F46/><W53/><G40/><T35/><D35/><U109/><E75/><V42/><F42/><W110/><G110/><T51/><D64/><U10/><E109/><V73/><F73/><W83/><REACH who="3" step="1"/><G92/><REACH who="3" ten="212,164,345,269" step="2"/><T25/><D95/><U54/><E54/><V29/><F29/><W94/><G94/><T87/><D103/><U65/><E65/><V49/><F49/><W4/><G4/><T52/><D100/><U39/><E39/><V70/><F70/><W17/><G17/><T55/><D51/><U1/><E1/><V48/><F48/><W30/><G30/><T80/><D6/><U5/><E5/><V101/><F101/><W127/><G127/><T13/><D55/><U85/><E85/><V74/><F74/><W115/><G115/><T2/><D52/><U22/><E22/><AGARI ba="2,1" hai="12,18,20,22,24,28,44,50,53,72,76,83,88,89" machi="22" ten="30,12000,1" yaku="1,1,7,1,54,1,53,2" doraHai="119" doraHaiUra="16" who="3" fromWho="1" sc="212,0,164,-126,345,0,269,136" owari="212,-18.8,38,-46.2,345,14.5,405,50.5" /></mjloggm>