<mjloggm ver="2.3"><GO type="225" lobby="0"/><UN n0="%73%7A%2E%64%31" n1="%E3%81%99%E3%81%84%E3%81%A1%E3%82%83%E3%82%93%E5%A4%A7%E5%A5%BD%E3%81%8D" n2="%E7%9C%9F%E4%B8%80" n3="%45%6C%79%73%69%75%6D" dan="16,16,17,17" rate="2110.80,2055.81,2111.80,2120.90" sx="M,F,M,F"/><TAIKYOKU oya="0"/><INIT seed="0,0,0,5,5,71" ten="250,250,250,250" oya="0" hai0="12,16,87,41,100,102,67,79,33,118,110,57,131" hai1="119,123,32,121,115,31,34,35,125,22,78,94,62" hai2="37,63,46,53,19,26,36,54,49,134,86,116,5" hai3="81,2,77,59,1,10,92,61,39,8,25,58,28"/><T95/><D118/><U21/><E78/><V111/><F116/><W38/><G92/><T130/><D33/><U113/><E119/><V73/><F73/><W9/><G1/><T122/><D122/><N who="1" m="46603" /><E94/><V64/><F5/><W6/><G9/><T83/><D41/><U96/><E96/><V106/><F106/><W55/><G59/><T69/><D69/><U135/><E62/><V75/><F75/><W18/><G18/><T0/><D0/><U3/><E3/><V44/><F111/><W124/><G8/><T72/><D110/><U50/><E50/><V66/><F86/><W29/><G124/><T114/><D114/><N who="1" m="43531" /><E135/><V99/><F134/><W109/><G109/><T7/><D72/><U70/><E70/><V108/><F108/><W48/><G48/><T117/><D117/><U97/><E97/><V17/><F99/><W84/><REACH who="3" step="1"/><G29/><REACH who="3" ten="250,250,250,240" step="2"/><T107/><D95/><U4/><E125/><V23/><F49/><W42/><G42/><T13/><D7/><U80/><E4/><V40/><F40/><W93/><G93/><T132/><D132/><U30/><E80/><V90/><F63/><W51/><G51/><T120/><D120/><U91/><E91/><V65/><F90/><W82/><G82/><T56/><D56/><U126/><E126/><V74/><F46/><W68/><G68/><T20/><D102/><U27/><E31/><V104/><F44/><W24/><G24/><T43/><D43/><U89/><E89/><V128/><F26/><W52/><G52/><T15/><D57/><U103/><E103/><V76/><F54/><W85/><G85/><RYUUKYOKU ba="0,1" sc="250,-15,250,15,250,-15,240,15" hai1="21,22,27,30,32,34,35" hai3="2,6,10,25,28,38,39,55,58,61,77,81,84" /><INIT seed="1,1,1,2,3,64" ten="235,265,235,255" oya="1" hai0="28,96,110,95,131,107,62,49,6,23,7,71,85" hai1="106,18,14,134,94,40,69,36,81,101,82,135,59" hai2="108,9,56,53,123,37,17,20,55,32,15,89,0" hai3="128,57,103,105,117,98,8,74,67,35,120,13,26"/><U51/><E106/><V46/><F123/><W43/><G120/><T76/><D131/><U24/><E36/><V27/><F108/><W72/><G128/><T68/><D107/><U97/><E69/><V99/><F32/><W79/><G117/><T10/><D110/><U93/><E93/><V3/><F37/><W127/><G127/><T19/><D28/><U113/><E24/><V100/><F46/><W125/><G125/><T130/><D130/><U54/><E40/><V12/><F12/><W73/><G43/><T52/><D76/><U90/><E113/><V42/><F42/><W87/><G87/><T88/><D96/><U60/><E60/><V92/><F100/><W48/><G26/><T61/><D61/><U4/><E4/><N who="0" m="1577" /><D10/><U47/><E47/><V58/><F58/><W50/><G35/><T122/><D62/><U63/><E63/><N who="2" m="36239" /><F55/><W80/><G67/><T65/><D65/><U41/><E41/><V83/><F83/><W119/><G119/><T104/><D104/><U86/><REACH who="1" step="1"/><E82/><REACH who="1" ten="235,255,235,255" step="2"/><V133/><F133/><W84/><G57/><N who="0" m="32911" /><D122/><U21/><AGARI ba="1,2" hai="14,18,21,51,54,59,81,86,90,94,97,101,134,135" machi="21" ten="30,3000,0" yaku="1,1,0,1,53,0" doraHai="64" doraHaiUra="22" who="1" fromWho="1" sc="235,-11,255,53,235,-11,255,-11" /><INIT seed="1,2,0,1,1,19" ten="224,308,224,244" oya="1" hai0="100,41,123,66,87,84,17,23,13,35,88,58,59" hai1="81,117,55,125,135,26,91,109,47,120,2,89,115" hai2="98,62,74,46,20,39,67,95,3,128,31,132,73" hai3="92,14,32,18,133,103,106,113,56,104,112,97,15"/><U105/><E117/><V116/><F3/><W93/><G32/><T126/><D35/><U86/><E115/><V131/><F132/><W8/><G133/><T134/><D123/><U79/><E120/><V99/><F116/><W124/><G124/><T82/><D134/><U72/><E105/><V61/><F39/><W90/><G56/><T48/><D126/><U94/><E2/><V51/><F74/><W40/><G40/><T21/><D100/><U28/><E109/><V9/><F9/><W50/><G50/><T11/><D84/><U37/><E125/><V65/><F73/><W25/><G25/><T34/><D34/><U52/><E91/><V63/><F131/><W101/><G90/><T6/><D6/><U121/><E121/><V4/><F4/><W108/><G108/><T107/><D107/><U36/><E135/><V102/><F99/><W119/><G119/><T75/><D75/><U7/><E7/><V122/><F128/><W22/><G104/><T78/><D78/><U24/><E24/><N who="2" m="16775" /><F122/><W77/><G106/><T38/><D38/><U110/><E110/><V68/><F68/><W49/><G112/><T96/><D96/><U1/><E1/><V111/><F111/><W12/><G113/><T118/><D118/><U71/><E71/><V44/><F44/><W130/><G130/><T45/><D59/><U27/><E27/><V57/><F67/><W64/><G64/><T5/><D5/><U43/><E36/><V42/><AGARI ba="2,0" hai="42,46,51,57,61,62,63,65,95,98,102" m="16775" machi="42" ten="30,4000,0" yaku="25,1,8,1,52,1" doraHai="19" who="2" fromWho="2" sc="224,-12,308,-22,224,46,244,-12" /><INIT seed="2,0,0,0,1,103" ten="212,286,270,232" oya="2" hai0="78,130,49,58,131,66,88,125,113,108,90,81,129" hai1="100,5,109,48,104,85,20,105,50,110,84,119,79" hai2="112,9,120,118,89,72,97,60,26,57,107,2,24" hai3="63,67,38,34,106,126,39,132,11,37,35,94,44"/><V22/><F118/><W45/><G106/><N who="1" m="41066" /><E100/><V52/><F120/><W41/><G94/><T71/><D113/><U53/><E119/><V3/><F112/><W62/><G11/><T7/><D125/><U16/><E5/><V0/><F72/><W74/><G74/><T117/><D117/><U116/><E116/><V95/><F107/><W69/><G126/><T54/><D108/><N who="1" m="41579" /><E79/><V43/><F43/><W29/><G132/><T93/><D7/><U87/><E53/><V122/><F122/><W47/><G29/><T98/><D90/><U27/><AGARI ba="0,0" hai="16,20,27,48,50,84,85,87" m="41579,41066" machi="27" ten="40,8000,1" yaku="14,1,52,3,54,1" doraHai="103" who="1" fromWho="1" sc="212,-20,286,80,270,-40,232,-20" /><INIT seed="3,0,0,1,5,106" ten="192,366,230,212" oya="3" hai0="56,14,3,24,17,45,10,77,5,19,78,54,28" hai1="121,49,70,99,4,2,40,93,130,65,79,115,116" hai2="36,72,117,81,15,59,44,126,104,58,75,13,47" hai3="89,0,113,39,68,91,16,31,118,84,9,134,108"/><W102/><G113/><T69/><D69/><U124/><E115/><V82/><F104/><W86/><G118/><T97/><D45/><U1/><E116/><V133/><F36/><W119/><G119/><T125/><D97/><U128/><E121/><V60/><F117/><W85/><G39/><T76/><D125/><U131/><E79/><V83/><F126/><W6/><G68/><T105/><D105/><U52/><E40/><V132/><F83/><W109/><G31/><T80/><D80/><U94/><E4/><V95/><F60/><W103/><G134/><T88/><D88/><N who="3" m="33865" /><G16/><T107/><D107/><U92/><E99/><V26/><REACH who="2" step="1"/><F26/><REACH who="2" ten="192,366,220,212" step="2"/><W34/><G34/><T71/><D71/><U129/><E124/><V11/><F11/><W51/><G51/><T90/><D90/><U64/><E129/><V35/><F35/><W32/><G32/><T8/><D17/><U37/><E37/><V22/><F22/><W7/><G7/><T114/><D114/><U33/><E33/><V50/><F50/><W96/><G6/><T46/><D46/><N who="1" m="27703" /><E70/><V112/><F112/><W29/><G9/><T122/><D122/><U73/><E130/><V67/><F67/><W62/><G62/><N who="0" m="36119" /><D24/><U48/><E48/><V61/><F61/><W43/><G29/><T21/><D28/><U30/><E30/><V27/><F27/><W111/><G43/><T101/><D101/><N who="3" m="38409" /><G0/><N who="1" m="106" /><E131/><V53/><F53/><W57/><G96/><T110/><D10/><U74/><E128/><V100/><F100/><W18/><G18/><T12/><D3/><U38/><E38/><V120/><F120/><RYUUKYOKU ba="0,1" sc="192,0,366,0,220,0,212,0" hai0="5,8,12,14,19,21,76,77,78,110" hai1="64,65,73,74,92,93,94" hai2="13,15,44,47,58,59,72,75,81,82,95,132,133" hai3="57,84,85,86,108,109,111" /><INIT seed="3,1,1,4,1,89" ten="192,366,220,212" oya="3" hai0="87,121,22,102,42,24,115,106,97,71,9,110,49" hai1="6,14,135,37,53,125,111,126,21,55,7,84,101" hai2="3,44,46,85,0,122,68,99,75,124,29,92,90" hai3="59,70,19,127,129,4,18,88,117,132,5,47,112"/><W78/><G70/><T17/><D121/><U13/><E37/><V57/><F68/><W61/><G117/><T8/><D110/><U26/><E101/><V100/><F75/><W82/><G112/><T133/><D71/><U30/><E111/><V23/><F124/><N who="1" m="47721" /><E135/><V48/><F122/><W104/><G104/><T93/><D133/><U79/><E84/><V83/><F3/><W103/><G103/><T11/><D115/><U116/><E79/><V52/><F0/><W10/><G127/><T41/><D106/><U86/><E86/><V33/><F33/><W51/><G132/><T77/><REACH who="0" step="1"/><D49/><REACH who="0" ten="182,366,220,212" step="2"/><U119/><E119/><V108/><F108/><W2/><G129/><T74/><D74/><U60/><E116/><V94/><F83/><AGARI ba="1,2" hai="8,9,11,17,22,24,41,42,77,83,87,93,97,102" machi="83" ten="40,5200,0" yaku="1,1,8,1,52,1,53,0" doraHai="89" doraHaiUra="34" who="0" fromWho="2" sc="182,75,366,0,220,-55,212,0" owari="257,5.7,366,46.6,165,-33.5,212,-18.8" /></mjloggm>