<mjloggm ver="2.3"><GO type="225" lobby="0"/><UN n0="%6D%75%75%73%61%6E%6D%75" n1="%74%2E%6F%2E%6F%2E%73" n2="%E3%82%BC%E3%83%AB%E3%83%80%E3%81%AE%E4%BC%9D%E8%AA%AC" n3="%30%2E%31%32%30" dan="16,17,17,16" rate="2080.16,2095.95,2170.47,2104.92" sx="F,M,M,M"/><TAIKYOKU oya="0"/><INIT seed="0,0,0,0,4,112" ten="250,250,250,250" oya="0" hai0="125,88,65,102,76,12,18,114,134,59,66,57,103" hai1="90,122,101,106,29,41,132,51,104,56,67,77,68" hai2="27,129,92,83,117,118,14,43,78,93,135,60,34" hai3="21,72,4,42,115,13,35,82,98,94,100,85,30"/><T45/><D114/><U73/><E122/><V47/><F129/><W40/><G115/><T107/><D76/><U28/><E68/><V2/><F2/><W108/><G72/><T113/><D125/><U25/><E132/><V91/><F135/><W48/><G35/><T39/><D39/><U74/><E90/><V0/><F0/><W128/><G128/><T121/><D45/><U63/><E29/><N who="2" m="19775" /><F60/><W84/><G84/><T119/><D119/><N who="2" m="45578" /><F14/><W46/><G108/><T1/><D1/><U26/><E63/><V54/><F54/><N who="3" m="29975" /><G13/><T36/><D121/><U20/><E25/><V127/><F91/><N who="3" m="51639" /><G4/><T86/><D113/><U111/><E26/><AGARI ba="0,0" hai="21,26,30,40,42,94,98,100" m="51639,29975" machi="26" ten="30,1000,0" yaku="8,1" doraHai="112" who="3" fromWho="1" sc="250,0,250,-10,250,0,250,10" /><INIT seed="1,0,0,4,4,72" ten="250,240,250,260" oya="1" hai0="4,91,61,123,22,100,19,115,132,43,46,118,27" hai1="63,50,32,36,7,28,58,129,88,6,133,76,112" hai2="95,130,79,53,14,11,18,116,35,65,120,49,23" hai3="103,78,122,71,75,131,70,107,48,81,56,1,17"/><U21/><E36/><V83/><F116/><W57/><G1/><T37/><D118/><U102/><E112/><V106/><F106/><W96/><G122/><T24/><D123/><U121/><E121/><V77/><F120/><W33/><G33/><T134/><D115/><U54/><E32/><V97/><F35/><W113/><G131/><T108/><D108/><U15/><E102/><V85/><F65/><W127/><G127/><T68/><D100/><U40/><E133/><V9/><F130/><W99/><G113/><T105/><D105/><U31/><E129/><V126/><F79/><W98/><G17/><T73/><D4/><U30/><E76/><V8/><F126/><W41/><G56/><T110/><D73/><U128/><E128/><V124/><F124/><W45/><REACH who="3" step="1"/><G57/><REACH who="3" ten="250,240,250,250" step="2"/><T20/><D110/><U47/><E6/><V0/><F0/><W2/><G2/><T13/><D132/><U93/><E7/><V5/><F5/><W67/><G67/><T94/><D134/><U12/><REACH who="1" step="1"/><E21/><REACH who="1" ten="250,230,250,250" step="2"/><V90/><REACH who="2" step="1"/><F23/><REACH who="2" ten="250,230,240,250" step="2"/><W3/><G3/><T114/><D114/><U42/><E42/><V44/><AGARI ba="0,3" hai="8,9,11,14,18,44,49,53,77,83,85,90,95,97" machi="44" ten="20,12000,2" yaku="1,1,2,1,0,1,7,1,8,1,52,1,53,0" doraHai="72" doraHaiUra="25" who="2" fromWho="2" sc="250,-30,230,-60,240,150,250,-30" /><INIT seed="2,0,0,1,5,76" ten="220,170,390,220" oya="2" hai0="119,78,100,14,98,86,55,30,25,71,37,0,43" hai1="22,3,82,62,59,58,42,21,80,115,23,79,123" hai2="110,108,12,113,87,10,24,75,69,112,125,118,20" hai3="53,19,60,117,127,133,40,94,134,31,18,102,67"/><V65/><F75/><W38/><G117/><T128/><D0/><U49/><E115/><V4/><F65/><W46/><G31/><T26/><D119/><U35/><E35/><V85/><F69/><N who="3" m="42215" /><G53/><T92/><D71/><U47/><E3/><V89/><F118/><W52/><G52/><T121/><D121/><U132/><E132/><N who="3" m="50794" /><G127/><T68/><D68/><U9/><E123/><V56/><F56/><W91/><G102/><T95/><D128/><U33/><E33/><V107/><F125/><W120/><G120/><T28/><D55/><U13/><E79/><V130/><F130/><W41/><G41/><T96/><D43/><U1/><E1/><V116/><F116/><W93/><G93/><T131/><D131/><U27/><E27/><V64/><F64/><W122/><G122/><T8/><D37/><U104/><E104/><V34/><F107/><W105/><G105/><T135/><D135/><U39/><E39/><V11/><F34/><W99/><AGARI ba="0,0" hai="18,19,38,40,46,91,94,99" m="50794,42215" machi="99" ten="30,1100,0" yaku="20,1" doraHai="76" who="3" fromWho="3" sc="220,-3,170,-3,390,-5,220,11" /><INIT seed="3,0,0,2,3,126" ten="217,167,385,231" oya="3" hai0="8,36,46,2,66,108,34,15,79,11,124,32,114" hai1="31,89,52,80,113,21,131,130,107,102,37,74,106" hai2="44,120,25,99,63,19,7,87,123,128,6,93,72" hai3="51,115,100,9,110,10,24,86,47,134,78,33,54"/><W5/><G115/><T4/><D124/><U12/><E37/><V116/><F72/><W22/><G33/><T85/><D114/><U111/><E113/><V103/><F128/><N who="1" m="49193" /><E111/><V23/><F116/><W76/><G134/><T75/><D108/><U18/><E31/><V65/><F87/><W133/><G133/><T69/><D36/><U101/><E52/><V62/><F44/><W60/><G100/><N who="1" m="38506" /><E89/><V125/><F125/><W41/><G110/><T112/><D112/><U70/><E70/><N who="2" m="42295" /><F63/><W121/><G121/><AGARI ba="0,0" hai="6,7,19,23,25,93,99,103,120,121,123" m="42295" machi="121" ten="30,1000,0" yaku="13,1" doraHai="126" who="2" fromWho="3" sc="217,0,167,0,385,10,231,-10" owari="217,-18.3,167,-33.3,395,49.5,221,2.1" /></mjloggm>