<mjloggm ver="2.3"><GO type="225" lobby="0"/><UN n0="%E5%8F%AF%E5%85%90%E9%82%A3%E7%94%B1%E5%A4%9A" n1="%E3%81%82%E3%81%99%E3%81%AB%E3%82%83%E3%82%80" n2="%48%61%61%61%6C%61%6E%64" n3="%E5%B8%86%E7%AB%8B%E5%A4%8F%E8%A1%A3" dan="17,16,18,16" rate="2249.96,2101.97,2209.39,2098.54" sx="F,F,M,M"/><TAIKYOKU oya="0"/><INIT seed="0,0,0,1,3,62" ten="250,250,250,250" oya="0" hai0="89,124,103,118,4,17,126,27,3,54,70,99,0" hai1="86,75,85,78,30,121,65,94,43,29,1,129,58" hai2="97,95,110,128,134,46,20,38,49,117,114,34,5" hai3="66,127,84,113,14,12,53,63,41,107,130,68,100"/><T56/><D70/><U19/><E1/><V91/><F114/><W25/><G113/><T133/><D118/><U123/><E75/><V45/><F34/><W90/><G127/><N who="0" m="48683" /><D133/><U105/><E105/><V102/><F134/><W87/><G41/><T26/><D89/><U67/><E43/><V35/><F117/><W135/><G130/><T83/><D83/><U132/><E132/><V37/><F35/><W28/><G53/><T104/><D4/><U77/><E58/><V47/><F128/><W52/><G52/><T50/><D17/><U112/><E19/><V40/><F5/><W88/><G135/><T109/><D109/><U111/><E112/><V59/><F110/><W23/><G87/><T120/><D120/><U106/><E106/><V2/><F2/><AGARI ba="0,0" hai="0,2,3,26,27,50,54,56,99,103,104" m="48683" machi="2" ten="30,1500,0" yaku="18,1" doraHai="62" who="0" fromWho="2" sc="250,15,250,0,250,-15,250,0" /><INIT seed="0,1,0,3,0,55" ten="265,250,235,250" oya="0" hai0="36,30,126,51,67,38,108,112,81,7,47,2,72" hai1="9,33,121,46,13,114,115,129,19,104,42,105,22" hai2="120,40,71,3,53,135,32,116,87,119,45,110,60" hai3="5,75,76,127,73,54,17,4,95,125,99,124,0"/><T102/><D112/><N who="1" m="43051" /><E121/><V78/><F120/><W6/><G0/><T118/><D118/><N who="2" m="45098" /><F3/><W107/><G107/><N who="1" m="41034" /><E33/><V59/><F32/><W20/><G54/><T93/><D126/><U97/><E97/><V44/><F110/><W100/><REACH who="3" step="1"/><G76/><REACH who="3" ten="265,250,235,240" step="2"/><T12/><D2/><U25/><E129/><V94/><F78/><W31/><G31/><T62/><D30/><U133/><E133/><V64/><F135/><W39/><G39/><T35/><D36/><U122/><E122/><V16/><F40/><W83/><G83/><T37/><D81/><U10/><E13/><AGARI ba="1,1" hai="4,5,6,13,17,20,73,75,95,99,100,124,125,127" machi="13" ten="50,3200,0" yaku="1,1,18,1,53,0" doraHai="55" doraHaiUra="29" who="3" fromWho="1" sc="265,0,250,-35,235,0,240,45" /><INIT seed="1,0,0,3,3,94" ten="265,215,235,285" oya="1" hai0="108,96,109,40,37,3,81,125,63,73,79,106,124" hai1="87,88,98,97,77,4,44,75,103,92,67,84,12" hai2="121,58,0,60,62,17,20,64,120,56,130,61,112" hai3="123,100,49,91,118,57,43,19,6,48,93,111,69"/><U117/><E117/><V68/><F0/><W35/><G69/><T24/><D3/><U23/><E67/><V39/><F130/><W110/><G35/><T18/><D63/><U47/><E75/><V8/><F8/><W10/><G123/><T80/><D18/><N who="1" m="10695" /><E103/><V7/><F7/><W32/><G32/><T54/><D54/><U72/><E4/><V105/><F39/><W66/><G100/><N who="0" m="62727" /><D24/><U74/><E74/><V29/><F105/><W90/><G19/><T126/><D81/><N who="1" m="47151" /><E72/><V1/><F1/><N who="3" m="335" /><G118/><T31/><D31/><U132/><E132/><V71/><F29/><W99/><G43/><T131/><D131/><U36/><E36/><V16/><F17/><W85/><G66/><T33/><D33/><U116/><E116/><V53/><F112/><W82/><G57/><T133/><D133/><U83/><E83/><V102/><F102/><W127/><G127/><T27/><D27/><U51/><E44/><AGARI ba="0,0" hai="37,40,44,73,79,80,108,109,124,125,126" m="62727" machi="44" ten="40,5200,0" yaku="18,1,23,1,52,1" doraHai="94" who="0" fromWho="1" sc="265,52,215,-52,235,0,285,0" /><INIT seed="2,0,0,0,1,109" ten="317,163,235,285" oya="2" hai0="101,25,19,44,119,17,117,104,85,62,70,41,130" hai1="131,98,126,59,115,94,20,69,0,124,65,33,76" hai2="18,122,121,48,64,96,112,53,134,5,100,63,78" hai3="11,103,4,10,79,50,28,118,66,43,27,31,86"/><V74/><F134/><W61/><G118/><N who="0" m="45067" /><D130/><U83/><E33/><V107/><F5/><W97/><G86/><T16/><D85/><U14/><E0/><V39/><F39/><W26/><G79/><T135/><D135/><U128/><E69/><V24/><F112/><W87/><G87/><T67/><D101/><U99/><E65/><V75/><F18/><W6/><G50/><N who="0" m="26895" /><D104/><U127/><E59/><V132/><F132/><W32/><G43/><T29/><D19/><U102/><E20/><AGARI ba="0,0" hai="16,17,20,25,29,62,67,70" m="26895,45067" machi="20" ten="30,2000,0" yaku="12,1,54,1" doraHai="109" who="0" fromWho="1" sc="317,20,163,-20,235,0,285,0" /><INIT seed="3,0,0,0,4,112" ten="337,143,235,285" oya="3" hai0="131,44,117,14,85,124,53,75,108,119,9,42,59" hai1="130,4,106,19,110,66,78,27,95,73,55,41,99" hai2="15,34,134,51,100,77,120,43,101,26,49,2,91" hai3="52,104,65,90,58,63,60,116,33,68,18,47,30"/><W81/><G116/><T32/><D75/><U17/><E110/><V102/><F2/><W80/><G104/><T3/><D32/><U123/><E130/><V7/><F134/><W84/><G33/><T129/><D108/><U6/><E123/><V89/><F77/><W70/><G30/><T125/><D3/><U118/><E106/><V127/><F127/><N who="0" m="48714" /><D85/><U92/><E41/><V74/><F74/><W83/><G70/><T24/><D24/><U1/><E1/><V35/><F120/><W0/><G0/><T113/><D113/><U25/><E66/><V109/><F109/><W16/><REACH who="3" step="1"/><G47/><REACH who="3" ten="337,143,235,275" step="2"/><T39/><D119/><U96/><E73/><V107/><F107/><W46/><G46/><T57/><D117/><U29/><E118/><V79/><F34/><W87/><G87/><T61/><D59/><U71/><E71/><V114/><F35/><W62/><G62/><T8/><D8/><U13/><E29/><V48/><F114/><W115/><G115/><T98/><D98/><U128/><E128/><V22/><F22/><W20/><G20/><T111/><D111/><U45/><E45/><V72/><F72/><W31/><G31/><T82/><D82/><AGARI ba="0,1" hai="16,18,52,58,60,63,65,68,80,81,82,83,84,90" machi="82" ten="40,7700,0" yaku="1,1,54,2,53,0" doraHai="112" doraHaiUra="10" who="3" fromWho="0" sc="337,-77,143,0,235,0,275,87" owari="260,6.0,143,-35.7,235,-16.5,362,46.2" /></mjloggm>