<mjloggm ver="2.3"><GO type="225" lobby="0"/><UN n0="%33%74%72%65%65" n1="%E3%80%93%E3%81%97%E3%83%BC%E3%82%89%E3%80%93" n2="%77%72%77%72%77%72%77%72" n3="%E3%81%8C%E3%81%9F" dan="16,16,17,16" rate="2106.24,2166.86,2227.73,2114.52" sx="F,M,M,M"/><TAIKYOKU oya="0"/><INIT seed="0,0,0,2,5,50" ten="250,250,250,250" oya="0" hai0="22,112,2,52,102,66,32,118,62,3,15,18,59" hai1="60,79,110,13,98,113,119,29,11,78,129,121,10" hai2="20,51,91,117,109,106,71,21,81,125,73,92,116" hai3="87,23,16,130,97,69,43,86,72,61,38,31,77"/><T123/><D112/><U0/><E113/><V94/><F71/><W126/><G130/><T95/><D118/><N who="2" m="45674" /><F109/><W57/><G69/><T108/><D123/><U49/><E119/><V25/><F125/><W30/><G126/><T40/><D108/><U107/><E129/><V133/><F106/><W34/><G34/><T56/><D32/><U131/><E131/><V135/><F51/><W105/><G72/><T4/><D40/><U9/><E0/><V96/><F25/><W74/><G74/><T101/><D4/><U54/><E29/><V84/><F20/><W33/><G33/><T134/><D134/><N who="2" m="51210" /><F21/><W111/><G111/><T90/><D3/><U82/><E121/><V35/><F35/><W103/><G38/><T128/><D2/><U67/><E110/><V68/><F68/><W115/><G115/><T45/><D45/><U1/><E1/><V28/><F28/><W88/><G43/><T12/><D12/><U132/><E13/><V58/><F58/><W76/><G31/><T46/><D46/><U26/><E26/><V14/><F14/><W122/><G30/><T127/><D127/><U89/><E132/><V39/><F39/><W53/><G122/><T6/><D128/><U124/><E124/><V8/><F8/><W104/><G104/><T47/><D47/><N who="1" m="27967" /><E107/><V70/><F70/><W19/><G23/><T64/><D6/><U44/><E44/><V5/><F5/><W27/><G27/><T80/><D59/><U7/><E7/><V41/><F41/><W100/><G105/><T17/><D15/><U48/><E10/><V99/><F73/><RYUUKYOKU ba="0,0" sc="250,-10,250,-10,250,30,250,-10" hai2="81,84,91,92,94,96,99" /><INIT seed="1,1,0,2,1,117" ten="240,240,280,240" oya="1" hai0="97,69,83,101,14,54,108,5,94,30,98,66,64" hai1="118,96,45,21,0,122,91,131,2,90,58,51,40" hai2="72,6,100,121,126,67,87,35,81,1,56,32,57" hai3="48,114,24,25,127,11,77,15,17,85,53,50,22"/><U80/><E118/><V31/><F121/><W36/><G36/><T38/><D108/><U109/><E109/><V28/><F72/><W19/><G127/><T9/><D38/><U33/><E33/><V112/><F126/><W71/><G71/><T60/><D30/><U37/><E122/><V105/><F112/><W106/><G106/><T133/><D133/><U74/><E131/><V76/><F1/><W129/><G129/><T55/><D66/><U10/><E0/><V16/><F6/><W113/><G24/><T104/><REACH who="0" step="1"/><D83/><REACH who="0" ten="230,240,280,240" step="2"/><U89/><E37/><V70/><F31/><W119/><G119/><T42/><D42/><U102/><E80/><V110/><F28/><W107/><G107/><T120/><D120/><U123/><E123/><V103/><F67/><W99/><G113/><T130/><D130/><U84/><E40/><V13/><F105/><W93/><G114/><T18/><D18/><U128/><E128/><V63/><F110/><W78/><G53/><T95/><D95/><U75/><E96/><V20/><F32/><W52/><G52/><T134/><D134/><U79/><E75/><V41/><F41/><W111/><G111/><T115/><D115/><U86/><E74/><V73/><F73/><W59/><G99/><T135/><D135/><U65/><E65/><N who="2" m="41279" /><F35/><W47/><G93/><T62/><D62/><U46/><E86/><V68/><F68/><W26/><G85/><T27/><D27/><U29/><E84/><V88/><F76/><W124/><G25/><T3/><D3/><U116/><E2/><V7/><F7/><W23/><G26/><RYUUKYOKU ba="1,1" sc="230,15,240,-15,280,15,240,-15" hai0="5,9,14,54,55,60,64,69,94,97,98,101,104" hai2="13,16,20,56,57,81,87,88,100,103" /><INIT seed="2,2,1,1,0,128" ten="245,225,295,225" oya="2" hai0="28,66,22,20,47,82,88,5,70,7,29,18,34" hai1="14,114,33,37,130,81,48,126,36,96,30,10,39" hai2="27,59,61,11,131,86,105,40,19,54,132,85,46" hai3="100,111,135,38,119,25,110,31,112,127,49,56,75"/><V93/><F131/><W124/><G38/><T64/><D34/><U108/><E130/><V104/><F132/><W76/><G119/><T24/><D47/><U89/><E114/><V0/><F0/><W67/><G112/><T50/><D50/><U13/><E108/><N who="3" m="41514" /><G100/><T78/><D78/><U6/><E126/><V44/><F105/><W16/><G135/><T123/><D123/><U68/><E68/><V55/><F104/><W58/><G16/><N who="0" m="12295" /><D70/><U35/><E30/><N who="0" m="11881" /><D7/><U51/><E14/><N who="2" m="7647" /><F27/><W77/><G49/><T125/><D5/><U65/><E51/><V74/><F74/><W57/><G67/><T3/><D3/><U15/><E65/><V109/><F46/><W26/><G26/><N who="0" m="14679" /><D125/><N who="3" m="48201" /><G75/><T42/><D42/><U32/><E48/><V133/><F40/><W72/><G72/><T45/><D45/><U97/><E15/><V1/><F1/><W116/><G116/><T115/><D115/><U43/><E43/><V17/><F44/><W90/><G90/><T63/><D63/><U122/><E122/><V80/><F61/><W120/><G120/><T94/><D64/><U107/><E107/><V83/><F109/><W99/><G99/><N who="0" m="57799" /><D66/><U84/><AGARI ba="2,1" hai="6,10,13,32,33,35,36,37,39,81,84,89,96,97" machi="84" ten="40,1500,0" yaku="0,1" doraHai="128" who="1" fromWho="1" sc="245,-6,225,31,295,-9,225,-6" /><INIT seed="3,0,0,0,4,33" ten="239,256,286,219" oya="3" hai0="12,127,112,135,86,117,1,51,39,3,70,129,82" hai1="8,6,88,106,11,62,128,64,34,26,9,121,53" hai2="13,61,113,125,67,66,107,74,115,132,23,68,122" hai3="48,80,95,84,73,81,54,55,49,91,35,65,17"/><W72/><G35/><T18/><D117/><U119/><E119/><V21/><F74/><W63/><G73/><T37/><D39/><U46/><E106/><V59/><F107/><W78/><G17/><T22/><D37/><U4/><E121/><V118/><F118/><W31/><G31/><T116/><D116/><U85/><E128/><V130/><F130/><W126/><G126/><T101/><D129/><U50/><E26/><V79/><F79/><W0/><G0/><T76/><D127/><U30/><E30/><V83/><F83/><W92/><G49/><T24/><D70/><U96/><E96/><V105/><F105/><W43/><G43/><T124/><D124/><U41/><E53/><V19/><F125/><W87/><G72/><T114/><D101/><U108/><E108/><V109/><F109/><W29/><G29/><N who="0" m="17559" /><D51/><U102/><E102/><V58/><F132/><W98/><G48/><T25/><D25/><U52/><E41/><V69/><F122/><W93/><REACH who="3" step="1"/><G98/><REACH who="3" ten="239,256,286,209" step="2"/><T60/><D135/><U56/><E34/><V134/><F19/><W120/><G120/><T131/><D131/><U133/><E133/><V97/><F97/><W57/><AGARI ba="0,1" hai="54,55,57,63,65,78,80,81,84,87,91,92,93,95" machi="57" ten="30,6000,0" yaku="1,1,0,1,8,1,53,0" doraHai="33" doraHaiUra="28" who="3" fromWho="3" sc="239,-20,256,-20,286,-20,209,70" /><INIT seed="3,1,0,2,5,116" ten="219,236,266,279" oya="3" hai0="100,27,93,76,63,84,22,52,5,37,102,1,132" hai1="70,131,90,83,11,89,32,33,135,127,106,34,23" hai2="2,35,118,134,113,18,25,75,24,82,15,72,54" hai3="71,19,92,73,112,123,67,65,42,96,104,10,86"/><W6/><G123/><T60/><D37/><U50/><E106/><V51/><F118/><W7/><G112/><T3/><D132/><U133/><E70/><V125/><F113/><W21/><G73/><T80/><D3/><U53/><E127/><V121/><F2/><W87/><G104/><T41/><D41/><U126/><E126/><V129/><F125/><W110/><G42/><T119/><D119/><U16/><E11/><V9/><F134/><N who="1" m="51209" /><E83/><V101/><F129/><W47/><G47/><T66/><D5/><N who="3" m="1545" /><G10/><T20/><D1/><U14/><E131/><V62/><F75/><W64/><G71/><T61/><D66/><U114/><E114/><V30/><F72/><W28/><G28/><N who="0" m="17511" /><D22/><U91/><E34/><V69/><F35/><W124/><G110/><T57/><D93/><U120/><E120/><V17/><F121/><W59/><G59/><AGARI ba="1,0" hai="14,16,23,32,33,50,53,59,89,90,91" m="51209" machi="59" ten="30,2000,0" yaku="20,1,54,1" doraHai="116" who="1" fromWho="3" sc="219,0,236,23,266,0,279,-23" /><INIT seed="4,0,0,3,0,60" ten="219,259,266,256" oya="0" hai0="82,101,3,57,16,134,23,17,126,100,111,8,6" hai1="96,26,66,54,63,125,64,5,76,116,72,39,78" hai2="33,133,11,88,131,115,94,95,113,107,128,74,21" hai3="110,121,118,52,34,0,47,98,73,97,32,14,87"/><T10/><D134/><U28/><E39/><V71/><F33/><W56/><G110/><T24/><D111/><U12/><E116/><V35/><F35/><W86/><G118/><T46/><D126/><U38/><E38/><V30/><F107/><W50/><G0/><T53/><D46/><U123/><E123/><V45/><F74/><W91/><G73/><T85/><D10/><N who="1" m="4175" /><E72/><V70/><F11/><W79/><G121/><T1/><D1/><U19/><E28/><V114/><F45/><W92/><G14/><T27/><D17/><U58/><E96/><N who="3" m="36970" /><G32/><T4/><D4/><U9/><E125/><V120/><F133/><W109/><G34/><T84/><D27/><U80/><E9/><V83/><F120/><W67/><G109/><T132/><D132/><U20/><E80/><V42/><F71/><W105/><G105/><T68/><D68/><U103/><E103/><V18/><F30/><W108/><G108/><T40/><D40/><U2/><E2/><V117/><F42/><W77/><G87/><T36/><D36/><U90/><E90/><V127/><F70/><W135/><G135/><T99/><D82/><U130/><E130/><N who="2" m="49707" /><F127/><W22/><G22/><T106/><REACH who="0" step="1"/><D101/><REACH who="0" ten="209,259,266,256" step="2"/><U49/><E26/><N who="2" m="14647" /><F117/><W13/><G13/><T89/><D89/><U61/><E19/><V15/><F15/><W31/><G31/><T65/><D65/><N who="1" m="25195" /><E20/><V59/><F59/><W29/><G29/><T75/><D75/><U93/><E93/><V69/><F69/><W51/><G67/><T81/><D81/><U7/><E7/><V119/><F119/><W124/><G124/><RYUUKYOKU ba="0,1" sc="209,0,259,0,266,0,256,0" hai0="3,6,8,16,23,24,53,57,84,85,99,100,106" hai1="49,54,58,61,63,76,78" hai2="83,88,94,95,113,114,115" hai3="47,50,51,52,56,77,79,86,91,92" /><INIT seed="4,1,1,1,0,107" ten="209,259,266,256" oya="0" hai0="93,74,126,56,24,59,97,34,109,43,73,90,84" hai1="100,44,51,72,115,77,15,78,16,132,103,2,120" hai2="112,119,22,5,61,1,27,21,116,64,121,28,124" hai3="128,129,63,4,58,52,81,71,38,42,54,57,39"/><T117/><D117/><N who="2" m="45130" /><F121/><W113/><G4/><T111/><D43/><N who="1" m="24991" /><E72/><N who="0" m="27753" /><D84/><U82/><E2/><V88/><F112/><W65/><G81/><T45/><D45/><U122/><E122/><V50/><F50/><N who="3" m="30871" /><G113/><T76/><D76/><N who="1" m="29291" /><E115/><V13/><F88/><W10/><G10/><T101/><D90/><U127/><E132/><V130/><F130/><N who="3" m="50283" /><G42/><T11/><D11/><N who="1" m="6271" /><E127/><V134/><F124/><W67/><G67/><T48/><D126/><U26/><E120/><V133/><F1/><W89/><G89/><T110/><D48/><AGARI ba="1,1" hai="38,39,48,54,58,63,65,71" m="50283,30871" machi="48" ten="30,7700,0" yaku="19,1,34,2,54,1" doraHai="107" who="3" fromWho="0" sc="209,-80,259,0,266,0,256,90" owari="129,-37.1,259,-14.1,266,6.6,346,44.6" /></mjloggm>