<mjloggm ver="2.3"><GO type="225" lobby="0"/><UN n0="%E7%A6%8F%E5%8E%9F%E9%81%A5%E3%81%A8%E7%B5%90%E5%A9%9A%E3%81%99%E3%82%8B" n1="%72%61%6B%33" n2="%E5%82%8D%E8%8B%A5%E7%84%A1%E4%BA%BA%35%31" n3="%E5%8D%A0%E3%81%84%E5%B8%AB%E8%A3%8F%E3%81%AA%E3%81%84%E3%81%97" dan="17,17,16,17" rate="2145.78,2203.28,2090.81,2172.79" sx="M,M,M,M"/><TAIKYOKU oya="0"/><INIT seed="0,0,0,0,2,100" ten="250,250,250,250" oya="0" hai0="36,15,79,12,52,8,107,3,39,7,0,108,121" hai1="61,85,86,91,117,76,9,120,88,17,92,42,67" hai2="37,82,27,58,110,89,93,90,57,114,74,53,43" hai3="78,116,30,2,6,109,19,59,96,14,54,13,69"/><T35/><D121/><U55/><E120/><V68/><F68/><W104/><G116/><T122/><D122/><U23/><E117/><V102/><F110/><W75/><G69/><T1/><D35/><U40/><E9/><V119/><F114/><W129/><G129/><T101/><D108/><U111/><E76/><V123/><F58/><W41/><G2/><T64/><D64/><U22/><E55/><V97/><F119/><W5/><G41/><T29/><D29/><U50/><E111/><V21/><F37/><W4/><G30/><T125/><D79/><U62/><E50/><V132/><F43/><W103/><G109/><T32/><D32/><U33/><E33/><V44/><F44/><W48/><REACH who="3" step="1"/><G19/><REACH who="3" ten="250,250,250,240" step="2"/><T65/><D0/><U131/><E131/><V47/><F123/><W81/><AGARI ba="0,1" hai="4,5,6,13,14,48,54,59,75,78,81,96,103,104" machi="81" ten="30,7900,0" yaku="1,1,2,1,0,1,52,1,53,0" doraHai="100" doraHaiUra="128" who="3" fromWho="3" sc="250,-39,250,-20,250,-20,240,89" /><INIT seed="1,0,0,1,2,51" ten="211,230,230,329" oya="1" hai0="119,42,127,134,83,56,1,40,36,93,35,130,52" hai1="71,72,114,30,6,38,108,55,18,16,79,69,28" hai2="99,8,109,31,85,57,4,3,97,92,129,102,82" hai3="112,12,91,26,88,118,94,121,2,29,74,7,110"/><U111/><E38/><V24/><F129/><W27/><G121/><T59/><D1/><U15/><E6/><V103/><F109/><N who="1" m="42057" /><E114/><V50/><F50/><W80/><G2/><T23/><D35/><U113/><E113/><V133/><F133/><W67/><G112/><T95/><D130/><U116/><E116/><V132/><F132/><W128/><G128/><T60/><D119/><U81/><E18/><V21/><F57/><W70/><G70/><N who="1" m="26634" /><E55/><V58/><F58/><W125/><G118/><T44/><D134/><U68/><N who="1" m="26642" /><U19/><DORA hai="34" /><E19/><V0/><F8/><AGARI ba="0,0" hai="8,15,16,28,30,72,79,81" m="26642,42057" machi="8" ten="40,7700,0" yaku="14,1,10,1,54,1" doraHai="51,34" who="1" fromWho="2" sc="211,0,230,77,230,-77,329,0" /><INIT seed="1,1,0,5,1,11" ten="211,307,153,329" oya="1" hai0="97,40,60,125,12,0,49,6,121,29,123,62,26" hai1="94,99,21,89,44,32,116,16,22,120,110,52,19" hai2="74,30,119,112,65,33,63,79,42,100,51,92,61" hai3="58,72,135,36,111,2,90,134,7,57,14,37,80"/><U50/><E32/><V3/><F3/><W102/><G2/><T27/><D0/><U45/><E116/><V28/><F119/><W104/><G111/><T85/><D125/><U70/><E120/><N who="0" m="46153" /><D97/><U41/><E70/><V131/><F131/><W68/><G68/><T113/><D113/><U17/><REACH who="1" step="1"/><E110/><REACH who="1" ten="211,297,153,329" step="2"/><V64/><F33/><W109/><G109/><T38/><D38/><AGARI ba="1,1" hai="16,17,19,21,22,38,41,44,45,50,52,89,94,99" machi="38" ten="40,18000,2" yaku="1,1,2,1,54,2,53,3" doraHai="11" doraHaiUra="15" who="1" fromWho="0" sc="211,-183,297,193,153,0,329,0" /><INIT seed="1,2,0,3,3,78" ten="28,490,153,329" oya="1" hai0="75,118,43,57,17,53,125,44,107,92,18,38,29" hai1="33,30,77,10,15,100,120,51,21,66,55,34,1" hai2="121,87,112,56,102,61,45,84,69,129,3,35,50" hai3="52,132,109,88,124,126,31,73,20,39,131,99,9"/><U11/><E120/><V5/><F35/><W16/><G109/><T90/><D107/><U59/><E100/><V62/><F69/><W4/><G39/><T68/><D118/><U36/><E36/><V23/><F112/><W63/><G73/><T105/><D105/><U25/><E66/><V123/><F129/><W98/><G31/><T128/><D128/><U54/><E1/><V80/><F102/><W133/><G131/><T114/><D114/><U91/><E11/><V81/><F23/><W95/><G99/><T46/><D125/><N who="3" m="48233" /><G9/><T111/><D111/><U74/><E91/><V48/><F5/><W64/><G4/><T70/><D29/><U89/><E89/><V113/><F113/><W96/><G96/><T2/><D2/><U40/><E40/><V115/><F115/><W101/><G101/><T127/><D75/><U32/><E55/><N who="2" m="31847" /><F3/><W19/><G64/><T71/><D46/><U7/><E34/><V37/><F37/><W85/><G85/><N who="2" m="32841" /><F123/><W27/><G19/><T67/><D127/><U93/><E93/><V8/><F8/><W119/><G119/><T82/><D67/><U26/><E74/><V97/><F97/><W135/><G135/><T86/><REACH who="0" step="1"/><D92/><REACH who="0" ten="18,490,153,329" step="2"/><U60/><E30/><V103/><F121/><W24/><G133/><T12/><D12/><U117/><E15/><V6/><F45/><W47/><G132/><T65/><D65/><U110/><E110/><V108/><F108/><W122/><G122/><T72/><D72/><U49/><E117/><V42/><F6/><W76/><G47/><T0/><D0/><U106/><E7/><RYUUKYOKU ba="2,1" sc="18,30,490,-10,153,-10,329,-10" hai0="17,18,38,43,44,53,57,68,70,71,82,86,90" /><INIT seed="2,3,1,2,5,14" ten="48,480,143,319" oya="2" hai0="3,15,42,83,45,104,109,9,116,29,8,74,1" hai1="79,67,52,123,6,34,86,54,70,87,119,95,132" hai2="96,88,32,92,50,39,102,38,108,33,53,82,66" hai3="26,94,51,122,49,59,55,0,73,134,46,113,21"/><V124/><F124/><W128/><G122/><T36/><D104/><U10/><E119/><V43/><F66/><W13/><G0/><T63/><D116/><U77/><E34/><V126/><F126/><W85/><G73/><T44/><D109/><U127/><E127/><V105/><F43/><W57/><G128/><T99/><D29/><U47/><E132/><V107/><F108/><W17/><G134/><T90/><D63/><U22/><E123/><V19/><F82/><W12/><G113/><T24/><D24/><U84/><E95/><V110/><F107/><W5/><G5/><T120/><D45/><U7/><E70/><V28/><F33/><W60/><G85/><T4/><D120/><U78/><E67/><V98/><F110/><W93/><G93/><T101/><D9/><U125/><E125/><V31/><F32/><W37/><G37/><T121/><D121/><U75/><E75/><V103/><F103/><W72/><G72/><T64/><D64/><U56/><E10/><V69/><F69/><W62/><G94/><T30/><D30/><U129/><E129/><V111/><F31/><W114/><G114/><T117/><D117/><U25/><E47/><N who="2" m="27871" /><F28/><W11/><G57/><T65/><D65/><U48/><E54/><V20/><F111/><W58/><G58/><T112/><D112/><U23/><E23/><V118/><F118/><W40/><G11/><T89/><D74/><U41/><E41/><V18/><F20/><W91/><G91/><N who="0" m="34827" /><D83/><U35/><E35/><V61/><F61/><AGARI ba="3,1" hai="12,13,17,21,26,40,46,49,51,55,59,60,61,62" machi="61" ten="40,2600,0" yaku="8,1,52,1" doraHai="14" who="3" fromWho="2" sc="48,0,480,0,143,-35,319,45" /><INIT seed="3,0,0,0,4,24" ten="48,480,108,364" oya="3" hai0="39,17,40,44,5,47,27,109,15,23,108,61,52" hai1="87,10,43,77,29,127,125,79,106,101,114,38,121" hai2="8,62,31,69,42,32,113,95,75,49,92,80,128" hai3="37,82,116,25,70,66,60,123,134,78,3,110,117"/><W94/><G123/><T76/><D76/><U67/><E121/><V73/><F8/><W100/><G134/><T63/><D5/><U132/><E114/><V88/><F113/><W51/><G37/><T115/><D115/><U83/><E132/><V19/><F128/><W22/><G3/><T2/><D2/><U98/><E67/><V131/><F19/><W20/><G20/><T85/><D85/><U130/><E130/><V102/><F49/><W120/><G120/><T71/><D71/><U41/><E38/><V14/><F14/><W103/><G110/><T104/><D104/><U122/><E122/><V89/><F42/><W33/><G33/><T111/><REACH who="0" step="1"/><D15/><REACH who="0" ten="38,480,108,364" step="2"/><U74/><E77/><V84/><F69/><W81/><G81/><T53/><D53/><U133/><E133/><V13/><F13/><W50/><G116/><T12/><D12/><U28/><E74/><V35/><F73/><N who="3" m="43343" /><G117/><T126/><D126/><N who="1" m="48139" /><E10/><V1/><F75/><W68/><G68/><T56/><D56/><U59/><E59/><V129/><F80/><W55/><G94/><T64/><D64/><U86/><E86/><V105/><F84/><W135/><G135/><T16/><D16/><U118/><E118/><V99/><F129/><W90/><G90/><T97/><D97/><U9/><E9/><V7/><F131/><W11/><G11/><T54/><D54/><U0/><E0/><V34/><F1/><W21/><G51/><AGARI ba="0,1" hai="17,23,27,39,40,44,47,51,52,61,63,108,109,111" machi="51" ten="40,8000,1" yaku="1,1,14,1,54,1,53,2" doraHai="24" doraHaiUra="58" who="0" fromWho="3" sc="38,90,480,0,108,0,364,-80" owari="128,-27.2,480,58.0,108,-39.2,284,8.4" /></mjloggm>