<mjloggm ver="2.3"><GO type="225" lobby="0"/><UN n0="%67%61%79%75%6E%79" n1="%E6%97%A5%E6%9B%9C%E6%97%A5%E3%82%88%E3%82%8A%E3%81%AE%E4%BD%BF%E8%80%85" n2="%E5%80%89%E6%A9%8B%EF%BC%A0%E4%BA%8B%E5%8B%99" n3="%E9%89%A2%E5%B7%BB%E3%82%AC%E3%83%96" dan="16,18,16,16" rate="2127.84,2181.27,2089.09,2139.97" sx="M,M,M,M"/><TAIKYOKU oya="0"/><INIT seed="0,0,0,0,4,81" ten="250,250,250,250" oya="0" hai0="57,126,130,18,12,96,30,13,42,35,135,20,75" hai1="44,124,87,120,108,97,65,113,22,107,31,119,112" hai2="6,32,134,23,115,33,7,55,132,82,64,52,26" hai3="49,67,133,79,0,54,48,110,59,29,93,41,121"/><T21/><D75/><U109/><E65/><V56/><F82/><W5/><G110/><N who="1" m="42602" /><E44/><V125/><F64/><W99/><G133/><N who="2" m="51305" /><F115/><N who="1" m="44105" /><E31/><N who="2" m="17887" /><F125/><W4/><G29/><T36/><D126/><U117/><E22/><V28/><F55/><W129/><G0/><T77/><D135/><U86/><E124/><V34/><F28/><W51/><G67/><T69/><D69/><U102/><E120/><V38/><F38/><W15/><G121/><T95/><D130/><U83/><E83/><V19/><F19/><W84/><G129/><T80/><D30/><U66/><E66/><V14/><F14/><W27/><G15/><T114/><D13/><U104/><E104/><V45/><F45/><W40/><G54/><T128/><D12/><U60/><E60/><AGARI ba="0,0" hai="6,7,32,33,34,52,56,60" m="17887,51305" machi="60" ten="40,2600,0" yaku="20,1,54,1" doraHai="81" who="2" fromWho="1" sc="250,0,250,-26,250,26,250,0" /><INIT seed="1,0,0,3,5,121" ten="250,224,276,250" oya="1" hai0="12,100,123,51,112,64,72,54,49,42,90,87,41" hai1="19,56,97,115,6,88,20,93,80,83,28,26,116" hai2="117,9,129,126,68,46,67,77,73,40,110,15,23" hai3="59,101,7,113,5,29,85,114,13,44,10,66,109"/><U111/><E115/><V125/><F117/><W2/><G101/><T132/><D72/><U24/><E116/><V1/><F23/><W31/><G66/><T65/><D112/><U103/><E111/><V127/><F129/><W52/><G44/><T91/><D100/><U61/><E6/><N who="2" m="1231" /><F15/><W8/><G109/><T86/><D132/><U33/><REACH who="1" step="1"/><E103/><REACH who="1" ten="250,214,276,250" step="2"/><V57/><F110/><W70/><G114/><T81/><D123/><U34/><E34/><V3/><F126/><W102/><G102/><T107/><D107/><U135/><E135/><V14/><F125/><W122/><G113/><T0/><D0/><U21/><E21/><V25/><F3/><W84/><G122/><T32/><D32/><U47/><E47/><V53/><F46/><W134/><G134/><T18/><D42/><U63/><E63/><V30/><F40/><W130/><G2/><T4/><D41/><U89/><E89/><V50/><F127/><W35/><G35/><T108/><D4/><U75/><E75/><V43/><F73/><W48/><G5/><T119/><D108/><U79/><E79/><V39/><F77/><W16/><G7/><T36/><D119/><U92/><E92/><V55/><F43/><W78/><G78/><T124/><D124/><U71/><E71/><V106/><F68/><W76/><G70/><T62/><D62/><U99/><E99/><V27/><F106/><W45/><G76/><T118/><D118/><U104/><E104/><V96/><F96/><W22/><G45/><T74/><D74/><U37/><E37/><V105/><F39/><W58/><G22/><RYUUKYOKU ba="0,1" sc="250,-10,214,30,276,-10,250,-10" hai1="19,20,24,26,28,33,56,61,80,83,88,93,97" /><INIT seed="1,1,1,2,1,126" ten="240,244,266,240" oya="1" hai0="82,20,107,116,83,2,72,13,111,28,31,54,62" hai1="115,95,78,3,0,124,61,75,99,103,74,128,34" hai2="36,44,24,112,110,67,97,41,27,91,73,118,39" hai3="29,25,90,37,123,64,52,40,47,15,105,55,85"/><U45/><E115/><V46/><F118/><W96/><G123/><T81/><D116/><U104/><E34/><V86/><F73/><W106/><G64/><T66/><D2/><U23/><E124/><V120/><F120/><W135/><G135/><T70/><D107/><U51/><E128/><V121/><F121/><W53/><G15/><T57/><D72/><U68/><E23/><V100/><F112/><W50/><G37/><T93/><D111/><U14/><E14/><V7/><F67/><W10/><G10/><T19/><REACH who="0" step="1"/><D93/><REACH who="0" ten="230,244,266,240" step="2"/><U12/><E104/><V56/><F110/><W17/><G105/><T101/><D101/><U77/><E75/><V16/><F100/><W48/><G106/><T59/><D59/><U130/><E74/><V9/><F56/><W127/><G127/><T32/><D32/><U122/><E0/><V11/><F39/><W65/><G47/><T102/><D102/><U5/><E3/><V30/><F44/><W76/><G50/><AGARI ba="1,2" hai="13,19,20,28,31,50,54,57,62,66,70,81,82,83" machi="50" ten="40,1300,0" yaku="1,1,53,0" doraHai="126" doraHaiUra="114" who="0" fromWho="3" sc="230,36,244,0,266,0,240,-16" /><INIT seed="2,0,0,1,5,81" ten="266,244,266,224" oya="2" hai0="51,49,26,33,97,114,6,5,96,19,24,123,90" hai1="62,84,131,2,18,3,36,47,27,120,29,95,118" hai2="31,68,70,134,16,12,35,57,8,77,79,91,111" hai3="63,88,46,108,101,66,125,59,80,55,0,65,20"/><V22/><F35/><W69/><G108/><T99/><D123/><U14/><E118/><V72/><F134/><W42/><G125/><T40/><D114/><U98/><E120/><V75/><F111/><W122/><G122/><T119/><D119/><U107/><E107/><V25/><F57/><W104/><G0/><T48/><D33/><U76/><E62/><V52/><F91/><W71/><G104/><T102/><D102/><U73/><E73/><V115/><F115/><W28/><G101/><T135/><D135/><U83/><E131/><V38/><F38/><W11/><G11/><T41/><D90/><U30/><E36/><V128/><F128/><W44/><G71/><T124/><D124/><U1/><E47/><N who="3" m="17962" /><G42/><N who="0" m="16491" /><D19/><U93/><E27/><AGARI ba="0,0" hai="5,6,24,26,27,48,49,51,96,97,99" m="16491" machi="27" ten="40,5200,0" yaku="28,2,8,1" doraHai="81" who="0" fromWho="1" sc="266,52,244,-52,266,0,224,0" /><INIT seed="3,0,0,4,5,122" ten="318,192,266,224" oya="3" hai0="81,40,115,21,12,70,28,4,112,121,75,99,18" hai1="84,63,7,60,6,76,56,123,52,80,68,46,1" hai2="126,65,125,72,59,79,71,62,2,134,87,104,35" hai3="50,91,132,51,74,9,57,89,86,96,105,102,48"/><W49/><G132/><T98/><D121/><U27/><E123/><V109/><F72/><W41/><G74/><T23/><D70/><U66/><E1/><V55/><F104/><W119/><G119/><T30/><D40/><U82/><E46/><V111/><F2/><W108/><G41/><T3/><D3/><U11/><E11/><V16/><F35/><W36/><G36/><T100/><D4/><U131/><E131/><V61/><F134/><W10/><G108/><N who="2" m="41545" /><F16/><W31/><G31/><N who="0" m="11819" /><D100/><U29/><REACH who="1" step="1"/><E82/><AGARI ba="0,0" hai="55,59,61,62,65,71,79,82,87,125,126" m="41545" machi="82" ten="30,7700,0" yaku="14,1,52,3" doraHai="122" who="2" fromWho="1" sc="318,0,192,-77,266,77,224,0" owari="318,11.8,115,-38.5,343,44.3,224,-17.6" /></mjloggm>