<mjloggm ver="2.3"><GO type="225" lobby="0"/><UN n0="%79%75%72%69%6D%6F%67" n1="%E3%81%9F%E3%81%8B%E3%80%82" n2="%33%74%72%65%65" n3="%E3%81%95%E3%81%8D%E3%81%9F%E3%81%BE%E6%9E%97%E6%AA%8E" dan="16,16,16,16" rate="2167.67,2073.76,2112.53,2063.34" sx="F,M,F,M"/><TAIKYOKU oya="0"/><INIT seed="0,0,0,2,5,62" ten="250,250,250,250" oya="0" hai0="135,35,53,101,28,103,46,64,71,120,58,111,106" hai1="86,36,14,117,61,60,25,52,95,100,108,113,88" hai2="70,27,82,87,7,57,98,96,109,12,47,54,80" hai3="74,59,65,50,21,76,20,45,66,131,116,63,48"/><T129/><D120/><U49/><E117/><V15/><F70/><W94/><G116/><T18/><D135/><U26/><E113/><V22/><F109/><W123/><G123/><T112/><D112/><U4/><E36/><V118/><F47/><W44/><G131/><T85/><D106/><U89/><E89/><N who="2" m="51431" /><F82/><W13/><G74/><T69/><D129/><U10/><E100/><V126/><F126/><W67/><G76/><T5/><D71/><U0/><E0/><V124/><F124/><W93/><G63/><N who="1" m="24138" /><E108/><V125/><F125/><W122/><G122/><T121/><D64/><U3/><E3/><V33/><F33/><W84/><G84/><T133/><D69/><U19/><E4/><V2/><F2/><W119/><G119/><T107/><D5/><U6/><E6/><V68/><F68/><W8/><G8/><T128/><D107/><U32/><E32/><V77/><F77/><W34/><G34/><T55/><D35/><U41/><E41/><V134/><F134/><W81/><G81/><T38/><D38/><U115/><E115/><V105/><F105/><W83/><G83/><T92/><D103/><U43/><E43/><V17/><F7/><W104/><G104/><T56/><D111/><U114/><E114/><V127/><F118/><W31/><G67/><T39/><D101/><U29/><E29/><V24/><F127/><W73/><G73/><T99/><D121/><U37/><E37/><V102/><F102/><W130/><G31/><T11/><D39/><U16/><E19/><V51/><F12/><W1/><G13/><T75/><D128/><RYUUKYOKU ba="0,0" sc="250,-15,250,15,250,15,250,-15" hai1="10,14,16,25,26,49,52,86,88,95" hai2="15,17,22,24,27,51,54,57,96,98" /><INIT seed="1,1,0,3,0,114" ten="235,265,265,235" oya="1" hai0="129,60,122,99,69,76,49,44,78,57,118,48,71" hai1="51,135,22,45,7,3,110,91,72,88,2,53,92" hai2="100,37,128,94,104,17,125,61,21,8,132,95,77" hai3="112,131,56,20,85,0,86,46,66,32,101,133,67"/><U108/><E72/><V130/><F125/><W117/><G112/><T31/><D118/><U25/><E135/><V90/><F37/><W87/><G0/><T93/><D129/><U126/><E126/><V113/><F113/><W19/><G133/><T121/><D31/><U43/><E43/><V62/><F132/><W11/><G131/><N who="2" m="50217" /><F77/><N who="0" m="29802" /><D69/><U116/><E116/><V68/><F8/><W55/><G32/><T16/><D71/><U4/><E4/><V102/><F104/><W109/><G117/><T50/><D44/><U74/><E74/><V83/><F83/><W82/><G46/><T107/><D107/><U97/><E91/><V18/><F18/><W79/><G109/><N who="1" m="42090" /><E7/><V73/><F73/><W103/><G11/><T6/><D6/><U28/><AGARI ba="1,0" hai="2,3,22,25,28,45,51,53,88,92,97" m="42090" machi="28" ten="30,6000,0" yaku="14,1,10,1,54,1" doraHai="114" who="1" fromWho="1" sc="235,-21,265,63,265,-21,235,-21" /><INIT seed="1,2,0,3,5,106" ten="214,328,244,214" oya="1" hai0="26,73,51,53,96,68,109,41,16,117,66,31,81" hai1="10,2,103,77,104,4,86,14,44,57,47,91,111" hai2="23,115,19,126,42,21,32,46,79,100,35,17,74" hai3="129,60,52,9,38,27,70,135,87,118,108,45,65"/><U58/><E2/><V49/><F126/><W105/><G105/><T56/><D109/><U127/><E127/><V99/><F115/><W89/><G108/><T107/><D117/><U6/><E77/><V5/><F5/><W82/><G118/><T122/><D122/><U113/><E113/><V29/><F29/><W34/><G135/><T112/><D112/><U13/><E104/><V75/><F23/><W59/><G129/><T78/><D41/><U69/><E103/><V18/><F21/><W102/><G102/><T116/><D116/><U131/><E69/><V3/><F3/><W94/><G9/><T101/><D66/><U7/><E131/><V63/><F63/><W93/><G27/><T20/><REACH who="0" step="1"/><D68/><REACH who="0" ten="204,328,244,214" step="2"/><U15/><E111/><V98/><F79/><W40/><REACH who="3" step="1"/><G34/><REACH who="3" ten="204,328,244,204" step="2"/><T83/><D83/><N who="1" m="49631" /><E10/><V48/><F32/><W84/><G84/><T55/><D55/><U80/><E80/><V22/><F35/><W1/><G1/><T61/><D61/><AGARI ba="2,2" hai="38,40,45,52,59,60,61,65,70,82,87,89,93,94" machi="61" ten="30,7700,0" yaku="1,1,7,1,54,1,53,1" doraHai="106" doraHaiUra="76" who="3" fromWho="0" sc="204,-83,328,0,244,0,204,103" /><INIT seed="2,0,0,1,5,58" ten="121,328,244,307" oya="2" hai0="65,113,45,53,74,86,66,4,7,130,99,129,100" hai1="111,84,120,11,49,20,78,87,98,33,108,50,118" hai2="107,28,6,26,52,104,39,56,68,0,109,73,29" hai3="70,127,60,21,82,5,79,47,96,15,8,123,35"/><V62/><F109/><N who="1" m="42057" /><E33/><V69/><F39/><W80/><G127/><T61/><D74/><U38/><E118/><V83/><F29/><W22/><G123/><T31/><D113/><U17/><E11/><V46/><F46/><W97/><G35/><T59/><D31/><U63/><E38/><V9/><F69/><W34/><G34/><T85/><D85/><N who="1" m="32843" /><E78/><V41/><F41/><W23/><G47/><T115/><D115/><U25/><E98/><N who="3" m="37994" /><G70/><T44/><D44/><U48/><E120/><V103/><F103/><W122/><G122/><T37/><D66/><U135/><E135/><V131/><F68/><W36/><G36/><T94/><D65/><U3/><E3/><V89/><F89/><W105/><G105/><T19/><D19/><U121/><E121/><V10/><F10/><W134/><G134/><T1/><D1/><U110/><E110/><V91/><F91/><W114/><G114/><T124/><D124/><U2/><E2/><V102/><F102/><W24/><G24/><T64/><D64/><U128/><E128/><V18/><F131/><W95/><G95/><T119/><D119/><U117/><E117/><V57/><F18/><W112/><G112/><T71/><D71/><U30/><E17/><V77/><F57/><W27/><G27/><T55/><D55/><U16/><E30/><V12/><F0/><W92/><G92/><T51/><D37/><U126/><E126/><V133/><F133/><W76/><G76/><T67/><REACH who="0" step="1"/><D86/><REACH who="0" ten="111,328,244,307" step="2"/><U116/><E116/><V13/><F73/><N who="3" m="43119" /><G82/><T132/><D132/><U90/><E16/><V125/><F125/><RYUUKYOKU ba="0,1" sc="111,15,328,-15,244,-15,307,15" hai0="4,7,45,51,53,59,61,67,94,99,100,129,130" hai3="5,8,15,21,22,23,60" /><INIT seed="3,1,1,1,0,123" ten="126,313,229,322" oya="3" hai0="11,98,57,21,9,104,40,37,29,92,96,22,67" hai1="134,51,129,131,106,122,100,23,70,69,72,135,47" hai2="12,90,31,45,89,80,20,121,130,53,33,107,17" hai3="127,13,108,75,4,49,99,39,35,68,101,88,41"/><W85/><G39/><T77/><D37/><U14/><E72/><V105/><F130/><N who="1" m="49673" /><E122/><V120/><F33/><W58/><G68/><N who="1" m="26218" /><E106/><V18/><F31/><W25/><G75/><T55/><D40/><N who="1" m="25063" /><E100/><V132/><F132/><W65/><G65/><T111/><D104/><U46/><E46/><V50/><F120/><W16/><G4/><T38/><D38/><U124/><E124/><V71/><F121/><W95/><G127/><T54/><D77/><U19/><AGARI ba="1,1" hai="14,19,23,134,135" m="25063,26218,49673" machi="19" ten="40,1500,0" yaku="19,1" doraHai="123" who="1" fromWho="1" sc="126,-5,313,28,229,-5,322,-8" owari="121,-37.9,341,44.1,224,-17.6,314,11.4" /></mjloggm>