<mjloggm ver="2.3"><GO type="225" lobby="0"/><UN n0="%E3%81%8B%E3%82%8F%E3%81%A1%E3%82%83%E3%82%93%35%38" n1="%E3%81%AA%E3%81%A1%30%39%32%37" n2="%E3%81%BF%E3%81%BF%E3%81%9A" n3="%72%69%6F%75%63%68%61%6E" dan="16,16,17,17" rate="2191.30,2068.42,2175.03,2259.97" sx="M,M,M,M"/><TAIKYOKU oya="0"/><INIT seed="0,0,0,3,2,20" ten="250,250,250,250" oya="0" hai0="49,98,28,126,117,54,82,58,85,63,52,3,10" hai1="41,75,62,48,110,105,100,128,65,44,108,66,88" hai2="39,99,89,93,67,6,70,121,37,124,118,55,127" hai3="42,135,29,97,45,131,0,27,19,23,43,40,35"/><T13/><D126/><N who="2" m="48170" /><F121/><W8/><G131/><T47/><D117/><U76/><E128/><V18/><F118/><W84/><G135/><T96/><D28/><U69/><E65/><V103/><F6/><W111/><G111/><T122/><D3/><U83/><REACH who="1" step="1"/><E88/><REACH who="1" ten="250,240,250,250" step="2"/><V68/><F67/><W64/><G64/><T116/><D116/><U9/><E9/><V78/><F78/><W7/><G97/><AGARI ba="0,1" hai="41,44,48,62,66,69,75,76,83,97,100,105,108,110" machi="97" ten="40,2600,0" yaku="1,1,53,1" doraHai="20" doraHaiUra="74" who="1" fromWho="3" sc="250,0,240,36,250,0,250,-26" /><INIT seed="1,0,0,2,3,2" ten="250,276,250,224" oya="1" hai0="52,77,9,34,55,103,119,7,63,118,18,120,20" hai1="97,99,68,70,91,41,115,16,57,33,67,83,114" hai2="21,122,69,13,59,4,26,124,90,71,81,88,28" hai3="17,87,35,25,74,85,95,73,121,6,107,54,40"/><U12/><E33/><V135/><F122/><W23/><G121/><T116/><D120/><U45/><E57/><V27/><F135/><W62/><G107/><T128/><D34/><U104/><E104/><V0/><F124/><W8/><G40/><T53/><D128/><U109/><E109/><V66/><F0/><W65/><G35/><T129/><D129/><U32/><E32/><V24/><F71/><W98/><G54/><T22/><D103/><U82/><E67/><V125/><F69/><W46/><G46/><T131/><D131/><U94/><E97/><V110/><F110/><W123/><G123/><T112/><D112/><U43/><E70/><V105/><F105/><W14/><G73/><T51/><D77/><U58/><E58/><V61/><F125/><W100/><REACH who="3" step="1"/><G74/><REACH who="3" ten="250,276,250,214" step="2"/><T89/><D63/><U42/><E45/><V113/><F113/><W75/><G75/><T111/><D111/><U15/><E115/><V29/><F29/><W64/><G64/><T86/><D51/><U96/><E114/><V127/><F127/><W36/><G36/><T133/><D133/><U30/><E41/><V37/><F37/><W79/><G79/><T80/><REACH who="0" step="1"/><D18/><REACH who="0" ten="240,276,250,214" step="2"/><U48/><E16/><V5/><F28/><W108/><G108/><T19/><D19/><U102/><E30/><V84/><F90/><W50/><G50/><T1/><AGARI ba="0,2" hai="1,7,9,20,22,52,53,55,80,86,89,116,118,119" machi="1" ten="40,8000,1" yaku="1,1,0,1,52,1,54,1,53,0" doraHai="2" doraHaiUra="60" who="0" fromWho="0" sc="240,100,276,-40,250,-20,214,-20" /><INIT seed="2,0,0,2,0,52" ten="340,236,230,194" oya="2" hai0="135,64,53,81,59,74,84,90,12,10,76,91,30" hai1="120,43,35,41,54,13,26,107,71,44,62,0,132" hai2="113,69,121,9,96,78,111,27,48,130,117,112,45" hai3="68,83,38,63,34,56,110,104,131,122,87,105,2"/><V15/><F117/><W23/><G131/><T99/><D135/><U119/><E0/><V66/><F121/><W85/><G122/><T20/><D64/><U1/><E1/><V24/><F130/><W123/><G123/><T128/><D128/><U97/><E120/><V129/><F129/><W126/><G126/><T95/><D20/><U21/><E132/><V98/><F78/><W67/><G34/><T118/><D30/><U75/><E75/><V25/><F111/><W60/><G110/><T33/><D33/><U116/><E54/><V14/><F69/><W100/><G2/><T102/><D74/><U6/><E6/><V124/><F124/><W31/><G38/><T28/><D28/><N who="1" m="19863" /><E13/><V29/><F29/><W114/><G114/><T134/><D118/><U40/><E21/><V50/><F66/><W79/><G100/><T37/><D37/><U86/><E86/><V3/><F3/><W133/><G133/><T106/><D106/><U72/><E44/><V55/><F15/><W93/><G93/><T89/><D134/><U51/><E51/><V92/><F50/><W58/><G87/><T17/><D76/><U88/><E72/><V77/><F77/><W115/><G115/><T109/><D109/><U65/><E88/><N who="2" m="55303" /><F98/><W4/><G4/><T46/><D46/><U16/><E16/><N who="2" m="8271" /><F113/><W94/><G94/><T80/><D84/><U7/><E7/><V18/><F112/><W39/><G39/><T103/><D103/><AGARI ba="0,0" hai="40,41,43,62,65,71,97,103,107,116,119" m="19863" machi="103" ten="30,1000,0" yaku="25,1" doraHai="52" who="1" fromWho="0" sc="340,-10,236,10,230,0,194,0" /><INIT seed="3,0,0,1,0,23" ten="330,246,230,194" oya="3" hai0="134,16,133,76,42,67,20,94,79,6,43,69,48" hai1="1,111,38,24,126,68,131,66,57,121,119,70,25" hai2="118,60,52,78,97,108,83,72,62,114,106,37,12" hai3="7,31,28,82,9,21,17,128,105,115,53,86,120"/><W15/><G115/><T0/><D0/><U13/><E1/><V8/><F114/><W2/><G120/><T113/><D6/><U84/><E121/><V55/><F118/><W91/><G128/><T74/><D113/><U99/><E38/><V123/><F37/><W98/><REACH who="3" step="1"/><G53/><REACH who="3" ten="330,246,230,184" step="2"/><T65/><D133/><U75/><E131/><V45/><F123/><W47/><G47/><T61/><D134/><U58/><E119/><V101/><F108/><W63/><G63/><T135/><D135/><U102/><E111/><V14/><F45/><W71/><G71/><T107/><D69/><U95/><E70/><V41/><F41/><W40/><G40/><T5/><D61/><U26/><E68/><V117/><F117/><W36/><G36/><T93/><D43/><U27/><E66/><V29/><F60/><W10/><G10/><T122/><D42/><U73/><E58/><V18/><F62/><W110/><G110/><T46/><D46/><U56/><E57/><V34/><REACH who="2" step="1"/><F12/><REACH who="2" ten="330,246,220,184" step="2"/><W80/><G80/><T33/><D122/><U64/><E13/><V103/><F103/><AGARI ba="0,2" hai="2,7,9,15,17,21,28,31,82,86,91,98,103,105" machi="103" ten="40,2000,0" yaku="1,1,53,0" doraHai="23" doraHaiUra="132" who="3" fromWho="2" sc="330,0,246,0,220,-20,184,40" /><INIT seed="3,1,0,5,5,16" ten="330,246,200,224" oya="3" hai0="126,127,88,60,78,103,74,97,22,7,37,70,31" hai1="131,119,102,129,41,99,21,52,43,89,72,87,19" hai2="59,109,93,51,63,76,108,132,64,128,40,83,75" hai3="42,0,135,98,30,67,57,34,23,94,55,10,27"/><W133/><G42/><T86/><D37/><U92/><E72/><V53/><F132/><N who="3" m="50763" /><G67/><T104/><D7/><U110/><E110/><V73/><F128/><N who="1" m="49225" /><E119/><V26/><F75/><W100/><G0/><T101/><D101/><U66/><E52/><V130/><F130/><W29/><G10/><T69/><D22/><U96/><E66/><V116/><F116/><W3/><G3/><T44/><D31/><U11/><E11/><V121/><F121/><W18/><G34/><T90/><D90/><U124/><E124/><N who="0" m="47657" /><D44/><U111/><E111/><V12/><F12/><W6/><G6/><T115/><D115/><U125/><E125/><V15/><F15/><W122/><G122/><T81/><D60/><AGARI ba="1,0" hai="18,23,27,29,30,55,57,60,94,98,100" m="50763" machi="60" ten="30,2900,0" yaku="20,1,52,1" doraHai="16" who="3" fromWho="0" sc="330,-32,246,0,200,0,224,32" /><INIT seed="3,2,0,1,0,99" ten="298,246,200,256" oya="3" hai0="83,56,61,24,66,48,33,50,101,15,3,78,39" hai1="74,36,58,72,134,73,130,31,102,54,133,8,18" hai2="109,122,75,89,88,81,105,32,57,87,68,97,91" hai3="82,120,7,43,16,60,65,113,42,128,111,125,37"/><W104/><G113/><T34/><D39/><U76/><E36/><V51/><F68/><W46/><G120/><T10/><D3/><U110/><E110/><V79/><F109/><W77/><G111/><T92/><D101/><U98/><E31/><V106/><F32/><W9/><G125/><T38/><D38/><U17/><E76/><V20/><F122/><W135/><G128/><T85/><D92/><U86/><E86/><V100/><F20/><W19/><G43/><T25/><D33/><U27/><E130/><V53/><REACH who="2" step="1"/><F106/><REACH who="2" ten="298,246,190,256" step="2"/><W70/><G104/><T131/><D131/><U22/><E134/><V112/><F112/><W1/><REACH who="3" step="1"/><G135/><REACH who="3" ten="298,246,190,246" step="2"/><T90/><D34/><U80/><E133/><V114/><F114/><W119/><G119/><T40/><D40/><U47/><E73/><AGARI ba="2,2" hai="51,53,57,73,75,79,81,87,88,89,91,97,100,105" machi="73" ten="40,12000,2" yaku="1,1,52,1,54,1,53,3" doraHai="99" doraHaiUra="84" who="2" fromWho="1" sc="298,0,246,-126,190,146,246,0" /><AGARI ba="2,0" hai="1,7,9,16,19,37,42,46,60,65,70,73,77,82" machi="73" ten="30,12000,1" yaku="1,1,7,1,25,2,54,1,53,0" doraHai="99" doraHaiUra="84" who="3" fromWho="1" sc="298,0,120,-120,336,0,246,120" owari="298,-10.2,0,-50.0,336,13.6,366,46.6" /></mjloggm>