<mjloggm ver="2.3"><GO type="225" lobby="0"/><UN n0="%E3%81%95%E3%81%8D%E3%81%9F%E3%81%BE%E6%9E%97%E6%AA%8E" n1="%E5%AE%AE%E4%BF%9D%E9%B6%8F%E8%82%89" n2="%E6%80%AA%E3%81%97%E3%81%99%E3%81%8E%E3%82%8B%E3%83%81%E3%83%BC" n3="%E3%81%8F%E3%81%BE%E3%81%96%E3%82%8F" dan="16,16,16,16" rate="2154.58,2111.88,2098.63,2047.53" sx="M,M,M,M"/><TAIKYOKU oya="0"/><INIT seed="0,0,0,5,1,20" ten="250,250,250,250" oya="0" hai0="64,90,2,123,80,82,23,77,3,106,100,5,43" hai1="127,41,47,28,117,69,132,91,115,107,130,113,24" hai2="59,17,33,35,22,99,93,75,57,73,50,95,14" hai3="6,87,101,19,8,40,16,98,118,63,76,32,62"/><T103/><D123/><U124/><E117/><V54/><F59/><W94/><G32/><T86/><D64/><U53/><E130/><V104/><F104/><W52/><G40/><T58/><D58/><U70/><E132/><V128/><F128/><W13/><G118/><T71/><D71/><N who="1" m="27147" /><E53/><V29/><F95/><W102/><G102/><T88/><D106/><U39/><E91/><N who="0" m="34857" /><D2/><U72/><E72/><V119/><F119/><W66/><G66/><T18/><D3/><U61/><E61/><V15/><F15/><W49/><G63/><T89/><D5/><U56/><E56/><V45/><F57/><N who="3" m="32911" /><G62/><T34/><D34/><N who="1" m="20743" /><E107/><V134/><F33/><W60/><G60/><T0/><D0/><U65/><E65/><V44/><F134/><W48/><G48/><T1/><D1/><U105/><E105/><V122/><F122/><W109/><G109/><T26/><D43/><U10/><E10/><V110/><F110/><W79/><G87/><AGARI ba="0,0" hai="18,23,26,77,80,82,86,87,89,100,103" m="34857" machi="87" ten="30,5800,0" yaku="8,1,52,1,54,1" doraHai="20" who="0" fromWho="3" sc="250,58,250,0,250,0,250,-58" /><INIT seed="0,1,0,2,3,6" ten="308,250,250,192" oya="0" hai0="33,83,47,99,63,62,44,17,26,43,84,120,98" hai1="70,129,132,108,66,42,118,126,79,90,18,1,116" hai2="67,74,55,65,96,3,110,41,124,54,101,133,106" hai3="87,57,45,8,78,123,89,9,59,117,10,77,58"/><T92/><D120/><U104/><E18/><V2/><F110/><W39/><G117/><T40/><D33/><U128/><E90/><V15/><F124/><W85/><G123/><T135/><D135/><U12/><E12/><V21/><F133/><W53/><G39/><T75/><D75/><U5/><E79/><N who="3" m="30218" /><G89/><T80/><D26/><U121/><E5/><V97/><F41/><W23/><G23/><T125/><D125/><U134/><E66/><V11/><F21/><W29/><G29/><T86/><D17/><U16/><E16/><V64/><F74/><W13/><G13/><T7/><REACH who="0" step="1"/><D92/><REACH who="0" ten="298,250,250,192" step="2"/><U100/><E132/><V114/><F114/><W32/><G32/><T103/><D103/><U71/><E134/><V25/><F25/><W81/><G81/><T49/><D49/><AGARI ba="1,1" hai="8,9,10,45,49,53,57,58,59,85,87" m="30218" machi="49" ten="40,8000,1" yaku="8,1,52,3" doraHai="6" who="3" fromWho="0" sc="298,-83,250,0,250,0,192,93" /><INIT seed="1,0,0,5,3,16" ten="215,250,250,285" oya="1" hai0="127,81,132,126,58,79,62,104,26,117,135,39,12" hai1="0,74,100,94,66,55,95,131,118,46,102,9,114" hai2="45,116,109,70,80,30,28,4,107,123,84,56,101" hai3="129,21,10,59,42,8,38,48,112,63,86,13,57"/><U47/><E114/><V51/><F70/><W89/><G112/><T119/><D104/><U68/><E118/><N who="0" m="45065" /><D39/><U115/><E115/><V83/><F116/><W11/><G129/><T25/><D58/><U96/><E74/><V111/><F123/><W72/><G72/><T41/><D41/><U99/><E131/><V23/><F4/><W98/><G38/><T124/><D62/><U93/><E55/><V43/><F56/><W31/><G98/><T76/><D12/><U61/><REACH who="1" step="1"/><E94/><REACH who="1" ten="215,240,250,285" step="2"/><V5/><F107/><W105/><G105/><T73/><D76/><U134/><E134/><AGARI ba="0,1" hai="25,26,73,79,81,124,126,127,132,134,135" m="45065" machi="134" ten="40,2600,0" yaku="18,1,20,1" doraHai="16" who="0" fromWho="1" sc="215,36,240,-26,250,0,285,0" /><INIT seed="2,0,0,4,5,8" ten="251,214,250,285" oya="2" hai0="125,63,76,96,80,70,119,31,105,85,40,75,86" hai1="27,38,116,118,28,82,77,122,20,92,48,49,111" hai2="95,24,13,124,22,88,35,129,99,83,11,61,23" hai3="101,65,73,42,5,44,89,30,98,0,2,39,71"/><V3/><F129/><W117/><G117/><T7/><D125/><U94/><E38/><V57/><F124/><W1/><G89/><T53/><D119/><U62/><E111/><V29/><F3/><W127/><G127/><T32/><D40/><U14/><E122/><V87/><F57/><W26/><G5/><T100/><D53/><U110/><E110/><V128/><F61/><N who="3" m="40367" /><G26/><N who="0" m="18551" /><D7/><U108/><E108/><V25/><F128/><W74/><G30/><T12/><D12/><U123/><E123/><V34/><F34/><W6/><G6/><T9/><D9/><U93/><E116/><V59/><F59/><W103/><G103/><T37/><D37/><U15/><E118/><V41/><F41/><W81/><G81/><T91/><D91/><U79/><E62/><V114/><F114/><W135/><G135/><T112/><D112/><U66/><E66/><AGARI ba="0,0" hai="63,66,70,75,76,80,85,86,96,100,105" m="18551" machi="66" ten="30,1000,0" yaku="25,1" doraHai="8" who="0" fromWho="1" sc="251,10,214,-10,250,0,285,0" /><INIT seed="3,0,0,2,2,67" ten="261,204,250,285" oya="3" hai0="110,118,77,131,34,58,0,33,7,73,36,133,56" hai1="68,54,60,129,116,69,76,57,71,119,41,32,6" hai2="16,84,64,52,99,115,72,44,97,126,47,18,42" hai3="59,70,26,85,66,13,82,89,81,124,8,29,95"/><W111/><G70/><T121/><RYUUKYOKU type="yao9" ba="0,0" sc="261,0,204,0,250,0,285,0" hai0="0,7,33,34,36,56,58,73,77,110,118,121,131,133" /><INIT seed="3,1,0,5,3,106" ten="261,204,250,285" oya="3" hai0="38,32,39,4,54,30,9,0,42,103,94,59,95" hai1="52,70,74,58,133,35,66,123,92,10,13,111,17" hai2="131,98,63,14,91,46,41,49,97,119,125,28,40" hai3="104,116,27,105,23,48,19,36,43,124,127,114,6"/><W20/><G114/><T56/><D32/><U82/><E123/><V33/><F119/><W83/><G116/><T87/><D30/><U44/><E35/><V93/><F131/><W47/><G6/><T18/><D18/><U90/><E133/><V128/><F128/><W7/><G7/><T118/><D118/><U57/><E111/><V108/><F108/><W16/><G83/><T113/><D113/><U126/><E126/><N who="3" m="48170" /><G36/><T2/><D2/><U34/><E34/><V15/><F125/><W65/><G65/><T72/><D39/><U45/><E70/><V1/><F33/><W102/><G102/><T78/><D87/><U29/><E29/><V112/><F28/><W88/><G88/><T53/><D95/><U130/><E130/><V8/><F112/><W73/><G73/><T11/><D11/><U24/><E24/><AGARI ba="1,0" hai="16,19,20,23,24,27,43,47,48,104,105" m="48170" machi="24" ten="30,2900,0" yaku="18,1,54,1" doraHai="106" who="3" fromWho="1" sc="261,0,204,-32,250,0,285,32" owari="261,6.1,172,-32.8,250,-15.0,317,41.7" /></mjloggm>