<mjloggm ver="2.3"><GO type="225" lobby="0"/><UN n0="%6D%75%75%6D%75%72%61" n1="%E7%89%B9%E6%9D%B1%E3%81%AF%E4%B8%96%E7%95%8C%E3%82%92%E6%95%91%E3%81%86" n2="%E3%83%A9%E3%83%BC%E3%83%A1%E3%83%B3%E4%BA%94%E9%83%8E" n3="%77%72%77%72%77%72%77%72" dan="16,16,16,16" rate="2135.88,2166.99,2075.76,2112.15" sx="F,M,M,M"/><TAIKYOKU oya="0"/><INIT seed="0,0,0,3,3,87" ten="250,250,250,250" oya="0" hai0="95,115,100,79,28,21,48,122,93,70,75,0,58" hai1="1,2,88,23,81,128,86,10,36,71,133,130,132" hai2="40,108,42,120,5,104,25,4,45,12,74,78,18" hai3="52,47,72,50,118,55,85,103,51,60,6,97,112"/><T94/><D115/><U106/><E36/><V17/><F120/><W107/><G112/><T26/><D122/><U135/><E71/><V67/><F104/><W131/><G131/><N who="1" m="50218" /><E106/><V32/><F108/><W13/><G118/><T68/><D0/><N who="1" m="107" /><E23/><V119/><F119/><W73/><G60/><T62/><D100/><U19/><E19/><V54/><F67/><W38/><G38/><T37/><D37/><U64/><E10/><V117/><F117/><W123/><G123/><T46/><D75/><U92/><E64/><V16/><F74/><W102/><G102/><T44/><D79/><U27/><E27/><V57/><F78/><W125/><G125/><T43/><REACH who="0" step="1"/><D46/><REACH who="0" ten="240,250,250,250" step="2"/><U105/><E105/><V124/><F45/><W77/><G72/><T127/><D127/><U30/><E30/><V34/><F124/><W113/><G73/><T80/><D80/><AGARI ba="0,1" hai="80,81,86,88,92,132,133,135" m="107,50218" machi="80" ten="40,8000,1" yaku="20,1,19,1,52,1,54,1" doraHai="87" who="1" fromWho="0" sc="240,-80,250,90,250,0,250,0" /><INIT seed="1,0,0,3,0,113" ten="160,340,250,250" oya="1" hai0="66,42,43,130,8,61,67,120,79,21,81,52,105" hai1="125,75,86,132,19,6,30,12,10,62,111,50,63" hai2="56,84,74,0,103,114,59,7,112,108,68,17,9" hai3="15,60,119,26,129,89,25,40,90,94,45,98,1"/><U65/><E75/><V28/><F74/><W34/><G1/><T133/><D105/><U35/><E132/><V37/><F108/><W47/><G129/><T88/><D130/><U101/><E111/><V73/><F73/><W87/><G119/><T78/><D133/><U5/><E125/><V72/><F72/><W13/><G60/><T83/><D120/><U117/><E117/><V80/><F37/><W100/><G90/><T44/><D8/><U85/><E101/><V97/><F17/><W131/><G131/><T116/><D116/><U32/><E50/><V57/><F28/><W18/><G34/><T92/><D21/><U77/><E63/><V118/><F68/><W71/><G71/><T39/><D39/><U99/><E99/><V3/><F3/><W106/><G13/><T23/><D23/><U20/><E5/><V54/><F54/><W96/><G87/><N who="0" m="52255" /><D43/><U69/><E77/><N who="0" m="29193" /><D42/><U104/><E104/><V93/><REACH who="2" step="1"/><F118/><REACH who="2" ten="160,340,240,250" step="2"/><W115/><G40/><T102/><D102/><U123/><E123/><V109/><F109/><W14/><G100/><T91/><D91/><AGARI ba="0,1" hai="0,7,9,56,57,59,80,84,91,93,97,103,112,114" machi="91" ten="40,5200,0" yaku="1,1,53,2" doraHai="113" doraHaiUra="110" who="2" fromWho="0" sc="160,-52,340,0,240,62,250,0" /><INIT seed="2,0,0,3,4,77" ten="108,340,302,250" oya="2" hai0="21,61,57,92,12,116,72,25,14,79,37,1,89" hai1="27,88,33,83,15,104,59,134,53,29,47,44,36" hai2="118,56,81,52,24,97,73,130,115,123,133,7,91" hai3="74,80,62,131,16,30,41,13,87,43,0,8,117"/><V28/><F115/><W105/><G117/><T6/><D116/><U110/><E104/><V106/><F118/><W55/><G131/><T23/><D37/><U112/><E112/><V121/><F130/><W51/><G105/><T101/><D1/><U94/><E110/><V32/><F133/><W127/><G127/><T9/><D101/><U35/><E134/><V90/><F7/><W50/><G74/><T60/><D72/><U39/><E35/><V111/><F111/><W66/><G30/><T93/><D79/><U48/><E83/><V38/><F38/><W119/><G0/><T40/><D40/><U82/><E82/><V63/><F73/><W26/><G26/><T103/><D103/><U132/><E132/><V18/><F18/><W107/><G107/><T95/><D89/><U96/><E47/><V109/><F109/><W64/><G50/><T135/><D135/><U113/><E113/><V86/><REACH who="2" step="1"/><F106/><REACH who="2" ten="108,340,292,250" step="2"/><W76/><G119/><T49/><D6/><U100/><E39/><V34/><F34/><W22/><G8/><T46/><D9/><U129/><E129/><V67/><F67/><N who="3" m="25643" /><G62/><T68/><D61/><U5/><E36/><V19/><F19/><W20/><G20/><T124/><D23/><U65/><E5/><V75/><F75/><W54/><G54/><N who="0" m="30007" /><D124/><U120/><E65/><V10/><F10/><W42/><G42/><T17/><D68/><U85/><E33/><V69/><F69/><W99/><G43/><T78/><D78/><U108/><E108/><V114/><F114/><W4/><G41/><T102/><D102/><U45/><E100/><RYUUKYOKU ba="0,1" sc="108,15,340,-15,292,15,250,-15" hai0="12,14,17,21,25,57,60,92,93,95" hai2="24,28,32,52,56,63,81,86,90,91,97,121,123" /><INIT seed="2,1,1,0,4,82" ten="123,325,307,235" oya="2" hai0="17,45,36,23,126,4,8,73,111,53,119,91,29" hai1="16,22,118,2,93,58,108,6,39,133,50,92,51" hai2="69,14,90,12,37,1,54,65,35,70,67,97,26" hai3="109,13,55,49,24,121,20,125,0,75,43,63,41"/><V110/><F1/><W88/><G121/><T5/><D111/><U96/><E39/><V33/><F37/><W81/><G0/><T78/><D126/><U27/><E118/><V95/><F110/><W47/><G109/><T42/><D119/><U84/><E108/><V131/><F131/><W124/><G75/><T100/><D100/><U19/><E133/><V32/><F26/><W123/><G123/><T113/><D113/><U34/><E34/><V11/><F54/><W64/><G13/><T48/><D29/><U107/><E107/><V60/><F11/><W40/><G81/><T128/><D128/><U44/><E6/><V102/><F102/><W3/><G3/><T132/><D132/><U122/><E2/><V129/><F129/><W56/><REACH who="3" step="1"/><G88/><REACH who="3" ten="123,325,307,225" step="2"/><T104/><D91/><U25/><E122/><V77/><F77/><W85/><G85/><T71/><D78/><U117/><E84/><V15/><F12/><W134/><G134/><T61/><D73/><U135/><E135/><V76/><F76/><W62/><G62/><AGARI ba="1,2" hai="14,15,32,33,35,60,62,65,67,69,70,90,95,97" machi="62" ten="40,2000,0" yaku="9,1" doraHai="82" who="2" fromWho="3" sc="123,0,325,0,307,43,225,-23" /><INIT seed="2,2,0,1,3,45" ten="123,325,350,202" oya="2" hai0="99,98,81,89,5,60,72,0,65,7,27,37,90" hai1="68,44,69,19,53,29,9,1,134,115,8,127,47" hai2="125,21,82,40,114,42,77,36,35,75,24,50,118" hai3="73,105,14,119,56,107,6,33,80,3,31,126,120"/><V74/><F114/><W51/><G119/><T108/><D108/><U103/><E115/><V18/><F118/><W123/><G120/><T52/><D37/><U101/><E29/><V76/><F36/><W64/><G123/><T130/><D130/><U102/><E19/><V62/><F125/><W124/><G3/><T46/><D72/><U133/><E53/><V55/><F62/><W57/><G31/><T86/><D27/><U39/><E39/><V10/><F35/><W16/><G6/><N who="0" m="2059" /><D0/><U132/><E1/><V129/><F129/><W100/><G33/><T43/><D43/><U23/><E23/><V111/><F111/><W58/><G64/><T85/><D65/><U92/><E92/><V49/><F74/><W4/><G4/><T96/><D60/><U113/><E127/><N who="3" m="48682" /><G100/><T94/><D98/><U83/><E113/><V32/><F32/><W121/><G121/><T71/><D71/><N who="1" m="27211" /><E83/><V63/><F75/><W30/><G30/><T79/><D90/><U122/><E122/><V117/><F117/><W88/><G73/><T48/><AGARI ba="2,0" hai="46,48,52,79,81,85,86,89,94,96,99" m="2059" machi="48" ten="30,4000,0" yaku="8,1,52,1,54,1" doraHai="45" who="0" fromWho="0" sc="123,46,325,-12,350,-22,202,-12" /><INIT seed="3,0,0,1,3,13" ten="169,313,328,190" oya="3" hai0="15,81,43,101,122,116,65,100,107,72,10,32,28" hai1="23,120,66,41,121,132,69,94,104,68,55,51,50" hai2="31,131,70,134,0,12,5,124,20,113,83,88,3" hai3="7,87,25,117,108,110,90,45,35,60,44,106,86"/><W127/><G117/><T76/><D116/><U37/><E104/><V6/><F70/><N who="1" m="27241" /><E23/><V82/><F113/><W79/><G127/><T126/><D122/><N who="1" m="47211" /><E94/><V4/><F124/><W38/><G38/><T59/><D126/><U112/><E112/><V19/><F131/><W2/><G106/><T93/><D107/><U49/><E132/><V9/><F134/><W64/><G7/><N who="2" m="2633" /><F0/><W78/><G2/><T135/><D135/><U128/><E66/><V54/><F3/><W67/><G35/><T21/><D32/><U14/><E14/><N who="2" m="5431" /><F31/><W123/><G123/><T73/><D73/><U27/><E27/><V58/><F88/><W71/><G25/><N who="0" m="16431" /><D101/><U114/><E114/><V34/><F34/><W95/><G67/><T130/><D130/><U62/><E128/><V36/><F36/><W80/><G78/><T92/><D92/><U118/><E118/><V46/><F46/><W56/><G71/><T26/><D26/><U97/><E97/><V8/><F8/><W85/><G85/><T125/><D125/><U98/><E98/><V42/><F42/><W61/><G44/><T91/><D100/><U75/><E75/><V89/><F89/><W29/><G45/><T115/><D115/><U102/><E102/><V1/><F1/><W17/><G29/><T119/><D119/><U24/><E24/><V74/><F74/><W77/><G77/><T33/><D33/><U99/><E99/><V96/><F96/><W11/><G11/><T40/><D10/><U111/><E37/><V48/><AGARI ba="0,0" hai="12,19,20,48,54,58,82,83" m="5431,2633" machi="48" ten="30,2000,0" yaku="8,1,52,1" doraHai="13" who="2" fromWho="2" sc="169,-5,313,-5,328,20,190,-10" owari="164,-33.6,308,10.8,348,44.8,180,-22.0" /></mjloggm>