<mjloggm ver="2.3"><GO type="225" lobby="0"/><UN n0="%33%74%72%65%65" n1="%6D%75%75%6D%75%72%61" n2="%E3%82%B7%E3%83%B3%E5%A4%AA%E6%9C%97" n3="%E3%81%A9%E3%82%8F%E3%82%93%E3%81%94" dan="17,16,16,16" rate="2223.76,2101.30,2153.00,2150.20" sx="F,F,M,M"/><TAIKYOKU oya="0"/><INIT seed="0,0,0,1,3,106" ten="250,250,250,250" oya="0" hai0="24,123,46,105,122,64,39,12,73,6,128,121,113" hai1="96,132,57,65,81,101,41,75,117,26,53,109,0" hai2="35,59,30,60,94,68,87,124,103,85,98,115,21" hai3="131,72,120,126,51,119,66,63,134,22,58,114,19"/><T86/><D113/><U18/><E117/><V10/><F115/><W84/><G119/><T78/><D128/><U29/><E109/><V62/><F124/><W48/><G114/><T88/><D105/><U25/><E132/><V7/><F35/><W43/><G134/><T17/><D64/><U135/><E135/><V93/><F68/><W97/><G131/><T80/><D6/><U118/><E0/><V23/><F60/><W50/><G72/><T3/><D3/><U82/><E41/><V102/><F23/><W70/><G126/><T45/><D24/><U90/><E65/><V129/><F129/><W55/><G120/><T37/><D39/><U15/><E90/><V27/><F94/><W28/><G28/><T49/><D37/><U91/><E91/><V33/><F103/><W71/><G97/><T42/><D46/><U31/><E118/><V67/><REACH who="2" step="1"/><F33/><REACH who="2" ten="250,250,240,250" step="2"/><W14/><G71/><T100/><D100/><U110/><E101/><V130/><F130/><W36/><G84/><T11/><D123/><U8/><E110/><V108/><F108/><W79/><REACH who="3" step="1"/><G79/><REACH who="3" ten="250,250,240,240" step="2"/><T112/><REACH who="0" step="1"/><D112/><REACH who="0" ten="240,250,240,240" step="2"/><U56/><E31/><V83/><F83/><AGARI ba="0,3" hai="11,12,17,42,45,49,73,78,80,83,86,88,121,122" machi="83" ten="30,12000,1" yaku="1,1,2,1,7,1,52,1,54,1,53,0" doraHai="106" doraHaiUra="133" who="0" fromWho="2" sc="240,150,250,0,240,-120,240,0" /><INIT seed="0,1,0,0,5,64" ten="390,250,120,240" oya="0" hai0="66,134,97,74,72,60,5,3,113,100,19,109,94" hai1="18,124,6,29,96,59,71,45,78,40,39,53,50" hai2="99,80,83,91,125,108,79,82,52,37,62,70,8" hai3="95,51,10,17,34,130,89,126,119,92,110,16,30"/><T25/><D113/><U32/><E124/><V27/><F125/><W54/><G119/><T131/><D131/><U67/><E78/><V102/><F108/><W23/><G126/><T36/><D36/><U76/><E76/><V42/><F37/><W90/><G110/><T49/><D134/><U98/><E6/><V1/><F42/><W122/><G130/><T63/><D63/><N who="1" m="40447" /><E18/><V103/><F79/><W9/><G34/><T93/><D5/><U77/><E77/><V85/><F103/><W132/><G132/><T68/><D3/><U121/><E121/><V123/><F123/><W69/><G69/><T111/><D93/><U118/><E118/><V87/><F27/><AGARI ba="1,0" hai="27,29,32,39,40,45,50,53,59,96,98" m="40447" machi="27" ten="30,2000,0" yaku="24,1,52,1" doraHai="64" who="1" fromWho="2" sc="390,0,250,23,120,-23,240,0" /><INIT seed="1,0,0,0,4,67" ten="390,273,97,240" oya="1" hai0="44,19,10,45,50,109,14,73,51,63,96,90,125" hai1="119,121,35,20,64,25,82,120,79,4,132,68,71" hai2="65,92,61,101,18,43,116,115,94,77,100,81,108" hai3="75,126,34,32,72,47,36,24,134,89,74,1,27"/><U66/><E119/><V105/><F116/><W28/><G134/><T118/><D118/><U87/><E35/><V8/><F108/><W93/><G126/><T103/><D73/><U21/><E132/><V42/><F115/><W80/><G1/><T11/><D109/><U86/><E4/><V88/><F94/><W16/><G93/><N who="0" m="58767" /><D125/><U2/><E2/><V83/><F81/><W5/><G5/><T110/><D110/><U78/><E25/><V57/><F101/><W15/><G89/><T54/><D63/><U70/><E70/><V114/><F114/><W37/><G80/><AGARI ba="0,0" hai="20,21,64,66,68,71,78,79,80,82,86,87,120,121" machi="80" ten="25,9600,0" yaku="22,2,52,2" doraHai="67" who="1" fromWho="3" sc="390,0,273,96,97,0,240,-96" /><INIT seed="1,1,0,4,1,135" ten="390,369,97,144" oya="1" hai0="54,76,108,93,101,31,71,42,15,26,36,120,14" hai1="38,91,51,35,90,4,97,133,50,70,22,12,40" hai2="115,121,123,77,82,67,16,105,85,114,113,127,134" hai3="119,48,132,61,3,118,18,64,9,60,84,96,100"/><U124/><E133/><V106/><F67/><W62/><G132/><T52/><D71/><U112/><E35/><V117/><F134/><W25/><G48/><T5/><D108/><U0/><E70/><V11/><F117/><N who="3" m="44555" /><G84/><T95/><D120/><N who="2" m="46154" /><F11/><W56/><G25/><T75/><D75/><U58/><E0/><V17/><F127/><W28/><G28/><T88/><D76/><U81/><E38/><V33/><F33/><W2/><G18/><AGARI ba="1,0" hai="16,17,18,77,82,85,105,106,113,114,115" m="46154" machi="18" ten="40,2600,0" yaku="11,1,54,1" doraHai="135" who="2" fromWho="3" sc="390,0,369,0,97,29,144,-29" /><INIT seed="2,0,0,2,2,8" ten="390,369,126,115" oya="2" hai0="38,73,45,20,9,31,112,15,101,35,81,52,114" hai1="124,17,64,70,78,106,89,77,48,133,40,19,126" hai2="116,34,0,60,85,63,123,100,67,104,57,14,110" hai3="1,71,115,113,3,44,108,43,117,111,128,129,29"/><V119/><F123/><W90/><G29/><T18/><D101/><U109/><E106/><V102/><F34/><W51/><G90/><T16/><D35/><U79/><E109/><N who="3" m="42058" /><G117/><T53/><D31/><U25/><E133/><V75/><F75/><W125/><G125/><N who="1" m="48234" /><E89/><V127/><F127/><W36/><G71/><T11/><D38/><U97/><E97/><V5/><F0/><N who="3" m="75" /><G51/><T65/><D65/><U72/><E72/><V24/><F110/><W28/><G28/><T42/><D42/><U61/><E25/><V76/><F24/><W118/><G118/><T6/><D45/><AGARI ba="0,0" hai="17,19,40,45,48,61,64,70,77,78,79" m="48234" machi="45" ten="30,1000,0" yaku="18,1" doraHai="8" who="1" fromWho="0" sc="390,-10,369,10,126,0,115,0" /><INIT seed="3,0,0,3,3,51" ten="380,379,126,115" oya="3" hai0="79,133,50,66,54,131,47,6,115,44,61,101,78" hai1="92,105,106,21,85,16,104,23,103,87,82,102,76" hai2="36,18,111,81,124,118,4,37,127,135,13,64,2" hai3="75,12,46,97,100,95,62,94,10,119,42,120,110"/><W91/><G120/><T107/><D115/><U28/><E28/><V73/><F118/><W33/><G119/><T114/><D114/><U126/><E23/><V96/><F64/><W69/><G33/><T32/><D32/><U59/><E59/><V27/><F27/><W99/><G75/><T41/><D131/><U11/><E11/><N who="2" m="2455" /><F111/><W31/><G110/><T40/><D133/><U130/><E130/><V70/><F70/><W129/><G31/><T53/><D6/><U90/><REACH who="1" step="1"/><E126/><REACH who="1" ten="380,369,126,115" step="2"/><V34/><F127/><W17/><G129/><T122/><D122/><U24/><AGARI ba="0,1" hai="16,21,24,76,82,85,87,90,92,102,103,104,105,106" machi="24" ten="30,7900,0" yaku="1,1,2,1,0,1,54,1,53,0" doraHai="51" doraHaiUra="56" who="1" fromWho="1" sc="380,-20,369,89,126,-20,115,-39" owari="360,16.0,458,55.8,106,-29.4,76,-42.4" /></mjloggm>