<mjloggm ver="2.3"><GO type="225" lobby="0"/><UN n0="%E7%99%BD%E9%9B%AA%E4%B9%83%E6%84%9B" n1="%4C%4F%4C%49%54%41" n2="%E8%B6%85%E7%B4%9A%E9%B3%B3%E5%87%B0" n3="%E5%87%BA%E6%B0%B4" dan="16,16,16,16" rate="2058.65,2192.54,2145.92,2082.25" sx="F,F,M,F"/><TAIKYOKU oya="0"/><INIT seed="0,0,0,0,2,90" ten="250,250,250,250" oya="0" hai0="113,8,129,32,62,69,47,48,130,22,26,126,56" hai1="44,28,89,78,16,12,96,92,6,127,21,124,2" hai2="85,123,101,79,53,31,14,71,29,104,131,86,112" hai3="81,82,100,68,18,43,98,119,0,95,63,10,61"/><T115/><D32/><U102/><E28/><V13/><F123/><W111/><G111/><T20/><D8/><U54/><E78/><V58/><F112/><N who="0" m="43082" /><D26/><U17/><E6/><V133/><F71/><W4/><G119/><T121/><D20/><U46/><E2/><V19/><F131/><N who="0" m="50186" /><D22/><N who="1" m="11559" /><E54/><V107/><F79/><W64/><G43/><N who="0" m="24703" /><D121/><U38/><E38/><V50/><F29/><W67/><REACH who="3" step="1"/><G18/><REACH who="3" ten="250,250,250,240" step="2"/><T114/><D114/><U59/><E16/><V106/><F19/><W15/><G15/><T72/><D72/><U122/><E122/><V66/><F13/><W27/><G27/><T109/><D109/><U24/><E24/><V135/><F14/><W52/><G52/><N who="0" m="34055" /><D69/><AGARI ba="0,1" hai="0,4,10,61,63,64,67,68,69,81,82,95,98,100" machi="69" ten="30,12000,2" yaku="1,1,7,1,9,1,52,1,53,2" doraHai="90" doraHaiUra="60" who="3" fromWho="0" sc="250,-120,250,0,250,0,240,130" /><INIT seed="1,0,0,0,0,101" ten="130,250,250,370" oya="1" hai0="44,67,8,0,26,77,55,112,71,5,82,34,133" hai1="105,113,47,86,52,58,76,37,18,110,78,66,80" hai2="51,50,10,84,13,41,15,29,31,75,36,65,63" hai3="70,83,91,72,2,68,119,130,114,60,134,7,122"/><U131/><E113/><V27/><F75/><W46/><G122/><T11/><D112/><U54/><E131/><V109/><F109/><W108/><G108/><T93/><D133/><U96/><E110/><V100/><F29/><W9/><G114/><T28/><D11/><U64/><E78/><V117/><F117/><W6/><G134/><T125/><D93/><U42/><E18/><V17/><F100/><W99/><G60/><T1/><D125/><U56/><E105/><V135/><F135/><W73/><G130/><T30/><D30/><U24/><E96/><V33/><F84/><W48/><G72/><T32/><D55/><U123/><E24/><V98/><F98/><W116/><G7/><T69/><D0/><U40/><E123/><V128/><F128/><W102/><G91/><T53/><D67/><U124/><E124/><V43/><F13/><W35/><G35/><T57/><D34/><U87/><E87/><V79/><F79/><W118/><G83/><T4/><D4/><U62/><REACH who="1" step="1"/><E42/><REACH who="1" ten="130,240,250,370" step="2"/><V22/><F41/><N who="3" m="24655" /><G73/><T103/><D103/><U61/><AGARI ba="0,1" hai="37,40,47,52,54,56,58,61,62,64,66,76,80,86" machi="61" ten="20,18000,2" yaku="1,1,0,1,7,1,9,1,54,1,53,1" doraHai="101" doraHaiUra="74" who="1" fromWho="1" sc="130,-60,240,190,250,-60,370,-60" /><INIT seed="1,1,0,2,2,18" ten="70,430,190,310" oya="1" hai0="65,53,128,112,103,134,73,76,15,108,9,131,37" hai1="99,129,90,40,70,125,49,59,113,61,95,6,33" hai2="50,126,56,47,5,122,7,41,98,28,133,34,21" hai3="44,127,94,124,17,104,62,85,106,102,36,93,29"/><U115/><E33/><V107/><F122/><W92/><G29/><T86/><D112/><U69/><E125/><N who="3" m="48202" /><G102/><T117/><D73/><U10/><E129/><V8/><F126/><W101/><G101/><T58/><D117/><U2/><E40/><V130/><F130/><W64/><G85/><T43/><D65/><U63/><E49/><V25/><F133/><W78/><G78/><T57/><D108/><U84/><E63/><V46/><F56/><N who="3" m="36935" /><G17/><T60/><D103/><U35/><E35/><V1/><F5/><W38/><G44/><T16/><D134/><U121/><E121/><V83/><F83/><W135/><G135/><T55/><D76/><U24/><E24/><V100/><REACH who="2" step="1"/><F47/><REACH who="2" ten="70,430,180,310" step="2"/><W23/><G106/><T87/><D86/><U19/><E113/><V119/><F119/><W14/><G104/><T120/><D87/><U79/><E115/><V109/><F109/><W111/><G111/><T116/><D120/><U91/><E84/><V82/><F82/><W110/><G110/><T89/><D116/><U54/><E79/><V45/><F45/><W26/><G94/><T31/><D128/><U30/><E95/><V105/><F105/><W4/><G93/><T22/><D131/><U68/><E6/><V74/><F74/><W67/><G92/><T75/><D75/><U81/><E81/><V72/><F72/><W39/><G4/><T52/><D57/><U11/><E59/><V71/><F71/><W132/><G132/><T80/><D80/><U118/><E69/><V20/><AGARI ba="1,1" hai="1,7,8,20,21,25,28,34,41,46,50,98,100,107" machi="20" ten="30,7900,0" yaku="1,1,0,1,52,2,53,0" doraHai="18" doraHaiUra="13" who="2" fromWho="2" sc="70,-21,430,-40,180,92,310,-21" /><INIT seed="2,0,0,4,1,38" ten="49,390,272,289" oya="2" hai0="85,19,130,47,18,5,14,46,108,45,95,57,75" hai1="122,98,114,129,113,2,123,116,44,31,84,39,91" hai2="109,121,92,79,102,73,24,118,34,88,6,41,52" hai3="32,17,4,67,132,131,55,21,135,53,107,71,43"/><V119/><F121/><N who="1" m="46089" /><E2/><V120/><F120/><W78/><G32/><T28/><D75/><U64/><E116/><V12/><F109/><W125/><G107/><T51/><D108/><U30/><E129/><V26/><F102/><W103/><G103/><T127/><D130/><U49/><E39/><V8/><F41/><W105/><G105/><T10/><D127/><U59/><E98/><V112/><F112/><N who="1" m="43113" /><E59/><V83/><F26/><W27/><G125/><T16/><D28/><U56/><E56/><V104/><F104/><W86/><G131/><T40/><REACH who="0" step="1"/><D57/><REACH who="0" ten="39,390,272,289" step="2"/><U58/><E58/><V1/><F119/><W3/><G71/><T60/><D60/><U124/><E30/><V35/><F118/><W69/><G69/><T36/><D36/><U93/><E31/><V48/><F1/><W72/><G3/><T74/><D74/><U117/><E124/><V134/><F48/><W111/><G72/><T99/><D99/><U25/><E117/><V15/><F73/><W128/><G111/><T50/><D50/><U101/><E49/><V133/><F134/><W33/><G128/><T61/><D61/><U100/><E84/><V106/><F133/><W65/><G86/><T23/><D23/><U7/><E64/><V87/><F87/><W37/><G67/><T42/><D42/><U22/><E22/><V54/><F35/><W94/><G65/><T62/><D62/><U29/><E29/><V11/><F34/><W90/><G33/><T63/><D63/><U0/><E0/><V76/><F54/><W115/><G135/><T126/><D126/><U82/><E44/><RYUUKYOKU ba="0,1" sc="39,30,390,-10,272,-10,289,-10" hai0="5,10,14,16,18,19,40,45,46,47,51,85,95" /><INIT seed="3,1,1,4,1,1" ten="69,380,262,279" oya="3" hai0="41,37,75,26,69,116,64,56,44,60,36,88,4" hai1="5,73,114,70,45,63,90,99,42,19,122,77,126" hai2="103,15,72,106,76,78,59,132,32,48,96,115,79" hai3="112,125,12,65,40,20,123,93,120,9,89,46,107"/><W109/><G112/><T80/><D116/><U27/><E114/><V25/><F115/><W49/><G125/><T43/><D26/><U127/><E122/><V14/><F72/><W133/><G133/><T97/><D97/><U121/><E121/><V113/><F132/><W0/><G107/><T51/><D75/><U16/><E5/><V55/><REACH who="2" step="1"/><F113/><REACH who="2" ten="69,380,252,279" step="2"/><W124/><G124/><T102/><D102/><U23/><E73/><V100/><F100/><W66/><G109/><T67/><D4/><U135/><E135/><V134/><F134/><W53/><G123/><T17/><D17/><U50/><E16/><V119/><F119/><W33/><G120/><T2/><D2/><U129/><E19/><V131/><F131/><W29/><G0/><T47/><D80/><U58/><E129/><V54/><F54/><W92/><G33/><T30/><D30/><AGARI ba="1,2" hai="14,15,25,30,32,48,55,59,76,78,79,96,103,106" machi="30" ten="40,1300,0" yaku="1,1,53,0" doraHai="1" doraHaiUra="85" who="2" fromWho="0" sc="69,-16,380,0,252,36,279,0" owari="53,-44.7,380,48.0,288,8.8,279,-12.1" /></mjloggm>