<mjloggm ver="2.3"><GO type="225" lobby="0"/><UN n0="%6E%69%63%6B%6C%6F%77" n1="%4B%2E%32%2E%4B%2E" n2="%E3%81%82%E3%81%99%E3%81%AB%E3%82%83%E3%82%80" n3="%E9%89%A2%E5%B7%BB%E3%82%AC%E3%83%96" dan="16,16,16,16" rate="2101.28,2051.39,2103.95,2047.15" sx="F,M,F,M"/><TAIKYOKU oya="0"/><INIT seed="0,0,0,4,3,13" ten="250,250,250,250" oya="0" hai0="110,1,23,28,67,10,62,49,94,127,45,112,98" hai1="74,122,34,53,37,81,89,15,117,111,76,91,2" hai2="80,132,35,43,124,101,100,38,46,57,103,47,73" hai3="0,9,86,55,109,32,108,8,82,83,135,42,40"/><T75/><D112/><U133/><E117/><V48/><F35/><W5/><G32/><T65/><D127/><U134/><E2/><V50/><F124/><W72/><G135/><N who="1" m="51722" /><E122/><V69/><F69/><W36/><G55/><T58/><D75/><U4/><E111/><V31/><F31/><W106/><G106/><T130/><D130/><U68/><E34/><V54/><F132/><W113/><G72/><T59/><D110/><U104/><E104/><V102/><N who="2" m="25600" /><DORA hai="96" /><V25/><F25/><W92/><G92/><T129/><D1/><U87/><E37/><V51/><REACH who="2" step="1"/><F46/><REACH who="2" ten="250,250,240,250" step="2"/><W114/><G109/><T95/><D45/><U12/><E68/><V90/><F90/><W119/><G108/><T17/><D28/><U21/><E91/><V22/><F22/><W131/><G113/><T66/><D23/><U78/><E21/><V84/><F84/><W105/><G86/><T71/><D98/><U6/><E74/><V116/><F116/><W16/><G119/><T93/><D71/><U70/><E70/><V85/><F85/><W26/><G114/><T30/><D30/><U64/><E89/><V60/><F60/><W120/><G26/><T123/><D123/><U56/><E87/><V128/><F128/><W14/><G131/><T39/><D129/><U27/><E27/><V61/><F61/><W121/><G120/><T118/><D62/><N who="1" m="36111" /><E78/><AGARI ba="0,1" hai="38,43,47,48,50,51,54,57,73,78,80" m="25600" machi="78" ten="50,8000,1" yaku="1,1,52,4,53,0" doraHai="13,96" doraHaiUra="126,33" who="2" fromWho="1" sc="250,0,250,-80,240,90,250,0" /><INIT seed="1,0,0,5,3,1" ten="250,170,330,250" oya="1" hai0="21,95,74,70,2,32,76,30,107,90,77,73,133" hai1="135,116,75,89,78,36,10,22,86,61,124,49,101" hai2="31,72,87,44,16,134,59,55,18,91,26,93,56" hai3="15,68,6,13,69,64,24,54,132,102,126,92,123"/><U0/><E36/><V128/><F72/><W106/><G92/><T85/><D70/><U57/><E116/><V33/><F134/><W47/><G54/><T25/><D133/><U52/><E135/><V60/><F128/><W125/><G47/><T37/><D37/><U50/><E124/><V23/><F44/><W110/><G24/><T82/><D2/><U65/><E101/><V9/><F9/><W51/><G132/><T103/><D76/><U112/><E112/><V4/><F4/><W45/><G102/><T11/><D11/><U94/><E22/><V127/><F127/><W100/><G100/><T119/><D73/><U80/><REACH who="1" step="1"/><E65/><REACH who="1" ten="250,160,330,250" step="2"/><N who="2" m="39047" /><F33/><W19/><G64/><T122/><D119/><U5/><AGARI ba="0,1" hai="0,5,10,49,50,52,57,61,75,78,80,86,89,94" machi="5" ten="30,12000,1" yaku="1,1,0,1,52,1,54,1,53,1" doraHai="1" doraHaiUra="105" who="1" fromWho="1" sc="250,-40,160,130,330,-40,250,-40" /><INIT seed="1,1,0,2,1,72" ten="210,290,290,210" oya="1" hai0="85,27,88,52,6,127,15,5,42,115,20,11,59" hai1="124,9,21,48,103,28,81,16,23,3,34,41,68" hai2="84,39,82,77,131,89,62,76,19,17,8,53,74" hai3="50,58,135,35,94,26,44,93,25,118,83,106,87"/><U54/><E68/><V128/><F39/><W36/><G106/><T109/><D127/><U24/><E124/><V31/><F74/><W126/><G126/><T60/><D109/><U102/><E41/><V121/><F121/><W22/><G135/><T2/><D115/><U40/><E40/><V111/><F111/><W112/><G112/><T119/><D42/><U101/><E81/><V97/><F31/><W38/><G58/><T91/><D119/><U116/><E116/><V134/><F134/><W47/><G22/><T66/><D2/><U61/><E61/><V71/><F71/><W123/><G83/><T65/><D5/><U0/><E9/><V56/><F97/><W107/><G107/><T10/><D10/><U63/><E63/><V100/><F100/><W133/><G118/><T33/><D33/><U12/><REACH who="1" step="1"/><E34/><REACH who="1" ten="210,280,290,210" step="2"/><V1/><F1/><W57/><G133/><T49/><D60/><U130/><E130/><N who="2" m="49707" /><F8/><W86/><G35/><T125/><D125/><U51/><E51/><V7/><F7/><W14/><G50/><T30/><D91/><U105/><E105/><V13/><F13/><W122/><G14/><T45/><D45/><AGARI ba="1,1" hai="0,3,12,16,21,23,24,28,45,48,54,101,102,103" machi="45" ten="40,3900,0" yaku="1,1,54,1,53,0" doraHai="72" doraHaiUra="73" who="1" fromWho="0" sc="210,-42,280,52,290,0,210,0" /><INIT seed="1,2,0,5,0,15" ten="168,332,290,210" oya="1" hai0="4,95,96,111,24,124,33,74,73,72,39,117,93" hai1="54,3,2,76,134,101,103,85,6,56,77,52,37" hai2="28,18,110,58,22,82,1,14,43,19,27,68,34" hai3="8,50,64,92,118,132,91,41,100,35,21,5,109"/><U125/><E37/><V114/><F68/><W88/><G35/><T60/><D39/><U23/><E125/><V106/><F106/><W17/><G109/><T119/><D111/><U127/><E127/><V57/><F43/><W36/><G36/><T87/><D124/><U0/><E134/><V9/><F110/><W44/><G132/><T104/><D104/><U135/><E135/><V49/><F114/><W126/><G118/><T63/><D33/><U12/><E54/><V45/><F82/><W107/><G107/><T16/><D4/><U70/><E70/><V62/><F1/><W113/><G113/><T48/><D48/><U10/><E23/><V42/><F62/><W131/><G64/><T112/><D112/><U51/><REACH who="1" step="1"/><E85/><REACH who="1" ten="168,322,290,210" step="2"/><V30/><REACH who="2" step="1"/><F30/><REACH who="2" ten="168,322,280,210" step="2"/><W86/><G126/><T105/><D119/><U102/><AGARI ba="2,2" hai="0,2,3,6,10,12,51,52,56,76,77,101,102,103" machi="102" ten="40,12000,1" yaku="1,1,2,1,0,1,54,1,53,0" doraHai="15" doraHaiUra="71" who="1" fromWho="1" sc="168,-42,322,146,280,-42,210,-42" /><INIT seed="1,3,0,3,1,102" ten="126,468,238,168" oya="1" hai0="27,43,45,96,71,28,38,20,53,14,114,36,135" hai1="68,118,112,74,110,132,84,106,23,77,26,35,59" hai2="130,92,111,116,50,13,55,62,104,11,97,63,9" hai3="32,105,47,7,16,21,15,67,98,52,2,72,8"/><U123/><RYUUKYOKU type="yao9" ba="3,0" sc="126,0,468,0,238,0,168,0" hai1="23,26,35,59,68,74,77,84,106,110,112,118,123,132" /><INIT seed="1,4,0,2,0,61" ten="126,468,238,168" oya="1" hai0="129,34,58,56,50,22,96,81,26,36,42,90,1" hai1="46,17,122,19,94,106,40,107,30,57,108,123,27" hai2="55,37,24,77,60,78,52,79,110,10,87,102,83" hai3="13,71,23,68,111,134,97,53,12,80,59,85,11"/><U66/><E107/><V16/><F37/><W33/><G111/><T0/><D34/><U105/><E106/><V120/><F110/><W41/><G33/><T15/><D129/><U7/><E105/><V84/><F120/><W131/><G134/><T32/><D36/><U9/><E108/><V43/><F43/><W48/><G97/><T113/><D113/><U8/><E94/><V133/><F133/><W31/><G41/><T135/><D135/><U25/><E57/><V39/><F39/><W89/><G131/><T82/><D32/><U101/><E101/><V117/><F117/><W75/><G75/><T91/><D15/><U62/><E40/><V126/><F126/><W121/><G121/><T95/><D0/><U74/><E74/><V125/><F125/><W51/><G51/><T2/><D1/><U70/><E46/><V98/><F102/><W109/><G109/><T92/><D2/><U100/><E100/><V21/><F98/><W112/><G112/><T67/><D56/><U72/><E72/><V119/><F119/><W63/><G48/><T18/><D42/><U45/><E45/><V73/><F73/><W130/><G130/><T3/><D3/><U127/><E127/><V104/><F104/><W88/><G89/><T99/><D50/><U132/><E132/><V86/><F10/><W6/><REACH who="3" step="1"/><G31/><REACH who="3" ten="126,468,238,158" step="2"/><T64/><REACH who="0" step="1"/><D58/><REACH who="0" ten="116,468,238,158" step="2"/><U5/><E123/><V76/><REACH who="2" step="1"/><F60/><REACH who="2" ten="116,468,228,158" step="2"/><W14/><G14/><T54/><D54/><U35/><E122/><V47/><F47/><W115/><G115/><T44/><D44/><U118/><E62/><V69/><F69/><RYUUKYOKU ba="4,3" sc="116,10,468,-30,228,10,158,10" hai0="18,22,26,64,67,81,82,90,91,92,95,96,99" hai2="16,21,24,52,55,76,77,78,79,83,84,86,87" hai3="6,11,12,13,23,53,59,63,68,71,80,85,88" /><INIT seed="2,5,3,0,0,9" ten="126,438,238,168" oya="2" hai0="75,73,47,66,1,8,117,27,52,99,18,41,125" hai1="105,34,109,100,72,94,35,86,22,113,20,130,102" hai2="49,15,122,24,119,58,96,10,67,104,126,118,43" hai3="38,61,2,103,129,106,90,76,68,19,13,63,62"/><V84/><F122/><W69/><G2/><T12/><D125/><U32/><E72/><V42/><F126/><W111/><G38/><T135/><D135/><U120/><E113/><V14/><F119/><W60/><G76/><T29/><D117/><U82/><E105/><V28/><F118/><W40/><G40/><N who="2" m="15401" /><F104/><W50/><G50/><T92/><D66/><U55/><E120/><V21/><F96/><W71/><N who="3" m="15360" /><DORA hai="6" /><W134/><G111/><T53/><D75/><U39/><E32/><V25/><F67/><W108/><G108/><T57/><D73/><U110/><E34/><V54/><F24/><W65/><G65/><T23/><D57/><U107/><E107/><V127/><F127/><W11/><G134/><T89/><D1/><U114/><E35/><V88/><F10/><W131/><REACH who="3" step="1"/><G90/><REACH who="3" ten="126,438,238,158" step="2"/><T85/><REACH who="0" step="1"/><D99/><AGARI ba="5,4" hai="11,13,19,68,69,71,99,103,106,129,131" m="15360" machi="99" ten="60,8000,1" yaku="1,1,2,1,52,2,53,0" doraHai="9,6" doraHaiUra="17,81" who="3" fromWho="0" sc="126,-95,438,0,238,0,158,135" /><INIT seed="3,0,0,4,4,43" ten="31,438,238,293" oya="3" hai0="21,95,116,107,94,75,81,19,12,14,11,124,44" hai1="119,7,70,10,99,101,56,69,29,114,4,129,53" hai2="90,36,64,18,85,86,54,115,51,33,96,131,35" hai3="132,45,91,0,83,5,118,87,82,122,97,108,112"/><W31/><G112/><T127/><D107/><U41/><E114/><V20/><F36/><W72/><G118/><T1/><D116/><U73/><E119/><V71/><F115/><W61/><G122/><T104/><D104/><U25/><E73/><V76/><F131/><W58/><G132/><T24/><D75/><U84/><E41/><V49/><F71/><W59/><G108/><T50/><D1/><U128/><E84/><V2/><F2/><W9/><G31/><T37/><D37/><U62/><E70/><V8/><F64/><W6/><G6/><T57/><D127/><U55/><E55/><V77/><F8/><W135/><G135/><T3/><D3/><U74/><E74/><V47/><F33/><W28/><G28/><T134/><D124/><U22/><E69/><V34/><F35/><W102/><G61/><T111/><D111/><U17/><E17/><V105/><F34/><W130/><G130/><N who="1" m="50282" /><E10/><V46/><F105/><AGARI ba="0,0" hai="4,7,22,25,29,53,56,62,99,101,105" m="50282" machi="105" ten="30,1000,0" yaku="19,1" doraHai="43" who="1" fromWho="2" sc="31,0,438,10,238,-10,293,0" owari="31,-46.9,448,54.8,228,-17.2,293,9.3" /></mjloggm>