<mjloggm ver="2.3"><GO type="225" lobby="0"/><UN n0="%E3%81%A1%E3%82%85%E3%81%86%E3%81%A9%E3%81%8F%E8%B1%A1%E3%81%95%E3%82%93" n1="%E4%B8%89%E5%86%A0%E7%8E%8B%E3%83%BB%E5%B1%B1%E7%94%B0%E5%93%B2%E4%BA%BA" n2="%E9%80%9F%E6%B0%B4%E5%87%9B%E9%A6%99" n3="%E7%BD%AA%E5%88%91%E6%B3%95%E5%AE%9A%E4%B8%BB%E7%BE%A9" dan="17,16,16,16" rate="2244.09,2151.20,2108.30,2193.19" sx="M,M,F,M"/><TAIKYOKU oya="0"/><INIT seed="0,0,0,4,1,58" ten="250,250,250,250" oya="0" hai0="46,32,107,72,77,39,64,23,70,0,60,5,113" hai1="89,99,114,31,9,115,94,17,49,65,14,45,73" hai2="126,18,85,41,97,26,79,125,20,103,95,11,81" hai3="34,78,90,129,63,10,120,30,55,6,66,42,88"/><T101/><D113/><U75/><E31/><V128/><F128/><W43/><G129/><T122/><D23/><U84/><E65/><V53/><F41/><W116/><G116/><T52/><D122/><U124/><E124/><V44/><F44/><W7/><G120/><T110/><D110/><U96/><E96/><V59/><REACH who="2" step="1"/><F11/><REACH who="2" ten="250,250,240,250" step="2"/><W132/><G43/><T27/><D39/><U28/><E115/><V105/><F105/><W19/><G10/><N who="0" m="2343" /><D46/><U83/><E114/><V130/><F130/><W86/><G42/><T106/><D106/><U24/><E45/><V15/><F15/><W76/><G132/><T87/><D107/><U127/><E127/><V16/><F16/><W104/><G19/><T100/><D27/><U1/><E24/><V25/><F25/><W119/><G104/><T54/><D32/><U3/><E3/><V67/><F67/><W22/><G66/><T121/><D121/><U29/><E1/><V123/><F123/><W21/><G119/><T2/><D2/><U12/><E12/><V33/><F33/><W69/><G34/><T108/><D108/><U40/><E40/><V131/><F131/><W56/><G6/><T4/><D4/><U80/><E28/><V62/><AGARI ba="0,1" hai="18,20,26,53,59,62,79,81,85,95,97,103,125,126" machi="62" ten="30,4000,0" yaku="1,1,0,1,52,1,53,0" doraHai="58" doraHaiUra="68" who="2" fromWho="2" sc="250,-20,250,-10,240,50,250,-10" /><INIT seed="1,0,0,2,4,29" ten="230,240,290,240" oya="1" hai0="62,46,89,87,80,54,27,90,72,20,93,78,35" hai1="16,5,101,13,130,96,120,124,6,128,114,17,119" hai2="91,52,132,22,64,31,7,92,55,73,34,76,43" hai3="44,3,113,58,30,38,86,59,39,37,2,131,10"/><U41/><E114/><V14/><F132/><W118/><G113/><T102/><D102/><U60/><E119/><V97/><F64/><W11/><G118/><T47/><D89/><U1/><E120/><V75/><F43/><W83/><G131/><N who="1" m="50218" /><E1/><V94/><F76/><W15/><G44/><T81/><D81/><U36/><E124/><V56/><F55/><W32/><G2/><T129/><D129/><U24/><E60/><V33/><F7/><N who="1" m="2569" /><E13/><V107/><F107/><W67/><G3/><T84/><D72/><U115/><E115/><V77/><F77/><W49/><G67/><T85/><D85/><U45/><E24/><V42/><F42/><W26/><G49/><T112/><D112/><U23/><E23/><V95/><F75/><W57/><REACH who="3" step="1"/><G15/><REACH who="3" ten="230,240,290,230" step="2"/><T110/><D110/><U63/><E63/><V19/><F73/><W69/><G69/><T121/><D121/><U98/><E98/><V111/><F111/><W50/><G50/><T105/><D62/><U21/><E21/><V70/><F70/><W71/><G71/><T25/><D20/><U51/><E51/><V127/><F127/><W65/><G65/><T125/><D125/><U12/><E12/><V40/><F14/><W123/><G123/><T79/><D46/><U126/><E126/><V48/><F22/><W104/><G104/><AGARI ba="0,1" hai="16,17,36,41,45,96,101,104" m="2569,50218" machi="104" ten="30,2900,0" yaku="19,1,54,1" doraHai="29" who="1" fromWho="3" sc="230,0,240,39,290,0,230,-29" /><INIT seed="1,1,0,1,5,8" ten="230,279,290,201" oya="1" hai0="135,118,15,30,69,73,49,77,7,89,42,117,82" hai1="65,97,90,1,44,93,121,124,0,52,53,48,51" hai2="41,80,46,68,29,125,70,78,50,119,34,94,126" hai3="122,14,131,39,35,133,25,103,102,120,88,55,92"/><U100/><E121/><V16/><F119/><W104/><G131/><T5/><D69/><U43/><E124/><N who="2" m="47723" /><F29/><W62/><G133/><T127/><D127/><U85/><E65/><V33/><F34/><W109/><G109/><T110/><D110/><U4/><E4/><V13/><F33/><W91/><G39/><T27/><D135/><U58/><REACH who="1" step="1"/><E53/><REACH who="1" ten="230,269,290,201" step="2"/><V72/><F94/><AGARI ba="1,1" hai="0,1,43,44,48,51,52,58,85,90,93,94,97,100" machi="94" ten="30,11600,0" yaku="1,1,2,1,7,1,54,1,53,0" doraHai="8" doraHaiUra="113" who="1" fromWho="2" sc="230,0,269,129,290,-119,201,0" /><INIT seed="1,2,0,0,4,34" ten="230,398,171,201" oya="1" hai0="38,96,47,118,16,48,68,33,31,10,62,75,44" hai1="9,76,81,4,110,91,37,50,106,120,121,98,89" hai2="59,63,78,113,54,90,109,35,5,132,123,19,102" hai3="85,111,101,114,87,112,92,129,18,128,15,107,23"/><U56/><E37/><V66/><F123/><W13/><G107/><T0/><D118/><U53/><E91/><V64/><F35/><W97/><G111/><T125/><D75/><U11/><E11/><V104/><F109/><W14/><G23/><T57/><D68/><U67/><E67/><V20/><F132/><W46/><G18/><T1/><D125/><U134/><E134/><V119/><F119/><W83/><G46/><T45/><D38/><U28/><E28/><V82/><F113/><W93/><G93/><T24/><D48/><U100/><E89/><V124/><F5/><W60/><G60/><T30/><D30/><U22/><E22/><V80/><F124/><W70/><G70/><T116/><D116/><U6/><E6/><V42/><F42/><W103/><G103/><T39/><D39/><U8/><E8/><V65/><F90/><W3/><G3/><T99/><D99/><U131/><E131/><N who="3" m="50250" /><G87/><T58/><D96/><U117/><E117/><V17/><F17/><W32/><G32/><T95/><D95/><U84/><REACH who="1" step="1"/><E110/><REACH who="1" ten="230,388,171,201" step="2"/><V25/><F65/><W51/><G114/><T135/><D135/><U26/><E26/><V21/><F64/><W130/><G112/><T71/><D10/><U127/><E127/><V108/><F66/><W61/><G130/><T43/><D31/><U2/><AGARI ba="2,1" hai="2,4,9,50,53,56,76,81,84,98,100,106,120,121" machi="2" ten="20,12000,1" yaku="1,1,0,1,7,1,52,1,53,1" doraHai="34" doraHaiUra="94" who="1" fromWho="1" sc="230,-42,388,136,171,-42,201,-42" /><INIT seed="1,3,0,1,2,85" ten="188,524,129,159" oya="1" hai0="51,11,79,107,133,123,31,119,9,65,106,25,29" hai1="40,23,80,14,112,32,124,46,50,88,58,3,39" hai2="13,89,66,127,94,117,108,69,130,100,102,45,22" hai3="135,61,35,17,2,67,12,43,64,126,34,73,16"/><U72/><E32/><V10/><F117/><W103/><G73/><T91/><D119/><U63/><E3/><V7/><F108/><W115/><G115/><T48/><D65/><U86/><E124/><V97/><F127/><W76/><G2/><T93/><D79/><U26/><E112/><V49/><F130/><W87/><G126/><T121/><D133/><U0/><E0/><V52/><REACH who="2" step="1"/><F22/><REACH who="2" ten="188,524,119,159" step="2"/><W1/><G35/><T99/><D121/><U128/><E128/><V37/><F37/><W111/><G34/><T113/><D123/><U28/><E72/><V55/><F55/><W6/><G111/><T129/><D129/><U57/><E39/><V70/><F70/><W101/><G135/><T20/><D113/><U74/><E74/><V24/><F24/><W68/><G68/><T109/><D109/><U42/><E42/><V38/><F38/><W122/><G43/><T71/><D71/><U60/><E23/><V5/><F5/><W116/><G6/><T92/><D20/><U95/><E26/><V21/><F21/><W4/><G116/><T33/><D33/><U30/><E40/><V84/><F84/><W8/><G4/><T83/><D25/><U18/><E86/><V98/><F98/><W77/><G87/><T131/><D131/><U82/><E30/><V134/><F134/><W54/><G122/><T110/><D110/><U78/><E28/><V96/><F96/><W53/><G53/><T27/><D27/><U118/><E118/><V104/><F104/><W81/><G54/><T125/><D125/><U132/><E132/><V56/><F56/><RYUUKYOKU ba="3,1" sc="188,-10,524,-10,119,30,159,-10" hai2="7,10,13,45,49,52,66,69,89,94,97,100,102" /><INIT seed="2,4,1,4,3,71" ten="178,514,149,149" oya="2" hai0="36,128,87,24,41,124,43,34,134,47,88,58,2" hai1="64,83,37,33,125,56,121,89,115,68,1,131,8" hai2="59,9,32,117,82,66,69,35,94,62,111,113,0" hai3="93,61,57,129,10,14,112,44,120,65,114,42,22"/><V102/><F117/><W38/><G120/><T135/><D2/><U78/><E89/><V98/><F113/><N who="3" m="43627" /><G129/><T116/><D128/><U3/><E56/><V54/><F111/><W123/><G123/><T109/><D116/><U21/><E64/><V60/><REACH who="2" step="1"/><F82/><REACH who="2" ten="178,514,139,149" step="2"/><W85/><G22/><T29/><D109/><U81/><E81/><V107/><F107/><W7/><G93/><T25/><D134/><U132/><E83/><V77/><F77/><W73/><G85/><T12/><D135/><U30/><E21/><V70/><F70/><W122/><G122/><T5/><D87/><U48/><E132/><V127/><F127/><W108/><G108/><T67/><D124/><U51/><E125/><V84/><F84/><W15/><G73/><T118/><D118/><U130/><E68/><V45/><F45/><W19/><G19/><T17/><D17/><U39/><E121/><V126/><F126/><W26/><G26/><T23/><D25/><U31/><E115/><V53/><F53/><W4/><G4/><AGARI ba="4,2" hai="0,4,9,32,35,54,59,60,62,66,69,94,98,102" machi="4" ten="40,2000,0" yaku="1,1,53,0" doraHai="71" doraHaiUra="110" who="2" fromWho="3" sc="178,0,514,0,139,52,149,-32" /><INIT seed="2,5,0,1,4,44" ten="178,514,191,117" oya="2" hai0="59,19,110,52,95,8,65,98,64,39,124,131,35" hai1="33,29,7,118,99,9,45,3,96,40,30,24,46" hai2="66,4,132,109,69,123,129,75,133,102,16,55,23" hai3="53,90,10,106,78,87,74,47,27,21,100,1,38"/><V128/><F75/><W77/><G74/><T42/><D35/><U120/><E118/><V2/><F102/><W130/><G130/><N who="2" m="50281" /><F66/><W13/><G1/><T15/><D131/><U51/><E120/><V81/><F69/><W63/><G38/><T43/><D110/><U41/><E29/><V84/><F123/><W73/><G73/><T5/><D124/><U68/><E68/><V54/><F4/><W122/><G122/><T126/><D126/><U127/><E127/><V112/><F2/><W60/><G100/><N who="0" m="60511" /><D5/><U101/><E101/><V71/><F71/><W86/><G106/><T108/><D108/><U72/><E72/><V89/><F112/><W62/><G78/><T20/><D8/><U135/><E135/><N who="2" m="51787" /><F109/><W113/><G113/><T12/><D64/><U134/><E134/><V34/><F34/><W116/><G116/><T82/><D65/><U14/><E3/><V97/><F97/><W11/><G77/><T85/><D12/><AGARI ba="5,0" hai="12,16,23,54,55,81,84,89" m="51787,50281" machi="12" ten="30,5800,0" yaku="19,1,20,1,54,1" doraHai="44" who="2" fromWho="0" sc="178,-73,514,0,191,73,117,0" /><INIT seed="2,6,0,1,3,134" ten="105,514,264,117" oya="2" hai0="41,107,71,72,105,125,53,129,17,55,115,67,33" hai1="102,61,44,38,23,69,121,96,111,80,133,24,90" hai2="87,20,37,91,103,117,110,48,12,4,36,116,1" hai3="6,92,120,74,65,123,76,13,98,57,88,40,126"/><V58/><F1/><W56/><G40/><T93/><D33/><U54/><E80/><V30/><F103/><W127/><G76/><T59/><D72/><U79/><E90/><V32/><F32/><W64/><G74/><T63/><D115/><U5/><E5/><V46/><F36/><W113/><G113/><T26/><D129/><U9/><E9/><V99/><F37/><W28/><G28/><T22/><D41/><U100/><E96/><V94/><F110/><W73/><G73/><T85/><D125/><N who="3" m="47625" /><G6/><T104/><REACH who="0" step="1"/><D71/><REACH who="0" ten="95,514,264,117" step="2"/><U25/><E69/><V84/><F117/><W49/><G13/><T78/><D78/><U101/><E79/><V10/><F116/><W21/><G21/><T89/><AGARI ba="6,1" hai="17,22,26,53,55,59,63,67,85,89,93,104,105,107" machi="89" ten="40,2700,0" yaku="1,1,0,1,53,0" doraHai="134" doraHaiUra="43" who="0" fromWho="0" sc="95,55,514,-13,264,-19,117,-13" /><INIT seed="3,0,0,4,3,114" ten="150,501,245,104" oya="3" hai0="27,3,109,113,0,20,128,96,82,84,98,53,79" hai1="101,70,45,11,31,62,90,73,19,80,129,38,71" hai2="68,2,13,65,116,34,100,104,32,56,127,111,28" hai3="48,120,26,99,54,107,37,72,105,78,6,97,57"/><W134/><G120/><T23/><D113/><U124/><E31/><V88/><F2/><W9/><G37/><T94/><D109/><U131/><E101/><V50/><F116/><W4/><G134/><T18/><D128/><U33/><E33/><V118/><F111/><W49/><G72/><T29/><D53/><U12/><E62/><V123/><F118/><W58/><G78/><T15/><D98/><U66/><E66/><V60/><F123/><W40/><G54/><T115/><D115/><U14/><E90/><AGARI ba="0,0" hai="0,3,15,18,20,23,27,29,79,82,84,90,94,96" machi="90" ten="30,1000,0" yaku="7,1" doraHai="114" who="0" fromWho="1" sc="150,10,501,-10,245,0,104,0" owari="160,-24.0,491,59.1,245,4.5,104,-39.6" /></mjloggm>