<mjloggm ver="2.3"><GO type="225" lobby="0"/><UN n0="%E6%A1%9C%E8%8A%B1%E9%96%83%E3%80%85" n1="%33%74%72%65%65" n2="%72%69%6F%75%63%68%61%6E" n3="%E3%81%B7%E3%82%8A%E3%82%93%E8%81%96%E4%BA%BA" dan="18,17,17,16" rate="2219.37,2188.15,2231.99,2149.53" sx="M,F,M,M"/><TAIKYOKU oya="0"/><INIT seed="0,0,0,2,2,112" ten="250,250,250,250" oya="0" hai0="13,59,30,54,109,107,47,18,95,43,36,31,4" hai1="22,41,60,16,120,71,7,51,40,20,88,15,23" hai2="46,3,92,135,21,26,118,35,33,38,133,131,69" hai3="72,110,19,126,104,83,57,39,84,91,24,115,111"/><T50/><D107/><U132/><E120/><V28/><F131/><W99/><G39/><T82/><D109/><N who="3" m="41481" /><G115/><T123/><D123/><U17/><E132/><N who="2" m="50763" /><F69/><W42/><G42/><N who="1" m="16490" /><E71/><V58/><F118/><W90/><G57/><T11/><D82/><U79/><E79/><V5/><F46/><W97/><G24/><T14/><REACH who="0" step="1"/><D95/><REACH who="0" ten="240,250,250,250" step="2"/><U25/><E25/><N who="2" m="16431" /><F92/><W93/><G126/><T66/><D66/><U122/><E122/><V121/><F121/><W77/><G19/><T53/><D53/><U94/><E17/><V81/><F81/><N who="3" m="45223" /><G104/><T44/><D44/><U73/><E16/><V48/><F26/><W113/><G113/><T86/><D86/><AGARI ba="0,1" hai="83,84,86,90,91,93,97,99" m="45223,41481" machi="86" ten="30,3900,0" yaku="14,1,34,2" doraHai="112" who="3" fromWho="0" sc="240,-39,250,0,250,0,250,49" /><INIT seed="1,0,0,4,2,108" ten="201,250,250,299" oya="1" hai0="79,71,98,41,120,133,96,62,7,113,15,78,115" hai1="0,12,52,45,61,94,32,55,64,33,10,18,36" hai2="9,118,77,6,134,4,42,75,87,122,67,76,38" hai3="72,30,121,34,54,29,109,2,90,110,93,107,102"/><U25/><E0/><V124/><F118/><W126/><G2/><T95/><D41/><U28/><E33/><V1/><F122/><W83/><G121/><T58/><D71/><U129/><E129/><V17/><F124/><W60/><G126/><T125/><D120/><U88/><E45/><V103/><F134/><W80/><G107/><T43/><D43/><U56/><REACH who="1" step="1"/><E36/><REACH who="1" ten="201,240,250,299" step="2"/><V100/><F1/><W132/><G34/><T65/><D125/><U23/><E23/><V123/><F38/><W73/><G109/><T48/><D133/><U117/><E117/><V74/><F123/><W106/><G110/><T70/><D79/><U3/><E3/><V14/><F77/><W22/><G22/><T13/><D78/><U51/><E51/><V46/><F75/><W19/><G73/><T31/><D48/><U112/><E112/><V127/><F74/><W119/><G72/><T26/><D115/><U63/><E63/><V130/><F130/><W37/><G60/><T81/><D113/><U49/><E49/><N who="2" m="26839" /><F127/><W40/><G37/><T105/><D62/><U128/><E128/><V35/><F35/><W50/><G50/><T5/><D105/><U86/><AGARI ba="0,1" hai="10,12,18,25,28,32,52,55,56,61,64,86,88,94" machi="86" ten="20,18000,2" yaku="1,1,0,1,7,1,54,2,53,1" doraHai="108" doraHaiUra="59" who="1" fromWho="1" sc="201,-60,240,190,250,-60,299,-60" /><INIT seed="1,1,0,3,1,70" ten="141,430,190,239" oya="1" hai0="39,116,1,4,57,30,41,56,95,49,20,66,131" hai1="132,22,99,78,98,60,108,91,51,14,112,86,127" hai2="122,50,85,35,128,90,87,62,58,3,96,54,88" hai3="107,83,8,72,115,19,121,81,48,133,65,9,10"/><U21/><E112/><V42/><F122/><W130/><G121/><T105/><D105/><U34/><E34/><V28/><F128/><W77/><G107/><T44/><D116/><U117/><E117/><V63/><F3/><W7/><G115/><T113/><D113/><U37/><E37/><V6/><F6/><W109/><G130/><T129/><D57/><U82/><E132/><V92/><F42/><W76/><G65/><T135/><D135/><U73/><E127/><V125/><F125/><W46/><G133/><T97/><D4/><U59/><E108/><V47/><F47/><W118/><G109/><T26/><D1/><U5/><E51/><V75/><F75/><W16/><G7/><T93/><D93/><N who="1" m="56639" /><E99/><V17/><F17/><W102/><G102/><T100/><D49/><U80/><E80/><N who="2" m="49191" /><F35/><W134/><G118/><T68/><D68/><U33/><E33/><V36/><F36/><W15/><G19/><T53/><REACH who="0" step="1"/><D53/><REACH who="0" ten="131,430,190,239" step="2"/><U94/><E94/><N who="2" m="54623" /><F28/><W124/><G124/><T61/><AGARI ba="1,1" hai="20,26,30,39,41,44,56,61,66,95,97,100,129,131" machi="61" ten="30,12000,2" yaku="1,1,0,1,25,2,52,1,53,1" doraHai="70" doraHaiUra="25" who="0" fromWho="0" sc="131,133,430,-61,190,-31,239,-31" /><INIT seed="2,0,0,3,4,89" ten="264,369,159,208" oya="2" hai0="106,55,51,103,7,31,90,12,10,107,101,95,98" hai1="21,28,123,62,64,30,86,135,37,119,110,125,58" hai2="18,49,84,3,46,43,75,118,94,14,133,79,11" hai3="0,88,72,15,76,65,27,4,121,57,19,102,114"/><V38/><F118/><W67/><G121/><T9/><D31/><U91/><E119/><V132/><F3/><W53/><G102/><T44/><REACH who="0" step="1"/><D10/><REACH who="0" ten="254,369,159,208" step="2"/><U116/><E28/><V5/><F18/><W82/><G114/><T32/><D32/><U105/><E30/><V127/><F127/><W41/><G4/><T22/><D22/><U109/><E21/><V6/><F6/><W2/><G2/><T92/><D92/><U1/><E1/><V113/><F113/><W85/><G0/><T8/><D8/><U59/><E125/><V108/><F108/><W129/><G129/><T128/><D128/><U83/><E110/><V16/><F5/><W39/><G27/><T17/><D17/><U42/><E109/><V112/><F112/><W63/><G19/><T134/><D134/><N who="2" m="51818" /><F75/><W34/><G34/><T71/><D71/><U33/><E33/><V104/><F104/><AGARI ba="0,1" hai="7,9,12,44,51,55,90,95,98,101,103,104,106,107" machi="104" ten="40,2600,0" yaku="1,1,52,1,53,0" doraHai="89" doraHaiUra="36" who="0" fromWho="2" sc="254,36,369,0,159,-26,208,0" /><INIT seed="3,0,0,0,2,134" ten="290,369,133,208" oya="3" hai0="81,75,100,128,53,116,25,12,124,126,72,49,69" hai1="103,14,20,118,50,99,97,121,108,44,18,67,113" hai2="37,82,106,35,28,7,55,74,83,57,40,117,4" hai3="48,0,64,79,109,98,132,102,13,107,5,120,19"/><W66/><G120/><T123/><D123/><U63/><E113/><V129/><F129/><W24/><G79/><T30/><D116/><U89/><E121/><V104/><F117/><W84/><G132/><T22/><D128/><U80/><E108/><V33/><F28/><W111/><G24/><T17/><D100/><U115/><E115/><V131/><F131/><W105/><G107/><T73/><D69/><U51/><E118/><V96/><F40/><W23/><G84/><T39/><D81/><U59/><E103/><V16/><F57/><W133/><G133/><T31/><D39/><U56/><E56/><V122/><F122/><W61/><G48/><N who="1" m="18474" /><E44/><V62/><F62/><W87/><G87/><AGARI ba="0,0" hai="14,18,20,59,63,67,80,87,89,97,99" m="18474" machi="87" ten="30,1000,0" yaku="8,1" doraHai="134" who="1" fromWho="3" sc="290,0,369,10,133,0,208,-10" owari="290,9.0,379,47.9,133,-36.7,198,-20.2" /></mjloggm>