<mjloggm ver="2.3"><GO type="225" lobby="0"/><UN n0="%E6%A1%9C%E8%8A%B1%E9%96%83%E3%80%85" n1="%6D%75%75%73%61%6E%6D%75" n2="%E3%82%BC%E3%83%AB%E3%83%80%E3%81%AE%E4%BC%9D%E8%AA%AC" n3="%E7%B4%94%E6%BD%94%E3%83%94%E3%83%A9%E3%83%8B%E3%82%A2" dan="17,16,17,17" rate="2202.60,2108.14,2155.63,2194.11" sx="M,F,M,M"/><TAIKYOKU oya="0"/><INIT seed="0,0,0,4,3,21" ten="250,250,250,250" oya="0" hai0="38,41,26,128,114,71,31,124,94,85,108,44,14" hai1="109,135,54,91,42,87,24,116,29,25,19,48,39" hai2="115,4,13,10,49,61,80,46,118,102,89,75,112" hai3="74,33,28,47,98,43,51,57,27,5,45,18,53"/><T84/><D114/><U11/><E116/><V55/><F118/><W58/><G74/><T121/><D121/><U111/><E135/><V104/><F61/><W35/><G35/><T131/><D124/><U79/><E39/><V34/><F34/><W86/><G5/><T12/><D71/><U8/><E42/><V67/><F67/><W64/><G18/><T7/><D108/><N who="1" m="41547" /><E79/><V59/><F59/><W50/><G64/><T52/><D94/><N who="1" m="54655" /><E29/><V100/><F75/><W88/><REACH who="3" step="1"/><G98/><REACH who="3" ten="250,250,250,240" step="2"/><T90/><D7/><U37/><E19/><V103/><F115/><W126/><G126/><T65/><D65/><U68/><E68/><V1/><F112/><W107/><G107/><T20/><D85/><U110/><E110/><V9/><F104/><W17/><G17/><T129/><D84/><U125/><E125/><V30/><F30/><W76/><G76/><T73/><D73/><U119/><E119/><V23/><F4/><W101/><G101/><T92/><D90/><U113/><E113/><V72/><F89/><W70/><G70/><T117/><D117/><U69/><E69/><V96/><F96/><W6/><G6/><T77/><D77/><U78/><E78/><V123/><F103/><W134/><G134/><T120/><D120/><U133/><E133/><V122/><F102/><W83/><AGARI ba="0,1" hai="27,28,33,43,45,47,50,51,53,57,58,83,86,88" machi="83" ten="20,12000,2" yaku="1,1,0,1,7,1,52,1,54,1,53,1" doraHai="21" doraHaiUra="81" who="3" fromWho="3" sc="250,-60,250,-30,250,-30,240,130" /><INIT seed="1,0,0,0,2,122" ten="190,220,220,370" oya="1" hai0="32,7,108,131,15,56,8,10,54,45,25,18,61" hai1="116,27,82,112,94,121,135,126,4,88,79,95,71" hai2="31,63,89,12,113,1,57,120,134,74,3,97,41" hai3="127,43,132,67,69,130,83,117,78,60,23,101,55"/><U73/><E121/><V106/><F120/><W26/><G127/><T46/><D131/><U17/><E112/><V75/><F113/><W2/><G130/><T65/><D108/><U109/><E71/><V96/><F41/><W92/><G2/><T38/><D38/><U58/><E116/><V52/><F134/><W128/><G128/><T91/><D91/><U87/><E135/><V104/><F31/><W99/><G132/><T111/><D111/><U93/><E126/><V123/><F123/><W102/><G117/><T24/><D32/><U59/><E4/><V42/><F42/><W48/><G43/><T77/><D77/><U50/><E109/><V47/><F47/><W90/><G48/><T51/><REACH who="0" step="1"/><D45/><REACH who="0" ten="180,220,220,370" step="2"/><U21/><REACH who="1" step="1"/><E50/><REACH who="1" ten="180,210,220,370" step="2"/><V53/><F1/><AGARI ba="0,2" hai="1,7,8,10,15,18,24,25,46,51,54,56,61,65" machi="1" ten="30,3900,0" yaku="1,1,2,1,7,1,53,0" doraHai="122" doraHaiUra="39" who="0" fromWho="2" sc="180,59,210,0,220,-39,370,0" /><INIT seed="2,0,0,4,2,13" ten="239,210,181,370" oya="2" hai0="16,69,71,32,25,83,77,116,92,95,48,107,118" hai1="27,29,113,117,20,88,70,109,74,40,82,41,55" hai2="14,135,66,18,2,133,93,63,75,131,76,42,31" hai3="129,47,1,99,24,98,119,36,101,30,5,128,57"/><V4/><F131/><N who="3" m="50251" /><G119/><N who="0" m="45611" /><D107/><U0/><E117/><V3/><F31/><W96/><G57/><T37/><D37/><U34/><E113/><V58/><F42/><N who="3" m="22983" /><G5/><T43/><D48/><U106/><E106/><V28/><F28/><W120/><G1/><T97/><D43/><U125/><E0/><V12/><F12/><W100/><G120/><T50/><D50/><U132/><E109/><V124/><F124/><W22/><AGARI ba="0,0" hai="22,24,30,96,98,99,100,101" m="22983,50251" machi="22" ten="30,1100,0" yaku="19,1" doraHai="13" who="3" fromWho="3" sc="239,-3,210,-3,181,-5,370,11" /><INIT seed="3,0,0,4,4,45" ten="236,207,176,381" oya="3" hai0="123,28,77,93,66,128,126,132,24,89,37,105,9" hai1="42,18,47,46,63,25,104,111,0,94,26,83,33" hai2="80,81,78,7,2,12,17,40,124,27,130,75,70" hai3="96,117,131,49,41,102,125,11,73,39,43,101,116"/><W67/><G49/><T92/><D105/><U103/><E104/><V57/><F70/><W134/><G96/><N who="0" m="57359" /><D37/><U62/><E0/><V113/><F113/><W85/><G11/><T1/><D1/><U79/><E111/><V127/><F130/><W68/><G41/><T56/><D123/><U90/><E103/><V44/><F57/><W53/><G53/><T69/><D69/><U15/><E33/><V54/><F54/><W74/><G85/><T129/><D132/><U4/><E4/><V50/><F27/><W58/><G58/><T120/><D120/><U52/><E26/><V22/><REACH who="2" step="1"/><F81/><REACH who="2" ten="236,207,166,381" step="2"/><W76/><G131/><T108/><D56/><N who="1" m="35079" /><E25/><V99/><F99/><W13/><G134/><T72/><D129/><U30/><E63/><V14/><F14/><W60/><G13/><T6/><D128/><U38/><E83/><V61/><F61/><W20/><G60/><T64/><D24/><U115/><E115/><V135/><F135/><W59/><G59/><T23/><D28/><U97/><E30/><V21/><F21/><W10/><G20/><T114/><D114/><U86/><E15/><V122/><F122/><W19/><G68/><T55/><D55/><U91/><E97/><V32/><F32/><W98/><G98/><T133/><D133/><U51/><E42/><V8/><AGARI ba="0,1" hai="2,7,8,12,17,22,40,44,50,75,78,80,124,127" machi="8" ten="30,7900,0" yaku="1,1,0,1,52,1,53,1" doraHai="45" doraHaiUra="5" who="2" fromWho="2" sc="236,-20,207,-20,166,89,381,-39" owari="216,-18.4,187,-31.3,255,5.5,342,44.2" /></mjloggm>