<mjloggm ver="2.3"><GO type="225" lobby="0"/><UN n0="%E3%81%9F%E3%81%93%E2%98%86%E7%84%BC%E3%81%8D" n1="%72%69%6F%75%63%68%61%6E" n2="%E6%A0%B9%E5%85%83%E3%81%8B%E3%82%89%E5%90%B9%E3%81%A3%E9%A3%9B%E3%81%B6" n3="%E7%9C%9F%E4%B8%80" dan="16,17,16,16" rate="2126.52,2286.64,2169.43,2160.84" sx="M,M,F,M"/><TAIKYOKU oya="0"/><INIT seed="0,0,0,1,1,46" ten="250,250,250,250" oya="0" hai0="3,97,38,64,48,123,2,6,81,75,92,76,36" hai1="115,94,21,88,14,70,113,72,98,60,108,125,100" hai2="42,28,1,50,45,105,53,55,84,26,12,57,34" hai3="13,129,9,126,40,110,7,49,15,43,85,87,52"/><T25/><D123/><U32/><E108/><V31/><F1/><W71/><G110/><T59/><D25/><U103/><E32/><V95/><F105/><W86/><G129/><T96/><D96/><U35/><E35/><V73/><F73/><W63/><G126/><T27/><D2/><U101/><E72/><V65/><F31/><W117/><G117/><T24/><D27/><U0/><E125/><V23/><F65/><W102/><G102/><T69/><D24/><U106/><E0/><V78/><F95/><W30/><G30/><T22/><D22/><U8/><E21/><V62/><F12/><W134/><G134/><T56/><D69/><U112/><E60/><V91/><F78/><W33/><G33/><T99/><D99/><U93/><E70/><V120/><F120/><W16/><G63/><T135/><D64/><U37/><E94/><N who="2" m="54631" /><F34/><W130/><G130/><T119/><D56/><U107/><REACH who="1" step="1"/><E37/><REACH who="1" ten="250,240,250,250" step="2"/><V66/><AGARI ba="0,1" hai="23,26,28,42,45,50,53,55,57,62,66" m="54631" machi="66" ten="30,2000,0" yaku="8,1,52,1" doraHai="46" who="2" fromWho="2" sc="250,-10,240,-5,250,30,250,-5" /><INIT seed="1,0,0,4,0,128" ten="240,235,280,245" oya="1" hai0="61,25,59,55,35,2,88,78,17,77,118,16,57" hai1="76,112,95,30,3,7,26,54,8,43,94,27,52" hai2="44,32,108,60,84,12,28,104,33,89,69,5,119" hai3="29,97,82,122,45,66,75,49,48,72,85,18,99"/><U125/><E112/><V129/><F119/><W0/><G122/><T11/><D118/><U124/><E43/><V86/><F129/><W110/><G110/><T6/><D35/><U56/><E76/><V10/><F104/><W31/><G0/><T70/><D70/><U20/><E54/><V91/><F28/><W63/><G75/><T111/><D111/><U79/><E79/><V114/><F114/><W132/><G72/><T67/><D25/><U83/><E83/><V130/><F130/><W120/><G120/><T1/><D1/><U14/><E3/><V90/><F108/><W41/><G49/><T126/><D126/><N who="1" m="48747" /><E26/><V87/><F44/><W38/><G38/><T15/><D2/><U107/><E107/><V13/><F69/><W68/><G31/><T93/><D78/><U102/><E102/><V36/><F60/><AGARI ba="0,0" hai="7,8,14,20,27,30,52,56,60,94,95" m="48747" machi="60" ten="30,2900,0" yaku="18,1,54,1" doraHai="128" who="1" fromWho="2" sc="240,0,235,29,280,-29,245,0" /><INIT seed="1,1,0,0,4,20" ten="240,264,251,245" oya="1" hai0="13,123,22,118,12,101,33,83,95,100,7,114,98" hai1="44,19,10,29,93,40,32,85,63,109,111,36,11" hai2="23,72,88,15,115,25,97,3,48,71,79,76,47" hai3="0,56,99,135,37,126,70,68,16,96,46,94,130"/><U14/><E63/><V49/><F3/><W57/><G0/><T53/><D33/><U78/><E10/><V119/><F119/><W105/><G105/><T21/><D114/><U50/><E36/><V107/><F71/><W120/><G120/><T81/><D7/><U74/><E74/><V24/><F115/><W108/><G46/><T127/><D127/><U131/><E131/><V106/><F106/><W77/><G37/><T18/><D118/><U5/><E19/><N who="2" m="10751" /><F107/><W133/><G126/><T39/><D39/><U61/><E61/><V113/><F49/><W34/><G34/><T4/><D101/><U45/><E45/><V128/><F72/><W122/><G122/><T104/><D104/><U35/><E93/><N who="2" m="56487" /><F128/><W42/><G130/><T54/><D123/><U116/><E116/><V69/><F69/><W31/><G70/><T75/><D75/><U1/><E1/><V87/><F113/><W103/><G68/><T125/><D125/><U134/><E134/><V6/><F6/><W65/><G135/><T110/><D4/><U132/><E132/><V9/><F9/><W62/><G133/><T41/><D110/><N who="1" m="41995" /><E29/><V84/><F87/><W28/><G31/><T55/><D41/><U59/><E59/><V92/><F92/><N who="3" m="58759" /><G42/><T30/><D12/><U82/><AGARI ba="1,0" hai="5,11,14,32,35,40,44,50,78,82,85" m="41995" machi="82" ten="30,6000,0" yaku="25,1,14,1,10,1" doraHai="20" who="1" fromWho="1" sc="240,-21,264,63,251,-21,245,-21" /><INIT seed="1,2,0,4,2,109" ten="219,327,230,224" oya="1" hai0="40,110,89,43,36,70,96,38,86,82,125,35,24" hai1="135,78,71,6,34,117,5,112,130,15,111,4,88" hai2="68,98,52,62,2,0,27,66,49,133,74,121,19" hai3="55,9,63,20,14,54,7,77,16,87,90,56,29"/><U73/><E112/><V53/><F121/><W21/><G77/><T93/><D70/><U26/><E117/><V100/><F133/><W67/><G29/><T114/><D114/><U30/><E71/><V105/><F74/><W31/><G31/><T13/><D125/><U57/><E135/><V50/><F27/><W94/><REACH who="3" step="1"/><G21/><REACH who="3" ten="219,327,230,214" step="2"/><T81/><D110/><U76/><E111/><V132/><F132/><W3/><AGARI ba="2,1" hai="3,7,9,14,16,20,54,55,56,63,67,87,90,94" machi="3" ten="20,12000,2" yaku="1,1,2,1,0,1,7,1,54,1,53,1" doraHai="109" doraHaiUra="18" who="3" fromWho="3" sc="219,-32,327,-62,230,-32,214,136" /><INIT seed="2,0,0,1,3,109" ten="187,265,198,350" oya="2" hai0="103,93,43,88,72,95,106,68,24,134,117,78,3" hai1="50,111,4,133,102,131,76,94,123,84,86,99,101" hai2="56,120,52,135,108,80,64,128,51,65,82,129,53" hai3="97,122,54,31,35,98,16,116,87,57,42,48,73"/><V28/><F120/><W121/><G73/><T114/><D3/><U124/><E111/><V75/><F108/><W49/><G116/><T107/><D68/><U32/><E32/><V1/><F1/><W25/><G121/><T77/><D43/><U21/><E123/><V33/><F135/><W8/><G122/><T81/><D24/><U17/><E133/><V115/><F115/><W132/><G132/><T55/><D55/><U130/><E124/><V12/><F12/><W83/><G49/><T125/><D125/><U10/><E101/><V5/><F5/><W47/><G57/><T110/><D110/><U0/><E50/><N who="2" m="30743" /><F75/><W60/><G60/><T59/><D59/><U91/><E76/><V127/><F127/><W46/><G47/><T26/><D26/><U39/><E39/><V74/><F74/><W100/><G42/><T66/><D66/><N who="2" m="25706" /><F28/><W119/><G119/><T58/><D114/><U62/><E62/><V118/><F33/><W37/><G37/><T27/><D27/><N who="1" m="14767" /><E102/><V90/><F118/><W18/><G100/><T63/><D134/><U40/><E40/><V70/><F70/><W92/><G18/><T13/><D13/><U104/><E104/><V30/><F30/><W34/><G34/><T45/><D117/><U96/><E96/><V7/><F7/><W85/><G98/><N who="0" m="59855" /><D45/><U38/><E38/><V29/><F29/><W11/><G35/><T36/><D36/><U69/><E69/><V15/><F15/><W14/><G31/><T113/><D113/><U41/><E41/><V22/><F53/><W112/><G54/><N who="0" m="34263" /><D107/><U23/><E23/><RYUUKYOKU ba="0,0" sc="187,-10,265,30,198,-10,350,-10" hai1="0,4,10,84,86,91,94,99,130,131" /><INIT seed="3,1,0,4,4,89" ten="177,295,188,340" oya="3" hai0="127,109,72,134,111,21,53,70,13,79,38,2,122" hai1="112,66,48,44,102,90,19,54,67,86,35,88,104" hai2="47,97,82,115,75,91,118,69,74,15,81,12,36" hai3="60,114,41,65,37,80,84,23,101,20,95,61,4"/><W106/><G106/><T76/><D122/><U78/><E112/><V14/><F115/><W83/><G114/><T92/><D2/><U64/><E35/><V117/><F69/><W42/><G37/><T116/><D70/><U125/><E125/><V58/><F58/><N who="3" m="37015" /><G61/><T99/><D116/><U9/><E78/><N who="0" m="29737" /><D72/><U45/><E45/><V87/><F97/><N who="3" m="59583" /><G4/><T27/><D127/><U93/><E90/><V128/><F128/><W52/><G83/><T119/><D119/><U30/><E30/><V132/><F82/><W43/><G52/><T24/><D38/><U130/><E130/><V126/><F126/><W49/><G49/><T0/><D0/><U85/><E104/><V8/><F75/><W5/><G5/><T31/><D53/><U22/><E102/><V105/><F74/><W113/><G113/><T100/><D134/><U135/><E135/><V57/><F132/><W131/><G131/><T103/><D111/><U26/><E9/><V39/><F8/><W110/><G110/><T73/><D73/><U98/><AGARI ba="1,0" hai="19,22,26,44,48,54,64,66,67,85,86,88,93,98" machi="98" ten="30,7900,0" yaku="0,1,8,1,52,1,54,1" doraHai="89" who="1" fromWho="1" sc="177,-21,295,82,188,-21,340,-40" owari="156,-34.4,377,47.7,167,-23.3,300,10.0" /></mjloggm>