<mjloggm ver="2.3"><GO type="225" lobby="0"/><UN n0="%73%6C%69%63%6B%33%31%39" n1="%E3%81%8C%E3%81%9F" n2="%4E%49%4A%49%49%52%4F" n3="%E5%B8%86%E7%AB%8B%E5%A4%8F%E8%A1%A3" dan="17,16,16,17" rate="2209.60,2096.47,2148.89,2180.43" sx="M,M,M,M"/><TAIKYOKU oya="0"/><INIT seed="0,0,0,0,5,118" ten="250,250,250,250" oya="0" hai0="83,79,100,115,45,111,33,82,48,108,11,57,105" hai1="87,36,12,60,74,135,116,53,112,5,117,134,132" hai2="122,89,124,31,50,86,37,38,27,125,9,2,77" hai3="70,22,1,81,64,103,72,39,29,34,93,109,25"/><T120/><D33/><U110/><E74/><V19/><F77/><W14/><G39/><T67/><D115/><U66/><E87/><V17/><F50/><W26/><G109/><N who="0" m="42059" /><D11/><N who="1" m="4207" /><E110/><V63/><F63/><W23/><G1/><T41/><D120/><U40/><E53/><V20/><F122/><W8/><G70/><T24/><D24/><U107/><E107/><V35/><F38/><W123/><G123/><T55/><D67/><U54/><E54/><V96/><F96/><W15/><G64/><T114/><D114/><U49/><E49/><V130/><F37/><W7/><G34/><T46/><D82/><U52/><E52/><V98/><F98/><W32/><G81/><T69/><D69/><N who="1" m="42183" /><E112/><V73/><F73/><W121/><G72/><N who="0" m="43495" /><D41/><U44/><AGARI ba="0,0" hai="36,40,44,116,117,132,134,135" m="42183,4207" machi="44" ten="40,1500,0" yaku="20,1" doraHai="118" who="1" fromWho="1" sc="250,-7,250,15,250,-4,250,-4" /><INIT seed="1,0,0,5,4,107" ten="243,265,246,246" oya="1" hai0="69,115,65,116,131,75,32,132,35,64,1,20,71" hai1="74,40,82,24,56,76,121,117,95,118,97,49,98" hai2="55,58,48,25,45,92,27,113,93,22,66,77,135" hai3="126,43,9,89,39,73,53,90,67,4,18,12,21"/><U122/><E24/><V0/><F0/><W36/><G126/><T134/><D115/><U50/><E56/><V108/><F108/><W111/><G111/><T102/><D102/><U99/><E40/><V70/><F70/><N who="0" m="26634" /><D20/><U112/><E49/><V13/><F135/><N who="0" m="51754" /><D116/><N who="1" m="44651" /><E50/><V31/><F113/><W61/><G53/><T38/><D1/><U81/><E112/><V109/><F109/><W14/><G43/><T124/><D124/><U103/><E82/><V59/><F77/><W68/><REACH who="3" step="1"/><G73/><REACH who="3" ten="243,265,246,236" step="2"/><T54/><D54/><U60/><E60/><V72/><F72/><W10/><G10/><T3/><D75/><U46/><E46/><V88/><F45/><W86/><G86/><T28/><D65/><U80/><E80/><V78/><F66/><W23/><G23/><T87/><D64/><U104/><E99/><V30/><F22/><W63/><G63/><T120/><D87/><U15/><E15/><V85/><F13/><W125/><G125/><T123/><D3/><U57/><E57/><V133/><F58/><W41/><G41/><T11/><D11/><U119/><N who="1" m="44659" /><U8/><DORA hai="128" /><E8/><V130/><F133/><W100/><G100/><AGARI ba="0,1" hai="74,76,81,95,97,98,100,103,104,121,122" m="44659" machi="100" ten="40,7700,0" yaku="34,2,52,1" doraHai="107,128" who="1" fromWho="3" sc="243,0,265,87,246,0,236,-77" /><INIT seed="1,1,0,0,4,51" ten="243,352,246,159" oya="1" hai0="53,3,89,21,45,132,83,49,9,106,113,63,10" hai1="115,135,65,43,0,15,47,126,24,46,38,54,76" hai2="99,26,58,14,102,104,88,97,94,82,59,39,91" hai3="69,73,50,109,84,64,105,29,6,41,77,112,22"/><U36/><E0/><V52/><F39/><W124/><G109/><T119/><D119/><U31/><E115/><V100/><F58/><W134/><G124/><T33/><D33/><U23/><E126/><V72/><F26/><W20/><G134/><T128/><D106/><U121/><E121/><V35/><F35/><W16/><G112/><T80/><D113/><U131/><E131/><V96/><F14/><W92/><G105/><T1/><D3/><U133/><E65/><V66/><F66/><W62/><G6/><T2/><D1/><U57/><E15/><V40/><F40/><W95/><G73/><T79/><D2/><U28/><E76/><V110/><F110/><W130/><G130/><T117/><D117/><U11/><E11/><V60/><REACH who="2" step="1"/><F97/><REACH who="2" ten="243,352,236,159" step="2"/><W55/><G41/><T81/><D45/><U27/><E38/><V30/><F30/><W101/><G29/><T74/><D128/><U56/><E47/><V17/><F17/><W93/><G101/><T114/><D114/><U108/><E108/><V68/><F68/><W78/><G84/><T103/><D74/><U87/><E87/><V116/><F116/><W4/><G4/><T67/><D103/><U71/><E71/><V107/><F107/><W44/><REACH who="3" step="1"/><G22/><REACH who="3" ten="243,352,236,149" step="2"/><T61/><D21/><U118/><E118/><V111/><F111/><W90/><G90/><T18/><D89/><U86/><E86/><V125/><F125/><W123/><G123/><T8/><D18/><U127/><E127/><V37/><F37/><W122/><G122/><T120/><D120/><U5/><E23/><V98/><F98/><RYUUKYOKU ba="1,2" sc="243,-15,352,-15,236,15,149,15" hai2="52,59,60,72,82,88,91,94,96,99,100,102,104" hai3="16,20,44,50,55,62,64,69,77,78,92,93,95" /><INIT seed="2,2,2,5,0,98" ten="228,337,251,164" oya="2" hai0="103,109,6,119,84,64,107,66,130,28,41,31,54" hai1="7,108,95,19,55,120,8,26,46,21,25,93,118" hai2="92,65,111,5,52,101,125,124,81,102,44,43,99" hai3="34,0,131,104,37,51,49,79,106,45,39,121,27"/><V24/><F65/><W116/><G121/><T87/><D107/><U112/><E118/><V36/><F111/><W15/><G116/><T90/><D119/><U80/><E112/><V76/><F5/><W100/><G0/><T57/><D109/><U78/><E108/><V33/><F33/><W56/><G131/><T50/><D130/><U58/><E46/><V77/><F24/><W38/><G79/><T59/><D6/><U113/><E113/><V53/><F102/><W22/><G15/><T14/><D14/><N who="1" m="5407" /><E25/><V128/><F77/><W133/><G133/><T29/><D103/><U127/><E127/><N who="2" m="48715" /><F128/><W48/><G34/><T63/><D41/><U123/><E123/><V2/><F2/><W16/><G45/><T129/><D129/><U83/><E120/><V82/><F82/><N who="1" m="31273" /><E78/><V115/><F115/><W73/><G73/><AGARI ba="2,2" hai="36,43,44,52,53,73,76,81,92,99,101" m="48715" machi="73" ten="30,5800,0" yaku="18,1,52,1,54,1" doraHai="98" who="2" fromWho="3" sc="228,0,337,0,251,84,164,-64" /><INIT seed="2,3,0,5,4,97" ten="228,337,335,100" oya="2" hai0="119,95,132,76,23,107,104,115,8,68,10,13,24" hai1="17,85,94,87,74,11,9,33,89,75,54,42,110" hai2="111,53,100,72,106,35,120,27,48,46,116,126,57" hai3="44,59,105,55,34,118,122,5,0,84,121,91,2"/><V3/><F116/><W58/><G34/><T134/><D115/><U7/><E110/><V41/><F120/><W6/><G118/><T128/><D119/><U21/><E33/><V96/><F126/><W124/><G124/><T38/><D68/><U82/><E54/><V47/><F111/><W73/><G73/><T4/><D38/><U14/><E42/><V99/><F72/><W40/><G105/><T78/><D95/><U61/><E61/><V113/><F113/><W28/><G28/><N who="0" m="17439" /><D128/><U114/><E114/><V102/><F3/><W101/><G40/><T26/><D26/><U25/><REACH who="1" step="1"/><E11/><REACH who="1" ten="228,327,335,100" step="2"/><V88/><F41/><W56/><G122/><T29/><D10/><U90/><AGARI ba="3,1" hai="7,9,14,17,21,25,74,75,82,85,87,89,90,94" machi="90" ten="20,5200,0" yaku="1,1,2,1,0,1,7,1,53,0" doraHai="97" doraHaiUra="30" who="1" fromWho="1" sc="228,-16,327,71,335,-29,100,-16" /><INIT seed="3,0,0,3,3,104" ten="212,398,306,84" oya="3" hai0="131,9,71,59,18,58,114,40,92,117,21,44,51" hai1="41,96,5,19,95,11,109,23,110,8,107,53,135" hai2="128,42,116,65,15,0,22,105,6,55,62,26,79" hai3="3,54,76,47,119,108,77,99,35,118,73,30,89"/><W123/><G123/><T125/><D71/><U14/><E107/><V1/><F116/><W20/><G3/><T32/><D32/><U134/><E53/><V34/><F105/><W93/><G35/><T27/><D117/><U33/><E41/><V132/><F42/><W10/><G108/><N who="1" m="41578" /><E33/><V2/><F79/><W45/><G10/><N who="1" m="3626" /><E5/><V103/><F103/><AGARI ba="0,0" hai="14,19,23,95,96,103,134,135" m="3626,41578" machi="103" ten="30,1000,0" yaku="14,1" doraHai="104" who="1" fromWho="2" sc="212,0,398,10,306,-10,84,0" owari="212,-18.8,408,50.8,296,9.6,84,-41.6" /></mjloggm>