<mjloggm ver="2.3"><GO type="225" lobby="0"/><UN n0="%28%EF%BF%A3%E2%96%BD%EF%BF%A3%29%CE%B4%E2%8C%92%E3%83%BB" n1="%47%48%4F%53%54" n2="%E4%BF%BA%E3%81%A8%E5%A6%96%E5%A4%A2" n3="%E3%81%BF%E3%81%BF%E3%81%9A" dan="17,18,16,18" rate="2262.05,2218.98,2121.62,2260.42" sx="M,M,F,M"/><TAIKYOKU oya="0"/><INIT seed="0,0,0,4,0,6" ten="250,250,250,250" oya="0" hai0="130,47,79,49,33,127,134,102,37,109,8,115,2" hai1="22,85,117,61,124,15,23,41,56,31,93,86,65" hai2="113,12,114,128,106,30,77,7,45,19,18,20,121" hai3="126,116,38,132,97,81,82,28,43,42,0,80,101"/><T69/><RYUUKYOKU type="yao9" ba="0,0" sc="250,0,250,0,250,0,250,0" hai0="2,8,33,37,47,49,69,79,102,109,115,127,130,134" /><INIT seed="0,1,0,4,2,21" ten="250,250,250,250" oya="0" hai0="29,32,2,60,123,35,16,38,6,104,14,47,93" hai1="117,61,97,53,111,118,9,100,82,66,64,87,74" hai2="31,62,99,126,8,132,50,103,7,63,134,51,121" hai3="49,34,19,83,10,77,130,114,107,110,18,33,57"/><T24/><D104/><U36/><E74/><V1/><F121/><W42/><G114/><T119/><D123/><U40/><E111/><V55/><F126/><W17/><G107/><T124/><D124/><U86/><E36/><V108/><F108/><W26/><G110/><T131/><D119/><U125/><E125/><V113/><F113/><W44/><G130/><T133/><D131/><U88/><E40/><V85/><F85/><W115/><G115/><T102/><D133/><N who="2" m="51306" /><F31/><W54/><G10/><N who="0" m="2391" /><D60/><N who="2" m="23082" /><F55/><W39/><REACH who="3" step="1"/><G26/><REACH who="3" ten="250,250,250,240" step="2"/><T43/><D102/><U71/><E100/><V128/><F128/><W68/><G68/><T46/><D24/><U70/><E71/><V116/><F116/><W72/><AGARI ba="1,1" hai="17,18,19,33,34,39,42,44,49,54,57,72,77,83" machi="72" ten="30,4000,0" yaku="1,1,0,1,53,1" doraHai="21" doraHaiUra="76" who="3" fromWho="3" sc="250,-21,250,-11,250,-11,240,53" /><INIT seed="1,0,0,0,1,34" ten="229,239,239,293" oya="1" hai0="91,36,16,61,109,132,127,20,116,105,82,119,62" hai1="124,43,75,72,103,92,44,27,19,86,108,97,88" hai2="130,51,98,101,77,10,0,49,28,1,85,7,57" hai3="45,55,15,59,123,3,18,68,2,118,8,94,56"/><U46/><E124/><V66/><F130/><W54/><G123/><T106/><D36/><U52/><E108/><V21/><F49/><W11/><G68/><T23/><D109/><U114/><E114/><V95/><F77/><W131/><G131/><T113/><D127/><U74/><E43/><V65/><F85/><W84/><G118/><T128/><D128/><U4/><E4/><V73/><F73/><W133/><G133/><T126/><D126/><U13/><E27/><V69/><F69/><W38/><G38/><T12/><D113/><U40/><E40/><V102/><F102/><W9/><G45/><T117/><D132/><U135/><E135/><V100/><F100/><W79/><G79/><T48/><D48/><U111/><E111/><V50/><F0/><W81/><G81/><T64/><D23/><U134/><E52/><N who="3" m="20010" /><G2/><T42/><D42/><U112/><E112/><V125/><F125/><W37/><G3/><T78/><D91/><U25/><E25/><N who="2" m="16431" /><F66/><W83/><G37/><T14/><D14/><U30/><E30/><V76/><F76/><N who="3" m="46183" /><G94/><T63/><REACH who="0" step="1"/><D64/><REACH who="0" ten="219,239,239,293" step="2"/><U33/><E134/><V60/><AGARI ba="0,1" hai="1,7,10,50,51,57,60,65,95,98,101" m="16431" machi="60" ten="30,2000,0" yaku="25,1,52,1" doraHai="34" who="2" fromWho="2" sc="219,-5,239,-10,239,30,293,-5" /><INIT seed="2,0,0,5,0,28" ten="214,229,269,288" oya="2" hai0="112,26,111,93,12,115,135,107,86,49,80,96,105" hai1="102,60,23,71,85,106,98,103,87,42,21,47,104" hai2="84,34,62,68,14,117,20,126,131,25,0,35,123" hai3="124,120,46,133,114,74,70,108,19,37,88,36,31"/><V29/><F117/><W121/><G74/><T91/><D12/><U79/><E71/><V113/><F113/><N who="0" m="43594" /><D26/><U54/><E60/><V6/><F123/><W15/><G70/><T58/><D58/><U48/><E42/><V1/><F62/><W41/><G114/><T45/><D49/><U30/><E79/><V92/><F68/><W40/><G108/><T52/><D52/><U43/><E43/><V129/><F84/><W65/><G133/><T99/><D45/><U119/><E119/><V76/><F92/><W75/><G124/><T94/><D135/><U81/><E30/><V64/><F76/><W95/><G75/><T122/><D122/><U132/><E132/><V17/><F64/><W127/><G31/><T27/><D27/><U24/><E24/><V97/><F97/><N who="0" m="37450" /><D111/><U7/><E7/><V32/><F126/><W33/><G65/><T134/><D134/><U22/><E103/><V11/><F0/><W101/><G101/><T2/><D2/><U82/><REACH who="1" step="1"/><E106/><AGARI ba="0,0" hai="80,86,91,93,94,105,106,107" m="37450,43594" machi="106" ten="30,2000,0" yaku="34,2" doraHai="28" who="0" fromWho="1" sc="214,20,229,-20,269,0,288,0" /><INIT seed="3,0,0,3,3,15" ten="234,209,269,288" oya="3" hai0="10,39,110,84,48,11,80,44,93,92,66,4,51" hai1="102,19,126,57,117,18,82,71,22,77,74,121,47" hai2="1,107,104,43,112,38,40,124,41,16,75,65,67" hai3="78,116,96,79,52,68,115,54,21,23,100,34,122"/><W30/><G115/><T97/><D110/><U69/><E121/><V103/><F112/><W119/><G68/><T2/><D66/><N who="2" m="25098" /><F1/><W72/><G34/><T81/><D11/><U76/><E126/><V108/><F75/><W129/><G122/><T70/><D70/><U55/><E117/><V114/><F114/><W49/><G129/><T123/><D123/><U86/><E102/><V128/><F103/><W98/><G100/><T63/><D63/><U14/><E47/><V35/><F35/><W85/><G85/><T99/><D39/><U73/><E19/><V113/><F113/><W25/><G49/><T53/><D51/><U36/><E36/><V131/><F38/><W5/><G25/><T88/><REACH who="0" step="1"/><D84/><REACH who="0" ten="224,209,269,288" step="2"/><U130/><E130/><N who="2" m="49707" /><F108/><W9/><G72/><T94/><D94/><U133/><E133/><V59/><F124/><W46/><G9/><T28/><D28/><U8/><E86/><V31/><F31/><W13/><G30/><T12/><D12/><U37/><E37/><V111/><F111/><W120/><G13/><T90/><AGARI ba="0,1" hai="2,4,10,44,48,53,80,81,88,90,92,93,97,99" machi="90" ten="20,8000,1" yaku="1,1,0,1,7,1,9,1,54,1,53,0" doraHai="15" doraHaiUra="62" who="0" fromWho="0" sc="224,90,209,-20,269,-20,288,-40" owari="314,41.4,189,-31.1,249,4.9,248,-15.2" /></mjloggm>