<mjloggm ver="2.3"><GO type="225" lobby="0"/><UN n0="%E9%9B%80%E6%A5%B5%E3%81%AE%E3%81%B8" n1="%E3%81%B2%E3%81%AA%E3%81%AE%E3%82%8A%E3%81%8F" n2="%E3%83%AD%E3%83%83%E3%83%86%E9%9B%80%E7%90%83" n3="%E6%80%AA%E3%81%97%E3%81%99%E3%81%8E%E3%82%8B%E3%83%81%E3%83%BC" dan="16,17,17,16" rate="2098.19,2192.69,2251.26,2102.35" sx="M,M,M,M"/><TAIKYOKU oya="0"/><INIT seed="0,0,0,0,5,26" ten="250,250,250,250" oya="0" hai0="125,110,94,69,37,91,121,75,118,40,76,59,2" hai1="113,54,123,38,79,42,114,3,4,41,78,44,83" hai2="21,104,102,119,128,47,84,70,46,53,130,11,51" hai3="105,134,67,106,10,28,9,85,99,103,0,86,61"/><T45/><D118/><U116/><E116/><V56/><F119/><W82/><G134/><T34/><D121/><U120/><E42/><V98/><F70/><W66/><G105/><T52/><D69/><U5/><E54/><V55/><F21/><W117/><G117/><T71/><D71/><U60/><E60/><V1/><F84/><W126/><G126/><T74/><D110/><U58/><E58/><V129/><REACH who="2" step="1"/><F55/><REACH who="2" ten="250,250,240,250" step="2"/><W108/><G86/><T39/><D52/><U20/><E120/><V50/><F50/><W17/><G85/><T12/><D39/><U8/><E123/><V7/><AGARI ba="0,1" hai="1,7,11,46,47,51,53,56,98,102,104,128,129,130" machi="7" ten="40,5200,0" yaku="1,1,0,1,19,1,53,0" doraHai="26" doraHaiUra="13" who="2" fromWho="2" sc="250,-26,250,-13,240,62,250,-13" /><INIT seed="1,0,0,5,3,118" ten="224,237,302,237" oya="1" hai0="49,91,62,130,48,96,92,86,120,1,125,99,70" hai1="22,53,104,77,76,38,87,106,105,98,124,80,8" hai2="10,129,35,131,40,2,23,82,74,123,18,33,75" hai3="126,121,101,134,117,56,66,44,43,71,27,58,122"/><U41/><E124/><V67/><F67/><W21/><G117/><T109/><D1/><U95/><E76/><V85/><F123/><W90/><G126/><T20/><D125/><U132/><E132/><V46/><F10/><W128/><G134/><T5/><D109/><U97/><E53/><V79/><F2/><W93/><G101/><T25/><D130/><N who="2" m="49674" /><F23/><W73/><G73/><N who="2" m="27657" /><F18/><W133/><G133/><T42/><D5/><U59/><E8/><V81/><F81/><W9/><G9/><T29/><D120/><U11/><E11/><V15/><F15/><W55/><G128/><T14/><D14/><U107/><E107/><V47/><F47/><W0/><G0/><T50/><REACH who="0" step="1"/><D42/><REACH who="0" ten="214,237,302,237" step="2"/><U13/><E41/><V103/><F103/><W135/><G43/><T72/><D72/><U7/><E7/><V3/><F3/><W26/><G135/><T34/><D34/><U116/><E116/><V127/><F127/><W6/><G6/><T83/><D83/><U45/><E13/><V51/><AGARI ba="0,1" hai="33,35,40,46,51,79,82,85" m="27657,49674" machi="51" ten="30,1100,0" yaku="19,1" doraHai="118" who="2" fromWho="2" sc="214,-3,237,-5,302,21,237,-3" /><INIT seed="2,0,0,1,0,132" ten="211,232,323,234" oya="2" hai0="103,63,65,18,26,1,73,90,59,123,93,37,133" hai1="50,129,128,30,55,15,64,61,119,131,69,52,4" hai2="31,121,106,126,10,127,16,46,79,72,43,120,28" hai3="86,78,94,9,7,88,95,89,27,116,112,102,97"/><V39/><F106/><W83/><G116/><T114/><D133/><U35/><E119/><V54/><F54/><W113/><G27/><T101/><D114/><N who="3" m="44137" /><G9/><T0/><D73/><U82/><E35/><V21/><F10/><W130/><G7/><T109/><D37/><U76/><E30/><N who="2" m="11307" /><F79/><W5/><G5/><T2/><D123/><U125/><E125/><N who="2" m="47627" /><F72/><N who="3" m="43463" /><G130/><T25/><D2/><U41/><E41/><V117/><F117/><W56/><G56/><T42/><D1/><U81/><E55/><V84/><F84/><W107/><G89/><T99/><D0/><U110/><E110/><V108/><F108/><W24/><G24/><AGARI ba="0,0" hai="16,21,24,39,43,46,120,121" m="47627,11307" machi="24" ten="30,12000,1" yaku="18,1,52,3,54,1" doraHai="132" who="2" fromWho="3" sc="211,0,232,0,323,120,234,-120" /><INIT seed="2,1,0,2,4,100" ten="211,232,443,114" oya="2" hai0="81,49,72,71,56,99,105,32,80,22,57,5,26" hai1="121,66,45,30,3,75,135,92,69,2,77,55,17" hai2="37,108,106,96,42,98,63,123,113,46,61,21,86" hai3="44,8,109,27,118,47,34,31,15,62,131,18,19"/><V9/><F113/><W20/><G118/><T124/><D71/><U73/><E30/><V29/><F123/><W132/><G109/><T10/><D32/><U89/><E66/><V76/><F108/><W1/><G132/><T85/><D72/><U23/><E69/><V50/><F37/><W104/><G131/><T74/><D74/><U103/><E103/><V12/><F106/><W79/><G104/><T0/><D124/><U25/><E75/><V97/><F21/><W133/><G133/><T122/><D122/><U91/><E91/><V107/><F107/><W101/><G101/><T94/><D49/><U83/><E121/><V114/><F29/><W116/><G116/><T51/><D51/><U35/><E35/><V64/><F64/><W90/><G79/><T14/><D0/><U68/><E68/><V102/><F102/><W95/><G62/><T127/><D127/><U93/><E93/><V59/><F59/><N who="0" m="22602" /><D85/><U78/><E78/><V48/><F48/><W11/><G1/><T120/><D105/><U126/><E126/><V128/><F128/><W43/><G43/><T87/><D87/><N who="1" m="52287" /><E135/><V60/><F114/><W129/><G129/><T119/><D119/><U7/><E7/><V125/><F125/><W58/><G58/><T36/><D36/><U38/><E38/><V130/><F130/><W4/><G4/><T112/><D112/><U117/><E117/><V111/><F111/><W28/><G28/><N who="0" m="17495" /><D120/><U88/><E3/><V70/><F70/><W33/><G33/><T40/><D40/><U134/><E2/><V110/><F110/><W115/><G115/><RYUUKYOKU ba="1,0" sc="211,30,232,-10,443,-10,114,-10" hai0="5,10,14,80,81,94,99" /><INIT seed="3,2,0,2,3,98" ten="241,222,433,104" oya="3" hai0="60,7,52,12,59,113,77,68,29,128,66,134,106" hai1="11,119,37,49,51,125,78,53,115,84,32,104,89" hai2="16,44,132,90,105,5,28,131,72,50,55,33,135" hai3="10,80,43,96,23,82,79,41,4,18,117,26,56"/><W133/><G133/><N who="2" m="51273" /><F131/><W2/><G117/><T126/><D106/><U39/><E78/><V9/><F105/><W3/><G3/><T14/><D113/><U124/><E115/><V127/><F127/><N who="1" m="48713" /><E32/><V116/><F116/><W76/><G56/><T75/><D128/><U81/><E104/><V21/><F72/><W45/><G96/><T0/><D77/><U91/><E119/><V17/><F33/><W95/><G95/><T54/><D75/><U64/><E64/><V35/><F35/><W34/><G34/><T71/><D66/><U62/><E62/><V61/><F61/><W47/><G79/><T114/><D114/><U100/><E91/><V107/><F107/><W36/><REACH who="3" step="1"/><G76/><REACH who="3" ten="241,222,433,94" step="2"/><T1/><D1/><U42/><E81/><V94/><F94/><W121/><G121/><T73/><D0/><U19/><E39/><AGARI ba="2,1" hai="2,4,10,18,23,26,36,39,41,43,45,47,80,82" machi="39" ten="30,5800,0" yaku="1,1,7,1,9,1,53,0" doraHai="98" doraHaiUra="108" who="3" fromWho="1" sc="241,0,222,-64,433,0,94,74" /><INIT seed="3,3,0,5,0,113" ten="241,158,433,168" oya="3" hai0="2,112,22,117,87,135,56,30,14,92,100,39,57" hai1="95,71,104,133,60,111,21,81,13,121,90,125,7" hai2="37,10,77,123,29,27,55,34,12,69,18,68,6" hai3="106,99,52,98,74,58,72,80,101,26,4,124,126"/><W45/><G4/><T61/><D39/><U23/><E104/><V85/><F123/><W119/><G45/><T0/><D117/><U108/><E121/><V94/><F37/><W5/><G5/><T107/><D107/><U88/><E133/><V15/><F55/><W44/><G44/><T11/><D56/><U128/><E128/><V33/><F33/><W86/><G99/><N who="0" m="59495" /><D87/><N who="1" m="50287" /><E125/><N who="3" m="48234" /><G26/><N who="0" m="16727" /><D135/><U103/><E103/><V24/><F24/><W134/><G134/><T9/><D112/><U115/><E115/><V67/><F27/><W105/><G105/><T70/><D70/><U110/><E71/><V65/><F6/><W35/><G35/><T59/><D57/><U84/><E60/><V63/><F69/><W118/><G74/><T116/><D116/><N who="3" m="44585" /><G72/><T20/><D2/><U75/><E75/><V46/><F68/><W129/><G129/><T42/><D42/><U96/><E84/><V32/><F46/><W38/><G38/><T89/><D14/><U50/><E50/><V1/><F15/><W120/><G120/><T83/><D0/><U131/><E131/><V76/><F12/><W127/><N who="3" m="48242" /><W19/><DORA hai="31" /><G19/><T17/><D17/><U48/><E48/><V62/><F18/><W41/><G41/><T16/><D16/><U43/><E43/><V49/><F34/><W8/><G8/><AGARI ba="3,0" hai="7,8,13,21,23,90,95,96,108,110,111" m="50287" machi="8" ten="30,2000,0" yaku="14,1,54,1" doraHai="113,31" who="1" fromWho="3" sc="241,0,158,29,433,0,168,-29" owari="241,4.1,187,-21.3,433,53.3,139,-36.1" /></mjloggm>