<mjloggm ver="2.3"><GO type="225" lobby="0"/><UN n0="%E3%82%BC%E3%83%AB%E3%83%80%E3%81%AE%E4%BC%9D%E8%AA%AC" n1="%28%EF%BF%A3%E2%96%BD%EF%BF%A3%29%CE%B4%E2%8C%92%E3%83%BB" n2="%33%74%72%65%65" n3="%E5%8F%AF%E5%85%90%E9%82%A3%E7%94%B1%E5%A4%9A" dan="17,16,16,17" rate="2141.23,2109.42,2094.49,2183.75" sx="M,M,F,F"/><TAIKYOKU oya="0"/><INIT seed="0,0,0,4,0,38" ten="250,250,250,250" oya="0" hai0="16,15,119,89,101,84,65,46,111,67,127,133,69" hai1="97,31,76,126,2,18,40,21,106,13,99,74,59" hai2="113,0,88,45,14,80,91,3,24,49,29,22,23" hai3="73,121,53,114,36,93,108,75,48,66,109,95,8"/><T102/><D119/><U134/><E2/><V105/><F113/><W19/><G114/><T34/><D34/><U25/><E126/><V20/><F105/><W92/><G36/><T1/><D1/><U85/><E74/><V118/><F118/><W78/><G66/><T132/><D127/><U39/><E134/><N who="0" m="51817" /><D111/><N who="3" m="42569" /><G78/><T71/><D67/><U103/><E99/><V68/><F68/><N who="0" m="26186" /><D65/><U124/><E124/><V62/><F62/><W79/><G79/><T110/><D46/><U43/><E39/><V47/><F47/><N who="3" m="27807" /><G121/><T128/><D128/><U117/><E117/><V77/><F0/><W100/><G100/><T116/><D116/><U57/><E57/><V107/><F3/><W30/><G30/><T7/><D7/><U130/><E130/><V10/><F29/><W33/><G33/><T104/><D104/><U135/><E135/><V64/><F107/><W37/><G37/><T60/><D60/><U63/><E63/><V83/><F64/><W125/><G125/><T51/><D51/><U131/><E59/><V6/><F24/><W54/><G54/><T129/><D129/><U87/><E131/><V72/><REACH who="2" step="1"/><F80/><REACH who="2" ten="250,250,240,250" step="2"/><W27/><G27/><T4/><D110/><U123/><E123/><V5/><F5/><W120/><G120/><T82/><D4/><U94/><E106/><V52/><AGARI ba="0,1" hai="6,10,14,20,22,23,45,49,52,72,77,83,88,91" machi="52" ten="30,7900,0" yaku="1,1,0,1,54,2,53,0" doraHai="38" doraHaiUra="58" who="2" fromWho="2" sc="250,-39,250,-20,240,89,250,-20" /><INIT seed="1,0,0,5,0,135" ten="211,230,329,230" oya="1" hai0="72,117,21,93,3,40,57,121,90,30,92,66,43" hai1="37,9,54,107,125,1,81,65,51,12,86,87,29" hai2="76,80,47,11,22,0,4,108,26,110,84,18,2" hai3="111,27,39,20,102,68,23,61,64,71,33,130,60"/><U34/><E37/><V42/><REACH who="2" step="1"/><F2/><REACH who="2" ten="211,230,319,230" step="2"/><W99/><G39/><AGARI ba="0,1" hai="0,4,11,18,22,26,39,42,47,76,80,84,108,110" machi="39" ten="40,5200,0" yaku="21,2,2,1,53,0" doraHai="135" doraHaiUra="25" who="2" fromWho="3" sc="211,0,230,0,319,62,230,-52" /><INIT seed="2,0,0,4,3,121" ten="211,230,381,178" oya="2" hai0="57,9,73,31,12,26,8,120,65,133,59,10,74" hai1="34,114,86,67,76,79,16,18,122,63,87,48,1" hai2="58,108,96,32,15,129,103,132,71,101,37,109,97" hai3="39,5,107,126,54,127,80,17,112,110,70,88,7"/><V78/><F71/><W134/><G134/><T105/><D120/><U6/><E34/><V69/><F69/><W91/><G112/><T125/><D105/><U41/><E122/><V36/><F132/><W14/><G107/><T124/><D133/><U0/><E114/><V53/><F129/><W119/><G119/><T81/><D12/><U33/><E33/><V46/><F78/><W27/><G70/><T30/><D81/><U64/><E48/><V123/><F123/><W85/><G39/><N who="2" m="14921" /><F46/><W75/><G75/><N who="0" m="28683" /><D26/><U25/><E25/><V106/><F15/><W11/><G54/><T35/><D65/><U43/><REACH who="1" step="1"/><E6/><REACH who="1" ten="211,220,381,178" step="2"/><V89/><F32/><W130/><G130/><T3/><D35/><U21/><E21/><V28/><F109/><W94/><G110/><T66/><D9/><U24/><E24/><V20/><F20/><W22/><REACH who="3" step="1"/><G7/><REACH who="3" ten="211,220,381,168" step="2"/><T111/><D111/><U61/><AGARI ba="0,2" hai="0,1,16,18,41,43,61,63,64,67,76,79,86,87" machi="61" ten="25,8000,1" yaku="1,1,0,1,22,2,54,1,53,0" doraHai="121" doraHaiUra="2" who="1" fromWho="1" sc="211,-20,220,100,381,-40,168,-20" /><INIT seed="3,0,0,3,2,93" ten="191,320,341,148" oya="3" hai0="126,34,40,28,43,89,60,97,80,108,75,46,111" hai1="109,55,22,32,100,135,30,13,18,8,105,48,115" hai2="3,117,96,129,66,124,50,58,24,118,113,15,47" hai3="86,38,6,98,119,29,9,11,39,104,0,122,45"/><W125/><G119/><T44/><D126/><U54/><E115/><V35/><F3/><W59/><G122/><T133/><D133/><U90/><E135/><V94/><F113/><W69/><G69/><T67/><D28/><U21/><E109/><N who="0" m="42057" /><D34/><U4/><E32/><V134/><F124/><W20/><G125/><T114/><D114/><U65/><E30/><V14/><F134/><W102/><G45/><N who="0" m="17515" /><D97/><U57/><E55/><V63/><F24/><W27/><G11/><T2/><D2/><U77/><E77/><V37/><F37/><W7/><G7/><T53/><D53/><U123/><E123/><V56/><F56/><W1/><G1/><T103/><D103/><U76/><E76/><V128/><F35/><W49/><REACH who="3" step="1"/><G86/><REACH who="3" ten="191,320,341,138" step="2"/><N who="0" m="50375" /><D75/><U81/><E4/><V51/><F118/><W16/><G16/><T31/><D31/><U74/><E18/><V92/><F47/><W87/><G87/><T110/><D110/><U68/><E68/><AGARI ba="0,1" hai="40,43,60,67,68" m="50375,17515,42057" machi="68" ten="30,1000,0" yaku="14,1" doraHai="93" who="0" fromWho="1" sc="191,20,320,-10,341,0,138,0" owari="211,-18.9,310,11.0,341,44.1,138,-36.2" /></mjloggm>