<mjloggm ver="2.3"><GO type="225" lobby="0"/><UN n0="%E2%91%A3%E9%81%BF%E9%81%8A%E6%88%AF%E3%80%90%E6%9D%B1%E5%8D%97%E3%80%91" n1="%E6%A1%9C%E8%8A%B1%E9%96%83%E3%80%85" n2="%E3%81%9F%E3%81%93%E2%98%86%E7%84%BC%E3%81%8D" n3="%E3%81%BA%E3%82%93%E3%81%A1%E3%83%BC%E3%81%B4%E3%82%93%E3%81%A4%E3%82%82" dan="16,16,16,17" rate="2092.33,2109.39,2123.10,2208.05" sx="M,M,M,F"/><TAIKYOKU oya="0"/><INIT seed="0,0,0,3,2,95" ten="250,250,250,250" oya="0" hai0="71,130,106,2,127,92,5,124,110,87,66,13,15" hai1="131,24,115,21,76,64,97,111,104,3,14,90,11" hai2="132,58,68,112,113,56,134,105,53,102,125,46,117" hai3="45,78,39,99,96,32,38,73,17,57,128,88,42"/><T8/><D106/><U129/><E3/><V28/><F28/><W29/><G128/><N who="1" m="49226" /><E111/><V107/><F102/><W40/><G17/><T1/><D130/><U82/><E64/><V10/><F10/><W9/><G9/><N who="0" m="4271" /><D66/><U116/><E116/><V44/><F117/><W103/><G57/><T67/><D67/><U133/><E133/><V60/><F125/><N who="0" m="48202" /><D71/><U35/><E35/><V69/><REACH who="2" step="1"/><F60/><REACH who="2" ten="250,250,240,250" step="2"/><W63/><G103/><T18/><D110/><U37/><E11/><V70/><F70/><W6/><G63/><T84/><D2/><U4/><E21/><V126/><F126/><W25/><G29/><T23/><D1/><U91/><E115/><V12/><F12/><W54/><G32/><T77/><D8/><U26/><E24/><V62/><F62/><W16/><G25/><T33/><D33/><U22/><E26/><V74/><F74/><W30/><G30/><T48/><D15/><U51/><E22/><V65/><F65/><W121/><G73/><T123/><D23/><U7/><E14/><V49/><F49/><W118/><G118/><T81/><D48/><U93/><E51/><V109/><F109/><W36/><G36/><T41/><D18/><U75/><E37/><V47/><F47/><W101/><G39/><T31/><D31/><U120/><E75/><V27/><F27/><W122/><G38/><T85/><D41/><U55/><E4/><V79/><F79/><W34/><G40/><T43/><D43/><U0/><E7/><V61/><F61/><W119/><G42/><T52/><D77/><U108/><E76/><V94/><F94/><RYUUKYOKU ba="0,1" sc="250,-10,250,-10,240,30,250,-10" hai2="44,46,53,56,58,68,69,105,107,112,113,132,134" /><INIT seed="1,1,1,5,3,18" ten="240,240,270,240" oya="1" hai0="78,120,102,123,4,0,60,50,131,124,68,57,118" hai1="34,66,14,82,80,99,69,91,10,109,23,88,104" hai2="116,9,127,96,53,87,67,93,22,29,51,117,27" hai3="134,112,126,103,33,25,16,72,74,45,115,85,13"/><U56/><E34/><V73/><F73/><W38/><G134/><T31/><D102/><U135/><E69/><V129/><F129/><W37/><G103/><T125/><D78/><U94/><E135/><V110/><F110/><W61/><G61/><T63/><D31/><U97/><E109/><V92/><F127/><N who="0" m="48714" /><D4/><U121/><E121/><N who="0" m="46665" /><D0/><U2/><E2/><V105/><F9/><W30/><G126/><T113/><D131/><U26/><E104/><V44/><F67/><W42/><G38/><T77/><D77/><U11/><E56/><V32/><F105/><W79/><G85/><T84/><D84/><U106/><E66/><V70/><F70/><W5/><G5/><T48/><D118/><U8/><E14/><V7/><F7/><W107/><G107/><T108/><D108/><U3/><E3/><V86/><F87/><W101/><G101/><T54/><D113/><U39/><E39/><V132/><F132/><W133/><G133/><T64/><AGARI ba="1,1" hai="48,50,54,57,60,63,64,68" m="46665,48714" machi="64" ten="40,8000,1" yaku="18,1,13,1,34,2" doraHai="18" who="0" fromWho="0" sc="240,93,240,-41,270,-21,240,-21" /><INIT seed="2,0,0,3,4,90" ten="333,199,249,219" oya="2" hai0="6,10,120,72,40,69,3,62,83,34,56,130,110" hai1="94,14,32,12,133,129,53,22,104,100,11,81,123" hai2="19,103,54,135,125,26,124,59,122,115,107,61,39" hai3="65,5,92,114,128,46,79,8,60,102,25,47,119"/><V113/><F39/><W50/><G119/><T28/><D120/><U91/><E32/><V49/><F122/><W101/><G114/><T36/><D130/><U88/><E123/><V117/><F117/><W105/><G105/><T21/><D21/><U76/><E129/><V131/><F131/><W116/><G116/><T27/><D56/><U24/><E133/><V74/><F74/><W17/><G79/><T106/><D110/><U58/><E104/><V82/><F82/><W126/><G128/><T95/><D95/><U118/><E118/><V44/><F135/><W85/><G126/><N who="2" m="48745" /><F103/><W112/><G112/><T121/><D121/><U68/><E68/><V93/><F107/><W18/><G47/><T42/><D106/><U2/><E2/><V52/><F93/><W78/><G78/><T31/><D42/><U9/><E100/><V64/><F26/><W75/><G75/><T109/><D109/><U51/><E76/><V55/><F19/><W41/><G102/><T20/><D83/><U30/><E81/><V7/><F7/><W67/><G25/><T87/><D72/><U73/><E73/><V80/><F80/><W29/><G29/><T43/><D36/><U111/><E111/><V63/><F63/><W70/><G67/><N who="0" m="41207" /><D87/><N who="1" m="52511" /><E91/><V71/><F71/><W37/><G37/><T33/><D31/><U16/><E30/><V99/><F99/><N who="3" m="59623" /><G85/><T1/><D1/><U4/><E4/><V35/><F35/><W98/><G98/><T132/><D132/><U108/><E108/><V15/><F15/><AGARI ba="0,0" hai="9,11,12,14,15,16,22,24,51,53,58" m="52511" machi="15" ten="30,7700,0" yaku="8,1,52,1,54,2" doraHai="90" who="1" fromWho="2" sc="333,0,199,77,249,-77,219,0" /><INIT seed="3,0,0,5,5,76" ten="333,276,172,219" oya="3" hai0="108,85,33,116,8,121,40,46,41,67,11,99,87" hai1="115,101,96,32,98,44,78,107,80,110,36,106,83" hai2="43,47,95,10,75,23,120,118,5,73,45,68,48" hai3="16,74,89,20,81,39,79,66,126,38,25,103,112"/><W53/><G112/><T9/><D121/><U52/><E115/><V3/><F68/><W56/><G66/><T26/><D116/><U124/><E32/><V109/><F109/><W22/><G126/><T4/><D108/><U34/><E110/><V50/><F118/><W134/><G134/><T17/><D67/><U21/><E34/><V77/><F120/><W13/><G103/><T2/><D41/><U42/><E124/><V51/><F51/><W113/><G113/><T114/><D99/><U28/><E52/><V128/><F128/><W58/><G89/><T6/><D11/><U18/><E28/><V24/><F95/><W71/><G71/><T133/><D133/><U31/><E31/><V104/><F104/><W131/><G131/><T49/><D114/><U86/><E83/><V1/><F1/><W123/><G123/><T59/><D59/><U93/><E98/><V54/><F77/><W91/><G91/><T70/><D70/><U127/><E127/><V15/><REACH who="2" step="1"/><F3/><REACH who="2" ten="333,276,162,219" step="2"/><W119/><G119/><T111/><D111/><U92/><E92/><V90/><F90/><W129/><G129/><T105/><D105/><U37/><E37/><V64/><F64/><W12/><G39/><T82/><D2/><U72/><E107/><V117/><F117/><W132/><G38/><T125/><D49/><U97/><E106/><V122/><F122/><W130/><G132/><T57/><D125/><U35/><E36/><V63/><F63/><W29/><G130/><T65/><D65/><U62/><E62/><V7/><F7/><W135/><G135/><T60/><D6/><RYUUKYOKU ba="0,1" sc="333,-10,276,-10,162,30,219,-10" hai2="5,10,15,23,24,43,45,47,48,50,54,73,75" owari="333,43.3,266,6.6,192,-30.8,209,-19.1" /></mjloggm>