<mjloggm ver="2.3"><GO type="225" lobby="0"/><UN n0="%E3%81%BF%E3%81%BF%E3%81%9A" n1="%4E%6F%2E%30%30%30%31" n2="%47%48%4F%53%54" n3="%E3%81%B5%E3%81%98%E3%81%8B%E3%81%A4" dan="17,18,18,16" rate="2242.49,2202.61,2249.38,2199.46" sx="M,M,M,M"/><TAIKYOKU oya="0"/><INIT seed="0,0,0,5,4,56" ten="250,250,250,250" oya="0" hai0="20,124,78,28,35,65,93,128,64,9,86,115,106" hai1="51,92,100,27,45,16,23,8,0,67,80,118,60" hai2="102,40,1,110,108,57,81,120,127,77,121,134,71" hai3="113,97,7,107,119,75,72,83,131,21,76,43,91"/><T58/><D115/><U66/><E118/><V90/><F1/><W111/><G113/><T125/><D106/><U129/><E129/><V22/><F71/><W44/><G119/><T55/><D128/><U126/><E126/><N who="0" m="48745" /><D35/><U84/><E0/><V69/><F127/><W49/><G131/><T52/><D9/><U48/><E8/><V36/><F69/><W33/><G111/><N who="2" m="42537" /><F134/><W88/><G33/><T29/><D55/><U38/><E38/><V74/><F102/><W5/><G75/><T94/><D78/><U101/><E92/><N who="0" m="35433" /><D86/><U32/><E32/><V2/><F2/><W13/><G21/><T89/><D89/><U68/><E67/><N who="0" m="25673" /><D20/><U47/><E100/><V25/><F90/><W12/><G107/><T98/><D98/><U54/><E101/><V39/><F57/><W4/><REACH who="3" step="1"/><G97/><REACH who="3" ten="250,250,250,240" step="2"/><T85/><D85/><U30/><E84/><V61/><F74/><W18/><G18/><T73/><D73/><U50/><E16/><V26/><F22/><W46/><G46/><T53/><D53/><U3/><E47/><V114/><F114/><W59/><G59/><T87/><D87/><U123/><E45/><V103/><F26/><W6/><N who="3" m="1024" /><DORA hai="95" /><W42/><G42/><T105/><D105/><U79/><E54/><V122/><F25/><W117/><G117/><T130/><D130/><U15/><E3/><V34/><F34/><W24/><G24/><T31/><D28/><U37/><E30/><V62/><F40/><W14/><AGARI ba="0,1" hai="12,13,14,43,44,49,72,76,83,88,91" m="1024" machi="14" ten="50,6400,0" yaku="1,1,0,1,54,1,53,0" doraHai="56,95" doraHaiUra="63,116" who="3" fromWho="3" sc="250,-32,250,-16,250,-16,240,74" /><INIT seed="1,0,0,2,4,31" ten="218,234,234,314" oya="1" hai0="116,126,56,108,63,34,97,33,46,43,82,103,30" hai1="6,109,89,39,106,48,124,27,122,20,80,88,132" hai2="1,26,17,8,81,52,115,118,111,21,86,87,92" hai3="53,2,49,44,75,35,61,119,18,94,64,42,38"/><U113/><E113/><V125/><F118/><W60/><G119/><T58/><D116/><U127/><E122/><V99/><F115/><W67/><G75/><T22/><D108/><U123/><E123/><V24/><F111/><W59/><G2/><T69/><D69/><U98/><E39/><V117/><F117/><W133/><G133/><T16/><D30/><U71/><E71/><V76/><F125/><N who="1" m="48201" /><E132/><V54/><F86/><W28/><G18/><T104/><D82/><U112/><E112/><V101/><REACH who="2" step="1"/><F24/><REACH who="2" ten="218,234,224,314" step="2"/><W62/><REACH who="3" step="1"/><G94/><REACH who="3" ten="218,234,224,304" step="2"/><T36/><D126/><U77/><E109/><V135/><F135/><W93/><G93/><T9/><D9/><U14/><E106/><V41/><F41/><W45/><G45/><T131/><D131/><U15/><E80/><V134/><F134/><W107/><G107/><T85/><D85/><U91/><E98/><V0/><F0/><W74/><G74/><T110/><D110/><U78/><E27/><AGARI ba="0,2" hai="27,28,35,38,42,44,49,53,59,60,61,62,64,67" machi="27" ten="40,2600,0" yaku="1,1,52,1,53,0" doraHai="31" doraHaiUra="32" who="3" fromWho="1" sc="218,0,234,-26,224,0,304,46" /><INIT seed="2,0,0,0,5,113" ten="218,208,224,350" oya="2" hai0="119,114,69,80,70,30,39,47,37,126,96,124,21" hai1="112,0,20,67,3,40,65,14,116,38,13,101,17" hai2="73,93,117,18,132,34,35,82,71,63,105,118,135" hai3="24,121,111,103,100,28,89,8,109,131,9,50,127"/><V98/><F105/><W49/><G121/><T52/><D114/><U128/><E112/><V104/><F18/><W22/><G127/><N who="0" m="48683" /><D119/><N who="2" m="45578" /><F93/><W55/><G131/><T83/><D96/><U110/><E116/><V92/><F92/><W79/><G79/><T115/><D115/><U36/><E128/><V6/><F6/><W108/><G89/><T102/><D102/><N who="3" m="38953" /><G50/><N who="0" m="28767" /><D83/><U64/><E101/><N who="2" m="62519" /><F82/><W133/><G133/><N who="2" m="51273" /><F73/><W97/><G97/><T12/><D80/><U94/><E94/><V46/><F46/><AGARI ba="0,0" hai="8,9,22,24,28,46,49,55,108,109,111" m="38953" machi="46" ten="30,1000,0" yaku="14,1" doraHai="113" who="3" fromWho="2" sc="218,0,208,0,224,-10,350,10" /><INIT seed="3,0,0,2,5,7" ten="218,208,214,360" oya="3" hai0="9,26,115,116,106,74,97,55,3,17,68,11,37" hai1="45,131,101,30,121,12,95,112,78,102,111,107,2" hai2="100,31,64,130,5,87,133,48,109,110,89,134,19" hai3="43,80,51,28,0,52,14,60,123,126,25,81,22"/><W46/><G0/><T6/><D116/><U18/><E2/><V67/><F130/><W128/><G123/><T10/><D74/><U72/><E121/><V124/><F124/><W85/><G126/><T29/><D37/><U16/><E112/><V65/><F5/><W83/><G14/><T13/><D68/><U49/><E107/><V82/><F100/><N who="1" m="38505" /><E72/><V108/><F31/><W54/><G128/><T93/><D106/><U120/><E120/><V84/><F19/><N who="1" m="7209" /><E111/><V119/><F119/><W21/><G21/><N who="0" m="11439" /><D55/><N who="3" m="21033" /><G60/><T103/><D115/><U1/><E1/><V98/><F98/><W59/><G59/><T69/><D69/><U79/><E131/><V24/><F24/><W4/><G4/><T96/><D96/><U44/><E30/><V57/><F87/><AGARI ba="0,0" hai="22,25,28,43,46,51,80,81,83,85,87" m="21033" machi="87" ten="30,2900,0" yaku="8,1,54,1" doraHai="7" who="3" fromWho="2" sc="218,0,208,0,214,-29,360,29" owari="218,1.8,208,-19.2,185,-31.5,389,48.9" /></mjloggm>