<mjloggm ver="2.3"><GO type="225" lobby="0"/><UN n0="%E6%97%A5%E6%9B%9C%E6%97%A5%E3%82%88%E3%82%8A%E3%81%AE%E4%BD%BF%E8%80%85" n1="%E3%81%99%E3%81%84%E3%81%BE%E3%81%9B%E3%83%BC%E3%82%93" n2="%E3%81%BE%E3%81%A8%E3%81%9F" n3="%6D%75%75%6D%75%72%61" dan="17,16,16,16" rate="2156.39,2140.49,2171.87,2156.52" sx="M,M,M,F"/><TAIKYOKU oya="0"/><INIT seed="0,0,0,1,2,34" ten="250,250,250,250" oya="0" hai0="81,94,63,21,119,78,110,57,53,125,85,130,19" hai1="115,58,50,27,3,92,8,67,10,100,112,118,18" hai2="93,24,15,59,60,134,65,97,17,4,98,2,43" hai3="13,69,82,121,49,72,113,22,124,41,14,129,122"/><T32/><D119/><U108/><E118/><V109/><F109/><W123/><G113/><N who="1" m="43594" /><E108/><V68/><F134/><W89/><G69/><T106/><D110/><U102/><E92/><V135/><F135/><W40/><G124/><T104/><D32/><U5/><E27/><V76/><F76/><N who="3" m="44295" /><G129/><T6/><D130/><U71/><E71/><V103/><F43/><N who="3" m="16459" /><G49/><T105/><D125/><U132/><E132/><V35/><F68/><W116/><G116/><T128/><D128/><U37/><E37/><V95/><F35/><W12/><G89/><T111/><D111/><U30/><E30/><V36/><F24/><W117/><G117/><T29/><D29/><U25/><E25/><V1/><F4/><W26/><G26/><T42/><D6/><U33/><E33/><V46/><F46/><W120/><N who="3" m="30720" /><DORA hai="101" /><W75/><G75/><T66/><D42/><U114/><N who="1" m="43602" /><U83/><DORA hai="9" /><E83/><V127/><F127/><W61/><G61/><T38/><D38/><U96/><E50/><V90/><F36/><W7/><G7/><T48/><D94/><U52/><E96/><V79/><F79/><W55/><G55/><T23/><REACH who="0" step="1"/><D19/><AGARI ba="0,0" hai="12,13,14,19,22" m="30720,16459,44295" machi="19" ten="60,8000,1" yaku="13,1,52,3" doraHai="34,101,9" who="3" fromWho="0" sc="250,-80,250,0,250,0,250,80" /><INIT seed="1,0,0,1,2,134" ten="170,250,250,330" oya="1" hai0="71,59,58,63,62,18,128,5,31,83,131,81,30" hai1="86,78,43,53,100,54,115,70,120,97,69,50,111" hai2="93,7,10,24,12,121,124,33,132,42,123,2,102" hai3="48,104,15,22,52,1,135,38,122,85,64,27,116"/><U23/><E115/><V46/><F132/><W92/><G1/><T107/><D107/><U4/><E120/><V68/><F68/><W14/><G135/><T109/><D5/><U118/><E118/><V89/><F102/><W72/><G122/><T105/><D105/><U75/><E75/><V80/><F80/><N who="0" m="30794" /><D71/><U35/><E35/><V21/><F33/><W129/><G72/><T45/><D45/><U108/><E78/><V8/><F8/><W61/><G38/><T84/><D84/><U82/><E86/><V51/><F2/><W36/><G36/><T47/><D47/><N who="1" m="25983" /><E82/><V110/><F121/><W119/><G104/><T26/><D18/><U114/><E114/><V67/><F123/><W55/><G129/><N who="0" m="49739" /><D26/><U94/><E69/><V90/><F24/><W106/><G106/><T91/><D91/><U66/><E4/><V101/><F89/><N who="3" m="53295" /><G119/><T60/><D109/><N who="1" m="42059" /><E23/><V88/><F21/><W79/><G79/><T95/><D95/><U13/><E13/><V87/><F110/><W126/><G116/><T0/><D0/><U6/><E6/><V32/><F93/><W73/><G73/><T103/><D103/><U17/><E17/><V77/><F101/><W130/><G130/><T29/><AGARI ba="0,0" hai="29,30,31,58,59,60,62,63" m="49739,30794" machi="29" ten="40,5200,0" yaku="28,2,19,1" doraHai="134" who="0" fromWho="0" sc="170,52,250,-26,250,-13,330,-13" /><INIT seed="2,0,0,3,1,83" ten="222,224,237,317" oya="2" hai0="40,105,79,111,95,73,37,48,115,3,89,20,106" hai1="133,114,55,108,56,99,39,27,34,134,110,68,59" hai2="117,62,5,77,17,118,101,58,8,128,65,123,33" hai3="112,19,42,50,10,30,78,74,31,0,14,11,66"/><V63/><F123/><W85/><G74/><T97/><D37/><U127/><E114/><V131/><F33/><W28/><G112/><T94/><D3/><U49/><E99/><V9/><F101/><W132/><G132/><N who="1" m="50794" /><E34/><V126/><F17/><W7/><G66/><T82/><D115/><U54/><E27/><V61/><F77/><W87/><REACH who="3" step="1"/><G78/><REACH who="3" ten="222,224,237,307" step="2"/><T46/><D111/><U67/><E67/><V80/><F65/><W29/><N who="3" m="7168" /><DORA hai="57" /><W64/><G64/><T90/><REACH who="0" step="1"/><D20/><REACH who="0" ten="212,224,237,307" step="2"/><U15/><E110/><V2/><F118/><W122/><G122/><T70/><D70/><U93/><E68/><V116/><F117/><W18/><G18/><T71/><D71/><U130/><E108/><V92/><F116/><W103/><G103/><T52/><D52/><U81/><E55/><V121/><F121/><W84/><G84/><AGARI ba="0,2" hai="40,46,48,73,79,82,84,89,90,94,95,97,105,106" machi="84" ten="30,7700,0" yaku="1,1,7,1,52,1,53,1" doraHai="83,57" doraHaiUra="41,119" who="0" fromWho="3" sc="212,97,224,0,237,0,307,-77" /><INIT seed="3,0,0,5,1,107" ten="309,224,237,230" oya="3" hai0="10,126,63,48,124,104,18,86,37,1,93,75,13" hai1="50,28,40,66,92,94,11,123,105,77,112,47,49" hai2="109,33,134,81,45,108,114,31,26,82,38,110,64" hai3="78,131,76,73,115,59,98,52,118,27,135,133,8"/><W65/><G115/><T21/><D75/><U102/><E123/><V106/><F134/><N who="3" m="51211" /><G118/><T79/><D104/><U41/><E112/><V43/><F114/><W0/><G131/><T91/><D37/><U89/><E77/><V99/><REACH who="2" step="1"/><F64/><REACH who="2" ten="309,224,227,230" step="2"/><W74/><G65/><T9/><D126/><U117/><E66/><V25/><F25/><W80/><G27/><T120/><D124/><U53/><E117/><V22/><F22/><W132/><BYE who="2" /><G132/><UN n2="%E3%81%BE%E3%81%A8%E3%81%9F" /><T72/><D120/><U42/><E11/><V19/><F19/><W14/><G0/><T61/><D1/><U16/><E16/><V129/><F129/><W101/><G8/><T127/><D127/><U60/><E28/><V57/><F57/><W34/><G34/><T83/><D9/><U5/><E5/><V125/><F125/><W62/><G14/><T68/><D10/><U69/><E69/><V70/><F70/><W67/><G67/><T90/><D68/><U85/><E47/><V55/><F55/><W3/><G3/><T29/><D29/><U7/><E7/><V20/><F20/><W35/><G35/><T96/><D48/><U71/><E71/><V58/><F58/><W36/><G36/><T32/><D32/><U4/><E4/><V54/><F54/><W128/><G128/><T100/><D61/><U95/><E60/><V87/><F87/><N who="3" m="48519" /><G78/><T121/><D63/><U23/><E23/><V119/><F119/><W51/><G62/><T46/><D121/><U44/><E50/><V122/><F122/><W56/><G56/><T2/><D2/><U116/><E116/><V88/><F88/><RYUUKYOKU ba="0,1" sc="309,-30,224,10,227,10,230,10" hai1="40,41,42,44,49,53,85,89,92,94,95,102,105" hai2="26,31,33,38,43,45,81,82,99,106,108,109,110" hai3="51,52,59,73,74,98,101" /><INIT seed="3,1,1,4,3,73" ten="279,234,237,240" oya="3" hai0="127,47,69,55,4,97,63,9,78,38,33,40,91" hai1="106,39,34,50,14,45,18,16,43,0,30,96,105" hai2="129,12,37,25,87,27,35,79,8,3,29,2,15" hai3="130,92,122,58,95,44,68,111,51,102,128,65,81"/><W132/><G122/><T88/><D33/><U116/><E0/><N who="2" m="43" /><F37/><W118/><G118/><T22/><D127/><U108/><E116/><V133/><F87/><W113/><G68/><T74/><D22/><U28/><E108/><V121/><F79/><W6/><G113/><T21/><D21/><U1/><E1/><V109/><F109/><W120/><G6/><T60/><D55/><U135/><E135/><V107/><F107/><W56/><G111/><T54/><D54/><U5/><E39/><V32/><F133/><W89/><G120/><T53/><D53/><U52/><E43/><V75/><F75/><W100/><G132/><T46/><D46/><U11/><E106/><V86/><F86/><N who="3" m="50383" /><G44/><T98/><D69/><U19/><REACH who="1" step="1"/><E34/><REACH who="1" ten="279,224,237,240" step="2"/><V80/><F121/><W64/><G128/><T23/><D38/><U57/><E57/><V125/><F129/><W71/><G130/><T119/><D40/><U131/><E131/><V26/><F125/><W115/><G115/><T31/><D119/><U90/><E90/><V20/><F35/><W48/><G71/><T123/><D91/><U114/><E114/><V77/><F32/><W124/><G124/><T76/><D88/><U103/><AGARI ba="1,2" hai="5,11,14,16,18,19,28,30,45,50,52,96,103,105" machi="103" ten="30,7900,0" yaku="1,1,0,1,54,2,53,0" doraHai="73" doraHaiUra="126" who="1" fromWho="1" sc="279,-21,224,102,237,-21,240,-40" owari="258,5.8,326,42.6,216,-18.4,200,-30.0" /></mjloggm>