<mjloggm ver="2.3"><GO type="225" lobby="0"/><UN n0="%73%75%7A%75%6D%65%33" n1="%E3%83%94%E3%82%B3%E3%83%9E%E3%82%B9%E3%83%86%E3%82%A3%E3%83%95" n2="%E3%81%AF%E3%82%88%E3%81%8A%E3%81%98%E3%81%95%E3%82%93" n3="%E8%81%B7%E6%A5%AD%E3%80%81%E9%A2%A8%32" dan="18,17,17,16" rate="2242.06,2192.21,2229.88,2140.23" sx="M,M,M,M"/><TAIKYOKU oya="0"/><INIT seed="0,0,0,2,1,115" ten="250,250,250,250" oya="0" hai0="35,0,53,83,29,13,42,112,57,105,85,58,9" hai1="45,76,65,59,26,27,19,55,127,99,97,46,88" hai2="50,63,96,106,8,133,40,39,103,11,104,123,90" hai3="128,7,37,51,5,120,1,70,18,23,43,30,92"/><T82/><D112/><U81/><E127/><V75/><F123/><W79/><G128/><T66/><D0/><U25/><E65/><V74/><F106/><W98/><G70/><T31/><D105/><U129/><E129/><V135/><F39/><W15/><G37/><T108/><D108/><U60/><E19/><V113/><F113/><W130/><G130/><T102/><D102/><U121/><E121/><V94/><F63/><W84/><G120/><T73/><D73/><N who="2" m="27658" /><F50/><W119/><G119/><T14/><D42/><U28/><E28/><N who="0" m="10825" /><D35/><U89/><E76/><V20/><F20/><W101/><G30/><T48/><D85/><N who="1" m="50223" /><E99/><N who="2" m="61567" /><F40/><W80/><REACH who="3" step="1"/><G1/><REACH who="3" ten="250,250,250,240" step="2"/><T95/><D9/><U122/><E122/><V68/><F68/><W6/><G6/><T49/><D14/><U67/><E67/><V71/><F71/><W125/><G125/><T47/><D13/><U126/><E126/><V56/><F8/><W118/><G118/><T44/><D66/><U17/><E17/><V87/><F11/><W107/><G107/><T22/><D22/><U110/><E110/><V32/><F32/><W10/><G10/><T2/><D2/><U134/><E134/><V124/><F124/><W16/><G16/><T33/><D33/><U77/><E77/><V38/><F38/><W3/><G3/><T91/><D47/><AGARI ba="0,1" hai="5,7,15,18,23,43,47,51,79,80,84,92,98,101" machi="47" ten="40,2600,0" yaku="1,1,8,1,53,0" doraHai="115" doraHaiUra="69" who="3" fromWho="0" sc="250,-26,250,0,250,0,240,36" /><INIT seed="1,0,0,5,0,110" ten="224,250,250,276" oya="1" hai0="80,29,53,17,42,94,87,74,131,10,71,60,104" hai1="108,113,86,88,118,6,83,123,112,79,84,115,129" hai2="105,134,98,70,40,117,38,124,49,18,33,119,30" hai3="120,1,28,63,25,50,132,109,37,57,45,116,72"/><U48/><E6/><V92/><F105/><W128/><G109/><T31/><D104/><U41/><E108/><V62/><F38/><W59/><G120/><T65/><D74/><U52/><E123/><V67/><F124/><W114/><G72/><T27/><D131/><U100/><E118/><V55/><F40/><W93/><G37/><T130/><D130/><U36/><E129/><V90/><F134/><W9/><G114/><T135/><D135/><U24/><E100/><V107/><F107/><W0/><G132/><T77/><D42/><U126/><E126/><V5/><F5/><W58/><G116/><T122/><D122/><U21/><E41/><V46/><REACH who="2" step="1"/><F18/><REACH who="2" ten="224,250,240,276" step="2"/><W8/><G128/><T125/><D125/><U75/><E36/><V66/><F66/><W97/><G0/><T3/><D53/><U121/><E121/><V32/><F32/><W20/><G1/><T4/><REACH who="0" step="1"/><D94/><REACH who="0" ten="214,250,240,276" step="2"/><U56/><REACH who="1" step="1"/><E88/><REACH who="1" ten="214,240,240,276" step="2"/><V35/><F35/><W26/><G93/><T89/><D89/><U11/><E11/><V99/><F99/><W73/><G97/><T85/><D85/><U64/><E64/><V127/><F127/><W23/><G8/><T47/><D47/><U78/><E78/><V101/><F101/><W44/><G9/><T96/><D96/><U13/><E13/><V102/><F102/><W69/><G45/><T76/><D76/><U61/><E61/><V81/><F81/><W34/><G63/><T54/><D54/><U39/><E39/><V43/><F43/><W12/><G44/><T15/><D15/><U111/><E111/><V2/><F2/><RYUUKYOKU ba="0,3" sc="214,10,240,10,240,10,276,-30" hai0="3,4,10,17,27,29,31,60,65,71,77,80,87" hai1="21,24,48,52,56,75,79,83,84,86,112,113,115" hai2="30,33,46,49,55,62,67,70,90,92,98,117,119" /><INIT seed="1,1,3,4,3,127" ten="224,250,250,246" oya="1" hai0="135,56,28,82,8,84,68,18,76,31,50,132,118" hai1="111,120,93,117,14,72,86,83,25,4,125,108,119" hai2="57,1,23,60,75,133,81,114,20,17,131,13,100" hai3="41,105,2,45,34,103,99,104,0,30,46,97,63"/><U38/><E38/><V7/><F133/><N who="0" m="51274" /><D68/><U87/><E25/><V62/><F114/><W122/><G122/><T40/><D118/><N who="1" m="45067" /><E14/><V98/><F131/><W35/><G63/><T33/><D33/><U54/><E54/><V113/><F113/><W128/><G128/><T90/><D76/><N who="1" m="44423" /><E4/><V65/><F60/><W78/><G78/><T80/><D80/><U94/><E125/><V130/><F130/><W123/><G123/><T112/><D112/><U16/><E16/><V37/><F37/><N who="3" m="21679" /><G46/><N who="0" m="25927" /><D56/><U106/><E106/><V124/><F124/><W116/><G116/><T110/><D110/><N who="1" m="42027" /><E120/><V89/><F57/><W51/><G34/><T19/><D19/><U71/><E71/><V96/><F17/><W74/><G35/><T73/><D73/><U11/><E11/><V107/><F75/><W49/><G74/><T9/><D9/><U91/><E94/><V42/><F42/><W39/><G105/><T101/><D18/><U66/><E66/><V32/><F65/><W12/><G104/><T5/><D101/><U69/><E69/><V44/><F100/><W77/><G103/><T6/><D6/><U70/><E70/><V92/><F7/><W134/><G12/><AGARI ba="1,3" hai="5,8,12,28,31,82,84,90" m="25927,51274" machi="12" ten="30,1000,0" yaku="20,1" doraHai="127" who="0" fromWho="3" sc="224,43,250,0,250,0,246,-13" /><INIT seed="2,0,0,4,4,89" ten="267,250,250,233" oya="2" hai0="128,31,85,105,116,111,48,112,54,106,104,107,27" hai1="42,1,82,23,36,135,91,35,79,46,65,103,32" hai2="50,126,49,47,55,129,59,90,21,60,115,64,39" hai3="78,62,6,25,7,15,109,58,72,83,131,14,81"/><V92/><F126/><W101/><G109/><T2/><D111/><U122/><E1/><V12/><F129/><W70/><G70/><T4/><D112/><U3/><E103/><V22/><F115/><W9/><G131/><T53/><D128/><U20/><E65/><V16/><F39/><W10/><G101/><T120/><D120/><U96/><E3/><V118/><F118/><W86/><G25/><T125/><D125/><U26/><E20/><N who="2" m="11271" /><F49/><W121/><G121/><T134/><D116/><U95/><E135/><V8/><F8/><W56/><REACH who="3" step="1"/><G62/><REACH who="3" ten="267,250,250,223" step="2"/><T5/><D134/><U61/><E122/><V76/><F76/><AGARI ba="0,1" hai="6,7,9,10,14,15,56,58,72,76,78,81,83,86" machi="76" ten="30,7700,0" yaku="1,1,2,1,7,1,9,1,53,0" doraHai="89" doraHaiUra="67" who="3" fromWho="2" sc="267,0,250,0,250,-77,223,87" /><INIT seed="3,0,0,3,3,125" ten="267,250,173,310" oya="3" hai0="6,105,11,17,61,58,135,87,120,122,46,8,10" hai1="84,26,100,68,56,32,60,134,69,54,99,89,76" hai2="88,47,48,71,27,41,129,128,80,52,0,28,118" hai3="92,5,113,116,117,133,7,65,93,81,29,44,86"/><W16/><G113/><T119/><D119/><U126/><E126/><V33/><F118/><W112/><G133/><T74/><D74/><U83/><E134/><V107/><F0/><W91/><G112/><T53/><D135/><U42/><E42/><V2/><F2/><W95/><G116/><T49/><D105/><U18/><E89/><V63/><F107/><W1/><G1/><T106/><D106/><U94/><REACH who="1" step="1"/><E18/><REACH who="1" ten="267,240,173,310" step="2"/><V111/><F111/><W70/><G16/><T20/><D6/><U21/><E21/><V51/><F88/><W90/><G90/><T64/><REACH who="0" step="1"/><D87/><REACH who="0" ten="257,240,173,310" step="2"/><U98/><E98/><V23/><F80/><W66/><G86/><T35/><D35/><U85/><E85/><V13/><F33/><W22/><G81/><T19/><D19/><U9/><E9/><V115/><F115/><W121/><G117/><T123/><D123/><U75/><E75/><V39/><F13/><AGARI ba="0,2" hai="8,10,11,13,17,20,46,49,53,58,61,64,120,122" machi="13" ten="40,1300,0" yaku="1,1,53,0" doraHai="125" doraHaiUra="79" who="0" fromWho="2" sc="257,33,240,0,173,-13,310,0" owari="290,9.0,240,-16.0,160,-34.0,310,41.0" /></mjloggm>