<mjloggm ver="2.3"><GO type="225" lobby="0"/><UN n0="%E3%82%BC%E3%83%AB%E3%83%80%E3%81%AE%E4%BC%9D%E8%AA%AC" n1="%E9%97%98%E5%B0%86%E3%81%A0%E3%82%93%E3%81%A7%E3%81%83" n2="%E6%97%A5%E5%A5%88%E6%A3%AE%E3%81%82%E3%82%80" n3="%E9%9B%B7%E9%BE%8D" dan="17,16,17,16" rate="2236.64,2129.09,2130.21,2060.30" sx="M,M,F,M"/><TAIKYOKU oya="0"/><INIT seed="0,0,0,1,4,22" ten="250,250,250,250" oya="0" hai0="27,7,80,84,31,58,71,36,129,23,131,108,133" hai1="56,75,93,114,55,26,21,40,103,1,59,86,74" hai2="101,135,124,76,10,43,99,34,115,106,14,41,85" hai3="109,125,88,104,49,130,70,113,5,110,52,4,67"/><T42/><D71/><U66/><E1/><V53/><F115/><W20/><G113/><T65/><D133/><U118/><E118/><V30/><F135/><W79/><G104/><T78/><D108/><N who="3" m="41577" /><G79/><T119/><D119/><U112/><E112/><V39/><F39/><W63/><G130/><N who="0" m="49675" /><D7/><U107/><E114/><V127/><F53/><W46/><G125/><N who="2" m="48201" /><F76/><W6/><G20/><T90/><D78/><U44/><E66/><V8/><F85/><W47/><G46/><N who="0" m="23879" /><D58/><U28/><E59/><V94/><F106/><W60/><G63/><T51/><D51/><U19/><E107/><V82/><F8/><W128/><G128/><T12/><D12/><U62/><E28/><V18/><F82/><W0/><G0/><T24/><D24/><AGARI ba="0,0" hai="10,14,18,24,30,34,41,43,94,99,101" m="48201" machi="24" ten="30,2000,0" yaku="18,1,52,1" doraHai="22" who="2" fromWho="0" sc="250,-20,250,0,250,20,250,0" /><INIT seed="1,0,0,4,2,70" ten="230,250,270,250" oya="1" hai0="41,57,36,54,2,24,12,80,62,106,127,120,131" hai1="15,72,134,98,7,115,22,104,124,17,20,125,122" hai2="3,95,69,60,25,51,118,96,84,14,81,55,26" hai3="4,45,130,89,65,30,74,110,132,53,23,11,101"/><U48/><E115/><V58/><F3/><W64/><G74/><T114/><D114/><U9/><E122/><V21/><F118/><W37/><G101/><T71/><D2/><U46/><E72/><V85/><F69/><W103/><G103/><T78/><D106/><U63/><E134/><V83/><F60/><W129/><G132/><T117/><D117/><U111/><E111/><V59/><F59/><W32/><G32/><T6/><D120/><U10/><E63/><V8/><F84/><W82/><G53/><T47/><D127/><N who="1" m="48715" /><E98/><V79/><F83/><W1/><G23/><T50/><D24/><U67/><E67/><V135/><F21/><W128/><G30/><T66/><D131/><U19/><E104/><V40/><F40/><N who="3" m="22671" /><G110/><T119/><D119/><U28/><E28/><V87/><F87/><AGARI ba="0,0" hai="1,4,11,64,65,82,87,89,128,129,130" m="22671" machi="87" ten="30,2000,0" yaku="19,1,52,1" doraHai="70" who="3" fromWho="2" sc="230,0,250,0,270,-20,250,20" /><INIT seed="2,0,0,1,1,56" ten="230,250,250,270" oya="2" hai0="40,52,94,96,88,109,85,82,53,6,79,16,114" hai1="10,30,45,66,132,75,71,78,95,60,46,98,17" hai2="129,64,70,89,50,127,48,92,3,61,69,62,13" hai3="32,37,124,83,58,74,24,11,15,47,134,115,5"/><V18/><F127/><W100/><G124/><T12/><D109/><U110/><E110/><V72/><F3/><W2/><G115/><T35/><D114/><U113/><E113/><V22/><F72/><W14/><G100/><T117/><D117/><U101/><E132/><V104/><F104/><W55/><G134/><T42/><D6/><U63/><E30/><V38/><F38/><W108/><G108/><T133/><D35/><U1/><E75/><V118/><F118/><W7/><G7/><T68/><D68/><U93/><E78/><V54/><F129/><W65/><G65/><T80/><D133/><U119/><E119/><V111/><F111/><W128/><G128/><T103/><D42/><U57/><E93/><V44/><F50/><W76/><G24/><T122/><D40/><U0/><E17/><V21/><F21/><W87/><G32/><T105/><D122/><U106/><E106/><V49/><F49/><N who="3" m="31087" /><G87/><N who="0" m="48543" /><D105/><U81/><E81/><V86/><REACH who="2" step="1"/><F62/><REACH who="2" ten="230,250,240,270" step="2"/><W34/><G34/><T97/><D97/><U26/><E1/><V120/><F120/><W125/><G125/><T67/><D67/><U126/><E126/><V90/><F90/><W107/><G107/><T135/><D135/><U19/><E0/><V41/><F41/><AGARI ba="0,1" hai="2,5,11,14,15,37,41,47,74,76,83" m="31087" machi="41" ten="30,1000,0" yaku="25,1" doraHai="56" who="3" fromWho="2" sc="230,0,250,0,240,-10,270,20" /><INIT seed="3,0,0,2,5,59" ten="230,250,230,290" oya="3" hai0="131,30,92,111,3,84,72,130,81,97,13,85,124" hai1="31,64,6,55,135,128,107,117,17,36,98,43,89" hai2="80,79,52,28,121,88,5,93,129,11,105,58,106" hai3="57,14,54,133,19,35,108,113,9,42,86,32,47"/><W120/><G120/><T65/><D3/><U101/><E6/><V25/><F121/><W1/><G113/><T53/><D65/><U73/><E73/><V114/><F114/><W83/><G1/><T99/><D30/><U38/><E43/><V63/><F129/><N who="0" m="49162" /><D13/><U115/><E115/><V44/><F44/><W109/><G133/><T26/><D26/><U21/><E31/><V119/><F119/><W39/><G109/><T24/><D24/><U69/><E128/><V33/><F80/><W46/><G47/><T123/><D53/><U110/><E55/><V41/><F79/><W23/><G9/><T100/><D123/><U49/><E49/><V48/><F48/><W7/><G7/><T125/><D111/><U102/><E110/><V40/><F40/><W94/><G94/><N who="0" m="58423" /><D72/><U76/><E38/><V62/><F62/><W118/><G118/><T61/><D61/><U82/><E36/><V87/><F41/><W122/><G122/><T91/><D81/><U112/><E112/><V134/><F134/><W127/><G127/><AGARI ba="0,0" hai="84,85,91,92,99,124,125,127" m="58423,49162" machi="127" ten="30,7700,0" yaku="18,1,19,1,34,2" doraHai="59" who="0" fromWho="3" sc="230,77,250,0,230,0,290,-77" owari="307,40.7,250,5.0,230,-17.0,213,-28.7" /></mjloggm>