<mjloggm ver="2.3"><GO type="225" lobby="0"/><UN n0="%E5%8F%AF%E5%85%90%E9%82%A3%E7%94%B1%E5%A4%9A" n1="%E3%81%82%E3%81%99%E3%81%AB%E3%82%83%E3%82%80" n2="%E5%B8%86%E7%AB%8B%E5%A4%8F%E8%A1%A3" n3="%48%61%61%61%6C%61%6E%64" dan="17,16,16,18" rate="2248.37,2095.62,2100.21,2215.64" sx="F,F,M,M"/><TAIKYOKU oya="0"/><INIT seed="0,0,0,2,0,94" ten="250,250,250,250" oya="0" hai0="83,125,95,67,113,135,23,33,75,18,126,89,68" hai1="101,92,99,82,12,96,91,116,6,60,9,87,38" hai2="50,128,71,37,84,0,76,7,78,20,8,56,3" hai3="1,112,98,4,85,90,97,93,69,130,105,80,22"/><T40/><D33/><U102/><E116/><V39/><F128/><W10/><G112/><T108/><D113/><U49/><E38/><V63/><F0/><W26/><G130/><T16/><D135/><U30/><E30/><V13/><F71/><W28/><G69/><T104/><D104/><U81/><E60/><V54/><F63/><W19/><G105/><T15/><D108/><U42/><E81/><V59/><F59/><W121/><G121/><T32/><D32/><U123/><E123/><V129/><F129/><W53/><G53/><T74/><D40/><U44/><REACH who="1" step="1"/><E99/><REACH who="1" ten="250,240,250,250" step="2"/><V111/><F39/><W2/><G2/><T107/><D83/><U55/><E55/><V134/><F37/><W62/><G62/><T25/><D67/><U51/><E51/><V14/><F50/><W52/><G52/><T115/><D115/><U120/><E120/><V79/><F54/><W109/><G109/><T66/><D66/><U64/><E64/><V57/><F111/><W133/><G133/><T43/><D43/><U31/><E31/><V100/><F134/><W127/><G127/><N who="0" m="48651" /><D68/><U124/><E124/><V86/><F57/><W73/><REACH who="3" step="1"/><G28/><REACH who="3" ten="250,240,250,240" step="2"/><T36/><D36/><U47/><E47/><V110/><F110/><W5/><G5/><T17/><D17/><U119/><E119/><V21/><F56/><W106/><G106/><T118/><D107/><U72/><E72/><V122/><F122/><W24/><G24/><T29/><D118/><U103/><AGARI ba="0,2" hai="6,9,12,42,44,49,82,87,91,92,96,101,102,103" machi="103" ten="20,12000,2" yaku="1,1,0,1,7,1,8,1,52,1,53,1" doraHai="94" doraHaiUra="88" who="1" fromWho="1" sc="250,-60,240,140,250,-30,240,-30" /><INIT seed="1,0,0,2,5,113" ten="190,380,220,210" oya="1" hai0="76,132,41,4,133,22,82,63,51,13,124,119,121" hai1="98,28,46,84,0,87,21,97,73,15,101,66,127" hai2="102,105,122,3,37,5,81,114,6,42,120,34,116" hai3="17,53,80,55,93,90,96,128,110,71,39,75,25"/><U57/><E73/><V19/><F19/><W130/><G110/><T99/><D124/><U126/><E0/><V36/><F34/><W58/><G71/><T118/><D121/><N who="2" m="46698" /><F114/><W45/><G75/><T78/><D63/><N who="1" m="38255" /><E46/><N who="2" m="23879" /><F6/><W10/><G80/><T38/><D38/><U62/><E62/><V100/><F100/><W125/><G125/><N who="1" m="47626" /><E97/><N who="2" m="61647" /><F81/><W123/><G123/><T135/><D99/><U131/><E15/><V95/><F95/><W26/><G93/><T111/><D111/><U18/><E28/><V33/><F33/><W12/><G12/><T89/><D89/><U103/><E103/><V56/><F56/><W32/><G58/><T85/><D78/><U134/><E98/><V40/><F40/><N who="3" m="22687" /><G96/><T23/><D4/><U79/><E79/><V44/><F44/><W1/><G90/><T30/><D13/><U61/><E101/><V50/><F50/><W11/><G25/><N who="0" m="16695" /><D23/><U74/><E21/><V69/><F69/><W77/><G77/><T88/><D76/><U43/><E43/><V65/><F65/><W9/><G32/><T83/><D83/><U108/><E108/><V8/><F37/><W27/><G1/><T35/><D35/><U24/><E24/><N who="3" m="9258" /><G17/><T7/><D7/><U106/><E18/><V67/><F67/><W31/><G31/><T117/><D41/><U54/><E84/><V47/><F47/><W68/><G68/><T20/><D20/><U107/><E87/><V48/><F48/><AGARI ba="0,0" hai="48,51,82,85,88,117,118,119,132,133,135" m="16695" machi="48" ten="40,8000,1" yaku="20,1,52,3,54,1" doraHai="113" who="0" fromWho="2" sc="190,80,380,0,220,-80,210,0" /><INIT seed="2,0,0,3,3,117" ten="270,380,140,210" oya="2" hai0="118,83,74,38,133,126,55,134,120,52,27,1,30" hai1="75,66,26,48,65,135,25,31,80,67,88,101,61" hai2="70,34,11,8,90,85,130,94,47,7,21,64,84" hai3="59,122,89,73,18,29,33,41,131,109,129,114,69"/><V125/><F125/><W100/><G69/><T46/><D1/><U19/><E135/><N who="0" m="51721" /><D126/><U45/><E101/><V98/><F130/><N who="3" m="49675" /><G109/><T86/><D74/><U119/><E119/><V102/><F34/><W44/><G114/><T62/><D118/><U99/><E75/><V113/><F113/><W6/><G6/><T24/><D120/><U106/><E106/><V81/><F70/><W78/><G122/><T107/><D107/><U57/><E19/><V132/><F132/><W87/><G100/><T3/><D3/><U40/><E31/><V124/><F124/><W110/><G110/><T97/><D97/><U128/><E128/><V93/><F64/><N who="1" m="24681" /><E99/><V96/><F21/><W23/><G59/><T16/><D30/><U14/><E14/><V49/><F7/><W9/><G29/><T79/><D62/><U36/><E36/><V20/><F20/><W111/><G111/><T82/><D82/><U2/><E2/><V35/><F35/><W4/><G33/><T17/><D24/><U105/><E105/><V13/><F13/><N who="3" m="9679" /><G73/><T0/><D0/><U91/><E80/><V60/><F60/><W71/><G71/><T12/><D27/><AGARI ba="0,0" hai="25,26,27,40,45,48,57,61,67,88,91" m="24681" machi="27" ten="30,2000,0" yaku="8,1,54,1" doraHai="117" who="1" fromWho="0" sc="270,-20,380,20,140,0,210,0" /><INIT seed="3,0,0,2,3,72" ten="250,400,140,210" oya="3" hai0="25,68,19,109,96,126,49,132,22,131,59,100,44" hai1="38,65,12,53,14,95,47,18,74,133,134,10,86" hai2="71,108,123,110,103,60,70,17,50,54,102,45,79" hai3="135,1,57,125,115,28,117,121,106,64,55,116,91"/><W31/><G115/><T27/><D68/><N who="2" m="26154" /><F17/><W35/><G64/><T51/><D109/><N who="2" m="42090" /><F103/><W118/><G121/><T101/><D132/><U85/><E65/><V2/><F102/><W81/><G135/><N who="1" m="51722" /><E74/><V69/><F2/><W34/><G106/><T33/><D131/><U83/><E95/><V99/><F99/><W122/><G1/><T67/><D126/><U63/><E63/><V111/><N who="2" m="42098" /><V90/><DORA hai="97" /><F90/><W52/><G125/><T41/><D96/><U66/><E66/><N who="2" m="41159" /><F79/><W40/><G122/><AGARI ba="0,0" hai="45,50,54,122,123" m="41159,42098,26154" machi="122" ten="50,6400,0" yaku="14,1,34,2" doraHai="72,97" who="2" fromWho="3" sc="250,0,400,0,140,64,210,-64" owari="250,5.0,400,50.0,204,-19.6,146,-35.4" /></mjloggm>