<mjloggm ver="2.3"><GO type="225" lobby="0"/><UN n0="%E8%A8%88%E7%AE%97%E6%A9%9F%E8%87%AA%E7%84%B6" n1="%E3%81%9F%E3%81%A3%E3%81%A1%E3%82%87" n2="%6D%75%75%6D%75%72%61" n3="%E6%80%AA%E3%81%97%E3%81%99%E3%81%8E%E3%82%8B%E3%83%81%E3%83%BC" dan="17,16,16,16" rate="2225.83,2057.17,2169.34,2104.36" sx="M,M,F,M"/><TAIKYOKU oya="0"/><INIT seed="0,0,0,3,2,80" ten="250,250,250,250" oya="0" hai0="118,6,43,96,134,34,133,50,87,86,111,113,78" hai1="68,121,123,67,24,1,49,84,58,23,8,105,40" hai2="57,55,53,54,17,106,11,20,122,60,125,98,64" hai3="22,37,63,61,71,25,129,94,27,124,46,119,19"/><T75/><D113/><U77/><E105/><V115/><F115/><W65/><G119/><T12/><D118/><U93/><E68/><V130/><F122/><W70/><G129/><T76/><D34/><U97/><E40/><V116/><F130/><W13/><G124/><T92/><D111/><U36/><E36/><V126/><F116/><W127/><G127/><N who="2" m="48649" /><F11/><W89/><G37/><T91/><D75/><U9/><E1/><V18/><F20/><W59/><G46/><N who="0" m="25951" /><D134/><U66/><E66/><V85/><F85/><N who="0" m="32266" /><D133/><U4/><E4/><V31/><F31/><W41/><G70/><T5/><D12/><U128/><E128/><V45/><F45/><W39/><G39/><T107/><D107/><U104/><E104/><V112/><F112/><W110/><G110/><T114/><D114/><U90/><E121/><V108/><F108/><W30/><G41/><T103/><D91/><U3/><E3/><V14/><F14/><W101/><G89/><T79/><AGARI ba="0,0" hai="5,6,76,78,79,92,96,103" m="32266,25951" machi="79" ten="30,11700,0" yaku="8,1,52,3" doraHai="80" who="0" fromWho="0" sc="250,117,250,-39,250,-39,250,-39" /><INIT seed="0,1,0,1,2,35" ten="367,211,211,211" oya="0" hai0="45,31,90,30,123,103,49,107,87,4,38,97,104" hai1="23,5,129,124,111,108,80,95,84,71,75,41,133" hai2="122,98,34,26,20,10,58,116,67,9,105,56,83" hai3="64,18,68,99,65,3,93,85,8,73,62,89,13"/><T112/><D112/><U100/><E71/><V27/><F122/><W2/><G73/><T110/><D123/><U60/><E41/><V46/><F116/><W28/><G65/><T88/><D38/><U102/><E60/><V53/><F83/><W43/><G43/><T81/><D110/><N who="1" m="42027" /><E5/><V94/><F105/><W32/><REACH who="3" step="1"/><G99/><REACH who="3" ten="367,211,211,201" step="2"/><T59/><D97/><U91/><E75/><V135/><F67/><W79/><G79/><T66/><D66/><U76/><E133/><V117/><F135/><W48/><G48/><T17/><D49/><U36/><E36/><V24/><F117/><W22/><G22/><T92/><D87/><N who="1" m="48519" /><E23/><V109/><F20/><W21/><G21/><T39/><D39/><U47/><E47/><V11/><F109/><W16/><G16/><T77/><D17/><U82/><E129/><V131/><F131/><W6/><G6/><T57/><D4/><U115/><E115/><V134/><F134/><W101/><G101/><T25/><D103/><U55/><E102/><N who="2" m="60759" /><F34/><W72/><G72/><T1/><D77/><U86/><E100/><V74/><F74/><W96/><G96/><T113/><D113/><U128/><E128/><V130/><F130/><W51/><G51/><AGARI ba="1,1" hai="9,10,11,24,26,27,46,51,53,56,58" m="60759" machi="51" ten="30,1000,0" yaku="8,1" doraHai="35" who="2" fromWho="3" sc="367,0,211,0,211,23,201,-13" /><INIT seed="1,0,0,3,5,90" ten="367,211,234,188" oya="1" hai0="20,103,105,132,81,120,15,97,89,130,102,45,40" hai1="88,52,48,65,39,60,12,27,4,7,119,6,49" hai2="87,73,66,117,100,125,72,80,19,43,30,107,69" hai3="26,112,134,37,47,135,124,46,29,11,106,13,99"/><U110/><E119/><V83/><F117/><W42/><G112/><T86/><D130/><U36/><E110/><V92/><F125/><W22/><G124/><T23/><D132/><U32/><E48/><V68/><F43/><W93/><G106/><T14/><D120/><U76/><E76/><V131/><F30/><W31/><G47/><T123/><D123/><U28/><E12/><V133/><F131/><W21/><G29/><T57/><D102/><U75/><E75/><V44/><F133/><W16/><REACH who="3" step="1"/><G11/><REACH who="3" ten="367,211,234,178" step="2"/><T56/><D45/><U53/><E36/><V84/><F107/><W8/><G8/><T59/><D40/><U51/><E39/><V121/><F44/><W118/><G118/><T94/><D105/><U54/><E49/><V2/><F121/><W10/><G10/><T17/><D20/><U3/><E51/><V115/><F115/><W101/><AGARI ba="0,1" hai="13,16,21,22,26,31,37,42,46,93,99,101,134,135" machi="101" ten="30,7900,0" yaku="1,1,0,1,52,1,54,1,53,0" doraHai="90" doraHaiUra="126" who="3" fromWho="3" sc="367,-20,211,-39,234,-20,178,89" /><INIT seed="2,0,0,5,4,134" ten="347,172,214,267" oya="2" hai0="32,107,78,109,116,52,29,69,100,38,85,110,95" hai1="22,125,9,129,18,19,89,7,36,104,57,30,124" hai2="99,58,12,131,122,91,61,8,26,96,14,62,88" hai3="117,60,121,27,0,1,71,94,64,87,48,84,46"/><V40/><F122/><W6/><G121/><T34/><D38/><U90/><E36/><V3/><F3/><W102/><G117/><T92/><D69/><U118/><E104/><V10/><F131/><W126/><G126/><N who="1" m="48746" /><E118/><V13/><F26/><W73/><G73/><T54/><D78/><U65/><E129/><V98/><F40/><W79/><G27/><T103/><D85/><U113/><E113/><V97/><N who="2" m="24576" /><DORA hai="37" /><V82/><F82/><W76/><G102/><T93/><D116/><U72/><E72/><V75/><F75/><W133/><G133/><T21/><D21/><U35/><E35/><N who="0" m="13353" /><D29/><U66/><E30/><V24/><F24/><W56/><G71/><T20/><D20/><U68/><E68/><V119/><F119/><W43/><G87/><T86/><D86/><U31/><E31/><V132/><F132/><W101/><G6/><T39/><D39/><U17/><E22/><V44/><F44/><W2/><REACH who="3" step="1"/><G101/><REACH who="3" ten="347,172,214,257" step="2"/><N who="0" m="38987" /><D107/><U59/><E65/><V49/><F91/><AGARI ba="0,1" hai="0,1,2,43,46,48,56,60,64,76,79,84,91,94" machi="91" ten="40,5200,0" yaku="1,1,52,1,53,1" doraHai="134,37" doraHaiUra="51,55" who="3" fromWho="2" sc="347,0,172,0,214,-52,257,62" /><INIT seed="3,0,0,5,4,135" ten="347,172,162,319" oya="3" hai0="52,12,48,30,45,53,31,98,126,35,59,83,64" hai1="88,15,42,96,60,134,108,39,90,121,118,75,8" hai2="70,128,73,119,2,46,7,20,115,92,62,27,43" hai3="127,9,110,17,89,84,72,18,25,36,93,123,0"/><W76/><G127/><T87/><D126/><U100/><E121/><V116/><F115/><W69/><G123/><T130/><D130/><U21/><E134/><V105/><F105/><W67/><G36/><T14/><D64/><U4/><E75/><V125/><F73/><W3/><G110/><T32/><D32/><U117/><E108/><V111/><F125/><W63/><G18/><T54/><D98/><U91/><E60/><V57/><F111/><W66/><G66/><T85/><D85/><U37/><E21/><V82/><F70/><W22/><REACH who="3" step="1"/><G9/><REACH who="3" ten="347,172,162,309" step="2"/><T106/><D106/><U81/><E37/><V29/><F128/><W47/><G47/><T61/><D53/><U97/><E39/><V95/><F116/><N who="1" m="44649" /><E42/><V24/><F119/><W16/><G16/><T114/><D114/><U51/><E8/><N who="2" m="2167" /><F43/><W49/><G49/><T94/><D94/><N who="1" m="56391" /><E51/><V13/><F46/><W38/><G38/><T11/><D11/><N who="1" m="4583" /><E81/><AGARI ba="0,1" hai="0,3,17,22,25,63,67,69,72,76,81,84,89,93" machi="81" ten="40,2000,0" yaku="1,1,53,0" doraHai="135" doraHaiUra="112" who="3" fromWho="1" sc="347,0,172,-20,162,0,309,30" /><INIT seed="3,1,0,4,3,17" ten="347,152,162,339" oya="3" hai0="89,43,42,133,74,57,85,54,38,0,117,47,82" hai1="25,37,122,130,23,95,112,5,19,63,21,40,121" hai2="83,123,66,93,11,124,67,4,109,127,64,129,69" hai3="41,87,72,62,71,60,24,126,104,106,52,135,125"/><W10/><G72/><T12/><D117/><U45/><E112/><V86/><F109/><W128/><G135/><T78/><D133/><U96/><E130/><V8/><F129/><W9/><G128/><T55/><D0/><U3/><E5/><V73/><F123/><W132/><G132/><T108/><D108/><U29/><E3/><V32/><F73/><W36/><G24/><T111/><D111/><U26/><E63/><N who="3" m="24106" /><G52/><T59/><D42/><U101/><AGARI ba="1,0" hai="19,21,23,25,26,29,37,40,45,95,96,101,121,122" machi="101" ten="20,5200,0" yaku="0,1,7,1,52,2" doraHai="17" who="1" fromWho="1" sc="347,-14,152,55,162,-14,339,-27" owari="333,43.3,207,-19.3,148,-35.2,312,11.2" /></mjloggm>