<mjloggm ver="2.3"><GO type="225" lobby="0"/><UN n0="%33%74%72%65%65" n1="%E3%81%86%E3%81%A9%E3%82%93%E3%81%93" n2="%E6%B8%A9%E2%98%85%E6%83%85%E2%98%85%E6%8E%AA%E2%98%85%E7%BD%AE" n3="%E3%81%BF%E3%81%BF%E3%81%9A" dan="16,16,18,18" rate="2167.92,2128.02,2204.00,2249.88" sx="F,M,M,M"/><TAIKYOKU oya="0"/><INIT seed="0,0,0,4,3,108" ten="250,250,250,250" oya="0" hai0="52,129,134,11,126,19,113,128,12,77,13,29,90" hai1="56,116,6,30,106,42,84,63,4,20,96,64,82" hai2="130,34,119,79,61,33,14,47,2,7,115,99,38" hai3="8,120,53,70,17,112,39,80,58,89,94,36,87"/><T69/><D134/><U60/><E116/><V26/><F130/><N who="0" m="50282" /><D126/><U100/><E42/><V18/><F79/><W45/><G70/><T111/><D77/><U121/><E121/><V103/><F119/><W85/><G112/><T50/><D69/><U123/><E123/><V73/><F73/><W71/><G71/><T5/><D111/><U105/><E105/><V32/><F61/><W97/><G120/><T101/><D101/><U22/><E63/><V40/><F115/><W132/><G132/><T135/><D135/><U92/><E106/><V133/><F133/><W16/><G87/><T24/><D90/><U107/><E107/><V91/><F91/><W65/><G65/><T31/><D24/><N who="1" m="16647" /><E22/><N who="2" m="11607" /><F103/><W1/><G1/><T37/><D37/><U15/><E15/><V122/><F122/><W110/><G110/><T23/><D113/><U75/><E75/><V57/><F26/><W74/><G74/><T35/><D35/><U21/><E21/><V27/><F27/><W10/><G39/><T86/><D86/><U41/><E41/><V25/><F25/><W78/><G8/><T131/><N who="0" m="50290" /><T109/><DORA hai="114" /><D109/><U62/><E62/><V88/><F34/><W93/><G10/><T67/><D67/><U72/><E72/><V46/><F33/><W125/><G125/><T124/><D124/><U66/><E66/><V83/><F32/><W68/><G68/><T59/><AGARI ba="0,0" hai="5,11,12,13,19,23,29,31,50,52,59" m="50290" machi="59" ten="40,3900,0" yaku="19,1,54,1" doraHai="108,114" who="0" fromWho="0" sc="250,39,250,-13,250,-13,250,-13" /><INIT seed="0,1,0,1,0,17" ten="289,237,237,237" oya="0" hai0="11,21,110,132,5,105,74,33,95,111,20,54,38" hai1="69,103,30,55,29,43,12,13,58,86,94,98,88" hai2="112,85,27,114,23,71,104,81,64,41,62,18,32" hai3="25,130,2,35,126,118,46,56,16,8,50,89,135"/><T106/><D132/><U40/><E69/><V128/><F128/><W67/><G118/><T134/><D134/><U9/><E43/><V76/><F104/><N who="0" m="40042" /><D33/><U92/><E40/><V24/><REACH who="2" step="1"/><F41/><REACH who="2" ten="289,237,227,237" step="2"/><W119/><G130/><T63/><D38/><U19/><REACH who="1" step="1"/><E12/><REACH who="1" ten="289,227,227,237" step="2"/><V52/><F52/><W101/><G135/><T100/><D54/><U36/><E36/><V121/><F121/><W42/><G119/><T6/><D110/><U15/><E15/><V90/><F90/><W3/><G89/><T107/><D111/><U49/><AGARI ba="1,2" hai="9,13,19,29,30,49,55,58,86,88,92,94,98,103" machi="49" ten="20,12000,2" yaku="1,1,0,1,7,1,8,1,54,1,53,1" doraHai="17" doraHaiUra="80" who="1" fromWho="1" sc="289,-61,227,143,227,-31,237,-31" /><INIT seed="1,0,0,4,5,30" ten="228,370,196,206" oya="1" hai0="83,77,63,86,40,101,69,125,89,90,126,1,104" hai1="27,105,20,18,116,123,102,62,21,64,9,23,39" hai2="122,118,65,99,80,6,112,134,111,85,3,44,46" hai3="54,114,60,121,96,28,57,135,47,68,26,4,10"/><U107/><E116/><V67/><F118/><W31/><G121/><T120/><D1/><U79/><E123/><V43/><F122/><W124/><G114/><T19/><D120/><U91/><E39/><V38/><F112/><W130/><G124/><N who="0" m="47723" /><D40/><U76/><E91/><N who="0" m="34825" /><D19/><U5/><E105/><V33/><F33/><W75/><G130/><T12/><D12/><U73/><E102/><V51/><F111/><W129/><G129/><T14/><D14/><U88/><E107/><V13/><F134/><W84/><G75/><T56/><D69/><U58/><E73/><V17/><F99/><W81/><G135/><T108/><D108/><U49/><E49/><V15/><F3/><W48/><G96/><N who="0" m="61479" /><D56/><U22/><E9/><N who="2" m="4279" /><F44/><W128/><G68/><T42/><D42/><U71/><E5/><V103/><F103/><W94/><G128/><T35/><D63/><U59/><E71/><V34/><F38/><W117/><G117/><T0/><D0/><U70/><E70/><V11/><F34/><AGARI ba="0,0" hai="34,35,77,83,86" m="61479,34825,47723" machi="34" ten="30,3900,0" yaku="18,1,52,2" doraHai="30" who="0" fromWho="2" sc="228,39,370,0,196,-39,206,0" /><INIT seed="2,0,0,5,5,40" ten="267,370,157,206" oya="2" hai0="90,119,96,22,71,80,49,30,47,58,29,94,126" hai1="118,128,44,107,86,134,27,9,74,23,0,116,42" hai2="4,38,34,14,1,131,97,82,26,53,10,35,69" hai3="133,57,115,2,56,93,109,62,110,106,117,7,5"/><V28/><F131/><W39/><G106/><T65/><D126/><U41/><E74/><V88/><F69/><W60/><G117/><T64/><D71/><U18/><E128/><V20/><F38/><W19/><G133/><T98/><D119/><U105/><E134/><V37/><F37/><W124/><G124/><T48/><D98/><U122/><E122/><V108/><F108/><N who="3" m="41579" /><G115/><T43/><D80/><U121/><E121/><V67/><F67/><N who="0" m="25674" /><D22/><U123/><E123/><V135/><F135/><W111/><N who="3" m="41587" /><W95/><DORA hai="21" /><G19/><T76/><D76/><U83/><E42/><V79/><F53/><AGARI ba="0,0" hai="29,30,43,47,48,49,53,58,90,94,96" m="25674" machi="53" ten="30,2000,0" yaku="8,1,52,1" doraHai="40,21" who="0" fromWho="2" sc="267,20,370,0,157,-20,206,0" /><INIT seed="3,0,0,1,0,19" ten="287,370,137,206" oya="3" hai0="28,57,2,78,27,93,50,26,69,103,10,34,49" hai1="41,4,21,135,33,30,48,32,71,18,25,104,31" hai2="90,128,64,76,107,92,87,85,100,58,82,110,24" hai3="96,62,14,109,97,131,77,134,67,113,74,112,59"/><W91/><G131/><T66/><D69/><U83/><E71/><V81/><F128/><W60/><G134/><T61/><D78/><U16/><E104/><V111/><F64/><W126/><G126/><T102/><D2/><U72/><E83/><V54/><F54/><W105/><G109/><N who="2" m="41481" /><F58/><W80/><G14/><T129/><D10/><U6/><E72/><V9/><F9/><W47/><G47/><T13/><D13/><U51/><E41/><V5/><F5/><N who="1" m="2153" /><E51/><V88/><F24/><W35/><G35/><N who="1" m="13386" /><E48/><V114/><F114/><W86/><G97/><T56/><D49/><U45/><E45/><V38/><F38/><W127/><G127/><T46/><D56/><U22/><E135/><V52/><F52/><W118/><G118/><T39/><D39/><U117/><E117/><V73/><F100/><W132/><G132/><T12/><D102/><U122/><E122/><V94/><F107/><W3/><G62/><T124/><D61/><U15/><AGARI ba="0,0" hai="15,16,18,21,22,25,30,31" m="13386,2153" machi="15" ten="30,16000,3" yaku="35,5,52,2,54,1" doraHai="19" who="1" fromWho="1" sc="287,-40,370,160,137,-40,206,-80" owari="247,4.7,530,63.0,97,-40.3,126,-27.4" /></mjloggm>