<mjloggm ver="2.3"><GO type="225" lobby="0"/><UN n0="%E6%98%93%E5%88%A9%E8%96%A9%E4%BC%AF" n1="%66%72%61%63%74%75%72%65" n2="%E3%81%A9%E3%82%8F%E3%82%93%E3%81%94" n3="%72%61%6B%33" dan="16,16,16,16" rate="2120.53,2036.82,2195.40,2203.39" sx="F,M,M,M"/><TAIKYOKU oya="0"/><INIT seed="0,0,0,1,3,16" ten="250,250,250,250" oya="0" hai0="83,100,75,133,38,115,30,26,71,92,111,51,55" hai1="54,33,93,62,45,110,44,61,132,130,126,87,72" hai2="63,105,65,122,117,60,21,118,19,98,52,89,64" hai3="42,29,106,85,77,103,128,24,17,121,49,97,20"/><T82/><D38/><U8/><E72/><V22/><F122/><W40/><G121/><T25/><D115/><U59/><E33/><V28/><F28/><W79/><G128/><T73/><D71/><U47/><E130/><V36/><F36/><W78/><G85/><T27/><D133/><U127/><E132/><V67/><F19/><W10/><REACH who="3" step="1"/><G49/><REACH who="3" ten="250,250,250,240" step="2"/><T120/><D120/><U35/><E87/><V41/><F41/><W86/><G86/><T69/><D75/><U131/><E131/><V11/><F118/><W39/><G39/><T53/><D73/><U13/><E126/><V80/><F117/><W74/><G74/><T123/><D123/><U34/><E127/><V14/><F80/><W58/><G58/><T94/><D82/><U114/><E114/><V113/><F113/><W109/><G109/><T5/><D83/><U37/><E110/><V108/><F108/><W124/><G124/><T116/><D111/><U31/><E37/><V9/><F63/><W84/><G84/><T90/><D116/><U66/><E61/><V7/><F11/><W15/><AGARI ba="0,1" hai="10,15,17,20,24,29,40,42,77,78,79,97,103,106" machi="15" ten="30,4000,0" yaku="1,1,0,1,52,1,53,0" doraHai="16" doraHaiUra="0" who="3" fromWho="3" sc="250,-20,250,-10,250,-10,240,50" /><INIT seed="1,0,0,4,4,62" ten="230,240,240,290" oya="1" hai0="112,93,8,59,101,125,42,57,66,132,2,94,55" hai1="85,84,71,47,83,87,34,40,67,82,35,73,53" hai2="109,5,29,46,56,37,133,39,51,115,122,118,36" hai3="89,4,72,130,58,45,24,26,119,103,75,33,23"/><U134/><E134/><V10/><F122/><W102/><G45/><T30/><D112/><U111/><E53/><V31/><F118/><W65/><G4/><T108/><D132/><U128/><E128/><V20/><F133/><W124/><G89/><T21/><D108/><U44/><E111/><V91/><F109/><W121/><G23/><T27/><D125/><U78/><E82/><V25/><F115/><W9/><G9/><T110/><D110/><U90/><E90/><V7/><F56/><W49/><G58/><T15/><D2/><U19/><E19/><V81/><F31/><W105/><G49/><T76/><D42/><U70/><E44/><V79/><F91/><W50/><G50/><T97/><D76/><U77/><E78/><V92/><F92/><W41/><G105/><T32/><D32/><U11/><E11/><V116/><F116/><W1/><G33/><T127/><D127/><U68/><REACH who="1" step="1"/><E67/><REACH who="1" ten="230,230,240,290" step="2"/><V114/><F114/><W12/><G130/><T123/><D66/><U95/><E95/><V99/><F10/><W80/><G65/><T52/><D94/><U6/><E6/><V3/><F3/><W104/><G80/><T98/><D55/><U28/><E28/><V14/><F81/><W117/><G1/><T106/><D52/><U86/><N who="1" m="21504" /><DORA hai="64" /><U54/><E54/><N who="2" m="30071" /><F79/><W129/><G129/><T96/><D93/><U107/><E107/><V16/><F99/><N who="0" m="37962" /><D123/><U22/><E22/><N who="2" m="15543" /><F7/><W0/><G121/><T38/><D98/><U126/><E126/><V69/><F5/><W18/><G124/><T17/><D106/><U13/><E13/><RYUUKYOKU ba="0,1" sc="230,-15,230,15,240,15,290,-15" hai1="34,35,40,47,68,70,71,73,77,83" hai2="14,16,20,36,37,39,69" /><INIT seed="1,1,1,4,1,37" ten="215,245,255,275" oya="1" hai0="7,66,42,128,41,129,3,84,103,28,116,90,11" hai1="126,32,29,75,59,64,107,2,93,77,125,81,43" hai2="56,35,105,119,113,88,70,112,9,101,79,102,73" hai3="38,86,108,17,135,6,115,44,57,58,15,82,98"/><U13/><E107/><V104/><F119/><W67/><G115/><N who="2" m="44105" /><F70/><W127/><G108/><T46/><D116/><U1/><E43/><V33/><F9/><W53/><G127/><N who="1" m="48650" /><E93/><V89/><F56/><W18/><G58/><T48/><D103/><N who="2" m="39434" /><F35/><W124/><G57/><T61/><D28/><U114/><E114/><V97/><F33/><W45/><G67/><T25/><D25/><N who="1" m="18479" /><E13/><V12/><F12/><W71/><G15/><T95/><REACH who="0" step="1"/><D42/><REACH who="0" ten="205,245,255,275" step="2"/><U134/><E134/><V5/><F5/><W16/><G6/><T4/><D4/><U8/><E8/><V118/><F118/><W20/><G135/><T39/><D39/><U50/><E64/><V30/><F30/><W132/><G38/><T60/><D60/><U52/><AGARI ba="1,2" hai="1,2,50,52,59,75,77,81" m="18479,48650" machi="52" ten="30,3000,0" yaku="18,1,54,1" doraHai="37" who="1" fromWho="1" sc="205,-11,245,53,255,-11,275,-11" /><INIT seed="1,2,0,0,2,83" ten="194,298,244,264" oya="1" hai0="31,87,59,105,125,44,106,49,92,102,50,122,8" hai1="129,47,123,5,7,82,42,12,99,112,0,128,117" hai2="21,89,107,55,66,91,85,6,56,18,2,69,34" hai3="72,75,113,116,20,131,57,46,135,19,79,97,104"/><U24/><E117/><V43/><F34/><W111/><G113/><T38/><D125/><U74/><E112/><V98/><F43/><W51/><G111/><T15/><D122/><U37/><E123/><V17/><F69/><W3/><G3/><T76/><D38/><U120/><E120/><V29/><F66/><W81/><G131/><T73/><D31/><U45/><E12/><V62/><F2/><W30/><G135/><T134/><D73/><U119/><E119/><V101/><F6/><W23/><G57/><T11/><D11/><N who="1" m="2471" /><E7/><V53/><F91/><W124/><G124/><T108/><D108/><U13/><E13/><V61/><F61/><W90/><G116/><T35/><D35/><U71/><E71/><V80/><REACH who="2" step="1"/><F55/><REACH who="2" ten="194,298,234,264" step="2"/><W70/><G70/><T41/><D134/><U126/><E126/><V118/><F118/><W110/><G90/><T78/><D41/><U10/><E42/><V33/><F33/><W39/><G39/><T25/><D76/><N who="1" m="44311" /><E37/><V58/><F58/><W32/><G79/><T130/><D59/><U121/><E121/><V114/><F114/><W22/><G32/><T48/><D78/><U36/><E36/><V52/><F52/><W26/><G75/><T54/><D54/><U64/><E64/><V115/><F115/><W103/><G72/><T4/><D4/><U100/><E129/><V88/><F88/><W28/><G110/><T109/><D130/><U133/><E128/><V93/><F93/><W16/><G51/><T95/><D109/><U9/><E133/><V84/><F84/><W1/><G1/><T60/><D87/><RYUUKYOKU ba="2,1" sc="194,-10,298,-10,234,30,264,-10" hai2="17,18,21,29,53,56,62,80,85,89,98,101,107" /><INIT seed="2,3,1,4,1,62" ten="184,288,264,254" oya="2" hai0="89,120,130,16,129,73,90,93,8,134,7,92,5" hai1="38,112,44,119,40,125,108,77,2,49,32,87,15" hai2="75,39,95,94,59,105,10,71,48,67,24,110,88" hai3="85,122,109,135,42,60,103,0,56,81,33,23,91"/><V4/><F105/><W37/><G33/><T98/><D73/><U6/><E112/><V61/><F39/><W55/><G122/><T68/><D68/><U63/><E119/><V70/><F75/><W58/><G109/><T26/><D120/><U47/><E108/><V28/><F110/><W96/><G135/><T65/><D134/><U124/><E32/><V104/><F104/><W117/><G117/><T128/><D65/><U31/><E31/><V121/><F95/><W102/><G0/><T25/><D26/><U86/><E63/><V101/><F101/><W21/><G42/><T78/><D78/><U54/><E2/><V116/><F48/><N who="3" m="30823" /><G37/><T100/><D100/><N who="3" m="38441" /><G96/><T14/><REACH who="0" step="1"/><D25/><REACH who="0" ten="174,288,264,254" step="2"/><U133/><E133/><V20/><F121/><W115/><G115/><T46/><D46/><U74/><E74/><V80/><F116/><W113/><G113/><T27/><D27/><U114/><E114/><V97/><REACH who="2" step="1"/><F80/><REACH who="2" ten="174,288,254,254" step="2"/><W1/><G1/><AGARI ba="3,3" hai="1,4,10,20,24,28,59,61,67,70,71,88,94,97" machi="1" ten="30,12000,1" yaku="1,1,2,1,7,1,52,1,54,1,53,0" doraHai="62" doraHaiUra="41" who="2" fromWho="3" sc="174,0,288,0,254,159,254,-129" /><INIT seed="2,4,0,3,5,124" ten="174,288,413,125" oya="2" hai0="45,105,101,46,88,58,68,93,9,83,14,90,13" hai1="113,70,114,61,30,117,81,27,108,95,4,99,94" hai2="24,56,66,47,69,21,20,78,72,29,60,39,89" hai3="62,54,51,16,15,57,11,0,134,87,8,120,71"/><V131/><F69/><W5/><G134/><T125/><D68/><U22/><E117/><V28/><F72/><W122/><REACH who="3" step="1"/><G87/><REACH who="3" ten="174,288,413,115" step="2"/><T132/><D132/><U37/><E113/><V133/><F133/><W55/><G55/><T44/><D125/><U43/><E114/><V26/><F78/><W109/><G109/><T128/><D46/><U98/><E108/><V52/><F47/><W126/><G126/><T130/><D45/><U111/><E111/><V34/><F52/><W3/><G3/><T92/><D44/><U82/><E43/><V1/><F1/><W74/><G74/><T42/><D42/><U67/><E37/><V53/><F39/><W48/><G48/><T31/><D130/><U10/><E98/><V135/><F131/><W40/><G40/><T116/><D128/><U75/><E75/><V121/><F53/><W107/><G107/><T59/><D105/><U49/><E49/><V112/><F135/><W17/><G17/><T65/><D116/><U12/><E99/><V38/><F38/><W6/><G6/><T64/><D64/><AGARI ba="4,1" hai="0,5,8,11,15,16,51,54,57,62,64,71,120,122" machi="64" ten="40,5200,0" yaku="1,1,54,1,53,1" doraHai="124" doraHaiUra="63" who="3" fromWho="0" sc="174,-64,288,0,413,0,115,74" /><INIT seed="3,0,0,2,3,62" ten="110,288,413,189" oya="3" hai0="123,38,93,76,41,102,126,85,91,6,11,42,74" hai1="122,92,56,98,23,110,135,12,77,29,111,129,51" hai2="61,32,37,53,72,119,109,82,0,22,47,36,81" hai3="64,33,46,106,14,44,115,113,70,118,5,13,3"/><W57/><G106/><T103/><D123/><U127/><E122/><V7/><F119/><W66/><G33/><T58/><D126/><U124/><E77/><V54/><F32/><W45/><G3/><T30/><D30/><U117/><E117/><V8/><F109/><N who="1" m="41481" /><E129/><V43/><F37/><W128/><G118/><T2/><D42/><U75/><E75/><V84/><F61/><W96/><G96/><T28/><D28/><U19/><E29/><V63/><F63/><W35/><G35/><T94/><D94/><U100/><E135/><V73/><F22/><W26/><G5/><T80/><REACH who="0" step="1"/><D58/><REACH who="0" ten="100,288,413,189" step="2"/><U78/><E92/><V60/><F43/><W79/><G57/><T55/><D55/><U120/><E56/><V130/><F54/><W15/><G70/><T68/><D68/><U65/><E120/><V95/><F53/><W39/><G39/><T21/><D21/><U4/><E23/><V10/><F36/><W133/><G133/><T131/><D131/><U1/><E127/><V50/><F130/><W134/><G134/><T9/><D9/><U31/><E124/><V104/><F104/><W83/><G128/><T125/><D125/><U48/><E31/><V97/><F10/><W86/><REACH who="3" step="1"/><G26/><REACH who="3" ten="100,288,413,179" step="2"/><T34/><D34/><U89/><E1/><V121/><F0/><W16/><G16/><T59/><D59/><U101/><E19/><V49/><F7/><W17/><G17/><T99/><D99/><U107/><E4/><V114/><F97/><W67/><AGARI ba="0,2" hai="13,14,15,44,45,46,64,66,67,79,83,86,113,115" machi="67" ten="40,18000,2" yaku="1,1,0,1,29,2,52,3,53,0" doraHai="62" doraHaiUra="88" who="3" fromWho="3" sc="100,-60,288,-60,413,-60,179,200" owari="40,-46.0,228,-17.2,353,15.3,379,47.9" /></mjloggm>