<mjloggm ver="2.3"><GO type="225" lobby="0"/><UN n0="%72%61%6B%33" n1="%E3%81%86%E3%82%8C%E3%81%9F%E3%82%93%E6%9E%95" n2="%E3%81%B2%E3%81%AA%E3%81%AE%E3%82%8A%E3%81%8F" n3="%E9%80%9F%E6%B0%B4%E5%87%9B%E9%A6%99" dan="16,16,16,16" rate="2207.06,2158.09,2144.03,2119.63" sx="M,F,M,F"/><TAIKYOKU oya="0"/><INIT seed="0,0,0,3,1,62" ten="250,250,250,250" oya="0" hai0="86,48,114,115,101,28,78,116,26,81,58,108,68" hai1="15,18,128,47,19,124,52,0,61,71,40,2,50" hai2="94,21,5,102,30,118,127,99,135,96,113,33,92" hai3="1,23,36,130,17,79,87,9,53,41,63,3,72"/><T70/><D116/><U100/><E128/><V98/><F113/><W10/><G72/><T134/><D134/><U14/><E124/><V73/><F135/><W110/><G130/><T44/><D108/><U31/><E100/><V125/><F73/><W103/><G103/><T27/><D27/><U75/><E75/><V39/><F39/><W8/><G41/><T77/><D77/><U11/><E31/><V84/><F33/><W16/><G36/><T88/><D58/><U90/><E90/><N who="2" m="53319" /><F5/><W83/><G110/><T120/><D120/><U85/><E85/><V54/><F30/><W106/><G106/><T55/><D101/><U132/><E132/><V45/><F21/><W34/><G34/><T29/><D29/><U64/><REACH who="1" step="1"/><E40/><REACH who="1" ten="250,240,250,250" step="2"/><V131/><F102/><W13/><G17/><T59/><D78/><U67/><E67/><V133/><F133/><W111/><G111/><T89/><D89/><U51/><E51/><V60/><F127/><W121/><G121/><T91/><D91/><U42/><E42/><V57/><F125/><W107/><G107/><T109/><D109/><U104/><E104/><V25/><F131/><W112/><G112/><T80/><D80/><U69/><E69/><V56/><F118/><W66/><REACH who="3" step="1"/><G53/><REACH who="3" ten="250,240,250,240" step="2"/><N who="0" m="29831" /><D115/><U37/><E37/><V35/><F54/><W76/><G76/><T93/><D114/><U24/><E24/><V38/><F25/><W95/><G95/><T22/><D93/><U105/><E105/><V122/><F94/><W82/><G82/><T119/><D119/><U12/><E12/><V129/><F129/><W65/><G65/><RYUUKYOKU ba="0,2" sc="250,10,240,10,250,-30,240,10" hai0="22,26,28,55,59,68,70,81,86,88" hai1="0,2,11,14,15,18,19,47,50,52,61,64,71" hai3="1,3,8,9,10,13,16,23,63,66,79,83,87" /><INIT seed="0,1,2,0,1,1" ten="260,250,220,250" oya="0" hai0="13,22,124,78,33,25,103,67,96,6,97,111,38" hai1="80,52,135,115,73,86,93,123,0,69,76,59,15" hai2="84,85,53,118,90,10,83,24,92,51,132,56,75" hai3="72,29,58,94,129,4,126,45,116,107,114,68,60"/><T71/><D38/><U14/><E123/><V17/><F132/><W54/><G107/><T5/><D78/><U7/><E115/><V81/><F118/><W130/><G116/><T40/><D40/><U117/><E69/><V105/><F105/><W50/><G72/><T110/><D124/><U46/><E117/><V49/><F75/><W131/><G29/><T98/><D103/><U8/><E135/><V113/><F113/><W121/><G114/><T82/><D82/><U122/><E46/><V23/><F10/><W57/><G126/><T120/><D33/><U87/><E122/><V74/><F74/><W35/><G35/><T108/><D13/><U48/><REACH who="1" step="1"/><E73/><REACH who="1" ten="260,240,220,250" step="2"/><V55/><REACH who="2" step="1"/><F85/><REACH who="2" ten="260,240,210,250" step="2"/><W31/><G121/><T89/><D120/><U28/><E28/><V106/><F106/><W66/><G31/><N who="0" m="17847" /><D89/><AGARI ba="1,4" hai="0,7,8,14,15,48,52,59,76,80,86,87,89,93" machi="89" ten="40,5200,0" yaku="1,1,52,1,54,1,53,0" doraHai="1" doraHaiUra="100" who="1" fromWho="0" sc="260,-55,240,95,210,0,250,0" /><INIT seed="1,0,0,5,4,134" ten="205,335,210,250" oya="1" hai0="118,31,126,2,40,105,37,28,42,59,95,55,5" hai1="68,48,133,108,101,72,76,10,131,66,19,35,22" hai2="70,58,83,75,27,84,12,29,3,0,18,54,51" hai3="26,119,125,74,116,85,117,122,128,120,110,106,114"/><U130/><E35/><V88/><F70/><W21/><G74/><T90/><D105/><U63/><E133/><V49/><F49/><W98/><G98/><T15/><D118/><U107/><E107/><V60/><F75/><W33/><G106/><T104/><D2/><U41/><E101/><V99/><F99/><W25/><G85/><T81/><D81/><N who="1" m="45191" /><E10/><V132/><F132/><W94/><G94/><T62/><D104/><U32/><E32/><V124/><F124/><W20/><G128/><N who="1" m="49194" /><E108/><V103/><F103/><W14/><G33/><T79/><D126/><U93/><E93/><V67/><F27/><N who="3" m="10251" /><G125/><T100/><D79/><U44/><E22/><N who="3" m="8810" /><G114/><T9/><D100/><U87/><E19/><V39/><F39/><W113/><G113/><T64/><D37/><U115/><E115/><V11/><REACH who="2" step="1"/><F29/><REACH who="2" ten="205,335,200,250" step="2"/><W92/><G110/><T17/><D28/><U7/><E87/><V6/><F6/><AGARI ba="0,1" hai="6,7,41,44,48,63,66,68" m="49194,45191" machi="6" ten="30,1500,0" yaku="19,1" doraHai="134" who="1" fromWho="2" sc="205,0,335,25,200,-15,250,0" /><INIT seed="1,1,0,0,2,29" ten="205,360,185,250" oya="1" hai0="32,31,127,24,77,92,16,51,12,73,119,78,109" hai1="93,18,99,61,44,22,102,4,67,59,113,132,63" hai2="103,134,115,33,42,70,5,118,25,126,111,72,57" hai3="131,45,120,75,68,125,40,34,27,39,86,82,0"/><U49/><E113/><V11/><F118/><W20/><G120/><T83/><D119/><U104/><E132/><V43/><F134/><W116/><G116/><T130/><D109/><U2/><E2/><V52/><F70/><W71/><G131/><T101/><D130/><U7/><E63/><V21/><F111/><W90/><G0/><T17/><D127/><U74/><E74/><V54/><F126/><W35/><G125/><T62/><D78/><U26/><REACH who="1" step="1"/><E104/><REACH who="1" ten="205,350,185,250" step="2"/><V9/><F72/><W98/><G75/><T53/><D62/><U100/><E100/><V76/><F103/><W47/><G71/><T97/><REACH who="0" step="1"/><D12/><REACH who="0" ten="195,350,185,250" step="2"/><U112/><E112/><V123/><F115/><W128/><G128/><T85/><D85/><U117/><E117/><V69/><F123/><W8/><G68/><T81/><D81/><U65/><E65/><V30/><F69/><W55/><G86/><T94/><D94/><U79/><E79/><V91/><F76/><W6/><G82/><T13/><D13/><U95/><E95/><V133/><F133/><W89/><G98/><T129/><D129/><U38/><E38/><V66/><F66/><W121/><G39/><T23/><D23/><U41/><AGARI ba="1,2" hai="4,7,18,22,26,41,44,49,59,61,67,93,99,102" machi="41" ten="20,7800,0" yaku="1,1,0,1,7,1,8,1,53,0" doraHai="29" doraHaiUra="87" who="1" fromWho="1" sc="195,-27,350,101,185,-27,250,-27" /><INIT seed="1,2,0,0,3,103" ten="168,451,158,223" oya="1" hai0="53,67,24,20,93,9,87,29,52,106,91,69,61" hai1="19,121,97,126,88,64,18,39,38,120,80,4,73" hai2="78,46,40,54,16,113,62,79,32,119,51,12,109" hai3="122,71,77,131,26,23,70,27,34,21,102,35,90"/><U13/><E126/><V74/><F119/><W84/><G77/><T43/><D106/><U104/><E64/><V123/><F123/><W7/><G7/><T66/><D43/><U125/><E125/><V116/><F116/><W10/><G122/><T124/><D124/><U37/><E4/><V60/><F109/><W42/><G42/><T132/><D132/><U130/><E130/><V22/><F113/><W135/><G10/><T33/><D33/><U101/><E19/><V59/><F32/><W2/><G2/><T127/><D127/><U108/><E108/><V31/><F31/><W3/><G3/><T44/><D44/><U81/><E81/><V96/><F96/><W110/><G131/><T117/><D117/><U63/><E63/><N who="2" m="36343" /><F74/><W112/><G102/><T1/><REACH who="0" step="1"/><D66/><REACH who="0" ten="158,451,158,223" step="2"/><U107/><E104/><V72/><F72/><W100/><G110/><T134/><D134/><U11/><E73/><V25/><F79/><W58/><G135/><T56/><D56/><U41/><E41/><V118/><F78/><W8/><G58/><T86/><D86/><N who="1" m="50247" /><E121/><V49/><F118/><W115/><G115/><T30/><D30/><U65/><E120/><V55/><F25/><W95/><G112/><T68/><D68/><U45/><E65/><V48/><F48/><W83/><G27/><T6/><AGARI ba="2,1" hai="1,6,9,20,24,29,52,53,61,67,69,87,91,93" machi="6" ten="30,4000,0" yaku="1,1,0,1,54,1,53,0" doraHai="103" doraHaiUra="14" who="0" fromWho="0" sc="158,56,451,-22,158,-12,223,-12" /><INIT seed="2,0,0,4,4,47" ten="214,429,146,211" oya="2" hai0="43,54,97,34,109,59,128,7,122,75,14,76,77" hai1="37,87,4,49,98,130,13,118,19,51,82,95,31" hai2="45,80,22,70,105,90,119,91,73,92,33,96,24" hai3="0,3,112,66,131,55,58,52,129,53,61,35,29"/><V121/><F121/><W102/><G102/><T11/><D122/><U38/><E118/><V69/><F119/><W1/><G35/><T32/><D109/><U127/><E31/><V21/><F105/><W62/><G29/><T72/><D43/><U71/><E71/><V5/><F5/><W30/><G30/><T115/><D115/><U111/><E4/><V108/><F33/><W120/><G120/><T50/><D128/><N who="3" m="49225" /><G112/><T60/><D75/><U88/><E127/><V83/><F108/><W93/><G93/><T110/><D110/><U64/><E64/><V36/><F73/><W100/><G100/><T44/><D97/><U86/><E86/><V10/><F10/><W12/><G12/><T107/><D107/><U68/><E68/><AGARI ba="0,0" hai="0,1,3,52,53,55,58,61,62,66,68" m="49225" machi="68" ten="40,2600,0" yaku="19,1,54,1" doraHai="47" who="3" fromWho="1" sc="214,0,429,-26,146,0,211,26" /><INIT seed="3,0,0,0,4,119" ten="214,403,146,237" oya="3" hai0="115,53,43,44,99,108,82,78,122,3,23,109,63" hai1="47,41,67,17,11,97,26,61,0,57,72,132,30" hai2="35,18,91,6,34,94,45,135,40,22,74,79,120" hai3="42,101,9,7,131,13,77,102,62,36,46,71,64"/><W98/><G131/><T89/><D3/><U15/><E72/><V86/><F135/><W129/><G129/><T28/><D115/><U24/><E132/><V59/><F6/><W19/><G77/><T68/><D28/><U10/><E0/><V111/><F111/><W70/><G70/><T12/><D99/><U92/><E10/><V106/><F106/><W29/><G29/><T93/><D53/><U116/><E116/><V32/><F74/><W124/><G124/><T21/><D63/><U51/><E30/><V8/><F79/><W1/><G98/><T123/><D68/><U126/><E126/><V66/><F8/><AGARI ba="0,0" hai="1,7,8,9,13,19,36,42,46,62,64,71,101,102" machi="8" ten="30,1500,0" yaku="7,1" doraHai="119" who="3" fromWho="2" sc="214,0,403,0,146,-15,237,15" /><INIT seed="3,1,0,5,3,114" ten="214,403,131,252" oya="3" hai0="109,99,4,41,58,27,110,87,69,14,10,113,29" hai1="38,67,45,104,36,20,48,68,43,34,0,89,6" hai2="52,49,91,44,128,75,17,78,129,96,98,126,25" hai3="124,8,106,77,56,76,31,108,107,65,88,103,73"/><W28/><G124/><T116/><D69/><U131/><E34/><V57/><F126/><W111/><G8/><T130/><D113/><U90/><E104/><N who="3" m="39978" /><G103/><T3/><D99/><U74/><E74/><V7/><F7/><W13/><G13/><T37/><D58/><U125/><E36/><V71/><F71/><W5/><G5/><T101/><D101/><U22/><E67/><V33/><F75/><W16/><G16/><N who="0" m="8279" /><D87/><U85/><E20/><V134/><F78/><N who="3" m="30315" /><G65/><T46/><D4/><U118/><E22/><V12/><F134/><W72/><G56/><T79/><D79/><U50/><E6/><V93/><F98/><W64/><G64/><T18/><D18/><U112/><E125/><V21/><F33/><W92/><G92/><T19/><D19/><U61/><E112/><V102/><F102/><W66/><G66/><T53/><D3/><U42/><E0/><V24/><REACH who="2" step="1"/><F57/><REACH who="2" ten="214,403,121,252" step="2"/><W80/><G72/><T35/><D35/><U32/><E32/><V115/><F115/><W30/><G73/><T26/><D110/><N who="3" m="42025" /><G80/><T83/><D83/><U60/><E89/><AGARI ba="1,1" hai="28,30,31,88,89" m="42025,30315,39978" machi="89" ten="40,12000,1" yaku="28,2,14,1,10,1,54,1" doraHai="114" who="3" fromWho="1" sc="214,0,403,-123,121,0,252,133" owari="214,-18.6,280,8.0,121,-37.9,385,48.5" /></mjloggm>