<mjloggm ver="2.3"><GO type="225" lobby="0"/><UN n0="%74%61%6B%75%61%6B%61" n1="%E6%9C%AA%E6%9D%A5%E5%B0%91%E5%B9%B4" n2="%E9%80%9F%E6%B0%B4%E5%87%9B%E9%A6%99" n3="%E3%81%9F%E3%81%93%E2%98%86%E7%84%BC%E3%81%8D" dan="17,16,17,16" rate="2242.38,2157.88,2171.88,2103.38" sx="M,M,F,M"/><TAIKYOKU oya="0"/><INIT seed="0,0,0,2,3,128" ten="250,250,250,250" oya="0" hai0="12,87,124,34,45,16,68,57,103,111,25,117,119" hai1="36,84,32,3,35,72,109,106,2,31,120,97,22" hai2="93,110,52,20,130,94,96,113,37,126,118,99,13" hai3="133,39,73,42,81,79,14,105,115,29,40,46,38"/><T85/><D68/><U125/><E120/><V108/><F37/><W107/><G14/><T55/><D124/><U131/><E72/><V71/><F71/><W76/><G29/><T122/><D122/><U121/><E121/><V58/><F113/><W30/><G30/><T61/><D111/><N who="2" m="42538" /><F130/><W50/><G79/><T24/><D103/><U134/><E36/><V82/><F82/><W27/><G27/><T48/><D119/><U92/><E106/><V69/><F69/><W75/><G50/><T62/><D62/><U95/><E125/><V56/><F56/><W104/><G115/><T116/><D116/><U80/><E131/><V66/><F66/><W89/><G89/><T98/><D98/><U114/><E114/><V19/><F118/><W127/><G127/><T74/><D74/><U1/><E35/><V10/><F10/><W70/><G70/><T67/><D117/><U86/><E32/><V44/><F44/><N who="3" m="23575" /><G73/><T132/><D132/><AGARI ba="0,0" hai="39,42,46,75,76,81,104,105,107,132,133" m="23575" machi="132" ten="40,5200,0" yaku="23,1,52,2" doraHai="128" who="3" fromWho="0" sc="250,-52,250,0,250,0,250,52" /><INIT seed="1,0,0,4,3,43" ten="198,250,250,302" oya="1" hai0="89,8,102,105,116,128,47,2,108,121,77,76,46" hai1="17,11,92,97,15,75,66,38,98,37,32,70,13" hai2="63,60,109,117,80,22,95,34,129,62,39,25,4" hai3="61,33,27,21,78,96,65,51,57,94,64,45,31"/><U106/><E75/><V1/><F117/><W87/><G33/><T23/><D116/><U81/><E32/><V20/><F34/><W90/><G64/><T119/><D119/><U14/><E106/><V134/><F109/><W40/><REACH who="3" step="1"/><G78/><REACH who="3" ten="198,250,250,292" step="2"/><T120/><D108/><U5/><E66/><V74/><F134/><W103/><G103/><T82/><D128/><U135/><E135/><V79/><F79/><W42/><G42/><T50/><D76/><U54/><E70/><V132/><F132/><W91/><G91/><T55/><D89/><U0/><E54/><V3/><F129/><W29/><G29/><T84/><D102/><U86/><E37/><V52/><F52/><W131/><G131/><T111/><D111/><U16/><E38/><V104/><F39/><W112/><G112/><T85/><D121/><U68/><E68/><V49/><F74/><W59/><G59/><T83/><D120/><U71/><E71/><V127/><F127/><W10/><G10/><T18/><D8/><U100/><REACH who="1" step="1"/><E98/><AGARI ba="0,1" hai="21,27,31,40,45,51,57,61,65,87,90,94,96,98" machi="98" ten="40,8000,1" yaku="1,1,8,1,52,1,53,1" doraHai="43" doraHaiUra="36" who="3" fromWho="1" sc="198,0,250,-80,250,0,292,90" /><INIT seed="2,0,0,4,2,76" ten="198,170,250,382" oya="2" hai0="107,45,50,113,49,119,68,78,109,34,126,20,133" hai1="44,99,29,2,105,104,128,129,43,37,108,74,12" hai2="75,87,69,60,35,33,72,122,0,125,118,84,132" hai3="112,71,47,121,31,53,56,63,65,27,93,66,111"/><V124/><F0/><W131/><G121/><T73/><RYUUKYOKU type="yao9" ba="0,0" sc="198,0,170,0,250,0,382,0" hai0="20,34,45,49,50,68,73,78,107,109,113,119,126,133" /><INIT seed="2,1,0,4,4,51" ten="198,170,250,382" oya="2" hai0="33,101,97,24,132,11,104,94,78,67,71,14,16" hai1="98,1,119,47,88,38,65,57,82,53,17,19,9" hai2="55,36,77,105,37,89,10,25,40,28,56,26,31" hai3="85,46,30,110,66,3,20,107,2,73,112,96,118"/><V81/><F105/><W74/><G118/><T62/><D132/><U102/><E119/><V76/><F10/><W123/><G123/><T54/><D78/><U131/><E131/><V135/><F135/><W23/><G66/><T92/><D54/><U63/><E1/><V108/><F108/><W109/><G46/><T95/><D95/><N who="1" m="58719" /><E38/><V80/><F40/><W121/><G96/><T83/><D83/><U60/><E9/><V126/><F89/><W45/><G45/><T32/><D32/><U12/><E12/><V64/><F64/><W117/><G117/><T27/><D27/><U68/><E68/><V42/><F42/><W48/><G85/><T114/><D114/><U120/><E120/><V134/><F134/><W93/><G121/><T87/><D87/><N who="1" m="50295" /><E63/><V133/><F133/><W39/><G48/><AGARI ba="1,0" hai="17,19,47,48,53,57,60,65" m="50295,58719" machi="48" ten="30,3900,0" yaku="8,1,52,1,54,1" doraHai="51" who="1" fromWho="3" sc="198,0,170,42,250,0,382,-42" /><INIT seed="3,0,0,3,0,7" ten="198,212,250,340" oya="3" hai0="66,12,88,33,101,79,90,23,4,20,46,108,135" hai1="129,121,26,67,13,114,64,55,1,34,96,10,133" hai2="80,83,99,48,45,59,43,70,61,105,50,126,5" hai3="73,22,15,131,94,111,84,60,119,81,117,68,69"/><W18/><G131/><T62/><D33/><U27/><E114/><V17/><F70/><W86/><G73/><T41/><D108/><U98/><E121/><V97/><F126/><W77/><G68/><T78/><D135/><U44/><E129/><V49/><F5/><W40/><G40/><T89/><D101/><U85/><E1/><V3/><F3/><W134/><G134/><T36/><D23/><U58/><E133/><V118/><F105/><W38/><G38/><T130/><D130/><U107/><E44/><V39/><F118/><W132/><G111/><T127/><D127/><U8/><E85/><V11/><F97/><N who="1" m="37481" /><E34/><V52/><F99/><W21/><G21/><T30/><D30/><U116/><E107/><V104/><F104/><W28/><G28/><T16/><REACH who="0" step="1"/><D4/><REACH who="0" ten="188,212,250,340" step="2"/><N who="1" m="3207" /><E116/><V100/><F100/><W120/><G132/><T115/><D115/><U19/><E27/><V93/><F17/><W2/><G18/><T37/><D37/><U51/><E26/><V0/><F39/><W42/><G119/><T124/><D124/><U103/><E103/><V71/><F0/><W29/><G2/><T63/><D63/><U75/><E75/><V106/><F61/><W91/><G60/><T54/><D54/><U87/><E87/><V112/><F52/><W102/><G86/><T9/><D9/><U6/><E6/><V72/><F11/><W122/><G84/><T14/><D14/><AGARI ba="0,1" hai="10,14,19,51,55,58,64,67" m="3207,37481" machi="14" ten="30,3900,0" yaku="8,1,52,2" doraHai="7" who="1" fromWho="0" sc="188,-39,212,49,250,0,340,0" owari="149,-35.1,261,6.1,250,-15.0,340,44.0" /></mjloggm>