<mjloggm ver="2.3"><GO type="225" lobby="0"/><UN n0="%E3%82%B8%E3%83%A3%E3%83%9E%E3%83%BC%E3%83%AB%E3%83%9E%E3%83%AC%E3%83%BC" n1="%65%6B%61%72%75%74%65" n2="%E6%A1%9C%E8%8A%B1%E9%96%83%E3%80%85" n3="%E3%83%B4%E3%83%A0%EF%BC%99%E3%81%A6" dan="17,16,18,17" rate="2204.65,2134.59,2190.92,2200.76" sx="M,M,M,M"/><TAIKYOKU oya="0"/><INIT seed="0,0,0,3,0,5" ten="250,250,250,250" oya="0" hai0="106,31,125,39,52,89,119,4,49,114,120,48,121" hai1="117,9,45,96,2,54,75,78,132,64,91,12,53" hai2="79,18,3,94,26,16,43,23,40,116,101,0,83" hai3="123,14,126,22,80,55,10,135,72,6,128,59,38"/><T32/><D114/><U20/><E117/><V68/><F68/><W8/><G38/><T103/><D119/><U67/><E132/><V109/><F116/><W127/><G135/><T87/><D39/><U41/><E2/><V37/><F109/><W99/><G128/><T35/><D49/><U61/><E20/><V17/><F3/><W51/><G123/><T111/><D4/><U71/><E67/><V33/><F33/><W76/><G22/><T93/><D125/><U27/><E27/><V105/><F105/><W90/><REACH who="3" step="1"/><G10/><REACH who="3" ten="250,250,250,240" step="2"/><T21/><D111/><U86/><E9/><V115/><F37/><W50/><G50/><T92/><D21/><U124/><E124/><V122/><F122/><W57/><G57/><T129/><D35/><U107/><E71/><V1/><F115/><W36/><G36/><T70/><D70/><U58/><E58/><V19/><F23/><W11/><G11/><T66/><D129/><U63/><E61/><V77/><F26/><W88/><G88/><T74/><D121/><U56/><E91/><V42/><N who="2" m="4096" /><DORA hai="28" /><V65/><F79/><W34/><G34/><T46/><D89/><U98/><E56/><V73/><REACH who="2" step="1"/><F65/><REACH who="2" ten="250,250,240,240" step="2"/><W134/><G134/><T25/><D66/><U104/><E64/><V84/><F84/><W60/><G60/><T62/><D120/><U15/><E86/><V81/><F81/><W113/><G113/><T30/><D87/><U29/><E63/><V110/><F110/><W7/><G7/><T82/><D62/><U85/><E78/><V95/><F95/><AGARI ba="0,2" hai="6,8,14,51,55,59,72,76,80,90,95,99,126,127" machi="95" ten="40,5200,0" yaku="1,1,52,1,53,1" doraHai="5,28" doraHaiUra="47,131" who="3" fromWho="2" sc="250,0,250,0,240,-52,240,72" /><INIT seed="1,0,0,4,2,79" ten="250,250,188,312" oya="1" hai0="127,38,27,65,96,37,66,25,97,99,106,1,101" hai1="44,4,93,46,60,70,7,110,92,48,39,21,2" hai2="43,107,131,64,80,58,71,119,19,111,109,104,24" hai3="28,95,11,59,88,78,15,134,0,86,132,3,121"/><U117/><E117/><V113/><F119/><W115/><G121/><T77/><D77/><U103/><E110/><N who="2" m="41995" /><F71/><W61/><G115/><T84/><D84/><U33/><E33/><V47/><F113/><W52/><G28/><T116/><D116/><U41/><E21/><N who="2" m="13375" /><F131/><W118/><G118/><T8/><D106/><N who="2" m="40490" /><F58/><W85/><G78/><T49/><D101/><U98/><E92/><V125/><F64/><W30/><G30/><T75/><D65/><U89/><E2/><V16/><F16/><N who="3" m="8319" /><G85/><T90/><D66/><U87/><E60/><V91/><F125/><W135/><AGARI ba="0,0" hai="0,3,52,59,61,86,88,95,132,134,135" m="8319" machi="135" ten="30,7900,0" yaku="20,1,54,3" doraHai="79" who="3" fromWho="3" sc="250,-20,250,-39,188,-20,312,79" /><INIT seed="2,0,0,2,3,52" ten="230,211,168,391" oya="2" hai0="92,34,94,73,81,89,17,60,26,71,42,112,67" hai1="88,15,59,122,29,134,126,78,102,45,10,117,55" hai2="100,9,44,1,119,8,22,127,91,121,18,53,41" hai3="111,74,43,30,135,32,62,4,48,31,131,79,61"/><V68/><F119/><W86/><G74/><T106/><D112/><U132/><E117/><V90/><F121/><W110/><G131/><T2/><D2/><U109/><E122/><V124/><F68/><W25/><G135/><N who="1" m="51754" /><E109/><N who="3" m="41482" /><G4/><T66/><D42/><U39/><E126/><N who="2" m="48171" /><F100/><W3/><G31/><T96/><D67/><U75/><E29/><V51/><F41/><W12/><G12/><T82/><D73/><U123/><E123/><V11/><F1/><W77/><G3/><T57/><D106/><U27/><E27/><AGARI ba="0,0" hai="8,9,11,18,22,27,44,51,53,90,91" m="48171" machi="27" ten="30,1500,0" yaku="18,1" doraHai="52" who="2" fromWho="1" sc="230,0,211,-15,168,15,391,0" /><INIT seed="2,1,0,0,0,130" ten="230,196,183,391" oya="2" hai0="107,102,25,78,67,28,34,122,21,14,71,123,127" hai1="120,49,39,108,135,72,19,42,96,85,77,27,90" hai2="76,80,94,29,64,126,65,62,101,73,26,93,63" hai3="92,112,40,15,79,31,82,132,38,114,125,7,44"/><V6/><F126/><W95/><G125/><T113/><D127/><U55/><E108/><V133/><F6/><W75/><G31/><T16/><D113/><N who="3" m="43625" /><G132/><T32/><D78/><U88/><E135/><V59/><F133/><W111/><G111/><T17/><D17/><U56/><E120/><V54/><F101/><W10/><AGARI ba="1,0" hai="7,10,15,38,40,44,75,79,82,92,95" m="43625" machi="10" ten="30,1100,0" yaku="11,1" doraHai="130" who="3" fromWho="3" sc="230,-4,196,-4,183,-6,391,14" /><INIT seed="3,0,0,3,4,32" ten="226,192,177,405" oya="3" hai0="46,108,87,11,69,133,24,51,12,106,130,62,107" hai1="19,52,134,100,64,42,83,3,65,92,26,118,44" hai2="48,0,16,63,102,2,45,131,56,14,73,84,116" hai3="18,8,41,54,85,96,43,38,57,53,72,115,40"/><W113/><G72/><T49/><D108/><U135/><E118/><V132/><F116/><W39/><G85/><T27/><D87/><U6/><E83/><V77/><F73/><W36/><G96/><T7/><D51/><N who="1" m="28775" /><E42/><N who="2" m="24631" /><F0/><W88/><G88/><T25/><D130/><U120/><E120/><V114/><F2/><W35/><G35/><T129/><D133/><N who="1" m="50699" /><E19/><V95/><F114/><W74/><G74/><T128/><D107/><U80/><E26/><V119/><F119/><W4/><G18/><T101/><D106/><U111/><E80/><N who="2" m="47119" /><F131/><W91/><G43/><T105/><D27/><U71/><E71/><V59/><F132/><W10/><G40/><T127/><D25/><U47/><E47/><V70/><F70/><W66/><G36/><T117/><D24/><U34/><E34/><V94/><F102/><W29/><G38/><T125/><D117/><U21/><E21/><N who="2" m="11415" /><F56/><W97/><G57/><T37/><D37/><U67/><E111/><V81/><F81/><W5/><G39/><T33/><D33/><U1/><E6/><V99/><F99/><AGARI ba="0,0" hai="1,3,64,65,67,92,99,100" m="50699,28775" machi="99" ten="30,7700,0" yaku="20,1,52,2,54,1" doraHai="32" who="1" fromWho="2" sc="226,0,192,77,177,-77,405,0" owari="226,-17.4,269,6.9,100,-40.0,405,50.5" /></mjloggm>