<mjloggm ver="2.3"><GO type="225" lobby="0"/><UN n0="%E3%83%A9%E3%83%BC%E3%83%A1%E3%83%B3%E4%BA%94%E9%83%8E" n1="%4C%4F%4C%49%54%41" n2="%72%69%6F%75%63%68%61%6E" n3="%E3%81%AF%E3%82%88%E3%81%8A%E3%81%98%E3%81%95%E3%82%93" dan="16,16,17,16" rate="2102.64,2183.62,2272.20,2213.08" sx="M,F,M,M"/><TAIKYOKU oya="0"/><INIT seed="0,0,0,2,3,0" ten="250,250,250,250" oya="0" hai0="131,44,71,1,62,15,53,107,69,78,11,80,122" hai1="134,29,121,38,87,25,76,88,111,124,129,54,49" hai2="47,59,5,89,60,128,35,32,36,83,51,34,99" hai3="33,19,30,105,10,18,82,3,41,24,37,75,94"/><T50/><D122/><U135/><E121/><V95/><F128/><W9/><G94/><T90/><D131/><U8/><E129/><V40/><F5/><N who="3" m="1215" /><G10/><T73/><D107/><U81/><E38/><V93/><F83/><W56/><G56/><T27/><D1/><U130/><E130/><V17/><F17/><W4/><G4/><T66/><D90/><U26/><E111/><V55/><REACH who="2" step="1"/><F93/><REACH who="2" ten="250,250,240,250" step="2"/><W116/><G105/><T92/><D92/><U7/><E76/><V42/><F42/><W45/><G116/><T79/><D79/><AGARI ba="0,1" hai="18,19,24,30,33,37,41,45,75,79,82" m="1215" machi="79" ten="30,2000,0" yaku="25,1,52,1" doraHai="0" who="3" fromWho="0" sc="250,-20,250,0,240,0,250,30" /><INIT seed="1,0,0,3,5,22" ten="230,250,240,280" oya="1" hai0="79,1,92,116,135,41,96,74,130,120,63,26,77" hai1="33,109,32,84,46,83,99,30,42,12,31,66,64" hai2="101,72,126,87,54,106,23,80,134,131,91,122,20" hai3="107,49,48,65,93,5,37,97,129,40,75,61,57"/><U94/><E32/><V95/><F122/><W119/><G75/><T110/><D116/><U108/><E12/><V73/><F131/><W25/><G107/><T70/><D1/><U44/><E64/><V11/><F126/><W29/><G129/><T50/><D130/><U123/><E66/><V58/><F134/><W114/><G114/><T36/><D36/><U103/><E123/><V59/><F11/><W121/><G121/><T6/><D135/><U62/><E62/><V112/><F112/><W118/><G5/><T17/><D120/><U10/><E10/><V28/><F59/><W19/><G19/><T111/><D6/><U8/><E8/><V18/><F28/><W14/><G14/><T16/><D63/><U125/><E125/><V27/><F20/><N who="3" m="15527" /><G37/><T7/><D7/><U3/><E3/><V82/><F106/><W128/><G40/><T9/><D70/><U86/><E86/><V47/><F47/><N who="1" m="17961" /><E42/><V38/><F38/><W45/><G45/><N who="0" m="25903" /><D74/><U105/><E105/><V60/><REACH who="2" step="1"/><F80/><REACH who="2" ten="230,250,230,280" step="2"/><W78/><G128/><T0/><D9/><U53/><E33/><V124/><F124/><W52/><G57/><T115/><D115/><U51/><E30/><V56/><F56/><W34/><G34/><T102/><D0/><U89/><E31/><V43/><F43/><W39/><G39/><T117/><D117/><U15/><E108/><N who="0" m="41513" /><D17/><U71/><E109/><V81/><F81/><W4/><G118/><T127/><D127/><U133/><E133/><V68/><F68/><W100/><G119/><T90/><D102/><U85/><E103/><V55/><F55/><RYUUKYOKU ba="0,1" sc="230,15,250,-15,230,15,280,-15" hai0="16,26,77,79,90,92,96" hai2="18,23,27,54,58,60,72,73,82,87,91,95,101" /><INIT seed="2,1,1,2,3,43" ten="245,235,245,265" oya="2" hai0="123,71,125,34,2,12,30,64,57,33,79,91,74" hai1="81,48,66,50,15,5,128,11,90,108,117,51,110" hai2="82,59,75,102,8,69,14,44,131,116,20,4,76" hai3="1,38,41,67,9,87,45,92,98,6,31,60,7"/><V111/><F116/><W18/><G31/><T122/><D2/><U89/><E117/><V105/><F131/><W22/><G7/><T99/><D71/><U16/><E128/><V72/><F69/><W17/><G87/><T83/><D125/><U101/><E66/><V97/><F111/><N who="1" m="42537" /><E101/><V37/><F59/><W28/><G28/><T86/><D99/><U134/><E134/><V65/><F65/><W77/><G77/><T93/><D12/><N who="1" m="5231" /><E81/><V42/><REACH who="2" step="1"/><F20/><AGARI ba="1,1" hai="15,16,20,48,50,51,89,90" m="5231,42537" machi="20" ten="30,2000,0" yaku="14,1,54,1" doraHai="43" who="1" fromWho="2" sc="245,0,235,33,245,-23,265,0" /><INIT seed="3,0,0,5,5,112" ten="245,268,222,265" oya="3" hai0="81,41,126,24,100,35,27,104,39,48,76,85,130" hai1="84,108,52,49,42,23,47,93,9,75,92,43,3" hai2="97,11,110,117,86,123,114,106,129,20,111,83,132" hai3="103,31,30,45,95,40,133,4,109,88,70,34,12"/><W61/><G133/><T63/><D39/><U127/><E75/><V124/><F114/><W135/><G135/><T121/><D121/><U60/><E108/><N who="2" m="41515" /><F132/><W72/><G72/><T57/><D126/><U58/><E127/><V10/><F124/><W67/><G109/><T89/><D130/><U65/><E3/><V118/><F129/><W44/><G103/><T80/><D35/><U115/><E115/><V6/><F123/><W7/><G34/><T128/><D128/><U56/><E9/><N who="2" m="3083" /><F6/><W13/><G4/><T0/><D0/><U51/><E42/><V19/><F97/><W50/><G44/><T66/><D104/><U22/><E84/><V26/><F106/><W15/><REACH who="3" step="1"/><G7/><REACH who="3" ten="245,268,222,255" step="2"/><T90/><D100/><U107/><E107/><V25/><F25/><W122/><G122/><T38/><D24/><U102/><E102/><V18/><F18/><W46/><G46/><T37/><D27/><U53/><E43/><V17/><F19/><W105/><G105/><T64/><D41/><U116/><E116/><V8/><N who="2" m="3091" /><V91/><AGARI ba="0,1" hai="17,20,26,83,86,91,117,118" m="3091,41515" machi="91" ten="40,8000,1" yaku="4,1,14,1,52,2" doraHai="112" who="2" fromWho="2" sc="245,-20,268,-20,222,90,255,-40" owari="225,-17.5,248,4.8,312,41.2,215,-28.5" /></mjloggm>