<mjloggm ver="2.3"><GO type="225" lobby="0"/><UN n0="%70%68%65%6E%6F%6D%65" n1="%45%6C%79%73%69%75%6D" n2="%E3%81%99%E3%81%84%E3%81%BE%E3%81%9B%E3%83%BC%E3%82%93" n3="%E8%A8%88%E7%AE%97%E6%A9%9F%E8%87%AA%E7%84%B6" dan="17,18,16,17" rate="2173.33,2180.56,2124.37,2189.96" sx="M,F,M,M"/><TAIKYOKU oya="0"/><INIT seed="0,0,0,1,1,50" ten="250,250,250,250" oya="0" hai0="36,84,23,79,10,41,24,58,103,35,47,49,38" hai1="33,94,106,121,30,125,113,53,61,133,55,122,1" hai2="108,105,95,73,127,135,63,76,45,97,29,34,115" hai3="88,39,62,119,118,32,48,89,80,120,70,64,116"/><T37/><D35/><U82/><E106/><V56/><F115/><W71/><G39/><T51/><D103/><U7/><E113/><V19/><F127/><W4/><G32/><T91/><D79/><U16/><E125/><V123/><F123/><W90/><G120/><T132/><D132/><U43/><E133/><V114/><F105/><W5/><G70/><T117/><D10/><U0/><E43/><V112/><F108/><W28/><G28/><T12/><D117/><U21/><E82/><V124/><F124/><W31/><G31/><T9/><D49/><U129/><E129/><V128/><F128/><W131/><G131/><T100/><D100/><U14/><E61/><V18/><F135/><W134/><G134/><T6/><D58/><U40/><E40/><V87/><F73/><W109/><G109/><T67/><D67/><U96/><E121/><V107/><F107/><W66/><G66/><T77/><D91/><N who="1" m="55391" /><E0/><V69/><F69/><W126/><G126/><T46/><D47/><U104/><E104/><V26/><F34/><W11/><G11/><T85/><REACH who="0" step="1"/><D77/><REACH who="0" ten="240,250,250,250" step="2"/><U74/><E122/><V78/><F114/><W81/><G48/><T8/><D8/><N who="1" m="2159" /><E74/><V42/><F112/><W92/><G92/><T101/><D101/><U20/><E20/><V86/><F95/><W27/><G4/><T17/><AGARI ba="0,1" hai="6,9,12,17,23,24,36,37,38,41,46,51,84,85" machi="17" ten="30,3000,0" yaku="1,1,0,1,53,0" doraHai="50" doraHaiUra="110" who="0" fromWho="0" sc="240,40,250,-10,250,-10,250,-10" /><INIT seed="0,1,0,5,5,97" ten="280,240,240,240" oya="0" hai0="126,127,56,128,21,64,76,116,87,26,93,62,74" hai1="45,80,13,108,23,9,135,48,67,109,24,38,106" hai2="101,61,34,0,98,112,46,17,92,5,103,104,70" hai3="51,100,86,119,91,90,10,99,31,71,36,78,35"/><T72/><D116/><U19/><E38/><V52/><F112/><W105/><G36/><T57/><D128/><U85/><E135/><V115/><F115/><W107/><G119/><T49/><D49/><U33/><E33/><V55/><F34/><W84/><G10/><T79/><D57/><U32/><E32/><V89/><F17/><W110/><G51/><T122/><D122/><U68/><E106/><N who="3" m="40458" /><G31/><T2/><D2/><U114/><E114/><V50/><F104/><N who="3" m="63519" /><G71/><T125/><D93/><U40/><E67/><V111/><F111/><W132/><G35/><T66/><D64/><U121/><E68/><V130/><F130/><W42/><G42/><T133/><D87/><N who="3" m="33321" /><G110/><T30/><REACH who="0" step="1"/><D133/><REACH who="0" ten="270,240,240,240" step="2"/><U118/><E118/><V77/><F70/><W25/><G132/><T15/><D15/><U44/><E44/><V3/><F3/><W94/><G25/><T60/><D60/><U16/><REACH who="1" step="1"/><E121/><REACH who="1" ten="270,230,240,240" step="2"/><V28/><F46/><W6/><G94/><T43/><D43/><U124/><E124/><V131/><F92/><W73/><G6/><T134/><D134/><U27/><E27/><V7/><F5/><W69/><G69/><T123/><D123/><U53/><E53/><V120/><F55/><W102/><G102/><T37/><D37/><U63/><E63/><V75/><F61/><W8/><G90/><AGARI ba="1,2" hai="9,13,16,19,23,24,40,45,48,80,85,90,108,109" machi="90" ten="40,5200,0" yaku="1,1,54,1,53,1" doraHai="97" doraHaiUra="39" who="1" fromWho="3" sc="270,0,230,75,240,0,240,-55" /><INIT seed="1,0,0,4,5,39" ten="270,305,240,185" oya="1" hai0="57,21,78,96,59,114,125,13,56,45,109,31,113" hai1="18,14,110,9,35,10,100,116,19,53,119,22,25" hai2="5,26,16,121,50,43,71,11,29,15,95,87,23" hai3="86,3,120,112,108,37,74,88,75,105,107,91,130"/><U97/><E110/><V47/><F71/><W68/><G3/><T24/><D109/><U98/><E35/><V64/><F121/><W6/><G6/><T81/><D125/><U66/><E66/><V17/><F64/><W131/><G37/><T63/><D113/><U32/><E32/><V72/><F72/><N who="3" m="27691" /><G68/><T80/><D114/><U79/><E79/><V4/><F4/><W20/><G20/><T44/><D63/><U90/><E9/><V106/><F106/><N who="3" m="40459" /><G108/><T135/><D135/><U132/><E132/><V84/><F95/><N who="3" m="54679" /><G112/><T73/><D13/><U55/><E55/><V46/><F46/><W40/><G40/><T83/><D45/><U129/><E53/><V76/><REACH who="2" step="1"/><F87/><REACH who="2" ten="270,305,230,185" step="2"/><W77/><G120/><T34/><D44/><U8/><E119/><V115/><F115/><W58/><G58/><T30/><D73/><U111/><E116/><V61/><F61/><W104/><G77/><T38/><D78/><U82/><E111/><V60/><F60/><W133/><G133/><T103/><D57/><U0/><E0/><V134/><F134/><W27/><G104/><N who="0" m="63591" /><D56/><U41/><E41/><V2/><F2/><W117/><G117/><T89/><D59/><U122/><E122/><V123/><F123/><W118/><G118/><T124/><D81/><AGARI ba="0,1" hai="5,11,15,16,17,23,26,29,43,47,50,76,81,84" machi="81" ten="40,16000,3" yaku="1,1,25,2,8,1,52,1,54,1,53,2" doraHai="39" doraHaiUra="12" who="2" fromWho="0" sc="270,-160,305,0,230,170,185,0" /><INIT seed="2,0,0,1,3,36" ten="110,305,400,185" oya="2" hai0="33,13,46,63,24,5,127,125,121,11,61,133,35" hai1="14,29,112,84,89,103,102,60,116,75,129,96,44" hai2="108,21,114,101,134,76,131,118,66,79,82,34,40" hai3="109,69,99,132,10,117,6,3,97,83,15,120,80"/><V4/><F114/><W9/><G117/><T74/><D121/><U65/><E75/><V128/><F34/><W38/><G120/><T87/><D74/><U100/><E112/><V107/><F118/><W20/><G69/><T18/><D133/><U30/><E116/><V126/><F134/><W86/><G132/><T7/><D87/><U64/><E129/><V27/><F126/><W43/><G109/><T1/><D46/><U22/><E96/><N who="2" m="61863" /><F66/><N who="1" m="25705" /><E60/><V115/><F115/><W123/><G20/><T88/><D63/><U104/><E44/><V23/><F23/><W50/><G38/><T17/><D61/><U110/><E110/><V58/><F4/><N who="3" m="3495" /><G83/><T28/><D88/><U42/><E104/><V94/><F94/><W12/><G3/><T16/><D33/><U135/><E135/><V92/><F92/><W119/><G123/><T45/><D45/><U41/><E14/><V19/><F82/><W73/><G119/><T47/><D47/><U78/><E78/><N who="2" m="29739" /><F58/><W51/><G73/><T98/><D98/><N who="3" m="37385" /><G50/><T26/><D26/><U57/><E57/><V62/><F62/><W81/><G51/><T77/><D77/><U67/><E22/><V49/><F108/><W124/><G81/><T48/><D48/><U93/><E67/><V32/><F32/><W68/><G68/><T105/><D105/><U31/><AGARI ba="0,0" hai="29,30,31,41,42,84,89,93,100,102,103" m="25705" machi="31" ten="40,8000,1" yaku="26,2,8,1,52,2" doraHai="36" who="1" fromWho="1" sc="110,-20,305,80,400,-40,185,-20" /><INIT seed="3,0,0,0,2,53" ten="90,385,360,165" oya="3" hai0="89,34,36,127,25,73,60,48,121,70,57,111,14" hai1="49,12,85,108,11,132,68,8,84,83,120,103,110" hai2="9,42,6,5,27,123,107,88,113,17,43,0,131" hai3="109,59,97,65,44,81,35,45,124,54,46,78,128"/><W117/><G117/><T10/><D111/><N who="1" m="42539" /><E68/><V82/><F113/><W105/><G109/><T67/><D127/><U3/><E120/><V104/><F123/><W13/><G35/><T101/><D121/><U114/><E114/><V100/><F131/><W122/><G122/><T55/><D73/><U28/><E132/><V37/><F6/><W119/><G119/><T39/><D89/><U106/><E28/><V90/><F100/><W56/><G128/><T92/><D101/><U4/><E49/><V61/><F61/><N who="3" m="38055" /><G105/><T23/><D34/><U18/><E83/><V58/><F37/><W87/><G124/><T2/><D2/><U118/><E118/><V79/><F58/><W40/><G13/><T134/><D92/><U1/><E1/><V125/><F125/><W51/><G97/><AGARI ba="0,0" hai="3,4,8,11,12,18,84,85,97,103,106" m="42539" machi="97" ten="30,1000,0" yaku="14,1" doraHai="53" who="1" fromWho="3" sc="90,0,385,10,360,0,165,-10" owari="90,-41.0,395,49.5,360,16.0,155,-24.5" /></mjloggm>