<mjloggm ver="2.3"><GO type="225" lobby="0"/><UN n0="%E9%89%A2%E5%B7%BB%E3%82%AC%E3%83%96" n1="%E3%82%A2%E3%83%9E%E3%83%9D%EF%BD%9E%EF%BD%9E%E3%83%A9" n2="%6D%75%75%6D%75%72%61" n3="%72%69%6F%75%63%68%61%6E" dan="16,17,16,17" rate="2079.17,2190.44,2223.32,2216.03" sx="M,M,F,M"/><TAIKYOKU oya="0"/><INIT seed="0,0,0,0,2,5" ten="250,250,250,250" oya="0" hai0="24,6,123,32,122,113,103,129,46,77,95,88,68" hai1="135,15,9,58,76,102,1,133,45,0,49,125,3" hai2="119,99,59,54,120,55,62,44,2,21,61,108,4" hai3="117,42,50,73,14,85,26,63,104,64,75,100,91"/><T97/><D113/><U79/><E102/><V134/><F120/><W101/><G117/><T112/><D112/><U107/><E58/><V124/><F119/><W17/><G26/><T116/><D116/><U74/><E107/><V60/><F108/><W39/><G39/><T70/><D129/><U37/><E37/><V92/><F124/><W106/><G106/><T89/><D77/><U8/><E15/><V31/><F134/><N who="1" m="51209" /><E125/><V109/><F109/><W86/><G85/><T51/><D122/><U65/><E65/><V43/><F2/><W13/><G13/><T41/><D123/><U29/><E29/><V132/><F132/><W105/><G105/><T84/><D89/><U40/><E79/><V114/><F4/><W16/><G17/><T72/><D6/><U10/><E76/><V34/><F34/><W93/><G104/><T48/><D72/><AGARI ba="0,0" hai="0,1,3,8,9,10,40,45,49,72,74" m="51209" machi="72" ten="40,8000,1" yaku="20,1,52,3" doraHai="5" who="1" fromWho="0" sc="250,-80,250,80,250,0,250,0" /><INIT seed="1,0,0,3,5,62" ten="170,330,250,250" oya="1" hai0="44,16,85,5,48,134,122,79,31,75,41,125,24" hai1="55,27,25,80,105,20,94,6,70,66,96,42,14" hai2="101,28,117,35,7,30,54,107,99,39,126,92,95" hai3="57,69,60,45,83,90,91,15,4,111,71,110,68"/><U9/><E105/><V87/><F117/><W131/><G131/><T23/><D122/><U106/><E106/><V76/><F126/><W18/><G4/><T43/><D125/><U100/><E42/><V102/><F39/><W86/><G45/><T119/><D119/><U0/><E80/><N who="2" m="47495" /><F107/><W17/><G91/><T34/><D134/><U127/><E127/><V124/><F35/><W51/><G51/><T2/><D75/><U84/><E84/><V109/><F109/><N who="3" m="41483" /><G15/><T121/><D121/><U120/><E120/><V50/><F7/><W132/><G132/><T81/><D43/><U11/><E20/><V26/><F124/><W19/><G17/><T129/><D129/><U1/><E1/><V88/><F26/><W93/><G83/><T58/><D58/><U82/><E82/><V63/><F63/><W135/><G135/><T133/><D133/><U38/><E38/><V115/><F115/><W98/><G86/><T112/><D112/><U113/><E25/><V78/><F78/><W49/><G49/><T56/><D56/><U77/><E27/><V22/><F22/><W128/><G128/><T12/><REACH who="0" step="1"/><D5/><REACH who="0" ten="160,330,250,250" step="2"/><U36/><E6/><V67/><F28/><W123/><G123/><T29/><D29/><U118/><E118/><V61/><F30/><W52/><AGARI ba="0,1" hai="18,19,52,57,60,68,69,71,90,93,98" m="41483" machi="52" ten="40,2700,0" yaku="14,1,54,1" doraHai="62" who="3" fromWho="3" sc="160,-7,330,-13,250,-7,250,37" /><INIT seed="2,0,0,1,0,50" ten="153,317,243,287" oya="2" hai0="61,55,91,103,112,58,10,113,132,135,92,13,114" hai1="73,1,102,15,38,31,9,116,126,29,56,107,111" hai2="11,47,39,97,93,131,124,74,44,35,33,70,123" hai3="78,69,48,19,6,0,42,62,45,127,37,64,128"/><V59/><F123/><W89/><G127/><T67/><D103/><U20/><E73/><V106/><F70/><W81/><G128/><T101/><D101/><U5/><E38/><V121/><F121/><W2/><G6/><T79/><D79/><U63/><E116/><V57/><F106/><W8/><G89/><T43/><D43/><U52/><E111/><V118/><F118/><W23/><G8/><T7/><REACH who="0" step="1"/><D67/><REACH who="0" ten="143,317,243,287" step="2"/><U87/><E102/><V77/><F77/><W115/><G37/><T84/><AGARI ba="0,1" hai="7,10,13,55,58,61,84,91,92,112,113,114,132,135" machi="84" ten="40,12000,2" yaku="1,1,2,1,0,1,52,1,53,3" doraHai="50" doraHaiUra="108" who="0" fromWho="0" sc="143,130,317,-30,243,-60,287,-30" /><INIT seed="3,0,0,0,0,1" ten="273,287,183,257" oya="3" hai0="46,23,103,113,94,122,112,30,3,13,24,33,29" hai1="42,44,116,107,75,97,81,106,65,99,15,43,6" hai2="49,10,86,19,7,74,121,39,37,128,14,66,60" hai3="9,16,127,135,40,55,95,79,101,80,71,73,70"/><W61/><G127/><T26/><D122/><U77/><E65/><V130/><F74/><W92/><G135/><T115/><D46/><U129/><E129/><N who="2" m="49771" /><F121/><W123/><G123/><T90/><D103/><U68/><E68/><N who="2" m="42055" /><F49/><W98/><G40/><T4/><D3/><U118/><E99/><V32/><F32/><W64/><G55/><T88/><D94/><U111/><E97/><V21/><F86/><W31/><G31/><T85/><D85/><N who="1" m="48303" /><E43/><V34/><F34/><W110/><G110/><T20/><D33/><U125/><E125/><V87/><F87/><W76/><G76/><T133/><D133/><U11/><E75/><V36/><F21/><W91/><G70/><T83/><D83/><U2/><E111/><V102/><F102/><W50/><G50/><T51/><D51/><N who="1" m="27031" /><E2/><V93/><F93/><W108/><G108/><T104/><D104/><AGARI ba="0,0" hai="6,11,15,104,106,107,116,118" m="27031,48303" machi="104" ten="30,2000,0" yaku="25,1,52,1" doraHai="1" who="1" fromWho="0" sc="273,-20,287,20,183,0,257,0" owari="253,-14.7,307,40.7,183,-31.7,257,5.7" /></mjloggm>