<mjloggm ver="2.3"><GO type="225" lobby="0"/><UN n0="%E8%90%BD%E6%97%A5" n1="%E5%BA%97%E9%95%B7%4D" n2="%E3%82%A2%E3%83%A1%E3%82%A2%E3%83%A9%E3%83%AC" n3="%E6%A1%9C%E8%8A%B1%E9%96%83%E3%80%85" dan="16,16,16,16" rate="2193.34,2078.04,2157.07,2233.72" sx="F,M,M,M"/><TAIKYOKU oya="0"/><INIT seed="0,0,0,0,0,58" ten="250,250,250,250" oya="0" hai0="127,1,65,70,46,135,94,89,114,128,53,11,22" hai1="23,43,77,109,76,68,105,62,9,54,115,55,41" hai2="36,93,118,120,29,99,83,107,52,96,100,124,84" hai3="42,34,18,40,95,111,117,56,67,20,104,32,6"/><T35/><D35/><U129/><E105/><V133/><F36/><W5/><G104/><T131/><D114/><U26/><E115/><V47/><F120/><W48/><G117/><T78/><D78/><U101/><E101/><V14/><F118/><W30/><G111/><T91/><D127/><U7/><E109/><V132/><F124/><W71/><G71/><T102/><D135/><N who="2" m="51786" /><F29/><W51/><G30/><T106/><D106/><U112/><E112/><V72/><F14/><W88/><G34/><T8/><D22/><U33/><E33/><V85/><F52/><N who="1" m="20009" /><E68/><V75/><F47/><N who="3" m="25703" /><G42/><N who="1" m="15882" /><E62/><V15/><F15/><N who="3" m="9311" /><G51/><N who="0" m="28919" /><D102/><U87/><E129/><N who="0" m="49737" /><D1/><U98/><E98/><V121/><F121/><W92/><G32/><T116/><D116/><U80/><E9/><N who="0" m="3657" /><D94/><U97/><E97/><V113/><F113/><W82/><G95/><T0/><D0/><U61/><E61/><AGARI ba="0,0" hai="61,65,70,89,91" m="3657,49737,28919" machi="61" ten="30,2900,0" yaku="19,1,52,1" doraHai="58" who="0" fromWho="1" sc="250,29,250,-29,250,0,250,0" /><INIT seed="0,1,0,0,4,99" ten="279,221,250,250" oya="0" hai0="81,73,95,37,130,23,17,76,110,50,90,109,33" hai1="47,9,71,100,88,60,125,123,55,107,54,96,58" hai2="79,128,7,36,48,44,41,10,117,2,57,129,97" hai3="20,133,49,86,74,30,69,4,89,121,116,21,15"/><T104/><D33/><U68/><E123/><V94/><F117/><W93/><G116/><T59/><D37/><U111/><E111/><N who="0" m="42505" /><D104/><U135/><E135/><V83/><F57/><W124/><G133/><T16/><D130/><U105/><E125/><V98/><F48/><W67/><G124/><T132/><D132/><U64/><E107/><V39/><F39/><W61/><G121/><T53/><D23/><U28/><E28/><V52/><F52/><W114/><G114/><T62/><D50/><U122/><E122/><V134/><F134/><W32/><G20/><T118/><D118/><U3/><E47/><V108/><F108/><W0/><G21/><T35/><D35/><U34/><E34/><V82/><F82/><W106/><G106/><T5/><D5/><U119/><E119/><V113/><F113/><W103/><G4/><T19/><D19/><U27/><E27/><V25/><F25/><W63/><G30/><T75/><D73/><U22/><E22/><V12/><F12/><W56/><G74/><T6/><D6/><U45/><E9/><V87/><REACH who="2" step="1"/><F98/><AGARI ba="1,0" hai="16,17,53,59,62,75,76,81,90,95,98" m="42505" machi="98" ten="30,5800,0" yaku="14,1,10,1,54,1" doraHai="99" who="0" fromWho="2" sc="279,61,221,0,250,-61,250,0" /><INIT seed="0,2,0,3,4,124" ten="340,221,189,250" oya="0" hai0="119,0,39,109,38,90,135,68,59,125,43,32,58" hai1="115,36,8,94,88,129,134,78,45,5,122,85,84" hai2="47,48,53,7,118,66,41,11,123,82,75,56,60" hai3="89,98,99,14,35,133,69,42,80,23,46,31,61"/><T113/><RYUUKYOKU type="yao9" ba="2,0" sc="340,0,221,0,189,0,250,0" hai0="0,32,38,39,43,58,59,68,90,109,113,119,125,135" /><INIT seed="0,3,0,2,2,132" ten="340,221,189,250" oya="0" hai0="54,120,31,75,84,23,58,110,39,90,61,79,69" hai1="62,115,38,30,70,91,92,65,37,7,112,122,98" hai2="101,28,97,63,131,18,44,78,56,94,22,103,43" hai3="107,19,134,117,33,72,66,74,126,118,14,46,64"/><T11/><D39/><U124/><E122/><V123/><F131/><W16/><G134/><T55/><D120/><U27/><E7/><V106/><F123/><W49/><G107/><T34/><D34/><U53/><E53/><V29/><F78/><W50/><G14/><T21/><D69/><U81/><E81/><V114/><F114/><N who="1" m="43561" /><E124/><V6/><F6/><W52/><G52/><T128/><D79/><U71/><E71/><V76/><F76/><W100/><G33/><AGARI ba="3,0" hai="27,30,33,37,38,62,65,70,91,92,98" m="43561" machi="33" ten="30,1000,0" yaku="11,1" doraHai="132" who="1" fromWho="3" sc="340,0,221,19,189,0,250,-19" /><INIT seed="1,0,0,1,1,25" ten="340,240,189,231" oya="1" hai0="114,111,29,129,128,21,28,26,94,72,6,110,82" hai1="75,124,112,68,71,95,57,126,87,5,123,52,99" hai2="69,18,56,116,58,100,30,132,102,84,3,122,14" hai3="46,49,62,59,93,2,43,98,115,44,92,113,81"/><U33/><E112/><V85/><F116/><W104/><G2/><T106/><D106/><U67/><E75/><V55/><F122/><W27/><G104/><T45/><D114/><U8/><E123/><V54/><F69/><W22/><G81/><T36/><D6/><U120/><E120/><V1/><F132/><W79/><G79/><N who="0" m="44391" /><D94/><U80/><E33/><V23/><F14/><W107/><G46/><T103/><D103/><U83/><E67/><V66/><F66/><W78/><G78/><T47/><D29/><U20/><E20/><V119/><F119/><W12/><G12/><T134/><D134/><U131/><E131/><N who="0" m="50249" /><D36/><U40/><E40/><V60/><F18/><W91/><G93/><T13/><D13/><N who="1" m="5263" /><E71/><V10/><F10/><W105/><G115/><T63/><D63/><N who="1" m="36263" /><E68/><V42/><F42/><W39/><G39/><T7/><D7/><U97/><E99/><V4/><F4/><W88/><G113/><T16/><D28/><U90/><E126/><V9/><F9/><W35/><G91/><T32/><D32/><U61/><E124/><V34/><F34/><W118/><G35/><T117/><D117/><U130/><E130/><V51/><F1/><W31/><REACH who="3" step="1"/><G118/><REACH who="3" ten="340,240,189,221" step="2"/><T64/><D47/><U86/><E83/><V37/><F3/><W24/><G24/><T70/><D45/><U76/><E97/><V11/><F37/><W133/><G133/><T77/><D77/><U108/><E108/><V109/><F109/><W121/><G121/><T135/><D135/><U17/><E17/><V89/><F89/><W41/><G41/><T15/><D26/><RYUUKYOKU ba="0,1" sc="340,10,240,10,189,-30,221,10" hai0="15,16,21,64,70,110,111" hai1="61,76,80,86,87,90,95" hai3="22,27,31,43,44,49,59,62,88,92,98,105,107" /><INIT seed="1,1,1,4,1,32" ten="350,250,159,231" oya="1" hai0="31,34,1,55,107,17,74,124,29,73,111,91,25" hai1="94,117,70,26,113,61,130,42,88,68,112,108,131" hai2="119,41,20,95,0,43,47,128,104,28,87,118,21" hai3="14,35,67,83,65,60,134,53,129,78,77,102,114"/><U27/><E117/><V66/><F128/><N who="1" m="49193" /><E42/><V45/><F104/><W63/><G129/><T37/><D37/><U120/><E120/><V22/><F28/><W98/><G35/><T2/><D107/><U121/><E121/><V58/><F0/><N who="0" m="106" /><D17/><U46/><E46/><V115/><F115/><N who="1" m="44105" /><E108/><V127/><F127/><W92/><G134/><T24/><D55/><U84/><E61/><N who="3" m="23626" /><G114/><T57/><D57/><U3/><E3/><V6/><F58/><W64/><G53/><T90/><D111/><U126/><E126/><V72/><F43/><W40/><G40/><T101/><D124/><U109/><E109/><V33/><F41/><W62/><N who="3" m="23634" /><W13/><DORA hai="132" /><G83/><T30/><D34/><U123/><E123/><V15/><F33/><W18/><G13/><T81/><D81/><U80/><E80/><V11/><F118/><W99/><G98/><T54/><D54/><U125/><E125/><V51/><F119/><W48/><G48/><T75/><D101/><U56/><E56/><V4/><F51/><W110/><G110/><T86/><D86/><U71/><AGARI ba="1,1" hai="26,27,68,70,71,84,88,94" m="44105,49193" machi="71" ten="40,3900,0" yaku="19,1,54,1" doraHai="32,132" who="1" fromWho="1" sc="350,-14,250,52,159,-14,231,-14" /><INIT seed="1,2,0,1,0,113" ten="336,302,145,217" oya="1" hai0="115,14,27,19,56,13,12,49,77,68,45,69,95" hai1="22,124,17,41,26,130,38,78,129,99,91,88,2" hai2="122,29,63,101,71,85,103,79,8,31,18,6,11" hai3="59,111,23,132,105,66,4,94,64,90,93,104,7"/><U60/><E2/><V121/><F71/><W37/><G37/><T0/><D0/><U134/><E134/><V76/><F63/><W54/><G111/><T96/><D115/><U21/><E124/><V133/><F85/><W119/><G132/><T109/><D109/><U28/><E78/><V108/><F108/><W15/><G94/><T117/><D77/><U34/><E34/><V57/><F133/><W102/><G102/><T106/><D106/><U25/><E41/><V46/><F46/><W97/><G104/><T92/><D56/><U10/><E38/><V126/><F57/><W40/><G105/><T39/><D95/><U58/><E10/><V118/><F18/><N who="3" m="10719" /><G119/><T87/><D87/><U55/><REACH who="1" step="1"/><E99/><REACH who="1" ten="336,292,145,217" step="2"/><V84/><F84/><W32/><G32/><T3/><D3/><U1/><E1/><V48/><F126/><W35/><G35/><T20/><D39/><U43/><E43/><V86/><F86/><W107/><G40/><T83/><D96/><U50/><E50/><V42/><F42/><W128/><G97/><T70/><D49/><U52/><E52/><V112/><F48/><W110/><G54/><T67/><D45/><U9/><E9/><V72/><F112/><W73/><G110/><T24/><D20/><U61/><E61/><V74/><REACH who="2" step="1"/><F6/><REACH who="2" ten="336,292,135,217" step="2"/><W81/><G4/><T16/><D67/><U5/><E5/><V62/><F62/><W135/><G7/><T47/><D47/><U75/><E75/><V53/><F53/><W100/><G66/><T44/><D44/><U114/><E114/><V65/><F65/><W33/><G64/><RYUUKYOKU ba="2,2" sc="336,-15,292,15,135,15,217,-15" hai1="17,21,22,25,26,28,55,58,60,88,91,129,130" hai2="8,11,29,31,72,74,76,79,101,103,118,121,122" /><INIT seed="1,3,2,3,3,61" ten="321,307,150,202" oya="1" hai0="81,30,106,84,122,71,59,93,92,10,40,75,103" hai1="18,127,37,7,51,54,135,8,76,25,17,70,89" hai2="131,109,65,125,31,1,45,6,12,28,129,24,29" hai3="41,15,63,116,49,58,60,48,121,23,100,39,101"/><U16/><E37/><V55/><F45/><N who="3" m="25647" /><G39/><T50/><D71/><U0/><E70/><V120/><F55/><N who="3" m="32111" /><G121/><T104/><D30/><N who="2" m="11882" /><F65/><W46/><G116/><T98/><D10/><U43/><E43/><V2/><F120/><W88/><G46/><T119/><D59/><U78/><E127/><V126/><F109/><W36/><G36/><T4/><D4/><U35/><E135/><V108/><F108/><W124/><G124/><N who="2" m="47721" /><F12/><W132/><G132/><T83/><D50/><U115/><E115/><V14/><F14/><W34/><G34/><T73/><D40/><U26/><E35/><N who="2" m="20967" /><F6/><W117/><G117/><T27/><D119/><U130/><E89/><V53/><F53/><W82/><G60/><T13/><D13/><U110/><E110/><V9/><F9/><W97/><G63/><T111/><D111/><U56/><E26/><V80/><F80/><N who="0" m="30794" /><D27/><U72/><E25/><V114/><F114/><W112/><G112/><T19/><D122/><U96/><E72/><N who="0" m="27721" /><D19/><U86/><E17/><V44/><F44/><W74/><G74/><T128/><D128/><AGARI ba="3,2" hai="1,2,128,129,131" m="20967,47721,11882" machi="128" ten="30,7700,0" yaku="19,1,18,1,34,2" doraHai="61" who="2" fromWho="0" sc="321,-86,307,0,150,106,202,0" /><INIT seed="2,0,0,0,2,16" ten="235,307,256,202" oya="2" hai0="64,123,130,11,116,27,67,91,43,38,105,107,40" hai1="79,133,93,28,20,63,22,120,98,26,54,131,100" hai2="103,57,23,42,12,18,74,68,21,47,104,99,35" hai3="5,95,84,44,55,86,115,110,62,125,129,15,97"/><V60/><F35/><W34/><G110/><T134/><D123/><U1/><E1/><V83/><F68/><W7/><G125/><T45/><D130/><U53/><E120/><V13/><F74/><W65/><G34/><T124/><D124/><U106/><E131/><V90/><F83/><W109/><G109/><T77/><D134/><U37/><E37/><V2/><F2/><W80/><G115/><T9/><D116/><U6/><E6/><V78/><F78/><W114/><G86/><T66/><D77/><U102/><E133/><V4/><F90/><W135/><G15/><T39/><D91/><N who="1" m="55615" /><E106/><V72/><F4/><W76/><G114/><T48/><D27/><N who="1" m="16487" /><E79/><V111/><F72/><W52/><G129/><T0/><D0/><U108/><E108/><V96/><F96/><W82/><G82/><T88/><D88/><U17/><E63/><V33/><F33/><W14/><G135/><T126/><D126/><U29/><E29/><V51/><F111/><W119/><G119/><T118/><D118/><U36/><E36/><V50/><F50/><N who="3" m="28743" /><G14/><T121/><D48/><U3/><E3/><V58/><F60/><W94/><G65/><T113/><D121/><U49/><E49/><V117/><F117/><W75/><G75/><T73/><D73/><U25/><E25/><V59/><REACH who="2" step="1"/><F12/><REACH who="2" ten="235,307,246,202" step="2"/><W70/><G70/><T122/><D122/><U10/><E102/><V8/><AGARI ba="0,1" hai="8,13,18,21,23,42,47,51,57,58,59,99,103,104" machi="8" ten="30,12000,1" yaku="1,1,2,1,0,1,52,2,53,0" doraHai="16" doraHaiUra="128" who="2" fromWho="2" sc="235,-40,307,-40,246,130,202,-40" /><INIT seed="2,1,0,0,0,95" ten="195,267,376,162" oya="2" hai0="20,76,4,8,107,86,53,117,46,96,44,88,135" hai1="51,10,119,131,105,42,84,25,14,64,81,124,62" hai2="90,127,87,22,23,134,6,17,102,57,82,39,52" hai3="63,110,35,11,69,19,116,33,128,109,75,104,98"/><V41/><F134/><W113/><G116/><T108/><D108/><N who="3" m="41577" /><G75/><T60/><D135/><U43/><E119/><V103/><F6/><W38/><G38/><T37/><D117/><U36/><E36/><V122/><F127/><W55/><G55/><T7/><D37/><U115/><E115/><V28/><F122/><W24/><G113/><T73/><D73/><U9/><E105/><V61/><F28/><N who="3" m="19591" /><G35/><T66/><D20/><U77/><E124/><V83/><F23/><W29/><G29/><T47/><D53/><U133/><E133/><V18/><F82/><W58/><G58/><T71/><D8/><U85/><E131/><V68/><F68/><W123/><G123/><T15/><D15/><U3/><E3/><V26/><REACH who="2" step="1"/><F17/><REACH who="2" ten="195,267,366,162" step="2"/><W21/><G11/><T129/><D129/><U120/><E10/><V132/><F132/><W5/><G5/><T80/><REACH who="0" step="1"/><D76/><REACH who="0" ten="185,267,366,162" step="2"/><U94/><E77/><V121/><F121/><W106/><G128/><T16/><D16/><U34/><E9/><V93/><F93/><W67/><G19/><T1/><D1/><U125/><E94/><V111/><F111/><W48/><G21/><T78/><D78/><U70/><E120/><V27/><F27/><W50/><G106/><T13/><D13/><U89/><E14/><V12/><F12/><W45/><G45/><AGARI ba="1,2" hai="18,22,26,39,41,45,52,57,61,83,87,90,102,103" machi="45" ten="40,3900,0" yaku="1,1,54,1,53,0" doraHai="95" doraHaiUra="91" who="2" fromWho="3" sc="185,0,267,0,366,62,162,-42" /><INIT seed="2,2,0,0,2,92" ten="185,267,428,120" oya="2" hai0="110,93,15,29,48,60,71,129,88,97,40,111,94" hai1="130,28,123,37,24,45,23,10,35,102,55,17,100" hai2="54,103,120,53,14,116,109,106,43,118,105,46,74" hai3="49,79,73,87,63,22,104,26,39,125,56,72,91"/><V96/><F120/><W99/><G39/><T41/><D129/><U47/><E130/><V42/><F74/><W128/><G128/><T21/><D71/><U12/><E123/><V83/><F83/><W34/><G34/><T121/><D121/><U44/><E37/><V2/><F2/><W133/><G133/><T108/><D60/><U85/><E55/><V80/><F80/><W8/><G125/><T78/><D78/><U117/><E117/><V82/><F82/><W66/><G79/><T127/><D127/><U1/><E85/><V52/><F109/><W25/><G8/><T11/><D48/><U131/><REACH who="1" step="1"/><E131/><REACH who="1" ten="185,257,428,120" step="2"/><V36/><F52/><W75/><G49/><T84/><D29/><U101/><E101/><V30/><F103/><W68/><G73/><T27/><D84/><U51/><E51/><V95/><F53/><W20/><G75/><T61/><D61/><U76/><E76/><V50/><F54/><W65/><G72/><T64/><D64/><U126/><E126/><V70/><F50/><W77/><G77/><T122/><D122/><U3/><E3/><V16/><F36/><W7/><G87/><T62/><D62/><U112/><E112/><V90/><F116/><W31/><G66/><T18/><D93/><U98/><E98/><V57/><F96/><W9/><G56/><T38/><D38/><U0/><E0/><V4/><F57/><W114/><G114/><T69/><D69/><U132/><E132/><V33/><F70/><W81/><G68/><T124/><D124/><U59/><E59/><V107/><F118/><W58/><G58/><RYUUKYOKU ba="2,1" sc="185,15,257,15,428,-15,120,-15" hai0="11,15,18,21,27,40,41,88,94,97,108,110,111" hai1="1,10,12,17,23,24,28,35,44,45,47,100,102" /><INIT seed="3,3,1,5,5,39" ten="200,272,413,105" oya="3" hai0="54,64,92,59,63,97,32,134,60,113,20,99,76" hai1="29,7,108,98,88,66,75,11,102,31,9,38,117" hai2="95,21,70,35,112,53,57,47,15,74,106,89,84" hai3="67,131,118,1,34,87,125,116,41,80,103,133,50"/><W86/><G34/><T91/><D32/><U73/><E38/><V4/><F35/><W81/><G1/><T6/><D134/><U90/><E108/><V105/><F70/><W68/><G133/><T123/><D123/><U119/><E66/><V40/><F74/><N who="1" m="28169" /><E102/><V43/><F112/><W3/><G3/><T23/><D113/><U55/><E55/><V83/><F47/><N who="3" m="25967" /><G103/><T48/><D76/><U110/><E110/><V42/><F83/><N who="3" m="31819" /><G68/><T24/><D6/><U14/><E11/><V122/><F122/><W100/><G67/><T46/><D63/><U27/><E98/><V101/><F101/><W25/><G100/><T71/><D71/><U120/><E120/><V135/><F135/><W2/><G2/><T132/><D132/><U114/><E114/><V44/><F44/><W56/><G56/><T93/><D24/><U77/><E77/><V36/><F36/><W115/><G115/><T13/><D13/><U121/><E121/><V78/><F78/><W85/><G25/><T124/><D124/><U33/><E29/><V94/><F94/><W51/><G125/><T129/><D129/><U12/><E12/><V58/><F58/><W61/><G131/><T8/><D8/><U109/><E109/><V30/><F105/><W19/><G61/><T17/><D17/><U26/><E26/><N who="2" m="16719" /><F106/><W37/><G37/><T69/><D69/><U96/><E96/><V107/><F107/><W16/><G51/><T10/><D10/><U18/><E18/><V65/><F65/><W130/><G130/><T127/><D127/><U82/><E82/><V22/><F57/><RYUUKYOKU ba="3,1" sc="200,10,272,10,413,-30,105,10" hai0="20,23,46,48,54,59,60,64,91,92,93,97,99" hai1="7,9,14,27,31,33,88,90,117,119" hai3="16,19,85,86,87,116,118" /><INIT seed="3,4,1,1,2,128" ten="210,282,383,115" oya="3" hai0="55,92,133,34,112,129,95,18,6,118,79,83,91" hai1="28,105,22,107,123,66,96,100,4,54,130,127,29" hai2="33,134,85,46,25,50,31,11,13,114,84,40,131" hai3="42,120,57,101,51,132,47,119,77,53,115,113,24"/><W56/><G119/><T71/><D118/><U74/><E123/><V78/><F114/><W30/><G120/><T69/><D34/><U117/><E74/><V81/><F134/><W23/><G132/><T36/><D36/><U126/><E117/><V38/><F131/><W14/><G77/><T0/><D129/><U103/><E66/><V10/><F10/><W19/><G101/><T65/><D133/><U26/><E130/><V59/><F59/><W88/><G57/><T9/><D112/><U16/><E4/><N who="2" m="3303" /><F85/><W121/><G121/><T39/><D39/><AGARI ba="4,1" hai="25,31,33,38,39,40,46,50,78,81,84" m="3303" machi="39" ten="30,1000,0" yaku="25,1" doraHai="128" who="2" fromWho="0" sc="210,-22,282,0,383,32,115,0" owari="188,-21.2,282,8.2,415,51.5,115,-38.5" /></mjloggm>