<mjloggm ver="2.3"><GO type="225" lobby="0"/><UN n0="%E3%83%B4%E3%83%A0%EF%BC%99%E3%81%A6" n1="%E3%83%9E%E3%83%AB%E3%83%9E%E3%83%AB%E3%81%A1%E3%82%83%E3%82%93" n2="%72%69%6F%75%63%68%61%6E" n3="%E3%81%B2%E3%81%AA%E3%81%AE%E3%82%8A%E3%81%8F" dan="16,16,17,17" rate="2112.75,2088.28,2199.11,2201.04" sx="M,M,M,M"/><TAIKYOKU oya="0"/><INIT seed="0,0,0,1,1,41" ten="250,250,250,250" oya="0" hai0="27,36,20,59,23,119,128,65,88,15,61,45,22" hai1="123,39,110,5,76,21,72,104,134,33,1,26,82" hai2="52,108,87,63,132,121,37,122,83,11,56,13,93" hai3="117,9,7,78,101,43,29,118,133,100,124,116,102"/><T105/><D119/><U107/><E123/><V135/><F108/><W106/><G106/><T0/><D0/><U2/><E21/><V40/><F93/><W67/><G133/><N who="2" m="51273" /><F40/><W10/><G124/><T79/><D105/><N who="1" m="40523" /><E134/><V44/><F37/><W48/><G67/><T18/><D128/><U64/><E64/><V130/><F130/><W32/><G78/><T81/><D36/><U14/><E14/><V91/><F44/><W38/><G38/><T55/><D27/><U51/><E51/><V57/><F56/><W77/><G77/><T84/><D79/><U109/><E39/><V71/><F71/><W90/><G90/><T74/><D74/><U31/><E5/><AGARI ba="0,0" hai="5,11,13,52,57,63,83,87,91,121,122" m="51273" machi="5" ten="30,2000,0" yaku="20,1,54,1" doraHai="41" who="2" fromWho="1" sc="250,0,250,-20,250,20,250,0" /><INIT seed="1,0,0,1,5,56" ten="250,230,270,250" oya="1" hai0="60,134,126,101,64,19,95,66,25,75,47,72,121" hai1="103,6,63,109,80,111,107,84,73,61,54,96,131" hai2="114,58,130,82,122,34,45,48,46,3,71,135,27" hai3="8,118,100,128,24,98,40,117,59,90,92,67,88"/><U10/><E73/><V39/><F122/><W79/><G128/><T7/><D121/><U77/><E54/><V116/><F116/><N who="3" m="44651" /><G79/><T28/><D126/><U113/><E113/><V22/><F71/><W5/><G40/><T30/><D134/><U70/><E70/><V125/><F3/><N who="3" m="63" /><G24/><T50/><D7/><U115/><E115/><V33/><F114/><W32/><G32/><T87/><D72/><U18/><E18/><V69/><F69/><W43/><G43/><T106/><D75/><U55/><E55/><V129/><F39/><W124/><G124/><T105/><D64/><U17/><E17/><V12/><F135/><W44/><G44/><N who="2" m="17001" /><F12/><W36/><G36/><T104/><D19/><U94/><E107/><V120/><F120/><W52/><G67/><T2/><D2/><N who="1" m="343" /><E131/><N who="2" m="50187" /><F125/><W9/><G9/><T119/><D119/><U1/><E1/><V51/><F58/><W49/><AGARI ba="0,0" hai="49,52,59,88,90,92,98,100" m="63,44651" machi="49" ten="30,4000,0" yaku="12,1,54,2" doraHai="56" who="3" fromWho="3" sc="250,-10,230,-20,270,-10,250,40" /><INIT seed="2,0,0,2,0,19" ten="240,210,260,290" oya="2" hai0="76,108,41,25,120,18,103,92,47,29,50,127,85" hai1="107,43,55,51,75,112,23,27,106,15,115,58,98" hai2="105,123,64,91,14,17,5,39,74,35,131,130,97" hai3="63,116,134,16,67,22,9,65,122,79,44,0,8"/><V94/><F123/><W96/><G122/><T30/><D120/><U54/><E75/><V6/><F39/><W52/><G116/><T102/><D108/><U40/><E15/><V132/><F35/><W117/><G117/><T90/><D127/><U36/><E36/><V57/><F74/><W119/><G119/><T1/><D1/><U34/><E34/><V121/><F121/><W114/><G79/><T82/><D18/><U26/><E51/><V81/><F132/><W118/><G118/><T38/><D38/><U31/><E98/><V99/><F81/><W70/><G134/><T7/><D7/><U4/><E31/><V135/><F135/><W11/><G0/><T13/><D13/><U49/><E49/><V45/><F45/><W61/><G114/><T125/><D125/><U129/><E58/><V53/><F64/><W78/><G96/><N who="0" m="57367" /><D25/><U37/><E37/><V12/><F12/><N who="3" m="9479" /><G78/><T80/><D80/><U68/><E68/><V46/><F46/><W28/><G28/><AGARI ba="0,0" hai="28,29,30,41,47,50,76,82,85,102,103" m="57367" machi="28" ten="30,1000,0" yaku="8,1" doraHai="19" who="0" fromWho="3" sc="240,10,210,0,260,0,290,-10" /><INIT seed="3,0,0,2,1,85" ten="250,210,260,280" oya="3" hai0="46,92,95,37,110,99,117,101,21,114,67,33,66" hai1="94,15,69,115,5,48,6,105,79,19,72,116,23" hai2="12,127,42,17,107,9,40,74,36,130,30,82,102" hai3="26,59,44,56,77,86,122,8,135,76,27,120,134"/><W61/><G44/><T80/><D33/><U73/><E105/><V113/><F113/><W84/><G8/><T41/><D117/><U45/><E69/><V111/><F36/><W119/><G61/><T4/><D114/><U91/><E115/><V38/><F38/><W57/><G57/><T133/><D110/><U34/><E34/><V14/><F111/><W29/><G29/><T24/><D133/><U108/><E108/><V78/><F130/><W0/><G0/><T128/><D128/><U18/><E116/><AGARI ba="0,0" hai="26,27,56,59,76,77,84,86,116,119,120,122,134,135" machi="116" ten="25,2400,0" yaku="22,2" doraHai="85" who="3" fromWho="1" sc="250,0,210,-24,260,0,280,24" owari="250,-15.0,186,-31.4,260,6.0,304,40.4" /></mjloggm>