<mjloggm ver="2.3"><GO type="225" lobby="0"/><UN n0="%E3%81%B6%E3%82%8B%E3%82%8B%E3%81%B6%E3%81%B6" n1="%61%69%73%79%6F" n2="%E6%A1%9C%E8%8A%B1%E9%96%83%E3%80%85" n3="%E5%86%B7%E5%87%8D%E3%82%AE%E3%83%A7%E3%83%BC%E3%82%B6" dan="16,17,16,16" rate="2035.47,2210.37,2119.73,2119.28" sx="M,M,M,M"/><TAIKYOKU oya="0"/><INIT seed="0,0,0,4,2,124" ten="250,250,250,250" oya="0" hai0="75,121,92,68,62,133,80,71,129,86,94,66,59" hai1="102,37,42,40,73,123,88,26,46,0,97,57,35" hai2="47,77,108,95,41,32,28,63,60,105,81,101,110" hai3="132,10,74,106,51,17,33,117,72,128,67,116,13"/><T120/><D129/><U79/><E123/><V99/><F95/><W14/><G132/><T25/><D133/><U56/><E0/><V134/><F134/><W54/><G33/><T8/><D75/><U29/><E42/><V43/><F43/><W9/><G67/><T12/><D25/><U45/><E45/><V126/><F126/><W4/><G106/><T83/><D71/><U36/><E36/><V5/><F5/><W100/><G100/><T89/><D68/><U135/><E135/><V65/><F28/><W15/><G15/><T48/><D48/><U84/><E79/><V76/><F32/><W118/><REACH who="3" step="1"/><G128/><REACH who="3" ten="250,250,250,240" step="2"/><T34/><D34/><U115/><E115/><V130/><F65/><W90/><G90/><N who="0" m="53335" /><D120/><U87/><E87/><N who="2" m="48551" /><F130/><W2/><G2/><T104/><D104/><U1/><E1/><V113/><F113/><W112/><G112/><T22/><D121/><U53/><E73/><V23/><F77/><W50/><G50/><T98/><D22/><U103/><E103/><V49/><F23/><W38/><G38/><T93/><D93/><U131/><E131/><V20/><F20/><W91/><G91/><T27/><D27/><U111/><E102/><V52/><F41/><W21/><G21/><T64/><D66/><U69/><E40/><V85/><F85/><W55/><G55/><T119/><D119/><U16/><E37/><V11/><F11/><W127/><G127/><T24/><D24/><U44/><E84/><V19/><F63/><W109/><G109/><N who="2" m="42089" /><F60/><W78/><G78/><T6/><AGARI ba="0,1" hai="6,8,12,59,62,64,80,83,89,94,98" m="53335" machi="6" ten="30,1500,0" yaku="8,1" doraHai="124" who="0" fromWho="0" sc="250,25,250,-5,250,-5,240,-5" /><INIT seed="0,1,0,1,5,108" ten="275,245,245,235" oya="0" hai0="52,93,9,112,90,131,56,23,114,40,34,60,59" hai1="119,88,12,100,98,49,20,33,72,68,19,7,130" hai2="128,51,70,21,27,26,62,135,74,3,16,109,73" hai3="6,45,38,111,69,97,78,95,117,24,121,77,14"/><T1/><D34/><U25/><E119/><V118/><F128/><W75/><G117/><T35/><D35/><U44/><E68/><V61/><F118/><W41/><G121/><T104/><D104/><U48/><E72/><V63/><F70/><W80/><G77/><T110/><D131/><U18/><E130/><V31/><F135/><W55/><G69/><T10/><D110/><U28/><E7/><V99/><F109/><W101/><G111/><T107/><D107/><U42/><E19/><V30/><F3/><W50/><G24/><T5/><D40/><U83/><E83/><V86/><F86/><W76/><G76/><T15/><D23/><U82/><E82/><V13/><F51/><W54/><REACH who="3" step="1"/><G38/><REACH who="3" ten="275,245,245,225" step="2"/><T67/><D1/><U126/><E126/><V87/><F27/><W66/><G66/><T84/><REACH who="0" step="1"/><D9/><AGARI ba="1,1" hai="6,9,14,41,45,50,54,55,75,78,80,95,97,101" machi="9" ten="40,2600,0" yaku="1,1,53,1" doraHai="108" doraHaiUra="105" who="3" fromWho="0" sc="275,-29,245,0,245,0,225,39" /><INIT seed="1,0,0,4,4,68" ten="246,245,245,264" oya="1" hai0="85,24,127,26,60,105,107,41,84,7,11,12,65" hai1="117,123,101,106,95,4,89,21,124,63,45,14,134" hai2="67,8,120,20,118,28,66,52,32,115,43,46,86" hai3="133,87,78,114,111,80,131,93,76,132,47,130,129"/><U62/><E117/><V102/><F120/><W10/><G10/><T25/><D127/><U116/><E123/><V97/><F32/><W108/><G47/><T22/><D41/><U122/><E122/><V37/><F118/><W98/><G76/><T125/><D125/><U94/><E124/><V53/><F86/><W51/><G51/><T79/><D22/><U30/><E106/><V13/><F115/><W56/><G56/><T81/><REACH who="0" step="1"/><D85/><REACH who="0" ten="236,245,245,264" step="2"/><N who="1" m="52527" /><E116/><V15/><F20/><W72/><G87/><T128/><D128/><U55/><E134/><N who="3" m="51818" /><G114/><T104/><D104/><U50/><E30/><V112/><F28/><W39/><G39/><T35/><D35/><U64/><E21/><V36/><F112/><W61/><G61/><T74/><D74/><U71/><E63/><V2/><F37/><W69/><G69/><AGARI ba="0,1" hai="7,11,12,24,25,26,60,65,69,79,81,84,105,107" machi="69" ten="40,1300,0" yaku="1,1,53,0" doraHai="68" doraHaiUra="44" who="0" fromWho="3" sc="236,23,245,0,245,0,264,-13" /><INIT seed="2,0,0,4,4,98" ten="259,245,245,251" oya="2" hai0="28,20,60,95,55,125,120,100,63,23,43,29,2" hai1="81,75,68,119,7,67,73,105,96,27,111,46,36" hai2="41,94,109,32,5,66,118,101,123,57,70,50,86" hai3="89,65,51,93,56,48,25,79,10,22,87,110,38"/><V114/><F114/><W112/><G38/><T72/><D120/><U0/><E119/><V134/><F118/><W84/><G110/><T80/><D2/><U53/><E111/><V39/><F134/><W116/><G116/><T18/><D43/><N who="1" m="22887" /><E27/><V113/><F32/><W121/><G121/><T88/><D125/><U45/><E45/><N who="2" m="23743" /><F5/><W62/><G112/><T122/><D122/><U69/><E53/><N who="2" m="31927" /><F86/><W59/><G59/><N who="0" m="34943" /><D72/><U107/><E67/><V92/><F123/><W14/><G79/><T24/><D63/><U3/><E73/><V71/><F113/><W6/><REACH who="3" step="1"/><G84/><REACH who="3" ten="259,245,245,241" step="2"/><N who="0" m="50183" /><D20/><U127/><E69/><V117/><F71/><W74/><G74/><T19/><D29/><AGARI ba="0,1" hai="6,10,14,22,25,29,48,51,56,62,65,87,89,93" machi="29" ten="30,3900,0" yaku="1,1,7,1,8,1,53,0" doraHai="98" doraHaiUra="12" who="3" fromWho="0" sc="259,-39,245,0,245,0,241,49" /><INIT seed="3,0,0,5,3,110" ten="220,245,245,290" oya="3" hai0="122,118,1,61,88,132,60,71,18,125,111,5,115" hai1="13,73,53,90,55,3,96,105,37,114,15,27,93" hai2="20,30,2,109,10,76,89,32,51,130,52,65,38" hai3="54,131,100,103,9,91,57,11,68,117,28,102,104"/><W62/><G117/><T98/><D122/><U72/><E37/><V87/><F38/><W80/><G104/><T17/><D118/><U25/><E3/><V126/><F126/><W36/><G36/><T41/><D111/><U124/><E105/><V94/><F130/><W16/><G68/><T45/><D125/><U4/><E124/><V7/><F109/><W67/><G131/><T108/><D108/><U99/><E93/><V135/><F135/><W12/><G28/><T82/><D132/><U56/><E56/><V79/><F65/><W21/><G67/><T49/><D1/><U129/><E90/><V78/><F20/><W34/><G34/><T64/><D5/><U77/><E77/><V85/><F30/><W43/><G43/><T48/><D61/><U123/><E4/><V116/><F32/><W92/><G80/><T14/><D115/><U133/><E133/><V74/><F74/><W119/><G119/><T31/><D31/><U50/><E50/><V127/><F127/><W8/><G103/><T106/><D49/><U59/><E59/><V40/><F40/><W97/><AGARI ba="0,0" hai="8,9,11,12,16,21,54,57,62,91,92,97,100,102" machi="97" ten="30,6000,0" yaku="0,1,8,1,54,1" doraHai="110" who="3" fromWho="3" sc="220,-20,245,-20,245,-20,290,60" owari="200,-30.0,225,2.5,225,-17.5,350,45.0" /></mjloggm>