<mjloggm ver="2.3"><GO type="225" lobby="0"/><UN n0="%E3%83%B4%E3%82%A3%E3%83%AF%E3%82%B3%E3%82%B0%E3%83%8B" n1="%E6%97%A5%E6%9B%9C%E6%97%A5%E3%82%88%E3%82%8A%E3%81%AE%E4%BD%BF%E8%80%85" n2="%E9%8A%80%E3%81%B0%E3%81%95%E3%81%BF" n3="%E3%82%BC%E3%83%AB%E3%83%80%E3%81%AE%E4%BC%9D%E8%AA%AC" dan="16,18,17,16" rate="2123.48,2180.47,2221.20,2173.11" sx="M,M,M,M"/><TAIKYOKU oya="0"/><INIT seed="0,0,0,4,1,86" ten="250,250,250,250" oya="0" hai0="73,32,131,49,82,125,120,116,124,117,59,45,37" hai1="113,64,107,132,33,129,89,95,106,76,7,114,121" hai2="67,128,4,93,127,135,133,101,99,110,71,68,48" hai3="115,54,87,81,29,91,28,61,34,98,72,0,92"/><T104/><D32/><U90/><E33/><V103/><F110/><W80/><G115/><N who="1" m="44042" /><E7/><V100/><F128/><W6/><G34/><T24/><D104/><N who="1" m="39979" /><E64/><V27/><F4/><W3/><G72/><T2/><D2/><U79/><E129/><V130/><F130/><W15/><G80/><T42/><D131/><U57/><E57/><V118/><F118/><W85/><G85/><T108/><D108/><U126/><E126/><N who="0" m="48745" /><D120/><U8/><E8/><V78/><F127/><W56/><G3/><T111/><D111/><U112/><N who="1" m="44050" /><U96/><DORA hai="41" /><E121/><V88/><F78/><N who="1" m="29737" /><E132/><N who="2" m="50763" /><F67/><W51/><G0/><T119/><D24/><U11/><E11/><V17/><F48/><W18/><G61/><T31/><D59/><U83/><E83/><V30/><F17/><W58/><G6/><T63/><D49/><U19/><E19/><V134/><N who="2" m="50771" /><V77/><DORA hai="10" /><F77/><N who="3" m="46511" /><G56/><T46/><D82/><U69/><E69/><V1/><F1/><W52/><G54/><T66/><D66/><U5/><E5/><V70/><F70/><W123/><G123/><T47/><D63/><U21/><E21/><AGARI ba="0,0" hai="21,27,30,68,71,88,93,99,100,101,103" m="50771" machi="21" ten="40,5200,0" yaku="20,1,52,1,54,1" doraHai="86,41,10" who="2" fromWho="1" sc="250,0,250,-52,250,52,250,0" /><AGARI ba="0,0" hai="15,18,21,28,29,51,52,58,91,92,98" m="46511" machi="21" ten="30,7700,0" yaku="8,1,52,2,54,1" doraHai="86,41,10" who="3" fromWho="1" sc="250,0,198,-77,302,0,250,77" /><INIT seed="1,0,0,1,5,64" ten="250,121,302,327" oya="1" hai0="37,63,105,0,58,67,79,85,28,52,53,17,115" hai1="33,80,29,20,10,50,102,59,123,88,41,116,25" hai2="107,4,101,21,120,84,66,26,19,129,27,24,104" hai3="98,1,51,89,106,57,39,34,12,2,97,30,38"/><U133/><E116/><V86/><F120/><W81/><G34/><T6/><D105/><U55/><E123/><V113/><F129/><W83/><G12/><T118/><D118/><U62/><E133/><V32/><F113/><W31/><G51/><T18/><D37/><U109/><E109/><V132/><F132/><W46/><G57/><T5/><D28/><U114/><E114/><V68/><F4/><N who="0" m="1642" /><D0/><U11/><E102/><V122/><F122/><W76/><G89/><T103/><D115/><U117/><E117/><V35/><F35/><W95/><G95/><T23/><D103/><U73/><E33/><V90/><F90/><W135/><G135/><T134/><D134/><U112/><E112/><V44/><F44/><W74/><G46/><T14/><D17/><U125/><E125/><V93/><F27/><W70/><G76/><T15/><D15/><U8/><E73/><V22/><F93/><W124/><G74/><T121/><D121/><U108/><E108/><V82/><F82/><AGARI ba="0,0" hai="14,18,23,52,53,58,63,67,79,82,85" m="1642" machi="82" ten="30,2000,0" yaku="8,1,54,1" doraHai="64" who="0" fromWho="2" sc="250,20,121,0,302,-20,327,0" /><INIT seed="2,0,0,5,3,40" ten="270,121,282,327" oya="2" hai0="46,33,132,126,108,99,16,9,63,102,1,37,10" hai1="41,123,100,127,105,120,73,55,0,129,117,107,12" hai2="15,76,81,104,98,56,8,53,25,128,96,60,74" hai3="114,3,19,70,121,80,32,131,86,115,14,111,67"/><V39/><F39/><W27/><G121/><T29/><D108/><U59/><E117/><V122/><F122/><W93/><G3/><T57/><D1/><U28/><E0/><V133/><F133/><W130/><G111/><T84/><D132/><U68/><E68/><V50/><F128/><N who="3" m="49195" /><G93/><T31/><D84/><U79/><E129/><V45/><F25/><W65/><G27/><T26/><D31/><U91/><E127/><V2/><F104/><W51/><G51/><T125/><D46/><U58/><E107/><V66/><REACH who="2" step="1"/><F2/><REACH who="2" ten="270,121,272,327" step="2"/><W21/><G32/><T35/><D37/><U30/><E105/><V20/><F20/><W64/><G70/><T88/><D33/><U38/><E38/><V13/><F13/><W92/><G114/><T101/><D126/><U116/><E123/><V106/><F106/><W78/><G115/><T17/><D125/><U112/><E120/><V22/><F22/><W95/><AGARI ba="0,1" hai="14,19,21,64,65,67,78,80,86,92,95" m="49195" machi="95" ten="40,1500,0" yaku="19,1" doraHai="40" who="3" fromWho="3" sc="270,-4,121,-4,272,-7,327,25" /><INIT seed="3,0,0,1,4,127" ten="266,117,265,352" oya="3" hai0="90,21,131,15,40,111,66,3,7,114,62,117,119" hai1="1,94,30,29,99,60,106,134,88,14,17,107,80" hai2="58,74,46,92,77,73,44,55,122,91,57,18,50" hai3="36,63,68,49,120,39,79,11,121,100,97,31,27"/><W86/><G49/><T16/><D111/><U109/><E1/><V102/><F122/><W67/><G11/><T135/><D135/><U72/><E134/><V87/><F74/><W51/><G51/><T104/><D104/><U41/><E109/><V126/><F126/><W34/><G79/><T23/><D40/><U69/><E107/><V26/><F73/><W43/><G86/><T93/><D114/><U123/><E123/><N who="3" m="47178" /><G43/><T129/><D21/><U133/><E133/><V65/><F77/><W38/><G38/><T83/><D83/><U47/><E106/><AGARI ba="0,0" hai="27,31,34,36,39,63,67,68,97,100,106" m="47178" machi="106" ten="30,2900,0" yaku="25,1,23,1" doraHai="127" who="3" fromWho="1" sc="266,0,117,-29,265,0,352,29" owari="266,6.6,88,-41.2,265,-13.5,381,48.1" /></mjloggm>