<mjloggm ver="2.3"><GO type="225" lobby="0"/><UN n0="%E6%97%A5%E6%9B%9C%E6%97%A5%E3%82%88%E3%82%8A%E3%81%AE%E4%BD%BF%E8%80%85" n1="%E3%81%BE%E3%81%A8%E3%81%9F" n2="%72%65%6E%6B%75%6E" n3="%E3%83%AD%E3%83%83%E3%83%86%E9%9B%80%E7%90%83" dan="18,16,17,17" rate="2192.71,2174.93,2326.94,2249.31" sx="M,M,M,M"/><TAIKYOKU oya="0"/><INIT seed="0,0,0,5,0,37" ten="250,250,250,250" oya="0" hai0="25,55,74,89,1,130,28,5,119,95,76,90,114" hai1="0,16,100,79,40,72,54,44,113,26,73,67,82" hai2="41,53,32,117,75,105,20,109,62,70,34,106,38" hai3="122,29,66,45,18,30,118,124,128,24,33,126,123"/><T61/><D114/><U52/><E0/><V110/><F20/><N who="3" m="13335" /><G66/><T93/><D119/><U135/><E73/><V127/><F75/><W64/><G64/><T51/><D130/><U42/><E113/><V108/><F117/><W50/><G118/><T39/><D39/><U4/><E4/><V11/><F11/><W48/><G48/><T132/><D132/><U43/><E135/><V77/><F77/><W131/><G50/><T10/><D61/><U120/><E120/><N who="3" m="46122" /><G45/><T86/><D76/><U63/><E100/><V99/><F127/><N who="3" m="48683" /><G33/><T83/><D74/><U13/><E26/><V19/><F32/><W129/><AGARI ba="0,0" hai="29,30,128,129,131" m="48683,46122,13335" machi="129" ten="40,8000,1" yaku="19,1,13,1,18,1,34,2" doraHai="37" who="3" fromWho="3" sc="250,-40,250,-20,250,-20,250,80" /><INIT seed="1,0,0,0,5,84" ten="210,230,230,330" oya="1" hai0="107,68,64,20,71,7,11,63,87,46,16,36,62" hai1="43,97,66,32,21,2,29,8,3,19,61,37,103" hai2="114,110,9,25,34,95,116,31,131,54,52,89,47" hai3="57,13,55,17,24,44,0,51,132,59,30,72,80"/><U4/><E43/><V50/><F116/><W82/><G0/><T126/><D126/><U104/><E37/><V81/><F110/><W56/><G132/><T48/><D107/><U85/><E3/><V15/><F131/><W111/><G111/><T124/><D124/><U120/><E120/><V106/><F106/><W94/><G72/><T122/><D122/><U6/><E6/><V115/><F81/><W49/><G49/><T22/><D36/><U5/><E5/><V91/><F54/><W77/><G77/><T74/><D74/><U76/><E85/><V118/><F118/><W101/><G101/><T75/><D75/><U109/><E76/><V18/><REACH who="2" step="1"/><F95/><REACH who="2" ten="210,230,220,330" step="2"/><W108/><G94/><T129/><D129/><U100/><E109/><V121/><F121/><W40/><G55/><T26/><D68/><U28/><E32/><V35/><F35/><W117/><G82/><T128/><D128/><U67/><E67/><V112/><AGARI ba="0,1" hai="9,15,18,25,31,34,47,50,52,89,91,112,114,115" machi="112" ten="30,12000,2" yaku="1,1,0,1,11,1,52,2,54,1,53,0" doraHai="84" doraHaiUra="127" who="2" fromWho="2" sc="210,-30,230,-60,220,130,330,-30" /><INIT seed="2,0,0,3,3,22" ten="180,170,350,300" oya="2" hai0="115,99,63,131,61,76,62,96,127,68,8,10,11" hai1="105,60,3,15,42,97,134,24,126,116,17,94,28" hai2="1,84,73,35,98,120,2,54,75,129,36,81,70" hai3="90,67,125,46,85,23,12,4,83,18,30,109,106"/><V65/><F120/><W77/><G109/><T52/><D115/><U100/><E116/><V133/><F35/><W7/><G125/><T47/><D127/><U56/><E126/><V87/><F36/><W44/><G106/><T6/><D131/><U108/><E108/><V32/><F32/><W107/><G107/><T31/><D68/><U124/><E134/><V79/><F129/><W82/><G67/><T86/><D31/><U64/><E124/><V121/><F121/><W33/><G33/><T114/><D6/><U25/><E3/><V69/><F54/><W9/><G30/><T34/><D34/><U102/><E28/><V29/><F29/><W117/><G117/><T41/><D41/><U16/><E42/><V49/><F49/><W101/><G101/><N who="1" m="39018" /><E105/><V78/><F98/><W93/><G83/><N who="0" m="47463" /><D114/><U5/><E5/><V110/><F81/><W59/><G4/><T26/><D26/><N who="1" m="10347" /><E15/><V40/><F40/><W123/><G12/><T20/><D20/><U50/><E50/><AGARI ba="0,0" hai="8,10,11,47,50,52,61,62,63,96,99" m="47463" machi="50" ten="30,2000,0" yaku="8,1,54,1" doraHai="22" who="0" fromWho="1" sc="180,20,170,-20,350,0,300,0" /><INIT seed="3,0,0,3,0,34" ten="200,150,350,300" oya="3" hai0="110,114,29,100,19,75,11,134,50,79,86,9,64" hai1="131,60,90,97,4,105,25,40,122,127,117,3,76" hai2="101,84,66,26,10,126,33,55,51,23,77,135,14" hai3="71,58,0,17,36,49,104,47,6,109,119,108,111"/><W67/><G119/><T37/><D37/><U74/><E122/><V70/><F33/><W30/><G104/><T80/><D110/><U13/><E117/><V85/><F101/><W2/><G71/><T31/><D134/><U38/><E127/><V1/><F1/><W16/><G30/><N who="0" m="11275" /><D75/><U24/><E13/><V82/><F126/><W28/><G28/><T20/><D114/><U63/><E131/><V54/><F54/><N who="3" m="32079" /><G67/><T78/><D100/><U61/><E105/><V95/><F55/><W52/><G52/><T56/><D79/><U83/><E90/><V41/><F66/><W48/><G48/><T27/><D50/><U5/><E5/><V22/><F51/><W88/><G88/><T45/><D45/><U39/><E97/><V8/><F77/><W42/><G6/><T94/><D94/><U106/><E106/><V99/><F95/><W98/><G98/><T125/><D125/><U130/><E130/><V113/><F99/><W102/><G102/><T69/><D69/><U116/><E116/><V120/><F70/><W18/><AGARI ba="0,0" hai="0,2,16,17,18,36,42,47,108,109,111" m="32079" machi="18" ten="40,12000,1" yaku="14,1,10,1,52,2,54,1" doraHai="34" who="3" fromWho="3" sc="200,-40,150,-40,350,-40,300,120" owari="160,-24.0,110,-39.0,310,11.0,420,52.0" /></mjloggm>