<mjloggm ver="2.3"><GO type="225" lobby="0"/><UN n0="%E3%81%8B%E3%82%8F%E3%81%A1%E3%82%83%E3%82%93%35%38" n1="%E3%82%BF%E3%83%BC%E3%83%90%E3%83%B3%E9%87%8E%E5%8F%A3" n2="%E3%81%BF%E3%81%BF%E3%81%9A" n3="%E7%B4%94%E6%BD%94%E3%83%94%E3%83%A9%E3%83%8B%E3%82%A2" dan="16,16,16,16" rate="2138.44,2142.02,2177.08,2153.43" sx="M,M,M,M"/><TAIKYOKU oya="0"/><INIT seed="0,0,0,4,1,32" ten="250,250,250,250" oya="0" hai0="35,77,132,23,10,12,119,126,40,57,55,17,73" hai1="58,69,0,48,61,112,31,91,28,81,93,1,80" hai2="50,102,11,100,107,110,111,131,47,67,123,76,129" hai3="114,15,92,45,51,41,127,64,117,78,116,71,7"/><T133/><D119/><U90/><E69/><V3/><F123/><W113/><G78/><T13/><D35/><U62/><E48/><V120/><F67/><W63/><G92/><T49/><D126/><U79/><E79/><V97/><F100/><W66/><G15/><T88/><D40/><U103/><E103/><V5/><F120/><W27/><G27/><T109/><D109/><N who="2" m="41482" /><F76/><W84/><G84/><T46/><D46/><U59/><REACH who="1" step="1"/><E93/><REACH who="1" ten="250,240,250,250" step="2"/><V20/><F20/><W124/><G117/><T24/><D77/><U53/><E53/><AGARI ba="0,1" hai="3,5,11,47,50,53,97,102,107,129,131" m="41482" machi="53" ten="30,2000,0" yaku="14,1,52,1" doraHai="32" who="2" fromWho="1" sc="250,0,240,-20,250,30,250,0" /><INIT seed="1,0,0,2,0,101" ten="250,220,280,250" oya="1" hai0="124,39,135,133,38,128,32,64,83,2,70,121,95" hai1="127,111,96,82,3,27,12,114,50,106,93,77,51" hai2="20,66,0,43,78,112,103,109,49,123,115,23,71" hai3="19,63,41,22,45,47,72,120,79,105,17,16,59"/><U132/><E114/><N who="2" m="43563" /><F123/><W44/><G120/><T35/><D121/><U24/><E3/><V99/><F0/><W116/><G116/><T86/><D2/><U122/><E122/><V81/><F109/><W84/><G72/><T5/><D5/><U10/><E132/><N who="0" m="50761" /><D128/><U75/><E127/><V134/><F134/><W97/><G97/><T7/><D7/><U37/><E37/><V21/><F43/><W1/><G1/><T104/><D124/><U85/><E111/><V91/><F49/><N who="1" m="18441" /><E75/><N who="2" m="43231" /><F91/><W31/><G105/><T6/><D104/><U4/><E106/><N who="2" m="63871" /><F66/><W28/><G41/><T54/><D64/><U13/><E13/><V46/><F71/><W11/><G11/><T55/><D70/><U118/><E118/><V94/><F94/><W110/><G22/><T29/><D95/><U67/><E67/><V92/><F92/><W117/><G117/><T68/><D68/><U129/><E129/><V25/><F46/><W74/><G74/><T53/><D39/><U88/><AGARI ba="0,0" hai="4,10,12,24,27,77,82,85,88,93,96" m="18441" machi="88" ten="30,3000,0" yaku="8,1,54,1" doraHai="101" who="1" fromWho="1" sc="250,-10,220,30,280,-10,250,-10" /><INIT seed="1,1,0,0,5,86" ten="240,250,270,240" oya="1" hai0="87,132,6,14,73,33,106,64,48,79,2,59,89" hai1="92,75,4,5,18,42,123,40,41,0,112,99,102" hai2="95,72,94,3,65,88,107,77,115,39,22,16,44" hai3="21,125,49,105,30,101,26,17,104,47,32,60,109"/><U29/><E123/><V13/><F115/><W83/><G109/><T74/><D33/><U28/><E112/><V34/><F107/><W56/><G125/><T135/><D2/><U128/><E75/><V55/><F34/><W134/><G134/><N who="0" m="51243" /><D106/><U7/><E128/><V38/><F65/><W52/><G83/><T10/><D79/><U84/><E0/><V35/><F35/><W58/><G58/><T100/><D100/><U71/><E71/><V24/><F3/><W127/><G101/><T126/><D126/><U108/><E108/><V66/><F66/><W93/><G93/><N who="0" m="54463" /><D48/><U61/><E61/><AGARI ba="1,0" hai="6,10,14,59,61,64,73,74" m="54463,51243" machi="61" ten="30,2000,0" yaku="20,1,52,1" doraHai="86" who="0" fromWho="1" sc="240,23,250,-23,270,0,240,0" /><INIT seed="2,0,0,4,1,120" ten="263,227,270,240" oya="2" hai0="57,119,131,64,0,46,123,105,13,49,124,91,96" hai1="32,62,70,97,114,14,73,22,6,43,52,34,5" hai2="18,39,115,107,9,100,67,83,16,69,7,109,112" hai3="51,80,94,24,1,35,128,84,134,58,37,36,60"/><V50/><F39/><W11/><G1/><T116/><D0/><U90/><E114/><V101/><F50/><W81/><G11/><T117/><D123/><U99/><E73/><V104/><F83/><W56/><G128/><T127/><D131/><U44/><E32/><V63/><F112/><W98/><G134/><T47/><D13/><U41/><E34/><V4/><F115/><W122/><G122/><T2/><D2/><U74/><E74/><V125/><F125/><N who="0" m="48202" /><D91/><U17/><E70/><V71/><F63/><W20/><G35/><T88/><D105/><U26/><E90/><V42/><F9/><W27/><G51/><T29/><D29/><N who="1" m="17623" /><E62/><V87/><F87/><W30/><G81/><T72/><D72/><U23/><E52/><V103/><F103/><W79/><G24/><T25/><D25/><U76/><E76/><V38/><F67/><W110/><G36/><T108/><D64/><U53/><E53/><V31/><F38/><W77/><G37/><T92/><D108/><U86/><E86/><V68/><F68/><W28/><G79/><T129/><D129/><U102/><E102/><V3/><F3/><W106/><G110/><T21/><D21/><U15/><E15/><V59/><F59/><N who="3" m="22571" /><G106/><T54/><AGARI ba="0,0" hai="46,47,49,54,57,88,92,96,116,117,119" m="48202" machi="54" ten="40,5200,0" yaku="12,1,18,1,54,1" doraHai="120" who="0" fromWho="0" sc="263,52,227,-13,270,-26,240,-13" /><INIT seed="3,0,0,4,2,60" ten="315,214,244,227" oya="3" hai0="9,32,71,130,111,27,80,49,85,73,22,26,59" hai1="43,33,86,69,125,5,65,15,100,1,42,84,21" hai2="56,55,104,3,57,48,96,35,81,122,92,54,99" hai3="7,98,108,64,134,68,87,0,97,40,74,24,45"/><W106/><G87/><N who="1" m="33322" /><E33/><V78/><F3/><W62/><G134/><T41/><D41/><BYE who="0" /><N who="1" m="15371" /><E1/><V46/><F35/><W70/><G108/><T119/><D119/><U76/><E69/><UN n0="%E3%81%8B%E3%82%8F%E3%81%A1%E3%82%83%E3%82%93%35%38" /><V79/><F122/><W90/><G90/><T118/><D26/><U127/><E76/><V93/><F104/><W44/><G44/><T2/><D22/><U51/><E100/><N who="2" m="60423" /><F81/><W75/><G24/><T129/><D59/><N who="2" m="22602" /><F54/><W103/><G98/><T36/><D49/><U94/><E94/><V105/><F105/><W124/><G70/><T31/><D71/><U116/><E51/><V123/><F123/><W58/><G58/><T4/><D36/><U18/><E5/><V114/><F114/><W135/><G135/><T47/><D73/><U115/><E115/><V6/><F6/><W112/><G112/><T128/><D111/><U133/><E133/><V110/><F110/><W23/><G75/><T72/><D72/><U34/><E34/><V38/><F38/><N who="3" m="21655" /><G74/><T102/><D47/><U131/><E116/><V95/><F95/><W10/><G124/><N who="1" m="47690" /><E131/><V11/><F11/><W82/><G82/><T16/><D118/><U29/><E29/><V17/><F17/><W120/><G120/><T61/><D16/><U28/><E28/><V37/><F37/><W53/><G53/><T66/><D102/><AGARI ba="0,0" hai="46,48,55,78,79,93,99,102" m="22602,60423" machi="102" ten="30,1000,0" yaku="8,1" doraHai="60" who="2" fromWho="0" sc="315,-10,214,0,244,10,227,0" owari="305,40.5,214,-28.6,254,5.4,227,-17.3" /></mjloggm>