<mjloggm ver="2.3"><GO type="225" lobby="0"/><UN n0="%E6%A0%B9%E5%85%83%E3%81%8B%E3%82%89%E5%90%B9%E3%81%A3%E9%A3%9B%E3%81%B6" n1="%38%63%E3%81%AF%E3%81%A3%E3%81%97%E3%83%BC" n2="%E3%83%A9%E3%82%B9%E7%8E%87%EF%BC%93%E5%89%B2" n3="%45%6C%79%73%69%75%6D" dan="17,16,16,17" rate="2217.89,2112.83,2151.12,2084.47" sx="F,M,F,F"/><TAIKYOKU oya="0"/><INIT seed="0,0,0,5,5,56" ten="250,250,250,250" oya="0" hai0="9,22,64,107,79,49,44,55,132,130,94,111,77" hai1="21,19,80,52,69,1,133,131,63,18,75,116,81" hai2="127,118,89,119,82,60,102,135,112,86,61,93,115" hai3="5,16,0,120,66,96,50,117,104,33,85,73,126"/><T3/><D130/><U62/><E116/><N who="2" m="44587" /><F135/><W128/><G73/><T110/><D107/><U17/><E1/><V129/><F129/><W36/><G36/><T42/><D132/><U59/><E131/><V97/><F127/><W122/><G33/><T48/><D64/><U101/><E101/><V37/><F37/><W15/><G126/><T91/><D22/><U72/><E133/><V124/><F124/><W58/><G128/><T45/><D9/><U108/><E108/><N who="0" m="41513" /><D3/><U14/><E75/><V13/><F13/><W31/><G31/><T25/><D25/><U2/><E2/><V57/><F57/><W40/><G117/><T68/><D68/><U24/><E72/><V4/><F4/><W125/><G5/><T53/><D42/><U34/><E34/><V43/><F43/><W11/><G125/><T51/><D51/><U106/><E106/><V8/><F8/><W38/><G0/><T41/><D41/><U46/><E46/><V121/><F121/><W20/><G104/><T10/><D10/><U100/><E100/><V98/><F98/><AGARI ba="0,0" hai="44,45,48,49,53,55,77,79,91,94,98" m="41513" machi="98" ten="30,2900,0" yaku="14,1,10,1" doraHai="56" who="0" fromWho="2" sc="250,29,250,0,250,-29,250,0" /><INIT seed="0,1,0,3,4,75" ten="279,250,221,250" oya="0" hai0="125,28,107,23,83,86,71,103,16,56,47,44,110" hai1="135,99,15,34,67,104,22,122,82,5,8,117,12" hai2="26,120,54,53,60,41,25,80,94,50,10,7,33" hai3="24,102,134,69,132,81,52,88,76,105,57,35,42"/><T0/><D71/><U96/><E34/><V6/><F120/><W2/><G2/><T21/><D125/><U115/><E122/><V64/><F41/><W29/><G69/><T20/><D0/><U114/><E67/><V90/><F80/><W77/><G42/><T78/><D110/><U66/><E66/><V118/><F118/><W27/><G27/><T14/><D28/><U101/><E117/><V32/><F32/><W46/><G46/><T79/><D107/><U65/><E65/><V4/><F10/><W43/><G43/><T95/><D56/><U131/><E135/><N who="3" m="51754" /><G102/><T89/><D103/><U31/><E31/><V68/><F33/><W45/><G45/><N who="0" m="17483" /><D83/><U55/><E101/><V17/><F50/><N who="3" m="30871" /><G105/><T63/><D63/><U112/><E104/><V72/><F26/><W9/><G9/><AGARI ba="1,0" hai="9,14,16,20,21,23,78,79,86,89,95" m="17483" machi="9" ten="30,11600,0" yaku="8,1,52,2,54,1" doraHai="75" who="0" fromWho="3" sc="279,119,250,0,221,0,250,-119" /><INIT seed="0,2,0,3,1,83" ten="398,250,221,131" oya="0" hai0="110,128,30,75,116,53,40,25,8,119,111,120,36" hai1="35,13,7,6,17,20,105,31,106,98,50,89,28" hai2="113,133,101,38,37,88,29,76,23,48,61,129,102" hai3="72,62,64,2,9,74,27,69,0,97,32,92,47"/><T82/><D8/><U67/><E67/><V118/><F113/><W121/><G121/><T44/><D53/><U16/><E50/><V91/><F76/><W14/><G47/><T56/><D56/><U94/><E106/><V96/><F129/><W103/><G2/><T86/><D75/><U122/><E122/><V63/><F133/><W49/><G49/><T85/><D128/><U100/><E17/><V55/><F118/><W125/><G125/><T4/><D4/><U73/><E73/><V84/><F38/><W117/><G117/><T60/><D60/><N who="2" m="23114" /><F37/><W15/><G15/><T19/><D19/><U57/><E57/><N who="2" m="32999" /><F91/><W107/><G92/><T115/><D115/><U124/><E124/><V93/><F96/><W90/><G90/><T127/><D127/><U77/><E77/><V10/><F10/><W132/><G132/><T58/><D120/><U81/><E105/><V1/><F1/><W108/><G108/><N who="0" m="41515" /><D58/><U65/><E65/><V87/><F87/><N who="0" m="33290" /><D82/><U33/><E81/><V54/><F54/><W39/><G0/><T42/><D42/><U22/><E7/><V112/><F112/><W70/><G70/><T68/><D68/><U24/><E6/><V21/><F29/><N who="3" m="19519" /><G9/><T5/><D5/><U66/><E66/><V71/><F71/><W52/><G52/><T59/><D59/><U109/><E109/><V123/><F123/><W43/><G14/><T41/><D40/><U26/><E31/><V46/><F46/><N who="3" m="23935" /><G72/><T51/><D36/><U45/><E28/><V99/><F99/><N who="3" m="61951" /><G74/><T135/><D135/><U130/><E98/><AGARI ba="2,0" hai="62,64,69,97,98" m="61951,23935,19519" machi="98" ten="30,1000,0" yaku="25,1" doraHai="83" who="3" fromWho="1" sc="398,0,250,-16,221,0,131,16" /><INIT seed="1,0,0,0,4,112" ten="398,234,221,147" oya="1" hai0="9,65,55,98,82,23,47,103,68,46,0,35,108" hai1="88,99,49,86,110,56,16,41,19,107,94,28,57" hai2="7,20,53,135,74,1,63,69,101,22,25,109,83" hai3="64,104,117,90,67,52,40,26,132,93,113,33,17"/><U130/><E130/><V126/><F109/><W32/><G113/><T122/><D35/><U38/><E28/><V18/><F135/><W100/><G132/><T11/><D108/><U15/><E110/><V58/><F126/><W44/><G104/><T116/><D116/><U121/><E38/><V62/><F101/><W97/><G117/><T37/><D82/><U81/><E107/><V76/><F1/><W30/><G32/><T39/><D23/><U80/><E121/><V12/><F7/><W70/><G70/><T66/><D55/><U43/><E81/><V29/><REACH who="2" step="1"/><F69/><REACH who="2" ten="398,234,211,147" step="2"/><W131/><G131/><T34/><D0/><U10/><E19/><V4/><F4/><W5/><G5/><T75/><D68/><U24/><E24/><V118/><F118/><W96/><G17/><T124/><D103/><U59/><E49/><AGARI ba="0,1" hai="12,18,20,22,25,29,49,53,58,62,63,74,76,83" machi="49" ten="30,3900,0" yaku="1,1,7,1,53,1" doraHai="112" doraHaiUra="48" who="2" fromWho="1" sc="398,0,234,-39,211,49,147,0" /><INIT seed="2,0,0,5,4,46" ten="398,195,260,147" oya="2" hai0="76,115,83,13,59,133,123,9,109,43,2,126,114" hai1="6,129,95,132,128,56,98,77,27,79,127,36,86" hai2="64,112,107,24,53,62,94,78,84,22,61,47,73" hai3="30,8,97,23,28,131,29,25,91,81,17,52,32"/><V39/><F112/><W41/><G131/><T87/><D123/><U82/><E36/><V68/><F107/><W80/><G41/><T0/><D109/><U121/><E6/><V134/><F134/><W100/><G8/><T12/><D126/><U72/><E27/><V14/><F73/><W35/><G35/><T54/><D43/><U65/><E65/><V44/><F14/><W71/><G71/><T42/><D42/><U117/><E56/><V99/><F39/><W105/><G32/><T18/><D133/><U48/><E117/><V33/><F33/><W63/><REACH who="3" step="1"/><G91/><REACH who="3" ten="398,195,260,137" step="2"/><T122/><D115/><U96/><E129/><V67/><F68/><W70/><G70/><T74/><D9/><U135/><E128/><V120/><F120/><W85/><G85/><T75/><D87/><U16/><E86/><V66/><F84/><W31/><N who="3" m="7168" /><DORA hai="40" /><W1/><G1/><T60/><D114/><U50/><E121/><V88/><F78/><W15/><G15/><T108/><D13/><U111/><E77/><V110/><F110/><W19/><G19/><T57/><D108/><U130/><E111/><V4/><F4/><W55/><G55/><N who="0" m="33855" /><D75/><U104/><E130/><V45/><F53/><W3/><G3/><T51/><D122/><U106/><E135/><V101/><F88/><W124/><G124/><T49/><D18/><AGARI ba="0,1" hai="18,22,24,44,45,47,61,62,64,66,67,94,99,101" machi="18" ten="40,12000,1" yaku="8,1,52,3" doraHai="46,40" who="2" fromWho="0" sc="398,-120,195,0,260,130,137,0" /><INIT seed="2,1,0,3,4,0" ten="278,195,390,137" oya="2" hai0="68,29,12,32,44,3,7,93,131,2,42,26,108" hai1="22,34,1,57,62,134,60,10,113,4,63,75,106" hai2="11,54,24,107,81,133,77,118,56,111,100,48,71" hai3="40,41,23,55,127,110,31,130,69,78,49,128,124"/><V50/><F118/><W37/><G78/><T79/><D108/><U53/><E113/><V126/><F71/><W74/><G74/><T132/><D131/><N who="3" m="50217" /><G31/><T96/><D68/><U15/><E134/><V9/><F133/><W76/><G76/><T91/><D79/><U129/><E75/><V70/><F70/><W73/><G23/><T101/><D132/><U87/><E106/><V123/><F111/><W46/><G73/><T28/><D28/><U19/><E129/><V30/><F123/><W95/><G95/><T99/><D12/><U125/><E125/><N who="3" m="48202" /><G110/><T38/><D7/><U66/><E34/><V88/><F77/><W35/><G35/><T83/><D83/><U85/><REACH who="1" step="1"/><E66/><REACH who="1" ten="278,185,390,137" step="2"/><V84/><F126/><W109/><G109/><T16/><REACH who="0" step="1"/><D16/><REACH who="0" ten="268,185,390,137" step="2"/><U59/><E59/><V121/><F56/><N who="3" m="32879" /><G69/><T25/><D25/><U6/><E6/><V115/><F24/><W72/><G72/><T45/><D45/><U20/><E20/><V39/><F121/><W94/><G94/><AGARI ba="1,2" hai="2,3,26,29,32,38,42,44,91,93,94,96,99,101" machi="94" ten="30,2000,0" yaku="1,1,7,1,53,0" doraHai="0" doraHaiUra="122" who="0" fromWho="3" sc="268,43,185,0,390,0,137,-23" /><INIT seed="3,0,0,5,5,129" ten="311,185,390,114" oya="3" hai0="86,134,66,132,43,122,78,23,130,96,32,84,19" hai1="81,34,39,83,38,62,79,90,113,76,47,85,25" hai2="107,44,12,109,118,61,103,98,115,124,49,95,48" hai3="31,36,133,9,24,131,3,91,0,99,17,92,68"/><W45/><G131/><T112/><D122/><U64/><E113/><V60/><F115/><W8/><G68/><T80/><D130/><U67/><E90/><V106/><F118/><W135/><G36/><T55/><D32/><U121/><E121/><V123/><F123/><W72/><G72/><T119/><D119/><U126/><E126/><V56/><F124/><W71/><G71/><T26/><D43/><U21/><E34/><V116/><F109/><W40/><G40/><T70/><D112/><U2/><E2/><N who="3" m="554" /><G45/><T59/><D96/><U127/><E127/><V102/><F44/><W29/><G17/><T51/><REACH who="0" step="1"/><D84/><REACH who="0" ten="301,185,390,114" step="2"/><U41/><E85/><V88/><F98/><W33/><G31/><T5/><D5/><U11/><E41/><V87/><F87/><W6/><G6/><T1/><D1/><U65/><E39/><V30/><F30/><W13/><G13/><T111/><D111/><U7/><E7/><V20/><F12/><W54/><G54/><T35/><D35/><U94/><E38/><V73/><F116/><W108/><G108/><T75/><D75/><U16/><E67/><V46/><F73/><W57/><G57/><T101/><D101/><U93/><E65/><V125/><F56/><W100/><G100/><T53/><D53/><U82/><E64/><V37/><F125/><W50/><G50/><T104/><D104/><U120/><E120/><V110/><F107/><W15/><G15/><T42/><D42/><U89/><E25/><V18/><F106/><W117/><G117/><T77/><D77/><U27/><E79/><V4/><F110/><RYUUKYOKU ba="0,1" sc="301,15,185,-15,390,-15,114,15" hai0="19,23,26,51,55,59,66,70,78,80,86,132,134" hai3="8,9,24,29,33,91,92,99,133,135" /><INIT seed="3,1,1,5,1,71" ten="316,170,375,129" oya="3" hai0="98,1,127,104,46,99,78,34,61,29,108,38,121" hai1="123,73,106,49,70,84,62,114,103,128,101,30,55" hai2="100,81,129,2,107,12,44,25,72,85,33,43,19" hai3="51,58,75,65,53,27,10,14,7,135,24,54,5"/><W39/><G75/><T76/><D121/><U8/><E73/><V74/><F2/><W134/><G65/><T120/><D120/><U20/><E123/><V32/><F129/><W116/><G116/><T63/><D1/><U41/><E114/><V37/><F100/><W115/><G115/><T110/><D127/><U94/><E106/><V22/><F107/><W64/><G64/><T26/><D63/><U15/><E41/><V48/><F48/><W17/><G54/><T97/><D61/><U93/><E93/><V83/><F83/><W96/><G96/><T117/><D117/><U112/><E128/><V125/><F125/><W105/><G105/><T82/><D104/><U80/><E94/><V91/><F33/><W111/><G111/><T133/><D133/><N who="3" m="50697" /><G39/><T11/><D11/><U69/><E8/><V119/><F119/><W77/><G77/><T102/><D102/><U79/><E112/><V60/><F60/><W126/><G126/><T130/><D130/><U28/><E62/><V18/><F32/><W89/><G89/><T50/><D50/><U118/><E118/><V124/><F124/><W16/><G17/><T45/><D45/><N who="1" m="28079" /><E70/><V31/><F31/><N who="1" m="11817" /><E69/><V9/><AGARI ba="1,1" hai="9,12,18,19,22,25,37,43,44,72,74,81,85,91" machi="9" ten="20,2700,0" yaku="0,1,7,1,52,1" doraHai="71" who="2" fromWho="2" sc="316,-8,170,-8,375,40,129,-14" owari="308,10.8,162,-23.8,415,51.5,115,-38.5" /></mjloggm>