<mjloggm ver="2.3"><GO type="225" lobby="0"/><UN n0="%33%74%72%65%65" n1="%E5%82%8D%E8%8B%A5%E7%84%A1%E4%BA%BA%35%31" n2="%E3%80%93%E3%81%97%E3%83%BC%E3%82%89%E3%80%93" n3="%4B%2E%32%2E%4B%2E" dan="16,16,16,16" rate="2125.91,2121.04,2181.83,2164.75" sx="F,M,M,M"/><TAIKYOKU oya="0"/><INIT seed="0,0,0,0,4,7" ten="250,250,250,250" oya="0" hai0="61,93,130,59,80,53,100,49,70,22,2,63,25" hai1="132,32,69,23,5,6,117,112,60,62,27,77,45" hai2="51,92,1,120,50,110,20,118,85,75,102,86,111" hai3="113,94,46,54,91,65,44,42,131,134,116,67,97"/><T104/><D130/><U127/><E117/><V29/><F75/><W71/><G116/><T79/><D2/><U126/><E112/><V95/><F118/><W108/><G113/><T129/><D129/><U81/><E32/><V28/><F1/><W76/><G131/><T96/><D104/><U48/><E132/><V57/><F20/><W68/><G134/><T13/><D70/><U106/><E106/><V55/><F102/><W31/><G108/><T82/><D13/><U121/><E121/><V11/><F57/><W122/><G122/><T14/><D14/><U78/><E60/><N who="0" m="23113" /><D79/><U98/><E98/><V123/><REACH who="2" step="1"/><F55/><REACH who="2" ten="250,250,240,250" step="2"/><W114/><G114/><T43/><D43/><U24/><E69/><V8/><AGARI ba="0,1" hai="8,11,28,29,50,51,85,86,92,95,110,111,120,123" machi="8" ten="25,12000,2" yaku="1,1,2,1,0,1,22,2,52,2,53,0" doraHai="7" doraHaiUra="135" who="2" fromWho="2" sc="250,-60,250,-30,240,130,250,-30" /><INIT seed="1,0,0,3,4,53" ten="190,220,370,220" oya="1" hai0="12,22,126,105,68,19,1,80,125,13,112,31,56" hai1="26,104,83,82,108,118,29,67,131,90,79,39,74" hai2="14,94,92,71,25,0,114,119,121,28,54,113,61" hai3="116,87,96,72,86,75,122,63,41,59,76,49,20"/><U132/><E118/><V98/><F0/><W16/><G122/><T11/><D68/><U73/><E39/><V107/><F119/><W44/><G116/><T18/><D105/><U133/><E67/><N who="2" m="41455" /><F121/><W64/><G96/><T66/><D112/><N who="2" m="43114" /><F14/><W106/><G106/><T3/><D80/><U21/><E104/><V43/><F43/><W46/><G46/><T48/><D31/><U51/><E131/><V35/><F54/><W85/><REACH who="3" step="1"/><G76/><REACH who="3" ten="190,220,370,210" step="2"/><T7/><D126/><U62/><E108/><V40/><F40/><W130/><G130/><T129/><D125/><U6/><E6/><V78/><F78/><W33/><G33/><T128/><D7/><U88/><E62/><V110/><F110/><W27/><AGARI ba="0,1" hai="16,20,27,41,44,49,59,63,64,72,75,85,86,87" machi="27" ten="30,7900,0" yaku="1,1,0,1,52,1,54,1,53,0" doraHai="53" doraHaiUra="4" who="3" fromWho="3" sc="190,-20,220,-39,370,-20,210,89" /><INIT seed="2,0,0,5,4,19" ten="170,181,350,299" oya="2" hai0="120,36,115,10,126,97,58,95,93,108,118,77,0" hai1="54,105,13,80,81,50,47,75,57,107,73,68,61" hai2="87,1,119,24,110,102,112,133,2,59,66,113,42" hai3="40,76,125,92,15,20,26,14,71,116,12,135,130"/><V28/><F119/><W38/><G71/><T6/><D115/><U106/><E68/><V11/><F133/><W111/><G116/><T43/><D120/><U83/><REACH who="1" step="1"/><E13/><REACH who="1" ten="170,171,350,299" step="2"/><V27/><F112/><W100/><G12/><T96/><D118/><U70/><E70/><V82/><F113/><W33/><G14/><T23/><D108/><U114/><E114/><V123/><F110/><W90/><G15/><T63/><D126/><U21/><E21/><V53/><F123/><W49/><G20/><T37/><D23/><U65/><AGARI ba="0,1" hai="47,50,54,57,61,65,73,75,80,81,83,105,106,107" machi="65" ten="40,2700,0" yaku="1,1,0,1,53,0" doraHai="19" doraHaiUra="128" who="1" fromWho="1" sc="170,-7,171,37,350,-13,299,-7" /><INIT seed="3,0,0,5,2,99" ten="163,208,337,292" oya="3" hai0="10,39,53,34,7,129,59,92,26,13,125,64,66" hai1="111,114,96,62,37,22,50,35,102,83,76,31,21" hai2="113,87,19,27,43,61,15,48,33,8,65,63,17" hai3="11,3,44,128,56,71,40,116,51,101,134,95,12"/><W52/><G116/><T58/><D129/><U98/><E111/><V67/><F113/><W4/><G71/><T28/><D125/><U75/><E114/><V90/><F33/><W25/><G128/><T24/><D39/><U109/><E37/><V133/><F133/><W80/><G134/><T103/><D24/><U16/><E109/><V104/><F104/><W74/><G3/><T70/><D70/><U112/><E96/><V85/><F85/><W57/><G74/><T6/><D6/><U77/><E76/><V32/><F32/><W120/><G80/><T29/><D29/><U123/><E123/><V119/><F119/><W20/><G120/><T23/><D34/><U130/><E130/><V2/><F2/><W60/><G57/><T41/><D41/><U108/><E62/><N who="2" m="23563" /><F48/><W121/><G121/><T42/><D42/><U69/><E69/><V107/><F43/><W47/><G47/><T126/><D126/><U124/><E124/><V135/><F107/><W72/><G72/><T122/><D122/><U1/><E1/><V5/><F135/><W91/><G101/><T0/><D0/><U54/><E112/><V30/><F30/><W46/><G46/><T117/><D117/><U100/><E108/><V86/><F86/><N who="3" m="52727" /><G25/><T49/><D59/><N who="1" m="33239" /><E98/><AGARI ba="0,0" hai="7,10,13,23,26,28,49,53,58,64,66,92,98,103" machi="98" ten="40,2600,0" yaku="8,1,52,1" doraHai="99" who="0" fromWho="1" sc="163,26,208,-26,337,0,292,0" owari="189,-21.1,182,-31.8,337,43.7,292,9.2" /></mjloggm>