<mjloggm ver="2.3"><GO type="225" lobby="0"/><UN n0="%E3%82%BC%E3%83%AB%E3%83%80%E3%81%AE%E4%BC%9D%E8%AA%AC" n1="%47%68%6F%73%74%55%30" n2="%E3%83%A1%E3%82%AC%E3%83%87%E3%82%B8" n3="%E7%89%B9%E6%9D%B1%E3%81%AF%E4%B8%96%E7%95%8C%E3%82%92%E6%95%91%E3%81%86" dan="18,16,16,16" rate="2178.90,2103.09,2062.74,2175.89" sx="M,F,F,M"/><TAIKYOKU oya="0"/><INIT seed="0,0,0,1,1,36" ten="250,250,250,250" oya="0" hai0="79,109,22,11,0,111,72,38,125,58,19,80,123" hai1="28,50,108,100,23,26,91,82,130,75,118,132,105" hai2="42,110,124,13,93,120,30,37,106,40,116,64,55" hai3="56,134,88,76,99,7,5,71,81,66,4,104,83"/><T52/><D123/><U65/><E118/><V84/><F120/><W61/><G134/><T31/><D125/><U53/><E108/><N who="0" m="41545" /><D38/><U94/><E65/><V48/><F106/><W103/><G76/><T135/><D135/><U14/><E132/><V121/><F121/><W51/><G71/><T59/><D31/><U87/><E130/><V119/><F37/><W6/><N who="3" m="1024" /><DORA hai="85" /><W20/><G20/><T128/><D128/><U90/><E105/><V45/><F110/><W15/><G15/><N who="0" m="7679" /><D0/><U60/><E60/><V27/><F13/><W57/><G57/><N who="0" m="21515" /><D22/><U69/><E69/><V12/><F12/><W102/><G51/><T29/><D29/><U117/><E117/><N who="2" m="45131" /><F64/><W129/><G129/><T70/><D70/><U34/><E14/><V8/><F8/><W127/><G127/><T25/><D25/><U126/><E126/><V32/><F124/><W77/><G77/><T131/><D131/><U78/><E100/><N who="3" m="38442" /><G104/><T17/><D17/><U107/><E107/><V101/><F101/><W63/><G63/><T113/><D113/><U73/><E23/><V96/><F30/><W49/><G49/><T47/><D47/><U44/><REACH who="1" step="1"/><E78/><REACH who="1" ten="250,240,250,250" step="2"/><V122/><F122/><W89/><G66/><T33/><D33/><U3/><E3/><V21/><F32/><W39/><G61/><T54/><AGARI ba="0,1" hai="52,54,72,79,80" m="21515,7679,41545" machi="54" ten="30,6000,0" yaku="14,1,10,1,54,1" doraHai="36,85" who="0" fromWho="0" sc="250,70,240,-20,250,-20,250,-20" /><INIT seed="0,1,0,0,1,77" ten="320,220,230,230" oya="0" hai0="39,93,83,62,15,87,0,75,119,37,130,116,43" hai1="111,73,114,40,122,103,47,27,85,4,50,17,132" hai2="79,121,102,46,32,127,35,21,5,113,78,26,11" hai3="53,61,36,20,9,28,81,42,110,117,82,126,96"/><T2/><D93/><U24/><E122/><V123/><F113/><W41/><G117/><T31/><D31/><U88/><E73/><V52/><F35/><W56/><G110/><T90/><D75/><U57/><E111/><V133/><F32/><W84/><G126/><T22/><D62/><U10/><E132/><V67/><F133/><W13/><G96/><T125/><D125/><U3/><E103/><V16/><F67/><W98/><G98/><T99/><D99/><U45/><E114/><V49/><F102/><W128/><G128/><T86/><D130/><U23/><E27/><V118/><F118/><W129/><G129/><T76/><D116/><U19/><E57/><V101/><F101/><W14/><G36/><T80/><D119/><U100/><E100/><V48/><F127/><W44/><G44/><T69/><D69/><U112/><E112/><V115/><F115/><W108/><G108/><T54/><D54/><U68/><E68/><V134/><F134/><W71/><G71/><T33/><D33/><U30/><REACH who="1" step="1"/><E45/><REACH who="1" ten="320,210,230,230" step="2"/><N who="2" m="27663" /><F123/><W92/><G56/><T120/><D120/><U63/><E63/><V104/><F121/><W97/><G61/><T135/><D135/><U109/><E109/><V89/><F104/><W124/><G124/><T74/><D74/><U1/><E1/><V106/><F106/><W65/><G14/><T38/><D0/><U6/><E6/><V18/><F5/><W29/><G13/><T59/><D2/><U12/><E12/><N who="2" m="7199" /><F89/><W8/><G65/><T25/><D90/><U94/><AGARI ba="1,1" hai="3,4,10,17,19,23,24,30,40,47,50,85,88,94" machi="94" ten="20,8000,1" yaku="1,1,0,1,7,1,54,1,53,1" doraHai="77" doraHaiUra="91" who="1" fromWho="1" sc="320,-41,210,93,230,-21,230,-21" /><INIT seed="1,0,0,3,5,43" ten="279,303,209,209" oya="1" hai0="77,124,19,8,131,113,23,28,40,135,14,55,21" hai1="65,125,34,116,31,24,53,92,122,48,30,69,103" hai2="127,12,88,0,83,94,27,84,74,38,5,52,39" hai3="93,68,76,64,6,112,58,91,66,17,98,115,41"/><U96/><E122/><V62/><F0/><W50/><G68/><T67/><D113/><U134/><E116/><V121/><F121/><W110/><G110/><T87/><D124/><U133/><E125/><V60/><F127/><W114/><G6/><T57/><D135/><U35/><E65/><V101/><F39/><W10/><G76/><T63/><D131/><U49/><E69/><V47/><F27/><W128/><G128/><T37/><D37/><U15/><E15/><V106/><F106/><W3/><G58/><T80/><D40/><U75/><E75/><V20/><F38/><W90/><G91/><T29/><REACH who="0" step="1"/><D67/><REACH who="0" ten="269,303,209,209" step="2"/><U111/><E111/><V54/><F54/><W95/><G64/><T126/><D126/><U32/><E53/><V100/><F62/><W1/><G66/><T73/><D73/><U42/><E42/><V86/><F74/><W25/><G41/><T72/><D72/><U99/><E133/><V4/><F60/><W109/><G109/><T70/><D70/><U108/><E108/><V59/><F52/><W78/><G50/><T82/><D82/><U97/><E134/><V89/><F83/><W9/><G114/><T132/><D132/><U56/><E49/><V119/><F119/><W61/><G61/><T104/><D104/><U26/><E48/><V105/><F105/><W11/><G115/><T33/><D33/><U120/><E34/><V18/><F94/><N who="3" m="56663" /><G112/><T107/><D107/><U81/><E120/><V22/><F86/><W130/><G130/><T118/><D118/><U7/><E81/><V16/><F84/><W79/><G93/><RYUUKYOKU ba="0,1" sc="269,30,303,-10,209,-10,209,-10" hai0="8,14,19,21,23,28,29,55,57,63,77,80,87" /><INIT seed="2,1,1,3,0,11" ten="299,293,199,199" oya="2" hai0="118,111,128,67,34,49,80,73,62,134,65,28,100" hai1="59,101,27,17,75,74,92,5,135,131,120,33,133" hai2="47,12,116,57,112,85,83,122,94,6,14,117,114" hai3="79,124,21,43,13,9,1,78,126,119,104,30,58"/><V42/><F122/><W55/><G119/><T90/><D118/><U113/><E113/><V71/><F71/><W38/><G104/><T93/><D49/><U89/><E120/><V76/><F117/><W40/><G1/><T70/><D67/><U66/><E131/><V41/><F116/><W36/><G36/><T3/><D3/><U102/><E5/><V88/><F57/><W121/><G121/><T37/><D37/><U20/><E33/><V123/><F123/><W96/><G96/><T130/><D111/><U2/><E2/><V63/><F63/><N who="3" m="36319" /><G38/><T18/><D18/><U32/><E32/><V23/><F6/><N who="3" m="3255" /><G126/><T10/><D34/><U99/><E74/><V110/><F110/><W60/><G60/><T29/><D73/><U103/><E75/><V106/><F106/><W15/><G124/><T84/><D134/><N who="1" m="51211" /><E59/><V72/><F41/><N who="3" m="15947" /><G30/><T107/><D107/><N who="1" m="63935" /><E66/><V68/><F68/><W125/><G125/><T39/><D39/><U61/><E61/><V35/><F35/><W8/><G21/><T127/><D127/><U24/><E24/><V45/><F23/><W46/><G46/><T0/><D130/><U19/><E19/><AGARI ba="1,1" hai="8,15,19,78,79" m="15947,3255,36319" machi="19" ten="30,3900,0" yaku="8,1,52,2" doraHai="11" who="3" fromWho="1" sc="299,0,293,-42,199,0,199,52" /><INIT seed="3,0,0,0,3,12" ten="299,251,199,251" oya="3" hai0="72,24,89,50,44,129,94,100,16,119,3,71,6" hai1="1,109,116,131,132,49,4,63,76,117,68,82,98" hai2="122,30,112,105,115,107,52,84,29,74,124,121,110" hai3="39,60,11,118,62,127,92,128,135,101,113,20,35"/><W47/><G113/><N who="2" m="43593" /><F74/><W125/><G118/><N who="1" m="45674" /><E109/><V40/><F40/><N who="3" m="22943" /><G35/><T87/><D119/><U86/><E131/><V133/><F110/><W59/><G128/><T123/><D123/><N who="2" m="47114" /><F133/><W85/><G135/><T0/><D71/><U23/><E132/><V51/><F84/><W42/><G42/><T28/><D72/><U93/><E49/><V88/><F124/><N who="3" m="47691" /><G11/><T91/><D129/><U78/><E23/><V106/><F88/><N who="3" m="53263" /><G101/><T134/><D100/><U33/><E33/><V96/><F96/><W99/><G99/><T25/><D87/><U73/><E73/><V10/><F10/><W37/><G37/><T48/><D134/><U26/><E98/><V22/><F22/><W77/><G77/><T130/><D130/><U69/><E78/><V120/><N who="2" m="47122" /><V7/><DORA hai="15" /><F7/><W46/><G46/><AGARI ba="0,0" hai="29,30,46,51,52,105,106,107" m="47122,43593" machi="46" ten="50,3200,0" yaku="13,1,54,1" doraHai="12,15" who="2" fromWho="3" sc="299,0,251,0,199,32,251,-32" /><INIT seed="4,0,0,4,3,44" ten="299,251,231,219" oya="0" hai0="9,100,8,12,4,35,119,132,129,63,36,60,97" hai1="88,32,124,3,75,28,71,52,85,20,115,95,50" hai2="103,7,2,33,107,72,29,10,22,68,67,66,104" hai3="86,37,14,62,70,49,24,98,122,92,74,51,116"/><T113/><D119/><U118/><E118/><V69/><F22/><W120/><G116/><T55/><D36/><U84/><E3/><V121/><F121/><N who="3" m="46699" /><G74/><T56/><D35/><U21/><E75/><V6/><F6/><W57/><G37/><T15/><D113/><U54/><E71/><N who="2" m="27211" /><F67/><N who="3" m="41335" /><G86/><T131/><D132/><U96/><E115/><V31/><F66/><W78/><G78/><T99/><D63/><U65/><E65/><V111/><F31/><W91/><G57/><T133/><D133/><U11/><E124/><V81/><F103/><W76/><G76/><T18/><REACH who="0" step="1"/><D97/><REACH who="0" ten="289,251,231,219" step="2"/><U135/><E135/><V39/><F39/><W80/><G80/><T19/><D19/><U13/><E32/><V30/><F30/><W73/><G73/><T43/><D43/><U87/><E28/><V90/><F72/><W94/><G94/><AGARI ba="0,1" hai="4,8,9,12,15,18,55,56,60,94,99,100,129,131" machi="94" ten="40,3900,0" yaku="1,1,53,1" doraHai="44" doraHaiUra="58" who="0" fromWho="3" sc="289,49,251,0,231,0,219,-39" owari="338,43.8,251,5.1,231,-16.9,180,-32.0" /></mjloggm>