<mjloggm ver="2.3"><GO type="225" lobby="0"/><UN n0="%E3%81%86%E3%81%A9%E3%82%93%E3%81%93" n1="%6D%75%75%6D%75%72%61" n2="%E3%81%99%E3%81%84%E3%81%BE%E3%81%9B%E3%83%BC%E3%82%93" n3="%E7%9C%9F%E4%B8%80" dan="16,16,16,17" rate="2146.08,2095.34,2095.63,2232.35" sx="M,F,M,M"/><TAIKYOKU oya="0"/><INIT seed="0,0,0,0,2,58" ten="250,250,250,250" oya="0" hai0="25,114,28,39,75,73,111,64,90,115,69,65,53" hai1="85,67,40,23,30,88,60,5,81,117,84,104,9" hai2="87,71,8,106,45,116,110,59,12,68,63,7,21" hai3="24,42,2,29,38,61,47,125,51,108,46,118,11"/><T78/><D39/><U127/><E117/><V4/><F110/><W134/><G118/><T20/><D111/><U37/><E104/><V95/><F106/><W77/><G108/><T10/><D69/><U74/><E127/><V14/><F116/><W102/><G125/><T119/><D119/><U3/><E37/><V0/><F45/><W36/><G134/><T122/><D122/><U22/><E40/><V52/><F0/><W100/><G38/><T129/><D129/><U97/><E74/><V44/><F44/><W109/><G109/><T121/><D121/><U43/><E43/><V27/><F12/><W79/><G102/><T130/><D130/><U18/><E97/><V66/><F4/><W103/><G103/><T41/><D41/><U131/><E131/><V70/><F95/><W92/><G47/><T107/><D107/><U1/><E1/><V56/><F87/><W19/><G36/><T123/><D123/><U113/><E113/><V16/><REACH who="2" step="1"/><F59/><REACH who="2" ten="250,250,240,250" step="2"/><W89/><G2/><T31/><D75/><U26/><E84/><V98/><F98/><W15/><G100/><T48/><D73/><U72/><E72/><V93/><F93/><W112/><G112/><T54/><D115/><U120/><E120/><V76/><F76/><W55/><G92/><T13/><D78/><U49/><E3/><V101/><F101/><W32/><G89/><T132/><D90/><U33/><E88/><V133/><F133/><W126/><G126/><T80/><D132/><U50/><E85/><V83/><F83/><W35/><G35/><T94/><D114/><U99/><E81/><RYUUKYOKU ba="0,1" sc="250,-15,250,-15,240,15,250,15" hai2="7,8,14,16,21,27,52,56,63,66,68,70,71" hai3="11,15,19,24,29,32,42,46,51,55,61,77,79" /><INIT seed="1,1,1,4,5,96" ten="235,235,255,265" oya="1" hai0="10,22,18,50,57,6,9,39,54,127,90,80,27" hai1="48,45,51,35,86,33,117,53,130,103,1,5,100" hai2="76,128,28,17,3,120,16,126,38,121,43,123,79" hai3="24,105,30,52,92,8,75,124,62,60,64,36,25"/><U114/><E114/><V26/><F3/><W23/><G105/><T94/><D39/><U133/><E117/><V113/><F113/><W2/><G124/><T134/><D127/><U19/><E130/><V116/><F116/><W122/><G122/><T41/><D134/><U82/><E133/><V85/><F126/><W0/><G75/><T29/><D41/><U70/><E70/><V65/><F65/><W68/><G36/><T66/><D66/><U108/><E108/><V97/><F128/><W102/><G8/><T131/><D131/><U7/><E19/><V46/><F97/><W21/><G92/><T67/><D67/><U4/><E1/><V44/><F44/><W83/><G83/><T69/><D69/><U84/><E51/><V15/><F85/><W118/><G102/><T107/><D107/><U32/><REACH who="1" step="1"/><E84/><REACH who="1" ten="235,225,255,265" step="2"/><V111/><F17/><W132/><G132/><T115/><D18/><U74/><E74/><V49/><F111/><W61/><G118/><T87/><D115/><U110/><E110/><V129/><F129/><W119/><G119/><T81/><D9/><U93/><E93/><V104/><F38/><W55/><G0/><AGARI ba="1,2" hai="0,6,10,22,27,29,50,54,57,80,81,87,90,94" machi="0" ten="30,1000,0" yaku="7,1" doraHai="96" who="0" fromWho="3" sc="235,33,225,0,255,0,265,-13" /><INIT seed="2,0,0,5,5,30" ten="268,225,255,252" oya="2" hai0="19,1,11,113,28,16,127,21,22,46,82,104,49" hai1="42,109,27,33,69,74,76,5,14,8,24,44,17" hai2="125,98,91,77,63,45,128,99,122,75,132,32,36" hai3="121,23,43,95,59,105,60,78,103,70,123,39,0"/><V68/><F122/><W107/><G0/><T31/><D104/><U100/><E69/><V3/><F3/><W26/><G78/><T90/><D127/><U53/><E109/><V72/><F125/><W29/><G70/><T97/><D113/><U41/><E100/><V15/><F128/><W110/><G110/><T12/><D1/><U57/><E74/><V38/><F132/><W40/><G107/><T79/><D79/><U47/><E76/><V87/><F32/><W114/><G105/><T93/><D82/><U96/><E96/><V116/><F116/><W48/><G39/><T80/><D80/><U94/><E94/><V4/><F38/><W134/><G134/><T124/><D124/><U52/><E33/><V55/><F36/><W88/><G114/><T65/><D65/><U85/><E85/><V58/><F68/><W18/><G103/><T131/><D131/><U84/><E84/><V7/><F75/><W37/><G37/><T126/><D126/><U62/><E5/><N who="2" m="2123" /><F72/><W108/><G108/><T118/><D118/><U51/><REACH who="1" step="1"/><E47/><REACH who="1" ten="268,215,255,252" step="2"/><V92/><F77/><W112/><G112/><T25/><REACH who="0" step="1"/><D22/><REACH who="0" ten="258,215,255,252" step="2"/><U133/><E133/><V50/><F15/><W135/><G23/><T56/><D56/><U120/><E120/><V13/><F13/><W61/><G123/><T119/><D119/><U35/><E35/><V106/><F106/><W10/><G121/><T130/><D130/><U9/><E9/><V111/><F111/><W129/><G10/><T67/><D67/><AGARI ba="0,2" hai="45,50,55,58,63,67,87,91,92,98,99" m="2123" machi="67" ten="30,1500,0" yaku="8,1" doraHai="30" who="2" fromWho="0" sc="258,-15,215,0,255,35,252,0" /><INIT seed="2,1,0,4,5,118" ten="243,215,290,252" oya="2" hai0="61,101,87,27,37,38,28,6,130,51,120,8,115" hai1="40,59,77,0,129,21,113,76,23,34,19,63,78" hai2="131,134,107,7,25,69,54,24,133,96,109,29,75" hai3="56,33,68,52,16,3,79,18,22,48,67,10,47"/><V92/><F131/><W103/><G33/><T128/><D115/><U104/><E34/><V41/><F107/><W90/><G68/><T84/><D101/><U43/><E113/><V5/><F75/><W85/><G103/><T132/><D51/><U82/><E129/><N who="0" m="49769" /><D61/><U119/><E119/><V53/><F69/><W110/><G110/><T94/><D132/><N who="2" m="50794" /><F41/><W125/><G125/><T4/><D120/><U86/><E104/><V64/><F64/><W2/><G79/><T127/><D127/><U57/><E0/><V93/><F109/><W105/><G105/><T58/><D58/><U88/><E57/><V124/><F124/><W74/><G74/><T13/><D4/><N who="2" m="1610" /><F92/><W45/><G67/><T95/><D95/><U36/><E36/><N who="0" m="13929" /><D94/><U17/><E43/><V15/><F15/><N who="3" m="7287" /><G2/><T32/><AGARI ba="1,0" hai="6,8,13,27,28,32,84,87" m="13929,49769" machi="32" ten="30,1100,0" yaku="19,1" doraHai="118" who="0" fromWho="0" sc="243,14,215,-4,290,-6,252,-4" /><INIT seed="3,0,0,3,1,122" ten="257,211,284,248" oya="3" hai0="7,115,124,29,48,118,116,43,60,22,25,96,12" hai1="78,84,56,30,102,74,40,14,42,87,134,100,103" hai2="23,83,117,31,46,131,21,113,76,53,38,55,68" hai3="39,88,106,120,112,52,66,16,61,67,132,114,13"/><W5/><G120/><T82/><D124/><U35/><E74/><V17/><F113/><W3/><G106/><T1/><D1/><U77/><E134/><V24/><F117/><W127/><G39/><T104/><D115/><U79/><E35/><V90/><F68/><W27/><G127/><T41/><D60/><U19/><E30/><V58/><F90/><W0/><G132/><T99/><D82/><U128/><E56/><V62/><F131/><W121/><G121/><T37/><D37/><U69/><E69/><V93/><F93/><W2/><G5/><T75/><D75/><U59/><E59/><V54/><F46/><W57/><G27/><T95/><D104/><U10/><REACH who="1" step="1"/><E128/><REACH who="1" ten="257,201,284,248" step="2"/><V135/><F135/><W98/><G114/><T91/><D116/><U20/><E20/><V86/><F38/><W85/><G112/><T129/><D129/><U125/><E125/><V89/><F76/><W44/><G44/><T94/><D118/><U123/><E123/><V109/><F109/><W101/><G67/><T50/><D43/><AGARI ba="0,1" hai="10,14,19,40,42,43,77,78,79,84,87,100,102,103" machi="43" ten="40,2600,0" yaku="1,1,8,1,53,0" doraHai="122" doraHaiUra="105" who="1" fromWho="0" sc="257,-26,201,36,284,0,248,0" /><INIT seed="4,0,0,2,4,50" ten="231,237,284,248" oya="0" hai0="53,49,74,104,44,22,111,1,3,33,17,48,122" hai1="131,84,94,71,40,20,105,12,113,132,0,16,82" hai2="34,31,66,15,68,26,91,128,100,52,45,127,85" hai3="120,81,13,55,46,99,86,72,83,36,65,69,115"/><T25/><D122/><U80/><E105/><V92/><F127/><W43/><G115/><T11/><D104/><U135/><E71/><V126/><F126/><W87/><G120/><T24/><D74/><U102/><E0/><V56/><F128/><W47/><G72/><T130/><D130/><U121/><E131/><V110/><F110/><W107/><G13/><T63/><D111/><U108/><E108/><V79/><F45/><W114/><G114/><T124/><D124/><U95/><E121/><V19/><F100/><W96/><G107/><T51/><D1/><U129/><E129/><V117/><F79/><W134/><G134/><N who="1" m="51242" /><E113/><V116/><F66/><W32/><G32/><T112/><D112/><U88/><E40/><V98/><F68/><W89/><G65/><T7/><REACH who="0" step="1"/><D63/><REACH who="0" ten="221,237,284,248" step="2"/><U38/><E38/><V14/><F117/><W42/><G36/><T27/><D27/><U57/><E57/><V60/><F116/><W103/><G69/><T54/><D54/><U2/><E2/><V61/><F61/><W109/><G109/><T9/><D9/><U37/><E37/><V41/><F41/><W23/><G55/><T10/><D10/><U93/><E102/><V21/><F14/><W64/><G103/><T4/><D4/><U30/><E30/><AGARI ba="0,1" hai="3,7,11,17,22,24,25,30,33,44,48,49,51,53" machi="30" ten="40,3900,0" yaku="1,1,52,1,53,0" doraHai="50" doraHaiUra="78" who="0" fromWho="1" sc="221,49,237,-39,284,0,248,0" /><INIT seed="4,1,0,0,4,12" ten="270,198,284,248" oya="0" hai0="96,81,120,117,46,68,51,73,49,38,35,90,8" hai1="0,66,97,91,130,60,69,11,19,115,125,99,127" hai2="56,54,76,123,43,15,74,57,21,34,82,93,80" hai3="62,67,105,5,30,110,25,47,13,10,121,104,4"/><T85/><D117/><U95/><E130/><V113/><F123/><W39/><G110/><T135/><D35/><U131/><E131/><V50/><F34/><W106/><G121/><T24/><D120/><U44/><E115/><V29/><F113/><W132/><G132/><T33/><D135/><U92/><E44/><V129/><F129/><W64/><G4/><T124/><D68/><U18/><E0/><V78/><F93/><W94/><G94/><T1/><D73/><U108/><E108/><V55/><F43/><W26/><G30/><T45/><D124/><N who="1" m="47691" /><E11/><V84/><F29/><W42/><REACH who="3" step="1"/><G67/><REACH who="3" ten="270,198,284,238" step="2"/><T59/><D38/><U28/><E28/><V61/><F80/><W48/><G48/><T71/><D51/><U3/><E3/><V6/><F50/><W114/><G114/><T77/><D49/><U31/><E31/><V88/><F82/><W126/><G126/><T134/><D81/><U103/><AGARI ba="1,1" hai="18,19,60,66,69,91,92,95,97,99,103" m="47691" machi="103" ten="30,4000,0" yaku="18,1,52,2" doraHai="12" who="1" fromWho="1" sc="270,-21,198,53,284,-11,238,-11" /><INIT seed="5,0,0,2,1,108" ten="249,251,273,227" oya="1" hai0="63,120,122,109,58,61,26,73,0,78,112,93,65" hai1="23,54,5,31,127,107,87,18,79,46,22,17,36" hai2="95,30,51,14,45,97,105,94,119,80,82,59,52" hai3="88,86,64,92,32,6,118,129,29,62,44,11,85"/><U96/><E127/><V98/><F119/><W102/><G129/><T123/><D109/><U115/><E115/><V121/><F105/><W101/><G118/><T116/><D116/><U4/><E31/><V19/><F30/><W2/><G85/><T33/><D0/><U3/><E3/><V134/><F134/><W1/><G1/><T55/><D112/><U47/><E107/><V24/><F24/><W128/><G128/><T84/><D73/><U103/><E36/><V89/><F45/><W114/><G114/><T135/><D135/><U27/><E79/><V113/><F121/><W9/><G9/><T68/><D26/><U37/><E37/><V74/><F74/><W43/><G29/><T50/><D33/><U100/><E87/><V117/><F117/><W8/><G8/><T7/><D7/><U76/><E76/><V39/><F39/><W16/><G16/><T40/><D93/><U99/><E27/><V53/><F53/><AGARI ba="0,0" hai="4,5,17,18,22,23,46,47,53,54,96,99,100,103" machi="53" ten="25,4800,0" yaku="22,2,8,1" doraHai="108" who="1" fromWho="2" sc="249,0,251,48,273,-48,227,0" /><INIT seed="5,1,0,0,0,25" ten="249,299,225,227" oya="1" hai0="34,118,48,13,52,89,109,114,29,94,42,97,96" hai1="92,91,15,84,117,108,131,56,59,19,65,76,67" hai2="87,81,124,98,4,43,2,95,134,38,45,57,116" hai3="72,104,85,18,24,62,20,58,111,31,3,115,5"/><U75/><E117/><V1/><F116/><W112/><G111/><T88/><D114/><N who="3" m="43561" /><G72/><T6/><D118/><U120/><E120/><V26/><F124/><W135/><G104/><T79/><D109/><U54/><E131/><V90/><F134/><W129/><G129/><T35/><D79/><U55/><E75/><V100/><F4/><W46/><G135/><T122/><D122/><U128/><E108/><V102/><F102/><W103/><G103/><T51/><D42/><U130/><E76/><V49/><F38/><W123/><G123/><T22/><D34/><U36/><E36/><V30/><REACH who="2" step="1"/><F57/><REACH who="2" ten="249,299,215,227" step="2"/><W33/><G5/><T50/><D6/><U69/><E128/><V83/><F83/><W99/><G3/><T8/><D50/><N who="1" m="30807" /><E130/><V9/><F9/><W12/><G46/><T78/><D51/><N who="1" m="31231" /><E69/><V0/><F0/><W110/><G110/><T10/><D10/><AGARI ba="1,1" hai="10,15,19,65,67,84,91,92" m="31231,30807" machi="10" ten="30,1500,0" yaku="8,1" doraHai="25" who="1" fromWho="0" sc="249,-18,299,28,215,0,227,0" owari="231,3.1,327,42.7,215,-28.5,227,-17.3" /></mjloggm>