<mjloggm ver="2.3"><GO type="225" lobby="0"/><UN n0="%37%2F%32%E3%81%AB%E7%94%9F%E3%81%BE%E3%82%8C%E3%81%A6" n1="%E3%82%B3%E3%83%90%E3%83%AC%E3%82%A4" n2="%E6%A1%9C%E8%8A%B1%E9%96%83%E3%80%85" n3="%E3%81%8B%E3%82%8F%E3%81%A1%E3%82%83%E3%82%93%35%38" dan="16,16,16,16" rate="2125.88,2138.87,2193.94,2129.84" sx="M,M,M,M"/><TAIKYOKU oya="0"/><INIT seed="0,0,0,0,3,69" ten="250,250,250,250" oya="0" hai0="77,52,43,55,129,114,62,64,88,17,0,26,98" hai1="47,1,95,34,37,28,4,8,32,132,121,87,80" hai2="29,109,130,30,39,48,23,11,101,89,81,102,27" hai3="31,20,94,115,96,14,67,21,100,16,78,83,125"/><T58/><D114/><U45/><E121/><V73/><F109/><W36/><G125/><T12/><D129/><U124/><E124/><V92/><F130/><W22/><G115/><T46/><D0/><U35/><E132/><V61/><F30/><W93/><G67/><T2/><D2/><U99/><E28/><V97/><F39/><W40/><G94/><T71/><D26/><U6/><E6/><V116/><F116/><W106/><G106/><T75/><D77/><U82/><E82/><V60/><F48/><W33/><G33/><T41/><D75/><U18/><E18/><V56/><F11/><W111/><G111/><T119/><D119/><U127/><E127/><V42/><F42/><W50/><G50/><T51/><D43/><U126/><E126/><V85/><F73/><W7/><G7/><T3/><D3/><U72/><E72/><V107/><F60/><W57/><G57/><T19/><D19/><U128/><E128/><V108/><F108/><W49/><G36/><T120/><D120/><U10/><E10/><V103/><REACH who="2" step="1"/><F107/><REACH who="2" ten="250,250,240,250" step="2"/><W74/><REACH who="3" step="1"/><G31/><REACH who="3" ten="250,250,240,240" step="2"/><T66/><D71/><U53/><E37/><V25/><F25/><W110/><G110/><T76/><D41/><U65/><E4/><V133/><F133/><W13/><G13/><T123/><D123/><U134/><E134/><V122/><F122/><W54/><G54/><AGARI ba="0,2" hai="23,27,29,54,56,61,81,85,89,92,97,101,102,103" machi="54" ten="30,7700,0" yaku="1,1,7,1,8,1,53,1" doraHai="69" doraHaiUra="59" who="2" fromWho="3" sc="250,0,250,0,240,97,240,-77" /><INIT seed="1,0,0,0,2,109" ten="250,250,337,163" oya="1" hai0="115,98,30,19,103,86,32,78,94,45,63,15,87" hai1="123,118,52,14,68,107,116,5,1,62,67,125,82" hai2="31,53,81,44,80,135,71,11,6,128,111,104,42" hai3="51,66,24,102,21,119,49,9,34,56,48,99,92"/><U50/><E1/><V13/><F111/><W16/><G119/><T114/><D45/><U28/><E123/><V106/><F128/><W93/><G34/><T112/><D78/><U85/><E107/><V20/><F71/><W57/><G66/><T36/><D36/><U131/><E131/><V60/><F135/><W40/><G40/><T54/><D30/><U4/><E28/><V73/><F104/><W27/><G27/><T124/><D32/><U101/><E101/><V120/><F106/><W59/><G9/><T77/><D124/><U127/><E4/><V113/><F73/><W47/><REACH who="3" step="1"/><G93/><REACH who="3" ten="250,250,337,153" step="2"/><T95/><D94/><U88/><E125/><V7/><F42/><W22/><G22/><T65/><D54/><U41/><E41/><V72/><F20/><W132/><G132/><T122/><D122/><U18/><E127/><V3/><F11/><W84/><G84/><T12/><D12/><U43/><E43/><V105/><F13/><W25/><G25/><T10/><REACH who="0" step="1"/><D77/><REACH who="0" ten="240,250,337,153" step="2"/><U100/><E5/><V8/><F53/><W97/><G97/><T130/><D130/><U0/><E0/><V75/><F7/><W64/><G64/><T37/><D37/><U133/><E133/><V29/><F105/><W2/><G2/><T79/><D79/><U69/><E118/><V35/><F120/><W110/><G110/><T55/><D55/><U23/><E116/><V33/><F35/><W108/><G108/><T46/><D46/><U134/><E134/><V117/><F33/><W58/><N who="3" m="14336" /><DORA hai="76" /><W90/><G90/><T83/><D83/><U126/><E126/><RYUUKYOKU ba="0,2" sc="240,15,250,-15,337,-15,153,15" hai0="10,15,19,63,65,86,87,95,98,103,112,114,115" hai3="16,21,24,47,48,49,51,92,99,102" /><INIT seed="2,1,2,2,4,18" ten="255,235,322,168" oya="2" hai0="26,4,111,6,57,73,99,76,41,30,128,108,64" hai1="40,135,82,5,7,117,122,28,75,61,79,114,47" hai2="59,89,105,83,43,51,27,54,126,92,32,98,119" hai3="81,133,112,21,65,124,25,45,56,97,118,94,120"/><V62/><F119/><W109/><G118/><T66/><D41/><U127/><E117/><V9/><F126/><W123/><G124/><T53/><D99/><U71/><E127/><V134/><F134/><W84/><G133/><T20/><D128/><U50/><E135/><V68/><F105/><W131/><G131/><T34/><D34/><U3/><E114/><V130/><F130/><W110/><G45/><T0/><D76/><U95/><E122/><V86/><F9/><W116/><G116/><T38/><D73/><U90/><E3/><V55/><F68/><W24/><G24/><T15/><D38/><U13/><E28/><V2/><F2/><W121/><G112/><T88/><D15/><U8/><E61/><V74/><F74/><W60/><G84/><T129/><D88/><U29/><E29/><V72/><F72/><W103/><REACH who="3" step="1"/><G81/><REACH who="3" ten="255,235,322,158" step="2"/><T22/><D129/><U87/><E71/><V44/><F27/><W10/><G10/><T1/><D26/><U113/><E113/><V35/><F43/><W104/><G104/><T42/><D42/><U80/><E82/><V17/><F83/><W14/><G14/><T102/><D0/><U46/><E47/><V115/><F115/><W23/><G23/><T96/><D22/><U31/><E31/><AGARI ba="1,3" hai="21,25,31,56,60,65,94,97,103,109,110,120,121,123" machi="31" ten="40,8000,1" yaku="1,1,25,2,52,1,53,0" doraHai="18" doraHaiUra="49" who="3" fromWho="1" sc="255,0,235,-83,322,0,158,113" /><INIT seed="3,0,0,0,3,60" ten="255,152,322,271" oya="3" hai0="14,39,18,102,59,130,111,104,54,47,93,24,44" hai1="68,118,34,116,21,115,108,29,87,72,73,55,8" hai2="36,22,31,98,119,12,42,46,10,25,5,91,89" hai3="61,52,58,94,4,81,126,134,6,57,70,96,74"/><W107/><G134/><T128/><D104/><U82/><E115/><V40/><F119/><W66/><G126/><T13/><D111/><U15/><E68/><V62/><F42/><W131/><G107/><T64/><D24/><U92/><E34/><V37/><F37/><W90/><G131/><N who="0" m="50219" /><D13/><U53/><E108/><V101/><F62/><N who="3" m="36135" /><G74/><T113/><D113/><U19/><E116/><V16/><F5/><N who="3" m="2155" /><G70/><T11/><D39/><U85/><E118/><V100/><F100/><W71/><G71/><T78/><D78/><U86/><E73/><V67/><F67/><N who="3" m="39351" /><G81/><T84/><D64/><AGARI ba="0,0" hai="64,66,90,94,96" m="39351,2155,36135" machi="64" ten="30,12000,1" yaku="8,1,52,3,54,1" doraHai="60" who="3" fromWho="0" sc="255,-120,152,0,322,0,271,120" owari="135,-36.5,152,-24.8,322,12.2,391,49.1" /></mjloggm>