<mjloggm ver="2.3"><GO type="225" lobby="0"/><UN n0="%E3%81%B5%E3%81%98%E3%81%8B%E3%81%A4" n1="%6D%61%6A%69%6B%75%7A%75" n2="%72%61%6B%33" n3="%E3%81%86%E3%81%A9%E3%82%93%E3%81%93" dan="16,17,16,16" rate="2167.23,2237.69,2114.71,2160.62" sx="M,M,M,M"/><TAIKYOKU oya="0"/><INIT seed="0,0,0,1,3,6" ten="250,250,250,250" oya="0" hai0="101,11,109,115,63,53,47,79,123,18,66,49,110" hai1="36,125,57,67,129,2,85,35,24,70,10,30,114" hai2="59,12,48,72,43,112,102,113,106,61,41,81,17" hai3="122,1,126,23,5,118,84,69,64,82,71,34,38"/><T76/><D123/><U95/><E129/><V14/><F106/><W42/><G34/><T124/><D115/><U105/><E114/><V83/><F102/><W77/><G118/><T127/><D101/><U46/><E105/><V121/><F121/><W135/><G122/><T111/><D18/><U22/><E125/><N who="0" m="48201" /><D11/><U37/><E70/><AGARI ba="0,0" hai="47,49,53,63,66,70,76,79,109,110,111" m="48201" machi="70" ten="40,7700,0" yaku="14,1,10,1,18,1" doraHai="6" who="0" fromWho="1" sc="250,77,250,-77,250,0,250,0" /><INIT seed="0,1,0,3,0,73" ten="327,173,250,250" oya="0" hai0="118,96,19,33,130,9,94,1,45,8,14,17,52" hai1="7,47,88,60,39,28,134,71,93,121,30,26,44" hai2="23,22,113,3,51,70,104,54,2,114,135,110,0" hai3="58,41,31,100,76,83,128,56,50,69,66,20,53"/><T11/><D118/><U80/><E121/><V109/><F70/><W75/><G128/><T27/><D130/><U115/><E134/><V78/><F104/><W74/><G100/><T21/><D1/><U42/><E115/><N who="2" m="44043" /><F51/><W116/><G116/><T77/><D77/><U105/><E105/><V117/><F54/><W129/><G129/><T131/><D33/><U99/><E7/><V55/><F55/><W10/><G41/><T24/><D24/><U103/><E44/><V40/><F40/><W29/><G69/><T92/><D131/><U43/><E43/><V25/><F117/><W133/><G10/><N who="0" m="6359" /><D96/><U108/><E108/><N who="2" m="41579" /><F78/><W15/><G133/><T13/><D27/><U67/><E26/><V16/><F135/><W82/><G66/><T61/><D45/><U35/><REACH who="1" step="1"/><E35/><REACH who="1" ten="327,163,250,250" step="2"/><V64/><F64/><W48/><G75/><T12/><D12/><U95/><E95/><V120/><F22/><W123/><G74/><T59/><AGARI ba="1,1" hai="8,9,11,13,19,21,52,59,61,92,94" m="6359" machi="59" ten="30,3000,0" yaku="8,1,54,1" doraHai="73" who="0" fromWho="0" sc="327,43,163,-11,250,-11,250,-11" /><INIT seed="0,2,0,3,1,122" ten="370,152,239,239" oya="0" hai0="0,31,1,4,25,79,84,6,63,18,22,7,93" hai1="14,96,48,60,100,30,29,21,41,23,119,107,105" hai2="72,53,98,47,132,115,77,76,117,80,78,69,19" hai3="116,129,118,114,66,36,33,17,24,15,32,91,3"/><T86/><D63/><U102/><E119/><V44/><F117/><N who="3" m="45163" /><G36/><T46/><D46/><U55/><E41/><V28/><F115/><W37/><G66/><T133/><D79/><U12/><E60/><V11/><F132/><W27/><G91/><T126/><D133/><U110/><E48/><V112/><F112/><W38/><G38/><T52/><D126/><U81/><E81/><V62/><F98/><W123/><G37/><T88/><D86/><U2/><E2/><V10/><F44/><W67/><G67/><T83/><D83/><U111/><E96/><V9/><F69/><W50/><G50/><T94/><D94/><U34/><E34/><N who="3" m="13418" /><G114/><T127/><D127/><U87/><E87/><V45/><F45/><W8/><G129/><T35/><REACH who="0" step="1"/><D52/><AGARI ba="2,0" hai="12,14,21,23,29,30,52,55,100,102,105,107,110,111" machi="52" ten="25,8000,1" yaku="22,2,52,2,54,1" doraHai="122" who="1" fromWho="0" sc="370,-86,152,86,239,0,239,0" /><INIT seed="1,0,0,5,4,93" ten="284,238,239,239" oya="1" hai0="49,20,116,134,66,115,130,36,46,133,50,39,30" hai1="54,24,51,59,101,69,56,112,45,119,92,0,61" hai2="19,10,32,13,77,35,8,44,87,107,12,1,76" hai3="71,60,4,118,108,114,105,14,98,23,100,7,53"/><U5/><E112/><V38/><F107/><W89/><G114/><T22/><D115/><U113/><E113/><V2/><F87/><W91/><G108/><T81/><D116/><U62/><E119/><V40/><F44/><W26/><G118/><T99/><D130/><U80/><E0/><N who="2" m="107" /><F40/><W124/><G124/><T96/><D66/><U120/><E120/><V70/><F70/><W6/><G14/><T41/><D81/><U135/><E135/><N who="0" m="51721" /><D30/><U75/><E5/><N who="2" m="3087" /><F77/><W129/><G129/><T88/><D50/><U63/><E69/><V122/><F76/><W16/><REACH who="3" step="1"/><G53/><REACH who="3" ten="284,238,239,229" step="2"/><T9/><D9/><U111/><E111/><V31/><F122/><W11/><G11/><T68/><D41/><U110/><E110/><V78/><F38/><W127/><G127/><T90/><D39/><U72/><E24/><N who="2" m="18535" /><F78/><W15/><G15/><T37/><D36/><U128/><E128/><V94/><F94/><W103/><G103/><T82/><D37/><U18/><E101/><V132/><F132/><W123/><G123/><T97/><D82/><U67/><E80/><V85/><F85/><W27/><G27/><T73/><D73/><U55/><E92/><V74/><F74/><W121/><G121/><T17/><D68/><N who="1" m="42095" /><E75/><V47/><F10/><W79/><G79/><T57/><D90/><U42/><E72/><V48/><F13/><W25/><G25/><N who="0" m="14479" /><D88/><U29/><E29/><V28/><F28/><W58/><G58/><N who="1" m="22058" /><E18/><V102/><F19/><W84/><G84/><T83/><D57/><U21/><E21/><V33/><F102/><W126/><G126/><T52/><D22/><RYUUKYOKU ba="0,1" sc="284,0,238,0,239,0,229,0" hai0="46,49,52,83,96,97,99" hai1="42,45,51,54,55,62,63" hai2="33,35,47,48" hai3="4,6,7,16,23,26,60,71,89,91,98,100,105" /><INIT seed="1,1,1,1,2,1" ten="284,238,239,229" oya="1" hai0="76,49,20,98,131,26,96,95,103,55,111,33,82" hai1="47,93,32,10,73,122,43,117,123,71,120,101,41" hai2="130,60,79,106,132,114,9,83,108,88,53,40,29" hai3="36,133,134,44,92,27,18,50,115,54,12,129,11"/><U52/><E117/><V121/><F121/><W14/><G115/><T67/><D33/><U3/><E73/><V74/><F114/><W38/><G129/><T35/><D35/><U87/><E32/><V24/><F130/><W59/><G92/><T110/><D131/><U21/><E71/><V15/><F108/><N who="0" m="41514" /><D67/><U128/><E128/><V5/><F132/><N who="3" m="50795" /><G27/><T68/><D68/><U127/><E127/><V31/><F106/><W77/><G77/><T2/><D2/><U66/><E66/><V39/><F24/><W62/><G14/><T109/><D109/><U37/><E21/><V58/><REACH who="2" step="1"/><F88/><REACH who="2" ten="284,238,229,229" step="2"/><W6/><G18/><N who="0" m="12567" /><D95/><U16/><E101/><V13/><F13/><W19/><G19/><T100/><D103/><U69/><E93/><V78/><F78/><W113/><G113/><T105/><D100/><U28/><E28/><V80/><F80/><W23/><G23/><T61/><D105/><U64/><E3/><V7/><F7/><W30/><G30/><T8/><D8/><U118/><E10/><V42/><F42/><AGARI ba="1,2" hai="6,11,12,36,38,42,44,50,54,59,62" m="50795" machi="42" ten="30,2000,0" yaku="20,1,52,1" doraHai="1" who="3" fromWho="2" sc="284,0,238,0,229,-23,229,43" /><INIT seed="2,0,0,3,5,55" ten="284,238,206,272" oya="2" hai0="39,2,8,124,34,116,63,84,106,59,102,28,54" hai1="71,27,41,65,33,3,58,75,95,7,1,112,97" hai2="93,111,131,90,19,76,15,0,109,92,16,83,130" hai3="132,77,133,103,108,56,51,6,85,67,64,48,42"/><V14/><F0/><W52/><G108/><N who="2" m="41545" /><F14/><W127/><G127/><T31/><D124/><U57/><E75/><N who="2" m="43423" /><F19/><W104/><G6/><T117/><D34/><U80/><E112/><V114/><F114/><W47/><G77/><T81/><D102/><U135/><E135/><N who="3" m="51786" /><G85/><T4/><D106/><U24/><E41/><V89/><F92/><W79/><G79/><N who="0" m="46143" /><D39/><U26/><E1/><V118/><F118/><AGARI ba="0,0" hai="2,4,8,28,31,54,59,63,116,117,118" m="46143" machi="118" ten="30,2000,0" yaku="12,1,52,1" doraHai="55" who="0" fromWho="2" sc="284,20,238,0,206,-20,272,0" /><INIT seed="3,0,0,4,3,123" ten="304,238,186,272" oya="3" hai0="78,31,111,125,16,17,130,47,129,9,0,8,79" hai1="34,28,134,99,57,25,59,11,65,74,66,38,88" hai2="73,62,91,104,116,26,30,94,51,53,80,121,102" hai3="21,32,85,12,54,114,46,68,33,49,55,98,22"/><W43/><G114/><T119/><D111/><U42/><E74/><V37/><F121/><W61/><G98/><T86/><D119/><U29/><E134/><V56/><F116/><W71/><G33/><T109/><D109/><U18/><E29/><V106/><F37/><W103/><G103/><T108/><D108/><U83/><E38/><V24/><F24/><W67/><G32/><T113/><D125/><U14/><E42/><V132/><F132/><W70/><G85/><T77/><D31/><U72/><E72/><V35/><F102/><W124/><G124/><T97/><D97/><U7/><E59/><V6/><F6/><W3/><G3/><T100/><D100/><U87/><E57/><V118/><F118/><W101/><G101/><T13/><D47/><U110/><E110/><V90/><F62/><W1/><G1/><T84/><D113/><U82/><E82/><V96/><REACH who="2" step="1"/><F91/><REACH who="2" ten="304,238,176,272" step="2"/><W105/><G61/><T93/><D130/><U133/><E133/><V36/><F36/><W69/><G105/><T23/><D129/><U122/><E122/><V95/><F95/><W135/><G135/><T115/><D93/><U128/><E128/><V58/><F58/><W10/><G69/><T126/><D115/><U20/><REACH who="1" step="1"/><E99/><REACH who="1" ten="304,228,176,272" step="2"/><V27/><F27/><AGARI ba="0,2" hai="7,11,14,18,20,25,27,28,34,65,66,83,87,88" machi="27" ten="30,7700,0" yaku="1,1,2,1,7,1,54,1,53,0" doraHai="123" doraHaiUra="117" who="1" fromWho="2" sc="304,0,228,97,176,-77,272,0" owari="304,10.4,325,42.5,99,-40.1,272,-12.8" /></mjloggm>