<mjloggm ver="2.3"><GO type="225" lobby="0"/><UN n0="%E3%81%AF%E3%82%88%E3%81%8A%E3%81%98%E3%81%95%E3%82%93" n1="%E3%83%B4%E3%83%A0%EF%BC%99%E3%81%A6" n2="%74%61%6B%75%61%6B%61" n3="%33%74%72%65%65" dan="16,16,17,17" rate="2089.70,2161.14,2221.41,2249.48" sx="M,M,M,F"/><TAIKYOKU oya="0"/><INIT seed="0,0,0,0,0,55" ten="250,250,250,250" oya="0" hai0="11,89,94,87,28,98,60,51,106,78,45,36,115" hai1="70,20,105,52,75,39,50,80,76,29,42,110,92" hai2="116,19,128,133,108,56,13,113,33,54,38,79,23" hai3="65,72,63,8,109,90,48,25,1,126,37,84,135"/><T17/><D115/><U0/><E105/><V119/><F113/><W125/><G37/><T26/><D36/><U67/><E0/><V31/><F108/><W86/><G72/><T95/><D106/><U71/><E110/><V22/><F128/><W53/><G109/><T9/><D60/><U96/><E42/><V40/><F33/><W21/><G135/><T111/><D111/><U85/><E39/><V122/><F122/><W59/><G1/><T120/><D120/><U127/><E127/><N who="3" m="48650" /><G8/><T83/><D95/><U27/><E67/><V15/><F79/><W47/><G90/><T43/><REACH who="0" step="1"/><D17/><AGARI ba="0,0" hai="17,21,25,47,48,53,59,63,65,84,86" m="48650" machi="17" ten="30,2000,0" yaku="18,1,52,1" doraHai="55" who="3" fromWho="0" sc="250,-20,250,0,250,0,250,20" /><INIT seed="1,0,0,4,0,14" ten="230,250,250,270" oya="1" hai0="109,88,125,54,45,55,99,6,74,85,16,31,132" hai1="41,126,34,35,116,8,92,28,95,101,59,44,9" hai2="129,76,97,73,111,84,70,4,94,115,27,10,121" hai3="110,21,96,5,100,122,118,72,11,98,79,12,89"/><U48/><E116/><V71/><F121/><W2/><G122/><T60/><D74/><U39/><E126/><V20/><F73/><W104/><G110/><T66/><D109/><U24/><E34/><V42/><F111/><W40/><G118/><T107/><D125/><U128/><E128/><V77/><F129/><W15/><G40/><T87/><D132/><U67/><E101/><V103/><F42/><W82/><G98/><T30/><D6/><U32/><E32/><V135/><F135/><W53/><G89/><T0/><D0/><U46/><E46/><V19/><F115/><W62/><G53/><T81/><D85/><U69/><E8/><V26/><F26/><W56/><G56/><N who="0" m="37127" /><D99/><U61/><E39/><V29/><F29/><N who="0" m="10762" /><D107/><U7/><REACH who="1" step="1"/><E69/><REACH who="1" ten="230,240,250,270" step="2"/><V106/><F70/><W108/><G108/><T43/><D45/><U130/><E130/><V25/><F71/><W63/><G100/><T50/><D43/><U131/><E131/><V113/><F113/><W1/><G11/><T58/><D58/><U3/><AGARI ba="0,1" hai="3,7,9,24,28,35,41,44,48,59,61,67,92,95" machi="3" ten="20,3900,0" yaku="1,1,0,1,7,1,53,0" doraHai="14" doraHaiUra="64" who="1" fromWho="1" sc="230,-13,240,49,250,-13,270,-13" /><INIT seed="1,1,0,3,2,113" ten="217,289,237,257" oya="1" hai0="115,105,38,39,118,32,111,106,47,127,65,79,11" hai1="72,16,116,3,132,35,102,24,101,131,0,70,121" hai2="89,80,125,124,19,99,96,64,90,85,104,52,98" hai3="53,1,59,87,5,15,117,31,42,14,37,109,119"/><U95/><E121/><V21/><F64/><W77/><G109/><T129/><D11/><U26/><E72/><V50/><F104/><W134/><G134/><T88/><D47/><U25/><E132/><V30/><F30/><W57/><G31/><T34/><D65/><U13/><E35/><V86/><F86/><W74/><G87/><T66/><D66/><U55/><E70/><V23/><F90/><W61/><G57/><T114/><D88/><U110/><E110/><V6/><F6/><W97/><G97/><T12/><D111/><U17/><E131/><V100/><F100/><W48/><G61/><T71/><D12/><U33/><E33/><N who="0" m="12905" /><D79/><U123/><E26/><V29/><F29/><W62/><G62/><T8/><D8/><U56/><E13/><V75/><F75/><W122/><G122/><T54/><D54/><U93/><E55/><V60/><F60/><W92/><G14/><T7/><D7/><U10/><E123/><V81/><F81/><N who="3" m="45239" /><G15/><T46/><D46/><U84/><E84/><V43/><F43/><W2/><G92/><T108/><D108/><U135/><E135/><V107/><F107/><N who="0" m="40970" /><D129/><U76/><E76/><V112/><F19/><W94/><G94/><T51/><D51/><U91/><E91/><V28/><F28/><W126/><G5/><T27/><D27/><U22/><E10/><V82/><F82/><W103/><G48/><T67/><D127/><N who="2" m="48714" /><F112/><N who="0" m="43050" /><D118/><N who="3" m="45065" /><G126/><T63/><AGARI ba="1,0" hai="38,39,63,67,71" m="43050,40970,12905" machi="63" ten="40,1500,0" yaku="23,1" doraHai="113" who="0" fromWho="0" sc="217,18,289,-8,237,-5,257,-5" /><INIT seed="2,0,0,3,5,52" ten="235,281,232,252" oya="2" hai0="47,116,32,133,57,87,2,30,124,99,21,75,126" hai1="37,73,130,17,106,41,7,131,132,98,109,34,26" hai2="49,70,14,59,121,51,114,115,79,0,119,25,104" hai3="77,20,24,135,120,35,40,83,65,62,11,56,111"/><V31/><F0/><W19/><G120/><T58/><D75/><U105/><E109/><V81/><F70/><W16/><G111/><T22/><D2/><U103/><E132/><V112/><F121/><W118/><G118/><T46/><D32/><U60/><E73/><V100/><F119/><W128/><G128/><T3/><D116/><U78/><E78/><V29/><F14/><N who="3" m="7647" /><G35/><T110/><D3/><U18/><E7/><V69/><F69/><W54/><G135/><T117/><D117/><U45/><E60/><V86/><F31/><W43/><G65/><T6/><D6/><U67/><E67/><V134/><F134/><W33/><G33/><T8/><D8/><U66/><E66/><V38/><F38/><W80/><G77/><T1/><D1/><U82/><E105/><V27/><F29/><W88/><G80/><T50/><D110/><U9/><E82/><V74/><F74/><W96/><G83/><T89/><D133/><U64/><E64/><V93/><F104/><W108/><G108/><T42/><D30/><N who="1" m="19799" /><E9/><V129/><F129/><AGARI ba="0,0" hai="17,18,37,41,45,98,103,106,129,130,131" m="19799" machi="129" ten="30,1000,0" yaku="19,1" doraHai="52" who="1" fromWho="2" sc="235,0,281,10,232,-10,252,0" /><INIT seed="3,0,0,3,4,11" ten="235,291,222,252" oya="3" hai0="55,38,131,133,122,64,62,78,83,17,69,135,124" hai1="87,66,42,37,54,63,10,57,1,6,88,58,65" hai2="35,91,39,103,134,8,53,33,100,126,115,86,89" hai3="111,82,132,76,114,48,96,125,5,99,44,41,113"/><W97/><G132/><N who="0" m="50763" /><D122/><U109/><E109/><V123/><F39/><W31/><G125/><T23/><D38/><U21/><E21/><V2/><F134/><W27/><G111/><T71/><D55/><U106/><E106/><V22/><F115/><W92/><G5/><T43/><D43/><U90/><E90/><V7/><F123/><W4/><G4/><T3/><D3/><U72/><E72/><V116/><F116/><W112/><G92/><T95/><D95/><U85/><E85/><V0/><F0/><W46/><G46/><T117/><D131/><U51/><E37/><V24/><F126/><W19/><G19/><T36/><D36/><U18/><E18/><V52/><F103/><W59/><G114/><T47/><D47/><U98/><E98/><V73/><F100/><W127/><G127/><T14/><D124/><U84/><E84/><V67/><F73/><W102/><G102/><T81/><D117/><U30/><E30/><V56/><F67/><W13/><G112/><T70/><D78/><U121/><E121/><V50/><F53/><W105/><G105/><T94/><D94/><U75/><E75/><V74/><F74/><W128/><G128/><T28/><D28/><U120/><E120/><V110/><F110/><W108/><G108/><T9/><D23/><U79/><E79/><V80/><F91/><W34/><G113/><T118/><D118/><U68/><E42/><V45/><F45/><W25/><G31/><AGARI ba="0,0" hai="2,7,8,22,24,31,33,35,50,52,56,80,86,89" machi="31" ten="30,2000,0" yaku="7,1,54,1" doraHai="11" who="2" fromWho="3" sc="235,0,291,0,222,20,252,-20" /><INIT seed="4,0,0,2,3,37" ten="235,291,242,232" oya="0" hai0="84,36,10,104,77,115,72,16,82,38,43,71,118" hai1="54,112,63,96,60,87,6,24,67,133,32,35,100" hai2="0,98,135,48,9,20,31,22,89,58,113,41,92" hai3="23,103,99,116,57,7,80,88,108,65,15,79,12"/><T107/><D118/><U119/><E119/><V66/><F113/><W91/><G116/><T56/><D71/><U2/><E112/><V124/><F124/><W86/><G108/><T129/><D115/><U122/><E122/><V68/><F135/><W130/><G130/><T5/><D129/><U105/><E133/><V45/><F68/><W94/><G7/><T19/><D38/><U50/><E2/><V29/><F0/><W114/><G114/><T74/><D74/><U90/><E6/><V30/><REACH who="2" step="1"/><F9/><REACH who="2" ten="235,291,232,232" step="2"/><W81/><G23/><T40/><D10/><U69/><E69/><V34/><F34/><W3/><G3/><T47/><D5/><U25/><E32/><V46/><F46/><W106/><G106/><T39/><D56/><U27/><E35/><V28/><N who="2" m="7168" /><DORA hai="123" /><V42/><F42/><W52/><G65/><T4/><D4/><U128/><E67/><V134/><F134/><W131/><G131/><T53/><D53/><U132/><E132/><V11/><F11/><W64/><G64/><T44/><D72/><U93/><REACH who="1" step="1"/><E128/><REACH who="1" ten="235,281,232,232" step="2"/><V117/><F117/><W18/><G18/><AGARI ba="0,2" hai="16,18,19,36,39,40,43,44,47,77,82,84,104,107" machi="18" ten="40,12000,1" yaku="9,1,52,2,54,1" doraHai="37,123" who="0" fromWho="3" sc="235,140,281,0,232,0,232,-120" owari="375,47.5,281,8.1,232,-16.8,112,-38.8" /></mjloggm>