<mjloggm ver="2.3"><GO type="225" lobby="0"/><UN n0="%E8%90%BD%E6%97%A5" n1="%72%69%6F%75%63%68%61%6E" n2="%E3%81%8B%E3%81%9F%32%36%E3%82%8A" n3="%E3%81%A4%E3%81%A3%E3%81%B1%E3%82%8A%E3%83%9D%E3%83%BC%E3%83%AB" dan="16,16,16,17" rate="2212.19,2170.21,2094.89,2196.91" sx="F,M,M,M"/><TAIKYOKU oya="0"/><INIT seed="0,0,0,3,0,17" ten="250,250,250,250" oya="0" hai0="133,78,103,93,125,36,71,37,42,82,75,38,67" hai1="34,122,47,108,107,68,53,66,86,90,92,12,113" hai2="88,94,83,55,85,40,25,1,30,26,60,48,96" hai3="27,106,109,120,117,32,114,73,126,2,11,91,7"/><T39/><D125/><U64/><E122/><V104/><F1/><W51/><RYUUKYOKU type="yao9" ba="0,0" sc="250,0,250,0,250,0,250,0" hai3="2,7,11,27,32,51,73,91,106,109,114,117,120,126" /><INIT seed="0,1,0,4,4,100" ten="250,250,250,250" oya="0" hai0="48,111,37,118,28,73,33,128,121,22,97,32,59" hai1="93,101,43,105,81,78,65,57,24,127,103,75,71" hai2="132,30,47,126,35,117,15,125,106,84,36,53,113" hai3="16,109,18,67,133,0,76,4,107,29,42,5,19"/><T90/><D118/><U61/><E127/><N who="2" m="48651" /><F117/><W134/><G76/><T104/><D37/><U3/><E3/><V40/><F113/><W39/><G67/><T41/><D121/><U102/><E43/><V50/><F132/><N who="3" m="50795" /><G109/><T108/><D73/><U89/><E24/><N who="2" m="18887" /><F15/><W94/><G107/><T46/><D59/><U82/><E82/><V114/><F114/><W63/><G63/><T96/><D96/><U130/><E130/><V55/><F106/><W6/><G29/><T23/><D128/><U11/><E11/><V62/><F84/><W88/><G0/><T129/><D129/><U131/><E131/><V69/><F36/><W66/><G66/><AGARI ba="1,0" hai="40,47,50,53,55,62,66,69" m="18887,48651" machi="66" ten="30,1000,0" yaku="18,1" doraHai="100" who="2" fromWho="3" sc="250,0,250,0,250,13,250,-13" /><INIT seed="1,0,0,2,2,67" ten="250,250,263,237" oya="1" hai0="36,132,120,115,129,7,110,43,86,17,71,19,73" hai1="83,121,123,30,76,27,94,101,84,10,81,39,15" hai2="127,34,50,61,42,44,133,130,40,82,51,126,28" hai3="3,77,58,48,13,65,105,63,113,75,64,128,78"/><U88/><E39/><V18/><F130/><W118/><G113/><T23/><D115/><U95/><E101/><V16/><F133/><W57/><G3/><T85/><D73/><U124/><E124/><N who="2" m="47659" /><F82/><W29/><G128/><T66/><D129/><U96/><E81/><V22/><F34/><W112/><G112/><T2/><D110/><U91/><E27/><N who="2" m="16503" /><F61/><N who="3" m="37935" /><G105/><T93/><D93/><U55/><E55/><V14/><F14/><W68/><G75/><T5/><D2/><U59/><E59/><V114/><F114/><W80/><G68/><T1/><D71/><U26/><E10/><V69/><F69/><W100/><G118/><T99/><D1/><U72/><REACH who="1" step="1"/><E15/><REACH who="1" ten="250,240,263,237" step="2"/><V122/><F122/><W60/><G13/><T79/><D120/><U12/><E12/><V98/><F98/><W92/><G80/><T46/><D99/><U106/><E106/><V33/><F33/><AGARI ba="0,1" hai="26,30,33,72,76,83,84,88,91,94,95,96,121,123" machi="33" ten="30,12000,1" yaku="1,1,7,1,54,1,53,2" doraHai="67" doraHaiUra="116" who="1" fromWho="2" sc="250,0,240,130,263,-120,237,0" /><INIT seed="1,1,0,4,4,59" ten="250,370,143,237" oya="1" hai0="45,113,105,21,41,75,135,17,8,123,95,44,67" hai1="72,94,5,56,26,88,2,85,16,121,18,54,29" hai2="49,116,14,112,12,39,90,106,132,118,74,43,42" hai3="126,92,93,117,125,35,73,25,62,71,7,51,11"/><U0/><E121/><V100/><F74/><W57/><G73/><T37/><D105/><U131/><E72/><V53/><F132/><W1/><G117/><T13/><D113/><U65/><E65/><V108/><F108/><W122/><G122/><T103/><D135/><U82/><E131/><V104/><F100/><W120/><G120/><T48/><D123/><U134/><E134/><V79/><F49/><W115/><G51/><T107/><D107/><U124/><E124/><N who="3" m="47722" /><G71/><T81/><D67/><U3/><E5/><V63/><F53/><N who="3" m="34095" /><G115/><T27/><D103/><U76/><E76/><V9/><F79/><W114/><G114/><T15/><D95/><U99/><E99/><V19/><F112/><W61/><G61/><T64/><D64/><U119/><E94/><V4/><F63/><W127/><N who="3" m="47730" /><W69/><DORA hai="40" /><G69/><T68/><D68/><U6/><E119/><V66/><F66/><W50/><G50/><T87/><D75/><U97/><E97/><V36/><F90/><W28/><AGARI ba="1,0" hai="1,7,11,25,28,35,92,93" m="34095,47730" machi="28" ten="40,2700,0" yaku="18,1,52,1" doraHai="59,40" who="3" fromWho="3" sc="250,-8,370,-14,143,-8,237,30" /><INIT seed="2,0,0,4,0,28" ten="242,356,135,267" oya="2" hai0="84,82,81,106,25,8,7,40,121,70,120,17,69" hai1="90,98,95,109,115,112,10,14,38,66,85,44,79" hai2="80,114,92,77,97,87,113,99,35,68,65,60,101" hai3="11,0,73,123,29,91,88,55,124,126,130,61,12"/><V132/><F132/><W89/><G123/><T1/><D106/><U102/><E109/><V64/><F35/><W135/><G135/><T104/><D104/><U105/><E66/><V27/><F27/><W110/><G110/><T57/><D82/><U133/><E133/><V107/><REACH who="2" step="1"/><F65/><REACH who="2" ten="242,356,125,267" step="2"/><W78/><G126/><T16/><D120/><U26/><E26/><V32/><F32/><W19/><G124/><T128/><D121/><U59/><E115/><V111/><F111/><W131/><G131/><T83/><D128/><U108/><E112/><V127/><F127/><W103/><G130/><T54/><D25/><U116/><E108/><V3/><F3/><W39/><G0/><T118/><D118/><U9/><E116/><V24/><F24/><W76/><G29/><T34/><D34/><U46/><E14/><V5/><F5/><W15/><G15/><T125/><D125/><U72/><E59/><V6/><F6/><W47/><G12/><T37/><D69/><U86/><E46/><V119/><F119/><W50/><G47/><T30/><D70/><U71/><E71/><V21/><F21/><W23/><G23/><T18/><D30/><U58/><E58/><V117/><F117/><W56/><G56/><T31/><D31/><U62/><E44/><V51/><F51/><W74/><G50/><N who="0" m="30935" /><D18/><U63/><E38/><V41/><F41/><W129/><G19/><N who="0" m="7243" /><D40/><U13/><E13/><V20/><F20/><W33/><G129/><T100/><D37/><U122/><E122/><V45/><F45/><W96/><G39/><T42/><D42/><U52/><E63/><RYUUKYOKU ba="0,1" sc="242,-10,356,-10,125,30,267,-10" hai2="60,64,68,77,80,87,92,97,99,101,107,113,114" /><INIT seed="2,1,1,2,1,0" ten="232,346,155,257" oya="2" hai0="135,94,35,90,36,129,17,96,40,7,62,44,70" hai1="26,83,33,49,132,24,30,111,82,80,97,131,1" hai2="93,121,133,110,52,61,127,38,107,75,122,34,101" hai3="45,117,31,25,92,102,99,64,78,125,29,106,51"/><V14/><F34/><W15/><G117/><T53/><D35/><U4/><E111/><V57/><F38/><W50/><G125/><T104/><D129/><U128/><E132/><V130/><F130/><N who="1" m="49705" /><E24/><V116/><F116/><W66/><G106/><T5/><D135/><U59/><E97/><N who="2" m="59567" /><F133/><W58/><G78/><T86/><D17/><U89/><E89/><V79/><F107/><W71/><G71/><T54/><D54/><N who="1" m="32207" /><E1/><V13/><F127/><W98/><G98/><T65/><REACH who="0" step="1"/><D53/><REACH who="0" ten="222,346,155,257" step="2"/><U46/><E46/><V63/><F121/><W8/><G45/><T118/><D118/><U69/><E69/><V109/><F122/><W68/><G31/><T124/><D124/><U91/><E91/><V76/><F63/><W120/><G29/><T3/><D3/><U41/><E30/><V74/><F79/><W18/><G120/><T55/><D55/><U48/><E33/><V12/><F76/><W126/><G68/><T32/><D32/><U84/><E26/><V103/><F103/><AGARI ba="1,2" hai="5,7,36,40,44,62,65,70,86,90,94,96,103,104" machi="103" ten="40,5200,0" yaku="1,1,52,2,53,0" doraHai="0" doraHaiUra="134" who="0" fromWho="2" sc="222,75,346,0,155,-55,257,0" /><INIT seed="3,0,0,3,3,80" ten="297,346,100,257" oya="3" hai0="131,53,14,73,114,98,11,126,118,69,5,108,76" hai1="41,85,57,21,37,106,18,24,17,91,83,116,104" hai2="23,63,89,82,32,128,20,3,119,62,65,71,36" hai3="70,29,31,112,121,33,113,134,115,107,13,59,47"/><W68/><G107/><T9/><D118/><U92/><E116/><V78/><F119/><W127/><G121/><T60/><D108/><U19/><E57/><V120/><F120/><W132/><G33/><T22/><D126/><U133/><E133/><N who="3" m="51306" /><G127/><T111/><D111/><U55/><E55/><V84/><F128/><W0/><G0/><T117/><D117/><U44/><REACH who="1" step="1"/><E92/><REACH who="1" ten="297,336,100,257" step="2"/><V88/><F36/><W49/><G13/><T75/><D53/><U86/><E86/><V64/><F3/><W2/><G2/><T110/><D110/><U40/><E40/><V25/><F32/><W105/><G105/><AGARI ba="0,1" hai="17,18,19,21,24,37,41,44,83,85,91,104,105,106" machi="105" ten="40,8000,1" yaku="1,1,52,1,53,3" doraHai="80" doraHaiUra="103" who="1" fromWho="3" sc="297,0,336,90,100,0,257,-80" owari="297,9.7,426,52.6,100,-40.0,177,-22.3" /></mjloggm>