<mjloggm ver="2.3"><GO type="225" lobby="0"/><UN n0="%E6%97%A5%E6%9B%9C%E6%97%A5%E3%82%88%E3%82%8A%E3%81%AE%E4%BD%BF%E8%80%85" n1="%E6%80%AA%E3%81%97%E3%81%99%E3%81%8E%E3%82%8B%E3%83%81%E3%83%BC" n2="%E3%81%8F%E3%82%8A%E3%83%94%E3%83%BC" n3="%E7%9C%9F%E4%B8%80" dan="17,16,16,17" rate="2166.71,2159.84,2112.91,2244.09" sx="M,M,M,M"/><TAIKYOKU oya="0"/><INIT seed="0,0,0,1,4,122" ten="250,250,250,250" oya="0" hai0="6,14,44,73,110,22,64,24,43,34,75,115,107" hai1="94,35,91,17,9,16,96,45,106,76,132,38,13" hai2="47,10,92,116,59,105,7,37,113,67,50,133,124" hai3="108,71,49,15,82,121,63,48,2,18,40,26,29"/><T33/><D115/><U128/><E35/><V123/><F105/><W129/><G121/><T52/><D107/><U54/><E132/><V65/><F123/><W69/><G2/><T95/><D64/><U4/><E128/><V127/><F113/><W98/><G129/><T85/><D75/><U61/><E106/><V27/><F27/><W120/><G120/><T77/><D73/><U93/><E76/><V1/><F133/><W97/><G82/><T32/><D6/><U101/><E38/><V131/><F131/><W112/><G63/><T86/><D14/><U135/><E135/><V90/><F37/><W103/><G18/><T20/><D110/><U70/><E70/><V126/><F59/><W118/><G29/><T88/><D24/><U102/><E102/><V109/><F109/><W8/><G26/><T125/><D125/><U25/><E25/><V30/><F30/><W117/><G40/><T111/><D111/><U0/><E0/><V42/><REACH who="2" step="1"/><F116/><REACH who="2" ten="250,250,240,250" step="2"/><W79/><G112/><T81/><REACH who="0" step="1"/><D43/><REACH who="0" ten="240,250,240,250" step="2"/><U55/><E4/><V11/><F11/><W87/><G8/><T119/><D119/><U21/><E9/><V80/><F80/><W74/><G108/><T36/><D36/><U60/><E94/><V58/><F58/><W51/><G118/><T39/><D39/><U83/><E83/><V12/><F12/><W66/><G15/><T28/><D28/><U89/><E13/><V3/><F3/><W57/><G117/><T114/><D114/><U104/><E93/><V46/><F46/><W78/><G57/><T100/><D100/><U31/><E101/><RYUUKYOKU ba="0,2" sc="240,15,250,-15,240,15,250,-15" hai0="20,22,32,33,34,44,52,77,81,85,86,88,95" hai2="1,7,10,42,47,50,65,67,90,92,124,126,127" /><INIT seed="0,1,2,4,0,132" ten="255,235,255,235" oya="0" hai0="41,113,72,28,89,85,129,53,97,99,33,71,7" hai1="68,77,55,16,69,110,56,64,108,100,103,12,93" hai2="86,127,3,48,92,120,78,24,46,131,19,74,128" hai3="61,118,11,40,29,122,31,125,84,111,20,73,54"/><T39/><D72/><U121/><E121/><V59/><F120/><W94/><G73/><T22/><D71/><N who="1" m="27211" /><E77/><V116/><F3/><W75/><G75/><T98/><D33/><U23/><E93/><V109/><F109/><N who="1" m="42089" /><E64/><V104/><F104/><W95/><G118/><T13/><D39/><U102/><E102/><V62/><F116/><W76/><G76/><T50/><D113/><U60/><AGARI ba="1,2" hai="12,16,23,55,56,60,100,103" m="42089,27211" machi="60" ten="30,2000,0" yaku="14,1,54,1" doraHai="132" who="1" fromWho="1" sc="255,-11,235,43,255,-6,235,-6" /><INIT seed="1,0,0,1,1,28" ten="244,278,249,229" oya="1" hai0="30,134,57,11,20,100,97,32,29,63,41,108,64" hai1="39,113,133,10,14,12,74,126,48,15,68,110,18" hai2="52,40,73,4,102,19,31,59,54,105,45,95,36" hai3="98,130,24,50,76,84,34,131,94,72,91,3,1"/><U86/><E113/><V7/><F105/><W0/><G72/><T75/><D75/><U96/><E74/><V85/><F73/><W104/><G50/><T87/><D108/><U116/><E39/><V58/><F31/><N who="3" m="19815" /><G76/><T79/><D134/><U66/><E133/><V128/><F128/><N who="3" m="49195" /><G104/><T62/><D32/><U125/><E116/><V17/><F85/><AGARI ba="0,0" hai="0,1,3,84,85,91,94,98" m="49195,19815" machi="85" ten="40,2600,0" yaku="19,1,52,1" doraHai="28" who="3" fromWho="2" sc="244,0,278,0,249,-26,229,26" /><INIT seed="2,0,0,0,2,50" ten="244,278,223,255" oya="2" hai0="71,89,127,84,47,16,2,99,65,70,40,45,91" hai1="78,37,113,131,98,51,96,64,56,54,26,68,100" hai2="125,60,19,15,124,27,105,112,34,87,13,72,122" hai3="117,130,104,49,115,86,74,102,121,110,88,67,38"/><V69/><F72/><W3/><RYUUKYOKU type="yao9" ba="0,0" sc="244,0,278,0,223,0,255,0" hai3="3,38,49,67,74,86,88,102,104,110,115,117,121,130" /><INIT seed="2,1,0,5,4,88" ten="244,278,223,255" oya="2" hai0="22,30,78,106,85,107,89,42,58,31,4,81,41" hai1="56,74,91,48,117,112,28,11,66,102,0,15,64" hai2="130,7,59,53,110,43,105,61,125,115,13,29,126" hai3="63,60,119,67,21,134,17,40,14,135,113,103,95"/><V92/><F105/><W94/><G119/><T6/><D107/><U39/><E112/><V87/><F115/><W65/><G40/><N who="0" m="15467" /><D106/><U44/><E39/><V23/><F130/><W132/><G113/><T86/><D58/><U84/><E0/><V93/><F43/><W133/><N who="3" m="33792" /><DORA hai="55" /><W49/><G49/><T38/><D38/><U123/><E74/><V129/><F129/><W114/><G114/><T111/><D111/><U77/><E77/><V27/><F110/><W80/><G80/><N who="0" m="47255" /><D22/><U26/><E102/><V5/><F87/><W82/><G82/><T9/><D9/><U100/><E100/><V54/><F54/><W37/><G37/><T20/><D20/><N who="1" m="15431" /><E56/><V3/><F3/><W71/><G103/><T90/><D90/><U99/><E123/><V19/><F5/><AGARI ba="1,0" hai="4,5,6,30,31,81,86,89" m="47255,15467" machi="5" ten="30,1000,0" yaku="8,1" doraHai="88,55" who="0" fromWho="2" sc="244,13,278,0,223,-13,255,0" /><INIT seed="3,0,0,1,1,115" ten="257,278,210,255" oya="3" hai0="86,42,78,24,117,108,23,75,72,85,132,106,29" hai1="12,54,104,77,44,112,10,34,100,13,61,120,15" hai2="121,2,91,41,127,30,116,118,53,130,73,65,129" hai3="58,64,60,8,55,94,57,123,69,46,20,110,107"/><W126/><G107/><T33/><D106/><U37/><E112/><V51/><F127/><W18/><G123/><T52/><D42/><U47/><E34/><V88/><F121/><W125/><G110/><T90/><D108/><U97/><E77/><V80/><F2/><W102/><G8/><T99/><D117/><N who="2" m="45162" /><F41/><W67/><G67/><T5/><D5/><U6/><E37/><V133/><F65/><W21/><G46/><T95/><D132/><U68/><E120/><V81/><F30/><W70/><G21/><T79/><D33/><U101/><E68/><V50/><F133/><W131/><G126/><T119/><D119/><U48/><E61/><V9/><F9/><W103/><G125/><T14/><D14/><U113/><E113/><V76/><F81/><W96/><G103/><T27/><D27/><U36/><E101/><V124/><F124/><W66/><G66/><T89/><D72/><U111/><E111/><V114/><F114/><W7/><G7/><T4/><D4/><U105/><E105/><V82/><F80/><W56/><G70/><T87/><D75/><U40/><AGARI ba="0,0" hai="6,10,12,13,15,36,40,44,47,48,54,97,100,104" machi="40" ten="30,1100,0" yaku="0,1" doraHai="115" who="1" fromWho="1" sc="257,-3,278,11,210,-3,255,-5" /><INIT seed="4,0,0,4,4,12" ten="254,289,207,250" oya="0" hai0="15,10,9,4,3,109,91,22,133,23,132,31,102" hai1="127,18,80,17,41,58,35,107,36,44,33,5,54" hai2="108,96,39,83,34,60,74,57,0,66,24,94,87" hai3="117,26,68,28,98,69,16,43,135,61,7,131,97"/><T71/><D71/><U21/><E107/><V37/><F108/><W134/><G117/><T47/><D102/><U85/><E5/><V100/><F0/><W78/><G7/><N who="0" m="1279" /><D91/><U93/><E18/><V70/><F74/><W114/><G114/><T76/><D47/><U130/><E93/><V103/><F103/><W40/><G131/><T99/><D99/><N who="3" m="37897" /><G78/><T126/><D76/><U120/><E127/><V73/><F73/><W52/><G28/><T104/><D104/><U29/><E29/><V110/><F110/><W118/><G118/><T30/><D109/><U53/><E120/><V11/><F11/><W13/><G26/><N who="0" m="16727" /><D126/><U111/><E130/><V129/><F129/><W119/><G119/><T90/><D90/><U81/><E81/><V51/><F34/><W19/><G69/><T63/><D63/><U72/><E72/><V48/><F48/><W75/><G75/><T124/><D124/><U95/><E95/><V88/><REACH who="2" step="1"/><F24/><AGARI ba="0,0" hai="4,10,15,23,24,31,132,133" m="16727,1279" machi="24" ten="30,2900,0" yaku="34,2" doraHai="12" who="0" fromWho="2" sc="254,29,289,0,207,-29,250,0" /><INIT seed="4,1,0,4,0,35" ten="283,289,178,250" oya="0" hai0="7,115,52,23,78,102,66,94,31,33,13,114,90" hai1="132,131,62,20,26,117,85,50,3,129,27,103,67" hai2="59,25,6,93,19,87,113,24,53,86,55,17,130" hai3="15,95,5,21,72,88,51,127,106,28,109,91,107"/><T44/><D102/><U134/><E3/><V43/><F113/><N who="0" m="43018" /><D66/><U92/><E117/><V71/><F71/><W41/><G109/><T118/><D118/><U108/><E108/><V101/><F130/><N who="1" m="49673" /><E50/><V75/><F75/><W49/><G72/><T54/><D78/><U10/><E10/><V63/><F43/><W34/><G34/><T65/><D65/><U104/><E27/><N who="2" m="10315" /><F6/><W1/><G28/><T18/><D33/><U69/><E104/><V122/><F53/><N who="0" m="20586" /><D31/><N who="1" m="17863" /><E85/><N who="2" m="32267" /><F122/><W73/><G107/><T58/><D7/><U124/><E124/><V80/><F80/><W38/><G127/><T126/><D126/><U48/><E48/><V36/><F36/><W97/><G106/><T29/><D29/><U60/><E60/><V133/><F133/><W42/><G38/><T68/><D68/><U83/><E83/><V99/><AGARI ba="1,0" hai="17,19,55,59,63,93,99,101" m="32267,10315" machi="99" ten="30,1100,0" yaku="8,1" doraHai="35" who="2" fromWho="2" sc="283,-6,289,-4,178,14,250,-4" /><INIT seed="5,0,0,1,5,114" ten="277,285,192,246" oya="1" hai0="96,107,130,102,6,44,111,112,133,131,62,40,60" hai1="61,119,117,46,118,91,122,9,113,0,18,12,30" hai2="134,45,47,90,43,49,37,53,38,78,2,57,77" hai3="41,17,128,126,7,32,87,71,70,33,75,99,106"/><U85/><E122/><V123/><F2/><W52/><G75/><T66/><D111/><U10/><E113/><V135/><F90/><W59/><G41/><T115/><D6/><U98/><E30/><V74/><F123/><W88/><G7/><T15/><D15/><U24/><E24/><V80/><REACH who="2" step="1"/><F78/><REACH who="2" ten="277,285,182,246" step="2"/><W86/><G88/><T124/><D115/><U116/><E0/><V16/><F16/><W76/><G17/><T65/><D112/><U58/><E117/><V93/><F93/><W101/><G76/><T34/><D124/><U19/><E98/><V39/><F39/><W68/><G126/><T28/><D133/><U82/><E18/><V21/><F21/><W48/><REACH who="3" step="1"/><G128/><REACH who="3" ten="277,285,182,236" step="2"/><T127/><D127/><U63/><E116/><V120/><F120/><W35/><AGARI ba="0,2" hai="32,33,35,48,52,59,68,70,71,86,87,99,101,106" machi="35" ten="40,8000,1" yaku="1,1,2,1,0,1,54,1,53,0" doraHai="114" doraHaiUra="104" who="3" fromWho="3" sc="277,-20,285,-40,182,-20,236,100" owari="257,5.7,245,-15.5,162,-33.8,336,43.6" /></mjloggm>