<mjloggm ver="2.3"><GO type="225" lobby="0"/><UN n0="%45%6C%79%73%69%75%6D" n1="%6D%75%75%6D%75%72%61" n2="%73%7A%2E%64%31" n3="%E3%81%A1%E3%82%85%E3%81%86%E3%81%A9%E3%81%8F%E8%B1%A1%E3%81%95%E3%82%93" dan="18,17,16,17" rate="2150.11,2188.47,2082.02,2165.34" sx="F,F,M,M"/><TAIKYOKU oya="0"/><INIT seed="0,0,0,2,1,53" ten="250,250,250,250" oya="0" hai0="7,122,26,9,22,12,88,120,127,46,118,135,23" hai1="109,105,110,92,38,117,39,48,11,36,29,83,57" hai2="90,32,91,116,108,2,85,131,28,112,104,113,97" hai3="37,100,70,69,80,42,81,34,71,17,27,47,25"/><T40/><D118/><U76/><E117/><V124/><F116/><W98/><G25/><T95/><D135/><U41/><E105/><V8/><F131/><W1/><G1/><T89/><D127/><U15/><E29/><V114/><F108/><N who="1" m="41577" /><E92/><V51/><F124/><W43/><G43/><T130/><D130/><U50/><E41/><V60/><F51/><W16/><G34/><T67/><D67/><U66/><E66/><V93/><F60/><W13/><G27/><T129/><D129/><U125/><E125/><V5/><F104/><W73/><G73/><T19/><D23/><U10/><E57/><V119/><F119/><W96/><G96/><T3/><D26/><U6/><E11/><V74/><F28/><W14/><G14/><T64/><D64/><U54/><E54/><V55/><F55/><W0/><G0/><T78/><D78/><U35/><E35/><V58/><F32/><W18/><REACH who="3" step="1"/><G13/><REACH who="3" ten="250,250,250,240" step="2"/><T115/><D3/><U103/><E103/><V65/><F74/><AGARI ba="0,1" hai="6,10,15,36,38,39,48,50,74,76,83" m="41577" machi="74" ten="40,1300,0" yaku="14,1" doraHai="53" who="1" fromWho="2" sc="250,0,250,23,250,-13,240,0" /><INIT seed="1,0,0,5,1,3" ten="250,273,237,240" oya="1" hai0="77,26,124,8,37,45,36,42,16,79,12,46,134" hai1="122,20,30,35,31,39,62,23,129,73,48,78,33" hai2="92,81,84,60,112,38,86,113,40,65,98,131,64" hai3="93,28,127,61,135,119,13,72,59,82,68,105,96"/><U9/><E39/><V87/><F131/><W103/><G119/><T24/><D134/><U125/><E73/><V14/><F14/><W132/><G68/><T22/><D124/><U67/><E78/><V58/><F65/><W85/><G28/><N who="1" m="10794" /><E48/><V116/><F116/><W88/><G127/><T21/><D21/><N who="1" m="8267" /><E62/><V54/><F40/><W69/><G13/><T27/><REACH who="0" step="1"/><D22/><REACH who="0" ten="240,273,237,240" step="2"/><U56/><E125/><V101/><F38/><W83/><G135/><T75/><D75/><U50/><E35/><V128/><F128/><W104/><G132/><T11/><D11/><U109/><E33/><V91/><REACH who="2" step="1"/><F64/><REACH who="2" ten="240,273,227,240" step="2"/><W10/><G10/><T107/><D107/><U114/><E9/><V102/><F102/><W108/><G105/><T90/><D90/><U0/><E67/><V49/><F49/><W95/><G104/><T106/><D106/><U74/><E50/><V94/><F94/><W55/><G95/><T15/><D15/><U41/><E129/><V76/><F76/><W6/><G93/><T19/><D19/><U117/><E117/><V123/><F123/><W66/><G66/><T89/><D89/><U70/><E122/><V118/><F118/><W130/><G88/><T4/><D4/><U126/><E126/><V5/><F5/><W80/><G6/><T52/><D52/><U2/><E2/><V120/><F120/><W7/><G7/><T115/><D115/><AGARI ba="0,2" hai="54,58,60,81,84,86,87,91,92,98,101,112,113,115" machi="115" ten="40,2600,0" yaku="1,1,11,1,53,0" doraHai="3" doraHaiUra="44" who="2" fromWho="0" sc="240,-26,273,0,227,46,240,0" /><INIT seed="2,0,0,4,0,38" ten="214,273,273,240" oya="2" hai0="106,59,82,107,13,40,68,35,118,53,61,77,99" hai1="54,66,10,86,83,31,36,27,89,126,131,116,103" hai2="1,111,117,21,112,128,18,88,12,63,34,97,6" hai3="20,4,50,65,44,70,98,55,94,14,113,15,72"/><V135/><F117/><W32/><G113/><T19/><D118/><U95/><E116/><V108/><F112/><W39/><G32/><T56/><D68/><U119/><E119/><V74/><F74/><W64/><G72/><T87/><D35/><U122/><E126/><V114/><F114/><W3/><G39/><T24/><D24/><U105/><E131/><V26/><F128/><W49/><G3/><T84/><D84/><U9/><E122/><V16/><F63/><W62/><G65/><T124/><D124/><U129/><E129/><V2/><F135/><W43/><G4/><T90/><D59/><U52/><E105/><V51/><F51/><W42/><G20/><T76/><D106/><U133/><E36/><V102/><F102/><W130/><G130/><T79/><D107/><U29/><E66/><V92/><F34/><W73/><G73/><T104/><D104/><U30/><E27/><V45/><F45/><W134/><G134/><T57/><D57/><U8/><E133/><V125/><F125/><W100/><REACH who="3" step="1"/><G42/><REACH who="3" ten="214,273,273,230" step="2"/><T91/><D40/><U78/><REACH who="1" step="1"/><E103/><REACH who="1" ten="214,263,273,230" step="2"/><V47/><F6/><W75/><G75/><AGARI ba="0,2" hai="8,9,10,29,30,31,52,54,75,78,83,86,89,95" machi="75" ten="40,12000,2" yaku="1,1,2,1,54,1,53,3" doraHai="38" doraHaiUra="7" who="1" fromWho="3" sc="214,0,263,140,273,0,230,-120" /><INIT seed="3,0,0,4,0,97" ten="214,403,273,110" oya="3" hai0="22,96,110,85,93,16,70,133,94,53,31,101,41" hai1="89,135,9,128,105,46,131,79,68,19,80,4,90" hai2="36,71,56,61,99,109,122,64,20,119,113,44,60" hai3="5,98,27,12,74,55,38,25,58,129,123,84,30"/><W39/><G123/><T11/><D110/><U49/><E105/><V33/><F33/><W47/><G74/><T43/><D133/><U76/><E68/><V62/><F109/><W88/><G129/><N who="1" m="49738" /><E19/><V114/><F99/><W107/><G25/><T115/><D70/><U130/><E135/><V73/><F20/><W37/><G5/><T59/><D31/><U104/><E104/><V65/><F73/><W13/><G47/><T134/><D11/><U63/><E63/><V120/><F119/><W116/><G116/><T17/><D17/><U100/><E100/><V91/><F91/><N who="1" m="34825" /><E80/><V82/><F82/><W52/><G98/><T78/><D94/><U2/><E130/><V124/><F62/><W1/><G1/><T15/><D134/><U6/><E6/><V127/><F120/><W32/><G107/><T83/><D115/><U132/><E132/><V40/><REACH who="2" step="1"/><F122/><REACH who="2" ten="214,403,263,110" step="2"/><W66/><G66/><T92/><D92/><U35/><E35/><V24/><F24/><W26/><G26/><T14/><D14/><U108/><E108/><V57/><F57/><W8/><G58/><T102/><D102/><U75/><E75/><V95/><F95/><N who="3" m="54663" /><G12/><T7/><D7/><U112/><E112/><AGARI ba="0,1" hai="36,40,44,56,60,61,64,65,71,112,113,114,124,127" machi="112" ten="40,8000,1" yaku="1,1,34,3,53,0" doraHai="97" doraHaiUra="125" who="2" fromWho="1" sc="214,0,403,-80,263,90,110,0" owari="214,-18.6,323,12.3,353,45.3,110,-39.0" /></mjloggm>