<mjloggm ver="2.3"><GO type="225" lobby="0"/><UN n0="%E3%81%BF%E3%81%BF%E3%81%9A" n1="%6D%75%75%73%61%6E%6D%75" n2="%E8%BE%9B%E5%8F%A3%E3%82%AB%E3%83%AC%E3%83%BC%E3%83%A9%E3%82%A4%E3%82%B9" n3="%77%72%77%72%77%72%77%72" dan="17,16,17,17" rate="2273.71,2091.56,2269.88,2185.18" sx="M,F,M,M"/><TAIKYOKU oya="0"/><INIT seed="0,0,0,3,0,59" ten="250,250,250,250" oya="0" hai0="121,62,43,35,115,57,5,85,84,37,16,71,133" hai1="38,41,19,47,128,82,18,0,63,130,4,70,106" hai2="69,86,123,108,87,14,107,29,101,131,32,92,73" hai3="79,119,46,58,75,95,7,118,28,33,96,64,126"/><T129/><D115/><U51/><E106/><V65/><F123/><W3/><G126/><T90/><D121/><U54/><E82/><V98/><F73/><W135/><G135/><T103/><D133/><U30/><E30/><V55/><F108/><W109/><G109/><T24/><D129/><N who="1" m="49771" /><E4/><V26/><F131/><W11/><G46/><T34/><D103/><U17/><E0/><V134/><F134/><W110/><G110/><T114/><D71/><U8/><E8/><V15/><F55/><W125/><G125/><T36/><D5/><U91/><E91/><N who="2" m="53367" /><F87/><W120/><G120/><T122/><D85/><U72/><E72/><V67/><F67/><W88/><G28/><T13/><D114/><U113/><E113/><V77/><F77/><W105/><G33/><T45/><D24/><U100/><E100/><V81/><F81/><W80/><REACH who="3" step="1"/><G105/><REACH who="3" ten="250,250,250,240" step="2"/><T78/><D122/><U6/><E6/><V60/><AGARI ba="0,1" hai="14,15,26,29,32,60,65,69,98,101,107" m="53367" machi="60" ten="30,2000,0" yaku="25,1,52,1" doraHai="59" who="2" fromWho="2" sc="250,-10,250,-5,250,30,240,-5" /><INIT seed="1,0,0,0,1,69" ten="240,245,280,235" oya="1" hai0="110,123,135,106,104,53,0,1,84,129,14,42,90" hai1="48,19,128,49,124,74,12,88,112,109,50,37,121" hai2="103,29,85,98,77,83,34,66,61,125,52,23,33" hai3="107,86,70,133,79,131,46,3,51,71,95,122,96"/><U13/><E112/><V127/><F23/><W6/><G122/><T126/><D53/><U80/><E121/><V22/><F22/><W89/><G131/><T55/><D123/><U114/><E114/><V101/><F101/><W26/><G133/><T58/><D135/><U93/><E128/><V9/><F9/><W54/><G3/><T117/><D117/><U87/><E124/><N who="2" m="47691" /><F29/><W45/><G6/><T43/><D129/><U118/><E118/><V15/><F15/><W35/><G45/><T20/><D0/><U10/><E109/><V59/><F66/><W44/><G44/><T39/><D1/><U73/><E37/><V130/><F130/><W5/><G5/><T2/><D2/><U119/><E119/><V108/><F108/><W116/><G116/><T120/><D39/><U115/><E115/><V11/><F11/><W91/><G79/><T56/><D110/><U4/><REACH who="1" step="1"/><E80/><REACH who="1" ten="240,235,280,235" step="2"/><V31/><F31/><W134/><G134/><T105/><D126/><U68/><E68/><V47/><F47/><W57/><G46/><T17/><D120/><U21/><AGARI ba="0,1" hai="4,10,12,13,19,21,48,49,50,73,74,87,88,93" machi="21" ten="30,6000,0" yaku="1,1,0,1,54,1,53,0" doraHai="69" doraHaiUra="65" who="1" fromWho="1" sc="240,-20,235,70,280,-20,235,-20" /><INIT seed="1,1,0,0,3,107" ten="220,305,260,215" oya="1" hai0="134,24,113,99,95,58,104,6,9,0,123,115,130" hai1="18,77,5,110,10,3,56,55,76,42,68,91,32" hai2="29,75,16,81,127,135,28,65,74,109,114,121,4" hai3="128,71,35,45,44,82,118,94,31,21,102,63,61"/><U88/><E68/><V37/><F121/><W129/><G35/><T101/><D130/><N who="3" m="50281" /><G118/><T73/><D134/><U23/><E32/><V51/><F37/><W30/><G82/><T87/><D123/><U105/><E42/><V132/><F109/><W98/><G21/><T69/><D69/><U57/><E105/><V39/><F39/><W12/><G12/><T40/><D24/><U108/><E57/><V117/><F117/><W131/><N who="3" m="50289" /><W97/><DORA hai="27" /><G97/><T54/><D40/><U93/><E77/><N who="2" m="44215" /><F75/><W106/><G106/><T17/><D17/><U96/><E76/><V48/><F4/><W2/><G2/><T125/><D73/><U53/><E91/><V92/><F65/><N who="3" m="41391" /><G63/><T38/><D38/><U112/><E112/><V83/><F83/><W79/><G79/><T78/><D125/><U60/><REACH who="1" step="1"/><E55/><REACH who="1" ten="220,295,260,215" step="2"/><V59/><F114/><W34/><G34/><T70/><D70/><U66/><E66/><V49/><F127/><W46/><AGARI ba="1,1" hai="30,31,44,45,46,94,98,102" m="41391,50289" machi="46" ten="50,6400,0" yaku="19,1,52,2" doraHai="107,27" who="3" fromWho="3" sc="220,-17,295,-33,260,-17,215,77" /><INIT seed="2,0,0,4,1,25" ten="203,262,243,292" oya="2" hai0="67,40,83,73,6,5,58,10,30,50,66,95,89" hai1="105,104,62,21,106,109,34,129,41,90,117,84,26" hai2="94,91,0,87,3,97,72,37,82,1,13,4,128" hai3="31,23,99,43,96,53,51,44,17,98,125,36,107"/><V32/><F128/><W60/><G125/><T130/><D130/><U102/><E129/><V114/><F114/><W124/><G124/><T2/><D6/><U12/><E117/><V7/><F37/><W56/><G107/><T38/><D50/><U59/><E109/><V108/><F72/><W39/><REACH who="3" step="1"/><G31/><REACH who="3" ten="203,262,243,282" step="2"/><T28/><D67/><U135/><E106/><V79/><F108/><W112/><G112/><T52/><D66/><U19/><E105/><V126/><F126/><W65/><G65/><T20/><D20/><U49/><E104/><V27/><REACH who="2" step="1"/><F13/><AGARI ba="0,1" hai="13,17,23,36,39,43,44,51,53,56,60,96,98,99" machi="13" ten="40,1300,0" yaku="1,1,53,0" doraHai="25" doraHaiUra="132" who="3" fromWho="2" sc="203,0,262,0,243,-13,282,23" /><INIT seed="3,0,0,1,3,105" ten="203,262,230,305" oya="3" hai0="45,112,94,70,126,128,125,96,35,23,117,63,62" hai1="102,26,100,50,86,20,9,40,29,87,88,53,84" hai2="34,6,72,52,75,101,2,83,65,11,71,38,54" hai3="120,27,15,43,60,47,55,7,78,49,129,32,36"/><W99/><G120/><T66/><D117/><U89/><E40/><V108/><F34/><W79/><G129/><T97/><D35/><U14/><E100/><V132/><F101/><W74/><G74/><N who="2" m="28201" /><F83/><W111/><G111/><T16/><D128/><U30/><E30/><V92/><F92/><W113/><G113/><T93/><D112/><U90/><E102/><V106/><F106/><W119/><G119/><T19/><D45/><U116/><E116/><V21/><F38/><W82/><G99/><T39/><D39/><U76/><E76/><V130/><F130/><W4/><G60/><T98/><D62/><U95/><E95/><N who="0" m="36361" /><D23/><U122/><E122/><V114/><F114/><W67/><G67/><T104/><D104/><U5/><REACH who="1" step="1"/><E87/><REACH who="1" ten="203,252,230,305" step="2"/><V103/><F103/><W61/><G78/><T3/><D3/><U73/><E73/><V124/><F108/><W57/><G36/><T56/><D70/><U135/><E135/><V91/><F91/><W64/><G43/><T115/><D115/><U80/><E80/><V110/><F110/><W22/><G82/><T69/><D69/><U81/><E81/><V68/><F132/><W46/><G79/><T109/><D109/><U77/><E77/><V24/><F71/><W37/><G37/><T31/><D31/><U44/><AGARI ba="0,1" hai="5,9,14,20,26,29,44,50,53,84,86,88,89,90" machi="44" ten="30,8000,1" yaku="1,1,0,1,8,1,54,1,53,1" doraHai="105" doraHaiUra="10" who="1" fromWho="1" sc="203,-20,252,90,230,-20,305,-40" owari="183,-31.7,342,44.2,210,-19.0,265,6.5" /></mjloggm>