<mjloggm ver="2.3"><GO type="225" lobby="0"/><UN n0="%6D%75%75%6D%75%72%61" n1="%E5%A4%96%E5%B7%9D%E7%AB%9C%E6%88%90" n2="%E3%81%9F%E3%81%93%E2%98%86%E7%84%BC%E3%81%8D" n3="%E3%81%8F%E3%81%BE%E3%81%96%E3%82%8F" dan="17,16,16,16" rate="2201.17,2102.32,2058.95,2030.98" sx="F,M,M,M"/><TAIKYOKU oya="0"/><INIT seed="0,0,0,4,3,129" ten="250,250,250,250" oya="0" hai0="32,77,80,29,52,87,24,18,39,8,55,19,46" hai1="73,5,12,40,15,7,60,98,62,96,76,130,25" hai2="109,74,10,90,37,36,53,44,127,54,65,133,108" hai3="114,33,99,61,93,121,22,43,131,48,66,67,116"/><T101/><D101/><U1/><E76/><V63/><F74/><W86/><G33/><T9/><D9/><U115/><E73/><V34/><F34/><W94/><G114/><T117/><D117/><U42/><E25/><V45/><F10/><W102/><G116/><T106/><D106/><U81/><E81/><V56/><F90/><N who="3" m="53463" /><G131/><T89/><D77/><U122/><E130/><V38/><F127/><W105/><G105/><T128/><D128/><U97/><E97/><V134/><F45/><N who="3" m="25663" /><G61/><T124/><D124/><U4/><E4/><V50/><REACH who="2" step="1"/><F65/><REACH who="2" ten="250,250,240,250" step="2"/><W0/><G121/><T75/><D75/><U30/><E115/><V28/><F28/><W51/><G0/><T79/><D19/><U118/><E30/><V92/><F92/><W88/><G102/><T23/><D8/><U68/><E118/><V11/><F11/><W31/><G31/><T3/><D3/><U104/><E1/><V107/><F107/><W58/><G22/><T21/><D32/><U70/><REACH who="1" step="1"/><E104/><REACH who="1" ten="250,240,240,250" step="2"/><V112/><F112/><W111/><G111/><AGARI ba="0,2" hai="36,37,38,44,50,53,54,56,63,108,109,111,133,134" machi="111" ten="50,16000,3" yaku="1,1,14,1,34,3,52,2,53,1" doraHai="129" doraHaiUra="57" who="2" fromWho="3" sc="250,0,240,0,240,180,250,-160" /><INIT seed="1,0,0,0,5,41" ten="250,240,420,90" oya="1" hai0="26,124,56,98,58,103,21,73,87,97,119,126,114" hai1="131,60,116,27,47,129,57,49,69,42,130,13,43" hai2="29,0,30,121,34,90,8,101,100,91,10,3,133" hai3="31,22,96,104,72,40,17,35,106,63,109,20,15"/><U50/><E27/><V80/><F80/><W59/><G109/><T115/><D73/><U86/><E13/><V107/><F34/><W85/><G72/><T37/><D37/><U125/><E86/><V117/><F107/><W122/><G122/><T52/><D87/><U74/><E74/><V135/><REACH who="2" step="1"/><F121/><REACH who="2" ten="250,240,410,90" step="2"/><W19/><G35/><T78/><D115/><U128/><E128/><V44/><F44/><W71/><G104/><T75/><D114/><U108/><E116/><AGARI ba="0,1" hai="0,3,8,10,29,30,90,91,100,101,116,117,133,135" machi="116" ten="25,3200,0" yaku="1,1,22,2,53,0" doraHai="41" doraHaiUra="23" who="2" fromWho="1" sc="250,0,240,-32,410,42,90,0" /><INIT seed="2,0,0,2,0,53" ten="250,208,452,90" oya="2" hai0="52,75,0,31,86,89,62,88,65,54,99,133,28" hai1="112,96,3,98,97,38,72,40,77,116,118,90,50" hai2="100,60,125,76,91,24,68,71,5,26,35,126,22" hai3="43,10,64,15,95,56,73,102,107,59,27,42,55"/><V109/><F5/><W23/><G73/><T49/><D75/><U34/><E34/><V58/><F76/><W37/><G107/><T44/><D0/><U45/><E112/><V121/><F100/><W122/><G37/><T135/><D54/><U2/><E90/><V70/><F91/><W83/><G83/><T94/><D133/><U124/><E124/><N who="2" m="47723" /><F121/><W39/><G39/><T103/><D89/><U7/><E50/><V18/><F109/><W33/><G33/><T120/><D120/><U14/><E14/><N who="2" m="9559" /><F35/><W84/><G122/><T113/><D135/><U106/><E106/><V101/><F101/><W48/><G84/><T128/><D128/><U17/><E17/><V130/><F130/><W61/><G95/><T74/><D74/><U108/><E108/><V85/><F85/><W115/><G102/><T21/><D113/><U134/><E134/><V117/><F117/><W1/><G1/><T29/><D103/><U105/><E105/><V8/><F8/><W110/><G110/><T19/><D86/><U4/><E4/><V25/><F71/><W104/><G104/><T69/><D31/><U67/><E2/><V93/><F93/><W13/><G115/><T63/><D63/><U41/><E118/><V47/><F47/><W132/><G132/><T6/><D6/><U16/><E116/><V79/><F79/><W57/><G10/><T129/><D129/><U80/><E7/><V92/><F92/><W12/><REACH who="3" step="1"/><G57/><REACH who="3" ten="250,208,452,80" step="2"/><T114/><D114/><U36/><E3/><V11/><F11/><W111/><G111/><T9/><D9/><U87/><E72/><RYUUKYOKU ba="0,1" sc="250,10,208,-30,452,10,80,10" hai0="19,21,28,29,44,49,52,62,65,69,88,94,99" hai2="24,25,26,58,60,68,70" hai3="12,13,15,23,27,42,43,48,55,56,59,61,64" /><INIT seed="2,1,1,2,1,91" ten="260,178,462,90" oya="2" hai0="26,50,4,76,72,116,51,54,55,22,30,42,113" hai1="37,119,71,67,75,79,58,101,53,40,56,41,77" hai2="109,6,82,31,2,18,60,133,89,104,68,59,127" hai3="29,117,94,63,8,111,88,19,74,131,118,43,80"/><V105/><F68/><W92/><G74/><T100/><D113/><U85/><E75/><V66/><F31/><W11/><G117/><T103/><D42/><U95/><E119/><V0/><F133/><W90/><G118/><T52/><D116/><U23/><E71/><V15/><F127/><W121/><G121/><T102/><D72/><U27/><E37/><V49/><F109/><W20/><G29/><T57/><D76/><N who="1" m="29259" /><E58/><V28/><F28/><W73/><G73/><T98/><D4/><U25/><E25/><V125/><F125/><W36/><G36/><T130/><D130/><U123/><E67/><V83/><F105/><W129/><G80/><T108/><D108/><U45/><E45/><V106/><F104/><W39/><G63/><T47/><D54/><U132/><E132/><V1/><F106/><AGARI ba="1,1" hai="22,26,30,47,50,51,52,55,57,98,100,102,103,106" machi="106" ten="30,2000,0" yaku="7,1,54,1" doraHai="91" who="0" fromWho="2" sc="260,33,178,0,462,-23,90,0" /><INIT seed="3,0,0,4,4,73" ten="293,178,439,90" oya="3" hai0="34,110,47,64,20,16,114,32,112,105,1,74,126" hai1="61,88,92,39,18,67,49,129,104,98,27,31,109" hai2="48,113,97,90,78,24,19,53,72,103,93,5,70" hai3="135,44,118,91,59,28,15,68,11,33,95,23,40"/><W123/><G118/><T12/><D105/><U54/><E39/><V21/><F70/><W76/><G123/><T10/><D64/><U9/><E129/><V7/><F113/><W82/><G135/><T116/><D47/><N who="1" m="27967" /><E104/><V3/><F3/><W14/><G68/><T127/><D74/><U115/><E115/><N who="0" m="44073" /><D110/><U130/><E130/><V65/><F65/><W131/><G131/><T77/><D77/><U106/><E106/><V38/><F38/><W37/><G33/><N who="0" m="12907" /><D116/><U8/><E31/><V99/><F78/><W25/><G59/><T69/><D69/><U85/><E109/><V45/><F72/><W121/><G121/><T2/><D2/><U56/><E85/><V46/><F46/><W55/><G55/><T6/><AGARI ba="0,0" hai="1,6,10,12,16,20,126,127" m="12907,44073" machi="6" ten="40,8000,1" yaku="11,1,34,2,54,1" doraHai="73" who="0" fromWho="0" sc="293,80,178,-20,439,-20,90,-40" owari="373,17.3,158,-24.2,419,51.9,50,-45.0" /></mjloggm>