<mjloggm ver="2.3"><GO type="225" lobby="0"/><UN n0="%61%74%73%75%74%6F%64%6F" n1="%E3%83%AC%E3%82%A4%E3%83%88%E3%83%B3%E5%87%86%E6%95%99%E6%8E%88" n2="%E8%BE%9B%E5%8F%A3%E3%82%AB%E3%83%AC%E3%83%BC%E3%83%A9%E3%82%A4%E3%82%B9" n3="%E3%83%A9%E3%83%BC%E3%83%A1%E3%83%B3%E4%BA%94%E9%83%8E" dan="16,18,17,16" rate="2094.08,2243.75,2203.50,2137.40" sx="M,M,M,M"/><TAIKYOKU oya="0"/><INIT seed="0,0,0,0,1,101" ten="250,250,250,250" oya="0" hai0="19,77,85,16,68,132,29,82,87,43,25,76,129" hai1="42,80,49,99,53,109,88,96,35,44,95,135,2" hai2="89,0,50,107,117,73,92,37,46,45,9,90,111" hai3="125,86,62,106,58,75,69,66,3,112,113,24,31"/><T98/><D68/><U26/><E2/><V57/><F73/><W105/><G3/><T27/><D132/><U54/><E135/><V83/><F111/><W55/><G86/><T63/><D129/><U64/><E109/><V120/><F120/><W118/><G118/><T15/><D43/><U18/><E64/><V28/><F117/><W38/><G125/><T4/><D98/><U84/><E96/><V56/><F28/><W47/><G75/><T11/><D63/><U97/><E97/><V20/><F20/><W110/><G110/><T65/><D65/><U13/><E26/><N who="0" m="9737" /><D29/><U134/><E35/><V51/><F37/><W72/><G72/><T81/><AGARI ba="0,0" hai="4,11,15,16,19,76,77,81,82,85,87" m="9737" machi="81" ten="30,3000,0" yaku="8,1,54,1" doraHai="101" who="0" fromWho="0" sc="250,30,250,-10,250,-10,250,-10" /><INIT seed="0,1,0,3,3,59" ten="280,240,240,240" oya="0" hai0="63,101,62,97,46,93,3,112,21,117,45,107,118" hai1="76,22,114,41,69,39,77,31,127,11,14,38,72" hai2="5,129,92,23,135,36,47,113,70,111,37,44,42" hai3="124,73,86,52,75,19,6,130,125,49,13,122,35"/><T60/><D3/><U121/><E121/><V108/><F5/><W99/><G122/><T119/><D112/><U26/><E114/><V87/><F113/><W34/><G6/><T80/><D107/><U134/><E134/><V95/><F70/><W32/><G86/><T68/><D68/><U109/><E109/><N who="2" m="42059" /><F135/><W50/><G99/><T58/><D58/><U64/><E127/><N who="3" m="48714" /><G130/><T120/><D120/><U17/><E41/><N who="2" m="22567" /><F129/><W103/><G103/><T71/><D71/><U83/><REACH who="1" step="1"/><E76/><REACH who="1" ten="280,230,240,240" step="2"/><V90/><F23/><N who="3" m="11759" /><G49/><T131/><D131/><U18/><E18/><V126/><F126/><W30/><G30/><T132/><D132/><U133/><E133/><V89/><F89/><W74/><G74/><T105/><D21/><U27/><E27/><V88/><F90/><W78/><G78/><T16/><D16/><U98/><E98/><V43/><F43/><W1/><G1/><T61/><D105/><U106/><E106/><V40/><F40/><W12/><G12/><T82/><N who="0" m="15360" /><DORA hai="20" /><T115/><REACH who="0" step="1"/><D115/><REACH who="0" ten="270,230,240,240" step="2"/><U25/><E25/><V110/><F110/><W85/><G32/><T102/><D102/><U128/><E128/><V24/><F24/><W9/><G34/><T67/><D67/><U51/><E51/><V123/><F123/><W94/><G35/><T4/><D4/><U15/><E15/><V57/><F37/><W54/><G50/><T81/><AGARI ba="1,2" hai="45,46,80,81,82,93,97,101,117,118,119" m="15360" machi="81" ten="50,24000,3" yaku="1,1,0,1,29,2,52,4,53,0" doraHai="59,20" doraHaiUra="116,66" who="0" fromWho="0" sc="270,263,230,-81,240,-81,240,-81" /><INIT seed="0,2,0,3,5,64" ten="533,149,159,159" oya="0" hai0="25,95,0,57,20,112,15,6,37,101,5,21,97" hai1="54,107,111,50,103,117,17,7,67,71,53,56,76" hai2="99,66,47,46,10,19,130,49,106,13,43,88,73" hai3="1,69,12,122,116,9,30,79,72,4,120,132,126"/><T110/><D0/><U108/><E117/><V39/><F130/><W80/><G116/><T63/><D37/><U100/><E7/><V90/><F73/><W35/><G126/><T123/><D112/><U65/><E76/><V82/><F66/><N who="1" m="25097" /><E107/><V70/><F70/><W127/><G127/><T92/><D110/><N who="1" m="42027" /><E71/><V28/><F28/><W113/><G113/><T134/><D134/><U91/><E91/><V125/><F125/><W62/><G132/><T8/><D123/><N who="3" m="47145" /><G69/><T42/><D5/><U135/><E135/><V26/><F26/><N who="3" m="18903" /><G62/><T87/><D42/><U75/><E75/><V104/><F82/><W74/><G74/><T29/><D63/><N who="1" m="36239" /><E17/><V81/><F81/><W115/><G115/><T61/><D61/><U24/><E24/><V133/><F133/><W94/><G94/><T114/><D114/><U36/><E36/><V55/><REACH who="2" step="1"/><F106/><REACH who="2" ten="533,149,149,159" step="2"/><W121/><G121/><T119/><D119/><U14/><E14/><AGARI ba="2,1" hai="1,4,9,12,14,72,79,80" m="18903,47145" machi="14" ten="30,1000,0" yaku="13,1" doraHai="64" who="3" fromWho="1" sc="533,0,149,-16,149,0,159,26" /><INIT seed="1,0,0,4,4,122" ten="533,133,149,185" oya="1" hai0="37,31,134,51,75,124,82,27,74,83,68,55,128" hai1="7,3,86,101,127,97,62,126,129,118,95,26,120" hai2="16,8,45,89,125,32,92,44,47,103,107,63,38" hai3="56,39,116,10,65,6,13,21,113,54,52,109,108"/><U88/><E120/><V33/><F38/><W106/><G113/><T115/><D68/><U69/><E118/><V131/><F125/><N who="1" m="47625" /><E129/><V96/><F131/><W34/><G34/><T79/><D37/><U17/><E7/><V5/><F63/><N who="3" m="38119" /><G116/><T111/><D115/><U87/><E3/><V66/><F66/><W78/><G106/><T61/><D134/><U48/><E48/><V57/><F57/><W25/><G78/><T110/><D61/><U84/><E62/><V60/><F60/><W114/><G114/><T91/><D128/><U11/><E69/><V40/><F40/><W50/><G50/><T132/><D132/><U81/><E26/><V90/><F16/><N who="3" m="12455" /><G39/><T49/><D49/><U46/><E46/><V76/><F76/><W41/><G41/><T104/><D124/><U123/><E123/><V12/><REACH who="2" step="1"/><F90/><REACH who="2" ten="533,133,139,185" step="2"/><W15/><G15/><AGARI ba="0,1" hai="11,15,17,81,84,86,87,88,95,97,101" m="47625" machi="15" ten="30,2900,0" yaku="18,1,54,1" doraHai="122" who="1" fromWho="3" sc="533,0,133,39,139,0,185,-29" /><INIT seed="1,1,0,2,5,2" ten="533,172,139,156" oya="1" hai0="37,71,134,126,17,88,72,106,135,129,75,87,4" hai1="60,13,20,48,46,3,128,68,64,28,62,100,80" hai2="92,47,27,90,11,89,109,119,14,26,98,43,84" hai3="33,69,76,16,19,115,105,41,116,125,77,73,91"/><U7/><E128/><V58/><F109/><W42/><G115/><T102/><D37/><U51/><E100/><V29/><F119/><W86/><G69/><T131/><D71/><U94/><E62/><V113/><F113/><W93/><G116/><T9/><D17/><N who="3" m="6729" /><G33/><T15/><D126/><U30/><E94/><V79/><F58/><W85/><G105/><T118/><D118/><U112/><E3/><V82/><F89/><N who="3" m="53423" /><G73/><N who="0" m="28235" /><D106/><U50/><E112/><V44/><F29/><W61/><G61/><T133/><D102/><U65/><E60/><V38/><REACH who="2" step="1"/><F47/><REACH who="2" ten="533,172,129,156" step="2"/><W103/><G125/><T121/><D121/><U57/><E46/><V111/><F111/><W5/><G103/><T123/><D123/><U63/><E57/><V53/><F53/><W25/><G76/><T8/><D8/><U52/><E52/><V1/><F1/><W81/><G77/><T67/><D67/><U66/><E64/><V104/><F104/><W34/><G91/><T78/><D78/><U18/><E65/><V10/><F10/><W32/><G41/><T22/><D22/><U55/><E55/><V110/><F110/><W54/><G42/><T40/><D40/><U24/><E30/><V101/><F101/><W45/><G54/><T39/><D39/><U83/><E28/><V117/><F117/><W35/><G32/><T36/><D36/><U107/><E107/><V132/><F132/><W23/><G35/><T31/><D31/><U56/><E68/><V74/><F74/><W70/><G34/><T99/><D134/><U0/><E0/><V6/><AGARI ba="1,1" hai="6,11,14,26,27,38,43,44,79,82,84,90,92,98" machi="6" ten="20,5200,0" yaku="1,1,0,1,7,1,52,1,53,0" doraHai="2" doraHaiUra="97" who="2" fromWho="2" sc="533,-14,172,-27,129,65,156,-14" /><INIT seed="2,0,0,2,0,100" ten="519,145,194,142" oya="2" hai0="132,64,116,87,40,85,59,22,81,32,74,120,51" hai1="55,77,60,18,36,73,48,33,57,25,52,111,15" hai2="7,103,24,58,12,134,79,104,122,1,75,56,101" hai3="5,41,23,63,86,110,43,84,4,30,70,114,45"/><V124/><F122/><W44/><G110/><T82/><D32/><U112/><E112/><V71/><F71/><W109/><G109/><T10/><D74/><U108/><E36/><V29/><F1/><W38/><G114/><T123/><D132/><U62/><E73/><V127/><F134/><W8/><G70/><T90/><D116/><U17/><E77/><V27/><F79/><W125/><G125/><N who="2" m="48201" /><F75/><W6/><G63/><T66/><D123/><U3/><E3/><V119/><F119/><W35/><G35/><T11/><D22/><U21/><E60/><V121/><F27/><W61/><G61/><N who="0" m="37951" /><D66/><U42/><E42/><N who="3" m="15882" /><G8/><T9/><D120/><U26/><E26/><V129/><F129/><W72/><G72/><T118/><D118/><U76/><E76/><V34/><F121/><W115/><G38/><T49/><D40/><U65/><E55/><V14/><F103/><W83/><G115/><T69/><D69/><U91/><E91/><AGARI ba="0,0" hai="9,10,11,49,51,81,82,85,87,90,91" m="37951" machi="91" ten="30,1000,0" yaku="8,1" doraHai="100" who="0" fromWho="1" sc="519,10,145,-10,194,0,142,0" /><INIT seed="3,0,0,0,0,30" ten="529,135,194,142" oya="3" hai0="44,0,9,2,83,15,69,129,76,123,64,73,29" hai1="57,22,109,36,65,37,87,8,104,132,3,91,84" hai2="46,51,45,105,50,63,39,35,26,40,120,106,103" hai3="32,86,108,1,124,74,23,90,81,6,77,119,93"/><W28/><G119/><T53/><D123/><U94/><E104/><V110/><F110/><W38/><G38/><T42/><D29/><U49/><E109/><V4/><F103/><W56/><G108/><T54/><D54/><U34/><E34/><V99/><F99/><W100/><G124/><T82/><D53/><N who="1" m="31919" /><E65/><V89/><F4/><W55/><G32/><T72/><D129/><U33/><E33/><V70/><F89/><W18/><G100/><T66/><D66/><U97/><E132/><V47/><F47/><W133/><G133/><T107/><D107/><U102/><E84/><V131/><F131/><W135/><G135/><T12/><D12/><U24/><E8/><V118/><F118/><W20/><G28/><T96/><D96/><U92/><E3/><V134/><F120/><W60/><REACH who="3" step="1"/><G18/><REACH who="3" ten="529,135,194,132" step="2"/><N who="0" m="8559" /><D73/><U113/><E113/><V67/><F39/><W75/><G75/><T121/><D72/><U31/><E37/><V48/><F134/><W27/><G27/><T116/><D116/><U112/><E36/><V25/><F35/><W130/><G130/><T78/><D121/><U98/><E112/><V16/><F26/><W71/><G71/><T11/><D69/><U7/><E7/><V10/><F25/><W117/><G117/><T88/><D0/><U111/><E111/><V114/><F114/><W21/><G21/><T5/><D5/><U41/><E41/><V115/><F16/><W95/><G95/><N who="1" m="36394" /><E102/><V59/><F40/><W68/><G68/><T80/><D2/><U126/><E126/><V43/><F43/><W79/><G79/><N who="0" m="30251" /><D42/><U58/><E58/><RYUUKYOKU ba="0,1" sc="529,-15,135,15,194,-15,132,15" hai1="22,24,31,87,91,97,98" hai3="1,6,20,23,55,56,60,74,77,81,86,90,93" /><INIT seed="3,1,1,1,5,77" ten="514,150,179,147" oya="3" hai0="74,98,71,20,104,76,61,26,40,108,116,124,35" hai1="106,67,105,118,85,135,120,48,8,62,109,50,6" hai2="80,82,9,75,95,72,28,43,12,93,114,56,45" hai3="52,78,10,132,65,117,107,5,25,18,133,58,60"/><W131/><G117/><T90/><D108/><U32/><E109/><V0/><F114/><W38/><G107/><T122/><D40/><U121/><E118/><V24/><F0/><W63/><G38/><T13/><D90/><U42/><E32/><V73/><F56/><W81/><G131/><T97/><D97/><U51/><E42/><V55/><F55/><W64/><G18/><T113/><D122/><U87/><E135/><N who="3" m="51786" /><G25/><T79/><D26/><U21/><E21/><V23/><F93/><W134/><N who="3" m="51794" /><W126/><DORA hai="53" /><G63/><T31/><D61/><U11/><E62/><V125/><F95/><W86/><G126/><T54/><D104/><N who="1" m="40043" /><E6/><V57/><F125/><W7/><G7/><T127/><D116/><U4/><E4/><V15/><F24/><W68/><G68/><T41/><D71/><U16/><E16/><V27/><F27/><W110/><G110/><T100/><D127/><U59/><E121/><V69/><F69/><W84/><G84/><N who="1" m="32330" /><E120/><V102/><F28/><W123/><G123/><T14/><D31/><U39/><E39/><V128/><F73/><W30/><G30/><T1/><D74/><U33/><E33/><V17/><F75/><W34/><G34/><T36/><D35/><U29/><E29/><V103/><F72/><W111/><G111/><T112/><D36/><U49/><N who="1" m="12288" /><DORA hai="129" /><U19/><E19/><V130/><F130/><W101/><G101/><N who="2" m="38409" /><F128/><W22/><G22/><T92/><D20/><U3/><E3/><AGARI ba="1,1" hai="3,5,10,52,58,60,64,65,78,81,86" m="51794" machi="3" ten="40,24000,3" yaku="20,1,52,6,54,1" doraHai="77,53,129" who="3" fromWho="1" sc="514,0,150,-243,179,0,147,253" owari="514,61.4,-93,-59.3,179,-22.1,400,20.0" /></mjloggm>