<mjloggm ver="2.3"><GO type="225" lobby="0"/><UN n0="%E3%83%AD%E3%83%83%E3%83%86%E9%9B%80%E7%90%83" n1="%E5%AF%82%E5%AF%9E%E3%82%AE%E3%83%8D%E3%82%B9%E3%83%93%E3%83%BC%E3%83%AB" n2="%E3%81%B8%E3%82%80%E3%81%B8%E3%82%80%EF%BC%92%E5%8F%B7" n3="%E3%81%8A%E3%81%8B%E3%81%8F%E3%82%89" dan="17,16,17,16" rate="2173.79,2139.83,2204.83,2050.80" sx="M,M,M,M"/><TAIKYOKU oya="0"/><INIT seed="0,0,0,0,5,65" ten="250,250,250,250" oya="0" hai0="105,108,56,121,38,87,26,96,57,131,84,89,115" hai1="45,112,37,125,53,28,110,44,114,90,55,99,31" hai2="33,106,5,111,80,50,19,75,83,12,62,71,127" hai3="23,81,77,61,101,85,135,27,10,13,2,98,48"/><T122/><D115/><N who="1" m="44075" /><E110/><V86/><F106/><W132/><G2/><T68/><D38/><U82/><E125/><V126/><F75/><W8/><G61/><T40/><D40/><U29/><E37/><V67/><F33/><W76/><G48/><T103/><D131/><U24/><E24/><V1/><F50/><W116/><G76/><T95/><D108/><U58/><E99/><V104/><F104/><W130/><G130/><T93/><D68/><U124/><E124/><N who="2" m="47659" /><F111/><W46/><G46/><N who="1" m="18026" /><E58/><V60/><F60/><W91/><G116/><T66/><D26/><U32/><E32/><V30/><F30/><W72/><G135/><T17/><D17/><U134/><E134/><V0/><F5/><W123/><G132/><T113/><D113/><U7/><E7/><V74/><F74/><W119/><G72/><T92/><D57/><U22/><E22/><N who="2" m="11623" /><F86/><AGARI ba="0,0" hai="28,29,31,53,55,82,86,90" m="18026,44075" machi="86" ten="40,1300,0" yaku="11,1" doraHai="65" who="1" fromWho="2" sc="250,0,250,13,250,-13,250,0" /><INIT seed="1,0,0,2,2,82" ten="250,263,237,250" oya="1" hai0="110,5,11,64,30,94,106,4,19,123,8,124,128" hai1="74,76,1,100,104,66,97,119,69,9,29,109,6" hai2="21,27,59,55,120,52,50,61,24,2,87,47,72" hai3="77,133,40,10,15,45,122,31,132,130,56,73,78"/><U57/><E119/><V37/><F72/><W80/><G122/><T105/><D110/><U62/><E29/><V117/><F117/><W34/><G130/><T98/><D124/><U23/><E23/><V129/><F129/><W99/><G99/><T118/><D118/><U71/><REACH who="1" step="1"/><E109/><REACH who="1" ten="250,253,237,250" step="2"/><V51/><F120/><W88/><G31/><T46/><D30/><U22/><E22/><V115/><F115/><W114/><G114/><T14/><D128/><U95/><E95/><V54/><F2/><W90/><G34/><T134/><D94/><U127/><E127/><V67/><F37/><W13/><G133/><T49/><D134/><U26/><E26/><V0/><F0/><W68/><G132/><T112/><D112/><U125/><E125/><V17/><F24/><W93/><G93/><T103/><D123/><U48/><E48/><V96/><F50/><W131/><G131/><T65/><D106/><U25/><E25/><V53/><F96/><W83/><G15/><T111/><D111/><U58/><E58/><V41/><N who="2" m="13312" /><DORA hai="81" /><V86/><AGARI ba="0,1" hai="17,21,27,41,47,51,59,61,67,86,87" m="13312" machi="86" ten="40,16000,3" yaku="4,1,0,1,8,1,52,4,54,1" doraHai="82,81" who="2" fromWho="2" sc="250,-40,253,-80,237,170,250,-40" /><INIT seed="2,0,0,3,2,46" ten="210,173,407,210" oya="2" hai0="33,81,17,128,80,122,22,44,119,43,52,57,90" hai1="126,28,115,64,114,35,45,87,110,12,83,31,50" hai2="129,66,53,23,67,120,75,69,121,93,42,134,13" hai3="111,39,47,101,127,71,61,99,102,117,6,41,76"/><V16/><F75/><W89/><G117/><T49/><D128/><U98/><E110/><V73/><F73/><W58/><G111/><T24/><D122/><U70/><E126/><V20/><F129/><W91/><G71/><T55/><D119/><U1/><E1/><V94/><F134/><W59/><G76/><T9/><D33/><U11/><E98/><V124/><F124/><W118/><G118/><T92/><D9/><U97/><E97/><V19/><F42/><W132/><G132/><T74/><D74/><U78/><E70/><V51/><F69/><W4/><G58/><T107/><D107/><U68/><E64/><N who="2" m="24619" /><F121/><W63/><G102/><T7/><D7/><U109/><E68/><V62/><F62/><W32/><G63/><N who="0" m="36263" /><D43/><U29/><E35/><V2/><F2/><W0/><G32/><T103/><D103/><U85/><E85/><AGARI ba="0,0" hai="17,22,24,44,49,55,80,81,85,90,92" m="36263" machi="85" ten="30,3900,0" yaku="8,1,52,1,54,1" doraHai="46" who="0" fromWho="1" sc="210,39,173,-39,407,0,210,0" /><INIT seed="3,0,0,2,0,60" ten="249,134,407,210" oya="3" hai0="22,49,93,117,73,128,112,18,89,74,116,115,61" hai1="113,85,72,21,103,34,131,92,132,57,30,62,51" hai2="97,69,36,87,70,42,6,96,56,106,45,2,76" hai3="23,20,58,4,15,123,13,82,1,120,11,105,109"/><W33/><G105/><T50/><D128/><U99/><E72/><N who="0" m="27753" /><D61/><U28/><E131/><V86/><F56/><W100/><G100/><T48/><D22/><N who="3" m="8233" /><G82/><T75/><D18/><U59/><E34/><V19/><F106/><W101/><G58/><T94/><D75/><U31/><E132/><V135/><F135/><W32/><G101/><T5/><D5/><U63/><E113/><N who="0" m="43593" /><D94/><U124/><E124/><V111/><F111/><W9/><G109/><T102/><D102/><U64/><E85/><AGARI ba="0,0" hai="48,49,50,85,89,93,116,117" m="43593,27753" machi="85" ten="40,1300,0" yaku="11,1" doraHai="60" who="0" fromWho="1" sc="249,13,134,-13,407,0,210,0" owari="262,6.2,121,-37.9,407,50.7,210,-19.0" /></mjloggm>