<mjloggm ver="2.3"><GO type="225" lobby="0"/><UN n0="%E6%AF%9B%E8%8D%92%E3%82%8C%E3%83%BB%E3%82%B9%E3%83%9F%E3%82%B9" n1="%E3%83%97%E3%83%AC%E3%83%B4%E3%82%A1%E3%83%86%E3%82%A3" n2="%E3%81%BF%E3%81%BF%E3%81%9A" n3="%E6%B0%B7%E5%B7%9D%E9%87%8C%E5%A5%88" dan="16,16,16,16" rate="2014.00,2141.31,2145.75,2122.30" sx="F,F,M,F"/><TAIKYOKU oya="0"/><INIT seed="0,0,0,5,4,114" ten="250,250,250,250" oya="0" hai0="24,14,48,27,110,54,32,74,8,66,29,104,116" hai1="18,51,117,12,64,1,28,65,101,95,102,122,40" hai2="50,96,77,130,44,6,128,60,127,39,15,88,19" hai3="129,82,4,105,2,25,118,92,133,107,119,94,100"/><T52/><D116/><U93/><E117/><V73/><F127/><W83/><G25/><T3/><D74/><U55/><E1/><V120/><F120/><W43/><G43/><T42/><D104/><U111/><E122/><V123/><F123/><W53/><G53/><T106/><D106/><U30/><E40/><V81/><F39/><W16/><G4/><T108/><D3/><U71/><E111/><N who="0" m="42537" /><D66/><N who="1" m="25707" /><E71/><V76/><F60/><W97/><G2/><T87/><D24/><U103/><E51/><V13/><F6/><W67/><G67/><T59/><D87/><U46/><E46/><V91/><F77/><W49/><G49/><N who="0" m="31119" /><D42/><U21/><E55/><N who="2" m="30151" /><F13/><W26/><G107/><T70/><D70/><U99/><E99/><V125/><F96/><W89/><G105/><T124/><D124/><U47/><E47/><V5/><F125/><W112/><G112/><T69/><D69/><U23/><E23/><N who="2" m="11775" /><F5/><W22/><G129/><AGARI ba="0,0" hai="73,76,81,88,91,128,129,130" m="11775,30151" machi="129" ten="30,2000,0" yaku="19,1,54,1" doraHai="114" who="2" fromWho="3" sc="250,0,250,0,250,20,250,-20" /><INIT seed="1,0,0,4,1,128" ten="250,250,270,230" oya="1" hai0="40,44,64,27,109,123,94,63,126,90,61,76,15" hai1="59,28,71,34,45,48,68,121,14,96,35,111,21" hai2="127,119,134,13,1,132,58,22,67,33,95,99,31" hai3="32,56,124,8,57,26,81,107,29,18,93,5,24"/><U98/><E121/><V79/><F119/><W53/><G107/><T105/><D109/><U114/><E114/><V103/><F1/><W36/><G124/><T4/><D126/><U69/><E111/><V92/><F127/><W10/><G36/><T87/><D123/><U6/><E59/><V25/><F79/><W122/><G122/><T86/><D105/><U108/><E108/><V82/><F82/><W39/><G39/><T19/><D4/><U113/><E113/><V9/><F33/><W66/><G81/><N who="0" m="47399" /><D27/><U104/><E104/><V88/><F67/><W30/><G93/><T17/><D64/><U112/><E112/><V89/><F58/><W106/><G106/><T110/><D110/><U75/><E75/><V38/><F38/><W49/><G18/><N who="0" m="6667" /><D15/><U52/><E6/><N who="2" m="3255" /><F95/><W80/><G80/><T129/><D129/><U97/><REACH who="1" step="1"/><E14/><REACH who="1" ten="250,240,270,230" step="2"/><V83/><F83/><W11/><G66/><T102/><D102/><U77/><E77/><V72/><F72/><W37/><G57/><T0/><D0/><U50/><E50/><AGARI ba="0,1" hai="40,44,50,61,63,87,90,94" m="6667,47399" machi="50" ten="30,1000,0" yaku="8,1" doraHai="128" who="0" fromWho="1" sc="250,20,240,-10,270,0,230,0" /><INIT seed="2,0,0,2,5,35" ten="270,230,270,230" oya="2" hai0="4,126,38,63,12,135,75,82,95,133,129,64,97" hai1="102,73,80,121,69,100,67,37,65,54,11,106,109" hai2="62,105,49,17,18,110,29,59,83,42,21,117,134" hai3="34,130,84,10,81,22,87,26,25,96,43,50,112"/><V89/><F117/><W33/><G130/><T98/><D126/><U90/><E109/><V13/><F105/><W56/><G112/><T53/><D129/><U27/><E37/><V48/><F110/><W72/><G72/><T16/><D38/><U115/><E115/><V108/><F108/><W118/><G118/><T79/><D4/><U46/><E121/><V20/><F134/><N who="0" m="51210" /><D53/><U71/><E106/><V114/><F29/><W30/><G96/><T24/><D24/><U104/><E104/><V120/><F42/><W28/><G22/><N who="0" m="11527" /><D95/><U5/><E27/><V2/><F120/><W55/><G43/><T91/><D91/><U60/><E46/><V1/><F114/><W51/><G51/><T45/><D45/><U44/><E44/><V0/><F89/><W127/><G127/><T19/><D19/><U41/><E41/><V66/><REACH who="2" step="1"/><F83/><REACH who="2" ten="270,230,260,230" step="2"/><W92/><G81/><T122/><D122/><U9/><E90/><V88/><F88/><W131/><G131/><T31/><D31/><U14/><E80/><V70/><F70/><AGARI ba="0,1" hai="63,64,70,75,79,82,97,98" m="11527,51210" machi="70" ten="30,2000,0" yaku="20,1,54,1" doraHai="35" who="0" fromWho="2" sc="270,30,230,0,260,-20,230,0" /><INIT seed="3,0,0,3,2,95" ten="300,230,240,230" oya="3" hai0="73,21,38,102,99,88,25,36,15,107,135,85,48" hai1="94,67,16,106,1,59,23,42,65,84,133,96,56" hai2="60,110,112,129,61,44,3,66,97,18,79,78,98" hai3="131,81,13,35,39,68,134,70,50,126,115,91,74"/><W28/><G115/><T130/><D73/><U127/><E1/><V6/><F3/><W90/><G39/><T33/><D130/><U124/><E42/><V132/><F112/><W86/><G131/><T72/><D72/><U119/><E119/><V69/><F6/><W58/><G134/><T111/><D135/><U57/><E133/><V45/><F132/><W53/><G126/><N who="1" m="48170" /><E106/><V10/><F129/><W12/><G74/><T89/><D111/><U37/><E84/><V92/><F110/><W40/><G40/><T27/><D89/><N who="1" m="55375" /><E37/><V121/><F121/><W87/><G68/><T105/><D107/><U101/><E101/><V5/><F92/><W54/><G70/><T114/><D114/><U29/><E29/><V7/><F69/><W108/><G108/><T17/><D27/><AGARI ba="0,0" hai="16,23,27,56,57,59,65,67" m="55375,48170" machi="27" ten="30,3900,0" yaku="18,1,52,1,54,1" doraHai="95" who="1" fromWho="0" sc="300,-39,230,39,240,0,230,0" /><INIT seed="4,0,0,4,5,122" ten="261,269,240,230" oya="0" hai0="81,125,98,44,57,106,105,17,90,131,79,134,71" hai1="54,9,123,78,128,14,68,64,97,74,30,109,93" hai2="70,115,24,52,69,15,103,10,26,117,130,63,12" hai3="2,60,51,58,108,112,96,133,28,35,7,20,127"/><T34/><D34/><U33/><E123/><V110/><F115/><W66/><G35/><T49/><D71/><U100/><E128/><V37/><F37/><W88/><G112/><T29/><D131/><U62/><E74/><V3/><F3/><W21/><G133/><T72/><D29/><U102/><E78/><V45/><F110/><W75/><G75/><T126/><D134/><U84/><E84/><V55/><F130/><W23/><G127/><N who="0" m="48651" /><D57/><U132/><E132/><V104/><F117/><W6/><G28/><T46/><D17/><U82/><E82/><V114/><F114/><W119/><G119/><T5/><D5/><N who="3" m="1545" /><G108/><T135/><D135/><U47/><E109/><V53/><F70/><W18/><G2/><T56/><D56/><U118/><E118/><V107/><F69/><W86/><G96/><T99/><D44/><U124/><E124/><V4/><F45/><W116/><G116/><T129/><D129/><U11/><E14/><V91/><F15/><N who="3" m="9311" /><G51/><T59/><D59/><U73/><E73/><V31/><F31/><W67/><G67/><T13/><D13/><U65/><E65/><V61/><F24/><W95/><AGARI ba="0,0" hai="21,23,58,60,66,86,88,95" m="9311,1545" machi="95" ten="30,2000,0" yaku="8,1,54,1" doraHai="122" who="3" fromWho="3" sc="261,-10,269,-5,240,-5,230,20" /><INIT seed="5,0,0,3,1,51" ten="251,264,235,250" oya="1" hai0="31,40,39,48,89,134,132,76,33,5,13,109,9" hai1="130,8,0,52,92,120,107,37,58,94,2,25,3" hai2="121,99,72,32,6,1,62,113,114,101,28,64,91" hai3="7,110,19,42,65,61,123,57,88,11,23,38,63"/><U111/><E37/><V84/><F72/><W86/><G110/><T98/><D109/><U36/><E111/><V24/><F121/><W66/><G123/><T18/><D39/><U55/><E36/><V81/><F6/><W103/><G103/><T17/><D76/><U100/><E120/><V135/><F1/><W133/><G133/><N who="0" m="51307" /><D31/><U27/><E8/><V20/><F135/><W44/><G23/><T90/><D33/><U49/><E130/><V77/><F77/><W96/><G96/><T80/><D98/><U119/><E119/><V26/><F26/><W93/><G19/><N who="0" m="7179" /><D80/><U68/><E68/><V73/><F73/><W41/><G41/><T67/><D67/><U12/><E12/><V54/><F54/><N who="1" m="20521" /><E49/><V124/><F124/><W70/><G11/><T78/><D78/><U85/><E58/><V47/><F47/><AGARI ba="0,0" hai="5,9,13,40,47,48,89,90" m="7179,51307" machi="47" ten="30,1000,0" yaku="20,1" doraHai="51" who="0" fromWho="2" sc="251,10,264,0,235,-10,250,0" /><INIT seed="6,0,0,0,2,77" ten="261,264,225,250" oya="2" hai0="62,97,45,40,89,63,85,98,25,8,18,54,38" hai1="102,41,99,88,48,7,22,71,11,105,72,122,124" hai2="42,15,115,109,91,134,29,125,55,1,53,119,9" hai3="101,90,87,5,17,84,3,131,35,32,34,10,33"/><V79/><F119/><W21/><G101/><T120/><D120/><U13/><E122/><V14/><F1/><W28/><G131/><T107/><D107/><U130/><E71/><V133/><F115/><W129/><G129/><T47/><D62/><U104/><E130/><V26/><F125/><W114/><G114/><T135/><D135/><N who="2" m="51722" /><F109/><W46/><G46/><T24/><D24/><U43/><E72/><V86/><F79/><W59/><G59/><T74/><D74/><U78/><E78/><V37/><F42/><W36/><G36/><T112/><D112/><U116/><E116/><V6/><F15/><N who="3" m="9407" /><G90/><T75/><D75/><U128/><E128/><V4/><F4/><W66/><G66/><T31/><D45/><U83/><E105/><V19/><F6/><W0/><G0/><T111/><D111/><U103/><E124/><V68/><F37/><W95/><G95/><T2/><D2/><U92/><E48/><V73/><F73/><W70/><G70/><T60/><D54/><U12/><E104/><V30/><F68/><W127/><G127/><T108/><D108/><U123/><E123/><V69/><F69/><W58/><G58/><T20/><D63/><U56/><E56/><V106/><F106/><W96/><G96/><T93/><D60/><U113/><E113/><V94/><F30/><W82/><G82/><T61/><D61/><U126/><E126/><V118/><F118/><W67/><G67/><T81/><D93/><U51/><E51/><V39/><F39/><W132/><G132/><T121/><D121/><U23/><E99/><N who="0" m="37897" /><D31/><U44/><E92/><RYUUKYOKU ba="0,0" sc="261,10,264,-30,225,10,250,10" hai0="8,18,20,25,38,40,47,81,85,89" hai2="9,14,19,26,29,53,55,86,91,94" hai3="3,5,10,28,32,33,34,35,84,87" /><INIT seed="6,1,0,2,1,113" ten="271,234,235,260" oya="2" hai0="27,112,21,85,67,34,38,45,95,29,57,59,69" hai1="61,40,103,82,5,37,55,53,26,125,128,79,22" hai2="3,1,56,127,97,117,114,44,64,43,49,51,111" hai3="96,7,87,28,99,8,106,24,108,39,100,92,74"/><V18/><F117/><W123/><G108/><T13/><D112/><U6/><E125/><V41/><F114/><W115/><G123/><T116/><D116/><U70/><E128/><V130/><F130/><W94/><G115/><T107/><D107/><U88/><E103/><V134/><F127/><W105/><G74/><T101/><D69/><U16/><E37/><V77/><F111/><W98/><G39/><T9/><D67/><U14/><E40/><V80/><F134/><W23/><G87/><T121/><D121/><U78/><E70/><V46/><F18/><W60/><G60/><T63/><D63/><U124/><E124/><V62/><REACH who="2" step="1"/><F97/><REACH who="2" ten="271,234,225,260" step="2"/><W66/><G99/><T58/><D29/><U47/><E5/><V90/><F90/><W20/><G106/><T131/><D131/><U86/><E6/><V65/><F65/><W91/><G66/><T126/><D126/><U68/><E68/><V84/><AGARI ba="1,1" hai="1,3,41,43,44,46,49,51,56,62,64,77,80,84" machi="84" ten="20,7800,0" yaku="1,1,0,1,7,1,9,1,53,0" doraHai="113" doraHaiUra="109" who="2" fromWho="2" sc="271,-27,234,-27,225,91,260,-27" owari="244,4.4,207,-29.3,316,41.6,233,-16.7" /></mjloggm>