<mjloggm ver="2.3"><GO type="225" lobby="0"/><UN n0="%E3%83%A9%E3%83%BC%E3%83%A1%E3%83%B3%E4%BA%94%E9%83%8E" n1="%E3%82%BC%E3%83%AB%E3%83%80%E3%81%AE%E4%BC%9D%E8%AA%AC" n2="%E3%81%B6%E3%82%8B%E3%82%8B%E3%81%B6%E3%81%B6" n3="%E4%B8%8B%E6%AE%B5%E3%83%81%E3%82%A7%E3%83%AA%E3%83%BC" dan="16,16,16,16" rate="2088.58,2106.55,2070.55,2109.19" sx="M,M,M,M"/><TAIKYOKU oya="0"/><INIT seed="0,0,0,5,1,3" ten="250,250,250,250" oya="0" hai0="39,116,120,1,78,29,92,85,46,24,79,57,54" hai1="6,117,94,64,112,122,67,127,32,114,125,25,26" hai2="102,36,21,87,58,70,111,133,44,129,15,105,106" hai3="135,37,10,20,103,108,73,0,35,81,11,5,40"/><T28/><D116/><U62/><E94/><V118/><F111/><W27/><G108/><T65/><D120/><U34/><E62/><V30/><F70/><W33/><G103/><T82/><D1/><U22/><E22/><V124/><F118/><W16/><G11/><T107/><D107/><U97/><E97/><V91/><F102/><W80/><G135/><T93/><D78/><U123/><REACH who="1" step="1"/><E117/><REACH who="1" ten="250,240,250,250" step="2"/><V4/><F133/><W104/><G104/><T9/><D93/><U77/><E77/><V17/><F106/><W74/><G81/><T86/><D92/><U115/><E115/><V130/><F105/><W41/><G41/><T84/><D79/><U119/><E119/><V71/><F21/><W83/><G80/><T75/><D82/><U101/><E101/><V19/><F129/><W55/><G55/><T121/><D54/><U110/><E110/><V50/><F130/><W14/><G83/><T95/><D95/><U96/><E96/><V131/><F131/><W42/><G42/><N who="0" m="22879" /><D75/><U63/><E63/><V47/><F91/><W98/><G98/><T61/><D84/><U12/><E12/><V2/><F87/><W48/><G48/><T13/><D121/><U49/><E49/><V45/><F50/><W113/><G113/><T53/><D85/><U128/><E128/><V76/><F76/><W60/><G60/><N who="0" m="35887" /><D86/><U8/><E8/><V59/><F2/><W132/><G132/><T89/><D89/><U90/><E90/><V51/><F51/><W88/><G88/><T72/><D72/><N who="3" m="27753" /><G0/><T43/><D61/><U23/><E23/><V69/><F15/><RYUUKYOKU ba="0,1" sc="250,-15,240,15,250,-15,250,15" hai1="6,25,26,32,34,64,67,112,114,122,123,125,127" hai3="5,10,14,16,20,27,33,35,37,40" /><INIT seed="1,1,1,4,3,133" ten="235,255,235,265" oya="1" hai0="127,69,30,19,12,86,104,45,85,74,75,27,56" hai1="109,116,114,113,66,96,33,87,9,52,14,39,98" hai2="48,128,132,82,78,76,84,3,36,43,103,72,40" hai3="92,22,79,32,117,105,24,73,110,71,99,62,90"/><U37/><E116/><V49/><F132/><W8/><G117/><T134/><D69/><U20/><E33/><V63/><F3/><W16/><G110/><T81/><D134/><U100/><E109/><V2/><F2/><W65/><G105/><T53/><D104/><U68/><E20/><V61/><F128/><W31/><G8/><T17/><D45/><U80/><E68/><V35/><F35/><W47/><G47/><T123/><D123/><U23/><E66/><V58/><F84/><W112/><G112/><T38/><D38/><U129/><E23/><V120/><F120/><W44/><G44/><T88/><D85/><U0/><E0/><V67/><F67/><W50/><G50/><T130/><D130/><U83/><E129/><V51/><F51/><W91/><G79/><T4/><D4/><U108/><E108/><V1/><F1/><W59/><G73/><T124/><D27/><U107/><E52/><V34/><F34/><W25/><REACH who="3" step="1"/><G71/><REACH who="3" ten="235,255,235,255" step="2"/><T60/><D74/><U115/><E39/><V119/><F72/><W102/><AGARI ba="1,2" hai="16,22,24,25,31,32,59,62,65,90,91,92,99,102" machi="102" ten="20,8000,1" yaku="1,1,2,1,0,1,7,1,54,1,53,0" doraHai="133" doraHaiUra="131" who="3" fromWho="3" sc="235,-21,255,-41,235,-21,255,103" /><INIT seed="2,0,0,0,3,84" ten="214,214,214,358" oya="2" hai0="1,117,56,12,6,77,96,116,80,72,76,45,118" hai1="71,110,62,37,4,70,94,29,3,14,90,130,11" hai2="83,68,129,107,16,112,108,48,104,93,102,114,111" hai3="105,92,26,35,49,100,75,132,81,47,79,95,74"/><V67/><F129/><W19/><G75/><T55/><D1/><U28/><E130/><V59/><F83/><W31/><G132/><T53/><D76/><U123/><E37/><V109/><F68/><W23/><G105/><N who="2" m="40521" /><F67/><W113/><G113/><T13/><D45/><U120/><E110/><V101/><F16/><W65/><G65/><T91/><D6/><U51/><E3/><V39/><F39/><W44/><G100/><N who="2" m="38505" /><F93/><W10/><G10/><T50/><REACH who="0" step="1"/><D53/><AGARI ba="0,0" hai="48,53,59,108,109,111,112,114" m="38505,40521" machi="53" ten="40,3900,0" yaku="14,1,10,1" doraHai="84" who="2" fromWho="0" sc="214,-39,214,0,214,39,358,0" /><INIT seed="2,1,0,0,0,54" ten="175,214,253,358" oya="2" hai0="97,50,23,111,9,1,94,113,118,78,124,25,48" hai1="17,122,8,13,60,127,70,135,63,85,110,67,62" hai2="88,74,98,69,82,38,49,109,52,99,84,7,71" hai3="22,59,37,120,80,11,56,93,116,46,123,4,19"/><V45/><F74/><W57/><G116/><T53/><D113/><U47/><E110/><V64/><F109/><W75/><G93/><T18/><D111/><U44/><E127/><V76/><F7/><W14/><G37/><T24/><D124/><U10/><E135/><V68/><F64/><W55/><G46/><T3/><D118/><U119/><E119/><V39/><REACH who="2" step="1"/><F76/><REACH who="2" ten="175,214,243,358" step="2"/><W89/><G123/><T95/><D78/><U104/><E122/><V134/><F134/><W65/><G120/><T36/><D1/><U130/><E67/><V83/><F83/><W121/><G121/><T90/><D3/><U101/><E130/><V92/><F92/><W61/><G65/><T103/><D94/><U102/><E104/><V35/><F35/><W107/><G107/><T108/><D108/><U30/><E70/><V105/><F105/><W34/><G34/><T15/><D103/><U117/><E117/><V114/><F114/><W87/><G75/><T91/><D91/><U5/><E102/><V58/><F58/><W125/><G125/><T26/><D36/><AGARI ba="1,1" hai="36,38,39,45,49,52,68,69,71,82,84,88,98,99" machi="36" ten="50,12000,1" yaku="1,1,54,2,53,1" doraHai="54" doraHaiUra="79" who="2" fromWho="0" sc="175,-123,214,0,243,133,358,0" /><INIT seed="2,2,0,0,3,96" ten="52,214,376,358" oya="2" hai0="25,92,133,119,109,26,6,125,112,131,60,98,135" hai1="54,106,37,12,100,41,68,65,57,53,128,44,113" hai2="56,130,38,31,28,121,55,45,2,79,61,73,78" hai3="51,39,20,87,107,69,27,110,9,17,72,99,95"/><V75/><F121/><W89/><G39/><T115/><D60/><U21/><E113/><N who="0" m="43593" /><D6/><U101/><E106/><V83/><F130/><W15/><G69/><T29/><D29/><U63/><E128/><V118/><F118/><W24/><G72/><T97/><D25/><U70/><E70/><V30/><F2/><W67/><G110/><T52/><D26/><U7/><E54/><V19/><F19/><W4/><G67/><T91/><D52/><U74/><E74/><V16/><F16/><W114/><G114/><T117/><D131/><U13/><E21/><V76/><REACH who="2" step="1"/><F75/><REACH who="2" ten="52,214,366,358" step="2"/><W1/><G51/><T33/><D109/><U134/><E13/><V0/><F0/><W14/><G1/><T94/><D33/><U50/><E134/><N who="0" m="51209" /><D125/><U11/><AGARI ba="2,1" hai="7,11,12,37,41,44,50,53,57,63,65,68,100,101" machi="11" ten="30,8000,1" yaku="0,1,24,2,52,2" doraHai="96" who="1" fromWho="1" sc="52,-22,214,96,366,-42,358,-22" /><INIT seed="3,0,0,4,4,11" ten="30,310,324,336" oya="3" hai0="102,17,45,120,12,100,78,32,66,43,29,133,37" hai1="28,112,47,57,81,111,51,67,38,54,62,86,89" hai2="69,123,60,2,93,109,124,77,8,116,134,41,23" hai3="52,58,71,34,130,79,121,131,10,92,99,125,68"/><W105/><G34/><T33/><D133/><U74/><E111/><V95/><F116/><W15/><G79/><T19/><D120/><U26/><E112/><V53/><F109/><W40/><G40/><T84/><D66/><U7/><E74/><V22/><F134/><W98/><G105/><T104/><D104/><U108/><E108/><V65/><F123/><W9/><G9/><T55/><D32/><U16/><E38/><V76/><F124/><W3/><G3/><T49/><D33/><U117/><E117/><V21/><F41/><W107/><G107/><T129/><D129/><N who="3" m="49161" /><G125/><T115/><D115/><U101/><E101/><V103/><F53/><W35/><G35/><T72/><D72/><U135/><E135/><V25/><F25/><W128/><G128/><T75/><D75/><U97/><E97/><N who="3" m="36874" /><G92/><T27/><D29/><U126/><E126/><V44/><F103/><W87/><G87/><T1/><D1/><U6/><E28/><V13/><F2/><W113/><G113/><T83/><D27/><U122/><E122/><V70/><F77/><W119/><G119/><T96/><D96/><U82/><E82/><V85/><F76/><W31/><G31/><T5/><D5/><U42/><E42/><V63/><F85/><W80/><G80/><T46/><REACH who="0" step="1"/><D19/><REACH who="0" ten="20,310,324,336" step="2"/><U59/><E47/><V18/><F44/><W39/><G121/><T56/><D56/><U24/><E26/><V4/><F4/><N who="3" m="3527" /><G39/><T61/><D61/><AGARI ba="0,1" hai="52,58,61,68,71" m="3527,36874,49161" machi="61" ten="30,5800,0" yaku="19,1,52,1,54,1" doraHai="11" who="3" fromWho="0" sc="20,-58,310,0,324,0,336,68" owari="-38,-53.8,310,-9.0,324,12.4,404,50.4" /></mjloggm>