<mjloggm ver="2.3"><GO type="225" lobby="0"/><UN n0="%E3%81%97%E3%82%93%E3%81%97%E3%82%93%E3%81%97%E3%82%93" n1="%E7%AD%89%E3%80%85%E5%8A%9B%E5%8A%87%E5%A0%B4" n2="%E8%81%B7%E6%A5%AD%E3%80%81%E9%A2%A8%32" n3="%E6%A1%9C%E8%8A%B1%E9%96%83%E3%80%85" dan="16,16,16,17" rate="2078.99,2144.32,2135.57,2162.59" sx="F,M,M,M"/><TAIKYOKU oya="0"/><BYE who="0" /><INIT seed="0,0,0,1,0,79" ten="250,250,250,250" oya="0" hai0="106,58,85,21,6,64,31,7,115,2,126,86,30" hai1="53,81,25,8,112,23,130,19,121,15,74,10,28" hai2="92,94,14,97,59,80,129,24,93,95,105,1,103" hai3="88,70,77,3,99,54,133,13,124,52,78,16,110"/><T29/><D29/><U20/><E121/><V33/><F1/><W44/><G3/><T50/><D50/><U51/><E130/><V55/><F129/><W91/><G70/><T104/><D104/><U102/><E112/><V108/><F108/><W26/><G110/><T46/><D46/><U40/><E40/><V9/><F33/><W134/><G26/><T66/><D66/><U47/><REACH who="1" step="1"/><E102/><REACH who="1" ten="250,240,250,250" step="2"/><V65/><F103/><W98/><G124/><T68/><D68/><U45/><E45/><V17/><F97/><W48/><G44/><T76/><D76/><AGARI ba="0,1" hai="8,10,15,19,20,23,25,28,47,51,53,74,76,81" machi="76" ten="40,2600,0" yaku="1,1,52,1,53,0" doraHai="79" doraHaiUra="128" who="1" fromWho="0" sc="250,-26,240,36,250,0,250,0" /><INIT seed="1,0,0,1,0,103" ten="224,276,250,250" oya="1" hai0="64,39,96,19,98,10,35,46,27,17,82,128,86" hai1="130,104,120,24,55,56,23,36,95,12,101,57,65" hai2="74,1,63,83,72,40,106,44,66,75,87,97,135" hai3="126,88,2,5,100,34,7,132,99,41,38,119,105"/><U107/><E120/><V89/><F1/><W133/><G126/><T84/><D84/><U45/><E130/><V62/><F135/><N who="3" m="51787" /><G119/><T29/><D29/><U90/><E101/><V85/><F85/><W16/><G34/><T108/><D108/><U54/><E65/><V129/><F129/><W21/><G2/><T14/><D14/><U68/><E68/><V67/><F97/><N who="3" m="61583" /><G41/><T116/><D116/><U111/><E111/><V115/><F106/><W92/><G38/><T73/><D73/><U78/><E78/><V61/><REACH who="2" step="1"/><F115/><REACH who="2" ten="224,276,240,250" step="2"/><W58/><G58/><T52/><D52/><U110/><E55/><V13/><F13/><AGARI ba="0,1" hai="5,7,13,16,21,88,92,99" m="61583,51787" machi="13" ten="30,7700,0" yaku="20,1,52,1,54,2" doraHai="103" who="3" fromWho="2" sc="224,0,276,0,240,-77,250,87" /><INIT seed="2,0,0,4,4,102" ten="224,276,163,337" oya="2" hai0="19,116,21,27,118,67,13,4,92,126,98,135,115" hai1="88,0,85,96,51,111,104,66,121,112,5,108,30" hai2="20,29,1,35,62,83,87,48,70,14,84,114,74" hai3="55,24,128,63,125,76,101,60,124,25,75,22,110"/><V8/><F114/><W47/><G110/><N who="1" m="42026" /><E112/><V52/><F74/><W133/><G133/><T10/><D10/><N who="1" m="2343" /><E121/><V58/><F1/><W59/><G128/><T68/><D68/><U50/><E66/><V46/><F35/><W16/><G101/><T73/><D73/><U80/><E30/><V6/><F70/><W86/><G75/><T105/><D105/><U134/><E134/><V53/><REACH who="2" step="1"/><F83/><REACH who="2" ten="224,276,153,337" step="2"/><W28/><G125/><T42/><D42/><U130/><E130/><V95/><F95/><W31/><G124/><T77/><D77/><U49/><E104/><V39/><F39/><W129/><G76/><T89/><D89/><U12/><E88/><V120/><F120/><W127/><G127/><T113/><D113/><U40/><E80/><V117/><F117/><W69/><G69/><T17/><D17/><U33/><E33/><V91/><F91/><W72/><G16/><T90/><D90/><U61/><E85/><V106/><F106/><W57/><G72/><T34/><D34/><U109/><E109/><V131/><F131/><W93/><G129/><T44/><D44/><U78/><E78/><V45/><F45/><W41/><G86/><T64/><D64/><U18/><E18/><V37/><F37/><N who="3" m="21935" /><G93/><T54/><D54/><U9/><E40/><V71/><F71/><W36/><G36/><T2/><D2/><U15/><E96/><V79/><F79/><W43/><G43/><T99/><D99/><U103/><E103/><V122/><F122/><W32/><G55/><T97/><D97/><U107/><E107/><V38/><F38/><W11/><G32/><RYUUKYOKU ba="0,1" sc="224,-10,276,-10,153,30,337,-10" hai2="6,8,14,20,29,46,48,52,53,58,62,84,87" /><INIT seed="2,1,1,2,1,77" ten="214,266,183,327" oya="2" hai0="4,97,83,50,130,104,7,72,34,64,121,56,125" hai1="18,89,38,131,55,106,70,78,71,41,60,82,62" hai2="117,8,9,118,36,93,67,109,123,27,80,49,135" hai3="32,95,61,128,119,68,129,26,0,13,28,16,73"/><V127/><F36/><W105/><G119/><T92/><D92/><U3/><E131/><N who="3" m="50250" /><G105/><T116/><D116/><U112/><E112/><V101/><F117/><W132/><G132/><T44/><D44/><U110/><E110/><V126/><F118/><W96/><G73/><T1/><D1/><U133/><E133/><V33/><F109/><W111/><G0/><T88/><D88/><U59/><E106/><V57/><F135/><W108/><G61/><T134/><D134/><U107/><E107/><V45/><F123/><W120/><G68/><T35/><D35/><U65/><E3/><V12/><F33/><W2/><G2/><T53/><D53/><U46/><E71/><V90/><F27/><W21/><G120/><T51/><D51/><U37/><E37/><V31/><F31/><W63/><G63/><T22/><D22/><U17/><REACH who="1" step="1"/><E89/><AGARI ba="1,1" hai="13,16,21,26,28,32,89,95,96,108,111" m="50250" machi="89" ten="30,2000,0" yaku="19,1,54,1" doraHai="77" who="3" fromWho="1" sc="214,0,266,-23,183,0,327,33" /><INIT seed="3,0,0,0,5,27" ten="214,243,183,360" oya="3" hai0="25,93,8,35,78,113,13,9,59,77,12,3,76" hai1="134,44,94,111,117,50,15,45,68,115,23,96,121" hai2="84,30,47,106,73,129,116,18,66,91,1,82,4" hai3="39,135,65,114,36,101,75,87,14,80,38,6,37"/><W20/><G38/><T51/><D51/><U11/><E68/><V88/><F116/><W62/><G114/><T61/><D61/><U67/><E67/><V105/><F129/><W24/><G75/><T128/><D128/><U92/><E121/><V81/><F66/><W130/><G101/><T52/><D52/><U69/><E69/><V71/><F71/><W89/><G130/><T122/><D122/><U54/><E111/><V29/><F47/><W46/><G135/><T127/><D127/><U110/><E110/><V123/><F123/><W104/><G104/><T26/><D26/><U118/><E23/><V56/><F56/><W119/><G119/><T33/><D33/><U48/><E134/><V109/><F109/><W53/><G14/><T0/><D0/><U95/><E115/><V41/><F41/><W49/><G6/><T133/><D133/><U43/><E118/><V132/><F132/><W131/><G131/><T125/><D125/><U102/><E117/><V5/><F18/><AGARI ba="0,0" hai="11,15,18,43,44,45,48,50,54,92,94,95,96,102" machi="18" ten="30,2000,0" yaku="7,1,8,1" doraHai="27" who="1" fromWho="2" sc="214,0,243,20,183,-20,360,0" owari="214,-18.6,263,6.3,163,-33.7,360,46.0" /></mjloggm>