<mjloggm ver="2.3"><GO type="225" lobby="0"/><UN n0="%E5%AE%AE%E4%BF%9D%E9%B6%8F%E8%82%89" n1="%E3%81%82%E3%83%BC%E3%81%97" n2="%43%68%65" n3="%72%69%6F%75%63%68%61%6E" dan="16,16,16,16" rate="2120.43,2121.10,2083.30,2211.89" sx="M,M,M,M"/><TAIKYOKU oya="0"/><INIT seed="0,0,0,2,5,40" ten="250,250,250,250" oya="0" hai0="113,133,54,91,60,36,72,111,80,122,15,89,93" hai1="112,130,52,134,46,30,120,106,37,48,55,94,71" hai2="124,128,101,16,78,116,34,31,58,103,66,73,82" hai3="23,98,17,83,20,108,69,115,63,81,62,75,13"/><T129/><D113/><U21/><E120/><V119/><F128/><W25/><G108/><T85/><D122/><U88/><E106/><V43/><F124/><W14/><G115/><T123/><D123/><U132/><E112/><V107/><F107/><W121/><G121/><T53/><D36/><U135/><E71/><V49/><F31/><W109/><G109/><T8/><D129/><U74/><E74/><V2/><F34/><W84/><G69/><T51/><D133/><U118/><E130/><V29/><F29/><W131/><G131/><T50/><D72/><U11/><E37/><V32/><F32/><W90/><G98/><T7/><D111/><U105/><E105/><V19/><F2/><W76/><REACH who="3" step="1"/><G13/><REACH who="3" ten="250,250,250,240" step="2"/><T87/><REACH who="0" step="1"/><D60/><REACH who="0" ten="240,250,250,240" step="2"/><U3/><E118/><V65/><F119/><W125/><G125/><T79/><D79/><U95/><E132/><V104/><F116/><W77/><G77/><T100/><D100/><U39/><E134/><V96/><F103/><W44/><G44/><T27/><D27/><U12/><E46/><V59/><F101/><W86/><G86/><T6/><D6/><U102/><E102/><V33/><F78/><W61/><G61/><T0/><D0/><U28/><E3/><V1/><F1/><W99/><G99/><T10/><D10/><U22/><E11/><V97/><F97/><W127/><G127/><T92/><D92/><U41/><E95/><V126/><F96/><W45/><G45/><T26/><D26/><U24/><E94/><V47/><F126/><W56/><G56/><T68/><D68/><U35/><E135/><RYUUKYOKU ba="0,2" sc="240,15,250,-15,250,-15,240,15" hai0="7,8,15,50,51,53,54,80,85,87,89,91,93" hai3="14,17,20,23,25,62,63,75,76,81,83,84,90" /><INIT seed="0,1,2,0,1,31" ten="255,235,235,255" oya="0" hai0="26,94,43,98,128,104,52,69,121,107,51,130,91" hai1="97,67,116,10,75,80,57,42,120,73,70,126,83" hai2="17,66,41,46,4,78,16,32,23,135,61,30,100" hai3="110,53,44,115,14,13,6,92,82,40,45,90,86"/><T101/><D121/><U125/><E116/><V50/><F135/><W112/><G110/><T48/><D69/><U118/><E70/><V24/><F78/><W39/><G13/><T123/><D123/><U134/><E120/><V133/><F133/><W58/><G44/><N who="0" m="25631" /><D26/><U129/><E134/><V81/><F81/><N who="1" m="31305" /><E42/><V35/><F4/><W77/><G14/><T106/><D101/><U11/><E97/><V59/><REACH who="2" step="1"/><F100/><REACH who="2" ten="255,235,225,255" step="2"/><W99/><REACH who="3" step="1"/><G6/><REACH who="3" ten="255,235,225,245" step="2"/><T2/><D128/><U8/><E129/><V5/><F5/><W88/><G88/><T55/><D130/><U117/><E118/><V102/><F102/><W79/><G79/><T19/><D91/><U76/><E76/><V105/><F105/><W87/><G87/><T124/><D106/><U33/><E117/><V68/><F68/><W65/><G65/><T84/><D104/><U49/><E67/><V95/><F95/><W114/><G114/><T113/><D107/><U131/><E131/><V122/><F122/><W62/><AGARI ba="1,4" hai="39,40,45,53,58,62,77,82,86,90,92,99,112,115" machi="62" ten="20,8000,1" yaku="1,1,0,1,7,1,53,2" doraHai="31" doraHaiUra="109" who="3" fromWho="3" sc="255,-41,235,-21,225,-21,245,123" /><INIT seed="1,0,0,5,0,130" ten="214,214,204,368" oya="1" hai0="24,128,60,11,119,92,21,9,76,66,5,70,84" hai1="83,65,121,86,125,112,69,6,115,14,40,49,79" hai2="71,109,113,53,111,23,127,77,52,4,0,108,12" hai3="20,19,30,110,32,7,64,56,72,61,85,18,133"/><U59/><E121/><V75/><F127/><W29/><G133/><T116/><D128/><U10/><E125/><V134/><F71/><W27/><G72/><T68/><D70/><U73/><E73/><V87/><F75/><W62/><G110/><T117/><D5/><U132/><E69/><V46/><F113/><W44/><G7/><T114/><D114/><U22/><E132/><V131/><F131/><W3/><G3/><T123/><D123/><U42/><E112/><V25/><F0/><W26/><G44/><T102/><D102/><U88/><E115/><V16/><F134/><W36/><G36/><T55/><D55/><N who="2" m="21066" /><F46/><W48/><G48/><T118/><N who="0" m="29696" /><DORA hai="99" /><T97/><D97/><U47/><E42/><V63/><F63/><W15/><G62/><T45/><D45/><U96/><E22/><V94/><F94/><W2/><G2/><T17/><REACH who="0" step="1"/><D92/><REACH who="0" ten="204,214,204,368" step="2"/><N who="1" m="56327" /><E59/><V54/><F54/><W93/><G93/><T41/><D41/><U120/><E120/><V51/><F4/><W33/><G64/><AGARI ba="0,1" hai="6,10,14,40,47,49,64,65,79,83,86" m="56327" machi="64" ten="30,5800,0" yaku="25,1,8,1,54,1" doraHai="130,99" who="1" fromWho="3" sc="204,0,214,68,204,0,368,-58" /><INIT seed="1,1,0,4,0,16" ten="204,282,204,310" oya="1" hai0="26,68,17,55,73,13,101,57,107,106,39,121,22" hai1="120,6,11,100,2,123,104,112,51,41,31,88,77" hai2="114,132,69,91,24,32,72,95,75,98,105,53,21" hai3="25,60,130,89,70,134,4,94,35,65,109,110,117"/><U126/><E112/><V59/><F69/><W49/><G130/><T64/><D39/><U71/><E126/><V76/><F114/><W52/><G134/><T34/><D73/><U0/><E71/><V124/><F124/><W62/><G117/><T36/><D36/><U63/><E2/><V122/><F122/><W46/><G4/><T80/><D121/><U12/><E77/><V82/><F132/><W125/><G125/><T19/><D80/><U128/><E63/><V50/><F105/><W40/><G35/><T14/><D64/><U87/><E31/><V58/><F32/><W83/><G83/><T129/><D68/><U33/><E33/><V56/><REACH who="2" step="1"/><F75/><REACH who="2" ten="204,282,194,310" step="2"/><W79/><G70/><T113/><D113/><U44/><E120/><V111/><F111/><W135/><G135/><T1/><D129/><U7/><E123/><V47/><F47/><W86/><G110/><T23/><D1/><U18/><E0/><V93/><F93/><W10/><G109/><T74/><D74/><U118/><E128/><V127/><F127/><W81/><G94/><T67/><D67/><U27/><E118/><V133/><F133/><W102/><G65/><T66/><D66/><U42/><E104/><V3/><F3/><W9/><G46/><T45/><D45/><U43/><E43/><V38/><F38/><W84/><G40/><T5/><D106/><U119/><E42/><V90/><F90/><W20/><G89/><T54/><D107/><U115/><E115/><V30/><AGARI ba="1,1" hai="21,24,30,50,53,56,58,59,72,76,82,91,95,98" machi="30" ten="20,8000,1" yaku="1,1,0,1,7,1,52,1,53,1" doraHai="16" doraHaiUra="78" who="2" fromWho="2" sc="204,-21,282,-41,194,93,310,-21" /><INIT seed="2,0,0,0,5,86" ten="183,241,287,289" oya="2" hai0="108,106,89,59,114,30,6,44,107,76,10,123,32" hai1="117,103,2,33,120,85,133,21,126,96,131,77,45" hai2="60,132,87,67,116,16,70,5,34,115,36,0,40" hai3="78,91,7,1,52,55,83,94,22,19,112,84,24"/><V125/><F116/><W35/><G112/><T48/><D123/><U29/><E117/><V50/><F115/><W41/><G35/><T74/><D114/><U31/><E120/><V46/><F34/><W134/><G134/><T99/><D108/><U15/><E133/><V80/><F132/><W26/><G41/><T111/><D111/><U79/><E33/><V58/><F125/><W118/><G118/><T69/><D69/><U129/><E2/><V81/><F0/><W90/><G24/><T92/><D59/><U51/><E126/><V23/><F5/><W98/><REACH who="3" step="1"/><G78/><REACH who="3" ten="183,241,287,279" step="2"/><T64/><D64/><U53/><E79/><V62/><F36/><W104/><G104/><T119/><D119/><U8/><E131/><V14/><F87/><W82/><G82/><T28/><D76/><U42/><E42/><V38/><REACH who="2" step="1"/><F38/><REACH who="2" ten="183,241,277,279" step="2"/><W109/><G109/><T12/><D32/><U105/><E85/><V54/><AGARI ba="0,2" hai="14,16,23,40,46,50,54,58,60,62,67,70,80,81" machi="54" ten="20,18000,2" yaku="1,1,2,1,0,1,7,1,54,1,53,1" doraHai="86" doraHaiUra="37" who="2" fromWho="2" sc="183,-60,241,-60,277,200,279,-60" /><INIT seed="2,1,0,2,0,63" ten="123,181,477,219" oya="2" hai0="116,73,79,29,18,81,133,85,40,108,70,23,57" hai1="91,105,93,12,101,16,69,131,66,14,117,111,54" hai2="56,25,127,60,90,65,128,2,46,43,132,75,7" hai3="126,49,123,62,30,107,71,20,82,19,120,36,92"/><V78/><F127/><W135/><G107/><T37/><D108/><U114/><E117/><V0/><F75/><W76/><G36/><T1/><D70/><U28/><E114/><V9/><F78/><W89/><G126/><T94/><D116/><U51/><E28/><V122/><F122/><W112/><G112/><T42/><D133/><U53/><E131/><V100/><F100/><W47/><G135/><T88/><D1/><U87/><E14/><V11/><F128/><W104/><G104/><T31/><D57/><U72/><E72/><V50/><F132/><W129/><G129/><T67/><D67/><U21/><E111/><V45/><F90/><W98/><G30/><T115/><D115/><U22/><E22/><V130/><F25/><W3/><G3/><T8/><D8/><U4/><E4/><V38/><F130/><W86/><G62/><T121/><D121/><U39/><E39/><V119/><F119/><W95/><G71/><T59/><D59/><N who="1" m="33215" /><E54/><V74/><F74/><W26/><REACH who="3" step="1"/><G92/><REACH who="3" ten="123,181,477,209" step="2"/><T24/><REACH who="0" step="1"/><D42/><AGARI ba="1,1" hai="19,20,26,42,47,49,76,82,86,89,95,98,120,123" machi="42" ten="30,3900,0" yaku="1,1,2,1,7,1,53,0" doraHai="63" doraHaiUra="6" who="3" fromWho="0" sc="123,-42,181,0,477,0,209,52" /><INIT seed="3,0,0,1,5,69" ten="81,181,477,261" oya="3" hai0="114,39,3,98,134,84,129,49,47,128,66,64,100" hai1="55,50,60,15,36,120,58,135,110,107,88,32,10" hai2="6,121,116,125,1,76,18,62,34,85,80,112,95" hai3="92,74,13,61,105,101,30,52,29,56,104,53,133"/><W96/><G74/><T118/><D3/><U14/><E120/><V78/><F112/><W12/><G133/><T37/><D84/><U71/><E135/><V94/><F116/><W54/><G105/><T132/><D98/><U81/><E32/><V44/><F34/><W16/><G104/><T68/><D100/><U115/><E115/><V38/><F125/><W19/><G12/><T111/><D114/><U63/><E107/><V7/><F78/><W102/><G101/><T73/><D73/><U22/><E110/><V87/><F87/><W127/><G127/><T67/><D111/><U83/><E71/><V99/><F121/><W86/><G86/><T59/><D118/><U42/><E22/><V82/><F82/><W43/><G43/><T27/><D27/><U103/><E103/><V97/><F18/><N who="3" m="6699" /><G13/><T123/><D123/><U131/><E83/><V108/><F80/><W46/><G46/><T109/><D109/><U126/><E15/><V35/><F44/><W11/><G11/><T40/><D68/><U4/><E126/><V72/><F85/><W75/><G75/><T23/><D23/><U119/><E81/><V89/><F72/><W2/><G2/><T113/><D113/><U21/><E119/><V20/><F1/><W33/><G33/><T41/><D41/><U45/><E21/><V17/><F35/><W130/><G130/><N who="0" m="50283" /><D37/><U122/><E131/><V65/><F38/><W48/><G48/><T25/><D25/><U26/><E122/><V28/><F108/><W106/><G102/><T117/><D117/><U90/><E26/><V5/><F5/><RYUUKYOKU ba="0,0" sc="81,15,181,15,477,-15,261,-15" hai0="39,40,47,49,59,64,66,67,132,134" hai1="4,10,14,36,42,45,50,55,58,60,63,88,90" owari="96,-40.4,196,-20.4,462,56.2,246,4.6" /></mjloggm>