<mjloggm ver="2.3"><GO type="225" lobby="0"/><UN n0="%E3%83%A9%E3%83%BC%E3%83%A1%E3%83%B3%E4%BA%94%E9%83%8E" n1="%72%61%6B%33" n2="%E3%81%BF%E3%82%84%E3%81%93%E3%82%93%EF%BC%91%EF%BC%90%E6%AD%B3" n3="%E7%AD%89%E3%80%85%E5%8A%9B%E5%8A%87%E5%A0%B4" dan="16,17,16,16" rate="2058.36,2214.77,2069.14,2098.56" sx="M,M,M,M"/><TAIKYOKU oya="0"/><INIT seed="0,0,0,0,2,135" ten="250,250,250,250" oya="0" hai0="103,81,110,8,80,107,20,69,73,120,95,70,108" hai1="79,132,111,18,67,85,25,114,39,106,82,38,115" hai2="90,65,31,112,86,40,113,34,58,130,56,30,105" hai3="93,129,37,54,78,42,46,0,57,128,26,74,99"/><T33/><D120/><U44/><E132/><V29/><F105/><W126/><G0/><T19/><D33/><U63/><E106/><V2/><F34/><W47/><G74/><T21/><D107/><U59/><E111/><N who="0" m="42537" /><D8/><U116/><E116/><V5/><F130/><W72/><G72/><T124/><D21/><N who="1" m="13495" /><E44/><V92/><F40/><W35/><G78/><N who="0" m="44111" /><D81/><U96/><E96/><V134/><F134/><W51/><G35/><T97/><D124/><U119/><E119/><V14/><F2/><W87/><G26/><AGARI ba="0,0" hai="19,20,26,69,70,95,97,103" m="44111,42537" machi="26" ten="30,2900,0" yaku="14,1,10,1" doraHai="135" who="0" fromWho="3" sc="250,29,250,0,250,0,250,-29" /><INIT seed="0,1,0,5,4,102" ten="279,250,250,221" oya="0" hai0="28,130,57,113,78,49,87,18,50,17,104,53,43" hai1="16,14,112,34,33,118,66,24,39,46,100,3,65" hai2="92,101,132,81,135,21,86,19,52,111,68,23,58" hai3="0,22,116,75,13,37,129,97,12,40,134,114,73"/><T96/><D113/><U131/><E112/><V7/><F68/><W133/><G114/><T88/><D130/><U117/><E3/><V48/><F7/><W31/><G116/><T89/><D28/><U103/><E131/><V85/><F111/><W80/><G0/><T59/><D104/><U79/><E79/><V26/><F23/><W30/><G129/><T122/><D122/><U44/><E14/><V93/><F85/><W67/><G67/><T120/><D120/><U62/><E62/><V95/><REACH who="2" step="1"/><F101/><REACH who="2" ten="279,250,240,221" step="2"/><W121/><G22/><T56/><D87/><U72/><E103/><V108/><F108/><W11/><G121/><T8/><D8/><U98/><E100/><V125/><F125/><W71/><G11/><T90/><D96/><U64/><E98/><V61/><F61/><W76/><G71/><T20/><D20/><U84/><E84/><V4/><F4/><W77/><G97/><T60/><D60/><U109/><E109/><V99/><F99/><W91/><G80/><T15/><D78/><AGARI ba="1,1" hai="19,21,26,48,52,58,78,81,86,92,93,95,132,135" machi="78" ten="40,2600,0" yaku="1,1,54,1,53,0" doraHai="102" doraHaiUra="124" who="2" fromWho="0" sc="279,-29,250,0,240,39,221,0" /><INIT seed="1,0,0,5,5,64" ten="250,250,279,221" oya="1" hai0="108,71,94,110,9,59,113,114,134,120,11,116,131" hai1="7,99,87,27,96,117,54,106,15,67,25,31,40" hai2="50,38,24,57,112,107,121,104,105,19,122,126,93" hai3="62,100,49,60,74,63,47,12,123,2,16,127,132"/><U20/><E117/><V17/><F38/><W13/><G123/><T1/><D116/><U37/><E37/><V73/><F73/><W78/><G2/><T111/><D120/><U43/><E54/><V98/><F126/><W51/><G132/><T65/><D134/><U83/><E67/><V102/><F112/><N who="0" m="43114" /><D131/><U125/><E125/><V44/><F57/><W4/><G127/><T53/><D1/><U77/><E106/><V103/><F103/><W133/><G133/><T56/><D56/><U80/><E25/><V5/><F5/><W18/><G4/><T34/><D34/><U26/><E27/><V92/><F92/><W55/><G100/><T41/><D41/><N who="1" m="15947" /><E80/><V81/><F81/><W115/><G115/><T36/><D36/><U118/><E118/><V101/><F101/><W14/><G74/><T42/><D42/><U6/><E6/><V79/><F79/><W33/><G33/><T52/><D94/><U10/><AGARI ba="0,0" hai="7,10,15,20,26,31,77,83,87,96,99" m="15947" machi="10" ten="30,1500,0" yaku="8,1" doraHai="64" who="1" fromWho="1" sc="250,-5,250,15,279,-5,221,-5" /><INIT seed="1,1,0,1,0,49" ten="245,265,274,216" oya="1" hai0="112,3,46,114,97,19,29,63,125,10,135,75,82" hai1="89,38,94,26,76,53,96,64,28,122,60,74,4" hai2="105,113,127,108,57,77,22,102,50,72,117,2,56" hai3="11,33,111,123,95,128,92,79,40,16,21,5,13"/><U80/><E38/><V15/><F117/><W71/><G123/><T119/><D119/><U90/><E4/><V32/><F2/><W70/><G33/><T88/><D125/><U35/><E122/><V20/><F32/><W78/><G111/><T37/><D135/><U52/><E90/><V106/><F108/><W85/><G128/><T34/><D63/><U6/><REACH who="1" step="1"/><E6/><REACH who="1" ten="245,255,274,216" step="2"/><V118/><F118/><W42/><G71/><AGARI ba="1,1" hai="26,28,35,52,53,60,64,71,74,76,80,89,94,96" machi="71" ten="30,18000,2" yaku="1,1,2,1,7,1,52,2,54,1,53,1" doraHai="49" doraHaiUra="67" who="1" fromWho="3" sc="245,0,255,193,274,0,216,-183" /><INIT seed="1,2,0,0,2,90" ten="245,448,274,33" oya="1" hai0="14,91,46,7,134,100,55,97,1,73,98,45,84" hai1="16,92,62,69,49,60,21,123,120,48,113,133,78" hai2="41,111,57,32,76,3,10,114,65,13,85,106,135" hai3="74,112,53,52,132,99,119,54,124,102,18,63,47"/><U6/><E113/><V35/><F111/><W50/><G112/><T36/><D73/><U59/><E133/><V82/><F114/><W30/><G74/><T129/><D1/><U117/><E117/><V0/><F106/><W9/><G124/><T25/><D134/><U4/><E78/><V66/><F135/><W115/><G132/><T15/><D129/><U43/><E69/><V64/><F57/><W122/><G115/><T108/><D108/><U2/><E43/><V121/><F121/><W38/><G122/><T34/><D36/><U39/><E39/><V125/><F125/><W89/><G119/><T104/><D97/><U42/><E42/><V20/><F20/><W75/><G75/><T103/><D103/><U105/><E105/><V61/><F61/><W109/><G109/><T94/><D7/><U44/><E2/><V8/><F0/><W72/><G72/><T23/><D34/><U81/><E81/><V83/><F41/><W22/><G38/><T70/><D70/><U68/><E68/><V130/><F130/><W126/><G126/><T33/><D33/><U12/><E62/><V17/><F83/><W37/><G37/><T24/><D24/><U116/><E116/><V101/><F101/><W19/><G102/><T67/><D67/><N who="1" m="39327" /><E123/><V28/><F28/><W128/><G30/><N who="0" m="17727" /><D55/><N who="1" m="30087" /><E120/><V80/><F80/><W86/><G128/><T110/><D110/><U58/><E92/><V77/><F77/><W118/><G118/><T11/><D11/><U131/><E131/><V51/><F51/><W96/><G9/><T127/><D127/><U93/><E93/><RYUUKYOKU ba="2,0" sc="245,10,448,10,274,10,33,-30" hai0="14,15,45,46,84,91,94,98,100,104" hai1="4,6,12,16,21,49,58" hai2="3,8,10,13,17,32,35,64,65,66,76,82,85" /><INIT seed="1,3,0,4,1,37" ten="255,458,284,3" oya="1" hai0="105,79,72,112,115,121,43,21,89,122,67,111,102" hai1="70,133,131,7,15,12,18,92,64,106,52,66,17" hai2="100,49,76,96,118,11,85,135,35,14,10,65,56" hai3="61,103,129,41,32,97,124,93,25,108,123,2,3"/><U127/><E106/><V95/><F118/><W48/><G123/><N who="0" m="47115" /><D111/><U22/><E127/><V110/><F35/><W94/><G108/><T13/><D67/><U29/><E133/><V46/><F110/><W44/><G129/><T91/><D13/><U132/><E131/><V104/><F135/><W9/><G124/><T51/><D21/><U77/><E132/><V8/><F104/><W75/><G75/><T23/><D23/><U125/><E70/><V53/><F76/><W40/><G2/><T71/><D71/><U34/><E7/><N who="2" m="3423" /><F85/><W82/><G3/><T81/><D51/><U130/><E34/><V80/><F80/><W55/><G32/><T78/><D43/><N who="3" m="16457" /><G9/><T4/><D4/><U90/><E125/><V24/><F24/><W19/><G82/><N who="0" m="45383" /><D102/><U20/><E130/><V1/><F1/><W42/><N who="3" m="16465" /><W120/><DORA hai="59" /><G120/><T88/><D105/><U116/><E116/><V126/><F126/><W86/><G25/><T16/><D16/><U73/><E17/><V128/><F128/><W99/><G19/><T74/><AGARI ba="3,0" hai="74,79,81,88,89,91,112,115" m="45383,47115" machi="74" ten="30,7900,0" yaku="13,1,34,2,54,1" doraHai="37,59" who="0" fromWho="0" sc="255,88,458,-42,284,-23,3,-23" owari="343,14.3,416,51.6,261,-13.9,-20,-52.0" /></mjloggm>