<mjloggm ver="2.3"><GO type="225" lobby="0"/><UN n0="%E9%80%86%E9%80%A3%E5%B8%AF%E3%81%AE%E9%AC%BC" n1="%E6%97%A5%E6%9B%9C%E6%97%A5%E3%82%88%E3%82%8A%E3%81%AE%E4%BD%BF%E8%80%85" n2="%E3%81%A8%E3%82%89%E3%81%84%E3%81%A1" n3="%E3%83%81%E3%83%AF%E3%83%AF%E9%9A%8A%E9%95%B7" dan="17,16,16,17" rate="2176.73,2086.04,2136.72,2164.84" sx="M,M,M,M"/><TAIKYOKU oya="0"/><INIT seed="0,0,0,3,5,129" ten="250,250,250,250" oya="0" hai0="117,67,22,109,74,113,81,35,75,82,92,30,53" hai1="112,34,51,12,85,133,69,46,123,114,58,87,20" hai2="57,36,16,8,120,55,134,1,63,9,70,3,106" hai3="107,23,104,64,10,54,33,122,59,111,41,126,6"/><T79/><D117/><U105/><E34/><V128/><F120/><W66/><G33/><T21/><D113/><N who="1" m="43627" /><E69/><V15/><F106/><W116/><G116/><T14/><D109/><U5/><E105/><V103/><F103/><W2/><G111/><T25/><D67/><U17/><E123/><V76/><F36/><W95/><G122/><T38/><D38/><U88/><E133/><V43/><F43/><W39/><G126/><T102/><D14/><U78/><E5/><V52/><F128/><W86/><G107/><T99/><REACH who="0" step="1"/><D53/><REACH who="0" ten="240,250,250,250" step="2"/><N who="1" m="29943" /><E78/><AGARI ba="0,1" hai="21,22,25,30,35,74,75,78,79,81,82,92,99,102" machi="78" ten="40,7700,0" yaku="1,1,9,1,53,1" doraHai="129" doraHaiUra="89" who="0" fromWho="1" sc="240,87,250,-77,250,0,250,0" /><INIT seed="0,1,0,5,4,80" ten="327,173,250,250" oya="0" hai0="107,25,109,4,69,35,22,48,89,76,7,40,77" hai1="14,86,12,112,125,71,130,15,133,106,44,8,16" hai2="49,73,82,99,93,67,31,56,116,28,17,2,64" hai3="19,54,37,41,5,66,63,6,20,129,13,9,92"/><T60/><D107/><U61/><E106/><V34/><F2/><W118/><G118/><T43/><D35/><U124/><E112/><V58/><F116/><W96/><G129/><T95/><D109/><U50/><E130/><V1/><F1/><W32/><G32/><T78/><D60/><U11/><E133/><V126/><F126/><N who="1" m="48745" /><E61/><V121/><F121/><W65/><G37/><T47/><D43/><N who="1" m="24863" /><E71/><V91/><F34/><W134/><G41/><T123/><D69/><U108/><E108/><V135/><F17/><W55/><G5/><T114/><D114/><U90/><E8/><V85/><F73/><W120/><G120/><T18/><REACH who="0" step="1"/><D123/><REACH who="0" ten="317,173,250,250" step="2"/><U59/><E59/><N who="2" m="22571" /><F135/><W87/><G63/><T98/><AGARI ba="1,1" hai="4,7,18,22,25,40,47,48,76,77,78,89,95,98" machi="98" ten="30,6000,0" yaku="1,1,0,1,8,1,53,0" doraHai="80" doraHaiUra="33" who="0" fromWho="0" sc="317,73,173,-21,250,-21,250,-21" /><INIT seed="0,2,0,5,4,57" ten="390,152,229,229" oya="0" hai0="36,124,20,23,67,2,99,17,27,51,47,33,106" hai1="128,114,111,68,82,3,42,54,102,13,75,4,88" hai2="14,19,109,100,56,105,118,25,83,117,71,12,50" hai3="97,87,65,0,7,45,116,101,66,122,86,61,34"/><T37/><D124/><U89/><E3/><V123/><F123/><W8/><G116/><N who="2" m="44649" /><F71/><W103/><G34/><T134/><D134/><U40/><E68/><V81/><F25/><W121/><G45/><T115/><D115/><U77/><E114/><V94/><F105/><W53/><G53/><T6/><D33/><U119/><E119/><V92/><F12/><W55/><G55/><T74/><D74/><U18/><E4/><V95/><F100/><W129/><G101/><T108/><D108/><U91/><E111/><V21/><F109/><W69/><G65/><T31/><D67/><U26/><E26/><V38/><F38/><W48/><G48/><T10/><D106/><U98/><E54/><AGARI ba="2,0" hai="14,19,21,50,54,56,81,83,92,94,95" m="44649" machi="54" ten="30,1000,0" yaku="12,1" doraHai="57" who="2" fromWho="1" sc="390,0,152,-16,229,16,229,0" /><INIT seed="1,0,0,1,2,25" ten="390,136,245,229" oya="1" hai0="24,68,134,73,69,3,114,63,43,101,5,15,6" hai1="123,42,119,103,99,80,45,35,100,104,29,9,89" hai2="33,85,22,7,23,94,16,116,39,115,2,48,108" hai3="54,125,78,128,132,17,0,107,110,53,130,58,61"/><U19/><E119/><V118/><F39/><W36/><G107/><T127/><D73/><U44/><E123/><V31/><F108/><W49/><G0/><T79/><D3/><U26/><E103/><V95/><F48/><W97/><G36/><T13/><D134/><U38/><E45/><V112/><F23/><W60/><G110/><T75/><D127/><U121/><E121/><V88/><F95/><W74/><G125/><T51/><D63/><U102/><E102/><V28/><F7/><W83/><G132/><T93/><D93/><U90/><REACH who="1" step="1"/><E80/><REACH who="1" ten="390,126,245,229" step="2"/><V111/><F111/><W10/><G83/><T113/><D101/><U34/><E34/><V21/><F33/><W76/><G130/><T126/><D126/><U87/><E87/><V129/><F129/><W59/><G128/><T131/><D131/><U84/><E84/><V64/><F116/><W91/><G74/><T66/><D75/><U70/><E70/><V106/><F118/><W46/><G97/><T98/><D98/><U135/><E135/><V71/><F71/><W82/><G82/><T27/><D69/><U14/><AGARI ba="0,1" hai="9,14,19,26,29,35,38,42,44,89,90,99,100,104" machi="14" ten="30,6000,0" yaku="1,1,0,1,52,1,53,0" doraHai="25" doraHaiUra="65" who="1" fromWho="1" sc="390,-20,126,70,245,-20,229,-20" /><INIT seed="1,1,0,4,1,60" ten="370,196,225,209" oya="1" hai0="38,135,64,10,92,72,51,1,43,32,2,78,71" hai1="119,20,52,90,13,17,123,54,62,80,94,105,120" hai2="9,84,41,53,75,117,104,132,55,97,87,65,81" hai3="113,7,21,98,14,35,99,125,27,15,6,63,107"/><U89/><E105/><V109/><F117/><W47/><G113/><T36/><D32/><U74/><E119/><V23/><F109/><W39/><G35/><T101/><D135/><U8/><E8/><V11/><F132/><W49/><G39/><T129/><D129/><U44/><E54/><V45/><F75/><W91/><G125/><T50/><D92/><U126/><E126/><V29/><F65/><W79/><G79/><T134/><D101/><U0/><E0/><V24/><F97/><N who="3" m="36875" /><G63/><T127/><D134/><U33/><E33/><V57/><F87/><W18/><G91/><T68/><D78/><U12/><E12/><N who="3" m="4650" /><G107/><T122/><D72/><U77/><E90/><V56/><F104/><W128/><G128/><T67/><D127/><U88/><E89/><N who="2" m="51343" /><F9/><W131/><G131/><T34/><D10/><U5/><E5/><V103/><F11/><W83/><G83/><T48/><D34/><U73/><E73/><V37/><F37/><W31/><G31/><T130/><D130/><U86/><REACH who="1" step="1"/><E62/><REACH who="1" ten="370,186,225,209" step="2"/><V69/><F103/><W26/><G26/><T111/><D1/><U22/><E22/><V58/><F23/><W3/><G3/><T28/><D2/><U4/><E4/><V112/><F24/><W96/><G96/><T16/><D111/><U124/><E124/><V102/><F102/><W100/><G100/><T115/><D115/><U106/><E106/><V42/><F112/><W59/><G6/><T85/><D43/><U121/><E121/><V25/><F42/><N who="3" m="24823" /><G7/><T114/><D122/><U133/><E133/><V93/><F41/><W61/><G61/><RYUUKYOKU ba="1,1" sc="370,-15,186,15,225,-15,209,15" hai1="13,17,20,44,52,74,77,80,86,88,94,120,123" hai3="18,21,27,59" /><INIT seed="1,2,1,1,1,106" ten="355,201,210,224" oya="1" hai0="70,131,124,19,97,68,103,115,51,47,89,3,113" hai1="14,30,21,109,108,102,100,41,35,37,73,107,5" hai2="45,52,24,92,91,120,101,57,49,25,95,80,110" hai3="1,34,114,123,39,130,11,83,82,10,7,121,22"/><U81/><E35/><V118/><F118/><W40/><G34/><T62/><D3/><U64/><E64/><V59/><F120/><W0/><G114/><T61/><D131/><U84/><E107/><V18/><F110/><N who="1" m="42601" /><E30/><V4/><F4/><W27/><G130/><T69/><D124/><U23/><E41/><V134/><F134/><W67/><G67/><T94/><D19/><U2/><E37/><V111/><F111/><W50/><G39/><T75/><D75/><U85/><E2/><V99/><F80/><W31/><G0/><T122/><D122/><U12/><E73/><V29/><F18/><W33/><G123/><T15/><D115/><U129/><E129/><V98/><REACH who="2" step="1"/><F24/><REACH who="2" ten="355,201,200,224" step="2"/><W60/><G27/><T76/><D113/><U16/><E5/><V55/><F55/><W116/><G7/><T43/><D15/><U125/><E125/><V77/><F77/><W28/><G121/><T8/><D76/><N who="1" m="46119" /><E85/><V90/><F90/><W128/><G128/><T117/><D89/><U56/><E56/><V20/><AGARI ba="2,2" hai="20,25,29,45,49,52,57,59,91,92,95,98,99,101" machi="20" ten="20,8000,1" yaku="1,1,0,1,7,1,8,1,54,1,53,0" doraHai="106" doraHaiUra="126" who="2" fromWho="2" sc="355,-22,201,-42,200,106,224,-22" /><INIT seed="2,0,0,2,5,13" ten="333,159,306,202" oya="2" hai0="28,10,86,73,95,105,38,79,104,62,46,130,72" hai1="15,122,42,116,60,35,61,82,49,124,78,67,47" hai2="18,24,85,107,131,56,120,117,34,37,83,123,91" hai3="1,0,55,77,118,119,108,89,44,133,40,16,68"/><V102/><F117/><W19/><G68/><T115/><D115/><U29/><E116/><N who="3" m="44586" /><G55/><T94/><D28/><U100/><E124/><V132/><F37/><W8/><G77/><T121/><D121/><U41/><E122/><V39/><F39/><W76/><G76/><T93/><D62/><U103/><E42/><V71/><F71/><W98/><G89/><T22/><D22/><U51/><E35/><V32/><F56/><W43/><G98/><T26/><D26/><U17/><E29/><V5/><F107/><N who="0" m="41034" /><D10/><U21/><E51/><V111/><F102/><W112/><G44/><T134/><D46/><U64/><E60/><V36/><F36/><W80/><G80/><N who="0" m="47391" /><D38/><U57/><REACH who="1" step="1"/><E64/><REACH who="1" ten="333,149,306,202" step="2"/><V7/><F32/><W54/><G43/><T125/><D125/><U65/><E65/><V84/><F34/><W113/><G40/><T75/><D134/><U92/><E92/><V25/><F132/><W6/><G133/><T11/><D94/><U63/><E63/><V101/><F120/><W27/><G54/><T53/><D95/><U97/><E97/><V14/><F123/><W58/><G112/><T59/><D93/><U69/><E69/><V2/><F111/><W48/><G108/><T96/><D96/><U70/><E70/><V81/><F131/><W30/><G113/><T128/><D128/><U114/><E114/><V129/><F129/><W88/><G48/><T31/><D130/><U4/><E4/><V20/><F7/><W126/><G126/><T66/><D66/><U87/><AGARI ba="0,1" hai="15,17,21,41,47,49,57,61,67,78,82,87,100,103" machi="87" ten="20,12000,2" yaku="1,1,0,1,7,1,8,1,52,1,53,1" doraHai="13" doraHaiUra="74" who="1" fromWho="1" sc="333,-30,149,130,306,-60,202,-30" /><INIT seed="3,0,0,2,5,88" ten="303,279,246,172" oya="3" hai0="74,125,90,116,60,80,134,73,4,86,98,37,62" hai1="92,48,68,40,50,71,30,118,94,66,70,47,95" hai2="113,28,129,85,10,114,46,67,59,36,22,82,121" hai3="91,131,49,123,24,32,128,64,27,6,9,65,41"/><W79/><G123/><T115/><D37/><U130/><E130/><N who="3" m="49706" /><G79/><T117/><D4/><U23/><E118/><V44/><F129/><W107/><G107/><T42/><D42/><U61/><REACH who="1" step="1"/><E50/><REACH who="1" ten="303,269,246,172" step="2"/><V75/><F114/><W13/><G91/><T25/><D115/><U14/><E14/><V97/><F113/><W112/><G112/><T101/><D117/><U109/><E109/><V126/><F121/><W111/><G111/><T17/><D116/><U106/><E106/><V29/><F36/><W33/><G49/><T26/><D90/><U34/><E34/><N who="3" m="13418" /><G41/><T18/><D26/><AGARI ba="0,1" hai="23,26,30,40,47,48,61,66,68,70,71,92,94,95" machi="26" ten="40,8000,1" yaku="1,1,52,3,53,1" doraHai="88" doraHaiUra="43" who="1" fromWho="0" sc="303,-80,269,90,246,0,172,0" /><AGARI ba="0,0" hai="6,9,13,24,26,27,64,65" m="13418,49706" machi="26" ten="30,1500,0" yaku="19,1" doraHai="88" who="3" fromWho="0" sc="223,-15,359,0,246,0,172,15" /><INIT seed="3,1,0,1,0,43" ten="208,359,246,187" oya="3" hai0="119,131,103,97,54,85,112,22,14,45,125,113,46" hai1="64,50,128,33,91,106,26,134,75,62,25,110,1" hai2="114,10,31,15,32,130,100,82,76,5,126,121,77" hai3="92,60,115,56,9,2,81,51,83,44,104,40,61"/><W124/><G104/><T69/><D119/><U107/><E1/><V57/><F114/><N who="0" m="44138" /><D131/><U74/><E91/><V7/><F130/><W109/><G115/><T127/><D69/><U70/><E50/><V120/><F126/><N who="0" m="48138" /><D54/><U0/><E70/><V71/><F71/><W18/><G124/><T80/><D22/><U111/><E0/><V122/><F100/><W16/><G109/><T79/><D14/><U21/><E21/><V65/><F5/><W48/><G2/><T98/><D98/><U135/><E64/><V6/><F6/><W38/><G38/><T58/><D58/><U99/><E99/><V3/><F15/><N who="3" m="7279" /><G18/><T11/><D11/><U93/><E128/><V52/><F65/><W30/><G30/><T66/><D66/><U12/><E12/><V4/><F4/><W118/><G118/><T133/><D133/><U94/><E135/><V20/><F20/><W132/><G132/><T13/><D13/><U29/><E134/><V41/><F31/><W101/><G48/><T19/><D19/><U63/><E29/><V59/><F121/><W88/><G101/><T36/><D36/><U95/><E25/><V27/><F122/><W116/><G116/><T73/><D73/><U87/><E74/><V72/><F120/><W102/><G102/><T49/><D49/><U84/><E75/><N who="2" m="43295" /><F27/><W35/><G35/><T23/><D23/><U117/><E117/><V53/><F32/><W68/><G68/><T90/><D103/><U24/><E33/><V123/><F123/><W55/><G60/><N who="1" m="23082" /><E24/><V129/><F129/><W96/><AGARI ba="1,0" hai="40,44,51,55,56,61,81,83,88,92,96" m="7279" machi="96" ten="30,11700,0" yaku="8,1,52,1,54,2" doraHai="43" who="3" fromWho="3" sc="208,-40,359,-40,246,-40,187,120" /><INIT seed="3,2,0,3,1,42" ten="168,319,206,307" oya="3" hai0="38,52,29,68,0,132,79,89,77,118,134,122,99" hai1="53,16,90,100,75,78,69,93,127,33,12,81,110" hai2="20,32,49,63,80,117,61,107,45,94,30,76,27" hai3="56,22,129,82,51,47,73,98,96,40,67,84,70"/><W41/><G73/><T74/><D68/><U66/><E33/><V108/><F107/><W119/><G119/><T92/><D118/><U130/><E110/><V85/><F117/><W58/><G70/><T59/><D122/><U39/><E39/><V120/><F108/><W37/><G129/><T87/><D0/><U60/><E130/><V36/><F36/><W54/><G22/><T19/><D74/><U31/><E127/><V124/><F124/><W133/><G133/><N who="0" m="51307" /><D29/><U102/><E53/><V88/><F32/><W131/><G131/><T9/><D38/><U125/><E31/><V10/><F10/><W14/><G14/><N who="0" m="7631" /><D99/><N who="3" m="37929" /><G37/><T24/><D24/><U65/><E65/><V2/><F2/><W128/><G128/><T4/><D4/><U64/><E64/><V103/><F103/><W28/><G28/><T26/><D26/><U86/><E125/><V25/><F25/><W7/><G7/><T121/><D121/><U21/><AGARI ba="2,0" hai="12,16,21,60,66,69,75,78,81,86,90,93,100,102" machi="21" ten="20,2700,0" yaku="0,1,7,1,54,1" doraHai="42" who="1" fromWho="1" sc="168,-9,319,33,206,-9,307,-15" owari="159,-34.1,352,45.2,197,-20.3,292,9.2" /></mjloggm>