<mjloggm ver="2.3"><GO type="225" lobby="0"/><UN n0="%E9%80%9F%E6%B0%B4%E5%87%9B%E9%A6%99" n1="%4D%50%43%32%38%30%30" n2="%54%4F%52" n3="%E3%81%82%E3%83%BC%E3%81%97" dan="16,16,17,16" rate="2152.87,2140.01,2232.00,2094.10" sx="F,M,M,M"/><TAIKYOKU oya="0"/><INIT seed="0,0,0,1,1,133" ten="250,250,250,250" oya="0" hai0="31,16,130,74,29,127,36,118,7,37,67,20,132" hai1="25,64,42,33,106,26,113,69,4,18,110,49,120" hai2="2,8,43,44,62,124,58,116,41,1,59,22,119" hai3="17,28,111,82,100,81,70,79,10,57,54,77,107"/><T131/><D74/><U129/><E106/><V55/><F22/><W34/><G70/><T68/><D118/><N who="2" m="45098" /><F8/><W35/><G111/><T19/><D67/><U101/><E101/><V89/><F89/><W126/><G28/><T30/><D68/><U5/><E69/><V48/><F2/><W71/><G71/><T112/><D112/><U27/><E64/><N who="2" m="38999" /><F1/><W21/><G10/><T115/><D115/><U134/><E110/><V65/><F124/><W56/><G54/><T98/><D98/><U46/><E113/><V104/><F104/><W90/><G90/><T45/><D132/><U91/><E120/><V84/><F84/><W24/><G100/><T125/><D7/><U97/><E134/><V105/><F105/><W13/><G107/><T60/><D60/><AGARI ba="0,0" hai="41,43,44,48,55,59,60,65" m="38999,45098" machi="60" ten="30,3900,0" yaku="12,1,34,2" doraHai="133" who="2" fromWho="0" sc="250,-39,250,0,250,39,250,0" /><INIT seed="1,0,0,2,1,67" ten="211,250,289,250" oya="1" hai0="30,10,75,86,4,55,91,9,28,24,79,84,5" hai1="7,17,33,135,94,63,77,70,123,129,111,44,103" hai2="56,49,109,80,31,118,100,89,15,112,115,61,12" hai3="51,76,99,74,40,62,0,106,117,92,85,96,52"/><U71/><E123/><V23/><F118/><W119/><G0/><T3/><D75/><U29/><E7/><V131/><F109/><W134/><G74/><T107/><D107/><U69/><E77/><V108/><F108/><W20/><G106/><T8/><D79/><U97/><E111/><V16/><F131/><W39/><G62/><T46/><D46/><U124/><E129/><V65/><F100/><W53/><G39/><T34/><D55/><N who="3" m="21065" /><G134/><T126/><D86/><U127/><E135/><V22/><F49/><W101/><G20/><N who="0" m="15367" /><D84/><U38/><E17/><V68/><F56/><W88/><G76/><T72/><D91/><U27/><E63/><V116/><F116/><N who="3" m="44619" /><G101/><T37/><D37/><U60/><E60/><V35/><F35/><W98/><G85/><T81/><D81/><U64/><E64/><V13/><F31/><W47/><AGARI ba="0,0" hai="40,47,51,88,92,96,98,99" m="44619,21065" machi="47" ten="30,4000,0" yaku="12,1,54,2" doraHai="67" who="3" fromWho="3" sc="211,-10,250,-20,289,-10,250,40" /><INIT seed="2,0,0,1,0,81" ten="201,230,279,290" oya="2" hai0="14,83,28,105,58,7,20,88,76,127,34,70,47" hai1="23,115,131,48,87,67,107,106,36,96,62,89,104" hai2="40,77,3,43,134,73,124,94,27,13,133,15,21" hai3="49,5,116,26,119,45,54,91,113,109,98,46,22"/><V112/><F112/><W50/><G109/><T30/><D70/><U9/><E36/><V86/><F3/><W17/><G113/><T82/><D105/><U66/><E115/><V84/><F124/><W56/><G5/><T118/><D34/><U12/><E131/><V19/><F73/><W44/><G119/><T93/><D127/><U135/><E135/><N who="2" m="51723" /><F77/><W132/><G132/><T24/><D30/><U100/><E23/><N who="2" m="11759" /><F15/><W10/><G10/><N who="0" m="4447" /><D76/><U74/><E48/><V0/><F0/><W79/><G79/><T85/><D47/><U125/><E74/><V31/><F94/><N who="3" m="56671" /><G116/><T95/><D118/><U4/><E125/><V11/><F11/><W53/><AGARI ba="0,0" hai="17,22,26,44,45,46,49,50,53,54,56" m="56671" machi="53" ten="30,1100,0" yaku="8,1" doraHai="81" who="3" fromWho="3" sc="201,-3,230,-3,279,-5,290,11" /><INIT seed="3,0,0,2,5,102" ten="198,227,274,301" oya="3" hai0="118,131,103,18,122,129,80,22,101,71,72,109,124" hai1="3,47,28,104,67,32,50,0,9,91,36,30,92" hai2="16,42,77,130,61,12,120,105,52,87,114,81,132" hai3="35,113,111,45,76,56,66,29,34,10,84,58,48"/><W85/><G113/><T37/><D37/><U89/><E104/><V25/><F114/><W24/><G35/><T126/><D71/><U125/><E125/><N who="0" m="48233" /><D122/><U2/><E36/><V100/><F120/><W60/><G76/><N who="0" m="44039" /><D118/><U88/><E67/><V6/><F130/><N who="0" m="49674" /><D109/><U46/><E9/><V26/><F132/><W59/><G111/><T134/><D134/><U78/><E78/><V54/><F42/><W90/><G10/><T70/><D70/><U33/><E92/><V21/><F6/><W65/><G65/><T96/><D96/><U112/><E112/><V14/><F26/><W41/><G85/><T4/><D4/><U117/><E117/><V106/><F14/><W27/><G24/><T5/><D5/><U53/><REACH who="1" step="1"/><E47/><REACH who="1" ten="198,217,274,301" step="2"/><V108/><F108/><W57/><G57/><T7/><D7/><U115/><E115/><V11/><F11/><W73/><G73/><T17/><D17/><U69/><E69/><V38/><F38/><W68/><G68/><T123/><D123/><U44/><E44/><V75/><F16/><W83/><AGARI ba="0,1" hai="27,29,34,41,45,48,56,58,59,60,66,83,84,90" machi="83" ten="20,2100,0" yaku="0,1,7,1" doraHai="102" who="3" fromWho="3" sc="198,-7,217,-7,274,-7,301,31" owari="191,-30.9,210,-19.0,267,6.7,332,43.2" /></mjloggm>