<mjloggm ver="2.3"><GO type="225" lobby="0"/><UN n0="%73%6C%69%63%6B%33%31%39" n1="%E8%BE%9B%E5%8F%A3%E3%82%AB%E3%83%AC%E3%83%BC%E3%83%A9%E3%82%A4%E3%82%B9" n2="%72%69%6F%75%63%68%61%6E" n3="%6D%75%75%6D%75%72%61" dan="17,16,16,16" rate="2189.09,2150.89,2189.57,2143.91" sx="M,M,M,F"/><TAIKYOKU oya="0"/><INIT seed="0,0,0,0,1,52" ten="250,250,250,250" oya="0" hai0="69,133,50,21,120,7,43,112,111,76,18,87,88" hai1="44,128,105,85,23,49,71,102,51,25,108,20,54" hai2="77,45,36,93,126,6,100,110,53,79,89,106,127" hai3="101,17,35,132,12,26,115,60,92,55,129,122,9"/><T90/><D112/><U98/><E108/><V62/><F110/><W64/><G115/><T59/><D120/><U47/><E128/><V11/><F106/><W96/><G129/><T1/><D69/><U16/><E71/><V13/><F100/><W0/><G132/><T30/><D111/><U19/><E85/><V78/><F36/><W48/><G122/><T29/><D133/><U107/><E107/><V84/><REACH who="2" step="1"/><F62/><REACH who="2" ten="250,250,240,250" step="2"/><W114/><G114/><T130/><D130/><U3/><E3/><V75/><F75/><W131/><G0/><T68/><D1/><U80/><E80/><V5/><F5/><W117/><G131/><T15/><D7/><U123/><E123/><V27/><F27/><W33/><G26/><T65/><D68/><U10/><E10/><V22/><F22/><W56/><REACH who="3" step="1"/><G117/><REACH who="3" ten="250,250,240,240" step="2"/><T66/><D21/><U103/><E23/><V46/><F46/><AGARI ba="0,2" hai="9,12,17,33,35,46,48,55,56,60,64,92,96,101" machi="46" ten="30,7700,0" yaku="1,1,2,1,7,1,52,1,53,0" doraHai="52" doraHaiUra="124" who="3" fromWho="2" sc="250,0,250,0,240,-77,240,97" /><INIT seed="1,0,0,3,1,86" ten="250,250,163,337" oya="1" hai0="96,25,15,5,9,52,109,77,3,28,91,23,87" hai1="30,34,93,33,54,31,123,63,58,101,116,79,60" hai2="6,115,104,43,98,61,81,132,45,112,26,53,118" hai3="64,0,90,89,83,69,49,97,19,99,117,133,41"/><U122/><E116/><V78/><F118/><W7/><G117/><T55/><D109/><U17/><E79/><V102/><F132/><W94/><G133/><T44/><D77/><U76/><E76/><V38/><F26/><W82/><G69/><T131/><D131/><U72/><E72/><V32/><F32/><W71/><G71/><T130/><D130/><U37/><E37/><V16/><F16/><W47/><G64/><T75/><D75/><U126/><E126/><V95/><F6/><W27/><G0/><T111/><D111/><U107/><E107/><V22/><F22/><N who="3" m="13791" /><G7/><T108/><D96/><U50/><E17/><V4/><F4/><W18/><G18/><N who="0" m="10719" /><D44/><U39/><E39/><V56/><REACH who="2" step="1"/><F104/><REACH who="2" ten="250,250,153,337" step="2"/><W124/><G124/><T128/><D128/><U11/><E33/><V120/><F120/><W70/><G70/><T84/><D108/><U12/><E34/><V103/><F103/><W42/><G42/><T24/><D24/><U35/><E35/><V14/><F14/><W57/><G57/><T134/><D134/><U92/><E122/><V74/><AGARI ba="0,1" hai="38,43,45,53,56,61,74,78,81,95,98,102,112,115" machi="74" ten="30,2000,0" yaku="1,1,0,1,53,0" doraHai="86" doraHaiUra="114" who="2" fromWho="2" sc="250,-5,250,-10,153,30,337,-5" /><INIT seed="2,0,0,5,4,132" ten="245,240,183,332" oya="2" hai0="79,53,7,102,116,82,125,58,110,51,92,87,24" hai1="2,75,36,4,108,96,30,115,6,94,9,41,118" hai2="28,20,37,107,17,62,111,101,81,26,0,11,105" hai3="128,109,134,39,45,130,127,69,65,35,123,84,59"/><V66/><F37/><W117/><RYUUKYOKU type="yao9" ba="0,0" sc="245,0,240,0,183,0,332,0" hai3="35,39,45,59,65,69,84,109,117,123,127,128,130,134" /><INIT seed="2,1,0,3,1,12" ten="245,240,183,332" oya="2" hai0="75,72,102,135,22,42,45,134,41,133,63,16,39" hai1="10,60,114,96,14,124,119,93,33,44,37,95,127" hai2="120,54,112,122,31,1,5,69,40,108,121,126,65" hai3="20,61,81,2,46,107,18,8,51,32,104,70,128"/><V131/><F112/><W52/><G32/><T74/><D102/><U79/><E114/><V48/><F31/><W58/><G128/><T99/><D99/><U106/><E119/><V88/><F131/><W129/><G129/><T27/><D42/><N who="1" m="22607" /><E33/><V9/><F126/><N who="1" m="48169" /><E79/><V111/><F40/><W3/><G70/><T92/><D92/><U7/><E60/><AGARI ba="1,0" hai="16,22,27,39,41,45,60,63,72,74,75,133,134,135" machi="60" ten="50,6400,0" yaku="20,1,52,1,54,1" doraHai="12" who="0" fromWho="1" sc="245,67,240,-67,183,0,332,0" /><INIT seed="3,0,0,3,4,41" ten="312,173,183,332" oya="3" hai0="101,17,80,49,121,68,96,90,55,120,4,13,99" hai1="48,119,10,65,114,64,127,0,85,16,42,7,79" hai2="76,9,88,57,133,124,32,110,71,113,70,112,100" hai3="126,78,58,50,89,115,105,132,97,25,60,131,24"/><W20/><G115/><T18/><D68/><U95/><E114/><V63/><F32/><W59/><G78/><T77/><D4/><U86/><E127/><V75/><F113/><W74/><G74/><T33/><D33/><U28/><E28/><V34/><F112/><W102/><G131/><T1/><D1/><U56/><E119/><V45/><F34/><W43/><G132/><T19/><D90/><N who="1" m="53711" /><E0/><V72/><F100/><W12/><G126/><T31/><D31/><U73/><E73/><V103/><F103/><W118/><G118/><T54/><D13/><N who="1" m="7223" /><E7/><V6/><F110/><W40/><G12/><T98/><D101/><U109/><E109/><V91/><F133/><W125/><G25/><T87/><REACH who="0" step="1"/><D55/><REACH who="0" ten="302,173,183,332" step="2"/><N who="1" m="31847" /><E42/><V27/><F70/><W11/><G43/><T134/><D134/><U128/><E128/><V15/><F71/><W46/><G125/><T111/><D111/><U47/><E47/><AGARI ba="0,1" hai="17,18,19,47,49,54,77,80,87,96,98,99,120,121" machi="47" ten="40,2600,0" yaku="1,1,52,1,53,0" doraHai="41" doraHaiUra="135" who="0" fromWho="1" sc="302,36,173,-26,183,0,332,0" owari="338,43.8,147,-35.3,183,-21.7,332,13.2" /></mjloggm>