<mjloggm ver="2.3"><GO type="225" lobby="0"/><UN n0="%E6%A1%9C%E8%8A%B1%E9%96%83%E3%80%85" n1="%E6%B4%BE%E9%81%A3%E3%81%AE%E3%82%B8%E3%83%A3%E3%83%83%E3%82%AF" n2="%E3%81%8B%E3%82%8F%E3%81%A1%E3%82%83%E3%82%93%35%38" n3="%E3%81%A8%E3%82%93%E3%81%A8%E3%81%93%E3%81%A8%E3%82%93" dan="16,17,17,16" rate="2211.95,2205.32,2227.53,2139.30" sx="M,M,M,F"/><TAIKYOKU oya="0"/><INIT seed="0,0,0,5,0,75" ten="250,250,250,250" oya="0" hai0="65,31,127,78,89,21,132,13,19,42,93,95,79" hai1="18,135,49,71,23,64,45,56,11,90,113,59,122" hai2="61,66,124,63,96,47,104,125,16,51,134,1,46" hai3="30,28,52,14,110,67,10,37,69,99,32,117,108"/><T6/><D127/><N who="2" m="48714" /><F1/><W53/><G37/><T57/><D132/><U8/><E122/><V97/><F134/><W126/><G117/><T35/><D42/><U92/><E71/><V91/><F104/><W7/><G126/><T80/><D6/><U81/><E113/><V68/><F63/><N who="3" m="40191" /><G99/><N who="2" m="37961" /><F91/><W98/><G98/><T123/><D123/><U4/><E92/><N who="0" m="35401" /><D35/><U88/><E135/><V131/><F131/><W129/><G129/><T34/><D34/><U77/><E64/><V20/><F51/><W94/><G94/><T115/><D31/><N who="3" m="11817" /><G32/><T130/><D130/><U15/><E56/><V44/><F44/><W105/><G105/><T128/><D128/><U106/><E59/><V112/><F112/><W27/><G27/><AGARI ba="0,0" hai="16,20,27,46,47,61,66,68" m="37961,48714" machi="27" ten="30,2000,0" yaku="18,1,54,1" doraHai="75" who="2" fromWho="3" sc="250,0,250,0,250,20,250,-20" /><INIT seed="1,0,0,2,4,37" ten="250,250,270,230" oya="1" hai0="45,19,77,69,85,135,13,103,33,88,57,68,7" hai1="73,100,22,128,43,0,11,15,86,82,8,122,49" hai2="78,34,60,113,48,115,101,132,56,99,58,134,106" hai3="130,1,47,38,120,71,63,89,102,12,27,112,123"/><U42/><E122/><V110/><F34/><W66/><G12/><T24/><D135/><N who="2" m="51754" /><F110/><W98/><G89/><T81/><D103/><U105/><E73/><V129/><F129/><W28/><G1/><T18/><D57/><U54/><E128/><V91/><F78/><W121/><G112/><N who="2" m="43081" /><F91/><W74/><G74/><T9/><D45/><N who="1" m="27951" /><E105/><V109/><F109/><W75/><G75/><T41/><D41/><N who="1" m="15371" /><E0/><V14/><F48/><W131/><G38/><T31/><REACH who="0" step="1"/><D77/><REACH who="0" ten="240,250,270,230" step="2"/><N who="1" m="46415" /><E100/><V23/><F60/><W52/><G102/><T3/><D3/><U39/><E39/><V79/><F79/><W30/><G130/><T59/><D59/><U83/><E83/><V67/><F67/><W29/><G131/><T2/><D2/><U80/><E80/><V6/><F58/><W127/><G121/><T65/><D65/><U133/><E133/><V36/><F56/><W32/><G123/><T126/><D126/><U111/><E111/><V26/><F36/><W5/><G120/><T4/><D4/><U55/><E55/><V61/><F61/><W70/><G127/><T125/><D125/><U20/><E11/><V92/><F6/><AGARI ba="0,1" hai="6,8,15,20,22" m="46415,15371,27951" machi="6" ten="30,11600,0" yaku="8,1,52,3" doraHai="37" who="1" fromWho="2" sc="240,0,250,126,270,-116,230,0" /><INIT seed="1,1,0,4,1,105" ten="240,376,154,230" oya="1" hai0="60,73,44,119,93,77,75,88,122,55,9,31,6" hai1="100,72,18,112,23,135,33,42,91,83,104,50,117" hai2="66,130,49,114,56,101,40,106,3,126,37,134,133" hai3="129,81,48,57,118,38,110,109,15,63,0,8,52"/><U36/><E112/><V103/><F3/><W62/><G0/><T17/><D119/><U99/><E117/><V102/><F114/><W46/><G118/><T96/><D122/><U13/><E33/><V82/><F126/><W19/><G129/><T124/><D124/><U76/><E135/><N who="2" m="51723" /><F130/><W2/><G2/><T107/><D31/><U54/><E36/><V10/><F10/><W5/><G5/><T16/><D107/><U28/><E28/><V95/><F106/><W85/><G38/><T127/><D127/><U7/><E42/><V89/><F37/><W21/><G21/><T61/><D77/><U113/><E113/><V87/><F66/><W1/><G1/><T111/><D111/><N who="3" m="42505" /><G57/><T27/><D6/><U123/><E7/><V22/><F22/><W108/><N who="3" m="42513" /><W51/><DORA hai="132" /><G48/><N who="0" m="29063" /><D73/><U12/><E123/><V65/><F65/><W11/><G8/><T94/><D75/><U78/><E78/><AGARI ba="1,0" hai="11,15,19,46,51,52,62,63,78,81,85" m="42513" machi="78" ten="40,2600,0" yaku="14,1,54,1" doraHai="105,132" who="3" fromWho="1" sc="240,0,376,-29,154,0,230,29" /><INIT seed="2,0,0,3,4,23" ten="240,347,154,259" oya="2" hai0="12,57,31,105,101,19,94,24,124,45,74,56,46" hai1="49,118,43,87,109,38,88,41,11,32,135,98,1" hai2="108,21,71,100,78,60,17,84,93,25,5,59,6" hai3="18,42,72,52,79,33,120,81,122,75,2,103,85"/><V34/><F71/><W69/><G2/><T89/><D74/><U115/><E115/><V106/><F108/><W3/><G3/><T70/><D70/><U131/><E118/><V58/><F106/><W116/><G116/><T51/><D124/><U22/><E32/><V28/><F78/><W4/><G33/><T10/><D105/><U54/><E38/><V68/><F68/><W0/><G69/><T96/><D89/><U48/><E48/><V90/><F100/><W95/><G42/><T13/><D13/><U77/><E135/><V53/><REACH who="2" step="1"/><F59/><REACH who="2" ten="240,347,144,259" step="2"/><W111/><G111/><T44/><REACH who="0" step="1"/><D51/><REACH who="0" ten="230,347,144,259" step="2"/><U125/><E49/><V15/><AGARI ba="0,2" hai="5,6,15,17,21,25,28,34,53,58,60,84,90,93" machi="15" ten="20,12000,1" yaku="1,1,2,1,0,1,7,1,52,1,53,0" doraHai="23" doraHaiUra="63" who="2" fromWho="2" sc="230,-40,347,-40,144,140,259,-40" /><INIT seed="2,1,0,4,1,119" ten="190,307,284,219" oya="2" hai0="66,109,47,57,113,128,44,98,124,93,126,16,67" hai1="92,14,110,68,76,18,77,37,122,65,132,48,75" hai2="80,134,58,32,28,4,21,121,11,35,38,3,103" hai3="64,74,96,60,8,108,52,115,69,20,53,31,91"/><V41/><F103/><W84/><G74/><T107/><D113/><U97/><E37/><V100/><F100/><W9/><G115/><T59/><D107/><U42/><E110/><V54/><F80/><W25/><G96/><T70/><D109/><U94/><E68/><V125/><F41/><W90/><G108/><T133/><D70/><U120/><E65/><N who="0" m="24585" /><D133/><U49/><E132/><V111/><F38/><W27/><G91/><N who="0" m="55615" /><D128/><U116/><E116/><V26/><F111/><W6/><G27/><T61/><D59/><U22/><E75/><V118/><F134/><W29/><G29/><T62/><D57/><U89/><E92/><V73/><F73/><W99/><G99/><T63/><D124/><U2/><E2/><V82/><F118/><W83/><REACH who="3" step="1"/><G9/><REACH who="3" ten="190,307,284,209" step="2"/><T17/><D126/><U135/><E135/><V5/><F125/><W78/><G78/><T33/><D33/><U40/><E76/><V106/><F35/><W87/><G87/><T30/><D30/><U86/><E86/><V104/><F32/><W123/><G123/><N who="1" m="47146" /><E77/><V51/><F28/><W13/><AGARI ba="1,1" hai="6,8,13,20,25,31,52,53,60,64,69,83,84,90" machi="13" ten="20,5200,0" yaku="1,1,0,1,7,1,54,1,53,0" doraHai="119" doraHaiUra="43" who="3" fromWho="3" sc="190,-14,307,-14,284,-27,209,65" /><INIT seed="3,0,0,5,2,74" ten="176,293,257,274" oya="3" hai0="40,133,104,80,71,48,131,78,44,77,125,97,126" hai1="130,50,10,119,98,93,15,14,3,94,20,17,86" hai2="4,109,30,7,0,51,88,111,134,84,53,129,55" hai3="123,12,60,54,102,8,26,107,101,79,59,87,1"/><W5/><G123/><T49/><D71/><U34/><E34/><V96/><F129/><W115/><G115/><T22/><D131/><U118/><E3/><V45/><F134/><W33/><G107/><T2/><D2/><U21/><E130/><V47/><F30/><W36/><G36/><T13/><D133/><U128/><E128/><V122/><F96/><W35/><G1/><T76/><D48/><U11/><E50/><V73/><F73/><W19/><G35/><T63/><D63/><U124/><E124/><N who="0" m="47721" /><D22/><U39/><E39/><V90/><F122/><W41/><G41/><T23/><D23/><N who="1" m="8779" /><E86/><V43/><F0/><W120/><G120/><T32/><D13/><U116/><E98/><V127/><F127/><W27/><G33/><T18/><D18/><AGARI ba="0,0" hai="10,11,14,15,17,18,93,94,116,118,119" m="8779" machi="18" ten="30,1000,0" yaku="12,1" doraHai="74" who="1" fromWho="0" sc="176,-10,293,10,257,0,274,0" owari="166,-33.4,303,40.3,257,-14.3,274,7.4" /></mjloggm>