<mjloggm ver="2.3"><GO type="225" lobby="0"/><UN n0="%E5%A4%9C%E3%81%AE%E3%82%AC%E3%82%B9%E3%83%91%E3%83%BC%E3%83%AB" n1="%E6%B8%A9%E2%98%85%E6%83%85%E2%98%85%E6%8E%AA%E2%98%85%E7%BD%AE" n2="%6D%61%6A%69%6B%75%7A%75" n3="%E9%97%98%E5%B0%86%E3%81%A0%E3%82%93%E3%81%A7%E3%81%83" dan="16,18,17,16" rate="2138.20,2240.62,2229.05,2113.81" sx="M,M,M,M"/><TAIKYOKU oya="0"/><INIT seed="0,0,0,0,3,127" ten="250,250,250,250" oya="0" hai0="10,104,11,128,124,59,86,3,29,40,110,134,14" hai1="16,19,103,47,25,15,51,20,89,71,95,69,67" hai2="82,96,5,94,122,117,76,101,130,99,132,120,125" hai3="52,33,42,48,80,60,118,88,26,85,97,129,6"/><T38/><D104/><U55/><E103/><V12/><F125/><W123/><G129/><T79/><D124/><U74/><E74/><V43/><F132/><W27/><G118/><T31/><D3/><U18/><E67/><V49/><F117/><W107/><G123/><T119/><D119/><U93/><E93/><V65/><F65/><W1/><G33/><T109/><D134/><U23/><REACH who="1" step="1"/><E19/><REACH who="1" ten="250,240,250,250" step="2"/><V70/><F101/><W75/><G75/><T58/><D128/><U108/><E108/><N who="0" m="41577" /><D86/><AGARI ba="0,1" hai="15,16,18,20,23,25,47,51,55,69,71,86,89,95" machi="86" ten="30,3900,0" yaku="1,1,7,1,54,1,53,0" doraHai="127" doraHaiUra="92" who="1" fromWho="0" sc="250,-39,240,49,250,0,250,0" /><INIT seed="1,0,0,1,3,8" ten="211,289,250,250" oya="1" hai0="13,92,120,94,77,84,122,132,52,9,102,85,16" hai1="91,64,47,39,65,89,4,20,67,43,117,82,58" hai2="68,112,0,115,11,54,37,99,30,75,78,34,121" hai3="71,6,19,63,93,72,96,101,114,45,10,60,28"/><U70/><E117/><V69/><F121/><N who="0" m="46698" /><D132/><U74/><E70/><V87/><F75/><W86/><G114/><T104/><D77/><U109/><E109/><V106/><F37/><W32/><G72/><T49/><D104/><U18/><E4/><N who="2" m="1415" /><F54/><W56/><G71/><T81/><D81/><U83/><E58/><V97/><F78/><W55/><G32/><T44/><D102/><U107/><E107/><V135/><F87/><AGARI ba="0,0" hai="9,13,16,44,49,52,84,85,87,92,94" m="46698" machi="87" ten="30,7700,0" yaku="13,1,52,1,54,2" doraHai="8" who="0" fromWho="2" sc="211,77,289,0,250,-77,250,0" /><INIT seed="2,0,0,4,4,64" ten="288,289,173,250" oya="2" hai0="93,77,68,3,131,10,92,35,5,94,33,52,102" hai1="133,117,119,48,2,81,57,87,25,126,4,112,118" hai2="38,71,18,82,8,12,24,66,47,55,1,63,72" hai3="53,41,70,59,103,101,113,69,19,22,79,86,84"/><V135/><F135/><W105/><G113/><T61/><D131/><U46/><E112/><V130/><F130/><W127/><G127/><T116/><D116/><U62/><E126/><V30/><F1/><W67/><G41/><T73/><D102/><U134/><E25/><V42/><F55/><W115/><G115/><T104/><D104/><U50/><E4/><V51/><F72/><W83/><G67/><T78/><D73/><U15/><E15/><V107/><F82/><W76/><G76/><T60/><D60/><U128/><E2/><V43/><F107/><W11/><G11/><T34/><REACH who="0" step="1"/><D68/><REACH who="0" ten="278,289,173,250" step="2"/><U28/><E128/><V6/><F38/><W123/><G103/><T108/><D108/><U27/><E62/><V129/><F129/><W16/><G70/><T49/><D49/><U54/><E50/><V114/><F114/><W39/><G69/><T56/><AGARI ba="0,1" hai="3,5,10,33,34,35,52,56,61,77,78,92,93,94" machi="56" ten="40,12000,2" yaku="1,1,0,1,54,1,53,3" doraHai="64" doraHaiUra="31" who="0" fromWho="0" sc="278,130,289,-30,173,-60,250,-30" /><INIT seed="3,0,0,3,1,89" ten="408,259,113,220" oya="3" hai0="100,122,75,82,95,101,37,93,10,30,48,77,9" hai1="49,64,132,110,45,131,39,119,13,74,80,98,23" hai2="58,19,54,86,99,114,4,127,55,125,105,102,79" hai3="28,83,31,5,65,27,41,44,108,59,25,46,111"/><W29/><G5/><T90/><D37/><U43/><E110/><N who="3" m="42026" /><G46/><T57/><D122/><U73/><E132/><V38/><F114/><W88/><G65/><T20/><D95/><U134/><E134/><V1/><F38/><N who="3" m="21559" /><G59/><T52/><D10/><U8/><E8/><V118/><F118/><W94/><G83/><T67/><D67/><U24/><E80/><V42/><F42/><W68/><G68/><T107/><D9/><U104/><E64/><V133/><F133/><W97/><AGARI ba="0,0" hai="25,27,28,29,31,88,94,97" m="21559,42026" machi="97" ten="30,11700,0" yaku="14,1,10,1,52,1,54,1" doraHai="89" who="3" fromWho="3" sc="408,-39,259,-39,113,-39,220,117" /><INIT seed="3,1,0,2,1,118" ten="369,220,74,337" oya="3" hai0="19,70,126,59,23,55,47,83,103,25,116,96,29" hai1="124,53,127,111,62,4,58,66,109,41,135,1,2" hai2="99,40,132,26,108,86,52,93,48,114,125,21,10" hai3="81,87,50,102,90,28,32,45,119,95,38,68,18"/><W89/><G119/><T105/><D126/><N who="1" m="48171" /><E4/><V36/><F125/><W46/><G68/><T97/><D116/><U94/><E94/><V16/><F114/><W134/><G134/><T76/><D47/><N who="3" m="17929" /><G32/><T35/><D96/><U67/><E2/><V101/><F132/><W117/><G38/><T82/><D76/><U15/><E1/><V74/><F108/><N who="1" m="41545" /><E15/><V115/><F74/><W113/><G117/><T69/><D70/><U110/><E110/><V49/><F115/><W133/><G113/><T121/><D69/><U112/><E112/><V3/><F36/><W57/><G133/><T61/><D121/><U104/><E104/><V129/><F129/><W63/><G102/><T64/><D64/><N who="1" m="24619" /><E135/><V60/><F3/><W39/><G28/><T56/><D103/><U22/><E22/><V9/><F40/><W85/><G18/><T80/><D19/><U91/><E91/><V51/><REACH who="2" step="1"/><F86/><REACH who="2" ten="369,220,64,337" step="2"/><W54/><G39/><T71/><D71/><U130/><E41/><V73/><F73/><W30/><G30/><T77/><D29/><U65/><E65/><V78/><F78/><W7/><G7/><T5/><D77/><U34/><E34/><V31/><F31/><W75/><G75/><T84/><D35/><U6/><E6/><V128/><F128/><AGARI ba="1,1" hai="53,58,62,128,130" m="24619,41545,48171" machi="128" ten="40,8000,1" yaku="18,1,14,1,34,2" doraHai="118" who="1" fromWho="2" sc="369,0,220,93,64,-83,337,0" owari="369,46.9,313,-8.7,-19,-51.9,337,13.7" /></mjloggm>