<mjloggm ver="2.3"><GO type="225" lobby="0"/><UN n0="%E9%80%86%E9%80%A3%E5%B8%AF%E3%81%AE%E9%AC%BC" n1="%6D%75%75%73%61%6E%6D%75" n2="%E4%BF%BA%E3%81%A8%E5%A6%96%E5%A4%A2" n3="%E5%A4%9C%E5%85%89%E5%A4%A9%E6%A5%BC" dan="16,16,17,16" rate="2176.98,2102.41,2183.38,2093.23" sx="M,F,F,F"/><TAIKYOKU oya="0"/><INIT seed="0,0,0,0,5,69" ten="250,250,250,250" oya="0" hai0="103,68,64,17,54,78,75,125,76,110,14,55,89" hai1="133,96,0,77,56,101,106,47,38,82,86,51,126" hai2="45,36,23,111,10,29,3,30,4,91,15,73,22" hai3="88,32,98,97,26,87,85,116,43,63,107,90,52"/><T104/><D125/><U80/><E133/><V28/><F73/><W6/><G116/><T127/><D127/><U108/><E126/><V67/><F67/><W34/><G6/><T65/><D110/><U130/><E108/><V31/><F111/><W49/><G43/><T53/><D89/><N who="3" m="34409" /><G107/><T61/><D65/><U21/><E130/><V72/><F72/><W121/><G34/><T118/><D118/><U92/><E0/><V102/><F102/><W131/><G32/><T1/><D1/><U95/><E82/><V135/><F91/><W79/><G131/><T129/><D129/><U112/><E112/><V81/><F81/><N who="3" m="47295" /><G87/><T134/><D134/><U9/><E9/><N who="2" m="2207" /><F45/><N who="3" m="27695" /><G26/><T93/><D104/><U42/><REACH who="1" step="1"/><E21/><REACH who="1" ten="250,240,250,250" step="2"/><V113/><F113/><W48/><G121/><T13/><D75/><U12/><E12/><V99/><F135/><W122/><G122/><T50/><D13/><U123/><E123/><V11/><F99/><W71/><G98/><T109/><D109/><U60/><E60/><V7/><F10/><W114/><G63/><T62/><D62/><U84/><E84/><V132/><F132/><W58/><G114/><T35/><D35/><U105/><E105/><V83/><F83/><W33/><G97/><T66/><D61/><U74/><E74/><V40/><N who="2" m="7168" /><DORA hai="2" /><V44/><AGARI ba="0,1" hai="7,11,15,22,23,36,40,44" m="7168,2207" machi="44" ten="40,8000,1" yaku="4,1,52,3" doraHai="69,2" who="2" fromWho="2" sc="250,-40,240,-20,250,90,250,-20" /><INIT seed="1,0,0,1,1,74" ten="210,220,340,230" oya="1" hai0="45,50,97,17,88,82,117,71,52,42,20,123,131" hai1="111,38,62,107,134,30,23,116,105,16,28,8,37" hai2="24,127,77,1,66,87,72,25,56,125,68,129,3" hai3="130,109,55,9,78,60,7,67,6,81,11,104,121"/><U75/><E116/><V31/><F68/><W34/><G121/><T2/><D131/><U48/><E134/><V4/><F129/><W51/><G104/><T115/><D123/><U112/><E112/><V13/><F87/><W32/><G130/><T46/><D115/><U21/><E75/><V79/><F13/><W69/><G109/><T70/><D2/><N who="2" m="522" /><F72/><W58/><G11/><T22/><D117/><U41/><E111/><V59/><F4/><W29/><G29/><T98/><D71/><U133/><E133/><V53/><F66/><W57/><G57/><N who="2" m="22089" /><F53/><W5/><REACH who="3" step="1"/><G9/><REACH who="3" ten="210,220,340,220" step="2"/><T26/><D70/><U103/><E105/><V0/><F31/><W83/><G83/><T101/><D22/><U132/><E132/><V99/><F0/><W126/><G126/><N who="2" m="48137" /><F99/><W10/><G10/><T124/><D124/><U106/><E30/><V36/><F36/><W119/><G119/><T63/><D98/><U40/><E38/><V61/><F61/><W43/><G43/><T76/><D63/><U18/><E37/><V135/><F135/><W84/><AGARI ba="0,1" hai="5,6,7,32,34,51,55,58,60,67,69,78,81,84" machi="84" ten="30,4000,0" yaku="1,1,0,1,52,1,53,0" doraHai="74" doraHaiUra="93" who="3" fromWho="3" sc="210,-10,220,-20,340,-10,220,50" /><INIT seed="2,0,0,1,3,109" ten="200,200,330,270" oya="2" hai0="40,43,55,120,2,132,8,100,116,22,29,82,96" hai1="72,6,85,9,75,83,49,57,60,66,84,121,53" hai2="104,46,52,76,33,101,3,47,110,111,35,25,69" hai3="34,135,28,92,133,122,128,23,108,20,88,99,13"/><V130/><F69/><W11/><G122/><T98/><D132/><N who="3" m="50761" /><G108/><N who="2" m="41513" /><F3/><W124/><G128/><T32/><D116/><U103/><E121/><V0/><F0/><W87/><G124/><T79/><D32/><U112/><E103/><V73/><F130/><W10/><G10/><T5/><D120/><U26/><E26/><V27/><F76/><W127/><G127/><T97/><D55/><U15/><E112/><V1/><F73/><W45/><G45/><T58/><D58/><U71/><REACH who="1" step="1"/><E85/><REACH who="1" ten="200,190,330,270" step="2"/><V105/><F25/><N who="3" m="18703" /><G87/><T65/><D100/><U115/><E115/><V54/><F101/><W21/><G11/><T77/><D8/><U94/><E94/><V14/><F27/><W119/><G119/><T42/><D98/><U37/><E37/><V117/><F117/><W50/><G99/><T80/><D97/><U74/><E74/><V129/><F129/><W63/><G92/><T38/><D96/><U131/><E131/><V18/><F105/><W16/><G23/><T17/><D38/><U68/><E68/><V89/><F104/><W134/><G21/><T44/><D22/><U48/><E48/><V12/><F33/><W7/><G50/><T4/><D82/><U62/><E62/><V36/><F35/><W126/><G63/><T31/><D80/><U19/><E19/><V61/><F36/><W30/><G134/><T125/><D125/><U118/><E118/><V113/><F113/><W106/><G126/><T90/><D5/><U107/><E107/><V41/><F61/><W78/><G106/><T56/><D4/><U67/><E67/><V123/><F18/><RYUUKYOKU ba="0,1" sc="200,-10,190,30,330,-10,270,-10" hai1="6,9,15,49,53,57,60,66,71,72,75,83,84" /><INIT seed="3,1,1,3,1,42" ten="190,220,320,260" oya="3" hai0="93,55,50,4,117,73,51,32,107,99,23,112,120" hai1="44,88,27,29,69,91,18,67,76,133,60,80,8" hai2="106,89,66,3,30,25,84,45,108,52,119,94,57" hai3="35,125,92,64,114,127,71,123,54,2,118,110,14"/><W63/><G2/><T86/><D117/><U124/><E124/><N who="3" m="47690" /><G35/><T101/><D120/><U31/><E133/><V78/><F119/><W28/><G28/><T34/><D112/><U7/><E18/><V95/><F106/><W68/><G118/><T61/><D73/><U33/><E31/><V59/><F3/><W102/><G114/><T6/><D61/><U111/><E111/><V0/><F0/><W56/><G14/><T20/><D51/><U36/><E36/><V24/><F78/><W83/><G83/><T104/><D34/><U116/><E44/><V12/><F12/><W81/><G81/><T5/><D32/><U43/><E43/><V132/><F24/><W122/><G92/><T82/><D107/><U21/><E33/><V96/><F108/><W16/><G102/><T85/><D104/><U130/><E130/><V37/><F132/><W40/><BYE who="2" /><G16/><T1/><D1/><U134/><E134/><V74/><F74/><W75/><G75/><T135/><D135/><U129/><E129/><V79/><F79/><W90/><G90/><UN n2="%E4%BF%BA%E3%81%A8%E5%A6%96%E5%A4%A2" /><T9/><D9/><U98/><E116/><V47/><F37/><W22/><G40/><T97/><D97/><U109/><E109/><V39/><F39/><W41/><G41/><T87/><REACH who="0" step="1"/><D82/><REACH who="0" ten="180,220,320,260" step="2"/><U26/><E98/><V17/><F96/><W11/><G110/><T113/><D113/><U46/><E8/><V128/><F128/><W48/><G11/><T65/><D65/><U53/><E7/><V19/><F95/><W62/><G22/><T121/><D121/><U15/><E80/><V103/><F94/><RYUUKYOKU ba="1,2" sc="180,15,220,-15,320,-15,260,15" hai0="4,5,6,20,23,50,55,85,86,87,93,99,101" hai3="48,54,56,62,63,64,68,71,122,123" /><INIT seed="3,2,2,1,3,58" ten="195,205,305,275" oya="3" hai0="52,68,7,42,112,53,122,106,111,115,51,12,23" hai1="2,10,114,125,57,105,127,118,126,41,116,22,17" hai2="113,31,73,19,131,35,103,44,59,121,90,70,85" hai3="84,15,30,38,14,71,69,95,81,134,129,130,65"/><W107/><G107/><T25/><D122/><U104/><E114/><N who="0" m="43561" /><D111/><U54/><E41/><V43/><F113/><W26/><G38/><T66/><D106/><N who="1" m="41067" /><E10/><V100/><F70/><N who="3" m="26635" /><G65/><T28/><D7/><U120/><E2/><V74/><F19/><W67/><G67/><T64/><D12/><N who="1" m="9511" /><E120/><V124/><F59/><W88/><G81/><T13/><D13/><U63/><AGARI ba="2,2" hai="54,57,63,116,118,125,126,127" m="9511,41067" machi="63" ten="40,2700,0" yaku="18,1,52,1" doraHai="58" who="1" fromWho="1" sc="195,-9,205,53,305,-9,275,-15" /><INIT seed="4,0,0,3,5,96" ten="186,258,296,260" oya="0" hai0="21,13,92,84,111,89,31,64,71,77,99,54,94" hai1="115,26,61,69,3,38,59,132,12,75,90,66,56" hai2="46,47,1,49,104,48,58,30,14,53,88,7,29" hai3="113,60,17,80,129,95,25,91,124,50,37,78,0"/><T135/><D111/><U98/><E3/><V42/><F1/><W102/><G37/><T11/><D135/><U110/><E110/><V134/><F104/><W97/><G0/><T127/><D127/><U119/><E119/><V20/><F134/><W87/><G124/><T18/><D71/><U116/><E116/><V40/><F88/><W105/><G113/><T130/><D130/><U74/><E132/><V131/><F131/><W121/><G129/><T43/><D64/><U45/><E115/><V63/><F7/><W82/><G121/><T103/><D43/><U36/><E12/><V44/><F44/><W22/><G50/><T100/><D54/><U5/><E5/><V108/><F108/><W15/><G78/><T125/><D125/><U128/><E128/><V114/><F114/><W73/><G73/><T122/><D122/><U126/><E126/><V79/><F79/><W16/><G60/><T65/><D65/><U24/><E74/><V106/><F106/><W85/><G85/><T35/><D35/><U118/><E75/><V10/><F10/><AGARI ba="0,0" hai="10,15,16,17,22,25,80,82,87,91,95,97,102,105" machi="10" ten="30,3900,0" yaku="7,1,52,1,54,1" doraHai="96" who="3" fromWho="2" sc="186,0,258,0,296,-39,260,39" /><INIT seed="5,0,0,4,3,61" ten="186,258,257,299" oya="1" hai0="47,102,49,86,13,97,6,30,56,80,123,60,22" hai1="131,79,15,53,81,118,12,62,106,107,98,29,84" hai2="90,121,5,66,24,7,85,25,63,45,111,128,34" hai3="83,33,31,20,117,48,73,126,108,125,40,50,17"/><U89/><E118/><V110/><F121/><W41/><G108/><T94/><D123/><U129/><E29/><V92/><F128/><N who="1" m="49225" /><E53/><V55/><F110/><W87/><G73/><T43/><D30/><U35/><E35/><V2/><F111/><W52/><G50/><T0/><D0/><U70/><E79/><V77/><F34/><W127/><G31/><T122/><D122/><U68/><E68/><V69/><F77/><N who="3" m="46575" /><G117/><T32/><D32/><U4/><E98/><V101/><F101/><W76/><G76/><T119/><D119/><U27/><E27/><V21/><F2/><W18/><G33/><T9/><D22/><U132/><E132/><V54/><F24/><N who="3" m="14351" /><G18/><T114/><D114/><U95/><E95/><V64/><F5/><W3/><G3/><T44/><D44/><AGARI ba="0,0" hai="40,41,44,48,52,125,126,127" m="14351,46575" machi="44" ten="30,2000,0" yaku="18,1,54,1" doraHai="61" who="3" fromWho="0" sc="186,-20,258,0,257,0,299,20" owari="166,-33.4,258,5.8,257,-14.3,319,41.9" /></mjloggm>