<mjloggm ver="2.3"><GO type="225" lobby="0"/><UN n0="%E5%B6%BA%E4%B8%8A%E5%92%B2" n1="%E3%81%A4%E3%81%A3%E3%81%B1%E3%82%8A%E3%83%9D%E3%83%BC%E3%83%AB" n2="%E5%B0%8F%E9%B3%A5%E9%81%8A%E7%B7%B4%E7%84%A1%32%31%E6%AD%B3" n3="%E4%BA%AE%E6%B5%81%E6%89%93%E8%80%85" dan="16,17,16,16" rate="2087.26,2225.11,2198.74,2088.94" sx="F,M,F,F"/><TAIKYOKU oya="0"/><INIT seed="0,0,0,0,1,106" ten="250,250,250,250" oya="0" hai0="69,9,6,133,70,88,3,38,7,118,24,61,23" hai1="109,68,34,46,35,120,100,33,76,132,124,107,65" hai2="59,50,114,39,90,74,75,58,19,77,29,22,10" hai3="86,0,123,20,66,119,71,127,28,122,115,14,43"/><T72/><D118/><U32/><E46/><V51/><F39/><W36/><G0/><T5/><D133/><U54/><E54/><V129/><F114/><W8/><G115/><T111/><D38/><U85/><E85/><V91/><F29/><W27/><G119/><T99/><D111/><U95/><E95/><V37/><F37/><W12/><G127/><T60/><D72/><N who="2" m="27690" /><F10/><W93/><G66/><T73/><D73/><U131/><E132/><V53/><F53/><W40/><G71/><T135/><D135/><U84/><E124/><V94/><F22/><W17/><G14/><T21/><D3/><U42/><E109/><V4/><F19/><W125/><G125/><T63/><D9/><U80/><E42/><N who="3" m="15914" /><G36/><T55/><D55/><U78/><E34/><V110/><F94/><W13/><G93/><N who="0" m="56743" /><D69/><U112/><E112/><V49/><F4/><N who="0" m="1026" /><T52/><DORA hai="128" /><D70/><U1/><E68/><V98/><F110/><W25/><G25/><T16/><D23/><U104/><E1/><V113/><F113/><W56/><G13/><T2/><D2/><U102/><E35/><V89/><F129/><W15/><G15/><T92/><D92/><U117/><E131/><V57/><F98/><W103/><G12/><T130/><D130/><U97/><E32/><V18/><F18/><N who="3" m="12695" /><G8/><T82/><D82/><U11/><E33/><V87/><F87/><W47/><G17/><T31/><D31/><U62/><E11/><V121/><F121/><W26/><G28/><T30/><D30/><U81/><E120/><V44/><F44/><W126/><G122/><T45/><D45/><RYUUKYOKU ba="0,0" sc="250,15,250,-15,250,15,250,-15" hai0="16,21,24,52,60,61,63" hai2="49,50,51,57,58,59,77,89,90,91" /><INIT seed="0,1,0,1,0,76" ten="265,235,265,235" oya="0" hai0="85,27,131,94,9,90,2,1,86,45,106,49,135" hai1="104,124,133,72,65,103,101,60,97,35,118,108,99" hai2="134,112,78,63,121,81,37,114,73,61,48,46,10" hai3="42,31,4,55,109,8,19,40,13,98,3,38,82"/><T24/><D106/><U105/><E118/><V84/><F121/><W122/><G122/><T91/><D131/><U20/><E108/><V32/><F134/><W34/><G109/><T70/><D135/><U64/><E133/><V16/><F32/><W18/><G38/><T110/><D70/><U68/><E20/><V47/><F37/><W29/><G98/><T5/><D110/><U100/><E124/><V128/><F46/><W77/><G34/><T39/><D39/><U67/><E103/><V11/><F128/><W74/><G55/><T130/><D1/><U59/><E72/><V44/><F44/><W88/><G88/><T50/><D130/><U126/><E126/><V25/><F73/><W56/><G56/><T52/><REACH who="0" step="1"/><D50/><REACH who="0" ten="255,235,265,235" step="2"/><U115/><E115/><V14/><F114/><W30/><REACH who="3" step="1"/><G19/><REACH who="3" ten="255,235,265,225" step="2"/><T33/><D33/><U116/><E116/><V71/><F112/><W83/><G83/><AGARI ba="1,2" hai="2,5,9,24,27,45,49,52,83,85,86,90,91,94" machi="83" ten="30,11600,0" yaku="1,1,7,1,52,1,54,1,53,0" doraHai="76" doraHaiUra="69" who="0" fromWho="3" sc="255,139,235,0,265,0,225,-119" /><INIT seed="0,2,0,2,4,4" ten="394,235,265,106" oya="0" hai0="35,100,101,83,121,39,10,24,58,105,85,29,8" hai1="32,21,106,0,9,92,119,5,98,41,132,34,51" hai2="95,23,2,14,16,57,20,94,63,107,3,97,69" hai3="30,40,48,60,22,66,47,86,44,55,117,59,90"/><T87/><D39/><U88/><E119/><V112/><F112/><W84/><G117/><T126/><D121/><U77/><E132/><V33/><F33/><W54/><G30/><T102/><D126/><U118/><E118/><V38/><F38/><W25/><G25/><T123/><D123/><U108/><E108/><V131/><F107/><W127/><G127/><T73/><D105/><U96/><E77/><V115/><F69/><W13/><G22/><T46/><D73/><U31/><E21/><V71/><F71/><W122/><G122/><T18/><D46/><U37/><E37/><V129/><F20/><W79/><G79/><T1/><D1/><U76/><E76/><V124/><F115/><W72/><G72/><T6/><D6/><U103/><REACH who="1" step="1"/><E31/><REACH who="1" ten="394,225,265,106" step="2"/><V130/><F124/><W15/><G40/><T26/><D29/><U110/><E110/><V11/><F23/><W125/><G125/><T91/><D35/><U75/><E75/><V56/><F56/><W74/><G74/><T89/><D58/><U12/><E12/><V50/><F2/><W70/><G70/><T78/><D78/><U82/><E82/><V49/><F3/><W109/><G109/><T64/><D26/><U67/><E67/><N who="2" m="39407" /><F94/><W128/><G128/><T19/><D64/><U7/><E7/><V68/><F68/><W104/><G104/><T61/><D24/><U52/><E52/><V93/><F93/><W99/><G55/><T114/><D114/><U134/><E134/><V28/><F28/><W45/><G54/><T113/><D113/><U36/><E36/><V80/><F80/><RYUUKYOKU ba="2,1" sc="394,-15,225,15,265,15,106,-15" hai1="0,5,9,32,34,41,51,88,92,96,98,103,106" hai2="11,14,16,49,50,95,97,129,130,131" /><INIT seed="1,3,1,0,0,8" ten="379,240,280,91" oya="1" hai0="117,68,133,97,122,119,118,41,66,98,80,108,10" hai1="116,46,76,101,23,67,17,130,126,112,51,57,52" hai2="0,26,91,132,135,73,75,93,129,53,64,24,109" hai3="110,49,40,72,77,27,16,115,120,92,25,96,106"/><U7/><E116/><V1/><F109/><W38/><G106/><T102/><D108/><U121/><E121/><V86/><F64/><W37/><G120/><T125/><D133/><N who="2" m="51274" /><F129/><W88/><G115/><T70/><D125/><U79/><E112/><V48/><F24/><W5/><G5/><T34/><D34/><U54/><E130/><V14/><F26/><W89/><G110/><T47/><D122/><U114/><E114/><V21/><F0/><W95/><G37/><N who="0" m="21935" /><D98/><U107/><E67/><V55/><F1/><W50/><G38/><T99/><D99/><U32/><E32/><V134/><F55/><W81/><G40/><T85/><D10/><U12/><E126/><V4/><F4/><W42/><G42/><T9/><D9/><N who="1" m="4159" /><E101/><V78/><F78/><N who="1" m="29737" /><E107/><V71/><F71/><W94/><G27/><T3/><D66/><U6/><E6/><V28/><F28/><W33/><G95/><N who="0" m="58687" /><D3/><U123/><E123/><V35/><F35/><W83/><G83/><T13/><D70/><U128/><E128/><V43/><F43/><W131/><G131/><T82/><D68/><U11/><E11/><V29/><F29/><W2/><G2/><T18/><D117/><U59/><E54/><V22/><F22/><N who="3" m="13511" /><G33/><T62/><D118/><U69/><E69/><V100/><F100/><W36/><G36/><T105/><D119/><U111/><E111/><V124/><F124/><W44/><G44/><T31/><D31/><U127/><E127/><V87/><F134/><W30/><G30/><T20/><D105/><U104/><E104/><V60/><F73/><W90/><G94/><RYUUKYOKU ba="3,1" sc="379,-15,240,15,280,-15,91,15" hai1="17,23,46,51,52,57,59" hai3="49,50,72,77,81,88,89,90,92,96" /><INIT seed="1,4,1,0,3,111" ten="364,255,265,106" oya="1" hai0="41,84,108,127,4,86,66,96,9,63,58,48,95" hai1="38,105,45,94,130,44,54,74,90,60,6,125,77" hai2="65,82,33,126,2,5,116,11,26,3,123,75,91" hai3="117,88,81,27,135,1,0,118,122,14,98,73,133"/><U49/><E105/><V67/><F116/><N who="3" m="44651" /><G73/><T76/><D108/><U93/><E130/><V92/><F123/><W113/><G122/><T18/><D127/><U8/><E125/><V134/><F2/><W114/><G27/><T12/><D18/><U55/><E60/><V56/><F134/><N who="3" m="51211" /><G14/><T80/><D84/><U21/><E21/><V31/><F126/><W89/><G81/><T106/><D106/><U121/><E121/><V15/><F82/><W100/><G100/><T34/><D34/><U103/><E103/><V42/><F75/><W61/><G61/><T62/><D62/><U87/><E77/><V51/><F3/><N who="3" m="1099" /><G98/><T132/><D132/><U7/><E74/><V25/><F25/><W97/><G97/><T53/><D96/><U47/><E7/><V115/><F5/><W57/><G57/><T112/><D95/><U107/><E94/><V19/><F56/><W24/><G24/><T30/><D30/><U16/><E6/><V29/><F29/><W109/><G109/><T37/><D76/><U83/><E93/><V23/><F92/><W71/><G71/><N who="0" m="42463" /><D80/><U59/><E107/><V120/><F120/><W17/><G17/><T78/><D78/><U129/><E16/><V50/><F19/><W68/><G68/><T28/><D28/><U102/><E102/><V40/><F31/><W52/><G52/><N who="1" m="20010" /><E83/><V13/><F26/><W39/><G39/><T70/><D70/><U119/><E38/><V35/><F11/><W131/><G131/><T101/><D101/><U69/><E129/><V43/><F35/><W99/><G99/><T85/><D37/><RYUUKYOKU ba="4,1" sc="364,-10,255,-10,265,-10,106,30" hai3="88,89,113,114" /><INIT seed="2,5,1,1,0,118" ten="354,245,255,136" oya="2" hai0="43,113,78,131,80,105,19,111,5,98,21,96,120" hai1="101,52,100,95,33,1,28,49,36,84,22,99,86" hai2="40,94,16,124,15,114,41,134,72,104,133,4,82" hai3="81,71,48,64,129,92,10,56,102,29,31,26,42"/><V91/><F114/><W50/><G71/><T38/><D113/><U127/><E36/><V65/><F4/><W34/><G129/><T23/><D120/><U125/><E33/><V88/><F104/><W68/><G68/><T35/><D111/><U51/><E1/><V83/><F65/><W76/><G31/><T7/><D35/><U37/><E37/><V77/><F83/><W30/><G30/><T18/><D131/><U55/><E101/><V109/><F124/><N who="1" m="47689" /><E22/><N who="0" m="8201" /><D105/><U117/><E28/><V106/><F106/><W89/><G102/><T70/><D70/><U27/><E27/><V13/><F13/><W8/><G50/><N who="1" m="18954" /><E117/><V60/><F109/><W32/><G32/><T103/><D38/><U87/><AGARI ba="5,1" hai="52,55,84,86,87,95,99,100" m="18954,47689" machi="87" ten="40,2700,0" yaku="18,1,54,1" doraHai="118" who="1" fromWho="1" sc="354,-12,245,52,255,-18,136,-12" /><INIT seed="3,0,0,0,0,123" ten="342,297,237,124" oya="3" hai0="131,118,70,89,22,51,124,23,88,84,97,122,53" hai1="56,58,20,110,105,35,77,119,55,54,18,87,62" hai2="19,107,8,10,128,16,61,90,74,66,39,2,49" hai3="134,5,14,24,85,27,40,42,102,96,33,43,6"/><W100/><G134/><T121/><D70/><U30/><E105/><V86/><F74/><W69/><G69/><T82/><D118/><U127/><E119/><V52/><F39/><W80/><G33/><T132/><D131/><U31/><E127/><V57/><F107/><W17/><G17/><N who="2" m="6729" /><F2/><W113/><G113/><T41/><D132/><U101/><E101/><N who="3" m="39018" /><G96/><T59/><D124/><U67/><E67/><V11/><F128/><W129/><G129/><T109/><D109/><U68/><E110/><V26/><F26/><N who="3" m="9771" /><G14/><T37/><D37/><U76/><E68/><V50/><F66/><W1/><G1/><T3/><D3/><U125/><E35/><V75/><F75/><W45/><G45/><N who="0" m="26031" /><D122/><U133/><E125/><V21/><F21/><W72/><G72/><T99/><D121/><U130/><E133/><V111/><F111/><W78/><AGARI ba="0,0" hai="5,6,40,42,43,78,80,85" m="9771,39018" machi="78" ten="30,1500,0" yaku="8,1" doraHai="123" who="3" fromWho="3" sc="342,-5,297,-5,237,-5,124,15" /><INIT seed="3,1,0,1,3,40" ten="337,292,232,139" oya="3" hai0="95,69,31,52,131,59,78,120,117,36,133,28,29" hai1="108,20,34,71,98,45,75,6,72,88,17,90,61" hai2="12,2,123,9,53,23,1,129,25,57,42,134,15" hai3="5,124,92,79,96,93,19,115,47,80,43,30,73"/><W111/><G115/><T97/><D117/><U10/><E34/><V14/><F129/><W86/><G124/><T94/><D120/><U125/><E125/><V44/><F134/><W58/><G111/><T114/><D69/><U99/><E71/><V48/><F123/><W100/><G30/><T91/><D36/><U113/><E113/><V55/><F55/><W122/><G122/><T13/><D133/><U103/><E108/><V46/><F42/><W4/><G19/><T32/><D32/><U89/><E61/><V63/><F63/><W49/><G92/><T126/><D78/><U22/><E22/><V38/><F38/><W106/><REACH who="3" step="1"/><G58/><REACH who="3" ten="337,292,232,129" step="2"/><T35/><D126/><U21/><E17/><V76/><F9/><W110/><G110/><T77/><D114/><U11/><E11/><V68/><F68/><W64/><G64/><T112/><D112/><U116/><E10/><V7/><F7/><W102/><G102/><T37/><D35/><U84/><E103/><V85/><F1/><W74/><G74/><T66/><D95/><N who="1" m="54663" /><E6/><V121/><F2/><W132/><G132/><T54/><D29/><U60/><E75/><V109/><F109/><W8/><G8/><T104/><D31/><U41/><E72/><V130/><F121/><W127/><G127/><T27/><D28/><U62/><E21/><V16/><F130/><W128/><G128/><T33/><D131/><U50/><E20/><V101/><F101/><W119/><G119/><T3/><D33/><U83/><E116/><V87/><F87/><W0/><G0/><T81/><D3/><U67/><E67/><RYUUKYOKU ba="1,1" sc="337,-15,292,-15,232,15,129,15" hai2="12,14,15,16,23,25,44,46,48,53,57,76,85" hai3="4,5,43,47,49,73,79,80,86,93,96,100,106" /><INIT seed="3,2,1,1,5,37" ten="322,277,247,144" oya="3" hai0="56,58,115,131,55,92,18,97,63,126,110,77,120" hai1="5,48,100,119,78,33,40,75,45,52,41,34,53" hai2="24,94,57,71,105,31,84,121,123,25,23,12,107" hai3="125,82,102,38,109,103,80,108,128,16,4,9,85"/><W10/><G38/><T89/><D120/><N who="2" m="46154" /><F71/><W22/><G128/><T104/><D110/><N who="3" m="42601" /><G125/><T118/><D118/><U111/><E111/><V68/><F68/><W87/><G87/><T11/><D131/><U17/><E119/><V32/><F12/><N who="3" m="9479" /><G10/><T116/><D126/><U64/><E78/><V49/><F84/><W135/><G135/><T0/><D77/><U79/><E79/><V13/><F13/><N who="3" m="5287" /><G82/><T54/><D116/><U65/><E75/><V7/><F7/><W26/><G26/><T35/><D11/><U27/><E5/><V14/><F14/><W73/><G73/><T1/><D1/><U76/><E27/><V43/><F24/><W59/><G59/><T106/><D56/><U39/><E39/><V124/><F57/><W44/><G44/><T30/><D58/><U42/><E45/><N who="2" m="25791" /><F124/><W129/><G129/><T132/><D0/><U95/><E64/><V50/><F23/><W74/><G74/><T112/><D132/><U28/><E65/><V60/><F60/><W46/><G46/><T113/><D63/><U99/><E48/><V51/><F94/><W130/><G130/><T93/><D93/><U3/><E95/><V91/><F50/><W2/><G2/><T29/><D92/><U36/><E3/><V114/><F51/><W66/><G66/><T21/><D113/><U134/><E36/><V98/><F114/><W70/><G70/><T72/><D112/><U6/><E134/><V133/><F133/><W122/><G122/><T8/><D115/><U90/><E6/><V86/><F86/><W101/><G85/><T69/><D69/><RYUUKYOKU ba="2,1" sc="322,-15,277,-15,247,15,144,15" hai2="25,31,32,91,98,105,107" hai3="80,101,102,103" /><INIT seed="3,3,1,3,0,60" ten="307,262,262,159" oya="3" hai0="47,23,38,6,66,78,74,76,123,92,109,71,98" hai1="69,130,18,101,111,25,42,31,27,133,82,99,44" hai2="4,70,58,0,93,120,49,65,103,87,33,36,67" hai3="30,41,80,39,86,108,9,29,51,117,100,135,129"/><W112/><G112/><T26/><D123/><U132/><E69/><V34/><F36/><W116/><G39/><T45/><D74/><U122/><E122/><V56/><F70/><W50/><G100/><N who="0" m="60487" /><D38/><U119/><E111/><V10/><F120/><W106/><G106/><T53/><D71/><U64/><E130/><V52/><F58/><W17/><G129/><T110/><D66/><U125/><E64/><V97/><REACH who="2" step="1"/><F87/><REACH who="2" ten="307,262,252,159" step="2"/><W121/><G121/><T68/><D68/><U22/><E132/><V46/><F46/><N who="3" m="25935" /><G135/><T91/><D110/><U54/><E44/><V77/><F77/><N who="0" m="29802" /><D109/><U11/><E133/><V89/><F89/><N who="3" m="51399" /><G108/><T55/><D91/><U75/><E75/><V113/><F113/><W63/><G116/><T21/><D47/><U72/><E72/><V88/><F88/><W95/><G117/><T16/><D45/><U128/><E119/><V35/><AGARI ba="3,2" hai="0,4,10,33,34,35,49,52,56,65,67,93,97,103" machi="35" ten="30,12000,2" yaku="1,1,0,1,52,2,54,1,53,2" doraHai="60" doraHaiUra="61" who="2" fromWho="2" sc="307,-33,262,-33,252,149,159,-63" owari="274,7.4,229,-17.1,401,50.1,96,-40.4" /></mjloggm>