<mjloggm ver="2.3"><GO type="225" lobby="0"/><UN n0="%61%6D%65%6B%69" n1="%E6%98%93%E5%88%A9%E8%96%A9%E4%BC%AF" n2="%E3%81%BF%E3%81%BF%E3%81%9A" n3="%EF%BC%94%36" dan="16,16,18,16" rate="2073.20,2025.54,2240.06,2062.78" sx="M,F,M,M"/><TAIKYOKU oya="0"/><INIT seed="0,0,0,5,4,9" ten="250,250,250,250" oya="0" hai0="62,121,41,13,106,55,32,30,94,56,25,60,45" hai1="134,37,135,108,59,101,22,132,63,127,65,38,125" hai2="52,80,110,117,93,53,95,115,15,82,18,29,3" hai3="42,129,73,88,72,19,84,40,0,6,46,116,89"/><T85/><D121/><U17/><E101/><V118/><F3/><W58/><G116/><N who="2" m="44649" /><F29/><W128/><G6/><T75/><D75/><N who="3" m="28745" /><G0/><T83/><D106/><U26/><REACH who="1" step="1"/><E108/><REACH who="1" ten="250,240,250,250" step="2"/><V78/><F110/><W105/><G129/><T133/><D133/><U14/><E14/><V50/><F115/><W92/><G128/><T33/><D33/><U123/><E123/><V81/><F78/><W1/><G105/><T114/><D114/><U109/><E109/><V119/><F119/><W74/><G1/><T61/><D13/><U66/><E66/><V98/><F98/><W10/><G89/><T70/><D70/><U126/><AGARI ba="0,1" hai="17,22,26,37,38,59,63,65,125,126,127,132,134,135" machi="126" ten="40,8000,1" yaku="1,1,0,1,18,1,20,1,53,1" doraHai="9" doraHaiUra="12" who="1" fromWho="1" sc="250,-40,240,90,250,-20,250,-20" /><INIT seed="1,0,0,3,5,47" ten="210,330,230,230" oya="1" hai0="42,71,24,114,66,50,88,67,4,7,40,15,103" hai1="46,2,49,68,22,129,100,59,21,64,126,95,91" hai2="54,43,53,41,123,56,5,86,23,32,37,28,113" hai3="102,31,76,17,93,84,11,34,1,128,80,20,107"/><U97/><E126/><V106/><F123/><W111/><G107/><T51/><D114/><U26/><E2/><V9/><F113/><W57/><G128/><T118/><D118/><U112/><E68/><V55/><F106/><W131/><G131/><T98/><D24/><U16/><E112/><V8/><F32/><W19/><G34/><T35/><D35/><U77/><E129/><V48/><F37/><W69/><G69/><T82/><D103/><U110/><E110/><V130/><F130/><W99/><G111/><T58/><D71/><U83/><E22/><V116/><F116/><W27/><G1/><T108/><D108/><U38/><E38/><V134/><F134/><W18/><REACH who="3" step="1"/><G57/><REACH who="3" ten="210,330,230,220" step="2"/><T79/><D58/><U3/><E59/><V96/><F56/><W13/><AGARI ba="0,1" hai="11,13,17,18,19,20,27,31,76,80,84,93,99,102" machi="13" ten="30,7900,0" yaku="1,1,2,1,0,1,8,1,53,0" doraHai="47" doraHaiUra="30" who="3" fromWho="3" sc="210,-20,330,-39,230,-20,220,89" /><INIT seed="2,0,0,0,5,57" ten="190,291,210,309" oya="2" hai0="92,61,16,39,41,25,47,22,93,101,78,38,128" hai1="98,53,46,52,9,21,86,81,121,103,45,58,11" hai2="48,34,12,18,116,23,90,113,66,134,79,56,44" hai3="14,122,71,68,106,80,49,19,119,50,108,120,33"/><V133/><F113/><W24/><G106/><T115/><D115/><U85/><E121/><V0/><F116/><W69/><G119/><T35/><D128/><U110/><E110/><V60/><F0/><W88/><G108/><T73/><D35/><U87/><E81/><V135/><F34/><W36/><G36/><T129/><D129/><U125/><E125/><V10/><F90/><W118/><G118/><T76/><D39/><U74/><E74/><V102/><F102/><W97/><G24/><T42/><D42/><U96/><E21/><V1/><F79/><W91/><G33/><T3/><D3/><U5/><E5/><V63/><F63/><W132/><G122/><T64/><D73/><U67/><E67/><V43/><REACH who="2" step="1"/><F1/><REACH who="2" ten="190,291,200,309" step="2"/><W83/><G91/><T95/><REACH who="0" step="1"/><D101/><REACH who="0" ten="180,291,200,309" step="2"/><U100/><E103/><V13/><F13/><W27/><G14/><T6/><D6/><U55/><E100/><V15/><F15/><W124/><G120/><T89/><D89/><U123/><E123/><V26/><F26/><W70/><G88/><T30/><D30/><U62/><E98/><V84/><F84/><W17/><G27/><T94/><N who="0" m="23552" /><DORA hai="114" /><T29/><D29/><U130/><E96/><V72/><F72/><W31/><G97/><T127/><D127/><U40/><E130/><V51/><F51/><W77/><G31/><T117/><D117/><U105/><E87/><V111/><F111/><W20/><G124/><T126/><D126/><U54/><E86/><V8/><AGARI ba="0,2" hai="8,10,12,18,23,43,44,48,56,60,66,133,134,135" machi="8" ten="40,12000,1" yaku="1,1,0,1,20,1,52,1,53,0" doraHai="57,114" doraHaiUra="99,82" who="2" fromWho="2" sc="180,-40,291,-40,200,140,309,-40" /><INIT seed="2,1,0,2,1,124" ten="140,251,340,269" oya="2" hai0="110,92,79,51,56,70,19,36,9,33,28,62,72" hai1="96,23,0,37,55,50,4,128,30,101,44,111,100" hai2="130,117,57,99,3,68,6,67,126,34,10,26,65" hai3="31,16,91,29,66,112,125,78,32,60,77,108,69"/><V47/><F117/><W133/><G125/><T58/><D110/><U64/><E111/><V98/><F126/><W11/><G108/><T103/><D36/><U17/><E128/><V97/><F68/><W46/><G133/><T74/><D79/><U109/><E109/><V18/><F47/><W129/><G129/><T118/><D118/><U82/><E37/><V54/><F130/><W90/><G112/><T43/><D33/><U41/><E64/><V131/><F131/><W1/><G46/><T52/><D28/><U135/><E30/><N who="3" m="11274" /><G69/><T81/><D70/><U38/><E82/><V14/><F34/><W95/><G1/><T119/><D119/><U83/><E83/><V53/><F53/><W86/><G32/><T12/><D81/><U113/><E113/><V7/><F3/><W104/><G104/><T76/><D76/><U35/><E35/><V105/><F105/><W63/><G90/><T59/><D59/><U85/><E135/><V25/><F26/><W75/><G75/><T89/><D103/><U2/><E101/><V115/><F115/><W73/><G73/><T102/><D102/><U121/><E2/><V127/><F127/><W21/><G11/><T132/><D132/><U8/><E38/><V48/><REACH who="2" step="1"/><F25/><REACH who="2" ten="140,251,330,269" step="2"/><N who="3" m="14503" /><G66/><AGARI ba="1,1" hai="6,7,10,14,18,48,54,57,65,66,67,97,98,99" machi="66" ten="40,3900,0" yaku="1,1,8,1,53,0" doraHai="124" doraHaiUra="122" who="2" fromWho="3" sc="140,0,251,0,330,52,269,-42" /><INIT seed="2,2,0,1,2,76" ten="140,251,382,227" oya="2" hai0="129,0,130,105,117,101,49,50,60,54,31,83,23" hai1="127,120,14,122,74,46,19,91,53,39,112,107,79" hai2="115,75,48,59,116,63,121,18,32,2,92,62,58" hai3="135,113,11,97,85,108,123,41,114,86,102,26,57"/><V131/><F115/><N who="3" m="44043" /><G123/><T110/><D0/><U87/><E112/><V7/><F75/><W69/><G69/><T68/><D105/><U47/><E107/><V20/><F32/><W132/><G41/><T73/><D101/><U80/><E127/><V96/><F121/><N who="1" m="46697" /><E39/><V118/><F7/><W24/><G11/><T95/><D95/><N who="1" m="54783" /><E53/><V106/><F2/><W52/><G108/><T22/><D110/><U67/><E67/><V82/><F106/><N who="3" m="63823" /><G24/><T13/><D117/><U88/><E88/><V35/><F96/><W51/><G26/><T34/><D34/><U1/><E1/><V77/><F35/><W40/><G40/><T126/><D126/><U90/><E90/><V29/><F77/><W134/><AGARI ba="2,0" hai="51,52,57,85,86,132,134,135" m="63823,44043" machi="134" ten="40,5200,0" yaku="20,1,11,1,54,1" doraHai="76" who="3" fromWho="3" sc="140,-15,251,-15,382,-28,227,58" /><INIT seed="3,0,0,3,0,106" ten="125,236,354,285" oya="3" hai0="78,103,62,66,65,37,46,77,97,70,135,19,113" hai1="81,114,45,63,6,59,4,12,32,17,57,85,20" hai2="64,55,74,125,31,29,92,102,99,105,84,73,95" hai3="71,83,67,98,130,15,82,111,11,88,91,76,25"/><W112/><G112/><T123/><D123/><U93/><E32/><V0/><F0/><W108/><G130/><T38/><D135/><U36/><E114/><V9/><F64/><W110/><G25/><T33/><D113/><U24/><E93/><V104/><F9/><W131/><G131/><T8/><D19/><U39/><E59/><V68/><F68/><W53/><G83/><T116/><D116/><U5/><E45/><V41/><F41/><W120/><G98/><T35/><D8/><N who="1" m="4103" /><E39/><V61/><F125/><W87/><G120/><T107/><D66/><N who="1" m="39279" /><E36/><V101/><F61/><N who="3" m="40431" /><G53/><T132/><D132/><U14/><E14/><V10/><F55/><W52/><G52/><T90/><D38/><U47/><E47/><V117/><F99/><W60/><G60/><T118/><D118/><U109/><E109/><N who="3" m="27906" /><W34/><DORA hai="49" /><G34/><T7/><D35/><U89/><AGARI ba="0,0" hai="5,6,17,20,24,81,85,89" m="39279,4103" machi="89" ten="30,1100,0" yaku="8,1" doraHai="106,49" who="1" fromWho="1" sc="125,-3,236,11,354,-3,285,-5" owari="122,-37.8,247,-15.3,351,45.1,280,8.0" /></mjloggm>