<mjloggm ver="2.3"><GO type="225" lobby="0"/><UN n0="%E3%81%A8%E3%82%93%E3%81%A8%E3%81%93%E3%81%A8%E3%82%93" n1="%E3%82%82%E3%82%93%E3%81%8D%E3%82%93%E3%81%90" n2="%70%6E%64%73%6E%67" n3="%E8%A6%9A%E9%86%92%E3%81%97%E3%81%9F%E3%81%A8%E3%81%BE%E3%81%A8" dan="16,16,16,17" rate="2133.04,2072.10,2101.55,2146.56" sx="F,M,M,M"/><TAIKYOKU oya="0"/><INIT seed="0,0,0,2,0,26" ten="250,250,250,250" oya="0" hai0="9,35,70,86,123,92,54,34,119,114,67,77,79" hai1="55,50,56,57,97,42,21,121,41,73,122,103,12" hai2="45,27,6,128,120,82,113,64,130,75,17,124,25" hai3="15,83,99,98,127,0,71,49,46,106,8,20,66"/><T84/><D114/><U115/><E73/><V100/><F120/><W51/><G127/><T30/><D119/><U61/><E115/><V18/><F113/><W107/><G0/><T40/><D123/><U22/><E42/><V24/><F124/><W134/><G134/><T37/><D54/><U112/><E112/><V62/><F100/><W69/><G20/><T93/><D9/><U23/><E12/><V60/><F6/><W105/><G83/><T81/><D67/><U96/><E96/><V104/><F104/><W78/><G78/><T2/><D70/><U101/><E101/><V89/><F45/><W11/><G107/><T3/><D40/><U58/><E41/><V74/><F89/><W32/><G15/><T88/><D37/><U85/><E85/><V109/><F109/><W33/><REACH who="3" step="1"/><G46/><REACH who="3" ten="250,250,250,240" step="2"/><T110/><D110/><U76/><E76/><V4/><F82/><W95/><G95/><T72/><D81/><U28/><E122/><V59/><F4/><W10/><G10/><T43/><D92/><N who="1" m="58791" /><E121/><V133/><F133/><W80/><G80/><T131/><D93/><U116/><E116/><V47/><F47/><W91/><G91/><T65/><D88/><U132/><E132/><V16/><REACH who="2" step="1"/><F62/><REACH who="2" ten="250,250,240,240" step="2"/><W29/><G29/><T38/><D30/><U108/><E108/><V1/><F1/><W52/><G52/><T31/><D31/><U14/><E28/><V53/><F53/><W94/><G94/><T90/><D90/><U13/><E61/><V125/><F125/><W7/><G7/><T87/><D3/><U111/><E111/><V135/><F135/><RYUUKYOKU ba="0,2" sc="250,-30,250,10,240,10,240,10" hai1="13,14,21,22,23,50,55,56,57,58" hai2="16,17,18,24,25,27,59,60,64,74,75,128,130" hai3="8,11,32,33,49,51,66,69,71,98,99,105,106" /><INIT seed="1,1,2,2,2,54" ten="220,260,250,250" oya="1" hai0="86,73,31,52,36,76,26,107,95,99,22,56,87" hai1="24,48,111,85,89,64,6,35,51,32,12,17,94" hai2="34,120,27,18,42,130,19,133,69,135,101,75,84" hai3="114,14,106,126,105,70,61,3,57,29,72,65,62"/><U116/><E116/><V81/><F75/><W112/><G3/><T4/><D36/><U80/><E111/><V68/><F120/><W100/><G126/><T66/><D107/><U71/><E6/><V30/><F130/><W110/><G110/><T40/><D66/><U63/><E35/><V121/><F121/><W39/><G39/><T127/><D40/><U37/><E37/><V59/><F101/><W10/><G72/><T102/><D127/><U83/><E24/><V53/><F42/><W41/><G41/><T122/><D122/><U128/><E32/><V50/><F18/><W15/><G29/><T9/><D73/><U115/><E128/><V28/><F19/><W38/><G38/><T91/><D76/><U88/><E115/><V23/><F30/><W104/><G100/><T117/><D102/><U25/><E25/><V46/><F46/><W58/><G70/><T1/><REACH who="0" step="1"/><D117/><REACH who="0" ten="210,260,250,250" step="2"/><U67/><E64/><V125/><F125/><W96/><G114/><T0/><D0/><U124/><E124/><V98/><F68/><W45/><G112/><T8/><D8/><U74/><E74/><V43/><F43/><W132/><G106/><T123/><D123/><U119/><E119/><V55/><F69/><W134/><G10/><T93/><D93/><U129/><E129/><V44/><F133/><W7/><G65/><T109/><D109/><U79/><E79/><V77/><F135/><W60/><G134/><T11/><D11/><N who="1" m="6303" /><E83/><V13/><F77/><W113/><G113/><T5/><D5/><U47/><E71/><V21/><F81/><W2/><G132/><RYUUKYOKU ba="1,3" sc="210,30,260,-10,250,-10,250,-10" hai0="1,4,9,22,26,31,52,56,86,87,91,95,99" /><INIT seed="2,2,3,0,0,115" ten="240,250,240,240" oya="2" hai0="2,72,119,65,92,117,49,100,128,51,59,132,129" hai1="46,23,16,34,127,5,8,53,96,112,38,123,81" hai2="91,57,135,98,131,48,95,120,103,14,114,36,113" hai3="68,71,9,52,88,24,69,94,73,44,55,84,39"/><V77/><F120/><W41/><G73/><T125/><D2/><U102/><E34/><V15/><F36/><W74/><G74/><T35/><D35/><U79/><E112/><V40/><F131/><N who="0" m="50250" /><D72/><U118/><E127/><V134/><F114/><W54/><G24/><T70/><D125/><U107/><E123/><V109/><F113/><W110/><REACH who="3" step="1"/><G9/><REACH who="3" ten="240,250,240,230" step="2"/><T105/><D132/><N who="2" m="50730" /><F109/><AGARI ba="2,4" hai="39,41,44,52,54,55,68,69,71,84,88,94,109,110" machi="109" ten="50,8000,1" yaku="1,1,54,2,53,1" doraHai="115" doraHaiUra="82" who="3" fromWho="2" sc="240,0,250,0,240,-86,230,126" /><INIT seed="3,0,0,4,2,36" ten="240,250,154,356" oya="3" hai0="97,83,25,50,17,58,28,24,121,108,47,20,23" hai1="66,124,106,43,67,14,112,80,13,72,52,130,12" hai2="91,59,117,75,133,102,89,42,19,84,16,96,128" hai3="116,114,134,51,63,98,79,26,46,9,132,92,104"/><W56/><G114/><T87/><D121/><U53/><E106/><V32/><F117/><W131/><G116/><T69/><D69/><U30/><E112/><V115/><F115/><W122/><G122/><T55/><D108/><U126/><E130/><V100/><F32/><W74/><G131/><T41/><D97/><U60/><E30/><V118/><F75/><W81/><G104/><T40/><D58/><U64/><E43/><V68/><F68/><W71/><G26/><T31/><D17/><U123/><E123/><V62/><F128/><W125/><G9/><T1/><D1/><U29/><E29/><V44/><F133/><W11/><G11/><T65/><D65/><U113/><E113/><V39/><F118/><W2/><G2/><T85/><D85/><U38/><E38/><V5/><F5/><W10/><G10/><T18/><D18/><U15/><N who="1" m="3072" /><DORA hai="95" /><U90/><E60/><V33/><F33/><W77/><G77/><AGARI ba="0,0" hai="20,23,24,25,28,31,40,41,47,50,55,77,83,87" machi="77" ten="30,8000,1" yaku="7,1,9,1,8,1,52,2" doraHai="36,95" who="0" fromWho="3" sc="240,80,250,0,154,0,356,-80" owari="320,42.0,250,-15.0,154,-34.6,276,7.6" /></mjloggm>