<mjloggm ver="2.3"><GO type="225" lobby="0"/><UN n0="%E6%A1%9C%E8%8A%B1%E9%96%83%E3%80%85" n1="%E3%82%A2%E3%83%A1%E3%82%A2%E3%83%A9%E3%83%AC" n2="%41%6F%54" n3="%E5%A4%9C%E3%81%AE%E3%82%AC%E3%82%B9%E3%83%91%E3%83%BC%E3%83%AB" dan="16,16,16,16" rate="2205.53,2154.84,2070.97,2127.40" sx="M,M,M,M"/><TAIKYOKU oya="0"/><INIT seed="0,0,0,5,4,87" ten="250,250,250,250" oya="0" hai0="33,45,7,9,11,35,75,95,49,61,124,108,34" hai1="13,99,100,127,56,134,96,74,117,90,42,130,118" hai2="132,25,83,0,19,32,98,97,111,76,72,40,1" hai3="86,125,37,51,77,2,67,128,52,121,46,27,59"/><T91/><D124/><U15/><E74/><V57/><F111/><W29/><G2/><T113/><D113/><U47/><E127/><V63/><F132/><W65/><G125/><T85/><D108/><U38/><E134/><V129/><F129/><W135/><G135/><T93/><D75/><U94/><E130/><V64/><F40/><N who="3" m="22799" /><G128/><T122/><D122/><U69/><E69/><V110/><F110/><W6/><G6/><T50/><D61/><U112/><E112/><V26/><F26/><W126/><G126/><T62/><D62/><U43/><E43/><V106/><F98/><W3/><G3/><T78/><D78/><U28/><E28/><V55/><F55/><W22/><G86/><T71/><D71/><U89/><E56/><V88/><F106/><W114/><G77/><T79/><D79/><U82/><E82/><V4/><F4/><W44/><G114/><T54/><D7/><U14/><REACH who="1" step="1"/><E96/><REACH who="1" ten="250,240,250,250" step="2"/><V30/><REACH who="2" step="1"/><F19/><REACH who="2" ten="250,240,240,250" step="2"/><W84/><G121/><T60/><D45/><U23/><E23/><V20/><F20/><W21/><G21/><T16/><D34/><U24/><E24/><V116/><F116/><AGARI ba="0,2" hai="13,14,15,38,42,47,89,90,94,99,100,116,117,118" machi="116" ten="40,5200,0" yaku="1,1,52,2,53,0" doraHai="87" doraHaiUra="120" who="1" fromWho="2" sc="250,0,240,72,240,-52,250,0" /><INIT seed="1,0,0,1,3,91" ten="250,312,188,250" oya="1" hai0="112,128,30,100,19,83,82,46,41,65,75,42,76" hai1="0,93,22,27,66,11,105,80,17,132,99,124,26" hai2="44,23,110,122,61,95,88,29,36,97,125,74,37" hai3="4,31,101,94,127,35,39,130,72,111,48,118,114"/><U24/><E132/><V13/><F122/><W119/><G114/><T129/><D112/><U123/><E123/><V64/><F110/><W67/><G39/><T69/><D30/><U70/><E124/><V73/><F125/><W12/><G127/><T15/><D100/><U90/><E105/><V117/><F117/><N who="3" m="44555" /><G130/><N who="0" m="50283" /><D83/><U98/><E98/><V53/><F37/><W2/><G72/><T1/><D1/><U10/><E80/><V78/><F78/><W71/><G2/><T63/><D46/><U38/><E38/><V14/><F74/><W134/><G134/><T104/><D104/><U116/><E116/><V126/><F73/><W32/><G31/><T89/><D89/><U7/><REACH who="1" step="1"/><E11/><AGARI ba="0,0" hai="11,15,19,41,42,63,65,69,75,76,82" m="50283" machi="11" ten="30,1000,0" yaku="19,1" doraHai="91" who="0" fromWho="1" sc="250,10,312,-10,188,0,250,0" /><INIT seed="2,0,0,0,2,83" ten="260,302,188,250" oya="2" hai0="65,99,30,52,135,69,62,116,46,126,75,38,97" hai1="29,66,106,92,134,86,128,4,70,33,9,115,15" hai2="89,36,63,130,124,82,17,117,114,39,16,10,35" hai3="88,111,28,5,68,3,91,118,100,67,57,7,18"/><V56/><F114/><W37/><G118/><T119/><D75/><U0/><E106/><V8/><F117/><N who="0" m="45130" /><D135/><U2/><E128/><V95/><F130/><W110/><G68/><T120/><D120/><U22/><E115/><V20/><F35/><W25/><G37/><T31/><D126/><U90/><E33/><V103/><F124/><W81/><G100/><T47/><D38/><U34/><E34/><V112/><F112/><W64/><G18/><T55/><D46/><U21/><E21/><V129/><F129/><W49/><G91/><T102/><D99/><U43/><E43/><V42/><F42/><W84/><G49/><N who="0" m="28735" /><D55/><U77/><E134/><V123/><F123/><W27/><G57/><T24/><D24/><N who="3" m="9289" /><G28/><T45/><D45/><U87/><E29/><V107/><F39/><W85/><G67/><T60/><D60/><U58/><E66/><N who="2" m="39271" /><F36/><W32/><G64/><T40/><D40/><U78/><E70/><V98/><F17/><W127/><G32/><T105/><AGARI ba="0,0" hai="30,31,62,65,69,97,102,105" m="28735,45130" machi="105" ten="30,2000,0" yaku="12,1,54,1" doraHai="83" who="0" fromWho="0" sc="260,20,302,-5,188,-10,250,-5" /><INIT seed="3,0,0,1,0,49" ten="280,297,178,245" oya="3" hai0="33,88,78,41,122,99,45,73,38,25,19,36,64" hai1="84,20,24,63,4,103,59,72,131,15,39,74,130" hai2="5,75,98,117,0,85,112,108,104,71,26,123,83" hai3="11,6,128,46,55,94,87,7,52,97,2,23,109"/><W107/><G128/><N who="1" m="49194" /><E39/><V105/><F71/><W69/><G69/><T100/><D122/><U106/><E84/><V102/><F123/><W12/><G107/><T3/><D64/><N who="1" m="39039" /><E103/><V90/><F117/><W126/><G126/><T110/><D19/><N who="1" m="12319" /><E106/><V95/><F112/><W96/><G109/><T53/><D3/><U77/><E77/><V22/><F108/><W68/><G68/><T81/><D41/><U31/><E31/><V17/><REACH who="2" step="1"/><F75/><REACH who="2" ten="280,297,168,245" step="2"/><W66/><G66/><T80/><D73/><U51/><E51/><V114/><F114/><W43/><G2/><T93/><D38/><U111/><E111/><V125/><F125/><W70/><G70/><T57/><D36/><U115/><E115/><V113/><F113/><W48/><G7/><T16/><D110/><U10/><AGARI ba="0,1" hai="4,10,15,72,74" m="12319,39039,49194" machi="10" ten="30,1100,0" yaku="19,1" doraHai="49" who="1" fromWho="1" sc="280,-3,297,21,168,-3,245,-5" owari="277,7.7,318,41.8,165,-33.5,240,-16.0" /></mjloggm>