<mjloggm ver="2.3"><GO type="225" lobby="0"/><UN n0="%73%69%72%6F%75%74" n1="%E3%81%AF%E3%82%88%E3%81%8A%E3%81%98%E3%81%95%E3%82%93" n2="%E6%80%AA%E3%81%97%E3%81%99%E3%81%8E%E3%82%8B%E3%83%81%E3%83%BC" n3="%43%68%65" dan="16,16,17,16" rate="2122.73,2170.86,2138.42,2168.27" sx="M,M,M,M"/><TAIKYOKU oya="0"/><INIT seed="0,0,0,5,5,73" ten="250,250,250,250" oya="0" hai0="67,15,37,33,24,98,29,106,81,45,49,22,40" hai1="48,9,51,17,131,127,121,0,119,66,53,54,64" hai2="110,38,117,59,101,3,44,83,5,86,41,35,10" hai3="20,85,39,120,84,123,80,92,108,1,79,87,47"/><T91/><D67/><U126/><E17/><V68/><F110/><W25/><G1/><T128/><D128/><U30/><E9/><V75/><F117/><W18/><G108/><T57/><D106/><U102/><E30/><V6/><F68/><W114/><G114/><T42/><D33/><U7/><E7/><V43/><F6/><W13/><G13/><T88/><D15/><U132/><E0/><V118/><F41/><N who="3" m="22975" /><G92/><N who="0" m="56583" /><D37/><U112/><E102/><V60/><F101/><W100/><G100/><T28/><D57/><U93/><E93/><V31/><F118/><W105/><G105/><T14/><D14/><U70/><E119/><V23/><F86/><W69/><G69/><T109/><D109/><U116/><E116/><V34/><F23/><W2/><G2/><T62/><D62/><U32/><E32/><V129/><F31/><W71/><G71/><T133/><D133/><U107/><E70/><V50/><F50/><W72/><G72/><T89/><D29/><U115/><E107/><V97/><F97/><W122/><AGARI ba="0,0" hai="18,20,25,79,80,84,85,87,120,122,123" m="22975" machi="122" ten="30,2000,0" yaku="13,1,52,1" doraHai="73" who="3" fromWho="3" sc="250,-10,250,-5,250,-5,250,20" /><INIT seed="1,0,0,1,4,89" ten="240,245,245,270" oya="1" hai0="27,5,57,48,112,130,83,46,124,103,129,55,107" hai1="115,87,56,133,49,0,120,25,66,79,34,61,54" hai2="14,113,110,121,20,50,99,95,109,104,132,82,17" hai3="88,29,10,74,73,85,8,24,122,39,7,47,28"/><U67/><E120/><V91/><F121/><W23/><G122/><T84/><D112/><U4/><E115/><V128/><F113/><W81/><G29/><T60/><D5/><U53/><E133/><V134/><F128/><N who="0" m="49258" /><D124/><U106/><E106/><V19/><F104/><W94/><G10/><T131/><N who="0" m="49266" /><T62/><DORA hai="92" /><D27/><U15/><E0/><V96/><F82/><W119/><G119/><T108/><D108/><N who="2" m="41578" /><F50/><W32/><G32/><T70/><D70/><U80/><E25/><N who="2" m="14479" /><F96/><W40/><REACH who="3" step="1"/><G81/><REACH who="3" ten="240,245,245,260" step="2"/><T52/><D83/><U63/><E34/><V76/><F76/><W45/><G45/><T127/><D127/><U11/><REACH who="1" step="1"/><E49/><REACH who="1" ten="240,235,245,260" step="2"/><V75/><F75/><W72/><G72/><T43/><D48/><U33/><E33/><V68/><F68/><AGARI ba="0,2" hai="4,11,15,53,54,56,61,63,66,67,68,79,80,87" machi="68" ten="30,12000,1" yaku="1,1,7,1,53,3" doraHai="89,92" doraHaiUra="77,58" who="1" fromWho="2" sc="240,0,235,140,245,-120,260,0" /><INIT seed="1,1,0,2,3,126" ten="240,375,125,260" oya="1" hai0="49,93,71,40,124,132,121,35,7,34,22,94,13" hai1="31,86,43,44,87,18,74,2,79,55,4,88,69" hai2="70,62,125,23,92,95,99,57,63,80,17,41,106" hai3="77,67,78,119,9,24,72,32,53,84,64,134,36"/><U28/><E69/><V128/><F125/><W52/><G72/><T83/><D71/><U45/><E74/><V68/><F106/><W120/><G120/><T11/><D124/><U1/><E79/><V100/><F41/><W101/><G36/><T5/><D121/><U58/><E18/><V115/><F115/><W123/><G123/><T6/><D132/><U14/><E14/><V42/><F42/><W12/><G101/><T109/><D109/><U0/><E4/><N who="0" m="1641" /><D35/><U10/><E10/><V38/><F38/><W85/><G134/><T90/><D34/><U30/><E43/><V110/><F110/><W3/><G12/><T111/><D111/><U20/><E20/><V82/><F95/><W122/><G122/><T76/><D76/><U27/><E27/><V98/><F128/><W130/><G24/><T135/><D22/><U133/><E133/><V114/><F99/><W103/><G103/><T118/><D118/><U96/><E96/><V59/><F114/><W73/><G9/><T112/><D112/><U46/><E88/><V54/><F68/><W60/><G32/><T129/><D129/><U56/><REACH who="1" step="1"/><E55/><REACH who="1" ten="240,365,125,260" step="2"/><N who="2" m="34111" /><F70/><W117/><G130/><T51/><D135/><U104/><E104/><V50/><F63/><W89/><G73/><T8/><D40/><U47/><N who="1" m="11264" /><DORA hai="15" /><U102/><E102/><V48/><F48/><N who="0" m="18506" /><D11/><U21/><E21/><V66/><F66/><W116/><G116/><T33/><D33/><U108/><E108/><V107/><F107/><W105/><G105/><T75/><D75/><U25/><E25/><AGARI ba="1,1" hai="17,23,25,50,54,59,80,82,92,98,100" m="34111" machi="25" ten="30,2000,0" yaku="8,1,52,1" doraHai="126,15" who="2" fromWho="1" sc="240,0,365,-23,125,33,260,0" /><INIT seed="2,0,0,2,3,62" ten="240,342,158,260" oya="2" hai0="23,37,116,135,24,78,83,59,86,66,90,98,57" hai1="54,91,105,38,81,124,82,118,115,89,106,28,26" hai2="110,42,127,125,129,123,53,96,109,128,71,117,22" hai3="52,58,43,33,12,100,112,40,108,47,31,3,72"/><V126/><F22/><W0/><G72/><T87/><D37/><U10/><E115/><V133/><F96/><W134/><G112/><T56/><D135/><U21/><E118/><V95/><F95/><W107/><G134/><T49/><D98/><U63/><E38/><V76/><F76/><W18/><G108/><N who="2" m="41577" /><F133/><W94/><G107/><T15/><D49/><U121/><E105/><V113/><F113/><W120/><G120/><T69/><D69/><U9/><E106/><V11/><F11/><N who="1" m="4105" /><E124/><N who="2" m="31747" /><V97/><DORA hai="25" /><F97/><W51/><G94/><N who="0" m="54615" /><D15/><U67/><E121/><V13/><F13/><W1/><G100/><T4/><D4/><U84/><E89/><V30/><F30/><W41/><G33/><T64/><D116/><U75/><E75/><V92/><F92/><W8/><REACH who="3" step="1"/><G31/><AGARI ba="0,0" hai="23,24,31,56,57,59,64,66,78,83,87" m="54615" machi="31" ten="30,7700,0" yaku="8,1,52,3" doraHai="62,25" who="0" fromWho="3" sc="240,77,342,0,158,0,260,-77" /><INIT seed="3,0,0,4,2,111" ten="317,342,158,183" oya="3" hai0="69,113,135,133,98,95,24,68,26,4,112,66,60" hai1="124,27,122,115,116,77,70,109,38,43,101,80,63" hai2="56,35,62,71,106,41,132,28,120,75,72,96,104" hai3="29,39,10,94,7,33,21,126,128,31,90,25,91"/><W127/><G39/><T117/><D117/><U22/><E115/><N who="0" m="44105" /><D4/><U79/><E122/><V84/><F84/><W54/><G128/><T20/><D69/><U85/><E109/><V16/><F120/><W14/><G54/><T108/><D108/><U8/><E124/><N who="3" m="47658" /><G91/><N who="0" m="55679" /><D24/><U40/><E38/><V100/><F132/><W9/><G9/><T131/><D131/><U59/><E70/><V3/><F71/><W110/><G110/><T92/><D92/><U65/><E116/><V19/><F104/><W11/><G11/><T0/><D0/><U1/><E101/><V47/><F3/><W13/><G13/><T42/><D42/><N who="1" m="15915" /><E1/><V102/><F102/><W45/><G94/><T49/><D49/><U81/><E8/><V57/><F57/><W78/><G45/><T73/><D73/><U17/><E81/><V15/><F75/><W2/><G2/><T64/><D64/><U50/><E50/><N who="2" m="26991" /><F72/><W87/><G10/><T82/><D82/><U55/><E65/><N who="2" m="39111" /><F15/><W12/><G14/><T6/><D6/><U86/><E85/><V5/><F5/><W125/><G125/><T93/><D93/><U76/><AGARI ba="0,0" hai="17,22,27,55,59,63,76,77,79,80,86" m="15915" machi="76" ten="30,1100,0" yaku="8,1" doraHai="111" who="1" fromWho="1" sc="317,-3,342,11,158,-3,183,-5" owari="314,11.4,353,45.3,155,-34.5,178,-22.2" /></mjloggm>