<mjloggm ver="2.3"><GO type="225" lobby="0"/><UN n0="%73%6C%69%63%6B%33%31%39" n1="%72%61%6B%33" n2="%E3%83%A2%E3%83%B3%E3%82%AD%E3%83%BC%E3%83%88%E3%83%AA%E3%83%83%E3%82%AF" n3="%E6%97%A5%E6%9B%9C%E6%97%A5%E3%82%88%E3%82%8A%E3%81%AE%E4%BD%BF%E8%80%85" dan="17,16,16,17" rate="2170.81,2165.86,2155.41,2166.23" sx="M,M,M,M"/><TAIKYOKU oya="0"/><INIT seed="0,0,0,4,4,122" ten="250,250,250,250" oya="0" hai0="68,92,93,82,131,101,33,125,9,112,133,100,2" hai1="17,46,57,99,39,74,36,70,3,23,89,86,54" hai2="78,7,95,80,29,1,91,114,111,104,120,50,32" hai3="79,97,106,44,124,37,55,129,26,118,109,115,76"/><T98/><D112/><U134/><E74/><V18/><F114/><W22/><G115/><T126/><D33/><U107/><E3/><V45/><F104/><W71/><G71/><T30/><D68/><U35/><E35/><V119/><F120/><W72/><G72/><T77/><D30/><U43/><E134/><V84/><F119/><W67/><G118/><T75/><D9/><U110/><E70/><V13/><F7/><W123/><G67/><T73/><D2/><U63/><E107/><V81/><F1/><W27/><G37/><T130/><D133/><U19/><E19/><V14/><F14/><W42/><G55/><T52/><D52/><U5/><E5/><V64/><F64/><W53/><G53/><T85/><D73/><U121/><E121/><V28/><F32/><W108/><G123/><T62/><D62/><U34/><E34/><V15/><F15/><W69/><G69/><T6/><D6/><U132/><E132/><V49/><F49/><N who="3" m="26775" /><G124/><N who="0" m="47723" /><D101/><U48/><E63/><V128/><F50/><W11/><G11/><T117/><D117/><U105/><E36/><V4/><F45/><W96/><G27/><T41/><D41/><U61/><E39/><V87/><F28/><N who="3" m="17495" /><G129/><N who="0" m="49163" /><D75/><U21/><E43/><V51/><F29/><W60/><G60/><T38/><D38/><U103/><E61/><V59/><F128/><W127/><G127/><T83/><D83/><U94/><E46/><V16/><F80/><W58/><G58/><T20/><D20/><U66/><E66/><V8/><F59/><W40/><G40/><T113/><D113/><U24/><E21/><RYUUKYOKU ba="0,0" sc="250,15,250,15,250,-15,250,-15" hai0="77,82,85,92,93,98,100" hai1="17,23,24,48,54,57,86,89,94,99,103,105,110" /><INIT seed="0,1,0,0,2,23" ten="265,265,235,235" oya="0" hai0="0,108,9,69,127,99,54,76,52,40,120,65,132" hai1="15,14,84,72,119,47,28,75,97,37,101,32,38" hai2="19,105,58,115,131,91,68,20,64,78,82,113,118" hai3="77,25,70,2,128,106,51,26,109,12,111,102,80"/><T59/><D120/><U121/><E121/><V22/><F105/><W18/><G2/><T43/><D76/><U83/><E119/><V122/><F118/><W86/><G70/><T114/><D114/><U110/><E110/><N who="3" m="41994" /><G128/><T129/><D108/><U92/><E75/><V56/><F122/><W13/><G51/><T125/><D99/><U130/><E72/><V94/><F131/><W85/><G85/><T126/><D129/><U89/><E130/><V96/><F68/><W45/><G45/><T21/><D132/><U61/><E61/><V5/><F5/><W134/><G134/><T6/><D21/><U87/><E87/><V4/><F4/><W112/><G112/><T95/><D95/><U67/><E67/><V33/><F33/><W81/><G81/><T31/><D31/><U103/><E37/><V104/><F22/><N who="3" m="11591" /><G13/><T71/><D71/><U57/><E14/><V3/><F3/><W44/><G44/><T93/><D93/><U10/><E47/><V116/><F104/><W1/><G1/><T11/><D11/><U24/><E38/><V35/><F35/><W62/><G62/><N who="0" m="38111" /><D69/><U50/><E57/><N who="2" m="22123" /><F116/><W34/><G34/><T63/><D63/><U41/><E50/><V123/><F123/><W49/><G49/><T39/><D39/><U90/><REACH who="1" step="1"/><E41/><AGARI ba="1,0" hai="0,6,9,40,41,43,52,54,125,126,127" m="38111" machi="41" ten="30,2900,0" yaku="18,1,54,1" doraHai="23" who="0" fromWho="1" sc="265,32,265,-32,235,0,235,0" /><INIT seed="0,2,0,4,3,108" ten="297,233,235,235" oya="0" hai0="48,83,134,82,124,7,102,63,106,129,60,2,38" hai1="29,10,5,111,12,62,97,76,30,100,85,23,88" hai2="81,14,87,15,109,94,77,122,54,43,45,44,65" hai3="118,80,27,40,67,132,9,50,22,0,95,36,46"/><T135/><D38/><U59/><E111/><V103/><F109/><W28/><G118/><T41/><D2/><U18/><E76/><V74/><F122/><W72/><G132/><N who="0" m="50731" /><D7/><U34/><E34/><V98/><F65/><W70/><G95/><T56/><D106/><U26/><E100/><V42/><F54/><W69/><G67/><T121/><D102/><U123/><E123/><V31/><F31/><W133/><G50/><T39/><D121/><U107/><E107/><V110/><F110/><W125/><G125/><T128/><D39/><U89/><E97/><V86/><F86/><W53/><G53/><N who="0" m="31783" /><D41/><U64/><REACH who="1" step="1"/><E89/><REACH who="1" ten="297,223,235,235" step="2"/><V4/><F74/><W96/><G96/><T3/><D124/><U35/><E35/><V116/><F116/><W92/><G133/><T25/><D129/><U126/><E126/><V90/><F77/><N who="3" m="44071" /><G92/><AGARI ba="2,1" hai="5,10,12,18,23,26,29,30,59,62,64,85,88,92" machi="92" ten="30,8000,1" yaku="1,1,7,1,8,1,54,1,53,1" doraHai="108" doraHaiUra="84" who="1" fromWho="3" sc="297,0,223,96,235,0,235,-86" /><INIT seed="1,0,0,0,4,34" ten="297,319,235,149" oya="1" hai0="73,135,100,45,44,62,65,101,57,106,92,87,107" hai1="109,21,95,39,124,74,38,69,115,129,42,27,66" hai2="26,11,7,86,10,98,85,94,41,104,133,12,19" hai3="91,28,105,119,130,31,75,126,8,79,54,15,68"/><U96/><E115/><V84/><F104/><W81/><G68/><T0/><D73/><U128/><E74/><V30/><F133/><W1/><G105/><T2/><D135/><U118/><E118/><V61/><F41/><W80/><G119/><T6/><D6/><U70/><E124/><V22/><F61/><W32/><G32/><T3/><D106/><U122/><E122/><V63/><F63/><W131/><G54/><T60/><D107/><U116/><E116/><V112/><F112/><W93/><G81/><T9/><D9/><U59/><E59/><V123/><F123/><W50/><G50/><T58/><D87/><U108/><E66/><V56/><F56/><W17/><G126/><T88/><D88/><N who="1" m="55399" /><E69/><V90/><REACH who="2" step="1"/><F98/><REACH who="2" ten="297,319,225,149" step="2"/><W76/><G131/><N who="1" m="50250" /><E70/><V23/><F23/><W114/><G130/><T72/><D62/><U24/><E42/><V110/><F110/><N who="1" m="42601" /><E21/><V16/><F16/><W18/><G114/><T4/><D58/><U82/><E82/><V35/><F35/><W51/><G80/><T134/><D57/><U49/><E49/><V127/><F127/><W14/><G51/><T71/><D60/><U47/><E47/><V67/><F67/><W40/><G40/><T97/><D65/><U111/><E111/><V121/><F121/><W125/><G125/><T53/><D71/><U102/><E38/><V103/><F103/><W29/><G18/><T33/><D33/><U52/><E39/><V89/><F89/><W120/><G120/><T20/><D134/><U55/><E102/><V36/><F36/><W132/><G132/><T46/><D100/><RYUUKYOKU ba="0,1" sc="297,-15,319,15,225,15,149,-15" hai1="24,27,52,55" hai2="7,10,11,12,19,22,26,30,84,85,86,90,94" /><INIT seed="1,1,1,4,5,114" ten="282,334,240,134" oya="1" hai0="24,91,96,126,95,103,74,12,37,8,32,100,109" hai1="66,29,0,59,79,54,28,117,64,112,93,21,15" hai2="70,34,43,60,102,16,76,11,4,115,40,25,68" hai3="36,52,135,80,84,55,30,26,2,6,97,18,110"/><U92/><E117/><V118/><F118/><W77/><G36/><T22/><D37/><U119/><E119/><V41/><F115/><W27/><G110/><T88/><D32/><U14/><E0/><V98/><F76/><W67/><G135/><T39/><D39/><U105/><E105/><V107/><F60/><W81/><G67/><N who="1" m="25642" /><E79/><V69/><F34/><W35/><G97/><T132/><D74/><U7/><E112/><V38/><F38/><W31/><G18/><T122/><D109/><U82/><E82/><V113/><F113/><W63/><G63/><T87/><D126/><U3/><E3/><V17/><REACH who="2" step="1"/><F25/><REACH who="2" ten="282,334,230,134" step="2"/><W94/><G27/><T42/><D132/><U128/><E128/><V51/><F51/><W56/><G26/><T127/><D127/><U83/><E28/><V49/><F49/><W106/><G35/><T9/><D24/><U1/><E29/><V125/><F125/><W73/><G31/><T78/><D78/><U116/><E116/><V71/><N who="2" m="17408" /><DORA hai="131" /><V89/><F89/><W13/><G30/><T111/><D91/><U108/><E108/><V5/><F5/><W47/><G6/><T133/><D111/><U33/><E7/><V90/><F90/><W44/><G77/><T85/><D88/><U53/><E33/><V123/><F123/><W124/><G124/><T19/><D122/><U20/><E1/><AGARI ba="1,2" hai="1,4,11,16,17,40,41,43,98,102,107" m="17408" machi="1" ten="70,8000,1" yaku="1,1,54,1,53,1" doraHai="114,131" doraHaiUra="120,101" who="2" fromWho="1" sc="282,0,334,-83,230,103,134,0" /><INIT seed="2,0,0,2,2,70" ten="282,251,333,134" oya="2" hai0="38,80,45,106,52,84,135,130,124,7,1,123,25" hai1="24,100,51,20,31,121,118,32,75,132,127,67,34" hai2="62,23,57,43,2,27,78,109,47,87,66,85,92" hai3="104,9,61,77,69,10,41,71,64,37,117,98,30"/><V22/><F2/><W50/><G117/><T28/><D123/><U63/><E118/><V5/><F5/><W56/><G77/><T19/><D106/><U119/><E119/><V74/><F74/><W26/><G104/><T82/><D19/><U131/><E131/><V72/><F72/><W49/><G98/><T112/><D112/><U15/><E121/><V116/><F116/><W48/><G9/><T97/><D97/><U33/><E75/><V94/><F109/><W110/><G10/><T4/><D130/><U16/><E127/><V103/><F78/><W79/><G79/><T8/><D4/><U89/><E132/><V42/><F42/><W60/><G110/><T53/><D82/><U125/><E125/><V54/><F54/><N who="3" m="33815" /><G26/><T55/><D135/><U76/><E76/><V134/><F134/><W73/><G30/><T90/><D124/><U114/><E114/><V108/><F108/><W81/><G81/><T46/><REACH who="0" step="1"/><D38/><REACH who="0" ten="272,251,333,134" step="2"/><U0/><E16/><V29/><F94/><W88/><G73/><T95/><D95/><U83/><E83/><V102/><F102/><W99/><G99/><T133/><D133/><U101/><E100/><V96/><F22/><AGARI ba="0,1" hai="1,7,8,22,25,28,45,46,52,53,55,80,84,90" machi="22" ten="40,5200,0" yaku="1,1,54,1,53,1" doraHai="70" doraHaiUra="3" who="0" fromWho="2" sc="272,62,251,0,333,-52,134,0" /><INIT seed="3,0,0,1,1,127" ten="334,251,281,134" oya="3" hai0="42,12,10,69,73,77,106,107,98,55,71,16,104" hai1="26,116,52,78,108,132,59,99,119,41,2,62,23" hai2="21,63,124,25,125,135,11,18,22,121,38,96,7" hai3="60,4,101,126,113,34,105,56,30,67,46,93,20"/><W128/><G113/><T134/><D42/><U19/><E2/><N who="2" m="503" /><F63/><W13/><G126/><N who="2" m="48745" /><F96/><W68/><G105/><T31/><D31/><U123/><E123/><V61/><F61/><W76/><G76/><T32/><D32/><U37/><E108/><V129/><F38/><W40/><G128/><T3/><D3/><U0/><E0/><V80/><F80/><W9/><G34/><T117/><D134/><U72/><E132/><V6/><F135/><W109/><G109/><T89/><D117/><U114/><E114/><V39/><F39/><W103/><G68/><T36/><D36/><U88/><E78/><V74/><F74/><W110/><G110/><T49/><D89/><U91/><E72/><V100/><F100/><W112/><G112/><T48/><D98/><U90/><REACH who="1" step="1"/><E99/><REACH who="1" ten="334,241,281,134" step="2"/><V17/><F121/><W15/><G93/><T79/><D79/><U58/><E58/><V86/><F86/><W70/><G70/><T81/><D73/><U66/><E66/><V118/><F118/><W130/><G130/><T64/><D64/><U45/><AGARI ba="0,1" hai="19,23,26,37,41,45,52,59,62,88,90,91,116,119" machi="45" ten="30,7900,0" yaku="1,1,0,1,54,2,53,0" doraHai="127" doraHaiUra="5" who="1" fromWho="1" sc="334,-20,241,89,281,-20,134,-39" owari="314,11.4,330,43.0,261,-13.9,95,-40.5" /></mjloggm>