<mjloggm ver="2.3"><GO type="225" lobby="0"/><UN n0="%E8%A8%88%E7%AE%97%E6%A9%9F%E8%87%AA%E7%84%B6" n1="%E3%81%A1%E3%82%85%E3%81%86%E3%81%A9%E3%81%8F%E8%B1%A1%E3%81%95%E3%82%93" n2="%45%6C%79%73%69%75%6D" n3="%E3%83%B4%E3%83%A0%EF%BC%99%E3%81%A6" dan="17,16,17,17" rate="2228.31,2119.27,2130.75,2175.88" sx="M,M,F,M"/><TAIKYOKU oya="0"/><INIT seed="0,0,0,4,2,26" ten="250,250,250,250" oya="0" hai0="83,129,39,4,131,115,111,118,66,21,96,73,105" hai1="54,71,36,91,119,88,18,34,95,126,49,75,16" hai2="8,120,7,42,98,35,92,61,5,33,28,29,89" hai3="108,46,122,112,47,68,132,133,38,81,10,134,84"/><T1/><D115/><U43/><E119/><V72/><F72/><W17/><G112/><T58/><D118/><U79/><E71/><V123/><F42/><W27/><G68/><T117/><D117/><U32/><E126/><V99/><F61/><W94/><G108/><T85/><D39/><U104/><E104/><V78/><F78/><W125/><G125/><T63/><D73/><U67/><E67/><V59/><F59/><W37/><G94/><T56/><D111/><U65/><E65/><V110/><F110/><W103/><G103/><N who="0" m="62695" /><D21/><U53/><E36/><N who="3" m="13930" /><G122/><T135/><D4/><U97/><E43/><V82/><F82/><W70/><G70/><N who="0" m="42335" /><D1/><U11/><E91/><V41/><F41/><W60/><G60/><T124/><D124/><U52/><E49/><V23/><F23/><N who="3" m="13807" /><G10/><T69/><D69/><U20/><E11/><V64/><F64/><W13/><G13/><T50/><D50/><U22/><E22/><V62/><F62/><W0/><G0/><T24/><D24/><U55/><N who="1" m="13312" /><DORA hai="51" /><U102/><E102/><V76/><F76/><AGARI ba="0,0" hai="46,47,76,81,84,132,133,134" m="13807,13930" machi="76" ten="40,1300,0" yaku="20,1" doraHai="26,51" who="3" fromWho="2" sc="250,0,250,0,250,-13,250,13" /><INIT seed="1,0,0,1,4,18" ten="250,250,237,263" oya="1" hai0="84,132,68,37,119,58,125,50,111,118,115,102,65" hai1="130,108,38,66,16,109,80,40,103,21,96,89,86" hai2="12,7,82,27,83,19,134,49,25,51,88,133,127" hai3="90,75,91,121,77,78,70,60,81,39,129,0,24"/><U53/><E66/><V107/><F107/><W79/><G121/><T104/><D84/><U55/><E40/><V124/><F7/><W1/><G39/><T34/><D102/><U6/><E6/><V100/><F100/><W63/><G129/><T67/><D50/><N who="2" m="18954" /><F12/><W61/><G70/><T71/><D58/><U93/><E38/><V20/><F27/><W17/><G75/><T4/><D4/><U87/><E87/><N who="2" m="50295" /><F83/><W2/><G81/><T9/><D104/><U97/><E97/><V10/><F10/><W32/><REACH who="3" step="1"/><G17/><REACH who="3" ten="250,250,237,253" step="2"/><T47/><D37/><U120/><E120/><V85/><F85/><W57/><G57/><T31/><D71/><U29/><E29/><AGARI ba="0,1" hai="0,1,2,24,29,32,60,61,63,77,78,79,90,91" machi="29" ten="50,12000,2" yaku="1,1,29,2,53,3" doraHai="18" doraHaiUra="59" who="3" fromWho="1" sc="250,0,250,-120,237,0,253,130" /><INIT seed="2,0,0,5,4,10" ten="250,130,237,383" oya="2" hai0="110,44,89,50,116,109,119,36,19,37,68,64,127" hai1="21,23,63,13,94,54,17,81,28,83,122,100,112" hai2="48,130,118,78,115,96,93,25,98,4,99,131,117" hai3="106,12,135,31,11,77,8,108,57,33,20,113,134"/><V79/><F48/><W59/><G106/><T53/><D89/><U69/><E112/><V58/><F58/><W5/><G113/><T38/><D19/><U9/><E122/><V39/><F39/><W42/><G108/><N who="0" m="41579" /><D127/><U67/><E54/><V132/><F25/><N who="3" m="16807" /><G33/><T16/><D16/><U29/><E21/><V74/><F4/><N who="3" m="3079" /><G77/><N who="2" m="29193" /><F74/><W56/><G42/><T87/><D87/><U91/><E100/><N who="2" m="60431" /><F115/><W86/><G59/><T65/><D68/><U125/><E125/><V97/><F132/><N who="3" m="50731" /><G86/><T76/><D76/><U18/><E81/><V126/><F126/><W26/><G26/><T32/><D32/><U121/><E83/><V70/><F70/><W27/><G27/><T103/><D103/><U75/><E75/><V82/><F82/><W60/><G60/><T51/><D50/><U129/><E129/><AGARI ba="0,0" hai="97,98,99,117,118,129,130,131" m="60431,29193" machi="129" ten="30,5800,0" yaku="19,1,34,2" doraHai="10" who="2" fromWho="1" sc="250,0,130,-58,237,58,383,0" /><INIT seed="2,1,0,3,4,68" ten="250,72,295,383" oya="2" hai0="7,36,77,49,119,4,69,5,58,13,52,39,106" hai1="3,9,38,76,31,29,124,82,42,50,126,74,107" hai2="109,26,110,45,93,40,55,75,89,67,43,54,30" hai3="84,115,88,120,22,105,66,72,130,92,104,103,73"/><V133/><F75/><N who="3" m="28747" /><G66/><T8/><D106/><N who="3" m="41065" /><G22/><T128/><D77/><U32/><E107/><V90/><F67/><W6/><G6/><T97/><D69/><U2/><E50/><V35/><F133/><W86/><G120/><T98/><D128/><U19/><E19/><V117/><F117/><W101/><G130/><T37/><REACH who="0" step="1"/><D119/><REACH who="0" ten="240,72,295,383" step="2"/><U132/><E132/><V16/><F109/><W112/><G84/><T96/><AGARI ba="1,1" hai="4,5,7,8,13,36,37,39,49,52,58,96,97,98" machi="96" ten="40,16000,3" yaku="1,1,2,1,0,1,52,3,54,1,53,3" doraHai="68" doraHaiUra="95" who="0" fromWho="0" sc="240,173,72,-41,295,-81,383,-41" /><INIT seed="3,0,0,2,5,123" ten="413,31,214,342" oya="3" hai0="18,99,5,59,4,14,89,16,35,24,78,60,61" hai1="40,57,93,45,79,13,76,110,131,43,15,51,32" hai2="86,111,56,84,25,103,118,92,8,83,0,41,58" hai3="98,96,114,64,66,22,85,87,130,106,48,63,34"/><W124/><G114/><T44/><D78/><U94/><E32/><V11/><F118/><W69/><G34/><T73/><D73/><U10/><E57/><V38/><F25/><W113/><G113/><T112/><D112/><U75/><E75/><V80/><F41/><W33/><G33/><T95/><D44/><U108/><E51/><V81/><F38/><W90/><G124/><T77/><D77/><U104/><E10/><V117/><F117/><W47/><G130/><T127/><D60/><U134/><E104/><V132/><F132/><W100/><G66/><N who="0" m="39231" /><D35/><U120/><E45/><V55/><F55/><W23/><G96/><T72/><D72/><U115/><E115/><V68/><F68/><W6/><G6/><T71/><D71/><U52/><E131/><V3/><F81/><W50/><G85/><T135/><D135/><U54/><REACH who="1" step="1"/><E120/><REACH who="1" ten="413,21,214,342" step="2"/><V102/><F56/><W116/><G116/><T29/><D4/><U46/><E46/><V20/><F58/><W122/><G122/><T107/><D107/><U37/><E37/><V49/><F49/><W129/><G129/><T2/><D5/><U119/><E119/><V31/><F8/><W74/><G74/><T9/><D9/><U30/><E30/><V105/><F31/><W21/><REACH who="3" step="1"/><G47/><REACH who="3" ten="413,21,214,332" step="2"/><T121/><D121/><U65/><E65/><V67/><F67/><W88/><G88/><T70/><D89/><U53/><E53/><V12/><F105/><W125/><G125/><T7/><D127/><U39/><E39/><V82/><F0/><W36/><G36/><T19/><D2/><U91/><E91/><RYUUKYOKU ba="0,2" sc="413,-15,21,15,214,-15,332,15" hai1="13,15,40,43,52,54,76,79,93,94,108,110,134" hai3="21,22,23,48,50,63,64,69,87,90,98,100,106" /><INIT seed="3,1,2,4,3,14" ten="398,36,199,347" oya="3" hai0="2,22,11,66,41,20,28,113,29,3,130,67,64" hai1="84,51,93,63,128,1,80,120,27,0,33,19,52" hai2="45,81,8,25,129,97,34,30,62,26,78,92,83" hai3="59,90,98,69,100,125,65,88,55,40,118,36,12"/><W132/><G118/><T104/><D104/><U48/><E120/><V124/><F129/><W46/><G125/><T75/><D75/><U106/><E128/><V21/><F124/><W127/><G127/><T95/><D130/><U32/><E106/><V6/><F62/><N who="3" m="40119" /><G12/><T77/><D77/><U94/><E63/><V39/><F45/><W50/><G132/><T70/><D70/><U134/><E80/><V44/><F44/><W103/><G103/><T111/><D41/><U105/><E105/><AGARI ba="1,2" hai="36,40,46,50,55,59,88,90,98,100,105" m="40119" machi="105" ten="30,2900,0" yaku="24,1,54,1" doraHai="14" who="3" fromWho="1" sc="398,0,36,-32,199,0,347,52" owari="398,19.8,4,-49.6,199,-20.1,399,49.9" /></mjloggm>