<mjloggm ver="2.3"><GO type="225" lobby="0"/><UN n0="%E8%B6%85%E7%B4%9A%E9%B3%B3%E5%87%B0" n1="%6A%79%75%6E%6F%68" n2="%6D%75%75%6D%75%72%61" n3="%E7%99%BD%E5%92%B2%E8%8A%B1%E3%81%A1%E3%82%83%E3%82%93" dan="16,16,16,16" rate="2132.94,2149.42,2143.39,2092.72" sx="M,M,F,F"/><TAIKYOKU oya="0"/><INIT seed="0,0,0,3,5,105" ten="250,250,250,250" oya="0" hai0="83,103,104,106,2,128,119,102,96,81,38,114,131" hai1="76,24,134,52,79,54,57,111,25,20,71,40,28" hai2="41,101,44,82,27,11,124,98,69,49,87,99,14" hai3="85,115,51,58,109,18,30,78,48,53,94,129,43"/><T7/><D38/><U16/><E111/><V80/><F124/><W23/><G115/><T66/><D66/><U123/><E123/><V93/><F69/><W6/><G109/><T130/><D2/><U127/><E71/><V89/><F27/><W33/><G129/><T56/><D7/><U100/><E127/><V26/><F26/><W65/><G6/><T1/><D56/><U0/><E0/><V64/><F64/><W3/><G3/><T72/><D1/><U73/><E134/><V125/><F125/><W91/><G78/><N who="0" m="44231" /><D83/><U86/><E73/><V117/><F117/><W113/><G65/><T88/><D114/><U42/><E100/><N who="0" m="38441" /><D119/><U84/><E76/><V5/><REACH who="2" step="1"/><F99/><REACH who="2" ten="250,250,240,250" step="2"/><W15/><G113/><T90/><D96/><U13/><E25/><V8/><F8/><W133/><G133/><T135/><D135/><U122/><E122/><V118/><F118/><W32/><REACH who="3" step="1"/><G30/><REACH who="3" ten="250,250,240,240" step="2"/><T74/><D74/><U107/><E28/><V45/><F45/><AGARI ba="0,2" hai="15,18,23,32,33,43,45,48,51,53,58,85,91,94" machi="45" ten="40,8000,1" yaku="1,1,2,1,25,2,53,1" doraHai="105" doraHaiUra="10" who="3" fromWho="2" sc="250,0,250,0,240,-80,240,100" /><INIT seed="1,0,0,4,0,76" ten="250,250,160,340" oya="1" hai0="48,25,16,45,52,18,82,44,26,56,27,130,132" hai1="126,47,0,96,23,87,7,12,111,109,90,113,21" hai2="95,93,50,31,74,40,15,129,110,10,9,133,63" hai3="62,112,105,68,94,34,28,19,116,124,29,91,98"/><U13/><E113/><V22/><F74/><W107/><G112/><T2/><D2/><U102/><E0/><V51/><F110/><N who="1" m="41993" /><E126/><V121/><F121/><W64/><G116/><T118/><D118/><U83/><E47/><V5/><F129/><W54/><G124/><T59/><D130/><U60/><E60/><V65/><F133/><W122/><G122/><T81/><D132/><U3/><E3/><V33/><F33/><W99/><G54/><T58/><D45/><U70/><E70/><V85/><F40/><W80/><G80/><AGARI ba="0,0" hai="16,18,25,26,27,44,48,52,56,58,59,80,81,82" machi="80" ten="40,12000,2" yaku="8,1,52,3,54,2" doraHai="76" who="0" fromWho="3" sc="250,120,250,0,160,0,340,-120" /><INIT seed="2,0,0,3,3,40" ten="370,250,160,220" oya="2" hai0="119,27,84,53,18,39,109,120,16,19,83,79,129" hai1="43,102,46,4,74,56,108,65,97,80,59,29,112" hai2="94,14,54,104,51,76,70,61,28,42,134,26,49" hai3="111,63,72,125,95,0,122,24,90,128,73,92,69"/><V45/><F104/><W30/><G122/><T75/><D120/><U110/><E112/><V135/><F76/><W64/><G0/><T105/><D39/><U66/><E29/><V99/><F14/><W23/><G111/><N who="1" m="42538" /><E4/><V10/><F10/><W98/><G128/><T85/><D109/><U130/><E130/><V52/><F70/><W55/><G125/><T77/><D129/><U58/><E80/><V107/><F107/><W106/><G106/><T86/><D105/><N who="1" m="63695" /><E74/><V48/><F61/><W13/><G55/><T47/><D79/><U71/><E71/><V22/><F54/><W5/><G92/><T78/><D78/><U12/><E12/><V127/><F127/><W11/><AGARI ba="0,0" hai="5,11,13,23,24,30,63,64,69,72,73,90,95,98" machi="11" ten="30,1100,0" yaku="0,1" doraHai="40" who="3" fromWho="3" sc="370,-3,250,-3,160,-5,220,11" /><INIT seed="3,0,0,3,4,117" ten="367,247,155,231" oya="3" hai0="98,63,135,114,131,45,122,66,3,86,70,88,128" hai1="110,78,108,19,14,17,31,36,65,112,60,79,6" hai2="2,52,25,71,111,23,35,84,10,59,48,119,38" hai3="126,69,133,62,32,8,87,129,13,103,90,28,75"/><W34/><G75/><T24/><D122/><U26/><E36/><V56/><F119/><W54/><G126/><T92/><D3/><U29/><E6/><V93/><F71/><W7/><G129/><N who="0" m="49739" /><D135/><U0/><E0/><V77/><F35/><W61/><G103/><N who="0" m="60871" /><D24/><U83/><E19/><V101/><F38/><W50/><G133/><T121/><D121/><U27/><E27/><V132/><F111/><N who="1" m="42537" /><E26/><V20/><F132/><W1/><G28/><N who="1" m="10826" /><E83/><V130/><F130/><W115/><G115/><T40/><D114/><U11/><E112/><V51/><F25/><W39/><G39/><T91/><D86/><U125/><E125/><V33/><F33/><W73/><G73/><T104/><D104/><U67/><E67/><V58/><F2/><W74/><G74/><T85/><D85/><U16/><E17/><V76/><F84/><W134/><G1/><T21/><D21/><U15/><E15/><V9/><F93/><W100/><G100/><T95/><D95/><U37/><E37/><AGARI ba="0,0" hai="37,40,45,63,66,70,88,91" m="60871,49739" machi="37" ten="30,2000,0" yaku="19,1,54,1" doraHai="117" who="0" fromWho="1" sc="367,20,247,-20,155,0,231,0" owari="387,48.7,227,-17.3,155,-34.5,231,3.1" /></mjloggm>