<mjloggm ver="2.3"><GO type="225" lobby="0"/><UN n0="%E3%82%B7%E3%83%B3%E5%A4%AA%E6%9C%97" n1="%E6%B8%A9%E2%98%85%E6%83%85%E2%98%85%E6%8E%AA%E2%98%85%E7%BD%AE" n2="%45%6C%79%73%69%75%6D" n3="%E3%81%A8%E3%82%93%E3%81%A8%E3%81%93%E3%81%A8%E3%82%93" dan="16,17,17,16" rate="2197.13,2216.84,2139.24,2140.49" sx="M,M,F,F"/><TAIKYOKU oya="0"/><INIT seed="0,0,0,5,2,73" ten="250,250,250,250" oya="0" hai0="90,117,123,70,81,124,31,108,54,80,7,68,32" hai1="111,71,129,114,14,135,29,44,128,33,17,122,88" hai2="18,64,27,103,3,15,105,126,49,25,94,127,60" hai3="83,26,1,8,77,51,67,89,113,76,57,39,24"/><T35/><D117/><U21/><E122/><V69/><F3/><W79/><G39/><T74/><D123/><U120/><E120/><V110/><F49/><W91/><G113/><T133/><D133/><U82/><E71/><V53/><F53/><N who="3" m="31935" /><G1/><T106/><D106/><U46/><E114/><V45/><F45/><W40/><G40/><T95/><D124/><N who="2" m="47658" /><F105/><W9/><G67/><T30/><D108/><U5/><E5/><V47/><F47/><W0/><G0/><T121/><D121/><U65/><E65/><V118/><F110/><W11/><G83/><T125/><D54/><U10/><E111/><V56/><F69/><W109/><G109/><T23/><D7/><U66/><E66/><V19/><F118/><W6/><G6/><T16/><D125/><U34/><E135/><V41/><F41/><W119/><G119/><T78/><D81/><U75/><E46/><V72/><F72/><W93/><G91/><T96/><D31/><U131/><E44/><V4/><F4/><W104/><G104/><T55/><D55/><U86/><REACH who="1" step="1"/><E75/><REACH who="1" ten="250,240,250,250" step="2"/><V87/><F64/><W2/><G2/><T63/><D32/><U107/><E107/><V85/><F56/><W61/><G61/><T42/><D63/><U62/><E62/><V101/><F60/><W84/><AGARI ba="0,1" hai="8,9,11,24,26,76,77,79,84,89,93" m="31935" machi="84" ten="30,7900,0" yaku="8,1,52,3" doraHai="73" who="3" fromWho="3" sc="250,-39,240,-20,250,-20,250,89" /><INIT seed="1,0,0,5,5,104" ten="211,220,230,339" oya="1" hai0="112,131,119,127,92,2,0,44,28,69,96,13,108" hai1="57,48,40,118,64,103,36,93,128,62,19,34,76" hai2="68,9,53,135,102,25,32,91,123,59,77,71,23" hai3="20,115,29,79,80,120,22,41,16,5,1,89,106"/><U122/><E118/><V72/><F123/><W45/><G115/><T132/><D119/><U130/><E122/><V14/><F32/><W88/><G106/><T3/><D112/><U52/><E34/><V43/><F43/><W6/><G1/><T4/><D69/><N who="1" m="42135" /><E76/><V110/><F102/><W124/><G124/><T11/><D108/><U99/><E19/><V21/><F21/><W65/><G65/><T111/><D111/><U125/><E125/><V107/><F107/><W60/><G60/><T18/><D127/><U95/><E93/><V39/><F39/><W101/><G101/><T12/><D131/><N who="1" m="50219" /><E40/><V109/><F91/><W17/><G29/><T58/><D28/><U105/><E105/><V15/><F15/><N who="3" m="9247" /><G79/><T100/><D44/><U66/><E66/><V55/><F77/><W10/><G120/><T47/><D47/><U54/><E54/><V61/><F53/><W134/><G41/><T97/><D58/><U129/><N who="1" m="50227" /><U7/><DORA hai="26" /><E7/><V74/><F68/><W87/><G45/><T113/><D113/><U75/><E36/><V90/><F71/><W78/><G5/><T94/><D0/><U116/><E116/><V35/><F110/><W42/><G42/><T121/><D121/><U70/><E70/><V81/><F109/><W86/><G6/><T73/><D2/><U37/><E37/><V30/><F35/><W82/><G78/><T31/><D3/><U67/><E67/><V56/><F56/><W63/><G80/><T117/><D4/><U50/><E48/><V46/><F81/><W84/><G82/><T8/><D117/><RYUUKYOKU ba="0,0" sc="211,-10,220,30,230,-10,339,-10" hai1="50,52,57,75,95,99,103" /><INIT seed="1,1,0,4,2,110" ten="201,250,220,329" oya="1" hai0="131,4,81,105,118,108,89,1,127,72,114,92,25" hai1="107,34,117,65,85,116,3,86,16,91,133,115,83" hai2="49,126,82,23,8,15,0,100,71,52,104,22,120" hai3="73,77,26,19,53,14,90,58,18,88,132,10,112"/><U56/><E115/><V63/><F120/><W74/><G132/><T93/><D118/><U31/><E3/><V11/><F126/><W80/><G73/><T30/><D127/><U55/><E133/><V44/><F0/><W38/><G38/><T13/><D105/><U96/><E65/><V54/><F82/><W128/><G128/><T119/><D108/><U17/><E34/><V99/><F11/><W109/><G109/><T41/><D1/><U102/><E31/><V2/><F2/><W66/><G66/><T95/><D131/><U60/><REACH who="1" step="1"/><E86/><REACH who="1" ten="201,240,220,329" step="2"/><V39/><F71/><W113/><G113/><T123/><D114/><U111/><E111/><V35/><F35/><W28/><G112/><T69/><D123/><U106/><E106/><V32/><F32/><W9/><G28/><T50/><D119/><AGARI ba="1,1" hai="16,17,55,56,60,83,85,91,96,102,107,116,117,119" machi="119" ten="40,7700,0" yaku="1,1,54,1,53,1" doraHai="110" doraHaiUra="59" who="1" fromWho="0" sc="201,-80,240,90,220,0,329,0" /><INIT seed="1,2,0,5,5,76" ten="121,330,220,329" oya="1" hai0="3,27,90,68,61,108,78,116,11,111,12,135,47" hai1="51,32,83,19,82,28,107,110,59,38,70,57,86" hai2="45,31,126,36,69,88,124,117,134,104,125,39,13" hai3="46,106,77,65,20,103,40,98,56,73,1,113,118"/><U49/><E107/><V43/><F117/><W37/><G113/><T41/><D116/><U123/><E123/><V72/><F134/><W60/><G118/><T52/><D3/><U91/><E38/><V35/><F69/><W128/><G20/><T131/><D131/><U9/><E70/><V23/><F104/><W58/><G1/><T48/><D135/><U5/><E110/><N who="0" m="42025" /><D78/><U50/><E19/><N who="2" m="10735" /><F72/><W15/><G15/><T4/><D27/><U112/><E112/><V99/><F31/><W64/><G128/><T97/><D97/><U119/><E119/><V95/><F35/><W22/><G22/><T129/><D129/><U53/><E59/><V94/><F94/><W115/><G115/><T84/><D68/><U130/><E130/><V96/><F96/><W2/><G2/><T10/><D10/><U85/><E28/><V24/><F24/><W6/><G73/><T29/><D29/><U122/><E122/><V109/><F109/><W101/><G77/><T132/><D61/><U133/><E32/><V79/><F79/><W8/><G60/><T18/><D132/><U34/><E34/><V93/><F93/><W14/><G103/><T105/><D105/><U42/><E133/><V30/><F30/><W17/><G6/><T114/><D114/><U0/><E42/><V54/><F36/><W62/><G65/><T87/><D90/><AGARI ba="2,0" hai="0,5,9,49,50,51,53,57,82,83,85,86,90,91" machi="90" ten="30,11600,0" yaku="7,1,9,1,52,2" doraHai="76" who="1" fromWho="0" sc="121,-122,330,122,220,0,329,0" owari="-1,-50.1,452,55.2,220,-18.0,329,12.9" /></mjloggm>