<mjloggm ver="2.3"><GO type="225" lobby="0"/><UN n0="%70%6E%64%73%6E%67" n1="%E3%82%A2%E3%83%A1%E3%82%A2%E3%83%A9%E3%83%AC" n2="%33%74%72%65%65" n3="%E6%98%93%E5%88%A9%E8%96%A9%E4%BC%AF" dan="16,16,16,16" rate="2128.44,2114.55,2131.21,2033.18" sx="M,M,F,F"/><TAIKYOKU oya="0"/><INIT seed="0,0,0,5,3,49" ten="250,250,250,250" oya="0" hai0="105,100,30,124,21,16,38,128,5,55,44,86,101" hai1="114,56,10,12,27,109,96,20,58,6,48,4,99" hai2="73,103,93,98,2,36,106,108,26,1,23,14,117" hai3="70,133,42,85,118,81,113,41,19,123,15,76,29"/><T51/><D128/><U74/><E109/><V33/><F117/><W135/><G118/><T78/><D124/><U126/><E126/><V52/><F108/><W94/><G70/><T87/><D38/><U59/><E114/><V25/><F36/><W68/><G68/><T40/><D30/><N who="1" m="17767" /><E74/><V66/><F73/><W72/><G123/><T18/><D5/><U32/><E32/><V127/><F127/><W43/><G29/><T60/><D105/><U131/><E131/><V90/><F66/><W116/><G116/><T9/><D9/><U69/><E69/><V95/><F106/><W115/><G94/><T45/><D18/><U61/><E61/><V130/><F130/><W132/><REACH who="3" step="1"/><G72/><REACH who="3" ten="250,250,250,240" step="2"/><T54/><D100/><U119/><E119/><V89/><F103/><W110/><G110/><T125/><D125/><U62/><E62/><V34/><F95/><W104/><G104/><T37/><D101/><U3/><E3/><V92/><F1/><W17/><G17/><T79/><D79/><U7/><E6/><V129/><F2/><W107/><G107/><T91/><D78/><U82/><E4/><V35/><F129/><W11/><AGARI ba="0,1" hai="11,15,19,41,42,43,76,81,85,113,115,132,133,135" machi="11" ten="40,5200,0" yaku="1,1,0,1,20,1,53,0" doraHai="49" doraHaiUra="0" who="3" fromWho="3" sc="250,-26,250,-13,250,-13,240,62" /><INIT seed="1,0,0,2,3,8" ten="224,237,237,302" oya="1" hai0="123,120,46,15,4,53,122,71,59,78,17,79,11" hai1="110,73,42,47,133,50,105,74,99,107,87,100,28" hai2="18,97,32,61,63,102,112,82,33,60,132,104,48" hai3="98,27,118,108,34,56,125,135,65,116,0,40,83"/><U3/><E133/><V57/><F132/><W58/><G0/><T2/><D71/><U26/><E3/><V21/><F112/><W51/><G108/><T1/><D46/><U20/><E107/><V16/><F82/><W24/><G125/><T134/><D134/><U80/><REACH who="1" step="1"/><E110/><REACH who="1" ten="224,227,237,302" step="2"/><V25/><REACH who="2" step="1"/><F18/><REACH who="2" ten="224,227,227,302" step="2"/><W93/><G135/><T13/><D1/><U91/><AGARI ba="0,2" hai="20,26,28,42,47,50,73,74,80,87,91,99,100,105" machi="91" ten="20,7800,0" yaku="1,1,2,1,0,1,7,1,53,0" doraHai="8" doraHaiUra="129" who="1" fromWho="1" sc="224,-26,227,98,227,-26,302,-26" /><INIT seed="1,1,0,5,4,63" ten="198,325,201,276" oya="1" hai0="124,10,108,122,7,112,111,60,15,43,24,33,116" hai1="54,0,119,106,109,91,48,96,75,120,74,131,47" hai2="37,113,14,97,40,115,27,100,34,59,81,39,87" hai3="73,105,90,21,30,12,64,22,128,72,36,68,123"/><U3/><E119/><V20/><F34/><W93/><G105/><T58/><D116/><U102/><E120/><V32/><F32/><W94/><G36/><T57/><D112/><N who="2" m="43082" /><F14/><W35/><G128/><T85/><D124/><U127/><E127/><V70/><F70/><W26/><G94/><T76/><D122/><U101/><E101/><V13/><F13/><W18/><G22/><T49/><D24/><U92/><E131/><V46/><F59/><W86/><REACH who="3" step="1"/><G123/><REACH who="3" ten="198,325,201,266" step="2"/><T62/><D33/><U110/><E106/><V99/><F39/><W44/><G44/><N who="0" m="25759" /><D111/><N who="1" m="42507" /><E102/><V4/><F100/><W9/><G9/><T78/><D108/><U19/><E19/><N who="2" m="12703" /><F4/><W61/><AGARI ba="1,1" hai="12,18,21,26,30,35,61,64,68,72,73,86,90,93" machi="61" ten="30,4000,0" yaku="1,1,0,1,52,1,53,0" doraHai="63" doraHaiUra="6" who="3" fromWho="3" sc="198,-11,325,-21,201,-11,266,53" /><INIT seed="2,0,0,0,3,35" ten="187,304,190,319" oya="2" hai0="33,59,93,7,51,135,104,76,133,112,79,122,57" hai1="131,53,0,116,90,99,36,42,69,102,24,32,66" hai2="118,128,19,67,58,132,124,15,23,26,16,71,52" hai3="37,54,22,6,125,1,28,18,108,114,17,134,9"/><V72/><F118/><W61/><G37/><T95/><D112/><U81/><E116/><V47/><F132/><N who="0" m="50762" /><D122/><U120/><E131/><V70/><F128/><W45/><G134/><T13/><D33/><U40/><E120/><V39/><F72/><W14/><G108/><T97/><D104/><N who="1" m="63583" /><E53/><V86/><F124/><W11/><G125/><T48/><D7/><U25/><E25/><V56/><F86/><W123/><G123/><T30/><D30/><N who="1" m="19527" /><E36/><V68/><F67/><W5/><G114/><T8/><D8/><U89/><E0/><V126/><F126/><W41/><G28/><T84/><D13/><U29/><E29/><V121/><F121/><W38/><REACH who="3" step="1"/><G22/><REACH who="3" ten="187,304,190,309" step="2"/><T10/><D10/><U50/><E81/><V63/><F39/><W85/><G85/><T60/><D84/><U105/><E105/><V100/><F23/><W106/><G106/><T65/><D95/><U21/><E21/><V43/><F26/><W91/><G91/><N who="1" m="34826" /><E50/><V98/><F98/><W88/><G88/><N who="0" m="55463" /><D48/><U109/><E109/><V130/><F130/><W44/><G44/><T83/><D83/><U107/><E107/><V80/><F80/><W27/><G27/><T119/><D119/><U74/><E74/><V101/><F47/><W103/><G103/><T117/><D117/><U127/><E127/><V75/><F101/><W2/><G2/><T87/><D87/><U115/><E115/><V49/><F100/><W111/><G111/><T31/><D31/><U77/><E77/><V62/><F75/><W96/><G96/><T12/><D12/><U73/><E73/><V110/><F110/><RYUUKYOKU ba="0,1" sc="187,10,304,10,190,-30,309,10" hai0="51,57,59,60,65,76,79" hai1="40,42,66,69" hai3="1,5,6,9,11,14,17,18,38,41,45,54,61" /><INIT seed="3,1,1,4,0,10" ten="197,314,160,319" oya="3" hai0="58,135,119,5,106,51,117,4,66,36,95,86,68" hai1="108,114,21,93,118,48,17,2,120,130,69,27,57" hai2="50,0,115,88,133,97,22,31,53,131,42,41,54" hai3="92,39,122,11,128,30,99,71,94,67,72,1,65"/><W76/><G122/><T8/><D106/><U9/><E114/><V85/><F115/><W56/><G71/><T62/><D135/><U121/><E69/><V96/><F133/><W19/><G39/><T101/><D4/><U61/><E108/><V55/><F0/><W35/><G35/><T63/><D36/><U82/><E130/><V83/><F131/><W26/><G72/><T74/><D74/><U45/><E118/><V123/><F123/><W87/><G1/><T18/><D18/><U116/><E116/><V49/><F31/><W23/><G56/><T100/><D51/><N who="2" m="19466" /><F22/><N who="3" m="15703" /><G11/><T81/><D95/><N who="3" m="36393" /><G99/><T73/><D73/><U70/><E70/><V40/><AGARI ba="1,1" hai="40,41,42,53,54,55,83,85,88,96,97" m="19466" machi="40" ten="40,2700,0" yaku="8,1,54,1" doraHai="10" who="2" fromWho="2" sc="197,-8,314,-8,160,40,319,-14" owari="189,-31.1,306,40.6,200,-20.0,305,10.5" /></mjloggm>