<mjloggm ver="2.3"><GO type="225" lobby="0"/><UN n0="%E3%81%B7%E3%82%8A%E3%82%93%E8%81%96%E4%BA%BA" n1="%E3%83%AD%E3%83%83%E3%83%86%E9%9B%80%E7%90%83" n2="%E5%AE%AE%E4%BF%9D%E9%B6%8F%E8%82%89" n3="%E3%81%AF%E3%82%88%E3%81%8A%E3%81%98%E3%81%95%E3%82%93" dan="16,17,16,16" rate="2107.29,2269.57,2129.60,2205.36" sx="M,M,M,M"/><TAIKYOKU oya="0"/><INIT seed="0,0,0,2,4,42" ten="250,250,250,250" oya="0" hai0="46,118,65,9,48,107,133,94,6,92,105,41,0" hai1="63,44,79,29,67,106,69,43,111,127,59,112,60" hai2="19,37,70,35,116,25,110,99,34,2,17,109,68" hai3="49,113,88,30,102,114,76,14,53,72,12,89,62"/><T103/><D118/><U47/><E106/><V20/><F116/><W52/><G102/><T122/><D122/><U132/><E111/><N who="2" m="42507" /><F37/><W101/><G101/><T8/><D133/><U75/><E132/><V3/><F99/><W115/><G30/><T22/><D9/><U38/><E127/><V54/><F54/><W32/><G32/><N who="2" m="12329" /><F70/><W74/><G76/><T104/><D103/><U51/><E29/><N who="2" m="17575" /><F68/><W13/><G62/><T31/><REACH who="0" step="1"/><D65/><REACH who="0" ten="240,250,250,250" step="2"/><N who="1" m="41151" /><E75/><V11/><F11/><W120/><G120/><T64/><D64/><U39/><E79/><V40/><F40/><W33/><G74/><T100/><D100/><U119/><E119/><V125/><F125/><W124/><G72/><T71/><D71/><U18/><E18/><AGARI ba="0,1" hai="2,3,17,18,19" m="17575,12329,42507" machi="18" ten="30,3900,0" yaku="14,1,34,2" doraHai="42" who="2" fromWho="1" sc="240,0,250,-39,250,49,250,0" /><INIT seed="1,0,0,0,4,63" ten="240,211,299,250" oya="1" hai0="110,109,8,34,112,40,100,99,77,129,56,71,14" hai1="73,120,126,33,35,107,21,2,18,86,55,49,97" hai2="134,105,5,22,36,46,1,41,52,45,68,61,62" hai3="65,123,57,79,16,91,102,78,43,101,26,60,82"/><U38/><E38/><V75/><F105/><W111/><G123/><T24/><D71/><U23/><E73/><V4/><F75/><W116/><G111/><N who="0" m="42507" /><D77/><N who="3" m="29193" /><G116/><T20/><D34/><U76/><E2/><V130/><F130/><W95/><G43/><T108/><D40/><U58/><E120/><V9/><F134/><W28/><G28/><N who="0" m="17415" /><D129/><U59/><E126/><V96/><F96/><N who="3" m="57471" /><G82/><T74/><D74/><U42/><E42/><V25/><F5/><W83/><G83/><T118/><D118/><U115/><E115/><V98/><F98/><W93/><G93/><N who="0" m="58479" /><D56/><U7/><E59/><V81/><F81/><W6/><G6/><T44/><D44/><U12/><E7/><V3/><F68/><W88/><G88/><T135/><D112/><U132/><E132/><V53/><F1/><W90/><G90/><T19/><N who="0" m="42515" /><T48/><DORA hai="92" /><D48/><U54/><E76/><V80/><F80/><W30/><G30/><T66/><D66/><U50/><E86/><V29/><F46/><W121/><G121/><T85/><D85/><U11/><E35/><V0/><F0/><W67/><G65/><T13/><D13/><U119/><E33/><V69/><F69/><W70/><G70/><T32/><D32/><U122/><E119/><V125/><F125/><W113/><G113/><T89/><D89/><U94/><E122/><V117/><F117/><W104/><G104/><T27/><D135/><U127/><E107/><V124/><F124/><W31/><G31/><T103/><D103/><N who="1" m="60855" /><E127/><V64/><F64/><W37/><G37/><T131/><D131/><U51/><E51/><RYUUKYOKU ba="0,0" sc="240,0,211,0,299,0,250,0" hai0="8,14,19,27" hai1="11,12,18,21,23,49,50,54,55,58" hai2="3,4,9,22,25,29,36,41,45,52,53,61,62" hai3="16,26,57,60,67,101,102" /><INIT seed="1,1,0,0,0,68" ten="240,211,299,250" oya="1" hai0="95,30,118,41,114,64,85,135,124,112,66,55,101" hai1="0,100,122,120,31,54,110,22,16,33,128,97,132" hai2="131,17,107,4,26,5,53,23,106,51,127,79,15" hai3="50,88,129,98,117,134,47,63,103,49,84,71,72"/><U34/><E0/><V20/><F127/><W65/><G72/><T12/><D118/><U61/><E128/><V86/><F131/><W104/><G129/><T46/><D124/><U76/><E76/><V105/><F79/><W58/><G117/><T113/><D55/><U69/><E132/><V32/><F32/><W83/><G134/><T75/><D75/><U13/><E110/><V11/><F86/><W73/><G73/><T42/><D42/><U133/><E133/><V87/><F87/><W123/><G123/><T116/><D116/><U52/><E122/><V82/><F82/><W92/><G71/><T37/><D30/><U38/><E38/><V108/><F108/><W109/><G109/><T45/><D45/><U56/><E120/><V6/><REACH who="2" step="1"/><F26/><REACH who="2" ten="240,211,289,250" step="2"/><W21/><G83/><T126/><D135/><U78/><E78/><V48/><F48/><W3/><G50/><T102/><D126/><U60/><E31/><V115/><F115/><W96/><G84/><T29/><D29/><U90/><E90/><V77/><F77/><W121/><G121/><T89/><D112/><U24/><E24/><V18/><F18/><W93/><G88/><T28/><D28/><U7/><E7/><V1/><F1/><W125/><G3/><T111/><D111/><U14/><E14/><V74/><F74/><W99/><G125/><T59/><D12/><U2/><E2/><V81/><F81/><W39/><G49/><T10/><D113/><U9/><E34/><V67/><F67/><W27/><G27/><T62/><D66/><N who="1" m="41167" /><E33/><V70/><F70/><W57/><G65/><RYUUKYOKU ba="1,1" sc="240,-10,211,-10,289,30,250,-10" hai2="4,5,6,11,15,17,20,23,51,53,105,106,107" /><INIT seed="2,2,1,5,1,17" ten="230,201,319,240" oya="2" hai0="1,50,15,87,48,104,11,34,113,28,95,74,77" hai1="70,31,25,133,56,10,23,75,37,105,108,65,125" hai2="55,90,30,84,0,52,49,64,33,40,45,79,86" hai3="61,110,5,69,21,128,126,68,112,43,20,6,9"/><V4/><F64/><W97/><G43/><T73/><D1/><U76/><E108/><V111/><F111/><W72/><G72/><T88/><D104/><U103/><E125/><V32/><F79/><W85/><G110/><T101/><D101/><U120/><E133/><V38/><F55/><W107/><G126/><T12/><D12/><U16/><E120/><V53/><F53/><W102/><G128/><T54/><D50/><U132/><E37/><V42/><F42/><W122/><G122/><T78/><D74/><U71/><E132/><V51/><F38/><W59/><G112/><T26/><D73/><U116/><E116/><V118/><F118/><W121/><G121/><T47/><REACH who="0" step="1"/><D113/><REACH who="0" ten="220,201,319,240" step="2"/><U19/><E103/><V7/><F0/><W81/><G107/><T35/><D35/><U119/><E105/><V14/><F14/><W18/><G102/><T124/><D124/><U130/><E119/><V91/><F33/><W41/><G5/><AGARI ba="2,2" hai="5,11,15,26,28,34,47,48,54,77,78,87,88,95" machi="5" ten="30,7700,0" yaku="1,1,7,1,54,1,53,1" doraHai="17" doraHaiUra="2" who="0" fromWho="3" sc="220,103,201,0,319,0,240,-83" /><INIT seed="3,0,0,1,1,84" ten="323,201,319,157" oya="3" hai0="117,132,64,27,93,33,89,131,128,104,8,24,115" hai1="43,80,133,81,23,74,94,18,108,9,53,54,60" hai2="30,13,29,99,47,56,68,129,6,52,42,65,118" hai3="3,102,100,39,46,79,86,22,114,103,96,4,110"/><W70/><G114/><T0/><D104/><U38/><E108/><V113/><F113/><W48/><G70/><T41/><D117/><U32/><E133/><V34/><F118/><W2/><G39/><T14/><D0/><U101/><E32/><V7/><F34/><W111/><G96/><T97/><D132/><U28/><E74/><V105/><F68/><W85/><G22/><T62/><D41/><U5/><E28/><V69/><F69/><W40/><G86/><T55/><D115/><U71/><E43/><V126/><F65/><W122/><G122/><T121/><D121/><U67/><E38/><V57/><F57/><W83/><REACH who="3" step="1"/><G4/><REACH who="3" ten="323,201,319,147" step="2"/><N who="0" m="3335" /><D33/><U66/><E71/><V91/><F6/><W116/><G116/><T134/><D134/><U45/><E5/><V16/><F7/><W11/><G11/><T72/><D72/><U63/><E9/><V49/><F99/><W12/><G12/><T77/><D97/><U19/><E23/><V25/><F13/><W21/><G21/><T120/><D120/><U31/><E31/><V50/><F30/><W26/><G26/><T119/><D27/><U73/><E73/><V112/><F29/><W15/><G15/><T88/><D24/><U78/><E18/><V44/><F16/><W87/><G87/><T1/><D119/><U75/><E19/><V123/><F123/><W98/><G98/><T20/><D20/><U51/><E75/><V130/><F112/><W127/><G127/><T135/><D135/><U58/><E101/><V106/><F126/><W36/><G36/><T37/><D37/><U95/><E78/><RYUUKYOKU ba="0,1" sc="323,-10,201,-10,319,-10,147,30" hai3="2,3,40,46,48,79,83,85,100,102,103,110,111" /><INIT seed="3,1,1,0,5,3" ten="313,191,309,177" oya="3" hai0="93,104,89,74,54,1,125,96,123,80,28,103,47" hai1="116,20,48,106,60,119,78,40,56,88,126,84,4" hai2="64,36,49,111,59,24,65,18,34,32,110,31,69" hai3="63,71,79,22,51,117,53,6,107,0,13,12,132"/><W83/><G117/><N who="1" m="45130" /><E126/><V122/><F36/><W57/><G107/><T61/><D1/><U27/><E106/><V105/><F105/><W17/><G132/><T21/><D125/><U52/><E78/><V90/><F122/><W120/><G0/><T62/><D123/><U46/><E4/><V75/><F75/><W118/><G120/><T58/><D47/><U97/><E97/><V44/><F34/><W92/><G118/><T135/><D135/><U86/><E88/><V127/><F69/><W11/><G71/><T114/><D114/><U129/><E129/><V82/><F18/><AGARI ba="1,1" hai="18,20,27,40,46,48,52,56,60,84,86" m="45130" machi="18" ten="30,2000,0" yaku="12,1,54,1" doraHai="3" who="1" fromWho="2" sc="313,0,191,33,309,-23,177,0" owari="313,41.3,224,-17.6,286,8.6,177,-32.3" /></mjloggm>