<mjloggm ver="2.3"><GO type="225" lobby="0"/><UN n0="%E7%AC%B9%E9%A4%85" n1="%E3%81%AF%E3%82%88%E3%81%8A%E3%81%98%E3%81%95%E3%82%93" n2="%E6%A0%B9%E5%85%83%E3%81%8B%E3%82%89%E5%90%B9%E3%81%A3%E9%A3%9B%E3%81%B6" n3="%E3%81%8B%E3%82%8F%E3%81%A1%E3%82%83%E3%82%93%35%38" dan="16,17,17,16" rate="2177.44,2195.09,2207.67,2173.37" sx="M,M,F,M"/><TAIKYOKU oya="0"/><INIT seed="0,0,0,3,4,32" ten="250,250,250,250" oya="0" hai0="26,67,105,103,7,5,21,110,9,77,37,22,73" hai1="52,63,86,28,56,19,88,50,30,87,33,25,101" hai2="96,72,115,79,93,64,132,31,47,46,109,13,121" hai3="39,130,15,119,81,2,23,24,45,116,122,85,70"/><T95/><D105/><U4/><E101/><V78/><F121/><W127/><G70/><T16/><D37/><U38/><E38/><V35/><F115/><W29/><G2/><T108/><D67/><U107/><E107/><V27/><F109/><N who="0" m="42090" /><D22/><N who="1" m="13535" /><E4/><V129/><F129/><W1/><G1/><N who="0" m="175" /><D7/><U11/><E11/><V44/><F64/><W76/><G122/><T34/><D34/><U0/><E0/><V58/><F132/><W12/><G127/><T120/><D120/><U134/><E87/><V104/><F104/><W94/><G130/><T99/><D77/><U97/><E97/><V8/><F78/><W6/><G6/><T49/><D49/><U18/><E18/><V82/><F96/><W62/><G62/><T83/><D83/><N who="1" m="49247" /><E33/><V102/><F82/><W92/><G39/><T14/><D73/><U48/><E134/><V98/><F79/><W54/><G116/><T68/><D68/><U135/><E135/><V123/><F72/><W40/><G119/><T55/><D55/><N who="1" m="34207" /><E48/><V124/><F123/><W57/><G94/><T91/><D26/><U17/><E17/><V51/><F51/><N who="3" m="27047" /><G92/><T133/><D133/><U131/><E131/><V36/><F36/><W59/><G54/><T3/><D3/><U112/><E112/><V69/><F69/><W90/><G76/><T128/><D128/><U84/><E84/><V61/><F124/><W100/><G12/><T41/><D41/><U65/><E65/><N who="2" m="39095" /><F13/><W118/><G118/><T117/><D117/><U126/><E126/><V60/><F60/><W113/><G113/><T20/><D103/><U53/><E53/><RYUUKYOKU ba="0,0" sc="250,10,250,10,250,10,250,-30" hai0="14,16,20,21,91,95,99" hai1="28,30,50,52" hai2="8,27,31,35,44,46,47,93,98,102" /><INIT seed="0,1,0,4,1,119" ten="260,260,260,220" oya="0" hai0="107,12,32,39,38,79,84,33,9,123,109,65,67" hai1="94,132,108,105,52,86,36,34,90,104,30,53,126" hai2="56,129,81,20,127,44,58,59,133,14,31,6,27" hai3="103,13,135,128,112,98,17,116,0,55,97,64,15"/><T48/><D107/><U43/><E108/><V47/><F127/><W114/><G0/><T21/><D21/><U74/><E74/><V54/><F129/><W106/><G116/><T50/><D109/><U76/><E126/><V113/><F133/><W4/><G135/><T101/><D101/><U125/><E132/><V3/><F113/><W115/><G128/><T110/><D110/><U111/><E76/><V99/><F3/><W29/><G29/><T10/><D12/><U131/><E111/><V35/><F81/><W46/><G64/><T124/><D84/><U100/><E125/><V66/><F66/><W23/><G98/><T41/><D124/><U24/><E131/><V49/><F99/><W120/><G120/><T51/><D51/><U61/><E100/><V134/><F47/><W73/><G73/><T96/><D96/><U82/><E94/><V57/><F134/><W95/><G106/><T72/><D41/><U2/><E2/><V45/><F35/><W7/><REACH who="3" step="1"/><G15/><REACH who="3" ten="260,260,260,210" step="2"/><T70/><D72/><U102/><E104/><V121/><F121/><W83/><G83/><T87/><D87/><U8/><E105/><V130/><F130/><W80/><G80/><T78/><D70/><U85/><E86/><V60/><F60/><W92/><G92/><T37/><D37/><U62/><E61/><V22/><F22/><W122/><G122/><AGARI ba="1,1" hai="9,10,32,33,38,39,48,50,65,67,78,79,122,123" machi="122" ten="25,9600,0" yaku="22,2,52,2" doraHai="119" who="0" fromWho="3" sc="260,109,260,0,260,0,210,-99" /><INIT seed="0,2,0,4,3,133" ten="369,260,260,111" oya="0" hai0="116,128,130,103,84,126,77,115,21,16,92,75,82" hai1="54,60,95,53,44,80,15,102,34,51,10,86,20" hai2="33,78,52,89,59,66,7,64,48,127,14,67,87" hai3="119,122,132,134,45,42,18,41,79,85,94,28,68"/><T46/><D115/><U35/><E20/><V17/><F33/><W2/><G119/><T55/><D116/><U125/><E125/><V9/><F127/><W38/><G122/><T83/><D126/><U61/><E34/><V97/><F78/><W0/><G68/><T96/><D46/><U13/><E35/><V118/><F118/><W74/><G28/><T73/><D55/><U135/><E135/><N who="3" m="51754" /><G42/><T29/><D29/><U49/><E95/><V93/><F7/><W110/><G110/><T124/><D124/><U108/><E102/><V105/><F105/><W11/><G74/><T76/><D84/><U47/><E108/><V5/><REACH who="2" step="1"/><F5/><REACH who="2" ten="369,260,250,111" step="2"/><W56/><G79/><T6/><D6/><U27/><E27/><AGARI ba="2,1" hai="16,21,27,73,75,76,77,82,83,92,96,103,128,130" machi="27" ten="40,3900,0" yaku="9,1,54,1" doraHai="133" who="0" fromWho="1" sc="369,55,260,-45,250,0,111,0" /><INIT seed="0,3,0,1,3,98" ten="424,215,250,111" oya="0" hai0="117,81,26,68,12,100,90,119,37,28,64,9,51" hai1="63,94,126,42,7,58,99,36,114,103,35,56,89" hai2="46,41,127,3,121,65,111,110,67,16,107,108,69" hai3="97,4,129,128,82,19,54,10,23,53,109,40,105"/><T71/><D37/><U133/><E35/><V55/><F3/><W66/><G40/><T135/><D135/><U21/><E133/><V30/><F107/><W79/><G66/><T5/><D51/><U125/><E114/><V124/><F30/><W102/><G109/><T52/><D52/><U83/><E7/><V18/><F121/><W1/><G129/><T76/><D90/><U131/><E131/><V92/><F92/><W91/><G91/><T123/><D123/><U2/><E2/><V27/><F55/><W134/><G134/><T95/><D68/><U85/><E21/><N who="2" m="13735" /><F18/><W93/><G105/><T11/><D11/><U116/><E116/><V87/><F87/><W118/><G118/><T104/><D95/><U86/><E85/><V33/><F33/><W43/><G43/><T44/><D104/><U61/><E58/><V96/><F96/><W24/><REACH who="3" step="1"/><G128/><REACH who="3" ten="424,215,250,101" step="2"/><T45/><D117/><U77/><E89/><V72/><F67/><W115/><G115/><T48/><D64/><U88/><E88/><V57/><F65/><W112/><G112/><T59/><D119/><U113/><E113/><V38/><F110/><W31/><G31/><T25/><D28/><U47/><E42/><V73/><F111/><W13/><G13/><T32/><D12/><U39/><E36/><V84/><F108/><W70/><G70/><T60/><D71/><U130/><E39/><V101/><F69/><W14/><G14/><T20/><D26/><U132/><E130/><V49/><F38/><W50/><G50/><T6/><D48/><U74/><E132/><V17/><F41/><RYUUKYOKU ba="3,1" sc="424,-10,215,-10,250,-10,101,30" hai3="1,4,10,19,23,24,53,54,79,82,93,97,102" /><INIT seed="1,4,1,1,5,98" ten="414,205,240,131" oya="1" hai0="55,26,34,27,51,54,128,108,116,20,124,113,57" hai1="114,40,109,93,83,88,30,66,48,74,73,131,81" hai2="47,105,95,10,17,86,75,5,96,31,13,134,80" hai3="67,58,42,6,129,43,126,37,68,4,33,56,127"/><U111/><E66/><V102/><F134/><W120/><G120/><T79/><D113/><U21/><E114/><V25/><F47/><N who="3" m="24015" /><G33/><T94/><D116/><U107/><E107/><V1/><F75/><N who="1" m="28681" /><E30/><V106/><F5/><N who="3" m="2155" /><G43/><T122/><D34/><U50/><E21/><V23/><REACH who="2" step="1"/><F1/><REACH who="2" ten="414,205,230,131" step="2"/><W46/><G46/><T35/><D122/><U64/><E40/><V101/><F101/><W135/><G135/><T99/><D124/><N who="3" m="47657" /><G129/><T9/><D128/><U112/><E131/><V92/><F92/><W0/><G0/><T2/><D94/><U60/><E112/><V32/><F32/><W110/><G110/><N who="1" m="41994" /><E81/><V19/><F19/><W52/><G52/><T11/><D55/><U16/><E83/><V8/><F8/><W77/><G77/><AGARI ba="4,2" hai="10,13,17,23,25,31,77,80,86,95,96,102,105,106" machi="77" ten="30,7700,0" yaku="1,1,7,1,52,1,53,1" doraHai="98" doraHaiUra="91" who="2" fromWho="3" sc="414,0,205,0,230,109,131,-89" /><INIT seed="2,0,0,1,5,28" ten="414,205,339,42" oya="2" hai0="64,5,43,96,103,21,76,25,121,106,125,50,34" hai1="110,54,120,82,97,29,26,79,91,30,56,84,27" hai2="7,37,38,14,81,53,95,105,58,133,1,3,16" hai3="51,102,66,75,45,99,18,19,12,11,48,77,90"/><V2/><F105/><W35/><G66/><T6/><D121/><U85/><E110/><V24/><F133/><W109/><G109/><T135/><D135/><U4/><E120/><V36/><F24/><N who="1" m="9257" /><E97/><V88/><F81/><W40/><G75/><T15/><D64/><U113/><E4/><V20/><F7/><W130/><G130/><T108/><D50/><N who="1" m="30807" /><E113/><V59/><REACH who="2" step="1"/><F53/><REACH who="2" ten="414,205,329,42" step="2"/><W92/><G77/><T73/><D106/><U22/><E79/><V63/><F63/><W8/><G35/><T17/><D76/><U71/><E82/><V86/><AGARI ba="0,1" hai="1,2,3,14,16,20,36,37,38,58,59,86,88,95" machi="86" ten="40,12000,1" yaku="1,1,0,1,54,2,53,0" doraHai="28" doraHaiUra="94" who="2" fromWho="2" sc="414,-40,205,-40,329,130,42,-40" /><INIT seed="2,1,0,4,5,6" ten="374,165,459,2" oya="2" hai0="82,81,65,71,117,103,1,121,104,126,80,22,100" hai1="89,98,87,132,49,131,18,62,120,106,93,3,23" hai2="99,134,56,52,41,28,130,36,69,75,50,110,84" hai3="38,13,113,45,57,58,29,109,86,24,108,124,9"/><V79/><F75/><W26/><G86/><T101/><D1/><U53/><E3/><V122/><F122/><W91/><G91/><T8/><D121/><U97/><E120/><V125/><F125/><W2/><G2/><T55/><D126/><U105/><E131/><V42/><F134/><W129/><G124/><T90/><D117/><U32/><E32/><V114/><F114/><W46/><G129/><T7/><D104/><U74/><E74/><V30/><F69/><W72/><G72/><T63/><D22/><U88/><E132/><V123/><F110/><N who="3" m="42603" /><G113/><T0/><REACH who="0" step="1"/><D55/><REACH who="0" ten="364,165,459,2" step="2"/><U70/><E53/><N who="2" m="31799" /><F123/><W64/><G26/><T31/><D31/><U128/><E128/><V20/><F20/><N who="3" m="15495" /><G64/><T133/><D133/><U47/><E23/><V115/><F28/><W25/><G25/><T77/><D77/><U27/><E27/><V15/><F30/><W43/><G46/><T116/><D116/><U107/><E47/><V67/><F79/><W44/><G44/><T39/><D39/><U95/><E106/><V54/><F36/><W40/><G40/><T17/><D17/><AGARI ba="1,1" hai="9,13,17,38,43,45,57,58" m="15495,42603" machi="17" ten="30,2000,0" yaku="14,1,52,1" doraHai="6" who="3" fromWho="0" sc="364,-23,165,0,459,0,2,33" /><INIT seed="3,0,0,0,2,46" ten="341,165,459,35" oya="3" hai0="85,79,34,100,10,41,43,91,76,14,3,27,133" hai1="61,30,118,70,63,93,125,94,11,120,97,24,37" hai2="101,134,22,25,18,53,33,64,12,57,51,66,119" hai3="19,106,99,110,102,81,50,39,8,68,114,126,52"/><W135/><G114/><T1/><D133/><U103/><E37/><V59/><F119/><W105/><G39/><T13/><D100/><U121/><E125/><V0/><F0/><W60/><G126/><T95/><D3/><U129/><E129/><V90/><F101/><W109/><G135/><T38/><D1/><U48/><E118/><V9/><F33/><W115/><G115/><T58/><D38/><U78/><E78/><N who="0" m="29737" /><D34/><U75/><E75/><V73/><F73/><W116/><G81/><T16/><D27/><U54/><E11/><V130/><F130/><W96/><G116/><T67/><D14/><U131/><E131/><V49/><F90/><W65/><G99/><T35/><D35/><U4/><E4/><N who="2" m="3111" /><F134/><W132/><G132/><T72/><D72/><U128/><E70/><V20/><F20/><W111/><G19/><T80/><D95/><U88/><E128/><V62/><F66/><W6/><G8/><T71/><D71/><U77/><E77/><V98/><F98/><W127/><G6/><T74/><D74/><U113/><E113/><V123/><F123/><W2/><G2/><T31/><D31/><U56/><E121/><V55/><F64/><W40/><G127/><T5/><D5/><U83/><E83/><V87/><F87/><W26/><G26/><T47/><D10/><U23/><E120/><V112/><F112/><W122/><G122/><T89/><D80/><U44/><E56/><V7/><F7/><W42/><G105/><T36/><D16/><U107/><E107/><V92/><F92/><W28/><G28/><T29/><D29/><RYUUKYOKU ba="0,0" sc="341,-30,165,10,459,10,35,10" hai1="23,24,30,44,48,54,61,63,88,93,94,97,103" hai2="18,22,25,49,51,53,55,57,59,62" hai3="40,42,50,52,60,65,68,96,102,106,109,110,111" /><INIT seed="3,1,0,5,5,128" ten="311,175,469,45" oya="3" hai0="106,56,126,13,118,17,34,43,93,97,113,47,78" hai1="19,54,127,131,130,48,37,38,92,6,73,132,79" hai2="115,88,99,119,65,129,9,85,3,31,105,123,50" hai3="84,58,95,91,74,41,133,20,28,77,46,80,117"/><W62/><G117/><T1/><D118/><U98/><E132/><V39/><F39/><W32/><G32/><T86/><D1/><U114/><E114/><V42/><F31/><W12/><G133/><T107/><D34/><U68/><E68/><V49/><F115/><W120/><G120/><T108/><D113/><U55/><E127/><V18/><F65/><W110/><G110/><T66/><D126/><U14/><E6/><V134/><F42/><W0/><G0/><T33/><D33/><U112/><E112/><V101/><F129/><N who="1" m="49161" /><E79/><V44/><F44/><W69/><G69/><T21/><D56/><N who="1" m="32839" /><E55/><V16/><F9/><W59/><G62/><T22/><D22/><N who="1" m="11639" /><E73/><V121/><F99/><W102/><G102/><AGARI ba="1,0" hai="37,38,92,98,102" m="11639,32839,49161" machi="102" ten="30,1000,0" yaku="19,1" doraHai="128" who="1" fromWho="3" sc="311,0,175,13,469,0,45,-13" owari="311,11.1,188,-21.2,469,56.9,32,-46.8" /></mjloggm>