<mjloggm ver="2.3"><GO type="225" lobby="0"/><UN n0="%E9%80%9F%E6%B0%B4%E5%87%9B%E9%A6%99" n1="%E6%80%AA%E3%81%97%E3%81%99%E3%81%8E%E3%82%8B%E3%83%81%E3%83%BC" n2="%E6%A1%9C%E8%8A%B1%E9%96%83%E3%80%85" n3="%6D%75%75%6D%75%72%61" dan="16,16,17,17" rate="2163.56,2098.19,2185.63,2180.22" sx="F,M,M,F"/><TAIKYOKU oya="0"/><INIT seed="0,0,0,5,4,96" ten="250,250,250,250" oya="0" hai0="81,22,64,60,3,0,70,24,58,57,50,101,71" hai1="72,21,20,91,32,40,52,79,133,10,102,44,33" hai2="92,9,41,11,132,51,4,85,48,39,26,17,63" hai3="31,38,114,123,90,56,83,107,27,112,116,99,88"/><T106/><D81/><U78/><E133/><V122/><F122/><W18/><G116/><T108/><D108/><U76/><E72/><V59/><F39/><W36/><G123/><T23/><D23/><U93/><E10/><V12/><F132/><W125/><G125/><T127/><D127/><U69/><E69/><V75/><F75/><W98/><G18/><T109/><D109/><U84/><E102/><V2/><F41/><W124/><G124/><T128/><D128/><U118/><E118/><V5/><F26/><W25/><G56/><T54/><D71/><U7/><E7/><V74/><F74/><W68/><G68/><T35/><D57/><U73/><E73/><V19/><F19/><W37/><G37/><T117/><D117/><U28/><E52/><V62/><F17/><W15/><G83/><T65/><D22/><U121/><E121/><V86/><F92/><W77/><G15/><T61/><D61/><U111/><E111/><V87/><REACH who="2" step="1"/><F63/><REACH who="2" ten="250,250,240,250" step="2"/><W46/><G107/><T49/><D49/><U120/><E120/><V53/><AGARI ba="0,1" hai="2,4,5,9,11,12,48,51,53,59,62,85,86,87" machi="53" ten="30,4000,0" yaku="1,1,2,1,0,1,53,0" doraHai="96" doraHaiUra="30" who="2" fromWho="2" sc="250,-20,250,-10,240,50,250,-10" /><INIT seed="1,0,0,2,5,15" ten="230,240,290,240" oya="1" hai0="81,33,123,39,124,101,76,3,74,25,75,69,41" hai1="89,36,58,56,18,70,5,11,99,8,37,43,20" hai2="7,127,26,86,135,122,12,73,34,54,46,129,64" hai3="71,97,91,120,9,22,107,83,13,114,119,98,40"/><U111/><E70/><V113/><F73/><W19/><G120/><T117/><D117/><U88/><E111/><V90/><F122/><W80/><G114/><T100/><D123/><U48/><E36/><V42/><F64/><W102/><G119/><T77/><D69/><U118/><E37/><V115/><F54/><W68/><G40/><T109/><D3/><U32/><E32/><V60/><F60/><W50/><G50/><T35/><D109/><U4/><E118/><V23/><F34/><W38/><G38/><T59/><D124/><U131/><E131/><V61/><F61/><W84/><G83/><T27/><D59/><N who="1" m="22571" /><E99/><V112/><F135/><W128/><G128/><T44/><D39/><U79/><E79/><V1/><F1/><W10/><G10/><N who="1" m="3626" /><E48/><N who="2" m="26711" /><F127/><W29/><REACH who="3" step="1"/><G97/><REACH who="3" ten="230,240,290,230" step="2"/><T105/><D41/><U126/><E43/><V110/><F129/><W121/><G121/><T66/><D44/><U94/><E126/><V16/><F110/><W104/><G104/><T65/><D81/><U103/><E94/><N who="2" m="54615" /><F7/><N who="1" m="2633" /><E103/><V78/><F78/><W134/><G134/><T125/><D125/><U67/><E67/><V47/><F47/><W14/><G14/><AGARI ba="0,1" hai="14,18,20,88,89" m="2633,3626,22571" machi="14" ten="30,5800,0" yaku="8,1,52,1,54,1" doraHai="15" who="1" fromWho="3" sc="230,0,240,68,290,0,230,-58" /><AGARI ba="0,0" hai="12,14,16,23,26,112,113,115" m="54615,26711" machi="14" ten="30,3900,0" yaku="11,1,52,1,54,1" doraHai="15" who="2" fromWho="3" sc="230,0,308,0,290,39,172,-39" /><INIT seed="1,1,0,1,3,27" ten="230,308,329,133" oya="1" hai0="39,130,38,80,57,19,31,10,24,18,64,112,9" hai1="53,0,120,12,55,29,42,70,117,96,54,35,58" hai2="11,114,17,78,44,23,4,127,126,69,83,109,82" hai3="63,89,5,85,84,13,33,90,21,122,68,92,76"/><U87/><E0/><V28/><F69/><W132/><G122/><T61/><D112/><U15/><E70/><V94/><F114/><W49/><G33/><T47/><D130/><U95/><E117/><V71/><F71/><W62/><G132/><T75/><D75/><U135/><E42/><V1/><F109/><W93/><G76/><T67/><D80/><U98/><E120/><V56/><F56/><W105/><G105/><T79/><D79/><U99/><E135/><V91/><F44/><W106/><G106/><T128/><D128/><U41/><E41/><V113/><F28/><W50/><G62/><T111/><D111/><U115/><E58/><V16/><F113/><W3/><G3/><T43/><D38/><U40/><E40/><V81/><F78/><W37/><G37/><T73/><D73/><U125/><E125/><N who="2" m="47627" /><F23/><W20/><G20/><T124/><D64/><U118/><E118/><V30/><F30/><W6/><G6/><T22/><REACH who="0" step="1"/><D124/><REACH who="0" ten="220,308,329,133" step="2"/><U104/><E115/><V60/><F60/><W110/><G110/><T8/><AGARI ba="1,1" hai="8,9,10,18,19,22,24,31,39,43,47,57,61,67" machi="8" ten="30,7900,0" yaku="1,1,2,1,0,1,52,1,53,0" doraHai="27" doraHaiUra="77" who="0" fromWho="0" sc="220,92,308,-40,329,-21,133,-21" /><INIT seed="2,0,0,4,2,119" ten="312,268,308,112" oya="2" hai0="98,41,25,77,52,71,12,127,96,68,115,55,65" hai1="62,126,4,107,132,45,15,114,78,10,31,44,40" hai2="88,76,1,74,67,63,37,105,108,43,75,47,95" hai3="26,23,84,2,21,129,90,120,18,79,93,58,123"/><V104/><F1/><W5/><G129/><T33/><D115/><U92/><E114/><V82/><F108/><W130/><G130/><T99/><D41/><U81/><E107/><V36/><F75/><W128/><G128/><T38/><D38/><U22/><E126/><V28/><F28/><W87/><G2/><T39/><D39/><U121/><E132/><V13/><F13/><W56/><G5/><T9/><D77/><U102/><E62/><V117/><F36/><W112/><G112/><T106/><D106/><U46/><E121/><V29/><F29/><W59/><REACH who="3" step="1"/><G21/><REACH who="3" ten="312,268,308,102" step="2"/><T133/><D133/><U34/><E22/><V54/><F117/><W64/><G64/><T70/><D65/><U116/><E4/><V42/><F42/><W100/><G100/><T91/><D127/><U101/><E102/><V53/><F53/><W122/><G122/><T109/><D109/><U19/><E101/><V60/><F54/><W16/><G16/><T111/><D111/><U94/><E40/><V6/><F6/><W110/><G110/><T57/><D55/><U32/><E116/><V89/><F67/><W103/><G103/><T131/><D131/><U35/><REACH who="1" step="1"/><E31/><REACH who="1" ten="312,258,308,102" step="2"/><V48/><F37/><W51/><G51/><T83/><D52/><U24/><E24/><V49/><F49/><W11/><G11/><T30/><D9/><U86/><AGARI ba="0,2" hai="10,15,19,32,34,35,44,45,46,78,81,86,92,94" machi="86" ten="40,5200,0" yaku="1,1,0,1,53,1" doraHai="119" doraHaiUra="8" who="1" fromWho="1" sc="312,-13,258,72,308,-26,102,-13" /><INIT seed="3,0,0,0,4,50" ten="299,330,282,89" oya="3" hai0="93,89,110,117,79,36,2,33,128,106,37,52,103" hai1="69,122,98,12,19,14,21,99,85,29,92,107,24" hai2="56,123,40,100,57,104,95,51,80,31,121,111,94" hai3="45,112,41,22,27,86,88,74,120,101,116,17,1"/><W9/><G112/><T72/><D2/><U43/><E69/><V91/><F104/><W62/><G116/><T97/><D33/><U81/><E107/><V59/><F31/><W118/><G120/><N who="2" m="46153" /><F111/><W87/><G118/><T11/><D11/><U23/><E122/><V68/><F68/><W0/><G74/><T28/><D28/><U5/><E43/><V77/><F100/><W109/><G101/><T25/><D25/><N who="1" m="16559" /><E5/><V10/><F10/><W82/><G109/><T4/><D4/><U42/><E42/><V54/><F40/><W20/><G9/><T7/><D7/><U18/><E18/><V132/><F132/><W135/><G135/><T61/><D128/><U46/><E46/><N who="2" m="28023" /><F91/><W75/><G75/><AGARI ba="0,0" hai="56,57,59,75,77,80,94,95" m="28023,46153" machi="75" ten="30,2000,0" yaku="13,1,52,1" doraHai="50" who="2" fromWho="3" sc="299,0,330,0,282,20,89,-20" owari="299,-10.1,330,43.0,302,10.2,69,-43.1" /></mjloggm>