<mjloggm ver="2.3"><GO type="225" lobby="0"/><UN n0="%E4%BF%BA%E3%81%A8%E5%A6%96%E5%A4%A2" n1="%E3%80%90%E3%83%88%E3%83%AA%E3%83%A5%E3%83%95%E3%80%91" n2="%48%49%52%4F%4B%49%4E%47" n3="%E3%81%A4%E3%81%A3%E3%81%B1%E3%82%8A%E3%83%9D%E3%83%BC%E3%83%AB" dan="16,16,16,17" rate="2109.21,2057.03,2064.65,2150.96" sx="F,M,M,M"/><TAIKYOKU oya="0"/><INIT seed="0,0,0,3,2,133" ten="250,250,250,250" oya="0" hai0="90,69,17,3,125,135,7,65,11,8,113,85,75" hai1="70,118,77,128,112,49,12,103,116,114,119,5,50" hai2="130,129,33,126,26,107,37,29,86,51,60,35,2" hai3="56,96,124,10,34,53,100,13,78,134,106,31,99"/><T89/><D113/><N who="1" m="43627" /><E77/><V0/><F37/><W98/><G134/><T88/><D135/><U22/><E103/><V14/><F107/><W54/><G78/><T58/><D75/><U42/><E5/><V52/><F35/><W83/><G83/><T94/><D69/><U55/><E12/><V59/><F126/><W79/><G54/><T131/><D125/><U21/><E128/><N who="2" m="49259" /><F14/><W74/><G124/><T45/><D131/><U40/><E70/><V24/><F24/><W81/><G31/><T123/><D123/><U120/><E120/><V36/><F36/><W1/><G1/><N who="2" m="617" /><F86/><W72/><G34/><T115/><D115/><U97/><E97/><V132/><F132/><W43/><G43/><N who="1" m="16426" /><E55/><V6/><F6/><W109/><G74/><T80/><D11/><U76/><E76/><V63/><AGARI ba="0,0" hai="26,29,33,51,52,59,60,63" m="617,49259" machi="63" ten="40,2700,0" yaku="19,1,54,1" doraHai="133" who="2" fromWho="2" sc="250,-13,250,-7,250,27,250,-7" /><INIT seed="1,0,0,4,4,128" ten="237,243,277,243" oya="1" hai0="75,7,19,91,13,78,120,117,85,5,32,105,66" hai1="69,8,132,38,115,60,116,40,107,46,109,12,28" hai2="94,100,11,41,50,108,2,61,113,112,72,80,64" hai3="130,36,22,24,76,84,135,51,27,0,6,89,63"/><U126/><E107/><V1/><F108/><W97/><G36/><T124/><D117/><U93/><E116/><V52/><F41/><W23/><G130/><T15/><D105/><U47/><E115/><N who="2" m="44107" /><F100/><W39/><G39/><T81/><D32/><U119/><E119/><V44/><F94/><N who="3" m="56527" /><G0/><T121/><D124/><U90/><E28/><V123/><F11/><W103/><G6/><T98/><D98/><U48/><E126/><V86/><F72/><W53/><G63/><T9/><D66/><U118/><E118/><V55/><F55/><W31/><G103/><T110/><D110/><U29/><E29/><V134/><F134/><W70/><G70/><T111/><D111/><U58/><E109/><V82/><F82/><N who="3" m="47175" /><G135/><T99/><D99/><U125/><E69/><N who="2" m="42127" /><F123/><N who="0" m="47178" /><D15/><U96/><E132/><V56/><F56/><N who="3" m="32831" /><G31/><T133/><D133/><U20/><E125/><V131/><F131/><W87/><G87/><T18/><D5/><N who="1" m="3087" /><E38/><V49/><F49/><W95/><G95/><AGARI ba="0,0" hai="7,9,13,18,19,75,78,81,85,91,95" m="47178" machi="95" ten="30,1000,0" yaku="13,1" doraHai="128" who="0" fromWho="3" sc="237,10,243,0,277,0,243,-10" /><INIT seed="2,0,0,2,5,91" ten="247,243,277,233" oya="2" hai0="29,124,39,43,42,82,2,6,103,12,37,50,74" hai1="93,46,48,111,13,17,125,49,102,59,112,75,51" hai2="76,64,67,11,118,96,65,71,25,123,32,83,101" hai3="131,30,81,45,47,110,60,106,52,0,66,120,22"/><V15/><F118/><W58/><G120/><T38/><D124/><U69/><E125/><V99/><F123/><W3/><G106/><T7/><D2/><U9/><E69/><V41/><F41/><W73/><G131/><T132/><D132/><U44/><E75/><V113/><F113/><W19/><G30/><T40/><D29/><U8/><E112/><V126/><F126/><W62/><G110/><T134/><D134/><U115/><E111/><V78/><F96/><W56/><G3/><T121/><D121/><U72/><E72/><V63/><F25/><W26/><REACH who="3" step="1"/><G0/><REACH who="3" ten="247,243,277,223" step="2"/><T33/><D39/><U1/><E115/><V88/><F32/><W35/><G35/><T130/><D33/><U107/><E107/><V57/><F71/><W116/><G116/><T135/><D130/><U90/><E102/><V31/><F31/><W84/><G84/><T104/><D135/><U53/><E1/><V122/><F122/><W55/><G55/><T119/><D119/><U129/><E129/><V109/><F109/><W97/><G97/><N who="0" m="61551" /><D38/><U24/><E24/><V133/><F133/><W61/><G61/><T27/><D27/><U105/><E105/><V86/><F99/><W54/><G54/><T85/><D37/><U92/><E90/><V108/><F101/><W28/><G28/><T16/><D74/><U127/><E127/><V34/><F34/><W14/><G14/><T21/><D50/><N who="1" m="19563" /><E8/><V70/><F108/><W80/><G80/><T20/><D20/><U5/><E5/><N who="2" m="3567" /><F70/><W117/><G117/><T18/><D18/><U128/><E128/><V79/><AGARI ba="0,1" hai="57,63,64,65,67,76,78,79,83,86,88" m="3567" machi="79" ten="30,6000,0" yaku="5,1,8,1,54,1" doraHai="91" who="2" fromWho="2" sc="247,-20,243,-20,277,70,223,-20" /><INIT seed="2,1,0,2,5,1" ten="227,223,347,203" oya="2" hai0="124,16,87,45,24,11,110,44,131,66,7,43,126" hai1="122,41,12,86,2,67,20,48,55,129,36,51,10" hai2="108,25,33,18,19,115,133,96,83,119,114,56,62" hai3="104,112,39,30,40,92,77,93,50,94,47,38,125"/><V0/><F119/><W78/><G125/><N who="0" m="48235" /><D110/><U71/><E129/><V26/><F108/><W85/><G112/><T5/><D131/><U74/><E74/><V123/><F123/><W61/><G104/><T118/><D118/><U89/><E122/><V63/><F0/><W130/><G130/><T52/><D66/><U120/><E36/><V117/><F117/><W72/><G72/><T68/><D68/><U6/><E120/><V23/><F83/><W127/><G127/><T70/><D70/><U29/><E71/><V103/><F133/><W88/><G30/><T49/><D87/><U8/><E67/><V21/><F62/><W32/><G32/><T15/><D24/><N who="1" m="16519" /><E2/><V58/><F56/><W73/><G73/><T99/><D99/><U95/><E10/><V106/><F33/><W3/><G3/><T116/><D116/><U100/><E100/><V31/><REACH who="2" step="1"/><F31/><REACH who="2" ten="227,223,337,203" step="2"/><W121/><G121/><T13/><D13/><U107/><E48/><AGARI ba="1,1" hai="5,7,11,15,16,43,44,45,48,49,52" m="48235" machi="48" ten="30,8000,1" yaku="18,1,52,2,54,2" doraHai="1" who="0" fromWho="1" sc="227,93,223,-83,337,0,203,0" /><INIT seed="3,0,0,2,3,55" ten="320,140,337,203" oya="3" hai0="96,81,8,5,84,127,51,97,70,74,119,32,69" hai1="58,132,75,23,28,41,46,22,110,124,114,67,78" hai2="125,38,109,13,108,50,21,106,122,66,29,12,76" hai3="19,48,14,54,4,113,39,11,45,17,107,47,118"/><W49/><G113/><T95/><D119/><U123/><E114/><V35/><F38/><W79/><G118/><T104/><D74/><U33/><E123/><V9/><F106/><W68/><G68/><T71/><D32/><U37/><E132/><V77/><F35/><W59/><G107/><T130/><D104/><U27/><E110/><N who="2" m="42603" /><F122/><W1/><G1/><T16/><D130/><U105/><E105/><V99/><F99/><W40/><REACH who="3" step="1"/><G79/><REACH who="3" ten="320,140,337,193" step="2"/><T44/><D71/><U88/><E124/><V57/><F76/><W133/><G133/><T128/><D69/><U73/><E78/><V20/><F77/><W115/><G115/><T89/><D70/><U83/><E73/><V26/><F125/><W18/><G18/><T93/><D127/><U98/><E75/><V31/><F31/><W25/><G25/><T101/><D16/><U30/><E30/><V129/><F26/><W100/><G100/><T53/><D128/><U6/><E6/><V15/><F29/><W112/><G112/><T65/><D101/><U94/><REACH who="1" step="1"/><E83/><REACH who="1" ten="320,130,337,193" step="2"/><V126/><F126/><W111/><G111/><T43/><D81/><U116/><E116/><V34/><F129/><W135/><G135/><T36/><D5/><U82/><E82/><V2/><F2/><W63/><G63/><AGARI ba="0,2" hai="22,23,27,28,33,37,41,46,58,63,67,88,94,98" machi="63" ten="40,8000,1" yaku="1,1,52,1,54,1,53,1" doraHai="55" doraHaiUra="60" who="1" fromWho="3" sc="320,0,130,100,337,0,193,-80" owari="320,12.0,230,-17.0,337,43.7,113,-38.7" /></mjloggm>