<mjloggm ver="2.3"><GO type="225" lobby="0"/><UN n0="%E3%81%8F%E3%81%BE%E3%81%96%E3%82%8F" n1="%E9%80%9F%E6%B0%B4%E5%87%9B%E9%A6%99" n2="%E6%98%93%E5%88%A9%E8%96%A9%E4%BC%AF" n3="%E3%83%B4%E3%83%A0%EF%BC%99%E3%81%A6" dan="16,16,16,17" rate="2049.52,2159.00,2124.05,2202.94" sx="M,F,F,M"/><TAIKYOKU oya="0"/><INIT seed="0,0,0,0,2,100" ten="250,250,250,250" oya="0" hai0="14,125,53,133,86,115,96,95,105,114,60,134,51" hai1="101,17,81,16,58,102,39,56,111,22,20,76,90" hai2="116,42,124,38,73,27,117,104,28,3,84,77,75" hai3="130,128,71,52,2,109,62,30,49,83,68,72,21"/><T97/><D125/><U94/><E39/><V123/><F123/><W135/><G2/><T129/><D60/><U127/><E111/><V65/><F124/><W46/><G109/><T10/><D129/><N who="3" m="49769" /><G135/><N who="0" m="51723" /><D86/><N who="1" m="48423" /><E127/><V66/><F3/><W35/><G35/><T29/><D29/><U36/><E36/><V108/><F84/><W69/><G30/><T43/><D43/><U37/><E37/><V15/><F15/><W18/><G72/><T44/><D105/><U79/><E79/><V70/><F65/><N who="3" m="41015" /><G83/><T1/><D1/><U92/><E92/><V89/><F89/><W32/><G32/><T55/><D96/><N who="1" m="57431" /><E102/><V26/><F75/><W7/><G7/><N who="0" m="3423" /><D115/><U112/><E112/><V12/><F73/><W57/><G69/><T122/><D122/><U45/><E101/><V48/><F70/><W88/><G71/><T78/><D78/><U31/><E45/><V80/><F77/><W9/><G88/><T91/><D114/><U67/><E67/><V50/><F66/><W11/><G46/><T47/><D44/><U126/><E31/><V63/><F28/><W4/><G4/><T74/><D74/><U61/><E126/><V132/><F80/><W13/><AGARI ba="0,0" hai="9,11,13,18,21,49,52,57" m="41015,49769" machi="13" ten="30,2000,0" yaku="19,1,54,1" doraHai="100" who="3" fromWho="3" sc="250,-10,250,-5,250,-5,250,20" /><INIT seed="1,0,0,2,5,84" ten="240,245,245,270" oya="1" hai0="19,69,27,5,78,130,54,107,90,96,62,9,8" hai1="92,15,65,91,55,41,29,134,53,24,121,11,83" hai2="23,72,68,47,128,43,56,38,74,89,21,70,10" hai3="95,31,123,98,75,104,35,122,45,60,0,85,117"/><U125/><E121/><V118/><F118/><W16/><G0/><T99/><D130/><U106/><E106/><V46/><F128/><W113/><G113/><T67/><D78/><U105/><E105/><V61/><F10/><W39/><G75/><T3/><D9/><U49/><E65/><V81/><F47/><W48/><G39/><T102/><D54/><U82/><E41/><V94/><F70/><W76/><G35/><T34/><D19/><U111/><E134/><V30/><F68/><W133/><G31/><N who="0" m="19839" /><D96/><U79/><E125/><V1/><F1/><W59/><G104/><T44/><D44/><U86/><E111/><V119/><F81/><W66/><G133/><T20/><D20/><N who="1" m="15495" /><E79/><V116/><F116/><W129/><G129/><T115/><D90/><N who="1" m="51543" /><E49/><V127/><F127/><W52/><G117/><T17/><D17/><N who="1" m="8447" /><E83/><V101/><F119/><W57/><G76/><T2/><D2/><U77/><E77/><V97/><F74/><W4/><G123/><T37/><D37/><U64/><E64/><V13/><F72/><W103/><G122/><T26/><D26/><U63/><E63/><V58/><F61/><W32/><G32/><T132/><D132/><U110/><E110/><V88/><F30/><W131/><G131/><T18/><D18/><U120/><E120/><V135/><F135/><W36/><G16/><T126/><D126/><U51/><E51/><V22/><REACH who="2" step="1"/><F13/><REACH who="2" ten="240,245,235,270" step="2"/><W28/><G28/><T33/><D115/><U100/><E100/><V87/><F87/><AGARI ba="0,1" hai="53,55,87,91,92" m="8447,51543,15495" machi="87" ten="30,5800,0" yaku="8,1,52,2" doraHai="84" who="1" fromWho="2" sc="240,0,245,68,235,-58,270,0" /><INIT seed="1,1,0,5,2,39" ten="240,313,177,270" oya="1" hai0="75,127,33,84,81,24,12,17,72,15,51,123,94" hai1="20,52,85,35,45,125,135,101,40,108,82,128,36" hai2="65,100,88,30,29,2,71,21,126,79,115,117,42" hai3="53,92,111,50,27,104,74,0,32,76,55,97,78"/><U89/><E35/><V69/><F117/><W10/><G104/><T56/><D127/><U112/><E112/><V130/><F2/><W116/><G111/><T98/><D123/><U109/><E125/><V19/><F126/><W73/><G73/><T107/><D107/><U18/><E101/><V87/><F100/><W48/><G116/><T110/><D110/><N who="1" m="42603" /><E135/><V25/><F79/><W47/><G74/><T43/><D33/><U4/><E4/><V91/><F130/><W38/><G38/><T86/><D24/><N who="1" m="14359" /><E52/><V70/><F65/><W122/><G122/><T3/><D3/><U102/><E102/><V49/><F115/><W41/><G53/><T64/><D64/><U26/><E26/><V93/><REACH who="2" step="1"/><F91/><REACH who="2" ten="240,313,167,270" step="2"/><W95/><G0/><T63/><D75/><U5/><E128/><V58/><F58/><W120/><G120/><T22/><D56/><U14/><E5/><V46/><AGARI ba="1,1" hai="19,21,25,29,30,42,46,49,69,70,71,87,88,93" machi="46" ten="40,8000,1" yaku="1,1,0,1,52,1,54,1,53,0" doraHai="39" doraHaiUra="119" who="2" fromWho="2" sc="240,-21,313,-41,167,93,270,-21" /><INIT seed="2,0,0,2,4,28" ten="219,272,260,249" oya="2" hai0="134,78,91,62,9,31,48,61,103,86,13,105,107" hai1="51,83,88,99,37,130,85,47,128,73,81,66,56" hai2="54,19,27,115,60,52,76,14,57,12,21,22,6" hai3="70,50,23,92,133,36,20,129,17,3,8,100,59"/><V71/><F115/><W118/><G118/><T113/><D113/><U126/><E37/><V4/><F71/><W53/><G70/><T2/><D2/><U41/><E99/><V101/><F101/><W121/><G121/><T114/><D114/><U135/><E135/><V1/><F1/><W127/><G36/><T98/><D78/><U55/><E66/><V40/><F40/><W96/><G129/><N who="1" m="49770" /><E126/><V131/><F131/><W26/><G133/><T108/><D108/><U124/><E124/><V68/><F68/><W0/><G127/><T64/><D31/><U16/><E16/><N who="2" m="12711" /><F76/><W25/><G8/><T82/><D48/><N who="1" m="30823" /><E73/><V10/><F54/><W38/><G38/><T93/><D134/><U80/><AGARI ba="0,0" hai="41,47,51,80,81,83,85,88" m="30823,49770" machi="80" ten="30,2000,0" yaku="19,1,54,1" doraHai="28" who="1" fromWho="1" sc="219,-5,272,20,260,-10,249,-5" /><INIT seed="3,0,0,0,3,101" ten="214,292,250,244" oya="3" hai0="83,35,54,135,103,29,133,38,48,123,12,42,68" hai1="8,64,45,2,87,94,105,79,34,16,18,108,126" hai2="43,111,72,125,5,57,115,0,110,112,81,78,46" hai3="59,117,58,24,77,118,51,80,39,97,128,60,104"/><W36/><G128/><T55/><D123/><U49/><E105/><V92/><F57/><W7/><G7/><T65/><D103/><U86/><E34/><V85/><F5/><W9/><G9/><T75/><D29/><U129/><E108/><N who="2" m="41515" /><F0/><W32/><G51/><T122/><D35/><U119/><E126/><V84/><F125/><W116/><G58/><T62/><D122/><U82/><E119/><V33/><F33/><W4/><G4/><T70/><D12/><U88/><E129/><V37/><F92/><W89/><G59/><N who="0" m="33223" /><D83/><U91/><E64/><V95/><F95/><W90/><G60/><N who="0" m="39975" /><D75/><U40/><E2/><V98/><F98/><W130/><G130/><T30/><D30/><U23/><E8/><V21/><F21/><W15/><G32/><T66/><D55/><U127/><E127/><V73/><F85/><W76/><G116/><T61/><D62/><U52/><E79/><V10/><F10/><W56/><G77/><T131/><D131/><U3/><E3/><V31/><F31/><W26/><G117/><T11/><D11/><U107/><E107/><V120/><F120/><W14/><G118/><T132/><D135/><U102/><E102/><V25/><F25/><W124/><G124/><T121/><D121/><U13/><E18/><V19/><F19/><W69/><G76/><T44/><AGARI ba="0,0" hai="38,42,44,61,66,70,132,133" m="39975,33223" machi="44" ten="30,4000,0" yaku="24,1,34,2" doraHai="101" who="0" fromWho="0" sc="214,40,292,-10,250,-10,244,-20" /><INIT seed="4,0,0,3,0,103" ten="254,282,240,224" oya="0" hai0="57,32,115,52,107,50,113,91,67,45,18,68,35" hai1="42,126,27,0,95,55,37,132,43,56,61,112,78" hai2="114,74,84,79,73,109,14,28,122,66,7,34,131" hai3="135,29,119,98,97,36,20,75,51,80,6,16,105"/><T133/><D107/><U117/><E0/><V129/><F109/><W21/><G119/><T88/><D133/><U106/><E106/><V86/><F122/><W1/><G36/><T49/><D68/><U108/><E117/><V13/><F66/><W38/><G38/><T54/><D67/><U26/><E108/><V3/><F79/><W102/><G135/><T134/><D134/><U118/><E118/><V39/><F39/><W8/><G97/><T83/><D18/><U48/><E78/><V33/><F3/><W127/><G127/><T70/><D70/><U82/><E37/><V2/><F2/><W81/><G75/><N who="2" m="28681" /><F7/><W59/><G29/><T94/><D83/><U111/><E111/><V22/><F22/><W23/><REACH who="3" step="1"/><G16/><REACH who="3" ten="254,282,240,214" step="2"/><T123/><D123/><U121/><E126/><V69/><F28/><W41/><G41/><T46/><D115/><U99/><E42/><V58/><F114/><W85/><G85/><T89/><D113/><U40/><E112/><V124/><F124/><W100/><G100/><T44/><REACH who="0" step="1"/><D94/><REACH who="0" ten="244,282,240,214" step="2"/><U19/><E121/><V11/><F131/><W104/><G104/><T120/><D120/><U62/><E132/><V63/><F129/><W4/><G4/><T71/><D71/><U92/><E19/><V65/><F69/><W24/><G24/><T47/><AGARI ba="0,2" hai="32,35,44,45,46,47,49,50,52,54,57,88,89,91" machi="47" ten="30,11700,0" yaku="1,1,0,1,54,2,53,0" doraHai="103" doraHaiUra="5" who="0" fromWho="0" sc="244,137,282,-39,240,-39,214,-39" owari="381,48.1,243,4.3,201,-19.9,175,-32.5" /></mjloggm>