<mjloggm ver="2.3"><GO type="225" lobby="0"/><UN n0="%61%6D%65%6B%69" n1="%E3%81%BF%E3%81%BF%E3%81%9A" n2="%72%69%6F%75%63%68%61%6E" n3="%E3%81%8B%E3%82%8F%E3%81%A1%E3%82%83%E3%82%93%35%38" dan="16,18,16,16" rate="2088.77,2219.20,2178.96,2131.25" sx="M,M,M,M"/><TAIKYOKU oya="0"/><INIT seed="0,0,0,4,2,115" ten="250,250,250,250" oya="0" hai0="46,82,67,21,94,130,23,108,47,90,116,20,42" hai1="59,106,58,36,123,66,98,29,10,52,14,96,25" hai2="60,131,37,103,57,114,62,13,35,118,61,40,53" hai3="107,41,87,124,24,12,112,121,132,65,129,100,55"/><T5/><D116/><U44/><E123/><V2/><F2/><W43/><G112/><T22/><D130/><U28/><E36/><V15/><F114/><W80/><G129/><T84/><D108/><U73/><E73/><V0/><F0/><W9/><G65/><T71/><D71/><U54/><E106/><V126/><F131/><W92/><G107/><T56/><D5/><U127/><E127/><V109/><F35/><W69/><G69/><T89/><D42/><U93/><E44/><N who="2" m="23567" /><F103/><W3/><G3/><T77/><D90/><U30/><E25/><V122/><F13/><W133/><G55/><N who="1" m="21034" /><E66/><V50/><F15/><W31/><G92/><T102/><D102/><N who="1" m="60687" /><E98/><V8/><F122/><W76/><G100/><T7/><D7/><AGARI ba="0,0" hai="7,10,14,28,29,30,58,59" m="60687,21034" machi="7" ten="30,2000,0" yaku="8,1,54,1" doraHai="115" who="1" fromWho="0" sc="250,-20,250,20,250,0,250,0" /><INIT seed="1,0,0,1,2,56" ten="230,270,250,250" oya="1" hai0="91,1,79,17,38,28,97,116,9,7,53,36,47" hai1="127,113,76,81,16,65,96,126,48,86,64,32,67" hai2="129,61,60,8,106,50,72,95,133,89,24,52,12" hai3="101,11,108,111,2,104,29,31,103,80,62,120,92"/><U26/><E113/><V130/><F133/><W45/><G104/><T105/><D116/><U5/><E5/><N who="2" m="3087" /><F106/><W51/><G120/><T112/><D112/><U78/><E96/><N who="2" m="57455" /><F72/><W23/><G80/><T123/><D123/><U84/><E48/><V100/><F100/><N who="3" m="38475" /><G92/><T3/><D3/><U27/><E32/><V55/><F24/><N who="1" m="9257" /><E16/><V42/><F42/><N who="3" m="25015" /><G23/><T0/><D0/><U13/><E13/><V69/><F69/><W114/><G114/><T94/><D105/><U41/><E41/><V107/><F107/><W46/><G46/><T54/><D28/><U39/><E39/><V132/><F132/><W134/><G134/><T15/><D79/><N who="1" m="46143" /><E86/><V10/><F10/><W20/><G20/><T63/><D38/><U110/><E76/><V75/><F75/><W40/><G40/><T70/><D47/><U37/><E78/><V98/><F98/><W109/><G11/><T125/><D36/><U87/><E87/><V85/><F85/><W18/><G2/><T74/><D74/><U14/><E14/><V68/><F68/><W99/><G99/><T22/><D1/><U102/><E102/><V121/><F121/><W59/><G18/><T73/><D73/><U93/><E93/><V58/><F55/><AGARI ba="0,0" hai="29,31,55,59,62,108,109,111" m="25015,38475" machi="55" ten="30,2000,0" yaku="14,1,52,1" doraHai="56" who="3" fromWho="2" sc="230,0,270,0,250,-20,250,20" /><INIT seed="2,0,0,5,3,90" ten="230,270,230,270" oya="2" hai0="80,119,44,95,127,68,96,49,43,66,77,30,18" hai1="134,118,20,74,15,131,35,22,113,75,42,21,31" hai2="51,64,72,108,89,58,87,3,86,122,26,93,129" hai3="120,82,107,132,114,11,57,61,60,37,92,112,9"/><V33/><F122/><W29/><G107/><T121/><D121/><U67/><E113/><N who="3" m="43626" /><G120/><T5/><D127/><U19/><E118/><V63/><F72/><W62/><G37/><T1/><D119/><U27/><E131/><V65/><F129/><W103/><G132/><T13/><D30/><U41/><E134/><V133/><F133/><W85/><G29/><T105/><D105/><U101/><E67/><V97/><F3/><W23/><G23/><T100/><D1/><U123/><E123/><V12/><F108/><W78/><G57/><T56/><D68/><U83/><E75/><V40/><F65/><W55/><G55/><T54/><D66/><U88/><E101/><V125/><F125/><W94/><G103/><T71/><D5/><U110/><E110/><V14/><F26/><W106/><G106/><T8/><D71/><U79/><E21/><V104/><F33/><W34/><G34/><T115/><D115/><U24/><E88/><N who="2" m="55463" /><F104/><W111/><G111/><T32/><D32/><U47/><E47/><N who="2" m="26087" /><F86/><W10/><AGARI ba="0,0" hai="9,10,11,60,61,62,78,82,85,92,94" m="43626" machi="10" ten="40,5200,0" yaku="11,1,52,2" doraHai="90" who="3" fromWho="3" sc="230,-13,270,-13,230,-26,270,52" /><INIT seed="3,0,0,4,0,118" ten="217,257,204,322" oya="3" hai0="80,49,10,129,87,34,26,50,51,55,57,61,17" hai1="46,90,11,60,52,62,14,16,98,38,67,117,110" hai2="83,132,85,100,130,125,56,0,79,121,63,53,13" hai3="123,30,114,91,18,77,6,47,66,32,15,105,48"/><W21/><G123/><T33/><D129/><U27/><E110/><V29/><F0/><W3/><G105/><T74/><D74/><U42/><E117/><V19/><F130/><W43/><G114/><T40/><D34/><U111/><E111/><V92/><F125/><W124/><G124/><T64/><D33/><U8/><E27/><V84/><F132/><W126/><G126/><T101/><D101/><U12/><E67/><V82/><F121/><W86/><G66/><T122/><D122/><U54/><E62/><V68/><F68/><W134/><G134/><T31/><D31/><U94/><REACH who="1" step="1"/><E60/><REACH who="1" ten="217,247,204,322" step="2"/><V133/><F133/><W96/><G32/><T35/><D35/><U116/><E116/><V78/><F29/><W115/><G30/><T109/><D109/><U20/><E20/><N who="2" m="11375" /><F100/><W1/><G21/><T135/><D135/><U41/><E41/><V128/><F128/><W108/><G43/><T24/><D40/><U120/><E120/><V127/><F127/><W36/><G108/><T75/><D64/><U58/><E58/><V37/><F37/><W112/><G36/><T97/><D26/><U2/><E2/><V99/><F99/><W70/><G1/><T45/><D97/><U9/><E9/><V25/><F25/><W76/><G96/><T88/><D75/><U104/><E104/><V28/><F28/><W65/><G3/><T23/><D10/><U44/><E44/><V95/><AGARI ba="0,1" hai="53,56,63,78,79,82,83,84,85,92,95" m="11375" machi="95" ten="30,1100,0" yaku="8,1" doraHai="118" who="2" fromWho="2" sc="217,-3,247,-3,204,21,322,-5" owari="214,-28.6,244,4.4,225,-17.5,317,41.7" /></mjloggm>