<mjloggm ver="2.3"><GO type="225" lobby="0"/><UN n0="%6D%75%75%6D%75%72%61" n1="%E3%81%95%E3%81%8D%E3%81%9F%E3%81%BE%E6%9E%97%E6%AA%8E" n2="%E3%81%A1%E3%82%85%E3%81%86%E3%81%A9%E3%81%8F%E8%B1%A1%E3%81%95%E3%82%93" n3="%E3%81%9F%E3%81%93%E2%98%86%E7%84%BC%E3%81%8D" dan="16,16,17,16" rate="2138.63,2092.02,2201.36,2103.62" sx="F,M,M,M"/><TAIKYOKU oya="0"/><INIT seed="0,0,0,5,0,32" ten="250,250,250,250" oya="0" hai0="43,1,102,74,108,106,73,22,3,36,69,129,107" hai1="19,21,128,37,103,59,9,25,0,126,131,100,27" hai2="123,62,65,46,29,86,121,91,5,101,127,15,24" hai3="93,118,122,6,67,4,51,119,117,58,125,39,45"/><T30/><D69/><U82/><E37/><V80/><F127/><W11/><G4/><T130/><D108/><U55/><E126/><V20/><F101/><W48/><G125/><T88/><D88/><U114/><E114/><V16/><F5/><W28/><G28/><T66/><D66/><U18/><E82/><V111/><F46/><W120/><G93/><T96/><D107/><U61/><E100/><V78/><F78/><W50/><G11/><T10/><D10/><U12/><E103/><V14/><F111/><W63/><G6/><T72/><D22/><U94/><E27/><V71/><REACH who="2" step="1"/><F14/><REACH who="2" ten="250,250,240,250" step="2"/><W89/><G89/><T109/><D109/><U57/><E57/><V105/><F105/><W7/><G7/><T97/><D30/><U31/><E31/><V99/><F99/><W98/><G98/><T34/><D97/><U81/><E59/><V134/><F134/><W110/><G110/><T90/><D90/><U54/><E12/><V44/><F44/><W83/><G83/><T42/><D36/><U33/><E81/><V77/><F77/><W75/><G75/><T38/><D38/><U124/><E124/><V52/><F52/><W56/><G39/><T133/><D133/><U60/><E55/><V85/><F85/><W132/><G132/><T64/><D64/><U41/><E54/><V113/><F113/><W104/><G104/><T47/><D47/><U112/><E112/><V116/><F116/><W70/><G45/><T35/><D42/><U76/><E41/><V2/><F2/><N who="0" m="522" /><D43/><U26/><E0/><V17/><F17/><W84/><G84/><RYUUKYOKU ba="0,1" sc="250,10,250,-30,240,10,250,10" hai0="34,35,72,73,74,96,102,106,129,130" hai2="15,16,20,24,29,62,65,71,80,86,91,121,123" hai3="48,50,51,56,58,63,67,70,117,118,119,120,122" /><INIT seed="0,1,1,1,0,17" ten="260,220,250,260" oya="0" hai0="90,30,115,52,68,112,118,61,73,35,102,89,42" hai1="39,98,5,85,106,99,56,32,120,50,69,88,110" hai2="33,86,15,24,16,82,20,9,25,108,134,62,123" hai3="21,10,131,19,11,70,94,3,51,72,65,81,96"/><T101/><D118/><U34/><E110/><V58/><F123/><W28/><G28/><T79/><D42/><U130/><E120/><V105/><F108/><W14/><G131/><T13/><D68/><U87/><E130/><V29/><F134/><W37/><G37/><T125/><D35/><U26/><E39/><V113/><F113/><N who="0" m="43594" /><D13/><U8/><E69/><V109/><F109/><W31/><G31/><T7/><D52/><N who="1" m="31767" /><E106/><V107/><F58/><W111/><G51/><T46/><D46/><U49/><E34/><V44/><F44/><W121/><G3/><T92/><D61/><U116/><E116/><V67/><F67/><W117/><G117/><T1/><D7/><U60/><E32/><V91/><REACH who="2" step="1"/><F62/><REACH who="2" ten="260,220,240,260" step="2"/><W55/><G65/><T47/><D47/><U132/><E132/><V36/><F36/><W77/><G121/><T129/><D129/><U53/><E60/><V104/><F104/><W119/><G70/><T57/><D57/><U0/><E49/><V63/><F63/><W126/><G119/><T23/><D125/><U38/><E38/><V122/><F122/><W128/><G126/><T127/><D127/><U83/><E53/><V27/><F27/><W75/><G55/><T93/><D102/><U2/><E26/><V135/><F135/><W103/><G128/><T114/><D101/><U6/><E6/><AGARI ba="1,2" hai="6,9,15,16,20,24,25,29,33,82,86,91,105,107" machi="6" ten="30,8000,1" yaku="1,1,7,1,52,1,54,1,53,1" doraHai="17" doraHaiUra="12" who="2" fromWho="1" sc="260,0,220,-83,240,103,260,0" /><INIT seed="1,0,0,3,1,49" ten="260,137,343,260" oya="1" hai0="84,5,26,15,135,70,61,111,37,123,14,34,86" hai1="131,7,124,100,17,125,68,56,19,132,116,12,119" hai2="64,22,52,73,115,48,23,81,83,93,134,102,101" hai3="27,130,10,98,105,112,35,33,89,72,11,41,118"/><U24/><E68/><V129/><F64/><W21/><G41/><T44/><D111/><U77/><E77/><V28/><F73/><W128/><G98/><T50/><D135/><U106/><E106/><V36/><F36/><W114/><G89/><T8/><D123/><U96/><E96/><N who="2" m="59535" /><F102/><W120/><G72/><T31/><D37/><U78/><E78/><V60/><F60/><W103/><G103/><T40/><D14/><U108/><E100/><V53/><F134/><W117/><G27/><T65/><AGARI ba="0,0" hai="5,8,15,26,31,34,40,44,50,61,65,70,84,86" machi="65" ten="30,1100,0" yaku="0,1" doraHai="49" who="0" fromWho="0" sc="260,11,137,-5,343,-3,260,-3" /><INIT seed="2,0,0,5,3,101" ten="271,132,340,257" oya="2" hai0="19,25,0,127,36,89,92,4,56,106,128,34,64" hai1="11,59,122,82,21,104,102,133,121,27,117,73,94" hai2="83,32,123,114,10,125,60,63,5,116,93,124,41" hai3="54,52,3,23,37,18,129,109,76,7,91,68,24"/><V29/><F123/><N who="1" m="47113" /><E11/><V113/><F83/><W58/><G68/><T2/><D36/><U49/><E117/><V78/><F78/><W35/><G109/><T17/><D128/><U13/><E13/><V14/><F41/><W98/><G129/><T107/><D127/><U131/><E131/><V65/><F93/><W50/><G37/><T28/><D4/><U69/><E69/><V61/><F65/><W45/><G76/><T81/><D81/><U47/><E59/><V67/><F67/><W120/><G35/><T110/><D110/><U87/><E73/><V103/><F103/><W15/><G3/><T55/><D64/><U9/><E9/><V1/><F1/><W46/><G46/><T74/><D74/><U132/><E94/><V66/><F66/><W135/><G91/><T105/><D19/><N who="1" m="12735" /><E102/><V119/><F119/><W6/><G58/><T96/><REACH who="0" step="1"/><D17/><REACH who="0" ten="261,132,340,257" step="2"/><U53/><E104/><V85/><F124/><W84/><G18/><T97/><D97/><U88/><AGARI ba="0,1" hai="47,49,53,82,87,88,132,133" m="12735,47113" machi="88" ten="30,2000,0" yaku="13,1,54,1" doraHai="101" who="1" fromWho="1" sc="261,-5,132,30,340,-10,257,-5" /><INIT seed="3,0,0,1,2,77" ten="256,162,330,252" oya="3" hai0="133,91,45,107,123,65,104,102,108,98,25,19,32" hai1="12,106,113,81,21,28,53,70,10,5,39,3,36" hai2="112,110,99,44,1,9,120,33,71,15,55,122,2" hai3="60,134,130,131,95,4,86,83,26,76,16,75,101"/><W11/><G60/><T61/><D123/><N who="2" m="47146" /><F112/><W51/><G134/><T56/><D108/><U80/><E106/><V64/><F33/><W72/><G51/><T7/><D133/><U47/><E70/><V105/><F110/><W96/><G26/><T14/><D107/><U109/><E109/><V132/><F132/><W22/><G11/><T6/><D45/><U121/><E121/><V92/><F105/><W119/><G4/><T78/><D91/><U67/><E113/><V117/><F117/><W24/><REACH who="3" step="1"/><G119/><REACH who="3" ten="256,162,330,242" step="2"/><T97/><D7/><U30/><E39/><V115/><F115/><W93/><G93/><T52/><D6/><U135/><E135/><V84/><F71/><W54/><G54/><T48/><D25/><N who="1" m="16431" /><E36/><V69/><F69/><W17/><G17/><T94/><D19/><U58/><E30/><V18/><F64/><W74/><AGARI ba="0,1" hai="16,22,24,72,74,75,76,83,86,95,96,101,130,131" machi="74" ten="40,12000,1" yaku="1,1,0,1,52,1,54,1,53,0" doraHai="77" doraHaiUra="29" who="3" fromWho="3" sc="256,-40,162,-40,330,-40,242,130" owari="216,-18.4,122,-37.8,290,9.0,372,47.2" /></mjloggm>