<mjloggm ver="2.3"><GO type="225" lobby="0"/><UN n0="%E8%81%B7%E6%A5%AD%E3%80%81%E9%A2%A8%32" n1="%E3%81%AF%E3%82%88%E3%81%8A%E3%81%98%E3%81%95%E3%82%93" n2="%E6%A1%9C%E8%8A%B1%E9%96%83%E3%80%85" n3="%6D%75%75%6D%75%72%61" dan="16,16,17,17" rate="2083.68,2137.71,2197.15,2186.33" sx="M,M,M,F"/><TAIKYOKU oya="0"/><INIT seed="0,0,0,1,2,21" ten="250,250,250,250" oya="0" hai0="123,95,15,71,19,119,93,29,33,52,134,58,48" hai1="34,117,55,53,23,41,109,26,17,115,57,73,90" hai2="51,32,75,35,1,24,72,10,127,60,99,61,50" hai3="103,128,111,59,49,64,47,129,77,112,38,79,74"/><T63/><D123/><U76/><E117/><V101/><F127/><W102/><G112/><T110/><D119/><U27/><E115/><V135/><F135/><W85/><G74/><T105/><D105/><U125/><E125/><V14/><F1/><W87/><G38/><T42/><D134/><U28/><E109/><V122/><F122/><W89/><G111/><T18/><D110/><U114/><E114/><V67/><F61/><W44/><G64/><T132/><D132/><U5/><E41/><V69/><F51/><W91/><G49/><T84/><D33/><U12/><E90/><V16/><F50/><W130/><G130/><T116/><D29/><U20/><E57/><AGARI ba="0,0" hai="44,47,57,59,77,79,85,87,89,91,102,103,128,129" machi="57" ten="25,1600,0" yaku="22,2" doraHai="21" who="3" fromWho="1" sc="250,0,250,-16,250,0,250,16" /><INIT seed="1,0,0,1,5,109" ten="250,234,250,266" oya="1" hai0="2,37,90,52,102,59,38,51,116,32,18,76,20" hai1="121,68,92,10,78,93,126,54,115,97,80,101,19" hai2="84,104,105,36,112,3,40,39,79,89,88,55,33" hai3="81,83,61,41,57,12,66,87,73,122,96,46,67"/><U23/><E121/><V60/><F33/><W120/><G67/><T43/><D32/><U6/><E126/><V63/><F3/><W31/><G31/><T74/><D116/><U70/><E115/><V50/><F79/><W7/><G96/><T94/><D2/><U113/><E113/><V26/><F26/><W86/><G73/><T108/><D108/><U123/><E92/><V8/><F8/><W130/><G130/><T129/><D102/><U45/><E123/><V64/><F63/><W65/><G65/><T5/><D5/><U11/><E45/><V134/><F89/><W127/><G127/><T4/><D4/><U1/><E54/><V95/><F134/><W49/><G7/><T13/><D43/><U118/><E10/><V56/><F112/><W35/><G35/><T125/><D129/><U111/><E111/><V85/><F85/><W24/><G24/><T16/><D18/><U135/><E135/><V25/><F25/><W27/><G27/><T133/><D133/><U117/><E23/><V21/><F21/><W69/><G69/><N who="1" m="26730" /><E19/><V28/><F28/><W9/><G9/><T132/><D125/><U53/><E53/><V29/><F29/><W107/><G12/><T110/><D110/><U131/><E131/><V128/><F128/><W15/><G15/><T42/><D42/><U82/><E78/><V98/><F40/><W48/><G41/><T0/><D0/><U77/><E77/><V30/><F30/><W71/><G46/><T22/><D132/><U99/><E97/><V72/><F98/><W47/><G120/><T17/><D76/><RYUUKYOKU ba="0,0" sc="250,-10,234,30,250,-10,266,-10" hai1="1,6,11,80,82,93,99,101,117,118" /><INIT seed="1,1,0,0,3,84" ten="240,264,240,256" oya="1" hai0="131,87,124,135,3,115,63,20,89,5,128,129,14" hai1="21,43,102,92,4,94,73,91,127,81,11,99,22" hai2="112,108,46,85,90,6,107,75,100,130,49,59,12" hai3="101,65,76,71,7,60,103,52,39,27,120,78,24"/><U55/><E127/><V105/><F75/><W30/><G120/><T40/><D115/><U96/><E43/><V23/><F112/><W19/><G39/><T95/><D124/><U1/><E73/><V123/><F123/><W122/><G122/><T133/><D40/><U118/><E118/><V72/><F72/><W126/><G126/><T9/><D63/><U67/><E67/><V77/><F77/><W79/><G7/><T58/><D58/><U64/><E64/><V62/><F108/><W2/><G2/><T61/><D61/><U35/><E35/><V121/><F130/><W98/><G19/><AGARI ba="1,0" hai="3,5,9,14,19,20,87,89,95,128,129,131,133,135" machi="19" ten="50,3200,0" yaku="19,1,52,1" doraHai="84" who="0" fromWho="3" sc="240,35,264,0,240,0,256,-35" /><INIT seed="2,0,0,1,0,134" ten="275,264,240,221" oya="2" hai0="22,50,97,24,40,5,45,35,114,41,69,55,37" hai1="73,131,85,81,108,68,54,14,17,84,115,103,18" hai2="62,78,82,9,32,52,60,101,102,98,112,111,125" hai3="79,61,49,48,46,34,56,64,116,65,107,132,1"/><V106/><F112/><W89/><G116/><T42/><D69/><U29/><E115/><V15/><F32/><W75/><G132/><T135/><D135/><U127/><E68/><V96/><F111/><W129/><G129/><T57/><D35/><U117/><E117/><V91/><F91/><W95/><G107/><T47/><D114/><U63/><E73/><V7/><F125/><W92/><G34/><T13/><D97/><U104/><E131/><V39/><F39/><W31/><G31/><N who="0" m="17815" /><D37/><U28/><E127/><V105/><REACH who="2" step="1"/><F52/><REACH who="2" ten="275,264,230,221" step="2"/><W74/><G89/><T43/><D42/><U25/><E54/><V26/><F26/><W109/><G109/><T86/><D43/><U87/><E25/><V99/><F99/><W94/><G65/><T70/><D41/><U23/><E108/><V118/><F118/><W113/><G113/><T133/><D55/><U8/><E103/><V88/><F88/><W72/><G46/><T11/><D47/><U80/><E63/><V30/><F30/><W53/><G53/><T123/><D45/><U20/><E28/><V83/><F83/><W0/><REACH who="3" step="1"/><G79/><REACH who="3" ten="275,264,230,211" step="2"/><T59/><D40/><U12/><E29/><V90/><F90/><W10/><G10/><T19/><D11/><U2/><E8/><V6/><F6/><W130/><G130/><T44/><D5/><U66/><E66/><V67/><F67/><W51/><AGARI ba="0,2" hai="0,1,48,49,51,56,61,64,72,74,75,92,94,95" machi="51" ten="40,8000,1" yaku="1,1,0,1,29,2,53,0" doraHai="134" doraHaiUra="36" who="3" fromWho="3" sc="275,-20,264,-20,230,-40,211,100" /><INIT seed="3,0,0,4,3,32" ten="255,244,190,311" oya="3" hai0="84,70,128,11,96,122,106,79,47,39,33,120,134" hai1="100,64,95,27,37,123,69,14,73,1,34,28,76" hai2="59,35,44,67,71,85,87,36,108,92,38,62,130" hai3="65,121,77,48,133,43,31,110,90,0,57,66,54"/><W42/><G121/><T111/><D70/><U63/><E123/><V91/><F35/><W124/><G0/><T3/><D33/><U55/><E1/><V8/><F108/><W118/><G118/><T12/><D3/><U23/><E37/><V56/><F130/><W89/><G110/><T53/><D128/><U5/><E76/><V6/><F87/><W83/><G31/><T115/><D111/><U29/><E73/><V30/><F30/><W107/><G107/><T116/><D116/><U18/><E28/><V104/><F104/><W74/><G124/><T19/><D134/><U119/><E119/><V127/><F127/><W78/><G133/><T135/><D135/><U99/><E5/><V41/><REACH who="2" step="1"/><F38/><REACH who="2" ten="255,244,180,311" step="2"/><W125/><G125/><T9/><D39/><U126/><E126/><V58/><F58/><W82/><G57/><T102/><D84/><U24/><E34/><V109/><F109/><W68/><G68/><T20/><D106/><U98/><E29/><V46/><F46/><W22/><G74/><T86/><D47/><U112/><E69/><V17/><F17/><W93/><G77/><T25/><D79/><U52/><E18/><V101/><F101/><W16/><G78/><T75/><D19/><U105/><E100/><V10/><F10/><W51/><G16/><T26/><D11/><U7/><E105/><V97/><F97/><W88/><G22/><T81/><D20/><U80/><E98/><V60/><F60/><W129/><G129/><T15/><D122/><U49/><E23/><V40/><F40/><W61/><G42/><T21/><D120/><RYUUKYOKU ba="0,1" sc="255,-10,244,-10,180,30,311,-10" hai2="6,8,36,41,44,56,59,62,67,71,85,91,92" owari="245,4.5,234,-16.6,210,-29.0,311,41.1" /></mjloggm>