<mjloggm ver="2.3"><GO type="225" lobby="0"/><UN n0="%70%68%65%6E%6F%6D%65" n1="%E7%89%B9%E6%9D%B1%E3%81%AF%E4%B8%96%E7%95%8C%E3%82%92%E6%95%91%E3%81%86" n2="%73%61%6E%64%69%72%69%73" n3="%E2%91%A3%E9%81%BF%E9%81%8A%E6%88%AF%E3%80%90%E6%9D%B1%E5%8D%97%E3%80%91" dan="16,16,16,16" rate="2164.87,2153.33,2129.16,2134.19" sx="M,M,M,M"/><TAIKYOKU oya="0"/><INIT seed="0,0,0,3,3,52" ten="250,250,250,250" oya="0" hai0="49,106,36,33,78,115,15,30,25,132,45,2,112" hai1="84,68,85,131,119,111,99,110,113,103,21,69,116" hai2="47,130,120,43,20,102,80,128,63,44,6,83,5" hai3="74,108,32,77,11,19,71,48,86,9,10,133,134"/><T0/><D106/><U13/><E13/><V8/><F120/><W101/><G74/><T40/><D132/><U100/><E21/><V122/><F122/><W75/><G75/><T38/><D78/><U121/><E99/><V4/><F102/><N who="1" m="38953" /><E121/><V53/><F8/><W46/><G32/><T27/><D27/><U73/><E73/><V35/><F35/><W127/><G71/><N who="1" m="27210" /><E131/><N who="2" m="50219" /><F20/><W67/><G67/><T70/><D70/><U60/><E60/><V23/><F23/><W56/><G101/><T18/><D2/><U42/><E42/><V34/><F34/><W16/><G46/><N who="2" m="17449" /><F43/><W66/><G134/><T96/><D0/><U1/><E1/><V39/><F39/><W109/><G133/><T135/><D135/><U125/><E125/><V57/><AGARI ba="0,0" hai="4,5,6,53,57,63,80,83" m="17449,50219" machi="57" ten="40,2700,0" yaku="19,1,52,1" doraHai="52" who="2" fromWho="2" sc="250,-13,250,-7,250,27,250,-7" /><INIT seed="1,0,0,3,1,75" ten="237,243,277,243" oya="1" hai0="107,97,105,26,54,62,91,120,46,52,93,111,83" hai1="63,76,5,84,61,135,80,88,33,59,45,15,43" hai2="25,48,129,67,14,118,66,30,100,114,23,37,96" hai3="32,117,81,18,112,109,22,92,39,115,95,16,41"/><U78/><E135/><V35/><F118/><W42/><G117/><T89/><D111/><U0/><E0/><V122/><F122/><W128/><G109/><T3/><D120/><U56/><E33/><V44/><F37/><W73/><G32/><T134/><D134/><U119/><E119/><V98/><F129/><W70/><G128/><T36/><D3/><U94/><E5/><V1/><F1/><W74/><G39/><T10/><D10/><U53/><E15/><V104/><F114/><W8/><G8/><T17/><D36/><U19/><E19/><V21/><F98/><W28/><G81/><T49/><D83/><U130/><E130/><V60/><F66/><W77/><G22/><N who="0" m="13647" /><D91/><N who="1" m="51591" /><E45/><V116/><F14/><W69/><G28/><T124/><D124/><U27/><E43/><V113/><F113/><W13/><G13/><T125/><D125/><U55/><E27/><V126/><F126/><W101/><G101/><T87/><D87/><AGARI ba="0,0" hai="53,55,56,59,61,63,76,78,87,88,94" m="51591" machi="87" ten="30,11600,0" yaku="8,1,52,2,54,1" doraHai="75" who="1" fromWho="0" sc="237,-116,243,116,277,0,243,0" /><INIT seed="1,1,0,4,0,2" ten="121,359,277,243" oya="1" hai0="131,115,43,78,22,18,49,72,62,31,102,64,85" hai1="91,50,87,95,106,29,33,20,57,63,41,134,67" hai2="1,19,37,97,82,92,21,81,53,36,103,129,86" hai3="111,93,35,123,11,113,10,28,90,46,110,0,8"/><U39/><E134/><V133/><F133/><W9/><G46/><T23/><D115/><U30/><E39/><V65/><F129/><W112/><G93/><T38/><D131/><U89/><E33/><V56/><F1/><W27/><G90/><T16/><D72/><U15/><E106/><V13/><F65/><W109/><G123/><T58/><D38/><U100/><E100/><V130/><F130/><W83/><G83/><N who="0" m="47351" /><D102/><U32/><E32/><V17/><F17/><N who="0" m="6762" /><D31/><U120/><E120/><V60/><REACH who="2" step="1"/><F82/><REACH who="2" ten="121,359,267,243" step="2"/><W94/><G94/><T44/><AGARI ba="1,1" hai="22,23,43,44,49,58,62,64" m="6762,47351" machi="44" ten="30,2000,0" yaku="8,1,54,1" doraHai="2" who="0" fromWho="0" sc="121,33,359,-11,267,-6,243,-6" /><INIT seed="2,0,0,3,1,99" ten="154,348,261,237" oya="2" hai0="18,27,62,19,116,90,93,59,133,67,61,55,76" hai1="30,85,118,3,15,121,129,41,92,33,1,119,34" hai2="31,63,72,42,132,111,114,32,0,38,105,128,11" hai3="106,58,104,21,4,122,53,25,77,126,26,84,82"/><V50/><RYUUKYOKU type="yao9" ba="0,0" sc="154,0,348,0,261,0,237,0" hai2="0,11,31,32,38,42,50,63,72,105,111,114,128,132" /><INIT seed="2,1,0,3,5,101" ten="154,348,261,237" oya="2" hai0="52,76,105,15,97,3,89,91,88,83,93,34,49" hai1="95,63,36,28,135,37,31,17,122,82,104,72,111" hai2="86,92,32,113,18,22,129,99,79,81,62,80,131" hai3="10,115,1,55,20,30,84,14,134,50,108,58,85"/><V98/><F32/><W65/><G115/><T67/><D3/><U40/><E104/><V39/><F39/><W11/><G1/><T128/><D128/><N who="2" m="49226" /><F62/><W27/><G108/><T44/><D34/><U6/><E63/><V45/><F45/><W107/><G134/><T73/><D67/><U19/><E37/><V87/><F18/><W110/><G110/><T21/><REACH who="0" step="1"/><D105/><REACH who="0" ten="144,348,261,237" step="2"/><U9/><E111/><V118/><F113/><W69/><G107/><T94/><D94/><U47/><E135/><V57/><F92/><W121/><G121/><T51/><D51/><U64/><E95/><V4/><F81/><W74/><G65/><T0/><D0/><U75/><E82/><V120/><F80/><W100/><G50/><T2/><D2/><U125/><E122/><V48/><F48/><W96/><G100/><T132/><D132/><U42/><E64/><V8/><F120/><W54/><G96/><T29/><D29/><U23/><E28/><V60/><F99/><W90/><G30/><T43/><D43/><U103/><E42/><V127/><F98/><W124/><G69/><T5/><D5/><U16/><E6/><V106/><F4/><W13/><G74/><T61/><D61/><U126/><E72/><V33/><F60/><W59/><G58/><T46/><D46/><U12/><E47/><V109/><F109/><W114/><G59/><T53/><D53/><U38/><E75/><V7/><F33/><W26/><G114/><T130/><D130/><U41/><E38/><V78/><F106/><W119/><G55/><T112/><D112/><U24/><E36/><RYUUKYOKU ba="1,1" sc="144,30,348,-10,261,-10,237,-10" hai0="15,21,44,49,52,73,76,83,88,89,91,93,97" /><INIT seed="3,2,1,4,2,12" ten="174,338,251,227" oya="3" hai0="89,83,73,96,90,109,61,4,32,58,57,67,124" hai1="56,48,17,114,102,95,31,94,37,130,100,122,41" hai2="103,107,117,81,71,43,119,22,80,54,113,77,120" hai3="2,134,127,132,29,115,104,121,47,15,86,33,51"/><W66/><G104/><T74/><D109/><U116/><E122/><V53/><F71/><W23/><G121/><T19/><D124/><U78/><E37/><V111/><F22/><W69/><G127/><T98/><D32/><U125/><E114/><V11/><F11/><W131/><G115/><T14/><D4/><U0/><E0/><V10/><F10/><W84/><G2/><T129/><D129/><U26/><E78/><V82/><F43/><W68/><G33/><T99/><D58/><U40/><E31/><V45/><F45/><W72/><G72/><T16/><D19/><U59/><E116/><V112/><F103/><W52/><G131/><T6/><D6/><U87/><E87/><N who="3" m="33322" /><G66/><T8/><REACH who="0" step="1"/><D83/><REACH who="0" ten="164,338,251,227" step="2"/><U55/><E59/><V42/><F113/><W92/><G69/><T1/><D1/><U123/><E130/><V110/><F112/><W62/><G68/><T128/><D128/><U91/><E125/><V106/><F111/><W34/><G34/><T108/><D108/><U38/><E123/><V88/><F110/><W24/><G134/><T105/><D105/><U75/><E17/><V5/><F107/><W36/><G132/><T135/><D135/><U76/><E56/><V60/><F106/><W118/><G118/><T65/><D65/><U39/><E39/><V30/><F120/><W9/><G36/><T50/><D50/><U93/><E38/><V20/><F119/><W35/><G35/><T46/><D46/><U64/><E64/><V97/><F117/><W133/><G133/><T70/><D70/><U44/><E48/><V28/><F5/><RYUUKYOKU ba="2,2" sc="164,30,338,-10,251,-10,227,-10" hai0="8,14,16,57,61,67,73,74,89,90,96,98,99" owari="194,-30.6,348,44.8,241,4.1,217,-18.3" /></mjloggm>