<mjloggm ver="2.3"><GO type="225" lobby="0"/><UN n0="%6D%75%75%6D%75%72%61" n1="%E3%81%AF%E3%82%88%E3%81%8A%E3%81%98%E3%81%95%E3%82%93" n2="%73%75%7A%75%6D%65%33" n3="%E5%AF%82%E5%AF%9E%E3%82%AE%E3%83%8D%E3%82%B9%E3%83%93%E3%83%BC%E3%83%AB" dan="16,17,17,16" rate="2192.30,2203.23,2209.31,2152.62" sx="F,M,M,M"/><TAIKYOKU oya="0"/><INIT seed="0,0,0,4,1,104" ten="250,250,250,250" oya="0" hai0="68,128,65,26,74,13,59,110,97,70,34,130,72" hai1="105,20,113,115,84,118,38,43,96,52,114,47,135" hai2="81,64,61,4,57,6,58,44,80,40,37,17,102" hai3="71,111,9,131,0,103,53,16,116,88,121,100,67"/><T94/><D110/><U8/><E118/><V27/><F102/><W32/><G116/><T86/><D86/><U132/><E84/><V98/><F98/><W83/><G32/><T109/><D109/><U76/><E76/><V95/><F95/><W106/><G111/><T18/><D59/><U78/><E78/><V35/><F58/><W127/><G131/><N who="0" m="50219" /><D34/><U60/><E20/><V69/><F69/><N who="0" m="26730" /><D65/><U36/><E8/><V21/><REACH who="2" step="1"/><F35/><REACH who="2" ten="250,250,240,250" step="2"/><W50/><G71/><T93/><D93/><U119/><E96/><V101/><F101/><W92/><G103/><N who="0" m="60855" /><D26/><U89/><E119/><V66/><F66/><W39/><G67/><T48/><D48/><U99/><E99/><V10/><F10/><AGARI ba="0,1" hai="10,13,18,72,74" m="60855,26730,50219" machi="10" ten="30,5800,0" yaku="19,1,52,2" doraHai="104" who="0" fromWho="2" sc="250,68,250,0,240,-58,250,0" /><INIT seed="0,1,0,0,5,113" ten="318,250,182,250" oya="0" hai0="46,56,4,106,128,125,91,47,97,9,122,69,58" hai1="42,15,118,61,123,35,75,60,74,119,80,110,14" hai2="129,44,130,84,90,105,38,62,6,77,108,68,126" hai3="101,133,20,10,3,70,33,102,127,81,63,39,1"/><T65/><D122/><U111/><E42/><N who="2" m="22615" /><F105/><W45/><G33/><T29/><D128/><N who="2" m="49258" /><F77/><W71/><G81/><T21/><D125/><U124/><E80/><V85/><F6/><W95/><G127/><T99/><D69/><U87/><E124/><V25/><F126/><W92/><G45/><T120/><D120/><U72/><E123/><V50/><F25/><W23/><G39/><T43/><D106/><U55/><E87/><V121/><F121/><W103/><G133/><T89/><D21/><N who="3" m="8265" /><G10/><T98/><D29/><U40/><E40/><V5/><F5/><W16/><G63/><N who="1" m="24138" /><E55/><V114/><F114/><W31/><G16/><T57/><D65/><U73/><E73/><V131/><N who="2" m="49266" /><V64/><DORA hai="17" /><F108/><N who="1" m="41513" /><E35/><V88/><F50/><W94/><G31/><T7/><D7/><U24/><E24/><V79/><F79/><W12/><G12/><AGARI ba="1,0" hai="12,14,15,72,74,75,118,119" m="41513,24138" machi="12" ten="40,8000,1" yaku="28,2,14,1,52,2" doraHai="113,17" who="1" fromWho="3" sc="318,0,250,83,182,0,250,-83" /><INIT seed="1,0,0,0,2,128" ten="318,333,182,167" oya="1" hai0="94,135,55,50,24,86,20,115,63,1,56,117,43" hai1="69,45,46,77,53,21,48,62,73,27,2,84,4" hai2="109,74,95,122,106,112,131,11,92,44,19,70,120" hai3="29,52,28,114,35,14,30,61,0,38,85,10,41"/><U54/><E73/><V124/><F106/><W129/><G114/><T123/><D115/><U88/><E77/><V110/><F112/><W83/><G129/><T13/><D117/><U89/><E2/><V72/><F131/><W101/><G101/><T59/><D1/><U37/><E4/><V78/><F44/><W90/><G0/><T47/><D135/><U51/><E37/><V34/><F34/><W132/><G132/><T97/><D123/><N who="2" m="47146" /><F78/><W75/><G75/><N who="2" m="28713" /><F70/><W125/><G125/><T87/><D59/><U80/><E69/><V127/><F19/><W67/><G38/><T107/><D13/><U79/><E62/><V23/><F23/><W119/><G41/><T108/><D107/><U9/><E9/><V25/><F25/><W76/><G119/><T58/><D58/><U98/><E98/><V5/><F11/><W99/><G35/><T82/><D108/><N who="2" m="41578" /><F5/><N who="3" m="3407" /><G67/><T22/><D82/><U3/><E3/><V130/><F130/><W71/><G71/><T18/><REACH who="0" step="1"/><D22/><REACH who="0" ten="308,333,182,167" step="2"/><U31/><AGARI ba="0,1" hai="21,27,31,45,46,48,51,53,54,79,80,84,88,89" machi="31" ten="20,12000,1" yaku="0,1,7,1,9,1,8,1,54,1" doraHai="128" who="1" fromWho="1" sc="308,-40,333,130,182,-40,167,-40" /><INIT seed="1,1,0,5,3,84" ten="268,463,142,127" oya="1" hai0="82,0,31,2,88,35,62,80,32,109,96,126,60" hai1="100,118,54,8,106,67,79,112,13,122,110,40,24" hai2="105,92,25,59,46,27,104,124,119,116,128,12,95" hai3="23,91,49,44,94,99,75,78,21,101,28,42,114"/><U4/><E122/><V71/><F71/><W6/><G114/><T33/><D109/><U123/><E118/><V9/><F46/><W50/><G6/><T134/><D31/><U3/><E112/><V74/><F74/><W90/><G75/><T30/><D30/><U72/><E123/><V19/><F59/><W130/><G130/><T115/><D115/><U127/><E127/><V89/><F128/><W51/><G78/><T47/><D47/><U45/><E67/><V98/><F124/><W111/><G111/><T81/><D134/><U36/><E110/><V131/><F131/><W64/><G64/><T48/><D48/><N who="3" m="18537" /><G28/><T76/><D76/><U29/><E54/><V108/><F108/><W113/><G113/><T58/><D126/><U22/><E13/><V66/><F66/><W121/><G121/><T93/><REACH who="0" step="1"/><D58/><REACH who="0" ten="258,463,142,127" step="2"/><U52/><E79/><V39/><F119/><W18/><G21/><T38/><D38/><U7/><E22/><V26/><F39/><W97/><G97/><T11/><D11/><U1/><E8/><V68/><F116/><W85/><G85/><T86/><D86/><U55/><E72/><V57/><F68/><W102/><G102/><T70/><D70/><U120/><E120/><V43/><F57/><W16/><G23/><T41/><D41/><U103/><E45/><V56/><F43/><W77/><G77/><T133/><D133/><U37/><E40/><V87/><REACH who="2" step="1"/><F56/><REACH who="2" ten="258,463,132,127" step="2"/><W135/><G135/><T129/><D129/><U15/><E37/><V17/><F17/><AGARI ba="1,2" hai="16,17,18,42,44,51,90,91,94,99,101" m="18537" machi="17" ten="30,7700,0" yaku="8,1,52,2,54,1" doraHai="84" who="3" fromWho="2" sc="258,0,463,0,132,-80,127,100" /><INIT seed="2,0,0,4,4,127" ten="258,463,52,227" oya="2" hai0="102,96,34,31,71,116,68,108,125,33,0,99,78" hai1="66,84,132,112,107,5,44,42,61,51,94,55,103" hai2="101,76,131,104,54,20,35,28,77,82,97,18,118" hai3="133,48,129,27,98,47,2,115,111,128,21,114,100"/><V70/><F70/><W122/><G2/><T75/><D125/><U106/><E112/><N who="3" m="43050" /><G111/><T64/><D108/><U123/><E132/><V126/><F118/><W74/><G74/><T124/><D124/><U65/><E123/><V43/><F126/><W6/><G6/><T8/><D116/><U72/><E72/><V113/><F113/><W49/><G122/><T90/><D90/><U117/><E117/><V58/><F43/><N who="3" m="24703" /><G49/><T41/><D41/><U38/><E5/><V134/><F134/><W45/><G45/><T52/><D52/><U79/><E66/><V53/><F131/><W40/><G40/><T23/><D23/><U10/><E10/><V15/><F53/><W4/><G4/><N who="0" m="1031" /><D99/><N who="1" m="59895" /><E84/><V62/><REACH who="2" step="1"/><F82/><REACH who="2" ten="258,463,42,227" step="2"/><W119/><G119/><T24/><D64/><U109/><E65/><V135/><F135/><W13/><G133/><T92/><D68/><U63/><E55/><V87/><F87/><W73/><G73/><T39/><D71/><U37/><E42/><V25/><AGARI ba="0,1" hai="15,18,20,25,28,35,54,58,62,76,77,97,101,104" machi="25" ten="30,3000,0" yaku="1,1,0,1,53,0" doraHai="127" doraHaiUra="88" who="2" fromWho="2" sc="258,-10,463,-10,42,40,227,-10" /><INIT seed="2,1,0,5,4,104" ten="248,453,82,217" oya="2" hai0="40,125,91,126,86,63,2,33,51,103,77,66,19" hai1="10,80,48,99,84,92,113,28,57,68,32,22,119" hai2="25,31,133,120,90,30,79,27,101,64,95,61,41" hai3="105,11,97,115,82,109,17,9,34,81,135,38,4"/><V94/><F120/><W89/><G38/><T96/><D33/><U129/><E68/><V6/><F133/><W58/><G34/><T128/><D128/><U69/><E69/><V14/><F41/><W87/><G109/><T16/><D2/><U13/><E32/><V60/><F79/><W37/><G37/><T72/><D51/><U122/><E119/><V70/><F101/><W134/><G115/><T3/><D3/><U132/><E113/><V29/><F61/><W131/><G131/><T52/><D52/><N who="1" m="31879" /><E129/><V20/><F95/><W49/><G17/><T130/><D40/><U112/><E112/><V107/><F107/><W1/><G9/><T76/><D72/><U43/><E43/><V88/><F90/><W116/><G116/><T53/><D53/><U65/><E65/><V42/><F42/><W21/><G97/><T111/><D111/><U0/><E0/><V26/><F6/><W106/><G82/><N who="0" m="49623" /><D76/><U121/><E132/><N who="3" m="50730" /><G21/><T15/><D15/><U108/><E108/><V102/><F102/><W100/><G100/><T118/><D77/><U73/><E73/><V50/><F50/><W59/><G49/><T5/><D5/><U124/><E92/><V46/><F14/><W123/><G123/><T56/><D118/><U45/><E13/><V39/><F39/><W114/><G114/><T62/><D130/><U24/><E121/><V127/><F127/><N who="0" m="48650" /><D62/><U55/><E124/><V85/><REACH who="2" step="1"/><F20/><REACH who="2" ten="248,453,72,217" step="2"/><W75/><G106/><AGARI ba="1,1" hai="16,19,56,63,66,96,103,106" m="48650,49623" machi="106" ten="30,2000,0" yaku="18,1,54,1" doraHai="104" who="0" fromWho="3" sc="248,33,453,0,72,0,217,-23" /><INIT seed="3,0,0,1,2,44" ten="281,453,72,194" oya="3" hai0="90,7,134,92,29,108,30,130,57,66,129,75,103" hai1="60,83,72,15,20,100,17,87,113,63,61,2,36" hai2="35,71,58,67,19,89,76,59,117,26,101,116,122" hai3="80,12,56,77,106,14,0,65,74,55,32,34,13"/><W105/><G0/><T114/><D108/><U42/><E2/><V70/><F101/><W31/><G65/><T127/><D134/><U99/><E72/><V91/><F76/><W8/><G8/><T1/><D127/><U27/><E113/><V11/><F11/><W18/><G18/><T25/><D114/><U49/><E36/><V16/><F67/><W124/><G124/><T45/><D103/><U111/><E111/><V112/><F112/><W46/><G46/><T39/><D75/><U84/><E27/><V102/><F102/><W97/><G97/><N who="0" m="57495" /><D7/><U98/><E87/><V69/><F26/><W125/><G125/><T54/><D1/><U40/><E49/><V9/><F9/><W48/><REACH who="3" step="1"/><G31/><REACH who="3" ten="281,453,72,184" step="2"/><T79/><D29/><U64/><E64/><V119/><F122/><W86/><G86/><T37/><D30/><U73/><E73/><V135/><F135/><W121/><G121/><T95/><D45/><U62/><E99/><V6/><F6/><W120/><G120/><T93/><D66/><U24/><E98/><V128/><F128/><W85/><G85/><T109/><D130/><U51/><E84/><V23/><F35/><AGARI ba="0,1" hai="12,13,14,32,34,35,48,55,56,74,77,80,105,106" machi="35" ten="40,3900,0" yaku="1,1,52,1,53,0" doraHai="44" doraHaiUra="33" who="3" fromWho="2" sc="281,0,453,0,72,-39,184,49" /><INIT seed="3,1,0,4,2,62" ten="281,453,33,233" oya="3" hai0="63,18,75,13,125,123,57,121,85,52,101,83,77" hai1="104,49,29,91,87,12,102,109,5,128,14,35,25" hai2="60,84,50,7,23,27,93,56,115,79,114,42,20" hai3="78,36,120,51,47,39,92,1,73,100,82,44,28"/><W133/><G120/><T54/><D125/><U124/><E124/><V33/><F33/><W4/><G133/><T8/><D101/><U3/><E109/><V117/><F117/><W88/><G100/><T132/><D132/><U80/><E128/><V30/><F115/><W98/><G28/><T116/><D116/><U31/><E31/><V24/><F114/><W110/><G110/><T69/><D69/><U90/><E90/><V97/><F7/><W95/><G95/><T38/><D38/><U19/><E49/><V96/><F50/><W118/><G118/><T2/><D2/><U64/><E64/><V11/><F11/><W103/><G103/><T37/><D37/><U34/><E35/><V105/><F105/><W112/><G44/><T59/><D75/><U65/><E65/><V129/><F129/><W66/><G66/><T127/><D127/><U26/><E3/><V94/><F42/><W107/><G107/><T122/><D122/><U45/><E5/><V21/><F79/><W16/><G16/><T40/><D40/><U86/><E45/><V71/><F71/><W58/><G58/><T6/><D18/><U89/><E104/><V67/><F84/><W81/><G81/><T10/><D10/><U68/><E102/><V111/><F111/><W134/><G134/><T9/><D9/><U70/><E68/><V15/><F15/><N who="1" m="5673" /><E70/><V108/><F108/><W22/><G112/><T43/><D43/><U131/><E131/><V135/><F135/><W76/><G76/><T130/><D130/><U99/><E80/><V74/><F74/><W119/><G119/><RYUUKYOKU ba="1,0" sc="281,30,453,-10,33,-10,233,-10" hai0="6,8,13,52,54,57,59,63,77,83,85,121,123" owari="311,11.1,443,54.3,23,-47.7,223,-17.7" /></mjloggm>