<mjloggm ver="2.3"><GO type="225" lobby="0"/><UN n0="%E3%82%BC%E3%83%AB%E3%83%80%E3%81%AE%E4%BC%9D%E8%AA%AC" n1="%E3%81%A9%E3%82%93%E3%82%88%E3%81%8F%4D%6B%2E%32" n2="%72%69%6F%75%63%68%61%6E" n3="%77%72%77%72%77%72%77%72" dan="16,16,16,16" rate="2193.20,2145.51,2121.60,2095.39" sx="M,M,M,M"/><TAIKYOKU oya="0"/><INIT seed="0,0,0,3,3,25" ten="250,250,250,250" oya="0" hai0="14,58,30,118,95,65,16,89,9,109,47,19,20" hai1="8,97,123,134,108,121,133,4,105,94,62,63,5" hai2="135,82,33,38,61,46,90,48,45,125,96,114,50" hai3="128,10,86,119,77,54,3,85,116,70,2,80,68"/><T74/><D118/><U107/><E94/><V18/><F125/><W26/><G128/><T130/><D130/><U71/><E97/><V120/><F135/><W111/><G111/><T1/><D74/><U87/><E87/><V36/><F120/><W7/><G54/><T64/><D109/><U75/><E8/><V32/><F114/><W24/><G10/><T124/><D124/><U102/><E71/><V98/><F61/><W113/><G80/><T6/><D58/><U29/><E108/><V126/><F126/><W127/><G127/><T91/><D91/><U41/><E41/><V103/><F18/><W106/><G106/><T43/><D30/><U88/><E88/><V112/><F112/><W39/><G39/><N who="2" m="14889" /><F90/><W57/><G57/><T73/><D73/><U69/><E69/><V115/><F115/><W34/><G113/><T52/><D19/><U31/><REACH who="1" step="1"/><E75/><REACH who="1" ten="250,240,250,250" step="2"/><V83/><F96/><W66/><G68/><T131/><D43/><U132/><E132/><V27/><F98/><W0/><G70/><T110/><D131/><U28/><E28/><V53/><F103/><AGARI ba="0,1" hai="4,5,29,31,62,63,102,103,105,107,121,123,133,134" machi="103" ten="25,8000,1" yaku="1,1,22,2,52,2,53,0" doraHai="25" doraHaiUra="79" who="1" fromWho="2" sc="250,0,240,90,250,-80,250,0" /><INIT seed="1,0,0,0,1,31" ten="250,330,170,250" oya="1" hai0="16,39,113,66,14,19,55,119,56,88,17,80,13" hai1="35,103,58,44,89,76,73,37,10,50,36,84,12" hai2="127,123,25,108,53,99,0,91,130,96,65,101,134" hai3="6,81,63,38,70,45,133,7,121,40,20,132,59"/><U4/><E103/><V24/><F123/><W49/><G121/><T107/><D113/><U75/><E58/><V78/><F108/><W100/><G100/><T98/><D119/><U9/><E9/><V102/><F130/><W105/><G105/><T104/><D39/><U92/><E35/><V32/><F127/><W83/><G70/><T71/><D71/><U62/><E62/><V129/><F129/><W68/><G38/><T57/><D104/><U125/><E125/><V46/><F134/><N who="3" m="51819" /><G68/><T74/><D107/><U8/><E75/><V93/><F0/><W131/><G131/><T117/><D117/><U111/><E111/><V82/><F65/><W69/><G69/><T87/><D74/><U52/><E73/><V86/><F32/><W26/><G7/><T34/><D34/><U72/><E72/><V42/><F53/><N who="3" m="34287" /><G6/><T64/><D98/><U28/><E28/><AGARI ba="0,0" hai="20,26,28,40,45,49,81,83" m="34287,51819" machi="28" ten="30,1000,0" yaku="20,1" doraHai="31" who="3" fromWho="1" sc="250,0,330,-10,170,0,250,10" /><INIT seed="2,0,0,0,1,55" ten="250,320,170,260" oya="2" hai0="51,134,52,86,89,56,34,5,126,120,99,24,57" hai1="18,20,27,14,111,11,135,132,0,87,36,88,50" hai2="107,8,41,45,63,117,37,104,48,61,123,124,15" hai3="49,93,109,80,35,64,130,108,95,26,13,75,122"/><V40/><F117/><W2/><G122/><T100/><D120/><U83/><E36/><V60/><F123/><W58/><G2/><T53/><D126/><U47/><E111/><N who="3" m="42570" /><G130/><T101/><D134/><U112/><E0/><V119/><F119/><W92/><G13/><T114/><D114/><U19/><REACH who="1" step="1"/><E112/><REACH who="1" ten="250,310,170,260" step="2"/><V54/><F124/><W118/><G118/><T69/><D69/><U62/><E62/><V106/><REACH who="2" step="1"/><F37/><REACH who="2" ten="250,310,160,260" step="2"/><W98/><G75/><T129/><D129/><U96/><E96/><V22/><F22/><W21/><G98/><T116/><D116/><U115/><E115/><V30/><F30/><W71/><G21/><T76/><D99/><U44/><E44/><V113/><F113/><W125/><G125/><T9/><D34/><U97/><E97/><V131/><F131/><W43/><G35/><T39/><D39/><U74/><E74/><V25/><F25/><W127/><G26/><T77/><D24/><U29/><E29/><V59/><F59/><W1/><G58/><T7/><D100/><U94/><E94/><V28/><F28/><W73/><G95/><T16/><D101/><U103/><E103/><V6/><AGARI ba="0,2" hai="6,8,15,40,41,45,48,54,60,61,63,104,106,107" machi="6" ten="40,3900,0" yaku="1,1,0,1,53,0" doraHai="55" doraHaiUra="91" who="2" fromWho="2" sc="250,-13,310,-13,160,59,260,-13" /><INIT seed="2,1,0,2,3,32" ten="237,297,219,247" oya="2" hai0="44,10,98,51,3,101,75,39,22,120,131,62,69" hai1="7,95,18,77,37,82,93,76,52,19,110,56,132" hai2="129,11,104,50,27,28,42,130,81,128,12,4,89" hai3="13,35,103,26,80,90,33,40,109,53,60,134,48"/><V38/><F104/><W105/><G109/><T20/><D120/><U115/><E115/><V41/><F38/><W111/><G111/><T2/><D75/><U31/><E37/><V25/><F50/><W73/><G134/><T127/><D39/><U49/><E110/><V87/><REACH who="2" step="1"/><F25/><REACH who="2" ten="237,297,209,247" step="2"/><W113/><G26/><T1/><D127/><U15/><E132/><V65/><F65/><W29/><G48/><T71/><D131/><U124/><E124/><V70/><F70/><W23/><G105/><T5/><D69/><U66/><E66/><V24/><F24/><W99/><G113/><T108/><D108/><U57/><E31/><V67/><F67/><W78/><G29/><T9/><D71/><U123/><E123/><V63/><F63/><W8/><G60/><T92/><D62/><U85/><E77/><V112/><F112/><W58/><G78/><T0/><REACH who="0" step="1"/><D9/><REACH who="0" ten="227,297,209,247" step="2"/><N who="1" m="4543" /><E57/><V116/><F116/><W34/><G58/><T64/><D64/><U125/><E125/><V86/><F86/><W122/><G122/><T126/><D126/><U68/><E68/><V16/><F16/><AGARI ba="1,2" hai="16,18,19,49,52,56,76,82,85,93,95" m="4543" machi="16" ten="30,3900,0" yaku="8,1,54,2" doraHai="32" who="1" fromWho="2" sc="227,0,297,62,209,-42,247,0" /><INIT seed="3,0,0,1,2,105" ten="227,359,167,247" oya="3" hai0="46,111,29,32,48,50,61,119,41,36,102,40,126" hai1="63,15,18,7,120,37,42,91,131,22,6,0,66" hai2="69,97,2,43,67,12,75,116,14,81,94,65,11" hai3="10,107,100,8,1,49,55,23,88,98,121,68,70"/><W24/><G121/><T86/><D119/><U90/><E120/><V58/><F116/><W122/><G122/><T109/><D126/><U133/><E0/><V83/><F69/><W114/><G114/><T82/><D102/><U19/><E131/><V135/><F135/><W59/><G1/><T79/><D61/><U127/><E127/><V85/><F43/><W134/><G134/><T132/><D132/><U73/><E73/><V16/><F2/><W87/><G68/><T84/><D84/><U125/><E125/><V106/><F106/><W93/><REACH who="3" step="1"/><G70/><REACH who="3" ten="227,359,167,237" step="2"/><T52/><D109/><U128/><E133/><V115/><F115/><W13/><G13/><T34/><D111/><U99/><E15/><V104/><F104/><W21/><G21/><T35/><D35/><U108/><E22/><V28/><F28/><AGARI ba="0,1" hai="8,10,23,24,28,49,55,59,87,88,93,98,100,107" machi="28" ten="30,5800,0" yaku="1,1,7,1,54,1,53,0" doraHai="105" doraHaiUra="64" who="3" fromWho="2" sc="227,0,359,0,167,-58,237,68" /><INIT seed="3,1,0,4,5,116" ten="227,359,109,305" oya="3" hai0="20,92,42,65,87,18,56,32,124,127,120,112,88" hai1="96,53,46,108,111,77,23,14,76,64,55,51,84" hai2="129,126,9,83,47,31,101,28,118,24,5,98,10" hai3="39,132,115,122,80,82,35,27,33,26,75,93,44"/><W62/><G115/><T78/><D32/><U89/><E96/><V60/><F118/><W67/><G122/><T95/><D42/><U68/><E68/><V30/><F129/><W90/><G132/><T97/><D112/><U117/><E64/><V15/><F126/><W0/><G0/><T109/><D109/><N who="1" m="42059" /><E117/><V16/><F83/><W85/><G80/><T21/><D78/><U8/><E23/><N who="2" m="13415" /><F47/><W133/><G133/><T48/><D48/><U12/><E55/><V19/><F60/><W119/><G119/><T130/><D56/><U57/><E57/><V38/><F38/><W103/><G35/><T63/><D18/><N who="1" m="8455" /><E14/><N who="2" m="5423" /><F101/><W113/><G33/><T81/><D81/><AGARI ba="1,0" hai="46,51,53,76,77,81,84,89" m="8455,42059" machi="81" ten="30,2000,0" yaku="25,1,14,1" doraHai="116" who="1" fromWho="0" sc="227,-23,359,23,109,0,305,0" owari="204,-19.6,382,48.2,109,-39.1,305,10.5" /></mjloggm>