<mjloggm ver="2.3"><GO type="225" lobby="0"/><UN n0="%E3%82%BC%E3%83%AB%E3%83%80%E3%81%AE%E4%BC%9D%E8%AA%AC" n1="%4C%4F%4C%49%54%41" n2="%6D%75%75%6D%75%72%61" n3="%72%69%6F%75%63%68%61%6E" dan="16,16,16,16" rate="2180.21,2141.75,2145.94,2138.15" sx="M,F,F,M"/><TAIKYOKU oya="0"/><INIT seed="0,0,0,4,4,88" ten="250,250,250,250" oya="0" hai0="126,111,18,109,48,133,92,97,19,28,127,13,75" hai1="132,43,125,71,115,3,11,90,46,129,135,98,52" hai2="60,93,4,81,120,33,124,16,38,128,0,70,110" hai3="84,40,5,101,61,41,39,77,117,2,69,134,78"/><T45/><D75/><U104/><E71/><V123/><F33/><W107/><G117/><T118/><D118/><U37/><E129/><V112/><F112/><W42/><G134/><N who="1" m="51242" /><E125/><N who="0" m="47625" /><D28/><U79/><E115/><V74/><F124/><W47/><G5/><T9/><D133/><U67/><E67/><V27/><F38/><W102/><G2/><T57/><D57/><U100/><E79/><V82/><F128/><W73/><G73/><T55/><D19/><U1/><E11/><V62/><F74/><W12/><G12/><T64/><D64/><U24/><E24/><V89/><F0/><W25/><G25/><T21/><D9/><U63/><E90/><AGARI ba="0,0" hai="13,18,21,45,48,55,90,92,97,109,111" m="47625" machi="90" ten="30,2900,0" yaku="18,1,52,1" doraHai="88" who="0" fromWho="1" sc="250,29,250,-29,250,0,250,0" /><INIT seed="0,1,0,5,0,84" ten="279,221,250,250" oya="0" hai0="1,116,118,9,130,56,30,102,7,16,60,108,97" hai1="51,41,99,111,105,128,44,64,62,117,2,75,42" hai2="29,78,47,65,26,46,34,113,110,4,85,73,129" hai3="13,0,61,70,6,103,23,123,11,80,28,22,124"/><T106/><D130/><U27/><E117/><V21/><F113/><W53/><G124/><T94/><D108/><U83/><E2/><V115/><F115/><W72/><G123/><T101/><D30/><U15/><E128/><V88/><F129/><W19/><G103/><T32/><D32/><U93/><E105/><V98/><F110/><W24/><G53/><T20/><D102/><U134/><E134/><V131/><F131/><W49/><G49/><T126/><D106/><U55/><E111/><V40/><F73/><W119/><G119/><T48/><D48/><U10/><E27/><V107/><F107/><W76/><G70/><T54/><REACH who="0" step="1"/><D126/><REACH who="0" ten="269,221,250,250" step="2"/><U112/><E112/><V25/><F34/><W18/><REACH who="3" step="1"/><G61/><REACH who="3" ten="269,221,250,240" step="2"/><T33/><D33/><U5/><E62/><V87/><F40/><W63/><G63/><T71/><D71/><U90/><E41/><V59/><F65/><W96/><G96/><T135/><D135/><U120/><E64/><V52/><F98/><W74/><G74/><T104/><D104/><U125/><E125/><V132/><F132/><W8/><G8/><T68/><D68/><U50/><E42/><V36/><F52/><W17/><AGARI ba="1,2" hai="0,6,11,13,17,18,19,22,23,24,28,72,76,80" machi="17" ten="30,2000,0" yaku="1,1,0,1,53,0" doraHai="84" doraHaiUra="67" who="3" fromWho="3" sc="269,-11,221,-6,250,-6,240,43" /><INIT seed="1,0,0,2,5,13" ten="258,215,244,283" oya="1" hai0="119,54,62,17,110,33,14,44,42,16,59,25,19" hai1="129,5,15,31,88,71,50,93,53,68,94,37,69" hai2="8,64,105,43,23,99,104,124,113,90,45,4,39" hai3="114,118,86,125,84,95,82,87,109,40,102,12,58"/><U48/><E37/><V135/><F124/><W126/><G109/><T61/><D119/><U20/><E129/><V11/><F135/><W80/><G114/><T106/><D106/><U41/><E93/><V78/><F113/><W24/><G118/><T34/><D110/><U60/><E41/><V55/><F78/><W121/><G121/><T91/><D62/><U112/><E112/><V100/><F104/><W70/><G70/><T98/><D25/><U28/><E60/><V117/><F117/><W85/><G40/><T81/><D14/><U21/><E48/><V103/><F103/><W26/><G58/><T101/><D101/><U0/><E0/><V115/><F115/><W10/><G80/><T38/><REACH who="0" step="1"/><D98/><REACH who="0" ten="248,215,244,283" step="2"/><U67/><E67/><V73/><F100/><W128/><G126/><T46/><D46/><U83/><E15/><V97/><F45/><W108/><G125/><T27/><D27/><U1/><E1/><V107/><F107/><W134/><G108/><T7/><D7/><U3/><E5/><V127/><F97/><N who="3" m="59711" /><G128/><T22/><D22/><U122/><E3/><V116/><F23/><W36/><G134/><T56/><D56/><N who="1" m="32823" /><E20/><V30/><F105/><W9/><G9/><T132/><D132/><U120/><E21/><V77/><F127/><W123/><G123/><T89/><D89/><U35/><E122/><V133/><F90/><N who="3" m="51479" /><G36/><T65/><D65/><U63/><E120/><V76/><F64/><W111/><G111/><T96/><D96/><U74/><E88/><V32/><F39/><W75/><G24/><T18/><N who="0" m="4096" /><DORA hai="79" /><T66/><D66/><RYUUKYOKU ba="0,1" sc="248,30,215,-10,244,-10,283,-10" hai0="33,34,38,42,44,54,59,61,81,91" /><INIT seed="2,1,1,2,0,53" ten="278,205,234,273" oya="2" hai0="126,35,40,100,47,13,29,98,20,90,41,88,4" hai1="5,23,107,96,114,37,56,89,84,26,55,115,14" hai2="57,92,134,103,77,105,71,133,73,59,86,11,95" hai3="121,32,10,80,76,83,63,70,38,119,102,120,45"/><V78/><F71/><W48/><G119/><T79/><D126/><U2/><E2/><V108/><F73/><W131/><G32/><T66/><D79/><N who="2" m="30218" /><F108/><W65/><G131/><T68/><D4/><U106/><E37/><V113/><F113/><W93/><G38/><T129/><D129/><U101/><E106/><V36/><F36/><W75/><G80/><T12/><D35/><U117/><E117/><V17/><F105/><W19/><G19/><T60/><D13/><U51/><E5/><V72/><F72/><W1/><G10/><T44/><D44/><U49/><E49/><V122/><F122/><W135/><G135/><N who="2" m="51721" /><F86/><W110/><G1/><T69/><D68/><U125/><E14/><N who="2" m="7391" /><F92/><W34/><G110/><T128/><D128/><U3/><E3/><V52/><F52/><W81/><G83/><T0/><D0/><U28/><REACH who="1" step="1"/><E125/><REACH who="1" ten="278,195,234,273" step="2"/><V58/><F95/><AGARI ba="1,2" hai="23,26,28,51,55,56,84,89,95,96,101,107,114,115" machi="95" ten="30,7700,0" yaku="1,1,2,1,7,1,52,1,53,0" doraHai="53" doraHaiUra="74" who="1" fromWho="2" sc="278,0,195,100,234,-80,273,0" /><INIT seed="3,0,0,5,4,125" ten="278,295,154,273" oya="3" hai0="39,76,90,47,65,60,24,15,93,3,48,80,2" hai1="86,98,5,42,45,75,77,59,112,105,122,63,62" hai2="4,10,27,102,64,103,25,71,121,66,20,44,21" hai3="43,35,92,100,114,128,115,127,70,101,110,12,107"/><W56/><G128/><T91/><D39/><U51/><E112/><V108/><F108/><W74/><G70/><T84/><D24/><U72/><E122/><V38/><F121/><W55/><G35/><T28/><D28/><U69/><E5/><V79/><F79/><W53/><G74/><T50/><D15/><U36/><E63/><V116/><F116/><W126/><G107/><T57/><D91/><U58/><E58/><V41/><F71/><W6/><G43/><T106/><D106/><U54/><E86/><V23/><F102/><N who="3" m="39531" /><G92/><T14/><D14/><U52/><E77/><V134/><F134/><W73/><G73/><N who="1" m="28234" /><E54/><N who="3" m="20490" /><G110/><T94/><D94/><U26/><E105/><V130/><F130/><W11/><G56/><T8/><D8/><U9/><E9/><V131/><F131/><W0/><G0/><T19/><D47/><U40/><E40/><V78/><F78/><W113/><G114/><T33/><D33/><U133/><E133/><V34/><F103/><W99/><G99/><N who="0" m="57783" /><D2/><U17/><E98/><V135/><F135/><W67/><G67/><T32/><D32/><U124/><E69/><V89/><F89/><W82/><G82/><T97/><D3/><U31/><E36/><V123/><F123/><W117/><G117/><T46/><D97/><U49/><E49/><N who="0" m="19049" /><D46/><U29/><E124/><N who="3" m="47658" /><G113/><T109/><D109/><U13/><E26/><N who="2" m="9739" /><F34/><W37/><G115/><T85/><D85/><U104/><E104/><V129/><F129/><W83/><G83/><T16/><AGARI ba="0,0" hai="16,19,57,60,65,76,80,84" m="19049,57783" machi="16" ten="30,2000,0" yaku="8,1,54,1" doraHai="125" who="0" fromWho="0" sc="278,20,295,-5,154,-5,273,-10" /><INIT seed="4,0,0,1,1,129" ten="298,290,149,263" oya="0" hai0="89,91,10,55,31,48,21,1,69,25,38,0,60" hai1="83,122,61,119,50,46,108,5,81,57,121,123,74" hai2="96,102,113,79,66,39,20,128,88,106,130,68,14" hai3="127,11,51,124,76,107,23,12,77,34,24,115,53"/><T92/><D38/><U82/><E108/><V109/><F109/><W49/><G115/><T9/><D0/><U125/><E125/><N who="3" m="48202" /><G34/><T65/><D1/><U44/><E119/><V47/><F113/><W42/><G107/><T131/><D131/><U29/><E5/><V94/><F79/><N who="3" m="30283" /><G42/><T70/><D70/><U7/><E7/><V110/><F110/><W93/><G93/><T43/><D43/><U28/><E74/><V97/><F39/><W84/><G84/><T132/><D132/><U73/><E73/><V71/><F47/><W3/><G3/><T67/><D89/><U87/><E87/><V80/><F80/><W26/><G23/><T58/><D67/><U35/><E35/><V120/><F120/><W100/><G100/><T118/><D118/><U32/><E32/><V30/><F71/><W98/><G98/><AGARI ba="0,0" hai="9,10,21,25,31,48,55,58,60,65,69,91,92,98" machi="98" ten="30,1500,0" yaku="7,1" doraHai="129" who="0" fromWho="3" sc="298,15,290,0,149,0,263,-15" owari="313,41.3,290,9.0,149,-35.1,248,-15.2" /></mjloggm>