<mjloggm ver="2.3"><GO type="225" lobby="0"/><UN n0="%E3%82%A2%E3%83%8A%E3%83%BC%E3%81%8D%E3%83%BC" n1="%E3%81%82%E3%81%99%E3%81%AB%E3%82%83%E3%82%80" n2="%72%69%6F%75%63%68%61%6E" n3="%77%72%77%72%77%72%77%72" dan="16,16,16,16" rate="2083.26,2123.64,2142.47,2085.18" sx="M,F,M,M"/><TAIKYOKU oya="0"/><INIT seed="0,0,0,0,3,115" ten="250,250,250,250" oya="0" hai0="112,77,126,16,23,48,72,110,56,11,54,28,70" hai1="124,86,114,80,78,113,106,117,5,81,129,68,47" hai2="32,13,132,96,85,37,35,6,118,122,15,76,36" hai3="125,131,26,12,111,51,3,61,55,20,99,44,98"/><T73/><D112/><N who="1" m="43115" /><E68/><V33/><F122/><W22/><G3/><T65/><D126/><U29/><E29/><V103/><F132/><W94/><G125/><T52/><D110/><U108/><E108/><V17/><F118/><W120/><G120/><T57/><D77/><U8/><E124/><V50/><F50/><W27/><G111/><T89/><D28/><U14/><E106/><V95/><F6/><W107/><G107/><T75/><D70/><U2/><E129/><V18/><F13/><W128/><G12/><T105/><D105/><U39/><E81/><V30/><F30/><N who="3" m="17735" /><G61/><T121/><D121/><U31/><E31/><V130/><F130/><N who="3" m="49707" /><G94/><T53/><D65/><U10/><E47/><V100/><F100/><W1/><G1/><T91/><D11/><U34/><E39/><V135/><F135/><W101/><G101/><T92/><D92/><U45/><E45/><V41/><F18/><AGARI ba="0,0" hai="18,22,27,44,51,55,98,99" m="49707,17735" machi="18" ten="30,1000,0" yaku="19,1" doraHai="115" who="3" fromWho="2" sc="250,0,250,0,250,-10,250,10" /><INIT seed="1,0,0,5,3,22" ten="250,250,240,260" oya="1" hai0="61,70,110,26,14,64,108,21,11,86,77,89,119" hai1="55,29,68,109,50,54,32,72,116,36,42,82,23" hai2="126,113,125,20,128,5,27,105,131,111,93,104,40" hai3="99,57,16,122,127,51,9,115,73,124,25,46,75"/><U0/><E68/><V98/><F111/><N who="0" m="42538" /><D119/><U106/><E109/><V1/><F113/><W114/><G122/><T100/><D100/><U59/><E106/><N who="2" m="41067" /><F40/><W52/><G99/><T65/><D64/><U91/><E116/><V69/><F69/><W53/><G75/><T84/><D89/><U43/><E32/><V88/><F5/><W4/><G73/><T78/><D77/><U2/><E2/><V18/><F1/><W130/><G130/><AGARI ba="0,0" hai="18,20,27,88,93,98,125,126,128,130,131" m="41067" machi="130" ten="30,3900,0" yaku="19,1,52,1,54,1" doraHai="22" who="2" fromWho="3" sc="250,0,250,0,240,39,260,-39" /><INIT seed="2,0,0,4,4,23" ten="250,250,279,221" oya="2" hai0="128,125,81,7,50,122,94,42,60,97,114,131,55" hai1="8,2,80,6,87,83,19,18,116,120,61,1,41" hai2="76,86,40,72,84,56,35,70,67,21,36,34,25" hai3="11,93,43,16,117,45,0,113,22,77,4,38,100"/><V27/><F70/><W134/><G134/><T69/><D114/><U119/><E120/><V24/><F72/><W52/><G113/><T82/><D122/><U66/><E41/><V46/><F21/><W51/><G117/><T106/><D106/><U5/><E61/><V17/><F17/><W68/><G77/><T124/><D42/><U126/><E87/><V105/><F105/><W53/><G68/><T9/><D60/><U123/><E123/><V26/><N who="2" m="6144" /><DORA hai="111" /><V74/><F74/><W37/><G100/><N who="0" m="60471" /><D82/><U79/><E8/><V88/><F76/><W65/><G65/><T75/><D81/><U63/><E63/><V133/><F133/><W20/><G93/><T54/><D75/><U64/><REACH who="1" step="1"/><E79/><REACH who="1" ten="250,240,279,221" step="2"/><V101/><F84/><W78/><G78/><T12/><D69/><U90/><E90/><V58/><F101/><W127/><G37/><T91/><D91/><U89/><E89/><V47/><F67/><W13/><G38/><T14/><D54/><U10/><E10/><V99/><F99/><W3/><G22/><T31/><D9/><U39/><E39/><V104/><F40/><W107/><G0/><T96/><D55/><U103/><E103/><V73/><F36/><W102/><REACH who="3" step="1"/><G127/><AGARI ba="0,1" hai="1,2,5,6,18,19,64,66,80,83,116,119,126,127" machi="127" ten="25,8000,1" yaku="1,1,22,2,53,2" doraHai="23,111" doraHaiUra="44,115" who="1" fromWho="3" sc="250,0,240,90,279,0,221,-80" /><INIT seed="3,0,0,5,1,83" ten="250,330,279,141" oya="3" hai0="93,2,34,60,103,130,9,105,46,108,48,107,20" hai1="5,76,66,82,132,13,135,114,4,90,126,84,78" hai2="58,14,77,71,88,85,45,94,100,98,26,6,55" hai3="74,96,3,111,56,0,72,128,65,52,117,101,62"/><W104/><G117/><T106/><D34/><U53/><E114/><V37/><F71/><W15/><G128/><T68/><D130/><U127/><E66/><V39/><F77/><N who="1" m="29801" /><E53/><V54/><F26/><W110/><G15/><T80/><D108/><N who="3" m="41513" /><G65/><T92/><D20/><U112/><E112/><V11/><F45/><W109/><N who="3" m="41521" /><W86/><DORA hai="25" /><G86/><T119/><D93/><U99/><E99/><V42/><F42/><W129/><G129/><T102/><D48/><U64/><E64/><V75/><F75/><AGARI ba="0,0" hai="0,3,52,56,62,72,74,75,96,101,104" m="41521" machi="75" ten="40,7700,0" yaku="14,1,10,1,54,1" doraHai="83,25" who="3" fromWho="2" sc="250,0,330,0,279,-77,141,77" /><INIT seed="3,1,0,4,4,26" ten="250,330,202,218" oya="3" hai0="121,53,25,91,110,85,29,61,54,105,120,71,114" hai1="92,64,88,124,5,116,104,12,118,103,75,32,90" hai2="17,119,59,86,41,40,20,13,98,9,78,82,108" hai3="49,36,18,0,87,8,106,126,44,100,66,69,48"/><W65/><G126/><T56/><D110/><U72/><E32/><V81/><F108/><W1/><G106/><T133/><D105/><U6/><E64/><N who="3" m="24682" /><G69/><T74/><D74/><N who="1" m="28203" /><E124/><V19/><F119/><N who="1" m="45609" /><E12/><V14/><F98/><W58/><G36/><T42/><D71/><U46/><E46/><V115/><F115/><W39/><G39/><T4/><D114/><U23/><E23/><V102/><F102/><W27/><G100/><T51/><D133/><U34/><E34/><V43/><F82/><W130/><G130/><T132/><D132/><U117/><E117/><V10/><REACH who="2" step="1"/><F59/><REACH who="2" ten="250,330,192,218" step="2"/><W3/><G58/><T45/><D56/><U22/><E103/><V99/><F99/><W21/><G0/><T97/><D97/><U31/><E104/><V79/><F79/><W111/><G1/><T80/><D80/><U123/><E92/><V128/><F128/><W60/><G111/><T101/><D101/><U37/><E90/><V89/><F89/><W62/><G3/><T84/><D91/><U35/><E88/><V63/><F63/><N who="3" m="24107" /><G87/><T33/><D85/><U28/><E37/><V122/><F122/><W7/><G44/><T112/><D84/><U16/><E123/><V95/><F95/><W15/><AGARI ba="1,1" hai="7,8,15,18,21,27,48,49" m="24107,24682" machi="15" ten="30,1500,0" yaku="8,1" doraHai="26" who="3" fromWho="3" sc="250,-6,330,-6,192,-6,218,28" /><INIT seed="3,2,0,2,1,82" ten="244,324,186,246" oya="3" hai0="112,74,94,118,10,21,116,33,100,27,89,50,105" hai1="84,46,122,57,132,109,37,99,131,18,88,8,123" hai2="71,124,20,42,79,104,19,17,127,115,25,62,51" hai3="110,93,24,30,75,55,101,4,87,23,63,103,95"/><W14/><G75/><T43/><D112/><U134/><E109/><V128/><F115/><W81/><G110/><T106/><D74/><U60/><E99/><V32/><F104/><W120/><G120/><T66/><D33/><U53/><E131/><V22/><F32/><W67/><G4/><T64/><D106/><U90/><E90/><V0/><F0/><W48/><G14/><T107/><D107/><U97/><E97/><V126/><F128/><W47/><G101/><T117/><D105/><U113/><E113/><V26/><F79/><W68/><G103/><T76/><D100/><U129/><E129/><V41/><REACH who="2" step="1"/><F51/><REACH who="2" ten="244,324,176,246" step="2"/><W119/><G119/><T114/><D76/><AGARI ba="2,1" hai="23,24,30,47,48,55,63,67,68,76,81,87,93,95" machi="76" ten="30,2900,0" yaku="7,1,52,1" doraHai="82" who="3" fromWho="0" sc="244,-35,324,0,176,0,246,45" /><INIT seed="3,3,0,2,1,78" ten="209,324,176,291" oya="3" hai0="51,53,26,119,102,49,73,37,83,121,126,17,94" hai1="106,122,19,52,97,80,81,25,62,59,67,42,65" hai2="60,113,134,23,91,54,110,74,33,76,88,31,64" hai3="66,82,101,56,38,75,118,133,100,20,105,36,123"/><W46/><G118/><T112/><D37/><U130/><E122/><V57/><F113/><W29/><G123/><T2/><D121/><U99/><E130/><V21/><F134/><W28/><G133/><T71/><D112/><U103/><E42/><V72/><F110/><W92/><G105/><T68/><D119/><U27/><E99/><V95/><F33/><W115/><G115/><T98/><D2/><U135/><E135/><V16/><F76/><N who="3" m="44319" /><G46/><T107/><D126/><U93/><E106/><V117/><F117/><W14/><G14/><T70/><D107/><U111/><E111/><V127/><F127/><W114/><G29/><T84/><D73/><U6/><E6/><V131/><F131/><W48/><G48/><T15/><D26/><N who="1" m="9739" /><E19/><V9/><F31/><W13/><G13/><T0/><D0/><U108/><E108/><V128/><F128/><W35/><G101/><T104/><D104/><U129/><E129/><V86/><F74/><W47/><G47/><T8/><REACH who="0" step="1"/><D53/><REACH who="0" ten="199,324,176,291" step="2"/><U10/><E52/><V34/><F72/><W63/><G38/><T124/><D124/><U1/><E1/><V61/><F34/><W24/><G36/><T58/><D58/><U4/><E59/><N who="2" m="34935" /><F91/><AGARI ba="3,1" hai="8,15,17,49,51,68,70,71,83,84,91,94,98,102" machi="91" ten="40,8000,1" yaku="1,1,52,1,53,2" doraHai="78" doraHaiUra="44" who="0" fromWho="2" sc="199,99,324,0,176,-89,291,0" owari="298,9.8,324,42.4,87,-41.3,291,-10.9" /></mjloggm>