<mjloggm ver="2.3"><GO type="225" lobby="0"/><UN n0="%E3%81%8B%E3%82%8F%E3%81%A1%E3%82%83%E3%82%93%35%38" n1="%E3%80%93%E3%81%97%E3%83%BC%E3%82%89%E3%80%93" n2="%E3%83%81%E3%83%83%E3%82%BF%E3%82%BD%E3%83%BC" n3="%E3%81%95%E3%81%8D%E3%81%9F%E3%81%BE%E6%9E%97%E6%AA%8E" dan="16,16,17,16" rate="2106.48,2191.04,2194.94,2072.48" sx="M,M,F,M"/><TAIKYOKU oya="0"/><INIT seed="0,0,0,0,2,134" ten="250,250,250,250" oya="0" hai0="27,77,63,113,117,68,38,98,41,12,103,81,55" hai1="20,25,14,64,124,89,96,95,56,92,114,110,84" hai2="57,111,42,94,46,122,97,44,79,62,104,31,28" hai3="21,71,30,51,91,53,85,60,107,37,34,10,29"/><T121/><D121/><U33/><BYE who="0" /><E124/><V7/><F111/><W119/><G107/><UN n0="%E3%81%8B%E3%82%8F%E3%81%A1%E3%82%83%E3%82%93%35%38" /><T48/><D113/><U8/><E33/><V131/><F131/><W133/><G133/><T45/><D117/><U135/><E110/><V9/><F104/><W108/><G108/><T105/><D12/><U115/><E135/><V19/><F19/><W65/><G119/><T3/><D3/><U126/><E126/><V90/><F79/><W100/><G37/><T99/><D99/><U106/><E106/><V72/><F72/><W74/><G74/><T6/><D6/><U35/><E35/><V2/><F122/><W83/><G100/><T129/><D129/><U4/><E56/><V58/><F58/><W52/><G34/><T36/><D27/><U112/><E64/><V101/><F101/><W23/><G10/><T132/><D132/><U88/><REACH who="1" step="1"/><E114/><REACH who="1" ten="250,240,250,250" step="2"/><V116/><F116/><W125/><G125/><T59/><REACH who="0" step="1"/><D68/><REACH who="0" ten="240,240,250,250" step="2"/><U102/><E102/><V0/><F0/><W18/><G71/><T40/><D40/><U22/><E22/><V123/><F123/><W16/><G23/><T15/><D15/><U17/><AGARI ba="0,2" hai="4,8,14,17,20,25,84,88,89,92,95,96,112,115" machi="17" ten="30,7900,0" yaku="1,1,0,1,54,1,53,1" doraHai="134" doraHaiUra="5" who="1" fromWho="1" sc="240,-39,240,99,250,-20,250,-20" /><INIT seed="1,0,0,4,1,41" ten="201,339,230,230" oya="1" hai0="77,17,15,105,38,66,96,58,51,47,61,52,6" hai1="62,25,0,11,81,40,130,115,20,33,35,108,92" hai2="56,133,87,132,54,30,34,127,72,83,102,59,116" hai3="85,7,44,125,18,46,122,45,28,91,57,84,14"/><U117/><E117/><V29/><F116/><W36/><G125/><T120/><D120/><U63/><E115/><V37/><F37/><W86/><G122/><T80/><D105/><U112/><E112/><V48/><F127/><W134/><G134/><N who="2" m="51817" /><F72/><W82/><G36/><T88/><D38/><U135/><E35/><V73/><F73/><W32/><G32/><T27/><D27/><U99/><E33/><V1/><F1/><W131/><G131/><T100/><D100/><U24/><E40/><V95/><F34/><W124/><G124/><T19/><D77/><U78/><E25/><V97/><F59/><W64/><G28/><T104/><D104/><U3/><E108/><V101/><F101/><W114/><G7/><T69/><D69/><U109/><E109/><V8/><F8/><N who="3" m="6471" /><G114/><T67/><D67/><U123/><E130/><V128/><F128/><W13/><G13/><T65/><D65/><U21/><E0/><V70/><F70/><W118/><G118/><T79/><D79/><AGARI ba="0,0" hai="29,30,48,54,56,79,83,87,95,97,102" m="51817" machi="79" ten="30,1000,0" yaku="20,1" doraHai="41" who="2" fromWho="0" sc="201,-10,339,0,230,10,230,0" /><INIT seed="2,0,0,3,3,127" ten="191,339,240,230" oya="2" hai0="29,59,120,81,7,13,107,72,100,45,129,98,104" hai1="132,52,86,11,126,39,122,60,99,56,49,66,67" hai2="114,44,32,0,50,89,31,47,46,63,85,71,41" hai3="38,2,77,55,117,101,16,68,135,61,23,65,106"/><V113/><F0/><W83/><G117/><T110/><D29/><U131/><E39/><V43/><F31/><W91/><G38/><T119/><D59/><U134/><E126/><V62/><F32/><W94/><G2/><T20/><D20/><U88/><E122/><V22/><F22/><W90/><G106/><N who="0" m="63767" /><D45/><N who="2" m="17514" /><F89/><W69/><G69/><T5/><D13/><U18/><E99/><V42/><F85/><W21/><G21/><T8/><D8/><U51/><E18/><V112/><F71/><W54/><G77/><N who="0" m="44199" /><D5/><U10/><E10/><V80/><F80/><W123/><G68/><T108/><D7/><U35/><E11/><V28/><F28/><W97/><G65/><T109/><D120/><U57/><E86/><V74/><F74/><W79/><G123/><T96/><D119/><U125/><E125/><V73/><F73/><W14/><G14/><T53/><D53/><AGARI ba="0,0" hai="41,42,43,47,50,53,62,63,112,113,114" m="17514" machi="53" ten="40,3900,0" yaku="34,2" doraHai="127" who="2" fromWho="0" sc="191,-39,339,0,240,39,230,0" /><INIT seed="2,1,0,2,3,36" ten="152,339,279,230" oya="2" hai0="49,50,13,80,89,12,130,45,65,1,116,19,51" hai1="8,0,39,83,98,43,52,133,9,131,24,93,60" hai2="7,57,81,23,90,18,77,111,20,47,53,119,100" hai3="34,29,122,110,67,120,31,95,71,86,15,74,125"/><V112/><F112/><W6/><G74/><T118/><D1/><U26/><E131/><V132/><F132/><W96/><G125/><T104/><D104/><U113/><E133/><V73/><F119/><W124/><G124/><T106/><D106/><U10/><E0/><V40/><F100/><W17/><G6/><T33/><D33/><U5/><E5/><V30/><F30/><W121/><G86/><T103/><D103/><U109/><E83/><V94/><F7/><W69/><G110/><T35/><D35/><U102/><E109/><V56/><F111/><W66/><G34/><T123/><D123/><U42/><E39/><V114/><F114/><W101/><G67/><T84/><D130/><U21/><E113/><V127/><F127/><W62/><REACH who="3" step="1"/><G71/><REACH who="3" ten="152,339,279,220" step="2"/><T37/><D65/><U64/><E64/><V11/><F73/><W4/><G4/><T88/><D89/><U85/><E85/><V55/><F90/><W14/><G14/><T68/><D68/><U72/><E72/><V16/><F77/><W28/><G28/><T63/><D63/><U38/><E26/><V91/><F91/><W128/><G128/><T22/><REACH who="0" step="1"/><D12/><REACH who="0" ten="142,339,279,220" step="2"/><U117/><E60/><V135/><F135/><W99/><G99/><T41/><AGARI ba="1,2" hai="13,19,22,37,41,45,49,50,51,80,84,88,116,118" machi="41" ten="30,8000,1" yaku="1,1,2,1,0,1,52,1,54,1,53,0" doraHai="36" doraHaiUra="105" who="0" fromWho="0" sc="142,103,339,-21,279,-41,220,-21" /><INIT seed="3,0,0,4,2,62" ten="245,318,238,199" oya="3" hai0="102,117,56,55,41,109,34,8,111,78,107,113,101" hai1="116,29,4,96,99,52,7,37,98,5,87,49,32" hai2="91,129,50,12,10,90,23,120,105,134,22,97,0" hai3="126,103,65,28,110,84,85,54,83,18,70,71,69"/><W11/><G28/><T94/><D117/><U74/><E74/><V58/><F0/><W36/><G36/><T25/><D107/><U95/><E37/><V66/><F129/><W40/><G40/><T128/><D128/><U68/><E68/><V127/><F134/><W133/><G133/><T31/><D113/><U75/><E75/><V13/><F127/><W27/><G126/><T16/><D78/><U81/><E32/><V77/><F77/><W125/><G125/><T14/><D41/><U6/><E6/><V2/><F2/><W24/><G103/><T33/><D33/><U79/><E29/><V1/><F1/><W57/><G110/><N who="0" m="41995" /><D94/><U3/><E3/><V92/><F105/><W42/><G42/><T115/><D115/><U108/><E108/><V44/><F90/><W80/><G11/><T53/><D53/><U51/><E51/><AGARI ba="0,0" hai="8,14,16,25,31,34,51,55,56,101,102" m="41995" machi="51" ten="30,2000,0" yaku="14,1,54,1" doraHai="62" who="0" fromWho="1" sc="245,20,318,-20,238,0,199,0" /><INIT seed="4,0,0,5,3,91" ten="265,298,238,199" oya="0" hai0="3,15,59,92,16,72,45,36,28,12,125,80,109" hai1="81,89,111,17,129,52,55,50,84,135,47,14,88" hai2="33,35,26,106,20,51,58,75,77,49,62,19,7" hai3="108,110,123,1,41,103,38,40,42,56,120,115,23"/><T46/><D3/><U99/><E111/><N who="3" m="42538" /><G1/><T132/><D109/><U11/><E129/><V78/><F106/><W104/><G104/><T95/><D28/><U69/><E69/><V126/><F126/><W9/><G9/><T22/><D125/><U24/><E135/><V44/><F7/><W34/><G34/><T121/><D121/><N who="3" m="46665" /><G103/><T130/><D132/><U39/><E39/><V71/><F71/><W18/><G18/><N who="0" m="10567" /><D72/><U29/><E99/><V0/><F0/><W97/><G97/><T76/><D36/><U66/><E66/><V100/><F100/><W68/><G23/><T48/><D130/><U60/><E89/><V114/><F75/><W32/><G32/><T25/><D25/><U87/><E84/><V67/><F51/><W82/><G82/><T65/><D80/><U105/><E105/><V116/><F33/><W43/><G68/><T37/><D76/><U79/><E79/><V73/><F35/><W5/><G5/><T61/><D37/><U101/><E101/><V96/><F73/><W64/><G115/><T117/><D117/><U113/><E113/><V6/><F116/><W70/><G70/><T8/><D48/><U134/><E134/><V128/><F128/><W118/><G118/><T31/><D31/><U85/><E87/><V27/><F114/><W13/><G13/><T93/><AGARI ba="0,0" hai="8,15,16,45,46,59,61,65,92,93,95" m="10567" machi="93" ten="30,12000,1" yaku="8,1,52,3,54,1" doraHai="91" who="0" fromWho="0" sc="265,120,298,-40,238,-40,199,-40" owari="385,48.5,258,5.8,198,-20.2,159,-34.1" /></mjloggm>