<mjloggm ver="2.3"><GO type="225" lobby="0"/><UN n0="%E8%81%B7%E6%A5%AD%E3%80%81%E9%A2%A8%32" n1="%48%61%61%61%6C%61%6E%64" n2="%E6%A1%9C%E8%8A%B1%E9%96%83%E3%80%85" n3="%6D%75%75%6D%75%72%61" dan="16,17,18,16" rate="2076.10,2237.88,2257.39,2092.79" sx="M,M,M,F"/><TAIKYOKU oya="0"/><INIT seed="0,0,0,2,2,69" ten="250,250,250,250" oya="0" hai0="39,95,70,72,109,44,103,25,126,64,74,85,47" hai1="133,9,65,33,48,96,107,117,77,18,127,106,53" hai2="116,105,134,55,88,104,100,94,89,27,52,32,131" hai3="121,113,75,122,82,56,91,24,40,30,124,37,87"/><T119/><D119/><U112/><E117/><V83/><F131/><W86/><G113/><T17/><D126/><U46/><E33/><V50/><F116/><W78/><G124/><T110/><D70/><U118/><E118/><V132/><F100/><W67/><G67/><T49/><D64/><U93/><E127/><V28/><F83/><W57/><G40/><N who="0" m="22559" /><D103/><U23/><E112/><V81/><F81/><N who="3" m="47415" /><G37/><T101/><D25/><U76/><E65/><V108/><F108/><N who="0" m="41578" /><D17/><U34/><E18/><V42/><F42/><W22/><G75/><N who="0" m="28715" /><D101/><U2/><E46/><N who="2" m="27735" /><F55/><W14/><G14/><T29/><D29/><U80/><E53/><V7/><F7/><W31/><G31/><T115/><D115/><U129/><E129/><V21/><F32/><W19/><G30/><T135/><D135/><N who="2" m="51754" /><F89/><W4/><G4/><T10/><D10/><U41/><E9/><V3/><F3/><W59/><G59/><T97/><D97/><AGARI ba="0,0" hai="21,27,28,88,94,97,104,105" m="51754,27735" machi="97" ten="30,3900,0" yaku="20,1,54,2" doraHai="69" who="2" fromWho="0" sc="250,-39,250,0,250,39,250,0" /><INIT seed="1,0,0,1,4,80" ten="211,250,289,250" oya="1" hai0="107,52,82,33,78,75,70,23,68,31,134,11,45" hai1="58,103,104,9,102,29,69,126,41,35,51,22,44" hai2="26,90,112,15,128,40,21,18,67,1,133,114,37" hai3="101,57,5,121,63,61,0,73,130,124,76,47,56"/><U2/><E69/><V131/><F67/><W81/><G121/><T132/><D107/><U71/><E71/><V118/><F40/><W53/><G130/><N who="2" m="49705" /><F37/><W95/><G124/><T17/><D33/><U94/><E35/><V64/><F64/><W106/><G106/><T135/><D31/><U20/><E126/><V39/><F39/><W86/><G47/><T74/><D74/><U105/><E105/><V110/><F110/><W4/><G0/><T88/><D11/><U24/><E104/><V66/><F66/><N who="3" m="39207" /><G73/><T89/><D68/><U129/><E129/><V36/><F36/><W59/><G59/><T98/><D98/><AGARI ba="0,0" hai="4,5,53,57,63,76,81,86,95,98,101" m="39207" machi="98" ten="30,2000,0" yaku="8,1,52,1" doraHai="80" who="3" fromWho="0" sc="211,-20,250,0,289,0,250,20" /><INIT seed="2,0,0,2,4,82" ten="191,250,289,270" oya="2" hai0="125,48,40,45,107,42,135,0,36,117,101,58,43" hai1="109,17,13,35,60,14,96,23,133,97,61,85,134" hai2="10,65,108,78,37,103,66,11,116,123,90,34,54" hai3="83,50,104,57,49,5,3,106,18,113,77,79,67"/><V68/><F116/><W112/><G3/><T25/><D117/><U69/><E35/><V86/><F123/><W114/><G5/><T124/><D0/><U55/><E109/><V81/><F34/><W2/><G2/><T12/><D107/><N who="3" m="41001" /><G18/><T1/><D1/><U72/><E72/><V100/><F37/><W99/><G99/><T115/><D101/><N who="2" m="38986" /><F68/><W129/><G129/><T47/><D25/><U62/><E69/><V111/><F54/><W80/><G67/><N who="2" m="25609" /><F78/><N who="3" m="29707" /><G57/><T6/><D115/><U20/><E55/><V39/><F39/><W63/><G63/><T44/><D135/><U52/><E52/><V130/><F130/><W41/><G41/><N who="0" m="22567" /><D12/><U120/><E120/><V105/><F105/><W92/><G92/><T70/><D70/><U73/><E134/><V127/><F108/><W94/><G94/><T102/><D102/><U131/><E133/><V95/><F111/><W30/><G30/><T87/><D58/><U4/><E131/><V93/><F93/><W33/><G33/><T128/><D128/><U21/><E13/><V91/><F11/><W89/><G89/><T8/><D43/><U132/><E132/><V16/><F16/><W32/><G32/><T9/><D42/><U75/><E17/><V64/><F10/><N who="0" m="4202" /><D6/><U7/><E14/><V84/><F64/><W126/><G126/><N who="0" m="48747" /><D47/><U53/><E4/><V74/><F127/><W122/><G122/><T22/><D22/><U24/><E7/><V29/><F29/><W121/><G121/><T19/><D19/><U119/><E21/><V110/><F110/><W28/><G28/><T76/><D76/><RYUUKYOKU ba="0,0" sc="191,10,250,-30,289,10,270,10" hai0="40,45,48,87" hai2="74,81,84,86,90,91,95" hai3="49,50,80,83,112,113,114" /><INIT seed="2,1,0,1,0,115" ten="201,220,299,280" oya="2" hai0="92,26,65,55,110,93,88,3,42,51,30,76,40" hai1="8,119,70,89,7,15,37,54,108,66,73,94,71" hai2="12,129,118,81,31,0,61,124,109,50,22,13,99" hai3="125,120,80,101,29,52,100,77,91,114,25,82,122"/><V47/><F0/><W44/><G114/><T2/><D110/><U113/><E113/><V104/><F124/><W6/><G125/><T97/><D76/><U135/><E108/><V116/><F109/><W48/><G6/><T56/><D65/><U112/><E112/><V34/><F34/><W33/><G91/><T27/><D27/><U11/><E73/><V14/><F61/><W10/><G10/><T63/><D63/><U20/><E135/><V83/><F129/><W35/><G35/><T121/><D121/><U128/><E128/><V59/><F59/><W9/><G9/><T85/><D2/><U117/><E37/><V46/><F31/><W72/><REACH who="3" step="1"/><G82/><REACH who="3" ten="201,220,299,270" step="2"/><T103/><REACH who="0" step="1"/><D3/><REACH who="0" ten="191,220,299,270" step="2"/><U1/><E1/><V107/><F118/><W53/><G53/><T5/><D5/><U127/><E54/><V87/><F116/><W32/><G32/><AGARI ba="1,2" hai="26,30,32,40,42,51,55,56,85,88,92,93,97,103" machi="32" ten="30,7700,0" yaku="1,1,7,1,54,1,53,1" doraHai="115" doraHaiUra="84" who="0" fromWho="3" sc="191,100,220,0,299,0,270,-80" /><INIT seed="3,0,0,5,1,78" ten="291,220,299,190" oya="3" hai0="72,79,9,2,111,69,42,122,107,20,113,58,109" hai1="1,74,52,135,98,101,50,62,93,86,114,30,110" hai2="10,130,6,41,70,81,28,43,102,17,27,7,19" hai3="44,32,71,67,37,77,119,38,85,24,60,89,47"/><W75/><G119/><T29/><D69/><U84/><E114/><V96/><F70/><W11/><G11/><T63/><D107/><U61/><E74/><V100/><F130/><W53/><G75/><T76/><D113/><U91/><E1/><V4/><F81/><W117/><G77/><T64/><D122/><U129/><E110/><N who="0" m="41993" /><D72/><U108/><E135/><V33/><F100/><W90/><G117/><T120/><D120/><U124/><E124/><V132/><F132/><W115/><G115/><T21/><D42/><U103/><E129/><V13/><REACH who="2" step="1"/><F19/><REACH who="2" ten="291,220,289,190" step="2"/><W127/><G127/><T126/><D126/><U97/><E103/><V95/><AGARI ba="0,1" hai="4,6,7,10,13,17,27,28,33,41,43,95,96,102" machi="95" ten="30,4000,0" yaku="1,1,2,1,0,1,53,0" doraHai="78" doraHaiUra="46" who="2" fromWho="2" sc="291,-10,220,-10,289,50,190,-20" owari="281,8.1,210,-19.0,339,43.9,170,-33.0" /></mjloggm>