<mjloggm ver="2.3"><GO type="225" lobby="0"/><UN n0="%E5%AF%82%E5%AF%9E%E3%82%AE%E3%83%8D%E3%82%B9%E3%83%93%E3%83%BC%E3%83%AB" n1="%E3%83%AC%E3%82%A4%E3%83%88%E3%83%B3%E5%87%86%E6%95%99%E6%8E%88" n2="%E6%80%AA%E3%81%97%E3%81%99%E3%81%8E%E3%82%8B%E3%83%81%E3%83%BC" n3="%4C%4F%4C%49%54%41" dan="16,18,16,16" rate="2150.26,2207.05,2129.48,2204.33" sx="M,M,M,F"/><TAIKYOKU oya="0"/><INIT seed="0,0,0,4,4,59" ten="250,250,250,250" oya="0" hai0="62,63,102,5,99,30,6,96,44,74,20,118,65" hai1="50,35,61,18,73,56,119,2,71,47,33,94,23" hai2="93,67,28,32,77,95,91,12,52,133,80,101,90" hai3="126,40,88,76,121,97,34,100,14,43,132,57,64"/><T134/><D118/><U112/><E119/><V8/><F133/><W83/><G34/><T120/><D120/><U86/><E73/><V16/><F67/><W53/><G126/><T54/><D74/><U131/><E71/><V19/><F32/><W78/><G132/><T27/><D134/><U109/><E2/><V37/><F37/><W42/><G64/><T115/><D115/><U10/><E10/><V55/><F28/><W72/><G121/><T68/><D99/><U114/><E109/><V125/><F125/><W127/><G127/><T128/><D128/><U106/><E106/><V87/><F19/><W60/><G14/><T117/><D117/><U45/><E131/><V81/><F101/><W38/><G76/><T69/><D69/><U4/><E4/><V122/><F122/><W129/><G129/><T103/><D103/><U98/><E86/><N who="2" m="48399" /><F93/><W107/><REACH who="3" step="1"/><G88/><REACH who="3" ten="250,250,250,240" step="2"/><T1/><D1/><U66/><E35/><V51/><F51/><W130/><G130/><T79/><D79/><U21/><E33/><V135/><F135/><W105/><G105/><T111/><D111/><U29/><E50/><V0/><F0/><W13/><G13/><T41/><D102/><N who="1" m="60759" /><E114/><V31/><F31/><W48/><G48/><N who="0" m="26639" /><D96/><AGARI ba="0,1" hai="8,12,16,52,55,81,87,90,91,95,96" m="48399" machi="96" ten="30,3900,0" yaku="8,1,54,2" doraHai="59" who="2" fromWho="0" sc="250,-39,250,0,250,49,240,0" /><INIT seed="1,0,0,1,3,59" ten="211,250,299,240" oya="1" hai0="8,121,78,104,130,105,82,86,7,3,18,63,126" hai1="128,36,125,106,122,48,83,88,109,16,41,57,99" hai2="119,107,71,100,94,25,53,117,95,115,0,135,132" hai3="85,114,26,39,90,70,93,108,92,98,60,80,42"/><U15/><E122/><V66/><F0/><W6/><G114/><T101/><D121/><U23/><E125/><V73/><F115/><W129/><G108/><T67/><D126/><U91/><E109/><V69/><F73/><W27/><G129/><T5/><D130/><U64/><E128/><V54/><F25/><W12/><G39/><T113/><D113/><U110/><E110/><V65/><F100/><W46/><G70/><T102/><D7/><U81/><E106/><AGARI ba="0,0" hai="53,54,65,66,69,71,94,95,106,107,117,119,132,135" machi="106" ten="25,1600,0" yaku="22,2" doraHai="59" who="2" fromWho="1" sc="211,0,250,-16,299,16,240,0" /><INIT seed="2,0,0,4,2,97" ten="211,234,315,240" oya="2" hai0="63,33,26,49,74,41,83,116,23,135,114,3,47" hai1="121,77,90,20,28,17,36,128,98,117,133,129,107" hai2="123,118,68,5,134,8,101,37,131,48,57,55,39" hai3="30,120,76,38,130,102,79,82,58,103,81,86,53"/><V19/><F118/><W126/><G120/><T93/><D114/><U54/><E117/><V10/><F123/><W0/><G38/><T18/><D116/><U21/><E121/><V96/><F134/><W43/><G43/><T80/><D135/><U70/><E70/><V115/><F115/><W25/><G0/><T78/><D3/><U24/><E133/><V108/><F68/><W127/><G130/><N who="1" m="50282" /><E77/><V9/><F108/><W122/><G122/><T71/><D33/><U99/><E36/><V85/><F131/><W104/><G104/><T7/><D7/><U111/><E111/><V16/><F5/><W110/><G110/><T69/><D63/><U52/><E107/><V112/><F112/><W27/><G53/><N who="1" m="20586" /><E90/><V105/><F37/><W59/><G30/><T88/><REACH who="0" step="1"/><D80/><REACH who="0" ten="201,234,315,240" step="2"/><U94/><E94/><V61/><F61/><W89/><G81/><T62/><D62/><U6/><E6/><V42/><F105/><W66/><G82/><T132/><D132/><U95/><E95/><V29/><F39/><W64/><G127/><T87/><AGARI ba="0,1" hai="18,23,26,41,47,49,69,71,74,78,83,87,88,93" machi="87" ten="20,8000,1" yaku="1,1,0,1,7,1,54,1,53,1" doraHai="97" doraHaiUra="75" who="0" fromWho="0" sc="201,90,234,-20,315,-40,240,-20" /><INIT seed="3,0,0,1,5,10" ten="291,214,275,220" oya="3" hai0="98,97,30,107,65,135,101,105,93,20,81,134,128" hai1="87,19,48,57,75,7,34,109,42,70,100,77,38" hai2="23,8,88,6,125,69,110,91,15,51,64,29,118" hai3="96,35,85,119,54,47,123,86,74,112,53,122,59"/><W67/><G112/><T17/><D128/><U39/><E75/><V130/><F118/><W60/><G119/><T131/><D131/><U108/><E70/><V21/><F130/><W90/><G74/><T49/><D30/><U0/><E34/><V56/><F110/><N who="1" m="42601" /><E100/><V92/><F125/><W95/><G35/><T13/><D65/><U89/><E77/><V76/><F76/><W25/><G25/><T120/><D120/><U22/><E7/><V24/><F69/><W55/><REACH who="3" step="1"/><G47/><REACH who="3" ten="291,214,275,210" step="2"/><T36/><D135/><U104/><E104/><V63/><F51/><W33/><G33/><T99/><D134/><U113/><E113/><V1/><F1/><W102/><G102/><T111/><D49/><U115/><E0/><V41/><F24/><W14/><G14/><T50/><D50/><U121/><E115/><V71/><F15/><W52/><N who="3" m="13312" /><DORA hai="3" /><W84/><AGARI ba="0,1" hai="59,60,67,84,85,86,90,95,96,122,123" m="13312" machi="84" ten="50,12000,1" yaku="1,1,4,1,0,1,54,1,53,0" doraHai="10,3" doraHaiUra="78,66" who="3" fromWho="3" sc="291,-40,214,-40,275,-40,210,130" owari="251,5.1,174,-32.6,235,-16.5,340,44.0" /></mjloggm>