<mjloggm ver="2.3"><GO type="225" lobby="0"/><UN n0="%E5%8F%AF%E5%85%90%E9%82%A3%E7%94%B1%E5%A4%9A" n1="%E6%9D%BE%E6%9C%AC%E5%81%A5%E7%94%B7" n2="%6D%75%75%6D%75%72%61" n3="%E4%BF%BA%E3%81%A8%E5%A6%96%E5%A4%A2" dan="17,16,16,17" rate="2175.70,2156.95,2054.74,2225.26" sx="F,M,F,F"/><TAIKYOKU oya="0"/><INIT seed="0,0,0,2,3,82" ten="250,250,250,250" oya="0" hai0="53,66,109,113,11,97,129,74,19,111,65,6,16" hai1="24,7,92,59,69,44,33,39,107,128,40,29,89" hai2="18,45,125,84,62,70,31,77,41,91,0,46,93" hai3="56,50,101,26,75,68,2,36,98,15,94,134,79"/><T60/><D113/><U35/><E69/><V130/><F130/><W34/><G2/><T102/><D74/><U105/><E128/><V108/><F108/><N who="0" m="41546" /><D53/><U55/><E7/><V122/><F122/><W37/><G68/><N who="0" m="42023" /><D66/><U80/><E80/><V23/><F0/><W86/><G75/><T96/><D129/><U30/><E30/><V120/><F125/><W63/><G134/><T131/><D131/><U25/><E25/><V76/><F120/><W71/><G71/><T8/><D97/><U106/><E33/><V20/><F62/><W67/><G50/><T78/><D78/><U83/><E83/><V49/><F70/><W135/><G135/><T61/><D61/><U43/><E43/><V115/><F45/><W124/><G124/><T116/><D116/><U118/><E118/><V5/><F115/><W64/><G64/><T104/><D11/><U127/><E127/><V123/><F123/><W32/><G79/><T58/><D58/><U88/><REACH who="1" step="1"/><E92/><REACH who="1" ten="250,240,250,250" step="2"/><V119/><F119/><W13/><G94/><T99/><D99/><U10/><E10/><V87/><F93/><W126/><G98/><T90/><D90/><U110/><E110/><V72/><F91/><W27/><G126/><T42/><D42/><U133/><E133/><V100/><F41/><W52/><G101/><T121/><D121/><U73/><E73/><V81/><F100/><W48/><G27/><T95/><D95/><U54/><E54/><V117/><F72/><W14/><G26/><T17/><D6/><U57/><E57/><V38/><F117/><W85/><G56/><T9/><AGARI ba="0,1" hai="8,9,16,17,19,96,102,104" m="42023,41546" machi="9" ten="40,12000,1" yaku="5,1,14,1,10,1,54,1" doraHai="82" who="0" fromWho="0" sc="250,130,240,-40,250,-40,250,-40" /><INIT seed="0,1,0,2,3,73" ten="380,200,210,210" oya="0" hai0="109,11,92,75,66,72,43,48,14,38,7,86,103" hai1="24,13,116,88,84,60,113,34,90,100,53,26,87" hai2="76,52,49,65,117,97,9,47,127,74,71,55,16" hai3="28,135,134,32,77,27,57,20,67,111,115,5,119"/><T44/><D109/><U112/><E116/><V17/><F117/><W59/><G119/><T1/><D66/><U108/><E108/><V56/><F127/><W29/><G111/><T50/><D1/><U105/><E100/><V132/><F132/><N who="3" m="50731" /><G115/><N who="1" m="44106" /><E105/><V2/><F71/><W6/><G77/><T99/><D38/><U36/><E36/><V61/><F97/><W19/><G67/><T129/><D129/><U123/><E34/><V121/><F65/><W98/><G98/><T62/><D62/><U102/><E102/><V54/><F54/><W126/><G126/><T30/><D30/><N who="3" m="11881" /><G32/><T25/><D25/><U118/><E118/><V104/><F121/><W81/><G81/><T96/><D96/><U58/><E13/><V107/><F107/><W21/><G20/><T3/><D99/><U95/><E123/><V89/><F104/><W128/><G128/><T18/><D103/><U46/><E46/><V85/><F76/><W93/><G93/><AGARI ba="1,0" hai="24,26,53,58,60,84,87,88,90,93,95" m="44106" machi="93" ten="30,2000,0" yaku="11,1,54,1" doraHai="73" who="1" fromWho="3" sc="380,0,200,23,210,0,210,-23" /><INIT seed="1,0,0,0,2,103" ten="380,223,210,187" oya="1" hai0="27,76,90,50,86,128,16,134,37,114,110,41,28" hai1="25,13,8,47,3,104,99,17,101,113,62,97,81" hai2="53,78,92,95,49,121,73,93,21,11,98,72,77" hai3="10,112,70,34,107,118,22,24,108,71,91,82,38"/><U83/><E113/><V100/><F121/><W29/><G112/><T60/><D114/><U64/><E3/><V51/><F21/><W68/><G38/><T63/><D37/><U117/><E117/><V130/><F130/><W44/><G118/><T126/><D128/><U54/><E97/><V42/><F11/><W74/><G108/><T30/><D110/><U115/><E115/><V133/><F133/><W2/><G44/><N who="0" m="25871" /><D76/><U66/><E66/><V20/><F78/><N who="3" m="44375" /><G22/><N who="0" m="13767" /><D126/><U39/><E25/><V111/><F111/><W48/><G91/><T88/><D90/><U132/><E132/><V129/><F129/><W135/><G48/><T18/><D18/><U122/><E122/><V26/><F49/><W75/><G135/><T69/><D69/><N who="3" m="17665" /><W65/><DORA hai="43" /><G65/><T124/><D124/><U12/><E64/><V116/><F42/><W58/><G58/><T45/><D45/><U106/><E39/><V35/><F116/><W131/><G131/><T84/><D84/><U59/><E47/><V19/><F35/><W96/><G75/><T89/><D89/><U46/><E46/><V23/><F23/><W14/><G14/><T109/><D109/><U6/><E12/><V85/><F72/><W5/><G96/><T33/><D33/><U56/><E17/><V32/><F73/><W4/><G4/><T94/><D134/><U127/><E127/><V0/><F98/><W61/><G61/><AGARI ba="0,0" hai="28,30,60,61,63,86,88,94" m="13767,25871" machi="61" ten="30,7700,0" yaku="8,1,52,1,54,2" doraHai="103,43" who="0" fromWho="3" sc="380,77,223,0,210,0,187,-77" /><INIT seed="2,0,0,2,3,121" ten="457,223,210,110" oya="2" hai0="16,100,28,32,46,126,15,82,8,122,10,116,25" hai1="0,110,117,80,39,93,47,107,74,128,19,88,123" hai2="61,43,90,59,94,2,22,120,40,134,85,56,75" hai3="34,79,113,6,63,106,89,17,77,102,98,33,135"/><V78/><F120/><W132/><G6/><T76/><D122/><U21/><E107/><V42/><F2/><W114/><G17/><T50/><D126/><U3/><E123/><V104/><F134/><N who="3" m="51243" /><G33/><T58/><D116/><U81/><E117/><V45/><F104/><W103/><G34/><T9/><D58/><U44/><E128/><V118/><F118/><W86/><G102/><T13/><D100/><U23/><E0/><V124/><F124/><W29/><G29/><T49/><D13/><U99/><E3/><V67/><F75/><W24/><G24/><T37/><D37/><U14/><E39/><V57/><F78/><W4/><G4/><T70/><D70/><U87/><E110/><V96/><F22/><W12/><G12/><T91/><D91/><U30/><E81/><V35/><F35/><W55/><G55/><T71/><D71/><U92/><E92/><V66/><F96/><W97/><G63/><T5/><D5/><U41/><E41/><V125/><F125/><W131/><G97/><T36/><D8/><U26/><E74/><V83/><F61/><W115/><G131/><T65/><D9/><U133/><E133/><V11/><F11/><W84/><G84/><T119/><D119/><U64/><E64/><N who="2" m="24619" /><F94/><AGARI ba="0,0" hai="77,79,86,89,94,98,103,106,113,114,115" m="51243" machi="94" ten="40,8000,1" yaku="11,1,20,1,34,2" doraHai="121" who="3" fromWho="2" sc="457,0,223,0,210,-80,110,80" /><INIT seed="3,0,0,5,2,50" ten="457,223,130,190" oya="3" hai0="59,100,58,122,89,34,62,90,76,0,69,121,108" hai1="68,61,47,113,134,106,92,30,40,18,86,20,87" hai2="114,111,103,27,49,88,126,4,117,73,28,80,96" hai3="130,44,21,93,127,57,98,7,41,12,110,64,67"/><W56/><G130/><T107/><D0/><U23/><E106/><V70/><F114/><W94/><G127/><T52/><D34/><U32/><E32/><V91/><F126/><W55/><G110/><T131/><D69/><U60/><E134/><V75/><F117/><W46/><G7/><T24/><D76/><U128/><E128/><V36/><F36/><W95/><G98/><T11/><D24/><U29/><E113/><V133/><F70/><W19/><G57/><T35/><D35/><U25/><E29/><V116/><F116/><W17/><G17/><T129/><D108/><U109/><E109/><V78/><F133/><W31/><G31/><T38/><D59/><U74/><E74/><V84/><F111/><W22/><G22/><T101/><D122/><U71/><E71/><V43/><F4/><W54/><G41/><T104/><D121/><U135/><E135/><V8/><F8/><W120/><G120/><T105/><D131/><U45/><E45/><N who="3" m="17514" /><G56/><T2/><D129/><U72/><E72/><V123/><F123/><W53/><AGARI ba="0,0" hai="12,19,21,53,54,55,64,67,93,94,95" m="17514" machi="53" ten="40,12000,1" yaku="8,1,52,3" doraHai="50" who="3" fromWho="3" sc="457,-40,223,-40,130,-40,190,120" /><INIT seed="3,1,0,4,5,8" ten="417,183,90,310" oya="3" hai0="9,108,124,7,116,72,34,104,89,26,31,112,5" hai1="102,129,60,14,62,84,12,11,118,49,74,127,4" hai2="35,77,41,69,0,38,50,53,65,36,1,97,17" hai3="24,28,58,78,16,70,43,46,56,85,80,57,117"/><W32/><G117/><T99/><D116/><U110/><E74/><V82/><F35/><W22/><G70/><T44/><D72/><U63/><E118/><V6/><F97/><W83/><G83/><T2/><D108/><U109/><E127/><V123/><F123/><W133/><G133/><T37/><D124/><U105/><E129/><V98/><F98/><W64/><G64/><T39/><D112/><U81/><E102/><V95/><F95/><W52/><G46/><T93/><D104/><U66/><E105/><V101/><F101/><W128/><G43/><T21/><D7/><U96/><E96/><V92/><F92/><W23/><G128/><T132/><D132/><U91/><E66/><V71/><F71/><W87/><G87/><T18/><D44/><U3/><E49/><V100/><F100/><W42/><G42/><T122/><D122/><U51/><E51/><V125/><F125/><W79/><G79/><T45/><D45/><U86/><E86/><V54/><F41/><W48/><G32/><T13/><AGARI ba="1,0" hai="2,5,9,13,18,21,26,31,34,37,39,89,93,99" machi="13" ten="20,8000,1" yaku="0,1,7,1,24,2,52,1" doraHai="8" who="0" fromWho="0" sc="417,83,183,-21,90,-21,310,-41" owari="500,60.0,162,-23.8,69,-43.1,269,6.9" /></mjloggm>