<mjloggm ver="2.3"><GO type="225" lobby="0"/><UN n0="%E5%B0%8F%E9%B3%A5%E9%81%8A%E7%B7%B4%E7%84%A1%32%31%E6%AD%B3" n1="%E3%83%A9%E3%83%BC%E3%83%A1%E3%83%B3%E4%BA%94%E9%83%8E" n2="%73%73%6B%5F%66%72%65%65" n3="%E3%81%B5%E3%81%98%E3%81%8B%E3%81%A4" dan="16,16,16,16" rate="2149.37,2083.74,2078.22,2183.54" sx="F,M,M,M"/><TAIKYOKU oya="0"/><INIT seed="0,0,0,3,3,54" ten="250,250,250,250" oya="0" hai0="1,47,65,14,118,116,13,129,37,46,87,32,41" hai1="73,72,49,99,70,58,121,119,38,12,85,10,131" hai2="69,22,102,93,63,133,109,44,86,2,52,106,23" hai3="98,66,67,53,57,18,135,81,62,127,110,126,101"/><T89/><D1/><U123/><E119/><V28/><F133/><W39/><G135/><T36/><D32/><U97/><E38/><V84/><F2/><W19/><G81/><T76/><D76/><U117/><E117/><V96/><F106/><W107/><G39/><T90/><D65/><U60/><E131/><V92/><F109/><W108/><G66/><T4/><D87/><N who="2" m="33322" /><F69/><W40/><G40/><T30/><D41/><U83/><E70/><V24/><F93/><W103/><G103/><T56/><D30/><U3/><E3/><V29/><F44/><W120/><G120/><T43/><D43/><U0/><E0/><V48/><F48/><W124/><REACH who="3" step="1"/><G67/><REACH who="3" ten="250,250,250,240" step="2"/><T71/><D71/><U21/><E123/><V79/><F79/><W94/><G94/><T25/><D129/><U88/><E121/><V100/><F100/><W59/><G59/><T15/><D56/><U68/><E68/><V74/><F74/><W16/><AGARI ba="0,1" hai="16,18,19,53,57,62,98,101,107,108,110,124,126,127" machi="16" ten="40,8000,1" yaku="1,1,0,1,18,1,52,1,54,1,53,0" doraHai="54" doraHaiUra="61" who="3" fromWho="3" sc="250,-40,250,-20,250,-20,240,90" /><INIT seed="1,0,0,4,3,14" ten="210,230,230,330" oya="1" hai0="25,67,91,129,116,94,61,110,105,10,81,83,43" hai1="85,69,68,103,118,6,8,66,89,84,9,113,121" hai2="2,16,31,33,13,58,21,128,44,51,73,12,18" hai3="74,65,99,125,27,102,36,124,50,28,56,64,107"/><U20/><E113/><V130/><F73/><W79/><G36/><T62/><D105/><U3/><E118/><V57/><F2/><W78/><G50/><T30/><D116/><U131/><E121/><V40/><F33/><W134/><G134/><T7/><D129/><N who="2" m="49770" /><F31/><W41/><G41/><T63/><D43/><U109/><E131/><V95/><F95/><W117/><G117/><T111/><D67/><N who="3" m="25673" /><G56/><T32/><D94/><U38/><E38/><V114/><F114/><W77/><G74/><T42/><D42/><U39/><E39/><V115/><F115/><W123/><G123/><T0/><REACH who="0" step="1"/><D91/><REACH who="0" ten="200,230,230,330" step="2"/><U88/><E89/><V52/><F40/><W47/><G107/><T23/><D23/><AGARI ba="0,1" hai="12,13,16,18,21,23,44,51,52,57,58" m="49770" machi="23" ten="30,8000,1" yaku="19,1,52,2,54,2" doraHai="14" who="2" fromWho="0" sc="200,-80,230,0,230,90,330,0" /><INIT seed="2,0,0,1,1,17" ten="120,230,320,330" oya="2" hai0="96,44,122,84,25,77,34,119,14,33,130,67,87" hai1="132,39,11,128,15,99,134,111,50,104,13,127,81" hai2="109,82,135,60,112,56,22,91,85,118,123,49,48" hai3="6,107,121,131,35,4,74,98,76,3,80,117,120"/><V8/><F112/><W125/><G117/><T27/><D122/><U7/><E39/><V54/><F123/><W126/><G35/><T45/><D96/><U18/><E111/><V90/><F135/><N who="1" m="51753" /><E128/><V40/><F118/><W70/><G70/><T113/><D14/><U133/><E127/><N who="3" m="48650" /><G131/><T10/><D130/><U29/><N who="1" m="51761" /><U94/><DORA hai="53" /><E104/><V92/><F40/><W95/><G107/><T1/><D119/><U110/><E110/><V30/><F8/><N who="3" m="2079" /><G6/><T89/><D10/><N who="1" m="6519" /><E29/><V21/><F109/><W106/><G106/><T31/><D113/><U55/><E81/><V68/><F68/><W26/><G26/><T114/><D114/><U124/><E124/><V78/><F91/><AGARI ba="0,0" hai="74,76,80,91,95,98,120,121" m="2079,48650" machi="91" ten="30,1000,0" yaku="18,1" doraHai="17,53" who="3" fromWho="2" sc="120,0,230,0,320,-10,330,10" /><INIT seed="3,0,0,3,4,24" ten="120,230,310,340" oya="3" hai0="121,111,68,65,9,74,102,117,125,0,78,80,70" hai1="101,51,20,90,17,50,61,36,40,100,96,12,32" hai2="94,97,118,122,39,93,127,71,134,48,105,49,83" hai3="85,34,67,131,43,103,133,126,60,84,81,6,99"/><W77/><G126/><T29/><D117/><U113/><E32/><V21/><F118/><W41/><G133/><T16/><D121/><U2/><E2/><V110/><F110/><W19/><G131/><T58/><D58/><U73/><E73/><V76/><F71/><W4/><G84/><T129/><D125/><U120/><E36/><V106/><F39/><W59/><G34/><T13/><D111/><U26/><E113/><V128/><F128/><W135/><G135/><T64/><D129/><U1/><E1/><V107/><F134/><W82/><G82/><T27/><D102/><U54/><E12/><V124/><F122/><W132/><G132/><T52/><D70/><U109/><E109/><V88/><F21/><W31/><G31/><T45/><D0/><U108/><E108/><V15/><F15/><W8/><G19/><T3/><D68/><U86/><E40/><V55/><F48/><W92/><G6/><T30/><D3/><AGARI ba="0,0" hai="3,4,8,41,43,59,60,67,77,81,85,92,99,103" machi="3" ten="30,1500,0" yaku="7,1" doraHai="24" who="3" fromWho="0" sc="120,-15,230,0,310,0,340,15" owari="105,-39.5,230,-17.0,310,11.0,355,45.5" /></mjloggm>