<mjloggm ver="2.3"><GO type="225" lobby="0"/><UN n0="%E3%81%BF%E3%81%BF%E3%81%9A" n1="%E3%82%BC%E3%83%AB%E3%83%80%E3%81%AE%E4%BC%9D%E8%AA%AC" n2="%E8%BE%9B%E5%8F%A3%E3%82%AB%E3%83%AC%E3%83%BC%E3%83%A9%E3%82%A4%E3%82%B9" n3="%E3%81%82%E3%80%81%E8%B2%A0%E3%81%91%E3%81%BE%E3%81%97%E3%81%9F" dan="16,17,16,16" rate="2127.15,2171.98,2205.26,2120.33" sx="M,M,M,M"/><TAIKYOKU oya="0"/><INIT seed="0,0,0,2,3,73" ten="250,250,250,250" oya="0" hai0="59,111,54,47,4,41,100,102,118,116,124,26,70" hai1="131,126,37,57,7,46,123,29,40,90,112,52,108" hai2="23,133,35,119,120,14,38,48,110,18,55,103,56" hai3="20,107,30,68,91,21,8,88,93,1,101,125,60"/><T36/><D4/><U64/><E123/><V109/><F120/><W85/><G125/><T17/><D124/><U27/><E126/><V113/><F113/><W66/><G30/><T96/><D111/><N who="2" m="42506" /><F35/><W104/><G101/><T31/><D17/><U16/><E108/><V11/><F38/><W13/><G1/><T51/><D70/><U87/><E112/><V39/><F39/><W6/><REACH who="3" step="1"/><G91/><REACH who="3" ten="250,250,250,240" step="2"/><T43/><D102/><U65/><E131/><V117/><F133/><W122/><G122/><T75/><D75/><U50/><E7/><N who="2" m="3455" /><F103/><W77/><G77/><T69/><D116/><U45/><E29/><V127/><F127/><W34/><G34/><T95/><D118/><U84/><E90/><V114/><F114/><W62/><G62/><T99/><D31/><U86/><REACH who="1" step="1"/><E46/><REACH who="1" ten="250,240,250,240" step="2"/><V72/><F72/><W0/><G0/><T80/><D47/><U135/><E135/><V53/><F119/><W22/><AGARI ba="0,2" hai="6,8,13,20,21,22,60,66,68,85,88,93,104,107" machi="22" ten="30,7900,0" yaku="1,1,0,1,54,1,53,1" doraHai="73" doraHaiUra="9" who="3" fromWho="3" sc="250,-39,240,-20,250,-20,240,99" /><INIT seed="1,0,0,0,5,14" ten="211,220,230,339" oya="1" hai0="72,111,34,112,123,126,55,128,37,58,116,87,134" hai1="41,67,77,130,101,113,80,89,83,33,10,23,2" hai2="103,8,36,70,98,56,86,27,0,84,45,66,94" hai3="47,76,9,124,63,122,43,62,102,132,65,44,49"/><U46/><E113/><V74/><F74/><W78/><G122/><T95/><RYUUKYOKU type="yao9" ba="0,0" sc="211,0,220,0,230,0,339,0" hai0="34,37,55,58,72,87,95,111,112,116,123,126,128,134" /><INIT seed="1,1,0,5,5,47" ten="211,220,230,339" oya="1" hai0="20,123,53,39,77,68,27,103,4,112,16,128,23" hai1="106,7,97,86,8,57,127,32,85,36,42,26,55" hai2="28,24,12,35,30,94,11,122,72,54,117,96,100" hai3="102,9,111,133,78,15,110,38,135,120,51,70,88"/><U60/><E127/><V17/><F117/><W66/><G120/><T63/><D112/><U79/><E36/><V75/><F122/><W61/><G102/><T126/><D126/><U48/><E106/><V134/><F134/><N who="3" m="51211" /><G78/><T10/><D123/><U131/><E131/><V2/><F30/><W107/><G107/><T40/><D128/><U82/><E97/><V71/><F71/><W90/><G38/><T29/><D103/><U80/><E32/><V62/><F62/><W132/><N who="3" m="51219" /><W101/><DORA hai="49" /><G101/><T98/><D98/><U52/><E26/><V18/><F2/><W5/><G51/><T108/><D108/><AGARI ba="1,0" hai="5,9,15,61,66,70,88,90,108,110,111" m="51219" machi="108" ten="40,5200,0" yaku="14,1,20,1,54,1" doraHai="47,49" who="3" fromWho="0" sc="211,-55,220,0,230,0,339,55" /><INIT seed="2,0,0,2,5,28" ten="156,220,230,394" oya="2" hai0="66,88,10,125,50,84,8,93,13,74,16,132,99" hai1="70,81,58,89,9,42,120,52,92,19,44,94,20" hai2="45,98,37,56,114,134,65,62,18,5,12,128,71" hai3="113,49,69,129,33,22,14,15,26,112,135,82,107"/><V117/><F117/><W64/><G107/><T36/><D125/><U63/><E120/><V124/><F124/><W7/><G129/><T55/><D132/><U79/><E70/><V75/><F128/><W102/><G102/><T0/><D36/><U2/><E2/><V108/><F114/><W27/><G49/><T130/><D130/><U47/><E9/><V109/><F75/><W32/><G82/><T73/><D66/><U103/><E103/><V96/><F5/><W11/><G64/><T3/><D99/><N who="1" m="57743" /><E94/><V121/><F121/><W111/><G69/><T118/><D118/><U61/><E61/><V90/><F71/><W48/><G48/><T30/><D30/><U38/><E42/><N who="2" m="22735" /><F90/><W41/><G41/><T101/><D101/><U57/><E57/><V51/><F51/><W119/><G119/><T85/><D85/><N who="1" m="48319" /><E38/><V1/><F1/><W54/><G135/><T21/><D0/><U105/><E105/><V78/><F78/><W97/><G113/><T80/><D3/><U86/><E86/><V106/><F106/><W133/><G112/><T76/><REACH who="0" step="1"/><D73/><REACH who="0" ten="146,220,230,394" step="2"/><U95/><E95/><V59/><F134/><W77/><G97/><T17/><D17/><U110/><E110/><V34/><F98/><W126/><G133/><T91/><D91/><U123/><E123/><V35/><F96/><W39/><G39/><T83/><D83/><U122/><E122/><V72/><F72/><W53/><G126/><T67/><D67/><U23/><E19/><V6/><F18/><W100/><G100/><T43/><D43/><U25/><E25/><N who="3" m="9226" /><G77/><T115/><D115/><RYUUKYOKU ba="0,1" sc="146,15,220,15,230,-15,394,-15" hai0="8,10,13,16,21,50,55,74,76,80,84,88,93" hai1="20,23,44,47,52,58,63" /><INIT seed="3,1,1,4,2,50" ten="161,235,215,379" oya="3" hai0="38,20,66,55,130,101,29,60,56,64,51,131,62" hai1="11,83,135,122,7,75,24,35,30,1,107,82,113" hai2="6,65,134,104,77,25,76,27,18,14,123,4,74" hai3="94,19,69,52,120,13,45,119,31,91,85,40,48"/><W47/><G119/><T124/><D101/><U71/><E122/><V115/><F115/><W0/><G120/><T89/><D89/><U15/><E71/><V73/><F104/><W109/><G109/><T58/><D29/><U32/><E75/><V80/><F123/><W23/><G0/><T34/><D34/><U86/><E113/><V17/><F65/><W87/><G69/><N who="0" m="42119" /><D20/><U22/><E135/><V126/><F134/><W49/><G31/><T128/><D124/><U46/><E107/><V8/><F126/><W118/><G118/><T28/><D28/><U105/><E105/><V5/><F17/><W41/><G41/><T2/><D2/><U88/><E46/><V33/><F33/><W9/><G9/><T44/><D38/><U81/><E35/><V57/><F57/><AGARI ba="1,1" hai="44,51,55,56,57,58,62,66,128,130,131" m="42119" machi="57" ten="30,7700,0" yaku="19,1,34,2,52,1" doraHai="50" who="0" fromWho="2" sc="161,90,235,0,215,-80,379,0" owari="251,5.1,235,-16.5,135,-36.5,379,47.9" /></mjloggm>