<mjloggm ver="2.3"><GO type="225" lobby="0"/><UN n0="%E3%81%AA%E3%82%81%E3%81%93%E9%9B%80%E5%A3%AB" n1="%E6%B8%A1%E5%A4%A9%E8%97%8D" n2="%E5%8D%A0%E3%81%84%E5%B8%AB%E8%A3%8F%E3%81%AA%E3%81%84%E3%81%97" n3="%E4%BA%BA%E9%96%93%E3%83%81%E3%83%A3%E3%83%BC%E3%83%8F%E3%83%B3" dan="16,16,17,16" rate="2029.45,2097.20,2172.57,2126.84" sx="M,M,M,M"/><TAIKYOKU oya="0"/><INIT seed="0,0,0,0,3,19" ten="250,250,250,250" oya="0" hai0="4,117,134,79,103,97,15,14,114,44,13,82,47" hai1="11,72,20,10,53,130,116,57,5,87,2,66,80" hai2="6,96,43,51,85,55,77,36,38,35,65,115,39" hai3="92,54,109,110,78,131,98,34,89,83,122,52,84"/><T7/><D114/><U62/><E116/><V16/><F115/><W0/><G131/><T95/><D134/><U29/><E130/><V108/><F35/><W128/><G128/><T101/><D101/><U75/><E11/><V81/><F108/><N who="3" m="41579" /><G122/><T71/><D71/><U25/><REACH who="1" step="1"/><E66/><REACH who="1" ten="250,240,250,250" step="2"/><V63/><F6/><N who="0" m="2090" /><D117/><U23/><E23/><V24/><F65/><W22/><G34/><T68/><D68/><U135/><E135/><V67/><F67/><W123/><G123/><T40/><D40/><U111/><E111/><V21/><F43/><W74/><G0/><T126/><D126/><U9/><E9/><V30/><F63/><W61/><G61/><T107/><D107/><U37/><E37/><V106/><F106/><W32/><G32/><T121/><D121/><U33/><E33/><V64/><F64/><W100/><G22/><T42/><D42/><U129/><E129/><V120/><F120/><W18/><G18/><T99/><D99/><U60/><E60/><V49/><F96/><W50/><G50/><T105/><D105/><AGARI ba="0,1" hai="52,54,74,78,83,84,89,92,98,100,105" m="41579" machi="105" ten="30,3900,0" yaku="24,1,14,1,54,1" doraHai="19" who="3" fromWho="0" sc="250,-39,240,0,250,0,250,49" /><INIT seed="1,0,0,0,3,99" ten="211,240,250,299" oya="1" hai0="63,40,134,12,3,73,106,42,119,118,123,113,2" hai1="101,28,9,78,80,60,23,89,38,132,103,112,94" hai2="87,35,104,109,65,48,86,102,75,31,20,116,47" hai3="41,105,6,0,51,124,110,7,121,55,96,133,32"/><U10/><E112/><V115/><F116/><W29/><G121/><T49/><D113/><U59/><E38/><V126/><F115/><W50/><G110/><T70/><D123/><U77/><E132/><V36/><F109/><W21/><G32/><T11/><D134/><U54/><E28/><V98/><F75/><W111/><G111/><T52/><D73/><U95/><E23/><V45/><F126/><W25/><G0/><T27/><D106/><U22/><E22/><V114/><F36/><W117/><G133/><T125/><D27/><U57/><E80/><V39/><F114/><W43/><G124/><T16/><D125/><U90/><E54/><V44/><F39/><W100/><G117/><T82/><D82/><U61/><AGARI ba="0,0" hai="9,10,57,59,60,61,77,78,89,90,94,95,101,103" machi="61" ten="25,18000,2" yaku="0,1,22,2,8,1,52,2" doraHai="99" who="1" fromWho="1" sc="211,-60,240,180,250,-60,299,-60" /><INIT seed="1,1,0,5,1,63" ten="151,420,190,239" oya="1" hai0="7,101,74,61,15,60,111,117,68,99,105,123,5" hai1="86,93,83,103,10,133,17,91,115,19,22,108,44" hai2="106,78,134,18,13,62,52,39,80,96,71,69,16" hai3="36,49,67,94,65,118,59,47,51,109,113,3,8"/><U4/><E115/><V100/><F39/><W35/><G35/><T54/><D117/><U23/><E133/><V64/><F134/><W72/><G113/><T46/><D111/><U55/><E108/><V43/><F43/><W70/><G72/><T127/><D127/><U2/><E103/><V32/><F71/><W73/><G73/><T88/><D74/><U82/><E44/><V12/><F32/><W1/><G1/><T110/><D123/><U75/><E55/><V42/><F42/><N who="3" m="22983" /><G94/><T98/><D110/><U77/><E82/><V34/><F34/><W66/><G8/><T130/><D130/><U122/><E122/><V104/><F104/><W37/><G3/><T116/><D15/><U6/><E6/><V135/><F135/><W129/><G109/><T53/><D53/><U50/><E50/><N who="3" m="18954" /><G37/><T119/><D116/><U89/><E89/><V114/><F114/><W48/><G129/><T56/><D46/><U76/><E76/><V45/><F12/><W132/><G132/><T21/><D21/><U107/><E107/><V29/><F29/><W24/><G24/><T125/><D125/><U112/><E112/><V92/><F106/><W120/><G120/><T126/><D126/><U85/><E75/><N who="2" m="43103" /><F13/><W41/><G118/><T38/><D38/><U28/><E28/><V124/><F124/><W14/><G14/><T84/><D99/><U131/><E131/><V9/><F9/><W58/><G70/><T27/><D27/><U33/><E33/><V26/><F26/><W81/><G81/><N who="0" m="49167" /><D119/><U90/><E2/><V87/><F87/><W121/><G121/><RYUUKYOKU ba="1,0" sc="151,10,420,-30,190,10,239,10" hai0="5,7,54,56,60,61,68,98,101,105" hai2="16,18,45,52,62,64,69,92,96,100" hai3="41,48,58,59,65,66,67" /><INIT seed="2,2,0,4,0,5" ten="161,390,200,249" oya="2" hai0="58,83,85,72,10,107,44,20,97,28,71,93,132" hai1="118,8,6,128,57,24,127,101,119,100,52,40,69" hai2="65,120,135,79,17,91,84,13,21,39,18,4,130" hai3="94,109,63,92,35,2,25,78,51,70,48,64,131"/><V73/><F120/><W53/><G2/><T59/><D71/><U95/><E69/><V1/><F39/><W15/><G109/><T36/><D107/><U99/><E128/><V0/><F130/><W82/><G131/><T108/><D72/><U88/><E127/><V121/><F121/><W9/><G25/><T46/><D132/><U30/><E40/><V43/><F135/><W19/><G35/><T66/><D36/><U23/><E118/><V126/><F43/><W90/><G90/><T32/><D32/><U114/><E114/><V55/><F126/><W81/><G81/><T129/><D108/><U113/><E113/><V89/><F65/><W33/><G33/><T42/><D42/><U50/><E119/><V62/><F4/><W68/><G51/><T31/><D66/><U104/><E104/><V112/><F112/><W110/><G68/><T117/><D117/><U54/><E54/><V125/><F125/><W45/><REACH who="3" step="1"/><G110/><REACH who="3" ten="161,390,200,239" step="2"/><T56/><D129/><U77/><E77/><V12/><F0/><AGARI ba="2,1" hai="0,6,8,23,24,30,50,52,57,88,95,99,100,101" machi="0" ten="30,7700,0" yaku="7,1,52,1,54,2" doraHai="5" who="1" fromWho="2" sc="161,0,390,93,200,-83,239,0" /><INIT seed="3,0,0,5,3,104" ten="161,483,117,239" oya="3" hai0="75,130,41,93,17,27,110,128,116,84,3,97,44" hai1="34,49,40,120,42,51,15,30,135,119,90,9,35" hai2="64,94,45,52,81,108,129,24,79,122,114,53,66" hai3="21,8,132,109,38,92,76,11,14,134,103,69,123"/><W106/><G123/><T124/><D116/><U80/><E120/><V16/><F114/><W112/><G112/><T58/><D3/><U131/><E30/><V70/><F122/><W85/><G38/><T71/><D71/><U107/><E107/><V23/><F70/><W67/><G106/><T46/><D110/><U126/><E34/><V98/><F108/><W111/><G111/><T83/><D75/><U19/><E35/><V133/><F133/><N who="3" m="51307" /><G109/><T26/><D124/><U54/><E135/><V48/><F53/><W101/><G21/><N who="0" m="13615" /><D58/><U43/><E126/><V6/><F6/><W61/><G61/><T95/><D27/><U28/><E28/><V33/><F33/><W74/><G74/><T87/><D87/><N who="1" m="50535" /><E131/><N who="0" m="50217" /><D97/><U62/><E119/><V77/><F129/><W7/><G103/><T102/><D102/><U115/><E115/><V31/><F31/><W47/><G47/><N who="0" m="17963" /><D41/><U59/><AGARI ba="0,0" hai="9,15,19,40,42,43,49,51,54,59,62" m="50535" machi="59" ten="30,1100,0" yaku="8,1" doraHai="104" who="1" fromWho="1" sc="161,-3,483,11,117,-3,239,-5" owari="158,-24.2,494,59.4,114,-38.6,234,3.4" /></mjloggm>