<mjloggm ver="2.3"><GO type="225" lobby="0"/><UN n0="%72%69%6F%75%63%68%61%6E" n1="%E3%81%8F%E3%81%BE%E3%81%96%E3%82%8F" n2="%E3%81%99%E3%81%84%E3%81%BE%E3%81%9B%E3%83%BC%E3%82%93" n3="%66%67%67%68%68%64%66" dan="17,16,16,16" rate="2212.63,2049.91,2133.04,2052.62" sx="M,M,M,M"/><TAIKYOKU oya="0"/><INIT seed="0,0,0,4,1,65" ten="250,250,250,250" oya="0" hai0="29,111,107,51,77,8,43,31,11,66,49,126,108" hai1="40,4,36,120,24,71,94,15,90,103,19,9,124" hai2="116,1,113,101,121,6,70,97,74,32,128,17,72" hai3="99,104,61,117,55,131,7,0,48,133,132,123,105"/><T46/><D126/><U50/><E124/><V98/><F32/><W42/><G117/><T75/><D107/><U20/><E120/><V26/><F113/><W118/><G118/><T18/><D66/><U54/><E103/><V35/><F35/><W89/><G123/><T110/><D49/><U47/><E71/><V63/><F63/><W2/><G131/><T93/><D93/><U130/><E130/><V10/><F128/><W134/><G42/><T88/><D88/><U81/><E81/><V76/><F76/><W135/><G61/><T112/><D112/><U30/><E30/><N who="0" m="11273" /><D18/><U68/><E68/><V100/><F17/><W82/><N who="3" m="33792" /><DORA hai="52" /><W13/><G105/><T23/><D23/><U56/><E36/><V37/><F37/><W41/><G41/><T25/><D25/><U91/><REACH who="1" step="1"/><E94/><REACH who="1" ten="250,240,250,250" step="2"/><V102/><F121/><W21/><G104/><T69/><D69/><U5/><E5/><V87/><F70/><W83/><G7/><T27/><D27/><U59/><E59/><V109/><F26/><W38/><G38/><T14/><D14/><U57/><E57/><V12/><F12/><W16/><G82/><AGARI ba="0,1" hai="8,11,43,46,51,75,77,82,108,110,111" m="11273" machi="82" ten="40,3900,0" yaku="14,1,10,1" doraHai="65,52" who="0" fromWho="3" sc="250,49,240,0,250,0,250,-39" /><INIT seed="0,1,0,2,1,70" ten="299,240,250,211" oya="0" hai0="50,98,11,97,54,133,24,115,34,65,119,14,7" hai1="18,56,17,20,58,13,116,30,51,103,96,19,89" hai2="110,84,22,106,45,88,29,62,5,49,85,131,83" hai3="76,100,63,74,37,10,90,122,95,72,124,61,2"/><T52/><D115/><U71/><E116/><V130/><F110/><W0/><G124/><T9/><D119/><U12/><E71/><V57/><F106/><W73/><G76/><T67/><D133/><U44/><E89/><V123/><F123/><W101/><G122/><T53/><D50/><U39/><E39/><V1/><F5/><W109/><G109/><T33/><D24/><U111/><E30/><V108/><F1/><W135/><G135/><T91/><D91/><U64/><E111/><V32/><F32/><N who="0" m="12394" /><D14/><U47/><E19/><V134/><F108/><W26/><G26/><T42/><D42/><U6/><E6/><V99/><F134/><W16/><G73/><T66/><D7/><U126/><E47/><V125/><F125/><W15/><G90/><T127/><D127/><U75/><E75/><V113/><F113/><W23/><G15/><T25/><D25/><U36/><E126/><V55/><F85/><W8/><G23/><T86/><D86/><U46/><E46/><V129/><F22/><W4/><G4/><T117/><D117/><U38/><E38/><V105/><F29/><W121/><G121/><T77/><D77/><U102/><E36/><V112/><F112/><W43/><G37/><T41/><D41/><N who="1" m="24975" /><E13/><V128/><F128/><W94/><G43/><T104/><D104/><N who="1" m="63559" /><E18/><AGARI ba="1,0" hai="0,2,8,10,16,18,61,63,72,74,94,95,100,101" machi="18" ten="25,3200,0" yaku="22,2,54,1" doraHai="70" who="3" fromWho="1" sc="299,0,240,-35,250,0,211,35" /><INIT seed="1,0,0,0,1,29" ten="299,205,250,246" oya="1" hai0="41,11,114,38,130,100,18,50,123,46,64,61,37" hai1="121,87,58,9,128,135,56,22,49,44,27,51,0" hai2="81,119,6,129,42,97,104,36,5,74,76,65,23" hai3="14,110,102,118,8,122,71,72,45,13,62,93,15"/><U66/><E121/><V103/><F119/><W120/><G72/><T20/><D114/><U107/><E107/><V3/><F129/><W1/><G118/><T30/><D130/><U124/><E128/><V35/><F65/><W28/><G110/><T67/><D123/><U43/><E124/><V125/><F23/><W54/><G28/><T25/><D67/><U63/><E135/><V84/><F6/><W2/><G71/><T126/><D126/><U39/><E87/><V16/><F16/><W116/><G116/><T117/><D117/><U24/><E58/><V89/><F125/><W109/><G109/><T7/><D100/><U112/><E112/><V133/><F133/><W53/><G62/><T21/><D21/><U86/><E86/><V94/><F35/><W47/><G14/><T75/><D75/><U90/><E90/><V82/><F81/><W132/><G93/><T12/><REACH who="0" step="1"/><D30/><REACH who="0" ten="289,205,250,246" step="2"/><U88/><E22/><V40/><F36/><W10/><REACH who="3" step="1"/><G102/><REACH who="3" ten="289,205,250,236" step="2"/><T34/><D34/><U91/><E27/><V111/><F111/><W77/><G77/><T92/><D92/><U17/><E24/><V127/><F127/><W57/><G57/><AGARI ba="0,2" hai="7,11,12,18,20,25,37,38,41,46,50,57,61,64" machi="57" ten="30,2000,0" yaku="1,1,7,1,53,0" doraHai="29" doraHaiUra="73" who="0" fromWho="3" sc="289,40,205,0,250,0,236,-20" /><INIT seed="2,0,0,1,0,69" ten="329,205,250,216" oya="2" hai0="100,61,14,131,79,2,107,49,26,87,93,132,105" hai1="98,64,102,27,121,24,115,126,99,6,77,9,34" hai2="91,18,125,5,111,118,44,104,29,16,30,124,65" hai3="95,133,57,3,62,51,15,74,112,52,85,71,94"/><V76/><F118/><W21/><G74/><T39/><D2/><U72/><E115/><V127/><F104/><W73/><G73/><T110/><D39/><U25/><E126/><V63/><F76/><W116/><G116/><T17/><D110/><U88/><E121/><V20/><F111/><W12/><G3/><T23/><D131/><U106/><E64/><V122/><F5/><W58/><G71/><T108/><D108/><U11/><E34/><V42/><F91/><N who="3" m="53615" /><G133/><T89/><D132/><U83/><REACH who="1" step="1"/><E6/><REACH who="1" ten="329,195,250,216" step="2"/><V96/><F122/><W48/><G112/><T41/><D79/><U28/><E28/><V59/><F30/><W38/><G38/><T84/><D17/><U120/><E120/><V50/><F29/><W10/><G95/><AGARI ba="0,1" hai="9,11,24,25,27,72,77,83,88,95,98,99,102,106" machi="95" ten="40,8000,1" yaku="1,1,54,1,53,2" doraHai="69" doraHaiUra="7" who="1" fromWho="3" sc="329,0,195,90,250,0,216,-80" /><INIT seed="3,0,0,4,5,40" ten="329,285,250,136" oya="3" hai0="92,26,79,0,50,107,67,74,47,134,60,24,13" hai1="30,81,87,17,18,88,108,132,52,27,115,48,114" hai2="105,9,53,110,7,51,123,45,28,22,31,102,19" hai3="10,3,75,71,66,99,104,54,58,43,29,101,119"/><W72/><G119/><T16/><D107/><U69/><E108/><V76/><F110/><W93/><G29/><T42/><D0/><U63/><E132/><V90/><F123/><W126/><G126/><T15/><D134/><U112/><E69/><V106/><F76/><W109/><G109/><T124/><D124/><U34/><E63/><V103/><F90/><W86/><G66/><T98/><D79/><U12/><E17/><V135/><F135/><W46/><G71/><T73/><D74/><U32/><E32/><V59/><F106/><W127/><G127/><T25/><D73/><U35/><E35/><V49/><F105/><W20/><G20/><T80/><D80/><U130/><E130/><V100/><F9/><W94/><G75/><T36/><D36/><U68/><E68/><V56/><F7/><W5/><G86/><T70/><REACH who="0" step="1"/><D16/><REACH who="0" ten="319,285,250,136" step="2"/><U62/><E114/><V55/><REACH who="2" step="1"/><F59/><REACH who="2" ten="319,285,240,136" step="2"/><W128/><G72/><T61/><D61/><U120/><E62/><V113/><F113/><W91/><G128/><T78/><D78/><U83/><E120/><V65/><F65/><W97/><G104/><T82/><D82/><U57/><E83/><V129/><F129/><W96/><G96/><T21/><D21/><AGARI ba="0,2" hai="12,18,21,27,30,34,48,52,57,81,87,88,112,115" machi="21" ten="30,3900,0" yaku="7,1,54,2" doraHai="40" who="1" fromWho="0" sc="319,-39,285,59,240,0,136,0" owari="280,8.0,344,44.4,240,-16.0,136,-36.4" /></mjloggm>