<mjloggm ver="2.3"><GO type="225" lobby="0"/><UN n0="%63%68%78%62%64" n1="%4B%2E%32%2E%4B%2E" n2="%E8%B7%AF%E9%9C%B8" n3="%72%61%6B%33" dan="16,17,17,17" rate="2078.05,2194.30,2166.96,2135.79" sx="M,M,M,M"/><TAIKYOKU oya="0"/><INIT seed="0,0,0,5,3,33" ten="250,250,250,250" oya="0" hai0="65,76,103,24,90,78,26,74,93,70,89,117,43" hai1="68,30,82,77,60,83,1,14,51,17,95,50,108" hai2="110,126,111,48,62,101,7,97,12,122,94,9,129" hai3="130,66,91,18,49,67,45,34,47,19,109,128,105"/><T29/><D117/><U27/><E108/><V11/><F122/><W16/><G34/><T106/><D43/><U85/><E1/><N who="2" m="239" /><F48/><W22/><G109/><N who="2" m="41481" /><F129/><N who="3" m="49771" /><G105/><T120/><D106/><U100/><E82/><V132/><F132/><W56/><G22/><T28/><D120/><U123/><E60/><V6/><F62/><W118/><G118/><T96/><D70/><U0/><E0/><N who="2" m="455" /><F126/><W119/><G119/><T10/><D74/><U134/><E68/><V8/><F12/><W21/><G21/><T88/><D65/><N who="3" m="24585" /><G91/><T61/><D61/><U15/><E134/><V2/><F8/><W113/><G113/><T81/><D10/><U127/><E127/><V42/><F42/><W41/><G47/><T98/><D98/><N who="1" m="59487" /><E14/><V72/><F72/><W86/><G86/><N who="0" m="48423" /><D78/><U40/><E40/><V69/><F69/><W87/><G87/><T39/><D39/><U20/><E123/><V44/><F44/><W107/><G107/><T80/><D80/><U112/><E112/><V32/><F32/><W55/><G56/><T3/><D3/><AGARI ba="0,0" hai="2,3,94,97,101" m="455,41481,239" machi="3" ten="30,8000,1" yaku="14,1,52,4" doraHai="33" who="2" fromWho="0" sc="250,-80,250,0,250,80,250,0" /><INIT seed="1,0,0,4,3,80" ten="170,250,330,250" oya="1" hai0="135,134,99,66,127,95,105,124,98,90,56,83,123" hai1="51,38,35,53,46,44,7,40,65,5,64,52,128" hai2="76,41,112,120,68,60,74,84,122,103,37,109,78" hai3="32,58,10,50,11,6,45,121,108,2,59,9,28"/><U72/><E72/><V115/><F103/><W117/><G121/><N who="2" m="46697" /><F84/><W85/><G108/><T48/><D48/><U126/><E126/><N who="0" m="48169" /><D56/><U82/><E128/><V8/><F109/><W113/><G113/><N who="2" m="43593" /><F8/><W12/><G117/><T118/><D66/><U20/><E35/><V49/><F37/><W125/><G125/><T94/><D118/><U88/><E20/><V93/><F93/><W42/><G32/><T89/><D123/><U22/><E22/><V33/><F33/><W24/><G24/><T63/><D63/><U131/><E5/><V13/><F74/><W57/><G28/><T14/><D14/><U19/><E19/><V70/><F13/><W107/><G107/><T101/><D83/><U27/><E7/><V111/><F111/><W75/><G75/><T133/><D105/><U130/><E27/><V1/><F1/><W47/><G2/><T71/><D71/><N who="2" m="27178" /><F60/><W79/><G10/><T69/><D69/><U55/><E38/><V132/><F49/><W87/><G9/><T91/><AGARI ba="0,0" hai="89,90,91,94,95,98,99,101,133,134,135" m="48169" machi="91" ten="40,8000,1" yaku="20,1,18,1,34,2" doraHai="80" who="0" fromWho="0" sc="170,80,250,-40,330,-20,250,-20" /><INIT seed="2,0,0,5,5,48" ten="250,210,310,230" oya="2" hai0="46,13,71,5,44,56,11,14,66,4,62,101,34" hai1="130,111,103,81,87,84,22,133,28,108,0,98,58" hai2="54,95,60,90,36,110,12,18,59,117,21,42,124" hai3="17,97,122,93,105,106,33,91,102,37,79,26,80"/><V73/><F117/><W114/><G37/><T134/><D34/><U50/><E0/><V35/><F73/><W70/><G70/><T88/><D134/><U27/><E133/><V57/><F35/><W68/><G68/><T38/><D71/><U10/><E130/><V116/><F116/><W129/><G122/><T16/><D38/><U125/><E125/><V30/><F124/><W63/><G63/><T76/><D76/><U67/><E10/><V23/><F110/><N who="1" m="42025" /><E81/><V47/><F57/><W75/><G17/><N who="0" m="8383" /><D101/><U78/><E78/><V83/><F83/><W8/><G8/><N who="0" m="6215" /><D88/><U118/><E118/><V1/><F1/><W94/><G26/><T19/><D19/><U86/><E50/><V25/><F90/><W85/><G33/><T126/><D126/><U64/><E58/><V29/><F95/><AGARI ba="0,0" hai="22,27,28,64,67,84,86,87,95,98,103" m="42025" machi="95" ten="30,1000,0" yaku="14,1" doraHai="48" who="1" fromWho="2" sc="250,0,210,10,310,-10,230,0" /><INIT seed="3,0,0,5,2,135" ten="250,220,300,230" oya="3" hai0="132,1,134,35,17,123,45,78,31,47,6,68,111" hai1="37,122,38,20,75,77,85,52,28,115,12,74,127" hai2="9,119,2,54,88,30,110,36,21,96,7,129,124" hai3="83,26,22,62,13,46,39,98,125,117,29,23,51"/><W50/><G125/><T108/><D68/><U116/><E115/><V114/><F114/><W109/><G117/><T25/><D123/><U79/><E122/><V97/><F119/><W130/><G130/><T66/><D66/><U107/><E116/><V84/><F36/><N who="1" m="13929" /><E107/><V95/><F124/><W102/><G109/><N who="0" m="42059" /><D78/><N who="1" m="29707" /><E127/><V53/><F129/><W5/><G83/><T106/><D106/><U61/><E85/><V101/><F110/><W133/><G133/><N who="0" m="51307" /><D17/><U73/><E61/><V90/><F97/><W104/><G62/><T8/><AGARI ba="0,0" hai="1,6,8,25,31,35,45,47" m="51307,42059" machi="8" ten="40,2700,0" yaku="14,1,20,1" doraHai="135" who="0" fromWho="0" sc="250,27,220,-7,300,-7,230,-13" /><INIT seed="4,0,0,1,2,99" ten="277,213,293,217" oya="0" hai0="90,95,0,116,76,128,5,15,92,27,135,32,111" hai1="94,1,120,36,59,53,84,57,107,4,6,52,110" hai2="71,49,89,93,55,51,50,35,45,21,102,78,117" hai3="42,37,121,2,68,134,7,112,77,31,109,67,33"/><T87/><D116/><U46/><E110/><V56/><F35/><W100/><G109/><T83/><D128/><U47/><E107/><V28/><F71/><W39/><G112/><T125/><D111/><U11/><E120/><V14/><F117/><W22/><G22/><T20/><D135/><U23/><E36/><V65/><F78/><W60/><G134/><T8/><D125/><U132/><E132/><V64/><F102/><W58/><G121/><T63/><D63/><N who="1" m="36263" /><E1/><V104/><F104/><W114/><G114/><T79/><D79/><U26/><E84/><N who="2" m="52391" /><F50/><W80/><G58/><T86/><D32/><U123/><E94/><V81/><F81/><W106/><G42/><T54/><D92/><U38/><E38/><V131/><F131/><W30/><G2/><T101/><D0/><U124/><E124/><V103/><F103/><W25/><G31/><N who="0" m="17895" /><D101/><U75/><E75/><V12/><F28/><W82/><G7/><N who="1" m="2602" /><E11/><V10/><F10/><W129/><G129/><T88/><D54/><U61/><E123/><V74/><F74/><N who="3" m="43063" /><G82/><T48/><D76/><U118/><E118/><V44/><F64/><W43/><G43/><T13/><D13/><U122/><E122/><V9/><F65/><W66/><G66/><T115/><D115/><U91/><E91/><V40/><F9/><W98/><AGARI ba="0,0" hai="25,30,33,37,39,60,67,68,98,100,106" m="43063" machi="98" ten="30,7900,0" yaku="25,1,33,2,52,1" doraHai="99" who="3" fromWho="3" sc="277,-39,213,-20,293,-20,217,79" /><INIT seed="5,0,0,3,5,99" ten="238,193,273,296" oya="1" hai0="41,132,7,34,6,68,1,100,110,86,103,113,15" hai1="112,87,88,29,80,40,117,35,91,79,94,131,39" hai2="121,50,82,127,21,43,111,114,90,51,42,30,126" hai3="71,70,107,98,81,67,124,61,62,119,123,49,45"/><U69/><E117/><V11/><F121/><W33/><G123/><T27/><D110/><U0/><E0/><V16/><F111/><W32/><G119/><T44/><D68/><U53/><E69/><V5/><F30/><W36/><G81/><T56/><D113/><U14/><E112/><V17/><F114/><W85/><G85/><T19/><D132/><U109/><E109/><V22/><F90/><W76/><G76/><T102/><D56/><U129/><E53/><V118/><F82/><W9/><G9/><T122/><D122/><U125/><E125/><V57/><F118/><W3/><G124/><N who="2" m="47657" /><F11/><W105/><G3/><T104/><D104/><U96/><E14/><N who="2" m="9367" /><F5/><W52/><G36/><T47/><D1/><U65/><E65/><V115/><F115/><W73/><G73/><T37/><D86/><U101/><E91/><V135/><F135/><W108/><G108/><T2/><D2/><U8/><E8/><V72/><F72/><W97/><G107/><T25/><D44/><N who="1" m="23583" /><E29/><V26/><F51/><W60/><G105/><T55/><D55/><AGARI ba="0,0" hai="17,22,26,42,43,50,55,57" m="9367,47657" machi="55" ten="30,2000,0" yaku="18,1,54,1" doraHai="99" who="2" fromWho="0" sc="238,-20,193,0,273,20,296,0" /><INIT seed="6,0,0,5,1,36" ten="218,193,293,296" oya="2" hai0="80,84,132,7,43,0,31,33,62,100,56,85,37" hai1="46,38,121,12,21,111,107,117,120,28,40,123,108" hai2="67,8,109,131,134,124,75,63,94,110,29,9,69" hai3="72,102,71,15,81,115,91,78,3,96,14,101,48"/><V70/><F75/><W53/><G3/><T32/><D132/><U95/><E117/><V45/><F134/><W119/><G119/><T44/><D100/><U105/><E95/><V128/><F124/><W79/><G71/><T54/><D31/><U99/><E99/><V97/><F70/><W129/><G129/><N who="2" m="49737" /><F29/><W6/><G115/><T88/><REACH who="0" step="1"/><D84/><REACH who="0" ten="208,193,293,296" step="2"/><U55/><E55/><V5/><F45/><W87/><G102/><T10/><AGARI ba="0,1" hai="0,7,10,32,33,37,43,44,54,56,62,80,85,88" machi="10" ten="30,12000,2" yaku="1,1,2,1,0,1,52,1,54,1,53,1" doraHai="36" doraHaiUra="35" who="0" fromWho="0" sc="208,130,193,-30,293,-60,296,-30" owari="338,43.8,163,-33.7,233,-16.7,266,6.6" /></mjloggm>