<mjloggm ver="2.3"><GO type="225" lobby="0"/><UN n0="%E6%A1%9C%E8%8A%B1%E9%96%83%E3%80%85" n1="%6D%75%75%6D%75%72%61" n2="%6B%65%6E%6E%64%69" n3="%E3%82%A2%E3%82%A4%E3%82%B9%E3%83%86%E3%82%A3%E3%83%BC%E3%81%82%E3%81%B9" dan="16,17,16,16" rate="2078.67,2162.87,2163.73,2079.88" sx="M,F,M,M"/><TAIKYOKU oya="0"/><INIT seed="0,0,0,4,0,19" ten="250,250,250,250" oya="0" hai0="58,16,107,98,87,104,0,132,105,125,15,106,4" hai1="92,37,95,55,8,33,120,111,28,36,50,7,62" hai2="9,11,90,30,22,57,68,12,29,121,63,89,47" hai3="66,74,80,112,61,45,20,52,78,72,77,40,3"/><T35/><D125/><U84/><E120/><V24/><F121/><W101/><G3/><T5/><D132/><U113/><E111/><V51/><F68/><W119/><G112/><T124/><D124/><U69/><E113/><V2/><F2/><W81/><G119/><T10/><D35/><U76/><E33/><V100/><F100/><W75/><G101/><T54/><D87/><U129/><E28/><V133/><F30/><W41/><G75/><T25/><D25/><U122/><E129/><V85/><F133/><W114/><G114/><T39/><D39/><U93/><E122/><V82/><F90/><W86/><G86/><T38/><D38/><U23/><E23/><V49/><F47/><W97/><G97/><T126/><D126/><U70/><E76/><V6/><REACH who="2" step="1"/><F9/><REACH who="2" ten="250,250,240,250" step="2"/><W60/><G45/><T21/><D10/><U103/><E70/><V59/><F59/><W96/><G78/><T79/><D0/><U65/><E103/><V94/><F94/><W117/><G77/><T108/><D79/><U123/><E123/><V42/><F42/><W44/><G40/><T110/><D110/><U31/><E31/><V134/><F134/><W32/><G41/><T18/><D108/><U115/><E115/><V34/><F34/><W128/><G74/><T109/><D109/><U130/><E130/><V127/><F127/><W48/><G72/><T71/><D71/><U67/><E69/><V73/><F73/><W43/><G128/><T83/><D105/><U53/><E8/><V99/><F99/><W13/><G32/><T116/><D107/><U46/><E92/><RYUUKYOKU ba="0,1" sc="250,-10,250,-10,240,30,250,-10" hai2="6,11,12,22,24,29,49,51,57,63,82,85,89" /><INIT seed="1,1,1,3,1,103" ten="240,240,270,240" oya="1" hai0="21,94,38,111,116,61,7,54,127,14,57,17,11" hai1="89,85,18,84,74,129,81,71,47,90,45,97,78" hai2="73,43,46,2,37,112,79,59,48,3,76,24,6" hai3="60,104,123,56,63,22,133,62,55,13,32,88,98"/><U110/><E71/><V49/><F112/><W122/><G32/><T96/><D111/><U106/><E110/><V82/><F76/><W95/><G133/><T26/><D127/><U115/><E115/><V5/><F5/><W40/><G40/><T44/><D116/><U87/><E129/><V1/><F24/><W93/><G104/><T31/><D38/><U68/><E68/><V28/><F28/><W80/><G80/><T135/><D44/><U35/><E35/><V124/><F124/><W70/><G70/><T117/><D135/><U101/><REACH who="1" step="1"/><E18/><REACH who="1" ten="240,230,270,240" step="2"/><V0/><REACH who="2" step="1"/><F59/><REACH who="2" ten="240,230,260,240" step="2"/><W69/><G69/><T130/><D130/><U39/><E39/><V83/><F83/><W92/><G123/><T16/><REACH who="0" step="1"/><D117/><REACH who="0" ten="230,230,260,240" step="2"/><U19/><E19/><V64/><F64/><W41/><G122/><T8/><D8/><AGARI ba="1,4" hai="0,1,2,3,6,8,37,43,46,48,49,73,79,82" machi="8" ten="40,8000,1" yaku="1,1,25,2,53,1" doraHai="103" doraHaiUra="105" who="2" fromWho="0" sc="230,-83,230,0,260,123,240,0" /><INIT seed="2,0,0,1,2,108" ten="147,230,383,240" oya="2" hai0="10,60,134,131,61,59,43,91,50,22,112,130,49" hai1="101,88,83,66,114,69,111,31,89,77,21,64,28" hai2="47,16,9,51,11,80,63,109,34,42,20,93,67" hai3="126,68,56,72,41,110,70,85,38,30,76,48,92"/><V44/><F34/><W19/><G110/><T24/><D10/><U17/><E111/><V36/><F109/><W128/><G126/><T86/><D134/><U74/><E114/><V122/><F122/><W5/><G72/><T132/><D132/><U98/><E28/><V54/><F80/><W32/><G38/><T8/><D8/><U25/><E31/><V6/><F93/><W96/><G5/><T119/><D119/><U53/><E53/><V1/><F1/><W87/><G30/><T127/><D127/><U82/><E82/><V37/><F37/><W12/><G32/><T121/><D121/><U15/><E25/><V7/><F7/><W100/><G128/><T95/><D61/><U39/><E39/><V103/><F103/><W125/><G125/><T13/><D13/><U135/><E135/><V133/><F6/><W116/><G68/><T0/><D0/><U90/><REACH who="1" step="1"/><E69/><REACH who="1" ten="147,220,383,240" step="2"/><V84/><F133/><W113/><G70/><T2/><D112/><U65/><E65/><V120/><F120/><W107/><G113/><T4/><D130/><U115/><E115/><V79/><F67/><W55/><G116/><T106/><D131/><U46/><E46/><V3/><F47/><W124/><G55/><T123/><D123/><U102/><E102/><V94/><F54/><W78/><G100/><T118/><D118/><U58/><E58/><V18/><F36/><W35/><G124/><T57/><D59/><U27/><E27/><V29/><F29/><W75/><G56/><T14/><D57/><U71/><E71/><V117/><F117/><W129/><G129/><RYUUKYOKU ba="0,1" sc="147,-10,220,30,383,-10,240,-10" hai1="15,17,21,64,66,74,77,83,88,89,90,98,101" /><INIT seed="3,1,1,2,4,95" ten="137,250,373,230" oya="3" hai0="68,71,30,129,74,58,37,24,110,122,4,44,89" hai1="11,103,38,112,40,52,86,66,111,67,63,65,29" hai2="91,119,60,20,2,45,48,127,97,115,27,116,120" hai3="133,55,17,32,109,12,92,80,88,101,131,42,13"/><W90/><G32/><T75/><D122/><U121/><E121/><V26/><F115/><W25/><G133/><T56/><D4/><U8/><E112/><V47/><F120/><W93/><G131/><T81/><D129/><U132/><E132/><V102/><F2/><W72/><G42/><T69/><D81/><U5/><E111/><V23/><F127/><W118/><G118/><T9/><D9/><U50/><E38/><V96/><F60/><W128/><G128/><T113/><D113/><U14/><E29/><V126/><F91/><N who="3" m="34859" /><G72/><T46/><D110/><U41/><E63/><V123/><F123/><W124/><G80/><T39/><D89/><U134/><E134/><V87/><F87/><W125/><G109/><T49/><D69/><U15/><E103/><V85/><F102/><W43/><G43/><T105/><D49/><U64/><N who="1" m="16384" /><DORA hai="51" /><U73/><E86/><V70/><F85/><W6/><G6/><T61/><D61/><U3/><E73/><V98/><F70/><W104/><G104/><T79/><D30/><U10/><E3/><V28/><F126/><N who="3" m="48747" /><G55/><T35/><D24/><U100/><E100/><V77/><F119/><W130/><G130/><T82/><D82/><U135/><E135/><V54/><F116/><W99/><G93/><T76/><REACH who="0" step="1"/><D35/><REACH who="0" ten="127,250,373,230" step="2"/><U7/><E10/><V59/><F77/><W0/><G0/><T16/><D16/><AGARI ba="1,2" hai="16,20,23,26,27,28,45,47,48,54,59,96,97,98" machi="16" ten="40,12000,2" yaku="8,1,52,4,54,1" doraHai="95,51" who="2" fromWho="0" sc="127,-123,250,0,373,143,230,0" owari="4,-49.6,250,5.0,516,61.6,230,-17.0" /></mjloggm>