<mjloggm ver="2.3"><GO type="225" lobby="0"/><UN n0="%73%61%6E%64%69%72%69%73" n1="%E7%B4%94%E6%BD%94%E3%83%94%E3%83%A9%E3%83%8B%E3%82%A2" n2="%43%68%65" n3="%4C%4F%4C%49%54%41" dan="16,16,16,16" rate="2161.54,2069.57,2150.13,2189.91" sx="M,M,M,F"/><TAIKYOKU oya="0"/><INIT seed="0,0,0,1,4,88" ten="250,250,250,250" oya="0" hai0="3,68,79,27,106,133,67,124,31,54,99,104,78" hai1="117,71,107,36,108,42,2,13,49,120,111,93,32" hai2="33,82,65,60,14,72,57,8,22,81,70,7,87" hai3="30,39,116,128,83,24,101,100,59,18,45,92,94"/><T16/><D133/><U10/><E107/><V105/><F33/><W50/><G116/><T98/><D3/><U35/><E117/><V91/><F105/><W46/><G128/><T89/><D124/><U37/><E71/><V25/><F72/><W86/><G39/><N who="1" m="14922" /><E2/><V121/><F121/><W64/><G18/><T109/><D109/><N who="1" m="42059" /><E120/><V62/><F62/><N who="3" m="37983" /><G24/><T73/><D27/><U69/><E69/><V12/><F70/><W90/><G30/><T77/><D31/><U123/><E123/><V84/><F14/><W55/><G45/><T51/><D68/><U19/><E93/><AGARI ba="0,0" hai="46,50,55,83,86,90,92,93,94,100,101" m="37983" machi="93" ten="30,7700,0" yaku="8,1,52,3" doraHai="88" who="3" fromWho="1" sc="250,0,250,-77,250,0,250,77" /><INIT seed="1,0,0,2,3,44" ten="250,173,250,327" oya="1" hai0="79,84,57,10,38,50,19,18,17,27,112,59,9" hai1="60,97,42,99,131,130,22,13,100,115,111,103,124" hai2="55,67,134,5,8,94,15,49,66,68,88,77,54" hai3="11,48,116,74,90,25,34,2,93,47,26,51,117"/><U96/><E115/><V121/><F121/><W129/><G74/><T101/><D38/><U128/><E124/><V132/><F77/><W127/><G129/><T73/><D112/><U40/><E60/><V86/><F55/><W16/><G127/><T110/><D73/><U133/><E133/><N who="2" m="51307" /><F68/><W85/><G34/><T95/><D110/><U36/><E36/><V41/><F41/><N who="1" m="15977" /><E111/><V29/><F29/><W39/><G39/><T61/><D27/><N who="3" m="10249" /><G47/><AGARI ba="0,0" hai="5,8,15,47,49,54,66,67,86,88,94" m="51307" machi="47" ten="30,3900,0" yaku="20,1,52,1,54,1" doraHai="44" who="2" fromWho="3" sc="250,0,173,0,250,39,327,-39" /><INIT seed="2,0,0,1,0,15" ten="250,173,289,288" oya="2" hai0="60,89,76,129,24,58,65,23,5,88,66,22,77" hai1="68,109,56,96,130,39,121,114,78,55,13,59,128" hai2="47,40,105,122,131,74,113,7,86,123,31,102,118" hai3="12,125,51,2,80,14,34,90,82,29,83,61,94"/><V44/><F74/><W93/><G2/><T62/><D5/><U48/><E78/><V38/><F118/><W73/><G73/><T1/><D1/><U103/><E68/><V57/><F113/><W87/><G125/><T106/><D106/><U72/><E72/><V25/><F131/><N who="1" m="50217" /><E114/><V18/><F7/><W16/><G34/><T95/><D129/><U120/><E39/><V21/><F47/><W8/><G29/><T108/><D108/><U37/><E37/><V42/><F42/><W134/><G134/><T52/><D22/><U92/><E109/><V32/><F86/><W79/><G61/><T84/><D89/><U6/><E56/><V9/><F9/><AGARI ba="0,0" hai="6,9,13,48,55,59,92,96,103,120,121" m="50217" machi="9" ten="30,1000,0" yaku="19,1" doraHai="15" who="1" fromWho="2" sc="250,0,173,10,289,-10,288,0" /><INIT seed="3,0,0,5,5,6" ten="250,183,279,288" oya="3" hai0="132,128,125,61,55,0,129,23,83,124,63,11,120" hai1="45,19,69,24,105,74,85,33,73,39,70,82,52" hai2="53,121,106,37,92,123,78,7,103,126,17,8,26" hai3="34,44,133,59,99,95,88,20,5,14,65,46,58"/><W98/><G34/><T27/><D120/><N who="2" m="46154" /><F37/><W60/><G133/><T75/><D75/><U110/><E105/><V111/><F106/><W57/><G98/><T16/><D83/><U116/><E116/><V80/><F53/><W81/><G81/><T77/><D77/><U104/><E104/><V2/><F111/><W135/><G135/><T62/><D55/><U22/><E110/><V90/><F103/><W94/><G94/><T66/><D66/><U41/><E33/><V119/><F126/><N who="0" m="48746" /><D132/><U10/><E73/><V68/><F68/><W31/><G5/><AGARI ba="0,0" hai="0,5,11,16,23,27,61,62,63,128,129" m="48746" machi="5" ten="40,5200,0" yaku="18,1,52,1,54,1" doraHai="6" who="0" fromWho="3" sc="250,52,183,0,279,0,288,-52" owari="302,40.2,183,-31.7,279,7.9,236,-16.4" /></mjloggm>