<mjloggm ver="2.3"><GO type="225" lobby="0"/><UN n0="%74%61%6B%75%61%6B%61" n1="%E6%A1%9C%E8%8A%B1%E9%96%83%E3%80%85" n2="%E9%9B%80%E6%A5%B5%E3%81%AE%E3%81%B8" n3="%E3%81%BF%E3%81%BF%E3%81%9A" dan="16,18,16,17" rate="2167.72,2270.02,2080.74,2175.75" sx="M,M,M,M"/><TAIKYOKU oya="0"/><INIT seed="0,0,0,5,0,111" ten="250,250,250,250" oya="0" hai0="25,0,108,127,30,43,36,3,62,55,66,97,33" hai1="58,101,89,121,11,4,129,52,80,60,13,78,21" hai2="119,95,65,22,18,130,131,50,35,133,28,27,92" hai3="49,37,85,10,9,12,24,117,40,114,79,29,132"/><T51/><D127/><U63/><E129/><N who="2" m="49163" /><F65/><W38/><G117/><T15/><D108/><U23/><E121/><V61/><F61/><W122/><G122/><T87/><D87/><U41/><E101/><V83/><F50/><W102/><G102/><T59/><D15/><U105/><E105/><V120/><F120/><W73/><G73/><T118/><D118/><U113/><E113/><V74/><F133/><W32/><G132/><T67/><D97/><U31/><E41/><V103/><F103/><W93/><G114/><T123/><D123/><U107/><E107/><V134/><F134/><W110/><G110/><T56/><REACH who="0" step="1"/><D67/><REACH who="0" ten="240,250,250,250" step="2"/><U88/><E13/><N who="2" m="9551" /><F119/><W135/><G135/><T6/><D6/><U48/><E4/><V57/><F74/><W77/><G9/><T39/><D39/><U7/><E11/><V94/><F83/><W47/><G38/><T100/><D100/><U72/><E7/><V115/><F115/><W99/><G37/><T8/><D8/><U16/><E72/><V116/><F116/><W69/><G85/><T14/><D14/><N who="1" m="9367" /><E78/><N who="3" m="29706" /><G12/><T128/><D128/><U91/><E80/><V2/><F2/><W17/><G10/><T75/><D75/><U82/><E82/><V98/><F98/><W68/><G99/><T34/><D34/><U106/><E106/><V71/><F95/><W81/><G81/><T70/><D70/><N who="3" m="27241" /><G93/><N who="2" m="35945" /><F71/><W20/><G32/><T5/><D5/><U76/><E76/><V46/><F35/><W96/><G96/><T125/><D125/><U126/><E126/><V124/><F124/><W54/><G40/><T53/><D53/><RYUUKYOKU ba="0,1" sc="240,10,250,10,250,-30,250,10" hai0="0,3,25,30,33,36,43,51,55,56,59,62,66" hai1="23,31,48,52,58,60,63,88,89,91" hai3="17,20,24,29,47,49,54" /><INIT seed="0,1,1,4,3,9" ten="250,260,220,260" oya="0" hai0="73,117,91,3,54,68,94,55,50,12,57,64,132" hai1="81,20,53,85,44,120,0,75,84,126,13,114,22" hai2="16,41,2,93,37,46,18,7,56,96,119,5,60" hai3="76,108,27,112,23,100,61,14,87,4,31,113,45"/><T71/><D3/><U102/><E120/><V116/><F5/><W58/><G108/><T6/><D73/><U70/><E0/><V29/><F29/><W19/><G100/><T89/><D117/><N who="2" m="45130" /><F7/><W135/><G135/><T34/><D34/><U69/><E75/><V134/><F2/><W59/><G4/><T40/><D132/><U92/><E126/><V105/><F105/><W42/><G76/><T128/><D128/><U78/><E114/><V17/><F134/><W97/><G97/><T109/><D109/><U131/><E70/><V123/><F123/><W99/><G99/><T65/><D40/><U88/><E69/><V32/><F32/><W21/><G87/><T39/><D39/><U111/><E131/><V52/><F18/><W104/><G104/><T107/><D107/><U35/><E35/><V83/><F83/><W49/><REACH who="3" step="1"/><G58/><REACH who="3" ten="250,260,220,250" step="2"/><T101/><D68/><U38/><E111/><V125/><F125/><W86/><G86/><T33/><D71/><U82/><E102/><AGARI ba="1,2" hai="16,17,37,41,46,52,56,60,93,96,102" m="45130" machi="102" ten="30,3900,0" yaku="12,1,54,2" doraHai="9" who="2" fromWho="1" sc="250,0,260,-42,220,62,250,0" /><INIT seed="1,0,0,5,0,8" ten="250,218,282,250" oya="1" hai0="20,6,108,33,126,114,40,46,67,110,62,127,29" hai1="104,116,111,35,16,37,71,53,31,113,22,42,1" hai2="73,7,100,74,59,14,70,4,105,34,13,10,120" hai3="72,123,87,118,86,129,66,45,28,125,32,56,109"/><U64/><E113/><V5/><F70/><W134/><G72/><T95/><D33/><U26/><E116/><V38/><F34/><W75/><G75/><T135/><D6/><U96/><E1/><V93/><F105/><W106/><G106/><T27/><D95/><U15/><E111/><N who="0" m="42537" /><D135/><U84/><E53/><V48/><F38/><W18/><G32/><T3/><D3/><U52/><E84/><V17/><F120/><W63/><G125/><T41/><D114/><U49/><E42/><N who="0" m="16489" /><D46/><U119/><E37/><V69/><F69/><AGARI ba="0,0" hai="20,27,29,62,67,69,126,127" m="16489,42537" machi="69" ten="30,1000,0" yaku="14,1" doraHai="8" who="0" fromWho="2" sc="250,10,218,0,282,-10,250,0" /><INIT seed="2,0,0,5,3,73" ten="260,218,272,250" oya="2" hai0="117,27,14,78,51,126,63,122,19,121,75,89,111" hai1="124,0,52,49,129,5,85,68,84,109,95,60,80" hai2="21,127,40,30,119,107,104,47,17,64,77,128,81" hai3="135,36,86,108,71,25,2,15,116,54,32,120,12"/><V112/><F112/><W106/><RYUUKYOKU type="yao9" ba="0,0" sc="260,0,218,0,272,0,250,0" hai3="2,12,15,25,32,36,54,71,86,106,108,116,120,135" /><INIT seed="2,1,0,5,3,127" ten="260,218,272,250" oya="2" hai0="42,55,6,89,49,92,91,135,19,67,74,124,115" hai1="48,14,41,35,118,21,29,62,119,111,116,33,78" hai2="110,70,87,9,99,77,104,82,28,2,75,81,24" hai3="5,129,94,27,96,60,50,63,54,52,31,38,40"/><V121/><F121/><W11/><G129/><T130/><D115/><U10/><E78/><V126/><F126/><W32/><G38/><T61/><D124/><U106/><E106/><V0/><F70/><W71/><G40/><T100/><D74/><U59/><E48/><V45/><F110/><W18/><G18/><T131/><D42/><U12/><E41/><V73/><F45/><W17/><G17/><T69/><D135/><U30/><E59/><V37/><F37/><W36/><G36/><T7/><D100/><U97/><E97/><V102/><F9/><W53/><G50/><T57/><D19/><N who="1" m="10487" /><E62/><V56/><F56/><W108/><G108/><T125/><D125/><U13/><E13/><V23/><REACH who="2" step="1"/><F75/><REACH who="2" ten="260,218,262,250" step="2"/><W22/><G71/><T117/><D117/><U64/><E111/><V44/><F44/><W95/><G32/><N who="1" m="12362" /><E64/><V128/><F128/><N who="0" m="49194" /><D89/><AGARI ba="1,1" hai="0,2,23,24,28,73,77,81,82,87,89,99,102,104" machi="89" ten="30,2900,0" yaku="1,1,7,1,53,0" doraHai="127" doraHaiUra="134" who="2" fromWho="0" sc="260,-32,218,0,262,42,250,0" /><INIT seed="2,2,0,4,4,12" ten="228,218,304,250" oya="2" hai0="109,87,88,89,84,41,21,71,56,33,126,51,19" hai1="78,113,42,99,73,24,45,108,122,40,125,59,95" hai2="47,107,102,132,7,106,14,130,86,101,11,91,124" hai3="52,60,76,123,2,3,69,90,112,50,44,30,38"/><V8/><F124/><W120/><G112/><T46/><D71/><U133/><E113/><V64/><F130/><W6/><G76/><T23/><D33/><U111/><E125/><V18/><F132/><W49/><G30/><T96/><D109/><N who="1" m="42059" /><E133/><V128/><F128/><W129/><G129/><T75/><D75/><U100/><E122/><V134/><F134/><W135/><G135/><T94/><D126/><U29/><E59/><V62/><F47/><W55/><G38/><T114/><D114/><U70/><E70/><V121/><F121/><W22/><G22/><T61/><D89/><U82/><E45/><V25/><F106/><W105/><G105/><T5/><D5/><U27/><E27/><V115/><F107/><W1/><G6/><T131/><D23/><AGARI ba="2,0" hai="23,24,29,40,42,73,78,82,95,99,100" m="42059" machi="23" ten="30,1000,0" yaku="14,1" doraHai="12" who="1" fromWho="0" sc="228,-16,218,16,304,0,250,0" /><INIT seed="3,0,0,1,4,55" ten="212,234,304,250" oya="3" hai0="35,127,25,42,38,19,81,94,126,34,119,93,67" hai1="102,29,123,103,113,54,2,5,23,47,131,100,15" hai2="133,118,33,43,31,132,56,68,62,111,11,124,83" hai3="52,30,85,75,104,89,27,112,48,87,4,63,71"/><W130/><G112/><T106/><D106/><U20/><E113/><V24/><F118/><W99/><G75/><T122/><D119/><U70/><E123/><V120/><F68/><W90/><G4/><T3/><D3/><U95/><E70/><V65/><F120/><W36/><G36/><T18/><D122/><U74/><E74/><V128/><F43/><W116/><G130/><T60/><D81/><U121/><E2/><V84/><F11/><W101/><G116/><T76/><D76/><U12/><E121/><V45/><F45/><W58/><G87/><T51/><D38/><U57/><E47/><V50/><F50/><W79/><G85/><T107/><D107/><U91/><E131/><V49/><F49/><W7/><G79/><T66/><D51/><N who="1" m="30943" /><E29/><V10/><F128/><W82/><G82/><T69/><D69/><U73/><E73/><V44/><F83/><W64/><G7/><T14/><D60/><U96/><E12/><V28/><F62/><W59/><G71/><T115/><D14/><U9/><AGARI ba="0,0" hai="5,9,15,20,23,91,95,96,100,102,103" m="30943" machi="9" ten="30,2000,0" yaku="8,1,52,1" doraHai="55" who="1" fromWho="1" sc="212,-5,234,20,304,-5,250,-10" /><INIT seed="4,0,0,3,0,109" ten="207,254,299,240" oya="0" hai0="118,115,101,63,46,14,132,85,52,7,66,11,91" hai1="98,15,108,39,59,105,44,80,129,50,22,119,56" hai2="38,51,114,82,104,78,96,106,19,99,113,77,54" hai3="48,32,31,57,17,53,49,60,70,16,72,110,89"/><T94/><D118/><U12/><E108/><V69/><F38/><W128/><G110/><T71/><D132/><U36/><E119/><V35/><F69/><W100/><G72/><T45/><D115/><N who="2" m="44042" /><F35/><W27/><G128/><T26/><D101/><U9/><E12/><V67/><F67/><W23/><G100/><T75/><D75/><U3/><E80/><V30/><F30/><W43/><G70/><T87/><D26/><U13/><E98/><N who="2" m="37419" /><F19/><W64/><G32/><T68/><D68/><U25/><E39/><V37/><F37/><W55/><G43/><T127/><D127/><U102/><E36/><V125/><F125/><W4/><G4/><T120/><D120/><U111/><E111/><V40/><F40/><W81/><G64/><T29/><D29/><U34/><E34/><V97/><F97/><W131/><G131/><T79/><REACH who="0" step="1"/><D52/><REACH who="0" ten="197,254,299,240" step="2"/><U135/><E102/><V28/><F28/><W21/><G55/><T2/><D2/><U73/><E3/><V84/><F78/><W133/><G133/><T76/><D76/><U42/><E135/><V117/><F117/><W95/><G31/><T130/><D130/><U116/><E129/><V20/><F20/><W10/><G23/><T123/><D123/><U88/><E116/><V103/><F103/><W0/><G0/><T61/><D61/><U86/><E22/><V112/><F112/><W124/><G124/><T90/><D90/><U92/><E88/><V5/><F5/><W6/><G6/><T18/><D18/><U1/><E1/><V47/><AGARI ba="0,1" hai="47,51,54,77,82,84,104,106" m="37419,44042" machi="47" ten="30,7900,0" yaku="15,1,52,3" doraHai="109" who="2" fromWho="2" sc="197,-39,254,-20,299,89,240,-20" owari="158,-34.2,234,3.4,388,48.8,220,-18.0" /></mjloggm>