<mjloggm ver="2.3"><GO type="225" lobby="0"/><UN n0="%4D%6F%6E%61%6E%61" n1="%E3%83%B4%E3%82%A3%E3%83%AF%E3%82%B3%E3%82%B0%E3%83%8B" n2="%EF%BC%94%36" n3="%61%6D%65%6B%69" dan="16,16,16,16" rate="2113.40,2185.50,2046.53,2067.36" sx="F,M,M,M"/><TAIKYOKU oya="0"/><INIT seed="0,0,0,3,3,123" ten="250,250,250,250" oya="0" hai0="40,34,110,42,25,11,18,1,129,41,76,22,86" hai1="100,89,53,37,92,113,77,131,49,78,69,88,121" hai2="79,0,90,73,84,55,108,16,13,94,67,2,5" hai3="57,116,17,28,21,72,130,14,58,111,4,45,8"/><T91/><D129/><U109/><E121/><V103/><F5/><W47/><G72/><T112/><D112/><U56/><E131/><V101/><F67/><W75/><G75/><T133/><D133/><U132/><E132/><V10/><F108/><W36/><G116/><T31/><D76/><U102/><E113/><V9/><F9/><W117/><G117/><T20/><D110/><U7/><E109/><V35/><F35/><W127/><G127/><T119/><D119/><U63/><E37/><V134/><F134/><W128/><G111/><T83/><REACH who="0" step="1"/><D18/><REACH who="0" ten="240,250,250,250" step="2"/><U70/><E77/><V98/><F103/><W66/><G130/><T32/><D32/><U96/><E78/><V60/><F79/><W97/><G128/><T30/><D30/><U65/><E100/><V61/><F73/><W12/><G28/><T120/><D120/><U81/><E102/><V54/><F0/><W125/><G125/><T3/><D3/><U39/><E89/><V23/><F2/><W71/><G17/><T19/><D19/><U135/><E135/><V87/><F10/><W48/><G8/><T122/><D122/><U43/><E7/><AGARI ba="0,1" hai="1,7,11,20,22,25,31,34,40,41,42,83,86,91" machi="7" ten="40,2000,0" yaku="1,1,53,0" doraHai="123" doraHaiUra="52" who="0" fromWho="1" sc="240,30,250,-20,250,0,250,0" /><INIT seed="0,1,0,5,3,94" ten="270,230,250,250" oya="0" hai0="108,1,98,43,9,5,123,41,107,85,86,7,32" hai1="60,70,15,50,111,132,114,57,58,18,128,55,95" hai2="16,122,42,63,113,61,96,59,34,109,36,49,56" hai3="134,14,83,121,54,76,44,29,17,21,103,91,81"/><T116/><D116/><U102/><E128/><V99/><F34/><W62/><G134/><T129/><D123/><U4/><E132/><V105/><F113/><W30/><G121/><T124/><D129/><U84/><E114/><V75/><F75/><W87/><G103/><T68/><D124/><U88/><E111/><V78/><F105/><W106/><G106/><T118/><D118/><U47/><E4/><V65/><F36/><W39/><G39/><T126/><D126/><U10/><E102/><V33/><F33/><W37/><G37/><T131/><D131/><U3/><E3/><V45/><F109/><W19/><G17/><T82/><D108/><U125/><E125/><V52/><F78/><W31/><G62/><T119/><D32/><U25/><E25/><V51/><F122/><W53/><REACH who="3" step="1"/><G44/><REACH who="3" ten="270,230,250,240" step="2"/><T77/><D119/><U127/><E127/><V40/><F16/><W13/><G13/><T73/><D1/><U27/><REACH who="1" step="1"/><E27/><REACH who="1" ten="270,220,250,240" step="2"/><V22/><F22/><W130/><G130/><T20/><D20/><U79/><E79/><V80/><F80/><W92/><G92/><T48/><D82/><U0/><E0/><V23/><F23/><W69/><G69/><T28/><D68/><U104/><E104/><V110/><F110/><W133/><G133/><T64/><D77/><U97/><E97/><N who="2" m="37451" /><F49/><W6/><G6/><T66/><D48/><U38/><E38/><V101/><F101/><W12/><G12/><T26/><D7/><U2/><E2/><V24/><F24/><W93/><G93/><T72/><D26/><U135/><E135/><V74/><F74/><AGARI ba="1,2" hai="14,19,21,29,30,31,53,54,74,76,81,83,87,91" machi="74" ten="40,5200,0" yaku="1,1,6,1,53,1" doraHai="94" doraHaiUra="11" who="3" fromWho="2" sc="270,0,220,0,250,-55,240,75" /><INIT seed="1,0,0,0,3,118" ten="270,220,195,315" oya="1" hai0="30,25,126,46,103,23,58,28,53,84,69,26,41" hai1="133,95,62,100,18,36,128,42,15,3,107,125,1" hai2="68,60,51,70,96,109,54,32,31,117,72,87,5" hai3="20,40,82,56,22,44,50,115,8,38,45,132,110"/><U123/><E107/><V94/><F72/><W79/><G115/><T39/><D69/><U90/><E100/><V127/><F117/><W35/><G35/><T12/><D126/><U11/><E125/><V27/><F127/><W80/><G110/><T106/><D84/><U75/><E75/><V89/><F109/><W55/><G132/><T114/><D114/><U112/><E112/><V105/><F5/><W71/><G71/><T0/><D0/><U121/><E133/><V43/><F43/><W21/><G8/><T9/><D103/><U124/><E124/><V74/><F74/><W119/><G119/><T65/><D65/><U24/><E128/><V88/><F60/><W130/><G130/><T102/><D102/><U63/><E1/><V99/><F96/><W64/><G79/><T81/><D81/><U131/><E3/><V2/><F2/><W57/><G57/><T47/><D47/><N who="1" m="24007" /><E131/><V34/><F34/><W97/><G97/><T49/><D106/><U91/><E24/><V67/><F67/><W48/><G38/><T98/><D98/><N who="1" m="57719" /><E91/><V33/><F33/><W73/><G73/><T17/><REACH who="0" step="1"/><D26/><REACH who="0" ten="260,220,195,315" step="2"/><U113/><E113/><V122/><F105/><W29/><G29/><AGARI ba="0,1" hai="9,12,17,23,25,28,29,30,39,41,46,49,53,58" machi="29" ten="30,7700,0" yaku="1,1,2,1,7,1,53,1" doraHai="118" doraHaiUra="6" who="0" fromWho="3" sc="260,87,220,0,195,0,315,-77" /><INIT seed="2,0,0,2,2,1" ten="347,220,195,238" oya="2" hai0="48,45,124,88,66,21,102,12,41,18,7,84,53" hai1="8,86,16,100,92,32,22,72,116,111,24,65,101" hai2="105,36,78,71,34,134,39,50,128,4,135,121,109" hai3="27,26,3,85,83,126,20,19,94,89,60,129,9"/><V118/><RYUUKYOKU type="yao9" ba="0,0" sc="347,0,220,0,195,0,238,0" hai2="4,34,36,39,50,71,78,105,109,118,121,128,134,135" /><INIT seed="2,1,0,1,1,82" ten="347,220,195,238" oya="2" hai0="5,32,60,110,23,76,3,30,71,8,7,116,41" hai1="65,44,134,111,66,91,2,68,4,18,19,86,55" hai2="127,21,33,28,40,92,11,69,80,59,102,97,119" hai3="112,20,89,50,13,48,124,103,94,29,24,75,53"/><V108/><F69/><W52/><G75/><T107/><D110/><U64/><E68/><V85/><F119/><W99/><G124/><T35/><D116/><U26/><E111/><V118/><F127/><W133/><G133/><T84/><D107/><U67/><E134/><V38/><F118/><W135/><G135/><T123/><D123/><U126/><E126/><V63/><F33/><W74/><G74/><T56/><D71/><U43/><N who="1" m="16384" /><DORA hai="81" /><U104/><E104/><V117/><F117/><W95/><G13/><T93/><D41/><U83/><E55/><N who="3" m="21066" /><G112/><T46/><D46/><U62/><E62/><V129/><F108/><W78/><G78/><T15/><D5/><U79/><E26/><N who="2" m="16463" /><F38/><W70/><G70/><T57/><D56/><U88/><E2/><V10/><F40/><W109/><G109/><T122/><D122/><U106/><E4/><V96/><F129/><W49/><G50/><T1/><D57/><U0/><E0/><V37/><F37/><W105/><G105/><T61/><D60/><U98/><E106/><V39/><F39/><W113/><G113/><T120/><D61/><U16/><REACH who="1" step="1"/><E98/><AGARI ba="1,0" hai="20,24,29,48,49,89,94,95,98,99,103" m="21066" machi="98" ten="30,2000,0" yaku="8,1,54,1" doraHai="82,81" who="3" fromWho="1" sc="347,0,220,-23,195,0,238,23" /><INIT seed="3,0,0,1,3,14" ten="347,197,195,261" oya="3" hai0="10,3,116,26,58,24,98,79,118,112,30,128,102" hai1="34,43,95,56,55,68,101,114,50,83,20,45,78" hai2="59,92,16,64,94,48,108,69,74,115,18,53,82" hai3="39,12,121,117,32,7,104,85,38,65,17,131,27"/><W99/><G117/><T84/><D128/><U90/><E114/><V109/><F115/><W40/><G121/><T51/><D112/><U122/><E122/><V119/><F119/><W70/><G131/><T52/><D26/><U129/><E34/><V61/><F74/><W125/><G40/><T15/><D3/><U1/><E1/><V36/><F36/><W67/><G67/><T60/><D60/><U88/><E68/><V0/><F82/><W46/><G46/><T21/><D84/><N who="1" m="48247" /><E20/><V9/><F94/><W107/><G7/><T42/><D79/><U113/><E129/><V120/><F92/><W57/><G57/><T37/><D42/><U87/><E113/><V44/><F120/><W6/><G6/><T86/><D86/><U8/><E8/><V31/><F31/><N who="3" m="19583" /><G85/><T76/><D37/><U75/><E75/><V81/><F81/><W19/><G107/><T13/><D76/><U73/><E73/><V130/><F130/><W22/><G39/><T62/><D116/><U111/><E111/><N who="2" m="42571" /><F69/><W23/><G38/><T5/><D118/><U100/><E90/><V35/><F35/><W124/><G99/><T25/><D98/><U106/><E106/><V135/><F135/><W134/><G104/><T105/><D105/><U63/><AGARI ba="0,0" hai="43,45,50,55,56,63,87,88,95,100,101" m="48247" machi="63" ten="30,2000,0" yaku="8,1,54,1" doraHai="14" who="1" fromWho="1" sc="347,-5,197,20,195,-5,261,-10" owari="342,44.2,217,-18.3,190,-31.0,251,5.1" /></mjloggm>