<mjloggm ver="2.3"><GO type="225" lobby="0"/><UN n0="%E3%82%A2%E3%82%A4%E3%82%B9%E3%83%86%E3%82%A3%E3%83%BC%E3%81%82%E3%81%B9" n1="%E3%83%A9%E3%83%96%E3%83%AC%E3%83%BC" n2="%E7%AD%89%E3%80%85%E5%8A%9B%E5%8A%87%E5%A0%B4" n3="%E5%B0%8F%E9%B3%A5%E9%81%8A%E7%B7%B4%E7%84%A1%32%31%E6%AD%B3" dan="16,18,16,16" rate="2073.52,2172.34,2064.44,2172.08" sx="M,M,M,F"/><TAIKYOKU oya="0"/><INIT seed="0,0,0,1,3,49" ten="250,250,250,250" oya="0" hai0="50,90,6,118,89,64,110,57,28,115,17,80,107" hai1="3,119,98,21,123,56,46,14,72,133,69,83,135" hai2="37,15,18,124,73,117,134,79,40,112,91,10,61" hai3="1,108,101,58,81,34,106,42,19,39,86,36,82"/><T100/><D115/><U74/><E69/><V44/><F112/><W54/><G1/><T126/><D118/><U0/><E123/><V114/><F114/><W20/><G34/><T43/><D126/><U47/><E98/><V11/><F134/><N who="1" m="51209" /><E56/><V35/><F35/><W121/><G108/><T87/><D110/><U45/><E119/><V52/><F117/><W93/><G106/><T88/><D28/><U13/><E21/><V85/><F124/><W60/><G121/><T95/><D107/><U78/><E74/><V30/><F30/><W71/><G71/><T75/><D6/><U23/><E14/><V41/><F73/><W7/><G7/><T53/><D64/><U32/><E32/><V99/><F99/><W24/><G42/><T2/><D2/><U102/><E102/><V77/><F41/><W33/><G33/><T62/><D75/><U105/><E105/><V65/><F65/><W59/><G81/><T96/><D17/><AGARI ba="0,0" hai="0,3,13,17,23,45,46,47,72,78,83" m="51209" machi="17" ten="30,1000,0" yaku="20,1" doraHai="49" who="1" fromWho="0" sc="250,-10,250,10,250,0,250,0" /><INIT seed="1,0,0,0,2,32" ten="240,260,250,250" oya="1" hai0="53,56,50,73,29,72,96,122,4,1,118,58,24" hai1="70,119,101,12,132,7,65,99,131,41,84,103,42" hai2="124,63,133,51,107,79,8,10,78,16,93,62,68" hai3="105,0,21,94,64,77,18,88,121,102,81,46,134"/><U22/><E119/><V9/><F107/><W113/><G121/><T37/><D37/><U125/><E132/><V126/><F133/><W28/><G28/><T110/><D110/><U2/><E2/><V104/><F104/><W98/><G113/><T23/><D118/><U87/><E125/><N who="2" m="48235" /><F68/><W5/><G64/><T40/><D40/><U117/><E65/><V43/><F93/><W69/><G69/><T35/><D122/><U39/><E131/><V83/><F43/><W75/><G46/><T100/><D23/><U33/><E33/><V17/><F51/><W49/><G49/><T54/><D4/><U30/><E70/><V48/><F48/><W14/><G134/><T129/><D1/><U111/><E111/><V85/><F79/><W80/><G80/><T66/><D66/><U108/><E117/><V116/><F116/><W61/><G61/><AGARI ba="0,0" hai="8,9,10,16,17,61,62,63,78,83,85" m="48235" machi="61" ten="30,2000,0" yaku="18,1,54,1" doraHai="32" who="2" fromWho="3" sc="240,0,260,0,250,20,250,-20" /><INIT seed="2,0,0,0,0,127" ten="240,260,270,230" oya="2" hai0="107,66,28,100,29,7,98,114,84,36,16,89,108" hai1="46,65,67,58,2,131,103,71,123,122,68,21,91" hai2="92,62,38,99,69,37,101,32,10,96,119,70,50" hai3="9,22,128,42,20,19,27,14,59,24,41,75,95"/><V13/><F119/><W5/><G75/><T80/><D108/><U116/><E2/><V124/><F32/><W120/><G128/><T52/><D114/><U44/><E103/><V134/><F124/><W90/><G59/><T25/><D36/><U51/><E21/><V1/><F1/><W93/><G120/><T132/><D66/><U72/><E72/><V6/><F134/><W26/><G95/><T53/><D132/><U49/><E91/><V87/><F38/><W126/><G126/><T64/><D64/><U111/><E58/><V30/><F37/><W34/><G34/><T129/><D129/><U48/><E48/><V33/><F62/><W61/><G61/><T102/><D7/><U31/><E31/><V43/><F87/><W94/><G94/><T115/><D102/><U83/><E83/><V118/><F99/><W78/><G78/><T133/><D115/><U74/><E74/><V40/><F118/><W8/><G8/><T77/><D133/><U55/><E55/><V109/><F109/><W73/><G73/><T11/><D77/><U88/><E88/><V54/><F30/><W12/><REACH who="3" step="1"/><G22/><REACH who="3" ten="240,260,270,220" step="2"/><T135/><D135/><U56/><E56/><V81/><F33/><W18/><G18/><T79/><D79/><U112/><E112/><V15/><F70/><W82/><G82/><T35/><REACH who="0" step="1"/><D28/><REACH who="0" ten="230,260,270,220" step="2"/><U110/><E116/><V86/><F69/><W104/><G104/><T45/><D45/><U17/><E17/><V57/><F6/><W60/><G60/><T47/><D47/><U39/><E39/><V125/><F125/><W23/><G23/><RYUUKYOKU ba="0,2" sc="230,10,260,10,270,-30,220,10" hai0="11,16,25,29,35,52,53,80,84,89,98,100,107" hai1="44,46,49,51,65,67,68,71,110,111,122,123,131" hai3="5,9,12,14,19,20,24,26,27,41,42,90,93" /><INIT seed="3,1,2,4,1,116" ten="240,270,240,230" oya="3" hai0="79,7,40,76,129,91,107,33,18,86,78,74,2" hai1="28,3,37,11,131,106,24,117,16,13,134,83,95" hai2="25,19,42,8,98,88,54,62,77,32,109,22,135" hai3="59,84,101,38,82,70,114,103,120,124,15,96,130"/><W17/><G120/><T51/><D107/><U1/><E106/><V85/><F109/><W122/><G70/><T49/><D33/><U0/><E37/><V57/><F135/><W72/><G114/><T47/><D129/><U27/><E83/><V60/><F32/><W26/><G38/><T73/><D2/><U118/><E95/><V23/><F77/><W100/><G72/><T41/><D7/><U125/><E131/><V93/><F42/><W58/><G124/><T52/><D18/><U63/><E63/><V43/><F43/><W121/><G26/><N who="1" m="9770" /><E125/><V67/><F23/><W119/><G130/><T127/><D127/><U21/><E134/><V128/><F128/><W105/><G119/><N who="1" m="45578" /><E28/><V99/><REACH who="2" step="1"/><F8/><AGARI ba="1,2" hai="0,1,3,8,11,13,16,21" m="45578,9770" machi="8" ten="40,8000,1" yaku="12,1,34,2,54,1" doraHai="116" who="1" fromWho="2" sc="240,0,270,103,240,-83,230,0" owari="240,4.0,373,47.3,157,-34.3,230,-17.0" /></mjloggm>