<mjloggm ver="2.3"><GO type="225" lobby="0"/><UN n0="%E6%A1%9C%E8%8A%B1%E9%96%83%E3%80%85" n1="%E3%82%A2%E3%82%A4%E3%82%B9%E3%83%86%E3%82%A3%E3%83%BC%E3%81%82%E3%81%B9" n2="%72%61%6B%33" n3="%E6%B8%A9%E2%98%85%E6%83%85%E2%98%85%E6%8E%AA%E2%98%85%E7%BD%AE" dan="16,16,17,16" rate="2092.95,2088.26,2204.63,2162.80" sx="M,M,M,M"/><TAIKYOKU oya="0"/><INIT seed="0,0,0,1,0,33" ten="250,250,250,250" oya="0" hai0="1,125,54,53,94,4,43,32,5,115,37,75,0" hai1="97,82,8,18,29,48,122,114,49,28,118,12,17" hai2="119,87,106,99,44,11,123,133,66,103,72,74,88" hai3="83,86,85,93,127,135,9,51,111,95,2,31,65"/><T45/><D115/><U102/><E122/><V58/><F123/><W63/><G111/><T59/><D32/><U26/><E118/><V35/><F119/><W124/><G135/><T84/><D75/><U42/><E114/><V113/><F113/><W116/><G116/><T134/><D134/><U3/><E82/><V27/><F133/><W108/><G108/><T78/><D125/><N who="3" m="48201" /><G31/><T34/><D34/><U62/><E62/><V24/><F44/><W131/><G51/><N who="1" m="19530" /><E42/><V77/><F11/><W120/><G120/><T13/><D13/><N who="1" m="7335" /><E3/><V16/><F35/><W76/><G131/><T107/><D107/><U104/><E104/><V40/><F40/><W56/><G86/><T6/><D94/><N who="3" m="35849" /><G9/><T117/><D117/><U109/><E109/><V89/><F72/><W70/><G2/><T15/><D15/><U96/><E102/><V57/><F74/><W52/><G70/><T20/><D20/><N who="1" m="15431" /><E29/><V101/><F101/><W80/><G83/><T67/><D67/><AGARI ba="0,0" hai="52,56,63,65,67,76,80,85" m="35849,48201" machi="67" ten="30,2000,0" yaku="18,1,54,1" doraHai="33" who="3" fromWho="0" sc="250,-20,250,0,250,0,250,20" /><INIT seed="1,0,0,4,1,86" ten="230,250,250,270" oya="1" hai0="135,10,14,24,126,39,122,45,74,63,51,64,88" hai1="21,95,67,85,73,1,133,29,105,70,130,69,79" hai2="48,97,3,124,128,12,37,62,36,118,113,18,114" hai3="119,125,129,127,26,60,121,50,110,83,27,120,49"/><U6/><E105/><V84/><F118/><W117/><G83/><T7/><D126/><N who="3" m="48137" /><G110/><T2/><D135/><U98/><E133/><V54/><F3/><W104/><G104/><T25/><D39/><U53/><E73/><V101/><F62/><W28/><G129/><T115/><D115/><U8/><E130/><V93/><F128/><W5/><G5/><T102/><D2/><U134/><E67/><V71/><F71/><W116/><G60/><T89/><D102/><U109/><E134/><V123/><F123/><N who="3" m="47179" /><G28/><T132/><D74/><U80/><E109/><V75/><F75/><W131/><G131/><T40/><D132/><U17/><E53/><V38/><F124/><W106/><G106/><T81/><D122/><U111/><E29/><V59/><REACH who="2" step="1"/><F84/><REACH who="2" ten="230,250,240,270" step="2"/><W11/><G11/><AGARI ba="0,1" hai="11,12,18,36,37,38,48,54,59,93,97,101,113,114" machi="11" ten="40,5200,0" yaku="1,1,2,1,53,1" doraHai="86" doraHaiUra="46" who="2" fromWho="3" sc="230,0,250,0,240,62,270,-52" /><INIT seed="2,0,0,5,0,101" ten="230,250,302,218" oya="2" hai0="2,105,47,77,6,16,121,99,69,70,132,127,103" hai1="51,135,44,21,92,78,12,124,0,93,84,108,11" hai2="39,102,33,126,87,52,100,125,114,34,129,14,88" hai3="38,17,116,40,104,94,131,96,57,106,72,31,46"/><V67/><F114/><W65/><G116/><T9/><D121/><U117/><E108/><V10/><F39/><W60/><G131/><T133/><D127/><U112/><E124/><N who="2" m="47723" /><F67/><W43/><G72/><T107/><D77/><U95/><E135/><N who="0" m="51785" /><D47/><U63/><E117/><V110/><F129/><W113/><G113/><T20/><D105/><U66/><E0/><V86/><F86/><W122/><G122/><T64/><D64/><U90/><E78/><V28/><F110/><W30/><G43/><T37/><D37/><U75/><E75/><V85/><F85/><W59/><G59/><T4/><D4/><U18/><E112/><V118/><F118/><W71/><G71/><T68/><D68/><U91/><E90/><V27/><F33/><W89/><REACH who="3" step="1"/><G17/><REACH who="3" ten="230,250,302,208" step="2"/><T36/><D36/><U134/><E134/><V97/><F52/><W56/><G56/><T55/><D55/><N who="1" m="30183" /><E66/><V48/><F48/><W35/><G35/><T41/><D41/><U115/><E115/><V13/><F34/><W128/><G128/><T23/><D23/><U3/><E63/><V62/><F62/><W61/><G61/><T5/><D5/><N who="1" m="3183" /><E3/><V54/><F54/><W45/><G45/><T32/><D32/><U82/><E21/><V119/><F119/><W83/><G83/><T22/><D22/><U49/><E49/><V74/><F74/><W73/><G73/><T76/><D76/><U120/><E120/><V58/><F58/><W53/><G53/><T19/><D19/><AGARI ba="0,1" hai="18,19,82,84,91,92,93,95" m="3183,30183" machi="19" ten="30,1000,0" yaku="8,1" doraHai="101" who="1" fromWho="0" sc="230,-10,250,20,302,0,208,0" /><INIT seed="3,0,0,4,5,19" ten="220,270,302,208" oya="3" hai0="116,72,113,100,119,110,62,98,54,129,14,66,38" hai1="71,75,130,117,90,96,101,122,124,32,135,126,89" hai2="95,65,52,57,50,20,37,42,125,94,76,82,41" hai3="87,64,104,67,12,16,45,46,61,0,63,44,29"/><W84/><G104/><T55/><D72/><U92/><E71/><V59/><F125/><N who="1" m="48233" /><E32/><V30/><F37/><W93/><G29/><T91/><D91/><U28/><E28/><V120/><F120/><W33/><G0/><T118/><D14/><U83/><E122/><V39/><F39/><W17/><G33/><T109/><D129/><U107/><E130/><V48/><F65/><N who="3" m="25163" /><G17/><T78/><D78/><N who="1" m="44511" /><E135/><V133/><F133/><W31/><G31/><T69/><D113/><U77/><E117/><V10/><F30/><W97/><G87/><T112/><D112/><U23/><E23/><V121/><F20/><N who="3" m="11271" /><G84/><T3/><D3/><U24/><E24/><V51/><F121/><W68/><G68/><T49/><D38/><U22/><E22/><V34/><F34/><W53/><G53/><T115/><D115/><U5/><E5/><V7/><F7/><W36/><G36/><T88/><D55/><U11/><E11/><V79/><F10/><W15/><G15/><T26/><D26/><U27/><E27/><V123/><F123/><W105/><G105/><N who="0" m="63639" /><D54/><U21/><E21/><V58/><F52/><W40/><G40/><T56/><D69/><U25/><E25/><V81/><F41/><W47/><N who="3" m="11264" /><DORA hai="106" /><W70/><G70/><T111/><D49/><U127/><E127/><V18/><F42/><W132/><G132/><T60/><D60/><U86/><E107/><V43/><F43/><W131/><G131/><T8/><D8/><U9/><E9/><V80/><F18/><W102/><AGARI ba="0,0" hai="61,63,93,97,102" m="11264,11271,25163" machi="102" ten="40,7800,0" yaku="8,1,52,1,54,1" doraHai="19,106" who="3" fromWho="3" sc="220,-26,270,-26,302,-26,208,78" /><INIT seed="3,1,0,1,1,57" ten="194,244,276,286" oya="3" hai0="77,40,91,65,63,74,9,132,121,61,105,123,53" hai1="21,27,113,101,83,35,12,122,49,16,62,93,60" hai2="114,34,2,54,10,29,26,7,107,124,72,109,42" hai3="45,13,14,0,23,24,1,4,112,90,78,73,43"/><W94/><G112/><T96/><D132/><U95/><E122/><V6/><F107/><W68/><G68/><T30/><D40/><U3/><E3/><V8/><F72/><W87/><G1/><T92/><D30/><N who="1" m="17775" /><E35/><V31/><F42/><W50/><G0/><T67/><D9/><N who="1" m="6159" /><E113/><V75/><F75/><W47/><G4/><T19/><D19/><U15/><E83/><V134/><F114/><W79/><G47/><T76/><D105/><U117/><E117/><V58/><F134/><W71/><G71/><T118/><D118/><U88/><E15/><N who="3" m="5642" /><G73/><T52/><D74/><U133/><E133/><V106/><F7/><W38/><G38/><T59/><D121/><U98/><E49/><V41/><F8/><W108/><G108/><T128/><D128/><U104/><E104/><V44/><F106/><W84/><G84/><AGARI ba="1,0" hai="60,62,84,88,93,95,98,101" m="6159,17775" machi="84" ten="30,8000,1" yaku="8,1,52,2,54,2" doraHai="57" who="1" fromWho="3" sc="194,0,244,83,276,0,286,-83" owari="194,-30.6,327,42.7,276,7.6,203,-19.7" /></mjloggm>