<mjloggm ver="2.3"><GO type="225" lobby="0"/><UN n0="%72%69%6F%75%63%68%61%6E" n1="%48%61%61%61%6C%61%6E%64" n2="%E3%81%AF%E3%82%88%E3%81%8A%E3%81%98%E3%81%95%E3%82%93" n3="%E3%83%AD%E3%83%83%E3%83%86%E9%9B%80%E7%90%83" dan="17,17,16,17" rate="2297.82,2242.94,2180.59,2268.60" sx="M,M,M,M"/><TAIKYOKU oya="0"/><INIT seed="0,0,0,5,5,8" ten="250,250,250,250" oya="0" hai0="48,127,85,108,33,11,36,110,14,4,24,60,59" hai1="35,16,116,9,89,76,106,78,13,107,30,71,68" hai2="42,58,7,86,133,3,41,92,52,130,96,26,97" hai3="84,132,39,32,105,51,15,98,72,56,95,23,31"/><T10/><D127/><U135/><E116/><V90/><F3/><W122/><G72/><T18/><D36/><U126/><E126/><V109/><F109/><N who="0" m="42090" /><D48/><U117/><E117/><V37/><F37/><W21/><G105/><T118/><D118/><U100/><E135/><V99/><F133/><W91/><G32/><T65/><D85/><U131/><E131/><V44/><F130/><W80/><G122/><T82/><D82/><U46/><E46/><V19/><F7/><W115/><G115/><T111/><N who="0" m="42098" /><T29/><DORA hai="134" /><D10/><U113/><E113/><V102/><F102/><W61/><G51/><T87/><D87/><U43/><E100/><V57/><F57/><W49/><G49/><T83/><D83/><U27/><E43/><V63/><REACH who="2" step="1"/><F44/><REACH who="2" ten="250,250,240,250" step="2"/><W40/><G56/><T45/><D45/><U64/><E68/><V101/><F101/><W2/><G39/><T129/><D129/><U22/><E71/><V77/><F77/><W112/><G132/><T128/><D128/><U28/><E78/><V103/><F103/><W114/><G112/><T67/><D65/><U88/><E64/><V55/><F55/><W69/><G114/><T6/><AGARI ba="0,1" hai="4,6,11,14,18,24,29,33,59,60,67" m="42098" machi="6" ten="40,7800,0" yaku="14,1,10,1,52,1" doraHai="8,134" who="0" fromWho="0" sc="250,88,250,-26,240,-26,250,-26" /><INIT seed="0,1,0,1,2,133" ten="338,224,214,224" oya="0" hai0="36,108,73,1,129,90,41,81,122,30,117,134,25" hai1="13,5,86,21,91,11,26,70,110,48,60,115,85" hai2="22,106,51,123,0,42,24,35,72,47,49,15,78" hai3="120,93,17,124,68,27,128,37,9,45,53,39,89"/><T76/><D134/><U50/><E110/><V23/><F123/><W105/><G105/><T74/><D117/><U131/><E131/><V113/><F113/><W100/><G100/><T66/><D122/><U130/><E130/><V135/><F135/><W18/><G68/><T125/><D125/><U28/><E115/><V96/><F0/><W119/><G119/><T132/><D132/><U92/><E70/><V57/><F35/><W109/><G109/><T126/><D126/><U46/><E60/><V56/><F72/><W80/><G80/><T98/><D129/><U99/><REACH who="1" step="1"/><E50/><REACH who="1" ten="338,214,214,224" step="2"/><V102/><F51/><N who="3" m="28911" /><G128/><T62/><D108/><U43/><AGARI ba="1,1" hai="5,11,13,21,26,28,43,46,48,85,86,91,92,99" machi="43" ten="20,5200,0" yaku="1,1,0,1,7,1,8,1,53,0" doraHai="133" doraHaiUra="103" who="1" fromWho="1" sc="338,-27,214,65,214,-14,224,-14" /><INIT seed="1,0,0,1,5,96" ten="311,279,200,210" oya="1" hai0="33,127,66,21,86,123,85,54,34,95,77,11,25" hai1="69,89,107,42,70,92,130,83,24,121,122,8,114" hai2="81,74,79,57,61,102,106,117,32,103,132,38,3" hai3="36,40,110,104,94,71,17,113,48,118,20,16,55"/><U90/><E114/><V80/><F117/><W73/><G104/><T99/><D127/><U9/><E107/><V4/><F106/><W131/><G113/><T108/><D108/><U45/><E130/><V39/><F32/><W15/><G110/><T72/><D123/><U60/><E24/><V27/><F132/><W29/><G73/><T1/><D66/><U65/><E69/><V35/><F81/><W91/><G71/><T5/><D72/><U109/><E109/><V0/><F39/><W37/><G29/><T59/><D85/><U119/><E119/><V63/><F38/><W23/><G40/><T133/><D133/><U47/><E83/><V67/><F63/><W116/><G131/><T52/><D86/><U124/><E124/><V135/><F135/><W128/><G128/><T19/><D77/><U51/><E47/><V50/><F50/><W31/><G31/><T41/><D54/><U125/><E125/><V97/><F97/><W100/><G100/><T101/><REACH who="0" step="1"/><D41/><REACH who="0" ten="301,279,200,210" step="2"/><U87/><E121/><V68/><F68/><W62/><G118/><T14/><D14/><U64/><E122/><V49/><F0/><W53/><G116/><T10/><D10/><U44/><E64/><V43/><F3/><W93/><G15/><T134/><D134/><U82/><REACH who="1" step="1"/><E45/><REACH who="1" ten="301,269,200,210" step="2"/><V126/><F126/><W120/><G120/><T12/><D12/><U115/><E115/><V28/><F67/><W56/><G55/><T78/><D78/><U18/><E18/><V76/><F79/><W46/><G17/><T6/><D6/><U26/><E26/><N who="2" m="18839" /><F4/><W98/><G16/><RYUUKYOKU ba="0,2" sc="301,15,269,15,200,-15,210,-15" hai0="1,5,11,19,21,25,33,34,52,59,95,99,101" hai1="8,9,42,44,51,60,65,70,82,87,89,90,92" /><INIT seed="1,1,2,4,2,60" ten="316,284,185,195" oya="1" hai0="44,92,96,69,16,33,30,78,12,91,48,51,40" hai1="50,99,71,3,105,22,110,107,118,131,11,108,43" hai2="36,39,79,100,88,57,97,5,84,20,18,47,87" hai3="74,35,129,90,106,52,76,54,70,113,32,38,24"/><U27/><E118/><V89/><F5/><W17/><G113/><T135/><D135/><U124/><E124/><V134/><F134/><W122/><G122/><T109/><D109/><N who="1" m="42091" /><E131/><V86/><F79/><W82/><G70/><T98/><D69/><U133/><E133/><V31/><F31/><W29/><G38/><T62/><D78/><U0/><E71/><V94/><F57/><W117/><G129/><T61/><D48/><U93/><E50/><V8/><F8/><W116/><G106/><N who="1" m="40458" /><E43/><V66/><F66/><W132/><G132/><T130/><D130/><U126/><E11/><V28/><F28/><W81/><G35/><T85/><D30/><N who="1" m="17783" /><E126/><V41/><REACH who="2" step="1"/><F39/><REACH who="2" ten="316,284,175,195" step="2"/><W101/><G17/><T111/><D111/><U45/><E45/><V4/><F4/><W7/><G7/><T73/><D33/><U59/><E59/><V9/><F9/><W125/><G32/><T42/><D44/><U121/><E121/><V55/><F55/><W112/><G52/><T127/><D127/><U13/><E13/><AGARI ba="1,3" hai="13,18,20,36,41,47,84,86,87,88,89,94,97,100" machi="13" ten="40,2600,0" yaku="1,1,54,1,53,0" doraHai="60" doraHaiUra="67" who="2" fromWho="1" sc="316,0,284,-29,175,59,195,0" /><INIT seed="2,0,0,0,5,94" ten="316,255,234,195" oya="2" hai0="54,71,89,125,96,80,41,117,1,55,73,68,2" hai1="99,127,39,21,102,97,87,124,6,111,135,35,48" hai2="113,78,44,13,49,88,0,85,10,121,93,56,114" hai3="8,122,107,95,60,98,23,24,63,66,64,30,28"/><V108/><F121/><W5/><G122/><T9/><D125/><N who="1" m="48203" /><E39/><V45/><F0/><W22/><G107/><T26/><D117/><U4/><E35/><V57/><F108/><W51/><G51/><T32/><D41/><U133/><E111/><V53/><F114/><W128/><G128/><T119/><D119/><U82/><E48/><N who="2" m="28807" /><F78/><W15/><G63/><T69/><D73/><U134/><E21/><V14/><F113/><W129/><G129/><T106/><D80/><U72/><E72/><V91/><F91/><W18/><G23/><T70/><N who="0" m="17408" /><DORA hai="101" /><T12/><D26/><U104/><E97/><V84/><F85/><W11/><G60/><T105/><D32/><U37/><E37/><V40/><F14/><W92/><G92/><T130/><D130/><U115/><E115/><V103/><F103/><W25/><G25/><T109/><D109/><U65/><E65/><V120/><F120/><W131/><G131/><T62/><D89/><AGARI ba="0,0" hai="4,6,82,87,89,99,102,104,133,134,135" m="48203" machi="89" ten="40,8000,1" yaku="20,1,18,1,52,2" doraHai="94,101" who="1" fromWho="0" sc="316,-80,255,80,234,0,195,0" /><INIT seed="3,0,0,3,4,27" ten="236,335,234,195" oya="3" hai0="56,96,67,113,80,61,94,39,0,101,107,64,130" hai1="60,5,103,70,40,65,41,122,62,87,117,54,23" hai2="1,55,93,95,45,16,3,14,134,22,48,52,133" hai3="50,28,100,127,30,104,18,35,71,26,13,12,21"/><W92/><G104/><T57/><D0/><N who="2" m="74" /><F55/><W72/><G72/><T42/><D130/><U108/><E5/><V110/><F110/><W6/><G127/><T32/><D32/><U73/><E122/><V76/><F76/><W51/><G71/><T33/><D33/><U46/><E23/><V129/><F129/><W82/><G82/><T118/><D118/><U116/><E87/><V89/><F89/><W119/><G119/><T135/><D135/><AGARI ba="0,0" hai="14,16,22,45,48,52,93,95,133,134,135" m="74" machi="135" ten="30,3900,0" yaku="20,1,54,2" doraHai="27" who="2" fromWho="0" sc="236,-39,335,0,234,39,195,0" owari="197,-20.3,335,43.5,273,7.3,195,-30.5" /></mjloggm>