<mjloggm ver="2.3"><GO type="225" lobby="0"/><UN n0="%2D%E8%B1%8A%E5%8F%A3%E3%82%81%E3%81%90%E3%81%BF%2D" n1="%33%74%72%65%65" n2="%E3%81%A9%E3%82%8F%E3%82%93%E3%81%94" n3="%E3%82%A2%E3%83%BC%E3%83%A2%E3%83%AD%E3%83%BC%E3%83%B4%E3%82%A1" dan="17,16,16,16" rate="2171.49,2201.60,2097.70,2095.23" sx="F,F,M,M"/><TAIKYOKU oya="0"/><INIT seed="0,0,0,0,0,72" ten="250,250,250,250" oya="0" hai0="117,32,57,87,75,124,36,11,71,95,4,49,35" hai1="68,63,111,74,88,25,40,15,103,64,42,96,81" hai2="24,66,118,105,61,28,130,10,44,98,38,47,37" hai3="9,54,30,86,58,17,18,23,3,69,39,60,116"/><T102/><D117/><U6/><E111/><V46/><F118/><W79/><G116/><T133/><D71/><U78/><E25/><V51/><F130/><W27/><G39/><T12/><D36/><U106/><E6/><V108/><F108/><W53/><G69/><T94/><D75/><U126/><E126/><V85/><F10/><W100/><G100/><T129/><D129/><U2/><E2/><V50/><F38/><W121/><G121/><T107/><D124/><U132/><E132/><V112/><F37/><W56/><G3/><T62/><D133/><U91/><REACH who="1" step="1"/><E15/><REACH who="1" ten="250,240,250,250" step="2"/><V65/><F24/><W119/><G119/><T29/><D12/><U20/><E20/><V82/><F28/><W93/><G9/><T131/><D29/><U16/><E16/><V21/><F21/><W104/><G17/><T90/><D4/><U59/><E59/><V26/><F26/><W22/><G22/><T8/><D8/><U123/><E123/><V52/><F46/><W73/><G56/><T43/><D11/><U33/><E33/><V70/><F70/><W14/><G14/><T5/><D5/><U134/><E134/><V92/><F47/><W76/><G30/><T99/><D131/><U115/><E115/><V1/><F112/><W127/><G127/><T80/><D32/><U31/><E31/><V128/><F1/><W77/><G27/><T34/><D35/><U19/><E19/><V41/><F128/><W48/><G18/><T55/><D34/><U101/><E101/><V89/><F44/><N who="3" m="27783" /><G23/><T110/><D110/><U7/><E7/><V83/><F41/><AGARI ba="0,1" hai="40,41,42,63,64,68,74,78,81,88,91,96,103,106" machi="41" ten="40,8000,1" yaku="1,1,6,1,52,1,54,1,53,0" doraHai="72" doraHaiUra="120" who="1" fromWho="2" sc="250,0,240,90,250,-80,250,0" /><INIT seed="1,0,0,0,5,69" ten="250,330,170,250" oya="1" hai0="15,41,76,75,90,53,77,134,115,49,22,125,81" hai1="105,79,88,133,33,122,12,18,7,42,9,95,17" hai2="131,48,91,34,94,47,29,21,84,101,28,57,132" hai3="2,31,58,102,46,85,127,65,60,8,14,19,68"/><U126/><E122/><V117/><F131/><W13/><G127/><T1/><D115/><U116/><E116/><V61/><F132/><W97/><G31/><T37/><D125/><U93/><E126/><V121/><F34/><W55/><G85/><T45/><D1/><U78/><E105/><V36/><F121/><W66/><G2/><T108/><D108/><U30/><E95/><V32/><F32/><W35/><G35/><T72/><D134/><U51/><E30/><V24/><F117/><W3/><G3/><T110/><D110/><U106/><E106/><V92/><F36/><W11/><G46/><T119/><D119/><U107/><E107/><V87/><F101/><W27/><G27/><T130/><D130/><U4/><E33/><V10/><F10/><W80/><G80/><T98/><D72/><U5/><E17/><V73/><F73/><W40/><G40/><T71/><D71/><U23/><E9/><V118/><F118/><W89/><G89/><T123/><D123/><U16/><E18/><V39/><F39/><W62/><G66/><T64/><D64/><U120/><E133/><V0/><F0/><W135/><G135/><T104/><D77/><U43/><E120/><V38/><F38/><W124/><G124/><T114/><D114/><U112/><E112/><V70/><F70/><W113/><G113/><T103/><D90/><U96/><E42/><N who="2" m="24695" /><F29/><W20/><G13/><T83/><D75/><U56/><E43/><V52/><F91/><W26/><G14/><T54/><D76/><U129/><E129/><V111/><F111/><W6/><G6/><RYUUKYOKU ba="0,0" sc="250,-30,330,10,170,10,250,10" hai1="4,5,7,12,16,23,51,56,78,79,88,93,96" hai2="21,24,28,52,57,61,84,87,92,94" hai3="8,11,19,20,26,55,58,60,62,65,68,97,102" /><INIT seed="1,1,0,2,5,13" ten="220,340,180,260" oya="1" hai0="113,115,28,14,128,106,101,21,15,51,80,74,17" hai1="4,92,53,41,116,103,87,20,38,44,100,35,84" hai2="123,133,24,42,69,36,25,75,77,135,117,29,81" hai3="120,96,98,46,54,63,78,119,3,60,52,86,131"/><U47/><E35/><V125/><F123/><W111/><G120/><T49/><D28/><U39/><E116/><V124/><F117/><W9/><G119/><T26/><D128/><U66/><E66/><V130/><F69/><W22/><G111/><T31/><D106/><U55/><E4/><V112/><F112/><W48/><G3/><T132/><D101/><U0/><E0/><V70/><F70/><W83/><G9/><T90/><D132/><N who="2" m="50762" /><F130/><W93/><G131/><T109/><D109/><U102/><E20/><V114/><F114/><W88/><G54/><N who="1" m="20490" /><E92/><V27/><F29/><W108/><G108/><T89/><D115/><U23/><E23/><V57/><F57/><W73/><REACH who="3" step="1"/><G22/><REACH who="3" ten="220,340,180,250" step="2"/><T118/><D118/><U94/><E41/><V58/><F58/><W82/><G82/><T11/><D80/><U30/><E44/><AGARI ba="1,1" hai="24,25,27,36,42,44,75,77,81,124,125" m="50762" machi="44" ten="40,1300,0" yaku="20,1" doraHai="13" who="2" fromWho="1" sc="220,0,340,-16,180,26,250,0" /><INIT seed="2,0,0,3,0,48" ten="220,324,206,250" oya="2" hai0="135,65,25,14,11,121,54,6,134,16,30,79,83" hai1="43,82,37,31,40,5,59,120,9,119,39,57,89" hai2="63,132,19,51,88,46,92,133,67,35,45,104,72" hai3="103,86,18,68,74,85,76,60,24,90,7,42,80"/><V116/><F116/><W55/><G7/><T32/><D65/><U12/><E119/><V73/><F104/><W10/><G42/><N who="1" m="15914" /><E39/><V100/><F35/><W47/><G68/><T70/><D70/><U99/><E37/><V95/><F100/><W114/><G114/><T44/><D121/><U15/><E120/><V128/><F19/><W62/><G103/><T107/><D107/><U71/><E71/><V23/><F23/><N who="3" m="13431" /><G74/><N who="2" m="28777" /><F95/><N who="3" m="54735" /><G10/><T36/><D36/><U4/><E31/><V29/><F29/><W113/><G113/><T26/><D6/><U108/><E5/><V131/><F63/><W101/><G101/><T109/><D30/><U91/><E9/><V97/><F67/><W96/><G96/><T38/><D32/><U75/><E99/><V106/><F106/><W115/><G115/><T64/><D64/><U0/><E75/><V102/><F102/><W56/><G47/><N who="2" m="17929" /><F51/><AGARI ba="0,0" hai="51,55,56,60,62,76,80,86" m="54735,13431" machi="51" ten="30,2000,0" yaku="8,1,52,1" doraHai="48" who="3" fromWho="2" sc="220,0,324,0,206,-20,250,20" /><INIT seed="3,0,0,1,2,10" ten="220,324,186,270" oya="3" hai0="85,61,115,93,117,8,45,33,9,48,92,57,18" hai1="73,86,53,116,65,108,107,34,103,29,110,47,83" hai2="0,38,96,31,133,2,126,134,129,66,55,30,100" hai3="54,20,6,98,41,58,64,131,16,109,71,23,50"/><W3/><G3/><T13/><D33/><U43/><E116/><V35/><F38/><W127/><G6/><T1/><D115/><U22/><E34/><V111/><F55/><W121/><G121/><T118/><D118/><U68/><E53/><V94/><F66/><W60/><G131/><T26/><D26/><U87/><E29/><V21/><F129/><W49/><G127/><T128/><D117/><U11/><E22/><V112/><F112/><W27/><G109/><N who="1" m="42090" /><E11/><V67/><F67/><W4/><G4/><T130/><D8/><U12/><E12/><V113/><F113/><W24/><G98/><T37/><D1/><U52/><E52/><V88/><F111/><W62/><G41/><N who="0" m="24623" /><D37/><N who="1" m="21999" /><E103/><V69/><F69/><W59/><G71/><T36/><D36/><U19/><E19/><AGARI ba="0,0" hai="16,19,20,23,24,27,49,50,54,58,59,60,62,64" machi="19" ten="30,11600,0" yaku="7,1,9,1,8,1,54,1" doraHai="10" who="3" fromWho="1" sc="220,0,324,-116,186,0,270,116" owari="220,2.0,208,-19.2,186,-31.4,386,48.6" /></mjloggm>