<mjloggm ver="2.3"><GO type="225" lobby="0"/><UN n0="%E5%A4%9C%E3%81%AE%E3%82%AC%E3%82%B9%E3%83%91%E3%83%BC%E3%83%AB" n1="%E3%82%B2%E3%82%B9%E8%8C%82%E5%8B%9D" n2="%E6%81%A5%E6%99%92%E3%81%97" n3="%77%72%77%72%77%72%77%72" dan="17,16,16,17" rate="2225.65,2120.39,2157.84,2220.75" sx="M,F,M,M"/><TAIKYOKU oya="0"/><INIT seed="0,0,0,1,4,93" ten="250,250,250,250" oya="0" hai0="83,105,0,57,88,117,1,94,98,16,19,10,28" hai1="59,64,71,31,38,125,103,58,130,109,54,79,65" hai2="90,134,40,44,127,12,129,24,82,47,104,87,61" hai3="91,95,25,86,68,128,115,18,116,78,80,72,114"/><T36/><D117/><U75/><E31/><V92/><F127/><W123/><G68/><T46/><D36/><U60/><E79/><V126/><F126/><W9/><G116/><T23/><D46/><U48/><E75/><V32/><F129/><W15/><G128/><T73/><D28/><U53/><E103/><V37/><F134/><W120/><REACH who="3" step="1"/><G25/><REACH who="3" ten="250,250,250,240" step="2"/><T89/><D1/><U121/><E130/><V124/><F24/><W7/><G7/><T50/><D0/><U22/><E22/><V42/><F124/><W110/><G110/><T100/><D10/><U96/><E125/><V84/><F32/><W77/><G77/><N who="0" m="44463" /><D23/><U131/><E131/><V132/><F132/><W34/><G34/><T33/><D33/><U81/><E121/><AGARI ba="0,1" hai="9,15,18,72,78,80,86,91,95,114,115,120,121,123" machi="121" ten="40,5200,0" yaku="1,1,13,1,53,1" doraHai="93" doraHaiUra="85" who="3" fromWho="1" sc="250,0,250,-52,250,0,240,62" /><INIT seed="1,0,0,2,2,102" ten="250,198,250,302" oya="1" hai0="87,43,112,40,48,119,131,8,83,55,90,93,4" hai1="103,98,29,19,126,109,13,106,1,107,67,76,27" hai2="72,11,60,69,38,14,45,92,133,30,132,24,75" hai3="81,50,96,36,78,114,3,37,6,135,66,51,116"/><U32/><E126/><V105/><F92/><W16/><G114/><T5/><D119/><U61/><E109/><V44/><F69/><W18/><G116/><T91/><D112/><U79/><E1/><V26/><F60/><W68/><G135/><N who="2" m="51785" /><F38/><W70/><G96/><T134/><D131/><U74/><E74/><N who="2" m="28203" /><F105/><W113/><G113/><T125/><D134/><U57/><REACH who="1" step="1"/><E106/><REACH who="1" ten="250,188,250,302" step="2"/><V22/><F26/><W77/><G6/><AGARI ba="0,1" hai="6,11,14,22,24,30,44,45" m="28203,51785" machi="6" ten="30,1000,0" yaku="20,1" doraHai="102" who="2" fromWho="3" sc="250,0,188,0,250,20,302,-10" /><INIT seed="2,0,0,1,1,76" ten="250,188,270,292" oya="2" hai0="103,90,64,74,71,111,4,132,120,14,59,57,47" hai1="56,135,68,95,51,22,116,44,134,109,36,25,78" hai2="108,54,41,80,8,91,110,94,112,9,127,88,73" hai3="27,3,128,107,12,38,113,28,126,32,52,37,55"/><V49/><F112/><W63/><G3/><T33/><D120/><U97/><E68/><V130/><F41/><W123/><G123/><T92/><D33/><U87/><E116/><V69/><F69/><W81/><G107/><T106/><D111/><N who="2" m="42538" /><F127/><W83/><G126/><T17/><D132/><U26/><E109/><V60/><F60/><W114/><G12/><T118/><D4/><U15/><E15/><V24/><F130/><W101/><G101/><T35/><D118/><U42/><E36/><N who="3" m="13930" /><G63/><T121/><D35/><U117/><E56/><N who="2" m="32847" /><F24/><W0/><G0/><T102/><BYE who="3" /><D121/><U96/><E117/><V100/><F100/><W66/><G66/><T34/><D71/><UN n3="%77%72%77%72%77%72%77%72" /><U77/><E26/><V85/><F73/><W21/><G32/><T72/><D64/><U65/><E65/><V122/><F122/><W31/><G31/><T23/><D74/><U86/><E134/><V104/><F104/><W89/><G89/><T45/><D72/><U124/><E135/><V1/><F1/><W133/><G133/><T79/><D106/><U119/><E124/><V129/><F129/><W11/><G128/><T40/><D103/><U20/><E119/><V18/><F18/><W30/><G30/><T10/><D102/><U19/><E20/><V131/><F131/><W125/><G125/><T50/><D34/><U82/><E77/><V105/><F105/><W67/><G67/><T70/><D70/><U48/><E51/><V6/><F6/><W53/><G11/><T115/><D79/><U43/><E42/><V61/><F61/><W29/><G29/><T99/><D23/><RYUUKYOKU ba="0,0" sc="250,-30,188,10,270,10,292,10" hai1="19,22,25,43,44,48,78,82,86,87,95,96,97" hai2="8,9,80,85,88,91,94" hai3="21,27,28,52,53,55,81,83,113,114" /><INIT seed="2,1,0,5,0,113" ten="220,198,280,302" oya="2" hai0="57,28,48,72,22,39,14,43,105,79,128,52,4" hai1="44,92,63,31,54,5,81,40,71,106,26,115,33" hai2="110,55,21,135,58,102,20,107,74,76,132,37,0" hai3="87,73,119,47,65,7,99,1,41,34,126,84,12"/><V104/><F37/><W121/><G119/><T117/><D105/><U10/><E115/><V9/><F110/><W18/><G121/><T42/><D128/><U13/><E106/><N who="2" m="40491" /><F102/><W24/><G65/><T61/><D117/><U114/><E114/><V80/><F9/><N who="3" m="2287" /><G99/><T124/><D124/><U93/><E81/><V30/><F30/><N who="3" m="19783" /><G73/><T120/><D120/><U68/><E68/><V96/><F0/><W69/><G69/><T67/><D39/><U46/><E46/><V70/><F96/><W83/><G83/><T35/><D35/><U97/><E97/><V51/><F70/><W6/><G6/><T11/><D79/><U19/><E5/><V38/><F38/><N who="3" m="21943" /><G126/><T64/><D72/><U118/><E118/><V98/><F98/><W131/><G131/><T23/><D67/><U75/><E75/><V101/><F101/><W108/><G108/><T100/><D100/><U15/><E13/><V134/><AGARI ba="1,0" hai="20,21,51,55,58,74,76,80,132,134,135" m="40491" machi="134" ten="40,2100,0" yaku="20,1" doraHai="113" who="2" fromWho="2" sc="220,-8,198,-8,280,24,302,-8" /><INIT seed="2,2,0,2,4,64" ten="212,190,304,294" oya="2" hai0="41,80,33,63,108,27,26,110,117,96,122,7,2" hai1="8,45,21,83,101,128,93,36,43,82,81,105,95" hai2="54,51,22,62,12,66,97,24,67,112,20,132,74" hai3="87,39,34,40,48,72,75,77,102,23,37,133,44"/><V70/><F112/><W91/><G34/><T86/><D122/><U65/><E128/><V71/><F74/><W10/><G133/><T58/><D117/><U32/><E32/><V85/><F132/><W106/><G10/><T30/><D41/><U113/><E113/><V9/><F97/><N who="3" m="61775" /><G72/><T60/><D26/><U50/><E21/><V111/><F85/><W127/><G23/><T114/><D114/><U98/><E8/><V135/><F111/><N who="0" m="42538" /><D7/><U0/><E0/><V129/><F129/><W121/><G121/><T103/><D58/><U61/><REACH who="1" step="1"/><E36/><REACH who="1" ten="212,180,304,294" step="2"/><V5/><F135/><W49/><G37/><T4/><D2/><U119/><E119/><V107/><F22/><W118/><G118/><T73/><D4/><U76/><E76/><V109/><F109/><W1/><G1/><T115/><D115/><U68/><AGARI ba="2,1" hai="43,45,50,61,65,68,81,82,83,93,95,98,101,105" machi="68" ten="30,4000,0" yaku="1,1,0,1,52,1,53,0" doraHai="64" doraHaiUra="31" who="1" fromWho="1" sc="212,-12,180,56,304,-22,294,-12" /><INIT seed="3,0,0,5,1,119" ten="200,236,282,282" oya="3" hai0="19,87,25,118,124,110,7,74,125,131,127,80,135" hai1="122,50,134,38,17,93,8,77,13,35,6,81,104" hai2="116,62,41,2,49,71,26,11,23,30,92,56,128" hai3="95,99,14,63,44,120,111,33,106,27,84,97,1"/><W37/><G120/><T36/><D36/><U55/><E104/><V72/><F116/><W86/><G1/><T21/><D118/><U29/><E38/><V79/><F128/><W9/><G111/><T24/><D110/><U100/><E134/><V51/><F71/><W82/><G63/><T108/><D108/><U69/><E69/><V43/><F72/><W15/><G15/><T64/><D74/><U45/><E122/><V60/><F79/><W10/><G10/><T91/><D135/><U103/><E93/><V117/><F117/><W114/><G114/><T16/><D131/><U130/><E130/><V40/><F60/><W94/><G106/><T76/><D7/><U0/><E29/><V88/><F11/><W68/><G68/><T66/><D76/><U61/><E61/><V4/><F4/><W126/><G126/><T129/><D129/><U57/><E57/><V75/><F75/><W31/><G44/><T58/><D58/><U42/><E55/><N who="2" m="34079" /><F2/><W132/><G37/><T107/><D107/><U18/><E35/><V46/><F46/><W101/><G82/><T67/><D67/><U123/><E123/><V32/><F32/><W3/><G3/><T5/><D5/><U109/><E109/><V65/><F65/><W121/><G121/><T54/><D54/><U89/><E0/><V96/><AGARI ba="0,0" hai="23,26,30,40,41,43,49,51,88,92,96" m="34079" machi="96" ten="30,2000,0" yaku="8,1,54,1" doraHai="119" who="2" fromWho="2" sc="200,-5,236,-5,282,20,282,-10" owari="195,-30.5,231,-16.9,302,40.2,272,7.2" /></mjloggm>