<mjloggm ver="2.3"><GO type="225" lobby="0"/><UN n0="%50%65%74%65%72%50%61%6E" n1="%43%68%65" n2="%E2%91%A3%E9%81%BF%E9%81%8A%E6%88%AF%E3%80%90%E6%9D%B1%E5%8D%97%E3%80%91" n3="%E3%81%9F%E3%81%A3%E3%81%A1%E3%82%87" dan="17,16,16,16" rate="2216.85,2145.47,2162.79,2093.30" sx="M,M,M,M"/><TAIKYOKU oya="0"/><INIT seed="0,0,0,5,2,92" ten="250,250,250,250" oya="0" hai0="135,104,111,77,64,59,73,128,7,13,17,105,61" hai1="82,70,80,10,115,120,133,103,132,93,78,52,98" hai2="57,12,90,106,114,124,97,69,58,110,121,129,4" hai3="55,43,54,14,35,60,11,28,125,9,126,119,22"/><T32/><D32/><U36/><E36/><V6/><F114/><W75/><G119/><T112/><D112/><U47/><E115/><V85/><F121/><W71/><G75/><T100/><D135/><N who="1" m="51787" /><E70/><V102/><F69/><W46/><G35/><T45/><D7/><U5/><E120/><V87/><F87/><W24/><G71/><T86/><D73/><U27/><E27/><V76/><F76/><W16/><G9/><T74/><D74/><U18/><E18/><V49/><F58/><W42/><G60/><T33/><D33/><U23/><E23/><V53/><F124/><N who="3" m="47723" /><G42/><T88/><D77/><U84/><E80/><V67/><F67/><W65/><G65/><T79/><D79/><U107/><E107/><V1/><F1/><W0/><G0/><T99/><D105/><U63/><E63/><V113/><F113/><W48/><AGARI ba="0,0" hai="11,14,16,22,24,28,43,46,48,54,55" m="47723" machi="48" ten="30,2000,0" yaku="18,1,54,1" doraHai="92" who="3" fromWho="3" sc="250,-10,250,-5,250,-5,250,20" /><INIT seed="1,0,0,0,5,91" ten="240,245,245,270" oya="1" hai0="43,55,108,57,44,86,54,90,2,52,28,98,41" hai1="78,17,71,31,131,110,128,56,26,35,51,24,18" hai2="93,49,80,10,63,45,25,79,23,130,29,42,48" hai3="53,21,89,76,124,132,107,112,92,66,7,94,36"/><U0/><E71/><V65/><F130/><N who="1" m="49705" /><E0/><V69/><F10/><W115/><G107/><T46/><D2/><U9/><E78/><V125/><F125/><W104/><G104/><T16/><D108/><U120/><E120/><V1/><F1/><W34/><G34/><T81/><D28/><N who="1" m="19847" /><E110/><V58/><F69/><W122/><G36/><T33/><D33/><N who="1" m="20727" /><E9/><V11/><F11/><W27/><G76/><T126/><D126/><U95/><E95/><V103/><F45/><N who="0" m="17514" /><D57/><U75/><E75/><N who="2" m="43135" /><F42/><N who="0" m="15882" /><D98/><AGARI ba="0,0" hai="23,25,29,48,49,58,63,65,93,98,103" m="43135" machi="98" ten="30,2000,0" yaku="25,1,52,1" doraHai="91" who="2" fromWho="0" sc="240,-20,245,0,245,20,270,0" /><INIT seed="2,0,0,0,1,113" ten="220,245,265,270" oya="2" hai0="84,5,98,65,68,41,21,134,48,83,22,31,47" hai1="16,80,40,63,28,77,38,112,26,14,73,44,132" hai2="99,96,17,97,126,107,25,106,110,122,37,121,33" hai3="100,123,10,52,13,119,120,74,78,130,102,81,125"/><V87/><F37/><W9/><G125/><T101/><D134/><U11/><E132/><V35/><F126/><W62/><G130/><T129/><D129/><U75/><E112/><V34/><F87/><W91/><G119/><T116/><D5/><U2/><E2/><V15/><F25/><W135/><G91/><T70/><D116/><U60/><REACH who="1" step="1"/><E75/><REACH who="1" ten="220,235,265,270" step="2"/><V32/><F110/><W55/><G135/><T79/><D31/><U3/><E3/><V111/><F111/><W104/><G120/><T115/><D115/><U36/><E36/><V24/><F122/><W131/><G123/><T92/><REACH who="0" step="1"/><D65/><REACH who="0" ten="210,235,265,270" step="2"/><U88/><E88/><V108/><F121/><W71/><G131/><T67/><D67/><U82/><E82/><V6/><F108/><W133/><G81/><T46/><D46/><U61/><E61/><V124/><F124/><W12/><G62/><T42/><D42/><U118/><E118/><V76/><F107/><W58/><G104/><T29/><D29/><U43/><E43/><V57/><F106/><W94/><G133/><T8/><D8/><U128/><E128/><V30/><F30/><W51/><G9/><T90/><D90/><U114/><E114/><V64/><F64/><W1/><G10/><T69/><AGARI ba="0,2" hai="21,22,41,47,48,68,69,70,79,83,84,92,98,101" machi="69" ten="30,4000,0" yaku="1,1,0,1,53,1" doraHai="113" doraHaiUra="89" who="0" fromWho="0" sc="210,60,235,-10,265,-20,270,-10" /><INIT seed="3,0,0,0,3,18" ten="270,225,245,260" oya="3" hai0="28,131,114,49,113,80,78,39,93,21,91,50,13" hai1="37,31,47,7,12,120,3,43,0,46,30,27,33" hai2="125,11,122,51,76,17,35,86,15,111,132,29,123" hai3="5,60,77,1,57,115,129,55,94,20,19,69,8"/><W24/><G115/><N who="0" m="44043" /><D39/><U116/><E120/><V98/><F125/><W14/><G129/><T53/><D131/><U4/><E116/><V99/><F132/><W105/><G105/><T112/><D53/><U130/><E130/><V45/><F111/><W119/><G119/><T97/><N who="0" m="44051" /><T72/><DORA hai="83" /><D13/><U48/><E31/><V25/><F122/><W79/><G69/><T32/><D32/><U95/><E95/><V66/><F66/><W89/><G1/><T118/><D118/><U101/><E101/><V109/><F109/><W133/><G133/><T126/><D126/><U117/><E117/><V54/><F123/><W134/><G134/><T127/><D127/><U23/><E33/><V6/><F76/><W58/><G58/><T121/><D121/><U56/><E56/><V42/><F86/><AGARI ba="0,0" hai="5,8,14,19,20,24,55,57,60,77,79,86,89,94" machi="86" ten="30,11600,0" yaku="7,1,8,1,52,2" doraHai="18,83" who="3" fromWho="2" sc="270,0,225,0,245,-116,260,116" owari="270,7.0,225,-17.5,129,-37.1,376,47.6" /></mjloggm>