<mjloggm ver="2.3"><GO type="225" lobby="0"/><UN n0="%6E%69%63%6B%6C%6F%77" n1="%E3%82%BC%E3%83%AB%E3%83%80%E3%81%AE%E4%BC%9D%E8%AA%AC" n2="%E4%B8%89%E5%86%A0%E7%8E%8B%E3%83%BB%E5%B1%B1%E7%94%B0%E5%93%B2%E4%BA%BA" n3="%E3%81%B6%E3%82%8B%E3%82%8B%E3%81%B6%E3%81%B6" dan="16,16,16,16" rate="2095.91,2237.14,2130.63,2056.34" sx="M,M,M,M"/><TAIKYOKU oya="0"/><INIT seed="0,0,0,3,3,115" ten="250,250,250,250" oya="0" hai0="2,108,37,73,112,17,27,57,109,12,81,55,7" hai1="92,54,129,9,34,42,41,56,52,0,14,110,28" hai2="77,132,3,122,118,51,47,135,25,66,87,32,67" hai3="35,19,133,93,10,15,63,90,46,86,59,76,60"/><T1/><D112/><U127/><E110/><N who="0" m="42601" /><D37/><U5/><E127/><V107/><F3/><W26/><G133/><N who="2" m="51273" /><F107/><W99/><G46/><T104/><D104/><U74/><E129/><V64/><F122/><W128/><G128/><T36/><D36/><U4/><E74/><V130/><F130/><W11/><G11/><N who="0" m="4223" /><D81/><U70/><E70/><V121/><F121/><W21/><G35/><T83/><D83/><U23/><E92/><V50/><F87/><W65/><G63/><N who="0" m="36287" /><D73/><U71/><E71/><V18/><F77/><W111/><G111/><T69/><D69/><U53/><E56/><V78/><F78/><W125/><G125/><T48/><D48/><U13/><E0/><V31/><F51/><W88/><G76/><T89/><D89/><U91/><E91/><V116/><F18/><N who="3" m="8567" /><G90/><T72/><D72/><U94/><E94/><V85/><F85/><AGARI ba="0,0" hai="19,21,26,59,60,65,85,86,88,93,99" m="8567" machi="85" ten="30,2000,0" yaku="8,1,54,1" doraHai="115" who="3" fromWho="2" sc="250,0,250,0,250,-20,250,20" /><INIT seed="1,0,0,4,4,90" ten="250,250,230,270" oya="1" hai0="119,3,125,47,91,15,63,133,34,109,8,57,68" hai1="12,56,102,2,107,71,48,40,106,44,130,22,65" hai2="117,73,105,59,126,101,64,29,53,135,58,95,38" hai3="110,129,10,25,86,69,122,52,89,104,78,75,45"/><U99/><E130/><V0/><F117/><W112/><G122/><T121/><D109/><U23/><E2/><V42/><F0/><W32/><G112/><T132/><D119/><U39/><E107/><V4/><F73/><W124/><G110/><T87/><D3/><U116/><E116/><V84/><F4/><W103/><G129/><T18/><D121/><U31/><E31/><V27/><F135/><W88/><G69/><T30/><D68/><U74/><E74/><V55/><F126/><W24/><G10/><T134/><D125/><U11/><E71/><V123/><F123/><W118/><G124/><T51/><D34/><U17/><REACH who="1" step="1"/><E48/><REACH who="1" ten="250,240,230,270" step="2"/><V19/><F105/><W128/><G104/><T72/><D30/><U92/><E92/><V93/><F29/><W36/><G128/><T62/><D72/><U9/><E9/><V20/><F95/><W76/><G75/><T83/><REACH who="0" step="1"/><D57/><REACH who="0" ten="240,240,230,270" step="2"/><U7/><E7/><V14/><F58/><W98/><G118/><T13/><D13/><U85/><E85/><V21/><F84/><W94/><G86/><T6/><D6/><U131/><E131/><V114/><F59/><W60/><G32/><T77/><D77/><U67/><E67/><V33/><F64/><W37/><G78/><T50/><D50/><U41/><E41/><AGARI ba="0,2" hai="8,15,18,41,47,51,62,63,83,87,91,132,133,134" machi="41" ten="40,5200,0" yaku="1,1,20,1,53,1" doraHai="90" doraHaiUra="5" who="0" fromWho="1" sc="240,72,240,-52,230,0,270,0" /><INIT seed="2,0,0,5,2,8" ten="312,188,230,270" oya="2" hai0="22,34,111,76,102,46,115,112,124,66,4,13,39" hai1="83,59,11,38,92,122,72,20,42,116,69,54,25" hai2="18,130,127,60,95,24,45,88,6,79,74,17,103" hai3="29,86,132,63,58,82,80,19,57,65,52,62,114"/><V14/><F127/><W68/><G132/><T90/><D124/><U7/><E116/><V119/><F119/><W49/><G114/><T16/><D34/><U100/><E69/><V61/><F103/><W134/><G134/><T33/><D33/><U28/><E122/><V125/><F125/><W107/><G107/><T37/><D76/><U50/><E72/><V10/><F130/><W3/><G29/><T53/><D66/><U118/><E118/><V73/><F73/><W75/><G75/><T48/><D102/><U91/><E38/><V55/><F79/><W128/><G128/><T43/><D111/><U21/><E42/><V113/><F113/><W94/><G3/><T131/><D131/><U35/><E83/><V41/><F74/><W120/><G120/><T123/><D39/><U56/><E56/><N who="2" m="34847" /><F61/><W23/><G94/><T98/><D4/><U0/><REACH who="1" step="1"/><E100/><REACH who="1" ten="312,178,230,270" step="2"/><V108/><F108/><W51/><G82/><T104/><D123/><U36/><E36/><V84/><F24/><N who="3" m="14463" /><G68/><T32/><D115/><U12/><E12/><V71/><F71/><W5/><G5/><T67/><D112/><U78/><E78/><AGARI ba="0,1" hai="49,51,52,57,58,62,63,65,78,80,86" m="14463" machi="78" ten="30,2000,0" yaku="8,1,54,1" doraHai="8" who="3" fromWho="1" sc="312,0,178,-20,230,0,270,30" /><INIT seed="3,0,0,2,4,62" ten="312,158,230,300" oya="3" hai0="3,14,67,131,20,116,122,24,4,126,8,6,50" hai1="117,15,109,60,11,0,92,99,63,52,45,118,38" hai2="2,17,59,65,64,105,21,129,40,90,107,5,75" hai3="97,84,10,106,108,123,41,134,95,115,70,120,31"/><W42/><G115/><T29/><D116/><U86/><E109/><V80/><F107/><W25/><G134/><T89/><D122/><U37/><E0/><V130/><F105/><W127/><G127/><T111/><D111/><U58/><E86/><N who="2" m="50503" /><F75/><W68/><G108/><T121/><D121/><U47/><E37/><V16/><F40/><W93/><G106/><T66/><D131/><N who="2" m="50186" /><F59/><W77/><G10/><T85/><D3/><U98/><E98/><V54/><F54/><W9/><G9/><T69/><D69/><U39/><E39/><V74/><F74/><W53/><G53/><T35/><D35/><U22/><E22/><V114/><F114/><W104/><G104/><T27/><D27/><U30/><E30/><V71/><F71/><W113/><G113/><T103/><D103/><U110/><E110/><V33/><F33/><W81/><G31/><T13/><D50/><U44/><E38/><V78/><F78/><W102/><G25/><T34/><D34/><U57/><E11/><N who="2" m="2487" /><F17/><W101/><G70/><T12/><D126/><U23/><E23/><V61/><F61/><W43/><G68/><T124/><D124/><U87/><E87/><V32/><F32/><W73/><G73/><T7/><D8/><U26/><E26/><AGARI ba="0,0" hai="16,21,26,64,65" m="2487,50186,50503" machi="26" ten="30,7700,0" yaku="19,1,52,2,54,1" doraHai="62" who="2" fromWho="1" sc="312,0,158,-77,230,77,300,0" owari="312,41.2,81,-41.9,307,10.7,300,-10.0" /></mjloggm>