<mjloggm ver="2.3"><GO type="225" lobby="0"/><UN n0="%70%6E%64%73%6E%67" n1="%E3%82%BC%E3%83%AB%E3%83%80%E3%81%AE%E4%BC%9D%E8%AA%AC" n2="%E5%AD%90%E4%BE%9B%E4%BC%9A%E5%93%A1" n3="%E3%81%B5%E3%81%98%E3%81%8B%E3%81%A4" dan="16,18,17,16" rate="2088.71,2212.92,2137.47,2105.17" sx="M,M,M,M"/><TAIKYOKU oya="0"/><INIT seed="0,0,0,3,1,34" ten="250,250,250,250" oya="0" hai0="26,85,4,38,27,93,51,78,8,92,66,13,24" hai1="102,105,106,53,107,62,89,37,45,57,94,121,86" hai2="115,113,48,133,22,55,122,73,124,52,82,135,72" hai3="40,15,21,25,43,11,50,80,75,130,97,1,132"/><T88/><D38/><U16/><E121/><V10/><F122/><W74/><G132/><N who="2" m="50761" /><F124/><W70/><G70/><T134/><D134/><U112/><E112/><N who="2" m="43083" /><F22/><W117/><G117/><T120/><D120/><U18/><REACH who="1" step="1"/><E102/><REACH who="1" ten="250,240,250,250" step="2"/><V39/><F39/><W76/><G130/><T79/><D66/><U31/><E31/><V95/><F95/><W91/><G74/><N who="2" m="28777" /><F82/><W116/><G80/><T35/><D35/><U2/><E2/><V28/><F28/><W17/><G1/><T83/><D92/><U56/><E56/><V98/><F98/><W118/><G97/><T46/><REACH who="0" step="1"/><D93/><REACH who="0" ten="240,240,250,250" step="2"/><U131/><E131/><V77/><F77/><W59/><G76/><T6/><D6/><U84/><E84/><V29/><F29/><W60/><G75/><T125/><D125/><U100/><E100/><V19/><F48/><W101/><G50/><T54/><AGARI ba="0,2" hai="4,8,13,24,26,27,46,51,54,78,79,83,85,88" machi="54" ten="30,11700,0" yaku="1,1,0,1,8,1,54,1,53,0" doraHai="34" doraHaiUra="128" who="0" fromWho="0" sc="240,137,240,-39,250,-39,250,-39" /><INIT seed="0,1,0,5,1,3" ten="377,201,211,211" oya="0" hai0="18,8,123,72,79,134,102,25,124,28,68,85,132" hai1="41,12,120,35,113,66,63,118,21,127,86,93,59" hai2="109,125,36,1,56,44,128,77,54,40,2,105,53" hai3="101,94,27,13,30,104,114,4,88,0,110,91,31"/><T98/><D123/><U49/><E118/><V29/><F109/><W58/><G110/><T121/><D121/><U33/><E120/><V112/><F112/><W46/><G114/><T80/><D68/><U32/><E113/><V20/><F128/><W48/><G0/><T17/><D124/><U116/><E116/><V23/><F125/><W16/><G104/><T14/><D72/><U111/><E111/><V92/><F105/><W73/><G58/><T108/><D17/><U84/><E127/><V22/><F29/><W100/><G73/><T15/><D14/><U130/><E130/><V89/><F77/><W90/><G94/><T11/><D11/><U131/><E131/><V107/><F107/><W60/><G60/><T64/><D64/><U42/><E49/><V26/><F26/><W65/><G65/><T70/><D70/><U67/><E67/><V117/><F117/><W47/><G27/><T83/><D83/><U37/><E37/><V6/><F6/><W99/><G4/><T119/><D119/><U55/><E66/><V103/><F103/><N who="3" m="39499" /><G99/><T38/><D38/><U95/><E95/><V76/><F76/><W39/><G39/><T43/><D102/><U5/><E93/><V57/><F1/><W126/><G126/><T10/><D98/><U75/><E75/><V106/><F2/><W135/><G135/><T45/><D108/><U19/><E5/><V52/><REACH who="2" step="1"/><F106/><REACH who="2" ten="377,201,201,211" step="2"/><W7/><G7/><T87/><D25/><U122/><E122/><V71/><F71/><W74/><G31/><T96/><D79/><U24/><E24/><V115/><F115/><RYUUKYOKU ba="1,1" sc="377,-15,201,15,201,15,211,-15" hai1="12,19,21,32,33,35,41,42,55,59,63,84,86" hai2="20,22,23,36,40,44,52,53,54,56,57,89,92" /><INIT seed="1,2,1,1,4,125" ten="362,216,216,196" oya="1" hai0="24,46,67,118,116,86,52,57,61,40,25,33,14" hai1="35,104,135,85,105,100,87,23,1,0,26,131,82" hai2="50,3,60,93,122,79,95,81,94,6,126,69,74" hai3="18,45,77,16,91,5,30,38,34,83,128,65,73"/><U129/><E35/><V49/><F122/><W96/><G65/><T62/><D14/><U120/><E120/><V9/><REACH who="2" step="1"/><F126/><REACH who="2" ten="362,216,206,196" step="2"/><W53/><G128/><N who="1" m="49226" /><E135/><V112/><F112/><W28/><G34/><T110/><D116/><U113/><E113/><V70/><F70/><W127/><G127/><T102/><D118/><U4/><E100/><V92/><N who="2" m="23552" /><DORA hai="8" /><V97/><F97/><W10/><G96/><T101/><D102/><U134/><E134/><V124/><F124/><W29/><G83/><T13/><D101/><U12/><E12/><V108/><F108/><W42/><G29/><T47/><D13/><U54/><E54/><V132/><F132/><W56/><G28/><T84/><D52/><U109/><E109/><V41/><F41/><W68/><G30/><T63/><D33/><U99/><E99/><V44/><F44/><W90/><G53/><T88/><D110/><U119/><E119/><V98/><F98/><W72/><G45/><T58/><D40/><U15/><E15/><V37/><F37/><W55/><G42/><T130/><D130/><U111/><E111/><V78/><F78/><W75/><G38/><T64/><D47/><U121/><E121/><V21/><F21/><W51/><G77/><T89/><D46/><U71/><E71/><V106/><F106/><N who="1" m="41065" /><E82/><V17/><F17/><N who="3" m="6763" /><G68/><T115/><D115/><U114/><E114/><V76/><F76/><W27/><G27/><T11/><D25/><U7/><E26/><V80/><F80/><W19/><G19/><T2/><D24/><U43/><E43/><V39/><F39/><W66/><G66/><AGARI ba="2,2" hai="3,6,9,49,50,60,66,69,74,79,81" m="23552" machi="66" ten="50,3200,0" yaku="1,1,6,1,53,0" doraHai="125,8" doraHaiUra="22,20" who="2" fromWho="3" sc="362,0,216,0,206,58,196,-38" /><INIT seed="2,0,0,5,0,88" ten="362,216,264,158" oya="2" hai0="60,12,28,3,125,89,101,27,56,6,15,61,73" hai1="13,19,116,123,8,96,45,57,78,95,80,82,33" hai2="97,81,65,92,20,4,110,72,42,69,105,98,66" hai3="48,52,67,46,9,59,1,74,62,102,50,26,77"/><V127/><F69/><W124/><G124/><T47/><D73/><U31/><E116/><V118/><F118/><W34/><G102/><T58/><D125/><U130/><E130/><V18/><F127/><W94/><G74/><T43/><D101/><U53/><E123/><V55/><F42/><N who="3" m="24663" /><G34/><T126/><D3/><U111/><E111/><V35/><F4/><W85/><G1/><T40/><D6/><U128/><E128/><V51/><F35/><W131/><G131/><T132/><D132/><U22/><E45/><V10/><F10/><W86/><G26/><T14/><D89/><N who="1" m="55407" /><E33/><V23/><F23/><W99/><G77/><T84/><D60/><N who="1" m="35887" /><E78/><V112/><F105/><W117/><G117/><T83/><D47/><U29/><E22/><V100/><F20/><W44/><G9/><T104/><D104/><U133/><E133/><V79/><F79/><W38/><G38/><T5/><D126/><U103/><E103/><V70/><F100/><N who="3" m="60535" /><G85/><T115/><D84/><U49/><E49/><V129/><F51/><W75/><G75/><T32/><D32/><U121/><E121/><V71/><F72/><W0/><G0/><T54/><D115/><U11/><E8/><V93/><F112/><W25/><G86/><T21/><D5/><U113/><E113/><V37/><F129/><W120/><G120/><T64/><D43/><U87/><E87/><V7/><F98/><W135/><G135/><T91/><D40/><U41/><E41/><V90/><F97/><W24/><AGARI ba="0,0" hai="24,25,44,50,52,59,62,67" m="60535,24663" machi="24" ten="30,4000,0" yaku="8,1,52,1,54,1" doraHai="88" who="3" fromWho="3" sc="362,-10,216,-10,264,-20,158,40" /><INIT seed="3,0,0,1,4,62" ten="352,206,244,198" oya="3" hai0="93,40,133,82,122,28,17,111,45,29,49,33,74" hai1="54,109,60,86,95,31,4,27,94,63,104,108,71" hai2="79,81,96,1,18,102,98,47,134,126,68,99,32" hai3="89,14,26,30,36,23,75,115,78,103,25,53,9"/><W132/><G115/><T20/><D33/><N who="1" m="20735" /><E104/><V100/><F126/><W56/><G36/><T114/><D133/><U6/><E60/><V123/><F68/><W48/><G132/><T3/><D111/><N who="1" m="42571" /><E86/><V80/><F32/><W121/><G121/><T116/><D45/><U90/><E71/><V10/><F81/><W59/><G26/><T39/><D17/><U22/><E22/><V72/><F123/><W77/><G103/><T113/><D3/><U67/><E54/><V131/><F99/><W21/><G21/><T57/><D49/><U34/><E34/><V83/><F96/><W2/><G2/><T65/><D40/><U12/><E90/><V87/><F87/><W61/><G89/><T52/><D52/><U135/><E135/><V64/><F98/><W35/><G35/><T43/><D74/><U92/><E12/><V129/><F72/><W69/><G69/><T58/><D29/><U85/><E85/><V125/><F1/><W84/><G84/><T112/><D116/><U41/><E41/><V118/><F118/><W11/><G75/><T0/><D0/><U130/><E130/><V101/><F131/><W44/><G59/><T91/><D57/><U8/><E8/><N who="3" m="3146" /><G14/><T38/><D58/><N who="1" m="37367" /><E4/><V117/><F129/><W73/><G73/><T66/><D114/><U24/><E6/><V42/><F134/><W119/><G119/><T13/><D113/><U70/><E70/><V97/><F117/><W37/><G37/><T120/><D112/><U110/><N who="1" m="42579" /><U76/><DORA hai="15" /><E24/><V46/><F102/><W7/><G7/><T105/><D120/><RYUUKYOKU ba="0,0" sc="352,-15,206,15,244,-15,198,15" hai1="76,92,94,95" hai3="23,25,30,44,48,53,56,61,77,78" /><INIT seed="3,1,0,4,0,32" ten="337,221,229,213" oya="3" hai0="19,63,99,62,33,108,46,109,71,52,129,117,64" hai1="2,103,77,95,90,105,28,12,15,18,14,23,39" hai2="81,44,11,20,66,69,59,35,118,26,36,1,0" hai3="4,8,65,40,88,9,91,102,60,128,96,112,25"/><W22/><G112/><T87/><D117/><U47/><E2/><V92/><F69/><W57/><G128/><T61/><D33/><U113/><E113/><V72/><F35/><W7/><G40/><T106/><D129/><U48/><E39/><V51/><F118/><W132/><G132/><T37/><D87/><N who="1" m="52703" /><E105/><V104/><F104/><W131/><G131/><T70/><D64/><U110/><E110/><N who="0" m="42601" /><D19/><N who="1" m="10727" /><E103/><V29/><F11/><N who="3" m="4171" /><G102/><N who="0" m="62815" /><D52/><N who="1" m="29727" /><E28/><V45/><F29/><N who="3" m="17591" /><G96/><T73/><D73/><U50/><E77/><V80/><F72/><W38/><G38/><T16/><D16/><U82/><E82/><V56/><F81/><W27/><G27/><T119/><D119/><U121/><E121/><V74/><F26/><W68/><G68/><T101/><D101/><U83/><E83/><V107/><F80/><W93/><G93/><T84/><D84/><U86/><E86/><V127/><F92/><W134/><G134/><T30/><D30/><U3/><E3/><V42/><F74/><W133/><G133/><T6/><D6/><AGARI ba="1,0" hai="4,6,7,57,60,65,88,91" m="17591,4171" machi="6" ten="30,2900,0" yaku="8,1,54,1" doraHai="32" who="3" fromWho="0" sc="337,-32,221,0,229,0,213,32" /><INIT seed="3,2,0,5,3,0" ten="305,221,229,245" oya="3" hai0="5,23,108,129,42,93,82,51,4,39,43,27,70" hai1="76,29,48,50,73,57,117,109,98,54,66,88,80" hai2="114,58,18,1,134,85,19,118,13,46,33,26,56" hai3="130,32,62,44,132,11,101,104,21,94,112,79,107"/><W127/><G112/><T77/><D39/><U116/><E109/><V123/><F114/><W34/><G79/><T87/><D70/><U8/><E29/><N who="2" m="19639" /><F118/><N who="1" m="45673" /><E66/><V115/><F115/><W20/><G127/><T89/><D129/><U67/><E67/><V59/><F46/><W97/><G130/><T128/><D108/><U122/><E122/><V64/><F64/><W45/><G11/><T90/><D128/><U120/><E120/><V3/><F123/><W52/><G32/><T102/><D102/><U110/><E110/><V60/><F60/><W10/><G10/><T49/><D49/><N who="1" m="30927" /><E8/><V106/><F106/><W47/><G104/><T7/><D51/><U135/><E135/><V92/><F134/><W53/><G132/><T12/><D12/><U125/><E125/><V119/><F119/><W81/><G107/><T65/><D65/><U35/><E35/><V14/><F14/><W121/><G34/><T74/><REACH who="0" step="1"/><D89/><REACH who="0" ten="295,221,229,245" step="2"/><U105/><E105/><V99/><F13/><W72/><G121/><T9/><D9/><U61/><E61/><V103/><F1/><W37/><G62/><T28/><AGARI ba="2,1" hai="4,5,7,23,27,28,42,43,74,77,82,87,90,93" machi="28" ten="30,8000,1" yaku="1,1,0,1,52,3,53,0" doraHai="0" doraHaiUra="100" who="0" fromWho="0" sc="295,96,221,-22,229,-22,245,-42" owari="391,49.1,199,-30.1,207,0.7,203,-19.7" /></mjloggm>