<mjloggm ver="2.3"><GO type="225" lobby="0"/><UN n0="%72%69%6F%75%63%68%61%6E" n1="%73%6C%69%63%6B%33%31%39" n2="%45%6C%79%73%69%75%6D" n3="%E3%81%B7%E3%82%8A%E3%82%93%E8%81%96%E4%BA%BA" dan="17,16,17,16" rate="2263.03,2187.90,2165.54,2144.60" sx="M,M,F,M"/><TAIKYOKU oya="0"/><INIT seed="0,0,0,0,3,15" ten="250,250,250,250" oya="0" hai0="56,5,112,9,121,28,2,44,20,16,91,118,37" hai1="85,106,102,98,59,74,36,129,48,73,94,60,61" hai2="84,68,76,26,119,89,62,30,58,88,49,92,32" hai3="69,34,83,3,38,93,19,99,71,78,11,31,113"/><T117/><D112/><U130/><E36/><V54/><F119/><N who="0" m="45578" /><D56/><U29/><E29/><V7/><F76/><W132/><G113/><T103/><D91/><N who="1" m="53615" /><E48/><V66/><F7/><W108/><G38/><T105/><D44/><U51/><E51/><V6/><F6/><W79/><G79/><T135/><D105/><U87/><E61/><V12/><F12/><W104/><G104/><T50/><D103/><U22/><E22/><V23/><REACH who="2" step="1"/><F89/><REACH who="2" ten="250,250,240,250" step="2"/><W81/><G78/><T123/><D135/><U53/><E87/><V120/><F120/><N who="0" m="46154" /><D37/><U35/><E74/><V77/><F77/><W47/><G132/><T82/><D82/><U18/><E73/><V133/><F133/><W100/><G81/><T27/><D50/><U107/><E98/><V41/><F41/><W0/><G83/><T115/><D115/><U128/><E128/><V40/><F40/><W75/><G75/><T63/><D63/><U25/><E130/><V1/><F1/><W21/><G3/><T116/><D116/><U43/><E43/><V131/><F131/><W125/><G0/><T8/><D9/><U64/><E129/><V46/><F46/><W80/><G11/><T127/><D127/><U24/><E102/><V90/><F90/><W45/><G80/><T126/><D126/><U122/><E122/><V111/><F111/><W97/><G108/><T110/><D110/><U109/><E109/><V96/><F96/><W52/><G97/><T101/><D101/><U13/><E60/><V67/><F67/><W39/><G125/><T55/><D55/><U10/><E53/><V42/><F42/><RYUUKYOKU ba="0,1" sc="250,15,250,-15,240,15,250,-15" hai0="2,5,8,16,20,27,28" hai2="23,26,30,32,49,54,58,62,66,68,84,88,92" /><INIT seed="0,1,1,4,0,63" ten="265,235,255,235" oya="0" hai0="31,37,72,75,25,120,115,73,88,19,12,46,69" hai1="29,116,96,84,114,113,103,81,83,106,117,119,39" hai2="111,122,99,57,17,42,132,124,38,32,53,59,30" hai3="6,104,36,67,93,97,58,27,123,24,65,86,105"/><T48/><D115/><N who="1" m="44043" /><E39/><V131/><F122/><W49/><G36/><T43/><D120/><U80/><E29/><V54/><F17/><W4/><G104/><T20/><D69/><U1/><E1/><V0/><F0/><W9/><G105/><T44/><D88/><AGARI ba="1,1" hai="80,81,83,84,88,96,103,106,116,117,119" m="44043" machi="88" ten="40,8000,1" yaku="11,1,34,2,54,1" doraHai="63" who="1" fromWho="0" sc="265,-83,235,93,255,0,235,0" /><INIT seed="1,0,0,0,4,28" ten="182,328,255,235" oya="1" hai0="133,62,101,53,79,23,97,72,8,54,65,67,127" hai1="78,29,109,47,103,96,41,121,21,81,34,42,2" hai2="130,24,44,124,15,69,75,11,126,27,55,33,115" hai3="77,117,70,83,82,12,25,39,134,63,30,95,74"/><U49/><E121/><V57/><F75/><W40/><G117/><T132/><D127/><N who="2" m="48682" /><F69/><W106/><G106/><T0/><D23/><U129/><E2/><V93/><F44/><W37/><G95/><T85/><D72/><U123/><E123/><V61/><F130/><W26/><G26/><N who="2" m="9769" /><F93/><W113/><G12/><T13/><D0/><U43/><E129/><V58/><F58/><W16/><G16/><N who="0" m="8231" /><D67/><U68/><E68/><V116/><F115/><W122/><G113/><T111/><D111/><U89/><E89/><V9/><F9/><W22/><G122/><T94/><D85/><U87/><E96/><V19/><F116/><W102/><G102/><T51/><D51/><U14/><E103/><V114/><F114/><W104/><G104/><T4/><D79/><U59/><E49/><V98/><F98/><W18/><G82/><T3/><D3/><U5/><E87/><V6/><F6/><W56/><G70/><N who="0" m="42295" /><D4/><U66/><E66/><V7/><F7/><W73/><G73/><T46/><D46/><U110/><E47/><V112/><F112/><W135/><G40/><T20/><D20/><U118/><E21/><V38/><F38/><W76/><G76/><T120/><D120/><U64/><E118/><V48/><F48/><W128/><G128/><T91/><D101/><U35/><E43/><V71/><F71/><W131/><G131/><T36/><D36/><N who="3" m="13897" /><G18/><T50/><D50/><U45/><E42/><V99/><F99/><W52/><G74/><T10/><D10/><U32/><E41/><V100/><F100/><W80/><G77/><T31/><D31/><RYUUKYOKU ba="0,0" sc="182,10,328,-30,255,10,235,10" hai0="53,54,91,94,97,132,133" hai2="11,15,19,33,55,57,61" hai3="22,25,30,52,56,63,80,83,134,135" /><INIT seed="2,1,0,4,1,81" ten="192,298,265,245" oya="2" hai0="1,97,34,115,35,66,77,132,40,121,61,59,58" hai1="26,91,14,33,37,38,104,78,74,16,114,10,68" hai2="23,128,83,87,67,3,51,107,45,76,43,124,32" hai3="6,55,88,111,64,94,117,122,50,11,62,57,44"/><V13/><F32/><W75/><G122/><T99/><D132/><U119/><E68/><V101/><F128/><W106/><G111/><T109/><D109/><U112/><E119/><V46/><F3/><W7/><G106/><T19/><D115/><U113/><E104/><V120/><F120/><W69/><G75/><T30/><D121/><U70/><E70/><V25/><F124/><W85/><G117/><T52/><D1/><U125/><E125/><V116/><F116/><W56/><REACH who="3" step="1"/><G6/><REACH who="3" ten="192,298,265,235" step="2"/><T29/><D34/><U89/><E74/><V129/><F107/><W71/><G71/><T8/><D35/><U65/><E33/><V63/><F129/><W90/><G90/><T18/><D77/><U92/><E89/><V98/><F101/><W2/><AGARI ba="1,1" hai="2,7,11,44,50,55,56,57,62,64,69,85,88,94" machi="2" ten="20,12000,2" yaku="1,1,0,1,7,1,52,1,54,1,53,1" doraHai="81" doraHaiUra="82" who="3" fromWho="3" sc="192,-31,298,-31,265,-61,235,133" /><INIT seed="3,0,0,5,5,28" ten="161,267,204,368" oya="3" hai0="113,135,114,65,5,109,86,85,22,2,53,13,83" hai1="34,115,49,41,56,18,62,97,37,80,72,131,31" hai2="101,33,45,8,108,46,98,119,71,50,17,7,123" hai3="73,96,14,81,58,76,55,95,19,11,16,47,91"/><W9/><G47/><T64/><D109/><U51/><E115/><V23/><F119/><W57/><G57/><T68/><D135/><U88/><E37/><V60/><F108/><W103/><G103/><T36/><D36/><U4/><E4/><V107/><F123/><W39/><G39/><T105/><D105/><U32/><E131/><V93/><F50/><W118/><G118/><T82/><D2/><U129/><E129/><V120/><F120/><W40/><G40/><T111/><D111/><U117/><E31/><V24/><F93/><W30/><G30/><T106/><D106/><U54/><E117/><V100/><F100/><W27/><G27/><T25/><D68/><U133/><E133/><V20/><F20/><W87/><G73/><T44/><D5/><U112/><E112/><V6/><F6/><N who="3" m="3383" /><G11/><T89/><D13/><U124/><E124/><V43/><F43/><W126/><G126/><T102/><D102/><U121/><E51/><AGARI ba="0,0" hai="16,19,51,55,58,76,81,87,91,95,96" m="3383" machi="51" ten="30,2900,0" yaku="8,1,54,1" doraHai="28" who="3" fromWho="1" sc="161,0,267,-29,204,0,368,29" owari="161,-33.9,238,3.8,204,-19.6,397,49.7" /></mjloggm>