<mjloggm ver="2.3"><GO type="225" lobby="0"/><UN n0="%E5%B0%8F%E9%B3%A5%E9%81%8A%E7%B7%B4%E7%84%A1%32%31%E6%AD%B3" n1="%72%69%6F%75%63%68%61%6E" n2="%33%74%72%65%65" n3="%E3%82%B3%E3%83%90%E3%83%AC%E3%82%A4" dan="16,16,16,16" rate="2197.92,2163.51,2120.58,2083.66" sx="F,M,F,M"/><TAIKYOKU oya="0"/><INIT seed="0,0,0,3,5,42" ten="250,250,250,250" oya="0" hai0="48,79,1,7,100,127,57,6,76,123,65,33,46" hai1="64,32,126,56,53,69,41,120,58,130,105,117,66" hai2="54,109,17,60,19,97,12,4,75,40,116,43,24" hai3="11,93,115,35,85,92,98,88,52,121,34,31,77"/><T89/><D127/><U90/><E117/><V63/><F109/><W91/><G115/><T61/><D123/><U72/><E120/><V59/><F75/><W82/><G121/><T22/><D33/><U114/><E105/><V110/><F110/><W39/><G39/><T125/><D125/><U134/><E126/><V107/><F116/><W38/><G38/><T5/><D1/><U23/><E32/><V16/><F24/><W20/><G11/><T67/><D100/><U45/><E114/><V83/><F83/><W50/><G31/><T62/><D89/><U95/><E72/><V18/><F4/><W9/><G20/><T113/><D22/><U106/><E106/><V103/><REACH who="2" step="1"/><F63/><REACH who="2" ten="250,250,240,250" step="2"/><W102/><G102/><T8/><D113/><U51/><E134/><V10/><AGARI ba="0,1" hai="10,12,16,17,18,19,40,43,54,59,60,97,103,107" machi="10" ten="30,7900,0" yaku="1,1,2,1,0,1,54,1,53,0" doraHai="42" doraHaiUra="81" who="2" fromWho="2" sc="250,-39,250,-20,240,89,250,-20" /><INIT seed="1,0,0,4,5,13" ten="211,230,329,230" oya="1" hai0="113,17,7,60,47,131,42,9,127,128,58,114,117" hai1="92,123,15,106,78,40,121,116,55,75,43,35,126" hai2="98,23,135,79,115,4,34,62,120,21,102,107,109" hai3="130,63,26,45,101,49,71,2,59,87,110,69,64"/><U133/><E116/><V46/><F120/><W37/><G2/><T112/><D117/><U72/><E106/><V25/><F109/><W61/><G101/><T33/><D33/><U12/><E35/><V11/><F135/><W54/><G87/><T10/><D127/><U24/><E78/><V76/><F115/><W73/><G26/><T28/><D28/><U22/><E133/><V27/><F46/><W85/><G85/><T19/><D9/><U18/><E126/><V6/><F62/><W91/><G91/><T104/><D104/><U5/><E55/><V129/><F129/><N who="0" m="49738" /><D58/><U82/><E92/><V132/><F132/><W86/><G86/><T88/><D88/><U32/><E15/><V3/><F4/><W93/><G73/><T119/><D60/><U48/><E82/><V94/><F107/><W52/><G93/><T124/><D124/><U66/><E66/><V118/><F118/><W108/><G130/><T77/><D77/><U56/><E56/><V41/><F76/><W97/><G97/><T83/><D83/><U67/><E67/><V81/><F34/><W134/><G134/><T0/><D119/><U99/><E99/><V125/><F125/><W70/><G37/><AGARI ba="0,0" hai="0,7,10,17,19,37,42,47,112,113,114" m="49738" machi="37" ten="40,5200,0" yaku="19,1,52,2" doraHai="13" who="0" fromWho="3" sc="211,52,230,0,329,0,230,-52" /><INIT seed="2,0,0,2,2,1" ten="263,230,329,178" oya="2" hai0="67,73,57,17,91,22,105,23,88,93,38,78,24" hai1="26,2,114,28,117,62,9,94,83,53,56,80,59" hai2="44,54,101,31,46,45,82,20,111,95,122,63,18" hai3="16,75,74,51,4,68,127,97,70,81,61,40,55"/><V99/><F122/><W112/><G112/><T43/><D105/><U123/><E114/><V87/><F111/><W29/><G29/><T0/><D0/><U130/><E117/><V86/><F31/><W106/><G127/><T98/><D38/><U21/><E123/><V119/><F119/><W90/><G40/><T48/><D73/><U12/><E130/><V69/><F69/><W102/><G68/><T13/><D78/><U32/><E94/><V118/><F118/><W132/><G132/><T52/><D43/><U65/><E2/><V49/><F63/><W47/><G4/><T5/><D67/><U79/><E32/><V60/><F60/><W85/><G70/><T33/><D33/><U39/><E39/><V6/><F6/><W128/><G61/><T115/><D115/><U133/><E133/><V110/><F110/><W37/><G37/><T71/><D71/><U64/><E56/><N who="2" m="32847" /><F82/><W129/><G128/><T84/><D5/><U15/><E83/><V36/><F36/><W34/><G34/><T66/><D66/><U116/><E116/><V3/><F3/><W108/><G108/><T100/><D84/><N who="1" m="48159" /><E15/><AGARI ba="0,0" hai="15,18,20,44,45,46,86,87,95,99,101" m="32847" machi="15" ten="30,1500,0" yaku="8,1" doraHai="1" who="2" fromWho="1" sc="263,0,230,-15,329,15,178,0" /><INIT seed="2,1,0,4,1,15" ten="263,215,344,178" oya="2" hai0="1,101,23,56,45,107,7,120,116,63,80,86,4" hai1="99,8,127,61,0,32,60,122,19,72,133,49,27" hai2="10,36,57,62,131,104,105,29,87,93,33,18,96" hai3="25,70,14,100,81,44,89,109,17,39,11,110,35"/><V134/><F36/><W108/><G70/><T42/><D120/><U88/><E72/><V119/><F119/><W12/><G100/><T129/><D129/><U2/><E122/><V90/><F134/><W47/><G39/><T91/><D1/><U28/><E133/><V43/><F43/><W48/><G35/><T76/><D116/><U31/><E127/><V3/><F3/><W21/><G14/><T130/><D130/><U24/><E49/><V118/><F131/><W123/><G123/><T94/><D101/><U9/><E0/><V82/><F33/><W20/><G47/><T98/><D107/><U95/><E8/><V41/><F41/><W92/><G81/><T79/><D79/><U77/><E77/><V54/><F29/><W103/><G103/><T135/><D135/><U59/><E59/><V73/><F73/><W16/><G16/><T114/><D114/><U5/><REACH who="1" step="1"/><E19/><REACH who="1" ten="263,205,344,178" step="2"/><V46/><F18/><W112/><G112/><T111/><D76/><U106/><E106/><V124/><F104/><W64/><G25/><T84/><D56/><U117/><E117/><V26/><F57/><W102/><G110/><T115/><D115/><U22/><AGARI ba="1,1" hai="2,5,9,22,24,27,28,31,32,60,61,88,95,99" machi="22" ten="20,5200,0" yaku="1,1,0,1,7,1,54,1,53,0" doraHai="15" doraHaiUra="53" who="1" fromWho="1" sc="263,-14,205,65,344,-27,178,-14" /><INIT seed="3,0,0,4,3,66" ten="249,270,317,164" oya="3" hai0="135,120,32,12,49,61,35,46,62,20,94,100,93" hai1="69,91,107,24,33,65,27,80,132,110,71,6,19" hai2="109,83,15,47,25,48,74,76,63,5,42,102,41" hai3="52,130,73,108,79,111,126,116,29,89,115,54,43"/><W105/><G105/><T51/><D120/><U57/><E107/><V1/><F109/><N who="3" m="42059" /><G116/><T78/><D78/><U56/><E110/><V3/><F41/><W34/><G115/><T90/><D135/><U95/><E132/><V9/><F102/><W23/><G34/><T72/><D72/><U22/><E6/><V50/><F50/><W18/><G29/><T30/><D100/><U37/><E37/><V87/><F74/><W86/><G43/><T128/><D128/><U64/><E80/><V40/><F40/><W68/><G130/><T134/><D134/><U133/><E133/><V13/><F25/><N who="3" m="14583" /><G126/><T114/><D114/><U113/><E113/><V44/><F44/><W125/><G125/><T129/><D46/><U112/><E112/><V118/><F118/><W103/><G103/><T4/><D30/><U121/><E121/><V124/><F124/><W77/><G68/><T101/><D101/><U117/><E117/><V81/><F42/><W97/><G97/><T55/><D129/><U11/><E33/><V82/><F76/><N who="3" m="29259" /><G73/><T84/><D32/><U99/><E27/><V92/><F47/><W106/><G106/><T96/><D35/><U31/><E31/><V59/><F59/><W21/><G21/><T70/><D20/><U75/><E75/><V58/><F58/><N who="1" m="22633" /><E69/><V67/><F67/><N who="1" m="25673" /><E71/><V36/><F36/><W88/><G89/><T53/><D70/><U131/><E131/><V45/><F45/><W8/><G8/><AGARI ba="0,0" hai="8,11,19,22,24,91,95,99" m="25673,22633" machi="8" ten="30,1000,0" yaku="8,1" doraHai="66" who="1" fromWho="3" sc="249,0,270,10,317,0,164,-10" owari="249,-15.1,280,8.0,317,41.7,154,-34.6" /></mjloggm>