<mjloggm ver="2.3"><GO type="225" lobby="0"/><UN n0="%E6%98%93%E5%88%A9%E8%96%A9%E4%BC%AF" n1="%2D%E8%B1%8A%E5%8F%A3%E3%82%81%E3%81%90%E3%81%BF%2D" n2="%E5%8D%A0%E3%81%84%E5%B8%AB%E8%A3%8F%E3%81%AA%E3%81%84%E3%81%97" n3="%E7%99%BD%E5%92%B2%E8%8A%B1%E3%81%A1%E3%82%83%E3%82%93" dan="16,16,16,16" rate="2063.91,2104.73,2118.41,2093.32" sx="F,F,M,F"/><TAIKYOKU oya="0"/><INIT seed="0,0,0,0,4,64" ten="250,250,250,250" oya="0" hai0="39,2,41,52,86,101,22,1,100,132,83,97,30" hai1="134,44,59,69,115,124,91,78,54,27,123,66,42" hai2="128,0,11,18,126,90,76,5,70,135,106,36,33" hai3="20,80,65,47,125,116,55,102,40,71,16,51,37"/><T121/><D121/><U6/><E123/><V107/><F90/><W50/><G125/><T117/><D117/><U96/><E124/><V14/><F76/><W57/><G116/><T53/><D101/><U63/><E134/><V109/><F126/><W84/><G102/><T3/><D132/><U25/><E78/><V72/><F135/><W92/><G92/><T75/><D75/><U8/><E115/><V93/><F72/><W110/><G110/><T17/><D30/><U56/><E91/><V46/><F109/><W73/><G73/><T120/><D120/><U60/><E96/><V77/><F77/><W127/><G127/><T74/><D74/><U113/><E59/><V131/><F93/><W130/><G130/><N who="2" m="49705" /><F33/><W81/><G51/><T28/><D28/><U88/><E88/><V108/><F108/><W119/><G84/><T99/><D99/><U98/><E98/><V82/><F82/><W62/><G119/><T95/><D86/><U43/><E113/><V112/><F112/><W19/><G19/><T67/><D67/><U133/><E133/><V85/><F70/><W23/><G23/><T32/><D32/><U61/><E61/><V89/><F89/><W129/><G129/><T79/><D83/><U12/><REACH who="1" step="1"/><E43/><REACH who="1" ten="250,240,250,250" step="2"/><N who="2" m="22887" /><F85/><W31/><G31/><T29/><D29/><U103/><E103/><V15/><F18/><W114/><G114/><T45/><REACH who="0" step="1"/><D79/><REACH who="0" ten="240,240,250,250" step="2"/><U58/><E58/><V4/><F106/><W13/><AGARI ba="0,2" hai="13,16,20,37,40,47,50,55,57,62,65,71,80,81" machi="13" ten="20,12000,2" yaku="0,1,7,1,24,2,52,1,54,1" doraHai="64" who="3" fromWho="3" sc="240,-60,240,-30,250,-30,250,140" /><INIT seed="1,0,0,2,3,13" ten="180,210,220,390" oya="1" hai0="89,30,40,1,32,56,20,22,38,58,62,118,125" hai1="127,67,53,24,47,102,8,55,88,74,98,113,52" hai2="34,128,66,105,10,15,111,114,106,82,91,70,126" hai3="21,6,77,31,101,43,79,12,131,44,50,86,83"/><U59/><E113/><V119/><F114/><W75/><G131/><T80/><D1/><U123/><E123/><V37/><F119/><W120/><G120/><T18/><D118/><U29/><E74/><V11/><F34/><W97/><G31/><T36/><D125/><U134/><E127/><V61/><F126/><W28/><G28/><T81/><D32/><U63/><E134/><V69/><F128/><W122/><G122/><T108/><D108/><U71/><E47/><V99/><F37/><W110/><G110/><T90/><D30/><U96/><E8/><V115/><F115/><W135/><G135/><T3/><D3/><U25/><E71/><V116/><F116/><W84/><G77/><T92/><D92/><N who="1" m="58631" /><E29/><V48/><F69/><W26/><G26/><T78/><D78/><U68/><E68/><V87/><F10/><W14/><G6/><T33/><D33/><U95/><AGARI ba="0,0" hai="24,25,52,53,55,59,63,67,88,95,98" m="58631" machi="95" ten="30,6000,0" yaku="8,1,54,2" doraHai="13" who="1" fromWho="1" sc="180,-20,210,60,220,-20,390,-20" /><INIT seed="1,1,0,4,4,29" ten="160,270,200,370" oya="1" hai0="80,38,13,34,87,36,117,121,127,118,22,40,83" hai1="66,129,3,55,60,74,69,44,101,98,8,124,24" hai2="99,70,94,72,48,4,59,131,53,43,20,79,113" hai3="14,46,134,135,45,26,23,106,78,61,130,88,126"/><U112/><E112/><V67/><F113/><W63/><G126/><T96/><D40/><U128/><E74/><V81/><F131/><W19/><G130/><T11/><D127/><U21/><E124/><V116/><F116/><W71/><G78/><T108/><D108/><U10/><E10/><V47/><F4/><W90/><G106/><T52/><D121/><U54/><E54/><V89/><F20/><W9/><G134/><T37/><D22/><U104/><E8/><V57/><F70/><W93/><G90/><T7/><D83/><U110/><E3/><V97/><F67/><W123/><G123/><T133/><D96/><U5/><E5/><V32/><F57/><W76/><G76/><T122/><D133/><U39/><E110/><V73/><F99/><N who="3" m="57767" /><G71/><T25/><D122/><U56/><E44/><N who="3" m="17002" /><G135/><T91/><REACH who="0" step="1"/><D52/><REACH who="0" ten="150,270,200,370" step="2"/><U49/><REACH who="1" step="1"/><E39/><REACH who="1" ten="150,260,200,370" step="2"/><V31/><F43/><W95/><G95/><T92/><D92/><U51/><E51/><V115/><F47/><W68/><G9/><T120/><D120/><U6/><E6/><V58/><F115/><W65/><G61/><T2/><D2/><U50/><E50/><V75/><F48/><W111/><G111/><T107/><D107/><U100/><E100/><V114/><F114/><W86/><G63/><T42/><D42/><U16/><AGARI ba="1,2" hai="16,21,24,49,55,56,60,66,69,98,101,104,128,129" machi="16" ten="30,6000,0" yaku="1,1,0,1,54,1,53,0" doraHai="29" doraHaiUra="27" who="1" fromWho="1" sc="150,-21,260,83,200,-21,370,-21" /><INIT seed="1,2,0,3,5,49" ten="129,343,179,349" oya="1" hai0="41,84,72,104,89,83,5,125,15,101,91,95,32" hai1="12,16,37,33,96,135,94,69,126,59,86,52,21" hai2="60,121,107,65,19,122,134,40,7,109,34,120,57" hai3="43,108,87,9,68,8,102,13,63,28,20,66,29"/><U1/><E69/><V79/><F34/><W23/><G108/><T27/><D125/><U22/><E33/><V0/><F109/><W117/><G117/><T106/><D41/><U73/><E73/><V55/><F107/><W113/><G113/><T61/><D72/><U35/><E35/><V74/><F134/><W50/><G102/><T123/><D123/><U46/><E1/><V114/><F114/><W110/><G110/><T67/><D101/><U17/><E126/><V111/><F111/><W70/><G8/><T25/><D5/><U105/><E105/><V81/><F40/><W98/><G98/><T31/><D15/><U103/><E135/><V44/><F19/><W53/><G43/><T129/><D27/><U30/><E30/><V75/><F75/><W11/><G11/><T54/><D129/><U97/><E46/><V131/><F131/><W45/><G70/><T82/><D67/><U78/><E37/><V3/><REACH who="2" step="1"/><F7/><REACH who="2" ten="129,343,169,349" step="2"/><W77/><G28/><T42/><D42/><U88/><E103/><V6/><F6/><W85/><G29/><T58/><REACH who="0" step="1"/><D83/><REACH who="0" ten="119,343,169,349" step="2"/><U51/><E78/><V92/><F92/><W76/><G76/><T118/><D118/><U48/><E17/><V39/><F39/><W116/><G116/><T56/><D56/><N who="1" m="32775" /><E21/><V26/><F26/><W80/><REACH who="3" step="1"/><G87/><AGARI ba="2,2" hai="25,31,32,54,58,61,82,84,87,89,91,95,104,106" machi="87" ten="30,3900,0" yaku="1,1,7,1,52,1,53,0" doraHai="49" doraHaiUra="124" who="0" fromWho="3" sc="119,65,343,0,169,0,349,-45" /><INIT seed="2,0,0,2,2,115" ten="184,343,169,304" oya="2" hai0="102,86,113,118,88,134,127,75,85,54,87,109,101" hai1="131,92,73,36,79,74,51,2,59,1,98,126,42" hai2="29,61,91,31,70,37,80,41,71,16,64,106,60" hai3="104,124,58,49,78,100,110,48,8,96,95,129,120"/><V122/><F122/><W82/><G120/><T22/><D22/><U38/><E126/><V23/><F106/><W45/><G124/><T63/><D127/><U57/><E79/><V114/><F114/><W68/><G68/><T108/><D113/><U69/><E69/><V116/><F116/><W43/><G110/><N who="0" m="42603" /><D75/><N who="1" m="28683" /><E51/><V121/><F121/><W56/><G129/><T112/><D112/><U17/><E17/><V6/><F6/><W4/><G49/><T84/><D134/><U67/><E42/><V26/><F80/><W39/><G104/><T5/><D5/><U123/><E67/><V125/><F125/><W7/><G7/><T14/><D14/><U72/><E72/><V90/><F61/><W128/><G128/><T89/><D118/><U34/><E34/><V50/><F70/><W44/><G44/><T103/><N who="0" m="21504" /><DORA hai="3" /><T46/><D46/><U9/><E9/><V18/><F50/><W11/><G48/><T135/><D135/><U133/><E133/><V30/><REACH who="2" step="1"/><F18/><REACH who="2" ten="184,343,159,304" step="2"/><W83/><G83/><T28/><D28/><U93/><E131/><V55/><F55/><W53/><G53/><T40/><D40/><U81/><E123/><V13/><F13/><W35/><G4/><T111/><D111/><U77/><E81/><V132/><F132/><W119/><G119/><T33/><D33/><U47/><E2/><V94/><F94/><W15/><G35/><T25/><D25/><U130/><E1/><V105/><F105/><W21/><G15/><T27/><D27/><U19/><E130/><V24/><F24/><W107/><G107/><T12/><D12/><RYUUKYOKU ba="0,1" sc="184,15,343,-15,159,15,304,-15" hai0="54,63,88,89,101,102,103" hai2="16,23,26,29,30,31,37,41,60,64,71,90,91" /><INIT seed="2,1,1,2,5,129" ten="199,328,174,289" oya="2" hai0="115,64,46,45,114,71,34,116,20,105,29,91,119" hai1="127,80,83,93,30,87,32,79,67,90,10,77,73" hai2="3,124,69,47,76,41,113,97,72,27,38,40,37" hai3="102,4,75,135,94,31,112,63,131,111,48,6,61"/><V101/><F113/><N who="0" m="43018" /><D105/><U55/><E127/><V13/><F124/><W49/><G131/><T123/><D34/><U15/><E67/><V125/><F125/><W21/><G112/><T70/><D91/><U110/><E110/><V57/><F13/><W8/><G135/><T7/><D7/><N who="3" m="2601" /><G8/><T133/><D29/><U43/><E43/><V92/><F69/><N who="0" m="26122" /><D20/><U121/><E121/><V98/><F3/><W33/><G75/><T58/><D123/><U23/><E32/><V78/><F72/><W104/><G111/><T108/><D108/><U9/><E55/><V1/><F1/><W126/><G104/><T120/><D120/><U24/><E15/><V132/><F132/><W96/><G33/><T44/><D133/><U86/><AGARI ba="1,1" hai="9,10,23,24,30,73,77,79,80,83,86,87,90,93" machi="86" ten="20,1500,0" yaku="0,1,7,1" doraHai="129" who="1" fromWho="1" sc="199,-5,328,28,174,-8,289,-5" /><INIT seed="3,0,0,4,4,37" ten="194,356,166,284" oya="3" hai0="39,18,23,87,31,22,132,72,21,53,11,125,14" hai1="83,88,71,56,17,134,41,75,120,66,25,0,109" hai2="29,84,47,101,65,46,95,4,45,108,70,124,3" hai3="13,82,104,80,32,85,119,59,129,1,26,121,44"/><W6/><G119/><T90/><D72/><U27/><E71/><V93/><F108/><W77/><G121/><T94/><D39/><U96/><E0/><V74/><F74/><W112/><G112/><T48/><D132/><U2/><E2/><V63/><F124/><W36/><G104/><T107/><D107/><U5/><E5/><V52/><F3/><W116/><G116/><T73/><D73/><U91/><E120/><V103/><F4/><W122/><G13/><T64/><D125/><U60/><E109/><V19/><F29/><W30/><G122/><T79/><D64/><U100/><E41/><V58/><F19/><W40/><G129/><T10/><D79/><U67/><E67/><V110/><F110/><W123/><G123/><T126/><D126/><U128/><E134/><V34/><F34/><W97/><G97/><T86/><D86/><U49/><E49/><V9/><F9/><N who="0" m="3082" /><D31/><U78/><E128/><V43/><F43/><W131/><G1/><T114/><D114/><U76/><E76/><V42/><F42/><W12/><G6/><T99/><D99/><U111/><E111/><V62/><REACH who="2" step="1"/><F84/><REACH who="2" ten="194,356,156,284" step="2"/><W102/><G85/><T89/><D89/><U7/><E91/><V24/><F24/><W130/><G40/><T117/><D117/><U69/><E25/><V98/><F98/><W105/><G30/><T35/><D35/><U113/><E27/><V135/><F135/><W28/><G26/><T118/><D118/><U33/><E33/><V61/><F61/><W115/><G32/><T16/><D18/><U20/><E17/><V92/><AGARI ba="0,1" hai="45,46,47,52,58,62,63,65,70,92,93,95,101,103" machi="92" ten="30,7900,0" yaku="1,1,5,1,0,1,54,1,53,0" doraHai="37" doraHaiUra="68" who="2" fromWho="2" sc="194,-20,356,-20,156,89,284,-39" owari="174,-32.6,336,43.6,245,4.5,245,-15.5" /></mjloggm>