<mjloggm ver="2.3"><GO type="225" lobby="0"/><UN n0="%E3%83%8F%E3%83%B3%E3%83%89%E3%83%A9%E3%83%BC%E3%83%BB%E3%83%AF%E3%83%B3" n1="%33%74%72%65%65" n2="%E3%81%BE%E3%81%8B%E3%81%B7%E3%82%93" n3="%28%EF%BF%A3%E2%96%BD%EF%BF%A3%29%CE%B4%E2%8C%92%E3%83%BB" dan="17,16,16,16" rate="2179.86,2188.54,2068.38,2129.83" sx="M,F,M,M"/><TAIKYOKU oya="0"/><INIT seed="0,0,0,3,2,126" ten="250,250,250,250" oya="0" hai0="20,28,117,15,80,34,62,61,92,109,69,133,11" hai1="81,1,66,42,90,5,134,56,41,85,57,33,84" hai2="19,71,22,70,32,121,40,47,0,95,13,103,83" hai3="120,131,82,12,68,132,26,58,77,14,59,102,46"/><T25/><D117/><U6/><E134/><V43/><F32/><W54/><G68/><T122/><D122/><U2/><E33/><V9/><F121/><W115/><G120/><T100/><D133/><U29/><E81/><V128/><F40/><W31/><G132/><T10/><D109/><U104/><E66/><V75/><F128/><W118/><G118/><T125/><D125/><U78/><E90/><V98/><F75/><W110/><G115/><T17/><D80/><U106/><REACH who="1" step="1"/><E29/><REACH who="1" ten="250,240,250,250" step="2"/><V7/><REACH who="2" step="1"/><F83/><REACH who="2" ten="250,240,240,250" step="2"/><W135/><G135/><T99/><D34/><U21/><E21/><V52/><F52/><W72/><G54/><T44/><D20/><U36/><E36/><AGARI ba="0,2" hai="0,7,9,13,19,22,36,43,47,70,71,95,98,103" machi="36" ten="30,2000,0" yaku="1,1,7,1,53,0" doraHai="126" doraHaiUra="119" who="2" fromWho="1" sc="250,0,240,-20,240,40,250,0" /><INIT seed="1,0,0,1,4,126" ten="250,220,280,250" oya="1" hai0="86,111,130,58,25,46,91,26,61,40,98,105,8" hai1="41,13,102,134,122,36,48,60,112,117,132,64,18" hai2="45,63,32,99,27,96,57,128,70,67,125,62,21" hai3="56,135,76,5,44,28,54,103,93,94,47,129,20"/><U15/><E112/><V23/><F125/><W24/><G135/><N who="1" m="51754" /><E117/><V43/><F32/><W84/><G5/><T49/><D111/><U31/><E122/><V90/><F128/><W87/><G129/><T65/><D130/><U124/><E124/><V104/><F104/><W14/><G14/><T81/><D105/><U71/><E36/><V92/><F99/><N who="3" m="59887" /><G94/><N who="0" m="56671" /><D8/><N who="1" m="6439" /><E15/><V10/><F10/><W51/><G76/><AGARI ba="0,0" hai="25,26,40,46,49,58,61,65,76,81,86" m="56671" machi="76" ten="30,1000,0" yaku="8,1" doraHai="126" who="0" fromWho="3" sc="250,10,220,0,280,0,250,-10" /><INIT seed="2,0,0,3,2,26" ten="260,220,280,240" oya="2" hai0="58,101,110,32,2,93,30,118,23,121,75,38,82" hai1="98,29,126,72,115,104,94,46,89,69,78,119,81" hai2="24,49,92,76,97,41,52,21,132,19,62,68,77" hai3="133,83,87,57,31,0,65,96,27,18,71,80,14"/><V40/><F132/><W7/><G71/><T48/><D38/><U15/><E115/><V131/><F131/><W111/><G133/><T45/><D121/><U20/><E119/><V79/><F68/><W85/><G111/><T100/><D2/><U4/><E69/><V127/><F127/><W70/><G70/><T91/><D32/><U10/><E126/><V9/><F9/><W39/><G39/><T66/><D110/><U109/><E109/><V35/><F35/><W3/><G96/><T102/><D118/><U13/><E104/><V90/><REACH who="2" step="1"/><F62/><REACH who="2" ten="260,220,270,240" step="2"/><N who="3" m="38095" /><G0/><T113/><D113/><U56/><E10/><V34/><F34/><W33/><G83/><T128/><D82/><U17/><E81/><V105/><F105/><W108/><G80/><T60/><D128/><U5/><E72/><V86/><F86/><W28/><G108/><T117/><D75/><U44/><E78/><V1/><F1/><W12/><G3/><T67/><D117/><U8/><E8/><V25/><F25/><W51/><G33/><T47/><D60/><U134/><E134/><V50/><F50/><W103/><G51/><T107/><D48/><U112/><E112/><V53/><F53/><W123/><G27/><N who="0" m="16767" /><D107/><U88/><E15/><V55/><F55/><W74/><G14/><T125/><D125/><U135/><E135/><V64/><F64/><W73/><G12/><T130/><D130/><U43/><E13/><V16/><F16/><W37/><G18/><T42/><D66/><U59/><E17/><V36/><F36/><W63/><G37/><T6/><D67/><U22/><E4/><RYUUKYOKU ba="0,1" sc="260,-10,220,-10,270,30,240,-10" hai2="19,21,24,40,41,49,52,76,77,79,90,92,97" /><INIT seed="2,1,1,0,5,33" ten="250,210,300,230" oya="2" hai0="48,127,53,44,28,46,122,2,121,135,18,134,80" hai1="77,51,25,58,52,88,113,78,82,108,22,4,114" hai2="91,40,49,50,42,133,86,120,32,59,85,26,61" hai3="65,12,107,132,98,68,131,36,47,76,81,100,56"/><V1/><F120/><W84/><G132/><N who="0" m="50731" /><D127/><U87/><E108/><V110/><F133/><W63/><G131/><T119/><D119/><U105/><E105/><V39/><F110/><W102/><G102/><T70/><D70/><U69/><E69/><V45/><F42/><W21/><G36/><T103/><D28/><U62/><E4/><V13/><F86/><W20/><G47/><T3/><D103/><U99/><E51/><V71/><F71/><W38/><G38/><T96/><D96/><U7/><E7/><V129/><F129/><W112/><G112/><T130/><D130/><U126/><E126/><V79/><F79/><W24/><G12/><T66/><D66/><U92/><E78/><V19/><F1/><N who="0" m="10" /><D80/><U89/><E77/><V37/><F37/><W75/><G56/><N who="0" m="32807" /><D18/><AGARI ba="1,1" hai="18,22,25,52,58,62,82,87,88,89,92,99,113,114" machi="18" ten="30,8000,1" yaku="7,1,25,2,54,2" doraHai="33" who="1" fromWho="0" sc="250,-83,210,93,300,0,230,0" /><INIT seed="3,0,0,5,2,127" ten="167,303,300,230" oya="3" hai0="102,9,109,96,2,55,32,61,50,66,29,123,62" hai1="45,4,41,46,83,114,63,40,34,18,59,115,94" hai2="110,42,22,87,71,125,11,113,100,118,58,108,49" hai3="16,91,12,134,112,111,69,129,103,25,128,56,39"/><W20/><G69/><T37/><D123/><U51/><E34/><V15/><F113/><W35/><G112/><T105/><D109/><N who="2" m="42090" /><F118/><W73/><G39/><T48/><D37/><U92/><E4/><V93/><F125/><W27/><G111/><T43/><D43/><U132/><E132/><V47/><F71/><W97/><G73/><T44/><D50/><N who="1" m="26919" /><E115/><V133/><F133/><W126/><G126/><T38/><D38/><U81/><E18/><N who="2" m="8575" /><F22/><W77/><G77/><T1/><D9/><U30/><E30/><V82/><F58/><W0/><G0/><T79/><D79/><U75/><E75/><V57/><F57/><W8/><G134/><T107/><D107/><U124/><E114/><V13/><F13/><W67/><G91/><T6/><D6/><U64/><E124/><V54/><F42/><W65/><G35/><T52/><D55/><U116/><E116/><V28/><F28/><N who="3" m="17447" /><G27/><T86/><D86/><U19/><E19/><V21/><F21/><W72/><G72/><T106/><D106/><U26/><E26/><V119/><F119/><W68/><G68/><T80/><D80/><AGARI ba="0,0" hai="41,46,51,59,63,64,80,81,83,92,94" m="26919" machi="80" ten="30,1000,0" yaku="8,1" doraHai="127" who="1" fromWho="0" sc="167,-10,303,10,300,0,230,0" owari="157,-34.3,313,41.3,300,10.0,230,-17.0" /></mjloggm>