<mjloggm ver="2.3"><GO type="225" lobby="0"/><UN n0="%E3%81%8B%E3%82%8F%E3%81%A1%E3%82%83%E3%82%93%35%38" n1="%E6%A1%9C%E8%8A%B1%E9%96%83%E3%80%85" n2="%E6%97%A5%E6%9B%9C%E6%97%A5%E3%82%88%E3%82%8A%E3%81%AE%E4%BD%BF%E8%80%85" n3="%E3%81%A4%E3%81%A3%E3%81%B1%E3%82%8A%E3%83%9D%E3%83%BC%E3%83%AB" dan="16,16,16,17" rate="2142.77,2185.45,2090.85,2217.52" sx="M,M,M,M"/><TAIKYOKU oya="0"/><INIT seed="0,0,0,4,3,8" ten="250,250,250,250" oya="0" hai0="51,117,68,120,101,30,31,72,73,88,3,82,6" hai1="85,34,124,19,25,14,43,130,81,69,77,79,115" hai2="95,15,113,90,39,46,123,94,17,28,132,32,75" hai3="100,63,49,18,102,99,9,65,131,93,66,26,133"/><T103/><D68/><U125/><E69/><V126/><F113/><W114/><G114/><T48/><D117/><U86/><E115/><V29/><F75/><W64/><G133/><T58/><D120/><U16/><E43/><V134/><F123/><W70/><G131/><T59/><D6/><U60/><E130/><V24/><F29/><W5/><G102/><T97/><D3/><U62/><E25/><V27/><F27/><W2/><REACH who="3" step="1"/><G49/><REACH who="3" ten="250,250,250,240" step="2"/><T112/><D112/><U40/><E124/><V37/><F126/><W13/><G13/><T0/><D0/><U119/><E125/><V104/><F134/><W111/><G111/><T36/><D36/><U91/><E119/><V53/><F132/><W106/><G106/><T107/><D107/><U96/><E14/><V76/><F104/><W105/><G105/><T52/><D101/><U84/><E62/><V47/><F39/><W121/><G121/><T12/><D103/><U89/><E60/><V74/><F37/><W127/><G127/><T135/><D135/><U116/><E116/><V109/><F109/><W54/><G54/><N who="0" m="32071" /><D12/><U10/><E40/><V92/><F53/><W41/><G41/><T50/><D50/><U98/><E89/><V83/><REACH who="2" step="1"/><F90/><REACH who="2" ten="250,250,240,240" step="2"/><W1/><G1/><T23/><D88/><U4/><E91/><V129/><F129/><W45/><G45/><T56/><D52/><U108/><E108/><V20/><AGARI ba="0,2" hai="15,17,20,24,28,32,46,47,74,76,83,92,94,95" machi="20" ten="30,7900,0" yaku="1,1,0,1,52,1,53,1" doraHai="8" doraHaiUra="21" who="2" fromWho="2" sc="250,-39,250,-20,240,99,240,-20" /><INIT seed="1,0,0,1,2,6" ten="211,230,339,220" oya="1" hai0="134,21,114,19,15,117,127,49,88,100,104,42,52" hai1="95,20,118,115,0,124,108,28,60,48,2,131,78" hai2="103,91,12,70,65,113,14,26,75,5,110,81,29" hai3="126,23,7,92,97,9,79,16,33,106,50,1,25"/><U99/><E115/><V120/><F120/><W96/><G126/><T112/><D117/><U128/><E118/><V77/><F103/><W57/><G79/><T130/><D127/><U58/><E124/><V133/><F91/><W72/><G72/><T119/><D119/><U54/><E78/><V37/><F37/><W64/><G106/><T98/><D130/><N who="1" m="49707" /><E108/><V4/><F65/><W107/><G107/><T121/><D134/><U53/><E20/><V129/><F70/><W125/><G125/><T11/><D121/><U102/><E28/><V71/><F71/><W84/><G33/><T44/><D88/><U85/><E85/><V63/><F129/><W34/><G34/><T89/><D89/><U87/><E87/><V82/><F77/><W18/><G84/><T123/><D123/><U40/><E40/><V67/><F29/><N who="3" m="17599" /><G50/><T68/><D68/><U46/><AGARI ba="0,0" hai="0,2,46,48,53,54,58,60,95,99,102" m="49707" machi="46" ten="30,1500,0" yaku="19,1" doraHai="6" who="1" fromWho="1" sc="211,-5,230,15,339,-5,220,-5" /><INIT seed="1,1,0,5,3,109" ten="206,245,334,215" oya="1" hai0="132,16,10,49,52,61,1,31,17,115,9,90,66" hai1="37,83,74,129,24,65,63,98,111,71,86,48,50" hai2="40,23,84,45,26,112,64,57,87,69,78,55,29" hai3="104,38,75,53,42,131,68,102,51,6,19,73,92"/><U127/><E74/><V99/><F78/><W110/><G104/><T135/><D31/><U54/><E127/><V79/><F79/><W67/><G6/><N who="0" m="1231" /><D10/><U28/><E129/><V120/><F120/><W35/><G131/><T8/><D8/><U117/><E117/><V93/><F64/><W103/><G35/><T32/><D32/><U62/><E37/><V77/><F69/><W116/><G116/><T47/><D90/><U30/><E111/><V133/><F77/><W106/><G19/><T128/><D115/><U126/><E126/><V39/><F133/><N who="0" m="51274" /><D128/><U7/><E7/><V100/><F112/><W3/><G3/><T43/><D43/><U76/><E30/><V82/><F82/><W121/><G110/><T130/><D130/><U105/><E63/><AGARI ba="1,0" hai="23,26,29,39,40,45,55,57,63,84,87,93,99,100" machi="63" ten="30,1000,0" yaku="7,1" doraHai="109" who="2" fromWho="1" sc="206,0,245,-13,334,13,215,0" /><INIT seed="2,0,0,3,4,56" ten="206,232,347,215" oya="2" hai0="12,111,45,78,65,39,86,104,85,95,115,128,23" hai1="62,75,89,15,30,54,88,18,112,55,27,92,106" hai2="118,61,7,96,10,0,67,81,5,105,37,31,59" hai3="51,68,79,116,52,117,83,72,14,46,13,42,24"/><V110/><F118/><W127/><G127/><T133/><D115/><U93/><E106/><V74/><F37/><W17/><G68/><T97/><D104/><U6/><E75/><V132/><F132/><W125/><G125/><T22/><D133/><U58/><E6/><V129/><F31/><W50/><G24/><T60/><D111/><U47/><E112/><V102/><F7/><W33/><G33/><T21/><D128/><U16/><E30/><V49/><F129/><W113/><G113/><T98/><D12/><U26/><E47/><V135/><F135/><W119/><REACH who="3" step="1"/><G17/><REACH who="3" ten="206,232,347,205" step="2"/><T70/><D78/><U9/><E18/><V109/><F109/><W126/><G126/><T76/><D76/><U122/><E122/><V134/><F110/><W35/><G35/><T36/><D97/><N who="1" m="57479" /><E55/><V84/><F134/><W38/><G38/><T28/><D28/><U43/><E43/><V82/><F96/><AGARI ba="0,1" hai="9,15,16,26,27,54,58,62,89,93,96" m="57479" machi="96" ten="30,7700,0" yaku="8,1,52,1,54,2" doraHai="56" who="1" fromWho="2" sc="206,0,232,87,347,-77,205,0" /><INIT seed="3,0,0,1,0,53" ten="206,319,270,205" oya="3" hai0="1,88,17,42,30,121,54,7,102,86,116,74,50" hai1="131,66,13,134,111,57,129,58,91,20,51,114,43" hai2="25,49,126,19,2,23,46,4,127,125,99,130,35" hai3="76,28,100,36,92,75,90,70,135,56,62,73,5"/><W31/><G36/><T93/><D116/><U119/><E114/><V81/><F130/><N who="1" m="49673" /><E111/><V85/><F35/><W106/><G70/><T18/><D121/><U27/><E119/><V48/><F99/><N who="3" m="61727" /><G75/><T113/><D74/><U41/><E134/><V15/><F2/><W83/><G5/><T101/><D113/><U21/><E91/><V98/><F98/><W118/><G118/><T122/><D122/><U87/><E87/><V71/><F71/><W40/><G40/><N who="1" m="15434" /><E51/><V108/><F108/><W45/><G45/><T29/><D42/><U72/><E72/><V79/><F4/><W11/><G11/><T47/><D7/><U55/><E66/><V3/><F3/><W117/><G135/><T107/><D1/><U120/><E120/><V38/><F38/><W133/><G133/><T12/><D50/><N who="1" m="30967" /><E58/><V24/><F49/><W77/><G77/><T95/><D54/><AGARI ba="0,0" hai="15,19,23,24,25,46,48,54,79,81,85,125,126,127" machi="54" ten="40,1300,0" yaku="18,1" doraHai="53" who="2" fromWho="0" sc="206,-13,319,0,270,13,205,0" owari="193,-30.7,319,41.9,283,8.3,205,-19.5" /></mjloggm>