<mjloggm ver="2.3"><GO type="225" lobby="0"/><UN n0="%E5%A4%8F%E9%88%B4%E9%88%B4%E5%A4%8F" n1="%E3%81%B8%E3%82%80%E3%81%B8%E3%82%80%EF%BC%92%E5%8F%B7" n2="%E3%82%BC%E3%83%AB%E3%83%80%E3%81%AE%E4%BC%9D%E8%AA%AC" n3="%72%61%6B%33" dan="16,16,17,17" rate="2119.37,2122.80,2204.69,2126.82" sx="M,M,M,M"/><TAIKYOKU oya="0"/><INIT seed="0,0,0,0,1,109" ten="250,250,250,250" oya="0" hai0="28,111,82,78,102,135,90,31,6,51,62,74,65" hai1="77,23,96,115,41,24,107,92,21,95,126,132,73" hai2="49,112,125,30,97,14,46,47,42,114,118,86,36" hai3="60,69,2,98,70,54,58,12,59,134,53,100,7"/><T68/><D111/><U52/><E126/><V37/><F125/><W124/><G2/><T76/><D135/><U10/><E132/><V110/><F110/><W83/><G124/><T19/><D102/><U61/><E41/><V40/><F118/><W22/><G83/><T0/><D78/><U17/><E107/><V130/><F130/><W93/><G134/><T9/><D90/><U1/><E115/><V104/><F49/><W128/><G128/><T11/><REACH who="0" step="1"/><D51/><REACH who="0" ten="240,250,250,250" step="2"/><U38/><E77/><V81/><F112/><W91/><G100/><T8/><D8/><U71/><E73/><V87/><F114/><W15/><G91/><T117/><D117/><U99/><E10/><V35/><F37/><W26/><G93/><T39/><D39/><U101/><E38/><V55/><F36/><W4/><G98/><T119/><D119/><U43/><E95/><V45/><F97/><W5/><G70/><T64/><D64/><U103/><E99/><V34/><F104/><W25/><G69/><T16/><D16/><U63/><E103/><V120/><F81/><W88/><G88/><T84/><D84/><U106/><E106/><V13/><F86/><W133/><G133/><T29/><D29/><U66/><E92/><V127/><F30/><W72/><G72/><T33/><D33/><U27/><E96/><V122/><F87/><W80/><G80/><T105/><D105/><U56/><E101/><V89/><F127/><W32/><G32/><T123/><D123/><U94/><E94/><V75/><F75/><W129/><G129/><T116/><D116/><U50/><E17/><RYUUKYOKU ba="0,1" sc="240,30,250,-10,250,-10,250,-10" hai0="0,6,9,11,19,28,31,62,65,68,74,76,82" /><INIT seed="0,1,1,2,0,64" ten="270,240,240,240" oya="0" hai0="91,76,120,77,125,126,90,48,82,28,89,22,34" hai1="87,25,78,111,66,2,105,47,30,8,103,121,108" hai2="112,81,60,45,26,132,83,39,95,128,130,134,65" hai3="11,9,104,58,131,122,101,41,116,63,15,70,85"/><T27/><D120/><U57/><E121/><V62/><F95/><W75/><G122/><T129/><D129/><N who="2" m="49770" /><F26/><W17/><G131/><T1/><D1/><U14/><E2/><V67/><F83/><W80/><G116/><T56/><D34/><U29/><E47/><V117/><F81/><W12/><G75/><T16/><D28/><U113/><E113/><V40/><F112/><W18/><G41/><T135/><D135/><N who="2" m="51754" /><F117/><W124/><G124/><N who="0" m="47723" /><D82/><U46/><E87/><V21/><F21/><W19/><G70/><T106/><D106/><U43/><E78/><V74/><F74/><W96/><G11/><T55/><AGARI ba="1,1" hai="16,22,27,48,55,56,76,77,89,90,91" m="47723" machi="55" ten="40,3900,0" yaku="18,1,54,1" doraHai="64" who="0" fromWho="0" sc="270,52,240,-14,240,-14,240,-14" /><INIT seed="0,2,0,1,1,53" ten="322,226,226,226" oya="0" hai0="42,76,59,71,115,77,36,27,56,62,37,39,4" hai1="97,6,14,3,112,68,23,51,96,118,93,84,38" hai2="94,69,83,108,60,127,107,79,33,10,101,25,61" hai3="104,102,41,90,9,54,78,120,34,44,18,91,52"/><T131/><D4/><U85/><E118/><V46/><F108/><W110/><G110/><T24/><D115/><U129/><E38/><V16/><F127/><W86/><G34/><T63/><D71/><U17/><E68/><V80/><F107/><W30/><G30/><T72/><D42/><U125/><E112/><V74/><F69/><W67/><G67/><T105/><D105/><U117/><E117/><V122/><F122/><W88/><G120/><T135/><D135/><U43/><E125/><V64/><F46/><W113/><G113/><T116/><D116/><U106/><E106/><V2/><F83/><N who="3" m="47479" /><G102/><T55/><D131/><U1/><E129/><V82/><F82/><W31/><G31/><T124/><D124/><U109/><E109/><V19/><F33/><W65/><G65/><T89/><D89/><U28/><E28/><V73/><F73/><W121/><G121/><T133/><D133/><U21/><E21/><V11/><F2/><W95/><G95/><T12/><D72/><U99/><E93/><V40/><F40/><W87/><G87/><N who="1" m="33354" /><E1/><V98/><F25/><N who="0" m="9802" /><D12/><U8/><E3/><V35/><F35/><W134/><G134/><T126/><D126/><U130/><E130/><V26/><F26/><W119/><G119/><T92/><D92/><U0/><E0/><V100/><F100/><W22/><G104/><T50/><D63/><N who="2" m="24138" /><F64/><W58/><G90/><T20/><D20/><U114/><E114/><V75/><F75/><W13/><G22/><T45/><D62/><U70/><E70/><V111/><F111/><W57/><G91/><T48/><D48/><RYUUKYOKU ba="2,0" sc="322,15,226,-15,226,15,226,-15" hai0="36,37,39,45,50,55,56,59,76,77" hai2="10,11,16,19,74,79,80,94,98,101" /><INIT seed="0,3,0,5,0,73" ten="337,211,241,211" oya="0" hai0="70,94,35,89,0,87,23,2,33,37,26,13,98" hai1="71,21,96,130,75,24,39,48,97,66,124,83,3" hai2="114,38,53,131,117,56,46,112,78,64,36,51,103" hai3="134,106,5,90,104,105,88,52,111,84,72,15,125"/><T1/><D37/><N who="2" m="14442" /><F78/><W110/><G72/><T20/><D70/><U44/><E3/><V65/><F103/><W67/><G67/><N who="2" m="25673" /><F131/><W133/><G125/><T92/><D13/><U62/><E124/><V42/><F117/><W85/><G52/><T93/><D23/><U68/><E130/><V40/><F114/><W76/><G15/><T8/><D8/><U127/><E39/><N who="2" m="21791" /><F112/><W14/><G14/><T100/><D93/><U86/><E75/><V43/><AGARI ba="3,0" hai="42,43,51,53,56" m="21791,25673,14442" machi="43" ten="30,8000,1" yaku="35,5" doraHai="73" who="2" fromWho="2" sc="337,-43,211,-23,241,89,211,-23" /><INIT seed="1,0,0,2,0,75" ten="294,188,330,188" oya="1" hai0="43,22,45,105,88,39,2,77,0,15,72,103,62" hai1="13,110,129,49,48,81,31,131,27,99,59,42,126" hai2="127,111,23,132,97,98,34,71,57,89,61,66,17" hai3="35,44,78,80,55,101,40,125,51,104,74,1,50"/><U9/><E126/><V117/><F117/><W26/><G125/><T102/><D62/><U116/><E116/><V41/><F127/><W96/><G1/><T29/><D88/><U69/><E69/><V11/><F34/><W92/><G35/><T24/><D15/><U63/><E99/><V91/><F111/><W100/><G26/><T130/><D130/><N who="1" m="49675" /><E81/><V94/><F132/><W46/><REACH who="3" step="1"/><G104/><REACH who="3" ten="294,188,330,178" step="2"/><T25/><D25/><U33/><E110/><V67/><F71/><W133/><G133/><T19/><D105/><U90/><E42/><V128/><F41/><W38/><G38/><T10/><D39/><U73/><E73/><V120/><F128/><W21/><G21/><T112/><D22/><U7/><E90/><AGARI ba="0,1" hai="40,44,46,50,51,55,74,78,80,90,92,96,100,101" machi="90" ten="30,3900,0" yaku="1,1,7,1,52,1,53,0" doraHai="75" doraHaiUra="108" who="3" fromWho="1" sc="294,0,188,-39,330,0,178,49" /><INIT seed="2,0,0,2,2,90" ten="294,149,330,227" oya="2" hai0="50,35,12,124,87,113,100,65,116,95,56,99,39" hai1="126,46,67,19,76,118,0,27,79,17,62,61,97" hai2="43,94,115,107,24,45,1,78,9,73,18,83,125" hai3="114,77,7,69,104,58,129,44,92,64,16,103,34"/><V20/><F115/><W131/><G114/><T111/><D39/><U31/><E118/><V91/><F125/><W36/><G34/><T122/><D113/><U51/><E0/><V28/><F107/><W82/><G104/><T52/><D122/><U33/><E126/><V109/><F109/><W75/><G69/><T68/><D124/><U54/><E61/><V108/><F108/><W49/><G7/><T110/><D35/><U30/><E30/><V120/><F120/><W42/><G64/><T71/><D116/><U26/><E26/><V57/><F57/><W132/><G132/><T21/><D71/><U63/><E63/><V74/><F74/><W133/><G133/><T5/><D68/><U135/><E135/><V47/><F43/><W123/><G123/><T14/><D65/><U81/><E79/><V89/><F89/><W37/><G16/><N who="0" m="10375" /><D87/><U25/><E25/><V4/><REACH who="2" step="1"/><F28/><REACH who="2" ten="294,149,320,227" step="2"/><W80/><G58/><T11/><D110/><U105/><E67/><V40/><F40/><W23/><G42/><T38/><D111/><U85/><E62/><V112/><F112/><W70/><G70/><T15/><D38/><U84/><E84/><AGARI ba="0,1" hai="1,4,9,18,20,24,45,47,73,78,83,84,91,94" machi="84" ten="30,5800,0" yaku="1,1,7,1,52,1,53,0" doraHai="90" doraHaiUra="117" who="2" fromWho="1" sc="294,0,149,-58,320,68,227,0" /><INIT seed="2,1,0,4,1,128" ten="294,91,388,227" oya="2" hai0="49,60,114,129,99,76,125,107,36,44,40,47,80" hai1="78,21,87,134,37,53,123,10,95,8,81,98,12" hai2="54,116,77,67,91,24,85,126,28,109,133,103,73" hai3="92,4,46,42,69,38,89,9,121,111,29,112,84"/><V101/><F116/><W122/><G111/><T72/><D114/><U74/><E37/><V127/><F67/><W61/><G112/><T55/><D129/><U62/><E123/><V130/><F130/><W35/><G29/><T34/><D34/><U131/><E131/><V27/><F54/><W94/><G35/><T33/><D33/><U19/><E74/><V57/><F57/><W26/><G26/><T25/><D125/><N who="2" m="47626" /><F109/><W31/><G31/><T118/><D118/><U30/><E30/><V104/><F77/><W97/><G61/><T18/><D60/><U39/><E39/><V96/><F103/><W52/><G69/><T48/><D36/><U66/><E53/><V23/><F27/><W6/><G52/><T90/><D25/><U3/><E3/><V45/><F45/><W58/><G58/><T51/><D51/><U0/><E0/><V93/><F73/><W16/><G122/><T13/><D90/><U59/><REACH who="1" step="1"/><E134/><AGARI ba="1,0" hai="23,24,28,85,91,93,96,101,104,133,134" m="47626" machi="134" ten="30,5800,0" yaku="18,1,52,2" doraHai="128" who="2" fromWho="1" sc="294,0,91,-61,388,61,227,0" /><INIT seed="2,2,0,0,1,73" ten="294,30,449,227" oya="2" hai0="127,0,4,55,74,19,77,134,53,101,58,17,48" hai1="82,30,113,5,2,11,64,39,100,88,84,111,122" hai2="133,110,89,94,90,68,21,40,129,93,120,63,131" hai3="83,35,62,23,36,97,125,123,59,10,49,104,87"/><V107/><F120/><W37/><G35/><T6/><D134/><U80/><E113/><V66/><F107/><W124/><G123/><T14/><D127/><U33/><E111/><V98/><F133/><W60/><G49/><T126/><D126/><U27/><E122/><V7/><F110/><W34/><G34/><T102/><D0/><U24/><E39/><V13/><F40/><W12/><G23/><T26/><D26/><U117/><E117/><V15/><F7/><N who="0" m="2602" /><D77/><U78/><E64/><V135/><F135/><W92/><G104/><T43/><D74/><U67/><E67/><V20/><F20/><W91/><G125/><T46/><D19/><U116/><E116/><V50/><F50/><W114/><G60/><N who="0" m="35919" /><D55/><U25/><REACH who="1" step="1"/><E100/><REACH who="1" ten="294,20,449,227" step="2"/><V99/><F66/><W72/><G114/><T130/><D130/><U41/><E41/><V3/><F129/><W28/><G36/><T105/><D105/><U52/><E52/><V29/><F131/><W86/><G37/><T71/><D71/><U118/><E118/><V9/><F68/><W119/><G119/><T16/><D101/><U31/><E31/><V112/><F29/><W96/><G28/><T128/><D102/><U81/><E81/><V115/><F115/><W69/><G69/><T79/><D128/><U103/><E103/><V54/><F112/><W8/><G83/><T44/><D43/><U61/><E61/><V45/><F63/><W51/><G62/><T76/><D48/><U18/><E18/><V56/><F54/><W32/><G124/><T57/><D17/><U42/><E42/><V109/><F109/><RYUUKYOKU ba="2,1" sc="294,-10,20,30,449,-10,227,-10" hai1="2,5,11,24,25,27,30,33,78,80,82,84,88" /><INIT seed="3,3,1,2,4,99" ten="284,50,439,217" oya="3" hai0="29,96,112,135,49,19,3,67,111,31,37,103,124" hai1="20,52,95,78,35,1,110,128,84,126,119,17,97" hai2="74,81,62,116,69,54,32,70,60,65,134,87,71" hai3="4,36,108,11,114,8,79,51,101,61,13,107,7"/><W72/><G114/><T80/><D37/><U117/><E110/><V105/><F116/><W106/><G36/><T33/><D3/><U40/><E35/><V120/><F74/><W34/><G34/><T39/><D39/><U129/><E40/><V91/><F134/><W123/><G123/><T9/><D33/><U92/><E1/><V45/><F120/><W0/><G108/><T86/><D111/><U15/><E126/><V59/><F32/><W18/><G51/><T66/><D135/><U43/><E43/><V125/><F105/><W44/><G44/><T132/><D132/><U113/><E113/><V127/><REACH who="2" step="1"/><F45/><REACH who="2" ten="284,50,429,217" step="2"/><W109/><G109/><T82/><D112/><U55/><E117/><V118/><F118/><W121/><G121/><T98/><D124/><AGARI ba="3,2" hai="54,59,60,62,65,69,70,71,81,87,91,124,125,127" machi="124" ten="40,2600,0" yaku="1,1,18,1,53,0" doraHai="99" doraHaiUra="89" who="2" fromWho="0" sc="284,-35,50,0,429,55,217,0" owari="249,4.9,50,-45.0,484,58.4,217,-18.3" /></mjloggm>