<mjloggm ver="2.3"><GO type="225" lobby="0"/><UN n0="%72%61%6B%33" n1="%33%74%72%65%65" n2="%72%69%6F%75%63%68%61%6E" n3="%61%69%73%79%6F" dan="17,16,16,17" rate="2175.42,2153.62,2190.00,2258.06" sx="M,F,M,M"/><TAIKYOKU oya="0"/><INIT seed="0,0,0,3,3,98" ten="250,250,250,250" oya="0" hai0="58,48,89,97,95,28,9,23,45,71,33,26,121" hai1="115,24,35,55,94,37,8,7,54,46,133,56,122" hai2="36,90,110,66,85,22,11,60,93,104,134,18,84" hai3="14,42,83,124,102,15,57,43,96,10,118,53,40"/><T2/><D121/><U38/><E122/><V61/><F110/><W12/><G124/><T120/><D120/><U135/><E94/><V41/><F134/><N who="1" m="51209" /><E24/><V47/><F104/><W105/><G83/><T65/><D71/><U100/><E35/><V13/><F85/><W128/><G128/><T130/><D130/><U67/><E100/><V91/><F91/><W4/><REACH who="3" step="1"/><G118/><REACH who="3" ten="250,250,250,240" step="2"/><T39/><D39/><U63/><E115/><V49/><F36/><N who="1" m="13929" /><E46/><V108/><F108/><W16/><G16/><T30/><D45/><U132/><E132/><V1/><F47/><W87/><G87/><T131/><D131/><U123/><E123/><V114/><F84/><W51/><AGARI ba="0,1" hai="4,10,12,14,15,40,42,43,51,53,57,96,102,105" machi="51" ten="30,4000,0" yaku="1,1,0,1,52,1,53,0" doraHai="98" doraHaiUra="34" who="3" fromWho="3" sc="250,-20,250,-10,250,-10,240,50" /><INIT seed="1,0,0,0,0,67" ten="230,240,240,290" oya="1" hai0="117,106,62,34,61,21,65,14,24,32,131,36,56" hai1="22,70,96,71,27,86,11,10,118,94,121,77,97" hai2="50,128,132,90,13,112,78,18,116,124,88,98,84" hai3="6,102,46,119,93,129,17,35,125,45,133,41,105"/><U9/><E118/><V47/><F124/><W89/><G35/><T25/><D117/><U100/><E121/><V120/><F120/><W85/><G133/><T80/><D36/><U81/><REACH who="1" step="1"/><E96/><REACH who="1" ten="230,230,240,290" step="2"/><V51/><F116/><W101/><G119/><T92/><D131/><U99/><E99/><V54/><F128/><W48/><G129/><T66/><D32/><U7/><E7/><V0/><F132/><W114/><G6/><T19/><D34/><U127/><E127/><V1/><F98/><W104/><G125/><T134/><D134/><U95/><E95/><V59/><F0/><W20/><G114/><T135/><D135/><U39/><E39/><V76/><F1/><W5/><G5/><T12/><D92/><U108/><E108/><V43/><F112/><W115/><G115/><T83/><D106/><U33/><E33/><V130/><F130/><W87/><G105/><T73/><D73/><U79/><E79/><N who="2" m="30251" /><F84/><W103/><G104/><T3/><D3/><U122/><E122/><V72/><F72/><W4/><G4/><T123/><D123/><U15/><E15/><V111/><F111/><W49/><G87/><T57/><D12/><U31/><AGARI ba="0,1" hai="9,10,11,22,27,31,70,71,77,81,86,94,97,100" machi="31" ten="30,11700,0" yaku="1,1,0,1,52,2,53,0" doraHai="67" doraHaiUra="8" who="1" fromWho="1" sc="230,-39,230,127,240,-39,290,-39" /><INIT seed="1,1,0,2,2,116" ten="191,357,201,251" oya="1" hai0="133,40,7,87,12,63,122,0,23,33,108,55,107" hai1="97,99,81,109,1,89,44,67,19,82,26,36,53" hai2="72,2,11,68,32,14,25,100,50,134,52,59,76" hai3="16,117,65,41,45,129,95,118,114,47,85,28,71"/><U79/><E1/><V121/><F121/><W10/><G114/><T123/><D108/><U31/><E109/><V126/><F126/><W22/><G28/><T30/><D133/><U75/><E67/><V56/><F134/><W106/><G106/><T48/><D107/><U86/><E19/><V94/><F68/><W135/><G129/><T112/><D112/><U78/><E78/><V127/><F127/><W70/><G10/><T131/><D131/><U69/><E69/><V61/><F2/><W34/><G47/><T91/><D63/><U5/><E5/><V66/><F72/><W17/><G34/><T115/><D40/><U132/><E132/><V9/><F76/><W77/><G17/><N who="0" m="10663" /><D115/><U103/><E103/><V73/><F73/><W74/><G65/><T24/><D7/><U125/><E125/><V120/><F120/><N who="0" m="46122" /><D0/><U49/><E36/><V84/><F14/><N who="3" m="9495" /><G135/><T42/><D42/><U90/><E90/><N who="2" m="53575" /><F100/><W83/><G71/><T46/><D91/><U101/><E101/><V54/><F66/><W60/><G70/><T18/><D18/><U51/><E51/><V20/><F32/><AGARI ba="1,0" hai="26,31,32,44,49,53,75,79,81,82,86,89,97,99" machi="32" ten="30,1500,0" yaku="7,1" doraHai="116" who="1" fromWho="2" sc="191,0,357,18,201,-18,251,0" /><INIT seed="1,2,0,5,0,28" ten="191,375,183,251" oya="1" hai0="110,41,46,37,59,102,118,56,120,91,111,24,121" hai1="129,53,101,86,103,42,67,23,122,93,25,43,36" hai2="15,11,126,68,133,76,18,116,20,114,135,132,60" hai3="71,119,44,14,100,57,98,30,50,7,85,84,124"/><U55/><E122/><N who="0" m="47209" /><D102/><N who="1" m="38923" /><E36/><V22/><F116/><W66/><G124/><T21/><D91/><N who="1" m="53495" /><E67/><N who="2" m="41063" /><F126/><W83/><G71/><T88/><D88/><U104/><E104/><V17/><F114/><W58/><G119/><T112/><D118/><U10/><E10/><N who="2" m="6391" /><F76/><W128/><G84/><T4/><D4/><U1/><E129/><V27/><F20/><W49/><G66/><T31/><D112/><U72/><E72/><V82/><F82/><W78/><G128/><T73/><D73/><U16/><E1/><V90/><F90/><W40/><G7/><T8/><D8/><AGARI ba="2,0" hai="8,11,18,22,27,132,133,135" m="6391,41063" machi="8" ten="30,1000,0" yaku="20,1" doraHai="28" who="2" fromWho="0" sc="191,-16,375,0,183,16,251,0" /><INIT seed="2,0,0,0,1,121" ten="175,375,199,251" oya="2" hai0="114,71,4,17,1,13,110,61,58,103,20,128,102" hai1="10,30,25,132,41,95,118,116,51,32,59,135,27" hai2="44,111,28,3,125,78,106,97,126,48,49,56,11" hai3="74,22,107,40,5,101,120,46,19,104,64,124,12"/><V60/><F111/><W47/><G120/><T90/><D114/><U66/><E27/><V15/><F3/><W85/><G74/><T130/><D71/><U79/><E79/><V53/><F28/><W29/><G64/><T75/><D75/><U33/><E33/><V55/><F78/><W82/><G46/><T115/><D115/><U100/><E10/><V62/><F106/><W38/><G124/><N who="2" m="47721" /><F97/><W93/><G5/><AGARI ba="0,0" hai="5,11,15,44,48,49,53,55,56,60,62" m="47721" machi="5" ten="30,1500,0" yaku="18,1" doraHai="121" who="2" fromWho="3" sc="175,0,375,0,199,15,251,-15" /><INIT seed="2,1,0,5,3,67" ten="175,375,214,236" oya="2" hai0="106,11,57,25,21,63,30,131,65,27,12,42,130" hai1="95,111,83,77,100,0,37,62,75,121,68,1,87" hai2="116,91,5,23,128,56,120,44,14,50,59,28,125" hai3="31,79,110,60,129,17,109,126,3,85,107,113,92"/><V117/><F120/><W96/><G3/><T69/><D106/><U122/><E111/><N who="3" m="42506" /><G31/><T101/><D101/><U90/><E37/><V7/><F125/><W47/><G17/><T118/><D118/><U26/><E26/><N who="2" m="16479" /><F116/><W38/><G129/><T35/><D42/><U93/><E100/><V82/><F117/><W88/><G126/><T48/><D48/><U13/><E95/><V53/><F128/><W45/><G113/><T49/><D49/><U6/><E13/><V41/><F14/><W32/><G32/><T72/><D72/><U94/><E94/><V18/><F18/><W103/><G38/><T4/><REACH who="0" step="1"/><D57/><REACH who="0" ten="165,375,214,236" step="2"/><N who="2" m="22090" /><F41/><W70/><G45/><T104/><D104/><U10/><E121/><V71/><F71/><W40/><G47/><T81/><D81/><U34/><E122/><V20/><F82/><N who="3" m="47327" /><G40/><T73/><D73/><U97/><E75/><V98/><F50/><W108/><G108/><T99/><D99/><U124/><E124/><V55/><F44/><W46/><G46/><T105/><D105/><U135/><E97/><V58/><F58/><W33/><G107/><T123/><D123/><U22/><E68/><V84/><F98/><W78/><G103/><T134/><D134/><U39/><E135/><V74/><F74/><W36/><G36/><T52/><D52/><N who="2" m="20042" /><F84/><W54/><G54/><T76/><D76/><U119/><E87/><V19/><F91/><W2/><G78/><T133/><D133/><U132/><E90/><V89/><F89/><W29/><G70/><T66/><D66/><U9/><E132/><V80/><F80/><W15/><G96/><RYUUKYOKU ba="1,1" sc="165,15,375,-15,214,15,236,-15" hai0="4,11,12,21,25,27,30,35,63,65,69,130,131" hai2="5,7,19,20" /><INIT seed="2,2,1,0,5,46" ten="180,360,229,221" oya="2" hai0="67,24,122,79,70,105,27,92,118,135,21,64,40" hai1="35,49,90,83,30,6,113,133,88,97,132,51,77" hai2="123,130,61,16,43,81,95,53,65,115,93,63,100" hai3="89,72,68,87,50,73,25,134,75,17,76,42,60"/><V39/><F115/><W41/><G134/><N who="1" m="51818" /><E113/><V112/><F112/><W37/><G37/><T128/><D135/><U47/><E6/><V108/><F123/><W57/><G76/><T126/><D105/><U96/><E30/><V111/><F130/><W26/><G68/><T86/><D122/><U107/><E35/><V71/><F81/><W74/><G74/><T52/><D128/><U119/><E119/><V117/><F117/><W10/><G10/><T85/><D126/><U125/><E125/><V0/><F0/><W7/><G7/><T36/><D118/><U80/><E80/><V58/><F100/><W5/><G5/><T59/><D70/><U38/><E38/><V84/><F84/><W44/><G41/><T99/><D40/><N who="1" m="24807" /><E51/><V98/><F43/><W19/><G19/><T102/><D36/><U22/><E22/><V103/><F39/><W20/><G25/><N who="0" m="9803" /><D21/><U94/><E107/><V11/><REACH who="2" step="1"/><F93/><REACH who="2" ten="180,360,219,221" step="2"/><W56/><G73/><T13/><D85/><N who="1" m="48367" /><E96/><V31/><F31/><W3/><G3/><T34/><D86/><U106/><E106/><V2/><F2/><W15/><G75/><T110/><D99/><U48/><E97/><V101/><F101/><W82/><G72/><T54/><D102/><U124/><E94/><V78/><F78/><W45/><G82/><T127/><D79/><U91/><E124/><V14/><AGARI ba="2,2" hai="11,14,16,53,58,61,63,65,71,95,98,103,108,111" machi="14" ten="30,6000,0" yaku="1,1,0,1,54,1,53,0" doraHai="46" doraHaiUra="33" who="2" fromWho="2" sc="180,-22,360,-22,219,86,221,-22" /><INIT seed="2,3,0,4,0,89" ten="158,338,305,199" oya="2" hai0="62,125,12,3,126,29,67,6,118,42,11,20,86" hai1="72,32,105,38,109,88,14,66,123,127,71,43,13" hai2="37,83,116,26,77,7,41,27,51,124,113,68,108" hai3="23,84,121,65,131,130,58,114,90,49,87,107,60"/><V76/><F113/><W18/><G121/><T99/><D118/><U48/><E105/><V52/><F116/><W96/><G114/><T103/><D42/><U24/><E72/><V81/><F124/><W69/><G107/><T40/><D40/><U82/><E38/><V1/><F68/><W85/><G96/><T101/><D86/><N who="1" m="50263" /><E71/><V25/><F108/><W100/><G100/><T28/><D103/><U10/><E32/><V132/><F132/><W70/><G90/><T110/><D110/><U56/><E109/><V75/><F41/><W128/><REACH who="3" step="1"/><G49/><REACH who="3" ten="158,338,305,189" step="2"/><T80/><D99/><U34/><E48/><V5/><F37/><W112/><G112/><T47/><D101/><U117/><E123/><V129/><F129/><W115/><G115/><T17/><D80/><U93/><E117/><V74/><REACH who="2" step="1"/><F1/><REACH who="2" ten="158,338,295,189" step="2"/><W35/><G35/><T39/><D39/><U106/><E34/><V59/><AGARI ba="3,2" hai="5,7,25,26,27,51,52,59,74,75,76,77,81,83" machi="59" ten="30,12000,1" yaku="1,1,2,1,0,1,9,1,54,1,53,0" doraHai="89" doraHaiUra="33" who="2" fromWho="2" sc="158,-43,338,-43,295,149,189,-43" /><INIT seed="2,4,0,3,5,44" ten="115,295,444,146" oya="2" hai0="59,32,101,106,122,111,4,75,17,103,131,45,12" hai1="55,37,98,69,124,110,11,81,72,90,94,125,38" hai2="97,127,16,82,78,51,43,91,18,56,128,79,8" hai3="46,65,134,116,117,126,119,31,68,5,26,107,62"/><V49/><F127/><N who="1" m="48713" /><E69/><V129/><F43/><W120/><G126/><T130/><D122/><U35/><E35/><V41/><F41/><W40/><G134/><T73/><D32/><U54/><E11/><V99/><F56/><W80/><G80/><T60/><D4/><U133/><E133/><V7/><F91/><W24/><G24/><T53/><D111/><U29/><E29/><V57/><F57/><W3/><G107/><T112/><D112/><U2/><E2/><V1/><F82/><W21/><G120/><T39/><D75/><U47/><E110/><V22/><F22/><W71/><G71/><T77/><D73/><U9/><E9/><V113/><F113/><W109/><G109/><T66/><D77/><N who="2" m="29194" /><F97/><W36/><G3/><T52/><D39/><N who="1" m="14859" /><E72/><V105/><F99/><W28/><REACH who="3" step="1"/><G5/><REACH who="3" ten="115,295,444,136" step="2"/><T102/><D106/><U115/><E115/><V76/><F105/><W100/><G100/><T88/><D102/><U23/><E81/><V63/><F7/><W20/><G20/><T86/><D103/><U33/><E23/><V93/><F1/><W13/><G13/><T34/><D101/><U95/><E33/><V84/><F8/><W48/><G48/><N who="2" m="18505" /><F63/><W70/><G70/><T108/><D108/><U0/><E0/><V118/><F118/><W74/><G74/><T14/><D34/><U25/><E94/><V114/><F114/><W104/><G104/><T58/><D60/><U15/><E95/><V121/><F121/><W61/><G61/><T42/><D12/><U123/><E15/><V85/><F93/><W27/><G27/><T6/><D6/><RYUUKYOKU ba="4,1" sc="115,-10,295,-10,444,-10,136,30" hai3="21,26,28,31,36,40,46,62,65,68,116,117,119" /><INIT seed="3,5,1,5,4,130" ten="105,285,434,166" oya="3" hai0="61,0,57,47,114,90,42,44,76,32,110,8,26" hai1="111,5,82,3,9,59,135,67,131,27,13,7,48" hai2="28,50,4,100,117,6,113,119,101,80,120,77,52" hai3="129,112,105,118,11,85,78,54,97,91,124,20,132"/><W69/><G69/><T55/><D110/><U87/><E111/><V93/><F113/><W19/><G112/><T51/><D114/><U41/><E131/><V95/><F28/><W134/><G78/><T46/><D76/><U84/><E135/><N who="3" m="51754" /><G124/><T133/><D133/><U14/><E27/><V2/><F77/><W56/><G129/><T127/><D127/><U53/><E67/><V72/><F119/><W39/><G39/><T107/><D107/><U49/><E3/><V15/><F2/><W88/><G11/><T103/><D103/><U22/><E5/><V10/><F4/><W96/><G88/><T99/><D0/><U23/><E82/><V45/><F80/><W81/><G105/><T18/><D32/><U40/><E9/><V63/><F10/><W92/><G81/><T38/><D38/><U94/><E94/><V106/><F93/><W17/><G17/><T79/><D79/><U1/><E7/><V24/><F6/><W34/><G34/><T126/><D126/><U12/><E1/><V68/><F95/><W74/><G74/><T128/><D128/><U73/><E73/><V25/><F72/><W125/><G118/><T21/><D8/><U58/><E22/><V109/><F117/><W31/><G31/><T98/><D98/><U66/><E23/><V122/><F106/><W35/><G35/><T108/><D108/><U116/><E116/><V70/><F109/><W30/><G30/><T29/><D29/><U60/><E87/><V83/><F70/><W16/><G97/><T65/><D65/><U62/><E84/><V43/><F68/><RYUUKYOKU ba="5,1" sc="105,15,285,15,434,-15,166,-15" hai0="18,21,26,42,44,46,47,51,55,57,61,90,99" hai1="12,13,14,40,41,48,49,53,58,59,60,62,66" owari="120,-38.0,300,10.0,429,52.9,151,-24.9" /></mjloggm>