<mjloggm ver="2.3"><GO type="225" lobby="0"/><UN n0="%E8%B6%85%E7%B4%9A%E9%B3%B3%E5%87%B0" n1="%E3%82%BC%E3%83%AB%E3%83%80%E3%81%AE%E4%BC%9D%E8%AA%AC" n2="%E3%81%BF%E3%81%BF%E3%81%9A" n3="%72%65%6E%6B%75%6E" dan="17,17,17,17" rate="2185.97,2178.68,2275.83,2221.29" sx="M,M,M,M"/><TAIKYOKU oya="0"/><INIT seed="0,0,0,1,4,24" ten="250,250,250,250" oya="0" hai0="10,74,65,52,91,19,34,113,8,76,89,12,97" hai1="63,99,2,98,14,109,135,130,23,46,77,70,79" hai2="1,40,39,72,56,5,122,31,41,119,124,102,18" hai3="108,93,3,38,48,114,36,66,59,120,129,106,86"/><T107/><D113/><U110/><E110/><V44/><BYE who="1" /><F122/><W128/><G106/><T0/><D65/><U123/><E123/><V96/><F124/><W134/><G3/><T88/><D34/><UN n1="%E3%82%BC%E3%83%AB%E3%83%80%E3%81%AE%E4%BC%9D%E8%AA%AC" /><U47/><E2/><V75/><F119/><W15/><G120/><T126/><D126/><U118/><E118/><V22/><F41/><W81/><G114/><T43/><D43/><U30/><E109/><V87/><F87/><W133/><G93/><T78/><D74/><U104/><E135/><N who="3" m="51722" /><G15/><T4/><REACH who="0" step="1"/><D52/><REACH who="0" ten="240,250,250,250" step="2"/><U73/><E73/><V13/><F75/><W115/><G115/><T101/><AGARI ba="0,1" hai="0,4,8,10,12,19,76,78,88,89,91,97,101,107" machi="101" ten="30,11700,0" yaku="1,1,2,1,0,1,54,1,53,0" doraHai="24" doraHaiUra="105" who="0" fromWho="0" sc="240,127,250,-39,250,-39,250,-39" /><INIT seed="0,1,0,5,1,57" ten="367,211,211,211" oya="0" hai0="102,122,61,125,53,100,15,112,134,70,97,105,55" hai1="50,90,95,72,64,129,62,48,81,18,94,5,12" hai2="79,84,3,71,20,35,60,1,133,40,6,101,43" hai3="117,58,126,98,127,96,51,26,32,24,104,22,54"/><T109/><D112/><U106/><E106/><V8/><F35/><W9/><G117/><T14/><D122/><U23/><E129/><V46/><F133/><W85/><G32/><T110/><D134/><U0/><E0/><V41/><F101/><W115/><G115/><T45/><D125/><N who="3" m="47625" /><G104/><T74/><D74/><U77/><E5/><V52/><F1/><W39/><G39/><T108/><D100/><U121/><E121/><V10/><F8/><W27/><G9/><T21/><D21/><U130/><E95/><V68/><F20/><W2/><G2/><T87/><D87/><U92/><E92/><V4/><F4/><W123/><G123/><T30/><D30/><U73/><E73/><V118/><F118/><W69/><G69/><T65/><D45/><U88/><E90/><V82/><REACH who="2" step="1"/><F46/><REACH who="2" ten="367,211,201,211" step="2"/><W86/><G22/><T67/><D109/><U56/><REACH who="1" step="1"/><E130/><REACH who="1" ten="367,201,201,211" step="2"/><V78/><F78/><W128/><G128/><T83/><D108/><U33/><E33/><V89/><F89/><W135/><G135/><T19/><D110/><U37/><E37/><V116/><F116/><W113/><G113/><T42/><D105/><U7/><E7/><V111/><F111/><W107/><G107/><T44/><D102/><U93/><E93/><V131/><F131/><W119/><G119/><T49/><D83/><U66/><E66/><V63/><F63/><W59/><G96/><AGARI ba="1,2" hai="12,18,23,48,50,56,62,64,72,77,81,88,94,96" machi="96" ten="30,7700,0" yaku="1,1,7,1,52,1,54,1,53,0" doraHai="57" doraHaiUra="25" who="1" fromWho="3" sc="367,0,201,100,201,0,211,-80" /><INIT seed="1,0,0,3,0,83" ten="367,301,201,131" oya="1" hai0="23,35,38,98,50,69,84,34,112,33,56,55,95" hai1="42,43,68,58,133,90,70,101,61,45,57,5,20" hai2="13,26,32,1,12,76,82,3,129,54,62,21,115" hai3="120,19,80,67,78,108,116,11,132,31,49,47,126"/><U15/><E133/><V110/><F110/><W2/><G120/><T103/><D112/><U22/><E101/><V106/><F106/><W118/><G132/><T36/><D69/><U99/><E68/><V6/><F129/><W66/><G108/><T52/><D23/><U114/><E70/><V104/><F104/><W9/><G31/><T48/><REACH who="0" step="1"/><D84/><REACH who="0" ten="357,301,201,131" step="2"/><U134/><E114/><V77/><F21/><W24/><G126/><T30/><D30/><U107/><E22/><V124/><F115/><W109/><G109/><T60/><D60/><U131/><E61/><V102/><F62/><W8/><G2/><T111/><D111/><U91/><E20/><V81/><F124/><W64/><G24/><T71/><D71/><U85/><E85/><V25/><F32/><W86/><REACH who="3" step="1"/><G19/><REACH who="3" ten="357,301,201,121" step="2"/><T130/><D130/><U18/><E131/><V27/><F25/><W63/><G63/><T127/><D127/><U41/><E18/><V51/><F26/><W117/><G117/><T97/><D97/><U105/><E99/><V121/><F27/><W44/><G44/><AGARI ba="0,2" hai="33,34,35,36,38,44,48,50,52,55,56,95,98,103" machi="44" ten="40,2600,0" yaku="1,1,54,1,53,0" doraHai="83" doraHaiUra="123" who="0" fromWho="3" sc="357,46,301,0,201,0,121,-26" /><INIT seed="2,0,0,3,0,111" ten="403,301,201,95" oya="2" hai0="129,21,126,75,32,18,59,50,90,66,94,13,61" hai1="72,80,51,22,131,110,8,65,33,97,106,116,54" hai2="28,41,69,20,103,6,95,89,23,93,113,118,107" hai3="96,71,10,68,64,35,108,62,25,101,125,85,105"/><V26/><F113/><W46/><G108/><T121/><D121/><U112/><E33/><V49/><F118/><W78/><G125/><T27/><D75/><U14/><E110/><V47/><F69/><W88/><G71/><T53/><D126/><U133/><E116/><V91/><F107/><W114/><G78/><T115/><D129/><U82/><E112/><V86/><F103/><W84/><G114/><T57/><D115/><U127/><E127/><V130/><F130/><W81/><G85/><T124/><D124/><U109/><E109/><V43/><F6/><W36/><G10/><T74/><D74/><U11/><E65/><V132/><F132/><W2/><G2/><T48/><D32/><U40/><E40/><V104/><F104/><W135/><G135/><T100/><D100/><U117/><E117/><V70/><F70/><W34/><REACH who="3" step="1"/><G25/><REACH who="3" ten="403,301,201,85" step="2"/><T98/><D13/><U79/><E14/><V19/><F26/><W37/><G37/><T83/><D83/><U87/><E11/><V73/><F86/><W102/><G102/><T45/><D50/><U92/><E80/><V7/><F49/><W122/><G122/><T128/><D128/><U15/><E82/><V77/><F73/><W3/><G3/><T9/><D9/><U58/><E72/><V30/><F77/><W55/><G55/><T44/><AGARI ba="0,1" hai="18,21,27,44,45,48,53,57,59,61,66,90,94,98" machi="44" ten="30,2000,0" yaku="0,1,8,1" doraHai="111" who="0" fromWho="0" sc="403,30,301,-5,201,-10,85,-5" /><INIT seed="3,0,0,0,2,8" ten="433,296,191,80" oya="3" hai0="132,44,82,38,68,72,86,57,2,35,46,124,0" hai1="27,130,75,89,91,115,77,22,39,21,24,113,28" hai2="119,97,45,30,60,4,108,76,105,40,83,53,106" hai3="111,118,80,88,131,9,66,127,43,95,1,125,135"/><W16/><G118/><T33/><D68/><U73/><E39/><V10/><F119/><W64/><G131/><T120/><D120/><U63/><E130/><V70/><F30/><W6/><G135/><T110/><D132/><U123/><E63/><V52/><F108/><W5/><G111/><T102/><D110/><U56/><E56/><V69/><F105/><W126/><G43/><T37/><D124/><U55/><E55/><V54/><F106/><W59/><G80/><T47/><D57/><U85/><E123/><V103/><F97/><W26/><G5/><T49/><D72/><U18/><E77/><V25/><F25/><W19/><G26/><T100/><D44/><U104/><E104/><V96/><F96/><W71/><G71/><T62/><D82/><U41/><E41/><V74/><F103/><W117/><G117/><T84/><D49/><U121/><E121/><V48/><F60/><AGARI ba="0,0" hai="0,2,33,35,37,38,46,47,60,62,84,86,100,102" machi="60" ten="25,1600,0" yaku="22,2" doraHai="8" who="0" fromWho="2" sc="433,16,296,0,191,-16,80,0" owari="449,54.9,296,9.6,175,-22.5,80,-42.0" /></mjloggm>