<mjloggm ver="2.3"><GO type="225" lobby="0"/><UN n0="%E5%AE%AE%E4%BF%9D%E9%B6%8F%E8%82%89" n1="%6B%79%6F%6E%6B%6F%31%31" n2="%E3%83%A9%E3%83%BC%E3%83%A1%E3%83%B3%E4%BA%94%E9%83%8E" n3="%72%69%6F%75%63%68%61%6E" dan="16,16,16,16" rate="2124.76,2139.79,2134.79,2162.98" sx="M,M,M,M"/><TAIKYOKU oya="0"/><INIT seed="0,0,0,5,2,41" ten="250,250,250,250" oya="0" hai0="13,27,54,31,33,38,44,92,126,77,72,109,134" hai1="114,64,96,73,84,52,2,57,104,118,132,23,55" hai2="3,119,130,78,11,30,98,56,89,135,128,66,124" hai3="37,113,9,131,97,28,12,14,15,82,122,26,51"/><T83/><D126/><U43/><E118/><V5/><F124/><W67/><G131/><N who="2" m="50217" /><F119/><W85/><G113/><T81/><D134/><U93/><E73/><V59/><F135/><W102/><G37/><T74/><D109/><U60/><E2/><V25/><F78/><W20/><G122/><T18/><D92/><U65/><E132/><V24/><F66/><W32/><G67/><T6/><D6/><U53/><E114/><V88/><F24/><W22/><G9/><T0/><D0/><U106/><E65/><V19/><F19/><W16/><G51/><T34/><D33/><U94/><E43/><V63/><F98/><W35/><G35/><T29/><D29/><U45/><E45/><V1/><F1/><W62/><G62/><T121/><D121/><U46/><E46/><V117/><F117/><W76/><REACH who="3" step="1"/><G32/><REACH who="3" ten="250,250,250,240" step="2"/><T39/><D39/><U70/><E70/><V10/><F10/><W86/><G86/><T87/><D38/><U108/><E108/><V103/><F63/><W50/><G50/><N who="0" m="28999" /><D72/><U112/><E112/><V79/><F11/><W75/><G75/><T111/><D111/><U101/><REACH who="1" step="1"/><E23/><REACH who="1" ten="250,240,250,240" step="2"/><V69/><F69/><W100/><G100/><T21/><D74/><U17/><E17/><V125/><F103/><W48/><G48/><T115/><D115/><U95/><E95/><AGARI ba="0,2" hai="12,14,15,16,20,22,26,28,76,82,85,95,97,102" machi="95" ten="30,7700,0" yaku="1,1,7,1,8,1,54,1,53,0" doraHai="41" doraHaiUra="127" who="3" fromWho="1" sc="250,0,240,-77,250,0,240,97" /><INIT seed="1,0,0,1,5,59" ten="250,163,250,337" oya="1" hai0="91,81,38,83,40,48,57,6,1,82,123,80,110" hai1="4,97,51,107,133,79,43,63,15,100,72,12,108" hai2="13,99,32,62,122,90,96,116,18,14,44,30,134" hai3="5,78,50,125,114,127,11,65,95,105,52,101,75"/><U117/><E117/><V21/><F116/><W7/><G114/><T111/><D123/><U124/><E124/><N who="3" m="47690" /><G105/><T112/><D112/><U87/><E133/><V86/><F122/><W92/><G65/><T104/><D104/><U49/><E72/><V93/><F134/><W120/><G120/><T24/><D38/><U55/><E108/><N who="0" m="41513" /><D1/><U56/><E4/><N who="3" m="1610" /><G101/><T22/><D6/><U94/><E107/><V118/><F118/><W45/><G11/><T39/><D39/><U69/><E69/><V8/><F44/><W67/><G67/><T34/><D34/><U58/><E43/><V77/><F77/><W2/><G2/><T28/><D81/><AGARI ba="0,0" hai="45,50,52,75,78,81,92,95" m="1610,47690" machi="81" ten="30,2000,0" yaku="18,1,54,1" doraHai="59" who="3" fromWho="0" sc="250,-20,163,0,250,0,337,20" /><INIT seed="2,0,0,3,1,118" ten="230,163,250,357" oya="2" hai0="6,27,74,85,53,1,39,19,99,95,123,120,14" hai1="52,30,62,57,49,122,67,61,102,20,88,119,63" hai2="31,78,33,45,107,3,22,135,23,124,54,92,112" hai3="29,106,97,41,50,10,125,42,117,11,38,46,83"/><V103/><F112/><W72/><G117/><T55/><D74/><U130/><E119/><V35/><F3/><W9/><G125/><T40/><D1/><U100/><E130/><V93/><F107/><W115/><G115/><T7/><D27/><U94/><E67/><V80/><F124/><W34/><G34/><T127/><D127/><U17/><E30/><V25/><F135/><W82/><G29/><T60/><D39/><U101/><E122/><V76/><F103/><W129/><G129/><T133/><D40/><U58/><E58/><V64/><F64/><W98/><G72/><T51/><D60/><U70/><E70/><V16/><F33/><W24/><G24/><T48/><D85/><U89/><REACH who="1" step="1"/><E94/><REACH who="1" ten="230,153,250,357" step="2"/><V47/><F93/><W113/><G113/><T132/><D132/><U43/><E43/><V65/><F65/><W2/><G106/><T71/><D71/><U114/><E114/><V36/><F92/><W87/><G41/><T66/><D66/><U15/><AGARI ba="0,1" hai="15,17,20,49,52,57,61,62,63,88,89,100,101,102" machi="15" ten="30,8000,1" yaku="1,1,0,1,8,1,54,2,53,0" doraHai="118" doraHaiUra="121" who="1" fromWho="1" sc="230,-20,153,90,250,-40,357,-20" /><INIT seed="3,0,0,0,1,30" ten="210,243,210,337" oya="3" hai0="71,35,110,32,20,17,37,87,34,127,10,51,120" hai1="123,4,19,124,31,96,1,75,66,74,116,119,115" hai2="84,108,85,80,135,114,47,2,22,21,125,91,46" hai3="133,28,59,106,48,112,89,69,101,44,26,109,128"/><W40/><G112/><T68/><D120/><U14/><E123/><V121/><F114/><W83/><G69/><T16/><D37/><U57/><E115/><V88/><F121/><W77/><G128/><T45/><D10/><U134/><E124/><V33/><F2/><W0/><G0/><T130/><D127/><U72/><E134/><V78/><F125/><W58/><G133/><T11/><D11/><U67/><E31/><V63/><F135/><W65/><G109/><T13/><D17/><U99/><E4/><V38/><F108/><W25/><G89/><N who="2" m="34377" /><F38/><W131/><G131/><T23/><D23/><N who="2" m="8714" /><F33/><W7/><G7/><T12/><D12/><U61/><E66/><V70/><F70/><W107/><G65/><T6/><D6/><U100/><E1/><V29/><F29/><W49/><G28/><T36/><D130/><U79/><E79/><N who="2" m="46111" /><F63/><W18/><G77/><T94/><D110/><U27/><E27/><V98/><F98/><W82/><G25/><T43/><D36/><U126/><E126/><V60/><F60/><W9/><G26/><T95/><D87/><U86/><E86/><V5/><F5/><W122/><G122/><T73/><D73/><U105/><E96/><V3/><F3/><W50/><G107/><T56/><D56/><U118/><E74/><V39/><F39/><W53/><G58/><T41/><D41/><U129/><E129/><V117/><F117/><W54/><G40/><T132/><D132/><U113/><REACH who="1" step="1"/><E113/><REACH who="1" ten="210,233,210,337" step="2"/><V62/><F62/><W8/><G59/><T52/><D43/><U76/><E76/><V92/><F78/><RYUUKYOKU ba="0,1" sc="210,10,233,10,210,10,337,-30" hai0="13,16,20,32,34,35,45,51,52,68,71,94,95" hai1="14,19,57,61,67,72,75,99,100,105,116,118,119" hai2="46,47,85,92" owari="220,-18.0,243,4.3,220,-28.0,317,41.7" /></mjloggm>