<mjloggm ver="2.3"><GO type="225" lobby="0"/><UN n0="%28%EF%BF%A3%E2%96%BD%EF%BF%A3%29%CE%B4%E2%8C%92%E3%83%BB" n1="%E3%82%BC%E3%83%AB%E3%83%80%E3%81%AE%E4%BC%9D%E8%AA%AC" n2="%4E%49%4A%49%49%52%4F" n3="%E3%83%A1%E3%82%AC%E3%83%87%E3%82%B8" dan="16,17,17,16" rate="2156.17,2255.58,2194.90,2056.40" sx="M,M,M,F"/><TAIKYOKU oya="0"/><INIT seed="0,0,0,0,0,22" ten="250,250,250,250" oya="0" hai0="25,5,50,75,20,31,93,122,6,55,9,2,48" hai1="108,102,56,39,7,65,68,28,47,82,26,42,51" hai2="73,118,15,130,46,114,63,125,40,92,77,124,57" hai3="126,1,18,97,33,27,10,123,3,85,113,133,72"/><T34/><BYE who="3" /><D75/><UN n3="%E3%83%A1%E3%82%AC%E3%83%87%E3%82%B8" /><U61/><E108/><V81/><F114/><W37/><G72/><T131/><D122/><U129/><E129/><V83/><F118/><W121/><G37/><T16/><D131/><U132/><E132/><V105/><F105/><W90/><G113/><T100/><D6/><U58/><E7/><V29/><F130/><W19/><G133/><T30/><D30/><U24/><E102/><V116/><F81/><W74/><G74/><T79/><D79/><U134/><E134/><V69/><F69/><W13/><G97/><N who="0" m="59439" /><D55/><N who="1" m="31871" /><E28/><V112/><F112/><W53/><G53/><T71/><D71/><U44/><E58/><V104/><F104/><W117/><G126/><N who="2" m="48745" /><F116/><W66/><G66/><T35/><D35/><U43/><E82/><V14/><F29/><N who="3" m="19647" /><G19/><T78/><D78/><U76/><E76/><V60/><F92/><N who="3" m="54351" /><G117/><T11/><D11/><U45/><E45/><V106/><F106/><W49/><G1/><T54/><D54/><U62/><E62/><N who="2" m="23595" /><F57/><W8/><G49/><AGARI ba="0,0" hai="24,26,39,42,43,44,47,49,61,65,68" m="31871" machi="49" ten="30,3900,0" yaku="24,1,52,2" doraHai="22" who="1" fromWho="3" sc="250,0,250,39,250,0,250,-39" /><AGARI ba="0,0" hai="14,15,40,46,49,73,77,83" m="23595,48745" machi="49" ten="30,1000,0" yaku="18,1" doraHai="22" who="2" fromWho="3" sc="250,0,289,0,250,10,211,-10" /><INIT seed="1,0,0,3,4,104" ten="250,289,260,201" oya="1" hai0="116,7,20,125,38,31,53,70,98,4,133,88,47" hai1="1,41,119,120,24,13,118,108,27,124,26,123,57" hai2="22,42,77,99,55,9,30,32,10,80,16,48,117" hai3="46,135,8,67,21,128,15,14,54,45,92,58,111"/><U96/><E41/><V34/><F117/><N who="1" m="44553" /><E57/><V6/><F42/><W130/><G111/><T129/><D70/><U87/><E87/><V73/><F99/><W64/><G92/><N who="0" m="56583" /><D38/><U114/><E96/><V33/><F30/><W101/><G101/><T93/><D116/><U40/><E40/><V39/><F39/><W61/><G135/><T12/><D133/><U121/><E1/><V110/><F110/><W76/><G76/><T62/><D129/><N who="3" m="49769" /><G21/><T69/><D69/><U79/><E79/><V29/><F29/><W35/><G15/><T74/><D31/><U100/><E100/><V115/><F115/><W5/><G35/><T17/><D62/><U112/><E108/><V95/><F95/><W75/><G75/><T56/><D74/><U90/><E90/><V102/><F102/><W113/><G113/><N who="1" m="43626" /><E13/><V85/><F73/><W50/><G67/><T122/><D12/><U134/><E134/><V25/><REACH who="2" step="1"/><F6/><REACH who="2" ten="250,289,250,201" step="2"/><W37/><G37/><T51/><D7/><U97/><E97/><V132/><F132/><W3/><G3/><T59/><D4/><U36/><E36/><V82/><F82/><W68/><AGARI ba="0,1" hai="5,8,14,45,46,50,54,58,61,64,68" m="49769" machi="68" ten="30,1100,0" yaku="19,1" doraHai="104" who="3" fromWho="3" sc="250,-3,289,-5,250,-3,201,21" /><INIT seed="2,0,0,3,3,129" ten="247,284,247,222" oya="2" hai0="27,58,90,97,10,24,116,32,89,64,42,46,133" hai1="69,135,103,47,9,55,96,88,110,12,98,126,109" hai2="127,57,104,5,0,39,95,132,56,41,68,38,91" hai3="106,63,65,75,61,130,86,22,14,80,21,92,31"/><V15/><F104/><W1/><G106/><T83/><D133/><U112/><E112/><V37/><F68/><W118/><G1/><T19/><D116/><U128/><E135/><V87/><F132/><W134/><G118/><T84/><D32/><U51/><E128/><V59/><F0/><W79/><G130/><T72/><D72/><U100/><E69/><V11/><REACH who="2" step="1"/><F127/><REACH who="2" ten="247,284,237,222" step="2"/><W30/><G134/><T122/><D122/><U54/><E126/><V120/><F120/><W16/><G63/><T113/><D113/><U17/><E110/><V26/><F26/><W82/><G92/><T131/><D27/><U48/><E109/><V94/><F94/><W3/><G3/><T7/><D24/><U99/><REACH who="1" step="1"/><E88/><REACH who="1" ten="247,274,237,222" step="2"/><V111/><F111/><W93/><G82/><T60/><D83/><U73/><E73/><V23/><F23/><W4/><G22/><T62/><D89/><U6/><E6/><V50/><F50/><W78/><G4/><T29/><D7/><U28/><E28/><V13/><F13/><W115/><G115/><T20/><D29/><U119/><E119/><V53/><F53/><W76/><G31/><T123/><D20/><U43/><E43/><AGARI ba="0,2" hai="5,11,15,37,38,39,41,43,56,57,59,87,91,95" machi="43" ten="50,2400,0" yaku="1,1,53,0" doraHai="129" doraHaiUra="77" who="2" fromWho="1" sc="247,0,274,-24,237,44,222,0" /><INIT seed="2,1,0,4,0,101" ten="247,250,281,222" oya="2" hai0="4,42,30,47,126,106,95,107,97,118,121,104,21" hai1="96,49,113,27,38,91,105,58,124,133,108,28,129" hai2="26,99,116,86,61,53,33,15,93,71,103,44,22" hai3="66,123,14,32,29,83,50,62,9,8,80,34,0"/><V87/><F116/><W75/><G123/><T89/><D121/><U60/><E113/><V76/><F33/><W43/><G0/><T55/><D118/><U125/><E38/><V11/><F76/><W130/><G130/><T57/><D126/><N who="1" m="48747" /><E129/><V20/><F71/><W52/><G43/><T117/><D117/><U40/><E108/><V69/><F69/><W23/><G75/><T72/><D72/><U74/><E74/><V51/><F61/><W1/><G34/><T100/><D4/><U37/><E37/><V35/><F35/><W17/><G32/><T77/><D77/><U122/><E133/><V48/><F48/><W59/><G1/><T85/><D21/><N who="1" m="15471" /><E122/><V102/><F102/><W94/><G94/><T92/><D30/><U111/><E111/><V45/><F45/><W2/><G2/><T19/><D19/><U78/><E78/><V36/><F36/><W70/><REACH who="3" step="1"/><G29/><REACH who="3" ten="247,250,281,212" step="2"/><T25/><D95/><U127/><E40/><V120/><F120/><W88/><G88/><T13/><D42/><U81/><E91/><V6/><F20/><W68/><G68/><T41/><D41/><U7/><E127/><V31/><AGARI ba="1,1" hai="6,11,15,22,26,31,44,51,53,86,87,93,99,103" machi="31" ten="20,3900,0" yaku="0,1,7,1,8,1" doraHai="101" who="2" fromWho="2" sc="247,-14,250,-14,281,52,212,-14" /><INIT seed="2,2,0,3,2,57" ten="233,236,333,198" oya="2" hai0="51,54,118,61,89,28,100,56,68,58,23,15,24" hai1="103,84,72,76,127,64,125,99,111,27,130,120,95" hai2="36,109,31,123,81,45,55,105,1,117,69,98,113" hai3="35,3,59,97,133,18,119,5,7,21,101,112,75"/><V6/><F55/><W32/><G119/><T104/><D118/><U20/><E111/><V126/><F31/><W132/><G75/><T47/><D104/><U110/><E110/><V12/><F12/><W46/><G112/><T70/><D100/><U40/><E130/><V88/><F81/><W67/><G46/><T83/><D58/><U90/><E120/><V108/><F88/><W25/><G35/><T77/><D89/><U0/><E0/><V135/><F98/><W114/><G114/><T50/><D15/><U16/><E40/><V13/><F13/><W121/><G121/><T44/><D51/><U10/><E10/><V38/><F6/><W43/><G32/><T8/><D8/><U80/><REACH who="1" step="1"/><E64/><REACH who="1" ten="233,226,333,198" step="2"/><V34/><F109/><W94/><G43/><T124/><D124/><U19/><E19/><V14/><F108/><W2/><G3/><T93/><D47/><U74/><E74/><V17/><F45/><W53/><G67/><T22/><D44/><U4/><E4/><V107/><F1/><W115/><G115/><T122/><D28/><U63/><E63/><V82/><F113/><W11/><REACH who="3" step="1"/><G7/><REACH who="3" ten="233,226,333,188" step="2"/><T66/><D122/><U78/><E78/><V116/><F123/><W134/><G134/><T33/><D77/><U65/><E65/><V60/><F135/><W29/><G29/><T52/><D66/><U37/><E37/><V41/><F38/><W131/><G131/><T73/><D73/><U79/><E79/><V9/><F36/><W86/><G86/><T42/><D42/><U30/><E30/><V128/><F41/><W96/><G96/><RYUUKYOKU ba="2,2" sc="233,-15,226,15,333,-15,188,15" hai1="16,20,27,72,76,80,84,90,95,99,103,125,127" hai3="2,5,11,18,21,25,53,59,94,97,101,132,133" /><INIT seed="3,3,2,3,0,6" ten="218,241,318,203" oya="3" hai0="97,84,100,20,16,55,73,31,119,2,118,86,129" hai1="111,83,47,76,94,110,114,68,116,54,9,46,12" hai2="5,98,102,22,21,58,113,127,66,93,27,89,29" hai3="71,0,19,51,80,64,105,67,63,130,106,69,62"/><W101/><G130/><T10/><D73/><U50/><E114/><V74/><F113/><W49/><G0/><T107/><D129/><U109/><E116/><V132/><F74/><W34/><G34/><T72/><D72/><N who="1" m="43399" /><E94/><V35/><F132/><W90/><G19/><T128/><D128/><U42/><E68/><V124/><F5/><W45/><G101/><T57/><D119/><U14/><E9/><V99/><F66/><W85/><REACH who="3" step="1"/><G51/><AGARI ba="3,2" hai="12,14,42,46,47,50,51,54,109,110,111" m="43399" machi="51" ten="30,1000,0" yaku="14,1" doraHai="6" who="1" fromWho="3" sc="218,0,241,39,318,0,203,-19" owari="218,-18.2,280,8.0,318,41.8,184,-31.6" /></mjloggm>