<mjloggm ver="2.3"><GO type="225" lobby="0"/><UN n0="%48%61%61%61%6C%61%6E%64" n1="%E3%81%BF%E3%81%BF%E3%81%9A" n2="%E5%84%AA%40%41%42%43" n3="%E3%82%A2%E3%83%BC%E3%83%A2%E3%83%AD%E3%83%BC%E3%83%B4%E3%82%A1" dan="18,16,17,16" rate="2230.53,2142.71,2139.30,2147.47" sx="M,M,M,M"/><TAIKYOKU oya="0"/><INIT seed="0,0,0,4,1,97" ten="250,250,250,250" oya="0" hai0="65,15,72,130,87,0,95,133,112,118,18,75,120" hai1="80,73,9,93,103,122,37,8,76,47,13,19,74" hai2="91,24,119,94,96,46,29,26,86,51,40,50,77" hai3="106,36,59,129,115,32,41,57,123,132,54,5,42"/><T7/><D112/><U88/><E122/><V22/><F119/><W4/><G32/><T6/><D118/><U14/><E73/><V23/><F77/><W31/><G106/><T110/><D120/><U48/><E37/><V62/><F62/><W111/><G123/><T53/><D130/><U49/><E103/><V99/><REACH who="2" step="1"/><F50/><REACH who="2" ten="250,250,240,250" step="2"/><N who="3" m="30935" /><G36/><T114/><D114/><U116/><E116/><V27/><F27/><W117/><G117/><T33/><D75/><U102/><E47/><V68/><F68/><W56/><G115/><T92/><D72/><U100/><E48/><V128/><F128/><W30/><G129/><T2/><D133/><U11/><E49/><V104/><F104/><W78/><G78/><T83/><D110/><U61/><E61/><V58/><F58/><N who="3" m="22059" /><G132/><T82/><D65/><U43/><E43/><N who="3" m="16394" /><G111/><T52/><D53/><U113/><E113/><V126/><F126/><W67/><G67/><T134/><D52/><U10/><REACH who="1" step="1"/><E13/><REACH who="1" ten="250,240,240,250" step="2"/><V70/><F70/><W12/><G12/><T108/><D15/><U63/><E63/><V121/><F121/><W1/><G1/><T28/><D0/><U125/><E125/><V16/><AGARI ba="0,2" hai="16,22,23,24,26,29,40,46,51,86,91,94,96,99" machi="16" ten="20,12000,2" yaku="1,1,0,1,7,1,8,1,54,1,53,2" doraHai="97" doraHaiUra="17" who="2" fromWho="2" sc="250,-60,240,-30,240,140,250,-30" /><INIT seed="1,0,0,2,5,10" ten="190,210,380,220" oya="1" hai0="128,1,32,79,130,45,80,103,9,100,5,44,24" hai1="129,94,56,82,61,11,78,8,110,125,89,46,31" hai2="117,60,85,62,35,87,42,90,7,120,48,36,12" hai3="106,37,25,55,39,97,93,112,115,84,77,74,107"/><U20/><E125/><V131/><F117/><W70/><G70/><T14/><D1/><U119/><E119/><V53/><F35/><W135/><G55/><T52/><D32/><U109/><E46/><V122/><F131/><N who="0" m="50218" /><D24/><N who="1" m="16775" /><E129/><V49/><F36/><W114/><G25/><T21/><D21/><U18/><E82/><V63/><F42/><W43/><G43/><T88/><D79/><U113/><E78/><V67/><F67/><W98/><G37/><T75/><D75/><U92/><E113/><V91/><F53/><W23/><G23/><T6/><D6/><U118/><E118/><V26/><F26/><W57/><G39/><T124/><D124/><U99/><E94/><V30/><F30/><W47/><G93/><T133/><D133/><U134/><E134/><V15/><F60/><W105/><G135/><T29/><D29/><U51/><E51/><V4/><AGARI ba="0,0" hai="4,7,12,15,48,49,62,63,85,87,90,91,120,122" machi="4" ten="25,8000,1" yaku="0,1,22,2,52,2" doraHai="10" who="2" fromWho="2" sc="190,-20,210,-40,380,80,220,-20" /><INIT seed="2,0,0,0,5,71" ten="170,170,460,200" oya="2" hai0="102,15,125,50,62,58,103,107,54,8,114,49,40" hai1="7,77,79,68,17,57,60,98,121,44,66,106,72" hai2="70,2,108,76,11,37,83,110,84,109,55,80,46" hai3="91,117,63,24,132,88,69,93,85,42,36,25,14"/><V131/><F70/><W13/><G117/><T86/><D114/><U28/><E121/><V90/><F131/><W82/><G132/><T22/><D125/><U135/><E135/><V100/><F100/><N who="0" m="38442" /><D107/><U61/><E72/><V133/><F133/><W43/><G69/><T47/><D86/><U129/><E129/><V52/><F2/><W59/><G36/><T92/><D92/><U96/><E7/><V20/><F11/><W0/><G0/><T122/><D122/><U51/><E28/><V73/><F20/><W23/><G43/><AGARI ba="0,0" hai="37,43,46,52,55,73,76,80,83,84,90,108,109,110" machi="43" ten="40,12000,1" yaku="14,1,10,1,52,1,54,1" doraHai="71" who="2" fromWho="3" sc="170,0,170,0,460,120,200,-120" /><INIT seed="2,1,0,5,1,79" ten="170,170,580,80" oya="2" hai0="27,31,10,115,34,2,78,81,120,94,55,5,43" hai1="24,71,0,109,77,33,82,12,4,25,84,63,20" hai2="11,21,123,75,62,98,131,103,36,58,26,72,8" hai3="41,9,133,116,122,88,48,53,30,13,3,39,102"/><V80/><F36/><W51/><G116/><T46/><D120/><U23/><E109/><V1/><F131/><W83/><G122/><T97/><D55/><U86/><E0/><V96/><F123/><W92/><G133/><T108/><D108/><U17/><E33/><V110/><F110/><W76/><G3/><T117/><D117/><U37/><E37/><V7/><F8/><W49/><G102/><T45/><D115/><U132/><E132/><V93/><F96/><W68/><G68/><T91/><REACH who="0" step="1"/><D43/><REACH who="0" ten="160,170,580,80" step="2"/><U126/><E126/><V118/><F118/><W70/><G70/><T90/><D90/><U100/><E100/><V61/><F61/><W59/><G30/><T66/><D66/><U106/><E71/><V112/><F112/><W99/><G41/><T127/><D127/><U22/><E63/><V57/><F57/><W125/><G125/><T124/><D124/><U119/><E119/><V101/><F101/><W14/><G39/><T50/><D50/><N who="3" m="19561" /><G9/><T105/><D105/><U73/><E106/><V67/><REACH who="2" step="1"/><F80/><REACH who="2" ten="160,170,570,80" step="2"/><W129/><G129/><T87/><AGARI ba="1,2" hai="2,5,10,27,31,34,45,46,78,81,87,91,94,97" machi="87" ten="20,5200,0" yaku="1,1,0,1,7,1,52,1,53,0" doraHai="79" doraHaiUra="38" who="0" fromWho="0" sc="160,75,170,-14,570,-27,80,-14" /><INIT seed="3,0,0,4,4,86" ten="235,156,543,66" oya="3" hai0="123,69,71,9,104,103,88,122,70,49,54,42,65" hai1="113,68,27,40,129,63,74,85,61,135,38,52,47" hai2="79,25,115,60,126,1,132,24,17,118,87,62,23" hai3="21,106,112,44,96,125,73,20,57,53,16,94,134"/><W119/><G112/><T30/><D30/><U133/><E74/><V5/><F118/><W39/><G119/><T80/><D42/><U10/><E10/><V67/><F126/><W66/><G125/><T78/><D65/><N who="1" m="41007" /><E27/><V121/><F132/><N who="1" m="50761" /><E129/><V43/><F43/><W26/><G73/><T29/><D9/><U91/><E113/><V59/><F121/><W99/><G134/><T107/><D29/><U3/><E3/><V35/><F115/><W130/><G130/><T83/><D103/><U0/><E0/><V124/><F124/><W34/><G34/><T58/><D107/><U7/><E7/><V102/><F102/><W89/><G66/><T46/><D104/><U11/><E11/><V127/><F62/><N who="3" m="36143" /><G106/><T19/><D122/><U75/><E75/><V36/><F127/><W109/><G109/><T2/><D2/><U95/><E52/><V64/><F36/><W13/><G39/><T31/><D123/><U22/><E22/><V14/><F67/><W56/><G56/><T108/><D58/><U131/><E131/><V50/><F1/><W110/><G110/><T120/><D108/><U18/><E63/><V111/><F111/><W12/><G99/><T82/><D120/><U6/><E6/><V51/><F35/><W55/><G21/><T28/><D70/><U101/><E101/><V98/><F98/><W93/><G93/><T41/><D69/><U4/><E4/><V92/><F92/><W84/><G84/><T100/><D71/><U32/><E32/><V114/><F114/><W15/><G15/><T90/><D100/><U116/><E116/><RYUUKYOKU ba="0,0" sc="235,-15,156,15,543,-15,66,15" hai1="18,38,40,47,85,91,95" hai3="12,13,16,20,26,44,55,89,94,96" /><INIT seed="3,1,0,3,0,56" ten="220,171,528,81" oya="3" hai0="6,48,111,41,95,89,65,113,68,107,81,122,14" hai1="82,83,26,99,29,61,57,4,24,128,96,73,120" hai2="39,109,105,55,40,13,135,1,104,112,69,38,108" hai3="92,133,31,79,3,16,21,86,49,102,0,37,131"/><W103/><G37/><N who="2" m="13833" /><F40/><W10/><G133/><T80/><D122/><U5/><E120/><V15/><F1/><W7/><G131/><T114/><D111/><N who="2" m="42570" /><F112/><N who="0" m="43114" /><D107/><N who="2" m="41034" /><F135/><W54/><G31/><T125/><D125/><U50/><E128/><V123/><F123/><W44/><G0/><T53/><D41/><U72/><E50/><V35/><F35/><W12/><REACH who="3" step="1"/><G79/><REACH who="3" ten="220,171,528,71" step="2"/><T76/><D76/><U127/><E127/><V9/><F9/><W101/><G101/><T90/><D90/><AGARI ba="1,1" hai="3,7,10,12,16,21,44,49,54,86,90,92,102,103" machi="90" ten="40,7700,0" yaku="1,1,54,1,53,1" doraHai="56" doraHaiUra="47" who="3" fromWho="0" sc="220,-80,171,0,528,0,71,90" /><INIT seed="3,2,0,0,0,14" ten="140,171,528,161" oya="3" hai0="100,87,132,120,67,111,92,15,19,124,97,118,44" hai1="123,28,63,55,50,57,12,29,23,4,95,46,56" hai2="26,8,10,70,119,61,54,128,32,6,112,122,78" hai3="3,86,126,117,80,9,98,25,39,45,16,20,31"/><W84/><G117/><T125/><D118/><U64/><E123/><V130/><F112/><W102/><G126/><N who="0" m="48747" /><D120/><U104/><E104/><V68/><F119/><W81/><G39/><T94/><D111/><U110/><E110/><V69/><F78/><W27/><G45/><T33/><D132/><U17/><E4/><V96/><F122/><W7/><G80/><T34/><D67/><U73/><E73/><V74/><F74/><W0/><G0/><T13/><D13/><U43/><E95/><V90/><F90/><W129/><G129/><N who="2" m="49769" /><F96/><W135/><G81/><T53/><D53/><U82/><E82/><V113/><F113/><W2/><G2/><T108/><D44/><U106/><E106/><V62/><F54/><W116/><G135/><T99/><D87/><U93/><E93/><V42/><F42/><W109/><G109/><T83/><D83/><U47/><E47/><V76/><F76/><W5/><G5/><T72/><D72/><U51/><AGARI ba="2,0" hai="12,17,23,28,29,43,46,50,51,55,56,57,63,64" machi="51" ten="20,5200,0" yaku="0,1,7,1,8,1,52,1" doraHai="14" who="1" fromWho="1" sc="140,-15,171,58,528,-15,161,-28" owari="125,-37.5,229,2.9,513,61.3,133,-26.7" /></mjloggm>