<mjloggm ver="2.3"><GO type="225" lobby="0"/><UN n0="%E9%B4%A8%4E%45%47%49" n1="%E7%B4%94%E6%BD%94%E3%83%94%E3%83%A9%E3%83%8B%E3%82%A2" n2="%E3%82%8C%E3%81%99%E3%81%93" n3="%72%69%6F%75%63%68%61%6E" dan="16,17,17,16" rate="2117.57,2180.86,2152.78,2214.65" sx="M,M,F,M"/><TAIKYOKU oya="0"/><INIT seed="0,0,0,2,4,8" ten="250,250,250,250" oya="0" hai0="101,28,49,119,122,55,68,97,3,102,104,135,53" hai1="78,71,67,5,45,9,12,51,19,108,95,126,133" hai2="24,93,10,91,129,33,57,116,38,77,54,114,20" hai3="79,106,23,98,60,36,99,103,14,90,25,47,22"/><T6/><D119/><U18/><E108/><V84/><F114/><W48/><G36/><T115/><D122/><U66/><E126/><V131/><F38/><W134/><G134/><T27/><D115/><U26/><E133/><V73/><F33/><W82/><G60/><T92/><D135/><U2/><E71/><V81/><F116/><W107/><G25/><T105/><D68/><U123/><E123/><V32/><F32/><W59/><G59/><T70/><D70/><U117/><E117/><V46/><F46/><W111/><G111/><T64/><D64/><U125/><E125/><V83/><F83/><W128/><G128/><T62/><D62/><U42/><E95/><V120/><F10/><W58/><G58/><T40/><D40/><U16/><E2/><V75/><F75/><W89/><G14/><T118/><D6/><U30/><REACH who="1" step="1"/><E78/><REACH who="1" ten="250,240,250,250" step="2"/><V74/><F120/><W7/><G107/><T121/><D3/><U69/><E69/><V35/><F131/><W65/><G79/><T109/><D109/><U87/><E87/><V127/><F129/><W41/><G106/><T113/><D121/><U21/><AGARI ba="0,1" hai="5,9,12,16,18,19,21,26,30,42,45,51,66,67" machi="21" ten="30,8000,1" yaku="1,1,0,1,8,1,52,1,54,1,53,0" doraHai="8" doraHaiUra="112" who="1" fromWho="1" sc="250,-40,240,90,250,-20,250,-20" /><INIT seed="1,0,0,1,2,6" ten="210,330,230,230" oya="1" hai0="105,77,27,44,92,25,53,23,8,98,57,90,11" hai1="135,16,86,116,128,103,76,104,34,91,18,88,31" hai2="55,114,32,120,81,80,122,46,20,15,130,14,112" hai3="71,83,48,89,84,127,43,56,113,111,7,123,118"/><U54/><E116/><V26/><F32/><W0/><G123/><N who="2" m="47145" /><F46/><W73/><G113/><N who="2" m="43625" /><F55/><W99/><G111/><T132/><D132/><U94/><E135/><V129/><F81/><W97/><G127/><T100/><D77/><U121/><E121/><V82/><F82/><W119/><G71/><T19/><D44/><U59/><E76/><V78/><F80/><W125/><G125/><T65/><D65/><U134/><E134/><V52/><F52/><N who="3" m="31751" /><G73/><T50/><REACH who="0" step="1"/><D27/><REACH who="0" ten="200,330,230,230" step="2"/><U45/><E45/><V41/><F78/><W61/><G43/><T106/><D106/><U68/><E68/><V60/><F41/><W22/><G119/><T29/><D29/><U2/><E104/><V49/><F60/><W35/><G118/><T107/><D107/><U30/><E31/><N who="2" m="17863" /><F49/><W62/><G61/><T117/><D117/><U133/><E30/><V109/><F109/><W110/><G62/><T12/><D12/><AGARI ba="0,1" hai="12,14,15,129,130" m="17863,43625,47145" machi="12" ten="40,5200,0" yaku="11,1,34,2" doraHai="6" who="2" fromWho="0" sc="200,-52,330,0,230,62,230,0" /><INIT seed="2,0,0,5,0,7" ten="148,330,292,230" oya="2" hai0="73,34,15,12,118,13,86,94,112,20,93,3,92" hai1="83,102,76,5,104,69,10,64,133,30,96,45,77" hai2="43,27,106,28,54,4,68,119,124,98,125,127,105" hai3="116,71,11,89,38,22,41,79,39,70,62,110,107"/><V0/><F119/><W53/><G116/><T67/><D112/><U35/><E133/><V21/><F68/><W109/><G107/><T60/><D34/><U32/><E45/><V95/><F43/><W126/><G126/><T2/><D118/><U78/><E69/><N who="3" m="26122" /><G79/><T8/><D73/><U129/><E64/><V87/><F87/><W31/><G89/><T65/><D86/><U40/><E40/><V23/><F23/><W122/><G122/><T36/><D36/><U24/><E129/><V115/><F115/><W59/><G11/><T33/><D33/><U61/><E61/><V1/><F54/><W29/><G22/><T90/><D90/><U88/><E88/><N who="2" m="55655" /><F1/><W37/><G41/><T101/><D101/><U130/><E130/><V9/><AGARI ba="0,0" hai="0,4,9,21,27,28,105,106,124,125,127" m="55655" machi="9" ten="40,7800,0" yaku="18,1,52,1,54,1" doraHai="7" who="2" fromWho="2" sc="148,-26,330,-26,292,78,230,-26" /><INIT seed="2,1,0,5,1,84" ten="122,304,370,204" oya="2" hai0="15,18,28,114,83,71,10,60,116,99,4,113,98" hai1="122,43,123,118,64,69,21,0,97,62,117,29,39" hai2="20,47,105,90,46,26,134,87,127,51,55,68,121" hai3="108,19,32,106,52,16,67,25,112,37,74,1,14"/><V130/><F121/><N who="1" m="46089" /><E0/><V56/><F130/><W111/><G112/><T30/><D116/><N who="1" m="44651" /><E21/><V9/><F134/><W3/><G74/><T24/><D114/><U50/><E29/><V81/><F127/><W38/><G106/><T132/><D113/><U96/><E39/><V95/><F105/><W92/><G67/><T135/><D83/><U34/><E34/><V93/><F68/><W36/><G92/><N who="2" m="35401" /><F9/><W44/><G32/><T124/><D124/><U42/><E50/><V104/><F104/><W75/><G75/><T131/><D131/><U78/><E78/><V59/><F46/><W7/><G7/><T11/><D30/><AGARI ba="1,0" hai="20,26,30,47,51,55,56,59,81,87,90" m="35401" machi="30" ten="30,2900,0" yaku="8,1,52,1" doraHai="84" who="2" fromWho="0" sc="122,-32,304,0,370,32,204,0" /><INIT seed="2,2,0,3,5,76" ten="90,304,402,204" oya="2" hai0="131,102,25,89,41,83,111,4,97,67,59,53,29" hai1="69,95,31,47,105,91,99,94,118,60,18,126,120" hai2="0,128,14,26,40,93,122,71,17,80,49,13,21" hai3="129,36,1,6,110,33,58,109,74,88,90,20,135"/><V19/><F122/><W132/><G33/><T107/><D111/><N who="3" m="42505" /><G36/><T72/><D131/><U66/><E118/><V8/><F71/><W112/><G129/><T121/><D121/><U77/><E126/><V81/><F128/><W15/><G112/><T16/><D41/><U42/><E120/><V115/><F115/><W134/><G74/><T100/><D4/><U61/><E61/><V11/><F0/><W87/><G58/><T28/><D102/><U46/><E46/><N who="2" m="25799" /><F93/><N who="3" m="54431" /><G90/><T54/><D54/><U78/><E105/><V64/><F64/><W62/><G62/><T37/><D37/><U63/><E63/><V104/><F104/><W127/><G127/><T27/><D67/><U82/><E94/><V30/><AGARI ba="2,0" hai="8,11,13,14,17,19,21,26,30,80,81" m="25799" machi="30" ten="30,6000,0" yaku="8,1,52,2" doraHai="76" who="2" fromWho="2" sc="90,-22,304,-22,402,66,204,-22" /><INIT seed="2,3,0,1,5,1" ten="68,282,468,182" oya="2" hai0="35,75,62,63,112,125,53,2,104,113,124,78,69" hai1="67,100,20,28,44,29,51,93,9,90,126,11,54" hai2="24,121,16,38,41,105,6,55,40,128,123,37,61" hai3="0,74,26,88,8,118,39,34,52,22,43,95,77"/><V19/><F105/><W30/><G118/><T17/><D17/><U99/><E126/><N who="0" m="48745" /><D78/><U56/><E90/><V27/><F61/><N who="0" m="23050" /><D75/><U116/><E116/><V14/><F14/><W47/><G34/><T96/><D2/><U98/><E98/><V3/><F3/><W92/><G0/><T10/><D10/><N who="1" m="3595" /><E20/><V131/><F55/><W7/><G77/><T31/><D31/><N who="1" m="11851" /><E67/><V103/><F103/><W65/><G74/><T102/><D35/><U106/><E106/><V42/><F42/><W133/><G65/><T13/><D13/><U86/><E86/><V46/><F46/><AGARI ba="3,0" hai="44,46,51,54,56,93,99,100" m="11851,3595" machi="46" ten="30,1000,0" yaku="8,1" doraHai="1" who="1" fromWho="2" sc="68,0,282,19,468,-19,182,0" /><INIT seed="3,0,0,4,5,110" ten="68,301,449,182" oya="3" hai0="51,56,83,134,53,15,29,4,55,124,109,127,91" hai1="1,23,101,122,57,126,74,128,14,0,90,123,85" hai2="71,84,3,58,2,102,79,59,26,28,89,88,9" hai3="104,52,120,34,62,80,119,69,92,25,98,44,75"/><W86/><G119/><T70/><D109/><U27/><E74/><V100/><F71/><W49/><G120/><T48/><D70/><U121/><E101/><V31/><F79/><W66/><G75/><T21/><D134/><U107/><E107/><V115/><F9/><W78/><G104/><T10/><D29/><U76/><E76/><V42/><F84/><W106/><G106/><T111/><D111/><U20/><E126/><V113/><F26/><W96/><REACH who="3" step="1"/><G92/><REACH who="3" ten="68,301,449,172" step="2"/><T65/><D21/><U12/><E123/><V7/><F7/><W8/><G8/><T19/><D65/><U132/><E122/><V43/><AGARI ba="0,1" hai="2,3,28,31,42,43,58,59,88,89,100,102,113,115" machi="43" ten="25,12000,2" yaku="0,1,22,2,52,2,54,1" doraHai="110" who="2" fromWho="2" sc="68,-30,301,-30,449,130,172,-60" owari="38,-46.2,271,7.1,579,67.9,112,-28.8" /></mjloggm>