<mjloggm ver="2.3"><GO type="225" lobby="0"/><UN n0="%E3%81%B7%E3%82%8A%E3%82%93%E8%81%96%E4%BA%BA" n1="%4D%50%43%32%38%30%30" n2="%E3%81%86%E3%82%8C%E3%81%9F%E3%82%93%E6%9E%95" n3="%E3%82%B7%E3%83%A5%E3%83%9E%E3%82%A4%E3%82%B1%E3%83%AB" dan="16,16,16,17" rate="2145.92,2177.71,2126.82,2177.43" sx="M,M,F,M"/><TAIKYOKU oya="0"/><INIT seed="0,0,0,1,2,95" ten="250,250,250,250" oya="0" hai0="38,70,90,89,5,33,105,2,73,66,35,101,16" hai1="43,125,65,94,18,41,63,74,72,122,127,61,22" hai2="76,13,93,128,109,34,54,53,25,135,27,106,129" hai3="26,71,11,118,68,60,30,0,131,64,84,51,75"/><T7/><D38/><U80/><E122/><V3/><F106/><W104/><G75/><T86/><D73/><U120/><E120/><V110/><F3/><W124/><G104/><T102/><D70/><U14/><E74/><V6/><F135/><W21/><G118/><T67/><D105/><U85/><E72/><V117/><F117/><W4/><G131/><N who="2" m="50249" /><F76/><W112/><G112/><T114/><D86/><U81/><E94/><V88/><F13/><W23/><G124/><N who="1" m="47690" /><E80/><V12/><F12/><W28/><G51/><T133/><D2/><U98/><E98/><N who="2" m="57639" /><F6/><W108/><G108/><N who="2" m="41577" /><F34/><W55/><G55/><AGARI ba="0,0" hai="25,27,53,54,55" m="41577,57639,50249" machi="55" ten="30,7700,0" yaku="19,1,14,1,52,1,54,1" doraHai="95" who="2" fromWho="3" sc="250,0,250,0,250,77,250,-77" /><INIT seed="1,0,0,5,3,97" ten="250,250,327,173" oya="1" hai0="103,36,22,0,23,45,91,64,120,113,71,51,69" hai1="28,74,44,73,57,68,26,110,121,118,38,13,39" hai2="111,61,116,126,65,14,102,90,78,85,108,104,19" hai3="34,119,115,106,122,105,124,11,58,77,130,98,88"/><U55/><E118/><V41/><F126/><W117/><G34/><T70/><D36/><U86/><E121/><V135/><F116/><N who="3" m="44619" /><G11/><T72/><D72/><U24/><E68/><V89/><F135/><W20/><G58/><T131/><D64/><U52/><E110/><N who="2" m="42027" /><F41/><W3/><G20/><T5/><D113/><U48/><E73/><V1/><F1/><W9/><G9/><T21/><D0/><U133/><E74/><V15/><F15/><W56/><G56/><T66/><D66/><U29/><E133/><V100/><F104/><N who="3" m="40043" /><G3/><T47/><D5/><U109/><E109/><V7/><F78/><W101/><G115/><T114/><D114/><U35/><E86/><V50/><F7/><W54/><G54/><T25/><D25/><U76/><E76/><V30/><F50/><W123/><G124/><T46/><D51/><U128/><E128/><V75/><F75/><W134/><G130/><T81/><D131/><U8/><E55/><V79/><F30/><W92/><G134/><T63/><D63/><U96/><E96/><V18/><F14/><W80/><G101/><N who="2" m="39017" /><F18/><W53/><G53/><T132/><D103/><U107/><E107/><V127/><F19/><W40/><G40/><T129/><D129/><U95/><E39/><V67/><F127/><W60/><G60/><T42/><D132/><U62/><E38/><V4/><F4/><W49/><G49/><T27/><D42/><U31/><E35/><V59/><F67/><W32/><G32/><T16/><D120/><U112/><E112/><V83/><AGARI ba="0,0" hai="59,61,65,79,83,85,89,90" m="39017,42027" machi="83" ten="30,7900,0" yaku="14,1,52,3" doraHai="97" who="2" fromWho="2" sc="250,-20,250,-39,327,79,173,-20" /><INIT seed="2,0,0,3,0,20" ten="230,211,406,153" oya="2" hai0="12,72,110,29,11,15,84,60,19,52,88,54,13" hai1="100,24,7,118,59,64,68,87,48,111,120,106,9" hai2="119,96,99,41,76,61,66,31,127,49,5,38,46" hai3="65,81,102,57,14,10,33,103,105,67,134,35,94"/><V44/><F119/><W25/><G105/><T77/><D110/><U0/><E118/><V130/><F130/><W1/><G1/><T42/><D42/><U26/><E111/><V90/><F127/><W50/><G134/><T124/><D124/><U53/><E120/><V69/><F5/><W95/><G81/><T16/><D72/><U28/><E28/><V17/><F76/><W74/><G74/><T125/><D77/><U89/><E68/><V8/><F31/><W85/><G85/><T30/><D12/><U113/><E113/><V34/><F34/><W21/><G35/><T135/><D135/><U37/><E37/><V131/><F131/><W80/><G80/><N who="0" m="49159" /><D125/><U3/><E3/><V101/><F90/><W117/><G33/><T2/><D2/><U63/><E100/><V39/><F39/><W126/><G117/><T114/><D114/><U129/><E106/><V40/><F101/><W56/><G126/><T55/><D60/><U4/><E4/><V133/><F133/><W79/><G79/><T92/><D92/><U43/><E43/><V47/><F40/><W128/><G128/><T82/><D82/><U109/><E109/><V71/><F61/><W97/><G95/><T51/><D51/><U116/><E116/><V62/><F49/><W22/><G103/><T108/><D108/><U6/><E6/><V78/><F78/><W27/><G50/><T23/><AGARI ba="0,0" hai="11,13,15,16,19,23,29,30,52,54,55" m="49159" machi="23" ten="30,7900,0" yaku="8,1,54,3" doraHai="20" who="0" fromWho="0" sc="230,79,211,-20,406,-39,153,-20" /><INIT seed="3,0,0,5,5,135" ten="309,191,367,133" oya="3" hai0="86,61,21,130,32,38,69,78,85,35,129,56,81" hai1="2,107,96,92,9,40,15,53,0,37,18,75,11" hai2="99,49,87,93,59,71,109,50,23,120,29,79,1" hai3="110,42,17,119,132,62,101,8,116,131,22,97,68"/><W41/><G132/><T6/><D38/><U121/><E121/><V105/><F109/><W76/><G110/><T51/><D69/><U124/><E75/><V12/><F1/><W88/><G76/><T65/><D6/><U64/><E107/><V46/><F71/><W133/><G133/><T72/><D72/><U113/><E113/><V118/><F118/><W104/><G131/><T55/><D85/><U16/><E64/><V91/><F120/><W60/><G8/><T114/><D114/><U33/><E33/><V89/><F79/><W34/><G34/><T74/><D74/><U5/><E2/><V31/><F105/><W66/><G62/><T126/><D126/><U39/><E124/><V108/><F59/><W80/><G42/><T103/><D103/><U52/><E18/><N who="2" m="10695" /><F50/><W111/><G41/><T100/><D100/><U28/><E28/><V57/><F57/><W134/><G134/><T70/><D21/><U123/><E123/><V117/><F117/><W44/><G44/><T106/><D106/><U112/><E112/><V90/><F90/><W4/><G4/><T20/><D20/><U47/><E39/><V73/><F73/><W77/><G111/><T54/><D35/><U30/><E30/><V67/><F67/><W63/><G63/><N who="0" m="36247" /><D32/><U84/><REACH who="1" step="1"/><E84/><REACH who="1" ten="309,181,367,133" step="2"/><V48/><F87/><N who="3" m="50279" /><G77/><T82/><D129/><U13/><E13/><V45/><F108/><W94/><G104/><T36/><D130/><U24/><E24/><V128/><F128/><W19/><G19/><T102/><D36/><U115/><E115/><V83/><F29/><W7/><G7/><RYUUKYOKU ba="0,1" sc="309,-15,181,15,367,-15,133,15" hai1="0,5,9,11,15,16,37,40,47,52,53,92,96" hai3="17,22,60,66,68,94,97,101,116,119" /><INIT seed="3,1,1,5,1,133" ten="294,196,352,148" oya="3" hai0="78,106,76,53,67,51,111,45,8,19,100,60,72" hai1="1,128,132,109,134,71,93,94,30,52,103,7,91" hai2="98,88,27,44,18,39,104,38,25,110,10,80,127" hai3="116,24,4,73,118,13,87,23,108,125,17,59,35"/><W48/><G73/><T11/><D111/><U57/><E71/><V83/><F127/><W107/><G107/><T120/><D120/><U22/><E109/><V3/><F110/><W102/><G108/><T32/><D32/><U117/><E128/><V5/><F104/><W37/><G37/><T89/><D100/><U49/><E117/><V114/><F114/><W47/><G125/><T26/><D106/><U112/><E112/><V115/><F115/><W70/><G70/><T105/><D105/><U82/><E82/><V113/><F113/><W126/><G126/><T2/><D2/><U62/><E1/><V12/><F83/><W63/><G102/><T97/><D8/><U34/><E34/><V61/><F61/><W9/><G87/><T33/><D33/><U129/><E7/><V84/><F98/><W85/><G85/><T65/><D65/><U131/><E103/><V90/><F90/><W14/><G35/><T54/><D54/><U77/><E77/><V21/><F44/><W68/><G68/><T46/><D46/><U58/><E129/><V43/><F43/><W99/><G99/><T124/><D124/><U79/><E79/><V36/><AGARI ba="1,1" hai="3,5,10,12,18,21,25,27,36,38,39,80,84,88" machi="36" ten="30,2000,0" yaku="0,1,54,1" doraHai="133" who="2" fromWho="2" sc="294,-6,196,-6,352,33,148,-11" owari="288,8.8,190,-21.0,385,48.5,137,-36.3" /></mjloggm>