<mjloggm ver="2.3"><GO type="225" lobby="0"/><UN n0="%E8%B6%85%E7%B4%9A%E9%B3%B3%E5%87%B0" n1="%E3%82%BC%E3%83%AB%E3%83%80%E3%81%AE%E4%BC%9D%E8%AA%AC" n2="%E5%8D%A0%E3%81%84%E5%B8%AB%E8%A3%8F%E3%81%AA%E3%81%84%E3%81%97" n3="%77%72%77%72%77%72%77%72" dan="16,18,17,17" rate="2194.15,2211.95,2137.98,2229.05" sx="F,M,M,M"/><TAIKYOKU oya="0"/><INIT seed="0,0,0,2,3,94" ten="250,250,250,250" oya="0" hai0="105,103,115,90,88,116,44,53,108,100,78,71,15" hai1="50,67,77,68,121,13,22,63,4,65,12,48,34" hai2="46,38,124,91,62,74,58,14,135,117,8,122,17" hai3="60,69,0,56,31,2,114,112,57,27,87,33,128"/><T16/><D115/><U118/><E118/><V134/><F122/><W86/><G69/><T72/><D116/><U104/><E121/><V41/><F117/><W23/><G33/><T7/><D71/><U19/><E34/><V89/><F74/><W96/><G128/><T76/><D108/><U3/><E3/><V79/><F79/><W55/><G0/><T10/><D72/><U110/><E110/><V42/><F41/><W129/><G2/><T29/><D105/><U93/><E104/><V98/><F124/><W32/><G32/><T64/><D64/><U97/><E77/><V120/><F120/><W85/><G129/><T119/><D119/><U24/><E65/><V123/><F123/><W6/><G6/><T49/><D29/><U30/><E4/><V66/><REACH who="2" step="1"/><F98/><REACH who="2" ten="250,250,240,250" step="2"/><W11/><G96/><T125/><D125/><U80/><E80/><V95/><F95/><W73/><G73/><T99/><D78/><U107/><E107/><V36/><F36/><W84/><BYE who="2" /><G11/><N who="0" m="4607" /><D76/><U25/><E12/><V101/><F101/><N who="0" m="38986" /><D99/><U51/><REACH who="1" step="1"/><E30/><REACH who="1" ten="250,240,240,250" step="2"/><V45/><F45/><W52/><N who="3" m="21504" /><DORA hai="59" /><W81/><REACH who="3" step="1"/><G81/><REACH who="3" ten="250,240,240,240" step="2"/><UN n2="%E5%8D%A0%E3%81%84%E5%B8%AB%E8%A3%8F%E3%81%AA%E3%81%84%E3%81%97" /><T39/><D10/><U70/><E70/><V1/><F1/><W132/><G132/><AGARI ba="0,3" hai="8,14,17,38,42,46,58,62,66,89,91,132,134,135" machi="132" ten="40,8000,1" yaku="1,1,20,1,52,1,53,1" doraHai="94,59" doraHaiUra="106,61" who="2" fromWho="3" sc="250,0,240,0,240,110,240,-80" /><INIT seed="1,0,0,4,0,72" ten="250,240,350,160" oya="1" hai0="127,50,36,15,107,42,86,53,54,91,126,133,88" hai1="3,125,84,49,38,2,69,131,110,46,30,106,34" hai2="64,79,108,70,32,67,55,5,89,81,10,111,59" hai3="6,7,57,26,117,93,21,75,62,19,100,28,128"/><U90/><E106/><V33/><F89/><W78/><G117/><T22/><D107/><U124/><E69/><V52/><F55/><W76/><G128/><T8/><D133/><U63/><E38/><V119/><F119/><W23/><G75/><T109/><D109/><N who="2" m="42058" /><F70/><W134/><G134/><T113/><D113/><U16/><E131/><V11/><F67/><W112/><G112/><T40/><D36/><U96/><E96/><V99/><F64/><N who="3" m="38991" /><G93/><T74/><D74/><U132/><E63/><N who="2" m="36327" /><F99/><W115/><G100/><T83/><D22/><U61/><E61/><V122/><F122/><W47/><G47/><T123/><D123/><U65/><E65/><V4/><F10/><W104/><G104/><T73/><D73/><U77/><E132/><V95/><F95/><W98/><G98/><T20/><D20/><U13/><E110/><V85/><F4/><N who="3" m="1579" /><G115/><T48/><D8/><U56/><E56/><V31/><F31/><W39/><G39/><T120/><D120/><U105/><E105/><V18/><F18/><W1/><G1/><AGARI ba="0,0" hai="1,5,11,32,33,79,81,85" m="36327,42058" machi="1" ten="30,3900,0" yaku="14,1,52,1,54,1" doraHai="72" who="2" fromWho="3" sc="250,0,240,0,350,39,160,-39" /><INIT seed="2,0,0,2,2,58" ten="250,240,389,121" oya="2" hai0="68,51,48,81,113,135,120,89,22,36,128,14,67" hai1="11,64,31,17,125,32,75,124,8,16,27,117,6" hai2="59,114,127,99,38,109,29,130,72,122,53,23,94" hai3="57,108,44,86,133,80,0,96,61,13,101,41,5"/><V84/><F114/><W90/><G108/><T103/><D113/><U87/><E75/><V30/><F122/><W34/><G34/><T111/><D120/><U12/><E87/><V28/><F72/><W39/><G133/><T35/><D35/><U19/><E64/><V37/><F109/><W126/><G126/><N who="1" m="48746" /><E117/><V121/><F130/><W73/><G0/><AGARI ba="0,0" hai="0,6,8,11,12,16,17,19,27,31,32" m="48746" machi="0" ten="30,7700,0" yaku="18,1,34,2,54,1" doraHai="58" who="1" fromWho="3" sc="250,0,240,77,389,0,121,-77" /><INIT seed="3,0,0,5,1,72" ten="250,317,389,44" oya="3" hai0="106,57,116,0,23,125,6,15,119,124,21,99,4" hai1="56,133,84,95,120,83,131,109,98,112,34,110,128" hai2="22,103,96,44,35,134,62,7,49,29,53,42,38" hai3="65,104,39,102,17,130,8,74,97,121,59,28,13"/><W135/><G121/><T9/><D57/><U81/><E34/><V90/><F134/><W11/><G135/><T26/><D99/><U101/><E56/><V73/><F73/><W93/><G39/><T66/><D66/><U111/><E133/><V86/><F35/><W61/><G130/><N who="1" m="49706" /><E120/><V94/><F7/><W32/><G74/><T89/><D89/><N who="1" m="53671" /><E112/><V75/><F75/><W132/><G132/><T40/><D40/><U58/><E58/><N who="2" m="35151" /><F38/><W30/><G32/><T50/><D50/><U14/><E14/><V64/><F64/><W37/><G37/><T113/><D106/><AGARI ba="0,0" hai="81,83,98,101,106,109,110,111" m="53671,49706" machi="106" ten="40,8000,1" yaku="14,1,19,1,34,2" doraHai="72" who="1" fromWho="0" sc="250,-80,317,80,389,0,44,0" owari="170,-23.0,397,49.7,389,18.9,44,-45.6" /></mjloggm>