<mjloggm ver="2.3"><GO type="225" lobby="0"/><UN n0="%E7%9C%9F%E4%B8%80" n1="%E4%B8%89%E6%A7%93%E5%AD%90" n2="%72%61%6B%33" n3="%E8%81%B7%E6%A5%AD%E3%80%81%E9%A2%A8%32" dan="17,16,17,16" rate="2249.42,2052.67,2252.44,2140.57" sx="M,F,M,M"/><TAIKYOKU oya="0"/><INIT seed="0,0,0,1,3,14" ten="250,250,250,250" oya="0" hai0="43,36,10,69,5,32,117,47,68,3,42,60,103" hai1="38,97,114,95,104,89,98,20,108,129,88,74,121" hai2="102,71,86,126,49,46,81,52,53,100,30,91,31" hai3="37,80,84,1,133,50,19,23,112,82,116,62,90"/><T87/><D117/><U118/><E38/><V110/><F110/><W111/><G111/><T51/><D32/><U39/><E108/><V58/><F71/><W106/><G37/><T24/><D103/><N who="2" m="39466" /><F126/><W83/><G106/><T93/><D24/><U124/><E118/><V2/><F2/><W27/><G1/><T109/><D109/><U8/><E121/><V18/><F18/><W54/><G112/><T16/><D60/><AGARI ba="0,0" hai="30,31,46,49,52,53,58,60,81,86,91" m="39466" machi="60" ten="30,2000,0" yaku="8,1,54,1" doraHai="14" who="2" fromWho="0" sc="250,-20,250,0,250,20,250,0" /><INIT seed="1,0,0,3,3,55" ten="230,250,270,250" oya="1" hai0="104,106,19,43,105,34,107,102,18,60,72,49,39" hai1="61,46,67,12,117,30,129,22,4,35,17,52,62" hai2="89,115,98,83,127,84,66,21,20,90,40,109,118" hai3="65,93,132,99,45,70,91,33,85,94,48,47,15"/><U77/><E117/><V25/><F118/><W111/><G111/><T29/><D72/><U71/><E129/><V87/><F109/><W26/><G132/><T73/><D73/><U101/><E4/><V13/><F127/><W59/><G70/><T126/><D126/><U10/><E77/><V86/><F115/><W16/><G33/><T50/><N who="0" m="26624" /><DORA hai="116" /><T133/><D133/><U11/><E101/><V123/><F123/><W68/><G26/><T74/><D74/><U82/><E82/><V75/><F40/><W38/><G68/><T124/><D102/><U112/><E112/><V51/><F51/><W32/><G32/><T27/><D124/><U28/><E35/><V97/><F66/><W69/><G69/><T134/><D134/><U1/><E1/><V53/><F53/><N who="3" m="32167" /><G65/><T92/><D92/><U131/><E131/><V100/><F100/><N who="3" m="60527" /><G38/><T81/><D60/><U42/><E62/><V5/><F75/><W103/><G103/><T6/><D81/><U119/><E119/><V113/><F113/><W44/><G47/><T8/><D39/><U125/><E125/><V114/><F114/><W95/><G94/><T128/><D128/><U108/><E108/><V41/><F83/><W63/><G63/><T56/><D50/><N who="1" m="28759" /><E42/><V2/><F41/><W57/><G57/><T14/><REACH who="0" step="1"/><D56/><REACH who="0" ten="220,250,270,250" step="2"/><U7/><E71/><V122/><F97/><W54/><G54/><T37/><D37/><U23/><E61/><V135/><F98/><W31/><G31/><N who="1" m="11818" /><E67/><V24/><F135/><W88/><G91/><T121/><D121/><U130/><E130/><V120/><F122/><RYUUKYOKU ba="0,1" sc="220,10,250,10,270,-30,250,10" hai0="6,8,14,18,19,27,29,34,43,49" hai1="7,10,11,12,17,22,23" hai3="15,16,44,45,85,88,95" /><INIT seed="1,1,1,5,5,32" ten="230,260,240,260" oya="1" hai0="65,82,96,102,120,114,48,35,104,38,59,2,69" hai1="27,87,117,130,8,20,85,0,127,49,88,4,3" hai2="95,66,75,47,108,43,28,19,128,100,131,17,67" hai3="93,25,21,112,41,78,51,30,63,106,89,132,34"/><U46/><E117/><V124/><F75/><W39/><G106/><T110/><D114/><U14/><E127/><V126/><F28/><W129/><G39/><T31/><D38/><U6/><E130/><N who="2" m="49707" /><F108/><W1/><G1/><T7/><D110/><U76/><E76/><V5/><F5/><W64/><G34/><T103/><D102/><U36/><E36/><N who="2" m="21991" /><F67/><W62/><G112/><T55/><D82/><U98/><E98/><N who="2" m="59487" /><F66/><W9/><G64/><T29/><D120/><U83/><E87/><V10/><F10/><W107/><G9/><T101/><D35/><U79/><E6/><V73/><F73/><W113/><G113/><T90/><D65/><U12/><E79/><V22/><F17/><W134/><G78/><T105/><D69/><U84/><E84/><V135/><F135/><N who="3" m="51755" /><G129/><T86/><D105/><U92/><E92/><V116/><F116/><W40/><G107/><T37/><D101/><U53/><E12/><AGARI ba="1,1" hai="12,19,22,124,126" m="59487,21991,49707" machi="12" ten="30,1000,0" yaku="19,1" doraHai="32" who="2" fromWho="1" sc="230,0,260,-13,240,23,260,0" /><INIT seed="2,0,0,3,0,22" ten="230,247,263,260" oya="2" hai0="11,52,120,121,64,135,89,78,110,94,62,97,24" hai1="34,2,107,82,14,87,36,70,49,19,53,75,134" hai2="39,44,55,76,40,43,48,33,113,122,29,38,60" hai3="31,84,104,18,61,16,42,54,96,35,37,25,0"/><V90/><F113/><W46/><G0/><T5/><D110/><U51/><E134/><V17/><F122/><W115/><G115/><T27/><D135/><U1/><E36/><V95/><F76/><W26/><G25/><N who="0" m="9803" /><D121/><U79/><E34/><V98/><F33/><W15/><G15/><N who="0" m="5615" /><D120/><U88/><E70/><V72/><F72/><W114/><G114/><T47/><D78/><U23/><E107/><V112/><F29/><W127/><G127/><T83/><D83/><U65/><E65/><V117/><F117/><W123/><G123/><T56/><D47/><U13/><E13/><V77/><F77/><W12/><G46/><T126/><D126/><U93/><REACH who="1" step="1"/><E49/><REACH who="1" ten="230,237,263,260" step="2"/><V106/><F106/><W67/><G35/><T80/><D80/><U73/><E73/><V128/><F39/><W58/><G37/><T50/><D50/><U99/><E99/><V92/><F38/><W124/><G96/><T116/><D116/><U9/><E9/><V10/><F112/><W131/><G104/><T91/><D64/><U100/><E100/><AGARI ba="0,1" hai="52,56,62,89,91,94,97,100" m="5615,9803" machi="100" ten="30,8000,1" yaku="8,1,52,3,54,1" doraHai="22" who="0" fromWho="1" sc="230,90,237,-80,263,0,260,0" /><INIT seed="3,0,0,5,5,35" ten="320,157,263,260" oya="3" hai0="121,26,108,1,133,126,65,102,23,29,46,9,36" hai1="87,128,125,135,19,111,50,99,49,24,45,21,124" hai2="39,56,86,118,37,33,129,16,71,42,114,132,15" hai3="83,11,123,103,76,85,78,22,101,17,94,7,105"/><W54/><G123/><T91/><D121/><U8/><E111/><V80/><F114/><W55/><G105/><T58/><D108/><U70/><E70/><V100/><F33/><W44/><G78/><T59/><D102/><U64/><E64/><V30/><F71/><W110/><G110/><T75/><D75/><U6/><E128/><V88/><F30/><W81/><G81/><T60/><D133/><U47/><E135/><V12/><F118/><W52/><G44/><T74/><D74/><U32/><E99/><V20/><F129/><W131/><G94/><T92/><D126/><U130/><E130/><V62/><F132/><W53/><G53/><T96/><D36/><U69/><E69/><V90/><F100/><W109/><G131/><T73/><D46/><U117/><E117/><V89/><F12/><N who="3" m="5247" /><G109/><T14/><D1/><U107/><E107/><V112/><F112/><W134/><G134/><T67/><D73/><U27/><E32/><V95/><F42/><W34/><G34/><T93/><D93/><U120/><E120/><V84/><REACH who="2" step="1"/><F89/><REACH who="2" ten="320,157,253,260" step="2"/><W104/><G104/><T72/><D91/><U79/><E125/><V122/><F122/><W43/><G43/><T0/><D29/><U13/><E124/><V57/><F57/><W115/><G115/><T82/><D59/><U28/><E28/><V116/><F116/><W40/><G40/><T2/><D58/><U77/><E47/><V113/><F113/><W3/><G3/><T51/><D0/><U98/><E45/><V66/><AGARI ba="0,1" hai="15,16,20,37,39,56,62,66,80,84,86,88,90,95" machi="66" ten="20,12000,2" yaku="1,1,0,1,7,1,54,2,53,1" doraHai="35" doraHaiUra="63" who="2" fromWho="2" sc="320,-30,157,-30,253,130,260,-60" owari="290,9.0,127,-37.3,383,48.3,200,-20.0" /></mjloggm>