<mjloggm ver="2.3"><GO type="225" lobby="0"/><UN n0="%4E%6F%2E%30%30%30%31" n1="%72%69%6F%75%63%68%61%6E" n2="%77%72%77%72%77%72%77%72" n3="%54%61%6E%67%6C%65" dan="18,16,16,16" rate="2195.71,2174.53,2118.72,2045.79" sx="F,M,M,M"/><TAIKYOKU oya="0"/><INIT seed="0,0,0,3,1,100" ten="250,250,250,250" oya="0" hai0="47,101,106,126,46,32,84,57,116,115,22,42,127" hai1="135,121,99,3,31,78,35,118,26,1,39,128,20" hai2="36,77,17,87,80,29,113,18,38,33,49,0,11" hai3="6,15,5,16,63,34,21,88,76,12,73,64,40"/><T53/><D115/><U134/><E39/><V110/><F113/><W14/><G34/><T45/><D32/><U10/><E78/><V117/><F110/><W19/><G40/><T120/><D116/><U86/><E86/><V70/><F117/><W9/><G15/><T107/><D120/><U27/><E118/><V41/><F70/><W60/><G63/><T25/><D84/><U108/><E121/><V131/><F131/><W71/><REACH who="3" step="1"/><G88/><REACH who="3" ten="250,250,250,240" step="2"/><T124/><D42/><U67/><E35/><V132/><F41/><W82/><AGARI ba="0,1" hai="5,6,9,12,14,16,19,21,60,64,71,73,76,82" machi="82" ten="30,8000,1" yaku="1,1,2,1,0,1,54,1,53,1" doraHai="100" doraHaiUra="7" who="3" fromWho="3" sc="250,-40,250,-20,250,-20,240,90" /><INIT seed="1,0,0,1,4,14" ten="210,230,230,330" oya="1" hai0="73,64,17,92,0,9,45,107,50,84,124,12,8" hai1="105,20,2,87,93,71,61,89,110,112,127,10,91" hai2="77,70,59,39,53,34,78,4,69,28,26,11,38" hai3="98,49,102,135,72,43,24,106,19,40,116,94,118"/><U62/><E112/><V101/><F101/><W41/><G72/><T15/><D107/><U29/><E127/><V82/><F70/><W75/><G75/><T85/><D73/><U86/><E105/><V103/><F103/><W111/><G111/><T66/><D0/><U65/><E110/><V113/><F69/><W83/><G83/><T97/><D124/><U57/><E2/><V123/><F123/><W32/><G135/><T63/><D97/><U126/><E126/><V129/><F113/><W76/><G76/><T7/><D92/><U6/><E29/><V108/><F108/><W67/><G67/><N who="0" m="25643" /><D63/><U27/><E62/><V58/><F58/><W52/><G106/><T122/><D122/><U130/><E130/><V55/><F55/><AGARI ba="0,0" hai="7,8,9,12,15,17,45,50,55,84,85" m="25643" machi="55" ten="30,2000,0" yaku="8,1,52,1" doraHai="14" who="0" fromWho="2" sc="210,20,230,0,230,-20,330,0" /><INIT seed="2,0,0,1,2,15" ten="230,230,210,330" oya="2" hai0="105,85,23,123,59,100,35,22,102,2,38,54,12" hai1="71,98,42,9,132,19,68,106,119,4,130,122,26" hai2="88,24,108,113,134,46,3,109,62,101,6,110,16" hai3="30,25,14,69,124,27,77,120,72,107,28,50,1"/><V96/><F113/><W89/><G120/><T128/><D123/><U47/><E119/><V64/><F134/><W31/><G1/><T75/><D75/><U127/><E122/><V61/><F46/><W40/><G69/><T87/><D35/><U126/><E130/><V34/><F88/><W112/><G112/><T48/><D2/><U78/><E132/><V29/><F16/><W44/><G107/><T93/><D38/><U133/><E133/><V79/><F79/><W52/><G124/><N who="1" m="47658" /><E78/><V63/><F6/><W90/><G40/><T95/><D105/><U49/><E26/><V13/><F13/><W41/><G41/><T55/><D128/><U104/><E19/><V7/><F7/><W82/><G14/><T125/><D125/><U58/><E58/><V121/><F3/><W5/><G5/><T17/><D23/><U135/><E106/><N who="2" m="63783" /><F121/><W76/><G77/><T74/><D74/><U92/><E104/><V129/><F129/><W43/><G43/><T80/><D55/><U81/><E135/><V56/><AGARI ba="0,0" hai="24,29,34,56,61,62,63,64,108,109,110" m="63783" machi="56" ten="30,3000,0" yaku="14,1,10,1" doraHai="15" who="2" fromWho="2" sc="230,-10,230,-10,210,30,330,-10" /><INIT seed="2,1,0,2,4,5" ten="220,220,240,320" oya="2" hai0="120,28,121,108,107,105,96,27,55,37,133,89,125" hai1="6,2,8,119,39,93,101,99,3,102,85,94,20" hai2="132,69,126,97,58,75,128,110,12,66,47,31,62" hai3="79,51,88,109,130,41,24,0,80,73,70,122,103"/><V104/><F75/><W78/><G122/><T54/><D37/><U52/><E119/><V38/><F128/><W17/><G70/><T9/><D108/><U26/><E39/><V90/><F132/><W124/><G0/><T60/><D133/><U36/><E36/><V16/><F110/><W63/><G109/><T40/><D40/><U30/><E52/><V95/><F126/><W32/><G63/><T33/><D125/><U82/><E101/><V115/><F115/><W42/><G103/><T91/><D91/><U61/><E61/><V59/><F104/><W45/><G130/><T135/><D135/><U13/><REACH who="1" step="1"/><E93/><REACH who="1" ten="220,210,240,320" step="2"/><V11/><F38/><W129/><G124/><T113/><D120/><U100/><E100/><V56/><F47/><W29/><G129/><T23/><D121/><U87/><E87/><V50/><F50/><W127/><G127/><T46/><D46/><U18/><E18/><V19/><F19/><W64/><G17/><T98/><D60/><U34/><E34/><V15/><F31/><W44/><G73/><T65/><D33/><U111/><E111/><V21/><F69/><W72/><G72/><T123/><D123/><U22/><E22/><V131/><F131/><W114/><G32/><T81/><D54/><U117/><E117/><V10/><F21/><W68/><G29/><T7/><D23/><U4/><E4/><N who="2" m="3143" /><F66/><W134/><G64/><T25/><D65/><U116/><E116/><V53/><AGARI ba="1,1" hai="11,15,16,53,56,58,59,62,90,95,97" m="3143" machi="53" ten="30,11700,0" yaku="8,1,52,2,54,1" doraHai="5" who="2" fromWho="2" sc="220,-40,210,-40,240,130,320,-40" /><INIT seed="2,2,0,0,0,3" ten="180,170,370,280" oya="2" hai0="22,91,85,92,0,70,13,98,27,58,2,66,30" hai1="55,12,47,79,14,123,87,6,113,48,53,1,116" hai2="26,110,111,42,49,37,130,128,101,34,23,28,60" hai3="40,108,135,63,32,125,97,88,39,18,117,11,41"/><V84/><F101/><W80/><G117/><T21/><D70/><U89/><E113/><V67/><F37/><W33/><G108/><N who="2" m="41513" /><F84/><W105/><G125/><T61/><D13/><U10/><E116/><V64/><F34/><W75/><G135/><T52/><D21/><U134/><E134/><V78/><F78/><W31/><G33/><T45/><D45/><U35/><E123/><V4/><F4/><W46/><G32/><T74/><D74/><U5/><E35/><V119/><F119/><W71/><G31/><T93/><REACH who="0" step="1"/><D66/><REACH who="0" ten="170,170,370,280" step="2"/><U126/><E126/><V38/><F64/><W83/><G71/><T59/><D59/><U122/><E122/><V43/><F67/><W19/><G75/><T132/><D132/><U51/><E79/><V76/><F23/><W102/><G46/><T50/><D50/><U81/><E5/><V95/><F49/><W36/><G39/><T104/><D104/><U124/><E124/><V120/><F76/><W72/><G72/><T133/><D133/><U56/><AGARI ba="2,1" hai="1,6,10,12,14,47,48,51,53,55,56,81,87,89" machi="56" ten="20,2700,0" yaku="0,1,7,1,52,1" doraHai="3" who="1" fromWho="1" sc="170,-9,170,43,370,-15,280,-9" /><INIT seed="3,0,0,4,3,28" ten="161,213,355,271" oya="3" hai0="84,77,17,95,42,18,5,32,92,89,115,126,120" hai1="76,129,116,101,123,39,1,53,59,131,51,74,94" hai2="68,4,27,34,85,12,109,44,56,70,57,65,93" hai3="49,50,114,121,86,83,119,45,61,125,97,54,38"/><W82/><G121/><T7/><D120/><U88/><E39/><V105/><F105/><W36/><G119/><T20/><D126/><U72/><E1/><V0/><F0/><W127/><G114/><T135/><D135/><U128/><E123/><V117/><F117/><W16/><G61/><T71/><D71/><U41/><E116/><V24/><F34/><W90/><G97/><T91/><D115/><U43/><E101/><V8/><F70/><W21/><G83/><T9/><D77/><U31/><E31/><V64/><F68/><W67/><G67/><N who="2" m="25673" /><F44/><W73/><G73/><N who="1" m="28266" /><E76/><V22/><F27/><W108/><G108/><T29/><D42/><U2/><E2/><V112/><F109/><W111/><G111/><T6/><D9/><U104/><E104/><V130/><F130/><N who="1" m="33281" /><U35/><DORA hai="106" /><E35/><V87/><F112/><W15/><REACH who="3" step="1"/><G50/><REACH who="3" ten="161,213,355,261" step="2"/><T10/><D32/><U81/><E81/><V69/><F93/><W30/><G30/><T60/><D60/><U55/><E55/><V103/><F103/><W134/><G134/><T48/><D48/><U96/><AGARI ba="0,1" hai="41,43,51,53,59,88,94,96" m="33281,28266" machi="96" ten="50,8000,1" yaku="19,1,52,3,54,1" doraHai="28,106" who="1" fromWho="1" sc="161,-20,213,90,355,-20,261,-40" owari="141,-35.9,303,10.3,335,43.5,221,-17.9" /></mjloggm>