<mjloggm ver="2.3"><GO type="225" lobby="0"/><UN n0="%47%32%E9%BE%8D%E9%96%80" n1="%E3%82%82%E3%81%90%E3%82%89" n2="%72%69%6F%75%63%68%61%6E" n3="%6D%75%75%6D%75%72%61" dan="16,17,16,16" rate="2087.14,2234.38,2211.65,2114.99" sx="M,M,M,F"/><TAIKYOKU oya="0"/><INIT seed="0,0,0,5,0,27" ten="250,250,250,250" oya="0" hai0="17,16,20,96,36,94,89,22,2,44,24,32,43" hai1="49,5,48,69,68,34,105,86,83,46,134,47,112" hai2="111,109,31,74,67,65,79,100,117,60,126,55,50" hai3="120,80,8,23,18,71,6,104,14,132,53,4,41"/><T38/><D2/><U114/><E105/><V99/><F126/><W81/><G104/><T98/><D32/><U124/><E34/><V102/><F117/><W58/><G71/><T61/><D61/><U1/><E5/><V88/><F31/><W3/><G132/><T37/><REACH who="0" step="1"/><D96/><REACH who="0" ten="240,250,250,250" step="2"/><U64/><E1/><V123/><F60/><W135/><G3/><T107/><D107/><U110/><E134/><V113/><F99/><W29/><G135/><T0/><D0/><U127/><E124/><V75/><F111/><W57/><G120/><T121/><D121/><U116/><E127/><V52/><F109/><W13/><G4/><T76/><D76/><U62/><E110/><V30/><F79/><W103/><G6/><T106/><D106/><U82/><E62/><V70/><F123/><W97/><G97/><T90/><D90/><U122/><E122/><V45/><F88/><W93/><G103/><T95/><D95/><U11/><E116/><V87/><F102/><W63/><G93/><T56/><D56/><U77/><E77/><V28/><F100/><W21/><G58/><T133/><D133/><U12/><E69/><V73/><F70/><W92/><G92/><T119/><D119/><U101/><E101/><V15/><F113/><W78/><G78/><T10/><D10/><U33/><E33/><V128/><F75/><W25/><G8/><T91/><D91/><N who="1" m="51671" /><E114/><V26/><F74/><W125/><G125/><T66/><D66/><U129/><E68/><V108/><F67/><W54/><G63/><T85/><D85/><U40/><E112/><V35/><F73/><RYUUKYOKU ba="0,1" sc="240,30,250,-10,250,-10,250,-10" hai0="16,17,20,22,24,36,37,38,43,44,89,94,98" /><INIT seed="0,1,1,1,2,81" ten="270,240,240,240" oya="0" hai0="33,110,61,15,78,108,60,19,18,75,129,37,63" hai1="40,120,100,39,80,83,53,11,90,121,43,119,98" hai2="30,62,5,91,74,7,50,48,94,69,93,26,96" hai3="9,16,86,111,8,89,32,135,56,76,4,36,0"/><T133/><D37/><U123/><E119/><V105/><F105/><W25/><G111/><N who="0" m="42539" /><D129/><U115/><E115/><V92/><F74/><W72/><G135/><T29/><D133/><U52/><E11/><V2/><F94/><W21/><G36/><T64/><D64/><U88/><E39/><V3/><F5/><W103/><G32/><T125/><D125/><U47/><E47/><V87/><F3/><W104/><G72/><T6/><D6/><U132/><E132/><V124/><F124/><W23/><G76/><T116/><D116/><U14/><E14/><V99/><F99/><W79/><G79/><T112/><D112/><U117/><E98/><V70/><F70/><W68/><G68/><T82/><D15/><U128/><E100/><V67/><F7/><W85/><G104/><T95/><D95/><U46/><E46/><V41/><F41/><N who="1" m="15945" /><E117/><V107/><F107/><W126/><G103/><T22/><D33/><U97/><E97/><V118/><F2/><W28/><G89/><N who="1" m="34410" /><E128/><V59/><F118/><W27/><G126/><T114/><D114/><U13/><E13/><V10/><F69/><W127/><G127/><T24/><AGARI ba="1,1" hai="18,19,22,24,29,60,61,63,75,78,82" m="42539" machi="24" ten="40,3900,0" yaku="14,1,10,1" doraHai="81" who="0" fromWho="0" sc="270,52,240,-14,240,-14,240,-14" /><INIT seed="0,2,0,4,5,1" ten="322,226,226,226" oya="0" hai0="26,33,28,132,8,115,94,40,86,95,78,53,135" hai1="6,88,74,36,76,43,45,117,52,46,32,120,98" hai2="104,87,108,82,91,119,31,18,10,20,11,84,92" hai3="131,66,49,114,7,34,14,110,39,25,113,16,112"/><T134/><D115/><U100/><E120/><V102/><F108/><W57/><G39/><T30/><D40/><U90/><E32/><V83/><F119/><W12/><G110/><T63/><D30/><U109/><E117/><V128/><F128/><W64/><G131/><T48/><D63/><U21/><E109/><V89/><F104/><W29/><G12/><T72/><D72/><U126/><E126/><V73/><F31/><W58/><G7/><T65/><D65/><U124/><E124/><V51/><F51/><W70/><G70/><T62/><D62/><U22/><E76/><V69/><F69/><W80/><G80/><N who="0" m="47383" /><D8/><U68/><E74/><V127/><F127/><W27/><G27/><T67/><D67/><U42/><E68/><V23/><F73/><W77/><G77/><T93/><D94/><U129/><E52/><V19/><REACH who="2" step="1"/><F92/><REACH who="2" ten="322,226,216,226" step="2"/><W71/><G71/><T17/><D17/><U56/><E129/><V4/><F4/><W130/><G130/><T24/><D24/><U3/><E6/><V106/><F106/><W125/><G125/><T54/><D48/><U79/><E36/><V81/><F81/><W5/><G5/><T107/><D107/><U116/><E116/><V103/><AGARI ba="2,1" hai="10,11,18,19,20,23,82,83,84,87,89,91,102,103" machi="103" ten="25,8000,1" yaku="1,1,0,1,22,2,8,1,53,0" doraHai="1" doraHaiUra="122" who="2" fromWho="2" sc="322,-42,226,-22,216,96,226,-22" /><INIT seed="1,0,0,2,3,37" ten="280,204,312,204" oya="1" hai0="57,134,3,6,85,10,59,28,86,22,27,83,53" hai1="117,21,82,35,129,135,56,42,130,8,23,95,29" hai2="119,71,116,49,25,34,65,15,61,91,124,45,78" hai3="92,16,52,2,115,104,7,98,107,66,41,125,99"/><U132/><E117/><V11/><F124/><W43/><G115/><T74/><D134/><N who="1" m="51243" /><E82/><V9/><F9/><W111/><G125/><T64/><D74/><U122/><E122/><V20/><F34/><W40/><G111/><T93/><D64/><U50/><E8/><V38/><F38/><W90/><G66/><T112/><D112/><U89/><E35/><V121/><F121/><W4/><G2/><T100/><D53/><N who="1" m="31799" /><E42/><V13/><F78/><W17/><G52/><T105/><D105/><U26/><E21/><V33/><F33/><W72/><G72/><T94/><D83/><U123/><E123/><V88/><F119/><W44/><G44/><T68/><D22/><U103/><E103/><V18/><F116/><W128/><G128/><T63/><D100/><U81/><E81/><V1/><F1/><W48/><G48/><T47/><D10/><U108/><E108/><V96/><F96/><AGARI ba="0,0" hai="23,26,29,89,95,96,129,130" m="31799,51243" machi="96" ten="30,1500,0" yaku="20,1" doraHai="37" who="1" fromWho="2" sc="280,0,204,15,312,-15,204,0" /><INIT seed="1,1,0,0,5,16" ten="280,219,297,204" oya="1" hai0="37,134,94,106,77,60,76,63,23,104,11,5,54" hai1="131,71,135,44,12,32,57,78,24,98,122,72,22" hai2="35,95,120,130,112,45,38,90,36,101,111,20,62" hai3="19,126,18,89,81,75,80,88,21,99,47,33,67"/><U127/><E71/><V68/><F120/><W85/><G33/><T58/><D37/><U128/><E122/><V13/><F35/><W15/><G126/><T84/><D134/><U29/><E127/><V79/><F111/><W110/><G110/><T48/><D106/><U9/><E135/><V108/><F108/><W87/><G75/><T132/><D104/><U107/><E44/><V109/><F109/><W6/><G67/><T121/><D121/><U55/><E78/><V64/><F130/><N who="1" m="49705" /><E72/><V123/><F123/><W42/><G99/><T56/><D132/><U31/><E107/><V129/><F129/><W7/><G18/><T83/><D76/><U8/><E98/><V91/><F112/><W30/><G30/><T115/><D115/><U69/><E69/><V73/><F45/><W34/><G34/><T14/><D94/><U27/><E12/><V0/><F0/><W100/><G100/><T66/><D63/><AGARI ba="1,0" hai="8,9,22,24,27,29,31,32,55,57,63" m="49705" machi="63" ten="30,2900,0" yaku="19,1,52,1" doraHai="16" who="1" fromWho="0" sc="280,-32,219,32,297,0,204,0" /><INIT seed="1,2,0,2,4,57" ten="248,251,297,204" oya="1" hai0="60,93,110,34,92,41,97,71,90,6,84,12,86" hai1="108,81,85,0,116,96,26,131,70,80,47,44,98" hai2="99,123,120,107,15,55,88,2,49,38,91,78,68" hai3="82,65,21,75,4,45,31,19,103,13,7,113,8"/><U67/><E116/><V35/><F2/><W104/><G113/><T64/><D34/><U105/><E0/><V59/><F38/><W24/><G65/><T89/><D110/><U5/><E5/><V53/><F35/><W126/><G126/><T125/><D125/><U54/><E131/><V87/><F68/><W22/><G104/><T121/><D121/><U9/><E105/><V16/><F53/><W76/><G103/><T14/><D41/><U102/><E108/><V134/><F134/><W27/><REACH who="3" step="1"/><G45/><REACH who="3" ten="248,251,297,194" step="2"/><T25/><D6/><AGARI ba="2,1" hai="4,6,7,8,13,19,21,22,24,27,31,75,76,82" machi="6" ten="30,3900,0" yaku="1,1,2,1,7,1,53,0" doraHai="57" doraHaiUra="32" who="3" fromWho="0" sc="248,-45,251,0,297,0,194,55" /><INIT seed="2,0,0,5,3,102" ten="203,251,297,249" oya="2" hai0="7,50,25,41,124,83,73,84,1,79,46,135,23" hai1="92,88,127,19,28,67,103,37,109,53,113,90,16" hai2="86,78,75,112,40,45,110,10,21,121,95,77,3" hai3="131,18,57,133,52,60,125,0,106,128,31,104,98"/><V56/><F112/><W122/><G122/><T12/><D135/><U87/><E37/><V5/><F121/><W14/><G133/><T68/><D68/><U69/><E113/><V120/><F120/><W38/><G125/><T26/><D124/><U76/><E127/><V129/><F129/><N who="3" m="49739" /><G0/><T97/><D1/><U55/><E109/><V74/><F110/><W94/><G38/><T43/><D43/><U58/><E28/><V6/><F6/><W36/><G31/><T47/><D47/><U134/><E134/><V64/><F21/><N who="3" m="11479" /><G36/><T32/><D32/><U80/><E103/><AGARI ba="0,0" hai="52,57,60,94,98,103,104,106" m="11479,49739" machi="103" ten="30,7700,0" yaku="19,1,52,2,54,1" doraHai="102" who="3" fromWho="1" sc="203,0,251,-77,297,0,249,77" /><INIT seed="3,0,0,0,1,43" ten="203,174,297,326" oya="3" hai0="53,28,91,76,16,27,108,128,117,15,21,103,7" hai1="80,121,50,86,10,39,30,60,69,63,25,49,31" hai2="4,35,124,5,52,73,54,3,105,106,115,92,110" hai3="40,46,101,123,131,57,100,81,90,135,67,114,68"/><W98/><G114/><T20/><D117/><U32/><E39/><V65/><F115/><W2/><G68/><T111/><D128/><U58/><E121/><V47/><F35/><W33/><G2/><T13/><D76/><U88/><E31/><V112/><F112/><W109/><G123/><T62/><D103/><U9/><E69/><V97/><F73/><W23/><G33/><T59/><REACH who="0" step="1"/><D91/><REACH who="0" ten="193,174,297,326" step="2"/><U126/><E126/><V11/><F124/><W129/><G101/><T18/><D18/><U41/><E63/><V74/><F5/><W118/><G100/><T94/><D94/><U120/><E120/><V38/><F106/><W0/><G90/><T84/><D84/><U122/><E122/><V113/><F105/><W79/><G79/><T130/><D130/><U12/><E41/><N who="2" m="22967" /><F113/><W29/><G40/><T133/><D133/><U37/><E37/><V134/><F134/><W70/><G135/><T89/><D89/><U14/><E50/><V83/><F110/><W125/><G109/><T96/><D96/><U36/><E49/><V48/><F48/><W93/><G98/><T95/><D95/><U127/><E36/><V75/><F75/><W119/><G93/><T116/><D116/><U26/><E127/><V51/><F51/><W19/><G125/><T55/><D55/><U78/><E78/><N who="2" m="44503" /><F65/><W1/><G119/><T99/><D99/><U71/><E88/><AGARI ba="0,1" hai="3,4,11,52,54,88,92,97" m="44503,22967" machi="88" ten="30,7700,0" yaku="25,1,52,1,54,2" doraHai="43" who="2" fromWho="1" sc="193,0,174,-77,297,87,326,0" owari="193,-20.7,97,-40.3,384,48.4,326,12.6" /></mjloggm>