<mjloggm ver="2.3"><GO type="225" lobby="0"/><UN n0="%E3%83%81%E3%83%83%E3%82%BF%E3%82%BD%E3%83%BC" n1="%E3%80%93%E3%81%97%E3%83%BC%E3%82%89%E3%80%93" n2="%E3%80%90%E3%83%88%E3%83%AA%E3%83%A5%E3%83%95%E3%80%91" n3="%E3%81%AF%E3%82%88%E3%81%8A%E3%81%98%E3%81%95%E3%82%93" dan="17,17,16,17" rate="2202.67,2150.54,2076.28,2146.03" sx="F,M,M,M"/><TAIKYOKU oya="0"/><INIT seed="0,0,0,5,1,111" ten="250,250,250,250" oya="0" hai0="31,103,83,52,85,91,121,133,36,106,0,123,57" hai1="134,95,55,28,33,32,135,69,97,81,87,92,101" hai2="67,112,46,3,42,62,47,38,59,12,60,90,74" hai3="5,1,80,39,132,16,58,84,13,30,75,11,22"/><T129/><D133/><N who="1" m="50699" /><E69/><V29/><F3/><W65/><G132/><T94/><D129/><U124/><E124/><V98/><F74/><W117/><G117/><T15/><D0/><U63/><E63/><V119/><F47/><W131/><G131/><T110/><D36/><U70/><E70/><V120/><F120/><W24/><G39/><T45/><D45/><U68/><E68/><V48/><F119/><W109/><G109/><T34/><D110/><U44/><E55/><V77/><F77/><W76/><G75/><T6/><D106/><N who="1" m="63791" /><E44/><V66/><F29/><W21/><G58/><T27/><D6/><U116/><E116/><V130/><F12/><W37/><G37/><T14/><D121/><U41/><E41/><V107/><F38/><W118/><G118/><T102/><D123/><U89/><E28/><V19/><F19/><W40/><G65/><T17/><D94/><AGARI ba="0,0" hai="32,33,81,87,89,92,94,95" m="63791,50699" machi="94" ten="30,1000,0" yaku="20,1" doraHai="111" who="1" fromWho="0" sc="250,-10,250,10,250,0,250,0" /><INIT seed="1,0,0,3,1,75" ten="240,260,250,250" oya="1" hai0="56,96,91,74,101,106,86,44,54,52,135,60,117" hai1="134,12,87,85,37,68,43,6,127,57,18,47,69" hai2="17,41,10,121,107,9,24,5,35,22,94,120,3" hai3="76,42,116,36,62,131,40,113,102,31,122,112,32"/><U48/><E6/><V110/><F107/><W21/><G122/><T78/><D135/><U20/><E134/><V38/><F110/><W7/><G32/><T23/><D117/><U66/><E127/><V67/><F67/><W88/><G116/><T1/><D1/><U72/><E72/><V128/><F128/><W108/><G131/><T29/><D29/><U84/><REACH who="1" step="1"/><E48/><REACH who="1" ten="240,250,250,250" step="2"/><V132/><F132/><W70/><G7/><T34/><D34/><U13/><E13/><N who="2" m="9519" /><F10/><W79/><G108/><T55/><D23/><U26/><E26/><V98/><F38/><W14/><G36/><T45/><D44/><U11/><E11/><V16/><F120/><W27/><G14/><T25/><D45/><U28/><E28/><N who="2" m="19847" /><F121/><W19/><G31/><T89/><D25/><U49/><E49/><V93/><F16/><W109/><G109/><T123/><D123/><U2/><E2/><V58/><F41/><W63/><G40/><T39/><D39/><U81/><E81/><V104/><F58/><W4/><G42/><T59/><D74/><U90/><E90/><V119/><F119/><W115/><G4/><T65/><D56/><U53/><E53/><V80/><F80/><W46/><G46/><T8/><D8/><U111/><E111/><V83/><F83/><W114/><G112/><T71/><D59/><U30/><E30/><V103/><AGARI ba="0,1" hai="3,5,9,93,94,98,103,104" m="19847,9519" machi="103" ten="30,1100,0" yaku="24,1" doraHai="75" who="2" fromWho="2" sc="240,-3,250,-5,250,21,250,-3" /><INIT seed="2,0,0,3,2,3" ten="237,245,271,247" oya="2" hai0="125,70,31,64,53,68,15,130,9,123,7,42,13" hai1="59,103,104,28,17,87,37,105,38,134,98,121,10" hai2="81,54,73,93,27,82,39,94,18,36,88,122,129" hai3="50,11,52,76,58,32,133,6,79,65,56,95,111"/><V61/><F122/><W77/><G32/><T113/><D123/><U71/><E121/><V51/><F129/><W112/><G111/><T40/><D113/><U8/><E134/><V47/><F94/><W55/><G133/><T118/><D118/><U30/><E71/><V72/><F82/><W4/><G112/><T43/><D130/><U120/><E120/><V62/><F39/><W115/><G115/><T114/><D114/><U101/><E59/><V24/><F72/><W63/><G11/><T60/><D125/><U5/><E87/><N who="2" m="50287" /><F36/><W20/><G20/><T135/><D135/><U83/><E83/><V33/><F33/><W78/><N who="3" m="19456" /><DORA hai="97" /><W25/><G25/><N who="2" m="9801" /><F73/><W116/><G116/><T66/><D31/><U23/><E23/><V86/><F18/><W75/><G75/><T80/><D80/><U108/><E17/><V29/><F29/><W48/><REACH who="3" step="1"/><G95/><REACH who="3" ten="237,245,271,237" step="2"/><T67/><REACH who="0" step="1"/><D15/><REACH who="0" ten="227,245,271,237" step="2"/><U34/><E34/><V100/><F86/><W26/><G26/><T41/><N who="0" m="10240" /><DORA hai="106" /><T45/><D45/><AGARI ba="0,2" hai="4,6,45,48,50,52,55,56,58,63,65" m="19456" machi="45" ten="50,16000,3" yaku="1,1,8,1,52,2,54,1,53,4" doraHai="3,97,106" doraHaiUra="0,49,110" who="3" fromWho="0" sc="227,-160,245,0,271,0,237,180" /><INIT seed="3,0,0,4,0,87" ten="67,245,271,417" oya="3" hai0="1,69,78,112,72,59,127,132,6,62,99,90,61" hai1="58,131,82,13,97,0,38,95,31,96,105,88,86" hai2="23,102,47,108,63,7,57,115,44,133,103,77,30" hai3="126,98,66,79,10,120,83,18,11,135,26,60,36"/><W104/><G120/><T37/><D37/><U40/><E0/><V43/><F115/><W67/><G36/><T27/><D127/><U85/><E131/><V3/><F108/><W28/><G126/><T81/><D132/><U54/><E31/><V91/><F77/><W20/><G135/><T114/><D27/><U116/><E116/><V46/><F3/><W51/><G104/><T101/><D69/><U119/><E119/><V129/><F7/><W29/><G98/><T94/><D6/><U113/><E113/><V5/><F5/><W15/><G51/><T107/><D1/><U22/><E40/><V100/><F129/><W42/><G42/><T76/><D62/><N who="1" m="36183" /><E38/><V49/><F133/><W4/><G10/><T34/><D34/><U64/><E64/><N who="2" m="39023" /><F91/><W128/><G128/><T53/><REACH who="0" step="1"/><D76/><REACH who="0" ten="57,245,271,417" step="2"/><N who="1" m="46279" /><E105/><V130/><F130/><W84/><G67/><T65/><D65/><U33/><E33/><V118/><F118/><W45/><G45/><T24/><D24/><AGARI ba="0,1" hai="23,24,30,43,44,46,47,49,100,102,103" m="39023" machi="24" ten="30,1000,0" yaku="8,1" doraHai="87" who="2" fromWho="0" sc="57,-10,245,0,271,20,417,0" owari="47,-45.3,245,-15.5,291,9.1,417,51.7" /></mjloggm>