<mjloggm ver="2.3"><GO type="225" lobby="0"/><UN n0="%E3%81%95%E3%81%8D%E3%81%9F%E3%81%BE%E6%9E%97%E6%AA%8E" n1="%E5%B8%86%E7%AB%8B%E5%A4%8F%E8%A1%A3" n2="%E3%81%AB%E3%81%97%E3%81%A0%E3%81%8F%E3%82%93" n3="%E6%B4%BE%E9%81%A3%E3%81%AE%E3%82%B8%E3%83%A3%E3%83%83%E3%82%AF" dan="16,16,16,17" rate="2085.05,2186.95,2057.70,2195.88" sx="M,M,M,M"/><TAIKYOKU oya="0"/><INIT seed="0,0,0,0,5,60" ten="250,250,250,250" oya="0" hai0="76,48,112,30,106,133,125,43,123,77,121,18,98" hai1="14,8,124,11,68,75,104,120,58,129,49,65,4" hai2="51,108,86,47,57,5,66,23,38,15,97,37,79" hai3="1,56,0,32,88,7,109,134,24,6,69,74,3"/><T46/><D112/><U78/><E120/><V81/><F108/><W130/><G74/><T45/><D133/><U110/><E104/><V126/><F126/><W25/><G69/><T21/><D125/><U36/><E36/><V64/><F97/><W111/><G56/><T101/><D30/><U9/><E129/><V41/><F38/><W115/><G115/><T73/><D73/><U63/><E110/><N who="3" m="41994" /><G130/><T44/><D46/><U67/><E124/><V99/><F99/><W40/><G40/><T61/><D61/><U33/><E33/><V103/><F103/><W119/><G119/><T80/><D45/><U22/><E68/><V131/><F131/><W118/><G118/><T55/><D43/><U28/><E75/><V89/><F79/><W34/><G88/><T16/><D18/><U91/><E78/><V94/><F81/><W128/><G134/><T12/><REACH who="0" step="1"/><D80/><REACH who="0" ten="240,250,250,250" step="2"/><U93/><E28/><V29/><F29/><W82/><G82/><T13/><D13/><U35/><E35/><N who="3" m="13354" /><G128/><T2/><D2/><U127/><E127/><V122/><F47/><W116/><G116/><T31/><D31/><U72/><E72/><V39/><F41/><W71/><G71/><T95/><D95/><U83/><E83/><V102/><F94/><W100/><G100/><T135/><D135/><U96/><E49/><V70/><F51/><W117/><G117/><T113/><D113/><U19/><E4/><AGARI ba="0,1" hai="0,1,3,4,6,7,24,25" m="13354,41994" machi="4" ten="40,8000,1" yaku="28,2,14,1,34,2" doraHai="60" who="3" fromWho="1" sc="240,0,250,-80,250,0,250,90" /><INIT seed="1,0,0,4,2,23" ten="240,170,250,340" oya="1" hai0="11,107,89,64,101,32,1,48,80,49,60,55,21" hai1="125,128,27,123,46,72,56,79,0,71,63,102,84" hai2="108,126,132,36,86,133,115,122,68,94,105,83,29" hai3="73,19,129,82,93,37,119,62,99,114,110,58,47"/><U25/><E123/><V95/><F122/><W88/><G110/><T35/><D1/><U130/><E0/><V34/><F36/><W52/><G114/><T41/><D41/><U5/><E5/><V127/><F108/><W113/><G113/><T81/><D11/><U135/><E72/><V66/><F105/><W124/><G129/><N who="1" m="49770" /><E71/><V6/><F115/><W18/><G124/><N who="2" m="47657" /><F6/><W4/><G4/><T17/><D107/><U65/><E125/><V50/><F50/><N who="3" m="28767" /><G73/><T85/><D101/><U26/><E135/><N who="2" m="51787" /><F66/><N who="3" m="39255" /><G37/><T33/><D64/><U7/><E7/><V90/><F68/><W20/><G119/><T42/><D42/><U40/><E102/><V111/><F111/><W10/><G10/><T61/><D49/><N who="1" m="26823" /><E84/><V97/><F29/><W22/><G18/><T24/><REACH who="0" step="1"/><D81/><REACH who="0" ten="230,170,250,340" step="2"/><U103/><E103/><N who="2" m="60855" /><F34/><W43/><G43/><T16/><D16/><U44/><E44/><AGARI ba="0,1" hai="17,21,24,32,33,35,44,48,55,60,61,80,85,89" machi="44" ten="40,2600,0" yaku="1,1,52,1,53,0" doraHai="23" doraHaiUra="100" who="0" fromWho="1" sc="230,36,170,-26,250,0,340,0" /><INIT seed="2,0,0,1,0,119" ten="266,144,250,340" oya="2" hai0="12,7,106,132,3,135,121,43,42,81,110,100,53" hai1="104,122,87,9,1,116,25,99,118,35,39,95,98" hai2="107,5,82,101,26,41,73,72,44,0,112,126,71" hai3="51,62,115,105,18,117,108,80,125,78,133,127,69"/><V75/><F112/><W103/><G108/><T27/><D3/><U113/><E113/><V52/><F71/><W59/><G115/><T77/><D110/><U111/><E111/><V40/><F126/><W64/><G117/><T61/><D106/><U37/><E104/><V23/><F82/><W58/><G133/><N who="0" m="51275" /><D100/><U10/><E1/><V49/><F0/><W20/><G103/><T8/><D27/><U34/><E87/><V88/><F5/><W130/><G105/><T33/><D33/><U57/><E57/><V76/><F76/><W63/><G51/><T47/><D121/><U96/><E96/><V114/><F114/><W50/><G50/><N who="0" m="28895" /><D61/><U29/><E25/><V22/><F88/><W123/><G123/><T68/><D68/><U55/><E55/><V6/><F6/><W13/><G130/><T17/><D7/><U15/><E15/><V24/><F24/><W19/><G19/><T131/><D131/><U102/><E102/><V97/><REACH who="2" step="1"/><F23/><REACH who="2" ten="266,144,240,340" step="2"/><W83/><G69/><T32/><D32/><U74/><E122/><V94/><F94/><W54/><G78/><T120/><D120/><U28/><REACH who="1" step="1"/><E95/><REACH who="1" ten="266,134,240,340" step="2"/><V65/><F65/><W86/><G127/><T14/><D14/><U30/><E30/><AGARI ba="0,2" hai="22,26,30,40,41,44,49,52,72,73,75,97,101,107" machi="30" ten="40,3900,0" yaku="1,1,54,1,53,0" doraHai="119" doraHaiUra="67" who="2" fromWho="1" sc="266,0,134,-39,240,59,340,0" /><INIT seed="2,1,0,2,2,14" ten="266,95,299,340" oya="2" hai0="119,82,22,105,114,102,62,9,97,26,66,130,106" hai1="17,52,123,87,24,129,8,116,28,79,57,135,127" hai2="96,109,5,131,56,113,74,13,18,35,85,37,72" hai3="3,61,68,100,45,124,92,41,59,103,69,125,64"/><V104/><F113/><W54/><G3/><T78/><D114/><U0/><E116/><V40/><F35/><W133/><G133/><T94/><D119/><U83/><E127/><N who="3" m="48714" /><G92/><T20/><D130/><U58/><E129/><V70/><F131/><W23/><G23/><T77/><D20/><U27/><E135/><V75/><F70/><N who="3" m="27243" /><G54/><T2/><D2/><U112/><E123/><V42/><F109/><W122/><G122/><T32/><D32/><U86/><E112/><V63/><F5/><W126/><G126/><T65/><D9/><U15/><E0/><V95/><F104/><W111/><G111/><T43/><D43/><U7/><E58/><V29/><F85/><W12/><G12/><T132/><D132/><U30/><E87/><V38/><F29/><W49/><AGARI ba="1,0" hai="41,45,49,59,61,64,100,103" m="27243,48714" machi="49" ten="30,1100,0" yaku="18,1" doraHai="14" who="3" fromWho="3" sc="266,-4,95,-4,299,-6,340,14" /><INIT seed="3,0,0,1,2,125" ten="262,91,293,354" oya="3" hai0="15,19,0,98,77,44,16,113,18,8,108,118,117" hai1="82,60,120,97,9,40,75,87,112,49,54,135,103" hai2="130,122,33,115,71,36,51,62,93,38,31,67,26" hai3="116,73,119,46,96,42,89,52,29,114,132,83,94"/><W3/><G114/><T84/><D44/><U69/><E135/><V104/><F115/><W43/><G3/><T63/><D63/><U7/><E112/><V25/><F104/><W85/><G132/><T110/><D113/><U22/><E75/><V68/><F122/><W81/><G29/><T10/><D98/><U45/><E120/><V88/><F71/><W72/><G52/><T55/><D55/><U126/><E126/><V105/><F105/><W17/><G17/><N who="0" m="6763" /><D84/><U47/><E22/><V66/><F66/><W34/><G83/><T48/><D48/><U92/><E69/><V2/><F2/><W109/><G43/><T90/><D90/><U21/><E21/><V59/><F26/><W35/><G42/><T39/><D77/><U58/><E47/><V20/><F33/><W30/><G46/><T101/><D101/><U65/><E54/><V4/><F4/><W1/><G85/><T41/><D41/><U91/><E103/><V70/><F51/><W99/><G89/><T78/><D78/><U95/><E97/><V13/><F70/><W24/><G96/><T128/><D39/><U6/><E6/><V37/><F68/><W133/><G99/><T57/><D57/><U32/><E32/><V102/><F102/><W131/><G133/><T106/><D106/><U14/><REACH who="1" step="1"/><E91/><REACH who="1" ten="262,81,293,354" step="2"/><V64/><F88/><W11/><G73/><T12/><D0/><U134/><E134/><V86/><F20/><N who="3" m="15623" /><G1/><T28/><D10/><U127/><E127/><V50/><F67/><W27/><G11/><T124/><D124/><U56/><E56/><V23/><F59/><RYUUKYOKU ba="0,1" sc="262,-10,81,30,293,-10,354,-10" hai1="7,9,14,40,45,49,58,60,65,82,87,92,95" owari="252,-14.8,111,-38.9,283,8.3,354,45.4" /></mjloggm>