<mjloggm ver="2.3"><GO type="225" lobby="0"/><UN n0="%6D%61%74%69%67%75%73%61" n1="%E3%82%BC%E3%83%AB%E3%83%80%E3%81%AE%E4%BC%9D%E8%AA%AC" n2="%E4%BF%BA%E3%81%A8%E5%A6%96%E5%A4%A2" n3="%6B%79%6F%6E%6B%6F%31%31" dan="17,17,16,16" rate="2162.35,2165.26,2118.11,2145.46" sx="M,M,F,M"/><TAIKYOKU oya="0"/><INIT seed="0,0,0,0,4,74" ten="250,250,250,250" oya="0" hai0="108,33,119,51,64,117,10,91,127,7,21,96,13" hai1="132,49,0,89,80,41,77,133,66,14,124,40,130" hai2="88,30,42,102,82,63,53,54,104,87,92,56,28" hai3="103,112,93,135,123,109,111,122,58,46,73,106,52"/><T126/><D64/><U75/><E0/><V27/><F104/><W81/><G106/><T47/><D33/><U43/><E124/><N who="0" m="47657" /><D21/><U3/><E3/><V29/><F42/><W101/><G112/><T55/><D108/><N who="3" m="41545" /><G135/><N who="1" m="51786" /><E130/><V116/><F116/><N who="0" m="44618" /><D91/><U2/><E2/><V67/><F27/><W125/><G46/><T95/><D95/><U79/><E66/><V107/><F107/><W39/><G39/><T86/><D86/><N who="1" m="50375" /><E75/><V24/><F24/><W31/><G125/><T128/><D96/><AGARI ba="0,0" hai="28,29,30,53,54,56,63,67,82,87,88,92,96,102" machi="96" ten="40,2600,0" yaku="8,1,54,1" doraHai="74" who="2" fromWho="0" sc="250,-26,250,0,250,26,250,0" /><INIT seed="1,0,0,2,3,32" ten="224,250,276,250" oya="1" hai0="87,71,33,82,124,5,28,93,38,35,91,122,121" hai1="107,112,128,46,19,26,44,40,18,104,30,134,11" hai2="132,64,67,60,13,52,118,14,94,75,58,42,105" hai3="114,110,43,21,120,39,0,113,31,27,130,3,135"/><U103/><E112/><N who="3" m="43114" /><G39/><T73/><D71/><U95/><E134/><V49/><F118/><W57/><G57/><T127/><D38/><U78/><E128/><V45/><F105/><W72/><G43/><T89/><D28/><U37/><E78/><V55/><F132/><W16/><G135/><T25/><D25/><U53/><E95/><V111/><F111/><W48/><G48/><T51/><D51/><U125/><E125/><N who="0" m="48201" /><D5/><U123/><E123/><N who="0" m="47113" /><D33/><U81/><E19/><V1/><F1/><N who="3" m="587" /><G72/><T131/><D35/><U117/><E30/><V84/><F75/><W34/><G120/><T62/><D62/><U92/><E46/><V86/><F55/><W70/><G70/><T24/><D24/><U6/><E53/><V47/><F47/><W20/><G110/><T98/><D73/><U90/><E44/><V115/><F115/><W96/><G96/><T66/><D66/><N who="2" m="25130" /><F84/><W59/><G59/><T23/><D131/><U17/><E37/><V8/><F60/><W61/><G61/><T101/><D23/><N who="3" m="8777" /><G130/><T12/><D12/><U63/><E63/><V83/><F14/><W56/><G56/><T54/><D54/><U36/><E36/><V7/><F58/><W133/><G133/><T85/><D85/><U106/><E40/><V102/><F52/><W69/><G69/><T80/><D91/><U74/><E90/><V50/><F50/><W77/><G77/><T99/><D98/><U65/><E65/><V10/><F86/><W88/><G88/><T116/><D116/><U76/><E117/><V4/><F42/><W9/><G9/><T15/><D80/><RYUUKYOKU ba="0,0" sc="224,15,250,-15,276,-15,250,15" hai0="15,82,87,89,93,99,101" hai3="16,27,31,34" /><INIT seed="2,1,0,3,3,56" ten="239,235,261,265" oya="2" hai0="104,60,86,109,44,16,28,68,33,13,108,58,61" hai1="75,31,107,7,83,1,121,128,85,116,81,62,54" hai2="127,91,2,11,47,110,79,134,105,55,42,15,14" hai3="12,103,69,96,19,93,90,0,100,24,117,88,23"/><V63/><F105/><W9/><G117/><T45/><D104/><U36/><E116/><V5/><F134/><W46/><G69/><T30/><D68/><U26/><E107/><V40/><F127/><W41/><G0/><T37/><D86/><U99/><E36/><V66/><F110/><N who="0" m="42602" /><D33/><U72/><E99/><V32/><F32/><W94/><G94/><T76/><D76/><U21/><E128/><V34/><F34/><W132/><G103/><T92/><D92/><U80/><E85/><V87/><F79/><W27/><G27/><T52/><D61/><U64/><E54/><V78/><F78/><W73/><G73/><T8/><D37/><U97/><E97/><V119/><F119/><W4/><REACH who="3" step="1"/><G132/><REACH who="3" ten="239,235,261,255" step="2"/><T82/><D82/><U111/><E111/><V115/><F2/><W101/><G101/><T3/><D3/><U131/><E131/><V38/><F15/><W35/><G35/><T50/><D44/><U135/><E135/><V29/><F47/><W49/><AGARI ba="1,1" hai="4,9,12,19,23,24,41,46,49,88,90,93,96,100" machi="49" ten="20,12000,2" yaku="1,1,0,1,7,1,8,1,54,1,53,1" doraHai="56" doraHaiUra="6" who="3" fromWho="3" sc="239,-31,235,-31,261,-61,255,133" /><INIT seed="3,0,0,3,4,70" ten="208,204,200,388" oya="3" hai0="90,97,15,115,5,116,91,92,95,31,56,11,130" hai1="71,85,135,127,69,40,123,72,75,124,73,9,6" hai2="51,42,112,122,131,62,109,63,10,36,79,2,26" hai3="20,78,12,132,67,46,82,121,61,0,52,99,114"/><W81/><G0/><T24/><D116/><U111/><E123/><V60/><F112/><W74/><G132/><T39/><D39/><U119/><E135/><V106/><F106/><W103/><G114/><T84/><D130/><U128/><E128/><V88/><F131/><W68/><G121/><T57/><D115/><U1/><E119/><V98/><F122/><W41/><G82/><T34/><AGARI ba="0,0" hai="5,11,15,24,31,34,56,57,84,90,91,92,95,97" machi="34" ten="20,1500,0" yaku="0,1,7,1" doraHai="70" who="0" fromWho="0" sc="208,15,204,-4,200,-4,388,-7" owari="223,2.3,200,-20.0,196,-30.4,381,48.1" /></mjloggm>