<mjloggm ver="2.3"><GO type="225" lobby="0"/><UN n0="%E5%B0%8F%E9%B3%A5%E9%81%8A%E7%B7%B4%E7%84%A1%32%31%E6%AD%B3" n1="%E3%81%AF%E3%82%88%E3%81%8A%E3%81%98%E3%81%95%E3%82%93" n2="%E3%83%A9%E3%83%BC%E3%83%A1%E3%83%B3%E4%BA%94%E9%83%8E" n3="%E8%BE%9B%E5%8F%A3%E3%82%AB%E3%83%AC%E3%83%BC%E3%83%A9%E3%82%A4%E3%82%B9" dan="16,17,16,17" rate="2151.34,2176.32,2082.81,2216.26" sx="F,M,M,M"/><TAIKYOKU oya="0"/><INIT seed="0,0,0,5,0,51" ten="250,250,250,250" oya="0" hai0="84,133,128,16,79,14,126,35,30,111,99,39,95" hai1="60,101,85,65,94,2,67,119,58,22,123,27,73" hai2="13,69,47,9,32,89,42,80,131,114,55,1,106" hai3="96,17,41,24,43,87,110,46,61,112,52,44,135"/><T97/><D128/><U53/><E73/><V92/><F114/><W113/><G110/><T75/><D39/><U59/><E119/><V40/><F131/><W104/><G135/><T70/><D70/><U23/><E123/><V33/><F106/><W7/><G112/><T108/><D75/><U102/><E2/><V124/><F1/><W129/><G129/><T71/><D71/><U68/><E68/><V6/><F124/><W103/><G113/><T11/><D133/><U78/><E22/><V50/><F69/><W12/><G7/><T93/><D126/><U18/><E67/><V29/><F80/><W98/><G24/><N who="0" m="18887" /><D79/><U109/><E109/><N who="0" m="42057" /><D84/><U56/><E56/><V62/><F33/><W132/><G132/><T130/><D130/><U21/><E21/><V19/><F6/><W34/><G34/><T4/><D4/><U117/><E117/><V115/><F115/><W77/><G77/><T76/><D76/><U90/><REACH who="1" step="1"/><E78/><REACH who="1" ten="250,240,250,250" step="2"/><V100/><F32/><W121/><G121/><T31/><D31/><U116/><E116/><V120/><F120/><W20/><G20/><T122/><D122/><U83/><E83/><V107/><F29/><W36/><G87/><T37/><D37/><U64/><E64/><V45/><F9/><W81/><G81/><T5/><D5/><U72/><E72/><V48/><F45/><W63/><G46/><T86/><D86/><U66/><E66/><V127/><F47/><W118/><G44/><T0/><D0/><U26/><E26/><V25/><F25/><W82/><G118/><T15/><D14/><U125/><E125/><RYUUKYOKU ba="0,1" sc="250,15,240,15,250,-15,250,-15" hai0="11,15,16,93,95,97,99" hai1="18,23,27,53,58,59,60,65,85,90,94,101,102" /><INIT seed="0,1,1,2,4,32" ten="265,255,235,235" oya="0" hai0="60,45,68,83,101,31,63,106,22,7,95,75,4" hai1="88,37,81,129,82,66,14,17,80,73,100,36,11" hai2="44,43,72,110,38,70,27,122,98,26,132,19,58" hai3="124,121,96,51,74,133,105,107,34,126,21,42,127"/><T50/><D106/><U117/><E117/><V67/><F122/><W41/><G34/><T8/><D75/><U69/><E129/><V109/><F132/><W30/><G133/><T23/><D83/><U16/><E73/><V61/><F72/><W86/><G74/><T71/><D101/><U25/><E100/><V2/><F98/><W35/><G35/><T135/><D95/><U113/><E113/><V130/><F130/><W65/><G121/><T123/><D135/><U52/><E69/><V99/><F99/><W103/><G107/><T131/><D123/><U6/><E66/><V55/><F2/><W116/><G116/><T12/><D131/><U85/><E37/><V53/><F53/><W24/><G65/><T112/><D112/><U5/><E36/><V28/><F19/><W128/><G128/><T40/><D4/><N who="1" m="1643" /><E52/><V125/><F125/><W57/><REACH who="3" step="1"/><G86/><REACH who="3" ten="265,255,235,225" step="2"/><T46/><D71/><U120/><E120/><V77/><F67/><W97/><G97/><T0/><D68/><U90/><E85/><V78/><F70/><W89/><G89/><T115/><D115/><U87/><E90/><V3/><F77/><W59/><G59/><T94/><D45/><U9/><E88/><V1/><F78/><W64/><G64/><T15/><D94/><U76/><E87/><V79/><F79/><W56/><G56/><T62/><REACH who="0" step="1"/><D31/><REACH who="0" ten="255,255,235,225" step="2"/><U118/><E76/><V84/><F28/><W104/><G104/><T111/><D111/><U102/><E118/><V134/><F110/><W39/><G39/><T48/><D48/><U33/><E102/><V13/><F109/><RYUUKYOKU ba="1,3" sc="255,15,255,-15,235,-15,225,15" hai0="0,7,8,12,15,22,23,40,46,50,60,62,63" hai3="21,24,30,41,42,51,57,96,103,105,124,126,127" /><INIT seed="0,2,3,5,5,49" ten="270,240,220,240" oya="0" hai0="85,96,20,132,89,47,101,51,107,103,50,125,28" hai1="79,70,9,81,35,128,23,12,112,72,115,54,87" hai2="109,74,91,95,30,38,104,123,53,59,33,44,45" hai3="93,98,88,71,36,97,110,100,127,27,15,63,99"/><T129/><D129/><U117/><E117/><V113/><F123/><W122/><G36/><T92/><D132/><U80/><E35/><V4/><F113/><N who="1" m="43593" /><E70/><V118/><F74/><W41/><G41/><T119/><D119/><U106/><E106/><V48/><F118/><W135/><G135/><T86/><D125/><U22/><E128/><V114/><F114/><W11/><G122/><T66/><D66/><U67/><E67/><V105/><F109/><W64/><G127/><T61/><D50/><U5/><E54/><V13/><F105/><W32/><G110/><T77/><D61/><U21/><E81/><V69/><F104/><W39/><G39/><T3/><D3/><U108/><E108/><V111/><F111/><W17/><REACH who="3" step="1"/><G100/><REACH who="3" ten="270,240,220,230" step="2"/><N who="0" m="38475" /><D107/><U126/><E126/><V65/><F38/><W2/><G2/><T73/><D73/><AGARI ba="2,4" hai="5,9,12,21,22,23,72,73,79,80,87" m="43593" machi="73" ten="30,1000,0" yaku="11,1" doraHai="49" who="1" fromWho="0" sc="270,-16,240,56,220,0,230,0" /><INIT seed="1,0,0,1,0,98" ten="254,296,220,230" oya="1" hai0="8,73,57,104,132,86,130,134,121,58,122,61,45" hai1="28,18,117,128,115,110,89,9,88,79,82,78,34" hai2="27,71,81,109,95,123,50,14,102,74,84,72,44" hai3="114,116,23,0,105,92,135,10,22,99,60,6,54"/><U108/><E115/><V26/><F123/><N who="0" m="47114" /><D73/><U43/><E117/><V2/><F2/><W16/><G114/><T47/><D104/><U37/><E128/><V125/><F71/><W124/><G116/><T33/><D8/><U4/><E18/><V30/><F109/><N who="1" m="42089" /><E79/><V25/><F125/><W83/><G124/><T42/><D86/><U15/><E43/><V96/><F30/><W100/><G135/><N who="0" m="51755" /><D33/><U77/><E37/><V48/><F14/><W111/><G111/><T75/><D75/><N who="1" m="43327" /><E78/><V76/><REACH who="2" step="1"/><F50/><REACH who="2" ten="254,296,210,230" step="2"/><W46/><G0/><T62/><D130/><U11/><E9/><V39/><F39/><W103/><G10/><T80/><D80/><U107/><E107/><V36/><F36/><W24/><G83/><T32/><D32/><U41/><E41/><AGARI ba="0,1" hai="25,26,27,41,44,48,72,74,76,81,84,95,96,102" machi="41" ten="40,2600,0" yaku="1,1,52,1,53,0" doraHai="98" doraHaiUra="65" who="2" fromWho="1" sc="254,0,296,-26,210,36,230,0" /><INIT seed="2,0,0,0,1,31" ten="254,270,246,230" oya="2" hai0="7,56,105,3,112,27,40,32,125,96,48,70,118" hai1="80,103,134,18,34,99,100,26,45,87,51,59,92" hai2="62,109,116,72,16,39,35,37,50,22,98,131,95" hai3="94,74,115,12,60,68,10,64,1,47,120,66,132"/><V28/><F116/><W14/><G120/><T117/><D112/><U75/><E134/><V54/><F72/><W130/><G132/><T106/><D125/><U90/><E75/><V101/><F131/><W46/><G74/><T107/><D96/><U19/><E100/><V85/><F62/><W126/><G126/><T128/><D128/><U76/><E59/><V61/><F61/><W79/><G130/><T52/><D40/><U30/><REACH who="1" step="1"/><E103/><REACH who="1" ten="254,260,246,230" step="2"/><V129/><F129/><W63/><G115/><T11/><REACH who="0" step="1"/><D70/><REACH who="0" ten="244,260,246,230" step="2"/><U133/><E133/><V5/><F109/><W81/><G68/><T24/><D24/><U53/><AGARI ba="0,2" hai="18,19,26,30,34,45,51,53,76,80,87,90,92,99" machi="53" ten="20,5200,0" yaku="1,1,0,1,7,1,52,1,53,0" doraHai="31" doraHaiUra="110" who="1" fromWho="1" sc="244,-13,260,72,246,-26,230,-13" /><INIT seed="3,0,0,3,1,39" ten="231,332,220,217" oya="3" hai0="16,118,31,82,52,134,113,127,79,27,107,129,11" hai1="68,81,32,30,115,76,10,38,67,55,59,36,64" hai2="20,92,78,34,80,104,101,103,128,130,131,72,117" hai3="77,102,5,25,46,71,88,3,91,54,94,62,108"/><W109/><G77/><T132/><D107/><U29/><E115/><V2/><F34/><W35/><G3/><T44/><D118/><U49/><E36/><V28/><F117/><W19/><G5/><T83/><D129/><U99/><E38/><V121/><F121/><W105/><G105/><T70/><D70/><U41/><E41/><V9/><F104/><W26/><G35/><T86/><D83/><U125/><E125/><V4/><F92/><W15/><G102/><T74/><D74/><U0/><E99/><V135/><F135/><N who="0" m="51754" /><D31/><U37/><E37/><V43/><F43/><W56/><G46/><T57/><D127/><U75/><E68/><V120/><F120/><W114/><G71/><T98/><D98/><U65/><E32/><V50/><F50/><W124/><G114/><T7/><D44/><U58/><E59/><V63/><F63/><W45/><G45/><T24/><D7/><U1/><E10/><V95/><F95/><W21/><G124/><T133/><D113/><U126/><E126/><V97/><F97/><N who="3" m="57543" /><G91/><T14/><N who="0" m="51762" /><T89/><DORA hai="96" /><D89/><U53/><E0/><V61/><F28/><N who="1" m="10857" /><E1/><V84/><F130/><W106/><G106/><T42/><D42/><U48/><E75/><V100/><F72/><W110/><AGARI ba="0,0" hai="15,19,21,25,26,54,56,62,108,109,110" m="57543" machi="110" ten="30,6000,0" yaku="14,1,10,1,54,1" doraHai="39,96" who="3" fromWho="3" sc="231,-20,332,-20,220,-20,217,60" /><INIT seed="3,1,0,3,2,81" ten="211,312,200,277" oya="3" hai0="41,2,79,66,113,59,15,50,31,99,121,105,30" hai1="40,115,97,3,127,124,85,24,29,7,123,42,71" hai2="38,82,16,103,89,67,25,94,88,54,69,23,132" hai3="87,22,114,0,80,76,95,84,68,72,65,117,37"/><W61/><G114/><T125/><D2/><U128/><E115/><V70/><F38/><W96/><G117/><T111/><D121/><U26/><E123/><V109/><F109/><W49/><G37/><T110/><D113/><U6/><E71/><V133/><F54/><W10/><G22/><T5/><D79/><U73/><E73/><V108/><F108/><N who="0" m="41514" /><D125/><N who="1" m="48203" /><E128/><V13/><F25/><N who="1" m="9833" /><E29/><V92/><F82/><W106/><G106/><T57/><D105/><U126/><E126/><V78/><F78/><W35/><G35/><T28/><D99/><U53/><E85/><N who="2" m="52239" /><F103/><W101/><REACH who="3" step="1"/><G49/><REACH who="3" ten="211,312,200,267" step="2"/><T51/><D50/><U62/><E62/><V20/><F20/><W18/><G18/><T86/><D51/><U44/><E6/><AGARI ba="1,1" hai="0,6,10,61,65,68,72,76,80,84,87,95,96,101" machi="6" ten="40,7700,0" yaku="1,1,52,2,53,0" doraHai="81" doraHaiUra="8" who="3" fromWho="1" sc="211,0,312,-80,200,0,267,90" owari="211,-18.9,232,3.2,200,-30.0,357,45.7" /></mjloggm>