<mjloggm ver="2.3"><GO type="225" lobby="0"/><UN n0="%E4%BF%BA%E3%81%A8%E5%A6%96%E5%A4%A2" n1="%72%69%6F%75%63%68%61%6E" n2="%E3%81%82%E3%81%99%E3%81%AB%E3%82%83%E3%82%80" n3="%E3%82%B2%E3%82%B9%E8%8C%82%E5%8B%9D" dan="17,16,16,16" rate="2206.65,2181.64,2143.73,2123.61" sx="F,M,F,F"/><TAIKYOKU oya="0"/><INIT seed="0,0,0,3,5,29" ten="250,250,250,250" oya="0" hai0="42,61,98,52,132,43,44,26,35,45,135,124,32" hai1="111,22,83,76,104,39,49,100,112,36,122,107,96" hai2="53,47,85,130,88,133,59,118,23,73,87,108,65" hai3="70,62,60,117,3,63,131,16,46,57,106,30,72"/><T24/><D98/><U66/><E122/><V56/><F73/><W27/><G131/><T48/><D61/><U121/><E121/><V105/><F105/><W9/><G117/><T41/><D124/><U128/><E111/><V102/><F108/><W17/><G70/><T97/><D97/><U25/><E128/><V81/><F102/><W0/><G106/><T89/><D89/><U123/><E123/><V8/><F130/><W103/><G103/><T10/><D10/><U68/><E112/><V58/><F133/><N who="0" m="51274" /><D44/><U7/><E107/><V110/><F110/><W91/><G72/><T125/><D125/><U67/><E7/><V31/><F8/><W5/><G0/><T82/><D82/><U28/><E49/><N who="2" m="28863" /><F87/><W109/><G109/><T113/><D113/><U51/><E51/><V94/><F81/><W116/><G116/><T115/><D115/><U69/><E69/><V126/><F118/><W95/><G46/><T99/><D99/><U80/><E83/><V74/><F74/><W120/><G120/><T34/><AGARI ba="0,0" hai="24,26,32,34,35,41,42,43,45,48,52" m="51274" machi="34" ten="40,12000,1" yaku="20,1,52,3,54,1" doraHai="29" who="0" fromWho="0" sc="250,120,250,-40,250,-40,250,-40" /><INIT seed="0,1,0,4,2,50" ten="370,210,210,210" oya="0" hai0="43,85,48,103,115,5,62,65,47,74,82,2,58" hai1="78,130,81,52,67,121,23,53,79,108,45,97,125" hai2="59,123,95,80,4,84,30,6,27,96,16,131,68" hai3="69,106,94,112,37,110,70,3,86,9,113,91,14"/><T75/><D115/><U51/><E121/><V1/><F68/><W7/><G110/><T8/><REACH who="0" step="1"/><D103/><REACH who="0" ten="360,210,210,210" step="2"/><U114/><E114/><V44/><F123/><W122/><G122/><T21/><D21/><U64/><E108/><V46/><F131/><W32/><G32/><T13/><D13/><U0/><E0/><V111/><F1/><W60/><G112/><T73/><D73/><U31/><E130/><V57/><F111/><W135/><G113/><T40/><D40/><N who="1" m="24999" /><E125/><V133/><F27/><W41/><G14/><T33/><D33/><U99/><E23/><V71/><F133/><W83/><G135/><T88/><AGARI ba="1,1" hai="2,5,8,43,47,48,58,62,65,74,75,82,85,88" machi="88" ten="20,18000,2" yaku="1,1,0,1,7,1,54,1,53,2" doraHai="50" doraHaiUra="107" who="0" fromWho="0" sc="360,193,210,-61,210,-61,210,-61" /><INIT seed="0,2,0,4,4,80" ten="553,149,149,149" oya="0" hai0="121,20,79,112,63,125,134,34,99,127,15,8,91" hai1="9,51,77,98,89,45,55,84,42,106,119,3,48" hai2="52,40,85,59,27,37,69,67,92,46,75,78,87" hai3="73,5,18,105,124,95,19,110,120,86,22,41,71"/><T117/><D112/><U36/><E119/><V39/><F39/><W1/><G73/><T2/><D117/><U53/><E77/><V70/><F27/><W0/><G105/><T7/><D121/><U54/><E3/><V104/><F104/><W30/><G120/><T133/><D79/><U122/><E122/><V88/><F75/><W35/><G71/><T102/><D91/><U126/><E126/><N who="0" m="48137" /><D63/><U23/><E9/><V50/><REACH who="2" step="1"/><F67/><REACH who="2" ten="553,149,139,149" step="2"/><W111/><G124/><T97/><D34/><U60/><E60/><V101/><F101/><W103/><G35/><T61/><D61/><U72/><E72/><V82/><AGARI ba="2,1" hai="37,40,46,50,52,59,69,70,78,82,85,87,88,92" machi="82" ten="30,12000,2" yaku="1,1,0,1,52,2,54,2,53,0" doraHai="80" doraHaiUra="116" who="2" fromWho="2" sc="553,-62,149,-32,139,136,149,-32" /><INIT seed="1,0,0,4,5,86" ten="491,117,275,117" oya="1" hai0="39,16,135,50,31,94,133,104,92,54,109,32,40" hai1="69,37,70,132,10,2,14,127,116,49,22,124,128" hai2="103,121,99,119,88,123,13,118,34,97,30,111,7" hai3="41,42,74,17,72,75,93,79,33,87,78,6,68"/><U107/><E116/><V47/><F111/><W28/><G68/><T62/><D104/><U63/><E37/><V102/><F30/><W126/><G126/><N who="1" m="48170" /><E107/><V131/><F34/><W115/><G115/><T134/><D109/><U66/><E2/><V105/><F47/><W46/><G6/><T19/><D62/><U85/><E128/><V83/><F7/><W12/><G28/><T84/><D40/><U113/><E113/><V71/><F13/><W95/><G33/><T77/><D39/><U60/><E132/><V23/><F23/><W112/><G112/><T65/><D65/><N who="1" m="41127" /><E49/><V48/><F48/><W125/><G125/><T0/><D0/><U64/><E66/><V44/><F131/><W59/><G59/><T106/><D106/><U81/><E22/><V57/><F71/><W52/><G52/><T114/><D54/><U1/><E1/><V38/><F38/><W98/><G46/><T108/><D50/><U122/><E122/><N who="2" m="46603" /><F44/><W35/><G35/><T25/><D108/><U27/><E27/><V101/><F57/><W11/><G41/><T24/><D114/><U36/><E36/><V73/><F105/><W120/><G42/><T20/><D19/><U80/><E85/><N who="2" m="50239" /><F73/><W67/><G120/><T18/><D18/><AGARI ba="0,0" hai="10,14,18,63,64,70,80,81" m="41127,48170" machi="18" ten="30,1500,0" yaku="18,1" doraHai="86" who="1" fromWho="0" sc="491,-15,117,15,275,0,117,0" /><INIT seed="1,1,0,3,1,32" ten="476,132,275,117" oya="1" hai0="101,74,130,73,10,75,105,2,60,134,125,34,24" hai1="94,70,53,36,81,98,110,108,50,135,1,91,126" hai2="18,78,9,83,20,97,7,39,43,37,29,90,95" hai3="76,6,128,55,30,4,113,0,48,119,26,41,66"/><U35/><E36/><V114/><F29/><W33/><G128/><T80/><D134/><U122/><E122/><V65/><F65/><W28/><G113/><T82/><D130/><U79/><E35/><V100/><F43/><W71/><G41/><T57/><D125/><U77/><E70/><V21/><F100/><W62/><G28/><T69/><D69/><U104/><E135/><V51/><F51/><W47/><G119/><T40/><D40/><U59/><E126/><V19/><F21/><W124/><G124/><T103/><D24/><U49/><E104/><V42/><F42/><W93/><G0/><T3/><D34/><U99/><E1/><V27/><F19/><W25/><G25/><T64/><D2/><U56/><E99/><V121/><F121/><W72/><G76/><T15/><D3/><U38/><E38/><V118/><F118/><W52/><G72/><T107/><D107/><U85/><REACH who="1" step="1"/><E77/><REACH who="1" ten="476,122,275,117" step="2"/><V123/><F123/><W111/><G111/><T102/><REACH who="0" step="1"/><D105/><REACH who="0" ten="466,122,275,117" step="2"/><U67/><E67/><V58/><F37/><W23/><G33/><T117/><D117/><U8/><E8/><V17/><F9/><W116/><G116/><T87/><D87/><U44/><E44/><V112/><F39/><W13/><G55/><AGARI ba="1,2" hai="49,50,53,55,56,59,79,81,85,91,94,98,108,110" machi="55" ten="40,3900,0" yaku="1,1,9,1,53,0" doraHai="32" doraHaiUra="106" who="1" fromWho="3" sc="466,0,122,62,275,0,117,-42" /><INIT seed="1,2,0,2,1,67" ten="466,184,275,75" oya="1" hai0="25,24,112,88,31,1,86,35,28,121,21,125,130" hai1="108,34,49,134,90,76,97,20,126,89,0,17,39" hai2="132,133,75,29,70,46,117,123,60,30,41,63,54" hai3="4,19,32,10,96,113,3,99,13,87,36,115,74"/><U135/><E39/><V78/><F117/><W95/><G36/><T26/><D112/><U116/><E116/><V128/><F123/><W68/><G32/><T57/><D121/><U124/><E34/><V50/><F128/><W12/><G74/><T47/><D1/><U8/><E76/><V55/><F78/><W102/><G87/><T52/><D130/><U66/><E108/><V64/><F75/><W84/><G84/><T71/><D125/><N who="1" m="48235" /><E66/><N who="2" m="41287" /><F29/><W18/><G68/><T14/><D71/><U69/><E69/><N who="2" m="42143" /><F30/><W48/><G48/><T44/><D25/><N who="1" m="14479" /><E49/><V56/><F55/><W91/><G3/><T38/><D38/><AGARI ba="2,0" hai="38,41,46,50,54,56,132,133" m="42143,41287" machi="38" ten="30,8000,1" yaku="24,1,34,2,52,2" doraHai="67" who="2" fromWho="0" sc="466,-86,184,0,275,86,75,0" /><INIT seed="2,0,0,3,0,63" ten="380,184,361,75" oya="2" hai0="95,51,61,100,92,40,7,85,41,54,128,37,98" hai1="107,97,76,96,13,90,79,43,116,32,2,88,84" hai2="109,48,87,59,102,89,75,25,46,44,68,57,38" hai3="126,112,113,15,24,17,33,4,31,81,10,132,39"/><V129/><F75/><W130/><G39/><T3/><D128/><U114/><E2/><V5/><F129/><W74/><G74/><T26/><D37/><U93/><E32/><V22/><F68/><W94/><G81/><T121/><D121/><U91/><E43/><V69/><F69/><W47/><G47/><T65/><D26/><U19/><E114/><N who="3" m="44138" /><G94/><T120/><D120/><U122/><E13/><V106/><F5/><W111/><G130/><T30/><D30/><U55/><E19/><V34/><F102/><W58/><G58/><N who="0" m="37047" /><D7/><U80/><E55/><V78/><F59/><W12/><G111/><T29/><D29/><U9/><E9/><V56/><F57/><W62/><G62/><T11/><D11/><U133/><E116/><V125/><F56/><W0/><G132/><T82/><D92/><N who="1" m="56327" /><E122/><V108/><F106/><W16/><G126/><T1/><D1/><U18/><E18/><AGARI ba="0,0" hai="0,4,10,12,15,16,17,18,24,31,33" m="44138" machi="18" ten="30,7700,0" yaku="11,1,34,2,54,1" doraHai="63" who="3" fromWho="1" sc="380,0,184,-77,361,0,75,77" /><INIT seed="3,0,0,1,0,55" ten="380,107,361,152" oya="3" hai0="129,82,51,78,92,90,1,16,24,117,20,94,133" hai1="63,40,45,114,76,39,100,17,13,103,58,96,131" hai2="41,89,73,36,134,135,116,15,128,108,124,105,0" hai3="70,6,14,84,57,126,21,69,50,86,64,10,37"/><W132/><G37/><T49/><D117/><U104/><E131/><V66/><RYUUKYOKU type="yao9" ba="0,0" sc="380,0,107,0,361,0,152,0" hai2="0,15,36,41,66,73,89,105,108,116,124,128,134,135" /><INIT seed="3,1,0,3,5,102" ten="380,107,361,152" oya="3" hai0="99,71,48,87,135,14,53,113,16,57,117,118,35" hai1="94,3,8,104,50,124,73,120,46,34,96,75,18" hai2="112,11,10,121,130,38,66,54,49,79,83,4,84" hai3="63,98,65,33,31,51,86,20,69,128,108,30,123"/><W13/><G128/><T68/><D35/><U15/><E120/><V9/><F112/><W110/><G123/><T119/><D113/><U39/><E34/><V82/><F121/><W21/><G86/><T24/><D135/><U111/><E124/><V37/><F130/><W47/><G98/><T23/><D99/><U122/><E122/><V107/><F107/><W72/><G72/><T76/><REACH who="0" step="1"/><D24/><REACH who="0" ten="370,107,361,152" step="2"/><U62/><E111/><N who="3" m="42538" /><G33/><T26/><D26/><U52/><E104/><V93/><F4/><W70/><G70/><T125/><D125/><U43/><E3/><V109/><F109/><W60/><G60/><T88/><D88/><U105/><E62/><V0/><F0/><W131/><G131/><T74/><D74/><U81/><E105/><V134/><F134/><W32/><G32/><T126/><D126/><U129/><E129/><V127/><F127/><W22/><G13/><T106/><D106/><U6/><E6/><V7/><F7/><W45/><G63/><T90/><D90/><U101/><REACH who="1" step="1"/><E81/><AGARI ba="1,1" hai="14,16,23,48,53,57,68,71,76,81,87,117,118,119" machi="81" ten="40,5200,0" yaku="1,1,54,1,53,1" doraHai="102" doraHaiUra="12" who="0" fromWho="1" sc="370,65,107,-55,361,0,152,0" owari="435,53.5,52,-44.8,361,16.1,152,-24.8" /></mjloggm>