<mjloggm ver="2.3"><GO type="225" lobby="0"/><UN n0="%E3%81%AF%E3%82%88%E3%81%8A%E3%81%98%E3%81%95%E3%82%93" n1="%E6%9A%87%E4%BA%BA%EF%BC%A0%E9%85%8D%E4%BF%A1%E5%9E%A2" n2="%E5%AE%AE%E4%BF%9D%E9%B6%8F%E8%82%89" n3="%73%6C%69%63%6B%33%31%39" dan="17,18,16,16" rate="2201.63,2159.14,2106.10,2164.05" sx="M,F,M,M"/><TAIKYOKU oya="0"/><INIT seed="0,0,0,2,1,102" ten="250,250,250,250" oya="0" hai0="20,44,135,93,48,103,59,22,49,68,47,54,63" hai1="98,53,30,3,91,37,121,4,61,23,46,52,107" hai2="8,74,82,35,24,75,56,12,40,128,127,9,0" hai3="29,80,21,32,31,89,119,45,33,131,62,7,95"/><T85/><D135/><U97/><E121/><V41/><F127/><W130/><G119/><T81/><D68/><U72/><E72/><V104/><F128/><N who="3" m="49195" /><G7/><T112/><D112/><U76/><E76/><V122/><F122/><W99/><G45/><T77/><D103/><U120/><E120/><V28/><F0/><W70/><G80/><T133/><D133/><U36/><E107/><V58/><F104/><W96/><G96/><T78/><D78/><U14/><E3/><V92/><F92/><W132/><G132/><T1/><D1/><U16/><E4/><V15/><F82/><W84/><G84/><T129/><D93/><U123/><E123/><V134/><F134/><W106/><G106/><T69/><D69/><U108/><E91/><V2/><F2/><W60/><G21/><T124/><D124/><U18/><E23/><V87/><F87/><W50/><G50/><T88/><D77/><U118/><E118/><V25/><F28/><N who="3" m="10827" /><G70/><T83/><D83/><U64/><E30/><V6/><F6/><W105/><G105/><T26/><D129/><U100/><E100/><V65/><REACH who="2" step="1"/><F35/><AGARI ba="0,0" hai="32,33,35,60,62,89,95,99" m="10827,49195" machi="35" ten="30,1000,0" yaku="19,1" doraHai="102" who="3" fromWho="2" sc="250,0,250,0,250,-10,250,10" /><INIT seed="1,0,0,0,4,89" ten="250,250,240,260" oya="1" hai0="20,112,105,49,51,11,135,83,5,66,132,74,16" hai1="17,55,123,86,35,109,107,50,67,121,58,78,93" hai2="98,46,33,106,80,52,125,43,71,6,61,99,59" hai3="53,102,12,104,117,26,13,48,76,65,91,60,0"/><U64/><E107/><V18/><F125/><W128/><G0/><T118/><D112/><U15/><E35/><V88/><F33/><W24/><G128/><T30/><D105/><U40/><E121/><V9/><F71/><W90/><G76/><N who="0" m="44439" /><D30/><U1/><E1/><V41/><F18/><W68/><G117/><T101/><D66/><N who="1" m="25131" /><E123/><V25/><F25/><W111/><G111/><T38/><D38/><U120/><E109/><V62/><F61/><W37/><G37/><T103/><D101/><U75/><E75/><V97/><F106/><W108/><G108/><T96/><D118/><U70/><E70/><V116/><F116/><W124/><G124/><T72/><D72/><U14/><E120/><V129/><F129/><W21/><G12/><N who="1" m="4650" /><E17/><V85/><REACH who="2" step="1"/><F46/><REACH who="2" ten="250,250,230,260" step="2"/><W122/><G26/><T28/><D16/><U44/><E58/><V110/><F110/><W69/><G69/><T56/><D56/><U95/><E55/><V119/><F119/><W7/><G68/><T22/><D28/><U133/><E133/><V23/><F23/><W47/><G21/><T34/><D34/><U4/><E4/><V27/><F27/><W8/><G24/><T29/><D29/><U77/><E86/><V63/><F63/><W79/><G122/><T84/><D84/><U130/><E130/><V3/><AGARI ba="0,1" hai="3,6,9,41,43,52,59,62,80,85,88,97,98,99" machi="3" ten="30,7900,0" yaku="1,1,0,1,54,2,53,0" doraHai="89" doraHaiUra="19" who="2" fromWho="2" sc="250,-20,250,-39,230,89,260,-20" /><INIT seed="2,0,0,1,1,127" ten="230,211,319,240" oya="2" hai0="52,55,131,99,61,87,23,125,40,116,66,22,0" hai1="110,34,104,117,112,72,76,123,70,57,67,62,121" hai2="114,88,82,129,54,41,16,37,68,31,74,33,91" hai3="119,80,135,44,9,18,10,36,95,122,43,42,15"/><V5/><F114/><W134/><G122/><N who="1" m="46602" /><E112/><V120/><F68/><W2/><G119/><T39/><D0/><U107/><E117/><V94/><F120/><W30/><G43/><T84/><D116/><U27/><E57/><V21/><F5/><W118/><G118/><T6/><D6/><U59/><E59/><V60/><F33/><W73/><G30/><T45/><D125/><U105/><E110/><V20/><F37/><W93/><G2/><T35/><D35/><U14/><E14/><N who="2" m="9239" /><F74/><W98/><G9/><T90/><D131/><U77/><E72/><V38/><F129/><W128/><G128/><T130/><D130/><U58/><E58/><N who="2" m="34903" /><F38/><W47/><G47/><T96/><D22/><U25/><E34/><V64/><F64/><W81/><G73/><T113/><D113/><U29/><E29/><V48/><F82/><W17/><G80/><N who="0" m="49415" /><D23/><U108/><E108/><V3/><F3/><W32/><G81/><T65/><D65/><U106/><N who="1" m="26624" /><DORA hai="92" /><U115/><E115/><V132/><F132/><W79/><G32/><T46/><D66/><U89/><E89/><V100/><F31/><W102/><G134/><T97/><D61/><U51/><E51/><V49/><F21/><W103/><G135/><T26/><D26/><AGARI ba="0,0" hai="25,26,27,62,67,70,76,77" m="26624,46602" machi="26" ten="60,2000,0" yaku="13,1" doraHai="127,92" who="1" fromWho="0" sc="230,-20,211,20,319,0,240,0" /><INIT seed="3,0,0,1,4,99" ten="210,231,319,240" oya="3" hai0="112,59,52,36,26,119,33,115,42,12,50,34,53" hai1="131,51,102,19,98,126,76,40,18,1,21,24,17" hai2="135,23,35,5,6,127,72,13,84,96,2,39,4" hai3="22,124,61,45,121,78,46,31,80,93,57,110,85"/><W70/><G121/><T37/><D119/><U14/><E1/><V108/><F72/><W134/><G70/><T75/><D75/><U30/><E126/><V74/><F74/><W116/><G116/><T48/><D12/><U28/><E131/><V44/><F35/><N who="0" m="13322" /><D42/><U125/><E125/><V63/><F135/><W3/><G3/><T41/><D41/><U128/><E30/><V68/><F108/><W10/><G124/><T25/><D25/><U60/><E76/><V15/><F2/><W92/><G134/><T88/><D26/><U129/><E60/><V62/><F39/><W123/><G123/><T103/><D103/><U83/><E83/><V20/><F44/><N who="3" m="17003" /><G10/><T49/><D88/><U47/><REACH who="1" step="1"/><E14/><REACH who="1" ten="210,221,319,240" step="2"/><N who="2" m="5131" /><F63/><W73/><G110/><T11/><D11/><U7/><E7/><V16/><F127/><W56/><G61/><N who="0" m="36071" /><D53/><U117/><E117/><V9/><F62/><W133/><G133/><T86/><D86/><U111/><E111/><V55/><F4/><W54/><G73/><T32/><N who="0" m="13330" /><T120/><DORA hai="87" /><D120/><U43/><E43/><V118/><F118/><W69/><G85/><T0/><D0/><U94/><AGARI ba="0,1" hai="17,18,19,21,24,28,40,47,51,94,98,102,128,129" machi="94" ten="30,4000,0" yaku="1,1,0,1,52,1,53,0" doraHai="99,87" doraHaiUra="29,130" who="1" fromWho="1" sc="210,-10,221,50,319,-10,240,-20" owari="200,-30.0,271,7.1,309,40.9,220,-18.0" /></mjloggm>