<mjloggm ver="2.3"><GO type="225" lobby="0"/><UN n0="%E5%A4%96%E5%B7%9D%E7%AB%9C%E6%88%90" n1="%E3%82%B7%E3%83%B3%E5%A4%AA%E6%9C%97" n2="%6D%75%75%6D%75%72%61" n3="%48%61%61%61%6C%61%6E%64" dan="16,16,17,18" rate="2175.21,2146.55,2167.52,2181.80" sx="M,M,F,M"/><TAIKYOKU oya="0"/><INIT seed="0,0,0,0,2,0" ten="250,250,250,250" oya="0" hai0="104,68,84,6,50,18,89,65,5,128,130,111,51" hai1="17,43,78,23,35,9,62,8,63,102,129,66,135" hai2="96,86,55,46,54,13,58,109,45,29,1,41,90" hai3="76,118,21,126,124,20,60,64,49,95,94,47,32"/><T125/><D104/><U99/><E135/><V92/><F1/><W87/><G32/><T22/><D125/><N who="3" m="48233" /><G118/><T79/><D79/><U36/><E129/><N who="0" m="49769" /><D111/><U11/><E35/><V74/><F109/><W67/><G76/><T2/><D2/><U119/><E119/><V114/><F114/><W57/><G64/><T33/><D33/><U81/><E43/><V40/><F74/><W133/><G133/><T44/><D65/><U103/><E36/><V30/><F40/><N who="3" m="24807" /><G87/><T15/><D68/><U127/><E127/><V93/><F13/><W101/><G101/><T10/><D22/><AGARI ba="0,0" hai="20,21,22,57,60,67,94,95" m="24807,48233" machi="22" ten="30,1000,0" yaku="18,1" doraHai="0" who="3" fromWho="0" sc="250,-10,250,0,250,0,250,10" /><INIT seed="1,0,0,4,5,116" ten="240,250,250,260" oya="1" hai0="11,132,17,42,122,89,68,131,126,41,79,6,54" hai1="109,87,86,75,38,124,8,101,20,45,34,4,22" hai2="51,24,19,123,135,117,134,104,53,111,31,73,43" hai3="125,46,47,16,107,110,98,67,69,62,10,15,118"/><U133/><E133/><N who="2" m="50699" /><F117/><W115/><G118/><T36/><D68/><U12/><E124/><V99/><F111/><W105/><G110/><T102/><D36/><U23/><E34/><V93/><F73/><W129/><G125/><T7/><D102/><U76/><E101/><V119/><F119/><W61/><G115/><T64/><D64/><U50/><E38/><V56/><F104/><W48/><G129/><T96/><D79/><U81/><REACH who="1" step="1"/><E109/><REACH who="1" ten="240,240,250,260" step="2"/><V100/><F123/><W57/><G105/><T97/><D122/><U58/><E58/><V63/><F56/><W30/><G107/><T28/><D132/><U88/><E88/><V77/><F100/><W103/><G103/><T18/><D126/><U121/><E121/><V14/><F77/><W112/><G57/><T92/><D131/><U29/><E29/><V1/><F31/><W90/><G30/><T95/><D28/><U130/><E130/><V66/><F51/><W21/><G48/><T82/><D89/><U32/><E32/><V2/><F63/><W91/><G62/><T39/><D39/><U85/><E85/><V9/><F99/><W0/><G91/><T106/><D106/><U71/><E71/><V94/><F94/><N who="3" m="56663" /><G112/><T127/><D127/><U72/><E72/><V78/><F93/><W60/><G61/><T80/><D54/><AGARI ba="0,1" hai="4,8,12,20,22,23,45,50,54,75,76,81,86,87" machi="54" ten="40,2000,0" yaku="1,1,53,0" doraHai="116" doraHaiUra="70" who="1" fromWho="0" sc="240,-20,240,30,250,0,260,0" /><INIT seed="1,1,0,0,5,11" ten="220,270,250,260" oya="1" hai0="3,4,33,73,20,49,117,25,43,30,110,85,84" hai1="24,81,54,101,1,95,16,62,94,124,68,92,38" hai2="100,133,128,64,55,127,63,115,17,87,66,13,113" hai3="19,104,5,118,125,96,77,10,79,76,98,71,39"/><U130/><E130/><V106/><F128/><W120/><G120/><T32/><D117/><U72/><E124/><V78/><F127/><W102/><G125/><T86/><D73/><U119/><E38/><V56/><F133/><W51/><G39/><T116/><D116/><U36/><E36/><V60/><F100/><W90/><G71/><T44/><D3/><U57/><E1/><V48/><F106/><W37/><G37/><T88/><D4/><U129/><E129/><V2/><F2/><W28/><G28/><T42/><D42/><U21/><E119/><V122/><F122/><W31/><G31/><T40/><D40/><U53/><E68/><V135/><F135/><W46/><G19/><T69/><D69/><U50/><E72/><V112/><F78/><W109/><G109/><T83/><REACH who="0" step="1"/><D110/><REACH who="0" ten="210,270,250,260" step="2"/><U65/><E101/><V93/><F112/><W114/><G114/><T82/><D82/><U59/><REACH who="1" step="1"/><E81/><REACH who="1" ten="210,260,250,260" step="2"/><V26/><F113/><W12/><G118/><T123/><D123/><U47/><E47/><V91/><F115/><W105/><G102/><T18/><D18/><U7/><E7/><V108/><F108/><W45/><G45/><T8/><D8/><U131/><E131/><V132/><F132/><W80/><G80/><T67/><D67/><AGARI ba="1,2" hai="16,21,24,50,53,54,57,59,62,65,67,92,94,95" machi="67" ten="40,7700,0" yaku="1,1,8,1,54,1,53,0" doraHai="11" doraHaiUra="111" who="1" fromWho="0" sc="210,-80,260,100,250,0,260,0" /><INIT seed="1,2,0,4,1,112" ten="130,360,250,260" oya="1" hai0="72,87,19,67,48,88,66,16,17,91,57,119,26" hai1="58,59,14,105,12,6,124,95,10,65,15,118,23" hai2="106,128,34,64,132,4,99,76,86,24,114,108,51" hai3="5,55,42,43,13,127,52,109,35,122,123,45,30"/><U82/><E124/><V134/><F114/><W96/><G127/><T98/><D72/><U40/><E105/><V70/><F108/><W113/><G113/><T38/><D38/><U117/><E40/><V0/><F128/><W56/><G109/><T125/><D125/><U61/><E82/><N who="2" m="47431" /><F51/><W81/><G35/><T37/><D37/><U27/><E95/><V120/><F4/><W63/><G30/><T68/><D68/><U60/><E12/><V75/><F0/><W36/><G43/><T107/><D119/><U94/><E14/><V101/><F75/><W104/><G81/><N who="0" m="49263" /><D107/><U89/><E23/><V80/><F80/><W50/><G104/><T25/><D48/><U93/><E27/><N who="0" m="10249" /><D57/><U7/><E7/><V131/><F120/><W73/><G73/><T84/><D98/><U126/><E126/><V79/><F79/><W3/><G96/><T116/><D116/><U32/><E32/><V121/><F131/><W9/><REACH who="3" step="1"/><G3/><REACH who="3" ten="130,360,250,250" step="2"/><T133/><D133/><U71/><E117/><V110/><F110/><W83/><G83/><AGARI ba="2,1" hai="16,17,19,66,67,83,84,91" m="10249,49263" machi="83" ten="30,3900,0" yaku="8,1,54,2" doraHai="112" who="0" fromWho="3" sc="130,55,360,0,250,0,250,-45" /><INIT seed="2,0,0,0,4,16" ten="185,360,250,205" oya="2" hai0="50,70,6,19,42,20,0,26,106,53,118,41,124" hai1="103,108,3,115,63,107,32,78,61,4,34,81,114" hai2="93,71,111,2,74,18,121,91,66,126,72,23,76" hai3="51,94,95,40,88,35,45,15,105,87,123,110,10"/><V55/><F121/><W37/><G123/><T69/><D106/><U5/><E108/><V12/><F111/><W129/><G110/><T48/><D118/><U134/><E134/><V77/><F126/><W96/><G129/><T24/><D124/><U60/><E103/><V1/><F76/><W57/><G35/><T89/><D70/><U7/><E107/><V25/><F71/><W82/><G105/><T86/><D69/><U75/><REACH who="1" step="1"/><E3/><REACH who="1" ten="185,350,250,205" step="2"/><V33/><F1/><W56/><G37/><T36/><D36/><U47/><E47/><V8/><F2/><W98/><G95/><N who="0" m="54711" /><D0/><U46/><E46/><V104/><F104/><W73/><G73/><T79/><D42/><U62/><N who="1" m="15360" /><DORA hai="101" /><U112/><AGARI ba="0,1" hai="4,5,7,32,34,75,78,81,112,114,115" m="15360" machi="112" ten="50,8000,1" yaku="1,1,4,1,0,1,29,2,53,0" doraHai="16,101" doraHaiUra="100,11" who="1" fromWho="1" sc="185,-20,350,90,250,-40,205,-20" /><INIT seed="3,0,0,0,4,94" ten="165,440,210,185" oya="3" hai0="81,98,8,74,6,5,108,84,131,13,50,32,128" hai1="115,102,95,113,64,25,17,14,18,33,23,20,114" hai2="118,82,24,31,112,123,72,67,124,4,35,119,38" hai3="65,78,88,2,70,60,12,101,126,19,86,57,15"/><W36/><G2/><T11/><D32/><U89/><E64/><V99/><F112/><W85/><G36/><T48/><D74/><U47/><E47/><V129/><F38/><W79/><G126/><T127/><D127/><U121/><E33/><V122/><F124/><W106/><G70/><T76/><D108/><U0/><E0/><V73/><F129/><W69/><G69/><T26/><D26/><U58/><E58/><V22/><F67/><W54/><G65/><T68/><D68/><U30/><E102/><V100/><F4/><W59/><G59/><T41/><D98/><U29/><REACH who="1" step="1"/><E121/><REACH who="1" ten="165,430,210,185" step="2"/><V105/><F35/><W109/><G101/><T46/><D50/><U110/><E110/><V92/><F122/><W40/><G109/><T90/><D90/><U83/><E83/><V132/><F82/><W34/><G34/><T80/><D80/><U43/><E43/><V87/><F123/><W9/><G40/><T37/><D37/><U53/><E53/><V134/><F118/><W49/><G49/><T107/><D107/><U39/><E39/><V75/><F119/><W28/><G106/><T111/><D111/><U120/><E120/><V116/><F116/><W135/><G88/><T16/><D5/><U7/><E7/><V42/><F42/><W56/><G56/><T55/><D55/><U62/><E62/><V97/><F97/><AGARI ba="0,1" hai="14,17,18,20,23,25,29,30,89,95,97,113,114,115" machi="97" ten="40,5200,0" yaku="1,1,52,1,53,1" doraHai="94" doraHaiUra="93" who="1" fromWho="2" sc="165,0,430,62,210,-52,185,0" owari="165,-23.5,492,59.2,158,-34.2,185,-1.5" /></mjloggm>