<mjloggm ver="2.3"><GO type="225" lobby="0"/><UN n0="%E3%81%BF%E3%81%BF%E3%81%9A" n1="%E6%B4%BE%E9%81%A3%E3%81%AE%E3%82%B8%E3%83%A3%E3%83%83%E3%82%AF" n2="%E6%AF%9B%E8%8D%92%E3%82%8C%E3%83%BB%E3%82%B9%E3%83%9F%E3%82%B9" n3="%E5%AE%AE%E4%BF%9D%E9%B6%8F%E8%82%89" dan="16,17,16,16" rate="2132.83,2168.43,2020.58,2136.00" sx="M,M,F,M"/><TAIKYOKU oya="0"/><INIT seed="0,0,0,2,3,119" ten="250,250,250,250" oya="0" hai0="69,99,75,92,89,114,53,2,12,76,101,83,105" hai1="116,86,110,34,35,64,112,6,125,62,17,25,40" hai2="130,55,15,9,24,54,122,60,108,87,45,126,66" hai3="120,10,82,58,100,18,7,104,81,5,56,4,28"/><T42/><D2/><U133/><E116/><V67/><F122/><W106/><G28/><T96/><D69/><U93/><E110/><V22/><F108/><W8/><G18/><T29/><D42/><U70/><E125/><V80/><F130/><W115/><G100/><T38/><D38/><U51/><E6/><V26/><F126/><W61/><G61/><T77/><D29/><U44/><E133/><V65/><F60/><W46/><G46/><T68/><D68/><U41/><E41/><V11/><F24/><W111/><G111/><T33/><D33/><U98/><E86/><V109/><F109/><W59/><G115/><T72/><D12/><U124/><E124/><V74/><F74/><N who="0" m="28202" /><D53/><N who="2" m="19978" /><F45/><W128/><G128/><T39/><D39/><U19/><E112/><V113/><F113/><W52/><G52/><T127/><D127/><U71/><E71/><V27/><F15/><W85/><G85/><N who="0" m="50367" /><D114/><U48/><E48/><V32/><F32/><W23/><G23/><T79/><D99/><U91/><E34/><V16/><F26/><W21/><G21/><T14/><D14/><U134/><E134/><V131/><F131/><W97/><G97/><T63/><D63/><U31/><AGARI ba="0,0" hai="17,19,25,31,35,40,44,51,62,64,70,91,93,98" machi="31" ten="30,1100,0" yaku="0,1" doraHai="119" who="1" fromWho="1" sc="250,-5,250,11,250,-3,250,-3" /><INIT seed="1,0,0,0,2,31" ten="245,261,247,247" oya="1" hai0="87,28,104,74,114,38,127,120,134,55,117,106,48" hai1="20,88,52,119,72,126,15,22,6,85,39,62,109" hai2="75,124,105,19,29,23,11,21,130,54,30,64,65" hai3="79,103,107,70,32,111,51,78,10,35,131,95,118"/><U56/><E119/><V115/><F75/><W37/><G37/><T60/><D74/><U76/><E39/><V98/><F124/><W97/><G70/><T43/><D117/><U92/><E126/><V40/><F130/><W59/><G118/><T81/><D127/><U101/><E109/><V67/><F115/><W128/><G111/><T113/><D60/><U129/><E129/><N who="3" m="49738" /><G10/><T135/><D43/><U89/><E101/><V44/><F54/><N who="3" m="32223" /><G107/><N who="0" m="41003" /><D28/><U112/><E112/><N who="0" m="43113" /><D55/><U47/><E47/><V93/><F105/><W84/><G84/><T66/><D48/><U27/><E27/><V91/><F11/><W53/><G53/><T116/><D66/><U63/><E63/><V34/><F34/><AGARI ba="0,0" hai="32,34,35,78,79,95,97,103" m="32223,49738" machi="34" ten="30,7700,0" yaku="19,1,52,3" doraHai="31" who="3" fromWho="2" sc="245,0,261,0,247,-77,247,77" /><INIT seed="2,0,0,5,5,85" ten="245,261,170,324" oya="2" hai0="102,46,16,86,6,78,32,50,117,132,133,116,105" hai1="127,92,66,45,93,58,129,110,61,113,71,72,31" hai2="118,51,87,123,112,3,22,0,36,5,12,80,35" hai3="134,1,135,104,62,23,63,122,109,42,15,49,60"/><V10/><F112/><W89/><G1/><T101/><D32/><U48/><E72/><V38/><F118/><N who="0" m="45674" /><D6/><U11/><E113/><V97/><F123/><W24/><G122/><T130/><D130/><U43/><E110/><V115/><F115/><W88/><G104/><T73/><D73/><U4/><E127/><V98/><F35/><W47/><G15/><T69/><D69/><U8/><E129/><V13/><F0/><W26/><G26/><T18/><D78/><U20/><E71/><V52/><F36/><W94/><G109/><T33/><D86/><U125/><E125/><V82/><F38/><W19/><REACH who="3" step="1"/><G89/><REACH who="3" ten="245,261,170,314" step="2"/><T128/><D128/><U126/><E126/><V67/><F3/><W84/><AGARI ba="0,1" hai="19,23,24,42,47,49,60,62,63,84,88,94,134,135" machi="84" ten="30,12000,2" yaku="1,1,2,1,0,1,52,1,54,1,53,1" doraHai="85" doraHaiUra="91" who="3" fromWho="3" sc="245,-30,261,-30,170,-60,314,130" /><INIT seed="3,0,0,5,4,69" ten="215,231,110,444" oya="3" hai0="131,133,70,109,9,124,71,103,35,27,127,104,73" hai1="105,56,106,110,7,28,16,46,114,67,96,82,112" hai2="11,81,95,33,126,118,51,119,2,135,32,14,61" hai3="111,0,92,75,89,62,84,49,24,98,116,65,21"/><W44/><G116/><T45/><D109/><U83/><E7/><V43/><F126/><N who="0" m="48170" /><D133/><U18/><E28/><V12/><F135/><W42/><G75/><T77/><D9/><U79/><E46/><V36/><F95/><W108/><G0/><T57/><D57/><U120/><E120/><V60/><F51/><W41/><G41/><T80/><D45/><U6/><E6/><V20/><F43/><W59/><REACH who="3" step="1"/><G98/><REACH who="3" ten="215,231,110,434" step="2"/><N who="0" m="61559" /><D131/><U58/><E96/><V8/><F2/><W125/><G125/><T29/><AGARI ba="0,1" hai="27,29,35,70,71,73,77,80" m="61559,48170" machi="29" ten="30,2000,0" yaku="18,1,23,1" doraHai="69" who="0" fromWho="0" sc="215,30,231,-5,110,-5,434,-10" owari="245,4.5,226,-17.4,105,-39.5,424,52.4" /></mjloggm>