<mjloggm ver="2.3"><GO type="225" lobby="0"/><UN n0="%E3%81%8D%E3%82%85%E3%81%86" n1="%E3%81%BF%E3%81%BF%E3%81%9A" n2="%E3%81%B5%E3%81%98%E3%81%8B%E3%81%A4" n3="%48%61%61%61%6C%61%6E%64" dan="16,16,16,18" rate="2088.58,2231.04,2191.24,2297.21" sx="M,M,M,M"/><TAIKYOKU oya="0"/><INIT seed="0,0,0,4,2,118" ten="250,250,250,250" oya="0" hai0="13,116,122,126,50,125,47,62,31,9,45,52,100" hai1="104,64,99,68,55,79,5,119,6,20,92,121,59" hai2="90,24,113,70,135,65,32,49,21,95,12,19,16" hai3="40,57,78,25,96,14,44,76,29,129,107,84,4"/><T80/><D116/><U117/><E104/><V71/><F113/><W42/><G129/><T105/><D31/><U61/><E5/><V127/><F127/><N who="0" m="48650" /><D62/><U97/><E97/><V88/><F135/><W58/><G40/><T115/><D115/><U87/><E121/><V26/><F32/><W60/><G96/><N who="0" m="61575" /><D80/><U120/><E120/><V101/><F101/><W103/><G103/><T77/><D77/><U124/><E124/><V30/><F49/><N who="3" m="26775" /><G78/><T39/><D39/><U27/><E79/><V69/><F65/><W133/><G60/><T130/><D130/><U73/><E73/><V108/><F108/><W7/><G133/><T93/><D93/><U134/><E87/><V23/><REACH who="2" step="1"/><F95/><REACH who="2" ten="250,250,240,250" step="2"/><W15/><G107/><T75/><D122/><U110/><E134/><V54/><F54/><W109/><G109/><T11/><D75/><U43/><E110/><V38/><F38/><W123/><G123/><T28/><D47/><U91/><E43/><V81/><F81/><W131/><G131/><T46/><D45/><U112/><E112/><V51/><F51/><W48/><G48/><T67/><D67/><U72/><E72/><V37/><F37/><W3/><G57/><T89/><D46/><U106/><E106/><V41/><F41/><W18/><G58/><T56/><D56/><U10/><E55/><V0/><F0/><W63/><G3/><T33/><D52/><U94/><E59/><V66/><F66/><W111/><G111/><T132/><D132/><U2/><E94/><V98/><F98/><W128/><G128/><T74/><D74/><U53/><E53/><RYUUKYOKU ba="0,1" sc="250,-15,250,15,240,15,250,-15" hai1="2,6,10,20,27,61,64,68,91,92,99,117,119" hai2="12,16,19,21,23,24,26,30,69,70,71,88,90" /><INIT seed="1,1,1,3,5,96" ten="235,265,255,235" oya="1" hai0="85,79,9,111,135,36,64,115,131,74,55,27,77" hai1="4,123,49,71,105,98,39,103,104,108,91,84,13" hai2="0,116,8,26,126,120,75,53,44,100,6,28,35" hai3="113,50,61,66,129,15,30,34,7,67,83,38,3"/><U110/><E123/><V70/><F120/><W132/><G113/><T21/><D36/><U24/><E39/><V42/><F116/><W92/><G38/><T25/><D74/><U93/><E71/><V31/><F53/><W97/><G3/><T18/><D9/><N who="1" m="4263" /><E49/><V5/><F70/><W29/><G129/><T20/><D111/><N who="1" m="42539" /><E24/><V130/><F130/><W112/><G50/><T121/><D27/><U48/><E48/><V68/><F68/><W23/><G112/><T80/><D25/><U127/><E127/><V122/><F31/><W51/><G51/><T45/><D131/><U1/><E1/><V124/><F122/><W52/><G29/><T10/><D121/><U16/><E16/><V37/><F6/><W133/><G7/><T32/><D18/><U65/><E65/><V81/><REACH who="2" step="1"/><F100/><REACH who="2" ten="235,265,245,235" step="2"/><W95/><G30/><T73/><D115/><U94/><AGARI ba="1,2" hai="84,91,93,94,98,103,104,105" m="42539,4263" machi="94" ten="30,6000,0" yaku="14,1,10,1,52,1" doraHai="96" who="1" fromWho="1" sc="235,-21,265,83,245,-21,235,-21" /><INIT seed="1,2,0,0,3,117" ten="214,348,224,214" oya="1" hai0="56,19,63,86,14,8,135,48,97,69,27,87,62" hai1="65,39,118,24,61,16,18,98,77,49,38,92,105" hai2="51,73,128,112,113,37,116,43,89,95,80,108,17" hai3="127,122,15,99,58,84,90,74,29,72,126,13,11"/><U68/><E118/><V55/><F116/><W131/><G131/><T103/><D135/><U64/><E105/><V32/><F32/><W47/><G29/><T2/><D2/><U3/><E3/><V9/><F108/><W111/><G111/><T125/><D125/><N who="3" m="47625" /><G122/><T45/><D69/><U134/><E134/><V88/><F128/><W33/><G33/><T0/><D27/><U5/><E5/><V114/><F37/><W12/><G99/><T34/><D0/><U96/><E77/><N who="2" m="44079" /><F43/><W57/><G11/><T44/><D63/><U60/><E49/><V79/><F79/><W42/><G72/><T41/><D45/><U119/><E119/><V94/><F9/><W4/><G74/><T20/><D8/><U104/><E104/><V106/><F17/><W46/><G4/><T132/><D34/><U30/><E30/><V22/><F22/><W67/><G67/><T93/><REACH who="0" step="1"/><D132/><REACH who="0" ten="204,348,224,214" step="2"/><U130/><E130/><V107/><F51/><N who="3" m="27095" /><G47/><T23/><D23/><U78/><E24/><V59/><F59/><W71/><G71/><T82/><D82/><AGARI ba="2,1" hai="12,13,15,57,58,82,84,90" m="27095,47625" machi="82" ten="30,1000,0" yaku="18,1" doraHai="117" who="3" fromWho="0" sc="204,-16,348,0,224,0,214,26" /><INIT seed="2,0,0,1,1,95" ten="188,348,224,240" oya="2" hai0="2,35,70,66,6,50,24,55,105,129,64,116,65" hai1="47,96,100,78,121,59,119,97,53,40,27,7,81" hai2="99,135,8,126,23,38,11,133,3,61,93,107,89" hai3="110,42,21,82,120,115,91,69,26,28,117,124,16"/><V132/><F126/><W13/><G117/><T33/><D70/><U109/><E119/><V60/><F38/><W106/><G120/><T15/><D116/><U22/><E121/><V48/><F48/><W44/><G124/><T88/><D129/><U31/><E109/><V72/><F72/><W10/><G110/><T63/><D63/><U85/><E100/><V123/><F123/><W80/><G69/><T83/><D2/><U19/><E7/><V75/><F75/><W74/><G115/><T86/><D105/><U1/><E1/><V29/><F107/><W73/><G106/><T130/><D24/><U20/><E47/><V52/><F3/><W122/><G122/><T36/><D36/><U9/><E9/><V45/><F61/><W68/><G68/><T43/><D43/><U113/><E40/><V102/><F102/><W77/><G91/><T94/><D130/><U37/><E37/><V71/><F71/><W128/><G128/><T56/><D6/><U51/><E113/><V134/><N who="2" m="33792" /><DORA hai="104" /><V54/><F45/><W18/><G44/><T103/><REACH who="0" step="1"/><D15/><AGARI ba="0,0" hai="15,19,20,22,27,31,51,53,59,78,81,85,96,97" machi="15" ten="30,7700,0" yaku="7,1,8,1,52,2" doraHai="95,104" who="1" fromWho="0" sc="188,-77,348,77,224,0,240,0" /><INIT seed="3,0,0,3,2,134" ten="111,425,224,240" oya="3" hai0="79,5,18,10,37,39,81,27,3,117,60,95,78" hai1="131,57,130,106,58,19,50,32,75,6,114,88,85" hai2="74,26,34,11,59,76,20,47,7,86,12,36,63" hai3="123,113,102,16,1,87,25,99,91,49,28,119,38"/><W129/><G113/><T33/><D60/><U35/><E114/><V125/><F74/><W133/><G119/><T45/><D79/><U127/><E127/><V48/><F34/><N who="1" m="12841" /><E75/><V13/><F36/><W82/><G38/><T8/><D39/><U17/><E106/><V97/><F97/><W9/><G129/><N who="1" m="49162" /><E6/><V92/><F125/><W52/><G133/><T107/><D95/><N who="1" m="54671" /><E50/><V77/><F13/><N who="3" m="7215" /><G1/><T100/><D117/><U54/><E54/><N who="2" m="29983" /><F92/><N who="3" m="58727" /><G123/><T121/><D121/><U51/><E51/><V126/><F126/><W93/><G93/><T90/><D107/><U135/><E135/><V101/><F101/><W83/><G83/><T109/><D81/><U111/><E111/><V4/><F4/><W23/><G49/><T31/><D100/><U132/><E132/><V24/><F24/><W84/><G84/><T118/><D27/><U46/><E46/><V98/><F86/><W62/><G52/><T53/><D53/><U112/><E112/><V71/><F98/><W116/><G116/><T108/><D118/><U61/><E61/><AGARI ba="0,0" hai="23,25,28,61,62,82,87,91" m="58727,7215" machi="61" ten="30,2900,0" yaku="8,1,54,1" doraHai="134" who="3" fromWho="1" sc="111,0,425,-29,224,0,240,29" /><INIT seed="3,1,0,3,0,42" ten="111,396,224,269" oya="3" hai0="85,33,84,86,57,98,73,109,66,103,83,104,11" hai1="35,130,78,45,88,118,58,127,44,18,54,26,8" hai2="122,24,120,134,89,126,14,132,31,34,9,129,32" hai3="92,96,52,116,1,82,15,47,46,81,111,74,17"/><W51/><G116/><T25/><D25/><U63/><E118/><V105/><F105/><W95/><G1/><T62/><D11/><U7/><E78/><V124/><F89/><N who="3" m="55311" /><G74/><T87/><D57/><U36/><E36/><V50/><F34/><W99/><G111/><T22/><D62/><U21/><E130/><V90/><F129/><W64/><G64/><T4/><D22/><U16/><E127/><N who="2" m="48683" /><F90/><N who="3" m="55799" /><G47/><N who="1" m="17994" /><E35/><V80/><F50/><W67/><G67/><T117/><D4/><U29/><E88/><V56/><F56/><W39/><G39/><T53/><D53/><U97/><E97/><V135/><F80/><W61/><G61/><T48/><D66/><U43/><E43/><V70/><F70/><W0/><G0/><T68/><D48/><U37/><E37/><V121/><F121/><W20/><AGARI ba="1,0" hai="15,17,20,46,51,52,81,82" m="55799,55311" machi="20" ten="30,6000,0" yaku="8,1,52,1,54,1" doraHai="42" who="3" fromWho="3" sc="111,-21,396,-21,224,-21,269,63" /><INIT seed="3,2,0,0,1,124" ten="90,375,203,332" oya="3" hai0="21,81,42,77,116,119,117,59,128,122,83,78,135" hai1="33,82,92,54,73,62,20,67,75,8,44,35,56" hai2="97,109,13,5,58,104,32,10,93,106,1,15,110" hai3="16,53,43,36,80,31,129,101,134,51,26,87,86"/><W88/><G129/><T69/><D59/><U111/><E111/><N who="2" m="42507" /><F32/><W118/><G118/><T89/><D21/><U68/><E20/><V46/><F58/><W39/><G134/><T79/><D42/><U98/><E8/><N who="2" m="4239" /><F46/><W2/><G2/><T27/><D27/><U107/><E107/><V84/><F84/><W52/><G101/><T22/><D22/><U74/><E44/><V99/><F1/><W96/><G96/><N who="2" m="36937" /><F93/><N who="3" m="54423" /><G36/><T66/><D66/><U71/><E82/><V65/><F65/><W19/><G39/><T14/><D14/><U123/><E123/><V9/><F10/><W28/><G43/><T11/><D11/><U4/><E4/><AGARI ba="2,0" hai="4,9,15,104,106" m="36937,4239,42507" machi="4" ten="30,1000,0" yaku="14,1" doraHai="124" who="2" fromWho="1" sc="90,0,375,-16,203,16,332,0" owari="90,-41.0,359,45.9,219,-18.1,332,13.2" /></mjloggm>