<mjloggm ver="2.3"><GO type="225" lobby="0"/><UN n0="%E6%80%AA%E3%81%97%E3%81%99%E3%81%8E%E3%82%8B%E3%83%81%E3%83%BC" n1="%E3%81%BF%E3%81%BF%E3%81%9A" n2="%E8%A8%88%E7%AE%97%E6%A9%9F%E8%87%AA%E7%84%B6" n3="%73%61%6E%64%69%72%69%73" dan="16,17,17,16" rate="2128.54,2170.82,2234.02,2187.09" sx="M,M,M,M"/><TAIKYOKU oya="0"/><INIT seed="0,0,0,4,1,60" ten="250,250,250,250" oya="0" hai0="24,82,45,48,84,119,50,35,131,40,43,108,16" hai1="76,89,77,8,85,95,105,0,54,74,1,59,34" hai2="69,101,47,112,64,62,86,44,87,27,117,120,99" hai3="9,6,124,33,2,123,13,98,81,5,53,93,61"/><T66/><D119/><U20/><E34/><V96/><F120/><W12/><G123/><T18/><D131/><U29/><E105/><V23/><F112/><W73/><G33/><T55/><D108/><U68/><E68/><V58/><F117/><W42/><G124/><T75/><D75/><U113/><E113/><V102/><F69/><W65/><G53/><T79/><D66/><U104/><E104/><V130/><F130/><W38/><G6/><T25/><D40/><U121/><E121/><V127/><F127/><W132/><G132/><T80/><D80/><U30/><E74/><V78/><F96/><W22/><G22/><T56/><REACH who="0" step="1"/><D25/><REACH who="0" ten="240,250,250,250" step="2"/><N who="1" m="16551" /><E0/><V83/><F86/><W39/><G81/><T94/><D94/><U134/><E1/><V122/><F122/><W32/><G93/><T7/><D7/><U26/><E134/><V15/><F15/><W52/><G42/><T103/><D103/><N who="2" m="39434" /><F99/><W63/><G98/><T71/><D71/><U135/><E135/><V107/><F107/><W116/><G73/><T11/><D11/><U37/><E8/><V125/><F125/><W100/><G100/><T106/><D106/><U19/><E37/><V51/><F27/><W90/><G116/><T67/><D67/><U91/><E26/><V97/><F97/><W129/><G38/><T126/><D126/><U3/><E3/><V31/><F83/><W118/><G39/><T21/><D21/><U114/><E114/><V92/><F23/><W111/><G129/><T70/><D70/><U41/><E41/><N who="2" m="24975" /><F92/><W49/><G118/><T28/><AGARI ba="0,1" hai="16,18,24,28,35,43,45,48,50,55,56,79,82,84" machi="28" ten="30,12000,1" yaku="1,1,0,1,54,1,53,2" doraHai="60" doraHaiUra="14" who="0" fromWho="0" sc="240,130,250,-40,250,-40,250,-40" /><INIT seed="0,1,0,0,2,93" ten="370,210,210,210" oya="0" hai0="22,101,105,95,116,8,127,106,90,62,113,58,69" hai1="78,4,45,76,14,28,52,35,104,132,72,81,129" hai2="40,125,1,55,126,5,13,6,66,102,0,135,10" hai3="87,20,71,56,37,7,47,53,121,83,26,18,43"/><T73/><D113/><U123/><E123/><V64/><F40/><W120/><G71/><T23/><D116/><U100/><E129/><V3/><F135/><W29/><G7/><T44/><D69/><U74/><E132/><V88/><F102/><W15/><G56/><T49/><D73/><U94/><E104/><V48/><F5/><W32/><REACH who="3" step="1"/><G53/><REACH who="3" ten="370,210,210,200" step="2"/><T41/><D58/><U133/><E133/><V79/><F64/><W108/><G108/><T91/><D44/><U117/><E117/><V36/><F66/><W59/><G59/><T19/><D41/><U51/><E4/><V128/><F0/><W9/><G9/><T84/><D8/><U2/><E2/><V118/><F118/><W11/><G11/><T109/><D109/><U115/><E115/><V50/><F55/><W112/><G112/><T80/><D23/><U67/><E67/><V70/><F70/><W68/><G68/><T61/><D22/><U82/><E35/><V24/><F1/><W131/><G131/><T34/><D34/><U89/><E28/><V119/><F128/><W57/><G57/><T54/><D54/><U16/><E16/><V33/><F119/><W110/><G110/><T21/><D19/><U107/><E52/><V114/><F114/><W63/><G63/><T98/><D21/><U92/><E45/><V99/><F3/><W25/><G25/><T38/><D62/><U46/><E46/><V17/><F6/><W39/><G39/><T130/><D61/><U122/><E51/><N who="2" m="19499" /><F36/><W86/><G86/><T103/><D130/><U124/><E72/><V96/><F17/><RYUUKYOKU ba="1,1" sc="370,-10,210,-10,210,-10,200,30" hai3="15,18,20,26,29,32,37,43,47,83,87,120,121" /><INIT seed="1,2,1,0,4,0" ten="360,200,200,230" oya="1" hai0="94,85,47,72,15,124,40,132,90,56,81,112,88" hai1="10,89,25,74,106,55,49,77,118,103,110,13,79" hai2="37,14,108,45,78,84,117,31,130,104,17,122,87" hai3="62,52,5,39,1,24,134,44,28,7,66,109,114"/><U97/><E118/><V60/><F117/><W33/><G114/><T120/><D112/><U3/><E3/><V58/><F122/><W116/><G116/><T42/><D120/><U63/><E110/><V50/><F104/><W99/><G1/><T22/><D124/><U20/><E63/><V93/><F37/><W105/><G134/><T80/><D132/><U91/><E74/><V70/><F70/><N who="3" m="42327" /><G109/><T107/><D107/><U82/><E79/><V16/><F130/><W86/><G86/><N who="0" m="52503" /><D72/><U41/><E41/><N who="0" m="15977" /><D47/><U119/><E119/><V92/><F31/><W35/><G35/><T131/><D131/><U113/><E113/><V12/><F108/><W2/><G2/><T129/><D56/><U121/><E121/><V67/><F12/><W6/><G39/><T26/><D15/><U83/><E83/><N who="2" m="47223" /><F14/><W69/><G69/><T19/><D129/><U57/><E82/><AGARI ba="2,1" hai="19,22,26,80,81,82,85,90" m="15977,52503" machi="82" ten="30,2000,0" yaku="8,1,54,1" doraHai="0" who="0" fromWho="1" sc="360,36,200,-26,200,0,230,0" /><INIT seed="2,0,0,3,5,116" ten="396,174,200,230" oya="2" hai0="37,109,80,112,124,70,64,90,15,128,104,78,97" hai1="113,115,98,0,94,101,105,99,33,79,135,106,85" hai2="49,95,32,48,111,36,103,83,59,34,25,81,18" hai3="7,35,47,52,119,132,12,41,27,91,29,63,110"/><V2/><F36/><W82/><G119/><T19/><D109/><U57/><E0/><V126/><F2/><W75/><G110/><T108/><D112/><U88/><E33/><V102/><F111/><W93/><G132/><T6/><D128/><U43/><E43/><V16/><F59/><W1/><G1/><T58/><D6/><U38/><E38/><V100/><F95/><W123/><G123/><T66/><D70/><U21/><E21/><V30/><F126/><W4/><G12/><T68/><D68/><U73/><E57/><V17/><REACH who="2" step="1"/><F32/><REACH who="2" ten="396,174,190,230" step="2"/><W53/><G93/><T114/><D124/><U11/><E135/><V131/><F131/><W96/><G35/><T10/><D37/><U46/><E46/><V89/><F89/><W121/><G91/><T22/><D90/><U55/><E11/><V130/><F130/><W107/><G47/><T61/><D108/><U134/><E134/><V69/><F69/><W28/><G107/><T56/><D114/><U14/><E14/><V50/><AGARI ba="0,1" hai="16,17,18,25,30,34,48,49,50,81,83,100,102,103" machi="50" ten="40,18000,2" yaku="1,1,0,1,29,2,54,1,53,1" doraHai="116" doraHaiUra="23" who="2" fromWho="2" sc="396,-60,174,-60,190,190,230,-60" /><INIT seed="2,1,0,4,2,6" ten="336,114,380,170" oya="2" hai0="123,40,106,43,47,82,50,30,24,10,86,32,116" hai1="89,102,53,93,77,74,133,75,44,118,94,71,63" hai2="38,91,115,83,112,2,88,128,105,35,39,110,122" hai3="1,66,121,14,56,8,81,3,54,96,25,124,58"/><V26/><F122/><W70/><G121/><T109/><D116/><U59/><E118/><V15/><F2/><W108/><G108/><T119/><D119/><U62/><E133/><V127/><F105/><W85/><G124/><T11/><D109/><U52/><E77/><V68/><F68/><W22/><G96/><T33/><D106/><U130/><E130/><V103/><F103/><W34/><G34/><T134/><D134/><U7/><E7/><V27/><F110/><W131/><G70/><T92/><D123/><U12/><E12/><V114/><F128/><W20/><G1/><T19/><D32/><U87/><E44/><V67/><F67/><W78/><G3/><T120/><D120/><U4/><E4/><V9/><F127/><W61/><G25/><T100/><D19/><U98/><REACH who="1" step="1"/><E71/><REACH who="1" ten="336,104,380,170" step="2"/><V0/><F0/><W23/><G131/><T80/><D40/><U13/><E13/><V99/><F15/><W132/><G132/><T48/><D47/><U101/><E101/><V111/><F111/><W46/><G46/><T16/><D43/><U28/><E28/><V17/><F17/><W79/><G79/><T90/><D16/><U73/><E73/><V76/><F76/><W69/><G69/><T107/><D100/><U36/><E36/><V29/><F38/><W95/><G78/><T57/><D57/><AGARI ba="1,1" hai="52,53,57,59,62,63,74,75,87,89,93,94,98,102" machi="57" ten="40,5200,0" yaku="1,1,9,1,54,1,53,0" doraHai="6" doraHaiUra="18" who="1" fromWho="0" sc="336,-55,104,65,380,0,170,0" /><INIT seed="3,0,0,5,4,74" ten="281,169,380,170" oya="3" hai0="21,36,1,23,59,107,48,125,16,71,18,127,88" hai1="11,56,97,7,19,47,3,26,67,93,62,29,52" hai2="57,70,123,60,96,87,91,130,61,37,50,81,104" hai3="63,95,54,44,80,13,20,66,78,53,101,105,83"/><W73/><G105/><T135/><D36/><U64/><E64/><V41/><F70/><W58/><G44/><T100/><D71/><U40/><E40/><V28/><BYE who="1" /><F37/><W131/><G131/><T27/><D1/><U106/><E106/><V132/><F130/><W39/><G39/><T75/><D135/><U116/><E116/><V10/><F28/><W34/><G34/><T99/><D75/><U9/><E9/><V72/><F72/><W76/><G101/><T45/><D59/><U69/><E69/><V122/><F132/><W111/><G95/><T102/><D88/><U8/><E8/><V43/><F10/><W15/><G111/><T128/><D102/><U94/><E94/><N who="2" m="56415" /><F104/><W90/><G90/><T12/><REACH who="0" step="1"/><D128/><REACH who="0" ten="271,169,380,170" step="2"/><U112/><E112/><V134/><F134/><W89/><G89/><T85/><D85/><U109/><E109/><V14/><F87/><W114/><G114/><T2/><D2/><U77/><E77/><V103/><F103/><W124/><G78/><T68/><D68/><U35/><E35/><V25/><F81/><W86/><G83/><T84/><D84/><U115/><E115/><V6/><F122/><W92/><G86/><T42/><AGARI ba="0,1" hai="12,16,18,21,23,27,42,45,48,99,100,107,125,127" machi="42" ten="30,4000,0" yaku="1,1,0,1,54,1,53,0" doraHai="74" doraHaiUra="0" who="0" fromWho="0" sc="271,50,169,-10,380,-10,170,-20" owari="321,12.1,159,-24.1,370,47.0,150,-35.0" /></mjloggm>