<mjloggm ver="2.3"><GO type="225" lobby="0"/><UN n0="%E3%82%B0%E3%83%AA%E3%82%B0%E3%83%AA%E6%A3%92" n1="%E3%81%AF%E3%82%88%E3%81%8A%E3%81%98%E3%81%95%E3%82%93" n2="%E3%83%94%E3%82%B3%E3%83%9E%E3%82%B9%E3%83%86%E3%82%A3%E3%83%95" n3="%E3%81%86%E3%82%8B%E3%81%8A%E3%81%A1%E3%82%83" dan="17,17,17,16" rate="2120.99,2228.25,2186.37,2078.49" sx="M,M,M,F"/><TAIKYOKU oya="0"/><INIT seed="0,0,0,3,5,43" ten="250,250,250,250" oya="0" hai0="25,67,115,83,105,94,49,98,89,28,99,12,57" hai1="30,85,121,62,75,126,23,84,13,119,47,113,81" hai2="135,50,101,4,92,63,108,106,11,35,2,24,133" hai3="55,48,44,131,65,54,68,82,107,97,45,111,46"/><T118/><D115/><U102/><E119/><V117/><F108/><W130/><G111/><T79/><D118/><U64/><E121/><V96/><F117/><W78/><G68/><T123/><D123/><U10/><E113/><V129/><F129/><N who="3" m="49163" /><G65/><T8/><D105/><U128/><E128/><V80/><F92/><W125/><G125/><T87/><D67/><U59/><E126/><V95/><F95/><W42/><G55/><T17/><D57/><U76/><E102/><V22/><F35/><W60/><G60/><T56/><D56/><U132/><E132/><V120/><F120/><W74/><G54/><T73/><REACH who="0" step="1"/><D49/><REACH who="0" ten="240,250,250,250" step="2"/><U37/><E37/><V90/><F50/><W69/><G69/><T19/><D19/><U53/><E64/><V86/><REACH who="2" step="1"/><F63/><REACH who="2" ten="240,250,240,250" step="2"/><W38/><G48/><T16/><D16/><AGARI ba="0,2" hai="2,4,11,16,22,24,80,86,90,96,101,106,133,135" machi="16" ten="40,5200,0" yaku="1,1,2,1,54,1,53,0" doraHai="43" doraHaiUra="134" who="2" fromWho="0" sc="240,-52,250,0,240,72,250,0" /><INIT seed="1,0,0,0,5,82" ten="188,250,312,250" oya="1" hai0="21,65,129,76,33,47,10,105,35,75,110,99,25" hai1="64,63,121,104,1,32,77,124,23,111,46,103,57" hai2="87,107,67,132,85,92,119,22,96,134,6,17,123" hai3="112,28,48,60,27,130,116,135,114,36,86,94,37"/><U133/><E121/><V44/><F119/><W127/><G37/><T118/><D118/><U54/><E32/><V89/><F123/><W9/><G36/><T90/><D110/><U38/><E111/><V18/><F6/><W93/><G114/><T78/><D129/><U30/><E1/><V0/><F0/><W16/><G112/><T43/><D65/><U101/><E124/><V12/><F67/><W61/><G135/><N who="2" m="51753" /><F107/><W95/><G130/><T7/><D76/><U53/><E133/><V109/><F109/><W62/><G127/><T4/><D4/><U5/><E5/><V100/><F44/><W19/><G48/><T126/><D126/><U69/><E77/><V49/><F49/><W72/><G72/><T120/><D120/><U3/><E3/><V39/><F39/><W91/><G116/><T56/><D56/><U115/><E115/><V8/><F89/><W98/><G9/><T83/><D90/><U52/><E69/><V113/><F113/><W128/><G128/><T117/><D117/><U106/><E106/><V66/><F66/><W59/><G59/><T102/><D21/><U34/><E104/><V80/><F80/><N who="3" m="49607" /><G98/><T88/><D25/><AGARI ba="0,0" hai="8,12,17,18,22,25,85,87,92,96,100" m="51753" machi="25" ten="30,3900,0" yaku="20,1,52,2" doraHai="82" who="2" fromWho="0" sc="188,-39,250,0,312,39,250,0" /><INIT seed="2,0,0,2,3,39" ten="149,250,351,250" oya="2" hai0="122,45,116,93,94,32,123,49,74,27,130,131,109" hai1="53,126,103,23,135,3,83,80,62,125,7,78,57" hai2="24,30,110,105,16,88,71,2,5,79,67,25,99" hai3="89,41,112,82,128,11,13,46,38,51,47,96,65"/><V70/><F79/><W118/><G118/><T48/><D32/><U134/><E103/><V66/><F110/><W9/><G9/><T61/><D27/><U33/><E33/><V64/><F2/><W17/><G128/><N who="0" m="49195" /><D74/><N who="1" m="43095" /><E83/><V28/><F5/><W40/><G112/><T36/><D94/><U86/><E86/><V19/><F105/><W22/><G65/><T15/><D93/><U31/><E7/><V87/><F99/><W113/><G113/><T100/><D100/><U121/><E3/><V85/><REACH who="2" step="1"/><F67/><REACH who="2" ten="149,250,341,250" step="2"/><W59/><G96/><T43/><D109/><U52/><E121/><N who="0" m="46089" /><D116/><U54/><E125/><V72/><F72/><W107/><G107/><T68/><D15/><U34/><E126/><V117/><F117/><W133/><G13/><T55/><D55/><U129/><E129/><V10/><F10/><W124/><G11/><T35/><D35/><U58/><E34/><V63/><F63/><W42/><G124/><T101/><D101/><U56/><E62/><V127/><F127/><W44/><G82/><T1/><D1/><U76/><E54/><V18/><F18/><W81/><G81/><T95/><D95/><U132/><E53/><V119/><F119/><W69/><G17/><T4/><D4/><U50/><E52/><V98/><F98/><W8/><G8/><T111/><D111/><U29/><E132/><V120/><F120/><W75/><G133/><T73/><D73/><U114/><E134/><V91/><AGARI ba="0,1" hai="16,19,24,25,28,30,64,66,70,71,85,87,88,91" machi="91" ten="25,18000,2" yaku="1,1,0,1,22,2,54,2,53,0" doraHai="39" doraHaiUra="6" who="2" fromWho="2" sc="149,-60,250,-60,341,190,250,-60" /><INIT seed="2,1,0,2,5,43" ten="89,190,531,190" oya="2" hai0="123,50,19,87,33,45,78,121,126,130,119,103,84" hai1="44,122,117,93,4,32,75,9,86,12,133,85,109" hai2="108,3,28,94,80,13,105,129,106,68,118,22,79" hai3="18,26,40,2,83,115,61,69,29,107,57,52,76"/><V72/><F68/><W100/><G2/><T66/><D33/><U34/><E117/><V82/><F3/><W101/><G115/><T114/><D119/><U81/><E109/><V16/><F118/><W58/><G69/><T21/><D114/><U35/><E133/><V14/><F129/><W112/><G112/><T24/><D130/><U92/><E122/><V96/><F108/><W73/><G107/><T67/><D126/><U88/><E75/><V37/><F37/><W38/><G18/><T99/><D121/><U10/><E44/><V63/><F82/><W53/><G40/><T23/><D123/><U48/><E48/><V54/><F13/><W56/><G38/><T0/><D0/><U25/><E25/><V64/><F54/><W131/><G131/><T55/><D78/><U62/><E62/><V31/><F106/><W89/><G89/><T1/><D1/><U59/><E59/><V77/><F105/><W30/><G30/><T74/><D74/><U70/><E70/><V127/><F79/><W42/><G42/><T128/><D128/><U125/><E125/><V98/><F127/><W132/><G132/><T110/><D110/><U49/><E49/><V11/><F63/><W36/><G36/><T17/><D66/><U8/><E92/><V134/><F134/><W95/><G95/><T5/><D5/><U120/><E120/><V41/><F41/><W90/><G90/><T135/><D67/><U6/><E4/><N who="2" m="3431" /><F94/><W46/><G61/><T39/><D39/><U102/><E102/><V104/><F104/><W116/><G53/><T20/><D135/><RYUUKYOKU ba="1,0" sc="89,-10,190,30,531,-10,190,-10" hai1="6,8,9,10,12,32,34,35,81,85,86,88,93" /><INIT seed="3,2,0,5,5,88" ten="79,220,521,180" oya="3" hai0="106,38,104,92,103,108,123,111,84,101,31,10,0" hai1="131,28,124,90,121,8,22,128,115,134,129,65,21" hai2="113,24,33,135,23,125,46,32,44,122,91,5,102" hai3="56,2,17,30,16,47,41,59,64,81,107,62,74"/><W96/><G2/><T29/><D38/><U43/><E115/><V6/><F113/><W77/><G30/><T53/><D0/><U75/><E124/><V61/><F102/><N who="0" m="38922" /><D10/><U82/><E134/><V67/><F91/><W100/><REACH who="3" step="1"/><G59/><REACH who="3" ten="79,220,521,170" step="2"/><T13/><D53/><U78/><E28/><V87/><F135/><W76/><G76/><T109/><D31/><U50/><E78/><V42/><F33/><W71/><G71/><T69/><D29/><U52/><E52/><V40/><F32/><W119/><G119/><T48/><D69/><U36/><E129/><V110/><F125/><W54/><G54/><T120/><D48/><AGARI ba="2,1" hai="16,17,41,47,48,56,62,64,74,77,81,96,100,107" machi="48" ten="30,5800,0" yaku="1,1,7,1,54,1,53,0" doraHai="88" doraHaiUra="130" who="3" fromWho="0" sc="79,-64,220,0,521,0,170,74" /><INIT seed="3,3,0,1,1,118" ten="15,220,521,244" oya="3" hai0="22,98,93,2,106,97,117,11,41,15,24,34,49" hai1="31,135,18,131,78,94,67,54,5,82,17,53,4" hai2="125,126,73,130,114,25,3,110,30,87,60,35,111" hai3="14,62,16,84,10,74,59,64,12,20,124,56,107"/><W81/><G124/><N who="2" m="47721" /><F73/><W65/><G107/><T79/><D117/><U127/><E127/><V123/><F114/><W100/><G100/><T133/><D133/><U48/><E135/><V39/><F123/><W119/><G74/><T76/><D106/><U57/><E131/><V88/><F130/><W44/><G44/><T92/><D34/><U26/><E67/><V55/><F3/><W21/><G119/><T129/><D2/><U96/><E54/><V91/><F39/><W23/><G64/><T71/><D129/><U47/><E47/><V69/><F91/><W86/><G59/><T70/><D71/><U8/><E82/><N who="2" m="49271" /><F55/><W43/><G43/><T27/><D70/><U40/><E78/><V109/><F69/><W134/><G134/><T28/><D41/><U72/><E72/><V29/><F30/><W128/><G128/><T99/><D49/><U121/><E40/><V36/><F36/><W1/><G1/><T120/><D120/><U90/><E121/><V66/><F66/><W80/><G81/><T104/><D104/><U46/><E46/><V50/><F50/><W108/><G108/><T42/><D42/><U51/><E48/><V32/><F60/><W112/><G112/><T122/><D122/><U115/><E115/><V45/><F45/><W95/><G95/><T58/><D58/><U0/><E4/><V63/><F63/><W52/><G65/><T19/><D24/><U102/><E90/><V105/><F105/><W77/><G84/><T101/><D101/><U116/><E116/><V37/><F37/><W113/><G113/><T75/><D75/><RYUUKYOKU ba="3,0" sc="15,0,220,0,521,0,244,0" hai0="11,15,19,22,27,28,76,79,92,93,97,98,99" hai1="0,5,8,17,18,26,31,51,53,57,94,96,102" hai2="25,29,32,35,109,110,111" hai3="10,12,14,16,20,21,23,52,56,62,77,80,86" /><INIT seed="3,4,0,3,0,120" ten="15,220,521,244" oya="3" hai0="35,37,3,100,84,59,57,13,51,82,28,63,121" hai1="87,25,111,27,58,1,47,56,67,53,45,131,95" hai2="26,16,70,4,62,48,122,30,75,129,113,66,21" hai3="96,29,77,10,9,81,0,90,112,61,32,125,79"/><W133/><G112/><T71/><D3/><U34/><E111/><V12/><F113/><W36/><G36/><T83/><D121/><U101/><E1/><V68/><F75/><W94/><G125/><T2/><D37/><U98/><E131/><V7/><F122/><W73/><G133/><T24/><D2/><U86/><E67/><V80/><F129/><W65/><G79/><T106/><D13/><U54/><E34/><V33/><F70/><W135/><G135/><T23/><D23/><U85/><E56/><V55/><F80/><W92/><G0/><T43/><D82/><U22/><E25/><V123/><F123/><W116/><G116/><T128/><D128/><U39/><E39/><V72/><F72/><W132/><G132/><T88/><D51/><N who="1" m="31039" /><E54/><V74/><F74/><W99/><G29/><AGARI ba="4,0" hai="22,27,29,45,47,85,86,87,95,98,101" m="31039" machi="29" ten="30,1000,0" yaku="8,1" doraHai="120" who="1" fromWho="3" sc="15,0,220,22,521,0,244,-22" owari="15,-48.5,242,4.2,521,62.1,222,-17.8" /></mjloggm>