<mjloggm ver="2.3"><GO type="225" lobby="0"/><UN n0="%E3%81%9F%E3%81%93%E2%98%86%E7%84%BC%E3%81%8D" n1="%E3%82%82%E3%81%90%E3%82%89" n2="%E5%A4%96%E5%B7%9D%E7%AB%9C%E6%88%90" n3="%E3%81%A1%E3%82%85%E3%81%86%E3%81%A9%E3%81%8F%E8%B1%A1%E3%81%95%E3%82%93" dan="16,17,16,17" rate="2120.05,2217.02,2093.63,2212.05" sx="M,M,M,M"/><TAIKYOKU oya="0"/><INIT seed="0,0,0,0,0,36" ten="250,250,250,250" oya="0" hai0="10,102,112,129,11,80,91,73,123,27,79,21,81" hai1="45,46,93,83,42,53,58,95,101,65,115,68,121" hai2="119,0,109,97,24,50,82,14,66,16,17,30,15" hai3="57,116,76,94,52,86,7,8,122,100,75,131,13"/><T56/><D112/><U70/><E121/><V71/><F0/><W40/><G116/><T87/><D123/><U107/><E115/><V74/><F109/><W47/><G122/><T124/><D124/><U98/><E83/><V85/><F74/><W61/><G131/><T19/><D129/><U33/><E33/><V23/><F71/><W51/><G75/><T67/><D102/><U62/><E46/><V54/><F66/><W28/><G28/><T72/><D72/><U5/><E5/><V49/><F97/><W133/><G133/><T128/><D128/><U117/><E117/><V29/><F50/><W84/><G76/><T20/><D67/><U1/><E1/><V38/><F38/><W110/><G110/><T111/><D111/><U104/><E104/><V130/><F130/><W37/><G37/><T63/><REACH who="0" step="1"/><D21/><REACH who="0" ten="240,250,250,250" step="2"/><U127/><E127/><V88/><F119/><W126/><G126/><T99/><D99/><AGARI ba="0,1" hai="7,8,13,40,47,51,52,57,61,84,86,94,99,100" machi="99" ten="40,5200,0" yaku="8,1,52,1,54,1" doraHai="36" who="3" fromWho="0" sc="240,-52,250,0,250,0,250,62" /><INIT seed="1,0,0,0,3,81" ten="188,250,250,312" oya="1" hai0="120,84,94,1,26,98,19,132,119,74,91,53,75" hai1="9,7,88,6,62,38,64,93,0,86,42,71,121" hai2="103,102,89,101,111,123,25,78,8,92,110,114,130" hai3="14,20,106,125,16,76,104,66,97,135,41,2,21"/><U35/><E121/><V54/><F123/><W40/><G2/><T57/><D119/><U4/><REACH who="1" step="1"/><E35/><REACH who="1" ten="188,240,250,312" step="2"/><V65/><F111/><W70/><G135/><T61/><D132/><U60/><E60/><V12/><F110/><W105/><G125/><T99/><D120/><U133/><E133/><V83/><F114/><W32/><G32/><T113/><D113/><U124/><E124/><V46/><F130/><W28/><G105/><T23/><D1/><U96/><E96/><V68/><F103/><W33/><G106/><T85/><D99/><U63/><E63/><V127/><F102/><W67/><G33/><T118/><D118/><U95/><E95/><V31/><F92/><W73/><G97/><T49/><REACH who="0" step="1"/><D49/><REACH who="0" ten="178,240,250,312" step="2"/><U45/><AGARI ba="0,2" hai="0,4,6,7,9,38,42,45,62,64,71,86,88,93" machi="45" ten="30,11700,0" yaku="1,1,0,1,52,1,54,1,53,0" doraHai="81" doraHaiUra="24" who="1" fromWho="1" sc="178,-39,240,137,250,-39,312,-39" /><INIT seed="1,1,0,1,0,122" ten="139,377,211,273" oya="1" hai0="70,119,12,46,54,120,90,65,93,52,126,32,83" hai1="115,3,76,97,96,36,63,116,33,129,10,26,114" hai2="23,91,110,31,45,30,21,61,111,35,34,79,41" hai3="118,106,88,49,5,13,42,67,9,74,123,132,66"/><U60/><E116/><V77/><F91/><W82/><G123/><T11/><D119/><U39/><E76/><V48/><F61/><N who="1" m="23625" /><E10/><V134/><F134/><W109/><G118/><T58/><D32/><U131/><E3/><V69/><F48/><W57/><G106/><T64/><D126/><U87/><E87/><V53/><F53/><N who="3" m="31919" /><G42/><T85/><D120/><U102/><E33/><V15/><F15/><W51/><G132/><T40/><D70/><U19/><E19/><V86/><F86/><N who="3" m="50263" /><G74/><T113/><D113/><N who="1" m="43019" /><E26/><V62/><F62/><W95/><G95/><T7/><D58/><U92/><E92/><V47/><REACH who="2" step="1"/><F41/><REACH who="2" ten="139,377,201,273" step="2"/><W68/><G13/><T43/><D43/><U112/><E112/><V133/><F133/><W75/><G51/><N who="0" m="27079" /><D83/><U94/><E96/><V71/><AGARI ba="1,1" hai="21,23,30,31,34,35,45,47,69,71,77,79,110,111" machi="71" ten="25,12000,2" yaku="1,1,0,1,22,2,52,2,53,0" doraHai="122" doraHaiUra="104" who="2" fromWho="2" sc="139,-31,377,-61,201,133,273,-31" /><INIT seed="2,0,0,2,4,82" ten="108,316,334,242" oya="2" hai0="10,64,9,85,2,101,107,15,51,122,110,111,77" hai1="97,44,45,62,21,31,118,63,41,94,104,61,66" hai2="43,92,13,19,72,91,125,60,0,114,102,100,69" hai3="52,4,103,42,48,120,84,65,1,38,78,12,28"/><V36/><F0/><W27/><G120/><T53/><D122/><U20/><E104/><V57/><F69/><W130/><G103/><T80/><D64/><U35/><E118/><V108/><F72/><W126/><G1/><T46/><D107/><U75/><E75/><V128/><F114/><W131/><G126/><T79/><D101/><U22/><E66/><V49/><F36/><W30/><G65/><T95/><D95/><U58/><E58/><V68/><F68/><W105/><G105/><T56/><D2/><U133/><E133/><V55/><F128/><N who="3" m="49195" /><G42/><T73/><D10/><U17/><E17/><V70/><F70/><W90/><G78/><T119/><D119/><U25/><REACH who="1" step="1"/><E41/><REACH who="1" ten="108,306,334,242" step="2"/><V47/><F125/><W124/><G124/><T50/><D73/><U134/><E134/><V83/><F108/><W8/><G28/><T113/><D113/><U14/><E14/><V123/><F123/><W7/><G30/><T116/><D116/><U112/><E112/><V127/><F127/><W34/><G4/><T59/><D111/><U88/><AGARI ba="0,1" hai="20,21,22,25,31,35,44,45,61,62,63,88,94,97" machi="88" ten="30,4000,0" yaku="1,1,0,1,54,1,53,0" doraHai="82" doraHaiUra="109" who="1" fromWho="1" sc="108,-10,306,50,334,-20,242,-10" /><INIT seed="3,0,0,0,2,128" ten="98,356,314,232" oya="3" hai0="84,95,101,86,70,58,85,15,109,18,66,122,57" hai1="133,65,118,37,35,117,111,39,72,129,5,42,81" hai2="71,20,38,31,100,78,40,3,11,90,92,107,12" hai3="68,25,134,120,7,44,125,34,48,98,79,51,59"/><W124/><G120/><T114/><D122/><U54/><E133/><V112/><F112/><W29/><G68/><T75/><D75/><U26/><E111/><V13/><F71/><W27/><G79/><T102/><D109/><U46/><E129/><V14/><F107/><W61/><G7/><T64/><D114/><U23/><E65/><V108/><F78/><W132/><G25/><T41/><D70/><U110/><E110/><V105/><F105/><W127/><G98/><T30/><D30/><U33/><E39/><V135/><F100/><W6/><G6/><T55/><D41/><U89/><E54/><V116/><F116/><N who="1" m="44649" /><E5/><V119/><F119/><W93/><G93/><T87/><N who="0" m="21504" /><DORA hai="83" /><T32/><D32/><U22/><E89/><V63/><F63/><W131/><G131/><T106/><D106/><U103/><E103/><N who="0" m="39433" /><D95/><U73/><E35/><V17/><F108/><W94/><G94/><T2/><D2/><U10/><E81/><V99/><F40/><N who="3" m="24583" /><G51/><N who="0" m="30975" /><D58/><U53/><E73/><V74/><F3/><W88/><G88/><T76/><D76/><U97/><E97/><V123/><F74/><W67/><AGARI ba="0,0" hai="27,29,34,59,61,67,124,125,127,132,134" m="24583" machi="67" ten="40,7800,0" yaku="18,1,52,2" doraHai="128,83" who="3" fromWho="3" sc="98,-26,356,-26,314,-26,232,78" /><INIT seed="3,1,0,3,5,19" ten="72,330,288,310" oya="3" hai0="133,72,106,96,64,32,88,83,36,43,60,4,73" hai1="71,35,123,18,24,126,31,10,28,90,86,26,112" hai2="3,17,135,131,69,105,115,49,30,39,95,99,93" hai3="23,70,61,104,29,125,44,130,56,52,58,122,91"/><W51/><G122/><T119/><D32/><U84/><E123/><V102/><F39/><W48/><G104/><T132/><D4/><U124/><E71/><V127/><F3/><W7/><G130/><T117/><D43/><U100/><E100/><V33/><F131/><W59/><G125/><N who="1" m="48234" /><E112/><V1/><F1/><W89/><G7/><T47/><D60/><U128/><E128/><V134/><F127/><W13/><G70/><T80/><D64/><U54/><E54/><V77/><F77/><W45/><G61/><T75/><D47/><U113/><E113/><V40/><F115/><W63/><G63/><T79/><D36/><U120/><E120/><V109/><F69/><W108/><G108/><T20/><D20/><N who="1" m="15367" /><E90/><V8/><F109/><W21/><G21/><T62/><D62/><U34/><E34/><V92/><F49/><W116/><G116/><T110/><D110/><U101/><E101/><V68/><F40/><N who="3" m="24583" /><G13/><AGARI ba="1,0" hai="10,13,18,26,31,35,84,86" m="15367,48234" machi="13" ten="30,2000,0" yaku="18,1,52,1" doraHai="19" who="1" fromWho="3" sc="72,0,330,23,288,0,310,-23" owari="72,-42.8,353,45.3,288,8.8,287,-11.3" /></mjloggm>