<mjloggm ver="2.3"><GO type="225" lobby="0"/><UN n0="%E5%86%B7%E5%87%8D%E3%82%AE%E3%83%A7%E3%83%BC%E3%82%B6" n1="%E3%81%AF%E3%82%88%E3%81%8A%E3%81%98%E3%81%95%E3%82%93" n2="%E3%81%BE%E3%81%A8%E3%81%9F" n3="%E5%8F%AF%E5%85%90%E9%82%A3%E7%94%B1%E5%A4%9A" dan="16,17,16,16" rate="2083.02,2201.68,2100.02,2187.01" sx="M,M,M,F"/><TAIKYOKU oya="0"/><INIT seed="0,0,0,0,0,109" ten="250,250,250,250" oya="0" hai0="78,107,50,99,30,73,115,111,13,38,18,55,135" hai1="108,10,33,47,134,62,34,69,103,129,42,81,31" hai2="112,66,131,116,128,102,4,113,68,90,49,120,63" hai3="45,87,96,46,133,67,14,57,6,0,44,2,54"/><T53/><D135/><U11/><E108/><V24/><F120/><W48/><G133/><T97/><D111/><U61/><E134/><V21/><F116/><W124/><G124/><T123/><D123/><U76/><E129/><N who="2" m="49739" /><F102/><W19/><G6/><T15/><D38/><U9/><E103/><V118/><F118/><W25/><G25/><T127/><D127/><U43/><E31/><V23/><F23/><W74/><G74/><T40/><D115/><U98/><E98/><N who="0" m="37385" /><D73/><U65/><E62/><V52/><F90/><W94/><G67/><T106/><D78/><U29/><E29/><N who="2" m="17551" /><F4/><W51/><G51/><T91/><D107/><U17/><E17/><V79/><F79/><W85/><G0/><T59/><D106/><U83/><E83/><V70/><F68/><W26/><G26/><T100/><D100/><U121/><E121/><V126/><F126/><W75/><G75/><T36/><D30/><U88/><E88/><V37/><F37/><W104/><G2/><T105/><D36/><U60/><E61/><V20/><F20/><N who="3" m="11383" /><G104/><T125/><D105/><U5/><E5/><V56/><AGARI ba="0,0" hai="49,52,56,63,66,70,112,113" m="17551,49739" machi="56" ten="30,7900,0" yaku="19,1,52,2,54,1" doraHai="109" who="2" fromWho="2" sc="250,-39,250,-20,250,79,250,-20" /><INIT seed="1,0,0,3,3,115" ten="211,230,329,230" oya="1" hai0="63,77,27,133,120,87,76,11,121,125,37,85,100" hai1="60,127,116,89,42,67,66,117,45,119,96,93,49" hai2="124,3,109,122,88,55,30,95,19,107,56,104,59" hai3="14,50,33,39,36,80,31,2,92,24,68,8,9"/><U69/><REACH who="1" step="1"/><E66/><REACH who="1" ten="211,220,329,230" step="2"/><V13/><F122/><W78/><G68/><T29/><D121/><U94/><E94/><V105/><F95/><W110/><G92/><T53/><D120/><U106/><E106/><V86/><F104/><W134/><G134/><T52/><D133/><U73/><E73/><V126/><F105/><W91/><G110/><T132/><D132/><U99/><E99/><V130/><F107/><W26/><G50/><T111/><D111/><U70/><E70/><V101/><F109/><W75/><G39/><T84/><D37/><U41/><E41/><V23/><F126/><AGARI ba="0,1" hai="42,45,49,60,67,69,89,93,96,116,117,119,126,127" machi="126" ten="50,12000,1" yaku="21,2,52,3,53,0" doraHai="115" doraHaiUra="131" who="1" fromWho="2" sc="211,0,220,130,329,-120,230,0" /><INIT seed="1,1,0,3,4,54" ten="211,350,209,230" oya="1" hai0="66,110,61,88,70,92,119,105,77,65,101,27,99" hai1="94,33,43,135,15,5,0,9,75,53,7,52,83" hai2="109,44,118,117,8,48,89,85,42,24,37,59,2" hai3="102,68,57,34,18,125,11,13,134,87,127,1,86"/><U82/><E33/><V78/><F109/><W64/><G134/><T28/><D119/><U103/><E135/><V36/><F78/><W98/><G34/><T67/><D77/><U123/><E123/><V104/><F104/><W100/><G68/><T90/><D110/><U124/><E124/><N who="3" m="47690" /><G1/><T112/><D112/><U129/><E129/><V17/><F2/><W115/><G115/><T76/><D76/><U131/><E131/><V14/><F24/><W120/><G120/><T55/><D55/><N who="1" m="21067" /><E75/><V97/><F97/><W84/><G98/><T31/><D90/><U126/><E0/><V122/><F59/><W69/><G69/><T63/><D63/><AGARI ba="1,0" hai="11,13,18,57,63,64,84,86,87,100,102" m="47690" machi="63" ten="30,2000,0" yaku="18,1,52,1" doraHai="54" who="3" fromWho="0" sc="211,-23,350,0,209,0,230,23" /><INIT seed="2,0,0,4,2,37" ten="188,350,209,253" oya="2" hai0="4,112,48,109,44,33,42,40,108,56,68,14,3" hai1="75,30,59,89,2,34,83,29,55,15,106,57,0" hai2="32,131,27,113,81,122,25,7,123,24,88,80,45" hai3="118,116,110,95,67,71,74,5,100,65,1,28,105"/><V11/><F113/><W119/><G110/><N who="0" m="42603" /><D112/><U78/><E106/><V35/><F131/><W10/><G95/><T103/><D68/><U52/><E89/><V125/><F125/><W102/><G74/><T77/><D33/><U69/><E69/><V84/><F80/><W18/><G28/><T51/><D103/><U41/><E41/><N who="0" m="15977" /><D77/><U70/><E70/><V111/><F45/><W134/><G134/><T73/><D73/><U87/><E75/><V93/><F111/><W43/><G100/><T60/><D3/><U19/><E0/><V99/><F35/><W130/><G71/><T46/><D14/><U96/><E2/><V9/><F32/><W115/><G115/><T117/><D4/><U98/><E34/><V132/><F132/><W61/><G102/><T107/><D107/><U21/><E29/><V58/><F7/><W82/><G105/><T66/><D117/><U121/><E30/><V86/><F122/><W126/><G1/><T63/><D63/><N who="1" m="36263" /><E121/><V124/><F123/><W120/><G120/><T6/><D6/><U85/><E78/><V8/><F124/><W26/><G126/><T92/><D92/><U128/><E15/><V76/><F76/><W23/><G118/><T79/><D79/><U129/><E129/><V104/><F104/><W135/><G130/><T94/><D94/><U12/><E128/><V91/><F99/><N who="1" m="37929" /><E83/><V114/><F114/><W13/><G116/><T31/><D31/><U64/><E87/><V53/><F9/><W97/><G119/><T47/><AGARI ba="0,0" hai="44,46,47,48,51,56,60,66" m="15977,42603" machi="47" ten="40,12000,2" yaku="14,1,34,2,52,3" doraHai="37" who="0" fromWho="0" sc="188,120,350,-30,209,-60,253,-30" /><INIT seed="3,0,0,1,1,6" ten="308,320,149,223" oya="3" hai0="134,77,108,7,115,56,24,121,96,117,21,60,105" hai1="11,91,1,90,47,22,94,3,9,32,118,122,95" hai2="57,42,43,123,112,51,41,25,130,120,67,0,20" hai3="33,133,82,103,8,55,85,63,38,36,37,81,58"/><W44/><G133/><T99/><D117/><U131/><E32/><V17/><F0/><W35/><G103/><T5/><D121/><N who="2" m="46666" /><F17/><W50/><G82/><T107/><D134/><U129/><E122/><V97/><F20/><W14/><G85/><T132/><D132/><U86/><E118/><V18/><F25/><W4/><REACH who="3" step="1"/><G81/><REACH who="3" ten="308,320,149,213" step="2"/><T27/><D99/><U10/><E86/><V39/><F97/><W52/><AGARI ba="0,1" hai="4,8,14,33,35,36,37,38,44,50,52,55,58,63" machi="52" ten="30,12000,1" yaku="1,1,2,1,0,1,52,1,54,1,53,0" doraHai="6" doraHaiUra="126" who="3" fromWho="3" sc="308,-40,320,-40,149,-40,213,130" owari="268,-13.2,280,8.0,109,-39.1,343,44.3" /></mjloggm>