<mjloggm ver="2.3"><GO type="225" lobby="0"/><UN n0="%E5%A4%9C%E3%81%AE%E3%82%AC%E3%82%B9%E3%83%91%E3%83%BC%E3%83%AB" n1="%E9%80%86%E9%80%A3%E5%B8%AF%E3%81%AE%E9%AC%BC" n2="%E3%83%81%E3%83%AF%E3%83%AF%E9%9A%8A%E9%95%B7" n3="%E3%81%9F%E3%81%8C%E3%82%84%E3%81%99" dan="17,17,16,17" rate="2211.78,2163.87,2172.99,2181.49" sx="M,M,M,M"/><TAIKYOKU oya="0"/><INIT seed="0,0,0,1,5,86" ten="250,250,250,250" oya="0" hai0="8,129,1,11,130,49,126,79,67,32,123,55,76" hai1="124,112,115,28,73,117,101,128,97,30,3,13,91" hai2="59,133,84,19,106,29,53,70,42,39,96,22,74" hai3="44,127,98,109,58,66,50,100,52,134,121,60,88"/><T14/><D123/><U114/><E3/><V35/><F74/><W68/><G100/><T48/><D32/><U23/><E117/><V93/><F70/><W57/><G121/><T31/><D31/><U119/><E119/><V108/><F133/><W36/><G134/><T10/><D126/><U34/><E124/><V102/><F108/><W107/><G127/><T62/><D1/><U27/><E128/><N who="0" m="49257" /><D14/><U111/><E111/><V61/><F35/><W120/><G120/><T37/><D37/><U5/><E73/><V87/><F29/><W7/><G109/><T56/><D49/><U12/><E91/><V71/><F71/><AGARI ba="0,0" hai="8,10,11,48,55,56,62,67,71,76,79" m="49257" machi="71" ten="30,1500,0" yaku="19,1" doraHai="86" who="0" fromWho="2" sc="250,15,250,0,250,-15,250,0" /><INIT seed="0,1,0,1,1,93" ten="265,250,235,250" oya="0" hai0="2,116,118,11,29,47,12,117,132,110,105,56,70" hai1="73,13,53,91,96,14,86,108,124,71,27,55,42" hai2="25,0,34,38,62,65,114,88,9,24,6,85,60" hai3="44,19,22,121,39,67,50,8,49,109,37,100,30"/><T90/><D70/><U54/><E108/><V135/><F114/><W106/><G67/><T32/><D2/><U120/><E124/><V43/><F135/><W107/><G109/><T131/><D110/><U61/><E73/><V28/><F65/><W21/><G121/><T128/><D132/><U98/><E120/><V127/><F127/><W79/><G79/><T72/><D72/><U7/><E42/><V97/><F97/><N who="1" m="37481" /><E71/><V4/><F4/><W77/><G77/><T36/><D105/><U33/><E33/><V134/><F134/><W66/><G66/><T41/><D90/><U63/><E27/><V51/><F38/><W10/><G44/><T17/><D56/><U64/><E64/><V94/><F25/><W84/><G84/><T89/><D89/><U76/><E76/><V23/><F34/><W75/><G75/><T46/><D46/><U133/><E133/><V58/><F43/><W78/><G78/><T15/><D32/><U95/><E7/><V5/><F6/><W20/><G19/><T81/><D36/><U101/><E101/><V87/><F5/><W1/><G100/><T31/><D41/><U122/><E122/><V119/><F24/><W52/><G37/><T99/><D118/><U45/><E45/><V16/><F119/><W113/><G39/><T111/><D47/><U82/><E82/><V48/><F0/><W102/><G1/><T92/><D111/><U104/><E104/><V125/><F125/><W3/><G107/><T57/><D81/><U83/><E83/><V40/><F40/><W26/><G3/><T80/><D116/><RYUUKYOKU ba="1,0" sc="265,-10,250,30,235,-10,250,-10" hai1="13,14,53,54,55,61,63,86,91,95" /><INIT seed="1,2,0,5,2,57" ten="255,280,225,240" oya="1" hai0="114,18,3,53,21,104,15,74,58,86,44,91,17" hai1="121,1,25,120,123,24,68,113,102,94,116,71,33" hai2="42,56,109,107,20,115,10,23,95,31,39,29,49" hai3="66,34,13,70,38,6,72,51,55,89,61,27,28"/><U101/><E1/><V46/><F107/><W117/><G72/><T48/><D114/><U118/><E113/><V111/><F115/><W5/><G117/><T87/><D74/><U80/><E80/><V90/><F10/><W132/><G132/><T2/><D104/><U50/><E50/><V124/><F124/><W99/><G38/><T52/><D18/><U131/><E131/><V105/><F105/><W67/><G67/><T19/><D19/><U43/><E43/><V65/><F29/><W128/><G128/><T75/><D75/><U64/><E64/><V96/><F31/><W54/><G13/><T112/><D87/><U7/><E7/><V32/><F32/><W40/><G40/><T8/><D112/><U110/><E94/><V125/><F125/><W16/><G16/><T81/><D21/><U106/><E106/><V93/><F93/><W108/><G108/><N who="2" m="41545" /><F39/><W26/><G26/><T98/><D98/><U127/><E110/><V41/><F41/><W22/><G34/><T85/><D86/><U78/><E127/><V84/><F84/><W11/><G11/><T35/><D35/><U130/><E130/><V14/><F14/><W4/><REACH who="3" step="1"/><G51/><AGARI ba="2,0" hai="2,3,8,15,17,44,48,51,52,53,58,81,85,91" machi="51" ten="30,7700,0" yaku="7,1,25,2,54,1" doraHai="57" who="0" fromWho="3" sc="255,83,280,0,225,0,240,-83" /><INIT seed="2,0,0,2,0,75" ten="338,280,225,157" oya="2" hai0="102,50,98,76,64,84,104,72,21,133,96,59,36" hai1="92,118,33,77,20,107,3,124,11,83,49,82,9" hai2="17,23,89,74,108,131,128,15,120,10,31,99,56" hai3="42,1,94,87,12,47,130,115,88,129,55,93,45"/><V101/><F120/><W62/><G1/><T27/><D36/><U66/><E33/><V65/><F74/><W53/><G115/><T16/><D72/><U24/><E107/><V34/><F34/><W26/><G26/><T114/><D114/><U86/><E124/><V22/><F89/><W125/><G125/><T41/><D133/><U63/><E118/><V91/><F91/><W44/><G42/><T126/><D126/><U54/><E83/><V80/><F80/><W37/><G37/><T70/><D70/><U78/><E78/><V4/><F31/><W134/><G134/><T97/><D76/><U60/><E92/><V132/><F132/><W46/><N who="3" m="11264" /><DORA hai="58" /><W14/><G94/><T135/><D41/><U13/><E3/><V28/><F28/><W103/><G103/><T43/><D43/><U35/><E35/><V51/><F108/><W79/><G79/><T127/><D127/><U48/><E54/><N who="2" m="31839" /><F65/><W111/><G111/><T52/><D135/><U81/><E81/><V67/><F67/><W57/><REACH who="3" step="1"/><G55/><REACH who="3" ten="338,280,225,147" step="2"/><T100/><D100/><U29/><E77/><V121/><F101/><W106/><G106/><T85/><D102/><U95/><E82/><V119/><F119/><W71/><G71/><T6/><D104/><U123/><E95/><V73/><F121/><W7/><G7/><T90/><D6/><U122/><E123/><V117/><F117/><W69/><G69/><T113/><D113/><U25/><E122/><V32/><F4/><W0/><G0/><T39/><D39/><U18/><E25/><V5/><F5/><W112/><G112/><RYUUKYOKU ba="0,1" sc="338,-10,280,-10,225,-10,147,30" hai3="12,14,53,57,62,87,88,93,129,130" /><INIT seed="3,1,1,0,5,96" ten="328,270,215,177" oya="3" hai0="60,5,4,35,115,100,44,2,53,55,125,25,59" hai1="84,11,66,107,93,49,0,122,18,77,106,91,8" hai2="6,21,80,64,17,75,58,9,7,119,52,26,78" hai3="90,71,54,101,127,133,50,105,99,51,131,112,68"/><W123/><G123/><T47/><D125/><U76/><E122/><V130/><F119/><W118/><G112/><T1/><D115/><U33/><E33/><V42/><F130/><W70/><G118/><T23/><D35/><U30/><E30/><V94/><F42/><W22/><G127/><T134/><D134/><U48/><E66/><V82/><F64/><W40/><G131/><T32/><D32/><U34/><E34/><V111/><F111/><W97/><G133/><T15/><D100/><U43/><E0/><V36/><F36/><W74/><G74/><T124/><D2/><U89/><E18/><V69/><F69/><W65/><G40/><T114/><D1/><U12/><E43/><V110/><F110/><W98/><G65/><T121/><D121/><U62/><E62/><V126/><F126/><W24/><G90/><T56/><D114/><U67/><E67/><V31/><F80/><W109/><G109/><T45/><D15/><U3/><E3/><V46/><F46/><W38/><G38/><T14/><D14/><U63/><E63/><V108/><F108/><W132/><G132/><T28/><D124/><U13/><E84/><V27/><F94/><AGARI ba="1,1" hai="8,11,12,13,48,49,76,77,89,91,93,94,106,107" machi="94" ten="25,1600,0" yaku="22,2" doraHai="96" who="1" fromWho="2" sc="328,0,270,29,215,-19,177,0" owari="328,42.8,299,9.9,196,-20.4,177,-32.3" /></mjloggm>