<mjloggm ver="2.3"><GO type="225" lobby="0"/><UN n0="%E3%83%81%E3%83%AF%E3%83%AF%E9%9A%8A%E9%95%B7" n1="%E3%81%B5%E3%81%98%E3%81%8B%E3%81%A4" n2="%E6%B8%A9%E2%98%85%E6%83%85%E2%98%85%E6%8E%AA%E2%98%85%E7%BD%AE" n3="%E6%A1%90%E5%B4%8E%E5%8D%83%E6%A3%98" dan="16,17,18,16" rate="2112.70,2217.64,2189.03,2106.75" sx="M,M,M,M"/><TAIKYOKU oya="0"/><INIT seed="0,0,0,0,3,50" ten="250,250,250,250" oya="0" hai0="1,60,15,112,123,28,100,52,80,107,121,85,32" hai1="0,119,55,51,16,6,75,99,27,84,19,22,87" hai2="8,54,18,129,82,124,90,135,93,49,101,132,25" hai3="3,21,43,76,134,29,88,131,10,26,106,89,64"/><T111/><D1/><U118/><E119/><V114/><F114/><W81/><G106/><T56/><D112/><U42/><E75/><V53/><F129/><W96/><G131/><T126/><D126/><U71/><E71/><V45/><F124/><W20/><G134/><N who="2" m="51241" /><F101/><W105/><G64/><T2/><D2/><U74/><E74/><V11/><F82/><W61/><G61/><T48/><D111/><U73/><E73/><V122/><F122/><W70/><G70/><T94/><D107/><U4/><E118/><V66/><F66/><W30/><G43/><T115/><D115/><U68/><E68/><V128/><F128/><W41/><G41/><T95/><D15/><U59/><E0/><V104/><F104/><W46/><G46/><T7/><D7/><N who="1" m="2603" /><E42/><N who="2" m="24759" /><F25/><W127/><G127/><T78/><D123/><U44/><E44/><V113/><F113/><W69/><G69/><T125/><D121/><U14/><E99/><N who="2" m="57783" /><F18/><W58/><G105/><T67/><D125/><U9/><AGARI ba="0,0" hai="9,14,16,19,22,27,51,55,59,84,87" m="2603" machi="9" ten="30,4000,0" yaku="8,1,52,1,54,1" doraHai="50" who="1" fromWho="1" sc="250,-20,250,40,250,-10,250,-10" /><INIT seed="1,0,0,2,4,45" ten="230,290,240,240" oya="1" hai0="105,71,68,132,21,47,12,40,107,20,90,50,67" hai1="95,75,101,104,9,133,62,70,42,18,114,55,126" hai2="39,106,99,123,25,111,122,27,51,58,112,56,76" hai3="74,121,129,113,119,33,92,31,48,30,116,28,94"/><U78/><E114/><V38/><F112/><W109/><G113/><T15/><D132/><U127/><E133/><V91/><F76/><W115/><G115/><T29/><D67/><N who="1" m="41335" /><E42/><V3/><F3/><W23/><G121/><T135/><D135/><U61/><E104/><V52/><F111/><W125/><G33/><T49/><D40/><U16/><E9/><V83/><F106/><W7/><G74/><T134/><D134/><U26/><E26/><V86/><F99/><W11/><G109/><T120/><D47/><U4/><E4/><V89/><F89/><W35/><G35/><T128/><D29/><U131/><E131/><V87/><F87/><W54/><G23/><T108/><D108/><U98/><E78/><V73/><F73/><W118/><G129/><T88/><D128/><U81/><E81/><V5/><F5/><W103/><G103/><T69/><D69/><U19/><E75/><V2/><F2/><N who="3" m="503" /><G125/><N who="1" m="47626" /><E61/><V124/><F124/><W72/><G72/><T80/><D80/><U82/><E82/><V24/><REACH who="2" step="1"/><F58/><AGARI ba="0,0" hai="28,30,31,48,54,58,92,94,116,118,119" m="503" machi="58" ten="40,2600,0" yaku="12,1,52,1" doraHai="45" who="3" fromWho="2" sc="230,0,290,0,240,-26,240,26" /><INIT seed="2,0,0,5,4,66" ten="230,290,214,266" oya="2" hai0="50,37,72,92,87,6,14,75,29,38,122,62,104" hai1="57,128,33,1,36,93,112,35,105,43,23,123,5" hai2="56,41,28,13,94,130,86,108,24,40,8,17,99" hai3="21,82,84,30,118,103,63,44,34,60,26,53,61"/><V89/><F130/><W10/><G118/><T120/><D104/><U58/><E128/><V97/><F108/><W47/><G34/><T77/><D29/><U81/><E112/><V134/><F134/><W46/><G103/><T18/><D6/><U12/><E105/><V101/><F56/><W31/><G10/><T100/><D62/><U25/><E93/><V42/><REACH who="2" step="1"/><F101/><REACH who="2" ten="230,290,204,266" step="2"/><W125/><G125/><T114/><D100/><U32/><E58/><V121/><F121/><W65/><G65/><T74/><D120/><U9/><E57/><V95/><F95/><W80/><G80/><T88/><D122/><U49/><E81/><V85/><F85/><W107/><G107/><T113/><D113/><U119/><E123/><V76/><F76/><W135/><G135/><T16/><D114/><U2/><E119/><V98/><F98/><W71/><G84/><T15/><D77/><U4/><E36/><V67/><F67/><W27/><G82/><T109/><D109/><U39/><E39/><V102/><F102/><W64/><G64/><T54/><D37/><U59/><E59/><V3/><F3/><W55/><G60/><T126/><D38/><U11/><E49/><V48/><F48/><W79/><G79/><T83/><D83/><U51/><E51/><V78/><F78/><W96/><G63/><T115/><D115/><U22/><E43/><V7/><F7/><W127/><G127/><T124/><D124/><U73/><E73/><V52/><F52/><W132/><G132/><T68/><D126/><U110/><E110/><V117/><F117/><W45/><G61/><RYUUKYOKU ba="0,1" sc="230,-10,290,-10,204,30,266,-10" hai2="8,13,17,24,28,40,41,42,86,89,94,97,99" /><INIT seed="2,1,1,1,0,76" ten="220,280,234,256" oya="2" hai0="26,85,90,75,107,124,88,24,40,97,92,3,47" hai1="13,77,31,129,1,51,110,16,34,70,117,79,28" hai2="106,20,45,33,80,122,59,104,111,0,19,103,65" hai3="57,133,113,134,43,21,68,89,78,135,98,100,54"/><V58/><F122/><W84/><G68/><T94/><D3/><U67/><E117/><V46/><F33/><W6/><G78/><T125/><D75/><U109/><E1/><V53/><F0/><W2/><G43/><T126/><REACH who="0" step="1"/><D107/><REACH who="0" ten="210,280,234,256" step="2"/><U44/><E110/><V105/><F111/><W64/><G2/><T130/><D130/><U35/><E129/><V73/><F73/><W4/><G133/><T71/><D71/><U11/><E109/><V108/><F108/><W39/><G134/><T63/><D63/><U69/><E69/><V8/><F106/><W127/><G135/><T22/><D22/><U42/><E70/><V95/><F105/><W60/><G21/><T131/><D131/><U118/><E35/><V32/><F104/><W9/><G113/><T62/><D62/><U38/><E34/><V101/><F32/><W96/><G60/><T72/><D72/><U87/><E118/><V81/><F20/><W115/><G115/><T29/><D29/><U12/><E31/><V66/><F8/><W132/><G9/><T27/><D27/><U10/><E28/><V37/><F37/><AGARI ba="1,2" hai="24,26,37,40,47,85,88,90,92,94,97,124,125,126" machi="37" ten="40,8000,1" yaku="1,1,18,1,54,1,53,1" doraHai="76" doraHaiUra="41" who="0" fromWho="2" sc="210,103,280,0,234,-83,256,0" /><INIT seed="3,0,0,4,2,110" ten="313,280,151,256" oya="3" hai0="48,37,7,126,19,111,81,132,125,122,51,16,134" hai1="106,26,102,56,64,82,46,53,121,54,92,128,15" hai2="47,9,41,131,59,34,72,61,8,68,21,109,76" hai3="104,130,75,3,17,120,38,86,66,85,80,84,79"/><W22/><G120/><T95/><D37/><U55/><E121/><V1/><F34/><W96/><G3/><T105/><D105/><U90/><E128/><V35/><F35/><W69/><G38/><T39/><D39/><U91/><E106/><V89/><F109/><W98/><G104/><T73/><D122/><U12/><E26/><V83/><F131/><W101/><G130/><T11/><D111/><U63/><E46/><V42/><F68/><W6/><G6/><T119/><D119/><U116/><E102/><V108/><F108/><W23/><G101/><T67/><D67/><U58/><E58/><V13/><F1/><W49/><G49/><N who="0" m="19019" /><D95/><U57/><E57/><V135/><F47/><W99/><REACH who="3" step="1"/><G17/><REACH who="3" ten="313,280,151,246" step="2"/><T0/><D16/><U70/><E116/><V129/><F129/><W93/><G93/><T94/><D19/><U45/><E92/><V10/><F135/><N who="0" m="51754" /><D94/><U5/><E5/><V112/><F112/><W113/><G113/><T117/><D117/><U25/><E82/><V62/><F62/><AGARI ba="0,1" hai="22,23,62,66,69,75,79,80,84,85,86,96,98,99" machi="62" ten="40,2000,0" yaku="1,1,53,0" doraHai="110" doraHaiUra="14" who="3" fromWho="2" sc="313,0,280,0,151,-20,246,30" /><INIT seed="3,1,0,0,3,124" ten="313,280,131,276" oya="3" hai0="32,88,78,85,135,60,25,72,115,95,126,8,133" hai1="120,13,19,108,70,80,53,128,3,37,69,117,71" hai2="14,129,62,11,49,122,84,127,116,83,67,20,21" hai3="41,30,34,114,31,86,131,24,134,36,73,119,5"/><W132/><G119/><T68/><D126/><U48/><E120/><V66/><F127/><W33/><G86/><T65/><D115/><U9/><E117/><V15/><F116/><W92/><G92/><T22/><D32/><U17/><E37/><V1/><F122/><W118/><G118/><T18/><REACH who="0" step="1"/><D8/><REACH who="0" ten="303,280,131,276" step="2"/><U10/><E10/><V94/><F1/><W104/><G114/><T12/><D12/><U98/><E3/><V113/><F113/><W101/><G73/><T57/><D57/><U28/><E9/><V55/><F15/><W56/><G5/><T91/><D91/><U130/><E13/><V40/><F129/><W16/><G56/><T87/><D87/><U89/><E108/><V44/><F94/><W123/><G123/><T125/><D125/><U82/><E82/><AGARI ba="1,1" hai="18,22,25,60,65,68,72,78,82,85,88,95,133,135" machi="82" ten="40,2600,0" yaku="1,1,54,1,53,0" doraHai="124" doraHaiUra="26" who="0" fromWho="1" sc="303,39,280,-29,131,0,276,0" owari="342,44.2,251,-14.9,131,-36.9,276,7.6" /></mjloggm>