<mjloggm ver="2.3"><GO type="225" lobby="0"/><UN n0="%E6%A1%9C%E8%8A%B1%E9%96%83%E3%80%85" n1="%E6%81%A5%E6%99%92%E3%81%97" n2="%E3%82%8C%E3%81%99%E3%81%93" n3="%E6%9D%B1%E9%A2%A8%E3%81%AE%E3%81%8D%E3%82%83%E3%81%B7%E3%81%95%E3%82%93" dan="16,16,16,17" rate="2108.20,2120.94,2123.48,2226.94" sx="M,M,F,M"/><TAIKYOKU oya="0"/><INIT seed="0,0,0,2,2,70" ten="250,250,250,250" oya="0" hai0="46,13,116,29,132,69,35,58,23,134,86,122,21" hai1="121,57,101,20,44,109,39,66,56,79,112,124,119" hai2="113,51,129,83,107,65,9,61,1,99,98,127,60" hai3="85,53,114,2,15,18,81,78,33,130,89,131,26"/><T72/><D69/><U104/><E119/><V75/><F129/><N who="3" m="49163" /><G2/><T135/><D72/><U64/><E121/><V105/><F127/><W120/><G120/><T27/><D122/><U7/><E79/><V68/><F113/><W49/><G114/><T36/><D116/><U42/><E124/><V97/><F75/><W111/><G111/><T102/><D102/><U50/><E7/><V54/><F83/><W77/><G26/><T103/><D103/><U95/><E104/><V37/><F61/><W82/><G82/><T123/><D123/><U92/><E112/><V34/><F34/><W84/><G84/><T80/><D58/><U25/><E109/><V19/><F37/><W0/><G0/><T16/><D46/><U32/><E32/><V67/><F67/><W93/><G81/><T43/><D43/><U5/><E5/><V6/><REACH who="2" step="1"/><F19/><REACH who="2" ten="250,250,240,250" step="2"/><W91/><G33/><T28/><D36/><U30/><E39/><V47/><AGARI ba="0,1" hai="1,6,9,47,51,54,60,65,68,97,98,99,105,107" machi="47" ten="30,7900,0" yaku="1,1,2,1,0,1,53,1" doraHai="70" doraHaiUra="3" who="2" fromWho="2" sc="250,-39,250,-20,240,89,250,-20" /><INIT seed="1,0,0,4,1,46" ten="211,230,329,230" oya="1" hai0="96,8,99,20,56,97,49,4,107,83,32,63,21" hai1="31,7,14,70,111,6,61,2,29,36,88,67,126" hai2="25,108,39,12,129,52,60,132,19,16,84,87,27" hai3="92,78,42,47,128,113,54,72,37,57,120,106,134"/><U45/><E126/><V131/><F39/><W116/><G106/><T23/><D32/><U109/><E2/><V26/><F108/><N who="1" m="41545" /><E31/><V48/><F60/><W115/><G134/><T35/><D35/><U86/><E29/><V3/><F3/><W91/><G128/><N who="2" m="49225" /><F132/><W119/><G120/><T130/><D130/><U85/><E85/><N who="2" m="32843" /><F12/><W30/><G30/><T105/><D83/><N who="1" m="49247" /><E14/><V104/><F104/><W76/><G91/><T89/><D89/><U125/><E125/><V102/><F102/><W24/><G92/><T117/><D105/><U18/><E18/><V79/><F79/><N who="3" m="30251" /><G24/><T58/><D107/><U43/><AGARI ba="0,0" hai="6,7,36,43,45,61,67,70" m="49247,41545" machi="43" ten="30,6000,0" yaku="14,1,10,1,54,1" doraHai="46" who="1" fromWho="1" sc="211,-20,230,60,329,-20,230,-20" /><INIT seed="1,1,0,2,4,80" ten="191,290,309,210" oya="1" hai0="32,110,16,120,41,90,62,102,88,36,13,130,45" hai1="51,21,38,71,81,103,85,7,109,92,47,86,121" hai2="98,68,76,126,54,87,72,3,48,89,67,23,91" hai3="14,11,4,19,26,113,40,118,117,125,111,128,77"/><U104/><E121/><V37/><F37/><W127/><G40/><T6/><D120/><U43/><E71/><V74/><F3/><W66/><G66/><T79/><D110/><U57/><E109/><V99/><F126/><W56/><G56/><T70/><D130/><U60/><E104/><V131/><F131/><W20/><G77/><T33/><D102/><U101/><E38/><V24/><F72/><W17/><G128/><T50/><D6/><U22/><E7/><V65/><F74/><W10/><G113/><T8/><D79/><N who="1" m="46271" /><E103/><V97/><F76/><W124/><G111/><T2/><D2/><AGARI ba="1,0" hai="2,4,10,11,14,17,19,20,26,117,118,124,125,127" machi="2" ten="40,8000,1" yaku="18,1,34,3" doraHai="80" who="3" fromWho="0" sc="191,-83,290,0,309,0,210,83" /><INIT seed="2,0,0,4,4,109" ten="108,290,309,293" oya="2" hai0="43,97,82,52,112,12,0,53,17,36,93,128,65" hai1="26,96,99,91,84,87,107,21,126,31,27,30,46" hai2="45,6,95,58,110,124,11,66,56,105,15,115,13" hai3="79,61,25,24,32,77,122,2,132,127,80,47,48"/><V10/><F105/><W94/><G2/><T41/><D128/><U19/><E126/><V49/><F124/><W86/><G127/><T70/><D0/><U16/><E46/><V135/><F135/><W98/><G132/><T133/><D133/><U28/><E107/><V90/><F66/><W54/><G122/><T22/><D112/><U104/><E104/><V8/><F110/><W76/><G61/><T14/><D70/><U108/><E108/><V64/><F115/><W33/><G33/><T102/><D65/><U92/><E87/><V7/><F11/><W119/><G119/><T4/><D36/><U85/><E85/><V38/><F38/><W123/><G123/><T5/><D82/><U88/><E91/><V3/><F64/><W100/><G32/><T51/><D53/><U103/><E103/><V62/><F62/><W42/><G54/><T130/><D130/><U73/><E73/><V114/><F3/><W118/><G118/><T111/><D111/><U71/><E71/><V134/><F114/><W89/><AGARI ba="0,0" hai="24,25,42,47,48,76,77,79,80,86,89,94,98,100" machi="89" ten="30,2000,0" yaku="0,1,8,1" doraHai="109" who="3" fromWho="3" sc="108,-5,290,-5,309,-10,293,20" /><INIT seed="3,0,0,1,0,50" ten="103,285,299,313" oya="3" hai0="77,49,107,121,81,87,4,58,125,94,118,27,54" hai1="122,62,63,70,36,119,38,44,12,14,93,127,19" hai2="28,47,39,0,45,9,84,26,10,112,130,56,32" hai3="105,7,53,33,72,42,98,85,71,82,55,101,22"/><W133/><G71/><T117/><D121/><U17/><E122/><V15/><F112/><W51/><G33/><T1/><D125/><U40/><E127/><V59/><F130/><W78/><G133/><T31/><D107/><U18/><E119/><V3/><F39/><W57/><G7/><T30/><D30/><U46/><E93/><V109/><F109/><W52/><G42/><T89/><D1/><U104/><E104/><V29/><F84/><W135/><G135/><T61/><D4/><U111/><E111/><V75/><F75/><W115/><G115/><T74/><REACH who="0" step="1"/><D49/><REACH who="0" ten="93,285,299,313" step="2"/><U6/><E6/><V95/><F29/><W132/><G132/><T96/><D96/><U65/><E63/><V76/><F0/><W134/><G134/><T123/><D123/><U34/><E34/><V99/><F3/><W103/><G103/><T114/><D114/><U20/><E12/><V129/><F15/><W64/><G72/><T86/><D86/><U113/><E113/><V16/><F32/><W13/><G98/><T91/><D91/><U35/><E35/><V21/><F28/><W41/><G101/><T60/><D60/><U8/><E20/><V116/><F99/><W128/><G105/><T88/><D88/><U83/><E83/><V92/><F21/><W126/><G22/><T5/><D5/><U43/><AGARI ba="0,1" hai="8,14,17,18,19,36,38,40,43,44,46,62,65,70" machi="43" ten="30,2000,0" yaku="0,1,9,1" doraHai="50" who="1" fromWho="1" sc="93,-5,285,30,299,-5,313,-10" owari="88,-41.2,315,41.5,294,-10.6,303,10.3" /></mjloggm>