<mjloggm ver="2.3"><GO type="225" lobby="0"/><UN n0="%E3%81%AA%E3%81%A1%30%39%32%37" n1="%E8%83%83%E3%81%A8%E8%85%B8" n2="%38%63%E3%81%AF%E3%81%A3%E3%81%97%E3%83%BC" n3="%72%69%6F%75%63%68%61%6E" dan="16,16,16,16" rate="2078.20,2180.26,2118.17,2236.98" sx="M,M,M,M"/><TAIKYOKU oya="0"/><INIT seed="0,0,0,1,5,66" ten="250,250,250,250" oya="0" hai0="78,25,26,15,128,110,35,87,30,118,28,130,27" hai1="75,106,0,131,3,41,100,31,22,85,120,48,58" hai2="59,115,40,117,11,46,86,105,93,61,6,82,12" hai3="17,68,102,116,50,1,135,83,64,13,10,127,109"/><T62/><D118/><U90/><E120/><V9/><F105/><W101/><G109/><T2/><D2/><U39/><E75/><V94/><F117/><W70/><G127/><T73/><D73/><U107/><E131/><N who="0" m="50217" /><D62/><U108/><E108/><V84/><F84/><W71/><G116/><T76/><D110/><U114/><E39/><V125/><F125/><W20/><G135/><T98/><D98/><U132/><E132/><V112/><F11/><W54/><G64/><T42/><D42/><U91/><E41/><V18/><F18/><W19/><G83/><T72/><D72/><U119/><E119/><V49/><F115/><W124/><G124/><T57/><D57/><U113/><E58/><V29/><F29/><N who="0" m="11370" /><D87/><U55/><E85/><V103/><F103/><W34/><G34/><T111/><D111/><U126/><E100/><V53/><REACH who="2" step="1"/><F112/><REACH who="2" ten="250,250,240,250" step="2"/><W97/><G97/><T81/><D81/><U99/><E126/><V36/><F36/><W95/><G95/><T104/><D104/><U65/><E99/><V32/><F32/><W133/><G133/><T52/><D35/><U23/><E31/><V5/><F5/><W24/><REACH who="3" step="1"/><G1/><REACH who="3" ten="250,250,240,240" step="2"/><T89/><D89/><AGARI ba="0,2" hai="6,9,12,40,46,49,53,59,61,82,86,89,93,94" machi="89" ten="30,7700,0" yaku="1,1,7,1,8,1,53,1" doraHai="66" doraHaiUra="4" who="2" fromWho="0" sc="250,-77,250,0,240,97,240,0" /><INIT seed="1,0,0,3,1,95" ten="173,250,337,240" oya="1" hai0="80,60,132,28,40,88,3,79,5,20,49,33,97" hai1="56,107,46,67,89,127,63,116,104,129,131,90,128" hai2="119,19,64,123,115,101,21,61,18,32,24,59,135" hai3="47,12,39,86,72,22,124,62,118,122,126,106,27"/><U130/><E116/><V111/><F123/><W57/><G122/><T114/><D114/><U65/><E127/><N who="3" m="48682" /><G72/><T0/><D132/><U8/><N who="1" m="32768" /><DORA hai="105" /><U16/><E46/><V75/><F119/><W92/><G106/><N who="1" m="40490" /><E65/><V73/><F135/><W94/><G118/><T17/><D60/><U78/><E78/><V45/><F101/><W14/><G86/><T102/><D102/><U110/><E110/><V103/><F103/><W54/><G92/><T52/><D40/><U91/><E8/><V2/><F2/><W77/><G94/><T109/><D0/><U108/><E108/><V70/><F111/><W1/><G1/><T35/><D3/><U120/><E120/><V98/><F98/><W34/><G77/><T134/><D97/><U83/><E16/><V68/><F115/><W74/><G74/><T25/><D109/><U23/><E23/><V71/><F32/><W51/><G39/><T31/><D35/><U84/><AGARI ba="0,0" hai="56,63,67,83,84,89,90,91" m="40490,32768" machi="84" ten="60,3000,0" yaku="19,1" doraHai="95,105" who="1" fromWho="1" sc="173,-10,250,30,337,-10,240,-10" /><INIT seed="1,1,0,0,2,46" ten="163,280,327,230" oya="1" hai0="22,37,44,11,103,2,0,74,110,68,36,128,29" hai1="99,53,114,23,9,6,129,126,33,96,52,84,42" hai2="106,127,64,51,95,58,61,71,55,135,21,41,49" hai3="75,66,34,120,13,91,131,100,60,83,82,86,133"/><U70/><E33/><V1/><F106/><W89/><G131/><T24/><D110/><U97/><E114/><V79/><F1/><W118/><G133/><T122/><D74/><U18/><E129/><V47/><F135/><W56/><G120/><T123/><D128/><U3/><E126/><V88/><F79/><W5/><G118/><T125/><D125/><U15/><E70/><V116/><F127/><W57/><G34/><T132/><D132/><U130/><E130/><V87/><REACH who="2" step="1"/><F21/><REACH who="2" ten="163,280,317,230" step="2"/><W69/><G75/><T102/><D0/><U117/><E117/><AGARI ba="1,1" hai="41,47,49,51,55,58,61,64,71,87,88,95,116,117" machi="117" ten="40,12000,2" yaku="1,1,2,1,52,2,54,1,53,1" doraHai="46" doraHaiUra="39" who="2" fromWho="1" sc="163,0,280,-123,317,133,230,0" /><INIT seed="2,0,0,5,1,110" ten="163,157,450,230" oya="2" hai0="34,121,6,106,134,71,69,38,131,7,72,77,104" hai1="31,79,62,103,18,63,93,126,24,57,37,22,135" hai2="47,43,51,111,56,81,0,132,82,2,107,53,112" hai3="128,4,64,17,113,87,89,48,105,23,117,78,127"/><V109/><F107/><W15/><G117/><T21/><D21/><U12/><E126/><V30/><F30/><W52/><G128/><T3/><D131/><U116/><E116/><V29/><F29/><W74/><G127/><T83/><D134/><U124/><E124/><V10/><F132/><W66/><G105/><N who="0" m="40555" /><D6/><U125/><E125/><V95/><F95/><N who="3" m="54719" /><G113/><T99/><D99/><U9/><E135/><V108/><F112/><W67/><G74/><T120/><D38/><U59/><E37/><V65/><F65/><W33/><G33/><T85/><D85/><U28/><E79/><V55/><F55/><W58/><G4/><T13/><D13/><U20/><E62/><V36/><REACH who="2" step="1"/><F10/><REACH who="2" ten="163,157,440,230" step="2"/><W40/><G40/><T80/><D34/><U88/><E31/><V70/><F70/><N who="0" m="26634" /><D83/><AGARI ba="0,1" hai="0,2,36,43,47,51,53,56,81,82,83,108,109,111" machi="83" ten="40,7700,0" yaku="1,1,14,1,10,1,53,0" doraHai="110" doraHaiUra="19" who="2" fromWho="0" sc="163,-77,157,0,440,87,230,0" /><INIT seed="2,1,0,5,5,82" ten="86,157,527,230" oya="2" hai0="97,31,87,59,124,77,63,60,134,130,99,131,43" hai1="8,33,7,0,32,118,121,4,79,125,132,52,114" hai2="50,62,25,103,71,95,129,74,10,54,127,40,51" hai3="27,20,113,89,38,24,76,18,109,14,115,93,81"/><V96/><F74/><N who="3" m="43159" /><G38/><T105/><D43/><U53/><E114/><N who="3" m="43530" /><G109/><T72/><D31/><U44/><E118/><V108/><F129/><N who="0" m="49162" /><D59/><U39/><E132/><V111/><F127/><W88/><G89/><T100/><D60/><U41/><E125/><V94/><F40/><W2/><G2/><T55/><D55/><U9/><E121/><V133/><F133/><W86/><AGARI ba="1,0" hai="14,18,20,24,27,86,88,93" m="43530,43159" machi="86" ten="30,4000,0" yaku="11,1,52,1,54,1" doraHai="82" who="3" fromWho="3" sc="86,-11,157,-11,527,-21,230,43" /><INIT seed="3,0,0,2,0,93" ten="75,146,506,273" oya="3" hai0="51,96,81,13,31,88,128,52,69,15,116,97,102" hai1="67,29,74,21,11,87,56,63,101,62,80,45,59" hai2="33,30,10,119,125,12,6,124,105,1,5,39,77" hai3="46,32,120,43,28,108,79,131,98,110,115,84,112"/><W55/><G120/><T114/><D116/><U9/><E74/><V86/><F39/><W113/><G131/><T16/><D69/><U90/><E45/><V0/><F105/><W40/><G55/><T75/><D128/><U64/><E101/><V121/><F77/><W2/><G2/><T25/><D75/><U34/><E34/><V14/><F86/><W37/><G40/><T107/><D114/><U44/><E44/><V100/><F100/><W72/><G84/><N who="0" m="50191" /><D107/><U76/><E76/><V18/><F119/><W129/><G129/><T123/><D123/><U19/><E29/><V4/><F121/><W38/><G38/><T104/><D104/><U91/><E91/><V53/><F53/><W99/><G28/><T42/><D42/><U94/><E80/><V92/><F92/><W57/><G32/><T24/><D13/><AGARI ba="0,0" hai="9,11,13,19,21,56,59,62,63,64,67,87,90,94" machi="13" ten="30,3900,0" yaku="7,1,9,1,8,1" doraHai="93" who="1" fromWho="0" sc="75,-39,146,39,506,0,273,0" owari="36,-46.4,185,-21.5,506,60.6,273,7.3" /></mjloggm>