<mjloggm ver="2.3"><GO type="225" lobby="0"/><UN n0="%E3%82%A2%E3%83%9E%E3%83%9D%EF%BD%9E%EF%BD%9E%E3%83%A9" n1="%E6%80%AA%E3%81%97%E3%81%99%E3%81%8E%E3%82%8B%E3%83%81%E3%83%BC" n2="%E3%81%95%E3%81%8D%E3%81%9F%E3%81%BE%E6%9E%97%E6%AA%8E" n3="%E3%81%A1%E3%82%85%E3%81%86%E3%81%A9%E3%81%8F%E8%B1%A1%E3%81%95%E3%82%93" dan="17,16,16,17" rate="2218.85,2070.50,2061.45,2206.29" sx="M,M,M,M"/><TAIKYOKU oya="0"/><INIT seed="0,0,0,1,2,25" ten="250,250,250,250" oya="0" hai0="6,102,36,99,42,117,27,135,40,126,41,93,24" hai1="28,61,44,82,107,132,90,76,94,118,38,100,31" hai2="12,11,16,89,52,74,57,48,112,80,83,133,59" hai3="125,66,1,88,20,75,13,121,51,108,78,50,115"/><T10/><D117/><U72/><E118/><V46/><F133/><W111/><G1/><T22/><D135/><U129/><E132/><V17/><F112/><W4/><G115/><T79/><D126/><U98/><E129/><V53/><F74/><W43/><G125/><T55/><D79/><U58/><E44/><V103/><F103/><W128/><G66/><T49/><D36/><U134/><E38/><V68/><F68/><W8/><G128/><T15/><REACH who="0" step="1"/><D22/><REACH who="0" ten="240,250,250,250" step="2"/><U67/><REACH who="1" step="1"/><E134/><REACH who="1" ten="240,240,250,250" step="2"/><V56/><F89/><W84/><G88/><T14/><D14/><U63/><E63/><V109/><F109/><W9/><G13/><T104/><D104/><U62/><E62/><V87/><F12/><W96/><G108/><T122/><D122/><U105/><E105/><V71/><F71/><W3/><G121/><T29/><D29/><U18/><E18/><V33/><F17/><W101/><G111/><T110/><D110/><U21/><E21/><V123/><F16/><W113/><G20/><T54/><D54/><U85/><AGARI ba="0,2" hai="28,31,58,61,67,72,76,82,85,90,94,98,100,107" machi="85" ten="20,12000,2" yaku="1,1,0,1,7,1,24,2,52,2,53,0" doraHai="25" doraHaiUra="65" who="1" fromWho="1" sc="240,-60,240,140,250,-30,250,-30" /><INIT seed="1,0,0,5,4,56" ten="180,380,220,220" oya="1" hai0="135,31,30,110,45,11,17,6,66,124,98,108,32" hai1="95,117,39,107,59,106,102,113,70,54,75,51,132" hai2="46,134,118,57,67,24,35,7,76,126,116,5,55" hai3="79,103,65,34,60,47,92,21,100,63,85,14,29"/><U129/><E113/><V18/><F134/><W125/><G34/><T41/><D135/><U19/><E117/><V3/><F126/><W114/><G114/><T9/><D124/><U68/><E129/><V27/><F76/><W131/><G125/><T83/><D66/><U81/><E39/><V133/><F133/><W12/><G131/><T50/><D32/><U77/><E132/><V38/><F67/><W42/><G65/><T40/><D40/><U52/><E54/><V96/><F3/><W111/><G111/><T43/><D43/><U1/><E1/><V89/><F46/><W87/><G29/><T10/><D6/><U4/><E4/><V97/><F38/><W53/><G42/><T62/><D17/><U90/><E19/><V93/><F118/><W115/><G115/><T99/><D83/><U28/><E28/><N who="0" m="10793" /><D62/><U15/><E15/><V58/><F35/><W36/><G36/><T69/><D69/><U2/><E2/><V0/><F0/><W91/><G12/><T61/><D61/><N who="3" m="23625" /><G53/><T123/><D123/><U94/><E70/><V80/><F55/><W112/><G112/><T64/><D64/><U101/><E68/><V13/><F116/><W37/><G37/><T105/><D105/><U25/><E106/><V104/><F104/><W49/><G49/><T74/><D74/><U121/><E107/><V8/><F13/><W130/><G130/><T109/><AGARI ba="0,0" hai="9,10,11,41,45,50,98,99,108,109,110" m="10793" machi="109" ten="40,1500,0" yaku="14,1" doraHai="56" who="0" fromWho="0" sc="180,15,380,-7,220,-4,220,-4" /><INIT seed="2,0,0,3,4,127" ten="195,373,216,216" oya="2" hai0="134,44,80,12,33,59,64,100,26,132,19,76,71" hai1="83,133,22,57,31,40,67,35,18,58,24,37,50" hai2="69,116,45,98,81,17,117,27,54,3,128,74,29" hai3="7,0,91,68,72,113,86,41,123,118,95,70,87"/><V38/><F17/><W36/><G123/><T124/><D124/><U119/><E119/><V42/><F54/><W39/><G118/><T120/><D120/><U8/><E133/><V56/><F56/><W97/><G72/><T96/><D59/><U135/><E135/><N who="0" m="51753" /><D44/><U93/><E93/><V10/><F128/><W4/><G113/><T77/><D80/><U122/><E122/><V60/><F98/><W20/><G20/><T73/><D73/><U28/><E83/><V65/><F27/><W110/><G110/><T43/><D43/><U47/><E8/><V14/><F14/><W99/><G41/><T63/><D12/><U90/><E90/><V16/><F16/><W85/><G91/><T75/><D75/><U109/><E109/><V52/><F52/><W129/><G87/><T13/><D13/><U94/><E94/><V126/><F29/><W115/><G95/><T62/><D62/><U5/><E5/><N who="2" m="1343" /><F126/><W92/><G92/><N who="0" m="58375" /><D19/><U61/><E31/><AGARI ba="0,0" hai="26,31,33,63,64,71,76,77" m="58375,51753" machi="31" ten="30,1000,0" yaku="20,1" doraHai="127" who="0" fromWho="1" sc="195,10,373,-10,216,0,216,0" /><INIT seed="3,0,0,4,4,128" ten="205,363,216,216" oya="3" hai0="50,134,16,68,25,69,12,17,104,66,10,129,76" hai1="84,118,88,119,123,18,75,73,120,53,107,31,52" hai2="91,4,106,77,72,64,1,62,24,121,80,79,131" hai3="40,32,35,49,117,81,90,41,59,21,58,2,86"/><W45/><G117/><N who="1" m="44554" /><E107/><V44/><F131/><W97/><G2/><T20/><D129/><U63/><E31/><V14/><F106/><W55/><G40/><T0/><D104/><U105/><E105/><V92/><F1/><W93/><G21/><T43/><D134/><U95/><E18/><V57/><F79/><W87/><G58/><T122/><D122/><N who="1" m="46635" /><E63/><V54/><F121/><W5/><G5/><T82/><D66/><U27/><E27/><V65/><F24/><W13/><G13/><T34/><D34/><U135/><E135/><V101/><F4/><W116/><G116/><T78/><D0/><U8/><E8/><V112/><F14/><W6/><G6/><T132/><D132/><U113/><E113/><V11/><F11/><W38/><G87/><N who="0" m="48583" /><D68/><U111/><E111/><V33/><F33/><W36/><G36/><T133/><D69/><U9/><E9/><V22/><F112/><W3/><G3/><T60/><D133/><U71/><E71/><V108/><F108/><W39/><G39/><T15/><D60/><U102/><E102/><AGARI ba="0,0" hai="32,35,38,41,45,49,55,59,81,86,90,93,97,102" machi="102" ten="30,1500,0" yaku="7,1" doraHai="128" who="3" fromWho="1" sc="205,0,363,-15,216,0,216,15" /><INIT seed="3,1,0,1,2,67" ten="205,348,216,231" oya="3" hai0="107,74,135,127,24,38,57,25,50,48,47,90,40" hai1="111,28,34,75,96,39,3,125,112,33,43,64,110" hai2="55,15,81,45,76,102,79,4,101,61,65,104,1" hai3="132,5,68,7,116,22,95,92,35,14,108,37,122"/><W46/><G122/><T30/><D127/><U13/><E112/><V58/><F104/><W10/><G116/><T49/><D135/><U6/><E75/><V20/><F1/><W71/><G35/><T62/><D74/><U123/><E125/><V134/><F134/><W72/><G72/><T63/><D107/><U18/><E64/><V8/><F20/><W84/><G132/><T124/><D124/><U56/><E56/><N who="2" m="37031" /><F45/><W51/><G37/><T54/><D63/><U60/><E18/><V44/><F44/><W117/><G117/><T0/><D0/><U9/><E96/><V94/><F94/><W83/><G5/><T115/><D115/><U82/><E60/><N who="2" m="35935" /><F81/><W88/><G22/><T97/><REACH who="0" step="1"/><D30/><REACH who="0" ten="195,348,216,231" step="2"/><U121/><E28/><V53/><F53/><N who="3" m="29943" /><G108/><T42/><D42/><U23/><E3/><V29/><F29/><W66/><G66/><T100/><D100/><AGARI ba="1,1" hai="4,8,15,76,79,100,101,102" m="35935,37031" machi="100" ten="30,1000,0" yaku="8,1" doraHai="67" who="2" fromWho="0" sc="195,-13,348,0,216,23,231,0" owari="182,-31.8,348,44.8,239,3.9,231,-16.9" /></mjloggm>