<mjloggm ver="2.3"><GO type="225" lobby="0"/><UN n0="%6D%75%75%6D%75%72%61" n1="%4B%2E%32%2E%4B%2E" n2="%E3%81%82%E3%81%B9%E3%81%99%E3%81%91" n3="%E3%81%91%E3%83%BC%E3%81%9E%E3%81%88" dan="16,16,16,16" rate="2160.51,2240.92,2111.17,2143.65" sx="F,M,M,F"/><TAIKYOKU oya="0"/><INIT seed="0,0,0,5,5,2" ten="250,250,250,250" oya="0" hai0="118,126,132,107,105,79,81,18,4,16,10,49,72" hai1="112,34,22,88,89,42,119,59,13,117,6,40,61" hai2="125,114,131,101,45,60,53,128,120,64,36,37,92" hai3="70,124,78,111,1,43,100,56,86,73,108,90,80"/><T67/><D118/><U50/><E34/><V14/><F120/><W0/><G70/><T91/><D126/><U74/><E74/><V97/><F125/><W25/><G124/><T55/><D132/><U127/><E127/><V75/><F75/><W51/><G25/><T35/><D35/><U102/><E112/><V103/><F114/><W96/><G108/><T9/><D67/><U23/><E102/><V130/><F103/><W77/><G77/><T21/><D91/><N who="1" m="34891" /><E117/><V85/><F85/><W98/><G98/><T106/><D21/><N who="1" m="7691" /><E50/><N who="2" m="28879" /><F14/><W116/><G116/><T7/><D10/><N who="1" m="4311" /><E119/><V28/><F28/><W71/><G71/><AGARI ba="0,0" hai="36,37,60,64,71,92,97,101,128,130,131" m="28879" machi="71" ten="30,1000,0" yaku="19,1" doraHai="2" who="2" fromWho="3" sc="250,0,250,0,250,10,250,-10" /><INIT seed="1,0,0,5,1,82" ten="250,250,260,240" oya="1" hai0="29,45,135,47,57,26,134,14,24,5,120,113,88" hai1="111,116,10,19,65,18,91,66,101,133,27,20,105" hai2="32,93,50,51,16,70,71,95,21,15,86,121,36" hai3="117,98,9,96,97,11,67,2,54,64,102,30,130"/><U118/><E133/><N who="0" m="50697" /><D113/><U53/><E111/><V7/><F36/><W114/><G114/><T63/><D120/><U43/><E43/><V84/><F121/><W23/><G130/><T79/><D79/><U8/><E53/><V73/><F73/><W4/><G117/><T103/><D103/><U92/><E101/><V48/><F32/><W31/><G102/><T109/><D109/><U81/><E81/><V39/><F39/><W108/><G108/><T40/><D5/><U60/><E105/><V100/><F7/><W115/><G115/><T68/><D14/><U78/><E78/><V3/><F3/><W1/><G54/><N who="0" m="34231" /><D68/><U107/><E107/><V106/><F106/><W33/><G4/><T112/><D112/><U90/><E60/><V56/><F56/><W58/><G58/><T85/><D29/><U49/><E49/><V69/><REACH who="2" step="1"/><F100/><REACH who="2" ten="250,250,250,240" step="2"/><W42/><G1/><T123/><D123/><U61/><E116/><V37/><F37/><W74/><G2/><T46/><D40/><U124/><E118/><V125/><F125/><W72/><G42/><T80/><AGARI ba="0,1" hai="24,26,45,46,47,80,85,88" m="34231,50697" machi="80" ten="30,4000,0" yaku="20,1,52,1,54,1" doraHai="82" who="0" fromWho="0" sc="250,50,250,-20,250,-10,240,-10" /><INIT seed="2,0,0,4,1,5" ten="300,230,240,230" oya="2" hai0="91,64,46,115,53,11,21,120,39,90,127,40,3" hai1="135,94,130,15,34,99,108,124,104,63,123,48,72" hai2="55,29,25,105,30,113,62,18,97,83,58,60,37" hai3="13,103,1,84,52,75,57,43,134,32,28,78,69"/><V31/><F113/><W56/><G69/><T92/><D115/><U70/><RYUUKYOKU type="yao9" ba="0,0" sc="300,0,230,0,240,0,230,0" hai1="15,34,48,63,70,72,94,99,104,108,123,124,130,135" /><INIT seed="2,1,0,2,5,56" ten="300,230,240,230" oya="2" hai0="55,87,11,111,130,131,15,51,118,34,84,17,83" hai1="129,9,107,126,112,91,100,27,75,117,82,36,66" hai2="115,74,113,37,102,41,67,93,65,116,124,68,128" hai3="95,52,108,8,22,50,5,45,13,44,1,30,31"/><V24/><F74/><W53/><G108/><T0/><D111/><U21/><E36/><V60/><F116/><W48/><G1/><T19/><D118/><U10/><E117/><V88/><F102/><W25/><REACH who="3" step="1"/><G95/><REACH who="3" ten="300,230,240,220" step="2"/><T77/><D0/><U109/><E109/><V72/><F93/><W103/><G103/><T62/><D130/><U61/><E129/><V42/><F128/><W43/><G43/><T64/><D131/><U85/><E107/><V135/><F42/><W16/><AGARI ba="1,1" hai="5,8,13,16,22,25,30,31,44,45,48,50,52,53" machi="16" ten="20,12000,2" yaku="1,1,0,1,7,1,9,1,8,1,54,2,53,0" doraHai="56" doraHaiUra="94" who="3" fromWho="3" sc="300,-31,230,-31,240,-61,220,133" /><INIT seed="3,0,0,2,4,3" ten="269,199,179,353" oya="3" hai0="102,107,22,57,121,103,95,120,85,70,0,18,28" hai1="33,82,128,19,118,17,32,2,53,100,43,133,76" hai2="64,99,9,51,7,91,113,101,71,114,108,59,42" hai3="31,35,66,90,24,122,52,115,47,135,67,20,132"/><W127/><G122/><T104/><D70/><U68/><E2/><V16/><F108/><W39/><G115/><T36/><D36/><U10/><E68/><V25/><F71/><W78/><G127/><T123/><D28/><U13/><E128/><V12/><F91/><W38/><G78/><T30/><D30/><U89/><E133/><N who="3" m="51274" /><G35/><T8/><D57/><U27/><E118/><V15/><F25/><W1/><G1/><T94/><D22/><N who="1" m="13775" /><E43/><V34/><F34/><W112/><G112/><T4/><D18/><U111/><E111/><V48/><F42/><N who="3" m="22999" /><G39/><T131/><D131/><U37/><E37/><V63/><F114/><W61/><G90/><T41/><D41/><U96/><E89/><V83/><F113/><W69/><G69/><T119/><D119/><U5/><E32/><V49/><F83/><W93/><G93/><T124/><D124/><U74/><E33/><V54/><F64/><W110/><G110/><T72/><D72/><U92/><E74/><V86/><F86/><W58/><AGARI ba="0,0" hai="20,24,31,52,58,61,66,67" m="22999,51274" machi="58" ten="30,3000,0" yaku="20,1,54,1" doraHai="3" who="3" fromWho="3" sc="269,-10,199,-10,179,-10,353,30" owari="259,5.9,189,-21.1,169,-33.1,383,48.3" /></mjloggm>