<mjloggm ver="2.3"><GO type="225" lobby="0"/><UN n0="%E7%89%B9%E6%9D%B1%E3%81%AF%E4%B8%96%E7%95%8C%E3%82%92%E6%95%91%E3%81%86" n1="%30%2E%31%32%30" n2="%E3%81%B2%E3%81%BE%E3%81%A4%E3%81%B6%E3%81%97" n3="%4B%2E%32%2E%4B%2E" dan="16,16,16,17" rate="2041.71,2125.02,2169.83,2181.97" sx="M,M,M,M"/><TAIKYOKU oya="0"/><INIT seed="0,0,0,2,3,3" ten="250,250,250,250" oya="0" hai0="42,35,43,13,24,90,14,80,1,69,52,59,2" hai1="110,30,133,47,19,49,125,100,60,26,86,11,12" hai2="40,10,39,109,74,18,84,114,9,106,105,51,34" hai3="32,31,54,73,45,119,89,76,38,62,64,37,121"/><T27/><D69/><U75/><E110/><V65/><F74/><W48/><G119/><T17/><D1/><U123/><E123/><V112/><F34/><W97/><G121/><T132/><D2/><U56/><E75/><V91/><F39/><W131/><G131/><T127/><D132/><U57/><E125/><V87/><F51/><W23/><G32/><T66/><D66/><U94/><E133/><V16/><F91/><W68/><G76/><T4/><D127/><U67/><E57/><V115/><F115/><W41/><G73/><T63/><D35/><U44/><E49/><V96/><F96/><W21/><G37/><T46/><D4/><U72/><E72/><V83/><F40/><N who="0" m="15402" /><D46/><U53/><E67/><V103/><F65/><W71/><G31/><T82/><D14/><U81/><E100/><V55/><F103/><W20/><G71/><T5/><D5/><U93/><E47/><V111/><REACH who="2" step="1"/><F83/><REACH who="2" ten="250,250,240,250" step="2"/><N who="0" m="31786" /><D90/><N who="1" m="51535" /><E44/><V99/><F99/><W0/><G97/><T7/><D7/><U128/><E128/><V104/><F104/><W6/><G89/><T61/><D61/><U108/><E108/><V77/><F77/><W33/><G33/><T134/><D134/><U126/><E126/><V88/><F88/><W107/><G107/><T129/><D129/><U124/><E124/><V98/><F98/><W116/><G6/><T29/><D29/><U101/><E101/><V25/><F25/><W92/><G0/><T58/><D58/><U95/><E30/><V36/><F36/><W15/><G38/><T85/><D85/><U79/><E79/><V135/><F135/><RYUUKYOKU ba="0,1" sc="250,10,250,10,240,10,250,-30" hai0="13,17,24,27,52,59,63" hai1="11,12,19,26,53,56,60,93,94,95" hai2="9,10,16,18,55,84,87,105,106,109,111,112,114" /><INIT seed="0,1,1,1,5,29" ten="260,260,250,220" oya="0" hai0="32,13,106,99,129,39,8,26,20,87,89,43,78" hai1="109,27,46,80,118,10,96,51,70,14,83,3,124" hai2="85,98,86,88,115,19,45,122,49,75,33,81,135" hai3="53,2,69,92,71,63,74,134,111,127,64,79,119"/><T117/><D117/><U128/><E118/><V97/><F122/><W9/><G119/><T37/><D129/><U100/><E128/><V105/><F115/><W18/><G71/><T91/><D78/><U34/><E3/><V56/><F135/><W114/><G134/><T54/><D54/><U55/><E70/><V52/><F75/><W66/><G114/><T82/><D43/><U73/><E73/><V16/><F33/><W35/><G111/><T59/><D59/><U42/><E109/><V0/><F0/><W130/><G130/><T120/><D120/><U21/><E124/><V38/><F38/><W125/><G66/><T133/><D133/><U131/><E131/><V76/><F45/><W112/><G112/><T25/><D32/><U47/><E34/><V50/><F50/><W36/><G36/><T15/><D26/><U23/><E47/><V67/><F67/><W30/><G92/><T94/><D106/><U4/><E42/><V58/><F58/><W72/><G53/><T11/><D15/><U62/><E62/><V12/><F105/><W110/><G110/><T102/><D102/><U104/><REACH who="1" step="1"/><E21/><REACH who="1" ten="260,250,250,220" step="2"/><N who="2" m="11399" /><F19/><AGARI ba="1,2" hai="4,10,14,19,23,27,46,51,55,80,83,96,100,104" machi="19" ten="30,3900,0" yaku="1,1,7,1,53,1" doraHai="29" doraHaiUra="5" who="1" fromWho="2" sc="260,0,250,62,250,-42,220,0" /><INIT seed="1,0,0,2,1,87" ten="260,312,208,220" oya="1" hai0="78,96,130,126,121,95,68,26,86,116,4,7,82" hai1="89,38,47,35,39,71,24,120,14,15,2,19,54" hai2="1,93,57,60,29,135,8,92,83,22,97,133,50" hai3="98,129,13,114,112,12,52,113,124,69,40,105,3"/><U79/><E71/><V25/><F50/><W61/><G3/><T32/><D116/><U117/><E2/><V48/><F48/><W0/><G0/><T56/><D68/><U134/><E117/><V37/><F37/><W73/><G73/><T102/><D130/><U127/><E79/><V132/><F83/><W118/><G118/><T109/><D109/><U115/><E115/><V6/><REACH who="2" step="1"/><F97/><REACH who="2" ten="260,312,198,220" step="2"/><W10/><G98/><T70/><D82/><U66/><E39/><V88/><F88/><W74/><G114/><T43/><D96/><U84/><E38/><V20/><F20/><W65/><G113/><T11/><D78/><U101/><E89/><V94/><F94/><W110/><G112/><T55/><D95/><U30/><E47/><V119/><F119/><W33/><G129/><T103/><D103/><U62/><E101/><V45/><F45/><W75/><G105/><T100/><D100/><U49/><E49/><V53/><AGARI ba="0,1" hai="1,6,8,22,25,29,53,57,60,92,93,132,133,135" machi="53" ten="30,4000,0" yaku="1,1,0,1,20,1,53,0" doraHai="87" doraHaiUra="123" who="2" fromWho="2" sc="260,-10,312,-20,198,50,220,-10" /><INIT seed="2,0,0,2,1,132" ten="250,292,248,210" oya="2" hai0="102,17,109,92,59,121,78,129,91,120,64,124,18" hai1="36,40,4,116,81,98,68,25,22,105,8,52,122" hai2="63,45,117,38,67,57,79,83,70,47,96,32,89" hai3="33,51,15,50,30,134,0,72,19,80,108,135,71"/><V127/><F117/><W84/><G71/><T113/><D113/><U110/><E68/><V21/><F32/><W31/><G72/><T61/><D109/><U103/><E116/><V27/><F70/><W100/><G0/><T74/><D129/><U23/><E110/><V55/><F38/><W107/><G107/><T43/><D102/><U90/><E23/><V133/><F133/><N who="3" m="50699" /><G100/><T3/><D3/><U16/><E122/><V5/><F5/><W11/><G108/><T101/><D101/><U111/><E111/><V26/><F26/><N who="3" m="18647" /><G31/><T2/><D2/><U35/><E35/><V42/><F42/><W10/><G10/><T123/><D43/><U106/><E106/><V28/><F67/><W118/><G118/><T39/><D39/><U9/><E4/><V37/><F37/><W56/><G56/><T41/><D41/><U85/><E52/><V94/><REACH who="2" step="1"/><F127/><REACH who="2" ten="250,292,238,210" step="2"/><W69/><G69/><T76/><D124/><U93/><E40/><V128/><F128/><W125/><G125/><T115/><D115/><U95/><E36/><V13/><F13/><W88/><AGARI ba="0,1" hai="11,15,19,50,51,80,84,88" m="18647,50699" machi="88" ten="30,2000,0" yaku="20,1,54,1" doraHai="132" who="3" fromWho="3" sc="250,-5,292,-5,238,-10,210,30" /><INIT seed="3,0,0,5,1,84" ten="245,287,228,240" oya="3" hai0="95,58,53,67,44,130,63,11,61,109,60,7,92" hai1="17,105,82,106,118,93,115,45,78,34,126,3,97" hai2="64,70,22,56,125,116,114,32,80,128,43,119,102" hai3="47,36,108,46,66,37,51,73,83,88,134,86,21"/><W49/><G134/><T124/><D109/><U0/><E34/><V122/><F32/><W5/><G108/><T23/><D130/><U40/><E115/><V94/><F114/><W131/><G131/><T75/><D75/><U77/><E77/><V121/><F70/><W90/><G73/><T111/><D111/><U68/><E68/><V15/><F43/><N who="3" m="24799" /><G37/><T98/><D124/><U6/><E6/><V132/><F128/><W65/><G36/><T12/><D95/><U57/><E57/><V13/><F125/><W62/><G5/><T10/><D10/><U104/><E17/><V16/><F132/><W76/><G21/><T96/><D96/><U127/><E118/><V103/><F119/><W30/><G30/><T110/><D110/><U85/><E126/><V69/><F69/><W99/><G99/><T133/><D133/><U41/><E127/><V72/><F72/><W100/><G100/><T29/><D44/><U28/><E28/><V31/><F31/><W2/><G2/><T55/><D55/><U79/><E40/><V52/><F116/><W27/><G27/><N who="0" m="16639" /><D53/><U81/><E45/><V35/><F35/><W59/><G66/><T19/><D7/><U39/><E39/><V33/><F33/><W123/><G123/><N who="2" m="47113" /><F64/><W112/><G112/><T120/><D120/><U89/><E41/><AGARI ba="0,0" hai="41,47,51,59,62,65,76,83,86,88,90" m="24799" machi="41" ten="30,11600,0" yaku="8,1,52,2,54,1" doraHai="84" who="3" fromWho="1" sc="245,0,287,-116,228,0,240,116" owari="245,4.5,171,-32.9,228,-17.2,356,45.6" /></mjloggm>