<mjloggm ver="2.3"><GO type="225" lobby="0"/><UN n0="%E3%81%9F%E3%81%A3%E3%81%A1%E3%82%87" n1="%E5%B8%86%E7%AB%8B%E5%A4%8F%E8%A1%A3" n2="%E5%8D%8D%E6%B1%A0%E8%A2%8B%E6%9C%80%E5%BC%B7%E5%8D%8D" n3="%E5%80%89%E6%A9%8B%EF%BC%A0%E4%BA%8B%E5%8B%99" dan="16,16,16,16" rate="2074.70,2079.35,2142.28,2101.72" sx="M,M,M,M"/><TAIKYOKU oya="0"/><INIT seed="0,0,0,4,1,82" ten="250,250,250,250" oya="0" hai0="8,114,120,133,101,7,48,3,44,106,111,22,21" hai1="135,64,80,43,36,29,0,31,112,91,71,105,87" hai2="90,18,12,79,134,56,23,131,39,115,132,93,33" hai3="86,13,52,73,78,118,74,65,25,34,104,121,128"/><T98/><D114/><U37/><E105/><V108/><F115/><W5/><G118/><T24/><D120/><U96/><E112/><V83/><F33/><W11/><G104/><T10/><D133/><N who="2" m="51306" /><F131/><W47/><G128/><T6/><D111/><U130/><E135/><V61/><F39/><W40/><G121/><T84/><D24/><U19/><E130/><V129/><F129/><W123/><G123/><T99/><D98/><U88/><E0/><V20/><F83/><N who="3" m="47479" /><G34/><T1/><REACH who="0" step="1"/><D84/><REACH who="0" ten="240,250,250,250" step="2"/><U122/><E87/><N who="2" m="52447" /><F108/><W15/><G74/><T17/><D17/><U51/><E19/><V100/><F100/><W109/><G73/><T70/><D70/><U102/><E71/><V55/><F79/><W77/><G109/><T72/><D72/><U35/><E102/><V50/><F61/><W76/><G25/><T58/><D58/><U28/><E122/><V4/><F4/><W127/><G77/><T68/><D68/><U67/><E35/><V60/><F60/><W46/><G76/><T110/><D110/><U2/><E96/><V63/><F63/><W27/><G27/><T81/><D81/><U54/><E80/><V26/><F26/><W95/><G5/><T113/><D113/><U97/><E97/><V45/><F56/><W116/><G116/><T126/><D126/><U9/><E91/><V125/><F125/><W41/><G127/><T69/><D69/><U53/><E88/><V59/><F59/><W92/><G13/><T57/><D57/><U32/><E32/><V49/><F49/><W89/><G15/><T16/><D16/><U62/><E51/><RYUUKYOKU ba="0,1" sc="240,15,250,-15,250,15,250,-15" hai0="1,3,6,7,8,10,21,22,44,48,99,101,106" hai2="12,18,20,23,45,50,55" /><INIT seed="0,1,1,0,4,117" ten="255,235,265,235" oya="0" hai0="9,28,52,92,51,112,115,46,116,3,54,72,30" hai1="87,128,106,63,122,14,8,49,27,0,21,48,107" hai2="102,20,11,58,114,130,101,34,47,129,59,100,17" hai3="83,1,57,15,131,65,111,123,45,16,44,26,76"/><T12/><D116/><U84/><E128/><N who="2" m="49259" /><F34/><W43/><G1/><T118/><D118/><U68/><E0/><V18/><F47/><W69/><G69/><T33/><D72/><U35/><E122/><V42/><F42/><W64/><G131/><T67/><D3/><U23/><E35/><V61/><F114/><W4/><G111/><T62/><D54/><U75/><E75/><V74/><F74/><W85/><G123/><T132/><D92/><U50/><E107/><V5/><F20/><N who="1" m="7753" /><E68/><V119/><F119/><W19/><G26/><T93/><D132/><U22/><E106/><V89/><F89/><W60/><G65/><T97/><D33/><U78/><E63/><V24/><F24/><W90/><G90/><N who="0" m="55479" /><D112/><U40/><E78/><V88/><F88/><W39/><REACH who="3" step="1"/><G45/><REACH who="3" ten="255,235,265,225" step="2"/><T66/><D115/><U2/><E2/><N who="2" m="439" /><F59/><W135/><G135/><T99/><D46/><U41/><E41/><V71/><F71/><W125/><G125/><T86/><D67/><AGARI ba="1,2" hai="17,18,58,61,67,100,101,102" m="439,49259" machi="67" ten="30,1000,0" yaku="19,1" doraHai="117" who="2" fromWho="0" sc="255,-13,235,0,265,33,225,0" /><INIT seed="1,0,0,1,2,64" ten="242,235,298,225" oya="1" hai0="131,119,78,99,15,50,86,9,127,43,47,97,23" hai1="125,14,44,84,72,38,126,82,59,0,93,17,103" hai2="115,95,5,54,45,36,81,83,89,49,98,118,4" hai3="6,62,24,88,111,65,26,40,73,58,8,100,37"/><U87/><E0/><V101/><F118/><W11/><G73/><T42/><D119/><U113/><E113/><V135/><F135/><W112/><G112/><T79/><D127/><N who="1" m="48651" /><E59/><V133/><F133/><W39/><G111/><T85/><D23/><N who="1" m="11703" /><E103/><V130/><F36/><W69/><G100/><T76/><D42/><N who="1" m="22615" /><E93/><N who="2" m="58575" /><F115/><W68/><G11/><T107/><D131/><U21/><E21/><V28/><F130/><W55/><G39/><T51/><D50/><U10/><E10/><V57/><F57/><W32/><G32/><T34/><D34/><U108/><E108/><V106/><F106/><W109/><G109/><T96/><REACH who="0" step="1"/><D107/><REACH who="0" ten="232,235,298,225" step="2"/><U128/><E128/><V117/><F117/><W48/><G37/><T35/><D35/><U132/><E132/><V134/><F134/><W124/><G124/><T105/><D105/><U46/><E46/><V90/><F45/><W122/><G40/><T2/><D2/><U121/><E121/><V104/><F104/><W19/><G122/><T53/><D53/><U94/><E94/><V3/><F54/><W123/><G123/><T25/><D25/><U70/><E70/><V13/><F95/><W80/><G69/><T102/><D102/><U114/><E114/><V110/><F3/><W7/><G26/><T66/><D66/><U29/><E29/><V20/><F28/><W63/><G48/><T92/><D92/><U22/><E22/><V60/><F20/><N who="3" m="13343" /><G8/><T33/><D33/><U116/><E116/><V61/><F49/><W71/><G68/><T129/><D129/><U75/><E82/><N who="2" m="31243" /><F110/><W18/><G80/><T12/><D12/><RYUUKYOKU ba="0,1" sc="232,15,235,15,298,-15,225,-15" hai0="9,15,43,47,51,76,78,79,85,86,96,97,99" hai1="72,75,84,87" /><INIT seed="1,1,1,2,1,96" ten="247,250,283,210" oya="1" hai0="90,56,60,53,29,2,67,31,43,81,39,30,7" hai1="52,47,38,58,104,15,79,75,25,24,5,78,48" hai2="120,45,95,18,77,98,80,66,10,109,12,132,64" hai3="123,111,63,65,28,135,103,102,59,20,126,121,110"/><U86/><E104/><V108/><F120/><W42/><G42/><T117/><D117/><U130/><E75/><V87/><F132/><W84/><G135/><T114/><D114/><U118/><E130/><V115/><F115/><W55/><G126/><T129/><D129/><U69/><E69/><V113/><F113/><W40/><G40/><T16/><D2/><U54/><E118/><V124/><F124/><W37/><G37/><T91/><D7/><U26/><E38/><V44/><F64/><W125/><G125/><T62/><D39/><U49/><E86/><V83/><F83/><W70/><G84/><N who="0" m="50447" /><D43/><U41/><E41/><V76/><F77/><W35/><G35/><T99/><D67/><U21/><E21/><V14/><F14/><W0/><G0/><T4/><D4/><U85/><E85/><V92/><F92/><W68/><G123/><T51/><D16/><U17/><E17/><V32/><F32/><W22/><G121/><T101/><D101/><N who="3" m="38409" /><G65/><T93/><AGARI ba="1,1" hai="29,30,31,51,53,56,60,62,91,93,99" m="50447" machi="93" ten="30,1100,0" yaku="8,1" doraHai="96" who="0" fromWho="0" sc="247,24,250,-6,283,-4,210,-4" /><INIT seed="2,0,0,3,3,19" ten="271,244,279,206" oya="2" hai0="71,4,51,47,135,101,59,34,91,21,122,22,70" hai1="15,119,52,24,57,39,18,64,117,86,104,43,56" hai2="90,28,107,53,102,11,93,0,29,25,73,127,8" hai3="105,79,78,44,63,65,41,5,10,94,130,72,76"/><V14/><F73/><W106/><G72/><T115/><D122/><U36/><E104/><V2/><F127/><W118/><G118/><N who="1" m="45066" /><E18/><V99/><F11/><W85/><G130/><T95/><D34/><U103/><E24/><V66/><F66/><W48/><G94/><T96/><D135/><U124/><E15/><V87/><F53/><W61/><G61/><T108/><D108/><U131/><E86/><V6/><REACH who="2" step="1"/><F29/><REACH who="2" ten="271,244,269,206" step="2"/><W17/><G65/><T89/><D70/><U55/><E124/><V67/><F67/><W49/><G41/><N who="0" m="25071" /><D71/><U37/><E131/><V60/><F60/><W7/><G63/><T50/><D4/><U128/><E128/><V97/><F97/><W68/><G68/><T16/><D115/><U26/><E64/><V111/><F111/><W120/><G5/><T123/><D123/><U74/><E74/><V82/><F82/><W125/><G125/><T121/><D121/><U38/><E55/><V33/><AGARI ba="0,1" hai="0,2,6,8,14,25,28,33,87,90,93,99,102,107" machi="33" ten="20,3900,0" yaku="1,1,0,1,7,1,53,0" doraHai="19" doraHaiUra="69" who="2" fromWho="2" sc="271,-13,244,-13,269,49,206,-13" /><INIT seed="2,1,0,3,3,46" ten="258,231,318,193" oya="2" hai0="130,89,103,128,73,135,101,59,116,133,30,95,106" hai1="75,111,87,113,65,67,3,35,131,13,49,125,23" hai2="100,127,108,14,33,117,45,56,74,90,21,122,52" hai3="11,119,16,55,97,71,41,31,123,92,96,54,6"/><V36/><F33/><W112/><G119/><T77/><D30/><U44/><E75/><V94/><F122/><W121/><G71/><T60/><D60/><U61/><E113/><V58/><F117/><W80/><G112/><T42/><D42/><U2/><E35/><V72/><F100/><N who="0" m="38474" /><D59/><U120/><E120/><V104/><F104/><W8/><G31/><T85/><D116/><U28/><E111/><V7/><F127/><W91/><G41/><T126/><D106/><U110/><E131/><N who="0" m="50217" /><D126/><U134/><E134/><N who="0" m="51209" /><D73/><U109/><E125/><V118/><F74/><W22/><G123/><T105/><D105/><U99/><E110/><V79/><F108/><W102/><G121/><T27/><D27/><U39/><E109/><V68/><F72/><W29/><G29/><T98/><D77/><U76/><E39/><V114/><F79/><W17/><G55/><T88/><D85/><U19/><E28/><V78/><F58/><W0/><G54/><T47/><D47/><U115/><E87/><V53/><F52/><W37/><G37/><T82/><D82/><U9/><E76/><V86/><F78/><W40/><G40/><T1/><D89/><U66/><E61/><V34/><F90/><W84/><G80/><T26/><D26/><U129/><E129/><V48/><F45/><W57/><G57/><T10/><D10/><U20/><E9/><V69/><F56/><W81/><G11/><T43/><D43/><U4/><E66/><V132/><F132/><W93/><REACH who="3" step="1"/><G22/><REACH who="3" ten="258,231,318,183" step="2"/><T5/><D1/><N who="1" m="11" /><E23/><V50/><F21/><W107/><G107/><T15/><D5/><RYUUKYOKU ba="1,1" sc="258,15,231,-15,318,-15,183,15" hai0="15,88,95,98" hai3="0,6,8,16,17,81,84,91,92,93,96,97,102" /><INIT seed="3,2,1,0,4,126" ten="273,216,303,198" oya="3" hai0="53,57,113,90,7,72,73,47,110,133,16,42,58" hai1="32,116,127,118,117,77,105,124,66,111,114,122,76" hai2="0,23,112,60,24,84,40,56,49,97,62,64,123" hai3="96,43,119,81,46,65,17,80,135,86,12,45,128"/><W89/><G119/><T25/><D110/><U75/><E32/><V104/><F0/><W120/><G120/><T68/><D68/><U4/><E4/><V51/><F112/><W20/><G135/><T14/><D133/><U134/><E66/><V78/><F123/><W54/><G65/><T48/><D113/><U41/><E41/><V67/><F104/><W39/><G96/><T61/><D7/><U95/><E122/><V35/><F35/><W15/><G128/><T30/><D90/><U26/><E26/><V2/><F2/><W38/><G38/><T83/><D83/><U107/><E114/><V101/><F101/><W92/><REACH who="3" step="1"/><G15/><REACH who="3" ten="273,216,303,188" step="2"/><T108/><D108/><U74/><E134/><V31/><F97/><W106/><G106/><N who="1" m="40458" /><E111/><V125/><F125/><N who="1" m="48201" /><E95/><V70/><F40/><W88/><G88/><T29/><D42/><U55/><E55/><V63/><F67/><W22/><G22/><T99/><D53/><U109/><E109/><V37/><F37/><W6/><G6/><T11/><D14/><U18/><E18/><V98/><F98/><W33/><G33/><T3/><D99/><U131/><E131/><V8/><F64/><W82/><G82/><T69/><D16/><U103/><E103/><V5/><F5/><W28/><G28/><T13/><D29/><U94/><E94/><V19/><F31/><W44/><G44/><T130/><D47/><U71/><E71/><V52/><F19/><W85/><G85/><T34/><D30/><U59/><E59/><N who="0" m="22537" /><D69/><U121/><E121/><V50/><F70/><W93/><G93/><T79/><D34/><RYUUKYOKU ba="2,2" sc="273,-15,216,15,303,-15,188,15" hai1="74,75,76,77,116,117,118" hai3="12,17,20,39,43,45,46,54,80,81,86,89,92" /><INIT seed="3,3,2,2,0,35" ten="258,231,288,203" oya="3" hai0="53,84,111,99,52,47,73,57,12,132,110,98,68" hai1="51,74,4,78,14,19,46,61,21,117,41,10,55" hai2="29,32,95,115,66,118,85,129,33,38,9,6,65" hai3="105,125,96,13,63,77,128,126,116,127,24,87,123"/><W2/><G116/><T43/><D68/><U119/><E74/><V11/><F115/><W135/><G123/><T83/><D73/><U0/><E78/><V94/><F129/><W93/><G128/><T72/><D72/><U71/><REACH who="1" step="1"/><E41/><REACH who="1" ten="258,221,288,203" step="2"/><V97/><F118/><W112/><G112/><T58/><D43/><U106/><E106/><V23/><F33/><W25/><G105/><T44/><D110/><U37/><E37/><V48/><F32/><W3/><G135/><T124/><D111/><U60/><E60/><V130/><F38/><W50/><G63/><T1/><D132/><U18/><E18/><V45/><F130/><W107/><G107/><T30/><D30/><U121/><E121/><V22/><F29/><W39/><G39/><T76/><D76/><U69/><E69/><V36/><F36/><W103/><G50/><T104/><D104/><U79/><E79/><V28/><F28/><W92/><G77/><T113/><D113/><U26/><E26/><N who="3" m="10346" /><G13/><T122/><D12/><U134/><E134/><V7/><F48/><W16/><G16/><T88/><D122/><U17/><E17/><V82/><F6/><W34/><G34/><T75/><D75/><U131/><E131/><V59/><F7/><W109/><G109/><T5/><D5/><U49/><E49/><V64/><F64/><AGARI ba="3,3" hai="0,4,10,14,19,21,46,51,55,61,64,71,117,119" machi="64" ten="40,2600,0" yaku="1,1,52,1,53,0" doraHai="35" doraHaiUra="133" who="1" fromWho="2" sc="258,0,221,65,288,-35,203,0" /><INIT seed="4,0,0,5,2,89" ten="258,286,253,203" oya="0" hai0="107,39,61,101,21,94,50,132,112,118,80,34,20" hai1="49,45,81,134,113,105,63,37,96,72,98,135,38" hai2="29,86,6,65,56,116,25,79,22,7,78,18,30" hai3="67,33,71,120,130,5,128,40,62,10,68,114,99"/><T24/><D118/><U0/><E63/><N who="2" m="38119" /><F116/><W75/><G75/><T14/><D39/><N who="1" m="14859" /><E0/><V66/><F66/><W54/><G33/><T2/><D2/><U51/><E113/><V74/><F74/><W31/><G40/><T88/><D132/><N who="1" m="50731" /><E105/><V77/><F86/><W12/><G31/><AGARI ba="0,0" hai="6,7,18,22,25,29,30,31,77,78,79" m="38119" machi="31" ten="30,1000,0" yaku="8,1" doraHai="89" who="2" fromWho="3" sc="258,0,286,0,253,10,203,-10" /><INIT seed="5,0,0,0,2,72" ten="258,286,263,193" oya="1" hai0="124,37,113,118,0,94,127,17,70,15,34,116,59" hai1="100,125,76,41,13,88,89,84,32,51,60,99,8" hai2="9,104,86,121,111,74,63,114,134,26,133,96,105" hai3="65,12,46,58,5,101,106,93,107,11,1,43,33"/><U78/><E125/><N who="0" m="48201" /><D70/><U28/><E32/><V24/><F121/><W131/><G33/><T128/><D37/><U77/><E28/><V47/><F74/><W16/><G131/><T50/><D128/><U66/><E41/><V108/><F47/><W68/><G68/><T73/><D73/><U130/><E130/><V55/><F9/><W57/><G93/><T18/><D113/><U25/><E25/><N who="2" m="9835" /><F114/><W4/><G4/><T64/><D0/><U109/><E51/><V44/><F86/><W10/><G101/><T112/><D34/><U56/><E109/><N who="2" m="42059" /><F96/><W19/><G19/><N who="0" m="7179" /><D15/><U45/><E45/><V110/><N who="2" m="42067" /><V42/><DORA hai="7" /><F55/><W14/><G1/><T135/><D112/><U61/><E61/><V91/><F91/><N who="1" m="34889" /><E13/><V80/><F80/><W62/><G58/><T29/><D29/><U92/><E8/><V30/><F30/><W123/><G123/><T52/><D94/><U35/><E35/><V102/><F63/><W31/><G31/><T98/><D98/><U120/><E120/><V122/><F122/><W129/><G129/><T36/><D36/><AGARI ba="0,0" hai="5,10,11,12,14,16,36,43,46,57,62,65,106,107" machi="36" ten="30,7700,0" yaku="7,1,52,2,54,1" doraHai="72,7" who="3" fromWho="0" sc="258,-77,286,0,263,0,193,77" /><INIT seed="6,0,0,5,0,54" ten="181,286,263,270" oya="2" hai0="117,133,74,33,90,16,8,38,72,37,6,46,41" hai1="23,71,64,68,95,85,43,13,1,76,118,91,98" hai2="14,78,127,113,119,2,88,125,83,18,130,109,121" hai3="126,93,10,55,63,49,24,134,111,120,70,116,44"/><V28/><F119/><W105/><G105/><T75/><D117/><U4/><E118/><V128/><F121/><W102/><G116/><T52/><D33/><U3/><E43/><V77/><F2/><W108/><G120/><T27/><D133/><U94/><E76/><V96/><F28/><W39/><G39/><T36/><D90/><U42/><E42/><V81/><F113/><W48/><G134/><T89/><D89/><U110/><E110/><V123/><F123/><W135/><G135/><T30/><D16/><U82/><E94/><N who="2" m="56391" /><F109/><W17/><G126/><N who="2" m="48137" /><F81/><W100/><G111/><T57/><D30/><U21/><E1/><V87/><F78/><W7/><G108/><T19/><D27/><U106/><E3/><V65/><F65/><W15/><G93/><T86/><D19/><U59/><E106/><V73/><F73/><W31/><G17/><T32/><D86/><U103/><E71/><V25/><F25/><W92/><G92/><T99/><D99/><U34/><E68/><V5/><F5/><W66/><REACH who="3" step="1"/><G49/><REACH who="3" ten="181,286,263,260" step="2"/><T97/><D97/><U129/><E98/><V69/><F69/><W131/><G131/><T67/><D32/><AGARI ba="0,1" hai="7,10,15,24,31,32,44,48,55,63,66,70,100,102" machi="32" ten="30,3900,0" yaku="1,1,7,1,53,1" doraHai="54" doraHaiUra="22" who="3" fromWho="0" sc="181,-39,286,0,263,0,260,49" owari="142,-35.8,286,8.6,263,-13.7,309,40.9" /></mjloggm>