<mjloggm ver="2.3"><GO type="225" lobby="0"/><UN n0="%70%68%65%6E%6F%6D%65" n1="%E5%B8%86%E7%AB%8B%E5%A4%8F%E8%A1%A3" n2="%63%68%78%62%64" n3="%E3%82%BC%E3%83%AB%E3%83%80%E3%81%AE%E4%BC%9D%E8%AA%AC" dan="16,16,16,17" rate="2110.55,2125.71,2147.07,2221.78" sx="M,M,M,M"/><TAIKYOKU oya="0"/><INIT seed="0,0,0,4,2,95" ten="250,250,250,250" oya="0" hai0="55,88,104,65,56,117,74,22,101,99,30,19,20" hai1="110,129,58,100,90,44,1,106,87,62,130,17,116" hai2="132,63,91,111,7,84,67,78,32,82,2,83,134" hai3="92,35,77,38,98,61,80,16,13,41,9,66,68"/><T79/><D117/><U128/><E1/><V113/><F32/><W31/><G35/><T131/><D131/><U43/><E116/><V93/><F113/><W36/><G31/><T69/><D30/><U37/><E110/><V39/><F39/><W71/><G41/><T0/><D0/><U10/><E10/><V52/><F111/><W127/><G127/><T94/><D65/><U54/><E17/><V70/><F7/><W60/><G60/><T75/><D69/><U48/><E100/><V107/><F107/><W5/><G5/><T46/><D46/><U45/><E106/><V120/><F120/><W118/><G71/><T3/><D3/><U73/><E73/><V33/><F33/><W21/><G9/><T89/><D89/><U51/><REACH who="1" step="1"/><E45/><REACH who="1" ten="250,240,250,250" step="2"/><V23/><F2/><W123/><G118/><T29/><D29/><U50/><E50/><V109/><F109/><W18/><G18/><T24/><D79/><U97/><E97/><V81/><F78/><W34/><G123/><T40/><D104/><U57/><E57/><V125/><F125/><W11/><G11/><T112/><D101/><U59/><E59/><V124/><F124/><W28/><G28/><T115/><D75/><U105/><E105/><V133/><F23/><W26/><G34/><T12/><D74/><U49/><E49/><V76/><F76/><W86/><G13/><T15/><D20/><U119/><E119/><V47/><F47/><W126/><G126/><T96/><D99/><U121/><E121/><V103/><F103/><AGARI ba="0,1" hai="16,21,26,36,38,61,66,68,77,80,86,92,98,103" machi="103" ten="30,3900,0" yaku="7,1,52,1,54,1" doraHai="95" who="3" fromWho="2" sc="250,0,240,0,250,-39,250,49" /><INIT seed="1,0,0,3,3,84" ten="250,240,211,299" oya="1" hai0="74,125,111,66,122,72,14,63,24,25,57,56,116" hai1="91,77,10,46,117,12,37,88,109,36,119,99,132" hai2="134,58,103,52,13,59,5,67,110,38,81,61,100" hai3="89,16,31,45,87,60,128,68,19,2,54,83,11"/><U20/><E77/><V108/><F38/><W15/><G128/><T104/><D116/><U9/><E20/><V75/><F134/><W44/><G2/><T129/><D104/><U28/><E28/><V114/><F114/><W123/><G123/><T8/><D129/><U86/><E132/><V18/><F5/><W49/><G31/><T55/><D111/><N who="2" m="42538" /><F75/><W32/><G32/><T73/><D125/><U124/><E109/><V133/><F81/><W34/><G34/><T76/><D76/><U112/><E112/><V17/><F133/><W120/><G120/><T90/><D122/><U69/><E69/><V80/><F80/><W65/><G44/><T64/><D90/><U23/><E124/><V0/><F0/><W94/><G94/><T106/><D106/><U1/><E1/><V98/><F98/><W43/><G43/><T82/><D82/><N who="1" m="49239" /><E119/><V130/><F130/><W105/><G105/><T70/><D70/><U41/><E37/><V107/><F107/><W78/><G78/><T113/><D113/><U115/><E115/><V101/><F13/><W131/><G131/><T95/><D95/><N who="1" m="56831" /><E117/><V135/><F135/><W79/><G79/><T97/><D97/><U102/><E102/><V7/><F7/><AGARI ba="0,0" hai="7,11,15,16,19,45,49,54,60,65,68,83,87,89" machi="7" ten="30,3900,0" yaku="7,1,52,1,54,1" doraHai="84" who="3" fromWho="2" sc="250,0,240,0,211,-39,299,39" /><INIT seed="2,0,0,1,2,70" ten="250,240,172,338" oya="2" hai0="121,108,106,62,8,53,25,103,0,17,92,28,5" hai1="102,109,16,38,39,130,14,42,133,15,30,19,73" hai2="59,21,7,58,118,65,26,115,88,112,77,84,64" hai3="126,111,89,131,54,66,13,22,20,40,10,100,117"/><V69/><F118/><W41/><G117/><T83/><D121/><U24/><E73/><V23/><F69/><W72/><G72/><T87/><D108/><U113/><E113/><V101/><F101/><W56/><G111/><T27/><D106/><U134/><E102/><V110/><F77/><W81/><G126/><T132/><D132/><N who="1" m="50795" /><E130/><V93/><F110/><W60/><G100/><T119/><D119/><U3/><E3/><V51/><F112/><W82/><G131/><T37/><D37/><N who="1" m="13835" /><E42/><V91/><F115/><W18/><G41/><T47/><D17/><N who="1" m="6731" /><E109/><V98/><F7/><W34/><G40/><T61/><D103/><U2/><E2/><V32/><F32/><AGARI ba="0,0" hai="14,15,24,30,32" m="6731,13835,50795" machi="32" ten="30,8000,1" yaku="20,1,52,3,54,1" doraHai="70" who="1" fromWho="2" sc="250,0,240,80,172,-80,338,0" /><INIT seed="3,0,0,3,2,66" ten="250,320,92,338" oya="3" hai0="11,9,102,23,122,75,69,112,32,1,95,33,65" hai1="89,90,107,12,93,110,63,28,60,125,131,88,34" hai2="98,80,54,5,64,129,46,20,37,123,26,47,31" hai3="6,124,68,92,14,61,48,13,0,87,24,94,27"/><W17/><G0/><T104/><D95/><N who="3" m="36393" /><G68/><T10/><D122/><U128/><E125/><V39/><F129/><N who="1" m="49737" /><E110/><V130/><F130/><W51/><G124/><T2/><D112/><U42/><E107/><V29/><F98/><W116/><G116/><T71/><D23/><U18/><E42/><V105/><F123/><W132/><G132/><T106/><D75/><U70/><E93/><V25/><F105/><N who="0" m="40554" /><D65/><N who="1" m="41255" /><E63/><V82/><F64/><W19/><G87/><T35/><D102/><U83/><E28/><V117/><F5/><W67/><G6/><T8/><N who="0" m="2048" /><DORA hai="134" /><T45/><D45/><U76/><E34/><V73/><F73/><W62/><G62/><T127/><D127/><U22/><E90/><V84/><F20/><N who="3" m="11311" /><G61/><T135/><D135/><U72/><AGARI ba="0,0" hai="12,18,22,72,76,83,88,89" m="41255,49737" machi="72" ten="30,4000,0" yaku="19,1,52,1,54,1" doraHai="66,134" who="1" fromWho="1" sc="250,-10,320,40,92,-10,338,-20" owari="240,-16.0,360,46.0,82,-41.8,318,11.8" /></mjloggm>