<mjloggm ver="2.3"><GO type="225" lobby="0"/><UN n0="%E5%AE%AE%E4%BF%9D%E9%B6%8F%E8%82%89" n1="%E7%89%B9%E6%9D%B1%E3%81%AF%E4%B8%96%E7%95%8C%E3%82%92%E6%95%91%E3%81%86" n2="%E5%B0%8F%E9%B3%A5%E9%81%8A%E7%B7%B4%E7%84%A1%32%31%E6%AD%B3" n3="%E4%BA%AE%E6%B5%81%E6%89%93%E8%80%85" dan="16,16,16,16" rate="2123.66,2125.43,2173.80,2122.03" sx="M,M,F,F"/><TAIKYOKU oya="0"/><INIT seed="0,0,0,5,2,92" ten="250,250,250,250" oya="0" hai0="118,106,121,4,129,103,6,46,40,17,119,124,65" hai1="64,94,27,50,91,47,85,28,63,95,2,73,19" hai2="41,134,45,14,67,61,13,39,48,90,116,75,70" hai3="130,86,110,83,123,104,56,11,72,7,3,62,114"/><T59/><D121/><U79/><E2/><V135/><F75/><W126/><G114/><T105/><D124/><U77/><E73/><V51/><F90/><W15/><G126/><T33/><D33/><U16/><E95/><V122/><F122/><W57/><G110/><T38/><D129/><U9/><E9/><V84/><F84/><W42/><G130/><T112/><D112/><U127/><E127/><V88/><F13/><W96/><G57/><T89/><D17/><U125/><E125/><V21/><F21/><W60/><G60/><T44/><D89/><U1/><E1/><V26/><F14/><W117/><G42/><T132/><D132/><N who="2" m="50730" /><F26/><W58/><G15/><T36/><D59/><U80/><E77/><V99/><F116/><W81/><G58/><T53/><D40/><U25/><E80/><V31/><F31/><W128/><G117/><T23/><D23/><U131/><E79/><V133/><N who="2" m="50738" /><V76/><DORA hai="111" /><F76/><N who="3" m="44167" /><G128/><T100/><REACH who="0" step="1"/><D53/><REACH who="0" ten="240,250,250,250" step="2"/><U37/><E131/><V115/><F115/><W34/><G34/><T18/><D18/><U32/><E19/><V93/><AGARI ba="0,1" hai="39,41,45,48,51,61,67,70,88,93,99" m="50738" machi="93" ten="40,5200,0" yaku="20,1,52,1,54,1" doraHai="92,111" who="2" fromWho="2" sc="240,-26,250,-13,250,62,250,-13" /><INIT seed="1,0,0,4,0,116" ten="214,237,312,237" oya="1" hai0="133,76,69,81,22,132,0,54,115,114,74,21,105" hai1="110,130,112,45,104,29,36,96,41,79,78,111,108" hai2="12,64,83,128,8,97,57,43,40,117,107,80,88" hai3="24,92,102,20,59,86,27,62,4,38,127,49,123"/><U66/><E112/><N who="0" m="43049" /><D69/><U51/><E130/><V118/><F128/><W94/><G123/><T48/><D0/><U85/><E66/><V47/><F117/><W77/><G38/><T61/><D61/><U33/><E36/><V121/><F121/><W124/><G4/><T93/><D93/><N who="3" m="35945" /><G102/><T58/><D105/><U13/><E13/><V28/><F28/><W125/><G49/><T95/><D95/><U71/><E71/><V56/><F118/><W30/><G27/><T7/><D7/><U84/><E96/><V99/><F107/><W87/><G77/><N who="1" m="29194" /><E104/><V122/><F122/><W46/><G46/><T17/><D17/><U101/><E101/><V129/><F47/><W131/><G131/><T19/><D19/><U82/><E82/><V55/><F129/><W67/><AGARI ba="0,0" hai="20,24,30,59,62,67,86,87,124,125,127" m="35945" machi="67" ten="40,1500,0" yaku="18,1" doraHai="116" who="3" fromWho="3" sc="214,-4,237,-7,312,-4,237,15" /><INIT seed="2,0,0,5,1,77" ten="210,230,308,252" oya="2" hai0="98,110,48,86,73,126,64,62,121,25,68,75,22" hai1="15,51,38,78,9,105,129,14,96,125,61,80,40" hai2="53,108,31,122,29,19,56,93,65,90,37,120,100" hai3="34,91,127,0,35,66,63,114,6,87,16,72,71"/><V28/><F37/><W12/><G72/><T7/><D110/><U117/><E117/><V97/><F108/><W2/><G127/><T54/><D121/><U88/><E125/><V47/><F65/><W119/><G119/><T115/><D115/><U50/><E129/><V21/><F47/><W83/><G114/><T70/><D70/><U133/><E133/><V76/><F76/><W45/><G45/><T99/><D126/><U81/><E38/><V10/><F10/><W58/><G71/><T124/><D7/><U94/><E105/><V42/><F42/><W123/><G123/><T26/><D26/><U95/><E40/><V107/><F107/><W109/><G109/><T74/><D86/><N who="1" m="48407" /><E61/><V13/><F100/><W27/><G6/><T60/><D60/><U102/><E81/><V33/><F33/><W112/><G112/><T69/><D68/><U3/><E3/><V85/><REACH who="2" step="1"/><F97/><REACH who="2" ten="210,230,298,252" step="2"/><W103/><G103/><T82/><D124/><U41/><E41/><V36/><F36/><W92/><G34/><T24/><D99/><N who="1" m="57799" /><E9/><V55/><F55/><W104/><G104/><T79/><D98/><U30/><E30/><V43/><F43/><W111/><G111/><T130/><D130/><U131/><E131/><V101/><F101/><W135/><G35/><T113/><D113/><U17/><E17/><V89/><F89/><W67/><G91/><T84/><REACH who="0" step="1"/><D22/><REACH who="0" ten="200,230,298,252" step="2"/><U52/><E96/><V59/><F59/><AGARI ba="0,2" hai="24,25,48,54,59,62,64,69,73,74,75,79,82,84" machi="59" ten="40,5200,0" yaku="1,1,2,1,52,1,53,0" doraHai="77" doraHaiUra="116" who="0" fromWho="2" sc="200,72,230,0,298,-52,252,0" /><INIT seed="3,0,0,1,4,119" ten="272,230,246,252" oya="3" hai0="40,26,62,15,22,109,14,33,43,35,84,98,63" hai1="10,55,21,115,75,47,41,7,127,93,77,81,69" hai2="107,32,2,1,31,60,95,6,12,17,87,38,112" hai3="122,102,71,118,49,4,121,132,24,124,104,52,83"/><W79/><G71/><T46/><D109/><U126/><E115/><V99/><F107/><W133/><G4/><T20/><D84/><U65/><E55/><V123/><F38/><W61/><G61/><T129/><D26/><U18/><E93/><V103/><F112/><W58/><G24/><T134/><D98/><U23/><E65/><V57/><F6/><W135/><G124/><N who="1" m="47658" /><E18/><V128/><F128/><W27/><G27/><T116/><D46/><U130/><E69/><V90/><F31/><W16/><G16/><T3/><D3/><N who="1" m="383" /><E130/><V48/><F32/><W94/><G118/><T44/><D129/><U68/><E68/><V85/><F48/><AGARI ba="0,0" hai="21,23,41,47,48,75,77,81" m="383,47658" machi="48" ten="30,1000,0" yaku="18,1" doraHai="119" who="1" fromWho="2" sc="272,0,230,10,246,-10,252,0" /><INIT seed="4,0,0,2,1,10" ten="272,240,236,252" oya="0" hai0="104,62,108,65,101,79,74,5,20,87,98,86,132" hai1="50,3,12,127,57,58,23,90,7,85,11,14,59" hai2="30,34,77,112,129,105,37,66,71,117,131,82,45" hai3="124,91,16,114,100,75,80,103,4,25,17,83,95"/><T102/><D132/><U40/><E127/><V0/><F105/><W53/><G114/><T73/><D108/><U96/><E96/><V21/><F21/><N who="3" m="13479" /><G75/><N who="0" m="28683" /><D62/><U19/><E40/><N who="2" m="22671" /><F112/><W60/><G4/><T69/><D20/><U33/><E33/><V94/><F94/><W116/><G116/><T56/><D56/><U92/><REACH who="1" step="1"/><E3/><REACH who="1" ten="272,230,236,252" step="2"/><V9/><F34/><W41/><G124/><T109/><D98/><U134/><E134/><V44/><F0/><W39/><G41/><T115/><D115/><U54/><AGARI ba="0,1" hai="7,11,12,14,19,23,50,54,57,58,59,85,90,92" machi="54" ten="30,16000,3" yaku="1,1,0,1,25,2,8,1,52,2,53,1" doraHai="10" doraHaiUra="84" who="1" fromWho="1" sc="272,-80,230,170,236,-40,252,-40" owari="192,-30.8,400,50.0,196,-20.4,212,1.2" /></mjloggm>