<mjloggm ver="2.3"><GO type="225" lobby="0"/><UN n0="%28%EF%BF%A3%E2%96%BD%EF%BF%A3%29%CE%B4%E2%8C%92%E3%83%BB" n1="%72%69%6F%75%63%68%61%6E" n2="%E5%B8%86%E7%AB%8B%E5%A4%8F%E8%A1%A3" n3="%E3%82%B2%E3%82%B9%E8%8C%82%E5%8B%9D" dan="16,16,16,16" rate="2125.41,2135.20,2124.94,2095.45" sx="M,M,M,F"/><TAIKYOKU oya="0"/><INIT seed="0,0,0,0,4,68" ten="250,250,250,250" oya="0" hai0="79,112,86,66,124,44,93,131,83,26,3,24,56" hai1="111,123,64,11,53,107,14,100,106,135,104,82,108" hai2="19,28,52,67,41,62,109,34,134,121,98,128,105" hai3="122,87,58,20,5,102,133,114,126,92,60,25,127"/><T38/><D3/><U117/><E117/><V18/><F121/><W31/><G122/><T39/><D112/><U33/><E123/><V95/><F109/><N who="1" m="42057" /><E135/><V55/><F134/><W85/><G114/><T80/><D44/><U29/><E64/><V15/><F128/><W50/><G50/><T115/><D115/><U9/><E100/><V116/><F116/><W76/><G5/><T36/><D131/><U30/><E33/><V94/><F41/><W88/><G102/><T40/><D40/><U72/><E53/><V71/><F105/><W43/><G43/><T132/><D132/><U51/><E51/><V10/><F19/><W17/><G17/><T12/><D124/><U6/><E9/><V23/><F34/><W22/><G22/><T90/><D12/><U1/><E1/><V7/><F28/><W42/><G42/><T61/><REACH who="0" step="1"/><D83/><REACH who="0" ten="240,250,250,250" step="2"/><U78/><AGARI ba="0,1" hai="6,11,14,29,30,72,78,82,104,106,107" m="42057" machi="78" ten="40,1500,0" yaku="14,1" doraHai="68" who="1" fromWho="1" sc="240,-7,250,25,250,-4,250,-4" /><INIT seed="1,0,0,0,4,134" ten="233,275,246,246" oya="1" hai0="62,85,6,47,126,54,7,18,12,130,39,132,109" hai1="10,105,67,49,5,97,125,1,52,37,114,75,74" hai2="77,91,82,86,19,69,100,71,111,118,119,116,38" hai3="8,58,20,110,121,29,31,108,73,53,128,99,55"/><U45/><E125/><V16/><F38/><W88/><G121/><T61/><D132/><U27/><E114/><V89/><F111/><N who="3" m="42539" /><G73/><T81/><D109/><U51/><E37/><V115/><F115/><W129/><G8/><N who="0" m="6407" /><D39/><U101/><E67/><V127/><F127/><W23/><G23/><T3/><D130/><N who="3" m="50281" /><G20/><T87/><D3/><U56/><REACH who="1" step="1"/><E27/><REACH who="1" ten="233,265,246,246" step="2"/><V124/><F124/><W102/><G53/><AGARI ba="0,1" hai="1,5,10,45,49,51,52,53,56,74,75,97,101,105" machi="53" ten="30,11600,0" yaku="1,1,2,1,7,1,54,1,53,0" doraHai="134" doraHaiUra="60" who="1" fromWho="3" sc="233,0,265,126,246,0,246,-116" /><INIT seed="1,1,0,2,5,117" ten="233,391,246,130" oya="1" hai0="130,54,78,122,62,1,30,86,96,64,42,56,94" hai1="73,37,23,70,38,114,19,39,97,55,98,92,102" hai2="8,66,74,113,103,101,57,100,34,129,18,26,123" hai3="58,63,133,84,52,93,36,2,80,33,90,112,88"/><U6/><E114/><V24/><F74/><W75/><G112/><T15/><D1/><U17/><E73/><V14/><F113/><W109/><G109/><T99/><D130/><U40/><E70/><V87/><F129/><W59/><G133/><T20/><D42/><U89/><E6/><V61/><F34/><W27/><G2/><T77/><D122/><U116/><E116/><V67/><F123/><W65/><G36/><T12/><D99/><U9/><E9/><V119/><F119/><W7/><G7/><T41/><D41/><U45/><E55/><V72/><F72/><W22/><G33/><T124/><D54/><U71/><E71/><V111/><F111/><W76/><G90/><T29/><D124/><U85/><E98/><V79/><F67/><W108/><G108/><T121/><D121/><U132/><E132/><V44/><F44/><W35/><G35/><T110/><D110/><U10/><E10/><V13/><F13/><N who="0" m="5194" /><D86/><U126/><E126/><V5/><F5/><W3/><G3/><T21/><D21/><U32/><E32/><V118/><F118/><W47/><G47/><T125/><D125/><U31/><E31/><N who="0" m="11785" /><D20/><U134/><E134/><V60/><F60/><W120/><G120/><T115/><D115/><U131/><E131/><V83/><AGARI ba="1,0" hai="8,14,18,24,26,57,61,66,79,83,87,100,101,103" machi="83" ten="30,2000,0" yaku="0,1,8,1" doraHai="117" who="2" fromWho="2" sc="233,-6,391,-11,246,23,130,-6" /><INIT seed="2,0,0,3,2,117" ten="227,380,269,124" oya="2" hai0="59,86,25,34,126,84,0,93,65,115,1,95,60" hai1="10,30,23,78,91,123,22,107,135,85,124,71,5" hai2="94,127,79,103,13,111,45,57,24,100,7,106,119" hai3="31,110,81,58,121,54,87,108,128,55,116,8,64"/><V20/><F119/><W50/><G116/><T118/><D118/><U39/><E107/><V97/><F127/><W53/><G128/><T77/><D115/><U26/><E39/><V4/><F111/><N who="3" m="42539" /><G31/><T82/><D126/><U15/><E124/><V80/><F106/><W62/><G8/><T46/><D34/><U48/><E71/><V73/><F103/><W41/><G87/><T42/><D25/><U70/><E123/><V12/><F45/><N who="3" m="25903" /><G81/><T9/><D86/><U134/><E70/><V29/><F13/><W6/><G6/><T40/><D40/><U104/><E104/><V105/><F105/><W11/><G11/><T14/><D0/><U68/><E68/><V61/><REACH who="2" step="1"/><F12/><REACH who="2" ten="227,380,259,124" step="2"/><W120/><AGARI ba="0,1" hai="53,54,55,58,62,64,120,121" m="25903,42539" machi="120" ten="40,8000,1" yaku="14,1,34,2,52,2" doraHai="117" who="3" fromWho="3" sc="227,-20,380,-20,259,-40,124,90" /><INIT seed="3,0,0,2,3,127" ten="207,360,219,214" oya="3" hai0="45,92,47,56,135,8,78,59,7,116,54,19,42" hai1="50,120,20,30,14,46,40,52,67,103,49,9,89" hai2="62,104,133,86,3,66,113,112,51,72,15,0,74" hai3="68,80,57,38,121,27,101,109,24,105,132,134,17"/><W87/><G68/><T95/><D135/><N who="3" m="51753" /><G121/><T64/><D116/><U102/><E120/><V77/><F51/><W75/><G75/><N who="2" m="28713" /><F15/><W33/><G38/><T81/><D19/><N who="1" m="8655" /><E67/><V25/><F86/><W34/><G57/><N who="0" m="22091" /><D64/><U5/><E5/><V48/><F48/><W26/><G17/><T71/><D71/><U4/><E4/><V70/><F77/><N who="3" m="46479" /><G109/><T63/><D63/><U128/><E128/><V13/><F13/><W16/><G16/><T29/><D29/><U96/><E89/><V107/><F25/><N who="3" m="6403" /><W97/><AGARI ba="0,0" hai="33,34,97,101,105" m="6403,46479,51753" machi="97" ten="40,3900,0" yaku="4,1,20,1" doraHai="127" who="3" fromWho="3" sc="207,-13,360,-13,219,-13,214,39" /><INIT seed="3,1,0,4,3,114" ten="194,347,206,253" oya="3" hai0="62,134,129,15,82,42,100,126,88,101,49,56,120" hai1="122,111,14,44,113,106,27,110,6,84,32,22,5" hai2="121,67,31,112,102,46,2,135,124,94,12,35,1" hai3="53,37,30,16,133,131,72,73,95,108,45,43,23"/><W97/><G131/><T132/><D120/><U69/><E122/><V36/><F121/><W47/><G133/><N who="0" m="51307" /><D129/><U90/><E113/><V78/><F135/><W33/><G30/><T66/><D126/><U98/><E69/><V76/><F112/><W11/><G11/><T89/><D15/><U119/><E119/><V91/><F124/><W79/><G33/><T99/><D82/><N who="1" m="49431" /><E32/><V118/><F118/><W60/><G79/><N who="2" m="30249" /><F31/><W116/><G108/><N who="1" m="41514" /><E14/><V52/><F35/><W10/><G10/><T127/><D127/><U4/><E44/><V87/><F2/><W58/><G47/><N who="0" m="25847" /><D99/><U96/><E106/><V29/><F1/><W50/><G37/><T24/><D24/><U115/><E115/><V17/><F36/><W109/><G109/><T38/><D38/><U19/><AGARI ba="1,0" hai="4,5,6,19,22,27,96,98" m="41514,49431" machi="19" ten="30,1100,0" yaku="14,1" doraHai="114" who="1" fromWho="1" sc="194,-4,347,14,206,-4,253,-6" owari="190,-31.0,361,46.1,202,-19.8,247,4.7" /></mjloggm>