<mjloggm ver="2.3"><GO type="225" lobby="0"/><UN n0="%E6%A0%B9%E5%85%83%E3%81%8B%E3%82%89%E5%90%B9%E3%81%A3%E9%A3%9B%E3%81%B6" n1="%E3%82%B8%E3%83%A3%E3%83%9E%E3%83%BC%E3%83%AB%E3%83%9E%E3%83%AC%E3%83%BC" n2="%33%74%72%65%65" n3="%E8%A8%88%E7%AE%97%E6%A9%9F%E8%87%AA%E7%84%B6" dan="16,17,17,17" rate="2153.24,2189.40,2184.80,2213.32" sx="F,M,F,M"/><TAIKYOKU oya="0"/><INIT seed="0,0,0,2,2,80" ten="250,250,250,250" oya="0" hai0="119,3,99,70,11,91,103,10,127,73,50,49,18" hai1="89,31,4,37,74,34,105,123,75,1,131,90,6" hai2="81,60,118,101,27,76,72,28,129,57,68,135,102" hai3="40,26,115,41,114,98,64,108,47,56,88,78,29"/><T23/><D119/><U116/><E116/><V96/><F118/><W113/><G108/><T30/><D127/><U124/><E123/><V32/><F135/><W2/><G2/><T8/><D3/><U109/><E1/><V5/><F129/><W7/><G7/><T134/><D134/><U15/><E15/><V45/><F5/><W121/><G78/><T69/><D73/><U52/><E105/><V55/><F68/><W20/><G121/><T87/><D30/><U93/><E31/><V43/><REACH who="2" step="1"/><F96/><REACH who="2" ten="250,250,240,250" step="2"/><W77/><G98/><T36/><D70/><U58/><E131/><V95/><F95/><W53/><G113/><T54/><D69/><U13/><E93/><V17/><F17/><W48/><G114/><T86/><D18/><U59/><E6/><V66/><F66/><W67/><G64/><T107/><D99/><U33/><E4/><V94/><F94/><W126/><G115/><T83/><D107/><U14/><E124/><V22/><F22/><W122/><G126/><T120/><D23/><U46/><E34/><V63/><F63/><N who="3" m="38375" /><G122/><T128/><D120/><U125/><E33/><V111/><F111/><W51/><G20/><T132/><D128/><U0/><E125/><V61/><F61/><W35/><G35/><T85/><D132/><U25/><E0/><V97/><F97/><W62/><G62/><T82/><D8/><U44/><E109/><V92/><F92/><W39/><G29/><T106/><D10/><U65/><E65/><V130/><F130/><W133/><G133/><T12/><D11/><U104/><E104/><V24/><F24/><RYUUKYOKU ba="0,1" sc="250,-10,250,-10,240,30,250,-10" hai2="27,28,32,43,45,55,57,60,72,76,81,101,102" /><INIT seed="1,1,1,5,1,36" ten="240,240,270,240" oya="1" hai0="31,117,29,40,76,81,88,77,109,78,132,102,58" hai1="92,3,125,65,95,12,10,24,129,20,79,33,45" hai2="124,43,32,93,38,54,80,28,103,55,63,25,4" hai3="60,39,46,121,68,72,96,111,73,123,41,51,21"/><U14/><E33/><V130/><F130/><W116/><G111/><T67/><D117/><U133/><E129/><V64/><F124/><W114/><G114/><T135/><D109/><U98/><E125/><V19/><F4/><W126/><G126/><T22/><D102/><U8/><E133/><N who="0" m="51273" /><D40/><U85/><E65/><V89/><F103/><W37/><G21/><T47/><D47/><U83/><E45/><V6/><F80/><W97/><G116/><T18/><D58/><U112/><E3/><V69/><F6/><W30/><G30/><N who="0" m="11275" /><D67/><U49/><E49/><V44/><REACH who="2" step="1"/><F19/><REACH who="2" ten="240,240,260,240" step="2"/><W108/><G108/><T91/><D81/><U105/><E112/><V27/><F27/><AGARI ba="1,2" hai="18,22,27,76,77,78,88,91" m="11275,51273" machi="27" ten="30,2000,0" yaku="20,1,54,1" doraHai="36" who="0" fromWho="2" sc="240,43,240,0,260,-23,240,0" /><INIT seed="2,0,0,4,5,115" ten="283,240,237,240" oya="2" hai0="5,95,72,20,1,105,73,35,87,131,49,14,127" hai1="38,82,96,24,51,50,26,99,103,92,41,7,45" hai2="112,126,28,11,114,37,44,13,53,125,78,97,74" hai3="76,101,98,94,102,84,121,2,81,120,16,88,48"/><V63/><F28/><W6/><G2/><T108/><D105/><U40/><E7/><V0/><F0/><W52/><G6/><T9/><D108/><U55/><E38/><V12/><F97/><W18/><G120/><T21/><D127/><N who="2" m="48650" /><F78/><W29/><G29/><T25/><D131/><U90/><E40/><N who="2" m="22543" /><F74/><W79/><G121/><T67/><D72/><U58/><REACH who="1" step="1"/><E82/><REACH who="1" ten="283,230,237,240" step="2"/><V69/><F112/><W111/><G111/><T3/><D5/><U31/><E31/><V130/><F114/><W33/><G33/><T59/><D35/><U27/><E27/><V75/><F130/><W85/><G76/><T66/><D25/><U93/><AGARI ba="0,1" hai="24,26,41,45,50,51,55,58,90,92,93,96,99,103" machi="93" ten="20,5200,0" yaku="1,1,0,1,7,1,8,1,53,0" doraHai="115" doraHaiUra="107" who="1" fromWho="1" sc="283,-13,230,62,237,-26,240,-13" /><INIT seed="3,0,0,0,1,29" ten="270,292,211,227" oya="3" hai0="33,1,101,123,81,85,21,135,15,116,69,78,134" hai1="96,90,12,58,70,30,56,22,35,94,19,118,46" hai2="59,40,91,14,125,74,49,32,2,38,17,37,111" hai3="130,8,92,31,41,126,131,86,128,98,34,20,47"/><W57/><G126/><T16/><D116/><U88/><E70/><V61/><F125/><W102/><G20/><T97/><D69/><U23/><E118/><V75/><F2/><W113/><G113/><T109/><D1/><U54/><E35/><V45/><F32/><W43/><G57/><N who="1" m="22122" /><E54/><V11/><F111/><W115/><G115/><T51/><D109/><U24/><E46/><V64/><REACH who="2" step="1"/><F91/><AGARI ba="0,0" hai="12,19,22,23,24,30,88,90,91,94,96" m="22122" machi="91" ten="30,2000,0" yaku="8,1,54,1" doraHai="29" who="1" fromWho="2" sc="270,0,292,20,211,-20,227,0" owari="270,7.0,312,41.2,191,-30.9,227,-17.3" /></mjloggm>