<mjloggm ver="2.3"><GO type="225" lobby="0"/><UN n0="%E3%81%8F%E3%82%8A%E3%83%94%E3%83%BC" n1="%72%69%6F%75%63%68%61%6E" n2="%E3%81%8F%E3%81%BE%E3%81%96%E3%82%8F" n3="%E3%81%82%E3%83%BC%E3%81%97" dan="16,17,16,16" rate="2116.44,2293.62,2057.03,2105.20" sx="M,M,M,M"/><TAIKYOKU oya="0"/><INIT seed="0,0,0,3,1,2" ten="250,250,250,250" oya="0" hai0="37,109,111,120,103,15,75,34,21,85,124,30,45" hai1="28,38,74,89,100,63,92,83,70,33,27,39,98" hai2="121,119,134,94,29,48,78,20,101,6,65,108,99" hai3="4,41,11,104,96,71,95,26,49,114,55,133,51"/><T118/><D118/><U12/><E12/><V53/><F121/><W90/><G114/><T129/><D120/><U19/><E19/><V112/><F112/><W91/><G133/><T123/><D123/><U57/><E70/><V93/><F134/><W0/><G71/><T58/><D75/><U43/><E43/><V13/><F108/><N who="0" m="41546" /><D129/><U72/><E72/><V106/><F119/><W24/><G104/><T66/><D124/><U32/><E33/><V60/><F78/><W35/><G35/><T10/><D103/><U50/><E50/><V105/><F94/><W87/><G41/><N who="0" m="22703" /><D34/><U16/><E16/><V107/><F29/><W52/><G51/><T110/><N who="0" m="41554" /><T77/><DORA hai="22" /><D58/><U122/><E122/><V25/><F107/><W31/><G31/><T128/><D66/><U69/><E69/><V23/><F65/><W115/><G115/><T46/><D46/><U86/><REACH who="1" step="1"/><E74/><REACH who="1" ten="250,240,250,250" step="2"/><V127/><F127/><W59/><REACH who="3" step="1"/><G55/><AGARI ba="0,1" hai="27,28,32,38,39,55,57,63,83,86,89,92,98,100" machi="55" ten="30,7700,0" yaku="1,1,2,1,7,1,52,1,53,0" doraHai="2,22" doraHaiUra="5,9" who="1" fromWho="3" sc="250,0,240,87,250,0,250,-77" /><INIT seed="1,0,0,1,0,128" ten="250,327,250,173" oya="1" hai0="129,123,4,5,68,20,36,62,33,111,55,21,15" hai1="44,22,124,135,75,95,81,2,56,50,35,91,133" hai2="67,117,105,1,41,18,131,61,84,82,6,110,29" hai3="51,16,11,119,134,96,42,122,49,87,103,100,115"/><U32/><E124/><V72/><F117/><W132/><G122/><T77/><D33/><U27/><E2/><V70/><F110/><W76/><G115/><T73/><D36/><U120/><E120/><V47/><F131/><W59/><G119/><T113/><D113/><U108/><E108/><V112/><F112/><W0/><G76/><T46/><D111/><U69/><E69/><V39/><F105/><W13/><G87/><T12/><D55/><U102/><E102/><V89/><F18/><W114/><G114/><T97/><D46/><U45/><E56/><V63/><F63/><W92/><G0/><T43/><D62/><U98/><E44/><V74/><F29/><W17/><G42/><T25/><D25/><U101/><E101/><V130/><F130/><W48/><G103/><T53/><D53/><N who="1" m="29903" /><E81/><V58/><F70/><W71/><G71/><T14/><D68/><U80/><E80/><V88/><F74/><W66/><REACH who="3" step="1"/><G17/><REACH who="3" ten="250,327,250,163" step="2"/><T116/><D77/><U125/><E75/><V126/><F72/><W10/><G10/><T40/><D73/><U37/><E125/><V106/><F126/><W52/><G52/><T83/><D43/><U86/><E86/><V9/><REACH who="2" step="1"/><F106/><REACH who="2" ten="250,327,240,163" step="2"/><W118/><G118/><T109/><D116/><U8/><E8/><V79/><AGARI ba="0,2" hai="1,6,9,39,41,47,58,61,67,79,82,84,88,89" machi="79" ten="20,12000,2" yaku="1,1,2,1,0,1,7,1,54,1,53,1" doraHai="128" doraHaiUra="60" who="2" fromWho="2" sc="250,-30,327,-60,240,140,163,-30" /><INIT seed="2,0,0,5,1,35" ten="220,267,380,133" oya="2" hai0="116,45,12,130,108,0,34,75,80,74,40,26,67" hai1="101,112,48,30,134,65,77,105,14,17,113,27,52" hai2="11,126,94,31,55,118,7,33,5,82,89,110,64" hai3="79,6,90,19,16,56,20,57,85,28,22,39,8"/><V127/><F118/><W91/><G39/><T2/><D12/><U131/><E131/><V120/><F120/><W102/><G28/><N who="0" m="19735" /><D130/><U53/><E134/><V4/><F64/><W93/><G79/><N who="0" m="44151" /><D116/><U98/><E65/><V62/><F82/><W54/><G102/><T68/><D75/><U103/><E101/><V92/><F110/><W51/><G57/><T60/><D108/><U96/><E98/><V95/><F89/><W25/><G91/><T114/><D114/><U129/><E129/><V21/><F33/><W1/><G22/><T43/><D43/><U125/><E125/><N who="2" m="47627" /><F11/><W63/><REACH who="3" step="1"/><G19/><REACH who="3" ten="220,267,380,123" step="2"/><T13/><D13/><U69/><E77/><V49/><F21/><W59/><G59/><T37/><AGARI ba="0,1" hai="0,2,37,40,45,60,67,68" m="44151,19735" machi="37" ten="30,7900,0" yaku="33,2,52,2" doraHai="35" who="0" fromWho="0" sc="220,89,267,-20,380,-39,123,-20" /><INIT seed="3,0,0,3,5,65" ten="309,247,341,103" oya="3" hai0="2,10,74,49,19,105,44,122,48,72,54,115,16" hai1="3,41,123,134,52,39,46,83,88,107,11,33,78" hai2="102,73,86,55,104,14,1,118,4,50,63,15,40" hai3="68,28,29,24,106,0,34,117,130,129,56,80,113"/><W109/><G117/><T53/><D122/><U9/><E123/><V27/><F73/><W66/><G113/><T96/><D115/><U90/><E33/><V114/><F114/><W22/><G106/><T76/><D2/><U8/><E134/><V13/><F118/><W70/><G0/><T62/><D62/><U135/><E135/><V36/><F27/><N who="3" m="16503" /><G80/><T21/><D10/><U30/><E107/><V127/><F127/><W131/><G109/><T110/><D110/><U71/><E30/><V7/><F104/><W79/><G79/><T103/><D76/><U116/><E116/><V18/><F102/><W17/><G17/><T77/><D77/><U128/><E128/><N who="3" m="32770" /><W121/><DORA hai="119" /><G121/><T95/><D105/><U64/><E3/><V99/><F18/><W45/><G45/><T89/><D103/><U32/><E32/><V59/><F1/><W51/><G51/><T100/><D100/><U101/><E101/><V124/><F50/><W5/><G5/><T112/><D19/><U61/><REACH who="1" step="1"/><E52/><REACH who="1" ten="309,237,341,103" step="2"/><V111/><F55/><W26/><G26/><T97/><D112/><U23/><E23/><V85/><F111/><W132/><G132/><T31/><D54/><U47/><E47/><V57/><F124/><W94/><G94/><T42/><D53/><U126/><E126/><V120/><F120/><W37/><G37/><T12/><D95/><U93/><E93/><V87/><F36/><W38/><G38/><T81/><D44/><U125/><E125/><V43/><F40/><W84/><G84/><AGARI ba="0,1" hai="8,9,11,39,41,46,61,64,71,78,83,84,88,90" machi="84" ten="40,12000,2" yaku="1,1,52,1,54,1,53,3" doraHai="65,119" doraHaiUra="98,6" who="1" fromWho="3" sc="309,0,237,130,341,0,103,-120" owari="309,-9.1,367,46.7,341,14.1,-17,-51.7" /></mjloggm>