<mjloggm ver="2.3"><GO type="225" lobby="0"/><UN n0="%E5%B8%86%E7%AB%8B%E5%A4%8F%E8%A1%A3" n1="%54%4F%52" n2="%E7%90%B4%E6%9F%B3" n3="%E3%81%99%E3%81%84%E3%81%BE%E3%81%9B%E3%83%BC%E3%82%93" dan="16,17,16,16" rate="2105.47,2237.29,2112.66,2135.55" sx="M,M,F,M"/><TAIKYOKU oya="0"/><INIT seed="0,0,0,3,1,99" ten="250,250,250,250" oya="0" hai0="6,110,60,36,94,78,8,121,91,32,102,104,66" hai1="71,130,39,111,43,90,33,80,98,131,59,24,30" hai2="93,77,86,79,45,75,16,88,11,61,128,18,63" hai3="4,47,105,34,85,5,126,0,20,23,108,27,107"/><T92/><D121/><U76/><E71/><V22/><F128/><N who="1" m="49193" /><E111/><V127/><F127/><W134/><G108/><T100/><D110/><U19/><E19/><V62/><F75/><W1/><G126/><T2/><D104/><U14/><E14/><N who="2" m="7263" /><F45/><W44/><G85/><T112/><D112/><U13/><E13/><AGARI ba="0,0" hai="13,18,22,61,62,63,77,79,86,88,93" m="7263" machi="13" ten="30,3900,0" yaku="8,1,54,2" doraHai="99" who="2" fromWho="1" sc="250,0,250,-39,250,39,250,0" /><INIT seed="1,0,0,5,5,5" ten="250,211,289,250" oya="1" hai0="125,74,110,94,113,119,95,12,82,58,106,2,19" hai1="91,23,121,71,1,64,55,51,109,72,79,90,104" hai2="103,123,22,11,49,10,52,84,4,85,124,120,36" hai3="98,6,37,129,68,40,0,21,114,67,118,26,60"/><U43/><E121/><V75/><F75/><W65/><G114/><T9/><D113/><U50/><E104/><V14/><F36/><W47/><G129/><T117/><D106/><U38/><E38/><V34/><F34/><W62/><G118/><T54/><D110/><U89/><E109/><V59/><F124/><W35/><G98/><T16/><D125/><U3/><E71/><V130/><F130/><W128/><G128/><T66/><D2/><U127/><E64/><V92/><F123/><W24/><G35/><T77/><D66/><U112/><E112/><V93/><F120/><W48/><G37/><T29/><D29/><U33/><E33/><V105/><F105/><W135/><G135/><T41/><D41/><U100/><E100/><V133/><F133/><W134/><G21/><T99/><D19/><U131/><E131/><V44/><F22/><W108/><G134/><T80/><D80/><U7/><E127/><V8/><F93/><W13/><G0/><T132/><D95/><U86/><E72/><V63/><F85/><W45/><G45/><T96/><D96/><U61/><E61/><V17/><F4/><W88/><G108/><T76/><D76/><U69/><E69/><V25/><F25/><W126/><G88/><N who="0" m="55751" /><D132/><U81/><E7/><V56/><F103/><W70/><REACH who="3" step="1"/><G126/><REACH who="3" ten="250,211,289,240" step="2"/><T78/><D119/><U97/><E97/><V87/><F44/><W83/><G83/><T57/><D117/><U116/><E116/><V30/><F92/><W107/><G107/><T73/><D82/><U15/><E1/><V31/><F31/><W39/><G39/><RYUUKYOKU ba="0,1" sc="250,-10,211,-10,289,-10,240,30" hai3="6,13,24,26,40,47,48,60,62,65,67,68,70" /><INIT seed="2,1,1,5,2,45" ten="240,201,279,270" oya="2" hai0="78,102,124,19,54,35,36,4,23,26,24,103,52" hai1="87,2,86,37,128,121,38,50,33,85,3,48,31" hai2="96,126,66,51,98,120,62,41,82,68,74,34,92" hai3="132,130,16,70,79,0,110,53,11,67,14,12,15"/><V76/><F120/><W135/><G110/><T22/><D124/><U113/><E121/><V129/><F126/><W101/><G130/><T10/><D36/><N who="1" m="13931" /><E128/><V72/><F34/><W112/><G112/><T40/><D40/><U61/><E33/><V108/><F108/><W133/><G79/><T59/><D35/><U9/><E61/><V17/><F129/><W109/><G109/><T39/><D78/><U29/><E9/><V47/><F17/><W80/><G80/><T63/><D54/><U56/><E56/><V21/><F21/><W46/><G101/><T105/><D39/><U42/><E42/><V5/><F5/><N who="3" m="1447" /><G67/><T90/><D90/><U131/><E131/><V57/><F98/><W114/><G70/><T18/><D105/><U134/><E134/><V13/><F13/><AGARI ba="1,1" hai="4,10,13,18,19,22,23,24,26,52,59,63,102,103" machi="13" ten="30,7700,0" yaku="7,1,9,1,8,1,54,1" doraHai="45" who="0" fromWho="2" sc="240,90,201,0,279,-80,270,0" /><INIT seed="3,0,0,2,0,105" ten="330,201,199,270" oya="3" hai0="62,19,123,57,70,16,63,98,29,86,53,58,89" hai1="134,24,80,12,10,55,48,23,60,78,50,116,81" hai2="47,27,32,118,73,101,120,87,36,66,99,111,38" hai3="31,113,115,13,88,26,45,112,91,132,54,1,75"/><W127/><G1/><T69/><D123/><U28/><E134/><V33/><F118/><W41/><G75/><T42/><D42/><U68/><E116/><V56/><F120/><W77/><G77/><T5/><D5/><N who="1" m="3151" /><E68/><V102/><F111/><W95/><G132/><T128/><D98/><U85/><E81/><V8/><F73/><W21/><G127/><T72/><D29/><U61/><E48/><V106/><F102/><W51/><G13/><T17/><D72/><U92/><E92/><V71/><F71/><W109/><G109/><T93/><D128/><U129/><E129/><V110/><F110/><W133/><G133/><T67/><AGARI ba="0,0" hai="16,17,19,53,57,58,62,63,67,69,70,86,89,93" machi="67" ten="30,2000,0" yaku="0,1,54,1" doraHai="105" who="0" fromWho="0" sc="330,20,201,-5,199,-5,270,-10" owari="350,45.0,196,-20.4,194,-30.6,260,6.0" /></mjloggm>