<mjloggm ver="2.3"><GO type="225" lobby="0"/><UN n0="%E9%97%98%E5%B0%86%E3%81%A0%E3%82%93%E3%81%A7%E3%81%83" n1="%E7%99%BD%E6%97%A5%E9%9B%AA%E8%8F%9C" n2="%6B%69%72%61%64%6F%6B%69" n3="%E3%83%8F%E3%83%B3%E3%83%89%E3%83%A9%E3%83%BC%E3%83%BB%E3%83%AF%E3%83%B3" dan="16,17,16,17" rate="2131.44,2189.18,2103.50,2199.29" sx="M,M,M,M"/><TAIKYOKU oya="0"/><INIT seed="0,0,0,3,4,130" ten="250,250,250,250" oya="0" hai0="129,19,37,64,82,88,28,52,73,31,70,133,61" hai1="127,91,97,33,5,29,100,131,36,60,0,104,15" hai2="79,34,42,84,43,62,32,54,103,47,2,67,115" hai3="80,21,90,49,98,68,46,1,6,105,78,110,83"/><T113/><D113/><U126/><E36/><V38/><F115/><W108/><G68/><T35/><D129/><U25/><E131/><V9/><F42/><W18/><G6/><T92/><D37/><U58/><E0/><V63/><F103/><N who="3" m="62711" /><G90/><T85/><D35/><U96/><E5/><V74/><F84/><W93/><G93/><T81/><D133/><U51/><E15/><V111/><F111/><N who="3" m="42539" /><G78/><T16/><D73/><U114/><E114/><V12/><F54/><N who="3" m="30007" /><G1/><T69/><D69/><U71/><E71/><V30/><F2/><W86/><G86/><T7/><D7/><U123/><E123/><V119/><F79/><W72/><G72/><T75/><D75/><U120/><E120/><V40/><F74/><W11/><G11/><T24/><D52/><U45/><E91/><V125/><F9/><W94/><G94/><T8/><D8/><U22/><E96/><V109/><F109/><W50/><G50/><T128/><D128/><U48/><E48/><V59/><F38/><W53/><G53/><T122/><D122/><U134/><E51/><V121/><F121/><W3/><G3/><T44/><D44/><U26/><E45/><V99/><F47/><W116/><G116/><T102/><D102/><U57/><E100/><V27/><F119/><W101/><G101/><T135/><D24/><AGARI ba="0,0" hai="18,21,24,80,83" m="30007,42539,62711" machi="24" ten="30,1000,0" yaku="14,1" doraHai="130" who="3" fromWho="0" sc="250,-10,250,0,250,0,250,10" /><INIT seed="1,0,0,2,4,107" ten="240,250,250,260" oya="1" hai0="56,101,129,7,111,113,53,88,93,120,78,63,44" hai1="102,71,98,4,68,5,50,9,90,109,106,37,135" hai2="74,0,70,15,24,22,52,92,121,55,132,64,47" hai3="39,83,40,19,86,32,17,27,8,43,133,97,112"/><U128/><E37/><V115/><F0/><W42/><G112/><T76/><D113/><U108/><E135/><V67/><F115/><W117/><G133/><T79/><D111/><N who="1" m="42571" /><E128/><V36/><F121/><W49/><G117/><T118/><D118/><U20/><E20/><V3/><F3/><W85/><G39/><T124/><D129/><U45/><E90/><V96/><F132/><W41/><G32/><T10/><D124/><U89/><E89/><V1/><F1/><W60/><G97/><T105/><D120/><U38/><E38/><V82/><F15/><N who="3" m="7399" /><G60/><T11/><D101/><U33/><E33/><V30/><F36/><W103/><G103/><T21/><D21/><U84/><E84/><V130/><F130/><W69/><G69/><N who="1" m="26698" /><E9/><V125/><F125/><W81/><G86/><T123/><D123/><U134/><E134/><V66/><F70/><W57/><G85/><T34/><D34/><U35/><E35/><V72/><F82/><W16/><G83/><T58/><D10/><U122/><E122/><V14/><F14/><W80/><G80/><T6/><D11/><U114/><E114/><V87/><F87/><W29/><G81/><T104/><D7/><U126/><E126/><V61/><F61/><W99/><N who="3" m="10240" /><DORA hai="23" /><W75/><G99/><N who="0" m="57767" /><D6/><N who="1" m="2667" /><E50/><V12/><F96/><W18/><G49/><N who="0" m="28839" /><D63/><U127/><E127/><V51/><F51/><W26/><G29/><T59/><D79/><U91/><E91/><V54/><F30/><W31/><G31/><T131/><D131/><U46/><AGARI ba="0,0" hai="45,46,98,102,106" m="2667,26698,42571" machi="46" ten="40,3900,0" yaku="14,1,10,1" doraHai="107,23" who="1" fromWho="1" sc="240,-13,250,39,250,-13,260,-13" /><INIT seed="1,1,0,4,0,43" ten="227,289,237,247" oya="1" hai0="20,30,120,94,122,113,41,84,47,53,132,81,76" hai1="79,16,125,44,34,18,72,26,114,106,36,134,31" hai2="15,46,10,2,71,69,90,12,1,98,14,115,83" hai3="89,48,27,13,42,127,24,116,22,52,58,0,75"/><U7/><E114/><V88/><F115/><W19/><G0/><T45/><D113/><U103/><E125/><V87/><F2/><W40/><G127/><T51/><D132/><U104/><E134/><V60/><F60/><W124/><G124/><T29/><D94/><U28/><E7/><V23/><F23/><W100/><G75/><T85/><D85/><U67/><E67/><V110/><F110/><W123/><G123/><N who="0" m="47147" /><D20/><U92/><E31/><V50/><F1/><W102/><G116/><T54/><D54/><U70/><E70/><V105/><F10/><W57/><G89/><T111/><D111/><U93/><E104/><V25/><F25/><N who="3" m="9803" /><G58/><T65/><D65/><U37/><E106/><V3/><F3/><W112/><G112/><T99/><D99/><U4/><E93/><V56/><F56/><W59/><G59/><T126/><D126/><U107/><E107/><V33/><F33/><W77/><G77/><T96/><D96/><U108/><E79/><V66/><F66/><W135/><G135/><T64/><D64/><U63/><E72/><V5/><F5/><W21/><G21/><T35/><D35/><U32/><E4/><V68/><F105/><W73/><G73/><T133/><D133/><U6/><E6/><V121/><F121/><W78/><G78/><T55/><D55/><U17/><E34/><V11/><F11/><W74/><G74/><T9/><D9/><U8/><E8/><V119/><F119/><W62/><G62/><T129/><D129/><U39/><E63/><V101/><F69/><W131/><G131/><T95/><D95/><RYUUKYOKU ba="1,0" sc="227,15,289,-15,237,-15,247,15" hai0="29,30,41,45,47,51,53,76,81,84" hai3="13,19,22,40,42,48,52,57,100,102" /><INIT seed="2,2,0,5,1,129" ten="242,274,222,262" oya="2" hai0="49,17,105,67,12,1,9,77,130,131,26,72,59" hai1="23,112,106,83,45,27,92,133,118,42,64,4,46" hai2="20,134,57,122,125,0,71,96,79,18,116,93,86" hai3="50,113,16,91,100,55,78,76,88,68,104,75,107"/><V22/><F71/><W39/><G39/><T85/><D105/><U48/><E106/><V65/><F116/><W13/><G68/><T28/><D72/><U41/><E112/><V14/><F122/><W82/><G113/><T127/><D127/><U87/><E118/><V121/><F121/><W108/><G108/><T73/><D73/><U126/><E126/><V5/><F125/><W47/><G78/><T119/><D119/><U90/><E133/><V80/><F134/><W110/><G110/><T124/><D124/><U7/><E64/><V30/><F0/><W99/><REACH who="3" step="1"/><G104/><REACH who="3" ten="242,274,222,252" step="2"/><T61/><D77/><U51/><E83/><V44/><F5/><W109/><G109/><T10/><D130/><U21/><E21/><AGARI ba="2,1" hai="13,16,21,47,50,55,75,76,82,88,91,99,100,107" machi="21" ten="30,7700,0" yaku="1,1,7,1,54,2,53,0" doraHai="129" doraHaiUra="60" who="3" fromWho="1" sc="242,0,274,-83,222,0,252,93" /><INIT seed="3,0,0,2,3,81" ten="242,191,222,345" oya="3" hai0="9,18,13,93,78,62,129,105,45,126,130,95,85" hai1="0,49,100,22,25,69,97,54,56,59,41,89,120" hai2="14,27,26,40,108,92,57,53,36,29,106,12,88" hai3="91,65,28,114,101,6,19,2,72,121,11,113,77"/><W110/><G121/><T5/><D105/><U71/><E120/><V127/><F106/><W99/><G28/><T34/><D34/><U39/><E0/><V60/><F108/><W79/><G110/><T107/><D107/><U21/><E89/><V55/><F36/><W96/><G65/><T64/><D126/><U15/><E39/><V31/><F40/><W37/><G37/><T102/><D102/><U52/><E41/><V122/><F127/><W80/><G77/><T112/><D112/><U87/><E87/><N who="2" m="52255" /><F122/><W30/><G30/><N who="2" m="11273" /><F53/><W133/><G72/><T73/><D73/><U84/><E84/><V90/><F90/><W38/><G91/><T75/><D75/><U83/><E83/><V61/><F61/><W123/><G80/><T46/><D78/><U119/><E119/><V3/><F3/><W16/><G79/><T1/><D85/><U43/><E43/><V47/><F47/><W86/><G38/><T32/><D46/><U24/><E15/><AGARI ba="0,0" hai="12,14,15,26,27,55,57,60" m="11273,52255" machi="15" ten="30,3900,0" yaku="8,1,52,1,54,1" doraHai="81" who="2" fromWho="1" sc="242,0,191,-39,222,39,345,0" owari="242,-15.8,152,-34.8,261,6.1,345,44.5" /></mjloggm>