<mjloggm ver="2.3"><GO type="225" lobby="0"/><UN n0="%4B%2E%32%2E%4B%2E" n1="%E3%81%8C%E3%81%9F" n2="%E7%B4%94%E6%BD%94%E3%83%94%E3%83%A9%E3%83%8B%E3%82%A2" n3="%E6%B4%BE%E9%81%A3%E3%81%AE%E3%82%B8%E3%83%A3%E3%83%83%E3%82%AF" dan="16,17,16,17" rate="2131.21,2134.08,2142.04,2176.98" sx="M,M,M,M"/><TAIKYOKU oya="0"/><INIT seed="0,0,0,4,1,24" ten="250,250,250,250" oya="0" hai0="7,107,87,124,86,63,76,119,12,18,56,15,91" hai1="97,106,79,54,75,36,55,100,23,103,61,31,48" hai2="58,59,131,46,39,6,64,65,4,92,2,41,44" hai3="112,102,69,27,8,133,30,104,98,113,122,66,40"/><T21/><D119/><U96/><E36/><V121/><F121/><W37/><G133/><T0/><D107/><U28/><E61/><V114/><F92/><W94/><G122/><T132/><D0/><U53/><E48/><V95/><F95/><W118/><G118/><T68/><D68/><U32/><E32/><V125/><F39/><W25/><G25/><T70/><D70/><U129/><E129/><V19/><F19/><W35/><G94/><T108/><D124/><U26/><E79/><V111/><F2/><W81/><G81/><N who="0" m="47399" /><D108/><U130/><E75/><V93/><F93/><W14/><G14/><N who="0" m="9431" /><D7/><U134/><E130/><V33/><F33/><W128/><G8/><T89/><D132/><U109/><E109/><V13/><F111/><W29/><G29/><T127/><D127/><U38/><E38/><V1/><F1/><W71/><G128/><T99/><D99/><U101/><E134/><V82/><F82/><W9/><G9/><T90/><D87/><U85/><E85/><V50/><F6/><W117/><G117/><T80/><D80/><U72/><E72/><V126/><F4/><W42/><G42/><T105/><D105/><U43/><E43/><V57/><F41/><W16/><G16/><T84/><D84/><U123/><E123/><V5/><F5/><W78/><G78/><T51/><D51/><U52/><N who="1" m="13312" /><DORA hai="17" /><U11/><E106/><V20/><F131/><W83/><G83/><T74/><D74/><U10/><E28/><V62/><F126/><W47/><G69/><T60/><D60/><AGARI ba="0,0" hai="27,30,35,37,40,47,60,66,71,98,102,104,112,113" machi="60" ten="40,8000,1" yaku="25,2,23,2,52,1" doraHai="24,17" who="3" fromWho="0" sc="250,-80,250,0,250,0,250,80" /><INIT seed="1,0,0,2,2,111" ten="170,250,250,330" oya="1" hai0="110,11,46,107,96,112,67,83,104,17,105,95,78" hai1="45,50,89,40,90,41,106,127,86,113,44,56,52" hai2="5,25,2,66,6,135,71,13,108,65,115,18,88" hai3="118,64,119,72,0,124,9,133,33,81,23,123,102"/><U132/><E106/><V75/><F108/><W35/><G123/><T16/><D110/><U100/><E100/><V24/><F75/><W85/><G72/><T36/><D67/><U101/><E101/><V109/><F109/><W70/><G124/><T20/><D11/><U77/><E127/><V63/><F135/><W128/><G128/><T21/><D36/><U49/><E132/><V8/><F6/><W57/><G70/><T120/><D46/><U19/><E113/><V59/><F115/><W43/><G43/><T76/><D120/><U82/><REACH who="1" step="1"/><E19/><REACH who="1" ten="170,240,250,330" step="2"/><V117/><F117/><W14/><G102/><T47/><D112/><U84/><E84/><V91/><F71/><W37/><G133/><T1/><D107/><U38/><AGARI ba="0,1" hai="38,40,41,44,45,49,50,52,56,77,82,86,89,90" machi="38" ten="20,7800,0" yaku="1,1,0,1,7,1,54,1,53,0" doraHai="111" doraHaiUra="125" who="1" fromWho="1" sc="170,-26,240,88,250,-26,330,-26" /><INIT seed="1,1,0,1,5,53" ten="144,328,224,304" oya="1" hai0="132,34,75,72,27,51,49,19,114,135,10,12,30" hai1="73,9,131,59,119,13,98,22,121,74,43,56,108" hai2="120,58,68,7,69,70,29,67,105,63,112,95,104" hai3="46,110,129,101,42,127,40,60,83,5,64,111,47"/><U15/><E119/><V1/><F120/><W99/><G5/><T8/><D114/><U124/><E121/><V41/><F112/><W103/><G83/><T18/><D12/><U76/><E131/><V82/><F41/><N who="3" m="15979" /><G129/><T39/><D27/><U91/><E124/><V17/><F17/><W37/><G37/><T94/><D94/><N who="1" m="56671" /><E73/><V20/><F20/><W87/><G87/><T57/><D30/><U100/><E74/><V16/><F16/><W133/><G127/><T71/><D71/><U117/><E117/><V122/><F29/><W96/><G133/><T21/><D21/><U79/><E100/><N who="3" m="38474" /><G60/><T92/><D92/><U86/><E108/><N who="3" m="41514" /><G64/><T106/><D39/><U134/><E43/><V3/><F3/><W62/><G62/><T84/><D84/><U126/><E126/><V116/><F95/><W48/><G48/><T28/><D28/><U54/><E134/><V0/><F0/><W80/><G80/><T97/><D97/><AGARI ba="1,0" hai="46,47,96,97,99" m="41514,38474,15979" machi="97" ten="30,3900,0" yaku="28,2,14,1" doraHai="53" who="3" fromWho="0" sc="144,-42,328,0,224,0,304,42" /><INIT seed="2,0,0,5,1,74" ten="102,328,224,346" oya="2" hai0="104,115,35,110,71,6,4,52,19,18,65,98,20" hai1="114,57,126,100,81,76,66,87,108,24,127,93,30" hai2="33,113,116,109,86,42,13,84,67,50,60,21,121" hai3="78,39,25,22,83,130,53,48,37,92,99,40,58"/><V122/><F113/><W103/><G130/><T28/><D110/><U106/><E114/><V132/><F116/><W1/><G1/><T16/><D115/><U85/><E108/><V70/><F109/><W46/><G39/><T111/><D111/><U59/><E106/><V26/><F132/><W63/><G37/><T7/><D35/><U77/><E100/><V9/><F33/><W90/><G103/><T133/><D133/><U88/><E76/><V123/><F42/><W82/><REACH who="3" step="1"/><G78/><REACH who="3" ten="102,328,224,336" step="2"/><T31/><D20/><N who="1" m="15623" /><E66/><V120/><F50/><W72/><G72/><T49/><D104/><U107/><E107/><V0/><F0/><W64/><G64/><T45/><REACH who="0" step="1"/><D98/><REACH who="0" ten="92,328,224,336" step="2"/><U12/><E12/><V38/><F123/><W112/><G112/><T80/><D80/><U131/><E131/><V94/><F122/><W17/><AGARI ba="0,2" hai="17,22,25,40,46,48,53,58,63,82,83,90,92,99" machi="17" ten="20,12000,2" yaku="1,1,0,1,7,1,25,2,8,1,53,0" doraHai="74" doraHaiUra="3" who="3" fromWho="3" sc="92,-30,328,-30,224,-60,336,140" /><INIT seed="3,0,0,0,0,120" ten="62,298,164,476" oya="3" hai0="90,104,106,40,31,133,88,27,57,62,101,114,39" hai1="117,98,1,125,84,118,11,53,26,6,19,28,110" hai2="97,7,68,3,37,17,12,21,105,123,116,13,50" hai3="36,121,130,56,20,14,32,76,51,63,112,16,33"/><W52/><G36/><T107/><D133/><U29/><E53/><V95/><F50/><W70/><G76/><T64/><D114/><U75/><E84/><V111/><F95/><W109/><G112/><T124/><D124/><U48/><E48/><V96/><F96/><W73/><G73/><T46/><D101/><U80/><E98/><V100/><F13/><W79/><G79/><T127/><D127/><U44/><E44/><V126/><F17/><W58/><G70/><T99/><D99/><U135/><E80/><V132/><F21/><W131/><G121/><T87/><D87/><U47/><E47/><V41/><F12/><W35/><G58/><T2/><D2/><U15/><E75/><V92/><F7/><W38/><G38/><T65/><D65/><U71/><E71/><V34/><F41/><W60/><G60/><T85/><D85/><U86/><E86/><V59/><F97/><W113/><G63/><T91/><D91/><U45/><E45/><V103/><F92/><W69/><G69/><T30/><D27/><U74/><E74/><V94/><F94/><W93/><G93/><T24/><REACH who="0" step="1"/><D24/><REACH who="0" ten="52,298,164,476" step="2"/><U108/><E125/><V81/><F103/><W18/><G113/><T9/><D9/><N who="1" m="6639" /><E135/><V67/><F100/><W122/><G122/><T66/><D66/><U4/><E4/><V119/><F67/><W77/><G77/><T5/><D5/><U0/><E0/><V134/><F3/><W23/><G51/><T42/><D42/><U22/><E29/><V55/><F123/><W25/><G52/><T61/><D61/><U78/><E1/><RYUUKYOKU ba="0,1" sc="52,30,298,-10,164,-10,476,-10" hai0="30,31,39,40,46,57,62,64,88,90,104,106,107" owari="82,-41.8,288,8.8,154,-24.6,476,57.6" /></mjloggm>