<mjloggm ver="2.3"><GO type="225" lobby="0"/><UN n0="%33%74%72%65%65" n1="%E8%A8%88%E7%AE%97%E6%A9%9F%E8%87%AA%E7%84%B6" n2="%E5%A4%96%E5%B7%9D%E7%AB%9C%E6%88%90" n3="%E3%81%86%E3%81%A9%E3%82%93%E3%81%93" dan="17,17,16,16" rate="2188.14,2199.70,2111.28,2172.97" sx="F,M,M,M"/><TAIKYOKU oya="0"/><INIT seed="0,0,0,3,2,34" ten="250,250,250,250" oya="0" hai0="18,52,121,116,42,79,53,27,108,46,84,112,100" hai1="44,58,47,57,11,4,1,0,55,106,70,21,91" hai2="60,71,95,118,82,41,97,93,132,107,67,30,92" hai3="64,134,62,129,111,35,115,119,61,87,131,83,16"/><T59/><D112/><U26/><E70/><V33/><F41/><W110/><G35/><T39/><D116/><U74/><E106/><V76/><F132/><W77/><G119/><T45/><D121/><U15/><E74/><V5/><F5/><W38/><G115/><T73/><D73/><U12/><E91/><V63/><F63/><W10/><G38/><T114/><D114/><U122/><E122/><V102/><F118/><W29/><G29/><T23/><D108/><N who="3" m="41513" /><G134/><T14/><D100/><U3/><E12/><V66/><F66/><W9/><G62/><T72/><D72/><U125/><E125/><V113/><F113/><W49/><G49/><T117/><D117/><U86/><E86/><V51/><F51/><W80/><G80/><N who="0" m="47135" /><D39/><U127/><E127/><V90/><F82/><W81/><G83/><T85/><D85/><U37/><E55/><N who="0" m="21065" /><D59/><U2/><N who="1" m="0" /><DORA hai="54" /><U69/><E69/><V133/><F76/><W78/><G77/><T32/><D32/><U126/><E126/><V8/><F133/><W109/><N who="3" m="41521" /><W94/><DORA hai="50" /><G94/><T130/><D130/><U135/><E135/><V88/><REACH who="2" step="1"/><F8/><REACH who="2" ten="250,250,240,250" step="2"/><W75/><G9/><N who="0" m="6479" /><D42/><U56/><REACH who="1" step="1"/><E37/><REACH who="1" ten="250,240,240,250" step="2"/><V40/><F40/><W103/><G131/><T22/><D22/><U104/><E104/><V98/><F98/><W17/><G129/><T99/><D99/><U65/><E65/><V96/><F96/><W6/><G64/><T48/><D48/><U36/><E36/><V123/><F123/><W120/><G120/><T101/><D101/><U31/><AGARI ba="0,2" hai="4,11,15,21,26,31,44,47,56,57,58" m="0" machi="31" ten="60,24000,4" yaku="1,1,0,1,52,7,53,3" doraHai="34,54,50" doraHaiUra="89,7,43" who="1" fromWho="1" sc="250,-120,240,260,240,-60,250,-60" /><INIT seed="1,0,0,0,0,49" ten="130,500,180,190" oya="1" hai0="96,126,5,73,3,59,120,89,0,23,114,128,41" hai1="76,98,118,17,62,34,63,50,71,64,91,87,58" hai2="85,52,130,83,133,51,25,90,121,20,99,36,84" hai3="61,129,79,31,45,40,54,101,122,82,106,65,103"/><U110/><E118/><V33/><F121/><W32/><G122/><T93/><D120/><U10/><E34/><V18/><F36/><W44/><G129/><T42/><D114/><U78/><E110/><V92/><F130/><W86/><G106/><T43/><D128/><U97/><E50/><V8/><F133/><W113/><G113/><T131/><D131/><U100/><E17/><V19/><F33/><W27/><G45/><T95/><D126/><U67/><E10/><V12/><REACH who="2" step="1"/><F83/><REACH who="2" ten="130,500,170,190" step="2"/><W39/><G54/><T109/><D109/><U112/><E112/><V4/><F4/><W123/><REACH who="3" step="1"/><G123/><REACH who="3" ten="130,500,170,180" step="2"/><T11/><D5/><U9/><E64/><V111/><F111/><W134/><G134/><T104/><D104/><U80/><E67/><V29/><F29/><W35/><G35/><T6/><D6/><U125/><E125/><V124/><F124/><W14/><G14/><T119/><D0/><U57/><E80/><V37/><F37/><W47/><G47/><AGARI ba="0,2" hai="8,12,18,19,20,25,47,51,52,84,85,90,92,99" machi="47" ten="30,12000,2" yaku="1,1,7,1,8,1,52,1,54,1,53,1" doraHai="49" doraHaiUra="7" who="2" fromWho="3" sc="130,0,500,0,170,140,180,-120" /><INIT seed="2,0,0,2,4,14" ten="130,500,310,60" oya="2" hai0="68,35,29,76,58,112,85,12,127,28,45,78,125" hai1="20,70,106,9,98,52,7,43,80,0,92,42,123" hai2="16,97,49,4,126,135,82,24,95,100,103,55,109" hai3="44,66,114,5,122,1,102,111,90,17,93,25,115"/><V91/><F126/><N who="0" m="48138" /><D112/><U87/><E70/><V89/><F135/><W119/><G122/><T33/><D68/><U51/><E106/><V57/><F4/><W118/><G66/><T60/><D45/><U134/><E20/><N who="2" m="13319" /><F109/><W120/><G102/><T128/><D128/><U69/><E69/><V105/><F105/><W21/><G120/><T37/><D37/><U38/><E38/><V10/><F10/><N who="3" m="2351" /><G44/><T53/><D12/><N who="1" m="5183" /><E134/><V34/><F34/><N who="0" m="12810" /><D85/><AGARI ba="0,0" hai="49,55,57,82,85,89,91,95,97,100,103" m="13319" machi="85" ten="30,5800,0" yaku="8,1,52,1,54,1" doraHai="14" who="2" fromWho="0" sc="130,-58,500,0,310,58,60,0" /><INIT seed="2,1,0,4,3,111" ten="72,500,368,60" oya="2" hai0="47,17,16,18,45,4,78,76,74,48,91,101,87" hai1="127,60,106,113,83,116,21,124,65,42,120,14,125" hai2="103,23,58,8,68,119,94,126,53,84,85,26,6" hai3="20,9,10,49,79,134,28,52,93,59,29,35,40"/><V32/><F119/><W80/><G134/><T92/><D74/><U122/><E116/><V11/><F68/><W27/><G40/><T73/><D73/><U109/><E109/><V19/><F32/><W56/><G35/><T131/><D131/><U46/><E106/><V12/><F126/><W115/><G115/><T132/><D132/><U24/><E14/><V86/><F103/><W33/><G33/><T121/><D121/><N who="1" m="46699" /><E83/><V100/><F100/><W41/><G41/><T51/><D4/><U81/><E81/><V117/><F117/><W64/><G29/><T102/><D102/><U90/><E90/><V1/><F94/><W110/><G110/><T3/><D3/><U2/><E2/><V69/><F69/><W38/><G38/><T15/><D15/><U82/><E82/><V44/><F44/><N who="0" m="16970" /><D101/><U57/><E113/><V104/><F104/><W70/><G70/><T34/><D34/><U89/><E89/><V75/><F75/><W71/><G71/><T54/><D54/><U61/><E61/><V30/><REACH who="2" step="1"/><F84/><REACH who="2" ten="72,500,358,60" step="2"/><N who="3" m="48159" /><G93/><T50/><AGARI ba="1,1" hai="16,17,18,48,50,51,76,78,87,91,92" m="16970" machi="50" ten="40,2700,0" yaku="8,1,54,1" doraHai="111" who="0" fromWho="0" sc="72,40,500,-8,358,-14,60,-8" /><INIT seed="3,0,0,5,3,115" ten="112,492,344,52" oya="3" hai0="126,88,40,117,62,59,43,3,35,25,5,127,67" hai1="4,87,72,22,49,101,50,2,90,91,73,39,36" hai2="89,85,33,112,30,124,52,111,60,104,46,100,116" hai3="56,38,53,61,20,45,54,12,29,15,17,47,10"/><W76/><G38/><T28/><D117/><U55/><E101/><V122/><F116/><W70/><G70/><T81/><D5/><U121/><E22/><V119/><F119/><W48/><G76/><T93/><D81/><U131/><E121/><V68/><F52/><W132/><G132/><T80/><D80/><U37/><E131/><V57/><F57/><W27/><REACH who="3" step="1"/><G15/><REACH who="3" ten="112,492,344,42" step="2"/><T6/><D3/><U102/><E37/><V42/><F68/><W84/><G84/><N who="0" m="52359" /><D6/><U110/><E4/><V51/><F85/><W69/><G69/><T103/><D103/><U94/><E102/><V99/><F100/><W23/><G23/><T9/><D9/><U75/><E2/><V109/><F109/><W26/><G26/><T120/><D120/><U98/><E36/><V82/><F111/><W7/><G7/><T32/><D32/><U130/><E39/><V133/><F122/><W74/><G74/><T31/><D31/><U97/><E110/><V13/><F13/><W41/><G41/><T64/><D43/><U63/><E87/><V8/><F133/><W19/><G19/><T18/><D18/><U86/><E86/><V71/><F8/><W123/><G123/><T96/><D40/><U113/><E72/><V78/><F71/><W34/><G34/><T129/><D129/><U24/><E130/><V11/><F11/><W14/><G14/><T21/><D35/><U125/><E73/><V114/><F33/><W95/><G95/><T135/><D135/><U79/><E75/><V134/><F134/><W105/><G105/><T66/><D96/><U16/><E97/><RYUUKYOKU ba="0,1" sc="112,15,492,-15,344,-15,42,15" hai0="21,25,28,59,62,64,66,67,126,127" hai3="10,12,17,20,27,29,45,47,48,53,54,56,61" /><INIT seed="3,1,1,1,2,33" ten="127,477,329,57" oya="3" hai0="2,28,31,8,32,84,92,23,110,96,64,30,61" hai1="55,66,79,20,119,69,80,52,11,103,131,99,107" hai2="125,75,68,115,1,29,82,90,87,118,81,14,60" hai3="126,9,16,121,53,93,41,18,54,85,122,94,48"/><W24/><G126/><T35/><D110/><U62/><E131/><V15/><F15/><W42/><G85/><T86/><D35/><U135/><E135/><V133/><F14/><W59/><G59/><N who="0" m="36927" /><D2/><U77/><E119/><V65/><F90/><W97/><G48/><T128/><D128/><U70/><E70/><V22/><F22/><W127/><G127/><T117/><D117/><U106/><E106/><V45/><F29/><N who="0" m="11370" /><D8/><U19/><E11/><V39/><F65/><W108/><G9/><T27/><D32/><U109/><E109/><V10/><F10/><W38/><G108/><T116/><D116/><U63/><E63/><V51/><F60/><W78/><G78/><T56/><D56/><U49/><E49/><V76/><F76/><W7/><G97/><T6/><D6/><U89/><E89/><AGARI ba="1,1" hai="23,27,31,84,86,89,92,96" m="11370,36927" machi="89" ten="30,1000,0" yaku="8,1" doraHai="33" who="0" fromWho="1" sc="127,23,477,-13,329,0,57,0" owari="150,-25.0,464,56.4,329,12.9,57,-44.3" /></mjloggm>