<mjloggm ver="2.3"><GO type="225" lobby="0"/><UN n0="%E6%A1%9C%E8%8A%B1%E9%96%83%E3%80%85" n1="%E3%81%B5%E3%81%98%E3%81%8B%E3%81%A4" n2="%E3%81%8B%E3%82%8F%E3%81%A1%E3%82%83%E3%82%93%35%38" n3="%E3%83%99%E3%83%AB%E3%83%A2%E3%83%83%E3%83%88" dan="16,16,16,16" rate="2106.80,2188.50,2166.22,2112.85" sx="M,M,M,M"/><TAIKYOKU oya="0"/><INIT seed="0,0,0,0,4,31" ten="250,250,250,250" oya="0" hai0="21,90,38,62,97,132,124,83,99,33,18,60,94" hai1="73,116,5,84,129,16,123,77,87,26,128,25,48" hai2="2,85,66,89,15,91,59,110,101,61,86,9,114" hai3="65,63,67,47,41,75,1,58,68,92,4,133,70"/><T39/><D124/><U78/><E116/><V0/><F114/><W134/><G75/><T121/><D121/><U52/><E123/><V55/><F110/><W45/><G1/><T113/><D113/><U64/><E5/><V76/><F101/><W40/><G4/><T107/><D132/><N who="3" m="50793" /><G92/><T54/><D33/><U10/><E64/><V120/><F120/><W43/><G67/><T119/><D119/><U50/><E73/><V127/><F127/><W125/><G125/><T81/><D39/><U69/><E69/><AGARI ba="0,0" hai="40,41,43,45,47,58,63,65,68,69,70" m="50793" machi="69" ten="40,5200,0" yaku="20,1,34,2" doraHai="31" who="3" fromWho="1" sc="250,0,250,-52,250,0,250,52" /><INIT seed="1,0,0,4,3,55" ten="250,198,250,302" oya="1" hai0="53,98,118,132,102,9,86,38,20,75,82,67,5" hai1="131,84,57,24,54,56,1,35,34,77,25,99,116" hai2="32,85,124,40,44,89,28,105,101,12,59,100,31" hai3="128,126,113,72,108,121,103,15,3,104,2,78,33"/><U81/><E116/><V115/><F124/><W10/><RYUUKYOKU type="yao9" ba="0,0" sc="250,0,198,0,250,0,302,0" hai3="2,3,10,15,33,72,78,103,104,108,113,121,126,128" /><INIT seed="1,1,0,5,1,62" ten="250,198,250,302" oya="1" hai0="117,88,43,39,78,37,103,54,45,44,22,52,36" hai1="92,82,59,34,77,4,79,111,129,57,15,130,132" hai2="70,56,126,0,131,51,20,96,81,101,74,80,75" hai3="107,32,133,42,25,115,116,63,29,125,113,21,73"/><U1/><E34/><V95/><F70/><W53/><G73/><N who="2" m="27657" /><F51/><W89/><G107/><T27/><D117/><U83/><E1/><V3/><F56/><N who="1" m="21577" /><E4/><V5/><F20/><W12/><G42/><T40/><D78/><N who="1" m="29707" /><E15/><V114/><F5/><W13/><G116/><T134/><D134/><U69/><E69/><V11/><F11/><W91/><G133/><T24/><D103/><U38/><E132/><V65/><F65/><W18/><G125/><T106/><D106/><U86/><E38/><V35/><F35/><W98/><G13/><T23/><D37/><U123/><E123/><V76/><F0/><W19/><G19/><T46/><D46/><U84/><E111/><V124/><F3/><W105/><G105/><T118/><D118/><U41/><E41/><V64/><F64/><W104/><G104/><T2/><D2/><U7/><E7/><V33/><F33/><W121/><G121/><T109/><REACH who="0" step="1"/><D88/><REACH who="0" ten="240,198,250,302" step="2"/><N who="1" m="53271" /><E84/><V6/><F76/><W26/><G91/><T60/><D60/><U17/><E17/><V122/><F122/><W93/><G63/><T66/><D66/><U72/><E72/><V127/><F127/><W10/><G113/><T58/><D58/><U61/><E61/><V9/><F114/><W67/><G115/><T119/><D119/><U94/><E94/><V14/><F126/><W100/><G93/><T90/><D90/><U49/><E49/><V30/><F124/><W8/><G89/><T108/><AGARI ba="1,1" hai="22,23,24,27,36,39,40,43,44,45,52,54,108,109" machi="108" ten="25,8000,1" yaku="1,1,0,1,22,2,54,1,53,0" doraHai="62" doraHaiUra="135" who="0" fromWho="0" sc="240,93,198,-41,250,-21,302,-21" /><INIT seed="2,0,0,5,0,48" ten="333,157,229,281" oya="2" hai0="15,68,61,52,53,12,103,45,129,135,60,86,132" hai1="92,50,97,96,24,43,28,0,31,128,11,123,38" hai2="122,79,41,13,78,94,110,127,30,51,27,56,126" hai3="67,40,77,10,1,113,117,23,112,65,29,109,37"/><V101/><F122/><W5/><G117/><T99/><D129/><U36/><E123/><V55/><F41/><W104/><G104/><T70/><D86/><U57/><E128/><V108/><F13/><N who="0" m="5194" /><D45/><U58/><E0/><V81/><F94/><W33/><G77/><T32/><D32/><U93/><E11/><V35/><F101/><W75/><G75/><T20/><D20/><U7/><E50/><V120/><F120/><W34/><G109/><N who="2" m="42089" /><F79/><W6/><G6/><T121/><D121/><U2/><E43/><V133/><F133/><N who="0" m="51274" /><D61/><U91/><E2/><V82/><F82/><W114/><G40/><T131/><D131/><U85/><E85/><AGARI ba="0,0" hai="27,30,35,51,55,56,78,81,85,126,127" m="42089" machi="85" ten="30,5800,0" yaku="14,1,10,1,52,1" doraHai="48" who="2" fromWho="1" sc="333,0,157,-58,229,58,281,0" /><INIT seed="2,1,0,2,4,69" ten="333,99,287,281" oya="2" hai0="101,95,15,75,88,70,14,34,67,103,40,6,120" hai1="96,0,97,53,58,73,114,86,20,123,39,45,90" hai2="55,111,37,122,108,65,121,24,117,10,35,52,71" hai3="83,91,84,80,112,132,17,4,28,60,38,118,63"/><V19/><F35/><W16/><G118/><T107/><D120/><U50/><E114/><V113/><F113/><W72/><G112/><T131/><D75/><U106/><E123/><N who="2" m="47115" /><F24/><W92/><G28/><T133/><D107/><U105/><E73/><V116/><F19/><W56/><G4/><T125/><D40/><U115/><E0/><V57/><F10/><W32/><G32/><T31/><D15/><U78/><E78/><V119/><F37/><W100/><G132/><T126/><D133/><U87/><E115/><V54/><F71/><W129/><G129/><T134/><D67/><U30/><E87/><V46/><F46/><W3/><G3/><T76/><D76/><U43/><E106/><V130/><F130/><W64/><G38/><T128/><D70/><U104/><E104/><V41/><F41/><W94/><G72/><T12/><D134/><U59/><E59/><V89/><F89/><W9/><G63/><AGARI ba="1,0" hai="52,54,55,57,63,65,108,111,116,117,119" m="47115" machi="63" ten="50,9600,0" yaku="34,2,54,1" doraHai="69" who="2" fromWho="3" sc="333,0,99,0,287,99,281,-99" /><INIT seed="2,2,0,0,2,5" ten="333,99,386,182" oya="2" hai0="85,108,77,47,32,3,62,109,103,53,87,22,30" hai1="65,116,25,44,28,112,93,48,119,102,92,24,52" hai2="90,135,61,15,29,96,6,26,80,81,73,98,0" hai3="51,50,38,17,94,1,13,64,7,67,124,23,40"/><V121/><F121/><W54/><G38/><T60/><D32/><U128/><E112/><V122/><F122/><W76/><G76/><T126/><D126/><U63/><E128/><V100/><F0/><W101/><G124/><T19/><D30/><U88/><E102/><V130/><F130/><W86/><G40/><T69/><D103/><U114/><E93/><V45/><F135/><W42/><G42/><T8/><D47/><U39/><E39/><V27/><F61/><W12/><G1/><T46/><D46/><U10/><E114/><V74/><F45/><W49/><G54/><T9/><D3/><U43/><E43/><V106/><F6/><W123/><G123/><T97/><D97/><U56/><E24/><V91/><F15/><W118/><G118/><T84/><D77/><U95/><E95/><N who="2" m="56439" /><F26/><W18/><G7/><T132/><D132/><U33/><REACH who="1" step="1"/><E10/><REACH who="1" ten="333,89,386,182" step="2"/><N who="0" m="4201" /><D69/><U133/><E133/><V113/><F113/><W31/><G101/><T110/><D53/><U71/><E71/><V79/><F27/><AGARI ba="2,1" hai="19,22,27,60,62,84,85,87,108,109,110" m="4201" machi="27" ten="40,8000,1" yaku="14,1,52,3" doraHai="5" who="0" fromWho="2" sc="333,96,89,0,386,-86,182,0" /><INIT seed="3,0,0,4,4,57" ten="429,89,300,182" oya="3" hai0="51,4,61,60,13,105,25,55,77,7,71,99,65" hai1="87,121,63,38,89,114,88,15,35,109,69,85,135" hai2="124,125,86,126,82,118,23,19,92,17,132,116,93" hai3="108,62,32,98,76,30,10,29,40,45,64,27,122"/><W54/><G122/><T53/><D77/><U73/><E121/><V94/><F132/><W0/><G76/><T106/><D61/><U66/><E114/><V46/><F46/><W134/><G134/><T130/><D130/><U33/><E135/><V5/><F5/><W102/><G30/><T39/><D39/><U107/><E109/><V21/><F86/><W9/><G0/><T70/><D70/><U78/><E107/><V68/><F82/><W112/><G54/><T101/><D105/><U20/><E38/><V133/><F68/><W129/><G129/><T56/><D13/><U79/><E73/><V72/><F72/><W48/><G108/><T47/><D25/><U104/><E104/><V110/><F110/><W80/><G80/><T97/><D97/><U37/><E37/><V95/><N who="2" m="23552" /><DORA hai="34" /><V117/><REACH who="2" step="1"/><F133/><REACH who="2" ten="429,89,290,182" step="2"/><W83/><G83/><T127/><D4/><U123/><E123/><V90/><F90/><W18/><G112/><T11/><D7/><U84/><E35/><V42/><F42/><W3/><G40/><T120/><D47/><U119/><E33/><V91/><F91/><W111/><G45/><T131/><D71/><U52/><E119/><V67/><F67/><W36/><G64/><T75/><D65/><U22/><E69/><V28/><F28/><W50/><G29/><T26/><D75/><U43/><E43/><V59/><F59/><W16/><G111/><T14/><D56/><N who="1" m="35207" /><E66/><V2/><F2/><W128/><G128/><T44/><D131/><U12/><E79/><V100/><F100/><W6/><G102/><T41/><D101/><RYUUKYOKU ba="0,1" sc="429,-10,89,-10,290,30,182,-10" hai2="17,19,21,23,116,117,118,124,125,126" owari="429,52.9,79,-42.1,320,12.0,172,-22.8" /></mjloggm>