<mjloggm ver="2.3"><GO type="225" lobby="0"/><UN n0="%53%61%63%68%69%30%34" n1="%72%61%6B%33" n2="%E6%97%A5%E6%9B%9C%E6%97%A5%E3%82%88%E3%82%8A%E3%81%AE%E4%BD%BF%E8%80%85" n3="%E5%A4%96%E5%B7%9D%E7%AB%9C%E6%88%90" dan="16,18,18,16" rate="2075.04,2256.18,2190.17,2224.13" sx="M,M,M,M"/><TAIKYOKU oya="0"/><INIT seed="0,0,0,3,4,66" ten="250,250,250,250" oya="0" hai0="126,81,68,99,54,61,26,104,135,108,55,28,96" hai1="43,93,74,131,77,9,95,12,10,23,100,129,31" hai2="118,83,62,133,127,80,33,56,45,71,113,58,41" hai3="87,19,51,50,88,36,112,7,14,103,130,57,78"/><T39/><D39/><U27/><E43/><V119/><F33/><W70/><G70/><T38/><D38/><U85/><E74/><V8/><F8/><W98/><G112/><T21/><D126/><U35/><E100/><V90/><F90/><W40/><G36/><T53/><D135/><U114/><E77/><V84/><F84/><W63/><G78/><T107/><D108/><U15/><E85/><V132/><F83/><W134/><G7/><T37/><D37/><U101/><E101/><V16/><F16/><W65/><G40/><T73/><D73/><U75/><E75/><V92/><F92/><N who="3" m="58823" /><G130/><T6/><D81/><U106/><E106/><V3/><F80/><N who="3" m="49255" /><G134/><N who="2" m="51817" /><F3/><W46/><G46/><T13/><D107/><U116/><E114/><V32/><F32/><W111/><G111/><T29/><D104/><U72/><E72/><V79/><F79/><W128/><G128/><T115/><D115/><U86/><E86/><V20/><F113/><W4/><G4/><T48/><D99/><U82/><E82/><V49/><F127/><W123/><G123/><T22/><D96/><U34/><E95/><V102/><F102/><W18/><G18/><T47/><D6/><N who="1" m="3127" /><E93/><V0/><F0/><W42/><G42/><T97/><D97/><U5/><E131/><V122/><F122/><W67/><G67/><N who="0" m="41071" /><D29/><U64/><E129/><V25/><F71/><W121/><G121/><T109/><D109/><U105/><E105/><V117/><F62/><W94/><G94/><T110/><D110/><U1/><E31/><N who="2" m="17831" /><F41/><W60/><G63/><T91/><D91/><U124/><E124/><RYUUKYOKU ba="0,0" sc="250,10,250,-30,250,10,250,10" hai0="13,21,22,26,28,47,48,53,54,55" hai2="45,49,56,58,117,118,119" hai3="14,19,50,51,57,60,65" /><INIT seed="0,1,0,4,3,17" ten="260,220,260,260" oya="0" hai0="36,81,66,113,18,107,121,76,98,3,78,44,34" hai1="25,19,38,129,7,59,108,111,94,105,112,65,28" hai2="74,95,110,35,117,13,49,103,70,82,63,30,85" hai3="88,58,55,131,22,42,15,14,135,0,46,51,109"/><T48/><D113/><U57/><E105/><V33/><F74/><W24/><G0/><T6/><D121/><U128/><E38/><V72/><F72/><W32/><G32/><T91/><D34/><U27/><E94/><V4/><F49/><W12/><G109/><T80/><D36/><U64/><E19/><V40/><F40/><W124/><G124/><T134/><D134/><U86/><E86/><V77/><F30/><N who="3" m="17687" /><G135/><T2/><D66/><N who="1" m="25707" /><E7/><V101/><F63/><N who="3" m="36319" /><G131/><N who="1" m="50250" /><E112/><V123/><F123/><W130/><G130/><T8/><D2/><U39/><E39/><V10/><F110/><N who="1" m="42025" /><E28/><V29/><F29/><W87/><G12/><T52/><D107/><U16/><E25/><V106/><F106/><W5/><G5/><T60/><D6/><U47/><E47/><V21/><F4/><W132/><G132/><T69/><D44/><U92/><E92/><AGARI ba="1,0" hai="14,15,42,46,51,87,88,92" m="36319,17687" machi="92" ten="30,3900,0" yaku="8,1,52,1,54,1" doraHai="17" who="3" fromWho="1" sc="260,0,220,-42,260,0,260,42" /><INIT seed="1,0,0,0,2,132" ten="260,178,260,302" oya="1" hai0="86,7,23,56,0,107,129,15,21,39,102,133,24" hai1="13,34,55,42,59,127,60,104,88,115,112,26,40" hai2="27,61,28,124,41,62,3,95,69,51,99,65,43" hai3="110,6,96,22,4,111,82,71,77,131,67,20,9"/><U91/><E104/><V80/><F3/><W74/><G131/><T92/><D39/><U123/><E123/><V101/><F124/><W130/><G130/><T76/><D0/><U93/><E127/><V2/><F2/><N who="3" m="151" /><G6/><T87/><D107/><U12/><E34/><V29/><F51/><W19/><G96/><T117/><D117/><U17/><E115/><V37/><F37/><W97/><G97/><T49/><D133/><U70/><E70/><V90/><F62/><N who="3" m="40439" /><G19/><T16/><D92/><U109/><E109/><AGARI ba="0,0" hai="20,22,74,77,82,109,110,111" m="40439,151" machi="109" ten="30,1000,0" yaku="14,1" doraHai="132" who="3" fromWho="1" sc="260,0,178,-10,260,0,302,10" /><INIT seed="2,0,0,0,2,61" ten="260,168,260,312" oya="2" hai0="120,130,12,135,16,95,59,17,52,47,67,105,133" hai1="26,39,84,124,68,0,58,100,103,101,109,15,42" hai2="66,118,2,123,56,45,85,63,80,3,22,43,72" hai3="112,128,13,117,94,76,24,35,4,19,53,131,40"/><V14/><F72/><W29/><G117/><T54/><D105/><U9/><E68/><V104/><F104/><W41/><G112/><T11/><D120/><U31/><E109/><V126/><F118/><W1/><G76/><T60/><D130/><N who="3" m="49705" /><G53/><N who="0" m="20587" /><D47/><U129/><E129/><V20/><F123/><W86/><G4/><N who="0" m="3175" /><D95/><U96/><E124/><V114/><F114/><W23/><G1/><T8/><D8/><U36/><E0/><V75/><F75/><W88/><AGARI ba="0,0" hai="13,19,23,24,29,35,40,41,86,88,94" m="49705" machi="88" ten="30,2000,0" yaku="19,1,54,1" doraHai="61" who="3" fromWho="3" sc="260,-5,168,-5,260,-10,312,20" /><INIT seed="3,0,0,2,0,67" ten="255,163,250,332" oya="3" hai0="42,76,112,117,98,71,6,81,64,48,115,131,108" hai1="30,15,56,73,84,114,63,23,28,59,22,38,5" hai2="116,87,122,100,44,57,3,86,12,103,0,130,89" hai3="27,10,97,62,55,46,113,13,29,54,34,128,106"/><W11/><G113/><T94/><D117/><U68/><E114/><N who="0" m="43561" /><D108/><U80/><E38/><V7/><F116/><W123/><G55/><T49/><D131/><U93/><E73/><V135/><F0/><W127/><G13/><T77/><D6/><U120/><E120/><V21/><F3/><W83/><G83/><T9/><D9/><U134/><E134/><V104/><F104/><W40/><G10/><T92/><D92/><U119/><E119/><V36/><F36/><W20/><G20/><T66/><D77/><U18/><E5/><V102/><F130/><W8/><G8/><T31/><D31/><U125/><E125/><V33/><F87/><W52/><G11/><T47/><D49/><U70/><E93/><V78/><F78/><W16/><G16/><T53/><D71/><U41/><E41/><V24/><F33/><W2/><G40/><T14/><D14/><U79/><E56/><V107/><F107/><W75/><G2/><T99/><D53/><U132/><E132/><V51/><F44/><W121/><G46/><T50/><D50/><U74/><E74/><V95/><F122/><W91/><G123/><T129/><D129/><U35/><E35/><V37/><F37/><W45/><G34/><T1/><D1/><U88/><E79/><V32/><F32/><W124/><G128/><T58/><D58/><U101/><E101/><V4/><F57/><W85/><G121/><T60/><D60/><U72/><E72/><V82/><F103/><W96/><G75/><N who="0" m="43167" /><D94/><U65/><E28/><V17/><F135/><W109/><G106/><T26/><D26/><AGARI ba="0,0" hai="15,18,22,23,26,30,59,63,65,68,70,80,84,88" machi="26" ten="40,8000,1" yaku="6,1,52,2,54,1" doraHai="67" who="1" fromWho="0" sc="255,-80,163,80,250,0,332,0" owari="175,-32.5,243,-15.7,250,5.0,332,43.2" /></mjloggm>