<mjloggm ver="2.3"><GO type="225" lobby="0"/><UN n0="%E3%83%A9%E3%83%BC%E3%83%A1%E3%83%B3%E4%BA%94%E9%83%8E" n1="%E9%80%9F%E6%B0%B4%E5%87%9B%E9%A6%99" n2="%E3%81%82%E3%81%B9%E3%81%99%E3%81%91" n3="%E3%83%A9%E3%82%B9%E7%8E%87%EF%BC%93%E5%89%B2" dan="16,16,16,16" rate="2058.89,2132.31,2110.74,2151.82" sx="M,F,M,F"/><TAIKYOKU oya="0"/><INIT seed="0,0,0,1,5,107" ten="250,250,250,250" oya="0" hai0="70,85,60,97,2,53,130,115,18,131,57,36,10" hai1="127,4,24,110,46,86,5,112,44,114,79,72,41" hai2="78,1,117,48,9,13,3,49,104,7,124,88,102" hai3="120,76,75,16,61,11,87,100,73,47,84,56,66"/><T37/><D115/><N who="1" m="44075" /><E110/><V55/><F124/><W108/><G108/><T29/><D70/><U68/><E127/><V83/><F117/><W15/><G120/><T93/><D29/><U23/><E68/><V45/><F49/><W50/><G100/><T59/><D85/><U34/><E34/><V65/><F65/><W26/><G87/><T134/><D59/><U109/><E109/><V38/><F38/><W122/><G122/><T106/><D106/><U71/><E71/><V96/><REACH who="2" step="1"/><F88/><REACH who="2" ten="250,250,240,250" step="2"/><W19/><G84/><AGARI ba="0,1" hai="1,3,7,9,13,45,48,55,78,83,84,96,102,104" machi="84" ten="30,3900,0" yaku="1,1,2,1,7,1,53,0" doraHai="107" doraHaiUra="123" who="2" fromWho="3" sc="250,0,250,0,240,49,250,-39" /><INIT seed="1,0,0,0,3,130" ten="250,250,289,211" oya="1" hai0="54,96,30,91,114,88,64,123,76,105,32,62,56" hai1="59,57,69,1,17,129,7,38,78,118,119,90,70" hai2="18,133,63,68,86,35,73,31,22,95,108,50,98" hai3="10,36,135,6,67,15,58,34,107,126,19,44,20"/><U81/><E38/><V79/><F73/><W0/><G107/><T134/><D114/><U109/><E90/><V51/><F108/><W37/><G126/><T27/><D123/><U48/><E129/><V100/><F35/><W60/><G44/><T61/><D76/><U124/><E124/><V16/><F133/><W2/><G2/><T5/><D5/><U113/><E113/><V21/><F31/><W29/><REACH who="3" step="1"/><G135/><REACH who="3" ten="250,250,289,201" step="2"/><T77/><D134/><U121/><E1/><V47/><F47/><W104/><G104/><T40/><D40/><U4/><E121/><V41/><F41/><W71/><G71/><N who="0" m="42383" /><D77/><U110/><E78/><V127/><F68/><W128/><G128/><T120/><D120/><U94/><E110/><V84/><F79/><W125/><G125/><T53/><D53/><U55/><E109/><V39/><F127/><W85/><G85/><T99/><D99/><U28/><E55/><V101/><F86/><W46/><G46/><T49/><D105/><U65/><E70/><V89/><F84/><W103/><G103/><T8/><D96/><U9/><E69/><V33/><F101/><W14/><G14/><T111/><D111/><U23/><E119/><V26/><F100/><W102/><G102/><T12/><D91/><U42/><E118/><V92/><F89/><W45/><G45/><T80/><D88/><U83/><E94/><V97/><F95/><W74/><G74/><T131/><D131/><U75/><E75/><V112/><F92/><W106/><G106/><T66/><D80/><N who="1" m="30795" /><E42/><V3/><F3/><W13/><G13/><T24/><D12/><RYUUKYOKU ba="0,1" sc="250,-10,250,-10,289,-10,201,30" hai3="0,6,10,15,19,20,29,34,36,37,58,60,67" /><INIT seed="2,1,1,0,3,48" ten="240,240,279,231" oya="2" hai0="67,6,69,76,74,99,123,120,132,10,100,73,21" hai1="75,2,50,18,127,114,107,40,91,9,34,32,52" hai2="28,86,4,44,134,14,23,43,38,124,15,112,128" hai3="42,45,68,103,35,115,111,117,133,72,110,24,12"/><V36/><F112/><W82/><G115/><T78/><D132/><U105/><E75/><V118/><F134/><W90/><G133/><T80/><D21/><U62/><E114/><V113/><F118/><W130/><G68/><T122/><D67/><U125/><E40/><V56/><F113/><W3/><G3/><T96/><D69/><U81/><E62/><V66/><F38/><W27/><G103/><T93/><D10/><U131/><E131/><V98/><F124/><N who="1" m="47689" /><E81/><V87/><F98/><W55/><G35/><N who="1" m="13354" /><E91/><V59/><F128/><W26/><G130/><T65/><D65/><U71/><E71/><V41/><F43/><W109/><G117/><T19/><D80/><U39/><E39/><V83/><F66/><W119/><G119/><T92/><D6/><N who="1" m="1239" /><E18/><V17/><F83/><W63/><G42/><T79/><REACH who="0" step="1"/><D19/><REACH who="0" ten="230,240,279,231" step="2"/><U61/><E61/><V57/><REACH who="2" step="1"/><F28/><REACH who="2" ten="230,240,269,231" step="2"/><W53/><G82/><T104/><D104/><U108/><E108/><V13/><F13/><W121/><G12/><T29/><D29/><U135/><E135/><V106/><F106/><W94/><G111/><T7/><D7/><U46/><AGARI ba="1,3" hai="46,50,52,105,107" m="1239,13354,47689" machi="46" ten="30,4000,0" yaku="18,1,52,1,54,1" doraHai="48" who="1" fromWho="1" sc="230,-11,240,73,269,-21,231,-11" /><INIT seed="3,0,0,5,5,78" ten="219,313,248,220" oya="3" hai0="106,119,91,19,46,115,111,98,103,31,79,25,40" hai1="76,104,96,124,123,13,34,48,47,7,107,37,6" hai2="15,118,86,82,4,89,27,71,3,60,95,116,26" hai3="101,14,49,22,109,38,131,56,97,59,129,43,5"/><W65/><G38/><T130/><D119/><U90/><E34/><V53/><F3/><W0/><G0/><T80/><D111/><U121/><E76/><V28/><F118/><W75/><G75/><T102/><D130/><N who="3" m="49673" /><G65/><T32/><D115/><U120/><E37/><V77/><F71/><W30/><G109/><T133/><D133/><U33/><E33/><V69/><F28/><W12/><G5/><T64/><D64/><U85/><E96/><V100/><F69/><W132/><G132/><T68/><D68/><U127/><E13/><N who="3" m="5226" /><G43/><T88/><D103/><U67/><E67/><V126/><F100/><W51/><G22/><T36/><D19/><U57/><E6/><V112/><F112/><W66/><G30/><T20/><D20/><U23/><E23/><V52/><F126/><W39/><G39/><T9/><D9/><U117/><E7/><V81/><F116/><W11/><G11/><T135/><D135/><U128/><E128/><V125/><F125/><W45/><G66/><T61/><D61/><U72/><E72/><AGARI ba="0,0" hai="25,31,32,36,40,46,72,79,80,88,91,98,102,106" machi="72" ten="30,3900,0" yaku="7,1,52,1,54,1" doraHai="78" who="0" fromWho="1" sc="219,39,313,-39,248,0,220,0" /><INIT seed="4,0,0,4,4,40" ten="258,274,248,220" oya="0" hai0="86,47,66,19,60,13,93,57,81,54,7,9,110" hai1="61,90,125,97,5,53,112,73,35,69,111,133,71" hai2="134,29,72,91,126,46,119,132,87,21,117,99,24" hai3="41,118,123,32,26,25,20,62,92,103,85,107,16"/><T96/><D110/><U102/><E73/><V31/><F72/><W39/><G118/><N who="2" m="45065" /><F99/><W120/><G107/><T18/><D66/><U100/><E35/><V129/><F126/><W27/><G62/><T48/><D86/><U106/><E111/><V108/><F108/><W11/><G32/><T124/><D81/><U28/><E28/><N who="2" m="17423" /><F46/><N who="3" m="23871" /><G11/><T121/><D121/><N who="3" m="46665" /><G85/><T109/><D109/><U84/><E125/><V58/><F129/><W68/><G68/><T59/><D124/><U131/><E131/><V64/><F31/><W89/><G89/><N who="0" m="55343" /><D57/><U135/><E102/><V42/><F29/><W63/><G63/><T38/><D38/><U15/><E71/><V36/><F58/><W1/><G1/><T114/><D114/><U56/><E69/><V104/><F36/><W6/><G6/><T2/><D2/><U67/><E112/><V113/><F104/><W43/><G43/><T82/><D82/><U122/><E122/><V88/><F42/><W12/><G103/><T17/><D7/><U115/><E115/><V83/><F113/><W101/><G101/><T95/><D95/><AGARI ba="0,0" hai="12,16,20,25,26,27,92,95" m="46665,23871" machi="95" ten="30,3900,0" yaku="13,1,52,1,54,1" doraHai="40" who="3" fromWho="0" sc="258,-39,274,0,248,0,220,39" /><INIT seed="5,0,0,4,1,52" ten="219,274,248,259" oya="1" hai0="93,105,21,127,10,115,66,134,76,114,30,22,123" hai1="65,32,94,132,33,40,125,47,25,98,51,109,80" hai2="50,83,77,62,113,104,12,15,91,71,120,92,74" hai3="23,31,60,102,16,67,99,59,131,0,3,108,81"/><U35/><E132/><V64/><F120/><W37/><G108/><T63/><D123/><U106/><E106/><V96/><F113/><N who="0" m="43018" /><D105/><U28/><E109/><V4/><F4/><W72/><G37/><T95/><D127/><U128/><E128/><V38/><F38/><W85/><G72/><T46/><D134/><U6/><E6/><V97/><F97/><W56/><G31/><T48/><D76/><U90/><E125/><V9/><F9/><W101/><G59/><N who="0" m="37247" /><D10/><U24/><E24/><V130/><F130/><W36/><G36/><T20/><D30/><U70/><E70/><V42/><F104/><W129/><G129/><T49/><D49/><U68/><E68/><V124/><F124/><W11/><G131/><T121/><D121/><U133/><E133/><V8/><F8/><W14/><G11/><T55/><AGARI ba="0,0" hai="20,21,22,46,48,55,93,95" m="37247,43018" machi="55" ten="30,2000,0" yaku="15,1,52,1" doraHai="52" who="0" fromWho="0" sc="219,20,274,-10,248,-5,259,-5" /><INIT seed="6,0,0,2,5,59" ten="239,264,243,254" oya="2" hai0="108,77,92,94,90,70,58,4,65,6,53,38,80" hai1="133,115,93,116,117,45,134,99,43,97,7,68,105" hai2="24,28,128,60,119,39,3,13,78,129,20,82,52" hai3="109,127,122,17,62,96,29,110,51,63,54,89,16"/><V120/><F119/><N who="1" m="45641" /><E7/><V95/><F3/><W67/><G122/><T2/><D108/><U34/><E34/><V81/><F120/><W8/><G127/><T61/><D38/><U23/><E23/><V102/><F39/><W0/><G110/><T56/><D2/><U87/><E68/><V26/><F13/><N who="3" m="7207" /><G0/><T22/><D70/><U55/><E55/><V118/><F26/><W46/><G109/><T125/><D125/><U132/><E115/><V41/><F41/><W10/><G67/><T9/><D22/><U83/><E93/><V126/><F126/><W48/><G29/><T85/><D9/><U15/><E15/><V112/><F118/><W50/><G54/><T32/><D32/><U42/><E105/><V123/><F112/><W106/><G106/><T25/><D25/><U66/><E66/><V71/><F71/><W11/><G46/><T69/><D69/><U121/><E121/><V27/><F123/><W79/><G11/><T19/><D19/><U135/><N who="1" m="33792" /><DORA hai="12" /><U84/><E84/><V30/><F27/><W104/><G104/><T5/><REACH who="0" step="1"/><D77/><REACH who="0" ten="229,264,243,254" step="2"/><N who="1" m="46575" /><E42/><V74/><F24/><W103/><G79/><T111/><D111/><U130/><E130/><V98/><F129/><W44/><G10/><T64/><D64/><U40/><E40/><V101/><F128/><W86/><G17/><T21/><D21/><U76/><E76/><N who="2" m="44183" /><F20/><W73/><G44/><T37/><D37/><AGARI ba="0,1" hai="37,43,45,97,99" m="46575,33792,45641" machi="37" ten="60,2000,0" yaku="20,1" doraHai="59,12" who="1" fromWho="0" sc="229,-20,264,30,243,0,254,0" /><INIT seed="7,0,0,2,3,44" ten="209,294,243,254" oya="3" hai0="124,6,120,117,22,72,52,28,92,64,103,102,98" hai1="131,94,0,55,62,46,12,123,34,16,81,95,9" hai2="73,82,30,36,20,5,4,21,1,135,121,119,65" hai3="127,86,110,3,108,132,35,38,66,118,116,31,14"/><W107/><G38/><T48/><D117/><N who="3" m="45161" /><G66/><T23/><D120/><U96/><E34/><V99/><F82/><W88/><G3/><T17/><D72/><U101/><E123/><V83/><F99/><W39/><G39/><T91/><D124/><U74/><E131/><V42/><F83/><N who="3" m="49247" /><G14/><N who="0" m="9527" /><D6/><U15/><E0/><V125/><F5/><W76/><G31/><T24/><D64/><U18/><E74/><V43/><F65/><W41/><G35/><T56/><AGARI ba="0,0" hai="23,24,28,48,52,56,91,92,98,102,103" m="9527" machi="56" ten="30,4000,0" yaku="8,1,52,1,54,1" doraHai="44" who="0" fromWho="0" sc="209,40,294,-10,243,-10,254,-20" owari="249,4.9,284,38.4,233,-26.7,234,-16.6" /></mjloggm>