<mjloggm ver="2.3"><GO type="225" lobby="0"/><UN n0="%E4%BA%BA%E9%96%93%E3%83%81%E3%83%A3%E3%83%BC%E3%83%8F%E3%83%B3" n1="%E3%81%AF%E3%82%88%E3%81%8A%E3%81%98%E3%81%95%E3%82%93" n2="%28%EF%BF%A3%E2%96%BD%EF%BF%A3%29%CE%B4%E2%8C%92%E3%83%BB" n3="%72%69%6F%75%63%68%61%6E" dan="16,17,16,16" rate="2096.44,2173.14,2142.04,2206.52" sx="M,M,M,M"/><TAIKYOKU oya="0"/><INIT seed="0,0,0,0,3,8" ten="250,250,250,250" oya="0" hai0="81,67,134,16,38,62,115,27,20,13,69,112,7" hai1="4,125,94,118,49,130,47,25,109,40,71,75,103" hai2="41,123,107,61,129,11,46,66,98,104,64,45,111" hai3="133,116,70,52,30,29,124,82,50,26,74,84,86"/><T108/><D38/><U31/><E118/><V117/><F123/><W89/><G116/><T48/><D134/><U22/><E109/><V73/><F73/><W17/><G133/><T51/><D108/><U55/><E125/><V37/><F117/><W88/><G124/><T110/><D110/><U32/><E130/><V54/><F111/><W131/><G70/><T42/><D81/><U43/><E71/><V105/><F129/><W10/><G74/><T72/><D72/><U121/><E121/><V135/><F135/><W77/><G131/><T90/><D90/><U57/><E75/><V78/><F78/><W128/><G128/><T33/><D42/><U114/><E114/><V92/><F11/><W119/><G119/><T113/><REACH who="0" step="1"/><D7/><REACH who="0" ten="240,250,250,250" step="2"/><U21/><E4/><V79/><F79/><W53/><G77/><T99/><D99/><U12/><E40/><V120/><F120/><W80/><G53/><T93/><D93/><U23/><E94/><V24/><F92/><W102/><G102/><T83/><D83/><U5/><E103/><V59/><F98/><W3/><G3/><T15/><D15/><U63/><REACH who="1" step="1"/><E5/><REACH who="1" ten="240,240,250,250" step="2"/><V18/><F107/><W1/><G1/><T100/><D100/><U0/><E0/><V44/><F105/><W19/><G82/><T58/><D58/><U39/><E39/><V85/><F104/><W14/><G80/><T96/><D96/><U60/><E60/><V35/><F61/><W87/><G89/><T65/><D65/><U127/><E127/><V28/><F37/><W91/><G91/><T132/><D132/><U34/><E34/><RYUUKYOKU ba="0,2" sc="240,15,240,15,250,-15,250,-15" hai0="13,16,20,27,33,48,51,62,67,69,112,113,115" hai1="12,21,22,23,25,31,32,43,47,49,55,57,63" /><INIT seed="0,1,2,4,5,94" ten="255,255,235,235" oya="0" hai0="130,42,92,49,53,135,74,90,11,14,45,32,70" hai1="72,83,0,34,124,84,26,36,100,85,37,33,65" hai2="110,58,3,51,129,13,76,113,69,117,18,132,67" hai3="118,81,52,131,105,15,127,44,16,50,102,78,128"/><T61/><D130/><N who="3" m="49705" /><G127/><T29/><D135/><U80/><E72/><V47/><F3/><W96/><G118/><T95/><D74/><U79/><E0/><V9/><F129/><W86/><G15/><T109/><D109/><U112/><E124/><V25/><F117/><W101/><G102/><T103/><D103/><U1/><E1/><V82/><F110/><W27/><G27/><T122/><D122/><U6/><E6/><V66/><F132/><W54/><G16/><N who="0" m="8287" /><D32/><U119/><E119/><V73/><F69/><W115/><G115/><T2/><D2/><U7/><E7/><V133/><F133/><W114/><G114/><T5/><D5/><U57/><E112/><V97/><F113/><W20/><G20/><T4/><D4/><U28/><E34/><V98/><F25/><W41/><AGARI ba="1,2" hai="41,44,50,52,54,78,81,86,96,101,105" m="49705" machi="41" ten="30,4000,0" yaku="19,1,52,1,54,1" doraHai="94" who="3" fromWho="3" sc="255,-21,255,-11,235,-11,235,63" /><INIT seed="1,0,0,4,3,53" ten="234,244,224,298" oya="1" hai0="52,45,29,90,128,76,105,125,123,94,2,107,20" hai1="56,26,27,70,22,40,58,31,6,133,111,65,33" hai2="129,79,127,80,25,50,119,86,84,121,11,114,101" hai3="7,57,109,99,28,42,122,59,106,104,41,44,3"/><U110/><E133/><V113/><F25/><W35/><G122/><T118/><D118/><U55/><E40/><V83/><F11/><W67/><G67/><T115/><D115/><N who="2" m="44042" /><F50/><W98/><G35/><T97/><D2/><U81/><E6/><V34/><F34/><W48/><G28/><T131/><D123/><U77/><E55/><V15/><F15/><W46/><G109/><N who="1" m="41482" /><E70/><V82/><F121/><W60/><G60/><T85/><D125/><U63/><E65/><V9/><F9/><W17/><G17/><T54/><D29/><N who="1" m="17623" /><E63/><V134/><F134/><W23/><G23/><T116/><D116/><U51/><E51/><V19/><F119/><W103/><G7/><T12/><D76/><U78/><E77/><N who="2" m="46095" /><F19/><W135/><G3/><T130/><D45/><U1/><E1/><V38/><F38/><W47/><G135/><T73/><D73/><AGARI ba="0,0" hai="27,31,33,56,58,73,78,81" m="17623,41482" machi="73" ten="30,11600,0" yaku="14,1,10,1,52,2" doraHai="53" who="1" fromWho="0" sc="234,-116,244,116,224,0,298,0" /><INIT seed="1,1,0,5,0,26" ten="118,360,224,298" oya="1" hai0="17,116,92,90,55,107,41,24,23,20,60,58,98" hai1="19,14,129,91,103,65,117,29,6,74,52,89,49" hai2="0,18,2,38,87,62,115,13,33,70,126,112,79" hai3="81,82,68,12,8,36,61,40,111,47,118,105,34"/><U133/><E117/><V63/><F38/><W104/><G111/><T100/><D41/><U122/><E122/><V96/><F33/><W16/><G118/><T88/><D116/><U28/><E74/><V114/><F126/><W121/><G121/><T132/><D132/><U44/><E133/><V48/><F96/><W119/><G119/><T32/><D32/><U9/><E129/><V30/><F30/><N who="1" m="11881" /><E65/><N who="2" m="41271" /><F63/><W43/><G40/><T84/><D23/><U59/><E103/><V73/><F48/><W123/><G34/><T77/><D107/><U51/><E19/><V85/><F73/><W56/><G68/><T113/><D113/><U66/><E66/><V39/><F39/><W31/><G31/><T21/><D21/><U50/><E50/><V99/><F2/><W5/><G123/><T108/><D108/><U93/><E93/><V46/><F0/><W35/><G35/><T54/><D54/><AGARI ba="1,0" hai="6,9,14,44,49,51,52,54,59,89,91" m="11881" machi="54" ten="30,12000,1" yaku="8,1,52,3,54,1" doraHai="26" who="1" fromWho="0" sc="118,-123,360,123,224,0,298,0" owari="-5,-50.5,483,58.3,224,-17.6,298,9.8" /></mjloggm>