<mjloggm ver="2.3"><GO type="225" lobby="0"/><UN n0="%E3%83%B4%E3%82%A3%E3%83%AF%E3%82%B3%E3%82%B0%E3%83%8B" n1="%E3%82%B2%E3%82%B9%E8%8C%82%E5%8B%9D" n2="%E6%B4%BE%E9%81%A3%E3%81%AE%E3%82%B8%E3%83%A3%E3%83%83%E3%82%AF" n3="%E5%8D%A0%E3%81%84%E5%B8%AB%E8%A3%8F%E3%81%AA%E3%81%84%E3%81%97" dan="16,16,17,16" rate="2176.69,2049.89,2180.50,2127.77" sx="M,F,M,M"/><TAIKYOKU oya="0"/><INIT seed="0,0,0,2,3,34" ten="250,250,250,250" oya="0" hai0="0,24,86,2,48,42,32,87,46,15,124,65,39" hai1="3,105,51,109,74,75,26,89,41,4,127,111,130" hai2="117,13,93,45,83,114,50,123,100,67,108,36,44" hai3="101,52,99,66,81,90,95,23,10,28,77,121,80"/><T63/><D124/><U64/><E127/><V55/><F114/><W31/><G121/><T76/><D15/><U97/><E130/><V102/><F123/><W17/><G66/><T54/><D32/><U68/><E26/><V131/><F108/><N who="1" m="41545" /><E64/><V120/><F120/><W125/><G125/><T78/><D24/><U62/><E62/><V60/><F131/><W110/><G10/><T79/><D87/><U126/><E68/><V122/><F122/><W16/><G110/><T88/><D39/><U119/><E126/><V128/><F128/><W133/><G133/><T7/><D7/><U61/><E61/><V5/><F117/><W47/><G101/><T22/><D22/><U19/><E119/><V115/><F115/><W94/><G94/><T29/><D29/><N who="3" m="11337" /><G23/><T40/><D40/><U38/><E38/><V71/><F83/><N who="3" m="31819" /><G77/><T25/><D25/><U118/><E118/><V112/><F112/><W8/><G8/><T57/><REACH who="0" step="1"/><D65/><REACH who="0" ten="240,250,250,250" step="2"/><U91/><E19/><V56/><F36/><W14/><G14/><T18/><D18/><U84/><E84/><V58/><F13/><W92/><G92/><AGARI ba="0,1" hai="0,2,42,46,48,54,57,63,76,78,79,86,88,92" machi="92" ten="40,12000,1" yaku="1,1,52,2,54,1,53,0" doraHai="34" doraHaiUra="27" who="0" fromWho="3" sc="240,130,250,0,250,0,250,-120" /><INIT seed="0,1,0,5,2,101" ten="370,250,250,130" oya="0" hai0="60,55,126,9,21,28,19,81,4,109,122,29,26" hai1="135,50,92,100,8,59,24,86,40,25,125,88,18" hai2="112,54,51,20,32,113,63,133,36,39,34,27,14" hai3="107,69,94,65,33,37,41,6,95,5,7,74,80"/><T83/><D122/><U1/><E125/><V73/><F73/><W64/><G33/><T97/><D126/><U57/><E135/><V70/><F14/><W79/><G69/><T98/><D109/><U38/><E100/><V90/><F133/><W110/><G110/><T47/><D28/><U103/><E103/><V10/><F10/><W42/><G37/><T72/><D29/><U58/><E38/><V115/><F39/><W104/><G94/><T16/><D19/><U91/><E91/><V62/><F36/><W67/><REACH who="3" step="1"/><G95/><REACH who="3" ten="370,250,250,120" step="2"/><T78/><D98/><U102/><E102/><V35/><F70/><W11/><G11/><T130/><D97/><U15/><E1/><V48/><F35/><W124/><G124/><T56/><D9/><U66/><E66/><V129/><F34/><W119/><G119/><T30/><D21/><U52/><E40/><AGARI ba="1,1" hai="5,6,7,40,41,42,64,65,67,74,79,80,104,107" machi="40" ten="40,5200,0" yaku="1,1,52,2,53,0" doraHai="101" doraHaiUra="114" who="3" fromWho="1" sc="370,0,250,-55,250,0,120,65" /><INIT seed="1,0,0,4,1,107" ten="370,195,250,185" oya="1" hai0="92,120,126,131,49,99,6,51,69,45,35,114,72" hai1="15,7,4,64,37,79,47,102,28,67,11,115,97" hai2="24,50,71,80,81,22,42,5,91,95,0,90,109" hai3="74,27,60,21,101,100,9,43,78,105,3,8,124"/><U44/><E115/><V55/><F71/><W1/><G124/><T111/><D72/><U36/><E28/><V123/><F123/><W106/><G43/><T112/><D120/><U34/><E34/><V130/><F109/><W110/><G110/><T16/><D111/><U12/><E79/><V86/><F130/><W89/><G89/><T70/><D35/><U104/><E104/><V32/><F32/><W76/><G21/><T40/><D6/><U59/><E97/><V26/><F42/><W84/><G84/><T125/><D131/><U127/><E59/><V82/><F5/><W96/><G60/><T134/><D134/><U93/><E93/><N who="2" m="54487" /><F22/><W116/><G96/><T10/><D51/><U62/><E62/><V87/><F0/><W65/><G65/><T53/><D40/><U33/><E33/><V128/><F128/><W61/><G61/><T75/><D75/><U66/><E102/><V121/><F121/><W98/><G98/><T41/><D41/><U135/><E127/><N who="0" m="48649" /><D114/><U113/><E113/><V48/><F48/><W83/><G83/><N who="2" m="21249" /><V77/><DORA hai="73" /><F77/><W94/><G74/><T129/><D129/><U103/><E103/><V63/><F63/><W23/><G23/><T85/><D112/><U31/><E135/><V108/><F108/><W39/><G39/><T38/><D38/><U17/><E64/><V46/><AGARI ba="0,0" hai="24,26,46,50,55,87,91,95" m="21249,54487" machi="46" ten="30,1100,0" yaku="8,1" doraHai="107,73" who="2" fromWho="2" sc="370,-3,195,-5,250,11,185,-3" /><INIT seed="2,0,0,4,3,57" ten="367,190,261,182" oya="2" hai0="114,34,112,3,26,72,117,1,91,20,135,13,124" hai1="108,60,47,36,82,66,42,126,86,30,110,70,61" hai2="130,92,104,54,134,55,125,53,122,88,94,21,76" hai3="69,41,24,123,111,45,27,132,98,74,73,35,50"/><V127/><F104/><W78/><G123/><T81/><D72/><U65/><E30/><V4/><F122/><W33/><G111/><N who="1" m="42538" /><E86/><V128/><F76/><W7/><G132/><T99/><D135/><U49/><E82/><V62/><F4/><W113/><G113/><T116/><D124/><N who="2" m="47690" /><F94/><W12/><G69/><T105/><D34/><U115/><E126/><V52/><F21/><W8/><G98/><T67/><D67/><U17/><E17/><V101/><F101/><W71/><G71/><T0/><D13/><U6/><E6/><V22/><F22/><W48/><G78/><T59/><D59/><N who="1" m="37023" /><E115/><V10/><F10/><W103/><G103/><N who="0" m="62719" /><D91/><U102/><E102/><V9/><F9/><W131/><G33/><T2/><D2/><U19/><E19/><V85/><F134/><W64/><G35/><T83/><D83/><U77/><E77/><V79/><F79/><W119/><G74/><T5/><D81/><U18/><E18/><V133/><F133/><W46/><G73/><T118/><D5/><U109/><N who="1" m="42546" /><U68/><DORA hai="23" /><E68/><V75/><F75/><W121/><G7/><T31/><AGARI ba="0,0" hai="0,1,3,20,26,31,112,114,116,117,118" m="62719" machi="31" ten="40,2700,0" yaku="12,1,52,1" doraHai="57,23" who="0" fromWho="0" sc="367,27,190,-7,261,-13,182,-7" /><INIT seed="3,0,0,5,4,43" ten="394,183,248,175" oya="3" hai0="42,38,106,120,58,77,135,7,91,4,34,36,67" hai1="93,90,88,119,56,31,64,25,86,44,109,41,40" hai2="29,8,75,27,133,16,15,127,57,11,96,87,117" hai3="32,112,103,5,104,121,55,12,74,84,100,129,115"/><W111/><G121/><T48/><D34/><U85/><E109/><V28/><F75/><W132/><G74/><T51/><D106/><U79/><E119/><V97/><F117/><W54/><G32/><T18/><D42/><U83/><E79/><V78/><F127/><W70/><G70/><T113/><D67/><U30/><E25/><V52/><F133/><W68/><G68/><T24/><D77/><U62/><E40/><V20/><F8/><W19/><G132/><T2/><D91/><U13/><E13/><V26/><F26/><W65/><G111/><T99/><D99/><U9/><E9/><V102/><F102/><N who="3" m="38955" /><G104/><T108/><D2/><U126/><E126/><V101/><F101/><W73/><G73/><T94/><D94/><U21/><E21/><V72/><F29/><W61/><G129/><T98/><D48/><AGARI ba="0,0" hai="30,31,41,44,48,56,62,64,83,85,86,88,90,93" machi="48" ten="30,7700,0" yaku="7,1,8,1,52,1,54,1" doraHai="43" who="1" fromWho="0" sc="394,-77,183,77,248,0,175,0" owari="317,41.7,260,6.0,248,-15.2,175,-32.5" /></mjloggm>