<mjloggm ver="2.3"><GO type="225" lobby="0"/><UN n0="%6D%61%74%69%67%75%73%61" n1="%E6%A1%9C%E8%8A%B1%E9%96%83%E3%80%85" n2="%E6%B8%A9%E2%98%85%E6%83%85%E2%98%85%E6%8E%AA%E2%98%85%E7%BD%AE" n3="%28%EF%BF%A3%E2%96%BD%EF%BF%A3%29%CE%B4%E2%8C%92%E3%83%BB" dan="17,17,17,17" rate="2163.31,2182.94,2152.39,2261.98" sx="M,M,M,M"/><TAIKYOKU oya="0"/><INIT seed="0,0,0,2,3,135" ten="250,250,250,250" oya="0" hai0="55,38,67,16,8,105,31,51,130,87,92,134,49" hai1="28,0,128,83,45,124,127,125,114,54,23,115,112" hai2="4,104,91,126,74,69,84,121,42,100,107,43,18" hai3="76,64,108,132,19,72,123,118,9,78,65,86,62"/><T24/><D38/><U1/><E128/><V2/><F69/><W95/><G132/><T129/><D105/><U61/><E83/><V113/><F121/><W131/><G123/><T73/><D73/><U12/><E61/><V75/><F113/><W50/><G131/><N who="0" m="50187" /><D67/><U70/><E70/><V110/><F18/><W3/><G118/><T98/><D87/><U80/><E80/><N who="2" m="49543" /><F4/><W36/><G36/><T35/><D55/><U44/><E12/><V33/><F2/><N who="1" m="1129" /><E54/><V59/><F42/><W56/><G108/><T85/><D85/><U82/><E82/><V111/><F43/><W88/><G64/><T97/><D134/><U27/><AGARI ba="0,0" hai="23,27,28,44,45,112,114,115,124,125,127" m="1129" machi="27" ten="50,8000,1" yaku="11,1,18,1,52,3" doraHai="135" who="1" fromWho="1" sc="250,-40,250,80,250,-20,250,-20" /><INIT seed="1,0,0,0,0,23" ten="210,330,230,230" oya="1" hai0="6,45,41,81,97,58,123,131,110,63,18,90,3" hai1="10,99,92,73,98,50,109,112,75,101,83,135,64" hai2="44,39,42,49,126,67,79,86,27,59,11,7,62" hai3="87,26,69,105,100,72,85,108,66,56,40,1,21"/><U9/><E112/><V57/><F126/><W130/><G72/><T91/><D110/><U93/><E135/><V19/><F39/><W54/><G1/><T125/><D125/><U121/><E121/><V37/><F37/><W119/><G108/><T71/><D71/><U94/><E109/><V68/><F27/><W0/><G0/><T4/><D131/><U104/><E64/><V70/><F19/><W13/><G130/><T12/><D3/><U113/><E50/><V43/><F43/><W51/><G119/><T53/><D123/><U133/><E133/><V128/><F70/><W25/><G40/><T52/><D53/><U74/><E113/><V77/><F128/><W46/><G69/><T127/><D127/><U48/><E48/><V103/><F103/><W88/><G105/><T115/><D115/><U111/><E111/><V102/><F102/><W65/><G100/><T84/><D91/><N who="1" m="55647" /><E9/><V106/><F106/><W29/><G85/><T35/><D35/><U118/><E10/><V134/><F134/><W17/><G46/><T20/><REACH who="0" step="1"/><D97/><REACH who="0" ten="200,330,230,230" step="2"/><U36/><E118/><V5/><F68/><W60/><G60/><T8/><D8/><U96/><E96/><V55/><F11/><N who="3" m="6335" /><G26/><T34/><D34/><U107/><E107/><V28/><F62/><W38/><G38/><AGARI ba="0,1" hai="4,6,12,18,20,38,41,45,52,58,63,81,84,90" machi="38" ten="30,7700,0" yaku="1,1,7,1,54,1,53,1" doraHai="23" doraHaiUra="78" who="0" fromWho="3" sc="200,87,330,0,230,0,230,-77" /><INIT seed="2,0,0,5,2,69" ten="287,330,230,153" oya="2" hai0="47,74,55,101,19,17,86,82,48,92,41,114,71" hai1="84,83,23,65,56,42,122,78,15,67,104,127,93" hai2="85,135,38,27,4,79,134,39,13,66,73,0,77" hai3="112,98,123,34,75,1,126,90,14,105,133,111,10"/><V130/><F0/><W5/><RYUUKYOKU type="yao9" ba="0,0" sc="287,0,330,0,230,0,153,0" hai3="1,5,10,14,34,75,90,98,105,111,112,123,126,133" /><INIT seed="2,1,0,2,5,69" ten="287,330,230,153" oya="2" hai0="16,110,89,122,66,84,127,12,120,6,99,32,62" hai1="79,72,13,81,7,128,131,92,44,93,94,34,47" hai2="121,57,45,95,19,63,116,36,78,96,55,38,25" hai3="130,80,91,37,109,61,11,3,53,90,126,46,71"/><V0/><F121/><W54/><G126/><T76/><D32/><U117/><E117/><V85/><F116/><W112/><G112/><T115/><D115/><U68/><E68/><V108/><F0/><W9/><G109/><T21/><D127/><U18/><E7/><V31/><F45/><W4/><G130/><N who="1" m="49706" /><E34/><V50/><F50/><W82/><G71/><T56/><D110/><U28/><E28/><V70/><F70/><W8/><G3/><T58/><D6/><U20/><AGARI ba="1,0" hai="13,18,20,44,47,72,79,81,92,93,94" m="49706" machi="20" ten="30,1100,0" yaku="19,1" doraHai="69" who="1" fromWho="1" sc="287,-4,330,14,230,-6,153,-4" /><INIT seed="3,0,0,4,2,19" ten="283,344,224,149" oya="3" hai0="114,78,102,32,113,56,58,3,25,91,131,54,119" hai1="89,124,33,76,73,29,30,71,117,18,64,99,31" hai2="118,95,52,130,13,9,68,85,106,17,10,84,69" hai3="92,50,46,81,93,132,97,127,65,108,7,8,0"/><W110/><G132/><T107/><D3/><U126/><E33/><V90/><F106/><W41/><G127/><N who="1" m="48682" /><E117/><V45/><F118/><W96/><G65/><T98/><D78/><U35/><E18/><V49/><F130/><W6/><G6/><T43/><D43/><U67/><E71/><V51/><F10/><W100/><REACH who="3" step="1"/><G81/><REACH who="3" ten="283,344,224,139" step="2"/><T5/><D5/><U61/><E67/><V66/><F66/><W80/><G80/><T40/><D119/><U135/><E64/><V70/><REACH who="2" step="1"/><F51/><REACH who="2" ten="283,344,214,139" step="2"/><W23/><G23/><T42/><D131/><U123/><E135/><V111/><F111/><W87/><G87/><AGARI ba="0,2" hai="9,13,17,45,49,52,68,69,70,84,85,87,90,95" machi="87" ten="40,2600,0" yaku="1,1,54,1,53,0" doraHai="19" doraHaiUra="72" who="2" fromWho="3" sc="283,0,344,0,214,46,139,-26" owari="283,8.3,344,44.4,260,-14.0,113,-38.7" /></mjloggm>