<mjloggm ver="2.3"><GO type="225" lobby="0"/><UN n0="%72%69%6F%75%63%68%61%6E" n1="%6D%75%75%6D%75%72%61" n2="%E3%83%B4%E3%83%A0%EF%BC%99%E3%81%A6" n3="%45%6C%79%73%69%75%6D" dan="17,17,17,18" rate="2279.80,2134.08,2171.65,2180.19" sx="M,F,M,F"/><TAIKYOKU oya="0"/><INIT seed="0,0,0,5,3,119" ten="250,250,250,250" oya="0" hai0="68,48,79,113,58,64,93,51,36,37,50,72,82" hai1="77,87,45,40,10,84,4,74,98,105,1,125,2" hai2="39,134,110,115,3,108,0,102,7,23,70,17,83" hai3="101,92,62,30,103,49,31,118,14,127,55,120,13"/><T28/><D113/><U54/><E125/><V91/><F115/><W66/><G118/><T41/><D68/><U57/><E1/><V43/><F70/><W24/><G127/><T71/><D71/><U75/><E105/><V133/><F102/><W122/><G62/><T90/><D28/><U27/><E98/><V116/><F116/><W123/><G66/><T117/><D117/><U21/><E54/><V73/><F43/><W81/><G81/><T34/><D34/><U80/><E57/><V11/><F39/><W20/><G31/><T25/><D25/><U100/><E75/><V26/><F91/><W104/><G104/><T33/><D33/><U97/><E97/><V89/><F89/><W12/><G92/><T67/><D58/><AGARI ba="0,0" hai="12,13,14,20,24,30,49,55,58,101,103,120,122,123" machi="58" ten="50,8000,1" yaku="13,1,52,3" doraHai="119" who="3" fromWho="0" sc="250,-80,250,0,250,0,250,80" /><INIT seed="1,0,0,4,1,30" ten="170,250,250,330" oya="1" hai0="75,102,131,6,83,81,9,101,48,117,106,15,18" hai1="132,63,115,10,80,36,3,46,60,126,119,23,122" hai2="37,85,57,19,112,26,43,104,128,17,50,133,88" hai3="8,40,116,78,13,25,120,61,31,108,71,66,124"/><U41/><E115/><V70/><F70/><W35/><G120/><T100/><D131/><U56/><E122/><V58/><F104/><W79/><G108/><T14/><D117/><U12/><E119/><V91/><F128/><W34/><G116/><T24/><D106/><U28/><E126/><V59/><F112/><W47/><G124/><T69/><D69/><U86/><E132/><V51/><F133/><W76/><G34/><T38/><D38/><U129/><E129/><V5/><F5/><W134/><G134/><T82/><D75/><U55/><E3/><V114/><F114/><W32/><G32/><T110/><D110/><U113/><E113/><V62/><F62/><W94/><G94/><T52/><D24/><U121/><E121/><V54/><F37/><W68/><G68/><T22/><REACH who="0" step="1"/><D83/><REACH who="0" ten="160,250,250,330" step="2"/><U49/><E80/><N who="2" m="49191" /><F26/><W65/><G71/><T118/><D118/><U21/><E36/><V130/><F130/><W20/><G25/><T105/><D105/><U89/><E28/><V44/><F91/><W74/><G31/><T16/><D16/><AGARI ba="0,1" hai="16,17,19,43,44,50,51,54,57,58,59" m="49191" machi="16" ten="30,3900,0" yaku="8,1,54,2" doraHai="30" who="2" fromWho="0" sc="160,-39,250,0,250,49,330,0" /><INIT seed="2,0,0,3,0,96" ten="121,250,299,330" oya="2" hai0="51,118,106,56,20,79,62,76,54,7,5,112,60" hai1="105,33,93,71,36,135,102,32,83,30,75,58,43" hai2="9,40,6,119,26,87,57,12,101,116,1,81,29" hai3="133,88,27,132,3,35,122,17,134,68,65,13,82"/><V111/><F111/><W25/><G122/><T109/><D112/><U16/><E71/><V24/><F1/><W125/><G3/><T127/><D109/><U77/><E105/><V120/><F120/><W61/><G125/><T37/><D127/><U11/><E135/><V22/><F40/><W86/><REACH who="3" step="1"/><G35/><REACH who="3" ten="121,250,299,320" step="2"/><T92/><D118/><U67/><E32/><V8/><F116/><W100/><G100/><T63/><D106/><U18/><E102/><V41/><F119/><W131/><G131/><T74/><D37/><U97/><E33/><V73/><F101/><W72/><G72/><T59/><D74/><U46/><E75/><V2/><F73/><W126/><G126/><T69/><D69/><U19/><E36/><V123/><F123/><W91/><G91/><T55/><D20/><AGARI ba="0,1" hai="13,17,20,25,27,61,65,68,82,86,88,132,133,134" machi="20" ten="40,5200,0" yaku="1,1,20,1,54,1,53,0" doraHai="96" doraHaiUra="4" who="3" fromWho="0" sc="121,-52,250,0,299,0,320,62" /><INIT seed="3,0,0,4,3,25" ten="69,250,299,382" oya="3" hai0="96,95,110,114,11,86,104,53,68,31,58,40,88" hai1="4,12,43,33,51,135,27,93,102,61,9,73,21" hai2="37,13,91,16,75,76,79,3,129,81,113,132,56" hai3="71,116,115,15,50,34,5,99,117,7,127,112,119"/><W125/><G71/><T107/><D110/><U0/><E135/><V8/><F113/><N who="3" m="43595" /><G99/><T1/><D114/><U55/><E73/><V89/><F37/><W118/><G50/><T128/><D128/><U28/><E43/><V133/><F129/><W18/><G34/><T10/><D68/><U103/><E61/><V120/><F120/><W32/><G32/><T48/><D1/><U69/><E69/><V39/><F39/><W82/><G82/><T36/><D107/><U57/><E93/><V130/><F130/><W108/><G108/><T19/><D36/><U14/><E14/><V109/><F109/><W100/><G100/><T72/><D72/><U67/><E67/><V97/><F76/><W106/><G106/><T94/><D104/><U64/><E64/><V77/><F77/><W63/><G63/><T6/><D6/><N who="3" m="2057" /><G118/><T70/><D70/><U87/><E87/><V29/><F97/><W38/><G38/><T126/><D126/><U122/><E122/><V78/><F78/><W35/><G35/><T44/><D19/><AGARI ba="0,0" hai="0,4,9,12,19,21,27,28,33,51,55,57,102,103" machi="19" ten="40,5200,0" yaku="24,2,52,1" doraHai="25" who="1" fromWho="0" sc="69,-52,250,52,299,0,382,0" owari="17,-48.3,302,10.2,299,-10.1,382,48.2" /></mjloggm>