<mjloggm ver="2.3"><GO type="225" lobby="0"/><UN n0="%4D%50%43%32%38%30%30" n1="%48%61%61%61%6C%61%6E%64" n2="%E3%81%BE%E3%81%A8%E3%81%9F" n3="%77%72%77%72%77%72%77%72" dan="16,18,16,17" rate="2153.98,2195.88,2199.63,2198.89" sx="M,M,M,M"/><TAIKYOKU oya="0"/><INIT seed="0,0,0,3,2,129" ten="250,250,250,250" oya="0" hai0="46,69,74,91,96,63,94,124,118,29,112,65,133" hai1="11,0,79,10,123,119,87,56,6,70,8,100,7" hai2="51,76,58,62,93,103,72,19,50,53,17,98,106" hai3="15,82,115,28,48,95,37,60,83,55,99,1,59"/><T61/><D112/><U30/><E70/><V31/><F31/><W113/><G1/><T120/><D118/><U90/><E119/><V33/><F33/><W67/><G37/><T66/><D74/><U116/><E116/><V5/><F5/><W42/><G42/><T27/><D120/><U34/><E123/><V117/><F117/><W134/><G134/><T127/><D46/><U88/><E100/><V44/><F106/><W121/><G121/><T9/><D9/><U111/><E111/><V75/><F75/><W132/><G132/><T81/><D81/><U54/><E34/><V85/><F72/><W3/><G3/><T40/><D40/><U97/><E30/><V107/><F51/><W125/><G125/><T12/><D12/><U25/><E25/><V45/><F45/><W52/><G28/><T71/><REACH who="0" step="1"/><D133/><REACH who="0" ten="240,250,250,250" step="2"/><U20/><E10/><V131/><F131/><W23/><G115/><T57/><D57/><U2/><E11/><V68/><F68/><W39/><G113/><T38/><D38/><U64/><E8/><V47/><F47/><N who="3" m="27679" /><G39/><T16/><D16/><U21/><E0/><V114/><F114/><W89/><G55/><T36/><D36/><U18/><E2/><V84/><F53/><W80/><G82/><T77/><D77/><U126/><E79/><V105/><F76/><W135/><G135/><T73/><D73/><U49/><E54/><N who="2" m="34135" /><F17/><AGARI ba="0,1" hai="15,17,23,59,60,67,80,83,89,95,99" m="27679" machi="17" ten="30,2000,0" yaku="8,1,54,1" doraHai="129" who="3" fromWho="2" sc="240,0,250,0,250,-20,250,30" /><INIT seed="1,0,0,3,1,10" ten="240,250,230,280" oya="1" hai0="133,74,42,124,63,81,128,129,103,22,91,70,20" hai1="87,73,7,67,53,34,90,31,23,62,21,132,13" hai2="50,49,68,25,86,121,116,82,51,77,14,12,54" hai3="126,123,134,127,80,115,130,110,35,84,43,118,89"/><U92/><E132/><V45/><F116/><W111/><G35/><T36/><D133/><U29/><E73/><V15/><F121/><W17/><G134/><T65/><D124/><N who="3" m="47657" /><G123/><T131/><D103/><U61/><E34/><V93/><F68/><W44/><G118/><T75/><D91/><U99/><E53/><V37/><F37/><N who="3" m="21615" /><G115/><T122/><D122/><U6/><E29/><V38/><F38/><W114/><G114/><T2/><D2/><U57/><E61/><V9/><F9/><W72/><G72/><N who="0" m="27691" /><D81/><N who="1" m="49519" /><E23/><N who="0" m="8745" /><D36/><U41/><E41/><AGARI ba="0,0" hai="41,42,63,65,70,128,129,131" m="8745,27691" machi="41" ten="40,1300,0" yaku="19,1" doraHai="10" who="0" fromWho="1" sc="240,13,250,-13,230,0,280,0" /><INIT seed="2,0,0,3,2,110" ten="253,237,230,280" oya="2" hai0="79,43,54,105,114,75,30,40,77,14,117,112,49" hai1="92,42,123,60,102,98,130,3,115,83,11,15,17" hai2="95,106,69,135,78,58,46,80,124,61,89,56,16" hai3="33,2,73,19,87,74,66,34,103,81,50,32,5"/><V119/><F119/><W93/><G66/><T82/><D105/><U18/><E130/><V113/><F106/><W109/><G109/><T45/><D117/><U13/><E123/><V122/><F122/><W0/><G19/><T127/><D127/><U68/><E3/><V12/><F124/><W51/><G0/><T100/><D100/><U64/><E42/><V99/><F135/><W97/><G5/><T23/><D79/><U116/><E116/><V90/><F113/><W85/><G85/><T39/><D43/><U52/><E115/><V6/><F46/><W121/><G2/><T31/><D31/><U20/><REACH who="1" step="1"/><E83/><REACH who="1" ten="253,227,230,280" step="2"/><V71/><F89/><W132/><G121/><T76/><D82/><U111/><E111/><V96/><F80/><W134/><G134/><T22/><D112/><U29/><E29/><V107/><F78/><W4/><G132/><T129/><D129/><U59/><E59/><V104/><F58/><W133/><G133/><T36/><D114/><U55/><AGARI ba="0,1" hai="11,13,15,17,18,20,52,55,60,64,68,92,98,102" machi="55" ten="30,4000,0" yaku="1,1,0,1,54,1,53,0" doraHai="110" doraHaiUra="27" who="1" fromWho="1" sc="253,-10,227,50,230,-20,280,-10" /><INIT seed="3,0,0,3,4,15" ten="243,277,210,270" oya="3" hai0="32,63,62,2,54,65,43,98,7,105,33,41,31" hai1="86,133,111,108,51,9,50,1,94,37,29,78,61" hai2="35,91,30,27,18,52,106,12,96,72,45,135,100" hai3="113,8,83,21,131,134,116,55,13,112,69,14,3"/><W4/><G69/><N who="0" m="42167" /><D63/><U49/><E133/><V22/><F135/><W48/><G134/><T90/><D90/><U119/><E119/><V17/><F72/><W85/><G116/><T103/><D54/><U40/><E29/><V67/><F67/><W20/><G131/><T10/><D33/><U0/><E61/><V68/><F68/><W16/><G20/><T56/><D56/><U87/><E37/><V46/><F91/><W101/><G101/><T70/><D70/><U80/><E40/><V89/><F89/><W121/><G121/><T74/><D74/><U125/><E94/><V59/><REACH who="2" step="1"/><F18/><REACH who="2" ten="243,277,200,270" step="2"/><W124/><G124/><T25/><AGARI ba="0,1" hai="2,7,10,25,31,32,41,43,98,103,105" m="42167" machi="25" ten="30,1100,0" yaku="25,1" doraHai="15" who="0" fromWho="0" sc="243,21,277,-3,200,-3,270,-5" /><INIT seed="4,0,0,0,4,52" ten="264,274,197,265" oya="0" hai0="133,5,111,91,128,12,63,6,31,50,75,119,73" hai1="11,85,16,64,77,69,98,24,76,68,117,124,130" hai2="123,35,65,94,22,87,43,14,37,81,115,42,127" hai3="59,78,109,93,99,120,58,88,1,13,103,47,84"/><T9/><D119/><U122/><E117/><V118/><F123/><W18/><G109/><T26/><D111/><U25/><E122/><V101/><F118/><W27/><G1/><T114/><D114/><U53/><E124/><V95/><F127/><W10/><G120/><T96/><D133/><U20/><E130/><V56/><F35/><W112/><G112/><T125/><D128/><U97/><E11/><V45/><F115/><W40/><G78/><N who="1" m="30314" /><E68/><V36/><F101/><W38/><G27/><T33/><D125/><U135/><E69/><V70/><F70/><W39/><G38/><T132/><D6/><U46/><E64/><V34/><F34/><W62/><G62/><T23/><D132/><U105/><E105/><AGARI ba="0,0" hai="10,13,18,39,40,47,58,59,84,88,93,99,103,105" machi="105" ten="30,7700,0" yaku="7,1,52,2,54,1" doraHai="52" who="3" fromWho="1" sc="264,0,274,-77,197,0,265,77" owari="264,6.4,197,-20.3,197,-30.3,342,44.2" /></mjloggm>