<mjloggm ver="2.3"><GO type="225" lobby="0"/><UN n0="%33%74%72%65%65" n1="%6D%75%75%6D%75%72%61" n2="%E3%81%86%E3%83%BC%E3%81%B1%E3%83%BC" n3="%73%6C%69%63%6B%33%31%39" dan="16,16,16,16" rate="2147.28,2173.92,2150.72,2161.79" sx="F,F,F,M"/><TAIKYOKU oya="0"/><INIT seed="0,0,0,0,3,129" ten="250,250,250,250" oya="0" hai0="105,70,24,100,95,84,99,41,110,128,69,71,91" hai1="113,123,125,74,117,85,13,111,50,87,45,122,83" hai2="130,114,35,53,22,48,4,66,47,40,108,49,72" hai3="14,76,67,25,46,79,1,44,12,31,65,103,0"/><T8/><D128/><U93/><E117/><V39/><F35/><W61/><G103/><T30/><D110/><U38/><E111/><V73/><F108/><W98/><G98/><T102/><D102/><U88/><E125/><V11/><F130/><W64/><G61/><T135/><D41/><U29/><E113/><V10/><F114/><W52/><G25/><T62/><D8/><U42/><E74/><V82/><F66/><W37/><G65/><T78/><D78/><U16/><E29/><V115/><F115/><W63/><G63/><T120/><D120/><U57/><E57/><V18/><F82/><W56/><G56/><T54/><D54/><U119/><E38/><V59/><F11/><W94/><G94/><T101/><D101/><U60/><E60/><V90/><F90/><W2/><G2/><T33/><REACH who="0" step="1"/><D135/><REACH who="0" ten="240,250,250,250" step="2"/><U19/><E119/><V17/><F39/><W132/><G52/><T55/><D55/><U107/><E107/><V3/><F73/><W68/><G37/><T106/><D106/><U127/><E127/><V23/><F72/><W15/><G132/><T109/><D109/><U36/><E36/><V133/><F133/><W81/><G79/><T77/><D77/><U97/><E122/><V134/><F134/><W5/><G76/><T20/><D20/><N who="1" m="11279" /><E123/><V7/><F7/><W9/><G5/><T112/><D112/><U86/><E19/><V32/><F32/><W126/><G126/><T96/><D96/><U118/><E118/><V6/><F6/><W51/><G9/><T75/><D75/><U89/><AGARI ba="0,1" hai="42,45,50,83,85,86,87,88,89,93,97" m="11279" machi="89" ten="30,4000,0" yaku="8,1,54,2" doraHai="129" who="1" fromWho="1" sc="240,-20,250,50,250,-10,250,-10" /><INIT seed="1,0,0,3,4,17" ten="220,300,240,240" oya="1" hai0="113,82,41,89,85,129,20,38,135,5,79,25,14" hai1="128,26,74,69,75,18,62,33,21,37,8,86,78" hai2="46,0,120,71,73,105,126,36,87,53,95,92,13" hai3="27,84,93,114,61,117,110,111,51,39,7,101,80"/><U16/><E128/><V100/><F0/><W19/><G39/><T10/><D129/><U103/><E37/><V48/><F73/><W40/><G114/><T50/><D113/><U88/><E33/><V23/><F120/><W67/><G117/><T28/><D38/><U64/><E103/><V72/><F72/><W34/><G7/><T107/><D107/><U6/><E18/><N who="2" m="10703" /><F71/><W108/><G51/><T35/><D135/><U57/><E69/><V115/><F105/><W96/><G40/><T83/><D83/><U106/><E106/><V68/><F68/><W104/><G93/><N who="2" m="35913" /><F115/><W30/><G19/><T97/><D97/><U122/><E122/><V52/><F126/><W70/><REACH who="3" step="1"/><G110/><REACH who="3" ten="220,300,240,230" step="2"/><T98/><D98/><U60/><E6/><V123/><F36/><W65/><G65/><T29/><D29/><U44/><E64/><V55/><F123/><W47/><G47/><N who="0" m="25967" /><D35/><U116/><E116/><V127/><F127/><W4/><G4/><T91/><AGARI ba="0,1" hai="5,10,14,20,25,28,79,82,85,89,91" m="25967" machi="91" ten="30,4000,0" yaku="25,1,8,1,52,1" doraHai="17" who="0" fromWho="0" sc="220,50,300,-20,240,-10,230,-10" /><INIT seed="2,0,0,4,0,58" ten="270,280,230,220" oya="2" hai0="105,60,0,49,13,12,17,6,132,90,129,8,41" hai1="5,112,46,37,3,15,61,7,114,40,85,53,109" hai2="128,98,108,104,33,62,78,73,57,111,77,18,43" hai3="121,31,63,135,20,16,48,99,110,69,30,51,59"/><V32/><F43/><W76/><G121/><T27/><D129/><U107/><E3/><V80/><F78/><W54/><G110/><N who="2" m="42025" /><F128/><W67/><G135/><T116/><D132/><U88/><E109/><V124/><F124/><W39/><G76/><T36/><D36/><U19/><E107/><V42/><F42/><W4/><G4/><T123/><D105/><U117/><E117/><V74/><F74/><W133/><G133/><T115/><D123/><U2/><E2/><V122/><F18/><W93/><G48/><T68/><D49/><N who="1" m="26823" /><E114/><V94/><F104/><W35/><G35/><T22/><D41/><U81/><E37/><V64/><F122/><W55/><G55/><T106/><D106/><U134/><E134/><V23/><F23/><W130/><G39/><T71/><D22/><N who="1" m="11647" /><E112/><V9/><F9/><W11/><G11/><T100/><D8/><U66/><E66/><V82/><F82/><W50/><G50/><T28/><D115/><U21/><E21/><V126/><F126/><W91/><REACH who="3" step="1"/><G130/><REACH who="3" ten="270,280,230,210" step="2"/><T44/><D6/><U25/><E7/><V56/><F32/><W83/><G83/><T45/><D0/><U34/><E34/><V95/><F33/><W1/><G1/><T89/><D116/><U113/><E5/><V86/><F73/><W131/><G131/><T52/><D52/><U103/><E113/><V127/><F127/><W120/><G120/><T102/><D17/><U97/><E53/><N who="2" m="34063" /><F98/><W84/><G84/><T79/><D79/><U65/><E97/><V38/><F38/><W75/><G75/><T72/><D72/><U96/><E96/><RYUUKYOKU ba="0,1" sc="270,-15,280,-15,230,15,210,15" hai2="57,64,77,80,86,94,95" hai3="16,20,30,31,51,54,59,63,67,69,91,93,99" /><INIT seed="2,1,1,3,1,128" ten="255,265,245,225" oya="2" hai0="124,48,3,59,44,33,88,109,110,27,84,83,74" hai1="93,55,26,95,105,17,53,24,65,92,73,32,11" hai2="135,78,119,103,49,85,75,57,82,102,21,132,67" hai3="112,66,123,130,31,4,64,18,14,60,100,120,20"/><V108/><F119/><W36/><G36/><T106/><D124/><U0/><E105/><V118/><F118/><W72/><G72/><T104/><D3/><U90/><E73/><V70/><F108/><N who="0" m="41578" /><D59/><U81/><E65/><V98/><F75/><W8/><G130/><T45/><D45/><U38/><E38/><V71/><F21/><W101/><G112/><T6/><D6/><U12/><E0/><V86/><F86/><W5/><G123/><T22/><D33/><U126/><E126/><V77/><F78/><W80/><G80/><T54/><D74/><U16/><E32/><V114/><F114/><W97/><G120/><T46/><D46/><U43/><E43/><V99/><F102/><W7/><G101/><T25/><D25/><N who="1" m="9835" /><E17/><AGARI ba="1,1" hai="17,22,27,44,48,54,83,84,88,104,106" m="41578" machi="17" ten="30,2000,0" yaku="14,1,54,1" doraHai="128" who="0" fromWho="1" sc="255,33,265,-23,245,0,225,0" /><INIT seed="3,0,0,3,1,31" ten="288,242,245,225" oya="3" hai0="11,117,39,49,25,107,44,20,96,2,46,128,34" hai1="32,124,106,72,60,69,70,50,4,74,125,88,22" hai2="80,0,132,134,43,29,86,67,108,130,118,85,97" hai3="7,115,119,77,13,100,82,16,47,12,95,27,73"/><W38/><G115/><T87/><D117/><U17/><E124/><V5/><F118/><W93/><G119/><T94/><D128/><U33/><E106/><V23/><F43/><W68/><G68/><T18/><D39/><U62/><E4/><V61/><F97/><W41/><G27/><T28/><D87/><U81/><E125/><V103/><F103/><W109/><G109/><T51/><D107/><U116/><E116/><V54/><F54/><W131/><G131/><T133/><D133/><U42/><E42/><V40/><F40/><W10/><REACH who="3" step="1"/><G100/><REACH who="3" ten="288,242,245,215" step="2"/><T8/><D25/><U48/><E69/><V65/><F108/><W135/><G135/><T104/><D28/><U98/><E70/><V111/><F29/><W91/><G91/><T30/><D30/><U129/><E88/><V55/><F111/><W1/><G1/><T112/><D2/><U19/><E129/><V63/><F0/><W99/><G99/><T105/><D96/><U101/><E98/><V121/><F130/><W15/><G15/><T113/><D113/><U71/><E101/><V53/><F132/><W14/><G14/><T120/><D112/><U66/><E71/><V75/><F134/><W78/><G78/><T76/><D76/><U126/><E126/><V26/><F26/><W83/><G83/><T3/><D3/><U21/><E81/><V56/><F80/><W92/><G92/><T89/><D94/><U59/><E66/><V122/><F67/><W35/><G35/><T52/><D34/><U45/><E59/><N who="2" m="35055" /><F65/><W36/><G36/><T127/><D127/><U84/><E84/><RYUUKYOKU ba="0,1" sc="288,-15,242,15,245,-15,215,15" hai1="17,19,21,22,32,33,45,48,50,60,62,72,74" hai3="7,10,12,13,16,38,41,47,73,77,82,93,95" /><INIT seed="3,1,1,4,4,101" ten="273,257,230,230" oya="3" hai0="77,92,69,84,27,63,39,112,108,90,42,36,104" hai1="26,107,35,61,6,22,54,20,113,126,12,56,30" hai2="114,119,123,82,78,28,128,43,5,19,48,25,46" hai3="133,72,132,29,103,66,91,13,97,109,102,70,111"/><W118/><G118/><T71/><D108/><N who="3" m="41545" /><G72/><T45/><D112/><U24/><E113/><V73/><F114/><W83/><G29/><T14/><D39/><U59/><E126/><V131/><F119/><W95/><G13/><T8/><D77/><U9/><E107/><V93/><F5/><W10/><G10/><T50/><D104/><U53/><E26/><V76/><F76/><W94/><G83/><T40/><D27/><U88/><E88/><V55/><F123/><W38/><G38/><T125/><D125/><U49/><AGARI ba="1,1" hai="6,9,12,20,22,24,30,35,49,53,54,56,59,61" machi="49" ten="20,1500,0" yaku="0,1,7,1" doraHai="101" who="1" fromWho="1" sc="273,-5,257,28,230,-5,230,-8" /><INIT seed="4,0,0,3,2,1" ten="268,285,225,222" oya="0" hai0="13,16,127,101,53,125,15,69,36,31,37,4,99" hai1="71,45,116,25,19,43,22,34,96,122,72,46,58" hai2="35,134,74,51,62,97,117,17,54,130,133,26,92" hai3="5,94,121,64,129,109,81,119,67,98,28,68,40"/><T7/><D69/><U114/><E71/><V88/><F74/><W12/><G129/><T9/><D31/><U84/><E116/><V102/><F130/><W27/><G109/><T123/><D53/><U59/><E72/><V120/><F120/><W86/><G119/><T11/><D16/><U83/><E122/><V77/><F77/><N who="3" m="46383" /><G68/><T80/><D80/><U23/><E34/><V85/><F62/><W76/><G76/><T24/><D24/><N who="1" m="14431" /><E96/><V95/><F117/><W20/><G40/><T14/><D14/><U0/><E0/><V91/><F102/><N who="3" m="60759" /><G121/><T56/><D56/><N who="1" m="21547" /><E114/><V32/><F35/><W108/><G108/><T50/><D50/><U75/><E75/><V115/><F115/><W111/><G111/><T135/><D123/><U48/><E48/><V66/><F32/><W70/><G70/><T131/><D131/><U60/><E60/><V93/><F51/><W49/><G49/><T128/><D128/><U3/><E3/><V10/><F54/><W112/><G112/><T41/><D135/><U2/><E2/><V57/><F134/><W38/><G38/><T110/><D110/><U78/><E43/><V89/><F133/><W104/><G104/><N who="0" m="63551" /><D41/><U39/><E39/><V44/><F44/><W100/><G100/><T8/><D8/><AGARI ba="0,0" hai="5,8,12,20,27,28,64,67" m="60759,46383" machi="8" ten="30,2000,0" yaku="8,1,52,1" doraHai="1" who="3" fromWho="0" sc="268,-20,285,0,225,0,222,20" /><INIT seed="5,0,0,0,4,70" ten="248,285,225,242" oya="1" hai0="63,81,28,91,23,59,15,11,79,105,38,132,35" hai1="10,54,56,85,66,37,0,120,87,4,13,118,115" hai2="96,92,97,52,3,25,74,124,44,119,82,9,18" hai3="57,83,50,126,122,108,64,127,84,16,123,71,26"/><U42/><E118/><V73/><F119/><W40/><G108/><T68/><D105/><U55/><E120/><V46/><F124/><N who="3" m="47659" /><G71/><T100/><D35/><U109/><E109/><V19/><F3/><W134/><G134/><T58/><D100/><U29/><E66/><V98/><F92/><W113/><G113/><T131/><D132/><U116/><E116/><V8/><F82/><W72/><G72/><N who="2" m="27753" /><F25/><W110/><G110/><T125/><D81/><U36/><E115/><V53/><F9/><W114/><G114/><T65/><D11/><U93/><E0/><V34/><F8/><W67/><G40/><T80/><D80/><U7/><E7/><V99/><N who="2" m="24576" /><DORA hai="45" /><V32/><F44/><W112/><G112/><T27/><D27/><U78/><E42/><V95/><F46/><W21/><G50/><T75/><D75/><U2/><E2/><V117/><F95/><W31/><G31/><T76/><D28/><U41/><E41/><V135/><F117/><W48/><G48/><T61/><D125/><U107/><E29/><V121/><F121/><N who="3" m="46091" /><G57/><T20/><D59/><U111/><E111/><V94/><F94/><W90/><AGARI ba="0,0" hai="16,21,26,64,67,83,84,90" m="46091,47659" machi="90" ten="30,2000,0" yaku="18,1,54,1" doraHai="70,45" who="3" fromWho="3" sc="248,-5,285,-10,225,-5,242,20" /><INIT seed="6,0,0,3,0,13" ten="243,275,220,262" oya="2" hai0="30,2,122,45,107,67,23,115,59,104,76,62,35" hai1="124,52,5,78,133,6,120,109,48,34,99,25,16" hai2="129,18,70,22,26,84,41,131,112,46,49,19,114" hai3="91,89,3,108,69,15,65,14,79,74,33,32,44"/><V47/><F84/><W56/><G3/><T85/><D122/><U51/><E109/><V55/><F70/><W66/><G69/><T93/><D35/><U130/><E34/><V117/><F117/><W128/><G44/><T116/><D2/><U37/><E37/><N who="2" m="21807" /><F22/><W31/><G74/><T71/><D71/><U101/><E78/><V126/><F26/><W64/><G64/><T90/><D76/><U102/><E120/><V40/><F126/><W86/><G79/><T27/><D116/><U73/><E73/><V75/><F75/><W132/><G56/><T134/><D45/><U80/><E124/><V58/><F19/><W29/><G86/><T36/><D36/><U1/><E1/><V11/><F11/><W123/><G123/><T94/><D94/><U20/><E80/><V8/><F8/><W95/><G95/><T110/><D110/><U118/><E118/><V42/><F18/><W24/><G108/><T106/><REACH who="0" step="1"/><D115/><REACH who="0" ten="233,275,220,262" step="2"/><N who="2" m="44074" /><F40/><W38/><G38/><AGARI ba="0,1" hai="38,42,47,49,55,58,129,131" m="44074,21807" machi="38" ten="30,5800,0" yaku="15,1,34,2" doraHai="13" who="2" fromWho="3" sc="233,0,275,0,220,68,262,-58" /><INIT seed="6,1,0,3,2,32" ten="233,275,288,204" oya="2" hai0="67,5,109,70,124,36,95,123,107,14,88,98,27" hai1="29,66,63,48,87,55,7,126,108,21,4,114,84" hai2="65,128,46,122,82,72,80,43,125,75,25,30,90" hai3="47,68,97,93,37,11,127,135,49,112,9,52,101"/><V19/><F122/><W17/><G68/><T42/><D123/><U15/><E108/><V74/><F128/><W71/><G71/><T102/><D109/><U45/><E126/><V120/><F120/><W92/><G127/><T61/><D124/><U12/><E114/><V117/><F117/><W91/><G135/><T129/><D129/><U6/><E84/><V131/><F131/><W121/><G121/><T111/><D111/><U81/><E29/><V38/><F125/><W57/><G112/><T113/><D113/><U119/><E119/><V26/><F65/><W132/><G132/><T18/><D27/><U40/><E21/><V23/><REACH who="2" step="1"/><F90/><REACH who="2" ten="233,275,278,204" step="2"/><W86/><REACH who="3" step="1"/><G17/><REACH who="3" ten="233,275,278,194" step="2"/><T41/><D18/><U33/><E7/><V115/><F115/><W85/><G85/><T1/><D5/><U50/><E6/><V58/><F58/><W31/><G31/><T54/><D70/><U44/><E4/><V103/><F103/><W106/><G106/><T64/><D107/><U133/><E133/><V69/><F69/><W94/><G94/><T104/><D104/><U105/><E105/><V34/><AGARI ba="1,2" hai="19,23,25,26,30,34,38,43,46,72,74,75,80,82" machi="34" ten="30,3000,0" yaku="1,1,0,1,53,0" doraHai="32" doraHaiUra="83" who="2" fromWho="2" sc="233,-11,275,-11,278,53,194,-11" owari="222,-17.8,264,6.4,331,43.1,183,-31.7" /></mjloggm>