<mjloggm ver="2.3"><GO type="225" lobby="0"/><UN n0="%E3%81%86%E3%81%A9%E3%82%93%E3%81%93" n1="%74%61%6B%75%61%6B%61" n2="%E5%A4%96%E5%B7%9D%E7%AB%9C%E6%88%90" n3="%E3%82%AF%E3%82%A3%E3%82%A6" dan="16,16,16,16" rate="2154.09,2157.78,2139.64,2103.93" sx="M,M,M,M"/><TAIKYOKU oya="0"/><INIT seed="0,0,0,2,2,19" ten="250,250,250,250" oya="0" hai0="88,62,66,122,130,133,100,110,35,21,120,125,47" hai1="69,28,80,30,73,39,96,44,14,89,101,54,90" hai2="135,118,107,15,51,45,121,77,27,111,74,12,116" hai3="32,9,0,10,131,78,82,124,22,29,85,99,67"/><T24/><D130/><U117/><E69/><V87/><F121/><W2/><G124/><T49/><D125/><U115/><E117/><N who="2" m="45163" /><F111/><W129/><G99/><T71/><D35/><U56/><E115/><V64/><F135/><W109/><G109/><T41/><D110/><U60/><E14/><V68/><F74/><W91/><G67/><T4/><D100/><U134/><E134/><V34/><F107/><W6/><G32/><T95/><D4/><U53/><E73/><V48/><F48/><W52/><G78/><T38/><D38/><U8/><E8/><V17/><F87/><W102/><G102/><T46/><D46/><U113/><E113/><V106/><F77/><W83/><G83/><T127/><D127/><U92/><E39/><V81/><F81/><W98/><G98/><T59/><D71/><U84/><REACH who="1" step="1"/><E101/><REACH who="1" ten="250,240,250,250" step="2"/><V25/><F12/><W65/><G9/><T31/><REACH who="0" step="1"/><D133/><REACH who="0" ten="240,240,250,250" step="2"/><U94/><E94/><V18/><F68/><W5/><G6/><T13/><D13/><U79/><E79/><V26/><F15/><W75/><G5/><T72/><D72/><U97/><E97/><AGARI ba="0,2" hai="21,24,31,41,47,49,59,62,66,88,95,97,120,122" machi="97" ten="30,12000,1" yaku="1,1,7,1,52,1,54,1,53,1" doraHai="19" doraHaiUra="23" who="0" fromWho="1" sc="240,140,240,-120,250,0,250,0" /><INIT seed="0,1,0,5,4,74" ten="380,120,250,250" oya="0" hai0="78,86,96,124,93,56,75,64,79,110,49,116,108" hai1="115,68,39,94,42,112,41,27,54,55,14,72,23" hai2="103,98,123,67,83,6,48,92,53,57,1,3,117" hai3="109,118,90,29,7,102,44,32,61,50,15,22,113"/><T25/><D116/><U126/><E72/><V47/><F123/><W106/><G113/><N who="1" m="43594" /><E14/><V5/><F117/><W99/><G118/><T10/><D75/><U19/><E126/><V63/><REACH who="2" step="1"/><F83/><REACH who="2" ten="380,120,240,250" step="2"/><W34/><G109/><T52/><D124/><U46/><E68/><V132/><F132/><W114/><G114/><T81/><D110/><U37/><E94/><V101/><F101/><W97/><G102/><T130/><D108/><U89/><E89/><V28/><F28/><W107/><G107/><T69/><D130/><U84/><E84/><V100/><F100/><W31/><G106/><T85/><D86/><U4/><E4/><AGARI ba="1,1" hai="1,3,4,5,6,47,48,53,57,63,67,92,98,103" machi="4" ten="40,2600,0" yaku="1,1,53,1" doraHai="74" doraHaiUra="62" who="2" fromWho="1" sc="380,0,120,-29,240,39,250,0" /><INIT seed="1,0,0,2,5,74" ten="380,91,279,250" oya="1" hai0="3,23,116,36,67,61,129,54,52,8,25,71,84" hai1="2,45,82,21,95,33,133,62,100,98,76,89,60" hai2="18,88,104,119,58,35,114,48,123,32,51,42,34" hai3="22,12,78,90,131,15,75,31,111,29,99,59,11"/><U127/><E127/><V87/><F119/><W117/><G117/><T0/><D116/><U118/><E118/><V20/><F123/><W24/><G111/><T66/><D36/><U91/><E33/><V112/><F104/><W73/><G131/><T53/><D129/><U126/><E126/><V47/><F58/><W7/><G31/><T122/><D122/><U86/><E133/><V85/><F51/><W110/><G110/><T132/><D67/><U92/><E2/><V97/><F97/><W135/><G135/><T69/><D69/><U79/><E45/><V121/><F121/><W128/><G128/><T109/><D109/><U50/><E50/><V5/><F5/><W64/><G15/><T65/><D65/><U77/><E21/><V81/><REACH who="2" step="1"/><F87/><AGARI ba="0,0" hai="60,62,76,77,79,82,86,87,89,91,92,95,98,100" machi="87" ten="40,12000,1" yaku="8,1,52,3" doraHai="74" who="1" fromWho="2" sc="380,0,91,120,279,-120,250,0" /><INIT seed="1,1,0,0,4,2" ten="380,211,159,250" oya="1" hai0="101,26,105,131,54,83,62,16,37,58,112,109,93" hai1="81,27,84,97,100,76,38,85,94,122,99,108,42" hai2="59,98,32,65,115,125,75,48,28,57,52,45,61" hai3="71,56,23,9,67,87,123,21,50,135,30,4,88"/><U72/><E122/><V15/><F125/><W8/><G71/><T17/><D112/><U53/><E108/><V91/><F75/><W47/><G123/><T36/><D105/><U41/><E53/><V7/><F32/><W3/><G135/><T104/><D104/><U60/><E60/><V120/><F120/><W73/><G73/><T134/><D109/><U39/><E39/><V22/><F115/><W82/><G9/><T11/><D134/><U0/><E0/><V79/><F79/><W63/><REACH who="3" step="1"/><G30/><REACH who="3" ten="380,211,159,240" step="2"/><T121/><D121/><U68/><E68/><V111/><F111/><W116/><G116/><T10/><D10/><U78/><E72/><V89/><F98/><W103/><G103/><T129/><D11/><U114/><E97/><V70/><F70/><W31/><G31/><T43/><D101/><U69/><E69/><V14/><F28/><W133/><G133/><T96/><D96/><U20/><E114/><V102/><F102/><W107/><G107/><T77/><D131/><U74/><E74/><V44/><F7/><W90/><G90/><N who="2" m="34313" /><F22/><W95/><G95/><T117/><D93/><U127/><E94/><V19/><F19/><W110/><G110/><T6/><D16/><U92/><E92/><V24/><F24/><W49/><G49/><T128/><D128/><U80/><E100/><V113/><F113/><W5/><G5/><T34/><D6/><U130/><E130/><V86/><F86/><W46/><G46/><AGARI ba="1,1" hai="14,15,44,45,46,48,52,57,59,61,65" m="34313" machi="46" ten="30,2000,0" yaku="8,1,54,1" doraHai="2" who="2" fromWho="3" sc="380,0,211,0,159,33,240,-23" /><INIT seed="2,0,0,3,5,83" ten="380,211,192,217" oya="2" hai0="129,115,81,45,53,120,5,99,92,41,113,108,89" hai1="31,132,66,107,6,71,54,48,57,17,93,12,104" hai2="4,65,61,28,18,44,36,91,119,134,130,73,23" hai3="2,112,26,63,106,100,121,20,128,33,124,110,111"/><V8/><F119/><W114/><G33/><T3/><D120/><U0/><E132/><V7/><F134/><W25/><G2/><T97/><D108/><N who="3" m="41513" /><G63/><T95/><D129/><U127/><E127/><V15/><F73/><W79/><G79/><T49/><D81/><U34/><E93/><V10/><F130/><W72/><G72/><T105/><D105/><U60/><E6/><V43/><F91/><W27/><G128/><T35/><D35/><U109/><E0/><V87/><F87/><W52/><G52/><T40/><D5/><U101/><E101/><V38/><F38/><W59/><G59/><T37/><D3/><U62/><E109/><V47/><F47/><W1/><G1/><T14/><D14/><U85/><E60/><V77/><F77/><W133/><G133/><T103/><D41/><U86/><E104/><V68/><REACH who="2" step="1"/><F10/><REACH who="2" ten="380,211,182,217" step="2"/><W96/><G124/><T69/><D69/><U58/><E71/><V76/><F76/><W135/><G135/><T64/><D37/><U80/><E80/><V51/><F51/><W123/><G20/><T16/><D45/><U46/><E46/><V90/><F90/><W19/><G96/><T98/><D40/><U55/><E48/><V24/><AGARI ba="0,1" hai="4,7,8,15,18,23,24,28,36,43,44,61,65,68" machi="24" ten="30,3000,0" yaku="1,1,0,1,53,0" doraHai="83" doraHaiUra="74" who="2" fromWho="2" sc="380,-10,211,-10,182,40,217,-10" /><INIT seed="2,1,0,4,1,92" ten="370,201,222,207" oya="2" hai0="128,10,120,87,64,113,37,12,80,122,52,67,14" hai1="74,32,29,6,31,116,44,95,42,65,22,114,91" hai2="9,106,56,24,102,57,78,13,25,0,86,135,75" hai3="47,107,30,133,108,26,89,112,43,5,94,79,50"/><V90/><F135/><W55/><G108/><T121/><D113/><U54/><E114/><V20/><F0/><W83/><G133/><T99/><D37/><U85/><E116/><V35/><F75/><W105/><G112/><T130/><D99/><U81/><E32/><V11/><F78/><W40/><G5/><N who="0" m="3151" /><D14/><U129/><E129/><N who="0" m="49769" /><D52/><U51/><E65/><V49/><F102/><W127/><G127/><T33/><D33/><U97/><E74/><V4/><F106/><W27/><G107/><T115/><D115/><U111/><E111/><V124/><F11/><W98/><G105/><T1/><D1/><U46/><E6/><V104/><F104/><W118/><G118/><T17/><D17/><U109/><E22/><V62/><F35/><W66/><G66/><T23/><D23/><U63/><E109/><V72/><F20/><W69/><G69/><T100/><D100/><U123/><E123/><V45/><F124/><W59/><G30/><T16/><D16/><U7/><E7/><V68/><F68/><W70/><G70/><T96/><D96/><U53/><E53/><N who="2" m="29871" /><F24/><W19/><G19/><T117/><D117/><U38/><REACH who="1" step="1"/><E63/><REACH who="1" ten="370,191,222,207" step="2"/><V134/><F62/><N who="3" m="36223" /><G40/><T15/><D122/><U39/><E39/><V84/><F134/><W125/><G125/><T103/><D121/><U131/><E131/><V3/><F4/><W8/><G8/><T2/><D120/><U77/><AGARI ba="1,1" hai="29,31,38,42,44,46,51,54,77,81,85,91,95,97" machi="77" ten="20,8000,1" yaku="1,1,0,1,7,1,52,1,53,1" doraHai="92" doraHaiUra="73" who="1" fromWho="1" sc="370,-21,191,93,222,-41,207,-21" /><INIT seed="3,0,0,0,3,113" ten="349,284,181,186" oya="3" hai0="36,109,51,62,86,107,119,81,130,87,66,1,19" hai1="31,74,127,135,122,54,44,116,9,80,29,49,34" hai2="79,126,102,96,91,105,85,70,22,32,25,95,59" hai3="118,35,82,28,132,10,103,114,88,90,131,120,106"/><W89/><G35/><T58/><D36/><U63/><E122/><V3/><F70/><W27/><G28/><T108/><D119/><U67/><E127/><V20/><F3/><W84/><G27/><T13/><D130/><U128/><E128/><V47/><F126/><W99/><G10/><T76/><D1/><U101/><E135/><V100/><F47/><W30/><G131/><T112/><D112/><U52/><E101/><N who="2" m="39019" /><F105/><W134/><G30/><T42/><D107/><U6/><E54/><V46/><F32/><W93/><G114/><T15/><D86/><U83/><E116/><V61/><F46/><W50/><G120/><T121/><D121/><U98/><E98/><V26/><F79/><N who="3" m="46175" /><G50/><T117/><D117/><U40/><E40/><V4/><F4/><W7/><G7/><T16/><D51/><U104/><E34/><V64/><F96/><N who="3" m="61799" /><G118/><T77/><D42/><U129/><E129/><V133/><F133/><AGARI ba="0,0" hai="88,89,90,93,99,132,133,134" m="61799,46175" machi="133" ten="30,11600,0" yaku="20,1,34,2,54,1" doraHai="113" who="3" fromWho="2" sc="349,0,284,0,181,-116,186,116" /><INIT seed="3,1,0,5,5,127" ten="349,284,65,302" oya="3" hai0="75,126,4,9,72,2,22,112,54,86,1,125,76" hai1="103,91,33,58,131,32,77,106,50,6,18,108,118" hai2="20,31,89,16,119,67,99,11,124,84,3,132,59" hai3="64,73,45,62,98,10,74,21,87,15,81,95,35"/><W109/><G35/><T115/><D2/><U88/><E108/><V83/><F124/><N who="0" m="47722" /><D115/><U29/><E118/><V63/><F119/><W110/><G21/><T94/><D112/><U78/><E6/><V79/><F132/><W56/><G45/><T135/><D135/><U80/><E18/><V55/><F3/><W40/><G40/><T23/><D54/><N who="1" m="32087" /><E106/><V100/><F79/><N who="1" m="30217" /><E33/><V27/><F11/><W69/><G69/><T52/><D52/><U47/><E32/><V24/><F55/><W93/><G93/><T42/><D42/><U101/><E47/><V96/><F27/><W28/><G28/><T68/><D68/><U7/><E7/><V8/><F8/><W128/><G74/><N who="0" m="28203" /><D94/><U60/><E60/><V13/><F99/><W105/><G73/><T121/><D121/><U49/><E49/><V5/><F5/><N who="3" m="3535" /><G95/><T133/><D133/><U41/><E41/><V61/><F61/><W25/><G25/><T85/><D76/><U82/><E29/><V114/><F114/><W107/><G107/><T116/><D116/><U111/><E111/><N who="3" m="42506" /><G105/><T37/><D37/><U65/><E65/><V38/><F38/><W113/><G113/><T34/><D34/><U0/><E0/><V46/><F46/><W43/><G43/><T104/><D104/><U36/><E36/><V57/><F57/><W26/><G26/><T14/><D23/><U130/><E80/><V120/><F120/><W12/><G12/><T53/><D53/><U70/><E70/><V97/><REACH who="2" step="1"/><F100/><REACH who="2" ten="349,284,55,302" step="2"/><N who="1" m="38473" /><E82/><V17/><F17/><AGARI ba="1,1" hai="1,4,9,14,17,22,85,86" m="28203,47722" machi="17" ten="30,1000,0" yaku="18,1" doraHai="127" who="0" fromWho="2" sc="349,23,284,0,55,-13,302,0" owari="372,47.2,284,-11.6,42,-45.8,302,10.2" /></mjloggm>