<mjloggm ver="2.3"><GO type="225" lobby="0"/><UN n0="%E6%81%A5%E6%99%92%E3%81%97" n1="%E3%81%B2%E3%81%AA%E3%81%AE%E3%82%8A%E3%81%8F" n2="%E5%A4%9C%E3%81%AE%E3%82%AC%E3%82%B9%E3%83%91%E3%83%BC%E3%83%AB" n3="%E3%82%A2%E3%83%A1%E3%82%A2%E3%83%A9%E3%83%AC" dan="16,16,17,16" rate="2076.52,2117.79,2193.46,2174.73" sx="M,M,M,M"/><TAIKYOKU oya="0"/><INIT seed="0,0,0,1,1,76" ten="250,250,250,250" oya="0" hai0="37,94,63,53,102,26,127,49,105,117,74,87,101" hai1="78,55,64,59,118,129,134,58,29,103,45,24,91" hai2="88,32,19,10,5,56,50,0,96,124,95,36,89" hai3="90,51,31,123,15,2,61,85,115,97,86,35,65"/><T30/><D117/><U8/><E118/><V120/><F36/><W126/><G115/><T48/><D37/><U79/><E134/><V110/><F120/><W72/><G2/><T34/><D127/><U109/><E109/><V23/><F32/><W84/><G72/><T41/><D74/><U114/><E114/><V46/><F110/><W81/><G126/><T44/><D105/><U92/><E103/><V98/><F56/><W3/><G3/><T47/><D94/><U6/><E45/><V125/><F89/><W104/><G51/><T99/><D99/><U18/><E64/><V9/><F9/><W52/><G15/><T20/><D34/><U108/><E108/><V106/><F98/><W28/><G123/><T69/><REACH who="0" step="1"/><D87/><REACH who="0" ten="240,250,250,250" step="2"/><U77/><E129/><V14/><REACH who="2" step="1"/><F106/><REACH who="2" ten="240,250,240,250" step="2"/><W130/><G97/><T1/><D1/><U131/><E131/><V13/><F13/><W112/><G104/><T83/><D83/><U111/><E111/><V11/><F11/><W100/><G81/><T132/><D132/><U82/><E82/><V62/><F62/><W113/><G61/><T39/><D39/><U75/><E8/><V57/><F57/><W60/><G130/><T38/><D38/><U71/><E59/><V12/><F12/><W33/><G112/><T133/><D133/><U54/><E58/><V122/><F122/><W42/><G60/><T135/><D135/><U7/><E75/><V68/><F68/><W21/><G113/><T128/><D128/><U70/><E71/><V66/><F66/><AGARI ba="0,2" hai="20,26,30,41,44,47,48,49,53,63,66,69,101,102" machi="66" ten="40,2000,0" yaku="1,1,53,0" doraHai="76" doraHaiUra="116" who="0" fromWho="2" sc="240,40,250,0,240,-20,250,0" /><INIT seed="0,1,0,0,1,83" ten="280,250,220,250" oya="0" hai0="110,37,48,126,105,26,36,133,60,134,58,75,112" hai1="87,1,8,39,19,129,57,31,50,13,49,38,81" hai2="85,16,20,103,80,54,66,132,124,34,130,43,88" hai3="51,73,78,96,119,76,97,93,120,127,69,115,67"/><T59/><D112/><U44/><E129/><V45/><F124/><W18/><G115/><T91/><D75/><U84/><E1/><V92/><F130/><W46/><G119/><T53/><D105/><U5/><E31/><V21/><F34/><W79/><G127/><T2/><D2/><U95/><E39/><V28/><F132/><N who="0" m="50794" /><D126/><U42/><E38/><N who="0" m="14953" /><D26/><U99/><E5/><V25/><F66/><W86/><G73/><T32/><D32/><U27/><E27/><N who="2" m="14727" /><F43/><W56/><G69/><T10/><D91/><N who="1" m="55807" /><E81/><V64/><F64/><W116/><G116/><T0/><D10/><U77/><E77/><N who="2" m="46223" /><F103/><W128/><G128/><T72/><D72/><U94/><E94/><V4/><F4/><W101/><G101/><T102/><D0/><U30/><E30/><V63/><F45/><W22/><G120/><T29/><D29/><U90/><E90/><V117/><F117/><W62/><G93/><T3/><D3/><U17/><E17/><V111/><F111/><W40/><REACH who="3" step="1"/><G86/><REACH who="3" ten="280,250,220,240" step="2"/><T70/><D102/><U113/><E113/><V122/><F122/><W41/><G41/><T89/><D70/><U104/><E104/><V7/><F7/><W71/><G71/><T15/><D110/><U135/><E135/><V55/><F63/><W9/><G9/><T33/><D33/><U98/><E98/><AGARI ba="1,1" hai="21,25,28,54,55,88,92,98" m="46223,14727" machi="98" ten="30,7700,0" yaku="8,1,52,1,54,2" doraHai="83" who="2" fromWho="1" sc="280,0,250,-80,220,90,240,0" /><INIT seed="1,0,0,3,2,92" ten="280,170,310,240" oya="1" hai0="103,81,33,93,78,105,28,94,131,112,37,58,111" hai1="110,12,31,23,98,63,91,40,16,54,84,106,122" hai2="57,85,107,55,11,24,120,32,64,127,86,4,5" hai3="73,123,124,42,21,135,52,2,100,70,27,126,35"/><U87/><E122/><V130/><F120/><W14/><G123/><T49/><D37/><U66/><E40/><V53/><F127/><N who="3" m="48683" /><G70/><T90/><D112/><U82/><E54/><V47/><F130/><W3/><G73/><T59/><D131/><U104/><E110/><V20/><F32/><W97/><G42/><T6/><D6/><U89/><E31/><V114/><F114/><W50/><G14/><T115/><D115/><U10/><E10/><V125/><F125/><W65/><G65/><T102/><D111/><U48/><E48/><N who="2" m="28831" /><F107/><N who="3" m="63887" /><G35/><T43/><D33/><U26/><E12/><N who="2" m="5223" /><F64/><W74/><G74/><T7/><D7/><U116/><E116/><V134/><F5/><W15/><G15/><T77/><D105/><U22/><E22/><V95/><F24/><W99/><G99/><T88/><D43/><U34/><E34/><V75/><F75/><W79/><G79/><T0/><D0/><U62/><E98/><V80/><F55/><W68/><G68/><T83/><REACH who="0" step="1"/><D49/><REACH who="0" ten="270,170,310,240" step="2"/><U72/><E72/><V19/><F19/><N who="3" m="12735" /><G135/><T45/><D45/><AGARI ba="0,1" hai="2,3,45,50,52" m="12735,63887,48683" machi="45" ten="30,3900,0" yaku="18,1,52,1,54,1" doraHai="92" who="3" fromWho="0" sc="270,-39,170,0,310,0,240,49" /><INIT seed="2,0,0,3,0,125" ten="231,170,310,289" oya="2" hai0="93,44,51,81,117,50,75,13,134,19,33,113,25" hai1="76,60,45,108,111,103,7,89,92,23,56,36,6" hai2="119,109,2,127,49,67,54,70,128,8,102,77,69" hai3="94,101,22,59,104,124,5,105,82,96,98,40,73"/><V0/><F119/><W62/><G124/><T9/><D113/><U24/><E103/><V30/><F127/><W39/><G5/><T95/><D134/><U14/><E76/><V1/><F102/><W3/><G3/><T48/><D117/><U99/><E36/><V38/><F38/><W46/><G96/><T47/><D75/><U135/><E45/><V64/><F30/><W78/><REACH who="3" step="1"/><G22/><REACH who="3" ten="231,170,310,279" step="2"/><N who="0" m="13535" /><D33/><U65/><E135/><V91/><F2/><W43/><G43/><T115/><D115/><U83/><E83/><V32/><F1/><W26/><G26/><T74/><D47/><U58/><E58/><V4/><F4/><W18/><G18/><N who="0" m="8495" /><D74/><U100/><E14/><V34/><F0/><W122/><G122/><T68/><D44/><U20/><E7/><V133/><F133/><W66/><AGARI ba="0,1" hai="39,40,46,59,62,66,73,78,82,94,98,101,104,105" machi="66" ten="20,2700,0" yaku="1,1,0,1,7,1,53,0" doraHai="125" doraHaiUra="15" who="3" fromWho="3" sc="231,-7,170,-7,310,-13,279,37" /><INIT seed="3,0,0,3,4,43" ten="224,163,297,316" oya="3" hai0="36,47,101,11,77,86,59,81,80,78,6,33,40" hai1="99,94,132,104,115,21,105,34,46,45,28,127,26" hai2="29,52,131,23,120,110,113,124,62,98,3,88,14" hai3="27,116,31,1,38,118,97,20,53,128,134,83,103"/><W25/><G1/><T122/><D122/><U114/><E132/><V76/><F113/><W22/><G38/><T41/><D33/><U90/><E127/><V13/><F3/><W100/><G134/><T65/><D101/><U82/><E34/><V2/><F2/><W60/><G128/><T49/><D41/><U84/><E114/><V54/><F131/><W87/><G53/><N who="2" m="20585" /><F124/><W133/><G60/><T119/><D119/><U123/><E123/><V0/><F0/><W106/><G100/><T8/><D36/><U135/><E135/><V73/><F73/><W125/><G125/><T75/><REACH who="0" step="1"/><D6/><REACH who="0" ten="214,163,297,316" step="2"/><U57/><E115/><V39/><F39/><W18/><G133/><T89/><D89/><AGARI ba="0,1" hai="18,20,22,25,27,31,83,87,89,97,103,106,116,118" machi="89" ten="30,1500,0" yaku="7,1" doraHai="43" who="3" fromWho="0" sc="214,-15,163,0,297,0,316,25" owari="199,-20.1,163,-33.7,297,9.7,341,44.1" /></mjloggm>