<mjloggm ver="2.3"><GO type="225" lobby="0"/><UN n0="%E3%81%95%E3%81%8D%E3%81%9F%E3%81%BE%E6%9E%97%E6%AA%8E" n1="%E3%81%A1%E3%82%85%E3%81%86%E3%81%A9%E3%81%8F%E8%B1%A1%E3%81%95%E3%82%93" n2="%E3%81%A9%E3%82%8F%E3%82%93%E3%81%94" n3="%6D%75%75%6D%75%72%61" dan="16,17,16,16" rate="2081.76,2169.41,2202.58,2135.61" sx="M,M,M,F"/><TAIKYOKU oya="0"/><INIT seed="0,0,0,1,3,106" ten="250,250,250,250" oya="0" hai0="133,96,87,135,61,91,10,31,17,24,11,90,83" hai1="80,70,118,44,7,16,130,103,47,6,25,82,20" hai2="4,77,45,39,21,50,88,72,68,117,34,29,46" hai3="89,55,48,62,19,124,56,23,127,78,8,102,67"/><T84/><D96/><U53/><E70/><V30/><F68/><W101/><G89/><T94/><D61/><U85/><E118/><V3/><F34/><W79/><G8/><T60/><D60/><U65/><E130/><V52/><F117/><W58/><G79/><T22/><REACH who="0" step="1"/><D31/><REACH who="0" ten="240,250,250,250" step="2"/><U112/><E112/><V113/><F113/><W27/><REACH who="3" step="1"/><G78/><REACH who="3" ten="240,250,250,240" step="2"/><T63/><D63/><U69/><E103/><AGARI ba="0,2" hai="19,23,27,48,55,56,58,62,67,101,102,103,124,127" machi="103" ten="40,2600,0" yaku="1,1,2,1,53,0" doraHai="106" doraHaiUra="43" who="3" fromWho="1" sc="240,0,250,-26,250,0,240,46" /><INIT seed="1,0,0,2,2,21" ten="240,224,250,286" oya="1" hai0="100,11,70,29,103,43,31,126,62,14,134,85,65" hai1="32,44,80,27,99,19,39,115,86,106,130,110,28" hai2="98,46,111,35,37,55,125,22,16,83,112,68,114" hai3="41,127,96,18,109,34,129,2,17,79,49,73,131"/><U135/><E115/><N who="2" m="44075" /><F111/><W48/><G109/><T67/><D126/><U66/><E110/><V71/><F125/><W108/><G108/><T63/><D134/><U75/><E135/><V25/><F98/><W60/><G127/><T58/><D43/><U94/><E130/><V57/><F35/><W30/><G2/><T120/><D120/><U10/><E66/><V81/><F46/><W56/><G73/><T40/><D40/><U121/><E121/><V97/><F97/><W133/><G79/><T90/><D103/><U72/><E106/><V89/><F37/><W45/><G49/><T132/><D100/><U104/><E104/><V13/><F13/><W102/><G133/><T33/><D33/><U42/><E19/><V93/><F93/><W78/><G78/><T69/><D58/><U38/><E10/><V107/><F107/><W51/><G51/><T64/><D64/><U3/><E3/><V122/><F89/><W119/><G119/><T15/><D15/><U1/><E1/><V59/><F59/><W101/><G101/><T124/><D124/><U117/><E117/><V9/><F9/><W77/><G77/><T36/><D36/><U61/><E38/><V12/><F12/><W88/><G102/><T26/><D132/><U74/><E61/><N who="2" m="36031" /><F122/><W91/><G129/><T8/><D8/><U76/><REACH who="1" step="1"/><E99/><REACH who="1" ten="240,214,250,286" step="2"/><V123/><F123/><W6/><G131/><T82/><REACH who="0" step="1"/><D26/><REACH who="0" ten="230,214,250,286" step="2"/><U92/><AGARI ba="0,2" hai="27,28,32,39,42,44,72,74,75,76,80,86,92,94" machi="92" ten="40,12000,1" yaku="1,1,2,1,0,1,52,1,53,0" doraHai="21" doraHaiUra="47" who="1" fromWho="1" sc="230,-40,214,140,250,-40,286,-40" /><INIT seed="1,1,0,2,1,113" ten="190,354,210,246" oya="1" hai0="24,73,107,3,38,86,135,49,5,89,48,35,66" hai1="78,127,121,19,97,40,82,43,8,17,93,116,68" hai2="70,62,30,41,100,76,88,36,27,96,42,91,122" hai3="75,47,45,23,83,58,0,64,129,14,22,50,103"/><U95/><E68/><V102/><F122/><W104/><G0/><T130/><D73/><U125/><E121/><V44/><F42/><N who="1" m="15913" /><E116/><V16/><F76/><W10/><G129/><T101/><D38/><U52/><E52/><V1/><F1/><W28/><G104/><T51/><D130/><U92/><E97/><V7/><F7/><W33/><G103/><T111/><D111/><U9/><E82/><V124/><F124/><N who="1" m="47689" /><E78/><V106/><F102/><W18/><G47/><T98/><D66/><U126/><E126/><V80/><F80/><W11/><G45/><T99/><D99/><U2/><E2/><V79/><F79/><W131/><G64/><T60/><D60/><U133/><E133/><V118/><F118/><W57/><G83/><T108/><D108/><U110/><E110/><V128/><F128/><W59/><G59/><T120/><D120/><U77/><E77/><V123/><F123/><W87/><G58/><T109/><D109/><U55/><E55/><V26/><F62/><W117/><G87/><T105/><D135/><U94/><E94/><V20/><REACH who="2" step="1"/><F70/><REACH who="2" ten="190,354,200,246" step="2"/><W4/><G117/><T21/><D3/><U69/><E69/><V132/><F132/><W12/><G131/><T71/><D71/><U90/><E90/><V37/><F37/><W114/><G75/><T32/><D89/><U112/><E112/><V74/><F74/><W13/><G114/><T6/><D101/><U34/><E34/><AGARI ba="1,1" hai="16,20,26,27,30,34,36,41,44,88,91,96,100,106" machi="34" ten="30,8000,1" yaku="1,1,7,1,54,2,53,1" doraHai="113" doraHaiUra="31" who="2" fromWho="1" sc="190,0,354,-83,200,93,246,0" /><INIT seed="2,0,0,0,3,33" ten="190,271,293,246" oya="2" hai0="94,102,67,123,30,96,34,97,95,72,35,91,80" hai1="37,18,98,115,42,86,52,108,36,135,48,9,129" hai2="63,49,39,53,128,11,47,20,81,124,50,59,7" hai3="32,6,82,57,88,106,83,4,113,28,46,25,58"/><V65/><F124/><W15/><G106/><T133/><D123/><U116/><E115/><V89/><F128/><W125/><G125/><T117/><D117/><U21/><E116/><V27/><F39/><W119/><G119/><T114/><D114/><U5/><E129/><V31/><F81/><W127/><G127/><T90/><D67/><U41/><E135/><V54/><F89/><W77/><G113/><T45/><D133/><U75/><E75/><V126/><F126/><W104/><G104/><T29/><D102/><U134/><E134/><V40/><REACH who="2" step="1"/><F50/><REACH who="2" ten="190,271,283,246" step="2"/><W99/><G82/><T56/><D80/><U112/><E36/><V2/><AGARI ba="0,1" hai="2,7,11,20,27,31,40,47,49,53,54,59,63,65" machi="2" ten="20,12000,1" yaku="1,1,2,1,0,1,7,1,52,1,53,0" doraHai="33" doraHaiUra="76" who="2" fromWho="2" sc="190,-40,271,-40,283,130,246,-40" /><INIT seed="2,1,0,5,5,61" ten="150,231,413,206" oya="2" hai0="45,130,23,18,55,37,126,51,99,92,119,15,133" hai1="102,29,56,76,38,34,74,109,101,72,58,83,88" hai2="6,35,48,124,127,98,121,132,80,120,95,8,68" hai3="89,10,64,57,73,3,128,60,27,86,85,107,94"/><V5/><F35/><W2/><G73/><N who="1" m="28266" /><E38/><V77/><F132/><W108/><G108/><T87/><D133/><U41/><E41/><V125/><F68/><W53/><G107/><T39/><D130/><U42/><E42/><V24/><F24/><W22/><G128/><T118/><D126/><U111/><E29/><V91/><F48/><W30/><G10/><T100/><REACH who="0" step="1"/><D87/><REACH who="0" ten="140,231,413,206" step="2"/><U0/><E111/><V81/><F127/><W113/><G86/><T20/><D20/><U50/><E109/><V12/><F125/><W79/><G113/><T110/><D110/><U75/><E34/><V115/><F124/><W78/><G78/><T112/><D112/><U11/><E76/><V67/><F115/><W97/><G79/><T9/><D9/><U65/><E11/><V69/><F77/><W135/><G135/><T31/><D31/><U21/><E75/><V62/><F5/><W82/><G85/><T105/><D105/><U28/><E21/><V123/><AGARI ba="1,1" hai="6,8,12,62,67,69,80,81,91,95,98,120,121,123" machi="123" ten="30,3000,0" yaku="0,1,52,1" doraHai="61" who="2" fromWho="2" sc="140,-11,231,-11,413,43,206,-11" /><INIT seed="2,2,0,3,0,61" ten="129,220,456,195" oya="2" hai0="85,15,130,14,74,73,84,93,76,128,134,17,77" hai1="89,9,13,64,78,21,95,32,57,126,91,11,106" hai2="86,43,118,127,38,113,52,103,19,115,99,34,27" hai3="40,5,3,92,80,90,53,120,108,82,66,30,16"/><V42/><F118/><W50/><G120/><T131/><D17/><N who="1" m="10415" /><E32/><V24/><F127/><W20/><G108/><T109/><D109/><U87/><E106/><V104/><F38/><W117/><G117/><T58/><D58/><U96/><E78/><N who="0" m="30313" /><D134/><U31/><E31/><V59/><F86/><N who="0" m="33386" /><D93/><N who="1" m="54463" /><E126/><V114/><F19/><W4/><G3/><T75/><AGARI ba="2,0" hai="14,15,73,74,75,128,130,131" m="33386,30313" machi="75" ten="50,6400,0" yaku="28,2,19,1" doraHai="61" who="0" fromWho="0" sc="129,70,220,-18,456,-34,195,-18" /><INIT seed="3,0,0,1,0,121" ten="199,202,422,177" oya="3" hai0="36,67,125,135,60,119,107,82,20,14,92,83,26" hai1="58,3,51,29,27,56,91,63,93,123,101,69,97" hai2="61,38,133,50,45,104,75,4,43,10,0,122,9" hai3="5,131,28,81,124,2,25,71,114,13,79,132,130"/><W32/><G114/><T33/><D119/><U102/><E123/><V48/><F122/><W95/><G71/><T76/><D107/><U15/><E3/><V11/><F133/><W129/><G132/><T103/><D135/><U99/><E15/><V78/><F104/><W89/><G124/><T24/><D36/><U37/><E37/><V113/><F113/><W53/><G2/><T70/><D125/><U57/><E51/><N who="2" m="19499" /><F61/><W85/><G53/><T127/><D127/><U73/><E73/><V126/><F126/><W106/><G106/><T35/><D83/><AGARI ba="0,0" hai="0,4,9,10,11,38,43,45,75,78,83" m="19499" machi="83" ten="30,1000,0" yaku="25,1" doraHai="121" who="2" fromWho="0" sc="199,-10,202,0,422,10,177,0" owari="189,-21.1,202,0.2,432,53.2,177,-32.3" /></mjloggm>