<mjloggm ver="2.3"><GO type="225" lobby="0"/><UN n0="%E9%B3%B3%E6%9D%B1%E3%81%AE%E3%81%86%E3%81%95%E3%81%8E%E3%81%95%E3%82%93" n1="%E3%81%B5%E3%81%98%E3%81%8B%E3%81%A4" n2="%77%72%77%72%77%72%77%72" n3="%E3%81%BF%E3%81%BF%E3%81%9A" dan="17,16,17,17" rate="2294.16,2146.17,2158.33,2277.37" sx="M,M,M,M"/><TAIKYOKU oya="0"/><INIT seed="0,0,0,1,2,58" ten="250,250,250,250" oya="0" hai0="22,114,118,68,31,93,87,4,135,55,102,125,15" hai1="110,80,0,52,56,25,75,74,78,26,47,73,105" hai2="92,21,95,39,89,119,126,37,123,84,133,124,46" hai3="128,127,53,77,30,32,113,33,60,76,12,88,101"/><T24/><D114/><U43/><E110/><V129/><F123/><W27/><G113/><T9/><D118/><U29/><E105/><V85/><F119/><W97/><G127/><N who="2" m="48681" /><F129/><W18/><G128/><T107/><D125/><U28/><E0/><V117/><F117/><W64/><G33/><T7/><D135/><U54/><E25/><V3/><F3/><W91/><G53/><T14/><D68/><U19/><E19/><V10/><F10/><W65/><G65/><T16/><D107/><U66/><E66/><V36/><F133/><W48/><G48/><T71/><D71/><U109/><E109/><V17/><F46/><W106/><G76/><T6/><D55/><U62/><E54/><V50/><F50/><W131/><G77/><T23/><REACH who="0" step="1"/><D87/><REACH who="0" ten="240,250,250,250" step="2"/><U42/><E42/><V115/><F115/><W45/><G131/><T134/><D134/><U61/><E75/><V49/><F84/><W103/><G45/><T38/><D38/><U121/><E74/><V98/><F49/><W34/><G34/><T35/><D35/><U79/><E121/><V96/><F95/><W90/><G106/><T57/><D57/><U120/><E120/><V82/><F92/><W11/><REACH who="3" step="1"/><G97/><AGARI ba="0,1" hai="4,6,7,9,14,15,16,22,23,24,31,93,97,102" machi="97" ten="40,7700,0" yaku="1,1,8,1,54,1,53,0" doraHai="58" doraHaiUra="67" who="0" fromWho="3" sc="240,87,250,0,250,0,250,-77" /><INIT seed="0,1,0,0,0,105" ten="327,250,250,173" oya="0" hai0="110,18,22,131,106,58,134,81,118,121,45,133,46" hai1="19,75,21,94,111,87,63,123,4,114,130,38,120" hai2="35,51,103,36,74,11,37,119,116,9,23,68,26" hai3="62,30,32,109,59,122,79,13,33,100,99,85,52"/><T56/><D118/><N who="2" m="45098" /><F35/><W1/><G109/><T115/><D115/><U47/><E111/><V97/><F68/><W44/><G1/><T91/><D121/><U55/><E114/><V102/><F51/><W117/><G122/><T24/><D110/><U82/><E130/><V54/><F54/><W49/><G117/><T39/><D106/><U27/><E4/><V57/><F57/><N who="0" m="22122" /><D39/><N who="2" m="14922" /><F74/><W125/><G125/><T65/><D65/><U90/><E38/><V124/><F124/><W60/><G13/><T15/><D131/><U7/><E7/><V64/><F64/><W6/><G6/><T72/><D15/><U129/><E129/><V93/><F102/><W50/><G30/><AGARI ba="1,0" hai="9,11,23,26,30,93,97,103" m="14922,45098" machi="30" ten="30,1000,0" yaku="12,1" doraHai="105" who="2" fromWho="3" sc="327,0,250,0,250,13,173,-13" /><INIT seed="1,0,0,4,1,113" ten="327,250,263,160" oya="1" hai0="19,65,68,9,114,131,34,27,20,98,90,130,14" hai1="108,82,120,54,16,0,91,42,29,92,5,111,43" hai2="89,46,125,115,116,97,55,117,124,99,105,39,12" hai3="104,77,85,66,18,123,45,96,23,28,109,56,15"/><U35/><E120/><V4/><F115/><W30/><G123/><T53/><D114/><U135/><E82/><V86/><F4/><W74/><G74/><T59/><D68/><U2/><E135/><V57/><F12/><W17/><G109/><N who="1" m="42058" /><E54/><V38/><F46/><W95/><G104/><T88/><D34/><U32/><E16/><V3/><F3/><N who="1" m="1065" /><E5/><V73/><F73/><W64/><G45/><T52/><D65/><U58/><E58/><V80/><F57/><W22/><G85/><T31/><D53/><U11/><E11/><V13/><F55/><W72/><G72/><T50/><D98/><N who="2" m="37386" /><F13/><W26/><G77/><T83/><REACH who="0" step="1"/><D83/><REACH who="0" ten="317,250,263,160" step="2"/><U21/><E35/><V81/><F81/><W128/><G128/><AGARI ba="0,1" hai="9,14,19,20,27,31,50,52,59,88,90,128,130,131" machi="128" ten="40,8000,1" yaku="1,1,2,1,19,1,54,2,53,0" doraHai="113" doraHaiUra="102" who="0" fromWho="3" sc="317,90,250,0,263,0,160,-80" /><INIT seed="2,0,0,2,5,87" ten="407,250,263,80" oya="2" hai0="133,45,21,93,96,65,51,20,98,123,83,2,66" hai1="52,122,117,33,68,135,109,108,73,63,89,8,13" hai2="49,42,23,3,71,6,102,132,59,60,12,110,103" hai3="62,11,56,36,118,119,29,1,25,19,4,54,85"/><V111/><F71/><W101/><G36/><T74/><D2/><U0/><E117/><V121/><F121/><W46/><G101/><T97/><D123/><U99/><E0/><V77/><F3/><W90/><G46/><T9/><D133/><U26/><E73/><V35/><F35/><W92/><REACH who="3" step="1"/><G19/><REACH who="3" ten="407,250,263,70" step="2"/><T32/><D45/><U14/><E122/><V50/><F102/><W43/><G43/><T134/><D134/><U113/><E135/><V124/><F103/><W67/><G67/><T130/><D65/><U64/><E113/><V40/><F132/><W57/><G57/><T95/><D66/><U41/><E41/><V28/><F59/><W120/><G120/><T129/><D129/><U125/><E68/><V79/><F40/><W84/><G84/><T44/><D44/><U34/><E64/><V53/><F42/><W126/><G126/><T128/><D130/><U114/><E114/><V22/><F124/><W72/><G72/><T31/><D74/><U82/><E125/><V61/><F53/><W55/><G55/><T58/><D58/><U94/><E52/><V10/><F111/><W107/><G107/><T27/><D128/><U47/><E109/><V131/><F110/><W70/><G70/><T112/><D112/><U76/><E108/><V78/><F131/><W5/><G5/><T48/><D97/><U115/><E47/><V37/><F37/><W100/><G100/><T104/><D98/><N who="1" m="57679" /><E115/><V81/><F6/><W88/><G88/><T30/><D96/><U24/><E99/><V127/><F127/><W18/><G18/><N who="0" m="12695" /><D104/><U106/><E106/><RYUUKYOKU ba="0,1" sc="407,-10,250,-10,263,-10,70,30" hai3="1,4,11,25,29,54,56,62,85,90,92,118,119" /><INIT seed="3,1,1,5,4,28" ten="397,240,253,100" oya="3" hai0="128,27,74,123,58,60,117,92,86,16,23,94,107" hai1="37,9,59,65,133,96,40,112,64,30,95,54,6" hai2="70,14,61,105,99,77,33,10,26,24,108,13,56" hai3="90,122,132,69,68,62,22,34,81,39,35,113,55"/><W44/><G113/><T49/><D74/><U116/><E133/><V0/><F33/><W46/><G122/><T20/><D107/><U63/><E112/><V3/><F70/><W110/><G132/><T115/><D117/><U114/><E30/><V91/><F77/><W51/><G110/><T12/><D115/><U126/><E114/><V15/><F108/><W73/><G22/><T8/><D128/><U5/><E116/><V32/><F32/><W57/><G69/><T82/><D49/><U83/><E83/><V130/><F105/><W100/><G100/><T1/><D1/><U88/><E126/><V135/><F0/><W118/><G118/><T75/><D75/><U29/><E29/><V43/><F43/><N who="3" m="22655" /><G46/><T2/><D2/><U7/><REACH who="1" step="1"/><E9/><REACH who="1" ten="397,230,253,100" step="2"/><V125/><F125/><W89/><G89/><N who="0" m="51415" /><D20/><U87/><E87/><V71/><F71/><W79/><G90/><T121/><D123/><U101/><E101/><V38/><F38/><W120/><G120/><T103/><D103/><U84/><E84/><V102/><F91/><W72/><G72/><T45/><D121/><U76/><E76/><V67/><F135/><W106/><G106/><T131/><D23/><U93/><E93/><N who="2" m="58735" /><F130/><W111/><G111/><T97/><D131/><U21/><E21/><V104/><F104/><W53/><G53/><T4/><D94/><U25/><E25/><N who="2" m="9835" /><F3/><W80/><G81/><T50/><D92/><U48/><E48/><V36/><F36/><W47/><G47/><AGARI ba="1,2" hai="5,6,7,37,40,47,54,59,63,64,65,88,95,96" machi="47" ten="40,2600,0" yaku="1,1,54,1,53,0" doraHai="28" doraHaiUra="11" who="1" fromWho="3" sc="397,0,230,49,253,0,100,-29" owari="397,49.7,279,7.9,253,-14.7,71,-42.9" /></mjloggm>