<mjloggm ver="2.3"><GO type="225" lobby="0"/><UN n0="%E6%81%A5%E6%99%92%E3%81%97" n1="%E4%BF%BA%E3%81%A8%E5%A6%96%E5%A4%A2" n2="%33%74%72%65%65" n3="%E3%83%8F%E3%83%B3%E3%83%89%E3%83%A9%E3%83%BC%E3%83%BB%E3%83%AF%E3%83%B3" dan="16,17,16,17" rate="2108.13,2193.64,2115.56,2223.13" sx="M,F,F,M"/><TAIKYOKU oya="0"/><INIT seed="0,0,0,1,0,17" ten="250,250,250,250" oya="0" hai0="4,57,104,26,100,78,65,107,117,124,60,1,88" hai1="103,87,7,119,134,23,126,37,92,79,102,101,133" hai2="52,58,43,111,39,15,66,135,32,67,53,24,6" hai3="98,3,46,16,10,99,35,22,118,40,21,54,77"/><T61/><D117/><U70/><E70/><V89/><F111/><W128/><G118/><T9/><D124/><U105/><E37/><V13/><F135/><N who="1" m="51721" /><E7/><V94/><F39/><W74/><G35/><T125/><D125/><U106/><E126/><V47/><F32/><W83/><G128/><T93/><D78/><U34/><E34/><V131/><F131/><W38/><G54/><T56/><D100/><U109/><E119/><V51/><F24/><W115/><G115/><T27/><D104/><N who="1" m="40043" /><E23/><N who="3" m="8714" /><G16/><T132/><D107/><U86/><E109/><V25/><F25/><W84/><G84/><N who="1" m="32298" /><E79/><V80/><F6/><AGARI ba="0,0" hai="3,6,10,38,40,46,74,77,83,98,99" m="8714" machi="6" ten="30,7700,0" yaku="25,1,52,3" doraHai="17" who="3" fromWho="2" sc="250,0,250,0,250,-77,250,77" /><INIT seed="1,0,0,5,5,114" ten="250,250,173,327" oya="1" hai0="84,41,8,121,5,102,70,90,11,58,61,107,116" hai1="57,94,122,134,120,98,72,56,113,79,7,129,110" hai2="10,3,50,99,23,9,18,123,40,64,21,80,87" hai3="95,86,105,125,93,67,109,26,2,132,36,39,19"/><U60/><E113/><V16/><F123/><W54/><G105/><T115/><D115/><U59/><E134/><V28/><F64/><W52/><G2/><T131/><D121/><U68/><E129/><V117/><F117/><W124/><G67/><T97/><D131/><U128/><E128/><V29/><F3/><W81/><G109/><T47/><D70/><U83/><E110/><V96/><F40/><W43/><G132/><T49/><D5/><U32/><E32/><V22/><F50/><W51/><G19/><N who="2" m="7209" /><F87/><W37/><G26/><T13/><D13/><U34/><E34/><V77/><F77/><N who="3" m="46383" /><G43/><T1/><D1/><U82/><E68/><V46/><F80/><W17/><G17/><T111/><D111/><U66/><E122/><V27/><F27/><W14/><G14/><T38/><D38/><U89/><E120/><V25/><F25/><W4/><G4/><T133/><D133/><U69/><E82/><V42/><F42/><W0/><G0/><T119/><D8/><N who="2" m="3178" /><F46/><N who="3" m="27767" /><G54/><T53/><D11/><U126/><REACH who="1" step="1"/><E7/><REACH who="1" ten="250,240,173,327" step="2"/><V65/><F65/><W30/><G30/><AGARI ba="0,1" hai="21,22,23,28,29,30,96,99" m="3178,7209" machi="30" ten="30,7700,0" yaku="28,2,8,1,54,1" doraHai="114" who="2" fromWho="3" sc="250,0,240,0,173,87,327,-77" /><INIT seed="2,0,0,3,4,101" ten="250,240,260,250" oya="2" hai0="51,57,119,33,15,12,34,131,127,92,82,36,132" hai1="87,75,104,84,35,55,107,47,68,95,72,26,62" hai2="43,65,94,8,49,3,53,6,73,113,122,0,69" hai3="90,114,135,109,11,41,108,13,100,17,79,81,42"/><V67/><F122/><W24/><G135/><T28/><D36/><U83/><E68/><V111/><F113/><W23/><G114/><T61/><D132/><U4/><E4/><V48/><F111/><N who="3" m="42571" /><G90/><T86/><D131/><U58/><E95/><V1/><F73/><N who="3" m="43247" /><G100/><T45/><D127/><U103/><E103/><V123/><F123/><W64/><G64/><T120/><D120/><U22/><E35/><V7/><F65/><W10/><G10/><T39/><D92/><U105/><E47/><V37/><F8/><W134/><G134/><T89/><D119/><U46/><E46/><V78/><F94/><W115/><G115/><T20/><D34/><U80/><E80/><V85/><F67/><W9/><G9/><T74/><D33/><U18/><REACH who="1" step="1"/><E84/><REACH who="1" ten="250,230,260,250" step="2"/><V130/><F85/><W129/><G129/><T56/><D45/><U16/><E16/><AGARI ba="0,1" hai="11,13,16,17,23,24,41,42" m="43247,42571" machi="16" ten="30,2000,0" yaku="14,1,54,1" doraHai="101" who="3" fromWho="1" sc="250,0,230,-20,260,0,250,30" /><INIT seed="3,0,0,2,4,1" ten="250,210,260,280" oya="3" hai0="78,94,52,109,54,5,131,30,79,0,126,135,6" hai1="62,23,133,68,103,3,25,26,18,45,108,15,35" hai2="122,63,37,46,72,7,100,21,95,80,55,119,4" hai3="20,112,57,85,12,117,33,132,29,120,42,101,84"/><W98/><G112/><T51/><D109/><U76/><E108/><V61/><F119/><W47/><G117/><T111/><D111/><U116/><E116/><V56/><F122/><W64/><G120/><T134/><D126/><U93/><E133/><N who="0" m="50697" /><D131/><U121/><E121/><V106/><F106/><W16/><G132/><T113/><D113/><U40/><E35/><V24/><F63/><N who="3" m="37999" /><G33/><T38/><D38/><U2/><E76/><N who="0" m="29225" /><D0/><U44/><E44/><V70/><F70/><W11/><G101/><T17/><D30/><U89/><E103/><V50/><F37/><W88/><G47/><N who="0" m="27775" /><D17/><U123/><E123/><V60/><F72/><W39/><G42/><T13/><D13/><U32/><E32/><V127/><F127/><W81/><G39/><T48/><D94/><U59/><E68/><V36/><F36/><W66/><G66/><T22/><D22/><U124/><E2/><V125/><F125/><W49/><G29/><T129/><D129/><U27/><E3/><V104/><F104/><W86/><G20/><T67/><D67/><U58/><E124/><V34/><F34/><W53/><G98/><T65/><D65/><U43/><E45/><AGARI ba="0,0" hai="5,6,45,48,54" m="27775,29225,50697" machi="45" ten="30,7700,0" yaku="20,1,52,2,54,1" doraHai="1" who="0" fromWho="1" sc="250,77,210,-77,260,0,280,0" owari="327,42.7,133,-36.7,260,-14.0,280,8.0" /></mjloggm>