<mjloggm ver="2.3"><GO type="225" lobby="0"/><UN n0="%E3%83%A9%E3%83%96%E3%83%AC%E3%83%BC" n1="%73%6C%69%63%6B%33%31%39" n2="%E6%A1%9C%E8%8A%B1%E9%96%83%E3%80%85" n3="%E8%81%B7%E6%A5%AD%E3%80%81%E9%A2%A8%32" dan="18,16,18,16" rate="2196.20,2159.52,2199.46,2182.21" sx="M,M,M,M"/><TAIKYOKU oya="0"/><INIT seed="0,0,0,4,0,23" ten="250,250,250,250" oya="0" hai0="108,120,114,13,38,135,9,88,77,93,118,53,25" hai1="116,4,119,31,86,87,54,22,26,98,111,133,63" hai2="95,113,131,32,65,106,1,10,81,96,61,68,67" hai3="19,44,101,91,84,79,34,127,49,66,57,75,71"/><T18/><D118/><U85/><E111/><V70/><F113/><W14/><G127/><T28/><D114/><U64/><E133/><V36/><F131/><W132/><G132/><T94/><D135/><U39/><E39/><V109/><F109/><W37/><G37/><T124/><D108/><U72/><E72/><V48/><F81/><W82/><G34/><T83/><D124/><U27/><E4/><V35/><F48/><W42/><G71/><T46/><D120/><U99/><E54/><V33/><F95/><W129/><G129/><T52/><D38/><U92/><E27/><V3/><F10/><W112/><G101/><T110/><D110/><U115/><E115/><V6/><F6/><W122/><G122/><T62/><D53/><U56/><REACH who="1" step="1"/><E98/><REACH who="1" ten="250,240,250,250" step="2"/><V76/><F36/><W11/><G112/><T24/><D24/><U15/><E15/><V128/><F128/><W16/><G75/><T8/><D8/><U41/><E41/><V121/><F121/><W21/><G66/><T117/><D117/><U60/><E60/><N who="2" m="39975" /><F76/><W0/><G79/><T5/><D5/><U59/><E59/><V80/><F1/><W100/><G57/><N who="0" m="35111" /><D46/><U55/><E55/><V7/><F3/><W134/><G134/><T43/><D43/><U104/><E104/><V30/><F7/><W2/><G0/><T107/><D107/><U17/><E17/><V126/><F126/><W74/><G74/><T123/><D123/><U105/><E105/><V90/><F106/><W29/><G2/><T102/><D77/><U47/><E47/><V103/><F67/><W20/><G44/><RYUUKYOKU ba="0,1" sc="250,-10,240,30,250,-10,250,-10" hai1="22,26,31,56,63,64,85,86,87,92,99,116,119" /><INIT seed="1,1,1,4,2,102" ten="240,270,240,240" oya="1" hai0="133,59,50,47,99,114,96,76,127,65,62,46,115" hai1="8,23,55,98,73,64,66,105,130,84,110,42,27" hai2="121,0,69,93,34,31,36,92,51,26,101,111,39" hai3="24,89,79,95,88,60,61,134,70,94,32,33,30"/><U82/><E130/><V108/><F121/><W29/><G134/><T126/><D76/><U54/><E73/><V56/><F69/><W17/><G79/><T125/><D133/><U43/><E110/><N who="2" m="42027" /><F0/><W135/><G135/><T106/><D47/><U118/><E118/><V74/><F74/><W63/><G70/><T107/><D99/><U72/><E72/><V131/><F131/><W7/><G7/><T128/><D96/><U97/><E8/><V12/><F12/><W81/><G81/><T78/><D78/><N who="1" m="46167" /><E105/><N who="0" m="39945" /><D128/><U1/><E1/><V68/><F68/><W44/><G44/><T15/><D15/><U21/><E21/><V71/><F71/><W87/><G17/><T85/><D85/><U22/><E22/><V91/><F101/><W113/><G113/><T80/><D80/><U57/><E98/><N who="2" m="57631" /><F93/><W90/><G87/><T11/><D11/><U9/><E9/><V40/><F40/><AGARI ba="1,1" hai="40,46,50,59,62,65,114,115,125,126,127" m="39945" machi="40" ten="40,8000,1" yaku="18,1,52,3" doraHai="102" who="0" fromWho="2" sc="240,93,270,0,240,-83,240,0" /><INIT seed="2,0,0,4,5,76" ten="333,270,157,240" oya="2" hai0="90,66,6,129,134,1,108,41,59,15,34,83,29" hai1="20,115,35,28,18,68,79,23,14,73,30,100,133" hai2="87,45,81,56,118,82,106,11,57,120,4,113,80" hai3="36,111,126,103,16,27,17,96,92,3,32,5,8"/><V26/><F113/><W51/><G111/><T48/><D108/><U21/><E115/><V97/><F118/><W114/><G36/><T101/><D1/><U117/><E117/><V64/><F120/><W65/><G126/><T89/><D101/><U107/><E68/><V119/><F119/><W9/><G114/><T22/><D129/><U110/><E110/><V50/><F26/><W53/><G65/><T86/><D34/><U74/><E133/><V130/><F130/><W37/><G37/><T62/><D134/><U72/><E35/><V95/><F106/><W132/><G132/><T69/><D69/><U127/><E127/><V24/><F24/><W116/><G116/><T49/><D89/><U125/><E125/><V44/><F87/><W42/><G42/><T91/><D90/><U12/><E79/><V52/><F57/><W75/><G75/><T58/><D59/><U78/><E78/><V123/><F123/><W121/><G121/><T55/><D66/><U13/><E18/><V104/><F104/><W0/><G32/><T46/><D6/><U40/><E40/><V19/><F19/><W109/><G109/><T10/><D22/><U2/><E2/><V38/><F38/><W102/><G102/><T33/><D29/><U135/><E135/><V105/><F105/><W98/><G98/><AGARI ba="0,0" hai="12,13,14,20,21,23,28,30,72,73,74,98,100,107" machi="98" ten="50,3200,0" yaku="29,2" doraHai="76" who="1" fromWho="3" sc="333,0,270,32,157,0,240,-32" /><INIT seed="3,0,0,4,1,82" ten="333,302,157,208" oya="3" hai0="50,17,35,65,112,22,127,38,14,108,88,44,28" hai1="132,31,79,19,68,11,76,24,113,93,7,58,49" hai2="39,46,37,83,43,26,96,99,131,15,12,81,70" hai3="9,124,115,32,135,6,73,107,45,110,16,52,30"/><W1/><G107/><T129/><D38/><U92/><E68/><V84/><F131/><W91/><G73/><T94/><D129/><U71/><E71/><V100/><F70/><W2/><G115/><T97/><D112/><U106/><E106/><V8/><F39/><W33/><G124/><T10/><D35/><U125/><E113/><V62/><F62/><W13/><G135/><T29/><D127/><U48/><E125/><V120/><F120/><W34/><G91/><T4/><D65/><U114/><E114/><V119/><F119/><W61/><G110/><T3/><D108/><U126/><E126/><V90/><F26/><N who="3" m="18519" /><G45/><T105/><D105/><U95/><E19/><V102/><F81/><W128/><G128/><T122/><D122/><U25/><E132/><V80/><F80/><W78/><G78/><N who="1" m="29738" /><E31/><V72/><F72/><W67/><G67/><T23/><D23/><U18/><E7/><V60/><F60/><W98/><G98/><T74/><D74/><U47/><E58/><V111/><F111/><W42/><G42/><AGARI ba="0,0" hai="3,4,10,14,17,22,28,29,42,44,50,88,94,97" machi="42" ten="30,2000,0" yaku="7,1,54,1" doraHai="82" who="0" fromWho="3" sc="333,20,302,0,157,0,208,-20" owari="353,45.3,302,10.2,157,-34.3,188,-21.2" /></mjloggm>