<mjloggm ver="2.3"><GO type="225" lobby="0"/><UN n0="%E6%A1%9C%E8%8A%B1%E9%96%83%E3%80%85" n1="%E3%83%A9%E3%83%BC%E3%83%A1%E3%83%B3%E4%BA%94%E9%83%8E" n2="%E6%81%A5%E6%99%92%E3%81%97" n3="%E6%98%93%E5%88%A9%E8%96%A9%E4%BC%AF" dan="17,16,16,16" rate="2187.98,2134.96,2193.94,2086.31" sx="M,M,M,F"/><TAIKYOKU oya="0"/><INIT seed="0,0,0,0,0,2" ten="250,250,250,250" oya="0" hai0="15,109,72,9,134,23,82,37,125,71,33,96,8" hai1="42,20,52,34,39,43,76,11,40,10,60,56,84" hai2="45,31,126,98,122,90,64,75,59,50,104,19,77" hai3="4,67,105,107,89,48,102,115,80,100,13,16,68"/><T99/><D37/><U83/><E34/><V47/><F122/><W129/><G115/><T25/><D71/><U1/><E39/><V114/><F114/><W124/><G124/><T113/><D113/><U94/><E1/><V0/><F126/><W32/><G32/><T91/><D125/><U118/><E118/><V69/><F0/><W120/><G129/><T6/><D134/><U57/><E20/><V123/><F31/><W97/><G68/><T78/><D33/><U106/><E106/><V49/><F69/><W26/><G67/><T93/><D109/><U111/><E111/><V110/><F110/><W24/><G4/><T5/><D96/><U63/><REACH who="1" step="1"/><E94/><REACH who="1" ten="250,240,250,250" step="2"/><V116/><F104/><W87/><G120/><T131/><D131/><U55/><AGARI ba="0,1" hai="10,11,40,42,43,52,55,56,57,60,63,76,83,84" machi="55" ten="30,12000,2" yaku="1,1,2,1,0,1,9,1,8,1,54,1,53,0" doraHai="2" doraHaiUra="35" who="1" fromWho="1" sc="250,-60,240,130,250,-30,250,-30" /><INIT seed="1,0,0,2,4,123" ten="190,370,220,220" oya="1" hai0="4,60,128,81,36,72,117,82,118,9,129,48,120" hai1="103,47,121,17,127,76,70,113,84,77,15,25,39" hai2="29,11,75,0,20,134,132,119,57,14,99,62,58" hai3="122,59,74,90,115,63,28,133,79,65,18,97,46"/><U71/><E113/><V6/><F75/><W96/><G115/><T8/><D36/><U30/><E121/><V13/><F99/><W83/><G122/><T50/><D120/><U85/><E103/><V126/><F58/><W45/><G28/><T33/><D60/><U27/><E39/><V41/><F41/><W22/><G133/><N who="2" m="51305" /><F119/><W69/><G69/><T116/><D33/><U107/><E107/><V135/><N who="2" m="51313" /><V34/><DORA hai="125" /><F34/><W114/><G114/><T43/><D43/><U52/><E70/><V105/><F105/><W67/><G67/><T93/><D93/><U40/><E40/><V95/><F95/><W110/><G110/><T54/><D72/><U12/><E47/><V35/><F35/><W131/><G131/><N who="0" m="50251" /><D50/><U2/><E127/><V91/><F91/><W87/><G97/><T38/><D38/><U64/><E76/><V94/><F94/><N who="3" m="56407" /><G74/><T16/><D48/><U89/><E77/><V73/><F73/><W49/><G49/><T88/><D88/><U109/><E89/><V80/><F80/><N who="0" m="30826" /><D54/><U78/><E52/><N who="2" m="34087" /><F126/><W1/><G79/><T53/><D53/><U42/><E42/><V112/><F112/><W32/><G83/><T24/><D4/><U98/><E78/><V23/><F29/><W106/><G32/><T68/><D68/><U44/><E71/><V21/><AGARI ba="0,0" hai="0,6,11,13,14,20,21,23" m="34087,51313" machi="21" ten="50,3200,0" yaku="20,1,54,1" doraHai="123,125" who="2" fromWho="2" sc="190,-8,370,-16,220,32,220,-8" /><INIT seed="2,0,0,0,4,119" ten="182,354,252,212" oya="2" hai0="73,108,132,32,90,45,18,85,43,41,21,125,96" hai1="114,57,78,37,102,94,35,64,48,81,52,60,17" hai2="3,66,30,12,44,5,122,72,15,116,14,75,33" hai3="109,42,104,95,31,54,76,28,63,6,86,89,29"/><V24/><F116/><W25/><G104/><T128/><D32/><U56/><E114/><V99/><F66/><W115/><G109/><T105/><D108/><U13/><E37/><V4/><F122/><W110/><G110/><T68/><D68/><U40/><E35/><V106/><F44/><W49/><G6/><T26/><D128/><U101/><E94/><V39/><F39/><W111/><G115/><T59/><D132/><U53/><E40/><V97/><F106/><W121/><G121/><T11/><D125/><U120/><E64/><V131/><F131/><W118/><G118/><T91/><D73/><U10/><E120/><V113/><F113/><W50/><G76/><T135/><D135/><U70/><E70/><V123/><F123/><W79/><G79/><T46/><D59/><U127/><E127/><V84/><F84/><AGARI ba="0,0" hai="10,13,17,48,52,53,56,57,60,78,81,84,101,102" machi="84" ten="30,3900,0" yaku="7,1,8,1,54,1" doraHai="119" who="1" fromWho="2" sc="182,0,354,39,252,-39,212,0" /><INIT seed="3,0,0,0,2,0" ten="182,393,213,212" oya="3" hai0="34,111,123,99,26,105,80,78,39,25,121,64,12" hai1="77,67,4,15,60,125,129,11,31,131,20,82,1" hai2="48,65,27,102,50,30,18,107,101,124,106,13,56" hai3="115,93,98,6,120,28,72,10,46,19,88,8,66"/><W41/><G115/><T45/><D111/><U75/><E125/><V2/><F2/><W74/><G120/><T71/><D26/><U87/><E87/><V104/><F124/><W119/><G119/><T42/><D12/><U128/><E31/><V76/><F76/><W89/><G28/><N who="0" m="19727" /><D80/><U61/><E67/><V23/><F65/><W5/><G66/><T126/><D78/><U130/><E130/><V112/><F112/><W116/><G116/><T16/><D16/><AGARI ba="0,0" hai="1,4,11,15,16,20,60,61,75,77,82,128,129,131" machi="16" ten="40,5200,0" yaku="19,1,52,1,54,1" doraHai="0" who="1" fromWho="0" sc="182,-52,393,52,213,0,212,0" owari="130,-37.0,445,54.5,213,1.3,212,-18.8" /></mjloggm>