<mjloggm ver="2.3"><GO type="225" lobby="0"/><UN n0="%E9%80%9F%E6%B0%B4%E5%87%9B%E9%A6%99" n1="%E3%81%95%E3%81%8D%E3%81%9F%E3%81%BE%E6%9E%97%E6%AA%8E" n2="%E3%81%BF%E3%81%BF%E3%81%9A" n3="%E9%B3%B3%E6%9D%B1%E3%81%AE%E3%81%86%E3%81%95%E3%81%8E%E3%81%95%E3%82%93" dan="16,16,17,16" rate="2171.82,2086.23,2203.34,2126.67" sx="F,M,M,M"/><TAIKYOKU oya="0"/><INIT seed="0,0,0,2,5,64" ten="250,250,250,250" oya="0" hai0="35,9,102,63,128,0,129,120,91,3,27,37,105" hai1="111,50,13,43,97,72,46,127,124,30,20,39,41" hai2="92,82,80,115,135,22,114,109,131,32,132,21,40" hai3="110,53,68,45,69,123,8,70,57,75,48,94,122"/><T84/><D37/><U11/><E72/><V89/><F40/><W99/><G75/><T18/><D120/><N who="3" m="46121" /><G110/><T34/><D102/><U7/><E111/><V71/><F32/><N who="0" m="12330" /><D105/><U77/><E77/><V95/><F109/><W107/><G8/><T106/><D106/><U66/><E66/><V121/><F121/><W23/><G23/><N who="0" m="13815" /><D63/><U73/><E73/><V55/><F55/><W47/><G107/><T79/><D79/><U90/><E39/><V60/><F60/><W49/><G49/><T59/><D59/><U15/><E41/><V24/><F24/><W81/><G81/><T130/><D9/><U42/><E42/><V104/><F104/><W74/><G74/><T87/><D87/><U86/><E97/><V1/><F89/><AGARI ba="0,0" hai="45,47,48,53,57,68,69,70,89,94,99" m="46121" machi="89" ten="40,8000,1" yaku="13,1,52,3" doraHai="64" who="3" fromWho="2" sc="250,0,250,0,250,-80,250,80" /><INIT seed="1,0,0,3,3,98" ten="250,250,170,330" oya="1" hai0="28,118,116,112,40,11,42,107,134,87,47,34,128" hai1="99,103,133,21,18,1,56,7,77,119,33,79,126" hai2="29,70,44,9,41,69,67,125,45,62,25,51,73" hai3="23,110,96,53,72,17,4,15,71,93,31,102,49"/><U22/><E119/><V32/><F125/><W75/><G110/><T5/><D112/><U6/><E126/><V94/><F73/><W91/><G71/><T89/><D107/><U100/><E33/><V120/><F120/><W19/><G31/><T86/><D86/><U24/><E99/><V130/><F130/><W84/><G4/><N who="1" m="1578" /><E1/><V52/><F9/><W109/><G17/><T123/><D128/><U57/><E133/><V12/><F94/><W0/><G109/><T64/><D64/><U66/><E21/><V46/><F12/><W54/><G54/><T80/><D134/><U113/><E113/><V129/><F129/><W121/><G0/><T10/><D40/><U115/><E115/><V114/><F114/><W63/><G63/><T26/><D123/><U124/><E124/><V88/><F70/><W83/><REACH who="3" step="1"/><G121/><REACH who="3" ten="250,250,170,320" step="2"/><T108/><D108/><U2/><E2/><V58/><REACH who="2" step="1"/><F88/><REACH who="2" ten="250,250,160,320" step="2"/><W97/><G97/><T3/><D11/><U61/><E57/><AGARI ba="0,2" hai="15,19,23,49,53,57,72,75,83,84,91,93,96,102" machi="57" ten="30,3900,0" yaku="1,1,7,1,52,1,53,0" doraHai="98" doraHaiUra="127" who="3" fromWho="1" sc="250,0,250,-39,160,0,320,59" /><INIT seed="2,0,0,5,1,79" ten="250,211,160,379" oya="2" hai0="80,102,31,16,64,66,128,107,20,103,19,81,57" hai1="15,90,121,28,135,23,101,109,47,6,98,48,82" hai2="4,44,37,38,7,84,27,124,33,45,114,86,92" hai3="104,13,118,8,2,125,10,87,55,111,35,21,53"/><V95/><F114/><W112/><G118/><T1/><D1/><U18/><E109/><V41/><F124/><W91/><G111/><T108/><D107/><U46/><E135/><V39/><F27/><W54/><G112/><T96/><D128/><U52/><E121/><V132/><F132/><W60/><G35/><T126/><D108/><U24/><E6/><V110/><F110/><W69/><G104/><T22/><D31/><U113/><E113/><V67/><F67/><N who="0" m="25642" /><D57/><U76/><E101/><N who="0" m="38409" /><D96/><U134/><E134/><V74/><F38/><W72/><G8/><T61/><D61/><U25/><E25/><V5/><F74/><W59/><G91/><T122/><D122/><U32/><E98/><V115/><F115/><W43/><G55/><T89/><D89/><U0/><E0/><V105/><F105/><W11/><G13/><N who="0" m="9327" /><D126/><U97/><E97/><V14/><F14/><AGARI ba="0,0" hai="14,16,22,80,81" m="9327,38409,25642" machi="14" ten="30,7700,0" yaku="8,1,52,2,54,1" doraHai="79" who="0" fromWho="2" sc="250,77,211,0,160,-77,379,0" /><INIT seed="3,0,0,4,5,21" ten="327,211,83,379" oya="3" hai0="126,22,77,11,124,36,51,5,104,12,75,53,82" hai1="61,62,114,3,10,47,86,117,87,6,105,73,121" hai2="29,66,79,92,119,26,31,127,103,0,88,42,13" hai3="120,129,20,107,71,54,28,83,7,67,102,95,17"/><W90/><G120/><T85/><D104/><U65/><E114/><V50/><F119/><W25/><G129/><T45/><D36/><U34/><E121/><V110/><F0/><W1/><G107/><T52/><D53/><U49/><E117/><V81/><F110/><W38/><G38/><T130/><D130/><U8/><E105/><V27/><F127/><W100/><G83/><T96/><D96/><U30/><E73/><V18/><F103/><W70/><G1/><T106/><D106/><U135/><E135/><V56/><F79/><W68/><G7/><T40/><D40/><U134/><E134/><V116/><F116/><W14/><G54/><T48/><D48/><U39/><E39/><V125/><F81/><W37/><G67/><T99/><D99/><U15/><E34/><V115/><F125/><W46/><G46/><T93/><D93/><U72/><E72/><V109/><F109/><W23/><REACH who="3" step="1"/><G37/><REACH who="3" ten="327,211,83,369" step="2"/><T80/><REACH who="0" step="1"/><D22/><REACH who="0" ten="317,211,83,369" step="2"/><U19/><E65/><V32/><F115/><W97/><AGARI ba="0,2" hai="14,17,20,23,25,28,68,70,71,90,95,97,100,102" machi="97" ten="30,12000,1" yaku="1,1,2,1,0,1,52,1,53,1" doraHai="21" doraHaiUra="91" who="3" fromWho="3" sc="317,-40,211,-40,83,-40,369,140" owari="277,7.7,171,-22.9,43,-45.7,509,60.9" /></mjloggm>