<mjloggm ver="2.3"><GO type="225" lobby="0"/><UN n0="%E8%B6%85%E7%B4%9A%E9%B3%B3%E5%87%B0" n1="%E3%81%8B%E3%82%8F%E3%81%A1%E3%82%83%E3%82%93%35%38" n2="%E3%81%B5%E3%81%98%E3%81%8B%E3%81%A4" n3="%E3%83%8F%E3%83%B3%E3%83%89%E3%83%A9%E3%83%BC%E3%83%BB%E3%83%AF%E3%83%B3" dan="17,17,16,17" rate="2147.06,2259.61,2165.83,2248.21" sx="F,M,M,M"/><TAIKYOKU oya="0"/><INIT seed="0,0,0,1,3,119" ten="250,250,250,250" oya="0" hai0="75,71,14,52,97,89,133,69,79,40,53,49,37" hai1="82,106,64,12,42,125,7,27,123,85,5,59,117" hai2="80,111,99,0,57,70,30,68,90,45,87,134,39" hai3="72,2,23,96,124,29,93,20,36,76,16,105,44"/><T98/><D133/><U86/><E106/><V107/><F134/><W9/><G105/><T88/><D14/><U94/><E117/><V83/><F0/><W103/><G124/><T15/><D15/><U131/><E42/><V92/><F111/><W31/><G23/><T18/><D18/><U26/><E94/><V48/><F30/><W66/><G66/><T51/><D40/><U112/><E59/><V130/><F130/><W4/><G36/><T43/><D43/><U13/><E64/><V73/><F39/><W8/><G44/><T100/><D37/><U114/><E82/><V33/><F57/><W46/><G46/><T35/><D79/><U116/><E116/><V108/><F33/><W126/><G8/><T54/><D54/><U24/><E24/><V65/><F65/><W3/><G3/><T10/><D10/><U101/><E101/><N who="2" m="62911" /><F83/><W118/><G118/><T41/><D41/><U21/><E21/><V47/><F108/><W60/><G60/><T91/><D91/><U56/><E56/><V32/><F32/><W38/><G38/><T22/><D22/><U115/><E115/><V25/><F25/><W84/><G31/><T55/><D55/><U128/><E125/><V77/><F48/><W127/><G29/><T109/><D35/><U122/><AGARI ba="0,0" hai="5,7,12,13,26,27,85,86,112,114,122,123,128,131" machi="122" ten="25,8000,1" yaku="0,1,22,2,52,2" doraHai="119" who="1" fromWho="1" sc="250,-40,250,80,250,-20,250,-20" /><INIT seed="1,0,0,2,5,24" ten="210,330,230,230" oya="1" hai0="20,36,13,10,69,56,55,101,117,43,83,6,132" hai1="109,62,127,65,110,135,120,133,25,1,61,106,67" hai2="9,29,52,66,128,129,72,90,108,100,118,113,85" hai3="23,131,18,124,81,0,50,38,116,98,107,19,14"/><U130/><E106/><V47/><F66/><N who="1" m="25097" /><E1/><V4/><F118/><W64/><G38/><T123/><D117/><U59/><E25/><V60/><F72/><W95/><G0/><T74/><D69/><U21/><E21/><V70/><F100/><W16/><G107/><T15/><D132/><N who="1" m="50763" /><E120/><V63/><F70/><W45/><G131/><N who="2" m="50249" /><F108/><N who="1" m="41577" /><E130/><V91/><F113/><W53/><G81/><T33/><D33/><U37/><E37/><V111/><F111/><W35/><G35/><T58/><D123/><U94/><E127/><V134/><F134/><W11/><G124/><T22/><D13/><U26/><E26/><V73/><F73/><W119/><G119/><T84/><D84/><U71/><E71/><V105/><F85/><W46/><G116/><T76/><D56/><U99/><E59/><V42/><F105/><W102/><G23/><T40/><D101/><AGARI ba="0,0" hai="61,62,94,99,101" m="41577,50763,25097" machi="101" ten="30,5800,0" yaku="20,1,14,1,10,1" doraHai="24" who="1" fromWho="0" sc="210,-58,330,58,230,0,230,0" /><INIT seed="1,1,0,0,0,79" ten="152,388,230,230" oya="1" hai0="10,21,129,48,74,92,59,108,76,5,15,132,71" hai1="70,39,40,114,34,33,125,111,101,46,49,27,16" hai2="112,87,133,38,1,19,61,83,127,105,99,130,86" hai3="91,62,128,64,37,119,75,67,100,41,23,93,102"/><U103/><E70/><V96/><F1/><W80/><G128/><T53/><D71/><U24/><E114/><V131/><F38/><W36/><G119/><T18/><D129/><N who="2" m="49162" /><F61/><W57/><G67/><T58/><D108/><U47/><E125/><V113/><F19/><W55/><G64/><T6/><D132/><U22/><E111/><V42/><F42/><W28/><G28/><T97/><D59/><U98/><E27/><V85/><F127/><W44/><G36/><T134/><D134/><U52/><E101/><N who="2" m="62631" /><F133/><W31/><G31/><T104/><D104/><AGARI ba="1,0" hai="16,22,24,33,34,39,40,46,47,49,52,98,103,104" machi="104" ten="30,5800,0" yaku="7,1,54,2" doraHai="79" who="1" fromWho="0" sc="152,-61,388,61,230,0,230,0" /><INIT seed="1,2,0,3,2,112" ten="91,449,230,230" oya="1" hai0="115,70,35,60,132,41,114,122,78,127,89,92,23" hai1="125,49,81,63,126,98,47,1,13,45,93,26,34" hai2="124,95,118,52,103,36,55,82,97,109,54,50,39" hai3="9,33,94,135,73,69,31,30,67,130,20,62,11"/><U64/><E1/><V76/><F124/><W68/><G73/><T57/><D23/><U87/><E13/><V111/><F118/><W53/><G33/><T75/><D41/><U91/><E34/><V15/><F15/><W86/><G69/><T28/><D127/><U123/><E123/><V6/><F6/><W116/><G130/><T43/><D43/><U58/><E26/><V113/><F50/><W24/><G31/><T42/><D122/><U85/><E85/><V3/><F3/><W61/><G135/><T14/><D132/><U5/><E5/><V25/><F25/><W40/><G40/><T8/><D70/><U19/><E19/><V110/><REACH who="2" step="1"/><F113/><REACH who="2" ten="91,449,220,230" step="2"/><W106/><G116/><T100/><D57/><U65/><E126/><V84/><AGARI ba="2,1" hai="36,39,52,54,55,76,82,84,95,97,103,109,110,111" machi="84" ten="40,8000,1" yaku="1,1,2,1,0,1,14,1,54,1,53,0" doraHai="112" doraHaiUra="18" who="2" fromWho="2" sc="91,-22,449,-42,220,96,230,-22" /><INIT seed="2,0,0,0,4,25" ten="69,407,316,208" oya="2" hai0="15,14,92,77,81,108,50,40,24,22,113,101,42" hai1="115,43,9,64,88,35,70,65,100,135,122,44,127" hai2="111,55,75,95,67,134,4,107,82,102,60,76,117" hai3="53,74,132,2,99,28,112,19,36,18,5,8,6"/><V123/><F117/><W121/><G74/><T96/><D113/><U47/><E35/><V32/><F32/><W114/><G36/><T31/><D108/><U73/><E73/><V51/><F123/><W54/><G121/><T120/><D120/><U59/><E122/><V66/><F111/><W106/><G6/><T3/><D3/><U1/><E70/><V46/><F134/><W30/><G132/><T57/><D40/><U68/><E68/><V119/><F119/><W58/><G19/><T71/><D71/><U56/><E100/><V37/><F107/><W79/><G79/><T0/><D0/><U80/><E115/><N who="3" m="44074" /><G18/><T105/><D105/><U125/><E135/><V61/><F4/><W98/><G54/><T11/><D11/><U41/><E9/><V89/><F102/><N who="3" m="62807" /><G99/><T130/><D130/><U33/><E1/><V93/><F37/><W17/><G17/><T116/><D116/><U97/><E97/><V63/><REACH who="2" step="1"/><F95/><REACH who="2" ten="69,407,306,208" step="2"/><W86/><G86/><AGARI ba="0,1" hai="46,51,55,60,61,63,66,67,75,76,82,86,89,93" machi="86" ten="40,7700,0" yaku="1,1,2,1,53,1" doraHai="25" doraHaiUra="45" who="2" fromWho="3" sc="69,0,407,0,306,87,208,-77" /><INIT seed="2,1,0,2,2,10" ten="69,407,393,131" oya="2" hai0="50,82,22,100,7,11,129,74,116,67,13,41,15" hai1="40,49,35,60,81,96,47,126,57,54,62,44,68" hai2="3,61,8,95,39,127,56,77,28,12,30,21,106" hai3="18,66,120,92,4,85,26,72,110,25,134,90,79"/><V5/><F106/><W131/><G120/><T107/><D129/><U122/><E35/><V75/><F39/><W71/><G131/><T105/><D116/><U69/><E96/><V24/><F127/><W38/><G38/><T84/><D74/><U42/><E81/><V128/><F128/><W73/><G110/><T31/><D67/><U14/><E14/><V65/><F75/><W93/><G134/><T132/><D132/><U123/><E126/><V80/><F3/><W94/><G4/><T52/><D100/><U103/><E103/><V98/><F80/><W1/><G1/><T113/><D113/><U37/><E62/><V89/><REACH who="2" step="1"/><F77/><REACH who="2" ten="69,407,383,131" step="2"/><W86/><G79/><T119/><D119/><U33/><E33/><V88/><F88/><W9/><G90/><T78/><D41/><U114/><E114/><V109/><F109/><W20/><G73/><T111/><D111/><U135/><E135/><V104/><F104/><W87/><G72/><T91/><D78/><U27/><E27/><V133/><F133/><W112/><G26/><T48/><D48/><U97/><E97/><V17/><AGARI ba="1,1" hai="5,8,12,17,21,24,28,30,56,61,65,89,95,98" machi="17" ten="20,18000,2" yaku="1,1,0,1,7,1,8,1,52,1,53,1" doraHai="10" doraHaiUra="16" who="2" fromWho="2" sc="69,-61,407,-61,383,193,131,-61" /><INIT seed="2,2,0,5,2,39" ten="8,346,576,70" oya="2" hai0="7,31,56,49,118,133,119,2,14,86,112,43,68" hai1="77,72,62,94,47,76,63,107,33,122,57,82,30" hai2="108,117,115,79,84,74,50,129,29,11,92,131,114" hai3="4,67,55,54,59,20,34,97,17,58,46,85,69"/><V25/><F11/><W96/><G34/><T6/><D112/><N who="2" m="43050" /><F25/><W26/><G69/><T73/><D73/><U125/><E30/><V53/><F29/><W48/><G4/><T35/><D68/><U106/><E33/><V12/><F12/><W42/><G67/><T65/><D133/><U90/><E47/><V32/><F32/><W113/><G113/><T99/><D99/><N who="3" m="37961" /><G85/><T28/><D86/><U120/><E57/><AGARI ba="2,0" hai="17,20,26,42,46,48,54,55,57,58,59" m="37961" machi="57" ten="30,2000,0" yaku="8,1,52,1" doraHai="39" who="3" fromWho="1" sc="8,0,346,-26,576,0,70,26" /><INIT seed="3,0,0,1,2,46" ten="8,320,576,96" oya="3" hai0="41,6,78,105,77,60,47,24,73,22,8,135,19" hai1="126,38,67,63,127,72,124,50,26,39,106,45,81" hai2="83,4,85,53,9,134,30,110,114,109,128,51,25" hai3="23,74,100,5,119,93,40,79,15,21,70,10,65"/><W52/><G119/><T91/><D105/><U118/><E81/><V103/><F114/><W129/><G129/><T2/><D135/><U101/><E101/><V71/><F134/><W132/><G132/><T12/><D91/><U59/><E26/><V87/><F128/><W90/><G100/><T88/><D60/><U7/><E7/><V34/><F71/><W62/><G40/><T104/><D104/><U98/><E98/><V108/><F103/><W61/><G79/><T116/><D116/><U17/><E17/><V44/><F83/><W43/><G43/><T76/><D88/><U120/><E72/><V125/><F125/><W95/><G74/><T64/><D64/><U66/><E106/><V28/><F28/><W130/><G95/><T55/><D55/><U97/><E97/><V33/><F33/><W14/><G130/><T117/><D117/><U37/><E118/><V111/><F111/><W122/><G62/><T68/><D68/><U54/><E120/><V123/><F123/><W69/><G122/><T1/><D1/><AGARI ba="0,0" hai="1,4,9,25,30,34,44,51,53,85,87,108,109,110" machi="1" ten="40,2600,0" yaku="14,1,52,1" doraHai="46" who="2" fromWho="0" sc="8,-26,320,0,576,26,96,0" owari="-18,-51.8,320,12.0,602,70.2,96,-30.4" /></mjloggm>