<mjloggm ver="2.3"><GO type="225" lobby="0"/><UN n0="%E6%A0%B9%E5%85%83%E3%81%8B%E3%82%89%E5%90%B9%E3%81%A3%E9%A3%9B%E3%81%B6" n1="%E5%B3%B6%E7%94%B0%E7%9C%9F%E5%A4%A2" n2="%E6%A1%9C%E8%8A%B1%E9%96%83%E3%80%85" n3="%E3%81%B5%E3%81%98%E3%81%8B%E3%81%A4" dan="17,16,16,17" rate="2159.24,2127.70,2224.79,2205.93" sx="F,F,M,M"/><TAIKYOKU oya="0"/><INIT seed="0,0,0,3,2,97" ten="250,250,250,250" oya="0" hai0="33,9,115,40,96,21,0,54,7,81,41,48,16" hai1="133,73,37,65,3,118,94,67,25,2,69,127,124" hai2="104,131,51,101,120,19,89,42,129,18,17,87,110" hai3="108,70,28,49,50,12,99,109,106,100,13,10,130"/><T85/><D115/><U66/><E118/><V38/><F120/><W114/><G114/><T63/><D63/><U119/><E119/><V52/><F110/><N who="3" m="42603" /><G70/><T98/><D33/><U75/><E69/><V34/><F34/><W47/><G130/><N who="2" m="49673" /><F42/><N who="3" m="24823" /><G28/><T39/><D39/><U86/><E37/><V102/><F38/><W82/><G82/><T80/><D80/><U57/><E57/><N who="2" m="32927" /><F104/><W83/><G50/><T105/><D41/><U76/><E65/><V132/><F132/><W90/><G10/><T14/><D40/><U93/><E66/><V30/><F30/><W11/><G11/><T61/><D61/><U15/><E67/><V53/><F53/><W5/><G5/><T117/><D105/><U125/><E133/><V62/><F62/><W23/><G23/><T35/><D35/><U1/><E125/><V60/><F60/><W79/><G90/><T6/><D117/><U74/><E124/><V123/><F123/><W68/><G68/><T107/><D107/><U134/><E134/><V78/><F78/><W121/><G121/><T58/><REACH who="0" step="1"/><D7/><REACH who="0" ten="240,250,250,250" step="2"/><U92/><E127/><V31/><F31/><W27/><G83/><AGARI ba="0,1" hai="17,18,19,83,87,89,101,102" m="32927,49673" machi="83" ten="30,7700,0" yaku="19,1,52,2,54,1" doraHai="97" who="2" fromWho="3" sc="240,0,250,0,250,87,250,-77" /><INIT seed="1,0,0,3,4,108" ten="240,250,337,173" oya="1" hai0="4,95,47,23,25,77,115,72,37,113,84,106,90" hai1="59,8,39,13,135,12,97,126,69,18,20,11,2" hai2="51,125,28,22,32,34,83,73,94,58,61,57,98" hai3="119,99,49,75,5,130,122,33,114,19,110,96,62"/><U46/><E69/><V112/><F125/><W63/><G110/><T17/><D4/><U29/><E126/><V124/><F124/><W45/><G119/><T71/><D71/><U79/><E135/><V128/><F128/><W134/><G122/><T41/><REACH who="0" step="1"/><D106/><REACH who="0" ten="230,250,337,173" step="2"/><U105/><E105/><V111/><F111/><W30/><G134/><T89/><D89/><U31/><E2/><V3/><F3/><W118/><G5/><T40/><D40/><U100/><E100/><V27/><F34/><W53/><G33/><T107/><D107/><U0/><E0/><V56/><F32/><W74/><G118/><T92/><D92/><U66/><E79/><V88/><F88/><W121/><G121/><T64/><D64/><U67/><E67/><V50/><F94/><W10/><G130/><T6/><D6/><U101/><E66/><V14/><F61/><W38/><G53/><T120/><D120/><U26/><E101/><V123/><F123/><W80/><G80/><AGARI ba="0,1" hai="17,23,25,37,41,47,72,77,80,84,90,95,113,115" machi="80" ten="40,5200,0" yaku="1,1,52,2,53,0" doraHai="108" doraHaiUra="127" who="0" fromWho="3" sc="230,62,250,0,337,0,173,-52" /><INIT seed="2,0,0,0,1,72" ten="292,250,337,121" oya="2" hai0="127,101,17,74,6,15,119,7,96,77,39,78,108" hai1="100,75,0,28,102,5,53,135,21,4,67,18,11" hai2="80,89,83,66,70,63,8,43,71,38,104,118,112" hai3="76,36,94,124,130,82,10,69,19,68,128,95,49"/><V48/><F112/><W116/><G116/><T47/><D108/><U64/><E135/><V35/><F118/><W122/><G122/><T117/><D74/><U1/><E28/><V79/><F35/><W56/><G124/><T123/><D123/><U2/><E75/><V60/><F38/><W85/><G36/><T59/><D6/><U99/><E53/><V132/><F132/><W58/><G10/><T106/><D7/><U111/><E111/><V50/><F104/><W126/><G126/><T57/><D127/><U110/><E110/><V133/><F8/><W73/><G19/><T45/><D106/><U40/><E40/><V103/><F103/><W20/><G20/><T105/><D105/><U30/><E30/><V62/><F89/><N who="3" m="53551" /><G95/><N who="0" m="58527" /><D39/><U52/><E4/><V51/><F133/><W42/><G42/><T14/><D57/><N who="3" m="22121" /><G49/><T114/><D114/><U55/><E5/><V98/><F70/><W84/><G73/><T25/><D59/><U44/><E11/><V46/><F62/><W34/><G34/><T90/><D90/><U24/><E100/><V88/><F63/><W131/><AGARI ba="0,0" hai="68,69,76,82,84,128,130,131" m="22121,53551" machi="131" ten="40,2700,0" yaku="19,1,52,1" doraHai="72" who="3" fromWho="3" sc="292,-7,250,-7,337,-13,121,27" /><INIT seed="3,0,0,5,0,99" ten="285,243,324,148" oya="3" hai0="112,91,57,87,71,110,68,23,65,122,118,86,4" hai1="88,106,32,77,5,76,50,124,6,131,134,42,104" hai2="125,135,21,114,84,74,34,129,33,92,14,133,78" hai3="47,90,24,36,46,98,40,113,37,103,30,128,55"/><W120/><G113/><T53/><D118/><U66/><E32/><V64/><F114/><W56/><G120/><T82/><D122/><U108/><E108/><V0/><F0/><W54/><G128/><T73/><D73/><U72/><E131/><V62/><F74/><W44/><G90/><T27/><D110/><U130/><E130/><V9/><F21/><W2/><G2/><T81/><D65/><U19/><E72/><V31/><F125/><W132/><G132/><T70/><D4/><U8/><E134/><V83/><F129/><W1/><G1/><T29/><D70/><U95/><E66/><V97/><F31/><W41/><G47/><T101/><D101/><U115/><E115/><V15/><F15/><W107/><REACH who="3" step="1"/><G56/><REACH who="3" ten="285,243,324,138" step="2"/><T117/><D112/><U10/><E88/><V100/><F135/><W51/><G51/><T105/><D71/><U49/><E49/><V116/><F133/><W39/><G39/><T93/><D68/><U61/><E50/><V52/><F116/><W48/><G48/><T126/><D57/><U63/><E63/><V96/><F62/><W18/><G18/><T94/><D117/><U16/><E61/><V67/><F78/><W121/><G121/><T7/><D91/><U45/><E45/><V38/><F38/><W59/><G59/><T89/><D89/><U119/><E119/><V102/><F83/><W127/><G127/><T123/><D126/><U11/><E124/><V58/><F58/><W20/><AGARI ba="0,1" hai="20,24,30,36,37,40,41,44,46,54,55,98,103,107" machi="20" ten="20,12000,1" yaku="1,1,0,1,7,1,9,1,52,1,53,0" doraHai="99" doraHaiUra="3" who="3" fromWho="3" sc="285,-40,243,-40,324,-40,138,130" /><INIT seed="3,1,0,1,1,27" ten="245,203,284,268" oya="3" hai0="51,59,46,90,6,62,128,31,7,67,100,30,15" hai1="94,44,95,104,132,4,23,57,87,80,126,130,32" hai2="110,129,70,2,50,123,8,124,84,119,85,40,13" hai3="134,22,20,61,82,21,12,89,0,52,115,68,76"/><W66/><G115/><T133/><D133/><U92/><E132/><V17/><F119/><W83/><G134/><T72/><D72/><U53/><E104/><V122/><F110/><W38/><G38/><T55/><D128/><U88/><E130/><V93/><F129/><W47/><G0/><T103/><D90/><U127/><E32/><V3/><F70/><W98/><G12/><T113/><D113/><U135/><E135/><V36/><F36/><W106/><G76/><T35/><D35/><U58/><E4/><N who="0" m="1577" /><D15/><U99/><E23/><V26/><F124/><N who="1" m="47657" /><E99/><V18/><F2/><W78/><G78/><T41/><D41/><U116/><E116/><V42/><F3/><W118/><G118/><T111/><D111/><U86/><E86/><V120/><F42/><W37/><G37/><T79/><D79/><U73/><E73/><V91/><F85/><W19/><G19/><T108/><D108/><U28/><E28/><AGARI ba="1,0" hai="28,30,31,46,51,55,59,62,67,100,103" m="1577" machi="28" ten="30,7700,0" yaku="8,1,52,3" doraHai="27" who="0" fromWho="1" sc="245,80,203,-80,284,0,268,0" owari="325,42.5,123,-37.7,284,8.4,268,-13.2" /></mjloggm>