<mjloggm ver="2.3"><GO type="225" lobby="0"/><UN n0="%72%61%6B%33" n1="%E3%81%86%E3%82%8C%E3%81%9F%E3%82%93%E6%9E%95" n2="%48%61%61%61%6C%61%6E%64" n3="%E5%84%AA%40%41%42%43" dan="17,16,18,17" rate="2271.11,2104.72,2228.31,2255.02" sx="M,F,M,M"/><TAIKYOKU oya="0"/><INIT seed="0,0,0,1,0,88" ten="250,250,250,250" oya="0" hai0="74,115,53,86,66,27,87,37,117,50,9,0,105" hai1="79,96,109,57,83,32,129,98,123,85,41,36,99" hai2="84,118,134,130,61,2,59,82,71,68,127,104,110" hai3="7,22,34,89,111,76,1,81,25,93,16,4,90"/><T122/><D115/><U39/><E32/><V128/><F2/><W120/><G111/><T10/><D117/><U103/><E123/><V54/><F104/><W91/><G120/><T108/><D37/><U94/><E109/><V75/><F110/><W35/><G1/><T20/><D74/><U62/><E129/><N who="2" m="49771" /><F118/><W40/><G40/><T17/><D108/><U44/><REACH who="1" step="1"/><E36/><REACH who="1" ten="250,240,250,250" step="2"/><V132/><F127/><W131/><G131/><T101/><D122/><U21/><E21/><V55/><F134/><W11/><G35/><T30/><D20/><U15/><E15/><V45/><F132/><W135/><G34/><T18/><D0/><U102/><E102/><V124/><F124/><W5/><G135/><T33/><D101/><U14/><E14/><V107/><F68/><W12/><REACH who="3" step="1"/><G93/><REACH who="3" ten="250,240,250,240" step="2"/><T80/><D33/><U56/><E56/><V48/><F59/><W58/><G58/><T13/><D105/><U42/><E42/><V106/><F107/><W26/><G26/><T72/><D27/><U112/><E112/><V73/><F106/><W77/><G77/><T29/><D13/><U67/><AGARI ba="0,2" hai="39,41,44,57,62,67,79,83,85,94,96,98,99,103" machi="67" ten="20,8000,1" yaku="1,1,0,1,7,1,52,1,53,1" doraHai="88" doraHaiUra="38" who="1" fromWho="1" sc="250,-40,240,100,250,-20,240,-20" /><INIT seed="1,0,0,5,5,6" ten="210,340,230,220" oya="1" hai0="106,61,41,0,25,28,8,133,42,82,98,40,83" hai1="14,87,126,51,101,100,38,124,20,10,21,102,120" hai2="117,47,115,26,9,7,113,97,24,92,34,73,68" hai3="125,90,88,99,107,18,85,69,64,109,118,75,78"/><U48/><E120/><V65/><F117/><W29/><G29/><T130/><D133/><U45/><E38/><V3/><F73/><W72/><G69/><T95/><D130/><U4/><E87/><V52/><F68/><W58/><G64/><T110/><D106/><U71/><E71/><V105/><F105/><W129/><G58/><T17/><D110/><U119/><E51/><N who="2" m="28799" /><F65/><W2/><G2/><T44/><D44/><U128/><E128/><V116/><F34/><W103/><G129/><T11/><D61/><U79/><E79/><V77/><F77/><W108/><G18/><T80/><D0/><U122/><E122/><V67/><F67/><W62/><G62/><T13/><D25/><U76/><E76/><V81/><F81/><N who="3" m="47287" /><G125/><N who="1" m="48234" /><E119/><V53/><F116/><W1/><G1/><T35/><D35/><U30/><E30/><V60/><F60/><W84/><G90/><N who="0" m="55671" /><D28/><U23/><E102/><N who="2" m="60711" /><F53/><AGARI ba="0,0" hai="4,10,14,20,21,23,45,48,53,100,101" m="48234" machi="53" ten="30,2900,0" yaku="18,1,52,1" doraHai="6" who="1" fromWho="2" sc="210,0,340,29,230,-29,220,0" /><INIT seed="1,1,0,4,3,122" ten="210,369,201,220" oya="1" hai0="64,76,88,133,32,49,105,18,74,94,52,100,60" hai1="30,59,58,35,121,62,99,125,110,21,111,12,89" hai2="119,39,129,6,78,38,51,135,130,66,55,50,2" hai3="10,98,90,19,92,43,14,5,70,36,80,31,109"/><U73/><E121/><V114/><F78/><W26/><G70/><T4/><D133/><U71/><E125/><V106/><F106/><W24/><G109/><N who="1" m="41482" /><E73/><V47/><F6/><W20/><G36/><N who="2" m="13865" /><F2/><W16/><G43/><T128/><D4/><U84/><E71/><V123/><F123/><W0/><G80/><T85/><D32/><U107/><E35/><V101/><F101/><W104/><G104/><T103/><D105/><U54/><E58/><N who="2" m="33143" /><F119/><W112/><G112/><T15/><D76/><U72/><E72/><V37/><F135/><W127/><G127/><T120/><D74/><U124/><E124/><V11/><F11/><W9/><REACH who="3" step="1"/><G26/><REACH who="3" ten="210,369,201,210" step="2"/><T63/><D120/><U29/><E107/><V91/><F114/><W83/><G83/><T42/><D42/><U69/><E69/><V77/><F37/><W1/><G1/><T34/><D94/><N who="1" m="56783" /><E84/><V46/><F129/><W65/><G65/><T68/><D64/><U25/><E12/><V40/><F130/><W86/><G86/><T131/><D15/><U115/><E115/><V7/><F66/><W3/><G3/><T41/><D85/><U27/><E25/><V22/><F40/><W45/><G45/><T33/><D41/><U113/><E113/><V44/><F44/><W108/><G108/><T117/><D131/><U61/><E29/><AGARI ba="1,1" hai="0,5,9,10,14,16,19,20,24,29,31,90,92,98" machi="29" ten="40,5200,0" yaku="1,1,54,1,53,1" doraHai="122" doraHaiUra="95" who="3" fromWho="1" sc="210,0,369,-55,201,0,210,65" /><INIT seed="2,0,0,2,3,21" ten="210,314,201,275" oya="2" hai0="13,108,10,7,120,17,46,61,67,63,6,45,134" hai1="55,118,83,66,115,9,65,60,8,3,38,112,96" hai2="36,131,84,92,102,39,88,132,119,50,37,69,18" hai3="0,94,127,41,97,48,79,101,43,111,56,110,135"/><V12/><F119/><W15/><G0/><T28/><D108/><N who="3" m="41513" /><G135/><T74/><D74/><U106/><E118/><V123/><F123/><W70/><G70/><T57/><D134/><U122/><E122/><V104/><F132/><W29/><G127/><T80/><D120/><U72/><E38/><V130/><F69/><W71/><G71/><T87/><D63/><U81/><E55/><V11/><REACH who="2" step="1"/><F50/><REACH who="2" ten="210,314,191,275" step="2"/><W51/><G48/><T126/><D126/><U98/><E60/><V91/><F91/><W53/><G79/><T22/><D6/><U25/><E115/><V77/><F77/><W62/><G51/><T32/><D7/><U128/><E112/><V105/><F105/><W64/><G64/><T59/><D67/><U85/><E106/><V24/><F24/><W42/><G62/><T75/><D61/><U34/><E25/><V124/><F124/><W58/><G53/><T5/><D5/><U100/><E65/><V44/><F44/><W19/><G29/><T52/><D28/><U95/><E66/><V33/><F33/><W82/><G42/><T1/><D32/><U35/><E34/><V40/><F40/><W23/><G43/><T117/><D52/><U90/><E35/><V54/><F54/><W129/><G41/><T121/><D121/><U125/><E90/><V31/><F31/><W20/><G58/><T73/><D57/><U76/><E125/><V93/><F93/><W68/><G56/><T30/><D59/><U89/><E89/><V47/><F47/><N who="0" m="17930" /><D30/><U103/><E76/><V26/><F26/><N who="3" m="14623" /><G68/><T2/><D117/><U14/><E95/><RYUUKYOKU ba="0,1" sc="210,-10,314,-10,191,30,275,-10" hai2="11,12,18,36,37,39,84,88,92,102,104,130,131" /><INIT seed="2,1,1,5,5,80" ten="200,304,221,265" oya="2" hai0="106,113,19,4,109,87,97,61,20,63,107,119,81" hai1="85,65,27,64,100,82,108,68,56,102,25,35,53" hai2="110,115,22,95,104,18,134,116,125,103,132,46,52" hai3="75,72,93,73,114,29,131,48,10,9,3,5,57"/><V62/><F115/><W36/><G36/><T34/><D113/><U42/><E108/><V111/><F104/><W74/><G114/><T135/><D34/><U112/><E112/><V121/><F116/><W124/><G131/><T118/><D109/><N who="2" m="41482" /><F121/><W105/><G105/><N who="0" m="39947" /><D4/><U43/><E68/><V55/><F125/><W14/><G124/><T23/><D97/><U32/><E32/><V101/><F62/><N who="0" m="23562" /><D19/><U88/><E35/><V40/><F95/><W70/><G29/><T59/><D59/><U24/><E65/><V89/><F89/><W8/><G70/><T69/><D69/><U76/><E64/><V49/><F101/><N who="1" m="39017" /><E88/><V78/><F103/><W15/><G93/><T77/><D135/><N who="2" m="51754" /><F78/><W44/><G3/><T79/><D79/><U120/><E120/><V130/><F130/><W84/><G5/><T126/><D126/><U92/><E92/><V45/><F45/><W37/><G44/><T123/><D123/><U58/><E58/><V94/><F94/><W86/><G57/><T13/><D119/><U90/><E90/><V16/><F18/><W50/><N who="3" m="18432" /><DORA hai="67" /><W2/><G2/><T11/><D118/><U26/><N who="1" m="6144" /><DORA hai="31" /><U30/><E30/><V71/><F71/><W17/><G17/><N who="0" m="8383" /><D77/><U96/><E96/><V12/><AGARI ba="1,1" hai="12,16,22,40,46,49,52,55" m="51754,41482" machi="12" ten="30,12000,1" yaku="14,1,10,1,20,1,54,2" doraHai="80,67,31" who="2" fromWho="2" sc="200,-41,304,-41,221,133,265,-41" /><INIT seed="2,2,0,1,3,95" ten="159,263,354,224" oya="2" hai0="97,90,34,54,10,106,89,31,118,20,117,75,19" hai1="41,56,104,11,92,78,63,77,86,25,87,120,134" hai2="12,16,132,26,44,69,112,21,37,114,124,24,53" hai3="57,48,58,82,121,127,28,123,96,98,23,52,126"/><V99/><F69/><W122/><G82/><T115/><D115/><U116/><E134/><V79/><F132/><W4/><G4/><T7/><D75/><U109/><E116/><V33/><F124/><N who="3" m="47659" /><G58/><T85/><D54/><U62/><E109/><V27/><F79/><N who="1" m="30217" /><E104/><V0/><F0/><W9/><G9/><T38/><D38/><U36/><E36/><V65/><F65/><W113/><G113/><T17/><D34/><U8/><E41/><V74/><F74/><W59/><G59/><T14/><D31/><U93/><E25/><AGARI ba="2,0" hai="23,25,28,48,52,57,96,98,121,122,123" m="47659" machi="25" ten="40,8000,1" yaku="18,1,52,2,54,1" doraHai="95" who="3" fromWho="1" sc="159,0,263,-86,354,0,224,86" /><INIT seed="3,0,0,4,0,76" ten="159,177,354,310" oya="3" hai0="101,40,105,130,10,115,112,42,57,29,33,60,24" hai1="100,69,93,34,59,26,1,98,67,99,135,25,62" hai2="16,81,133,104,58,31,53,13,114,68,109,11,7" hai3="96,32,15,2,54,108,87,47,49,73,45,22,116"/><W70/><G32/><T75/><D75/><U63/><E135/><V56/><F68/><W127/><G2/><T30/><D130/><U39/><E1/><V121/><F114/><W38/><G73/><T106/><D10/><U84/><E39/><V90/><F104/><W72/><G72/><T97/><D106/><U125/><E125/><V19/><F109/><W17/><G116/><T28/><D33/><U107/><E34/><V55/><F31/><W51/><G70/><T83/><D24/><U5/><E84/><N who="2" m="50447" /><F121/><W122/><G122/><T95/><D105/><U94/><E107/><V102/><F102/><W129/><G129/><T77/><D77/><U12/><E12/><N who="2" m="5247" /><F133/><W134/><G38/><T65/><REACH who="0" step="1"/><D83/><REACH who="0" ten="149,177,354,310" step="2"/><U111/><E111/><V21/><F21/><N who="3" m="11455" /><G108/><T36/><D36/><U113/><E113/><AGARI ba="0,1" hai="28,29,30,40,42,57,60,65,95,97,101,112,113,115" machi="113" ten="40,2600,0" yaku="1,1,11,1,53,0" doraHai="76" doraHaiUra="123" who="0" fromWho="1" sc="149,36,177,-26,354,0,310,0" owari="185,-21.5,151,-34.9,354,45.4,310,11.0" /></mjloggm>