<mjloggm ver="2.3"><GO type="225" lobby="0"/><UN n0="%E3%81%95%E3%81%8D%E3%81%9F%E3%81%BE%E6%9E%97%E6%AA%8E" n1="%47%32%E9%BE%8D%E9%96%80" n2="%E3%82%B7%E3%83%B3%E5%A4%AA%E6%9C%97" n3="%72%69%6F%75%63%68%61%6E" dan="16,16,16,17" rate="2100.75,2111.70,2126.98,2155.53" sx="M,M,M,M"/><TAIKYOKU oya="0"/><INIT seed="0,0,0,3,1,29" ten="250,250,250,250" oya="0" hai0="25,39,42,13,58,96,125,16,132,1,76,45,70" hai1="20,101,49,102,55,107,3,131,129,128,124,28,59" hai2="37,72,56,73,53,91,31,133,80,27,51,68,0" hai3="18,62,126,12,44,88,135,46,83,75,64,7,106"/><T57/><D70/><U86/><E124/><V32/><F133/><W82/><G135/><T54/><D1/><U100/><E3/><V116/><F116/><W123/><G126/><T74/><D132/><U87/><REACH who="1" step="1"/><E107/><REACH who="1" ten="250,240,250,250" step="2"/><V134/><F0/><W36/><G106/><T5/><D125/><U105/><E105/><V94/><F134/><W52/><G123/><T22/><D96/><U115/><E115/><V63/><F37/><W84/><G7/><T19/><D5/><U120/><E120/><V6/><F6/><W26/><G36/><T50/><D74/><U43/><E43/><V33/><F73/><W8/><G26/><AGARI ba="0,1" hai="20,26,28,49,55,59,86,87,100,101,102,128,129,131" machi="26" ten="50,3200,0" yaku="1,1,19,1,53,0" doraHai="29" doraHaiUra="118" who="1" fromWho="3" sc="250,0,240,42,250,0,250,-32" /><INIT seed="1,0,0,2,5,7" ten="250,282,250,218" oya="1" hai0="91,77,24,133,115,96,33,9,22,83,127,36,6" hai1="73,17,72,13,92,62,104,41,15,81,12,108,112" hai2="21,34,132,16,95,135,55,66,80,82,10,19,64" hai3="113,75,118,51,69,11,98,39,89,57,14,107,90"/><U47/><E112/><V94/><F34/><W100/><G113/><T84/><D133/><U4/><E104/><V40/><F21/><W124/><G124/><T76/><D127/><U70/><E108/><V65/><F55/><W49/><G69/><T2/><D115/><U58/><E70/><V117/><F40/><W0/><G118/><T29/><D36/><U26/><E4/><V67/><F67/><W101/><G39/><T30/><D30/><U128/><E128/><V61/><F61/><W88/><G75/><T31/><D31/><U86/><E92/><N who="2" m="35371" /><F117/><W111/><G111/><T60/><D96/><U59/><E26/><V109/><F109/><W35/><G35/><T74/><D74/><U130/><E17/><N who="2" m="6731" /><F10/><W116/><G0/><T121/><D121/><U129/><E129/><V52/><F52/><N who="3" m="31887" /><G107/><T119/><D119/><U20/><E20/><V23/><F23/><W85/><G116/><T110/><D110/><U1/><E1/><V120/><F120/><W123/><G123/><T27/><D27/><U125/><E125/><V8/><F8/><W54/><G98/><T56/><REACH who="0" step="1"/><D33/><REACH who="0" ten="240,282,250,218" step="2"/><U102/><E130/><V5/><F5/><N who="3" m="3439" /><G85/><T3/><D3/><U28/><E73/><V105/><F105/><W99/><G99/><T106/><D106/><U71/><E72/><V32/><F32/><W114/><G114/><T25/><D25/><U43/><E86/><V131/><F131/><W45/><AGARI ba="0,1" hai="45,51,54,88,89,90,100,101" m="3439,31887" machi="45" ten="30,7900,0" yaku="8,1,52,1,54,2" doraHai="7" who="3" fromWho="3" sc="240,-20,282,-39,250,-20,218,89" /><INIT seed="2,0,0,4,3,109" ten="220,243,230,307" oya="2" hai0="83,22,38,37,104,96,18,67,13,50,127,41,20" hai1="81,60,131,24,105,78,85,61,16,86,116,91,4" hai2="1,110,90,12,100,52,23,45,125,19,3,77,69" hai3="33,102,57,15,25,84,82,29,51,124,30,130,108"/><V107/><F125/><W7/><G108/><T129/><D127/><U93/><E116/><V36/><F69/><W27/><G130/><T5/><D129/><U49/><E105/><V11/><F110/><W95/><G124/><T92/><D104/><U0/><E131/><V97/><F77/><W98/><G7/><T28/><D5/><U8/><REACH who="1" step="1"/><E49/><REACH who="1" ten="220,233,230,307" step="2"/><V115/><F115/><W68/><G51/><T44/><D38/><U46/><E46/><V117/><F117/><W101/><G101/><N who="0" m="60551" /><D37/><U79/><E79/><V9/><F36/><W106/><G102/><T21/><D28/><U2/><E2/><V63/><F45/><W111/><G29/><T113/><D113/><U66/><E66/><V120/><F120/><W74/><G30/><T121/><D121/><U75/><E75/><V122/><F122/><W40/><G74/><T135/><D135/><U88/><E88/><V87/><F3/><W59/><G106/><T6/><D67/><U65/><E65/><V34/><F1/><W72/><G111/><T10/><D83/><U31/><E31/><V56/><F34/><W62/><G82/><AGARI ba="0,1" hai="9,11,12,19,23,52,56,63,82,87,90,97,100,107" machi="82" ten="30,2900,0" yaku="7,1,54,1" doraHai="109" who="2" fromWho="3" sc="220,0,233,0,230,39,307,-29" /><INIT seed="2,1,0,0,1,88" ten="220,233,269,278" oya="2" hai0="26,103,25,135,14,51,64,44,29,6,48,50,52" hai1="20,43,70,131,108,67,106,38,91,12,40,1,7" hai2="117,87,80,132,85,122,110,46,95,63,97,41,16" hai3="2,21,89,124,77,83,22,78,134,54,84,55,58"/><V128/><F117/><W17/><G2/><T126/><D126/><U109/><E106/><V115/><F122/><W62/><G124/><T4/><D135/><U76/><E76/><N who="3" m="29290" /><G134/><T59/><D103/><U94/><E1/><V125/><F132/><W3/><G3/><T0/><D0/><U56/><E70/><V5/><F125/><W15/><G22/><N who="0" m="15543" /><D26/><U90/><E90/><V65/><F5/><N who="0" m="2154" /><D14/><U121/><E131/><V105/><F105/><W39/><G39/><T47/><D64/><AGARI ba="1,0" hai="15,17,21,54,55,58,62,64,83,84,89" m="29290" machi="64" ten="30,1000,0" yaku="8,1" doraHai="88" who="3" fromWho="0" sc="220,-13,233,0,269,0,278,13" /><INIT seed="3,0,0,0,5,80" ten="207,233,269,291" oya="3" hai0="124,60,109,93,62,90,119,118,126,0,50,43,99" hai1="27,89,53,104,91,57,117,28,2,11,46,3,19" hai2="112,82,125,98,21,39,111,123,96,45,110,63,86" hai3="34,22,78,33,12,114,74,128,6,52,25,106,58"/><W10/><G114/><T81/><D0/><U14/><E104/><V7/><F112/><W75/><G106/><T17/><D109/><N who="2" m="41482" /><F7/><W101/><G101/><T122/><D122/><U87/><E91/><V132/><F132/><W32/><G128/><T9/><D81/><U65/><E65/><V38/><F123/><W44/><G44/><N who="0" m="25887" /><D17/><U16/><E19/><V108/><F125/><N who="0" m="48234" /><D9/><U42/><E117/><AGARI ba="0,0" hai="60,62,90,93,99,117,118,119" m="48234,25887" machi="117" ten="30,1000,0" yaku="18,1" doraHai="80" who="0" fromWho="1" sc="207,10,233,-10,269,0,291,0" /><INIT seed="4,0,0,0,5,98" ten="217,223,269,291" oya="0" hai0="49,51,37,134,30,99,90,124,107,57,111,100,39" hai1="34,75,115,47,78,120,50,116,28,121,76,17,21" hai2="77,53,44,10,68,12,45,71,123,54,130,95,43" hai3="20,26,29,9,114,27,59,109,56,46,128,104,63"/><T83/><D124/><U84/><E116/><V126/><F123/><W135/><G109/><T80/><D134/><U40/><E75/><V93/><F130/><W91/><G114/><T85/><D111/><U31/><E115/><V24/><F77/><N who="1" m="29801" /><E34/><V35/><F126/><W65/><G128/><T22/><D80/><U79/><E121/><V82/><F82/><W97/><G135/><T92/><D39/><U32/><E32/><V89/><F24/><N who="3" m="16519" /><G104/><T113/><D37/><U110/><E120/><V48/><F35/><W14/><G46/><T105/><D113/><U8/><E8/><V19/><F95/><N who="3" m="56575" /><G59/><T5/><D105/><U4/><E4/><AGARI ba="0,0" hai="4,9,14,26,27,56,63,65" m="56575,16519" machi="4" ten="30,1000,0" yaku="8,1" doraHai="98" who="3" fromWho="1" sc="217,0,223,-10,269,0,291,10" owari="217,-18.3,213,-28.7,269,6.9,301,40.1" /></mjloggm>