<mjloggm ver="2.3"><GO type="225" lobby="0"/><UN n0="%E3%81%B5%E3%81%98%E3%81%8B%E3%81%A4" n1="%6D%75%75%73%61%6E%6D%75" n2="%E8%BE%9B%E5%8F%A3%E3%82%AB%E3%83%AC%E3%83%BC%E3%83%A9%E3%82%A4%E3%82%B9" n3="%E3%81%92%E3%81%A3%E3%81%A1" dan="17,16,17,17" rate="2235.11,2071.35,2272.22,2236.17" sx="M,F,M,M"/><TAIKYOKU oya="0"/><INIT seed="0,0,0,4,4,119" ten="250,250,250,250" oya="0" hai0="59,25,79,128,33,39,132,80,44,34,63,37,12" hai1="111,104,32,87,129,95,7,78,93,100,81,66,122" hai2="99,0,20,18,62,67,105,69,68,89,107,123,75" hai3="42,2,19,5,52,11,58,117,31,21,13,97,43"/><T41/><D132/><U65/><E32/><V134/><F123/><W90/><G117/><T106/><D128/><U22/><E129/><V120/><F120/><W36/><G36/><T51/><D106/><U50/><E122/><V114/><F114/><W77/><G77/><T121/><D121/><U118/><E118/><V86/><F75/><W53/><G31/><T116/><D116/><U4/><E104/><V101/><F0/><W94/><REACH who="3" step="1"/><G53/><REACH who="3" ten="250,250,250,240" step="2"/><T47/><D39/><U6/><E78/><V29/><F29/><W23/><G23/><T60/><D34/><U61/><E22/><V133/><F133/><W56/><G56/><T16/><D59/><U28/><E28/><V9/><F134/><W74/><G74/><T130/><D130/><U131/><E131/><V113/><F113/><W49/><AGARI ba="0,1" hai="2,5,11,13,19,21,42,43,49,52,58,90,94,97" machi="49" ten="20,5200,0" yaku="1,1,0,1,7,1,54,1,53,0" doraHai="119" doraHaiUra="108" who="3" fromWho="3" sc="250,-26,250,-13,250,-13,240,62" /><INIT seed="1,0,0,2,5,98" ten="224,237,237,302" oya="1" hai0="88,7,135,14,104,39,120,66,19,108,115,121,18" hai1="33,130,0,65,76,26,103,13,10,44,6,59,8" hai2="41,134,49,35,119,16,129,37,72,111,124,84,52" hai3="50,133,94,82,53,29,81,67,68,83,79,36,9"/><U91/><E130/><V15/><F72/><W92/><G36/><T28/><D115/><U69/><E69/><V62/><F119/><W70/><G79/><T96/><D39/><U86/><E76/><V12/><F35/><W122/><G122/><N who="0" m="47211" /><D66/><U21/><E33/><V25/><F129/><W60/><G70/><T2/><D28/><U118/><E118/><V106/><F106/><W46/><G133/><T117/><D117/><U5/><E44/><N who="2" m="25743" /><F37/><W23/><REACH who="3" step="1"/><G9/><REACH who="3" ten="224,237,237,292" step="2"/><T64/><D135/><U105/><E8/><V89/><F134/><W34/><G34/><T56/><D108/><U54/><E10/><V126/><F111/><W114/><G114/><T74/><D2/><U4/><E0/><V80/><F126/><W11/><G11/><T123/><D123/><U27/><E6/><V78/><F124/><W17/><G17/><T95/><D7/><U58/><E5/><V20/><F78/><W42/><G42/><T73/><D19/><U40/><E4/><V113/><F113/><W107/><G107/><T30/><D104/><U77/><E40/><V47/><F47/><W127/><G127/><T87/><D30/><U102/><E77/><V90/><F90/><W48/><G48/><T71/><D71/><U45/><E105/><V110/><F110/><W93/><G93/><T125/><D125/><U101/><E45/><V85/><F85/><W31/><G31/><T55/><D87/><U24/><E86/><V112/><F112/><W32/><G32/><T43/><D43/><U22/><E91/><V63/><F63/><W1/><G1/><T75/><D88/><RYUUKYOKU ba="0,1" sc="224,-15,237,-15,237,15,292,15" hai2="12,15,16,20,25,52,62,80,84,89" hai3="23,29,46,50,53,60,67,68,81,82,83,92,94" /><INIT seed="2,1,1,5,5,83" ten="209,222,252,307" oya="2" hai0="91,53,67,98,78,28,118,65,76,20,82,38,68" hai1="62,130,40,31,79,32,24,3,81,9,107,113,77" hai2="29,119,11,45,42,105,8,57,128,124,103,6,1" hai3="14,5,43,110,19,100,84,10,13,22,134,59,112"/><V4/><F119/><W104/><G110/><T46/><D118/><U56/><E113/><V39/><F124/><W126/><G126/><T49/><D68/><U15/><E130/><V87/><F128/><W120/><G120/><T33/><D33/><U132/><E132/><V2/><F29/><W71/><G71/><T85/><D38/><U34/><E107/><V26/><F26/><W102/><G134/><T94/><REACH who="0" step="1"/><D76/><REACH who="0" ten="199,222,252,307" step="2"/><U115/><E34/><V72/><F39/><W61/><G112/><T66/><D66/><U111/><E115/><V129/><F129/><W69/><G69/><T63/><D63/><U27/><E111/><V0/><F0/><W73/><G61/><T48/><D48/><U97/><E3/><V58/><F1/><W127/><G127/><T88/><D88/><U123/><E123/><V122/><F2/><W109/><G109/><T50/><D50/><U51/><E77/><V93/><F122/><W55/><G102/><T135/><D135/><U21/><E51/><V117/><F103/><W96/><G100/><T60/><D60/><U64/><E32/><V30/><F117/><W37/><G37/><T95/><D95/><U101/><E64/><V54/><F93/><W18/><G104/><T44/><D44/><U133/><E133/><V89/><F45/><W92/><G92/><T90/><D90/><U17/><E62/><V116/><F89/><W125/><G125/><T121/><D121/><U114/><E114/><V35/><F105/><W131/><G131/><T52/><D52/><U108/><E108/><V86/><F116/><W99/><G55/><RYUUKYOKU ba="1,2" sc="199,30,222,-10,252,-10,307,-10" hai0="20,28,46,49,53,65,67,78,82,85,91,94,98" /><INIT seed="3,2,2,0,3,54" ten="229,212,242,297" oya="3" hai0="119,24,51,59,74,130,72,69,116,87,28,75,4" hai1="108,89,10,23,131,6,96,117,118,66,19,36,11" hai2="18,133,30,62,38,86,121,79,46,123,85,35,42" hai3="103,94,91,95,53,13,49,76,105,78,92,68,63"/><W22/><G105/><T29/><D69/><U15/><E36/><V90/><F133/><W48/><G103/><T26/><D4/><U98/><E108/><V25/><F79/><N who="3" m="30251" /><G68/><T31/><D87/><U58/><E131/><V101/><F101/><W16/><G91/><T127/><D130/><U55/><E66/><V104/><F104/><W50/><G63/><T37/><D37/><U129/><E129/><V70/><F18/><W3/><G3/><T43/><D127/><U0/><E11/><V39/><F39/><W34/><G34/><T41/><D51/><U93/><REACH who="1" step="1"/><E96/><REACH who="1" ten="229,202,242,297" step="2"/><V128/><F128/><W135/><G135/><T44/><D116/><U125/><E125/><V126/><F126/><W17/><G17/><T83/><D119/><U111/><E111/><V8/><F38/><W5/><G5/><T112/><D112/><U109/><E109/><V1/><F121/><W100/><G100/><T88/><D72/><U60/><AGARI ba="2,3" hai="0,6,10,15,19,23,55,58,60,89,93,98,117,118" machi="60" ten="30,7900,0" yaku="1,1,0,1,52,1,53,1" doraHai="54" doraHaiUra="9" who="1" fromWho="1" sc="229,-22,202,115,242,-22,297,-41" owari="207,-29.3,317,41.7,220,-18.0,256,5.6" /></mjloggm>