<mjloggm ver="2.3"><GO type="225" lobby="0"/><UN n0="%E8%90%BD%E6%97%A5" n1="%E6%A1%9C%E8%8A%B1%E9%96%83%E3%80%85" n2="%47%68%6F%73%74%55%30" n3="%E3%81%99%E3%81%84%E3%81%BE%E3%81%9B%E3%83%BC%E3%82%93" dan="16,17,17,18" rate="2232.44,2235.77,2164.08,2215.50" sx="F,M,F,M"/><TAIKYOKU oya="0"/><INIT seed="0,0,0,2,2,73" ten="250,250,250,250" oya="0" hai0="99,43,97,122,16,1,31,41,24,113,40,130,98" hai1="90,78,36,93,55,46,32,11,108,105,134,128,6" hai2="58,0,119,94,10,27,111,35,42,88,23,86,53" hai3="38,80,59,18,29,131,48,2,87,39,34,129,62"/><T74/><D113/><U57/><E105/><V96/><F111/><W103/><G2/><T28/><D122/><U120/><E120/><V126/><F126/><W72/><G72/><T83/><D1/><U115/><E108/><V7/><F119/><W84/><G103/><T64/><D64/><U30/><E115/><V95/><F35/><W82/><G48/><T67/><D67/><U47/><E134/><V114/><F42/><W56/><G18/><T61/><D61/><U44/><E128/><N who="3" m="49226" /><G29/><T14/><D130/><U124/><E124/><V45/><F45/><W135/><G34/><T33/><D31/><U112/><E112/><V49/><F114/><W85/><G135/><T116/><D116/><U25/><E36/><N who="3" m="13866" /><G62/><T63/><D63/><U37/><E37/><V52/><F49/><W3/><G3/><T22/><REACH who="0" step="1"/><D41/><REACH who="0" ten="240,250,250,250" step="2"/><U101/><E30/><V125/><F125/><W26/><G26/><T118/><D118/><U106/><E25/><V79/><F58/><AGARI ba="0,1" hai="56,58,59,80,82,84,85,87" m="13866,49226" machi="58" ten="40,5200,0" yaku="28,2,19,1" doraHai="73" who="3" fromWho="2" sc="240,0,250,0,250,-52,250,62" /><INIT seed="1,0,0,4,4,88" ten="240,250,198,312" oya="1" hai0="20,78,100,104,58,132,81,106,118,47,91,66,39" hai1="125,128,119,99,38,34,90,27,36,85,8,126,75" hai2="9,130,4,48,127,18,57,114,131,52,22,19,120" hai3="74,82,41,68,44,24,13,40,63,92,135,1,51"/><U49/><E75/><V116/><F120/><W76/><G1/><T77/><D118/><U5/><E119/><V109/><F116/><W110/><G110/><T103/><D132/><U87/><E128/><N who="2" m="49195" /><F109/><W105/><G105/><T10/><D104/><U115/><E115/><V0/><F114/><W93/><G135/><T6/><D106/><U134/><E134/><V15/><F19/><W107/><G107/><T122/><D122/><U46/><E99/><V32/><F32/><W37/><G24/><T71/><D71/><U108/><E108/><V124/><AGARI ba="0,0" hai="0,4,9,15,18,22,48,52,57,124,127" m="49195" machi="124" ten="30,2000,0" yaku="19,1,54,1" doraHai="88" who="2" fromWho="2" sc="240,-5,250,-10,198,20,312,-5" /><INIT seed="2,0,0,1,2,0" ten="235,240,218,307" oya="2" hai0="75,99,130,112,126,6,125,24,128,118,133,89,4" hai1="86,94,26,134,74,39,79,54,83,8,22,68,28" hai2="127,80,32,76,119,16,124,65,100,72,58,17,34" hai3="36,10,73,23,64,12,42,120,50,33,40,44,84"/><V47/><F119/><W69/><G33/><T85/><D75/><U129/><E129/><N who="0" m="49769" /><D112/><U27/><E134/><V104/><F47/><W56/><G73/><T97/><D118/><U62/><E39/><V1/><F1/><W71/><G120/><T51/><D51/><U88/><E8/><V25/><F100/><W53/><G23/><T101/><D24/><U30/><E54/><V81/><F104/><W41/><G84/><T52/><D52/><U110/><E110/><V18/><F80/><W61/><G71/><T107/><D99/><U108/><E108/><V91/><F91/><W2/><G2/><T117/><D133/><U21/><E68/><V132/><F132/><W45/><G45/><T122/><D122/><U106/><E62/><N who="2" m="38103" /><F25/><W11/><G11/><T105/><D107/><AGARI ba="0,0" hai="21,22,26,27,28,30,74,79,83,86,88,94,106,107" machi="107" ten="40,2600,0" yaku="9,1,54,1" doraHai="0" who="1" fromWho="0" sc="235,-26,240,26,218,0,307,0" /><INIT seed="3,0,0,2,5,13" ten="209,266,218,307" oya="3" hai0="111,5,128,43,132,55,21,120,135,9,99,61,129" hai1="32,85,59,86,134,14,33,66,3,76,117,67,71" hai2="127,30,65,4,119,57,41,107,80,89,60,24,70" hai3="110,26,7,103,36,118,68,64,106,72,79,104,93"/><W48/><G36/><T69/><D120/><U29/><E3/><V8/><F119/><W52/><G118/><T51/><D111/><U75/><E117/><V125/><F107/><W113/><G113/><T37/><D99/><U133/><E59/><V112/><F112/><W105/><G110/><T28/><D28/><U19/><E75/><V82/><F41/><W121/><G121/><T130/><D21/><N who="1" m="11511" /><E76/><V58/><F58/><W78/><G7/><T84/><D84/><N who="1" m="32363" /><E29/><V91/><F70/><W101/><G72/><T38/><D43/><U98/><E98/><V39/><F39/><N who="0" m="14858" /><D61/><N who="1" m="40399" /><E67/><V20/><F80/><W16/><G64/><T42/><D42/><U97/><E97/><V56/><F82/><W124/><G68/><T73/><D73/><U23/><E23/><V81/><F81/><W31/><G31/><T49/><D69/><U114/><E114/><V46/><F46/><W34/><G106/><T27/><D27/><U0/><E0/><N who="2" m="7" /><F56/><N who="3" m="32775" /><G105/><T115/><D115/><U109/><E109/><V90/><F90/><W18/><G104/><T83/><D83/><U53/><E53/><V54/><F54/><W1/><G1/><N who="0" m="175" /><D51/><U15/><E15/><V77/><F77/><W96/><G79/><T108/><D108/><U50/><E50/><V74/><F74/><W25/><G78/><T100/><D100/><U40/><E40/><V116/><F116/><W2/><G103/><T94/><D94/><U11/><E11/><V47/><F47/><AGARI ba="0,0" hai="47,49,55,128,129,130,132,135" m="175,14858" machi="47" ten="40,1300,0" yaku="19,1" doraHai="13" who="0" fromWho="2" sc="209,13,266,0,218,-13,307,0" owari="222,-17.8,266,6.6,205,-29.5,307,40.7" /></mjloggm>