<mjloggm ver="2.3"><GO type="225" lobby="0"/><UN n0="%E5%B8%86%E7%AB%8B%E5%A4%8F%E8%A1%A3" n1="%E6%B4%BE%E9%81%A3%E3%81%AE%E3%82%B8%E3%83%A3%E3%83%83%E3%82%AF" n2="%E3%81%99%E3%81%84%E3%81%BE%E3%81%9B%E3%83%BC%E3%82%93" n3="%E6%98%93%E5%88%A9%E8%96%A9%E4%BC%AF" dan="16,17,17,16" rate="2128.65,2204.44,2226.85,2051.51" sx="M,M,M,F"/><TAIKYOKU oya="0"/><INIT seed="0,0,0,0,3,63" ten="250,250,250,250" oya="0" hai0="91,120,115,0,106,87,23,19,31,78,3,12,132" hai1="128,53,59,18,77,118,61,135,130,105,25,108,64" hai2="10,15,43,80,86,11,39,28,96,112,65,38,44" hai3="110,82,52,107,88,29,57,56,32,94,37,125,124"/><T98/><D115/><U26/><E105/><V24/><F112/><W73/><G107/><T116/><D116/><U85/><E118/><V131/><F131/><N who="1" m="50217" /><E108/><V69/><F96/><W103/><G37/><T13/><D120/><U76/><E135/><V102/><F102/><W95/><G110/><T66/><D132/><U35/><E85/><V58/><F69/><W133/><G57/><T72/><D31/><N who="1" m="19959" /><E53/><V75/><F75/><W74/><G32/><T5/><D72/><U4/><E4/><V1/><F1/><W50/><G29/><T16/><D5/><U60/><E60/><V68/><F68/><W122/><G122/><T114/><D114/><U104/><E104/><V34/><F39/><W33/><G33/><T20/><D78/><U123/><E123/><V49/><F15/><W9/><G133/><T83/><REACH who="0" step="1"/><D66/><REACH who="0" ten="240,250,250,250" step="2"/><U100/><E77/><V113/><F113/><W134/><G134/><T117/><D117/><U7/><E7/><V51/><F65/><W67/><G67/><T21/><D21/><N who="1" m="13495" /><E76/><N who="2" m="46343" /><F10/><W111/><G9/><T109/><D109/><U40/><E40/><V27/><F11/><W90/><G111/><T6/><D6/><U121/><E121/><V70/><F28/><W42/><G42/><T47/><D47/><U93/><E100/><AGARI ba="0,1" hai="0,3,12,13,16,19,20,23,83,87,91,98,100,106" machi="100" ten="40,7700,0" yaku="1,1,9,1,54,1,53,0" doraHai="63" doraHaiUra="45" who="0" fromWho="1" sc="240,87,250,-77,250,0,250,0" /><INIT seed="0,1,0,4,0,60" ten="327,173,250,250" oya="0" hai0="75,135,40,131,126,73,33,112,44,43,128,117,93" hai1="13,132,55,9,120,64,111,70,49,119,46,45,12" hai2="107,134,86,57,98,65,92,0,83,87,42,1,51" hai3="102,39,29,82,4,53,30,48,18,27,47,97,89"/><T52/><D33/><U35/><E35/><V76/><F134/><W96/><G4/><T79/><D112/><U31/><E31/><V116/><F116/><W32/><G39/><T36/><D117/><U66/><E119/><V19/><F107/><W38/><G38/><T20/><D135/><U110/><E70/><V69/><F69/><W94/><G30/><T80/><D126/><U127/><E132/><V84/><F42/><W124/><G124/><T108/><D75/><U99/><E127/><V68/><F68/><W109/><G109/><N who="1" m="41482" /><E120/><V81/><F19/><W2/><G2/><T106/><D106/><U3/><E99/><V10/><F86/><W130/><G130/><T72/><D72/><U100/><E100/><V24/><F24/><W50/><G50/><T34/><D34/><U61/><E61/><V28/><F28/><W14/><G82/><T7/><D108/><U71/><E71/><V8/><F51/><W115/><G115/><T104/><D104/><U123/><E46/><V103/><F0/><W90/><REACH who="3" step="1"/><G96/><REACH who="3" ten="327,173,250,240" step="2"/><T22/><D131/><U95/><E123/><V59/><F1/><W58/><G58/><T6/><D128/><U26/><E3/><V16/><F59/><W122/><G122/><T101/><D36/><U15/><E9/><AGARI ba="1,1" hai="9,14,18,27,29,32,47,48,53,89,90,94,97,102" machi="9" ten="30,7700,0" yaku="1,1,7,1,53,2" doraHai="60" doraHaiUra="85" who="3" fromWho="1" sc="327,0,173,-80,250,0,240,90" /><INIT seed="1,0,0,5,0,120" ten="327,93,250,330" oya="1" hai0="69,128,8,89,119,1,70,46,83,52,24,9,111" hai1="31,5,100,2,133,40,124,11,88,14,106,129,117" hai2="103,65,78,107,90,47,49,92,19,57,93,37,68" hai3="23,17,53,96,0,72,13,26,98,34,113,101,36"/><U112/><E117/><V64/><F68/><W50/><G36/><T75/><D119/><U99/><E112/><V54/><F78/><W84/><G72/><T44/><D128/><U21/><E129/><V94/><F37/><W3/><G113/><T30/><D70/><U114/><E114/><V71/><F71/><W134/><G84/><T12/><D69/><U55/><E40/><V132/><F132/><W104/><G98/><T27/><D1/><U115/><E115/><V130/><F130/><W105/><G105/><T20/><D111/><U77/><E77/><V73/><F73/><W82/><G82/><T10/><D75/><U15/><E133/><V95/><F107/><W91/><G91/><T66/><D66/><N who="2" m="25706" /><F19/><W7/><G134/><T118/><D118/><U125/><E55/><N who="2" m="30143" /><F103/><W97/><G97/><T81/><D46/><U109/><E109/><V6/><F6/><W51/><G51/><N who="0" m="28775" /><D83/><U122/><E122/><V131/><F131/><W62/><G62/><T127/><D127/><N who="1" m="48715" /><E88/><V29/><F29/><W38/><G38/><T58/><D58/><U59/><E59/><V28/><F28/><W45/><G34/><T56/><D56/><U135/><E135/><V67/><F67/><W39/><G39/><T110/><D110/><U121/><E121/><V18/><F18/><W80/><G80/><T35/><D89/><U86/><E86/><N who="2" m="52311" /><F95/><W79/><G79/><T22/><D81/><U25/><AGARI ba="0,0" hai="2,5,11,14,15,21,25,31,99,100,106" m="48715" machi="25" ten="30,1500,0" yaku="18,1" doraHai="120" who="1" fromWho="1" sc="327,-5,93,15,250,-5,330,-5" /><INIT seed="1,1,0,3,5,71" ten="322,108,245,325" oya="1" hai0="55,87,23,126,94,125,98,39,59,104,97,61,25" hai1="96,117,14,135,114,26,22,105,43,20,134,29,111" hai2="32,48,17,81,101,86,108,44,74,106,10,73,8" hai3="31,95,13,42,57,130,30,84,118,16,123,53,129"/><U115/><E105/><V65/><F32/><W68/><G123/><T90/><D39/><U45/><E96/><V76/><F108/><W56/><G68/><T60/><D60/><U1/><E117/><V120/><F120/><W93/><G42/><T51/><D51/><U5/><E111/><V92/><F65/><W2/><G2/><T131/><D131/><N who="3" m="50185" /><G57/><T102/><REACH who="0" step="1"/><D87/><REACH who="0" ten="312,108,245,325" step="2"/><U49/><E1/><V12/><F86/><W70/><G118/><T83/><D83/><U107/><E107/><V133/><F106/><W119/><G119/><T72/><D72/><U113/><REACH who="1" step="1"/><E5/><REACH who="1" ten="312,98,245,325" step="2"/><V116/><F116/><W99/><G70/><T34/><D34/><U132/><E132/><V122/><F133/><W100/><G84/><T19/><AGARI ba="1,2" hai="19,23,25,55,59,61,90,94,97,98,102,104,125,126" machi="19" ten="30,7900,0" yaku="1,1,0,1,25,2,53,0" doraHai="71" doraHaiUra="79" who="0" fromWho="0" sc="312,102,98,-40,245,-21,325,-21" /><INIT seed="2,0,0,5,1,86" ten="414,58,224,304" oya="2" hai0="31,23,65,49,67,126,76,78,84,25,62,83,43" hai1="4,113,12,131,109,45,39,20,53,29,44,135,112" hai2="99,105,15,103,98,36,134,30,80,97,85,130,89" hai3="70,71,73,8,87,21,37,3,95,107,91,124,127"/><V9/><F130/><W33/><G73/><T5/><D126/><N who="3" m="48169" /><G33/><T22/><D5/><U50/><E109/><V77/><F134/><W132/><G37/><T6/><D6/><U90/><E131/><V101/><F36/><W119/><G107/><T104/><D104/><U68/><E68/><N who="3" m="26154" /><G3/><T51/><D76/><U81/><E135/><V35/><F30/><W2/><G2/><T96/><D96/><U94/><E81/><V72/><F35/><W108/><G8/><T106/><D106/><U102/><E102/><V10/><F101/><W121/><G108/><T123/><D123/><U64/><E64/><N who="0" m="24649" /><D62/><U111/><E111/><V32/><F32/><W11/><G11/><T125/><D125/><U19/><E29/><V128/><F128/><W18/><G119/><T118/><D118/><U28/><E28/><V69/><F9/><W13/><G132/><T52/><D43/><U42/><REACH who="1" step="1"/><E4/><REACH who="1" ten="414,48,224,304" step="2"/><N who="2" m="3527" /><F69/><W115/><G115/><T88/><D78/><U55/><E55/><V1/><F1/><W66/><G66/><T120/><D120/><AGARI ba="0,1" hai="13,18,21,87,91,95,120,121" m="26154,48169" machi="120" ten="30,2000,0" yaku="18,1,52,1" doraHai="86" who="3" fromWho="0" sc="414,-20,48,0,224,0,304,30" /><INIT seed="3,0,0,0,5,35" ten="394,48,224,334" oya="3" hai0="28,1,21,29,131,91,115,110,16,95,30,55,18" hai1="88,93,12,83,134,9,17,5,128,113,124,120,37" hai2="3,2,118,103,46,64,39,78,75,102,43,90,71" hai3="99,132,106,101,92,82,48,26,32,67,107,96,135"/><W38/><G38/><T100/><D110/><U31/><E120/><V119/><F90/><W11/><G67/><T40/><D131/><U7/><E113/><V86/><F86/><W70/><G70/><T74/><D115/><U45/><E124/><V6/><F102/><W105/><G48/><T87/><D1/><N who="2" m="10" /><F103/><W97/><G11/><T4/><D4/><U129/><E134/><N who="3" m="51242" /><G26/><N who="0" m="14631" /><D74/><U84/><E31/><N who="0" m="7937" /><T122/><DORA hai="33" /><D122/><U27/><E83/><N who="2" m="45535" /><F6/><W49/><G49/><T80/><D40/><U77/><E77/><V98/><F98/><N who="3" m="37995" /><G32/><T104/><D18/><U62/><E62/><AGARI ba="0,0" hai="39,43,46,62,64,71,118,119" m="45535,10" machi="62" ten="30,12000,2" yaku="23,1,52,6" doraHai="35,33" who="2" fromWho="1" sc="394,0,48,-120,224,120,334,0" owari="394,49.4,-72,-57.2,344,14.4,334,-6.6" /></mjloggm>