<mjloggm ver="2.3"><GO type="225" lobby="0"/><UN n0="%E3%82%BC%E3%83%AB%E3%83%80%E3%81%AE%E4%BC%9D%E8%AA%AC" n1="%E7%99%BD%E9%9B%AA%E4%B9%83%E6%84%9B" n2="%E5%8F%AF%E5%85%90%E9%82%A3%E7%94%B1%E5%A4%9A" n3="%6D%75%75%6D%75%72%61" dan="17,16,17,17" rate="2155.51,2060.16,2199.28,2198.54" sx="M,F,F,F"/><TAIKYOKU oya="0"/><INIT seed="0,0,0,5,2,71" ten="250,250,250,250" oya="0" hai0="75,62,125,131,134,4,57,77,65,85,8,107,44" hai1="120,0,64,15,116,40,108,36,129,93,103,95,118" hai2="22,73,114,96,113,110,124,83,128,58,76,79,88" hai3="84,32,31,90,1,66,132,63,24,61,45,104,27"/><T35/><D125/><U115/><E0/><V98/><F58/><W127/><G127/><T72/><D134/><U54/><E120/><V82/><F22/><W59/><G132/><T67/><D131/><U3/><E3/><V41/><F124/><W106/><G1/><T39/><D107/><U21/><E64/><V55/><F55/><W68/><G45/><T69/><D85/><U28/><E129/><V10/><F10/><W74/><G27/><T38/><D35/><U101/><E108/><V52/><F41/><W109/><G74/><N who="0" m="28203" /><D77/><U135/><E135/><V130/><F52/><W91/><G109/><T111/><D57/><U119/><E115/><V13/><F13/><W16/><G16/><T23/><D23/><U50/><E15/><V43/><F43/><W48/><G48/><T99/><D99/><U26/><E101/><V53/><F53/><W86/><G86/><T2/><D111/><U6/><E103/><V18/><F110/><W121/><G121/><T105/><D105/><U92/><E6/><V56/><F56/><W70/><G90/><T78/><D78/><U123/><E123/><V60/><F73/><W112/><G112/><T81/><D81/><U100/><E100/><V33/><F33/><W117/><G117/><T29/><D29/><U17/><E28/><V102/><F102/><W12/><G12/><T133/><D133/><U94/><N who="1" m="23552" /><DORA hai="80" /><U7/><E7/><V97/><F97/><W5/><G5/><T46/><D67/><U19/><E19/><V87/><F114/><W47/><G66/><T89/><D89/><U14/><E118/><RYUUKYOKU ba="0,0" sc="250,30,250,-10,250,-10,250,-10" hai0="2,4,8,38,39,44,46,62,65,69" /><INIT seed="0,1,0,2,0,121" ten="280,240,240,240" oya="0" hai0="14,32,103,99,36,133,4,8,59,29,60,100,72" hai1="0,109,129,89,112,88,71,1,124,39,58,11,31" hai2="12,116,64,85,52,20,28,37,123,84,55,96,35" hai3="81,97,80,23,54,2,77,128,95,94,61,82,19"/><T33/><D133/><U21/><E71/><V132/><F123/><W43/><G2/><T30/><D36/><U75/><E75/><V41/><F132/><W126/><G128/><T3/><D72/><U127/><E39/><V27/><F116/><W117/><G117/><T18/><D30/><U73/><E73/><V9/><F64/><W49/><G126/><N who="1" m="48170" /><E129/><V68/><F68/><W69/><G69/><T118/><D118/><U7/><E112/><V26/><F96/><W86/><G43/><T113/><D113/><U93/><E1/><V24/><F37/><W102/><G95/><T63/><D100/><U98/><E58/><V120/><F41/><W108/><G108/><T48/><D48/><U45/><E45/><V13/><F120/><W74/><G61/><T104/><D29/><U83/><E83/><V101/><F101/><W16/><G23/><T46/><D46/><U10/><E10/><V107/><F107/><W70/><G70/><T114/><D114/><U122/><E122/><V53/><F35/><W115/><G115/><T50/><D50/><U51/><E51/><V5/><F28/><W38/><G38/><T57/><D57/><U106/><E106/><V90/><F90/><W76/><REACH who="3" step="1"/><G81/><REACH who="3" ten="280,240,240,230" step="2"/><T125/><D125/><U67/><E21/><V78/><F78/><W92/><G92/><T87/><D60/><U65/><E93/><V91/><F91/><W42/><G42/><T62/><D62/><U131/><E89/><V22/><F22/><W47/><AGARI ba="1,1" hai="16,19,47,49,54,74,76,77,80,82,86,94,97,102" machi="47" ten="20,12000,2" yaku="1,1,0,1,7,1,54,1,53,2" doraHai="121" doraHaiUra="15" who="3" fromWho="3" sc="280,-61,240,-31,240,-31,230,133" /><INIT seed="1,0,0,1,3,70" ten="219,209,209,363" oya="1" hai0="126,131,27,113,42,127,94,26,111,10,6,81,0" hai1="54,53,63,77,71,79,96,32,83,43,41,13,121" hai2="92,17,14,58,124,37,134,15,34,31,52,75,16" hai3="85,84,129,46,116,49,123,119,106,132,60,35,5"/><U86/><E121/><V36/><F75/><W73/><G123/><T98/><D111/><U130/><E130/><V89/><F134/><W90/><G132/><T68/><D113/><U74/><E32/><V105/><F105/><W128/><G73/><T59/><D68/><U112/><E112/><V24/><F124/><N who="0" m="47658" /><D131/><N who="3" m="50249" /><G106/><T11/><D42/><U4/><E79/><V8/><F92/><W20/><G35/><T107/><D107/><U64/><E96/><V12/><F89/><W51/><G60/><T120/><D120/><U28/><E28/><V65/><F65/><W122/><G122/><T99/><D59/><N who="1" m="36991" /><E74/><V9/><F14/><W40/><G51/><AGARI ba="0,0" hai="8,9,12,15,16,17,24,31,34,36,37,51,52,58" machi="51" ten="30,12000,2" yaku="7,1,9,1,52,2,54,2" doraHai="70" who="2" fromWho="3" sc="219,0,209,0,209,120,363,-120" /><INIT seed="2,0,0,1,2,131" ten="219,209,329,243" oya="2" hai0="64,13,89,41,42,87,124,59,27,129,69,17,40" hai1="60,133,103,56,130,134,86,111,52,75,91,78,30" hai2="61,123,128,29,57,125,62,54,100,98,81,110,33" hai3="107,12,37,77,121,102,120,55,122,80,114,8,2"/><V105/><F123/><W90/><G2/><T7/><D129/><U132/><E130/><V48/><F128/><W23/><G37/><T11/><D124/><U51/><E111/><V15/><F125/><W109/><G109/><T82/><D69/><U97/><E30/><V79/><F110/><W53/><G114/><T46/><D46/><U49/><E78/><V18/><F29/><W36/><G36/><T85/><D85/><U108/><E75/><V96/><F96/><W50/><G102/><T24/><D7/><U58/><E58/><V127/><F33/><W71/><G107/><T99/><D99/><U47/><E47/><V117/><F117/><W26/><G71/><T84/><D84/><U10/><E10/><V118/><F118/><W73/><G90/><T66/><D59/><U72/><E72/><V34/><F34/><W6/><REACH who="3" step="1"/><G50/><REACH who="3" ten="219,209,329,233" step="2"/><T5/><D5/><U70/><E70/><V101/><F100/><W35/><G35/><T1/><D1/><U20/><E108/><V115/><F115/><W116/><G116/><T135/><D135/><U68/><E68/><V21/><F127/><W32/><G32/><T38/><D38/><U74/><E74/><AGARI ba="0,1" hai="15,18,21,48,54,57,61,62,74,79,81,98,101,105" machi="74" ten="30,1500,0" yaku="7,1" doraHai="131" who="2" fromWho="1" sc="219,0,209,-15,329,25,233,0" /><INIT seed="2,1,0,3,2,117" ten="219,194,354,233" oya="2" hai0="19,0,27,57,51,101,41,110,123,78,100,53,103" hai1="107,20,30,43,62,132,52,25,3,40,114,87,105" hai2="35,127,38,37,135,77,47,113,79,97,92,12,55" hai3="112,10,108,70,63,23,15,58,121,36,96,18,13"/><V116/><F113/><W6/><G112/><T71/><D123/><U76/><E114/><V44/><F116/><W1/><G108/><T2/><D110/><U68/><E3/><V26/><F135/><W88/><G70/><T94/><D71/><U118/><E118/><V80/><F127/><W42/><G121/><T119/><D119/><U24/><E132/><V115/><F115/><W82/><G36/><T133/><D133/><U128/><E128/><V90/><F12/><W22/><G42/><T29/><D19/><U34/><E105/><V125/><F125/><W81/><G1/><T129/><D129/><U28/><E107/><V131/><F131/><W130/><G23/><T61/><D78/><U75/><E75/><V32/><F79/><W9/><G22/><N who="0" m="15607" /><D2/><U104/><E104/><V7/><F7/><W66/><G130/><T64/><D0/><U8/><E8/><V74/><F26/><W11/><G11/><T4/><D4/><U111/><E111/><V99/><F99/><W106/><G106/><T50/><D41/><U21/><E34/><V95/><F32/><W124/><G124/><T102/><D53/><U69/><E69/><V14/><F55/><W33/><G33/><T45/><D45/><U49/><E62/><V73/><F44/><W48/><G48/><T84/><D84/><U109/><E68/><V134/><F35/><W83/><G96/><AGARI ba="1,0" hai="50,51,57,61,64,94,96,100,101,102,103" m="15607" machi="96" ten="30,2000,0" yaku="25,1,8,1" doraHai="117" who="0" fromWho="3" sc="219,23,194,0,354,0,233,-23" /><INIT seed="3,0,0,5,0,45" ten="242,194,354,210" oya="3" hai0="10,9,97,115,125,132,59,54,112,92,128,12,119" hai1="87,105,110,44,1,22,104,91,23,6,62,99,20" hai2="76,16,49,133,120,83,106,29,70,124,114,131,86" hai3="60,129,0,65,101,5,74,11,127,47,50,73,46"/><W58/><G129/><T96/><D119/><U118/><E110/><V98/><F70/><W123/><G123/><T61/><D128/><U117/><E62/><V55/><F131/><W31/><G127/><T35/><D125/><U66/><E66/><V95/><F124/><W8/><G31/><T52/><D132/><U111/><E111/><V19/><F114/><N who="0" m="43562" /><D35/><U2/><E6/><V93/><F133/><W26/><G26/><T89/><D97/><U33/><E33/><V32/><F106/><N who="1" m="41065" /><E99/><V88/><F120/><W103/><G47/><T39/><D39/><U81/><E44/><V130/><F130/><W30/><G11/><N who="0" m="4107" /><D12/><U24/><E24/><V38/><F38/><W13/><G0/><N who="1" m="106" /><E81/><V64/><F64/><AGARI ba="0,0" hai="52,54,59,61,64,89,92,96" m="4107,43562" machi="64" ten="30,2000,0" yaku="11,1,54,1" doraHai="45" who="0" fromWho="2" sc="242,20,194,0,354,-20,210,0" owari="262,6.2,194,-30.6,334,43.4,210,-19.0" /></mjloggm>