<mjloggm ver="2.3"><GO type="225" lobby="0"/><UN n0="%72%69%6F%75%63%68%61%6E" n1="%E3%81%99%E3%81%84%E3%81%BE%E3%81%9B%E3%83%BC%E3%82%93" n2="%E9%B4%A8%4E%45%47%49" n3="%E6%97%A5%E6%9B%9C%E6%97%A5%E3%82%88%E3%82%8A%E3%81%AE%E4%BD%BF%E8%80%85" dan="16,18,16,16" rate="2210.69,2181.13,2093.68,2154.13" sx="M,M,M,M"/><TAIKYOKU oya="0"/><INIT seed="0,0,0,4,5,71" ten="250,250,250,250" oya="0" hai0="105,47,127,5,48,74,123,50,90,54,94,19,95" hai1="75,89,121,118,42,1,99,81,22,33,78,43,26" hai2="82,116,126,128,62,18,12,124,72,7,106,104,112" hai3="25,60,132,31,114,115,56,108,8,67,134,133,77"/><T15/><D127/><N who="2" m="48682" /><F112/><W92/><G108/><T80/><D105/><N who="2" m="40554" /><F7/><W24/><G77/><T101/><D123/><U91/><E118/><V73/><F116/><W97/><G8/><T66/><D5/><U53/><E33/><V100/><F100/><N who="3" m="60455" /><G25/><T55/><D66/><U68/><E1/><V109/><F109/><W61/><G60/><T129/><D129/><U23/><E121/><V35/><F62/><W113/><G115/><T52/><D101/><U79/><E79/><N who="2" m="44391" /><F128/><W117/><G117/><T38/><D74/><U57/><E75/><V36/><F73/><W125/><G125/><T39/><D55/><U98/><E53/><V6/><F6/><W41/><G41/><T21/><D80/><U10/><E81/><V119/><F35/><AGARI ba="0,0" hai="24,31,35,56,61,67,113,114,132,133,134" m="60455" machi="35" ten="30,1000,0" yaku="20,1" doraHai="71" who="3" fromWho="2" sc="250,0,250,0,250,-10,250,10" /><INIT seed="1,0,0,5,4,61" ten="250,250,240,260" oya="1" hai0="38,123,132,80,39,51,64,11,33,84,116,5,127" hai1="55,77,100,32,109,118,25,6,105,65,115,81,107" hai2="71,8,48,72,117,126,134,114,73,70,1,17,128" hai3="59,34,74,47,102,79,91,27,35,135,101,52,93"/><U60/><E115/><V28/><F117/><W75/><G135/><T54/><D116/><U23/><E118/><V113/><F28/><W95/><G47/><T96/><D132/><U131/><E131/><V29/><F29/><W24/><G79/><T99/><D33/><U50/><E32/><V22/><F134/><W106/><G59/><T85/><D127/><U0/><E100/><V133/><F133/><W66/><G106/><T46/><D123/><U31/><E109/><V103/><F103/><W90/><REACH who="3" step="1"/><G52/><REACH who="3" ten="250,250,240,250" step="2"/><T98/><D64/><AGARI ba="0,1" hai="24,27,34,35,64,66,74,75,90,91,93,95,101,102" machi="64" ten="25,12000,2" yaku="1,1,2,1,22,2,52,2,53,0" doraHai="61" doraHaiUra="18" who="3" fromWho="0" sc="250,-120,250,0,240,0,250,130" /><INIT seed="2,0,0,5,4,49" ten="130,250,240,380" oya="2" hai0="36,11,112,44,52,67,122,123,86,27,69,54,39" hai1="59,88,125,91,92,82,97,108,94,135,43,24,9" hai2="60,30,53,126,130,133,76,48,128,5,80,127,114" hai3="3,63,132,4,7,89,62,119,46,38,40,75,17"/><V64/><F30/><W85/><G119/><T90/><D112/><U100/><E108/><V99/><F5/><W66/><G75/><T37/><D27/><U34/><E135/><V35/><F35/><W115/><G132/><T131/><D11/><U101/><E125/><N who="2" m="47627" /><F99/><W19/><G115/><T134/><D134/><U124/><E124/><V6/><F6/><W10/><G7/><T55/><D131/><N who="2" m="50218" /><F133/><W61/><REACH who="3" step="1"/><G66/><REACH who="3" ten="130,250,240,370" step="2"/><T45/><D67/><U15/><E34/><V105/><F114/><W98/><G98/><T25/><D69/><U79/><E97/><V113/><F113/><W87/><G87/><T70/><D70/><U106/><E101/><V84/><F105/><W47/><G47/><T93/><REACH who="0" step="1"/><D25/><REACH who="0" ten="120,250,240,370" step="2"/><U8/><E24/><V32/><F32/><W120/><G120/><AGARI ba="0,2" hai="36,37,39,44,45,52,54,55,86,90,93,120,122,123" machi="120" ten="50,12000,2" yaku="1,1,2,1,52,3,54,1,53,0" doraHai="49" doraHaiUra="14" who="0" fromWho="3" sc="120,140,250,0,240,0,370,-120" /><INIT seed="3,0,0,0,2,85" ten="260,250,240,250" oya="3" hai0="25,134,131,91,75,10,130,33,68,128,76,13,88" hai1="1,2,105,87,26,44,63,47,41,3,126,132,22" hai2="65,20,80,37,109,104,16,23,106,90,38,60,64" hai3="119,115,111,116,30,125,45,124,83,0,95,43,21"/><W127/><G0/><T120/><D134/><U92/><E105/><V78/><F109/><W28/><G115/><T51/><D120/><U121/><E121/><V69/><F65/><W17/><G83/><N who="0" m="45471" /><D68/><U108/><E126/><N who="3" m="32258" /><W4/><DORA hai="129" /><G4/><N who="0" m="3271" /><D51/><U94/><E132/><V113/><F113/><W7/><G7/><T77/><D77/><U61/><E108/><V102/><F23/><W57/><G57/><T31/><AGARI ba="0,0" hai="25,31,33,88,91,128,130,131" m="3271,45471" machi="31" ten="40,8000,1" yaku="19,1,52,2,54,1" doraHai="85,129" who="0" fromWho="0" sc="260,80,250,-20,240,-20,250,-40" owari="340,44.0,230,3.0,220,-18.0,210,-29.0" /></mjloggm>