<mjloggm ver="2.3"><GO type="225" lobby="0"/><UN n0="%E3%81%9F%E3%81%A3%E3%81%A1%E3%82%87" n1="%4E%6F%2E%30%30%30%31" n2="%E8%B7%AF%E9%9C%B8" n3="%74%61%6B%75%61%6B%61" dan="16,18,17,16" rate="2073.41,2228.88,2196.94,2171.08" sx="M,M,M,M"/><TAIKYOKU oya="0"/><INIT seed="0,0,0,2,0,82" ten="250,250,250,250" oya="0" hai0="58,122,108,88,90,75,112,110,98,86,134,83,24" hai1="118,46,43,34,42,73,57,4,26,21,39,1,121" hai2="27,13,67,12,56,52,53,77,11,135,116,61,69" hai3="109,63,41,5,101,28,0,44,115,47,32,19,74"/><T99/><D24/><U35/><E118/><V127/><F116/><W114/><G109/><N who="0" m="42091" /><D122/><U107/><E121/><V71/><F135/><W60/><G74/><T62/><D112/><U64/><E107/><V100/><F127/><W3/><G19/><T54/><D134/><U18/><E43/><V80/><F100/><W113/><G101/><T65/><D75/><U117/><E117/><V133/><F133/><W31/><G5/><T16/><D16/><U72/><E72/><V124/><F124/><W14/><G14/><T49/><D90/><U105/><E73/><V95/><F27/><W29/><G32/><T68/><AGARI ba="0,0" hai="49,54,58,62,65,68,83,86,88,98,99" m="42091" machi="68" ten="30,11700,0" yaku="14,1,10,1,52,1,54,1" doraHai="82" who="0" fromWho="0" sc="250,117,250,-39,250,-39,250,-39" /><INIT seed="0,1,0,0,5,18" ten="367,211,211,211" oya="0" hai0="53,8,121,89,36,83,125,19,103,115,55,35,34" hai1="63,60,135,42,107,2,109,131,67,128,54,114,13" hai2="123,66,9,21,124,92,127,129,98,6,30,79,57" hai3="84,85,1,93,52,117,111,90,51,56,33,28,23"/><T100/><D115/><U78/><E2/><V122/><F79/><W5/><G117/><T94/><D121/><U82/><E109/><V26/><F129/><N who="1" m="49737" /><E107/><V97/><F66/><W59/><G111/><T62/><D36/><U134/><E42/><V118/><F118/><W45/><G33/><T25/><D125/><N who="2" m="48202" /><F57/><W102/><G102/><T50/><D62/><U29/><E29/><V110/><F110/><W16/><G28/><T44/><D55/><U105/><E105/><V22/><F98/><W113/><G113/><T71/><D71/><N who="1" m="42471" /><E114/><V120/><F97/><W38/><G38/><T116/><D116/><U47/><E63/><V12/><F92/><W31/><G31/><T112/><D83/><U24/><E47/><V106/><F106/><W46/><G84/><T72/><D112/><U64/><E64/><V48/><F48/><N who="3" m="28687" /><G5/><T15/><D34/><AGARI ba="1,0" hai="6,9,12,21,22,26,30,34,120,122,123" m="48202" machi="34" ten="40,8000,1" yaku="18,1,34,2,52,2" doraHai="18" who="2" fromWho="0" sc="367,-83,211,0,211,83,211,0" /><INIT seed="1,0,0,1,1,131" ten="284,211,294,211" oya="1" hai0="89,124,90,11,13,86,53,28,7,80,117,10,108" hai1="49,129,72,109,1,64,98,63,135,99,112,5,30" hai2="130,8,115,41,36,114,22,15,78,95,34,51,132" hai3="46,97,58,59,111,84,52,24,40,113,32,14,67"/><U2/><E129/><V70/><F130/><W21/><G113/><N who="2" m="43017" /><F36/><W126/><G111/><T37/><D117/><U4/><E112/><V54/><F34/><W101/><G126/><T123/><D37/><U42/><E72/><V20/><F70/><W83/><G32/><T121/><D124/><U25/><E109/><V102/><F41/><W35/><G35/><T33/><D108/><U118/><E118/><V6/><F78/><W125/><G67/><T82/><D53/><U27/><E64/><V48/><F132/><W47/><G14/><T103/><D103/><U55/><E42/><V71/><F71/><W107/><G58/><T23/><D33/><U17/><E55/><V94/><F51/><W19/><G40/><T0/><D23/><N who="2" m="8746" /><F102/><W116/><G116/><T91/><D28/><U77/><E49/><V60/><F60/><W81/><G125/><T92/><D92/><U39/><E30/><V127/><F127/><W87/><G81/><T128/><D128/><U69/><E63/><V119/><F119/><W105/><G105/><T100/><D100/><U18/><E39/><V29/><F29/><W9/><G9/><T61/><D61/><U75/><E69/><V134/><F134/><W122/><G122/><N who="0" m="46603" /><D80/><U104/><E104/><V96/><F96/><W45/><REACH who="3" step="1"/><G83/><REACH who="3" ten="284,211,294,201" step="2"/><T56/><D56/><AGARI ba="0,1" hai="6,8,15,48,54,56,94,95" m="8746,43017" machi="56" ten="30,1000,0" yaku="11,1" doraHai="131" who="2" fromWho="0" sc="284,-10,211,0,294,20,201,0" /><INIT seed="2,0,0,1,1,26" ten="274,211,314,201" oya="2" hai0="53,3,73,86,82,134,47,24,30,115,112,27,11" hai1="1,15,85,80,18,105,60,75,116,0,92,16,77" hai2="64,132,37,74,42,28,90,65,70,2,100,62,135" hai3="110,94,114,10,93,31,88,99,68,120,96,5,124"/><V98/><F74/><W59/><G120/><T6/><D73/><U67/><E116/><V81/><F2/><W121/><G121/><T7/><D134/><U45/><E105/><V32/><F65/><W107/><G68/><T9/><D53/><U104/><E104/><N who="2" m="63511" /><F90/><W109/><G124/><T127/><D47/><U78/><E45/><N who="2" m="23759" /><F81/><W131/><G131/><T106/><D106/><U50/><E50/><V101/><F101/><W13/><G114/><N who="0" m="43563" /><D86/><U87/><E75/><V118/><F118/><W95/><G59/><T29/><D82/><U71/><E18/><V19/><F19/><W54/><G54/><T61/><D61/><U46/><E46/><V8/><F8/><W83/><G107/><T63/><D63/><U33/><E33/><V122/><F122/><W130/><G130/><T123/><D123/><U39/><E39/><V49/><F49/><W48/><G48/><T23/><D127/><U97/><E85/><V41/><F41/><W91/><G94/><T40/><D40/><U20/><REACH who="1" step="1"/><E77/><REACH who="1" ten="274,201,314,201" step="2"/><V103/><F135/><W21/><G83/><T38/><D38/><U72/><E72/><V69/><F132/><W108/><G108/><T58/><D58/><U44/><E44/><V84/><F69/><W14/><REACH who="3" step="1"/><G14/><REACH who="3" ten="274,201,314,191" step="2"/><N who="0" m="5431" /><D24/><AGARI ba="0,2" hai="5,10,13,21,24,31,88,91,93,95,96,99,109,110" machi="24" ten="40,8000,1" yaku="1,1,9,1,52,1,54,1,53,0" doraHai="26" doraHaiUra="126" who="3" fromWho="0" sc="274,-80,201,0,314,0,191,100" /><INIT seed="3,0,0,5,0,105" ten="194,201,314,291" oya="3" hai0="27,92,67,127,51,108,73,114,62,61,66,95,36" hai1="18,76,31,122,111,113,119,107,14,100,44,23,86" hai2="49,89,75,115,68,24,121,78,42,0,8,109,1" hai3="7,116,125,58,10,35,34,83,53,87,102,128,21"/><W37/><G116/><T93/><D36/><U33/><E113/><V82/><F115/><W79/><G37/><T126/><D114/><U135/><E122/><V133/><F121/><W104/><G125/><N who="0" m="47627" /><D108/><U55/><E111/><V134/><F68/><W4/><G128/><T28/><D73/><U12/><E135/><N who="2" m="51723" /><F109/><W77/><G77/><T74/><D74/><U117/><E107/><V39/><F39/><W131/><G131/><T80/><D80/><N who="1" m="47367" /><E100/><V13/><F24/><W96/><G21/><N who="0" m="15471" /><D51/><N who="1" m="29159" /><E31/><V19/><F89/><W98/><G98/><T84/><D84/><U46/><E33/><V70/><F70/><W110/><G110/><T69/><D69/><U17/><E46/><AGARI ba="0,0" hai="0,1,8,13,19,42,46,49,75,78,82" m="51723" machi="46" ten="30,2000,0" yaku="20,1,52,1" doraHai="105" who="2" fromWho="1" sc="194,0,201,-20,314,20,291,0" owari="194,-20.6,181,-31.9,334,43.4,291,9.1" /></mjloggm>