<mjloggm ver="2.3"><GO type="225" lobby="0"/><UN n0="%72%65%6E%6B%75%6E" n1="%E6%A0%B9%E5%85%83%E3%81%8B%E3%82%89%E5%90%B9%E3%81%A3%E9%A3%9B%E3%81%B6" n2="%E3%81%BF%E3%81%BF%E3%81%9A" n3="%E8%B6%85%E7%B4%9A%E9%B3%B3%E5%87%B0" dan="17,17,17,17" rate="2215.27,2188.13,2279.21,2190.21" sx="M,F,M,M"/><TAIKYOKU oya="0"/><INIT seed="0,0,0,4,2,103" ten="250,250,250,250" oya="0" hai0="89,55,69,5,124,50,81,112,66,127,46,35,94" hai1="32,114,63,8,52,22,98,6,129,113,18,125,70" hai2="7,123,10,67,44,101,104,2,83,19,102,74,25" hai3="78,13,116,75,31,9,117,135,133,26,96,57,88"/><T53/><D35/><U108/><E108/><V118/><F123/><W17/><G57/><T86/><D112/><N who="1" m="43115" /><E125/><N who="0" m="48201" /><D5/><U49/><E129/><V37/><F118/><N who="3" m="45675" /><G78/><N who="0" m="46391" /><D66/><N who="1" m="41311" /><E32/><V47/><F67/><W91/><G75/><T106/><D69/><U84/><E84/><V93/><F74/><W122/><G96/><N who="0" m="57423" /><D106/><U82/><E82/><V28/><F83/><W109/><G109/><T100/><D100/><U59/><E98/><V132/><F102/><W0/><G0/><T38/><D38/><U61/><E61/><V72/><F101/><W134/><G122/><T45/><D45/><U105/><E6/><V79/><F7/><W51/><G51/><T58/><D58/><U60/><E22/><AGARI ba="0,0" hai="9,13,17,22,26,31,88,91,133,134,135" m="45675" machi="22" ten="40,2600,0" yaku="20,1,54,1" doraHai="103" who="3" fromWho="1" sc="250,0,250,-26,250,0,250,26" /><INIT seed="1,0,0,1,1,133" ten="250,224,250,276" oya="1" hai0="108,87,9,40,51,82,72,107,0,69,10,90,113" hai1="21,78,53,102,13,123,6,129,12,94,15,31,86" hai2="33,126,127,20,109,64,65,17,101,43,45,42,37" hai3="110,84,92,18,55,1,81,103,89,67,116,95,76"/><U35/><E123/><V118/><F118/><W11/><G116/><T3/><D113/><U117/><E117/><V23/><F33/><W8/><G110/><T59/><D107/><U79/><E129/><V134/><F134/><W80/><G67/><T29/><D69/><U99/><E35/><V27/><F109/><W106/><G55/><T77/><D29/><U70/><E70/><V135/><F135/><W66/><G66/><T97/><D97/><U131/><E131/><V7/><F7/><W61/><G61/><T71/><D71/><U62/><E6/><V119/><F119/><W44/><G44/><T68/><D68/><U122/><E122/><V30/><F101/><W60/><G60/><T24/><D24/><N who="1" m="16783" /><E86/><V98/><F98/><W85/><G1/><T88/><D108/><U56/><AGARI ba="0,0" hai="12,13,15,53,56,62,78,79,94,99,102" m="16783" machi="56" ten="30,1500,0" yaku="8,1" doraHai="133" who="1" fromWho="1" sc="250,-5,224,15,250,-5,276,-5" /><INIT seed="1,1,0,2,1,105" ten="245,239,245,271" oya="1" hai0="116,57,135,40,21,106,112,104,3,59,18,33,120" hai1="84,24,75,78,95,29,134,85,4,101,122,108,68" hai2="46,30,100,51,97,63,91,98,65,6,22,73,110" hai3="52,23,10,125,47,90,31,127,16,70,77,132,74"/><U109/><E122/><V48/><F110/><N who="1" m="42601" /><E68/><V1/><F73/><W111/><G111/><T129/><D33/><N who="1" m="20647" /><E4/><V79/><F79/><W17/><G70/><T49/><D3/><U56/><E56/><V64/><F1/><W54/><G132/><T130/><D112/><U99/><E134/><V76/><F76/><W66/><G66/><T107/><D116/><U133/><E133/><V20/><F6/><W103/><G103/><T118/><D120/><U114/><E114/><V12/><F30/><W39/><G90/><T0/><D0/><U14/><E14/><V35/><F35/><W131/><G131/><N who="0" m="50187" /><D118/><U13/><E13/><V28/><F28/><W26/><G54/><T43/><D135/><U62/><E62/><V27/><F12/><W8/><G31/><T92/><D57/><U69/><E69/><V36/><F63/><W11/><G17/><T115/><D115/><U2/><E2/><V87/><F27/><W67/><G67/><T37/><D18/><U61/><E61/><V117/><F64/><W34/><G34/><T53/><D21/><U45/><E45/><V15/><F65/><W25/><G25/><T71/><D71/><U50/><E50/><N who="2" m="18987" /><F117/><W102/><G39/><T80/><D37/><U9/><E9/><V128/><F128/><W7/><G7/><T96/><D40/><U123/><E123/><V55/><F36/><W19/><G19/><T83/><D43/><U5/><E5/><V32/><F32/><W58/><G8/><T44/><D44/><U38/><E38/><V124/><F46/><W82/><G10/><T126/><D126/><RYUUKYOKU ba="1,0" sc="245,15,239,15,245,-15,271,-15" hai0="49,53,59,80,83,92,96,104,106,107" hai1="75,78,84,85,95,99,101" /><INIT seed="1,2,0,4,2,118" ten="260,254,230,256" oya="1" hai0="105,84,41,50,6,36,5,121,12,8,55,127,124" hai1="113,112,87,88,76,64,135,51,48,45,53,104,110" hai2="95,120,98,66,65,18,90,56,99,59,1,102,116" hai3="77,132,2,28,78,46,133,33,15,42,49,57,72"/><U47/><E135/><N who="3" m="51786" /><G2/><T35/><D35/><U52/><E104/><V44/><F116/><W131/><G131/><T69/><D69/><U21/><E110/><V79/><F1/><W85/><G72/><T111/><D105/><U43/><E64/><V119/><F119/><W125/><G125/><N who="0" m="48203" /><D111/><U74/><E43/><V106/><F120/><W67/><G85/><T27/><D121/><U107/><E107/><V10/><F79/><N who="3" m="30219" /><G15/><T60/><D27/><U91/><E74/><V61/><F44/><W40/><G40/><T92/><D60/><U108/><E108/><V80/><F80/><W122/><G122/><T16/><D41/><U37/><E37/><V123/><F123/><W97/><G97/><T17/><D36/><U115/><E21/><V128/><F128/><W114/><G114/><T34/><D34/><U26/><E26/><V93/><F106/><W54/><G67/><N who="2" m="25609" /><F61/><N who="3" m="36023" /><G33/><T126/><N who="0" m="48211" /><T86/><DORA hai="70" /><D5/><U9/><E9/><V22/><F10/><W100/><G28/><T63/><D63/><U109/><REACH who="1" step="1"/><E109/><REACH who="1" ten="260,244,230,256" step="2"/><V68/><F68/><W71/><G71/><T129/><D129/><U130/><E130/><V30/><F30/><W25/><G25/><AGARI ba="2,1" hai="18,22,25,56,59,90,93,95,98,99,102" m="25609" machi="25" ten="30,1000,0" yaku="8,1" doraHai="118,70" who="2" fromWho="3" sc="260,0,244,0,230,26,256,-16" /><INIT seed="2,0,0,0,5,97" ten="260,244,256,240" oya="2" hai0="3,56,10,63,19,98,128,96,71,111,91,47,28" hai1="94,84,30,53,35,44,15,72,7,93,95,127,5" hai2="65,46,125,24,8,89,62,43,87,134,11,1,126" hai3="13,90,0,103,60,108,120,80,74,14,4,18,76"/><V117/><F117/><W105/><G120/><T25/><D71/><U109/><E72/><V86/><F24/><W39/><G39/><T123/><D123/><U102/><E109/><V27/><F27/><W61/><G108/><T67/><D111/><U88/><E127/><N who="2" m="48651" /><F134/><W79/><G79/><T49/><D128/><U21/><E35/><V38/><F1/><W68/><G90/><T26/><D91/><U78/><E78/><V131/><F131/><W70/><G0/><T16/><D3/><U118/><E118/><V75/><F75/><W29/><G29/><T132/><D132/><U32/><E32/><V2/><F2/><W55/><G4/><T45/><D45/><U20/><E30/><V82/><F87/><W130/><G130/><T113/><D113/><U92/><E102/><V107/><F107/><W50/><G105/><T115/><D115/><U133/><E133/><V6/><F6/><N who="1" m="2057" /><E15/><V99/><F99/><N who="0" m="37930" /><D28/><U57/><E44/><V9/><F9/><W85/><G74/><T122/><D122/><U40/><E40/><V112/><F112/><W22/><G13/><N who="0" m="7223" /><D19/><U114/><E114/><V110/><F110/><W73/><G73/><T17/><D17/><U54/><E57/><AGARI ba="0,0" hai="8,11,38,43,46,57,62,65,82,86,89" m="48651" machi="57" ten="30,1500,0" yaku="18,1" doraHai="97" who="2" fromWho="1" sc="260,0,244,-15,256,15,240,0" /><INIT seed="2,1,0,5,4,130" ten="260,229,271,240" oya="2" hai0="70,59,7,16,81,46,31,48,51,61,33,54,29" hai1="87,2,55,68,111,109,131,79,78,75,118,86,34" hai2="69,28,43,128,65,72,92,95,96,93,134,84,21" hai3="114,15,74,115,41,85,56,83,40,112,119,18,17"/><V71/><F72/><W104/><G119/><T23/><D70/><U102/><E2/><V135/><F128/><W90/><G104/><T82/><D7/><U0/><E34/><V123/><F123/><W125/><G125/><T97/><D97/><U88/><E0/><V4/><F43/><W30/><G74/><T20/><D20/><U24/><E118/><V132/><F4/><W53/><G30/><N who="0" m="11275" /><D33/><U67/><E131/><V52/><F84/><N who="1" m="32297" /><E24/><V62/><F52/><W126/><G126/><T5/><D5/><U133/><E55/><V120/><F120/><W10/><REACH who="3" step="1"/><G18/><REACH who="3" ten="260,229,271,230" step="2"/><T13/><D48/><AGARI ba="1,1" hai="10,15,17,40,41,48,53,56,83,85,90,112,114,115" machi="48" ten="40,5200,0" yaku="1,1,2,1,11,1,53,0" doraHai="130" doraHaiUra="129" who="3" fromWho="0" sc="260,-55,229,0,271,0,230,65" /><INIT seed="3,0,0,4,1,15" ten="205,229,271,295" oya="3" hai0="7,53,2,123,135,39,129,118,95,104,8,105,33" hai1="54,19,102,28,37,35,96,106,82,47,98,62,111" hai2="70,43,107,73,100,132,3,13,23,85,11,93,117" hai3="80,92,115,131,44,126,133,4,49,20,12,94,26"/><W31/><G115/><T38/><D53/><U24/><E111/><V68/><F117/><W83/><G131/><T134/><D95/><N who="3" m="36393" /><G126/><T125/><D118/><U71/><E82/><N who="3" m="31274" /><G133/><N who="0" m="50699" /><D123/><U56/><E98/><V81/><F13/><W60/><G60/><T63/><D63/><U130/><E130/><V21/><F23/><W113/><G113/><T84/><D84/><U25/><E25/><V114/><F21/><W74/><G74/><T52/><D52/><U9/><E71/><V18/><F43/><N who="3" m="24735" /><G12/><T109/><D129/><U1/><E47/><V120/><F3/><W41/><G41/><T88/><D88/><U55/><E55/><V58/><F73/><W77/><G77/><T29/><D109/><U76/><E37/><N who="0" m="13833" /><D125/><U36/><E36/><V16/><F120/><W75/><G75/><T46/><D46/><U40/><E40/><V22/><F132/><W67/><G67/><T45/><D45/><U51/><E76/><V89/><F85/><W87/><G87/><T66/><D66/><U119/><E119/><V103/><F89/><W5/><AGARI ba="0,0" hai="4,5,20,26,31" m="24735,31274,36393" machi="5" ten="30,1500,0" yaku="8,1" doraHai="15" who="3" fromWho="3" sc="205,-5,229,-5,271,-5,295,15" owari="200,-30.0,224,-17.6,266,6.6,310,41.0" /></mjloggm>