<mjloggm ver="2.3"><GO type="225" lobby="0"/><UN n0="%E4%BF%BA%E3%81%A8%E5%A6%96%E5%A4%A2" n1="%61%73%61%64%61%31%32" n2="%E3%81%BF%E3%81%BF%E3%81%9A" n3="%6D%75%75%73%61%6E%6D%75" dan="17,16,17,16" rate="2192.70,2099.37,2270.00,2096.12" sx="F,M,M,F"/><TAIKYOKU oya="0"/><INIT seed="0,0,0,0,0,55" ten="250,250,250,250" oya="0" hai0="5,132,100,33,21,68,116,35,16,40,128,91,101" hai1="23,44,26,47,11,107,83,12,99,15,117,126,38" hai2="63,123,25,46,73,110,129,114,111,48,103,42,77" hai3="118,105,18,76,53,120,34,124,104,106,54,109,121"/><T69/><D116/><U30/><E117/><V79/><F123/><N who="3" m="47179" /><G118/><T4/><D40/><U7/><E126/><V36/><F114/><W93/><G124/><T62/><D91/><U71/><E71/><V87/><F129/><W61/><G34/><T96/><D128/><U72/><E38/><V37/><F103/><W82/><G109/><N who="2" m="41481" /><F73/><N who="3" m="43279" /><G18/><T60/><D132/><U8/><E72/><V3/><F3/><W64/><G93/><T75/><D75/><U119/><E119/><V94/><F25/><W49/><G49/><T52/><D21/><U102/><REACH who="1" step="1"/><E83/><REACH who="1" ten="250,240,250,250" step="2"/><V32/><F36/><W88/><G88/><T98/><D68/><AGARI ba="0,1" hai="53,54,61,64,68,104,105,106" m="43279,47179" machi="68" ten="40,1300,0" yaku="13,1" doraHai="55" who="3" fromWho="0" sc="250,-13,240,0,250,0,250,23" /><INIT seed="1,0,0,4,2,52" ten="237,240,250,273" oya="1" hai0="78,86,119,51,3,41,27,39,104,70,118,82,0" hai1="99,91,84,19,63,105,16,48,35,97,7,42,22" hai2="107,85,108,77,65,20,36,59,113,49,109,71,117" hai3="129,31,23,131,18,79,66,116,21,125,57,9,11"/><U101/><E35/><V56/><F117/><W90/><G116/><T29/><D51/><U28/><E7/><V13/><F36/><W6/><G79/><T10/><D70/><U64/><E99/><V124/><F107/><W46/><G46/><N who="0" m="23871" /><D86/><U62/><E62/><N who="2" m="40375" /><F124/><W102/><G102/><T127/><D127/><U4/><E4/><V33/><F33/><W115/><G125/><T61/><D61/><U17/><E48/><V67/><F67/><W96/><G115/><T74/><D104/><U34/><E42/><V95/><F113/><W5/><G57/><N who="2" m="22089" /><F49/><W120/><G66/><T76/><D76/><U81/><E34/><V100/><F77/><W103/><G120/><T26/><D26/><U135/><E63/><V89/><F13/><N who="3" m="5295" /><G90/><T130/><D10/><U83/><E64/><V44/><F20/><W2/><G96/><T50/><D50/><U75/><E22/><V110/><F100/><W12/><G103/><T80/><D80/><U122/><E122/><V24/><F24/><AGARI ba="0,0" hai="2,6,11,12,18,21,23,24,31,129,131" m="5295" machi="24" ten="30,2000,0" yaku="34,2" doraHai="52" who="3" fromWho="2" sc="237,0,240,0,250,-20,273,20" /><INIT seed="2,0,0,5,4,17" ten="237,240,230,293" oya="2" hai0="74,124,108,132,135,50,62,47,104,97,99,29,30" hai1="78,35,76,18,105,0,25,14,60,120,116,40,110" hai2="112,52,63,58,11,4,69,91,129,57,15,89,31" hai3="66,131,8,41,111,43,127,7,5,86,22,87,64"/><V23/><F112/><W37/><G111/><T49/><D74/><U95/><E105/><V45/><F69/><W93/><G131/><T98/><D108/><U118/><E0/><V10/><F129/><W80/><G127/><T20/><D124/><U130/><E110/><V134/><F134/><N who="0" m="51242" /><D62/><U126/><E130/><V88/><F11/><W26/><G37/><T28/><D104/><U39/><E126/><V3/><F3/><W102/><G102/><T121/><D121/><U24/><E35/><V128/><F128/><W1/><G93/><T36/><D36/><U2/><E2/><V6/><F45/><W51/><G8/><T100/><D100/><U61/><E39/><V75/><F75/><W106/><G106/><T12/><D47/><U113/><E120/><V122/><F122/><W32/><G32/><T81/><D81/><U65/><E113/><V48/><F4/><W21/><G51/><N who="0" m="19467" /><D12/><U68/><E118/><V13/><F13/><W92/><G92/><T56/><D56/><U70/><E68/><V114/><F114/><W71/><G1/><T73/><D73/><U79/><E70/><V72/><F72/><W55/><G71/><T133/><N who="0" m="51250" /><T96/><N who="0" m="24576" /><DORA hai="53" /><DORA hai="67" /><T109/><D109/><U33/><E116/><V85/><F85/><W119/><G119/><T77/><D77/><U103/><E33/><V94/><F94/><W16/><G80/><T83/><D83/><U123/><E123/><V90/><N who="2" m="22528" /><DORA hai="19" /><V115/><F115/><W34/><G34/><T44/><D44/><U54/><E95/><V84/><F84/><W82/><G82/><RYUUKYOKU ba="0,0" sc="237,30,240,-10,230,-10,293,-10" hai0="20,28,29,30" /><INIT seed="3,1,0,4,1,129" ten="267,230,220,283" oya="3" hai0="96,38,6,67,3,45,88,125,56,37,110,109,103" hai1="58,2,48,51,100,106,85,135,126,132,11,83,15" hai2="53,79,61,72,117,80,55,13,115,42,73,105,104" hai3="69,77,25,23,124,21,32,107,78,24,44,35,91"/><W93/><G107/><T65/><D125/><U47/><E2/><V70/><F115/><W8/><G69/><T63/><D67/><U34/><E34/><V114/><F114/><W19/><G32/><T59/><D59/><U121/><E121/><V7/><F117/><W82/><G35/><T33/><D33/><U113/><E113/><V90/><F72/><W133/><G133/><N who="1" m="51274" /><E126/><V18/><F7/><W134/><G134/><T31/><D31/><U62/><E100/><V127/><F42/><W43/><G8/><T41/><D88/><N who="1" m="51263" /><E47/><V0/><F0/><W52/><G82/><T118/><D118/><U102/><E102/><V120/><F120/><W36/><G124/><T28/><D45/><U26/><E26/><V9/><F127/><W29/><G77/><T75/><D103/><U68/><E106/><V86/><F105/><W116/><G78/><T16/><D3/><U131/><E131/><V71/><F104/><W81/><G81/><T17/><D110/><U74/><E74/><V5/><F5/><W54/><G116/><T12/><D6/><N who="1" m="3575" /><E68/><V1/><F1/><W84/><AGARI ba="1,0" hai="19,21,23,24,25,29,36,43,44,52,54,84,91,93" machi="84" ten="20,3900,0" yaku="0,1,7,1,54,1" doraHai="129" who="3" fromWho="3" sc="267,-14,230,-14,220,-14,283,42" owari="253,5.3,216,-18.4,206,-29.4,325,42.5" /></mjloggm>