<mjloggm ver="2.3"><GO type="225" lobby="0"/><UN n0="%E3%81%82%E3%81%84%E3%81%82%E3%81%8A%E3%81%84" n1="%E7%BD%AA%E5%88%91%E6%B3%95%E5%AE%9A%E4%B8%BB%E7%BE%A9" n2="%E3%81%8F%E3%81%BE%E3%81%96%E3%82%8F" n3="%E3%81%9F%E3%81%93%E2%98%86%E7%84%BC%E3%81%8D" dan="18,16,16,16" rate="2227.47,2155.36,2017.30,2035.88" sx="M,M,M,M"/><TAIKYOKU oya="0"/><INIT seed="0,0,0,4,0,75" ten="250,250,250,250" oya="0" hai0="35,13,52,10,45,128,120,122,67,102,86,57,42" hai1="12,91,109,37,41,95,76,8,48,23,32,31,70" hai2="65,72,87,78,92,38,58,9,14,85,15,80,18" hai3="93,81,20,61,135,108,27,11,118,43,88,133,29"/><T111/><D35/><U134/><E70/><V73/><F38/><W22/><G118/><T104/><D128/><U62/><E109/><V129/><F129/><W28/><G108/><T54/><D111/><U96/><E37/><V36/><F36/><W113/><G43/><T44/><D67/><U97/><E32/><V51/><F15/><W1/><G113/><T0/><D0/><U103/><E134/><N who="3" m="51210" /><G61/><T130/><D130/><U56/><E76/><V77/><F92/><W4/><G81/><T94/><D104/><U47/><E23/><N who="3" m="8746" /><G27/><T105/><D105/><U5/><E31/><V101/><F51/><W60/><G60/><T83/><D120/><U115/><E115/><V59/><F65/><W107/><G107/><T69/><D69/><U84/><REACH who="1" step="1"/><E103/><REACH who="1" ten="250,240,250,250" step="2"/><V121/><F101/><W30/><G30/><T40/><D122/><U55/><AGARI ba="0,1" hai="5,8,12,41,47,48,55,56,62,84,91,95,96,97" machi="55" ten="20,8000,1" yaku="1,1,2,1,0,1,7,1,8,1,53,0" doraHai="75" doraHaiUra="63" who="1" fromWho="1" sc="250,-40,240,90,250,-20,250,-20" /><INIT seed="1,0,0,1,4,93" ten="210,330,230,230" oya="1" hai0="38,114,0,4,96,116,78,67,22,13,130,65,95" hai1="91,111,40,23,5,125,25,79,54,11,99,112,43" hai2="14,87,66,106,21,129,51,134,18,103,69,9,35" hai3="70,89,53,119,26,24,90,68,31,105,10,46,52"/><U49/><E112/><V41/><F35/><W45/><G105/><T135/><D114/><U64/><E125/><V34/><F34/><W102/><G102/><T33/><D116/><U109/><E79/><V92/><F129/><W77/><G77/><T117/><D117/><U72/><E72/><V86/><F134/><W55/><G119/><T82/><D33/><U2/><E64/><V74/><F74/><W16/><G31/><T115/><D115/><U44/><E91/><N who="3" m="34826" /><G10/><T71/><D38/><U104/><E104/><V107/><F106/><W132/><G132/><T110/><D135/><U50/><E99/><V100/><F107/><W29/><G29/><T28/><D71/><N who="3" m="27177" /><G16/><N who="0" m="10511" /><D0/><U80/><E80/><V7/><F69/><W12/><G12/><T120/><D28/><U17/><REACH who="1" step="1"/><E50/><REACH who="1" ten="210,320,230,230" step="2"/><V97/><F66/><W8/><G8/><T126/><D67/><U84/><E84/><V60/><F87/><W36/><G36/><T37/><D37/><U42/><AGARI ba="0,1" hai="2,5,11,17,23,25,40,42,43,44,49,54,109,111" machi="42" ten="30,3000,0" yaku="1,1,0,1,53,0" doraHai="93" doraHaiUra="57" who="1" fromWho="1" sc="210,-10,320,40,230,-10,230,-10" /><INIT seed="1,1,0,2,3,125" ten="200,360,220,220" oya="1" hai0="23,83,58,74,88,8,13,99,80,39,36,38,9" hai1="37,16,94,106,105,71,128,119,113,109,126,40,122" hai2="135,116,84,48,130,60,67,100,120,5,112,133,107" hai3="46,53,131,115,93,24,62,30,0,117,43,102,31"/><U73/><RYUUKYOKU type="yao9" ba="1,0" sc="200,0,360,0,220,0,220,0" hai1="16,37,40,71,73,94,105,106,109,113,119,122,126,128" /><INIT seed="1,2,0,0,5,52" ten="200,360,220,220" oya="1" hai0="40,64,57,125,105,72,17,119,41,54,7,127,60" hai1="47,116,98,101,104,75,15,26,134,10,126,117,128" hai2="0,36,84,130,32,20,21,14,61,110,4,118,68" hai3="8,92,39,135,25,115,100,97,13,87,133,12,50"/><U109/><E126/><N who="0" m="48137" /><D105/><U11/><E128/><V96/><F118/><W5/><G39/><T56/><D72/><U129/><E129/><V99/><F32/><W59/><G25/><T27/><D7/><U28/><E134/><N who="3" m="51210" /><G115/><T18/><D119/><U19/><E75/><V103/><F36/><W112/><G112/><T29/><D41/><U76/><E76/><V35/><F35/><W78/><G78/><T108/><D40/><U83/><E83/><V114/><F114/><W65/><G87/><T9/><D9/><U6/><E47/><V62/><F99/><W30/><G30/><T93/><D93/><U120/><E120/><V51/><F84/><W132/><N who="3" m="51218" /><W48/><DORA hai="38" /><G12/><T23/><D108/><U49/><E49/><AGARI ba="2,0" hai="17,18,23,27,29,49,54,56,57,60,64" m="48137" machi="49" ten="30,3900,0" yaku="18,1,52,2" doraHai="52,38" who="0" fromWho="1" sc="200,45,360,-45,220,0,220,0" /><INIT seed="2,0,0,5,3,61" ten="245,315,220,220" oya="2" hai0="129,76,48,91,13,131,47,34,30,41,109,9,130" hai1="5,46,63,74,64,33,7,93,49,23,103,57,134" hai2="69,52,126,16,67,116,32,44,51,8,4,56,22" hai3="35,58,24,121,127,110,80,18,54,75,25,81,36"/><V1/><F126/><W3/><G36/><T124/><D124/><U77/><E33/><V42/><F116/><W72/><G121/><T112/><D112/><U73/><E134/><V88/><F32/><W114/><G3/><T86/><D109/><U85/><E103/><V68/><F88/><W117/><G117/><T6/><D34/><U15/><E74/><V55/><F67/><W37/><G37/><T62/><D30/><U0/><E73/><V135/><F135/><W92/><G35/><T70/><D76/><U39/><E39/><V38/><REACH who="2" step="1"/><F55/><REACH who="2" ten="245,315,210,220" step="2"/><W43/><G54/><T66/><REACH who="0" step="1"/><D130/><REACH who="0" ten="235,315,210,220" step="2"/><U65/><E77/><V12/><AGARI ba="0,2" hai="1,4,8,12,16,22,38,42,44,51,52,56,68,69" machi="12" ten="20,18000,2" yaku="1,1,2,1,0,1,7,1,54,2,53,0" doraHai="61" doraHaiUra="133" who="2" fromWho="2" sc="235,-60,315,-60,210,200,220,-60" /><INIT seed="2,1,0,0,0,110" ten="175,255,410,160" oya="2" hai0="85,111,67,3,61,62,75,43,15,6,92,25,33" hai1="94,20,2,52,16,82,103,99,104,130,5,116,113" hai2="129,63,60,26,134,76,35,19,53,4,14,51,11" hai3="31,115,56,41,98,117,95,30,1,86,87,72,8"/><V22/><F129/><W81/><G117/><T54/><D75/><U49/><E116/><V125/><F134/><W45/><G56/><T135/><D3/><U12/><E130/><V37/><F37/><W9/><G72/><T13/><D43/><U105/><E113/><V10/><F125/><W107/><G107/><T69/><D111/><U73/><E5/><V131/><F131/><W102/><G115/><T24/><D135/><U32/><E32/><V55/><F76/><W112/><G87/><T71/><D54/><U65/><E65/><V21/><F35/><W133/><G112/><T109/><D109/><U114/><E2/><V106/><F106/><W91/><G133/><T89/><D6/><U123/><E123/><V119/><F119/><W64/><G64/><T42/><D42/><U57/><REACH who="1" step="1"/><E114/><REACH who="1" ten="175,245,410,160" step="2"/><V59/><F4/><W120/><G1/><T122/><D122/><U50/><E50/><V36/><F36/><W18/><G120/><T70/><D33/><U38/><E38/><V90/><F63/><W34/><G34/><T93/><D67/><U17/><E17/><N who="2" m="12591" /><F90/><W77/><G18/><T29/><D89/><U96/><E96/><V126/><F126/><W0/><G0/><T48/><D48/><U100/><E100/><V108/><F108/><W101/><G101/><T97/><D97/><U121/><E121/><V74/><F51/><N who="3" m="27055" /><G102/><T80/><D62/><U39/><E39/><V44/><F60/><W84/><G98/><T132/><D61/><U66/><E66/><V58/><F19/><W23/><G30/><T28/><D28/><U78/><AGARI ba="1,1" hai="12,16,20,49,52,57,73,78,82,94,99,103,104,105" machi="78" ten="30,8000,1" yaku="1,1,5,1,0,1,54,2,53,0" doraHai="110" doraHaiUra="27" who="1" fromWho="1" sc="175,-21,245,93,410,-41,160,-21" /><INIT seed="3,0,0,1,0,91" ten="154,338,369,139" oya="3" hai0="63,119,129,0,123,9,81,2,20,27,120,31,84" hai1="130,52,35,128,85,65,67,116,17,3,46,126,33" hai2="106,15,14,45,113,29,66,83,86,70,39,104,114" hai3="26,80,43,48,124,59,58,103,4,64,7,24,28"/><W134/><G124/><T71/><D119/><U105/><E105/><V49/><F39/><W99/><G134/><T74/><D74/><U79/><E3/><V19/><F29/><W72/><G26/><T30/><D30/><U107/><E107/><V117/><F117/><W22/><G72/><T132/><D132/><U16/><E116/><V60/><F106/><W41/><G80/><T115/><D129/><N who="1" m="49771" /><E79/><V101/><F101/><W1/><G1/><T94/><D81/><U110/><E110/><V12/><F104/><W50/><G50/><T11/><D63/><U38/><E85/><V23/><F114/><W133/><G133/><T40/><D40/><N who="3" m="15433" /><G64/><N who="1" m="24650" /><E126/><V57/><F113/><W61/><G61/><T18/><D0/><U135/><E38/><V76/><F70/><W73/><G73/><T78/><D71/><U96/><E96/><V88/><F76/><W6/><G48/><T54/><D2/><U92/><E92/><AGARI ba="0,0" hai="4,6,7,22,24,28,58,59,92,99,103" m="15433" machi="92" ten="30,2900,0" yaku="8,1,52,1" doraHai="91" who="3" fromWho="1" sc="154,0,338,-29,369,0,139,29" /><INIT seed="3,1,0,4,5,123" ten="154,309,369,168" oya="3" hai0="26,114,88,80,75,38,105,133,113,50,124,132,64" hai1="131,72,15,32,89,16,29,68,71,12,41,18,0" hai2="120,53,2,84,92,9,135,24,57,93,78,74,101" hai3="134,61,86,8,34,65,111,44,42,85,115,14,1"/><W100/><G1/><T21/><D38/><U125/><E0/><V108/><F108/><W17/><G111/><T106/><D124/><U79/><E125/><V31/><F74/><W107/><G34/><T122/><D122/><U104/><E104/><N who="0" m="40041" /><D64/><U97/><E131/><V46/><F135/><N who="0" m="51786" /><D50/><U128/><E128/><V10/><F46/><W5/><G115/><N who="0" m="44043" /><D75/><U119/><E41/><V58/><F120/><W60/><G134/><T70/><D70/><U76/><E119/><V33/><F33/><W13/><G100/><T90/><D80/><U52/><E72/><V98/><F101/><W112/><G107/><T121/><D121/><U35/><E29/><AGARI ba="1,0" hai="21,26,29,88,90" m="44043,51786,40041" machi="29" ten="40,5200,0" yaku="20,1,11,1,54,1" doraHai="123" who="0" fromWho="1" sc="154,55,309,-55,369,0,168,0" owari="209,-19.1,254,5.4,369,46.9,168,-33.2" /></mjloggm>