<mjloggm ver="2.3"><GO type="225" lobby="0"/><UN n0="%E9%8A%80%E3%81%B0%E3%81%95%E3%81%BF" n1="%43%68%65" n2="%E3%83%92%E3%82%B3" n3="%E6%80%AA%E3%81%97%E3%81%99%E3%81%8E%E3%82%8B%E3%83%81%E3%83%BC" dan="17,16,16,17" rate="2222.59,2159.98,2108.52,2199.79" sx="M,M,M,M"/><TAIKYOKU oya="0"/><INIT seed="0,0,0,1,2,63" ten="250,250,250,250" oya="0" hai0="100,42,83,10,80,31,14,27,75,16,2,39,15" hai1="18,77,135,112,28,29,89,4,78,119,30,133,132" hai2="103,24,5,106,12,11,34,53,96,130,121,79,60" hai3="126,41,0,22,115,40,37,86,107,108,17,81,91"/><T38/><D2/><U125/><E119/><V66/><F130/><W13/><G115/><T6/><D100/><U47/><E112/><V52/><F79/><W56/><G107/><T92/><D92/><U61/><E125/><V74/><F74/><W44/><G126/><T68/><D68/><U87/><E4/><V33/><F33/><W93/><G108/><T21/><D75/><U116/><E116/><V70/><REACH who="2" step="1"/><F121/><REACH who="2" ten="250,250,240,250" step="2"/><W122/><G122/><T54/><D54/><U111/><E78/><V113/><F113/><W105/><G40/><T57/><D57/><U98/><E77/><V117/><F117/><W1/><G56/><T69/><D69/><U8/><E111/><V114/><F114/><W48/><G105/><T102/><D102/><U7/><E133/><V90/><F90/><W99/><REACH who="3" step="1"/><G37/><REACH who="3" ten="250,250,240,240" step="2"/><T3/><D39/><U26/><E135/><V110/><F110/><W46/><G46/><T127/><D127/><U94/><E47/><V97/><F97/><W9/><G9/><T62/><D38/><U134/><E98/><V32/><F32/><W123/><G123/><T59/><D42/><U85/><E8/><V72/><F72/><W36/><G36/><T51/><D10/><U128/><E134/><V88/><F88/><AGARI ba="0,2" hai="0,1,13,17,22,41,44,48,81,86,88,91,93,99" machi="88" ten="30,3900,0" yaku="1,1,7,1,54,1,53,0" doraHai="63" doraHaiUra="131" who="3" fromWho="2" sc="250,0,250,0,240,-39,240,59" /><INIT seed="1,0,0,0,5,1" ten="250,250,201,299" oya="1" hai0="80,28,133,21,112,43,8,72,36,22,135,74,14" hai1="111,69,134,68,132,117,77,40,113,124,90,108,20" hai2="102,9,59,39,47,76,94,126,91,27,85,50,119" hai3="66,92,81,7,16,70,87,45,123,58,78,30,57"/><U29/><E113/><V71/><F71/><W107/><G107/><T48/><D36/><U49/><E77/><V62/><F119/><W0/><G123/><T116/><D116/><U105/><E105/><V122/><F122/><W110/><G110/><N who="1" m="42026" /><E90/><V125/><F39/><W89/><G30/><T52/><D43/><U3/><E3/><V44/><F102/><W84/><G45/><T61/><D61/><U97/><E97/><V88/><F27/><W24/><G66/><T35/><D112/><U31/><E117/><V13/><F91/><W86/><G70/><N who="1" m="27242" /><E124/><N who="2" m="47723" /><F50/><W5/><G87/><T101/><D101/><U60/><E60/><V82/><F82/><W26/><G0/><T109/><D48/><U130/><E130/><V96/><F96/><W106/><G106/><T17/><D80/><U53/><E40/><V19/><F76/><W18/><G24/><T67/><D109/><U114/><E114/><V118/><F118/><W64/><G26/><T127/><D127/><U75/><E75/><V42/><F42/><W54/><G64/><AGARI ba="0,0" hai="9,13,19,44,47,59,62,64,85,88,94" m="47723" machi="64" ten="30,2000,0" yaku="18,1,54,1" doraHai="1" who="2" fromWho="3" sc="250,0,250,0,201,20,299,-20" /><INIT seed="2,0,0,4,2,74" ten="250,250,221,279" oya="2" hai0="134,77,120,110,118,53,62,111,5,6,16,128,18" hai1="50,65,61,45,41,108,127,70,126,129,43,100,113" hai2="72,115,107,102,82,105,117,73,116,122,87,125,67" hai3="17,68,44,78,99,30,8,114,101,3,124,49,21"/><V75/><F67/><W56/><G68/><T83/><D120/><U98/><E113/><V13/><F13/><W15/><G114/><T63/><D128/><U33/><E33/><V95/><F115/><W86/><G124/><N who="1" m="47658" /><E129/><V109/><F125/><W85/><G56/><N who="0" m="35087" /><D63/><U119/><E119/><N who="2" m="45643" /><F122/><W104/><G78/><T123/><D123/><U103/><E108/><N who="0" m="41513" /><D134/><U25/><E25/><V34/><F34/><W24/><REACH who="3" step="1"/><G3/><REACH who="3" ten="250,250,221,269" step="2"/><T89/><D118/><U10/><E10/><V106/><F109/><W69/><G69/><T91/><D91/><U22/><E103/><V88/><F102/><W46/><G46/><T59/><D89/><U28/><E100/><V131/><F131/><W48/><G48/><T96/><D59/><U27/><E50/><V132/><F132/><W60/><G60/><T135/><D135/><U0/><E0/><V47/><F47/><W12/><G12/><T84/><D96/><U1/><E1/><V23/><F23/><W42/><AGARI ba="0,1" hai="8,15,17,21,24,30,42,44,49,85,86,99,101,104" machi="42" ten="20,5200,0" yaku="1,1,0,1,7,1,53,1" doraHai="74" doraHaiUra="14" who="3" fromWho="3" sc="250,-13,250,-13,221,-26,269,62" /><INIT seed="3,0,0,5,0,122" ten="237,237,195,331" oya="3" hai0="59,46,15,129,86,82,30,24,29,109,113,101,85" hai1="68,87,115,94,91,130,77,70,28,134,60,105,51" hai2="54,13,64,69,4,108,45,7,80,128,102,89,32" hai3="78,61,73,98,27,123,88,119,8,52,31,23,25"/><W58/><G119/><T0/><D0/><U37/><E37/><V65/><F32/><W10/><G123/><T124/><D124/><U17/><E115/><V110/><F128/><W3/><G3/><T43/><D129/><U125/><E130/><V18/><F102/><W121/><G121/><T112/><D101/><U74/><E125/><V135/><F135/><W114/><G114/><N who="0" m="44139" /><D109/><N who="2" m="42090" /><F69/><W21/><G73/><T62/><D15/><U96/><E134/><V132/><F132/><W111/><G78/><N who="0" m="46295" /><D86/><U11/><E68/><V97/><F80/><W55/><G55/><N who="0" m="34175" /><D24/><U42/><E70/><V95/><F65/><W5/><G31/><T53/><D53/><U12/><E105/><V133/><F64/><W72/><G111/><T41/><D41/><U38/><E74/><V20/><F133/><W9/><G72/><T66/><D66/><U75/><E75/><V116/><F116/><W93/><G5/><T131/><D131/><U48/><E38/><AGARI ba="0,0" hai="29,30,38,43,46" m="34175,46295,44139" machi="38" ten="30,1000,0" yaku="11,1" doraHai="122" who="0" fromWho="1" sc="237,10,237,-10,195,0,331,0" owari="247,4.7,227,-17.3,195,-30.5,331,43.1" /></mjloggm>