<mjloggm ver="2.3"><GO type="225" lobby="0"/><UN n0="%E3%80%93%E3%81%97%E3%83%BC%E3%82%89%E3%80%93" n1="%72%69%6F%75%63%68%61%6E" n2="%E7%B4%94%E6%BD%94%E3%83%94%E3%83%A9%E3%83%8B%E3%82%A2" n3="%E6%B0%B7%E5%B7%9D%E9%87%8C%E5%A5%88" dan="16,16,17,16" rate="2136.75,2180.51,2216.63,2091.93" sx="M,M,M,F"/><TAIKYOKU oya="0"/><INIT seed="0,0,0,5,2,112" ten="250,250,250,250" oya="0" hai0="97,71,104,20,135,52,116,75,67,117,18,78,107" hai1="58,19,22,47,34,79,59,74,90,70,41,108,77" hai2="24,76,10,25,13,5,134,9,121,133,64,86,95" hai3="57,93,11,27,102,123,48,42,106,80,115,16,46"/><T30/><D30/><U35/><E70/><V40/><F95/><W0/><G115/><T111/><D135/><N who="2" m="51722" /><F86/><W56/><G123/><T81/><D111/><U91/><E108/><V14/><F76/><W29/><G106/><T72/><D72/><U50/><E34/><V129/><F40/><W113/><G113/><T2/><D2/><U23/><E35/><V84/><F84/><W15/><G0/><T63/><D52/><U45/><E74/><V88/><F88/><N who="1" m="33833" /><E45/><V21/><F64/><W110/><G80/><T65/><D65/><U43/><E41/><V31/><F25/><W119/><G110/><T89/><D89/><U118/><E118/><V100/><F100/><W44/><G44/><T92/><D92/><U87/><E79/><V120/><F129/><W26/><G119/><T4/><D4/><AGARI ba="0,0" hai="4,5,9,10,13,14,21,24,31,120,121" m="51722" machi="4" ten="30,3900,0" yaku="20,1,34,2" doraHai="112" who="2" fromWho="0" sc="250,-39,250,0,250,39,250,0" /><INIT seed="1,0,0,2,5,20" ten="211,250,289,250" oya="1" hai0="99,16,106,81,75,98,74,89,130,125,110,34,28" hai1="64,9,39,70,96,43,38,22,59,118,18,58,80" hai2="126,32,3,51,66,48,117,88,73,124,105,122,112" hai3="55,63,42,61,71,95,69,121,87,62,113,79,68"/><U93/><E118/><V5/><F73/><W72/><G113/><T115/><D115/><U114/><E114/><V132/><F105/><W133/><G121/><T53/><D125/><N who="2" m="48234" /><F32/><W23/><G133/><T85/><D130/><U10/><E70/><V49/><F117/><W35/><G35/><T36/><D36/><U4/><E80/><V65/><F122/><W12/><G42/><T102/><D110/><U13/><E10/><N who="2" m="2367" /><F132/><W26/><G55/><T17/><D98/><U50/><E64/><N who="2" m="24683" /><F112/><W67/><G12/><T84/><D75/><U111/><E111/><V15/><F15/><W128/><G67/><T33/><D74/><U29/><E38/><V30/><F30/><W37/><G37/><T120/><D34/><U119/><E39/><V0/><F88/><W101/><G128/><T83/><D120/><U40/><E29/><V103/><F103/><W127/><G127/><T45/><D28/><U24/><E119/><V131/><F131/><W116/><G116/><T107/><D33/><U46/><REACH who="1" step="1"/><E40/><REACH who="1" ten="211,240,289,250" step="2"/><V76/><F0/><W109/><G69/><T77/><REACH who="0" step="1"/><D107/><REACH who="0" ten="201,240,289,250" step="2"/><U135/><E135/><V91/><F76/><W41/><G71/><T78/><D78/><U92/><E92/><V86/><F91/><AGARI ba="0,2" hai="4,9,13,18,22,24,43,46,50,58,59,91,93,96" machi="91" ten="30,12000,1" yaku="1,1,7,1,8,1,52,1,53,1" doraHai="20" doraHaiUra="19" who="1" fromWho="2" sc="201,0,240,140,289,-120,250,0" /><INIT seed="1,1,0,4,4,102" ten="201,380,169,250" oya="1" hai0="49,94,110,121,18,66,44,37,56,35,81,29,62" hai1="132,1,75,50,65,135,2,26,123,112,111,118,20" hai2="89,72,8,52,90,22,60,6,101,41,98,80,14" hai3="42,57,63,120,48,58,45,28,46,74,68,91,115"/><U69/><E112/><V113/><F113/><W4/><G115/><T27/><D110/><U114/><E114/><V31/><F41/><W87/><G120/><T99/><D121/><U104/><E118/><V84/><F72/><W108/><G74/><T11/><D37/><U43/><E123/><V127/><F127/><W124/><G108/><T47/><D81/><U10/><E111/><V55/><F89/><W30/><G124/><T131/><D131/><U24/><E75/><V16/><F60/><W23/><G4/><T33/><D33/><U86/><E104/><V83/><F80/><W40/><G68/><T76/><D76/><U25/><E20/><V133/><F31/><W13/><G13/><T130/><D130/><U12/><E86/><V77/><F77/><W129/><G129/><T109/><D109/><U67/><E50/><V96/><F133/><N who="1" m="51273" /><E43/><V61/><F61/><W79/><G79/><T105/><D105/><U88/><E88/><V103/><F103/><W106/><G106/><T82/><D82/><U126/><E126/><V3/><F98/><W9/><G23/><T64/><D64/><N who="1" m="24651" /><E69/><V53/><F53/><W107/><G107/><AGARI ba="1,0" hai="3,6,8,14,16,22,52,55,83,84,90,96,101,107" machi="107" ten="30,7700,0" yaku="7,1,52,1,54,2" doraHai="102" who="2" fromWho="3" sc="201,0,380,0,169,80,250,-80" /><INIT seed="2,0,0,1,1,1" ten="201,380,249,170" oya="2" hai0="131,112,118,111,57,26,53,102,120,55,77,9,19" hai1="92,29,115,125,119,47,63,52,22,40,68,48,81" hai2="72,27,56,108,89,43,83,33,103,123,13,58,66" hai3="31,110,86,121,133,78,87,36,39,64,20,32,94"/><V60/><F123/><W23/><G121/><T132/><D120/><U38/><E115/><V129/><F103/><W101/><G110/><T130/><D112/><U71/><E119/><V5/><F129/><W128/><G128/><T91/><D111/><U16/><E125/><V99/><F108/><W122/><G122/><T70/><D70/><U6/><E29/><V106/><F106/><W4/><G133/><T80/><D118/><U37/><E6/><V117/><F43/><W44/><G64/><T45/><D132/><U7/><E7/><V61/><F33/><W82/><G32/><T134/><D134/><U113/><E113/><V21/><F72/><W25/><G23/><T34/><D102/><U46/><E37/><V14/><F5/><W10/><G44/><T96/><D96/><U107/><E107/><V65/><F117/><W85/><G101/><T90/><D34/><U69/><E81/><V88/><F83/><W2/><REACH who="3" step="1"/><G94/><REACH who="3" ten="201,380,249,160" step="2"/><T95/><D95/><U98/><E92/><N who="2" m="56711" /><F89/><W49/><G49/><T12/><D130/><U50/><E98/><V79/><F79/><W75/><AGARI ba="0,1" hai="2,4,10,20,25,31,36,39,75,78,82,85,86,87" machi="75" ten="30,4000,0" yaku="1,1,0,1,52,1,53,0" doraHai="1" doraHaiUra="124" who="3" fromWho="3" sc="201,-10,380,-10,249,-20,160,50" /><INIT seed="3,0,0,1,3,32" ten="191,370,229,210" oya="3" hai0="91,121,133,50,118,15,18,87,21,81,76,24,67" hai1="109,57,6,14,116,34,9,4,40,86,113,127,35" hai2="108,2,117,120,39,36,7,94,25,72,33,8,92" hai3="99,1,11,56,68,80,101,103,89,83,37,10,64"/><W88/><G37/><T71/><D118/><U3/><E113/><V16/><F72/><W48/><G68/><T98/><D121/><U111/><E116/><V122/><F117/><W65/><G48/><T77/><D133/><U131/><E131/><V79/><F79/><W45/><G56/><T128/><D128/><U47/><E127/><V134/><F134/><W29/><G99/><T126/><D126/><U17/><E86/><V55/><F55/><W20/><G20/><T130/><D130/><U132/><E132/><V46/><F108/><N who="1" m="41545" /><E57/><V110/><F110/><W73/><G29/><T115/><D115/><U93/><E93/><V105/><F105/><W62/><G62/><T102/><D71/><U30/><E30/><N who="2" m="19663" /><F92/><W44/><G73/><T12/><D67/><U125/><E125/><V78/><F94/><W123/><G123/><N who="2" m="47145" /><F78/><W70/><G70/><T26/><D26/><U61/><E61/><V23/><F46/><W75/><G75/><T107/><D77/><U19/><E19/><V28/><F28/><W13/><G13/><AGARI ba="0,0" hai="2,7,8,13,16,23,36,39" m="47145,19663" machi="13" ten="30,7700,0" yaku="24,1,13,1,52,1,54,1" doraHai="32" who="2" fromWho="3" sc="191,0,370,0,229,77,210,-77" owari="191,-20.9,370,47.0,306,10.6,133,-36.7" /></mjloggm>