<mjloggm ver="2.3"><GO type="225" lobby="0"/><UN n0="%E6%A1%9C%E8%8A%B1%E9%96%83%E3%80%85" n1="%E3%81%8F%E3%82%8A%E3%83%94%E3%83%BC" n2="%E5%A4%96%E5%B7%9D%E7%AB%9C%E6%88%90" n3="%4E%49%4A%49%49%52%4F" dan="18,16,16,16" rate="2295.71,2090.47,2125.02,2185.61" sx="M,M,M,M"/><TAIKYOKU oya="0"/><INIT seed="0,0,0,2,4,25" ten="250,250,250,250" oya="0" hai0="2,83,85,89,4,105,98,59,34,95,134,90,40" hai1="48,24,73,50,77,75,52,18,69,65,125,16,93" hai2="131,43,94,109,97,60,115,96,32,101,68,23,29" hai3="128,88,5,61,42,58,57,3,76,86,38,31,81"/><T64/><D134/><U67/><E125/><V22/><F115/><W62/><G128/><T103/><D34/><U14/><E69/><V41/><F131/><W135/><G135/><T102/><D40/><U17/><E75/><V35/><F109/><W92/><G3/><T80/><D2/><U53/><E73/><V55/><F55/><N who="1" m="21065" /><E77/><V6/><F6/><W113/><G5/><T108/><D4/><U66/><E24/><N who="2" m="18471" /><F35/><W120/><G38/><T28/><D28/><U107/><E107/><N who="2" m="63911" /><F43/><W118/><G42/><T27/><D27/><U99/><E14/><V100/><F41/><W112/><G118/><T104/><D64/><AGARI ba="0,0" hai="22,23,60,64,68,94,97,100" m="63911,18471" machi="64" ten="30,2000,0" yaku="25,1,52,1" doraHai="25" who="2" fromWho="0" sc="250,-20,250,0,250,20,250,0" /><INIT seed="1,0,0,2,5,29" ten="230,250,270,250" oya="1" hai0="55,90,125,31,11,20,45,64,84,98,1,72,113" hai1="135,41,87,104,51,81,19,50,36,116,65,12,30" hai2="130,54,25,23,88,120,37,14,126,83,59,100,35" hai3="27,96,97,8,132,102,111,57,34,4,127,40,15"/><U21/><E116/><V42/><F120/><W22/><G111/><T128/><D113/><U112/><E112/><V52/><F126/><W99/><G127/><T6/><D125/><U26/><E135/><V95/><F130/><W75/><G75/><T66/><D72/><U24/><E104/><V61/><F35/><W48/><G132/><T28/><D98/><U114/><E114/><V118/><F118/><W93/><G34/><T85/><D85/><U124/><E124/><V9/><F37/><W92/><G92/><T74/><D74/><U79/><E26/><V76/><F42/><W80/><G80/><T33/><D20/><U101/><E101/><V71/><F71/><W10/><G10/><T94/><D28/><U3/><E3/><V16/><F54/><N who="3" m="31943" /><G40/><T91/><D91/><U129/><E129/><V69/><F69/><W62/><G62/><T107/><D107/><U115/><E115/><V2/><F2/><W103/><G103/><T56/><D45/><U13/><E13/><V78/><F83/><W60/><G60/><T119/><D119/><U82/><E82/><V122/><F100/><W49/><G49/><T63/><REACH who="0" step="1"/><D128/><REACH who="0" ten="220,250,270,250" step="2"/><U47/><REACH who="1" step="1"/><E65/><REACH who="1" ten="220,240,270,250" step="2"/><V39/><F122/><W5/><G102/><T58/><D58/><U133/><E133/><V43/><F95/><W70/><G70/><T105/><D105/><U86/><E86/><V109/><F59/><W108/><G93/><T46/><D46/><U110/><E110/><V18/><F109/><W67/><G108/><T121/><D121/><U123/><E123/><V117/><F117/><W7/><G67/><RYUUKYOKU ba="0,2" sc="220,10,240,10,270,-30,250,10" hai0="1,6,11,31,33,55,56,63,64,66,84,90,94" hai1="12,19,21,24,30,36,41,47,50,51,79,81,87" hai3="4,5,7,8,15,22,27,96,97,99" /><INIT seed="1,1,2,5,5,38" ten="230,250,240,260" oya="1" hai0="45,74,8,132,1,51,54,47,117,14,107,118,41" hai1="86,134,77,131,104,55,16,25,40,122,103,64,114" hai2="63,120,81,31,35,112,84,26,29,28,4,88,99" hai3="58,100,69,127,108,111,13,60,36,42,52,62,85"/><U46/><E114/><V27/><F120/><W0/><G0/><T12/><D107/><U101/><E122/><V123/><F123/><W76/><G100/><N who="1" m="38474" /><E104/><V78/><F112/><W110/><G127/><T15/><D74/><U83/><E134/><V21/><F4/><W71/><G13/><T106/><D106/><U119/><E131/><V91/><F63/><W34/><G34/><T44/><D132/><U2/><E2/><V61/><F61/><W124/><G124/><T53/><D53/><U19/><E119/><V93/><REACH who="2" step="1"/><F29/><REACH who="2" ten="230,250,230,260" step="2"/><W79/><G60/><T3/><D118/><U5/><E5/><V72/><F72/><W23/><G110/><T17/><D117/><U48/><E64/><V57/><F57/><W89/><G111/><T109/><D109/><U80/><E25/><V92/><F92/><W22/><G108/><T105/><D105/><U130/><E130/><V102/><AGARI ba="1,3" hai="21,26,27,28,31,35,78,81,84,88,91,93,99,102" machi="102" ten="20,5200,0" yaku="1,1,0,1,7,1,54,1,53,0" doraHai="38" doraHaiUra="70" who="2" fromWho="2" sc="230,-14,250,-27,230,85,260,-14" /><INIT seed="2,0,0,0,4,16" ten="216,223,315,246" oya="2" hai0="14,26,124,135,32,116,131,107,56,10,19,117,55" hai1="8,122,75,121,60,128,84,72,20,47,18,37,71" hai2="70,95,119,59,27,46,28,134,65,34,103,94,35" hai3="112,89,118,123,42,102,86,24,5,78,87,38,40"/><V81/><F119/><N who="0" m="45642" /><D135/><U6/><E128/><V22/><F70/><W83/><G118/><T54/><D131/><U69/><E84/><V21/><F81/><W61/><G123/><N who="1" m="47114" /><E47/><V17/><F46/><W76/><G112/><T110/><D110/><U79/><E37/><V13/><F95/><W104/><G38/><T2/><D124/><U15/><E79/><V48/><F48/><W99/><G5/><N who="0" m="1335" /><D107/><U100/><E100/><V133/><F35/><W74/><G78/><T92/><D92/><U85/><E85/><V31/><F34/><W12/><G86/><T11/><D56/><U90/><E90/><V44/><F44/><W73/><G73/><N who="1" m="28234" /><E60/><N who="2" m="38047" /><F31/><AGARI ba="0,0" hai="11,14,19,26,31,32,54,55" m="1335,45642" machi="31" ten="30,1000,0" yaku="12,1" doraHai="16" who="0" fromWho="2" sc="216,10,223,0,315,-10,246,0" /><INIT seed="3,0,0,0,1,102" ten="226,223,305,246" oya="3" hai0="117,9,62,133,60,51,5,105,123,64,16,49,40" hai1="63,43,77,129,120,134,42,98,44,15,3,70,22" hai2="109,119,126,0,82,11,103,76,59,89,132,31,125" hai3="12,78,75,58,2,124,115,27,85,100,24,72,41"/><W92/><G2/><T29/><D117/><U28/><E120/><V32/><F119/><W106/><G115/><T79/><D123/><U47/><E3/><V37/><F37/><W53/><G41/><N who="1" m="15370" /><E70/><V94/><F109/><W66/><G124/><T18/><D105/><U23/><E129/><V57/><F103/><W128/><G128/><T122/><D122/><U110/><E110/><V50/><F50/><N who="0" m="18954" /><D40/><U91/><E134/><V26/><F132/><W73/><G66/><T68/><D68/><U8/><E77/><V83/><F83/><W39/><G39/><T88/><D79/><U113/><E63/><N who="0" m="24105" /><D133/><U93/><E113/><V17/><F0/><W111/><G106/><T21/><D64/><U45/><E28/><V74/><F17/><AGARI ba="0,0" hai="8,15,17,22,23,44,45,47,91,93,98" m="15370" machi="17" ten="30,1000,0" yaku="8,1" doraHai="102" who="1" fromWho="2" sc="226,0,223,10,305,-10,246,0" /><INIT seed="4,0,0,5,0,111" ten="226,233,295,246" oya="0" hai0="110,28,3,50,62,74,1,100,33,115,82,130,5" hai1="29,38,54,101,89,107,102,116,14,7,68,91,81" hai2="134,83,84,132,55,51,99,135,11,95,67,48,27" hai3="49,59,124,128,13,76,118,123,37,61,75,79,6"/><T112/><D110/><U106/><E68/><V10/><F67/><W97/><G118/><T39/><D39/><U4/><E38/><V121/><F27/><W20/><G37/><T24/><D130/><U126/><E54/><V65/><F65/><W113/><G123/><T78/><D62/><U52/><E52/><V57/><F51/><W30/><G124/><T69/><D69/><U129/><E14/><V120/><F120/><W46/><G128/><T90/><D100/><U41/><E81/><V58/><F58/><W103/><G75/><T80/><D50/><U16/><E29/><V23/><F23/><W15/><G113/><N who="0" m="43595" /><D5/><U25/><E129/><V8/><F121/><W93/><G6/><N who="1" m="2090" /><E41/><V119/><F119/><W114/><G114/><T9/><D9/><U53/><E126/><V109/><F109/><W108/><G108/><T22/><D33/><U45/><E107/><V77/><F8/><W70/><G70/><T86/><AGARI ba="0,0" hai="1,3,22,24,28,74,78,80,82,86,90" m="43595" machi="86" ten="30,11700,0" yaku="15,1,52,3" doraHai="111" who="0" fromWho="0" sc="226,117,233,-39,295,-39,246,-39" owari="343,44.3,194,-30.6,256,5.6,207,-19.3" /></mjloggm>