<mjloggm ver="2.3"><GO type="225" lobby="0"/><UN n0="%E8%91%B5%E3%81%A1%E3%82%83%E3%82%93" n1="%E4%BF%BA%E3%81%A8%E5%A6%96%E5%A4%A2" n2="%E3%82%A2%E3%83%A1%E3%82%A2%E3%83%A9%E3%83%AC" n3="%E3%82%BC%E3%83%AB%E3%83%80%E3%81%AE%E4%BC%9D%E8%AA%AC" dan="17,17,16,17" rate="2208.28,2210.71,2153.29,2181.57" sx="F,F,M,M"/><TAIKYOKU oya="0"/><INIT seed="0,0,0,5,1,16" ten="250,250,250,250" oya="0" hai0="81,87,97,82,84,35,111,47,124,4,127,50,95" hai1="72,52,132,123,32,113,133,37,14,71,131,17,34" hai2="94,126,79,83,6,7,62,114,31,13,24,21,57" hai3="104,101,19,112,56,30,48,121,130,78,43,70,135"/><T41/><D35/><U51/><E123/><V99/><F126/><N who="0" m="48170" /><D4/><U89/><E37/><V103/><F114/><W77/><G70/><T128/><D128/><U0/><E0/><V53/><REACH who="2" step="1"/><F13/><REACH who="2" ten="250,250,240,250" step="2"/><W15/><G15/><T68/><D111/><U115/><E115/><V69/><F69/><W9/><G112/><T33/><D68/><U11/><E71/><V125/><F125/><W116/><G130/><T75/><D33/><U117/><E131/><V27/><F27/><W54/><G121/><T109/><D109/><U38/><E113/><V10/><F10/><W40/><G9/><T98/><D75/><AGARI ba="0,1" hai="6,7,21,24,31,53,57,62,75,79,83,94,99,103" machi="75" ten="30,3900,0" yaku="1,1,7,1,52,1,53,0" doraHai="16" doraHaiUra="42" who="2" fromWho="0" sc="250,-39,250,0,240,49,250,0" /><INIT seed="1,0,0,2,3,74" ten="211,250,289,250" oya="1" hai0="62,44,110,70,125,36,111,28,82,87,122,135,48" hai1="83,35,84,43,30,4,91,63,69,119,108,9,55" hai2="112,105,104,124,92,1,78,22,72,38,7,50,61" hai3="60,8,15,65,42,101,14,24,57,56,80,11,33"/><U114/><E119/><V116/><F116/><W90/><G33/><T47/><D28/><U73/><E114/><V96/><F38/><W98/><G24/><T49/><D87/><U53/><E43/><V106/><F124/><W67/><G42/><N who="0" m="22599" /><D82/><U100/><E108/><N who="0" m="41513" /><D125/><U94/><E69/><V103/><F61/><N who="3" m="38055" /><G101/><T66/><D135/><U10/><E63/><V76/><F72/><W6/><G80/><T77/><D77/><U129/><E129/><V25/><F50/><N who="0" m="19562" /><D47/><U127/><E127/><V81/><F81/><W109/><G109/><T121/><AGARI ba="0,0" hai="62,66,70,121,122" m="19562,41513,22599" machi="121" ten="40,5200,0" yaku="14,1,34,2" doraHai="74" who="0" fromWho="0" sc="211,52,250,-26,289,-13,250,-13" /><INIT seed="2,0,0,0,4,93" ten="263,224,276,237" oya="2" hai0="104,76,0,111,34,47,67,107,110,77,96,12,33" hai1="72,125,128,4,109,84,48,129,101,90,20,117,87" hai2="6,11,113,108,75,118,66,102,7,130,37,91,116" hai3="106,133,73,57,83,63,132,131,21,69,17,27,44"/><V1/><F113/><W49/><G69/><T2/><D12/><U70/><E117/><V42/><F75/><W51/><G131/><N who="1" m="50250" /><E72/><V95/><F102/><W79/><G106/><N who="0" m="40491" /><D47/><U19/><E70/><V123/><F123/><W94/><G94/><T78/><D96/><U31/><E109/><N who="0" m="41481" /><D67/><U80/><E125/><V65/><F130/><W32/><G32/><AGARI ba="0,0" hai="0,2,32,33,34,76,77,78" m="41481,40491" machi="32" ten="40,5200,0" yaku="28,2,14,1" doraHai="93" who="0" fromWho="3" sc="263,52,224,0,276,0,237,-52" /><INIT seed="3,0,0,0,0,85" ten="315,224,276,185" oya="3" hai0="97,68,30,99,132,112,125,88,107,25,81,0,21" hai1="126,26,58,70,118,41,127,36,29,100,63,24,20" hai2="18,7,72,123,108,129,86,46,84,93,135,60,15" hai3="56,38,31,50,19,2,51,42,69,47,33,28,101"/><W134/><G134/><T4/><D68/><U103/><E70/><V43/><F72/><W45/><G69/><T133/><D125/><N who="1" m="47627" /><E118/><V34/><F108/><W111/><G111/><T96/><D112/><U90/><E90/><V1/><F34/><W16/><G2/><T121/><D121/><U22/><E41/><V61/><F129/><W12/><G33/><T32/><D107/><U55/><E36/><V65/><F65/><W13/><G56/><T73/><D21/><U10/><E10/><V113/><F7/><W122/><G101/><T9/><D73/><U115/><E115/><V67/><F1/><W106/><G106/><T35/><D35/><U64/><E55/><V80/><F67/><W54/><G38/><T114/><D114/><U48/><E48/><N who="2" m="26719" /><F135/><N who="0" m="51786" /><D81/><U3/><E3/><V124/><F123/><W91/><G122/><T49/><D49/><U40/><E40/><V6/><F6/><W109/><G109/><T77/><D77/><U59/><E59/><V62/><F62/><W27/><G27/><T11/><D11/><U105/><E105/><V131/><F131/><W92/><G12/><T39/><D39/><U119/><E119/><V37/><F37/><W98/><G13/><T120/><D120/><U8/><E8/><N who="2" m="6503" /><F113/><W53/><G42/><T23/><D32/><U66/><E66/><V102/><F124/><W130/><G130/><T117/><D117/><U17/><AGARI ba="0,0" hai="17,20,22,24,26,29,58,63,64,100,103" m="47627" machi="17" ten="30,1100,0" yaku="18,1" doraHai="85" who="1" fromWho="1" sc="315,-3,224,11,276,-3,185,-5" owari="312,41.2,235,-16.5,273,7.3,180,-32.0" /></mjloggm>