<mjloggm ver="2.3"><GO type="225" lobby="0"/><UN n0="%77%72%77%72%77%72%77%72" n1="%E6%A1%9C%E8%8A%B1%E9%96%83%E3%80%85" n2="%E3%81%86%E3%81%A3%E3%81%97%E3%83%BC%30%30" n3="%E3%81%BF%E3%81%BF%E3%81%9A" dan="16,16,17,16" rate="2236.34,2099.91,2206.94,2149.97" sx="M,M,M,M"/><TAIKYOKU oya="0"/><INIT seed="0,0,0,1,0,7" ten="250,250,250,250" oya="0" hai0="107,122,55,19,21,39,24,79,104,12,26,33,4" hai1="60,82,118,61,85,32,119,0,83,108,97,48,52" hai2="78,58,89,56,50,94,16,88,44,11,103,129,51" hai3="68,100,34,23,87,14,5,38,121,90,80,57,10"/><T115/><D115/><U112/><E112/><V96/><F129/><W73/><G68/><T123/><D39/><U64/><E108/><V81/><F78/><W6/><G34/><T126/><D79/><U40/><E32/><V74/><F74/><W17/><G38/><T132/><D55/><U120/><E120/><N who="0" m="46121" /><D107/><U46/><E0/><V77/><F77/><W22/><G121/><T105/><D104/><U43/><E97/><V113/><F113/><W20/><G73/><T102/><D102/><U42/><E85/><N who="2" m="50223" /><F89/><W116/><G116/><N who="1" m="44586" /><E83/><V84/><F84/><W70/><G70/><T75/><D105/><U27/><E27/><V9/><F51/><W101/><G57/><N who="2" m="22121" /><F16/><W72/><G72/><T134/><D75/><U53/><E82/><V25/><F25/><N who="0" m="9834" /><D33/><U66/><E53/><AGARI ba="0,0" hai="9,11,44,50,53,94,96,103" m="22121,50223" machi="53" ten="30,7700,0" yaku="8,1,52,2,54,1" doraHai="7" who="2" fromWho="1" sc="250,0,250,-77,250,77,250,0" /><INIT seed="1,0,0,1,1,122" ten="250,173,327,250" oya="1" hai0="32,44,115,111,30,69,27,119,123,134,106,109,42" hai1="61,47,6,20,49,95,131,73,94,11,74,90,103" hai2="26,54,43,68,89,102,15,60,75,36,135,18,62" hai3="53,16,37,97,56,33,86,50,59,25,22,5,72"/><U31/><E131/><V101/><F75/><W127/><G72/><T133/><D115/><U7/><E74/><V51/><F36/><W92/><G37/><N who="0" m="21583" /><D123/><U40/><E73/><V10/><F43/><W96/><G127/><T63/><D106/><U87/><E61/><V117/><F117/><W132/><G132/><N who="0" m="50795" /><D119/><U129/><E129/><V46/><F68/><W114/><G114/><T67/><AGARI ba="0,0" hai="27,30,32,63,67,69,109,111" m="50795,21583" machi="67" ten="30,7900,0" yaku="20,1,23,1,52,2" doraHai="122" who="0" fromWho="0" sc="250,79,173,-39,327,-20,250,-20" /><INIT seed="2,0,0,0,5,73" ten="329,134,307,230" oya="2" hai0="54,34,15,29,68,111,132,30,98,100,43,124,46" hai1="105,42,113,104,97,23,82,72,115,53,93,77,59" hai2="56,35,41,134,131,75,103,20,52,8,106,50,28" hai3="5,89,19,6,110,0,1,31,7,102,16,126,133"/><V127/><F35/><W25/><G102/><T85/><D68/><U22/><E42/><V17/><F75/><W66/><G66/><T121/><D121/><U81/><E22/><V135/><F127/><W44/><G44/><T117/><D124/><U55/><E23/><V33/><F131/><W94/><G126/><T13/><D111/><U2/><E2/><V63/><F8/><W37/><G37/><T74/><D74/><N who="1" m="43191" /><E53/><V61/><F28/><W10/><G110/><T51/><D132/><N who="2" m="50730" /><F41/><W45/><G45/><T80/><D117/><U26/><E59/><V90/><F90/><W9/><G6/><T18/><D34/><U96/><E26/><N who="2" m="14607" /><F33/><W101/><G101/><T21/><D13/><U119/><E55/><V40/><F40/><W58/><G133/><T129/><D129/><U107/><E119/><V69/><F69/><W120/><G120/><T24/><D24/><U32/><E32/><V60/><F103/><W116/><G116/><T49/><D49/><U3/><E3/><V118/><F118/><W88/><G58/><T36/><D43/><U83/><E72/><V108/><F108/><W125/><G125/><T65/><D36/><U11/><E11/><V71/><F71/><W130/><G31/><T128/><D128/><U64/><E64/><V14/><F14/><W91/><G130/><T27/><D65/><U95/><E113/><V112/><F112/><W47/><G25/><T84/><D27/><U12/><E12/><V38/><F38/><W114/><G114/><T57/><D30/><U4/><E115/><V87/><F106/><W123/><G0/><RYUUKYOKU ba="0,0" sc="329,-10,134,-10,307,30,230,-10" hai2="50,52,56,60,61,63,87" /><INIT seed="2,1,0,0,3,42" ten="319,124,337,220" oya="2" hai0="41,84,132,128,36,44,19,79,88,39,9,135,62" hai1="123,33,48,34,58,98,91,23,110,29,16,77,94" hai2="40,129,25,13,70,113,86,89,111,20,115,108,30" hai3="71,122,134,78,7,17,11,101,18,53,59,60,126"/><V14/><F70/><W103/><G122/><T85/><D128/><U2/><E110/><N who="2" m="42027" /><F129/><W81/><G126/><T0/><D62/><U64/><E123/><V57/><F57/><W121/><G134/><N who="0" m="51243" /><D79/><U74/><E2/><V61/><F61/><W76/><G121/><T104/><D104/><U66/><E29/><V97/><F97/><W65/><G78/><T95/><D84/><U4/><E4/><V21/><F40/><W72/><G103/><T133/><N who="0" m="51251" /><T107/><DORA hai="56" /><D107/><U82/><E66/><V105/><F105/><W49/><REACH who="3" step="1"/><G101/><REACH who="3" ten="319,124,337,210" step="2"/><T6/><D36/><U112/><E112/><V100/><F100/><W10/><G10/><T1/><D1/><AGARI ba="1,1" hai="1,7,11,17,18,49,53,59,60,65,71,72,76,81" machi="1" ten="30,8000,1" yaku="1,1,7,1,52,1,53,2" doraHai="42,56" doraHaiUra="51,50" who="3" fromWho="0" sc="319,-83,124,0,337,0,210,93" /><INIT seed="3,0,0,5,0,77" ten="236,124,337,303" oya="3" hai0="64,18,30,2,68,82,98,128,27,100,21,112,6" hai1="33,38,73,80,131,121,41,70,124,89,118,32,87" hai2="24,113,56,116,107,35,44,47,84,4,39,97,122" hai3="50,63,49,31,69,81,51,12,123,83,129,90,10"/><W75/><G123/><T14/><D128/><U45/><E45/><V61/><F116/><W96/><G31/><T22/><D112/><U78/><E41/><V36/><F113/><W62/><G129/><T48/><D48/><U132/><E89/><V130/><F130/><W111/><G111/><T91/><D64/><U108/><E87/><V127/><F4/><N who="3" m="3143" /><G69/><T0/><D6/><U94/><E94/><V58/><F84/><W65/><G75/><T93/><D68/><U9/><E9/><V54/><F127/><W76/><G76/><T57/><D57/><U120/><E80/><N who="3" m="30794" /><G65/><T104/><D0/><U60/><E60/><N who="2" m="35863" /><F122/><W72/><G72/><T110/><D2/><U28/><E28/><N who="2" m="19847" /><F39/><W23/><G23/><T52/><D110/><U119/><E78/><V37/><F37/><W126/><G126/><T105/><D105/><U99/><E99/><V92/><F36/><W71/><G71/><T29/><D104/><U25/><E25/><V102/><F107/><W66/><G66/><T3/><D3/><U79/><E79/><V1/><F1/><W43/><G43/><T106/><D106/><U42/><E119/><V125/><F125/><W20/><G20/><T67/><D67/><U53/><E42/><V74/><F74/><W15/><G15/><T88/><D29/><U5/><E121/><V135/><F135/><W34/><G34/><T16/><D30/><U86/><E120/><V115/><F115/><W103/><G90/><N who="0" m="34347" /><D82/><U133/><E33/><V134/><F134/><N who="1" m="51817" /><E70/><V17/><F17/><W7/><G7/><T19/><D18/><U114/><E124/><RYUUKYOKU ba="0,0" sc="236,10,124,-30,337,10,303,10" hai0="14,16,19,21,22,27,52,93,98,100" hai2="44,47,58,61,92,97,102" hai3="49,50,51,62,63,96,103" /><INIT seed="3,1,0,0,3,122" ten="246,94,347,313" oya="3" hai0="86,95,40,64,19,7,79,117,109,96,46,132,135" hai1="110,80,123,68,25,81,6,8,118,5,72,34,41" hai2="87,14,2,60,78,12,119,134,106,130,129,101,15" hai3="44,0,91,30,115,49,59,51,83,113,22,74,133"/><W61/><G0/><T57/><D117/><U71/><E123/><V36/><F119/><W84/><G133/><N who="0" m="51275" /><D7/><U9/><E118/><V31/><F36/><W97/><G74/><T100/><D19/><U131/><E131/><N who="2" m="50187" /><F2/><W127/><G127/><T66/><D57/><U63/><E41/><V50/><F134/><W47/><G113/><T39/><D109/><U20/><E34/><V69/><F31/><W54/><G115/><T38/><D38/><U70/><E63/><V58/><F50/><W93/><G49/><T108/><D108/><U56/><E56/><V121/><F121/><W35/><G35/><T88/><D79/><U92/><E92/><AGARI ba="1,0" hai="39,40,46,64,66,86,88,92,95,96,100" m="51275" machi="92" ten="30,2000,0" yaku="20,1,54,1" doraHai="122" who="0" fromWho="1" sc="246,23,94,-23,347,0,313,0" owari="269,-13.1,71,-42.9,347,44.7,313,11.3" /></mjloggm>