<mjloggm ver="2.3"><GO type="225" lobby="0"/><UN n0="%E5%84%AA%40%41%42%43" n1="%E9%B3%B3%E6%9D%B1%E3%81%AE%E3%81%86%E3%81%95%E3%81%8E%E3%81%95%E3%82%93" n2="%E5%AF%82%E5%AF%9E%E3%82%AE%E3%83%8D%E3%82%B9%E3%83%93%E3%83%BC%E3%83%AB" n3="%72%69%6F%75%63%68%61%6E" dan="17,16,16,17" rate="2245.26,2225.83,2146.42,2273.19" sx="M,M,M,M"/><TAIKYOKU oya="0"/><INIT seed="0,0,0,0,3,10" ten="250,250,250,250" oya="0" hai0="135,104,17,4,131,51,42,18,26,115,43,33,46" hai1="126,100,121,80,96,55,74,127,30,44,34,101,129" hai2="116,87,69,22,92,49,52,117,98,133,9,112,36" hai3="128,106,41,68,63,50,123,94,103,23,53,134,3"/><T64/><D115/><U25/><E121/><V5/><F112/><W119/><G119/><N who="2" m="45641" /><F36/><W125/><G125/><N who="1" m="47626" /><E129/><V99/><F69/><W15/><G134/><T120/><D120/><U45/><E55/><V1/><F22/><W31/><G128/><T58/><D104/><N who="1" m="63495" /><E101/><V7/><F7/><W28/><G3/><T89/><D135/><U78/><AGARI ba="0,0" hai="25,30,34,44,45,74,78,80" m="63495,47626" machi="78" ten="30,1100,0" yaku="18,1" doraHai="10" who="1" fromWho="1" sc="250,-5,250,11,250,-3,250,-3" /><INIT seed="1,0,0,2,4,87" ten="245,261,247,247" oya="1" hai0="52,89,21,119,104,69,107,29,44,48,95,117,70" hai1="97,1,121,114,108,18,93,27,13,11,34,72,127" hai2="112,47,56,134,99,75,2,83,39,80,66,94,103" hai3="43,36,73,92,86,37,63,35,32,15,50,124,40"/><U20/><E114/><V74/><F112/><W58/><G73/><T60/><D104/><U131/><E121/><V111/><F2/><W54/><G124/><T129/><D107/><U78/><E127/><V62/><F111/><W85/><G15/><T102/><D102/><U17/><E131/><V45/><F134/><W26/><G26/><T16/><D29/><U46/><E108/><V25/><F75/><W84/><G92/><T30/><D30/><U6/><E46/><N who="2" m="17419" /><F39/><W4/><G4/><T57/><D69/><U71/><E71/><V101/><F74/><W123/><G123/><T90/><D70/><U132/><E132/><V105/><F105/><W23/><G23/><T122/><D129/><U79/><E72/><V14/><F25/><W51/><G36/><T77/><D77/><U88/><E17/><V41/><F41/><W133/><G133/><T135/><D122/><U68/><E68/><V9/><F103/><W31/><G37/><T126/><D126/><U106/><E106/><V3/><F3/><W91/><G31/><AGARI ba="0,0" hai="1,6,11,13,18,20,27,31,34,78,79,88,93,97" machi="31" ten="40,12000,1" yaku="24,2,52,1,54,1" doraHai="87" who="1" fromWho="3" sc="245,0,261,120,247,0,247,-120" /><INIT seed="1,1,0,3,1,28" ten="245,381,247,127" oya="1" hai0="103,46,35,34,59,87,20,96,74,71,22,131,30" hai1="67,15,130,29,68,60,75,105,37,3,114,76,82" hai2="134,100,54,117,51,112,102,10,92,45,132,119,123" hai3="12,73,31,64,86,95,25,11,90,72,126,91,36"/><U39/><E114/><V66/><F123/><W9/><G126/><T106/><D74/><U61/><E130/><V88/><F66/><W135/><G135/><N who="2" m="51753" /><F10/><W125/><G125/><T80/><D71/><U118/><E118/><N who="2" m="45067" /><F112/><W56/><G36/><T99/><D131/><U128/><E128/><V70/><F70/><W26/><G26/><T110/><D110/><U108/><E108/><V32/><F32/><W113/><G113/><T65/><D99/><AGARI ba="1,0" hai="45,51,54,88,92,99,100,102" m="45067,51753" machi="99" ten="30,2000,0" yaku="20,1,54,1" doraHai="28" who="2" fromWho="0" sc="245,-23,381,0,247,23,127,0" /><INIT seed="2,0,0,4,5,58" ten="222,381,270,127" oya="2" hai0="94,7,8,27,31,80,86,34,35,132,112,12,100" hai1="126,119,16,1,39,62,51,9,82,76,97,90,78" hai2="25,118,104,66,50,71,106,116,56,75,45,134,88" hai3="36,77,109,5,60,53,81,21,55,22,64,18,28"/><V65/><F75/><W127/><G109/><T32/><D112/><U4/><E39/><V123/><F123/><W85/><G127/><T113/><D113/><U124/><E119/><V69/><F134/><W73/><G36/><T128/><D132/><U105/><E51/><V84/><F56/><W92/><G5/><T42/><D128/><U70/><E16/><V135/><F135/><W74/><G28/><T129/><D129/><U96/><E90/><V54/><F25/><W108/><G108/><T117/><D117/><U11/><E11/><V83/><F118/><W122/><G122/><T44/><D94/><U67/><E76/><V99/><F116/><W98/><G74/><T30/><D100/><N who="1" m="62599" /><E97/><V63/><F99/><W103/><G73/><AGARI ba="0,0" hai="1,4,9,62,67,70,73,78,82,124,126" m="62599" machi="73" ten="30,2000,0" yaku="23,1,52,1" doraHai="58" who="1" fromWho="3" sc="222,0,381,20,270,0,127,-20" /><INIT seed="3,0,0,2,5,79" ten="222,401,270,107" oya="3" hai0="67,105,51,125,70,106,107,53,99,55,59,121,76" hai1="16,7,18,91,43,12,38,0,36,120,92,60,26" hai2="42,129,98,82,134,97,3,74,132,13,39,111,8" hai3="31,133,118,62,46,108,23,123,34,122,14,5,85"/><W81/><G118/><T22/><D121/><U11/><E120/><V54/><F111/><W27/><G133/><N who="2" m="51305" /><F3/><W21/><G108/><T116/><D116/><U20/><E60/><V83/><F129/><W127/><G127/><T135/><D135/><U93/><E43/><V78/><F82/><W49/><G62/><T126/><D70/><U56/><E56/><V77/><F78/><W117/><G117/><T28/><D67/><U2/><E93/><V40/><F54/><W47/><G46/><T101/><D76/><U84/><E0/><V6/><F42/><W61/><G61/><T75/><D55/><U50/><E50/><V33/><F33/><W41/><G23/><AGARI ba="0,0" hai="2,7,11,12,16,18,20,23,26,36,38,84,91,92" machi="23" ten="30,2000,0" yaku="7,1,54,1" doraHai="79" who="1" fromWho="3" sc="222,0,401,20,270,0,107,-20" owari="222,-17.8,421,52.1,270,7.0,87,-41.3" /></mjloggm>