<mjloggm ver="2.3"><GO type="225" lobby="0"/><UN n0="%E3%81%BF%E3%81%BF%E3%81%9A" n1="%E5%8D%A0%E3%81%84%E5%B8%AB%E8%A3%8F%E3%81%AA%E3%81%84%E3%81%97" n2="%E3%81%A4%E3%81%A3%E3%81%B1%E3%82%8A%E3%83%9D%E3%83%BC%E3%83%AB" n3="%4B%2E%32%2E%4B%2E" dan="18,17,17,17" rate="2240.54,2198.91,2221.67,2204.59" sx="M,M,M,M"/><TAIKYOKU oya="0"/><INIT seed="0,0,0,0,3,15" ten="250,250,250,250" oya="0" hai0="24,116,135,21,72,127,16,23,57,112,126,33,6" hai1="74,50,98,69,20,80,19,2,81,5,82,101,131" hai2="115,4,30,120,32,62,63,109,97,41,0,105,27" hai3="67,68,29,39,133,56,132,85,18,73,46,9,89"/><T17/><D72/><U100/><E69/><V37/><F115/><W124/><G73/><T125/><D112/><U121/><E121/><V51/><F120/><W22/><G124/><T11/><D116/><U66/><E131/><V117/><F117/><W118/><G118/><T93/><D135/><U64/><E74/><V88/><F109/><W111/><G111/><T14/><D57/><U75/><E75/><V119/><F37/><W58/><G29/><N who="0" m="19623" /><D93/><U76/><E76/><V123/><F123/><W47/><G68/><T43/><D43/><U78/><E78/><V48/><F119/><W10/><G56/><T12/><D126/><U3/><E50/><V71/><F41/><W84/><G84/><T70/><D70/><U25/><E100/><N who="2" m="62607" /><F63/><N who="3" m="38391" /><G39/><T34/><D34/><U90/><E90/><V52/><F88/><W103/><G103/><T83/><D83/><U31/><E66/><N who="2" m="41431" /><F52/><W87/><G87/><T1/><AGARI ba="0,0" hai="1,6,11,12,14,16,17,21,23,125,127" m="19623" machi="1" ten="30,18000,2" yaku="24,1,34,2,52,2,54,1" doraHai="15" who="0" fromWho="0" sc="250,180,250,-60,250,-60,250,-60" /><INIT seed="0,1,0,5,3,130" ten="430,190,190,190" oya="0" hai0="86,62,88,83,127,14,132,106,79,3,108,46,113" hai1="37,92,21,111,91,66,133,31,75,73,135,128,120" hai2="42,93,41,58,57,105,117,74,77,32,22,19,49" hai3="47,59,35,54,53,12,90,64,125,87,124,39,94"/><T81/><D113/><U107/><E120/><V28/><F105/><W112/><G112/><T13/><D3/><U43/><E107/><V44/><F117/><W17/><G35/><T95/><D127/><N who="3" m="48713" /><G64/><T68/><D68/><U110/><E66/><V50/><F32/><W114/><G114/><T48/><D62/><U5/><E128/><V89/><F28/><W67/><G67/><T0/><D0/><U85/><E5/><V100/><F100/><W98/><G59/><T1/><D1/><U109/><E43/><V103/><F103/><N who="3" m="60887" /><G47/><T36/><D36/><U38/><E31/><V84/><F42/><W33/><G33/><T30/><D106/><U99/><E21/><V121/><F121/><W45/><G45/><T26/><D108/><U18/><E18/><V116/><F116/><W10/><G39/><N who="1" m="14858" /><E99/><V7/><F7/><W134/><G53/><T40/><D83/><U126/><E126/><V65/><F65/><W104/><G54/><T60/><D60/><U25/><E25/><V119/><F50/><W123/><G123/><T11/><D11/><U122/><E122/><V24/><F119/><W20/><G10/><T131/><D131/><U115/><E115/><V23/><F23/><W80/><G104/><T51/><D51/><U129/><E129/><V61/><F61/><W82/><G80/><T6/><D6/><U56/><E56/><V29/><F29/><W118/><G118/><T55/><D40/><U63/><E63/><V102/><F102/><W16/><G17/><T52/><D55/><U27/><E27/><V76/><F76/><W97/><G97/><RYUUKYOKU ba="1,0" sc="430,-30,190,10,190,10,190,10" hai1="73,75,85,91,92,109,110,111,133,135" hai2="19,22,24,41,44,49,57,58,74,77,84,89,93" hai3="12,16,20,82,87,90,134" /><INIT seed="1,2,0,5,3,98" ten="400,200,200,200" oya="1" hai0="18,78,91,23,24,82,83,6,114,71,57,22,39" hai1="45,26,115,44,73,72,13,116,29,106,10,69,53" hai2="110,33,88,42,133,46,70,131,105,97,52,75,81" hai3="7,31,96,125,61,64,11,108,51,119,40,68,126"/><U9/><E115/><V1/><F70/><W107/><G108/><T128/><D71/><U47/><E116/><V65/><F33/><W56/><G119/><T54/><D114/><U32/><E69/><V4/><F65/><W127/><G31/><T117/><D39/><U93/><E106/><V8/><F110/><W102/><G40/><T38/><D38/><U19/><E53/><V60/><F131/><W12/><G51/><T92/><D117/><U30/><E30/><V14/><F133/><W35/><REACH who="3" step="1"/><G68/><REACH who="3" ten="400,200,200,190" step="2"/><T36/><D36/><U41/><E41/><V89/><F42/><W48/><G48/><N who="0" m="30919" /><D128/><U58/><E58/><V27/><F46/><W50/><G50/><T84/><D6/><U49/><E49/><V113/><F4/><W112/><G112/><T95/><D23/><U101/><REACH who="1" step="1"/><E9/><REACH who="1" ten="400,190,200,190" step="2"/><V63/><F8/><W34/><AGARI ba="2,2" hai="7,11,12,34,35,56,61,64,96,102,107,125,126,127" machi="34" ten="40,8000,1" yaku="1,1,0,1,18,1,52,1,53,1" doraHai="98" doraHaiUra="3" who="3" fromWho="3" sc="400,-22,190,-42,200,-22,190,106" /><INIT seed="2,0,0,5,5,57" ten="378,148,178,296" oya="2" hai0="54,101,3,56,58,36,2,106,133,44,28,88,121" hai1="49,135,109,125,20,134,72,117,107,32,9,95,13" hai2="60,89,73,94,116,74,118,15,18,48,23,132,75" hai3="93,71,25,41,110,1,82,87,112,43,68,12,115"/><V5/><F132/><N who="1" m="50729" /><E107/><V39/><F39/><W8/><G1/><T33/><D58/><U130/><E117/><V103/><F103/><W67/><G110/><T24/><D88/><U131/><E109/><V128/><F128/><N who="1" m="49193" /><E72/><V46/><F5/><W37/><G71/><T126/><D121/><U16/><E32/><V30/><F30/><W22/><G68/><T47/><D28/><U70/><E70/><V104/><F104/><W66/><G66/><T105/><D101/><U62/><E49/><V108/><F108/><W21/><G67/><T84/><D33/><U17/><E95/><V64/><F64/><W61/><G93/><T7/><D106/><U77/><E77/><V40/><REACH who="2" step="1"/><F60/><REACH who="2" ten="378,148,168,296" step="2"/><W86/><G61/><T51/><D105/><U65/><E65/><V100/><F100/><W90/><G37/><T91/><D133/><U10/><E62/><V122/><F122/><W11/><G112/><T129/><D129/><U31/><E31/><V26/><F26/><W53/><G25/><T85/><D24/><N who="1" m="14343" /><E125/><V55/><F55/><W102/><G53/><T78/><D126/><U35/><E35/><V45/><F45/><W81/><G115/><T76/><D36/><U19/><E19/><V50/><F50/><W42/><G102/><T83/><D44/><U14/><E17/><V97/><AGARI ba="0,1" hai="15,18,23,40,46,48,73,74,75,89,94,97,116,118" machi="97" ten="30,11700,0" yaku="1,1,0,1,53,2" doraHai="57" doraHaiUra="114" who="2" fromWho="2" sc="378,-39,148,-39,168,127,296,-39" /><INIT seed="2,1,0,1,3,124" ten="339,109,295,257" oya="2" hai0="36,37,23,125,81,41,89,122,108,73,57,7,115" hai1="8,128,16,15,27,62,87,65,119,111,45,120,55" hai2="4,110,19,21,68,77,132,102,22,0,83,54,95" hai3="113,129,69,17,52,51,48,86,42,131,75,91,99"/><V11/><F68/><W123/><G123/><T71/><D57/><U100/><E119/><V35/><F132/><W29/><G75/><T14/><D23/><U61/><E120/><V134/><F134/><W133/><G133/><T78/><D14/><U18/><E111/><V127/><F127/><W109/><G109/><T107/><D89/><U101/><E128/><N who="3" m="49226" /><G113/><T9/><D107/><U121/><E121/><V3/><F3/><W106/><G69/><T85/><D71/><U49/><E87/><V135/><F35/><W63/><G29/><T24/><D73/><U20/><REACH who="1" step="1"/><E62/><REACH who="1" ten="339,99,295,257" step="2"/><V30/><F110/><W26/><G63/><T84/><D108/><U43/><E43/><V56/><F135/><W64/><G42/><T25/><D41/><U59/><AGARI ba="1,1" hai="8,15,16,18,20,27,45,49,55,59,61,65,100,101" machi="59" ten="20,12000,2" yaku="1,1,0,1,7,1,8,1,54,1,53,2" doraHai="124" doraHaiUra="12" who="1" fromWho="1" sc="339,-31,99,133,295,-61,257,-31" /><INIT seed="3,0,0,2,1,107" ten="308,232,234,226" oya="3" hai0="131,116,85,88,50,100,22,0,42,58,25,103,17" hai1="9,114,31,118,7,117,92,121,106,115,13,16,93" hai2="67,77,87,122,2,10,11,54,119,94,59,68,23" hai3="5,78,130,37,76,49,46,12,75,99,33,21,18"/><W55/><G130/><T79/><D0/><U127/><E106/><V44/><F119/><N who="1" m="45577" /><E121/><V60/><F2/><W90/><G33/><T29/><D116/><U39/><E39/><V35/><F35/><W98/><G37/><T111/><D111/><U89/><E127/><V66/><F122/><W72/><G5/><T43/><D79/><U15/><E31/><V61/><F23/><W125/><G125/><T109/><D109/><U38/><E38/><V24/><F24/><W129/><G129/><T14/><D58/><U113/><E89/><N who="2" m="53567" /><F68/><W108/><G108/><T41/><D50/><U134/><E134/><V124/><F77/><W64/><G64/><N who="2" m="24617" /><F124/><W8/><G21/><AGARI ba="0,0" hai="7,9,13,15,16,21,92,93,113,114,115" m="45577" machi="21" ten="40,2600,0" yaku="12,1,54,1" doraHai="107" who="1" fromWho="3" sc="308,0,232,26,234,0,226,-26" owari="308,40.8,258,5.8,234,-16.6,200,-30.0" /></mjloggm>