<mjloggm ver="2.3"><GO type="225" lobby="0"/><UN n0="%E3%81%99%E3%81%84%E3%81%BE%E3%81%9B%E3%83%BC%E3%82%93" n1="%6B%79%6F%6E%6B%6F%31%31" n2="%E3%81%95%E3%81%8D%E3%81%9F%E3%81%BE%E6%9E%97%E6%AA%8E" n3="%E6%98%93%E5%88%A9%E8%96%A9%E4%BC%AF" dan="18,17,16,16" rate="2243.46,2160.00,2077.56,2074.36" sx="M,M,M,F"/><TAIKYOKU oya="0"/><INIT seed="0,0,0,3,1,67" ten="250,250,250,250" oya="0" hai0="89,43,54,50,79,132,8,19,96,91,16,7,33" hai1="128,17,69,106,108,23,31,10,64,5,82,45,120" hai2="134,20,133,74,60,94,18,55,27,13,21,116,127" hai3="30,61,66,35,130,72,98,6,73,0,113,53,88"/><T102/><D132/><N who="2" m="50794" /><F74/><W86/><G113/><T125/><D125/><U14/><E120/><V85/><F127/><W90/><G130/><T41/><D33/><U57/><E128/><V97/><F85/><W112/><G53/><T101/><D79/><U52/><E108/><V2/><F2/><W65/><G65/><T84/><D43/><U115/><E106/><V3/><F3/><W107/><G6/><T29/><D41/><U100/><E100/><N who="0" m="38505" /><D29/><U42/><E82/><V126/><F126/><W39/><G39/><T131/><D131/><U103/><E103/><N who="2" m="60855" /><F116/><W122/><G0/><T129/><D129/><U9/><E31/><V70/><F55/><W4/><G112/><T87/><D96/><U104/><E104/><V46/><F46/><W25/><G107/><T118/><D118/><U123/><E115/><V83/><F83/><W48/><G122/><T24/><D87/><U37/><E123/><V63/><F70/><W51/><G98/><T77/><D77/><U28/><E28/><AGARI ba="0,0" hai="13,18,20,21,27,28,60,63" m="60855,50794" machi="28" ten="30,1000,0" yaku="20,1" doraHai="67" who="2" fromWho="1" sc="250,0,250,-10,250,10,250,0" /><INIT seed="1,0,0,3,5,74" ten="250,240,260,250" oya="1" hai0="8,101,34,111,22,135,63,16,14,48,78,3,87" hai1="119,99,134,132,81,122,29,26,42,43,58,56,31" hai2="25,126,1,66,61,9,77,40,115,11,4,79,106" hai3="73,5,24,68,10,52,27,104,105,103,90,120,59"/><U76/><E99/><V23/><F106/><W17/><G68/><T13/><D111/><U97/><E97/><V7/><F126/><W57/><G120/><T92/><D34/><U67/><E122/><V128/><F128/><W84/><G73/><T54/><D3/><U93/><E93/><V98/><F98/><W15/><G59/><N who="1" m="22570" /><E119/><V19/><F115/><W18/><G103/><T100/><D135/><N who="1" m="51755" /><E67/><V116/><F116/><W51/><G27/><T30/><D63/><U53/><E53/><V65/><F40/><N who="1" m="15401" /><E26/><V69/><REACH who="2" step="1"/><F66/><REACH who="2" ten="250,240,250,250" step="2"/><W44/><G105/><T95/><D101/><U88/><E88/><V113/><F113/><W6/><G104/><T37/><D100/><U72/><AGARI ba="0,1" hai="29,31,72,76,81" m="15401,51755,22570" machi="72" ten="30,3000,0" yaku="20,1,52,1" doraHai="74" who="1" fromWho="1" sc="250,-10,240,40,250,-10,250,-10" /><INIT seed="1,1,0,2,5,95" ten="240,280,240,240" oya="1" hai0="67,28,128,16,40,72,1,105,3,18,39,5,35" hai1="38,15,130,111,49,89,24,126,70,50,66,54,117" hai2="53,108,80,57,61,73,9,123,44,41,131,132,134" hai3="17,79,102,37,120,135,76,46,69,75,99,101,107"/><U27/><E117/><V124/><F123/><W29/><G120/><T115/><D115/><U23/><E38/><V118/><F118/><W34/><G135/><N who="2" m="51753" /><F124/><W26/><G17/><T6/><D72/><U92/><E126/><V94/><F131/><W90/><G90/><T86/><D105/><U19/><E130/><V62/><F108/><W104/><G69/><T127/><D128/><U116/><E116/><V71/><F9/><W58/><G58/><T91/><D67/><U112/><E112/><V25/><F25/><W77/><G75/><T103/><D103/><U48/><E111/><V47/><F94/><W82/><G82/><T43/><D127/><U114/><E114/><V129/><F129/><W85/><G85/><T59/><D39/><U78/><E78/><N who="2" m="44111" /><F41/><W10/><G10/><T81/><D43/><U119/><E119/><V109/><F109/><W56/><G56/><T106/><D40/><U60/><REACH who="1" step="1"/><E54/><REACH who="1" ten="240,270,240,240" step="2"/><V121/><F121/><W13/><G77/><N who="0" m="46383" /><D1/><U45/><E45/><V0/><F0/><W113/><G76/><T14/><D3/><U51/><N who="1" m="12288" /><DORA hai="64" /><U31/><E31/><V96/><F96/><AGARI ba="1,1" hai="15,19,23,24,27,60,66,70,89,92,96" m="12288" machi="96" ten="50,9600,0" yaku="1,1,52,2,53,0" doraHai="95,64" doraHaiUra="83,42" who="1" fromWho="2" sc="240,0,270,109,240,-99,240,0" /><INIT seed="1,2,0,4,2,134" ten="240,379,141,240" oya="1" hai0="33,32,11,63,45,27,21,83,43,82,47,104,75" hai1="79,123,68,4,12,84,64,89,135,91,2,65,105" hai2="125,95,115,19,132,35,31,14,100,30,77,94,117" hai3="126,44,39,53,0,51,107,18,50,87,6,111,119"/><U120/><E2/><V49/><F117/><W133/><G107/><T85/><D104/><U97/><E135/><V62/><F132/><W22/><G133/><T108/><D108/><U25/><E68/><V20/><F77/><W128/><G111/><T16/><D75/><U102/><E25/><V52/><F115/><W72/><G72/><T93/><D63/><U80/><E64/><V74/><F74/><W60/><G128/><T7/><D93/><U70/><E65/><V23/><F35/><W127/><G119/><T78/><D83/><U56/><E56/><V57/><F125/><N who="3" m="47627" /><G87/><T90/><D90/><U110/><E110/><V121/><F121/><W41/><G6/><T124/><D124/><U36/><E91/><V10/><F62/><W112/><G0/><T129/><D129/><U3/><E3/><V1/><F1/><W54/><G112/><T96/><D96/><U28/><E4/><V130/><F130/><W103/><G103/><T131/><D131/><U42/><E97/><V69/><F69/><W9/><G9/><T29/><D7/><U73/><E102/><V113/><F113/><W66/><G66/><T118/><D118/><U37/><E70/><V5/><F100/><W92/><G92/><N who="2" m="35369" /><F5/><W40/><G60/><T13/><D85/><U106/><E73/><V24/><F10/><W55/><G41/><T48/><D43/><U99/><E105/><V109/><F109/><W101/><G101/><T81/><D11/><U114/><E106/><V8/><F8/><W15/><AGARI ba="2,0" hai="15,18,22,39,40,44,50,51,53,54,55" m="47627" machi="15" ten="30,7900,0" yaku="18,1,52,3" doraHai="134" who="3" fromWho="3" sc="240,-22,379,-41,141,-22,240,85" /><INIT seed="2,0,0,2,1,112" ten="218,338,119,325" oya="2" hai0="60,67,72,34,121,7,73,74,31,120,54,21,33" hai1="70,127,115,103,50,104,89,6,9,105,10,35,5" hai2="38,17,82,110,4,39,93,122,91,57,116,134,123" hai3="48,1,99,40,65,13,90,131,79,16,66,30,68"/><V18/><F4/><W64/><G1/><T56/><D7/><U124/><E70/><V106/><F106/><W53/><G131/><T58/><D21/><U44/><E35/><V59/><F82/><W118/><G118/><T78/><D78/><U135/><E115/><V81/><F81/><W132/><G132/><T84/><D84/><U23/><E23/><V108/><F134/><W24/><G79/><T94/><D94/><U22/><E22/><V87/><F59/><W15/><G40/><T11/><D11/><U113/><E89/><V92/><F57/><W12/><G68/><T100/><D100/><U3/><E113/><V80/><F80/><W107/><G90/><T129/><D129/><U77/><E77/><V102/><F102/><W71/><G71/><T62/><REACH who="0" step="1"/><D34/><REACH who="0" ten="208,338,119,325" step="2"/><U43/><E103/><V32/><F32/><W19/><G19/><T117/><D117/><U45/><E135/><V101/><F116/><W49/><G16/><N who="2" m="6249" /><F123/><W133/><G133/><T42/><D42/><U14/><E105/><V2/><F122/><W111/><G107/><T28/><D28/><U109/><E104/><V61/><F2/><W27/><G30/><T128/><D128/><U95/><E95/><V52/><F93/><W36/><G27/><AGARI ba="0,1" hai="27,31,33,54,56,58,60,62,67,72,73,74,120,121" machi="27" ten="40,1300,0" yaku="1,1,53,0" doraHai="112" doraHaiUra="85" who="0" fromWho="3" sc="208,23,338,0,119,0,325,-13" /><INIT seed="3,0,0,1,4,55" ten="231,338,119,312" oya="3" hai0="109,24,126,73,112,26,75,20,124,91,37,47,120" hai1="113,1,89,121,80,4,104,117,105,60,72,132,81" hai2="9,40,67,29,63,135,54,77,130,34,6,44,32" hai3="30,64,102,99,0,76,101,23,79,69,36,59,116"/><W107/><G116/><T38/><D120/><U82/><E121/><V16/><F77/><W56/><G0/><T50/><D109/><U103/><E1/><V92/><F135/><W49/><G36/><N who="0" m="13931" /><D91/><U27/><E4/><V8/><F130/><W87/><G69/><T43/><D26/><U45/><E45/><V46/><F34/><W21/><G107/><T13/><D13/><U41/><E41/><V98/><F40/><W96/><G87/><T97/><D97/><N who="3" m="37449" /><G49/><T53/><D43/><U65/><E113/><V95/><F32/><W134/><G64/><T131/><D131/><U90/><E132/><V88/><F67/><W15/><G134/><T122/><D112/><U128/><E128/><V111/><F111/><W78/><G30/><N who="0" m="17671" /><D122/><U61/><E117/><V52/><F29/><W57/><G23/><T25/><D25/><U85/><E27/><V31/><F31/><W14/><G21/><T5/><D5/><U70/><E103/><AGARI ba="0,0" hai="14,15,56,57,59,76,78,79,101,102,103" m="37449" machi="103" ten="40,18000,2" yaku="28,2,8,1,52,3" doraHai="55" who="3" fromWho="1" sc="231,0,338,-180,119,0,312,180" owari="231,3.1,158,-24.2,119,-38.1,492,59.2" /></mjloggm>