<mjloggm ver="2.3"><GO type="225" lobby="0"/><UN n0="%E3%81%B5%E3%81%98%E3%81%8B%E3%81%A4" n1="%E3%81%BF%E3%81%BF%E3%81%9A" n2="%E5%A4%9C%E3%81%AE%E3%82%AC%E3%82%B9%E3%83%91%E3%83%BC%E3%83%AB" n3="%4B%2E%32%2E%4B%2E" dan="16,16,16,16" rate="2099.75,2142.03,2109.22,2177.56" sx="M,M,M,M"/><TAIKYOKU oya="0"/><INIT seed="0,0,0,2,1,108" ten="250,250,250,250" oya="0" hai0="133,29,32,102,125,123,91,128,129,43,24,106,87" hai1="69,97,71,55,112,66,80,82,104,21,114,88,93" hai2="132,22,50,49,4,47,52,48,126,35,33,37,38" hai3="64,11,36,78,110,56,63,1,6,100,65,40,44"/><T23/><D123/><U77/><E55/><V25/><F126/><W98/><G78/><T15/><D125/><U34/><E34/><V103/><F132/><W76/><G76/><T54/><D133/><U42/><E42/><V46/><F103/><W117/><G110/><T121/><D43/><U67/><E104/><V96/><F96/><W10/><G10/><T73/><D73/><U134/><E134/><V18/><F4/><W13/><G117/><T105/><D121/><U27/><E67/><V72/><F72/><W61/><G13/><T131/><D54/><U90/><E90/><V113/><F113/><N who="1" m="43625" /><E66/><V19/><F50/><W5/><G65/><T89/><D102/><U62/><E62/><V86/><F52/><W120/><G61/><T2/><D2/><U30/><E80/><V118/><F118/><W127/><G127/><T31/><D91/><U9/><E9/><V109/><F109/><W85/><G120/><T107/><D89/><U119/><E119/><V41/><F41/><W122/><G122/><T75/><D87/><AGARI ba="0,0" hai="21,27,30,69,71,77,82,87,88,93,97" m="43625" machi="87" ten="30,8000,1" yaku="11,1,52,3,54,1" doraHai="108" who="1" fromWho="0" sc="250,-80,250,80,250,0,250,0" /><INIT seed="1,0,0,2,4,96" ten="170,330,250,250" oya="1" hai0="51,12,8,33,86,0,30,5,48,55,76,34,120" hai1="108,126,57,133,68,61,99,80,14,83,58,85,27" hai2="70,98,104,67,112,110,44,1,10,92,111,6,130" hai3="60,46,132,93,91,45,122,43,95,62,11,13,52"/><U31/><E126/><V41/><F130/><W123/><G132/><T47/><D120/><U117/><E117/><V124/><F124/><W54/><G11/><T26/><D51/><U4/><E133/><V63/><F112/><W119/><G13/><T64/><D64/><U21/><E108/><V50/><REACH who="2" step="1"/><F104/><REACH who="2" ten="170,330,240,250" step="2"/><W89/><REACH who="3" step="1"/><G43/><REACH who="3" ten="170,330,240,240" step="2"/><T23/><REACH who="0" step="1"/><D0/><REACH who="0" ten="160,330,240,240" step="2"/><U121/><E121/><V69/><F69/><W103/><G103/><AGARI ba="0,3" hai="1,6,10,41,44,50,63,67,70,92,98,103,110,111" machi="103" ten="40,5200,0" yaku="1,1,52,1,53,1" doraHai="96" doraHaiUra="42" who="2" fromWho="3" sc="160,0,330,0,240,82,240,-52" /><INIT seed="2,0,0,5,4,55" ten="160,330,322,188" oya="2" hai0="75,77,84,33,20,24,32,87,105,34,73,82,6" hai1="7,8,69,101,31,109,112,16,86,64,93,118,30" hai2="60,19,131,53,12,124,98,110,51,104,113,62,58" hai3="116,15,122,76,71,90,40,106,91,65,39,80,121"/><V28/><F113/><W133/><G106/><T56/><D105/><U42/><E112/><V100/><F124/><W36/><G116/><T1/><D1/><U4/><E118/><V92/><F131/><W10/><G133/><T128/><D6/><N who="1" m="2091" /><E69/><V70/><F28/><W11/><G65/><T66/><D128/><U126/><E126/><V9/><F110/><W47/><G36/><T23/><D87/><U117/><E117/><V115/><F115/><W74/><G10/><T61/><REACH who="0" step="1"/><D20/><REACH who="0" ten="150,330,322,188" step="2"/><U59/><E109/><V81/><F104/><W22/><G22/><T5/><D5/><U127/><E127/><V79/><F70/><W29/><G71/><T68/><D68/><U38/><E86/><AGARI ba="0,1" hai="9,12,19,51,53,58,60,62,79,81,86,92,98,100" machi="86" ten="30,5800,0" yaku="7,1,8,1,52,1" doraHai="55" who="2" fromWho="1" sc="150,0,330,-58,322,68,188,0" /><INIT seed="2,1,0,5,2,3" ten="150,272,390,188" oya="2" hai0="80,38,32,67,37,82,22,116,49,60,120,76,46" hai1="44,48,47,63,19,88,77,86,0,94,118,4,123" hai2="112,2,6,124,5,34,51,83,1,109,39,62,50" hai3="89,43,56,133,128,31,40,54,13,115,117,113,132"/><V135/><F112/><N who="3" m="43083" /><G117/><T85/><D32/><U95/><E118/><V33/><F39/><W91/><G31/><T72/><D116/><U21/><E123/><V14/><F124/><W17/><G91/><T8/><D120/><U102/><E77/><V27/><F135/><N who="3" m="51787" /><G89/><T7/><D22/><U121/><E121/><V105/><F105/><W69/><G128/><T126/><D126/><U130/><E130/><V25/><F109/><W41/><G69/><T100/><D100/><U103/><E63/><V9/><F83/><W70/><G70/><T79/><D60/><U96/><E103/><V71/><F71/><W73/><G73/><T127/><D67/><U75/><E75/><V30/><F30/><W90/><G90/><T111/><D111/><U93/><E93/><V15/><F62/><N who="3" m="36119" /><G40/><T108/><D108/><U20/><E20/><AGARI ba="1,0" hai="13,17,20,41,43" m="36119,51787,43083" machi="20" ten="30,2000,0" yaku="11,1,20,1" doraHai="3" who="3" fromWho="1" sc="150,0,272,-23,390,0,188,23" /><INIT seed="3,0,0,1,1,88" ten="150,249,390,211" oya="3" hai0="83,58,92,80,78,38,50,46,98,104,84,42,25" hai1="49,19,106,102,14,91,43,87,31,60,95,135,134" hai2="67,107,16,96,24,114,33,27,127,15,126,100,70" hai3="30,53,26,81,68,129,61,7,111,133,115,109,6"/><W23/><G115/><T89/><D104/><U29/><E60/><N who="2" m="40295" /><F114/><W41/><G129/><T99/><D38/><U75/><E75/><V85/><F85/><W39/><G133/><N who="1" m="50698" /><E102/><V103/><F100/><W65/><G53/><T125/><D125/><N who="2" m="47626" /><F33/><W113/><G113/><T45/><D83/><U36/><E36/><V18/><F18/><W69/><G69/><T79/><D79/><U76/><E76/><V131/><F131/><W48/><G39/><T86/><D46/><N who="1" m="25823" /><E106/><V123/><F123/><W56/><G81/><T73/><D73/><U5/><E5/><V34/><F34/><W12/><G12/><T132/><D132/><U59/><E59/><V124/><F124/><W128/><G128/><T62/><REACH who="0" step="1"/><D25/><REACH who="0" ten="140,249,390,211" step="2"/><U0/><E0/><V32/><F32/><W117/><G117/><T66/><AGARI ba="0,1" hai="42,45,50,58,62,66,78,80,84,86,89,92,98,99" machi="66" ten="20,12000,2" yaku="1,1,2,1,0,1,7,1,8,1,52,1,53,0" doraHai="88" doraHaiUra="101" who="0" fromWho="0" sc="140,130,249,-30,390,-30,211,-60" owari="270,7.0,219,-18.1,360,46.0,151,-34.9" /></mjloggm>