<mjloggm ver="2.3"><GO type="225" lobby="0"/><UN n0="%E3%81%BF%E3%81%BF%E3%81%9A" n1="%E9%B3%B3%E6%9D%B1%E3%81%AE%E3%81%86%E3%81%95%E3%81%8E%E3%81%95%E3%82%93" n2="%E3%81%99%E3%81%84%E3%81%BE%E3%81%9B%E3%83%BC%E3%82%93" n3="%E8%BE%9B%E5%8F%A3%E3%82%AB%E3%83%AC%E3%83%BC%E3%83%A9%E3%82%A4%E3%82%B9" dan="17,17,18,17" rate="2299.50,2294.17,2209.36,2259.17" sx="M,M,M,M"/><TAIKYOKU oya="0"/><INIT seed="0,0,0,3,5,119" ten="250,250,250,250" oya="0" hai0="117,40,101,75,118,29,121,63,77,56,95,41,126" hai1="98,90,17,55,68,89,8,67,6,128,44,62,4" hai2="60,105,39,0,64,74,48,25,93,109,24,66,106" hai3="71,102,99,33,112,51,100,20,5,130,7,59,122"/><T123/><D29/><U50/><E128/><V124/><F39/><W87/><G71/><T10/><D10/><U18/><E4/><V110/><F74/><W131/><G33/><T49/><D95/><U12/><REACH who="1" step="1"/><E98/><REACH who="1" ten="250,240,250,250" step="2"/><V47/><F110/><W88/><G131/><T11/><D118/><U28/><E28/><V61/><F109/><W37/><G130/><T103/><D117/><U85/><E85/><V104/><F124/><W116/><G116/><T76/><D126/><U52/><E52/><V73/><F73/><W53/><G112/><T80/><D75/><U82/><E82/><V72/><F72/><W19/><G99/><T81/><D11/><U78/><E78/><V120/><F120/><W58/><G5/><T30/><D30/><U69/><E69/><V45/><F106/><W92/><G7/><T1/><D1/><U15/><E15/><V2/><F105/><W94/><G94/><T135/><D135/><U125/><E125/><V14/><F104/><W38/><G92/><T83/><D121/><U97/><E97/><V91/><F0/><W114/><G122/><T34/><D123/><U129/><E129/><V113/><F2/><W21/><G114/><T133/><D133/><U134/><E134/><V54/><F113/><W70/><G70/><T79/><D34/><U57/><E57/><V108/><F108/><W36/><G59/><T46/><D40/><U3/><E3/><V23/><F93/><N who="3" m="54431" /><G19/><AGARI ba="0,1" hai="6,8,12,17,18,19,44,50,55,62,67,68,89,90" machi="19" ten="40,2600,0" yaku="1,1,53,1" doraHai="119" doraHaiUra="42" who="1" fromWho="3" sc="250,0,240,36,250,0,250,-26" /><INIT seed="1,0,0,4,5,39" ten="250,276,250,224" oya="1" hai0="123,112,4,93,36,16,71,85,135,40,17,76,86" hai1="98,1,9,42,122,57,3,44,50,20,119,115,102" hai2="46,132,134,105,130,94,28,21,124,23,7,6,41" hai3="66,19,95,63,30,79,47,114,106,49,53,35,12"/><U99/><E115/><V87/><F105/><W37/><G114/><T29/><D112/><U107/><E119/><V52/><F124/><W65/><G106/><T88/><D71/><U89/><E122/><V129/><F52/><W55/><G37/><T31/><D123/><U18/><E9/><V82/><F94/><W92/><G79/><T38/><D38/><U118/><E118/><V59/><F59/><N who="3" m="35311" /><G30/><N who="0" m="11275" /><D36/><U14/><E98/><V2/><F2/><W48/><G48/><T74/><D135/><N who="2" m="51754" /><F6/><W8/><G35/><T25/><D74/><U97/><E57/><V108/><F7/><W90/><G95/><T62/><D4/><U80/><REACH who="1" step="1"/><E97/><AGARI ba="0,0" hai="8,12,19,47,49,55,65,66,90,92,97" m="35311" machi="97" ten="30,1000,0" yaku="8,1" doraHai="39" who="3" fromWho="1" sc="250,0,276,-10,250,0,224,10" /><INIT seed="2,0,0,5,3,77" ten="250,266,250,234" oya="2" hai0="60,13,80,103,91,109,126,118,66,120,113,57,111" hai1="112,76,36,17,26,46,59,116,93,72,108,64,105" hai2="14,55,19,22,7,87,74,94,104,27,32,88,125" hai3="47,21,122,129,71,38,28,99,83,70,102,73,31"/><V33/><F125/><W81/><G122/><T45/><D120/><U128/><E105/><V119/><F119/><W132/><G73/><T90/><D113/><U51/><E36/><V20/><F104/><W114/><G114/><T106/><D118/><U25/><E112/><V54/><F74/><W127/><G127/><T6/><D126/><U49/><E116/><V79/><F79/><W96/><G132/><T100/><D45/><U58/><E108/><N who="0" m="41545" /><D106/><U10/><E128/><V9/><REACH who="2" step="1"/><F22/><REACH who="2" ten="250,266,240,234" step="2"/><W82/><G21/><T121/><D121/><U68/><E76/><V86/><F86/><W65/><G99/><T37/><D37/><U41/><E72/><V44/><F44/><W5/><G38/><T110/><D110/><U1/><E46/><V63/><F63/><W18/><G47/><T98/><D98/><U62/><E62/><V42/><F42/><W0/><G96/><T4/><D90/><U67/><E41/><V115/><F115/><W3/><G129/><T53/><D103/><U61/><E61/><V39/><F39/><W107/><G102/><T11/><D100/><U78/><E78/><V84/><F84/><W135/><G107/><T124/><D124/><U43/><E43/><V92/><F92/><W50/><G50/><T12/><D66/><U130/><E67/><V85/><F85/><W75/><G65/><T133/><D133/><U101/><E101/><V134/><F134/><W123/><G135/><T16/><D91/><U35/><E130/><V40/><F40/><W97/><G97/><T30/><D60/><N who="1" m="37911" /><E93/><V56/><F56/><W48/><G123/><RYUUKYOKU ba="0,1" sc="250,-10,266,-10,240,30,234,-10" hai2="7,9,14,19,20,27,32,33,54,55,87,88,94" /><INIT seed="2,1,1,5,2,2" ten="240,256,270,224" oya="2" hai0="34,109,131,41,67,19,129,30,92,75,7,61,63" hai1="17,35,130,132,135,43,29,45,9,115,98,50,117" hai2="120,107,100,20,32,79,105,48,68,125,72,85,88" hai3="77,112,62,59,0,96,78,123,82,90,56,1,97"/><V40/><F32/><W95/><G123/><T51/><D75/><U28/><E115/><V49/><F68/><W76/><G112/><T122/><D122/><U3/><E117/><V127/><F120/><W81/><G59/><T133/><D109/><U99/><E130/><N who="0" m="49673" /><D133/><N who="1" m="51275" /><E35/><V66/><F66/><W24/><G24/><N who="0" m="18759" /><D7/><N who="1" m="1279" /><E17/><V4/><F4/><W5/><G0/><T44/><D67/><U18/><E18/><V38/><F72/><W42/><G42/><T86/><D19/><U89/><E99/><V15/><F40/><W80/><G97/><T55/><D41/><U116/><E116/><V104/><F127/><W93/><G93/><AGARI ba="1,1" hai="28,29,43,45,50,89,93,98" m="1279,51275" machi="93" ten="30,2000,0" yaku="20,1,52,1" doraHai="2" who="1" fromWho="3" sc="240,0,256,33,270,0,224,-23" /><INIT seed="3,0,0,0,0,36" ten="240,289,270,201" oya="3" hai0="107,111,72,45,0,19,18,74,70,8,128,133,52" hai1="117,114,132,110,24,7,34,65,98,88,9,116,131" hai2="60,4,22,49,100,43,61,71,28,26,76,44,112" hai3="13,27,69,54,84,77,94,41,127,126,95,56,89"/><W29/><G69/><T118/><D107/><U129/><E110/><V25/><F112/><W15/><G77/><T91/><D70/><U93/><E132/><V10/><F71/><W63/><G95/><T104/><D104/><U30/><E65/><V125/><F125/><N who="3" m="47627" /><G41/><T21/><D118/><N who="1" m="45675" /><E114/><V23/><F100/><W83/><G83/><T97/><D133/><U38/><E38/><V87/><F87/><W105/><G105/><T106/><D111/><U134/><E134/><V99/><F99/><W31/><G31/><T12/><D106/><U50/><E50/><V40/><F40/><W35/><AGARI ba="0,0" hai="13,15,27,29,35,54,56,63,84,89,94" m="47627" machi="35" ten="30,1500,0" yaku="18,1" doraHai="36" who="3" fromWho="3" sc="240,-5,289,-5,270,-5,201,15" /><INIT seed="3,1,0,2,3,106" ten="235,284,265,216" oya="3" hai0="131,40,22,128,21,42,115,87,1,95,134,74,50" hai1="116,13,8,0,110,20,70,92,3,68,59,121,82" hai2="78,46,71,97,90,18,108,69,109,88,94,10,43" hai3="36,103,23,91,47,54,38,117,89,6,99,28,66"/><W27/><G117/><T76/><D1/><U57/><E121/><V124/><F124/><W65/><G6/><T104/><D104/><U101/><E68/><V132/><F132/><W7/><G7/><T77/><D134/><U73/><E70/><V56/><F56/><W79/><G79/><T123/><D123/><U105/><E105/><V61/><F90/><W24/><G38/><T126/><D126/><U52/><E20/><N who="0" m="7785" /><D115/><U14/><E57/><V37/><F78/><N who="0" m="30314" /><D50/><U135/><E73/><V83/><F83/><W102/><G27/><T34/><D34/><U29/><E82/><V26/><F26/><W84/><G99/><T11/><D11/><U129/><E8/><V85/><F97/><W4/><G4/><T44/><D44/><U35/><E35/><V107/><F107/><W16/><G28/><T133/><D133/><U130/><E29/><V49/><F37/><W41/><G54/><T55/><D55/><U75/><E116/><V72/><F46/><W98/><G98/><T12/><D12/><U60/><E135/><V80/><F80/><W114/><G114/><T33/><D74/><U25/><E75/><V67/><F72/><W15/><G15/><N who="1" m="5642" /><E25/><V30/><F30/><W81/><REACH who="3" step="1"/><G89/><REACH who="3" ten="235,284,265,206" step="2"/><N who="0" m="53695" /><D33/><U58/><E52/><V120/><F120/><W39/><G39/><T111/><D111/><U127/><E110/><V5/><F109/><W63/><G63/><T64/><D64/><AGARI ba="1,1" hai="16,23,24,36,41,47,64,65,66,81,84,91,102,103" machi="64" ten="40,3900,0" yaku="1,1,54,1,53,0" doraHai="106" doraHaiUra="51" who="3" fromWho="0" sc="235,-42,284,0,265,0,206,52" /><INIT seed="3,2,0,0,1,77" ten="193,284,265,258" oya="3" hai0="71,109,125,49,31,79,11,64,70,62,131,100,41" hai1="122,110,48,135,95,6,66,65,98,108,119,29,10" hai2="84,12,114,8,76,93,106,7,82,132,128,44,121" hai3="72,39,97,25,104,115,27,4,99,78,75,14,126"/><W21/><G115/><T26/><D109/><N who="1" m="42091" /><E135/><V134/><F106/><W45/><G126/><T89/><D125/><U58/><E122/><V68/><F68/><W73/><G78/><T133/><D131/><U118/><E29/><V85/><F114/><W32/><G32/><T130/><D130/><U55/><E65/><V112/><F112/><W92/><G104/><T50/><D133/><U52/><E55/><V124/><F124/><W5/><G14/><T63/><D100/><N who="1" m="60511" /><E66/><V91/><F121/><W113/><G113/><T40/><D79/><U56/><E58/><V54/><F128/><W20/><G45/><T53/><D89/><U34/><E34/><V17/><F17/><W61/><G61/><T24/><D64/><U83/><E83/><V57/><F44/><W87/><G87/><T117/><D53/><U28/><E28/><V116/><F116/><W86/><G86/><T13/><D31/><U101/><E101/><V90/><F76/><W36/><G75/><T23/><D117/><U37/><E37/><V47/><F47/><W88/><G92/><T3/><D3/><AGARI ba="2,0" hai="3,6,10,48,52,56,118,119" m="60511,42091" machi="3" ten="30,2000,0" yaku="14,1,54,1" doraHai="77" who="1" fromWho="0" sc="193,-26,284,26,265,0,258,0" owari="167,-33.3,310,41.0,265,6.5,258,-14.2" /></mjloggm>