<mjloggm ver="2.3"><GO type="225" lobby="0"/><UN n0="%E6%A1%9C%E8%8A%B1%E9%96%83%E3%80%85" n1="%E5%80%89%E6%A9%8B%EF%BC%A0%E4%BA%8B%E5%8B%99" n2="%E3%83%A9%E3%83%BC%E3%83%A1%E3%83%B3%E4%BA%94%E9%83%8E" n3="%E3%81%BF%E3%81%BF%E3%81%9A" dan="18,16,16,17" rate="2266.18,2107.71,2067.22,2169.58" sx="M,M,M,M"/><TAIKYOKU oya="0"/><INIT seed="0,0,0,3,5,84" ten="250,250,250,250" oya="0" hai0="68,36,61,63,25,29,71,47,3,44,69,23,74" hai1="18,115,98,128,24,8,60,16,79,83,122,38,26" hai2="121,30,10,73,99,134,132,70,129,21,6,95,32" hai3="58,41,113,50,103,91,65,111,116,42,102,22,43"/><T109/><D74/><U100/><E122/><V76/><F121/><W92/><G113/><T120/><D120/><U125/><E38/><V110/><F70/><W97/><G116/><T46/><D36/><U62/><E115/><V119/><F119/><W104/><G111/><T131/><D3/><U75/><E128/><V54/><F129/><W52/><G104/><T66/><D131/><U56/><E125/><V88/><F110/><W59/><G22/><T35/><D109/><U124/><E124/><V7/><F32/><W127/><G127/><T90/><D35/><U4/><E26/><N who="2" m="16719" /><F54/><W17/><G17/><T45/><N who="0" m="11264" /><DORA hai="57" /><T101/><D101/><U72/><E72/><V11/><F76/><W15/><G15/><T105/><D105/><U19/><E24/><V82/><F82/><W114/><G114/><T12/><D12/><U64/><E62/><AGARI ba="0,0" hai="41,42,43,50,52,58,59,62,65,91,92,97,102,103" machi="62" ten="40,8000,1" yaku="8,1,52,2,54,1" doraHai="84,57" who="3" fromWho="1" sc="250,0,250,-80,250,0,250,80" /><INIT seed="1,0,0,0,1,29" ten="250,170,250,330" oya="1" hai0="60,17,11,79,119,92,54,0,24,96,75,48,91" hai1="115,133,121,26,104,36,27,98,58,97,5,100,43" hai2="15,116,73,120,70,128,25,9,101,68,117,94,71" hai3="49,95,135,32,93,87,124,19,65,16,72,74,62"/><U77/><E115/><V12/><F120/><W34/><G49/><T44/><D119/><U127/><E121/><V132/><F73/><W125/><G135/><T82/><D0/><U85/><E133/><V59/><F132/><W35/><G87/><T33/><D60/><U89/><E127/><N who="3" m="48714" /><G95/><T20/><REACH who="0" step="1"/><D11/><REACH who="0" ten="240,170,250,330" step="2"/><U130/><E130/><V118/><F128/><W1/><G1/><T126/><D126/><U46/><E5/><V123/><F9/><W78/><G93/><T57/><D57/><U110/><E110/><V42/><F59/><N who="3" m="37087" /><G72/><T112/><D112/><U111/><E111/><V13/><F116/><W23/><G23/><T6/><D6/><U3/><E3/><V88/><F117/><W22/><G22/><T67/><D67/><U10/><E10/><V103/><F118/><W63/><G63/><T129/><D129/><U80/><E58/><V69/><F68/><W40/><G40/><T105/><D105/><U56/><E56/><V30/><F42/><W52/><G52/><T47/><D47/><U81/><REACH who="1" step="1"/><E98/><REACH who="1" ten="240,160,250,330" step="2"/><V64/><F64/><W28/><G35/><AGARI ba="0,2" hai="17,20,24,33,35,44,48,54,75,79,82,91,92,96" machi="35" ten="40,5200,0" yaku="1,1,52,2,53,0" doraHai="29" doraHaiUra="39" who="0" fromWho="3" sc="240,72,160,0,250,0,330,-52" /><INIT seed="2,0,0,4,5,59" ten="312,160,250,278" oya="2" hai0="121,119,60,89,20,80,132,58,127,14,122,120,106" hai1="128,125,10,118,46,42,101,83,52,130,92,72,75" hai2="134,30,26,5,50,94,115,55,86,54,99,93,12" hai3="16,117,9,111,73,11,47,24,37,49,104,19,53"/><V51/><F134/><W84/><G117/><T4/><D132/><U29/><E118/><V109/><F115/><W108/><G73/><T35/><D119/><U65/><E65/><V74/><F74/><W23/><G104/><T3/><D35/><U22/><E125/><V13/><F109/><N who="3" m="42059" /><G84/><T81/><D127/><U88/><E10/><N who="3" m="3594" /><G37/><T36/><D36/><U33/><E33/><V63/><F5/><W112/><G112/><T40/><D106/><U27/><E101/><V90/><F50/><W2/><G2/><T135/><D135/><U62/><E42/><V43/><F43/><W131/><G131/><N who="1" m="50218" /><E83/><V31/><F86/><W7/><G7/><T8/><D40/><U133/><E133/><V116/><F116/><W56/><G47/><T96/><D3/><U82/><E82/><V113/><F94/><W0/><G0/><T102/><D81/><U68/><E46/><N who="2" m="28023" /><F113/><W103/><G103/><T39/><D80/><U21/><E21/><N who="2" m="15695" /><F31/><AGARI ba="0,0" hai="16,19,23,24,31,49,53,56" m="3594,42059" machi="31" ten="30,2000,0" yaku="14,1,54,1" doraHai="59" who="3" fromWho="2" sc="312,0,160,0,250,-20,278,20" /><INIT seed="3,0,0,1,1,90" ten="312,160,230,298" oya="3" hai0="76,102,66,108,7,39,133,50,27,63,110,17,40" hai1="112,60,105,95,0,125,56,21,69,70,107,127,109" hai2="15,123,16,98,124,48,62,55,42,75,73,36,45" hai3="115,93,132,47,57,52,9,113,59,20,86,34,101"/><W79/><G34/><T3/><D39/><U33/><E33/><V126/><F123/><W14/><G132/><T89/><D102/><U119/><E112/><V131/><F131/><W77/><G115/><T54/><D76/><N who="3" m="29257" /><G113/><T65/><D40/><U128/><E119/><V30/><F30/><W122/><G122/><T130/><D133/><U116/><E116/><V6/><F6/><W111/><G111/><N who="0" m="42539" /><D130/><U10/><E109/><V135/><F135/><W26/><G47/><N who="0" m="27999" /><D89/><U92/><E128/><V41/><F62/><W53/><G59/><T91/><D91/><U78/><E78/><V11/><F98/><N who="3" m="59599" /><G57/><T8/><D63/><U22/><E56/><N who="2" m="32871" /><F42/><W2/><G86/><T82/><D82/><U37/><E60/><V114/><F114/><W118/><G2/><T96/><D96/><U97/><E97/><V61/><F61/><W68/><G68/><T32/><D32/><U24/><E0/><V87/><F87/><W134/><G118/><T72/><D72/><U4/><E37/><V35/><F35/><W1/><G1/><T67/><D67/><U29/><E4/><V106/><F106/><W64/><G64/><T74/><D74/><U31/><REACH who="1" step="1"/><E10/><REACH who="1" ten="312,150,230,298" step="2"/><V49/><F36/><W100/><G134/><T84/><D84/><U94/><E94/><V103/><F73/><W99/><G99/><T80/><D80/><U12/><E12/><V44/><F75/><W46/><G100/><T129/><D129/><U19/><E19/><V51/><F103/><W120/><G120/><T88/><D88/><U18/><E18/><V5/><F16/><N who="3" m="8271" /><G46/><T43/><D3/><RYUUKYOKU ba="0,1" sc="312,-30,150,10,230,10,298,10" hai1="21,22,24,29,31,69,70,92,95,105,107,125,127" hai2="5,11,15,41,44,45,49,51,124,126" hai3="20,26,52,53" owari="282,8.2,160,-34.0,240,-16.0,318,41.8" /></mjloggm>