<mjloggm ver="2.3"><GO type="225" lobby="0"/><UN n0="%4D%50%43%32%38%30%30" n1="%72%61%6B%33" n2="%48%61%61%61%6C%61%6E%64" n3="%E3%81%A1%E3%82%85%E3%81%86%E3%81%A9%E3%81%8F%E8%B1%A1%E3%81%95%E3%82%93" dan="16,16,17,16" rate="2187.73,2170.36,2270.23,2151.53" sx="M,M,M,M"/><TAIKYOKU oya="0"/><INIT seed="0,0,0,3,0,15" ten="250,250,250,250" oya="0" hai0="48,96,100,57,121,72,9,8,71,112,47,58,6" hai1="99,134,102,60,27,11,127,94,4,130,126,30,23" hai2="56,101,132,62,29,118,117,69,50,104,76,40,111" hai3="92,74,108,73,115,135,103,122,84,64,63,119,24"/><T26/><D71/><U131/><E60/><V44/><F76/><W109/><G115/><T133/><D72/><U32/><E94/><V107/><F111/><N who="3" m="42571" /><G119/><N who="2" m="45577" /><F132/><W38/><G38/><T81/><D112/><U41/><E41/><V91/><F69/><N who="3" m="42143" /><G135/><T110/><D121/><U5/><E134/><V45/><F101/><W88/><G122/><T80/><D110/><U93/><E32/><V105/><F29/><W10/><G24/><T18/><D6/><U85/><E85/><V128/><F128/><N who="1" m="49193" /><E4/><V54/><F91/><W66/><G66/><T90/><D90/><U129/><N who="1" m="49201" /><U1/><AGARI ba="0,0" hai="1,5,11,23,27,30,93,99,102,126,127" m="49201" machi="1" ten="40,2700,0" yaku="4,1,19,1" doraHai="15" who="1" fromWho="1" sc="250,-13,250,27,250,-7,250,-7" /><INIT seed="1,0,0,3,4,8" ten="237,277,243,243" oya="1" hai0="34,3,26,5,50,11,119,33,68,19,77,96,111" hai1="7,28,87,73,133,97,80,12,31,38,76,48,15" hai2="118,66,27,108,121,128,62,83,55,44,52,2,57" hai3="125,107,84,75,32,65,71,103,23,105,43,29,41"/><U9/><E38/><V123/><F2/><W74/><G84/><T127/><D68/><U56/><E133/><V4/><F4/><W13/><G125/><T51/><D119/><U78/><E97/><V70/><F118/><W135/><G135/><T53/><D127/><U94/><E94/><V115/><F27/><W91/><G91/><T85/><D111/><U14/><E73/><V67/><F83/><W112/><G112/><T116/><D116/><U86/><E78/><V124/><F124/><W101/><G32/><T99/><D34/><U21/><E86/><V0/><F0/><W46/><G65/><N who="2" m="24585" /><F70/><W6/><G71/><T10/><D51/><U69/><E69/><V98/><F98/><W35/><G35/><T72/><D72/><U54/><REACH who="1" step="1"/><E21/><REACH who="1" ten="237,267,243,243" step="2"/><V132/><F132/><W102/><G74/><T18/><D77/><U45/><E45/><V79/><F79/><W1/><G75/><T88/><D99/><U59/><E59/><V36/><F36/><W126/><G46/><T131/><D96/><U40/><E40/><V49/><F44/><W120/><G126/><T114/><D114/><U100/><E100/><V117/><F117/><W47/><G102/><T81/><D131/><U60/><E60/><V113/><F128/><W39/><G47/><T20/><D33/><U63/><E63/><V109/><F62/><W22/><G39/><T42/><D42/><U30/><AGARI ba="0,1" hai="7,9,12,14,15,28,30,31,48,54,56,76,80,87" machi="30" ten="30,18000,2" yaku="1,1,0,1,8,1,52,3,53,0" doraHai="8" doraHaiUra="90" who="1" fromWho="1" sc="237,-60,267,190,243,-60,243,-60" /><INIT seed="1,1,0,0,5,26" ten="177,457,183,183" oya="1" hai0="60,104,8,91,52,121,103,79,44,10,126,116,134" hai1="133,129,113,114,80,102,3,107,71,37,127,11,51" hai2="0,120,12,40,119,63,100,96,65,125,58,15,83" hai3="49,22,88,16,32,69,56,130,82,77,92,48,1"/><U75/><RYUUKYOKU type="yao9" ba="1,0" sc="177,0,457,0,183,0,183,0" hai1="3,11,37,51,71,75,80,102,107,113,114,127,129,133" /><INIT seed="1,2,0,3,4,21" ten="177,457,183,183" oya="1" hai0="26,41,20,5,105,33,78,121,2,32,17,102,64" hai1="34,134,125,85,63,88,15,90,122,30,123,23,129" hai2="66,61,56,1,51,31,120,39,116,89,42,101,93" hai3="24,117,114,132,127,22,11,107,43,84,55,103,118"/><U109/><E125/><V98/><F116/><N who="3" m="44651" /><G114/><T87/><D121/><U110/><E34/><V54/><F120/><W44/><G127/><T130/><D130/><U18/><E129/><V16/><F1/><W29/><G11/><T36/><D64/><U62/><E30/><V70/><F31/><W104/><G132/><T94/><D105/><U111/><E134/><V112/><F112/><W38/><G103/><T37/><D36/><U69/><E90/><V135/><F135/><W131/><G131/><T7/><D41/><U46/><E46/><N who="2" m="23903" /><F16/><N who="3" m="12359" /><G55/><T68/><D68/><U57/><E69/><V67/><F67/><W60/><G60/><N who="1" m="23082" /><E57/><V4/><F4/><W28/><G84/><T99/><D37/><U9/><E9/><V8/><F8/><W86/><G86/><T128/><D128/><U14/><E14/><V80/><F101/><W76/><G76/><T40/><D40/><U58/><E58/><V73/><F73/><W50/><G38/><T83/><REACH who="0" step="1"/><D2/><REACH who="0" ten="167,457,183,183" step="2"/><U45/><E123/><V72/><F70/><W81/><G104/><T106/><D106/><U115/><E122/><V124/><F124/><W96/><G107/><T19/><D19/><U48/><E115/><V65/><F65/><W12/><G43/><T74/><D74/><U49/><E45/><N who="2" m="28015" /><F72/><W95/><G44/><T52/><D52/><U82/><AGARI ba="2,1" hai="15,18,23,48,49,82,85,88,109,110,111" m="23082" machi="82" ten="40,7800,0" yaku="14,1,10,1,54,1" doraHai="21" who="1" fromWho="1" sc="167,-28,457,94,183,-28,183,-28" /><INIT seed="1,3,0,2,2,102" ten="139,551,155,155" oya="1" hai0="33,36,70,107,95,75,15,108,12,72,0,91,106" hai1="128,20,28,125,19,77,11,79,62,83,66,92,38" hai2="7,27,5,97,120,131,31,41,6,104,49,47,1" hai3="81,57,101,2,133,126,115,85,39,119,105,40,114"/><U8/><E38/><V29/><F120/><W122/><G2/><T42/><D33/><U67/><E125/><V55/><F131/><W112/><G57/><T48/><D70/><U37/><E37/><V127/><F127/><W24/><G24/><T17/><D0/><U64/><E62/><V30/><F1/><W50/><G50/><T23/><D36/><U135/><E135/><V129/><F129/><W51/><G51/><T100/><D108/><U10/><E128/><V117/><F117/><W109/><G40/><T4/><D100/><U90/><E83/><V46/><F97/><N who="3" m="61615" /><G39/><T134/><D134/><U82/><E82/><V118/><F118/><W113/><G119/><T93/><D95/><U35/><E28/><V18/><F104/><W68/><G68/><T14/><D75/><U86/><REACH who="1" step="1"/><E35/><REACH who="1" ten="139,541,155,155" step="2"/><V53/><F30/><W80/><G133/><T32/><D32/><U9/><N who="1" m="2048" /><DORA hai="103" /><U43/><E43/><V16/><F31/><W111/><G126/><T52/><D42/><U110/><E110/><N who="3" m="41994" /><G115/><T22/><D4/><U54/><E54/><V88/><F55/><W84/><G122/><T130/><D130/><U34/><E34/><V60/><F60/><W76/><G113/><T74/><D23/><U121/><E121/><V21/><F53/><W65/><G65/><T89/><D22/><U71/><E71/><V69/><F69/><W98/><G114/><T73/><D17/><U96/><E96/><V3/><F3/><W58/><G112/><T61/><D61/><U99/><E99/><V56/><F41/><W116/><G98/><T59/><D93/><RYUUKYOKU ba="3,1" sc="139,15,541,15,155,-15,155,-15" hai0="12,14,15,48,52,59,72,73,74,89,91,106,107" hai1="19,20,64,66,67,77,79,86,90,92" /><INIT seed="1,4,1,0,2,135" ten="154,556,140,140" oya="1" hai0="53,120,85,8,90,45,127,34,28,59,91,81,16" hai1="129,92,70,72,51,50,47,102,22,116,5,42,124" hai2="105,27,114,21,75,99,36,65,128,100,109,14,57" hai3="71,87,74,95,115,126,30,43,19,7,79,66,38"/><U82/><E124/><V119/><F119/><W123/><G115/><T132/><D132/><U58/><E70/><V134/><F134/><W67/><G123/><T6/><D120/><U108/><E116/><V122/><F122/><W29/><G7/><T2/><D45/><U4/><E129/><V56/><F128/><W32/><G74/><T133/><D133/><U49/><E108/><V125/><F109/><W33/><G19/><T103/><D103/><U0/><E22/><V69/><F36/><W31/><G43/><T24/><D16/><U26/><E26/><V13/><F114/><W15/><G38/><T11/><D11/><U96/><E58/><V3/><F3/><W111/><G15/><T54/><D54/><U89/><E72/><V60/><F75/><W52/><G111/><T83/><D83/><U39/><REACH who="1" step="1"/><E0/><REACH who="1" ten="154,546,140,140" step="2"/><V80/><F125/><W40/><G71/><T112/><D112/><U84/><AGARI ba="4,2" hai="4,5,39,42,47,49,50,51,82,84,89,92,96,102" machi="84" ten="30,6000,0" yaku="1,1,2,1,0,1,53,0" doraHai="135" doraHaiUra="61" who="1" fromWho="1" sc="154,-24,546,92,140,-24,140,-24" /><INIT seed="1,5,0,0,4,31" ten="130,638,116,116" oya="1" hai0="66,116,15,19,133,77,13,38,93,26,130,52,61" hai1="37,45,28,43,48,132,41,123,63,8,33,60,11" hai2="122,2,39,50,125,87,59,23,85,126,107,90,89" hai3="98,53,54,115,111,44,102,10,0,104,94,113,67"/><U120/><E132/><V106/><F39/><W100/><G111/><T117/><D38/><U86/><E37/><V80/><F2/><W3/><G67/><T34/><D133/><U70/><E86/><V40/><F23/><W69/><G69/><T72/><D130/><U124/><E124/><N who="2" m="47723" /><F122/><W84/><G84/><T18/><D52/><U76/><E76/><V1/><F1/><W22/><G22/><T109/><D109/><U4/><E70/><V21/><F21/><W101/><G101/><T127/><D93/><U32/><E28/><V81/><F59/><W46/><G94/><T135/><D135/><U103/><E103/><V99/><F99/><W35/><G10/><T5/><D5/><U114/><E45/><AGARI ba="5,0" hai="40,45,50,80,81,85,87,89,90,106,107" m="47723" machi="45" ten="30,1000,0" yaku="18,1" doraHai="31" who="2" fromWho="1" sc="130,0,638,-25,116,25,116,0" /><INIT seed="2,0,0,2,5,110" ten="130,613,141,116" oya="2" hai0="31,56,133,77,85,116,36,115,66,124,100,74,46" hai1="5,23,26,9,64,50,61,130,11,102,30,95,43" hai2="93,34,98,25,62,51,92,103,54,99,10,96,135" hai3="105,71,13,18,94,129,109,114,21,22,1,107,118"/><V65/><F135/><W111/><G118/><T39/><D115/><U42/><E130/><V72/><F72/><W134/><G1/><T45/><D133/><U15/><E50/><V68/><F10/><W63/><G134/><T132/><D132/><U6/><E95/><V59/><REACH who="2" step="1"/><F103/><REACH who="2" ten="130,613,131,116" step="2"/><W84/><G129/><T40/><D100/><U48/><E102/><V27/><F27/><W0/><G109/><T41/><D74/><U4/><E48/><V126/><F126/><W2/><G111/><T131/><D124/><U104/><E104/><V112/><F112/><W37/><G114/><T19/><D131/><U120/><E120/><V35/><F35/><W123/><G107/><T53/><D116/><U83/><E83/><V57/><F57/><W108/><G105/><T33/><D33/><U90/><E90/><V89/><F89/><W80/><G108/><T119/><D119/><U76/><E76/><V81/><F81/><W58/><G123/><T79/><D79/><U113/><E113/><V122/><F122/><W91/><G71/><T55/><D77/><U8/><REACH who="1" step="1"/><E15/><REACH who="1" ten="130,603,131,116" step="2"/><V69/><F69/><AGARI ba="0,2" hai="4,5,6,8,9,11,23,26,30,42,43,61,64,69" machi="69" ten="40,2600,0" yaku="1,1,2,1,53,0" doraHai="110" doraHaiUra="117" who="1" fromWho="2" sc="130,0,603,46,131,-26,116,0" /><INIT seed="3,0,0,5,5,120" ten="130,649,105,116" oya="3" hai0="96,93,72,132,118,85,8,123,53,4,54,128,51" hai1="102,11,107,71,92,125,59,112,12,131,44,39,110" hai2="29,97,38,58,98,70,80,61,68,36,126,95,56" hai3="105,129,122,48,69,60,33,82,57,14,0,13,28"/><W16/><G122/><T50/><D72/><U43/><E110/><V7/><F126/><W24/><G105/><T90/><D123/><U106/><E71/><V17/><F7/><W133/><G0/><T116/><D132/><U21/><E112/><V77/><F29/><W42/><G133/><T31/><D128/><U104/><E131/><V86/><F68/><W113/><G113/><T119/><D31/><U109/><E109/><V130/><F130/><W2/><G2/><T83/><D51/><U91/><E125/><V40/><F98/><W81/><G129/><T115/><D115/><U9/><E59/><V6/><F6/><W73/><G69/><T55/><D50/><U19/><REACH who="1" step="1"/><E102/><REACH who="1" ten="130,639,105,116" step="2"/><V32/><F70/><W15/><G57/><T67/><D119/><U117/><E117/><V101/><F56/><W49/><G73/><T89/><D118/><U65/><E65/><V22/><F32/><W45/><G60/><T27/><D67/><U127/><E127/><V37/><F58/><W79/><G33/><T62/><D116/><U52/><E52/><V66/><F61/><W20/><G45/><T3/><D62/><U5/><E5/><V26/><REACH who="2" step="1"/><F66/><REACH who="2" ten="130,639,95,116" step="2"/><W18/><G48/><T30/><D4/><U100/><E100/><V134/><F134/><W46/><G49/><T111/><D3/><U108/><E108/><V124/><F124/><W121/><G121/><T74/><D111/><U1/><E1/><V10/><F10/><W35/><G35/><N who="0" m="20959" /><D8/><U103/><E103/><V25/><F25/><W64/><G64/><T78/><D55/><U63/><E63/><RYUUKYOKU ba="0,2" sc="130,10,639,10,95,10,116,-30" hai0="53,54,74,78,83,85,89,90,93,96" hai1="9,11,12,19,21,39,43,44,91,92,104,106,107" hai2="17,22,26,36,37,38,40,77,80,86,95,97,101" owari="140,-6.0,669,76.9,105,-29.5,86,-41.4" /></mjloggm>