<mjloggm ver="2.3"><GO type="225" lobby="0"/><UN n0="%E3%81%95%E3%81%8D%E3%81%9F%E3%81%BE%E6%9E%97%E6%AA%8E" n1="%E5%80%89%E6%A9%8B%EF%BC%A0%E4%BA%8B%E5%8B%99" n2="%73%7A%2E%64%31" n3="%6D%75%75%6D%75%72%61" dan="16,16,16,17" rate="2113.12,2120.74,2090.89,2182.88" sx="M,M,M,F"/><TAIKYOKU oya="0"/><INIT seed="0,0,0,2,2,95" ten="250,250,250,250" oya="0" hai0="57,2,93,75,64,53,83,36,127,85,51,112,79" hai1="35,60,87,131,113,65,58,91,39,40,86,44,116" hai2="129,119,50,126,32,66,18,25,38,81,47,15,98" hai3="111,55,74,20,68,5,96,70,28,110,11,115,88"/><T54/><D112/><U72/><E72/><V104/><F119/><W48/><G74/><T52/><D127/><U6/><E116/><V31/><F126/><W26/><G115/><T103/><D36/><U114/><E35/><V59/><F129/><W30/><G30/><T41/><D2/><U29/><E131/><V49/><F38/><W22/><G22/><T63/><D41/><U45/><E29/><V122/><F122/><W8/><G55/><T82/><D82/><U13/><E45/><V4/><F4/><W130/><G48/><T101/><D75/><U107/><E107/><V1/><F1/><W125/><G130/><T135/><D135/><U108/><E108/><N who="3" m="41514" /><G125/><T23/><D23/><U0/><E0/><V43/><F81/><W67/><G67/><T99/><REACH who="0" step="1"/><D101/><REACH who="0" ten="240,250,250,250" step="2"/><U19/><E113/><V121/><F43/><W73/><G73/><T37/><D37/><U90/><E114/><V78/><F121/><W84/><G11/><T56/><AGARI ba="0,1" hai="51,52,53,54,56,57,63,64,79,83,85,93,99,103" machi="56" ten="20,18000,2" yaku="1,1,0,1,7,1,8,1,52,1,54,1,53,0" doraHai="95" doraHaiUra="16" who="0" fromWho="0" sc="240,190,250,-60,250,-60,250,-60" /><INIT seed="0,1,0,5,5,33" ten="430,190,190,190" oya="0" hai0="58,78,69,88,122,114,130,126,132,120,105,27,91" hai1="82,70,45,39,98,104,109,62,94,85,84,19,50" hai2="51,124,76,31,80,79,54,60,13,28,123,73,59" hai3="61,5,21,112,134,47,22,17,26,46,121,3,117"/><T42/><D114/><U20/><E39/><V36/><F124/><W6/><G112/><T9/><D69/><U83/><E104/><V74/><F123/><W29/><G117/><T128/><D105/><U86/><E109/><V89/><F36/><W8/><G121/><T4/><D78/><U93/><E62/><V127/><F127/><W101/><G134/><T75/><D75/><U25/><E70/><V99/><F13/><W63/><G101/><T133/><D126/><U56/><E56/><V119/><F119/><W41/><G6/><T103/><D103/><U116/><E116/><V24/><F24/><W106/><G106/><T81/><D42/><U125/><E125/><V53/><F99/><W65/><G65/><T30/><D58/><U23/><E23/><V68/><F89/><N who="0" m="34378" /><D81/><U18/><E18/><V40/><F40/><W77/><G77/><T16/><D16/><U49/><E49/><V100/><F100/><W43/><G43/><T38/><D38/><U11/><E11/><V14/><F68/><W66/><G66/><T37/><D37/><U48/><E48/><V15/><F15/><W71/><G71/><T32/><D122/><U87/><N who="1" m="21504" /><DORA hai="12" /><U55/><REACH who="1" step="1"/><E98/><REACH who="1" ten="430,180,190,190" step="2"/><V96/><F96/><W35/><G35/><T0/><D120/><U90/><E90/><V10/><F51/><N who="3" m="27087" /><G47/><T115/><D115/><U129/><E129/><AGARI ba="1,1" hai="0,4,9,27,30,32,128,129,130,132,133" m="34378" machi="129" ten="30,5800,0" yaku="19,1,52,1,54,1" doraHai="33,12" who="0" fromWho="1" sc="430,71,180,-61,190,0,190,0" /><INIT seed="0,2,0,1,3,93" ten="501,119,190,190" oya="0" hai0="124,54,53,98,11,14,69,60,129,28,68,66,112" hai1="34,88,117,76,108,81,8,97,20,131,134,4,13" hai2="125,23,36,48,44,122,17,33,21,56,73,57,86" hai3="109,37,75,31,103,94,120,110,130,70,135,121,77"/><T6/><D112/><U58/><E34/><V27/><F122/><N who="3" m="47211" /><G70/><T59/><D124/><U128/><E117/><V83/><F73/><W106/><G37/><T7/><D129/><N who="1" m="49739" /><E108/><N who="3" m="41578" /><G130/><T51/><D28/><U3/><E58/><V127/><F36/><W84/><G31/><T119/><D119/><U101/><E134/><V78/><F33/><W40/><G40/><T5/><D69/><U102/><E20/><V123/><F123/><W2/><G2/><T96/><REACH who="0" step="1"/><D54/><REACH who="0" ten="491,119,190,190" step="2"/><U71/><E71/><V16/><F125/><W114/><G114/><T61/><D61/><U105/><E3/><V111/><F127/><W38/><G135/><T113/><D113/><U43/><E43/><V46/><F111/><W118/><G118/><T91/><D91/><U100/><E88/><V32/><F32/><W79/><G79/><T115/><D115/><U85/><AGARI ba="2,1" hai="4,8,13,76,81,85,97,100,101,102,105" m="49739" machi="85" ten="30,2000,0" yaku="19,1,52,1" doraHai="93" who="1" fromWho="1" sc="491,-12,119,36,190,-7,190,-7" /><INIT seed="1,0,0,1,2,93" ten="479,155,183,183" oya="1" hai0="47,16,132,131,129,67,103,91,20,0,73,55,60" hai1="83,59,21,126,42,105,77,115,46,109,116,49,12" hai2="25,78,65,70,31,79,82,53,44,18,45,101,11" hai3="30,69,124,113,14,33,2,68,27,128,95,86,41"/><U71/><E115/><V5/><F70/><W50/><G2/><T17/><D73/><U135/><E116/><V112/><F65/><W37/><G113/><T24/><D0/><U19/><E71/><V39/><F112/><W23/><G37/><T84/><D132/><U28/><E135/><V9/><F18/><W92/><G124/><T48/><D103/><U43/><E126/><V106/><F53/><W117/><G128/><N who="0" m="49227" /><D17/><U76/><E105/><V52/><F52/><W96/><G117/><T7/><D7/><U15/><E109/><V102/><F39/><W38/><G38/><T34/><D34/><U54/><E28/><V58/><F58/><W72/><G72/><T107/><D107/><U108/><E108/><V104/><F5/><W40/><G33/><T56/><D84/><U81/><E12/><V114/><F114/><W122/><G122/><T63/><D63/><U97/><E97/><V61/><F61/><W26/><G26/><T111/><D91/><U125/><E125/><V66/><F66/><W4/><G86/><T89/><D89/><U74/><REACH who="1" step="1"/><E46/><REACH who="1" ten="479,145,183,183" step="2"/><V1/><F31/><W85/><G96/><T130/><D130/><U57/><E57/><V8/><F1/><W10/><G68/><T13/><D13/><U133/><E133/><V87/><F106/><W127/><G69/><T119/><D119/><U88/><E88/><N who="2" m="51319" /><F104/><W22/><G127/><T94/><D111/><U134/><E134/><V99/><F25/><W36/><G27/><T75/><D24/><U29/><E29/><V32/><F32/><W118/><G118/><T64/><D56/><RYUUKYOKU ba="0,1" sc="479,-10,145,30,183,-10,183,-10" hai1="15,19,21,42,43,49,54,59,74,76,77,81,83" /><INIT seed="1,1,1,3,0,93" ten="469,175,173,173" oya="1" hai0="24,38,19,135,84,99,30,75,101,94,56,64,103" hai1="66,23,59,108,88,79,131,97,8,35,65,119,51" hai2="36,54,113,58,90,122,47,86,52,72,118,109,63" hai3="22,70,81,34,80,27,71,37,77,111,42,116,98"/><U33/><E119/><V121/><F118/><W26/><G116/><T49/><D75/><U110/><E79/><V128/><F128/><W62/><G111/><N who="1" m="42538" /><E131/><V2/><F109/><W48/><G37/><T100/><D135/><U11/><E23/><V127/><F2/><W1/><G1/><T39/><D19/><U134/><E134/><V68/><F72/><W31/><G62/><N who="0" m="37959" /><D49/><U17/><E51/><V114/><F127/><W126/><G126/><T40/><D84/><U29/><E17/><V85/><F85/><W45/><G98/><N who="0" m="59479" /><D40/><U57/><E29/><V82/><F68/><W104/><G104/><N who="0" m="63551" /><D103/><U123/><E59/><V124/><F124/><W96/><G96/><T7/><D7/><U46/><E46/><V0/><F0/><W9/><G9/><N who="1" m="3658" /><E57/><V50/><REACH who="2" step="1"/><F36/><REACH who="2" ten="469,175,163,173" step="2"/><W69/><REACH who="3" step="1"/><G77/><REACH who="3" ten="469,175,163,163" step="2"/><T76/><D76/><U61/><E123/><AGARI ba="1,3" hai="47,50,52,54,58,63,82,86,90,113,114,121,122,123" machi="123" ten="40,5200,0" yaku="1,1,2,1,54,1,53,0" doraHai="93" doraHaiUra="32" who="2" fromWho="1" sc="469,0,175,-55,163,85,163,0" /><INIT seed="2,0,0,4,5,2" ten="469,120,248,163" oya="2" hai0="99,112,71,94,134,128,124,90,83,6,56,22,104" hai1="93,39,17,74,69,57,35,49,0,81,91,23,109" hai2="96,7,111,62,86,15,97,13,100,129,115,67,42" hai3="20,58,95,29,135,120,122,12,103,84,72,66,119"/><V51/><F115/><W27/><G72/><T25/><D112/><U126/><E69/><V53/><F129/><W59/><G119/><T106/><D71/><U38/><E35/><V37/><F111/><W68/><G135/><T47/><D124/><U31/><E0/><V117/><F117/><W102/><G68/><T3/><D134/><U26/><E109/><V98/><F100/><W101/><G12/><T19/><D128/><U36/><E126/><V79/><F37/><W45/><G45/><T28/><D28/><U80/><E74/><V127/><F127/><W14/><G14/><T87/><D47/><U123/><E123/><V60/><F67/><W4/><G4/><T89/><D6/><U33/><E49/><V88/><F79/><W64/><G120/><T8/><D8/><U92/><E57/><N who="3" m="21514" /><G122/><T105/><D3/><U65/><E65/><N who="3" m="25194" /><G84/><T78/><D56/><U85/><REACH who="1" step="1"/><E81/><REACH who="1" ten="469,110,248,163" step="2"/><N who="2" m="49231" /><F60/><W125/><G125/><T132/><D132/><U21/><E21/><V116/><F62/><W30/><G30/><T9/><D9/><U55/><E55/><V70/><F70/><W110/><G110/><T46/><D46/><U118/><E118/><V63/><F116/><W76/><G76/><T16/><D78/><U32/><E32/><V43/><F63/><W114/><G114/><T11/><D11/><U44/><E44/><N who="2" m="27879" /><F7/><W113/><G113/><T41/><D41/><AGARI ba="0,1" hai="13,15,41,42,43,96,97,98" m="27879,49231" machi="41" ten="30,2900,0" yaku="8,1,54,1" doraHai="2" who="2" fromWho="0" sc="469,-29,110,0,248,39,163,0" /><INIT seed="2,1,0,1,0,97" ten="440,110,287,163" oya="2" hai0="107,126,9,27,90,65,15,81,60,112,55,20,47" hai1="48,108,0,64,89,110,125,85,63,95,59,17,33" hai2="91,45,53,40,42,94,66,28,22,2,87,29,49" hai3="67,118,44,105,113,50,14,56,129,99,115,74,54"/><V68/><F2/><W51/><G118/><T52/><D126/><U35/><E0/><V128/><F128/><W124/><G129/><T41/><D107/><U69/><E125/><V120/><F120/><W93/><G124/><T102/><D112/><N who="3" m="43081" /><G74/><T104/><D104/><U58/><E17/><V31/><F68/><W96/><G67/><T23/><D102/><U114/><E114/><V61/><F66/><W6/><G105/><T82/><D41/><U30/><E30/><V80/><F61/><N who="3" m="35991" /><G44/><T122/><D122/><U76/><E76/><V100/><REACH who="2" step="1"/><F22/><REACH who="2" ten="440,110,277,163" step="2"/><W11/><G99/><AGARI ba="1,1" hai="28,29,31,40,42,45,49,53,80,87,91,94,99,100" machi="99" ten="40,12000,1" yaku="1,1,2,1,8,1,52,1,53,0" doraHai="97" doraHaiUra="109" who="2" fromWho="3" sc="440,0,110,0,277,133,163,-123" /><INIT seed="2,2,0,1,5,44" ten="440,110,410,40" oya="2" hai0="101,110,43,64,14,62,53,70,57,21,109,107,69" hai1="34,119,47,103,11,122,112,61,88,91,56,49,89" hai2="77,41,99,127,67,60,114,96,104,23,8,83,121" hai3="120,10,0,58,75,33,51,94,40,35,54,86,29"/><V9/><F121/><W68/><G120/><T124/><D107/><U4/><E34/><V93/><F127/><W85/><G75/><T97/><D124/><U130/><E122/><V22/><F114/><W5/><G68/><T45/><D21/><U18/><E112/><V95/><F41/><W7/><G7/><T113/><D14/><U131/><E119/><V117/><F104/><W19/><G29/><T42/><D97/><U76/><E76/><V72/><F117/><W46/><G19/><T129/><D101/><U17/><E103/><V37/><F37/><W82/><G94/><T134/><D134/><U50/><E47/><V30/><F23/><W28/><G28/><T15/><D15/><N who="1" m="7423" /><E4/><V63/><F63/><W132/><G132/><T2/><D2/><U13/><E131/><V128/><F128/><W52/><G54/><T32/><D32/><U24/><E24/><N who="2" m="16663" /><F93/><W92/><G92/><T78/><D129/><U55/><E130/><V118/><F96/><W111/><G111/><N who="0" m="42507" /><D78/><U59/><E59/><N who="2" m="37279" /><F118/><W20/><G20/><AGARI ba="2,0" hai="13,18,20,49,50,55,56,61,88,89,91" m="7423" machi="20" ten="30,7700,0" yaku="8,1,52,2,54,1" doraHai="44" who="1" fromWho="3" sc="440,0,110,83,410,0,40,-83" owari="440,54.0,193,-20.7,410,21.0,-43,-54.3" /></mjloggm>