<mjloggm ver="2.3"><GO type="225" lobby="0"/><UN n0="%E3%81%B8%E3%82%80%E3%81%B8%E3%82%80%EF%BC%92%E5%8F%B7" n1="%72%69%6F%75%63%68%61%6E" n2="%6B%6F%64%61%6D%61%6E%37" n3="%2D%E8%B1%8A%E5%8F%A3%E3%82%81%E3%81%90%E3%81%BF%2D" dan="16,16,16,17" rate="2113.27,2250.52,2092.22,2177.50" sx="M,M,M,F"/><TAIKYOKU oya="0"/><INIT seed="0,0,0,0,2,2" ten="250,250,250,250" oya="0" hai0="100,55,60,18,106,77,130,26,11,22,110,6,83" hai1="76,53,132,107,108,74,72,50,126,33,35,31,92" hai2="64,12,94,1,87,61,120,65,122,59,89,17,48" hai3="135,58,114,28,45,90,99,40,36,125,96,124,24"/><T27/><D130/><U112/><E107/><V32/><F1/><W43/><G114/><T71/><D110/><U79/><E31/><V47/><F32/><W101/><G135/><T88/><D27/><U134/><E108/><V8/><REACH who="2" step="1"/><F65/><REACH who="2" ten="250,250,240,250" step="2"/><W68/><G125/><T23/><D71/><U103/><E33/><V119/><F119/><W20/><G68/><T51/><D60/><U98/><E35/><V105/><F105/><W131/><G124/><T42/><D106/><U78/><E126/><V19/><F19/><W4/><G131/><T66/><D66/><U82/><E112/><V44/><F44/><W13/><G45/><T46/><D18/><U14/><E14/><V37/><F37/><W80/><G36/><T39/><D46/><N who="1" m="27863" /><E72/><V127/><F127/><W133/><G13/><T86/><D39/><U3/><E3/><V91/><F91/><W54/><G90/><T75/><D75/><U25/><E25/><V30/><F30/><W21/><G28/><T95/><D26/><U84/><E74/><V129/><F129/><W57/><G24/><T7/><D88/><N who="1" m="51223" /><E134/><V15/><F15/><W52/><G133/><T38/><D38/><U16/><E132/><V0/><F0/><W111/><G111/><T117/><D117/><U123/><E123/><V67/><F67/><W34/><G34/><T121/><D121/><U56/><E16/><V29/><F29/><W104/><G104/><T62/><D6/><U102/><E103/><V113/><F113/><W85/><G101/><T81/><D100/><U5/><E5/><V63/><F63/><W9/><G4/><RYUUKYOKU ba="0,1" sc="250,-15,250,15,240,15,250,-15" hai1="56,76,78,79,92,98,102" hai2="8,12,17,47,48,59,61,64,87,89,94,120,122" /><INIT seed="1,1,1,5,1,61" ten="235,265,255,235" oya="1" hai0="37,1,15,111,64,57,83,62,107,20,124,9,123" hai1="131,63,3,42,113,120,52,17,102,31,71,59,67" hai2="99,38,88,100,39,14,80,122,74,11,56,43,55" hai3="26,91,86,69,78,108,133,127,41,110,27,118,94"/><U25/><E113/><V85/><F122/><W81/><G69/><T44/><D107/><U12/><E120/><V95/><F43/><W4/><G4/><T129/><D123/><U53/><E3/><V77/><F56/><W7/><G7/><T8/><D1/><U60/><E131/><V51/><F51/><W101/><G41/><T84/><D129/><U132/><E132/><V50/><F50/><W104/><G133/><T48/><D37/><U13/><E42/><V128/><F55/><W30/><G127/><T2/><D111/><N who="3" m="42537" /><G118/><T10/><D2/><U116/><E116/><V40/><F40/><W119/><G119/><T23/><D15/><U16/><E102/><V90/><F90/><W134/><G134/><T29/><D29/><U24/><E31/><V112/><F112/><W0/><G0/><T79/><REACH who="0" step="1"/><D124/><REACH who="0" ten="225,265,255,235" step="2"/><U28/><E28/><V49/><F128/><W117/><G117/><T72/><D72/><U19/><REACH who="1" step="1"/><E53/><AGARI ba="1,2" hai="8,9,10,20,23,44,48,53,57,62,64,79,83,84" machi="53" ten="40,8000,1" yaku="1,1,8,1,52,1,53,1" doraHai="61" doraHaiUra="73" who="0" fromWho="1" sc="225,103,265,-83,255,0,235,0" /><INIT seed="2,0,0,2,1,70" ten="328,182,255,235" oya="2" hai0="111,59,75,103,53,88,123,128,91,92,4,58,119" hai1="42,69,9,17,126,87,83,56,27,32,107,115,37" hai2="23,51,79,72,55,6,22,43,65,90,85,127,68" hai3="14,49,18,64,47,5,110,29,13,15,46,132,124"/><V86/><F127/><W97/><G110/><T44/><D123/><U134/><E115/><V34/><F34/><W99/><G124/><T71/><D71/><U102/><E126/><V30/><F72/><W24/><G132/><T122/><D122/><U104/><E134/><V112/><F112/><W82/><G64/><T28/><D75/><U0/><E69/><V62/><F6/><W108/><G108/><T113/><D113/><U57/><E102/><V40/><F79/><W133/><G133/><T38/><D38/><U81/><E83/><V52/><F86/><W105/><G5/><T63/><D111/><U109/><E109/><V3/><F3/><W67/><G67/><T95/><D128/><U16/><E0/><V2/><F2/><W114/><G114/><T12/><D28/><U66/><E107/><V35/><F35/><W31/><G82/><T118/><D44/><U39/><E104/><V8/><F8/><W54/><G46/><T10/><D59/><N who="1" m="22603" /><E66/><V25/><F22/><N who="3" m="13399" /><G105/><T33/><D33/><U117/><E117/><N who="0" m="44553" /><D103/><U120/><E120/><V101/><F101/><W21/><G31/><T77/><D77/><N who="1" m="46511" /><E32/><V89/><F89/><AGARI ba="0,0" hai="4,10,12,53,58,63,88,89,91,92,95" m="44553" machi="89" ten="30,2000,0" yaku="12,1,54,1" doraHai="70" who="0" fromWho="2" sc="328,20,182,0,255,-20,235,0" /><INIT seed="3,0,0,2,1,37" ten="348,182,235,235" oya="3" hai0="41,64,113,112,12,129,60,122,99,125,15,9,3" hai1="35,27,28,111,84,32,61,1,92,63,62,117,93" hai2="25,53,85,135,103,13,121,77,106,52,22,43,26" hai3="81,86,127,80,76,132,0,40,31,128,115,33,59"/><W56/><G115/><N who="0" m="44107" /><D122/><U39/><E1/><V19/><F121/><W108/><G0/><T123/><D123/><U51/><E39/><V70/><F70/><W7/><G7/><N who="0" m="1279" /><D129/><U96/><E111/><V14/><F135/><W45/><G127/><T90/><D41/><U116/><E35/><V44/><F103/><W23/><G33/><T11/><D11/><U71/><E71/><V42/><F106/><W20/><G132/><T49/><D49/><U38/><E38/><V87/><F77/><W54/><G128/><T91/><D125/><U94/><E96/><V57/><F44/><W100/><G100/><T18/><D99/><U95/><N who="1" m="23552" /><DORA hai="47" /><U17/><E17/><V130/><F130/><W30/><G81/><T83/><D83/><U126/><E126/><V102/><F102/><W101/><G108/><T24/><D24/><U124/><E124/><V74/><F19/><W68/><G68/><N who="0" m="41991" /><D18/><U36/><E36/><V118/><F25/><W67/><G67/><T55/><D55/><U58/><REACH who="1" step="1"/><E84/><REACH who="1" ten="348,172,235,235" step="2"/><V65/><F87/><W97/><G31/><T73/><D73/><U34/><E34/><V98/><F85/><W114/><G114/><T50/><D50/><U110/><E110/><V109/><F74/><W29/><G29/><T120/><D120/><U134/><E134/><V104/><F109/><W88/><G30/><T105/><D105/><U21/><E21/><V4/><F104/><W119/><G23/><T79/><D15/><U10/><E10/><N who="2" m="4295" /><F14/><W89/><G20/><T75/><D12/><U8/><E8/><V78/><F22/><W133/><G133/><RYUUKYOKU ba="0,1" sc="348,15,172,15,235,-15,235,-15" hai0="75,79,90,91" hai1="27,28,32,51,58,61,62,63,116,117" owari="373,47.3,187,-31.3,220,2.0,220,-18.0" /></mjloggm>