<mjloggm ver="2.3"><GO type="225" lobby="0"/><UN n0="%E6%82%94%E3%81%84%E3%82%BF%E3%83%B3" n1="%E5%80%89%E6%A9%8B%EF%BC%A0%E4%BA%8B%E5%8B%99" n2="%E3%81%AF%E3%82%88%E3%81%8A%E3%81%98%E3%81%95%E3%82%93" n3="%48%61%61%61%6C%61%6E%64" dan="16,16,16,17" rate="2044.13,2079.45,2098.47,2143.01" sx="M,M,M,M"/><TAIKYOKU oya="0"/><INIT seed="0,0,0,5,2,37" ten="250,250,250,250" oya="0" hai0="94,79,3,34,118,45,85,108,11,132,126,44,26" hai1="6,50,55,38,124,117,98,43,17,90,130,5,24" hai2="36,100,41,82,86,2,23,81,48,116,107,12,106" hai3="19,80,95,31,1,70,88,28,20,127,52,40,101"/><T105/><D118/><U42/><E117/><V8/><F36/><W4/><G127/><T119/><D119/><U66/><E38/><V121/><F121/><W68/><G101/><T83/><D105/><U97/><E124/><V122/><F122/><W33/><G80/><T29/><D126/><U112/><E130/><V91/><F116/><W53/><G40/><N who="1" m="15402" /><E66/><V104/><F2/><W58/><G53/><T14/><D3/><U73/><E73/><V63/><F63/><W96/><G33/><T78/><D132/><U75/><E75/><V123/><F23/><W62/><G70/><T13/><D108/><U47/><E112/><V93/><F100/><W15/><REACH who="3" step="1"/><G68/><REACH who="3" ten="250,250,250,240" step="2"/><T27/><D83/><U109/><E109/><V92/><F82/><W21/><G21/><T9/><D34/><U10/><E90/><V61/><F123/><W84/><G84/><T22/><D85/><U46/><E46/><V49/><F86/><W0/><G0/><T131/><D22/><BYE who="0" /><N who="1" m="13391" /><E10/><AGARI ba="0,1" hai="1,4,10,15,19,20,28,31,52,58,62,88,95,96" machi="10" ten="40,5200,0" yaku="1,1,54,2,53,0" doraHai="37" doraHaiUra="102" who="3" fromWho="1" sc="250,0,250,-52,250,0,240,62" /><UN n0="%E6%82%94%E3%81%84%E3%82%BF%E3%83%B3" /><INIT seed="1,0,0,2,4,100" ten="250,198,250,302" oya="1" hai0="18,123,93,84,86,57,40,28,7,38,107,14,65" hai1="2,89,132,121,96,74,46,3,22,34,11,69,99" hai2="55,30,105,17,16,59,124,72,103,81,4,70,36" hai3="12,27,64,129,113,5,77,116,83,115,127,47,25"/><U53/><E34/><V58/><F70/><W75/><G127/><T60/><D123/><U42/><E121/><V118/><F118/><W87/><G116/><T0/><D28/><U49/><E74/><V66/><F36/><W78/><G129/><T126/><D126/><U54/><E69/><V71/><F124/><W68/><G68/><T19/><D0/><U119/><E119/><V102/><F71/><W45/><G64/><T31/><D31/><U82/><E132/><V39/><F39/><W114/><G75/><T76/><D107/><U88/><E22/><V26/><F4/><W117/><G117/><T67/><D38/><U37/><E37/><V80/><F66/><W92/><G92/><T120/><D40/><U110/><E110/><V6/><F6/><W43/><G77/><T13/><D120/><U1/><E11/><V104/><F55/><W48/><G45/><T111/><D7/><U20/><E20/><V29/><F72/><W21/><G21/><N who="0" m="11471" /><D111/><U8/><E8/><AGARI ba="0,0" hai="5,8,12,25,27,43,47,48,78,83,87,113,114,115" machi="8" ten="40,2600,0" yaku="25,2" doraHai="100" who="3" fromWho="1" sc="250,0,198,-26,250,0,302,26" /><INIT seed="2,0,0,3,2,84" ten="250,172,250,328" oya="2" hai0="3,135,7,31,27,102,78,53,20,110,16,87,42" hai1="114,24,43,89,93,40,41,86,91,37,96,92,71" hai2="17,65,6,77,113,131,39,97,66,49,45,108,5" hai3="58,105,128,120,35,8,47,127,106,60,50,14,111"/><V38/><F113/><W67/><G120/><T52/><D110/><U112/><E37/><V61/><F108/><W99/><G111/><T124/><D135/><U100/><E71/><V125/><F125/><W33/><G127/><T116/><D124/><U26/><E114/><V19/><F131/><W74/><G74/><T82/><D116/><U69/><E69/><V23/><F77/><W2/><G2/><T57/><D42/><U126/><E126/><V51/><F97/><W101/><G106/><T115/><D115/><U15/><E112/><V56/><F65/><W90/><G90/><N who="0" m="51575" /><D3/><U123/><E123/><V132/><F132/><W1/><G1/><T80/><D7/><U54/><E100/><V28/><F51/><W12/><G128/><T119/><D102/><U55/><E15/><V0/><F0/><W46/><G14/><N who="0" m="9239" /><D119/><U4/><REACH who="1" step="1"/><E4/><REACH who="1" ten="250,162,250,328" step="2"/><N who="2" m="1643" /><F38/><W70/><G70/><T121/><D121/><U117/><E117/><V94/><F39/><W11/><G101/><T25/><D25/><AGARI ba="0,1" hai="24,25,26,40,41,43,54,55,86,89,91,92,93,96" machi="25" ten="40,12000,2" yaku="1,1,8,1,52,2,53,2" doraHai="84" doraHaiUra="48" who="1" fromWho="0" sc="250,-120,162,130,250,0,328,0" /><INIT seed="3,0,0,1,5,90" ten="130,292,250,328" oya="3" hai0="32,67,5,129,64,28,65,24,121,85,81,49,57" hai1="8,31,14,3,126,91,76,26,101,96,41,23,63" hai2="115,110,79,95,39,132,15,124,11,114,70,111,53" hai3="119,20,133,94,44,56,4,97,10,73,84,6,134"/><W21/><G73/><T19/><D129/><U27/><E126/><V104/><F39/><W118/><G84/><T18/><D121/><U52/><E3/><V78/><F70/><W47/><G56/><T131/><D131/><U34/><E76/><V22/><F104/><W88/><G119/><T13/><D5/><N who="3" m="2153" /><G10/><T125/><D125/><U92/><E41/><V9/><F124/><W128/><G118/><T98/><D49/><U66/><E66/><V112/><F53/><W102/><G102/><T46/><D46/><N who="3" m="17449" /><G128/><T107/><D57/><N who="1" m="35239" /><E34/><V12/><F22/><W50/><G50/><T113/><D113/><U48/><E48/><V93/><F114/><W59/><G59/><T80/><D13/><U117/><E117/><V82/><F82/><W37/><G37/><T120/><D120/><U105/><E105/><V77/><F78/><W16/><G20/><T62/><D62/><U30/><E101/><V122/><F122/><W58/><G58/><T45/><D45/><U100/><E100/><V86/><F86/><W99/><G99/><T0/><D0/><U83/><E83/><V60/><F60/><W123/><G123/><T75/><D107/><U103/><E103/><V33/><F132/><W29/><G133/><T54/><D54/><U42/><E42/><V61/><F61/><W72/><G134/><T68/><D68/><U69/><E69/><V40/><F40/><W1/><G1/><T135/><D135/><U17/><E27/><V51/><F51/><W106/><G106/><T38/><D38/><U25/><E26/><V108/><F115/><W89/><G72/><RYUUKYOKU ba="0,0" sc="130,-10,292,30,250,-10,328,-10" hai1="8,14,17,23,25,30,31,91,92,96" owari="120,-38.0,322,42.2,240,-16.0,318,11.8" /></mjloggm>