<mjloggm ver="2.3"><GO type="225" lobby="0"/><UN n0="%45%6C%79%73%69%75%6D" n1="%E3%81%A6%E3%81%A4%EF%BC%A3" n2="%E7%9C%9F%E4%B8%80" n3="%48%61%61%61%6C%61%6E%64" dan="17,16,17,17" rate="2126.92,2072.85,2250.22,2243.83" sx="F,M,M,M"/><TAIKYOKU oya="0"/><INIT seed="0,0,0,0,4,43" ten="250,250,250,250" oya="0" hai0="50,47,87,134,115,11,128,55,97,108,79,54,77" hai1="4,124,64,120,12,116,23,22,61,67,33,10,66" hai2="68,126,110,72,117,123,106,113,91,111,45,29,85" hai3="32,28,65,25,100,76,127,112,121,20,59,56,39"/><T60/><D115/><U98/><E120/><V131/><RYUUKYOKU type="yao9" ba="0,0" sc="250,0,250,0,250,0,250,0" hai2="29,45,68,72,85,91,106,110,111,113,117,123,126,131" /><INIT seed="0,1,0,5,1,62" ten="250,250,250,250" oya="0" hai0="3,121,127,55,11,73,59,45,91,96,47,7,4" hai1="135,101,38,63,119,130,43,31,133,104,122,83,19" hai2="9,93,1,6,36,109,90,66,120,22,61,129,84" hai3="106,111,60,51,74,13,114,92,82,131,71,21,134"/><T57/><D121/><U108/><E122/><V86/><F109/><W32/><G106/><T80/><D127/><U99/><E108/><V28/><F129/><W103/><G32/><T118/><D118/><U16/><E119/><V94/><F36/><W48/><G111/><T58/><D4/><U0/><E0/><V49/><F120/><W75/><G114/><T34/><D34/><U12/><E130/><V132/><F132/><N who="1" m="50761" /><E31/><V125/><F125/><W78/><G74/><T65/><D45/><N who="1" m="23799" /><E12/><V10/><F49/><W24/><G131/><T17/><D47/><U128/><E128/><V116/><F116/><W89/><G13/><T112/><D112/><U100/><E100/><V41/><F41/><W52/><G103/><T77/><D17/><U15/><E15/><V46/><F46/><W115/><G115/><T68/><D55/><U44/><E44/><V39/><F39/><W126/><G126/><T98/><REACH who="0" step="1"/><D91/><REACH who="0" ten="240,250,250,250" step="2"/><U102/><E102/><V64/><F6/><W50/><G134/><T27/><D27/><U81/><E19/><V23/><F28/><W85/><G52/><T67/><D67/><U113/><E16/><V53/><F53/><W5/><G5/><T72/><D72/><U88/><E113/><V42/><F90/><W117/><G117/><T87/><D87/><N who="1" m="50287" /><E63/><AGARI ba="1,1" hai="3,7,11,57,58,59,63,65,68,73,77,80,96,98" machi="63" ten="40,7700,0" yaku="1,1,52,1,53,1" doraHai="62" doraHaiUra="56" who="0" fromWho="1" sc="240,90,250,-80,250,0,250,0" /><INIT seed="0,2,0,3,1,78" ten="330,170,250,250" oya="0" hai0="103,11,76,108,74,30,39,110,41,32,72,22,69" hai1="14,80,45,126,90,27,8,40,97,105,42,18,84" hai2="87,131,38,29,54,50,65,115,70,122,93,9,10" hai3="1,67,13,15,44,82,73,135,16,23,68,130,60"/><T33/><D22/><U116/><E116/><V17/><F38/><W48/><G1/><T35/><D103/><U112/><E112/><V61/><F122/><W52/><G130/><T102/><D102/><U96/><E126/><V71/><F131/><W81/><G135/><T124/><D124/><U58/><E105/><V0/><F115/><W26/><G73/><N who="0" m="28267" /><D76/><U125/><E125/><V121/><F71/><W64/><G64/><T19/><D19/><U94/><E97/><V86/><F29/><W3/><G3/><T49/><D49/><U28/><E58/><V113/><F121/><W34/><REACH who="3" step="1"/><G13/><REACH who="3" ten="330,170,250,240" step="2"/><T83/><D69/><U31/><E31/><AGARI ba="2,1" hai="15,16,23,26,31,34,44,48,52,60,67,68,81,82" machi="31" ten="40,12000,2" yaku="1,1,2,1,52,2,54,2,53,0" doraHai="78" doraHaiUra="92" who="3" fromWho="1" sc="330,0,170,-126,250,0,240,136" /><INIT seed="1,0,0,5,4,88" ten="330,44,250,376" oya="1" hai0="104,3,83,91,11,6,5,64,98,16,99,84,74" hai1="50,63,24,34,46,80,69,94,101,32,0,51,132" hai2="130,103,4,119,1,41,120,2,61,75,56,52,10" hai3="100,21,66,57,87,27,62,111,42,65,38,53,108"/><U76/><E132/><V93/><F120/><W60/><G100/><T30/><D5/><U36/><E0/><V55/><F119/><W81/><G38/><T113/><D113/><U48/><E36/><V72/><F1/><W96/><G42/><T68/><D74/><U71/><E46/><V22/><F130/><W58/><G96/><T112/><D112/><U19/><E63/><V114/><F114/><W14/><G14/><T124/><D124/><U90/><E101/><V110/><F41/><W128/><G128/><T97/><D30/><U126/><E126/><V123/><F123/><W73/><G73/><T115/><D115/><U9/><E9/><V105/><F105/><W35/><G35/><T54/><D104/><U107/><E107/><V70/><F70/><W28/><REACH who="3" step="1"/><G53/><REACH who="3" ten="330,44,250,366" step="2"/><T20/><D54/><U102/><E102/><V15/><F55/><W78/><AGARI ba="0,1" hai="21,27,28,57,58,60,62,65,66,78,81,87,108,111" machi="78" ten="30,8000,1" yaku="1,1,2,1,0,1,9,1,53,1" doraHai="88" doraHaiUra="79" who="3" fromWho="3" sc="330,-20,44,-40,250,-20,366,90" /><INIT seed="2,0,0,2,0,122" ten="310,4,230,456" oya="2" hai0="11,84,38,121,20,26,49,66,0,10,48,100,63" hai1="132,114,124,31,28,41,125,83,7,43,96,92,16" hai2="85,18,46,80,36,74,102,27,33,50,119,123,87" hai3="90,106,70,110,86,32,8,2,55,39,77,19,111"/><V52/><F123/><W107/><G32/><T112/><D38/><U65/><E114/><V62/><F119/><W116/><G116/><T99/><D112/><U54/><E7/><V118/><F118/><W44/><G70/><T103/><D121/><U61/><E132/><V56/><F36/><W126/><G77/><T3/><D84/><U79/><E54/><V72/><F102/><W97/><G126/><N who="1" m="48746" /><E16/><V21/><F33/><W47/><G19/><T115/><D115/><U88/><E28/><V108/><F87/><W113/><G8/><T104/><D103/><U5/><E5/><V58/><F58/><W40/><G2/><T75/><D75/><N who="1" m="43519" /><E31/><V95/><F95/><W131/><G113/><T1/><D10/><U25/><E25/><V60/><F60/><W109/><G97/><T51/><D11/><U71/><AGARI ba="0,0" hai="41,43,61,65,71,88,92,96" m="43519,48746" machi="71" ten="30,2000,0" yaku="18,1,54,1" doraHai="122" who="1" fromWho="1" sc="310,-5,4,20,230,-10,456,-5" /><INIT seed="3,0,0,1,0,115" ten="305,24,220,451" oya="3" hai0="94,14,97,122,79,78,35,70,68,42,47,103,1" hai1="50,7,106,125,119,101,105,81,86,65,92,99,72" hai2="123,63,22,95,39,13,112,21,113,29,89,27,6" hai3="127,116,40,104,88,58,61,121,98,85,36,60,10"/><W54/><G116/><T84/><D122/><U74/><E7/><V19/><F39/><W128/><G127/><T15/><D1/><U59/><E59/><V30/><F123/><W71/><G128/><T46/><D35/><U87/><E50/><V31/><F63/><W129/><G129/><T41/><D84/><U4/><E4/><V0/><F89/><W26/><G40/><T2/><D2/><U43/><E43/><V114/><F95/><W124/><G124/><T38/><D94/><U25/><E25/><V130/><REACH who="2" step="1"/><F130/><REACH who="2" ten="305,24,210,451" step="2"/><W37/><G88/><T51/><D78/><N who="1" m="46391" /><E65/><V33/><F33/><W20/><G60/><T67/><D79/><U117/><E125/><V82/><F82/><W109/><G61/><T11/><D67/><U64/><E64/><V108/><F108/><W100/><G37/><T24/><D38/><U90/><E106/><V8/><AGARI ba="0,1" hai="0,6,8,13,19,21,22,27,29,30,31,112,113,114" machi="8" ten="40,8000,1" yaku="1,1,0,1,34,3,53,0" doraHai="115" doraHaiUra="76" who="2" fromWho="2" sc="305,-20,24,-20,210,90,451,-40" owari="285,-11.5,4,-49.6,300,10.0,411,51.1" /></mjloggm>