<mjloggm ver="2.3"><GO type="225" lobby="0"/><UN n0="%E5%AF%82%E5%AF%9E%E3%82%AE%E3%83%8D%E3%82%B9%E3%83%93%E3%83%BC%E3%83%AB" n1="%72%61%6B%33" n2="%E7%AD%89%E3%80%85%E5%8A%9B%E5%8A%87%E5%A0%B4" n3="%33%74%72%65%65" dan="16,18,16,16" rate="2120.97,2191.57,2125.02,2151.52" sx="M,M,M,F"/><TAIKYOKU oya="0"/><INIT seed="0,0,0,2,1,83" ten="250,250,250,250" oya="0" hai0="80,84,86,72,10,115,25,133,109,58,27,75,64" hai1="40,107,126,119,46,41,17,66,78,56,71,22,111" hai2="20,89,21,14,59,32,50,29,3,57,120,90,55" hai3="70,134,33,106,114,2,35,63,0,87,23,121,61"/><T76/><D115/><U34/><E34/><V36/><F3/><W48/><G48/><T130/><D130/><U77/><E111/><V51/><F36/><W97/><G23/><T112/><D112/><U122/><E126/><V18/><F32/><N who="3" m="12363" /><G114/><T37/><D37/><U42/><E122/><V44/><F120/><W91/><G87/><N who="0" m="48519" /><D109/><U49/><E119/><V131/><F131/><W4/><G91/><T19/><D72/><U26/><E107/><V53/><F44/><W123/><G61/><N who="0" m="37943" /><D75/><U105/><E71/><V52/><F55/><W24/><G134/><T100/><D100/><U103/><E103/><V135/><F135/><W31/><G4/><T125/><D125/><U68/><E68/><V93/><F93/><W15/><G0/><T94/><D133/><U30/><E105/><V102/><F102/><N who="3" m="62799" /><G2/><T67/><D67/><U98/><E98/><V79/><F79/><N who="1" m="30217" /><E30/><V124/><F124/><W88/><G70/><T7/><D94/><U12/><E26/><AGARI ba="0,0" hai="14,18,20,21,26,29,50,51,52,53,57,59,89,90" machi="26" ten="40,5200,0" yaku="9,1,8,1,54,1" doraHai="83" who="2" fromWho="1" sc="250,0,250,-52,250,52,250,0" /><INIT seed="1,0,0,5,0,84" ten="250,198,302,250" oya="1" hai0="121,80,60,63,24,94,61,87,99,65,76,38,9" hai1="23,17,27,18,43,57,113,21,129,106,14,30,3" hai2="40,78,125,56,44,15,33,59,123,109,36,96,127" hai3="88,97,58,104,79,0,29,134,25,101,54,112,74"/><U49/><E113/><V114/><F123/><W111/><G112/><T62/><D38/><U85/><E129/><V19/><F114/><W6/><G111/><T100/><D121/><U91/><E106/><V48/><F33/><W50/><G134/><T7/><D24/><U105/><E105/><V45/><F78/><W31/><G31/><T35/><D35/><U126/><E126/><V32/><F32/><W39/><G39/><T108/><D108/><U82/><E3/><V64/><F109/><W124/><G124/><T90/><D60/><U120/><E120/><V2/><F2/><W1/><G6/><T75/><D65/><U122/><E122/><V42/><F64/><W119/><G119/><T130/><D130/><U110/><E110/><V67/><F67/><W12/><G12/><N who="0" m="5183" /><D75/><U28/><REACH who="1" step="1"/><E57/><REACH who="1" ten="250,188,302,250" step="2"/><V69/><F59/><W89/><G0/><T41/><D41/><U93/><E93/><V81/><F125/><W37/><G1/><T92/><D92/><U11/><E11/><V98/><F127/><W83/><G37/><T77/><AGARI ba="0,1" hai="61,62,63,76,77,80,87,90,94,99,100" m="5183" machi="77" ten="30,2000,0" yaku="8,1,52,1" doraHai="84" who="0" fromWho="0" sc="250,30,188,-10,302,-5,250,-5" /><INIT seed="2,0,0,0,1,128" ten="280,178,297,245" oya="2" hai0="24,83,5,23,53,69,122,40,59,85,47,90,44" hai1="29,9,126,58,77,132,74,135,114,34,30,97,134" hai2="80,38,84,61,119,120,39,76,18,87,12,21,102" hai3="3,8,20,93,91,55,1,13,117,125,33,22,32"/><V67/><F119/><W127/><G55/><T112/><D112/><U65/><E114/><V16/><F120/><W19/><G93/><T10/><D69/><U52/><E126/><N who="3" m="48138" /><G91/><T118/><D122/><U98/><E65/><V2/><F2/><N who="3" m="523" /><G117/><T121/><D121/><U0/><E0/><V54/><F102/><W88/><G88/><T129/><D129/><U131/><E9/><V41/><F54/><W86/><G86/><T63/><D118/><U73/><E131/><V27/><F87/><W31/><G31/><N who="1" m="11786" /><E34/><AGARI ba="0,0" hai="8,13,19,20,22,32,33,34" m="523,48138" machi="34" ten="40,5200,0" yaku="18,1,34,2" doraHai="128" who="3" fromWho="1" sc="280,0,178,-52,297,0,245,52" /><INIT seed="3,0,0,0,4,85" ten="280,126,297,297" oya="3" hai0="79,134,72,36,112,3,86,63,89,114,74,88,67" hai1="60,75,58,62,59,16,116,20,32,66,120,97,13" hai2="1,48,9,70,49,45,27,94,133,101,26,8,123" hai3="84,41,98,17,95,14,46,104,78,6,102,39,29"/><W0/><G29/><T24/><D134/><U56/><E116/><V103/><F70/><W57/><G0/><T42/><D3/><U76/><E120/><V115/><F1/><W131/><G131/><T30/><D42/><U91/><E32/><V52/><F115/><N who="0" m="44074" /><D36/><U80/><REACH who="1" step="1"/><E66/><REACH who="1" ten="280,116,297,297" step="2"/><V135/><F123/><W130/><G130/><T113/><D113/><U108/><E108/><V21/><F135/><W121/><G121/><T96/><D72/><U82/><E82/><V132/><F133/><W51/><G6/><T118/><D74/><U105/><E105/><V107/><F107/><W18/><G104/><T54/><D118/><U23/><E23/><V53/><F132/><W11/><G39/><T106/><D67/><U50/><E50/><V4/><F21/><W83/><G57/><N who="0" m="35255" /><D106/><U64/><E64/><V47/><F4/><W93/><G93/><AGARI ba="0,1" hai="13,16,20,56,58,59,60,62,75,76,80,91,93,97" machi="93" ten="40,5200,0" yaku="1,1,52,1,54,1,53,0" doraHai="85" doraHaiUra="69" who="1" fromWho="3" sc="280,0,116,62,297,0,297,-52" /><AGARI ba="0,0" hai="8,9,26,27,45,47,48,49,52,53,93,94,101,103" machi="93" ten="25,6400,0" yaku="22,2,8,1,54,1" doraHai="85" who="2" fromWho="3" sc="280,0,178,0,297,64,245,-64" owari="280,8.0,178,-32.2,361,46.1,181,-21.9" /></mjloggm>