<mjloggm ver="2.3"><GO type="225" lobby="0"/><UN n0="%E4%B8%89%E6%A7%93%E5%AD%90" n1="%E7%82%8E%E3%81%AE%E3%83%88%E3%83%AC%E3%83%BC%E3%83%80%E3%83%BC" n2="%72%61%6B%33" n3="%6D%75%75%6D%75%72%61" dan="16,16,18,16" rate="2057.02,2156.33,2286.01,2186.57" sx="F,M,M,F"/><TAIKYOKU oya="0"/><INIT seed="0,0,0,1,5,34" ten="250,250,250,250" oya="0" hai0="30,15,124,93,23,96,131,103,18,104,42,128,117" hai1="63,72,110,79,37,95,5,115,62,45,109,47,25" hai2="50,98,9,61,69,107,122,99,125,111,56,133,118" hai3="14,7,65,58,80,126,31,3,97,101,39,10,22"/><T119/><D42/><U100/><E115/><V2/><F122/><W88/><G39/><T85/><D30/><U1/><E25/><V83/><F111/><N who="1" m="42505" /><E100/><V71/><F125/><W94/><G126/><T43/><D43/><N who="1" m="22767" /><E95/><V70/><F133/><W41/><G41/><T90/><REACH who="0" step="1"/><D124/><REACH who="0" ten="240,250,250,250" step="2"/><U68/><E47/><V130/><F118/><AGARI ba="0,1" hai="15,18,23,85,90,93,96,103,104,117,118,119,128,131" machi="118" ten="40,3900,0" yaku="1,1,2,1,53,0" doraHai="34" doraHaiUra="76" who="0" fromWho="2" sc="240,49,250,0,250,-39,250,0" /><INIT seed="0,1,0,5,1,23" ten="289,250,211,250" oya="0" hai0="33,64,25,108,115,11,51,1,2,117,17,94,9" hai1="91,26,66,123,120,80,135,92,12,39,100,43,116" hai2="61,41,52,8,44,68,126,104,21,96,56,34,89" hai3="103,45,79,0,16,110,84,82,81,118,74,83,13"/><T63/><D115/><U119/><E66/><V49/><F126/><W75/><G118/><T113/><D113/><U102/><E39/><V48/><F34/><W60/><G110/><T20/><D117/><U133/><E43/><V46/><F68/><W88/><G0/><T35/><D108/><U24/><E12/><V6/><F21/><W125/><G125/><T31/><D51/><U3/><E92/><V47/><F104/><W111/><G111/><T132/><D132/><U105/><E80/><V57/><F96/><W112/><G112/><T131/><D131/><U93/><E93/><V62/><F89/><W122/><G122/><T77/><D77/><U130/><E91/><V106/><F106/><W36/><G103/><T121/><D121/><U98/><E98/><V32/><F32/><W69/><G69/><T107/><D107/><U38/><E38/><V127/><F127/><W101/><G101/><T134/><D35/><U87/><E105/><V42/><F8/><W86/><G60/><N who="2" m="23145" /><F6/><W4/><G4/><T97/><D134/><U37/><E37/><AGARI ba="1,0" hai="37,41,42,44,46,47,48,49,52,56,57" m="23145" machi="37" ten="30,12000,2" yaku="35,5,54,1" doraHai="23" who="2" fromWho="1" sc="289,0,250,-123,211,123,250,0" /><INIT seed="1,0,0,3,5,10" ten="289,127,334,250" oya="1" hai0="100,12,75,0,16,72,7,110,123,78,33,1,20" hai1="134,90,114,53,128,127,52,36,13,105,91,121,117" hai2="81,108,116,77,57,106,69,118,60,41,68,48,94" hai3="67,31,89,133,32,88,101,51,86,4,11,125,135"/><U44/><E117/><V61/><F106/><W95/><G125/><T130/><D110/><U99/><E121/><V63/><F94/><W40/><G67/><T129/><D33/><U43/><E114/><V97/><F97/><N who="3" m="59583" /><G32/><T71/><D71/><N who="2" m="27210" /><F81/><W14/><G31/><T113/><D113/><U120/><E120/><V47/><F77/><W54/><G40/><T25/><D123/><U80/><E127/><V30/><F30/><W104/><G104/><T5/><D100/><U42/><E42/><V93/><F93/><W24/><G24/><T26/><D78/><U64/><E64/><V82/><F82/><W49/><G54/><T27/><D75/><U73/><E134/><N who="3" m="51210" /><G89/><T62/><D62/><N who="2" m="24170" /><F108/><W46/><G46/><T35/><D72/><U15/><E91/><V29/><F29/><W19/><G4/><N who="0" m="1611" /><D35/><U59/><E105/><V22/><F22/><W38/><G38/><T119/><D119/><U124/><E124/><V76/><F76/><W122/><G122/><T9/><D9/><U92/><E73/><V96/><F96/><W2/><G2/><AGARI ba="0,0" hai="0,1,2,12,16,20,25,26,27,129,130" m="1611" machi="2" ten="40,8000,1" yaku="34,2,52,1,54,1" doraHai="10" who="0" fromWho="3" sc="289,80,127,0,334,0,250,-80" /><INIT seed="2,0,0,2,3,6" ten="369,127,334,170" oya="2" hai0="100,84,48,87,95,80,61,71,58,77,75,70,74" hai1="7,104,123,65,53,113,131,11,23,117,47,10,76" hai2="64,49,98,90,133,92,57,52,129,42,54,37,124" hai3="73,60,30,15,26,2,134,69,19,114,85,51,130"/><V119/><F119/><W32/><G73/><T132/><D132/><U4/><E104/><V34/><F34/><W82/><G134/><T128/><D128/><U27/><E113/><V121/><F121/><W46/><G130/><T8/><D74/><U13/><E131/><V25/><F129/><W126/><G2/><T127/><D127/><U41/><E117/><V89/><F133/><W35/><G126/><T83/><D75/><U120/><E65/><V118/><F124/><W68/><G114/><T112/><D112/><U44/><E76/><V67/><F118/><W91/><G60/><T9/><D48/><U5/><E53/><V45/><F25/><W105/><G35/><T50/><D50/><U97/><E97/><V103/><F54/><W39/><G39/><T116/><D116/><U106/><E106/><V96/><REACH who="2" step="1"/><F90/><REACH who="2" ten="369,127,324,170" step="2"/><W12/><G32/><T101/><D77/><U1/><E4/><V16/><F16/><W72/><G19/><T78/><D78/><U125/><E125/><V22/><F22/><W14/><G91/><T20/><D20/><U88/><E88/><V115/><F115/><W102/><G26/><T62/><D9/><U107/><E107/><AGARI ba="0,1" hai="37,42,45,49,52,57,64,67,89,92,96,98,103,107" machi="107" ten="30,5800,0" yaku="1,1,7,1,54,1,53,0" doraHai="6" doraHaiUra="79" who="2" fromWho="1" sc="369,0,127,-58,324,68,170,0" /><INIT seed="2,1,0,5,4,114" ten="369,69,392,170" oya="2" hai0="19,130,107,39,46,70,22,77,86,36,24,82,125" hai1="37,134,34,3,41,15,57,113,118,49,44,109,40" hai2="29,122,64,66,129,128,95,61,11,90,4,115,120" hai3="74,59,119,14,25,38,96,123,98,105,131,43,78"/><V81/><F115/><W79/><G123/><T42/><D125/><U127/><E3/><V106/><F106/><W1/><G1/><T67/><D130/><N who="2" m="50282" /><F81/><W69/><G119/><T73/><D107/><U121/><E34/><V111/><F29/><W13/><G69/><T18/><D70/><U35/><E35/><V7/><F7/><W112/><G105/><T63/><D39/><U58/><E113/><V32/><F32/><W75/><G38/><T110/><D110/><U53/><E109/><V48/><F48/><W94/><G131/><T88/><D63/><U30/><E30/><V85/><F111/><W80/><G80/><T124/><D67/><N who="2" m="25642" /><F61/><W6/><G6/><T84/><D124/><U56/><E127/><V87/><F87/><W8/><G75/><T65/><D65/><U92/><E92/><V104/><F104/><W91/><G74/><T100/><D100/><U116/><E121/><V133/><F133/><W17/><G94/><T45/><D45/><U135/><E15/><AGARI ba="1,0" hai="4,11,15,85,90,95,120,122" m="25642,50282" machi="15" ten="30,1500,0" yaku="19,1" doraHai="114" who="2" fromWho="1" sc="369,0,69,-18,392,18,170,0" /><INIT seed="2,2,0,4,2,70" ten="369,51,410,170" oya="2" hai0="23,64,32,131,117,1,121,30,55,41,116,120,75" hai1="74,46,49,128,40,73,48,5,79,17,13,129,62" hai2="103,8,99,91,57,115,59,125,87,92,102,9,113" hai3="84,94,3,81,135,126,82,71,36,53,114,24,122"/><V28/><F125/><W105/><G122/><N who="0" m="47211" /><D55/><U21/><E62/><V38/><F28/><W47/><G105/><T44/><D64/><U104/><E104/><V29/><F29/><W118/><G135/><T11/><D23/><U88/><E5/><V77/><F77/><W133/><G118/><T2/><D75/><U14/><E14/><V78/><F78/><W80/><G94/><T96/><D96/><U119/><E119/><N who="0" m="45641" /><D11/><U34/><E34/><V127/><F127/><W60/><G53/><T50/><D131/><U83/><E49/><V12/><F8/><W27/><G133/><T66/><D66/><U69/><E69/><V63/><F59/><W39/><G71/><T86/><D86/><U123/><E123/><V98/><F98/><W61/><G84/><T111/><D111/><U25/><E13/><V124/><F99/><W51/><G3/><T76/><D76/><U7/><E7/><V54/><F124/><W90/><G126/><T58/><D58/><U89/><REACH who="1" step="1"/><E74/><REACH who="1" ten="369,41,410,170" step="2"/><V110/><F63/><W56/><G61/><T4/><D4/><U0/><E0/><V20/><F12/><W19/><G60/><T130/><D130/><AGARI ba="2,1" hai="17,21,25,40,46,48,73,79,83,88,89,128,129,130" machi="130" ten="40,8000,1" yaku="1,1,19,1,54,1,53,1" doraHai="70" doraHaiUra="106" who="1" fromWho="0" sc="369,-86,41,96,410,0,170,0" /><INIT seed="3,0,0,5,1,114" ten="283,137,410,170" oya="3" hai0="129,109,122,2,130,72,99,38,25,37,8,74,98" hai1="19,116,70,54,29,59,45,66,85,5,96,60,50" hai2="3,134,102,42,82,67,115,68,64,9,40,111,10" hai3="55,79,83,27,128,92,52,97,101,89,33,7,118"/><W43/><G118/><T132/><D25/><U125/><E125/><V62/><F82/><W133/><G128/><N who="0" m="49259" /><D109/><U119/><E29/><V4/><F102/><W71/><G133/><T107/><D122/><U21/><E5/><V131/><F68/><W123/><G123/><T80/><D132/><U18/><E96/><N who="0" m="36905" /><D107/><U93/><E45/><V20/><F62/><W77/><G7/><N who="0" m="1143" /><D80/><U112/><E112/><V35/><F20/><W14/><G79/><T49/><D49/><U65/><E65/><V6/><F3/><W56/><G43/><T36/><AGARI ba="0,0" hai="36,37,38,72,74" m="1143,36905,49259" machi="36" ten="40,1500,0" yaku="19,1" doraHai="114" who="0" fromWho="0" sc="283,15,137,-4,410,-4,170,-7" owari="298,9.8,133,-36.7,406,50.6,163,-23.7" /></mjloggm>