<mjloggm ver="2.3"><GO type="225" lobby="0"/><UN n0="%E3%81%B7%E3%82%8A%E3%82%93%E8%81%96%E4%BA%BA" n1="%E9%80%9F%E6%B0%B4%E5%87%9B%E9%A6%99" n2="%E8%91%89%E5%B1%B1%E9%99%BD%E5%92%8C" n3="%E7%A7%8B%E6%9C%88%E7%9C%9F%E7%90%86%E4%BA%9E" dan="16,16,16,16" rate="2101.86,2068.22,2109.30,2122.11" sx="M,F,M,F"/><TAIKYOKU oya="0"/><INIT seed="0,0,0,5,0,5" ten="250,250,250,250" oya="0" hai0="53,40,71,33,15,59,108,122,69,10,0,63,48" hai1="8,31,121,9,52,114,13,130,123,65,27,42,128" hai2="112,73,3,57,125,111,119,54,116,132,101,115,1" hai3="32,103,41,75,124,77,117,25,106,127,104,35,79"/><T113/><D33/><N who="1" m="20735" /><E65/><V70/><F70/><W45/><G117/><N who="2" m="45129" /><F73/><W38/><G25/><T99/><D0/><N who="2" m="74" /><F111/><W131/><G131/><N who="1" m="50218" /><E42/><V76/><F132/><W30/><G30/><T129/><D129/><U92/><E92/><V135/><F135/><W7/><G7/><T74/><D74/><U88/><E114/><V56/><F125/><N who="3" m="48203" /><G103/><T23/><D113/><N who="2" m="43594" /><F76/><N who="3" m="29259" /><G75/><T97/><D122/><N who="1" m="46603" /><E88/><V84/><F84/><W80/><G80/><T21/><D69/><U91/><E91/><V4/><F101/><W95/><G95/><T134/><D134/><U82/><E82/><V120/><F120/><W29/><G104/><T81/><D71/><U17/><E52/><V78/><F78/><W6/><G106/><T68/><D68/><U28/><E28/><V24/><F54/><W22/><G29/><T20/><D81/><U83/><E83/><V126/><F126/><W94/><G94/><T98/><D108/><U49/><E49/><V93/><F93/><W58/><G35/><T34/><D34/><U12/><E17/><V26/><F4/><W72/><G32/><T102/><D102/><U89/><E89/><V18/><F18/><W67/><G72/><T109/><D109/><U50/><E50/><V87/><F87/><W96/><G6/><N who="0" m="3543" /><D48/><U100/><E100/><V46/><F46/><W19/><G96/><T62/><D63/><U47/><E47/><V2/><F2/><W14/><G67/><T133/><D133/><U44/><E44/><V16/><F16/><W51/><G51/><T37/><D37/><U110/><E110/><V118/><F118/><W86/><G86/><RYUUKYOKU ba="0,0" sc="250,0,250,0,250,0,250,0" hai0="20,21,23,40,53,59,62,97,98,99" hai1="8,9,12,13" hai2="24,26,56,57" hai3="14,19,22,38,41,45,58" /><INIT seed="0,1,0,3,5,65" ten="250,250,250,250" oya="0" hai0="49,95,84,75,111,1,42,79,63,113,122,44,100" hai1="53,126,59,92,32,61,57,112,45,40,31,69,131" hai2="26,82,7,80,107,9,36,108,23,127,104,86,58" hai3="10,14,39,38,81,134,97,37,105,71,2,3,17"/><T72/><D113/><U22/><E32/><V128/><F108/><W47/><G134/><T41/><D1/><U120/><E120/><V85/><F36/><W60/><G47/><T52/><D122/><U109/><E109/><V101/><F128/><W110/><G110/><T124/><D111/><U25/><E112/><V102/><F127/><W13/><G81/><T115/><D115/><U64/><E131/><V88/><F58/><W0/><G14/><T68/><D79/><U91/><E126/><V21/><F26/><W46/><G46/><T33/><D33/><U12/><E12/><N who="2" m="5183" /><F104/><W50/><G50/><T56/><D68/><U29/><E29/><V74/><F107/><W76/><G76/><T123/><D123/><U114/><E114/><V116/><F116/><W20/><G105/><T48/><D124/><U35/><E35/><V78/><F74/><W16/><G97/><T24/><D41/><U99/><REACH who="1" step="1"/><E53/><REACH who="1" ten="250,240,250,250" step="2"/><V129/><F129/><W70/><G60/><T98/><D63/><U87/><E87/><V62/><F62/><W8/><REACH who="3" step="1"/><G17/><REACH who="3" ten="250,240,250,240" step="2"/><T11/><D75/><U43/><E43/><V67/><F85/><W77/><G77/><T94/><D72/><U106/><E106/><V90/><F78/><W30/><G30/><T54/><D42/><U117/><E117/><V96/><F86/><W118/><G118/><T15/><D24/><U66/><E66/><V119/><F67/><W130/><G130/><T6/><D84/><U5/><E5/><V89/><F119/><W51/><G51/><AGARI ba="1,2" hai="22,25,31,40,45,51,57,59,61,64,69,91,92,99" machi="51" ten="30,3900,0" yaku="1,1,7,1,52,1,53,0" doraHai="65" doraHaiUra="28" who="1" fromWho="3" sc="250,0,240,62,250,0,240,-42" /><INIT seed="1,0,0,1,1,121" ten="250,302,250,198" oya="1" hai0="43,67,84,15,83,34,44,93,29,124,114,102,28" hai1="126,46,36,85,112,27,107,20,48,74,33,129,53" hai2="79,50,98,116,72,58,90,105,91,39,47,7,123" hai3="4,63,31,108,86,45,80,1,40,104,51,64,131"/><U77/><E74/><V14/><F116/><W135/><G104/><T69/><D114/><U13/><E107/><V92/><F123/><W38/><G131/><T130/><D130/><U16/><E112/><V101/><F39/><W128/><G128/><T59/><D69/><U87/><E129/><V60/><F72/><W57/><G135/><T122/><D122/><U133/><E126/><V25/><F79/><W113/><G113/><T37/><D34/><U106/><E106/><V10/><F25/><W127/><G127/><T24/><D124/><U94/><E133/><V71/><F71/><W55/><G31/><T115/><D115/><U52/><E36/><V97/><F97/><W65/><G4/><T26/><D26/><U11/><E33/><V118/><F118/><W125/><G1/><T3/><D3/><U109/><E109/><V17/><F7/><W35/><G35/><T12/><D29/><N who="1" m="17639" /><E77/><V8/><F8/><W5/><G5/><T100/><D100/><U42/><E94/><V0/><F105/><W75/><G75/><T62/><D93/><U89/><E89/><V49/><F0/><W70/><G125/><T6/><D6/><U19/><E19/><V78/><F78/><N who="3" m="46359" /><G65/><T132/><D102/><U30/><E30/><V76/><F76/><W117/><G117/><T41/><D132/><U96/><E96/><V2/><F2/><W119/><G119/><T9/><D9/><U22/><E11/><V81/><F101/><W61/><G61/><T56/><D28/><U134/><E134/><V23/><F60/><W68/><G70/><T21/><D62/><RYUUKYOKU ba="0,0" sc="250,-15,302,15,250,-15,198,15" hai1="13,16,22,42,46,48,52,53,85,87" hai3="38,40,45,51,55,57,63,64,68,108" /><INIT seed="1,1,0,4,4,73" ten="235,317,235,213" oya="1" hai0="7,81,89,68,34,71,37,33,14,69,117,17,27" hai1="39,8,135,78,104,129,0,28,77,120,15,96,26" hai2="92,24,61,130,106,99,118,74,4,76,114,63,32" hai3="55,10,134,132,123,60,124,100,131,91,125,112,65"/><U86/><E120/><V115/><F118/><W126/><G123/><T11/><D37/><U36/><E0/><V53/><F106/><W3/><G112/><N who="2" m="43049" /><F4/><N who="3" m="1311" /><G55/><T2/><D117/><U35/><E135/><N who="3" m="51754" /><G91/><T31/><D34/><U42/><E42/><V20/><F32/><W52/><G100/><T56/><D56/><U21/><E35/><V5/><F5/><W122/><G122/><T46/><D46/><U50/><E129/><V13/><F130/><W109/><G52/><T70/><N who="0" m="17408" /><DORA hai="102" /><T38/><D38/><U49/><E39/><V127/><F53/><W83/><G83/><T30/><D30/><U44/><E104/><V51/><F51/><W95/><G95/><T101/><D101/><U43/><E96/><V82/><F99/><W64/><G109/><T22/><D89/><U9/><E49/><V105/><F92/><W88/><G88/><T1/><REACH who="0" step="1"/><D81/><REACH who="0" ten="225,317,235,213" step="2"/><U116/><E36/><V107/><F82/><W110/><G110/><T87/><D87/><U40/><E86/><V119/><F119/><W16/><G131/><T62/><D62/><U57/><E116/><V29/><F63/><W113/><G113/><T121/><D121/><U41/><E57/><V18/><F61/><W108/><G108/><T93/><D93/><U6/><E44/><V111/><F111/><W45/><G45/><T12/><AGARI ba="1,1" hai="1,2,7,11,12,14,17,22,27,31,33" m="17408" machi="12" ten="60,4000,0" yaku="1,1,0,1,53,0" doraHai="73,102" doraHaiUra="84,79" who="0" fromWho="0" sc="225,53,317,-21,235,-11,213,-11" /><INIT seed="2,0,0,0,3,103" ten="278,296,224,202" oya="2" hai0="35,80,32,65,110,38,93,4,60,34,127,124,102" hai1="115,67,40,29,14,62,25,52,27,49,12,19,9" hai2="116,132,78,81,44,84,130,8,79,54,74,133,105" hai3="91,61,39,98,106,10,41,100,119,128,43,95,46"/><V2/><F116/><W71/><G119/><T83/><D38/><U63/><E115/><V111/><F130/><W55/><G128/><T15/><D110/><U118/><E40/><V112/><F112/><W47/><G10/><T0/><D15/><U42/><E42/><V24/><F24/><N who="1" m="9289" /><E67/><V3/><F111/><W28/><G28/><T70/><D4/><N who="1" m="3111" /><E29/><V123/><F123/><W64/><G55/><T92/><D0/><U135/><E135/><N who="2" m="51787" /><F8/><W76/><G76/><T50/><D50/><U26/><N who="1" m="9297" /><U18/><DORA hai="126" /><E118/><V1/><F74/><W56/><G71/><T22/><D22/><N who="1" m="11607" /><E19/><V117/><F117/><W108/><G108/><T109/><D109/><U45/><AGARI ba="0,0" hai="45,49,52,62,63" m="11607,3111,9297" machi="45" ten="30,2000,0" yaku="8,1,54,1" doraHai="103,126" who="1" fromWho="1" sc="278,-5,296,20,224,-10,202,-5" /><INIT seed="3,0,0,4,4,95" ten="273,316,214,197" oya="3" hai0="62,101,75,117,39,4,22,76,92,113,124,126,119" hai1="49,5,45,133,41,52,67,25,27,55,16,51,43" hai2="1,42,47,17,79,80,59,26,53,33,128,24,46" hai3="94,134,23,14,123,110,20,18,93,131,37,34,114"/><W112/><G123/><T72/><D39/><U104/><E104/><V30/><F1/><W84/><G34/><T77/><D62/><U48/><E133/><V86/><F128/><W15/><G37/><T63/><D63/><U116/><E116/><V135/><F135/><W57/><G134/><T44/><D44/><U102/><E102/><V115/><F115/><W6/><G131/><T106/><D22/><U89/><E67/><V7/><F7/><W70/><G70/><T125/><D4/><U10/><E89/><V88/><F42/><W108/><G57/><T12/><D12/><N who="1" m="5199" /><E51/><V38/><F38/><W31/><G6/><T60/><D60/><U13/><E27/><V2/><F2/><W58/><G58/><T122/><D122/><U19/><E25/><V99/><F26/><N who="3" m="16839" /><G15/><T68/><D68/><U105/><E105/><V127/><F33/><W120/><G120/><T50/><D50/><U71/><E71/><V32/><F32/><W73/><G73/><N who="0" m="28235" /><D106/><U83/><E13/><V54/><F24/><W56/><G56/><T35/><D35/><U29/><E29/><V28/><F59/><W109/><G84/><T91/><D101/><U111/><E41/><V0/><F30/><W132/><G132/><T21/><D21/><U118/><E43/><V11/><F28/><W69/><G69/><T121/><D121/><U96/><E118/><N who="0" m="45065" /><D113/><AGARI ba="0,0" hai="14,18,23,93,94,108,109,110,112,113,114" m="16839" machi="113" ten="40,3900,0" yaku="14,1,10,1" doraHai="95" who="3" fromWho="0" sc="273,-39,316,0,214,0,197,39" /><INIT seed="3,1,0,4,3,126" ten="234,316,214,236" oya="3" hai0="91,106,129,89,57,114,68,22,2,52,8,32,13" hai1="33,53,125,99,3,63,40,111,117,9,128,84,85" hai2="62,105,97,45,4,98,77,73,51,41,109,50,12" hai3="80,35,123,29,112,102,38,133,47,61,26,86,115"/><W71/><G123/><T131/><D32/><U69/><E33/><V0/><F109/><W135/><G102/><T10/><D68/><U48/><E125/><V17/><F105/><W75/><G75/><T120/><D106/><U101/><E128/><N who="0" m="49225" /><D120/><U20/><E40/><V83/><F62/><W28/><G28/><T78/><D78/><U49/><E111/><V60/><F60/><W58/><G71/><T54/><D22/><U103/><E20/><V93/><F51/><W74/><G74/><T92/><D114/><U18/><E117/><V15/><F17/><W110/><G110/><T23/><D23/><U90/><E69/><V43/><F43/><W21/><G35/><T100/><D100/><U55/><E3/><V72/><F72/><W116/><G116/><T70/><D70/><U134/><E134/><V46/><F46/><W67/><G47/><T11/><D2/><U66/><E103/><V87/><F73/><W82/><G38/><T27/><D27/><U44/><E101/><V88/><F97/><W34/><G34/><T108/><D108/><U6/><E44/><V96/><F98/><W37/><G37/><T104/><D104/><U16/><E99/><V30/><F30/><W107/><G107/><T122/><D122/><U81/><E90/><N who="0" m="34313" /><D92/><U127/><E127/><V36/><F36/><W119/><G119/><T64/><D13/><N who="2" m="5194" /><F0/><W113/><G82/><T130/><N who="0" m="49233" /><T59/><DORA hai="39" /><D64/><U14/><E81/><V1/><F1/><W124/><G124/><T95/><D95/><U65/><E65/><V31/><F31/><W79/><AGARI ba="1,0" hai="21,26,29,58,61,67,79,80,86,112,113,115,133,135" machi="79" ten="40,3900,0" yaku="5,1,0,1" doraHai="126,39" who="3" fromWho="3" sc="234,-14,316,-14,214,-14,236,42" /><INIT seed="3,2,0,1,4,26" ten="220,302,200,278" oya="3" hai0="81,78,46,12,98,30,29,69,6,32,35,15,83" hai1="109,41,126,38,115,31,107,47,100,73,108,101,40" hai2="128,87,43,129,9,85,132,94,68,42,55,61,33" hai3="54,102,53,57,0,110,105,19,17,75,120,4,21"/><W7/><G75/><T93/><D69/><U37/><E73/><V51/><F132/><W82/><G120/><T1/><D1/><U27/><E115/><V11/><F33/><W99/><G110/><N who="1" m="42602" /><E126/><V111/><F111/><W91/><G53/><T62/><D6/><U44/><E107/><V16/><F68/><W71/><G71/><T90/><D62/><U28/><E28/><N who="0" m="10857" /><D35/><AGARI ba="2,0" hai="27,31,35,37,38,40,41,44,47,100,101" m="42602" machi="35" ten="30,2000,0" yaku="14,1,52,1" doraHai="26" who="1" fromWho="0" sc="220,-26,302,26,200,0,278,0" owari="194,-30.6,328,42.8,200,-20.0,278,7.8" /></mjloggm>