<mjloggm ver="2.3"><GO type="225" lobby="0"/><UN n0="%E6%A0%B9%E5%85%83%E3%81%8B%E3%82%89%E5%90%B9%E3%81%A3%E9%A3%9B%E3%81%B6" n1="%E3%82%B2%E3%82%B9%E8%8C%82%E5%8B%9D" n2="%72%69%6F%75%63%68%61%6E" n3="%E4%BF%BA%E3%81%A8%E5%A6%96%E5%A4%A2" dan="17,16,16,17" rate="2134.13,2089.67,2129.80,2232.49" sx="F,F,M,F"/><TAIKYOKU oya="0"/><INIT seed="0,0,0,4,0,96" ten="250,250,250,250" oya="0" hai0="10,61,89,94,65,119,33,54,36,27,0,30,80" hai1="26,62,118,88,121,104,112,15,18,69,98,70,12" hai2="120,123,101,93,56,60,16,82,52,39,53,95,17" hai3="125,108,128,129,132,3,45,23,79,38,116,67,24"/><T131/><D119/><U109/><E109/><V31/><F39/><W100/><G116/><T130/><D36/><U103/><E121/><V20/><F82/><W111/><G3/><T34/><D34/><U29/><E118/><V91/><F53/><W47/><G79/><T90/><D54/><U57/><E112/><V92/><F101/><W46/><G38/><T43/><D43/><U14/><E18/><N who="2" m="7275" /><F123/><W6/><G6/><T86/><D10/><U73/><E73/><V28/><F120/><W64/><G125/><T105/><D105/><U122/><E122/><V75/><F75/><W78/><G132/><T37/><D37/><U51/><E51/><V8/><F8/><W55/><G55/><T25/><D25/><U63/><E63/><V133/><F133/><W5/><G78/><T110/><D0/><U117/><E117/><V68/><F68/><W40/><G40/><T99/><REACH who="0" step="1"/><D110/><REACH who="0" ten="240,250,250,250" step="2"/><U32/><E32/><V22/><F91/><W81/><G111/><T77/><D77/><U84/><E26/><V106/><F106/><W87/><G108/><T35/><D35/><U127/><E127/><V83/><F83/><W66/><G24/><T76/><D76/><U113/><E104/><V41/><F41/><W135/><G135/><T107/><D107/><U115/><E113/><V72/><F72/><W1/><G81/><T102/><D102/><U11/><E115/><V13/><F13/><W59/><G100/><T9/><D9/><U114/><E11/><V42/><F42/><W126/><G1/><T4/><D4/><U97/><E29/><AGARI ba="0,1" hai="20,22,28,29,31,52,56,60,92,93,95" m="7275" machi="29" ten="30,3900,0" yaku="8,1,54,2" doraHai="96" who="2" fromWho="1" sc="240,0,250,-39,250,49,250,0" /><INIT seed="1,0,0,2,2,134" ten="240,211,299,250" oya="1" hai0="86,118,70,58,87,13,93,21,99,90,61,101,0" hai1="42,106,82,89,59,41,84,19,104,39,98,55,28" hai2="116,125,8,36,40,18,71,11,46,64,95,114,96" hai3="35,27,63,129,124,74,133,78,22,66,16,69,38"/><U88/><E28/><V92/><F125/><W83/><G133/><T126/><D126/><U14/><E39/><V119/><F114/><W79/><G129/><T12/><D0/><U47/><E89/><V6/><F71/><W17/><G124/><T9/><D70/><U132/><E132/><V7/><F64/><W115/><G115/><T127/><D127/><U20/><E98/><V5/><F92/><W50/><G38/><T33/><D33/><U65/><E65/><V10/><REACH who="2" step="1"/><F18/><REACH who="2" ten="240,211,289,250" step="2"/><W34/><G17/><N who="0" m="10407" /><D118/><U72/><E72/><V24/><F24/><W97/><G69/><T53/><D101/><AGARI ba="0,1" hai="5,6,7,8,10,11,36,40,46,95,96,101,116,119" machi="101" ten="40,1300,0" yaku="1,1,53,0" doraHai="134" doraHaiUra="123" who="2" fromWho="0" sc="240,-13,211,0,289,23,250,0" /><INIT seed="2,0,0,1,3,83" ten="227,211,312,250" oya="2" hai0="61,72,3,127,113,59,28,46,25,32,10,108,43" hai1="18,23,17,15,104,16,78,111,84,19,93,24,21" hai2="77,87,30,64,38,125,22,33,134,53,98,11,12" hai3="37,71,69,20,1,26,82,40,89,57,48,119,135"/><V131/><F125/><W75/><G119/><T95/><D108/><U132/><E111/><V114/><F114/><W47/><G1/><T66/><D127/><U60/><E104/><V14/><F131/><W5/><G5/><T62/><D72/><U116/><E116/><V4/><F134/><W56/><G135/><T45/><D113/><U76/><N who="1" m="4096" /><DORA hai="35" /><U31/><E132/><V91/><F33/><W0/><G0/><T29/><D29/><N who="1" m="17551" /><E60/><V85/><F38/><W6/><G6/><T80/><D80/><U41/><E41/><V42/><F42/><W97/><G97/><T115/><D115/><U73/><E73/><V126/><F12/><W130/><G130/><T7/><D43/><U118/><E118/><V123/><F123/><W79/><G37/><T120/><D120/><U129/><E129/><V36/><F36/><W88/><G69/><T50/><D50/><U109/><E109/><V55/><F126/><W68/><G68/><T94/><D61/><U70/><E70/><V122/><F122/><W49/><G71/><T52/><REACH who="0" step="1"/><D66/><REACH who="0" ten="217,211,312,250" step="2"/><U27/><E15/><N who="2" m="5607" /><F64/><W44/><G49/><T74/><D74/><U67/><E67/><V8/><F14/><W90/><G48/><T128/><D128/><U133/><E133/><V102/><F53/><W39/><G40/><T51/><D51/><U96/><E96/><V100/><F55/><W121/><G121/><T112/><D112/><U54/><E54/><V92/><F98/><W110/><G110/><T103/><D103/><U86/><E86/><N who="2" m="52343" /><F102/><W117/><G117/><T13/><D13/><U105/><E105/><RYUUKYOKU ba="0,1" sc="217,15,211,15,312,-15,250,-15" hai0="3,7,10,25,28,32,45,46,52,59,62,94,95" hai1="23,27,31,76,78,84,93" /><INIT seed="3,1,1,2,0,68" ten="232,226,297,235" oya="3" hai0="79,128,41,118,65,38,92,106,60,37,129,95,11" hai1="15,49,22,121,89,26,6,76,63,75,17,100,28" hai2="80,45,2,133,34,71,47,107,110,23,114,64,127" hai3="7,39,119,12,43,93,83,84,9,125,134,88,42"/><W46/><G119/><T90/><D118/><U31/><E100/><V50/><F114/><W135/><G43/><T101/><D41/><U82/><E121/><V113/><F34/><W61/><G125/><T103/><D79/><U36/><E36/><N who="0" m="13929" /><D11/><U10/><E63/><V58/><F113/><W40/><G40/><T91/><D106/><U86/><REACH who="1" step="1"/><E49/><REACH who="1" ten="232,216,297,235" step="2"/><V105/><F50/><W48/><G48/><T132/><D101/><U24/><E24/><V29/><F107/><W97/><REACH who="3" step="1"/><G61/><REACH who="3" ten="232,216,297,225" step="2"/><T70/><D60/><U72/><E72/><V3/><F127/><W87/><G87/><T104/><D129/><U77/><E77/><AGARI ba="1,3" hai="7,9,12,39,42,46,77,83,84,88,93,97,134,135" machi="77" ten="40,12000,1" yaku="1,1,52,1,54,1,53,1" doraHai="68" doraHaiUra="5" who="3" fromWho="1" sc="232,0,216,-123,297,0,225,153" owari="232,-16.8,93,-40.7,297,9.7,378,47.8" /></mjloggm>