<mjloggm ver="2.3"><GO type="225" lobby="0"/><UN n0="%E3%83%AD%E3%83%83%E3%83%86%E9%9B%80%E7%90%83" n1="%E6%A0%B9%E5%85%83%E3%81%8B%E3%82%89%E5%90%B9%E3%81%A3%E9%A3%9B%E3%81%B6" n2="%72%61%6B%33" n3="%E7%B4%94%E6%BD%94%E3%83%94%E3%83%A9%E3%83%8B%E3%82%A2" dan="17,17,18,17" rate="2279.57,2192.20,2270.20,2257.99" sx="M,F,M,M"/><TAIKYOKU oya="0"/><INIT seed="0,0,0,4,1,64" ten="250,250,250,250" oya="0" hai0="7,76,68,123,27,114,8,63,79,95,39,134,116" hai1="70,75,29,50,49,30,40,6,92,126,13,15,2" hai2="69,85,127,16,38,103,22,5,97,100,47,59,3" hai3="71,0,53,89,86,83,81,17,130,21,133,84,60"/><T72/><D114/><U37/><E75/><V124/><F85/><W120/><G0/><T93/><D116/><U9/><E126/><V48/><F38/><W80/><G130/><T45/><D123/><U44/><E92/><V54/><F69/><W77/><G133/><T131/><D131/><U82/><E82/><V12/><F3/><W115/><G115/><T99/><D134/><U104/><E104/><V57/><F5/><W109/><G109/><T58/><D68/><U113/><E113/><V36/><F103/><W94/><G120/><T51/><D39/><U66/><E49/><V102/><F100/><W35/><G35/><T46/><D27/><U125/><E125/><N who="2" m="48203" /><F36/><W61/><G71/><T18/><D18/><U31/><REACH who="1" step="1"/><E37/><REACH who="1" ten="250,240,250,250" step="2"/><V110/><F110/><W96/><G81/><T111/><D95/><AGARI ba="0,1" hai="12,16,22,47,48,54,57,59,95,97,102" m="48203" machi="95" ten="30,2000,0" yaku="18,1,54,1" doraHai="64" who="2" fromWho="0" sc="250,-20,240,0,250,30,250,0" /><INIT seed="1,0,0,1,2,71" ten="230,240,280,250" oya="1" hai0="51,128,83,59,124,93,66,30,25,110,61,96,39" hai1="82,63,22,29,88,50,91,28,84,18,131,2,21" hai2="42,33,114,48,121,87,41,52,1,92,70,19,13" hai3="133,101,34,73,129,134,26,32,120,43,53,106,112"/><U6/><E131/><V47/><F1/><W78/><G112/><T68/><D110/><U20/><E2/><V98/><F121/><W15/><G120/><T46/><D128/><U27/><E6/><V10/><F114/><W103/><G53/><T125/><D83/><U86/><E63/><V11/><F33/><W4/><G78/><T35/><D68/><U89/><E50/><V80/><F70/><W67/><G67/><T99/><D39/><U16/><E82/><V126/><F126/><N who="0" m="48746" /><D93/><U127/><E127/><V111/><F10/><N who="3" m="4551" /><G73/><T79/><D79/><U38/><E38/><V107/><F107/><W5/><G5/><T23/><D35/><N who="3" m="13353" /><G26/><T62/><D62/><U85/><E27/><V40/><F111/><W14/><G14/><T119/><D119/><U55/><E55/><AGARI ba="0,0" hai="23,25,30,46,51,55,59,61,66,96,99" m="48746" machi="55" ten="30,1000,0" yaku="18,1" doraHai="71" who="0" fromWho="1" sc="230,10,240,-10,280,0,250,0" /><INIT seed="2,0,0,1,3,58" ten="240,230,280,250" oya="2" hai0="126,98,41,73,46,10,110,35,39,78,49,28,125" hai1="88,87,16,2,59,60,54,43,91,24,72,27,48" hai2="19,1,107,66,8,115,37,15,133,50,42,95,56" hai3="31,6,123,86,26,84,93,71,33,116,75,14,135"/><V109/><F107/><W102/><G75/><T34/><D110/><U77/><E2/><V131/><F115/><W20/><G116/><T30/><D98/><U99/><E72/><V117/><F117/><W81/><G123/><T64/><D64/><N who="1" m="38943" /><E43/><V52/><F109/><W100/><G71/><T122/><D122/><U82/><E99/><V128/><F133/><W120/><G135/><T112/><D112/><U119/><E119/><V36/><F1/><W57/><G120/><T44/><D10/><U108/><E108/><V85/><F66/><W105/><G105/><T121/><D121/><U97/><E97/><V83/><F95/><W9/><G33/><N who="0" m="12299" /><D78/><U74/><E74/><V3/><F3/><W61/><G93/><T0/><D73/><U106/><E106/><V38/><REACH who="2" step="1"/><F42/><REACH who="2" ten="240,230,270,250" step="2"/><W118/><G118/><T63/><D0/><U132/><E132/><V90/><AGARI ba="0,1" hai="8,15,19,36,37,38,50,52,56,83,85,90,128,131" machi="90" ten="40,12000,1" yaku="1,1,2,1,0,1,54,1,53,1" doraHai="58" doraHaiUra="7" who="2" fromWho="2" sc="240,-40,230,-40,270,130,250,-40" /><INIT seed="2,1,0,0,0,84" ten="200,190,400,210" oya="2" hai0="87,116,59,68,75,54,31,123,129,121,77,27,8" hai1="94,3,40,76,93,70,16,73,57,51,45,107,96" hai2="2,44,56,29,125,85,104,7,132,112,101,61,30" hai3="10,64,127,9,134,74,82,135,47,131,100,38,0"/><V65/><F125/><W120/><G100/><T42/><D75/><U80/><E70/><V39/><F132/><N who="3" m="50731" /><G64/><T86/><D68/><U130/><E130/><V49/><F39/><W11/><G127/><T26/><D129/><U95/><E3/><V89/><F112/><W63/><G63/><T110/><D110/><U46/><E57/><V4/><F101/><W103/><G103/><T98/><D42/><U6/><E6/><N who="2" m="2091" /><F2/><W128/><G0/><T14/><D98/><U22/><E107/><V97/><F97/><W69/><G69/><T19/><D116/><U33/><E33/><V88/><F104/><W37/><G120/><T67/><D67/><U111/><E111/><V99/><F99/><W114/><G114/><T83/><D87/><U72/><E72/><V78/><F78/><W34/><G34/><BYE who="3" /><UN n3="%E7%B4%94%E6%BD%94%E3%83%94%E3%83%A9%E3%83%8B%E3%82%A2" /><T122/><REACH who="0" step="1"/><D31/><REACH who="0" ten="190,190,400,210" step="2"/><N who="2" m="11786" /><F85/><W5/><G74/><T119/><D119/><U126/><E126/><V35/><F35/><W21/><G131/><T71/><D71/><U115/><E115/><V102/><F102/><W48/><G128/><T36/><D36/><U23/><E96/><V53/><AGARI ba="1,1" hai="44,49,53,56,61,65,88,89" m="11786,2091" machi="53" ten="30,11700,0" yaku="8,1,52,2,54,1" doraHai="84" who="2" fromWho="2" sc="190,-40,190,-40,400,130,210,-40" /><INIT seed="2,2,0,1,3,80" ten="150,150,530,170" oya="2" hai0="53,58,3,106,102,130,131,65,38,84,127,63,123" hai1="62,67,20,47,114,18,44,15,73,26,104,49,82" hai2="89,126,77,10,72,107,86,36,95,19,30,35,118" hai3="51,34,74,42,124,66,27,121,54,103,134,50,94"/><V110/><F118/><W88/><G74/><T101/><D123/><U133/><E133/><V37/><F126/><W60/><G121/><T1/><D127/><U105/><E114/><V48/><F110/><W75/><G75/><T128/><D38/><U68/><E47/><V97/><F35/><W46/><G103/><N who="0" m="39435" /><D106/><U31/><E73/><V112/><F30/><W8/><G124/><T25/><D25/><U71/><E71/><V11/><F112/><W111/><G134/><T125/><D125/><U21/><REACH who="1" step="1"/><E82/><REACH who="1" ten="150,140,530,170" step="2"/><V120/><F72/><W96/><G111/><T98/><D98/><U23/><E23/><V56/><F97/><W122/><G122/><T99/><D99/><U64/><E64/><V85/><F120/><W29/><G8/><T16/><D84/><U108/><E108/><V76/><F86/><W117/><G117/><T69/><D16/><U32/><E32/><V90/><F19/><W5/><G5/><T100/><D100/><U41/><AGARI ba="2,1" hai="15,18,20,21,26,31,41,44,49,62,67,68,104,105" machi="41" ten="20,2700,0" yaku="1,1,0,1,7,1,53,0" doraHai="80" doraHaiUra="55" who="1" fromWho="1" sc="150,-9,140,43,530,-15,170,-9" /><INIT seed="3,0,0,5,0,48" ten="141,183,515,161" oya="3" hai0="30,33,134,100,114,73,11,75,17,113,128,35,93" hai1="124,10,85,97,34,77,127,36,41,6,51,80,98" hai2="60,1,20,99,104,21,45,103,15,89,64,121,105" hai3="118,59,42,82,29,123,39,27,92,111,116,96,18"/><W70/><G70/><T101/><D93/><U74/><E34/><N who="0" m="12809" /><D30/><U40/><E51/><V44/><F1/><W28/><G123/><T4/><D17/><U24/><E24/><V91/><F60/><W32/><G29/><T117/><D117/><U95/><E85/><V57/><F57/><W3/><G3/><T133/><D128/><U129/><E129/><V84/><F64/><W38/><G18/><T67/><D67/><U135/><E135/><N who="0" m="51721" /><D11/><U22/><E22/><V26/><F84/><W9/><G9/><T132/><N who="0" m="51729" /><T110/><DORA hai="79" /><D110/><U55/><E10/><V130/><F130/><W131/><G111/><T81/><D4/><U58/><E95/><V65/><F65/><W8/><G8/><T52/><D52/><U14/><E6/><V107/><F107/><W109/><G109/><T54/><D54/><U16/><E55/><V66/><F66/><W53/><G131/><T119/><D119/><U5/><E16/><V68/><F68/><W31/><G31/><T71/><D71/><U37/><E5/><V115/><F121/><W19/><G19/><T13/><D13/><U47/><E14/><V122/><F15/><W0/><G0/><T43/><D43/><U12/><E12/><V72/><F122/><W62/><G42/><T61/><D61/><U87/><E40/><V46/><F21/><W86/><G118/><T2/><D2/><U83/><E41/><V23/><F26/><W112/><G116/><T69/><D69/><U7/><E7/><V106/><F20/><W50/><G112/><N who="0" m="43115" /><D73/><U108/><E108/><V125/><F115/><RYUUKYOKU ba="0,0" sc="141,30,183,-10,515,-10,161,-10" hai0="75,81,100,101" owari="171,-22.9,173,-2.7,505,60.5,151,-34.9" /></mjloggm>