<mjloggm ver="2.3"><GO type="225" lobby="0"/><UN n0="%6D%75%75%6D%75%72%61" n1="%E8%A8%88%E7%AE%97%E6%A9%9F%E8%87%AA%E7%84%B6" n2="%E3%81%B7%E3%82%8A%E3%82%93%E8%81%96%E4%BA%BA" n3="%45%6C%79%73%69%75%6D" dan="16,17,16,17" rate="2110.03,2239.28,2142.55,2127.89" sx="F,M,M,F"/><TAIKYOKU oya="0"/><INIT seed="0,0,0,2,2,3" ten="250,250,250,250" oya="0" hai0="20,102,95,125,41,24,15,38,65,12,106,60,88" hai1="2,75,63,48,107,122,43,36,5,13,121,1,39" hai2="111,10,73,109,27,97,35,51,127,40,23,45,131" hai3="17,78,133,94,37,80,130,100,49,52,123,33,89"/><T19/><D125/><U110/><E107/><V30/><F73/><W28/><G37/><T0/><D0/><U54/><E75/><V84/><F127/><W72/><G130/><T59/><D106/><U18/><E110/><V62/><F62/><W105/><G133/><T96/><REACH who="0" step="1"/><D102/><REACH who="0" ten="240,250,250,250" step="2"/><U135/><E1/><V92/><F109/><W93/><G105/><T85/><D85/><U25/><E2/><V91/><F111/><W118/><G100/><T66/><D66/><U74/><E74/><V4/><F84/><W55/><G72/><T76/><D76/><U69/><E135/><V128/><F128/><W117/><G78/><T14/><D14/><U115/><E13/><N who="2" m="5319" /><F131/><W124/><G124/><T53/><D53/><U98/><E54/><V134/><F134/><W7/><G55/><T112/><D112/><U79/><E79/><V114/><F114/><W21/><G52/><T50/><D50/><U113/><E48/><V42/><F35/><W87/><G49/><T108/><D108/><U126/><E126/><V90/><F42/><W32/><G32/><T77/><D77/><U86/><E43/><V9/><F9/><W132/><G132/><T8/><D8/><U83/><E113/><V82/><F91/><W31/><G33/><T47/><AGARI ba="0,1" hai="12,15,19,20,24,38,41,47,59,60,65,88,95,96" machi="47" ten="30,6000,0" yaku="1,1,0,1,54,1,53,0" doraHai="3" doraHaiUra="119" who="0" fromWho="0" sc="240,70,250,-20,250,-20,250,-20" /><INIT seed="0,1,0,2,1,104" ten="310,230,230,230" oya="0" hai0="57,94,101,8,59,93,66,28,96,24,27,111,39" hai1="78,127,4,134,15,67,72,133,48,105,83,69,34" hai2="16,68,107,75,5,95,37,74,108,114,91,79,1" hai3="61,44,22,121,115,29,51,70,36,41,126,18,124"/><T7/><D39/><U125/><E105/><V12/><F68/><W33/><G115/><T117/><D117/><U13/><E34/><V129/><F114/><W120/><G33/><T54/><D111/><U25/><E25/><V102/><F37/><W128/><G29/><T65/><D94/><U86/><E48/><V109/><F79/><W32/><G32/><T38/><D38/><U9/><E13/><V92/><F1/><W80/><G80/><T63/><D28/><U46/><E46/><V87/><F5/><W26/><G128/><T49/><REACH who="0" step="1"/><D66/><REACH who="0" ten="300,230,230,230" step="2"/><U81/><E67/><V135/><F129/><W90/><G36/><T10/><D10/><U77/><REACH who="1" step="1"/><E69/><REACH who="1" ten="300,220,230,230" step="2"/><V99/><F107/><W131/><G70/><T97/><D97/><U52/><E52/><V20/><REACH who="2" step="1"/><F135/><AGARI ba="1,2" hai="4,9,15,72,77,78,81,83,86,125,127,133,134,135" machi="135" ten="40,5200,0" yaku="1,1,20,1,52,1,53,0" doraHai="104" doraHaiUra="89" who="1" fromWho="2" sc="300,0,220,75,230,-55,230,0" /><INIT seed="1,0,0,0,2,8" ten="300,295,175,230" oya="1" hai0="22,112,117,46,61,60,32,38,124,33,66,123,68" hai1="102,99,54,48,83,100,13,105,29,69,74,39,35" hai2="77,122,119,55,87,50,109,24,81,121,98,111,56" hai3="88,15,75,131,133,40,41,4,1,17,62,27,67"/><U6/><E39/><V95/><F119/><W36/><G131/><T126/><D117/><U134/><E134/><V44/><F44/><W96/><G75/><T5/><D112/><U78/><E69/><V130/><F130/><W125/><G133/><T2/><D123/><U42/><E42/><V9/><F24/><W19/><G125/><N who="0" m="48235" /><D61/><U132/><E132/><V64/><F64/><W23/><G4/><T73/><D73/><U82/><E100/><V59/><F56/><N who="3" m="37319" /><G1/><T65/><D65/><U45/><E82/><V116/><F116/><W7/><G7/><T25/><D5/><U115/><E115/><V97/><F97/><W12/><G36/><T80/><D80/><U104/><E104/><V120/><REACH who="2" step="1"/><F9/><REACH who="2" ten="300,295,165,230" step="2"/><N who="3" m="6287" /><G27/><T16/><D2/><U118/><E118/><V21/><F21/><W11/><G23/><T37/><D37/><U3/><E3/><V18/><F18/><W107/><G107/><T113/><D113/><U89/><E99/><V34/><F34/><W26/><G26/><T52/><D38/><U10/><E105/><V71/><F71/><W28/><G28/><T90/><D33/><U94/><E35/><V31/><F31/><W129/><G129/><T86/><D32/><U127/><E127/><V108/><F108/><W20/><G20/><T106/><D106/><U110/><E29/><V57/><F57/><W85/><G96/><T70/><D70/><U72/><E110/><V43/><F43/><W114/><G114/><T91/><D86/><N who="1" m="52535" /><E102/><AGARI ba="0,1" hai="50,55,59,77,81,87,95,98,102,109,111,120,121,122" machi="102" ten="40,2600,0" yaku="1,1,53,1" doraHai="8" doraHaiUra="51" who="2" fromWho="1" sc="300,0,295,-26,165,36,230,0" /><INIT seed="2,0,0,0,2,93" ten="300,269,201,230" oya="2" hai0="77,28,97,82,43,2,85,78,92,33,34,87,98" hai1="66,44,17,21,8,67,57,128,100,117,94,38,46" hai2="126,119,16,73,71,108,56,12,130,131,123,45,113" hai3="32,114,50,134,60,30,112,115,13,10,6,59,124"/><V37/><RYUUKYOKU type="yao9" ba="0,0" sc="300,0,269,0,201,0,230,0" hai2="12,16,37,45,56,71,73,108,113,119,123,126,130,131" /><INIT seed="2,1,0,5,5,21" ten="300,269,201,230" oya="2" hai0="127,58,104,22,30,99,27,119,123,114,62,65,95" hai1="91,46,83,1,122,16,86,113,56,125,103,92,26" hai2="128,117,69,51,72,106,7,78,131,126,135,105,18" hai3="23,37,47,89,130,50,87,12,19,2,0,134,9"/><V54/><F117/><W29/><G130/><N who="2" m="49705" /><F69/><W96/><G37/><T71/><D119/><U132/><E113/><V61/><F7/><W3/><G134/><T66/><D114/><U31/><E1/><V107/><F135/><W55/><G96/><T49/><D123/><U20/><E132/><V74/><F78/><W94/><REACH who="3" step="1"/><G29/><REACH who="3" ten="300,269,201,220" step="2"/><T14/><D30/><U13/><E31/><V75/><F126/><W82/><G82/><T15/><D127/><U79/><E125/><V118/><F118/><W85/><G85/><T17/><D99/><U116/><E116/><V41/><F18/><W38/><G38/><T5/><D17/><U53/><E122/><V44/><F61/><W102/><G102/><T33/><D62/><N who="1" m="36111" /><E103/><V67/><F67/><W80/><G80/><T39/><D65/><U6/><E83/><V60/><F60/><W98/><G98/><T70/><D66/><U84/><E86/><V90/><F90/><W88/><G88/><T115/><D115/><U101/><E101/><V111/><F111/><W25/><G25/><T34/><D27/><U133/><E133/><V11/><F11/><AGARI ba="1,1" hai="0,2,3,9,11,12,19,23,47,50,55,87,89,94" machi="11" ten="40,1300,0" yaku="1,1,53,0" doraHai="21" doraHaiUra="36" who="3" fromWho="2" sc="300,0,269,0,201,-16,220,26" /><INIT seed="3,0,0,4,3,51" ten="300,269,185,246" oya="3" hai0="101,34,17,94,63,4,21,19,54,103,96,124,52" hai1="40,45,89,116,86,6,15,93,76,131,2,61,110" hai2="46,99,78,5,87,32,53,7,22,95,28,106,122" hai3="83,92,24,79,104,113,118,37,10,120,67,39,23"/><W41/><G104/><T42/><D34/><U111/><E131/><V128/><F106/><W117/><G120/><T133/><D124/><U129/><E129/><V43/><F128/><W20/><G113/><T12/><D133/><U121/><E121/><V119/><F32/><W100/><G67/><T33/><D33/><U3/><E116/><V59/><F119/><W25/><G10/><N who="0" m="4167" /><D42/><U84/><E61/><V69/><F69/><W27/><G92/><T70/><D70/><U125/><E125/><V72/><F72/><W127/><G100/><N who="0" m="60439" /><D19/><U77/><E2/><V38/><F28/><W91/><G91/><T62/><D62/><U56/><E3/><V75/><F22/><W135/><G135/><T88/><D88/><U29/><E29/><V80/><F75/><W1/><G1/><T74/><D74/><U81/><E76/><V13/><F13/><W107/><G107/><T64/><D64/><U123/><E123/><V18/><F18/><W26/><G127/><T50/><D63/><U57/><E110/><V11/><F11/><W134/><G134/><T65/><D65/><U36/><E111/><V112/><F112/><W48/><G118/><T126/><D126/><U47/><E6/><V14/><F14/><W105/><G105/><T58/><D54/><U71/><E71/><V85/><F85/><W73/><G117/><T108/><D108/><U109/><E109/><V16/><F16/><W66/><G20/><T102/><D102/><U97/><E84/><V60/><F122/><W31/><G23/><T82/><D82/><U30/><E81/><V115/><F115/><RYUUKYOKU ba="0,0" sc="300,15,269,-15,185,15,246,-15" hai0="17,21,50,52,58,101,103" hai2="5,7,38,43,46,53,59,60,78,80,87,95,99" owari="315,41.5,254,5.4,200,-30.0,231,-16.9" /></mjloggm>