<mjloggm ver="2.3"><GO type="225" lobby="0"/><UN n0="%E6%9D%B1%E9%A2%A8%E3%81%AE%E3%81%8D%E3%82%83%E3%81%B7%E3%81%95%E3%82%93" n1="%72%69%6F%75%63%68%61%6E" n2="%E3%80%93%E3%81%97%E3%83%BC%E3%82%89%E3%80%93" n3="%6B%69%72%61%64%6F%6B%69" dan="17,16,16,16" rate="2257.63,2138.47,2074.94,2095.90" sx="M,M,M,M"/><TAIKYOKU oya="0"/><INIT seed="0,0,0,1,4,116" ten="250,250,250,250" oya="0" hai0="117,128,120,89,73,76,52,85,45,80,112,66,55" hai1="134,105,68,36,84,100,37,91,104,19,31,118,20" hai2="21,57,51,34,99,83,126,65,94,41,109,8,2" hai3="39,46,130,32,59,43,71,49,98,0,131,18,107"/><T11/><D117/><U77/><E118/><V95/><F34/><W12/><G0/><T22/><D112/><U125/><E125/><V3/><F126/><W26/><G71/><T119/><D119/><U101/><E134/><V87/><F109/><W96/><G59/><T129/><D66/><U30/><E68/><V90/><F95/><W58/><G58/><T78/><D22/><U135/><E135/><V16/><F8/><W81/><G81/><N who="0" m="45199" /><D11/><U97/><E77/><V79/><F41/><W127/><G39/><T40/><D78/><U69/><E69/><V38/><F38/><W75/><G75/><T115/><D115/><U72/><E72/><V60/><REACH who="2" step="1"/><F51/><REACH who="2" ten="250,250,240,250" step="2"/><W113/><G127/><T108/><D108/><U88/><E36/><V86/><F86/><W93/><G113/><T33/><D33/><U106/><E37/><V62/><F62/><W48/><G49/><N who="0" m="26791" /><D120/><U70/><E84/><V53/><F53/><W28/><G107/><T24/><D52/><U1/><E106/><V27/><AGARI ba="0,1" hai="2,3,16,21,27,57,60,65,79,83,87,90,94,99" machi="27" ten="20,5200,0" yaku="1,1,0,1,7,1,54,1,53,0" doraHai="116" doraHaiUra="111" who="2" fromWho="2" sc="250,-26,250,-13,240,62,250,-13" /><INIT seed="1,0,0,4,1,104" ten="224,237,302,237" oya="1" hai0="111,43,33,118,3,5,27,0,105,26,110,67,46" hai1="103,102,72,71,115,30,91,49,60,75,45,112,61" hai2="94,20,93,47,7,62,19,90,39,74,120,4,8" hai3="6,55,126,28,15,32,35,87,36,100,85,130,101"/><U59/><E30/><V133/><F120/><W56/><G36/><T132/><D105/><U81/><E71/><V95/><F133/><W89/><G130/><T29/><D118/><U17/><E17/><V9/><F74/><N who="1" m="28201" /><E59/><V41/><F62/><N who="1" m="24169" /><E49/><N who="2" m="26863" /><F90/><W99/><G89/><T82/><D82/><U84/><E91/><V113/><F39/><W79/><G56/><T37/><D67/><U134/><E45/><V16/><F113/><N who="1" m="43593" /><E134/><V57/><F57/><W34/><G28/><N who="0" m="19607" /><D132/><U50/><E50/><V53/><F53/><W23/><G55/><T131/><D131/><U65/><E81/><V80/><F80/><W40/><G32/><N who="0" m="20543" /><D5/><N who="2" m="2122" /><F19/><W117/><G6/><T76/><D76/><U127/><E65/><V107/><F107/><W12/><G79/><T97/><D97/><U38/><E38/><V44/><F44/><W122/><G117/><T119/><D119/><U78/><E78/><V25/><AGARI ba="0,0" hai="8,9,16,20,25,93,94,95" m="2122,26863" machi="25" ten="30,2000,0" yaku="8,1,54,1" doraHai="104" who="2" fromWho="2" sc="224,-5,237,-10,302,20,237,-5" /><INIT seed="2,0,0,2,4,63" ten="219,227,322,232" oya="2" hai0="126,71,121,2,46,47,31,90,88,44,23,19,119" hai1="27,59,76,8,112,28,1,93,75,78,133,114,17" hai2="98,21,22,69,86,82,110,113,57,39,127,106,103" hai3="123,12,102,80,85,15,91,125,7,54,41,9,83"/><V25/><F69/><W55/><G123/><T4/><D71/><U56/><E133/><V134/><F39/><W77/><G125/><T84/><D121/><U92/><E75/><V95/><F113/><W64/><G102/><T72/><D72/><U104/><E104/><V124/><F134/><W29/><G29/><T5/><D126/><N who="2" m="48170" /><F110/><W62/><G15/><T20/><D119/><U81/><E1/><V130/><F130/><W105/><G105/><T101/><D101/><U45/><E45/><V132/><F132/><W3/><G3/><T68/><D68/><U50/><E114/><V37/><F37/><W73/><REACH who="3" step="1"/><G41/><REACH who="3" ten="219,227,322,222" step="2"/><T51/><D2/><U97/><E28/><V118/><F106/><W42/><G42/><T49/><D31/><U109/><E112/><V117/><F118/><W131/><G131/><T10/><D10/><U24/><E8/><V14/><F117/><W135/><G135/><T48/><D23/><U70/><E109/><V65/><F14/><W96/><G96/><T38/><D38/><U60/><E97/><V129/><F129/><W30/><G30/><T35/><D35/><U52/><E24/><V13/><F13/><W33/><G33/><T43/><D43/><U99/><E27/><V108/><F25/><W107/><G107/><T128/><D128/><U100/><E99/><V79/><F108/><W111/><G111/><T94/><D90/><U67/><E100/><V74/><F21/><W66/><G66/><T58/><D58/><AGARI ba="0,1" hai="7,9,12,54,55,58,62,64,73,77,80,83,85,91" machi="58" ten="30,3900,0" yaku="1,1,7,1,52,1,53,0" doraHai="63" doraHaiUra="32" who="3" fromWho="0" sc="219,-39,227,0,322,0,222,49" /><INIT seed="3,0,0,5,4,115" ten="180,227,322,271" oya="3" hai0="62,104,117,46,83,77,45,82,47,97,121,49,87" hai1="39,36,72,126,32,38,93,128,108,86,105,135,22" hai2="59,90,96,7,56,129,53,99,52,107,130,73,40" hai3="103,75,64,5,13,6,25,18,98,31,132,101,70"/><W4/><G75/><T21/><D121/><U42/><E32/><V33/><F73/><W9/><G70/><T79/><D104/><U94/><E72/><V12/><F33/><W89/><G64/><T85/><D117/><U0/><E0/><V55/><F40/><W111/><G132/><T15/><D97/><N who="2" m="37450" /><F90/><W20/><G111/><T48/><REACH who="0" step="1"/><D62/><REACH who="0" ten="170,227,322,271" step="2"/><U71/><E105/><V102/><F107/><W80/><G98/><T67/><D67/><U50/><E108/><V68/><F102/><W113/><G113/><T8/><D8/><U92/><E135/><V110/><F110/><W76/><G101/><T14/><D14/><U106/><E106/><V29/><F12/><W118/><G103/><T74/><D74/><U30/><E128/><V35/><F130/><W124/><G118/><T65/><D65/><U109/><E109/><V61/><F61/><W127/><G9/><T43/><D43/><U133/><E133/><V116/><F129/><W28/><G13/><T81/><D81/><U91/><E38/><V95/><F116/><W34/><G80/><T84/><D84/><U125/><E36/><V120/><F120/><W114/><G114/><T17/><AGARI ba="0,1" hai="15,17,21,45,46,47,48,49,77,79,82,83,85,87" machi="17" ten="30,7900,0" yaku="1,1,0,1,9,1,8,1,53,0" doraHai="115" doraHaiUra="54" who="0" fromWho="0" sc="170,89,227,-20,322,-20,271,-39" owari="259,5.9,207,-29.3,302,40.2,232,-16.8" /></mjloggm>