<mjloggm ver="2.3"><GO type="225" lobby="0"/><UN n0="%E6%9D%B1%E9%A2%A8%E3%81%AE%E3%81%8D%E3%82%83%E3%81%B7%E3%81%95%E3%82%93" n1="%E5%91%89%E5%AF%8C%E6%98%A5" n2="%72%69%6F%75%63%68%61%6E" n3="%E3%82%A2%E3%83%BC%E3%83%A2%E3%83%AD%E3%83%BC%E3%83%B4%E3%82%A1" dan="17,16,16,16" rate="2222.53,2160.96,2169.20,2100.28" sx="M,M,M,M"/><TAIKYOKU oya="0"/><INIT seed="0,0,0,5,5,117" ten="250,250,250,250" oya="0" hai0="121,49,122,37,44,58,42,92,94,13,48,62,29" hai1="69,34,79,23,87,96,83,129,100,38,60,110,98" hai2="45,9,105,80,73,97,26,82,78,132,124,57,118" hai3="25,95,41,135,56,24,71,101,74,64,91,28,128"/><T120/><D29/><U54/><E38/><V119/><F124/><W14/><G71/><T27/><D27/><U65/><E110/><V10/><F132/><W90/><G74/><T116/><D13/><U8/><E129/><V35/><F45/><W125/><G125/><T36/><D116/><N who="2" m="44586" /><F80/><W43/><G135/><T77/><D77/><U61/><E34/><V22/><F35/><W2/><G2/><T72/><D72/><U123/><E8/><V131/><F131/><W59/><G128/><T134/><D134/><U55/><E123/><V109/><F109/><W21/><G14/><T67/><D94/><U12/><E60/><V15/><F57/><N who="3" m="22091" /><G64/><T66/><D92/><U7/><E98/><V106/><F97/><N who="3" m="59583" /><G25/><T75/><D75/><U102/><E102/><V20/><F9/><W17/><G28/><T53/><D67/><U31/><E31/><N who="2" m="17863" /><F22/><W93/><G90/><T89/><D89/><U33/><E33/><V108/><F108/><W133/><G133/><T88/><D88/><U40/><E23/><V16/><AGARI ba="0,0" hai="10,15,16,73,78,82,105,106" m="17863,44586" machi="16" ten="30,2000,0" yaku="12,1,54,1" doraHai="117" who="2" fromWho="2" sc="250,-10,250,-5,250,20,250,-5" /><INIT seed="1,0,0,1,5,13" ten="240,245,270,245" oya="1" hai0="24,101,120,28,54,4,113,10,42,107,86,89,132" hai1="96,130,85,111,30,88,114,121,67,100,15,103,93" hai2="71,70,18,20,46,62,7,122,102,5,118,66,41" hai3="3,75,0,50,47,109,26,90,64,125,22,74,92"/><U6/><E114/><V8/><F118/><W65/><G0/><T52/><D113/><U58/><E121/><V104/><F122/><W119/><G3/><T129/><D120/><U131/><E111/><V99/><F71/><W12/><G109/><T134/><D42/><U128/><E30/><V98/><F99/><W55/><G119/><T33/><D129/><U23/><E6/><V45/><F8/><W16/><G125/><T77/><D77/><U82/><E58/><V116/><F116/><W87/><REACH who="3" step="1"/><G12/><REACH who="3" ten="240,245,270,235" step="2"/><N who="0" m="5191" /><D107/><U133/><E133/><N who="0" m="51305" /><D101/><U36/><E103/><V127/><F127/><W81/><G81/><AGARI ba="0,1" hai="24,28,33,52,54,81,86,89" m="51305,5191" machi="81" ten="30,2000,0" yaku="20,1,54,1" doraHai="13" who="0" fromWho="3" sc="240,30,245,0,270,0,235,-20" /><INIT seed="2,0,0,5,0,84" ten="270,245,270,215" oya="2" hai0="26,15,119,54,117,23,5,3,73,48,39,36,123" hai1="55,60,95,38,64,83,43,33,45,97,40,111,127" hai2="19,104,116,18,14,102,42,12,92,21,69,25,30" hai3="74,113,112,66,93,13,114,90,78,28,49,53,29"/><V63/><F116/><N who="0" m="44618" /><D73/><U80/><E33/><V121/><F121/><W65/><G13/><T94/><D3/><U76/><E111/><V79/><F104/><W131/><G131/><T44/><D123/><U24/><E127/><V51/><F79/><W37/><G37/><T72/><D94/><U17/><E55/><V8/><F69/><W132/><G132/><T75/><D75/><U41/><E17/><V52/><F63/><W100/><G100/><T2/><D72/><U122/><E24/><V1/><F42/><W103/><G103/><T56/><D2/><U96/><E96/><N who="2" m="59655" /><F1/><W77/><G66/><T118/><N who="0" m="44626" /><T107/><DORA hai="47" /><D107/><U68/><E122/><V134/><F134/><W86/><G65/><T57/><D15/><N who="2" m="5674" /><F8/><W106/><G106/><T61/><D5/><U120/><E120/><V31/><F18/><W133/><G133/><T16/><D57/><AGARI ba="0,0" hai="19,21,25,30,31,51,52,57" m="5674,59655" machi="57" ten="30,5800,0" yaku="8,1,52,1,54,1" doraHai="84,47" who="2" fromWho="0" sc="270,-58,245,0,270,58,215,0" /><INIT seed="2,1,0,4,0,109" ten="212,245,328,215" oya="2" hai0="117,101,74,96,40,84,24,99,83,0,21,7,5" hai1="37,116,98,82,59,80,6,45,61,48,118,68,57" hai2="42,93,126,47,122,81,108,103,113,51,52,2,128" hai3="32,124,100,56,1,125,67,95,31,110,58,30,19"/><V75/><F113/><W20/><G1/><T46/><D74/><U107/><E6/><V132/><F122/><W102/><G110/><T90/><D117/><U112/><E98/><V89/><F108/><W53/><G67/><T3/><D3/><U79/><E107/><V33/><F2/><W73/><G73/><T105/><D99/><U71/><E80/><V135/><F33/><W129/><G129/><T14/><D14/><U39/><E82/><V70/><F70/><N who="1" m="26665" /><E79/><V76/><F126/><N who="3" m="48747" /><G58/><N who="1" m="22026" /><E61/><V9/><F128/><W119/><G119/><N who="1" m="45610" /><E112/><V50/><F103/><N who="3" m="39467" /><G95/><T123/><D123/><U55/><AGARI ba="1,0" hai="37,39,45,48,55" m="45610,22026,26665" machi="55" ten="40,2700,0" yaku="34,2" doraHai="109" who="1" fromWho="1" sc="212,-8,245,30,328,-14,215,-8" /><INIT seed="3,0,0,2,2,78" ten="204,275,314,207" oya="3" hai0="49,135,115,55,95,33,13,116,65,117,124,71,123" hai1="90,110,9,11,66,122,0,41,99,72,1,113,40" hai2="105,127,61,34,103,97,121,70,75,134,27,16,79" hai3="29,85,20,80,118,8,101,111,53,96,22,12,42"/><W125/><G118/><T50/><D33/><U120/><E72/><V87/><F75/><W6/><G125/><T39/><D123/><N who="1" m="47147" /><E90/><V4/><F127/><W44/><G53/><T56/><D124/><U114/><E99/><V35/><F121/><W69/><G69/><T48/><D13/><U108/><E66/><N who="2" m="41295" /><F34/><W36/><G29/><T86/><D39/><U64/><E64/><V38/><F38/><W57/><G57/><T14/><D14/><U58/><E58/><V128/><F4/><W84/><G111/><N who="1" m="42538" /><E9/><V83/><F128/><W52/><G52/><T3/><D3/><N who="1" m="1099" /><E11/><V131/><F131/><W45/><G45/><T60/><D135/><U46/><E46/><V74/><F134/><W133/><G133/><T89/><REACH who="0" step="1"/><D115/><AGARI ba="0,0" hai="40,41,113,114,115" m="1099,42538,47147" machi="115" ten="40,5200,0" yaku="28,2,14,1" doraHai="78" who="1" fromWho="0" sc="204,-52,275,52,314,0,207,0" owari="152,-34.8,327,42.7,314,11.4,207,-19.3" /></mjloggm>