<mjloggm ver="2.3"><GO type="225" lobby="0"/><UN n0="%E3%81%BF%E3%81%BF%E3%81%9A" n1="%E3%81%82%E3%83%BC%E3%81%97" n2="%E3%81%AF%E3%82%88%E3%81%8A%E3%81%98%E3%81%95%E3%82%93" n3="%73%65%69%6A%69%64%6F%6E" dan="17,16,16,16" rate="2251.84,2110.22,2085.95,2166.34" sx="M,M,M,M"/><TAIKYOKU oya="0"/><INIT seed="0,0,0,5,3,73" ten="250,250,250,250" oya="0" hai0="110,10,77,27,6,93,12,119,103,65,9,66,123" hai1="71,75,3,5,49,43,108,55,126,94,104,81,105" hai2="62,64,32,42,91,44,92,112,16,53,46,41,19" hai3="117,47,87,52,134,58,120,80,1,48,11,99,107"/><T33/><D119/><U88/><E71/><V135/><F112/><W17/><G117/><T101/><D123/><U109/><E43/><V24/><F135/><W76/><G134/><T122/><D122/><U61/><E61/><V40/><F32/><W100/><G120/><T22/><D110/><N who="1" m="42603" /><E126/><V127/><F127/><W74/><G74/><T28/><D77/><N who="1" m="44223" /><E5/><V129/><F129/><W20/><G11/><T45/><D45/><N who="1" m="28079" /><E3/><V51/><F24/><W57/><REACH who="3" step="1"/><G1/><REACH who="3" ten="250,250,250,240" step="2"/><T7/><D33/><U115/><E115/><V83/><F41/><W60/><G60/><T37/><D37/><U50/><E50/><V29/><F42/><W70/><G70/><T89/><D66/><U124/><E124/><V95/><F64/><W13/><AGARI ba="0,1" hai="13,17,20,47,48,52,57,58,76,80,87,99,100,107" machi="13" ten="20,8000,1" yaku="1,1,0,1,7,1,52,1,54,1,53,0" doraHai="73" doraHaiUra="85" who="3" fromWho="3" sc="250,-40,250,-20,250,-20,240,90" /><INIT seed="1,0,0,0,2,75" ten="210,230,230,330" oya="1" hai0="102,42,84,131,40,28,63,48,123,68,135,29,50" hai1="90,15,117,18,104,124,121,88,100,74,57,116,49" hai2="92,133,2,51,105,20,113,35,122,115,55,70,46" hai3="3,56,33,132,67,71,134,118,89,4,69,0,39"/><U128/><E121/><V127/><F105/><W86/><G39/><T129/><D102/><U45/><E74/><V34/><F122/><W96/><G33/><T44/><D123/><U126/><E57/><V103/><F2/><W25/><G25/><T98/><D98/><U58/><E58/><V54/><F127/><N who="1" m="48681" /><E128/><N who="0" m="49225" /><D135/><N who="3" m="51753" /><G96/><T97/><D97/><N who="1" m="61455" /><E117/><V32/><F133/><W5/><G0/><T26/><D84/><U37/><E37/><V59/><F70/><N who="3" m="26635" /><G3/><T87/><D87/><U14/><E116/><V78/><F103/><W119/><G119/><T38/><D42/><N who="1" m="24759" /><E15/><V108/><F92/><N who="3" m="54327" /><G118/><T60/><D29/><U19/><E19/><V120/><F120/><W23/><G23/><AGARI ba="0,0" hai="14,18,23,88,90" m="24759,61455,48681" machi="23" ten="30,2900,0" yaku="18,1,54,1" doraHai="75" who="1" fromWho="3" sc="210,0,230,29,230,0,330,-29" /><INIT seed="1,1,0,5,0,47" ten="210,259,230,301" oya="1" hai0="114,67,104,20,135,44,123,26,65,126,21,36,18" hai1="98,33,106,3,11,46,92,115,2,40,43,121,76" hai2="130,17,88,127,90,111,78,73,60,54,12,119,91" hai3="23,48,64,13,15,80,0,120,105,99,4,62,109"/><U35/><E121/><V42/><F119/><W58/><G120/><T63/><D114/><U59/><E106/><V57/><F111/><W97/><G109/><T39/><D123/><U81/><E115/><V124/><F130/><W1/><G1/><T8/><D104/><U128/><E43/><V71/><F42/><W96/><G0/><T41/><D135/><U89/><E59/><V101/><F101/><W69/><G105/><T94/><D126/><N who="2" m="48170" /><F71/><W132/><G132/><T134/><D134/><U86/><E3/><V68/><F68/><W37/><G37/><T108/><D108/><U77/><E77/><V34/><F34/><W129/><G129/><T61/><D8/><U25/><E25/><V95/><F78/><W16/><G80/><T14/><D94/><U131/><E128/><V74/><F95/><W125/><G125/><T83/><D83/><U31/><E31/><V93/><F93/><W22/><G69/><T113/><D113/><U56/><E56/><V24/><F24/><W38/><G38/><T50/><D36/><U122/><E122/><V52/><F54/><W102/><G102/><T112/><D39/><N who="1" m="21791" /><E131/><V103/><F103/><W45/><G4/><T75/><D75/><N who="1" m="43167" /><E98/><V110/><F110/><W100/><G100/><T10/><D112/><U9/><E9/><AGARI ba="1,0" hai="9,12,17,52,57,60,73,74,88,90,91" m="48170" machi="9" ten="30,3900,0" yaku="18,1,54,2" doraHai="47" who="2" fromWho="1" sc="210,0,259,-42,230,42,301,0" /><INIT seed="2,0,0,0,5,76" ten="210,217,272,301" oya="2" hai0="52,112,122,21,67,88,100,53,91,123,72,77,54" hai1="132,55,47,107,40,81,127,84,48,49,114,42,33" hai2="121,39,130,20,129,24,2,124,61,60,7,14,13" hai3="35,87,71,32,128,89,98,135,92,69,63,86,5"/><V27/><F39/><W1/><G128/><N who="2" m="49257" /><F61/><W50/><G135/><T31/><D112/><U115/><E107/><V85/><F60/><W83/><G1/><T109/><D67/><U9/><E132/><V116/><F85/><W22/><G5/><T25/><D100/><U90/><E33/><V103/><F103/><W105/><G105/><T73/><D109/><U65/><E127/><V113/><F113/><W44/><G22/><T28/><D77/><U111/><E111/><V134/><F134/><W93/><G87/><T10/><D10/><U119/><E119/><V8/><F116/><W70/><G92/><T131/><D131/><U106/><E106/><V78/><F78/><W126/><G126/><T37/><D37/><U51/><E65/><V16/><F124/><W26/><G26/><N who="2" m="9769" /><F121/><N who="0" m="46090" /><D21/><U66/><E66/><V96/><F96/><W80/><G63/><T3/><D25/><AGARI ba="0,0" hai="2,7,8,13,14,16,20,25" m="9769,49257" machi="25" ten="30,11600,0" yaku="19,1,34,2,54,1" doraHai="76" who="2" fromWho="0" sc="210,-116,217,0,272,116,301,0" /><INIT seed="2,1,0,5,1,38" ten="94,217,388,301" oya="2" hai0="82,126,112,17,76,91,115,62,28,1,31,13,12" hai1="100,84,109,52,80,36,4,72,25,132,116,89,26" hai2="33,120,14,46,74,90,53,16,50,106,104,119,41" hai3="9,86,58,94,32,75,97,64,105,130,108,110,5"/><V128/><F120/><W3/><G75/><T78/><D1/><U81/><E36/><V30/><F119/><W48/><G32/><T57/><D126/><U73/><E116/><V35/><F74/><W93/><G130/><T49/><D91/><U135/><E4/><V63/><F128/><W98/><G86/><T18/><D49/><U129/><E129/><V85/><F104/><W56/><G105/><T8/><D115/><U10/><E10/><V7/><F106/><W67/><G48/><T19/><D112/><U83/><E100/><V20/><F7/><W23/><G23/><T92/><D92/><N who="1" m="54311" /><E109/><V47/><F30/><W59/><G94/><T37/><D37/><U96/><E96/><N who="3" m="36970" /><G93/><T134/><D134/><N who="1" m="51243" /><E52/><V133/><F133/><W40/><G40/><T131/><D131/><U22/><E26/><V66/><F53/><W95/><G95/><T29/><D8/><U99/><E99/><V11/><F46/><W102/><G102/><T121/><D121/><U107/><E107/><V27/><F27/><W65/><G9/><T0/><D0/><U87/><E87/><V51/><F50/><W70/><G5/><T125/><D125/><U61/><E61/><V34/><F11/><W15/><G15/><T101/><D101/><U21/><E21/><V103/><F103/><W77/><G3/><T113/><D113/><U60/><E60/><V117/><F117/><W71/><G77/><N who="0" m="29803" /><D82/><U42/><E42/><V39/><F39/><W68/><AGARI ba="1,0" hai="56,58,59,64,65,67,68,70,71,108,110" m="36970" machi="68" ten="50,8000,1" yaku="29,2,28,2" doraHai="38" who="3" fromWho="3" sc="94,-21,217,-21,388,-41,301,83" /><INIT seed="3,0,0,4,2,103" ten="73,196,347,384" oya="3" hai0="29,2,99,105,11,31,50,24,19,114,6,120,107" hai1="56,54,85,42,40,28,17,122,4,134,106,26,127" hai2="62,95,9,76,36,66,91,112,5,23,38,88,101" hai3="111,30,94,59,22,37,44,49,32,110,70,68,113"/><W14/><G113/><T128/><D120/><U64/><E4/><V125/><F112/><W92/><G32/><T86/><D114/><U41/><E85/><V89/><F125/><W74/><G74/><T39/><D39/><U93/><E93/><N who="3" m="35946" /><G59/><T48/><D128/><U121/><E17/><V35/><F35/><W116/><G37/><T131/><D131/><U61/><E134/><V117/><F117/><W12/><G116/><T104/><D99/><U102/><E127/><V45/><F76/><W87/><G87/><T1/><D86/><U25/><E54/><V83/><F83/><W63/><G30/><T119/><D119/><U90/><E90/><V82/><F82/><W130/><G130/><T124/><D124/><U108/><E108/><N who="3" m="41514" /><G22/><T0/><D19/><U72/><E72/><V133/><F133/><W60/><G60/><T135/><D135/><U3/><E3/><V77/><F77/><W126/><G126/><T73/><D73/><U97/><E26/><V47/><F23/><W15/><G63/><T80/><D80/><U51/><E51/><V81/><F81/><W21/><G21/><T53/><D50/><U55/><E55/><AGARI ba="0,0" hai="12,14,15,44,49,55,68,70" m="41514,35946" machi="55" ten="30,2900,0" yaku="14,1,10,1" doraHai="103" who="3" fromWho="1" sc="73,0,196,-29,347,0,384,29" owari="73,-42.7,167,-23.3,347,14.7,413,51.3" /></mjloggm>