<mjloggm ver="2.3"><GO type="225" lobby="0"/><UN n0="%E6%A1%9C%E8%8A%B1%E9%96%83%E3%80%85" n1="%E6%B5%81%E3%82%8C%EF%BC%9F%53%4F%41" n2="%72%69%6F%75%63%68%61%6E" n3="%E3%83%A1%E3%82%AC%E3%83%87%E3%82%B8" dan="17,16,17,16" rate="2184.62,2069.11,2226.79,2113.00" sx="M,M,M,F"/><TAIKYOKU oya="0"/><INIT seed="0,0,0,0,4,66" ten="250,250,250,250" oya="0" hai0="56,69,74,33,83,132,81,65,52,51,77,12,85" hai1="27,131,93,72,82,15,40,11,98,23,109,115,126" hai2="55,30,73,8,97,36,121,70,75,122,102,5,26" hai3="124,120,37,25,4,3,53,129,84,45,112,117,96"/><T9/><D132/><U125/><E109/><V1/><F36/><W80/><G112/><T106/><D106/><U68/><E68/><V135/><F135/><W113/><G113/><T95/><D33/><U92/><E115/><V111/><F111/><W62/><G117/><T86/><D95/><U24/><E40/><V99/><F99/><W94/><G129/><T18/><REACH who="0" step="1"/><D83/><REACH who="0" ten="240,250,250,250" step="2"/><U108/><E92/><V76/><F122/><W78/><G94/><T105/><D105/><U0/><E108/><V91/><F121/><W48/><G80/><T87/><D87/><U89/><E82/><V41/><F75/><W38/><G84/><T88/><D88/><U67/><E72/><V43/><F91/><W123/><G123/><T128/><D128/><U6/><E131/><V133/><F73/><W110/><G110/><T59/><D59/><U64/><E125/><V54/><F133/><W14/><G124/><T104/><D104/><U116/><E126/><V34/><F76/><W44/><G120/><T42/><D42/><U2/><E116/><V134/><F134/><W32/><G78/><T101/><D101/><U46/><E46/><V13/><F41/><W90/><G45/><T16/><D16/><U130/><E130/><V10/><F43/><W50/><G44/><T31/><D31/><U63/><E89/><V29/><F29/><W47/><G90/><T118/><D118/><U28/><E93/><N who="2" m="58671" /><F70/><W57/><G96/><T127/><D127/><U39/><E98/><V49/><F49/><N who="3" m="28863" /><G37/><T35/><D35/><N who="1" m="20871" /><E39/><V22/><F34/><W119/><G38/><T107/><D107/><RYUUKYOKU ba="0,1" sc="240,15,250,-15,250,15,250,-15" hai0="9,12,18,51,52,56,65,69,74,77,81,85,86" hai2="1,5,8,10,13,22,26,30,54,55" /><INIT seed="0,1,1,0,5,2" ten="255,235,265,235" oya="0" hai0="58,24,96,57,22,108,115,65,101,91,54,8,15" hai1="70,77,102,27,34,95,53,85,74,90,100,134,133" hai2="116,36,83,71,121,80,81,62,73,28,33,87,44" hai3="59,37,40,132,76,11,60,123,63,18,119,5,19"/><T113/><D108/><U61/><E34/><V17/><F121/><W79/><G119/><T14/><D65/><U103/><E27/><V35/><F116/><W129/><G129/><T124/><D124/><U122/><E53/><V128/><F128/><W13/><G132/><N who="1" m="50794" /><E61/><V38/><F73/><W10/><G123/><T68/><D68/><U69/><E122/><V50/><F87/><W39/><G40/><T78/><D78/><U7/><E7/><V43/><F17/><W99/><G99/><T55/><D91/><U47/><E47/><V88/><F88/><W48/><G48/><N who="0" m="30919" /><D115/><U104/><E69/><V29/><F33/><W107/><G59/><T6/><D15/><U4/><E4/><V110/><F110/><W23/><G5/><T56/><D55/><U26/><E26/><V0/><F0/><W117/><G13/><T127/><D127/><U94/><E70/><V21/><F35/><W30/><G117/><T32/><D32/><U84/><E104/><V89/><F89/><W31/><G23/><T66/><D66/><U93/><E74/><V9/><F9/><W92/><G107/><T12/><D12/><U3/><E3/><V109/><F109/><W1/><G1/><T72/><D72/><U49/><E49/><V126/><F126/><W114/><G114/><T64/><D64/><U135/><N who="1" m="50802" /><U67/><DORA hai="98" /><E67/><N who="2" m="41463" /><F21/><W51/><G51/><T125/><D125/><U82/><AGARI ba="1,1" hai="77,82,84,85,90,93,94,95,100,102,103" m="50802" machi="82" ten="50,12000,2" yaku="20,1,34,2,52,3" doraHai="2,98" who="1" fromWho="1" sc="255,-61,235,133,265,-31,235,-31" /><INIT seed="1,0,0,1,5,105" ten="194,368,234,204" oya="1" hai0="4,123,103,134,125,127,85,15,0,53,60,24,40" hai1="106,68,76,86,18,9,89,88,56,48,11,25,124" hai2="41,69,32,45,38,39,3,49,8,99,113,44,114" hai3="132,98,108,135,117,26,17,20,87,74,71,63,115"/><U55/><E68/><V6/><F32/><W57/><G115/><N who="2" m="44041" /><F69/><W83/><G108/><T30/><D0/><U27/><E106/><V33/><F33/><W78/><G117/><T59/><D134/><N who="3" m="51241" /><G71/><T131/><D131/><U79/><E89/><V102/><F44/><W91/><G98/><T23/><D123/><U80/><E124/><N who="0" m="47689" /><D103/><U65/><E65/><V72/><F72/><W12/><G12/><T22/><D40/><U58/><E58/><V14/><F3/><W110/><G110/><T7/><D85/><U19/><E19/><AGARI ba="0,0" hai="4,7,15,19,22,23,24,30,53,59,60" m="47689" machi="19" ten="30,1000,0" yaku="18,1" doraHai="105" who="0" fromWho="1" sc="194,10,368,-10,234,0,204,0" /><INIT seed="2,0,0,0,0,65" ten="204,358,234,204" oya="2" hai0="51,35,72,6,105,44,98,68,60,23,24,67,12" hai1="118,58,28,57,88,48,36,112,10,29,116,16,104" hai2="84,15,90,132,38,120,37,107,109,54,74,39,97" hai3="21,89,31,8,41,76,20,81,108,130,5,1,122"/><V113/><F113/><W134/><G122/><T123/><D123/><U49/><E36/><V66/><F120/><W3/><G108/><T25/><D72/><U22/><E104/><V101/><F132/><W124/><G134/><T43/><D35/><U17/><E10/><V46/><F109/><W102/><G130/><T91/><D91/><U96/><E112/><V126/><F126/><W63/><G124/><T11/><REACH who="0" step="1"/><D23/><REACH who="0" ten="194,358,234,204" step="2"/><U69/><E22/><V42/><F74/><W115/><G89/><T95/><D95/><U47/><E88/><V106/><F106/><W110/><G115/><T19/><D19/><U18/><E18/><V71/><F90/><W13/><G21/><T77/><D77/><U80/><E80/><V83/><F83/><W114/><G114/><T59/><D59/><U85/><E85/><V82/><F82/><W61/><G81/><T127/><D127/><U33/><E33/><V53/><F84/><W32/><G76/><T131/><D131/><U70/><E96/><V62/><REACH who="2" step="1"/><F15/><REACH who="2" ten="194,358,224,204" step="2"/><W27/><G110/><T26/><D26/><U111/><E111/><V52/><AGARI ba="0,2" hai="37,38,39,42,46,52,53,54,62,66,71,97,101,107" machi="52" ten="30,12000,1" yaku="1,1,2,1,0,1,52,1,54,1,53,0" doraHai="65" doraHaiUra="75" who="2" fromWho="2" sc="194,-40,358,-40,224,140,204,-40" /><INIT seed="2,1,0,3,0,50" ten="154,318,364,164" oya="2" hai0="96,68,41,59,80,95,26,128,75,42,131,98,51" hai1="107,73,6,3,111,32,132,34,40,97,48,83,133" hai2="120,10,33,36,15,74,38,85,18,1,100,19,93" hai3="81,47,127,0,113,123,135,17,57,71,64,23,117"/><V25/><F120/><W106/><G117/><T115/><D68/><U29/><E29/><V88/><F74/><W76/><G123/><T86/><D115/><U53/><E40/><N who="0" m="15465" /><D75/><U89/><E107/><V70/><F70/><W90/><G113/><T101/><D26/><U8/><E97/><V134/><F134/><N who="1" m="51817" /><E111/><V21/><F1/><W125/><G71/><T56/><D96/><U14/><E3/><V52/><F100/><W110/><G106/><T114/><D114/><U54/><E89/><V11/><F33/><N who="1" m="12905" /><E48/><V118/><F118/><W129/><G110/><T130/><D51/><U116/><E116/><V39/><REACH who="2" step="1"/><F10/><REACH who="2" ten="154,318,354,164" step="2"/><W44/><G0/><T31/><D31/><U108/><E108/><V28/><F28/><W35/><G135/><T82/><D82/><U4/><E4/><V60/><F60/><N who="3" m="37903" /><G35/><T77/><AGARI ba="1,1" hai="56,59,77,80,86,95,98,101,128,130,131" m="15465" machi="77" ten="40,1500,0" yaku="19,1" doraHai="50" who="0" fromWho="0" sc="154,28,318,-5,354,-8,164,-5" /><INIT seed="3,0,0,2,3,53" ten="182,313,346,159" oya="3" hai0="92,91,126,17,49,99,52,34,30,28,98,61,68" hai1="29,128,16,117,111,26,71,123,131,90,54,109,129" hai2="23,120,32,12,11,43,57,46,22,56,87,119,50" hai3="80,133,73,35,110,97,116,81,89,122,8,44,19"/><W107/><G35/><T21/><D34/><N who="1" m="20791" /><E123/><V105/><F119/><W59/><G116/><T64/><D126/><U48/><E71/><V132/><F132/><W125/><G122/><T75/><D99/><U2/><E2/><V4/><F105/><W83/><G125/><T103/><D75/><U112/><E112/><V130/><F130/><W78/><G133/><T72/><D91/><U10/><E90/><V76/><F32/><W14/><G110/><N who="1" m="41994" /><E117/><V27/><F120/><W134/><G134/><T41/><D41/><U114/><E114/><V67/><F67/><W15/><G44/><T104/><D72/><U113/><E113/><V38/><F38/><W85/><G15/><T37/><D37/><U70/><E70/><V65/><F65/><W96/><G107/><T77/><D77/><U55/><E48/><V33/><F33/><W94/><G59/><N who="2" m="22601" /><F27/><W39/><G39/><T0/><D0/><U69/><E69/><V115/><F115/><W66/><G66/><T60/><D60/><U58/><E58/><V9/><F9/><W7/><G73/><T31/><D104/><U20/><E10/><V108/><F108/><W40/><G40/><T121/><D121/><U93/><E93/><V101/><F101/><W1/><REACH who="3" step="1"/><G78/><REACH who="3" ten="182,313,346,149" step="2"/><T135/><D135/><U82/><E54/><V74/><F74/><W6/><G6/><T100/><D52/><U127/><E55/><V45/><F46/><W106/><G106/><T63/><D63/><U13/><E127/><V25/><F25/><W95/><G95/><T88/><D49/><U102/><E82/><AGARI ba="0,1" hai="4,11,12,22,23,43,45,50,76,82,87" m="22601" machi="82" ten="30,8000,1" yaku="25,1,8,1,52,3" doraHai="53" who="2" fromWho="1" sc="182,0,313,-80,346,90,149,0" owari="182,-21.8,233,3.3,436,53.6,149,-35.1" /></mjloggm>