<mjloggm ver="2.3"><GO type="225" lobby="0"/><UN n0="%73%61%6E%64%69%72%69%73" n1="%72%69%6F%75%63%68%61%6E" n2="%E5%AE%AE%E4%BF%9D%E9%B6%8F%E8%82%89" n3="%E3%82%82%E3%81%90%E3%82%89" dan="16,16,16,16" rate="2119.30,2217.61,2133.13,2207.90" sx="M,M,M,M"/><TAIKYOKU oya="0"/><INIT seed="0,0,0,3,3,43" ten="250,250,250,250" oya="0" hai0="97,26,24,8,123,78,98,131,6,117,106,53,68" hai1="114,126,57,14,113,72,127,36,16,75,63,85,47" hai2="64,103,102,9,45,62,65,54,118,121,10,108,15" hai3="73,51,95,122,110,20,104,105,55,125,120,133,46"/><T41/><D117/><U48/><E36/><V135/><F118/><W7/><G110/><T29/><D123/><N who="3" m="47145" /><G133/><T80/><D131/><U109/><E109/><V12/><F108/><W70/><G70/><T32/><D68/><U84/><E84/><V59/><F121/><W112/><G112/><N who="1" m="43114" /><E85/><V38/><F38/><W0/><G73/><N who="1" m="28234" /><E63/><V17/><F135/><W49/><G125/><T69/><D69/><U100/><E100/><V99/><F45/><N who="3" m="28079" /><G20/><T88/><D32/><U33/><E57/><V56/><F59/><W87/><G95/><T23/><D106/><U116/><E33/><V37/><F37/><W21/><G21/><T130/><D23/><N who="1" m="11671" /><E116/><V129/><F129/><W119/><G87/><T40/><D8/><U76/><E76/><V25/><F25/><W28/><G28/><T107/><D29/><U67/><E67/><N who="2" m="25675" /><F99/><W77/><G77/><T90/><D78/><U83/><E83/><V60/><F62/><W124/><G119/><T50/><D98/><U2/><E2/><V115/><F115/><W27/><G27/><T101/><D26/><U35/><E35/><V39/><F39/><W74/><G74/><T11/><D24/><U34/><E34/><V58/><F58/><W92/><G92/><T93/><D93/><U86/><E86/><V5/><AGARI ba="0,0" hai="5,9,10,12,15,17,54,56,60,102,103" m="25675" machi="5" ten="30,1100,0" yaku="8,1" doraHai="43" who="2" fromWho="2" sc="250,-5,250,-3,250,11,250,-3" /><INIT seed="1,0,0,5,1,104" ten="245,247,261,247" oya="1" hai0="44,115,63,102,70,111,88,98,121,31,11,28,20" hai1="101,122,33,76,107,58,99,25,67,87,119,42,62" hai2="47,130,50,131,125,118,65,103,19,135,59,2,86" hai3="38,69,56,123,22,12,74,0,110,29,4,10,113"/><U126/><E126/><V81/><F118/><W64/><G123/><T72/><D115/><U35/><E119/><V75/><F2/><W116/><G113/><T66/><D111/><U54/><E122/><V27/><F125/><W127/><G127/><T132/><D121/><U1/><E1/><V78/><F135/><W120/><G120/><T95/><D132/><U5/><E5/><V96/><F65/><W26/><G38/><T83/><D20/><U17/><E42/><V84/><F59/><W90/><G116/><T80/><D11/><U16/><E54/><V114/><F19/><N who="3" m="10599" /><G90/><T97/><D44/><U15/><E25/><V89/><F27/><W3/><G69/><T82/><REACH who="0" step="1"/><D72/><REACH who="0" ten="235,247,261,247" step="2"/><U55/><E33/><V40/><F114/><W128/><G110/><T60/><D60/><U8/><E35/><V71/><F130/><W23/><G74/><T117/><D117/><U39/><E39/><V34/><F131/><W57/><G128/><T133/><D133/><U24/><E24/><V49/><F34/><N who="3" m="20791" /><G0/><T73/><D73/><U30/><E62/><V45/><F75/><W106/><G23/><T79/><D79/><U14/><E76/><V129/><F129/><W48/><G64/><T68/><D68/><U105/><E67/><V112/><F71/><W32/><G32/><T43/><D43/><U94/><E58/><N who="3" m="22634" /><G48/><N who="2" m="18537" /><F40/><W61/><G61/><T9/><D9/><N who="1" m="6223" /><E55/><V93/><F112/><W51/><G51/><T109/><D109/><U41/><E41/><V92/><AGARI ba="0,1" hai="45,47,78,81,84,86,89,92,93,96,103" m="18537" machi="92" ten="30,1100,0" yaku="8,1" doraHai="104" who="2" fromWho="2" sc="235,-3,247,-5,261,21,247,-3" /><INIT seed="2,0,0,1,0,113" ten="232,242,282,244" oya="2" hai0="63,3,103,1,87,124,25,16,24,93,51,75,77" hai1="130,56,26,114,20,45,52,68,38,23,17,128,40" hai2="78,7,131,112,120,28,111,47,41,0,102,57,67" hai3="101,58,80,53,81,100,110,95,2,4,27,43,55"/><V88/><F112/><W89/><G110/><T135/><D135/><U119/><E119/><V36/><F120/><W49/><G43/><T76/><D75/><U104/><E114/><V15/><F131/><N who="1" m="50217" /><E68/><V6/><F0/><W73/><G73/><T122/><D122/><U13/><E104/><V10/><F78/><W39/><G39/><T5/><D124/><U65/><E65/><V71/><F111/><W72/><G72/><T92/><D51/><N who="1" m="30751" /><E26/><V107/><F71/><W66/><G66/><T21/><D25/><U30/><E30/><V60/><F28/><W22/><G2/><T29/><D29/><U79/><E79/><V74/><F74/><W118/><G118/><T121/><D121/><U11/><AGARI ba="0,0" hai="11,13,17,20,23,38,40,45" m="30751,50217" machi="11" ten="30,2000,0" yaku="19,1,54,1" doraHai="113" who="1" fromWho="1" sc="232,-5,242,20,282,-10,244,-5" /><INIT seed="3,0,0,5,1,129" ten="227,262,272,239" oya="3" hai0="130,9,19,59,107,56,48,46,10,33,74,73,131" hai1="26,75,25,43,94,122,55,134,58,61,47,117,123" hai2="114,40,50,45,28,82,126,41,111,13,91,93,21" hai3="85,98,16,68,110,109,81,89,65,124,15,112,105"/><W92/><G112/><T71/><D71/><U72/><E134/><V2/><F111/><N who="3" m="42507" /><G124/><T34/><D48/><U108/><E108/><V70/><F2/><W132/><G105/><T104/><D19/><U128/><E128/><V77/><F70/><W88/><G132/><T99/><D99/><U11/><E117/><V63/><F63/><N who="3" m="39999" /><G15/><T52/><D46/><U49/><E11/><V17/><F126/><W23/><G23/><T38/><REACH who="0" step="1"/><D52/><REACH who="0" ten="217,262,272,239" step="2"/><U121/><E121/><V51/><F17/><AGARI ba="0,1" hai="16,17,81,85,88,89,92,98" m="39999,42507" machi="17" ten="30,11600,0" yaku="14,1,10,1,54,2" doraHai="129" who="3" fromWho="2" sc="217,0,262,0,272,-116,239,126" owari="217,-18.3,262,6.2,156,-34.4,365,46.5" /></mjloggm>