<mjloggm ver="2.3"><GO type="225" lobby="0"/><UN n0="%E7%AB%8B%E8%8A%B1%E9%9F%BF" n1="%E9%80%86%E9%80%A3%E5%B8%AF%E3%81%AE%E9%AC%BC" n2="%E3%81%BF%E3%81%BF%E3%81%9A" n3="%E7%99%BD%E6%97%A5%E9%9B%AA%E8%8F%9C" dan="17,16,16,16" rate="2146.11,2115.34,2171.18,2182.37" sx="F,M,M,M"/><TAIKYOKU oya="0"/><INIT seed="0,0,0,1,1,87" ten="250,250,250,250" oya="0" hai0="89,41,84,108,90,14,30,126,128,122,82,135,95" hai1="61,102,62,53,113,46,31,123,0,79,92,50,9" hai2="119,54,94,34,29,20,56,129,55,86,35,16,121" hai3="117,67,65,19,23,133,28,5,26,43,104,15,27"/><T91/><D122/><U24/><E113/><V75/><F121/><W116/><G104/><T78/><D135/><U125/><E125/><V49/><F75/><W110/><G133/><T98/><D126/><U13/><E0/><V111/><F111/><W132/><G132/><T6/><D108/><U60/><E123/><V70/><F129/><W3/><G110/><T25/><D128/><U134/><E134/><V59/><F70/><W130/><G130/><T47/><D6/><U109/><E109/><V96/><F29/><W4/><G43/><T76/><D76/><U42/><E79/><V112/><F112/><W83/><G83/><T66/><D66/><U71/><E71/><V12/><F119/><W17/><G3/><T48/><D14/><U7/><E102/><V36/><F36/><W106/><G106/><T105/><D105/><U81/><E81/><V38/><F38/><W93/><G93/><T101/><D101/><U72/><E92/><V100/><REACH who="2" step="1"/><F86/><REACH who="2" ten="250,250,240,250" step="2"/><W73/><G28/><T52/><D41/><U103/><E72/><V131/><F131/><W99/><G73/><T39/><D39/><U58/><REACH who="1" step="1"/><E103/><REACH who="1" ten="250,240,240,250" step="2"/><V80/><F80/><W107/><G117/><T114/><REACH who="0" step="1"/><D114/><REACH who="0" ten="240,240,240,250" step="2"/><U88/><E88/><V51/><AGARI ba="0,3" hai="12,16,20,34,35,49,51,54,55,56,59,94,96,100" machi="51" ten="20,8000,1" yaku="1,1,0,1,7,1,9,1,54,1,53,0" doraHai="87" doraHaiUra="22" who="2" fromWho="2" sc="240,-40,240,-20,240,110,250,-20" /><INIT seed="1,0,0,5,0,125" ten="200,220,350,230" oya="1" hai0="116,89,69,79,128,10,24,21,45,129,73,37,46" hai1="40,115,53,111,104,15,34,66,108,135,32,78,80" hai2="76,36,47,25,5,48,43,117,67,122,114,107,4" hai3="101,85,39,59,77,0,14,90,110,17,27,130,16"/><U91/><E115/><V75/><F117/><W131/><G0/><T35/><D116/><U30/><E104/><V60/><F122/><W87/><G39/><T49/><D69/><U105/><E105/><V61/><F114/><W134/><G110/><T38/><D35/><U113/><E113/><V103/><F61/><W71/><G71/><T63/><D63/><U19/><E66/><V50/><F50/><W68/><G68/><T100/><D100/><U112/><E40/><V95/><F107/><W18/><G134/><T51/><D89/><U58/><E135/><V6/><F25/><W97/><G27/><T65/><D65/><U121/><E121/><V54/><F75/><W28/><G28/><T88/><D88/><U70/><E70/><V118/><F76/><W8/><G77/><T132/><D10/><U55/><E91/><V84/><F118/><W102/><G59/><T93/><D93/><U7/><E7/><V133/><F133/><W109/><G109/><N who="1" m="42058" /><E30/><V64/><F36/><W41/><G41/><T20/><D132/><U9/><E55/><V92/><F92/><W86/><G90/><T119/><D119/><U96/><E96/><N who="2" m="59807" /><F84/><W3/><G3/><T1/><D79/><U22/><E112/><V13/><F13/><W52/><G52/><T74/><D24/><U42/><E42/><V57/><AGARI ba="0,0" hai="4,5,6,43,47,48,54,57,60,64,67" m="59807" machi="57" ten="30,1100,0" yaku="8,1" doraHai="125" who="2" fromWho="2" sc="200,-3,220,-5,350,11,230,-3" /><INIT seed="2,0,0,3,3,111" ten="197,215,361,227" oya="2" hai0="52,88,41,68,106,34,113,104,56,43,65,11,109" hai1="126,44,4,40,55,25,87,71,22,112,27,114,130" hai2="37,84,67,17,9,85,21,80,95,69,7,70,75" hai3="23,72,86,96,14,45,82,100,118,58,6,42,74"/><V73/><F37/><W129/><G118/><T79/><D79/><U15/><E130/><V63/><F69/><W121/><G121/><T131/><D34/><U60/><E126/><V101/><F85/><W16/><G129/><T28/><D131/><U1/><E1/><V128/><F128/><W91/><G58/><T12/><D28/><U127/><E127/><V90/><F101/><W123/><G6/><T93/><D109/><U83/><E15/><V8/><F80/><W24/><G14/><T115/><D65/><U66/><E55/><V117/><F117/><W105/><REACH who="3" step="1"/><G123/><REACH who="3" ten="197,215,361,217" step="2"/><T107/><D68/><U10/><E4/><V134/><F7/><W0/><G0/><T98/><D43/><U133/><E27/><V26/><REACH who="2" step="1"/><F134/><REACH who="2" ten="197,215,351,217" step="2"/><W135/><G135/><T94/><D41/><U103/><E133/><V78/><F78/><W5/><G5/><T54/><D106/><U122/><E40/><V33/><F33/><W125/><G125/><T3/><D104/><U132/><E132/><V64/><F64/><W13/><G13/><T97/><D107/><U108/><E71/><V49/><F49/><AGARI ba="0,2" hai="16,23,24,42,45,49,72,74,82,86,91,96,100,105" machi="49" ten="30,3900,0" yaku="1,1,7,1,54,1,53,0" doraHai="111" doraHaiUra="35" who="3" fromWho="2" sc="197,0,215,0,351,-39,217,59" /><INIT seed="3,0,0,3,3,52" ten="197,215,312,276" oya="3" hai0="24,115,41,36,101,34,124,90,37,79,2,10,58" hai1="60,14,62,25,61,93,69,64,72,42,88,130,120" hai2="55,94,54,40,56,134,45,57,28,116,86,76,109" hai3="104,13,20,4,17,123,95,44,82,50,129,133,63"/><W106/><G123/><T112/><D101/><U33/><E120/><V92/><F116/><W51/><G129/><T81/><D90/><U108/><E130/><V103/><F109/><W5/><G133/><T89/><D89/><U43/><E108/><V70/><F70/><W7/><G63/><T96/><D96/><U127/><E127/><V102/><F134/><W59/><G95/><N who="2" m="36393" /><F28/><W67/><G67/><T48/><D48/><U71/><E72/><V114/><F40/><W0/><G0/><T122/><D58/><N who="2" m="22634" /><F114/><N who="0" m="43562" /><D124/><U75/><E75/><V11/><F11/><W32/><G51/><T105/><D105/><U91/><E61/><V38/><F38/><W66/><G106/><T78/><D122/><U121/><E121/><V35/><F35/><W9/><G32/><T49/><D49/><U113/><E62/><V117/><F117/><W110/><G110/><T30/><D41/><U18/><E71/><V118/><F118/><W68/><G50/><T97/><D97/><U65/><E65/><V77/><F45/><W99/><G44/><T6/><D79/><N who="2" m="30282" /><F86/><W46/><G68/><T84/><D84/><U131/><E131/><V29/><F29/><W47/><G66/><T53/><D53/><AGARI ba="0,0" hai="53,54,55,102,103" m="30282,22634,36393" machi="53" ten="30,12000,2" yaku="28,2,8,1,52,3" doraHai="52" who="2" fromWho="0" sc="197,-120,215,0,312,120,276,0" owari="77,-42.3,215,-18.5,432,53.2,276,7.6" /></mjloggm>