<mjloggm ver="2.3"><GO type="225" lobby="0"/><UN n0="%E3%81%B5%E3%81%98%E3%81%8B%E3%81%A4" n1="%E3%81%BF%E3%81%BF%E3%81%9A" n2="%E3%83%94%E3%83%B3%E3%82%B5%E3%83%AD%E5%BA%97%E5%93%A1" n3="%E6%A1%9C%E8%8A%B1%E9%96%83%E3%80%85" dan="16,17,16,16" rate="2189.72,2262.71,2173.98,2104.86" sx="M,M,M,M"/><TAIKYOKU oya="0"/><INIT seed="0,0,0,3,4,36" ten="250,250,250,250" oya="0" hai0="52,58,116,93,47,101,69,53,6,10,34,12,60" hai1="110,49,61,128,55,40,29,134,74,33,35,114,106" hai2="78,44,48,4,0,23,76,16,105,14,107,62,124" hai3="38,103,125,90,95,70,57,108,122,24,96,119,59"/><T77/><D116/><U5/><E106/><V13/><F0/><W41/><G119/><T42/><D34/><U15/><E74/><V109/><F109/><W79/><G108/><T71/><D77/><U100/><E100/><V99/><F124/><W67/><G125/><T112/><D112/><U30/><E110/><V56/><F107/><W75/><G122/><T94/><D53/><U127/><E127/><V27/><F99/><W104/><G24/><T21/><D21/><U64/><E128/><V129/><F105/><W89/><G70/><T115/><D115/><U46/><E114/><V54/><F129/><W86/><G90/><T91/><D101/><U98/><E134/><V17/><F4/><W9/><G9/><T102/><D102/><U88/><E64/><V118/><F118/><W80/><G67/><T22/><D22/><U132/><E33/><V111/><F111/><W72/><G72/><T65/><D91/><U28/><E132/><V131/><F131/><W11/><G11/><T84/><D84/><U45/><E35/><V117/><F117/><W43/><G38/><N who="0" m="21975" /><D71/><U39/><E61/><V37/><F37/><W3/><G3/><T1/><D1/><U18/><E5/><V83/><F17/><W63/><G63/><T51/><AGARI ba="0,0" hai="6,10,12,51,52,58,60,65,69,93,94" m="21975" machi="51" ten="30,6000,0" yaku="24,1,52,1,54,1" doraHai="36" who="0" fromWho="0" sc="250,60,250,-20,250,-20,250,-20" /><INIT seed="0,1,0,1,4,8" ten="310,230,230,230" oya="0" hai0="108,36,69,128,73,119,45,6,23,39,96,21,26" hai1="126,107,84,88,3,125,112,103,50,9,40,89,113" hai2="72,24,10,133,71,43,104,111,79,94,60,66,131" hai3="48,41,54,115,55,2,134,5,70,37,25,53,16"/><T57/><D119/><U77/><E107/><V31/><F104/><W95/><G115/><N who="1" m="44106" /><E103/><V135/><F111/><W90/><G134/><N who="2" m="51209" /><F131/><W44/><G70/><T102/><D108/><U65/><E65/><V120/><F120/><W13/><G2/><T116/><D69/><U29/><E29/><V38/><F94/><W123/><G123/><T110/><D128/><U52/><E40/><V7/><F79/><W93/><G5/><T63/><D116/><U117/><E117/><V129/><F72/><W17/><G37/><T59/><D73/><U130/><E130/><V34/><F129/><W56/><G56/><T76/><D76/><U18/><E77/><V51/><F38/><W122/><G122/><T97/><D110/><U35/><E35/><V11/><F7/><W28/><G13/><T82/><D39/><U105/><E105/><V80/><F80/><W19/><REACH who="3" step="1"/><G90/><REACH who="3" ten="310,230,230,220" step="2"/><T98/><D6/><N who="1" m="1247" /><E89/><V81/><F71/><W58/><G58/><T109/><D59/><N who="1" m="33175" /><E18/><V42/><F31/><W78/><G78/><T101/><D36/><U47/><E47/><V91/><F91/><W0/><G0/><T33/><D45/><U20/><E20/><AGARI ba="1,1" hai="16,17,19,20,25,28,41,44,48,53,54,55,93,95" machi="20" ten="40,5200,0" yaku="1,1,8,1,54,1,53,0" doraHai="8" doraHaiUra="114" who="3" fromWho="1" sc="310,0,230,-55,230,0,220,65" /><INIT seed="1,0,0,5,2,37" ten="310,175,230,285" oya="1" hai0="104,38,24,26,113,130,21,6,11,32,23,10,122" hai1="15,81,134,127,25,57,4,118,16,128,77,82,7" hai2="135,75,47,107,84,86,9,124,88,34,65,53,66" hai3="72,109,41,97,83,71,115,96,17,126,62,93,42"/><U123/><E118/><V103/><F75/><W94/><G115/><T76/><D104/><U43/><E123/><V89/><F34/><W133/><G109/><T98/><D113/><U63/><E127/><V61/><F135/><W67/><G126/><T60/><D76/><U114/><E114/><V58/><F124/><W3/><G3/><T121/><D38/><U14/><E134/><V106/><F103/><W131/><G133/><T78/><D78/><U8/><E128/><V55/><F9/><W54/><G131/><T120/><D130/><U70/><E70/><V22/><F22/><N who="0" m="8202" /><D60/><U18/><E25/><N who="0" m="9833" /><D98/><U31/><E31/><V28/><F28/><W30/><G30/><T85/><D85/><N who="1" m="48303" /><E82/><N who="2" m="49175" /><F107/><W64/><G83/><T52/><D52/><N who="2" m="20042" /><F106/><W95/><G72/><T111/><D32/><U20/><E43/><N who="3" m="16394" /><G71/><T48/><D48/><U92/><E92/><N who="3" m="35434" /><G17/><T40/><D40/><U35/><E35/><V110/><F110/><W13/><G97/><T5/><D111/><U99/><E99/><V79/><F79/><W69/><G69/><T91/><D91/><U102/><E102/><V51/><F89/><N who="3" m="55407" /><G13/><T2/><D2/><U46/><E46/><V49/><F47/><W45/><G45/><T90/><D90/><U105/><E105/><V101/><F101/><W1/><G1/><T27/><D27/><U87/><E87/><V56/><F86/><W125/><G125/><T116/><D116/><U132/><E132/><V73/><F73/><W119/><G119/><T39/><D39/><U12/><E15/><V68/><F68/><W19/><G19/><T100/><D100/><RYUUKYOKU ba="0,0" sc="310,0,175,0,230,0,285,0" hai0="5,6,10,11,120,121,122" hai1="4,7,8,12,14,16,18,20,57,63" hai2="49,51,56,58,61,65,66" hai3="54,62,64,67" /><INIT seed="1,1,0,3,2,22" ten="310,175,230,285" oya="1" hai0="76,122,24,36,114,51,112,72,113,9,120,30,107" hai1="81,135,43,127,13,18,0,42,14,70,116,32,60" hai2="104,50,3,106,131,111,98,20,87,78,63,26,90" hai3="126,84,59,62,49,134,128,31,29,65,33,10,56"/><U6/><E116/><V101/><F3/><W37/><G37/><T55/><D107/><U1/><E32/><V88/><F111/><W57/><G128/><T82/><D36/><U40/><E127/><V108/><F108/><W132/><G126/><T115/><D9/><U12/><E135/><N who="3" m="51754" /><G33/><T68/><D68/><U27/><E6/><V46/><F106/><W38/><G38/><T93/><D93/><U25/><E81/><V28/><F131/><W54/><G84/><T34/><N who="0" m="28672" /><DORA hai="94" /><T125/><REACH who="0" step="1"/><D125/><REACH who="0" ten="300,175,230,285" step="2"/><U58/><E70/><V119/><F119/><W5/><G57/><AGARI ba="1,1" hai="24,30,34,51,55,57,72,76,82,120,122" m="28672" machi="57" ten="70,8000,1" yaku="1,1,2,1,52,1,53,1" doraHai="22,94" doraHaiUra="73,133" who="0" fromWho="3" sc="300,93,175,0,230,0,285,-83" /><INIT seed="2,0,0,3,1,59" ten="393,175,230,202" oya="2" hai0="26,81,55,69,77,40,65,58,39,74,38,97,135" hai1="85,13,132,57,11,126,131,36,46,50,106,111,18" hai2="1,62,117,12,108,84,80,88,70,129,48,116,43" hai3="99,7,104,63,25,134,19,107,56,100,114,125,95"/><V90/><F1/><W3/><G125/><T52/><D135/><U64/><E126/><V83/><F129/><W89/><G134/><T41/><D97/><U10/><E132/><V121/><F121/><W2/><G114/><T54/><D26/><U28/><E106/><V6/><F108/><W0/><G7/><T45/><D41/><U42/><E111/><V4/><F43/><W23/><REACH who="3" step="1"/><G100/><REACH who="3" ten="393,175,230,192" step="2"/><T17/><D38/><U96/><E131/><V130/><F130/><W60/><G60/><T67/><D39/><U49/><E96/><V115/><F115/><W72/><G72/><T73/><D74/><U34/><E36/><V32/><F6/><W24/><G24/><T15/><D73/><U109/><E109/><V91/><F4/><W105/><G105/><T86/><D45/><N who="1" m="25783" /><E34/><V98/><F32/><W33/><G33/><T79/><D69/><U124/><E124/><V75/><F70/><W112/><G112/><T20/><D79/><U44/><E85/><V21/><F84/><W118/><G118/><T71/><D71/><U127/><E127/><V110/><F110/><W61/><G61/><N who="0" m="38071" /><D40/><N who="1" m="24839" /><E46/><V101/><F117/><W29/><G29/><T92/><D92/><U30/><E10/><V78/><F116/><W87/><G87/><T82/><D81/><U8/><E11/><V128/><F128/><W35/><G35/><T53/><N who="0" m="13312" /><DORA hai="120" /><T14/><D86/><U133/><E133/><V47/><F75/><W22/><G22/><T68/><D68/><U76/><E76/><V16/><F78/><W113/><G113/><T102/><D77/><U122/><E122/><RYUUKYOKU ba="0,1" sc="393,-15,175,15,230,-15,192,15" hai1="8,13,18,28,30,57,64" hai3="0,2,3,19,23,25,56,63,89,95,99,104,107" /><INIT seed="3,1,1,1,5,43" ten="378,190,215,207" oya="3" hai0="74,117,20,15,51,113,38,44,102,32,49,99,56" hai1="98,61,69,111,119,48,112,107,11,6,89,121,84" hai2="29,131,63,108,54,22,28,76,10,47,2,83,65" hai3="30,62,78,17,9,25,36,96,1,24,12,103,94"/><W77/><G36/><T60/><D117/><U116/><E112/><V123/><F108/><W90/><G1/><T122/><D32/><U52/><E121/><V118/><F118/><N who="1" m="45097" /><E111/><V21/><F131/><W14/><G62/><T8/><D74/><U4/><E107/><V50/><F123/><W101/><G14/><T53/><D20/><U26/><E98/><V93/><F93/><W41/><G41/><T71/><D71/><U39/><E39/><V27/><F2/><W124/><G124/><T35/><D35/><U120/><E26/><N who="3" m="10346" /><G30/><T115/><D122/><U95/><E120/><V23/><F10/><W7/><G7/><N who="0" m="3487" /><D38/><U100/><E100/><AGARI ba="1,1" hai="9,12,17,77,78,90,94,96,100,101,103" m="10346" machi="100" ten="30,1500,0" yaku="8,1" doraHai="43" who="3" fromWho="1" sc="378,0,190,-18,215,0,207,28" /><INIT seed="3,2,0,1,2,81" ten="378,172,215,235" oya="3" hai0="68,90,74,83,65,58,61,40,116,41,3,93,31" hai1="57,104,6,131,91,36,10,53,121,109,133,87,15" hai2="28,96,129,37,111,98,62,2,95,38,48,44,99" hai3="70,46,130,124,27,89,107,35,120,88,115,5,79"/><W94/><G120/><T80/><D116/><U39/><E121/><V12/><F2/><W105/><G115/><T71/><D71/><U42/><E131/><V9/><F111/><W64/><G130/><T55/><D3/><U126/><E109/><V34/><F129/><W52/><G79/><T110/><D110/><U18/><E133/><V43/><F95/><W114/><G114/><T47/><D74/><U29/><E126/><V78/><F78/><W25/><G5/><T100/><D100/><U135/><E135/><V92/><F92/><W97/><G89/><T101/><D31/><U106/><E29/><V33/><F62/><W82/><G82/><T63/><D101/><U73/><E73/><V72/><F72/><W19/><G19/><T13/><D13/><U108/><E108/><V113/><F113/><W84/><G35/><T119/><D40/><U16/><E104/><V102/><F102/><W49/><G124/><T134/><D119/><U132/><E106/><V56/><F56/><W0/><G0/><T128/><D128/><U17/><E42/><V117/><F117/><W127/><G127/><T1/><D1/><U112/><E132/><V30/><F30/><W22/><G105/><T86/><D134/><U67/><E112/><V4/><REACH who="2" step="1"/><F28/><REACH who="2" ten="378,172,205,235" step="2"/><W7/><G94/><T45/><D45/><U59/><E67/><V85/><F85/><W11/><G84/><T50/><AGARI ba="2,1" hai="41,47,50,55,58,61,63,65,68,80,83,86,90,93" machi="50" ten="20,2700,0" yaku="0,1,7,1,52,1" doraHai="81" who="0" fromWho="0" sc="378,43,172,-9,205,-9,235,-15" owari="421,52.1,163,-33.7,196,-20.4,220,2.0" /></mjloggm>