<mjloggm ver="2.3"><GO type="225" lobby="0"/><UN n0="%E4%BF%BA%E3%81%A8%E5%A6%96%E5%A4%A2" n1="%E3%82%BC%E3%83%AB%E3%83%80%E3%81%AE%E4%BC%9D%E8%AA%AC" n2="%E3%81%B5%E3%81%98%E3%81%8B%E3%81%A4" n3="%72%69%6F%75%63%68%61%6E" dan="17,18,16,17" rate="2172.78,2217.48,2156.45,2239.28" sx="F,M,M,M"/><TAIKYOKU oya="0"/><INIT seed="0,0,0,0,2,18" ten="250,250,250,250" oya="0" hai0="62,129,130,86,66,74,2,20,76,26,83,53,124" hai1="25,132,108,128,6,89,82,98,19,85,17,99,7" hai2="97,73,31,92,21,103,68,122,45,65,119,105,127" hai3="40,112,52,115,55,77,38,27,44,9,63,34,42"/><T35/><D2/><U33/><E108/><V8/><F122/><W30/><G77/><T71/><D124/><U88/><E132/><V84/><F127/><W29/><G42/><T24/><D35/><U125/><E125/><V118/><F45/><W0/><G30/><T37/><D37/><U113/><E128/><N who="0" m="49257" /><D53/><U81/><E33/><V54/><F54/><W50/><G63/><T135/><D135/><U16/><E113/><V126/><F126/><W36/><G55/><T10/><D10/><U114/><E114/><V111/><F111/><W4/><REACH who="3" step="1"/><G36/><REACH who="3" ten="250,250,250,240" step="2"/><T64/><D64/><U49/><E49/><V134/><F65/><W3/><G3/><T131/><D131/><U94/><E25/><N who="0" m="9833" /><D74/><U95/><REACH who="1" step="1"/><E81/><REACH who="1" ten="250,240,250,240" step="2"/><V72/><F134/><W93/><G93/><T56/><D71/><U43/><E43/><V109/><F68/><W57/><AGARI ba="0,2" hai="0,4,9,27,29,34,38,40,44,50,52,57,112,115" machi="57" ten="20,5200,0" yaku="1,1,0,1,7,1,54,1,53,0" doraHai="18" doraHaiUra="100" who="3" fromWho="3" sc="250,-26,240,-13,250,-13,240,72" /><INIT seed="1,0,0,4,3,26" ten="224,227,237,312" oya="1" hai0="62,73,11,12,38,77,130,61,114,75,107,66,74" hai1="120,65,6,1,123,25,85,19,105,22,132,71,40" hai2="109,55,76,52,21,29,121,8,72,39,133,54,113" hai3="41,45,47,57,50,98,17,63,128,124,69,91,15"/><U93/><E105/><V20/><F121/><W33/><G124/><T68/><D114/><U35/><E40/><V89/><F39/><W97/><G128/><T7/><D107/><U125/><E125/><V122/><F113/><W112/><G112/><T78/><D38/><U31/><E65/><V10/><F122/><N who="1" m="46633" /><E85/><V5/><F133/><W92/><G33/><T60/><D130/><U37/><E93/><V134/><F134/><W101/><G69/><T99/><REACH who="0" step="1"/><D99/><REACH who="0" ten="214,227,237,312" step="2"/><U108/><E71/><V43/><F109/><W131/><G131/><T81/><D81/><U58/><E37/><V116/><F116/><W84/><G101/><T127/><D127/><U14/><E132/><V117/><F117/><W118/><G118/><T79/><AGARI ba="0,1" hai="7,11,12,60,61,62,66,68,73,74,75,77,78,79" machi="79" ten="40,2700,0" yaku="1,1,0,1,53,0" doraHai="26" doraHaiUra="103" who="0" fromWho="0" sc="214,37,227,-13,237,-7,312,-7" /><INIT seed="2,0,0,3,0,42" ten="251,214,230,305" oya="2" hai0="19,62,126,93,53,95,43,103,59,18,17,71,41" hai1="115,98,27,135,107,109,22,50,128,85,20,78,67" hai2="99,16,23,15,125,108,66,28,72,49,1,21,33" hai3="25,94,70,45,91,96,0,127,113,34,111,83,40"/><V77/><F125/><W11/><G70/><T129/><D126/><U12/><E115/><V134/><F66/><W14/><G127/><T117/><D71/><U36/><E36/><V9/><F72/><W73/><G113/><T75/><D75/><U124/><E124/><V65/><F77/><W10/><G111/><T121/><D121/><U30/><E109/><V74/><F74/><W13/><G34/><T131/><D117/><U76/><E135/><V31/><F108/><W29/><G10/><T7/><D7/><U84/><E128/><N who="0" m="49225" /><D103/><U63/><E107/><V64/><F134/><W110/><G110/><T97/><D97/><U104/><E104/><V90/><F49/><W24/><G0/><T101/><D101/><U56/><E98/><V35/><F99/><W112/><G112/><T123/><D123/><U81/><E50/><V54/><F90/><N who="3" m="55383" /><G29/><N who="2" m="11337" /><F1/><W102/><G102/><T51/><D41/><U106/><E106/><V120/><F120/><W119/><G73/><T79/><D79/><N who="1" m="30251" /><E81/><V58/><F35/><W80/><G119/><T116/><D116/><U92/><E92/><V37/><F37/><W47/><G83/><T122/><D122/><U57/><E57/><V44/><F33/><W105/><G105/><T82/><D82/><U100/><E100/><V48/><F58/><W38/><G80/><T69/><D69/><U132/><E132/><V6/><F6/><N who="3" m="3319" /><G91/><T86/><D86/><U130/><E130/><V114/><F114/><W26/><G38/><T87/><D87/><U88/><E88/><V46/><F46/><AGARI ba="0,0" hai="17,18,19,43,46,51,53,59,62,93,95" m="49225" machi="46" ten="30,2000,0" yaku="19,1,52,1" doraHai="42" who="0" fromWho="2" sc="251,20,214,0,230,-20,305,0" /><INIT seed="3,0,0,1,2,95" ten="271,214,210,305" oya="3" hai0="24,66,20,104,128,1,123,101,135,60,99,132,49" hai1="61,90,131,133,16,129,42,27,50,18,68,4,25" hai2="81,100,93,12,121,14,31,15,72,77,63,13,71" hai3="7,10,85,82,102,34,9,52,11,35,36,62,120"/><W26/><G120/><T32/><D123/><U19/><E4/><V41/><F121/><W22/><G36/><T75/><D75/><U86/><E133/><N who="0" m="51273" /><D1/><U119/><E119/><V64/><F41/><W110/><G110/><T127/><D127/><U70/><E50/><V8/><F31/><N who="3" m="17879" /><G34/><T124/><D124/><U74/><E42/><V109/><F109/><W69/><G69/><N who="1" m="26730" /><E61/><V56/><F71/><W29/><G35/><T46/><D32/><U6/><E6/><V3/><F3/><W80/><G102/><T112/><D128/><N who="1" m="49227" /><E74/><V39/><F39/><W67/><G67/><T40/><D60/><U114/><E114/><V79/><F79/><N who="3" m="46239" /><G29/><N who="0" m="17543" /><D66/><U23/><E27/><V97/><N who="2" m="3072" /><DORA hai="21" /><V33/><REACH who="2" step="1"/><F33/><REACH who="2" ten="271,214,200,305" step="2"/><W2/><G2/><T126/><D126/><U96/><E96/><V91/><F91/><W108/><G108/><T53/><D40/><U111/><E111/><V78/><F78/><W98/><G10/><AGARI ba="0,1" hai="8,10,56,63,64,72,77,81,93,97,100" m="3072" machi="10" ten="50,8000,1" yaku="1,1,52,1,53,2" doraHai="95,21" doraHaiUra="118,5" who="2" fromWho="3" sc="271,0,214,0,200,90,305,-80" /><INIT seed="4,0,0,5,4,127" ten="271,214,290,225" oya="0" hai0="37,61,20,103,85,4,114,86,66,80,5,110,54" hai1="59,132,115,81,106,16,10,22,118,116,112,42,122" hai2="0,120,48,88,105,11,60,26,95,50,73,79,15" hai3="130,12,23,102,3,38,25,69,40,46,31,1,129"/><T52/><D37/><U41/><E106/><V30/><F120/><W64/><G102/><T45/><D114/><N who="1" m="43563" /><E122/><V107/><F0/><W133/><G133/><T94/><D110/><U53/><E10/><V34/><F105/><W2/><REACH who="3" step="1"/><G12/><REACH who="3" ten="271,214,290,215" step="2"/><T97/><D103/><U9/><E132/><V49/><F107/><W36/><G36/><T101/><D20/><U71/><E9/><V83/><F60/><AGARI ba="0,1" hai="1,2,3,23,25,31,38,40,46,60,64,69,129,130" machi="60" ten="50,8000,1" yaku="1,1,52,2,53,1" doraHai="127" doraHaiUra="63" who="3" fromWho="2" sc="271,0,214,0,290,-80,215,90" owari="271,7.1,214,-18.6,210,-29.0,305,40.5" /></mjloggm>