<mjloggm ver="2.3"><GO type="225" lobby="0"/><UN n0="%6D%75%75%6D%75%72%61" n1="%E3%81%A9%E3%82%8F%E3%82%93%E3%81%94" n2="%E3%83%AD%E3%83%83%E3%83%86%E9%9B%80%E7%90%83" n3="%E3%82%B8%E3%83%A3%E3%83%9E%E3%83%BC%E3%83%AB%E3%83%9E%E3%83%AC%E3%83%BC" dan="16,16,17,17" rate="2179.50,2159.56,2224.59,2211.53" sx="F,M,M,M"/><TAIKYOKU oya="0"/><INIT seed="0,0,0,3,5,101" ten="250,250,250,250" oya="0" hai0="77,53,74,45,111,97,120,92,42,68,35,4,131" hai1="67,132,61,124,51,29,66,13,70,3,56,94,63" hai2="58,6,78,23,27,96,80,30,123,37,39,118,69" hai3="38,55,106,22,99,93,48,25,105,121,19,0,40"/><T24/><D120/><U52/><E3/><V125/><F69/><W76/><G0/><T33/><D131/><U127/><E29/><V82/><F123/><W81/><G121/><T44/><D111/><U109/><E13/><V126/><F118/><W31/><G40/><T104/><D68/><N who="1" m="42063" /><E94/><V129/><F129/><W119/><G38/><T134/><D134/><U36/><E109/><V34/><F6/><W26/><G119/><T79/><D92/><U102/><E102/><V65/><F96/><W87/><G93/><T21/><D4/><U75/><E75/><V5/><F5/><W54/><G99/><T83/><D79/><U85/><E85/><V17/><F58/><W108/><G108/><T28/><D53/><U62/><E36/><V88/><F88/><W60/><G60/><T59/><D59/><N who="1" m="33183" /><E132/><V107/><F82/><W72/><G72/><T46/><REACH who="0" step="1"/><D42/><REACH who="0" ten="240,250,250,250" step="2"/><U15/><E15/><V98/><F78/><W64/><G55/><AGARI ba="0,1" hai="55,56,62,63,67,70,124,127" m="33183,42063" machi="55" ten="30,3900,0" yaku="34,2,54,1" doraHai="101" who="1" fromWho="3" sc="240,0,250,49,250,0,250,-39" /><INIT seed="1,0,0,5,1,90" ten="240,299,250,211" oya="1" hai0="105,94,128,19,121,40,86,32,45,63,53,120,95" hai1="55,130,59,42,117,25,60,15,22,38,119,102,16" hai2="99,6,30,68,64,66,52,17,58,93,72,67,27" hai3="131,75,12,89,96,122,31,44,65,110,50,26,56"/><U76/><E130/><V20/><F72/><W79/><G122/><N who="0" m="47211" /><D105/><U133/><E133/><V134/><F134/><W116/><G116/><T7/><D128/><U85/><E102/><V24/><F6/><W35/><G110/><T13/><D32/><U78/><E38/><V34/><F68/><W115/><G115/><T3/><D86/><U37/><E37/><V113/><F113/><W81/><G131/><T80/><D80/><U54/><E42/><V23/><F34/><W127/><G127/><T132/><D132/><U74/><E74/><V112/><F112/><W14/><G65/><T39/><D3/><U70/><E70/><V51/><F66/><W10/><G56/><N who="0" m="35215" /><D7/><U43/><E43/><V101/><AGARI ba="0,0" hai="17,20,23,24,27,30,51,52,58,64,67,93,99,101" machi="101" ten="20,8000,1" yaku="0,1,7,1,8,1,52,1,54,1" doraHai="90" who="2" fromWho="2" sc="240,-20,299,-40,250,80,211,-20" /><INIT seed="2,0,0,2,1,105" ten="220,259,330,191" oya="2" hai0="53,127,90,121,13,126,31,60,23,29,78,42,99" hai1="86,104,102,35,7,44,39,116,129,38,135,55,123" hai2="93,65,131,36,16,114,34,120,69,10,103,74,43" hai3="87,88,24,92,11,80,45,57,59,125,95,113,3"/><V17/><F34/><W73/><G125/><N who="0" m="47627" /><D121/><U66/><E116/><V94/><F114/><W85/><G113/><T76/><D42/><U110/><E35/><V58/><F58/><W106/><G106/><T133/><D133/><U40/><E7/><V98/><F94/><W50/><G24/><N who="0" m="16543" /><D31/><U54/><E40/><V130/><F120/><W15/><G3/><T118/><D118/><U41/><E41/><V26/><F65/><W83/><G73/><T68/><D13/><U32/><E66/><V72/><F69/><W71/><G71/><T77/><D53/><U119/><E55/><V67/><F67/><W4/><G59/><T48/><D48/><U19/><E54/><V8/><F26/><W14/><G14/><T49/><D49/><U112/><E39/><V22/><F22/><W82/><G57/><T25/><D25/><U47/><E38/><V134/><F134/><W117/><G117/><T5/><D5/><U9/><E135/><V1/><F1/><W28/><G28/><T109/><D109/><U70/><E110/><V27/><F27/><W2/><G2/><T89/><D99/><U6/><E6/><V124/><F124/><W64/><G64/><AGARI ba="0,0" hai="60,64,68,76,77,78,89,90" m="16543,47627" machi="64" ten="30,1000,0" yaku="18,1" doraHai="105" who="0" fromWho="3" sc="220,10,259,0,330,0,191,-10" /><INIT seed="3,0,0,2,3,4" ten="230,259,330,181" oya="3" hai0="23,91,75,7,95,118,71,134,34,123,104,72,83" hai1="100,25,98,16,61,28,31,81,56,38,105,132,42" hai2="114,135,116,66,53,21,41,112,120,26,126,20,131" hai3="35,33,62,19,113,77,46,36,73,48,121,6,85"/><W108/><G113/><T13/><D34/><U130/><E130/><V15/><F116/><W87/><G121/><T97/><D118/><U63/><E132/><V60/><F131/><W89/><G36/><T80/><D123/><U111/><E111/><V9/><F120/><W51/><G108/><T57/><D71/><U5/><E5/><V12/><F41/><W96/><G6/><T11/><D134/><U78/><E38/><V133/><F53/><W39/><G39/><T44/><D104/><U102/><E42/><V18/><F126/><W128/><G128/><T24/><D44/><U74/><E102/><V84/><F84/><N who="3" m="32331" /><G62/><T79/><D57/><U125/><E125/><V70/><F135/><W127/><G127/><T106/><D106/><U110/><E110/><V55/><F133/><W30/><G19/><T1/><D1/><U115/><E115/><V29/><F55/><N who="3" m="30103" /><G51/><T0/><D0/><U82/><E63/><V54/><F54/><W119/><G119/><T27/><D23/><U76/><E16/><AGARI ba="0,0" hai="9,12,15,16,18,20,21,26,29,60,66,70,112,114" machi="16" ten="30,3900,0" yaku="7,1,52,1,54,1" doraHai="4" who="2" fromWho="1" sc="230,0,259,-39,330,39,181,0" owari="230,3.0,220,-18.0,369,46.9,181,-31.9" /></mjloggm>