<mjloggm ver="2.3"><GO type="225" lobby="0"/><UN n0="%E4%BA%95%E5%B8%AF" n1="%E3%83%99%E3%83%AB%E3%83%A2%E3%83%83%E3%83%88" n2="%E3%83%88%E3%82%AD%E3%83%8E%E3%83%9F%E3%83%8E%E3%83%AB" n3="%E3%81%B5%E3%81%98%E3%81%8B%E3%81%A4" dan="16,16,16,16" rate="2066.11,2102.18,2077.96,2185.51" sx="M,M,M,M"/><TAIKYOKU oya="0"/><INIT seed="0,0,0,4,0,62" ten="250,250,250,250" oya="0" hai0="92,87,72,99,5,108,61,8,10,37,118,50,28" hai1="12,90,18,81,17,58,65,27,66,14,89,98,131" hai2="109,82,64,105,101,46,53,121,69,133,91,95,48" hai3="77,43,32,33,114,130,100,34,19,68,93,71,3"/><T115/><D37/><U25/><E131/><V79/><F121/><W63/><G114/><T49/><D72/><U57/><E81/><V135/><F109/><W36/><G130/><T47/><D118/><U39/><E39/><V132/><F101/><W106/><G3/><T83/><D115/><U20/><E20/><V60/><F105/><W111/><G111/><T134/><D134/><U16/><E18/><V126/><F126/><W55/><G77/><T1/><D28/><U52/><E98/><V26/><F26/><W35/><G106/><T112/><D112/><U67/><E66/><V73/><REACH who="2" step="1"/><F133/><REACH who="2" ten="250,250,240,250" step="2"/><W0/><G100/><T107/><D107/><U30/><REACH who="1" step="1"/><E30/><REACH who="1" ten="250,240,240,250" step="2"/><V96/><AGARI ba="0,2" hai="46,48,53,60,64,69,73,79,82,91,95,96,132,135" machi="96" ten="30,7900,0" yaku="1,1,2,1,0,1,52,1,53,0" doraHai="62" doraHaiUra="22" who="2" fromWho="2" sc="250,-39,240,-20,240,99,250,-20" /><INIT seed="1,0,0,2,3,1" ten="211,220,339,230" oya="1" hai0="36,35,92,130,111,39,28,101,122,18,64,125,34" hai1="119,88,59,85,47,73,37,38,19,117,121,60,25" hai2="15,44,53,126,0,83,21,61,75,80,48,123,68" hai3="50,90,16,27,29,106,81,115,76,133,54,8,110"/><U132/><E73/><V87/><F123/><W131/><G110/><T95/><D111/><U93/><E132/><V82/><F0/><W109/><G109/><T9/><D64/><U135/><E135/><V41/><F126/><W5/><G133/><T11/><D125/><U66/><E121/><V67/><F75/><W42/><G106/><T10/><D122/><U116/><REACH who="1" step="1"/><E47/><REACH who="1" ten="211,210,339,230" step="2"/><V129/><F129/><W98/><G115/><T86/><D130/><U23/><AGARI ba="0,1" hai="19,23,25,37,38,59,60,66,85,88,93,116,117,119" machi="23" ten="40,12000,1" yaku="1,1,2,1,0,1,54,1,53,0" doraHai="1" doraHaiUra="4" who="1" fromWho="1" sc="211,-40,210,130,339,-40,230,-40" /><INIT seed="1,1,0,5,1,126" ten="171,340,299,190" oya="1" hai0="131,16,121,84,97,28,111,127,114,102,69,67,66" hai1="81,40,34,31,43,101,83,99,110,71,17,46,96" hai2="87,15,35,80,49,56,74,125,79,44,61,6,88" hai3="134,85,65,42,89,93,95,76,132,19,54,55,22"/><U32/><E71/><V123/><F35/><W24/><G42/><T68/><D114/><U52/><E17/><V109/><F109/><W135/><G65/><T26/><D111/><U1/><E1/><V115/><F125/><W14/><G76/><T118/><D118/><U94/><E43/><V92/><F123/><W107/><G107/><T133/><D127/><U8/><E8/><V10/><F115/><W106/><G106/><T116/><D116/><U4/><E4/><V129/><F129/><W82/><G95/><T75/><D75/><U59/><E31/><V12/><F12/><W90/><REACH who="3" step="1"/><G24/><REACH who="3" ten="171,340,299,180" step="2"/><T39/><D26/><U45/><E110/><V11/><F79/><W117/><G117/><T104/><D104/><U36/><E40/><V98/><F74/><W77/><G77/><T62/><D67/><U37/><E94/><V91/><F92/><W128/><G128/><T5/><D66/><U73/><E73/><V41/><F91/><W53/><G53/><T64/><D64/><U29/><E52/><N who="2" m="33927" /><F98/><AGARI ba="1,1" hai="14,19,22,54,55,82,85,89,90,93,98,132,134,135" machi="98" ten="40,8000,1" yaku="1,1,20,1,53,2" doraHai="126" doraHaiUra="50" who="3" fromWho="2" sc="171,0,340,0,299,-83,180,93" /><INIT seed="2,0,0,0,5,50" ten="171,340,216,273" oya="2" hai0="23,132,38,17,24,0,26,108,71,21,62,111,45" hai1="110,80,42,79,97,67,116,124,104,107,59,60,120" hai2="1,83,99,82,84,113,102,76,52,53,35,34,22" hai3="135,2,109,3,96,9,6,51,94,13,106,40,118"/><V77/><F113/><W69/><G118/><T98/><D98/><U12/><E110/><V7/><F34/><W14/><G109/><N who="0" m="42059" /><D45/><U131/><E116/><V58/><F35/><W73/><G69/><T93/><D93/><U49/><E124/><V33/><F33/><W20/><G73/><T89/><D89/><U86/><E131/><V41/><F41/><W117/><G106/><T65/><D38/><U127/><E127/><V66/><F1/><W114/><G117/><T36/><D36/><U16/><E97/><V47/><F7/><W125/><G114/><T90/><D90/><U95/><E95/><N who="2" m="58751" /><F22/><W112/><G112/><T8/><D62/><U32/><E32/><V46/><F66/><W57/><G125/><T61/><D61/><U10/><E120/><V30/><F30/><W68/><G68/><T128/><D65/><U88/><E79/><V56/><F83/><W43/><G2/><T37/><D71/><U18/><E104/><V25/><F25/><W27/><G3/><T15/><D37/><U119/><E107/><V134/><F134/><W48/><G14/><N who="0" m="7367" /><D0/><U123/><E123/><V129/><F129/><W31/><G135/><T54/><D128/><U126/><E126/><V72/><F77/><W70/><G70/><T100/><D132/><U28/><E119/><V5/><F5/><W78/><G78/><T101/><D15/><U130/><E130/><V103/><F103/><N who="0" m="39498" /><D54/><N who="2" m="21098" /><F72/><W92/><G13/><T122/><D122/><U11/><E28/><V85/><F84/><W133/><G31/><N who="0" m="17807" /><D26/><U121/><E121/><V19/><F19/><N who="1" m="7209" /><E12/><V115/><F115/><RYUUKYOKU ba="0,0" sc="171,10,340,10,216,10,273,-30" hai0="23" hai1="10,11,42,49,59,60,67,80,86,88" hai2="46,47,56,58,76,82,85" /><INIT seed="2,1,0,5,1,12" ten="181,350,226,243" oya="2" hai0="130,119,81,58,69,31,107,113,117,105,74,102,88" hai1="56,70,55,122,37,10,89,98,97,40,120,64,28" hai2="36,13,68,35,65,135,103,18,5,0,87,27,2" hai3="67,123,99,62,100,110,63,125,6,23,133,14,38"/><V128/><F36/><W41/><G123/><N who="1" m="47146" /><E28/><V112/><F112/><W53/><G125/><T76/><D69/><U101/><E89/><V91/><F103/><W116/><G116/><N who="0" m="44619" /><D31/><U16/><E64/><V108/><F135/><W61/><G110/><T22/><D58/><U92/><E70/><V121/><F121/><W39/><G133/><T3/><D3/><U124/><E124/><V73/><F73/><W66/><G6/><T85/><D113/><U44/><E92/><V75/><F75/><W25/><G14/><T82/><D22/><U86/><E86/><V43/><F0/><W79/><G79/><N who="0" m="44279" /><D130/><U80/><E80/><V21/><F128/><W47/><G38/><T54/><D54/><U72/><E72/><V57/><F68/><W60/><G53/><T1/><D1/><U131/><E101/><V20/><F35/><W77/><G77/><T34/><D34/><U8/><E8/><V52/><F65/><W127/><G127/><T19/><D102/><U29/><E29/><N who="2" m="17639" /><F108/><W115/><G115/><T59/><D59/><U32/><E32/><V45/><F2/><W118/><G118/><T109/><D109/><U134/><E134/><V17/><F57/><W93/><N who="3" m="15360" /><DORA hai="24" /><W7/><REACH who="3" step="1"/><G7/><REACH who="3" ten="181,350,226,233" step="2"/><T46/><D76/><U94/><E131/><V78/><F5/><W4/><G4/><T26/><D46/><U90/><E55/><V111/><F52/><W83/><G83/><T129/><D129/><U114/><E114/><V15/><F111/><W132/><G132/><T50/><D50/><U42/><E37/><N who="2" m="21743" /><F78/><W95/><G95/><T71/><D71/><RYUUKYOKU ba="1,1" sc="181,15,350,-15,226,-15,233,15" hai0="19,26,82,85,88,105,107" hai3="23,25,39,41,47,66,67,93,99,100" /><INIT seed="3,2,1,3,1,38" ten="196,335,211,248" oya="3" hai0="91,27,121,41,117,50,71,129,25,52,83,118,63" hai1="66,68,8,46,58,114,57,88,120,60,113,28,108" hai2="90,10,109,73,81,134,1,40,126,110,39,135,103" hai3="128,29,89,102,72,95,19,49,51,34,56,97,24"/><W55/><G128/><T92/><D121/><U45/><E108/><N who="2" m="41579" /><F126/><W132/><G132/><N who="2" m="50729" /><F103/><W105/><G72/><T65/><D129/><U74/><E74/><V15/><F1/><W131/><G131/><T133/><D133/><U76/><E76/><N who="2" m="44175" /><F39/><W14/><G51/><T18/><D83/><U67/><E113/><V130/><F130/><W87/><G105/><T84/><D41/><U69/><E114/><V4/><F90/><W94/><G102/><T9/><D118/><U53/><E88/><V122/><F40/><W30/><G97/><T6/><D117/><U36/><E36/><V5/><F122/><W23/><G30/><T70/><D70/><U54/><E28/><V127/><F127/><W12/><G95/><T16/><D25/><AGARI ba="2,1" hai="12,14,19,23,24,25,29,34,49,55,56,87,89,94" machi="25" ten="30,1500,0" yaku="7,1" doraHai="38" who="3" fromWho="0" sc="196,-21,335,0,211,0,248,31" /><INIT seed="3,3,0,4,1,59" ten="175,335,211,279" oya="3" hai0="9,116,84,54,109,93,34,43,102,89,114,41,55" hai1="91,7,125,4,118,96,30,38,32,1,64,104,111" hai2="110,74,78,88,2,106,134,120,70,129,119,90,63" hai3="14,45,98,20,31,123,135,24,40,23,133,81,131"/><W127/><G123/><T33/><D116/><U71/><E38/><V103/><RYUUKYOKU type="yao9" ba="3,0" sc="175,0,335,0,211,0,279,0" hai2="2,63,70,74,78,88,90,103,106,110,119,120,129,134" /><INIT seed="3,4,0,0,3,68" ten="175,335,211,279" oya="3" hai0="92,10,120,55,83,49,32,52,134,25,87,93,111" hai1="57,60,27,26,35,9,4,2,118,123,107,44,43" hai2="104,8,113,99,24,114,17,48,88,91,30,102,61" hai3="71,29,96,82,59,133,86,128,67,37,75,5,108"/><W112/><G112/><T78/><D120/><U66/><E107/><V117/><F117/><W23/><G37/><T72/><D111/><U76/><E123/><V54/><F61/><W110/><G75/><T19/><D134/><U103/><E103/><V31/><F114/><W79/><G133/><T124/><D124/><U130/><E130/><V20/><F113/><W119/><G119/><T1/><D55/><U46/><E46/><V70/><F70/><W45/><G128/><T73/><D73/><U40/><E40/><V42/><F42/><W50/><G5/><T129/><D129/><U64/><E64/><V132/><F132/><W34/><G71/><T14/><D1/><U74/><E35/><V51/><F51/><W90/><G34/><T63/><D63/><U105/><E105/><V65/><F65/><W69/><G69/><T127/><D127/><U15/><E118/><V0/><F0/><W6/><G67/><T7/><D72/><U53/><E15/><V22/><F8/><W16/><G59/><T81/><D81/><N who="1" m="45207" /><E53/><V33/><F33/><W38/><G6/><T11/><D32/><U116/><E116/><V125/><F125/><W100/><G29/><N who="2" m="10761" /><F22/><W13/><G50/><T94/><D25/><U135/><E135/><V56/><F91/><W36/><G45/><N who="0" m="27695" /><D7/><U89/><E89/><V12/><F88/><W28/><G90/><T62/><D62/><U47/><E47/><V95/><F24/><W21/><G28/><T98/><D11/><U85/><E85/><V18/><F104/><N who="3" m="63495" /><G23/><T3/><D3/><U58/><E57/><V41/><F41/><RYUUKYOKU ba="4,0" sc="175,0,335,0,211,0,279,0" hai0="10,14,19,78,83,87,92,93,94,98" hai1="2,4,9,26,27,43,44,58,60,66" hai2="12,17,18,20,48,54,56,95,99,102" hai3="13,16,21,36,38,79,82,86,108,110" /><INIT seed="3,5,0,0,0,15" ten="175,335,211,279" oya="3" hai0="45,43,24,118,0,88,127,12,92,6,16,31,81" hai1="83,30,61,32,56,121,113,96,125,21,59,51,94" hai2="9,98,67,77,55,115,122,117,114,58,19,57,13" hai3="104,37,126,74,40,72,4,99,105,73,65,116,46"/><W91/><G116/><T50/><D118/><U60/><E113/><V82/><F117/><W109/><G65/><T25/><D127/><U124/><E32/><V135/><F135/><W110/><G126/><N who="1" m="48746" /><E51/><V20/><F122/><W71/><G71/><T41/><D41/><U26/><E83/><V97/><F67/><W78/><G91/><T14/><D0/><U36/><E36/><V7/><F58/><N who="1" m="22057" /><E121/><V107/><F107/><N who="3" m="41035" /><G4/><T28/><D81/><U108/><E108/><N who="3" m="41578" /><G99/><N who="0" m="57735" /><D6/><U130/><E130/><V18/><F7/><W103/><G103/><AGARI ba="5,0" hai="21,26,30,60,61,94,96,103" m="22057,48746" machi="103" ten="30,1000,0" yaku="18,1" doraHai="15" who="1" fromWho="3" sc="175,0,335,25,211,0,279,-25" owari="175,-32.5,360,46.0,211,-18.9,254,5.4" /></mjloggm>