<mjloggm ver="2.3"><GO type="225" lobby="0"/><UN n0="%E3%81%82%E3%81%99%E3%81%AB%E3%82%83%E3%82%80" n1="%6D%75%75%6D%75%72%61" n2="%31%50%E3%81%9F%E3%81%9D" n3="%E3%81%86%E3%82%8C%E3%81%9F%E3%82%93%E6%9E%95" dan="16,16,16,16" rate="2097.09,2227.84,2125.12,2083.88" sx="F,F,F,F"/><TAIKYOKU oya="0"/><INIT seed="0,0,0,1,1,100" ten="250,250,250,250" oya="0" hai0="52,26,121,125,51,6,54,108,50,7,61,133,105" hai1="106,27,117,74,88,25,122,8,55,18,102,24,90" hai2="67,41,79,65,32,109,57,37,34,119,84,66,69" hai3="112,114,80,135,49,46,30,39,36,1,23,89,71"/><T78/><D121/><U129/><E122/><V96/><F109/><W72/><G71/><T92/><D108/><U20/><E117/><V29/><F69/><W123/><G1/><T62/><D105/><U76/><E129/><V38/><F119/><W31/><G135/><T99/><D133/><U9/><E74/><V40/><F57/><W42/><G123/><T93/><D78/><U86/><E55/><V33/><F29/><W10/><G10/><N who="1" m="4202" /><E106/><V111/><F96/><W134/><G134/><T124/><D99/><U97/><E102/><V63/><F63/><W5/><G5/><T59/><D59/><U107/><E107/><V98/><F98/><W60/><G60/><T81/><D81/><N who="1" m="47399" /><E97/><V48/><F111/><W14/><G72/><T115/><REACH who="0" step="1"/><D26/><AGARI ba="0,0" hai="18,20,24,25,26,27,88,90" m="47399,4202" machi="26" ten="30,2000,0" yaku="8,1,54,1" doraHai="100" who="1" fromWho="0" sc="250,-20,250,20,250,0,250,0" /><INIT seed="1,0,0,0,1,73" ten="230,270,250,250" oya="1" hai0="78,100,47,81,119,64,103,36,15,60,93,2,40" hai1="128,130,4,116,72,56,29,21,33,25,92,125,109" hai2="8,71,94,42,59,50,113,44,6,83,19,51,84" hai3="7,77,106,87,66,126,124,110,75,101,111,118,27"/><U135/><E116/><V127/><F127/><N who="3" m="48683" /><G66/><T46/><D119/><U98/><E125/><V62/><F71/><W89/><G7/><T122/><D122/><U23/><E72/><V99/><F19/><W104/><G27/><T37/><D2/><U65/><E135/><V86/><F113/><W67/><G67/><T39/><D93/><U88/><E4/><V30/><F50/><W26/><G26/><T53/><D15/><U35/><E109/><N who="3" m="41482" /><G101/><T129/><D129/><N who="1" m="49771" /><E23/><V79/><F30/><W131/><G131/><T45/><D53/><U54/><E65/><V96/><F59/><W1/><G1/><T95/><D95/><U48/><AGARI ba="0,0" hai="21,25,29,33,35,48,54,56,88,92,98" m="49771" machi="48" ten="30,3000,0" yaku="19,1,54,1" doraHai="73" who="1" fromWho="1" sc="230,-10,270,30,250,-10,250,-10" /><INIT seed="1,1,0,4,4,121" ten="220,300,240,240" oya="1" hai0="34,1,24,84,120,74,105,104,130,19,45,73,66" hai1="51,119,30,4,5,98,111,103,11,63,122,27,90" hai2="127,86,6,38,128,53,46,97,47,75,91,67,42" hai3="52,18,100,112,61,135,101,81,106,41,29,65,79"/><U72/><E122/><V109/><F75/><W58/><G112/><T12/><D120/><U132/><E119/><V113/><F128/><W10/><G135/><T44/><D1/><U22/><E132/><V43/><F113/><W133/><G133/><T39/><D130/><U78/><E90/><V20/><F127/><W55/><G29/><T69/><D74/><U110/><E51/><V115/><F115/><W129/><G41/><T89/><D73/><U8/><E63/><V114/><F67/><W31/><G31/><T59/><D69/><U14/><E78/><V2/><F114/><W131/><G81/><T9/><D104/><U56/><E56/><V93/><F53/><W32/><G32/><T36/><D105/><U15/><E72/><V82/><F20/><W107/><G79/><T88/><D36/><U117/><E117/><V17/><F17/><W102/><G107/><AGARI ba="1,0" hai="4,5,8,11,14,15,22,27,30,98,103,107,110,111" machi="107" ten="40,7700,0" yaku="9,1,52,2" doraHai="121" who="1" fromWho="3" sc="220,0,300,80,240,0,240,-80" /><INIT seed="1,2,0,2,5,10" ten="220,380,240,160" oya="1" hai0="65,45,59,32,102,44,75,74,123,40,90,115,76" hai1="53,50,88,95,78,27,97,127,116,31,9,18,55" hai2="52,11,12,77,29,26,81,1,35,128,68,92,129" hai3="43,19,117,54,86,41,5,62,113,51,111,101,79"/><U124/><E116/><V67/><F1/><W13/><G111/><T8/><D32/><U4/><E78/><V134/><F134/><W84/><G113/><T46/><D115/><U48/><E18/><V108/><F108/><W49/><G117/><T7/><D102/><U120/><E120/><V21/><F67/><W103/><G5/><T72/><D76/><U71/><E71/><V37/><F37/><W132/><G132/><T131/><D123/><U17/><E17/><N who="2" m="10407" /><F68/><W82/><G86/><T56/><D131/><N who="2" m="50250" /><F92/><W98/><G62/><T94/><D65/><U63/><E63/><V110/><F11/><W24/><G24/><T89/><D40/><U96/><E50/><V47/><F110/><W85/><G84/><T99/><REACH who="0" step="1"/><D89/><REACH who="0" ten="210,380,240,160" step="2"/><U36/><E88/><V114/><F114/><W83/><G83/><T57/><D57/><U107/><E127/><V133/><F133/><W16/><G101/><T109/><D109/><U66/><E124/><V91/><F91/><W80/><G82/><T42/><D42/><U20/><E66/><V126/><F126/><W25/><G41/><T87/><D87/><U93/><E55/><V104/><F52/><W28/><G43/><T64/><D64/><U112/><E112/><V34/><F35/><N who="3" m="20879" /><G54/><T119/><D119/><U2/><E53/><V122/><F122/><W23/><G103/><T6/><D6/><U125/><E125/><V121/><F121/><W106/><G106/><T61/><D61/><U30/><E107/><V73/><F104/><W14/><G98/><T60/><D60/><U69/><E97/><V130/><F130/><RYUUKYOKU ba="2,1" sc="210,10,380,-30,240,10,160,10" hai0="7,8,44,45,46,56,59,72,74,75,90,94,99" hai2="26,29,34,47,73,77,81" hai3="13,14,16,19,23,49,51,79,80,85" /><INIT seed="2,3,1,0,2,105" ten="220,350,250,170" oya="2" hai0="42,93,46,58,59,77,82,80,9,120,71,70,72" hai1="45,16,66,67,110,47,2,107,87,96,84,5,33" hai2="116,52,27,95,61,69,41,128,6,21,130,74,81" hai3="83,91,20,12,14,129,26,78,57,121,35,49,60"/><V97/><F116/><W86/><G129/><N who="2" m="49769" /><F41/><W4/><G121/><T54/><D120/><U39/><E33/><V75/><F81/><W101/><G35/><T34/><D34/><U36/><E110/><V100/><F6/><W103/><G49/><T76/><D93/><U51/><E5/><V25/><F69/><W133/><G133/><T135/><D9/><U18/><E2/><V73/><F21/><W99/><G78/><T0/><D0/><U68/><E68/><V28/><F28/><W65/><G4/><T131/><D59/><AGARI ba="3,1" hai="25,27,52,59,61,73,74,75,95,97,100" m="49769" machi="59" ten="40,12000,1" yaku="19,1,52,3,54,1" doraHai="105" who="2" fromWho="0" sc="220,-129,350,0,250,139,170,0" /><INIT seed="2,4,0,4,1,132" ten="91,350,389,170" oya="2" hai0="52,127,55,54,13,33,92,56,43,72,68,83,90" hai1="50,94,135,12,19,70,22,84,25,71,6,96,46" hai2="39,36,28,122,16,78,48,29,133,77,18,98,15" hai3="7,97,10,23,101,41,21,124,134,93,117,131,2"/><V125/><F122/><W61/><G134/><T87/><D33/><U66/><E135/><V130/><F133/><W102/><G117/><T45/><D68/><U112/><E112/><V86/><F130/><W8/><G131/><T30/><D30/><U74/><E74/><V42/><F125/><W120/><G124/><T80/><D127/><U34/><E84/><V65/><F65/><W81/><G41/><T99/><D13/><U88/><E66/><V85/><F98/><W59/><G102/><T129/><D129/><U51/><E51/><V107/><F48/><W63/><G10/><T3/><D3/><U128/><E128/><V32/><F42/><W116/><G116/><T126/><D126/><U123/><E123/><V100/><F15/><W57/><G81/><T119/><D119/><U0/><E0/><V20/><F100/><W95/><G93/><T62/><D80/><U75/><E75/><V5/><F5/><W103/><G101/><T110/><D110/><U47/><E47/><V14/><F14/><W44/><G44/><T67/><D72/><U64/><E64/><V82/><F82/><W105/><G105/><T106/><D106/><U114/><E114/><V17/><F107/><W40/><G40/><T37/><REACH who="0" step="1"/><D67/><REACH who="0" ten="81,350,389,170" step="2"/><U111/><E111/><V60/><F32/><W24/><G120/><T76/><AGARI ba="4,1" hai="37,43,45,52,54,55,56,62,76,83,87,90,92,99" machi="76" ten="20,12000,2" yaku="1,1,2,1,0,1,7,1,54,1,53,1" doraHai="132" doraHaiUra="53" who="0" fromWho="0" sc="81,142,350,-34,389,-64,170,-34" /><INIT seed="3,0,0,3,1,107" ten="223,316,325,136" oya="3" hai0="38,117,47,43,67,126,110,32,135,4,55,69,20" hai1="63,14,13,42,76,114,18,100,86,65,12,119,10" hai2="89,90,113,3,44,22,58,121,51,77,26,71,37" hai3="122,31,59,8,81,7,79,34,33,118,15,133,95"/><W57/><G118/><T27/><D117/><U106/><E114/><V97/><F113/><W54/><G133/><T36/><D110/><U1/><E119/><V48/><F71/><W64/><G122/><T83/><D32/><U39/><E1/><V5/><F37/><W19/><G64/><T116/><D135/><U62/><E39/><V132/><F132/><W70/><G70/><T73/><D36/><U128/><E106/><V56/><F77/><W50/><G95/><T101/><D101/><U52/><E42/><V21/><F3/><W49/><G31/><T124/><D4/><N who="1" m="3143" /><E128/><V130/><F5/><W17/><G34/><T98/><D55/><U112/><E112/><V105/><F105/><W103/><G103/><T30/><D98/><U104/><E104/><V111/><F97/><W35/><G35/><T24/><D24/><U131/><E131/><V6/><F6/><W23/><G33/><T0/><D0/><U82/><E100/><V87/><F121/><W88/><G88/><N who="2" m="33897" /><F111/><W53/><REACH who="3" step="1"/><G23/><REACH who="3" ten="223,316,325,126" step="2"/><N who="0" m="15743" /><D116/><U60/><E65/><V115/><F115/><W91/><G91/><T129/><D67/><U46/><E18/><N who="2" m="12599" /><F22/><W16/><G16/><T72/><D20/><U125/><E125/><V40/><F130/><W61/><G61/><T28/><D69/><U123/><E123/><V94/><F94/><W74/><AGARI ba="0,1" hai="7,8,15,17,19,49,50,53,54,57,59,74,79,81" machi="74" ten="20,12000,1" yaku="1,1,0,1,7,1,9,1,52,1,53,0" doraHai="107" doraHaiUra="120" who="3" fromWho="3" sc="223,-40,316,-40,325,-40,126,130" /><INIT seed="3,1,0,4,5,38" ten="183,276,285,256" oya="3" hai0="7,26,81,83,44,0,52,49,54,108,48,34,24" hai1="67,40,80,119,61,13,55,129,70,117,30,6,21" hai2="126,25,20,94,19,77,2,50,46,51,125,102,96" hai3="120,134,106,3,47,115,75,110,39,95,1,122,35"/><W15/><RYUUKYOKU type="yao9" ba="1,0" sc="183,0,276,0,285,0,256,0" hai3="1,3,15,35,39,47,75,95,106,110,115,120,122,134" /><INIT seed="3,2,0,4,5,135" ten="183,276,285,256" oya="3" hai0="99,29,36,43,45,104,5,38,73,8,37,131,82" hai1="75,22,27,17,56,79,121,113,65,83,123,28,42" hai2="119,126,85,107,115,66,6,97,100,127,10,133,93" hai3="124,26,11,67,52,50,44,41,102,110,49,108,20"/><W105/><G67/><T94/><D29/><U90/><E113/><V74/><F115/><W80/><G124/><N who="2" m="47657" /><F119/><W98/><G80/><T78/><D94/><U68/><E83/><V18/><F133/><W89/><G89/><T39/><D131/><U118/><E90/><N who="2" m="53455" /><F74/><W92/><G11/><T81/><D81/><U24/><E75/><V72/><F72/><W34/><G34/><T53/><D53/><U25/><E65/><V112/><F66/><W61/><G61/><T48/><D48/><U32/><E118/><V109/><F112/><W132/><G132/><T101/><REACH who="0" step="1"/><D36/><REACH who="0" ten="173,276,285,256" step="2"/><U47/><E123/><V12/><F109/><N who="3" m="42091" /><G92/><T76/><D76/><U58/><E79/><V96/><F96/><W86/><G86/><T16/><D16/><AGARI ba="2,1" hai="6,10,12,16,18,97,100,107" m="53455,47657" machi="16" ten="30,8000,1" yaku="18,1,52,3,54,1" doraHai="135" who="2" fromWho="0" sc="173,-86,276,0,285,96,256,0" owari="87,-41.3,276,7.6,381,48.1,256,-14.4" /></mjloggm>