<mjloggm ver="2.3"><GO type="225" lobby="0"/><UN n0="%E5%B0%8F%E9%B3%A5%E9%81%8A%E7%B7%B4%E7%84%A1%32%31%E6%AD%B3" n1="%E3%82%82%E3%81%90%E3%82%89" n2="%E3%81%B5%E3%81%98%E3%81%8B%E3%81%A4" n3="%E3%81%B2%E3%81%AA%E3%81%AE%E3%82%8A%E3%81%8F" dan="16,17,16,17" rate="2186.24,2225.72,2097.36,2227.44" sx="F,F,M,M"/><TAIKYOKU oya="0"/><INIT seed="0,0,0,4,3,30" ten="250,250,250,250" oya="0" hai0="50,69,8,111,87,4,118,58,68,80,97,74,73" hai1="114,70,127,47,109,49,26,77,24,33,13,36,107" hai2="44,75,124,32,126,129,91,31,88,106,52,67,84" hai3="117,53,116,93,29,59,18,16,17,79,83,62,85"/><T45/><D118/><U66/><E107/><V2/><F2/><W101/><REACH who="3" step="1"/><G29/><REACH who="3" ten="250,250,250,240" step="2"/><T119/><D119/><U21/><E114/><V96/><F31/><W42/><G42/><T61/><D73/><U12/><E109/><V99/><F75/><W76/><G76/><T39/><D74/><U98/><E77/><V92/><F129/><W71/><G71/><T110/><D68/><U23/><E70/><V125/><F67/><W3/><G3/><T56/><D69/><U35/><E66/><V11/><F11/><W25/><G25/><T7/><D8/><U108/><E108/><V134/><F134/><W65/><G65/><T60/><D111/><U1/><E1/><V135/><F135/><W120/><G120/><T9/><D110/><U122/><E122/><V19/><F19/><W130/><G130/><T81/><D9/><U28/><E28/><V14/><F14/><W27/><G27/><T5/><D4/><U100/><E26/><V54/><F44/><W113/><G113/><T90/><D5/><U41/><E24/><V15/><F15/><W128/><G128/><T43/><D7/><U63/><E12/><V38/><F38/><W40/><G40/><T123/><D39/><U48/><E13/><V121/><F121/><W133/><G133/><T132/><D132/><U51/><E47/><V22/><F22/><W102/><G102/><T55/><D123/><U6/><E21/><V131/><F131/><W10/><G10/><T94/><D97/><AGARI ba="0,1" hai="16,17,18,53,59,62,79,83,85,93,97,101,116,117" machi="97" ten="40,5200,0" yaku="21,2,54,1,53,0" doraHai="30" doraHaiUra="34" who="3" fromWho="0" sc="250,-52,250,0,250,0,240,62" /><INIT seed="1,0,0,5,5,69" ten="198,250,250,302" oya="1" hai0="116,25,22,135,31,33,1,28,35,40,64,9,45" hai1="26,125,72,19,51,119,55,65,57,16,111,127,34" hai2="99,44,70,131,89,58,63,103,86,107,67,124,12" hai3="109,96,56,46,83,62,113,53,38,117,122,6,77"/><U87/><E72/><V104/><F124/><N who="1" m="47689" /><E119/><V90/><F131/><W94/><G113/><T123/><D116/><U97/><E111/><V32/><F32/><W7/><G122/><T121/><D135/><U21/><E34/><N who="0" m="12809" /><D64/><U20/><E65/><V106/><F90/><W98/><G109/><T66/><D66/><U29/><E97/><V80/><F58/><W13/><G98/><T27/><D45/><U79/><E21/><V88/><F12/><W108/><G13/><T43/><D40/><U110/><E110/><V84/><REACH who="2" step="1"/><F44/><REACH who="2" ten="198,250,240,302" step="2"/><W95/><G46/><T112/><D112/><U3/><E3/><V14/><F14/><W30/><G117/><T100/><D100/><U0/><E0/><V73/><F73/><W93/><G108/><T92/><D43/><U105/><E105/><V15/><F15/><W133/><G56/><T76/><D76/><U61/><E79/><V42/><F42/><W41/><G77/><T134/><D134/><U52/><E57/><V102/><F102/><W49/><G41/><T54/><D123/><U11/><E11/><V23/><F23/><W2/><G2/><T126/><D121/><U118/><E20/><V85/><F85/><W4/><G133/><T129/><D129/><U17/><E87/><V130/><F130/><W82/><G4/><N who="0" m="1167" /><D126/><U36/><E118/><V68/><F68/><W10/><G6/><T37/><D22/><U5/><E5/><V48/><F48/><W24/><G7/><T60/><D25/><U115/><E51/><V132/><F132/><W81/><G49/><T50/><D27/><U74/><E115/><RYUUKYOKU ba="0,1" sc="198,-10,250,-10,240,30,302,-10" hai2="63,67,70,80,84,86,88,89,99,103,104,106,107" /><INIT seed="2,1,1,1,2,120" ten="188,240,270,292" oya="2" hai0="50,85,35,135,22,70,36,40,92,76,64,106,55" hai1="93,121,65,10,79,48,112,20,111,123,49,5,105" hai2="67,122,102,0,72,37,117,33,14,23,119,11,94" hai3="8,128,18,91,54,116,131,43,83,99,63,129,103"/><V113/><F72/><W1/><G116/><T24/><D106/><U71/><E112/><V90/><F37/><W80/><G43/><T125/><D135/><U73/><E105/><V31/><F122/><N who="1" m="46601" /><E93/><V100/><F113/><W62/><G91/><T44/><D35/><U75/><E79/><V115/><F115/><W95/><G1/><T87/><D125/><U82/><E82/><N who="3" m="31274" /><G54/><T61/><D92/><U68/><E68/><V104/><F104/><W13/><AGARI ba="1,1" hai="8,13,18,62,63,95,99,103,128,129,131" m="31274" machi="13" ten="40,1500,0" yaku="19,1" doraHai="120" who="3" fromWho="3" sc="188,-5,240,-5,270,-8,292,28" /><INIT seed="3,0,0,3,3,60" ten="183,235,262,320" oya="3" hai0="109,38,89,111,37,14,110,125,63,76,85,70,82" hai1="117,8,118,30,62,51,74,94,123,101,29,6,88" hai2="119,113,134,95,23,56,93,39,25,98,20,57,61" hai3="130,102,48,120,50,7,128,81,103,0,66,55,49"/><W105/><G120/><T11/><D125/><U31/><E123/><V90/><F113/><W83/><G66/><T18/><REACH who="0" step="1"/><D76/><REACH who="0" ten="173,235,262,320" step="2"/><U4/><E117/><V75/><F119/><W45/><G130/><T26/><D26/><U5/><E118/><V100/><F134/><W21/><G128/><T2/><D2/><U10/><E74/><V78/><F78/><W3/><G0/><T34/><D34/><U112/><E112/><V44/><F75/><W9/><G3/><T22/><D22/><U73/><E73/><V121/><F23/><W104/><G21/><T69/><D69/><U127/><E127/><V114/><F20/><W12/><G104/><T52/><D52/><U126/><E126/><V124/><F25/><W58/><G55/><T99/><D99/><U43/><E8/><V116/><F98/><W96/><G9/><T40/><D40/><U129/><E10/><V115/><F114/><W19/><G96/><T1/><D1/><U15/><E129/><V64/><F115/><W71/><G71/><T132/><D132/><U108/><E43/><V79/><F79/><W106/><G105/><T33/><D33/><U86/><E15/><V84/><F121/><W47/><G106/><T46/><D46/><U107/><E107/><V67/><F44/><W80/><G47/><T35/><D35/><U54/><E54/><N who="2" m="33943" /><F124/><W41/><G12/><T135/><D135/><U17/><E4/><V13/><F13/><W42/><G7/><T65/><AGARI ba="0,1" hai="11,14,18,37,38,63,65,70,82,85,89,109,110,111" machi="65" ten="40,8000,1" yaku="1,1,0,1,14,1,52,1,53,0" doraHai="60" doraHaiUra="97" who="0" fromWho="0" sc="173,90,235,-20,262,-20,320,-40" /><INIT seed="4,0,0,2,1,70" ten="263,215,242,280" oya="0" hai0="56,42,5,112,79,50,25,96,61,51,95,98,53" hai1="24,41,121,99,75,49,55,36,39,86,35,124,7" hai2="123,32,57,94,0,80,66,111,84,76,48,73,47" hai3="4,13,10,3,30,127,115,19,117,20,91,126,74"/><T77/><D112/><U135/><E121/><V23/><F123/><W78/><G74/><T22/><D5/><U6/><E75/><V16/><F32/><W38/><G78/><T52/><D42/><U34/><E124/><N who="3" m="47658" /><G115/><T8/><D8/><U45/><E135/><V29/><F0/><W114/><G114/><T109/><D109/><U104/><E35/><V15/><F111/><W28/><G38/><T110/><D110/><U82/><E99/><N who="0" m="37929" /><D95/><U26/><E104/><V92/><F29/><N who="3" m="11371" /><G91/><T14/><D14/><U54/><E34/><V27/><F15/><W67/><G67/><T119/><D119/><AGARI ba="0,0" hai="3,4,10,13,19,20,117,119" m="11371,47658" machi="119" ten="30,3900,0" yaku="18,1,34,2" doraHai="70" who="3" fromWho="0" sc="263,-39,215,0,242,0,280,39" owari="224,-17.6,215,-28.5,242,4.2,319,41.9" /></mjloggm>