<mjloggm ver="2.3"><GO type="225" lobby="0"/><UN n0="%E3%83%8F%E3%83%B3%E3%83%89%E3%83%A9%E3%83%BC%E3%83%BB%E3%83%AF%E3%83%B3" n1="%E6%B8%A9%E2%98%85%E6%83%85%E2%98%85%E6%8E%AA%E2%98%85%E7%BD%AE" n2="%E5%8D%A0%E3%81%84%E5%B8%AB%E8%A3%8F%E3%81%AA%E3%81%84%E3%81%97" n3="%E9%80%86%E9%80%A3%E5%B8%AF%E3%81%AE%E9%AC%BC" dan="17,18,17,16" rate="2210.21,2197.08,2221.97,2149.30" sx="M,M,M,M"/><TAIKYOKU oya="0"/><INIT seed="0,0,0,1,1,14" ten="250,250,250,250" oya="0" hai0="121,134,131,111,104,58,40,43,23,130,65,15,105" hai1="67,45,124,39,51,47,26,55,73,127,91,135,7" hai2="92,44,41,87,46,10,128,1,93,71,3,90,132" hai3="76,62,54,5,108,99,57,66,19,33,38,126,25"/><T18/><D121/><U103/><E73/><V21/><F71/><W37/><G126/><N who="1" m="48170" /><E103/><V52/><F128/><N who="0" m="49194" /><D134/><U75/><E75/><V4/><F132/><W86/><G86/><T31/><BYE who="3" /><D31/><UN n3="%E9%80%86%E9%80%A3%E5%B8%AF%E3%81%AE%E9%AC%BC" /><U98/><E135/><V48/><F21/><W49/><G108/><T119/><D119/><U20/><E7/><V12/><REACH who="2" step="1"/><F93/><REACH who="2" ten="250,250,240,250" step="2"/><W122/><G122/><T129/><D129/><U0/><E20/><V72/><F72/><W85/><G33/><T81/><D111/><U123/><E123/><V16/><F16/><W82/><G19/><T27/><D27/><U102/><E26/><V9/><F9/><W13/><G25/><T83/><D105/><U109/><E109/><V11/><F11/><W63/><G5/><T79/><D104/><U95/><E95/><V53/><F53/><W68/><G54/><T94/><D94/><U8/><E55/><V17/><F17/><W2/><G68/><T61/><D83/><U28/><E8/><V30/><F30/><W77/><G82/><T64/><D65/><U32/><E67/><V42/><F42/><W120/><G66/><T59/><D59/><U78/><E28/><V70/><F70/><W56/><G57/><T84/><AGARI ba="0,1" hai="15,18,23,40,43,58,61,64,79,81,84" m="49194" machi="84" ten="30,3000,0" yaku="19,1,52,1" doraHai="14" who="0" fromWho="0" sc="250,40,250,-10,240,-10,250,-10" /><INIT seed="0,1,0,0,2,121" ten="290,240,230,240" oya="0" hai0="12,54,47,123,56,43,110,80,64,48,78,125,91" hai1="42,82,41,107,127,66,36,9,85,119,88,122,3" hai2="135,77,28,26,37,32,38,22,14,134,15,100,44" hai3="35,31,131,96,81,73,115,74,52,76,40,128,10"/><T93/><D123/><U57/><E122/><V16/><F77/><W17/><G115/><T70/><D125/><U58/><E119/><V0/><F100/><W60/><G74/><T5/><D70/><U72/><E107/><V116/><F116/><W111/><G40/><T133/><D64/><U18/><E127/><V114/><F114/><W27/><G96/><T130/><D130/><U62/><E36/><V7/><F14/><W20/><G10/><T51/><D133/><N who="2" m="50698" /><F44/><W25/><G111/><T71/><D71/><U21/><E72/><V1/><F1/><W33/><REACH who="3" step="1"/><G35/><REACH who="3" ten="290,240,230,230" step="2"/><T49/><D110/><U126/><E126/><V29/><F29/><W4/><G4/><T106/><D5/><U11/><E3/><V95/><F95/><W50/><G50/><T24/><D49/><U129/><E129/><V99/><F99/><W30/><G30/><T105/><D105/><U69/><E42/><V124/><F124/><W46/><G46/><T23/><D106/><U39/><E41/><V108/><F108/><W45/><G45/><T120/><D120/><U59/><REACH who="1" step="1"/><E39/><REACH who="1" ten="290,230,230,230" step="2"/><V79/><F38/><W104/><G104/><T75/><D43/><U102/><E102/><V84/><F37/><W63/><G63/><T6/><D75/><U13/><AGARI ba="1,2" hai="9,11,13,18,21,57,58,59,62,66,69,82,85,88" machi="13" ten="30,4000,0" yaku="1,1,0,1,54,1,53,0" doraHai="121" doraHaiUra="101" who="1" fromWho="1" sc="290,-21,230,63,230,-11,230,-11" /><INIT seed="1,0,0,2,5,103" ten="269,293,219,219" oya="1" hai0="92,112,96,109,63,21,130,85,71,87,58,26,93" hai1="98,47,107,88,46,24,106,79,65,7,17,5,20" hai2="113,74,2,70,95,118,62,12,18,86,3,108,64" hai3="127,8,90,120,73,72,121,52,6,57,105,80,123"/><U82/><E65/><V43/><F118/><W32/><G32/><T1/><D112/><U55/><E7/><V49/><F74/><W134/><G134/><T68/><D1/><U59/><E5/><V111/><F113/><W128/><G128/><T115/><D115/><U116/><E116/><V110/><F43/><W28/><G127/><T131/><D109/><U45/><E88/><N who="2" m="53655" /><F49/><W66/><G28/><T124/><D124/><U38/><E98/><V51/><F51/><W104/><G66/><T101/><D68/><U60/><REACH who="1" step="1"/><E38/><REACH who="1" ten="269,283,219,219" step="2"/><V39/><F39/><W97/><G97/><T23/><D96/><U35/><E35/><V119/><F119/><W41/><G90/><T53/><D131/><U0/><E0/><V34/><F34/><W69/><G121/><T54/><D130/><U81/><E81/><V56/><F70/><W133/><G80/><T89/><D71/><U135/><E135/><V9/><AGARI ba="0,1" hai="2,3,9,12,18,56,62,64,108,110,111" m="53655" machi="9" ten="30,2000,0" yaku="14,1,54,1" doraHai="103" who="2" fromWho="2" sc="269,-5,283,-10,219,30,219,-5" /><INIT seed="2,0,0,5,4,105" ten="264,273,249,214" oya="2" hai0="49,69,30,39,123,118,12,104,0,31,24,125,116" hai1="16,68,126,15,56,83,7,46,107,90,134,95,19" hai2="25,82,97,65,52,114,115,101,129,70,62,37,86" hai3="51,5,119,14,18,132,130,26,77,117,47,67,102"/><V23/><F37/><W91/><G132/><T135/><D39/><U63/><E68/><V6/><F6/><W59/><G130/><T4/><D104/><U20/><E107/><V40/><F40/><W3/><G102/><T44/><D69/><U35/><E35/><V121/><F121/><W103/><G103/><T50/><D123/><U79/><E134/><V38/><F38/><W92/><G26/><T53/><D135/><U64/><E126/><V99/><F129/><W32/><G32/><T21/><D0/><U54/><E7/><V110/><F110/><W96/><G77/><T94/><D94/><U78/><E83/><V131/><F131/><W58/><G5/><T48/><D31/><U71/><E19/><V87/><F87/><W43/><G3/><T120/><D125/><U9/><E9/><V33/><F33/><W66/><G66/><T13/><D120/><U108/><E108/><V11/><F52/><W72/><G72/><T74/><D74/><U109/><E109/><V112/><F11/><W22/><REACH who="3" step="1"/><G67/><REACH who="3" ten="264,273,249,204" step="2"/><T100/><D100/><U41/><E64/><V124/><F101/><W36/><G36/><T28/><D4/><U85/><E71/><V89/><REACH who="2" step="1"/><F124/><REACH who="2" ten="264,273,239,204" step="2"/><W17/><G17/><AGARI ba="0,2" hai="17,23,25,62,65,70,82,86,89,97,99,112,114,115" machi="17" ten="40,3900,0" yaku="1,1,2,1,53,0" doraHai="105" doraHaiUra="133" who="2" fromWho="3" sc="264,0,273,0,239,59,204,-39" /><INIT seed="2,1,0,4,3,131" ten="264,273,298,165" oya="2" hai0="120,14,115,129,34,46,75,127,36,58,26,31,83" hai1="18,69,91,101,32,130,110,84,29,41,82,9,74" hai2="37,103,49,59,5,102,88,44,54,33,64,78,104" hai3="30,116,87,123,12,117,4,22,73,80,45,71,35"/><V97/><F33/><W43/><G71/><T61/><D120/><U109/><E130/><V51/><F37/><W28/><G123/><T53/><D129/><U13/><E69/><V81/><F5/><W132/><G35/><T86/><D115/><U6/><E101/><V124/><F124/><W56/><G73/><T126/><D75/><U85/><E41/><V114/><F114/><W65/><G132/><T17/><D46/><U3/><E74/><V63/><F78/><W108/><G108/><N who="1" m="41578" /><E85/><N who="2" m="50223" /><F104/><W40/><G4/><T105/><D36/><U119/><E119/><V100/><F97/><W94/><G94/><T55/><D55/><U2/><E6/><V79/><F79/><W72/><G72/><T98/><D98/><U57/><E57/><N who="2" m="36975" /><F103/><W133/><G117/><T111/><D105/><U67/><E67/><V20/><F20/><W1/><G1/><T76/><REACH who="0" step="1"/><D111/><REACH who="0" ten="254,273,298,165" step="2"/><U39/><E39/><V19/><F19/><W16/><G116/><T113/><D113/><U77/><E77/><V50/><F44/><W0/><G45/><T112/><D112/><U60/><E18/><V125/><F125/><W10/><G43/><T121/><D121/><U42/><E42/><V122/><F122/><W118/><G40/><T52/><D52/><U7/><E60/><V92/><F100/><W93/><G118/><T8/><AGARI ba="1,1" hai="8,14,17,26,31,34,53,58,61,76,83,86,126,127" machi="8" ten="30,2000,0" yaku="1,1,0,1,53,0" doraHai="131" doraHaiUra="68" who="0" fromWho="0" sc="254,33,273,-6,298,-11,165,-6" /><INIT seed="3,0,0,5,3,61" ten="287,267,287,159" oya="3" hai0="120,71,72,47,85,30,35,98,59,22,34,60,96" hai1="125,26,11,55,31,100,135,91,116,65,62,67,32" hai2="14,29,94,83,126,107,110,122,123,73,46,43,37" hai3="113,6,81,114,44,24,70,45,132,134,21,53,0"/><W13/><G70/><T12/><D72/><U56/><E135/><N who="3" m="51754" /><G0/><T78/><D71/><U28/><E125/><V87/><F110/><W48/><G81/><N who="0" m="47287" /><D35/><U115/><E115/><V36/><F126/><W88/><G45/><T69/><D34/><U18/><E116/><V5/><F107/><W20/><G88/><T121/><D69/><U1/><E100/><V54/><F29/><N who="1" m="11337" /><E32/><V79/><F54/><W131/><G131/><T50/><D121/><N who="2" m="46090" /><F94/><W84/><G84/><T19/><D30/><U16/><E1/><V49/><F73/><W101/><G101/><T105/><D105/><U75/><E75/><V8/><AGARI ba="0,0" hai="5,8,14,36,37,43,46,49,79,83,87" m="46090" machi="8" ten="30,2000,0" yaku="25,1,13,1" doraHai="61" who="2" fromWho="2" sc="287,-5,267,-5,287,20,159,-10" owari="282,8.2,262,-13.8,307,40.7,149,-35.1" /></mjloggm>