<mjloggm ver="2.3"><GO type="225" lobby="0"/><UN n0="%48%61%61%61%6C%61%6E%64" n1="%E3%82%A2%E3%83%A1%E3%82%A2%E3%83%A9%E3%83%AC" n2="%E3%82%BC%E3%83%AB%E3%83%80%E3%81%AE%E4%BC%9D%E8%AA%AC" n3="%E7%89%B9%E6%9D%B1%E3%81%AF%E4%B8%96%E7%95%8C%E3%82%92%E6%95%91%E3%81%86" dan="18,16,18,16" rate="2189.23,2054.64,2218.85,2184.51" sx="M,M,M,M"/><TAIKYOKU oya="0"/><INIT seed="0,0,0,5,2,125" ten="250,250,250,250" oya="0" hai0="57,21,93,22,102,41,38,77,111,134,49,1,32" hai1="81,11,44,61,87,130,75,131,29,20,112,62,99" hai2="122,104,39,58,64,24,66,2,46,94,45,106,12" hai3="25,17,70,121,135,36,123,73,35,91,56,23,19"/><T59/><D32/><U117/><E117/><V47/><F2/><W127/><G70/><T108/><D1/><U82/><E112/><V76/><F39/><W107/><G127/><T51/><D77/><N who="1" m="44223" /><E11/><V3/><F3/><W65/><G135/><T116/><D116/><U79/><E44/><V96/><F122/><N who="3" m="46603" /><G36/><T89/><D102/><U103/><E20/><N who="0" m="7785" /><D38/><U43/><E43/><V101/><F76/><W120/><G107/><T33/><D33/><U110/><E29/><V42/><F42/><W80/><G35/><T10/><D10/><U31/><E31/><V69/><F24/><W60/><G120/><T34/><D34/><U84/><E110/><N who="0" m="42025" /><D134/><U114/><E114/><V109/><F106/><W95/><G23/><T71/><D71/><U86/><E62/><V27/><F104/><W128/><G25/><T9/><D9/><U105/><E61/><V50/><F27/><W88/><G73/><AGARI ba="0,0" hai="73,79,82,84,86,87,99,103,105,130,131" m="44223" machi="73" ten="30,7700,0" yaku="34,2,52,2" doraHai="125" who="1" fromWho="3" sc="250,0,250,77,250,0,250,-77" /><INIT seed="1,0,0,3,4,98" ten="250,327,250,173" oya="1" hai0="53,76,36,95,56,99,59,2,48,41,116,29,125" hai1="124,71,84,90,69,47,26,85,111,114,27,94,64" hai2="61,115,10,129,44,113,119,20,134,33,109,75,7" hai3="70,63,92,60,72,83,43,117,130,108,14,19,50"/><U58/><E114/><N who="2" m="43531" /><F75/><W6/><G108/><T52/><D116/><U104/><E104/><V78/><F78/><W128/><G117/><T25/><D2/><U16/><E124/><V81/><F81/><W3/><G6/><T112/><D112/><U100/><E100/><V122/><F119/><W87/><G3/><T82/><D41/><U77/><E47/><V1/><F61/><W110/><G110/><T49/><D36/><U66/><E77/><V62/><F62/><W24/><G72/><T31/><D25/><U22/><E58/><V30/><F44/><N who="3" m="25887" /><G24/><T28/><D125/><U40/><E40/><V106/><F106/><W79/><G92/><T91/><REACH who="0" step="1"/><D31/><REACH who="0" ten="240,327,250,173" step="2"/><U135/><E27/><V0/><F0/><W18/><G70/><T68/><D68/><U32/><E26/><V126/><F126/><W103/><G18/><T57/><D57/><U11/><E71/><V73/><F30/><W101/><G63/><T9/><D9/><U133/><E11/><V107/><F10/><N who="3" m="6615" /><G60/><T65/><D65/><U105/><E66/><V37/><F37/><W89/><G79/><T45/><D45/><U74/><E64/><V118/><F1/><W39/><G39/><T15/><D15/><U46/><E69/><V4/><F118/><W88/><G89/><T86/><AGARI ba="0,1" hai="28,29,48,49,52,53,56,59,76,82,86,91,95,99" machi="86" ten="20,12000,2" yaku="1,1,0,1,7,1,9,1,8,1,54,1,53,0" doraHai="98" doraHaiUra="17" who="0" fromWho="0" sc="240,130,327,-60,250,-30,173,-30" /><INIT seed="2,0,0,3,1,21" ten="370,267,220,143" oya="2" hai0="50,133,66,68,16,9,72,8,121,108,71,119,78" hai1="114,29,109,22,31,0,98,23,48,37,101,124,57" hai2="36,28,118,79,32,131,127,43,51,73,14,34,39" hai3="63,53,120,65,122,27,4,134,111,18,104,41,61"/><V97/><F118/><W59/><G111/><T103/><D121/><U19/><E114/><V126/><F131/><W74/><G134/><T115/><D115/><U56/><E109/><V112/><F112/><W92/><G104/><T130/><D108/><U55/><E37/><V38/><F14/><W11/><G74/><T17/><D103/><U105/><E0/><V6/><F6/><W77/><G77/><T106/><D106/><U91/><E124/><N who="2" m="47659" /><F97/><W83/><G83/><T117/><D130/><U116/><E116/><V60/><F60/><W5/><G41/><T3/><D133/><U2/><E2/><V42/><F51/><W67/><G92/><T58/><D50/><U76/><E76/><V93/><F93/><W94/><G94/><T13/><D117/><U87/><E57/><V15/><F15/><W49/><G63/><T99/><D99/><U123/><E123/><V69/><F69/><W96/><G96/><T46/><D119/><U44/><E44/><V70/><F70/><W33/><G5/><N who="0" m="1087" /><D46/><U80/><REACH who="1" step="1"/><E23/><REACH who="1" ten="370,257,220,143" step="2"/><V20/><F20/><N who="3" m="13719" /><G122/><T62/><D68/><U82/><E82/><N who="2" m="45423" /><F32/><W25/><G120/><T45/><D71/><U135/><E135/><V85/><F39/><W107/><G33/><T88/><D78/><U47/><E47/><V7/><F38/><W113/><G113/><T84/><D45/><U40/><E40/><V129/><F36/><W64/><G59/><T54/><D58/><U75/><E75/><V12/><F42/><W90/><G64/><T89/><D66/><U1/><E1/><V24/><F43/><W10/><G67/><RYUUKYOKU ba="0,1" sc="370,-10,257,30,220,-10,143,-10" hai1="19,22,29,31,48,55,56,80,87,91,98,101,105" /><INIT seed="3,1,1,0,2,33" ten="360,287,210,133" oya="3" hai0="85,118,73,5,124,78,135,99,112,21,20,67,127" hai1="108,114,103,27,79,107,44,110,30,12,34,88,76" hai2="61,82,22,97,102,65,26,111,81,104,54,53,3" hai3="50,7,24,6,41,37,101,25,56,17,63,95,133"/><W52/><G133/><T120/><D118/><U91/><E114/><V9/><F111/><N who="1" m="42537" /><E44/><V45/><F9/><W84/><G37/><T51/><D73/><U35/><E35/><V75/><F3/><W31/><G17/><T42/><D85/><U74/><E12/><V119/><F119/><W72/><G72/><T96/><D67/><U16/><E16/><V90/><F90/><N who="1" m="34345" /><E74/><V64/><F75/><W126/><G126/><T92/><D112/><U123/><E123/><V43/><F65/><W128/><G128/><T18/><D18/><U14/><E14/><V89/><F53/><W62/><G84/><T115/><D120/><U15/><E15/><V93/><F54/><W60/><G41/><T48/><D42/><U87/><E87/><V105/><F22/><W49/><G49/><T106/><D51/><U77/><E77/><V4/><F26/><W8/><G31/><T117/><D48/><U0/><E0/><V69/><F4/><W38/><G38/><T46/><D5/><N who="3" m="1545" /><G8/><T86/><D115/><U100/><E100/><V36/><F102/><W71/><G71/><T55/><D127/><U28/><E30/><V98/><F105/><W32/><G32/><T57/><D106/><U109/><E109/><V134/><F104/><W83/><G83/><T19/><D124/><U39/><E39/><V13/><F82/><W59/><G59/><T132/><D57/><U121/><E121/><V129/><F81/><W23/><G23/><T47/><D20/><U1/><E1/><V80/><F80/><W66/><G66/><T2/><D21/><U11/><E11/><RYUUKYOKU ba="1,1" sc="360,-15,287,15,210,-15,133,15" hai1="27,28,34,76,79,103,107" hai3="24,25,50,52,56,60,62,63,95,101" /><INIT seed="3,2,1,0,5,83" ten="345,302,195,148" oya="3" hai0="25,110,26,46,74,131,37,107,40,13,55,14,68" hai1="29,18,9,102,62,66,15,10,133,31,58,32,99" hai2="5,88,84,21,108,19,52,126,49,120,22,11,79" hai3="53,67,106,75,8,77,89,16,12,47,122,57,118"/><W130/><G130/><T38/><D74/><U97/><E133/><V4/><F108/><W69/><G118/><T80/><D107/><U104/><E32/><V128/><F126/><W93/><G122/><T129/><D110/><U59/><E97/><V51/><F128/><N who="0" m="49226" /><D68/><U86/><E58/><N who="2" m="33039" /><F120/><W43/><G106/><T71/><D71/><U27/><E27/><N who="0" m="10249" /><D37/><U3/><REACH who="1" step="1"/><E86/><REACH who="1" ten="345,292,195,148" step="2"/><V103/><F84/><W23/><G69/><T91/><D55/><U109/><E109/><V92/><F103/><W113/><G113/><T124/><D124/><U73/><E73/><V41/><F41/><W65/><G75/><T94/><D80/><U78/><E78/><V7/><F79/><W36/><G77/><T116/><D116/><U98/><E98/><AGARI ba="2,2" hai="13,14,38,40,46,91,94,98" m="10249,49226" machi="98" ten="30,1000,0" yaku="19,1" doraHai="83" who="0" fromWho="1" sc="345,36,292,-16,195,0,148,0" owari="381,48.1,276,7.6,195,-20.5,148,-35.2" /></mjloggm>