<mjloggm ver="2.3"><GO type="225" lobby="0"/><UN n0="%E5%8D%A0%E3%81%84%E5%B8%AB%E8%A3%8F%E3%81%AA%E3%81%84%E3%81%97" n1="%E3%81%B5%E3%81%98%E3%81%8B%E3%81%A4" n2="%E5%B8%86%E7%AB%8B%E5%A4%8F%E8%A1%A3" n3="%E3%83%97%E3%83%AC%E3%83%B4%E3%82%A1%E3%83%86%E3%82%A3" dan="16,16,16,16" rate="2168.81,2109.40,2075.38,2106.53" sx="M,M,M,F"/><TAIKYOKU oya="0"/><INIT seed="0,0,0,3,2,75" ten="250,250,250,250" oya="0" hai0="81,91,133,50,65,128,0,43,35,121,44,46,2" hai1="20,125,102,86,79,18,31,12,74,112,98,96,99" hai2="39,22,17,111,24,32,13,127,68,25,120,119,118" hai3="62,26,61,130,94,33,83,101,34,56,73,6,59"/><T114/><D114/><U84/><E125/><V108/><F68/><W52/><G130/><T49/><D121/><U78/><E112/><V110/><F39/><W5/><G101/><T37/><D128/><U16/><E74/><V8/><F120/><W70/><G94/><T11/><D35/><U1/><E1/><V54/><F54/><W40/><G40/><T132/><D65/><U109/><E109/><V89/><F89/><W53/><G70/><T123/><D123/><U57/><E102/><V106/><F106/><W28/><G34/><T103/><D103/><U82/><E57/><V116/><F127/><W51/><G51/><T95/><D11/><N who="1" m="6175" /><E31/><N who="2" m="19559" /><F119/><W129/><G129/><T4/><D4/><AGARI ba="0,0" hai="4,8,13,17,22,25,108,110,111,116,118" m="19559" machi="4" ten="30,3900,0" yaku="14,1,34,2" doraHai="75" who="2" fromWho="0" sc="250,-39,250,0,250,39,250,0" /><INIT seed="1,0,0,3,0,34" ten="211,250,289,250" oya="1" hai0="6,67,23,27,48,120,113,115,73,0,125,57,128" hai1="92,15,45,104,100,114,81,55,82,71,41,13,31" hai2="79,5,36,49,124,78,109,61,96,101,121,24,90" hai3="33,103,99,102,75,83,68,40,93,54,8,56,10"/><U7/><E114/><V26/><F36/><W76/><G68/><T53/><D125/><U60/><E104/><V122/><F109/><W129/><G33/><T117/><D117/><U119/><E31/><V87/><F124/><W66/><G66/><T95/><D128/><U91/><E100/><V64/><F5/><W130/><G103/><T16/><D73/><U86/><E119/><V43/><F122/><W35/><G35/><T4/><D120/><U25/><E71/><V59/><F121/><W118/><G118/><T106/><D106/><U105/><E105/><V110/><F79/><W65/><G65/><T98/><D67/><U69/><E69/><V62/><F78/><W89/><G40/><T132/><D4/><U1/><E25/><V37/><F62/><W18/><G102/><T20/><D20/><U29/><E29/><V2/><F37/><W126/><G126/><T30/><D30/><U38/><E60/><V70/><F110/><W74/><G74/><T52/><D53/><U116/><E55/><V28/><F28/><W80/><G80/><T21/><D21/><U72/><E82/><N who="2" m="49527" /><F70/><W94/><G94/><T19/><D19/><U127/><E127/><V47/><F2/><W85/><G75/><T32/><D32/><U108/><E108/><V134/><F134/><W11/><REACH who="3" step="1"/><G18/><REACH who="3" ten="211,250,289,240" step="2"/><T44/><D132/><U133/><E133/><V123/><F123/><W77/><G77/><T63/><D95/><AGARI ba="0,1" hai="24,26,43,47,49,59,61,64,95,96,101" m="49527" machi="95" ten="30,1000,0" yaku="8,1" doraHai="34" who="2" fromWho="0" sc="211,-10,250,0,289,20,240,0" /><INIT seed="2,0,0,4,1,91" ten="201,250,309,240" oya="2" hai0="135,92,112,22,54,128,40,41,29,17,65,48,79" hai1="20,124,64,132,45,84,26,78,44,73,88,77,7" hai2="130,119,21,82,121,94,66,126,12,134,50,30,89" hai3="62,70,34,107,57,111,104,93,36,37,11,131,13"/><V80/><F119/><W109/><G34/><T115/><D128/><U49/><E124/><V105/><F105/><W0/><G0/><T117/><D135/><U100/><E132/><V106/><F106/><W95/><G70/><T123/><D123/><U2/><E100/><V129/><F134/><W47/><G131/><N who="2" m="50185" /><F121/><W1/><G1/><T87/><D117/><U125/><E125/><V101/><F101/><W43/><G37/><T9/><D65/><U39/><E64/><V6/><F126/><W102/><G107/><T4/><D29/><U103/><E103/><V63/><F50/><W72/><G72/><T38/><D38/><U108/><E108/><N who="3" m="41546" /><G102/><T14/><D79/><U90/><E2/><V81/><F30/><W133/><G104/><T60/><D60/><U67/><E67/><V51/><F51/><W116/><G116/><T5/><D115/><U53/><E73/><V86/><F21/><W10/><G133/><T68/><D68/><U99/><E39/><V25/><F25/><W122/><G122/><T56/><D112/><U58/><E77/><V110/><F110/><W55/><G10/><T23/><D23/><U35/><E78/><V18/><F18/><AGARI ba="0,0" hai="11,13,18,36,43,47,55,57,62,93,95" m="41546" machi="18" ten="30,3900,0" yaku="14,1,52,2" doraHai="91" who="3" fromWho="2" sc="201,0,250,0,309,-39,240,39" /><INIT seed="3,0,0,1,5,101" ten="201,250,270,279" oya="3" hai0="0,120,115,23,130,134,43,45,76,88,109,52,61" hai1="77,27,30,31,50,108,24,39,26,129,25,85,96" hai2="107,122,83,14,15,98,94,100,103,51,19,68,53" hai3="111,79,8,82,65,70,47,78,69,95,117,89,38"/><W44/><G117/><T116/><D116/><U20/><E39/><V42/><F122/><W66/><G38/><T2/><D120/><U35/><E108/><V102/><F68/><W11/><G95/><T114/><D109/><U48/><E129/><V119/><F119/><W75/><G111/><T135/><D76/><U33/><E96/><V73/><F42/><W125/><G89/><T17/><D130/><U71/><E71/><V36/><F36/><W1/><G82/><T90/><D43/><U106/><E106/><V62/><F62/><W18/><G18/><T32/><D32/><U29/><REACH who="1" step="1"/><E24/><REACH who="1" ten="201,240,270,279" step="2"/><V41/><F107/><W127/><G75/><T112/><D0/><AGARI ba="0,1" hai="0,1,8,11,44,47,65,66,69,70,78,79,125,127" machi="0" ten="25,2400,0" yaku="22,2" doraHai="101" who="3" fromWho="0" sc="201,-24,240,0,270,0,279,34" owari="177,-32.3,240,-16.0,270,7.0,313,41.3" /></mjloggm>