<mjloggm ver="2.3"><GO type="225" lobby="0"/><UN n0="%E7%99%BD%E6%97%A5%E9%9B%AA%E8%8F%9C" n1="%E6%B4%BE%E9%81%A3%E3%81%AE%E3%82%B8%E3%83%A3%E3%83%83%E3%82%AF" n2="%E8%B6%85%E7%B4%9A%E9%B3%B3%E5%87%B0" n3="%E3%81%8B%E3%82%8F%E3%81%A1%E3%82%83%E3%82%93%35%38" dan="17,17,17,17" rate="2209.82,2234.90,2150.99,2167.41" sx="M,M,F,M"/><TAIKYOKU oya="0"/><INIT seed="0,0,0,1,2,132" ten="250,250,250,250" oya="0" hai0="14,66,1,23,123,100,90,111,53,130,79,106,121" hai1="52,22,29,5,18,39,28,47,122,19,78,119,84" hai2="89,69,31,82,99,67,34,134,124,49,95,87,76" hai3="48,4,27,104,73,102,114,81,112,116,15,65,59"/><T58/><D1/><U30/><E119/><V70/><F134/><W50/><G116/><T80/><D66/><U46/><E122/><V37/><F37/><W126/><G27/><T3/><D3/><U43/><E5/><V11/><F11/><W8/><G104/><T20/><D130/><U103/><E103/><V25/><F67/><W64/><G102/><T44/><D44/><U133/><E133/><V91/><F124/><W127/><G73/><T51/><D90/><U120/><E120/><V6/><F6/><W97/><G97/><T74/><D111/><U13/><E19/><V94/><REACH who="2" step="1"/><F49/><REACH who="2" ten="250,250,240,250" step="2"/><N who="3" m="19051" /><G64/><T85/><D121/><U93/><E39/><V135/><F135/><W77/><G65/><T35/><D123/><U38/><E38/><V128/><F128/><W40/><G114/><T108/><D108/><U101/><E43/><V115/><F115/><W60/><G112/><T105/><D51/><N who="1" m="28791" /><E47/><V98/><AGARI ba="0,1" hai="25,31,34,69,70,76,82,87,89,91,94,95,98,99" machi="98" ten="20,5200,0" yaku="1,1,0,1,7,1,9,1,53,0" doraHai="132" doraHaiUra="129" who="2" fromWho="2" sc="250,-26,250,-13,240,62,250,-13" /><INIT seed="1,0,0,1,2,75" ten="224,237,302,237" oya="1" hai0="44,99,19,38,10,43,117,84,85,31,46,94,97" hai1="116,51,22,126,17,120,100,55,61,81,102,72,113" hai2="53,101,50,54,123,45,98,63,41,69,88,135,128" hai3="110,35,16,125,25,109,23,6,32,103,112,133,27"/><U42/><E120/><V24/><F123/><W67/><G67/><T20/><D117/><U47/><E116/><V124/><F128/><W7/><G103/><T104/><D31/><U57/><E126/><V11/><F124/><W86/><G86/><T48/><D10/><U21/><E113/><V59/><F135/><W1/><G125/><T131/><D104/><U68/><E68/><V12/><F69/><W9/><G112/><T93/><D131/><U132/><E132/><V74/><F74/><W28/><G133/><T4/><D4/><U95/><E95/><V36/><F24/><W119/><G119/><T70/><D70/><U64/><E64/><V130/><F130/><W96/><G96/><T89/><D44/><U121/><E121/><V92/><F101/><W80/><G80/><T122/><D38/><U52/><E55/><V29/><F29/><N who="3" m="19503" /><G7/><T105/><D105/><U58/><E58/><V90/><F90/><W13/><AGARI ba="0,0" hai="1,6,9,13,16,23,27,28,35,109,110" m="19503" machi="13" ten="30,7900,0" yaku="24,1,34,2,54,1" doraHai="75" who="3" fromWho="3" sc="224,-20,237,-39,302,-20,237,79" /><INIT seed="2,0,0,5,2,112" ten="204,198,282,316" oya="2" hai0="2,6,105,53,4,1,130,124,87,15,14,60,109" hai1="100,121,30,71,97,93,88,114,84,134,56,123,110" hai2="3,73,98,54,75,59,108,81,99,95,27,118,90" hai3="57,37,38,92,101,24,94,29,122,25,77,67,135"/><V82/><F3/><N who="0" m="1034" /><D105/><U91/><E71/><V48/><F108/><W79/><G122/><N who="1" m="46602" /><E114/><V32/><F118/><W125/><G135/><T35/><D87/><U28/><E110/><V16/><F98/><W129/><G129/><T131/><D109/><U36/><E36/><V40/><F40/><W96/><G125/><T104/><D104/><N who="1" m="63503" /><E134/><V21/><REACH who="2" step="1"/><F32/><REACH who="2" ten="204,198,272,316" step="2"/><W89/><G96/><T0/><D35/><U113/><E113/><V9/><F9/><W61/><G101/><T33/><D33/><U20/><E20/><V72/><AGARI ba="0,1" hai="16,21,27,48,54,59,72,73,75,81,82,90,95,99" machi="72" ten="30,6000,0" yaku="1,1,0,1,54,1,53,0" doraHai="112" doraHaiUra="65" who="2" fromWho="2" sc="204,-20,198,-20,272,70,316,-20" /><INIT seed="2,1,0,2,3,82" ten="184,178,342,296" oya="2" hai0="56,69,84,66,15,78,127,60,103,32,23,68,10" hai1="17,118,120,119,130,44,34,31,71,76,45,92,39" hai2="1,134,6,101,22,91,94,13,28,26,106,102,59" hai3="43,19,123,48,72,81,126,109,24,51,125,35,90"/><V2/><F134/><W30/><G123/><T42/><D32/><U37/><E120/><V47/><F47/><W63/><G109/><T133/><D133/><U36/><E71/><V65/><F106/><W20/><G63/><T7/><D127/><N who="3" m="48649" /><G43/><T14/><D42/><U21/><E130/><V74/><F74/><W80/><G90/><T115/><D115/><U52/><E76/><V27/><F27/><N who="3" m="18911" /><G81/><T8/><D103/><U88/><E31/><V5/><F101/><W4/><G4/><T62/><D23/><U85/><E34/><V96/><F91/><W132/><G132/><T105/><D105/><U25/><REACH who="1" step="1"/><E52/><REACH who="1" ten="184,168,342,296" step="2"/><V77/><F77/><AGARI ba="1,1" hai="19,20,24,48,51,72,77,80" m="18911,48649" machi="77" ten="30,1000,0" yaku="18,1" doraHai="82" who="3" fromWho="2" sc="184,0,168,0,342,-13,296,23" /><INIT seed="3,0,0,0,5,81" ten="184,168,329,319" oya="3" hai0="92,97,133,31,34,49,3,77,127,32,63,20,75" hai1="114,105,111,100,24,113,67,118,120,107,93,73,80" hai2="130,70,56,135,33,90,27,62,22,102,65,112,101" hai3="60,103,84,10,69,126,119,76,2,0,110,48,30"/><W51/><G119/><T98/><D3/><U68/><E68/><V14/><F112/><N who="1" m="43113" /><E67/><V78/><F130/><W134/><G0/><T50/><D63/><U8/><E8/><V35/><F135/><W88/><G76/><T41/><D133/><U4/><E4/><V58/><F78/><W121/><G121/><T5/><D5/><U91/><E24/><V123/><F123/><W83/><G134/><T61/><D61/><U44/><E44/><V45/><F45/><W18/><G30/><T25/><D34/><U115/><N who="1" m="43121" /><U37/><DORA hai="66" /><E37/><V89/><F70/><W74/><G74/><T59/><D32/><U132/><E120/><V85/><F14/><N who="3" m="7511" /><G2/><T128/><D31/><U86/><E132/><V40/><F40/><W28/><G28/><T71/><D41/><U21/><E21/><V36/><F36/><W94/><G126/><T64/><D127/><U15/><E15/><V106/><F106/><N who="1" m="40457" /><E118/><V117/><F117/><W82/><G110/><T43/><D71/><U9/><E9/><V12/><F12/><W1/><G1/><T99/><D20/><U95/><E111/><V129/><F129/><W11/><G11/><T16/><D128/><U125/><E125/><V54/><F33/><W53/><G103/><T79/><D16/><U72/><E100/><V7/><F35/><W13/><G13/><T29/><D29/><U42/><E42/><V39/><F39/><W6/><G6/><T96/><D43/><U55/><E55/><V131/><F131/><W38/><G38/><T116/><D116/><U47/><E47/><V46/><F46/><RYUUKYOKU ba="0,0" sc="184,-10,168,30,329,-10,319,-10" hai1="72,73,80,86,91,93,95" owari="174,-32.6,198,-20.2,319,41.9,309,10.9" /></mjloggm>