<mjloggm ver="2.3"><GO type="225" lobby="0"/><UN n0="%72%65%6E%6B%75%6E" n1="%E7%BD%AA%E5%88%91%E6%B3%95%E5%AE%9A%E4%B8%BB%E7%BE%A9" n2="%43%68%65" n3="%E6%80%AA%E3%81%97%E3%81%99%E3%81%8E%E3%82%8B%E3%83%81%E3%83%BC" dan="17,16,16,16" rate="2214.57,2173.68,2094.84,2092.37" sx="M,M,M,M"/><TAIKYOKU oya="0"/><INIT seed="0,0,0,0,3,58" ten="250,250,250,250" oya="0" hai0="133,22,82,10,27,7,43,110,28,107,77,48,130" hai1="98,76,36,115,9,42,23,97,102,40,106,122,112" hai2="21,25,53,123,83,108,61,11,78,86,120,79,1" hai3="89,20,131,38,39,13,103,114,57,31,29,99,35"/><T111/><BYE who="2" /><D107/><U75/><E122/><V32/><F32/><W95/><G114/><N who="1" m="43562" /><E36/><V101/><F101/><W129/><G57/><T33/><D130/><N who="3" m="49673" /><G103/><T17/><D133/><U49/><E97/><V100/><F100/><W44/><G35/><T50/><D33/><U4/><E23/><V18/><F18/><N who="3" m="10319" /><G44/><T88/><D28/><AGARI ba="0,0" hai="28,29,31,38,39,89,95,99" m="10319,49673" machi="28" ten="30,1000,0" yaku="19,1" doraHai="58" who="3" fromWho="0" sc="250,-10,250,0,250,0,250,10" /><UN n2="%43%68%65" /><INIT seed="1,0,0,0,2,84" ten="240,250,250,260" oya="1" hai0="73,67,20,126,121,1,75,55,44,113,26,34,127" hai1="130,68,103,5,41,115,42,50,13,95,119,62,98" hai2="22,38,53,109,118,28,66,125,128,112,56,24,80" hai3="116,4,8,33,123,104,23,135,79,89,91,120,65"/><U21/><E115/><V93/><F118/><W134/><G116/><T15/><D1/><U40/><E119/><V64/><F112/><W105/><G33/><T96/><D113/><U0/><E130/><V74/><F128/><W31/><G65/><T14/><D121/><N who="3" m="46665" /><G79/><T81/><D67/><U30/><E68/><V57/><F38/><W108/><G23/><T86/><D96/><U69/><E69/><V39/><F39/><W46/><G46/><T59/><D44/><U129/><E129/><V101/><F109/><W77/><G31/><N who="0" m="17863" /><D34/><U45/><E62/><V49/><F125/><N who="0" m="47626" /><D73/><U27/><REACH who="1" step="1"/><E0/><REACH who="1" ten="240,240,250,260" step="2"/><V29/><F66/><W61/><G61/><N who="0" m="36095" /><D75/><U97/><E97/><V19/><F74/><W12/><G134/><T124/><N who="0" m="47634" /><T25/><DORA hai="60" /><D25/><U72/><E72/><V11/><F24/><W78/><G135/><T92/><D92/><U16/><E16/><V83/><F19/><W107/><G105/><T3/><D3/><U63/><E63/><V87/><F93/><W58/><G107/><T9/><D9/><AGARI ba="0,1" hai="5,9,13,21,27,30,40,41,42,45,50,95,98,103" machi="9" ten="40,7700,0" yaku="1,1,8,1,53,1" doraHai="84,60" doraHaiUra="47,133" who="1" fromWho="0" sc="240,-77,240,87,250,0,260,0" /><INIT seed="1,1,0,4,2,25" ten="163,327,250,260" oya="1" hai0="6,95,27,132,3,112,39,87,34,102,4,103,108" hai1="135,134,69,20,131,110,119,30,88,17,54,126,23" hai2="129,89,113,118,117,74,109,84,49,101,31,1,105" hai3="58,40,100,127,71,53,42,106,14,48,83,72,15"/><U73/><E119/><V57/><F1/><W35/><G127/><T93/><D112/><U16/><E73/><V82/><F113/><W8/><G71/><T86/><D39/><U90/><E69/><V55/><F109/><W46/><G35/><T128/><D108/><U116/><E110/><V114/><F114/><W78/><G8/><T41/><D41/><U96/><E116/><V37/><F37/><W111/><G111/><T91/><D128/><U107/><E126/><V94/><F129/><W52/><G100/><T56/><D132/><N who="1" m="50731" /><E131/><V10/><F10/><W130/><G106/><T121/><D121/><U98/><E54/><V45/><F31/><W70/><G70/><T79/><D56/><U22/><E30/><V47/><F47/><W124/><G124/><T9/><D4/><U67/><E67/><V29/><F29/><W36/><G130/><T66/><D66/><U80/><E107/><V104/><F104/><W75/><G40/><T51/><D51/><U43/><E43/><V33/><F33/><W62/><REACH who="3" step="1"/><G75/><REACH who="3" ten="163,327,250,250" step="2"/><T5/><D34/><U11/><E11/><V122/><F105/><W120/><G120/><T68/><D68/><U115/><E115/><V2/><F122/><W123/><G123/><T92/><D9/><U12/><E23/><V24/><F74/><W21/><G21/><T76/><D3/><U64/><E22/><V65/><F101/><N who="0" m="38410" /><D27/><U18/><E20/><V85/><F24/><W59/><AGARI ba="1,1" hai="14,15,36,42,46,48,52,53,58,59,62,72,78,83" machi="59" ten="20,12000,2" yaku="1,1,0,1,7,1,54,1,53,2" doraHai="25" doraHaiUra="50" who="3" fromWho="3" sc="163,-31,327,-61,250,-31,250,133" /><INIT seed="2,0,0,4,1,13" ten="132,266,219,383" oya="2" hai0="38,24,49,83,76,81,59,7,50,33,71,19,107" hai1="37,131,91,90,11,103,132,17,111,74,73,128,117" hai2="127,66,26,34,124,106,28,35,46,67,116,21,27" hai3="114,63,102,56,134,121,82,16,43,78,125,47,112"/><V45/><F106/><W40/><G121/><T25/><D71/><U69/><E69/><V113/><F113/><N who="3" m="43627" /><G125/><T54/><D38/><U65/><E37/><V52/><F116/><W31/><G31/><T104/><D7/><U4/><E65/><V12/><F12/><W135/><G16/><T15/><D33/><U94/><E17/><V108/><F108/><W99/><G47/><T61/><D104/><U80/><E117/><V64/><F46/><W105/><G134/><T79/><D107/><U95/><E111/><V123/><F123/><W92/><G105/><T133/><D133/><U6/><E132/><V70/><F70/><W55/><G135/><T51/><D81/><U57/><E57/><V72/><F72/><AGARI ba="0,0" hai="40,43,55,56,63,72,78,82,92,99,102" m="43627" machi="72" ten="30,1000,0" yaku="11,1" doraHai="13" who="3" fromWho="2" sc="132,0,266,0,219,-10,383,10" /><INIT seed="3,0,0,4,2,21" ten="132,266,209,393" oya="3" hai0="88,109,33,62,113,11,25,14,46,39,3,123,37" hai1="120,24,105,132,17,2,99,133,32,97,6,12,74" hai2="131,57,92,103,124,121,27,31,129,112,29,110,75" hai3="95,26,102,80,104,115,122,135,48,44,15,73,7"/><W20/><G95/><T22/><D123/><U49/><E120/><V45/><F112/><W66/><G66/><T69/><D113/><U59/><E74/><V68/><F68/><W60/><G60/><T117/><D117/><U111/><E111/><V35/><F75/><W83/><G15/><T79/><D79/><U16/><E105/><V67/><F121/><W119/><G20/><T106/><D106/><U90/><E2/><V36/><F110/><W63/><G48/><T100/><D100/><U34/><E6/><V30/><F124/><W9/><G63/><T61/><D109/><U41/><E90/><V64/><F57/><W55/><G55/><T23/><D3/><U54/><E41/><V52/><F36/><W76/><G7/><T47/><D33/><U38/><E38/><V65/><F92/><W130/><G104/><T53/><D69/><U82/><E82/><V8/><F8/><W58/><G9/><T78/><D78/><U5/><E5/><V13/><F13/><W127/><G80/><T96/><D14/><U94/><E94/><V118/><F103/><W4/><G102/><T116/><D116/><U1/><E1/><V91/><F91/><W126/><G83/><T107/><D107/><U87/><E34/><V134/><F118/><W101/><G73/><T42/><D11/><U85/><E32/><V89/><F89/><W125/><G119/><T108/><D108/><U72/><E12/><V28/><F134/><W81/><G135/><T50/><D37/><U84/><E133/><V114/><F114/><W70/><G115/><T86/><D39/><RYUUKYOKU ba="0,0" sc="132,-10,266,-10,209,30,393,-10" hai2="27,28,29,30,31,35,45,52,64,65,67,129,131" owari="122,-37.8,256,5.6,239,-16.1,383,48.3" /></mjloggm>