<mjloggm ver="2.3"><GO type="225" lobby="0"/><UN n0="%31%50%E3%81%9F%E3%81%9D" n1="%E3%83%A1%E3%82%AC%E3%83%87%E3%82%B8" n2="%E6%80%AA%E3%81%97%E3%81%99%E3%81%8E%E3%82%8B%E3%83%81%E3%83%BC" n3="%E3%83%8F%E3%82%AC%E3%82%BF%E3%82%AB%E3%81%AE%E3%81%88%E3%81%98%E3%81%8D" dan="16,16,16,16" rate="2131.51,2089.24,2148.28,2153.66" sx="F,F,M,M"/><TAIKYOKU oya="0"/><INIT seed="0,0,0,5,3,40" ten="250,250,250,250" oya="0" hai0="64,54,95,67,19,106,117,100,20,23,119,72,46" hai1="115,112,55,7,65,22,127,77,87,74,88,130,78" hai2="113,45,133,132,123,30,96,124,51,43,47,89,38" hai3="39,3,102,42,76,86,60,48,85,18,68,99,17"/><T32/><D72/><U98/><E127/><V14/><F113/><N who="1" m="43593" /><E74/><V83/><F123/><W94/><G39/><T21/><D32/><U63/><E7/><V121/><F121/><W103/><G3/><T13/><D106/><U75/><E75/><V62/><F124/><W135/><G102/><T41/><D54/><U44/><E98/><V126/><F126/><W84/><G76/><T92/><D117/><U129/><E22/><N who="0" m="8809" /><D119/><U10/><E10/><V118/><F118/><W34/><G34/><T110/><D110/><U104/><E104/><V69/><F30/><W4/><G4/><T73/><D73/><U61/><E78/><V120/><F14/><W81/><G81/><T82/><D82/><N who="1" m="49271" /><E77/><V27/><F120/><W122/><G122/><T33/><D33/><U114/><E114/><V93/><F83/><W70/><G135/><N who="2" m="51785" /><F27/><W11/><G11/><T58/><D100/><U107/><E107/><V8/><F8/><W97/><G103/><T16/><D19/><U35/><E35/><V56/><F69/><W15/><G18/><T5/><D5/><U57/><E63/><V59/><F62/><W105/><G60/><N who="0" m="37911" /><D67/><U66/><E65/><V125/><F125/><W2/><G105/><T36/><D95/><U37/><E66/><V26/><F26/><W128/><G94/><T134/><D92/><U29/><E29/><V131/><F131/><W116/><G128/><T90/><D134/><U50/><E61/><V31/><F31/><W24/><G116/><T12/><D12/><U25/><E25/><V111/><F111/><W71/><G24/><T79/><D79/><RYUUKYOKU ba="0,0" sc="250,10,250,10,250,10,250,-30" hai0="13,16,23,36,41,46,90" hai1="37,44,50,55,57,129,130" hai2="38,43,45,47,51,56,59,89,93,96" /><INIT seed="0,1,0,2,0,110" ten="260,260,260,220" oya="0" hai0="18,97,88,72,10,16,112,43,121,44,78,73,11" hai1="106,7,74,104,105,57,76,69,65,9,59,55,2" hai2="79,131,38,25,51,85,33,93,31,66,100,35,41" hai3="64,22,23,103,87,133,95,34,107,111,19,63,39"/><T98/><D112/><U118/><E118/><V90/><F131/><W75/><G34/><T89/><D121/><U109/><E109/><V94/><F38/><W45/><G75/><T8/><D78/><U47/><E69/><V40/><F35/><W12/><G133/><T20/><D44/><U4/><E65/><V114/><F114/><W46/><G107/><T24/><D43/><U99/><E99/><N who="0" m="37897" /><D72/><U14/><E7/><V0/><F0/><W3/><G3/><T71/><D71/><U102/><E102/><V62/><F79/><W122/><G103/><T125/><D73/><U130/><E130/><V30/><F30/><W128/><G111/><T123/><D125/><U37/><E14/><V117/><F117/><W101/><G101/><T84/><D123/><U53/><E59/><V134/><F134/><W21/><G39/><T77/><D18/><U119/><E57/><V13/><F100/><W26/><G128/><T58/><D58/><U96/><E96/><V50/><F33/><W29/><G122/><T56/><D56/><U92/><E119/><V42/><F66/><W52/><G46/><T82/><AGARI ba="1,0" hai="8,10,11,16,20,24,77,82,84,88,89" m="37897" machi="82" ten="30,6000,0" yaku="8,1,54,2" doraHai="110" who="0" fromWho="0" sc="260,63,260,-21,260,-21,220,-21" /><INIT seed="0,2,0,1,1,17" ten="323,239,239,199" oya="0" hai0="2,34,69,78,110,70,8,72,41,134,16,84,46" hai1="49,63,19,28,116,38,85,83,132,11,76,114,33" hai2="40,89,127,121,43,106,32,22,90,1,30,42,107" hai3="44,98,35,102,100,71,119,75,112,26,18,9,109"/><T52/><D134/><U105/><E38/><V96/><F121/><W56/><G71/><T39/><D34/><U66/><E116/><V23/><F127/><W133/><G112/><T113/><D113/><U62/><E132/><V61/><F1/><W55/><G119/><T53/><D110/><U122/><E122/><V104/><F61/><W60/><G75/><T6/><D84/><U124/><E105/><V81/><F81/><W36/><G109/><T45/><D16/><U82/><E124/><V87/><F87/><W58/><G35/><T4/><D4/><U0/><E114/><V20/><F96/><W135/><G100/><T3/><D3/><U118/><E118/><V131/><F131/><W86/><G58/><T73/><D73/><U130/><E130/><V64/><F64/><W47/><G36/><T29/><D29/><U125/><E125/><V7/><F7/><W31/><G31/><T37/><D37/><U67/><E83/><V12/><F12/><W91/><G133/><T97/><D97/><U50/><E0/><V93/><F93/><N who="3" m="58703" /><G135/><T128/><D128/><U123/><E123/><V48/><F48/><W27/><G9/><T103/><D103/><U51/><E63/><V80/><F80/><N who="3" m="49607" /><G27/><AGARI ba="2,0" hai="20,22,23,27,30,32,40,42,43,89,90,104,106,107" machi="27" ten="50,8000,1" yaku="29,2,52,3" doraHai="17" who="2" fromWho="3" sc="323,0,239,0,239,86,199,-86" /><INIT seed="1,0,0,3,1,31" ten="323,239,325,113" oya="1" hai0="16,98,10,119,114,49,40,112,3,128,90,110,87" hai1="127,103,2,51,111,5,61,0,35,104,66,69,53" hai2="6,105,76,21,50,13,101,33,81,42,73,107,12" hai3="115,15,97,129,85,92,67,9,25,60,62,84,65"/><U38/><E127/><V117/><F33/><W96/><G115/><T88/><D119/><U132/><E132/><V34/><F34/><W32/><G129/><T20/><D128/><U125/><E125/><V64/><F117/><W70/><G32/><T56/><D110/><U55/><E38/><V72/><F72/><W43/><G43/><T109/><D109/><U123/><E123/><V80/><F80/><W45/><G45/><T130/><D130/><U102/><E111/><V78/><F78/><W71/><G25/><T134/><D134/><U79/><E79/><V135/><F64/><W95/><G15/><T75/><D75/><U100/><E35/><V106/><F21/><W118/><G9/><T124/><D10/><U44/><E5/><V47/><F135/><W126/><G126/><T41/><D3/><U94/><E104/><V8/><REACH who="2" step="1"/><F13/><REACH who="2" ten="323,239,315,113" step="2"/><W1/><REACH who="3" step="1"/><G118/><REACH who="3" ten="323,239,315,103" step="2"/><T48/><D124/><U77/><E0/><AGARI ba="0,2" hai="0,1,60,62,65,67,70,71,84,85,92,95,96,97" machi="0" ten="25,12000,2" yaku="1,1,2,1,22,2,53,2" doraHai="31" doraHaiUra="93" who="3" fromWho="1" sc="323,0,239,-120,315,0,103,140" /><INIT seed="2,0,0,4,1,75" ten="323,119,315,243" oya="2" hai0="21,95,30,105,115,43,102,7,67,82,119,63,73" hai1="89,93,120,69,12,100,83,0,123,114,17,44,59" hai2="92,23,70,99,31,91,25,65,90,49,76,16,37" hai3="5,130,127,74,128,124,51,125,6,129,41,134,32"/><V19/><F37/><W85/><G74/><T38/><D115/><U28/><E69/><V39/><F39/><W14/><G32/><T64/><D105/><U81/><E0/><V52/><F70/><W87/><G14/><T47/><D7/><N who="3" m="2569" /><G41/><T1/><D1/><U98/><E114/><V40/><F65/><W113/><G51/><T8/><D8/><U88/><E28/><V57/><F76/><W96/><G113/><T103/><D67/><U22/><E44/><N who="2" m="25735" /><F91/><W132/><G96/><T122/><D119/><U79/><E81/><V86/><F99/><W2/><G2/><T42/><D122/><N who="1" m="46635" /><E59/><V13/><F13/><W58/><G58/><T36/><D64/><U94/><E94/><V20/><F20/><W24/><G24/><T71/><D21/><U35/><E35/><V54/><F54/><W101/><G101/><T50/><D95/><U48/><E48/><AGARI ba="0,0" hai="16,19,23,25,31,48,52,57,86,90,92" m="25735" machi="48" ten="30,5800,0" yaku="8,1,54,2" doraHai="75" who="2" fromWho="1" sc="323,0,119,-58,315,58,243,0" /><INIT seed="2,1,0,0,1,105" ten="323,61,373,243" oya="2" hai0="19,131,8,62,24,46,113,88,111,41,129,84,110" hai1="86,15,81,128,7,94,99,9,114,0,74,39,98" hai2="25,87,118,32,10,80,120,49,65,4,73,115,34" hai3="126,26,91,50,6,72,75,31,108,43,66,45,109"/><V38/><F115/><W135/><G135/><T134/><D134/><U77/><E114/><V56/><F118/><W117/><G117/><T53/><D113/><U3/><E128/><N who="0" m="49225" /><D53/><U104/><E39/><V54/><F38/><W119/><G119/><T95/><D62/><U12/><E99/><V63/><F120/><W23/><G66/><T79/><D79/><U133/><E133/><V33/><F73/><W40/><G40/><T102/><D102/><U89/><REACH who="1" step="1"/><E0/><REACH who="1" ten="323,51,373,243" step="2"/><V70/><F32/><W130/><G130/><T17/><D24/><U57/><E57/><V16/><F25/><W30/><G26/><T59/><D59/><U127/><E127/><V2/><F33/><W42/><G126/><T64/><D64/><U116/><E116/><V21/><F34/><W58/><G58/><T37/><D8/><U36/><E36/><V123/><F21/><W106/><G109/><AGARI ba="1,1" hai="17,19,37,41,46,84,88,95,109,110,111" m="49225" machi="109" ten="30,3900,0" yaku="14,1,19,1,54,1" doraHai="105" who="0" fromWho="3" sc="323,52,51,0,373,0,243,-42" /><INIT seed="3,0,0,4,3,42" ten="375,51,373,201" oya="3" hai0="79,107,125,4,33,26,41,72,57,110,17,5,80" hai1="126,75,74,119,38,116,64,115,13,62,106,18,120" hai2="16,131,108,93,39,104,86,90,111,118,102,67,35" hai3="23,63,40,58,130,103,61,69,11,101,44,14,124"/><W113/><G113/><T8/><D107/><U135/><E13/><V123/><F118/><W19/><G124/><T49/><D110/><N who="2" m="42026" /><F131/><W114/><G130/><T84/><D125/><U43/><E18/><V73/><F39/><W27/><G114/><T3/><D5/><U20/><E20/><V129/><F129/><W70/><G70/><T2/><D2/><U128/><E128/><V21/><F35/><W82/><G82/><T56/><D72/><U50/><E126/><V28/><F28/><W127/><G69/><T76/><D76/><U85/><E85/><V0/><F0/><W96/><G127/><T29/><D17/><U1/><E115/><V12/><F67/><W83/><G83/><T31/><D31/><U88/><E120/><V99/><F73/><W132/><G132/><T22/><D33/><U25/><E135/><V53/><F53/><W87/><G87/><T6/><D6/><U109/><E75/><V52/><F52/><N who="3" m="33991" /><G96/><T91/><D79/><U45/><E74/><V30/><F30/><N who="3" m="17791" /><G63/><T36/><D36/><U71/><E109/><V65/><F65/><W46/><G40/><T78/><D78/><U48/><E1/><V100/><F123/><W95/><G95/><T60/><D60/><U37/><E106/><V55/><F55/><W133/><G133/><T94/><D80/><U68/><E68/><V15/><F104/><W121/><G121/><T77/><D77/><U89/><E37/><V81/><F15/><W98/><G98/><T112/><D112/><U66/><E66/><V7/><F102/><AGARI ba="0,0" hai="11,14,19,44,46,101,102,103" m="17791,33991" machi="102" ten="30,11600,0" yaku="8,1,52,2,54,1" doraHai="42" who="3" fromWho="2" sc="375,0,51,0,373,-116,201,116" /><INIT seed="3,1,0,3,0,38" ten="375,51,257,317" oya="3" hai0="11,113,31,93,58,0,91,116,128,28,125,92,101" hai1="122,135,51,62,98,3,45,105,133,32,17,12,104" hai2="111,100,49,7,114,112,67,24,39,109,73,66,80" hai3="36,47,108,86,134,2,78,52,25,54,10,124,115"/><W126/><G115/><N who="2" m="44073" /><F39/><W16/><G134/><T106/><D125/><N who="3" m="48233" /><G108/><N who="2" m="41545" /><F100/><W97/><G97/><T77/><D128/><U130/><E98/><V85/><F73/><W29/><G36/><T55/><D106/><U6/><E62/><V48/><F7/><N who="3" m="1399" /><G47/><T40/><D101/><U42/><E122/><V60/><F24/><W34/><G16/><T4/><D116/><U94/><E130/><V71/><F66/><W102/><G102/><T64/><D64/><U46/><E32/><V118/><F118/><W129/><G129/><T87/><D113/><U120/><E120/><V132/><F132/><W19/><G19/><T41/><D77/><AGARI ba="1,0" hai="48,49,60,67,71,77,80,85" m="41545,44073" machi="77" ten="30,1000,0" yaku="14,1" doraHai="38" who="2" fromWho="0" sc="375,-13,51,0,257,13,317,0" owari="362,46.2,51,-44.9,270,-13.0,317,11.7" /></mjloggm>