<mjloggm ver="2.3"><GO type="225" lobby="0"/><UN n0="%E3%82%BC%E3%83%AB%E3%83%80%E3%81%AE%E4%BC%9D%E8%AA%AC" n1="%E7%BD%AA%E5%88%91%E6%B3%95%E5%AE%9A%E4%B8%BB%E7%BE%A9" n2="%E3%83%97%E3%83%AC%E3%83%B4%E3%82%A1%E3%83%86%E3%82%A3" n3="%63%68%78%62%64" dan="17,16,16,16" rate="2249.34,2160.76,2122.68,2152.87" sx="M,M,F,M"/><TAIKYOKU oya="0"/><INIT seed="0,0,0,0,3,42" ten="250,250,250,250" oya="0" hai0="116,83,13,17,62,15,14,109,12,19,127,110,34" hai1="21,39,102,125,74,44,98,55,31,50,86,66,67" hai2="132,115,45,118,97,38,101,5,128,120,82,105,2" hai3="48,46,107,71,41,135,24,99,75,79,35,123,104"/><T70/><D116/><U103/><E74/><V58/><F118/><W111/><G111/><N who="0" m="42507" /><D127/><U100/><E125/><V28/><F120/><W106/><G71/><T54/><D34/><U129/><E129/><V96/><F128/><W18/><G135/><T6/><D83/><U134/><E134/><V9/><F132/><W91/><G123/><T80/><D80/><U88/><E39/><V131/><F131/><W90/><G75/><T8/><D54/><U85/><E98/><V52/><F97/><W124/><G79/><T113/><D113/><U112/><E112/><V57/><F115/><W40/><G99/><T68/><D68/><U77/><E77/><V117/><F117/><W130/><G130/><T59/><D59/><U122/><E122/><V84/><F28/><W92/><G124/><T87/><D87/><U133/><E86/><V126/><F126/><W76/><G76/><T49/><D49/><U69/><E69/><V4/><F4/><W23/><G35/><T33/><D33/><U30/><E133/><V37/><F37/><W29/><G29/><N who="1" m="10762" /><E21/><V73/><F73/><W11/><G11/><T20/><D20/><U108/><E108/><V22/><F22/><W72/><G72/><T51/><D51/><U43/><E43/><V3/><F3/><W27/><G41/><T119/><D119/><U47/><E47/><V1/><F1/><W94/><G27/><T36/><D36/><U81/><AGARI ba="0,0" hai="44,50,55,66,67,81,85,88,100,102,103" m="10762" machi="81" ten="30,4000,0" yaku="8,1,52,1,54,1" doraHai="42" who="1" fromWho="1" sc="250,-20,250,40,250,-10,250,-10" /><INIT seed="1,0,0,3,0,65" ten="230,290,240,240" oya="1" hai0="60,76,54,5,35,75,49,127,98,33,2,84,123" hai1="39,102,0,122,3,88,70,80,45,1,19,90,101" hai2="30,100,43,52,135,71,27,4,97,69,9,31,64" hai3="66,28,130,86,25,57,12,133,108,114,38,125,20"/><U62/><E122/><V118/><F118/><W56/><G114/><T32/><D123/><U29/><E29/><V107/><F43/><W15/><G38/><T134/><D127/><U46/><E19/><V117/><F117/><W18/><G125/><T91/><D134/><U85/><E90/><V47/><F135/><W78/><G133/><T55/><D60/><U40/><REACH who="1" step="1"/><E46/><REACH who="1" ten="230,280,240,240" step="2"/><V22/><F31/><W94/><G28/><T83/><D91/><U21/><E21/><V82/><F82/><W106/><G20/><T79/><D83/><U104/><E104/><V42/><F64/><AGARI ba="0,1" hai="0,1,3,39,40,45,62,64,70,80,85,88,101,102" machi="64" ten="40,7700,0" yaku="1,1,52,1,54,1,53,0" doraHai="65" doraHaiUra="92" who="1" fromWho="2" sc="230,0,280,87,240,-77,240,0" /><INIT seed="1,1,0,5,3,117" ten="230,367,163,240" oya="1" hai0="112,84,104,65,114,56,68,102,99,8,116,63,64" hai1="85,57,98,36,19,111,121,9,101,103,1,13,53" hai2="124,132,109,60,82,69,34,48,50,27,67,35,6" hai3="81,66,25,97,89,44,59,26,41,40,38,127,3"/><U115/><E115/><V133/><F109/><W79/><G127/><T92/><D116/><U2/><E36/><V86/><F124/><W43/><G3/><T88/><D64/><U51/><E111/><V134/><F6/><W135/><G38/><T120/><D120/><U91/><E121/><V58/><F27/><W47/><G135/><T16/><REACH who="0" step="1"/><D68/><REACH who="0" ten="220,367,163,240" step="2"/><U62/><E62/><V61/><F60/><W45/><G66/><T30/><D30/><U130/><E130/><V77/><REACH who="2" step="1"/><F69/><REACH who="2" ten="220,367,153,240" step="2"/><W20/><G25/><T73/><D73/><U18/><E2/><V74/><F74/><W10/><G26/><T72/><D72/><U54/><E1/><V80/><F80/><W46/><G81/><T90/><D90/><U29/><E91/><V0/><F0/><W123/><G89/><T78/><D78/><U122/><E122/><V42/><F42/><W110/><G79/><T107/><D107/><U76/><E76/><V94/><F94/><W119/><G123/><T96/><D96/><U21/><E98/><V75/><F75/><W105/><G97/><T14/><AGARI ba="1,2" hai="8,14,16,56,63,65,84,88,92,99,102,104,112,114" machi="14" ten="30,8000,1" yaku="1,1,0,1,54,2,53,1" doraHai="117" doraHaiUra="52" who="0" fromWho="0" sc="220,103,367,-41,153,-21,240,-21" /><INIT seed="2,0,0,1,3,3" ten="323,326,132,219" oya="2" hai0="25,90,129,134,63,34,85,15,95,131,83,5,115" hai1="68,32,75,74,104,64,111,56,81,73,87,60,97" hai2="124,102,20,71,100,109,107,103,65,72,4,113,21" hai3="69,112,18,59,22,94,28,29,77,26,70,17,125"/><V49/><F113/><W47/><G112/><T126/><D115/><U1/><E111/><V108/><F72/><W14/><G125/><T79/><D126/><U31/><E1/><V135/><F124/><W7/><G77/><T13/><D134/><U132/><E132/><V99/><F135/><W30/><G47/><T130/><D5/><U105/><E97/><V38/><F38/><W37/><G37/><T106/><D106/><U19/><E19/><V118/><F118/><W24/><G59/><T117/><D117/><U127/><E127/><V62/><F49/><W57/><G57/><T84/><D63/><U46/><E46/><V43/><F43/><W120/><G94/><T39/><D39/><U123/><E123/><V88/><F107/><W6/><G120/><T122/><D122/><U66/><E66/><V91/><F4/><N who="3" m="1579" /><G70/><T89/><D79/><U80/><E80/><V48/><F48/><W76/><G76/><T61/><D61/><U110/><E110/><N who="2" m="42603" /><F99/><W86/><G86/><T44/><D44/><U58/><E87/><V23/><AGARI ba="0,0" hai="20,21,23,62,65,71,88,91,100,102,103" m="42603" machi="23" ten="40,7800,0" yaku="14,1,10,1,54,1" doraHai="3" who="2" fromWho="2" sc="323,-26,326,-26,132,78,219,-26" /><INIT seed="2,1,0,4,0,6" ten="297,300,210,193" oya="2" hai0="128,129,7,65,114,81,131,46,107,52,62,39,104" hai1="43,12,55,0,132,50,94,106,54,35,67,126,10" hai2="89,38,28,24,11,123,124,127,87,2,101,108,96" hai3="57,53,51,56,88,33,110,133,58,16,14,83,111"/><V40/><F123/><W93/><G33/><T31/><D114/><U76/><E106/><V66/><F66/><W1/><G1/><T109/><D109/><N who="3" m="41481" /><G83/><T97/><D31/><U64/><E35/><V44/><F108/><W130/><G130/><T59/><D97/><U125/><E0/><V25/><F87/><N who="3" m="52383" /><G133/><T5/><D81/><U112/><E112/><V36/><F89/><W135/><G135/><T70/><D104/><U60/><E76/><V23/><F38/><W29/><G29/><T8/><D107/><U86/><E132/><V78/><F78/><W90/><G90/><T122/><D122/><U26/><E86/><V116/><F116/><W120/><G120/><T84/><D84/><U37/><E37/><V47/><F47/><W41/><G41/><T113/><D113/><U3/><E43/><V19/><F96/><W42/><G42/><T15/><D39/><U75/><E3/><V45/><F45/><W79/><G79/><T73/><D46/><U92/><E75/><V105/><F105/><W91/><G91/><T98/><D73/><U85/><E92/><V99/><F99/><W22/><AGARI ba="1,0" hai="14,16,22,51,53,56,57,58" m="52383,41481" machi="22" ten="30,7900,0" yaku="25,1,14,1,54,2" doraHai="6" who="3" fromWho="3" sc="297,-21,300,-21,210,-40,193,82" /><INIT seed="3,0,0,4,5,23" ten="276,279,170,275" oya="3" hai0="42,26,133,47,64,91,41,84,40,132,37,77,62" hai1="54,24,68,56,27,103,44,69,74,57,66,14,82" hai2="101,78,34,75,31,99,45,122,121,12,89,79,86" hai3="38,72,25,88,129,111,95,98,51,13,109,81,5"/><W96/><G38/><T10/><D77/><N who="2" m="29194" /><F45/><W21/><G72/><T32/><D10/><U105/><E74/><V106/><F12/><W128/><G81/><N who="0" m="49551" /><D32/><U53/><E105/><V73/><F31/><N who="3" m="17839" /><G98/><T114/><D114/><U2/><E103/><V3/><F34/><W93/><G93/><T52/><D26/><N who="1" m="9771" /><E2/><V127/><F3/><W61/><G61/><T134/><D52/><N who="1" m="20075" /><E69/><AGARI ba="0,0" hai="37,40,41,42,47,62,64,69,132,133,134" m="49551" machi="69" ten="30,1000,0" yaku="20,1" doraHai="23" who="0" fromWho="1" sc="276,10,279,-10,170,0,275,0" /><INIT seed="4,0,0,1,3,42" ten="286,269,170,275" oya="0" hai0="78,44,109,38,28,108,34,51,128,55,19,106,135" hai1="73,100,18,102,70,4,35,62,2,43,9,13,11" hai2="33,30,27,46,69,68,125,98,61,36,8,17,12" hai3="0,81,41,29,32,76,58,93,53,57,115,123,83"/><T59/><D135/><U60/><E73/><V15/><F125/><W127/><G115/><T65/><D128/><U120/><E120/><V95/><F61/><W111/><G0/><T119/><D119/><U84/><E35/><V7/><F36/><W45/><G127/><T5/><D106/><U63/><E70/><V101/><REACH who="2" step="1"/><F46/><REACH who="2" ten="286,269,160,275" step="2"/><W37/><G123/><T96/><D38/><U67/><E67/><V121/><F121/><W22/><G111/><T122/><D122/><U66/><E66/><V80/><F80/><W91/><G81/><T48/><D65/><U105/><E63/><V116/><F116/><W71/><G71/><T20/><D108/><U92/><E62/><V86/><F86/><W25/><G32/><T64/><D109/><U50/><E60/><V94/><F94/><W88/><G53/><T113/><D64/><U1/><E84/><V26/><F26/><W134/><G134/><T24/><D113/><U124/><E92/><V133/><F133/><W130/><G130/><T49/><D44/><U126/><E124/><V54/><F54/><W52/><G52/><T131/><D131/><U21/><E126/><V104/><F104/><W47/><G47/><T85/><D55/><U118/><E105/><V110/><F110/><W82/><G82/><N who="0" m="47319" /><D59/><N who="3" m="22537" /><G93/><T132/><D132/><U89/><E118/><V6/><F6/><W90/><G83/><T87/><D87/><U3/><E4/><V79/><F79/><W112/><G76/><T14/><D5/><U114/><E114/><V74/><F74/><W117/><G112/><T10/><D34/><U40/><E40/><RYUUKYOKU ba="0,1" sc="286,10,269,-30,160,10,275,10" hai0="10,14,19,20,24,28,48,49,51,96" hai2="7,8,12,15,17,27,30,33,68,69,95,98,101" hai3="22,25,29,37,41,45,88,90,91,117" /><INIT seed="4,1,1,3,4,78" ten="296,239,170,285" oya="0" hai0="115,87,59,2,73,126,21,80,44,70,67,24,111" hai1="37,128,107,61,1,108,81,89,50,69,105,96,135" hai2="103,106,82,64,124,97,34,35,52,93,40,60,98" hai3="33,48,91,14,38,116,74,29,77,51,5,125,10"/><T15/><D2/><U27/><E37/><V102/><F124/><W133/><G38/><T11/><D126/><U62/><E108/><V6/><F40/><W0/><G125/><T112/><D73/><U28/><E1/><V42/><F42/><W66/><G116/><T58/><D111/><U55/><E135/><V85/><F6/><W65/><G133/><T43/><D70/><U122/><E122/><V46/><F64/><W92/><G0/><T63/><D59/><U84/><E128/><V41/><F60/><W83/><G66/><T25/><D15/><U71/><E71/><V32/><F41/><W86/><REACH who="3" step="1"/><G65/><REACH who="3" ten="296,239,170,275" step="2"/><T99/><D67/><U36/><E36/><V75/><F75/><W129/><G129/><T8/><D112/><U94/><E69/><V31/><F31/><W88/><G88/><T110/><D115/><U104/><E62/><V90/><REACH who="2" step="1"/><F46/><REACH who="2" ten="296,239,160,275" step="2"/><W113/><G113/><T39/><D63/><U47/><E61/><V101/><F101/><W121/><G121/><T131/><D44/><U30/><REACH who="1" step="1"/><E27/><AGARI ba="1,3" hai="5,10,14,27,29,33,48,51,74,77,83,86,91,92" machi="27" ten="40,2600,0" yaku="1,1,52,1,53,0" doraHai="78" doraHaiUra="16" who="3" fromWho="1" sc="296,0,239,-29,160,0,275,59" owari="296,9.6,210,-19.0,160,-34.0,334,43.4" /></mjloggm>