<mjloggm ver="2.3"><GO type="225" lobby="0"/><UN n0="%E9%80%9F%E6%B0%B4%E5%87%9B%E9%A6%99" n1="%E3%81%AF%E3%82%88%E3%81%8A%E3%81%98%E3%81%95%E3%82%93" n2="%45%6C%79%73%69%75%6D" n3="%33%74%72%65%65" dan="16,16,18,17" rate="2121.34,2165.64,2180.18,2188.22" sx="F,M,F,F"/><TAIKYOKU oya="0"/><INIT seed="0,0,0,2,3,43" ten="250,250,250,250" oya="0" hai0="36,61,99,87,21,119,102,18,92,76,131,27,89" hai1="51,133,56,72,118,54,121,47,31,129,68,34,113" hai2="128,65,57,10,0,100,44,66,106,39,48,12,93" hai3="85,28,114,126,75,19,7,108,33,13,59,15,101"/><T25/><D119/><U9/><E72/><V70/><F128/><W22/><G75/><T38/><D131/><U96/><E129/><V46/><F0/><W58/><G114/><T81/><D61/><U135/><E9/><V117/><F106/><W110/><G126/><T4/><D4/><U6/><E6/><V90/><F39/><W41/><G101/><T134/><D134/><N who="1" m="51211" /><E96/><N who="2" m="59407" /><F70/><W95/><G41/><T130/><D130/><U109/><E31/><V63/><F117/><W82/><G95/><T98/><REACH who="0" step="1"/><D25/><REACH who="0" ten="240,250,250,250" step="2"/><U91/><E118/><V16/><F66/><W67/><G7/><T55/><D55/><U78/><E54/><N who="2" m="31943" /><F63/><W26/><G67/><T88/><D88/><U115/><E91/><V42/><F65/><W49/><G15/><T5/><D5/><U111/><E115/><V112/><F112/><W125/><G125/><T45/><D45/><N who="2" m="17514" /><F90/><W23/><G108/><T1/><D1/><U79/><E113/><V122/><F122/><W52/><G110/><T20/><D20/><U132/><E121/><V103/><F42/><W71/><G23/><T24/><D24/><U124/><E124/><V40/><F40/><W3/><G3/><T60/><D60/><U37/><E111/><V73/><F103/><W120/><G120/><T8/><D8/><U30/><E109/><V77/><F77/><W127/><G127/><T84/><D84/><U32/><E79/><V116/><F116/><W2/><G2/><T64/><D64/><U14/><E78/><V94/><F73/><W104/><G85/><T29/><D29/><U35/><N who="1" m="51219" /><U105/><DORA hai="53" /><E30/><RYUUKYOKU ba="0,1" sc="240,15,250,-15,250,15,250,-15" hai0="18,21,27,36,38,76,81,87,89,92,98,99,102" hai2="10,12,16,94" /><INIT seed="0,1,1,4,1,114" ten="255,235,265,235" oya="0" hai0="35,103,27,15,113,51,3,16,53,0,45,101,41" hai1="60,124,94,56,71,38,85,11,40,99,80,49,105" hai2="23,66,117,6,92,128,134,57,111,50,1,32,135" hai3="110,109,130,73,83,17,77,48,68,10,84,133,75"/><T58/><D113/><U74/><E124/><V65/><F32/><W24/><G68/><T13/><D13/><U78/><E38/><V26/><F111/><N who="3" m="42507" /><G130/><T52/><D0/><U82/><E71/><V64/><F128/><W7/><G133/><N who="2" m="50697" /><F92/><W91/><G48/><T88/><D3/><U30/><E30/><N who="2" m="17759" /><F50/><W18/><G24/><T115/><D115/><U5/><E105/><V120/><F120/><W4/><G75/><T33/><D33/><U97/><E40/><V122/><F122/><W106/><G106/><T59/><D27/><U93/><E49/><V43/><F43/><W86/><G73/><T28/><D28/><U25/><E25/><V31/><F31/><W100/><G100/><N who="0" m="38475" /><D35/><U87/><E74/><V47/><F47/><W81/><G4/><T102/><D102/><U118/><E5/><V69/><F69/><W54/><G54/><N who="0" m="21099" /><D88/><U126/><E126/><V63/><F1/><AGARI ba="1,1" hai="1,7,10,17,18,77,81,83,84,86,91" m="42507" machi="1" ten="30,1000,0" yaku="14,1" doraHai="114" who="3" fromWho="2" sc="255,0,235,0,265,-13,235,23" /><INIT seed="1,0,0,4,5,2" ten="255,235,252,258" oya="1" hai0="93,41,7,127,113,42,83,38,57,97,61,111,23" hai1="108,20,85,110,121,50,91,95,25,66,102,26,30" hai2="130,134,37,36,123,71,13,99,132,67,74,4,96" hai3="78,12,54,64,92,125,15,79,82,135,27,52,104"/><U49/><E49/><V40/><BYE who="1" /><F74/><UN n1="%E3%81%AF%E3%82%88%E3%81%8A%E3%81%98%E3%81%95%E3%82%93" /><W6/><G104/><T103/><D113/><U73/><E121/><V89/><F123/><W59/><G135/><N who="2" m="51753" /><F130/><W65/><G125/><T106/><D111/><N who="1" m="42539" /><E73/><V68/><F67/><N who="3" m="25675" /><G27/><T3/><D38/><N who="2" m="14954" /><F40/><W87/><G78/><T29/><D127/><U98/><E66/><V126/><F126/><W115/><G115/><T107/><D107/><N who="1" m="63959" /><E50/><V22/><F22/><W131/><G131/><T21/><D106/><U105/><E105/><V75/><F75/><W8/><G15/><T109/><D21/><U114/><E26/><V32/><F32/><W129/><G129/><T18/><D109/><U81/><E114/><V48/><F48/><N who="3" m="31111" /><G92/><AGARI ba="0,0" hai="20,25,30,81,85,91,92,95" m="63959,42539" machi="92" ten="30,2900,0" yaku="14,1,10,1" doraHai="2" who="1" fromWho="3" sc="255,0,235,29,252,0,258,-29" /><INIT seed="1,1,0,0,3,79" ten="255,264,252,229" oya="1" hai0="94,18,43,24,31,48,112,110,90,75,99,66,87" hai1="3,37,116,30,74,101,100,109,34,12,56,9,7" hai2="38,2,27,67,49,85,17,5,64,40,129,62,53" hai3="60,119,132,107,117,73,120,45,25,121,35,93,33"/><U41/><E116/><N who="3" m="44618" /><G93/><T63/><D75/><U22/><E74/><V4/><F129/><W84/><G84/><T131/><D112/><U58/><E109/><V133/><F133/><W82/><G60/><T122/><D110/><U130/><E130/><V52/><F2/><W118/><N who="3" m="44626" /><W0/><DORA hai="51" /><G132/><T71/><D122/><N who="3" m="47209" /><G107/><T115/><D115/><U1/><E1/><V55/><F38/><W102/><G102/><T39/><D39/><U6/><E6/><N who="2" m="2667" /><F85/><W54/><G0/><T95/><D131/><U14/><E3/><V106/><F106/><W125/><G25/><T104/><D104/><U19/><E37/><V77/><F77/><N who="3" m="44335" /><G125/><T76/><D76/><U16/><E100/><V86/><F86/><W57/><G57/><T36/><D87/><U89/><E101/><V15/><F62/><W68/><G68/><T65/><D63/><U91/><E58/><V44/><F27/><W46/><G46/><T92/><D24/><N who="1" m="18759" /><E56/><V124/><F124/><W50/><AGARI ba="1,0" hai="33,35,45,50,54" m="44335,47209,44626" machi="50" ten="50,6400,0" yaku="12,1,52,2" doraHai="79,51" who="3" fromWho="3" sc="255,-17,264,-33,252,-17,229,67" /><INIT seed="2,0,0,1,3,106" ten="238,231,235,296" oya="2" hai0="46,28,1,93,131,100,58,63,26,125,0,37,110" hai1="41,2,65,49,29,92,54,31,10,51,72,101,30" hai2="3,99,130,6,78,44,96,8,108,48,118,120,133" hai3="33,77,114,116,121,7,112,126,57,76,42,59,35"/><V70/><F120/><W79/><G116/><T119/><D110/><U68/><E72/><V62/><F118/><W83/><G121/><T27/><D119/><U71/><E41/><V103/><F108/><W16/><G126/><T123/><D123/><U24/><E24/><V81/><F130/><W128/><G128/><T64/><D125/><U109/><E109/><V23/><F133/><W117/><G117/><T97/><D131/><U82/><E82/><V22/><F62/><W45/><G7/><T5/><D5/><U66/><E10/><V53/><F70/><W15/><G83/><T47/><D26/><U75/><E75/><V135/><F135/><W113/><G33/><T124/><D124/><U90/><E101/><V36/><F36/><N who="3" m="21703" /><G35/><T111/><D111/><U17/><E17/><V11/><F11/><AGARI ba="0,0" hai="11,15,16,57,59,76,77,79,112,113,114" m="21703" machi="11" ten="40,2600,0" yaku="11,1,54,1" doraHai="106" who="3" fromWho="2" sc="238,0,231,0,235,-26,296,26" /><INIT seed="3,0,0,3,2,111" ten="238,231,209,322" oya="3" hai0="22,54,63,116,4,122,107,123,87,3,53,44,126" hai1="42,118,129,14,2,70,130,75,61,33,62,39,58" hai2="90,128,36,29,9,74,5,51,79,117,95,71,119" hai3="88,23,65,120,78,46,94,92,66,102,55,91,121"/><W80/><G121/><T12/><D107/><U57/><E2/><V69/><F29/><W17/><G120/><T76/><D3/><U6/><E75/><V26/><F26/><N who="3" m="14703" /><G102/><T133/><D116/><U41/><E118/><V98/><F36/><W13/><G78/><T16/><D133/><U10/><E70/><V110/><F110/><W84/><G13/><T52/><D126/><U85/><E33/><V37/><F37/><W0/><G0/><T115/><D115/><U64/><E85/><V50/><F128/><N who="1" m="49257" /><E39/><V125/><F125/><W56/><G46/><T77/><D123/><U7/><E6/><V106/><F117/><W30/><G30/><T127/><D127/><U124/><E124/><V109/><F109/><W31/><G31/><T108/><D108/><U82/><E82/><V49/><F106/><W40/><G40/><T8/><D122/><U105/><E105/><V112/><F119/><W67/><G91/><T81/><D77/><U99/><E99/><V96/><F96/><W113/><G113/><T73/><D73/><U134/><E134/><V11/><F112/><W132/><G132/><T1/><D44/><U21/><E21/><V28/><F28/><W59/><G59/><T20/><D20/><U114/><E114/><V34/><F34/><W38/><G38/><T104/><D104/><U48/><E42/><V24/><F24/><W72/><G72/><T68/><D68/><N who="2" m="26186" /><F5/><W32/><G32/><T45/><D45/><N who="1" m="25647" /><E57/><V18/><F18/><W103/><G103/><T25/><D1/><U60/><AGARI ba="0,0" hai="7,10,14,58,60,61,62,64" m="25647,49257" machi="60" ten="30,1100,0" yaku="19,1" doraHai="111" who="1" fromWho="1" sc="238,-3,231,11,209,-3,322,-5" owari="235,-16.5,242,4.2,206,-29.4,317,41.7" /></mjloggm>