<mjloggm ver="2.3"><GO type="225" lobby="0"/><UN n0="%E3%80%93%E3%81%97%E3%83%BC%E3%82%89%E3%80%93" n1="%E7%89%B9%E6%9D%B1%E3%81%AF%E4%B8%96%E7%95%8C%E3%82%92%E6%95%91%E3%81%86" n2="%E3%81%95%E3%81%8D%E3%81%9F%E3%81%BE%E6%9E%97%E6%AA%8E" n3="%E3%80%90%E3%83%88%E3%83%AA%E3%83%A5%E3%83%95%E3%80%91" dan="17,16,16,16" rate="2158.24,2139.83,2111.60,2052.62" sx="M,M,M,M"/><TAIKYOKU oya="0"/><INIT seed="0,0,0,5,0,47" ten="250,250,250,250" oya="0" hai0="34,56,60,68,53,132,22,74,123,57,129,63,5" hai1="10,113,134,89,65,28,98,106,8,1,31,95,101" hai2="36,126,104,100,94,116,50,64,70,19,86,115,20" hai3="33,58,80,131,130,11,69,39,125,18,72,112,78"/><T124/><D34/><U110/><E110/><V59/><F115/><W127/><G112/><T93/><D74/><U114/><E65/><V37/><F104/><W3/><G69/><T67/><D123/><U7/><E134/><V61/><F126/><N who="3" m="48139" /><G58/><T52/><D124/><U82/><E82/><V121/><F121/><W92/><G18/><T119/><D132/><U91/><E91/><N who="2" m="53623" /><F100/><W30/><G92/><T49/><D119/><U41/><E41/><V85/><F85/><W2/><G39/><T117/><D117/><U71/><E71/><V73/><F73/><W16/><G2/><T75/><D75/><U122/><E122/><V54/><F116/><W105/><G105/><T83/><D83/><U45/><E45/><V42/><F42/><W24/><G16/><T32/><D32/><U9/><E1/><V43/><F43/><W27/><G27/><T55/><D5/><AGARI ba="0,0" hai="3,5,11,24,30,33,72,78,80,130,131" m="48139" machi="5" ten="30,2000,0" yaku="18,1,23,1" doraHai="47" who="3" fromWho="0" sc="250,-20,250,0,250,0,250,20" /><INIT seed="1,0,0,2,1,16" ten="230,250,250,270" oya="1" hai0="68,98,103,20,62,114,93,74,54,66,133,97,99" hai1="15,5,106,82,100,18,115,96,0,95,9,70,110" hai2="65,134,31,24,75,122,129,71,19,38,73,102,30" hai3="87,89,76,119,23,117,11,67,14,26,17,124,37"/><U28/><E115/><V3/><F122/><W21/><G37/><T12/><D74/><U91/><E70/><V61/><F3/><W130/><G67/><T53/><D114/><U101/><E110/><V34/><F38/><W83/><G130/><T10/><D133/><U111/><E111/><V118/><F118/><N who="3" m="45067" /><G124/><T32/><D32/><U36/><E36/><V64/><F134/><W121/><G121/><T8/><D8/><U1/><E28/><V45/><F45/><W56/><G56/><T135/><D135/><U84/><REACH who="1" step="1"/><E5/><REACH who="1" ten="230,240,250,270" step="2"/><V125/><F71/><W2/><G26/><T25/><D103/><U128/><E128/><V88/><F24/><W131/><G131/><T126/><D126/><U52/><E52/><V47/><F65/><W22/><G76/><T27/><D54/><U81/><E81/><V51/><F64/><W40/><G40/><T69/><D53/><U86/><E86/><V112/><F75/><W29/><G29/><T33/><D27/><U4/><E4/><AGARI ba="0,1" hai="2,4,11,14,17,21,22,23,83,87,89" m="45067" machi="4" ten="30,7700,0" yaku="12,1,52,3" doraHai="16" who="3" fromWho="1" sc="230,0,240,-77,250,0,270,87" /><INIT seed="2,0,0,1,2,104" ten="230,163,250,357" oya="2" hai0="43,4,52,79,130,6,116,105,120,77,69,53,1" hai1="118,108,95,73,56,44,74,62,19,102,47,11,63" hai2="35,98,60,97,66,96,3,17,48,18,51,134,131" hai3="112,34,31,37,46,33,133,129,25,88,107,36,55"/><V128/><F3/><W115/><G129/><N who="2" m="49737" /><F35/><W58/><G107/><T100/><D69/><U54/><E118/><V20/><F134/><W110/><G110/><T64/><D116/><U7/><E108/><V94/><F94/><W2/><G133/><T5/><D64/><U109/><E109/><V22/><F22/><W90/><G34/><T45/><D1/><U71/><E19/><N who="2" m="7179" /><F20/><W117/><G2/><T132/><D130/><U86/><E102/><V28/><F28/><W84/><G117/><T124/><D132/><U13/><E95/><V122/><F122/><W49/><G90/><T21/><D21/><U65/><REACH who="1" step="1"/><E86/><REACH who="1" ten="230,153,250,357" step="2"/><V8/><F8/><W61/><G115/><T114/><D114/><U119/><E119/><V26/><F26/><W70/><G112/><T135/><D135/><U0/><E0/><V30/><F30/><W57/><G84/><T9/><D9/><U29/><E29/><V32/><F32/><W72/><G25/><T85/><D85/><U87/><E87/><V127/><F127/><W39/><G31/><T103/><D103/><U15/><E15/><V38/><F98/><W41/><G33/><T42/><D100/><U78/><E78/><V16/><F16/><W91/><G91/><T92/><D79/><U83/><E83/><V50/><F97/><W125/><G125/><T111/><D77/><U123/><E123/><V89/><F96/><W68/><G88/><T80/><D124/><U101/><E101/><V27/><F89/><W76/><G76/><T106/><D120/><U12/><E12/><V23/><F27/><W24/><G24/><RYUUKYOKU ba="0,1" sc="230,-10,153,30,250,-10,357,-10" hai1="7,11,13,44,47,54,56,62,63,65,71,73,74" /><INIT seed="3,1,1,3,0,101" ten="220,183,240,347" oya="3" hai0="5,10,44,32,60,53,14,70,121,96,106,63,23" hai1="26,39,85,58,2,6,114,90,75,9,50,132,95" hai2="73,128,52,45,19,64,113,105,40,99,91,3,68" hai3="111,31,118,135,56,115,49,67,42,110,89,7,57"/><W100/><G115/><T65/><D121/><U46/><E132/><V130/><F113/><W74/><G74/><T81/><D32/><U127/><E114/><V87/><F73/><W124/><G118/><T27/><D81/><U13/><E75/><V86/><F3/><W22/><G7/><T104/><D96/><U116/><E127/><V76/><F76/><W18/><G100/><T21/><D21/><U108/><E108/><V38/><F19/><W98/><G31/><T78/><D78/><U48/><E116/><V43/><F43/><W92/><G135/><T119/><D119/><U30/><E58/><V79/><F79/><W11/><G11/><T84/><D84/><U72/><E72/><V41/><F41/><W47/><G67/><T12/><D12/><U94/><E39/><V36/><F87/><W131/><G131/><T120/><D120/><U33/><E50/><N who="2" m="28751" /><F40/><W51/><G51/><T69/><D44/><U88/><E46/><V107/><F99/><W54/><G124/><T1/><D1/><U117/><E117/><V134/><F134/><W4/><G57/><T133/><D133/><U103/><E103/><V29/><F29/><W71/><G71/><T20/><D20/><U24/><E24/><V62/><F38/><W122/><G110/><T15/><D15/><U59/><E2/><V8/><F8/><W0/><G0/><T55/><D70/><U17/><E6/><V109/><F109/><W61/><G111/><T80/><D69/><U93/><REACH who="1" step="1"/><E90/><REACH who="1" ten="220,173,240,347" step="2"/><V66/><F36/><N who="3" m="21959" /><G89/><T125/><D125/><U82/><E82/><V123/><F91/><RYUUKYOKU ba="1,2" sc="220,-10,173,30,240,-10,347,-10" hai1="9,13,17,26,30,33,48,59,85,88,93,94,95" owari="210,-19.0,203,-29.7,230,3.0,357,45.7" /></mjloggm>