<mjloggm ver="2.3"><GO type="225" lobby="0"/><UN n0="%E7%99%BD%E6%97%A5%E9%9B%AA%E8%8F%9C" n1="%E3%81%B5%E3%81%98%E3%81%8B%E3%81%A4" n2="%E3%81%A9%E3%82%8F%E3%82%93%E3%81%94" n3="%E6%B8%A1%E5%A4%A9%E8%97%8D" dan="17,16,16,16" rate="2236.61,2177.74,2115.73,2063.62" sx="M,M,M,M"/><TAIKYOKU oya="0"/><INIT seed="0,0,0,1,2,71" ten="250,250,250,250" oya="0" hai0="129,30,128,70,108,132,86,23,39,65,72,46,25" hai1="20,36,19,78,17,52,83,130,2,27,115,107,87" hai2="123,60,104,114,121,5,41,40,125,131,18,75,100" hai3="80,26,134,76,127,73,44,68,82,110,116,91,54"/><T90/><D72/><U48/><E130/><N who="0" m="50281" /><D132/><U24/><E115/><V93/><F75/><W95/><G116/><T31/><D108/><U35/><E107/><V120/><F104/><W102/><G68/><T67/><D70/><U3/><E36/><V88/><F100/><W53/><G110/><T94/><D31/><U111/><E111/><V51/><F5/><W99/><G134/><T6/><D6/><U118/><E118/><V59/><F131/><W92/><G127/><T119/><D119/><U10/><E35/><V8/><F51/><W135/><G135/><T106/><D106/><U57/><REACH who="1" step="1"/><E10/><REACH who="1" ten="250,240,250,250" step="2"/><V12/><F114/><W28/><G80/><T113/><D113/><U34/><E34/><V9/><F9/><W64/><G82/><T112/><D112/><U124/><E124/><V43/><F125/><W37/><G92/><T97/><D97/><U47/><E47/><V89/><REACH who="2" step="1"/><F93/><REACH who="2" ten="250,240,240,250" step="2"/><W56/><G95/><T16/><D94/><U98/><E98/><V96/><F96/><W33/><G99/><T117/><D117/><U105/><E105/><V38/><F38/><W84/><G37/><T66/><D86/><U58/><E58/><V63/><F63/><W101/><G56/><T7/><D39/><U22/><AGARI ba="0,2" hai="2,3,17,19,20,22,24,27,48,52,57,78,83,87" machi="22" ten="30,12000,2" yaku="1,1,0,1,9,1,54,1,53,2" doraHai="71" doraHaiUra="14" who="1" fromWho="1" sc="250,-60,240,140,240,-30,250,-30" /><INIT seed="1,0,0,4,0,47" ten="190,380,210,220" oya="1" hai0="122,42,41,37,97,94,44,87,21,120,56,107,95" hai1="132,125,106,108,8,64,115,53,124,10,40,11,52" hai2="117,90,24,3,0,91,119,77,29,22,16,71,83" hai3="86,59,116,73,69,133,34,32,48,112,102,92,28"/><U81/><E115/><V35/><F71/><W82/><G69/><T93/><D41/><U110/><E106/><V98/><F3/><W5/><G112/><T43/><D43/><U50/><E132/><V27/><F0/><W113/><G113/><T130/><D130/><U18/><E64/><V61/><F61/><W51/><G133/><T75/><D75/><U104/><E104/><V39/><F39/><W114/><G114/><T45/><D44/><N who="1" m="25863" /><E18/><V7/><F7/><W38/><G38/><T103/><D87/><U79/><E79/><V78/><F78/><W74/><G116/><T80/><D80/><U89/><E89/><V17/><F17/><W12/><G34/><T65/><D21/><U15/><E81/><V127/><F127/><N who="1" m="48713" /><E15/><V6/><F6/><W121/><G73/><T46/><D46/><U96/><E96/><V31/><F31/><W33/><G74/><T126/><D126/><U128/><E128/><V63/><F98/><W131/><G131/><T88/><D107/><U68/><E68/><V72/><REACH who="2" step="1"/><F63/><REACH who="2" ten="190,380,200,220" step="2"/><W1/><G1/><T66/><D120/><U100/><E110/><V70/><F70/><W58/><G121/><T26/><D122/><U135/><E108/><V14/><F14/><W30/><G33/><T20/><D97/><U109/><E109/><V134/><F134/><W84/><G32/><T49/><D37/><U67/><E135/><V25/><F25/><W85/><G12/><T62/><D26/><U13/><E13/><V36/><F36/><W76/><G5/><T9/><D42/><U101/><E67/><V60/><F60/><RYUUKYOKU ba="0,1" sc="190,-15,380,15,200,15,220,-15" hai1="8,10,11,52,53,100,101" hai2="16,22,24,27,29,35,72,77,83,90,91,117,119" /><INIT seed="1,1,1,1,1,24" ten="175,395,215,205" oya="1" hai0="25,55,36,116,32,129,72,78,98,69,51,30,126" hai1="131,117,66,115,11,123,7,134,110,27,102,23,100" hai2="84,125,118,83,15,22,101,127,111,64,107,18,87" hai3="114,99,58,5,73,124,31,53,94,75,10,61,90"/><U105/><E66/><V39/><F118/><W8/><G114/><T3/><D116/><U16/><E105/><V56/><F39/><W20/><G124/><N who="2" m="47689" /><F111/><W121/><G121/><T50/><D126/><U44/><E100/><V45/><F45/><W65/><G10/><T92/><D36/><U130/><E102/><V60/><F83/><W19/><G65/><T104/><D104/><U35/><E44/><V63/><F63/><W109/><G109/><T70/><D129/><N who="1" m="49163" /><E134/><V59/><F59/><W85/><G31/><T89/><D3/><N who="1" m="511" /><E123/><V79/><F79/><W108/><G85/><T122/><D122/><U80/><E80/><V17/><F101/><W1/><REACH who="3" step="1"/><G108/><REACH who="3" ten="175,395,215,195" step="2"/><T37/><D72/><U28/><E110/><V119/><F119/><W9/><G9/><T52/><D70/><U48/><E117/><V26/><F107/><W96/><G96/><T13/><D69/><U12/><E115/><V33/><F33/><W6/><G6/><T62/><D98/><U34/><E48/><V97/><F97/><W88/><G88/><T71/><D89/><U41/><E41/><V38/><F38/><W67/><G67/><T46/><D51/><U29/><E29/><V93/><F93/><W112/><G112/><T113/><D37/><U4/><E4/><V91/><F91/><W54/><G54/><T43/><D55/><U95/><E95/><V133/><F133/><W81/><G81/><T128/><D92/><U21/><AGARI ba="1,2" hai="12,16,21,23,27,28,34,35" m="511,49163" machi="21" ten="30,12000,1" yaku="19,1,34,2,52,1,54,1" doraHai="24" who="1" fromWho="1" sc="175,-41,395,143,215,-41,195,-41" /><INIT seed="1,2,0,2,4,26" ten="134,538,174,154" oya="1" hai0="34,66,36,47,9,22,121,35,97,0,2,53,21" hai1="90,46,44,94,95,61,106,7,80,56,125,129,48" hai2="24,100,41,10,68,96,37,11,130,122,88,101,98" hai3="89,20,69,15,18,75,14,62,13,103,93,3,128"/><U38/><E106/><V55/><F122/><W45/><G75/><T83/><D121/><U108/><E38/><V32/><F68/><W63/><G3/><T31/><D66/><U23/><E44/><V133/><F37/><W99/><G128/><T77/><D97/><U104/><E104/><V40/><F130/><W5/><G69/><T43/><D53/><U72/><E129/><V59/><F32/><W27/><G5/><N who="0" m="1191" /><D2/><U16/><E7/><V132/><F24/><W25/><G45/><T29/><D35/><U116/><E125/><V1/><F1/><W70/><G70/><T92/><D92/><U135/><E116/><V79/><F55/><W33/><REACH who="3" step="1"/><G103/><REACH who="3" ten="134,538,174,144" step="2"/><T118/><D118/><U102/><E72/><V110/><F101/><W134/><G134/><T76/><D76/><U67/><E102/><V8/><F100/><W107/><G107/><T81/><D34/><U124/><E135/><N who="2" m="51787" /><F79/><W42/><G42/><N who="2" m="16489" /><F59/><W60/><G60/><T6/><D77/><U30/><E61/><V12/><F110/><W131/><G131/><T86/><D36/><U111/><E56/><V19/><F88/><W50/><G50/><T78/><D78/><U82/><E90/><V74/><F74/><W54/><G54/><T64/><D43/><U73/><E111/><V58/><F58/><W17/><G17/><T117/><D117/><U113/><E108/><V39/><F39/><W49/><G49/><T51/><D51/><U120/><E48/><V114/><F114/><W4/><G4/><T28/><D6/><U112/><E113/><V52/><F52/><W123/><G123/><RYUUKYOKU ba="2,1" sc="134,-15,538,-15,174,15,144,15" hai2="8,10,11,12,19,96,98" hai3="13,14,15,18,20,25,27,33,62,63,89,93,99" /><INIT seed="2,3,1,5,3,7" ten="119,523,189,159" oya="2" hai0="1,98,27,48,51,124,88,49,117,39,2,77,55" hai1="111,32,79,96,108,71,0,107,33,23,5,24,106" hai2="67,8,99,135,123,109,9,90,134,53,83,92,100" hai3="10,94,62,21,133,130,40,87,41,104,17,105,13"/><V69/><F123/><W61/><G130/><T19/><D39/><U114/><E114/><V18/><F69/><W97/><G133/><N who="2" m="50697" /><F67/><W58/><G87/><T30/><D124/><U29/><E79/><V31/><F31/><W14/><G104/><N who="1" m="39978" /><E71/><V26/><F109/><N who="1" m="42057" /><E96/><N who="2" m="57367" /><F83/><W76/><G76/><T116/><D77/><U3/><E5/><V16/><F53/><N who="3" m="33999" /><G62/><T50/><D19/><N who="2" m="7210" /><F26/><W38/><G38/><T81/><D117/><U64/><E64/><V119/><F119/><W36/><G36/><T82/><D116/><U34/><AGARI ba="3,1" hai="0,3,23,24,29,32,33,34" m="42057,39978" machi="34" ten="40,1500,0" yaku="14,1" doraHai="7" who="1" fromWho="1" sc="119,-7,523,34,189,-10,159,-7" /><INIT seed="3,0,0,5,4,131" ten="112,557,179,152" oya="3" hai0="92,119,81,127,118,35,108,75,105,129,9,130,33" hai1="38,53,117,19,27,67,124,18,59,5,45,73,30" hai2="114,50,89,80,100,122,135,97,79,91,57,85,43" hai3="90,49,115,55,133,62,134,82,15,70,71,39,16"/><W12/><G39/><T120/><D120/><U76/><E5/><V121/><F135/><N who="3" m="51723" /><G115/><T112/><D112/><U126/><E67/><V109/><F114/><W1/><G1/><T46/><D46/><U104/><E117/><N who="0" m="44553" /><D9/><U54/><E124/><V83/><F57/><N who="3" m="33007" /><G62/><T14/><D14/><N who="3" m="5161" /><G16/><T95/><D127/><U51/><E18/><V0/><F0/><W68/><G90/><T6/><D6/><U87/><E19/><V98/><F122/><W72/><G82/><T101/><D35/><U84/><E126/><V24/><F91/><W41/><G41/><T20/><D20/><U52/><E38/><V40/><F43/><W66/><G66/><T32/><D32/><U10/><E10/><V34/><F40/><W96/><G96/><N who="0" m="61607" /><D33/><U8/><E8/><V21/><F34/><W107/><G107/><T25/><D25/><U17/><E104/><V88/><F24/><W13/><N who="3" m="5169" /><W93/><DORA hai="113" /><G93/><N who="0" m="35915" /><D108/><U22/><E17/><V3/><F3/><W106/><G106/><T47/><D47/><U78/><E53/><V42/><F42/><W56/><G56/><T44/><D44/><U99/><E54/><V37/><F37/><W61/><G61/><T103/><D103/><U58/><E59/><V11/><F100/><W36/><G36/><T94/><N who="0" m="35923" /><T23/><DORA hai="64" /><D23/><U123/><E99/><V29/><F21/><W7/><G7/><T65/><D65/><U60/><E60/><V77/><F121/><W69/><N who="3" m="17408" /><DORA hai="86" /><W26/><G26/><T111/><D111/><U28/><E58/><V48/><F109/><W132/><G132/><RYUUKYOKU ba="0,0" sc="112,15,557,-15,179,-15,152,15" hai0="75,81,129,130" hai3="72" /><INIT seed="3,1,0,0,5,29" ten="127,542,164,167" oya="3" hai0="113,67,107,45,36,121,92,28,82,40,39,30,110" hai1="115,46,59,73,83,70,13,21,114,5,33,129,89" hai2="93,35,25,43,62,76,14,63,47,84,24,58,120" hai3="109,3,132,1,119,101,61,86,55,53,19,65,2"/><W15/><G119/><T102/><D121/><U116/><E33/><V85/><F120/><W74/><G74/><T31/><D107/><U78/><E70/><V60/><F35/><W16/><G132/><T127/><D110/><U57/><E46/><V37/><F76/><W7/><G109/><T103/><D127/><U22/><E129/><V54/><F14/><W81/><G101/><T34/><D36/><U9/><E116/><V0/><F0/><W96/><G96/><T125/><D125/><U8/><E89/><V42/><F85/><W79/><G7/><T18/><D113/><U17/><E21/><V12/><F12/><W69/><REACH who="3" step="1"/><G19/><REACH who="3" ten="127,542,164,157" step="2"/><T27/><D18/><U4/><E115/><V80/><F84/><W52/><G52/><T23/><D34/><U38/><E114/><V72/><F72/><W106/><G106/><T41/><D103/><U50/><E5/><V133/><F133/><W135/><G135/><T126/><D126/><U100/><E4/><V56/><F54/><W99/><G99/><T108/><D108/><U123/><E73/><V64/><F64/><W131/><G131/><T26/><D67/><U98/><E98/><V87/><F87/><W51/><G51/><T66/><D66/><U6/><E100/><V97/><F97/><W117/><G117/><T44/><D102/><U112/><E50/><V111/><F111/><W94/><G94/><T77/><D92/><U128/><E128/><V95/><F80/><W88/><G88/><T48/><D27/><N who="2" m="10314" /><F43/><W118/><G118/><T10/><D10/><AGARI ba="1,1" hai="1,2,3,10,15,16,53,55,61,65,69,79,81,86" machi="10" ten="40,7700,0" yaku="1,1,54,1,53,1" doraHai="29" doraHaiUra="75" who="3" fromWho="0" sc="127,-80,542,0,164,0,157,90" /><INIT seed="3,2,0,0,0,107" ten="47,542,164,247" oya="3" hai0="17,72,93,12,114,55,29,13,38,40,46,90,106" hai1="99,83,49,120,63,36,25,47,122,132,7,130,50" hai2="0,19,14,68,81,30,35,34,94,104,70,4,69" hai3="42,52,61,84,22,123,73,26,54,56,16,58,41"/><W10/><G123/><T135/><D106/><U121/><E132/><V97/><F104/><W112/><G112/><T124/><D29/><U21/><E130/><V108/><F108/><W131/><G131/><T31/><D31/><U23/><E7/><V11/><F81/><W76/><G73/><T100/><D100/><U113/><E113/><V75/><F75/><W66/><G66/><T115/><D135/><U45/><E99/><V62/><F62/><W129/><G129/><T126/><D55/><U44/><E36/><V117/><F117/><W51/><G10/><T101/><D101/><U128/><E128/><V109/><F109/><W133/><G133/><T57/><D57/><U79/><E63/><V110/><F110/><W85/><G76/><T59/><D59/><U119/><E119/><V82/><F82/><W6/><G6/><T9/><D13/><U24/><E79/><V125/><F125/><W87/><AGARI ba="2,0" hai="16,22,26,41,42,51,52,54,56,58,61,84,85,87" machi="87" ten="30,11700,0" yaku="0,1,8,1,54,2" doraHai="107" who="3" fromWho="3" sc="47,-41,542,-41,164,-41,247,123" /><INIT seed="3,3,0,5,1,48" ten="6,501,123,370" oya="3" hai0="59,103,33,116,95,60,119,27,125,91,128,0,82" hai1="117,78,74,42,50,2,89,1,19,75,124,121,28" hai2="30,39,85,76,61,129,81,115,3,54,69,77,132" hai3="87,55,15,123,127,134,70,73,52,94,90,22,36"/><W58/><G123/><T49/><D0/><U29/><E121/><V109/><F3/><W80/><G70/><T9/><D9/><U93/><E124/><V133/><F39/><W47/><G127/><T4/><D4/><U6/><E117/><V20/><F115/><W51/><G134/><N who="2" m="51817" /><F109/><W99/><G73/><T112/><D125/><U86/><E19/><V37/><F37/><W88/><G36/><T26/><D112/><U24/><E29/><V114/><F114/><W43/><G58/><T21/><D33/><U25/><E25/><N who="2" m="16679" /><F129/><W98/><G98/><T32/><D128/><U83/><E75/><V107/><F107/><W72/><G72/><T40/><D32/><U68/><E68/><V38/><F38/><W45/><G45/><T120/><D120/><U131/><E6/><V7/><F7/><W101/><G101/><T12/><D103/><U57/><E131/><V71/><F77/><W10/><G22/><T111/><D111/><U34/><E42/><V67/><F67/><W64/><G64/><N who="0" m="38943" /><D82/><U18/><E18/><AGARI ba="3,0" hai="10,15,18,43,47,51,52,55,80,87,88,90,94,99" machi="18" ten="30,18000,2" yaku="7,1,8,1,52,2,54,2" doraHai="48" who="3" fromWho="1" sc="6,0,501,-189,123,0,370,189" owari="6,-49.4,312,11.2,123,-27.7,559,65.9" /></mjloggm>