<mjloggm ver="2.3"><GO type="225" lobby="0"/><UN n0="%77%72%77%72%77%72%77%72" n1="%E3%81%B5%E3%81%98%E3%81%8B%E3%81%A4" n2="%E3%81%AF%E3%82%88%E3%81%8A%E3%81%98%E3%81%95%E3%82%93" n3="%E5%A4%9C%E3%81%AE%E3%82%AC%E3%82%B9%E3%83%91%E3%83%BC%E3%83%AB" dan="17,16,17,16" rate="2234.63,2193.29,2160.61,2127.06" sx="M,M,M,M"/><TAIKYOKU oya="0"/><INIT seed="0,0,0,1,1,62" ten="250,250,250,250" oya="0" hai0="30,89,132,0,56,108,17,111,58,123,84,7,74" hai1="118,73,82,8,86,75,98,83,93,53,6,99,71" hai2="67,115,34,61,36,100,120,2,11,76,127,24,87" hai3="101,78,31,28,45,103,22,19,126,38,116,49,1"/><T13/><D123/><U121/><E121/><V68/><F120/><W77/><G38/><T15/><D74/><N who="1" m="28171" /><E71/><V97/><F115/><W5/><G126/><T79/><D79/><N who="3" m="30217" /><G5/><T130/><D130/><U27/><E27/><V135/><F127/><W18/><G1/><T14/><D132/><U35/><E53/><V52/><F135/><W91/><G91/><T88/><D30/><N who="3" m="11305" /><G116/><T70/><D70/><U81/><E6/><V109/><F36/><W47/><G19/><T92/><D89/><N who="1" m="53431" /><E8/><V134/><F109/><N who="0" m="42058" /><D17/><U113/><E35/><V12/><F2/><W41/><G47/><T3/><D3/><U129/><E118/><V85/><F76/><W46/><G46/><T72/><D72/><U106/><E129/><V23/><F34/><W44/><G44/><T117/><D117/><U32/><E32/><V51/><F134/><W59/><G59/><N who="0" m="22571" /><D0/><U33/><E33/><V10/><F68/><W57/><G57/><T60/><D60/><U48/><E48/><V128/><F51/><W26/><AGARI ba="0,0" hai="18,22,26,41,45,49,101,103" m="11305,30217" machi="26" ten="30,1100,0" yaku="8,1" doraHai="62" who="3" fromWho="3" sc="250,-5,250,-3,250,-3,250,11" /><INIT seed="1,0,0,2,2,102" ten="245,247,247,261" oya="1" hai0="41,79,134,19,95,117,9,133,68,66,44,25,81" hai1="128,59,115,34,83,82,125,120,135,53,61,16,90" hai2="74,106,129,0,10,47,55,14,121,77,52,124,73" hai3="33,49,99,15,84,87,89,20,56,6,111,13,12"/><U17/><E120/><V105/><F121/><W114/><G33/><T18/><D117/><U36/><E115/><V97/><F0/><W22/><G114/><T3/><D95/><U88/><E34/><V101/><F124/><W7/><G111/><T96/><D96/><U46/><E125/><V11/><F129/><W92/><G56/><T60/><D25/><U116/><E116/><V112/><F112/><W80/><G49/><T78/><D78/><U71/><E71/><V70/><F70/><W23/><REACH who="3" step="1"/><G87/><REACH who="3" ten="245,247,247,251" step="2"/><T63/><D63/><U108/><E108/><V42/><F74/><W62/><G62/><T122/><D122/><U26/><E128/><V113/><F113/><W91/><AGARI ba="0,1" hai="6,7,12,13,15,20,22,23,80,84,89,91,92,99" machi="91" ten="30,4000,0" yaku="1,1,0,1,8,1,53,0" doraHai="102" doraHaiUra="69" who="3" fromWho="3" sc="245,-10,247,-20,247,-10,251,50" /><INIT seed="2,0,0,0,1,85" ten="235,227,237,301" oya="2" hai0="35,32,23,86,20,56,129,117,48,22,21,76,2" hai1="112,121,1,33,87,74,60,72,79,63,43,128,90" hai2="133,5,116,93,50,15,7,115,36,108,77,54,53" hai3="132,16,95,46,52,99,4,88,109,49,19,0,107"/><V9/><F116/><W81/><G109/><T17/><D117/><U120/><E112/><V131/><F115/><W91/><G132/><T67/><D2/><U94/><E1/><V124/><F36/><W39/><G39/><T61/><D129/><U58/><E33/><V45/><F133/><W92/><G107/><T130/><D130/><U110/><E128/><V27/><F131/><W89/><G4/><T38/><D38/><U78/><E43/><V82/><F124/><W47/><G0/><T75/><D75/><N who="1" m="28715" /><E110/><V51/><F108/><W119/><G119/><T123/><D123/><N who="1" m="47179" /><E60/><V101/><F27/><W71/><G47/><T25/><D48/><U96/><E58/><V80/><F5/><W104/><G104/><T59/><D59/><U125/><E63/><V118/><F77/><N who="1" m="29193" /><E125/><V6/><F7/><W70/><G70/><T10/><D10/><U57/><E57/><N who="2" m="32951" /><F118/><W29/><G71/><T40/><D40/><U66/><E66/><V55/><F54/><W69/><G69/><T103/><D32/><U83/><E83/><V98/><AGARI ba="0,0" hai="6,9,15,45,51,55,80,82,93,98,101" m="32951" machi="98" ten="30,1500,0" yaku="8,1" doraHai="85" who="2" fromWho="2" sc="235,-5,227,-5,237,15,301,-5" /><INIT seed="2,1,0,5,3,21" ten="230,222,252,296" oya="2" hai0="63,94,14,77,39,52,24,96,86,31,45,8,40" hai1="106,33,112,5,131,16,79,133,34,99,19,15,27" hai2="75,48,20,74,32,122,93,4,100,28,130,128,25" hai3="123,36,22,41,108,54,134,129,7,135,42,29,127"/><V92/><F122/><W64/><G123/><T49/><D63/><U3/><E106/><V17/><F4/><W37/><G108/><T101/><D77/><U61/><E79/><V73/><F48/><W85/><G127/><T121/><D121/><U113/><E61/><V43/><F43/><W53/><G129/><N who="2" m="49769" /><F100/><W76/><G7/><T125/><D86/><U59/><E59/><V105/><F105/><W84/><G76/><T70/><D70/><U55/><E55/><V132/><F132/><W58/><G64/><T104/><D104/><U1/><E99/><V30/><F30/><W56/><G22/><N who="0" m="15767" /><D39/><U47/><E47/><V97/><F97/><W57/><G58/><T46/><D125/><U11/><E133/><V38/><F38/><W10/><G29/><T110/><D110/><U13/><E131/><V65/><F65/><W126/><G126/><T71/><D71/><U69/><E69/><V67/><F67/><W119/><G119/><T35/><D35/><N who="1" m="13323" /><E5/><V66/><F66/><W2/><G2/><N who="1" m="522" /><E27/><AGARI ba="1,0" hai="17,20,25,27,28,32,73,74,75,92,93" m="49769" machi="27" ten="40,7700,0" yaku="19,1,52,2" doraHai="21" who="2" fromWho="1" sc="230,0,222,-80,252,80,296,0" /><INIT seed="2,2,0,5,2,74" ten="230,142,332,296" oya="2" hai0="128,129,72,125,26,122,48,29,134,1,27,31,127" hai1="60,49,7,8,17,12,41,96,59,14,126,0,70" hai2="82,73,36,63,42,52,118,79,108,109,67,95,69" hai3="81,15,64,25,83,110,38,101,116,62,56,98,77"/><V97/><F118/><W32/><G116/><T28/><D72/><U24/><E126/><N who="0" m="48137" /><D48/><U19/><E70/><V132/><F132/><W35/><G38/><T76/><D76/><U104/><E104/><V37/><F52/><W87/><G110/><N who="2" m="42601" /><F42/><W121/><G121/><T47/><D47/><U55/><E0/><V46/><F46/><W80/><G15/><T30/><D122/><U119/><E119/><V106/><F106/><W33/><REACH who="3" step="1"/><G25/><REACH who="3" ten="230,142,332,286" step="2"/><N who="0" m="9227" /><D1/><U61/><E24/><V133/><F133/><W112/><G112/><T57/><D134/><U90/><E41/><V107/><F107/><AGARI ba="2,1" hai="32,33,35,56,62,64,77,80,81,83,87,98,101,107" machi="107" ten="40,2600,0" yaku="1,1,52,1,53,0" doraHai="74" doraHaiUra="13" who="3" fromWho="2" sc="230,0,142,0,332,-32,286,42" /><INIT seed="3,0,0,2,2,98" ten="230,142,300,328" oya="3" hai0="89,65,35,108,57,40,12,54,92,112,99,132,56" hai1="69,10,53,73,95,14,55,20,123,134,120,51,28" hai2="128,4,127,48,88,101,37,49,34,77,130,80,81" hai3="85,83,36,33,91,1,31,58,45,90,24,50,30"/><W23/><G1/><T84/><D108/><U68/><E73/><N who="2" m="43055" /><F37/><W100/><G100/><T107/><D132/><U118/><E134/><V106/><F34/><W59/><G36/><T96/><D35/><U119/><E95/><V111/><F4/><W7/><G7/><T15/><D112/><U103/><E28/><V75/><F111/><W133/><G133/><T129/><D129/><N who="2" m="49770" /><F127/><W18/><G91/><T102/><D40/><U79/><E79/><N who="2" m="44287" /><F88/><W121/><G121/><N who="1" m="46666" /><E20/><V122/><F122/><W125/><G125/><T93/><D93/><U135/><E14/><V62/><F62/><W25/><G31/><T5/><D5/><U52/><E10/><V21/><F21/><W87/><G87/><T0/><D0/><U13/><E13/><V116/><F116/><N who="1" m="44585" /><E135/><V74/><F74/><W124/><G124/><T131/><D131/><U16/><E16/><V19/><F19/><W17/><G18/><T11/><D11/><U76/><E76/><V110/><F110/><W60/><G60/><T113/><D12/><U71/><E103/><V105/><F105/><W9/><G9/><T72/><D15/><U104/><E104/><V66/><F66/><W47/><G47/><T109/><D72/><U41/><E41/><AGARI ba="0,0" hai="17,23,24,25,30,33,41,45,50,58,59,83,85,90" machi="41" ten="30,1500,0" yaku="7,1" doraHai="98" who="3" fromWho="1" sc="230,0,142,-15,300,0,328,15" owari="230,-17.0,127,-37.3,300,10.0,343,44.3" /></mjloggm>