<mjloggm ver="2.3"><GO type="225" lobby="0"/><UN n0="%6D%75%75%6D%75%72%61" n1="%E3%81%B2%E3%81%AA%E3%81%AE%E3%82%8A%E3%81%8F" n2="%E6%B8%A9%E2%98%85%E6%83%85%E2%98%85%E6%8E%AA%E2%98%85%E7%BD%AE" n3="%72%69%6F%75%63%68%61%6E" dan="16,17,17,17" rate="2122.45,2200.26,2262.62,2159.35" sx="F,M,M,M"/><TAIKYOKU oya="0"/><INIT seed="0,0,0,1,5,113" ten="250,250,250,250" oya="0" hai0="48,34,64,90,63,123,23,20,107,17,122,4,3" hai1="94,125,89,85,15,93,127,38,96,40,70,36,60" hai2="103,53,31,24,62,83,10,1,21,16,37,100,18" hai3="128,35,106,65,8,50,115,112,42,55,7,76,11"/><T13/><D34/><U59/><E70/><V92/><F37/><W120/><G128/><T54/><D107/><U12/><E12/><V26/><F83/><W74/><G120/><T91/><D23/><U47/><E15/><V133/><F133/><W108/><G108/><T27/><D3/><U30/><E30/><V25/><F1/><W52/><G35/><T82/><D122/><U117/><E38/><V69/><F69/><W87/><G106/><T134/><D134/><U32/><E32/><V51/><F62/><W135/><G135/><T45/><D123/><U43/><E43/><V49/><F49/><W28/><G74/><T111/><D111/><U67/><REACH who="1" step="1"/><E117/><REACH who="1" ten="250,240,250,250" step="2"/><V79/><F31/><W81/><G28/><T101/><D13/><U119/><E119/><V58/><F26/><W44/><G115/><T124/><D27/><U14/><E14/><N who="2" m="7255" /><F24/><W71/><G112/><T95/><D17/><U102/><AGARI ba="0,1" hai="36,40,47,59,60,67,85,89,93,94,96,102,125,127" machi="102" ten="30,2000,0" yaku="1,1,0,1,53,0" doraHai="113" doraHaiUra="114" who="1" fromWho="1" sc="250,-10,240,30,250,-5,250,-5" /><INIT seed="1,0,0,4,4,22" ten="240,270,245,245" oya="1" hai0="58,100,49,108,96,2,90,91,28,122,125,87,123" hai1="130,103,59,25,36,71,54,38,68,131,109,20,73" hai2="56,42,65,12,93,120,19,98,132,1,50,32,24" hai3="76,60,45,116,61,21,97,106,31,4,85,110,74"/><U75/><E103/><V114/><F120/><N who="0" m="46122" /><D2/><U80/><E109/><V82/><F1/><W47/><G110/><T53/><D108/><U129/><E71/><V46/><F132/><W34/><G34/><T18/><D125/><U84/><E68/><V117/><F117/><W70/><G116/><T43/><D28/><N who="1" m="17447" /><E84/><V5/><F114/><W8/><G74/><N who="1" m="28170" /><E80/><V95/><F82/><W57/><G70/><T99/><D87/><U37/><E37/><V7/><F32/><W88/><G76/><T126/><D126/><U86/><E86/><V78/><F78/><W83/><G106/><N who="0" m="63751" /><D99/><U52/><E54/><V115/><F115/><W29/><G97/><T6/><D6/><U15/><E15/><V41/><F7/><W94/><G83/><T121/><N who="0" m="46130" /><T40/><DORA hai="44" /><D18/><U111/><E111/><V134/><F5/><W11/><G31/><T113/><D113/><U104/><E104/><V17/><F98/><W72/><G72/><T92/><D92/><U112/><E112/><V135/><F135/><W89/><G89/><AGARI ba="0,0" hai="40,43,49,53,58,89,90,91" m="63751,46130" machi="89" ten="40,2600,0" yaku="13,1,52,1" doraHai="22,44" who="0" fromWho="3" sc="240,26,270,0,245,0,245,-26" /><INIT seed="2,0,0,1,0,6" ten="266,270,245,219" oya="2" hai0="14,118,32,28,131,62,96,126,46,106,35,112,123" hai1="56,110,2,93,39,78,40,61,128,94,90,11,120" hai2="43,103,36,60,34,5,51,116,101,68,27,117,9" hai3="7,79,23,119,55,45,8,15,3,38,69,87,16"/><V58/><F68/><W66/><G119/><T86/><D123/><U81/><E120/><V44/><F36/><W24/><G69/><T109/><D112/><U64/><E110/><V53/><F34/><W21/><G66/><T12/><D109/><U105/><E105/><V97/><F27/><W82/><G55/><T134/><D134/><U67/><E67/><V37/><F37/><W41/><REACH who="3" step="1"/><G21/><REACH who="3" ten="266,270,245,209" step="2"/><T113/><D113/><U47/><E128/><V49/><F60/><W1/><AGARI ba="0,1" hai="1,3,7,8,15,16,23,24,38,41,45,79,82,87" machi="1" ten="30,12000,2" yaku="1,1,2,1,0,1,52,1,54,1,53,1" doraHai="6" doraHaiUra="83" who="3" fromWho="3" sc="266,-30,270,-30,245,-60,209,130" /><INIT seed="3,0,0,4,0,64" ten="236,240,185,339" oya="3" hai0="96,114,35,23,9,57,132,131,22,76,16,67,63" hai1="129,55,27,48,75,47,119,5,70,20,105,29,80" hai2="115,25,51,93,58,120,106,68,88,86,24,34,135" hai3="44,7,8,56,116,10,0,14,82,123,45,66,15"/><W36/><G116/><T37/><D35/><U94/><E105/><V6/><F115/><W74/><G123/><T81/><D114/><U77/><E119/><V1/><F106/><W26/><G26/><T98/><D37/><U109/><E109/><V31/><F120/><W62/><G36/><T19/><D131/><U42/><E70/><V118/><F118/><W41/><G41/><T52/><D132/><U128/><E5/><V133/><F25/><W113/><G113/><T4/><D67/><U53/><E94/><V103/><F103/><W102/><G102/><T69/><D69/><U40/><E40/><V111/><F111/><W121/><G121/><T107/><D107/><U87/><E75/><V134/><F68/><W3/><G3/><T33/><D33/><U100/><E100/><V92/><F6/><N who="3" m="3351" /><G74/><T125/><D22/><U90/><E77/><V13/><F13/><W110/><G0/><T72/><D125/><U12/><E12/><V126/><F1/><W97/><G110/><T83/><D19/><U65/><E65/><V2/><F2/><W108/><G108/><T50/><D9/><U30/><E30/><V124/><F92/><W112/><G112/><T101/><D4/><U59/><E42/><V43/><F43/><W11/><G7/><T18/><D101/><U49/><AGARI ba="0,0" hai="20,27,29,47,48,49,53,55,59,80,87,90,128,129" machi="49" ten="30,1100,0" yaku="0,1" doraHai="64" who="1" fromWho="1" sc="236,-3,240,11,185,-3,339,-5" owari="233,-16.7,251,5.1,182,-31.8,334,43.4" /></mjloggm>