<mjloggm ver="2.3"><GO type="225" lobby="0"/><UN n0="%E2%91%A3%E9%81%BF%E9%81%8A%E6%88%AF%E3%80%90%E6%9D%B1%E5%8D%97%E3%80%91" n1="%E3%81%8F%E3%81%BE%E3%81%96%E3%82%8F" n2="%74%61%6B%75%61%6B%61" n3="%33%74%72%65%65" dan="16,16,16,17" rate="2096.76,2071.85,2169.75,2195.95" sx="M,M,M,F"/><TAIKYOKU oya="0"/><INIT seed="0,0,0,1,3,94" ten="250,250,250,250" oya="0" hai0="120,15,112,45,2,5,39,122,56,42,51,6,133" hai1="129,85,54,26,131,72,86,11,116,126,92,75,36" hai2="107,8,33,101,68,79,125,127,73,30,60,103,111" hai3="70,104,48,4,78,47,100,57,7,14,124,97,99"/><T12/><D112/><U118/><E36/><V67/><F111/><W24/><G70/><T0/><D133/><U66/><E54/><V63/><F63/><W90/><G124/><N who="2" m="47689" /><F8/><W40/><G78/><T69/><D15/><U82/><E126/><V88/><F107/><W81/><G14/><T29/><D29/><U93/><E26/><N who="2" m="18647" /><F88/><W34/><G57/><T22/><D6/><U18/><E18/><V91/><F91/><W35/><G81/><AGARI ba="0,0" hai="60,67,68,73,79,81,101,103" m="18647,47689" machi="81" ten="30,1000,0" yaku="18,1" doraHai="94" who="2" fromWho="3" sc="250,0,250,0,250,10,250,-10" /><INIT seed="1,0,0,2,2,116" ten="250,250,260,240" oya="1" hai0="19,12,112,65,61,29,43,123,54,60,83,28,22" hai1="109,47,135,96,4,91,85,129,100,73,41,6,132" hai2="67,80,25,7,122,38,8,134,133,42,117,75,62" hai3="77,120,21,94,119,70,30,90,126,98,87,24,36"/><U23/><E129/><V107/><F107/><W59/><G70/><T49/><D112/><U55/><E73/><V102/><F117/><W48/><G119/><T5/><D43/><U72/><E72/><V131/><F102/><W0/><G36/><T40/><D40/><U57/><E109/><V39/><F25/><W84/><G126/><T103/><D60/><U56/><E23/><V53/><F53/><W93/><G0/><T16/><D103/><U13/><E57/><V68/><F122/><W118/><G118/><T92/><D5/><U78/><E78/><N who="2" m="44127" /><F131/><W26/><G120/><T2/><D2/><U104/><E56/><V111/><F111/><W45/><G59/><T20/><D92/><U35/><E55/><V9/><F9/><W74/><G26/><T89/><D123/><U127/><E127/><V34/><F34/><W115/><G115/><T86/><D65/><U14/><E35/><V63/><F63/><W10/><G10/><T125/><D61/><U69/><E69/><V114/><F114/><W81/><REACH who="3" step="1"/><G94/><REACH who="3" ten="250,250,260,230" step="2"/><T108/><D125/><U50/><E14/><V101/><F38/><W113/><G113/><T124/><D124/><U32/><E13/><V128/><F128/><W82/><G82/><T99/><D108/><U95/><REACH who="1" step="1"/><E32/><REACH who="1" ten="250,240,260,230" step="2"/><V71/><F71/><W121/><G121/><T3/><D3/><U97/><E97/><V17/><F68/><W27/><G27/><N who="0" m="14727" /><D99/><U46/><E46/><AGARI ba="0,2" hai="12,19,22,28,29,46,49,54,83,86,89" m="14727" machi="46" ten="30,2000,0" yaku="8,1,54,1" doraHai="116" who="0" fromWho="1" sc="250,40,240,-20,260,0,230,0" /><INIT seed="2,0,0,1,3,76" ten="290,220,260,230" oya="2" hai0="91,10,16,45,75,102,128,1,92,119,60,8,72" hai1="13,124,121,123,83,30,98,88,49,7,117,15,73" hai2="110,71,54,103,84,130,66,40,67,62,5,48,69" hai3="135,0,26,82,38,118,95,111,17,9,20,37,65"/><V113/><F113/><W34/><G118/><T61/><D119/><U131/><E117/><V11/><F130/><W63/><G111/><T126/><D102/><U4/><E131/><V12/><F110/><W122/><G122/><N who="1" m="46602" /><E124/><V116/><F116/><W80/><G135/><T53/><D1/><U129/><E129/><V94/><F40/><W25/><G95/><T35/><D35/><U133/><E133/><V97/><F84/><W86/><G0/><T44/><D128/><U112/><E112/><V68/><REACH who="2" step="1"/><F67/><REACH who="2" ten="290,220,250,230" step="2"/><W104/><G86/><T89/><D126/><U29/><E73/><V87/><F87/><W21/><G65/><T6/><D75/><U43/><E98/><V52/><F52/><W59/><G38/><T109/><D72/><U57/><E43/><V120/><F120/><W85/><G85/><T100/><D53/><N who="1" m="31919" /><E83/><V19/><F19/><W2/><G82/><T22/><D16/><U46/><E4/><V132/><F132/><W125/><G80/><T96/><D6/><U107/><E7/><V39/><F39/><W32/><G37/><T78/><D109/><U77/><E77/><V58/><AGARI ba="0,1" hai="5,11,12,48,54,58,62,66,68,69,71,94,97,103" machi="58" ten="20,3900,0" yaku="1,1,0,1,7,1,53,0" doraHai="76" doraHaiUra="14" who="2" fromWho="2" sc="290,-13,220,-13,250,49,230,-13" /><INIT seed="2,1,0,4,4,96" ten="277,207,299,217" oya="2" hai0="16,112,57,80,43,116,127,56,82,133,24,34,97" hai1="87,134,51,23,73,111,65,77,0,66,55,18,76" hai2="52,1,131,93,26,46,75,113,128,114,109,19,107" hai3="10,28,117,92,6,9,54,15,20,22,12,135,98"/><V69/><F107/><W89/><G117/><T36/><D112/><N who="2" m="43114" /><F75/><W47/><G135/><T11/><D133/><U115/><E134/><V25/><F93/><W61/><G28/><T59/><D116/><U126/><E115/><V121/><F1/><W122/><G122/><T70/><D70/><U37/><E37/><V103/><F103/><W86/><G86/><T88/><D34/><U63/><E111/><V14/><F69/><W30/><G30/><T95/><D127/><U39/><E39/><V123/><F46/><W41/><G41/><T132/><D132/><U31/><E73/><V21/><F52/><W94/><G94/><T45/><REACH who="0" step="1"/><D11/><REACH who="0" ten="267,207,299,217" step="2"/><U124/><E126/><V48/><F121/><W33/><G10/><T110/><D110/><U32/><E32/><V100/><F123/><W4/><G33/><T27/><D27/><U85/><E124/><V50/><F25/><W60/><G9/><T71/><D71/><U74/><E74/><V90/><F26/><W42/><G22/><AGARI ba="1,1" hai="16,22,24,36,43,45,56,57,59,80,82,88,95,97" machi="22" ten="40,5200,0" yaku="1,1,54,2,53,0" doraHai="96" doraHaiUra="106" who="0" fromWho="3" sc="267,65,207,0,299,0,217,-55" /><INIT seed="3,0,0,0,5,106" ten="332,207,299,162" oya="3" hai0="60,123,69,78,57,94,125,27,45,35,127,66,131" hai1="12,83,5,75,65,0,135,103,48,100,36,43,84" hai2="118,93,59,14,8,13,70,109,85,24,86,67,34" hai3="79,105,77,81,108,92,104,58,99,74,29,116,52"/><W126/><G116/><T10/><D123/><U91/><E135/><V107/><F118/><W122/><G122/><T22/><D131/><U55/><E0/><V97/><F107/><W41/><G126/><N who="0" m="48139" /><D35/><U133/><E133/><V72/><F70/><W111/><G41/><T6/><D94/><U101/><E75/><V113/><F113/><W102/><G29/><N who="0" m="17655" /><D78/><U129/><E129/><V62/><F109/><N who="3" m="42059" /><G79/><T31/><D45/><N who="1" m="25663" /><E36/><V121/><F121/><W9/><G9/><T56/><D31/><U61/><E65/><V40/><F40/><W64/><G64/><T130/><D130/><U128/><E128/><V30/><F72/><W134/><G134/><T51/><D51/><AGARI ba="0,0" hai="51,52,58,74,77,81,92,99,102,104,105" m="42059" machi="51" ten="30,11600,0" yaku="14,1,10,1,52,1,54,1" doraHai="106" who="3" fromWho="0" sc="332,-116,207,0,299,0,162,116" /><INIT seed="3,1,0,3,5,130" ten="216,207,299,278" oya="3" hai0="124,129,47,71,82,127,74,85,86,58,21,56,22" hai1="107,28,104,43,103,77,9,18,120,108,4,97,132" hai2="41,30,60,69,84,81,68,54,32,31,116,109,99" hai3="66,72,67,87,6,90,7,33,100,102,15,122,11"/><W101/><G122/><T96/><D71/><U8/><E120/><V64/><F116/><W62/><G72/><T118/><D129/><U34/><E108/><V89/><F69/><W16/><G33/><T35/><D35/><U98/><E132/><V135/><F135/><W20/><G62/><T46/><D96/><U37/><E18/><V1/><F1/><W63/><G63/><T57/><D74/><U115/><E77/><V110/><F41/><W131/><G131/><T23/><D118/><U14/><E9/><V94/><F54/><W73/><G73/><T59/><N who="0" m="14336" /><DORA hai="3" /><T2/><D2/><U121/><E121/><V76/><F32/><W48/><G48/><T112/><D112/><U27/><E115/><V61/><F61/><W44/><G44/><N who="0" m="16939" /><D82/><U25/><E43/><V83/><F83/><N who="3" m="49535" /><G11/><T79/><D79/><U75/><E75/><V117/><F117/><W0/><G0/><T113/><D113/><U70/><E70/><V52/><F52/><W55/><G55/><T24/><D24/><U92/><E27/><V80/><F80/><W39/><G39/><T51/><D51/><U5/><E37/><V123/><F123/><W42/><G42/><T91/><D91/><U125/><E107/><V93/><F93/><W119/><G119/><T10/><D10/><N who="1" m="4423" /><E92/><V50/><F50/><W105/><G105/><T38/><D38/><U36/><E36/><V17/><F109/><W45/><G45/><T88/><D88/><U126/><E98/><V40/><F110/><W111/><G111/><T128/><D128/><U53/><E53/><V95/><F99/><RYUUKYOKU ba="1,0" sc="216,10,207,10,299,-30,278,10" hai0="21,22,23,85,86,124,127" hai1="5,8,25,28,34,97,103,104,125,126" hai3="6,7,15,16,20,66,67,100,101,102" /><INIT seed="3,2,0,4,2,30" ten="226,217,269,288" oya="3" hai0="31,119,26,34,32,100,57,63,56,40,53,134,35" hai1="9,68,81,96,118,69,14,122,135,11,15,71,65" hai2="55,3,5,85,44,80,95,24,36,25,130,129,59" hai3="117,18,105,48,49,23,77,2,29,110,33,39,46"/><W124/><G117/><T10/><D134/><U4/><E122/><V111/><F111/><W7/><G105/><T125/><D125/><U132/><E118/><V72/><F95/><W87/><G39/><T42/><D119/><U66/><E81/><V128/><F72/><W17/><G124/><T19/><D100/><U76/><E76/><N who="2" m="46215" /><F5/><W97/><G110/><T94/><D94/><U27/><E27/><V89/><F89/><W120/><G120/><T28/><D57/><U67/><REACH who="1" step="1"/><E96/><REACH who="1" ten="226,207,269,288" step="2"/><V126/><F126/><W16/><G97/><T51/><D26/><U84/><E84/><V112/><F25/><N who="3" m="18607" /><G87/><T91/><D31/><U38/><E38/><V75/><F24/><W8/><G77/><T41/><D28/><U21/><E21/><V79/><F79/><W83/><G83/><T12/><REACH who="0" step="1"/><D91/><REACH who="0" ten="216,207,269,288" step="2"/><U47/><E47/><AGARI ba="2,2" hai="10,12,19,32,34,35,40,41,42,47,51,53,56,63" machi="47" ten="40,8000,1" yaku="1,1,2,1,52,3,53,0" doraHai="30" doraHaiUra="20" who="0" fromWho="1" sc="216,106,207,-86,269,0,288,0" owari="322,42.2,121,-37.9,269,-13.1,288,8.8" /></mjloggm>