<mjloggm ver="2.3"><GO type="225" lobby="0"/><UN n0="%72%69%6F%75%63%68%61%6E" n1="%73%6C%69%63%6B%33%31%39" n2="%E3%81%95%E3%81%8D%E3%81%9F%E3%81%BE%E6%9E%97%E6%AA%8E" n3="%E3%81%8C%E3%81%9F" dan="16,17,16,16" rate="2173.78,2200.21,2053.10,2075.08" sx="M,M,M,M"/><TAIKYOKU oya="0"/><INIT seed="0,0,0,0,2,2" ten="250,250,250,250" oya="0" hai0="129,80,84,100,52,21,40,87,96,98,48,124,8" hai1="71,31,34,93,16,131,29,88,4,112,68,121,39" hai2="9,27,90,36,102,65,37,26,127,113,43,97,51" hai3="47,120,1,101,128,53,49,67,130,105,114,75,74"/><T70/><D124/><U66/><E121/><V44/><F127/><W13/><G114/><T54/><D129/><N who="3" m="49769" /><G1/><T116/><D116/><U117/><E117/><V64/><F113/><W92/><G105/><T72/><D70/><U42/><E131/><V86/><F37/><W33/><G33/><T115/><D115/><U45/><E112/><V104/><F36/><W0/><G0/><T126/><D126/><U6/><E16/><V20/><F26/><W103/><G67/><T50/><D40/><U5/><E34/><V60/><F60/><W55/><G120/><T35/><D35/><U73/><E73/><N who="3" m="27658" /><G92/><T46/><D21/><U10/><E10/><V118/><F9/><W133/><G133/><T111/><D111/><U83/><E83/><V23/><F23/><W25/><G25/><T12/><D72/><U17/><E17/><V30/><REACH who="2" step="1"/><F118/><REACH who="2" ten="250,250,240,250" step="2"/><W57/><G13/><T81/><D8/><U28/><REACH who="1" step="1"/><E66/><REACH who="1" ten="250,240,240,250" step="2"/><V77/><F77/><W14/><G14/><T125/><D12/><U76/><E76/><V109/><F109/><W107/><G107/><T94/><D125/><U135/><E135/><V22/><F22/><W85/><G55/><T11/><D11/><U58/><E58/><V69/><F69/><W119/><G57/><T38/><D54/><U19/><E19/><V15/><F15/><W18/><G18/><T61/><D52/><U7/><N who="1" m="1024" /><DORA hai="122" /><U24/><E24/><V3/><F3/><W110/><G119/><T91/><D80/><AGARI ba="0,2" hai="20,27,30,43,44,51,64,65,80,86,90,97,102,104" machi="80" ten="30,3900,0" yaku="1,1,7,1,53,1" doraHai="2,122" doraHaiUra="95,132" who="2" fromWho="0" sc="250,-39,240,0,240,59,250,0" /><INIT seed="1,0,0,2,5,24" ten="211,240,299,250" oya="1" hai0="135,3,18,48,96,26,45,134,123,122,20,15,60" hai1="30,81,68,118,103,77,92,107,56,73,98,44,12" hai2="47,67,66,130,124,23,129,99,114,13,84,82,102" hai3="109,111,53,33,46,28,17,1,80,6,91,132,31"/><U89/><E118/><V7/><F124/><W25/><G132/><N who="0" m="50731" /><D3/><U11/><E68/><V50/><F114/><W70/><G70/><T127/><D127/><U76/><E76/><V9/><F23/><N who="3" m="13551" /><G33/><T126/><D126/><U72/><E72/><V10/><F10/><N who="3" m="2383" /><G46/><T35/><D96/><U65/><E44/><V59/><F59/><W112/><G53/><N who="0" m="29839" /><D60/><U16/><E30/><AGARI ba="0,0" hai="15,18,20,26,30,35,122,123" m="29839,50731" machi="30" ten="30,2000,0" yaku="20,1,52,1" doraHai="24" who="0" fromWho="1" sc="211,20,240,-20,299,0,250,0" /><INIT seed="2,0,0,1,2,53" ten="231,220,299,250" oya="2" hai0="80,133,128,59,55,108,19,40,0,14,25,33,72" hai1="131,66,62,24,107,44,18,92,79,4,116,37,22" hai2="97,71,91,56,122,11,96,49,118,2,121,70,42" hai3="99,36,38,73,82,27,41,135,85,123,47,5,125"/><V17/><F118/><W120/><G73/><T31/><D108/><U3/><E116/><V75/><F75/><W105/><G125/><T98/><D128/><U89/><E131/><V26/><F71/><W114/><G114/><T34/><D133/><U1/><E107/><V124/><F70/><W63/><G135/><T6/><D40/><U8/><E79/><V119/><F119/><W61/><G38/><T83/><D33/><U46/><E1/><V67/><F124/><W95/><G105/><T86/><D72/><U127/><E37/><V50/><F50/><W111/><G111/><T100/><D86/><U57/><REACH who="1" step="1"/><E127/><REACH who="1" ten="231,210,299,250" step="2"/><V9/><F2/><W93/><G123/><T45/><D0/><U52/><E52/><V103/><F122/><W32/><G120/><T126/><D126/><U117/><E117/><V88/><F121/><W94/><G36/><T106/><D45/><U132/><E132/><V12/><F42/><W43/><G47/><T65/><D65/><U69/><E69/><V64/><F67/><W48/><G43/><T23/><REACH who="0" step="1"/><D6/><REACH who="0" ten="221,210,299,250" step="2"/><U134/><E134/><V51/><F64/><W104/><G5/><T20/><D20/><U10/><E10/><V30/><F11/><W81/><G41/><T113/><D113/><U68/><E68/><V101/><F9/><W13/><G32/><T87/><D87/><AGARI ba="0,2" hai="3,4,8,18,22,24,44,46,57,62,66,87,89,92" machi="87" ten="30,3900,0" yaku="1,1,7,1,52,1,53,0" doraHai="53" doraHaiUra="130" who="1" fromWho="0" sc="221,-39,210,59,299,0,250,0" /><INIT seed="3,0,0,4,2,83" ten="182,269,299,250" oya="3" hai0="92,86,58,77,88,23,135,31,46,11,112,10,126" hai1="17,97,67,69,75,131,41,44,20,129,15,87,120" hai2="74,14,35,37,25,5,32,111,19,133,72,9,34" hai3="49,127,73,81,108,98,50,94,63,59,95,48,33"/><W40/><G33/><T66/><D126/><U12/><E120/><V100/><F37/><W55/><G127/><T16/><D135/><U125/><E75/><V93/><F133/><W26/><G108/><T39/><D112/><U124/><E97/><V113/><F113/><W70/><G40/><T2/><D2/><U76/><E12/><V64/><F64/><W6/><G6/><T4/><D31/><U1/><E1/><V115/><F115/><W114/><G114/><T21/><D77/><U13/><E13/><V53/><F111/><W118/><G118/><T3/><D11/><U101/><E101/><V36/><F36/><W18/><G70/><T91/><D91/><U30/><E30/><V106/><F106/><W107/><G107/><T82/><D92/><U121/><E121/><V57/><F93/><W54/><G54/><T128/><D128/><N who="1" m="49227" /><E87/><V22/><REACH who="2" step="1"/><F100/><REACH who="2" ten="182,269,289,250" step="2"/><W90/><G95/><T68/><D68/><U132/><E132/><V116/><F116/><W28/><G81/><T65/><D58/><U99/><E67/><V119/><F119/><W109/><G109/><T24/><REACH who="0" step="1"/><D23/><REACH who="0" ten="172,269,289,250" step="2"/><U60/><E20/><V117/><F117/><W38/><G94/><T110/><D110/><U8/><E69/><V123/><F123/><W43/><G59/><T96/><D96/><U29/><E99/><V134/><F134/><W7/><G98/><T62/><D62/><AGARI ba="0,2" hai="5,9,14,19,22,25,32,34,35,53,57,62,72,74" machi="62" ten="40,1300,0" yaku="1,1,53,0" doraHai="83" doraHaiUra="122" who="2" fromWho="0" sc="172,-13,269,0,289,33,250,0" owari="159,-34.1,269,6.9,322,42.2,250,-15.0" /></mjloggm>