<mjloggm ver="2.3"><GO type="225" lobby="0"/><UN n0="%E5%A4%96%E5%B7%9D%E7%AB%9C%E6%88%90" n1="%E9%80%9F%E6%B0%B4%E5%87%9B%E9%A6%99" n2="%43%68%65" n3="%6D%75%75%6D%75%72%61" dan="16,16,16,16" rate="2096.48,2110.01,2118.22,2151.34" sx="M,F,M,F"/><TAIKYOKU oya="0"/><INIT seed="0,0,0,2,3,72" ten="250,250,250,250" oya="0" hai0="54,40,18,64,113,46,70,58,48,56,92,21,88" hai1="28,79,75,118,95,49,78,63,83,94,132,65,109" hai2="23,42,90,20,11,61,80,1,112,102,128,26,50" hai3="3,29,115,114,111,34,39,77,105,119,66,97,35"/><T25/><D113/><U127/><E118/><V104/><F112/><W131/><G119/><T73/><D73/><U123/><E123/><V41/><F128/><W19/><G131/><T81/><D81/><U135/><E109/><V62/><F23/><W45/><G111/><T7/><D7/><U85/><E49/><V125/><F125/><W84/><G3/><T55/><D70/><U52/><E28/><V12/><F1/><W4/><G4/><T6/><D6/><U74/><E127/><V116/><F102/><W9/><G66/><T103/><D103/><U71/><E52/><V87/><F104/><W10/><G97/><T22/><D22/><U15/><E15/><V129/><F116/><W93/><G105/><T99/><D64/><U8/><E8/><V106/><F106/><W36/><G45/><T32/><D32/><U91/><E95/><V44/><F42/><W0/><G93/><T51/><D40/><U133/><REACH who="1" step="1"/><E79/><REACH who="1" ten="250,240,250,250" step="2"/><V96/><F129/><W13/><G13/><T124/><D124/><U117/><E117/><V17/><F96/><AGARI ba="0,1" hai="63,65,71,74,75,78,83,85,91,94,96,132,133,135" machi="96" ten="40,5200,0" yaku="1,1,20,1,52,1,53,0" doraHai="72" doraHaiUra="14" who="1" fromWho="2" sc="250,0,240,62,250,-52,250,0" /><INIT seed="1,0,0,5,4,100" ten="250,302,198,250" oya="1" hai0="104,135,99,27,98,124,18,129,45,61,59,64,55" hai1="110,83,12,15,51,54,32,60,7,28,117,52,33" hai2="132,13,114,53,16,66,69,119,122,77,85,40,116" hai3="29,4,92,133,106,111,105,50,5,87,102,113,96"/><U95/><E117/><V43/><F122/><W63/><G113/><T82/><D124/><U44/><E110/><V68/><F114/><W109/><G133/><T14/><D135/><U30/><E83/><V112/><F112/><W76/><G29/><T84/><D129/><U9/><E15/><V48/><F132/><W31/><G31/><T36/><D27/><U97/><E32/><V6/><F6/><W127/><G127/><T58/><D36/><U21/><E21/><V131/><F131/><W3/><G50/><T94/><D94/><U47/><E33/><V89/><F77/><W118/><G63/><T74/><D45/><U78/><E78/><V56/><F119/><W10/><G118/><T34/><D104/><U107/><E107/><V19/><F19/><W123/><G123/><T37/><D37/><U57/><REACH who="1" step="1"/><E44/><REACH who="1" ten="250,292,198,250" step="2"/><V42/><F116/><W67/><G105/><T22/><D34/><U91/><AGARI ba="0,1" hai="7,9,12,28,30,47,51,52,54,57,60,91,95,97" machi="91" ten="20,18000,2" yaku="1,1,2,1,0,1,7,1,8,1,54,1,53,0" doraHai="100" doraHaiUra="121" who="1" fromWho="1" sc="250,-60,292,190,198,-60,250,-60" /><INIT seed="1,1,0,5,3,96" ten="190,482,138,190" oya="1" hai0="110,122,88,81,55,84,33,85,123,121,95,42,120" hai1="12,92,36,62,61,16,103,117,104,46,133,94,48" hai2="31,50,11,64,129,79,2,52,127,27,63,67,87" hai3="17,101,82,58,93,13,115,45,112,1,60,43,128"/><U105/><E117/><V70/><F129/><W76/><G1/><T41/><N who="0" m="30720" /><DORA hai="73" /><T29/><D110/><U51/><E36/><V68/><F127/><W20/><G128/><T18/><D29/><U44/><E133/><V134/><F134/><W22/><G22/><T132/><D33/><U35/><E35/><V25/><F2/><W130/><G130/><T4/><D4/><U39/><E39/><V23/><F11/><W8/><G20/><T5/><D5/><U59/><E59/><V109/><F27/><W47/><G93/><T3/><D3/><U114/><E114/><V102/><F109/><W111/><G101/><T7/><D7/><U14/><E16/><V24/><F24/><W10/><G10/><T83/><D132/><U124/><E124/><V90/><F79/><W77/><G111/><T0/><D0/><U126/><E126/><V108/><F102/><AGARI ba="1,0" hai="12,14,44,46,48,51,61,62,92,94,102,103,104,105" machi="102" ten="25,9600,0" yaku="22,2,52,2" doraHai="96,73" who="1" fromWho="2" sc="190,0,482,99,138,-99,190,0" /><INIT seed="1,2,0,5,3,25" ten="190,581,39,190" oya="1" hai0="119,96,30,99,130,106,5,22,64,59,3,122,31" hai1="98,32,84,107,56,19,42,69,83,68,113,66,87" hai2="24,121,92,7,37,80,95,110,62,16,104,129,116" hai3="67,34,40,41,78,49,9,117,35,73,63,33,6"/><U2/><E113/><V27/><F116/><W43/><G117/><T101/><D119/><U26/><E2/><V61/><F104/><W20/><G20/><T89/><D130/><U93/><E42/><V29/><F37/><W51/><G78/><T88/><D22/><U109/><E107/><V44/><F121/><W8/><G73/><T47/><D47/><U94/><E109/><V77/><F7/><W13/><REACH who="3" step="1"/><G9/><REACH who="3" ten="190,581,39,180" step="2"/><T10/><D122/><U23/><E32/><V1/><F77/><W58/><AGARI ba="2,1" hai="6,8,13,33,34,35,40,41,43,49,51,58,63,67" machi="58" ten="40,5200,0" yaku="1,1,2,1,0,1,53,0" doraHai="25" doraHaiUra="91" who="3" fromWho="3" sc="190,-15,581,-28,39,-15,180,68" /><INIT seed="2,0,0,1,3,60" ten="175,553,24,248" oya="2" hai0="105,75,86,22,128,11,23,106,47,98,68,45,59" hai1="109,20,39,53,9,95,33,133,112,32,122,127,134" hai2="40,0,1,93,27,38,97,12,82,65,24,43,108" hai3="48,52,70,87,34,6,2,62,63,92,25,49,96"/><V113/><F113/><W119/><G119/><T100/><D106/><U132/><E39/><V126/><F126/><W116/><G116/><T77/><D68/><U99/><E112/><V54/><F38/><W110/><G110/><T46/><D128/><U7/><E109/><V30/><F108/><W79/><G2/><T61/><D75/><U124/><E20/><V8/><F0/><W131/><G6/><T35/><D35/><N who="1" m="13387" /><E53/><V15/><F1/><W83/><G131/><T121/><D11/><U10/><E122/><V21/><F27/><W42/><G70/><T58/><D58/><U123/><E123/><V51/><F65/><W130/><G130/><T28/><D28/><U74/><E74/><V4/><F15/><W89/><G48/><T111/><D121/><U29/><E29/><V76/><F82/><W88/><G42/><T125/><D125/><N who="1" m="48203" /><E7/><V5/><F76/><W91/><G25/><T41/><D86/><U71/><E71/><V135/><F5/><W50/><G50/><T85/><D100/><AGARI ba="0,0" hai="9,10,95,99,100,132,133,134" m="48203,13387" machi="100" ten="40,2600,0" yaku="20,1,18,1" doraHai="60" who="1" fromWho="0" sc="175,-26,553,26,24,0,248,0" /><INIT seed="3,0,0,3,4,62" ten="149,579,24,248" oya="3" hai0="72,3,63,6,10,67,31,5,125,108,52,75,89" hai1="7,20,93,55,71,111,61,87,53,77,33,73,14" hai2="91,35,85,16,37,133,105,88,45,130,96,99,57" hai3="30,113,17,56,98,8,44,106,64,65,119,109,34"/><W76/><G113/><T38/><D6/><U126/><E33/><V43/><F133/><W114/><G119/><T92/><D38/><U90/><E111/><V59/><F130/><W116/><G114/><T97/><D108/><U28/><E126/><V78/><F35/><W68/><G116/><T24/><D125/><U118/><E118/><V79/><F59/><W135/><G109/><T60/><D24/><U11/><E73/><V74/><F74/><W123/><G135/><T69/><D31/><U13/><E77/><V104/><F104/><W124/><G123/><T101/><D89/><U19/><E71/><V103/><F99/><W80/><G124/><T58/><AGARI ba="0,0" hai="3,5,10,52,58,60,63,67,69,72,75,92,97,101" machi="58" ten="30,4000,0" yaku="0,1,52,1,54,1" doraHai="62" who="0" fromWho="0" sc="149,40,579,-10,24,-10,248,-20" owari="189,-21.1,569,66.9,14,-48.6,228,2.8" /></mjloggm>