<mjloggm ver="2.3"><GO type="225" lobby="0"/><UN n0="%73%75%7A%75%6D%65%33" n1="%E3%81%99%E3%81%84%E3%81%BE%E3%81%9B%E3%83%BC%E3%82%93" n2="%6D%75%75%6D%75%72%61" n3="%E6%81%AC%E6%B7%A1%E5%AF%82%E5%AF%9E" dan="17,16,16,16" rate="2206.21,2126.72,2169.63,2140.33" sx="M,M,F,F"/><TAIKYOKU oya="0"/><INIT seed="0,0,0,1,1,117" ten="250,250,250,250" oya="0" hai0="96,61,132,56,97,55,135,45,70,106,6,0,66" hai1="112,131,20,130,133,62,103,23,92,48,120,105,54" hai2="114,122,95,34,124,9,100,53,36,28,51,18,109" hai3="98,67,86,128,21,12,52,32,118,29,41,85,111"/><T49/><D0/><U84/><E133/><N who="0" m="51273" /><D6/><U8/><E112/><V91/><F114/><W80/><G118/><T31/><D31/><U77/><E120/><V69/><F109/><W40/><G111/><T82/><D82/><N who="1" m="47183" /><E62/><V60/><F36/><W107/><G32/><T65/><D65/><U47/><E105/><V125/><F100/><W46/><G67/><T15/><D15/><U88/><E103/><V3/><F122/><W115/><G107/><T101/><D97/><N who="1" m="57479" /><E8/><V73/><F73/><W7/><G98/><T94/><D106/><U30/><E30/><V2/><F69/><AGARI ba="0,0" hai="45,49,55,56,61,66,69,70,94,96,101" m="51273" machi="69" ten="30,1500,0" yaku="20,1" doraHai="117" who="0" fromWho="2" sc="250,15,250,0,250,-15,250,0" /><INIT seed="0,1,0,5,2,132" ten="265,250,235,250" oya="0" hai0="29,3,128,12,131,60,133,44,118,101,129,117,22" hai1="126,4,58,78,0,63,15,83,69,97,99,90,112" hai2="135,50,107,57,110,33,6,66,23,74,91,5,62" hai3="108,61,124,35,2,95,93,43,24,40,76,25,114"/><T9/><D101/><U51/><E112/><V72/><F33/><W68/><G2/><T46/><D60/><U119/><E119/><N who="0" m="45577" /><D46/><U37/><E37/><V67/><F135/><W17/><G35/><T21/><D44/><U59/><E0/><V31/><F107/><W121/><G68/><T111/><D133/><U54/><E126/><V85/><F110/><W125/><G108/><T94/><D94/><U34/><E34/><V7/><F67/><W80/><G114/><T65/><D65/><U89/><E69/><V103/><F103/><W92/><G61/><T1/><D111/><U52/><E99/><V100/><F100/><W134/><G121/><T71/><D71/><U120/><E97/><V81/><REACH who="2" step="1"/><F50/><REACH who="2" ten="265,250,225,250" step="2"/><W73/><G134/><T123/><D123/><U39/><E120/><V10/><F10/><W38/><G38/><T41/><D22/><U109/><E39/><V55/><F55/><W79/><G40/><T45/><D41/><U70/><E109/><V64/><F64/><W106/><G43/><T122/><D122/><U127/><E70/><V47/><F47/><W88/><G106/><T113/><D45/><U102/><E102/><V130/><F130/><W86/><G73/><T14/><D113/><U105/><E105/><V77/><F77/><N who="3" m="29771" /><G17/><N who="0" m="10423" /><D29/><U48/><E63/><V30/><F30/><W75/><G75/><T27/><D27/><AGARI ba="1,1" hai="5,6,7,23,27,31,57,62,66,72,74,81,85,91" machi="27" ten="40,2600,0" yaku="1,1,53,1" doraHai="132" doraHaiUra="56" who="2" fromWho="0" sc="265,-29,250,0,225,39,250,0" /><INIT seed="1,0,0,4,2,9" ten="236,250,264,250" oya="1" hai0="92,87,114,130,53,60,103,18,100,21,32,4,116" hai1="83,50,29,19,67,25,72,23,40,11,84,5,77" hai2="48,115,98,99,12,31,17,10,122,7,63,66,117" hai3="37,124,46,123,80,75,49,113,88,71,135,119,13"/><U33/><E67/><V69/><F117/><W44/><G123/><T128/><D32/><U82/><E40/><V109/><F122/><W106/><G106/><T94/><D116/><U105/><E105/><V56/><F109/><W133/><G113/><T15/><D114/><U6/><E50/><V129/><F129/><N who="0" m="49770" /><D4/><U118/><E118/><V111/><F111/><W86/><G71/><T121/><D121/><U73/><E83/><V78/><F115/><W35/><G35/><T24/><D24/><U47/><E47/><V81/><F31/><W0/><G0/><T27/><D27/><U74/><REACH who="1" step="1"/><E11/><REACH who="1" ten="236,240,264,250" step="2"/><V91/><F69/><W108/><G119/><T28/><D92/><U95/><E95/><V26/><F48/><W134/><G108/><T59/><D28/><U85/><E85/><N who="2" m="50607" /><F78/><W104/><G104/><T30/><D30/><U58/><E58/><V76/><F76/><W55/><G134/><T52/><D53/><U2/><E2/><V65/><F65/><W41/><G135/><T89/><AGARI ba="0,1" hai="15,18,21,52,59,60,87,89,94,100,103" m="49770" machi="89" ten="30,4000,0" yaku="19,1,52,1,54,1" doraHai="9" who="0" fromWho="0" sc="236,50,240,-20,264,-10,250,-10" /><INIT seed="2,0,0,2,3,77" ten="286,220,254,240" oya="2" hai0="38,71,75,61,69,89,116,23,134,118,18,98,64" hai1="123,108,31,44,7,70,131,35,56,122,128,110,39" hai2="115,42,105,43,130,78,84,49,0,3,88,17,99" hai3="58,79,8,100,37,12,24,59,96,30,20,22,85"/><V97/><F115/><W4/><G37/><T102/><D38/><U90/><E70/><V27/><F130/><N who="1" m="49705" /><E7/><V60/><F78/><W32/><G32/><T111/><D111/><N who="1" m="42539" /><E90/><V124/><F124/><W135/><G135/><T74/><D89/><U52/><E31/><V91/><F105/><W94/><G22/><T117/><D71/><U1/><E1/><V57/><F3/><W120/><G120/><T40/><D40/><N who="2" m="15402" /><F49/><W50/><G50/><T25/><REACH who="0" step="1"/><D134/><REACH who="0" ten="276,220,254,240" step="2"/><U114/><E114/><V62/><F91/><W2/><G2/><T112/><D112/><U53/><E39/><V11/><F0/><W48/><G48/><T125/><D125/><U26/><E123/><V113/><F113/><W106/><G106/><AGARI ba="0,1" hai="18,23,25,61,64,69,74,75,98,102,106,116,117,118" machi="106" ten="40,5200,0" yaku="1,1,12,1,53,1" doraHai="77" doraHaiUra="66" who="0" fromWho="3" sc="276,62,220,0,254,0,240,-52" /><INIT seed="3,0,0,5,5,26" ten="338,220,254,188" oya="3" hai0="36,81,78,114,37,74,13,34,42,56,102,111,87" hai1="24,48,86,18,39,101,124,25,54,75,68,8,106" hai2="33,85,103,3,84,123,52,108,45,112,125,127,51" hai3="38,43,95,64,104,44,0,17,19,22,32,67,129"/><W131/><G104/><T20/><D111/><U9/><E75/><V29/><F108/><W63/><G32/><T12/><D34/><U71/><E39/><V105/><F112/><W31/><G0/><T99/><D114/><U122/><E122/><V27/><F3/><W134/><G134/><T73/><D56/><U59/><E71/><V92/><F105/><W23/><G67/><T49/><D49/><U94/><E68/><V60/><F123/><W117/><G117/><T65/><D65/><U100/><E124/><N who="2" m="47691" /><F60/><W90/><G22/><T21/><D21/><N who="1" m="13367" /><E25/><V61/><F61/><W97/><G31/><T109/><D109/><U14/><E106/><V70/><F70/><W10/><G10/><N who="1" m="4202" /><E14/><V128/><F128/><N who="3" m="49227" /><G23/><T96/><D96/><AGARI ba="0,0" hai="27,29,33,45,51,52,84,85,92,96,103" m="47691" machi="96" ten="30,3900,0" yaku="18,1,52,1,54,1" doraHai="26" who="2" fromWho="0" sc="338,-39,220,0,254,39,188,0" /><INIT seed="4,0,0,2,1,67" ten="299,220,293,188" oya="0" hai0="93,117,22,64,26,65,69,6,116,121,129,52,71" hai1="73,80,47,42,16,15,13,86,105,62,102,123,63" hai2="10,107,83,77,114,7,130,27,60,124,61,49,101" hai3="38,125,44,104,4,24,36,92,29,128,17,33,8"/><T109/><D121/><U115/><E123/><V55/><F114/><W100/><G92/><T43/><D109/><U48/><E73/><V133/><F124/><W57/><G57/><T1/><D129/><U127/><E127/><V126/><F126/><W82/><G125/><T23/><D43/><U19/><E115/><V84/><F130/><W99/><G128/><T56/><D93/><U31/><E31/><V20/><F133/><W50/><G82/><T132/><D132/><U131/><E131/><V5/><F107/><W98/><G98/><T135/><D135/><U30/><E30/><N who="2" m="17767" /><F101/><W89/><G89/><T72/><D72/><U54/><E102/><V78/><F78/><W53/><G17/><N who="1" m="6730" /><E105/><V14/><F7/><W46/><G44/><AGARI ba="0,0" hai="5,10,14,44,49,55,60,61,77,83,84" m="17767" machi="44" ten="30,1000,0" yaku="8,1" doraHai="67" who="2" fromWho="3" sc="299,0,220,0,293,10,188,-10" owari="299,9.9,220,-18.0,303,40.3,178,-32.2" /></mjloggm>