<mjloggm ver="2.3"><GO type="225" lobby="0"/><UN n0="%E3%83%81%E3%83%AF%E3%83%AF%E9%9A%8A%E9%95%B7" n1="%E4%BF%BA%E3%81%A8%E5%A6%96%E5%A4%A2" n2="%E9%A6%AC%E4%BA%86%E9%9A%94%E5%A3%81" n3="%E3%83%AB%E3%83%9B%E3%83%B3%E3%83%87%E3%82%A3%E3%82%A8" dan="16,17,17,17" rate="2120.17,2180.56,2186.43,2163.99" sx="M,F,M,M"/><TAIKYOKU oya="0"/><INIT seed="0,0,0,4,5,115" ten="250,250,250,250" oya="0" hai0="111,82,6,127,26,8,29,50,125,78,53,42,99" hai1="60,12,68,86,62,10,113,63,85,101,135,126,64" hai2="2,69,59,110,93,76,81,88,84,104,117,47,49" hai3="95,37,23,128,123,112,70,73,129,33,38,36,20"/><T106/><D111/><U96/><E113/><V61/><F69/><W41/><G112/><T120/><D120/><U46/><E135/><V107/><F110/><W116/><G33/><T83/><D42/><U133/><E133/><V98/><F2/><W67/><G73/><T30/><D106/><U105/><E126/><N who="0" m="48137" /><D99/><U44/><E68/><V17/><F117/><W15/><G123/><T121/><D121/><U91/><E64/><V18/><F107/><W66/><G70/><T94/><D94/><U72/><E72/><V43/><REACH who="2" step="1"/><F104/><REACH who="2" ten="250,250,240,250" step="2"/><W75/><G116/><T1/><D1/><U11/><E11/><V0/><F0/><W92/><G128/><T35/><D8/><U5/><REACH who="1" step="1"/><E85/><REACH who="1" ten="250,240,240,250" step="2"/><V114/><F114/><W54/><G129/><T89/><D6/><U31/><E31/><V14/><F14/><W13/><G15/><T132/><D30/><U79/><E79/><V71/><F71/><W32/><G13/><T100/><D132/><U57/><E57/><V45/><F45/><W103/><G75/><T87/><D78/><U56/><E56/><V16/><F16/><W122/><G122/><T90/><D29/><U124/><E124/><V40/><F40/><W131/><G41/><T119/><D119/><U22/><E22/><V48/><F48/><W4/><G20/><T39/><D50/><U134/><E134/><V55/><AGARI ba="0,2" hai="17,18,43,47,49,55,59,61,76,81,84,88,93,98" machi="55" ten="20,8000,1" yaku="1,1,0,1,7,1,8,1,54,1,53,0" doraHai="115" doraHaiUra="21" who="2" fromWho="2" sc="250,-40,240,-20,240,100,250,-20" /><INIT seed="1,0,0,1,2,78" ten="210,220,340,230" oya="1" hai0="135,7,55,72,3,34,44,45,20,122,117,129,63" hai1="13,24,80,91,19,17,21,115,94,126,9,77,14" hai2="66,60,61,114,58,22,79,23,101,92,103,132,27" hai3="102,106,125,83,116,56,104,2,33,75,51,73,82"/><U29/><E115/><V127/><F132/><W28/><G2/><T128/><D34/><U87/><E126/><V121/><F121/><W8/><G8/><N who="0" m="2175" /><D117/><U57/><E57/><V85/><F127/><W96/><G125/><T41/><D72/><U32/><REACH who="1" step="1"/><E77/><REACH who="1" ten="210,210,340,230" step="2"/><V81/><F114/><W35/><G56/><T130/><D130/><U36/><E36/><V26/><F58/><W40/><G116/><T98/><D128/><U99/><E99/><V39/><F39/><W37/><G37/><T123/><D98/><U4/><E4/><V64/><F79/><W49/><G96/><T1/><D129/><U112/><E112/><V90/><F61/><W18/><G51/><T11/><D63/><U70/><E70/><V16/><F60/><W86/><G49/><T25/><D122/><U30/><E30/><V0/><F64/><W50/><G50/><T15/><D123/><U95/><AGARI ba="0,1" hai="9,13,14,17,19,21,24,29,32,80,87,91,94,95" machi="95" ten="30,6000,0" yaku="1,1,0,1,52,1,53,0" doraHai="78" doraHaiUra="93" who="1" fromWho="1" sc="210,-20,210,70,340,-20,230,-20" /><INIT seed="1,1,0,5,2,66" ten="190,280,320,210" oya="1" hai0="45,134,84,133,56,92,26,14,126,89,13,132,10" hai1="36,101,67,74,39,2,77,37,59,22,88,112,99" hai2="1,15,97,55,81,9,98,108,4,78,12,65,110" hai3="30,123,114,8,129,33,11,64,102,104,7,63,43"/><U19/><E112/><V40/><F40/><W60/><G11/><T122/><D126/><U124/><E2/><V73/><F55/><W125/><G43/><T70/><D122/><U115/><E115/><V107/><F65/><W52/><G114/><T80/><D70/><U61/><E124/><V96/><REACH who="2" step="1"/><F107/><REACH who="2" ten="190,280,310,210" step="2"/><W47/><G52/><T31/><D132/><U118/><E118/><V103/><F103/><W100/><G64/><T95/><D133/><U35/><E101/><V49/><F49/><W27/><G100/><T29/><D134/><U105/><E105/><V69/><F69/><W113/><G102/><T83/><D29/><U5/><E67/><V3/><F3/><W120/><G30/><T0/><D31/><U54/><E54/><V62/><F62/><W57/><G63/><T87/><D0/><U121/><E61/><V32/><F32/><W71/><G60/><T72/><D45/><U21/><E35/><V90/><F90/><W53/><G53/><T17/><D89/><U18/><E59/><V51/><F51/><W131/><G57/><T109/><D56/><U86/><E37/><V68/><F68/><W44/><G47/><T24/><D109/><AGARI ba="1,1" hai="1,4,9,12,15,73,78,81,96,97,98,108,109,110" machi="109" ten="40,2600,0" yaku="1,1,14,1,53,0" doraHai="66" doraHaiUra="23" who="2" fromWho="0" sc="190,-29,280,0,310,39,210,0" /><INIT seed="2,0,0,4,2,59" ten="161,280,349,210" oya="2" hai0="43,47,10,46,82,107,37,66,72,38,109,92,91" hai1="90,76,61,50,8,39,89,16,112,128,6,7,41" hai2="40,120,127,94,110,51,83,26,32,75,67,81,56" hai3="2,122,80,126,57,9,103,113,118,134,108,117,124"/><V86/><F120/><W130/><G122/><T4/><D107/><U78/><E112/><V88/><F127/><N who="3" m="48683" /><G113/><T96/><D109/><U17/><E39/><V85/><F110/><W70/><G70/><T125/><D125/><U18/><E128/><V14/><F75/><W73/><G108/><T19/><D19/><U123/><E123/><V65/><F14/><W135/><G57/><T102/><D66/><U97/><E61/><N who="2" m="38055" /><F32/><W106/><G9/><T55/><D55/><U29/><E29/><V45/><F67/><W101/><G2/><T20/><D20/><U22/><E22/><V27/><F83/><W30/><G30/><T133/><D133/><N who="3" m="50697" /><G130/><T48/><D46/><N who="1" m="25935" /><E97/><V58/><F58/><W42/><G42/><T44/><D44/><U60/><E60/><V33/><F33/><W49/><G49/><T24/><D37/><U69/><E69/><V77/><AGARI ba="0,0" hai="26,27,40,45,51,77,81,85,86,88,94" m="38055" machi="77" ten="30,6000,0" yaku="8,1,52,1,54,1" doraHai="59" who="2" fromWho="2" sc="161,-20,280,-20,349,60,210,-20" /><INIT seed="2,1,0,5,5,86" ten="141,260,409,190" oya="2" hai0="74,122,123,23,48,112,133,79,50,29,4,135,98" hai1="5,106,76,125,8,34,87,41,68,28,93,88,7" hai2="19,85,95,27,119,57,117,65,114,67,66,70,11" hai3="73,16,54,130,97,84,131,90,59,52,127,35,32"/><V56/><F114/><W61/><G73/><T58/><D112/><U102/><E68/><V46/><F70/><W60/><G127/><T91/><D4/><U96/><E125/><V21/><F119/><W44/><G97/><T30/><D74/><U105/><E41/><V6/><F117/><W80/><G16/><T26/><D79/><U49/><E106/><V81/><F95/><W42/><G54/><N who="0" m="32071" /><D29/><U78/><E49/><V126/><F46/><W36/><REACH who="3" step="1"/><G61/><REACH who="3" ten="141,260,409,180" step="2"/><T24/><D98/><U94/><E5/><V118/><F126/><W45/><G45/><T82/><D122/><U115/><E115/><V55/><F118/><W40/><G40/><T39/><D123/><U120/><E120/><V64/><F55/><W37/><G37/><T110/><D39/><U25/><REACH who="1" step="1"/><E105/><REACH who="1" ten="141,250,409,180" step="2"/><V108/><F6/><W104/><G104/><T43/><D43/><U132/><E132/><V111/><F111/><W17/><G17/><T77/><D110/><U129/><E129/><AGARI ba="1,2" hai="32,35,36,42,44,52,59,60,80,84,90,129,130,131" machi="129" ten="40,8000,1" yaku="1,1,19,1,52,1,54,1,53,1" doraHai="86" doraHaiUra="83" who="3" fromWho="1" sc="141,0,250,-83,409,0,180,103" /><INIT seed="3,0,0,3,2,126" ten="141,167,409,283" oya="3" hai0="107,30,130,133,19,112,108,17,115,72,49,32,15" hai1="18,128,111,134,95,42,69,2,102,93,56,37,0" hai2="105,41,59,5,92,51,60,14,65,31,79,24,58" hai3="76,80,100,39,7,57,4,87,132,21,82,120,35"/><W23/><G35/><T123/><D72/><U44/><E69/><V70/><F105/><W110/><G39/><T99/><D49/><U8/><E111/><V38/><F38/><W63/><G120/><T9/><D99/><U103/><E134/><V3/><F3/><W64/><G132/><T83/><D83/><U34/><E34/><V73/><F79/><W40/><G40/><T20/><D107/><U43/><E43/><V85/><F73/><W25/><G110/><T124/><D108/><U50/><E95/><V1/><F1/><W13/><G100/><T109/><D109/><U22/><E93/><V16/><F5/><W47/><G47/><T106/><D106/><U77/><E77/><V104/><F104/><W88/><G13/><T10/><D133/><U90/><E0/><V55/><F41/><W53/><G64/><T131/><D123/><U122/><E90/><N who="2" m="53327" /><F70/><W54/><G54/><T6/><D124/><U45/><E56/><V48/><F48/><W118/><G23/><N who="0" m="11711" /><D30/><U119/><E119/><V52/><F52/><W97/><G118/><T61/><D32/><U33/><E33/><V101/><F101/><N who="1" m="38409" /><E122/><V11/><F24/><W121/><G121/><T114/><D61/><U117/><E117/><V129/><F65/><W26/><G26/><N who="0" m="14623" /><D6/><N who="1" m="1111" /><E44/><V36/><F36/><W66/><G57/><T86/><D86/><U78/><E78/><V27/><F27/><W67/><G76/><T98/><D98/><U135/><E135/><V71/><F58/><W68/><G97/><T91/><D91/><U116/><E116/><V62/><F59/><W125/><G68/><RYUUKYOKU ba="0,0" sc="141,30,167,-10,409,-10,283,-10" hai0="9,10,112,114,115,130,131" owari="171,-22.9,157,-34.3,399,49.9,273,7.3" /></mjloggm>