<mjloggm ver="2.3"><GO type="225" lobby="0"/><UN n0="%E3%82%8C%E3%81%99%E3%81%93" n1="%E4%B8%89%E5%88%86%E5%B0%8F%E5%83%A7" n2="%E3%83%9D%E3%82%B1%E3%83%83%E3%83%88" n3="%E7%B4%94%E6%BD%94%E3%83%94%E3%83%A9%E3%83%8B%E3%82%A2" dan="17,16,16,17" rate="2179.85,2100.25,2095.55,2242.59" sx="F,M,M,M"/><TAIKYOKU oya="0"/><INIT seed="0,0,0,2,4,126" ten="250,250,250,250" oya="0" hai0="3,65,91,100,35,134,15,9,77,54,31,17,123" hai1="132,64,24,76,115,39,67,80,120,122,85,2,34" hai2="69,29,114,111,107,82,130,125,84,16,72,74,21" hai3="90,86,20,36,87,92,12,121,113,49,116,40,47"/><T94/><D123/><U50/><E39/><V97/><F114/><W102/><G113/><T42/><D134/><U0/><E115/><V70/><F125/><W55/><G121/><T25/><D42/><U131/><E132/><V89/><F29/><W61/><G116/><T129/><D65/><U127/><E127/><V99/><F111/><W52/><G36/><T110/><D110/><U135/><E135/><V8/><F8/><W41/><G102/><T11/><D77/><U62/><E122/><V83/><F130/><W4/><G86/><T117/><D117/><U56/><E120/><V51/><F51/><W79/><G79/><T7/><D100/><U103/><E67/><V27/><F107/><W118/><G118/><T22/><D54/><U48/><E131/><V44/><F44/><W43/><G55/><T93/><D129/><U23/><E34/><V106/><F82/><W104/><G104/><T45/><D45/><U30/><E50/><V5/><F5/><W59/><G4/><T28/><D28/><U78/><E78/><V63/><F63/><W133/><G133/><T96/><REACH who="0" step="1"/><D94/><REACH who="0" ten="240,250,250,250" step="2"/><U53/><REACH who="1" step="1"/><E103/><REACH who="1" ten="240,240,250,250" step="2"/><V98/><REACH who="2" step="1"/><F106/><REACH who="2" ten="240,240,240,250" step="2"/><W124/><REACH who="3" step="1"/><G124/><REACH who="3" ten="240,240,240,240" step="2"/><RYUUKYOKU type="reach4" ba="0,4" sc="240,0,240,0,240,0,240,0" hai0="3,7,9,11,15,17,22,25,31,35,91,93,96" hai1="0,2,23,24,30,48,53,56,62,64,76,80,85" hai2="16,21,27,69,70,72,74,83,84,89,97,98,99" hai3="12,20,40,41,43,47,49,52,59,61,87,90,92" /><INIT seed="0,1,4,2,5,71" ten="240,240,240,240" oya="0" hai0="35,24,98,82,67,38,104,95,14,7,116,18,112" hai1="124,37,36,103,92,77,105,6,39,42,58,31,86" hai2="91,3,118,43,100,110,47,12,93,133,106,125,5" hai3="69,9,119,94,121,72,81,96,73,33,1,0,10"/><T20/><D112/><U65/><E105/><V4/><F3/><W2/><G69/><T107/><D116/><U79/><E42/><V108/><F118/><W113/><G119/><T117/><D117/><U29/><E6/><V21/><F133/><W16/><G113/><T60/><D38/><U56/><E124/><V44/><F125/><W54/><G33/><T11/><D82/><U25/><E29/><V84/><F21/><W23/><G54/><T111/><D35/><U52/><E65/><V63/><F63/><W87/><G121/><T34/><D34/><U17/><E17/><V41/><F100/><W30/><G30/><T13/><D13/><U8/><E8/><N who="2" m="4103" /><F106/><W83/><G9/><T40/><D40/><N who="2" m="15434" /><F5/><W45/><G10/><T80/><D80/><U32/><E58/><V66/><F66/><W50/><G83/><T46/><D46/><U48/><REACH who="1" step="1"/><E103/><REACH who="1" ten="240,230,240,240" step="2"/><V68/><F68/><W75/><G45/><T70/><D111/><U74/><E74/><V135/><F135/><W120/><G120/><T131/><D131/><U127/><E127/><V132/><F132/><W101/><G73/><T130/><D130/><U64/><E64/><V76/><F76/><W97/><G75/><T85/><D85/><U61/><E61/><V99/><F84/><W128/><G72/><T59/><D70/><U19/><E19/><V102/><F102/><AGARI ba="1,5" hai="7,11,14,18,20,24,59,60,67,95,98,102,104,107" machi="102" ten="30,1500,0" yaku="7,1" doraHai="71" who="0" fromWho="2" sc="240,68,230,0,240,-18,240,0" /><INIT seed="0,2,0,1,0,112" ten="308,230,222,240" oya="0" hai0="117,34,114,116,39,60,115,36,38,18,9,8,130" hai1="77,81,109,68,103,5,76,75,84,44,27,23,6" hai2="73,82,63,105,41,32,98,46,1,72,62,101,10" hai3="65,79,42,25,108,128,87,59,33,67,120,93,90"/><T99/><D34/><U49/><E68/><V29/><F29/><W71/><G71/><T92/><D60/><U104/><E109/><V35/><F62/><W40/><G108/><T54/><D54/><U57/><E57/><V134/><F63/><W52/><G128/><T123/><D123/><U26/><E26/><V24/><F134/><W83/><G120/><T69/><D69/><U12/><E12/><V50/><F24/><W11/><G11/><T74/><D74/><U135/><E135/><V107/><F107/><W64/><G25/><T3/><D130/><U126/><E126/><V2/><F72/><W91/><G33/><T80/><D80/><U113/><E113/><V20/><F20/><W30/><G30/><T95/><D38/><U86/><E75/><V96/><F96/><N who="3" m="57399" /><G79/><T118/><D118/><U61/><E61/><AGARI ba="2,0" hai="40,42,52,59,61,64,65,67,83,87,91" m="57399" machi="61" ten="30,2000,0" yaku="8,1,54,1" doraHai="112" who="3" fromWho="1" sc="308,0,230,-26,222,0,240,26" /><INIT seed="1,0,0,5,0,13" ten="308,204,222,266" oya="1" hai0="50,32,82,76,73,84,130,90,96,20,24,107,93" hai1="12,75,60,36,30,86,116,55,28,6,51,92,69" hai2="59,70,18,40,120,3,46,57,47,100,14,49,4" hai3="80,26,98,66,87,53,121,48,7,54,2,122,37"/><U110/><E75/><V95/><F70/><W106/><G37/><T109/><D109/><U74/><E74/><V0/><F120/><W108/><G66/><T8/><D130/><U88/><E36/><V64/><F4/><W135/><G108/><T68/><D68/><U83/><E116/><V17/><F0/><W25/><G135/><T52/><D32/><U23/><E110/><V133/><F3/><W22/><G26/><T129/><D8/><N who="1" m="4119" /><E69/><V128/><F128/><W44/><G53/><T134/><D129/><U112/><E112/><V34/><F34/><W132/><G132/><T89/><D134/><U10/><E10/><V56/><F133/><W58/><G58/><N who="2" m="22633" /><F47/><W126/><G7/><T29/><D107/><U61/><E83/><V115/><F14/><W117/><G2/><T94/><D50/><U102/><E102/><V85/><F115/><W81/><G81/><T63/><REACH who="0" step="1"/><D52/><REACH who="0" ten="298,204,222,266" step="2"/><U41/><E41/><V105/><F105/><W114/><G106/><T35/><D35/><U15/><E51/><V45/><F45/><W131/><G44/><T124/><D124/><U27/><E55/><V104/><F104/><W67/><G126/><T19/><D19/><N who="1" m="10751" /><E27/><V1/><F40/><W65/><G25/><T11/><D11/><U125/><E125/><V101/><F49/><W31/><G48/><T72/><D72/><U99/><E99/><V33/><F33/><W71/><G71/><T91/><D91/><U113/><E113/><V21/><F46/><W111/><G114/><T119/><D119/><U62/><AGARI ba="0,1" hai="28,30,60,61,62,86,88,92" m="10751,4119" machi="62" ten="30,6000,0" yaku="8,1,52,1,54,1" doraHai="13" who="1" fromWho="1" sc="298,-20,204,70,222,-20,266,-20" /><INIT seed="1,1,0,1,2,60" ten="278,274,202,246" oya="1" hai0="24,16,15,21,63,52,26,123,76,116,66,75,121" hai1="51,58,93,135,89,59,131,64,133,132,106,4,112" hai2="85,80,79,86,27,97,74,69,23,40,115,20,8" hai3="35,43,47,17,1,91,104,57,6,54,46,48,100"/><U98/><E112/><V13/><F115/><W14/><G35/><T38/><D38/><U39/><E39/><V18/><F69/><W77/><G77/><T65/><D116/><U87/><E131/><V78/><F40/><W71/><G71/><T56/><D76/><U2/><E51/><V3/><F3/><W101/><G104/><T33/><D75/><U32/><E32/><V70/><F70/><W55/><G6/><T11/><D33/><U10/><REACH who="1" step="1"/><E64/><REACH who="1" ten="278,264,202,246" step="2"/><N who="0" m="24681" /><D21/><U134/><N who="1" m="33792" /><DORA hai="72" /><U105/><E105/><V41/><F23/><W109/><G48/><T19/><D19/><U103/><AGARI ba="1,1" hai="2,4,10,58,59,87,89,93,98,103,106" m="33792" machi="103" ten="60,11700,0" yaku="1,1,0,1,20,1,53,0" doraHai="60,72" doraHaiUra="30,28" who="1" fromWho="1" sc="278,-40,264,130,202,-40,246,-40" /><INIT seed="1,2,0,1,2,51" ten="238,394,162,206" oya="1" hai0="93,10,22,57,111,124,104,67,26,95,127,64,83" hai1="16,35,66,49,48,133,11,78,86,30,97,98,122" hai2="120,99,59,61,113,85,73,92,102,80,103,7,129" hai3="125,116,46,60,84,91,100,69,75,41,47,20,81"/><U121/><BYE who="3" /><E133/><V45/><F120/><W119/><G119/><T44/><D104/><UN n3="%E7%B4%94%E6%BD%94%E3%83%94%E3%83%A9%E3%83%8B%E3%82%A2" /><U23/><E66/><V52/><F129/><W3/><G3/><T134/><D111/><U70/><E70/><V37/><F73/><W72/><G125/><N who="0" m="48203" /><D134/><U50/><E11/><V62/><F113/><W12/><G47/><T114/><D114/><U88/><E78/><N who="2" m="46231" /><F37/><W118/><G100/><N who="2" m="38441" /><F45/><W107/><G107/><T90/><D44/><U38/><E38/><V28/><F28/><W2/><G2/><T101/><D101/><U32/><E32/><V132/><F132/><W17/><G116/><T123/><D123/><U25/><E121/><V77/><F77/><W18/><G118/><T29/><D83/><U128/><E128/><V76/><F76/><W87/><G87/><N who="0" m="52447" /><D95/><U89/><E122/><V54/><F7/><W39/><G17/><T109/><D109/><U34/><E34/><V31/><F31/><W108/><G108/><T112/><D112/><U56/><E89/><N who="2" m="55695" /><F62/><W21/><G75/><T1/><D1/><U27/><REACH who="1" step="1"/><E56/><REACH who="1" ten="238,384,162,206" step="2"/><V82/><F82/><AGARI ba="2,1" hai="16,23,25,27,30,35,48,49,50,82,86,88,97,98" machi="82" ten="40,12000,1" yaku="1,1,2,1,54,2,53,0" doraHai="51" doraHaiUra="105" who="1" fromWho="2" sc="238,0,384,136,162,-126,206,0" /><INIT seed="1,3,0,4,1,67" ten="238,520,36,206" oya="1" hai0="120,101,104,132,37,93,33,126,15,41,12,91,83" hai1="73,23,127,22,8,4,66,31,71,84,106,112,54" hai2="115,57,125,90,36,124,94,18,3,80,75,6,40" hai3="113,52,47,108,78,28,79,118,56,100,70,20,64"/><U116/><E73/><V30/><F30/><W17/><G113/><T133/><D33/><U62/><E116/><V39/><F115/><W43/><G118/><T1/><D1/><U95/><E106/><V111/><F111/><W45/><G28/><T46/><D126/><N who="2" m="48746" /><F57/><W134/><G100/><T121/><D83/><U55/><E112/><V69/><F18/><W7/><G7/><T42/><D101/><U61/><E127/><V2/><F40/><W50/><G47/><T53/><D104/><U21/><E31/><V76/><F69/><W123/><G134/><N who="0" m="51819" /><D53/><U89/><REACH who="1" step="1"/><E62/><REACH who="1" ten="238,510,36,206" step="2"/><V122/><F122/><W14/><G123/><T59/><D121/><U25/><E25/><V110/><F110/><W19/><G108/><T13/><D120/><U135/><E135/><V16/><F16/><W105/><G17/><T102/><D37/><N who="2" m="14410" /><F6/><W72/><G19/><T35/><D35/><U65/><E65/><V26/><F26/><W97/><G64/><T131/><D131/><U92/><E92/><V5/><F5/><W98/><G105/><T88/><D93/><U114/><E114/><V60/><F60/><W117/><G117/><T48/><D48/><U24/><E24/><V96/><AGARI ba="3,1" hai="2,3,75,76,80,90,94,96" m="14410,48746" machi="96" ten="30,1100,0" yaku="18,1" doraHai="67" who="2" fromWho="2" sc="238,-6,510,-8,36,30,206,-6" /><INIT seed="2,0,0,5,0,100" ten="232,502,66,200" oya="2" hai0="11,119,108,41,109,81,106,66,45,20,65,12,84" hai1="35,42,116,120,73,95,23,99,61,133,9,105,132" hai2="52,79,31,128,30,21,74,47,50,125,115,26,89" hai3="93,10,69,0,25,87,63,7,80,103,28,131,112"/><V107/><F115/><W51/><G131/><T77/><D20/><U15/><E35/><V49/><F128/><W126/><G126/><T118/><D106/><U114/><E114/><V36/><F125/><W27/><G112/><T98/><D98/><U82/><E105/><V130/><F130/><W97/><G69/><T22/><D22/><U29/><E116/><N who="0" m="44585" /><D66/><U58/><E42/><V117/><F117/><W86/><G63/><T44/><D65/><U110/><E110/><N who="0" m="42601" /><D41/><U2/><E2/><V90/><F36/><W88/><G28/><T127/><D127/><U13/><E29/><V3/><F3/><W64/><G64/><T18/><AGARI ba="0,0" hai="11,12,18,44,45,77,81,84" m="42601,44585" machi="18" ten="30,2000,0" yaku="12,1,14,1" doraHai="100" who="0" fromWho="0" sc="232,20,502,-5,66,-10,200,-5" /><INIT seed="3,0,0,2,0,96" ten="252,497,56,195" oya="3" hai0="103,82,73,22,132,121,20,128,46,19,91,58,24" hai1="120,109,92,107,38,116,4,75,34,27,112,115,64" hai2="70,130,8,35,98,83,118,131,11,94,13,18,3" hai3="44,117,111,108,68,50,133,89,17,55,15,28,85"/><W69/><G28/><T87/><D121/><U57/><E92/><V7/><F70/><W5/><G5/><T81/><D132/><U16/><E16/><V71/><F71/><W72/><G72/><T43/><D128/><U67/><E57/><V36/><F36/><W14/><G14/><T12/><D58/><U74/><E27/><V79/><F118/><W48/><G48/><N who="0" m="26719" /><D73/><U119/><E4/><V78/><F83/><N who="3" m="49343" /><G117/><T114/><D114/><U95/><E95/><V52/><F35/><W93/><G93/><N who="0" m="54527" /><D103/><U99/><E99/><V125/><F125/><W97/><G97/><T2/><D2/><U63/><E63/><V59/><F131/><W23/><G133/><T42/><D42/><U124/><E34/><V88/><REACH who="2" step="1"/><F130/><REACH who="2" ten="252,497,46,195" step="2"/><W104/><G69/><T105/><D105/><U86/><E86/><V31/><F31/><AGARI ba="0,1" hai="12,19,20,22,24,31,81,82" m="54527,26719" machi="31" ten="30,1000,0" yaku="8,1" doraHai="96" who="0" fromWho="2" sc="252,20,497,0,46,-10,195,0" owari="272,7.2,497,59.7,36,-46.4,195,-20.5" /></mjloggm>