<mjloggm ver="2.3"><GO type="225" lobby="0"/><UN n0="%E6%A0%B9%E5%85%83%E3%81%8B%E3%82%89%E5%90%B9%E3%81%A3%E9%A3%9B%E3%81%B6" n1="%E3%81%B5%E3%81%98%E3%81%8B%E3%81%A4" n2="%E3%81%AF%E3%82%88%E3%81%8A%E3%81%98%E3%81%95%E3%82%93" n3="%72%69%6F%75%63%68%61%6E" dan="17,16,17,16" rate="2169.14,2119.92,2229.54,2166.92" sx="F,M,M,M"/><TAIKYOKU oya="0"/><INIT seed="0,0,0,5,5,90" ten="250,250,250,250" oya="0" hai0="6,41,32,12,40,26,5,2,102,11,91,127,70" hai1="82,95,105,33,131,110,115,58,0,120,54,99,21" hai2="111,34,35,107,75,78,77,133,53,49,72,16,83" hai3="88,64,63,80,98,69,18,48,19,60,23,31,68"/><T30/><D70/><U122/><E120/><V14/><F111/><W134/><G134/><T93/><D102/><U22/><E33/><V25/><F133/><W50/><G31/><T84/><D6/><U61/><E0/><V100/><F25/><W8/><G8/><T66/><D66/><U36/><E122/><V101/><F77/><W74/><G74/><T97/><D127/><U29/><E110/><V130/><F75/><W126/><G126/><T106/><D106/><U9/><E9/><V124/><F130/><W37/><G37/><T38/><D38/><U81/><E36/><V3/><F3/><W87/><G98/><T132/><D132/><U51/><E105/><V71/><F71/><W65/><REACH who="3" step="1"/><G18/><REACH who="3" ten="250,250,250,240" step="2"/><T86/><D97/><U125/><E125/><V67/><F124/><W4/><G4/><T89/><REACH who="0" step="1"/><D2/><REACH who="0" ten="240,250,250,240" step="2"/><U17/><E131/><V94/><F107/><W57/><G57/><T56/><D56/><U46/><E115/><V27/><F101/><W10/><G10/><T85/><D85/><U20/><E29/><V103/><F100/><W96/><G96/><T112/><D112/><U79/><E17/><V39/><F16/><W114/><G114/><T42/><D42/><N who="1" m="25047" /><E79/><N who="2" m="44519" /><F39/><W135/><G135/><T92/><AGARI ba="0,2" hai="5,11,12,26,30,32,40,41,84,86,89,91,92,93" machi="92" ten="20,18000,2" yaku="1,1,0,1,7,1,9,1,52,2,53,1" doraHai="90" doraHaiUra="7" who="0" fromWho="0" sc="240,200,250,-60,250,-60,240,-60" /><INIT seed="0,1,0,2,5,58" ten="440,190,190,180" oya="0" hai0="74,86,99,35,129,77,113,118,57,107,30,133,72" hai1="3,87,64,91,103,135,23,100,71,2,19,127,115" hai2="70,111,36,28,45,50,122,93,22,27,60,0,4" hai3="120,32,121,75,117,132,84,126,7,89,101,38,82"/><T9/><D113/><U56/><E127/><V44/><F122/><N who="3" m="47211" /><G38/><T47/><D118/><U114/><E71/><V112/><F112/><N who="1" m="43049" /><E135/><V37/><F111/><W63/><G117/><T18/><D129/><U46/><E46/><V26/><F45/><W59/><G32/><T39/><D133/><U119/><E119/><V24/><F24/><W54/><G132/><T131/><D131/><U1/><E64/><V96/><F26/><W43/><G126/><T21/><D57/><U20/><E56/><V62/><F70/><W14/><G75/><T92/><D35/><U95/><E23/><V33/><F33/><W11/><G101/><T80/><D47/><U53/><E53/><V49/><F36/><W76/><G76/><T88/><D39/><U85/><E87/><V5/><F37/><W104/><G104/><T42/><D42/><AGARI ba="1,0" hai="7,11,14,42,43,54,59,63,82,84,89" m="47211" machi="42" ten="30,2000,0" yaku="13,1,52,1" doraHai="58" who="3" fromWho="0" sc="440,-23,190,0,190,0,180,23" /><INIT seed="1,0,0,5,1,127" ten="417,190,190,203" oya="1" hai0="9,130,77,30,45,85,67,7,24,3,99,35,39" hai1="18,95,49,116,75,91,71,10,119,86,56,36,76" hai2="42,96,133,94,47,16,93,121,15,38,73,52,129" hai3="120,125,114,112,81,5,100,70,43,74,17,63,101"/><U55/><E71/><V1/><F121/><W108/><G120/><T90/><D67/><U111/><E36/><V131/><F1/><W92/><G125/><T68/><D68/><U61/><E111/><V109/><F73/><W66/><G108/><T23/><D77/><U6/><E18/><V46/><F109/><W103/><G5/><T88/><D99/><U33/><E33/><V65/><F133/><W54/><G43/><T69/><D69/><U22/><E22/><V123/><F123/><W135/><G135/><T21/><D90/><U105/><E105/><V29/><F65/><W11/><G54/><T12/><D3/><U83/><REACH who="1" step="1"/><E61/><REACH who="1" ten="417,180,190,203" step="2"/><V26/><F29/><W51/><G17/><T8/><D35/><U117/><E117/><V25/><F26/><W44/><G114/><T41/><D23/><U72/><E72/><V87/><F25/><W27/><G112/><T110/><D110/><U84/><E84/><V31/><F31/><W115/><G27/><T19/><D30/><U134/><E134/><V57/><F87/><W0/><G115/><T37/><D39/><U40/><E40/><V122/><F122/><W97/><G74/><T78/><D41/><U102/><E102/><V62/><F96/><W58/><G70/><T34/><D37/><U20/><E20/><N who="2" m="11295" /><F47/><W50/><G44/><T80/><D45/><U64/><E64/><V59/><F57/><W28/><G28/><T128/><D34/><U13/><AGARI ba="0,1" hai="6,10,13,49,55,56,75,76,83,86,91,95,116,119" machi="13" ten="20,7800,0" yaku="1,1,0,1,7,1,53,1" doraHai="127" doraHaiUra="82" who="1" fromWho="1" sc="417,-26,180,88,190,-26,203,-26" /><INIT seed="1,1,0,4,2,105" ten="391,268,164,177" oya="1" hai0="56,64,2,130,86,87,47,83,126,6,111,68,112" hai1="90,43,62,34,23,118,76,27,9,36,84,40,41" hai2="71,3,107,85,32,98,116,123,51,8,19,109,135" hai3="1,38,50,31,61,89,15,81,127,99,100,79,95"/><U45/><E118/><V10/><F109/><W129/><G1/><T108/><D112/><U113/><E113/><V78/><F123/><W14/><G38/><T94/><D126/><U53/><E34/><V48/><F32/><W103/><G127/><T4/><D130/><U132/><E132/><V70/><F116/><W52/><G129/><T44/><D68/><U72/><E9/><V96/><F135/><W74/><G31/><T88/><D64/><U37/><E37/><V97/><F107/><W21/><G61/><T119/><D56/><U11/><E11/><V28/><F28/><W110/><G110/><N who="0" m="42027" /><D119/><U117/><E117/><V20/><F71/><W39/><G39/><T106/><D106/><U17/><E62/><V69/><F70/><W67/><G67/><T102/><D2/><U18/><E53/><V22/><F69/><W73/><G73/><T101/><D102/><U57/><E57/><V46/><F48/><W125/><G125/><T30/><D30/><N who="1" m="17791" /><E72/><V42/><F3/><W29/><G14/><T35/><D35/><U65/><E76/><V134/><F134/><W13/><G15/><T128/><D128/><U114/><E114/><V26/><F20/><W55/><G55/><T58/><D58/><U124/><E124/><V133/><F133/><W77/><G77/><N who="0" m="46447" /><D101/><U60/><E45/><AGARI ba="1,0" hai="4,6,44,45,47,87,88,94" m="46447,42027" machi="45" ten="30,2000,0" yaku="14,1,54,1" doraHai="105" who="0" fromWho="1" sc="391,23,268,-23,164,0,177,0" /><INIT seed="2,0,0,1,5,107" ten="414,245,164,177" oya="2" hai0="69,90,122,59,124,23,47,16,44,89,21,91,2" hai1="41,54,36,99,65,88,40,22,120,66,105,93,7" hai2="20,79,67,132,84,25,51,1,115,102,15,34,108" hai3="114,80,96,68,92,70,123,126,112,28,87,24,121"/><V46/><F115/><N who="3" m="44075" /><G126/><T119/><D122/><N who="3" m="46601" /><G87/><T94/><D69/><N who="3" m="26729" /><G80/><T82/><D2/><U0/><E120/><V109/><F1/><W131/><G131/><T39/><D82/><U135/><E0/><V27/><F132/><W30/><G24/><T60/><D94/><U104/><E7/><V3/><F3/><W32/><G32/><T42/><D124/><U12/><E135/><V49/><F67/><W48/><G48/><T26/><D23/><U17/><E105/><V52/><F102/><AGARI ba="0,0" hai="28,30,92,96,102" m="26729,46601,44075" machi="102" ten="40,1300,0" yaku="11,1" doraHai="107" who="3" fromWho="2" sc="414,0,245,0,164,-13,177,13" /><INIT seed="3,0,0,2,1,48" ten="414,245,151,190" oya="3" hai0="130,133,50,69,49,91,73,35,65,122,78,33,36" hai1="89,94,123,101,76,128,24,135,10,2,26,6,47" hai2="87,42,105,66,16,37,3,113,60,129,55,30,56" hai3="9,1,64,71,117,116,96,108,59,20,95,120,38"/><W114/><G114/><T93/><D36/><U29/><E123/><V112/><F105/><W25/><G120/><T68/><D78/><U17/><E135/><V61/><F3/><W34/><G71/><T19/><D73/><U98/><E128/><V110/><F30/><W75/><G75/><T70/><D65/><U44/><E76/><V97/><F97/><W5/><G38/><T104/><D104/><U54/><E54/><V45/><F129/><W83/><G34/><T86/><D133/><U118/><E118/><V90/><F110/><W109/><G83/><T4/><D4/><U27/><E17/><V11/><F11/><W100/><G117/><T77/><D77/><U124/><E124/><V21/><F87/><W134/><G116/><T99/><D19/><U107/><E29/><V8/><F90/><W23/><G134/><T85/><D130/><U127/><E127/><V41/><F41/><W31/><G20/><T106/><D122/><U28/><E28/><V53/><F8/><W18/><G18/><T81/><D86/><U74/><E74/><V82/><F82/><W67/><G67/><T121/><D106/><U79/><E79/><V80/><F80/><W102/><G100/><T84/><D121/><U58/><E58/><V39/><F39/><W22/><G22/><T62/><D33/><U57/><E57/><N who="2" m="34863" /><F66/><W111/><G111/><T52/><D35/><U131/><REACH who="1" step="1"/><E131/><REACH who="1" ten="414,235,151,190" step="2"/><V92/><F92/><W32/><G32/><T43/><D93/><U51/><E51/><N who="0" m="19465" /><D69/><U7/><E7/><V14/><F113/><W119/><G119/><T72/><D70/><RYUUKYOKU ba="0,1" sc="414,-30,235,10,151,10,190,10" hai1="2,6,10,24,26,27,44,47,89,94,98,101,107" hai2="14,16,21,37,42,45,55,56,61,112" hai3="1,5,9,23,25,31,59,64,95,96,102,108,109" /><INIT seed="3,1,1,3,4,4" ten="384,245,161,200" oya="3" hai0="94,59,65,81,19,34,132,21,35,53,29,125,42" hai1="36,90,107,87,86,77,46,79,57,56,27,84,51" hai2="115,104,73,39,1,130,135,114,75,60,85,68,63" hai3="8,71,74,97,99,101,54,98,32,113,37,128,61"/><W123/><G113/><T25/><D125/><U111/><E111/><V49/><F1/><W91/><G123/><T45/><D65/><U18/><E107/><V58/><F104/><W89/><G32/><T72/><D132/><U129/><E129/><V55/><F85/><N who="1" m="32873" /><E36/><V116/><F75/><W103/><G128/><T96/><D29/><U131/><E18/><V62/><F73/><W121/><G37/><T50/><D81/><N who="1" m="49519" /><E27/><V52/><F130/><W93/><G74/><T118/><D118/><U30/><E30/><V12/><F12/><W13/><G121/><T47/><D47/><U83/><E83/><V117/><F39/><W31/><G31/><T40/><D40/><N who="1" m="25031" /><E131/><V15/><F15/><W20/><G20/><T108/><D108/><U106/><E106/><V122/><F122/><W48/><G61/><N who="2" m="23657" /><F135/><W9/><G71/><T64/><D72/><U10/><E77/><V24/><F24/><W92/><G99/><T69/><D64/><U7/><E79/><V126/><F126/><W66/><G66/><T17/><D69/><U80/><E80/><V33/><F33/><W22/><G22/><T88/><D19/><U109/><E109/><V16/><F16/><W26/><G26/><T43/><D43/><U76/><E76/><V119/><F68/><W23/><G23/><T70/><D70/><U110/><E110/><V2/><F2/><W0/><G0/><T5/><D5/><U67/><E67/><V44/><AGARI ba="1,1" hai="44,49,52,55,58,63,114,115,116,117,119" m="23657" machi="44" ten="40,5200,0" yaku="34,2,54,1" doraHai="4" who="2" fromWho="2" sc="384,-14,245,-14,161,65,200,-27" owari="370,47.0,231,3.1,226,-17.4,173,-32.7" /></mjloggm>