<mjloggm ver="2.3"><GO type="225" lobby="0"/><UN n0="%E3%82%B2%E3%82%B9%E8%8C%82%E5%8B%9D" n1="%E3%81%8B%E3%82%8F%E3%81%A1%E3%82%83%E3%82%93%35%38" n2="%6D%75%75%6D%75%72%61" n3="%E3%81%B2%E3%81%BE%E3%81%A4%E3%81%B6%E3%81%97" dan="16,17,17,16" rate="2048.34,2128.70,2161.83,2137.05" sx="F,M,F,M"/><TAIKYOKU oya="0"/><INIT seed="0,0,0,1,0,4" ten="250,250,250,250" oya="0" hai0="8,21,97,22,54,109,117,134,88,84,118,23,108" hai1="83,17,6,114,70,78,95,16,124,2,94,33,127" hai2="67,69,71,61,0,25,80,131,129,96,121,86,47" hai3="35,72,122,14,107,1,57,68,119,102,43,130,66"/><T120/><D120/><U39/><E39/><V34/><F121/><W31/><G57/><T50/><D134/><U73/><E33/><V44/><F71/><W77/><G14/><T115/><D97/><U30/><E30/><N who="2" m="19791" /><F96/><N who="3" m="61895" /><G122/><T19/><D115/><U12/><E70/><V20/><F20/><W53/><G53/><T32/><D32/><U75/><E114/><V42/><F0/><W27/><G43/><T26/><D117/><U92/><E75/><V110/><F42/><W7/><G119/><T28/><D118/><U87/><E73/><V106/><F106/><W99/><G99/><T116/><D116/><U105/><E105/><V113/><F113/><W133/><G133/><T24/><D21/><U125/><E2/><V49/><F49/><W91/><G91/><T89/><D8/><AGARI ba="0,0" hai="6,8,12,16,17,78,83,87,92,94,95,124,125,127" machi="8" ten="50,6400,0" yaku="18,1,52,1,54,1" doraHai="4" who="1" fromWho="0" sc="250,-64,250,64,250,0,250,0" /><INIT seed="1,0,0,4,1,119" ten="186,314,250,250" oya="1" hai0="98,20,4,100,19,132,45,126,80,44,7,134,96" hai1="24,90,122,87,124,95,10,1,41,61,70,18,131" hai2="102,21,49,43,15,123,92,13,116,83,39,11,94" hai3="5,22,35,56,37,32,77,120,52,63,23,53,88"/><U69/><E124/><V51/><F116/><W42/><G120/><T14/><D126/><U48/><E131/><V108/><F108/><W65/><G77/><T99/><D80/><U46/><E122/><V34/><F34/><W107/><G107/><T2/><D100/><U26/><E69/><V33/><F33/><W104/><G104/><T82/><D82/><U113/><E113/><V129/><F123/><W85/><G32/><T62/><D62/><U81/><E70/><V55/><F39/><W75/><G35/><T12/><D2/><U25/><E61/><V27/><F129/><W17/><G5/><T121/><D121/><U76/><E1/><V68/><F68/><W130/><G75/><T50/><D44/><U125/><E125/><V112/><F83/><N who="3" m="49215" /><G37/><T71/><D71/><U29/><E29/><V64/><F64/><W133/><G133/><N who="0" m="51307" /><D12/><U59/><E59/><V73/><F73/><W106/><G106/><T105/><D105/><U78/><E81/><V16/><F112/><W79/><G79/><T115/><D115/><U57/><E57/><N who="2" m="33007" /><F102/><W3/><G3/><T58/><D58/><U74/><REACH who="1" step="1"/><E74/><REACH who="1" ten="186,304,250,250" step="2"/><V31/><F13/><AGARI ba="0,1" hai="10,13,18,24,25,26,41,46,48,76,78,87,90,95" machi="13" ten="40,12000,1" yaku="1,1,2,1,8,1,53,1" doraHai="119" doraHaiUra="9" who="1" fromWho="2" sc="186,0,304,130,250,-120,250,0" /><INIT seed="1,1,0,4,1,38" ten="186,434,130,250" oya="1" hai0="107,133,17,49,72,10,0,66,77,71,111,45,52" hai1="126,33,78,92,46,34,26,9,51,54,82,88,15" hai2="129,62,130,127,113,79,117,60,109,131,21,41,134" hai3="44,89,63,68,115,39,114,19,11,93,37,74,81"/><U65/><E65/><V29/><F117/><W96/><G74/><T2/><D111/><U35/><E126/><V110/><F79/><W56/><G68/><T128/><D107/><U28/><E78/><V94/><F127/><W64/><G81/><T112/><D112/><U57/><E82/><V25/><F113/><W3/><G39/><T61/><D128/><U22/><E46/><V76/><F134/><W50/><G37/><T104/><D104/><U124/><E124/><V67/><F76/><W135/><G135/><T95/><D133/><U125/><E125/><V80/><F80/><W27/><G3/><T91/><D77/><U122/><E122/><V13/><F94/><W119/><G119/><T31/><D31/><U36/><E36/><V97/><F97/><W90/><G90/><T105/><D105/><U48/><E48/><V132/><F132/><W14/><REACH who="3" step="1"/><G27/><REACH who="3" ten="186,434,130,240" step="2"/><T4/><D72/><U98/><REACH who="1" step="1"/><E34/><REACH who="1" ten="186,424,130,240" step="2"/><V73/><F109/><W55/><AGARI ba="1,2" hai="11,14,19,44,50,55,56,63,64,89,93,96,114,115" machi="55" ten="20,8000,1" yaku="1,1,2,1,0,1,7,1,53,1" doraHai="38" doraHaiUra="53" who="3" fromWho="3" sc="186,-21,424,-41,130,-21,240,103" /><INIT seed="2,0,0,0,5,135" ten="165,383,109,343" oya="2" hai0="42,2,100,88,7,54,95,21,112,14,27,102,41" hai1="97,25,108,85,52,40,31,19,127,79,55,16,101" hai2="123,23,51,66,131,124,125,105,84,69,109,60,24" hai3="128,99,75,64,5,34,59,11,98,48,63,130,46"/><V62/><F123/><W120/><G120/><T68/><D112/><U28/><E40/><V96/><F131/><N who="3" m="50219" /><G34/><T89/><D68/><U36/><E36/><V126/><F109/><W129/><G75/><T8/><D2/><U117/><E117/><V44/><F62/><W0/><N who="3" m="50227" /><W116/><DORA hai="12" /><G116/><T92/><D54/><AGARI ba="0,0" hai="0,5,11,46,48,54,59,63,64,98,99" m="50227" machi="54" ten="40,1300,0" yaku="19,1" doraHai="135,12" who="3" fromWho="0" sc="165,-13,383,0,109,0,343,13" /><INIT seed="3,0,0,1,5,80" ten="152,383,109,356" oya="3" hai0="31,109,102,90,76,9,42,57,69,44,45,47,123" hai1="40,129,77,43,35,105,111,16,134,51,50,64,101" hai2="58,65,8,133,84,60,94,6,127,119,19,96,14" hai3="128,4,20,81,122,2,12,5,131,3,23,26,32"/><W117/><G117/><T70/><D109/><U120/><E35/><V29/><F133/><W82/><G82/><T126/><D123/><U13/><E120/><V125/><F119/><W37/><G37/><T53/><D102/><U118/><E118/><V10/><F29/><N who="3" m="19511" /><G81/><T33/><D76/><U132/><E64/><V28/><F28/><W112/><G122/><T89/><D126/><U46/><E77/><V113/><F113/><W0/><G112/><T98/><D42/><U52/><E111/><V61/><F61/><W75/><G75/><T103/><D31/><U97/><E129/><N who="3" m="49738" /><G12/><T67/><D33/><U116/><E116/><V22/><F10/><W107/><G107/><T104/><D9/><U135/><E51/><V92/><F96/><W87/><G87/><T78/><D78/><U86/><E86/><V54/><F65/><W93/><G93/><T24/><D67/><U83/><E83/><V121/><F121/><W27/><G23/><AGARI ba="0,0" hai="13,16,23,40,43,46,50,52,97,101,105,132,134,135" machi="23" ten="40,5200,0" yaku="20,1,54,2" doraHai="80" who="1" fromWho="3" sc="152,0,383,52,109,0,356,-52" owari="152,-24.8,435,53.5,109,-39.1,304,10.4" /></mjloggm>