<mjloggm ver="2.3"><GO type="225" lobby="0"/><UN n0="%6D%75%75%6D%75%72%61" n1="%E3%83%8F%E3%82%AC%E3%82%BF%E3%82%AB%E3%81%AE%E3%81%88%E3%81%98%E3%81%8D" n2="%E3%81%86%E3%83%BC%E3%81%B1%E3%83%BC" n3="%4E%49%4A%49%49%52%4F" dan="16,16,16,17" rate="2167.86,2181.26,2152.64,2216.26" sx="F,M,F,M"/><TAIKYOKU oya="0"/><INIT seed="0,0,0,2,1,29" ten="250,250,250,250" oya="0" hai0="76,114,92,120,41,25,18,125,82,12,43,58,16" hai1="130,89,102,135,40,20,36,6,11,87,73,48,28" hai2="30,32,79,103,72,100,61,71,44,23,94,132,110" hai3="13,54,84,83,50,104,66,2,3,75,131,99,91"/><T53/><D114/><U78/><E36/><V15/><F110/><W68/><G131/><T134/><D120/><U42/><E130/><V133/><F44/><W52/><G75/><T113/><D113/><U65/><E135/><N who="2" m="51787" /><F94/><W35/><G35/><T37/><D134/><U119/><E119/><V69/><F79/><W97/><G13/><T45/><D125/><U115/><E65/><N who="2" m="41135" /><F71/><W7/><G7/><T85/><D41/><U1/><E102/><V123/><F123/><W128/><G128/><T51/><D92/><U4/><E4/><V22/><F72/><W55/><G50/><T24/><REACH who="0" step="1"/><D18/><REACH who="0" ten="240,250,250,250" step="2"/><U26/><E115/><V116/><F116/><W95/><G104/><T117/><D117/><U33/><E42/><V59/><F103/><W49/><G95/><T77/><D77/><U88/><E40/><V108/><F100/><W122/><G122/><T105/><D105/><U107/><E107/><V39/><F39/><W112/><G112/><T64/><D64/><U93/><E78/><V106/><F106/><W60/><REACH who="3" step="1"/><G49/><REACH who="3" ten="240,250,250,240" step="2"/><T9/><AGARI ba="0,2" hai="9,12,16,24,25,37,43,45,51,53,58,76,82,85" machi="9" ten="20,7800,0" yaku="1,1,0,1,7,1,54,1,53,0" doraHai="29" doraHaiUra="96" who="0" fromWho="0" sc="240,98,250,-26,250,-26,240,-26" /><INIT seed="0,1,0,0,5,13" ten="338,224,224,214" oya="0" hai0="43,97,67,86,128,134,33,90,26,88,80,120,45" hai1="81,31,35,46,113,116,5,19,74,87,123,21,109" hai2="72,39,76,105,57,132,20,1,84,36,48,117,125" hai3="51,68,131,110,50,94,49,44,92,85,30,127,10"/><T112/><D112/><U12/><E113/><V17/><F1/><W28/><G68/><T93/><D120/><U34/><E123/><V114/><F105/><W2/><G110/><T11/><D128/><U18/><E109/><V98/><F72/><W4/><G131/><T106/><D134/><U58/><E74/><V89/><F114/><W107/><G107/><T53/><D106/><U42/><E116/><V108/><F108/><W65/><G65/><T27/><D67/><U37/><E5/><V115/><F115/><W82/><G127/><T52/><D11/><U95/><E95/><N who="2" m="56687" /><F39/><W3/><G3/><T71/><D71/><U62/><E31/><V99/><F36/><W25/><G44/><T83/><D83/><U47/><E47/><V101/><F125/><W119/><G119/><T38/><REACH who="0" step="1"/><D33/><REACH who="0" ten="328,224,224,214" step="2"/><U16/><E35/><V102/><F132/><W121/><G121/><T7/><D7/><U61/><E34/><V8/><F8/><W66/><G66/><T111/><D111/><U22/><E22/><V32/><F32/><W9/><G9/><T77/><D77/><U126/><E126/><V64/><F117/><W73/><G10/><T14/><D14/><U29/><E29/><V0/><F0/><W23/><G28/><T63/><D63/><U122/><E62/><V100/><F64/><W70/><G70/><T129/><D129/><U124/><E122/><V135/><F135/><W41/><G2/><T56/><D56/><U78/><E124/><V54/><F76/><N who="3" m="44303" /><G4/><T130/><D130/><U6/><E6/><V118/><F118/><W60/><G30/><RYUUKYOKU ba="1,1" sc="328,15,224,15,224,-15,214,-15" hai0="26,27,38,43,45,52,53,80,86,88,90,93,97" hai1="12,16,18,19,21,37,42,46,58,61,78,81,87" /><INIT seed="0,2,1,5,1,31" ten="343,239,209,199" oya="0" hai0="73,74,29,134,112,40,39,58,44,91,113,68,4" hai1="107,35,34,48,25,77,55,46,96,122,16,109,90" hai2="114,87,69,3,132,94,84,50,32,89,99,22,45" hai3="28,30,11,33,120,101,5,108,0,20,75,56,19"/><T2/><D68/><U57/><E122/><V8/><F114/><W100/><G75/><T43/><D134/><U78/><E109/><V98/><F69/><W135/><G108/><T97/><D40/><U52/><E107/><V59/><F32/><W47/><G135/><T130/><D130/><U133/><E133/><V83/><F59/><W41/><G120/><T66/><D29/><U18/><E78/><N who="2" m="46199" /><F3/><W116/><G28/><T129/><D129/><U53/><E77/><V126/><F126/><W70/><G56/><T26/><D26/><U27/><E27/><V6/><F22/><W85/><G116/><T17/><D74/><U106/><E55/><N who="2" m="30159" /><F132/><W61/><G85/><T104/><D73/><U86/><E96/><N who="2" m="36907" /><F8/><W14/><G61/><T1/><D1/><U67/><E67/><V131/><F131/><W111/><G70/><T63/><D104/><U92/><E106/><V117/><F117/><W95/><G95/><T128/><D128/><U10/><E10/><V105/><F105/><W60/><G60/><T118/><D118/><U64/><E64/><V119/><F119/><W123/><G123/><T88/><D112/><U103/><E103/><V124/><F124/><W127/><G111/><T9/><D113/><U51/><REACH who="1" step="1"/><E25/><REACH who="1" ten="343,229,209,199" step="2"/><V72/><F72/><W81/><G127/><T102/><D102/><U36/><E36/><V71/><F71/><W15/><G100/><T7/><D97/><U13/><E13/><V42/><F42/><W54/><G101/><T38/><D38/><U23/><E23/><V110/><F110/><W24/><G20/><T21/><D21/><RYUUKYOKU ba="2,2" sc="343,-15,229,15,209,15,199,-15" hai1="16,18,34,35,46,48,51,52,53,57,86,90,92" hai2="6,87,89,94" /><INIT seed="1,3,2,4,2,122" ten="328,244,224,184" oya="1" hai0="13,51,109,124,86,8,39,88,54,71,28,25,134" hai1="116,113,89,114,53,120,82,9,98,60,17,49,117" hai2="19,38,47,33,76,6,31,100,105,133,15,118,125" hai3="34,1,2,102,5,80,69,73,22,56,123,50,37"/><U72/><E60/><V75/><F118/><N who="1" m="45673" /><E53/><V97/><F6/><W74/><G69/><T128/><D39/><U106/><E49/><V45/><F38/><W119/><G37/><T85/><D71/><U110/><E17/><V83/><F133/><W57/><G34/><T66/><D66/><U55/><E9/><V61/><F125/><W103/><G123/><T40/><D134/><U121/><E55/><V64/><F31/><W3/><G80/><T23/><D124/><U18/><E18/><V77/><F77/><W30/><G5/><T101/><D40/><U127/><E127/><V41/><F41/><W62/><G50/><T21/><D54/><U96/><E110/><V63/><F33/><W132/><G132/><T90/><D109/><U44/><E44/><V99/><F99/><N who="1" m="37929" /><E106/><V36/><F36/><W81/><G30/><T67/><D8/><U93/><E121/><V70/><F63/><W24/><G22/><AGARI ba="3,2" hai="15,19,22,45,47,61,64,70,75,76,83,97,100,105" machi="22" ten="30,1000,0" yaku="7,1" doraHai="122" who="2" fromWho="3" sc="328,0,244,0,224,39,184,-19" /><INIT seed="2,0,0,0,1,93" ten="328,244,263,165" oya="2" hai0="122,38,68,114,21,27,43,126,18,32,104,5,11" hai1="99,107,119,79,125,47,19,17,23,33,64,61,12" hai2="133,82,109,37,15,55,121,88,57,35,134,84,94" hai3="70,60,3,1,96,58,44,97,26,101,52,53,110"/><V65/><F121/><W62/><G110/><T100/><D122/><U111/><E111/><V115/><F37/><W117/><G117/><T98/><D114/><U34/><E119/><V78/><F115/><W80/><G80/><T128/><D126/><U30/><E125/><V113/><F113/><W132/><G132/><N who="2" m="50793" /><F35/><W66/><G26/><T39/><D128/><U56/><E79/><V130/><F130/><W74/><G74/><T127/><D127/><U8/><E30/><V54/><F109/><W20/><G20/><T87/><D32/><U40/><E107/><V29/><F29/><W106/><REACH who="3" step="1"/><G96/><REACH who="3" ten="328,244,263,155" step="2"/><T124/><D98/><U86/><E99/><N who="2" m="57799" /><F15/><W16/><G16/><T42/><D18/><U91/><E19/><V103/><F103/><W135/><G135/><T116/><D100/><U102/><E102/><V24/><F24/><W4/><G4/><T95/><D5/><U129/><E129/><V67/><F55/><W92/><G92/><T118/><D95/><U6/><E6/><V85/><F84/><W2/><G2/><T50/><D87/><U13/><E13/><V0/><F0/><W83/><G83/><T28/><D124/><U73/><E73/><V9/><F9/><W69/><G69/><T36/><D68/><U45/><E8/><V105/><F105/><W59/><G59/><T89/><D104/><U75/><E75/><V49/><AGARI ba="0,1" hai="49,54,57,65,67,78,82,85" m="57799,50793" machi="49" ten="30,6000,0" yaku="20,1,52,1,54,1" doraHai="93" who="2" fromWho="2" sc="328,-20,244,-20,263,70,155,-20" /><INIT seed="2,1,0,5,4,104" ten="308,224,333,135" oya="2" hai0="51,75,121,30,134,84,129,61,108,133,27,102,25" hai1="78,101,48,52,114,95,36,85,131,50,0,8,59" hai2="24,19,11,119,122,70,98,47,5,35,110,22,99" hai3="100,66,9,10,18,23,49,109,124,97,31,113,125"/><V20/><F119/><W91/><G109/><T44/><D121/><U81/><E114/><V82/><F122/><W45/><G113/><T76/><D108/><U15/><E131/><V69/><F35/><W68/><G31/><T130/><D84/><U132/><E132/><N who="0" m="50793" /><D102/><U123/><E123/><V79/><F47/><W2/><G91/><T77/><D61/><U65/><E36/><V96/><F22/><W7/><G10/><T60/><D60/><U128/><E128/><N who="0" m="49257" /><D75/><U115/><E115/><V103/><F103/><W37/><G37/><T13/><D13/><U41/><E0/><V53/><F110/><W58/><G58/><T33/><D25/><U106/><E65/><V28/><F70/><W111/><G111/><T1/><D1/><U4/><E106/><V38/><F69/><W12/><G66/><T107/><D107/><U26/><E26/><V105/><F105/><W64/><G64/><T63/><D63/><U116/><E116/><V120/><F120/><W88/><G68/><T43/><AGARI ba="1,0" hai="27,30,33,43,44,51,76,77" m="49257,50793" machi="43" ten="30,2000,0" yaku="20,1,19,1" doraHai="104" who="0" fromWho="0" sc="308,23,224,-6,333,-11,135,-6" /><INIT seed="3,0,0,0,1,113" ten="331,218,322,129" oya="3" hai0="126,15,127,64,129,37,2,5,105,107,45,82,58" hai1="117,83,76,86,74,27,89,84,1,57,115,9,28" hai2="3,20,111,91,112,132,69,13,29,33,52,21,72" hai3="67,62,98,125,85,53,6,81,18,34,43,116,93"/><W119/><G34/><T44/><D2/><U106/><E115/><V10/><F112/><W133/><G133/><T131/><D82/><U60/><E106/><N who="0" m="40457" /><D5/><U101/><E101/><V59/><F69/><W108/><G108/><T134/><D134/><U0/><E74/><V23/><F72/><W123/><G123/><T128/><D15/><U87/><E87/><V7/><F111/><W75/><G75/><T135/><D135/><U104/><E104/><V73/><F73/><W31/><G125/><N who="0" m="47627" /><D37/><U50/><E50/><N who="2" m="31127" /><F91/><W102/><G43/><T36/><D36/><U30/><E30/><V92/><F92/><W79/><G6/><T12/><D12/><U80/><E9/><V22/><F22/><W56/><G31/><T100/><D100/><U35/><E117/><V122/><F122/><W103/><G103/><T63/><AGARI ba="0,0" hai="44,45,58,63,64,128,129,131" m="47627,40457" machi="63" ten="40,2700,0" yaku="19,1,18,1" doraHai="113" who="0" fromWho="0" sc="331,27,218,-7,322,-7,129,-13" owari="358,45.8,211,-18.9,315,11.5,116,-38.4" /></mjloggm>