<mjloggm ver="2.3"><GO type="225" lobby="0"/><UN n0="%74%61%6B%75%61%6B%61" n1="%6D%75%75%73%61%6E%6D%75" n2="%E3%81%B5%E3%81%98%E3%81%8B%E3%81%A4" n3="%33%74%72%65%65" dan="16,16,17,16" rate="2091.84,2113.90,2214.62,2147.96" sx="M,F,M,F"/><TAIKYOKU oya="0"/><INIT seed="0,0,0,5,5,120" ten="250,250,250,250" oya="0" hai0="61,124,81,44,104,57,94,116,42,131,75,9,12" hai1="129,32,76,101,4,114,127,123,46,24,8,22,14" hai2="98,88,82,83,130,110,111,72,132,23,7,95,36" hai3="77,54,55,41,52,62,51,107,115,25,63,60,103"/><T26/><D116/><U99/><E123/><V96/><F36/><W48/><G115/><T6/><D124/><U10/><E127/><V100/><F7/><W67/><G77/><T38/><D131/><U49/><E129/><V112/><F130/><W105/><G103/><T126/><D126/><U27/><E114/><V18/><F112/><W97/><G97/><T119/><D119/><U20/><E76/><V122/><F122/><W66/><G25/><T121/><D121/><U102/><E32/><V87/><F132/><W85/><G85/><T15/><D104/><N who="3" m="40009" /><G41/><T0/><D26/><U34/><E34/><V89/><F18/><W3/><G3/><T31/><D31/><N who="1" m="17799" /><E10/><V2/><F23/><W17/><G17/><T73/><D94/><U56/><E56/><V80/><F2/><W43/><G43/><T5/><D5/><U53/><E99/><V91/><F72/><W69/><G69/><T33/><D33/><U108/><E108/><N who="2" m="41515" /><F98/><W37/><G37/><T118/><D118/><U64/><E64/><AGARI ba="0,0" hai="48,51,52,54,55,60,62,63,64,66,67" m="40009" machi="64" ten="40,5200,0" yaku="28,2,54,1" doraHai="120" who="3" fromWho="1" sc="250,0,250,-52,250,0,250,52" /><INIT seed="1,0,0,5,4,31" ten="250,198,250,302" oya="1" hai0="79,91,60,28,106,104,103,56,4,112,105,82,70" hai1="101,100,119,8,37,59,44,122,58,85,1,73,134" hai2="97,126,77,117,84,131,118,7,69,12,71,15,21" hai3="52,83,114,94,9,61,51,20,40,42,90,50,115"/><U14/><E73/><V32/><F97/><W48/><G115/><T46/><D112/><U123/><E119/><V10/><F126/><W121/><G114/><T75/><D70/><U86/><E134/><V102/><F102/><W129/><G129/><T67/><D4/><U65/><E1/><V23/><F131/><W107/><G107/><T38/><D91/><U2/><E2/><V125/><F125/><W78/><G121/><T124/><D124/><U128/><E128/><V45/><F45/><W54/><G9/><T64/><D64/><U93/><E122/><V62/><F62/><W33/><G33/><T132/><D132/><U55/><E123/><V96/><F96/><N who="3" m="57431" /><G20/><T95/><D28/><U5/><E37/><V13/><F84/><N who="1" m="32361" /><E65/><V34/><F77/><W25/><G78/><T74/><D74/><U24/><E24/><V18/><F71/><W39/><G25/><T111/><D111/><U29/><E29/><V76/><F76/><W109/><G39/><T43/><REACH who="0" step="1"/><D95/><REACH who="0" ten="240,198,250,302" step="2"/><U72/><E72/><V130/><F69/><W81/><G109/><T98/><AGARI ba="0,1" hai="38,43,46,56,60,67,75,79,82,98,103,104,105,106" machi="98" ten="30,4000,0" yaku="1,1,2,1,0,1,53,0" doraHai="31" doraHaiUra="6" who="0" fromWho="0" sc="240,50,198,-20,250,-10,302,-10" /><INIT seed="2,0,0,5,5,6" ten="290,178,240,292" oya="2" hai0="21,112,23,9,55,24,48,120,126,52,68,22,96" hai1="105,4,95,7,130,34,16,32,80,70,67,26,133" hai2="106,135,38,90,11,1,88,57,129,53,82,56,64" hai3="69,62,30,109,86,49,76,111,71,113,15,13,46"/><V12/><F106/><W108/><G113/><T2/><D120/><U94/><E105/><V5/><F135/><W3/><G3/><T63/><D112/><U42/><E133/><V41/><F129/><W79/><G30/><T110/><D110/><U124/><E130/><V54/><F38/><W47/><G62/><T27/><D126/><U93/><E124/><V35/><F35/><W51/><G111/><T77/><D77/><U44/><E70/><V37/><F1/><W25/><G86/><T99/><D68/><U114/><E67/><V134/><F134/><W19/><G19/><T36/><D36/><U39/><E114/><V87/><F64/><W33/><G25/><N who="0" m="9803" /><D2/><U131/><E131/><V128/><F128/><W40/><REACH who="3" step="1"/><G40/><REACH who="3" ten="290,178,240,282" step="2"/><T127/><D127/><U104/><E104/><V50/><F41/><W31/><G31/><T61/><D61/><U116/><E116/><V65/><F37/><W100/><G100/><T29/><D63/><U18/><E32/><AGARI ba="0,1" hai="13,15,32,33,46,47,49,51,69,71,76,79,108,109" machi="32" ten="25,3200,0" yaku="1,1,22,2,53,0" doraHai="6" doraHaiUra="17" who="3" fromWho="1" sc="290,0,178,-32,240,0,282,42" /><INIT seed="3,0,0,1,0,8" ten="290,146,240,324" oya="3" hai0="113,35,99,73,55,41,13,106,3,54,2,17,116" hai1="63,85,107,135,125,96,23,20,121,24,5,93,22" hai2="58,34,26,108,52,102,74,65,124,76,12,37,64" hai3="45,75,21,126,82,79,51,104,4,68,114,30,38"/><W77/><G114/><T89/><D116/><U118/><E121/><V19/><F37/><W14/><G126/><T9/><D73/><U119/><E125/><V10/><F124/><W36/><G79/><T47/><D35/><U133/><E107/><V60/><F108/><W59/><G59/><T28/><D28/><U80/><E63/><V50/><F102/><W72/><G68/><T88/><D113/><U103/><E24/><V128/><F128/><W32/><G75/><T48/><D106/><U1/><E1/><V39/><F39/><W97/><G32/><T43/><D43/><U84/><E5/><V81/><F34/><W78/><G78/><T100/><D2/><U42/><E42/><V66/><REACH who="2" step="1"/><F26/><REACH who="2" ten="290,146,230,324" step="2"/><W69/><G36/><T91/><D3/><U92/><E92/><V62/><AGARI ba="0,1" hai="10,12,19,50,52,58,60,62,64,65,66,74,76,81" machi="62" ten="30,8000,1" yaku="1,1,2,1,0,1,52,1,54,1,53,0" doraHai="8" doraHaiUra="40" who="2" fromWho="2" sc="290,-20,146,-20,230,90,324,-40" owari="270,-13.0,126,-37.4,320,42.0,284,8.4" /></mjloggm>