<mjloggm ver="2.3"><GO type="225" lobby="0"/><UN n0="%E3%83%AD%E3%83%83%E3%83%86%E9%9B%80%E7%90%83" n1="%33%74%72%65%65" n2="%E3%83%A1%E3%82%AC%E3%83%87%E3%82%B8" n3="%E8%81%B7%E6%A5%AD%E3%80%81%E9%A2%A8%32" dan="17,17,16,16" rate="2258.97,2144.49,2094.05,2093.75" sx="M,F,F,M"/><TAIKYOKU oya="0"/><INIT seed="0,0,0,3,5,122" ten="250,250,250,250" oya="0" hai0="103,69,0,17,85,63,46,109,4,10,30,50,132" hai1="37,11,96,106,88,115,26,83,93,94,52,131,33" hai2="19,18,44,55,110,25,133,101,117,80,113,49,99" hai3="130,112,16,64,12,59,27,15,104,120,102,20,34"/><T121/><D121/><U79/><E37/><V56/><F113/><W38/><G120/><T1/><D132/><U39/><E39/><V84/><F133/><W40/><G112/><T60/><D30/><U54/><E115/><V135/><F117/><W78/><G130/><T32/><D32/><U7/><E106/><V114/><F114/><W118/><G118/><T70/><D103/><U68/><E68/><N who="0" m="26217" /><D17/><U22/><E33/><V90/><F135/><W62/><G34/><T74/><D74/><U3/><E93/><V67/><F25/><W134/><G134/><T100/><D100/><U82/><E131/><V87/><F87/><W124/><G124/><T123/><D0/><U91/><E91/><V98/><F98/><W8/><G78/><T14/><D1/><U65/><E65/><V125/><F125/><W126/><G126/><T73/><D73/><U71/><E71/><V95/><F110/><W5/><G102/><T81/><D109/><U6/><E6/><V77/><F101/><W53/><G104/><T107/><D107/><U108/><E108/><V29/><F29/><W36/><G64/><T111/><D111/><U47/><E47/><V2/><F2/><W86/><G86/><T31/><D31/><U61/><E61/><AGARI ba="0,0" hai="18,19,44,49,55,56,61,67,77,80,84,90,95,99" machi="61" ten="40,1300,0" yaku="8,1" doraHai="122" who="2" fromWho="1" sc="250,0,250,-13,250,13,250,0" /><INIT seed="1,0,0,4,2,18" ten="250,237,263,250" oya="1" hai0="10,97,86,1,23,123,91,89,93,15,90,107,37" hai1="19,8,32,94,125,50,122,41,85,119,4,51,44" hai2="68,121,126,42,104,34,98,40,12,7,77,49,108" hai3="39,60,76,111,131,134,109,105,33,58,29,5,75"/><U95/><E119/><V45/><F121/><W70/><G105/><T87/><D37/><U38/><E122/><V102/><F34/><W57/><G39/><T80/><D123/><U132/><E132/><V65/><F108/><N who="3" m="41547" /><G134/><T81/><D107/><U9/><E125/><V46/><F126/><W64/><G131/><T124/><D124/><U101/><E32/><V47/><F77/><W92/><G5/><T84/><D1/><U24/><E94/><V106/><F106/><W55/><G92/><T135/><D135/><U43/><E43/><V69/><F65/><W117/><G117/><T17/><REACH who="0" step="1"/><D86/><REACH who="0" ten="240,237,263,250" step="2"/><U127/><E127/><V73/><F73/><W20/><G75/><T3/><D3/><U88/><E101/><V22/><F104/><W25/><G76/><T110/><D110/><U116/><E116/><V27/><F102/><W35/><G70/><T30/><D30/><U67/><E67/><V14/><F69/><W96/><G96/><T28/><D28/><U82/><E38/><V103/><F68/><W83/><G29/><T11/><AGARI ba="0,1" hai="10,11,15,17,23,80,81,84,87,89,90,91,93,97" machi="11" ten="30,8000,1" yaku="1,1,0,1,9,1,8,1,52,1,53,0" doraHai="18" doraHaiUra="26" who="0" fromWho="0" sc="240,90,237,-40,263,-20,250,-20" /><INIT seed="2,0,0,4,1,5" ten="330,197,243,230" oya="2" hai0="132,61,126,27,70,112,101,113,11,129,102,125,110" hai1="114,86,64,128,92,106,83,57,29,30,23,127,13" hai2="46,122,33,1,103,3,67,116,51,16,34,21,2" hai3="77,40,65,135,9,133,17,14,90,58,55,120,47"/><V95/><F116/><W130/><G120/><T87/><D110/><U6/><E106/><V12/><F67/><W81/><G130/><T22/><D129/><U69/><E114/><V118/><F118/><W25/><G25/><T76/><D132/><U78/><E128/><V52/><REACH who="2" step="1"/><F122/><REACH who="2" ten="330,197,233,230" step="2"/><W72/><G65/><T31/><D113/><U73/><E64/><V20/><F20/><W131/><G131/><T104/><D22/><U60/><E23/><V66/><F66/><W97/><G135/><T35/><D112/><U19/><E69/><V24/><F24/><W115/><G133/><T99/><D27/><U18/><E30/><V68/><F68/><W50/><G115/><T63/><D31/><U7/><E29/><V37/><F37/><W4/><G97/><AGARI ba="0,1" hai="1,2,3,12,16,21,33,34,46,51,52,95,97,103" machi="97" ten="40,12000,1" yaku="1,1,54,2,53,1" doraHai="5" doraHaiUra="93" who="2" fromWho="3" sc="330,0,197,0,233,130,230,-120" /><INIT seed="2,1,0,2,2,121" ten="330,197,363,110" oya="2" hai0="97,70,108,27,100,74,8,0,98,118,33,76,23" hai1="13,67,32,103,62,6,89,130,1,49,57,84,101" hai2="88,25,15,5,44,65,30,123,40,109,125,29,85" hai3="63,117,20,73,9,10,131,102,41,55,18,78,48"/><V104/><F123/><W45/><G117/><T90/><D118/><U28/><E130/><V71/><F104/><W113/><G131/><T135/><D135/><U26/><E1/><V14/><F125/><W52/><G113/><T43/><D33/><U96/><E96/><V50/><F30/><W116/><G116/><T16/><D108/><U21/><E49/><V56/><F71/><W120/><G120/><T114/><D70/><U82/><E32/><V34/><F5/><W37/><G102/><T47/><D114/><U119/><E119/><V38/><F109/><W128/><G128/><T95/><D0/><U24/><E24/><V59/><F56/><W31/><G31/><T93/><D8/><AGARI ba="1,0" hai="6,8,13,21,26,28,57,62,67,82,84,89,101,103" machi="8" ten="40,1300,0" yaku="8,1" doraHai="121" who="1" fromWho="0" sc="330,-16,197,16,363,0,110,0" /><INIT seed="3,0,0,1,0,47" ten="314,213,363,110" oya="3" hai0="97,121,89,96,18,9,134,6,92,103,70,102,73" hai1="106,38,116,1,15,100,84,32,30,82,61,23,21" hai2="113,24,87,36,127,56,2,83,78,16,44,54,68" hai3="51,126,37,25,62,79,13,129,42,120,7,43,118"/><W57/><G120/><T124/><D124/><U101/><E1/><V14/><F2/><W41/><G118/><T94/><D134/><U88/><E116/><V3/><F3/><W115/><G115/><T0/><D73/><U49/><E38/><V128/><F68/><W53/><G126/><T71/><D121/><U20/><E106/><V86/><F113/><W98/><G129/><T112/><D112/><U99/><E61/><V109/><F128/><W108/><G108/><T125/><D125/><U33/><E33/><V10/><F109/><W17/><G37/><T69/><D18/><U104/><E100/><V63/><F127/><W45/><G79/><T11/><D89/><U19/><E32/><V81/><F24/><W5/><G98/><T65/><REACH who="0" step="1"/><D11/><REACH who="0" ten="304,213,363,110" step="2"/><U72/><E30/><V130/><F130/><W59/><G25/><T55/><D55/><U110/><E110/><V75/><F75/><W48/><G7/><T26/><D26/><U90/><E72/><V29/><F54/><N who="3" m="31943" /><G5/><T22/><D22/><AGARI ba="0,1" hai="13,17,22,41,42,43,45,51,53,59,62" m="31943" machi="22" ten="30,5800,0" yaku="8,1,52,2" doraHai="47" who="3" fromWho="0" sc="304,-58,213,0,363,0,110,68" /><INIT seed="3,1,0,0,3,62" ten="246,213,363,178" oya="3" hai0="80,24,35,28,33,5,50,19,53,1,75,44,109" hai1="114,52,120,29,96,106,37,54,9,88,135,63,42" hai2="133,64,69,38,20,91,117,131,89,21,59,73,79" hai3="45,103,128,72,11,86,47,0,8,122,32,130,58"/><W40/><G122/><T3/><D109/><U134/><E120/><V90/><F117/><W13/><G32/><T55/><D35/><U30/><E114/><V98/><F69/><W48/><G72/><T119/><D119/><U123/><E123/><V108/><F38/><W94/><G58/><T7/><D19/><U100/><E9/><V76/><F108/><W125/><G125/><T121/><D121/><U127/><E127/><V43/><F43/><W104/><G104/><T2/><REACH who="0" step="1"/><D55/><REACH who="0" ten="236,213,363,178" step="2"/><U99/><E54/><V78/><F131/><N who="3" m="50219" /><G0/><T124/><D124/><U57/><E135/><V93/><F133/><W87/><G47/><T31/><D31/><U70/><E29/><V49/><F73/><W85/><G13/><T97/><D97/><AGARI ba="1,1" hai="8,11,40,45,48,85,86,87,94,97,103" m="50219" machi="97" ten="30,1500,0" yaku="19,1" doraHai="62" who="3" fromWho="0" sc="236,-18,213,0,363,0,178,28" /><INIT seed="3,2,0,1,5,135" ten="218,213,363,206" oya="3" hai0="101,53,44,46,1,58,0,20,77,87,96,125,22" hai1="63,56,92,43,70,79,12,119,8,90,31,123,57" hai2="23,73,75,66,78,48,68,93,88,30,54,95,112" hai3="6,134,82,111,116,35,106,105,114,98,109,71,37"/><W19/><G37/><T108/><D125/><U50/><E123/><V38/><F38/><W59/><G71/><T32/><D32/><U17/><E119/><V76/><F112/><W29/><G116/><T5/><D108/><N who="3" m="41545" /><G114/><T64/><D64/><N who="1" m="39015" /><E70/><V85/><F75/><W84/><G134/><T49/><D5/><U51/><E31/><V34/><F34/><W118/><G118/><T27/><D0/><U7/><E79/><V40/><F40/><W47/><G6/><T60/><D1/><U28/><E28/><V21/><F66/><W128/><G128/><T55/><D46/><N who="1" m="25951" /><E7/><V69/><F73/><W117/><G117/><T9/><D9/><U67/><E67/><V99/><F69/><W91/><G47/><T33/><D33/><U104/><E104/><V107/><F107/><W132/><G132/><T15/><D15/><U65/><E65/><V121/><F121/><W11/><G59/><T18/><D27/><U13/><E13/><V41/><F41/><W80/><G106/><T36/><D36/><U16/><E57/><N who="2" m="32967" /><F68/><W42/><G42/><T72/><D72/><U124/><E124/><V62/><F62/><W129/><G129/><T126/><D126/><U39/><E39/><V122/><F122/><W14/><G105/><T131/><D131/><U52/><E12/><V61/><F61/><W10/><G10/><T24/><D22/><N who="2" m="8202" /><F30/><W4/><G4/><T25/><D25/><U103/><E8/><V3/><F3/><W97/><G82/><T81/><D81/><U89/><E51/><V74/><F74/><W127/><G127/><T110/><D110/><RYUUKYOKU ba="2,0" sc="218,-15,213,-15,363,15,206,15" hai2="76,78,85,88,93,95,99" hai3="11,14,19,29,35,80,84,91,97,98" /><INIT seed="3,3,0,1,0,113" ten="203,198,378,221" oya="3" hai0="78,54,110,84,62,111,19,13,112,130,34,133,51" hai1="105,90,79,107,38,57,117,58,33,114,44,101,64" hai2="131,95,94,69,127,41,43,76,74,87,92,29,75" hai3="6,91,99,109,0,36,61,121,83,48,129,53,100"/><W134/><G121/><T81/><D112/><U135/><E114/><V65/><F29/><W35/><G36/><T8/><D130/><U16/><E33/><V122/><F131/><W28/><G129/><T93/><D133/><U102/><E79/><V12/><F127/><W68/><G134/><T32/><D62/><U70/><E135/><V52/><F122/><W18/><G109/><N who="0" m="41483" /><D93/><U85/><E70/><V123/><F123/><W31/><G35/><T11/><D11/><U56/><E64/><V128/><F128/><W42/><G68/><T108/><N who="0" m="41491" /><T49/><DORA hai="82" /><D49/><U45/><E117/><V119/><F119/><W55/><G61/><T59/><AGARI ba="3,0" hai="8,13,19,32,34,51,54,59,78,81,84" m="41491" machi="59" ten="40,2700,0" yaku="14,1,52,1" doraHai="113,82" who="0" fromWho="0" sc="203,36,198,-10,378,-10,221,-16" owari="239,3.9,188,-31.2,368,46.8,205,-19.5" /></mjloggm>