<mjloggm ver="2.3"><GO type="225" lobby="0"/><UN n0="%E5%84%AA%40%41%42%43" n1="%E8%A6%9A%E9%86%92%E3%81%97%E3%81%9F%E3%81%A8%E3%81%BE%E3%81%A8" n2="%E7%AD%89%E3%80%85%E5%8A%9B%E5%8A%87%E5%A0%B4" n3="%E3%81%91%E3%83%BC%E3%81%9E%E3%81%88" dan="18,18,16,16" rate="2239.94,2199.79,2123.61,2169.55" sx="M,M,M,F"/><TAIKYOKU oya="0"/><INIT seed="0,0,0,4,1,23" ten="250,250,250,250" oya="0" hai0="57,53,29,34,126,93,125,68,88,26,99,103,32" hai1="55,117,5,51,25,97,58,43,4,89,134,100,35" hai2="131,6,59,19,52,60,111,83,108,71,123,98,8" hai3="101,37,94,107,15,12,75,11,13,44,7,33,92"/><T48/><D68/><U46/><E117/><V45/><F123/><W113/><G113/><T67/><D67/><U28/><E89/><V86/><F131/><W17/><G75/><T2/><D2/><U110/><E110/><V128/><F128/><W124/><G124/><N who="0" m="47723" /><D34/><U78/><E78/><V106/><F71/><W135/><G33/><T121/><D121/><U27/><E27/><V91/><F45/><W129/><G135/><T105/><D105/><U40/><E40/><V18/><F106/><W56/><G15/><T77/><D77/><U3/><E3/><V69/><F69/><W10/><G129/><T70/><D70/><U24/><E24/><V16/><REACH who="2" step="1"/><F98/><REACH who="2" ten="250,250,240,250" step="2"/><W102/><G107/><T36/><D36/><U76/><E134/><V73/><F73/><W63/><G37/><T87/><D103/><U64/><E100/><N who="3" m="38506" /><G44/><T49/><D99/><U109/><E97/><V133/><F133/><W81/><G81/><T95/><D49/><U132/><E51/><V21/><F21/><W39/><G39/><T1/><D1/><AGARI ba="0,1" hai="1,6,8,16,18,19,52,59,60,83,86,91,108,111" machi="1" ten="40,5200,0" yaku="1,1,54,2,53,0" doraHai="23" doraHaiUra="115" who="2" fromWho="0" sc="250,-52,250,0,240,62,250,0" /><INIT seed="1,0,0,1,3,16" ten="198,250,302,250" oya="1" hai0="111,67,21,9,120,19,129,76,24,15,68,49,56" hai1="106,135,118,119,116,17,71,46,98,54,20,81,65" hai2="33,39,104,8,88,18,12,66,58,5,103,108,0" hai3="112,23,35,40,124,28,73,78,50,105,123,72,134"/><U25/><E135/><V87/><F39/><W62/><G105/><T6/><D111/><U83/><E65/><V31/><F108/><W41/><G35/><T126/><D129/><U107/><E71/><V37/><F37/><W99/><G99/><T48/><D126/><U75/><E75/><V109/><F109/><W79/><G28/><T69/><D120/><U22/><E107/><V121/><F121/><W127/><G50/><T32/><D49/><U94/><E106/><V61/><F104/><W52/><G62/><T102/><D102/><U114/><E114/><V86/><F103/><W13/><G13/><T122/><D76/><U60/><E22/><V7/><F87/><W130/><G23/><T55/><D122/><U113/><E113/><V51/><F51/><W90/><G90/><T29/><REACH who="0" step="1"/><D67/><REACH who="0" ten="188,250,302,250" step="2"/><U53/><E46/><V115/><F115/><W133/><G112/><T82/><D82/><U125/><E125/><V110/><F110/><W93/><G123/><T91/><D91/><N who="1" m="55647" /><E54/><V77/><F77/><W30/><G52/><T11/><D11/><U117/><E117/><V128/><F128/><W14/><G130/><T95/><D95/><U38/><E38/><V96/><F8/><W4/><G93/><T80/><D80/><U34/><E34/><V44/><F33/><W3/><G127/><T70/><D70/><U85/><E85/><V131/><F86/><W64/><G124/><T10/><D10/><U43/><E43/><V132/><F131/><W59/><G41/><T89/><D89/><U36/><E36/><V1/><F88/><W92/><G40/><RYUUKYOKU ba="0,1" sc="188,15,250,15,302,-15,250,-15" hai0="6,9,15,19,21,24,29,32,48,55,56,68,69" hai1="17,20,25,53,60,81,83,116,118,119" /><INIT seed="1,1,1,5,3,126" ten="203,265,287,235" oya="1" hai0="106,36,32,0,82,50,23,135,15,91,122,24,93" hai1="70,84,121,25,118,31,9,28,29,123,120,22,88" hai2="69,89,115,6,100,18,74,94,128,129,42,78,33" hai3="4,27,97,111,38,127,117,5,103,114,92,133,13"/><U43/><E118/><V53/><F69/><W79/><G114/><T125/><D36/><U83/><E70/><V1/><F33/><W110/><G38/><T130/><D106/><U101/><E43/><V132/><F132/><W102/><G133/><T75/><D0/><U85/><E101/><V104/><F115/><W134/><G134/><T116/><D116/><U107/><E107/><V124/><F124/><W113/><G127/><T96/><D125/><U86/><REACH who="1" step="1"/><E9/><REACH who="1" ten="203,255,287,235" step="2"/><V10/><F42/><W47/><G103/><T99/><D135/><U57/><E57/><V81/><F100/><W55/><G102/><T90/><D122/><U131/><E131/><V35/><F104/><W67/><G117/><T16/><D130/><U73/><E73/><V109/><F74/><W17/><G113/><T26/><D75/><U51/><E51/><V66/><F10/><W45/><G45/><T77/><D50/><U20/><E20/><V63/><F129/><W65/><G47/><T46/><D46/><U108/><E108/><V76/><F109/><W7/><G111/><T52/><D32/><U49/><E49/><V112/><F35/><W60/><G110/><T61/><D61/><U64/><E64/><V2/><F66/><W72/><G67/><T8/><D8/><U87/><AGARI ba="1,2" hai="22,25,28,29,31,83,84,85,86,87,88,120,121,123" machi="87" ten="40,12000,1" yaku="1,1,0,1,54,1,53,1" doraHai="126" doraHaiUra="21" who="1" fromWho="1" sc="203,-41,255,143,287,-41,235,-41" /><INIT seed="1,2,0,3,3,38" ten="162,398,246,194" oya="1" hai0="59,22,72,17,28,9,98,75,92,52,84,4,120" hai1="41,94,39,20,3,118,42,135,112,67,110,91,57" hai2="100,24,69,2,30,104,134,95,43,10,44,27,89" hai3="36,66,111,123,34,102,68,81,37,86,70,18,35"/><U26/><E112/><V129/><F69/><W131/><G123/><T1/><D120/><U48/><E118/><V46/><F134/><W80/><G86/><T121/><D121/><U116/><E116/><V88/><F129/><W114/><G18/><T53/><D28/><N who="1" m="17479" /><E39/><N who="3" m="14922" /><G102/><T49/><D53/><N who="1" m="31911" /><E135/><V93/><F104/><W45/><G45/><T55/><D55/><U19/><E3/><V25/><F100/><W79/><G79/><T47/><D47/><U103/><E110/><V87/><F30/><W76/><G76/><T99/><D99/><N who="1" m="59895" /><E67/><V6/><REACH who="2" step="1"/><F43/><REACH who="2" ten="162,398,236,194" step="2"/><N who="1" m="16393" /><E19/><V105/><F105/><W106/><G70/><T8/><D75/><U50/><E50/><V62/><F62/><W113/><G68/><T119/><D72/><U107/><E107/><V74/><F74/><W126/><G106/><T132/><D132/><U12/><E91/><V82/><F82/><W133/><G81/><T33/><D119/><U51/><E51/><V71/><F71/><W97/><G80/><T127/><D49/><U23/><E23/><V63/><F63/><W128/><G133/><T40/><D40/><U15/><AGARI ba="2,1" hai="12,15" m="16393,59895,31911,17479" machi="15" ten="30,11700,0" yaku="8,1,52,3" doraHai="38" who="1" fromWho="1" sc="162,-41,398,133,236,-41,194,-41" /><INIT seed="1,3,0,4,4,26" ten="121,531,195,153" oya="1" hai0="62,116,57,71,122,55,63,115,39,132,19,90,15" hai1="24,25,68,23,59,32,95,112,86,125,97,36,134" hai2="33,135,70,72,84,130,22,3,20,5,114,47,64" hai3="98,28,123,58,31,83,81,11,119,43,30,100,4"/><U126/><E112/><V106/><F22/><W0/><G123/><T53/><D116/><U35/><E68/><V46/><F46/><W127/><G127/><N who="1" m="48650" /><E36/><V120/><F84/><W18/><G119/><T61/><D115/><U37/><E134/><V80/><F20/><W6/><G43/><T107/><D132/><U92/><E37/><V131/><F47/><W111/><G111/><T103/><D122/><U67/><E86/><V69/><F5/><N who="3" m="2155" /><G0/><T1/><D39/><U75/><E75/><V85/><F85/><W9/><G58/><T94/><D1/><U104/><E104/><V45/><F45/><W113/><G113/><T128/><D128/><U42/><E42/><V74/><F74/><W77/><G77/><T65/><D103/><N who="1" m="60839" /><E95/><V82/><F82/><N who="3" m="31243" /><G18/><T121/><D107/><U73/><E73/><V16/><F70/><W99/><G100/><T66/><D121/><U54/><E67/><N who="0" m="25609" /><D57/><U117/><E117/><V51/><F69/><W38/><G38/><T8/><D71/><U102/><E102/><V109/><F109/><W60/><G60/><N who="0" m="15363" /><T108/><DORA hai="101" /><D108/><U17/><E35/><V34/><F33/><W89/><G89/><T88/><D90/><U14/><E32/><V91/><F34/><W87/><G87/><AGARI ba="3,0" hai="8,15,19,53,55,87,88,94" m="15363,25609" machi="87" ten="30,2000,0" yaku="8,1,54,1" doraHai="26,101" who="0" fromWho="3" sc="121,29,531,0,195,0,153,-29" /><INIT seed="2,0,0,1,2,18" ten="150,531,195,124" oya="2" hai0="47,106,108,66,102,97,38,105,68,127,100,50,71" hai1="4,12,98,121,101,3,96,81,13,24,61,67,0" hai2="40,29,27,103,122,78,59,15,134,60,110,65,31" hai3="92,70,132,58,44,43,131,129,130,86,126,14,49"/><V87/><F122/><W117/><G117/><T7/><D108/><U99/><E121/><V23/><F134/><W53/><G132/><T36/><D127/><U22/><E101/><V111/><F40/><W88/><G70/><T118/><D118/><U84/><E4/><V133/><F133/><W116/><G116/><T76/><D76/><U109/><E3/><V30/><F103/><W113/><G113/><T2/><D50/><U17/><E0/><V57/><F15/><W46/><G126/><T34/><D34/><U20/><E20/><V120/><F120/><W25/><G14/><T135/><D135/><U89/><REACH who="1" step="1"/><E109/><REACH who="1" ten="150,521,195,124" step="2"/><V9/><F111/><W51/><G25/><T39/><D7/><U64/><E64/><V8/><F110/><W11/><REACH who="3" step="1"/><G46/><REACH who="3" ten="150,521,195,114" step="2"/><T56/><D2/><U73/><E73/><V32/><F27/><W19/><G19/><T54/><D47/><U83/><E83/><V52/><F31/><W1/><G1/><T124/><D124/><U16/><E16/><V5/><F30/><W75/><G75/><T10/><D106/><U93/><E93/><V123/><F29/><W21/><G21/><T94/><D105/><U26/><E26/><V6/><F23/><W28/><G28/><T33/><D33/><U95/><E95/><V90/><F32/><W63/><G63/><N who="0" m="36247" /><D10/><AGARI ba="0,2" hai="10,11,43,44,49,51,53,58,86,88,92,129,130,131" machi="10" ten="40,5200,0" yaku="1,1,19,1,54,1,53,0" doraHai="18" doraHaiUra="128" who="3" fromWho="0" sc="150,-52,521,0,195,0,114,72" /><INIT seed="3,0,0,2,5,26" ten="98,521,195,186" oya="3" hai0="128,112,96,43,69,127,27,40,121,64,99,110,7" hai1="61,78,68,129,97,100,38,92,16,32,10,120,51" hai2="82,72,133,130,46,111,122,75,94,58,77,89,5" hai3="41,118,71,48,93,42,87,39,85,33,37,55,4"/><W114/><G33/><T116/><D7/><U3/><E38/><V49/><F111/><W95/><G71/><T30/><D116/><U24/><E120/><V63/><F133/><W91/><G114/><T14/><D121/><U13/><E129/><V119/><F122/><W74/><G74/><T11/><D110/><U6/><E78/><V108/><F108/><W25/><G118/><T36/><D127/><U88/><E51/><V35/><F119/><W134/><G134/><T125/><D125/><U107/><E61/><V19/><F130/><W80/><G37/><T84/><D128/><U53/><E53/><V115/><F115/><W60/><G39/><T123/><D123/><U28/><E68/><V90/><F72/><W79/><G4/><T15/><D112/><U52/><E52/><V56/><F35/><W104/><G104/><T65/><D84/><U8/><REACH who="1" step="1"/><E107/><REACH who="1" ten="98,511,195,186" step="2"/><V47/><F49/><W44/><G60/><T132/><D132/><U106/><E106/><V101/><F77/><W0/><G0/><T76/><D76/><U113/><E113/><V105/><F63/><W18/><G95/><T34/><D69/><U21/><E21/><AGARI ba="0,1" hai="18,21,25,41,42,44,48,55,79,80,85,87,91,93" machi="21" ten="40,2000,0" yaku="8,1" doraHai="26" who="3" fromWho="1" sc="98,0,511,-20,195,0,186,30" /><INIT seed="3,1,0,4,0,14" ten="98,491,195,216" oya="3" hai0="114,4,119,27,124,108,48,123,75,13,25,43,95" hai1="101,135,77,61,73,112,85,133,9,66,97,111,59" hai2="81,32,86,74,87,34,12,23,69,47,21,106,39" hai3="54,120,88,51,7,42,102,129,8,63,105,84,130"/><W33/><G120/><T121/><D75/><U20/><E111/><V16/><F106/><W46/><G33/><T82/><D119/><U118/><E118/><V49/><F69/><W115/><G115/><T29/><D108/><U2/><E112/><V10/><F39/><W6/><G105/><T92/><D114/><U109/><E109/><V94/><F74/><W78/><G102/><T28/><D124/><U24/><E73/><V41/><F34/><W3/><G78/><T36/><D36/><U53/><E53/><V17/><F32/><W89/><G7/><T90/><D82/><U38/><E38/><V15/><F94/><W113/><G113/><T37/><D37/><U80/><E9/><N who="2" m="6159" /><F87/><W22/><G22/><T67/><D67/><U131/><E2/><V65/><F65/><W5/><G5/><T18/><D4/><U30/><REACH who="1" step="1"/><E131/><REACH who="1" ten="98,481,195,216" step="2"/><N who="3" m="50186" /><G84/><T31/><D121/><U60/><E60/><V52/><F41/><W117/><G117/><T116/><D123/><U134/><E134/><V125/><F125/><W103/><G103/><T35/><D116/><U96/><E96/><V44/><F47/><N who="3" m="28031" /><G63/><T104/><D35/><U55/><E55/><V99/><F99/><W64/><G64/><T122/><D122/><U58/><E58/><V110/><F110/><W57/><G57/><T0/><D0/><U45/><E45/><V70/><F70/><W132/><G132/><T127/><D127/><U93/><AGARI ba="1,1" hai="20,24,30,59,61,66,77,80,85,93,97,101,133,135" machi="93" ten="30,7900,0" yaku="1,1,0,1,25,2,53,0" doraHai="14" doraHaiUra="50" who="1" fromWho="1" sc="98,-21,481,92,195,-21,216,-40" owari="77,-42.3,573,67.3,174,-22.6,176,-2.4" /></mjloggm>