<mjloggm ver="2.3"><GO type="225" lobby="0"/><UN n0="%E3%82%B5%E3%83%AB%E3%82%B7%E3%83%B3" n1="%72%61%6B%33" n2="%E6%A1%9C%E8%8A%B1%E9%96%83%E3%80%85" n3="%E5%B8%86%E7%AB%8B%E5%A4%8F%E8%A1%A3" dan="16,16,17,16" rate="2125.87,2157.46,2225.22,2109.36" sx="M,M,M,M"/><TAIKYOKU oya="0"/><INIT seed="0,0,0,4,0,81" ten="250,250,250,250" oya="0" hai0="60,16,67,62,47,127,134,111,45,107,25,18,9" hai1="115,13,79,64,29,12,124,6,73,55,26,40,1" hai2="20,15,5,93,86,90,57,89,132,113,78,123,76" hai3="109,8,91,30,11,77,38,118,52,0,63,65,28"/><T129/><D127/><U84/><E124/><V50/><F123/><W114/><G109/><T122/><D122/><U39/><E115/><V23/><F113/><W130/><G130/><T31/><D129/><U105/><E105/><V74/><F132/><W66/><G114/><T54/><D134/><U75/><E64/><N who="3" m="24682" /><G38/><T106/><D111/><U35/><E55/><N who="2" m="31991" /><F74/><W32/><G32/><T68/><D47/><U110/><E110/><V126/><F126/><W37/><G77/><N who="2" m="29801" /><F90/><W96/><G37/><T59/><D45/><U42/><E1/><V100/><F100/><W7/><G0/><T69/><D69/><U83/><E39/><V49/><F49/><W120/><G118/><T72/><D72/><U133/><E133/><V70/><F70/><W3/><G3/><T53/><D53/><U51/><E40/><V14/><F14/><W19/><G120/><T102/><D9/><AGARI ba="0,0" hai="5,9,15,20,23,86,89,93" m="29801,31991" machi="9" ten="30,2000,0" yaku="8,1,52,1" doraHai="81" who="2" fromWho="0" sc="250,-20,250,0,250,20,250,0" /><INIT seed="1,0,0,1,3,50" ten="230,250,270,250" oya="1" hai0="107,73,84,90,70,82,72,46,26,100,96,124,85" hai1="78,41,127,44,115,135,12,119,36,91,105,27,2" hai2="123,83,23,87,77,29,116,55,0,21,99,38,111" hai3="125,113,128,16,63,14,106,109,102,45,68,62,5"/><U37/><E2/><V134/><F116/><W132/><G113/><T6/><D70/><U1/><E1/><V35/><F123/><W93/><G106/><T121/><D6/><U18/><E115/><V58/><F0/><W59/><G109/><T3/><D3/><U54/><E119/><V7/><F111/><W92/><G125/><T8/><D8/><U17/><E105/><V25/><F7/><W61/><G128/><T11/><D11/><U56/><E127/><V4/><F4/><W95/><G132/><T133/><D124/><U74/><E135/><V40/><F134/><W79/><G79/><T57/><D133/><U10/><E36/><V98/><F40/><W52/><G5/><T33/><D46/><U19/><E91/><V53/><F38/><W60/><G45/><T32/><D121/><U28/><E78/><V71/><F71/><W129/><G129/><T48/><D85/><U34/><REACH who="1" step="1"/><E74/><REACH who="1" ten="230,240,270,250" step="2"/><V9/><F77/><W51/><G68/><T112/><D112/><U75/><E75/><V39/><F39/><W110/><G110/><T118/><D118/><U80/><E80/><V86/><F83/><W122/><G122/><T117/><D117/><U81/><E81/><V13/><F87/><W22/><N who="3" m="15360" /><DORA hai="42" /><W130/><G130/><T89/><D89/><U65/><E65/><V94/><F86/><W131/><G131/><T88/><D90/><U120/><E120/><V104/><F104/><W101/><AGARI ba="0,1" hai="14,16,22,51,52,59,92,93,95,101,102" m="15360" machi="101" ten="50,8000,1" yaku="0,1,8,1,52,1,54,2" doraHai="50,42" who="3" fromWho="3" sc="230,-20,240,-40,270,-20,250,90" /><INIT seed="2,0,0,3,5,69" ten="210,200,250,340" oya="2" hai0="106,36,96,27,62,123,131,129,103,31,113,51,49" hai1="83,53,134,5,54,125,121,14,71,32,97,40,56" hai2="34,17,115,65,10,46,26,35,112,30,89,2,118" hai3="16,117,42,135,109,120,4,7,0,19,107,24,128"/><V41/><F118/><W81/><G107/><T33/><D123/><U13/><E71/><V25/><F65/><W67/><G120/><T124/><D113/><U122/><E32/><V114/><F89/><W72/><G67/><T44/><D62/><U119/><E83/><V87/><F87/><W55/><G55/><T130/><REACH who="0" step="1"/><D124/><REACH who="0" ten="200,200,250,340" step="2"/><U60/><E125/><V9/><F2/><W98/><G0/><T43/><AGARI ba="0,1" hai="27,31,33,36,43,44,49,51,96,103,106,129,130,131" machi="43" ten="40,12000,2" yaku="1,1,2,1,0,1,19,1,52,1,53,2" doraHai="69" doraHaiUra="47" who="0" fromWho="0" sc="200,130,200,-30,250,-60,340,-30" /><INIT seed="3,0,0,5,4,35" ten="330,170,190,310" oya="3" hai0="124,1,94,20,75,123,90,22,104,53,96,39,0" hai1="5,60,74,48,133,113,59,67,4,92,106,89,105" hai2="24,87,72,64,46,114,25,132,6,32,45,13,16" hai3="63,30,41,79,55,76,34,93,111,37,21,120,50"/><W18/><G120/><T103/><D123/><U15/><E113/><V31/><F72/><W98/><G111/><T19/><D39/><U118/><E74/><V83/><F114/><W42/><G37/><T33/><D33/><U10/><E133/><V73/><F73/><W56/><G34/><T135/><D135/><U127/><E127/><V77/><F132/><W85/><G30/><T66/><D124/><U38/><E38/><V8/><F64/><W129/><G129/><T99/><D75/><U81/><E81/><V91/><F77/><N who="3" m="29771" /><G85/><T7/><D7/><U121/><E121/><V115/><F115/><W17/><G50/><T47/><D66/><U116/><E5/><V2/><REACH who="2" step="1"/><F25/><REACH who="2" ten="330,170,180,310" step="2"/><N who="3" m="14511" /><G18/><T61/><D19/><U112/><E112/><V117/><F117/><N who="1" m="45161" /><E48/><V36/><F36/><W3/><G3/><T70/><D1/><U23/><E23/><AGARI ba="0,1" hai="2,6,8,13,16,23,24,31,32,45,46,83,87,91" machi="23" ten="30,12000,2" yaku="1,1,7,1,24,2,52,1,54,1,53,0" doraHai="35" doraHaiUra="71" who="2" fromWho="1" sc="330,0,170,-120,180,130,310,0" owari="330,43.0,50,-45.0,310,11.0,310,-9.0" /></mjloggm>