<mjloggm ver="2.3"><GO type="225" lobby="0"/><UN n0="%E3%81%AF%E3%82%88%E3%81%8A%E3%81%98%E3%81%95%E3%82%93" n1="%54%4F%52" n2="%E6%80%AA%E3%81%97%E3%81%99%E3%81%8E%E3%82%8B%E3%83%81%E3%83%BC" n3="%E5%AF%82%E5%AF%9E%E3%82%AE%E3%83%8D%E3%82%B9%E3%83%93%E3%83%BC%E3%83%AB" dan="17,17,16,16" rate="2205.59,2232.21,2142.88,2150.10" sx="M,M,M,M"/><TAIKYOKU oya="0"/><INIT seed="0,0,0,5,2,63" ten="250,250,250,250" oya="0" hai0="2,31,47,97,49,46,37,108,50,89,61,65,34" hai1="79,12,45,24,7,35,69,22,10,135,112,132,29" hai2="117,95,18,17,60,54,52,93,75,51,104,91,99" hai3="106,76,16,32,128,88,120,42,92,44,21,122,68"/><T38/><D2/><U119/><E69/><V124/><F124/><W77/><G106/><T131/><D131/><U57/><E79/><V74/><F117/><W67/><G32/><T110/><D31/><U134/><E119/><V103/><F104/><W96/><G128/><T58/><D34/><U126/><E126/><V33/><F33/><W121/><G67/><T66/><D89/><U72/><E72/><V56/><F74/><W123/><N who="3" m="30720" /><DORA hai="129" /><W28/><G68/><T114/><D97/><U3/><E112/><V133/><F133/><W102/><G102/><T64/><D114/><U115/><E115/><V11/><F75/><W27/><G28/><T9/><D9/><U80/><E80/><V105/><F11/><W111/><G111/><N who="0" m="42539" /><D61/><U13/><E57/><N who="2" m="32927" /><F105/><W116/><G116/><T86/><D58/><U87/><E87/><AGARI ba="0,0" hai="17,18,54,56,60,87,91,93,95,99,103" m="32927" machi="87" ten="30,2000,0" yaku="8,1,54,1" doraHai="63,129" who="2" fromWho="1" sc="250,0,250,-20,250,20,250,0" /><INIT seed="1,0,0,4,3,62" ten="250,230,270,250" oya="1" hai0="45,2,48,115,89,54,6,20,102,21,67,71,88" hai1="34,7,101,108,47,51,91,90,80,135,35,5,0" hai2="128,59,79,106,76,109,87,56,66,86,8,10,100" hai3="18,12,37,132,15,92,55,17,113,83,98,117,26"/><U36/><E36/><V64/><F100/><W43/><G113/><T60/><D115/><U129/><E129/><V107/><REACH who="2" step="1"/><F128/><REACH who="2" ten="250,230,260,250" step="2"/><W74/><G117/><T114/><D114/><U127/><E101/><V110/><AGARI ba="0,1" hai="8,10,56,59,64,66,76,79,86,87,106,107,109,110" machi="110" ten="25,12000,2" yaku="1,1,2,1,0,1,22,2,52,2,53,0" doraHai="62" doraHaiUra="1" who="2" fromWho="2" sc="250,-30,230,-60,260,130,250,-30" /><INIT seed="2,0,0,0,4,87" ten="220,170,390,220" oya="2" hai0="54,6,67,76,4,25,79,91,41,70,46,73,49" hai1="71,16,59,77,69,131,83,128,110,82,48,64,108" hai2="116,20,107,5,62,17,9,45,55,42,115,0,101" hai3="57,125,43,124,30,65,112,122,52,134,38,111,98"/><V34/><F115/><W105/><G122/><T80/><D76/><U133/><E77/><V94/><F107/><W119/><G119/><T130/><D130/><N who="1" m="49707" /><E16/><V117/><F34/><W72/><G72/><T11/><D25/><U47/><E83/><V24/><F55/><W63/><G112/><T104/><D104/><U106/><E82/><V51/><REACH who="2" step="1"/><F62/><REACH who="2" ten="220,170,380,220" step="2"/><W18/><G63/><T129/><D54/><N who="1" m="29983" /><E106/><V39/><F39/><W35/><G38/><T29/><D129/><U99/><E99/><AGARI ba="0,1" hai="0,5,9,17,20,24,42,45,51,94,99,101,116,117" machi="99" ten="40,2000,0" yaku="1,1,53,0" doraHai="87" doraHaiUra="66" who="2" fromWho="1" sc="220,0,170,-20,380,30,220,0" /><INIT seed="2,1,0,1,5,61" ten="220,150,410,220" oya="2" hai0="107,62,75,63,80,92,99,100,130,24,117,87,74" hai1="98,30,7,124,71,116,134,128,5,19,25,77,34" hai2="40,93,81,48,60,57,49,90,83,97,51,47,41" hai3="23,86,10,53,96,13,127,31,56,122,38,26,79"/><V103/><F103/><W46/><G122/><T88/><D130/><U44/><E116/><V27/><F27/><W123/><G123/><T95/><D117/><U104/><E128/><V2/><F2/><W133/><G133/><T109/><D109/><U105/><E134/><V55/><REACH who="2" step="1"/><F41/><REACH who="2" ten="220,150,400,220" step="2"/><W9/><G26/><T108/><D108/><U36/><E124/><V114/><F114/><W64/><G127/><T73/><D24/><U110/><E110/><V85/><F85/><W15/><G86/><T125/><D125/><U39/><E98/><V135/><F135/><W121/><G96/><T52/><D107/><U111/><E111/><V131/><F131/><W1/><G1/><T14/><D73/><U43/><E104/><V132/><F132/><W8/><G121/><T42/><D75/><U16/><E105/><V118/><F118/><W37/><G15/><T35/><D42/><U82/><E36/><AGARI ba="1,1" hai="36,40,47,48,49,51,55,57,60,81,83,90,93,97" machi="36" ten="40,2000,0" yaku="1,1,53,0" doraHai="61" doraHaiUra="12" who="2" fromWho="1" sc="220,0,150,-23,400,33,220,0" /><INIT seed="2,2,0,0,3,102" ten="220,127,433,220" oya="2" hai0="29,58,14,19,69,109,120,33,38,56,67,96,78" hai1="0,75,55,126,71,118,105,8,132,121,117,108,110" hai2="79,46,74,30,133,103,9,39,93,123,114,101,6" hai3="4,16,124,70,34,107,47,25,112,90,63,26,86"/><V10/><F114/><W24/><G112/><T44/><D120/><U37/><E55/><V122/><F133/><W125/><G107/><T84/><D109/><U22/><E22/><V100/><F93/><W43/><G4/><T40/><D96/><U28/><E8/><V52/><F30/><W82/><G63/><T23/><D69/><U60/><E60/><V62/><F10/><W20/><G70/><T130/><D130/><U53/><E53/><V45/><F45/><W104/><G104/><T128/><D128/><U51/><E51/><V12/><F39/><W134/><G134/><T48/><D38/><U64/><E64/><V13/><F13/><W61/><G61/><T119/><D119/><U59/><E59/><V27/><F27/><W21/><G34/><T15/><D33/><U36/><E28/><V17/><F6/><W35/><G35/><T95/><D29/><U129/><E36/><V127/><F127/><N who="3" m="48715" /><G21/><T76/><D14/><U5/><E5/><V111/><F111/><W89/><G89/><N who="0" m="53671" /><D67/><U49/><E49/><AGARI ba="2,0" hai="16,20,24,25,26,43,47,49,82,86,90" m="48715" machi="49" ten="30,2000,0" yaku="18,1,54,1" doraHai="102" who="3" fromWho="1" sc="220,0,127,-26,433,0,220,26" /><INIT seed="3,0,0,1,3,131" ten="220,101,433,246" oya="3" hai0="17,46,20,93,10,133,35,99,118,9,33,22,127" hai1="31,21,34,107,38,68,135,102,4,29,37,84,61" hai2="124,92,76,77,104,73,80,52,125,39,90,2,63" hai3="7,44,91,30,47,122,53,111,100,15,19,88,134"/><W59/><G134/><T96/><D118/><U119/><E21/><V89/><F39/><W67/><G122/><T5/><D127/><N who="2" m="48714" /><F2/><W70/><G70/><T50/><D133/><U25/><E84/><N who="2" m="52263" /><F104/><W85/><G67/><T75/><D75/><U8/><E31/><V82/><F90/><W109/><G100/><T3/><D10/><U74/><E119/><V108/><F108/><N who="3" m="41547" /><G7/><T72/><D72/><U32/><E32/><V40/><F40/><W16/><G91/><T87/><D87/><U1/><E74/><N who="2" m="43031" /><F52/><W0/><G0/><T106/><D106/><U51/><E51/><V94/><F94/><N who="3" m="54543" /><G30/><T24/><D99/><U114/><E114/><V64/><F64/><W26/><G26/><T49/><D93/><U11/><E11/><V110/><F110/><W65/><G65/><T86/><D96/><U48/><E48/><V132/><F132/><W128/><G128/><T23/><D50/><U42/><E42/><V27/><F63/><N who="3" m="36335" /><G19/><T101/><D101/><U117/><E117/><V81/><F81/><W13/><G13/><T113/><D17/><U66/><E135/><V57/><F27/><W60/><G60/><T105/><D24/><U115/><E115/><V112/><F112/><W62/><G62/><T12/><D113/><U69/><E69/><V58/><AGARI ba="0,0" hai="57,58,73,77,82" m="43031,52263,48714" machi="58" ten="30,1100,0" yaku="18,1" doraHai="131" who="2" fromWho="2" sc="220,-3,101,-3,433,11,246,-5" owari="217,-18.3,98,-40.2,444,54.4,241,4.1" /></mjloggm>