<mjloggm ver="2.3"><GO type="225" lobby="0"/><UN n0="%E3%81%AF%E3%82%88%E3%81%8A%E3%81%98%E3%81%95%E3%82%93" n1="%E3%81%A8%E3%82%93%E3%81%A8%E3%81%93%E3%81%A8%E3%82%93" n2="%E3%82%A2%E3%82%A4%E3%82%B9%E3%83%86%E3%82%A3%E3%83%BC%E3%81%82%E3%81%B9" n3="%E5%8F%AF%E5%85%90%E9%82%A3%E7%94%B1%E5%A4%9A" dan="17,16,16,17" rate="2181.85,2104.54,2083.96,2228.47" sx="M,M,M,F"/><TAIKYOKU oya="0"/><INIT seed="0,0,0,3,0,0" ten="250,250,250,250" oya="0" hai0="94,24,119,101,64,23,58,6,122,80,67,49,87" hai1="86,37,82,121,126,92,43,9,13,78,77,10,71" hai2="132,25,112,133,90,75,95,115,56,3,1,85,72" hai3="130,15,54,125,106,50,20,110,18,108,81,62,99"/><T68/><D119/><U12/><E121/><V111/><F111/><N who="3" m="42539" /><G130/><T7/><D122/><U57/><E71/><V28/><F56/><W21/><G125/><T32/><D32/><U16/><E126/><V128/><F128/><W36/><G36/><T44/><D68/><U2/><E2/><N who="2" m="523" /><F75/><W96/><G62/><N who="0" m="37975" /><D67/><U4/><E37/><V27/><F72/><W103/><G81/><T104/><D104/><U98/><E43/><V107/><F107/><W93/><G21/><T8/><D8/><U31/><E31/><V5/><F5/><N who="0" m="1546" /><D101/><N who="1" m="60615" /><E57/><V105/><F105/><W41/><G106/><T65/><D65/><U52/><E52/><V63/><F63/><W91/><G41/><N who="0" m="24719" /><D94/><U88/><AGARI ba="0,0" hai="4,9,10,12,13,16,77,78,82,86,88" m="60615" machi="88" ten="30,7900,0" yaku="8,1,52,1,54,2" doraHai="0" who="1" fromWho="1" sc="250,-39,250,79,250,-20,250,-20" /><INIT seed="1,0,0,2,5,17" ten="211,329,230,230" oya="1" hai0="20,19,80,24,32,87,132,89,2,66,125,36,35" hai1="22,88,124,116,65,58,128,123,93,134,44,54,6" hai2="61,112,110,64,67,26,102,29,75,43,52,98,97" hai3="57,55,70,118,76,78,91,69,5,127,100,109,129"/><U122/><E116/><V1/><F110/><W9/><G109/><T114/><D114/><U130/><E6/><V8/><F75/><W53/><G118/><T120/><D36/><U40/><E124/><V63/><F43/><W105/><G127/><T79/><D125/><U81/><E134/><V83/><F83/><W68/><G129/><N who="1" m="49770" /><E81/><V101/><F8/><W103/><G91/><T4/><D132/><U7/><E65/><N who="2" m="25163" /><F1/><W133/><G133/><T50/><D120/><U119/><E7/><V51/><F98/><W37/><G37/><T115/><D115/><U94/><E119/><V106/><F106/><W31/><G31/><T135/><D135/><U18/><E54/><V82/><F82/><W34/><G53/><T49/><D66/><U16/><E58/><N who="2" m="33055" /><F97/><W23/><G69/><T90/><D4/><U12/><E94/><V13/><F13/><W84/><G70/><T39/><D2/><U107/><E107/><V28/><F112/><W46/><G105/><T113/><D113/><U60/><E60/><N who="2" m="23115" /><F26/><W131/><G68/><T111/><D111/><U92/><E93/><V117/><F117/><W41/><G131/><T72/><D39/><N who="1" m="21535" /><E18/><V11/><F11/><W86/><G9/><T38/><D38/><U10/><E10/><V25/><F25/><W30/><G41/><T74/><D72/><U0/><E0/><V126/><F126/><W45/><G5/><T71/><D71/><U48/><E48/><N who="0" m="18537" /><D74/><U27/><E27/><V121/><F121/><W56/><G30/><AGARI ba="0,0" hai="28,29,30,101,102" m="23115,33055,25163" machi="30" ten="30,2000,0" yaku="8,1,54,1" doraHai="17" who="2" fromWho="3" sc="211,0,329,0,230,20,230,-20" /><INIT seed="2,0,0,2,4,17" ten="211,329,250,210" oya="2" hai0="5,134,18,71,77,46,117,29,72,16,49,20,6" hai1="9,107,102,100,76,39,35,45,94,14,66,15,2" hai2="40,93,79,69,120,92,124,48,22,135,82,101,106" hai3="119,50,34,108,25,63,91,61,1,54,37,78,81"/><V36/><F120/><W75/><G119/><T95/><D71/><U12/><E35/><V113/><F69/><W3/><G37/><T32/><D32/><U64/><E107/><V19/><F113/><W47/><G108/><T44/><D117/><U73/><E94/><V111/><F36/><W125/><G125/><T121/><D121/><U118/><E100/><V10/><F124/><W41/><G91/><T83/><D134/><U97/><E97/><V103/><F135/><W0/><REACH who="3" step="1"/><G41/><REACH who="3" ten="211,329,250,200" step="2"/><T11/><D77/><U38/><E118/><V110/><F79/><W42/><G42/><T122/><D122/><U65/><E102/><V55/><F40/><W67/><G67/><T53/><D53/><U87/><E39/><V56/><F103/><W51/><G51/><T86/><D49/><U104/><E65/><V30/><F101/><W13/><G13/><T58/><D83/><U33/><E64/><V60/><F48/><W23/><G23/><T27/><D95/><U24/><E66/><V68/><F68/><W129/><G129/><T31/><D20/><U59/><E38/><V133/><F82/><W96/><G96/><T26/><D11/><U99/><E9/><V131/><F131/><W70/><G70/><T21/><D21/><U112/><E15/><N who="2" m="7671" /><F133/><W114/><G114/><T109/><D109/><N who="2" m="41482" /><F106/><W28/><AGARI ba="0,1" hai="0,1,3,25,28,34,47,50,54,61,63,75,78,81" machi="28" ten="40,5200,0" yaku="1,1,0,1,53,1" doraHai="17" doraHaiUra="43" who="3" fromWho="3" sc="211,-13,329,-13,250,-26,200,62" /><INIT seed="3,0,0,1,5,35" ten="198,316,224,262" oya="3" hai0="47,10,53,46,90,111,52,123,17,114,126,57,92" hai1="5,93,108,85,1,12,7,6,29,59,63,81,88" hai2="107,132,61,98,102,101,26,3,56,97,118,68,121" hai3="115,42,69,60,0,11,38,105,94,45,87,20,9"/><W106/><G115/><T15/><D123/><U21/><E1/><V78/><F118/><W120/><G120/><T66/><D111/><U16/><E108/><V44/><F121/><W22/><G22/><T18/><D126/><U110/><E110/><V27/><F68/><W96/><G20/><T134/><D134/><U91/><E29/><V100/><F3/><W103/><G87/><T125/><D125/><U104/><E104/><V13/><F78/><W86/><G86/><T67/><D114/><U58/><E63/><V83/><F83/><W122/><G11/><T71/><D71/><U112/><E112/><V34/><F34/><W79/><G79/><T28/><D28/><U48/><E48/><V8/><F44/><N who="0" m="16938" /><D17/><U30/><E30/><V41/><F41/><W19/><G122/><T64/><D57/><U24/><E24/><N who="2" m="9259" /><F107/><W119/><G119/><T129/><D129/><U130/><E130/><V32/><F132/><W39/><G39/><T43/><D43/><U135/><E135/><V54/><F32/><W2/><G106/><T70/><D70/><U72/><E72/><V73/><F73/><W84/><G105/><T77/><D77/><U51/><E51/><V95/><F98/><AGARI ba="0,0" hai="10,15,18,52,53,64,66,67,90,92,98" m="16938" machi="98" ten="30,2000,0" yaku="8,1,54,1" doraHai="35" who="0" fromWho="2" sc="198,20,316,0,224,-20,262,0" /><AGARI ba="0,0" hai="5,6,7,12,16,21,58,59,81,85,88,91,93,98" machi="98" ten="40,5200,0" yaku="8,1,54,2" doraHai="35" who="1" fromWho="2" sc="218,0,316,52,204,-52,262,0" owari="218,-18.2,368,46.8,152,-34.8,262,6.2" /></mjloggm>