<mjloggm ver="2.3"><GO type="225" lobby="0"/><UN n0="%E6%B8%A9%E2%98%85%E6%83%85%E2%98%85%E6%8E%AA%E2%98%85%E7%BD%AE" n1="%E3%83%AD%E3%83%83%E3%83%86%E9%9B%80%E7%90%83" n2="%E6%A1%9C%E8%8A%B1%E9%96%83%E3%80%85" n3="%73%6C%69%63%6B%33%31%39" dan="16,17,17,16" rate="2121.59,2245.34,2125.23,2164.49" sx="M,M,M,M"/><TAIKYOKU oya="0"/><INIT seed="0,0,0,2,5,84" ten="250,250,250,250" oya="0" hai0="118,33,120,31,68,65,58,48,13,101,4,106,47" hai1="66,121,14,36,92,32,116,108,90,3,114,132,46" hai2="85,28,105,94,86,8,78,25,30,129,27,20,96" hai3="76,117,71,102,99,64,41,133,50,130,16,11,73"/><T104/><D118/><U43/><E3/><V107/><F129/><W12/><G117/><T23/><D120/><U123/><E116/><V53/><F8/><W124/><G130/><T100/><D68/><U72/><E108/><V126/><F126/><W37/><G37/><T38/><D38/><U77/><E132/><V57/><F105/><W112/><G112/><T115/><D33/><U95/><E32/><V63/><F107/><W39/><G39/><T93/><D106/><U26/><E114/><V81/><F86/><W29/><G133/><T54/><D104/><U35/><E66/><V70/><F70/><W45/><G124/><T110/><D110/><U134/><E95/><V40/><F40/><W51/><G51/><T49/><D115/><U125/><E14/><V9/><F9/><W113/><G113/><T1/><D1/><U82/><E125/><V109/><F109/><W98/><G29/><T15/><D4/><U91/><E134/><V131/><F131/><W52/><G41/><N who="0" m="24687" /><D65/><U69/><E69/><V55/><F55/><W5/><G5/><T44/><D44/><U19/><E92/><V6/><F6/><W60/><REACH who="3" step="1"/><G102/><REACH who="3" ten="250,250,250,240" step="2"/><T128/><D128/><U22/><REACH who="1" step="1"/><E35/><REACH who="1" ten="250,240,250,240" step="2"/><V80/><F27/><W89/><G89/><AGARI ba="0,2" hai="19,22,26,36,43,46,72,77,82,89,90,91,121,123" machi="89" ten="40,8000,1" yaku="1,1,2,1,52,3,53,0" doraHai="84" doraHaiUra="34" who="1" fromWho="3" sc="250,0,240,100,250,0,240,-80" /><INIT seed="1,0,0,1,1,67" ten="250,340,250,160" oya="1" hai0="46,106,128,8,65,99,57,12,126,42,62,51,81" hai1="44,133,114,60,90,34,55,105,66,86,5,37,35" hai2="54,64,76,124,84,120,134,26,38,21,3,129,96" hai3="49,23,102,74,10,117,27,131,121,17,97,7,28"/><U107/><E114/><V77/><F120/><W83/><G121/><T116/><D116/><U24/><E133/><V1/><F134/><W123/><G123/><T71/><D128/><U92/><E5/><V29/><F129/><W72/><G131/><T47/><D126/><U68/><E55/><V59/><F124/><W30/><G117/><T85/><D47/><U113/><E113/><V94/><F38/><W112/><G112/><T36/><D106/><U4/><E4/><V103/><F54/><W19/><G30/><T6/><D99/><U110/><E110/><V41/><F41/><W70/><G70/><T58/><REACH who="0" step="1"/><D36/><REACH who="0" ten="240,340,250,160" step="2"/><U93/><E44/><V39/><F39/><W52/><G97/><T63/><D63/><U98/><E37/><V56/><F96/><W118/><G118/><T22/><D22/><U50/><E50/><V69/><F21/><W20/><G20/><T119/><D119/><U32/><REACH who="1" step="1"/><E24/><REACH who="1" ten="240,330,250,160" step="2"/><V101/><F26/><W0/><G49/><T91/><AGARI ba="0,2" hai="6,8,12,42,46,51,57,58,62,65,71,81,85,91" machi="91" ten="20,5200,0" yaku="1,1,0,1,7,1,52,1,53,0" doraHai="67" doraHaiUra="18" who="0" fromWho="0" sc="240,72,330,-26,250,-13,160,-13" /><INIT seed="2,0,0,0,4,30" ten="312,304,237,147" oya="2" hai0="13,12,38,77,128,52,29,51,53,45,59,61,6" hai1="105,27,49,44,94,120,8,15,92,122,102,2,66" hai2="46,104,16,125,63,78,115,93,60,58,89,82,131" hai3="124,107,9,88,83,134,37,10,35,74,72,99,95"/><V26/><F115/><W76/><G37/><T71/><D128/><U50/><E2/><V87/><F131/><W56/><G134/><T11/><D71/><U101/><E66/><V113/><F113/><W23/><G124/><T100/><D38/><U123/><E27/><V109/><F125/><W133/><G133/><T55/><D29/><U86/><E86/><V3/><F3/><W28/><G23/><T65/><D100/><N who="1" m="38507" /><E105/><V103/><F109/><W69/><G69/><T39/><D39/><U81/><E81/><V75/><F46/><W110/><G110/><T130/><D130/><U70/><E70/><V41/><F41/><W132/><G132/><T7/><D77/><U135/><E135/><V5/><F5/><W91/><G107/><T43/><D13/><U111/><E111/><V79/><F79/><W98/><G74/><T97/><D97/><U25/><E25/><V112/><F112/><W84/><G56/><T68/><D68/><U80/><E80/><V48/><F48/><N who="1" m="18537" /><E44/><V36/><F36/><W119/><G119/><T40/><D40/><U32/><E32/><V62/><F103/><W106/><G106/><T117/><D117/><U18/><AGARI ba="0,0" hai="8,15,18,92,94,120,122,123" m="18537,38507" machi="18" ten="40,1500,0" yaku="13,1" doraHai="30" who="1" fromWho="1" sc="312,-4,304,15,237,-7,147,-4" /><INIT seed="3,0,0,3,2,30" ten="308,319,230,143" oya="3" hai0="65,122,109,121,114,127,17,56,54,106,37,86,126" hai1="20,97,87,123,78,61,113,99,6,29,48,84,42" hai2="68,58,83,79,82,112,90,33,116,100,88,14,119" hai3="24,10,46,91,73,133,57,110,60,12,89,21,77"/><W23/><G133/><T108/><D114/><U19/><E123/><N who="0" m="47113" /><D106/><U129/><E129/><V85/><F68/><W55/><G73/><T28/><D37/><U105/><E105/><V0/><F0/><W7/><G77/><T8/><D28/><U18/><E113/><V49/><F112/><W26/><G110/><N who="0" m="42603" /><D65/><U62/><E6/><V67/><F100/><W2/><G2/><T64/><D64/><U98/><E29/><V50/><F33/><W74/><G74/><T124/><D86/><N who="1" m="32811" /><E78/><V41/><F82/><W118/><G118/><T130/><D130/><U11/><E11/><V45/><F116/><W69/><G69/><T96/><D96/><U52/><E42/><V107/><F107/><W95/><G46/><T22/><D8/><U94/><E94/><V35/><F35/><W39/><G39/><T9/><D9/><U47/><E18/><V81/><F14/><AGARI ba="0,0" hai="14,19,20,47,48,52,61,62,97,98,99" m="32811" machi="14" ten="30,2000,0" yaku="8,1,54,1" doraHai="30" who="1" fromWho="2" sc="308,0,319,20,230,-20,143,0" owari="308,10.8,339,43.9,210,-19.0,143,-35.7" /></mjloggm>