<mjloggm ver="2.3"><GO type="225" lobby="0"/><UN n0="%E3%82%B4%E3%83%AA%E3%83%91%E3%83%A9" n1="%E3%81%B5%E3%81%98%E3%81%8B%E3%81%A4" n2="%E3%81%BF%E3%81%BF%E3%81%9A" n3="%E7%B4%94%E6%BD%94%E3%83%94%E3%83%A9%E3%83%8B%E3%82%A2" dan="16,16,17,16" rate="2142.48,2210.90,2245.06,2156.03" sx="M,M,M,M"/><TAIKYOKU oya="0"/><INIT seed="0,0,0,4,1,72" ten="250,250,250,250" oya="0" hai0="34,68,20,133,126,129,118,106,35,43,57,47,30" hai1="79,73,96,65,85,24,62,46,22,80,53,51,82" hai2="17,3,88,120,124,44,78,98,101,94,127,27,13" hai3="4,45,49,71,14,108,7,70,21,39,36,125,134"/><T97/><D118/><U23/><E96/><V105/><F3/><W58/><G108/><T38/><D126/><N who="2" m="48170" /><F120/><W60/><G125/><T26/><D129/><U28/><E22/><N who="2" m="11567" /><F44/><W37/><G21/><T12/><D133/><U128/><E128/><V83/><F27/><W31/><G31/><T64/><D57/><U93/><E93/><V33/><F33/><W56/><G14/><T67/><D34/><U15/><E15/><V54/><F54/><N who="3" m="31823" /><G4/><T123/><D123/><U102/><E102/><V40/><F40/><N who="3" m="22663" /><G7/><T1/><D1/><U8/><E8/><V2/><F2/><W18/><G18/><T132/><D132/><U89/><E62/><V50/><F50/><W59/><G59/><T61/><D67/><U11/><E65/><V76/><F83/><W19/><G19/><T9/><D20/><U95/><E11/><V48/><F48/><W10/><G10/><T103/><REACH who="0" step="1"/><D9/><REACH who="0" ten="240,250,250,250" step="2"/><U112/><REACH who="1" step="1"/><E95/><REACH who="1" ten="240,240,250,250" step="2"/><V91/><F94/><W110/><G134/><T113/><D113/><AGARI ba="0,2" hai="23,24,28,46,51,53,73,79,80,82,85,89,112,113" machi="113" ten="40,5200,0" yaku="1,1,2,1,52,1,53,0" doraHai="72" doraHaiUra="117" who="1" fromWho="0" sc="240,-52,240,72,250,0,250,0" /><INIT seed="1,0,0,3,5,25" ten="188,312,250,250" oya="1" hai0="74,28,123,76,12,93,87,103,39,37,101,62,48" hai1="131,129,128,34,72,98,71,9,125,91,95,117,85" hai2="65,108,60,81,109,66,127,75,14,100,135,133,104" hai3="112,24,88,61,82,1,83,90,5,3,19,23,77"/><U94/><E71/><N who="2" m="42407" /><F14/><W78/><G112/><T44/><D123/><U53/><E34/><V134/><F66/><W59/><G3/><T45/><D74/><U20/><E117/><V36/><F36/><W79/><G1/><T7/><D62/><U97/><E9/><V105/><F127/><W40/><G40/><T119/><D119/><U41/><E41/><V80/><F80/><N who="3" m="30763" /><G5/><T4/><D76/><N who="3" m="19457" /><W57/><DORA hai="0" /><G57/><T92/><D12/><U126/><E72/><V63/><F63/><W43/><G43/><T113/><D87/><U38/><E38/><V114/><F75/><W86/><G86/><T49/><REACH who="0" step="1"/><D28/><REACH who="0" ten="178,312,250,250" step="2"/><U27/><E85/><V70/><F114/><AGARI ba="0,1" hai="4,7,37,39,44,45,48,49,92,93,101,103,113,114" machi="114" ten="25,16000,3" yaku="1,1,2,1,22,2,52,2,53,2" doraHai="25,0" doraHaiUra="8,46" who="0" fromWho="2" sc="178,170,312,0,250,-160,250,0" /><INIT seed="2,0,0,5,1,25" ten="348,312,90,250" oya="2" hai0="47,22,85,80,126,26,79,56,83,78,60,92,32" hai1="29,62,119,103,73,45,99,23,87,109,108,10,114" hai2="51,124,16,122,21,15,135,121,132,4,113,44,14" hai3="34,94,37,120,53,98,89,93,8,72,71,74,17"/><V88/><F113/><W41/><G120/><T77/><D126/><U46/><E114/><V63/><F124/><W86/><G71/><T117/><D32/><U66/><E73/><V64/><F4/><W6/><G34/><T20/><D117/><U48/><E87/><V27/><F121/><W134/><G134/><N who="2" m="51241" /><F122/><W128/><G128/><T33/><D47/><U112/><E119/><V82/><F51/><W18/><G41/><T40/><D40/><U81/><E48/><V35/><F44/><W58/><G37/><T57/><D33/><U101/><E10/><V133/><N who="2" m="51249" /><V68/><DORA hai="38" /><F35/><W123/><G123/><T129/><D20/><U9/><E112/><V11/><F11/><W3/><G74/><T12/><D12/><U111/><E9/><V30/><F16/><W107/><G72/><T19/><D129/><U131/><E131/><V96/><F82/><N who="0" m="31274" /><D60/><U67/><E81/><V54/><F54/><W116/><G116/><T69/><D69/><U52/><E52/><V39/><F39/><W95/><G17/><T7/><D7/><U5/><E5/><V43/><F43/><W115/><G18/><T55/><D55/><U36/><E36/><V127/><F127/><W110/><G115/><T104/><D56/><U59/><E46/><V13/><F14/><W130/><G130/><T125/><D125/><U65/><E45/><V91/><F91/><W61/><G3/><T42/><D42/><U97/><E111/><V31/><F30/><W106/><G110/><T76/><D19/><U1/><E109/><V75/><F75/><W2/><G2/><RYUUKYOKU ba="0,0" sc="348,-10,312,-10,90,30,250,-10" hai2="13,15,21,27,31,63,64,68,88,96" /><INIT seed="2,1,0,2,5,29" ten="338,302,120,240" oya="2" hai0="120,34,91,111,95,99,56,71,33,73,46,14,61" hai1="24,39,80,35,45,4,133,70,126,52,2,53,106" hai2="124,8,79,27,18,68,11,30,119,118,44,116,6" hai3="84,103,115,110,65,48,54,59,38,125,23,83,117"/><V47/><F68/><W82/><G117/><T109/><D120/><U57/><E126/><V78/><F124/><W75/><G125/><T17/><D71/><U74/><E70/><V0/><F18/><W102/><G38/><T69/><D69/><U134/><E106/><V66/><F66/><W10/><G115/><T67/><D46/><U3/><E4/><V130/><F11/><W100/><G110/><N who="0" m="41995" /><D73/><U112/><E112/><V132/><F130/><W31/><G75/><T19/><D19/><U64/><E64/><V26/><F26/><N who="3" m="16863" /><G10/><AGARI ba="1,0" hai="10,14,17,33,34,56,61,67,91,95,99" m="41995" machi="10" ten="30,3900,0" yaku="14,1,52,2" doraHai="29" who="0" fromWho="3" sc="338,42,302,0,120,0,240,-42" /><INIT seed="3,0,0,4,1,129" ten="380,302,120,198" oya="3" hai0="105,34,30,74,117,80,39,36,51,100,12,113,53" hai1="42,71,35,131,8,24,134,21,14,99,81,116,123" hai2="127,59,38,50,125,25,10,124,20,3,88,19,92" hai3="109,85,107,68,22,29,1,87,121,32,111,106,135"/><W91/><G32/><T78/><D117/><U79/><E71/><V49/><F38/><W11/><G68/><T63/><D113/><U95/><E116/><V120/><F120/><W133/><G121/><T90/><D63/><U112/><E123/><V108/><F108/><N who="3" m="41547" /><G29/><T17/><D90/><U110/><E131/><V4/><REACH who="2" step="1"/><F59/><REACH who="2" ten="380,302,110,198" step="2"/><W37/><G37/><T67/><D36/><U43/><E110/><V5/><F5/><N who="3" m="1455" /><G22/><T114/><D39/><U60/><E21/><V128/><F128/><W31/><G31/><T132/><D30/><U104/><E35/><V18/><F18/><W58/><G58/><T41/><D17/><U69/><E69/><V54/><F54/><W84/><G91/><T55/><D34/><U66/><E66/><V70/><F70/><W0/><G0/><T16/><D67/><U130/><E130/><V115/><F115/><W64/><G64/><T73/><D114/><U89/><E112/><V46/><F46/><W13/><G13/><T23/><D12/><U75/><E89/><V44/><F44/><W82/><G82/><T103/><D80/><U7/><E14/><V56/><F56/><W45/><G45/><T48/><D53/><U62/><E81/><V52/><F52/><W2/><G2/><T26/><D55/><U27/><E43/><V96/><AGARI ba="0,1" hai="3,4,10,19,20,25,49,50,88,92,96,124,125,127" machi="96" ten="30,7900,0" yaku="1,1,0,1,18,1,54,1,53,0" doraHai="129" doraHaiUra="119" who="2" fromWho="2" sc="380,-20,302,-20,110,89,198,-39" owari="360,46.0,282,8.2,199,-20.1,159,-34.1" /></mjloggm>