<mjloggm ver="2.3"><GO type="225" lobby="0"/><UN n0="%72%69%6F%75%63%68%61%6E" n1="%E9%95%B7%E5%B3%B6%E3%83%B3%E3%82%AC%E3%83%B3" n2="%6D%75%75%6D%75%72%61" n3="%E9%80%9F%E6%B0%B4%E5%87%9B%E9%A6%99" dan="16,17,16,17" rate="2178.43,2131.55,2129.60,2176.07" sx="M,M,F,F"/><TAIKYOKU oya="0"/><INIT seed="0,0,0,2,2,80" ten="250,250,250,250" oya="0" hai0="126,74,88,96,135,19,95,26,90,122,16,92,114" hai1="62,18,73,106,81,13,20,111,6,5,49,23,87" hai2="99,133,3,64,127,117,33,71,70,76,124,17,25" hai3="93,21,112,68,94,131,0,69,82,121,78,118,101"/><T7/><D114/><U28/><E73/><V36/><F36/><W8/><G112/><T42/><D122/><U130/><E111/><V11/><F133/><W38/><G38/><T24/><D74/><U113/><E113/><V41/><F41/><W60/><G118/><T105/><D135/><U32/><E32/><V109/><F109/><W98/><G121/><T67/><D126/><U79/><E106/><V39/><F39/><W57/><G131/><T35/><D105/><U40/><E62/><V22/><F117/><W10/><G94/><T59/><D42/><U100/><E100/><V129/><F33/><W63/><G63/><N who="0" m="38399" /><D35/><U52/><E40/><V86/><F129/><W61/><G61/><T4/><D24/><N who="1" m="16415" /><E130/><V30/><F64/><W15/><G0/><T120/><D120/><U51/><E51/><V54/><F54/><W110/><G110/><T115/><D115/><U48/><E48/><V47/><F47/><AGARI ba="0,0" hai="5,6,13,18,20,47,49,52,79,81,87" m="16415" machi="47" ten="30,3900,0" yaku="8,1,52,1,54,1" doraHai="80" who="1" fromWho="2" sc="250,0,250,39,250,-39,250,0" /><INIT seed="1,0,0,1,2,44" ten="250,289,211,250" oya="1" hai0="121,103,102,106,135,25,99,35,10,43,23,88,47" hai1="51,60,41,29,62,15,116,5,38,50,127,59,36" hai2="118,58,37,39,124,80,18,63,48,68,1,11,122" hai3="126,40,104,49,46,110,65,76,12,112,120,22,81"/><U54/><E29/><V42/><F118/><W91/><G120/><T67/><D35/><U9/><E116/><V117/><F122/><W114/><G104/><T8/><D121/><U2/><E127/><V73/><F124/><W132/><G126/><T98/><D135/><U108/><E108/><V109/><F109/><W111/><G111/><T95/><D67/><U53/><E41/><V61/><F117/><W133/><G110/><T30/><REACH who="0" step="1"/><D102/><REACH who="0" ten="240,289,211,250" step="2"/><U101/><E101/><V27/><F68/><W86/><G133/><T129/><D129/><U14/><E60/><V66/><F63/><W17/><G132/><T125/><D125/><U74/><E62/><V113/><F61/><W79/><REACH who="3" step="1"/><G65/><REACH who="3" ten="240,289,211,240" step="2"/><T4/><D4/><U77/><E5/><V93/><F66/><W20/><G20/><T57/><D57/><U32/><E59/><V6/><F58/><W31/><G31/><T71/><D71/><U19/><E32/><V24/><F6/><W105/><G105/><T131/><D131/><U45/><E19/><V123/><F18/><W87/><G87/><T97/><D97/><U115/><E74/><V96/><F73/><W0/><G0/><T56/><D56/><U72/><E2/><V26/><F1/><W130/><G130/><T85/><D85/><U70/><E72/><V83/><F96/><W16/><G16/><T28/><D28/><U90/><E70/><V134/><F123/><W55/><G55/><T82/><D82/><U13/><E53/><V78/><F134/><W94/><G94/><T100/><D100/><U84/><E54/><V33/><F93/><RYUUKYOKU ba="0,2" sc="240,15,289,-15,211,-15,240,15" hai0="8,10,23,25,30,43,47,88,95,98,99,103,106" hai3="12,17,22,40,46,49,76,79,81,86,91,112,114" /><INIT seed="2,1,2,0,2,64" ten="255,274,196,255" oya="2" hai0="133,47,119,32,114,108,80,132,63,3,54,40,70" hai1="81,18,134,131,111,75,1,4,127,37,79,95,23" hai2="82,110,12,28,30,21,62,57,117,89,51,87,58" hai3="93,59,106,107,72,83,90,88,67,130,49,116,99"/><V17/><F117/><W100/><G116/><T85/><D114/><U20/><E111/><V44/><F110/><W61/><G130/><T27/><D108/><U126/><E134/><N who="0" m="51817" /><D3/><U52/><E131/><V29/><REACH who="2" step="1"/><F62/><REACH who="2" ten="255,274,186,255" step="2"/><W98/><G61/><T36/><D119/><U66/><E126/><V109/><F109/><W53/><G67/><N who="0" m="41343" /><D54/><AGARI ba="1,3" hai="12,17,21,28,29,30,44,51,54,57,58,82,87,89" machi="54" ten="40,3900,0" yaku="1,1,8,1,53,0" doraHai="64" doraHaiUra="74" who="2" fromWho="0" sc="255,-42,274,0,186,72,255,0" /><INIT seed="2,2,0,4,4,33" ten="213,274,258,255" oya="2" hai0="19,129,75,60,91,118,92,57,25,102,16,134,121" hai1="89,93,88,27,64,31,76,120,66,72,47,37,108" hai2="24,109,104,94,95,9,13,22,86,38,11,132,18" hai3="98,36,71,5,61,115,77,111,87,116,106,28,131"/><V96/><F132/><W51/><G36/><T83/><D121/><U124/><E108/><V14/><F38/><W70/><G116/><T15/><D134/><U59/><E124/><V125/><F125/><W8/><G28/><T133/><D133/><U1/><E1/><V10/><F109/><W7/><G111/><T32/><D129/><U67/><E120/><V78/><F104/><W30/><G30/><T53/><D118/><U4/><E4/><V105/><F105/><W74/><G74/><T79/><D102/><U117/><E117/><V43/><F43/><W97/><G5/><T29/><REACH who="0" step="1"/><D15/><REACH who="0" ten="203,274,258,255" step="2"/><U49/><E66/><V54/><F13/><W68/><G131/><T56/><D56/><U52/><E64/><V119/><F119/><W21/><G71/><T135/><D135/><U12/><E12/><V3/><F14/><W80/><G70/><T40/><D40/><U42/><E67/><V20/><F54/><W103/><G68/><T84/><AGARI ba="2,1" hai="16,19,25,29,32,53,57,60,75,79,83,84,91,92" machi="84" ten="20,5200,0" yaku="1,1,0,1,7,1,54,1,53,0" doraHai="33" doraHaiUra="100" who="0" fromWho="0" sc="203,68,274,-15,258,-28,255,-15" /><INIT seed="3,0,0,2,1,9" ten="271,259,230,240" oya="3" hai0="23,42,113,73,130,95,84,49,31,5,13,27,123" hai1="92,104,117,96,80,55,119,77,2,91,65,74,46" hai2="17,110,34,99,19,111,112,106,90,39,59,68,36" hai3="0,129,120,52,45,7,58,127,79,3,67,60,30"/><W8/><G120/><T18/><D123/><U35/><E35/><V98/><F34/><W83/><G129/><T11/><D73/><U89/><E2/><V50/><F68/><W51/><G127/><T57/><D130/><U56/><E65/><V128/><F112/><W4/><G30/><T103/><D113/><U125/><E46/><V82/><F128/><W97/><G97/><N who="2" m="36873" /><F106/><W72/><REACH who="3" step="1"/><G4/><REACH who="3" ten="271,259,230,230" step="2"/><T71/><D5/><U32/><E125/><V134/><F111/><W64/><G64/><T133/><D31/><U93/><E96/><V54/><F110/><W131/><G131/><T66/><D66/><U118/><E117/><V29/><F29/><W47/><G47/><T69/><D103/><U107/><E118/><V132/><F134/><W22/><G22/><T15/><D23/><U14/><E119/><V24/><F132/><W116/><G116/><T76/><D133/><U62/><E104/><V105/><F105/><W108/><G108/><T78/><D71/><U63/><E107/><V48/><F19/><W33/><G33/><T25/><D18/><U10/><E32/><V114/><F114/><W81/><G81/><T40/><D69/><U37/><E80/><V87/><F17/><W115/><G115/><T100/><D100/><U53/><E92/><V1/><F1/><AGARI ba="0,1" hai="0,1,3,7,8,45,51,52,58,60,67,72,79,83" machi="1" ten="30,5800,0" yaku="1,1,7,1,54,1,53,0" doraHai="9" doraHaiUra="26" who="3" fromWho="2" sc="271,0,259,0,230,-58,230,68" /><INIT seed="3,1,0,0,0,17" ten="271,259,172,298" oya="3" hai0="56,70,107,131,57,32,130,10,7,54,105,27,69" hai1="41,60,15,89,78,1,18,38,102,34,76,95,21" hai2="86,0,68,28,101,2,116,51,29,97,22,104,52" hai3="100,106,134,61,123,5,132,23,65,49,114,44,74"/><W129/><G74/><T3/><D57/><U35/><E1/><V43/><F116/><W13/><G123/><T31/><D54/><U121/><E121/><V66/><F43/><W75/><G75/><T55/><D55/><U125/><E125/><V120/><F120/><W16/><G114/><T117/><D56/><U53/><E102/><V115/><F115/><W110/><G129/><N who="0" m="49163" /><D117/><U126/><E126/><V119/><F119/><W67/><G5/><T64/><D64/><U48/><E38/><V112/><F112/><W4/><G4/><T118/><D118/><U99/><E60/><V81/><F66/><W92/><G106/><AGARI ba="1,0" hai="3,7,10,27,31,32,69,70,105,106,107" m="49163" machi="106" ten="30,2000,0" yaku="19,1,23,1" doraHai="17" who="0" fromWho="3" sc="271,23,259,0,172,0,298,-23" /><INIT seed="4,0,0,0,4,112" ten="294,259,172,275" oya="0" hai0="52,110,24,134,101,47,105,78,25,91,51,118,70" hai1="41,54,98,1,16,58,7,39,63,72,84,92,21" hai2="28,135,15,90,11,67,122,69,4,32,10,33,129" hai3="100,124,48,79,45,36,31,123,50,42,120,115,126"/><T97/><D118/><U13/><E72/><V83/><F122/><N who="3" m="46635" /><G79/><T109/><D134/><U127/><E127/><N who="3" m="48682" /><G100/><T88/><D70/><U53/><E84/><V37/><F129/><W27/><G115/><T81/><D24/><U3/><E7/><V38/><F135/><W6/><G6/><T49/><D25/><U94/><E54/><V23/><F90/><W133/><G133/><T80/><D51/><U74/><E74/><V14/><F83/><N who="0" m="31818" /><D78/><U5/><E5/><V43/><F23/><AGARI ba="0,0" hai="23,27,31,36,42,45,48,50" m="48682,46635" machi="23" ten="30,2000,0" yaku="13,1,18,1" doraHai="112" who="3" fromWho="2" sc="294,0,259,0,172,-20,275,20" /><INIT seed="5,0,0,1,5,26" ten="294,259,152,295" oya="1" hai0="60,120,12,18,52,93,61,102,30,42,27,114,110" hai1="6,107,98,40,99,17,56,134,48,15,101,25,67" hai2="68,88,95,112,57,24,79,71,28,104,84,32,76" hai3="128,47,72,5,36,38,94,117,122,103,10,132,50"/><U77/><E77/><V129/><F129/><W63/><G72/><T116/><D110/><U126/><E134/><V8/><F104/><W111/><G111/><T45/><D116/><U133/><E133/><V97/><F112/><W119/><G122/><T87/><D114/><U124/><E6/><V83/><F79/><W13/><G63/><T16/><D120/><U35/><E99/><V113/><F113/><W89/><G103/><T33/><D52/><N who="1" m="31751" /><E40/><V55/><REACH who="2" step="1"/><F8/><REACH who="2" ten="294,259,142,295" step="2"/><W135/><G128/><T80/><D18/><U82/><E17/><V19/><F19/><W62/><G135/><T86/><D16/><U9/><E9/><V53/><F53/><N who="3" m="29919" /><G132/><T23/><D12/><U100/><E15/><V92/><F92/><W90/><G94/><T127/><D93/><U43/><E107/><V49/><AGARI ba="0,1" hai="24,28,32,49,55,57,68,71,76,83,84,88,95,97" machi="49" ten="20,12000,2" yaku="1,1,0,1,7,1,52,1,54,1,53,1" doraHai="26" doraHaiUra="91" who="2" fromWho="2" sc="294,-30,259,-60,142,130,295,-30" /><INIT seed="6,0,0,2,5,28" ten="264,199,272,265" oya="2" hai0="80,90,39,105,26,27,91,100,113,84,114,43,93" hai1="37,72,66,30,69,42,78,2,121,87,106,24,1" hai2="108,51,83,125,47,41,115,89,112,6,12,97,118" hai3="129,77,61,92,7,38,63,57,74,79,9,22,122"/><V56/><F118/><W18/><G38/><T20/><D100/><U111/><E87/><N who="2" m="50431" /><F125/><W126/><G74/><T120/><D105/><U131/><E131/><V4/><F108/><W46/><G122/><T88/><D120/><U67/><E121/><V5/><F56/><W17/><G129/><T14/><D14/><U76/><E111/><V48/><F97/><W98/><G46/><N who="0" m="23935" /><D20/><U33/><E106/><V53/><F51/><W10/><G17/><T44/><D44/><N who="1" m="23631" /><E67/><V81/><F81/><W65/><G61/><T31/><D31/><U133/><E133/><V82/><F82/><W124/><G124/><T116/><D116/><U32/><E76/><N who="3" m="29258" /><G7/><T36/><D36/><U128/><E128/><V70/><F41/><W50/><G50/><T73/><D73/><U49/><E49/><V107/><F107/><W40/><G40/><T86/><D90/><U110/><E110/><V103/><F70/><W117/><G117/><T101/><D101/><U130/><E130/><V35/><F103/><N who="3" m="60871" /><G126/><T127/><D127/><U54/><E78/><V96/><F96/><W52/><G65/><T45/><D45/><U3/><E54/><V11/><F4/><W75/><G75/><T55/><D55/><U58/><E72/><V68/><F5/><W119/><G119/><T135/><D135/><U23/><E69/><V134/><F68/><W62/><G62/><T95/><D80/><U34/><E66/><V8/><F134/><W0/><G0/><N who="1" m="2" /><U13/><DORA hai="104" /><E58/><V132/><F132/><W64/><G64/><T109/><D109/><U29/><E29/><V71/><F71/><RYUUKYOKU ba="0,0" sc="264,10,199,10,272,-30,265,10" hai0="26,27,84,86,88,91,93,95,113,114" hai1="13,23,24,30,32,33,34" hai3="9,10,18,22,52,57,63" /><INIT seed="7,1,0,4,2,101" ten="274,209,242,275" oya="3" hai0="114,91,86,30,110,24,131,4,62,78,66,21,55" hai1="53,75,31,0,92,73,100,8,10,93,117,90,9" hai2="135,72,50,84,7,40,42,69,5,68,3,104,112" hai3="23,26,120,122,133,59,102,36,123,22,1,46,6"/><W27/><G59/><T58/><D110/><U134/><E134/><V48/><F72/><W70/><G46/><T32/><D131/><U34/><E0/><V56/><F84/><W111/><G70/><T15/><D114/><U119/><E100/><V16/><F56/><W12/><G36/><T126/><D126/><U79/><E53/><V132/><F16/><N who="3" m="12615" /><G102/><T87/><D78/><U39/><E39/><V35/><F35/><W74/><G74/><N who="1" m="28170" /><E79/><V43/><F43/><W67/><G67/><T17/><D4/><U105/><E31/><V82/><F3/><W127/><G133/><T96/><D55/><U124/><E34/><V94/><F112/><W60/><G60/><T41/><D41/><U19/><E19/><V63/><F63/><W97/><G127/><T37/><D37/><U45/><E124/><V25/><F69/><W80/><G1/><T98/><D87/><N who="1" m="52319" /><E45/><V89/><F68/><W13/><G6/><T115/><D115/><U99/><E93/><AGARI ba="1,0" hai="15,17,21,24,30,32,58,62,66,86,91,93,96,98" machi="93" ten="30,1000,0" yaku="7,1" doraHai="101" who="0" fromWho="1" sc="274,13,209,-13,242,0,275,0" owari="287,38.7,196,-30.4,242,-15.8,275,7.5" /></mjloggm>