<mjloggm ver="2.3"><GO type="225" lobby="0"/><UN n0="%54%4F%52" n1="%E6%A1%9C%E8%8A%B1%E9%96%83%E3%80%85" n2="%72%61%6B%33" n3="%E9%89%A2%E5%B7%BB%E3%82%AC%E3%83%96" dan="17,18,18,16" rate="2213.22,2202.49,2301.27,2042.31" sx="M,M,M,M"/><TAIKYOKU oya="0"/><INIT seed="0,0,0,0,4,114" ten="250,250,250,250" oya="0" hai0="38,101,42,70,112,55,61,78,118,3,105,47,127" hai1="50,77,8,85,2,0,99,132,37,21,53,22,97" hai2="131,123,104,60,48,17,10,46,134,13,5,15,111" hai3="67,65,45,9,100,76,93,66,121,6,32,128,106"/><T40/><D112/><U29/><E37/><V81/><F111/><W126/><G126/><T108/><D127/><U31/><E132/><V14/><F131/><W44/><G128/><T102/><D108/><U82/><E0/><V75/><F104/><W24/><G106/><T124/><D124/><U26/><E2/><V20/><F134/><W7/><G76/><T133/><D133/><U52/><E8/><V73/><F123/><W72/><G72/><T59/><D3/><U103/><E103/><V43/><F60/><W35/><G121/><T62/><D78/><U12/><E53/><V94/><F94/><W27/><G93/><T64/><D42/><U69/><E69/><V122/><F122/><W74/><G74/><T18/><D105/><U49/><E49/><V68/><F68/><W51/><G51/><T79/><D79/><U57/><E12/><V30/><F30/><W84/><G84/><T107/><D107/><U19/><E19/><V113/><F113/><W4/><G9/><T117/><REACH who="0" step="1"/><D18/><REACH who="0" ten="240,250,250,250" step="2"/><U109/><E109/><V63/><F17/><W95/><G35/><T25/><D25/><AGARI ba="0,1" hai="21,22,25,26,29,31,50,52,57,77,82,85,97,99" machi="25" ten="40,5200,0" yaku="9,1,8,1,54,1" doraHai="114" who="1" fromWho="0" sc="240,-52,250,62,250,0,250,0" /><INIT seed="1,0,0,1,2,38" ten="188,312,250,250" oya="1" hai0="23,68,5,87,128,41,50,17,109,62,107,64,18" hai1="120,65,121,42,12,91,56,115,133,77,40,53,85" hai2="48,63,44,125,28,116,70,33,98,88,135,25,35" hai3="86,20,122,4,36,112,26,51,97,101,84,113,79"/><U66/><E77/><V0/><F0/><W19/><G122/><T117/><D117/><U108/><E115/><V8/><F116/><W75/><G36/><T67/><D109/><U49/><E108/><V123/><F123/><W57/><G4/><T3/><D128/><U118/><E118/><V31/><F8/><W29/><G75/><T99/><D67/><N who="1" m="25611" /><E121/><V96/><F70/><W16/><G112/><T132/><D132/><U129/><E120/><V124/><F63/><W100/><G113/><T92/><D107/><U119/><E119/><V130/><F135/><W105/><G101/><T58/><D87/><U1/><E1/><V27/><F130/><W71/><G71/><T14/><D18/><U104/><E104/><V82/><F82/><W59/><G84/><T6/><D3/><U39/><E39/><V131/><F131/><W94/><G105/><T21/><D21/><U111/><E111/><V80/><F80/><N who="3" m="47391" /><G51/><T47/><REACH who="0" step="1"/><D68/><REACH who="0" ten="178,312,250,250" step="2"/><U89/><E133/><V127/><REACH who="2" step="1"/><F88/><AGARI ba="0,1" hai="5,6,14,17,23,41,47,50,58,62,64,88,92,99" machi="88" ten="30,12000,2" yaku="1,1,2,1,7,1,8,1,52,1,54,1,53,0" doraHai="38" doraHaiUra="30" who="0" fromWho="2" sc="178,130,312,0,250,-120,250,0" /><INIT seed="2,0,0,4,4,3" ten="308,312,130,250" oya="2" hai0="125,121,19,132,69,21,54,11,61,65,45,88,40" hai1="36,25,96,113,55,109,2,128,13,94,12,115,131" hai2="98,51,35,31,116,52,93,112,49,7,46,124,78" hai3="76,1,62,84,89,123,74,77,105,60,75,27,81"/><V71/><F112/><W18/><G1/><T57/><D121/><U17/><E36/><V101/><F116/><W41/><G123/><T70/><D132/><U24/><E2/><V43/><F124/><W9/><G105/><T107/><D107/><U73/><E73/><V85/><F71/><W127/><G127/><T86/><D11/><N who="1" m="6303" /><E55/><V103/><F35/><W48/><G75/><T129/><D129/><N who="1" m="49739" /><E109/><V91/><F31/><W99/><G74/><T119/><D119/><U23/><E13/><V72/><F72/><W39/><G39/><T50/><D125/><U47/><E47/><V0/><F0/><W97/><G9/><T15/><REACH who="0" step="1"/><D40/><REACH who="0" ten="298,312,130,250" step="2"/><U118/><E118/><V59/><REACH who="2" step="1"/><F7/><REACH who="2" ten="298,312,120,250" step="2"/><W95/><G76/><T58/><D58/><U42/><E115/><V90/><F90/><W20/><G77/><T122/><D122/><U111/><E113/><V33/><F33/><W22/><G89/><T106/><D106/><U34/><E34/><V120/><F120/><W38/><G18/><T16/><D16/><U80/><E111/><V14/><F14/><W8/><G27/><T87/><D87/><U79/><E25/><V5/><F5/><W63/><G84/><T64/><D64/><U134/><E24/><V135/><F135/><W130/><G130/><T29/><D29/><U92/><E134/><V56/><F56/><W32/><G32/><T104/><D104/><U133/><E133/><V100/><F100/><W83/><G8/><T67/><D67/><U28/><E28/><V82/><AGARI ba="0,2" hai="43,46,49,51,52,59,78,82,85,91,93,98,101,103" machi="82" ten="30,18000,2" yaku="1,1,0,1,8,1,54,1,53,2" doraHai="3" doraHaiUra="44" who="2" fromWho="2" sc="298,-60,312,-60,120,200,250,-60" /><INIT seed="2,1,0,0,1,63" ten="238,252,320,190" oya="2" hai0="26,97,94,120,74,68,84,17,15,44,76,107,32" hai1="45,85,114,62,14,103,51,69,65,91,108,134,95" hai2="16,9,30,18,24,64,41,124,104,36,60,96,34" hai3="86,54,128,83,1,25,33,88,11,23,115,4,80"/><V77/><F124/><W110/><G110/><T48/><D120/><U81/><E114/><V112/><F77/><W58/><G128/><T31/><D68/><U126/><E108/><V123/><F123/><W131/><G131/><T82/><D107/><U53/><E134/><V119/><F119/><W39/><G115/><T130/><D130/><U121/><E121/><V37/><F112/><W5/><G5/><T49/><D74/><U43/><E126/><V92/><F104/><W102/><G39/><T13/><D17/><U127/><E127/><V113/><F113/><W109/><G109/><T100/><REACH who="0" step="1"/><D49/><REACH who="0" ten="228,252,320,190" step="2"/><U28/><E69/><V10/><F18/><W20/><G102/><T111/><D111/><U12/><E103/><V66/><F16/><W61/><REACH who="3" step="1"/><G80/><REACH who="3" ten="228,252,320,180" step="2"/><T117/><D117/><U105/><E81/><V29/><F36/><W40/><G40/><AGARI ba="1,2" hai="13,15,26,31,32,40,44,48,76,82,84,94,97,100" machi="40" ten="30,3900,0" yaku="1,1,7,1,53,1" doraHai="63" doraHaiUra="42" who="0" fromWho="3" sc="228,62,252,0,320,0,180,-42" /><INIT seed="3,0,0,5,3,70" ten="290,252,320,138" oya="3" hai0="93,23,85,68,107,81,87,25,128,90,122,75,20" hai1="13,37,77,99,8,96,34,124,117,127,103,119,44" hai2="51,64,66,54,35,116,126,118,106,49,2,31,105" hai3="125,50,53,30,95,7,11,135,91,15,62,16,121"/><W1/><G121/><T114/><D122/><U74/><E34/><V26/><F2/><W17/><G135/><T83/><D68/><U98/><E13/><V3/><F3/><W28/><G125/><N who="1" m="48202" /><E8/><V56/><F126/><W29/><G62/><T21/><D107/><N who="1" m="63975" /><E44/><V110/><F110/><W115/><G115/><T4/><D128/><U133/><E37/><V123/><F35/><W100/><G100/><T86/><D114/><U6/><E6/><V14/><F14/><W38/><G38/><T9/><D75/><U57/><E57/><V111/><F56/><W39/><G39/><T108/><D108/><U72/><E133/><V22/><F26/><W48/><G1/><T92/><D25/><U42/><E42/><V27/><F27/><W33/><G33/><T129/><D129/><U109/><E109/><V89/><F22/><W130/><G130/><T112/><D112/><U36/><E36/><V55/><F111/><W45/><REACH who="3" step="1"/><G48/><REACH who="3" ten="290,252,320,128" step="2"/><T47/><D90/><U43/><E77/><V12/><F123/><W46/><G46/><T59/><D47/><U19/><E119/><V67/><F118/><W132/><G132/><T10/><D59/><U76/><E76/><V73/><F116/><W71/><G71/><T113/><D113/><U40/><E117/><V52/><F49/><W120/><G120/><T5/><D93/><U94/><E94/><V41/><F106/><W134/><G134/><T84/><D92/><U0/><E0/><V65/><F105/><W131/><G131/><T58/><N who="0" m="21504" /><DORA hai="80" /><T24/><D58/><U60/><E60/><V61/><F61/><RYUUKYOKU ba="0,1" sc="290,-10,252,-10,320,-10,128,30" hai3="7,11,15,16,17,28,29,30,45,50,53,91,95" /><INIT seed="3,1,1,5,0,120" ten="280,242,310,158" oya="3" hai0="23,68,17,58,127,90,108,88,93,16,107,43,92" hai1="10,124,99,77,36,105,39,28,51,73,91,129,69" hai2="30,48,11,117,2,123,116,79,74,1,101,59,133" hai3="0,84,61,22,3,71,13,132,9,32,66,27,97"/><W112/><G112/><T111/><D68/><U131/><E69/><V126/><F30/><W121/><G121/><T98/><D107/><U76/><E124/><V8/><F59/><W49/><G132/><T50/><D127/><U5/><E28/><V122/><F48/><W15/><G32/><T29/><D29/><U55/><E91/><V106/><F126/><W52/><G84/><N who="0" m="52231" /><D43/><U70/><E70/><V94/><F94/><W14/><G9/><T57/><D17/><U104/><E104/><V44/><F106/><W95/><G22/><T18/><D18/><U45/><E99/><V83/><F83/><W42/><G42/><T24/><D50/><U72/><E105/><V75/><F79/><N who="1" m="30281" /><E73/><V125/><F125/><W62/><G62/><T100/><D100/><U53/><E53/><V86/><F101/><W82/><G82/><T87/><D87/><U89/><E89/><V47/><F86/><W67/><G67/><T19/><D19/><U33/><E72/><V25/><F133/><W40/><G40/><T103/><D103/><U63/><E63/><V128/><F25/><W35/><G35/><T113/><D113/><U4/><E33/><V115/><F115/><W7/><G27/><T135/><D135/><U21/><E21/><V118/><F117/><W134/><G134/><T54/><D54/><U34/><E34/><V26/><F26/><W119/><G119/><T20/><D20/><U46/><E5/><V85/><F85/><W78/><G7/><T38/><D38/><N who="1" m="14379" /><E46/><V56/><F56/><W130/><G130/><AGARI ba="1,1" hai="1,2,8,11,44,47,74,75,116,118,122,123,128,130" machi="130" ten="25,1600,0" yaku="22,2" doraHai="120" who="2" fromWho="3" sc="280,0,242,0,310,29,158,-19" owari="280,8.0,242,-15.8,339,43.9,139,-36.1" /></mjloggm>