<mjloggm ver="2.3"><GO type="225" lobby="0"/><UN n0="%72%69%6F%75%63%68%61%6E" n1="%4C%4F%4C%49%54%41" n2="%E3%83%89%E3%83%A9%E3%81%8F%E3%82%8C" n3="%E4%BF%BA%E3%81%A8%E5%A6%96%E5%A4%A2" dan="17,16,17,17" rate="2274.10,2172.48,2188.29,2190.29" sx="M,F,M,F"/><TAIKYOKU oya="0"/><INIT seed="0,0,0,4,4,66" ten="250,250,250,250" oya="0" hai0="105,57,5,77,68,24,50,109,93,132,2,67,75" hai1="42,104,12,130,17,40,123,128,65,44,35,58,49" hai2="122,26,4,71,118,52,95,46,51,20,125,135,114" hai3="19,18,129,9,7,92,43,39,36,28,100,70,110"/><T61/><D105/><U21/><E123/><V120/><F118/><W88/><G110/><T108/><D132/><U47/><E35/><V72/><F114/><W53/><G129/><N who="1" m="49770" /><E104/><V103/><F135/><W64/><G100/><T62/><D50/><N who="1" m="26887" /><E65/><V34/><F72/><W97/><G28/><T27/><D93/><U1/><E58/><V31/><F125/><W33/><G33/><T85/><D75/><U15/><E1/><V38/><F71/><W76/><G76/><T13/><D2/><U29/><E29/><V126/><F126/><W124/><G124/><T48/><D48/><U14/><AGARI ba="0,0" hai="12,14,15,17,21,42,47,49" m="26887,49770" machi="14" ten="30,1100,0" yaku="19,1" doraHai="66" who="1" fromWho="1" sc="250,-5,250,11,250,-3,250,-3" /><INIT seed="1,0,0,1,1,3" ten="245,261,247,247" oya="1" hai0="80,68,21,14,58,9,5,103,116,106,113,84,119" hai1="86,30,81,74,44,34,50,98,57,13,36,16,79" hai2="48,54,23,47,20,70,25,37,112,76,24,97,83" hai3="42,41,117,94,19,38,49,56,96,10,59,125,90"/><U100/><E36/><V89/><F70/><W120/><G120/><T8/><D113/><U107/><E57/><V95/><F112/><W85/><G125/><T87/><D68/><U64/><E64/><V129/><F129/><W67/><G117/><T0/><D21/><U126/><E126/><V32/><F37/><W73/><G73/><T132/><D132/><U127/><E127/><V17/><F32/><W43/><G38/><T111/><D111/><U109/><E109/><V52/><F54/><W104/><G104/><T65/><D84/><U101/><E101/><V46/><F46/><W72/><G72/><T128/><D128/><U55/><E86/><V92/><F92/><W61/><G96/><T66/><D65/><U135/><E135/><V114/><F114/><W133/><G133/><T18/><D66/><U121/><E121/><V88/><F89/><W15/><REACH who="3" step="1"/><G59/><REACH who="3" ten="245,261,247,237" step="2"/><T131/><D131/><U7/><E98/><V31/><F83/><W78/><G78/><AGARI ba="0,1" hai="17,20,23,24,25,31,47,48,52,76,78,88,95,97" machi="78" ten="40,5200,0" yaku="8,1,54,2" doraHai="3" who="2" fromWho="3" sc="245,0,261,0,247,62,237,-52" /><INIT seed="2,0,0,4,3,134" ten="245,261,309,185" oya="2" hai0="68,103,125,85,128,87,14,82,57,59,120,117,9" hai1="49,67,113,66,106,34,27,91,15,37,5,64,50" hai2="69,38,79,123,65,133,99,77,6,51,44,104,43" hai3="80,90,52,105,107,111,74,86,56,22,21,1,78"/><V100/><F123/><W18/><G1/><T4/><D125/><U89/><E37/><V61/><F133/><W118/><G111/><T95/><D120/><U127/><E106/><V119/><F119/><W70/><G70/><T48/><D68/><U116/><E113/><V39/><F6/><W129/><G129/><T109/><D109/><U17/><E116/><V40/><REACH who="2" step="1"/><F51/><REACH who="2" ten="245,261,299,185" step="2"/><W32/><G118/><T33/><D117/><U41/><E5/><V130/><F130/><W16/><G32/><T115/><D128/><U19/><E50/><V13/><F13/><W108/><G108/><T96/><D115/><U62/><E15/><V101/><F101/><W126/><G126/><T132/><D132/><U83/><E49/><V54/><F54/><W10/><G10/><T122/><D122/><U135/><E34/><V93/><F93/><W23/><G105/><T88/><D33/><U42/><E127/><V98/><F98/><W102/><G102/><T71/><D71/><U94/><E94/><V20/><F20/><W97/><G97/><T29/><D48/><U75/><E135/><V63/><F63/><W35/><G35/><T76/><D29/><U25/><E62/><V60/><F60/><N who="3" m="35847" /><G107/><AGARI ba="0,1" hai="4,9,14,57,59,76,82,85,87,88,95,96,103,107" machi="107" ten="30,2000,0" yaku="7,1,54,1" doraHai="134" who="0" fromWho="3" sc="245,30,261,0,299,0,185,-20" /><INIT seed="3,0,0,1,0,33" ten="275,261,299,165" oya="3" hai0="113,19,53,4,92,25,109,59,44,22,122,1,83" hai1="133,9,98,116,24,94,52,135,110,32,8,58,81" hai2="20,36,115,34,17,43,5,3,132,16,108,79,131" hai3="134,105,73,119,26,118,114,2,125,66,86,30,21"/><W10/><G73/><T47/><D122/><U11/><E116/><V80/><F115/><W12/><G114/><T106/><D106/><U120/><E120/><V129/><F34/><W103/><G134/><N who="1" m="51210" /><E110/><V65/><F65/><W39/><G39/><T31/><D113/><U46/><E46/><N who="2" m="23911" /><F132/><W96/><G2/><T75/><D109/><U61/><E81/><V100/><F100/><W93/><G66/><T67/><D67/><U117/><E117/><V15/><F17/><W68/><G68/><T124/><D124/><U88/><E8/><N who="2" m="2111" /><F108/><W38/><G125/><T6/><D92/><U70/><E70/><V0/><F0/><W13/><G38/><T18/><D18/><U128/><E128/><V127/><F127/><W48/><G48/><T123/><D123/><U64/><E64/><V74/><AGARI ba="0,0" hai="15,16,20,74,79,80,129,131" m="2111,23911" machi="74" ten="30,4000,0" yaku="25,1,52,1,54,1" doraHai="33" who="2" fromWho="2" sc="275,-10,261,-10,299,40,165,-20" owari="265,6.5,251,-14.9,339,43.9,145,-35.5" /></mjloggm>