<mjloggm ver="2.3"><GO type="225" lobby="0"/><UN n0="%E3%81%9F%E3%81%A3%E3%81%A1%E3%82%87" n1="%E3%81%AF%E3%82%88%E3%81%8A%E3%81%98%E3%81%95%E3%82%93" n2="%E3%83%AD%E3%83%83%E3%83%86%E9%9B%80%E7%90%83" n3="%6E%69%63%6F%6E%74%6F" dan="16,16,17,17" rate="2051.75,2206.70,2257.29,2144.55" sx="M,M,M,M"/><TAIKYOKU oya="0"/><INIT seed="0,0,0,3,0,90" ten="250,250,250,250" oya="0" hai0="95,76,132,25,103,75,46,54,130,117,118,13,57" hai1="128,45,125,11,42,3,80,77,110,65,59,56,43" hai2="17,2,50,129,113,94,121,88,41,4,6,100,26" hai3="37,107,74,14,115,131,109,98,83,19,40,18,68"/><T133/><D130/><U44/><E128/><V10/><F121/><W1/><G115/><T70/><D70/><U63/><E110/><V73/><F113/><W34/><G131/><T79/><D46/><U67/><E125/><V99/><F73/><W12/><G1/><T102/><D25/><U66/><E11/><V96/><F129/><W92/><G68/><T38/><D38/><N who="1" m="21591" /><E80/><V49/><F41/><W64/><G64/><N who="1" m="24682" /><E77/><N who="0" m="29769" /><D13/><U97/><E97/><V0/><F0/><W120/><G14/><T35/><D35/><U33/><E33/><V48/><F6/><W91/><G12/><T20/><D75/><U101/><E101/><N who="0" m="38409" /><D20/><U135/><E135/><N who="0" m="51785" /><D95/><U39/><E3/><V87/><REACH who="2" step="1"/><F100/><REACH who="2" ten="250,250,240,250" step="2"/><W51/><G120/><T21/><D21/><AGARI ba="0,1" hai="2,4,10,17,21,26,48,49,50,87,88,94,96,99" machi="21" ten="40,8000,1" yaku="1,1,2,1,52,1,54,1,53,1" doraHai="90" doraHaiUra="85" who="2" fromWho="0" sc="250,-80,250,0,240,90,250,0" /><INIT seed="1,0,0,2,3,107" ten="170,250,330,250" oya="1" hai0="71,89,8,123,56,16,45,126,26,119,118,127,83" hai1="122,10,12,51,63,133,94,11,115,7,68,1,42" hai2="135,113,37,55,80,50,5,79,74,72,13,120,114" hai3="34,14,49,22,35,44,105,62,20,125,31,32,108"/><U129/><E122/><V19/><F120/><W110/><G105/><T52/><D71/><U96/><E115/><N who="2" m="44043" /><F135/><W91/><G91/><T41/><D123/><U67/><E129/><V112/><F37/><W3/><G62/><N who="0" m="36103" /><D89/><U98/><E133/><V66/><F5/><W40/><G3/><T87/><D87/><U17/><E94/><V30/><F30/><W28/><G125/><N who="0" m="47627" /><D83/><U59/><E42/><V43/><F43/><W116/><G116/><N who="0" m="44587" /><D26/><U64/><E64/><V57/><F66/><W46/><G14/><T131/><D131/><U73/><E96/><V18/><F112/><W6/><G6/><T106/><D106/><U15/><E98/><V23/><F19/><W82/><G82/><T85/><D85/><AGARI ba="0,0" hai="13,18,23,50,55,57,72,74,79,80,85" m="44043" machi="85" ten="30,3900,0" yaku="11,1,52,2" doraHai="107" who="2" fromWho="0" sc="170,-39,250,0,330,39,250,0" /><INIT seed="2,0,0,0,4,14" ten="131,250,369,250" oya="2" hai0="91,36,33,86,131,32,55,18,15,81,21,121,82" hai1="100,74,3,128,102,130,25,47,79,84,34,44,111" hai2="31,27,125,38,80,93,48,116,70,126,35,61,4" hai3="118,22,62,127,67,98,64,105,110,60,85,101,119"/><V63/><F38/><W112/><G110/><T52/><D121/><U10/><E74/><V75/><F116/><W135/><G135/><T50/><D131/><N who="1" m="50219" /><E111/><V0/><F93/><W8/><G127/><T45/><D36/><U83/><E34/><V134/><F48/><W76/><G112/><T7/><D32/><U59/><E25/><V109/><F63/><W99/><G8/><T96/><D33/><U124/><E124/><V88/><F75/><W30/><G85/><T117/><D117/><U20/><E20/><V43/><F61/><W66/><G76/><T78/><D7/><N who="1" m="1407" /><E59/><V132/><F70/><W71/><G99/><T23/><D21/><U42/><E44/><V65/><F27/><W72/><G72/><T107/><D107/><U57/><E57/><V92/><F35/><W122/><G122/><T41/><REACH who="0" step="1"/><D96/><REACH who="0" ten="121,250,369,250" step="2"/><U114/><E114/><V11/><F126/><W106/><G98/><T37/><D37/><AGARI ba="0,1" hai="37,42,47,79,83,84,100,102" m="1407,50219" machi="37" ten="30,1000,0" yaku="19,1" doraHai="14" who="1" fromWho="0" sc="121,-10,250,20,369,0,250,0" /><INIT seed="3,0,0,3,2,90" ten="111,270,369,250" oya="3" hai0="11,18,28,35,7,88,77,63,55,66,115,93,80" hai1="10,122,22,114,54,79,96,84,47,14,12,128,57" hai2="62,40,83,59,65,67,108,72,129,45,82,42,91" hai3="0,17,107,6,75,103,104,126,87,85,81,125,124"/><W15/><G0/><T130/><D130/><U52/><E114/><V73/><F108/><W16/><G75/><T9/><D115/><U37/><E122/><V100/><F129/><W53/><G53/><T78/><D35/><U119/><E128/><V41/><F100/><W69/><G69/><T110/><D110/><U2/><E119/><V38/><F67/><W13/><G103/><T43/><D43/><U20/><E2/><V112/><F112/><W134/><G134/><T113/><D113/><U32/><E32/><V61/><F61/><W117/><G117/><T31/><D55/><U121/><E121/><V118/><F118/><W92/><G92/><T51/><D51/><N who="1" m="28799" /><E37/><V101/><F101/><W109/><G109/><T95/><D18/><N who="3" m="7273" /><G6/><T133/><D133/><U132/><E132/><V4/><F4/><W76/><G76/><N who="0" m="29291" /><D66/><U46/><E46/><V116/><F45/><W71/><G71/><T24/><D63/><U50/><E96/><V29/><F62/><W89/><G87/><N who="0" m="50279" /><D7/><N who="1" m="3167" /><E14/><AGARI ba="0,0" hai="13,14,15,81,85,89,104,107,124,125,126" m="7273" machi="14" ten="40,3900,0" yaku="18,1,54,1" doraHai="90" who="3" fromWho="1" sc="111,0,270,-39,369,0,250,39" /><INIT seed="3,1,0,0,4,26" ten="111,231,369,289" oya="3" hai0="79,104,110,32,67,24,52,60,116,38,126,88,94" hai1="54,34,27,63,28,36,48,109,23,47,101,91,74" hai2="22,19,131,0,51,66,29,127,46,50,21,70,82" hai3="49,98,9,122,96,115,90,80,118,108,37,93,45"/><W129/><G118/><T33/><D116/><U53/><E74/><V14/><F0/><W97/><G115/><T31/><D38/><U16/><E36/><V2/><F2/><W76/><G122/><T135/><D110/><U59/><E109/><V114/><F114/><W58/><G108/><T8/><D126/><U43/><E101/><V71/><F66/><W83/><G129/><T73/><D104/><U85/><E34/><V113/><F113/><W15/><G37/><T133/><D8/><U55/><REACH who="1" step="1"/><E28/><REACH who="1" ten="111,221,369,289" step="2"/><V42/><F29/><W61/><G98/><N who="0" m="57671" /><D32/><U39/><E39/><V25/><F131/><W18/><G97/><T40/><D40/><U132/><E132/><N who="0" m="50761" /><D67/><U62/><E62/><V10/><F42/><N who="3" m="24759" /><G76/><T107/><D107/><U112/><E112/><V99/><F99/><W111/><G111/><T7/><D79/><U100/><E100/><V35/><F35/><W20/><G20/><T6/><D73/><U117/><E117/><V4/><F22/><W123/><G123/><T5/><D60/><U44/><E44/><V134/><F46/><W65/><AGARI ba="1,1" hai="9,15,18,58,61,65,80,83,90,93,96" m="24759" machi="65" ten="30,1500,0" yaku="8,1" doraHai="26" who="3" fromWho="3" sc="111,-6,221,-6,369,-6,289,28" /><INIT seed="3,2,0,3,3,26" ten="105,215,363,317" oya="3" hai0="69,28,116,67,64,72,68,83,7,127,128,34,117" hai1="41,15,13,82,86,14,33,36,131,51,6,0,76" hai2="97,91,9,112,39,122,95,16,94,121,78,10,55" hai3="4,79,77,8,96,85,87,40,60,43,81,12,59"/><W108/><G108/><T3/><D127/><U90/><E33/><V38/><F112/><W123/><G123/><N who="2" m="47113" /><F78/><W100/><G87/><T61/><D128/><U102/><E36/><N who="2" m="13867" /><F16/><W30/><G30/><T52/><D52/><U104/><E0/><V54/><F95/><W71/><G71/><T107/><D107/><U49/><E131/><V110/><F110/><W32/><G32/><T45/><D45/><N who="1" m="25775" /><E104/><V65/><F65/><W1/><G1/><T73/><D67/><U89/><E102/><V88/><F91/><N who="1" m="34825" /><E51/><V11/><AGARI ba="2,0" hai="9,10,11,54,55,88,94,97" m="13867,47113" machi="11" ten="40,2700,0" yaku="13,1,54,1" doraHai="26" who="2" fromWho="2" sc="105,-9,215,-9,363,33,317,-15" owari="96,-40.4,206,-19.4,396,49.6,302,10.2" /></mjloggm>