<mjloggm ver="2.3"><GO type="225" lobby="0"/><UN n0="%4D%6F%6E%61%6E%61" n1="%E3%80%93%E3%81%97%E3%83%BC%E3%82%89%E3%80%93" n2="%E3%81%BF%E3%81%BF%E3%81%9A" n3="%E6%98%93%E5%88%A9%E8%96%A9%E4%BC%AF" dan="16,16,18,16" rate="2124.19,2158.36,2241.42,2023.17" sx="F,M,M,F"/><TAIKYOKU oya="0"/><INIT seed="0,0,0,5,2,126" ten="250,250,250,250" oya="0" hai0="1,12,37,78,3,42,20,26,56,2,127,30,87" hai1="68,129,44,54,93,133,110,88,67,121,19,7,118" hai2="94,103,11,98,72,100,130,92,112,35,115,132,50" hai3="6,125,64,13,38,22,18,90,45,134,83,71,58"/><T62/><D127/><U4/><E118/><V36/><F36/><W120/><G125/><T113/><D113/><U34/><E34/><V75/><F35/><W117/><G117/><T69/><D69/><U76/><E121/><V131/><F50/><W9/><G134/><T97/><D97/><U96/><E133/><V61/><F11/><W53/><G120/><T135/><D135/><U123/><E110/><V21/><F132/><W15/><G71/><T111/><D111/><U65/><E76/><V86/><F21/><W108/><G38/><T89/><D78/><U8/><E123/><V114/><F61/><W91/><G83/><T40/><D12/><N who="1" m="7559" /><E129/><N who="2" m="49163" /><F103/><W46/><G108/><T28/><D37/><U59/><E68/><V85/><F92/><W77/><G46/><T57/><D62/><N who="1" m="36215" /><E44/><V39/><F39/><W82/><G45/><T0/><D0/><U122/><E122/><V47/><F47/><W74/><G64/><AGARI ba="0,0" hai="4,7,64,65,67,88,93,96" m="36215,7559" machi="64" ten="30,2000,0" yaku="8,1,54,1" doraHai="126" who="1" fromWho="3" sc="250,0,250,20,250,0,250,-20" /><INIT seed="1,0,0,3,0,35" ten="250,270,250,230" oya="1" hai0="21,94,79,43,48,55,85,31,111,114,12,61,14" hai1="109,66,8,68,80,51,15,102,58,20,124,47,62" hai2="10,42,27,45,16,19,119,82,78,7,49,40,112" hai3="2,36,1,130,63,106,56,52,33,5,93,134,81"/><U41/><E124/><V4/><F119/><W89/><G106/><T70/><D111/><U86/><E102/><V132/><F132/><W123/><G123/><T126/><D114/><U39/><E20/><V60/><F112/><W34/><G134/><T67/><D126/><U50/><E68/><V103/><F103/><W59/><G36/><T9/><D43/><U127/><E109/><V23/><F60/><W44/><G44/><T30/><D21/><U115/><E115/><V64/><F64/><W105/><G81/><T87/><D14/><U76/><REACH who="1" step="1"/><E127/><REACH who="1" ten="250,260,250,230" step="2"/><V110/><F110/><W46/><G34/><T84/><D79/><U13/><E13/><N who="2" m="7223" /><F42/><W117/><G33/><T133/><D133/><U53/><E53/><V121/><F121/><W22/><G22/><T95/><D30/><U71/><E71/><V65/><F65/><W91/><G52/><T24/><D31/><U98/><E98/><V97/><F97/><W118/><G118/><T74/><D70/><U57/><E57/><V75/><F40/><W3/><G117/><T69/><D55/><U73/><E73/><V77/><F75/><W25/><G59/><T101/><D74/><U104/><E104/><V125/><F125/><W28/><G56/><T37/><D101/><U96/><E96/><V116/><F116/><W32/><G105/><T83/><D69/><U135/><E135/><V113/><F113/><W129/><G32/><T122/><D122/><U88/><E88/><V128/><F23/><W38/><G91/><T90/><D90/><U11/><E11/><V0/><F27/><W54/><G89/><RYUUKYOKU ba="0,1" sc="250,-10,260,30,250,-10,230,-10" hai1="8,15,39,41,47,50,51,58,62,66,76,80,86" /><INIT seed="1,1,1,5,0,11" ten="240,290,240,220" oya="1" hai0="9,15,7,0,93,25,62,41,120,79,132,52,38" hai1="94,85,76,29,30,117,47,57,69,19,20,125,46" hai2="17,104,23,131,44,6,92,66,78,127,53,91,130" hai3="115,133,114,95,108,86,105,3,24,135,56,10,34"/><U48/><E69/><V77/><F104/><W27/><G105/><T96/><D132/><N who="3" m="50761" /><G56/><T63/><D120/><U13/><E125/><V71/><F127/><W106/><G106/><T4/><D38/><U60/><E117/><V122/><F122/><W119/><G119/><T74/><D41/><N who="1" m="24655" /><E47/><V121/><F6/><N who="0" m="2090" /><D74/><U59/><E59/><V5/><F5/><N who="3" m="1343" /><G108/><T28/><D79/><U50/><E50/><N who="2" m="28871" /><F66/><W102/><G86/><T70/><D70/><U134/><E134/><V1/><F121/><W113/><G34/><T31/><D0/><U110/><E110/><V103/><F1/><W26/><G95/><T54/><D63/><U65/><E94/><V33/><F33/><W128/><G102/><N who="0" m="60687" /><D62/><U80/><AGARI ba="1,1" hai="13,19,20,29,30,57,60,65,76,80,85" m="24655" machi="80" ten="30,3000,0" yaku="8,1,52,1" doraHai="11" who="1" fromWho="1" sc="240,-11,290,43,240,-11,220,-11" /><INIT seed="1,2,0,5,5,43" ten="229,333,229,209" oya="1" hai0="11,119,85,128,87,15,104,19,23,67,112,45,124" hai1="130,29,24,21,53,33,1,90,82,111,3,41,91" hai2="117,58,95,93,5,94,110,75,118,55,70,18,22" hai3="120,36,7,74,59,80,101,129,13,135,66,32,84"/><U6/><E130/><V31/><F70/><W107/><G120/><T79/><D119/><U69/><E69/><V108/><F75/><W126/><G126/><T134/><D112/><U105/><E105/><V40/><F40/><W114/><G114/><T64/><D104/><U60/><E111/><N who="2" m="42539" /><F5/><W62/><G32/><T28/><D124/><U116/><E33/><V115/><F31/><W16/><G36/><T48/><D128/><U35/><E6/><V86/><F86/><W103/><G135/><T63/><D134/><U92/><E41/><V106/><F106/><W109/><G109/><T39/><D39/><U78/><E35/><V4/><F4/><W77/><G7/><T51/><D51/><U98/><E116/><V100/><F100/><W44/><G129/><T65/><D28/><U99/><E1/><V54/><F54/><W73/><G107/><T68/><D23/><U113/><E21/><V127/><F115/><W89/><G74/><T132/><D132/><U14/><E113/><V131/><F127/><W46/><G101/><T96/><D96/><U9/><E99/><V88/><F131/><W26/><G26/><T76/><D87/><U2/><E98/><N who="2" m="57639" /><F118/><W122/><G103/><T12/><D85/><U17/><E3/><V133/><F117/><W25/><G25/><T83/><D15/><U123/><E14/><N who="2" m="9559" /><F133/><W0/><G0/><T47/><D68/><U56/><E2/><V34/><F34/><W57/><G122/><T97/><D97/><U102/><E102/><V72/><F72/><W71/><G73/><T8/><D12/><U38/><E123/><RYUUKYOKU ba="2,0" sc="229,-10,333,-10,229,30,209,-10" hai2="55,58,94,95" /><INIT seed="2,3,0,5,1,10" ten="219,323,259,199" oya="2" hai0="86,130,132,17,21,89,77,100,127,123,35,12,24" hai1="9,125,34,95,54,36,51,42,58,50,84,78,26" hai2="56,135,33,62,85,79,48,38,20,129,68,99,72" hai3="13,104,39,0,131,11,40,94,49,16,106,29,5"/><V92/><F33/><W113/><G39/><T119/><D123/><U103/><E36/><V7/><F38/><W128/><G113/><T81/><D127/><U110/><E110/><V101/><F129/><N who="3" m="49739" /><G29/><T63/><D132/><U109/><E34/><V22/><F135/><W64/><G64/><T83/><D130/><U105/><E26/><V18/><F68/><W44/><G94/><T75/><D119/><U87/><E105/><V133/><F133/><W82/><G82/><T70/><D100/><U134/><E78/><V27/><F72/><W74/><G74/><T30/><D63/><U116/><E95/><V98/><F48/><W45/><G45/><T67/><D67/><U108/><E51/><V59/><F99/><W76/><G76/><T53/><D53/><U60/><E50/><V6/><F56/><W107/><G107/><T102/><D102/><U14/><E58/><V1/><F1/><W57/><G57/><T114/><REACH who="0" step="1"/><D70/><REACH who="0" ten="209,323,259,199" step="2"/><U15/><E125/><V4/><F62/><W3/><G3/><T90/><D90/><U93/><E60/><V66/><F66/><W122/><G122/><T120/><D120/><U111/><E134/><V126/><F126/><W43/><G43/><T41/><D41/><U31/><E42/><V23/><F59/><W112/><G112/><AGARI ba="3,1" hai="12,17,21,24,30,35,75,77,81,83,86,89,112,114" machi="112" ten="40,5200,0" yaku="1,1,52,1,53,1" doraHai="10" doraHaiUra="80" who="0" fromWho="3" sc="209,71,323,0,259,0,199,-61" /><INIT seed="3,0,0,0,5,61" ten="280,323,259,138" oya="3" hai0="92,45,107,126,14,114,112,132,27,121,7,41,19" hai1="3,22,101,76,33,113,49,51,83,0,47,82,105" hai2="4,58,16,127,96,18,17,57,25,110,28,135,69" hai3="26,78,32,80,55,100,128,86,37,59,11,13,67"/><W8/><G128/><T43/><D107/><U120/><E33/><V46/><F69/><W35/><G37/><T39/><D121/><U111/><E82/><V97/><F110/><W30/><G35/><T104/><D104/><U102/><E51/><V60/><F135/><W50/><G100/><T77/><D126/><U64/><E102/><V62/><F46/><W99/><G99/><N who="2" m="37961" /><F4/><W56/><REACH who="3" step="1"/><G13/><REACH who="3" ten="280,323,259,128" step="2"/><T124/><D14/><U130/><E101/><V122/><F122/><W84/><G84/><T90/><D114/><U74/><E113/><V23/><F127/><W79/><G79/><T48/><D124/><U106/><E76/><V117/><F117/><W123/><G123/><T95/><D112/><U109/><E120/><V119/><F119/><W24/><G24/><T72/><D39/><U44/><E130/><V116/><F116/><W42/><G42/><T15/><D77/><U85/><E85/><V94/><F94/><W88/><G88/><T10/><D72/><U65/><E106/><V98/><F98/><W66/><G66/><T53/><D132/><U118/><E65/><N who="2" m="39055" /><F28/><W9/><G9/><T40/><D90/><U36/><E105/><V52/><AGARI ba="0,1" hai="16,17,18,23,25,52,58,62" m="39055,37961" machi="52" ten="30,7900,0" yaku="8,1,52,1,54,2" doraHai="61" who="2" fromWho="2" sc="280,-20,323,-20,259,89,128,-39" owari="260,-14.0,303,10.3,348,44.8,89,-41.1" /></mjloggm>