<mjloggm ver="2.3"><GO type="225" lobby="0"/><UN n0="%E3%81%AA%E3%82%81%E3%81%93%E9%9B%80%E5%A3%AB" n1="%E4%BF%BA%E3%81%A8%E5%A6%96%E5%A4%A2" n2="%E3%81%B5%E3%81%98%E3%81%8B%E3%81%A4" n3="%47%68%6F%73%74%55%30" dan="16,17,16,17" rate="2074.46,2166.93,2136.83,2123.05" sx="M,F,M,M"/><TAIKYOKU oya="0"/><INIT seed="0,0,0,2,1,4" ten="250,250,250,250" oya="0" hai0="113,27,117,86,61,29,135,53,91,24,80,84,104" hai1="47,59,133,51,76,83,8,82,132,101,125,94,114" hai2="25,128,78,89,7,107,56,10,131,63,118,72,60" hai3="70,49,73,26,90,0,71,66,14,129,115,37,19"/><T20/><D104/><U50/><E125/><V109/><F107/><W31/><G37/><T28/><D113/><U3/><E114/><V124/><F124/><W17/><G115/><T32/><D135/><N who="1" m="51787" /><E59/><V40/><F109/><W119/><G119/><T12/><D117/><U15/><E3/><V13/><F118/><W134/><G73/><T108/><D108/><U38/><E38/><V74/><F40/><W41/><G0/><T79/><D61/><U23/><E23/><V97/><F25/><W64/><G129/><N who="2" m="49737" /><F78/><W88/><G70/><T92/><REACH who="0" step="1"/><D12/><REACH who="0" ten="240,250,250,250" step="2"/><U42/><E15/><V87/><F63/><W93/><G14/><T52/><AGARI ba="0,1" hai="20,24,27,28,29,32,52,53,79,80,84,86,91,92" machi="52" ten="30,11700,0" yaku="1,1,2,1,0,1,54,1,53,0" doraHai="4" doraHaiUra="9" who="0" fromWho="0" sc="240,127,250,-39,250,-39,250,-39" /><INIT seed="0,1,0,2,3,42" ten="367,211,211,211" oya="0" hai0="121,19,79,72,127,134,109,116,94,32,115,71,120" hai1="129,80,95,87,98,0,60,107,3,7,96,52,37" hai2="111,90,27,54,59,100,50,76,83,23,21,64,93" hai3="8,15,91,125,128,58,118,63,78,122,88,85,123"/><T39/><D94/><U81/><E37/><V38/><F111/><W132/><G118/><T135/><D79/><U97/><E129/><V18/><F38/><W61/><G132/><T84/><D84/><U62/><E107/><V16/><F100/><W86/><G128/><T34/><D135/><U99/><E80/><V55/><F64/><W73/><G73/><T20/><D34/><U4/><E0/><V101/><F101/><W44/><G125/><T105/><D19/><U117/><E117/><V124/><F124/><W26/><G26/><T108/><D108/><U104/><E104/><V12/><F55/><W89/><G78/><T22/><D22/><U10/><E4/><V9/><F76/><W69/><G69/><T24/><D20/><U66/><E66/><V17/><F83/><W112/><G112/><T14/><D14/><U56/><E62/><V6/><REACH who="2" step="1"/><F23/><REACH who="2" ten="367,211,201,211" step="2"/><W51/><G122/><T49/><D24/><U113/><E113/><V92/><F92/><W41/><G123/><T110/><D121/><U53/><E53/><V67/><F67/><N who="3" m="39351" /><G63/><T29/><D110/><U119/><E119/><V40/><F40/><W75/><G75/><T74/><D72/><U102/><REACH who="1" step="1"/><E97/><AGARI ba="1,1" hai="6,9,12,16,17,18,21,27,50,54,59,90,93,97" machi="97" ten="30,7700,0" yaku="1,1,7,1,8,1,54,1,53,0" doraHai="42" doraHaiUra="133" who="2" fromWho="1" sc="367,0,211,-80,201,90,211,0" /><INIT seed="1,0,0,3,4,32" ten="367,131,291,211" oya="1" hai0="117,46,113,91,60,71,69,90,72,11,0,20,124" hai1="110,26,43,27,104,108,111,45,120,93,57,67,101" hai2="118,66,39,95,35,121,42,130,49,13,9,78,48" hai3="84,75,115,85,70,1,41,54,15,131,100,40,79"/><U106/><E120/><V128/><F121/><W125/><G115/><T134/><D113/><U19/><E93/><V99/><F118/><W126/><G70/><T97/><D72/><U2/><E101/><V4/><F35/><W98/><G131/><N who="2" m="50217" /><F78/><W56/><G75/><T33/><D33/><U17/><E67/><V64/><F39/><W116/><G1/><T82/><D20/><U21/><E57/><V30/><F30/><W65/><G65/><N who="2" m="25193" /><F42/><W14/><G116/><T31/><D71/><U38/><E2/><V76/><F76/><W52/><G79/><T36/><D31/><U80/><E80/><V8/><F8/><W28/><G28/><T135/><D82/><U63/><E63/><V129/><N who="2" m="50225" /><V10/><DORA hai="74" /><F10/><W89/><G100/><AGARI ba="0,0" hai="4,9,13,48,49,95,99,100" m="25193,50225" machi="100" ten="40,1300,0" yaku="19,1" doraHai="32,74" who="2" fromWho="3" sc="367,0,131,0,291,13,211,-13" /><INIT seed="2,0,0,0,4,135" ten="367,131,304,198" oya="2" hai0="19,35,131,0,67,96,28,103,12,120,11,108,134" hai1="129,21,98,16,86,95,77,17,104,89,127,38,3" hai2="43,132,114,68,116,59,74,107,88,121,94,29,115" hai3="85,118,101,133,130,45,60,109,49,57,126,111,39"/><V119/><F68/><W8/><G118/><N who="2" m="45097" /><F43/><W93/><G133/><T54/><D120/><U91/><E38/><V20/><F59/><W81/><G39/><T62/><D0/><U25/><E3/><V27/><F27/><W9/><G130/><T100/><D131/><U18/><E129/><V41/><F41/><W55/><G126/><T51/><D134/><U46/><E127/><V42/><F20/><W82/><G109/><T66/><D108/><U1/><E1/><V26/><F74/><W32/><G32/><T113/><D35/><U36/><E77/><V75/><F75/><W72/><G72/><T125/><D28/><U52/><E36/><V53/><F132/><W102/><G111/><T47/><D125/><U44/><E44/><V92/><F94/><W71/><G71/><T112/><D67/><U87/><E104/><V14/><F14/><W7/><G93/><T110/><D110/><U23/><E89/><V6/><F6/><W10/><G7/><T22/><D22/><N who="1" m="8203" /><E25/><V33/><F107/><W50/><G50/><AGARI ba="0,0" hai="16,17,18,46,50,52,86,87,91,95,98" m="8203" machi="50" ten="30,3900,0" yaku="8,1,54,2" doraHai="135" who="1" fromWho="3" sc="367,0,131,39,304,0,198,-39" /><INIT seed="3,0,0,0,1,4" ten="367,170,304,159" oya="3" hai0="31,47,82,46,109,39,19,88,56,59,76,53,81" hai1="35,5,50,52,11,102,27,126,79,17,24,33,22" hai2="83,91,1,87,75,62,73,98,12,15,41,100,132" hai3="105,94,60,96,65,0,29,135,89,42,54,32,34"/><W63/><G0/><T103/><D103/><U71/><E71/><V18/><F132/><W9/><G135/><T127/><D31/><U16/><E102/><V72/><F41/><W20/><G42/><T67/><D109/><U95/><E126/><V101/><F1/><W117/><G117/><T99/><D39/><U114/><E114/><V13/><F62/><W90/><G105/><T122/><D59/><U45/><E95/><V28/><F28/><W93/><G54/><T36/><D67/><U21/><E79/><V116/><F116/><W25/><G9/><T26/><D36/><U77/><E77/><V134/><F134/><W110/><G110/><T111/><D122/><U69/><E69/><V44/><F44/><N who="0" m="16938" /><D76/><U55/><E55/><V3/><F101/><W48/><G48/><N who="0" m="30759" /><D127/><U129/><REACH who="1" step="1"/><E129/><REACH who="1" ten="367,160,304,159" step="2"/><V23/><REACH who="2" step="1"/><F3/><AGARI ba="0,1" hai="3,5,11,16,17,21,22,24,27,33,35,45,50,52" machi="3" ten="30,12000,2" yaku="1,1,2,1,7,1,9,1,52,1,54,2,53,0" doraHai="4" doraHaiUra="133" who="1" fromWho="2" sc="367,0,160,130,304,-120,159,0" owari="367,46.7,290,9.0,184,-21.6,159,-34.1" /></mjloggm>