<mjloggm ver="2.3"><GO type="225" lobby="0"/><UN n0="%E7%AB%8B%E7%9B%B4%E5%A5%BD%E6%A3%92%40%E5%BF%98" n1="%6B%79%6F%6E%6B%6F%31%31" n2="%6D%75%75%73%61%6E%6D%75" n3="%E9%80%86%E9%80%A3%E5%B8%AF%E3%81%AE%E9%AC%BC" dan="17,16,17,17" rate="2122.12,2148.79,2170.69,2128.55" sx="M,M,F,M"/><TAIKYOKU oya="0"/><INIT seed="0,0,0,4,2,94" ten="250,250,250,250" oya="0" hai0="79,18,8,106,65,78,80,116,131,124,83,98,122" hai1="121,17,90,125,41,108,115,126,104,95,11,6,93" hai2="132,35,0,118,28,112,52,4,73,9,22,58,43" hai3="113,129,31,48,25,68,62,7,70,5,37,114,50"/><T55/><D65/><U39/><E121/><V111/><F112/><W20/><G37/><T96/><D122/><U67/><E104/><V120/><F120/><W46/><G129/><T40/><D116/><U76/><E115/><V32/><F118/><W21/><G62/><T26/><D106/><U64/><E108/><V135/><F73/><W2/><G2/><T57/><D40/><U84/><E17/><V30/><F43/><W103/><G25/><T128/><D124/><N who="1" m="47723" /><E76/><N who="0" m="29225" /><D128/><U88/><E41/><V105/><F105/><W69/><G69/><T82/><D131/><U133/><E133/><N who="2" m="51275" /><F111/><W85/><G85/><T36/><D36/><U44/><E44/><V34/><F22/><W51/><G46/><T99/><D26/><U53/><E53/><V89/><F89/><W71/><G31/><T107/><D107/><U33/><E33/><N who="2" m="8451" /><V24/><DORA hai="54" /><F24/><W75/><G75/><T59/><D55/><U74/><E74/><V134/><N who="2" m="51283" /><V3/><DORA hai="72" /><F3/><W12/><G114/><T117/><D117/><U42/><E42/><V123/><F123/><W63/><G113/><T45/><D45/><U92/><E39/><V66/><F66/><N who="1" m="25129" /><E90/><V49/><AGARI ba="0,0" hai="0,4,9,28,30,49,52,58" m="8451,51283" machi="49" ten="60,7900,0" yaku="20,1,52,1,54,1" doraHai="94,54,72" who="2" fromWho="2" sc="250,-39,250,-20,250,79,250,-20" /><INIT seed="1,0,0,2,5,50" ten="211,230,329,230" oya="1" hai0="63,40,94,52,120,129,68,108,48,78,67,97,84" hai1="70,112,115,38,18,15,83,21,87,105,131,119,33" hai2="61,19,23,93,103,71,5,133,88,66,22,117,91" hai3="130,99,95,6,96,39,125,16,36,46,116,41,74"/><U72/><E119/><V82/><F117/><W58/><G130/><T27/><D129/><U107/><E131/><V89/><F133/><W81/><G125/><T90/><D108/><U113/><E70/><V109/><F109/><W98/><G116/><T62/><D120/><U25/><E38/><V127/><F127/><W80/><G39/><T1/><D1/><U28/><REACH who="1" step="1"/><E72/><REACH who="1" ten="211,220,329,230" step="2"/><V14/><F71/><W118/><G74/><T54/><D68/><U13/><E13/><V45/><F14/><W65/><G118/><T7/><D27/><U106/><E106/><V79/><F79/><AGARI ba="0,1" hai="15,18,21,25,28,33,79,83,87,105,107,112,113,115" machi="79" ten="40,2000,0" yaku="1,1,53,0" doraHai="50" doraHaiUra="34" who="1" fromWho="2" sc="211,0,220,30,329,-20,230,0" /><INIT seed="1,1,0,3,0,84" ten="211,250,309,230" oya="1" hai0="75,72,39,21,91,121,117,10,89,46,58,114,64" hai1="129,20,135,19,65,25,26,96,35,1,4,51,111" hai2="17,47,15,98,40,70,9,120,86,67,69,77,52" hai3="5,80,107,27,34,127,81,55,79,56,68,63,73"/><U100/><E129/><V113/><F120/><W130/><G130/><T83/><D114/><U2/><E65/><V13/><F113/><W102/><G127/><T71/><D117/><U32/><E51/><V82/><F67/><W60/><G5/><T94/><D121/><U31/><E96/><V45/><F98/><W48/><G81/><T22/><D71/><U133/><E100/><V42/><F15/><W90/><G68/><T36/><D36/><U76/><E76/><V134/><F134/><N who="1" m="51209" /><E111/><V108/><F108/><W24/><G102/><T119/><D119/><U23/><E4/><V88/><F69/><W6/><G107/><T12/><D75/><U124/><E124/><V18/><F70/><W11/><G48/><T132/><D72/><U50/><E50/><N who="2" m="28751" /><F77/><W44/><G79/><T78/><D132/><U38/><E38/><V106/><F106/><W101/><G73/><T41/><D78/><U110/><E110/><V97/><F97/><W122/><G122/><T3/><D3/><AGARI ba="1,0" hai="1,2,3,19,20,23,25,26,31,32,35" m="51209" machi="3" ten="30,5800,0" yaku="20,1,34,2" doraHai="84" who="1" fromWho="0" sc="211,-61,250,61,309,0,230,0" /><INIT seed="1,2,0,4,2,112" ten="150,311,309,230" oya="1" hai0="108,135,36,111,126,22,127,107,46,39,58,11,16" hai1="104,82,132,43,25,17,64,81,90,134,113,0,3" hai2="118,67,123,14,105,86,29,8,102,98,34,78,62" hai3="53,124,19,20,49,95,125,28,133,55,18,109,85"/><U54/><E113/><V131/><F123/><W87/><G133/><N who="1" m="51306" /><E104/><V21/><F131/><W100/><G109/><N who="0" m="42059" /><D107/><U122/><E122/><V60/><F21/><W75/><G75/><T48/><D11/><U93/><E64/><V83/><F118/><W99/><G28/><T42/><D135/><U96/><E43/><V9/><F9/><W32/><G32/><T76/><D76/><U35/><E54/><V57/><F62/><W116/><G116/><T121/><D121/><U31/><E17/><V44/><F44/><W106/><G55/><T52/><D36/><U73/><E73/><V10/><REACH who="2" step="1"/><F14/><AGARI ba="2,0" hai="14,16,22,39,42,46,48,52,58,126,127" m="42059" machi="14" ten="30,3900,0" yaku="14,1,54,2" doraHai="112" who="0" fromWho="2" sc="150,45,311,0,309,-45,230,0" /><INIT seed="2,0,0,4,1,115" ten="195,311,264,230" oya="2" hai0="48,77,99,93,110,40,52,79,123,58,91,27,82" hai1="86,92,118,9,70,34,6,25,15,101,105,20,17" hai2="112,90,133,109,106,66,88,134,85,7,32,53,104" hai3="116,38,65,130,28,111,117,73,30,108,3,107,0"/><V119/><F112/><W84/><G73/><T56/><D123/><U21/><E70/><V31/><F109/><N who="3" m="42059" /><G107/><T96/><D110/><U2/><E105/><V55/><F66/><W127/><G38/><T100/><D40/><U114/><E114/><V59/><F104/><W95/><G130/><T49/><D27/><U113/><E113/><V45/><F106/><W122/><G122/><T54/><D96/><U36/><E36/><V37/><F7/><W74/><G74/><T1/><D1/><N who="3" m="585" /><G65/><T57/><D57/><U94/><E101/><V22/><F32/><W128/><G128/><T18/><D18/><U80/><E118/><N who="3" m="45674" /><G127/><T23/><D23/><U76/><E34/><V129/><F119/><W132/><G132/><T125/><D125/><U61/><E61/><V121/><F129/><W26/><G26/><T124/><D124/><U120/><E120/><V89/><F121/><W46/><G46/><T81/><REACH who="0" step="1"/><D100/><REACH who="0" ten="185,311,264,230" step="2"/><U47/><E47/><V71/><F45/><W35/><G35/><T4/><D4/><U10/><E25/><N who="2" m="16823" /><F37/><W131/><G131/><T63/><D63/><U44/><E44/><V11/><F134/><W98/><G84/><T50/><D50/><U29/><E6/><V42/><F133/><W68/><G68/><T102/><D102/><AGARI ba="0,1" hai="28,30,95,98,102" m="45674,585,42059" machi="102" ten="40,8000,1" yaku="14,1,52,3" doraHai="115" who="3" fromWho="0" sc="185,-80,311,0,264,0,230,90" /><INIT seed="3,0,0,2,2,75" ten="105,311,264,320" oya="3" hai0="102,111,31,79,105,46,34,8,38,17,83,14,28" hai1="90,60,106,130,54,9,26,2,127,62,84,87,11" hai2="21,100,67,23,49,118,32,13,29,129,74,39,33" hai3="69,92,44,133,25,36,123,114,104,5,15,108,117"/><W131/><RYUUKYOKU type="yao9" ba="0,0" sc="105,0,311,0,264,0,320,0" hai3="5,15,25,36,44,69,92,104,108,114,117,123,131,133" /><INIT seed="3,1,0,5,4,43" ten="105,311,264,320" oya="3" hai0="51,44,10,107,86,0,87,129,20,57,5,121,63" hai1="108,14,80,126,98,48,128,76,25,104,8,93,17" hai2="96,35,3,12,113,74,29,66,68,111,88,95,59" hai3="94,30,114,84,123,55,65,82,61,18,7,130,28"/><W56/><G130/><T40/><D107/><U135/><E128/><V118/><F3/><W97/><G123/><T85/><D129/><U58/><E108/><V33/><F111/><W24/><G114/><T101/><D121/><U15/><E104/><V132/><F113/><W131/><G131/><T81/><D101/><U105/><E105/><V60/><F118/><W99/><G7/><T34/><D34/><U47/><E126/><V27/><F132/><W45/><G18/><T4/><D4/><U110/><E110/><V1/><F1/><W23/><G30/><T22/><D22/><U39/><E58/><V115/><F115/><W46/><G65/><T62/><D20/><U72/><E39/><V102/><F74/><W16/><G28/><T69/><D62/><U112/><E135/><V31/><F12/><W79/><G99/><T89/><REACH who="0" step="1"/><D69/><REACH who="0" ten="95,311,264,320" step="2"/><U50/><E112/><V71/><F102/><AGARI ba="1,1" hai="16,23,24,45,46,55,56,61,79,82,84,94,97,102" machi="102" ten="30,12000,1" yaku="7,1,8,1,52,2,54,1" doraHai="43" who="3" fromWho="2" sc="95,0,311,0,264,-123,320,133" owari="95,-40.5,311,11.1,141,-25.9,453,55.3" /></mjloggm>