<mjloggm ver="2.3"><GO type="225" lobby="0"/><UN n0="%E5%8D%A0%E3%81%84%E5%B8%AB%E8%A3%8F%E3%81%AA%E3%81%84%E3%81%97" n1="%73%6C%69%63%6B%33%31%39" n2="%E3%81%99%E3%81%84%E3%81%BE%E3%81%9B%E3%83%BC%E3%82%93" n3="%E3%83%97%E3%83%AC%E3%83%B4%E3%82%A1%E3%83%86%E3%82%A3" dan="16,16,16,16" rate="2118.09,2098.43,2235.60,2125.02" sx="M,M,M,F"/><TAIKYOKU oya="0"/><INIT seed="0,0,0,1,2,82" ten="250,250,250,250" oya="0" hai0="98,79,55,74,92,3,86,76,28,47,25,128,39" hai1="133,58,90,121,31,14,73,7,4,113,60,37,18" hai2="88,66,104,21,63,64,85,53,107,41,100,96,0" hai3="101,20,106,49,23,61,56,89,111,50,109,95,10"/><T105/><D3/><U52/><E121/><V132/><F0/><W117/><G117/><T69/><D69/><U125/><E73/><V135/><F41/><W72/><G72/><T44/><D128/><U11/><E37/><V5/><F5/><W26/><G10/><T33/><D74/><U12/><E133/><N who="2" m="51275" /><F107/><W108/><G106/><T70/><D70/><U9/><E125/><V51/><F21/><W114/><G101/><T30/><D105/><U115/><E31/><V78/><F63/><W48/><G114/><T40/><D30/><U97/><E18/><V123/><F78/><W80/><G80/><T43/><D55/><U65/><E65/><V77/><F77/><W126/><G126/><T67/><D67/><U8/><E8/><V119/><F119/><W59/><G59/><T35/><D35/><U93/><AGARI ba="0,0" hai="4,7,9,11,12,14,52,58,60,90,93,97,113,115" machi="93" ten="30,4000,0" yaku="0,1,9,1,54,1" doraHai="82" who="1" fromWho="1" sc="250,-20,250,40,250,-10,250,-10" /><INIT seed="1,0,0,5,3,100" ten="230,290,240,240" oya="1" hai0="52,66,111,21,8,95,33,135,61,14,36,58,85" hai1="98,83,105,73,7,37,88,49,32,63,41,29,69" hai2="75,2,89,101,108,9,55,23,68,4,10,51,70" hai3="64,19,110,45,80,28,24,84,130,27,59,71,31"/><U76/><E7/><V107/><F108/><W65/><G110/><T131/><D33/><U126/><E126/><V39/><F39/><W109/><G109/><T12/><D111/><U0/><E0/><V112/><F75/><W44/><G130/><T54/><D36/><U94/><E37/><V60/><F112/><W16/><BYE who="2" /><G59/><T72/><D72/><U79/><E79/><V78/><F78/><W96/><G96/><T87/><D135/><U53/><E41/><V81/><F81/><W62/><G80/><T117/><D117/><U82/><E82/><V99/><F99/><W30/><G84/><N who="0" m="32331" /><D131/><U118/><E118/><V50/><F50/><W123/><G123/><T67/><D95/><U93/><E93/><V116/><F116/><W25/><G62/><T5/><D66/><N who="3" m="25705" /><G71/><T20/><D12/><U106/><E63/><V124/><F124/><W103/><G103/><T92/><D92/><U115/><E69/><V122/><F122/><W43/><G43/><T113/><D113/><U47/><REACH who="1" step="1"/><E115/><REACH who="1" ten="230,280,240,240" step="2"/><UN n2="%E3%81%99%E3%81%84%E3%81%BE%E3%81%9B%E3%83%BC%E3%82%93" /><V34/><F107/><W104/><G104/><T17/><D5/><U86/><E86/><V128/><F4/><W121/><G121/><T74/><D74/><U26/><AGARI ba="0,1" hai="26,29,32,47,49,53,73,76,83,88,94,98,105,106" machi="26" ten="30,18000,2" yaku="1,1,0,1,52,2,54,1,53,2" doraHai="100" doraHaiUra="102" who="1" fromWho="1" sc="230,-60,280,190,240,-60,240,-60" /><INIT seed="1,1,0,2,5,69" ten="170,470,180,180" oya="1" hai0="19,102,132,30,111,14,120,39,38,81,90,84,11" hai1="66,21,48,53,100,96,17,82,112,0,63,58,91" hai2="42,126,37,35,129,85,56,121,128,107,23,125,123" hai3="70,133,29,75,95,110,57,5,89,52,97,51,44"/><U22/><E112/><V104/><F35/><W71/><G75/><T115/><D115/><U103/><E0/><V94/><F23/><W36/><G110/><T10/><D111/><U122/><E122/><N who="2" m="46603" /><F56/><W28/><G133/><T24/><D120/><U31/><E31/><V131/><F42/><W55/><G5/><T20/><D132/><U65/><E21/><V27/><F27/><W134/><G134/><T64/><D102/><U7/><E7/><V76/><F37/><W54/><G71/><T73/><D73/><U33/><E33/><V4/><F4/><W8/><G8/><T77/><D64/><U88/><E65/><V18/><F18/><W118/><G70/><T79/><REACH who="0" step="1"/><D11/><REACH who="0" ten="160,470,180,180" step="2"/><U130/><E103/><V117/><F117/><W67/><G118/><T15/><D15/><U101/><E100/><V3/><F3/><W62/><G36/><AGARI ba="1,1" hai="10,14,19,20,24,30,36,38,39,77,79,81,84,90" machi="36" ten="40,12000,2" yaku="1,1,52,3,53,3" doraHai="69" doraHaiUra="68" who="0" fromWho="3" sc="160,133,470,0,180,0,180,-123" /><INIT seed="2,0,0,2,4,126" ten="293,470,180,57" oya="2" hai0="124,103,48,125,29,116,68,94,86,44,49,72,64" hai1="122,14,89,39,32,84,1,52,119,13,96,75,10" hai2="56,129,61,76,59,92,19,38,45,134,85,91,101" hai3="46,100,120,123,108,132,106,104,0,5,66,31,117"/><V128/><F134/><W99/><G132/><T2/><D2/><U57/><E39/><V90/><F101/><W30/><G117/><T113/><D72/><U41/><E75/><V74/><F19/><W25/><G108/><T55/><D113/><U88/><E32/><V111/><F111/><W22/><G31/><T17/><D116/><U98/><E119/><V7/><F7/><W82/><G106/><T15/><D29/><U112/><E112/><V12/><F12/><W28/><G28/><T3/><D3/><U6/><E41/><V115/><F115/><W79/><G46/><T60/><D49/><U133/><E133/><V4/><F4/><W70/><G5/><T33/><D33/><U80/><E122/><V62/><F74/><W71/><G0/><T54/><D54/><U130/><E130/><N who="2" m="50283" /><F76/><W35/><G22/><T109/><D109/><U69/><E69/><V8/><F8/><W21/><G21/><N who="0" m="11455" /><D103/><U67/><E89/><V40/><F91/><W78/><G71/><T127/><D127/><U135/><E13/><V36/><F36/><W121/><REACH who="3" step="1"/><G82/><REACH who="3" ten="293,470,180,47" step="2"/><T47/><D125/><U73/><E1/><V58/><AGARI ba="0,1" hai="38,40,45,56,58,59,61,62,85,90,92" m="50283" machi="58" ten="30,11700,0" yaku="19,1,52,3" doraHai="126" who="2" fromWho="2" sc="293,-39,470,-39,180,127,47,-39" /><INIT seed="2,1,0,5,2,27" ten="254,431,307,8" oya="2" hai0="73,53,104,36,66,95,55,120,3,23,50,117,71" hai1="74,8,111,21,99,51,14,32,102,93,96,131,79" hai2="101,44,15,56,11,82,134,128,17,19,4,0,110" hai3="28,125,114,97,68,18,24,121,43,69,115,33,45"/><V6/><F128/><W133/><G121/><T29/><D120/><U54/><E32/><V122/><F122/><W34/><G133/><T92/><D104/><U116/><E116/><V70/><F70/><W1/><G1/><T12/><D3/><U85/><E74/><V67/><F134/><W47/><G125/><T84/><D36/><U94/><E111/><V20/><F110/><W52/><G18/><T42/><D73/><U113/><E113/><N who="3" m="43018" /><G97/><T62/><D117/><U105/><E105/><V90/><F101/><W58/><G34/><T41/><D55/><U91/><E21/><V61/><F44/><N who="3" m="16971" /><G43/><T77/><D41/><U48/><E131/><V2/><F2/><W26/><G26/><N who="0" m="16607" /><D42/><U98/><E79/><V39/><F39/><W130/><G130/><T75/><D12/><U30/><E98/><V40/><F40/><W13/><G13/><T35/><D75/><U64/><E85/><N who="2" m="50487" /><F0/><W107/><G107/><T123/><D35/><U124/><E124/><V72/><F72/><W25/><G25/><AGARI ba="1,0" hai="4,6,11,15,17,19,20,25,56,61,67" m="50487" machi="25" ten="30,1500,0" yaku="8,1" doraHai="27" who="2" fromWho="3" sc="254,0,431,0,307,18,8,-18" owari="254,-14.6,431,53.1,325,12.5,-10,-51.0" /></mjloggm>