<mjloggm ver="2.3"><GO type="225" lobby="0"/><UN n0="%E3%81%AF%E3%82%88%E3%81%8A%E3%81%98%E3%81%95%E3%82%93" n1="%E3%82%BF%E3%83%BC%E3%83%90%E3%83%B3%E9%87%8E%E5%8F%A3" n2="%E7%99%BD%E6%97%A5%E9%9B%AA%E8%8F%9C" n3="%E5%86%B7%E5%87%8D%E3%82%AE%E3%83%A7%E3%83%BC%E3%82%B6" dan="17,16,16,17" rate="2210.22,2125.44,2172.72,2203.37" sx="M,M,F,M"/><TAIKYOKU oya="0"/><INIT seed="0,0,0,5,3,64" ten="250,250,250,250" oya="0" hai0="78,47,28,115,126,7,46,12,14,117,62,98,79" hai1="20,70,133,49,55,48,123,0,59,105,91,129,30" hai2="88,66,125,41,4,71,89,107,18,119,37,19,100" hai3="36,16,120,77,127,111,96,82,31,5,132,9,135"/><T90/><D115/><U40/><E123/><V99/><F125/><W80/><G111/><T27/><D117/><U32/><E0/><V87/><F119/><W10/><G120/><T113/><D113/><U6/><E6/><V131/><F131/><W60/><G127/><T122/><D122/><U75/><E75/><V17/><F4/><W83/><G36/><T25/><D126/><U114/><E114/><V76/><F76/><N who="0" m="29226" /><D62/><U43/><E105/><V118/><F118/><W57/><G77/><T68/><D68/><U81/><E32/><V86/><F86/><W22/><G31/><T67/><D67/><U26/><E129/><V13/><F37/><W102/><G132/><T24/><D28/><U53/><E133/><V3/><F3/><W93/><G5/><T15/><D7/><U38/><E70/><V134/><F41/><W84/><G84/><T116/><D116/><U128/><E38/><V50/><F50/><W35/><G35/><T54/><D54/><U72/><E72/><V21/><F134/><W58/><G135/><T73/><D73/><U63/><E128/><V44/><F44/><N who="0" m="16938" /><D98/><U56/><REACH who="1" step="1"/><E63/><REACH who="1" ten="250,240,250,250" step="2"/><V1/><F1/><W52/><REACH who="3" step="1"/><G57/><REACH who="3" ten="250,240,250,240" step="2"/><T124/><D124/><U109/><E109/><V74/><F74/><W51/><G51/><T110/><D110/><U92/><E92/><V33/><F33/><W130/><G130/><T112/><D112/><U106/><E106/><V34/><F34/><W45/><G45/><T85/><D85/><AGARI ba="0,2" hai="20,26,30,40,43,48,49,53,55,56,59,81,85,91" machi="85" ten="40,5200,0" yaku="1,1,9,1,8,1,53,0" doraHai="64" doraHaiUra="11" who="1" fromWho="0" sc="250,-52,240,72,250,0,240,0" /><INIT seed="1,0,0,0,1,3" ten="198,312,250,240" oya="1" hai0="35,38,10,13,101,56,83,43,81,0,61,18,84" hai1="90,17,32,54,59,5,96,124,77,24,128,39,69" hai2="60,21,98,50,105,46,100,125,40,28,20,119,1" hai3="37,7,14,4,27,79,11,29,135,122,134,2,132"/><U68/><E39/><V121/><F121/><W72/><G37/><T93/><D35/><U34/><E77/><V117/><F1/><W113/><G72/><T118/><D118/><U131/><E124/><V22/><F125/><W108/><G79/><T111/><D111/><U112/><E112/><V129/><F129/><N who="1" m="49737" /><E5/><V103/><F28/><W33/><G122/><T15/><D0/><U87/><E96/><V30/><F30/><W51/><G51/><T97/><D38/><U25/><E17/><V55/><F103/><W26/><G113/><T70/><D70/><N who="1" m="27243" /><E32/><V78/><F78/><W48/><G48/><T91/><D43/><U114/><E34/><V57/><AGARI ba="0,0" hai="20,21,22,40,46,50,55,57,60,98,100,105,117,119" machi="57" ten="30,1100,0" yaku="0,1" doraHai="3" who="2" fromWho="2" sc="198,-3,312,-5,250,11,240,-3" /><INIT seed="2,0,0,5,2,15" ten="195,307,261,237" oya="2" hai0="23,57,60,129,83,40,82,91,126,53,61,47,43" hai1="79,65,96,95,80,21,39,11,105,22,38,92,50" hai2="1,98,20,111,104,36,3,128,66,29,125,2,124" hai3="113,93,33,26,67,12,62,6,106,90,108,68,110"/><V70/><F36/><W69/><G113/><T103/><D126/><N who="2" m="48746" /><F128/><W34/><G106/><T71/><D129/><U49/><E105/><V24/><F111/><N who="3" m="42539" /><G69/><T41/><D103/><U101/><E65/><V135/><F135/><W87/><G26/><T88/><D47/><U35/><E35/><V59/><F70/><W30/><G30/><T72/><D71/><U16/><E38/><V45/><F45/><W63/><G63/><T37/><D37/><U89/><E39/><V0/><F0/><W78/><G78/><T133/><D133/><U99/><E11/><AGARI ba="0,0" hai="6,11,12,33,34,62,67,68,87,90,93" m="42539" machi="11" ten="30,1000,0" yaku="14,1" doraHai="15" who="3" fromWho="1" sc="195,0,307,-10,261,0,237,10" /><INIT seed="3,0,0,4,5,113" ten="195,297,261,247" oya="3" hai0="68,118,54,58,53,106,62,120,88,77,109,134,70" hai1="90,124,7,128,6,23,110,48,104,59,47,14,97" hai2="114,40,39,49,9,42,66,107,129,41,30,93,78" hai3="1,79,0,31,101,85,100,119,98,29,50,13,115"/><W71/><G115/><T10/><D106/><U55/><E110/><V37/><F107/><W91/><G71/><N who="0" m="27179" /><D88/><U35/><E35/><V122/><F114/><W69/><G69/><T116/><D77/><U80/><E128/><V121/><F129/><W111/><G79/><T25/><D10/><U99/><E124/><V112/><F112/><W103/><G111/><T12/><D12/><U33/><E33/><V45/><F66/><W67/><G67/><N who="0" m="39383" /><D25/><U125/><E125/><V11/><F30/><W57/><G98/><N who="1" m="37386" /><E104/><V16/><F78/><W65/><G0/><T60/><D109/><U74/><E74/><V131/><F131/><W15/><G1/><T133/><D120/><N who="2" m="46186" /><F93/><W89/><G89/><T8/><D8/><N who="2" m="3146" /><F16/><W34/><G34/><T108/><D108/><U5/><E59/><V84/><F84/><W3/><G3/><T86/><D86/><N who="1" m="50503" /><E23/><V117/><F117/><N who="0" m="45162" /><D60/><U95/><E95/><V27/><F27/><W38/><G119/><T51/><D51/><U44/><E14/><N who="3" m="5130" /><G29/><T135/><AGARI ba="0,0" hai="53,54,133,134,135" m="45162,39383,27179" machi="135" ten="40,12000,2" yaku="20,1,34,2,52,3" doraHai="113" who="0" fromWho="0" sc="195,120,297,-30,261,-30,247,-60" owari="315,41.5,267,6.7,231,-16.9,187,-31.3" /></mjloggm>