<mjloggm ver="2.3"><GO type="225" lobby="0"/><UN n0="%E7%99%BD%E6%97%A5%E9%9B%AA%E8%8F%9C" n1="%E6%A1%9C%E8%8A%B1%E9%96%83%E3%80%85" n2="%E3%81%BF%E3%81%BF%E3%81%9A" n3="%E8%A6%9A%E9%86%92%E3%81%97%E3%81%9F%E3%81%A8%E3%81%BE%E3%81%A8" dan="17,16,17,16" rate="2206.72,2146.76,2320.29,2114.22" sx="M,M,M,M"/><TAIKYOKU oya="0"/><INIT seed="0,0,0,3,4,39" ten="250,250,250,250" oya="0" hai0="56,100,20,95,35,90,72,34,61,118,48,96,28" hai1="122,9,126,121,128,92,76,5,40,50,32,102,110" hai2="27,47,36,82,68,132,113,18,88,66,16,123,99" hai3="85,117,51,104,57,52,81,134,94,55,130,135,14"/><T42/><D118/><U116/><E116/><V17/><F123/><W8/><G117/><T78/><D72/><U89/><E110/><V124/><F113/><W24/><G104/><T21/><D78/><U106/><E32/><V31/><F124/><W69/><G69/><T91/><D35/><U129/><E76/><V98/><F132/><W53/><G130/><N who="1" m="50282" /><E102/><V80/><F66/><W87/><G87/><T67/><D34/><U1/><E106/><V63/><F63/><W73/><G24/><N who="0" m="16391" /><D21/><U75/><E75/><V86/><F68/><W15/><G94/><T23/><D23/><U127/><E50/><V105/><F105/><W62/><G73/><T84/><D84/><N who="1" m="52263" /><E40/><V54/><F80/><W22/><G22/><T45/><AGARI ba="0,0" hai="42,45,48,56,61,67,90,91,95,96,100" m="16391" machi="45" ten="30,6000,0" yaku="25,1,8,1,52,1" doraHai="39" who="0" fromWho="0" sc="250,60,250,-20,250,-20,250,-20" /><INIT seed="0,1,0,1,2,93" ten="310,230,230,230" oya="0" hai0="77,70,3,20,21,38,24,16,110,1,7,55,104" hai1="122,124,130,52,90,12,44,13,116,96,34,56,22" hai2="128,59,58,97,32,15,50,33,107,8,119,53,2" hai3="60,112,106,28,123,108,37,131,43,118,64,51,57"/><T109/><D70/><U19/><E116/><V92/><F2/><W36/><G106/><T23/><D38/><N who="3" m="14953" /><G28/><T79/><D104/><U76/><E122/><V6/><F107/><W48/><G118/><T35/><D55/><U49/><E124/><V63/><F128/><W86/><G86/><T102/><D102/><U115/><E115/><V81/><F119/><W121/><G112/><T134/><D134/><U114/><E34/><V135/><F135/><W10/><G10/><N who="0" m="2415" /><D3/><U78/><E130/><V67/><REACH who="2" step="1"/><F81/><REACH who="2" ten="310,230,220,230" step="2"/><W133/><G131/><T117/><D117/><U89/><E114/><V88/><AGARI ba="1,1" hai="6,8,15,32,33,50,53,58,59,63,67,88,92,97" machi="88" ten="20,12000,2" yaku="1,1,2,1,0,1,7,1,52,1,54,1,53,0" doraHai="93" doraHaiUra="132" who="2" fromWho="2" sc="310,-61,230,-31,220,133,230,-31" /><INIT seed="1,0,0,4,2,117" ten="249,199,353,199" oya="1" hai0="128,124,133,35,108,30,63,135,102,49,85,83,90" hai1="52,22,123,91,106,26,51,101,57,69,107,114,119" hai2="15,38,44,55,36,110,118,39,93,0,8,6,76" hai3="86,45,127,87,20,71,5,122,25,27,99,132,125"/><U129/><E119/><V43/><F118/><W56/><G71/><T12/><D108/><U81/><E114/><V4/><F110/><W33/><G56/><T74/><D124/><N who="3" m="47689" /><G132/><N who="0" m="50763" /><D128/><U18/><E129/><V21/><F55/><W103/><G5/><T2/><D2/><U92/><E69/><V75/><F93/><N who="3" m="58863" /><G122/><T97/><D49/><U19/><E123/><V64/><F64/><W80/><G80/><T130/><D130/><U24/><E81/><N who="2" m="45215" /><F6/><W13/><G45/><T77/><D12/><U62/><E101/><V111/><F111/><W7/><G33/><T70/><D70/><U37/><E37/><V16/><AGARI ba="0,0" hai="0,4,8,15,16,21,36,38,39,43,44" m="45215" machi="16" ten="30,2000,0" yaku="25,1,54,1" doraHai="117" who="2" fromWho="2" sc="249,-5,199,-10,353,20,199,-5" /><INIT seed="2,0,0,3,4,64" ten="244,189,373,194" oya="2" hai0="28,94,33,55,26,15,47,61,100,101,21,40,121" hai1="14,54,86,29,67,8,72,93,130,119,12,27,90" hai2="117,22,103,65,108,135,74,124,115,13,68,129,79" hai3="133,114,116,60,76,131,118,128,134,0,80,37,127"/><V106/><F65/><W83/><G0/><T53/><D121/><U112/><E112/><V59/><F59/><W25/><G37/><T5/><D61/><U107/><E119/><N who="3" m="45610" /><G60/><T50/><D33/><U120/><E130/><N who="3" m="49706" /><G25/><T62/><D62/><U125/><E125/><V11/><F22/><W88/><G114/><T70/><D70/><U73/><E107/><V78/><F11/><W52/><G52/><N who="0" m="20043" /><D94/><U31/><E67/><V113/><F13/><W85/><G127/><T35/><D35/><U20/><E120/><V105/><F103/><N who="0" m="39498" /><D15/><U58/><E14/><V41/><F117/><W51/><G51/><T19/><D5/><N who="1" m="3087" /><E73/><AGARI ba="0,0" hai="73,76,80,83,85,88,133,134" m="49706,45610" machi="73" ten="30,7700,0" yaku="19,1,34,2,54,1" doraHai="64" who="3" fromWho="1" sc="244,0,189,-77,373,0,194,77" /><INIT seed="3,0,0,5,2,132" ten="244,112,373,271" oya="3" hai0="45,26,1,15,75,86,62,77,50,41,53,46,10" hai1="70,25,134,72,12,74,42,16,58,69,135,28,27" hai2="118,83,30,103,122,8,121,52,110,2,38,79,22" hai3="61,96,102,111,131,109,66,21,33,34,113,23,130"/><W114/><G61/><T100/><D75/><U97/><E42/><V76/><F118/><W55/><G55/><T31/><D1/><U119/><E58/><V81/><F38/><W85/><G66/><T80/><D100/><U71/><E97/><V54/><F103/><W4/><G85/><T87/><D62/><U123/><E123/><N who="2" m="47115" /><F110/><N who="3" m="41995" /><G96/><T78/><D87/><U36/><E36/><V19/><F83/><W125/><G102/><T37/><D15/><U117/><E12/><N who="2" m="7559" /><F2/><W57/><G57/><T18/><D10/><U64/><E28/><V95/><F95/><W60/><G60/><T108/><D18/><U105/><E16/><V90/><F90/><W56/><G56/><T112/><D112/><N who="3" m="43113" /><G4/><T0/><D108/><U91/><E91/><V107/><F107/><W124/><G23/><T13/><D0/><U17/><E17/><V88/><F88/><W6/><G21/><T40/><D40/><U73/><E105/><V3/><F3/><W49/><G49/><T11/><D77/><N who="2" m="29770" /><F81/><W84/><G84/><T115/><D115/><U35/><E64/><V51/><F51/><W68/><G6/><N who="0" m="3319" /><D37/><U47/><E47/><V20/><F20/><W29/><G29/><T24/><D31/><U128/><E35/><N who="3" m="13322" /><G68/><T32/><D32/><U99/><E99/><V5/><F5/><W126/><AGARI ba="0,0" hai="124,125,126,130,131" m="13322,43113,41995" machi="126" ten="50,36000,4" yaku="28,2,18,1,14,1,10,1,31,2,34,2,52,3" doraHai="132" who="3" fromWho="3" sc="244,-120,112,-120,373,-120,271,360" owari="124,-27.6,-8,-50.8,253,5.3,631,73.1" /></mjloggm>