<mjloggm ver="2.3"><GO type="225" lobby="0"/><UN n0="%E8%90%BD%E6%97%A5" n1="%6D%61%74%69%67%75%73%61" n2="%73%73%6B%5F%66%72%65%65" n3="%E3%80%93%E3%81%97%E3%83%BC%E3%82%89%E3%80%93" dan="16,17,16,16" rate="2174.15,2163.58,2127.24,2147.39" sx="F,M,M,M"/><TAIKYOKU oya="0"/><INIT seed="0,0,0,5,3,120" ten="250,250,250,250" oya="0" hai0="107,130,23,24,15,131,91,113,83,94,12,115,79" hai1="111,26,114,31,61,73,116,47,105,121,19,134,128" hai2="60,35,46,64,124,125,103,81,0,65,62,13,71" hai3="87,104,49,97,89,75,68,40,80,108,126,58,66"/><T20/><D107/><U34/><RYUUKYOKU type="yao9" ba="0,0" sc="250,0,250,0,250,0,250,0" hai1="19,26,31,34,47,61,73,105,111,114,116,121,128,134" /><INIT seed="0,1,0,2,4,14" ten="250,250,250,250" oya="0" hai0="34,57,116,110,17,48,25,66,104,58,98,91,47" hai1="135,18,64,24,88,54,19,46,99,103,9,85,51" hai2="77,50,93,44,30,134,84,0,90,20,41,76,31" hai3="38,26,15,114,123,28,87,60,75,118,32,133,122"/><T124/><D116/><U126/><E135/><V13/><F134/><W63/><G75/><T115/><D115/><U74/><E74/><V102/><F0/><W94/><G133/><T7/><D124/><U62/><E126/><V72/><F72/><W83/><G38/><T11/><D110/><U121/><E121/><N who="3" m="46090" /><G114/><T53/><D66/><U70/><E9/><V108/><F102/><W42/><G42/><T8/><D8/><U73/><E24/><V107/><F107/><W65/><G118/><T125/><D125/><U95/><REACH who="1" step="1"/><E73/><REACH who="1" ten="250,240,250,250" step="2"/><V68/><F108/><W80/><G26/><T92/><D104/><AGARI ba="1,1" hai="18,19,46,51,54,62,64,70,85,88,95,99,103,104" machi="104" ten="30,12000,2" yaku="1,1,2,1,7,1,52,2,54,1,53,1" doraHai="14" doraHaiUra="56" who="1" fromWho="0" sc="250,-123,240,133,250,0,250,0" /><INIT seed="1,0,0,2,2,86" ten="127,373,250,250" oya="1" hai0="16,77,101,44,19,26,46,42,109,107,58,47,94" hai1="76,52,111,74,5,112,78,68,97,28,115,83,3" hai2="119,12,10,53,65,8,15,131,37,59,63,121,51" hai3="75,56,17,54,9,123,110,61,88,41,105,92,66"/><U70/><E28/><V87/><F119/><W93/><G105/><T96/><D109/><U135/><E5/><V81/><F121/><W122/><G75/><T126/><D126/><U60/><E3/><V118/><F131/><W108/><G41/><T120/><D120/><U20/><E20/><V89/><F118/><W14/><G93/><T90/><D77/><U67/><E135/><V102/><F102/><W29/><G29/><T57/><D42/><U49/><E68/><V129/><F37/><W38/><G38/><T13/><D26/><U48/><E48/><V103/><F103/><W113/><G113/><T22/><REACH who="0" step="1"/><D19/><REACH who="0" ten="117,373,250,250" step="2"/><U30/><E76/><V116/><F116/><W128/><G128/><T55/><D55/><U33/><E111/><N who="3" m="42538" /><G54/><T18/><D18/><U1/><E52/><V80/><F129/><W71/><G71/><T25/><D25/><U91/><E70/><V40/><F40/><W99/><AGARI ba="0,1" hai="9,14,17,56,61,66,88,92,99,122,123" m="42538" machi="99" ten="30,4000,0" yaku="14,1,52,1,54,1" doraHai="86" who="3" fromWho="3" sc="117,-10,373,-20,250,-10,250,50" /><INIT seed="2,0,0,5,0,58" ten="107,353,240,300" oya="2" hai0="0,68,126,13,29,6,87,47,48,54,78,86,28" hai1="60,22,39,24,114,44,115,97,9,105,66,134,133" hai2="73,77,110,102,69,65,92,127,109,119,80,53,4" hai3="38,118,23,100,11,135,106,7,61,120,123,128,42"/><V34/><F119/><W56/><G118/><T94/><D126/><U82/><E9/><V27/><F127/><W31/><G135/><N who="1" m="51722" /><E82/><V75/><F4/><W67/><G128/><T59/><D0/><U64/><E64/><V131/><F131/><W33/><G23/><T74/><D68/><N who="1" m="42055" /><E44/><V57/><F69/><N who="3" m="42223" /><G42/><T35/><D35/><U124/><E39/><V21/><F34/><W43/><G43/><T116/><D116/><U89/><E124/><V108/><F65/><W3/><G56/><T81/><D74/><U111/><E111/><V50/><F73/><W45/><G45/><T18/><D6/><U95/><E105/><V76/><F76/><W36/><G123/><T30/><D47/><U107/><E107/><V96/><REACH who="2" step="1"/><F108/><REACH who="2" ten="107,353,230,300" step="2"/><W90/><G120/><T5/><D5/><U129/><E129/><V122/><F122/><W70/><G70/><T20/><REACH who="0" step="1"/><D30/><AGARI ba="0,1" hai="22,24,30,89,95,97,114,115" m="42055,51722" machi="30" ten="30,2000,0" yaku="20,1,52,1" doraHai="58" who="1" fromWho="0" sc="107,-20,353,30,230,0,300,0" /><AGARI ba="0,0" hai="21,27,30,50,53,57,75,77,80,92,96,102,109,110" machi="30" ten="40,3900,0" yaku="1,1,53,1" doraHai="58" doraHaiUra="52" who="2" fromWho="0" sc="87,-39,383,0,230,39,300,0" /><INIT seed="2,1,0,0,0,108" ten="48,383,269,300" oya="2" hai0="94,0,48,86,116,90,54,119,134,123,118,95,124" hai1="28,96,89,87,114,128,106,21,120,8,65,81,130" hai2="44,78,29,135,73,11,105,52,53,41,67,57,49" hai3="39,18,62,25,47,32,68,6,104,42,110,101,91"/><V125/><F135/><W34/><G110/><T83/><D0/><U31/><E114/><V4/><F125/><W72/><G6/><T59/><D123/><U88/><E120/><V10/><F105/><W71/><G91/><T27/><D124/><U103/><E65/><V109/><F109/><W16/><G72/><T3/><D3/><U24/><E28/><V76/><F29/><N who="3" m="19503" /><G68/><T107/><D107/><U69/><E69/><V132/><F132/><W1/><G1/><T51/><D134/><U15/><REACH who="1" step="1"/><E89/><REACH who="1" ten="48,373,269,300" step="2"/><V45/><F67/><N who="3" m="41463" /><G34/><T117/><N who="0" m="29696" /><DORA hai="85" /><T63/><REACH who="0" step="1"/><D27/><REACH who="0" ten="38,373,269,300" step="2"/><U17/><AGARI ba="1,2" hai="8,15,17,21,24,31,81,87,88,96,103,106,128,130" machi="17" ten="30,12000,2" yaku="1,1,0,1,52,1,54,1,53,2" doraHai="108,85" doraHaiUra="14,93" who="1" fromWho="1" sc="38,-31,373,143,269,-61,300,-31" /><INIT seed="3,0,0,2,0,20" ten="7,516,208,269" oya="3" hai0="41,80,90,66,113,134,2,56,121,26,42,25,115" hai1="86,83,39,89,53,47,37,18,91,12,14,55,46" hai2="9,38,0,131,34,78,76,58,16,60,24,110,103" hai3="132,129,29,114,87,35,40,85,124,5,57,7,118"/><W48/><G114/><T84/><D84/><BYE who="0" /><U33/><E33/><V44/><F110/><W97/><G118/><T106/><D106/><U36/><E89/><V93/><F131/><W125/><G129/><T22/><D22/><U52/><REACH who="1" step="1"/><E12/><REACH who="1" ten="7,506,208,269" step="2"/><V109/><F0/><W10/><G35/><T81/><D81/><U62/><E62/><V102/><F34/><W28/><G124/><T95/><D95/><U23/><AGARI ba="0,1" hai="14,18,23,36,37,39,46,47,52,53,55,83,86,91" machi="23" ten="40,8000,1" yaku="1,1,0,1,54,1,53,2" doraHai="20" doraHaiUra="43" who="1" fromWho="1" sc="7,-20,506,90,208,-20,269,-40" owari="-13,-51.3,596,69.6,188,-21.2,229,2.9" /></mjloggm>