<mjloggm ver="2.3"><GO type="225" lobby="0"/><UN n0="%E3%81%B5%E3%81%98%E3%81%8B%E3%81%A4" n1="%E3%81%99%E3%81%84%E3%81%BE%E3%81%9B%E3%83%BC%E3%82%93" n2="%28%EF%BF%A3%E2%96%BD%EF%BF%A3%29%CE%B4%E2%8C%92%E3%83%BB" n3="%E6%A1%9C%E8%8A%B1%E9%96%83%E3%80%85" dan="16,18,16,16" rate="2186.36,2208.64,2161.80,2163.24" sx="M,M,M,M"/><TAIKYOKU oya="0"/><INIT seed="0,0,0,0,1,14" ten="250,250,250,250" oya="0" hai0="103,86,121,4,3,69,9,84,80,125,68,111,10" hai1="89,63,33,64,117,105,85,131,56,50,31,52,107" hai2="74,76,92,72,119,57,11,18,135,120,130,21,23" hai3="37,94,101,123,8,27,16,81,17,45,60,51,24"/><T70/><D121/><U44/><E117/><V129/><F120/><W83/><G37/><T6/><D125/><U12/><E131/><V112/><F119/><W75/><G123/><T87/><D103/><U35/><E12/><N who="2" m="7455" /><F112/><W29/><G60/><T133/><D133/><U48/><E48/><V132/><F92/><W47/><G75/><N who="2" m="28713" /><F76/><W122/><G122/><T128/><D128/><N who="2" m="49258" /><F57/><W41/><G47/><T49/><D49/><U134/><E134/><AGARI ba="0,0" hai="21,23,132,134,135" m="49258,28713,7455" machi="134" ten="40,5200,0" yaku="20,1,19,1,52,1" doraHai="14" who="2" fromWho="1" sc="250,0,250,-52,250,52,250,0" /><INIT seed="1,0,0,2,1,35" ten="250,198,302,250" oya="1" hai0="69,3,132,52,95,22,26,8,42,78,75,65,19" hai1="7,12,37,128,34,93,30,45,108,98,14,86,2" hai2="119,33,43,104,114,27,135,46,31,15,124,23,50" hai3="87,101,127,92,76,6,115,83,80,68,133,66,91"/><U94/><E128/><V39/><F104/><W126/><G115/><T99/><D132/><U58/><E108/><V38/><F114/><W13/><G133/><T125/><D125/><N who="3" m="47625" /><G101/><T11/><D42/><U36/><E30/><V70/><F124/><W67/><G68/><T49/><D75/><U85/><E34/><V24/><F135/><W131/><G131/><T32/><D32/><U18/><E58/><V47/><F70/><W60/><G60/><T63/><D78/><U17/><E7/><V72/><F72/><N who="3" m="43015" /><G83/><T111/><D111/><U89/><E45/><V29/><F119/><W102/><G102/><T4/><D11/><AGARI ba="0,0" hai="6,11,13,66,67,87,91,92" m="43015,47625" machi="11" ten="30,1000,0" yaku="18,1" doraHai="35" who="3" fromWho="0" sc="250,-10,198,0,302,0,250,10" /><INIT seed="2,0,0,3,3,58" ten="240,198,302,260" oya="2" hai0="7,70,13,121,67,132,126,36,117,50,49,85,66" hai1="39,98,118,54,68,5,32,42,8,131,99,59,83" hai2="125,35,135,10,107,84,95,45,33,23,90,86,112" hai3="65,97,79,102,34,25,100,19,133,38,21,46,62"/><V55/><F107/><W123/><G123/><T28/><D121/><U106/><E118/><V129/><F112/><W69/><G133/><T88/><D117/><U73/><E131/><V113/><F113/><W124/><G124/><T114/><D132/><U12/><E32/><V30/><F135/><W116/><G116/><T57/><D114/><U82/><E68/><V122/><F122/><W18/><G79/><T20/><D36/><U93/><E106/><V120/><F120/><W22/><G34/><T60/><D126/><U127/><E127/><V111/><F111/><W94/><G102/><T96/><D96/><U40/><E99/><V2/><F129/><W75/><G75/><T14/><D70/><U63/><E39/><V4/><F125/><W110/><G110/><T109/><D67/><U134/><E134/><V130/><F130/><W91/><G91/><T43/><D109/><U56/><E56/><V48/><REACH who="2" step="1"/><F86/><REACH who="2" ten="240,198,292,260" step="2"/><W81/><G81/><N who="1" m="30730" /><E73/><V11/><F11/><W105/><G105/><T89/><D85/><U47/><E47/><V78/><F78/><W77/><G77/><T51/><D43/><U76/><E76/><V17/><F17/><W44/><REACH who="3" step="1"/><G38/><REACH who="3" ten="240,198,292,250" step="2"/><T52/><D89/><AGARI ba="0,2" hai="5,8,12,40,42,54,59,63,89,93,98" m="30730" machi="89" ten="30,2000,0" yaku="8,1,52,1" doraHai="58" who="1" fromWho="0" sc="240,-20,198,40,292,0,250,0" /><INIT seed="3,0,0,2,5,100" ten="220,238,292,250" oya="3" hai0="120,97,27,64,57,116,6,81,46,84,115,117,105" hai1="87,13,30,83,95,68,111,5,62,37,29,43,104" hai2="128,15,34,114,8,61,56,51,119,40,45,50,38" hai3="90,1,18,123,35,121,99,130,73,86,133,122,39"/><W19/><G73/><T3/><D120/><U76/><E111/><V49/><F34/><W7/><G39/><T21/><D115/><U66/><E104/><V131/><F114/><W94/><G130/><N who="2" m="49705" /><F119/><W96/><G35/><T79/><D46/><U60/><E60/><V2/><F2/><W52/><G133/><T135/><D135/><U58/><E68/><V124/><F124/><W125/><G125/><T44/><D44/><U80/><E80/><V72/><F72/><W92/><G86/><T47/><D47/><U82/><E43/><V77/><F77/><W132/><G132/><T89/><D3/><U12/><E37/><V98/><F98/><W36/><G36/><T109/><D109/><U106/><E106/><V24/><F24/><W10/><REACH who="3" step="1"/><G52/><REACH who="3" ten="220,238,292,240" step="2"/><T93/><D117/><U107/><E87/><V71/><F38/><W129/><G129/><T42/><D116/><U0/><E76/><V67/><F71/><W134/><G134/><T78/><D78/><U26/><E83/><V74/><F74/><W69/><G69/><T16/><D42/><U55/><E82/><V126/><F126/><W65/><G65/><T53/><D64/><U31/><E66/><V127/><F127/><W112/><G112/><T9/><D53/><U91/><E55/><V48/><F48/><W59/><G59/><T102/><D57/><U28/><E58/><V20/><F20/><W23/><G23/><T110/><D110/><U88/><N who="1" m="7168" /><DORA hai="70" /><U75/><E75/><V17/><AGARI ba="0,1" hai="8,15,17,40,45,49,50,51,56,61,67" m="49705" machi="17" ten="30,1100,0" yaku="19,1" doraHai="100,70" who="2" fromWho="2" sc="220,-3,238,-3,292,21,240,-5" owari="217,-28.3,235,3.5,313,41.3,235,-16.5" /></mjloggm>