<mjloggm ver="2.3"><GO type="225" lobby="0"/><UN n0="%E6%A1%9C%E8%8A%B1%E9%96%83%E3%80%85" n1="%E5%82%8D%E8%8B%A5%E7%84%A1%E4%BA%BA%35%31" n2="%E3%81%B5%E3%81%98%E3%81%8B%E3%81%A4" n3="%E3%82%BC%E3%83%AB%E3%83%80%E3%81%AE%E4%BC%9D%E8%AA%AC" dan="16,16,16,18" rate="2161.93,2098.12,2176.68,2230.86" sx="M,M,M,M"/><TAIKYOKU oya="0"/><INIT seed="0,0,0,0,2,119" ten="250,250,250,250" oya="0" hai0="125,116,27,52,121,14,128,28,21,126,19,76,102" hai1="16,35,108,47,31,30,33,62,43,59,105,65,54" hai2="86,41,36,81,118,71,9,24,68,92,93,127,3" hai3="120,122,67,101,83,135,58,56,99,79,55,50,100"/><T23/><D102/><U77/><E108/><V106/><F106/><W37/><G37/><T22/><D76/><U44/><E105/><V89/><F127/><N who="0" m="48650" /><D116/><U90/><E77/><V42/><F118/><W38/><G38/><T1/><D128/><U13/><E35/><V72/><F24/><W95/><G135/><T97/><D97/><U110/><E110/><V134/><F134/><W111/><G111/><T7/><D52/><U129/><E33/><V124/><F124/><W94/><G94/><T104/><D104/><U87/><E129/><V98/><F93/><W132/><G132/><T2/><D121/><N who="3" m="46697" /><G67/><T70/><D70/><U133/><E133/><V57/><F36/><W32/><G32/><N who="0" m="20511" /><D7/><U78/><E78/><N who="2" m="44231" /><F68/><W0/><G0/><AGARI ba="0,0" hai="0,1,2,14,19,21,22,23" m="20511,48650" machi="0" ten="30,5800,0" yaku="18,1,34,2" doraHai="119" who="0" fromWho="3" sc="250,58,250,0,250,0,250,-58" /><INIT seed="0,1,0,4,0,120" ten="308,250,250,192" oya="0" hai0="117,17,81,93,22,133,39,134,78,100,54,75,41" hai1="42,40,51,16,130,57,129,121,1,82,23,5,3" hai2="77,48,15,132,9,85,113,33,92,107,63,36,62" hai3="27,83,59,24,118,49,50,6,102,89,58,34,105"/><T0/><D117/><U95/><E121/><V68/><F113/><W87/><G118/><T19/><D0/><U108/><E108/><V86/><F107/><W61/><G34/><T135/><D54/><N who="1" m="31967" /><E82/><V31/><F36/><W56/><G105/><T30/><D41/><N who="1" m="15979" /><E5/><V114/><F114/><W53/><G102/><T69/><D69/><U103/><E103/><V73/><F73/><W52/><G6/><T91/><D100/><U67/><E67/><AGARI ba="1,0" hai="24,27,49,50,52,53,56,58,59,61,67,83,87,89" machi="67" ten="30,7700,0" yaku="7,1,9,1,8,1,54,1" doraHai="120" who="3" fromWho="1" sc="308,0,250,-80,250,0,192,80" /><INIT seed="1,0,0,0,3,5" ten="308,170,250,272" oya="1" hai0="20,42,93,63,59,103,26,83,127,130,79,102,132" hai1="3,118,89,66,52,120,122,0,70,2,109,107,28" hai2="56,50,25,133,84,117,101,76,40,23,11,78,34" hai3="125,111,58,73,8,74,22,91,105,82,69,77,106"/><U19/><E118/><V47/><F117/><W85/><G69/><T62/><D127/><U12/><E107/><N who="3" m="40970" /><G22/><T41/><D132/><U119/><E119/><V134/><F133/><W75/><G8/><T124/><D130/><U80/><E109/><V65/><F34/><W1/><G58/><T53/><D63/><U135/><E135/><V121/><F101/><N who="0" m="38410" /><D93/><U95/><E80/><N who="2" m="47111" /><F121/><W15/><G15/><T35/><D35/><U114/><E114/><V7/><F78/><W37/><G1/><T99/><D99/><U43/><E43/><V38/><F38/><W55/><G55/><T49/><D124/><U72/><E72/><N who="3" m="27754" /><G37/><T100/><D100/><U96/><E28/><N who="2" m="17471" /><F134/><W131/><G125/><T129/><D129/><U123/><E66/><V9/><F7/><W67/><G67/><N who="0" m="39391" /><D83/><U4/><E70/><V126/><F126/><W97/><G131/><T46/><D79/><U29/><E29/><AGARI ba="0,0" hai="20,26,29,41,42,46,49,53" m="39391,38410" machi="29" ten="30,1000,0" yaku="8,1" doraHai="5" who="0" fromWho="1" sc="308,10,170,-10,250,0,272,0" /><INIT seed="2,0,0,5,5,86" ten="318,160,250,272" oya="2" hai0="90,55,94,30,131,80,121,2,91,101,111,79,72" hai1="117,6,96,124,99,38,34,130,77,65,28,41,81" hai2="67,9,87,4,74,123,66,31,105,53,39,7,36" hai3="13,37,69,49,35,133,98,25,42,61,114,1,21"/><V122/><F105/><W0/><G37/><T18/><D121/><U76/><E117/><V26/><F74/><W97/><G35/><T68/><D68/><U83/><E130/><V46/><F7/><W10/><G1/><T116/><D131/><U54/><E124/><V103/><F103/><W95/><G0/><T92/><D2/><U93/><E65/><V78/><F123/><W60/><G69/><T16/><D111/><U129/><E129/><V71/><F53/><W12/><G133/><T82/><D101/><U14/><E54/><V102/><F102/><W135/><G98/><T59/><D30/><U70/><E70/><V8/><F8/><W75/><G75/><T127/><D82/><U57/><E57/><V125/><F125/><W58/><G114/><T27/><D116/><U56/><E56/><V89/><F78/><W88/><G135/><T29/><D94/><U134/><E134/><V17/><F17/><N who="3" m="8343" /><G13/><T109/><D109/><U64/><E64/><N who="2" m="24619" /><F71/><W33/><G33/><T100/><D100/><U113/><E113/><V110/><F46/><N who="3" m="25815" /><G58/><T84/><D127/><U63/><E14/><N who="2" m="5415" /><F122/><W108/><G108/><T24/><D24/><U85/><E6/><V44/><F44/><W112/><G112/><T132/><D132/><U106/><E106/><V3/><F3/><W107/><G107/><T120/><D120/><U22/><E34/><N who="2" m="20855" /><F110/><W104/><G104/><T5/><D5/><U40/><E38/><V48/><F48/><W47/><G47/><T119/><D119/><U128/><E128/><V11/><F11/><W15/><G15/><T73/><D73/><RYUUKYOKU ba="0,0" sc="318,-15,160,-15,250,15,272,15" hai2="36,39,87,89" hai3="21,25,60,61,88,95,97" /><INIT seed="2,1,0,4,5,35" ten="303,145,265,287" oya="2" hai0="1,90,91,128,119,94,85,49,41,70,14,105,7" hai1="99,86,21,47,26,88,4,113,18,76,92,54,132" hai2="59,30,121,124,6,40,71,17,44,65,16,79,31" hai3="32,39,12,129,42,81,37,131,64,120,3,24,74"/><V111/><F121/><W107/><G120/><T110/><D70/><U135/><E113/><V96/><F71/><W108/><G108/><T101/><D110/><U9/><E47/><V69/><F69/><W66/><G107/><T63/><D128/><N who="3" m="49225" /><G12/><T117/><D14/><U10/><E76/><V123/><F123/><W50/><G50/><T2/><D63/><U20/><E21/><V67/><F6/><W68/><G3/><N who="0" m="1035" /><D7/><U72/><E72/><V45/><F79/><N who="3" m="44279" /><G42/><T100/><D105/><U0/><E10/><V15/><F40/><W130/><G130/><T36/><D36/><N who="3" m="13897" /><G68/><T93/><D49/><U11/><E9/><V127/><F111/><W62/><G62/><T19/><D41/><U38/><E38/><V53/><F15/><W73/><G73/><T83/><D19/><U122/><E122/><V89/><F67/><W87/><G87/><N who="0" m="52479" /><D83/><U84/><REACH who="1" step="1"/><E54/><REACH who="1" ten="303,135,265,287" step="2"/><V102/><F53/><W33/><G32/><T5/><D5/><U103/><E103/><V52/><F102/><W22/><G33/><T78/><D78/><U60/><E60/><N who="2" m="35943" /><F65/><W104/><G66/><T48/><D48/><U95/><E95/><N who="2" m="56431" /><F44/><W55/><G64/><T116/><AGARI ba="1,1" hai="85,90,94,100,101,116,117,119" m="52479,1035" machi="116" ten="40,8000,1" yaku="12,1,52,3" doraHai="35" who="0" fromWho="0" sc="303,93,135,-21,265,-41,287,-21" /><INIT seed="3,0,0,0,4,110" ten="396,114,224,266" oya="3" hai0="107,96,7,93,9,18,58,114,0,126,115,69,65" hai1="106,108,121,92,67,17,135,51,61,124,109,45,49" hai2="111,68,82,125,72,1,60,78,32,11,3,129,75" hai3="80,88,12,28,33,120,54,63,105,52,100,119,20"/><W132/><G120/><T127/><D69/><U38/><E106/><V48/><F111/><W46/><G119/><T15/><D107/><U43/><E92/><V116/><F116/><W29/><G33/><T79/><D79/><U123/><E17/><V87/><F125/><N who="0" m="47626" /><D58/><U74/><E74/><V24/><F129/><W62/><G100/><N who="0" m="60431" /><D65/><U30/><E30/><V35/><F48/><W83/><G132/><T23/><AGARI ba="0,0" hai="0,7,9,15,18,23,114,115" m="60431,47626" machi="23" ten="30,4000,0" yaku="18,1,52,2" doraHai="110" who="0" fromWho="0" sc="396,40,114,-10,224,-10,266,-20" owari="436,53.6,104,-39.6,214,-18.6,246,4.6" /></mjloggm>