<mjloggm ver="2.3"><GO type="225" lobby="0"/><UN n0="%E3%80%93%E3%81%97%E3%83%BC%E3%82%89%E3%80%93" n1="%72%65%6E%6B%75%6E" n2="%4B%2E%32%2E%4B%2E" n3="%E3%81%95%E3%81%8D%E3%81%9F%E3%81%BE%E6%9E%97%E6%AA%8E" dan="16,17,16,16" rate="2181.51,2264.17,2123.60,2066.89" sx="M,M,M,M"/><TAIKYOKU oya="0"/><INIT seed="0,0,0,0,4,85" ten="250,250,250,250" oya="0" hai0="102,55,32,2,124,40,62,61,118,42,71,73,105" hai1="77,108,97,116,51,110,114,30,50,7,21,88,39" hai2="104,132,57,101,125,53,98,127,75,26,13,117,115" hai3="8,49,47,36,128,54,106,19,45,109,82,112,16"/><T63/><D73/><U14/><E116/><V24/><F115/><W31/><G112/><T87/><D2/><U65/><E114/><V89/><F75/><W121/><G106/><T6/><D6/><U52/><E39/><V20/><F117/><W80/><G109/><N who="1" m="42090" /><E65/><V46/><F132/><W48/><G128/><T17/><D118/><U18/><E77/><V129/><F46/><W9/><G121/><T84/><D32/><U10/><E30/><V119/><F129/><W95/><G36/><T38/><D71/><U81/><E51/><V135/><F135/><W96/><G31/><T79/><D38/><U60/><E60/><V33/><F119/><W29/><G29/><T68/><D79/><U131/><E131/><V37/><F33/><W107/><G107/><T92/><D105/><U23/><E18/><N who="3" m="6698" /><G9/><T43/><D68/><U123/><E123/><V134/><F134/><W35/><G8/><T78/><D17/><U70/><E70/><V58/><F37/><W1/><G35/><T66/><D66/><U83/><E83/><V126/><F126/><W130/><G1/><T25/><D124/><U34/><E34/><V69/><F69/><W100/><G130/><T4/><D78/><U3/><E3/><V15/><F125/><W44/><G44/><T91/><D4/><U76/><E76/><V113/><F113/><W56/><G47/><T64/><D64/><U86/><E97/><V120/><F127/><W22/><G22/><T90/><D25/><N who="2" m="9834" /><F120/><W103/><G103/><T28/><D102/><U0/><E0/><V111/><F101/><W41/><AGARI ba="0,0" hai="41,45,48,49,54,56,80,82,95,96,100" m="6698" machi="41" ten="30,4000,0" yaku="5,1,8,1,54,1" doraHai="85" who="3" fromWho="3" sc="250,-20,250,-10,250,-10,250,40" /><INIT seed="1,0,0,3,0,77" ten="230,240,240,290" oya="1" hai0="84,66,117,58,85,61,115,12,15,95,1,110,121" hai1="124,29,83,89,13,43,101,93,5,114,27,68,71" hai2="128,41,9,122,73,63,17,72,108,99,22,59,23" hai3="98,54,103,2,47,31,42,120,40,49,96,129,112"/><U135/><E114/><V131/><F122/><W125/><G120/><T53/><D1/><U48/><E124/><V14/><F108/><W104/><G112/><T50/><D121/><U74/><E135/><V94/><F41/><W79/><G2/><T87/><D115/><U35/><E101/><V133/><F133/><W119/><G125/><T19/><D110/><U132/><E132/><V3/><F73/><W24/><G129/><N who="2" m="49737" /><F72/><W39/><G39/><T80/><D117/><U11/><E74/><V106/><F106/><W123/><G123/><T62/><D95/><U26/><E26/><V6/><F6/><W111/><G111/><T81/><D15/><U97/><REACH who="1" step="1"/><E83/><REACH who="1" ten="230,230,240,290" step="2"/><N who="0" m="31817" /><D66/><U70/><E70/><V127/><F127/><W118/><G118/><T37/><D37/><U16/><E16/><V86/><F3/><W18/><G18/><T126/><D126/><U57/><E57/><V130/><F130/><W32/><G119/><T92/><D92/><U69/><E69/><V107/><F107/><W60/><G104/><T88/><D88/><U7/><E7/><V90/><F99/><W4/><G98/><T38/><D38/><U113/><E113/><V65/><AGARI ba="0,1" hai="9,14,17,22,23,59,63,65,86,90,94" m="49737" machi="65" ten="30,1100,0" yaku="19,1" doraHai="77" who="2" fromWho="2" sc="230,-3,230,-5,240,21,290,-3" /><INIT seed="2,0,0,3,3,125" ten="227,225,261,287" oya="2" hai0="94,72,58,130,88,85,120,47,36,16,115,73,81" hai1="3,121,133,102,68,67,126,128,98,62,31,40,103" hai2="2,20,65,122,15,74,64,99,80,97,53,24,82" hai3="1,34,112,43,14,90,131,32,22,69,77,71,91"/><V56/><F2/><W132/><G132/><T127/><D120/><U95/><E3/><V51/><F122/><W101/><G22/><T54/><D115/><U4/><E4/><V8/><F74/><W11/><G14/><T124/><D130/><U57/><E121/><V27/><F82/><W107/><G107/><T49/><D36/><U110/><E126/><N who="0" m="48169" /><D58/><U6/><E6/><N who="2" m="3479" /><F27/><W9/><G131/><T7/><D7/><U100/><E133/><V108/><F80/><W23/><G23/><T63/><D63/><U83/><E128/><V0/><F108/><W42/><G101/><N who="1" m="39018" /><E68/><V113/><F113/><W61/><G61/><T5/><D5/><U41/><E110/><V79/><F79/><W76/><G1/><T116/><D116/><U123/><E123/><V134/><F134/><W70/><G70/><T117/><D117/><U29/><E83/><V89/><F0/><W45/><G112/><T109/><D109/><U52/><E67/><N who="2" m="25675" /><F89/><W111/><G111/><T55/><D81/><U129/><E129/><V84/><F84/><W44/><AGARI ba="0,0" hai="9,11,32,34,42,43,44,45,69,71,76,77,90,91" machi="44" ten="25,3200,0" yaku="0,1,22,2" doraHai="125" who="3" fromWho="3" sc="227,-8,225,-8,261,-16,287,32" /><INIT seed="3,0,0,5,1,36" ten="219,217,245,319" oya="3" hai0="87,99,61,131,26,38,124,121,23,111,31,67,41" hai1="50,2,84,34,32,65,80,125,58,20,55,53,78" hai2="86,89,93,133,123,28,117,134,103,72,70,24,129" hai3="88,17,82,62,132,13,59,3,113,104,11,7,109"/><W56/><G113/><T81/><D121/><U100/><E125/><V39/><F70/><W46/><G132/><N who="2" m="50793" /><F39/><W135/><G104/><T128/><D124/><U44/><E2/><V122/><F117/><W5/><G5/><T79/><D111/><U21/><E65/><V73/><F129/><N who="0" m="49738" /><D99/><U40/><E100/><V102/><F24/><W33/><G33/><T107/><D107/><U29/><E55/><V19/><F19/><W69/><G69/><N who="0" m="42223" /><D38/><U4/><E4/><V94/><F28/><W1/><G109/><T52/><D52/><U97/><E97/><N who="2" m="59695" /><F103/><W83/><G135/><T10/><D10/><U68/><E68/><V0/><F0/><W114/><G11/><T54/><D54/><U110/><E110/><V75/><AGARI ba="0,0" hai="72,73,75,86,89,94,122,123" m="59695,50793" machi="75" ten="40,5200,0" yaku="20,1,34,2" doraHai="36" who="2" fromWho="2" sc="219,-13,217,-13,245,52,319,-26" /><INIT seed="4,0,0,0,4,111" ten="206,204,297,293" oya="0" hai0="74,84,66,25,105,114,50,96,125,58,99,37,47" hai1="90,20,22,4,88,19,52,42,109,14,89,67,113" hai2="65,80,124,118,38,110,121,104,135,17,41,115,33" hai3="128,72,61,11,85,102,46,23,107,59,32,79,78"/><T16/><D74/><U122/><E109/><V12/><RYUUKYOKU type="yao9" ba="0,0" sc="206,0,204,0,297,0,293,0" hai2="12,17,33,38,41,65,80,104,110,115,118,121,124,135" /><INIT seed="4,1,0,1,5,124" ten="206,204,297,293" oya="0" hai0="129,51,91,75,64,28,27,88,97,128,44,15,110" hai1="113,43,123,96,54,80,108,1,4,68,38,69,2" hai2="60,26,48,19,37,134,52,32,3,66,30,120,9" hai3="62,74,12,100,46,126,132,18,25,93,90,131,36"/><T101/><D75/><U133/><E54/><V107/><F107/><W94/><G74/><T49/><D64/><U104/><E80/><V86/><F120/><W50/><G36/><T84/><D15/><U5/><E123/><V58/><F37/><W106/><G106/><N who="0" m="63791" /><D110/><U92/><E108/><V103/><F134/><W21/><G132/><T11/><D11/><N who="1" m="2447" /><E92/><V16/><F103/><W77/><G77/><T63/><D63/><U29/><E29/><V8/><F86/><W111/><G111/><T102/><D102/><N who="1" m="62535" /><E133/><V13/><F3/><W109/><G109/><T79/><D79/><U14/><E14/><V56/><F8/><W112/><G94/><N who="0" m="54535" /><D91/><U10/><E113/><V23/><F32/><W105/><G112/><T6/><D6/><AGARI ba="1,0" hai="6,9,13,16,19,23,26,30,48,52,56,58,60,66" machi="6" ten="30,7700,0" yaku="7,1,8,1,54,2" doraHai="124" who="2" fromWho="0" sc="206,-80,204,0,297,80,293,0" owari="126,-37.4,204,-19.6,377,47.7,293,9.3" /></mjloggm>