<mjloggm ver="2.3"><GO type="225" lobby="0"/><UN n0="%E9%B3%B3%E6%9D%B1%E3%81%AE%E3%81%86%E3%81%95%E3%81%8E%E3%81%95%E3%82%93" n1="%45%6C%79%73%69%75%6D" n2="%E3%81%8F%E3%82%8A%E3%83%94%E3%83%BC" n3="%E3%81%86%E3%81%A1%E3%83%BC" dan="16,18,16,17" rate="2156.42,2159.73,2111.17,2171.61" sx="M,F,M,M"/><TAIKYOKU oya="0"/><INIT seed="0,0,0,2,4,115" ten="250,250,250,250" oya="0" hai0="8,31,112,52,117,47,88,3,124,67,29,11,101" hai1="55,78,100,27,43,120,102,103,133,56,13,79,65" hai2="119,12,62,122,57,113,60,95,107,129,14,94,51" hai3="130,70,83,45,5,4,58,9,75,34,41,126,108"/><T20/><D112/><U81/><E120/><V84/><F107/><W127/><G70/><T24/><D117/><U80/><E133/><V10/><F122/><W15/><G108/><T22/><D124/><N who="3" m="47657" /><G34/><T66/><D101/><U134/><E134/><V96/><F129/><W114/><G58/><T87/><D3/><U123/><E123/><V69/><F69/><W72/><G130/><T1/><D1/><U104/><E43/><V63/><F113/><W48/><G114/><T135/><D135/><U35/><E65/><N who="0" m="24585" /><D20/><U111/><E111/><V131/><F119/><W25/><G25/><T53/><D29/><U50/><E27/><V0/><F0/><W40/><G4/><T128/><D128/><U77/><E35/><V37/><F37/><W23/><G23/><T6/><D6/><U118/><E104/><V74/><F74/><N who="3" m="28203" /><G83/><N who="0" m="49279" /><D47/><U76/><N who="1" m="19456" /><DORA hai="7" /><U97/><E118/><V39/><F39/><W73/><N who="3" m="28211" /><W82/><DORA hai="98" /><G82/><T42/><D42/><AGARI ba="0,0" hai="5,9,15,40,41,42,45,48" m="28211,47657" machi="42" ten="50,3200,0" yaku="18,1,52,1" doraHai="115,7,98" who="3" fromWho="0" sc="250,-32,250,0,250,0,250,32" /><INIT seed="1,0,0,2,4,97" ten="218,250,250,282" oya="1" hai0="109,88,99,127,121,102,0,69,134,66,19,86,12" hai1="47,105,57,100,67,128,9,112,84,101,126,96,56" hai2="3,60,30,91,7,65,33,94,43,25,110,59,16" hai3="45,48,76,103,83,114,18,37,81,49,72,133,35"/><U135/><E112/><V118/><F118/><W24/><G114/><T23/><D109/><U89/><E128/><V8/><F110/><W58/><G103/><N who="1" m="39498" /><E105/><V11/><F43/><W130/><G37/><T104/><D134/><U13/><E96/><V108/><F108/><W51/><G83/><T38/><D127/><U119/><E119/><V42/><F42/><W106/><G106/><T111/><D111/><U6/><E126/><V1/><F16/><W80/><G80/><T68/><D38/><U90/><E135/><V17/><F17/><W32/><G32/><T115/><D115/><U61/><E47/><V73/><F73/><W36/><G35/><T122/><D0/><U132/><E132/><V52/><F8/><W46/><G45/><T74/><D74/><U39/><E39/><V117/><F117/><W50/><G46/><T40/><D40/><U123/><E123/><N who="0" m="47113" /><D66/><N who="1" m="39207" /><E84/><V63/><F1/><W31/><G133/><T120/><N who="0" m="47121" /><T70/><DORA hai="34" /><D70/><U26/><E26/><V92/><REACH who="2" step="1"/><F91/><REACH who="2" ten="218,250,240,282" step="2"/><W41/><G36/><T15/><D12/><U77/><E77/><V129/><F129/><W98/><G130/><T64/><D64/><U78/><E78/><V20/><F20/><W107/><N who="3" m="12288" /><DORA hai="124" /><W10/><G41/><T14/><D15/><U53/><E67/><V85/><F85/><W71/><G76/><T55/><D55/><U29/><E29/><V21/><F21/><W116/><G31/><T93/><AGARI ba="0,1" hai="14,19,23,68,69,86,88,93,99,102,104" m="47121" machi="93" ten="40,5200,0" yaku="13,1,52,1,54,1" doraHai="97,34,124" who="0" fromWho="0" sc="218,62,250,-26,240,-13,282,-13" /><INIT seed="2,0,0,1,1,99" ten="280,224,227,269" oya="2" hai0="104,8,82,26,28,111,70,27,30,135,114,120,39" hai1="42,75,85,44,37,60,84,93,88,64,46,127,117" hai2="101,91,4,96,94,49,92,41,125,61,21,83,6" hai3="66,98,43,5,112,118,57,89,11,130,115,87,72"/><V119/><F119/><W35/><G72/><T100/><D120/><U52/><E127/><V10/><F125/><W33/><G118/><T97/><D114/><N who="3" m="43561" /><G43/><T105/><D39/><U36/><E75/><V55/><F41/><W123/><G98/><T121/><D121/><U32/><E117/><V40/><F83/><W107/><G107/><T38/><D38/><U122/><E122/><V134/><F134/><W71/><G71/><T14/><D70/><U22/><E32/><V19/><F40/><W77/><G77/><T29/><D105/><U13/><E44/><V74/><F61/><N who="3" m="38191" /><G130/><T131/><D135/><U108/><E108/><V23/><F74/><W106/><G106/><T25/><D131/><U24/><E36/><V76/><F76/><W86/><G86/><T48/><D48/><N who="1" m="28695" /><E42/><V34/><F34/><W45/><G45/><T95/><D111/><U80/><E37/><V54/><F54/><W53/><G53/><T2/><D104/><U9/><E60/><V116/><F116/><W109/><G109/><T126/><D126/><U128/><E128/><V132/><F132/><W58/><G58/><T3/><REACH who="0" step="1"/><D82/><REACH who="0" ten="270,224,227,269" step="2"/><U56/><E80/><V1/><F49/><W47/><G123/><T17/><AGARI ba="0,1" hai="2,3,8,14,17,25,26,27,28,29,30,95,97,100" machi="17" ten="30,12000,2" yaku="1,1,2,1,0,1,52,1,53,3" doraHai="99" doraHaiUra="20" who="0" fromWho="0" sc="270,130,224,-30,227,-60,269,-30" /><INIT seed="3,0,0,2,0,32" ten="400,194,167,239" oya="3" hai0="65,72,101,109,4,8,15,33,95,122,35,121,73" hai1="84,20,1,62,76,125,13,16,55,22,40,28,104" hai2="75,134,87,112,80,64,23,89,68,91,17,111,128" hai3="5,135,53,50,86,41,113,49,59,67,123,100,108"/><W42/><G100/><T63/><D33/><U18/><E104/><V46/><F112/><W74/><G74/><T126/><D35/><U56/><E125/><V34/><F34/><W24/><G5/><T21/><D73/><U97/><E97/><V115/><F115/><W107/><G86/><T102/><D72/><U70/><E70/><V120/><F75/><W132/><G24/><T44/><D126/><U43/><E28/><V58/><F111/><W52/><G107/><T7/><D109/><U124/><E1/><V37/><F128/><W38/><G108/><T30/><D44/><U106/><E106/><V99/><F134/><W110/><G110/><T131/><D4/><U94/><E124/><V6/><F6/><W54/><G113/><T27/><D131/><U47/><E47/><V118/><F120/><W19/><G19/><T105/><D105/><U88/><E76/><V48/><F118/><W81/><G81/><T26/><D26/><AGARI ba="0,0" hai="13,16,18,20,22,26,40,43,55,56,62,84,88,94" machi="26" ten="30,7700,0" yaku="7,1,8,1,54,2" doraHai="32" who="1" fromWho="0" sc="400,-77,194,77,167,0,239,0" owari="323,42.3,271,7.1,167,-33.3,239,-16.1" /></mjloggm>