<mjloggm ver="2.3"><GO type="225" lobby="0"/><UN n0="%E5%84%AA%40%41%42%43" n1="%72%69%6F%75%63%68%61%6E" n2="%4C%4F%4C%49%54%41" n3="%E9%89%A2%E5%B7%BB%E3%82%AC%E3%83%96" dan="17,17,16,16" rate="2255.71,2216.09,2198.47,2067.81" sx="M,M,F,M"/><TAIKYOKU oya="0"/><INIT seed="0,0,0,2,5,81" ten="250,250,250,250" oya="0" hai0="113,50,57,89,39,9,79,24,40,60,92,13,22" hai1="65,63,68,61,73,76,14,91,115,77,52,67,7" hai2="111,107,75,131,95,48,33,51,132,28,122,26,34" hai3="58,116,69,110,120,105,129,123,38,25,119,118,43"/><T109/><D113/><U80/><E115/><V17/><F107/><W23/><G105/><T29/><D39/><U49/><E77/><V78/><F122/><N who="3" m="46635" /><G69/><T128/><D128/><U125/><E125/><V134/><F111/><W104/><G104/><T46/><D79/><U112/><E112/><V124/><F124/><W103/><G103/><T55/><D109/><U117/><E117/><V97/><F33/><W53/><G23/><T94/><REACH who="0" step="1"/><D89/><REACH who="0" ten="240,250,250,250" step="2"/><U72/><E91/><V56/><F131/><W21/><G129/><T41/><D41/><U8/><E76/><V31/><F78/><W62/><G110/><T4/><AGARI ba="0,1" hai="4,9,13,22,24,29,40,46,50,55,57,60,92,94" machi="4" ten="20,7800,0" yaku="1,1,0,1,7,1,8,1,53,0" doraHai="81" doraHaiUra="82" who="0" fromWho="0" sc="240,88,250,-26,250,-26,250,-26" /><INIT seed="0,1,0,2,1,44" ten="328,224,224,224" oya="0" hai0="43,108,19,92,64,15,113,126,120,24,124,52,22" hai1="131,130,0,73,8,25,30,103,35,57,121,53,55" hai2="17,38,9,123,27,104,10,117,132,3,66,51,129" hai3="28,83,106,11,46,99,69,2,135,95,54,32,45"/><T134/><D113/><U23/><E121/><V29/><F38/><W37/><G135/><T48/><D120/><U47/><E73/><V93/><F123/><W94/><G69/><T102/><D134/><U115/><E115/><V91/><F132/><W60/><G83/><T63/><D43/><U33/><E103/><V114/><F104/><W5/><G28/><T88/><D102/><U97/><E97/><V6/><F114/><W77/><G32/><T31/><D108/><U80/><E80/><V62/><F129/><N who="1" m="49161" /><E47/><V133/><F133/><W67/><G77/><T118/><D118/><U84/><E84/><V68/><F117/><W39/><G106/><T56/><D124/><U119/><E119/><V49/><F17/><W72/><G72/><T116/><D126/><U41/><E41/><V42/><F10/><W1/><G46/><N who="0" m="27671" /><D116/><U18/><E53/><V76/><F76/><W4/><G39/><T26/><D31/><U20/><E8/><V98/><REACH who="2" step="1"/><F42/><REACH who="2" ten="328,224,214,224" step="2"/><W12/><G37/><T122/><D122/><U107/><E107/><V71/><F71/><W79/><G79/><T96/><AGARI ba="1,1" hai="15,19,22,24,26,56,63,64,88,92,96" m="27671" machi="96" ten="30,11700,0" yaku="8,1,52,1,54,2" doraHai="44" who="0" fromWho="0" sc="328,130,224,-40,214,-40,224,-40" /><INIT seed="0,2,0,3,0,116" ten="458,184,174,184" oya="0" hai0="27,117,135,125,34,6,12,69,44,73,127,90,1" hai1="19,61,35,120,80,53,100,94,114,43,85,14,121" hai2="13,88,87,74,37,65,108,46,112,59,28,30,96" hai3="126,109,95,23,25,106,58,22,115,55,103,72,60"/><T86/><D69/><U83/><E35/><V89/><F112/><W105/><G115/><T122/><D73/><U119/><E119/><V26/><F74/><W48/><G72/><T63/><D122/><U5/><E114/><V129/><F108/><W124/><G109/><T123/><D123/><U107/><E5/><V132/><F129/><W4/><G4/><T17/><D63/><U24/><E24/><V36/><F132/><W93/><G22/><N who="0" m="11559" /><D44/><U52/><E107/><V42/><F37/><W68/><G105/><T62/><D62/><U54/><E61/><V47/><F65/><W131/><G106/><T56/><D56/><U76/><E80/><V41/><F59/><W98/><G95/><T7/><D90/><U49/><E43/><V66/><F66/><W40/><G131/><T8/><D86/><U11/><REACH who="1" step="1"/><E49/><REACH who="1" ten="458,174,174,184" step="2"/><V82/><F42/><W38/><G40/><T3/><D135/><U71/><E71/><V10/><F41/><W70/><G70/><T64/><D117/><U104/><E104/><V78/><F36/><W134/><G38/><T0/><D7/><U29/><E29/><V118/><F118/><W113/><G113/><T32/><D32/><U77/><E77/><V102/><F28/><N who="3" m="17471" /><G134/><T16/><D16/><U67/><E67/><V2/><F30/><W9/><G68/><T111/><D64/><U97/><AGARI ba="2,1" hai="11,14,19,52,53,54,76,83,85,94,97,100,120,121" machi="97" ten="30,12000,2" yaku="1,1,0,1,52,2,54,1,53,1" doraHai="116" doraHaiUra="81" who="1" fromWho="1" sc="458,-62,174,136,174,-32,184,-32" /><INIT seed="1,0,0,4,0,28" ten="396,310,142,152" oya="1" hai0="93,73,109,36,82,64,67,29,39,103,95,22,118" hai1="44,23,126,78,4,135,86,69,104,108,43,91,123" hai2="111,15,102,124,134,51,55,107,85,113,114,13,68" hai3="110,83,120,115,70,59,3,0,94,117,7,17,14"/><U98/><E123/><V40/><F68/><W9/><G70/><T122/><D109/><U35/><E35/><V106/><F111/><W48/><G110/><T65/><D118/><U66/><E108/><V20/><F134/><W47/><G120/><T53/><D122/><U24/><E135/><V119/><F119/><W16/><G117/><T88/><D103/><U18/><E126/><V105/><F124/><W101/><G115/><N who="2" m="44041" /><F40/><W75/><G59/><T74/><D53/><U87/><E78/><V31/><F102/><W116/><G116/><T127/><D29/><U42/><E4/><V63/><F63/><W121/><G121/><T99/><D22/><U37/><E43/><V8/><F85/><W130/><G130/><T6/><D6/><U96/><E104/><N who="2" m="26627" /><V76/><DORA hai="61" /><F76/><W80/><G17/><T81/><D73/><U34/><E34/><V79/><F79/><W38/><G38/><T19/><D74/><U129/><E129/><V128/><F128/><W32/><G32/><T21/><D39/><U54/><E86/><V56/><F8/><W100/><G75/><T11/><D11/><U60/><REACH who="1" step="1"/><E54/><REACH who="1" ten="396,300,142,152" step="2"/><V71/><F55/><N who="3" m="30111" /><G7/><T132/><D132/><U46/><E46/><V72/><F72/><W52/><G52/><T2/><D127/><U131/><E131/><V89/><F51/><W90/><G3/><T125/><D2/><U33/><E33/><V62/><F62/><W97/><G0/><T12/><D36/><U45/><E45/><V84/><F84/><N who="3" m="50463" /><G80/><AGARI ba="0,1" hai="18,23,24,37,42,44,60,66,69,80,87,91,96,98" machi="80" ten="30,5800,0" yaku="1,1,7,1,52,1,53,0" doraHai="28,61" doraHaiUra="10,5" who="1" fromWho="3" sc="396,0,300,68,142,0,152,-58" /><INIT seed="1,1,0,4,2,111" ten="396,368,142,94" oya="1" hai0="45,60,52,91,19,128,27,107,4,123,132,23,131" hai1="76,41,69,63,127,31,12,113,130,117,11,10,65" hai2="6,26,72,86,92,25,124,79,54,39,62,125,17" hai3="78,2,48,16,59,29,134,74,118,121,55,77,58"/><U119/><E113/><V1/><F39/><W88/><G121/><T44/><D107/><U94/><E127/><N who="2" m="48715" /><F72/><W99/><G134/><T120/><D4/><U73/><E130/><N who="0" m="49705" /><D91/><U0/><E31/><V95/><F1/><W42/><G118/><T87/><D87/><U83/><E41/><V18/><F6/><W22/><G29/><T82/><D82/><U61/><E63/><V103/><F54/><W89/><G74/><T7/><D7/><U133/><E133/><V126/><F126/><W102/><G2/><T49/><D132/><U37/><E37/><V122/><F122/><N who="0" m="46634" /><D60/><U28/><E28/><V81/><F62/><W100/><G77/><T110/><D110/><U64/><E0/><V43/><F17/><W13/><G78/><T34/><D45/><U135/><E135/><V129/><F18/><W50/><G100/><T104/><D104/><U57/><E94/><V32/><F129/><W112/><G102/><T33/><AGARI ba="1,0" hai="19,23,27,33,34,44,49,52" m="46634,49705" machi="33" ten="40,5200,0" yaku="19,1,13,1,54,1" doraHai="111" who="0" fromWho="0" sc="396,55,368,-27,142,-14,94,-14" /><INIT seed="2,0,0,3,2,71" ten="451,341,128,80" oya="2" hai0="10,125,55,13,134,44,64,63,128,108,43,46,62" hai1="123,59,16,54,33,49,69,17,109,122,48,98,11" hai2="80,61,114,27,68,75,84,51,31,104,41,112,91" hai3="105,124,133,3,88,58,6,35,101,37,83,36,102"/><V26/><F104/><W127/><G35/><T72/><D72/><U65/><E109/><V67/><F75/><W86/><G133/><T39/><D128/><U12/><E33/><V116/><F116/><W126/><G58/><T28/><D125/><U95/><E48/><V7/><F7/><W42/><G42/><T119/><D28/><U18/><E65/><V93/><F26/><W82/><G82/><T106/><D106/><U22/><E69/><V77/><F51/><W74/><G74/><T87/><D108/><U85/><E85/><V81/><F41/><W130/><G130/><T21/><D21/><U99/><E99/><V32/><REACH who="2" step="1"/><F77/><REACH who="2" ten="451,341,118,80" step="2"/><W131/><G131/><T47/><D43/><U97/><E97/><V34/><F34/><W25/><G25/><T0/><D119/><U4/><REACH who="1" step="1"/><E22/><REACH who="1" ten="451,331,118,80" step="2"/><V132/><F132/><W14/><G3/><T53/><D0/><U107/><E107/><V73/><F73/><W76/><G76/><T129/><D134/><U110/><E110/><V78/><F78/><W52/><G52/><T121/><D129/><U9/><E9/><V120/><F120/><W79/><G79/><T96/><D121/><U5/><E5/><V40/><F40/><W20/><G105/><T90/><D96/><U50/><E50/><V56/><F56/><W29/><G6/><N who="0" m="3287" /><D63/><U23/><E23/><V24/><F24/><N who="3" m="16519" /><G14/><T103/><D103/><BYE who="0" /><AGARI ba="0,2" hai="4,11,12,16,17,18,49,54,59,95,98,103,122,123" machi="103" ten="40,5200,0" yaku="1,1,54,1,53,1" doraHai="71" doraHaiUra="89" who="1" fromWho="0" sc="451,-52,331,72,118,0,80,0" /><AGARI ba="0,0" hai="36,37,83,86,88,101,102,103,124,126,127" m="16519" machi="103" ten="30,7700,0" yaku="18,1,52,2,54,1" doraHai="71" who="3" fromWho="0" sc="399,-77,403,0,118,0,80,77" /><INIT seed="3,0,0,4,1,23" ten="322,403,118,157" oya="3" hai0="18,120,86,112,6,66,53,83,5,14,107,99,35" hai1="63,76,124,19,89,4,36,9,16,93,62,17,105" hai2="127,104,134,85,10,22,118,60,59,37,78,132,12" hai3="34,103,28,109,38,15,77,92,0,80,58,8,82"/><W1/><G38/><T42/><D42/><U102/><E124/><V113/><F104/><W43/><G109/><T114/><D114/><U87/><E36/><V95/><F37/><W125/><G125/><UN n0="%E5%84%AA%40%41%42%43" /><T121/><D112/><U7/><E76/><V84/><F113/><W29/><G43/><T116/><D116/><U69/><E69/><V49/><F127/><W44/><G44/><T117/><D117/><U56/><E9/><V123/><F118/><W27/><G29/><T61/><D35/><U81/><E105/><V55/><F123/><W88/><G58/><T65/><D107/><U122/><E122/><V101/><F132/><W100/><G1/><T115/><D99/><N who="1" m="59759" /><E62/><V98/><F134/><W128/><G0/><T57/><D115/><U31/><E31/><V106/><F106/><W74/><G82/><T51/><D121/><U50/><E50/><V20/><F84/><W25/><G25/><T73/><D73/><U135/><E135/><V119/><F119/><W94/><G94/><T39/><D39/><U131/><E131/><V130/><F130/><W71/><G71/><T52/><D120/><U90/><E89/><V110/><F110/><W70/><G70/><T40/><D40/><U13/><E13/><V64/><F78/><W46/><G46/><N who="0" m="27767" /><D66/><AGARI ba="0,0" hai="4,7,16,17,19,56,63,66,81,87,90" m="59759" machi="66" ten="30,2000,0" yaku="8,1,54,1" doraHai="23" who="1" fromWho="0" sc="322,-20,403,20,118,0,157,0" owari="302,10.2,423,52.3,118,-38.2,157,-24.3" /></mjloggm>