<mjloggm ver="2.3"><GO type="225" lobby="0"/><UN n0="%E3%81%A9%E3%82%93%E3%82%88%E3%81%8F%4D%6B%2E%32" n1="%E7%99%BD%E6%97%A5%E9%9B%AA%E8%8F%9C" n2="%E5%86%B7%E5%87%8D%E3%82%AE%E3%83%A7%E3%83%BC%E3%82%B6" n3="%63%68%78%62%64" dan="16,16,16,16" rate="2156.48,2136.92,2141.50,2152.71" sx="M,M,M,M"/><TAIKYOKU oya="0"/><INIT seed="0,0,0,3,1,16" ten="250,250,250,250" oya="0" hai0="69,127,55,81,4,94,104,72,5,78,8,56,117" hai1="122,124,67,82,86,45,93,125,1,28,106,123,74" hai2="52,108,98,107,76,25,68,134,43,112,88,133,35" hai3="38,26,36,128,130,109,132,57,80,77,44,64,92"/><T116/><D104/><U22/><E1/><V66/><F112/><W46/><G109/><T70/><D127/><N who="1" m="48715" /><E106/><V102/><F108/><W15/><G132/><T50/><D94/><U85/><E67/><V120/><F120/><W118/><G118/><T49/><D4/><U3/><E3/><V23/><F35/><W30/><G15/><T119/><REACH who="0" step="1"/><D50/><REACH who="0" ten="240,250,250,250" step="2"/><U10/><E93/><V135/><F133/><W121/><G92/><T11/><D11/><U59/><E10/><V114/><F134/><W12/><G121/><T7/><D7/><U47/><E123/><V110/><F110/><W99/><G36/><T111/><D111/><U83/><E122/><V95/><F135/><W2/><G38/><T89/><D89/><U48/><E48/><V65/><F107/><W41/><G128/><T54/><D54/><U79/><E83/><V37/><F37/><W101/><G80/><T20/><D20/><U42/><E22/><V61/><F52/><W105/><G130/><T29/><D29/><U27/><E28/><V103/><F114/><W32/><G30/><T14/><AGARI ba="0,1" hai="5,8,14,49,55,56,69,70,72,78,81,116,117,119" machi="14" ten="30,3000,0" yaku="1,1,0,1,53,0" doraHai="16" doraHaiUra="90" who="0" fromWho="0" sc="240,40,250,-10,250,-10,250,-10" /><INIT seed="0,1,0,2,2,116" ten="280,240,240,240" oya="0" hai0="127,41,113,21,55,17,77,94,33,74,15,99,42" hai1="95,64,98,8,7,49,25,19,60,47,128,62,134" hai2="61,22,105,39,56,3,51,106,37,114,104,71,24" hai3="131,135,76,93,6,112,2,32,126,0,122,91,96"/><T75/><D113/><U70/><E128/><V52/><F3/><W67/><G32/><T11/><D33/><U35/><E134/><V1/><F1/><W125/><G112/><T30/><D127/><U23/><E35/><V72/><F72/><W38/><G38/><T29/><D77/><U53/><E64/><V120/><F114/><W69/><G135/><T84/><D84/><U123/><E70/><V97/><F120/><W43/><G131/><T81/><D81/><U59/><E47/><V103/><F51/><W108/><G43/><T88/><D55/><U109/><E109/><V58/><F58/><W27/><G108/><T92/><D92/><U28/><E28/><V16/><REACH who="2" step="1"/><F71/><REACH who="2" ten="280,240,230,240" step="2"/><W100/><G69/><T86/><D75/><U73/><E73/><V31/><F31/><N who="0" m="11786" /><D74/><U124/><E123/><V83/><F83/><W44/><G122/><T78/><D78/><U102/><REACH who="1" step="1"/><E124/><REACH who="1" ten="280,230,230,240" step="2"/><V85/><F85/><W4/><G125/><T20/><D86/><U63/><E63/><V14/><F14/><AGARI ba="1,2" hai="7,8,14,19,23,25,49,53,59,60,62,95,98,102" machi="14" ten="30,3900,0" yaku="1,1,7,1,8,1,53,0" doraHai="116" doraHaiUra="130" who="1" fromWho="2" sc="280,0,230,62,230,-42,240,0" /><INIT seed="1,0,0,5,3,54" ten="280,292,188,240" oya="1" hai0="24,110,102,58,3,119,17,23,107,61,41,40,117" hai1="109,63,57,60,114,131,22,47,129,71,19,90,43" hai2="104,121,106,99,66,93,75,64,72,127,32,12,69" hai3="132,78,45,77,116,88,21,34,81,122,6,52,96"/><U103/><E114/><V67/><F121/><W16/><G122/><T38/><D3/><U62/><E103/><V85/><F127/><W46/><G34/><T125/><D125/><U8/><E8/><V49/><F69/><W113/><G113/><T42/><D38/><U15/><E109/><V2/><F2/><W28/><G132/><T120/><D120/><U124/><E124/><V0/><F0/><W50/><G116/><T105/><D110/><U128/><E90/><V80/><F12/><N who="3" m="9351" /><G28/><T91/><D91/><U4/><E4/><V33/><F49/><N who="3" m="28719" /><G6/><T97/><REACH who="0" step="1"/><D107/><REACH who="0" ten="270,292,188,240" step="2"/><U70/><E70/><V27/><F106/><W82/><G82/><T55/><AGARI ba="0,1" hai="17,23,24,40,41,42,55,58,61,97,102,105,117,119" machi="55" ten="30,7900,0" yaku="1,1,2,1,0,1,52,1,53,0" doraHai="54" doraHaiUra="30" who="0" fromWho="0" sc="270,89,292,-39,188,-20,240,-20" /><INIT seed="2,0,0,5,3,56" ten="359,253,168,220" oya="2" hai0="18,67,89,114,75,3,127,111,11,26,91,36,87" hai1="61,108,54,133,29,102,74,8,31,103,73,12,125" hai2="47,117,100,48,99,57,52,14,88,43,51,132,64" hai3="33,45,122,40,39,76,77,97,71,92,93,25,72"/><V13/><F117/><W110/><G71/><T53/><D75/><U135/><E108/><V86/><F64/><W68/><G122/><T63/><D36/><U131/><E131/><V0/><F0/><W16/><G68/><T38/><D38/><U112/><E112/><V5/><F5/><W116/><G116/><T62/><D114/><U69/><E125/><V81/><REACH who="2" step="1"/><F132/><REACH who="2" ten="359,253,158,220" step="2"/><W7/><G7/><T17/><D67/><U30/><E135/><V46/><F46/><W78/><G110/><T101/><D111/><U82/><E133/><V41/><F41/><W107/><G72/><T95/><D3/><U6/><E73/><V85/><F85/><W109/><G109/><T22/><D87/><U79/><E69/><V27/><F27/><W66/><G66/><T21/><D26/><U115/><E115/><V128/><F128/><W120/><G120/><T98/><D127/><U134/><E134/><V113/><F113/><W35/><G107/><AGARI ba="0,1" hai="13,14,43,47,48,51,52,57,81,86,88,99,100,107" machi="107" ten="30,11600,0" yaku="1,1,7,1,54,2,53,0" doraHai="56" doraHaiUra="105" who="2" fromWho="3" sc="359,0,253,0,158,126,220,-116" /><INIT seed="2,1,0,4,3,103" ten="359,253,284,104" oya="2" hai0="30,3,91,40,85,113,108,25,114,109,11,37,16" hai1="29,17,67,132,45,42,64,96,84,125,111,87,31" hai2="70,8,75,59,62,20,7,80,27,122,105,120,36" hai3="28,115,18,71,90,52,35,65,100,102,19,66,130"/><V44/><F70/><W128/><G115/><T47/><D3/><U34/><E111/><N who="0" m="42569" /><D16/><U10/><E132/><V61/><F105/><W83/><G35/><N who="0" m="20943" /><D11/><U127/><E34/><V54/><F61/><W38/><G28/><T134/><D134/><U14/><E31/><V73/><F36/><W57/><G38/><T1/><D1/><U104/><E29/><V13/><F44/><W60/><G19/><T74/><D74/><U86/><E104/><V95/><F95/><AGARI ba="1,0" hai="37,40,47,85,91,95,113,114" m="20943,42569" machi="95" ten="30,1000,0" yaku="14,1" doraHai="103" who="0" fromWho="2" sc="359,13,253,0,284,-13,104,0" /><INIT seed="3,0,0,5,0,33" ten="372,253,271,104" oya="3" hai0="44,117,59,122,27,42,37,56,94,83,109,12,40" hai1="89,86,72,7,29,60,118,43,38,96,123,57,45" hai2="48,49,69,81,71,47,84,91,3,132,107,20,129" hai3="76,106,25,98,114,32,125,95,131,30,15,2,5"/><W68/><G114/><T16/><D122/><U130/><E123/><V10/><F129/><W41/><G131/><T92/><D117/><U110/><E130/><V13/><F107/><W31/><G125/><T75/><D42/><U4/><E72/><V11/><F49/><W67/><G76/><T51/><D109/><U97/><E110/><V24/><F3/><W79/><G79/><T53/><D75/><U62/><E118/><V120/><F10/><W21/><G31/><T93/><D83/><U108/><E108/><V128/><F132/><W9/><G41/><T127/><D127/><U64/><E29/><V124/><F120/><W0/><G21/><T17/><D27/><U22/><E22/><V63/><F63/><N who="3" m="40063" /><G95/><T119/><D119/><U77/><E77/><V105/><F105/><W90/><G90/><T87/><D17/><U55/><E4/><V104/><F104/><W80/><G80/><T111/><D111/><U46/><E7/><V58/><F124/><W39/><G39/><T115/><D115/><U78/><E78/><V18/><F128/><W116/><G116/><T65/><D87/><U103/><E103/><AGARI ba="0,0" hai="0,2,5,9,15,25,30,32,98,103,106" m="40063" machi="103" ten="30,5800,0" yaku="25,1,52,2" doraHai="33" who="3" fromWho="1" sc="372,0,253,-58,271,0,104,58" /><INIT seed="3,1,0,2,2,47" ten="372,195,271,162" oya="3" hai0="6,129,120,117,96,40,83,28,80,134,10,11,36" hai1="21,118,92,30,104,62,22,0,67,82,69,24,78" hai2="73,35,130,101,5,29,116,13,26,25,75,72,90" hai3="98,55,14,71,65,99,66,64,109,56,12,127,51"/><W121/><G121/><T88/><D120/><U112/><E112/><V17/><F116/><W61/><G127/><T97/><D117/><U60/><E118/><V125/><F101/><W123/><G123/><T31/><D129/><U84/><E104/><V57/><F5/><W23/><G109/><T42/><D36/><U94/><E0/><V49/><F25/><W128/><G128/><T89/><D6/><U93/><REACH who="1" step="1"/><E62/><REACH who="1" ten="372,185,271,162" step="2"/><V87/><F130/><W1/><G1/><T81/><D81/><U105/><E105/><V74/><F74/><W41/><G71/><T8/><D8/><U95/><N who="1" m="23552" /><DORA hai="3" /><U32/><AGARI ba="1,1" hai="21,22,24,30,32,60,67,69,78,82,84" m="23552" machi="32" ten="40,8000,1" yaku="1,1,4,1,0,1,53,1" doraHai="47,3" doraHaiUra="15,77" who="1" fromWho="1" sc="372,-21,185,93,271,-21,162,-41" owari="351,45.1,278,7.8,250,-15.0,121,-37.9" /></mjloggm>