<mjloggm ver="2.3"><GO type="225" lobby="0"/><UN n0="%E3%83%AD%E3%83%83%E3%83%86%E9%9B%80%E7%90%83" n1="%54%4F%52" n2="%E3%81%A6%E3%81%A4%EF%BC%A3" n3="%E3%83%A9%E3%82%B9%E7%8E%87%EF%BC%93%E5%89%B2" dan="17,17,16,16" rate="2253.05,2253.02,2074.57,2106.04" sx="M,M,M,F"/><TAIKYOKU oya="0"/><INIT seed="0,0,0,0,0,68" ten="250,250,250,250" oya="0" hai0="109,15,20,106,128,133,53,88,79,95,98,31,57" hai1="40,42,122,46,19,90,73,38,111,59,66,96,75" hai2="52,28,99,16,135,62,50,83,58,69,5,39,54" hai3="2,91,34,49,36,17,93,102,30,25,14,124,116"/><T101/><D128/><U13/><E122/><V89/><F135/><W0/><G116/><T100/><D133/><U113/><E111/><V61/><F5/><W6/><G124/><T8/><D109/><U103/><E113/><V47/><F28/><W84/><G102/><T125/><D125/><U44/><E90/><V112/><F112/><W127/><G127/><T1/><D79/><U71/><E59/><V120/><F120/><W70/><G70/><T114/><D114/><U129/><E129/><V27/><F39/><W63/><G63/><T29/><D1/><U126/><E66/><V92/><F69/><W60/><G60/><T86/><D101/><U51/><E71/><V26/><F62/><W4/><G49/><T110/><D110/><U134/><E134/><V107/><F107/><W24/><G24/><T23/><D31/><U80/><E80/><V32/><F32/><W118/><G118/><T104/><D29/><U105/><REACH who="1" step="1"/><E126/><REACH who="1" ten="250,240,250,250" step="2"/><V22/><F83/><W115/><G115/><T131/><D131/><U87/><E87/><V72/><F72/><W48/><G84/><T18/><REACH who="0" step="1"/><D106/><REACH who="0" ten="240,240,250,250" step="2"/><U56/><E56/><V35/><F35/><W37/><G91/><T130/><D130/><U3/><E3/><V76/><F76/><W45/><G2/><T33/><D33/><U12/><E12/><AGARI ba="0,2" hai="12,16,22,26,27,47,50,52,54,58,61,89,92,99" machi="12" ten="30,7700,0" yaku="7,1,8,1,54,2" doraHai="68" who="2" fromWho="1" sc="240,0,240,-77,250,97,250,0" /><INIT seed="1,0,0,5,2,2" ten="240,163,347,250" oya="1" hai0="127,50,46,36,8,29,48,104,79,114,63,3,72" hai1="108,26,51,1,5,38,120,55,75,117,4,23,128" hai2="64,103,59,135,119,84,92,133,18,110,78,9,30" hai3="35,57,41,13,131,126,42,121,134,73,99,98,6"/><U28/><E117/><V47/><F119/><W107/><G73/><T40/><D114/><U89/><E120/><V130/><F130/><W22/><G35/><T32/><D104/><U43/><E128/><V7/><F110/><W122/><G131/><T52/><D127/><U82/><E108/><V37/><F18/><W14/><G126/><T19/><D29/><U83/><E1/><V69/><F30/><W60/><G134/><N who="2" m="51209" /><F59/><W116/><G116/><T132/><D32/><U27/><E27/><V76/><F64/><W71/><G71/><T58/><D132/><U106/><E106/><V86/><F69/><W74/><G74/><T118/><D118/><U105/><E105/><V125/><F125/><W67/><G121/><T25/><D25/><U12/><E12/><N who="2" m="5183" /><F103/><W115/><G122/><T97/><D19/><U95/><E43/><N who="3" m="16394" /><G107/><T87/><D97/><N who="1" m="57583" /><E75/><V11/><F47/><W81/><G115/><T34/><D87/><U0/><E0/><V109/><F37/><W85/><G22/><T68/><D68/><U129/><E38/><V31/><F31/><W88/><G14/><T44/><D34/><U15/><E129/><V33/><F33/><W39/><G39/><T54/><D36/><U10/><E4/><V49/><F109/><W112/><G112/><T24/><D24/><U77/><E77/><V16/><F76/><W113/><G113/><T101/><D101/><U96/><E96/><V90/><F78/><W91/><G91/><T56/><D79/><U20/><E20/><V100/><F100/><W45/><G45/><AGARI ba="0,0" hai="5,10,15,23,26,28,45,51,55,82,83" m="57583" machi="45" ten="30,2900,0" yaku="8,1,52,1" doraHai="2" who="1" fromWho="3" sc="240,0,163,29,347,0,250,-29" /><INIT seed="1,1,0,0,4,118" ten="240,192,347,221" oya="1" hai0="88,103,49,112,124,131,39,8,0,71,1,70,31" hai1="89,106,87,97,105,63,15,7,42,5,4,104,28" hai2="44,79,16,35,125,134,128,91,18,99,37,60,75" hai3="12,46,84,119,20,85,3,110,41,80,10,51,22"/><U61/><E42/><V94/><F128/><W27/><G119/><T2/><D39/><U67/><E28/><V120/><F120/><W47/><G110/><T95/><D112/><U23/><E97/><V13/><F35/><W52/><G3/><T48/><D131/><U122/><E122/><V9/><F134/><W26/><G22/><T130/><D130/><U135/><E135/><V19/><F125/><W82/><G85/><T29/><D103/><U96/><E96/><V111/><F111/><W33/><G33/><T25/><D8/><U107/><N who="1" m="26624" /><DORA hai="126" /><U98/><E98/><V101/><F101/><W34/><G34/><T73/><D73/><U86/><E61/><V57/><F79/><W81/><G20/><T68/><D124/><U30/><E89/><V43/><REACH who="2" step="1"/><F75/><REACH who="2" ten="240,192,337,221" step="2"/><W69/><G84/><T24/><D88/><U56/><REACH who="1" step="1"/><E15/><REACH who="1" ten="240,182,337,221" step="2"/><V109/><F109/><W65/><G12/><T77/><D0/><U59/><E59/><V123/><F123/><W45/><G47/><T116/><D1/><U92/><E92/><V127/><F127/><W62/><REACH who="3" step="1"/><G10/><REACH who="3" ten="240,182,337,211" step="2"/><T100/><D2/><U108/><E108/><V6/><F6/><W53/><G53/><AGARI ba="1,3" hai="9,13,16,18,19,37,43,44,53,57,60,91,94,99" machi="53" ten="30,7700,0" yaku="1,1,7,1,54,1,53,1" doraHai="118,126" doraHaiUra="102,58" who="2" fromWho="3" sc="240,0,182,0,337,110,211,-80" /><INIT seed="2,0,0,5,0,123" ten="240,182,447,131" oya="2" hai0="55,1,0,47,49,69,119,24,37,87,73,27,78" hai1="32,48,65,36,31,133,93,102,51,130,58,75,81" hai2="85,121,52,79,63,89,112,129,10,56,109,25,124" hai3="101,3,50,72,71,7,2,107,111,82,96,70,8"/><V116/><F121/><W30/><G50/><T127/><D73/><U128/><E36/><V94/><F112/><W67/><G30/><T95/><D69/><U40/><E133/><V12/><F116/><W91/><G91/><T110/><D127/><U90/><E32/><V76/><F109/><W104/><G111/><T99/><D119/><U45/><E31/><V106/><F106/><W53/><G53/><T86/><D37/><U120/><E120/><V9/><F129/><N who="1" m="49769" /><E102/><V118/><F118/><W23/><G23/><T80/><D110/><U16/><E16/><N who="2" m="8207" /><F124/><W74/><G107/><T15/><D87/><U88/><E93/><V117/><F117/><W21/><G21/><T43/><D0/><U131/><E131/><V20/><F10/><W83/><G67/><T115/><D1/><U4/><E4/><V42/><F42/><W62/><G62/><T77/><D77/><N who="1" m="44223" /><E51/><V46/><F46/><W26/><G26/><T114/><D43/><U11/><E11/><V14/><F14/><W34/><G34/><T92/><D15/><U68/><E68/><V19/><AGARI ba="0,0" hai="19,20,25,52,56,63,76,79,85,89,94" m="8207" machi="19" ten="30,6000,0" yaku="8,1,54,2" doraHai="123" who="2" fromWho="2" sc="240,-20,182,-20,447,60,131,-20" /><INIT seed="2,1,0,3,5,51" ten="220,162,507,111" oya="2" hai0="61,77,52,90,69,39,111,45,44,83,86,23,38" hai1="112,79,88,125,12,115,135,114,35,46,62,31,74" hai2="78,63,120,48,56,16,54,93,28,110,104,76,26" hai3="118,42,119,9,65,122,33,32,84,132,131,6,80"/><V92/><F120/><W5/><G122/><T59/><D111/><U25/><E135/><V95/><F104/><W89/><G132/><T18/><D69/><U113/><E113/><V21/><F110/><W10/><G131/><T73/><D38/><U67/><E125/><V13/><REACH who="2" step="1"/><F63/><REACH who="2" ten="220,162,497,111" step="2"/><W96/><G119/><T128/><D128/><U81/><E114/><V134/><F134/><W66/><G118/><T126/><D126/><U24/><E112/><V102/><F102/><W57/><G33/><AGARI ba="1,1" hai="13,16,21,26,28,33,48,54,56,76,78,92,93,95" machi="33" ten="40,12000,1" yaku="1,1,52,1,54,1,53,2" doraHai="51" doraHaiUra="72" who="2" fromWho="3" sc="220,0,162,0,497,133,111,-123" owari="220,2.0,162,-23.8,630,73.0,-12,-51.2" /></mjloggm>