<mjloggm ver="2.3"><GO type="225" lobby="0"/><UN n0="%E4%BF%BA%E3%81%A8%E5%A6%96%E5%A4%A2" n1="%E3%81%BF%E3%81%BF%E3%81%9A" n2="%33%74%72%65%65" n3="%E6%9D%B1%E9%A2%A8%E3%81%AE%E3%81%8D%E3%82%83%E3%81%B7%E3%81%95%E3%82%93" dan="17,18,16,17" rate="2176.70,2257.67,2193.02,2206.60" sx="F,M,F,M"/><TAIKYOKU oya="0"/><INIT seed="0,0,0,3,0,115" ten="250,250,250,250" oya="0" hai0="81,12,105,98,133,64,7,94,15,5,46,63,110" hai1="42,113,123,68,52,19,45,24,90,57,28,39,126" hai2="4,120,23,31,32,79,56,60,35,2,3,26,9" hai3="124,13,95,119,59,47,62,67,75,71,17,1,50"/><T109/><D105/><U84/><E123/><V112/><F112/><W49/><G1/><T22/><D81/><U102/><E113/><V6/><F120/><W83/><G124/><T89/><D46/><U55/><E102/><V43/><F43/><W104/><G104/><T41/><D41/><U74/><E74/><V130/><F79/><W34/><G34/><T54/><D54/><U44/><E68/><V30/><F130/><W27/><G27/><T122/><D133/><U92/><E126/><V135/><F135/><W11/><G119/><T16/><D122/><U72/><E72/><V36/><F36/><W0/><G0/><T117/><D117/><U99/><E45/><V48/><F48/><W38/><G95/><T14/><D5/><U88/><E19/><N who="2" m="12671" /><F56/><W78/><G38/><T128/><D128/><U103/><E57/><V111/><F60/><W65/><G47/><T108/><D7/><U21/><REACH who="1" step="1"/><E90/><REACH who="1" ten="250,240,250,250" step="2"/><V86/><F111/><W101/><G101/><T70/><AGARI ba="0,1" hai="12,14,15,16,22,63,64,70,89,94,98,108,109,110" machi="70" ten="30,11700,0" yaku="0,1,14,1,10,1,54,1" doraHai="115" who="0" fromWho="0" sc="250,127,240,-39,250,-39,250,-39" /><INIT seed="0,1,0,3,2,44" ten="377,201,211,211" oya="0" hai0="57,98,37,118,93,131,15,16,74,115,61,79,97" hai1="100,130,24,112,120,68,111,30,81,41,110,129,39" hai2="67,10,123,102,107,26,23,78,104,32,19,94,54" hai3="21,56,127,121,125,60,83,116,38,42,17,73,65"/><T11/><D115/><U1/><E68/><V18/><F123/><W5/><G121/><T69/><D118/><U108/><E120/><V86/><F67/><W12/><G116/><T50/><D37/><U88/><E100/><V101/><F32/><W3/><G42/><T53/><D131/><N who="1" m="50187" /><E1/><V91/><F78/><W63/><G38/><T122/><D122/><U128/><N who="1" m="50195" /><U84/><DORA hai="20" /><E112/><V105/><REACH who="2" step="1"/><F54/><REACH who="2" ten="377,201,201,211" step="2"/><W4/><G125/><T119/><D119/><U134/><E134/><V71/><F71/><W31/><G127/><T114/><D114/><U103/><E103/><V90/><F90/><W59/><G3/><T43/><D69/><U14/><E14/><AGARI ba="1,1" hai="10,14,18,19,23,26,86,91,94,101,102,104,105,107" machi="14" ten="40,2600,0" yaku="1,1,52,1,53,0" doraHai="44,20" doraHaiUra="29,109" who="2" fromWho="1" sc="377,0,201,-29,201,39,211,0" /><INIT seed="1,0,0,4,3,121" ten="377,172,240,211" oya="1" hai0="81,8,94,105,134,16,18,70,75,90,50,93,34" hai1="129,115,15,62,58,101,66,112,67,84,47,83,91" hai2="22,57,97,69,102,133,125,122,92,131,99,37,19" hai3="111,86,42,63,10,21,88,77,124,95,32,76,9"/><U119/><E119/><V33/><F122/><W98/><G32/><T108/><D105/><U89/><E129/><V126/><F69/><W11/><G124/><N who="2" m="47721" /><F131/><W123/><G123/><T68/><D34/><U29/><E101/><V7/><F133/><W103/><G42/><T17/><D134/><U44/><E29/><V28/><F37/><W25/><G63/><T118/><D118/><U114/><E67/><V41/><F41/><W45/><G45/><T79/><D8/><U56/><E56/><V61/><F7/><W49/><G111/><T120/><D120/><U48/><E15/><V82/><F82/><W53/><G49/><T52/><D94/><U60/><E60/><V127/><F127/><W109/><G109/><T27/><D27/><U96/><REACH who="1" step="1"/><E48/><REACH who="1" ten="377,162,240,211" step="2"/><V43/><F28/><W110/><G110/><T107/><D108/><U46/><E46/><V51/><F61/><W35/><G35/><T23/><D70/><U24/><E24/><N who="2" m="14431" /><F33/><W87/><G25/><T64/><D68/><U72/><E72/><V6/><F57/><W74/><G74/><T71/><D71/><U38/><E38/><V128/><F128/><W40/><G103/><T106/><D64/><U113/><N who="1" m="28672" /><DORA hai="39" /><U0/><E0/><V30/><F30/><W14/><G14/><T80/><D50/><U59/><E59/><V104/><F51/><W116/><G116/><T13/><D75/><U3/><E3/><V2/><F2/><W12/><G12/><T135/><D13/><U1/><E1/><V26/><F26/><W20/><G9/><T78/><D135/><U117/><E117/><RYUUKYOKU ba="0,1" sc="377,-10,162,30,240,-10,211,-10" hai1="44,47,58,62,66,83,84,89,91,96" /><INIT seed="1,1,1,0,0,119" ten="367,192,230,201" oya="1" hai0="134,99,23,67,116,110,132,45,121,32,87,52,84" hai1="51,106,15,17,22,50,104,43,96,65,46,101,108" hai2="127,130,91,103,14,135,95,94,63,56,120,98,125" hai3="37,111,90,28,129,42,25,115,77,9,36,61,8"/><U27/><E108/><V86/><F135/><N who="0" m="51754" /><D116/><U29/><E65/><V48/><F130/><W124/><G115/><T68/><D110/><U55/><E106/><V75/><F75/><W112/><G111/><T6/><D32/><U89/><E89/><V107/><F48/><W72/><G112/><T10/><D23/><U70/><E70/><V3/><F3/><W35/><G129/><T60/><D99/><U0/><E0/><V34/><F34/><W102/><G124/><N who="2" m="47689" /><F14/><W19/><G102/><T97/><D97/><U79/><E79/><V82/><F120/><W105/><G105/><T7/><D121/><U59/><REACH who="1" step="1"/><E15/><REACH who="1" ten="367,182,230,201" step="2"/><V131/><F131/><W66/><G90/><T26/><D67/><AGARI ba="1,2" hai="56,63,67,82,86,91,94,95,98,103,107" m="47689" machi="67" ten="30,1000,0" yaku="18,1" doraHai="119" who="2" fromWho="0" sc="367,-13,182,0,230,33,201,0" /><INIT seed="2,0,0,4,0,9" ten="354,182,263,201" oya="2" hai0="85,74,113,102,31,15,7,111,28,55,63,29,26" hai1="53,88,114,126,93,25,66,27,58,135,18,87,11" hai2="65,129,115,1,70,8,69,79,20,43,35,86,101" hai3="56,121,81,23,47,118,17,78,24,71,130,54,48"/><V37/><F115/><W12/><G121/><T107/><D113/><U134/><E114/><V108/><F35/><W120/><G130/><T132/><D74/><U5/><E66/><V19/><F129/><W99/><G120/><T16/><D111/><U67/><E67/><V128/><F128/><W45/><G118/><T6/><D132/><N who="1" m="50731" /><E18/><V61/><F101/><W124/><G124/><T13/><D102/><U94/><E94/><V122/><F122/><W84/><G71/><T39/><D107/><U57/><E126/><V72/><F70/><W92/><REACH who="3" step="1"/><G24/><REACH who="3" ten="354,182,263,191" step="2"/><N who="1" m="9290" /><E53/><V109/><F109/><W131/><G131/><T133/><D55/><U77/><E77/><V14/><F108/><W96/><G96/><T103/><D26/><U49/><E49/><V51/><F51/><W75/><G75/><T36/><D133/><U62/><E62/><V106/><F72/><W83/><G83/><T105/><D63/><U89/><E89/><AGARI ba="0,1" hai="12,17,23,45,47,48,54,56,78,81,84,89,92,99" machi="89" ten="30,7700,0" yaku="1,1,7,1,8,1,52,1,53,0" doraHai="9" doraHaiUra="112" who="3" fromWho="1" sc="354,0,182,-77,263,0,191,87" /><INIT seed="3,0,0,0,2,93" ten="354,105,263,278" oya="3" hai0="61,59,81,79,88,24,60,39,98,125,131,34,122" hai1="135,94,17,7,112,50,37,0,67,87,26,83,6" hai2="25,13,14,49,44,43,63,57,55,42,75,40,70" hai3="71,52,12,41,74,33,19,73,23,1,3,113,51"/><W134/><G71/><T121/><D39/><U118/><E112/><V46/><F75/><W16/><G33/><T29/><D131/><U82/><E37/><V27/><F70/><W91/><G113/><T65/><D125/><U35/><E118/><V106/><F106/><W114/><G114/><T15/><D15/><N who="2" m="5642" /><F44/><W110/><G134/><T104/><D61/><U5/><E135/><V85/><F85/><W111/><G41/><AGARI ba="0,0" hai="25,27,40,41,42,43,46,49,55,57,63" m="5642" machi="41" ten="30,1000,0" yaku="8,1" doraHai="93" who="2" fromWho="3" sc="354,0,105,0,263,10,278,-10" owari="354,45.4,105,-39.5,273,7.3,268,-13.2" /></mjloggm>