<mjloggm ver="2.3"><GO type="225" lobby="0"/><UN n0="%E3%81%BF%E3%81%BF%E3%81%9A" n1="%E5%AE%AE%E4%BF%9D%E9%B6%8F%E8%82%89" n2="%4C%4F%4C%49%54%41" n3="%E3%83%A9%E3%82%A4%E3%83%B3%E3%81%AE%E8%99%8E" dan="18,16,16,16" rate="2253.34,2135.31,2155.23,2068.96" sx="M,M,F,M"/><TAIKYOKU oya="0"/><INIT seed="0,0,0,5,2,89" ten="250,250,250,250" oya="0" hai0="4,102,127,44,26,25,123,113,52,95,110,120,36" hai1="40,82,38,133,106,122,35,86,78,100,58,84,109" hai2="126,94,0,42,45,76,15,19,54,128,135,5,65" hai3="99,87,115,62,81,1,23,53,9,85,93,129,7"/><T60/><D113/><U132/><E35/><V29/><F65/><W22/><G129/><T71/><D4/><U118/><E38/><V39/><F128/><W57/><G115/><T79/><D79/><U34/><E34/><V121/><F121/><W101/><REACH who="3" step="1"/><G87/><REACH who="3" ten="250,250,250,240" step="2"/><T92/><D123/><U103/><E122/><V64/><F135/><W51/><G51/><T27/><D120/><U107/><E86/><V105/><F39/><W119/><G119/><T74/><D74/><U70/><E118/><V48/><F48/><W59/><G59/><N who="0" m="34919" /><D36/><U50/><E58/><V72/><F72/><W30/><G30/><T3/><D71/><U134/><E70/><V21/><F29/><W11/><G11/><T13/><D127/><U47/><REACH who="1" step="1"/><E109/><REACH who="1" ten="250,240,250,240" step="2"/><V77/><F126/><W117/><G117/><T12/><D110/><U6/><E6/><V56/><F5/><W14/><G14/><T125/><D125/><U18/><E18/><V49/><F15/><W131/><G131/><T97/><D3/><U2/><E2/><V80/><F0/><W28/><G28/><T17/><D12/><U33/><E33/><V55/><F19/><W75/><G75/><T112/><D112/><U104/><AGARI ba="0,2" hai="40,47,50,78,82,84,100,103,104,106,107,132,133,134" machi="104" ten="40,5200,0" yaku="1,1,0,1,20,1,53,0" doraHai="89" doraHaiUra="114" who="1" fromWho="1" sc="250,-26,240,72,250,-13,240,-13" /><INIT seed="1,0,0,2,2,95" ten="224,312,237,227" oya="1" hai0="59,14,110,101,108,32,54,19,134,48,71,109,90" hai1="46,93,22,126,76,67,124,118,132,131,26,129,61" hai2="107,38,25,18,111,98,100,63,5,72,68,47,2" hai3="130,9,62,75,13,10,36,11,94,20,70,135,50"/><U102/><E118/><V7/><F7/><W30/><G36/><T125/><D125/><N who="1" m="48235" /><E76/><V43/><F111/><W3/><G75/><T21/><D134/><U85/><E46/><V12/><F25/><W29/><G135/><T6/><D32/><U77/><E132/><V86/><F86/><W92/><G130/><N who="1" m="49674" /><E77/><V128/><F128/><W1/><G1/><T15/><D71/><N who="1" m="42479" /><E85/><V96/><F72/><W120/><G3/><T24/><D6/><U81/><E81/><V97/><F5/><W73/><G73/><T112/><D112/><U23/><E26/><V8/><REACH who="2" step="1"/><F2/><REACH who="2" ten="224,312,227,227" step="2"/><W88/><G30/><T82/><D82/><U34/><E34/><V115/><F115/><W4/><G29/><T104/><D24/><U66/><E66/><AGARI ba="0,1" hai="8,12,18,38,43,47,63,66,68,96,97,98,100,107" machi="66" ten="40,8000,1" yaku="1,1,52,3,53,0" doraHai="95" doraHaiUra="53" who="2" fromWho="1" sc="224,0,312,-80,227,90,227,0" /><INIT seed="2,0,0,5,0,19" ten="224,232,317,227" oya="2" hai0="37,80,0,10,82,58,91,25,36,123,126,45,112" hai1="114,130,62,71,125,105,20,26,111,95,107,99,128" hai2="57,13,3,103,42,1,65,60,101,110,23,109,6" hai3="66,34,133,29,30,93,43,35,5,17,53,48,28"/><V127/><F127/><W2/><G133/><T81/><D123/><U79/><E114/><V44/><F23/><W102/><G43/><T22/><D112/><U115/><E115/><V18/><F18/><W59/><G5/><T75/><D126/><U117/><E125/><V85/><F13/><W121/><G2/><N who="2" m="521" /><F85/><W49/><G121/><T46/><D75/><U56/><E71/><V24/><F24/><W64/><G34/><T50/><D0/><U73/><E111/><N who="2" m="42507" /><F6/><W33/><G33/><T72/><D72/><U70/><E70/><V76/><F76/><W8/><G35/><T54/><D10/><U124/><E124/><V38/><AGARI ba="0,0" hai="38,42,44,57,60,65,101,103" m="42507,521" machi="38" ten="30,3000,0" yaku="14,1,10,1" doraHai="19" who="2" fromWho="2" sc="224,-10,232,-10,317,30,227,-10" /><INIT seed="2,1,0,2,0,71" ten="214,222,347,217" oya="2" hai0="114,135,24,29,65,33,1,13,36,59,128,129,53" hai1="58,44,46,11,25,121,26,107,19,27,104,100,118" hai2="28,91,125,88,70,81,82,60,75,103,32,97,56" hai3="84,31,133,73,120,14,98,106,34,49,10,55,51"/><V20/><F32/><W112/><G73/><T93/><D114/><U85/><E118/><V99/><F70/><W89/><G120/><T35/><D1/><U57/><E121/><V6/><F125/><W15/><G133/><T130/><D135/><U80/><E100/><V69/><F69/><W94/><G112/><T40/><D13/><N who="1" m="7615" /><E107/><V8/><F28/><W48/><G34/><N who="0" m="20775" /><D65/><U134/><E104/><V77/><F20/><W54/><G31/><T101/><D101/><U119/><E119/><V110/><F110/><W7/><G106/><T12/><D93/><U47/><E134/><V86/><F91/><AGARI ba="1,0" hai="25,26,27,44,46,47,57,58,80,85,91" m="7615" machi="91" ten="30,1000,0" yaku="8,1" doraHai="71" who="1" fromWho="2" sc="214,0,222,13,347,-13,217,0" /><INIT seed="3,0,0,2,0,117" ten="214,235,334,217" oya="3" hai0="57,23,122,63,119,132,68,71,37,82,65,38,101" hai1="11,44,24,97,118,79,6,121,91,21,115,17,54" hai2="15,108,113,67,116,1,126,25,19,39,127,2,133" hai3="128,27,94,80,29,30,84,77,129,90,110,130,51"/><W61/><G110/><T14/><D101/><U10/><E121/><V12/><F116/><W72/><G61/><T81/><D119/><U58/><E118/><V60/><F113/><W42/><REACH who="3" step="1"/><G27/><REACH who="3" ten="214,235,334,207" step="2"/><T83/><D122/><U123/><E24/><V95/><F108/><W134/><G134/><T111/><D111/><U73/><E123/><V112/><F133/><W28/><G28/><T36/><REACH who="0" step="1"/><D132/><REACH who="0" ten="204,235,334,207" step="2"/><U69/><E115/><V3/><F112/><W103/><G103/><T35/><D35/><U88/><E69/><V49/><F127/><W64/><G64/><T109/><D109/><U52/><E91/><V46/><F126/><W22/><G22/><T86/><D86/><U16/><E21/><V62/><F67/><W48/><G48/><T87/><D87/><U40/><E88/><V92/><F49/><W89/><G89/><T31/><D31/><U98/><E98/><V9/><F39/><W4/><G4/><T85/><D85/><U66/><E97/><V107/><F9/><W96/><G96/><T34/><D34/><U135/><E135/><V131/><F25/><W75/><G75/><T18/><AGARI ba="0,2" hai="14,18,23,36,37,38,57,63,65,68,71,81,82,83" machi="18" ten="40,2700,0" yaku="1,1,0,1,53,0" doraHai="117" doraHaiUra="5" who="0" fromWho="0" sc="204,47,235,-7,334,-7,207,-13" owari="251,5.1,228,-17.2,327,42.7,194,-30.6" /></mjloggm>