<mjloggm ver="2.3"><GO type="225" lobby="0"/><UN n0="%E3%82%B5%E3%83%AB%E3%82%B7%E3%83%B3" n1="%E3%81%86%E3%82%8C%E3%81%9F%E3%82%93%E6%9E%95" n2="%E3%81%A1%E3%82%85%E3%81%86%E3%81%A9%E3%81%8F%E8%B1%A1%E3%81%95%E3%82%93" n3="%33%74%72%65%65" dan="16,16,17,17" rate="2101.12,2159.32,2179.30,2159.57" sx="M,F,M,F"/><TAIKYOKU oya="0"/><INIT seed="0,0,0,4,4,42" ten="250,250,250,250" oya="0" hai0="64,66,99,100,123,60,95,91,114,132,15,77,84" hai1="107,127,2,69,112,130,94,126,111,55,29,135,133" hai2="21,32,90,54,11,7,125,58,48,39,35,30,37" hai3="97,41,96,106,110,76,105,131,46,43,47,45,121"/><T117/><D123/><U13/><E107/><N who="3" m="40970" /><G121/><T89/><D117/><U118/><E118/><V128/><F128/><W108/><G76/><T24/><D114/><U85/><E69/><V67/><F125/><N who="1" m="47625" /><E2/><V51/><F67/><W36/><G36/><T109/><D132/><N who="1" m="50763" /><E111/><N who="3" m="42538" /><G131/><T10/><D109/><U23/><E130/><V75/><F75/><W0/><G0/><T71/><D24/><N who="1" m="16543" /><E55/><V104/><F104/><W8/><G8/><T59/><D71/><U19/><E85/><V122/><F54/><W53/><G53/><T17/><REACH who="0" step="1"/><D66/><REACH who="0" ten="240,250,250,250" step="2"/><U38/><E112/><V34/><F122/><W50/><G50/><T52/><D52/><U101/><E38/><V134/><F39/><W116/><G116/><T68/><D68/><U33/><E33/><V27/><F37/><W70/><G70/><T129/><D129/><U18/><E13/><V5/><F134/><W28/><G28/><T81/><AGARI ba="0,1" hai="10,15,17,59,60,64,77,81,84,89,91,95,99,100" machi="81" ten="30,11700,0" yaku="1,1,0,1,8,1,53,1" doraHai="42" doraHaiUra="74" who="0" fromWho="0" sc="240,127,250,-39,250,-39,250,-39" /><INIT seed="0,1,0,0,5,118" ten="367,211,211,211" oya="0" hai0="91,125,47,100,41,107,1,116,51,129,54,36,28" hai1="123,122,57,3,52,2,127,45,49,108,97,65,112" hai2="69,113,29,0,14,88,55,93,63,68,106,34,6" hai3="83,25,81,131,64,46,12,114,27,56,84,103,18"/><T120/><D116/><U109/><E127/><V4/><F113/><W76/><G114/><T70/><D1/><U19/><E112/><V13/><F106/><W31/><G131/><T20/><D129/><U67/><E2/><V95/><F0/><W48/><G103/><T53/><D125/><U33/><E3/><V105/><F105/><W85/><G64/><N who="1" m="24650" /><E33/><V62/><F29/><W133/><G56/><T94/><D70/><U9/><E97/><V135/><F55/><W17/><G133/><T5/><D5/><U134/><E19/><V78/><F78/><W90/><G31/><T99/><D120/><N who="1" m="46123" /><E9/><V132/><REACH who="2" step="1"/><F88/><REACH who="2" ten="367,211,201,211" step="2"/><W58/><G90/><T22/><D28/><U86/><E134/><V40/><F40/><W8/><G76/><T82/><D54/><N who="1" m="29999" /><E86/><V35/><AGARI ba="1,1" hai="4,6,13,14,34,35,62,63,68,69,93,95,132,135" machi="35" ten="25,6400,0" yaku="1,1,0,1,22,2,53,0" doraHai="118" doraHaiUra="75" who="2" fromWho="2" sc="367,-33,211,-17,201,77,211,-17" /><INIT seed="1,0,0,1,3,19" ten="334,194,278,194" oya="1" hai0="52,3,12,21,111,128,131,82,8,67,108,102,93" hai1="0,132,126,112,28,97,37,40,121,130,118,134,38" hai2="109,66,91,47,80,64,51,98,110,76,85,79,25" hai3="50,114,84,62,77,7,57,72,58,34,75,43,65"/><U129/><E0/><V60/><F25/><W83/><G114/><T106/><D106/><U17/><E112/><V124/><F124/><W5/><G34/><T46/><D67/><U115/><E115/><V135/><F135/><N who="1" m="51753" /><E118/><V18/><F18/><W103/><G103/><T4/><D82/><U117/><E117/><V16/><F16/><W73/><REACH who="3" step="1"/><G58/><REACH who="3" ten="334,194,278,184" step="2"/><T35/><D102/><U96/><E126/><V22/><F110/><W133/><G133/><T10/><D35/><U9/><E121/><V78/><F109/><W39/><G39/><N who="1" m="14858" /><E40/><V87/><F64/><W1/><G1/><T33/><D33/><U24/><E9/><V11/><F66/><W95/><G95/><T99/><D10/><U88/><E17/><V81/><F11/><W123/><G123/><T29/><D3/><U41/><E41/><V31/><F31/><W116/><G116/><T42/><D42/><U113/><E113/><V49/><F81/><W119/><G119/><T6/><D111/><U26/><E28/><V70/><F80/><W56/><G56/><T32/><D108/><U55/><E24/><V127/><F127/><W71/><G71/><T89/><D4/><U100/><E26/><V94/><F70/><W92/><G92/><T125/><D125/><U122/><E122/><V27/><F94/><W45/><AGARI ba="0,1" hai="5,7,43,45,50,57,62,65,72,73,75,77,83,84" machi="45" ten="40,2700,0" yaku="1,1,0,1,53,0" doraHai="19" doraHaiUra="69" who="3" fromWho="3" sc="334,-7,194,-13,278,-7,184,37" /><INIT seed="2,0,0,5,0,94" ten="327,181,271,221" oya="2" hai0="52,129,35,5,42,73,9,101,110,97,1,21,74" hai1="13,51,15,88,23,30,57,7,89,87,22,81,2" hai2="59,116,29,72,134,36,133,58,76,105,47,46,128" hai3="56,41,107,33,45,67,8,4,131,122,26,119,75"/><V71/><F116/><W98/><G119/><T40/><D35/><U104/><E104/><V11/><F105/><W37/><G122/><T106/><D110/><U31/><E2/><V125/><F71/><W64/><G75/><T34/><D34/><U123/><E123/><V38/><F29/><N who="1" m="10761" /><E89/><V78/><F11/><W135/><G33/><T19/><D129/><U124/><E124/><V27/><F27/><W14/><G26/><T44/><D74/><U49/><E57/><N who="2" m="21515" /><F125/><W10/><G131/><T86/><D86/><U99/><E99/><V111/><F128/><W0/><G56/><T63/><D63/><U28/><N who="1" m="10769" /><U43/><DORA hai="48" /><E43/><V95/><F95/><W24/><G24/><T130/><D73/><U114/><E114/><V6/><F6/><W120/><G120/><T126/><D126/><U113/><E113/><V85/><F85/><W102/><REACH who="3" step="1"/><G135/><REACH who="3" ten="327,181,271,211" step="2"/><N who="2" m="51721" /><F72/><W82/><G82/><T118/><D130/><U60/><E15/><V12/><F12/><W68/><G68/><T18/><D1/><U50/><E60/><V91/><F111/><W32/><G32/><T108/><D108/><U55/><E55/><V54/><F54/><W103/><G103/><T83/><D101/><U66/><E66/><V79/><F91/><W112/><G112/><T16/><D52/><U115/><E115/><V117/><F117/><W84/><G84/><T109/><D109/><U20/><E13/><V100/><F100/><W77/><G77/><T92/><D118/><U93/><E81/><V3/><F3/><W69/><G69/><T39/><D83/><U127/><E127/><RYUUKYOKU ba="0,1" sc="327,-30,181,10,271,10,211,10" hai1="7,20,22,23,49,50,51,87,88,93" hai2="36,38,46,47,76,78,79" hai3="0,4,8,10,14,37,41,45,64,67,98,102,107" /><INIT seed="2,1,1,1,1,112" ten="297,191,281,221" oya="2" hai0="3,75,2,62,15,13,61,47,8,14,38,86,44" hai1="69,68,128,64,135,12,120,51,123,40,46,11,34" hai2="10,115,104,80,53,79,24,98,83,114,54,65,127" hai3="117,116,129,39,81,130,17,73,18,9,109,66,121"/><V133/><F65/><W125/><G121/><N who="1" m="46666" /><E34/><V43/><F43/><W100/><G109/><T119/><D75/><U28/><E28/><V42/><F42/><W70/><G39/><T59/><D38/><N who="1" m="21783" /><E135/><V33/><F10/><W93/><G125/><T52/><D119/><N who="3" m="45641" /><G9/><T57/><D86/><U113/><E113/><V87/><F127/><W30/><G30/><T1/><REACH who="0" step="1"/><D8/><REACH who="0" ten="287,191,281,221" step="2"/><U27/><E11/><V67/><F87/><W77/><G73/><T105/><D105/><U50/><E128/><N who="3" m="49258" /><G81/><T74/><D74/><U107/><E107/><V29/><F104/><W31/><G77/><T95/><D95/><U55/><E50/><V36/><F36/><W106/><G106/><T0/><N who="0" m="0" /><DORA hai="58" /><T131/><D131/><U97/><E51/><V4/><F114/><W89/><G100/><T6/><D6/><U101/><E101/><V78/><F4/><W91/><G93/><T94/><D94/><U35/><E97/><V26/><F98/><W7/><G7/><T124/><D124/><U63/><E12/><V49/><F115/><W126/><G126/><T122/><D122/><U118/><E118/><V5/><F5/><W25/><G91/><T20/><D20/><U103/><E103/><V23/><F23/><N who="3" m="15807" /><G89/><T88/><D88/><U90/><E90/><V96/><F79/><W108/><G108/><T22/><D22/><U134/><E134/><V41/><F133/><W110/><G110/><T85/><D85/><U37/><E37/><V16/><F78/><W111/><G111/><T60/><D60/><AGARI ba="1,2" hai="17,18,60,66,70" m="15807,49258,45641" machi="60" ten="30,8000,1" yaku="19,1,52,4" doraHai="112,58" who="3" fromWho="0" sc="287,-83,191,0,281,0,221,103" /><INIT seed="3,0,0,1,4,81" ten="204,191,281,324" oya="3" hai0="99,96,135,108,16,31,55,118,9,128,93,107,21" hai1="27,34,83,15,95,60,72,109,29,40,126,88,5" hai2="124,64,117,14,56,0,91,46,42,4,87,133,32" hai3="49,66,130,59,19,35,37,100,36,76,65,103,73"/><W63/><G130/><T129/><D118/><U82/><E109/><V84/><F117/><W127/><G127/><T122/><D122/><U30/><E126/><V10/><F124/><W71/><G35/><T57/><D108/><U90/><E30/><V38/><F32/><W7/><G7/><T105/><D31/><U80/><E40/><V47/><F133/><W110/><G110/><T33/><D33/><U2/><E2/><V104/><F104/><W1/><G1/><T6/><D135/><U78/><E60/><V28/><F28/><W13/><G73/><T97/><D107/><U18/><E5/><V41/><F0/><W69/><G76/><T134/><D105/><U101/><E101/><V111/><F111/><W23/><G103/><N who="0" m="60815" /><D134/><U11/><REACH who="1" step="1"/><E90/><REACH who="1" ten="204,181,281,324" step="2"/><V44/><F91/><W85/><G100/><T53/><D129/><U120/><E120/><V94/><F38/><W79/><G37/><T54/><D128/><U75/><E75/><V24/><F41/><W115/><G36/><T52/><D6/><U17/><E17/><V45/><F42/><W89/><G19/><T8/><D8/><U131/><E131/><V68/><F10/><W39/><G89/><T43/><D43/><U112/><E112/><V58/><F4/><W125/><G115/><T119/><D9/><U3/><E3/><V92/><F68/><W67/><G71/><T123/><D123/><U61/><E61/><V102/><F102/><W114/><G69/><T50/><D119/><U77/><E77/><V26/><F64/><N who="3" m="24683" /><G114/><T132/><D132/><U20/><E20/><V48/><F48/><RYUUKYOKU ba="0,1" sc="204,15,181,15,281,-15,324,-15" hai0="16,21,50,52,53,54,55,57,97,99" hai1="11,15,18,27,29,34,72,78,80,82,83,88,95" owari="219,-18.1,196,-30.4,266,6.6,319,41.9" /></mjloggm>