<mjloggm ver="2.3"><GO type="225" lobby="0"/><UN n0="%E3%83%A9%E3%82%A4%E3%83%B3%E3%81%AE%E8%99%8E" n1="%E3%82%BC%E3%83%AB%E3%83%80%E3%81%AE%E4%BC%9D%E8%AA%AC" n2="%E3%83%B4%E3%82%A3%E3%83%AF%E3%82%B3%E3%82%B0%E3%83%8B" n3="%E5%8D%A0%E3%81%84%E5%B8%AB%E8%A3%8F%E3%81%AA%E3%81%84%E3%81%97" dan="16,17,16,17" rate="2098.45,2167.06,2196.58,2212.95" sx="M,M,M,M"/><TAIKYOKU oya="0"/><INIT seed="0,0,0,5,4,32" ten="250,250,250,250" oya="0" hai0="120,22,127,1,111,28,7,58,83,45,48,33,8" hai1="98,34,11,119,5,85,81,80,132,31,63,47,131" hai2="100,51,35,69,14,103,50,82,126,72,76,20,114" hai3="56,4,97,70,60,87,65,67,36,61,13,86,57"/><T52/><D120/><U26/><E119/><V94/><F35/><W23/><G36/><T130/><D33/><U24/><E132/><V106/><F114/><W64/><G70/><T128/><D127/><U21/><E131/><N who="0" m="50217" /><D111/><U44/><E98/><V25/><F69/><W134/><G134/><T99/><D99/><U37/><E63/><V71/><F71/><W29/><G65/><T46/><D83/><U74/><E74/><V124/><F14/><W0/><G0/><T2/><D2/><U10/><E37/><V96/><F100/><W62/><G62/><T107/><D107/><U89/><E80/><V113/><F113/><W79/><G79/><T118/><BYE who="3" /><D118/><U135/><E135/><UN n3="%E5%8D%A0%E3%81%84%E5%B8%AB%E8%A3%8F%E3%81%AA%E3%81%84%E3%81%97" /><V41/><F106/><W78/><G78/><T133/><D133/><U55/><E55/><V54/><F41/><W90/><G4/><T105/><D105/><U93/><E81/><V108/><F108/><W12/><G97/><T73/><D73/><U27/><E10/><V117/><F117/><W39/><G39/><T102/><D102/><U77/><E77/><V9/><F9/><W75/><G75/><T17/><D28/><U30/><REACH who="1" step="1"/><E26/><AGARI ba="0,0" hai="1,7,8,17,22,26,45,46,48,52,58" m="50217" machi="26" ten="30,5800,0" yaku="19,1,52,1,54,1" doraHai="32" who="0" fromWho="1" sc="250,58,250,-58,250,0,250,0" /><INIT seed="0,1,0,5,1,24" ten="308,192,250,250" oya="0" hai0="0,110,77,41,133,10,4,19,81,103,65,52,68" hai1="105,114,8,135,91,100,57,92,94,2,79,61,89" hai2="70,108,63,86,115,9,45,20,53,56,106,112,21" hai3="117,50,64,47,134,18,1,122,67,116,121,5,107"/><T84/><D133/><U29/><E135/><V30/><F108/><W123/><G107/><T23/><D41/><U78/><E114/><V99/><F70/><W80/><G134/><T54/><D110/><U90/><E105/><V71/><F71/><W32/><G32/><T25/><REACH who="0" step="1"/><D103/><REACH who="0" ten="298,192,250,250" step="2"/><U48/><E100/><V26/><F115/><W74/><G122/><T124/><D124/><U51/><E2/><V82/><F112/><W113/><G1/><T37/><D37/><U96/><E8/><V97/><F9/><W16/><G121/><T98/><D98/><U132/><E132/><V58/><F99/><W36/><G123/><T66/><D66/><U87/><E91/><V33/><F97/><W44/><G36/><T14/><D14/><U111/><E111/><V126/><F126/><W55/><G64/><T3/><D3/><U15/><E15/><V6/><F53/><W109/><G67/><T38/><D38/><U35/><E79/><V27/><F20/><W95/><G109/><T120/><D120/><U131/><E78/><V101/><F21/><W62/><G55/><T130/><D130/><U83/><E131/><V119/><F101/><W31/><G113/><T22/><D22/><U17/><E90/><V59/><F119/><W76/><G117/><T125/><D125/><U129/><E129/><V7/><F33/><W40/><G40/><T102/><D102/><U12/><E96/><V127/><F106/><W42/><G42/><T34/><D34/><U85/><E12/><V11/><F127/><W43/><G116/><T49/><D49/><N who="1" m="19019" /><E35/><N who="2" m="20951" /><F11/><W73/><G43/><RYUUKYOKU ba="1,1" sc="298,30,192,-10,250,-10,250,-10" hai0="0,4,10,19,23,25,52,54,65,68,77,81,84" /><INIT seed="0,2,1,5,3,45" ten="328,182,240,240" oya="0" hai0="134,55,103,107,44,62,22,56,80,110,1,26,30" hai1="9,133,15,6,61,41,17,27,73,37,42,49,111" hai2="127,4,14,90,129,87,47,53,52,132,89,66,95" hai3="25,74,92,51,109,69,21,102,20,75,106,64,39"/><T43/><D1/><U59/><E73/><V3/><F3/><W97/><G39/><T101/><D134/><U120/><E120/><V60/><F132/><W68/><G109/><T85/><D107/><U16/><E133/><V105/><F105/><W88/><G20/><T46/><D46/><N who="1" m="25807" /><E37/><V79/><F79/><W40/><G40/><T18/><D30/><U126/><E42/><V81/><F127/><W94/><G51/><N who="0" m="27039" /><D110/><U57/><E126/><V54/><F129/><W125/><G106/><T122/><D122/><U118/><E118/><V78/><F47/><W13/><G13/><T135/><D135/><U114/><E114/><V108/><F108/><W128/><G128/><T36/><D36/><U35/><E35/><V119/><F119/><W10/><G10/><T117/><D117/><U123/><E123/><V38/><F38/><W121/><G121/><T82/><D82/><U71/><E71/><V8/><REACH who="2" step="1"/><F95/><REACH who="2" ten="328,182,230,240" step="2"/><W104/><G104/><T2/><D2/><U63/><E111/><V50/><F50/><W130/><G130/><T23/><BYE who="3" /><D23/><N who="1" m="13799" /><E6/><UN n3="%E5%8D%A0%E3%81%84%E5%B8%AB%E8%A3%8F%E3%81%AA%E3%81%84%E3%81%97" /><V5/><F5/><W93/><G125/><T113/><D113/><U48/><E48/><V96/><F96/><W115/><G115/><T11/><D11/><U0/><E0/><V19/><F19/><W28/><G97/><T77/><AGARI ba="2,2" hai="18,22,26,55,56,62,77,80,85,101,103" m="27039" machi="77" ten="30,3000,0" yaku="8,1,52,1" doraHai="45" who="0" fromWho="0" sc="328,56,182,-12,230,-12,240,-12" /><INIT seed="0,3,0,4,1,75" ten="384,170,218,228" oya="0" hai0="86,10,80,38,69,117,66,22,8,48,49,35,0" hai1="114,15,101,122,65,85,55,107,112,5,30,57,11" hai2="26,111,77,106,102,91,78,133,29,12,33,9,28" hai3="119,125,121,47,14,32,6,23,3,70,13,41,73"/><T52/><D35/><U37/><E122/><V36/><F36/><W110/><G119/><T90/><D38/><U53/><E37/><V72/><F111/><W83/><G121/><T46/><D117/><U44/><E30/><V71/><F72/><W45/><G32/><T92/><D0/><U76/><E107/><V88/><F133/><W124/><G110/><T54/><D69/><U79/><E101/><V19/><F71/><W115/><G70/><T99/><D22/><U25/><E25/><V109/><F109/><W97/><G97/><T127/><D66/><U60/><E85/><V20/><F29/><W50/><G115/><N who="1" m="44074" /><E44/><V98/><REACH who="2" step="1"/><F33/><REACH who="2" ten="384,170,208,228" step="2"/><W63/><G125/><T100/><D127/><U130/><E130/><V82/><F82/><W16/><G83/><T43/><D43/><U93/><E93/><V118/><F118/><W89/><G73/><T64/><D64/><U96/><E96/><V61/><F61/><W24/><G63/><T62/><D62/><U68/><E55/><V2/><F2/><W18/><G3/><T34/><D34/><U59/><E68/><V40/><F40/><W74/><G74/><T105/><D105/><U128/><E128/><V84/><F84/><W126/><G126/><T42/><D42/><U51/><AGARI ba="3,1" hai="5,11,15,51,53,57,59,60,65,76,79" m="44074" machi="51" ten="30,4000,0" yaku="11,1,52,2" doraHai="75" who="1" fromWho="1" sc="384,-23,170,59,208,-13,228,-13" /><INIT seed="1,0,0,5,3,59" ten="361,229,195,215" oya="1" hai0="42,85,134,10,65,132,78,32,55,57,22,110,52" hai1="95,127,60,130,31,20,70,120,51,15,56,44,104" hai2="129,81,47,34,87,68,89,11,49,105,135,74,128" hai3="37,121,115,94,79,109,133,119,69,3,19,13,100"/><U93/><E120/><V8/><F34/><W61/><G79/><T126/><D32/><U29/><E104/><V116/><F116/><W54/><G121/><T101/><D110/><U84/><E70/><V77/><F105/><W97/><G115/><T75/><D75/><U14/><E127/><V53/><F135/><W72/><G133/><T111/><D111/><U0/><E0/><V38/><F38/><W28/><G72/><T35/><D35/><U71/><E71/><V23/><F23/><W33/><G37/><T41/><D22/><U122/><E130/><N who="2" m="50283" /><F68/><W80/><G119/><T103/><D10/><U83/><E122/><V36/><F36/><W118/><G3/><T82/><D126/><U21/><E21/><V112/><F112/><W91/><G118/><T76/><D57/><U88/><E95/><AGARI ba="0,0" hai="8,11,47,49,53,74,77,81,87,89,95" m="50283" machi="95" ten="30,1000,0" yaku="19,1" doraHai="59" who="2" fromWho="1" sc="361,0,229,-10,195,10,215,0" /><INIT seed="2,0,0,2,5,56" ten="361,219,205,215" oya="2" hai0="2,86,122,25,106,81,22,43,52,110,63,59,75" hai1="64,32,114,133,118,50,42,76,21,51,31,94,98" hai2="39,57,71,128,60,37,129,112,7,13,77,35,131" hai3="66,99,130,5,12,108,45,70,29,15,105,47,46"/><V34/><F112/><W9/><G108/><T1/><D122/><U92/><E114/><V103/><F71/><W84/><G130/><N who="2" m="33281" /><V121/><DORA hai="17" /><F121/><W134/><G134/><T119/><D110/><U27/><E118/><V18/><F7/><W115/><G115/><T6/><D6/><U48/><E133/><V30/><F77/><W82/><G29/><T85/><D106/><U102/><E76/><V125/><F103/><W93/><G105/><T83/><D75/><U104/><E42/><V79/><F79/><W0/><G66/><T61/><D43/><U28/><REACH who="1" step="1"/><E64/><REACH who="1" ten="361,209,205,215" step="2"/><N who="2" m="38927" /><F125/><W78/><REACH who="3" step="1"/><G70/><REACH who="3" ten="361,209,205,205" step="2"/><T91/><D119/><U26/><AGARI ba="0,2" hai="21,26,27,28,31,32,48,50,51,92,94,98,102,104" machi="26" ten="30,4000,0" yaku="1,1,0,1,52,1,53,0" doraHai="56,17" doraHaiUra="41,3" who="1" fromWho="1" sc="361,-10,209,60,205,-20,205,-10" /><INIT seed="3,0,0,5,5,89" ten="351,269,185,195" oya="3" hai0="12,54,81,10,105,52,121,108,73,39,45,77,4" hai1="30,34,71,8,96,20,37,119,67,75,91,93,49" hai2="42,58,46,128,115,111,56,103,70,83,59,133,132" hai3="112,97,100,7,13,116,124,129,16,21,118,11,17"/><W32/><G112/><T92/><D105/><U24/><E37/><V88/><F115/><W5/><G32/><T79/><D121/><U99/><E75/><V94/><F111/><W60/><G129/><T65/><D108/><U44/><E119/><V50/><F70/><W85/><G124/><T134/><D79/><U33/><E99/><V69/><F69/><W29/><G29/><T3/><D134/><N who="2" m="51818" /><F128/><W130/><G130/><T61/><D92/><U19/><E8/><V95/><F103/><W131/><G131/><T117/><D12/><U38/><E38/><V110/><F110/><W125/><G125/><T127/><D117/><U6/><E6/><N who="3" m="2058" /><G118/><T102/><D102/><U23/><E67/><V68/><F68/><W82/><G116/><T72/><D72/><U14/><E71/><V122/><F122/><W62/><G100/><T80/><D80/><U1/><E1/><V27/><F27/><N who="3" m="14759" /><G97/><T41/><D127/><U113/><E113/><V86/><AGARI ba="0,0" hai="42,46,50,56,58,59,83,86,88,94,95" m="51818" machi="86" ten="40,8000,1" yaku="20,1,52,2,54,1" doraHai="89" who="2" fromWho="2" sc="351,-20,269,-20,185,80,195,-40" owari="331,43.1,249,-15.1,265,6.5,155,-34.5" /></mjloggm>