<mjloggm ver="2.3"><GO type="225" lobby="0"/><UN n0="%E5%80%89%E6%A9%8B%EF%BC%A0%E4%BA%8B%E5%8B%99" n1="%E6%97%A5%E6%9B%9C%E6%97%A5%E3%82%88%E3%82%8A%E3%81%AE%E4%BD%BF%E8%80%85" n2="%E3%81%BF%E3%81%BF%E3%81%9A" n3="%6B%79%6F%6E%6B%6F%31%31" dan="16,17,17,17" rate="2044.26,2155.13,2206.33,2216.12" sx="M,M,M,M"/><TAIKYOKU oya="0"/><INIT seed="0,0,0,4,0,79" ten="250,250,250,250" oya="0" hai0="96,98,5,48,6,0,58,7,23,16,134,97,18" hai1="75,120,63,21,110,32,113,43,51,91,114,61,10" hai2="25,118,84,133,31,69,121,111,45,81,62,47,115" hai3="131,126,4,13,44,27,53,37,80,41,76,85,129"/><T12/><D134/><U122/><E32/><V128/><F121/><N who="1" m="46697" /><E75/><V55/><F115/><N who="1" m="44041" /><E21/><N who="2" m="15791" /><F69/><W3/><G126/><T50/><D0/><U72/><E72/><V99/><F133/><W42/><G42/><T30/><D30/><U19/><E91/><N who="2" m="51599" /><F111/><W104/><G104/><T102/><D102/><U116/><E116/><V95/><F128/><W108/><G108/><T11/><REACH who="0" step="1"/><D58/><REACH who="0" ten="240,250,250,250" step="2"/><U109/><E109/><V94/><F118/><W67/><G3/><T89/><D89/><U59/><E110/><V106/><F106/><W107/><G107/><T93/><D93/><N who="2" m="35338" /><F99/><W39/><G129/><T26/><AGARI ba="0,1" hai="5,6,7,11,12,16,18,23,26,48,50,96,97,98" machi="26" ten="30,11700,0" yaku="1,1,0,1,8,1,54,1,53,0" doraHai="79" doraHaiUra="73" who="0" fromWho="0" sc="240,127,250,-39,250,-39,250,-39" /><INIT seed="0,1,0,0,5,46" ten="367,211,211,211" oya="0" hai0="81,48,64,115,85,61,135,108,96,8,125,77,68" hai1="38,74,49,34,80,11,110,23,76,132,6,93,130" hai2="24,119,73,41,70,21,40,121,15,20,30,106,33" hai3="118,131,129,113,111,62,105,42,14,120,127,78,26"/><T101/><D115/><U17/><E34/><V57/><F121/><W7/><G105/><T126/><D135/><U59/><E38/><V3/><F70/><W75/><G113/><T124/><D108/><U90/><E132/><V87/><F73/><W0/><G0/><T13/><D48/><U114/><E114/><V52/><F106/><W123/><G42/><T133/><D133/><U92/><E110/><V100/><F3/><W66/><G26/><T65/><D65/><U9/><E130/><N who="3" m="49674" /><G127/><T2/><D2/><U82/><E82/><V116/><F100/><W95/><G95/><T45/><D45/><U31/><E31/><V83/><F33/><W117/><G78/><T94/><D13/><N who="1" m="9647" /><E6/><V10/><F21/><W86/><G86/><T91/><REACH who="0" step="1"/><D8/><REACH who="0" ten="357,211,211,211" step="2"/><U51/><E9/><V60/><F119/><W53/><G117/><T47/><D47/><U35/><E11/><V5/><REACH who="2" step="1"/><F116/><REACH who="2" ten="357,211,201,211" step="2"/><W79/><G118/><T107/><D107/><U88/><E74/><V98/><F98/><W56/><G111/><T12/><D12/><U84/><E84/><V32/><F32/><W71/><G14/><T104/><D104/><U19/><E35/><V134/><F134/><W72/><G72/><T63/><D63/><U112/><E112/><V109/><F109/><W25/><G123/><T1/><D1/><U69/><E69/><V44/><F44/><W99/><G99/><T39/><D39/><U37/><E37/><V50/><F50/><N who="3" m="30775" /><G120/><T128/><D128/><U4/><E51/><V103/><F103/><AGARI ba="1,2" hai="61,64,68,77,81,85,91,94,96,101,103,124,125,126" machi="103" ten="40,12000,1" yaku="1,1,18,1,53,2" doraHai="46" doraHaiUra="97" who="0" fromWho="2" sc="357,143,211,0,201,-123,211,0" /><INIT seed="0,2,0,4,3,91" ten="500,211,78,211" oya="0" hai0="15,27,41,26,125,78,85,80,92,118,24,17,29" hai1="22,23,11,48,77,18,81,12,20,103,67,71,111" hai2="43,30,121,5,25,50,35,36,60,33,32,83,54" hai3="46,124,116,76,13,79,93,0,42,19,7,57,105"/><T55/><D118/><U130/><E111/><V109/><F121/><W115/><G105/><T120/><D120/><U16/><E130/><V8/><F109/><W89/><G116/><T110/><D110/><U52/><E103/><V34/><F60/><W127/><G57/><T47/><D125/><N who="3" m="48201" /><G7/><T4/><D4/><U97/><E97/><V135/><F135/><W132/><G0/><T62/><D29/><U98/><E98/><V123/><F123/><W45/><G115/><T108/><D108/><U90/><E90/><V122/><F122/><W87/><G132/><T39/><D62/><U82/><E71/><V9/><F83/><N who="1" m="31753" /><E67/><V99/><F43/><W86/><G86/><T72/><D55/><U21/><E77/><N who="3" m="29770" /><G42/><T112/><D112/><U74/><E74/><V129/><F129/><W59/><G59/><T6/><D6/><U134/><E134/><V49/><F36/><W128/><G128/><T119/><D119/><U56/><E18/><V133/><F133/><W131/><G131/><T66/><D66/><U38/><E38/><V14/><F54/><W28/><G28/><T10/><D72/><U65/><E65/><V100/><REACH who="2" step="1"/><F8/><AGARI ba="2,0" hai="8,13,19,45,46,87,89,93" m="29770,48201" machi="8" ten="30,2000,0" yaku="18,1,52,1" doraHai="91" who="3" fromWho="2" sc="500,0,211,0,78,-26,211,26" /><AGARI ba="2,0" hai="8,11,12,16,20,21,22,23,48,52,56" m="31753" machi="8" ten="30,3900,0" yaku="8,1,54,2" doraHai="91" who="1" fromWho="2" sc="500,0,211,39,52,-39,237,0" /><INIT seed="1,0,0,5,2,5" ten="500,250,13,237" oya="1" hai0="104,100,83,120,117,58,61,39,125,78,127,24,20" hai1="43,96,81,53,131,44,21,40,60,111,108,102,14" hai2="90,19,76,93,67,86,85,70,51,41,128,82,110" hai3="64,42,34,35,109,106,79,57,7,98,9,36,91"/><U2/><E2/><V28/><F110/><N who="1" m="42025" /><E81/><V55/><F128/><W12/><G109/><T15/><D117/><U116/><E116/><V33/><F33/><W37/><G79/><T134/><D39/><U62/><E131/><V71/><F28/><W75/><G75/><T123/><D134/><U48/><E21/><V103/><F41/><N who="1" m="15945" /><E14/><V47/><F67/><W32/><G42/><T46/><D15/><U77/><E77/><V49/><F49/><W132/><G132/><T88/><D78/><U16/><E16/><V84/><F103/><W27/><G27/><T10/><D100/><U50/><E48/><V122/><F122/><W52/><G64/><T105/><D123/><U124/><E124/><V56/><F47/><W4/><G4/><T30/><D120/><U97/><E97/><V129/><F129/><W18/><G7/><T0/><D46/><U22/><E22/><V80/><REACH who="2" step="1"/><F19/><REACH who="2" ten="500,250,3,237" step="2"/><W118/><G118/><T63/><D127/><U89/><E102/><V107/><F107/><W99/><G106/><T72/><D105/><U31/><E31/><V8/><F8/><W114/><G35/><T13/><D104/><U23/><E23/><V126/><F126/><W94/><G34/><T54/><D125/><U115/><E115/><V74/><F74/><W119/><G32/><T92/><D72/><U45/><E44/><V101/><F101/><N who="3" m="60631" /><G114/><T38/><D30/><U26/><E45/><V66/><F66/><W112/><G112/><T135/><D135/><U6/><E50/><V95/><F95/><N who="3" m="56831" /><G119/><T69/><D92/><U17/><E17/><V25/><F25/><RYUUKYOKU ba="0,1" sc="500,-15,250,-15,3,15,237,15" hai2="51,55,56,70,71,76,80,82,84,85,86,90,93" hai3="9,12,18,36,37,52,57" /><INIT seed="2,1,1,4,3,23" ten="485,235,18,252" oya="2" hai0="119,75,46,58,72,41,74,118,30,31,22,102,129" hai1="104,57,19,37,123,77,13,106,67,91,95,109,44" hai2="125,103,94,15,76,105,131,120,110,0,97,36,92" hai3="35,107,88,7,90,6,43,4,79,64,68,38,27"/><V10/><F120/><W132/><G79/><T55/><D102/><U130/><E77/><V18/><F36/><W69/><G107/><T86/><D86/><U11/><E123/><V82/><F131/><W52/><G43/><T20/><D129/><U126/><E130/><V33/><F125/><W81/><G38/><N who="0" m="21815" /><D20/><U61/><E126/><V115/><F115/><W60/><G69/><T96/><D22/><U53/><E109/><V2/><F110/><W114/><G132/><T127/><D96/><U48/><REACH who="1" step="1"/><E37/><REACH who="1" ten="485,225,18,252" step="2"/><V21/><F33/><W42/><G114/><T78/><D78/><U3/><E3/><V5/><REACH who="2" step="1"/><F0/><REACH who="2" ten="485,225,8,252" step="2"/><W117/><G35/><T84/><D127/><U124/><E124/><V112/><F112/><W108/><G108/><T51/><D119/><U99/><AGARI ba="1,3" hai="11,13,19,44,48,53,57,61,67,91,95,99,104,106" machi="99" ten="20,2700,0" yaku="1,1,0,1,7,1,53,0" doraHai="23" doraHaiUra="1" who="1" fromWho="1" sc="485,-8,225,60,8,-14,252,-8" owari="477,57.7,285,8.5,-6,-50.6,244,-15.6" /></mjloggm>