<mjloggm ver="2.3"><GO type="225" lobby="0"/><UN n0="%E6%97%A5%E6%9B%9C%E6%97%A5%E3%82%88%E3%82%8A%E3%81%AE%E4%BD%BF%E8%80%85" n1="%E7%B4%94%E6%BD%94%E3%83%94%E3%83%A9%E3%83%8B%E3%82%A2" n2="%73%6C%69%63%6B%33%31%39" n3="%E5%A4%96%E5%B7%9D%E7%AB%9C%E6%88%90" dan="18,17,16,16" rate="2195.02,2203.51,2188.45,2212.40" sx="M,M,M,M"/><TAIKYOKU oya="0"/><INIT seed="0,0,0,4,5,3" ten="250,250,250,250" oya="0" hai0="120,81,110,86,27,127,131,61,36,116,13,117,114" hai1="37,7,51,79,124,96,87,26,133,130,106,68,43" hai2="122,111,77,92,45,104,28,121,46,89,64,85,135" hai3="76,99,119,55,132,80,32,94,82,15,58,34,39"/><T59/><D36/><U1/><E51/><V49/><F104/><W6/><G39/><T40/><D114/><U100/><E87/><V2/><F2/><W44/><G119/><T129/><D120/><U126/><E26/><V65/><F111/><W78/><G44/><T4/><D40/><U18/><E18/><V11/><F135/><W12/><G132/><T42/><D42/><U74/><E130/><N who="0" m="49673" /><D27/><U9/><E68/><V91/><F77/><N who="3" m="29803" /><G32/><T69/><D69/><U25/><E25/><V98/><F28/><W19/><G34/><T47/><D47/><N who="1" m="24047" /><E133/><V33/><F33/><W63/><G6/><T105/><D105/><U108/><E108/><V97/><F11/><N who="3" m="6559" /><G15/><T52/><D110/><U53/><E53/><V22/><F22/><W57/><G57/><T103/><D103/><AGARI ba="0,0" hai="55,58,63,80,82,94,99,103" m="6559,29803" machi="103" ten="30,1000,0" yaku="8,1" doraHai="3" who="3" fromWho="0" sc="250,-10,250,0,250,0,250,10" /><INIT seed="1,0,0,4,2,112" ten="240,250,250,260" oya="1" hai0="92,20,100,76,128,39,17,133,34,122,37,18,116" hai1="12,4,65,0,23,118,93,104,15,101,36,32,135" hai2="33,114,84,127,21,120,9,35,107,73,6,79,105" hai3="121,3,5,49,125,88,22,115,43,25,1,95,41"/><U59/><E36/><V55/><F120/><W72/><G72/><T38/><D34/><U111/><E104/><V56/><F114/><W31/><G115/><T69/><D69/><U117/><E32/><V44/><F73/><W7/><G121/><T74/><D122/><U26/><E0/><V40/><F21/><W97/><G125/><T48/><D76/><U123/><E123/><V42/><F127/><W71/><G71/><T80/><D74/><U51/><E135/><V63/><F35/><W113/><G113/><T109/><D80/><U11/><E12/><V91/><F79/><W70/><G70/><T129/><D109/><U8/><E8/><V90/><F33/><W124/><G124/><T64/><D133/><U98/><E111/><V119/><F119/><W87/><G87/><T30/><D64/><U78/><E78/><V28/><F28/><W60/><G60/><T130/><D48/><U29/><E51/><V16/><F16/><N who="0" m="6250" /><D116/><U83/><E83/><V54/><F54/><W89/><G89/><T47/><D47/><U68/><E68/><V53/><F53/><W24/><G24/><N who="0" m="16647" /><D92/><U85/><E85/><V77/><F77/><W62/><G62/><AGARI ba="0,0" hai="4,11,15,23,26,29,59,62,65,93,98,101,117,118" machi="62" ten="40,12000,1" yaku="25,2,52,2" doraHai="112" who="1" fromWho="3" sc="240,0,250,120,250,0,260,-120" /><INIT seed="1,1,0,3,2,69" ten="240,370,250,140" oya="1" hai0="39,86,43,111,5,103,51,11,29,18,118,93,83" hai1="90,56,120,64,114,15,67,32,129,107,121,61,1" hai2="57,20,73,4,81,131,127,13,113,116,108,106,126" hai3="40,59,21,33,54,128,109,58,134,35,22,45,50"/><U100/><E1/><V68/><F68/><W34/><G109/><T10/><D118/><U89/><E32/><V87/><F116/><W55/><G128/><T101/><D111/><U79/><E79/><V38/><F108/><W8/><G134/><T74/><D29/><U124/><E114/><V19/><F106/><W27/><G8/><T88/><D39/><U96/><E129/><V23/><F73/><W76/><G76/><T70/><D70/><U82/><E64/><V75/><F75/><W16/><REACH who="3" step="1"/><G21/><REACH who="3" ten="240,370,250,130" step="2"/><T3/><D11/><U80/><E121/><V105/><F20/><W12/><G12/><T130/><D130/><U84/><E120/><V60/><F131/><W9/><G9/><T112/><D112/><U104/><E15/><V41/><F23/><W36/><G36/><T6/><D10/><U102/><E124/><V117/><F13/><W122/><G122/><T71/><D3/><U63/><E100/><V14/><F14/><W28/><G28/><T17/><D103/><U133/><E133/><V85/><F113/><W26/><G26/><T48/><D101/><U115/><E115/><V97/><F126/><W99/><G99/><T7/><D7/><U132/><E132/><V30/><F97/><W94/><G94/><T53/><D5/><U24/><E24/><V62/><F127/><W49/><G49/><T65/><D6/><U123/><E123/><V77/><F38/><W125/><G125/><T46/><D93/><N who="1" m="58639" /><E61/><V47/><F60/><W25/><G25/><T95/><D51/><U2/><E2/><V110/><F4/><W98/><G98/><RYUUKYOKU ba="1,1" sc="240,-15,370,15,250,-15,130,15" hai1="56,63,67,80,82,84,89,90,104,107" hai3="16,22,27,33,34,35,40,45,50,54,55,58,59" /><INIT seed="1,2,1,5,0,32" ten="225,385,235,145" oya="1" hai0="70,21,96,27,20,61,112,7,37,84,64,120,17" hai1="128,122,18,82,113,19,39,3,100,119,28,87,133" hai2="104,102,98,118,126,79,23,130,13,52,44,33,135" hai3="5,106,103,16,78,10,97,117,110,105,58,8,91"/><U131/><E39/><V26/><F118/><W90/><G117/><T48/><D112/><U74/><E28/><V89/><F130/><N who="1" m="49705" /><E113/><V1/><F126/><W124/><G124/><T46/><D120/><U49/><E122/><V31/><F135/><W53/><G110/><T75/><D75/><U72/><E100/><V129/><F129/><W47/><G47/><T68/><D37/><U45/><E3/><V38/><F79/><W62/><G78/><T123/><D123/><U88/><E133/><V14/><F33/><W134/><G106/><T77/><D7/><U22/><E119/><V85/><F1/><W81/><G81/><T51/><D68/><U41/><E18/><V127/><F127/><W67/><G67/><T93/><D46/><U125/><E125/><V30/><F30/><W101/><G101/><T114/><D114/><U6/><E6/><V71/><F71/><W0/><REACH who="3" step="1"/><G134/><REACH who="3" ten="225,385,235,135" step="2"/><T86/><D77/><U99/><E72/><V34/><F38/><W95/><G95/><T4/><D93/><U42/><E74/><V56/><F44/><W43/><G43/><T132/><D132/><U54/><E42/><V109/><F109/><W55/><G55/><T65/><D65/><U2/><E54/><V83/><REACH who="2" step="1"/><F34/><REACH who="2" ten="225,385,225,135" step="2"/><W92/><G92/><T76/><D76/><N who="1" m="46535" /><E45/><V40/><F40/><W57/><G57/><T80/><D70/><U94/><E41/><V25/><F25/><W15/><AGARI ba="2,3" hai="0,5,8,10,15,16,53,58,62,90,91,97,103,105" machi="15" ten="30,7900,0" yaku="1,1,0,1,52,1,54,1,53,0" doraHai="32" doraHaiUra="63" who="3" fromWho="3" sc="225,-22,385,-41,225,-22,135,115" /><INIT seed="2,0,0,3,5,56" ten="203,344,203,250" oya="2" hai0="122,24,87,102,131,2,11,8,13,47,97,64,68" hai1="118,99,28,16,105,27,57,43,19,23,77,91,42" hai2="86,73,62,72,112,83,117,26,123,85,25,98,76" hai3="115,4,75,35,125,65,108,119,94,40,15,48,5"/><V44/><F112/><W120/><G119/><T111/><D122/><U116/><E77/><V126/><F117/><W17/><G75/><T114/><D114/><U36/><E36/><V54/><F123/><W92/><G115/><T71/><D111/><U63/><E105/><V1/><F1/><W37/><G37/><T49/><D131/><U31/><E19/><V129/><F129/><W130/><G35/><T110/><D110/><U18/><E18/><V51/><F126/><W121/><G130/><T74/><D74/><U107/><E107/><V45/><F98/><W101/><G125/><T32/><D2/><U84/><E99/><V133/><F133/><W95/><G101/><T81/><D24/><U96/><E96/><V89/><F45/><N who="3" m="25639" /><G108/><T93/><D32/><U67/><E116/><V10/><F10/><N who="3" m="6391" /><G65/><T14/><D64/><U33/><E118/><V78/><F72/><W88/><G121/><T30/><D30/><N who="1" m="11307" /><E33/><V50/><F73/><W113/><G113/><T134/><D134/><U21/><E21/><V3/><F3/><W52/><G120/><T79/><D8/><U61/><E61/><V46/><F62/><W135/><G135/><T0/><D0/><U100/><E100/><V109/><F109/><W132/><G132/><T29/><D29/><U80/><AGARI ba="0,0" hai="16,23,27,42,43,57,63,67,80,84,91" m="11307" machi="80" ten="30,4000,0" yaku="8,1,52,1,54,1" doraHai="56" who="1" fromWho="1" sc="203,-10,344,40,203,-20,250,-10" /><INIT seed="3,0,0,1,2,0" ten="193,384,183,240" oya="3" hai0="30,67,52,38,124,104,121,135,53,112,39,40,94" hai1="130,113,95,12,45,110,4,28,82,72,26,37,29" hai2="18,76,81,71,126,56,70,97,11,6,69,88,61" hai3="101,127,68,111,17,48,118,43,47,31,44,119,51"/><W15/><G68/><T100/><D104/><U117/><E117/><V86/><F126/><W123/><G123/><T98/><D121/><U35/><E28/><V54/><F18/><W114/><G114/><T58/><D39/><U96/><E113/><V34/><F34/><W60/><G127/><T13/><D112/><U77/><E110/><V62/><F97/><W3/><G3/><T32/><D32/><U75/><E130/><V23/><F23/><W10/><G111/><T122/><D122/><U57/><E57/><V103/><F103/><W5/><G31/><T85/><D124/><U46/><E72/><V27/><F27/><W78/><G60/><N who="0" m="38295" /><D38/><U125/><E37/><V41/><F41/><W92/><G78/><T93/><D135/><U7/><E7/><V129/><F129/><W65/><G65/><T87/><D40/><U49/><E49/><V64/><F76/><W9/><G92/><N who="0" m="58439" /><D13/><AGARI ba="0,0" hai="6,11,13,54,56,61,62,64,69,70,71,81,86,88" machi="13" ten="30,3900,0" yaku="7,1,52,1,54,1" doraHai="0" who="2" fromWho="0" sc="193,-39,384,0,183,39,240,0" owari="154,-34.6,384,48.4,222,-17.8,240,4.0" /></mjloggm>