<mjloggm ver="2.3"><GO type="225" lobby="0"/><UN n0="%61%69%73%79%6F" n1="%72%61%6B%33" n2="%E8%81%B7%E6%A5%AD%E3%80%81%E9%A2%A8%32" n3="%67%61%79%75%6E%79" dan="17,18,16,16" rate="2178.57,2264.79,2136.69,2147.89" sx="M,M,M,M"/><TAIKYOKU oya="0"/><INIT seed="0,0,0,1,5,93" ten="250,250,250,250" oya="0" hai0="75,86,52,122,6,72,3,53,26,8,49,2,82" hai1="20,28,79,90,46,48,23,105,80,104,12,81,84" hai2="77,89,32,109,114,73,11,35,37,36,98,16,58" hai3="103,17,50,56,38,117,116,57,24,21,83,100,87"/><T118/><D118/><U108/><E108/><V115/><F109/><W27/><G38/><T65/><D122/><U64/><E64/><V96/><F73/><W129/><G129/><T30/><D2/><U0/><E0/><V102/><F77/><W15/><G117/><T4/><D4/><U94/><E81/><V95/><F58/><N who="3" m="22635" /><G50/><T110/><D65/><U119/><E119/><V45/><F35/><W44/><G44/><T135/><D135/><U121/><E121/><V107/><F32/><W34/><G34/><T55/><D110/><U112/><E112/><V47/><F37/><W123/><G123/><T71/><D71/><U127/><E127/><V22/><F11/><N who="3" m="6399" /><G27/><T51/><D72/><U9/><E28/><V40/><REACH who="2" step="1"/><F47/><REACH who="2" ten="250,250,240,250" step="2"/><W66/><G116/><T29/><D75/><U33/><E33/><V126/><F126/><W133/><G133/><T7/><D30/><U59/><E59/><V68/><F68/><W101/><G66/><T14/><D29/><U130/><E130/><V61/><F61/><W10/><G10/><T91/><D26/><AGARI ba="0,1" hai="16,22,26,36,40,45,89,95,96,98,102,107,114,115" machi="26" ten="30,12000,2" yaku="1,1,7,1,52,2,54,1,53,1" doraHai="93" doraHaiUra="70" who="2" fromWho="0" sc="250,-120,250,0,240,130,250,0" /><INIT seed="1,0,0,3,5,66" ten="130,250,370,250" oya="1" hai0="36,89,70,68,93,129,86,88,99,52,114,107,100" hai1="37,62,2,5,61,112,111,72,132,9,131,40,102" hai2="1,95,115,74,24,50,64,32,97,25,4,54,82" hai3="135,92,15,105,119,7,84,79,53,28,128,85,11"/><U48/><E112/><V30/><F115/><W65/><G105/><T46/><D114/><U122/><E122/><V90/><F64/><W117/><G135/><T27/><D129/><U26/><E131/><V19/><F1/><W87/><G128/><T42/><D27/><U104/><E132/><V101/><F4/><W33/><G65/><T8/><D8/><U96/><E111/><V60/><F60/><W126/><G126/><T29/><D29/><U10/><E48/><V133/><F133/><W3/><G3/><T78/><D78/><U113/><E113/><V91/><F82/><W17/><G7/><T44/><REACH who="0" step="1"/><D89/><REACH who="0" ten="120,250,370,250" step="2"/><U81/><E10/><V98/><F90/><W77/><G28/><T57/><D57/><U38/><E26/><V94/><F25/><W108/><G79/><T121/><D121/><U45/><E37/><V16/><F74/><W116/><G77/><AGARI ba="0,1" hai="2,5,9,38,40,45,61,62,72,77,81,96,102,104" machi="77" ten="40,3900,0" yaku="25,2" doraHai="66" who="1" fromWho="3" sc="120,0,250,49,370,0,250,-39" /><INIT seed="1,1,0,5,5,115" ten="120,299,370,211" oya="1" hai0="72,131,127,35,10,112,53,7,26,51,91,113,87" hai1="13,28,42,122,135,45,106,49,77,97,100,39,38" hai2="128,27,88,76,134,71,125,73,1,63,57,117,84" hai3="33,86,85,16,103,25,107,44,101,46,95,69,14"/><U109/><E122/><V9/><F117/><W23/><G69/><T132/><D72/><U36/><E135/><V68/><F125/><W82/><G107/><T8/><D132/><U2/><E2/><V56/><F128/><W30/><G86/><T52/><D131/><U105/><E105/><V21/><F73/><W94/><G95/><T60/><D127/><U98/><E28/><V58/><F76/><W32/><G32/><T70/><D10/><U3/><E3/><V19/><F63/><W129/><G129/><T96/><D96/><U78/><E109/><V108/><F108/><W118/><G118/><T111/><D111/><U81/><E13/><V130/><F130/><W121/><G121/><T116/><D116/><U59/><E98/><V79/><F79/><W54/><G54/><T18/><D53/><U6/><E6/><V61/><F61/><W31/><G31/><T40/><D40/><U20/><E20/><V110/><F134/><W50/><G94/><T37/><D37/><U126/><E126/><V102/><F102/><W29/><G29/><T123/><D35/><U47/><E59/><V75/><F75/><W104/><G104/><T120/><D120/><U114/><E114/><V119/><F119/><W15/><G15/><N who="0" m="7527" /><D26/><U17/><E17/><V55/><F110/><W89/><G46/><N who="0" m="27767" /><D7/><U41/><E78/><V124/><F124/><W11/><G33/><T43/><D43/><U93/><E106/><V64/><F55/><W24/><G24/><T74/><D74/><AGARI ba="1,0" hai="36,38,39,41,42,45,47,49,74,77,81,93,97,100" machi="74" ten="30,1500,0" yaku="7,1" doraHai="115" who="1" fromWho="0" sc="120,-18,299,18,370,0,211,0" /><INIT seed="1,2,0,5,1,89" ten="102,317,370,211" oya="1" hai0="127,132,48,19,123,22,28,41,38,111,85,12,45" hai1="21,86,47,60,116,117,114,88,37,103,119,73,8" hai2="33,134,36,57,118,76,105,5,6,135,26,107,130" hai3="129,71,29,113,100,54,97,67,108,82,15,91,44"/><U24/><E73/><V58/><F118/><W77/><G113/><T75/><D75/><U99/><E114/><V128/><F36/><W124/><G91/><T9/><D111/><U35/><E8/><V125/><F76/><W68/><G67/><T62/><D123/><U80/><E60/><V115/><F26/><W79/><G79/><T27/><D132/><N who="2" m="50730" /><F33/><W13/><G124/><T131/><D131/><N who="2" m="50218" /><F115/><W43/><G129/><T63/><D127/><U74/><E74/><V133/><F133/><W17/><G29/><T101/><D101/><U23/><E37/><V55/><F125/><W11/><G108/><T90/><REACH who="0" step="1"/><D38/><REACH who="0" ten="92,317,370,211" step="2"/><U92/><REACH who="1" step="1"/><E47/><REACH who="1" ten="92,307,370,211" step="2"/><V72/><F72/><W122/><G44/><T112/><D112/><U40/><E40/><V66/><F66/><W32/><G43/><T126/><D126/><U50/><E50/><N who="2" m="30967" /><F58/><W53/><G122/><T104/><D104/><AGARI ba="2,2" hai="5,6,104,105,107" m="30967,50218,50730" machi="104" ten="40,2600,0" yaku="20,1,19,1" doraHai="89" who="2" fromWho="0" sc="92,-32,307,0,370,52,211,0" /><INIT seed="2,0,0,1,0,0" ten="60,307,422,211" oya="2" hai0="5,54,52,11,90,35,41,57,56,32,89,53,62" hai1="91,134,107,46,1,58,85,84,118,38,135,50,33" hai2="113,21,64,112,44,66,3,20,127,16,131,80,2" hai3="83,61,55,129,37,96,65,27,72,14,115,23,18"/><V71/><F127/><W116/><G116/><T94/><D41/><U34/><E118/><V40/><F131/><W15/><G129/><T51/><D54/><U48/><E107/><V67/><F71/><W108/><G108/><T49/><D62/><U132/><E1/><V77/><F21/><W68/><G115/><T12/><REACH who="0" step="1"/><D90/><REACH who="0" ten="50,307,422,211" step="2"/><U42/><E42/><V10/><F112/><W29/><G55/><T4/><D4/><U122/><E91/><V70/><F113/><W75/><G61/><T109/><D109/><U125/><E48/><V86/><F40/><W36/><G37/><T47/><D47/><U17/><E46/><V8/><F44/><W110/><G36/><T92/><D92/><U9/><E50/><V13/><F67/><W114/><G65/><T19/><D19/><U119/><E17/><V99/><F66/><W120/><G18/><T60/><D60/><U106/><E38/><V74/><F64/><W76/><G110/><T31/><D31/><U39/><E39/><V103/><F16/><W59/><G29/><T124/><D124/><U6/><E125/><V73/><F70/><W63/><G68/><T82/><D82/><U93/><E93/><V98/><F80/><N who="3" m="45063" /><G63/><T95/><D95/><U79/><E6/><V128/><F128/><W105/><G83/><T30/><D30/><U78/><E58/><V45/><F45/><W24/><G59/><T121/><D121/><U100/><E122/><V97/><F103/><N who="3" m="62695" /><G120/><T22/><D22/><U28/><E28/><V43/><F43/><W7/><G23/><T81/><D81/><U25/><E100/><RYUUKYOKU ba="0,1" sc="50,30,307,-10,422,-10,211,-10" hai0="5,11,12,32,35,49,51,52,53,56,57,89,94" /><INIT seed="3,1,1,5,3,9" ten="80,297,412,201" oya="3" hai0="101,76,85,47,57,21,109,102,117,78,83,88,63" hai1="95,112,92,37,135,110,68,8,123,111,43,74,52" hai2="41,98,40,23,116,79,7,96,16,64,75,97,86" hai3="15,105,129,38,130,54,0,6,134,120,133,60,30"/><W62/><G105/><T18/><D109/><U3/><E112/><V14/><F116/><W66/><G120/><T104/><D117/><U51/><E123/><V33/><F33/><W27/><G38/><T24/><D47/><U26/><E74/><V81/><F64/><W31/><G0/><T4/><D4/><U99/><E68/><V69/><F69/><W2/><G2/><T91/><D104/><U36/><E135/><N who="3" m="51722" /><G54/><T82/><D102/><U29/><E43/><N who="2" m="16459" /><F75/><W80/><G80/><T87/><REACH who="0" step="1"/><D101/><REACH who="0" ten="70,297,412,201" step="2"/><U84/><E111/><V22/><F7/><W107/><G107/><T126/><D126/><U58/><E110/><V44/><F44/><W114/><G114/><T115/><D115/><U35/><E36/><V32/><F32/><W73/><G6/><T56/><D56/><U1/><E37/><V65/><F65/><AGARI ba="1,2" hai="18,21,24,57,63,65,76,78,82,83,85,87,88,91" machi="65" ten="30,8000,1" yaku="1,1,7,1,9,1,8,1,54,1,53,0" doraHai="9" doraHaiUra="28" who="0" fromWho="2" sc="70,103,297,0,412,-83,201,0" owari="173,-32.7,297,9.7,329,42.9,201,-19.9" /></mjloggm>