<mjloggm ver="2.3"><GO type="225" lobby="0"/><UN n0="%E9%81%85%E5%88%BB%E3%81%AE%E3%83%97%E3%83%AA%E3%83%B3%E3%82%B9%E2%99%AA" n1="%6D%75%75%6D%75%72%61" n2="%E4%B8%AD%E5%B9%B4%E3%81%AE%E5%8D%B1%E6%A9%9F" n3="%E3%82%82%E3%81%90%E3%82%89" dan="16,16,16,17" rate="2161.31,2103.75,2135.65,2140.47" sx="F,F,M,M"/><TAIKYOKU oya="0"/><INIT seed="0,0,0,0,1,8" ten="250,250,250,250" oya="0" hai0="17,86,79,118,49,106,57,125,72,29,110,7,76" hai1="122,126,48,56,38,100,77,19,92,28,116,21,11" hai2="16,42,32,108,96,105,10,23,94,51,0,39,88" hai3="53,67,44,84,15,89,63,85,25,26,40,70,64"/><T22/><D118/><U1/><E116/><V109/><F39/><W123/><G123/><T14/><D106/><U66/><E38/><V68/><F68/><W98/><G67/><T112/><D112/><U117/><E117/><V65/><F65/><W135/><G135/><T41/><D72/><U54/><E122/><V129/><F32/><W90/><G53/><N who="0" m="31919" /><D125/><U45/><E126/><V37/><F37/><W124/><G124/><T71/><D71/><U30/><E77/><V55/><F42/><W4/><G98/><T99/><D110/><N who="2" m="42602" /><F105/><W113/><G113/><T75/><D75/><U2/><E2/><V130/><F10/><W9/><G85/><T119/><D119/><U93/><E1/><V69/><F0/><W127/><G127/><T114/><D114/><U52/><E11/><V31/><F31/><N who="1" m="11817" /><E66/><V35/><F35/><W121/><G121/><T132/><D132/><U87/><E100/><V12/><F69/><W34/><G90/><T18/><D29/><U97/><E97/><V61/><F61/><W131/><G34/><T81/><D7/><U134/><E87/><V95/><F95/><W104/><G104/><T36/><D36/><U62/><E134/><V115/><F115/><W60/><G60/><T102/><D41/><U13/><AGARI ba="0,0" hai="13,19,21,45,48,52,54,56,62,92,93" m="11817" machi="13" ten="30,4000,0" yaku="8,1,52,1,54,1" doraHai="8" who="1" fromWho="1" sc="250,-20,250,40,250,-10,250,-10" /><INIT seed="1,0,0,4,4,27" ten="230,290,240,240" oya="1" hai0="84,114,31,61,18,112,133,76,109,102,77,99,29" hai1="50,78,126,108,94,80,25,32,119,125,96,22,37" hai2="65,6,71,132,90,58,63,19,26,118,42,113,130" hai3="117,3,62,40,46,12,33,41,48,0,36,85,53"/><U111/><E119/><V116/><F6/><W103/><G117/><N who="2" m="45161" /><F19/><W127/><G127/><N who="1" m="48650" /><E37/><V16/><F16/><W72/><G72/><T13/><D133/><U14/><E14/><V124/><F26/><W28/><G103/><T66/><D109/><N who="1" m="42059" /><E32/><V54/><F90/><W73/><G73/><T79/><D84/><U20/><E50/><N who="2" m="31063" /><F124/><W81/><G12/><T120/><D120/><U122/><E122/><V24/><F24/><W83/><G3/><T75/><D75/><N who="1" m="43103" /><E25/><V51/><F51/><W21/><G48/><T39/><D39/><U88/><AGARI ba="0,0" hai="20,22,88,94,96" m="43103,42059,48650" machi="88" ten="30,11700,0" yaku="18,1,14,1,10,1,54,1" doraHai="27" who="1" fromWho="1" sc="230,-39,290,117,240,-39,240,-39" /><INIT seed="1,1,0,5,4,132" ten="191,407,201,201" oya="1" hai0="40,9,70,88,81,33,26,13,75,53,1,86,44" hai1="129,31,20,7,37,16,135,119,27,72,10,85,50" hai2="122,102,74,98,117,35,59,93,82,43,2,105,6" hai3="97,22,84,101,108,100,39,41,99,8,62,73,56"/><U45/><E72/><V80/><F35/><W118/><G73/><T120/><D70/><U94/><E135/><V92/><F43/><W134/><G108/><T113/><D113/><U126/><E119/><V69/><F69/><W46/><G134/><T133/><D133/><U5/><E129/><V21/><F122/><W29/><G118/><T66/><D66/><U109/><E37/><V121/><F121/><W32/><G32/><T63/><D1/><U54/><E126/><V0/><F117/><W110/><G110/><T48/><D75/><U114/><E114/><V123/><F123/><W25/><G84/><T30/><D120/><U68/><E68/><V79/><F80/><W87/><G87/><T67/><D67/><U116/><E116/><V125/><F125/><W36/><G8/><T83/><D63/><U51/><E51/><V103/><F6/><W34/><G34/><T28/><D28/><U24/><E109/><V14/><F59/><W15/><G15/><T52/><REACH who="0" step="1"/><D81/><REACH who="0" ten="181,407,201,201" step="2"/><U112/><E112/><V78/><F0/><W89/><G62/><T47/><D47/><U23/><E45/><V60/><F2/><W64/><G64/><T55/><D55/><U12/><E54/><V49/><F60/><W127/><G56/><T96/><D96/><U131/><E131/><V3/><F3/><W38/><G46/><T57/><D57/><U42/><E42/><V19/><F49/><W4/><G41/><T130/><D130/><U71/><E50/><V128/><F128/><W76/><G39/><T111/><D111/><U104/><E71/><V17/><F74/><RYUUKYOKU ba="1,1" sc="181,30,407,-10,201,-10,201,-10" hai0="9,13,26,30,33,40,44,48,52,53,83,86,88" /><INIT seed="2,2,1,4,3,125" ten="211,397,191,191" oya="2" hai0="22,8,6,57,132,119,42,134,69,86,26,124,35" hai1="63,130,24,49,44,80,115,2,30,39,83,51,43" hai2="52,89,98,79,62,14,105,120,87,46,99,37,82" hai3="68,15,4,100,9,118,109,60,85,112,0,110,1"/><V33/><F120/><W54/><G118/><T71/><D124/><U78/><E115/><V117/><F117/><W38/><G112/><T90/><D119/><U96/><E2/><V17/><F33/><W21/><G38/><T88/><D42/><U113/><E113/><V50/><F37/><W131/><G100/><T116/><D57/><U73/><E130/><V129/><F129/><W16/><G131/><T84/><D35/><U95/><E80/><V64/><F105/><W66/><G0/><T114/><D114/><U47/><E63/><V12/><F79/><W27/><G85/><T93/><D116/><U65/><E65/><V97/><REACH who="2" step="1"/><F17/><REACH who="2" ten="211,397,181,191" step="2"/><W53/><REACH who="3" step="1"/><G1/><REACH who="3" ten="211,397,181,181" step="2"/><T101/><D134/><U28/><E39/><V81/><F81/><W31/><G31/><T48/><D132/><U3/><E3/><V40/><F40/><W102/><G102/><T5/><D101/><U59/><E30/><V19/><F19/><W7/><G7/><T20/><D5/><U111/><E28/><V29/><F29/><W56/><G56/><AGARI ba="2,3" hai="12,14,46,50,52,56,62,64,82,87,89,97,98,99" machi="56" ten="40,12000,1" yaku="1,1,8,1,54,1,53,1" doraHai="125" doraHaiUra="45" who="2" fromWho="3" sc="211,0,397,0,181,156,181,-126" /><INIT seed="2,3,0,2,2,96" ten="211,397,337,55" oya="2" hai0="54,120,107,35,94,111,28,104,119,8,75,5,82" hai1="51,76,117,100,34,125,88,105,123,130,3,22,24" hai2="99,18,16,126,65,10,55,134,84,11,26,93,30" hai3="68,61,116,121,103,29,47,106,133,53,14,39,108"/><V109/><F126/><W85/><G121/><T132/><D120/><U44/><E123/><V114/><F114/><W21/><G116/><T7/><D119/><U129/><E117/><V98/><F134/><W86/><G133/><T32/><D132/><U77/><E125/><V102/><F109/><W64/><G108/><T1/><D111/><U91/><E3/><V59/><F65/><W92/><G106/><T69/><D7/><U122/><E34/><V95/><F84/><W0/><G0/><T42/><D94/><U50/><E122/><V45/><F45/><W46/><G46/><T80/><D80/><U135/><E135/><V78/><F78/><N who="1" m="30313" /><E100/><N who="2" m="60495" /><F30/><W38/><G38/><T43/><D69/><U56/><E105/><V36/><F36/><W113/><G113/><T15/><D1/><U12/><E56/><V60/><F18/><W101/><G39/><T87/><D75/><U2/><E2/><V112/><F112/><W52/><G85/><T41/><D107/><U25/><E44/><V37/><F37/><W128/><G128/><N who="1" m="49258" /><E91/><V124/><F124/><W89/><G47/><T31/><D104/><U20/><E88/><V63/><F63/><W79/><G79/><N who="0" m="46559" /><D35/><U118/><E118/><V81/><F81/><W27/><REACH who="3" step="1"/><G14/><REACH who="3" ten="211,397,337,45" step="2"/><T90/><D15/><U9/><E12/><V57/><F57/><W97/><G97/><T72/><D72/><U115/><E115/><V58/><F58/><W48/><G48/><T71/><D41/><U17/><E51/><V62/><F62/><W83/><G83/><T70/><D42/><U19/><E50/><V40/><F40/><RYUUKYOKU ba="3,1" sc="211,-30,397,10,337,10,45,10" hai1="9,17,19,20,22,24,25" hai2="10,11,16,26,55,59,60,95,99,102" hai3="21,27,29,52,53,61,64,68,86,89,92,101,103" /><INIT seed="2,4,1,4,0,67" ten="181,407,347,55" oya="2" hai0="54,92,86,102,122,47,1,120,56,109,82,129,22" hai1="116,112,13,90,79,100,131,60,119,83,41,93,9" hai2="106,89,16,10,18,2,20,110,0,43,31,32,105" hai3="87,3,33,78,124,26,125,59,46,104,39,69,134"/><V107/><F110/><W52/><G3/><T101/><D1/><U50/><E112/><V55/><F32/><W121/><G104/><T85/><D109/><U42/><E131/><V28/><F43/><W8/><G121/><T77/><D129/><U61/><E100/><V132/><F132/><W71/><G134/><T76/><D47/><N who="1" m="25967" /><E42/><V103/><F103/><W5/><G39/><T49/><D120/><U65/><E90/><V80/><F0/><W84/><G46/><T135/><D135/><U53/><E53/><V64/><F64/><W74/><G74/><T11/><D122/><U30/><E93/><V126/><F55/><W21/><G8/><T6/><D22/><U24/><E24/><V29/><F126/><N who="3" m="48747" /><G5/><T96/><D102/><U25/><E25/><V75/><F20/><W98/><G98/><T94/><D94/><U118/><E65/><V44/><F44/><W27/><G33/><T130/><D130/><U37/><E37/><V48/><F48/><N who="3" m="31111" /><G27/><T36/><D36/><U57/><E57/><V40/><F40/><W99/><G99/><T62/><D49/><U91/><E9/><V81/><F2/><W17/><G78/><T128/><D128/><U4/><E79/><N who="2" m="44159" /><F10/><W68/><AGARI ba="4,1" hai="17,21,26,68,69,71,84,87" m="31111,48747" machi="68" ten="40,8000,1" yaku="18,1,52,3,54,1" doraHai="67" who="3" fromWho="3" sc="181,-24,407,-24,347,-44,55,102" /><INIT seed="3,0,0,4,4,134" ten="157,383,303,157" oya="3" hai0="13,1,16,24,104,7,0,67,84,109,4,57,122" hai1="132,63,102,69,32,37,49,6,41,10,65,12,11" hai2="5,56,17,121,40,131,14,50,60,68,88,129,64" hai3="92,99,130,79,125,87,124,115,61,117,3,71,33"/><W44/><G115/><T8/><D104/><U42/><E32/><V2/><F2/><W80/><G117/><T133/><D122/><U120/><E132/><V103/><F5/><W51/><G33/><T31/><D133/><U126/><E37/><V128/><F103/><W55/><G3/><N who="0" m="1099" /><D57/><U34/><E126/><N who="3" m="48746" /><G130/><T72/><D84/><U74/><E34/><V89/><F121/><W82/><G82/><T19/><D72/><U78/><E74/><V45/><REACH who="2" step="1"/><F68/><REACH who="2" ten="157,383,293,157" step="2"/><W97/><G92/><T26/><D4/><U83/><E6/><V58/><F58/><N who="3" m="35039" /><G71/><T20/><D109/><U28/><E69/><V9/><AGARI ba="0,1" hai="9,14,17,40,45,50,56,60,64,88,89,128,129,131" machi="9" ten="30,7900,0" yaku="1,1,0,1,19,1,54,1,53,0" doraHai="134" doraHaiUra="111" who="2" fromWho="2" sc="157,-20,383,-20,293,89,157,-39" owari="137,-26.3,363,16.3,382,48.2,118,-38.2" /></mjloggm>