<mjloggm ver="2.3"><GO type="225" lobby="0"/><UN n0="%E3%83%B4%E3%83%A0%EF%BC%99%E3%81%A6" n1="%E5%B8%86%E7%AB%8B%E5%A4%8F%E8%A1%A3" n2="%E3%81%95%E3%81%8D%E3%81%9F%E3%81%BE%E6%9E%97%E6%AA%8E" n3="%E3%81%8F%E3%81%BE%E3%81%96%E3%82%8F" dan="17,17,16,16" rate="2185.13,2144.31,2153.20,2010.83" sx="M,M,M,M"/><TAIKYOKU oya="0"/><INIT seed="0,0,0,4,5,12" ten="250,250,250,250" oya="0" hai0="1,102,112,108,15,58,110,64,6,82,129,11,13" hai1="73,91,61,49,84,103,79,68,107,97,117,2,41" hai2="18,28,122,51,113,72,77,10,78,39,81,62,3" hai3="100,9,127,50,40,67,131,19,52,48,69,121,32"/><T43/><D112/><U115/><E117/><V59/><F113/><W60/><G131/><T31/><D129/><U35/><E115/><V26/><F122/><W46/><G121/><T22/><D43/><U63/><E2/><V132/><F132/><W4/><G127/><T92/><D82/><U99/><E99/><V8/><F78/><W126/><G126/><T27/><D102/><U66/><E63/><V65/><F39/><W118/><G118/><T37/><D92/><U87/><E87/><V76/><F76/><W114/><G32/><N who="0" m="20607" /><D37/><U96/><E96/><V123/><F123/><W125/><G125/><T29/><D58/><U101/><E101/><V133/><F133/><W57/><G114/><T14/><D64/><U42/><E49/><V17/><F51/><W135/><G135/><T128/><D128/><U93/><REACH who="1" step="1"/><E35/><REACH who="1" ten="250,240,250,250" step="2"/><V44/><F3/><W53/><G100/><T20/><D29/><U88/><E88/><V109/><F72/><W30/><G30/><T74/><D74/><U16/><E16/><N who="2" m="6251" /><F28/><W47/><G19/><T75/><D75/><U111/><E111/><AGARI ba="0,1" hai="1,6,11,13,14,15,20,22,108,110,111" m="20607" machi="111" ten="30,11600,0" yaku="14,1,10,1,34,2" doraHai="12" who="0" fromWho="1" sc="250,126,240,-116,250,0,250,0" /><INIT seed="0,1,0,0,5,56" ten="376,124,250,250" oya="0" hai0="74,127,93,121,30,63,46,112,21,108,52,44,37" hai1="9,28,0,54,13,5,123,51,76,23,18,41,94" hai2="114,45,80,119,83,107,6,10,89,12,25,8,19" hai3="33,55,39,86,88,32,71,72,104,111,24,29,2"/><T131/><D112/><U105/><E105/><V128/><F114/><W68/><G72/><T1/><D121/><U122/><E76/><V15/><F128/><W64/><G111/><T49/><D1/><U59/><E41/><V103/><F119/><W115/><G115/><T96/><D74/><U101/><E101/><V7/><F107/><W47/><G104/><T27/><D131/><U85/><REACH who="1" step="1"/><E28/><REACH who="1" ten="376,114,250,250" step="2"/><V36/><F103/><W73/><G73/><T98/><D30/><U99/><E99/><V117/><F117/><W20/><G32/><T95/><D96/><U17/><E17/><V110/><F110/><W134/><G33/><T69/><D98/><U14/><E14/><V100/><F100/><W79/><G79/><T4/><D108/><U97/><E97/><V38/><F89/><AGARI ba="1,1" hai="0,5,9,13,18,23,51,54,59,85,89,94,122,123" machi="89" ten="40,5200,0" yaku="1,1,25,2,53,0" doraHai="56" doraHaiUra="43" who="1" fromWho="2" sc="376,0,114,65,250,-55,250,0" /><INIT seed="1,0,0,2,3,68" ten="376,179,195,250" oya="1" hai0="111,53,106,35,82,90,54,89,33,21,70,13,132" hai1="78,22,9,130,4,0,63,84,30,96,58,28,46" hai2="47,67,98,69,37,1,72,42,135,19,12,133,100" hai3="122,91,61,79,32,38,39,64,17,104,36,52,127"/><U25/><E130/><V134/><F1/><W101/><G32/><T108/><D70/><U115/><E115/><V41/><F41/><W14/><G122/><T44/><D106/><U5/><E5/><V102/><F72/><W110/><G79/><T55/><D132/><U6/><E6/><V103/><F67/><W50/><G104/><T116/><D116/><U15/><E46/><V74/><F74/><W124/><G101/><T23/><D44/><U112/><E112/><V31/><F31/><W126/><G91/><T49/><D49/><U24/><E96/><V62/><F62/><W120/><G120/><T105/><D55/><U109/><E109/><V117/><F69/><N who="3" m="42127" /><G110/><T83/><D105/><U8/><E8/><N who="2" m="6535" /><F117/><W76/><G76/><T20/><D20/><U125/><E125/><V128/><F128/><W77/><G77/><T27/><D13/><U3/><E78/><V118/><F118/><W11/><G39/><T16/><D16/><U121/><E84/><V131/><F131/><W10/><G11/><T51/><D51/><U94/><E94/><AGARI ba="0,0" hai="37,42,47,94,98,100,102,103,133,134,135" m="6535" machi="94" ten="30,2000,0" yaku="20,1,52,1" doraHai="68" who="2" fromWho="1" sc="376,0,179,-20,195,20,250,0" /><INIT seed="2,0,0,2,3,82" ten="376,159,215,250" oya="2" hai0="1,18,97,80,23,134,0,117,104,100,29,17,121" hai1="27,8,14,115,108,126,86,42,118,2,41,7,93" hai2="24,45,32,50,109,125,99,59,128,71,81,107,15" hai3="10,68,13,113,89,53,31,62,70,22,36,110,85"/><V88/><F125/><W40/><G110/><T60/><D121/><U66/><E126/><V83/><F71/><W131/><G131/><T119/><D134/><U103/><E115/><V44/><F107/><W34/><G34/><T101/><D101/><U19/><E108/><V102/><F109/><W11/><G113/><T43/><D43/><U73/><E73/><V33/><F33/><W76/><G76/><T95/><D104/><U30/><E118/><N who="0" m="45065" /><D60/><U49/><E66/><V38/><F38/><W65/><G40/><T87/><D29/><U120/><E120/><V111/><F128/><W98/><G36/><T114/><D114/><U46/><E42/><V21/><F102/><W9/><G98/><T16/><D23/><U4/><E2/><V90/><F99/><W96/><G96/><T77/><AGARI ba="0,0" hai="0,1,16,17,18,77,80,87,95,97,100" m="45065" machi="77" ten="30,4000,0" yaku="12,1,52,1,54,1" doraHai="82" who="0" fromWho="0" sc="376,40,159,-10,215,-20,250,-10" /><INIT seed="3,0,0,1,1,33" ten="416,149,195,240" oya="3" hai0="58,36,119,57,9,64,110,84,22,115,123,88,15" hai1="21,48,99,52,45,95,67,27,108,0,104,105,55" hai2="44,13,120,32,77,70,14,129,87,56,12,118,100" hai3="101,114,93,28,107,19,25,37,86,79,117,60,83"/><W29/><G117/><T75/><D119/><U10/><E108/><V122/><F118/><W109/><G37/><T124/><D75/><U81/><E67/><V111/><F111/><W65/><G107/><T125/><D36/><U40/><E81/><N who="2" m="47535" /><F129/><W16/><G114/><T17/><D123/><N who="2" m="47146" /><F70/><W68/><G109/><T66/><D110/><U35/><E35/><V97/><F32/><W3/><G3/><T41/><D41/><U80/><E80/><V4/><F56/><N who="0" m="21610" /><D22/><U38/><E38/><V39/><F39/><W90/><G101/><T121/><D115/><U18/><E105/><N who="2" m="63631" /><F44/><W8/><G29/><T61/><D61/><U53/><E104/><V106/><F106/><W72/><G8/><AGARI ba="0,0" hai="4,8,12,13,14" m="63631,47146,47535" machi="8" ten="30,1000,0" yaku="13,1" doraHai="33" who="2" fromWho="3" sc="416,0,149,0,195,10,240,-10" owari="416,51.6,149,-35.1,205,-19.5,230,3.0" /></mjloggm>