<mjloggm ver="2.3"><GO type="225" lobby="0"/><UN n0="%E3%81%82%E3%82%93%E3%81%AA%E3%81%A4" n1="%E3%83%92%E3%82%B3" n2="%E3%82%BC%E3%83%AB%E3%83%80%E3%81%AE%E4%BC%9D%E8%AA%AC" n3="%4C%4F%4C%49%54%41" dan="16,16,16,16" rate="2121.10,2141.53,2108.05,2187.51" sx="M,M,M,F"/><TAIKYOKU oya="0"/><INIT seed="0,0,0,5,3,67" ten="250,250,250,250" oya="0" hai0="61,10,87,20,104,98,37,59,110,35,38,95,85" hai1="119,34,23,44,91,109,121,45,83,52,103,28,82" hai2="60,106,43,14,66,76,27,97,128,72,57,114,107" hai3="120,111,90,75,132,124,11,18,56,79,32,115,130"/><T117/><D117/><U62/><E119/><V53/><F114/><W112/><G75/><T102/><D35/><U113/><E121/><V6/><F128/><W49/><G79/><T2/><D110/><U15/><E109/><V12/><F43/><W19/><G111/><T65/><D104/><U5/><E113/><V17/><F72/><W48/><G32/><T118/><D118/><U33/><E103/><V31/><F76/><W126/><G120/><T129/><D129/><U21/><E34/><V25/><F6/><W92/><G130/><T51/><D51/><N who="3" m="19529" /><G56/><T13/><D2/><U0/><E0/><V125/><F125/><N who="3" m="48235" /><G132/><T29/><D37/><U123/><E123/><V108/><F108/><W4/><G115/><T41/><D41/><U46/><E33/><V88/><F66/><W116/><G116/><T94/><D38/><U71/><E28/><V24/><F31/><W127/><N who="3" m="48243" /><W50/><N who="3" m="19537" /><DORA hai="100" /><W122/><DORA hai="69" /><G122/><T22/><D29/><U8/><E45/><V1/><F1/><N who="3" m="399" /><G112/><T78/><D78/><U39/><E46/><V89/><F14/><W81/><G81/><T133/><D133/><U96/><E83/><V77/><F77/><W7/><G7/><N who="0" m="3295" /><D95/><U99/><E82/><V26/><N who="2" m="6144" /><DORA hai="73" /><V86/><F12/><W30/><G30/><T135/><D135/><U101/><E15/><V68/><F57/><W105/><G105/><T36/><D36/><U42/><E39/><V74/><F106/><W70/><G70/><T16/><D20/><U64/><E71/><V84/><F68/><W93/><G93/><T131/><D131/><RYUUKYOKU ba="0,0" sc="250,15,250,-15,250,-15,250,15" hai0="16,22,59,61,65,85,87,94,98,102" hai3="18,19,90,92" /><INIT seed="0,1,0,0,2,96" ten="265,235,235,265" oya="0" hai0="8,23,108,40,12,1,114,27,131,134,70,46,135" hai1="104,52,32,59,82,7,86,119,43,112,110,41,48" hai2="56,61,109,57,92,66,39,0,11,30,58,24,91" hai3="4,93,49,64,72,123,106,105,9,67,90,129,19"/><T84/><D114/><U80/><E119/><V10/><F39/><W116/><G116/><T50/><D70/><U65/><E110/><V77/><F109/><W124/><G72/><T75/><D75/><U22/><E32/><V85/><F77/><W81/><G81/><T51/><D108/><U47/><E104/><V18/><F0/><W2/><G124/><T69/><D1/><U107/><E107/><V25/><F25/><W63/><G129/><T73/><D73/><U53/><E112/><V89/><F89/><W6/><G123/><T37/><D69/><U103/><E7/><V14/><REACH who="2" step="1"/><F10/><REACH who="2" ten="265,235,225,265" step="2"/><W38/><G38/><T122/><D37/><U132/><E132/><V101/><F101/><W42/><G9/><T120/><D134/><U130/><E103/><V17/><F17/><W28/><G19/><T87/><D135/><U45/><E130/><V113/><F113/><W26/><G26/><T35/><D131/><U29/><E22/><AGARI ba="1,1" hai="11,14,18,22,24,30,56,57,58,61,66,85,91,92" machi="22" ten="30,3900,0" yaku="1,1,7,1,8,1,53,0" doraHai="96" doraHaiUra="111" who="2" fromWho="1" sc="265,0,235,-42,225,52,265,0" /><INIT seed="1,0,0,0,4,88" ten="265,193,277,265" oya="1" hai0="43,132,5,44,3,55,119,38,74,112,118,127,81" hai1="94,1,15,53,51,64,95,113,16,79,70,52,10" hai2="12,39,93,36,99,35,11,49,71,91,101,45,109" hai3="131,121,111,30,33,89,32,125,77,76,97,29,124"/><U86/><E113/><V96/><F109/><W85/><G121/><T41/><D112/><U110/><E1/><V47/><F71/><W72/><G111/><T129/><D132/><U34/><E110/><V2/><F35/><N who="3" m="13387" /><G131/><T102/><D129/><U98/><E34/><V14/><F2/><W134/><G97/><T92/><D43/><U42/><E64/><V123/><F123/><W126/><G134/><T104/><D55/><N who="1" m="21067" /><E70/><V24/><F24/><W107/><G107/><T62/><D127/><N who="3" m="32513" /><W40/><DORA hai="103" /><G40/><T117/><D104/><U21/><E21/><V54/><F47/><W25/><G72/><T27/><D74/><U128/><E128/><V105/><REACH who="2" step="1"/><F14/><REACH who="2" ten="265,193,267,265" step="2"/><W84/><G25/><T6/><D27/><U63/><E63/><V22/><F22/><W114/><G114/><T65/><D62/><U59/><E98/><V13/><F13/><W56/><G56/><T19/><D3/><U18/><E59/><V83/><F83/><N who="3" m="47207" /><G77/><T37/><D118/><U133/><E133/><V73/><F73/><W57/><G57/><T66/><D117/><U108/><E108/><V7/><AGARI ba="0,1" hai="7,11,12,36,39,45,49,54,91,93,96,99,101,105" machi="7" ten="20,8000,1" yaku="1,1,0,1,7,1,52,2,53,0" doraHai="88,103" doraHaiUra="115,67" who="2" fromWho="2" sc="265,-20,193,-40,267,90,265,-20" /><INIT seed="2,0,0,2,4,39" ten="245,153,357,245" oya="2" hai0="16,74,101,63,95,44,69,32,7,17,122,2,4" hai1="41,3,67,89,29,38,113,49,13,121,84,50,83" hai2="96,73,90,98,15,75,65,33,27,80,134,92,72" hai3="119,85,100,40,24,8,20,1,116,133,112,31,109"/><V64/><F134/><W114/><G100/><T82/><D122/><U127/><E113/><N who="3" m="43626" /><G85/><T104/><D32/><U54/><E3/><V103/><F15/><W129/><G109/><T76/><D104/><U128/><E127/><V130/><F130/><W93/><G93/><T70/><D2/><U45/><E128/><V26/><F80/><W97/><G97/><T9/><D69/><U124/><E124/><V68/><F68/><W62/><G62/><T56/><D70/><U55/><E121/><V22/><F33/><W51/><G129/><T107/><D107/><U132/><E67/><V43/><F98/><W81/><G81/><T42/><D95/><U37/><E132/><V57/><F90/><W5/><G133/><T18/><D9/><U66/><E66/><V135/><F75/><W35/><G20/><T87/><D101/><U59/><E29/><V91/><F103/><W61/><G61/><T105/><D74/><U0/><E0/><V94/><F94/><W34/><G34/><T23/><D23/><U30/><E30/><V25/><F22/><W47/><AGARI ba="0,0" hai="1,5,8,24,31,35,40,47,51,116,119" m="43626" machi="47" ten="30,2000,0" yaku="11,1,52,1" doraHai="39" who="3" fromWho="3" sc="245,-5,153,-5,357,-10,245,20" /><INIT seed="3,0,0,4,1,23" ten="240,148,347,265" oya="3" hai0="91,81,122,28,78,44,135,95,61,67,20,90,9" hai1="5,39,47,85,8,15,79,72,30,13,7,130,69" hai2="113,53,29,10,100,57,32,63,2,21,114,94,68" hai3="11,24,35,31,19,111,73,105,49,92,101,112,132"/><W99/><G112/><T121/><D135/><U52/><E69/><V115/><F32/><W45/><G132/><T6/><D44/><U66/><E66/><V97/><F68/><W119/><G73/><T64/><D64/><U104/><E104/><V107/><F107/><W110/><G119/><T48/><D48/><U3/><E130/><V70/><F70/><W1/><G92/><T134/><D134/><U131/><E131/><V38/><F38/><W65/><G65/><T83/><D28/><U120/><E120/><V55/><F55/><W87/><G87/><T42/><D42/><U96/><E96/><V80/><F80/><W41/><G19/><T43/><D43/><U106/><E106/><V109/><F109/><N who="3" m="41483" /><G11/><T34/><D9/><U51/><E39/><V124/><F124/><W116/><G116/><T17/><D17/><U128/><E128/><V59/><F59/><W126/><G1/><T62/><D95/><U46/><E72/><V133/><F133/><W14/><G14/><T93/><D93/><U26/><E47/><V129/><F129/><W84/><G84/><T0/><D0/><U33/><REACH who="1" step="1"/><E7/><REACH who="1" ten="240,138,347,265" step="2"/><V60/><F113/><W40/><G126/><T12/><D6/><U22/><E22/><V75/><F75/><W117/><G117/><T54/><D20/><U123/><E123/><V25/><F114/><W56/><G45/><T86/><D121/><U71/><E71/><V82/><F115/><W118/><G118/><T36/><D122/><U103/><E103/><V74/><F74/><W108/><N who="3" m="41491" /><W16/><DORA hai="102" /><G105/><T89/><D36/><RYUUKYOKU ba="0,1" sc="240,-10,138,30,347,-10,265,-10" hai1="3,5,8,13,15,26,30,33,46,51,52,79,85" owari="230,-17.0,168,-33.2,347,44.7,255,5.5" /></mjloggm>