<mjloggm ver="2.3"><GO type="225" lobby="0"/><UN n0="%E5%B0%8F%E9%B3%A5%E9%81%8A%E7%B7%B4%E7%84%A1%32%31%E6%AD%B3" n1="%6D%75%75%6D%75%72%61" n2="%E3%82%BF%E3%83%BC%E3%83%90%E3%83%B3%E9%87%8E%E5%8F%A3" n3="%E3%81%A8%E3%82%93%E3%81%A8%E3%81%93%E3%81%A8%E3%82%93" dan="16,17,16,16" rate="2147.09,2177.20,2094.16,2106.32" sx="F,F,M,M"/><TAIKYOKU oya="0"/><INIT seed="0,0,0,2,4,6" ten="250,250,250,250" oya="0" hai0="81,98,84,55,40,104,112,12,101,49,57,8,15" hai1="77,127,16,21,20,121,135,122,51,23,26,31,39" hai2="29,67,133,18,1,131,73,95,37,41,74,64,2" hai3="90,91,99,80,79,17,69,65,61,85,124,130,88"/><T58/><D112/><U9/><E39/><V48/><F48/><W97/><G130/><T108/><D108/><U134/><E77/><V24/><F95/><W38/><G124/><T96/><D40/><U111/><E111/><V72/><F18/><W119/><G119/><T86/><D96/><U5/><E51/><V117/><F131/><W110/><G110/><T93/><D104/><U50/><E50/><V7/><F133/><N who="1" m="50697" /><E127/><V126/><F126/><W78/><G38/><T27/><D27/><N who="1" m="14727" /><E23/><V0/><F117/><W76/><REACH who="3" step="1"/><G17/><REACH who="3" ten="250,250,250,240" step="2"/><N who="0" m="8327" /><D15/><AGARI ba="0,1" hai="5,9,15,21,26,31,121,122" m="14727,50697" machi="15" ten="30,8000,1" yaku="20,1,34,2,52,1,54,1" doraHai="6" who="1" fromWho="0" sc="250,-80,250,90,250,0,240,0" /><INIT seed="1,0,0,3,3,108" ten="170,340,250,240" oya="1" hai0="36,122,33,21,105,130,17,88,82,71,32,132,72" hai1="133,113,75,92,135,30,134,49,90,69,59,79,39" hai2="96,45,66,16,52,46,106,68,42,65,63,81,6" hai3="98,121,86,116,87,77,8,85,54,43,119,31,13"/><U62/><E39/><V128/><F128/><W2/><G121/><T35/><D130/><U97/><E69/><V83/><F6/><W50/><G2/><T101/><D132/><U70/><E70/><V107/><F66/><W34/><G43/><T61/><D36/><U89/><E30/><V91/><F106/><W47/><G77/><T48/><D48/><U60/><E90/><V37/><F107/><W118/><G98/><T123/><D72/><U5/><E5/><V53/><F83/><W55/><G55/><T41/><D41/><U9/><E9/><V103/><F46/><W22/><G34/><T127/><D127/><U131/><E131/><V80/><F80/><W64/><G64/><T26/><D101/><U11/><E11/><V51/><F37/><W102/><G102/><T126/><D105/><U124/><E124/><V44/><F44/><W10/><G31/><T109/><D126/><U100/><E79/><V7/><F103/><W24/><REACH who="3" step="1"/><G13/><REACH who="3" ten="170,340,250,230" step="2"/><T94/><D122/><U120/><E100/><V18/><F42/><W57/><G57/><T14/><D123/><U20/><E120/><V110/><F53/><W99/><G99/><T56/><D71/><U104/><E59/><V115/><F96/><W0/><G0/><T111/><D14/><U29/><E97/><V76/><F68/><W67/><G67/><T40/><D40/><U114/><E104/><V15/><F65/><W117/><N who="3" m="29696" /><DORA hai="38" /><W74/><G74/><T23/><D109/><U19/><E133/><V125/><F110/><W1/><G1/><T3/><D111/><U27/><E134/><RYUUKYOKU ba="0,1" sc="170,-10,340,-10,250,-10,230,30" hai3="8,10,22,24,47,50,54,85,86,87" /><INIT seed="2,1,1,4,5,51" ten="160,330,240,260" oya="2" hai0="120,30,27,63,118,44,127,128,115,111,26,110,12" hai1="105,57,92,95,135,35,121,103,125,40,71,53,42" hai2="2,123,61,28,11,46,107,7,65,38,59,109,69" hai3="4,86,41,84,29,13,18,78,3,72,90,39,58"/><V10/><F123/><W130/><G130/><T67/><D120/><U122/><E71/><V124/><F107/><W0/><G29/><T23/><D115/><U43/><E105/><V85/><F124/><W129/><G129/><T66/><D128/><U36/><E36/><V126/><F126/><W56/><G72/><T81/><D127/><U15/><E125/><V132/><F132/><W119/><G4/><T31/><D118/><U20/><E35/><V93/><F109/><W52/><G78/><T133/><D133/><U112/><E135/><V98/><F28/><W50/><G119/><T79/><D12/><U108/><E112/><V76/><F11/><W83/><G58/><T116/><D116/><U104/><E108/><N who="0" m="41513" /><D44/><U134/><E104/><V102/><F46/><W96/><G96/><T62/><D66/><U49/><E134/><V73/><F73/><W117/><G117/><T70/><D63/><U74/><E74/><V100/><F38/><W14/><G14/><T54/><D27/><U77/><E77/><V80/><REACH who="2" step="1"/><F69/><REACH who="2" ten="160,330,230,260" step="2"/><W91/><G39/><T75/><D31/><U82/><E121/><V131/><F131/><W114/><G114/><T6/><D6/><U88/><E122/><V48/><F48/><W106/><G106/><T9/><D9/><U5/><E5/><V22/><F22/><N who="3" m="11599" /><G41/><T37/><D37/><U17/><E103/><AGARI ba="1,2" hai="2,7,10,59,61,65,76,80,85,93,98,100,102,103" machi="103" ten="30,2900,0" yaku="1,1,7,1,53,0" doraHai="51" doraHaiUra="25" who="2" fromWho="1" sc="160,0,330,-32,230,52,260,0" /><INIT seed="2,2,0,5,1,18" ten="160,298,282,260" oya="2" hai0="93,11,51,58,129,80,89,87,88,38,135,34,95" hai1="110,60,37,113,3,90,63,74,72,47,21,5,86" hai2="48,1,75,73,134,49,31,96,41,42,36,118,112" hai3="52,19,2,14,66,20,4,29,50,54,116,30,70"/><V71/><F118/><W120/><G120/><T81/><D38/><U32/><E113/><V115/><F1/><W12/><G2/><T104/><D104/><U13/><E32/><V53/><F71/><W46/><G116/><T76/><D34/><U23/><E3/><V16/><F36/><W83/><G70/><T45/><D135/><U131/><E110/><V26/><F96/><W59/><G66/><T103/><D129/><U122/><E131/><V57/><F134/><W7/><G83/><T121/><D121/><U114/><E114/><V105/><F105/><W28/><G12/><T99/><D58/><U82/><E122/><V15/><F112/><W101/><G101/><T62/><D62/><AGARI ba="2,0" hai="4,7,14,19,20,28,29,30,46,50,52,54,59,62" machi="62" ten="40,5200,0" yaku="8,1,52,1,54,1" doraHai="18" who="3" fromWho="0" sc="160,-58,298,0,282,0,260,58" /><INIT seed="3,0,0,5,2,40" ten="102,298,282,318" oya="3" hai0="69,110,73,128,56,109,14,132,48,81,121,3,79" hai1="124,58,107,116,93,29,85,105,78,57,113,61,117" hai2="11,64,7,86,8,35,89,99,60,46,42,6,59" hai3="47,96,44,106,70,87,123,21,28,68,72,15,112"/><W111/><G72/><T41/><D56/><U119/><E113/><V90/><F35/><W95/><G123/><T43/><D48/><U120/><E120/><V26/><F26/><W76/><G106/><T127/><D14/><U82/><E124/><V130/><F130/><W45/><G112/><T98/><D98/><U2/><E2/><V31/><F31/><W97/><G111/><T33/><D43/><U16/><E29/><V36/><F99/><W71/><G95/><T114/><D41/><U23/><E93/><V25/><F25/><W19/><REACH who="3" step="1"/><G28/><REACH who="3" ten="102,298,282,308" step="2"/><T77/><D81/><AGARI ba="0,1" hai="15,19,21,44,45,47,68,70,71,76,81,87,96,97" machi="81" ten="50,18000,2" yaku="1,1,2,1,52,3,53,2" doraHai="40" doraHaiUra="92" who="3" fromWho="0" sc="102,-180,298,0,282,0,308,190" owari="-78,-57.8,298,9.8,282,-11.8,498,59.8" /></mjloggm>