<mjloggm ver="2.3"><GO type="225" lobby="0"/><UN n0="%6D%75%75%6D%75%72%61" n1="%37%2F%32%E3%81%AB%E7%94%9F%E3%81%BE%E3%82%8C%E3%81%A6" n2="%E6%80%AA%E3%81%97%E3%81%99%E3%81%8E%E3%82%8B%E3%83%81%E3%83%BC" n3="%33%74%72%65%65" dan="16,17,16,16" rate="2170.01,2178.55,2104.99,2090.49" sx="F,M,M,F"/><TAIKYOKU oya="0"/><INIT seed="0,0,0,5,5,8" ten="250,250,250,250" oya="0" hai0="98,19,123,72,116,61,91,128,36,57,83,94,48" hai1="50,53,115,0,5,82,39,79,25,124,86,129,11" hai2="62,120,80,7,117,90,102,30,33,45,1,71,89" hai3="58,22,54,113,46,32,24,59,18,131,109,65,87"/><T44/><D116/><U84/><E39/><V41/><F117/><W56/><G113/><T49/><D123/><U100/><E115/><V81/><F120/><W47/><G109/><T17/><D128/><U21/><E129/><V66/><F102/><W6/><G131/><T55/><D36/><U99/><E124/><V118/><F7/><W43/><G32/><T27/><D27/><U95/><E84/><V103/><F1/><W13/><G65/><T42/><REACH who="0" step="1"/><D49/><REACH who="0" ten="240,250,250,250" step="2"/><U104/><E50/><V23/><F118/><W111/><G111/><T35/><D35/><U67/><E25/><V37/><F33/><W15/><G6/><T38/><D38/><U122/><E5/><V2/><F37/><W112/><G112/><T97/><D97/><U68/><E99/><V96/><F96/><W76/><G43/><T12/><D12/><N who="3" m="4681" /><G54/><T119/><D119/><U70/><E53/><V31/><F41/><W88/><G76/><AGARI ba="0,1" hai="17,19,42,44,48,55,57,61,72,76,83,91,94,98" machi="76" ten="40,3900,0" yaku="1,1,53,1" doraHai="8" doraHaiUra="106" who="0" fromWho="3" sc="240,49,250,0,250,0,250,-39" /><INIT seed="0,1,0,3,3,117" ten="289,250,250,211" oya="0" hai0="118,129,90,38,135,121,84,34,30,74,64,92,105" hai1="128,14,61,113,55,66,95,28,133,18,48,125,37" hai2="50,5,99,119,39,115,40,56,104,54,0,22,107" hai3="112,19,87,91,44,16,15,98,100,59,69,67,46"/><T111/><RYUUKYOKU type="yao9" ba="1,0" sc="289,0,250,0,250,0,211,0" hai0="30,34,38,64,74,84,90,92,105,111,118,121,129,135" /><INIT seed="0,2,0,0,3,58" ten="289,250,250,211" oya="0" hai0="118,102,6,68,90,25,65,12,45,126,112,73,88" hai1="53,76,124,103,29,43,77,52,18,119,70,2,83" hai2="4,101,35,131,91,130,11,17,97,132,48,127,114" hai3="120,61,122,100,37,98,51,62,3,59,41,1,106"/><T79/><D112/><U9/><E119/><V82/><F114/><W20/><G37/><T0/><D118/><U30/><E124/><V66/><F127/><W109/><G109/><T23/><D126/><U14/><E2/><N who="3" m="522" /><G20/><T42/><D102/><U129/><E129/><N who="2" m="49163" /><F35/><W116/><G116/><T71/><D12/><U54/><E70/><V5/><F132/><W15/><G15/><T39/><D23/><U113/><E113/><V135/><F135/><W74/><G74/><T33/><D33/><U89/><E43/><V32/><F66/><W78/><G78/><N who="1" m="30314" /><E103/><V57/><F32/><W44/><G59/><T31/><D71/><U80/><E89/><V115/><F115/><W46/><G44/><T64/><D25/><U7/><E7/><V28/><F28/><AGARI ba="2,0" hai="9,14,18,28,29,30,52,53,54,80,83" m="30314" machi="28" ten="30,2000,0" yaku="8,1,54,1" doraHai="58" who="1" fromWho="2" sc="289,0,250,26,250,-26,211,0" /><INIT seed="1,0,0,4,0,113" ten="289,276,224,211" oya="1" hai0="43,118,106,59,126,134,133,92,38,29,91,24,57" hai1="108,80,117,79,26,18,51,21,39,12,130,28,73" hai2="87,123,109,37,17,33,6,76,60,7,56,131,9" hai3="54,129,93,3,65,22,14,49,132,19,8,78,88"/><U20/><E117/><V55/><F123/><W97/><G132/><N who="0" m="50795" /><D106/><U30/><E39/><V95/><F33/><W64/><G129/><T104/><D104/><U77/><E130/><V16/><F37/><W68/><G68/><T15/><D126/><U96/><E108/><V25/><F109/><W81/><G3/><T23/><D118/><U90/><E79/><V1/><F131/><W44/><REACH who="3" step="1"/><G8/><REACH who="3" ten="289,276,224,201" step="2"/><T71/><D71/><U46/><E30/><V114/><F114/><W84/><AGARI ba="0,1" hai="14,19,22,44,49,54,64,65,78,81,84,88,93,97" machi="84" ten="20,12000,2" yaku="1,1,2,1,0,1,7,1,8,1,54,1,53,0" doraHai="113" doraHaiUra="98" who="3" fromWho="3" sc="289,-30,276,-60,224,-30,201,130" /><INIT seed="2,0,0,0,2,70" ten="259,216,194,331" oya="2" hai0="78,56,43,25,51,120,130,109,20,110,46,108,89" hai1="61,5,8,72,26,88,19,9,63,33,97,107,18" hai2="15,22,67,34,86,69,95,132,57,60,29,28,49" hai3="59,93,111,35,106,103,90,98,91,125,65,74,30"/><V50/><F132/><W126/><G74/><T135/><D120/><U24/><E72/><V58/><F34/><W85/><G111/><T32/><D135/><U82/><E107/><V112/><F112/><W131/><G131/><T23/><D130/><U11/><E5/><V14/><F69/><W41/><G41/><T114/><D114/><U62/><E33/><V83/><F95/><W92/><G30/><N who="2" m="11881" /><F22/><W53/><G65/><T10/><D32/><U73/><E73/><V16/><F57/><W79/><G79/><T7/><D78/><U45/><E45/><V48/><F16/><N who="1" m="6185" /><E97/><V117/><F117/><W54/><G35/><T84/><D56/><U113/><E113/><V99/><F99/><N who="3" m="57751" /><G59/><T119/><D25/><N who="1" m="9835" /><E82/><V40/><F40/><W3/><G3/><N who="0" m="383" /><D119/><U100/><E88/><AGARI ba="0,0" hai="14,15,48,49,50,58,60,67,83,86,88" m="11881" machi="88" ten="30,2900,0" yaku="8,1,54,1" doraHai="70" who="2" fromWho="1" sc="259,0,216,-29,194,29,331,0" /><INIT seed="2,1,0,3,0,2" ten="259,187,223,331" oya="2" hai0="38,92,129,42,76,116,115,100,58,122,87,102,61" hai1="3,46,82,71,99,130,15,96,93,81,104,13,36" hai2="18,39,89,12,75,119,6,22,33,135,73,131,47" hai3="125,32,27,94,49,53,17,57,114,11,133,48,101"/><V44/><F119/><W20/><G133/><T8/><D115/><U19/><E3/><V95/><F33/><W117/><G117/><T0/><D122/><U51/><E36/><V52/><F135/><W120/><G120/><T24/><D116/><U14/><E71/><V21/><F131/><W79/><G114/><T5/><D129/><U54/><E130/><V26/><F39/><W50/><G125/><T34/><D38/><U127/><E127/><V31/><F6/><W66/><G66/><T90/><D42/><U60/><E104/><V88/><F89/><W103/><G32/><T30/><REACH who="0" step="1"/><D76/><REACH who="0" ten="249,187,223,331" step="2"/><U64/><E19/><V105/><F105/><W9/><G79/><T56/><D56/><U108/><E108/><V1/><F44/><W28/><G17/><T118/><D118/><U121/><E121/><V43/><F43/><W40/><G40/><T25/><D25/><U23/><E23/><V70/><F70/><W97/><REACH who="3" step="1"/><G103/><REACH who="3" ten="249,187,223,321" step="2"/><T126/><D126/><U63/><E64/><AGARI ba="1,2" hai="0,5,8,24,30,34,58,61,64,87,90,92,100,102" machi="64" ten="30,7700,0" yaku="1,1,7,1,52,1,53,1" doraHai="2" doraHaiUra="55" who="0" fromWho="1" sc="249,100,187,-80,223,0,321,0" /><INIT seed="3,0,0,2,4,8" ten="349,107,223,321" oya="3" hai0="129,21,34,112,1,31,68,23,74,87,128,86,107" hai1="32,62,131,101,117,66,15,16,53,18,57,60,0" hai2="93,51,76,45,111,92,40,20,47,88,82,35,9" hai3="71,126,135,103,50,100,116,73,25,91,48,36,65"/><W94/><G116/><T39/><D74/><U28/><E131/><N who="0" m="50249" /><D107/><U75/><E117/><V33/><F111/><W38/><G73/><T133/><D133/><U49/><E75/><V30/><F9/><W120/><G120/><T44/><D68/><U42/><E0/><V123/><F123/><W99/><G135/><T85/><D1/><U12/><E101/><N who="3" m="38986" /><G71/><T97/><D97/><U134/><E134/><V132/><F132/><W102/><G38/><T19/><D112/><U105/><E105/><V83/><F45/><W7/><G36/><T64/><D64/><U130/><E130/><V89/><F35/><W26/><G126/><T125/><D19/><U29/><E32/><V22/><F76/><W37/><G37/><T108/><D108/><U84/><E84/><N who="2" m="52231" /><F33/><W80/><G65/><T61/><D125/><U110/><E110/><V77/><F77/><W43/><G7/><T54/><D39/><U4/><E4/><V95/><F95/><W127/><G127/><T67/><D34/><U69/><E42/><V119/><F119/><W70/><G70/><N who="0" m="42351" /><D31/><U121/><E121/><V79/><F30/><W115/><G115/><T10/><D10/><U72/><E72/><V124/><F124/><W2/><G2/><T81/><D81/><N who="2" m="30730" /><F79/><W63/><G80/><T98/><D98/><AGARI ba="0,0" hai="20,22,40,47,51,89,93,98" m="30730,52231" machi="98" ten="30,2000,0" yaku="8,1,54,1" doraHai="8" who="2" fromWho="0" sc="349,-20,107,0,223,20,321,0" owari="329,42.9,107,-39.3,243,-15.7,321,12.1" /></mjloggm>