<mjloggm ver="2.3"><GO type="225" lobby="0"/><UN n0="%6D%75%75%6D%75%72%61" n1="%4B%2E%32%2E%4B%2E" n2="%E9%89%A2%E5%B7%BB%E3%82%AC%E3%83%96" n3="%E9%A2%A8%E3%81%A7%E9%B3%B4%E3%81%8F" dan="16,16,16,16" rate="2205.69,2087.33,2043.81,2151.35" sx="F,M,M,M"/><TAIKYOKU oya="0"/><INIT seed="0,0,0,1,3,119" ten="250,250,250,250" oya="0" hai0="70,78,128,29,37,19,135,102,83,69,16,85,110" hai1="88,62,57,17,82,28,108,101,51,80,4,61,96" hai2="59,129,46,0,120,65,13,10,109,117,5,50,94" hai3="106,89,92,47,31,87,25,22,58,32,114,105,60"/><T12/><D128/><U107/><E108/><V21/><F109/><W116/><G116/><T77/><D110/><U74/><E4/><V73/><F129/><W52/><G114/><T112/><D112/><U55/><E28/><V127/><F127/><W11/><G32/><T84/><D135/><U68/><E74/><V121/><F73/><W71/><G71/><T75/><D37/><U27/><E80/><V24/><F0/><W72/><G72/><T53/><D29/><U33/><E17/><V3/><F3/><W56/><G47/><T30/><D30/><N who="1" m="19679" /><E51/><V126/><F126/><W130/><G130/><T66/><D102/><U64/><E82/><V34/><F34/><W15/><REACH who="3" step="1"/><G56/><REACH who="3" ten="250,250,250,240" step="2"/><T90/><D75/><U79/><E68/><V97/><F117/><W8/><G8/><T95/><D69/><U43/><E57/><V1/><F59/><W45/><G45/><T49/><D70/><U104/><E43/><V6/><F10/><W39/><G39/><T123/><D66/><U118/><E64/><V67/><F65/><W131/><G131/><T44/><D123/><U2/><E118/><V99/><F67/><W40/><G40/><T115/><D115/><U124/><E124/><V63/><F46/><W100/><G100/><T81/><D12/><U132/><E2/><V122/><F13/><W113/><G113/><T36/><D36/><U26/><E132/><V125/><F1/><W18/><AGARI ba="0,1" hai="11,15,18,22,25,31,52,58,60,87,89,92,105,106" machi="18" ten="20,5200,0" yaku="1,1,0,1,7,1,54,1,53,0" doraHai="119" doraHaiUra="93" who="3" fromWho="3" sc="250,-26,250,-13,250,-13,240,62" /><INIT seed="1,0,0,0,0,104" ten="224,237,237,302" oya="1" hai0="21,79,43,0,61,117,53,63,98,42,119,9,38" hai1="50,76,133,32,46,89,77,7,93,126,101,90,19" hai2="118,71,87,115,81,2,27,35,128,99,85,24,52" hai3="67,31,106,122,5,3,94,110,60,20,16,91,88"/><U70/><E70/><V72/><F118/><W105/><G122/><T96/><D79/><N who="1" m="30283" /><E32/><V36/><F2/><W39/><G39/><T33/><D33/><U111/><E7/><V14/><F71/><W134/><G31/><T51/><D0/><U129/><E133/><V11/><F36/><W23/><G23/><T48/><D38/><U108/><E129/><V34/><F128/><W114/><G114/><T125/><D21/><U102/><E19/><V130/><F130/><W107/><G134/><T25/><D125/><U37/><E37/><V132/><F132/><W12/><G110/><N who="1" m="42026" /><E126/><V56/><F35/><W121/><G121/><T103/><D25/><U58/><E58/><V4/><F34/><W135/><G135/><T74/><D9/><U68/><E68/><V22/><F27/><W49/><G49/><T65/><D65/><U10/><E10/><V123/><F123/><W120/><G120/><T73/><REACH who="0" step="1"/><D103/><REACH who="0" ten="214,237,237,302" step="2"/><N who="1" m="39435" /><E93/><V80/><F24/><W59/><REACH who="3" step="1"/><G94/><REACH who="3" ten="214,237,237,292" step="2"/><T97/><D97/><U1/><E1/><V28/><F99/><W113/><G113/><T131/><D131/><U44/><E44/><V112/><F115/><W57/><G57/><T92/><D92/><U17/><E17/><V26/><F112/><W55/><G55/><AGARI ba="0,2" hai="42,43,48,51,53,55,61,63,73,74,96,98,117,119" machi="55" ten="25,8000,1" yaku="1,1,22,2,52,2,53,0" doraHai="104" doraHaiUra="30" who="0" fromWho="3" sc="214,100,237,0,237,0,292,-80" /><AGARI ba="0,0" hai="46,50,55,89,90" m="39435,42026,30283" machi="55" ten="30,2900,0" yaku="14,1,10,1" doraHai="104" who="1" fromWho="3" sc="314,0,237,29,237,0,212,-29" /><INIT seed="1,1,0,1,5,106" ten="314,266,237,183" oya="1" hai0="112,123,39,14,46,49,98,13,71,97,85,130,11" hai1="87,36,74,126,80,135,64,79,103,115,89,26,113" hai2="5,109,76,52,94,21,27,24,42,43,37,132,72" hai3="108,91,44,17,82,84,117,75,61,66,32,96,100"/><U81/><E36/><V22/><F5/><W15/><G108/><T121/><D112/><N who="1" m="43083" /><E64/><V68/><F68/><W125/><G125/><T16/><D39/><U12/><E12/><V28/><F109/><W58/><G32/><T119/><D119/><U0/><E26/><V134/><F94/><W1/><G1/><T20/><D71/><U63/><E63/><V111/><F111/><W65/><G117/><T93/><D130/><U101/><E0/><V83/><F37/><W95/><G44/><T131/><D131/><U29/><E29/><V50/><F134/><W69/><G69/><T41/><D85/><N who="1" m="50343" /><E126/><V116/><F132/><W9/><REACH who="3" step="1"/><G75/><REACH who="3" ten="314,266,237,173" step="2"/><T4/><REACH who="0" step="1"/><D97/><REACH who="0" ten="304,266,237,173" step="2"/><U30/><E135/><V23/><F116/><W120/><G120/><T88/><AGARI ba="1,2" hai="4,11,13,14,16,20,41,46,49,88,93,98,121,123" machi="88" ten="30,8000,1" yaku="1,1,2,1,0,1,54,2,53,0" doraHai="106" doraHaiUra="124" who="0" fromWho="0" sc="304,103,266,-41,237,-21,173,-21" /><INIT seed="2,0,0,5,1,88" ten="407,225,216,152" oya="2" hai0="85,10,107,93,95,92,27,103,72,49,5,111,62" hai1="46,18,35,118,50,100,32,21,94,80,30,109,83" hai2="120,17,121,125,117,51,128,19,22,81,42,89,70" hai3="76,104,23,79,2,71,56,29,31,0,122,98,129"/><V14/><F70/><W96/><G71/><T66/><D72/><U4/><E118/><V25/><F117/><W135/><G23/><T11/><D111/><U112/><E112/><V67/><F67/><W87/><G56/><N who="0" m="37191" /><D107/><U26/><E109/><V39/><F39/><W9/><G9/><N who="0" m="3083" /><D5/><U127/><E127/><V61/><F125/><W43/><G43/><T124/><D124/><U102/><E4/><V3/><F3/><W105/><G87/><T1/><D1/><U55/><E35/><V24/><F61/><W12/><G12/><T91/><D27/><U47/><E47/><N who="2" m="26103" /><F121/><W8/><G8/><T65/><D65/><U45/><E45/><V82/><F120/><W114/><G122/><T77/><D49/><U59/><E59/><V48/><F128/><W75/><G75/><T58/><D58/><U73/><E73/><V36/><F36/><W33/><G33/><T110/><D110/><U119/><E119/><V99/><F48/><W37/><G37/><T134/><D134/><U116/><E116/><V57/><F57/><W63/><G63/><T15/><D15/><U6/><E6/><V133/><F133/><W84/><G135/><T106/><D106/><U44/><E46/><V113/><F113/><W52/><G114/><T7/><D7/><U130/><E130/><V78/><F19/><W108/><G129/><T41/><D41/><U131/><E131/><V97/><F24/><W69/><G108/><T64/><D64/><U74/><E74/><N who="2" m="43223" /><F25/><W38/><G69/><T60/><D60/><U123/><E123/><V40/><F40/><W20/><G38/><RYUUKYOKU ba="0,0" sc="407,-10,225,-10,216,30,152,-10" hai2="14,17,22,82,89,97,99" /><INIT seed="2,1,0,5,2,118" ten="397,215,246,142" oya="2" hai0="38,58,68,112,11,55,67,30,122,7,4,132,16" hai1="8,6,102,20,71,73,135,129,40,1,130,29,14" hai2="116,98,39,9,23,89,106,110,131,46,19,59,92" hai3="41,123,61,74,97,114,127,93,26,81,34,75,107"/><V94/><F116/><W119/><G114/><T121/><D112/><U99/><E73/><V42/><F131/><N who="1" m="50185" /><E71/><V133/><F133/><W35/><G119/><T48/><D30/><U49/><E135/><V82/><F110/><W70/><G127/><T52/><D132/><U83/><E83/><V62/><F106/><W72/><G41/><T44/><D16/><N who="1" m="10263" /><E29/><V64/><F9/><W22/><G81/><T108/><D55/><U128/><E128/><V24/><F82/><W63/><G107/><T28/><D28/><U51/><E40/><V125/><REACH who="2" step="1"/><F94/><AGARI ba="1,0" hai="1,6,8,49,51,94,99,102" m="10263,50185" machi="94" ten="30,2000,0" yaku="19,1,54,1" doraHai="118" who="1" fromWho="2" sc="397,0,215,23,246,-23,142,0" /><INIT seed="3,0,0,2,0,19" ten="397,238,223,142" oya="3" hai0="55,21,110,74,135,122,43,29,61,58,117,112,14" hai1="76,83,118,95,129,51,106,82,62,47,78,1,79" hai2="121,101,128,103,8,25,10,96,66,75,80,86,32" hai3="59,104,65,68,22,63,64,119,23,35,102,12,72"/><W49/><G72/><T124/><D117/><U88/><E106/><V45/><F75/><W111/><G119/><T134/><D122/><U123/><E1/><V98/><F128/><W67/><G35/><T44/><D74/><U131/><E118/><V132/><F132/><W46/><G68/><T33/><D110/><U17/><E17/><V11/><F66/><N who="3" m="25707" /><G104/><T54/><D33/><U109/><E62/><V2/><F2/><W5/><G102/><N who="2" m="38921" /><F32/><W3/><G3/><T52/><D112/><U6/><E6/><V57/><F45/><W56/><G56/><T30/><D134/><U50/><E50/><V26/><F57/><W39/><G39/><T7/><D124/><U87/><E109/><V93/><F121/><W34/><G34/><T4/><D135/><U53/><E123/><V107/><F107/><W130/><G130/><AGARI ba="0,0" hai="47,51,53,76,78,79,82,83,87,88,95,129,130,131" machi="130" ten="40,2600,0" yaku="19,1,54,1" doraHai="19" who="1" fromWho="3" sc="397,0,238,26,223,0,142,-26" owari="397,49.7,264,6.4,223,-17.7,116,-38.4" /></mjloggm>