<mjloggm ver="2.3"><GO type="225" lobby="0"/><UN n0="%E6%B4%BE%E9%81%A3%E3%81%AE%E3%82%B8%E3%83%A3%E3%83%83%E3%82%AF" n1="%E6%81%A5%E6%99%92%E3%81%97" n2="%E3%81%8B%E3%82%8F%E3%81%A1%E3%82%83%E3%82%93%35%38" n3="%E6%9D%B1%E9%A2%A8%E3%81%AE%E3%81%8D%E3%82%83%E3%81%B7%E3%81%95%E3%82%93" dan="17,16,17,17" rate="2232.17,2143.77,2220.04,2200.79" sx="M,M,M,M"/><TAIKYOKU oya="0"/><INIT seed="0,0,0,2,0,120" ten="250,250,250,250" oya="0" hai0="72,123,90,89,3,99,119,129,19,109,40,113,106" hai1="121,17,130,13,32,15,30,66,45,84,51,49,46" hai2="25,47,74,97,126,110,115,117,10,21,12,133,2" hai3="107,131,24,118,23,41,60,134,96,1,44,77,34"/><T70/><RYUUKYOKU type="yao9" ba="0,0" sc="250,0,250,0,250,0,250,0" hai0="3,19,40,70,72,89,90,99,106,109,113,119,123,129" /><INIT seed="0,1,0,2,3,27" ten="250,250,250,250" oya="0" hai0="114,59,15,127,47,131,77,24,32,67,10,92,99" hai1="29,87,117,34,73,8,31,55,49,21,93,22,86" hai2="23,106,50,18,17,1,135,0,123,33,45,26,94" hai3="38,43,83,96,4,115,53,79,41,40,37,121,105"/><T76/><D114/><U70/><E117/><V44/><F106/><W102/><G121/><T63/><D127/><U56/><E73/><V124/><F123/><W88/><G115/><T12/><D131/><U129/><E129/><V85/><F124/><W52/><G4/><T132/><D132/><U100/><E70/><V13/><F135/><W35/><G35/><T95/><D47/><U107/><E107/><V54/><F45/><W3/><G3/><T39/><D39/><U68/><E68/><V111/><F111/><W128/><G128/><T69/><D69/><U16/><E34/><V46/><F46/><W104/><G104/><T19/><D15/><N who="1" m="7271" /><E100/><V120/><F120/><W20/><G20/><N who="1" m="7786" /><E93/><V125/><F125/><W98/><G79/><T11/><D11/><U7/><E7/><V66/><F18/><W71/><G71/><T5/><D92/><U58/><E56/><V82/><F94/><W60/><G60/><T130/><D130/><U80/><E87/><V28/><REACH who="2" step="1"/><F66/><REACH who="2" ten="250,250,240,250" step="2"/><W65/><G65/><T116/><D19/><U30/><E31/><V78/><AGARI ba="1,1" hai="0,1,13,17,23,26,28,33,44,50,54,78,82,85" machi="78" ten="20,8000,1" yaku="1,1,2,1,0,1,7,1,52,1,53,0" doraHai="27" doraHaiUra="119" who="2" fromWho="2" sc="250,-41,250,-21,240,93,250,-21" /><INIT seed="1,0,0,3,2,1" ten="209,229,333,229" oya="1" hai0="117,25,119,10,20,32,15,69,40,79,50,31,112" hai1="115,28,68,94,65,129,108,12,34,135,73,60,116" hai2="55,106,45,14,8,64,53,97,130,114,35,126,11" hai3="95,16,49,4,93,111,82,102,71,98,113,132,123"/><U105/><RYUUKYOKU type="yao9" ba="0,0" sc="209,0,229,0,333,0,229,0" hai1="12,28,34,60,65,68,73,94,105,108,115,116,129,135" /><INIT seed="1,1,0,3,0,123" ten="209,229,333,229" oya="1" hai0="53,120,83,96,19,124,51,94,85,41,88,48,64" hai1="4,113,44,95,117,16,78,90,18,135,3,12,22" hai2="59,29,43,5,66,61,101,87,91,111,6,72,75" hai3="132,109,27,37,38,127,70,108,7,102,50,79,24"/><U32/><E113/><V74/><F101/><W133/><G70/><T130/><D124/><U126/><E117/><V31/><F43/><W42/><G127/><T52/><D130/><U80/><E126/><V47/><F47/><N who="3" m="25975" /><G7/><T131/><D131/><U128/><E128/><V104/><F104/><W62/><G102/><T92/><D120/><U25/><E135/><N who="3" m="51786" /><G79/><N who="0" m="46335" /><D64/><U65/><E65/><V13/><F5/><W2/><G2/><T17/><D41/><U14/><E44/><V112/><F112/><W103/><G103/><N who="0" m="60807" /><D51/><U77/><E3/><V71/><F71/><W1/><G1/><T122/><D122/><U89/><E4/><V116/><F116/><W99/><G99/><N who="0" m="57799" /><D53/><U105/><E32/><V73/><F73/><W60/><G24/><T84/><D84/><N who="1" m="50311" /><E105/><V118/><F118/><W115/><G27/><T36/><D36/><N who="3" m="13929" /><G115/><T30/><D30/><U9/><E25/><V69/><F69/><W45/><G45/><AGARI ba="1,0" hai="17,19,45,48,52" m="57799,60807,46335" machi="45" ten="30,3900,0" yaku="8,1,54,2" doraHai="123" who="0" fromWho="3" sc="209,42,229,0,333,0,229,-42" /><INIT seed="2,0,0,3,3,133" ten="251,229,333,187" oya="2" hai0="17,122,80,130,22,69,61,33,104,9,103,78,42" hai1="120,7,15,107,135,116,65,125,0,132,14,49,129" hai2="114,84,4,97,6,82,1,113,47,70,134,127,81" hai3="51,74,124,75,100,94,131,59,16,121,67,63,28"/><V8/><F70/><W27/><G121/><T26/><D122/><U73/><E116/><V105/><F134/><N who="1" m="51241" /><E120/><V95/><F105/><W62/><G131/><T87/><D42/><U111/><E129/><V110/><F110/><W88/><G100/><T43/><D43/><U18/><E111/><V5/><F47/><W56/><G51/><T64/><D130/><U2/><E73/><V31/><F31/><W102/><G102/><T68/><D9/><N who="1" m="4415" /><E65/><V19/><F82/><W83/><G83/><T55/><D55/><U40/><E107/><V93/><F93/><W32/><G124/><T71/><D33/><U58/><E58/><V109/><F127/><W72/><G16/><T53/><D53/><U20/><E125/><V37/><F37/><W34/><G34/><T128/><D128/><U21/><E49/><V57/><F57/><W85/><REACH who="3" step="1"/><G74/><REACH who="3" ten="251,229,333,177" step="2"/><T117/><D117/><U44/><E40/><V52/><F19/><W11/><G11/><T48/><D48/><U106/><E106/><V91/><F109/><W24/><G24/><T25/><D26/><N who="1" m="14615" /><E44/><V98/><F8/><W54/><AGARI ba="0,1" hai="27,28,32,54,56,59,62,63,67,72,75,85,88,94" machi="54" ten="20,5200,0" yaku="1,1,0,1,7,1,54,1,53,0" doraHai="133" doraHaiUra="36" who="3" fromWho="3" sc="251,-13,229,-13,333,-26,177,62" /><INIT seed="3,0,0,5,0,75" ten="238,216,307,239" oya="3" hai0="53,114,82,68,113,70,123,2,87,76,112,16,74" hai1="115,24,18,0,63,73,80,8,39,50,20,41,64" hai2="31,85,43,60,12,100,66,119,22,94,23,5,103" hai3="102,36,54,71,45,89,62,32,15,27,21,67,78"/><W93/><G32/><T79/><D123/><U65/><E115/><V55/><F119/><W96/><G15/><T90/><D2/><U121/><E121/><V44/><F55/><W125/><G125/><T111/><D111/><U88/><E39/><V30/><F23/><W3/><G3/><T130/><D130/><U38/><E38/><V83/><F30/><W28/><G78/><N who="0" m="29739" /><D74/><U77/><E63/><V133/><F94/><W116/><G116/><T118/><D118/><U104/><E104/><V132/><F31/><W37/><REACH who="3" step="1"/><G102/><REACH who="3" ten="238,216,307,229" step="2"/><T1/><D1/><U13/><E0/><V106/><F100/><W48/><AGARI ba="0,1" hai="21,27,28,36,37,45,48,54,62,67,71,89,93,96" machi="48" ten="30,11700,0" yaku="1,1,2,1,0,1,53,1" doraHai="75" doraHaiUra="59" who="3" fromWho="3" sc="238,-39,216,-39,307,-39,229,127" owari="199,-20.1,177,-32.3,268,6.8,356,45.6" /></mjloggm>