<mjloggm ver="2.3"><GO type="225" lobby="0"/><UN n0="%33%74%72%65%65" n1="%65%6B%61%72%75%74%65" n2="%E3%81%B5%E3%81%98%E3%81%8B%E3%81%A4" n3="%E3%81%B2%E3%81%AA%E3%81%AE%E3%82%8A%E3%81%8F" dan="16,16,16,17" rate="2151.95,2114.81,2130.53,2203.29" sx="F,M,M,M"/><TAIKYOKU oya="0"/><INIT seed="0,0,0,0,3,39" ten="250,250,250,250" oya="0" hai0="7,46,37,120,24,21,6,30,1,67,132,85,116" hai1="4,23,51,70,52,26,95,115,90,108,126,86,113" hai2="68,69,45,22,64,19,60,15,40,61,10,112,124" hai3="13,123,54,102,17,44,94,79,59,122,130,34,80"/><T84/><D116/><U104/><E108/><V50/><F112/><W0/><G0/><T18/><D120/><N who="3" m="46121" /><G34/><T74/><D74/><U53/><E126/><V83/><F124/><W66/><G66/><T56/><D132/><U31/><E104/><V133/><F133/><W43/><G130/><T32/><D67/><U63/><E4/><V127/><F127/><W36/><G94/><T106/><D106/><U99/><E70/><V92/><F92/><W110/><G102/><T128/><D56/><U16/><E31/><V87/><F61/><N who="3" m="36087" /><G110/><T58/><D128/><U88/><E63/><V75/><F75/><W8/><G80/><T78/><D1/><U100/><E100/><V89/><REACH who="2" step="1"/><F69/><REACH who="2" ten="250,250,240,250" step="2"/><W29/><G79/><T109/><D78/><U129/><E129/><V93/><F93/><W20/><G29/><T119/><D30/><U11/><E115/><V91/><F91/><W97/><G97/><T131/><D131/><U9/><E113/><V42/><F42/><W12/><G12/><T55/><D109/><U57/><E53/><V73/><F73/><W5/><G5/><T62/><D6/><U35/><E35/><V111/><F111/><W49/><G36/><T3/><D32/><U2/><E2/><V81/><F81/><AGARI ba="0,1" hai="9,11,16,23,26,51,52,57,81,86,88,90,95,99" machi="81" ten="30,8000,1" yaku="7,1,8,1,54,3" doraHai="39" who="1" fromWho="2" sc="250,0,250,90,240,-80,250,0" /><INIT seed="1,0,0,4,4,112" ten="250,340,160,250" oya="1" hai0="32,90,49,9,16,69,100,133,28,61,116,6,8" hai1="3,134,86,118,119,44,96,76,1,52,130,39,35" hai2="123,70,77,82,27,51,101,0,74,41,79,128,18" hai3="105,89,29,11,10,88,110,40,127,59,117,21,33"/><U73/><E35/><V125/><F123/><W60/><G33/><T15/><D133/><U97/><E73/><V98/><F125/><W42/><G127/><T131/><D131/><U115/><E115/><V121/><F0/><W87/><G105/><T72/><D100/><U64/><E1/><V129/><F121/><W103/><G103/><T50/><D72/><U113/><E3/><V58/><F70/><W120/><G110/><T43/><D116/><U84/><E113/><V102/><F79/><W106/><G106/><T71/><D50/><U45/><E64/><V66/><F66/><N who="3" m="39199" /><G117/><T5/><D61/><U46/><E39/><V55/><F41/><N who="3" m="15979" /><G89/><T94/><D28/><U104/><E104/><V53/><F53/><W109/><G109/><T85/><D32/><U48/><E46/><V124/><F124/><W65/><G65/><T23/><D71/><U38/><E38/><V95/><F18/><W2/><G2/><T62/><D69/><U37/><E37/><V56/><F56/><W34/><G34/><T81/><D62/><U92/><E76/><V47/><F102/><W78/><G78/><T20/><D81/><U4/><E48/><V80/><F80/><N who="3" m="49255" /><G120/><T31/><D49/><U25/><E118/><V111/><F111/><W22/><G22/><T24/><REACH who="0" step="1"/><D43/><REACH who="0" ten="240,340,160,250" step="2"/><U122/><E119/><V114/><F114/><W107/><G107/><T26/><D26/><AGARI ba="0,1" hai="10,11,21,26,29" m="49255,15979,39199" machi="26" ten="30,2000,0" yaku="8,1,54,1" doraHai="112" who="3" fromWho="0" sc="240,-20,340,0,160,0,250,30" /><INIT seed="2,0,0,3,0,56" ten="220,340,160,280" oya="2" hai0="33,12,99,72,100,28,114,69,17,134,49,42,10" hai1="110,18,96,128,37,14,66,21,80,122,61,67,76" hai2="65,73,102,29,51,118,7,101,35,57,129,16,68" hai3="8,46,6,119,71,34,41,84,24,92,20,109,130"/><V121/><F118/><W30/><G119/><T62/><D114/><U54/><E37/><V48/><F121/><W38/><G71/><T105/><D72/><U1/><E1/><V39/><F39/><W115/><G109/><T59/><D134/><U97/><E110/><V43/><F73/><W23/><G130/><T117/><D117/><U111/><E111/><V55/><F129/><W87/><G115/><T95/><D69/><U53/><E122/><V135/><F135/><W77/><G87/><T91/><D33/><U60/><E128/><V94/><F7/><W103/><G103/><T125/><D125/><U3/><E3/><V123/><F123/><W127/><G127/><T108/><D108/><U22/><E14/><V74/><F74/><W81/><G92/><T70/><D70/><U9/><E9/><V44/><F94/><W112/><G112/><T104/><D28/><U131/><E18/><V36/><F51/><W47/><G47/><N who="0" m="25847" /><D105/><U133/><E131/><V132/><F132/><W93/><G93/><T4/><D104/><U2/><E2/><AGARI ba="0,0" hai="2,6,8,20,23,24,30,34,38,41,46,77,81,84" machi="2" ten="30,1000,0" yaku="7,1" doraHai="56" who="3" fromWho="1" sc="220,0,340,-10,160,0,280,10" /><INIT seed="3,0,0,4,4,68" ten="220,330,160,290" oya="3" hai0="20,16,133,72,55,131,51,73,129,39,31,113,120" hai1="32,21,29,46,48,35,60,13,19,0,70,24,123" hai2="18,106,61,56,135,7,53,90,40,30,112,104,3" hai3="41,98,110,5,15,2,8,116,65,94,103,49,101"/><W50/><G116/><T117/><D120/><U121/><E35/><V97/><F112/><W105/><G65/><T76/><D117/><U10/><E60/><V86/><F135/><W6/><G110/><T107/><D107/><U87/><E87/><V80/><F30/><W114/><G114/><T83/><D133/><U66/><E66/><V122/><F122/><W119/><G119/><T91/><D113/><U43/><E70/><V88/><F3/><W42/><G105/><T92/><D72/><U130/><E130/><V33/><F33/><W38/><G103/><T4/><D4/><AGARI ba="0,0" hai="0,4,10,13,19,21,24,29,32,43,46,48,121,123" machi="4" ten="40,2600,0" yaku="24,2" doraHai="68" who="1" fromWho="0" sc="220,-26,330,26,160,0,290,0" owari="194,-20.6,356,45.6,160,-34.0,290,9.0" /></mjloggm>