<mjloggm ver="2.3"><GO type="225" lobby="0"/><UN n0="%E6%A1%9C%E8%8A%B1%E9%96%83%E3%80%85" n1="%E3%81%A9%E3%82%8F%E3%82%93%E3%81%94" n2="%E6%97%A5%E6%9B%9C%E6%97%A5%E3%82%88%E3%82%8A%E3%81%AE%E4%BD%BF%E8%80%85" n3="%4D%50%43%32%38%30%30" dan="18,16,17,16" rate="2249.21,2183.87,2163.84,2200.94" sx="M,M,M,M"/><TAIKYOKU oya="0"/><INIT seed="0,0,0,1,2,102" ten="250,250,250,250" oya="0" hai0="86,118,27,8,31,9,124,123,3,67,121,79,105" hai1="45,49,72,71,130,59,84,11,97,129,87,42,25" hai2="82,58,104,98,22,29,50,19,101,90,18,96,36" hai3="39,81,134,1,20,128,111,23,133,107,17,32,88"/><T112/><D112/><U106/><E72/><V114/><F36/><W100/><G39/><T64/><D118/><U43/><E71/><V37/><F37/><W117/><G117/><T113/><D113/><U78/><E43/><V53/><F114/><W65/><G32/><T80/><D124/><U70/><E70/><V51/><F51/><W15/><G1/><T77/><D3/><U135/><E135/><N who="3" m="51722" /><G65/><T0/><D0/><U93/><E78/><V94/><REACH who="2" step="1"/><F82/><REACH who="2" ten="250,250,240,250" step="2"/><W131/><G128/><T119/><D119/><U63/><E130/><V2/><F2/><W46/><G131/><T62/><D80/><U95/><E129/><V92/><F92/><W125/><G81/><T85/><D62/><U35/><E95/><V68/><F68/><W16/><G125/><T5/><D5/><U38/><E38/><V28/><F28/><W54/><G111/><T12/><D31/><U40/><E93/><V122/><F122/><W24/><G107/><T34/><D105/><U26/><E106/><V73/><F73/><W14/><G100/><T61/><D61/><U47/><E63/><V126/><F126/><W103/><G103/><T110/><D110/><U6/><E49/><V30/><F30/><W75/><G75/><T48/><D48/><U44/><E42/><V13/><F13/><W116/><G116/><T21/><D12/><U89/><E40/><V76/><F76/><W132/><G15/><T55/><D121/><U52/><E89/><V69/><F69/><W120/><G88/><T57/><D123/><U7/><E26/><AGARI ba="0,1" hai="18,19,22,26,29,50,53,58,90,94,96,98,101,104" machi="26" ten="40,2600,0" yaku="1,1,52,1,53,0" doraHai="102" doraHaiUra="127" who="2" fromWho="1" sc="250,0,250,-26,240,36,250,0" /><INIT seed="1,0,0,0,2,80" ten="250,224,276,250" oya="1" hai0="77,95,130,121,21,62,100,49,53,4,74,3,28" hai1="118,91,67,133,113,115,39,11,123,50,44,132,88" hai2="129,82,131,108,46,37,84,106,83,52,48,114,43" hai3="89,69,22,116,85,97,54,98,6,51,58,96,135"/><U7/><E123/><V2/><F2/><W40/><G69/><T26/><D121/><U41/><E67/><V36/><F106/><W24/><G135/><N who="1" m="51786" /><E39/><V119/><F119/><W29/><G116/><T56/><D130/><N who="2" m="49674" /><F108/><W47/><G6/><T128/><D128/><U12/><E118/><V92/><F114/><AGARI ba="0,0" hai="7,11,12,41,44,50,88,91,113,114,115" m="51786" machi="114" ten="30,2900,0" yaku="20,1,54,1" doraHai="80" who="1" fromWho="2" sc="250,0,224,29,276,-29,250,0" /><INIT seed="1,1,0,3,2,30" ten="250,253,247,250" oya="1" hai0="106,95,14,53,47,89,130,22,108,66,6,10,86" hai1="120,107,24,23,55,78,51,41,37,112,50,48,88" hai2="18,44,121,116,110,61,96,101,87,135,92,134,17" hai3="94,72,113,31,0,57,7,28,49,21,133,67,35"/><U42/><E112/><V79/><F116/><W62/><G113/><T43/><D108/><U97/><E120/><V13/><F121/><W83/><G133/><N who="2" m="50697" /><F110/><W19/><G31/><T38/><D130/><U27/><E78/><V68/><F44/><W128/><G128/><T40/><D106/><U129/><E129/><V65/><F13/><W104/><G104/><T125/><D125/><U75/><E75/><V26/><F26/><W45/><G94/><T114/><D114/><U71/><E71/><V131/><F131/><W16/><G21/><T126/><D126/><U60/><E107/><V59/><F68/><W64/><G67/><T46/><D66/><U5/><E5/><V80/><AGARI ba="1,0" hai="17,18,59,61,65,79,80,87,92,96,101" m="50697" machi="80" ten="30,1100,0" yaku="20,1" doraHai="30" who="2" fromWho="2" sc="250,-4,253,-6,247,14,250,-4" /><INIT seed="2,0,0,0,1,61" ten="246,247,261,246" oya="2" hai0="93,54,56,34,8,92,5,122,15,95,103,35,41" hai1="124,72,125,118,65,98,135,46,114,59,69,27,88" hai2="17,126,121,6,38,71,66,32,99,83,101,70,108" hai3="48,22,57,115,31,85,40,91,55,129,76,134,21"/><V23/><F32/><W20/><G134/><T50/><D122/><U24/><E118/><V132/><F121/><W89/><G129/><T62/><D103/><U67/><E114/><V73/><F38/><W11/><G115/><T14/><D14/><U119/><E119/><V39/><F39/><W96/><G40/><T110/><D110/><U100/><E72/><V74/><F6/><W94/><G11/><T19/><D5/><U82/><E69/><V16/><F83/><W42/><G42/><T68/><REACH who="0" step="1"/><D41/><REACH who="0" ten="236,247,261,246" step="2"/><U120/><E120/><V86/><F101/><W113/><G113/><T127/><D127/><U0/><E125/><V77/><F126/><W105/><G105/><T64/><AGARI ba="0,1" hai="8,15,19,34,35,50,54,56,62,64,68,92,93,95" machi="64" ten="30,4000,0" yaku="1,1,0,1,52,1,53,0" doraHai="61" doraHaiUra="33" who="0" fromWho="0" sc="236,50,247,-10,261,-20,246,-10" /><INIT seed="3,0,0,5,2,134" ten="286,237,241,236" oya="3" hai0="110,18,3,60,71,21,132,30,124,36,93,20,16" hai1="135,8,80,116,106,111,104,49,122,0,112,67,46" hai2="130,69,58,27,6,61,87,29,105,94,113,85,133" hai3="57,40,2,95,89,129,115,107,15,109,48,108,92"/><W123/><G2/><T54/><D132/><U39/><E80/><V120/><F105/><W4/><G115/><T35/><D124/><U25/><E25/><V28/><F69/><W84/><G123/><T31/><D36/><U68/><E49/><V7/><F113/><W24/><G107/><T103/><D35/><U70/><E8/><V78/><F130/><W97/><G129/><T77/><D77/><U102/><E102/><V13/><F133/><W32/><G4/><T47/><D110/><N who="3" m="42601" /><G15/><N who="0" m="9247" /><D71/><U76/><E70/><V11/><F120/><W91/><G24/><N who="0" m="14391" /><D3/><U73/><E76/><V66/><F78/><W101/><G32/><T17/><D17/><U121/><E121/><V99/><F6/><W10/><G10/><T42/><D42/><U118/><E118/><V63/><F28/><W19/><G19/><T126/><D126/><U128/><E67/><V86/><F29/><W62/><G40/><T52/><D54/><U34/><E46/><V1/><F1/><W5/><G5/><T55/><D55/><U81/><E81/><V79/><F27/><W37/><G37/><T33/><D33/><U88/><E88/><N who="3" m="33866" /><G48/><N who="0" m="28703" /><D60/><U12/><E12/><V38/><F63/><W22/><G22/><T82/><D82/><U65/><E65/><V74/><F38/><W100/><G84/><T125/><D125/><AGARI ba="0,0" hai="0,34,39,68,73,104,106,111,112,116,122,125,128,135" machi="125" ten="0,32000,5" yakuman="47" doraHai="134" who="1" fromWho="0" sc="286,-320,237,320,241,0,236,0" owari="-34,-53.4,557,65.7,241,4.1,236,-16.4" /></mjloggm>