<mjloggm ver="2.3"><GO type="225" lobby="0"/><UN n0="%E5%A4%96%E5%B7%9D%E7%AB%9C%E6%88%90" n1="%E5%8F%AF%E5%85%90%E9%82%A3%E7%94%B1%E5%A4%9A" n2="%4B%2E%32%2E%4B%2E" n3="%E3%83%8F%E3%82%AC%E3%82%BF%E3%82%AB%E3%81%AE%E3%81%88%E3%81%98%E3%81%8D" dan="16,16,16,16" rate="2218.66,2192.68,2205.79,2179.26" sx="M,F,M,M"/><TAIKYOKU oya="0"/><INIT seed="0,0,0,2,2,92" ten="250,250,250,250" oya="0" hai0="4,32,22,62,57,54,129,130,91,120,113,14,95" hai1="81,21,90,77,93,96,15,18,12,49,28,41,30" hai2="34,80,76,68,73,100,104,128,86,99,109,108,134" hai3="132,121,9,103,89,112,118,101,46,123,84,11,116"/><T26/><D113/><U0/><E0/><V131/><F68/><W53/><G53/><T5/><D32/><U107/><E107/><V42/><F34/><W36/><G46/><T83/><D83/><U75/><REACH who="1" step="1"/><E15/><REACH who="1" ten="250,240,250,250" step="2"/><V35/><F104/><W10/><G112/><T39/><D14/><U8/><E8/><V60/><F128/><N who="0" m="49258" /><D120/><U63/><E63/><V110/><F60/><W115/><G115/><T45/><D39/><U124/><E124/><V3/><F131/><W94/><G36/><T64/><D64/><U50/><E50/><V114/><F114/><W17/><G132/><T87/><D45/><AGARI ba="0,1" hai="12,18,21,28,30,41,45,49,75,77,81,90,93,96" machi="45" ten="40,2600,0" yaku="1,1,52,1,53,0" doraHai="92" doraHaiUra="82" who="1" fromWho="0" sc="250,-26,240,36,250,0,250,0" /><INIT seed="1,0,0,1,1,94" ten="224,276,250,250" oya="1" hai0="81,106,132,36,58,0,10,18,108,71,53,32,43" hai1="109,119,73,133,90,123,38,93,70,26,107,91,75" hai2="60,1,39,69,74,55,127,9,44,85,56,121,115" hai3="84,19,111,33,35,76,37,20,14,113,80,29,102"/><U82/><E38/><V67/><F121/><W128/><G37/><T95/><D32/><U21/><E70/><V97/><F74/><N who="1" m="28169" /><E21/><V51/><F127/><W129/><G113/><T64/><D106/><U7/><E26/><V49/><F115/><W61/><G111/><T135/><D108/><U134/><E7/><V105/><F85/><W117/><G117/><T92/><D0/><U57/><E57/><V8/><F1/><W86/><G102/><T40/><D10/><U87/><E109/><V116/><F116/><W16/><G61/><T72/><D18/><U118/><E107/><V28/><F28/><W98/><G98/><T114/><D114/><U112/><E112/><V100/><REACH who="2" step="1"/><F39/><REACH who="2" ten="224,276,240,250" step="2"/><W42/><G29/><T27/><D36/><U15/><E123/><V66/><F66/><W89/><G86/><T17/><D72/><U101/><E119/><V79/><F79/><W54/><G76/><T3/><D64/><U68/><E118/><V104/><F104/><W41/><G128/><T125/><D3/><U78/><E78/><V96/><F96/><W83/><G129/><T4/><D125/><U50/><E87/><V130/><F130/><W5/><G84/><T46/><D135/><U77/><E77/><V131/><F131/><W120/><G120/><T103/><D132/><U99/><E99/><V122/><F122/><W13/><G83/><T48/><D71/><U24/><E68/><V11/><F11/><W23/><G80/><T126/><D81/><U110/><E134/><V45/><F45/><W88/><G5/><T12/><D126/><U25/><E133/><RYUUKYOKU ba="0,1" sc="224,-15,276,-15,240,15,250,15" hai2="8,9,44,49,51,55,56,60,67,69,97,100,105" hai3="13,14,16,19,20,23,33,35,41,42,54,88,89" /><INIT seed="2,1,1,0,2,114" ten="209,261,255,265" oya="2" hai0="17,74,132,23,63,36,25,96,59,1,109,78,90" hai1="53,68,98,77,13,129,12,134,88,102,110,27,62" hai2="115,81,116,85,38,18,104,37,117,34,43,125,100" hai3="123,7,40,112,64,72,99,30,58,135,42,105,113"/><V31/><F115/><N who="3" m="44107" /><G123/><T86/><D36/><U108/><E129/><V49/><F125/><W94/><G105/><T51/><D1/><U9/><E134/><V97/><F18/><W20/><G72/><T26/><D26/><U76/><E27/><V82/><F31/><W11/><G20/><T84/><D132/><U71/><E88/><V57/><F34/><W93/><G30/><T33/><D33/><U73/><E53/><V54/><F81/><W103/><G94/><T22/><D109/><N who="1" m="42091" /><E62/><V14/><F14/><N who="1" m="5737" /><E9/><V35/><F35/><W120/><G135/><T130/><D63/><U24/><E24/><V52/><F54/><W60/><G120/><T67/><D25/><U126/><E126/><V48/><F48/><W80/><G80/><T128/><D128/><U44/><E44/><V70/><F70/><N who="1" m="26665" /><E73/><V75/><F75/><W69/><G69/><T56/><D74/><U5/><E5/><V46/><F37/><W65/><G65/><T122/><D130/><U119/><E119/><V111/><F111/><W95/><G11/><T45/><D45/><U91/><E91/><AGARI ba="1,1" hai="38,43,46,49,52,57,82,85,91,97,100,104,116,117" machi="91" ten="30,11600,0" yaku="7,1,52,2,54,1" doraHai="114" who="2" fromWho="1" sc="209,0,261,-119,255,129,265,0" /><INIT seed="2,2,0,4,3,102" ten="209,142,384,265" oya="2" hai0="29,107,101,19,92,41,54,52,30,125,56,93,59" hai1="123,26,66,81,46,74,63,84,18,2,34,119,67" hai2="109,76,37,105,31,13,5,115,58,114,126,14,35" hai3="0,51,16,83,121,95,87,132,3,70,96,113,128"/><V8/><F37/><W55/><G121/><T36/><D125/><U53/><E119/><V106/><F126/><W7/><G70/><T86/><D36/><U57/><E123/><V23/><F35/><W24/><G128/><T90/><D41/><U135/><E135/><V40/><F40/><W89/><G132/><T28/><D107/><U68/><E2/><V99/><F109/><W91/><G7/><T75/><D75/><U33/><E74/><V6/><F76/><W17/><G113/><T78/><D78/><U79/><E46/><V94/><F58/><N who="0" m="22058" /><D19/><U127/><E127/><V117/><F117/><W118/><G118/><T100/><D100/><U27/><E67/><V42/><F42/><W20/><G17/><T124/><D124/><U49/><REACH who="1" step="1"/><E18/><REACH who="1" ten="209,132,384,265" step="2"/><V62/><F114/><W1/><G0/><T73/><D73/><U32/><AGARI ba="2,1" hai="26,27,32,33,34,49,53,57,63,66,68,79,81,84" machi="32" ten="30,7900,0" yaku="1,1,2,1,0,1,53,1" doraHai="102" doraHaiUra="48" who="1" fromWho="1" sc="209,-22,132,95,384,-41,265,-22" /><INIT seed="3,0,0,3,4,19" ten="187,227,343,243" oya="3" hai0="14,1,83,67,107,15,47,91,133,90,26,40,63" hai1="92,12,85,49,125,52,28,60,80,5,6,95,45" hai2="37,8,30,72,59,42,56,117,16,89,66,4,2" hai3="21,27,61,115,100,111,79,3,135,29,103,24,118"/><W131/><G115/><T105/><D1/><U75/><E125/><V84/><F72/><W120/><G118/><T22/><D133/><U54/><E75/><V73/><F73/><W55/><G135/><T110/><D110/><U38/><E38/><V123/><F117/><W122/><G3/><T41/><D107/><U119/><E28/><V99/><F30/><W102/><G131/><T94/><D105/><U82/><E119/><V32/><F32/><W132/><G132/><T112/><D112/><U124/><E124/><V69/><F99/><W18/><G79/><T74/><D74/><U7/><E12/><V81/><F16/><W116/><G111/><T20/><D63/><U93/><E85/><V51/><F37/><W68/><G116/><T35/><D35/><U23/><E23/><N who="0" m="8745" /><D26/><U108/><E108/><V129/><F69/><W106/><G106/><T62/><D83/><N who="1" m="31787" /><E60/><V134/><F81/><W9/><G68/><T0/><D0/><U50/><E50/><V97/><F51/><W25/><G29/><T128/><D128/><U98/><E98/><V34/><F97/><W64/><G120/><T126/><D126/><U43/><AGARI ba="0,0" hai="5,6,7,43,45,49,52,54,92,93,95" m="31787" machi="43" ten="40,2700,0" yaku="8,1,54,1" doraHai="19" who="1" fromWho="1" sc="187,-7,227,27,343,-7,243,-13" owari="180,-32.0,254,5.4,336,43.6,230,-17.0" /></mjloggm>