<mjloggm ver="2.3"><GO type="225" lobby="0"/><UN n0="%E5%80%89%E6%A9%8B%EF%BC%A0%E4%BA%8B%E5%8B%99" n1="%E3%81%AF%E3%82%88%E3%81%8A%E3%81%98%E3%81%95%E3%82%93" n2="%72%61%6B%33" n3="%E5%B8%86%E7%AB%8B%E5%A4%8F%E8%A1%A3" dan="16,16,16,17" rate="2110.24,2152.53,2220.38,2148.81" sx="M,M,M,M"/><TAIKYOKU oya="0"/><INIT seed="0,0,0,0,3,57" ten="250,250,250,250" oya="0" hai0="79,102,54,122,116,85,19,73,2,121,63,81,115" hai1="123,61,114,74,0,65,107,10,20,98,108,131,48" hai2="28,38,16,11,124,62,36,42,129,111,49,87,128" hai3="125,50,86,82,66,117,18,105,29,25,30,90,55"/><T133/><D115/><U3/><E123/><V110/><F28/><W103/><G125/><T93/><D2/><U1/><E74/><V70/><F124/><W32/><G117/><T75/><D116/><U113/><E108/><N who="2" m="41515" /><F87/><W14/><G105/><T97/><D133/><U26/><E131/><N who="2" m="50251" /><F11/><W58/><G103/><T64/><D54/><U31/><E48/><V56/><F16/><W76/><G30/><T24/><D19/><U96/><E10/><V52/><F70/><W77/><REACH who="3" step="1"/><G66/><REACH who="3" ten="250,250,250,240" step="2"/><T40/><D122/><U106/><E107/><V104/><F104/><W43/><G43/><T45/><D121/><U17/><E31/><V27/><F27/><W91/><G91/><T92/><D24/><U35/><E106/><V71/><F42/><W44/><G44/><T8/><D45/><U9/><E35/><V39/><F71/><W135/><G135/><T130/><D40/><U13/><E114/><V21/><F21/><AGARI ba="0,1" hai="14,18,21,25,29,32,50,55,58,76,77,82,86,90" machi="21" ten="30,2000,0" yaku="1,1,7,1,53,0" doraHai="57" doraHaiUra="134" who="3" fromWho="2" sc="250,0,250,0,250,-20,240,30" /><INIT seed="1,0,0,1,4,84" ten="250,250,230,270" oya="1" hai0="95,113,56,31,125,26,119,55,81,49,38,97,105" hai1="45,77,100,91,89,18,88,19,33,34,111,50,112" hai2="82,7,94,24,25,46,54,101,75,117,71,85,73" hai3="41,29,102,83,28,62,40,61,76,48,135,15,22"/><U67/><E112/><V130/><F117/><W69/><G135/><T118/><D38/><U126/><E33/><V78/><F130/><W65/><G102/><T70/><D70/><U12/><E34/><V14/><F71/><W120/><G120/><T129/><D105/><U43/><E126/><V92/><F73/><W122/><G122/><T93/><D113/><U66/><E111/><V37/><F75/><W11/><G62/><T20/><D129/><U2/><E2/><V86/><F37/><W3/><G3/><T79/><D125/><U1/><E1/><V116/><F116/><W16/><G48/><T127/><D93/><U134/><E134/><V42/><F42/><W57/><G69/><T99/><D97/><U58/><E77/><V13/><F94/><W96/><G96/><T27/><D26/><U4/><E100/><V63/><F101/><W115/><G115/><T128/><D128/><U103/><E103/><V133/><F133/><W44/><G44/><T107/><D107/><U98/><E98/><V132/><F132/><W17/><G41/><T59/><D127/><U39/><E39/><V108/><F108/><W72/><REACH who="3" step="1"/><G40/><REACH who="3" ten="250,250,230,260" step="2"/><T110/><D110/><U114/><E114/><V87/><F46/><W52/><G52/><T6/><D119/><U104/><E104/><V23/><F54/><W32/><G32/><T8/><D118/><U131/><E131/><V10/><F63/><W9/><G9/><T51/><D55/><U64/><E58/><V109/><F109/><W0/><G0/><N who="0" m="71" /><D59/><U74/><E74/><N who="2" m="43351" /><F92/><W123/><G123/><T90/><D56/><RYUUKYOKU ba="0,1" sc="250,0,250,0,230,0,260,0" hai0="20,27,31,49,51,79,81,90,95,99" hai1="4,12,18,19,43,45,50,64,66,67,88,89,91" hai2="7,10,13,14,23,24,25,85,86,87" hai3="11,15,16,17,22,28,29,57,61,65,72,76,83" /><INIT seed="1,1,1,4,0,29" ten="250,250,230,260" oya="1" hai0="56,58,126,27,135,80,52,4,79,94,11,41,67" hai1="116,35,49,112,1,40,12,51,8,114,98,60,32" hai2="3,26,97,24,65,120,131,105,70,6,89,85,36" hai3="42,54,123,14,30,18,109,128,95,93,47,117,0"/><U92/><E116/><V111/><F120/><W118/><G0/><T15/><D135/><U101/><E1/><V44/><F111/><W81/><G109/><T17/><D126/><U10/><E10/><V39/><F131/><W113/><G113/><T110/><D110/><U16/><E60/><V90/><F85/><W31/><G123/><T132/><D132/><U124/><E124/><V122/><F44/><W100/><G54/><T53/><D41/><U37/><E37/><V2/><F97/><N who="3" m="59439" /><G95/><T102/><D102/><U72/><E72/><V83/><F83/><W76/><G128/><T59/><D94/><U50/><REACH who="1" step="1"/><E40/><REACH who="1" ten="250,240,230,260" step="2"/><V87/><F2/><W134/><G134/><T38/><D38/><U82/><E82/><V103/><F3/><W13/><G118/><T69/><D69/><U129/><E129/><V119/><F70/><W43/><G117/><T66/><D66/><U125/><E125/><V57/><F65/><W78/><G43/><T62/><D67/><U91/><E91/><V68/><F119/><W55/><G42/><T19/><D62/><U21/><E21/><V7/><F68/><W96/><G81/><T127/><D127/><U22/><E22/><V20/><F20/><W33/><G78/><T88/><D79/><U34/><AGARI ba="1,2" hai="8,12,16,32,34,35,49,50,51,92,98,101,112,114" machi="34" ten="40,18000,2" yaku="1,1,0,1,52,3,54,1,53,0" doraHai="29" doraHaiUra="74" who="1" fromWho="1" sc="250,-61,240,203,230,-61,260,-61" /><INIT seed="1,2,0,5,5,65" ten="189,443,169,199" oya="1" hai0="2,7,75,82,20,102,43,14,61,124,49,125,55" hai1="135,96,54,112,130,91,89,40,52,103,122,131,72" hai2="59,25,111,101,42,28,39,83,133,117,1,58,108" hai3="13,105,9,53,127,94,45,70,84,99,92,95,79"/><U78/><E112/><V10/><F117/><W32/><G32/><T50/><D102/><U64/><E122/><V113/><F113/><W47/><G127/><N who="0" m="48715" /><D2/><U106/><E135/><V48/><F133/><W5/><G70/><T74/><D82/><N who="1" m="45383" /><E40/><V16/><F101/><W51/><G105/><T18/><D7/><U69/><E89/><V67/><F83/><N who="3" m="47231" /><G47/><N who="0" m="25855" /><D61/><N who="1" m="40079" /><E91/><AGARI ba="2,0" hai="5,9,13,45,51,53,91,92,94,95,99" m="47231" machi="91" ten="30,1000,0" yaku="8,1" doraHai="65" who="3" fromWho="1" sc="189,0,443,-16,169,0,199,16" /><INIT seed="2,0,0,3,5,101" ten="189,427,169,215" oya="2" hai0="93,83,98,34,96,131,19,21,24,12,5,36,86" hai1="31,56,1,43,7,66,125,112,114,117,37,108,102" hai2="73,54,50,94,106,92,64,17,20,103,89,52,129" hai3="97,53,25,9,58,0,67,68,22,78,38,77,120"/><V3/><F3/><W6/><G120/><T27/><D36/><U104/><E117/><V95/><F129/><W87/><G38/><T49/><D131/><U28/><E108/><V62/><F73/><W100/><G68/><T71/><D71/><U41/><E125/><V23/><F89/><W11/><G87/><T109/><D109/><U72/><E72/><V119/><F119/><W10/><G0/><T90/><D98/><U46/><E41/><V42/><F42/><W123/><G6/><T116/><D116/><U4/><E104/><V60/><F64/><W118/><G118/><T48/><D34/><U99/><E56/><V14/><F23/><W69/><G69/><T115/><D115/><U2/><E66/><V32/><F32/><W110/><G123/><T126/><D126/><U63/><E63/><V35/><F35/><W130/><G130/><T51/><REACH who="0" step="1"/><D5/><REACH who="0" ten="179,427,169,215" step="2"/><N who="1" m="2123" /><E1/><V18/><F18/><N who="3" m="12503" /><G110/><T113/><D113/><U81/><E2/><V74/><F74/><W15/><G97/><T45/><D45/><U55/><E99/><V127/><F127/><W33/><G33/><T82/><D82/><U47/><E81/><V26/><F17/><N who="3" m="8431" /><G100/><AGARI ba="0,1" hai="12,19,21,24,27,48,49,51,83,86,90,93,96,100" machi="100" ten="40,5200,0" yaku="1,1,8,1,53,1" doraHai="101" doraHaiUra="16" who="0" fromWho="3" sc="179,62,427,0,169,0,215,-52" /><INIT seed="3,0,0,1,3,54" ten="241,427,169,163" oya="3" hai0="1,16,13,101,73,10,126,31,120,114,32,106,33" hai1="52,122,7,40,5,100,27,70,99,17,55,72,56" hai2="127,24,83,35,111,107,57,98,121,3,71,123,74" hai3="110,97,69,64,115,0,61,79,21,92,96,47,22"/><W82/><G115/><T68/><D73/><U53/><E70/><V66/><F3/><W2/><G110/><T18/><D68/><U85/><E72/><V124/><F111/><W34/><G34/><N who="0" m="13419" /><D101/><U76/><E122/><V62/><F83/><W51/><G2/><T131/><D106/><U102/><E40/><V28/><F74/><W30/><G0/><T43/><D43/><U129/><E129/><V36/><F36/><W130/><G130/><T112/><D131/><U105/><E105/><V117/><F117/><W15/><G97/><T50/><D50/><U14/><E56/><V11/><F11/><W23/><G30/><T87/><D87/><U93/><E27/><V63/><F98/><W41/><G82/><T86/><D86/><U90/><E76/><V9/><F9/><W49/><G79/><T67/><D67/><U37/><E37/><V4/><F107/><W19/><REACH who="3" step="1"/><G51/><REACH who="3" ten="241,427,169,153" step="2"/><T46/><D1/><U77/><E77/><V128/><F128/><W95/><G95/><T26/><D31/><U94/><E102/><AGARI ba="0,1" hai="15,19,21,22,23,41,47,49,61,64,69,92,96,102" machi="102" ten="30,5800,0" yaku="1,1,7,1,53,1" doraHai="54" doraHaiUra="59" who="3" fromWho="1" sc="241,0,427,-58,169,0,153,68" /><INIT seed="3,1,0,1,2,122" ten="241,369,169,221" oya="3" hai0="59,115,26,35,128,7,15,71,45,58,42,37,85" hai1="109,1,118,0,90,9,57,72,95,127,83,13,78" hai2="113,98,86,49,133,30,88,119,76,135,91,111,34" hai3="56,6,17,73,43,25,66,69,39,84,114,29,74"/><W63/><G114/><T41/><D71/><U60/><E109/><V18/><F34/><W50/><G6/><T116/><D116/><U104/><E127/><V123/><F30/><W67/><G17/><T33/><D42/><U2/><E104/><V97/><F49/><W36/><G84/><T5/><D128/><U40/><E40/><V61/><F61/><W10/><G10/><T108/><D108/><U92/><E118/><V28/><F28/><W102/><G102/><T124/><D124/><U3/><E3/><V46/><F46/><N who="3" m="23911" /><G67/><T38/><D38/><U55/><REACH who="1" step="1"/><E90/><REACH who="1" ten="241,359,169,221" step="2"/><N who="2" m="34347" /><F111/><W24/><G39/><T23/><D37/><U130/><E130/><V117/><F113/><W52/><G25/><T129/><D26/><U112/><E112/><V107/><F123/><W87/><G87/><T93/><D85/><U4/><AGARI ba="1,1" hai="0,1,2,4,9,13,55,57,60,72,78,83,92,95" machi="4" ten="30,2000,0" yaku="1,1,0,1,53,0" doraHai="122" doraHaiUra="125" who="1" fromWho="1" sc="241,-6,359,33,169,-6,221,-11" owari="235,3.5,392,49.2,163,-33.7,210,-19.0" /></mjloggm>