<mjloggm ver="2.3"><GO type="225" lobby="0"/><UN n0="%E7%99%BD%E6%97%A5%E9%9B%AA%E8%8F%9C" n1="%E6%B8%A9%E2%98%85%E6%83%85%E2%98%85%E6%8E%AA%E2%98%85%E7%BD%AE" n2="%E8%B6%85%E7%B4%9A%E9%B3%B3%E5%87%B0" n3="%28%EF%BF%A3%E2%96%BD%EF%BF%A3%29%CE%B4%E2%8C%92%E3%83%BB" dan="16,17,16,16" rate="2163.90,2207.34,2130.25,2058.96" sx="M,M,M,M"/><TAIKYOKU oya="0"/><INIT seed="0,0,0,1,3,59" ten="250,250,250,250" oya="0" hai0="1,2,87,131,109,134,50,30,100,15,12,88,33" hai1="128,77,4,53,36,125,106,63,29,9,42,116,28" hai2="54,14,91,44,20,113,126,110,103,85,38,127,62" hai3="45,18,98,0,51,41,80,96,84,68,90,17,81"/><T79/><D134/><U58/><E116/><V94/><F113/><W129/><G0/><T24/><D131/><U48/><E128/><V71/><F110/><W56/><G68/><T124/><D124/><N who="2" m="47658" /><F103/><W115/><G129/><T40/><D109/><U97/><E125/><V25/><F14/><W69/><G69/><T108/><D108/><U6/><E36/><V32/><F32/><W57/><G115/><T93/><D100/><U120/><E120/><V75/><F75/><W23/><G18/><T7/><D79/><U74/><E106/><V49/><F38/><W104/><G81/><T101/><D101/><U27/><E97/><N who="3" m="37482" /><G104/><T5/><D1/><U135/><E135/><V22/><F25/><AGARI ba="0,0" hai="17,23,25,41,45,51,56,57,80,84,90" m="37482" machi="25" ten="30,1000,0" yaku="8,1" doraHai="59" who="3" fromWho="2" sc="250,0,250,0,250,-10,250,10" /><INIT seed="1,0,0,4,1,38" ten="250,250,240,260" oya="1" hai0="109,36,124,32,5,89,80,68,127,102,101,129,85" hai1="9,14,17,118,106,24,53,61,76,44,20,11,0" hai2="105,29,58,134,86,55,114,1,77,41,8,94,83" hai3="93,108,133,112,79,19,48,70,103,126,21,130,15"/><U99/><E118/><V116/><F116/><W45/><G70/><T78/><D68/><U18/><E76/><V56/><F105/><W30/><G112/><T26/><D36/><U31/><E0/><V4/><F114/><W73/><G126/><N who="0" m="48171" /><D5/><U110/><E110/><V25/><F134/><W62/><G130/><T123/><D26/><U121/><E121/><V59/><F94/><W7/><G133/><T3/><D32/><U97/><E106/><V88/><F77/><W65/><G7/><T22/><D22/><U95/><E99/><V2/><F2/><W91/><G103/><T54/><D54/><U74/><E74/><V64/><F64/><W39/><G39/><T71/><D71/><U120/><E120/><V28/><F28/><W51/><G108/><T46/><D46/><U117/><E117/><V119/><F119/><W72/><G30/><T23/><D23/><U50/><E61/><V125/><F125/><W43/><G51/><T132/><D3/><U49/><E49/><V69/><F69/><W87/><REACH who="3" step="1"/><G79/><REACH who="3" ten="250,250,240,250" step="2"/><T92/><D109/><U115/><E115/><V122/><F122/><W13/><G13/><T35/><D132/><U75/><E75/><V82/><F1/><W84/><G84/><T52/><D129/><U12/><E12/><V37/><F4/><W131/><G131/><T90/><D123/><U40/><E14/><V128/><F37/><W10/><G10/><T107/><D102/><N who="1" m="60735" /><E11/><V67/><F8/><W81/><G81/><T47/><D101/><U6/><E6/><V66/><F128/><W113/><G113/><T96/><D78/><RYUUKYOKU ba="0,1" sc="250,-10,250,-10,240,-10,250,30" hai3="15,19,21,43,45,48,62,65,72,73,87,91,93" /><INIT seed="2,1,1,2,1,52" ten="240,240,230,280" oya="2" hai0="41,121,77,55,65,45,133,123,27,82,10,115,132" hai1="74,102,120,99,24,110,91,30,71,119,21,7,18" hai2="54,126,46,96,23,39,114,88,86,70,80,130,58" hai3="124,29,14,87,89,106,104,94,33,68,101,35,8"/><V49/><F114/><W61/><G124/><T103/><D115/><U11/><E119/><V22/><F70/><W107/><G101/><T79/><D65/><U125/><E125/><V57/><F126/><W117/><G117/><T118/><D118/><U4/><E74/><V105/><F130/><W67/><REACH who="3" step="1"/><G29/><REACH who="3" ten="240,240,230,270" step="2"/><T2/><D103/><U51/><E30/><V92/><F105/><W63/><G63/><T60/><D60/><U31/><E31/><V6/><F6/><AGARI ba="1,2" hai="6,8,14,33,35,61,67,68,87,89,94,104,106,107" machi="6" ten="40,2600,0" yaku="1,1,53,1" doraHai="52" doraHaiUra="5" who="3" fromWho="2" sc="240,0,240,0,230,-29,270,49" /><INIT seed="3,0,0,2,2,44" ten="240,240,201,319" oya="3" hai0="30,0,113,37,110,66,58,63,108,50,119,103,25" hai1="5,83,2,101,73,7,52,96,85,92,21,57,135" hai2="61,81,64,126,76,124,122,98,45,121,42,40,62" hai3="39,97,46,125,77,133,29,69,104,20,105,28,102"/><W72/><G104/><T70/><D119/><U100/><E73/><V127/><F98/><W89/><G69/><T75/><D75/><U4/><E135/><V65/><F81/><W86/><G133/><T32/><D0/><U114/><E114/><V82/><F82/><N who="3" m="45351" /><G20/><T31/><D31/><U80/><E2/><V33/><F33/><W17/><G17/><T99/><D113/><U109/><E109/><N who="0" m="42089" /><D37/><U55/><E101/><V16/><F16/><W71/><G71/><T53/><D99/><U26/><E57/><N who="2" m="36911" /><F76/><W94/><G125/><T47/><D103/><U106/><E106/><V35/><F35/><W60/><G60/><T41/><D70/><U93/><E93/><V91/><F91/><W87/><G87/><T48/><D66/><U36/><E36/><N who="2" m="21639" /><F42/><AGARI ba="0,0" hai="28,29,39,42,46,86,89,94,97,102,105" m="45351" machi="42" ten="30,1500,0" yaku="24,1" doraHai="44" who="3" fromWho="2" sc="240,0,240,0,201,-15,319,15" owari="240,4.0,240,-16.0,186,-31.4,334,43.4" /></mjloggm>