<mjloggm ver="2.3"><GO type="225" lobby="0"/><UN n0="%43%68%65" n1="%E3%81%99%E3%81%84%E3%81%BE%E3%81%9B%E3%83%BC%E3%82%93" n2="%E6%80%AA%E3%81%97%E3%81%99%E3%81%8E%E3%82%8B%E3%83%81%E3%83%BC" n3="%77%72%77%72%77%72%77%72" dan="16,16,16,16" rate="2152.82,2112.24,2134.95,2102.57" sx="M,M,M,M"/><TAIKYOKU oya="0"/><INIT seed="0,0,0,5,2,54" ten="250,250,250,250" oya="0" hai0="49,80,2,39,93,110,25,86,27,24,88,7,0" hai1="43,9,90,123,135,109,60,48,132,100,129,67,98" hai2="62,29,52,58,125,81,82,15,106,85,127,12,94" hai3="97,64,79,34,42,36,1,65,104,10,128,69,92"/><T75/><D39/><U46/><E123/><V30/><F106/><W4/><G128/><T124/><D124/><N who="2" m="47690" /><F94/><W31/><G69/><T40/><D110/><U3/><E129/><V61/><F61/><W14/><G104/><T71/><D71/><U5/><E90/><N who="2" m="51503" /><F82/><W22/><G79/><T113/><D113/><U23/><E23/><V11/><F15/><W126/><G126/><T66/><D66/><U37/><E109/><V19/><AGARI ba="0,0" hai="11,12,19,29,30,52,58,62" m="51503,47690" machi="19" ten="30,4000,0" yaku="18,1,52,1,54,1" doraHai="54" who="2" fromWho="2" sc="250,-20,250,-10,250,40,250,-10" /><INIT seed="1,0,0,2,1,41" ten="230,240,290,240" oya="1" hai0="32,34,87,8,26,82,42,45,97,80,54,129,133" hai1="73,30,85,31,17,63,27,49,130,21,104,93,79" hai2="1,24,132,10,18,22,40,88,9,16,57,66,134" hai3="12,103,55,50,47,89,84,122,48,51,77,83,3"/><U121/><E121/><V62/><F40/><W110/><G110/><T65/><D133/><N who="2" m="51306" /><F1/><W131/><G131/><T91/><D129/><U74/><E104/><V116/><F116/><W107/><G3/><T14/><D65/><U69/><E130/><V102/><F102/><W78/><G122/><T99/><D82/><U7/><E7/><V126/><F126/><W86/><G77/><T39/><D54/><U108/><E108/><V100/><F100/><W71/><G71/><T101/><D26/><U60/><E69/><V124/><F124/><W92/><REACH who="3" step="1"/><G12/><REACH who="3" ten="230,240,290,230" step="2"/><T46/><D99/><AGARI ba="0,1" hai="47,48,50,51,55,78,83,84,86,89,92,99,103,107" machi="99" ten="40,8000,1" yaku="1,1,2,1,52,1,53,1" doraHai="41" doraHaiUra="43" who="3" fromWho="0" sc="230,-80,240,0,290,0,230,90" /><INIT seed="2,0,0,2,4,67" ten="150,240,290,320" oya="2" hai0="80,79,103,20,30,87,61,88,107,0,93,74,99" hai1="85,57,17,86,42,102,1,119,16,133,43,121,18" hai2="96,112,4,72,116,33,75,31,105,63,50,66,49" hai3="5,40,69,12,65,7,128,125,47,32,54,110,89"/><V109/><F112/><W82/><G32/><T68/><D0/><U100/><E119/><V2/><F116/><W134/><G110/><T56/><D68/><U84/><E1/><V23/><F23/><W14/><G128/><T77/><D77/><U120/><E57/><V123/><F49/><W35/><G35/><T78/><D78/><U10/><E10/><N who="2" m="2327" /><F50/><W8/><G54/><T91/><D91/><U90/><E90/><V104/><F123/><N who="1" m="47177" /><E133/><V26/><F109/><W37/><G134/><T51/><D51/><U11/><E11/><V71/><F104/><W24/><G24/><T81/><D81/><U55/><E55/><V38/><F38/><W53/><G53/><T13/><D30/><U111/><E111/><V60/><F60/><W39/><G39/><T101/><D101/><AGARI ba="0,0" hai="16,17,18,42,43,84,85,86,100,101,102" m="47177" machi="101" ten="40,8000,1" yaku="28,2,13,1,54,1" doraHai="67" who="1" fromWho="0" sc="150,-80,240,80,290,0,320,0" /><AGARI ba="0,0" hai="26,31,33,63,66,71,72,75,96,101,105" m="2327" machi="101" ten="30,11600,0" yaku="25,1,33,2,52,1" doraHai="67" who="2" fromWho="0" sc="70,-116,320,0,290,116,320,0" owari="-46,-54.6,320,12.0,406,50.6,320,-8.0" /></mjloggm>