<mjloggm ver="2.3"><GO type="225" lobby="0"/><UN n0="%E3%83%A9%E3%83%BC%E3%83%A1%E3%83%B3%E4%BA%94%E9%83%8E" n1="%E6%A1%9C%E8%8A%B1%E9%96%83%E3%80%85" n2="%6A%70%74%77%61%32" n3="%6D%75%75%6D%75%72%61" dan="16,18,16,16" rate="2098.29,2280.32,2054.85,2140.93" sx="M,M,M,F"/><TAIKYOKU oya="0"/><INIT seed="0,0,0,4,2,5" ten="250,250,250,250" oya="0" hai0="24,134,19,67,38,20,69,91,29,126,87,99,54" hai1="93,64,57,36,85,49,116,133,117,84,7,11,128" hai2="113,123,118,94,100,62,25,53,45,132,68,112,1" hai3="18,48,79,63,26,31,122,105,131,47,59,83,109"/><T110/><D38/><U101/><E36/><V55/><F1/><W44/><G109/><T76/><D110/><U16/><E128/><V78/><F25/><W28/><G131/><T114/><D114/><N who="2" m="44138" /><F78/><W51/><G105/><T52/><D126/><U71/><E71/><V3/><F94/><W37/><G37/><T82/><D134/><U17/><E133/><V32/><F100/><W107/><G107/><T121/><D121/><U70/><E70/><V15/><F15/><W90/><G122/><T111/><D111/><U88/><E116/><V2/><F32/><W125/><G90/><T92/><REACH who="0" step="1"/><D29/><REACH who="0" ten="240,250,250,250" step="2"/><U58/><E117/><V10/><F118/><W39/><G39/><T42/><D42/><U124/><E124/><V115/><F123/><W30/><G125/><T103/><D103/><U14/><E101/><V41/><F132/><W13/><G28/><T75/><D75/><U120/><E120/><V12/><F41/><W40/><G30/><T96/><D96/><U135/><E135/><V97/><F97/><W72/><G31/><T81/><D81/><U8/><E85/><V0/><F115/><W95/><G40/><T50/><D50/><U65/><E49/><V27/><F62/><AGARI ba="0,1" hai="19,20,24,52,54,62,67,69,76,82,87,91,92,99" machi="62" ten="40,7700,0" yaku="1,1,54,1,53,1" doraHai="5" doraHaiUra="89" who="0" fromWho="2" sc="240,87,250,0,250,-77,250,0" /><INIT seed="0,1,0,0,5,126" ten="327,250,173,250" oya="0" hai0="78,20,114,87,60,68,51,95,133,56,48,43,110" hai1="28,134,19,52,24,72,29,16,34,89,120,104,41" hai2="80,105,57,88,38,75,64,100,127,31,49,44,25" hai3="15,62,117,129,2,21,30,97,121,59,0,50,9"/><T86/><D114/><U93/><E120/><V36/><F127/><W61/><G117/><T23/><D68/><U125/><E125/><V113/><F113/><W123/><G129/><T115/><D115/><U99/><E134/><V40/><F100/><W6/><G97/><T77/><D133/><U70/><E70/><V39/><F105/><W4/><G50/><T85/><D110/><U107/><E72/><V92/><F80/><W112/><G112/><T37/><D37/><U116/><E41/><V71/><F75/><W47/><G47/><N who="0" m="25727" /><D95/><U3/><E3/><V122/><F122/><N who="3" m="46603" /><G6/><T135/><D51/><U103/><E116/><V18/><F18/><N who="3" m="10463" /><G30/><T108/><D108/><U128/><E128/><V11/><F11/><N who="3" m="2439" /><G59/><T81/><D135/><U42/><E42/><V69/><F57/><W1/><G9/><T13/><D81/><U46/><E29/><V132/><F132/><W73/><G73/><T91/><D56/><U35/><E104/><V84/><REACH who="2" step="1"/><F64/><REACH who="2" ten="327,250,163,250" step="2"/><W102/><G102/><T82/><D82/><U58/><E46/><V67/><F67/><W131/><G131/><T7/><D77/><U17/><E35/><AGARI ba="1,1" hai="25,31,35,36,38,39,40,44,49,69,71,84,88,92" machi="35" ten="40,2600,0" yaku="1,1,54,1,53,0" doraHai="126" doraHaiUra="98" who="2" fromWho="1" sc="327,0,250,-29,163,39,250,0" /><INIT seed="1,0,0,3,0,30" ten="327,221,202,250" oya="1" hai0="100,38,63,69,120,111,114,58,119,93,45,62,60" hai1="124,51,48,102,8,125,31,92,14,84,32,131,47" hai2="80,29,37,130,9,90,34,74,35,89,113,16,36" hai3="65,109,78,1,94,128,28,49,99,46,127,117,106"/><U79/><E131/><V83/><F130/><W61/><G128/><T67/><D93/><U133/><E133/><V55/><F113/><W22/><G109/><T17/><D17/><U13/><E13/><V24/><F55/><W88/><G106/><T18/><D18/><U26/><E102/><V104/><F104/><W97/><G1/><T71/><D100/><U44/><E51/><V42/><F42/><W121/><G121/><T115/><D119/><U19/><E48/><V3/><F3/><W75/><G117/><T41/><D111/><U101/><E79/><V110/><F110/><W40/><G127/><N who="1" m="48714" /><E84/><V116/><F116/><W96/><G78/><T129/><D129/><U4/><E4/><V77/><F35/><W23/><G75/><T108/><D108/><U107/><E107/><V11/><F11/><W54/><G40/><T0/><D0/><U135/><E135/><V68/><F68/><N who="0" m="26186" /><D120/><U12/><E14/><V112/><F112/><AGARI ba="0,0" hai="38,41,45,58,60,62,63,67,112,114,115" m="26186" machi="112" ten="30,2000,0" yaku="34,2" doraHai="30" who="0" fromWho="2" sc="327,20,221,0,202,-20,250,0" /><INIT seed="2,0,0,1,5,61" ten="347,221,182,250" oya="2" hai0="71,75,18,84,96,103,97,127,67,114,60,52,106" hai1="123,88,135,99,82,7,107,110,104,95,100,31,15" hai2="125,76,85,42,3,87,41,27,108,58,34,38,122" hai3="112,29,126,21,0,94,134,129,128,4,132,23,68"/><V64/><F122/><W49/><G68/><T80/><D114/><U46/><E123/><V93/><F125/><W130/><G112/><T2/><D2/><U98/><E31/><V30/><F3/><W1/><G94/><T14/><D75/><U121/><E121/><V119/><F119/><W83/><G83/><T43/><D43/><U109/><E46/><V72/><F72/><W54/><G126/><T19/><D127/><U131/><E15/><V105/><F105/><N who="1" m="40521" /><E7/><V116/><F116/><W26/><G21/><T6/><D96/><N who="1" m="59423" /><E135/><N who="3" m="51754" /><G4/><T13/><D13/><U120/><E120/><V102/><F108/><N who="1" m="41577" /><E131/><V47/><F41/><W73/><G1/><T66/><D14/><U124/><E124/><V36/><F36/><W55/><G0/><T77/><D6/><U78/><E88/><V51/><F76/><W10/><G10/><T12/><D12/><U117/><E117/><V86/><F38/><W16/><G29/><T90/><D90/><U25/><E25/><V20/><F34/><W28/><G28/><T65/><D71/><U35/><E35/><V56/><REACH who="2" step="1"/><F64/><REACH who="2" ten="347,221,172,250" step="2"/><W11/><G130/><T113/><D113/><U40/><E40/><V50/><F50/><W22/><G129/><T91/><D77/><U92/><E92/><V53/><F53/><W8/><G55/><T32/><D32/><U62/><E62/><V45/><F45/><W101/><G128/><T70/><D70/><U133/><E133/><V111/><F111/><W9/><G54/><T39/><D39/><U115/><E115/><V63/><F63/><W74/><G49/><T5/><D5/><RYUUKYOKU ba="0,1" sc="347,10,221,10,172,10,250,-30" hai0="18,19,52,60,65,66,67,80,84,91,97,103,106" hai1="78,82,98,99" hai2="20,27,30,42,47,51,56,58,85,86,87,93,102" /><INIT seed="2,1,1,5,4,102" ten="357,231,182,220" oya="2" hai0="121,66,130,114,31,115,111,15,16,122,33,70,38" hai1="10,63,30,50,32,123,7,97,35,60,108,52,107" hai2="9,23,53,67,126,109,44,131,49,20,81,62,87" hai3="41,21,93,118,100,2,90,124,73,13,0,64,25"/><V80/><F126/><W24/><G118/><T61/><D38/><U77/><E77/><V76/><F131/><W39/><G124/><T86/><D130/><U22/><E108/><V28/><F109/><W91/><G73/><T1/><D111/><U127/><E127/><V19/><F28/><W117/><G117/><T101/><D101/><U105/><E22/><V89/><F9/><W6/><G64/><T56/><D1/><U57/><E123/><V14/><F23/><W132/><G132/><T69/><D31/><U78/><E78/><V59/><REACH who="2" step="1"/><F76/><REACH who="2" ten="357,231,172,220" step="2"/><W99/><G21/><T68/><D33/><U79/><E79/><V43/><F43/><W128/><G128/><T3/><D121/><U55/><E32/><V12/><F12/><W95/><G13/><T37/><D122/><U134/><E30/><V92/><AGARI ba="1,2" hai="14,19,20,44,49,53,59,62,67,80,81,87,89,92" machi="92" ten="20,7800,0" yaku="1,1,0,1,7,1,8,1,53,0" doraHai="102" doraHaiUra="116" who="2" fromWho="2" sc="357,-27,231,-27,172,101,220,-27" /><INIT seed="2,2,0,1,0,115" ten="330,204,273,193" oya="2" hai0="33,56,11,135,59,58,40,42,10,5,76,78,111" hai1="105,13,34,114,17,88,89,86,81,124,69,110,121" hai2="91,48,106,127,94,53,45,97,100,21,71,109,6" hai3="36,0,90,64,119,3,96,134,122,52,74,37,60"/><V103/><F127/><W132/><G122/><T55/><D33/><U43/><E114/><V104/><F109/><W63/><G74/><T85/><D111/><U26/><E110/><V133/><F133/><N who="3" m="51307" /><G119/><T20/><D135/><U51/><E124/><V39/><F71/><N who="3" m="42375" /><G96/><T107/><D107/><U116/><E105/><V131/><F131/><W9/><G90/><T93/><D55/><U35/><E116/><V66/><F66/><W72/><G72/><T4/><D20/><U29/><E69/><V2/><F39/><N who="3" m="14923" /><G9/><T62/><D62/><U25/><E121/><V44/><F21/><W47/><G47/><T27/><D10/><U80/><E34/><V112/><F44/><W38/><N who="3" m="14931" /><W118/><DORA hai="117" /><G118/><T61/><D11/><N who="1" m="6335" /><E35/><V50/><F2/><W126/><G126/><T7/><D61/><U24/><E29/><V15/><F6/><W30/><G30/><T8/><D8/><U70/><E70/><V92/><F45/><W82/><G82/><N who="1" m="31850" /><E86/><V16/><F112/><W1/><G1/><T41/><D27/><U99/><E99/><V130/><F97/><W46/><G46/><AGARI ba="2,0" hai="24,25,26,43,46,51,88,89" m="31850,6335" machi="46" ten="30,2000,0" yaku="8,1,54,1" doraHai="115,117" who="1" fromWho="3" sc="330,0,204,26,273,0,193,-26" /><INIT seed="3,0,0,5,4,70" ten="330,230,273,167" oya="3" hai0="120,7,107,43,116,18,49,124,10,61,3,40,114" hai1="99,78,89,73,129,123,14,130,21,57,128,77,101" hai2="15,84,100,52,98,30,28,33,48,36,102,93,8" hai3="83,91,16,119,37,62,42,51,118,117,80,19,103"/><W131/><G131/><T109/><D116/><U39/><E123/><V45/><F33/><W4/><G103/><T72/><D120/><U54/><E89/><V13/><F102/><W0/><G51/><T59/><D107/><N who="1" m="63935" /><E73/><V122/><F122/><W71/><G0/><T24/><D109/><U1/><E1/><V55/><F36/><W94/><G4/><T31/><D124/><U115/><E115/><V9/><F84/><W97/><G83/><T32/><D72/><U121/><E121/><V106/><F106/><W34/><G34/><T95/><D114/><U6/><E39/><V113/><F113/><W92/><G92/><T126/><D126/><U127/><E127/><V85/><F85/><W90/><G80/><T74/><D74/><U112/><E112/><V58/><F13/><W47/><REACH who="3" step="1"/><G91/><REACH who="3" ten="330,230,273,157" step="2"/><T22/><D49/><N who="1" m="30927" /><E6/><N who="2" m="3479" /><F9/><W11/><G11/><T23/><D95/><U134/><E134/><V12/><F93/><W46/><G46/><T26/><D32/><U132/><E132/><V27/><F45/><W86/><G86/><T65/><AGARI ba="0,1" hai="3,7,10,18,22,23,24,26,31,40,43,59,61,65" machi="65" ten="20,1500,0" yaku="0,1,7,1" doraHai="70" who="0" fromWho="0" sc="330,25,230,-4,273,-4,157,-7" owari="355,45.5,226,-17.4,269,6.9,150,-35.0" /></mjloggm>