<mjloggm ver="2.3"><GO type="225" lobby="0"/><UN n0="%E5%B8%86%E7%AB%8B%E5%A4%8F%E8%A1%A3" n1="%38%63%E3%81%AF%E3%81%A3%E3%81%97%E3%83%BC" n2="%E7%AD%89%E3%80%85%E5%8A%9B%E5%8A%87%E5%A0%B4" n3="%E3%81%86%E3%83%BC%E3%81%B1%E3%83%BC" dan="16,16,17,17" rate="2060.26,2108.65,2150.73,2224.16" sx="M,M,M,F"/><TAIKYOKU oya="0"/><INIT seed="0,0,0,0,1,100" ten="250,250,250,250" oya="0" hai0="96,30,124,34,83,75,86,23,91,57,31,92,24" hai1="55,107,54,1,50,133,118,69,4,88,123,15,120" hai2="113,42,87,21,126,84,56,78,109,18,85,99,129" hai3="112,104,98,63,76,9,90,95,128,5,125,12,68"/><T20/><D124/><U61/><E1/><V49/><F113/><W26/><G112/><T39/><D39/><U27/><E118/><V32/><F32/><W2/><G128/><T48/><D75/><U122/><E27/><V67/><F109/><W41/><G125/><T43/><D31/><U110/><E110/><V131/><F126/><W22/><G76/><T36/><D36/><U135/><E15/><V53/><F42/><W73/><G41/><T116/><D116/><U58/><E4/><V8/><F8/><W37/><G73/><T46/><REACH who="0" step="1"/><D57/><REACH who="0" ten="240,250,250,250" step="2"/><U19/><E122/><V81/><F131/><W106/><G37/><T71/><D71/><U72/><E72/><V7/><F56/><W117/><G117/><T40/><D40/><U0/><E69/><V97/><F129/><W13/><G68/><T127/><D127/><U38/><E38/><V16/><F78/><AGARI ba="0,1" hai="20,23,24,30,34,43,46,48,78,83,86,91,92,96" machi="78" ten="30,2900,0" yaku="1,1,7,1,53,0" doraHai="100" doraHaiUra="35" who="0" fromWho="2" sc="240,39,250,0,250,-29,250,0" /><INIT seed="0,1,0,2,3,71" ten="279,250,221,250" oya="0" hai0="73,16,2,32,103,125,60,49,46,128,113,80,13" hai1="114,98,29,37,1,70,127,112,52,116,33,51,58" hai2="59,12,23,39,97,56,77,99,57,135,53,108,11" hai3="76,50,22,34,91,61,133,78,0,3,105,111,31"/><T69/><D113/><N who="1" m="43627" /><E1/><V75/><F108/><W104/><G34/><T10/><D125/><U64/><E116/><V41/><F135/><W118/><G118/><T47/><D128/><U36/><E127/><V89/><F75/><W68/><G50/><T27/><D103/><U44/><E98/><V109/><F77/><W110/><G61/><T88/><D2/><U40/><E29/><V121/><F109/><W17/><G31/><T100/><D100/><U96/><E96/><V9/><F121/><W86/><G68/><T81/><D32/><U62/><E33/><V42/><F53/><W20/><G17/><N who="0" m="8375" /><D69/><U38/><AGARI ba="1,0" hai="36,37,38,40,44,51,52,58,62,64,70" m="43627" machi="38" ten="30,16000,3" yaku="24,1,11,1,34,2,52,3,54,1" doraHai="71" who="1" fromWho="1" sc="279,-81,250,163,221,-41,250,-41" /><INIT seed="1,0,0,0,0,45" ten="198,413,180,209" oya="1" hai0="80,40,66,85,127,73,101,49,107,46,10,8,1" hai1="21,64,94,70,67,77,47,79,84,93,24,25,9" hai2="83,110,72,87,102,123,19,95,55,30,74,50,27" hai3="86,26,28,52,35,0,92,126,89,2,44,90,69"/><U82/><E77/><V54/><F123/><W116/><G69/><T16/><D127/><U81/><E81/><V39/><F39/><W75/><G75/><T5/><D73/><U3/><E25/><V132/><F110/><W18/><G116/><T100/><D107/><U105/><E105/><V12/><F132/><W65/><G65/><T113/><D66/><U124/><E124/><V15/><F74/><W59/><G126/><T62/><D62/><U56/><E70/><V53/><F72/><W112/><G112/><T115/><D115/><U108/><E108/><V29/><F15/><W111/><G111/><T14/><REACH who="0" step="1"/><D113/><REACH who="0" ten="188,413,180,209" step="2"/><U91/><E67/><V125/><F125/><W122/><G122/><T11/><D11/><U119/><E119/><V98/><F27/><W134/><G134/><T117/><D117/><U88/><E9/><V106/><F106/><W13/><G44/><T20/><D20/><U97/><E47/><V17/><F17/><W48/><G89/><AGARI ba="0,1" hai="1,5,8,10,14,16,40,46,49,80,85,89,100,101" machi="89" ten="30,7700,0" yaku="1,1,7,1,52,1,54,1,53,0" doraHai="45" doraHaiUra="61" who="0" fromWho="3" sc="188,87,413,0,180,0,209,-77" /><INIT seed="2,0,0,0,3,38" ten="275,413,180,132" oya="2" hai0="102,25,70,22,44,27,97,3,109,112,108,104,63" hai1="73,19,6,87,76,124,120,107,31,48,74,16,18" hai2="20,89,96,88,35,71,121,81,32,2,75,91,29" hai3="116,78,101,15,66,132,115,51,128,1,53,111,59"/><V12/><F2/><W106/><G116/><T40/><D112/><U94/><E107/><V135/><F121/><W77/><G1/><T83/><D3/><U62/><E120/><V17/><F71/><W26/><G115/><T21/><D83/><U4/><E31/><V28/><F135/><W65/><G132/><T57/><D70/><U60/><E124/><V45/><F35/><W8/><G111/><N who="0" m="42571" /><D27/><U11/><E73/><V99/><F75/><W86/><G128/><T123/><D25/><U56/><E74/><V9/><F32/><W82/><G78/><T47/><D47/><U23/><E23/><V131/><F131/><W100/><G26/><T114/><D123/><U93/><E48/><V64/><F64/><W113/><G113/><T30/><D30/><N who="2" m="11882" /><F81/><W50/><G51/><N who="0" m="27015" /><D114/><U52/><E62/><V67/><F67/><AGARI ba="0,0" hai="21,22,57,63,67,97,102,104" m="27015,42571" machi="67" ten="30,2000,0" yaku="14,1,52,1" doraHai="38" who="0" fromWho="2" sc="275,20,413,0,180,-20,132,0" /><INIT seed="3,0,0,3,3,96" ten="295,413,160,132" oya="3" hai0="117,75,49,39,107,67,84,51,56,78,23,83,45" hai1="134,123,59,119,102,76,9,4,74,135,95,19,125" hai2="13,111,29,33,31,30,5,126,14,11,48,90,3" hai3="120,20,133,15,82,46,42,124,122,6,62,32,77"/><W72/><G32/><T127/><D117/><U28/><E123/><V40/><F111/><W81/><G133/><T85/><D107/><U0/><E119/><V88/><F33/><W35/><G35/><T132/><D127/><U118/><E118/><V36/><F36/><W113/><G113/><T128/><D132/><N who="1" m="50731" /><E28/><V80/><F126/><W57/><G81/><T99/><D51/><U94/><E102/><V37/><F37/><W41/><G124/><T129/><D85/><U87/><E74/><V58/><F3/><W21/><G42/><T105/><D56/><U47/><E47/><N who="2" m="25703" /><F80/><W7/><G120/><T108/><D23/><U97/><E97/><V130/><F130/><W100/><G100/><T64/><D64/><U27/><E59/><V115/><F115/><W66/><G122/><T24/><D24/><U121/><E121/><V38/><F38/><W110/><G110/><T101/><D67/><U104/><E104/><V18/><F58/><W93/><G93/><T91/><D108/><U98/><E98/><V17/><F5/><W44/><G6/><T86/><D39/><U65/><E9/><AGARI ba="0,0" hai="9,11,13,14,17,18,29,30,31,88,90" m="25703" machi="9" ten="30,2000,0" yaku="8,1,54,1" doraHai="96" who="2" fromWho="1" sc="295,0,413,-20,160,20,132,0" owari="295,9.5,393,49.3,180,-22.0,132,-36.8" /></mjloggm>