<mjloggm ver="2.3"><GO type="225" lobby="0"/><UN n0="%E3%81%AF%E3%82%88%E3%81%8A%E3%81%98%E3%81%95%E3%82%93" n1="%E5%AE%AE%E4%BF%9D%E9%B6%8F%E8%82%89" n2="%E3%82%BC%E3%83%AB%E3%83%80%E3%81%AE%E4%BC%9D%E8%AA%AC" n3="%E3%81%A1%E3%82%85%E3%81%86%E3%81%A9%E3%81%8F%E8%B1%A1%E3%81%95%E3%82%93" dan="16,16,16,16" rate="2156.41,2113.16,2109.72,2120.32" sx="M,M,M,M"/><TAIKYOKU oya="0"/><INIT seed="0,0,0,5,3,88" ten="250,250,250,250" oya="0" hai0="129,44,28,122,108,64,29,113,106,85,95,105,42" hai1="68,97,46,78,130,15,2,76,109,110,120,54,6" hai2="22,7,107,134,98,56,18,77,69,119,96,10,111" hai3="52,126,118,74,115,49,123,8,80,128,37,102,117"/><T45/><D113/><U114/><E120/><V41/><F69/><W89/><G115/><T82/><D122/><U65/><E114/><V75/><F111/><N who="1" m="42505" /><E2/><V112/><F112/><W92/><G123/><T94/><D108/><U11/><E130/><V124/><F124/><W36/><G126/><T58/><D129/><U103/><E65/><V70/><F70/><W72/><G128/><T66/><D105/><N who="1" m="63727" /><E68/><V104/><F134/><W125/><G125/><T47/><D106/><U33/><E33/><V16/><F56/><W86/><G8/><T13/><D42/><U67/><E67/><N who="0" m="25641" /><D58/><U87/><E87/><V38/><F119/><W101/><G74/><T9/><D29/><U21/><E21/><V131/><F131/><W61/><G61/><T48/><D48/><AGARI ba="0,0" hai="6,11,15,46,48,54,76,78" m="63727,42505" machi="48" ten="30,1000,0" yaku="14,1" doraHai="88" who="1" fromWho="0" sc="250,-10,250,10,250,0,250,0" /><INIT seed="1,0,0,2,4,0" ten="240,260,250,250" oya="1" hai0="85,26,134,115,36,109,71,108,100,10,126,92,112" hai1="14,124,63,45,118,73,60,48,40,55,22,21,80" hai2="31,113,111,47,88,135,125,23,53,20,69,52,90" hai3="9,15,83,93,96,5,116,107,122,106,2,44,87"/><U72/><E118/><V32/><F69/><W102/><G122/><T11/><D71/><U82/><E124/><V128/><F125/><W8/><G116/><T105/><D126/><U56/><E63/><V68/><F68/><W29/><G29/><T58/><D36/><U78/><REACH who="1" step="1"/><E14/><REACH who="1" ten="240,250,250,250" step="2"/><V101/><F113/><W77/><REACH who="3" step="1"/><G44/><REACH who="3" ten="240,250,250,240" step="2"/><T98/><D112/><U76/><AGARI ba="0,2" hai="21,22,40,45,48,55,56,60,72,73,76,78,80,82" machi="76" ten="30,11700,0" yaku="1,1,2,1,0,1,9,1,53,0" doraHai="0" doraHaiUra="6" who="1" fromWho="1" sc="240,-39,250,137,250,-39,240,-39" /><INIT seed="1,1,0,3,3,100" ten="201,387,211,201" oya="1" hai0="128,87,9,13,39,133,115,63,84,2,40,8,123" hai1="31,4,90,47,98,18,54,125,122,56,24,29,118" hai2="68,129,37,79,88,75,16,26,117,107,44,52,57" hai3="91,48,92,0,126,20,22,3,96,62,112,71,74"/><U99/><E118/><V58/><F117/><W73/><G126/><T14/><D115/><U45/><E122/><V7/><F68/><W10/><G112/><T80/><D123/><U32/><E4/><V102/><F7/><W83/><G48/><T113/><D113/><U89/><E125/><V66/><F129/><W109/><G109/><T30/><D128/><U43/><E31/><V77/><F75/><W76/><G74/><T15/><D133/><U81/><E18/><V5/><F5/><W36/><G36/><T67/><D30/><U12/><E12/><V86/><F37/><W127/><G127/><T119/><D119/><U82/><E47/><V11/><F107/><W25/><G10/><N who="0" m="4203" /><D39/><U135/><E135/><V105/><F105/><W97/><G97/><T17/><D2/><U6/><E6/><V108/><F102/><W131/><G131/><T72/><D72/><U85/><E82/><N who="2" m="49239" /><F108/><W93/><G93/><T19/><D40/><U132/><E89/><V78/><F66/><W114/><G114/><T50/><D50/><U55/><E132/><V27/><F44/><W41/><G41/><T1/><D1/><U38/><REACH who="1" step="1"/><E54/><REACH who="1" ten="201,377,211,201" step="2"/><V65/><F52/><W28/><G0/><T53/><D53/><U120/><E120/><V104/><F16/><N who="0" m="6218" /><D80/><U116/><E116/><V51/><F26/><W49/><G3/><T70/><D13/><U35/><E35/><V59/><F27/><W61/><G25/><T69/><D14/><U21/><E21/><N who="3" m="8298" /><G28/><T33/><D33/><U103/><E103/><V34/><F34/><W121/><G121/><T124/><D124/><RYUUKYOKU ba="1,1" sc="201,-10,377,30,211,-10,201,-10" hai1="24,29,32,38,43,45,55,56,81,85,90,98,99" /><INIT seed="1,2,1,4,2,115" ten="191,407,201,191" oya="1" hai0="50,12,80,133,107,116,55,30,16,13,108,53,85" hai1="49,23,130,94,14,3,20,10,83,21,28,134,109" hai2="96,99,15,72,67,31,24,39,122,98,68,37,33" hai3="40,4,18,51,125,38,113,90,79,5,131,88,104"/><U9/><E94/><V8/><F72/><W60/><G113/><T97/><D116/><U45/><E3/><V73/><F73/><W7/><G104/><T42/><D108/><U127/><E127/><V105/><F122/><W46/><G125/><T112/><D112/><U93/><E130/><V76/><F76/><W47/><G131/><T22/><D133/><U41/><E83/><V128/><F128/><W95/><G79/><T102/><D30/><U59/><E28/><V64/><F105/><W92/><G18/><T118/><D118/><U89/><E134/><V2/><F2/><W62/><G92/><T58/><D55/><U63/><E14/><V70/><F15/><W35/><G35/><T1/><D42/><U29/><E29/><V126/><F8/><W43/><REACH who="3" step="1"/><G90/><REACH who="3" ten="191,407,201,181" step="2"/><T111/><D111/><U71/><E109/><V48/><F126/><W61/><G61/><T27/><D1/><U120/><E120/><V124/><F124/><W135/><G135/><T56/><D58/><U87/><REACH who="1" step="1"/><E71/><REACH who="1" ten="191,397,201,181" step="2"/><V34/><F70/><W114/><G114/><T110/><D110/><U121/><E121/><V119/><F68/><W69/><G69/><T6/><D6/><U19/><E19/><V36/><F34/><W0/><G0/><T25/><D12/><U106/><E106/><V81/><F119/><W52/><G52/><AGARI ba="2,3" hai="9,10,20,21,23,41,45,49,52,59,63,87,89,93" machi="52" ten="40,7700,0" yaku="1,1,8,1,54,1,53,0" doraHai="115" doraHaiUra="101" who="1" fromWho="3" sc="191,0,397,113,201,0,181,-83" /><INIT seed="1,3,0,5,3,9" ten="191,510,201,98" oya="1" hai0="15,71,56,31,32,81,10,34,37,107,14,22,12" hai1="101,90,1,118,113,3,54,8,2,64,27,108,84" hai2="43,63,125,82,17,106,24,41,92,115,78,53,19" hai3="126,16,45,57,52,111,129,67,28,25,79,124,42"/><U66/><E113/><V117/><F106/><W119/><G111/><T97/><D71/><U99/><E118/><V88/><F117/><W46/><G119/><T127/><D37/><U131/><E131/><V95/><F125/><N who="3" m="48235" /><G129/><T62/><D127/><U85/><E108/><V30/><F115/><W114/><G114/><T68/><D68/><U48/><E8/><V69/><F69/><W47/><G79/><T133/><D133/><U6/><E6/><V49/><F63/><N who="3" m="36263" /><G67/><T40/><D40/><U65/><E27/><V112/><F112/><W130/><G130/><T51/><D51/><U87/><E90/><V0/><F0/><W4/><G4/><T61/><D62/><U121/><E121/><V98/><F95/><W96/><G96/><T36/><D36/><U134/><E134/><V58/><F43/><W44/><G42/><T93/><D107/><U20/><E20/><V103/><F41/><W73/><N who="3" m="11264" /><DORA hai="35" /><W94/><G94/><T75/><D10/><U109/><E109/><V105/><F105/><W86/><G86/><T18/><D34/><U100/><E99/><V23/><REACH who="2" step="1"/><F103/><REACH who="2" ten="191,510,191,98" step="2"/><W123/><G123/><T83/><D93/><U39/><E39/><V76/><F76/><W104/><G104/><T38/><D38/><U11/><E100/><V80/><F80/><W132/><G132/><T59/><D83/><U110/><E101/><V120/><F120/><W128/><G128/><T77/><D81/><U60/><E110/><V70/><F70/><W122/><G122/><T5/><D77/><U89/><E1/><V26/><F26/><W74/><G28/><RYUUKYOKU ba="3,1" sc="191,-15,510,-15,191,15,98,15" hai2="17,19,23,24,30,49,53,58,78,82,88,92,98" hai3="16,25,73,74" /><INIT seed="2,4,1,2,4,91" ten="176,495,206,113" oya="2" hai0="5,83,101,75,61,88,117,41,112,72,135,3,74" hai1="42,29,126,11,8,39,16,17,132,129,6,107,134" hai2="113,54,27,65,46,105,14,100,77,128,84,40,32" hai3="130,118,58,57,87,82,13,34,133,31,56,63,80"/><V73/><F113/><W22/><G118/><T51/><D112/><U125/><E107/><V21/><F73/><W10/><G133/><N who="1" m="51306" /><E29/><V62/><F128/><W52/><G130/><T35/><D135/><U99/><E99/><V116/><F116/><W98/><G34/><T97/><D117/><U102/><E102/><V68/><F14/><W121/><G121/><T9/><D35/><U120/><E11/><V48/><F77/><W20/><G98/><T55/><D61/><U93/><E93/><V131/><F131/><W15/><G82/><T59/><D41/><U103/><E103/><V109/><F109/><W122/><G122/><T66/><D66/><U111/><E111/><V49/><F84/><W18/><G13/><T43/><D43/><U33/><E33/><V44/><F32/><W104/><G104/><T30/><D30/><U108/><E108/><V78/><F78/><W95/><G95/><T90/><REACH who="0" step="1"/><D83/><REACH who="0" ten="166,495,206,113" step="2"/><U37/><E129/><V47/><F40/><W110/><G110/><T0/><D0/><N who="1" m="71" /><E120/><V45/><F65/><W127/><G127/><N who="1" m="48650" /><E42/><V24/><F62/><W4/><G31/><T106/><AGARI ba="4,2" hai="3,5,9,51,55,59,72,74,75,88,90,97,101,106" machi="106" ten="30,4000,0" yaku="1,1,0,1,54,1,53,0" doraHai="91" doraHaiUra="123" who="0" fromWho="0" sc="166,72,495,-14,206,-24,113,-14" /><INIT seed="3,0,0,4,2,105" ten="238,481,182,99" oya="3" hai0="40,74,21,77,14,118,124,125,102,116,93,87,69" hai1="114,50,51,47,101,37,126,130,108,62,112,59,128" hai2="29,1,3,43,119,82,18,63,46,10,107,131,49" hai3="84,73,80,41,104,34,61,16,36,75,9,94,110"/><W60/><G104/><T68/><D40/><N who="1" m="22927" /><E101/><V100/><F131/><N who="1" m="50217" /><E108/><V19/><F119/><W24/><G110/><T78/><D74/><U28/><E28/><V8/><F18/><W12/><G94/><T120/><D14/><U44/><E126/><V5/><F10/><W27/><G41/><T48/><D21/><U81/><E81/><V79/><F79/><W35/><G36/><T7/><D48/><N who="1" m="18475" /><E44/><V0/><F63/><W52/><G61/><T39/><D87/><U89/><E89/><V83/><F19/><W55/><G34/><T64/><D69/><U88/><E88/><V22/><F8/><W122/><G122/><T113/><D64/><AGARI ba="0,0" hai="59,62,64,112,114" m="18475,50217,22927" machi="64" ten="30,3900,0" yaku="19,1,34,2" doraHai="105" who="1" fromWho="0" sc="238,-39,481,39,182,0,99,0" owari="199,-0.1,520,62.0,182,-21.8,99,-40.1" /></mjloggm>