<mjloggm ver="2.3"><GO type="225" lobby="0"/><UN n0="%72%65%6E%6B%75%6E" n1="%E3%81%BF%E3%81%BF%E3%81%9A" n2="%E3%81%93%E3%82%93%E3%81%A9%E3%83%BC%E3%81%95%E3%82%93" n3="%E6%A0%B9%E5%85%83%E3%81%8B%E3%82%89%E5%90%B9%E3%81%A3%E9%A3%9B%E3%81%B6" dan="17,17,16,17" rate="2203.34,2278.60,2092.67,2194.10" sx="M,M,F,F"/><TAIKYOKU oya="0"/><INIT seed="0,0,0,3,2,116" ten="250,250,250,250" oya="0" hai0="30,55,135,107,45,127,24,60,111,15,20,91,128" hai1="123,7,12,51,104,34,21,94,48,95,66,28,6" hai2="62,120,43,44,103,84,105,74,81,61,17,56,1" hai3="41,89,72,124,126,109,25,68,134,118,16,33,90"/><T79/><D107/><U131/><E104/><V101/><F74/><W125/><G118/><T52/><D79/><U121/><E34/><V132/><F120/><W29/><G109/><T2/><D2/><U80/><E66/><V49/><F1/><W10/><G72/><T37/><D111/><U119/><E119/><V115/><F132/><W113/><G113/><T130/><D135/><U87/><E131/><N who="0" m="50217" /><D127/><U36/><E36/><V99/><F115/><W106/><G106/><T71/><D91/><N who="3" m="34825" /><G68/><T92/><D92/><N who="1" m="35371" /><E123/><V23/><F103/><W70/><G70/><T122/><D122/><U35/><E35/><V31/><F31/><W100/><G41/><N who="0" m="22703" /><D15/><U26/><E121/><V22/><F17/><W8/><G134/><T53/><D71/><U57/><E12/><V129/><F129/><W77/><G77/><T59/><AGARI ba="0,0" hai="20,24,30,52,53,55,59,60" m="22703,50217" machi="59" ten="30,3000,0" yaku="19,1,54,1" doraHai="116" who="0" fromWho="0" sc="250,30,250,-10,250,-10,250,-10" /><INIT seed="0,1,0,0,2,82" ten="280,240,240,240" oya="0" hai0="19,44,115,101,76,90,55,84,9,54,117,3,25" hai1="126,92,74,35,34,41,107,103,59,99,128,123,88" hai2="47,121,26,72,81,122,111,21,68,129,66,135,112" hai3="37,40,86,33,15,4,65,120,98,113,16,109,49"/><T43/><D115/><U6/><E123/><V134/><F68/><W1/><G113/><T27/><D117/><U97/><E128/><V93/><F112/><W114/><G33/><T132/><D132/><N who="2" m="50730" /><F66/><W119/><G109/><T45/><D101/><U52/><E126/><V38/><F111/><W73/><G73/><T46/><D76/><U62/><E74/><V51/><F38/><W2/><G119/><T127/><D43/><U18/><E6/><V5/><F5/><W104/><G120/><T29/><D127/><U36/><REACH who="1" step="1"/><E18/><REACH who="1" ten="280,230,240,240" step="2"/><N who="2" m="12599" /><F129/><W14/><G4/><T118/><D118/><U116/><E116/><V13/><F72/><W31/><G16/><T53/><D3/><U80/><E80/><V69/><F81/><W23/><G2/><T106/><D106/><U67/><E67/><V48/><F122/><W61/><G1/><T100/><D29/><U0/><E0/><V125/><F121/><W17/><G104/><T95/><D100/><U78/><E78/><V70/><F125/><W102/><G31/><T8/><REACH who="0" step="1"/><D19/><REACH who="0" ten="270,230,240,240" step="2"/><U57/><E57/><V50/><F69/><W28/><G17/><T30/><D30/><U32/><E32/><V7/><F70/><W83/><G28/><T58/><D58/><U56/><E56/><V108/><F108/><W77/><G114/><T91/><D91/><U79/><E79/><V85/><F47/><AGARI ba="1,2" hai="34,35,36,41,47,52,59,62,88,92,97,99,103,107" machi="47" ten="40,5200,0" yaku="1,1,54,2,53,0" doraHai="82" doraHaiUra="124" who="1" fromWho="2" sc="270,0,230,75,240,-55,240,0" /><INIT seed="1,0,0,0,1,7" ten="270,305,185,240" oya="1" hai0="83,75,36,6,47,30,23,92,135,102,38,46,33" hai1="57,45,76,29,106,61,78,17,129,48,20,24,90" hai2="123,79,110,77,4,86,115,14,108,64,130,11,121" hai3="133,124,65,109,101,131,70,82,122,111,114,80,107"/><U49/><E106/><V19/><F64/><W59/><G122/><N who="2" m="46601" /><F86/><W113/><G70/><T126/><D33/><U81/><E129/><V58/><F58/><W32/><G32/><T105/><D105/><U27/><E90/><V42/><F42/><W60/><G124/><T8/><D126/><U31/><E45/><V52/><F52/><W71/><G131/><T112/><D23/><N who="1" m="13423" /><E31/><V53/><F53/><W12/><G12/><T1/><D30/><U51/><E81/><N who="3" m="31338" /><G71/><T54/><D47/><U67/><AGARI ba="0,0" hai="20,27,29,48,49,51,57,61,67,76,78" m="13423" machi="67" ten="30,1500,0" yaku="8,1" doraHai="7" who="1" fromWho="1" sc="270,-5,305,15,185,-5,240,-5" /><INIT seed="1,1,0,2,1,134" ten="265,320,180,235" oya="1" hai0="117,46,83,59,105,58,91,54,11,127,84,111,69" hai1="60,38,88,108,135,15,110,34,17,125,61,29,21" hai2="98,71,96,9,16,10,112,97,67,52,32,102,12" hai3="121,126,79,118,53,47,131,3,24,89,13,123,66"/><U72/><E38/><V57/><F32/><W22/><G3/><T86/><D69/><U113/><E113/><V76/><F112/><W120/><G131/><T80/><D105/><U45/><E135/><V33/><F33/><W64/><G118/><T100/><D100/><U90/><E72/><V41/><F71/><W107/><G107/><T50/><D117/><U132/><E45/><V20/><F67/><W74/><G74/><T2/><D111/><N who="1" m="42539" /><E125/><V28/><F76/><W36/><G79/><T85/><D127/><U77/><E77/><V82/><F82/><W114/><G114/><T65/><D65/><U30/><E132/><V68/><F68/><W23/><G89/><N who="1" m="34410" /><E34/><V124/><F124/><W14/><G126/><T62/><D91/><U73/><E73/><V115/><F115/><W81/><G36/><T40/><D59/><U99/><E99/><V92/><F41/><W19/><G81/><T27/><D83/><U63/><AGARI ba="1,0" hai="15,17,21,29,30,60,61,63" m="34410,42539" machi="63" ten="40,7800,0" yaku="14,1,10,1,54,1" doraHai="134" who="1" fromWho="1" sc="265,-27,320,81,180,-27,235,-27" /><INIT seed="1,2,0,0,3,89" ten="238,401,153,208" oya="1" hai0="67,131,10,95,29,108,82,32,56,105,7,2,47" hai1="42,11,101,61,113,37,98,114,115,121,125,94,71" hai2="59,134,77,109,106,87,91,49,85,52,92,69,122" hai3="90,104,118,50,81,38,72,64,70,14,28,20,78"/><U107/><E121/><V57/><F69/><W103/><G118/><T83/><D105/><U0/><E125/><V17/><F106/><W80/><G38/><T60/><D108/><U119/><E119/><V76/><F122/><W45/><G64/><T128/><D47/><U15/><E0/><V111/><F134/><W79/><G70/><T13/><D2/><U112/><E114/><V31/><F31/><W21/><G90/><T135/><D135/><U33/><E33/><V66/><F17/><W51/><G104/><T26/><REACH who="0" step="1"/><D95/><REACH who="0" ten="228,401,153,208" step="2"/><U132/><E107/><V84/><F111/><W96/><G45/><T126/><D126/><U34/><E132/><V36/><F109/><W46/><G46/><T88/><D88/><U133/><E94/><V1/><F1/><W120/><G120/><T8/><D8/><U63/><E133/><V100/><F36/><W73/><G103/><T12/><D12/><U24/><E11/><V99/><F100/><W44/><G44/><T3/><D3/><U30/><E15/><V93/><F93/><W74/><G14/><T123/><D123/><U62/><E115/><V58/><REACH who="2" step="1"/><F66/><REACH who="2" ten="228,401,143,208" step="2"/><W130/><G28/><T18/><D18/><U6/><E113/><V23/><F23/><W97/><G20/><T116/><D116/><U110/><E112/><V27/><F27/><W68/><G21/><T5/><D5/><U25/><E110/><V102/><F102/><W9/><G9/><T65/><D65/><N who="1" m="41391" /><E6/><V75/><F75/><W55/><G74/><T48/><D48/><U39/><E39/><V19/><F19/><W129/><G68/><RYUUKYOKU ba="2,2" sc="228,10,401,-30,143,10,208,10" hai0="7,10,13,26,29,32,56,60,67,82,83,128,131" hai2="49,52,57,58,59,76,77,84,85,87,91,92,99" hai3="50,51,55,72,73,78,79,80,81,96,97,129,130" /><INIT seed="2,3,2,2,1,19" ten="238,371,153,218" oya="2" hai0="42,94,123,77,95,73,21,119,2,131,100,63,7" hai1="58,128,13,103,74,76,70,132,31,109,72,17,104" hai2="99,68,24,23,6,15,127,86,112,61,96,133,0" hai3="113,85,18,66,118,20,1,57,106,53,101,22,11"/><V108/><F112/><W10/><G118/><T120/><D119/><U26/><E70/><V114/><F114/><W75/><G75/><T88/><D131/><U105/><E128/><V80/><F133/><W55/><G113/><T69/><D42/><U34/><E132/><V41/><F127/><W102/><G106/><T134/><D134/><U33/><E33/><V115/><F115/><W50/><G66/><T39/><D39/><U32/><E32/><V65/><F0/><W130/><G130/><T3/><D77/><U129/><E129/><V116/><F116/><W5/><G85/><T117/><D73/><U43/><E43/><V27/><F108/><W37/><G37/><T92/><D100/><U4/><E109/><V35/><F41/><W78/><G78/><T71/><D117/><U111/><E4/><V79/><F35/><W107/><G107/><T81/><D21/><N who="3" m="8297" /><G18/><T29/><D29/><U51/><E74/><V12/><F27/><W52/><G1/><T125/><D125/><U54/><E111/><V25/><F25/><W64/><G64/><N who="0" m="41119" /><D71/><U93/><E76/><V122/><F122/><W124/><G124/><T135/><D135/><U84/><E72/><V56/><F68/><W91/><G91/><T82/><D2/><U97/><E84/><V121/><F121/><N who="0" m="46666" /><D88/><U9/><AGARI ba="3,2" hai="9,13,17,26,31,34,51,54,58,93,97,103,104,105" machi="9" ten="20,1500,0" yaku="0,1,7,1" doraHai="19" who="1" fromWho="1" sc="238,-7,371,44,153,-10,218,-7" /><INIT seed="3,0,0,4,2,66" ten="231,415,143,211" oya="3" hai0="116,30,16,13,4,102,107,127,60,114,81,6,121" hai1="1,130,113,118,119,42,57,97,129,85,55,78,109" hai2="48,101,93,108,67,41,14,80,15,88,11,89,23" hai3="98,9,110,76,73,135,25,134,115,49,106,96,125"/><W45/><G115/><T54/><D121/><U40/><E109/><V72/><F108/><W99/><G125/><T94/><D116/><N who="1" m="44587" /><E1/><V87/><F72/><W26/><G106/><T68/><D127/><U104/><E113/><V64/><F101/><W117/><G117/><T43/><D107/><U8/><E8/><V46/><F23/><W36/><G36/><T132/><D30/><U3/><E3/><V63/><F63/><W82/><G9/><T24/><D54/><U70/><E70/><V86/><REACH who="2" step="1"/><F15/><REACH who="2" ten="231,415,133,211" step="2"/><W59/><G110/><T50/><D60/><N who="1" m="35903" /><E78/><V65/><F65/><W38/><G135/><T47/><D13/><U53/><E85/><V12/><F12/><W84/><G134/><T28/><D132/><U44/><E53/><V33/><F33/><W112/><G25/><T29/><D102/><N who="1" m="62543" /><E40/><V103/><F103/><W21/><G26/><T2/><D24/><U5/><E5/><AGARI ba="0,1" hai="5,11,14,41,46,48,64,67,80,86,87,88,89,93" machi="5" ten="30,7700,0" yaku="1,1,7,1,8,1,54,1,53,0" doraHai="66" doraHaiUra="58" who="2" fromWho="1" sc="231,0,415,-77,133,87,211,0" owari="231,3.1,338,43.8,220,-18.0,211,-28.9" /></mjloggm>