<mjloggm ver="2.3"><GO type="225" lobby="0"/><UN n0="%E3%81%BF%E3%81%BF%E3%81%9A" n1="%6D%75%75%6D%75%72%61" n2="%73%75%7A%75%72%61%6E%65" n3="%E7%BD%AA%E5%88%91%E6%B3%95%E5%AE%9A%E4%B8%BB%E7%BE%A9" dan="16,17,16,16" rate="2159.67,2177.62,2025.26,2155.00" sx="M,F,M,M"/><TAIKYOKU oya="0"/><INIT seed="0,0,0,1,1,6" ten="250,250,250,250" oya="0" hai0="44,4,88,61,27,60,28,10,126,113,24,96,127" hai1="26,82,39,75,34,133,89,9,117,18,40,32,36" hai2="23,100,7,76,134,66,118,51,47,37,58,132,48" hai3="98,91,110,129,57,38,15,14,8,131,16,21,68"/><T119/><D113/><U63/><E117/><V90/><F76/><W52/><G68/><T20/><D119/><U25/><E133/><N who="2" m="51307" /><F100/><W130/><G38/><T108/><D108/><U102/><E102/><V73/><F73/><W104/><G110/><T80/><D44/><U0/><E63/><N who="2" m="38263" /><F90/><W122/><G122/><T115/><D27/><U59/><E59/><V123/><F23/><W77/><G77/><T103/><D115/><U5/><E75/><V54/><F7/><W19/><G104/><T62/><D80/><U92/><E82/><V135/><N who="2" m="51315" /><V116/><DORA hai="2" /><F37/><W111/><G111/><T84/><D84/><U45/><E36/><V114/><F114/><W101/><G101/><T72/><D72/><U12/><E34/><V74/><F74/><W46/><G46/><T85/><D85/><U11/><REACH who="1" step="1"/><E32/><REACH who="1" ten="250,240,250,250" step="2"/><V120/><F118/><W55/><G57/><T83/><D83/><U35/><E35/><V124/><F116/><W49/><G49/><T79/><D79/><U67/><E67/><V33/><F33/><W97/><G91/><T128/><D88/><U41/><E41/><N who="2" m="24687" /><F124/><N who="0" m="47658" /><D103/><U125/><E125/><V42/><F42/><W87/><G87/><AGARI ba="0,1" hai="0,5,9,11,12,18,25,26,39,40,45,87,89,92" machi="87" ten="30,8000,1" yaku="1,1,7,1,52,3,53,0" doraHai="6,2" doraHaiUra="95,29" who="1" fromWho="3" sc="250,0,240,90,250,0,250,-80" /><INIT seed="1,0,0,0,3,106" ten="250,330,250,170" oya="1" hai0="124,44,102,88,52,123,82,73,70,17,86,68,133" hai1="97,42,50,101,72,109,4,32,28,7,112,3,5" hai2="8,120,114,100,134,22,63,54,46,33,129,0,56" hai3="26,43,14,59,34,1,39,35,115,2,65,53,127"/><U37/><E112/><V132/><F114/><W85/><G115/><T89/><D102/><U117/><E117/><V99/><F33/><W90/><G127/><T15/><D124/><U58/><E37/><V79/><F120/><W30/><G35/><T98/><D133/><N who="2" m="51306" /><F129/><W81/><G65/><T48/><D123/><U25/><E109/><V95/><F22/><W105/><G105/><T38/><D38/><U121/><E121/><V77/><F46/><W23/><G43/><T66/><D66/><U83/><E3/><V76/><F8/><W16/><REACH who="3" step="1"/><G39/><REACH who="3" ten="250,330,250,160" step="2"/><T87/><D98/><U113/><E97/><V128/><F128/><W21/><G21/><T24/><D68/><U13/><E113/><V71/><F0/><W12/><G12/><T67/><D70/><AGARI ba="0,1" hai="54,56,63,70,71,76,77,79,95,99,100" m="51306" machi="70" ten="30,1000,0" yaku="20,1" doraHai="106" who="2" fromWho="0" sc="250,-10,330,0,250,20,160,0" /><INIT seed="2,0,0,0,2,23" ten="240,330,270,160" oya="2" hai0="77,127,54,38,73,120,126,32,80,35,19,131,39" hai1="50,115,68,1,13,91,56,74,117,129,107,18,67" hai2="20,59,96,49,8,43,29,22,81,45,90,17,133" hai3="86,71,122,57,14,0,101,42,125,62,97,66,132"/><V6/><F133/><W76/><G122/><T113/><D113/><U40/><E115/><V28/><F59/><W4/><G132/><T7/><D120/><U75/><E117/><V83/><F83/><W10/><G125/><N who="0" m="47627" /><D131/><U100/><E1/><V53/><F43/><W87/><G76/><T84/><D84/><U24/><E100/><V102/><F90/><W33/><G42/><T124/><N who="0" m="47635" /><T12/><DORA hai="3" /><D7/><U34/><E107/><V105/><F81/><W60/><G0/><T106/><D106/><U25/><E75/><V109/><F109/><W9/><G9/><N who="0" m="6543" /><D54/><U104/><E74/><V110/><F110/><W64/><REACH who="3" step="1"/><G33/><AGARI ba="0,0" hai="32,33,35,38,39,73,77,80" m="6543,47635" machi="33" ten="40,1300,0" yaku="18,1" doraHai="23,3" who="0" fromWho="3" sc="240,13,330,0,270,0,160,-13" /><INIT seed="3,0,0,0,3,41" ten="253,330,270,147" oya="3" hai0="109,77,85,104,103,31,14,1,97,63,93,56,9" hai1="127,66,69,101,59,125,13,71,10,111,23,124,46" hai2="28,33,7,32,90,118,119,95,24,17,57,21,5" hai3="0,34,75,79,2,38,36,53,64,72,54,84,45"/><W25/><G64/><T134/><D109/><U107/><E111/><V116/><F57/><W126/><G126/><T88/><D134/><U12/><E46/><V115/><F115/><W60/><G60/><T29/><D1/><U129/><E129/><V108/><F108/><W55/><G84/><T100/><D100/><U113/><E113/><V35/><F90/><W128/><G128/><T27/><D27/><U4/><E59/><V20/><REACH who="2" step="1"/><F95/><REACH who="2" ten="253,330,260,147" step="2"/><W30/><G38/><T8/><D77/><U16/><E66/><V83/><F83/><W86/><G86/><T73/><D73/><U15/><E107/><V135/><F135/><W76/><G76/><T89/><D89/><U132/><E132/><V117/><F117/><W80/><REACH who="3" step="1"/><G75/><REACH who="3" ten="253,330,260,137" step="2"/><T44/><D63/><U39/><E124/><V121/><F121/><W42/><AGARI ba="0,2" hai="0,2,25,30,34,36,42,45,53,54,55,72,79,80" machi="42" ten="30,11700,0" yaku="1,1,2,1,0,1,52,1,53,0" doraHai="41" doraHaiUra="96" who="3" fromWho="3" sc="253,-39,330,-39,260,-39,137,137" /><INIT seed="3,1,0,4,0,76" ten="214,291,221,274" oya="3" hai0="85,11,130,119,113,70,27,107,74,87,95,5,38" hai1="101,67,18,9,126,65,108,48,127,44,12,46,134" hai2="71,39,98,20,78,60,40,26,120,55,6,102,88" hai3="103,31,21,56,109,66,86,89,72,69,104,0,54"/><W8/><G72/><T30/><D119/><U93/><E108/><V114/><F114/><W68/><G109/><T123/><D74/><U64/><E134/><V2/><F78/><W92/><G66/><T49/><D107/><U122/><E122/><V62/><F39/><W99/><G31/><T22/><D38/><U36/><E36/><V129/><F40/><W116/><G116/><T105/><D105/><U128/><E128/><V133/><F129/><W90/><G21/><T124/><D70/><U47/><E48/><V34/><F34/><W1/><G90/><T110/><D123/><U81/><E81/><V79/><F79/><W59/><G59/><T97/><D110/><U82/><E82/><V84/><F133/><W15/><G69/><T4/><D130/><U24/><E24/><V37/><F37/><W17/><REACH who="3" step="1"/><G68/><REACH who="3" ten="214,291,221,264" step="2"/><T73/><D73/><U51/><E65/><V25/><F71/><W135/><G135/><T3/><D113/><U52/><E64/><V23/><F23/><W58/><G58/><T117/><D117/><U19/><E67/><V42/><F20/><W28/><G28/><T83/><D124/><U50/><E126/><V112/><F112/><W13/><G13/><T57/><D83/><U43/><E127/><V131/><F131/><W16/><G16/><T91/><REACH who="0" step="1"/><D4/><REACH who="0" ten="204,291,221,264" step="2"/><U111/><E111/><V29/><F6/><W10/><G10/><T132/><D132/><U63/><E9/><V94/><F120/><W35/><G35/><T125/><D125/><U7/><E7/><V115/><F115/><W77/><G77/><T121/><D121/><RYUUKYOKU ba="1,2" sc="204,15,291,-15,221,-15,264,15" hai0="3,5,11,22,27,30,49,57,85,87,91,95,97" hai3="0,1,8,15,17,54,56,86,89,92,99,103,104" /><INIT seed="3,2,2,0,1,54" ten="219,276,206,279" oya="3" hai0="123,13,78,62,38,99,20,129,11,9,105,31,98" hai1="1,16,55,40,52,116,90,53,102,35,118,17,89" hai2="81,45,72,50,76,61,83,49,59,67,85,51,134" hai3="34,113,135,130,71,27,114,44,120,6,37,43,30"/><W21/><G120/><T2/><D123/><U64/><E35/><V103/><F134/><W36/><G36/><T65/><D38/><U93/><E1/><V18/><F18/><N who="1" m="7273" /><E40/><V47/><REACH who="2" step="1"/><F103/><REACH who="2" ten="219,276,196,279" step="2"/><W128/><G135/><T7/><D129/><U15/><E102/><V26/><F26/><W126/><G128/><T92/><D31/><U125/><E116/><V70/><F70/><W82/><G130/><T104/><D20/><U58/><E118/><V66/><F66/><W107/><G21/><T19/><D78/><AGARI ba="2,3" hai="45,47,49,50,51,59,61,67,72,76,78,81,83,85" machi="78" ten="40,2600,0" yaku="1,1,52,1,53,0" doraHai="54" doraHaiUra="39" who="2" fromWho="0" sc="219,-32,276,0,196,62,279,0" /><INIT seed="4,0,0,2,2,62" ten="187,276,258,279" oya="0" hai0="10,109,93,98,72,18,102,135,73,49,88,31,32" hai1="26,80,22,92,28,46,101,132,127,119,97,57,122" hai2="35,125,36,65,81,30,70,20,0,124,9,59,123" hai3="103,85,25,12,51,134,8,66,23,47,2,130,34"/><T63/><D135/><U110/><E132/><V84/><F123/><W78/><G134/><T29/><D109/><U6/><E122/><V82/><F36/><W42/><G34/><T1/><D49/><U55/><E110/><V83/><F35/><W45/><G2/><T75/><D32/><U128/><E127/><N who="2" m="48715" /><F70/><W89/><G130/><T118/><D118/><U100/><E128/><V120/><F120/><W38/><G103/><T116/><D116/><U105/><E119/><V19/><F30/><W15/><G78/><T68/><D102/><U129/><E129/><V79/><F9/><W126/><G126/><T112/><D112/><U86/><E6/><V50/><F0/><W14/><G8/><T96/><D96/><U39/><E39/><V48/><F48/><W27/><G23/><T37/><D37/><U107/><E46/><V24/><F50/><W95/><REACH who="3" step="1"/><G66/><REACH who="3" ten="187,276,258,269" step="2"/><T106/><D106/><U11/><E101/><V52/><F65/><W77/><G77/><T4/><REACH who="0" step="1"/><D18/><REACH who="0" ten="177,276,258,269" step="2"/><U131/><E105/><V17/><F19/><W13/><N who="3" m="3072" /><DORA hai="64" /><W16/><G16/><T58/><D58/><U113/><E107/><V108/><F108/><W121/><G121/><T44/><D44/><U117/><E113/><V104/><F104/><W94/><G94/><T5/><D5/><U54/><E131/><V41/><F41/><AGARI ba="0,2" hai="25,27,38,41,42,45,47,51,85,89,95" m="3072" machi="41" ten="50,6400,0" yaku="1,1,53,2" doraHai="62,64" doraHaiUra="7,40" who="3" fromWho="2" sc="177,0,276,0,258,-64,269,84" owari="177,-32.3,276,7.6,194,-20.6,353,45.3" /></mjloggm>