<mjloggm ver="2.3"><GO type="225" lobby="0"/><UN n0="%E3%82%BC%E3%83%AB%E3%83%80%E3%81%AE%E4%BC%9D%E8%AA%AC" n1="%E8%BE%9B%E5%8F%A3%E3%82%AB%E3%83%AC%E3%83%BC%E3%83%A9%E3%82%A4%E3%82%B9" n2="%E7%AB%8B%E7%9B%B4%E5%A5%BD%E6%A3%92%40%E5%BF%98" n3="%E3%82%B3%E3%83%90%E3%83%AC%E3%82%A4" dan="17,17,17,16" rate="2156.88,2241.69,2140.99,2165.36" sx="M,M,M,M"/><TAIKYOKU oya="0"/><INIT seed="0,0,0,2,4,114" ten="250,250,250,250" oya="0" hai0="64,105,122,42,68,63,124,26,115,37,38,17,29" hai1="28,21,83,1,134,108,22,8,15,90,62,35,69" hai2="45,77,52,116,106,43,36,34,103,82,76,27,61" hai3="56,5,55,14,44,85,101,49,121,32,75,132,94"/><T73/><D115/><U10/><E69/><V119/><F106/><W3/><G75/><T80/><D122/><U92/><E62/><V81/><F103/><W70/><G32/><T95/><D124/><U135/><E83/><N who="2" m="31755" /><F61/><W71/><G3/><T59/><D17/><N who="1" m="8423" /><E90/><V97/><F97/><W111/><G121/><T51/><D95/><U102/><E92/><V25/><F52/><W129/><G71/><T48/><D48/><U4/><E102/><V33/><F33/><W2/><G2/><T53/><D105/><U20/><E108/><V99/><F99/><W46/><G70/><T66/><D66/><U87/><E87/><V30/><F25/><AGARI ba="0,0" hai="1,4,10,20,21,22,25,28,35,134,135" m="8423" machi="25" ten="30,2000,0" yaku="34,2" doraHai="114" who="1" fromWho="2" sc="250,0,250,20,250,-20,250,0" /><INIT seed="1,0,0,5,1,79" ten="250,270,230,250" oya="1" hai0="36,45,89,76,131,127,111,91,15,6,52,40,120" hai1="117,121,4,116,88,7,66,72,26,41,49,22,69" hai2="135,3,115,74,98,112,71,113,2,35,14,104,103" hai3="39,0,67,63,37,29,60,23,57,110,58,90,124"/><U95/><E121/><V130/><F130/><W97/><G0/><T108/><D131/><U44/><E72/><V99/><F135/><W77/><G77/><T30/><D120/><U86/><E69/><V11/><F71/><W47/><G124/><T83/><D127/><U132/><E132/><V92/><F35/><W93/><G47/><T46/><D30/><U25/><E66/><V94/><F74/><W62/><G62/><T122/><D122/><U80/><E26/><V28/><F28/><W21/><G110/><N who="0" m="42027" /><D15/><U64/><E64/><V48/><F48/><W126/><G126/><T9/><D9/><U10/><E95/><N who="2" m="36395" /><F99/><W8/><G8/><T27/><D6/><AGARI ba="0,0" hai="2,3,6,11,14,98,103,104,112,113,115" m="36395" machi="6" ten="30,1000,0" yaku="11,1" doraHai="79" who="2" fromWho="0" sc="250,-10,270,0,230,10,250,0" /><INIT seed="2,0,0,5,0,55" ten="240,270,240,250" oya="2" hai0="84,13,10,108,49,88,6,117,86,9,112,40,29" hai1="25,111,116,127,124,91,102,28,93,73,53,22,41" hai2="133,0,3,115,61,33,109,67,83,129,65,122,95" hai3="52,57,48,51,35,98,50,103,12,87,130,36,5"/><V96/><F115/><W15/><G35/><T100/><D112/><U30/><E116/><V119/><F122/><W77/><G36/><T120/><D120/><U97/><E73/><V101/><F119/><W23/><G130/><T62/><D117/><U74/><E74/><V68/><F33/><W8/><G77/><T85/><D108/><U32/><E111/><V7/><F109/><W42/><G87/><T4/><D100/><U31/><E41/><V59/><F129/><W135/><G135/><T82/><D29/><U20/><E32/><V78/><F133/><W110/><G110/><T128/><D128/><U69/><E69/><V11/><F67/><W45/><G23/><T131/><D131/><U72/><E72/><V19/><F19/><W89/><G89/><T58/><D49/><U134/><E134/><V118/><F118/><W123/><G123/><T125/><D40/><U121/><E121/><V70/><REACH who="2" step="1"/><F0/><REACH who="2" ten="240,270,230,250" step="2"/><W14/><REACH who="3" step="1"/><G50/><REACH who="3" ten="240,270,230,240" step="2"/><T1/><REACH who="0" step="1"/><D125/><REACH who="0" ten="230,270,230,240" step="2"/><U21/><E124/><V90/><F90/><W17/><G17/><T63/><D63/><U104/><E127/><V105/><F105/><AGARI ba="0,3" hai="5,8,12,14,15,42,45,48,51,52,57,98,103,105" machi="105" ten="30,7700,0" yaku="1,1,7,1,52,1,54,1,53,0" doraHai="55" doraHaiUra="24" who="3" fromWho="2" sc="230,0,270,0,230,-77,240,107" /><INIT seed="3,0,0,3,1,77" ten="230,270,153,347" oya="3" hai0="6,60,118,135,43,56,45,123,24,120,30,28,11" hai1="81,37,35,103,41,83,133,116,3,89,40,114,79" hai2="32,100,102,67,51,128,99,93,48,50,127,10,52" hai3="108,16,34,14,70,105,94,21,65,58,5,106,130"/><W109/><G34/><T74/><D74/><U119/><E114/><V42/><F32/><W46/><G70/><T76/><D76/><U84/><E35/><V75/><F75/><W68/><G68/><T17/><D17/><U7/><E133/><V131/><F42/><W113/><G113/><T13/><D118/><N who="1" m="45099" /><E103/><V101/><F67/><W22/><G130/><T29/><D135/><U62/><E62/><V2/><F127/><W110/><G46/><T9/><D9/><N who="1" m="2303" /><E37/><V80/><F80/><N who="1" m="30793" /><E79/><V54/><F2/><W85/><G5/><T0/><D0/><U8/><E8/><V15/><F128/><W53/><G65/><T27/><D123/><U82/><AGARI ba="0,0" hai="40,41,82,84,89" m="30793,2303,45099" machi="82" ten="30,8000,1" yaku="12,1,52,4" doraHai="77" who="1" fromWho="1" sc="230,-20,270,80,153,-20,347,-40" owari="210,-19.0,350,45.0,133,-36.7,307,10.7" /></mjloggm>