<mjloggm ver="2.3"><GO type="225" lobby="0"/><UN n0="%E5%A4%96%E5%B7%9D%E7%AB%9C%E6%88%90" n1="%E3%81%9F%E3%81%93%E2%98%86%E7%84%BC%E3%81%8D" n2="%E5%80%89%E6%A9%8B%EF%BC%A0%E4%BA%8B%E5%8B%99" n3="%E3%81%A1%E3%82%85%E3%81%86%E3%81%A9%E3%81%8F%E8%B1%A1%E3%81%95%E3%82%93" dan="16,16,16,17" rate="2095.97,2114.26,2085.08,2209.80" sx="M,M,M,M"/><TAIKYOKU oya="0"/><INIT seed="0,0,0,5,5,127" ten="250,250,250,250" oya="0" hai0="2,63,71,25,48,30,8,20,125,67,39,93,23" hai1="56,36,43,51,15,57,26,100,114,128,102,34,47" hai2="35,126,65,129,120,21,82,14,53,76,96,92,38" hai3="70,123,99,131,64,83,52,44,49,27,121,13,97"/><T86/><D39/><U33/><E114/><V104/><F35/><W74/><G27/><T78/><D125/><U22/><E57/><V32/><F32/><W5/><G64/><T60/><D60/><U135/><E135/><V69/><F38/><W68/><G74/><T55/><D20/><U109/><E109/><V115/><F104/><W66/><G83/><T54/><D54/><U18/><E128/><V17/><F120/><N who="3" m="46155" /><G131/><T31/><D8/><U19/><E102/><V95/><F126/><W133/><G133/><T110/><D2/><U46/><E56/><V45/><F115/><W62/><G70/><T24/><D24/><U85/><E100/><V84/><F129/><W3/><G3/><T58/><D110/><U91/><E46/><V90/><F69/><W41/><G41/><T61/><D61/><U72/><E72/><V28/><F65/><W1/><G1/><T10/><D10/><AGARI ba="0,0" hai="5,10,13,44,49,52,62,66,68,97,99" m="46155" machi="10" ten="30,2000,0" yaku="13,1,54,1" doraHai="127" who="3" fromWho="0" sc="250,-20,250,0,250,0,250,20" /><INIT seed="1,0,0,3,5,119" ten="230,250,250,270" oya="1" hai0="92,3,84,45,51,5,88,54,33,98,101,16,20" hai1="61,127,106,30,26,63,96,108,60,128,58,135,104" hai2="93,37,85,130,69,78,10,129,132,11,7,125,32" hai3="67,39,134,13,9,122,17,55,50,43,15,133,8"/><U123/><E123/><V70/><F32/><W87/><G67/><T116/><D33/><U18/><E128/><N who="2" m="49259" /><F37/><W90/><G39/><T1/><D116/><U19/><E135/><N who="3" m="51722" /><G43/><T110/><D110/><U31/><E127/><V102/><F132/><W83/><G13/><T0/><D5/><U100/><E108/><V97/><F125/><W109/><G109/><T4/><D4/><U36/><E36/><V82/><F10/><N who="3" m="6391" /><G122/><T114/><D114/><U59/><E106/><V21/><F21/><W91/><G90/><T44/><D44/><AGARI ba="0,0" hai="8,9,44,50,55,83,87,91" m="6391,51722" machi="44" ten="30,2000,0" yaku="25,1,20,1" doraHai="119" who="3" fromWho="0" sc="230,-20,250,0,250,0,270,20" /><INIT seed="2,0,0,3,3,107" ten="210,250,250,290" oya="2" hai0="54,95,47,85,78,91,1,66,87,115,79,5,4" hai1="116,26,31,65,96,46,124,63,28,64,135,122,68" hai2="72,118,45,104,29,18,44,48,57,30,7,110,33" hai3="41,86,113,52,120,17,24,123,112,0,15,55,81"/><V83/><F118/><W67/><G0/><T89/><D115/><N who="3" m="44105" /><G41/><T23/><D1/><U92/><E135/><V82/><F104/><W76/><G24/><T6/><D66/><U53/><E124/><V119/><F119/><W69/><G67/><T70/><D70/><U71/><E122/><N who="3" m="46634" /><G69/><T129/><D129/><U109/><E109/><V133/><F7/><W25/><G25/><T90/><D23/><AGARI ba="0,0" hai="15,17,23,52,55,76,81,86" m="46634,44105" machi="23" ten="30,2000,0" yaku="11,1,54,1" doraHai="107" who="3" fromWho="0" sc="210,-20,250,0,250,0,290,20" /><INIT seed="3,0,0,2,2,81" ten="190,250,250,310" oya="3" hai0="58,68,108,59,83,116,19,22,67,60,16,123,23" hai1="78,114,5,126,82,13,135,7,45,2,11,36,87" hai2="104,124,14,88,99,102,24,96,21,4,74,95,40" hai3="76,9,77,12,26,10,38,65,49,28,42,70,3"/><W56/><G70/><T72/><D116/><U119/><E114/><V75/><F124/><W62/><G38/><T66/><D123/><U44/><E126/><V115/><F115/><W93/><G93/><T1/><D1/><U111/><E111/><V105/><F40/><W33/><G3/><T91/><D108/><U69/><E69/><V48/><F105/><W131/><G131/><T15/><D67/><U57/><E135/><V64/><F64/><W35/><G35/><T134/><D134/><U130/><E130/><V25/><F48/><W29/><G29/><T31/><D31/><U54/><E36/><V109/><F109/><W51/><G9/><T112/><D112/><U90/><E5/><V43/><F43/><W133/><G133/><T129/><D129/><U89/><E119/><V127/><F127/><W18/><G49/><T50/><D50/><N who="1" m="30935" /><E2/><V34/><F34/><W84/><G84/><T97/><D97/><U98/><E98/><V46/><F46/><AGARI ba="0,0" hai="7,11,13,44,45,46,78,82,87,89,90" m="30935" machi="46" ten="30,2000,0" yaku="8,1,52,1" doraHai="81" who="1" fromWho="2" sc="190,0,250,20,250,-20,310,0" owari="190,-31.0,270,7.0,230,-17.0,310,41.0" /></mjloggm>