<mjloggm ver="2.3"><GO type="225" lobby="0"/><UN n0="%72%69%6F%75%63%68%61%6E" n1="%E3%81%BF%E3%81%BF%E3%81%9A" n2="%E5%A4%9C%E3%81%AE%E3%82%AC%E3%82%B9%E3%83%91%E3%83%BC%E3%83%AB" n3="%E3%81%8B%E3%82%8F%E3%81%A1%E3%82%83%E3%82%93%35%38" dan="16,18,16,17" rate="2220.27,2252.06,2181.99,2209.25" sx="M,M,M,M"/><TAIKYOKU oya="0"/><INIT seed="0,0,0,0,2,48" ten="250,250,250,250" oya="0" hai0="99,96,39,29,125,35,18,84,115,107,112,102,24" hai1="120,79,32,4,11,85,54,108,127,133,67,30,68" hai2="117,75,97,124,121,118,92,88,49,129,76,62,100" hai3="63,104,46,26,81,123,12,7,111,114,22,105,19"/><T50/><D125/><U116/><E116/><N who="2" m="44651" /><F129/><W86/><G114/><T101/><D39/><U95/><E120/><V106/><F124/><W89/><G111/><T119/><D119/><U122/><E122/><V36/><F121/><W131/><G131/><T45/><D84/><U77/><E127/><V58/><F36/><W41/><G123/><T51/><D18/><U5/><E108/><V74/><F49/><W82/><G63/><T10/><D50/><U57/><E133/><V70/><F70/><W64/><G64/><T21/><D10/><U90/><E67/><N who="2" m="39383" /><F76/><W8/><REACH who="3" step="1"/><G82/><REACH who="3" ten="250,250,250,240" step="2"/><T31/><D35/><U93/><E68/><V126/><F126/><W135/><G135/><T73/><D73/><U1/><E32/><V110/><F110/><W128/><G128/><T94/><REACH who="0" step="1"/><D31/><REACH who="0" ten="240,250,250,240" step="2"/><U17/><E30/><V78/><F78/><W47/><G47/><T91/><D91/><N who="1" m="53487" /><E77/><V56/><F88/><W103/><G103/><T27/><D27/><U2/><E79/><V20/><F100/><W44/><G44/><T66/><D66/><U60/><E1/><V71/><F75/><W59/><G59/><T65/><D65/><U6/><E2/><V40/><F74/><W130/><G130/><T53/><AGARI ba="0,2" hai="21,24,29,45,51,53,94,96,99,101,102,107,112,115" machi="53" ten="20,12000,1" yaku="1,1,0,1,7,1,52,1,53,1" doraHai="48" doraHaiUra="23" who="0" fromWho="0" sc="240,140,250,-40,250,-40,240,-40" /><INIT seed="0,1,0,2,4,131" ten="380,210,210,200" oya="0" hai0="70,62,116,61,65,96,77,102,34,1,43,19,15" hai1="87,25,124,57,17,132,41,47,13,97,6,133,123" hai2="109,127,135,22,129,35,16,12,56,7,67,63,14" hai3="79,106,9,134,8,68,130,11,66,2,33,104,55"/><T45/><D116/><U110/><E123/><V99/><F35/><W101/><G79/><T119/><D119/><U105/><E110/><V58/><F129/><W122/><G55/><T71/><D1/><U81/><E25/><V100/><F127/><W26/><G130/><T54/><D34/><U126/><E57/><V72/><F109/><W128/><G106/><T0/><D0/><U82/><E6/><V51/><F72/><W39/><G39/><T30/><D30/><U121/><E97/><V76/><F76/><W113/><G128/><T120/><D77/><N who="1" m="46511" /><E82/><V89/><F89/><W83/><G83/><T21/><D120/><U85/><E85/><V23/><F135/><N who="1" m="51785" /><E105/><V48/><F58/><W31/><G134/><T84/><D84/><U32/><E32/><V5/><F5/><N who="3" m="1079" /><G122/><T37/><D96/><U125/><E121/><V88/><F88/><W91/><G91/><T46/><D102/><U53/><E53/><V103/><F99/><W27/><G101/><N who="2" m="38985" /><F7/><W98/><G98/><T90/><D90/><U115/><E115/><V20/><F20/><N who="3" m="15815" /><G104/><T112/><D54/><U80/><E80/><V42/><F42/><W94/><G113/><T52/><D52/><U44/><E41/><V59/><F59/><W117/><G117/><T64/><D112/><U10/><AGARI ba="1,0" hai="10,13,17,44,47,124,125,126" m="51785,46511" machi="10" ten="40,8000,1" yaku="18,1,20,1,52,3" doraHai="131" who="1" fromWho="1" sc="380,-41,210,83,210,-21,200,-21" /><INIT seed="1,0,0,3,4,87" ten="339,293,189,179" oya="1" hai0="117,7,34,48,49,86,40,44,18,43,10,71,69" hai1="20,77,100,82,46,16,32,108,63,23,120,3,14" hai2="106,38,110,31,125,61,129,66,122,101,53,84,5" hai3="78,83,133,54,56,131,68,73,93,102,123,128,17"/><U134/><E120/><V79/><F122/><W132/><G68/><T65/><D117/><U85/><E32/><V104/><F38/><W99/><G17/><T9/><D34/><U96/><E3/><V130/><F110/><W45/><G45/><N who="0" m="25639" /><D71/><U51/><E134/><N who="3" m="51818" /><G54/><T116/><D69/><U107/><E108/><V72/><F125/><W80/><G56/><T39/><D39/><U113/><E63/><V91/><F31/><W126/><G123/><T92/><D116/><U28/><E113/><V36/><F36/><W95/><G126/><T12/><D65/><U135/><E135/><V127/><F127/><W50/><G50/><T124/><D124/><U59/><E59/><N who="2" m="35055" /><F66/><W6/><G6/><T30/><D30/><U11/><REACH who="1" step="1"/><E28/><REACH who="1" ten="339,283,189,179" step="2"/><V13/><F129/><N who="3" m="49739" /><G83/><T24/><D24/><U74/><E74/><V119/><F130/><W58/><G58/><T15/><D15/><U19/><E19/><V67/><F72/><W105/><AGARI ba="0,1" hai="73,78,80,93,95,99,102,105" m="49739,51818" machi="105" ten="30,7900,0" yaku="20,1,19,1,34,2" doraHai="87" who="3" fromWho="3" sc="339,-20,283,-39,189,-20,179,89" /><INIT seed="2,0,0,2,1,91" ten="319,244,169,268" oya="2" hai0="13,69,48,55,40,61,3,78,9,14,132,62,76" hai1="8,5,73,93,46,2,129,133,122,103,38,84,80" hai2="31,23,17,16,114,127,4,66,124,120,65,83,86" hai3="94,110,108,123,77,25,24,1,104,41,131,30,53"/><V33/><F114/><W98/><G123/><T71/><D132/><U95/><E133/><V97/><F120/><W117/><G117/><T20/><D3/><U19/><E122/><V119/><F119/><W68/><G68/><T130/><D130/><U51/><E129/><V42/><F4/><W105/><G131/><T75/><D40/><U29/><E29/><V44/><F33/><W109/><G1/><T125/><D125/><N who="2" m="48202" /><F31/><W102/><G41/><T6/><D69/><U106/><E19/><N who="2" m="7243" /><F23/><N who="3" m="15647" /><G77/><N who="0" m="29803" /><D71/><U90/><E73/><V87/><F97/><W81/><G25/><T74/><D75/><U26/><E38/><N who="2" m="21591" /><F83/><W54/><G81/><T100/><D74/><U111/><E26/><V32/><F32/><W49/><G53/><T50/><D100/><U36/><E36/><V22/><F22/><W72/><G72/><T7/><D20/><U45/><E111/><V126/><N who="2" m="48210" /><V57/><DORA hai="112" /><F57/><AGARI ba="0,0" hai="49,54,57,94,98,102,104,105,108,109,110" m="15647" machi="57" ten="30,2000,0" yaku="14,1,52,1" doraHai="91,112" who="3" fromWho="2" sc="319,0,244,0,169,-20,268,20" /><INIT seed="3,0,0,5,3,123" ten="319,244,149,288" oya="3" hai0="64,31,33,47,55,96,124,40,111,125,72,121,5" hai1="26,129,43,24,133,48,16,32,82,101,20,127,109" hai2="117,37,53,97,130,51,120,90,15,56,28,17,128" hai3="0,71,93,6,79,44,10,119,68,30,115,80,87"/><W58/><G115/><T2/><D111/><U107/><E127/><N who="0" m="48713" /><D121/><U77/><E129/><V54/><F120/><W104/><G104/><T4/><D72/><U67/><E67/><V61/><F117/><W19/><G119/><T18/><D2/><U65/><E65/><V116/><F116/><W9/><G30/><T21/><D55/><U94/><E107/><V73/><F37/><W22/><G58/><T35/><D96/><U86/><E133/><V36/><F36/><W12/><G93/><T74/><D74/><U92/><E101/><V69/><F73/><W88/><G79/><T27/><D64/><U89/><E109/><V7/><F28/><W106/><G106/><T134/><D134/><U50/><E32/><N who="0" m="12361" /><D31/><U118/><E118/><V113/><F113/><W39/><G39/><AGARI ba="0,0" hai="4,5,18,21,27,39,40,47" m="12361,48713" machi="39" ten="30,1000,0" yaku="18,1" doraHai="123" who="0" fromWho="3" sc="319,10,244,0,149,0,288,-10" owari="329,42.9,244,-15.6,149,-35.1,278,7.8" /></mjloggm>