<mjloggm ver="2.3"><GO type="225" lobby="0"/><UN n0="%E5%8F%AF%E5%85%90%E9%82%A3%E7%94%B1%E5%A4%9A" n1="%E7%AD%89%E3%80%85%E5%8A%9B%E5%8A%87%E5%A0%B4" n2="%E4%B8%89%E5%86%A0%E7%8E%8B%E3%83%BB%E5%B1%B1%E7%94%B0%E5%93%B2%E4%BA%BA" n3="%6D%75%75%6D%75%72%61" dan="16,16,16,16" rate="2194.68,2112.16,2107.42,2156.68" sx="F,M,M,F"/><TAIKYOKU oya="0"/><INIT seed="0,0,0,4,0,43" ten="250,250,250,250" oya="0" hai0="125,73,46,40,111,94,30,91,74,65,75,114,49" hai1="33,19,124,102,95,51,79,106,123,37,105,38,4" hai2="52,13,76,126,24,113,104,45,58,89,80,35,117" hai3="34,28,97,98,119,99,2,6,10,59,71,23,100"/><T21/><D114/><U36/><E33/><V92/><F113/><W48/><G71/><T16/><D125/><U15/><E123/><V81/><F104/><W131/><G119/><T103/><D111/><U115/><E115/><V5/><F117/><W83/><G131/><T53/><D65/><U44/><E124/><V135/><F126/><W78/><G34/><T96/><D30/><U122/><E122/><V63/><F135/><W90/><G90/><T93/><D40/><U69/><E69/><V62/><F35/><W26/><G59/><T101/><REACH who="0" step="1"/><D94/><REACH who="0" ten="240,250,250,250" step="2"/><U42/><E106/><V57/><F92/><W20/><G28/><T110/><D110/><U41/><E105/><V17/><F52/><W77/><G100/><T12/><AGARI ba="0,1" hai="12,16,21,46,49,53,73,74,75,91,93,96,101,103" machi="12" ten="30,11700,0" yaku="1,1,0,1,52,1,54,1,53,0" doraHai="43" doraHaiUra="1" who="0" fromWho="0" sc="240,127,250,-39,250,-39,250,-39" /><INIT seed="0,1,0,4,0,70" ten="367,211,211,211" oya="0" hai0="111,37,18,55,30,0,113,22,50,81,121,69,79" hai1="84,85,54,10,48,135,129,106,65,120,40,110,64" hai2="27,114,9,57,62,53,86,75,107,87,11,49,61" hai3="119,102,28,52,24,36,63,12,67,45,101,35,108"/><T29/><D113/><U66/><E120/><V122/><F75/><W41/><G119/><T20/><D121/><U44/><E106/><V116/><F122/><W16/><G108/><T33/><D0/><U90/><E110/><V133/><F107/><W89/><G89/><T3/><D3/><U92/><E135/><V25/><F114/><W98/><G52/><T34/><D69/><U112/><E112/><V104/><F104/><W118/><G118/><T82/><D111/><U46/><E129/><V93/><F116/><W31/><G31/><T32/><D37/><U97/><REACH who="1" step="1"/><E10/><REACH who="1" ten="367,201,211,211" step="2"/><V88/><F133/><W6/><G6/><T95/><D33/><U58/><E58/><V23/><F9/><W39/><G39/><AGARI ba="1,1" hai="39,40,44,46,48,54,64,65,66,84,85,90,92,97" machi="39" ten="40,2600,0" yaku="1,1,52,1,53,0" doraHai="70" doraHaiUra="96" who="1" fromWho="3" sc="367,0,201,39,211,0,211,-29" /><INIT seed="1,0,0,3,2,102" ten="367,240,211,182" oya="1" hai0="50,62,107,47,58,10,113,27,23,38,28,81,18" hai1="118,46,119,121,40,22,5,19,108,33,55,116,45" hai2="15,106,29,97,96,34,60,130,99,14,66,56,76" hai3="78,82,7,73,59,135,63,52,71,134,110,53,43"/><U8/><E121/><V103/><F130/><W32/><G110/><T16/><D113/><U17/><E33/><V95/><F76/><W44/><G71/><T131/><D131/><U109/><E55/><V126/><F126/><W74/><G32/><T21/><D38/><U124/><E40/><V12/><REACH who="2" step="1"/><F95/><REACH who="2" ten="367,240,201,182" step="2"/><W31/><G134/><T2/><D81/><U13/><E124/><V112/><F112/><W128/><G135/><T127/><D127/><U85/><E109/><V67/><F67/><W94/><G128/><T72/><D72/><U54/><E108/><V87/><F87/><W90/><G74/><T51/><D107/><U20/><E85/><V122/><F122/><W133/><G133/><T49/><D47/><U68/><E46/><V70/><F70/><W42/><G44/><T0/><D58/><U77/><E68/><V86/><F86/><W25/><G53/><T3/><D62/><U89/><E77/><V98/><F98/><W79/><G79/><T123/><D123/><U69/><E69/><V6/><F6/><W92/><G7/><T65/><D65/><U84/><E54/><V93/><F93/><W35/><REACH who="3" step="1"/><G92/><REACH who="3" ten="367,240,201,172" step="2"/><T24/><D28/><U57/><E45/><V4/><F4/><AGARI ba="0,2" hai="0,2,3,4,10,16,18,21,23,24,27,49,50,51" machi="4" ten="40,2600,0" yaku="9,1,54,1" doraHai="102" who="0" fromWho="2" sc="367,46,240,0,201,-26,172,0" /><INIT seed="2,0,0,0,0,102" ten="413,240,175,172" oya="2" hai0="4,74,15,134,61,25,55,89,40,67,131,79,128" hai1="11,113,127,60,78,21,41,29,30,69,117,24,50" hai2="119,20,62,76,133,0,38,95,68,75,36,12,73" hai3="10,116,100,129,126,57,87,114,63,80,99,48,14"/><V52/><F0/><W19/><G116/><T43/><D134/><U66/><E113/><V28/><F119/><W16/><G114/><T5/><D55/><U111/><E117/><V123/><F123/><W37/><G37/><T3/><D3/><U33/><E111/><V97/><F133/><W104/><G129/><N who="0" m="49739" /><D25/><U8/><E127/><V112/><F112/><W81/><G126/><T18/><D89/><U42/><E78/><V65/><F52/><W31/><G31/><T46/><D79/><U64/><E33/><V2/><F2/><W86/><G48/><N who="0" m="26695" /><D74/><U39/><E30/><V84/><F84/><W91/><G19/><T35/><D35/><U13/><E39/><V135/><F135/><W51/><G51/><T56/><D43/><U94/><E50/><V130/><F130/><W53/><REACH who="3" step="1"/><G87/><REACH who="3" ten="413,240,175,162" step="2"/><T47/><D47/><U125/><E125/><V96/><F73/><W7/><G7/><T58/><D58/><U72/><E29/><V6/><F6/><W107/><G107/><T54/><D4/><U124/><E72/><V115/><F115/><W32/><G32/><T71/><D5/><U132/><E124/><V118/><F118/><W83/><AGARI ba="0,1" hai="10,14,16,53,57,63,80,81,83,86,91,99,100,104" machi="83" ten="20,12000,2" yaku="1,1,0,1,7,1,52,1,54,1,53,1" doraHai="102" doraHaiUra="59" who="3" fromWho="3" sc="413,-30,240,-30,175,-60,162,130" /><INIT seed="3,0,0,3,1,134" ten="383,210,115,292" oya="3" hai0="40,23,57,18,105,10,7,52,26,55,87,78,133" hai1="8,11,6,0,73,56,33,22,88,96,60,129,4" hai2="74,126,111,64,12,79,75,89,115,130,108,51,83" hai3="67,9,44,95,1,103,42,17,69,120,86,30,92"/><W31/><G120/><T106/><D133/><U72/><E33/><V119/><F64/><W49/><G69/><T61/><D40/><U102/><E129/><V27/><F27/><W37/><G37/><T24/><D24/><U84/><E22/><V82/><F51/><W125/><G67/><T50/><D87/><U53/><E102/><V63/><F63/><W131/><G131/><T38/><D78/><U104/><E104/><V58/><F58/><W98/><G125/><T59/><D38/><U135/><E96/><V5/><F130/><W47/><G47/><T45/><D57/><U68/><E135/><V70/><F70/><W110/><G110/><T21/><D21/><U109/><E109/><N who="2" m="42059" /><F5/><W71/><G71/><T15/><AGARI ba="0,0" hai="7,10,15,18,23,26,45,50,52,55,59,61,105,106" machi="15" ten="20,2700,0" yaku="0,1,7,1,54,1" doraHai="134" who="0" fromWho="0" sc="383,27,210,-7,115,-7,292,-13" owari="410,51.0,203,-19.7,108,-39.2,279,7.9" /></mjloggm>