<mjloggm ver="2.3"><GO type="225" lobby="0"/><UN n0="%6D%75%75%6D%75%72%61" n1="%E6%97%A5%E6%9B%9C%E6%97%A5%E3%82%88%E3%82%8A%E3%81%AE%E4%BD%BF%E8%80%85" n2="%E3%81%99%E3%81%84%E3%81%BE%E3%81%9B%E3%83%BC%E3%82%93" n3="%E3%81%82%E3%81%99%E3%81%AB%E3%82%83%E3%82%80" dan="16,18,16,16" rate="2221.10,2158.52,2098.29,2161.30" sx="F,M,M,F"/><TAIKYOKU oya="0"/><INIT seed="0,0,0,5,0,112" ten="250,250,250,250" oya="0" hai0="91,2,90,58,127,74,75,132,9,40,63,83,18" hai1="71,14,76,56,19,12,42,45,30,133,1,0,94" hai2="13,106,68,120,17,25,67,102,32,10,11,66,22" hai3="39,135,33,43,60,46,61,50,47,134,48,100,128"/><T93/><D132/><N who="3" m="50729" /><G100/><T131/><D131/><U104/><E104/><V38/><F38/><W35/><G33/><T97/><D127/><U49/><E71/><V115/><F115/><W114/><G114/><T92/><D40/><U77/><E133/><V88/><F120/><W51/><G35/><T121/><D121/><U64/><E30/><V20/><F32/><W87/><G87/><T41/><D41/><U101/><E0/><V86/><F106/><W98/><G98/><T72/><D83/><U117/><E1/><V123/><F102/><W70/><G128/><T54/><D18/><U52/><E64/><N who="2" m="24619" /><F68/><W111/><G111/><T109/><D109/><U5/><E5/><V84/><F84/><W89/><G89/><T27/><D27/><U7/><E7/><V105/><F105/><W23/><G23/><T65/><D65/><U80/><E117/><V125/><F125/><W21/><G21/><T26/><D26/><U73/><E77/><V55/><F55/><N who="3" m="30103" /><G70/><T107/><D107/><U34/><E34/><V62/><F62/><AGARI ba="0,0" hai="39,43,47,50,51,60,61,62" m="30103,50729" machi="62" ten="30,3900,0" yaku="20,1,34,2" doraHai="112" who="3" fromWho="2" sc="250,0,250,0,250,-39,250,39" /><INIT seed="1,0,0,3,4,114" ten="250,250,211,289" oya="1" hai0="12,4,129,23,55,25,73,116,15,42,69,71,27" hai1="115,86,84,90,70,122,16,135,94,107,59,125,96" hai2="87,39,82,130,2,62,19,102,51,5,66,74,33" hai3="52,30,127,67,45,8,75,89,131,1,3,54,49"/><U36/><E70/><V58/><F39/><W53/><G75/><T92/><D129/><U56/><E115/><V134/><F130/><W31/><G131/><T37/><D73/><U72/><E122/><V78/><F134/><W35/><G35/><T88/><D116/><U93/><E36/><V24/><F102/><W117/><G117/><T133/><D133/><U48/><E135/><V111/><F111/><W63/><G127/><T80/><D80/><U97/><E72/><V41/><F74/><W17/><G3/><T121/><D121/><U110/><E107/><V100/><F100/><W118/><G118/><T103/><D103/><U123/><E123/><V14/><F2/><W124/><G124/><T9/><D15/><U91/><E125/><V81/><F81/><W109/><G109/><T85/><D55/><U113/><E113/><V22/><F33/><W20/><G89/><T46/><REACH who="0" step="1"/><D25/><REACH who="0" ten="240,250,211,289" step="2"/><U11/><E110/><V38/><F24/><W0/><G1/><T29/><AGARI ba="0,1" hai="4,9,12,23,27,29,37,42,46,69,71,85,88,92" machi="29" ten="20,8000,1" yaku="1,1,2,1,0,1,7,1,54,1,53,0" doraHai="114" doraHaiUra="32" who="0" fromWho="0" sc="240,90,250,-40,211,-20,289,-20" /><INIT seed="2,0,0,4,5,116" ten="330,210,191,269" oya="2" hai0="19,57,71,45,89,33,104,74,105,61,68,66,60" hai1="133,83,63,58,0,102,132,5,32,69,131,73,28" hai2="118,70,8,90,122,121,82,9,76,29,13,10,6" hai3="123,112,23,49,64,72,26,48,11,67,14,41,103"/><V100/><F118/><W78/><G72/><T25/><D74/><U134/><E131/><V2/><F70/><W24/><G112/><T53/><D71/><U120/><E102/><V95/><F100/><W50/><G78/><T106/><D45/><U16/><E69/><V114/><F114/><W101/><G123/><T46/><D46/><U65/><E5/><V22/><F29/><W55/><G41/><T27/><D33/><U115/><E0/><V7/><F22/><W127/><G127/><T130/><D130/><U1/><E1/><V77/><F9/><W43/><G43/><T40/><D40/><U98/><E98/><V79/><REACH who="2" step="1"/><F82/><REACH who="2" ten="330,210,181,269" step="2"/><W38/><G101/><T110/><D68/><U129/><E115/><V85/><AGARI ba="0,1" hai="2,6,7,8,10,13,76,77,79,85,90,95,121,122" machi="85" ten="30,12000,1" yaku="1,1,2,1,0,1,52,2,53,0" doraHai="116" doraHaiUra="97" who="2" fromWho="2" sc="330,-40,210,-40,181,130,269,-40" /><INIT seed="2,1,0,0,1,53" ten="290,170,311,229" oya="2" hai0="90,98,97,40,33,28,41,102,11,20,78,118,135" hai1="22,9,106,47,17,101,107,26,15,10,82,81,122" hai2="125,63,58,16,54,48,64,131,93,2,128,19,65" hai3="115,69,119,103,127,132,129,75,7,14,68,112,71"/><V92/><F2/><W114/><G119/><T37/><D33/><U46/><E122/><V23/><F125/><W55/><G75/><T45/><D118/><U70/><E70/><V34/><F34/><W39/><G103/><T111/><D111/><U51/><E106/><V52/><F54/><W134/><G7/><T56/><D135/><N who="3" m="51753" /><G14/><T35/><D35/><U133/><E133/><V99/><F65/><W60/><G127/><T18/><D40/><U30/><E107/><V88/><F93/><W5/><G5/><T57/><D78/><U44/><E101/><V12/><REACH who="2" step="1"/><F19/><REACH who="2" ten="290,170,301,229" step="2"/><W67/><G129/><T91/><D28/><U126/><E126/><V87/><F87/><W110/><G110/><T95/><D11/><U86/><E9/><V50/><F50/><W25/><G39/><T116/><D116/><U74/><E74/><V130/><F130/><W42/><G42/><T36/><D37/><U85/><REACH who="1" step="1"/><E51/><REACH who="1" ten="290,160,301,229" step="2"/><V100/><F100/><W96/><G71/><AGARI ba="1,2" hai="12,16,23,48,52,58,63,64,71,88,92,99,128,131" machi="71" ten="40,18000,2" yaku="1,1,52,1,54,3,53,2" doraHai="53" doraHaiUra="124" who="2" fromWho="3" sc="290,0,160,0,301,203,229,-183" /><INIT seed="2,2,0,4,4,109" ten="290,160,504,46" oya="2" hai0="91,21,19,5,20,74,27,70,10,96,54,131,22" hai1="68,132,117,11,29,78,33,52,63,116,46,104,60" hai2="110,14,75,93,84,12,121,23,31,57,134,101,115" hai3="40,72,49,15,83,73,45,26,71,37,103,135,77"/><V106/><F121/><W118/><G118/><T8/><D74/><U113/><E104/><V127/><F75/><W123/><G123/><T55/><D70/><U13/><E78/><V82/><F106/><W69/><G135/><T39/><D39/><U16/><E113/><V126/><F115/><W48/><G103/><T38/><D38/><U97/><E97/><V9/><F134/><W95/><G72/><T41/><D41/><U129/><E132/><V61/><F110/><W66/><G95/><N who="0" m="56447" /><D131/><U105/><E105/><V124/><F93/><W76/><G76/><T51/><D55/><U4/><E129/><V2/><F101/><W17/><G26/><N who="0" m="14623" /><D5/><U119/><E68/><V30/><F2/><W65/><G71/><T128/><D128/><U125/><E125/><V36/><F36/><W34/><G34/><T122/><D21/><U44/><E4/><V32/><F32/><W53/><G69/><T130/><D130/><U85/><E85/><V18/><F23/><W80/><G80/><T81/><D81/><U0/><E0/><V88/><F14/><W24/><G24/><T98/><D98/><U133/><E133/><V1/><F1/><W64/><REACH who="3" step="1"/><G53/><AGARI ba="2,0" hai="9,12,18,30,31,53,57,61,82,84,88,124,126,127" machi="53" ten="40,3900,0" yaku="18,1,54,1" doraHai="109" who="2" fromWho="3" sc="290,0,160,0,504,45,46,-45" /><INIT seed="2,3,0,5,2,128" ten="290,160,549,1" oya="2" hai0="89,13,48,134,107,52,116,9,59,28,87,100,39" hai1="131,64,15,27,16,17,33,78,63,7,11,44,62" hai2="75,36,72,71,85,2,41,127,14,110,53,3,77" hai3="29,66,130,102,40,19,38,114,8,97,95,21,56"/><V93/><F71/><W88/><G130/><T115/><D115/><U132/><E131/><V122/><F122/><W20/><G114/><T51/><D39/><U37/><E132/><V46/><F127/><W70/><G70/><T126/><D134/><U4/><E78/><V92/><F110/><W91/><G38/><T123/><D123/><U23/><E33/><V121/><F121/><W83/><G40/><T117/><D126/><U120/><E120/><V54/><F14/><N who="3" m="7623" /><G83/><T73/><D73/><U22/><E11/><V47/><F36/><W101/><G101/><T79/><D79/><U81/><E81/><V34/><F41/><W18/><G29/><T45/><D28/><U5/><E37/><V24/><F77/><W98/><G98/><T42/><D100/><U25/><E15/><V55/><F34/><W61/><G21/><T0/><D0/><U1/><E1/><V96/><F96/><W6/><G6/><T35/><D107/><U112/><E112/><V31/><F31/><W26/><AGARI ba="3,0" hai="18,20,26,56,61,66,88,91,95,97,102" m="7623" machi="26" ten="30,2000,0" yaku="8,1,54,1" doraHai="128" who="3" fromWho="3" sc="290,-8,160,-8,549,-13,1,29" /><INIT seed="3,0,0,2,4,98" ten="282,152,536,30" oya="3" hai0="6,77,60,23,125,122,128,7,30,10,95,66,124" hai1="135,8,21,13,40,5,92,129,88,96,101,84,15" hai2="64,134,116,100,3,25,37,38,130,126,82,58,81" hai3="18,105,53,85,87,112,121,51,108,0,80,43,113"/><W54/><G121/><T11/><D122/><U83/><E129/><V103/><F3/><W71/><G0/><T132/><D128/><U109/><E109/><V9/><F130/><W63/><G108/><T16/><D132/><U106/><E135/><V61/><F134/><W26/><G105/><T75/><D30/><U47/><E106/><V36/><F116/><W41/><G71/><T56/><D95/><U89/><E89/><V19/><F126/><N who="0" m="48746" /><D75/><U97/><E97/><V110/><F110/><W91/><G112/><T52/><D77/><U86/><E86/><V74/><F82/><N who="3" m="49591" /><G113/><T73/><D73/><U102/><E102/><V70/><F70/><W35/><G35/><T94/><D94/><U31/><E31/><V45/><F38/><W99/><G99/><T67/><D10/><U27/><E27/><V104/><F104/><W127/><G127/><T44/><D44/><U55/><E55/><N who="3" m="21002" /><G63/><T48/><D60/><U131/><E131/><V79/><F37/><W12/><G51/><T24/><D6/><U72/><E72/><V68/><F68/><W34/><G34/><T93/><D93/><U76/><E76/><V20/><REACH who="2" step="1"/><F9/><REACH who="2" ten="282,152,526,30" step="2"/><N who="3" m="6415" /><G26/><T107/><D107/><U62/><E62/><V59/><F59/><W2/><G2/><AGARI ba="0,1" hai="2,7,11,16,23,24,48,52,56,66,67" m="48746" machi="2" ten="30,3900,0" yaku="18,1,54,2" doraHai="98" who="0" fromWho="3" sc="282,49,152,0,526,0,30,-39" owari="331,13.1,152,-24.8,526,62.6,-9,-50.9" /></mjloggm>