<mjloggm ver="2.3"><GO type="225" lobby="0"/><UN n0="%E3%81%A0%E3%81%8A" n1="%E5%AD%90%E4%BE%9B%E4%BC%9A%E5%93%A1" n2="%4C%4F%4C%49%54%41" n3="%E6%97%A5%E6%9B%9C%E6%97%A5%E3%82%88%E3%82%8A%E3%81%AE%E4%BD%BF%E8%80%85" dan="16,17,16,16" rate="2042.95,2137.05,2195.23,2093.35" sx="M,M,F,M"/><TAIKYOKU oya="0"/><INIT seed="0,0,0,4,2,94" ten="250,250,250,250" oya="0" hai0="19,71,115,34,121,63,3,16,112,113,86,54,75" hai1="24,87,21,4,98,104,95,102,81,111,22,126,125" hai2="72,13,49,116,103,48,8,7,105,52,92,26,124" hai3="32,53,73,77,56,131,130,120,117,108,106,59,118"/><T36/><D75/><U9/><E104/><V25/><F72/><W134/><G32/><T99/><D121/><U10/><E111/><V109/><F105/><W1/><G1/><T93/><D36/><U27/><E22/><V80/><F109/><W88/><G108/><T66/><D3/><N who="1" m="159" /><E21/><V38/><F38/><W133/><G106/><T29/><D86/><U78/><E10/><V119/><F80/><W122/><G73/><T0/><D0/><U2/><E2/><V83/><F83/><W57/><G53/><T37/><D37/><U31/><E31/><V65/><F49/><W101/><G101/><T107/><D54/><U84/><E84/><V55/><F55/><W30/><G30/><T44/><D44/><U127/><AGARI ba="0,0" hai="24,27,78,81,87,95,98,102,125,126,127" m="159" machi="127" ten="30,2000,0" yaku="18,1,52,1" doraHai="94" who="1" fromWho="1" sc="250,-10,250,20,250,-5,250,-5" /><INIT seed="1,0,0,4,3,69" ten="240,270,245,245" oya="1" hai0="2,66,103,80,78,87,4,59,27,83,41,86,17" hai1="8,49,48,1,110,71,58,135,16,75,38,23,7" hai2="74,0,131,26,96,84,82,101,99,46,47,6,51" hai3="94,95,92,62,119,67,114,43,20,40,65,39,53"/><U89/><E71/><V116/><F116/><W124/><G114/><T85/><D103/><U109/><E135/><V36/><F131/><W81/><G119/><T91/><D41/><N who="3" m="15945" /><G39/><T111/><D111/><N who="1" m="42507" /><E38/><V15/><F0/><W106/><G106/><T112/><D112/><U108/><N who="1" m="42515" /><U3/><DORA hai="122" /><E3/><V68/><F74/><W132/><G124/><T115/><D115/><U60/><E89/><V44/><F26/><W98/><G132/><T125/><D125/><U32/><E32/><V11/><F68/><W77/><G98/><N who="2" m="37417" /><F101/><W127/><G20/><T21/><D21/><U133/><E75/><V24/><F24/><W79/><G127/><T22/><D27/><N who="1" m="14823" /><E133/><V50/><F36/><W130/><G130/><T56/><D2/><U29/><E29/><V97/><F97/><W105/><G105/><T128/><D128/><U18/><E18/><V61/><F84/><N who="3" m="48175" /><G79/><T73/><D78/><U30/><E30/><V25/><F6/><W45/><G95/><T9/><D4/><U37/><E37/><V31/><F31/><W113/><G113/><T126/><D73/><U12/><E1/><V33/><F33/><W93/><G93/><T70/><D126/><U28/><E28/><V100/><F100/><W129/><G129/><T14/><D70/><U19/><E7/><V42/><F82/><N who="0" m="31274" /><D91/><U5/><E5/><V118/><F118/><W102/><G102/><T107/><D107/><U55/><AGARI ba="0,0" hai="8,12,19,48,49,55,58,60" m="14823,42515" machi="55" ten="40,18000,2" yaku="14,1,10,1,52,4,54,1" doraHai="69,122" who="1" fromWho="1" sc="240,-60,270,180,245,-60,245,-60" /><INIT seed="1,1,0,3,1,84" ten="180,450,185,185" oya="1" hai0="85,88,54,4,79,123,47,130,99,14,3,76,62" hai1="135,22,39,53,51,65,113,31,66,63,44,122,110" hai2="83,70,126,125,77,100,26,48,120,27,35,101,109" hai3="124,34,111,73,102,6,12,0,97,103,19,67,74"/><U58/><E122/><V57/><F120/><W32/><G67/><T105/><D123/><U128/><E113/><V104/><F70/><W71/><G71/><T55/><D3/><U115/><E115/><V89/><F109/><W96/><G12/><T93/><D130/><U16/><E128/><V61/><F48/><W11/><G19/><T40/><D105/><U64/><E135/><V25/><F35/><W119/><G111/><T41/><D41/><U38/><E31/><V18/><F18/><W108/><G108/><T1/><D1/><U23/><E23/><V121/><F121/><W80/><G124/><N who="2" m="47721" /><F104/><N who="3" m="63559" /><G119/><T78/><D99/><U36/><REACH who="1" step="1"/><E110/><REACH who="1" ten="180,440,185,185" step="2"/><V15/><F26/><AGARI ba="1,1" hai="16,22,26,36,38,39,44,51,53,58,63,64,65,66" machi="26" ten="40,7700,0" yaku="1,1,2,1,54,1,53,0" doraHai="84" doraHaiUra="37" who="1" fromWho="2" sc="180,0,440,90,185,-80,185,0" /><INIT seed="1,2,0,3,2,97" ten="180,530,105,185" oya="1" hai0="125,124,46,3,98,82,118,51,76,79,2,63,39" hai1="52,135,31,103,30,96,68,105,85,102,84,19,73" hai2="5,57,27,17,128,133,66,131,49,54,7,104,91" hai3="75,83,36,72,87,32,115,110,8,65,78,132,90"/><U122/><E122/><V12/><F104/><W33/><G115/><T74/><D118/><U44/><E68/><V43/><F133/><W93/><G36/><T116/><D116/><U58/><E73/><V42/><F27/><W70/><G132/><T123/><D39/><U55/><E135/><V114/><F114/><W56/><G70/><T89/><D123/><U61/><E19/><V28/><F28/><N who="1" m="10793" /><E105/><V13/><F66/><W99/><G110/><T4/><D63/><U29/><E29/><V92/><F131/><W117/><G117/><T20/><D20/><U24/><E24/><V26/><F26/><W62/><REACH who="3" step="1"/><G8/><REACH who="3" ten="180,530,105,175" step="2"/><T11/><D11/><U45/><E96/><V86/><F128/><W1/><G1/><T80/><D3/><U15/><E15/><V107/><F12/><W23/><G23/><T94/><D2/><U16/><E16/><V59/><F13/><W18/><G18/><T41/><REACH who="0" step="1"/><D4/><REACH who="0" ten="170,530,105,175" step="2"/><U14/><E14/><V50/><F5/><W129/><G129/><T120/><D120/><U101/><E44/><V100/><F7/><W81/><G81/><T34/><D34/><AGARI ba="2,2" hai="32,33,34,56,62,65,72,75,78,83,87,90,93,99" machi="34" ten="40,1300,0" yaku="1,1,53,0" doraHai="97" doraHaiUra="64" who="3" fromWho="0" sc="170,-19,530,0,105,0,175,39" /><INIT seed="2,0,0,1,1,1" ten="151,530,105,214" oya="2" hai0="106,41,44,38,68,129,57,91,72,130,30,120,93" hai1="70,95,104,128,127,103,0,112,92,60,18,79,63" hai2="46,34,80,66,23,124,27,36,117,78,40,116,24" hai3="84,135,28,123,110,10,98,21,65,43,108,115,9"/><V100/><F124/><W74/><G74/><T62/><D68/><U131/><E112/><V109/><F100/><W19/><G123/><T122/><D106/><U86/><E0/><V39/><F39/><W83/><G115/><T82/><D30/><U69/><E104/><V12/><F66/><W53/><G135/><T134/><D134/><U111/><E111/><N who="3" m="42538" /><G28/><T58/><D82/><N who="1" m="47455" /><E18/><V113/><F109/><W96/><G43/><T94/><D72/><U37/><E37/><V88/><F113/><W16/><G53/><N who="0" m="34095" /><D58/><U11/><E11/><N who="3" m="4106" /><G65/><T132/><D94/><N who="1" m="35883" /><E103/><V67/><F67/><W76/><G19/><T73/><D73/><U3/><E3/><V59/><F59/><W64/><G64/><T133/><D122/><U29/><E29/><V107/><F107/><W55/><G55/><T81/><D120/><U49/><E49/><V20/><F34/><W52/><G52/><T42/><D42/><U101/><E101/><V114/><F114/><W50/><G50/><T56/><D133/><U126/><E63/><V35/><F35/><W25/><AGARI ba="0,0" hai="16,21,25,76,83,84,96,98" m="4106,42538" machi="25" ten="30,2000,0" yaku="14,1,54,1" doraHai="1" who="3" fromWho="3" sc="151,-5,530,-5,105,-10,214,20" /><INIT seed="3,0,0,2,3,16" ten="146,525,95,234" oya="3" hai0="34,86,31,75,78,11,84,59,2,96,49,41,122" hai1="91,121,104,107,21,80,53,36,134,4,133,25,52" hai2="74,127,54,109,126,103,18,90,92,102,125,101,23" hai3="0,71,113,108,3,50,20,65,22,123,131,27,130"/><W112/><G50/><T85/><D122/><U35/><E36/><V19/><F74/><W115/><G123/><T37/><D37/><U111/><E35/><V73/><F73/><W83/><G83/><T105/><D31/><N who="1" m="17839" /><E4/><V57/><F109/><W55/><G55/><N who="1" m="21066" /><E111/><V5/><F5/><W13/><G108/><T33/><D33/><U106/><E121/><V79/><F79/><W17/><G65/><T44/><D34/><U93/><E80/><V45/><F45/><W70/><G70/><T97/><D44/><U32/><E32/><V42/><F42/><W56/><G56/><T9/><D59/><U99/><E107/><V15/><F19/><N who="3" m="12703" /><G71/><T40/><D40/><U77/><E77/><V119/><F119/><W30/><G30/><T61/><D41/><U89/><E104/><V66/><F66/><W47/><G47/><T135/><D105/><U118/><E106/><V95/><REACH who="2" step="1"/><F90/><REACH who="2" ten="146,525,85,234" step="2"/><W48/><G113/><T117/><D78/><U128/><E118/><V110/><F110/><W68/><G112/><T24/><D75/><U63/><E63/><AGARI ba="0,1" hai="15,18,23,54,57,63,92,95,101,102,103,125,126,127" machi="63" ten="50,8000,1" yaku="1,1,18,1,52,1,53,1" doraHai="16" doraHaiUra="10" who="2" fromWho="1" sc="146,0,525,-80,85,90,234,0" owari="146,-35.4,445,54.5,175,-22.5,234,3.4" /></mjloggm>