<mjloggm ver="2.3"><GO type="225" lobby="0"/><UN n0="%E3%83%A9%E3%83%BC%E3%83%A1%E3%83%B3%E4%BA%94%E9%83%8E" n1="%E9%BB%99%E8%81%B4%E3%81%AE%E3%81%99%E3%82%9D%E3%82%81" n2="%E3%83%8F%E3%83%B3%E3%83%89%E3%83%A9%E3%83%BC%E3%83%BB%E3%83%AF%E3%83%B3" n3="%79%75%72%69%6D%6F%67" dan="16,16,17,16" rate="2139.57,2136.04,2161.01,2162.05" sx="M,M,M,F"/><TAIKYOKU oya="0"/><INIT seed="0,0,0,2,1,125" ten="250,250,250,250" oya="0" hai0="78,100,38,81,4,12,70,30,0,67,8,32,134" hai1="84,95,117,40,132,57,116,131,122,107,37,97,80" hai2="83,47,2,66,1,7,10,106,23,82,19,79,35" hai3="98,9,108,120,48,124,42,112,133,109,111,69,99"/><T103/><D134/><U76/><E122/><V105/><F35/><W20/><G69/><T15/><D38/><U94/><E37/><V128/><F1/><W63/><G112/><T64/><D32/><U46/><E57/><V102/><F66/><W45/><G124/><T13/><D30/><U41/><E41/><V74/><F102/><W50/><G133/><T31/><D31/><U77/><E46/><V129/><F83/><W3/><G120/><T68/><D64/><U86/><E40/><V62/><F62/><W21/><G50/><T93/><D67/><U16/><E16/><V61/><F61/><W121/><G63/><T104/><D104/><U28/><E28/><V39/><F47/><W101/><G121/><T119/><D119/><U60/><E60/><V58/><F58/><W113/><G113/><T33/><D33/><U51/><E51/><V123/><F39/><W6/><REACH who="3" step="1"/><G99/><REACH who="3" ten="250,250,250,240" step="2"/><T53/><D70/><U17/><E132/><V22/><F123/><W44/><G44/><T65/><D68/><U87/><E117/><V91/><F91/><W114/><G114/><T130/><D65/><U75/><E116/><V55/><F55/><W135/><G135/><T115/><D115/><U127/><E127/><V27/><REACH who="2" step="1"/><F22/><REACH who="2" ten="250,250,240,240" step="2"/><W126/><G126/><T49/><D53/><U118/><E118/><V96/><F96/><W71/><G71/><T25/><D49/><U52/><E52/><V56/><F56/><W24/><G24/><T92/><D25/><U36/><E97/><V11/><F11/><W18/><G18/><T90/><D103/><U85/><E36/><RYUUKYOKU ba="0,2" sc="250,-15,250,-15,240,15,240,15" hai2="2,7,10,19,23,27,74,79,82,105,106,128,129" hai3="3,6,9,20,21,42,45,48,98,101,108,109,111" /><INIT seed="1,1,2,3,5,120" ten="235,235,255,255" oya="1" hai0="111,85,5,33,20,56,76,59,96,57,42,86,14" hai1="113,101,17,125,22,81,26,37,100,49,16,117,92" hai2="30,19,116,25,11,93,43,132,129,1,94,13,64" hai3="12,3,63,50,135,130,18,99,6,82,54,66,91"/><U65/><E37/><V134/><F116/><W46/><G130/><T55/><D33/><U88/><E113/><V23/><F129/><W24/><G135/><N who="2" m="51753" /><F43/><W123/><G3/><T69/><D69/><U84/><E125/><V110/><F110/><W53/><G6/><T108/><D42/><U4/><E117/><V75/><F75/><W2/><G24/><T15/><D96/><N who="1" m="57351" /><E4/><N who="2" m="1423" /><F64/><W98/><G2/><T107/><D107/><U115/><E115/><V114/><F114/><W121/><G54/><T8/><D55/><U118/><E118/><V97/><F97/><W127/><G127/><T61/><D61/><U51/><E17/><V40/><F40/><W39/><G39/><T48/><D48/><N who="1" m="18507" /><E65/><V72/><F72/><W60/><G60/><T41/><D41/><U80/><E80/><V7/><F7/><W67/><G67/><T31/><D111/><U29/><E29/><V10/><AGARI ba="1,2" hai="10,13,19,23,25,30,93,94" m="1423,51753" machi="10" ten="30,1100,0" yaku="20,1" doraHai="120" who="2" fromWho="2" sc="235,-4,235,-6,255,34,255,-4" /><INIT seed="2,0,0,0,2,8" ten="231,229,289,251" oya="2" hai0="131,7,18,118,6,107,1,80,72,26,85,94,61" hai1="73,27,96,121,47,21,40,74,57,124,43,104,109" hai2="52,76,31,84,28,2,65,0,102,112,16,48,92" hai3="20,134,14,110,129,41,24,49,75,70,122,15,54"/><V86/><F112/><W5/><G70/><T34/><D107/><U90/><E109/><V3/><F65/><W35/><G75/><T97/><D72/><U11/><E124/><V111/><F111/><W133/><G35/><T42/><D131/><U51/><E43/><V91/><F102/><W17/><G122/><T93/><D118/><U128/><E128/><V45/><REACH who="2" step="1"/><F16/><REACH who="2" ten="231,229,279,251" step="2"/><N who="3" m="12295" /><G110/><T13/><D18/><U114/><E114/><V79/><F79/><W69/><G129/><T82/><D7/><U37/><E121/><V119/><F119/><W59/><G5/><T66/><D6/><U10/><E10/><V39/><F39/><W115/><G69/><T116/><D116/><U60/><E11/><V105/><F105/><W108/><G115/><T30/><D66/><U95/><E37/><V113/><F113/><W19/><G108/><T89/><D89/><U4/><E104/><V22/><F22/><W132/><G19/><T68/><D68/><U126/><E4/><V32/><F32/><W87/><G17/><T38/><D34/><U125/><E126/><V29/><F29/><W53/><G54/><T77/><D30/><U123/><E125/><V106/><F106/><W67/><G67/><T33/><D33/><U127/><E127/><V130/><F130/><W78/><G41/><T103/><D42/><U81/><E123/><V99/><F99/><W23/><G23/><T62/><D38/><U71/><E71/><V117/><F117/><W46/><G59/><T83/><D97/><U100/><E21/><V135/><F135/><W120/><G120/><T50/><D77/><RYUUKYOKU ba="0,1" sc="231,-15,229,-15,279,15,251,15" hai2="0,2,3,28,31,45,48,52,76,84,86,91,92" hai3="14,15,46,49,53,78,87,132,133,134" /><INIT seed="2,1,1,0,5,33" ten="216,214,294,266" oya="2" hai0="2,112,11,10,108,117,128,74,8,100,86,45,67" hai1="64,125,15,63,58,83,51,32,20,127,36,49,68" hai2="6,97,37,57,17,66,101,50,65,56,61,12,13" hai3="118,93,5,134,111,123,39,76,135,88,44,116,77"/><V87/><F37/><W75/><G5/><T73/><D112/><U85/><E32/><V27/><F6/><W14/><G14/><T102/><D108/><U22/><E36/><V126/><F126/><N who="1" m="48137" /><E68/><V104/><F87/><W4/><G4/><T38/><D128/><U115/><E115/><V107/><F107/><W59/><G59/><T92/><D67/><U106/><E106/><V47/><F27/><W122/><G44/><T60/><D117/><N who="3" m="45161" /><G39/><T103/><D60/><U41/><E15/><V99/><F99/><N who="3" m="57767" /><G111/><T9/><N who="0" m="2048" /><DORA hai="40" /><T110/><D110/><U42/><E42/><V98/><F17/><W78/><G75/><T96/><D2/><U16/><E41/><V21/><F21/><N who="1" m="8297" /><E16/><V132/><F12/><W30/><G30/><T89/><REACH who="0" step="1"/><D96/><REACH who="0" ten="206,214,294,266" step="2"/><U0/><E0/><V79/><F98/><W72/><G72/><T133/><D133/><AGARI ba="1,2" hai="76,77,78,122,123,133,134,135" m="57767,45161" machi="133" ten="40,8000,1" yaku="20,1,34,2,54,1" doraHai="33,40" who="3" fromWho="0" sc="206,-83,214,0,294,0,266,103" /><INIT seed="3,0,0,1,3,114" ten="123,214,294,369" oya="3" hai0="124,128,57,29,43,121,26,100,2,47,117,7,60" hai1="78,66,6,42,130,82,96,53,5,56,89,120,87" hai2="18,112,21,0,129,68,46,12,101,125,55,73,81" hai3="24,17,118,16,92,102,61,67,109,106,126,23,31"/><W34/><G118/><T51/><D124/><U54/><E120/><V85/><F112/><W32/><G106/><T69/><D128/><U91/><E130/><V76/><F129/><W44/><G126/><T98/><D121/><U72/><E42/><V95/><F125/><W3/><G3/><T97/><D2/><U122/><E122/><V37/><F68/><W77/><G77/><T105/><D7/><N who="1" m="2571" /><E72/><V52/><F0/><W132/><G132/><T116/><D97/><U104/><E104/><V13/><F13/><W123/><G109/><T22/><REACH who="0" step="1"/><D69/><REACH who="0" ten="113,214,294,369" step="2"/><U64/><E96/><V133/><F133/><W25/><G123/><T108/><D108/><U84/><E78/><V74/><F101/><W110/><G102/><T10/><D10/><U99/><E99/><V19/><F74/><W36/><G110/><T9/><D9/><U8/><E8/><V115/><F115/><W83/><G34/><T27/><D27/><U111/><E111/><V71/><F71/><W127/><G25/><T20/><D20/><U107/><E107/><V33/><F33/><W14/><G23/><T86/><D86/><U62/><E66/><AGARI ba="0,1" hai="22,26,29,43,47,51,57,60,66,98,100,105,116,117" machi="66" ten="30,7700,0" yaku="1,1,7,1,52,2,53,0" doraHai="114" doraHaiUra="119" who="0" fromWho="1" sc="113,87,214,-77,294,0,369,0" owari="200,-20.0,137,-36.3,294,9.4,369,46.9" /></mjloggm>