<mjloggm ver="2.3"><GO type="225" lobby="0"/><UN n0="%E3%81%8B%E3%82%8F%E3%81%A1%E3%82%83%E3%82%93%35%38" n1="%72%65%6E%6B%75%6E" n2="%E6%A1%9C%E8%8A%B1%E9%96%83%E3%80%85" n3="%E3%81%A4%E3%81%A3%E3%81%B1%E3%82%8A%E3%83%9D%E3%83%BC%E3%83%AB" dan="16,17,16,17" rate="2111.90,2226.89,2216.33,2227.80" sx="M,M,M,M"/><TAIKYOKU oya="0"/><INIT seed="0,0,0,1,1,98" ten="250,250,250,250" oya="0" hai0="66,73,110,119,129,107,58,37,19,79,71,34,56" hai1="48,105,91,134,4,92,78,62,24,126,74,95,122" hai2="132,124,106,46,51,63,6,53,69,22,67,88,8" hai3="87,3,47,33,127,89,15,7,70,83,45,72,123"/><T50/><D34/><U103/><E122/><V125/><F132/><W11/><G123/><T93/><D107/><U81/><E134/><V18/><F106/><W43/><G127/><T85/><D73/><U55/><E126/><V128/><F128/><W117/><G117/><T5/><D5/><U135/><E135/><V82/><F22/><W77/><G70/><T99/><D37/><U68/><E4/><V14/><REACH who="2" step="1"/><F6/><REACH who="2" ten="250,250,240,250" step="2"/><W84/><G33/><T1/><D129/><U115/><E105/><V59/><F59/><W86/><G47/><T109/><D56/><U20/><E115/><V76/><F76/><W39/><REACH who="3" step="1"/><G15/><REACH who="3" ten="250,250,240,240" step="2"/><T42/><D71/><U35/><E68/><V30/><F30/><W97/><G97/><T116/><D99/><U102/><E35/><V120/><F120/><W29/><G29/><T101/><D116/><U12/><E12/><V112/><F112/><W0/><G0/><T75/><D119/><U65/><E24/><V90/><F90/><AGARI ba="0,2" hai="3,7,11,39,43,45,72,77,83,84,86,87,89,90" machi="90" ten="40,8000,1" yaku="1,1,25,2,53,1" doraHai="98" doraHaiUra="40" who="3" fromWho="2" sc="250,0,250,0,240,-80,240,100" /><INIT seed="1,0,0,2,1,116" ten="250,250,160,340" oya="1" hai0="72,6,51,42,92,90,96,109,39,15,83,85,13" hai1="60,88,76,100,22,7,50,62,38,122,120,59,44" hai2="47,127,27,123,91,134,119,36,78,61,28,19,124" hai3="111,95,16,131,133,89,103,26,41,74,4,130,23"/><U84/><E38/><V46/><F119/><W77/><G111/><T48/><D109/><U5/><E100/><V97/><F78/><W65/><G133/><T79/><D39/><U66/><E76/><V35/><F134/><W8/><G41/><T63/><D63/><U40/><E22/><V2/><F2/><W128/><G65/><T17/><D42/><U87/><E87/><V105/><F19/><W104/><G104/><T98/><D98/><U114/><E114/><V135/><F135/><W101/><G74/><T34/><D34/><U12/><E62/><V110/><F110/><W43/><G43/><T21/><REACH who="0" step="1"/><D72/><REACH who="0" ten="240,250,160,340" step="2"/><U25/><E25/><V125/><F61/><W93/><G131/><T49/><D49/><U115/><E115/><V3/><F36/><W94/><G130/><T126/><D126/><U37/><E37/><V64/><F97/><W67/><G128/><T29/><D29/><U73/><E73/><V69/><F127/><W18/><G67/><T55/><D55/><U20/><E5/><V1/><F125/><W71/><G4/><T57/><D57/><U82/><REACH who="1" step="1"/><E7/><REACH who="1" ten="240,240,160,340" step="2"/><V11/><F124/><W132/><G132/><T106/><D106/><U53/><E53/><V32/><F105/><W86/><G18/><AGARI ba="0,2" hai="12,18,20,40,44,50,59,60,66,82,84,88,120,122" machi="18" ten="40,12000,1" yaku="1,1,52,2,54,1,53,0" doraHai="116" doraHaiUra="112" who="1" fromWho="3" sc="240,0,240,140,160,0,340,-120" /><INIT seed="1,1,0,1,4,66" ten="240,380,160,220" oya="1" hai0="53,24,64,54,117,39,69,57,47,27,129,124,134" hai1="22,61,25,91,78,80,89,35,17,30,90,108,3" hai2="42,0,113,120,107,121,75,109,135,49,58,20,38" hai3="84,26,88,85,48,105,123,34,83,12,11,41,102"/><U114/><E114/><V77/><F20/><W115/><G115/><T5/><D117/><U103/><E3/><V37/><F77/><W6/><G123/><T7/><D124/><U15/><E103/><V94/><F94/><W68/><G68/><T130/><D134/><U118/><E108/><V79/><F79/><W96/><G85/><T126/><D126/><U60/><REACH who="1" step="1"/><E118/><REACH who="1" ten="240,370,160,220" step="2"/><V14/><F0/><W55/><G41/><T110/><D110/><U43/><E43/><V93/><F42/><W50/><REACH who="3" step="1"/><G55/><REACH who="3" ten="240,370,160,210" step="2"/><T29/><D54/><U36/><E36/><V132/><F38/><W95/><G95/><T112/><D112/><U71/><E71/><V81/><F93/><W72/><G72/><AGARI ba="1,2" hai="15,17,22,25,30,35,60,61,72,78,80,89,90,91" machi="72" ten="40,2000,0" yaku="1,1,53,0" doraHai="66" doraHaiUra="33" who="1" fromWho="3" sc="240,0,370,43,160,0,210,-23" /><INIT seed="1,2,0,0,4,125" ten="240,413,160,187" oya="1" hai0="24,47,70,41,60,64,1,118,15,109,69,68,100" hai1="56,122,16,99,85,53,2,50,6,71,74,101,18" hai2="46,28,104,5,13,4,124,19,44,49,102,108,0" hai3="39,8,27,86,120,132,26,116,80,115,81,113,96"/><U93/><E122/><V89/><F124/><W127/><G120/><T103/><D118/><U94/><E74/><V84/><F108/><W45/><G127/><T123/><D123/><U3/><E71/><V10/><F28/><W25/><G116/><T30/><D1/><U31/><E31/><V36/><F36/><W32/><G132/><T129/><D109/><U22/><E6/><V73/><F73/><W14/><G32/><T66/><D15/><U33/><E33/><V90/><F46/><W7/><G96/><T34/><D129/><U65/><E65/><V20/><F104/><W9/><G9/><T54/><D54/><U131/><E131/><V12/><F102/><W83/><REACH who="3" step="1"/><G86/><REACH who="3" ten="240,413,160,177" step="2"/><T105/><D103/><U59/><E2/><V128/><F128/><W57/><G57/><T48/><D66/><U110/><E3/><V133/><F133/><W126/><G126/><T134/><D134/><U82/><E110/><V107/><F0/><W121/><G121/><T63/><D64/><U130/><E130/><V79/><F107/><W58/><G58/><T38/><D100/><U98/><E59/><V61/><F5/><W87/><G87/><T112/><D105/><U135/><E135/><V29/><F84/><W40/><AGARI ba="2,1" hai="7,8,14,25,26,27,39,40,45,80,81,83,113,115" machi="40" ten="40,2700,0" yaku="1,1,0,1,53,0" doraHai="125" doraHaiUra="91" who="3" fromWho="3" sc="240,-9,413,-15,160,-9,177,43" /><INIT seed="2,0,0,1,4,102" ten="231,398,151,220" oya="2" hai0="19,4,81,46,83,45,64,8,69,94,87,117,26" hai1="125,52,114,133,115,14,9,65,1,95,110,98,47" hai2="34,0,40,55,39,60,49,10,89,132,56,124,106" hai3="130,36,128,118,41,54,27,131,20,135,13,73,113"/><V67/><F34/><W5/><G118/><T72/><D117/><U122/><E1/><V11/><F124/><W29/><G73/><T120/><D120/><U109/><E65/><V33/><F33/><W63/><G135/><T44/><D69/><U126/><E133/><V85/><F132/><W59/><G113/><N who="1" m="43018" /><E47/><N who="2" m="23967" /><F0/><W96/><G96/><T7/><D64/><U48/><E122/><V15/><F15/><W121/><G121/><T99/><D72/><U31/><E31/><V25/><F25/><W119/><G119/><T16/><D26/><U3/><E3/><V91/><F106/><W116/><G116/><T42/><D42/><U32/><E32/><V12/><F85/><W50/><G36/><T104/><D104/><U105/><E105/><V103/><F103/><W38/><G38/><T71/><D71/><U61/><E61/><V2/><F2/><W66/><G41/><T111/><D111/><N who="1" m="42507" /><E48/><V134/><F134/><W21/><G5/><N who="0" m="2123" /><D8/><N who="2" m="3114" /><F12/><W88/><G13/><T107/><D107/><U76/><E52/><V123/><F123/><W101/><G20/><T78/><D83/><U80/><E14/><V75/><F75/><W17/><G29/><T51/><D51/><U35/><E9/><V58/><F58/><N who="3" m="33111" /><G101/><AGARI ba="0,0" hai="16,19,44,45,46,78,81,87,94,99,101" m="2123" machi="101" ten="30,2000,0" yaku="8,1,54,1" doraHai="102" who="0" fromWho="3" sc="231,20,398,0,151,0,220,-20" /><INIT seed="3,0,0,5,3,105" ten="251,398,151,200" oya="3" hai0="15,55,8,0,19,97,133,24,117,64,14,25,23" hai1="121,91,79,59,5,30,122,44,48,103,110,32,62" hai2="89,118,90,17,114,86,94,63,73,75,49,77,132" hai3="115,124,61,108,111,104,70,22,54,42,13,80,134"/><W46/><G104/><T107/><D64/><U31/><E110/><N who="3" m="42026" /><G115/><T51/><D117/><U88/><E103/><V101/><F118/><W82/><G134/><T120/><D120/><U95/><E79/><V7/><F7/><W69/><G124/><T65/><D65/><U1/><E1/><V83/><F114/><W26/><G13/><T92/><D107/><U41/><E5/><V21/><F132/><W11/><G11/><T129/><D129/><U98/><E91/><V4/><F4/><W96/><G96/><T109/><D0/><U66/><REACH who="1" step="1"/><E32/><REACH who="1" ten="251,388,151,200" step="2"/><V34/><F34/><W67/><G69/><T93/><D109/><U43/><E43/><V39/><F39/><N who="3" m="21855" /><G54/><T47/><D133/><U27/><E27/><N who="0" m="10313" /><D97/><U52/><E52/><V76/><F101/><W125/><G125/><T18/><AGARI ba="0,1" hai="8,14,15,18,19,23,47,51,55,92,93" m="10313" machi="18" ten="30,1100,0" yaku="8,1" doraHai="105" who="0" fromWho="0" sc="251,21,388,-3,151,-3,200,-5" owari="272,7.2,385,48.5,148,-35.2,195,-20.5" /></mjloggm>