<mjloggm ver="2.3"><GO type="225" lobby="0"/><UN n0="%E3%81%B8%E3%82%80%E3%81%B8%E3%82%80%EF%BC%92%E5%8F%B7" n1="%33%74%72%65%65" n2="%E3%83%A1%E3%82%AC%E3%83%87%E3%82%B8" n3="%E7%BD%AA%E5%88%91%E6%B3%95%E5%AE%9A%E4%B8%BB%E7%BE%A9" dan="17,17,16,16" rate="2150.51,2128.06,2083.03,2144.99" sx="M,F,F,M"/><TAIKYOKU oya="0"/><INIT seed="0,0,0,1,3,49" ten="250,250,250,250" oya="0" hai0="56,2,34,42,54,41,128,61,84,63,33,126,76" hai1="74,58,68,51,85,112,20,133,35,108,43,89,73" hai2="111,117,45,114,95,121,96,71,113,100,14,30,118" hai3="66,57,97,135,29,106,32,28,120,4,115,11,107"/><T82/><D128/><U46/><E35/><V102/><F71/><W67/><G115/><N who="2" m="44041" /><F30/><W31/><G32/><T47/><D126/><U44/><E68/><V88/><F45/><W101/><G135/><T13/><D2/><U86/><E108/><V16/><F121/><W69/><G69/><T37/><D42/><U53/><E133/><V15/><F15/><W79/><G79/><T70/><REACH who="0" step="1"/><D13/><REACH who="0" ten="240,250,250,250" step="2"/><U0/><E112/><V122/><F122/><W65/><G120/><T90/><D90/><U55/><E0/><V80/><F111/><W134/><G134/><T38/><D38/><U23/><E89/><V109/><F109/><W81/><G81/><T18/><D18/><U6/><E43/><V24/><F24/><W104/><REACH who="3" step="1"/><G57/><REACH who="3" ten="240,250,250,240" step="2"/><T19/><D19/><U3/><E58/><V17/><F17/><W72/><G72/><T116/><D116/><N who="2" m="44650" /><F80/><W75/><G75/><T105/><D105/><U131/><E74/><V98/><F98/><W50/><G50/><T40/><D40/><U64/><E73/><V22/><AGARI ba="0,2" hai="14,16,22,88,95,96,100,102" m="44650,44041" machi="22" ten="30,4000,0" yaku="12,1,54,2" doraHai="49" who="2" fromWho="2" sc="240,-20,250,-10,250,60,240,-10" /><INIT seed="1,0,0,4,0,14" ten="220,240,310,230" oya="1" hai0="118,7,57,62,119,13,4,1,135,36,115,10,18" hai1="77,97,108,48,5,125,120,95,132,50,123,101,72" hai2="126,45,0,15,90,26,107,12,129,39,92,9,63" hai3="86,34,127,31,100,17,65,40,75,56,113,85,98"/><U88/><E132/><V133/><F107/><W2/><G113/><T91/><D115/><U69/><E125/><V116/><F116/><W6/><G75/><T94/><D36/><U134/><E134/><V76/><F133/><W58/><G127/><T20/><D7/><U70/><E108/><V102/><F102/><W114/><G114/><T89/><D135/><U121/><E5/><V61/><F0/><W8/><G40/><T122/><D122/><U21/><E50/><V46/><F126/><W59/><G65/><T83/><D83/><U93/><E48/><V84/><F15/><W124/><G124/><T82/><D82/><U37/><E37/><V30/><F76/><W110/><G110/><T104/><D104/><U131/><E131/><V60/><F129/><W112/><G112/><T128/><D91/><U99/><E77/><V44/><F39/><W16/><G31/><T109/><D109/><U79/><E79/><V52/><F52/><W47/><G34/><T25/><D1/><U74/><REACH who="1" step="1"/><E21/><REACH who="1" ten="220,230,310,230" step="2"/><N who="2" m="15695" /><F45/><W105/><REACH who="3" step="1"/><G47/><REACH who="3" ten="220,230,310,220" step="2"/><T54/><REACH who="0" step="1"/><D128/><REACH who="0" ten="210,230,310,220" step="2"/><U49/><E49/><V19/><AGARI ba="0,3" hai="9,12,19,44,46,60,61,63,84,90,92" m="15695" machi="19" ten="30,2000,0" yaku="8,1,52,1" doraHai="14" who="2" fromWho="2" sc="210,-5,230,-10,310,50,220,-5" /><INIT seed="2,0,0,3,5,118" ten="205,220,360,215" oya="2" hai0="127,53,56,68,99,122,133,39,65,121,80,6,55" hai1="93,34,38,47,60,9,7,115,8,3,108,10,67" hai2="79,89,1,30,110,42,96,11,81,94,131,19,85" hai3="52,134,51,120,102,32,111,132,64,91,69,40,71"/><V33/><F131/><W45/><G32/><T109/><D6/><U15/><E115/><V126/><F126/><W28/><G102/><T14/><D14/><U124/><E124/><V88/><F42/><W0/><G0/><T5/><D5/><U101/><E34/><V2/><F110/><W24/><G111/><T72/><D127/><U59/><E108/><V31/><F1/><W130/><G130/><T12/><D12/><U29/><E3/><V70/><F70/><W20/><G64/><T50/><D99/><N who="1" m="59631" /><E38/><V113/><F113/><W112/><G112/><T46/><D109/><U17/><E29/><V61/><F61/><W49/><G91/><T104/><D104/><U23/><E47/><V82/><F33/><W4/><G4/><T87/><D72/><U74/><E74/><V37/><F37/><W106/><G106/><T35/><D35/><U90/><E90/><V66/><F66/><W125/><G125/><T116/><D116/><U128/><E128/><V98/><F2/><W97/><G97/><T83/><D133/><N who="3" m="51305" /><G120/><N who="0" m="46187" /><D87/><U114/><E114/><V18/><F98/><W26/><G26/><T105/><D105/><U27/><AGARI ba="0,0" hai="7,8,9,10,15,17,23,27,59,60,67" m="59631" machi="27" ten="30,1100,0" yaku="8,1" doraHai="118" who="1" fromWho="1" sc="205,-3,220,11,360,-5,215,-3" /><INIT seed="3,0,0,4,3,122" ten="202,231,355,212" oya="3" hai0="88,121,120,77,113,104,93,115,76,39,60,14,65" hai1="67,123,110,33,108,86,50,102,68,95,29,126,89" hai2="63,24,5,70,40,11,38,8,30,57,90,116,9" hai3="133,13,106,37,132,97,22,130,35,69,73,12,99"/><W112/><G112/><N who="0" m="43083" /><D104/><U2/><E123/><N who="0" m="47177" /><D39/><U62/><E126/><V43/><F70/><W128/><G37/><T75/><D14/><N who="3" m="5737" /><G69/><N who="0" m="42151" /><D75/><U31/><E2/><V17/><F5/><W85/><G73/><T131/><D131/><N who="3" m="50217" /><G35/><T0/><D0/><U59/><E33/><V78/><F78/><W124/><G124/><T18/><D18/><U47/><E68/><V41/><F38/><W51/><G22/><T100/><D100/><U49/><E102/><V118/><F90/><W58/><G85/><AGARI ba="0,0" hai="76,77,85,88,93" m="42151,47177,43083" machi="85" ten="30,2000,0" yaku="11,1,54,1" doraHai="122" who="0" fromWho="3" sc="202,20,231,0,355,0,212,-20" owari="222,-17.8,231,3.1,355,45.5,192,-30.8" /></mjloggm>