<mjloggm ver="2.3"><GO type="225" lobby="0"/><UN n0="%E7%AD%89%E3%80%85%E5%8A%9B%E5%8A%87%E5%A0%B4" n1="%E8%81%B7%E6%A5%AD%E3%80%81%E9%A2%A8%32" n2="%E7%B4%94%E6%BD%94%E3%83%94%E3%83%A9%E3%83%8B%E3%82%A2" n3="%65%6B%61%72%75%74%65" dan="16,16,18,16" rate="2152.54,2138.36,2305.35,2206.51" sx="M,M,M,M"/><TAIKYOKU oya="0"/><INIT seed="0,0,0,5,2,100" ten="250,250,250,250" oya="0" hai0="130,53,123,86,81,108,105,124,23,66,20,57,132" hai1="80,95,43,16,111,10,65,14,122,115,117,88,113" hai2="6,63,74,84,38,101,134,12,24,90,46,126,4" hai3="31,48,106,96,33,128,40,67,112,131,71,39,68"/><T45/><D123/><U119/><E111/><V5/><F74/><W64/><G31/><T97/><D132/><U103/><E65/><N who="3" m="25162" /><G33/><T36/><D130/><N who="3" m="49705" /><G96/><T17/><D124/><U93/><E43/><V19/><F63/><W83/><G83/><T125/><D125/><U8/><E8/><V7/><F126/><W58/><G106/><T27/><D108/><U60/><E60/><V114/><F101/><W21/><G21/><T62/><D97/><N who="1" m="59823" /><E80/><V9/><F114/><N who="1" m="43529" /><E122/><V11/><F134/><W22/><G22/><T110/><D23/><U37/><E37/><V73/><F73/><W49/><G112/><T0/><D110/><U92/><E92/><V52/><F38/><W42/><G39/><T44/><D36/><U133/><E133/><V102/><F102/><W69/><G58/><T78/><D105/><U116/><E116/><V25/><N who="2" m="1024" /><DORA hai="56" /><V85/><F9/><W98/><G98/><AGARI ba="0,0" hai="10,14,16,88,95,98,117,119" m="43529,59823" machi="98" ten="30,3900,0" yaku="11,1,54,2" doraHai="100,56" who="1" fromWho="3" sc="250,0,250,39,250,0,250,-39" /><INIT seed="1,0,0,2,5,62" ten="250,289,250,211" oya="1" hai0="109,120,0,74,16,99,65,12,72,26,92,117,87" hai1="27,18,125,29,45,108,71,64,134,1,129,19,91" hai2="60,3,68,88,53,54,35,75,23,89,43,70,5" hai3="48,56,66,121,32,94,98,38,49,111,9,44,73"/><U76/><E1/><V8/><F35/><W13/><G121/><T97/><D117/><U21/><E125/><V59/><F75/><W24/><G73/><T28/><D0/><U100/><E129/><V105/><F105/><W77/><G77/><T14/><D109/><U124/><E124/><V101/><F101/><W83/><G83/><T110/><D110/><U81/><E108/><V63/><F43/><W34/><G38/><T113/><D113/><U114/><E114/><V103/><F103/><W15/><G15/><T119/><D119/><U69/><E134/><V61/><F23/><W118/><G118/><T33/><D120/><U104/><E91/><V107/><F107/><W50/><G24/><T2/><D2/><U135/><E71/><V4/><F4/><W46/><G34/><T82/><D12/><U17/><E135/><V130/><F130/><W79/><G79/><T122/><D122/><U6/><E6/><V123/><F123/><W42/><G42/><T37/><D37/><U84/><E45/><N who="3" m="17514" /><G32/><T22/><D74/><U131/><E131/><V58/><F68/><W128/><G128/><T51/><D72/><U57/><E69/><V132/><F132/><W25/><G25/><T95/><D26/><U67/><REACH who="1" step="1"/><E57/><REACH who="1" ten="250,279,250,211" step="2"/><V36/><F36/><W30/><G111/><T31/><D33/><U55/><E55/><V80/><F80/><W90/><G56/><T47/><D47/><U127/><E127/><V85/><F85/><W11/><G90/><T102/><D87/><U41/><E41/><V10/><F89/><W133/><G133/><T96/><D82/><RYUUKYOKU ba="0,1" sc="250,-10,279,30,250,-10,211,-10" hai1="17,18,19,21,27,29,64,67,76,81,84,100,104" /><INIT seed="1,1,1,4,5,104" ten="240,309,240,201" oya="1" hai0="129,100,45,54,123,65,125,75,78,67,87,58,34" hai1="80,73,66,111,23,2,95,77,25,16,72,98,89" hai2="91,126,70,47,46,120,22,114,118,133,48,124,90" hai3="115,60,57,10,8,131,106,79,7,103,83,102,107"/><U5/><E111/><V71/><F118/><W69/><G115/><T37/><D34/><U101/><E66/><V74/><F74/><W86/><G69/><N who="2" m="26121" /><F120/><W81/><G131/><T55/><D125/><N who="2" m="48234" /><F114/><W11/><G7/><T61/><D129/><U85/><REACH who="1" step="1"/><E101/><REACH who="1" ten="240,299,240,201" step="2"/><V31/><F133/><W19/><G103/><T119/><D67/><U4/><E4/><V15/><F47/><W108/><G102/><T82/><D65/><U18/><E18/><N who="2" m="10591" /><F31/><W113/><G108/><T88/><D45/><U59/><E59/><V32/><F32/><W110/><G110/><T99/><D58/><U27/><E27/><V6/><F6/><W35/><G113/><T105/><D100/><U0/><E0/><V76/><F76/><W53/><G35/><T51/><D78/><U1/><E1/><V116/><F116/><W122/><G19/><T68/><D119/><U130/><E130/><V43/><AGARI ba="1,2" hai="43,46,48,90,91" m="10591,48234,26121" machi="43" ten="30,1100,0" yaku="18,1" doraHai="104" who="2" fromWho="2" sc="240,-4,299,-6,240,34,201,-4" /><INIT seed="2,0,0,4,0,28" ten="236,293,274,197" oya="2" hai0="75,73,105,89,63,87,6,79,88,26,50,55,113" hai1="18,30,0,76,90,70,23,127,84,68,42,128,102" hai2="27,111,53,109,44,108,29,120,97,119,7,107,4" hai3="40,15,58,129,106,86,11,132,122,93,57,43,125"/><V37/><F119/><W60/><G122/><T82/><D113/><U25/><E0/><V62/><F120/><W114/><G125/><T51/><D105/><U9/><E127/><V118/><F118/><W81/><G129/><T78/><D6/><U59/><E128/><V52/><F37/><W34/><G132/><T61/><D87/><U99/><E42/><V121/><F121/><W135/><G135/><T3/><D26/><U123/><E59/><N who="2" m="35175" /><F53/><W33/><G93/><T14/><D55/><U10/><E123/><V96/><F44/><W104/><G86/><T48/><D48/><U31/><E70/><V133/><F133/><W83/><G15/><T71/><D14/><N who="1" m="7503" /><E68/><V103/><F97/><W38/><G11/><T124/><D71/><U32/><E10/><V8/><F8/><W80/><G80/><T85/><D85/><U13/><E32/><AGARI ba="0,0" hai="4,7,27,29,32,96,103,107,108,109,111" m="35175" machi="32" ten="30,11600,0" yaku="14,1,10,1,52,1,54,1" doraHai="28" who="2" fromWho="1" sc="236,0,293,-116,274,116,197,0" /><INIT seed="2,1,0,3,4,2" ten="236,177,390,197" oya="2" hai0="135,21,69,102,93,112,45,60,129,113,107,36,100" hai1="6,115,104,118,4,77,48,47,5,64,52,53,73" hai2="83,11,61,0,92,38,80,94,79,127,131,33,42" hai3="31,74,132,67,46,78,119,85,88,30,54,121,43"/><V70/><F33/><W99/><G119/><T81/><D107/><U24/><E104/><V25/><F25/><W91/><G121/><T134/><D81/><U96/><E115/><V10/><F131/><W109/><G67/><N who="0" m="41191" /><D21/><U18/><E118/><V65/><F127/><W108/><G54/><N who="1" m="21098" /><E73/><V14/><F80/><N who="3" m="47255" /><G132/><N who="0" m="50731" /><D129/><U39/><E39/><V23/><F23/><W101/><G74/><T76/><D76/><U22/><E77/><V133/><F133/><W66/><G66/><T128/><D128/><U50/><E64/><V44/><F0/><W13/><G13/><T90/><D45/><U41/><E96/><V17/><F11/><W87/><G87/><AGARI ba="1,0" hai="10,14,17,38,42,44,61,65,70,79,83,87,92,94" machi="87" ten="30,1500,0" yaku="7,1" doraHai="2" who="2" fromWho="3" sc="236,0,177,0,390,18,197,-18" /><INIT seed="2,2,0,2,0,30" ten="236,177,408,179" oya="2" hai0="71,48,98,90,111,67,106,62,20,31,35,101,5" hai1="132,87,89,135,95,40,24,120,3,119,51,34,102" hai2="28,45,91,8,59,22,56,109,43,58,61,23,14" hai3="99,79,97,33,125,83,27,108,63,88,114,52,116"/><V84/><F109/><W60/><G116/><T92/><D111/><U105/><E3/><V36/><F28/><W42/><G108/><T13/><D48/><U100/><E119/><V126/><F126/><W65/><G42/><T127/><D127/><U103/><E120/><V66/><F23/><W118/><G118/><T25/><D5/><U55/><E40/><V86/><F22/><W18/><G125/><T54/><D54/><U73/><E73/><V1/><F1/><W68/><G114/><T46/><D46/><U76/><E76/><V104/><F104/><W129/><G129/><T4/><D4/><U124/><E124/><V81/><F86/><W10/><G33/><T130/><D130/><U29/><REACH who="1" step="1"/><E105/><REACH who="1" ten="236,167,408,179" step="2"/><V75/><F75/><W26/><G26/><T41/><D41/><U133/><E133/><V112/><F112/><W7/><G27/><T82/><D13/><U85/><E85/><V123/><F123/><W37/><G79/><T32/><D82/><U17/><E17/><AGARI ba="2,1" hai="8,14,17,36,43,45,56,58,59,61,66,81,84,91" machi="17" ten="30,1500,0" yaku="7,1" doraHai="30" who="2" fromWho="1" sc="236,0,167,-21,408,31,179,0" /><INIT seed="2,3,0,2,5,59" ten="236,146,439,179" oya="2" hai0="36,71,6,83,126,66,41,49,74,5,106,27,8" hai1="103,32,11,54,44,134,97,12,86,65,108,99,69" hai2="47,102,13,118,15,28,9,101,19,21,89,105,61" hai3="48,39,125,14,113,56,20,68,110,35,17,100,82"/><V1/><F118/><W64/><G39/><T128/><D106/><U50/><E32/><V42/><F1/><W22/><G35/><T62/><D128/><U116/><E116/><V93/><F105/><W30/><G110/><T57/><D126/><U107/><E108/><V46/><F61/><W23/><G125/><T0/><D6/><U112/><E112/><V24/><F15/><W98/><G68/><T130/><D130/><U33/><E33/><V43/><F46/><W123/><G123/><T53/><D27/><U95/><E134/><V70/><F70/><W90/><G30/><T92/><D92/><U31/><E31/><V77/><F77/><W117/><G117/><T38/><D41/><U111/><E111/><V3/><F3/><W109/><G113/><T84/><REACH who="0" step="1"/><D74/><REACH who="0" ten="226,146,439,179" step="2"/><U25/><E25/><V73/><F73/><W80/><G109/><T37/><D37/><U91/><E69/><V45/><F43/><W78/><G82/><T120/><D120/><U133/><E133/><V67/><F42/><W52/><G80/><T7/><D7/><U51/><E65/><V127/><F67/><W121/><G64/><T2/><D2/><U131/><E131/><V96/><F127/><W119/><G121/><T26/><D26/><U60/><E44/><V29/><F29/><W18/><G119/><T132/><D132/><U10/><E12/><V87/><F47/><W85/><G14/><T124/><D124/><U40/><E40/><V81/><F45/><W75/><G75/><T72/><D72/><U114/><E114/><V63/><F13/><W122/><G122/><RYUUKYOKU ba="3,1" sc="226,30,146,-10,439,-10,179,-10" hai0="0,5,8,36,38,49,53,57,62,66,71,83,84" /><INIT seed="3,4,1,2,3,13" ten="256,136,429,169" oya="3" hai0="102,63,12,39,79,61,91,75,83,109,4,18,81" hai1="127,74,46,110,76,20,82,44,105,37,50,8,59" hai2="114,64,104,10,92,90,47,73,108,128,86,1,106" hai3="58,130,40,32,15,68,96,6,111,70,36,118,88"/><W66/><G118/><T25/><D39/><U24/><E110/><V132/><F108/><W5/><G32/><T113/><D109/><U131/><E105/><V67/><F106/><W62/><G111/><T71/><D71/><U28/><E131/><V14/><F128/><W121/><G121/><T26/><D4/><U16/><E127/><V60/><F1/><W34/><G34/><T48/><D102/><U9/><E28/><V49/><F104/><W19/><G40/><T98/><D48/><U52/><E37/><V116/><F73/><W123/><G36/><T97/><D75/><U78/><E78/><V124/><F114/><W2/><G2/><T100/><D79/><U115/><E115/><V103/><F124/><W107/><G123/><T133/><D100/><U21/><E21/><V134/><F103/><N who="3" m="62951" /><G88/><T93/><D91/><U117/><E117/><V94/><F94/><W126/><G126/><T33/><D93/><U51/><E59/><V85/><F85/><W41/><G41/><AGARI ba="4,1" hai="8,9,16,20,24,41,44,46,50,51,52,74,76,82" machi="41" ten="30,7700,0" yaku="7,1,52,1,54,2" doraHai="13" who="1" fromWho="3" sc="256,0,136,99,429,0,169,-89" owari="256,5.6,235,-16.5,429,52.9,80,-42.0" /></mjloggm>