<mjloggm ver="2.3"><GO type="225" lobby="0"/><UN n0="%6A%70%74%77%61%32" n1="%E7%B4%AB%E3%81%AE%E9%8F%A1" n2="%E8%81%B7%E6%A5%AD%E3%80%81%E9%A2%A8%32" n3="%E7%B4%94%E6%BD%94%E3%83%94%E3%83%A9%E3%83%8B%E3%82%A2" dan="16,16,16,16" rate="2041.92,2032.99,2124.94,2147.36" sx="M,M,M,M"/><TAIKYOKU oya="0"/><INIT seed="0,0,0,3,1,84" ten="250,250,250,250" oya="0" hai0="129,119,85,29,97,72,35,70,28,37,24,92,25" hai1="106,118,9,59,108,134,0,21,122,68,74,32,12" hai2="98,110,46,60,6,48,80,96,50,86,117,66,63" hai3="127,27,40,56,75,13,2,102,16,58,135,111,105"/><T67/><D72/><U79/><RYUUKYOKU type="yao9" ba="0,0" sc="250,0,250,0,250,0,250,0" hai1="0,9,12,21,32,59,68,74,79,106,108,118,122,134" /><INIT seed="0,1,0,4,2,114" ten="250,250,250,250" oya="0" hai0="113,110,107,97,3,68,106,121,53,67,50,51,98" hai1="86,92,13,39,89,132,27,23,76,105,103,19,104" hai2="59,62,9,28,115,112,41,69,111,7,102,81,11" hai3="78,118,16,116,47,73,128,24,101,46,120,71,130"/><T125/><D113/><U1/><E1/><V25/><F111/><W4/><G71/><T72/><D121/><U36/><E132/><V64/><F41/><W123/><G101/><T94/><D110/><U44/><E76/><V129/><F129/><N who="3" m="49771" /><G4/><T15/><D3/><U2/><E2/><V37/><F37/><W126/><G78/><T31/><D72/><U29/><E103/><V108/><F108/><W79/><G79/><T56/><D125/><U133/><E133/><V91/><F7/><W109/><G73/><T100/><D31/><U85/><E85/><N who="2" m="50607" /><F69/><W90/><G90/><T82/><D82/><U65/><E65/><V55/><F112/><W117/><G126/><T49/><D15/><U42/><REACH who="1" step="1"/><E39/><REACH who="1" ten="250,240,250,250" step="2"/><V61/><F115/><W0/><G0/><T38/><D38/><U32/><AGARI ba="1,1" hai="13,19,23,27,29,32,36,42,44,86,89,92,104,105" machi="32" ten="20,5200,0" yaku="1,1,2,1,0,1,7,1,53,0" doraHai="114" doraHaiUra="134" who="1" fromWho="1" sc="250,-27,240,65,250,-14,250,-14" /><INIT seed="1,0,0,1,1,96" ten="223,305,236,236" oya="1" hai0="57,9,118,2,8,127,39,84,79,40,70,99,11" hai1="53,19,122,134,77,22,80,29,64,0,103,89,18" hai2="41,85,10,26,52,25,101,117,3,131,94,59,125" hai3="114,24,105,120,130,51,63,110,100,48,5,104,88"/><U42/><E122/><V7/><F117/><W28/><G114/><T50/><D70/><U106/><E0/><V81/><F125/><W4/><G110/><T93/><D118/><U36/><E134/><V71/><F71/><W133/><G130/><T46/><D127/><U87/><E64/><V112/><F131/><W13/><G63/><T21/><D2/><U58/><E36/><V34/><F34/><W27/><G133/><T35/><D35/><U124/><E42/><V119/><F41/><W126/><G126/><T109/><D109/><U30/><E77/><V72/><F72/><W113/><G113/><T92/><D21/><U56/><E56/><V111/><F111/><W43/><G43/><T74/><D74/><U38/><E38/><V61/><F112/><W33/><G13/><T55/><REACH who="0" step="1"/><D99/><REACH who="0" ten="213,305,236,236" step="2"/><U66/><E124/><V54/><F119/><W91/><G33/><T14/><D14/><U86/><E22/><V23/><F3/><W98/><G98/><T37/><D37/><U95/><E87/><V123/><F23/><W31/><G120/><T78/><D78/><U116/><E86/><V69/><F69/><W62/><G62/><T128/><D128/><U12/><E12/><N who="2" m="5215" /><F123/><W67/><G100/><T108/><D108/><U102/><E116/><V107/><F101/><W32/><G32/><T115/><D115/><U135/><E103/><V90/><F61/><W82/><G82/><AGARI ba="0,1" hai="8,9,11,39,40,46,50,55,57,79,82,84,92,93" machi="82" ten="40,1300,0" yaku="1,1,53,0" doraHai="96" doraHaiUra="15" who="0" fromWho="3" sc="213,23,305,0,236,0,236,-13" /><INIT seed="2,0,0,3,5,31" ten="236,305,236,223" oya="2" hai0="108,2,116,19,69,90,135,91,98,96,39,54,79" hai1="37,128,84,43,55,26,76,80,32,40,132,104,74" hai2="117,59,20,114,10,34,93,70,64,78,15,23,129" hai3="120,17,16,58,113,121,122,35,100,112,106,131,125"/><V102/><F117/><W28/><G106/><T30/><D116/><U126/><E104/><V46/><F34/><W27/><G100/><T14/><D2/><U21/><E32/><V45/><F70/><W60/><G125/><T25/><D108/><U67/><E126/><V72/><F129/><W62/><G131/><T130/><D135/><U88/><E128/><V97/><F72/><W63/><REACH who="3" step="1"/><G58/><REACH who="3" ten="236,305,236,213" step="2"/><T89/><D69/><U92/><E132/><V9/><F114/><AGARI ba="0,1" hai="16,17,27,28,35,60,62,63,112,113,114,120,121,122" machi="114" ten="50,8000,1" yaku="1,1,2,1,11,1,52,1,54,1,53,0" doraHai="31" doraHaiUra="73" who="3" fromWho="2" sc="236,0,305,0,236,-80,213,90" /><INIT seed="3,0,0,2,2,33" ten="236,305,156,303" oya="3" hai0="35,70,1,4,42,44,78,56,59,105,43,81,129" hai1="21,96,37,116,13,36,3,49,15,48,12,88,7" hai2="66,64,133,104,82,25,135,134,55,58,92,29,120" hai3="8,51,6,73,24,57,40,126,84,94,28,108,31"/><W39/><G73/><T53/><D70/><U23/><E3/><V32/><F104/><W100/><G126/><T122/><D122/><U114/><E114/><V9/><F120/><W10/><G108/><T65/><D129/><U74/><E74/><V101/><F82/><W110/><G110/><T22/><D105/><U90/><E7/><V18/><F101/><W103/><G39/><T68/><D35/><U34/><E34/><V115/><F115/><W26/><G40/><T86/><D68/><U112/><E112/><V99/><F18/><W111/><G111/><T123/><D123/><U20/><E116/><V91/><REACH who="2" step="1"/><F9/><REACH who="2" ten="236,305,146,303" step="2"/><N who="3" m="3691" /><G6/><T5/><D5/><U46/><E13/><V14/><F14/><W27/><G103/><T17/><D4/><U131/><E12/><V61/><AGARI ba="0,1" hai="25,29,32,55,58,61,64,66,91,92,99,133,134,135" machi="61" ten="30,4000,0" yaku="1,1,0,1,20,1,53,0" doraHai="33" doraHaiUra="102" who="2" fromWho="2" sc="236,-10,305,-10,146,50,303,-20" /><INIT seed="4,0,0,3,0,14" ten="226,295,196,283" oya="0" hai0="120,9,106,1,125,69,70,65,25,49,83,63,11" hai1="38,79,114,104,119,124,115,102,130,29,91,89,3" hai2="108,41,129,56,126,42,15,33,6,16,127,99,37" hai3="45,103,5,20,8,86,68,36,132,81,7,50,60"/><T4/><D120/><U24/><E119/><V46/><F108/><W128/><G36/><T77/><D125/><N who="2" m="47626" /><F33/><W80/><G128/><T22/><D106/><U44/><E3/><V64/><F129/><W75/><G132/><T27/><D11/><U2/><E2/><V55/><F6/><W95/><G75/><T40/><D69/><U13/><E130/><V94/><F64/><W101/><G68/><T59/><D22/><U113/><E124/><V28/><F28/><W116/><G60/><T85/><REACH who="0" step="1"/><D59/><REACH who="0" ten="216,295,196,283" step="2"/><U88/><E104/><V134/><F134/><W74/><G20/><T34/><D34/><U10/><E10/><N who="2" m="6263" /><F46/><AGARI ba="0,1" hai="1,4,9,25,27,40,46,49,63,65,70,77,83,85" machi="46" ten="40,3900,0" yaku="1,1,53,1" doraHai="14" doraHaiUra="62" who="0" fromWho="2" sc="216,49,295,0,196,-39,283,0" /><INIT seed="4,1,0,2,2,115" ten="265,295,157,283" oya="0" hai0="109,110,116,135,54,38,10,86,67,30,78,63,126" hai1="80,73,15,82,47,22,123,43,64,69,93,131,60" hai2="24,105,4,8,40,85,101,133,132,81,66,113,55" hai3="76,6,62,23,18,95,39,92,3,77,114,12,96"/><T129/><D126/><U44/><E123/><V88/><F113/><W51/><G39/><T119/><D129/><U103/><E131/><V1/><F66/><W130/><G114/><T5/><D135/><N who="2" m="51786" /><F40/><W28/><G130/><T41/><D30/><U26/><E15/><V122/><F122/><W0/><G28/><T107/><D107/><U97/><E73/><V71/><F71/><W112/><G112/><T49/><D86/><U72/><E44/><V91/><F24/><W68/><G92/><T117/><D78/><U98/><E98/><N who="2" m="61623" /><F55/><W2/><G6/><T94/><D94/><U29/><E72/><V31/><F31/><W56/><G51/><AGARI ba="1,0" hai="22,26,29,43,47,51,60,64,69,80,82,93,97,103" machi="51" ten="30,1000,0" yaku="7,1" doraHai="115" who="1" fromWho="3" sc="265,0,295,13,157,0,283,-13" owari="265,-13.5,308,40.8,157,-34.3,270,7.0" /></mjloggm>