<mjloggm ver="2.3"><GO type="225" lobby="0"/><UN n0="%30%2E%31%32%30" n1="%E3%82%B3%E3%83%90%E3%83%AC%E3%82%A4" n2="%28%EF%BF%A3%E2%96%BD%EF%BF%A3%29%CE%B4%E2%8C%92%E3%83%BB" n3="%E8%9B%87%E3%81%AE%E8%A1%80" dan="16,16,17,16" rate="2127.70,2179.30,2259.99,2167.27" sx="M,M,M,M"/><TAIKYOKU oya="0"/><INIT seed="0,0,0,0,1,18" ten="250,250,250,250" oya="0" hai0="93,25,124,21,27,14,42,98,121,45,34,28,71" hai1="126,97,65,22,60,87,94,3,82,115,76,129,8" hai2="56,44,35,20,81,17,23,2,84,117,133,10,38" hai3="89,110,46,104,95,106,80,29,113,61,134,78,130"/><T6/><D71/><U4/><E115/><V9/><F35/><W24/><G113/><T40/><D124/><U58/><E126/><V64/><F133/><W111/><G61/><T57/><D121/><U92/><E129/><V131/><F131/><W116/><G46/><T59/><D14/><U122/><E122/><V36/><F117/><W47/><G47/><T51/><D6/><U54/><E54/><V108/><F108/><N who="3" m="41515" /><G130/><T30/><REACH who="0" step="1"/><D42/><REACH who="0" ten="240,250,250,250" step="2"/><U125/><E125/><V37/><F2/><W32/><G116/><T33/><D33/><U52/><E3/><V15/><F9/><W13/><G13/><T79/><D79/><U73/><E4/><V5/><F5/><W68/><G68/><T96/><D96/><U53/><E8/><V135/><F135/><W91/><G134/><T123/><D123/><U86/><E97/><V102/><F10/><W118/><G118/><T7/><D7/><U43/><E43/><V107/><F15/><W101/><G78/><T127/><D127/><U109/><E109/><V75/><F37/><W66/><G32/><T100/><AGARI ba="0,1" hai="21,25,27,28,30,34,40,45,51,57,59,93,98,100" machi="100" ten="20,7800,0" yaku="1,1,0,1,7,1,52,1,53,0" doraHai="18" doraHaiUra="83" who="0" fromWho="0" sc="240,88,250,-26,250,-26,250,-26" /><INIT seed="0,1,0,0,4,15" ten="328,224,224,224" oya="0" hai0="70,120,95,38,7,87,5,63,122,19,53,88,99" hai1="4,42,43,80,100,51,0,27,23,130,85,48,14" hai2="93,47,56,108,113,97,39,52,92,66,67,126,64" hai3="123,101,103,60,76,40,109,57,20,96,12,28,121"/><T13/><D38/><U114/><E0/><V81/><F113/><W106/><G109/><T22/><D53/><U18/><E100/><V36/><F108/><W8/><G76/><T77/><D77/><U89/><E114/><V10/><F126/><W78/><G78/><T62/><D62/><U107/><E107/><V59/><F81/><W75/><G75/><T94/><D120/><N who="3" m="46153" /><G40/><N who="1" m="15402" /><E130/><V98/><F10/><AGARI ba="1,0" hai="4,10,14,18,23,27,48,51,80,85,89" m="15402" machi="10" ten="30,2000,0" yaku="8,1,52,1" doraHai="15" who="1" fromWho="2" sc="328,0,224,23,224,-23,224,0" /><INIT seed="1,0,0,4,5,96" ten="328,247,201,224" oya="1" hai0="104,16,120,106,114,95,127,74,42,32,121,99,134" hai1="13,48,110,122,18,126,102,133,63,54,90,37,131" hai2="124,132,33,23,66,17,107,39,118,93,43,61,19" hai3="112,55,64,50,123,62,28,10,46,9,22,70,27"/><U135/><E37/><V67/><F107/><W29/><G123/><N who="0" m="47179" /><D32/><U111/><E122/><V11/><F33/><W35/><G112/><T109/><D74/><U6/><E6/><V26/><F118/><W78/><G29/><T116/><D116/><U47/><E131/><V81/><F124/><W84/><G35/><T30/><D30/><U86/><E126/><V21/><F132/><N who="1" m="50761" /><E63/><V92/><F11/><W72/><G72/><T34/><D34/><U85/><E102/><V4/><F4/><W52/><REACH who="3" step="1"/><G55/><REACH who="3" ten="328,247,201,214" step="2"/><T94/><D134/><U101/><E111/><V60/><F43/><W38/><G38/><T20/><D42/><U98/><E110/><V31/><F39/><W113/><G113/><T129/><D109/><U24/><E24/><V1/><F31/><W5/><G5/><T80/><D114/><U97/><E98/><V57/><F1/><W88/><G88/><T41/><D99/><U15/><E18/><V82/><F26/><W91/><G91/><T68/><D16/><U105/><E86/><V65/><F65/><W25/><G25/><T117/><D117/><U2/><E2/><V76/><F76/><W14/><G14/><T45/><D127/><U44/><E13/><V40/><F40/><W12/><G12/><T77/><D77/><U36/><E15/><V71/><F71/><W89/><G89/><T75/><D68/><U79/><E36/><V83/><F83/><AGARI ba="0,1" hai="9,10,22,27,28,46,50,52,62,64,70,78,83,84" machi="83" ten="40,2600,0" yaku="1,1,54,1,53,0" doraHai="96" doraHaiUra="8" who="3" fromWho="2" sc="328,0,247,0,201,-26,214,36" /><INIT seed="2,0,0,3,5,17" ten="328,247,175,250" oya="2" hai0="1,63,127,120,3,81,25,110,80,16,48,95,33" hai1="82,65,129,22,89,124,19,37,29,107,96,123,108" hai2="68,83,24,131,99,4,39,135,45,102,18,5,132" hai3="6,101,34,23,71,126,84,42,122,50,79,88,38"/><V10/><F68/><W72/><G34/><T112/><D63/><U12/><E123/><V113/><F113/><W100/><G71/><T74/><D48/><U133/><E37/><V85/><F131/><W66/><G122/><T67/><D95/><U78/><E129/><V90/><F45/><W7/><G66/><T2/><D67/><U97/><E133/><N who="2" m="51275" /><F39/><W115/><G38/><T54/><D112/><U47/><E124/><V75/><F75/><W91/><G72/><T105/><D74/><U31/><E108/><V56/><F56/><W116/><G116/><T104/><D110/><U73/><E65/><V61/><F61/><W0/><G126/><T103/><D127/><U86/><E47/><V20/><F10/><W64/><G64/><T94/><D120/><U27/><E107/><AGARI ba="0,0" hai="4,5,18,20,24,83,85,90,99,102,107" m="51275" machi="107" ten="30,2900,0" yaku="20,1,52,1" doraHai="17" who="2" fromWho="1" sc="328,0,247,-29,175,29,250,0" /><INIT seed="2,1,0,0,5,111" ten="328,218,204,250" oya="2" hai0="92,25,122,8,133,127,113,31,74,16,97,107,87" hai1="63,64,0,135,88,69,21,93,70,118,98,12,39" hai2="115,117,66,44,125,128,124,48,89,116,78,73,35" hai3="68,5,29,38,76,2,129,94,56,65,34,26,15"/><V82/><F35/><W71/><G38/><T1/><D74/><U114/><E0/><V95/><F66/><W19/><G129/><T60/><D122/><U75/><E75/><V99/><F48/><W80/><G94/><T57/><D107/><U13/><E118/><N who="2" m="45675" /><F44/><W101/><G101/><T72/><D60/><U52/><E39/><V41/><F41/><W103/><G103/><T42/><D42/><U86/><E70/><V24/><F24/><W37/><G37/><T27/><D27/><U20/><E135/><V59/><F59/><W100/><G100/><T54/><D25/><U77/><E69/><V58/><F58/><W62/><G5/><T119/><D57/><N who="1" m="35239" /><E64/><V9/><F9/><W6/><G6/><T91/><D8/><U36/><E36/><V49/><F49/><W120/><G2/><T23/><D119/><U126/><E126/><N who="2" m="48747" /><F115/><W32/><G32/><T7/><D113/><U131/><E114/><V112/><F112/><W105/><G105/><T33/><D1/><U110/><E131/><AGARI ba="1,0" hai="73,78,82,89,95,99,128,131" m="48747,45675" machi="131" ten="40,7700,0" yaku="18,1,34,2" doraHai="111" who="2" fromWho="1" sc="328,0,218,-80,204,80,250,0" /><INIT seed="2,2,0,3,2,32" ten="328,138,284,250" oya="2" hai0="44,2,135,13,74,120,106,129,30,103,96,73,69" hai1="134,10,51,28,89,41,124,132,110,34,37,91,90" hai2="75,17,93,121,11,26,52,60,116,59,81,105,20" hai3="65,111,67,36,46,4,133,7,50,130,95,0,100"/><V54/><F105/><W85/><G111/><T47/><D120/><U1/><E110/><V68/><F121/><W33/><G33/><T21/><D2/><U43/><E37/><V127/><F116/><W128/><G36/><T55/><D69/><U76/><E76/><V99/><F68/><W125/><G133/><T117/><D117/><U9/><E124/><V56/><F127/><W16/><G125/><T12/><D135/><U78/><E78/><V62/><F75/><W104/><G104/><T87/><D87/><U112/><E112/><V29/><F81/><W22/><G100/><T42/><D129/><N who="3" m="49769" /><G95/><T114/><D114/><U53/><E134/><V94/><F99/><W71/><G85/><T25/><D74/><U64/><E132/><V109/><F109/><W14/><G71/><T57/><D73/><U82/><E82/><V39/><F39/><W40/><G4/><T126/><D126/><U86/><E86/><V79/><F79/><W131/><N who="3" m="49777" /><W38/><DORA hai="48" /><G38/><T123/><D123/><U119/><E119/><V24/><F11/><AGARI ba="2,0" hai="0,7,11,14,16,22,40,46,50,65,67" m="49777" machi="11" ten="40,5200,0" yaku="19,1,52,1,54,1" doraHai="32,48" who="3" fromWho="2" sc="328,0,138,0,284,-58,250,58" /><INIT seed="3,0,0,4,0,29" ten="328,138,226,308" oya="3" hai0="53,42,115,41,91,133,8,81,130,14,62,75,49" hai1="134,39,20,129,60,131,72,15,102,90,12,77,5" hai2="51,36,100,116,80,101,65,40,32,7,96,2,94" hai3="67,3,17,117,27,30,88,52,31,25,18,19,9"/><W111/><G117/><T87/><D130/><U124/><E39/><V120/><F32/><W11/><G67/><T43/><D75/><U107/><E131/><V71/><F51/><W121/><G121/><T92/><D133/><U118/><E134/><V4/><F100/><W50/><G111/><T108/><D108/><U66/><E129/><V98/><F96/><W59/><G88/><T23/><D23/><U85/><E118/><V89/><F7/><W103/><G103/><T95/><D62/><U132/><E132/><V37/><F40/><W114/><G114/><T13/><D13/><U16/><E5/><V104/><F80/><W45/><G45/><N who="0" m="27823" /><D115/><U76/><E72/><V48/><F94/><W1/><G1/><T70/><D70/><U122/><E122/><V58/><F4/><AGARI ba="0,0" hai="4,8,14,41,42,43,81,87,91,92,95" m="27823" machi="4" ten="30,1000,0" yaku="8,1" doraHai="29" who="0" fromWho="2" sc="328,10,138,0,226,-10,308,0" owari="338,43.8,138,-36.2,216,-18.4,308,10.8" /></mjloggm>