<mjloggm ver="2.3"><GO type="225" lobby="0"/><UN n0="%E3%82%B3%E3%83%90%E3%83%AC%E3%82%A4" n1="%E3%82%A2%E3%83%A1%E3%82%A2%E3%83%A9%E3%83%AC" n2="%E5%91%A8%E6%9D%B1" n3="%E3%81%8B%E3%82%8F%E3%81%A1%E3%82%83%E3%82%93%35%38" dan="16,16,17,17" rate="2088.36,2093.25,2149.38,2167.85" sx="M,M,M,M"/><TAIKYOKU oya="0"/><INIT seed="0,0,0,3,4,87" ten="250,250,250,250" oya="0" hai0="13,72,132,25,84,2,93,98,110,34,105,40,100" hai1="70,59,44,91,54,102,9,17,121,126,112,111,21" hai2="58,36,52,127,76,90,67,130,16,128,120,68,35" hai3="19,89,14,26,109,33,97,7,99,12,134,79,81"/><T123/><D2/><U55/><E112/><V117/><F120/><W15/><G109/><T37/><D123/><U60/><E111/><V11/><F35/><W49/><G134/><T71/><D132/><U20/><E126/><V50/><F127/><W104/><G7/><T57/><D72/><U125/><E70/><V56/><F117/><W77/><G104/><T23/><D71/><U119/><E119/><V8/><F76/><N who="3" m="29259" /><G33/><T0/><D0/><U74/><E74/><V39/><F68/><W63/><G63/><T114/><D34/><U85/><E102/><V94/><F39/><W46/><G26/><T82/><D105/><U31/><E125/><V75/><F36/><W38/><G38/><T115/><D110/><U86/><E86/><V83/><F83/><W66/><G66/><T42/><D37/><U24/><E9/><V133/><F75/><W41/><G19/><T45/><D13/><N who="1" m="9263" /><E44/><V47/><F133/><W32/><G32/><T118/><D115/><U103/><E103/><V61/><F47/><W64/><G64/><T80/><D45/><U122/><E122/><V116/><F116/><W27/><G27/><T30/><D118/><U92/><E121/><V131/><REACH who="2" step="1"/><F16/><REACH who="2" ten="250,250,240,250" step="2"/><W69/><G69/><T6/><D114/><U43/><E43/><V101/><F101/><W29/><G29/><T78/><D82/><U108/><E108/><V10/><F10/><W107/><G107/><T53/><D6/><U3/><E31/><V106/><F106/><W96/><G81/><T135/><D135/><U4/><E4/><V129/><N who="2" m="32768" /><DORA hai="124" /><V62/><F62/><AGARI ba="0,1" hai="23,25,30,40,42,53,57,62,78,80,84,93,98,100" machi="62" ten="30,5800,0" yaku="6,1,7,1,8,1" doraHai="87,124" who="0" fromWho="2" sc="250,68,250,0,240,-58,250,0" /><INIT seed="0,1,0,5,1,28" ten="318,250,182,250" oya="0" hai0="135,80,109,104,75,19,127,67,8,107,48,59,73" hai1="117,103,40,45,65,96,110,21,86,53,125,111,102" hai2="35,123,91,42,112,99,113,126,17,90,72,23,105" hai3="92,30,12,37,7,133,49,74,121,66,79,97,25"/><T43/><D135/><U87/><E117/><V18/><F123/><W64/><G37/><T58/><D127/><U69/><E125/><V63/><F126/><W3/><G3/><T15/><D107/><U51/><E69/><V41/><F72/><W115/><G115/><T20/><D104/><U100/><E65/><V68/><F68/><W106/><G106/><T62/><D109/><N who="1" m="41483" /><E96/><V70/><F70/><W1/><G1/><T46/><D80/><U55/><E21/><V84/><F105/><W52/><G133/><T57/><D75/><U128/><E128/><V108/><F108/><W44/><G121/><T14/><REACH who="0" step="1"/><D73/><REACH who="0" ten="308,250,182,250" step="2"/><U47/><E55/><V118/><F118/><W88/><G74/><T24/><D24/><U83/><E83/><V60/><F113/><W120/><G120/><T2/><D2/><U56/><E47/><V119/><F112/><W93/><G79/><T129/><D129/><U132/><E132/><V36/><F119/><W98/><G12/><T9/><D9/><U27/><E27/><V32/><F99/><W11/><G11/><T0/><D0/><U94/><E94/><V95/><F95/><W77/><G77/><T85/><D85/><U5/><E87/><V4/><F84/><W26/><G26/><T31/><D31/><U10/><E86/><V81/><F81/><W114/><G114/><T61/><D61/><N who="1" m="35983" /><E10/><V6/><REACH who="2" step="1"/><F23/><REACH who="2" ten="308,250,172,250" step="2"/><N who="3" m="15679" /><G7/><AGARI ba="1,2" hai="7,8,14,15,19,20,43,46,48,57,58,59,62,67" machi="7" ten="30,11600,0" yaku="1,1,7,1,8,1,53,1" doraHai="28" doraHaiUra="38" who="0" fromWho="3" sc="308,139,250,0,172,0,250,-119" /><AGARI ba="1,0" hai="5,7,40,45,51,100,102,103" m="35983,41483" machi="7" ten="30,1000,0" yaku="14,1" doraHai="28" who="1" fromWho="3" sc="447,0,250,10,172,0,131,-10" /><INIT seed="0,2,0,4,4,120" ten="447,260,172,121" oya="0" hai0="7,79,73,40,118,105,56,0,42,64,113,75,24" hai1="27,99,66,88,83,117,121,30,109,116,28,61,33" hai2="107,1,6,111,58,74,47,22,20,10,78,9,96" hai3="25,125,2,45,31,101,26,133,82,12,19,18,104"/><T54/><D105/><U8/><E121/><V115/><F115/><W50/><G2/><T37/><D113/><U94/><E30/><V63/><F111/><W72/><G125/><T17/><D37/><U23/><E109/><V134/><F134/><W95/><G133/><T65/><D7/><U126/><E126/><V13/><F107/><W51/><G104/><T59/><D0/><U102/><E33/><V129/><F129/><W14/><G72/><T130/><D79/><U34/><E34/><V89/><F47/><W3/><G3/><T49/><D75/><U55/><E55/><V16/><F78/><W135/><G135/><T97/><D73/><U91/><E8/><V21/><F74/><W43/><G82/><T76/><D76/><U123/><E123/><V93/><REACH who="2" step="1"/><F10/><REACH who="2" ten="447,260,162,121" step="2"/><N who="3" m="6423" /><G31/><T35/><D130/><U100/><E116/><V81/><F81/><W90/><G101/><T103/><D118/><U67/><E117/><V114/><F114/><W46/><G90/><T128/><D128/><U110/><E110/><V71/><F71/><W70/><G70/><T131/><D131/><U62/><E83/><V127/><F127/><W92/><G92/><T85/><D103/><U32/><E102/><V108/><F108/><W39/><G95/><T48/><D97/><U52/><E91/><V98/><F98/><W119/><G119/><T36/><D85/><U68/><E100/><V106/><F106/><W38/><G38/><T132/><D36/><U87/><E87/><V4/><F4/><W86/><G86/><T69/><D132/><U41/><E99/><V11/><F11/><RYUUKYOKU ba="2,1" sc="447,-10,260,-10,162,30,121,-10" hai2="1,6,9,13,16,20,21,22,58,63,89,93,96" /><INIT seed="1,3,1,2,4,45" ten="437,250,192,111" oya="1" hai0="89,27,125,108,65,31,17,59,94,0,1,13,49" hai1="2,30,41,103,46,70,91,52,110,54,121,56,112" hai2="25,38,6,63,72,77,99,102,32,81,16,51,64" hai3="83,12,135,55,90,87,69,73,47,3,61,124,60"/><U78/><E112/><V82/><F38/><W14/><G3/><T130/><D125/><U88/><E121/><V67/><F6/><W106/><G124/><T10/><D130/><U111/><E70/><V96/><F82/><W109/><G109/><N who="1" m="41482" /><E2/><V123/><F123/><W114/><G135/><T105/><D105/><U29/><E78/><V53/><F63/><N who="3" m="24139" /><G106/><T117/><D65/><U93/><E103/><V8/><F32/><W15/><G73/><T113/><D108/><U75/><E75/><V133/><F133/><W116/><G69/><T127/><D127/><U34/><E34/><V44/><F99/><W66/><G66/><T95/><D113/><U79/><E79/><V104/><REACH who="2" step="1"/><F8/><REACH who="2" ten="437,250,182,111" step="2"/><W92/><G114/><T28/><D10/><U85/><E91/><V84/><F84/><W50/><G116/><T35/><D89/><U19/><E85/><V40/><F40/><W80/><AGARI ba="3,2" hai="12,14,15,47,50,55,80,83,87,90,92" m="24139" machi="80" ten="30,2000,0" yaku="8,1,52,1" doraHai="45" who="3" fromWho="3" sc="437,-8,250,-13,182,-8,111,49" /><INIT seed="2,0,0,1,1,125" ten="429,237,174,160" oya="2" hai0="108,75,38,20,2,18,130,15,14,76,65,106,90" hai1="43,31,80,97,132,102,129,45,16,79,50,48,29" hai2="28,68,112,35,89,77,120,110,7,82,113,64,69" hai3="107,23,12,24,5,126,91,134,81,114,3,40,10"/><V9/><F120/><W121/><G121/><T60/><D106/><U6/><E129/><V58/><F110/><W98/><G126/><T104/><D104/><U42/><E132/><V105/><F105/><W103/><G134/><T127/><D38/><U54/><E6/><V74/><F89/><W46/><G114/><T122/><D2/><U41/><E50/><V100/><F100/><W124/><G124/><T117/><D127/><U56/><E45/><V53/><F28/><W59/><G59/><T133/><D122/><U62/><E62/><V93/><F93/><W34/><G81/><T92/><D117/><U73/><REACH who="1" step="1"/><E16/><REACH who="1" ten="429,227,174,160" step="2"/><V13/><F113/><W116/><G116/><T61/><D130/><U63/><E63/><V11/><F112/><W47/><G5/><T111/><D133/><U25/><E25/><V72/><F11/><W4/><G47/><T49/><D49/><U55/><E55/><V115/><F115/><W1/><G1/><T118/><D118/><U21/><E21/><V87/><F35/><W32/><G3/><T135/><D20/><U70/><E70/><V119/><F119/><W37/><REACH who="3" step="1"/><G91/><REACH who="3" ten="429,227,174,150" step="2"/><T27/><D90/><U84/><E84/><V8/><F69/><W86/><G86/><T51/><D135/><U67/><E67/><V128/><F128/><W44/><G44/><T39/><D65/><U19/><E19/><AGARI ba="0,2" hai="4,10,12,19,23,24,32,34,37,40,46,98,103,107" machi="19" ten="30,2000,0" yaku="1,1,7,1,53,0" doraHai="125" doraHaiUra="78" who="3" fromWho="1" sc="429,0,227,-20,174,0,150,40" /><INIT seed="3,0,0,4,5,135" ten="429,207,174,190" oya="3" hai0="29,107,44,47,18,87,15,134,3,4,74,24,68" hai1="63,22,93,66,71,36,132,20,73,112,100,102,33" hai2="1,111,12,78,94,99,2,52,13,19,49,35,125" hai3="5,97,38,76,28,55,91,27,53,126,23,60,84"/><W32/><G38/><T59/><D68/><U14/><E33/><V42/><F35/><W89/><G32/><T69/><D69/><U72/><E36/><V113/><F113/><W108/><G108/><T6/><D107/><U115/><E71/><V54/><F111/><W82/><G126/><T98/><D74/><U8/><E14/><V116/><F116/><W124/><G124/><T57/><D98/><U16/><E93/><V7/><F125/><W30/><G5/><T26/><D29/><N who="3" m="11369" /><G60/><T85/><D15/><U119/><E63/><V40/><F78/><W0/><G0/><T92/><D92/><U64/><E8/><N who="2" m="4127" /><F2/><W9/><G9/><T104/><D104/><U58/><E119/><V128/><F1/><W83/><G97/><T25/><D3/><U67/><E112/><V39/><F39/><W95/><G83/><T17/><D25/><U56/><E115/><V21/><F128/><W31/><G95/><T41/><D41/><N who="2" m="15978" /><F49/><W88/><AGARI ba="0,0" hai="23,27,31,53,55,76,82,84,88,89,91" m="11369" machi="88" ten="30,3000,0" yaku="8,1,54,1" doraHai="135" who="3" fromWho="3" sc="429,-10,207,-10,174,-10,190,30" /><INIT seed="3,1,0,2,3,22" ten="419,197,164,220" oya="3" hai0="86,6,50,88,36,57,109,77,45,67,112,123,133" hai1="12,129,120,106,53,85,108,5,81,117,135,10,13" hai2="58,102,23,107,89,30,55,90,24,101,34,28,26" hai3="99,17,63,1,69,21,61,128,74,18,39,103,46"/><W65/><G128/><T71/><D123/><U64/><E120/><V113/><F113/><W92/><G74/><T40/><D112/><U49/><E108/><V33/><F23/><W134/><G134/><T3/><D133/><U94/><E106/><V51/><F107/><W32/><G32/><T80/><D109/><U83/><E129/><V7/><F7/><W47/><G1/><T87/><D71/><U11/><E117/><V35/><F35/><W43/><G63/><T97/><D97/><U114/><E64/><V96/><F96/><W48/><REACH who="3" step="1"/><G21/><REACH who="3" ten="419,197,164,210" step="2"/><T126/><D3/><U19/><E135/><V73/><F73/><W98/><G98/><T124/><D126/><U62/><E62/><V44/><F44/><W76/><G76/><T110/><D124/><U93/><E114/><V0/><F0/><W122/><G122/><T41/><D110/><U52/><E85/><V131/><F131/><W60/><G60/><T104/><D87/><U82/><E53/><AGARI ba="1,1" hai="17,18,39,43,46,47,48,53,61,65,69,92,99,103" machi="53" ten="30,2900,0" yaku="1,1,7,1,53,0" doraHai="22" doraHaiUra="31" who="3" fromWho="1" sc="419,0,197,-32,164,0,210,42" /><INIT seed="3,2,0,1,2,129" ten="419,165,164,252" oya="3" hai0="135,48,47,73,3,55,10,34,134,41,80,32,53" hai1="33,4,38,66,99,19,125,11,69,30,0,22,86" hai2="116,132,60,72,62,15,87,115,17,122,31,26,64" hai3="50,84,90,23,61,112,97,52,124,7,5,108,119"/><W51/><G51/><T74/><D3/><U40/><E125/><V1/><F116/><W81/><G81/><T58/><BYE who="3" /><D10/><U68/><E66/><V59/><F72/><W121/><G121/><T123/><D123/><U29/><E99/><V13/><F122/><W36/><G36/><T24/><D55/><U96/><E86/><V89/><F1/><W27/><G27/><T9/><D9/><U14/><E96/><V45/><F115/><W79/><G79/><T98/><D98/><U71/><REACH who="1" step="1"/><E33/><REACH who="1" ten="419,155,164,252" step="2"/><V42/><F132/><N who="0" m="50730" /><D80/><U111/><E111/><V101/><F101/><W130/><G130/><T128/><D128/><U20/><E20/><V8/><F64/><W83/><G83/><T75/><D24/><U28/><E28/><V2/><F26/><W100/><G100/><T102/><D102/><U12/><E12/><V113/><F113/><W107/><G107/><T56/><D56/><U39/><E39/><AGARI ba="2,1" hai="32,34,39,41,47,48,53,58,73,74,75" m="50730" machi="39" ten="40,8000,1" yaku="20,1,52,3" doraHai="129" who="0" fromWho="1" sc="419,96,155,-86,164,0,252,0" owari="515,61.5,69,-43.1,164,-23.6,252,5.2" /></mjloggm>