<mjloggm ver="2.3"><GO type="225" lobby="0"/><UN n0="%72%69%6F%75%63%68%61%6E" n1="%E3%83%97%E3%83%AC%E3%83%B4%E3%82%A1%E3%83%86%E3%82%A3" n2="%65%2D%73%65%70%65%6E%3B" n3="%E5%B8%86%E7%AB%8B%E5%A4%8F%E8%A1%A3" dan="16,16,16,16" rate="2148.87,2071.73,2152.16,2089.35" sx="M,F,M,M"/><TAIKYOKU oya="0"/><INIT seed="0,0,0,2,4,120" ten="250,250,250,250" oya="0" hai0="40,80,57,82,30,125,65,68,59,27,112,70,77" hai1="26,48,89,108,19,8,79,56,1,20,66,22,47" hai2="83,103,102,114,60,109,110,63,53,107,97,14,51" hai3="2,33,41,29,87,7,96,21,133,34,35,115,25"/><T135/><D112/><U104/><E104/><V18/><F114/><W16/><G41/><T45/><D125/><U129/><E129/><V132/><F102/><W117/><G115/><T126/><D126/><U71/><E71/><V49/><F83/><W116/><G87/><T37/><D135/><U123/><E123/><V44/><F132/><W127/><G127/><T4/><D4/><U69/><E69/><V55/><F63/><W0/><G96/><T6/><D6/><U5/><E79/><V130/><F60/><W93/><G93/><T72/><D82/><U36/><E36/><V15/><F130/><W94/><G94/><T50/><D57/><U24/><E89/><V100/><F100/><W54/><G54/><T106/><D106/><U12/><E66/><V105/><F105/><W85/><G85/><T39/><D39/><U42/><E56/><V10/><REACH who="2" step="1"/><F15/><REACH who="2" ten="250,250,240,250" step="2"/><N who="3" m="9375" /><G133/><T52/><REACH who="0" step="1"/><D65/><REACH who="0" ten="240,250,240,250" step="2"/><U124/><E124/><V134/><F134/><W73/><G73/><T99/><D99/><U78/><E78/><V81/><F81/><W61/><G61/><T98/><D98/><U67/><E67/><V28/><F28/><W88/><G0/><T62/><D62/><U131/><E131/><V31/><F31/><W118/><G88/><T58/><D58/><AGARI ba="0,2" hai="10,14,18,44,49,51,53,55,58,97,103,107,109,110" machi="58" ten="40,8000,1" yaku="1,1,52,2,53,1" doraHai="120" doraHaiUra="43" who="2" fromWho="0" sc="240,-80,250,0,240,100,250,0" /><INIT seed="1,0,0,2,4,15" ten="160,250,340,250" oya="1" hai0="24,97,58,65,74,34,31,4,115,120,122,112,77" hai1="108,44,35,29,57,25,46,52,60,66,90,110,33" hai2="62,37,100,9,71,132,111,36,12,75,85,54,0" hai3="113,101,32,42,64,119,55,63,117,53,78,116,121"/><U131/><E131/><V99/><F75/><W20/><G32/><T106/><D58/><U88/><E35/><V109/><F0/><W72/><G101/><N who="0" m="62767" /><D4/><U17/><E17/><V118/><F118/><W38/><G113/><T22/><D65/><U50/><REACH who="1" step="1"/><E44/><REACH who="1" ten="160,240,340,250" step="2"/><V127/><F109/><AGARI ba="0,1" hai="25,29,33,46,50,52,57,60,66,88,90,108,109,110" machi="109" ten="40,18000,2" yaku="1,1,2,1,14,1,10,1,54,2,53,0" doraHai="15" doraHaiUra="125" who="1" fromWho="2" sc="160,0,240,190,340,-180,250,0" /><INIT seed="1,1,0,3,0,74" ten="160,430,160,250" oya="1" hai0="2,101,46,86,129,19,70,39,95,11,124,47,17" hai1="90,26,15,69,56,77,113,24,97,111,91,72,68" hai2="44,65,58,85,43,128,106,55,52,50,40,117,132" hai3="131,107,114,27,89,93,73,122,67,53,9,78,41"/><U35/><E113/><V83/><F117/><W126/><G122/><T59/><D70/><U82/><E111/><V8/><F106/><W14/><G126/><T96/><D124/><U66/><E35/><V84/><F128/><W21/><G131/><T99/><D129/><U7/><E69/><V23/><F132/><W108/><G107/><T0/><D86/><N who="1" m="48463" /><E68/><V102/><F102/><W5/><G67/><T112/><D112/><U71/><E71/><V22/><F65/><W33/><G33/><T119/><D119/><U75/><E75/><V28/><F8/><W125/><G125/><T4/><D0/><U60/><E72/><V115/><F115/><W130/><G130/><T42/><D47/><U135/><E135/><V105/><F105/><W45/><G114/><T18/><D99/><U1/><E1/><V48/><F85/><W88/><G53/><T64/><REACH who="0" step="1"/><D18/><REACH who="0" ten="150,430,160,250" step="2"/><U133/><E133/><V134/><F134/><W20/><G45/><T51/><D51/><U6/><E97/><V31/><F31/><W30/><G30/><T98/><D98/><U104/><E104/><V118/><F118/><W116/><G116/><T79/><D79/><U92/><E6/><V110/><F110/><W38/><G5/><T16/><D16/><U61/><E61/><AGARI ba="1,1" hai="2,4,11,17,19,39,42,46,59,61,64,95,96,101" machi="61" ten="40,1300,0" yaku="1,1,53,0" doraHai="74" doraHaiUra="127" who="0" fromWho="1" sc="150,26,430,-16,160,0,250,0" /><INIT seed="2,0,0,2,2,107" ten="176,414,160,250" oya="2" hai0="80,18,112,41,64,69,120,104,1,2,25,122,19" hai1="102,118,13,40,78,65,75,133,24,103,131,99,39" hai2="106,73,50,3,33,62,4,88,71,54,60,43,135" hai3="68,76,111,126,14,27,17,37,20,108,113,127,57"/><V70/><F106/><W23/><G57/><T46/><D112/><U82/><E118/><V84/><F33/><W90/><G90/><T125/><D104/><U128/><E133/><V95/><F43/><W56/><G56/><T124/><D80/><U105/><E103/><V61/><F135/><W72/><G68/><T9/><D64/><U31/><E13/><V47/><REACH who="2" step="1"/><F73/><REACH who="2" ten="176,414,150,250" step="2"/><W67/><G72/><T87/><D122/><U119/><E119/><V85/><F85/><W129/><G113/><T38/><D120/><U92/><E65/><V77/><F77/><W15/><G76/><T81/><D125/><U79/><E79/><V114/><F114/><W110/><G67/><T83/><D124/><U52/><E52/><V34/><F34/><W130/><G127/><T115/><D115/><U11/><E40/><V8/><AGARI ba="0,1" hai="3,4,8,47,50,54,60,61,62,70,71,84,88,95" machi="8" ten="30,11700,0" yaku="1,1,0,1,54,1,53,1" doraHai="107" doraHaiUra="6" who="2" fromWho="2" sc="176,-39,414,-39,150,127,250,-39" /><INIT seed="2,1,0,0,3,5" ten="137,375,277,211" oya="2" hai0="113,33,54,98,67,116,133,32,135,104,59,127,66" hai1="107,83,55,50,61,92,102,23,85,3,65,105,62" hai2="114,12,27,87,106,44,75,115,28,34,11,112,129" hai3="76,26,80,60,48,4,81,101,79,82,123,95,10"/><V97/><F75/><W13/><G123/><T14/><D113/><U39/><E3/><V57/><F129/><W51/><G60/><T77/><D77/><N who="3" m="29769" /><G26/><T125/><D116/><U117/><E39/><V22/><F87/><W130/><G130/><T122/><D122/><U96/><E117/><V30/><F44/><W7/><G4/><T124/><D104/><U84/><E85/><V94/><F106/><W18/><G7/><T91/><D98/><AGARI ba="1,0" hai="10,13,18,48,51,80,81,82,95,98,101" m="29769" machi="98" ten="30,2000,0" yaku="8,1,52,1" doraHai="5" who="3" fromWho="0" sc="137,-23,375,0,277,0,211,23" /><INIT seed="3,0,0,5,4,86" ten="114,375,277,234" oya="3" hai0="24,119,9,111,122,41,13,101,81,84,100,121,15" hai1="27,66,22,51,90,133,98,18,120,62,104,123,128" hai2="89,70,78,129,75,38,118,94,77,60,30,72,6" hai3="68,31,125,134,117,8,135,61,52,76,110,107,65"/><W79/><G107/><T43/><D24/><U73/><E73/><V132/><F118/><W40/><G117/><T20/><D119/><U49/><E128/><V67/><F38/><W105/><G105/><T17/><D111/><U4/><E133/><N who="3" m="50698" /><G31/><T0/><D0/><U92/><E104/><V71/><F132/><W54/><G125/><T130/><D130/><U74/><E74/><V7/><F71/><W28/><G28/><T126/><D126/><U106/><E106/><V25/><F75/><W88/><G110/><T102/><D122/><U29/><E4/><V64/><F64/><W80/><G40/><T3/><D3/><U97/><E97/><V113/><F113/><W50/><G8/><T19/><REACH who="0" step="1"/><D121/><REACH who="0" ten="104,375,277,234" step="2"/><U115/><E123/><V56/><F129/><W59/><G54/><T11/><D11/><U63/><E120/><V95/><F30/><W109/><G109/><T48/><D48/><N who="1" m="18507" /><E115/><V87/><F25/><W42/><G42/><T21/><D21/><N who="1" m="15599" /><E66/><V23/><F67/><W39/><G39/><T112/><D112/><U69/><E69/><V1/><F70/><W103/><G103/><T116/><D116/><U26/><AGARI ba="0,1" hai="18,22,26,62,63,90,92,98" m="15599,18507" machi="26" ten="30,2000,0" yaku="8,1,52,1" doraHai="86" who="1" fromWho="1" sc="104,-5,375,30,277,-5,234,-10" owari="99,-40.1,405,50.5,272,7.2,224,-17.6" /></mjloggm>