<mjloggm ver="2.3"><GO type="225" lobby="0"/><UN n0="%E6%A1%9C%E8%8A%B1%E9%96%83%E3%80%85" n1="%E3%81%B5%E3%81%98%E3%81%8B%E3%81%A4" n2="%E3%81%8C%E3%81%9F" n3="%E6%B8%A9%E2%98%85%E6%83%85%E2%98%85%E6%8E%AA%E2%98%85%E7%BD%AE" dan="16,17,16,18" rate="2204.89,2203.91,2114.43,2200.12" sx="M,M,M,M"/><TAIKYOKU oya="0"/><INIT seed="0,0,0,5,4,7" ten="250,250,250,250" oya="0" hai0="110,102,91,31,93,54,0,38,53,6,42,58,104" hai1="14,126,121,127,3,128,34,29,72,88,100,8,66" hai2="35,43,79,18,86,111,5,70,4,39,60,49,44" hai3="16,9,120,17,92,10,81,125,87,107,55,30,122"/><T12/><D0/><U64/><E121/><N who="3" m="46698" /><G107/><T114/><D114/><U2/><E100/><V63/><F35/><W82/><G125/><N who="1" m="47626" /><E72/><V45/><F111/><W118/><G118/><T105/><D31/><U1/><E128/><V101/><F101/><W69/><G69/><T131/><D131/><U134/><E134/><V130/><F130/><W133/><G133/><T117/><D117/><U61/><E61/><V103/><F103/><W37/><G37/><T73/><D73/><U119/><E119/><V56/><F18/><N who="3" m="7275" /><G30/><T108/><D102/><U112/><E112/><V22/><F22/><W46/><G92/><T25/><D104/><U41/><E41/><V24/><F70/><W90/><G82/><T129/><D105/><U62/><E29/><V84/><F39/><W74/><G74/><T33/><D42/><U124/><E34/><V85/><F43/><W95/><G81/><T109/><D38/><U123/><E123/><V57/><F79/><W52/><G52/><N who="0" m="20075" /><D129/><U65/><E62/><N who="2" m="23595" /><F57/><W40/><G40/><T97/><D58/><U51/><E51/><AGARI ba="0,0" hai="9,10,46,51,55,87,90,95" m="7275,46698" machi="51" ten="30,7700,0" yaku="13,1,52,2,54,1" doraHai="7" who="3" fromWho="1" sc="250,0,250,-77,250,0,250,77" /><INIT seed="1,0,0,1,3,131" ten="250,173,250,327" oya="1" hai0="48,36,53,69,59,49,29,81,27,77,104,46,86" hai1="133,8,128,30,45,90,44,119,121,88,51,34,74" hai2="98,5,0,100,13,11,111,129,3,123,95,130,122" hai3="96,109,21,91,38,72,26,134,125,9,101,78,97"/><U113/><E121/><V105/><F111/><W102/><G109/><T127/><D127/><U20/><E119/><V1/><REACH who="2" step="1"/><F105/><REACH who="2" ten="250,173,240,327" step="2"/><W52/><G125/><T64/><D104/><U14/><E128/><AGARI ba="0,1" hai="0,1,3,5,11,13,95,98,100,122,123,128,129,130" machi="128" ten="50,8000,1" yaku="1,1,2,1,19,1,53,1" doraHai="131" doraHaiUra="99" who="2" fromWho="1" sc="250,0,173,-80,240,90,327,0" /><INIT seed="2,0,0,5,5,116" ten="250,93,330,327" oya="2" hai0="103,104,18,60,90,121,106,102,62,40,33,65,80" hai1="66,93,125,77,13,35,25,51,118,19,37,23,5" hai2="43,114,73,123,120,75,56,6,95,109,49,127,3" hai3="54,58,4,44,92,108,27,86,91,85,83,87,55"/><V124/><F114/><W50/><G108/><T14/><D33/><U101/><E37/><V129/><F129/><W131/><G131/><T2/><D2/><U7/><E118/><V130/><F130/><W63/><G4/><T84/><D40/><U48/><E125/><N who="2" m="48203" /><F109/><W11/><G11/><T100/><D62/><U82/><E77/><V97/><F6/><W76/><REACH who="3" step="1"/><G27/><REACH who="3" ten="250,93,330,317" step="2"/><T47/><D104/><U113/><E113/><V9/><F9/><W26/><G26/><T122/><D106/><U17/><E5/><V24/><F24/><W71/><G71/><T41/><D14/><U107/><E7/><V81/><F3/><W59/><G59/><T30/><D30/><U115/><E115/><V61/><F56/><W110/><G110/><T117/><D117/><U46/><E35/><V128/><F128/><W69/><G69/><T42/><D18/><U29/><E13/><V133/><F133/><W52/><G52/><T12/><D12/><U38/><E107/><V79/><F43/><W8/><G8/><T89/><D41/><N who="1" m="22839" /><E66/><V96/><F75/><AGARI ba="0,1" hai="44,50,54,55,58,63,75,76,83,85,86,87,91,92" machi="75" ten="30,2000,0" yaku="1,1,7,1,53,0" doraHai="116" doraHaiUra="22" who="3" fromWho="2" sc="250,0,93,0,330,-20,317,30" /><INIT seed="3,0,0,4,3,99" ten="250,93,310,347" oya="3" hai0="31,57,65,121,111,46,28,20,9,85,39,91,134" hai1="93,112,42,66,33,18,90,118,109,43,17,124,63" hai2="4,76,36,41,116,95,51,2,7,61,89,6,88" hai3="115,74,53,79,83,130,69,37,125,14,129,62,75"/><W25/><G115/><T21/><D121/><U32/><E112/><V64/><F116/><W102/><G125/><T16/><D111/><U70/><E109/><V120/><F120/><W122/><G37/><T119/><D134/><U27/><E118/><V22/><F36/><W110/><G122/><T72/><D72/><U59/><E124/><V73/><F73/><N who="3" m="43503" /><G110/><T8/><D119/><U60/><E17/><V126/><F76/><W127/><G127/><T67/><D39/><U38/><E38/><V54/><F126/><W68/><G14/><T105/><D105/><U55/><E33/><V86/><F41/><W5/><G5/><T101/><D46/><U11/><E32/><V49/><F2/><W103/><G25/><T77/><D77/><U58/><E70/><N who="3" m="27242" /><G75/><T82/><D101/><U13/><E27/><V107/><F22/><W84/><G84/><T135/><D135/><U97/><REACH who="1" step="1"/><E66/><REACH who="1" ten="250,83,310,347" step="2"/><V100/><F64/><W106/><G106/><T117/><D117/><U52/><AGARI ba="0,1" hai="11,13,18,42,43,52,55,58,59,60,63,90,93,97" machi="52" ten="20,12000,2" yaku="1,1,2,1,0,1,7,1,9,1,8,1,54,1,53,0" doraHai="99" doraHaiUra="114" who="1" fromWho="1" sc="250,-30,83,130,310,-30,347,-60" /><INIT seed="4,0,0,4,1,64" ten="220,213,280,287" oya="0" hai0="121,107,111,104,119,20,59,35,14,85,51,71,62" hai1="23,1,105,112,39,93,91,101,66,58,118,69,134" hai2="19,82,108,114,72,5,102,50,100,79,122,128,84" hai3="127,44,25,89,8,54,65,63,88,97,76,29,123"/><T4/><D119/><U3/><E118/><V27/><F122/><W53/><G123/><T2/><D121/><U48/><E39/><V68/><F108/><W34/><G127/><T124/><D35/><U40/><E23/><N who="2" m="13823" /><F68/><W7/><G76/><T94/><D124/><U31/><E31/><V26/><F114/><W21/><G34/><T67/><D2/><U17/><E112/><V60/><F128/><W133/><G133/><T47/><D111/><U95/><E134/><V10/><F72/><W30/><G30/><T33/><D33/><U37/><E105/><V57/><F50/><N who="3" m="28871" /><G97/><T98/><D85/><U73/><E73/><V135/><F26/><W45/><G65/><T38/><D38/><U55/><E101/><V77/><F77/><W74/><G74/><T87/><D87/><N who="1" m="52479" /><E95/><V132/><F132/><W9/><G7/><T81/><D81/><U103/><E17/><V110/><F110/><W46/><G46/><T117/><D117/><U120/><E120/><V130/><F130/><W28/><G28/><T13/><D71/><U131/><E131/><V16/><F5/><W70/><G70/><T6/><D107/><U80/><E80/><V42/><F42/><W90/><G45/><T109/><D104/><U83/><E83/><V49/><F135/><W116/><G116/><T61/><D109/><U52/><E103/><V11/><F102/><W12/><G12/><T75/><D75/><U36/><E55/><N who="2" m="31983" /><F100/><W99/><G99/><T32/><D32/><U24/><E24/><V15/><F60/><W125/><G125/><T0/><D6/><U43/><E43/><RYUUKYOKU ba="0,0" sc="220,-15,213,-15,280,15,287,15" hai2="10,11,15,16,79,82,84" hai3="8,9,21,25,29,54,63,88,89,90" owari="205,-19.5,198,-30.2,295,9.5,302,40.2" /></mjloggm>