<mjloggm ver="2.3"><GO type="225" lobby="0"/><UN n0="%E5%AE%AE%E4%BF%9D%E9%B6%8F%E8%82%89" n1="%E3%81%9F%E3%81%A3%E3%81%A1%E3%82%87" n2="%33%74%72%65%65" n3="%73%61%6B%6F%EF%BC%A0%E6%9C%80" dan="16,16,17,16" rate="2124.00,2094.57,2136.58,2167.52" sx="M,M,F,M"/><TAIKYOKU oya="0"/><INIT seed="0,0,0,1,4,25" ten="250,250,250,250" oya="0" hai0="126,79,83,21,8,18,74,124,57,113,99,122,95" hai1="66,118,93,16,9,4,28,70,23,111,91,92,135" hai2="40,45,121,100,33,27,110,133,47,26,68,65,17" hai3="82,60,119,34,125,3,112,48,64,104,123,80,105"/><T84/><D113/><U131/><E118/><V85/><F121/><W56/><G3/><T44/><D122/><U36/><E111/><V19/><F100/><W12/><G112/><T73/><D8/><U130/><E36/><V43/><F85/><W20/><G119/><T75/><D44/><U50/><E135/><V37/><F133/><W69/><G125/><N who="0" m="48235" /><D57/><U134/><E134/><V5/><F5/><W67/><G34/><T94/><D21/><U30/><E50/><V10/><F10/><W52/><G123/><T29/><D18/><U32/><E93/><N who="0" m="35337" /><D29/><N who="1" m="11371" /><E32/><V13/><F19/><W22/><G67/><T88/><D99/><N who="1" m="57759" /><E70/><V108/><F33/><W15/><G105/><T38/><D38/><U51/><E51/><V98/><F108/><W87/><G104/><T42/><D42/><U78/><E66/><V128/><F110/><W0/><G0/><T11/><D11/><U49/><E49/><V7/><F68/><W76/><G22/><T71/><D71/><U2/><E23/><V62/><F37/><W14/><G20/><T90/><AGARI ba="0,0" hai="73,74,75,79,83,84,88,90" m="35337,48235" machi="90" ten="40,12000,1" yaku="18,1,34,2,54,1" doraHai="25" who="0" fromWho="0" sc="250,120,250,-40,250,-40,250,-40" /><INIT seed="0,1,0,0,0,27" ten="370,210,210,210" oya="0" hai0="52,78,125,19,28,49,30,103,69,56,9,54,81" hai1="89,12,112,40,90,82,122,77,111,20,87,41,79" hai2="85,64,99,83,73,26,133,51,86,132,94,114,116" hai3="16,101,92,48,1,21,29,128,63,13,8,126,60"/><T105/><D69/><U18/><E122/><V71/><F114/><W5/><G128/><T42/><D125/><U10/><E111/><V119/><F51/><W55/><G126/><T70/><D70/><U6/><E112/><V35/><F64/><W75/><G75/><T32/><D32/><U57/><E57/><V117/><F71/><W84/><G101/><T96/><D42/><U46/><E77/><N who="2" m="44463" /><F26/><W130/><G130/><T39/><D39/><U67/><E67/><V62/><F62/><W76/><G29/><T134/><D134/><N who="2" m="51818" /><F35/><W124/><G124/><T115/><D115/><U36/><REACH who="1" step="1"/><E41/><REACH who="1" ten="370,200,210,210" step="2"/><V98/><F98/><W95/><G63/><T4/><D54/><U15/><AGARI ba="1,1" hai="6,10,12,15,18,20,36,40,46,79,82,87,89,90" machi="15" ten="20,12000,2" yaku="1,1,2,1,0,1,7,1,53,2" doraHai="27" doraHaiUra="11" who="1" fromWho="1" sc="370,-61,200,133,210,-31,210,-31" /><INIT seed="1,0,0,4,2,39" ten="309,333,179,179" oya="1" hai0="119,133,121,78,11,75,124,92,41,112,12,101,91" hai1="2,10,53,5,135,120,69,106,62,43,88,24,40" hai2="81,9,98,15,0,26,100,38,117,33,28,17,51" hai3="4,72,35,60,13,59,70,49,48,84,80,130,52"/><U103/><E120/><V102/><F117/><W21/><G130/><T56/><D119/><U123/><E123/><V97/><F38/><W67/><G35/><T55/><D121/><U134/><E24/><V74/><F102/><W37/><G72/><T18/><D112/><U20/><E20/><V83/><F74/><W111/><G111/><T131/><D131/><U73/><E73/><V57/><F97/><W58/><G37/><T122/><D122/><U32/><E32/><V128/><F128/><W125/><G125/><T118/><D118/><U46/><E106/><V89/><F89/><W90/><G70/><T82/><D133/><N who="1" m="50699" /><E103/><V50/><F0/><W44/><G4/><T47/><D101/><U126/><E126/><V29/><F29/><W68/><G68/><T34/><D34/><U42/><E88/><V107/><F81/><W79/><G90/><T104/><D104/><U127/><E127/><V94/><F83/><W110/><G110/><T45/><D124/><U27/><E27/><V116/><F116/><W66/><G66/><T23/><D11/><U108/><E108/><V76/><F76/><W86/><G84/><T132/><D132/><U30/><E30/><V19/><F107/><W25/><G13/><T113/><D113/><U8/><E8/><V99/><F99/><W93/><G93/><T85/><REACH who="0" step="1"/><D41/><REACH who="0" ten="299,333,179,179" step="2"/><U129/><E129/><V61/><REACH who="2" step="1"/><F19/><REACH who="2" ten="299,333,169,179" step="2"/><W7/><G7/><T63/><AGARI ba="0,2" hai="12,18,23,45,47,55,56,63,75,78,82,85,91,92" machi="63" ten="20,5200,0" yaku="1,1,2,1,0,1,7,1,53,0" doraHai="39" doraHaiUra="31" who="0" fromWho="0" sc="299,72,333,-26,169,-13,179,-13" /><INIT seed="2,0,0,2,5,40" ten="371,307,156,166" oya="2" hai0="3,111,135,113,8,77,66,68,108,62,25,42,21" hai1="18,73,36,119,124,114,104,35,93,59,28,11,120" hai2="83,55,86,101,130,78,10,126,133,30,5,129,76" hai3="2,82,17,33,29,131,54,97,75,125,49,34,37"/><V67/><F67/><W0/><G37/><T51/><D113/><U94/><E114/><V88/><F30/><W32/><G75/><T46/><D77/><U79/><E119/><V13/><F126/><W23/><G125/><T56/><D135/><U81/><E124/><V107/><F133/><W91/><G131/><N who="2" m="50185" /><F55/><W4/><G97/><AGARI ba="0,0" hai="5,10,13,76,78,83,86,88,97,101,107" m="50185" machi="97" ten="30,2900,0" yaku="19,1,54,1" doraHai="40" who="2" fromWho="3" sc="371,0,307,0,156,29,166,-29" /><INIT seed="2,1,0,2,4,54" ten="371,307,185,137" oya="2" hai0="88,60,58,116,96,135,90,62,110,5,129,99,0" hai1="125,31,134,12,52,57,131,28,55,40,133,108,13" hai2="49,74,1,2,124,8,82,32,69,92,46,21,89" hai3="107,120,9,78,19,43,45,36,61,117,94,64,66"/><V22/><F32/><W100/><G107/><T115/><D115/><U83/><E108/><V126/><F69/><W26/><G117/><T59/><D110/><U15/><E125/><N who="2" m="48235" /><F82/><W93/><G120/><T6/><D0/><N who="2" m="106" /><F8/><W72/><G64/><T80/><D129/><U38/><E55/><N who="2" m="30135" /><F74/><W70/><G100/><T103/><D80/><U132/><E83/><V4/><F4/><W87/><G72/><T77/><D103/><U7/><E7/><V75/><F75/><W73/><G73/><T86/><D86/><AGARI ba="1,0" hai="21,22,86,89,92" m="30135,106,48235" machi="86" ten="30,1500,0" yaku="18,1" doraHai="54" who="2" fromWho="0" sc="371,-18,307,0,185,18,137,0" /><INIT seed="2,2,0,4,5,113" ten="353,307,203,137" oya="2" hai0="28,40,74,57,118,27,81,75,1,53,86,117,6" hai1="105,61,128,109,121,132,94,29,54,122,119,124,108" hai2="41,49,31,8,70,65,56,91,10,26,92,95,78" hai3="66,84,130,52,97,44,60,62,11,100,134,82,48"/><V67/><F78/><W116/><G134/><T131/><D40/><U39/><E105/><V16/><F70/><W34/><G130/><T89/><D131/><U33/><E128/><V18/><F31/><W35/><G62/><N who="0" m="36143" /><D6/><U4/><E39/><V2/><F2/><W99/><G99/><T37/><D37/><U101/><E4/><V96/><F41/><W30/><G11/><T123/><D1/><U110/><E132/><V83/><F83/><W103/><G116/><N who="0" m="44651" /><D123/><N who="1" m="47115" /><E119/><V85/><F8/><W73/><G73/><T90/><D89/><U88/><E124/><V107/><F91/><W69/><G103/><T3/><D3/><U114/><E101/><V45/><F10/><W93/><REACH who="3" step="1"/><G30/><REACH who="3" ten="353,307,203,127" step="2"/><T43/><D43/><U106/><E29/><V46/><F96/><W102/><G102/><T22/><AGARI ba="2,1" hai="22,27,28,74,75,81,86,90" m="44651,36143" machi="22" ten="30,7900,0" yaku="12,1,52,3" doraHai="113" who="0" fromWho="0" sc="353,95,307,-22,203,-41,127,-22" /><INIT seed="3,0,0,1,5,100" ten="448,285,162,105" oya="3" hai0="39,120,51,128,109,31,102,1,104,111,123,106,44" hai1="87,117,30,78,52,46,116,5,10,41,86,55,82" hai2="0,11,47,79,53,2,125,34,3,64,20,71,12" hai3="85,63,97,101,23,37,124,42,121,35,4,60,19"/><W14/><G121/><N who="0" m="46667" /><D1/><N who="1" m="303" /><E30/><V113/><F125/><W21/><G124/><T36/><D31/><U73/><E86/><V62/><F113/><W96/><G35/><T56/><D56/><U16/><E87/><V81/><F34/><W38/><G4/><T22/><D22/><U92/><E16/><V48/><F20/><W90/><G23/><T119/><D119/><N who="1" m="45643" /><E92/><V132/><F132/><W61/><G42/><T114/><D51/><AGARI ba="0,0" hai="41,46,51,52,55,73,78,82" m="45643,303" machi="51" ten="30,2000,0" yaku="12,1,54,1" doraHai="100" who="1" fromWho="0" sc="448,-20,285,20,162,0,105,0" owari="428,52.8,305,10.5,162,-23.8,105,-39.5" /></mjloggm>