<mjloggm ver="2.3"><GO type="225" lobby="0"/><UN n0="%E5%90%88%E6%B3%95%E3%82%B4%E3%83%AA%E3%83%A9" n1="%E3%83%A2%E3%82%B0%E3%83%9E%E3%83%AA%E3%83%A2" n2="%6B%65%6E%6E%64%69" n3="%E3%83%87%E3%83%A9%E3%82%B3%E3%83%83%E3%82%B3" dan="16,16,16,16" rate="2030.69,2099.54,2169.01,2095.95" sx="M,M,M,M"/><TAIKYOKU oya="0"/><INIT seed="0,0,0,4,0,6" ten="250,250,250,250" oya="0" hai0="28,23,8,69,85,48,130,82,50,124,56,126,100" hai1="29,101,66,105,57,22,104,112,30,79,111,83,135" hai2="64,53,62,119,120,42,47,107,92,88,27,94,125" hai3="15,86,90,74,59,46,45,89,68,44,93,103,26"/><T61/><D130/><U11/><E111/><V16/><F120/><W19/><G68/><T110/><D69/><U35/><E35/><V87/><F107/><W58/><G74/><T2/><D100/><U96/><E135/><V108/><F108/><W3/><G3/><T51/><D110/><U117/><E117/><V21/><F125/><N who="0" m="48234" /><D28/><U123/><E123/><V118/><F53/><W67/><G103/><T97/><D97/><U95/><E112/><V65/><F94/><W38/><G38/><T106/><D106/><U5/><E30/><V25/><F25/><W127/><G26/><T91/><D23/><U133/><E133/><V129/><F129/><W80/><G67/><N who="0" m="39335" /><D50/><U10/><E5/><AGARI ba="0,0" hai="2,5,8,48,51,82,85,91" m="39335,48234" machi="5" ten="30,2900,0" yaku="18,1,52,1" doraHai="6" who="0" fromWho="1" sc="250,29,250,-29,250,0,250,0" /><INIT seed="0,1,0,5,4,77" ten="279,221,250,250" oya="0" hai0="47,27,26,29,126,103,114,94,129,76,98,25,34" hai1="124,18,36,66,125,39,24,113,85,59,123,57,133" hai2="67,73,60,88,118,55,32,8,81,23,51,86,65" hai3="102,30,31,42,115,17,99,80,53,122,52,106,70"/><T117/><D114/><U64/><E123/><V116/><F32/><W82/><G115/><T5/><D117/><N who="2" m="45162" /><F73/><W135/><G70/><T11/><D129/><U48/><E113/><V58/><F23/><W87/><G122/><T109/><D126/><N who="1" m="48747" /><E24/><V71/><F8/><W4/><G4/><T38/><D109/><U68/><E18/><V14/><F14/><W74/><G42/><T127/><D127/><U15/><E15/><V28/><F67/><N who="1" m="25641" /><E68/><V112/><F112/><W35/><G135/><T44/><D76/><U10/><E10/><V63/><F28/><N who="3" m="10795" /><G74/><T134/><D134/><U93/><E133/><V95/><F95/><N who="3" m="58751" /><G35/><T0/><REACH who="0" step="1"/><D47/><REACH who="0" ten="269,221,250,250" step="2"/><U3/><E3/><V62/><AGARI ba="1,1" hai="51,55,58,60,62,63,65,71,81,86,88" m="45162" machi="62" ten="30,4000,0" yaku="12,1,52,1,54,1" doraHai="77" who="2" fromWho="2" sc="269,-21,221,-11,250,53,250,-11" /><INIT seed="1,0,0,1,1,115" ten="248,210,303,239" oya="1" hai0="120,78,60,40,76,96,13,31,121,32,82,116,55" hai1="83,64,34,86,66,62,113,106,125,9,18,79,84" hai2="129,5,73,68,132,16,123,25,110,109,28,29,98" hai3="51,10,130,37,47,112,2,50,52,24,111,33,133"/><U53/><E113/><V74/><F123/><N who="0" m="47178" /><D40/><U92/><E106/><V114/><F114/><W126/><G112/><T97/><D78/><U46/><E125/><V48/><F68/><W61/><G126/><T94/><D116/><U39/><E34/><V56/><F129/><W19/><G130/><T1/><D1/><U118/><E118/><V80/><F132/><W12/><G133/><T0/><D0/><U127/><E127/><V8/><F98/><W103/><G111/><N who="2" m="42505" /><F56/><N who="3" m="34951" /><G33/><T104/><D104/><U45/><E39/><V88/><F48/><N who="3" m="18475" /><G2/><T81/><D81/><N who="1" m="47167" /><E92/><V70/><F70/><W75/><G75/><N who="0" m="43295" /><D94/><U44/><E53/><V59/><F73/><W122/><G122/><T93/><D93/><U4/><E62/><V3/><F59/><W30/><G37/><T36/><D36/><U54/><E54/><V22/><F74/><W102/><G47/><T117/><D117/><U71/><E71/><V14/><F3/><W6/><G30/><T124/><D124/><U20/><E4/><V67/><F67/><W108/><G108/><T119/><D119/><U17/><E9/><V43/><F43/><W26/><G6/><T85/><D55/><U128/><E128/><V105/><F105/><W57/><G57/><T131/><D131/><U38/><E38/><V134/><F134/><W58/><G58/><T89/><D60/><U90/><E20/><V23/><F22/><W101/><AGARI ba="0,0" hai="10,12,19,24,26,101,102,103" m="18475,34951" machi="101" ten="30,2000,0" yaku="8,1,54,1" doraHai="115" who="3" fromWho="3" sc="248,-5,210,-10,303,-5,239,20" /><INIT seed="2,0,0,3,0,73" ten="243,200,298,259" oya="2" hai0="117,121,86,29,87,0,119,72,67,70,80,129,123" hai1="60,24,97,122,100,75,126,27,114,2,99,61,7" hai2="37,39,12,62,104,108,51,115,52,98,88,74,131" hai3="28,92,65,11,90,106,128,6,105,64,14,43,36"/><V31/><F115/><W56/><G128/><T8/><D70/><U132/><E114/><V54/><F74/><W35/><G35/><T34/><D67/><U58/><E126/><V81/><F131/><W109/><G109/><T53/><D53/><U101/><E132/><V134/><F134/><W133/><G133/><T135/><D135/><U112/><E112/><V78/><F108/><W40/><G28/><T103/><D129/><U13/><E2/><V45/><F31/><W22/><G22/><T84/><D0/><U48/><E122/><N who="0" m="46601" /><D8/><U4/><E75/><V89/><F12/><W33/><G33/><T21/><D21/><U49/><REACH who="1" step="1"/><E58/><REACH who="1" ten="243,190,298,259" step="2"/><N who="2" m="35143" /><F37/><W124/><G56/><T125/><D125/><U25/><E25/><V50/><F39/><W5/><G36/><T68/><D68/><U82/><E82/><V91/><F104/><W47/><G106/><T1/><D1/><U107/><E107/><V42/><F81/><W46/><G105/><T113/><D113/><U44/><E44/><N who="2" m="25879" /><F78/><W118/><G124/><T20/><D72/><U69/><E69/><V38/><F38/><W16/><G47/><T9/><D80/><U30/><E30/><V116/><F116/><W110/><G118/><T17/><D34/><U102/><E102/><V63/><F63/><W120/><G46/><T10/><D103/><U59/><E59/><V3/><F3/><W130/><G120/><T83/><D83/><U94/><E94/><AGARI ba="0,1" hai="45,51,54,88,89,91,94,98" m="25879,35143" machi="94" ten="30,5800,0" yaku="8,1,54,2" doraHai="73" who="2" fromWho="1" sc="243,0,190,-58,298,68,259,0" /><INIT seed="2,1,0,1,3,30" ten="243,132,366,259" oya="2" hai0="55,31,58,32,33,109,11,68,28,2,16,77,102" hai1="15,38,90,134,119,133,29,81,123,115,75,21,86" hai2="10,6,1,19,41,35,44,113,125,100,22,36,71" hai3="126,129,80,84,14,91,34,83,59,12,76,46,20"/><V131/><F113/><W117/><G126/><T93/><D68/><U37/><E115/><V97/><F125/><W18/><G117/><T116/><D116/><U25/><E119/><V65/><F131/><W74/><G129/><T69/><D69/><U72/><E123/><V45/><F35/><W66/><G46/><T124/><D124/><U27/><E15/><V85/><F85/><W107/><G107/><T39/><D39/><U112/><E112/><V89/><F89/><W56/><G34/><T135/><D77/><U132/><E38/><V9/><F9/><W51/><G66/><T73/><D73/><U114/><E37/><V49/><F65/><W42/><G42/><T101/><D31/><U130/><E130/><V4/><F71/><W13/><REACH who="3" step="1"/><G51/><REACH who="3" ten="243,132,366,249" step="2"/><T122/><D32/><U127/><E114/><V50/><F45/><W87/><G87/><T60/><D33/><N who="1" m="20655" /><E127/><V120/><F120/><W40/><G40/><T63/><D122/><U48/><E48/><V8/><F36/><W47/><G47/><T53/><D60/><U5/><E5/><V98/><F50/><W62/><G62/><T7/><D7/><U67/><E67/><V121/><F121/><W79/><G79/><T106/><D63/><U82/><E82/><V110/><F49/><W57/><AGARI ba="1,1" hai="12,13,14,18,20,56,57,59,74,76,80,83,84,91" machi="57" ten="30,2000,0" yaku="1,1,0,1,53,0" doraHai="30" doraHaiUra="24" who="3" fromWho="3" sc="243,-6,132,-6,366,-11,249,33" /><INIT seed="3,0,0,0,4,26" ten="237,126,355,282" oya="3" hai0="27,21,84,73,89,42,4,94,86,36,98,104,20" hai1="51,127,69,120,67,5,135,7,102,56,76,16,29" hai2="96,23,132,54,85,13,103,17,43,30,15,109,118" hai3="63,59,44,74,131,99,9,113,95,134,124,34,31"/><W11/><G113/><T82/><D4/><U130/><E130/><V93/><F118/><W80/><G131/><T117/><D117/><U32/><E127/><V128/><F128/><W25/><G124/><T88/><D36/><U133/><E120/><V92/><F109/><W100/><G134/><T90/><D42/><U61/><E76/><V83/><F132/><W38/><G74/><T35/><D35/><U87/><E87/><V52/><F43/><W75/><G38/><T10/><D10/><U58/><E133/><V129/><F30/><W6/><G44/><T125/><D20/><U79/><E135/><V66/><F66/><W71/><G71/><T24/><D24/><U108/><E108/><V68/><F68/><W46/><G46/><T115/><D21/><U40/><E79/><N who="2" m="46335" /><F129/><W65/><G6/><T107/><D27/><N who="1" m="18495" /><E16/><N who="2" m="10639" /><F92/><W28/><G28/><T72/><D125/><U110/><E110/><V64/><F64/><W57/><G57/><T81/><D115/><U45/><E58/><V12/><F12/><W1/><G1/><T121/><D121/><U70/><E70/><V48/><F48/><W112/><G112/><T91/><D91/><U53/><E102/><V2/><F2/><W126/><G126/><T123/><D123/><U3/><E3/><V37/><F37/><W19/><G19/><T14/><D14/><U50/><E69/><V47/><F47/><W105/><G31/><T97/><D97/><U122/><E122/><V106/><F106/><AGARI ba="0,0" hai="72,73,81,82,84,86,88,89,90,94,98,104,106,107" machi="106" ten="40,16000,3" yaku="9,1,35,6,54,1" doraHai="26" who="0" fromWho="2" sc="237,160,126,0,355,-160,282,0" owari="397,49.7,126,-37.4,195,-20.5,282,8.2" /></mjloggm>