<mjloggm ver="2.3"><GO type="225" lobby="0"/><UN n0="%70%6E%64%73%6E%67" n1="%E3%81%B5%E3%81%98%E3%81%8B%E3%81%A4" n2="%E5%A4%9C%E3%81%AE%E3%82%AC%E3%82%B9%E3%83%91%E3%83%BC%E3%83%AB" n3="%E6%A0%B9%E5%85%83%E3%81%8B%E3%82%89%E5%90%B9%E3%81%A3%E9%A3%9B%E3%81%B6" dan="16,16,16,17" rate="2099.07,2099.59,2109.14,2143.68" sx="M,M,M,F"/><TAIKYOKU oya="0"/><INIT seed="0,0,0,0,1,122" ten="250,250,250,250" oya="0" hai0="88,71,86,50,129,72,40,26,131,36,118,64,87" hai1="45,56,38,109,51,111,27,106,11,55,78,5,76" hai2="31,30,15,102,125,60,22,14,9,79,84,44,95" hai3="12,0,127,65,53,8,54,75,91,10,97,105,93"/><T59/><D118/><U47/><E106/><V62/><F125/><W42/><G127/><T21/><D72/><U120/><E120/><V101/><F44/><N who="1" m="16969" /><E27/><V85/><F79/><W43/><G75/><T37/><D71/><U100/><E100/><V3/><F3/><W77/><G77/><T19/><D86/><U29/><E29/><V113/><F22/><W81/><G81/><T4/><D4/><U133/><E133/><V61/><F61/><W1/><G65/><T83/><D40/><N who="3" m="15401" /><G1/><T80/><D80/><U57/><E57/><V108/><F95/><N who="3" m="56575" /><G0/><T69/><D69/><U48/><E48/><V68/><F68/><W134/><G105/><T92/><D83/><U24/><E24/><V49/><F49/><W82/><G82/><T17/><D17/><U46/><E46/><V135/><F135/><W99/><G12/><T89/><D89/><U119/><E119/><V66/><F66/><W123/><G123/><T67/><D67/><U7/><E38/><V96/><F96/><W116/><G116/><T63/><REACH who="0" step="1"/><D50/><REACH who="0" ten="240,250,250,250" step="2"/><U28/><E7/><V25/><F85/><W124/><G134/><T13/><D13/><N who="1" m="5359" /><E28/><V70/><F70/><W18/><G124/><T103/><D103/><U20/><E20/><V104/><F31/><W73/><G73/><T128/><AGARI ba="0,1" hai="19,21,26,36,37,59,63,64,87,88,92,128,129,131" machi="128" ten="30,11700,0" yaku="1,1,0,1,19,1,54,1,53,0" doraHai="122" doraHaiUra="130" who="0" fromWho="0" sc="240,127,250,-39,250,-39,250,-39" /><INIT seed="0,1,0,2,5,118" ten="367,211,211,211" oya="0" hai0="15,10,20,121,68,83,99,6,51,47,56,53,129" hai1="27,82,131,72,107,90,45,57,86,115,50,123,110" hai2="23,130,12,124,11,43,135,76,84,88,87,34,16" hai3="8,19,132,93,119,1,128,32,127,134,18,49,65"/><T26/><D68/><U112/><E110/><V114/><F114/><N who="1" m="43561" /><E107/><V2/><F124/><W46/><G119/><T3/><D129/><U64/><E131/><V117/><F130/><W126/><G32/><T28/><D121/><U74/><E123/><V133/><F117/><W105/><G105/><T37/><D37/><U30/><E57/><V77/><F34/><W80/><G65/><T31/><D3/><U103/><E64/><V104/><F104/><W5/><G93/><T24/><D99/><U44/><E103/><V41/><F2/><W9/><G80/><T13/><D13/><U42/><E45/><V62/><F62/><W70/><G70/><T106/><D106/><U33/><AGARI ba="1,0" hai="27,30,33,42,44,50,72,74,82,86,90" m="43561" machi="33" ten="30,1100,0" yaku="11,1" doraHai="118" who="1" fromWho="1" sc="367,-6,211,14,211,-4,211,-4" /><INIT seed="1,0,0,5,0,73" ten="361,225,207,207" oya="1" hai0="110,108,33,85,24,133,18,46,134,130,13,25,94" hai1="26,122,37,96,95,1,11,90,64,87,117,34,72" hai2="9,43,84,102,118,83,45,4,105,107,52,55,3" hai3="127,125,44,54,123,27,79,112,126,116,29,101,75"/><U41/><E117/><V30/><F118/><W28/><G112/><T104/><D104/><U17/><E122/><V103/><F30/><W5/><G123/><T88/><D130/><U106/><E72/><V47/><F105/><W65/><G116/><T97/><D46/><U129/><E129/><V135/><F135/><N who="0" m="51722" /><D97/><U31/><E64/><V48/><F107/><W92/><G65/><T111/><D33/><U62/><E62/><V69/><F69/><W56/><G44/><T119/><D119/><U2/><E17/><V98/><F98/><N who="3" m="59591" /><G5/><T66/><D66/><U21/><E11/><AGARI ba="0,0" hai="11,13,18,24,25,85,88,94,108,110,111" m="51722" machi="11" ten="40,5200,0" yaku="14,1,20,1,54,1" doraHai="73" who="0" fromWho="1" sc="361,52,225,-52,207,0,207,0" /><INIT seed="2,0,0,5,4,108" ten="413,173,207,207" oya="2" hai0="93,37,5,40,133,62,38,20,11,118,135,49,57" hai1="68,131,124,97,114,16,44,34,105,6,2,91,27" hai2="25,88,107,56,130,81,111,26,96,101,32,22,85" hai3="92,58,14,129,87,28,77,86,84,21,74,117,46"/><V31/><F111/><W1/><G117/><T134/><D118/><U61/><E124/><V110/><F110/><W94/><G1/><N who="0" m="431" /><D93/><N who="3" m="35945" /><G129/><T106/><D106/><U82/><E91/><V125/><F130/><W66/><G74/><T43/><D20/><U39/><E82/><V123/><F123/><W55/><G46/><N who="0" m="25799" /><D43/><N who="1" m="22655" /><E16/><V8/><F8/><W0/><G66/><AGARI ba="0,0" hai="37,38,57,62,66,133,134,135" m="25799,431" machi="66" ten="30,1000,0" yaku="20,1" doraHai="108" who="0" fromWho="3" sc="413,10,173,0,207,0,207,-10" /><INIT seed="3,0,0,0,0,106" ten="423,173,207,197" oya="3" hai0="41,120,98,108,123,127,49,129,92,48,93,84,17" hai1="90,37,30,5,32,80,2,42,27,19,68,114,51" hai2="29,1,82,3,87,109,125,16,9,20,8,34,74" hai3="58,12,38,116,67,23,105,77,56,57,47,115,79"/><W44/><G115/><T50/><D108/><U96/><E114/><V78/><F109/><W113/><G116/><T33/><D33/><U131/><E131/><V83/><F125/><W111/><G105/><T26/><D129/><U122/><E122/><V133/><F133/><W25/><G113/><T24/><D127/><U21/><E68/><V102/><F102/><W97/><G67/><T40/><D84/><U54/><E37/><V124/><F124/><W128/><G128/><T132/><D17/><U76/><E42/><V15/><F9/><W64/><G64/><T112/><D112/><U85/><E2/><V22/><F22/><W61/><G61/><T7/><D7/><U130/><E130/><V118/><F118/><W65/><G65/><T62/><D62/><U13/><E5/><N who="2" m="1071" /><F83/><W103/><G38/><T46/><D46/><N who="3" m="17449" /><G12/><T94/><D98/><U36/><E96/><V18/><F18/><N who="3" m="12535" /><G111/><T52/><D52/><U45/><REACH who="1" step="1"/><E36/><REACH who="1" ten="423,163,207,197" step="2"/><V81/><F3/><W70/><G70/><T59/><D59/><N who="3" m="15105" /><W89/><DORA hai="6" /><G103/><T91/><D132/><U69/><E69/><V117/><F117/><W28/><G28/><T4/><D123/><U110/><E110/><V72/><F29/><W39/><G39/><T35/><D35/><U60/><E60/><V71/><F71/><W86/><G97/><T121/><D120/><U101/><E101/><V73/><F34/><W107/><G107/><T31/><D31/><U119/><E119/><V100/><F100/><W63/><G63/><T75/><D75/><U134/><E134/><V55/><F74/><W126/><G126/><RYUUKYOKU ba="0,1" sc="423,-15,163,15,207,-15,197,15" hai1="13,19,21,27,30,32,45,51,54,76,80,85,90" hai3="77,79,86,89" /><INIT seed="3,1,1,0,2,17" ten="408,178,192,212" oya="3" hai0="82,43,89,0,11,115,25,26,18,41,48,78,70" hai1="113,97,30,45,34,109,102,127,124,62,38,133,134" hai2="131,31,94,50,58,60,14,12,2,103,117,64,35" hai3="100,15,3,81,20,86,13,105,51,126,93,108,98"/><W55/><G3/><T88/><D70/><U72/><E109/><V92/><F117/><W32/><G32/><T61/><D115/><U7/><E113/><V42/><F2/><W24/><G126/><N who="1" m="48170" /><E72/><V22/><F35/><W123/><G123/><T132/><D61/><U114/><E114/><V74/><F74/><W44/><G105/><T83/><D132/><N who="1" m="50795" /><E7/><V39/><F39/><W27/><G27/><N who="0" m="10251" /><D0/><U65/><E34/><V104/><F131/><W8/><G8/><T52/><D11/><U46/><E30/><V56/><F31/><N who="3" m="17799" /><G108/><T1/><D1/><U73/><E73/><V122/><F122/><W37/><G37/><T36/><D18/><U106/><E38/><V67/><F22/><W23/><G23/><T10/><D10/><U33/><E33/><V54/><F14/><W28/><G28/><T68/><D68/><AGARI ba="1,1" hai="45,46,62,65,68,97,102,106" m="50795,48170" machi="68" ten="30,2000,0" yaku="18,1,20,1" doraHai="17" who="1" fromWho="0" sc="408,-23,178,33,192,0,212,0" owari="385,48.5,211,-18.9,192,-30.8,212,1.2" /></mjloggm>