<mjloggm ver="2.3"><GO type="225" lobby="0"/><UN n0="%E3%81%AF%E3%82%88%E3%81%8A%E3%81%98%E3%81%95%E3%82%93" n1="%E3%81%8B%E3%82%8F%E3%81%A1%E3%82%83%E3%82%93%35%38" n2="%E4%BF%BA%E3%81%A8%E5%A6%96%E5%A4%A2" n3="%E3%81%A4%E3%81%A3%E3%81%B1%E3%82%8A%E3%83%9D%E3%83%BC%E3%83%AB" dan="17,17,17,16" rate="2195.05,2174.27,2168.67,2093.59" sx="M,M,F,M"/><TAIKYOKU oya="0"/><INIT seed="0,0,0,4,5,105" ten="250,250,250,250" oya="0" hai0="26,102,114,8,7,9,108,130,74,49,80,133,126" hai1="118,61,6,40,22,60,41,62,81,88,75,21,82" hai2="106,124,56,123,16,36,113,131,67,30,134,58,84" hai3="91,117,45,121,77,39,112,10,95,32,25,83,110"/><T129/><D114/><U64/><E118/><V14/><F123/><W35/><G112/><T4/><D126/><U38/><E6/><V107/><F113/><W128/><G117/><T31/><D133/><U1/><E1/><V92/><F36/><W5/><G121/><T11/><D102/><U100/><E100/><V19/><F124/><W17/><G110/><T94/><D94/><U42/><E38/><V63/><F134/><W104/><G104/><T93/><D93/><U15/><E64/><V43/><F43/><N who="3" m="22783" /><G17/><T3/><D49/><U68/><E68/><V51/><F30/><W24/><G35/><T71/><D71/><U120/><E120/><V33/><F19/><W57/><G57/><T109/><D80/><N who="1" m="30827" /><E15/><V87/><F87/><N who="3" m="52735" /><G32/><N who="0" m="20599" /><D74/><U12/><E12/><V50/><F33/><W65/><G65/><T34/><D34/><U90/><E75/><V103/><F107/><W98/><G98/><T76/><D76/><U46/><E46/><V28/><F106/><W55/><G77/><T119/><D119/><U0/><E0/><V99/><F84/><W72/><G72/><T54/><D54/><U2/><E2/><V23/><F28/><W86/><G83/><T132/><D132/><U79/><E79/><V89/><F103/><W69/><G69/><T20/><D20/><AGARI ba="0,0" hai="20,21,22,40,41,42,60,61,62,88,90" m="30827" machi="20" ten="40,8000,1" yaku="28,2,8,1,54,1" doraHai="105" who="1" fromWho="0" sc="250,-80,250,80,250,0,250,0" /><INIT seed="1,0,0,4,3,84" ten="170,330,250,250" oya="1" hai0="88,102,79,69,74,124,31,96,19,64,4,106,81" hai1="32,75,10,95,50,34,47,41,92,105,49,16,57" hai2="128,66,72,120,116,6,73,82,87,33,115,25,44" hai3="40,2,103,68,8,127,113,18,129,86,37,93,5"/><U111/><E105/><V108/><F116/><W62/><G113/><T14/><D124/><U58/><E75/><V53/><F120/><W135/><G127/><T122/><D122/><U28/><E28/><V97/><F115/><W134/><G129/><T52/><D4/><U125/><E125/><V3/><F128/><W45/><G18/><T104/><D31/><U132/><E132/><N who="3" m="50730" /><G103/><T9/><D64/><U22/><E10/><V118/><F118/><W46/><G46/><T27/><D69/><U77/><E77/><V30/><F66/><N who="3" m="41047" /><G86/><T91/><D27/><U107/><E107/><V70/><F70/><W54/><G93/><N who="1" m="35914" /><E34/><V12/><F97/><W36/><G54/><T130/><D106/><U83/><E32/><V94/><F94/><W67/><G67/><T43/><D43/><N who="1" m="24831" /><E83/><V89/><F3/><W55/><G55/><T110/><D110/><U1/><E1/><V101/><F108/><W121/><G121/><T85/><D130/><U15/><E111/><V109/><F101/><W29/><G29/><T42/><D74/><U71/><E71/><V126/><F126/><W117/><G117/><T17/><D42/><U65/><E65/><V38/><F109/><W119/><G119/><T39/><D39/><AGARI ba="0,0" hai="2,5,8,36,37,39,40,45" m="41047,50730" machi="39" ten="30,2000,0" yaku="20,1,23,1" doraHai="84" who="3" fromWho="0" sc="170,-20,330,0,250,0,250,20" /><INIT seed="2,0,0,0,3,127" ten="150,330,250,270" oya="2" hai0="61,104,125,85,110,98,72,109,128,100,27,55,87" hai1="81,78,101,3,52,111,46,13,49,24,117,106,116" hai2="67,70,113,10,96,76,122,58,83,57,84,44,32" hai3="47,115,6,20,0,74,130,12,14,132,73,34,77"/><V97/><F113/><W51/><G34/><T105/><D27/><U33/><E3/><V95/><F122/><W35/><G35/><T23/><D23/><U120/><E120/><V26/><F70/><W71/><G71/><T25/><D25/><U28/><E111/><N who="0" m="42505" /><D61/><U103/><E13/><V90/><F67/><W107/><G20/><T45/><D45/><U53/><E53/><V18/><F32/><W9/><G14/><T30/><D30/><U93/><E93/><V119/><F119/><W91/><G12/><T135/><D55/><U21/><E33/><V124/><F124/><W50/><G47/><T59/><D59/><U16/><E28/><V40/><F97/><W42/><G42/><T19/><D19/><U41/><E41/><V69/><F69/><W31/><G31/><T43/><D43/><U7/><E7/><V66/><F66/><W37/><G6/><T89/><D125/><U17/><E17/><V102/><F102/><N who="1" m="38921" /><E106/><N who="0" m="41065" /><D72/><N who="1" m="43207" /><E117/><V15/><REACH who="2" step="1"/><F26/><REACH who="2" ten="150,330,240,270" step="2"/><W48/><G115/><T94/><D135/><U60/><E116/><V63/><F63/><W38/><G132/><T29/><D29/><U99/><E60/><V65/><F65/><W22/><G38/><AGARI ba="0,1" hai="10,15,18,38,40,44,57,58,76,83,84,90,95,96" machi="38" ten="30,5800,0" yaku="1,1,7,1,53,1" doraHai="127" doraHaiUra="11" who="2" fromWho="3" sc="150,0,330,0,240,68,270,-58" /><INIT seed="2,1,0,0,3,52" ten="150,330,308,212" oya="2" hai0="46,93,13,111,97,39,135,19,6,106,94,59,29" hai1="16,31,125,36,26,105,134,7,56,120,23,62,117" hai2="67,50,63,22,28,35,123,96,68,92,80,114,85" hai3="53,115,126,127,11,51,40,71,14,109,57,9,75"/><V18/><F114/><W65/><G115/><T77/><D111/><U3/><E117/><V101/><F123/><W33/><G109/><T118/><D135/><U64/><E105/><V100/><F100/><W113/><G113/><T1/><D118/><U34/><E36/><V42/><F35/><W66/><G75/><T82/><D29/><U132/><E120/><V72/><F28/><W5/><G33/><T48/><D1/><U45/><E45/><V128/><F72/><W47/><G11/><T15/><D106/><U124/><E7/><V54/><F42/><W119/><G119/><T87/><D39/><U88/><E3/><V76/><F128/><W37/><REACH who="3" step="1"/><G71/><REACH who="3" ten="150,330,308,202" step="2"/><T133/><D133/><N who="1" m="51307" /><E88/><V104/><F76/><W25/><G25/><AGARI ba="1,1" hai="16,23,25,26,31,34,56,62,64,124,125" m="51307" machi="25" ten="30,3900,0" yaku="20,1,52,1,54,1" doraHai="52" who="1" fromWho="3" sc="150,0,330,52,308,0,202,-42" /><INIT seed="3,0,0,2,4,102" ten="150,382,308,160" oya="3" hai0="90,64,116,22,48,2,99,31,80,35,110,97,101" hai1="32,11,34,26,24,76,87,70,55,19,125,23,107" hai2="69,114,92,74,93,56,60,20,44,124,29,91,96" hai3="62,9,7,45,36,98,84,8,113,61,18,81,73"/><W104/><G113/><T135/><D116/><U129/><E107/><V105/><F114/><W4/><G73/><T71/><D2/><U63/><E76/><V126/><F69/><W54/><G104/><N who="0" m="63535" /><D110/><U123/><E87/><V57/><F74/><W5/><G98/><T40/><D135/><U77/><E77/><V85/><F56/><W30/><G30/><T106/><D22/><U67/><E123/><V122/><F122/><W78/><G36/><T121/><D121/><U65/><E65/><V89/><F44/><W49/><REACH who="3" step="1"/><G18/><REACH who="3" ten="150,382,308,150" step="2"/><T88/><D106/><U12/><E125/><V47/><F105/><W100/><G100/><T103/><D103/><U13/><E129/><V133/><F126/><W46/><G46/><N who="0" m="25671" /><D99/><U33/><REACH who="1" step="1"/><E55/><REACH who="1" ten="150,372,308,150" step="2"/><V119/><F124/><W75/><G75/><T66/><D66/><U51/><E51/><V128/><F128/><W16/><G16/><AGARI ba="0,2" hai="11,12,13,16,19,23,24,26,32,33,34,63,67,70" machi="16" ten="40,2600,0" yaku="1,1,54,1,53,0" doraHai="102" doraHaiUra="115" who="1" fromWho="3" sc="150,0,372,46,308,0,150,-26" owari="150,-25.0,418,51.8,308,10.8,124,-37.6" /></mjloggm>