<mjloggm ver="2.3"><GO type="225" lobby="0"/><UN n0="%E3%81%BF%E3%81%BF%E3%81%9A" n1="%4C%4F%4C%49%54%41" n2="%E6%A1%9C%E8%8A%B1%E9%96%83%E3%80%85" n3="%6D%61%74%69%67%75%73%61" dan="16,16,16,17" rate="2161.97,2159.61,2104.36,2247.37" sx="M,F,M,M"/><TAIKYOKU oya="0"/><INIT seed="0,0,0,1,2,18" ten="250,250,250,250" oya="0" hai0="118,26,116,135,122,121,57,47,107,53,28,7,123" hai1="70,19,74,132,109,84,55,11,131,94,38,62,27" hai2="56,65,93,39,41,117,111,59,87,120,72,108,10" hai3="82,24,90,100,63,14,31,114,58,21,83,95,37"/><T30/><D107/><U60/><E74/><V61/><F72/><W75/><G114/><T129/><D7/><U29/><E38/><V71/><F10/><W68/><G37/><T52/><D129/><U42/><E42/><V103/><F103/><W22/><G68/><T105/><D105/><U106/><E106/><V1/><F1/><W2/><G2/><T80/><D135/><U86/><E109/><N who="2" m="42059" /><F120/><W99/><G75/><T78/><D47/><U64/><E131/><V54/><F117/><W35/><G100/><T97/><D97/><U130/><E132/><V51/><F93/><W127/><G127/><T49/><D53/><U115/><E115/><V17/><F17/><N who="3" m="10423" /><G35/><T76/><D30/><U125/><E94/><V124/><F87/><W20/><G20/><T85/><REACH who="0" step="1"/><D78/><REACH who="0" ten="240,250,250,250" step="2"/><U43/><E130/><V113/><F113/><W12/><G12/><T48/><D48/><U25/><E55/><AGARI ba="0,1" hai="22,24,31,55,58,63,82,83,90,95,99" m="10423" machi="55" ten="30,3900,0" yaku="8,1,52,2" doraHai="18" who="3" fromWho="1" sc="240,0,250,-39,250,0,250,49" /><INIT seed="1,0,0,2,0,102" ten="240,211,250,299" oya="1" hai0="41,108,114,2,128,112,53,52,116,34,87,115,104" hai1="65,110,38,92,70,71,44,19,26,16,109,51,89" hai2="72,93,119,29,27,68,21,61,76,100,0,54,48" hai3="36,133,74,96,83,106,15,101,17,85,107,81,64"/><U86/><E38/><V122/><F119/><W90/><G36/><T103/><D116/><U117/><E117/><V129/><F122/><W20/><G133/><T69/><D2/><U134/><E134/><V8/><F129/><W130/><G130/><T66/><D128/><U67/><E65/><V79/><F72/><W23/><G64/><T94/><D41/><U33/><E33/><V4/><F61/><W127/><G127/><T120/><D120/><U30/><E30/><V55/><F68/><N who="1" m="26153" /><E26/><V3/><F3/><W77/><G20/><T10/><D10/><U59/><E59/><V57/><REACH who="2" step="1"/><F54/><REACH who="2" ten="240,211,240,299" step="2"/><W63/><G63/><N who="0" m="40159" /><D52/><N who="1" m="29799" /><E67/><V12/><F12/><W1/><G1/><T84/><D53/><U22/><E22/><V28/><F28/><W82/><G82/><T118/><D118/><U105/><E105/><AGARI ba="0,1" hai="15,17,23,74,77,81,83,85,90,96,101,105,106,107" machi="105" ten="30,7700,0" yaku="7,1,52,3" doraHai="102" who="3" fromWho="1" sc="240,0,211,-77,240,0,299,87" /><INIT seed="2,0,0,5,3,133" ten="240,134,240,386" oya="2" hai0="83,129,99,52,38,14,63,126,68,107,1,18,89" hai1="120,122,26,85,42,8,60,119,21,34,65,82,102" hai2="97,113,66,121,90,56,11,9,80,96,104,40,91" hai3="37,25,41,17,132,57,101,24,12,98,131,73,118"/><V116/><F116/><W44/><G73/><T115/><D1/><U78/><E119/><V5/><F121/><W54/><G118/><T0/><D0/><U3/><E34/><V95/><F113/><W134/><G131/><T29/><D115/><U51/><E102/><V2/><F40/><W43/><G43/><T103/><D38/><U69/><E3/><V114/><F114/><W109/><G109/><T84/><D129/><U76/><E8/><V110/><F110/><W100/><G12/><T39/><D39/><U135/><E135/><N who="3" m="51754" /><G17/><T33/><D126/><U94/><E94/><N who="2" m="56407" /><F104/><N who="3" m="63511" /><G101/><T75/><D75/><U4/><E4/><V125/><F125/><W77/><G77/><T46/><D14/><U67/><E67/><V6/><F2/><W32/><G32/><T71/><D18/><U20/><E78/><V30/><F30/><W81/><G81/><T130/><D130/><U27/><E26/><V108/><F108/><W48/><AGARI ba="0,0" hai="24,25,37,41,44,48,54,57" m="63511,51754" machi="48" ten="30,1100,0" yaku="20,1" doraHai="133" who="3" fromWho="3" sc="240,-3,134,-3,240,-5,386,11" /><INIT seed="3,0,0,1,0,69" ten="237,131,235,397" oya="3" hai0="113,81,99,130,14,22,9,17,83,105,77,97,13" hai1="21,95,108,5,12,84,122,94,118,41,40,27,32" hai2="7,36,132,54,128,11,87,111,129,39,115,119,67" hai3="109,33,100,42,93,72,85,60,121,57,37,18,20"/><W28/><G72/><T55/><D130/><N who="2" m="50282" /><F111/><W68/><G121/><T80/><D113/><U38/><E32/><V125/><F125/><W29/><G68/><T49/><D77/><U3/><E122/><V16/><F132/><W120/><G120/><T1/><D1/><U24/><E3/><N who="2" m="511" /><F119/><W25/><G109/><T48/><D105/><U78/><E108/><V2/><F115/><W70/><G70/><T46/><D49/><U71/><E71/><V74/><F74/><W114/><G114/><T52/><D55/><U62/><E78/><V96/><F67/><W10/><G10/><T92/><D92/><U103/><E5/><AGARI ba="0,0" hai="5,9,13,14,17,22,46,48,52,80,81,83,97,99" machi="5" ten="40,2600,0" yaku="8,1,54,1" doraHai="69" who="0" fromWho="1" sc="237,26,131,-26,235,0,397,0" owari="263,6.3,105,-39.5,235,-16.5,397,49.7" /></mjloggm>