<mjloggm ver="2.3"><GO type="225" lobby="0"/><UN n0="%E9%89%A2%E5%B7%BB%E3%82%AC%E3%83%96" n1="%E8%81%B7%E6%A5%AD%E3%80%81%E9%A2%A8%32" n2="%74%61%6B%75%61%6B%61" n3="%E3%81%9F%E3%81%A3%E3%81%A1%E3%82%87" dan="16,16,16,16" rate="2059.34,2109.86,2182.15,2065.74" sx="M,M,M,M"/><TAIKYOKU oya="0"/><INIT seed="0,0,0,1,0,74" ten="250,250,250,250" oya="0" hai0="10,22,8,58,108,7,96,112,5,38,78,49,34" hai1="92,127,54,46,17,24,65,82,51,19,21,115,67" hai2="2,76,131,27,89,90,57,99,130,100,70,35,104" hai3="63,86,101,95,45,77,31,79,125,87,73,116,121"/><T75/><D112/><U132/><E115/><V55/><F70/><W102/><G116/><T111/><D34/><U133/><E127/><V47/><F2/><W20/><G121/><T52/><D38/><U120/><E120/><V122/><F122/><W14/><G125/><T60/><D22/><N who="1" m="13391" /><E92/><V36/><F36/><W128/><G128/><N who="2" m="49193" /><F47/><W48/><G63/><T129/><D129/><U33/><E82/><V109/><F109/><N who="0" m="42058" /><D78/><N who="3" m="29705" /><G73/><T97/><D75/><U119/><E33/><V81/><F27/><N who="3" m="16871" /><G14/><N who="0" m="5391" /><D60/><U88/><E119/><V98/><F35/><W106/><G106/><T64/><D64/><U84/><E132/><V134/><F134/><W69/><G69/><T110/><N who="0" m="42066" /><T1/><AGARI ba="0,0" hai="1,7,10,49,52,58,96,97" m="5391,42066" machi="1" ten="40,12000,1" yaku="4,1,14,1,10,1,54,1" doraHai="74" who="0" fromWho="0" sc="250,120,250,-40,250,-40,250,-40" /><INIT seed="0,1,0,0,2,64" ten="370,210,210,210" oya="0" hai0="15,80,63,85,55,95,74,56,6,94,122,21,27" hai1="125,12,9,110,78,134,16,81,32,7,105,103,89" hai2="45,102,43,99,36,130,75,20,59,97,68,33,35" hai3="37,71,113,118,108,58,46,51,49,54,38,132,22"/><T18/><D122/><U98/><E110/><V109/><F109/><W84/><G108/><T123/><D123/><U34/><E125/><V73/><F130/><W47/><G84/><T87/><D74/><U67/><E134/><V14/><F59/><N who="3" m="33231" /><G22/><T104/><D104/><U62/><E89/><V61/><F97/><W48/><G132/><T126/><D126/><U88/><E88/><V50/><F50/><N who="3" m="18987" /><G118/><T11/><D85/><U106/><E106/><N who="2" m="63839" /><F14/><W72/><G72/><N who="2" m="27721" /><F20/><W101/><G101/><T86/><D87/><U77/><E81/><V28/><F28/><W121/><G113/><T79/><AGARI ba="1,0" hai="6,11,15,18,21,27,55,56,63,79,80,86,94,95" machi="79" ten="20,3900,0" yaku="0,1,7,1,8,1" doraHai="64" who="0" fromWho="0" sc="370,42,210,-14,210,-14,210,-14" /><INIT seed="0,2,0,2,4,71" ten="412,196,196,196" oya="0" hai0="97,20,72,4,15,67,85,65,84,120,106,86,43" hai1="82,75,31,62,90,60,107,81,37,131,13,94,56" hai2="118,123,42,116,110,40,36,53,109,1,50,63,125" hai3="129,48,124,92,105,89,77,41,11,130,26,39,69"/><T45/><D120/><U7/><E107/><V121/><F63/><W21/><G105/><T24/><D72/><U19/><E131/><N who="3" m="50186" /><G69/><T47/><D15/><U88/><E31/><V0/><F125/><W78/><G124/><T108/><D4/><U104/><E104/><V87/><F87/><N who="3" m="52287" /><G11/><T103/><D47/><U59/><E7/><V29/><F29/><N who="3" m="17615" /><G48/><T6/><D6/><U132/><E37/><V2/><F53/><W16/><G16/><T18/><REACH who="0" step="1"/><D108/><REACH who="0" ten="402,196,196,196" step="2"/><U5/><E5/><V73/><F109/><W80/><G41/><T122/><D122/><U61/><E75/><V74/><F110/><W117/><G117/><T9/><D9/><U33/><E13/><V46/><F121/><W95/><G39/><AGARI ba="2,1" hai="18,20,24,39,43,45,65,67,84,85,86,97,103,106" machi="39" ten="40,3900,0" yaku="1,1,52,1,53,0" doraHai="71" doraHaiUra="8" who="0" fromWho="3" sc="402,55,196,0,196,0,196,-45" /><INIT seed="0,3,0,4,4,58" ten="457,196,196,151" oya="0" hai0="115,7,78,72,104,119,112,36,2,122,77,121,80" hai1="41,123,125,8,28,66,132,116,107,117,9,48,108" hai2="27,4,59,14,26,24,98,39,17,22,113,81,95" hai3="129,44,134,65,135,101,61,82,56,131,38,94,96"/><T124/><D7/><U75/><E108/><V106/><F106/><W86/><G38/><T128/><D2/><U83/><E107/><V109/><F113/><W12/><G44/><T114/><D36/><U99/><E99/><V33/><F33/><W23/><G23/><T89/><D119/><U97/><E97/><V35/><F35/><W29/><G29/><T21/><D21/><U18/><E28/><V55/><F39/><W87/><G12/><T57/><D57/><U64/><E123/><V45/><F109/><W71/><G71/><T133/><D104/><U88/><E75/><V93/><F45/><W11/><G11/><T1/><D1/><U79/><E79/><V74/><F4/><W62/><G87/><T42/><D42/><U92/><E83/><V16/><F81/><W40/><G40/><T54/><D54/><U84/><E41/><V63/><F74/><W32/><G32/><T43/><D43/><U52/><E116/><V60/><F93/><W3/><G3/><T0/><D0/><U53/><E53/><V110/><F110/><W85/><G85/><T47/><D78/><U126/><E132/><N who="3" m="50730" /><G61/><T15/><D133/><U90/><E117/><V46/><F46/><W19/><G19/><T103/><D47/><N who="1" m="27679" /><E9/><N who="2" m="6351" /><F63/><W6/><G6/><T69/><D114/><U30/><E30/><V68/><F68/><W73/><G73/><T100/><D69/><U130/><E8/><V67/><F67/><W120/><G120/><T13/><D115/><U34/><E34/><V70/><F70/><W51/><G51/><T50/><D112/><U25/><E66/><RYUUKYOKU ba="3,0" sc="457,-15,196,-15,196,15,151,15" hai2="16,22,24,26,27,55,59,60,95,98" hai3="56,62,65,82,86,94,96,101,129,131" /><INIT seed="1,4,0,0,5,30" ten="442,181,211,166" oya="1" hai0="10,122,100,27,56,119,98,115,18,33,15,108,129" hai1="13,110,93,116,71,132,80,12,32,52,63,29,55" hai2="117,42,28,44,38,65,114,118,125,50,101,51,130" hai3="34,2,76,3,84,79,135,126,113,77,5,128,62"/><U57/><E116/><V24/><F125/><W133/><G113/><T103/><D119/><U21/><E132/><N who="3" m="50762" /><G126/><T19/><D115/><U40/><E110/><V72/><F72/><W17/><G128/><T99/><D108/><U37/><E71/><V105/><F130/><W61/><G84/><T85/><D85/><U67/><E37/><V23/><F114/><W95/><G95/><T4/><D129/><U58/><E40/><V86/><F65/><W39/><G39/><T69/><D69/><U36/><E36/><V0/><F0/><N who="3" m="43" /><G5/><T60/><D4/><U134/><E134/><V70/><F70/><W22/><G34/><T48/><D33/><U20/><E32/><V49/><REACH who="2" step="1"/><F86/><REACH who="2" ten="442,181,201,166" step="2"/><W11/><G11/><T8/><D10/><U83/><E67/><V88/><F88/><W123/><G123/><T14/><D122/><U90/><E83/><V75/><F75/><W109/><G109/><T54/><D103/><U64/><E80/><V81/><F81/><W92/><G92/><T107/><D100/><U87/><E64/><V102/><F102/><W94/><G94/><T73/><D73/><U112/><E112/><V7/><F7/><W47/><G47/><T78/><D99/><AGARI ba="4,1" hai="23,24,28,38,42,44,49,50,51,99,101,105,117,118" machi="99" ten="40,1300,0" yaku="1,1,53,0" doraHai="30" doraHaiUra="104" who="2" fromWho="0" sc="442,-25,181,0,201,35,166,0" /><INIT seed="2,0,0,2,1,93" ten="417,181,236,166" oya="2" hai0="37,63,31,28,76,64,65,46,98,123,67,1,33" hai1="49,2,131,73,13,41,99,130,117,12,7,83,119" hai2="120,124,134,29,77,113,78,17,115,14,52,51,126" hai3="60,38,21,110,100,57,32,132,88,94,129,26,72"/><V66/><F29/><W61/><G110/><T128/><D123/><U79/><E41/><V25/><F25/><W16/><G38/><T24/><D1/><U47/><E2/><V5/><F5/><W18/><G129/><N who="1" m="49162" /><E7/><V8/><F120/><W97/><G132/><T121/><D121/><U35/><E35/><V9/><F66/><N who="3" m="39183" /><G72/><T92/><D31/><U96/><E49/><V85/><F8/><W71/><G71/><T112/><D76/><N who="2" m="29290" /><F85/><W55/><G32/><T68/><D112/><U114/><E47/><N who="2" m="27775" /><F134/><W23/><G61/><T75/><D75/><U116/><E114/><V95/><F95/><N who="3" m="58431" /><G55/><T107/><D92/><U44/><E44/><V111/><F111/><W135/><G135/><T86/><D128/><U104/><E104/><V91/><F115/><W56/><G56/><T102/><D46/><U125/><E125/><N who="2" m="48235" /><F113/><W43/><G43/><T4/><D4/><U80/><E80/><V58/><F58/><W81/><G81/><T10/><D10/><U103/><E103/><V6/><F6/><W69/><G69/><T87/><D37/><U22/><E22/><N who="3" m="8202" /><G26/><T42/><D42/><U118/><E118/><V74/><F9/><W45/><G45/><T19/><D19/><U34/><E34/><V90/><F17/><W3/><G3/><T62/><D65/><U15/><AGARI ba="0,0" hai="12,13,15,73,79,83,96,99,116,117,119" m="49162" machi="15" ten="40,5200,0" yaku="19,1,52,2" doraHai="93" who="1" fromWho="1" sc="417,-13,181,52,236,-26,166,-13" /><INIT seed="3,0,0,4,0,113" ten="404,233,210,153" oya="3" hai0="11,44,69,83,32,45,61,84,107,123,70,82,134" hai1="53,2,17,119,14,72,122,15,56,49,6,46,126" hai2="85,9,7,120,42,129,74,115,64,109,125,63,62" hai3="5,43,12,124,133,65,58,4,131,132,35,118,57"/><W76/><G131/><T81/><D123/><U50/><E72/><V59/><F115/><W92/><G124/><T111/><D111/><U128/><E122/><V121/><F74/><W73/><G35/><T94/><D107/><U10/><E126/><V78/><F125/><W102/><G43/><T22/><D32/><U29/><E29/><V48/><F129/><W1/><G1/><T41/><D45/><U116/><E128/><V130/><F130/><W96/><G73/><T88/><D22/><U16/><E17/><V13/><F62/><N who="3" m="38095" /><G76/><T31/><D31/><U40/><REACH who="1" step="1"/><E2/><REACH who="1" ten="404,223,210,153" step="2"/><V108/><F120/><W67/><G12/><T36/><D11/><AGARI ba="0,1" hai="6,10,11,14,15,16,40,46,49,50,53,56,116,119" machi="11" ten="40,8000,1" yaku="1,1,2,1,52,2,54,1,53,0" doraHai="113" doraHaiUra="135" who="1" fromWho="0" sc="404,-80,223,90,210,0,153,0" owari="324,42.4,313,11.3,210,-19.0,153,-34.7" /></mjloggm>