<mjloggm ver="2.3"><GO type="225" lobby="0"/><UN n0="%E4%BA%BA%E9%96%93%E3%83%81%E3%83%A3%E3%83%BC%E3%83%8F%E3%83%B3" n1="%2D%E8%B1%8A%E5%8F%A3%E3%82%81%E3%81%90%E3%81%BF%2D" n2="%E6%9D%B1%E9%A2%A8%E3%81%AE%E3%81%8D%E3%82%83%E3%81%B7%E3%81%95%E3%82%93" n3="%E3%81%BF%E3%81%BF%E3%81%9A" dan="16,16,17,18" rate="2099.38,2146.55,2215.71,2226.49" sx="M,F,M,M"/><TAIKYOKU oya="0"/><INIT seed="0,0,0,0,3,81" ten="250,250,250,250" oya="0" hai0="101,53,27,105,31,133,16,34,61,57,77,135,108" hai1="0,22,74,73,55,39,119,38,82,106,111,45,110" hai2="113,128,65,78,130,126,43,104,127,4,19,48,70" hai3="75,62,26,124,117,36,69,92,44,7,93,131,64"/><T67/><D108/><N who="1" m="41515" /><E119/><V54/><F78/><W1/><G117/><T115/><D115/><U91/><E106/><V6/><F104/><W109/><G109/><T32/><D77/><U66/><E66/><V68/><F19/><W116/><G116/><T20/><D32/><U98/><E0/><V25/><F25/><W102/><G75/><T129/><D129/><N who="2" m="49770" /><F6/><W40/><G26/><T17/><D67/><U49/><E22/><V46/><F4/><W79/><G79/><T132/><REACH who="0" step="1"/><D34/><REACH who="0" ten="240,250,250,250" step="2"/><U89/><E73/><V11/><F113/><W120/><G131/><T23/><D23/><U24/><E74/><V59/><F11/><W21/><G21/><T30/><D30/><U125/><E125/><N who="2" m="47627" /><F65/><W87/><G124/><T80/><D80/><U95/><E24/><V60/><AGARI ba="0,1" hai="43,46,48,54,59,60,68,70" m="47627,49770" machi="60" ten="30,7900,0" yaku="19,1,18,1,34,2" doraHai="81" who="2" fromWho="2" sc="240,-39,250,-20,250,89,250,-20" /><INIT seed="1,0,0,2,1,128" ten="201,230,339,230" oya="1" hai0="27,49,1,105,123,23,63,110,70,102,4,87,52" hai1="76,129,132,118,98,5,81,57,74,16,60,59,68" hai2="84,116,125,39,94,35,95,13,122,127,32,47,25" hai3="108,88,135,45,80,8,82,12,28,97,53,9,51"/><U119/><E5/><V38/><F122/><W31/><G108/><T72/><D110/><U100/><E129/><V78/><F116/><W36/><G36/><T126/><D72/><U91/><E68/><V109/><F13/><W133/><G97/><T89/><D123/><U69/><E69/><V86/><F47/><W42/><G42/><T2/><D126/><U112/><E112/><V92/><F109/><W33/><G8/><T96/><D4/><U75/><E75/><V111/><F111/><W37/><G37/><N who="2" m="13833" /><F25/><W43/><G43/><T29/><D63/><U6/><E6/><V41/><F41/><W85/><G82/><T134/><D134/><N who="3" m="51209" /><G33/><N who="2" m="12873" /><F78/><W15/><G15/><T121/><D70/><U58/><E132/><V18/><F18/><AGARI ba="0,0" hai="9,12,18,28,31,45,51,53,80,85,88" m="51209" machi="18" ten="30,12000,2" yaku="25,1,20,1,52,3,54,1" doraHai="128" who="3" fromWho="2" sc="201,0,230,0,339,-120,230,120" /><INIT seed="2,0,0,1,0,121" ten="201,230,219,350" oya="2" hai0="90,129,97,3,135,130,63,108,54,52,99,128,51" hai1="35,25,42,33,81,133,96,94,56,72,126,58,98" hai2="77,110,53,26,18,8,89,43,101,95,104,69,103" hai3="67,70,29,134,55,73,87,123,12,61,10,45,107"/><V16/><F69/><W64/><G73/><T28/><D3/><U119/><E119/><V57/><F43/><W102/><G123/><T118/><D118/><U79/><E126/><V82/><F110/><W71/><G134/><T60/><D135/><U46/><E98/><N who="0" m="37385" /><D108/><U20/><E33/><V22/><F104/><W132/><G55/><N who="0" m="21035" /><D28/><U116/><E35/><V106/><F106/><W68/><G10/><T66/><D90/><U83/><E83/><V105/><F105/><W59/><G12/><T48/><D66/><U91/><E116/><V39/><F39/><W37/><G87/><T2/><D2/><U86/><E72/><V114/><F114/><W15/><G15/><T24/><D24/><U85/><E85/><N who="2" m="48335" /><F8/><W1/><G29/><T36/><D36/><U34/><E34/><V131/><F18/><W23/><G1/><T38/><D38/><U7/><E7/><V111/><F111/><W21/><G132/><T50/><AGARI ba="0,0" hai="48,50,51,60,63,128,129,130" m="21035,37385" machi="50" ten="40,8000,1" yaku="28,2,19,1,54,1" doraHai="121" who="0" fromWho="0" sc="201,80,230,-20,219,-40,350,-20" /><INIT seed="3,0,0,5,1,62" ten="281,210,179,330" oya="3" hai0="21,109,108,53,57,104,58,103,3,135,74,68,87" hai1="23,43,92,24,26,61,5,82,116,119,69,70,128" hai2="77,110,113,85,100,20,59,1,71,30,88,35,123" hai3="42,17,131,102,120,2,37,63,0,97,8,52,54"/><W56/><G120/><T86/><D3/><U81/><E128/><V107/><F71/><N who="1" m="27145" /><E61/><V72/><F35/><W49/><G131/><T64/><D74/><U9/><E92/><V112/><F1/><W60/><G37/><T133/><D21/><U90/><E43/><V115/><F59/><N who="0" m="22538" /><D53/><U46/><E46/><V66/><F20/><W27/><G42/><T32/><D32/><U117/><E90/><V67/><F30/><W96/><G96/><N who="0" m="61543" /><D87/><U129/><E129/><V10/><F10/><W25/><G63/><N who="0" m="39967" /><D86/><U95/><E95/><N who="2" m="54671" /><F123/><W105/><G0/><T38/><D38/><U130/><E130/><V76/><F76/><W94/><G105/><T11/><D11/><U33/><E33/><V44/><F44/><N who="3" m="27687" /><G2/><T51/><D51/><U34/><E34/><V18/><F18/><W39/><G39/><T73/><D73/><U125/><E23/><V124/><F124/><W80/><G80/><N who="1" m="30826" /><E125/><V126/><F126/><W78/><G78/><T99/><D99/><U111/><E9/><V65/><F77/><W19/><G8/><T93/><D93/><U89/><E5/><V15/><F72/><W31/><G17/><T55/><D55/><U118/><E118/><V41/><F41/><W106/><G19/><T48/><D48/><U101/><E101/><V83/><F83/><W7/><G7/><T4/><D4/><U22/><E89/><V91/><F91/><W40/><G40/><T16/><D16/><N who="1" m="12359" /><E26/><N who="3" m="9738" /><G106/><T84/><D84/><U50/><E50/><V45/><F45/><W6/><G6/><T36/><D36/><U121/><E121/><V13/><F115/><RYUUKYOKU ba="0,0" sc="281,10,210,10,179,-30,330,10" hai0="108,109,133,135" hai1="111,116,117,119" hai3="31,54,56,60,94,97,102" owari="291,9.1,220,-18.0,149,-35.1,340,44.0" /></mjloggm>