<mjloggm ver="2.3"><GO type="225" lobby="0"/><UN n0="%E3%81%AF%E3%82%88%E3%81%8A%E3%81%98%E3%81%95%E3%82%93" n1="%77%72%77%72%77%72%77%72" n2="%E3%81%B5%E3%81%98%E3%81%8B%E3%81%A4" n3="%4C%4F%4C%49%54%41" dan="17,17,16,16" rate="2178.26,2233.71,2220.96,2144.11" sx="M,M,M,F"/><TAIKYOKU oya="0"/><INIT seed="0,0,0,2,3,9" ten="250,250,250,250" oya="0" hai0="39,129,123,40,27,130,89,116,104,115,16,38,125" hai1="98,121,135,23,36,24,31,92,81,4,28,113,87" hai2="2,68,48,41,46,10,96,30,8,133,61,34,102" hai3="86,57,90,100,76,62,32,55,73,111,131,117,47"/><T56/><D104/><U26/><E121/><V42/><F133/><W58/><G117/><T5/><D116/><U88/><E135/><V64/><F2/><W53/><G32/><T52/><D123/><U77/><E36/><V110/><F42/><W95/><G111/><T13/><D115/><U70/><E70/><V19/><F110/><W99/><G131/><N who="0" m="50187" /><D125/><U20/><REACH who="1" step="1"/><E4/><REACH who="1" ten="250,240,250,250" step="2"/><V45/><F68/><W128/><G128/><T106/><D5/><U63/><E63/><V79/><F61/><W11/><G62/><N who="0" m="36103" /><D39/><U65/><E65/><V43/><F64/><W15/><G58/><T66/><D66/><U69/><E69/><V134/><F134/><W14/><G57/><T83/><D38/><U127/><E127/><V7/><F45/><W82/><G47/><T94/><D40/><U132/><E132/><V120/><F43/><W84/><G73/><T6/><D6/><U29/><E29/><V108/><F7/><W33/><G33/><T1/><D1/><U91/><E91/><V78/><F120/><W105/><REACH who="3" step="1"/><G11/><REACH who="3" ten="250,240,250,240" step="2"/><T93/><D106/><U49/><E49/><N who="2" m="26831" /><F10/><W60/><G60/><T22/><D27/><U71/><E71/><V0/><F48/><W109/><G109/><T75/><D75/><U50/><E50/><V72/><F72/><W119/><G119/><T103/><D103/><U12/><E12/><AGARI ba="0,2" hai="12,14,15,53,55,76,82,84,86,90,95,99,100,105" machi="12" ten="40,8000,1" yaku="1,1,52,3,53,0" doraHai="9" doraHaiUra="18" who="3" fromWho="1" sc="250,0,240,-80,250,0,240,100" /><INIT seed="1,0,0,1,5,48" ten="250,160,250,340" oya="1" hai0="80,102,92,129,6,16,34,109,26,76,67,21,66" hai1="59,12,95,30,98,124,54,1,17,99,37,134,32" hai2="2,101,0,75,4,13,49,10,23,11,29,22,126" hai3="53,97,14,89,35,112,72,33,119,135,100,5,7"/><U52/><E1/><N who="2" m="619" /><F75/><W103/><G112/><T25/><D109/><U111/><E37/><V104/><F104/><W63/><G72/><T24/><D129/><U18/><E111/><V69/><F69/><W38/><G38/><T60/><D6/><U15/><E134/><V62/><F62/><W45/><G135/><T130/><D130/><U123/><E123/><V113/><F49/><W94/><G119/><T91/><D102/><U87/><E124/><V58/><F58/><N who="3" m="35279" /><G33/><T125/><D125/><U81/><E30/><V42/><F101/><N who="3" m="38987" /><G35/><T9/><D9/><N who="1" m="6287" /><E95/><V57/><F42/><W74/><G74/><T105/><D105/><U86/><E86/><V43/><F43/><W71/><G71/><T55/><D34/><U108/><E32/><V41/><F41/><W96/><G45/><T132/><D132/><U122/><E122/><V56/><F57/><W28/><G28/><T115/><D115/><U36/><E36/><V77/><F56/><W44/><G44/><T39/><D39/><U27/><E27/><N who="2" m="16631" /><F126/><W61/><G97/><N who="1" m="36874" /><E59/><V90/><F113/><W107/><G107/><T84/><D26/><U20/><E108/><V46/><F46/><W68/><G68/><T118/><D25/><U131/><E131/><V120/><F120/><W47/><G47/><T70/><D118/><U51/><E51/><V121/><F121/><W40/><G40/><T117/><D117/><U83/><E83/><V85/><F11/><N who="3" m="4463" /><G61/><T114/><D114/><U127/><E127/><V110/><F110/><W82/><G82/><T8/><D80/><U73/><E73/><V93/><F23/><RYUUKYOKU ba="0,0" sc="250,-30,160,10,250,10,340,10" hai1="15,18,20,52,54,81,87" hai2="4,10,13,77,85,90,93" hai3="7,89,94,96" /><INIT seed="1,1,0,2,0,121" ten="220,170,260,350" oya="1" hai0="128,37,102,23,27,68,4,7,39,48,20,93,131" hai1="18,96,88,70,81,57,32,31,108,118,122,133,15" hai2="98,75,77,104,67,101,107,54,106,26,59,111,55" hai3="45,120,71,124,80,33,43,42,135,105,79,91,14"/><U11/><E122/><V74/><F67/><W85/><G120/><T116/><D68/><U0/><E118/><V99/><F26/><W92/><G33/><T119/><D48/><U17/><E70/><V3/><F59/><W66/><G105/><N who="2" m="40553" /><F3/><W89/><G135/><T36/><D93/><N who="1" m="56359" /><E133/><V19/><F19/><N who="1" m="7177" /><E32/><V56/><F54/><W64/><G124/><T114/><D102/><U28/><E0/><V90/><F55/><W5/><G71/><T34/><D34/><U127/><E127/><V16/><F16/><W94/><G94/><T112/><REACH who="0" step="1"/><D39/><REACH who="0" ten="210,170,260,350" step="2"/><U87/><E57/><V21/><F56/><W63/><G92/><T24/><AGARI ba="1,1" hai="4,7,20,23,24,27,36,37,112,114,116,119,128,131" machi="24" ten="25,12000,2" yaku="1,1,2,1,0,1,22,2,53,2" doraHai="121" doraHaiUra="22" who="0" fromWho="0" sc="210,133,170,-61,260,-31,350,-31" /><INIT seed="2,0,0,5,1,39" ten="343,109,229,319" oya="2" hai0="101,107,77,26,35,45,18,85,28,118,55,6,48" hai1="19,53,37,47,44,12,121,70,98,2,109,116,105" hai2="32,89,56,58,91,5,96,76,97,24,52,119,31" hai3="50,16,71,54,113,38,34,43,65,87,61,111,14"/><V21/><F119/><W99/><G34/><T7/><D118/><U90/><E116/><V33/><F76/><W79/><G111/><T57/><D107/><U62/><E2/><V42/><F5/><W69/><G113/><T117/><D117/><U0/><E0/><V73/><F73/><W132/><G132/><T94/><D101/><U23/><E109/><V93/><F58/><N who="3" m="33111" /><G71/><T30/><D30/><U100/><E121/><V40/><F33/><W134/><G99/><T129/><D129/><U103/><E103/><V74/><F74/><W84/><G79/><T51/><D18/><U106/><E106/><V128/><F32/><W36/><G36/><T120/><D120/><U133/><E133/><V114/><F128/><W3/><G3/><T108/><D108/><U125/><E125/><V82/><F114/><W122/><G134/><T9/><D9/><U4/><E4/><V8/><F8/><N who="3" m="6215" /><G122/><T112/><D112/><U131/><E131/><V102/><F82/><W127/><G127/><T80/><REACH who="0" step="1"/><D94/><REACH who="0" ten="333,109,229,319" step="2"/><U63/><E105/><V22/><F22/><W110/><G110/><T123/><D123/><U27/><E100/><V64/><F64/><W60/><G60/><T88/><D88/><U11/><E63/><N who="2" m="36231" /><F102/><W66/><G65/><T81/><D81/><U15/><E70/><V20/><F20/><W130/><G130/><T115/><D115/><U68/><E68/><V92/><AGARI ba="0,1" hai="21,24,31,40,42,89,91,92,93,96,97" m="36231" machi="92" ten="30,11700,0" yaku="8,1,52,2,54,1" doraHai="39" who="2" fromWho="2" sc="333,-39,109,-39,229,127,319,-39" /><INIT seed="2,1,0,0,1,12" ten="294,70,356,280" oya="2" hai0="69,60,68,108,26,93,58,112,48,120,89,13,57" hai1="7,132,134,65,1,2,119,38,23,72,54,21,35" hai2="110,74,98,64,113,8,76,61,86,53,78,83,29" hai3="71,125,81,92,47,109,18,84,36,115,4,87,131"/><V100/><F113/><W9/><G71/><T31/><D112/><U106/><E38/><V56/><F110/><W103/><G115/><T128/><D120/><U16/><E65/><V97/><F29/><W104/><G104/><T135/><D108/><U32/><E72/><V6/><F74/><W25/><G109/><T122/><D122/><U116/><E106/><V45/><F78/><W105/><G105/><T15/><D128/><U82/><E82/><V59/><F45/><W91/><G125/><T111/><D135/><U102/><E102/><V70/><F100/><W30/><G131/><T96/><D111/><U3/><E54/><V52/><F70/><W10/><G36/><T88/><D89/><U95/><E95/><V67/><F67/><W130/><G130/><T75/><D75/><U62/><E62/><V0/><F64/><W107/><G47/><T37/><D37/><U101/><E101/><V49/><AGARI ba="1,0" hai="0,6,8,49,52,53,56,59,61,76,83,86,97,98" machi="49" ten="20,3900,0" yaku="0,1,7,1,54,1" doraHai="12" who="2" fromWho="2" sc="294,-14,70,-14,356,42,280,-14" /><INIT seed="2,2,0,0,5,69" ten="280,56,398,266" oya="2" hai0="65,84,133,35,132,97,6,52,104,123,59,98,8" hai1="95,120,46,135,131,61,105,121,91,55,99,38,39" hai2="57,68,119,96,94,108,124,32,118,15,130,62,60" hai3="128,30,115,36,129,45,54,41,51,19,25,127,72"/><V14/><F32/><W90/><G72/><T109/><D35/><U7/><E105/><V1/><F1/><W107/><G107/><T74/><D74/><U48/><E7/><V70/><F124/><W78/><G78/><T125/><D123/><U56/><E131/><V40/><F130/><N who="3" m="50283" /><G127/><T42/><D125/><U89/><E135/><N who="0" m="51785" /><D109/><U53/><REACH who="1" step="1"/><E89/><REACH who="1" ten="280,46,398,266" step="2"/><V112/><F108/><W18/><G90/><T5/><D104/><U88/><E88/><V73/><F119/><W37/><G115/><T71/><D5/><U21/><E21/><V16/><F112/><W10/><G10/><T2/><D6/><U83/><E83/><V24/><F118/><W113/><G113/><T3/><D8/><U67/><E67/><V75/><F70/><W33/><G41/><T26/><D42/><U64/><E64/><V9/><F40/><W29/><G29/><T102/><D65/><U44/><E44/><V34/><F68/><W28/><G28/><T111/><D71/><U81/><E81/><V80/><F80/><W101/><G101/><T11/><D11/><U87/><E87/><V93/><F9/><W12/><G19/><T43/><D43/><U66/><E66/><V82/><F82/><W47/><G45/><T85/><D111/><U63/><E63/><V116/><F16/><W110/><G110/><T92/><D85/><U134/><E134/><V49/><F62/><W114/><G114/><T86/><D84/><U126/><E126/><V13/><F60/><W77/><G77/><T27/><D86/><U50/><E50/><V58/><F49/><W106/><G106/><RYUUKYOKU ba="2,1" sc="280,-15,46,15,398,-15,266,15" hai1="38,39,46,48,53,55,56,61,91,95,99,120,121" hai3="12,18,25,30,33,36,37,47,51,54" /><INIT seed="3,3,1,1,2,13" ten="265,61,383,281" oya="3" hai0="63,24,83,134,81,128,85,87,53,70,23,64,46" hai1="132,77,94,133,19,60,73,124,56,27,120,32,22" hai2="11,3,121,31,48,80,51,55,107,78,116,18,127" hai3="12,42,52,6,91,62,118,98,15,67,40,79,58"/><W68/><G118/><T129/><D134/><U21/><E77/><V7/><F116/><W61/><G79/><T39/><D85/><U41/><E73/><V0/><F107/><W84/><G98/><T102/><D102/><U82/><E41/><V135/><F127/><W4/><G15/><T72/><D72/><U92/><E82/><V106/><F106/><W130/><G130/><N who="0" m="50283" /><D87/><U54/><E32/><V8/><F51/><W113/><G113/><T88/><D88/><U26/><E120/><V45/><F31/><W75/><G75/><T103/><D103/><U37/><E37/><V112/><F112/><W35/><G35/><T97/><D97/><U111/><E111/><V1/><F135/><W101/><G101/><T90/><D90/><U109/><E109/><V16/><F121/><W110/><G110/><T89/><D89/><U33/><E33/><V96/><F96/><W71/><G71/><T115/><D115/><U65/><E124/><V95/><F95/><W57/><G68/><T105/><D105/><U43/><E43/><N who="3" m="16426" /><G12/><T117/><D39/><U25/><E133/><V10/><REACH who="2" step="1"/><F7/><REACH who="2" ten="265,61,373,281" step="2"/><W125/><G125/><T104/><D104/><U99/><E132/><V14/><F14/><W20/><G20/><T114/><D114/><U28/><E92/><AGARI ba="3,2" hai="4,6,52,57,58,61,62,67,84,91,92" m="16426" machi="92" ten="30,2900,0" yaku="8,1,54,1" doraHai="13" who="3" fromWho="1" sc="265,0,61,-38,373,0,281,58" /><INIT seed="3,4,0,1,0,87" ten="265,23,373,339" oya="3" hai0="9,122,95,36,28,63,33,68,58,15,78,130,73" hai1="70,22,65,4,53,123,88,93,29,48,31,83,32" hai2="52,51,39,84,115,120,94,26,47,37,41,77,114" hai3="132,74,16,67,103,97,98,27,113,128,80,12,0"/><W86/><G113/><T8/><D122/><U81/><E32/><V14/><F120/><W90/><G128/><T106/><D106/><U100/><E123/><V75/><F37/><W112/><G112/><T57/><D130/><U7/><E70/><V111/><F111/><W3/><G132/><T66/><D36/><U55/><E65/><V40/><F40/><W127/><G127/><T134/><D134/><U125/><E125/><V102/><F26/><W72/><G67/><T69/><D8/><U17/><E100/><V30/><F30/><W104/><G98/><T105/><D105/><U92/><E22/><V76/><F14/><W44/><G27/><T117/><D117/><U6/><E48/><V43/><F75/><W11/><REACH who="3" step="1"/><G44/><REACH who="3" ten="265,23,373,329" step="2"/><T107/><D107/><U135/><E135/><V10/><F115/><W18/><G18/><T56/><D69/><U5/><E5/><V59/><F114/><W109/><G109/><T91/><D33/><U126/><E126/><V121/><F121/><W45/><G45/><T46/><D46/><U2/><E4/><V60/><F39/><W42/><G42/><T19/><D28/><U124/><E124/><V62/><F41/><W64/><G64/><T118/><D118/><U25/><E25/><V129/><F129/><W108/><G108/><T20/><D68/><U119/><E119/><V49/><F43/><W133/><G133/><T116/><D116/><U71/><E71/><V101/><F47/><W13/><G13/><T21/><D66/><U50/><E2/><AGARI ba="4,1" hai="0,2,3,11,12,16,72,74,80,86,90,97,103,104" machi="2" ten="40,12000,1" yaku="1,1,52,1,54,1,53,1" doraHai="87" doraHaiUra="85" who="3" fromWho="1" sc="265,0,23,-132,373,0,329,142" owari="265,-13.5,-109,-60.9,373,17.3,471,57.1" /></mjloggm>