<mjloggm ver="2.3"><GO type="225" lobby="0"/><UN n0="%72%69%6F%75%63%68%61%6E" n1="%6D%75%75%6D%75%72%61" n2="%E7%89%B9%E6%9D%B1%E3%81%AF%E4%B8%96%E7%95%8C%E3%82%92%E6%95%91%E3%81%86" n3="%E6%80%AA%E3%81%97%E3%81%99%E3%81%8E%E3%82%8B%E3%83%81%E3%83%BC" dan="17,16,16,16" rate="2295.58,2126.56,2158.91,2142.53" sx="M,F,M,M"/><TAIKYOKU oya="0"/><INIT seed="0,0,0,5,4,127" ten="250,250,250,250" oya="0" hai0="14,97,60,111,16,74,90,3,15,42,43,30,64" hai1="70,26,4,27,76,12,80,113,28,129,118,51,114" hai2="120,38,78,109,17,110,7,132,53,95,2,135,112" hai3="104,81,44,45,66,84,25,108,8,96,49,82,56"/><T83/><D3/><U68/><E118/><V22/><F38/><W77/><G108/><N who="2" m="41577" /><F78/><W33/><G8/><T73/><D111/><U63/><E51/><V67/><F67/><W121/><G121/><T119/><D119/><U31/><E4/><V93/><F53/><W19/><G33/><T125/><D125/><U102/><E12/><N who="2" m="9511" /><F93/><W89/><G104/><T46/><D30/><N who="1" m="11307" /><E102/><V9/><F95/><N who="3" m="56431" /><G82/><T117/><D117/><U92/><E92/><V62/><F62/><N who="3" m="38215" /><G49/><T134/><D134/><N who="2" m="51242" /><F112/><N who="1" m="43113" /><E63/><V1/><F120/><W10/><G25/><N who="1" m="9226" /><E129/><V29/><F29/><W21/><G45/><T99/><D46/><U32/><E32/><V85/><F85/><AGARI ba="0,0" hai="68,70,76,80,85" m="9226,43113,11307" machi="85" ten="30,1000,0" yaku="11,1" doraHai="127" who="1" fromWho="2" sc="250,0,250,10,250,-10,250,0" /><INIT seed="1,0,0,1,2,117" ten="250,260,240,250" oya="1" hai0="102,23,36,11,124,6,87,19,133,34,80,39,92" hai1="79,113,126,54,46,108,48,101,29,38,123,8,44" hai2="119,62,3,112,71,98,40,2,20,63,88,22,65" hai3="59,60,89,58,120,130,12,64,0,84,103,4,134"/><U51/><E113/><V76/><F119/><W78/><G120/><T118/><D124/><U73/><E126/><V10/><F112/><W90/><G0/><T72/><D133/><U128/><E128/><V83/><F40/><W105/><G105/><T17/><D118/><U96/><E38/><V86/><F63/><W49/><G130/><T50/><D34/><U13/><E108/><V7/><REACH who="2" step="1"/><F3/><REACH who="2" ten="250,260,230,250" step="2"/><W82/><G134/><T27/><D39/><U93/><E123/><V47/><F47/><W24/><G60/><T42/><D36/><U104/><E48/><V41/><F41/><W32/><G49/><T97/><D42/><U94/><E46/><V30/><F30/><W15/><G64/><T37/><D37/><U115/><E29/><V109/><F109/><W77/><G58/><T125/><D50/><U67/><E67/><V5/><F5/><W122/><G59/><T68/><D125/><U132/><E115/><V1/><F1/><W70/><G4/><T111/><D111/><U16/><REACH who="1" step="1"/><E132/><REACH who="1" ten="250,250,230,250" step="2"/><V26/><F26/><W45/><G24/><T75/><D27/><U85/><E85/><V57/><F57/><W131/><G84/><T9/><D87/><U129/><E129/><V56/><F56/><W95/><G131/><T135/><D135/><U100/><E100/><V61/><F61/><W69/><G103/><T14/><D102/><U114/><E114/><V107/><F107/><W43/><G45/><T18/><D75/><U66/><E66/><V55/><F55/><W35/><G122/><T25/><D72/><U28/><E28/><V106/><F106/><RYUUKYOKU ba="0,2" sc="250,-15,250,15,230,15,250,-15" hai1="8,13,16,44,51,54,73,79,93,94,96,101,104" hai2="2,7,10,20,22,62,65,71,76,83,86,88,98" /><INIT seed="1,1,2,2,0,27" ten="235,265,245,235" oya="1" hai0="9,1,93,17,24,31,105,4,37,26,117,15,97" hai1="129,68,36,3,115,2,19,25,82,6,119,14,67" hai2="108,21,85,103,133,53,98,112,92,35,102,116,66" hai3="7,32,61,135,126,55,96,81,60,58,118,38,52"/><U113/><E36/><V20/><F116/><W107/><G38/><T100/><D117/><U99/><E67/><V90/><F35/><W124/><G118/><T30/><D37/><U120/><E68/><V57/><F108/><W89/><G135/><T74/><D74/><U5/><E119/><V88/><F133/><W22/><G32/><T11/><REACH who="0" step="1"/><D105/><REACH who="0" ten="225,265,245,235" step="2"/><U86/><E115/><V78/><F112/><W111/><G107/><T33/><D33/><U42/><E113/><V132/><F132/><W110/><G111/><T71/><D71/><U131/><E129/><V16/><F78/><W128/><G110/><T39/><D39/><U125/><E131/><V47/><F66/><W70/><G128/><T63/><D63/><U23/><E120/><V34/><F34/><W72/><G60/><T79/><D79/><U95/><E125/><V62/><F47/><W48/><G70/><T49/><D49/><U104/><E104/><V69/><F69/><W43/><G72/><T122/><D122/><U12/><E2/><V41/><F41/><W59/><G43/><T80/><D80/><U18/><E3/><V84/><F21/><W76/><G22/><T13/><D13/><U64/><E14/><N who="2" m="9239" /><F84/><N who="3" m="48167" /><G124/><T51/><D51/><U40/><E40/><V54/><F53/><W114/><G126/><T44/><D44/><U73/><E42/><V121/><F121/><W94/><G114/><T106/><D106/><U10/><E73/><V130/><F130/><W123/><G123/><T45/><D45/><U87/><E64/><V75/><F75/><W134/><G134/><T127/><D127/><RYUUKYOKU ba="1,3" sc="225,10,265,-30,245,10,235,10" hai0="1,4,9,11,15,17,24,26,30,31,93,97,100" hai2="54,57,62,85,88,90,92,98,102,103" hai3="7,48,52,55,58,59,61,89,94,96" /><INIT seed="2,2,3,1,0,126" ten="235,235,255,245" oya="2" hai0="120,10,29,64,66,55,90,75,93,33,71,14,132" hai1="83,98,103,60,7,102,56,79,96,9,84,110,85" hai2="32,78,42,99,108,3,109,49,41,53,22,80,16" hai3="118,124,30,23,119,46,125,47,127,77,74,104,34"/><V76/><F32/><W59/><G104/><T128/><D132/><U69/><E69/><V82/><F3/><W40/><G34/><T133/><D133/><U18/><E110/><N who="2" m="42603" /><F99/><W45/><G40/><N who="2" m="15465" /><F82/><N who="3" m="45367" /><G59/><T117/><D128/><U73/><E73/><V63/><F63/><W107/><G107/><T87/><D120/><U27/><E85/><V1/><F80/><W15/><G15/><T134/><D134/><U97/><E27/><AGARI ba="2,3" hai="23,27,30,45,46,47,118,119,124,125,127" m="45367" machi="27" ten="40,1300,0" yaku="18,1" doraHai="126" who="3" fromWho="1" sc="235,0,235,-19,255,0,245,49" /><INIT seed="3,0,0,0,0,13" ten="235,216,255,294" oya="3" hai0="44,74,107,4,119,47,27,42,22,10,98,50,11" hai1="7,125,67,130,54,9,29,75,16,46,106,111,17" hai2="134,39,1,76,90,55,6,80,15,129,49,115,102" hai3="83,117,25,41,45,99,92,53,62,122,105,31,5"/><W12/><G117/><T65/><D119/><U70/><E106/><V40/><F115/><W66/><G122/><T84/><D74/><U68/><E75/><V57/><F102/><W64/><G83/><T52/><D65/><U36/><E29/><V113/><F113/><W109/><G105/><T20/><D84/><U2/><E111/><V93/><F1/><W101/><G109/><T71/><D71/><U94/><E125/><V116/><F116/><W73/><G73/><T91/><D4/><U86/><E130/><V78/><F80/><W104/><G104/><T34/><D34/><U43/><E54/><V120/><F134/><W121/><G121/><T100/><D91/><U26/><E26/><V58/><F129/><W19/><G5/><T87/><D22/><U8/><E8/><N who="2" m="4503" /><F39/><W81/><G81/><T28/><REACH who="0" step="1"/><D87/><REACH who="0" ten="225,216,255,294" step="2"/><U79/><E70/><V131/><F131/><W48/><G64/><T132/><D132/><U18/><E68/><V127/><F120/><W97/><G66/><T135/><D135/><U24/><E67/><V30/><F90/><W38/><G97/><T118/><D118/><U103/><E79/><V126/><F78/><W14/><G99/><T124/><D124/><U128/><E128/><V95/><F76/><W82/><G101/><T56/><D56/><U21/><REACH who="1" step="1"/><E86/><REACH who="1" ten="225,206,255,294" step="2"/><V89/><F126/><W123/><G123/><T51/><AGARI ba="0,2" hai="10,11,20,27,28,42,44,47,50,51,52,98,100,107" machi="51" ten="20,5200,0" yaku="1,1,0,1,7,1,54,1,53,0" doraHai="13" doraHaiUra="69" who="0" fromWho="0" sc="225,72,206,-13,255,-13,294,-26" /><INIT seed="4,0,0,5,3,103" ten="297,193,242,268" oya="0" hai0="41,91,56,93,23,111,101,78,13,1,67,58,90" hai1="129,130,102,116,17,4,39,51,74,99,75,115,20" hai2="25,50,27,126,28,11,55,96,83,118,44,80,135" hai3="98,53,38,128,105,70,84,112,24,19,30,133,63"/><T12/><D1/><U124/><E116/><V72/><F118/><W47/><G112/><T60/><D111/><U48/><E39/><V7/><F135/><W73/><G133/><T69/><D78/><U92/><E4/><V57/><F126/><W45/><G128/><N who="1" m="49258" /><E124/><V52/><F96/><W87/><G19/><N who="0" m="10727" /><D69/><U35/><E35/><V6/><F72/><N who="1" m="27689" /><E115/><V49/><F27/><AGARI ba="0,0" hai="17,20,27,48,51,92,99,102" m="27689,49258" machi="27" ten="30,1000,0" yaku="19,1" doraHai="103" who="1" fromWho="2" sc="297,0,193,10,242,-10,268,0" /><INIT seed="5,0,0,1,2,86" ten="297,203,232,268" oya="1" hai0="71,106,135,131,28,44,15,118,48,126,25,83,84" hai1="109,57,61,120,100,87,78,116,5,9,27,67,121" hai2="2,63,32,101,103,36,91,107,55,90,11,102,64" hai3="128,1,60,53,104,95,20,40,33,47,66,74,3"/><U42/><E116/><V132/><F32/><W35/><G104/><T51/><D118/><U92/><E109/><V108/><F108/><W111/><G74/><T124/><D131/><U50/><E27/><V68/><F107/><W85/><G128/><T114/><D135/><U18/><E18/><V6/><F132/><W133/><G53/><T79/><D114/><U49/><E100/><V26/><F36/><W10/><G3/><T70/><D106/><U7/><E7/><V59/><REACH who="2" step="1"/><F26/><REACH who="2" ten="297,203,222,268" step="2"/><W41/><G33/><N who="0" m="20623" /><D15/><U21/><E121/><V110/><F110/><W4/><G35/><T93/><D51/><AGARI ba="0,1" hai="2,6,11,51,55,59,63,64,68,90,91,101,102,103" machi="51" ten="40,5200,0" yaku="1,1,52,2,53,0" doraHai="86" doraHaiUra="80" who="2" fromWho="0" sc="297,-52,203,0,222,62,268,0" /><INIT seed="6,0,0,2,0,84" ten="245,203,284,268" oya="2" hai0="38,128,72,46,104,69,87,103,93,81,74,96,130" hai1="135,67,62,60,92,133,33,55,73,50,29,20,99" hai2="56,25,35,68,125,65,95,100,115,49,39,16,63" hai3="36,64,88,28,23,134,45,14,124,97,122,118,105"/><V52/><F125/><W108/><G108/><T90/><D69/><U107/><E73/><N who="0" m="28265" /><D46/><U76/><E76/><V112/><F39/><W129/><G118/><T120/><D38/><U114/><E107/><V7/><F7/><W86/><G122/><T78/><D120/><U44/><E33/><V110/><F110/><W30/><G124/><T12/><D12/><U98/><E114/><N who="2" m="43563" /><F16/><N who="3" m="10647" /><G129/><N who="0" m="49771" /><D78/><U8/><E8/><V85/><F85/><W4/><G36/><T71/><D71/><U54/><E54/><V102/><F95/><AGARI ba="0,0" hai="81,87,90,93,95,96,103,104" m="49771,28265" machi="95" ten="30,7700,0" yaku="19,1,34,2,52,1" doraHai="84" who="0" fromWho="2" sc="245,77,203,0,284,-77,268,0" owari="322,42.2,203,-29.7,207,-19.3,268,6.8" /></mjloggm>