<mjloggm ver="2.3"><GO type="225" lobby="0"/><UN n0="%E7%99%BD%E6%97%A5%E9%9B%AA%E8%8F%9C" n1="%E4%BF%BA%E3%81%A8%E5%A6%96%E5%A4%A2" n2="%6D%75%75%73%61%6E%6D%75" n3="%72%69%6F%75%63%68%61%6E" dan="17,17,16,16" rate="2207.63,2183.63,2112.97,2157.89" sx="M,F,F,M"/><TAIKYOKU oya="0"/><INIT seed="0,0,0,5,5,4" ten="250,250,250,250" oya="0" hai0="54,76,45,106,47,34,13,128,67,33,127,108,12" hai1="104,119,62,29,77,41,111,11,73,92,99,6,24" hai2="84,36,122,18,109,49,51,9,57,60,53,23,14" hai3="19,5,135,63,93,43,65,37,3,126,118,16,110"/><T95/><D106/><U114/><E119/><V130/><F122/><W66/><G118/><T20/><D67/><U105/><E111/><V83/><F36/><W35/><G110/><T87/><D108/><U30/><E114/><V40/><F130/><W27/><G126/><T103/><D128/><U17/><E41/><V8/><F109/><W48/><G37/><T134/><D127/><U91/><E62/><V44/><F60/><W38/><G38/><T80/><D134/><U117/><E117/><V90/><AGARI ba="0,0" hai="8,9,14,18,23,40,44,49,51,53,57,83,84,90" machi="90" ten="20,8000,1" yaku="0,1,7,1,8,1,52,2" doraHai="4" who="2" fromWho="2" sc="250,-40,250,-20,250,80,250,-20" /><INIT seed="1,0,0,2,5,119" ten="210,230,330,230" oya="1" hai0="89,29,130,25,110,60,1,48,121,63,95,34,100" hai1="82,11,41,55,16,106,99,87,19,122,33,42,64" hai2="4,112,52,39,70,131,93,43,80,58,28,51,103" hai3="6,49,72,5,9,118,125,2,0,23,7,90,46"/><U56/><E33/><V84/><F70/><W65/><G118/><T8/><D110/><U31/><E31/><V66/><F131/><W101/><G125/><T116/><D116/><U76/><E64/><V117/><F117/><W102/><G72/><T124/><D124/><U18/><E122/><V13/><F112/><W61/><G90/><T133/><D133/><U113/><E113/><V75/><F75/><W35/><G35/><T135/><D135/><U91/><E11/><N who="2" m="4327" /><F39/><W59/><G23/><T128/><D100/><U53/><E106/><V45/><F66/><W67/><G65/><T132/><D132/><U20/><E20/><V104/><F104/><W85/><G85/><T115/><D115/><U96/><E55/><V86/><F28/><W54/><REACH who="3" step="1"/><G6/><REACH who="3" ten="210,230,330,220" step="2"/><N who="0" m="1103" /><D130/><U109/><E109/><V12/><F86/><W17/><G17/><T73/><D128/><U36/><E36/><V123/><F80/><W81/><G81/><T127/><D73/><U47/><E91/><V27/><F84/><W107/><G107/><T14/><D127/><U129/><E129/><V77/><F77/><W62/><G62/><T37/><D63/><U83/><E83/><V92/><F92/><W111/><G111/><T26/><D60/><U44/><E96/><V114/><F93/><W21/><G21/><T22/><D89/><U88/><E99/><V40/><F114/><W38/><G38/><T15/><D37/><U24/><E76/><V50/><F103/><W3/><G3/><T134/><D134/><U68/><E82/><V57/><F51/><W108/><G108/><T30/><D48/><RYUUKYOKU ba="0,1" sc="210,-10,230,-10,330,-10,220,30" hai3="0,2,5,7,9,46,49,54,59,61,67,101,102" /><INIT seed="2,1,1,3,2,91" ten="200,220,320,250" oya="2" hai0="40,6,76,96,53,87,69,8,15,21,62,108,30" hai1="128,12,125,49,22,99,132,64,13,90,135,55,88" hai2="117,68,51,103,113,106,109,18,32,93,86,38,23" hai3="102,47,89,79,134,74,46,39,92,50,52,75,80"/><V66/><F38/><W73/><G134/><N who="1" m="51242" /><E128/><V48/><F32/><W25/><G102/><T127/><D108/><U7/><E125/><V60/><F113/><W24/><G39/><T78/><D127/><U20/><E64/><V94/><F117/><W37/><G37/><T123/><D123/><U3/><E3/><V0/><F0/><W82/><G46/><T72/><D72/><U63/><E63/><V107/><F109/><W83/><REACH who="3" step="1"/><G79/><REACH who="3" ten="200,220,320,240" step="2"/><T58/><D40/><U116/><E116/><V29/><F103/><W28/><G28/><T133/><D133/><U81/><E90/><V57/><F29/><W100/><G100/><T9/><D30/><U59/><E81/><V101/><F101/><W112/><G112/><T84/><D78/><U104/><E104/><V27/><F106/><W130/><G130/><T111/><D76/><U36/><E36/><V56/><F107/><W26/><G26/><T2/><D111/><U121/><E121/><V19/><F27/><W70/><G70/><T115/><D69/><U11/><E12/><V54/><F68/><W105/><G105/><T35/><D115/><U33/><E33/><V16/><F93/><AGARI ba="1,2" hai="7,11,13,20,22,49,55,59,88,93,99" m="51242" machi="93" ten="30,3900,0" yaku="20,1,52,1,54,1" doraHai="91" who="1" fromWho="2" sc="200,0,220,62,320,-42,240,0" /><INIT seed="3,0,0,3,5,34" ten="200,282,278,240" oya="3" hai0="9,43,28,37,31,57,100,127,71,53,36,109,10" hai1="48,65,46,96,12,64,29,124,87,19,6,80,33" hai2="39,76,63,52,125,112,117,113,119,122,27,123,38" hai3="99,86,78,5,72,74,94,81,58,30,95,50,130"/><W68/><G68/><T104/><D71/><U47/><E124/><V23/><F76/><W111/><G30/><T54/><D127/><U4/><E96/><V22/><F125/><W92/><G5/><T120/><D120/><N who="2" m="46122" /><F27/><W134/><G50/><T83/><D109/><U79/><E29/><V97/><F97/><W90/><G58/><T32/><D83/><U131/><E33/><V70/><F52/><W115/><G115/><N who="2" m="44105" /><F23/><W45/><G130/><T67/><D32/><U35/><E131/><V69/><F69/><W7/><G7/><N who="1" m="2602" /><E35/><V85/><F85/><N who="3" m="52303" /><G111/><T17/><D31/><U44/><E48/><V133/><F22/><AGARI ba="0,0" hai="12,19,22,44,46,47,64,65,79,80,87" m="2602" machi="22" ten="30,1000,0" yaku="8,1" doraHai="34" who="1" fromWho="2" sc="200,0,282,10,278,-10,240,0" /><INIT seed="4,0,0,4,5,27" ten="200,292,268,240" oya="0" hai0="30,135,54,0,1,2,87,131,89,6,120,110,22" hai1="58,65,68,53,37,3,88,35,102,133,73,4,90" hai2="60,32,128,101,125,84,42,51,14,11,118,25,115" hai3="63,86,83,78,97,13,98,29,39,44,43,95,74"/><T52/><D120/><U57/><E73/><V107/><F115/><W48/><G29/><T17/><D6/><U70/><E37/><V16/><F128/><W93/><G74/><T134/><D131/><U69/><E35/><V10/><F125/><W111/><G111/><T33/><D110/><U105/><E105/><V100/><F118/><W24/><G24/><T41/><D41/><U20/><E102/><V108/><F108/><W49/><G63/><T5/><D5/><U34/><E34/><V9/><F84/><W81/><G83/><T80/><D33/><U59/><E65/><V72/><F60/><W117/><G117/><T26/><REACH who="0" step="1"/><D17/><REACH who="0" ten="190,292,268,240" step="2"/><U46/><E4/><V82/><F42/><W64/><G64/><T122/><D122/><U12/><E3/><V40/><F40/><W106/><G106/><T112/><D112/><U77/><E68/><V79/><F107/><W23/><G39/><T116/><D116/><U15/><E70/><V129/><F129/><W18/><REACH who="3" step="1"/><G49/><REACH who="3" ten="190,292,268,230" step="2"/><T113/><D113/><U36/><E36/><V114/><F51/><W99/><AGARI ba="0,2" hai="13,18,23,43,44,48,78,81,86,93,95,97,98,99" machi="99" ten="30,7900,0" yaku="1,1,2,1,0,1,8,1,53,0" doraHai="27" doraHaiUra="127" who="3" fromWho="3" sc="190,-39,292,-20,268,-20,230,99" owari="151,-34.9,272,7.2,248,-15.2,329,42.9" /></mjloggm>