<mjloggm ver="2.3"><GO type="225" lobby="0"/><UN n0="%E3%81%82%E3%82%93%E3%81%AA%E3%81%A4" n1="%6D%75%75%73%61%6E%6D%75" n2="%72%69%6F%75%63%68%61%6E" n3="%E5%AD%90%E4%BE%9B%E4%BC%9A%E5%93%A1" dan="17,17,16,17" rate="2170.25,2133.07,2142.19,2122.80" sx="M,M,M,M"/><TAIKYOKU oya="0"/><INIT seed="0,0,0,0,1,28" ten="250,250,250,250" oya="0" hai0="117,15,23,27,103,22,119,109,90,92,72,30,69" hai1="100,84,91,74,114,51,26,21,94,5,79,8,93" hai2="106,11,75,29,7,71,40,0,45,33,99,124,58" hai3="101,129,131,43,135,31,18,62,81,55,96,126,16"/><T60/><D72/><U70/><E70/><V54/><F124/><W59/><G126/><T64/><D103/><U111/><E111/><V20/><F71/><W88/><G31/><T115/><D115/><U66/><E114/><V130/><F130/><N who="3" m="49675" /><G43/><T19/><REACH who="0" step="1"/><D109/><REACH who="0" ten="240,250,250,250" step="2"/><U86/><E100/><V97/><F75/><W110/><G110/><T47/><D47/><U95/><E74/><V35/><F106/><N who="3" m="63783" /><G135/><T118/><D118/><U50/><E91/><V12/><F99/><AGARI ba="0,1" hai="15,19,22,23,27,30,60,64,69,90,92,99,117,119" machi="99" ten="30,2900,0" yaku="1,1,7,1,53,0" doraHai="28" doraHaiUra="107" who="0" fromWho="2" sc="240,39,250,0,250,-29,250,0" /><INIT seed="0,1,0,2,2,72" ten="279,250,221,250" oya="0" hai0="102,96,119,106,81,87,107,60,79,97,83,45,7" hai1="92,9,16,84,34,70,1,121,36,134,38,10,49" hai2="73,28,77,129,94,100,133,57,131,31,14,44,132" hai3="93,118,40,53,114,2,120,69,68,90,111,43,15"/><T18/><D119/><U61/><E121/><V56/><F44/><W55/><G2/><T58/><D7/><U41/><E34/><V115/><F115/><W52/><G118/><T21/><D45/><U80/><E134/><N who="2" m="51819" /><F14/><W39/><G114/><T98/><D83/><U99/><E1/><V29/><F94/><W135/><G135/><T25/><REACH who="0" step="1"/><D106/><REACH who="0" ten="269,250,221,250" step="2"/><U123/><E123/><V4/><F4/><W11/><G120/><T48/><D48/><U47/><E38/><V126/><F126/><W12/><G39/><T78/><D78/><U117/><E36/><V33/><F33/><W8/><G111/><T127/><D127/><U63/><E117/><V108/><F108/><W5/><G43/><T109/><D109/><U19/><E80/><N who="2" m="45103" /><F100/><W82/><G82/><T116/><D116/><U13/><E47/><V32/><F32/><W71/><G40/><T85/><D85/><U128/><E84/><V105/><F105/><W130/><G5/><T65/><AGARI ba="1,1" hai="18,21,25,58,60,65,79,81,87,96,97,98,102,107" machi="65" ten="20,7800,0" yaku="1,1,0,1,7,1,52,1,53,0" doraHai="72" doraHaiUra="104" who="0" fromWho="0" sc="269,91,250,-27,221,-27,250,-27" /><INIT seed="0,2,0,1,3,58" ten="360,223,194,223" oya="0" hai0="34,59,134,67,27,112,94,49,39,37,47,8,98" hai1="90,126,6,69,123,24,132,97,110,107,65,51,50" hai2="105,55,106,113,14,120,82,25,18,46,11,48,22" hai3="103,31,4,19,80,95,61,109,57,12,52,21,96"/><T99/><D112/><U68/><E123/><V23/><F113/><W7/><G109/><T9/><D134/><U36/><E36/><V40/><F120/><W121/><G121/><T66/><D34/><U60/><E110/><V83/><F22/><W115/><G115/><T92/><D27/><U63/><E132/><V75/><F75/><W81/><REACH who="3" step="1"/><G31/><REACH who="3" ten="360,223,194,213" step="2"/><T15/><D39/><U29/><E126/><V79/><F40/><W28/><G28/><T3/><D37/><U128/><E128/><V84/><REACH who="2" step="1"/><F83/><AGARI ba="2,1" hai="4,7,12,19,21,52,57,61,80,81,83,95,96,103" machi="83" ten="40,8000,1" yaku="1,1,8,1,52,1,54,1,53,0" doraHai="58" doraHaiUra="42" who="3" fromWho="2" sc="360,0,223,0,194,-86,213,96" /><INIT seed="1,0,0,5,1,96" ten="360,223,108,309" oya="1" hai0="5,78,63,119,122,126,90,55,88,22,4,14,112" hai1="106,69,121,133,123,30,114,102,105,3,61,134,109" hai2="77,104,27,100,16,89,2,42,131,113,93,19,8" hai3="101,116,34,117,15,56,40,132,135,85,57,10,65"/><U91/><E3/><V11/><F131/><W21/><G34/><T31/><D112/><U95/><E114/><V64/><F113/><W17/><G40/><T28/><D119/><N who="3" m="45641" /><G85/><T84/><D126/><U125/><E30/><N who="0" m="11305" /><D78/><U7/><E7/><V76/><F64/><W110/><G110/><T54/><D90/><U118/><E61/><V1/><F42/><W43/><G43/><T73/><D73/><U37/><E37/><V98/><F1/><W60/><G101/><T13/><D122/><N who="1" m="46603" /><E69/><V71/><F71/><N who="3" m="42407" /><G10/><T26/><D55/><U9/><E9/><N who="2" m="3659" /><F104/><N who="1" m="40041" /><E118/><V18/><F2/><W128/><G128/><T33/><D33/><U49/><E125/><V103/><F27/><W41/><G41/><T74/><D14/><U127/><E127/><V50/><F50/><W35/><G35/><T29/><D13/><U24/><E24/><V23/><F23/><W72/><G72/><T68/><D68/><U70/><E70/><V0/><F0/><W115/><G115/><T120/><D120/><U39/><E39/><V20/><F20/><W124/><G124/><T80/><D74/><U62/><E49/><V87/><F76/><W44/><G15/><T45/><D63/><U79/><E62/><V66/><F66/><W97/><G21/><T130/><D130/><U46/><E79/><V111/><F111/><W107/><G17/><N who="2" m="4353" /><V86/><DORA hai="48" /><F77/><W67/><G67/><T99/><D22/><U12/><E12/><V52/><F52/><W129/><G129/><T32/><D54/><U108/><E108/><V75/><F75/><W59/><G59/><T38/><D38/><RYUUKYOKU ba="0,0" sc="360,-10,223,-10,108,30,309,-10" hai2="86,87,89,93,98,100,103" /><INIT seed="2,1,0,2,1,68" ten="350,213,138,299" oya="2" hai0="34,75,120,109,63,60,79,98,27,66,119,35,5" hai1="103,86,19,28,25,51,106,17,73,57,46,36,81" hai2="70,12,108,31,102,83,71,107,7,131,56,48,111" hai3="15,105,0,117,23,43,101,52,24,92,26,134,13"/><V97/><F131/><W67/><G117/><T77/><D120/><U126/><E73/><V135/><F135/><W100/><G0/><T118/><D109/><N who="2" m="42058" /><F31/><W78/><G105/><T44/><D5/><U82/><E126/><V61/><F48/><W42/><G67/><T3/><D3/><U14/><E28/><V22/><F83/><W99/><G78/><T50/><D98/><U127/><E81/><V95/><F107/><W129/><G101/><T1/><D63/><U33/><E82/><V80/><F80/><W91/><G100/><T20/><D75/><U40/><E106/><V16/><F7/><W64/><G129/><T58/><D77/><U130/><E130/><V96/><F97/><W88/><G134/><T121/><D79/><U21/><E127/><V59/><F59/><W29/><G29/><T125/><D121/><U9/><E33/><V54/><AGARI ba="1,0" hai="12,16,22,54,56,61,70,71,95,96,102" m="42058" machi="54" ten="30,6000,0" yaku="14,1,10,1,54,1" doraHai="68" who="2" fromWho="2" sc="350,-21,213,-21,138,63,299,-21" /><INIT seed="2,2,0,0,4,93" ten="329,192,201,278" oya="2" hai0="84,124,27,34,95,26,31,40,47,74,96,101,109" hai1="87,106,126,102,98,24,73,127,111,103,45,39,75" hai2="62,23,105,41,134,92,14,56,107,97,116,6,49" hai3="32,29,37,65,46,131,18,89,16,3,13,72,80"/><V25/><F116/><W78/><G3/><T119/><D74/><U85/><E24/><V132/><F49/><W12/><G131/><T113/><D113/><U5/><E5/><V129/><F41/><W112/><G112/><T104/><D119/><U43/><E111/><V110/><F129/><W7/><G65/><T115/><D115/><U60/><E60/><V54/><F110/><W81/><G7/><T117/><D117/><U0/><E0/><V58/><F58/><W90/><G29/><T68/><D68/><U55/><E55/><V2/><F2/><W35/><G46/><T66/><D104/><U22/><E22/><V100/><F14/><W21/><G37/><T63/><D84/><N who="1" m="32331" /><E103/><V133/><REACH who="2" step="1"/><F6/><REACH who="2" ten="329,192,191,278" step="2"/><W10/><G12/><T33/><D40/><U20/><E20/><V4/><F4/><W79/><G21/><T71/><D109/><U82/><E82/><V50/><F50/><W114/><G114/><T28/><D47/><U1/><E1/><V44/><F44/><W67/><G81/><T53/><D33/><U91/><E91/><V76/><F76/><W122/><G79/><T130/><D34/><U36/><E36/><V59/><F59/><W88/><G80/><T118/><D118/><U77/><E77/><V94/><F94/><W57/><G78/><T125/><D95/><U8/><E8/><V11/><F11/><W83/><G83/><T70/><D130/><U17/><E17/><AGARI ba="2,1" hai="17,23,25,54,56,62,92,97,100,105,107,132,133,134" machi="17" ten="40,7700,0" yaku="1,1,20,1,52,1,53,0" doraHai="93" doraHaiUra="135" who="2" fromWho="1" sc="329,0,192,-83,191,93,278,0" /><INIT seed="2,3,0,1,1,45" ten="329,109,284,278" oya="2" hai0="131,52,20,107,80,13,108,56,85,42,79,47,101" hai1="50,126,23,111,16,2,38,68,97,103,28,94,10" hai2="43,84,95,12,32,109,69,53,48,37,117,31,55" hai3="8,44,120,49,54,1,127,14,74,86,113,19,77"/><V21/><F117/><W102/><G120/><T70/><D70/><U119/><E38/><V7/><F69/><W29/><G74/><T24/><D108/><U82/><E119/><V106/><F106/><W114/><G127/><T15/><D131/><U92/><E126/><V89/><F109/><W61/><G29/><T112/><D112/><N who="3" m="43113" /><G102/><T39/><D101/><U88/><E111/><V134/><F134/><W105/><G105/><T33/><D33/><U3/><E68/><V76/><F37/><W99/><G99/><T93/><D93/><N who="1" m="58799" /><E3/><V63/><F76/><W130/><G130/><T118/><D107/><U0/><E0/><V66/><F32/><W71/><G1/><T35/><D35/><U100/><E2/><V57/><F31/><W75/><G75/><T17/><D118/><U128/><E128/><V133/><F133/><W123/><G123/><T65/><D65/><U22/><E100/><V11/><F21/><N who="1" m="7689" /><E28/><V62/><F62/><AGARI ba="3,0" hai="13,15,17,20,24,39,42,47,52,56,62,79,80,85" machi="62" ten="30,2000,0" yaku="7,1,54,1" doraHai="45" who="0" fromWho="2" sc="329,29,109,0,284,-29,278,0" /><INIT seed="3,0,0,3,1,120" ten="358,109,255,278" oya="3" hai0="76,17,116,23,58,99,50,21,113,8,12,63,85" hai1="64,5,103,90,133,75,112,93,89,54,55,67,57" hai2="78,16,30,32,111,80,94,20,9,74,6,40,119" hai3="62,3,1,7,132,110,60,69,104,118,24,68,97"/><W2/><G118/><T102/><D116/><U52/><E112/><V105/><F105/><W125/><G7/><T72/><D72/><U28/><E75/><V101/><F119/><W96/><G104/><T66/><D113/><U48/><E133/><V25/><F40/><W88/><G132/><T84/><D50/><U35/><E5/><V106/><F106/><W65/><G125/><T100/><D76/><U27/><E48/><V126/><F126/><W127/><G127/><T15/><D21/><U56/><E35/><V43/><F43/><W53/><G110/><T95/><D100/><U42/><E42/><V98/><F111/><W44/><G24/><T117/><D117/><U45/><E45/><V31/><REACH who="2" step="1"/><F32/><REACH who="2" ten="358,109,245,278" step="2"/><W34/><G34/><T91/><D102/><U114/><E114/><V71/><F71/><W121/><G121/><T108/><D108/><U22/><E103/><V73/><F73/><W11/><G11/><T0/><D0/><AGARI ba="0,1" hai="0,6,9,16,20,25,30,31,74,78,80,94,98,101" machi="0" ten="30,7700,0" yaku="1,1,7,1,54,1,53,1" doraHai="120" doraHaiUra="79" who="2" fromWho="0" sc="358,-77,109,0,245,87,278,0" owari="281,8.1,109,-39.1,332,43.2,278,-12.2" /></mjloggm>