<mjloggm ver="2.3"><GO type="225" lobby="0"/><UN n0="%E6%A1%9C%E8%8A%B1%E9%96%83%E3%80%85" n1="%E5%80%89%E6%A9%8B%EF%BC%A0%E4%BA%8B%E5%8B%99" n2="%63%62%69%73%6B%65%74" n3="%E3%81%99%E3%81%84%E3%81%BE%E3%81%9B%E3%83%BC%E3%82%93" dan="16,16,16,16" rate="2122.72,2096.76,2033.16,2153.10" sx="M,M,M,M"/><TAIKYOKU oya="0"/><INIT seed="0,0,0,1,5,112" ten="250,250,250,250" oya="0" hai0="101,32,43,13,129,31,97,4,96,74,135,94,124" hai1="40,21,125,84,12,122,108,26,80,89,106,60,85" hai2="131,2,3,36,119,50,73,88,15,61,18,55,5" hai3="69,76,22,78,114,47,41,27,37,53,120,17,25"/><T39/><D124/><U38/><E122/><V51/><F36/><W126/><G114/><T62/><D74/><U29/><E106/><V67/><F73/><W93/><G126/><T20/><D135/><U118/><E125/><V57/><F131/><W91/><G120/><T130/><D32/><U46/><E108/><V34/><F34/><W70/><G53/><T95/><D62/><U23/><E85/><V87/><F119/><W98/><REACH who="3" step="1"/><G27/><REACH who="3" ten="250,250,250,240" step="2"/><N who="0" m="16871" /><D43/><U65/><E118/><V11/><F55/><W54/><G54/><T132/><D132/><U71/><REACH who="1" step="1"/><E12/><REACH who="1" ten="250,240,250,240" step="2"/><V115/><F115/><W79/><AGARI ba="0,2" hai="17,22,25,37,41,47,69,70,76,78,79,91,93,98" machi="79" ten="30,2000,0" yaku="1,1,0,1,53,0" doraHai="112" doraHaiUra="49" who="3" fromWho="3" sc="250,-10,240,-5,250,-5,240,40" /><INIT seed="1,0,0,5,2,94" ten="240,235,245,280" oya="1" hai0="31,122,118,75,13,78,50,61,27,42,125,81,134" hai1="74,114,93,35,83,84,40,110,82,21,48,29,63" hai2="30,66,25,17,132,103,45,9,115,76,28,107,95" hai3="86,89,24,5,3,37,41,98,59,10,18,16,105"/><U71/><E114/><V47/><F107/><W129/><G129/><T119/><D125/><U6/><E35/><V96/><F115/><W67/><G41/><T97/><D134/><U135/><E135/><V19/><F132/><W123/><G37/><T0/><D0/><U91/><E6/><V72/><F66/><W100/><G123/><T8/><D61/><U23/><E110/><V111/><F111/><W117/><G117/><T58/><D122/><U39/><E39/><V26/><F76/><W77/><G77/><T51/><D51/><U44/><E74/><V15/><F72/><W14/><G24/><N who="2" m="9321" /><F19/><W52/><G67/><T1/><D1/><U46/><E71/><V33/><F33/><W70/><G70/><T102/><D58/><U126/><E29/><AGARI ba="0,0" hai="9,15,17,28,29,30,45,47,95,96,103" m="9321" machi="29" ten="30,2000,0" yaku="8,1,52,1" doraHai="94" who="2" fromWho="1" sc="240,0,235,-20,245,20,280,0" /><INIT seed="2,0,0,0,4,71" ten="240,215,265,280" oya="2" hai0="57,64,121,67,22,36,32,41,2,99,26,98,134" hai1="48,8,78,93,117,0,105,55,35,111,69,20,65" hai2="31,97,29,68,44,90,53,21,77,80,72,34,102" hai3="106,115,6,3,116,17,118,23,25,100,96,14,18"/><V28/><F34/><W127/><G127/><T43/><D121/><U11/><E35/><V30/><F68/><W19/><G115/><T70/><D70/><U38/><E105/><V15/><F90/><W49/><G49/><T66/><D32/><U24/><E117/><N who="3" m="45162" /><G96/><N who="0" m="36907" /><D36/><U37/><E78/><V75/><F75/><W47/><G47/><T5/><D2/><U87/><E69/><V4/><F4/><W133/><G100/><T81/><D134/><U45/><E65/><V129/><F129/><W103/><G103/><T101/><D101/><U61/><E111/><V10/><F10/><N who="3" m="2399" /><G106/><T12/><D81/><U56/><E0/><V124/><F124/><W131/><G131/><T16/><D57/><U132/><E132/><V9/><F44/><W107/><G107/><T27/><D5/><U52/><E8/><V7/><F53/><W74/><G74/><T114/><D114/><U108/><E11/><V50/><F50/><W46/><G46/><T83/><D83/><U76/><E108/><V13/><N who="2" m="7168" /><DORA hai="88" /><V104/><REACH who="2" step="1"/><F21/><REACH who="2" ten="240,215,255,280" step="2"/><N who="3" m="11447" /><G133/><T54/><D54/><U112/><E112/><V79/><F79/><W94/><G18/><T60/><D60/><U39/><E76/><V123/><F123/><W91/><G19/><T135/><D135/><U109/><E109/><V51/><F51/><W73/><G73/><T122/><D122/><U128/><E128/><V125/><F125/><W40/><G23/><T120/><D120/><U1/><E20/><V84/><F84/><N who="3" m="52583" /><G40/><AGARI ba="0,1" hai="12,16,22,26,27,40,41,43,64,66,67" m="36907" machi="40" ten="30,2000,0" yaku="8,1,54,1" doraHai="71,88" who="0" fromWho="3" sc="240,30,215,0,255,0,280,-20" /><INIT seed="3,0,0,1,0,73" ten="270,215,255,260" oya="3" hai0="98,106,31,107,117,131,91,57,10,85,28,2,71" hai1="109,95,19,70,135,68,119,26,21,72,20,9,50" hai2="96,55,7,24,54,18,36,30,79,17,15,22,116" hai3="44,112,103,97,111,82,118,124,32,33,120,92,61"/><W90/><G118/><T102/><D117/><U129/><E119/><V133/><F36/><W5/><G120/><T52/><D71/><U69/><E109/><V65/><F116/><W11/><G112/><T88/><D107/><U39/><E39/><V34/><F133/><W76/><G124/><T127/><D127/><U122/><E122/><V40/><F40/><W113/><G113/><T35/><D131/><U81/><E135/><V100/><F65/><W115/><G115/><T45/><D45/><U77/><E129/><V87/><F7/><W128/><G128/><T41/><D41/><U51/><E9/><V23/><F87/><W104/><G44/><T66/><D66/><U53/><E53/><V46/><F46/><W8/><G8/><T29/><D35/><U130/><E130/><V83/><F83/><W134/><G134/><T132/><D132/><U105/><E105/><V63/><F63/><W4/><G61/><T89/><D10/><U64/><E64/><V59/><F59/><W62/><G62/><T47/><D47/><U43/><E43/><V123/><F79/><W42/><G42/><T78/><D78/><U37/><E37/><V84/><F84/><N who="3" m="52295" /><G4/><T86/><REACH who="0" step="1"/><D2/><REACH who="0" ten="260,215,255,260" step="2"/><U13/><REACH who="1" step="1"/><E95/><REACH who="1" ten="260,205,255,260" step="2"/><V6/><F123/><W74/><G111/><T114/><D114/><U126/><E126/><V16/><F55/><W110/><G110/><T0/><D0/><AGARI ba="0,2" hai="0,5,11,32,33,74,76,82,97,103,104" m="52295" machi="0" ten="30,2900,0" yaku="24,1,52,1" doraHai="73" who="3" fromWho="0" sc="260,-29,205,0,255,0,260,49" owari="231,-16.9,205,-29.5,255,5.5,309,40.9" /></mjloggm>