<mjloggm ver="2.3"><GO type="225" lobby="0"/><UN n0="%72%69%6F%75%63%68%61%6E" n1="%E3%81%A1%E3%82%85%E3%81%86%E3%81%A9%E3%81%8F%E8%B1%A1%E3%81%95%E3%82%93" n2="%E4%B8%89%E5%86%A0%E7%8E%8B%E3%83%BB%E5%B1%B1%E7%94%B0%E5%93%B2%E4%BA%BA" n3="%E3%81%B8%E3%82%80%E3%81%B8%E3%82%80%EF%BC%92%E5%8F%B7" dan="17,16,16,17" rate="2270.23,2127.42,2184.23,2195.65" sx="M,M,M,M"/><TAIKYOKU oya="0"/><INIT seed="0,0,0,1,5,111" ten="250,250,250,250" oya="0" hai0="56,48,116,112,29,9,90,82,104,120,14,6,63" hai1="127,69,40,118,133,18,74,42,98,10,130,94,58" hai2="121,43,25,31,19,87,88,39,12,73,65,129,34" hai3="114,45,61,115,128,80,96,99,33,7,134,124,135"/><T55/><D112/><U84/><E69/><V38/><F121/><W126/><G33/><T81/><D116/><U24/><E118/><V49/><F73/><W23/><G7/><T72/><D120/><U66/><E74/><V95/><F129/><W52/><G80/><T119/><D119/><U0/><E130/><V60/><F43/><W2/><G2/><T117/><D117/><U44/><E127/><N who="3" m="48682" /><G23/><T28/><D104/><U113/><E84/><V51/><F39/><W77/><G77/><T102/><D102/><U4/><E133/><N who="3" m="50698" /><G128/><T71/><D71/><U76/><E76/><V91/><F38/><W125/><N who="3" m="48690" /><W70/><DORA hai="54" /><G70/><T5/><D5/><U122/><E122/><V68/><REACH who="2" step="1"/><F91/><REACH who="2" ten="250,250,240,250" step="2"/><W79/><G79/><T1/><D72/><U92/><E40/><V47/><F47/><W22/><G22/><AGARI ba="0,1" hai="12,19,22,25,31,34,49,51,60,65,68,87,88,95" machi="22" ten="30,7700,0" yaku="1,1,7,1,54,1,53,1" doraHai="111,54" doraHaiUra="97,59" who="2" fromWho="3" sc="250,0,250,0,240,87,250,-77" /><INIT seed="1,0,0,4,1,47" ten="250,250,327,173" oya="1" hai0="113,26,88,37,87,72,130,39,21,2,82,95,103" hai1="126,53,77,123,122,96,112,84,33,22,28,135,89" hai2="62,109,79,116,133,97,40,100,69,46,42,14,52" hai3="92,55,45,12,58,10,66,30,51,23,41,98,78"/><U131/><E112/><V15/><F116/><W83/><G66/><T110/><D110/><U19/><E126/><V132/><F79/><W134/><G134/><T5/><D130/><U11/><E135/><N who="2" m="51787" /><F42/><W57/><G23/><T4/><D113/><U34/><E131/><V27/><F27/><W31/><G58/><T105/><D2/><U108/><E11/><V18/><F18/><W76/><G30/><T127/><D127/><U71/><E71/><V101/><F101/><W90/><G31/><T63/><D105/><U115/><E115/><V86/><F86/><W16/><G83/><T119/><D119/><U104/><E77/><V75/><F75/><W117/><REACH who="3" step="1"/><G117/><REACH who="3" ten="250,250,327,163" step="2"/><T68/><D82/><U80/><E28/><V9/><F69/><W49/><AGARI ba="0,1" hai="10,12,16,41,45,49,51,55,57,76,78,90,92,98" machi="49" ten="20,16000,3" yaku="1,1,2,1,0,1,7,1,8,1,52,2,54,1,53,0" doraHai="47" doraHaiUra="29" who="3" fromWho="3" sc="250,-40,250,-80,327,-40,163,170" /><INIT seed="2,0,0,4,5,72" ten="210,170,287,333" oya="2" hai0="87,114,56,102,48,31,83,84,15,125,61,115,76" hai1="92,85,130,70,35,129,89,14,55,33,47,4,10" hai2="119,86,111,127,12,98,0,2,79,18,100,36,106" hai3="27,132,73,82,50,121,112,71,28,54,118,109,126"/><V59/><F36/><W101/><G112/><T51/><D125/><U6/><E70/><V58/><F119/><W135/><G118/><T122/><D122/><U65/><E65/><V113/><F113/><W39/><G39/><T104/><D31/><U30/><E4/><V69/><F69/><W88/><G121/><T8/><D115/><U97/><E30/><V91/><F127/><W53/><G71/><T123/><D123/><U117/><E117/><V13/><F13/><W24/><G109/><T90/><D114/><U74/><E74/><V78/><F111/><W64/><G64/><T42/><D42/><U131/><REACH who="1" step="1"/><E97/><REACH who="1" ten="210,160,287,333" step="2"/><V9/><F98/><W103/><G28/><T22/><D102/><U45/><E45/><V94/><F100/><W68/><G68/><T32/><D32/><U49/><AGARI ba="0,1" hai="6,10,14,33,35,47,49,55,85,89,92,129,130,131" machi="49" ten="40,5200,0" yaku="1,1,0,1,19,1,53,0" doraHai="72" doraHaiUra="93" who="1" fromWho="1" sc="210,-13,160,62,287,-26,333,-13" /><INIT seed="3,0,0,0,1,12" ten="197,222,261,320" oya="3" hai0="88,127,118,102,77,93,55,38,95,99,135,75,71" hai1="36,126,121,42,89,69,32,47,16,92,108,39,53" hai2="70,22,131,76,83,0,15,111,129,86,54,9,58" hai3="24,119,113,19,57,106,100,30,27,17,116,124,52"/><W40/><G40/><T128/><D118/><U11/><E121/><V18/><F70/><W50/><G113/><T115/><D38/><U66/><E32/><V132/><F111/><W44/><G124/><T80/><D71/><U2/><E53/><V43/><F132/><W10/><G106/><T65/><D65/><U98/><E108/><V117/><F43/><W25/><G100/><T64/><D64/><U35/><E35/><V79/><F117/><W61/><G30/><T33/><D33/><U34/><E34/><V78/><F0/><W103/><G103/><T74/><D55/><U72/><E72/><N who="0" m="27689" /><D135/><U7/><E126/><V109/><F109/><W26/><G26/><T13/><D13/><U91/><E91/><V56/><F56/><W60/><G60/><T110/><D110/><U29/><E29/><V6/><F6/><W49/><G61/><T125/><D115/><U123/><E123/><V5/><F5/><W133/><G133/><T105/><D128/><N who="2" m="49226" /><F22/><W31/><G119/><T107/><D125/><U73/><E73/><V122/><F122/><W101/><G116/><T81/><D127/><U112/><E112/><V96/><F54/><W37/><G52/><T23/><D23/><U20/><E36/><V46/><F58/><W97/><G57/><T28/><D28/><U51/><E39/><V130/><F46/><W48/><G44/><T114/><D114/><U14/><E66/><V67/><F67/><W94/><G37/><T45/><D45/><U85/><E69/><V84/><F130/><W82/><G31/><T104/><D77/><U3/><E3/><RYUUKYOKU ba="0,0" sc="197,15,222,15,261,-15,320,-15" hai0="80,81,88,93,95,99,102,104,105,107" hai1="2,7,11,14,16,20,42,47,51,85,89,92,98" owari="212,-28.8,237,-16.3,246,4.6,305,40.5" /></mjloggm>