<mjloggm ver="2.3"><GO type="225" lobby="0"/><UN n0="%E6%A1%9C%E8%8A%B1%E9%96%83%E3%80%85" n1="%E3%81%A8%E3%82%93%E3%81%A8%E3%81%93%E3%81%A8%E3%82%93" n2="%6B%65%6E%6E%64%69" n3="%E7%AD%89%E3%80%85%E5%8A%9B%E5%8A%87%E5%A0%B4" dan="16,16,16,17" rate="2113.86,2079.57,2173.75,2175.13" sx="M,M,M,M"/><TAIKYOKU oya="0"/><INIT seed="0,0,0,3,0,28" ten="250,250,250,250" oya="0" hai0="77,5,84,94,19,1,110,36,108,17,39,97,69" hai1="21,23,7,58,38,24,131,109,107,121,76,20,125" hai2="55,30,115,15,35,11,116,18,99,12,87,45,92" hai3="2,113,9,120,60,59,44,103,117,127,56,88,8"/><T100/><D69/><U129/><E107/><V68/><F115/><W96/><G117/><T101/><D101/><U74/><E38/><N who="0" m="14377" /><D5/><U85/><E74/><V25/><F68/><W72/><G113/><T34/><D1/><U71/><E71/><V111/><F111/><N who="0" m="42538" /><D34/><U42/><E109/><V66/><F66/><W123/><G127/><T105/><D77/><U114/><E7/><V48/><F116/><W73/><G2/><T14/><D14/><U67/><E114/><V122/><F122/><W126/><G126/><T112/><D112/><U22/><E121/><V133/><F15/><W130/><G103/><T79/><D79/><U61/><E125/><V0/><F0/><W49/><G123/><T52/><D52/><U93/><E76/><V13/><F13/><W98/><G120/><T16/><D84/><U26/><E85/><V29/><F87/><W47/><G72/><T63/><D63/><U32/><E32/><V82/><F35/><W51/><G60/><T132/><D132/><U37/><E61/><V80/><F133/><W104/><G73/><T46/><D46/><U91/><E37/><V53/><F55/><W41/><G47/><T64/><D64/><U3/><E67/><V135/><F135/><W62/><G44/><T90/><D90/><U128/><E3/><V81/><F25/><W65/><G62/><T124/><D124/><U106/><E26/><V78/><F78/><W33/><G65/><T83/><D83/><U119/><E91/><AGARI ba="0,0" hai="11,12,18,29,30,45,48,53,80,81,82,91,92,99" machi="91" ten="40,1300,0" yaku="8,1" doraHai="28" who="2" fromWho="1" sc="250,0,250,-13,250,13,250,0" /><INIT seed="1,0,0,2,1,65" ten="250,237,263,250" oya="1" hai0="92,22,127,126,14,112,101,77,45,117,58,64,68" hai1="28,98,67,18,9,4,99,1,48,46,61,37,13" hai2="94,95,5,27,76,60,21,30,43,106,3,71,40" hai3="51,38,81,114,35,15,32,12,134,83,2,8,90"/><U54/><E37/><V118/><F118/><W16/><G38/><T69/><D112/><U39/><E28/><V128/><F106/><W41/><G2/><T7/><D77/><U55/><E55/><V17/><F128/><W130/><G114/><T53/><D64/><U120/><E120/><V91/><F71/><N who="0" m="27210" /><D45/><U108/><E108/><V85/><F60/><W124/><G124/><N who="0" m="47659" /><D117/><U75/><E75/><V115/><F76/><W125/><G134/><T96/><D22/><U50/><E39/><V42/><F115/><W25/><G130/><T62/><D14/><U34/><E34/><V47/><F47/><W52/><G125/><T19/><D19/><U89/><E18/><V63/><F17/><W70/><G15/><T131/><D131/><U135/><E13/><V132/><F42/><W116/><G41/><T78/><D78/><U49/><E67/><V100/><F43/><W82/><G116/><T66/><D66/><U105/><E46/><V33/><F40/><W44/><G70/><T0/><D0/><U10/><E1/><V123/><F21/><N who="3" m="13479" /><G32/><T26/><D26/><U31/><E31/><V103/><F27/><W20/><G35/><T57/><D58/><U80/><E10/><V109/><F3/><W97/><G20/><T79/><D79/><U73/><E9/><V119/><F33/><W36/><G36/><T74/><D74/><U84/><E73/><V56/><F56/><W122/><G12/><T87/><D87/><U113/><E84/><V104/><F85/><W121/><G8/><T88/><D7/><U23/><E4/><V6/><F5/><RYUUKYOKU ba="0,0" sc="250,15,237,-15,263,-15,250,15" hai0="53,57,62,88,92,96,101" hai3="44,51,52,81,82,83,90,97,121,122" /><INIT seed="2,1,0,0,3,96" ten="265,222,248,265" oya="2" hai0="79,105,0,19,75,115,128,40,21,24,12,113,121" hai1="69,16,116,42,93,43,133,90,102,107,126,94,111" hai2="131,77,117,30,110,132,122,88,54,120,26,104,60" hai3="53,4,17,20,67,50,38,8,29,101,119,127,22"/><V64/><F117/><W31/><G38/><T44/><D121/><U61/><E116/><V52/><F104/><W25/><G119/><T56/><D105/><U73/><E73/><V32/><F77/><W66/><G127/><T92/><D128/><U23/><E107/><V65/><F131/><W37/><G37/><T81/><D0/><U103/><E111/><V5/><F110/><W82/><G82/><T86/><D56/><U83/><E69/><V87/><F132/><W99/><G31/><T39/><D75/><U14/><E61/><V62/><F5/><W45/><G8/><T89/><D24/><U59/><E59/><V36/><F36/><W135/><G4/><T68/><D68/><U28/><E28/><V100/><F100/><N who="1" m="38441" /><E126/><V18/><F122/><W6/><G135/><T13/><D13/><U134/><E133/><V70/><F120/><W72/><G72/><T46/><D46/><U95/><E134/><V106/><F106/><W109/><G6/><T80/><D80/><U41/><E83/><V27/><F62/><W85/><G109/><T3/><D3/><U63/><E63/><V1/><F1/><W11/><G29/><T71/><D71/><U74/><E74/><V114/><F65/><W97/><G66/><T91/><D79/><U98/><AGARI ba="1,0" hai="14,16,23,41,42,43,90,93,94,95,98" m="38441" machi="98" ten="30,8000,1" yaku="8,1,52,3,54,1" doraHai="96" who="1" fromWho="1" sc="265,-21,222,83,248,-41,265,-21" /><INIT seed="3,0,0,2,0,71" ten="244,305,207,244" oya="3" hai0="64,56,44,100,87,92,28,108,7,129,117,78,2" hai1="127,29,55,19,9,11,119,62,41,116,12,42,93" hai2="131,58,81,77,26,13,14,95,0,99,10,32,5" hai3="120,22,43,53,30,73,134,124,16,97,133,23,54"/><W82/><G120/><T103/><D117/><N who="1" m="45131" /><E127/><V91/><F131/><W52/><G124/><T8/><D28/><U104/><E104/><V130/><F130/><W102/><G43/><N who="1" m="16394" /><E29/><V83/><F32/><W25/><G82/><T17/><D56/><N who="1" m="35103" /><E93/><V15/><F26/><W6/><G73/><T46/><D92/><U135/><E9/><V59/><REACH who="2" step="1"/><F83/><REACH who="2" ten="244,305,197,244" step="2"/><W76/><G25/><T1/><D129/><U110/><E110/><V20/><F20/><W80/><G23/><T79/><D108/><U50/><E135/><V66/><F66/><W67/><G67/><T37/><D64/><U40/><E40/><V115/><F115/><W98/><G134/><T85/><D8/><U68/><E68/><V109/><F109/><W3/><G133/><T121/><D121/><U45/><E45/><V106/><F106/><W57/><G22/><T88/><D46/><U86/><E50/><V24/><F24/><W21/><G21/><T39/><D44/><U47/><E47/><V122/><F122/><W4/><G30/><T90/><D17/><U125/><E125/><V70/><F70/><W65/><G16/><T36/><D36/><U123/><E123/><V61/><F61/><W113/><G113/><T107/><D107/><U63/><E63/><V60/><F60/><W18/><G18/><T72/><D7/><U48/><E48/><V114/><F114/><W84/><G65/><T111/><D111/><U89/><E19/><V38/><F38/><W75/><G6/><T128/><D128/><U74/><E11/><V33/><F33/><W51/><G4/><T112/><D112/><RYUUKYOKU ba="0,1" sc="244,15,305,-15,197,15,244,-15" hai0="1,2,37,39,72,78,79,85,87,88,90,100,103" hai2="0,5,10,13,14,15,58,59,77,81,91,95,99" /><INIT seed="4,1,1,3,4,89" ten="259,290,212,229" oya="0" hai0="25,114,77,47,37,128,43,30,60,52,85,6,34" hai1="91,62,66,113,56,39,46,117,42,88,63,64,98" hai2="121,126,69,15,86,108,32,116,135,122,8,19,101" hai3="110,16,78,61,50,17,119,48,134,11,93,123,112"/><T55/><D114/><U99/><E117/><V20/><F69/><W104/><G104/><T111/><D128/><U57/><E113/><V36/><F36/><W22/><G112/><T9/><D111/><U65/><E65/><V97/><F108/><W71/><G110/><T10/><D60/><U131/><E131/><V59/><F32/><W132/><G119/><T0/><REACH who="0" step="1"/><D10/><REACH who="0" ten="249,290,212,229" step="2"/><U58/><E57/><V74/><F116/><W27/><G11/><T73/><D73/><U33/><E33/><V18/><F74/><W28/><G61/><T14/><D14/><U40/><E39/><V31/><F59/><W105/><G71/><T70/><D70/><U133/><E46/><V84/><F135/><AGARI ba="1,2" hai="40,42,56,58,62,63,64,66,88,91,98,99,133,135" machi="135" ten="25,3200,0" yaku="22,2,54,1" doraHai="89" who="1" fromWho="2" sc="249,0,290,55,212,-35,229,0" owari="249,4.9,345,44.5,177,-32.3,229,-17.1" /></mjloggm>