<mjloggm ver="2.3"><GO type="225" lobby="0"/><UN n0="%E3%81%A9%E3%82%8F%E3%82%93%E3%81%94" n1="%E3%81%93%E3%81%91%E6%A4%8D%E7%89%A9" n2="%E6%9D%B1%E9%A2%A8%E3%81%AE%E3%81%8D%E3%82%83%E3%81%B7%E3%81%95%E3%82%93" n3="%61%74%73%75%74%6F%64%6F" dan="16,16,17,16" rate="2091.62,2070.09,2179.49,2085.44" sx="M,M,M,M"/><TAIKYOKU oya="0"/><INIT seed="0,0,0,5,1,123" ten="250,250,250,250" oya="0" hai0="46,89,76,66,72,29,119,63,50,27,109,5,35" hai1="10,83,133,65,115,82,126,97,91,122,62,88,114" hai2="60,67,61,120,41,32,58,77,118,79,110,111,14" hai3="16,23,33,18,9,7,92,100,43,24,131,132,129"/><T30/><D119/><U71/><E122/><V93/><F120/><W40/><G132/><T55/><D5/><U74/><E133/><V117/><F32/><W107/><G107/><T8/><D8/><U130/><E126/><V125/><F125/><W11/><G33/><T116/><D116/><N who="2" m="44650" /><F41/><W64/><G64/><T49/><D29/><U39/><E39/><V28/><F28/><W48/><G18/><T2/><D2/><U102/><E10/><V104/><F104/><W108/><G108/><N who="2" m="41513" /><F14/><W36/><G36/><T34/><D35/><U17/><E130/><N who="3" m="49674" /><G48/><T19/><D50/><U21/><E115/><V12/><F12/><N who="3" m="5183" /><G11/><T4/><D34/><U22/><E22/><V68/><F93/><W20/><G20/><T87/><D109/><U31/><E31/><V44/><F44/><W0/><G0/><T80/><D46/><U1/><E114/><V96/><F96/><AGARI ba="0,0" hai="16,23,24,40,43,92,96,100" m="5183,49674" machi="96" ten="30,2000,0" yaku="19,1,54,1" doraHai="123" who="3" fromWho="2" sc="250,0,250,0,250,-20,250,20" /><INIT seed="1,0,0,0,0,57" ten="250,250,230,270" oya="1" hai0="53,113,110,66,65,107,54,129,90,133,130,58,69" hai1="41,114,135,93,72,32,96,77,79,81,88,59,92" hai2="132,124,40,126,105,17,120,28,102,25,76,16,87" hai3="45,98,8,46,97,100,35,78,70,131,5,108,21"/><U29/><E114/><V11/><F40/><W26/><G35/><T115/><D107/><U63/><E135/><V18/><F105/><W118/><G70/><T2/><D2/><U64/><E41/><V95/><F102/><W123/><G123/><T111/><D90/><U14/><E14/><V116/><F76/><W80/><G108/><N who="0" m="41515" /><D69/><U121/><E121/><V50/><F120/><W43/><G131/><N who="0" m="50187" /><D133/><U104/><E104/><V7/><F132/><W117/><G46/><T73/><D73/><U112/><E112/><N who="0" m="43081" /><D54/><U91/><E79/><V22/><F50/><AGARI ba="0,0" hai="50,53,58,65,66" m="43081,50187,41515" machi="50" ten="40,8000,1" yaku="14,1,19,1,34,2" doraHai="57" who="0" fromWho="2" sc="250,80,250,0,230,-80,270,0" /><INIT seed="2,0,0,1,3,47" ten="330,250,150,270" oya="2" hai0="106,44,10,68,54,61,84,36,102,104,114,91,34" hai1="99,2,39,97,77,7,63,117,80,113,103,72,24" hai2="31,57,16,35,127,105,4,28,90,83,40,88,81" hai3="18,133,109,3,15,69,32,38,26,134,25,100,23"/><V130/><F105/><W128/><G38/><T48/><D114/><U116/><E99/><V92/><F130/><W0/><G69/><T122/><D34/><U19/><E113/><V42/><F127/><W85/><G100/><T53/><D122/><U55/><E39/><V78/><F4/><W11/><G85/><T121/><D121/><U135/><E135/><N who="3" m="51722" /><G128/><T75/><D75/><U22/><E7/><V8/><F35/><W5/><G109/><T30/><D36/><U64/><E2/><N who="3" m="554" /><G32/><T93/><D102/><U98/><E55/><V12/><F57/><W120/><G120/><T112/><D68/><U110/><E98/><N who="2" m="57607" /><F78/><W115/><G115/><T111/><D106/><U132/><E110/><V95/><F81/><W96/><G96/><T46/><D104/><U118/><E132/><V9/><F83/><W29/><G26/><T94/><D111/><U66/><REACH who="1" step="1"/><E63/><REACH who="1" ten="330,240,150,270" step="2"/><V60/><F60/><W89/><G89/><N who="0" m="53415" /><D61/><U43/><E43/><N who="2" m="16427" /><F8/><W107/><G107/><AGARI ba="0,1" hai="19,22,24,64,66,72,77,80,97,103,107,116,117,118" machi="107" ten="40,1300,0" yaku="1,1,53,0" doraHai="47" doraHaiUra="71" who="1" fromWho="3" sc="330,0,240,23,150,0,270,-13" /><INIT seed="3,0,0,1,4,127" ten="330,263,150,257" oya="3" hai0="66,130,37,95,67,49,55,60,27,101,21,111,18" hai1="64,53,94,41,128,36,119,121,123,50,3,78,93" hai2="90,100,12,102,112,126,48,17,92,79,58,56,69" hai3="109,99,120,63,108,52,104,103,135,29,38,106,129"/><W72/><G120/><T97/><D130/><U2/><E64/><V47/><F69/><W9/><G135/><T68/><D111/><N who="3" m="42569" /><G72/><T113/><D37/><U35/><E78/><V5/><F126/><W86/><G38/><T0/><D0/><U7/><E36/><V125/><F125/><W25/><G86/><T70/><D113/><U81/><E7/><V6/><F112/><W4/><G129/><T132/><D132/><U19/><E128/><V83/><F102/><W118/><G118/><T34/><D34/><U98/><E119/><V30/><F100/><W73/><G73/><T24/><D70/><U122/><E3/><V65/><F30/><W89/><G89/><T42/><D42/><U80/><E41/><V59/><F65/><W39/><G39/><T43/><D43/><U16/><E2/><V96/><F79/><W28/><G106/><T76/><D76/><U45/><E35/><V82/><F83/><W44/><G25/><T77/><D77/><U87/><E94/><V88/><F82/><W32/><G32/><T115/><D115/><U10/><E87/><V84/><F84/><W8/><G8/><T11/><D11/><U133/><E10/><V107/><F107/><W124/><G124/><T75/><D75/><U85/><E133/><V26/><F26/><W105/><G104/><T54/><D27/><U131/><E85/><V33/><F33/><W91/><G91/><T31/><D68/><U23/><E131/><V22/><F90/><W116/><G116/><T62/><D24/><U1/><E123/><V40/><F5/><W117/><G117/><RYUUKYOKU ba="0,0" sc="330,-10,263,-10,150,30,257,-10" hai2="6,12,17,22,40,47,48,56,58,59,88,92,96" owari="320,42.0,253,5.3,180,-32.0,247,-15.3" /></mjloggm>