<mjloggm ver="2.3"><GO type="225" lobby="0"/><UN n0="%E9%9B%80%E6%A5%B5%E3%81%AE%E3%81%B8" n1="%E3%81%86%E3%83%BC%E3%81%B1%E3%83%BC" n2="%E7%AD%89%E3%80%85%E5%8A%9B%E5%8A%87%E5%A0%B4" n3="%E6%B8%A9%E2%98%85%E6%83%85%E2%98%85%E6%8E%AA%E2%98%85%E7%BD%AE" dan="16,16,16,16" rate="2109.14,2209.25,2155.33,2150.37" sx="M,F,M,M"/><TAIKYOKU oya="0"/><INIT seed="0,0,0,1,5,28" ten="250,250,250,250" oya="0" hai0="10,19,111,48,130,75,74,15,70,96,25,72,100" hai1="67,120,122,131,35,4,92,38,23,77,97,8,76" hai2="99,50,30,89,43,132,98,21,16,13,31,118,47" hai3="59,45,106,135,114,65,123,84,93,134,52,78,117"/><T40/><D130/><U46/><E131/><V87/><F132/><N who="3" m="50731" /><G117/><T0/><D111/><U62/><E23/><V60/><F118/><W133/><G114/><T82/><D70/><U33/><E77/><V20/><F60/><N who="3" m="38047" /><G106/><T68/><D68/><N who="1" m="42103" /><E92/><V42/><F42/><W7/><G7/><T125/><D125/><U115/><E76/><V32/><F32/><N who="1" m="12361" /><E97/><N who="2" m="36875" /><F21/><W90/><N who="3" m="50739" /><W107/><DORA hai="108" /><G107/><T14/><D96/><U66/><E66/><V94/><AGARI ba="0,0" hai="13,16,20,30,31,43,47,50,87,89,94" m="36875" machi="94" ten="30,2000,0" yaku="8,1,54,1" doraHai="28,108" who="2" fromWho="2" sc="250,-10,250,-5,250,20,250,-5" /><INIT seed="1,0,0,0,5,6" ten="240,245,270,245" oya="1" hai0="126,19,58,85,120,135,53,117,111,108,127,130,110" hai1="15,102,90,125,106,60,83,133,42,9,92,124,115" hai2="134,74,45,28,113,73,109,132,35,17,131,10,55" hai3="75,34,71,119,36,24,25,7,112,46,50,61,81"/><U8/><E115/><V67/><F67/><W68/><G112/><T118/><D85/><U47/><E133/><V89/><F113/><W3/><G119/><N who="0" m="45579" /><D135/><N who="2" m="51754" /><F109/><W20/><G25/><T16/><D130/><U77/><E15/><N who="2" m="7415" /><F131/><W52/><G34/><T48/><D120/><U107/><E60/><V30/><F89/><W57/><G36/><T54/><D54/><U51/><E102/><V97/><F97/><W104/><G104/><T65/><D65/><U5/><E5/><V70/><F70/><W23/><G81/><T33/><D33/><U29/><E106/><V21/><F35/><W100/><G68/><T32/><D32/><U49/><E107/><V14/><F55/><W4/><G71/><T79/><D79/><U64/><E64/><V18/><F45/><W114/><G114/><T31/><D31/><AGARI ba="0,0" hai="14,18,21,28,30,31,73,74" m="7415,51754" machi="31" ten="30,2000,0" yaku="20,1,52,1" doraHai="6" who="2" fromWho="0" sc="240,-20,245,0,270,20,245,0" /><INIT seed="2,0,0,2,0,92" ten="220,245,290,245" oya="2" hai0="48,134,133,65,2,115,20,67,107,8,44,24,128" hai1="13,42,95,50,19,23,101,75,93,61,18,80,52" hai2="79,25,81,27,106,110,29,56,17,105,53,6,58" hai3="76,10,21,113,98,96,16,45,39,82,114,116,47"/><V3/><F110/><W15/><G116/><T125/><D107/><U49/><E75/><V22/><F58/><W63/><G63/><T11/><D65/><U41/><E80/><V57/><F57/><W32/><G32/><T26/><D67/><U132/><E132/><N who="0" m="50793" /><D48/><N who="1" m="18539" /><E19/><V54/><F54/><W100/><G100/><T36/><D44/><N who="3" m="16969" /><G39/><T85/><D85/><U40/><E101/><V102/><F102/><W84/><G10/><N who="0" m="3627" /><D36/><U129/><E129/><V117/><F106/><W86/><G86/><T103/><D103/><U34/><E34/><V35/><F105/><W7/><G7/><T62/><D62/><U37/><E37/><V70/><F6/><W31/><G31/><N who="0" m="17799" /><D128/><U1/><E1/><V97/><F3/><W122/><G122/><T4/><D115/><AGARI ba="0,0" hai="15,16,21,76,82,84,96,98,113,114,115" m="16969" machi="115" ten="30,7700,0" yaku="11,1,52,2,54,1" doraHai="92" who="3" fromWho="0" sc="220,-77,245,0,290,0,245,77" /><INIT seed="3,0,0,0,2,21" ten="143,245,290,322" oya="3" hai0="62,5,104,88,103,13,118,42,96,119,110,93,50" hai1="70,75,61,106,26,102,20,95,37,121,69,83,16" hai2="112,101,114,128,10,46,111,67,54,82,117,9,32" hai3="65,87,77,57,100,73,115,41,36,39,44,74,1"/><W22/><G1/><T133/><D110/><U3/><E121/><V127/><F117/><W43/><G115/><T53/><D133/><U52/><E37/><V29/><F111/><W38/><G100/><T18/><D42/><U68/><E106/><V135/><F128/><W40/><G22/><T34/><D34/><U0/><E75/><V25/><F127/><W11/><G11/><T4/><D62/><U97/><REACH who="1" step="1"/><E83/><REACH who="1" ten="143,235,290,322" step="2"/><V58/><F135/><W66/><G74/><T48/><D118/><U81/><E81/><V8/><F82/><W17/><G73/><T78/><D119/><U23/><E23/><V30/><F30/><W130/><G36/><T120/><D120/><U116/><E116/><V15/><F114/><W105/><G105/><T94/><D104/><U79/><E79/><V98/><F112/><W86/><G77/><T56/><D78/><U45/><E45/><V134/><F46/><W92/><G44/><T107/><D107/><U47/><E47/><V19/><F134/><W122/><G122/><T35/><D35/><U124/><E124/><V129/><F129/><W71/><G41/><T123/><D123/><U64/><E64/><V76/><F67/><W28/><G39/><T59/><D59/><AGARI ba="0,1" hai="0,3,16,20,26,52,59,61,68,69,70,95,97,102" machi="59" ten="40,8000,1" yaku="1,1,52,1,54,2,53,0" doraHai="21" doraHaiUra="84" who="1" fromWho="0" sc="143,-80,235,90,290,0,322,0" owari="63,-43.7,325,42.5,290,-11.0,322,12.2" /></mjloggm>