<mjloggm ver="2.3"><GO type="225" lobby="0"/><UN n0="%E3%81%B5%E3%81%98%E3%81%8B%E3%81%A4" n1="%E3%81%AD%E3%81%93%E3%81%AD%E3%81%93%E3%81%8B%E3%81%AD%E3%81%93" n2="%E3%81%8B%E3%82%8F%E3%81%A1%E3%82%83%E3%82%93%35%38" n3="%65%6B%61%72%75%74%65" dan="17,16,17,16" rate="2198.64,2016.66,2177.69,2145.71" sx="M,M,M,M"/><TAIKYOKU oya="0"/><INIT seed="0,0,0,4,1,125" ten="250,250,250,250" oya="0" hai0="4,128,67,87,34,23,116,83,35,105,108,49,74" hai1="26,48,112,50,103,46,22,29,54,122,32,102,92" hai2="133,3,33,41,110,53,69,57,0,73,56,90,119" hai3="131,89,27,7,101,6,52,124,120,80,2,40,14"/><T15/><D116/><U129/><E122/><V37/><F33/><W76/><G124/><T68/><D105/><U20/><E112/><V13/><F73/><W63/><G120/><T100/><D74/><U55/><E129/><V78/><F78/><W117/><G117/><T127/><D127/><U132/><E132/><V39/><F13/><W86/><G131/><T99/><D128/><U58/><E32/><V93/><F119/><W5/><G2/><T114/><D114/><U36/><E36/><V18/><F18/><W43/><G101/><T8/><D108/><U9/><E9/><V91/><F93/><W25/><G14/><T82/><D68/><U94/><E22/><V77/><F77/><W16/><G76/><T107/><D67/><U97/><REACH who="1" step="1"/><E94/><REACH who="1" ten="250,240,250,250" step="2"/><V96/><F39/><W111/><G111/><T126/><D126/><U51/><E51/><V134/><F37/><W70/><G27/><T85/><D23/><U45/><E45/><V135/><F110/><W38/><G38/><T66/><D49/><U11/><E11/><V21/><F21/><N who="3" m="13479" /><G70/><T59/><D35/><U65/><E65/><V61/><F69/><W121/><G121/><T72/><D34/><U19/><E19/><V47/><F134/><W71/><G71/><T24/><D66/><U88/><AGARI ba="0,1" hai="20,26,29,46,48,50,54,55,58,88,92,97,102,103" machi="88" ten="20,8000,1" yaku="1,1,0,1,7,1,8,1,54,1,53,0" doraHai="125" doraHaiUra="28" who="1" fromWho="1" sc="250,-40,240,90,250,-20,250,-20" /><INIT seed="1,0,0,2,0,27" ten="210,330,230,230" oya="1" hai0="28,95,47,50,83,100,42,31,49,68,118,48,43" hai1="45,76,84,111,38,91,99,5,58,35,39,23,34" hai2="55,44,123,66,127,16,114,33,126,71,67,86,8" hai3="46,106,12,63,94,56,40,57,129,22,98,101,89"/><U104/><E76/><V4/><F33/><W65/><G129/><T10/><D118/><U85/><E5/><V9/><F123/><W110/><G110/><T107/><D107/><U0/><E0/><V125/><F114/><W54/><G12/><T20/><D68/><U102/><E111/><V11/><F4/><W19/><G106/><T105/><D105/><U30/><E58/><V75/><F75/><W18/><G101/><T130/><D130/><U88/><E23/><V24/><F86/><W7/><G7/><T60/><D10/><U3/><E3/><V121/><F121/><W120/><G120/><T70/><D83/><U6/><E6/><V135/><F135/><W41/><G46/><N who="0" m="25687" /><D70/><U74/><E74/><V21/><REACH who="2" step="1"/><F71/><REACH who="2" ten="210,330,220,230" step="2"/><W29/><G29/><N who="0" m="11339" /><D60/><U26/><E35/><V2/><F2/><W122/><G122/><T17/><D50/><AGARI ba="0,1" hai="8,9,11,16,21,24,44,50,55,66,67,125,126,127" machi="50" ten="50,6400,0" yaku="1,1,18,1,54,1,53,0" doraHai="27" doraHaiUra="116" who="2" fromWho="0" sc="210,-64,330,0,220,74,230,0" /><INIT seed="2,0,0,5,3,73" ten="146,330,294,230" oya="2" hai0="134,49,46,109,43,19,128,112,32,69,35,117,74" hai1="68,16,114,24,27,5,119,22,2,42,26,83,115" hai2="92,48,33,8,101,45,39,44,14,36,82,61,129" hai3="100,106,72,65,120,126,104,15,86,34,132,88,53"/><V77/><F129/><W60/><G120/><T90/><D112/><N who="1" m="43051" /><E83/><V123/><F123/><W40/><G126/><T70/><D128/><U28/><E42/><V67/><F33/><W29/><G132/><T131/><D131/><U50/><E50/><V76/><F39/><W54/><G72/><T13/><D117/><U87/><E87/><V6/><F36/><W55/><G34/><T93/><D109/><U56/><E56/><N who="2" m="37287" /><F82/><W94/><G29/><T98/><D134/><U133/><E133/><V4/><F4/><W96/><G15/><T11/><D35/><N who="1" m="20871" /><E68/><V99/><F45/><W111/><G111/><T127/><D32/><U47/><E47/><V91/><F101/><W63/><G40/><AGARI ba="0,0" hai="6,8,14,40,44,48,76,77,91,92,99" m="37287" machi="40" ten="30,5800,0" yaku="8,1,52,2" doraHai="73" who="2" fromWho="3" sc="146,0,330,0,294,58,230,-58" /><INIT seed="2,1,0,4,5,43" ten="146,330,352,172" oya="2" hai0="8,72,93,57,6,132,82,19,135,15,112,88,96" hai1="90,32,35,1,98,44,40,56,127,119,2,29,126" hai2="89,85,75,120,91,7,37,105,26,28,20,27,102" hai3="55,42,4,53,111,70,65,95,114,109,122,107,14"/><V97/><F75/><W21/><G122/><T60/><D112/><U99/><E119/><V17/><F120/><W110/><G114/><T0/><D72/><U41/><E56/><V130/><F130/><W123/><G123/><T36/><D36/><U10/><E29/><V134/><F134/><W49/><G107/><T76/><D76/><U48/><E90/><V52/><F37/><W73/><G73/><T125/><D82/><U12/><E41/><V63/><F7/><W94/><G42/><T64/><REACH who="0" step="1"/><D125/><REACH who="0" ten="136,330,352,172" step="2"/><U62/><E127/><V38/><F38/><W11/><G21/><AGARI ba="1,1" hai="0,6,8,15,19,21,57,60,64,88,93,96,132,135" machi="21" ten="40,5200,0" yaku="1,1,2,1,54,1,53,0" doraHai="43" doraHaiUra="45" who="0" fromWho="3" sc="136,65,330,0,352,0,172,-55" /><INIT seed="3,0,0,1,5,21" ten="201,330,352,117" oya="3" hai0="97,40,83,96,110,125,90,116,18,62,14,101,38" hai1="78,99,22,119,47,85,111,8,94,93,29,107,131" hai2="31,124,79,77,72,114,112,46,91,7,120,70,49" hai3="118,67,16,98,122,58,84,95,33,4,6,121,129"/><W1/><G129/><T108/><D125/><U10/><E111/><N who="0" m="42537" /><D116/><U20/><E131/><V102/><F70/><W92/><G118/><T9/><D62/><U81/><E119/><V73/><F102/><W12/><G33/><T15/><D38/><U24/><E107/><V127/><F31/><W27/><G1/><T56/><D40/><U44/><E22/><V50/><F7/><W80/><G121/><T30/><D30/><U51/><E93/><V45/><F91/><W2/><G2/><T134/><D134/><U32/><E32/><V37/><F37/><W25/><G122/><AGARI ba="0,0" hai="45,46,49,50,72,73,77,79,112,114,120,122,124,127" machi="122" ten="25,1600,0" yaku="22,2" doraHai="21" who="2" fromWho="3" sc="201,0,330,0,352,16,117,-16" owari="201,-19.9,330,13.0,368,46.8,101,-39.9" /></mjloggm>