<mjloggm ver="2.3"><GO type="225" lobby="0"/><UN n0="%E4%BF%BA%E3%81%A8%E5%A6%96%E5%A4%A2" n1="%6D%75%75%6D%75%72%61" n2="%63%68%78%62%64" n3="%E9%B3%B3%E6%9D%B1%E3%81%AE%E3%81%BF%E3%81%91%E3%81%AB%E3%82%83%E3%82%93" dan="17,16,16,16" rate="2241.69,2063.39,2138.11,2030.61" sx="F,F,M,F"/><TAIKYOKU oya="0"/><INIT seed="0,0,0,0,2,68" ten="250,250,250,250" oya="0" hai0="80,107,51,72,56,94,75,4,65,99,70,97,20" hai1="58,116,41,30,125,91,61,88,49,102,50,7,35" hai2="133,124,87,76,109,2,60,47,27,71,81,43,16" hai3="36,44,48,92,5,13,96,85,104,64,128,130,57"/><T6/><D70/><U12/><E116/><V54/><F109/><W131/><G104/><T123/><D123/><U103/><E125/><V33/><F124/><W108/><G108/><T25/><D107/><U106/><E35/><V28/><F2/><W77/><G36/><T9/><D80/><U40/><E30/><V14/><F133/><W17/><G5/><T0/><D4/><U117/><E117/><V132/><F132/><W115/><G115/><T129/><D129/><U127/><E127/><V26/><F26/><W55/><G85/><T37/><D37/><U84/><E12/><V90/><F71/><W78/><G64/><T23/><D23/><U34/><E34/><V105/><F105/><W63/><G63/><T10/><D10/><U118/><E7/><V83/><F60/><W21/><REACH who="3" step="1"/><G44/><REACH who="3" ten="250,250,250,240" step="2"/><T69/><D65/><U74/><E106/><V8/><F47/><W18/><G18/><T110/><D110/><U24/><E61/><V114/><F114/><W82/><G82/><T121/><D121/><U120/><E84/><V1/><F81/><W29/><G29/><T79/><D6/><U119/><E120/><V126/><F126/><W135/><G135/><T66/><D66/><U15/><E118/><V67/><F67/><W112/><G112/><T73/><D69/><U46/><E119/><V38/><F83/><W89/><AGARI ba="0,1" hai="13,17,21,48,55,57,77,78,89,92,96,128,130,131" machi="89" ten="30,7900,0" yaku="1,1,0,1,19,1,53,1" doraHai="68" doraHaiUra="53" who="3" fromWho="3" sc="250,-39,250,-20,250,-20,240,89" /><INIT seed="1,0,0,5,1,43" ten="211,230,230,329" oya="1" hai0="87,52,47,115,93,56,113,41,128,80,39,6,44" hai1="116,82,18,58,78,86,35,110,134,81,83,20,107" hai2="11,62,61,104,38,126,65,66,135,101,51,19,60" hai3="28,106,74,30,48,23,29,105,12,45,132,73,98"/><U10/><E116/><V108/><F38/><W100/><G106/><T120/><D128/><U68/><E68/><V69/><F108/><W16/><REACH who="3" step="1"/><G132/><REACH who="3" ten="211,230,230,319" step="2"/><T34/><D120/><U32/><E107/><V9/><F135/><W50/><G50/><T127/><D113/><U133/><E133/><V24/><F51/><W5/><G5/><T64/><D115/><U121/><E134/><V91/><F104/><W26/><G26/><T33/><D6/><U92/><E121/><V75/><F24/><W97/><G97/><T59/><D127/><U7/><E110/><V94/><F126/><W99/><G99/><T90/><D39/><U117/><E117/><V103/><F61/><W124/><G124/><T125/><D125/><U77/><E7/><V95/><F62/><W46/><G46/><N who="0" m="17451" /><D33/><U89/><E32/><V57/><F60/><W123/><G123/><T15/><D34/><U129/><E35/><V79/><F69/><W3/><G3/><T118/><D118/><U130/><E130/><V119/><F119/><W71/><G71/><T76/><D15/><N who="1" m="7543" /><E129/><V8/><F57/><W37/><G37/><T1/><D1/><U0/><E0/><V102/><F66/><W14/><G14/><T55/><D59/><U131/><E131/><V17/><F65/><W72/><G72/><T85/><D41/><AGARI ba="0,1" hai="12,16,23,28,29,30,41,45,48,73,74,98,100,105" machi="41" ten="40,12000,2" yaku="1,1,52,1,54,1,53,3" doraHai="43" doraHaiUra="25" who="3" fromWho="0" sc="211,-120,230,0,230,0,319,130" /><INIT seed="2,0,0,0,0,9" ten="91,230,230,449" oya="2" hai0="93,22,50,7,122,131,34,0,53,119,23,76,20" hai1="108,62,41,69,33,88,64,38,103,110,27,37,128" hai2="90,129,92,72,78,19,17,102,43,124,18,114,10" hai3="130,84,49,113,70,86,5,66,97,107,32,85,125"/><V6/><F114/><W21/><G32/><T126/><D122/><U1/><E1/><V104/><F129/><W16/><G70/><T83/><D131/><U80/><E128/><V59/><F124/><W91/><G66/><T31/><D126/><U2/><E2/><V116/><F116/><W112/><G5/><T35/><D119/><U65/><E65/><V109/><F109/><N who="1" m="42089" /><E103/><V81/><F43/><W36/><G36/><T14/><D0/><U45/><E80/><V98/><F59/><W106/><G49/><T47/><D93/><U79/><E79/><V96/><REACH who="2" step="1"/><F6/><REACH who="2" ten="91,230,220,449" step="2"/><W73/><G130/><T133/><D133/><U120/><E120/><V52/><F52/><W77/><G125/><T105/><D31/><U4/><E4/><V117/><F117/><W132/><G132/><T94/><D53/><U29/><E38/><V100/><F100/><W60/><G113/><T55/><D7/><U24/><E37/><V3/><F3/><W71/><G112/><T12/><D55/><U111/><E111/><V121/><F121/><W40/><G40/><T8/><D47/><U54/><E41/><V11/><AGARI ba="0,1" hai="10,11,17,18,19,72,78,81,90,92,96,98,102,104" machi="11" ten="30,6000,0" yaku="1,1,0,1,53,1" doraHai="9" doraHaiUra="87" who="2" fromWho="2" sc="91,-20,230,-20,220,70,449,-20" /><INIT seed="2,1,0,0,3,67" ten="71,210,290,429" oya="2" hai0="112,94,55,108,116,88,96,76,10,22,35,70,118" hai1="47,39,25,106,82,41,66,78,89,95,4,8,79" hai2="29,83,110,69,119,19,81,63,2,12,134,32,46" hai3="135,37,113,30,120,121,114,5,44,53,97,9,105"/><V86/><F119/><N who="0" m="45610" /><D35/><U33/><E106/><V92/><F134/><W131/><G30/><T36/><D112/><N who="3" m="43113" /><G131/><T73/><D36/><U6/><E66/><V50/><F2/><N who="3" m="183" /><G135/><T127/><D108/><U1/><E6/><V14/><F110/><W34/><G34/><T115/><D115/><U85/><REACH who="1" step="1"/><E95/><REACH who="1" ten="71,200,290,429" step="2"/><V77/><F92/><W28/><G105/><T0/><D127/><U117/><E117/><V93/><F93/><W122/><G122/><T65/><D0/><U21/><E21/><V130/><F130/><W64/><G64/><T129/><D129/><U74/><E74/><V126/><F126/><W24/><G120/><T20/><D10/><U104/><E104/><V102/><F32/><W38/><G121/><T23/><D65/><U62/><E62/><V61/><F63/><W107/><G107/><T103/><D103/><U18/><E18/><V17/><F102/><W52/><G97/><T31/><D31/><AGARI ba="1,1" hai="1,4,8,25,31,33,39,41,47,78,79,82,85,89" machi="31" ten="40,2600,0" yaku="1,1,53,1" doraHai="67" doraHaiUra="43" who="1" fromWho="0" sc="71,-29,200,39,290,0,429,0" /><INIT seed="3,0,0,4,2,110" ten="42,239,290,429" oya="3" hai0="34,40,20,6,54,15,24,16,89,128,97,122,62" hai1="22,123,3,116,56,50,70,18,44,42,85,134,83" hai2="94,103,127,8,96,73,29,12,26,119,35,43,111" hai3="129,107,46,17,99,115,27,71,5,9,87,10,124"/><W60/><G87/><T93/><D122/><U112/><E70/><V48/><F119/><W32/><G46/><T76/><D128/><U63/><E123/><V82/><F127/><W100/><G17/><T132/><D132/><U36/><E3/><V61/><F111/><W19/><G19/><T25/><D34/><U78/><E116/><V92/><F61/><W14/><G10/><T1/><D1/><U39/><E134/><V120/><F120/><W90/><G90/><T69/><D69/><U58/><E58/><V52/><F43/><W75/><G75/><T13/><D25/><U88/><E112/><V74/><F82/><W49/><G115/><T4/><D40/><U109/><E78/><V0/><F0/><W66/><G49/><T81/><D4/><U108/><E108/><V21/><F35/><W45/><G45/><T135/><D6/><U7/><E7/><V51/><F51/><W41/><G41/><T67/><D67/><U47/><E47/><V23/><F23/><W80/><G80/><T118/><D118/><U133/><E133/><V2/><F2/><W125/><G129/><T114/><D114/><U30/><E30/><AGARI ba="0,0" hai="5,9,14,27,30,32,60,66,71,99,100,107,124,125" machi="30" ten="40,3900,0" yaku="25,2" doraHai="110" who="3" fromWho="1" sc="42,0,239,-39,290,0,429,39" owari="42,-45.8,200,-20.0,290,9.0,468,56.8" /></mjloggm>