<mjloggm ver="2.3"><GO type="225" lobby="0"/><UN n0="%6D%75%75%73%61%6E%6D%75" n1="%E8%BE%9B%E5%8F%A3%E3%82%AB%E3%83%AC%E3%83%BC%E3%83%A9%E3%82%A4%E3%82%B9" n2="%72%69%6F%75%63%68%61%6E" n3="%E6%9D%B1%E9%A2%A8%E3%81%AE%E3%81%8D%E3%82%83%E3%81%B7%E3%81%95%E3%82%93" dan="16,17,16,17" rate="2075.71,2283.67,2178.74,2213.09" sx="F,M,M,M"/><TAIKYOKU oya="0"/><INIT seed="0,0,0,2,3,4" ten="250,250,250,250" oya="0" hai0="19,97,124,63,111,104,123,92,70,66,49,113,73" hai1="13,69,86,116,96,31,34,36,10,75,9,118,106" hai2="16,51,128,78,8,93,42,23,48,65,12,45,5" hai3="120,1,103,76,40,91,58,17,85,61,105,88,94"/><T108/><D113/><U122/><E75/><V57/><F128/><W25/><G1/><T132/><D123/><U79/><E122/><V121/><F121/><W71/><G40/><T134/><D104/><U24/><E36/><V6/><F78/><W21/><G71/><T41/><D73/><U60/><E79/><V68/><F68/><W59/><G120/><T81/><D81/><U53/><E86/><V129/><F129/><W27/><G27/><T67/><D67/><N who="1" m="41191" /><E53/><N who="2" m="31911" /><F65/><W125/><G125/><T35/><D124/><U130/><E130/><V77/><F77/><W102/><G105/><T89/><D35/><U39/><E39/><V37/><F37/><W80/><G91/><T44/><REACH who="0" step="1"/><D19/><REACH who="0" ten="240,250,250,250" step="2"/><U114/><E114/><V32/><F32/><W64/><REACH who="3" step="1"/><G59/><REACH who="3" ten="240,250,250,240" step="2"/><T74/><D74/><AGARI ba="0,2" hai="17,21,25,58,61,64,74,76,80,85,88,94,102,103" machi="74" ten="30,8000,1" yaku="1,1,2,1,7,1,54,1,53,1" doraHai="4" doraHaiUra="52" who="3" fromWho="0" sc="240,-80,250,0,250,0,240,100" /><INIT seed="1,0,0,3,3,33" ten="160,250,250,340" oya="1" hai0="78,2,113,83,76,70,131,122,96,41,45,28,90" hai1="18,125,86,55,72,126,119,10,133,128,20,75,0" hai2="117,5,57,38,112,51,98,100,42,129,105,14,115" hai3="135,48,102,66,134,40,34,80,82,64,13,24,130"/><U116/><E55/><V58/><F117/><N who="1" m="45129" /><E86/><V91/><F129/><W107/><G130/><T22/><D131/><U35/><E128/><V109/><F109/><W108/><G13/><T7/><D113/><N who="2" m="43594" /><F38/><W3/><G3/><T4/><D70/><U69/><E69/><V50/><F5/><W77/><G108/><T103/><D122/><U29/><E75/><V92/><F14/><W9/><G9/><T94/><D2/><U95/><E95/><V60/><F42/><W19/><G82/><T118/><D118/><U53/><E53/><N who="2" m="33839" /><F58/><W43/><G48/><T85/><D7/><N who="1" m="1383" /><E72/><V111/><F111/><W21/><G43/><T89/><D4/><U59/><E59/><V32/><F32/><W49/><G34/><T56/><D56/><U120/><E120/><V23/><F23/><W127/><G49/><T52/><D41/><U79/><E79/><V67/><F67/><W63/><G40/><T124/><D78/><U17/><E133/><V61/><F61/><W8/><G63/><T87/><D76/><U73/><E73/><V93/><F93/><W106/><G64/><T26/><D45/><U97/><E97/><AGARI ba="0,0" hai="50,51,91,92,97,98,100,105" m="33839,43594" machi="97" ten="30,1000,0" yaku="11,1" doraHai="33" who="2" fromWho="1" sc="160,0,250,-10,250,10,340,0" /><INIT seed="2,0,0,3,3,26" ten="160,240,260,340" oya="2" hai0="134,111,0,95,40,35,118,83,30,27,86,100,38" hai1="91,119,99,126,62,39,58,88,60,108,10,23,42" hai2="6,82,132,64,120,12,45,81,112,18,102,77,116" hai3="57,133,117,104,127,24,122,8,41,54,110,17,59"/><V129/><F112/><W123/><G104/><T52/><D0/><U121/><E119/><V21/><F116/><W68/><G68/><T44/><D118/><U19/><E108/><V93/><F120/><W106/><G106/><T85/><D111/><U7/><E121/><V101/><F129/><W36/><G133/><T67/><D67/><U98/><E126/><V31/><F132/><W28/><G127/><T105/><D105/><U69/><E69/><V131/><F131/><W15/><G59/><T107/><D107/><U113/><E113/><V3/><F64/><W97/><G97/><N who="1" m="36874" /><E42/><V125/><F125/><W71/><G71/><T34/><D134/><U48/><E39/><V56/><F93/><W65/><G65/><T20/><D100/><U109/><E109/><V4/><F56/><W92/><G92/><T94/><D94/><U9/><E48/><V70/><F70/><W72/><G72/><T37/><D37/><U43/><E43/><V33/><F45/><W55/><G117/><T90/><REACH who="0" step="1"/><D52/><REACH who="0" ten="150,240,260,340" step="2"/><N who="1" m="33863" /><E62/><V29/><F3/><W53/><G110/><T87/><D87/><U79/><E79/><AGARI ba="0,1" hai="20,27,30,34,35,38,40,44,79,83,85,86,90,95" machi="79" ten="30,7700,0" yaku="1,1,7,1,52,1,53,1" doraHai="26" doraHaiUra="89" who="0" fromWho="1" sc="150,87,240,-77,260,0,340,0" /><INIT seed="3,0,0,4,2,126" ten="237,163,260,340" oya="3" hai0="69,55,35,11,48,131,65,61,92,81,115,57,108" hai1="1,104,101,60,116,90,110,50,119,118,53,46,51" hai2="22,121,125,82,62,88,24,44,135,130,6,28,84" hai3="98,18,15,31,66,59,3,93,99,76,96,109,20"/><W80/><G3/><T85/><D35/><U134/><E1/><V94/><F130/><W37/><G37/><T78/><D131/><U33/><E33/><V40/><F125/><W21/><G109/><T42/><D108/><U112/><E112/><V39/><F135/><W32/><G32/><T100/><D115/><U103/><E110/><V34/><F121/><W4/><G4/><T67/><D11/><U36/><E36/><V10/><F34/><W114/><G31/><T19/><D19/><U17/><E134/><V5/><F62/><W12/><G59/><T25/><D25/><U97/><E103/><V122/><F122/><W89/><G66/><T56/><D69/><U64/><E51/><V73/><F73/><W26/><G12/><T58/><D42/><U79/><E79/><V86/><F10/><W7/><G114/><T77/><D77/><AGARI ba="0,0" hai="5,6,22,24,28,39,40,44,77,82,84,86,88,94" machi="77" ten="30,2000,0" yaku="7,1,54,1" doraHai="126" who="2" fromWho="0" sc="237,-20,163,0,260,20,340,0" owari="217,-18.3,163,-33.7,280,8.0,340,44.0" /></mjloggm>