<mjloggm ver="2.3"><GO type="225" lobby="0"/><UN n0="%E7%99%BD%E6%97%A5%E9%9B%AA%E8%8F%9C" n1="%E6%98%93%E5%88%A9%E8%96%A9%E4%BC%AF" n2="%E3%82%BF%E3%83%BC%E3%83%90%E3%83%B3%E9%87%8E%E5%8F%A3" n3="%77%72%77%72%77%72%77%72" dan="16,16,16,16" rate="2150.89,2067.41,2123.44,2126.38" sx="M,F,M,M"/><TAIKYOKU oya="0"/><INIT seed="0,0,0,4,5,80" ten="250,250,250,250" oya="0" hai0="125,108,10,52,123,71,105,31,43,36,30,19,96" hai1="2,103,107,32,110,84,68,91,97,87,25,29,134" hai2="20,67,16,35,135,45,124,106,56,50,58,83,12" hai3="6,65,109,119,78,90,23,49,11,48,132,8,118"/><T53/><D123/><U64/><E110/><V114/><F114/><W72/><G109/><T85/><D108/><U40/><E134/><V18/><F106/><W77/><G132/><T99/><D71/><U59/><E2/><V44/><F35/><W74/><G23/><T117/><D117/><U112/><E112/><V34/><F34/><W3/><G90/><T127/><D43/><U89/><E59/><V21/><F124/><N who="0" m="47690" /><D36/><U60/><E40/><V94/><F135/><W61/><G61/><T0/><D85/><AGARI ba="0,0" hai="25,29,32,60,64,68,84,85,87,89,91,97,103,107" machi="85" ten="40,8000,1" yaku="25,2,52,3" doraHai="80" who="1" fromWho="0" sc="250,-80,250,80,250,0,250,0" /><INIT seed="1,0,0,0,2,59" ten="170,330,250,250" oya="1" hai0="135,29,38,101,17,132,9,54,77,94,4,73,44" hai1="50,22,31,112,25,115,18,30,65,52,70,95,66" hai2="120,8,62,69,102,41,103,87,78,43,68,107,110" hai3="2,64,82,83,53,79,47,46,21,99,123,75,90"/><U119/><E119/><V45/><F120/><W88/><G123/><T12/><D29/><U74/><E74/><V105/><F8/><W118/><G118/><T20/><D101/><U134/><E134/><V133/><F87/><W39/><G2/><T76/><D94/><U24/><E30/><V114/><F45/><W109/><G109/><T19/><D19/><U10/><E95/><V100/><F100/><W13/><G64/><T7/><D7/><U36/><E36/><V35/><F78/><W58/><G39/><T131/><D131/><U49/><E49/><V32/><F114/><W85/><G99/><T3/><D54/><U72/><E72/><V130/><F133/><W11/><G90/><T15/><D15/><U0/><E0/><V86/><F86/><W63/><REACH who="3" step="1"/><G21/><REACH who="3" ten="170,330,250,240" step="2"/><T71/><D71/><U1/><E1/><V16/><F130/><W106/><G106/><T23/><D23/><U40/><E22/><V96/><F110/><W125/><G125/><T26/><D76/><U98/><E70/><V113/><F96/><W14/><G14/><T56/><D12/><U121/><E98/><V33/><F33/><W128/><G128/><T60/><D77/><U34/><E121/><V122/><F122/><W91/><G91/><T55/><REACH who="0" step="1"/><D73/><REACH who="0" ten="160,330,250,240" step="2"/><U92/><E34/><V27/><F35/><W124/><G124/><T116/><D116/><U89/><E89/><V129/><F32/><W80/><G80/><T81/><D81/><U67/><E92/><V42/><F69/><W5/><AGARI ba="0,2" hai="5,11,13,46,47,53,58,63,75,79,82,83,85,88" machi="5" ten="20,8000,1" yaku="1,1,0,1,7,1,52,1,54,1,53,0" doraHai="59" doraHaiUra="37" who="3" fromWho="3" sc="160,-20,330,-40,250,-20,240,100" /><INIT seed="2,0,0,4,4,4" ten="140,290,230,340" oya="2" hai0="76,2,118,17,74,33,86,52,20,51,6,29,5" hai1="46,96,31,8,132,44,123,101,112,43,67,9,100" hai2="56,79,49,81,97,66,102,110,61,127,14,0,55" hai3="115,38,109,80,91,70,116,124,11,104,111,42,54"/><V16/><F0/><W71/><G116/><T131/><D118/><U65/><E112/><V135/><F127/><W34/><G124/><T1/><D74/><U36/><E132/><V77/><F135/><W134/><G134/><T93/><D131/><U133/><E133/><V119/><F119/><W114/><G34/><T95/><D33/><U30/><E123/><V84/><F110/><N who="3" m="41995" /><G104/><T82/><D29/><N who="1" m="10763" /><E36/><V78/><F102/><N who="1" m="39529" /><E96/><V94/><F94/><W60/><G11/><N who="1" m="4170" /><E43/><V35/><F35/><W121/><G121/><T45/><D5/><U50/><E50/><V57/><F97/><W41/><G38/><T53/><D53/><U120/><E120/><V40/><F40/><N who="3" m="15467" /><G54/><T63/><D6/><U39/><E39/><V24/><F24/><W125/><G125/><T83/><D83/><U108/><E108/><V126/><F126/><W88/><G80/><T37/><D37/><U28/><E28/><V22/><AGARI ba="0,0" hai="14,16,22,49,55,56,57,61,66,77,78,79,81,84" machi="22" ten="20,7800,0" yaku="0,1,7,1,8,1,54,1" doraHai="4" who="2" fromWho="2" sc="140,-26,290,-26,230,78,340,-26" /><INIT seed="2,1,0,4,5,47" ten="114,264,308,314" oya="2" hai0="106,42,119,91,45,96,95,81,72,61,41,49,115" hai1="39,64,25,21,40,10,36,13,1,43,89,26,86" hai2="112,54,62,35,53,134,105,68,97,73,124,129,92" hai3="93,16,17,75,57,7,76,31,65,120,127,104,33"/><V8/><F112/><W52/><G104/><T38/><D115/><U70/><E1/><V14/><F35/><W121/><G65/><T51/><D119/><U27/><E21/><V59/><F73/><W98/><G7/><T5/><D5/><U133/><E133/><V58/><F134/><W126/><G76/><T111/><D111/><U128/><E128/><V83/><F129/><W4/><G4/><T100/><D61/><U18/><E64/><V116/><F124/><N who="3" m="47659" /><G75/><T50/><D41/><U71/><E40/><V107/><F68/><W32/><G121/><T9/><D9/><U78/><E78/><V99/><F83/><W46/><G46/><T113/><D113/><U132/><E132/><V123/><F116/><W103/><G120/><T67/><D67/><U108/><E108/><V69/><F69/><W135/><G135/><T24/><D24/><U28/><E39/><V56/><F123/><W114/><G114/><T20/><D20/><U15/><E36/><V117/><F117/><W11/><G11/><T44/><D44/><U19/><E28/><V94/><F105/><W130/><G130/><T37/><D37/><U87/><E43/><V90/><F107/><W102/><G102/><T118/><D118/><U80/><E71/><V63/><F62/><N who="3" m="36135" /><G31/><T131/><D131/><U55/><E70/><V3/><F3/><W88/><G103/><T0/><D0/><U101/><E101/><N who="2" m="60583" /><F63/><W30/><G30/><T23/><D23/><N who="1" m="11727" /><E55/><V84/><F54/><W79/><G79/><N who="0" m="44263" /><D38/><U12/><E12/><V2/><F53/><W6/><G6/><T34/><D34/><AGARI ba="1,0" hai="16,17,32,33,34,88,93,98" m="36135,47659" machi="34" ten="30,8000,1" yaku="6,1,18,1,54,3" doraHai="47" who="3" fromWho="0" sc="114,-83,264,0,308,0,314,83" /><INIT seed="3,0,0,3,4,122" ten="31,264,308,397" oya="3" hai0="46,73,80,64,3,95,84,49,18,6,42,53,107" hai1="78,47,41,89,48,83,8,110,9,114,132,63,26" hai2="62,116,10,51,60,130,91,112,104,39,44,118,123" hai3="121,70,35,56,94,120,113,100,103,22,99,102,59"/><W54/><G35/><T105/><D64/><U128/><E114/><V15/><F104/><W29/><G113/><T97/><D3/><U38/><E132/><V134/><F91/><W17/><G70/><T25/><D6/><U129/><E89/><V27/><F112/><W21/><G56/><T11/><D73/><U20/><E38/><V50/><F27/><N who="3" m="16623" /><G121/><T28/><D42/><U68/><E110/><V58/><F15/><N who="3" m="9535" /><G120/><T106/><D28/><U40/><E40/><V43/><F10/><W24/><G24/><T61/><D61/><AGARI ba="0,0" hai="54,59,61,94,99,100,102,103" m="9535,16623" machi="61" ten="30,1500,0" yaku="8,1" doraHai="122" who="3" fromWho="0" sc="31,-15,264,0,308,0,397,15" owari="16,-48.4,264,-13.6,308,10.8,412,51.2" /></mjloggm>