<mjloggm ver="2.3"><GO type="225" lobby="0"/><UN n0="%E3%83%8F%E3%83%B3%E3%83%89%E3%83%A9%E3%83%BC%E3%83%BB%E3%83%AF%E3%83%B3" n1="%E3%83%A9%E3%83%BC%E3%83%A1%E3%83%B3%E4%BA%94%E9%83%8E" n2="%E5%A4%96%E5%B7%9D%E7%AB%9C%E6%88%90" n3="%E3%83%94%E3%83%B3%E3%82%B5%E3%83%AD%E5%BA%97%E5%93%A1" dan="16,16,16,16" rate="2131.30,2063.56,2117.80,2202.30" sx="M,M,M,M"/><TAIKYOKU oya="0"/><INIT seed="0,0,0,4,0,33" ten="250,250,250,250" oya="0" hai0="135,105,89,58,50,7,1,87,126,69,65,90,116" hai1="128,47,104,26,64,20,49,99,18,115,16,91,51" hai2="73,38,42,113,22,21,37,114,80,5,15,14,54" hai3="3,70,111,77,94,88,66,86,120,23,9,6,43"/><T119/><D105/><U34/><E34/><V83/><F54/><W124/><G111/><T97/><D126/><U67/><E128/><V61/><F5/><W129/><G129/><T56/><D135/><U32/><E32/><V25/><F61/><W24/><G124/><T36/><D36/><U53/><E115/><V133/><F25/><W46/><G120/><T95/><D69/><U68/><E68/><V127/><F127/><W84/><G66/><T121/><D121/><U82/><E104/><V60/><F60/><W123/><G70/><T4/><D4/><U2/><E2/><V72/><REACH who="2" step="1"/><F42/><REACH who="2" ten="250,250,240,250" step="2"/><W78/><G123/><T93/><D65/><U40/><E64/><V10/><F10/><W75/><G75/><T134/><D134/><AGARI ba="0,1" hai="14,15,21,22,37,38,72,73,80,83,113,114,133,134" machi="134" ten="25,3200,0" yaku="1,1,22,2,53,0" doraHai="33" doraHaiUra="39" who="2" fromWho="0" sc="250,-32,250,0,240,42,250,0" /><INIT seed="1,0,0,2,4,75" ten="218,250,282,250" oya="1" hai0="16,48,60,33,74,112,97,24,38,69,107,105,106" hai1="131,100,51,14,80,11,31,101,65,59,27,32,86" hai2="71,47,116,77,44,46,104,61,103,4,68,127,1" hai3="87,113,8,21,123,115,2,122,128,34,76,84,95"/><U55/><E131/><V121/><F103/><W20/><G34/><T26/><D38/><U109/><E109/><V135/><F104/><W57/><G128/><T64/><D112/><U19/><REACH who="1" step="1"/><E65/><REACH who="1" ten="218,240,282,250" step="2"/><V7/><F116/><W29/><G115/><T93/><D74/><U92/><E92/><V63/><F121/><W126/><G95/><T3/><D93/><U114/><E114/><V73/><F73/><W30/><G113/><T18/><D106/><U98/><E98/><V70/><F135/><W99/><G99/><T5/><D107/><U6/><E6/><V102/><F7/><W62/><G123/><T56/><D97/><U94/><E94/><V90/><F4/><W132/><G132/><T9/><D105/><U0/><E0/><V13/><F1/><W36/><G2/><T42/><D3/><U134/><E134/><V133/><F133/><W120/><G120/><T35/><D5/><U67/><E67/><V49/><F102/><W54/><G122/><T72/><D72/><U28/><E28/><V89/><F127/><W12/><G30/><T52/><D42/><U15/><E15/><V119/><F13/><W23/><G29/><T110/><D110/><U117/><E117/><V41/><F119/><W40/><G126/><T43/><D43/><U53/><E53/><V39/><F41/><W81/><G40/><T125/><D125/><U111/><E111/><V50/><F39/><W118/><G36/><T37/><D37/><U45/><E45/><V82/><F44/><W96/><G118/><T58/><D64/><U79/><AGARI ba="0,1" hai="11,14,19,27,31,32,51,55,59,79,80,86,100,101" machi="79" ten="20,7800,0" yaku="1,1,0,1,7,1,52,1,53,0" doraHai="75" doraHaiUra="130" who="1" fromWho="1" sc="218,-26,240,88,282,-26,250,-26" /><INIT seed="1,1,0,3,2,37" ten="192,328,256,224" oya="1" hai0="62,9,26,42,98,75,80,119,20,81,116,84,111" hai1="43,61,92,65,8,46,134,0,22,36,128,77,112" hai2="132,17,2,87,69,63,100,16,120,49,82,41,78" hai3="1,50,76,40,125,68,51,48,15,25,86,38,44"/><U7/><E112/><V19/><F120/><W131/><G1/><T34/><D34/><U113/><E113/><V129/><F2/><W105/><G131/><T72/><D111/><U83/><E128/><V107/><F129/><W95/><G105/><T6/><D98/><U109/><E109/><V135/><F100/><W67/><G125/><T96/><D96/><U123/><E123/><V118/><F107/><W53/><G15/><T130/><D130/><U29/><E134/><N who="2" m="51243" /><F118/><W59/><G25/><T85/><D62/><U94/><E22/><V21/><F63/><N who="3" m="40063" /><G95/><T14/><D119/><U74/><E29/><V39/><F69/><AGARI ba="1,0" hai="0,7,8,36,43,46,61,65,69,74,77,83,92,94" machi="69" ten="30,11600,0" yaku="7,1,25,2,52,1" doraHai="37" who="1" fromWho="2" sc="192,0,328,119,256,-119,224,0" /><INIT seed="1,2,0,0,5,117" ten="192,447,137,224" oya="1" hai0="88,8,39,36,51,84,110,18,94,44,80,58,45" hai1="128,2,118,123,62,86,38,66,68,17,109,49,92" hai2="48,112,119,67,102,124,61,53,100,21,54,59,72" hai3="90,130,122,47,129,93,0,55,24,95,64,9,105"/><U56/><E118/><V63/><F119/><W23/><G105/><T13/><D110/><U32/><E2/><V133/><F72/><W120/><G64/><T25/><D39/><U113/><E32/><V89/><F124/><W81/><G81/><T87/><D36/><U101/><E113/><V22/><F133/><W35/><G35/><T75/><D75/><U126/><E126/><V5/><F5/><N who="3" m="1191" /><G55/><N who="0" m="32127" /><D25/><U12/><E109/><V71/><F112/><W98/><G93/><T73/><D73/><U37/><E128/><N who="3" m="49258" /><G47/><T46/><D46/><U40/><E37/><V85/><F100/><W15/><G15/><T77/><AGARI ba="2,0" hai="8,13,18,44,45,77,80,84,87,88,94" m="32127" machi="77" ten="30,2000,0" yaku="8,1,54,1" doraHai="117" who="0" fromWho="0" sc="192,26,447,-12,137,-7,224,-7" /><INIT seed="2,0,0,0,3,45" ten="218,435,130,217" oya="2" hai0="15,74,37,49,85,73,97,77,24,34,108,29,17" hai1="111,48,87,117,40,66,127,107,33,13,39,84,64" hai2="101,89,88,50,54,56,104,75,71,58,10,36,134" hai3="18,106,52,43,6,41,72,5,105,42,122,114,94"/><V63/><F134/><W93/><G122/><T35/><D37/><U53/><E117/><V21/><F75/><W62/><G72/><T26/><D97/><U76/><E33/><V126/><F126/><W100/><G114/><T67/><D67/><U7/><E107/><V128/><F128/><W22/><G106/><T129/><D129/><U124/><E111/><V20/><F36/><W86/><G105/><T81/><D108/><U125/><E40/><V96/><F71/><W135/><G135/><T102/><D102/><U103/><E103/><V46/><F58/><N who="3" m="35143" /><G86/><N who="1" m="32810" /><E76/><V79/><F79/><W2/><G2/><T57/><D24/><U99/><E99/><V68/><F10/><W65/><G65/><T123/><D35/><U83/><E83/><V70/><F70/><W14/><G100/><T9/><D123/><U25/><E39/><V78/><F78/><W112/><G112/><T131/><D131/><U8/><E25/><V90/><REACH who="2" step="1"/><F68/><REACH who="2" ten="218,435,120,217" step="2"/><W19/><G19/><T16/><D17/><U31/><E31/><V44/><F44/><AGARI ba="0,1" hai="7,8,13,44,48,53,64,66,124,125,127" m="32810" machi="44" ten="30,2000,0" yaku="18,1,52,1" doraHai="45" who="1" fromWho="2" sc="218,0,435,30,120,-20,217,0" /><INIT seed="3,0,0,3,0,96" ten="218,465,100,217" oya="3" hai0="129,89,130,2,76,105,100,43,59,66,98,51,107" hai1="33,16,10,83,124,6,44,23,50,57,35,97,42" hai2="12,106,24,60,91,0,38,68,56,14,132,22,127" hai3="52,123,108,81,17,110,122,62,75,90,15,85,55"/><W58/><G75/><T92/><D2/><U48/><E124/><V28/><F68/><W93/><G81/><T133/><D133/><U109/><E109/><N who="3" m="42090" /><G55/><T9/><D9/><AGARI ba="0,0" hai="9,15,17,52,58,62,85,90,93,122,123" m="42090" machi="9" ten="30,5800,0" yaku="14,1,10,1,54,1" doraHai="96" who="3" fromWho="0" sc="218,-58,465,0,100,0,217,58" /><INIT seed="3,1,0,1,4,39" ten="160,465,100,275" oya="3" hai0="132,52,102,120,84,83,49,24,2,12,48,78,133" hai1="3,94,18,76,129,114,96,134,19,45,70,73,121" hai2="131,4,0,7,86,106,36,13,95,125,105,123,75" hai3="74,41,62,27,112,116,127,119,35,26,118,15,64"/><W32/><G74/><T8/><D120/><U54/><E121/><V42/><F123/><W88/><G112/><T71/><D71/><U89/><E114/><V34/><F34/><W37/><G127/><T21/><D102/><U130/><E134/><N who="0" m="51817" /><D2/><U6/><E70/><V65/><F65/><W135/><G135/><T109/><D52/><U25/><E3/><V115/><F115/><W91/><G15/><T10/><D109/><U85/><E6/><V30/><F30/><W57/><G35/><T108/><D108/><U51/><E73/><V72/><F125/><W122/><G122/><T55/><D12/><U20/><E18/><V110/><F110/><W87/><G32/><T126/><D49/><U40/><E54/><V61/><F61/><W29/><G29/><N who="0" m="17551" /><D126/><U99/><E76/><V5/><F13/><W93/><REACH who="3" step="1"/><G91/><REACH who="3" ten="160,465,100,265" step="2"/><T128/><D128/><AGARI ba="1,1" hai="19,20,25,40,45,51,85,89,94,96,99,128,129,130" machi="128" ten="40,2600,0" yaku="19,1,52,1" doraHai="39" who="1" fromWho="0" sc="160,-29,465,39,100,0,265,0" owari="131,-26.9,504,60.4,100,-40.0,265,6.5" /></mjloggm>