<mjloggm ver="2.3"><GO type="225" lobby="0"/><UN n0="%E3%81%86%E3%83%BC%E3%81%B1%E3%83%BC" n1="%E6%A1%9C%E8%8A%B1%E9%96%83%E3%80%85" n2="%E9%80%9F%E6%B0%B4%E5%87%9B%E9%A6%99" n3="%E7%B4%94%E6%BD%94%E3%83%94%E3%83%A9%E3%83%8B%E3%82%A2" dan="16,17,16,18" rate="2179.15,2114.96,2091.10,2197.61" sx="F,M,F,M"/><TAIKYOKU oya="0"/><INIT seed="0,0,0,2,5,65" ten="250,250,250,250" oya="0" hai0="34,135,77,84,49,18,96,88,38,8,101,43,114" hai1="44,14,94,30,3,122,73,42,71,29,0,50,27" hai2="48,82,104,25,70,131,53,130,124,19,110,69,125" hai3="133,80,100,132,28,67,60,55,31,56,118,1,16"/><T58/><D114/><U39/><E122/><V83/><F104/><W7/><G118/><T119/><D34/><U109/><E30/><V54/><F19/><W128/><G100/><T23/><D119/><U115/><E109/><V78/><F25/><W47/><G128/><N who="2" m="49193" /><F110/><W45/><G7/><T76/><D38/><U103/><E14/><V2/><F2/><W41/><G1/><T20/><D135/><N who="3" m="51785" /><G80/><N who="2" m="30761" /><F78/><N who="0" m="30314" /><D96/><U127/><E0/><V15/><F15/><W21/><G55/><N who="2" m="21001" /><F48/><N who="3" m="26671" /><G47/><N who="0" m="25855" /><D58/><U107/><E3/><V33/><F33/><W36/><G36/><T10/><D101/><U40/><E103/><V13/><F13/><AGARI ba="0,0" hai="13,16,21,28,31,56,60,67" m="26671,51785" machi="13" ten="30,2000,0" yaku="20,1,54,1" doraHai="65" who="3" fromWho="2" sc="250,0,250,0,250,-20,250,20" /><INIT seed="1,0,0,0,4,59" ten="250,250,230,270" oya="1" hai0="74,66,77,126,67,9,122,5,79,29,16,102,100" hai1="78,35,114,110,106,23,27,69,68,87,38,81,125" hai2="3,56,107,15,129,131,120,24,20,73,41,118,28" hai3="104,101,109,44,85,46,130,26,36,123,7,75,18"/><U80/><E114/><V92/><F73/><W111/><G75/><T60/><D29/><U19/><E125/><V49/><F107/><W54/><G123/><T45/><D67/><U14/><E38/><V55/><F3/><W98/><G7/><T0/><D122/><U86/><E106/><V48/><F120/><W4/><G4/><T90/><D90/><U8/><E110/><N who="3" m="41994" /><G130/><T112/><D112/><U94/><E94/><V47/><F118/><W53/><G85/><T76/><D74/><U113/><E35/><V128/><F15/><W95/><G104/><T93/><D93/><AGARI ba="0,0" hai="20,24,28,41,47,48,49,55,56,92,93,128,129,131" machi="93" ten="40,1300,0" yaku="19,1" doraHai="59" who="2" fromWho="0" sc="250,-13,250,0,230,13,270,0" /><INIT seed="2,0,0,0,1,63" ten="237,250,243,270" oya="2" hai0="101,82,92,103,127,0,57,36,74,124,3,99,78" hai1="72,48,133,93,132,14,117,106,7,49,28,52,59" hai2="88,15,65,71,130,96,8,47,33,50,4,51,105" hai3="60,30,16,54,41,55,39,38,80,114,58,35,11"/><V45/><F33/><W109/><G109/><T90/><D36/><U61/><E106/><V22/><F130/><W25/><G114/><T115/><D57/><U79/><E117/><V62/><F22/><W131/><G131/><T6/><D6/><U120/><E28/><V5/><F5/><W69/><G41/><T104/><D3/><U123/><E93/><V23/><F23/><W73/><G55/><T43/><D0/><U134/><E79/><V76/><F76/><W91/><G69/><T2/><D2/><U85/><E85/><V102/><REACH who="2" step="1"/><F88/><REACH who="2" ten="237,250,233,270" step="2"/><W70/><G91/><T31/><D31/><U68/><E7/><V12/><F12/><W10/><G30/><T46/><D115/><U112/><E14/><V97/><F97/><W87/><G35/><T122/><D122/><N who="1" m="46635" /><E112/><V107/><F107/><W95/><G11/><T19/><D19/><U77/><E68/><V17/><F17/><W83/><G70/><T20/><D20/><U32/><E32/><V64/><F64/><W126/><G10/><T94/><D94/><U116/><E116/><V9/><F9/><W24/><G16/><T113/><D113/><U98/><E98/><V34/><F34/><W121/><G95/><T100/><D104/><U89/><E89/><V128/><F128/><W26/><G121/><T110/><D110/><U111/><E111/><V125/><F125/><W86/><G126/><T84/><D99/><U108/><E108/><V53/><F53/><W18/><G18/><T1/><D1/><U37/><E37/><N who="3" m="13834" /><G80/><AGARI ba="0,1" hai="48,49,52,59,61,72,77,80,132,133,134" m="46635" machi="80" ten="40,5200,0" yaku="20,1,13,1,54,1" doraHai="63" who="1" fromWho="3" sc="237,0,250,62,233,0,270,-52" /><INIT seed="3,0,0,0,4,127" ten="237,312,233,218" oya="3" hai0="53,103,35,135,105,5,99,110,63,75,15,57,78" hai1="9,3,44,56,94,55,2,10,60,41,85,121,14" hai2="106,31,65,50,97,11,28,114,30,19,37,74,46" hai3="47,119,22,132,76,4,72,79,124,54,45,96,51"/><W104/><G119/><T87/><D35/><U6/><E121/><V118/><F74/><W62/><G124/><T59/><D75/><U131/><E131/><V88/><F37/><W109/><G132/><T68/><D135/><U25/><E25/><V107/><F118/><W13/><G72/><T77/><D110/><U1/><E94/><N who="2" m="56519" /><F106/><W83/><G109/><T90/><D68/><U18/><E85/><V117/><F117/><W34/><G34/><T42/><D42/><U29/><E29/><V12/><F107/><W92/><G104/><T102/><D59/><U81/><E81/><V32/><F32/><W122/><G122/><T24/><D24/><U108/><E108/><V112/><F112/><W125/><G125/><T116/><D103/><U134/><E134/><V115/><F115/><W26/><G83/><T126/><D116/><U38/><AGARI ba="0,0" hai="1,2,3,6,9,10,14,18,38,41,44,55,56,60" machi="38" ten="20,1500,0" yaku="0,1,7,1" doraHai="127" who="1" fromWho="1" sc="237,-4,312,15,233,-4,218,-7" owari="233,3.3,327,42.7,229,-17.1,211,-28.9" /></mjloggm>