<mjloggm ver="2.3"><GO type="225" lobby="0"/><UN n0="%72%69%6F%75%63%68%61%6E" n1="%4E%6F%2E%30%30%30%31" n2="%E3%81%BF%E3%81%BF%E3%81%9A" n3="%6E%69%63%6F%6E%74%6F" dan="16,18,17,16" rate="2122.64,2242.51,2245.20,2144.45" sx="M,M,M,M"/><TAIKYOKU oya="0"/><INIT seed="0,0,0,5,5,135" ten="250,250,250,250" oya="0" hai0="51,83,126,64,112,44,69,58,90,29,114,78,15" hai1="66,109,118,13,86,116,72,131,128,103,89,31,122" hai2="20,84,0,16,57,99,134,52,45,107,41,100,55" hai3="26,12,71,32,54,98,81,28,62,125,110,6,132"/><T53/><D126/><U96/><E31/><V37/><F134/><W85/><G125/><T117/><D117/><N who="1" m="45163" /><E66/><V123/><F123/><W34/><G110/><T92/><D69/><U120/><E13/><V9/><F84/><W17/><G132/><T74/><D29/><U105/><E72/><V40/><F40/><W59/><G71/><T23/><D64/><U2/><E2/><V70/><F70/><W19/><G34/><T73/><D73/><U129/><E109/><V49/><F55/><W65/><G98/><T108/><D108/><U106/><E106/><V35/><F35/><W21/><G32/><T82/><D82/><AGARI ba="0,0" hai="82,86,89,96,103,105,120,122,128,129,131" m="45163" machi="82" ten="40,5200,0" yaku="19,1,34,2" doraHai="135" who="1" fromWho="0" sc="250,-52,250,52,250,0,250,0" /><INIT seed="1,0,0,2,0,26" ten="198,302,250,250" oya="1" hai0="77,12,34,127,114,124,49,118,123,15,3,79,18" hai1="66,25,90,61,9,109,51,132,7,38,57,112,92" hai2="102,94,22,32,104,47,42,106,130,133,10,86,37" hai3="14,125,101,88,69,81,126,128,29,68,78,44,52"/><U16/><E112/><V129/><F32/><W84/><G101/><T70/><D114/><U28/><E38/><V96/><F133/><W13/><G128/><N who="2" m="49257" /><F22/><W24/><G78/><T54/><D118/><U19/><E132/><V31/><F10/><W55/><G69/><T111/><D111/><U48/><E48/><V60/><F31/><W122/><G68/><T50/><D123/><U1/><E51/><V75/><F75/><W40/><G122/><T110/><D110/><U74/><E74/><V43/><F43/><W116/><G14/><T8/><D70/><U0/><E0/><V105/><F60/><W89/><G13/><T85/><D3/><U97/><E109/><V103/><F86/><W120/><G120/><T4/><D34/><AGARI ba="0,0" hai="1,7,9,16,19,25,28,34,57,61,66,90,92,97" machi="34" ten="30,5800,0" yaku="7,1,52,1,54,1" doraHai="26" who="1" fromWho="0" sc="198,-58,302,58,250,0,250,0" /><INIT seed="1,1,0,4,1,59" ten="140,360,250,250" oya="1" hai0="125,131,29,78,120,48,112,18,71,9,101,66,122" hai1="109,4,61,11,91,38,116,104,90,76,27,40,119" hai2="44,73,135,105,87,49,37,39,69,14,117,77,99" hai3="41,8,25,20,95,12,13,85,106,88,130,127,128"/><U72/><E104/><V35/><F117/><W26/><G127/><T31/><D112/><U84/><E109/><V34/><F73/><W21/><G106/><T110/><D110/><U16/><E72/><V93/><F69/><W79/><G79/><T121/><D131/><U45/><E76/><V58/><F105/><W50/><G13/><N who="0" m="7471" /><D125/><U68/><E91/><V65/><F135/><W100/><G100/><T103/><D78/><U102/><E102/><N who="0" m="38921" /><D48/><U89/><E89/><N who="2" m="55727" /><F35/><W86/><G86/><T74/><D74/><U129/><E129/><N who="3" m="49770" /><G26/><T132/><D132/><U124/><E124/><V97/><F34/><W111/><G25/><T126/><D126/><U53/><E27/><V75/><F39/><W94/><G94/><T36/><D36/><U98/><E38/><V62/><F37/><W22/><G111/><T96/><D96/><U30/><E98/><V118/><F97/><W51/><G41/><T107/><D107/><U113/><E113/><V70/><F118/><W7/><AGARI ba="1,0" hai="7,8,12,20,21,22,50,51,85,88,95" m="49770" machi="7" ten="30,2000,0" yaku="19,1,54,1" doraHai="59" who="3" fromWho="3" sc="140,-6,360,-11,250,-6,250,23" /><INIT seed="2,0,0,2,3,15" ten="134,349,244,273" oya="2" hai0="111,53,100,82,0,133,62,74,8,80,72,81,77" hai1="56,84,87,86,78,123,52,69,65,117,32,95,61" hai2="48,129,119,110,96,55,42,45,109,89,73,43,23" hai3="25,71,91,41,57,14,51,70,21,10,37,40,7"/><V115/><F115/><W54/><G91/><T24/><D111/><N who="2" m="42506" /><F119/><W88/><G37/><T16/><D133/><U28/><E117/><V126/><F126/><W94/><G71/><T131/><D131/><U44/><E123/><V26/><F73/><W120/><G70/><T113/><D113/><U67/><E78/><V97/><F129/><W19/><REACH who="3" step="1"/><G120/><REACH who="3" ten="134,349,244,263" step="2"/><T49/><D100/><U9/><E69/><V17/><F89/><W29/><G29/><T39/><D39/><U22/><E28/><V68/><F68/><W34/><G34/><T108/><D108/><U64/><E32/><V118/><F118/><W90/><G90/><T134/><D134/><U60/><E67/><V135/><F135/><W33/><G33/><T31/><D31/><U79/><E65/><V4/><F4/><W116/><G116/><T104/><D77/><U121/><E64/><V50/><F42/><W59/><G59/><AGARI ba="0,1" hai="17,23,26,43,45,48,50,55,59,96,97" m="42506" machi="59" ten="30,5800,0" yaku="14,1,10,1,52,1" doraHai="15" who="2" fromWho="3" sc="134,0,349,0,244,68,263,-58" /><INIT seed="2,1,0,2,1,75" ten="134,349,312,205" oya="2" hai0="129,16,73,23,122,13,42,125,79,8,132,88,81" hai1="116,56,38,44,35,70,99,53,61,131,123,3,120" hai2="119,36,14,111,130,101,112,54,18,98,126,103,89" hai3="102,104,100,48,33,91,0,108,47,117,71,24,107"/><V59/><F112/><W118/><G71/><T80/><D122/><N who="1" m="46635" /><E116/><N who="3" m="44650" /><G0/><T97/><D129/><U22/><E35/><V21/><F119/><W43/><G24/><T85/><D125/><U78/><E3/><V90/><F36/><W67/><G33/><T82/><D132/><U84/><E131/><V62/><F126/><W49/><G67/><T51/><D97/><U105/><E70/><V93/><F130/><W87/><G47/><T50/><D42/><N who="1" m="22615" /><E99/><V5/><F111/><W17/><G43/><T113/><D113/><U68/><E105/><N who="3" m="40522" /><G17/><T115/><D115/><U121/><E68/><V133/><F133/><W110/><G49/><T72/><REACH who="0" step="1"/><D23/><REACH who="0" ten="124,349,312,205" step="2"/><U127/><E22/><V28/><F103/><N who="3" m="39467" /><G48/><T1/><D1/><U76/><E121/><V4/><F28/><W114/><G114/><T83/><D83/><AGARI ba="1,1" hai="83,87,91,108,110" m="39467,40522,44650" machi="83" ten="40,2600,0" yaku="34,2" doraHai="75" who="3" fromWho="0" sc="124,-29,349,0,312,0,205,39" /><INIT seed="3,0,0,3,0,81" ten="95,349,312,244" oya="3" hai0="113,10,77,16,3,133,20,71,12,41,117,76,64" hai1="86,32,33,93,60,126,131,124,134,5,47,74,98" hai2="43,85,59,21,38,29,25,108,129,99,8,0,127" hai3="96,67,40,132,11,63,2,66,35,87,15,58,97"/><W24/><G132/><T123/><D117/><U65/><E74/><V84/><F108/><W91/><G2/><T114/><D123/><U31/><E134/><V103/><F129/><W95/><G40/><T109/><D133/><U57/><E131/><V118/><F118/><W83/><G67/><T119/><D119/><U62/><E5/><V89/><F127/><N who="1" m="48681" /><E31/><V122/><F122/><W107/><G107/><T102/><D109/><U22/><E22/><V26/><F26/><W46/><G46/><T73/><D102/><N who="1" m="60751" /><E86/><V7/><F89/><W101/><G97/><T17/><D41/><U50/><E62/><V121/><F121/><W44/><G44/><T79/><D73/><U82/><E82/><V34/><F34/><W27/><REACH who="3" step="1"/><G35/><REACH who="3" ten="95,349,312,234" step="2"/><T39/><D39/><U78/><E78/><V92/><REACH who="2" step="1"/><F59/><REACH who="2" ten="95,349,302,234" step="2"/><W9/><G9/><T49/><D3/><U45/><E45/><AGARI ba="0,2" hai="0,7,8,21,25,29,38,43,45,84,85,92,99,103" machi="45" ten="40,8000,1" yaku="1,1,2,1,52,2,53,0" doraHai="81" doraHaiUra="72" who="2" fromWho="1" sc="95,0,349,-80,302,100,234,0" owari="95,-40.5,269,6.9,402,50.2,234,-16.6" /></mjloggm>