<mjloggm ver="2.3"><GO type="225" lobby="0"/><UN n0="%45%6C%79%73%69%75%6D" n1="%73%69%72%6F%75%74" n2="%E9%80%9F%E6%B0%B4%E5%87%9B%E9%A6%99" n3="%E3%83%B4%E3%83%A0%EF%BC%99%E3%81%A6" dan="17,16,16,17" rate="2127.32,2076.18,2079.26,2182.24" sx="F,M,F,M"/><TAIKYOKU oya="0"/><INIT seed="0,0,0,0,2,119" ten="250,250,250,250" oya="0" hai0="40,48,124,16,122,43,121,5,106,88,61,104,4" hai1="62,38,28,20,74,131,126,53,3,130,93,17,80" hai2="32,64,76,114,30,67,27,44,109,89,18,115,26" hai3="54,63,77,105,78,94,71,13,100,39,135,134,123"/><T23/><D124/><U108/><E38/><V99/><F76/><W34/><G105/><T7/><D61/><U103/><E62/><V117/><F117/><W82/><G34/><T29/><D29/><U10/><E53/><V49/><F109/><W111/><G111/><T87/><D104/><U6/><E108/><V132/><F132/><N who="3" m="50731" /><G39/><T21/><D106/><U133/><E133/><V60/><F115/><W24/><G24/><T70/><D70/><U52/><E28/><V120/><F114/><W41/><G41/><T46/><D40/><U86/><E74/><V125/><F120/><W51/><G78/><T118/><D118/><U33/><E33/><V128/><F125/><W98/><G13/><T83/><REACH who="0" step="1"/><D23/><REACH who="0" ten="240,250,250,250" step="2"/><U95/><E126/><V84/><F30/><W69/><G63/><T25/><AGARI ba="0,1" hai="4,5,7,16,21,25,43,46,48,83,87,88,121,122" machi="25" ten="30,24000,3" yaku="1,1,2,1,0,1,52,2,54,2,53,2" doraHai="119" doraHaiUra="116" who="0" fromWho="0" sc="240,250,250,-80,250,-80,250,-80" /><INIT seed="0,1,0,4,5,93" ten="490,170,170,170" oya="0" hai0="96,112,5,8,122,31,110,111,123,12,48,61,129" hai1="128,71,37,76,57,69,64,4,62,9,80,47,19" hai2="97,32,84,116,68,103,98,10,27,83,115,6,65" hai3="74,132,86,39,133,3,113,134,30,50,108,7,43"/><T13/><D112/><U36/><E19/><V20/><F115/><W99/><G113/><T104/><D129/><U89/><E89/><V25/><F32/><W119/><G119/><T40/><D31/><U105/><E105/><V56/><F116/><W109/><G74/><T81/><D81/><U100/><E100/><V23/><F68/><W17/><G30/><T51/><D61/><U77/><E128/><V135/><F103/><W53/><G86/><T16/><D40/><U67/><E67/><V14/><F135/><W34/><G34/><T26/><D26/><N who="2" m="9738" /><F56/><N who="3" m="32823" /><G17/><T75/><D75/><U94/><E36/><V2/><F2/><W88/><G3/><T24/><D24/><U90/><E69/><V85/><F85/><W35/><G7/><T18/><D5/><U117/><E71/><V63/><F63/><W125/><G35/><T91/><D104/><U72/><E117/><V73/><F65/><W29/><G29/><T102/><D102/><U52/><E64/><V21/><F73/><W78/><G78/><AGARI ba="1,0" hai="6,10,14,20,21,23,78,83,84,97,98" m="9738" machi="78" ten="30,3900,0" yaku="8,1,52,2" doraHai="93" who="2" fromWho="3" sc="490,0,170,0,170,42,170,-42" /><INIT seed="1,0,0,3,1,66" ten="490,170,212,128" oya="1" hai0="7,50,36,133,131,2,29,11,111,45,58,122,26" hai1="116,114,87,90,79,80,83,56,107,70,43,13,22" hai2="71,49,82,55,62,126,39,102,121,20,97,25,68" hai3="128,72,3,9,73,4,21,113,23,93,54,27,125"/><U30/><E107/><V100/><F39/><W104/><G104/><T91/><D111/><U46/><E116/><V67/><F121/><W84/><G113/><T52/><D122/><U101/><E101/><V98/><F126/><W108/><G108/><T65/><D131/><U24/><E114/><V0/><F0/><W74/><G125/><T37/><D133/><U16/><E70/><V81/><F98/><W64/><G128/><T89/><D36/><U124/><E56/><V94/><F102/><W135/><G135/><T35/><D65/><U31/><E124/><V6/><F6/><W33/><G64/><T57/><D37/><U99/><E99/><V5/><F5/><W96/><G84/><T10/><D10/><U8/><E46/><V92/><F92/><W132/><G132/><T95/><D89/><U129/><E43/><V17/><REACH who="2" step="1"/><F68/><REACH who="2" ten="490,170,202,128" step="2"/><W40/><G96/><AGARI ba="0,1" hai="2,7,11,26,29,35,45,50,52,57,58,91,95,96" machi="96" ten="30,2000,0" yaku="7,1,54,1" doraHai="66" who="0" fromWho="3" sc="490,30,170,0,202,0,128,-20" /><INIT seed="2,0,0,0,2,104" ten="520,170,202,108" oya="2" hai0="81,2,48,111,34,122,32,87,4,85,88,49,62" hai1="1,127,54,108,118,22,39,17,93,96,60,51,38" hai2="9,59,114,123,10,58,84,26,33,0,103,56,67" hai3="112,3,42,80,91,130,79,31,36,89,134,77,75"/><V90/><F114/><W76/><G31/><T121/><D111/><U102/><E108/><V106/><F123/><W7/><G112/><T73/><D73/><U117/><E1/><V64/><F0/><W109/><G109/><T66/><D32/><U83/><E127/><V86/><F106/><W12/><G12/><T61/><D34/><U24/><E60/><V70/><F70/><W6/><G130/><T23/><D61/><U41/><E41/><V78/><F103/><W18/><G18/><T68/><D48/><U107/><E107/><V47/><F47/><W100/><G100/><T126/><D126/><U37/><REACH who="1" step="1"/><E83/><REACH who="1" ten="520,160,202,108" step="2"/><N who="2" m="47223" /><F33/><W128/><G128/><T8/><D49/><U27/><E27/><V44/><F26/><W46/><G134/><T119/><D119/><U53/><E53/><V15/><F67/><W92/><G6/><T124/><D124/><U52/><E52/><V95/><F64/><W72/><G72/><T57/><D68/><U131/><E131/><V40/><F40/><W94/><G77/><T74/><D74/><U133/><E133/><V45/><F15/><W116/><G76/><T19/><REACH who="0" step="1"/><D87/><REACH who="0" ten="510,160,202,108" step="2"/><U105/><E105/><V129/><F129/><W113/><G116/><T21/><D21/><U115/><E115/><V20/><F20/><W135/><G113/><T82/><D82/><U43/><E43/><V50/><F50/><W28/><G135/><T13/><AGARI ba="0,2" hai="2,4,8,13,19,23,57,62,66,81,85,88,121,122" machi="13" ten="20,5200,0" yaku="1,1,0,1,7,1,54,1,53,0" doraHai="104" doraHaiUra="29" who="0" fromWho="0" sc="510,72,160,-13,202,-26,108,-13" /><INIT seed="3,0,0,2,2,43" ten="582,147,176,95" oya="3" hai0="35,14,114,23,86,9,69,133,102,131,75,47,34" hai1="132,98,57,99,106,52,125,61,119,25,97,59,54" hai2="130,32,122,42,128,77,1,53,5,44,15,109,63" hai3="50,113,78,0,94,107,64,12,33,30,66,27,7"/><W93/><G113/><T48/><D75/><U84/><E132/><V112/><F112/><W89/><G107/><T91/><D114/><U62/><E125/><V124/><F32/><W26/><G78/><T88/><D133/><U121/><E121/><V127/><F77/><W37/><G37/><T10/><D69/><U87/><E119/><V11/><F1/><W56/><G0/><T13/><D102/><U68/><E68/><V104/><F104/><W96/><G26/><T83/><D23/><U20/><E106/><V129/><F109/><W80/><G80/><T18/><D91/><U36/><E36/><N who="2" m="21575" /><F122/><W108/><G108/><T58/><D58/><AGARI ba="0,0" hai="5,11,15,53,58,63,124,127,128,129,130" m="21575" machi="58" ten="40,2600,0" yaku="19,1,52,1" doraHai="43" who="2" fromWho="0" sc="582,-26,147,0,176,26,95,0" owari="556,65.6,147,-25.3,202,0.2,95,-40.5" /></mjloggm>