<mjloggm ver="2.3"><GO type="225" lobby="0"/><UN n0="%E5%A0%80%E5%B7%9D%E9%9B%B7%E9%BC%93" n1="%E2%91%A3%E9%81%BF%E9%81%8A%E6%88%AF%E3%80%90%E6%9D%B1%E5%8D%97%E3%80%91" n2="%E3%81%82%E3%81%84%E3%81%82%E3%81%8A%E3%81%84" n3="%E5%B8%86%E7%AB%8B%E5%A4%8F%E8%A1%A3" dan="16,16,18,17" rate="2036.01,2095.91,2225.20,2162.30" sx="F,M,M,M"/><TAIKYOKU oya="0"/><INIT seed="0,0,0,4,0,128" ten="250,250,250,250" oya="0" hai0="113,68,105,122,52,9,94,17,92,67,39,110,53" hai1="23,108,46,85,32,42,13,34,21,109,47,87,134" hai2="124,45,61,22,125,86,78,28,3,37,89,33,118" hai3="102,26,36,55,60,107,1,70,56,115,126,14,135"/><T127/><D105/><U0/><E13/><V63/><F3/><W96/><G1/><T12/><D39/><U80/><E0/><V58/><F33/><W49/><G115/><T83/><D122/><U121/><E80/><V30/><F78/><W20/><G126/><N who="2" m="48745" /><F118/><W90/><G36/><T88/><D127/><U123/><REACH who="1" step="1"/><E42/><REACH who="1" ten="250,240,250,250" step="2"/><N who="2" m="22735" /><F22/><W10/><G20/><T84/><D113/><U133/><AGARI ba="0,1" hai="21,23,32,34,46,47,85,87,108,109,121,123,133,134" machi="133" ten="25,16000,3" yaku="1,1,0,1,22,2,52,2,53,2" doraHai="128" doraHaiUra="19" who="1" fromWho="1" sc="250,-80,240,170,250,-40,250,-40" /><INIT seed="1,0,0,0,4,92" ten="170,410,210,210" oya="1" hai0="116,94,54,113,78,100,124,99,26,7,76,96,6" hai1="30,97,20,67,65,40,108,45,70,120,112,62,39" hai2="90,111,109,130,42,58,16,128,98,91,8,2,48" hai3="37,103,33,73,4,74,83,68,3,52,12,17,114"/><U80/><E120/><V59/><F42/><W32/><G68/><T64/><D113/><U34/><E112/><V82/><F82/><W134/><G114/><T24/><D116/><U41/><E20/><V87/><F87/><W56/><G134/><T43/><D43/><U79/><E67/><V106/><F106/><W23/><G37/><T115/><D115/><U21/><E21/><V18/><F2/><W51/><G103/><T50/><D64/><U11/><E41/><V125/><F8/><W14/><G3/><T46/><D124/><U25/><E11/><V95/><F125/><W61/><G4/><N who="0" m="1579" /><D99/><U27/><E27/><AGARI ba="0,0" hai="24,26,27,46,50,54,76,78,94,96,100" m="1579" machi="27" ten="30,2000,0" yaku="8,1,52,1" doraHai="92" who="0" fromWho="1" sc="170,20,410,-20,210,0,210,0" /><INIT seed="2,0,0,3,2,7" ten="190,390,210,210" oya="2" hai0="33,116,14,20,54,85,55,81,121,5,126,66,120" hai1="56,61,42,131,60,36,95,68,47,122,49,29,17" hai2="80,30,91,28,15,76,87,39,78,106,105,53,135" hai3="57,82,58,83,1,119,123,124,41,21,101,73,94"/><V108/><F39/><W75/><G1/><T40/><D33/><U31/><E122/><V27/><F135/><W133/><G123/><T26/><D120/><U64/><E131/><V69/><F69/><W38/><G133/><T9/><D121/><U96/><E17/><V43/><F43/><W8/><G119/><T97/><D126/><U24/><E36/><V67/><F67/><W70/><G70/><T125/><D125/><U44/><E44/><V86/><F108/><W132/><G132/><T79/><D116/><U77/><E77/><V134/><F134/><W23/><G124/><T98/><D66/><U100/><E24/><V111/><F111/><W88/><G38/><T99/><REACH who="0" step="1"/><D40/><REACH who="0" ten="180,390,210,210" step="2"/><U51/><E51/><V25/><F53/><AGARI ba="0,1" hai="29,31,42,47,49,53,56,60,61,64,68,95,96,100" machi="53" ten="30,1000,0" yaku="7,1" doraHai="7" who="1" fromWho="2" sc="180,0,390,20,210,-10,210,0" /><INIT seed="3,0,0,1,1,59" ten="180,410,200,210" oya="3" hai0="2,99,22,64,54,51,134,56,120,3,97,14,126" hai1="66,40,67,25,18,55,85,72,93,43,91,60,30" hai2="7,42,94,71,24,80,13,48,106,29,33,49,98" hai3="28,58,16,37,46,75,88,50,130,1,38,31,36"/><W61/><G75/><T68/><D120/><U73/><E67/><V121/><F121/><W87/><G1/><T63/><D134/><U65/><E65/><V76/><F106/><W82/><G130/><T102/><D126/><U84/><E55/><V62/><F42/><W113/><G113/><T96/><REACH who="0" step="1"/><D102/><REACH who="0" ten="170,410,200,210" step="2"/><U53/><E72/><V86/><F33/><W20/><G38/><T17/><AGARI ba="0,1" hai="2,3,14,17,22,51,54,56,63,64,68,96,97,99" machi="17" ten="30,12000,2" yaku="1,1,2,1,0,1,52,1,53,3" doraHai="59" doraHaiUra="92" who="0" fromWho="0" sc="170,130,410,-30,200,-30,210,-60" owari="300,10.0,380,48.0,170,-23.0,150,-35.0" /></mjloggm>