<mjloggm ver="2.3"><GO type="225" lobby="0"/><UN n0="%E8%BE%9B%E5%8F%A3%E3%82%AB%E3%83%AC%E3%83%BC%E3%83%A9%E3%82%A4%E3%82%B9" n1="%E7%89%8C%E6%B5%81%E7%8A%B6%E6%85%8B%E9%BA%BB%E9%9B%80" n2="%E6%A1%9C%E8%8A%B1%E9%96%83%E3%80%85" n3="%E6%A0%B9%E5%85%83%E3%81%8B%E3%82%89%E5%90%B9%E3%81%A3%E9%A3%9B%E3%81%B6" dan="17,18,16,17" rate="2243.56,2213.13,2207.72,2166.45" sx="M,M,M,F"/><TAIKYOKU oya="0"/><INIT seed="0,0,0,0,1,80" ten="250,250,250,250" oya="0" hai0="14,58,112,81,1,59,36,66,31,32,16,23,41" hai1="95,6,5,124,116,84,132,28,3,131,46,17,12" hai2="39,37,114,33,35,9,61,2,105,75,42,0,45" hai3="110,121,56,44,101,125,63,85,55,43,100,106,7"/><T4/><D112/><U78/><E116/><V93/><F93/><W83/><G110/><T109/><D109/><U8/><E131/><V34/><F114/><W104/><G125/><T97/><D66/><U40/><E124/><V115/><F115/><W119/><G119/><T128/><D128/><U108/><E108/><V120/><F120/><W89/><G121/><T117/><D117/><U27/><E3/><V21/><F21/><W11/><G106/><T79/><D97/><U99/><E132/><V69/><F75/><W54/><G104/><T73/><D31/><U90/><E78/><V82/><F82/><W24/><G24/><T10/><REACH who="0" step="1"/><D32/><REACH who="0" ten="240,250,250,250" step="2"/><U71/><E99/><V87/><F34/><W13/><REACH who="3" step="1"/><G55/><REACH who="3" ten="240,250,250,240" step="2"/><T30/><D30/><U123/><E123/><V60/><F105/><W38/><AGARI ba="0,2" hai="7,11,13,38,43,44,54,56,63,83,85,89,100,101" machi="38" ten="20,12000,2" yaku="1,1,2,1,0,1,7,1,52,1,53,1" doraHai="80" doraHaiUra="76" who="3" fromWho="3" sc="240,-60,250,-30,250,-30,240,140" /><INIT seed="1,0,0,2,2,122" ten="180,220,220,380" oya="1" hai0="4,46,130,76,27,52,100,75,87,3,66,81,99" hai1="21,61,33,56,16,92,132,90,113,83,69,71,96" hai2="55,129,36,15,60,53,80,1,17,72,134,116,117" hai3="8,20,70,62,127,95,118,64,14,10,125,2,128"/><U79/><E113/><V29/><F1/><W48/><G128/><T58/><D130/><U7/><E132/><V85/><F129/><W63/><G118/><T114/><D114/><U32/><E7/><V42/><F72/><W68/><G48/><T121/><D121/><U25/><E71/><V39/><F29/><W97/><G20/><T34/><D66/><U12/><E12/><V109/><F134/><W41/><G41/><T119/><D119/><U65/><REACH who="1" step="1"/><E69/><REACH who="1" ten="180,210,220,380" step="2"/><V67/><F15/><W51/><G68/><T37/><D4/><U88/><E88/><V30/><F117/><W101/><G70/><T98/><D3/><U26/><E26/><V123/><F116/><W28/><G14/><T89/><D27/><U131/><E131/><V6/><F6/><W102/><G2/><T111/><D111/><U126/><E126/><V84/><F123/><W59/><G127/><T78/><D100/><U110/><E110/><V18/><F109/><W77/><G102/><T50/><D78/><U49/><E49/><V24/><F24/><W94/><G77/><T107/><D37/><U38/><E38/><V82/><F39/><W11/><G51/><T0/><D0/><U104/><E104/><V133/><F36/><W31/><G125/><T45/><D107/><U106/><E106/><V73/><F133/><W93/><G63/><T13/><D13/><U115/><E115/><V22/><F60/><W120/><G120/><T135/><D135/><U47/><E47/><N who="0" m="17929" /><D34/><U54/><E54/><V112/><F112/><W5/><G5/><T124/><D124/><U9/><E9/><RYUUKYOKU ba="0,1" sc="180,10,210,10,220,-30,380,10" hai0="50,52,58,75,76,81,87,89,98,99" hai1="16,21,25,32,33,56,61,65,79,83,90,92,96" hai3="8,10,11,28,31,59,62,64,93,94,95,97,101" /><INIT seed="1,1,1,3,2,11" ten="190,220,190,390" oya="1" hai0="52,28,42,85,66,46,55,33,15,127,106,115,63" hai1="19,97,98,90,76,113,58,54,7,112,61,94,132" hai2="73,69,10,30,116,62,91,118,79,9,105,57,87" hai3="41,49,99,43,92,74,119,48,60,123,1,100,114"/><U135/><E7/><V86/><F69/><W13/><G123/><T50/><D115/><U83/><E98/><V121/><F121/><W77/><G1/><T35/><D106/><U64/><E64/><V96/><F30/><W81/><G114/><T34/><D28/><U68/><E68/><V120/><F120/><W21/><G119/><T53/><D127/><U125/><E125/><V45/><F45/><W71/><G48/><T44/><D85/><U130/><E130/><V47/><F47/><W129/><G129/><T107/><D107/><U80/><E80/><N who="2" m="45167" /><F10/><W93/><G93/><T131/><D131/><U134/><REACH who="1" step="1"/><E19/><REACH who="1" ten="190,210,190,390" step="2"/><V31/><F96/><W5/><G5/><T26/><D66/><U67/><E67/><V22/><F118/><W4/><G4/><T38/><D63/><U101/><E101/><V59/><F62/><W124/><G124/><T18/><REACH who="0" step="1"/><D26/><REACH who="0" ten="180,210,190,390" step="2"/><U24/><E24/><V27/><F27/><W14/><G60/><T8/><AGARI ba="1,3" hai="8,15,18,33,34,35,38,42,44,46,50,52,53,55" machi="8" ten="30,8000,1" yaku="1,1,2,1,0,1,52,1,54,1,53,0" doraHai="11" doraHaiUra="95" who="0" fromWho="0" sc="180,113,210,-41,190,-21,390,-21" /><INIT seed="2,0,0,1,1,51" ten="293,169,169,369" oya="2" hai0="134,65,38,17,94,86,57,115,130,34,35,13,85" hai1="52,108,82,23,54,40,70,103,101,116,1,45,69" hai2="10,128,71,109,112,122,81,56,73,84,3,60,129" hai3="90,36,11,104,27,42,88,77,14,5,79,58,12"/><V111/><F112/><W7/><G104/><T68/><D115/><U19/><E1/><V123/><F73/><W48/><G36/><T15/><D38/><U114/><E116/><V106/><F106/><W118/><G118/><T75/><D75/><U93/><E114/><V117/><F71/><W26/><G48/><T25/><D68/><U32/><E32/><V102/><F102/><W89/><G58/><T83/><D25/><N who="3" m="9225" /><G42/><T24/><D24/><N who="1" m="14463" /><E108/><N who="2" m="41547" /><F10/><AGARI ba="0,0" hai="5,7,10,11,12,14,77,79,88,89,90" m="9225" machi="10" ten="30,2000,0" yaku="8,1,54,1" doraHai="51" who="3" fromWho="2" sc="293,0,169,0,169,-20,369,20" /><INIT seed="3,0,0,1,0,127" ten="293,169,149,389" oya="3" hai0="92,90,25,31,98,117,46,20,17,27,10,105,107" hai1="12,71,114,129,47,73,4,53,109,86,19,7,70" hai2="40,81,112,134,79,35,30,80,132,123,89,41,85" hai3="62,100,32,9,131,97,57,78,11,96,101,13,22"/><W126/><G131/><T0/><D117/><U28/><E73/><V24/><F112/><W104/><G32/><T51/><D0/><U50/><E129/><V16/><F123/><W125/><G78/><T91/><D91/><U111/><E28/><V38/><F38/><W54/><G22/><T66/><D66/><U121/><E86/><V26/><F26/><W99/><G11/><T36/><D36/><U56/><E56/><V52/><F16/><W103/><G104/><T55/><REACH who="0" step="1"/><D10/><REACH who="0" ten="283,169,149,389" step="2"/><N who="1" m="6551" /><E121/><V124/><F124/><N who="3" m="47723" /><G103/><T63/><D63/><U15/><E114/><V82/><F52/><W67/><G67/><T59/><D59/><U135/><E53/><V29/><F29/><W116/><G116/><T45/><D45/><U39/><E47/><V87/><REACH who="2" step="1"/><F81/><REACH who="2" ten="283,169,139,389" step="2"/><W6/><AGARI ba="0,2" hai="6,9,13,54,57,62,96,97,99,100,101" m="47723" machi="6" ten="30,1500,0" yaku="18,1" doraHai="127" who="3" fromWho="3" sc="283,-5,169,-5,139,-5,389,35" owari="278,7.8,164,-23.6,134,-36.6,424,52.4" /></mjloggm>