<mjloggm ver="2.3"><GO type="225" lobby="0"/><UN n0="%77%72%77%72%77%72%77%72" n1="%E3%81%A8%E3%82%93%E3%81%A8%E3%81%93%E3%81%A8%E3%82%93" n2="%6D%75%75%6D%75%72%61" n3="%E3%83%AC%E3%82%A4%E3%83%88%E3%83%B3%E5%87%86%E6%95%99%E6%8E%88" dan="16,16,16,19" rate="2172.98,2112.70,2114.27,2287.06" sx="M,F,F,M"/><TAIKYOKU oya="0"/><INIT seed="0,0,0,3,2,32" ten="250,250,250,250" oya="0" hai0="19,120,24,1,127,61,2,14,58,45,13,119,47" hai1="90,102,62,26,71,63,23,111,89,25,72,4,82" hai2="77,36,70,128,123,132,103,21,114,95,46,65,16" hai3="7,105,110,50,27,115,116,98,11,118,12,39,108"/><T28/><D119/><U99/><E111/><N who="3" m="42538" /><G39/><T52/><D120/><U130/><E130/><V44/><F123/><W80/><G115/><T64/><D127/><U37/><E37/><V31/><F114/><W22/><G80/><T15/><D19/><U117/><E117/><V55/><F128/><W83/><G83/><T69/><D45/><U125/><E125/><V96/><F132/><W86/><G86/><T73/><D47/><U17/><E4/><V43/><F77/><W60/><G50/><T112/><D73/><U122/><E122/><V133/><F133/><W66/><G98/><T51/><REACH who="0" step="1"/><D112/><REACH who="0" ten="240,250,250,250" step="2"/><U131/><E72/><V78/><F44/><W53/><G105/><T33/><AGARI ba="0,1" hai="1,2,13,14,15,24,28,33,51,52,58,61,64,69" machi="33" ten="30,18000,2" yaku="1,1,2,1,0,1,52,2,54,1,53,0" doraHai="32" doraHaiUra="85" who="0" fromWho="0" sc="240,190,250,-60,250,-60,250,-60" /><INIT seed="0,1,0,3,1,129" ten="430,190,190,190" oya="0" hai0="18,92,99,84,68,32,118,62,47,22,5,30,87" hai1="91,75,23,117,107,132,8,0,64,9,98,56,15" hai2="28,86,76,116,100,27,104,11,83,111,50,44,70" hai3="26,127,113,93,40,105,81,74,124,79,78,110,35"/><T25/><D118/><U97/><E117/><V115/><F116/><W2/><G113/><T51/><D5/><U106/><E75/><V14/><F115/><W126/><G105/><T101/><D68/><U82/><E0/><V114/><F114/><W73/><G2/><T122/><D62/><N who="1" m="37959" /><E106/><V60/><F111/><W103/><G40/><T121/><D121/><U4/><E107/><V120/><F120/><W41/><G41/><T52/><REACH who="0" step="1"/><D122/><REACH who="0" ten="420,190,190,190" step="2"/><U61/><E4/><V49/><F70/><W24/><G110/><T7/><D7/><U33/><E61/><V130/><F60/><W17/><G126/><T131/><D131/><U134/><E33/><V85/><F130/><W119/><G35/><T59/><D59/><U71/><E71/><V90/><F50/><W19/><G119/><T31/><D31/><U42/><E132/><V63/><F63/><W102/><G124/><T108/><D108/><U10/><E134/><V128/><F128/><W3/><G127/><T58/><D58/><U69/><E69/><V53/><F28/><W36/><G3/><T37/><D37/><U13/><E42/><V96/><F49/><W95/><G36/><T20/><D20/><U80/><E23/><V34/><F34/><W135/><G135/><T123/><D123/><U46/><E46/><V94/><F44/><W57/><G57/><T45/><D45/><U38/><E38/><V6/><F53/><W77/><G19/><T16/><D16/><U66/><E66/><V109/><F109/><W67/><G17/><T88/><D88/><U89/><E91/><V65/><F65/><RYUUKYOKU ba="1,1" sc="420,15,190,-15,190,15,190,-15" hai0="18,22,25,30,32,47,51,52,84,87,92,99,101" hai2="6,11,14,27,76,83,85,86,90,94,96,100,104" /><INIT seed="0,2,1,0,3,38" ten="435,175,205,175" oya="0" hai0="65,63,130,90,119,115,89,82,110,72,78,40,16" hai1="114,29,44,6,71,129,75,111,116,88,95,28,55" hai2="73,33,20,26,120,36,97,4,117,34,45,85,13" hai3="127,93,101,19,59,98,96,103,18,0,37,52,113"/><T3/><D115/><U11/><E116/><V109/><F120/><W87/><G113/><T21/><D119/><U79/><E114/><V1/><F117/><W22/><G37/><T132/><D3/><U56/><E71/><V48/><F73/><W118/><G0/><T81/><D130/><U43/><E111/><V30/><F109/><W135/><G135/><T32/><D32/><U57/><E129/><V50/><F1/><W91/><G127/><T128/><D128/><U131/><E131/><V106/><F85/><W107/><G22/><T70/><D132/><U133/><E133/><V2/><F2/><W66/><G66/><T9/><D9/><U86/><E75/><V12/><F36/><W64/><G64/><T14/><D110/><U67/><E79/><V39/><F39/><W104/><REACH who="3" step="1"/><G118/><REACH who="3" ten="435,175,205,165" step="2"/><T112/><D112/><U27/><E67/><V102/><F34/><W15/><G15/><T17/><D14/><N who="1" m="5495" /><E27/><V99/><F33/><W76/><G76/><T105/><D21/><U25/><E25/><V58/><F12/><W7/><G7/><T62/><D65/><U10/><E10/><V54/><F13/><W80/><G80/><T74/><D78/><U125/><E125/><V5/><REACH who="2" step="1"/><F99/><REACH who="2" ten="435,175,195,165" step="2"/><W108/><G108/><T35/><D35/><U69/><E69/><V41/><AGARI ba="2,3" hai="4,5,20,26,30,41,45,48,50,54,58,97,102,106" machi="41" ten="20,8000,1" yaku="1,1,2,1,0,1,7,1,52,1,53,0" doraHai="38" doraHaiUra="8" who="2" fromWho="2" sc="435,-42,175,-22,195,116,165,-22" /><INIT seed="1,0,0,1,1,135" ten="393,153,311,143" oya="1" hai0="15,109,91,129,69,1,82,132,106,28,131,46,98" hai1="111,133,58,42,115,94,36,123,74,107,8,105,48" hai2="50,43,9,110,25,47,125,57,95,34,37,29,128" hai3="68,117,83,49,62,96,33,85,67,99,120,127,89"/><U11/><E115/><V65/><F110/><W59/><G120/><T119/><D119/><U101/><E123/><V54/><F128/><N who="0" m="49226" /><D1/><U134/><E74/><V73/><F73/><W51/><G117/><T55/><D109/><U113/><E36/><V7/><F125/><W53/><G33/><T81/><D132/><N who="1" m="50795" /><E113/><V32/><F95/><W19/><G127/><T114/><D114/><U20/><E111/><V124/><F124/><W38/><G38/><T80/><D69/><U87/><E20/><V16/><F34/><W64/><G64/><T130/><D130/><U24/><E24/><V79/><F65/><W116/><G116/><T66/><D66/><U70/><E70/><V103/><F32/><W108/><G108/><T92/><D28/><U23/><E23/><V56/><F29/><W10/><REACH who="3" step="1"/><G49/><REACH who="3" ten="393,153,311,133" step="2"/><N who="0" m="29111" /><D106/><U102/><E105/><V44/><F37/><W126/><G126/><T52/><D15/><AGARI ba="0,1" hai="10,15,19,51,53,59,62,67,68,83,85,89,96,99" machi="15" ten="40,2600,0" yaku="1,1,53,1" doraHai="135" doraHaiUra="78" who="3" fromWho="0" sc="393,-26,153,0,311,0,133,36" /><INIT seed="2,0,0,2,2,91" ten="367,153,311,169" oya="2" hai0="3,125,65,63,116,79,104,29,81,103,13,49,47" hai1="68,124,35,110,117,22,123,127,101,70,14,129,120" hai2="128,27,82,122,114,97,53,30,42,34,75,108,15" hai3="7,38,1,44,40,48,80,23,83,20,69,67,17"/><V99/><F114/><W72/><G17/><T115/><D3/><U10/><E101/><V37/><F122/><N who="1" m="46633" /><E35/><V9/><F128/><W52/><G80/><T86/><D29/><U73/><E73/><V24/><F108/><W90/><G67/><T131/><D13/><U54/><E117/><V33/><F53/><W62/><G62/><T89/><D49/><U59/><E22/><V87/><F75/><W45/><G69/><T43/><D47/><U19/><E110/><V4/><F42/><W58/><G45/><T26/><D86/><U41/><E41/><V105/><F37/><W56/><G56/><T93/><D81/><U133/><E133/><V21/><F105/><W107/><G107/><T98/><D89/><U118/><E118/><V130/><F130/><W109/><G90/><T16/><D26/><U132/><E132/><V78/><REACH who="2" step="1"/><F34/><REACH who="2" ten="367,153,301,169" step="2"/><W71/><G109/><T64/><D43/><U112/><E112/><V96/><F96/><W111/><G111/><T25/><D98/><U2/><E129/><V113/><F113/><W95/><G40/><T134/><D104/><U51/><E2/><V11/><F11/><W77/><G38/><T126/><D131/><U102/><E102/><V85/><F85/><W121/><G1/><T55/><D103/><U50/><E51/><V6/><F6/><W119/><G7/><T92/><D115/><U66/><E66/><V8/><F8/><W5/><G121/><T135/><D65/><U28/><E28/><AGARI ba="0,1" hai="4,9,15,21,24,27,28,30,33,78,82,87,97,99" machi="28" ten="30,2900,0" yaku="1,1,7,1,53,0" doraHai="91" doraHaiUra="60" who="2" fromWho="1" sc="367,0,153,-29,301,39,169,0" /><INIT seed="2,1,0,3,4,49" ten="367,124,340,169" oya="2" hai0="29,75,71,99,31,91,88,113,58,27,87,80,76" hai1="70,103,110,40,65,129,13,84,81,44,122,67,116" hai2="7,22,107,104,74,21,36,18,83,77,93,57,38" hai3="86,39,46,135,55,1,54,72,56,63,133,106,109"/><V16/><F7/><W37/><G72/><T118/><D71/><U51/><E116/><V119/><F119/><W24/><G106/><T108/><D113/><U53/><E110/><V82/><F93/><W23/><G1/><T78/><D108/><U128/><E122/><V98/><F82/><W32/><G32/><T8/><D118/><U9/><E103/><V85/><F74/><W89/><G109/><T52/><D8/><U132/><E132/><N who="3" m="50762" /><G46/><T43/><D43/><U66/><E70/><V61/><F22/><W100/><G100/><T124/><D124/><U34/><E34/><V33/><F33/><W126/><G126/><T60/><D75/><U45/><E45/><V123/><F123/><W35/><G35/><T95/><D31/><U28/><E28/><V120/><F120/><W62/><G62/><T127/><D127/><U59/><E84/><V64/><F18/><N who="3" m="12407" /><G55/><T121/><D121/><U25/><E25/><V92/><F104/><W90/><G90/><T94/><D29/><U68/><E81/><AGARI ba="1,0" hai="37,39,54,56,63,81,86,89" m="12407,50762" machi="81" ten="30,2000,0" yaku="20,1,52,1" doraHai="49" who="3" fromWho="1" sc="367,0,124,-23,340,0,169,23" /><INIT seed="3,0,0,3,4,43" ten="367,101,340,192" oya="3" hai0="68,96,111,132,85,126,5,101,10,25,92,11,50" hai1="2,42,60,34,0,72,86,14,128,88,12,75,1" hai2="29,98,7,87,57,18,13,20,36,134,89,131,119" hai3="97,3,94,79,117,19,81,4,102,77,56,122,109"/><W114/><G114/><T8/><D68/><U21/><E34/><V100/><F119/><W46/><G117/><T115/><D111/><U112/><E112/><V105/><F131/><W53/><G122/><T33/><D115/><U125/><E125/><V52/><F134/><W45/><G4/><T95/><D126/><U44/><E128/><V129/><F129/><W31/><G3/><T124/><D132/><U120/><E60/><V16/><F36/><W22/><G31/><T135/><D33/><U133/><E120/><V83/><F29/><W24/><G109/><T40/><D135/><U67/><E67/><V51/><REACH who="2" step="1"/><F20/><REACH who="2" ten="367,101,330,192" step="2"/><W121/><G121/><T93/><D124/><U116/><E116/><V104/><F104/><W26/><G26/><T55/><D25/><U82/><E133/><V76/><F76/><N who="3" m="29259" /><G81/><T23/><D23/><U63/><E63/><AGARI ba="0,1" hai="19,22,24,45,46,53,56,63,94,97,102" m="29259" machi="63" ten="30,5800,0" yaku="8,1,52,2" doraHai="43" who="3" fromWho="1" sc="367,0,101,-58,330,0,192,68" /><INIT seed="3,1,0,4,4,92" ten="367,43,330,260" oya="3" hai0="65,59,32,97,76,131,22,84,101,72,75,79,45" hai1="133,85,51,83,54,30,10,124,71,89,70,107,114" hai2="128,19,98,37,126,21,109,99,81,88,115,82,48" hai3="67,25,11,111,64,47,5,20,87,15,53,16,27"/><W90/><G111/><T12/><D32/><U91/><E114/><V1/><F37/><W14/><G53/><T123/><D123/><U9/><E107/><V6/><F115/><W56/><G47/><T50/><D131/><U104/><E104/><V36/><F36/><W63/><REACH who="3" step="1"/><G64/><REACH who="3" ten="367,43,330,250" step="2"/><T135/><D135/><U44/><E133/><V26/><F109/><W112/><G112/><T58/><D65/><U60/><E54/><V125/><F128/><W38/><G38/><T103/><D45/><U29/><E44/><V52/><F125/><W95/><AGARI ba="1,1" hai="5,11,14,15,16,20,25,27,56,63,67,87,90,95" machi="95" ten="20,18000,2" yaku="1,1,0,1,7,1,8,1,54,1,53,1" doraHai="92" doraHaiUra="80" who="3" fromWho="3" sc="367,-61,43,-61,330,-61,250,193" owari="306,10.6,-18,-51.8,269,-13.1,443,54.3" /></mjloggm>