<mjloggm ver="2.3"><GO type="225" lobby="0"/><UN n0="%E6%A1%9C%E8%8A%B1%E9%96%83%E3%80%85" n1="%43%68%65" n2="%E5%AE%AE%E4%BF%9D%E9%B6%8F%E8%82%89" n3="%73%6C%69%63%6B%33%31%39" dan="18,16,16,16" rate="2281.24,2142.52,2141.73,2202.99" sx="M,M,M,M"/><TAIKYOKU oya="0"/><INIT seed="0,0,0,2,5,20" ten="250,250,250,250" oya="0" hai0="1,48,87,129,98,113,41,66,109,130,47,43,95" hai1="52,77,125,81,38,53,35,67,106,111,10,8,103" hai2="58,6,34,62,72,97,27,19,108,73,91,2,96" hai3="79,122,11,9,100,78,120,84,80,0,121,25,13"/><T40/><D1/><U33/><E38/><V44/><F108/><W54/><G100/><T88/><D113/><U4/><E111/><V17/><F2/><W18/><G79/><T68/><D109/><U63/><E125/><V134/><F6/><W30/><G54/><T116/><D116/><U14/><E10/><V128/><F128/><W12/><G0/><T26/><D98/><U112/><E112/><V115/><F134/><W57/><G57/><T70/><D26/><U37/><E37/><V90/><F115/><W21/><REACH who="3" step="1"/><G12/><REACH who="3" ten="250,250,250,240" step="2"/><T135/><D135/><U104/><E103/><V102/><F102/><W126/><G126/><T69/><REACH who="0" step="1"/><D66/><REACH who="0" ten="240,250,250,240" step="2"/><U24/><E67/><V42/><F97/><W127/><G127/><T92/><D92/><U107/><E107/><V131/><F96/><W28/><G28/><T75/><D75/><U15/><E106/><V123/><F72/><W71/><G71/><T50/><D50/><U132/><E104/><V61/><F73/><W36/><G36/><T82/><D82/><U119/><E81/><V56/><F62/><W114/><G114/><T94/><D94/><U29/><E63/><V5/><F61/><W64/><G64/><T3/><D3/><U74/><E132/><V55/><F27/><W59/><G59/><T32/><D32/><AGARI ba="0,2" hai="9,11,13,18,21,25,30,32,78,80,84,120,121,122" machi="32" ten="40,8000,1" yaku="1,1,13,1,52,1,53,2" doraHai="20" doraHaiUra="7" who="3" fromWho="0" sc="240,-80,250,0,250,0,240,100" /><INIT seed="1,0,0,3,0,121" ten="160,250,250,340" oya="1" hai0="23,128,28,42,98,29,46,30,6,79,117,96,120" hai1="83,8,24,110,118,123,27,95,53,65,36,99,48" hai2="56,18,37,10,122,70,61,114,74,9,100,60,71" hai3="32,86,127,68,133,119,64,59,19,52,77,109,90"/><U5/><E118/><V13/><F122/><W12/><G32/><T26/><D120/><U129/><E36/><V58/><F37/><W92/><G119/><T94/><D117/><U124/><E123/><V62/><F74/><W93/><G127/><T16/><D128/><U41/><E41/><V2/><F114/><W57/><G109/><T89/><D79/><U15/><E124/><V47/><F47/><W39/><G39/><T54/><D6/><U43/><E43/><V102/><F2/><W69/><G77/><T34/><D54/><U78/><E65/><V14/><F61/><N who="3" m="37935" /><G68/><T85/><REACH who="0" step="1"/><D34/><REACH who="0" ten="150,250,250,340" step="2"/><U44/><E129/><V63/><F70/><W1/><G52/><T45/><D45/><U88/><REACH who="1" step="1"/><E110/><REACH who="1" ten="150,240,250,340" step="2"/><V55/><F71/><W20/><G69/><T72/><D72/><AGARI ba="0,2" hai="5,8,15,24,27,44,48,53,72,78,83,88,95,99" machi="72" ten="30,11600,0" yaku="1,1,2,1,7,1,54,1,53,0" doraHai="121" doraHaiUra="67" who="1" fromWho="0" sc="150,-116,240,136,250,0,340,0" /><INIT seed="1,1,0,0,3,79" ten="34,376,250,340" oya="1" hai0="130,34,50,14,119,72,124,60,103,117,126,80,74" hai1="105,36,28,44,70,120,53,95,9,27,85,45,35" hai2="5,16,88,46,11,83,48,127,116,77,75,89,0" hai3="56,100,113,86,39,25,91,55,63,7,65,19,122"/><U15/><E105/><V6/><F116/><N who="0" m="44618" /><D14/><U101/><E120/><V41/><F127/><N who="0" m="48682" /><D50/><U33/><E33/><V84/><F6/><W93/><G122/><T8/><D60/><U110/><E70/><V64/><F64/><W13/><G113/><T102/><D8/><U118/><E118/><V29/><F29/><W57/><G100/><N who="0" m="38443" /><D34/><U4/><E36/><V58/><F58/><W31/><G39/><T108/><D108/><U90/><E110/><V26/><REACH who="2" step="1"/><F75/><REACH who="2" ten="34,376,240,340" step="2"/><N who="0" m="28714" /><D130/><U107/><E53/><V73/><F73/><W47/><G55/><T76/><D76/><U32/><E32/><V67/><F67/><W40/><G65/><T12/><D12/><U71/><E71/><V69/><F69/><W115/><G13/><T2/><D2/><U129/><E129/><V66/><F66/><W106/><G7/><T1/><D1/><U82/><E107/><V99/><F99/><W17/><G106/><T49/><D49/><U97/><AGARI ba="1,1" hai="4,9,15,27,28,35,44,45,82,85,90,95,97,101" machi="97" ten="30,3000,0" yaku="0,1,52,1" doraHai="79" who="1" fromWho="1" sc="34,-11,376,43,240,-11,340,-11" /><INIT seed="1,2,0,5,5,55" ten="23,419,229,329" oya="1" hai0="80,12,122,135,63,35,116,87,101,31,121,60,50" hai1="86,100,26,76,33,8,75,110,43,88,65,117,34" hai2="108,2,124,98,78,16,111,39,29,132,92,30,118" hai3="32,99,83,69,112,115,25,48,119,36,56,14,20"/><U85/><E117/><V19/><F118/><W96/><G36/><T126/><D116/><U106/><E43/><V45/><F2/><W79/><G69/><T41/><D126/><U91/><E8/><V11/><F124/><W133/><G119/><T107/><D135/><U66/><E26/><V94/><F78/><W90/><G32/><T5/><D35/><U120/><E120/><V77/><F77/><W7/><G133/><T1/><D1/><U3/><E3/><V52/><F132/><W57/><G112/><T134/><D31/><U44/><E44/><V113/><F113/><W9/><G115/><T47/><D134/><U0/><E0/><V109/><F94/><N who="3" m="56407" /><G99/><T64/><D107/><U27/><E76/><V93/><F92/><W84/><G48/><T95/><D95/><U131/><E106/><V127/><F127/><W70/><G70/><T125/><D101/><U71/><E100/><V51/><F39/><W15/><G15/><T10/><D125/><U105/><E105/><V89/><F11/><W82/><G82/><T59/><REACH who="0" step="1"/><D63/><REACH who="0" ten="13,419,229,329" step="2"/><U68/><E34/><V46/><F30/><AGARI ba="2,1" hai="7,9,14,20,25,30,56,57,79,83,84" m="56407" machi="30" ten="30,3900,0" yaku="8,1,52,2" doraHai="55" who="3" fromWho="2" sc="13,0,419,0,229,-45,329,55" /><INIT seed="2,0,0,1,4,5" ten="13,419,184,384" oya="2" hai0="120,27,58,79,12,15,46,6,112,36,78,20,14" hai1="3,31,35,99,94,40,9,44,128,134,104,131,32" hai2="103,77,116,127,135,10,68,1,45,57,91,80,122" hai3="29,92,66,93,125,37,7,50,67,21,52,49,24"/><V64/><F116/><W30/><G37/><T90/><D120/><U75/><E75/><V48/><F122/><W98/><G125/><T132/><D112/><U88/><E104/><V41/><F68/><W22/><G7/><T123/><D123/><U39/><E134/><V47/><F135/><W33/><G33/><T100/><D132/><U110/><E110/><V54/><F127/><W102/><G50/><T113/><D113/><U4/><E31/><V85/><F103/><W111/><G111/><T96/><D90/><U133/><E133/><V26/><F26/><N who="3" m="16591" /><G93/><T81/><D58/><U0/><E0/><V65/><F47/><W56/><AGARI ba="0,0" hai="22,24,30,49,52,56,66,67,92,98,102" m="16591" machi="56" ten="30,2000,0" yaku="8,1,54,1" doraHai="5" who="3" fromWho="3" sc="13,-5,419,-5,184,-10,384,20" /><INIT seed="3,0,0,1,4,42" ten="8,414,174,404" oya="3" hai0="121,59,119,92,44,107,128,6,8,24,84,34,46" hai1="35,135,51,118,61,3,31,80,105,96,111,94,54" hai2="76,23,86,103,101,127,130,53,26,102,47,113,116" hai3="114,38,122,129,27,17,1,104,97,89,16,125,131"/><W109/><G122/><T11/><D11/><U68/><E3/><V33/><F33/><W32/><G114/><T115/><D115/><U106/><E111/><V48/><F116/><W9/><G109/><T126/><D126/><U49/><E118/><V52/><F130/><N who="3" m="49675" /><G125/><T67/><D67/><N who="1" m="41071" /><E135/><V108/><F108/><W81/><G38/><T14/><D14/><U78/><E94/><V19/><F127/><W77/><G32/><T99/><D99/><U134/><E106/><V73/><F73/><N who="3" m="43183" /><G27/><T7/><D7/><U25/><E54/><V69/><F69/><W120/><G120/><T124/><D124/><U57/><E57/><V12/><F113/><W82/><G82/><T65/><D65/><U36/><E36/><V22/><F53/><W43/><G43/><T110/><D110/><U37/><E37/><V2/><F2/><W87/><G87/><T4/><D4/><U63/><E63/><V64/><F64/><W112/><G112/><T88/><D88/><U98/><E98/><V132/><F132/><W29/><G29/><T40/><D40/><U83/><E134/><V66/><F66/><W123/><G123/><T70/><D70/><U100/><E83/><V20/><F76/><W79/><G79/><T15/><D15/><U95/><E95/><V71/><F71/><W18/><G89/><T39/><D39/><U55/><E55/><V117/><F117/><W90/><G90/><T93/><D93/><U72/><AGARI ba="0,0" hai="25,31,35,49,51,72,78,80,96,100,105" m="41071" machi="72" ten="30,1100,0" yaku="25,1" doraHai="42" who="1" fromWho="1" sc="8,-3,414,11,174,-3,404,-5" owari="5,-49.5,425,52.5,171,-22.9,399,19.9" /></mjloggm>