<mjloggm ver="2.3"><GO type="225" lobby="0"/><UN n0="%E3%83%A9%E3%83%BC%E3%83%A1%E3%83%B3%E4%BA%94%E9%83%8E" n1="%6D%75%75%73%61%6E%6D%75" n2="%E5%A4%96%E5%B7%9D%E7%AB%9C%E6%88%90" n3="%77%72%77%72%77%72%77%72" dan="16,16,16,17" rate="2107.30,2111.90,2104.44,2193.86" sx="M,F,M,M"/><TAIKYOKU oya="0"/><INIT seed="0,0,0,0,0,14" ten="250,250,250,250" oya="0" hai0="89,65,4,12,87,79,105,0,100,43,40,124,9" hai1="73,39,101,30,59,36,41,35,122,21,56,113,77" hai2="31,55,7,112,126,19,26,10,133,85,5,110,106" hai3="24,34,28,107,22,125,57,64,82,84,129,93,60"/><T16/><D79/><U94/><E122/><V62/><F106/><W78/><G129/><T120/><D120/><U83/><E35/><V102/><F112/><W134/><G134/><T68/><D124/><U45/><E113/><V109/><F102/><W119/><G125/><T63/><D100/><U61/><E39/><V98/><F98/><W67/><G119/><T20/><REACH who="0" step="1"/><D105/><REACH who="0" ten="240,250,250,250" step="2"/><U127/><E127/><V71/><F126/><W96/><G107/><T118/><D118/><U111/><E101/><V44/><F109/><W42/><G42/><T17/><D17/><U18/><E111/><V32/><F110/><W81/><G81/><AGARI ba="0,1" hai="0,4,9,12,16,20,40,43,63,65,68,81,87,89" machi="81" ten="30,12000,1" yaku="1,1,7,1,52,1,54,1,53,1" doraHai="14" doraHaiUra="13" who="0" fromWho="3" sc="240,130,250,0,250,0,250,-120" /><INIT seed="0,1,0,0,5,25" ten="370,250,250,130" oya="0" hai0="17,37,38,27,103,1,82,89,2,45,106,73,99" hai1="40,79,71,133,61,75,134,77,33,41,65,60,84" hai2="72,90,39,58,100,95,88,57,10,76,55,36,81" hai3="46,59,129,124,108,83,78,111,34,32,19,49,87"/><T0/><D45/><U98/><E75/><V74/><F74/><W42/><G129/><T6/><D6/><U110/><E33/><V24/><F57/><W43/><G124/><T11/><D11/><U4/><E110/><V80/><F10/><W14/><G42/><N who="1" m="16490" /><E4/><V92/><F100/><W22/><REACH who="3" step="1"/><G59/><REACH who="3" ten="370,250,250,120" step="2"/><T3/><D37/><U121/><E133/><V20/><F39/><W114/><G114/><T15/><D38/><U70/><E134/><V101/><F36/><W23/><G23/><T107/><D0/><U9/><E71/><V109/><F109/><AGARI ba="1,1" hai="14,19,22,32,34,43,46,49,78,83,87,108,109,111" machi="109" ten="40,2600,0" yaku="1,1,14,1,53,0" doraHai="25" doraHaiUra="35" who="3" fromWho="2" sc="370,0,250,0,250,-29,120,39" /><INIT seed="1,0,0,1,1,0" ten="370,250,221,159" oya="1" hai0="62,104,43,97,92,59,34,78,73,80,127,119,14" hai1="103,51,6,47,110,46,20,111,71,11,128,29,76" hai2="118,25,64,12,67,93,30,63,48,36,4,17,15" hai3="27,3,89,37,122,98,66,56,38,114,39,8,132"/><U91/><E71/><V84/><F118/><W100/><G114/><T50/><D119/><U121/><E121/><V134/><F134/><W55/><G122/><T24/><D127/><U90/><E103/><V49/><F36/><W9/><G132/><T70/><D14/><N who="1" m="5495" /><E76/><V13/><F17/><W126/><G126/><T41/><D104/><U131/><E20/><N who="2" m="15655" /><F63/><W10/><G89/><N who="1" m="33802" /><E29/><V109/><F109/><N who="1" m="41481" /><E47/><V99/><F84/><W113/><G113/><T58/><D70/><U54/><AGARI ba="0,0" hai="46,51,54,128,131" m="41481,33802,5495" machi="54" ten="30,6000,0" yaku="14,1,10,1,52,1" doraHai="0" who="1" fromWho="1" sc="370,-20,250,60,221,-20,159,-20" /><INIT seed="1,1,0,4,4,130" ten="350,310,201,139" oya="1" hai0="84,3,94,103,49,105,36,104,119,80,40,60,112" hai1="64,44,61,97,51,13,46,43,91,88,96,18,93" hai2="78,76,22,6,35,79,26,62,121,58,45,131,20" hai3="122,70,14,127,32,98,99,16,75,37,21,81,89"/><U5/><E5/><V66/><F121/><W74/><G122/><T110/><D112/><U38/><E91/><V69/><F131/><W7/><G37/><T71/><D3/><U90/><E90/><V34/><F6/><W107/><G70/><T48/><D119/><U15/><E96/><V101/><F101/><W113/><G113/><T115/><D115/><U87/><E97/><V95/><F95/><W85/><G32/><T77/><D36/><U109/><E109/><V59/><F45/><W83/><G127/><T124/><D124/><U10/><E15/><V125/><F125/><W106/><G7/><T123/><D123/><U128/><E128/><V72/><F72/><W118/><G118/><T114/><D114/><U100/><E100/><V0/><F0/><W134/><G134/><T126/><D126/><U12/><E13/><V53/><F69/><W25/><G74/><T116/><D71/><U92/><E64/><V11/><F11/><W27/><G107/><T135/><D104/><U47/><E61/><V65/><F65/><W52/><G106/><T82/><D105/><U67/><E67/><V8/><F8/><W19/><G27/><T33/><D33/><N who="2" m="12298" /><F26/><W57/><G81/><T28/><D110/><U132/><E132/><V2/><F2/><W56/><G56/><T68/><D135/><U17/><E46/><V86/><F86/><W108/><G75/><T111/><D111/><U24/><E92/><V117/><F117/><W50/><G108/><T73/><D116/><U42/><E24/><V39/><F39/><W133/><G133/><T23/><D103/><RYUUKYOKU ba="1,0" sc="350,-30,310,10,201,10,139,10" hai1="10,12,17,18,38,42,43,44,47,51,87,88,93" hai2="20,22,53,58,59,62,66,76,78,79" hai3="14,16,19,21,25,50,52,57,83,85,89,98,99" /><INIT seed="1,2,0,1,4,60" ten="320,320,211,149" oya="1" hai0="47,49,104,23,34,77,96,3,103,94,42,83,131" hai1="107,70,81,7,113,111,80,17,133,109,93,84,29" hai2="130,123,122,98,11,5,22,61,38,79,50,118,100" hai3="108,13,124,0,75,110,127,51,59,2,126,99,8"/><U89/><E107/><V30/><F38/><W121/><G75/><T135/><D34/><U21/><E113/><V33/><F33/><W57/><G99/><T20/><D131/><U92/><E133/><V10/><F79/><W78/><G78/><T90/><D3/><N who="3" m="1065" /><G51/><T31/><D31/><U119/><E119/><V106/><F118/><W95/><G95/><T66/><D135/><U48/><E7/><V19/><F30/><W55/><G55/><T82/><D82/><U16/><E70/><V9/><F5/><N who="3" m="3215" /><G57/><T86/><REACH who="0" step="1"/><D66/><REACH who="0" ten="310,320,211,149" step="2"/><U36/><E29/><V112/><F130/><W26/><G121/><T27/><D27/><N who="1" m="14759" /><E81/><V45/><F112/><W56/><G26/><T97/><AGARI ba="2,1" hai="20,23,42,47,49,77,83,86,90,94,96,97,103,104" machi="97" ten="20,5200,0" yaku="1,1,0,1,7,1,53,1" doraHai="60" doraHaiUra="74" who="0" fromWho="0" sc="310,68,320,-28,211,-15,149,-15" /><INIT seed="2,0,0,4,0,67" ten="378,292,196,134" oya="2" hai0="64,99,121,43,2,112,128,72,127,69,101,113,119" hai1="33,93,28,107,3,78,52,123,44,116,133,94,129" hai2="29,49,11,21,97,20,25,85,84,109,114,87,9" hai3="110,81,45,39,54,90,38,66,6,126,55,36,24"/><V135/><F114/><W1/><G1/><T95/><D121/><U26/><E116/><V57/><F135/><W47/><G6/><T75/><D119/><U98/><E133/><V62/><F109/><W51/><G24/><T15/><D127/><U111/><E111/><V14/><F49/><N who="3" m="28975" /><G90/><T88/><D2/><U134/><E129/><V79/><F79/><W102/><G81/><T86/><D128/><U34/><E134/><V76/><F76/><W12/><G12/><T63/><D43/><U91/><E3/><V7/><F9/><W35/><G102/><T74/><REACH who="0" step="1"/><D15/><REACH who="0" ten="368,292,196,134" step="2"/><U40/><E123/><V125/><F125/><W118/><G110/><T89/><D89/><U73/><E91/><V5/><F5/><W120/><G126/><T46/><D46/><U131/><E44/><V92/><F21/><W10/><G120/><T59/><D59/><U16/><E131/><V22/><F22/><W27/><G118/><T23/><D23/><U30/><E34/><V13/><F13/><W48/><G10/><T42/><D42/><U56/><E33/><V61/><REACH who="2" step="1"/><F57/><REACH who="2" ten="368,292,186,134" step="2"/><N who="3" m="32999" /><G35/><T77/><D77/><U32/><E78/><V117/><F117/><W58/><G27/><T18/><D18/><U105/><E16/><V100/><AGARI ba="0,2" hai="7,11,14,20,25,29,61,62,84,85,87,92,97,100" machi="100" ten="30,6000,0" yaku="1,1,0,1,8,1,53,0" doraHai="67" doraHaiUra="37" who="2" fromWho="2" sc="368,-20,292,-20,186,80,134,-20" /><INIT seed="2,1,0,3,3,73" ten="348,272,266,114" oya="2" hai0="107,93,65,7,114,72,113,127,6,132,69,87,111" hai1="58,35,27,94,77,126,74,3,60,23,40,134,51" hai2="133,21,99,109,122,55,131,10,123,79,96,81,4" hai3="1,121,34,15,59,128,32,54,97,135,64,12,52"/><V105/><F131/><W49/><G121/><T118/><D107/><U48/><E3/><V84/><F133/><W31/><G135/><T33/><D132/><U56/><E134/><V46/><F109/><W112/><G128/><T95/><D33/><U53/><E35/><V124/><F124/><W83/><G1/><T17/><D72/><U100/><E126/><V43/><F55/><W2/><G2/><T68/><D127/><U119/><E119/><V80/><F80/><W92/><G112/><T45/><D111/><U16/><E74/><V36/><F21/><W70/><G83/><T88/><D118/><U28/><E77/><V61/><F61/><W108/><G108/><T67/><D45/><N who="1" m="25639" /><E100/><V62/><F62/><W37/><G37/><T101/><D68/><U110/><E94/><V20/><F20/><W24/><G32/><T89/><D101/><U76/><E76/><V18/><F18/><W22/><G34/><T13/><D69/><U29/><E110/><V91/><F99/><W57/><G70/><T129/><D129/><U82/><E82/><V0/><REACH who="2" step="1"/><F91/><REACH who="2" ten="348,272,256,114" step="2"/><W125/><G125/><T42/><D114/><U11/><E11/><V9/><F9/><W19/><G64/><AGARI ba="1,1" hai="16,23,27,28,29,51,53,56,58,60,64" m="25639" machi="64" ten="30,2000,0" yaku="8,1,54,1" doraHai="73" who="1" fromWho="3" sc="348,0,272,33,256,0,114,-23" /><INIT seed="3,0,0,0,1,80" ten="348,305,256,91" oya="3" hai0="45,62,4,111,42,93,47,15,3,98,11,66,0" hai1="91,64,36,73,124,28,115,69,63,19,84,131,2" hai2="96,109,8,123,81,71,105,46,106,29,116,107,35" hai3="68,89,60,59,130,74,65,83,97,117,26,31,9"/><W48/><G117/><T103/><D111/><U88/><E115/><V49/><F116/><W33/><G130/><T113/><D113/><U39/><E73/><V38/><F109/><W108/><G108/><T87/><D87/><U85/><E2/><V119/><F119/><W1/><G74/><T52/><D52/><U76/><E131/><V51/><F123/><W37/><G37/><T94/><D94/><U10/><E76/><V101/><F51/><W58/><G48/><T55/><D55/><U90/><E28/><V27/><F49/><W25/><G25/><T5/><D5/><U72/><E72/><V17/><F81/><W61/><G61/><T120/><D120/><U118/><E118/><V44/><F44/><W54/><G54/><T56/><D47/><U121/><E121/><V104/><F17/><W122/><G122/><T21/><D21/><U128/><E128/><V100/><F8/><W75/><G75/><T24/><D24/><U114/><E114/><V79/><F79/><W57/><G97/><T7/><D7/><U92/><E90/><V16/><F16/><W32/><G32/><T86/><D86/><U126/><E19/><V67/><F101/><W99/><G99/><T95/><D95/><N who="1" m="54759" /><E10/><V110/><F110/><W129/><G129/><T134/><D134/><U132/><E132/><V41/><F106/><W20/><G33/><T82/><D82/><U34/><E34/><V133/><F133/><W22/><G22/><T77/><D77/><U127/><AGARI ba="0,0" hai="36,39,63,64,69,85,88,92,124,126,127" m="54759" machi="127" ten="30,7900,0" yaku="18,1,52,2,54,1" doraHai="80" who="1" fromWho="1" sc="348,-20,305,79,256,-20,91,-39" owari="328,12.8,384,48.4,236,-16.4,52,-44.8" /></mjloggm>