<mjloggm ver="2.3"><GO type="225" lobby="0"/><UN n0="%E8%A8%88%E7%AE%97%E6%A9%9F%E8%87%AA%E7%84%B6" n1="%E3%81%B7%E3%82%8A%E3%82%93%E8%81%96%E4%BA%BA" n2="%E6%97%A5%E6%9B%9C%E6%97%A5%E3%82%88%E3%82%8A%E3%81%AE%E4%BD%BF%E8%80%85" n3="%73%6C%69%63%6B%33%31%39" dan="17,16,17,16" rate="2180.92,2148.42,2151.31,2193.86" sx="M,M,M,M"/><TAIKYOKU oya="0"/><INIT seed="0,0,0,3,5,68" ten="250,250,250,250" oya="0" hai0="70,57,60,83,21,38,129,61,113,109,77,134,111" hai1="62,23,88,95,6,74,67,17,29,9,90,93,82" hai2="97,71,135,115,47,35,26,85,98,76,131,119,31" hai3="127,125,112,69,75,8,100,14,34,5,84,124,22"/><T96/><D113/><U86/><E29/><V4/><F115/><W42/><G75/><T46/><D129/><U118/><E118/><V28/><F71/><W39/><G112/><T37/><D134/><U30/><E30/><V108/><F4/><W128/><G34/><T101/><D21/><U51/><E74/><V43/><F131/><W32/><G32/><T120/><D120/><U2/><E51/><V11/><F11/><W10/><G69/><T73/><D61/><U58/><REACH who="1" step="1"/><E90/><REACH who="1" ten="250,240,250,250" step="2"/><V122/><F28/><W104/><G128/><T65/><D57/><U16/><E16/><V0/><F31/><W13/><G125/><T110/><D46/><U7/><E7/><V105/><F47/><W132/><G127/><T56/><D56/><U19/><E19/><V80/><F35/><W81/><G5/><T121/><D121/><U116/><E116/><V89/><F119/><W106/><G124/><T41/><D41/><U133/><E133/><V117/><F43/><W78/><G132/><T64/><D64/><U49/><E49/><V72/><F135/><W54/><G42/><T53/><D53/><U36/><E36/><V55/><F117/><W25/><G39/><T20/><D20/><U87/><E87/><V50/><F122/><W126/><G126/><T107/><AGARI ba="0,1" hai="37,38,60,65,70,73,77,83,96,101,107,109,110,111" machi="107" ten="30,18000,2" yaku="0,1,14,1,10,1,23,2,52,2" doraHai="68" who="0" fromWho="0" sc="250,190,240,-60,250,-60,250,-60" /><INIT seed="0,1,0,3,3,108" ten="440,180,190,190" oya="0" hai0="8,112,81,78,113,75,42,100,99,117,98,29,12" hai1="85,11,2,59,128,5,55,70,26,1,89,126,96" hai2="106,127,114,82,20,37,80,134,132,115,67,125,18" hai3="93,111,87,6,51,84,32,86,83,21,33,31,116"/><T77/><D117/><U66/><E2/><V16/><F37/><W97/><G116/><T71/><D71/><U61/><E128/><V23/><REACH who="2" step="1"/><F67/><REACH who="2" ten="440,180,180,190" step="2"/><W119/><G119/><T52/><D113/><U63/><E126/><V4/><F4/><W123/><G6/><T133/><D112/><U101/><E26/><V104/><AGARI ba="1,1" hai="16,18,20,23,80,82,104,106,114,115,125,127,132,134" machi="104" ten="25,12000,2" yaku="1,1,0,1,22,2,52,2,54,1,53,0" doraHai="108" doraHaiUra="65" who="2" fromWho="2" sc="440,-61,180,-31,180,133,190,-31" /><INIT seed="1,0,0,3,3,2" ten="379,149,313,159" oya="1" hai0="89,97,11,73,16,112,84,43,3,5,76,102,134" hai1="59,128,29,4,7,121,131,80,129,23,34,19,88" hai2="40,57,111,75,87,47,56,28,31,27,81,90,82" hai3="63,130,77,65,124,135,52,17,116,71,107,100,70"/><U78/><E121/><V46/><F111/><W50/><G77/><T9/><D112/><U48/><E34/><V110/><F110/><W45/><G107/><T60/><D134/><U104/><E29/><V98/><F98/><W66/><G100/><T64/><D43/><U53/><E104/><V18/><F75/><W1/><G1/><T55/><D55/><U8/><E8/><V95/><F18/><W114/><G114/><T35/><D35/><U26/><REACH who="1" step="1"/><E88/><REACH who="1" ten="379,139,313,159" step="2"/><V61/><F31/><W36/><G135/><T74/><D9/><U12/><E12/><V0/><F0/><W117/><G117/><T133/><D133/><U118/><E118/><V6/><F28/><W68/><G116/><T85/><D89/><U54/><E54/><V93/><F90/><W51/><G52/><T69/><D11/><U92/><E92/><V105/><F95/><W38/><G66/><T86/><D64/><U20/><E20/><V22/><F93/><W119/><G65/><T109/><D3/><U21/><E21/><V25/><F105/><W30/><G30/><T120/><D120/><U113/><E113/><V126/><F22/><W122/><G119/><T58/><D109/><U13/><E13/><V44/><F27/><W32/><G32/><T72/><D97/><U106/><E106/><V14/><F25/><W62/><G122/><T96/><D96/><U10/><E10/><V94/><F94/><W41/><G17/><T101/><D16/><U42/><E42/><V15/><F40/><W49/><G41/><T24/><D24/><U132/><E132/><V127/><F15/><RYUUKYOKU ba="0,1" sc="379,-10,139,30,313,-10,159,-10" hai1="4,7,19,23,26,48,53,59,78,80,128,129,131" /><INIT seed="1,1,1,1,5,97" ten="369,169,303,149" oya="1" hai0="12,3,35,9,112,132,31,45,4,94,65,40,126" hai1="83,16,44,14,75,88,57,56,50,7,135,108,90" hai2="73,51,110,71,18,41,11,21,104,53,111,6,125" hai3="24,1,26,62,79,92,119,95,54,84,106,10,102"/><U25/><E135/><V33/><F73/><W114/><G114/><T82/><D112/><U121/><E121/><V115/><F115/><W129/><G106/><T74/><D132/><U5/><E75/><V46/><F33/><W76/><G119/><T20/><D65/><U38/><E38/><V109/><F125/><W32/><G129/><T103/><D126/><U86/><E90/><V89/><F71/><W23/><G32/><T30/><D35/><U123/><E123/><V134/><F134/><W29/><G24/><T55/><D55/><N who="1" m="30151" /><E108/><V36/><F104/><W72/><G72/><T122/><D122/><U52/><E25/><N who="2" m="14519" /><F89/><N who="3" m="53287" /><G10/><T2/><D2/><U130/><E130/><V34/><F34/><W78/><G1/><T43/><D3/><U116/><E116/><V67/><F67/><W81/><G81/><T96/><D82/><U58/><E52/><V98/><F98/><N who="3" m="59743" /><G54/><T93/><D74/><U19/><E19/><V101/><F53/><W28/><G62/><T0/><D0/><U107/><E107/><V77/><F77/><N who="3" m="19715" /><W113/><DORA hai="87" /><G113/><T124/><D124/><U17/><E17/><AGARI ba="1,1" hai="17,23,26,28,29" m="19715,59743,53287" machi="17" ten="30,3900,0" yaku="8,1,52,2" doraHai="97,87" who="3" fromWho="1" sc="369,0,169,-42,303,0,149,52" /><INIT seed="2,0,0,0,3,117" ten="369,127,303,201" oya="2" hai0="100,60,12,23,55,105,123,77,110,10,16,113,121" hai1="42,47,29,86,9,73,108,52,61,65,112,99,72" hai2="95,109,8,107,35,103,14,33,130,122,34,81,74" hai3="54,15,94,79,88,2,127,116,20,22,27,135,6"/><V115/><F115/><W0/><G116/><T45/><D113/><U43/><E112/><V66/><F122/><W40/><G127/><T67/><D77/><U44/><E29/><V70/><F130/><W91/><G135/><T38/><D110/><U13/><E108/><V93/><F109/><W119/><G119/><T56/><D105/><U92/><E86/><V120/><F120/><W125/><G125/><T111/><D100/><U1/><E1/><V126/><F126/><W5/><G79/><T98/><D98/><U51/><E47/><V57/><F70/><W50/><G40/><T25/><D111/><U63/><E72/><V28/><F28/><W24/><G50/><T58/><D45/><U76/><E76/><V106/><F81/><W59/><G15/><T21/><D38/><U97/><E97/><V36/><F36/><W96/><G96/><T102/><D102/><U41/><E65/><V62/><F74/><W18/><G18/><T39/><D21/><U26/><E26/><V75/><F75/><W4/><G4/><T131/><D131/><U46/><E46/><V101/><F101/><W82/><G82/><T83/><D83/><U80/><E80/><V85/><F103/><W89/><G89/><T69/><D39/><U133/><E133/><V19/><REACH who="2" step="1"/><F85/><REACH who="2" ten="369,127,293,201" step="2"/><W64/><G94/><AGARI ba="0,1" hai="8,14,19,33,34,35,57,62,66,93,94,95,106,107" machi="94" ten="40,3900,0" yaku="1,1,2,1,53,0" doraHai="117" doraHaiUra="128" who="2" fromWho="3" sc="369,0,127,0,293,49,201,-39" /><INIT seed="2,1,0,2,4,38" ten="369,127,342,162" oya="2" hai0="84,133,37,11,5,88,72,83,57,20,65,50,32" hai1="6,61,94,117,8,34,131,68,15,95,71,1,24" hai2="115,74,10,16,134,78,19,132,26,97,25,43,23" hai3="102,14,81,79,127,54,112,76,85,18,111,35,89"/><V92/><F115/><W55/><G35/><T62/><D37/><U40/><E117/><V106/><F106/><W116/><G116/><T122/><D122/><U51/><E131/><V21/><F10/><W118/><G118/><T135/><D32/><U27/><E1/><V129/><F129/><W124/><G111/><T59/><D72/><U103/><E68/><V128/><F128/><W100/><G54/><T96/><D20/><U121/><E121/><V75/><F43/><W60/><G60/><T44/><D96/><U69/><E69/><V113/><F113/><W109/><G112/><T49/><D57/><U17/><E34/><V12/><F12/><W22/><G109/><T64/><D64/><U80/><E80/><V86/><F86/><W66/><G55/><T87/><D87/><U105/><E105/><V77/><F97/><W13/><G13/><N who="0" m="5359" /><D44/><N who="1" m="25991" /><E71/><V36/><F36/><W101/><REACH who="3" step="1"/><G66/><REACH who="3" ten="369,127,342,152" step="2"/><T45/><D65/><U33/><E33/><V9/><F9/><W67/><G67/><N who="0" m="39391" /><D45/><U70/><E70/><V91/><F91/><W99/><G99/><T28/><D133/><U58/><E103/><V0/><F0/><W123/><G123/><T3/><D135/><U82/><E61/><V108/><F108/><W90/><G90/><T39/><D3/><U107/><E107/><V4/><F4/><W114/><G114/><T7/><D7/><U110/><E110/><V93/><AGARI ba="1,1" hai="16,19,21,23,25,26,74,75,77,78,92,93,132,134" machi="93" ten="25,9600,0" yaku="0,1,22,2,54,1" doraHai="38" who="2" fromWho="2" sc="369,-33,127,-33,342,109,152,-33" /><INIT seed="2,2,0,3,0,89" ten="336,94,451,119" oya="2" hai0="96,34,50,98,90,101,29,132,3,114,115,68,107" hai1="19,54,126,58,66,85,15,67,30,91,64,39,25" hai2="20,93,18,99,17,120,130,48,38,77,100,40,82" hai3="41,97,6,4,83,65,118,129,94,36,46,44,109"/><V2/><F120/><W105/><G118/><T51/><D3/><U78/><E39/><V60/><F2/><W87/><G105/><T31/><D132/><U24/><E78/><V62/><F38/><W76/><G109/><T117/><D117/><U72/><E72/><V57/><F130/><W92/><G129/><T134/><D134/><U119/><E119/><V73/><F18/><W112/><G112/><T86/><D68/><U42/><E42/><V95/><F95/><N who="3" m="36395" /><G36/><T81/><D96/><U26/><E126/><V43/><F48/><N who="3" m="26639" /><G46/><T8/><D8/><N who="1" m="6631" /><E30/><V14/><F60/><W104/><G104/><T12/><D12/><U32/><E32/><V128/><F128/><W108/><G108/><T121/><D121/><U70/><E70/><V33/><F33/><W84/><G97/><T56/><D50/><N who="1" m="31063" /><E91/><V16/><F17/><W7/><G84/><AGARI ba="2,0" hai="24,25,26,64,66,67,84,85" m="31063,6631" machi="84" ten="30,1000,0" yaku="8,1" doraHai="89" who="1" fromWho="3" sc="336,0,94,16,451,0,119,-16" /><INIT seed="3,0,0,1,2,117" ten="336,110,451,103" oya="3" hai0="125,68,19,6,98,111,59,44,63,103,69,109,62" hai1="48,65,33,45,106,49,93,15,133,32,90,9,66" hai2="110,74,91,29,102,54,31,97,21,92,18,2,118" hai3="84,130,39,127,107,77,70,35,116,121,72,99,115"/><W34/><RYUUKYOKU type="yao9" ba="0,0" sc="336,0,110,0,451,0,103,0" hai3="34,35,39,70,72,77,84,99,107,115,116,121,127,130" /><INIT seed="3,1,0,3,2,2" ten="336,110,451,103" oya="3" hai0="125,24,135,87,53,20,107,127,23,134,93,131,27" hai1="78,103,90,97,89,36,11,82,37,76,47,84,110" hai2="31,15,59,68,98,19,41,42,34,55,124,33,122" hai3="16,106,35,75,62,56,25,99,71,88,50,100,79"/><W112/><G112/><T96/><D53/><U95/><E36/><V32/><F68/><W1/><G1/><T58/><D58/><U48/><E37/><V57/><F31/><W29/><G50/><T69/><D69/><U65/><E65/><V45/><F98/><W14/><G88/><N who="1" m="33898" /><E110/><V21/><F124/><N who="0" m="47690" /><D87/><U10/><E78/><V5/><F5/><W92/><G79/><T72/><D107/><U128/><E128/><V83/><F83/><W67/><G75/><T13/><D93/><U17/><E17/><V38/><F122/><W30/><G30/><T26/><D96/><U46/><E46/><V85/><F85/><W18/><G92/><T104/><D104/><U54/><AGARI ba="1,0" hai="10,11,47,48,54,76,82,84,95,97,103" m="33898" machi="54" ten="30,2000,0" yaku="8,1,54,1" doraHai="2" who="1" fromWho="1" sc="336,-6,110,23,451,-6,103,-11" owari="330,13.0,133,-26.7,445,54.5,92,-40.8" /></mjloggm>