<mjloggm ver="2.3"><GO type="225" lobby="0"/><UN n0="%E6%B8%A1%E5%A4%A9%E8%97%8D" n1="%48%61%61%61%6C%61%6E%64" n2="%E3%81%BF%E3%81%BF%E3%81%9A" n3="%E8%B6%85%E7%B4%9A%E9%B3%B3%E5%87%B0" dan="16,18,16,16" rate="2114.62,2187.60,2126.69,2138.99" sx="M,M,M,M"/><TAIKYOKU oya="0"/><INIT seed="0,0,0,3,4,12" ten="250,250,250,250" oya="0" hai0="40,118,100,114,70,109,46,65,85,47,133,16,60" hai1="95,131,129,75,92,112,30,78,3,64,67,97,102" hai2="106,48,74,5,25,28,29,2,98,122,125,27,20" hai3="32,57,80,107,7,130,21,113,101,66,111,45,53"/><T19/><D114/><U91/><E3/><V99/><F122/><W116/><G113/><T35/><D118/><U68/><E112/><V77/><F125/><W55/><G116/><T11/><D35/><U59/><E68/><V83/><F106/><W108/><G32/><T6/><D133/><U105/><E30/><V51/><F5/><W15/><G130/><N who="1" m="49674" /><E92/><V61/><F2/><W103/><G80/><T127/><D127/><U123/><E123/><V134/><F134/><W56/><G66/><T49/><D109/><N who="3" m="42057" /><G45/><T89/><D47/><U119/><E119/><V63/><F51/><N who="3" m="30783" /><G107/><T76/><D76/><U41/><E41/><V17/><F48/><N who="3" m="30951" /><G21/><T58/><D100/><U132/><E132/><V24/><F63/><W14/><G14/><N who="0" m="5495" /><D70/><U62/><E78/><V120/><F61/><W8/><AGARI ba="0,0" hai="7,8,15,101,103" m="30951,30783,42057" machi="8" ten="30,1100,0" yaku="14,1" doraHai="12" who="3" fromWho="3" sc="250,-5,250,-3,250,-3,250,11" /><INIT seed="1,0,0,3,2,115" ten="245,247,247,261" oya="1" hai0="51,49,29,37,107,124,19,74,130,135,126,92,13" hai1="41,32,90,28,98,14,116,67,55,0,110,121,84" hai2="70,77,129,93,72,103,23,82,85,7,78,108,125" hai3="131,44,81,52,94,15,31,12,128,71,76,35,42"/><U134/><E0/><V4/><F70/><W64/><G71/><T11/><D107/><U57/><E121/><V75/><F108/><W8/><G64/><T59/><D74/><U83/><E110/><V63/><F125/><N who="0" m="48234" /><D37/><U101/><E134/><V61/><F129/><W24/><G94/><T46/><D130/><U36/><E67/><V95/><F23/><W18/><G12/><T118/><D118/><U89/><E116/><V6/><F85/><W79/><G79/><T111/><D111/><U60/><E14/><V22/><F22/><W96/><G96/><T5/><D135/><U43/><E36/><V16/><F16/><W102/><G102/><T123/><D123/><U53/><E90/><V38/><F38/><W3/><G3/><T114/><D114/><U20/><E55/><V25/><F25/><W104/><G104/><T56/><D29/><U21/><E32/><V58/><F103/><W119/><G119/><T113/><D113/><U68/><E68/><V9/><F9/><W99/><G99/><T122/><D122/><U66/><E53/><V69/><F69/><W54/><G128/><T30/><D30/><U45/><E28/><V50/><F50/><N who="0" m="18954" /><D46/><U91/><E45/><V33/><F33/><W48/><REACH who="3" step="1"/><G131/><REACH who="3" ten="245,247,247,251" step="2"/><T112/><D112/><U62/><E101/><V87/><F77/><W26/><G26/><T97/><D5/><U10/><E98/><V2/><F2/><W105/><G105/><T39/><D39/><U86/><E66/><N who="2" m="39223" /><F63/><W1/><G1/><T120/><D120/><U133/><E60/><V34/><F34/><W47/><G47/><RYUUKYOKU ba="0,1" sc="245,10,247,-30,247,10,251,10" hai0="11,13,19,56,59,92,97" hai2="4,6,7,72,75,78,82,87,93,95" hai3="8,15,18,24,31,35,42,44,48,52,54,76,81" /><INIT seed="2,1,1,1,4,92" ten="255,217,257,261" oya="2" hai0="1,125,47,6,133,2,45,100,106,104,79,9,59" hai1="89,64,53,80,91,112,3,61,10,17,70,83,58" hai2="93,116,24,25,101,78,117,96,111,127,86,5,42" hai3="31,105,128,33,13,114,130,52,15,40,66,26,48"/><V68/><F68/><W12/><G105/><T35/><D35/><U88/><E112/><V50/><F127/><W103/><G103/><T107/><D1/><U135/><E135/><V60/><F111/><W95/><G114/><T84/><D125/><U97/><E97/><V118/><F60/><W113/><G113/><T44/><D133/><U77/><E77/><V99/><F5/><W109/><G109/><T11/><D11/><U16/><E3/><V76/><F96/><W122/><G122/><T23/><D23/><U29/><E29/><V82/><REACH who="2" step="1"/><F76/><REACH who="2" ten="255,217,247,261" step="2"/><W43/><G128/><T32/><D79/><U129/><E129/><V120/><F120/><W131/><G130/><T8/><D6/><U55/><E70/><V102/><F102/><W85/><G131/><T19/><D100/><U110/><E110/><V69/><F69/><W126/><G126/><T28/><D107/><U46/><E64/><V134/><F134/><W115/><G66/><T39/><D104/><U4/><E4/><V67/><F67/><W27/><G115/><T56/><D106/><U63/><E63/><V62/><F62/><W74/><G43/><T7/><D7/><U123/><E123/><V21/><F21/><W34/><G40/><T22/><D22/><U121/><E121/><V71/><F71/><W94/><G33/><T37/><D2/><U87/><E10/><V72/><F72/><W90/><G34/><T98/><D8/><U20/><E20/><V38/><F38/><W30/><G74/><T41/><D37/><U0/><E0/><V36/><F36/><W124/><G124/><RYUUKYOKU ba="1,2" sc="255,-10,217,-10,247,30,261,-10" hai2="24,25,42,50,78,82,86,93,99,101,116,117,118" /><INIT seed="2,2,2,2,0,88" ten="245,207,277,251" oya="2" hai0="1,112,134,102,64,20,118,32,104,89,84,74,17" hai1="106,55,135,14,117,75,126,62,15,18,46,114,92" hai2="79,11,66,91,130,9,90,113,22,48,69,47,44" hai3="124,25,129,12,83,78,127,52,61,13,28,54,122"/><V93/><F113/><W21/><G122/><T27/><D74/><U73/><E106/><V10/><F79/><W123/><G123/><T41/><D112/><U39/><E114/><V132/><F130/><W19/><G129/><T95/><D1/><U70/><E117/><V6/><F132/><W43/><G43/><T34/><D134/><U121/><E121/><V29/><F69/><W5/><G5/><T128/><D128/><U99/><E135/><V38/><F66/><W108/><G108/><T133/><D133/><U101/><E126/><N who="3" m="48170" /><G61/><T56/><D41/><U77/><E77/><V120/><F120/><W33/><G12/><T131/><D131/><U96/><E14/><V60/><F60/><W7/><G7/><T45/><D45/><U8/><E99/><N who="2" m="57783" /><F38/><W107/><G107/><T40/><D40/><U94/><E39/><V71/><F71/><W82/><G82/><T119/><D104/><U63/><E94/><V42/><F47/><W65/><G65/><T31/><D102/><U111/><E111/><V57/><F57/><W98/><G98/><T67/><D34/><U0/><E0/><V109/><F91/><W116/><G116/><N who="0" m="44587" /><D56/><N who="1" m="35103" /><E46/><V50/><F109/><W80/><G80/><T81/><D81/><U4/><E73/><AGARI ba="2,2" hai="13,19,21,25,28,33,52,54,73,78,83" m="48170" machi="73" ten="30,2000,0" yaku="18,1,54,1" doraHai="88" who="3" fromWho="1" sc="245,0,207,-26,277,0,251,46" /><INIT seed="3,0,0,5,1,83" ten="245,181,277,297" oya="3" hai0="22,100,120,131,40,77,115,92,134,90,76,18,60" hai1="9,118,75,41,66,43,85,26,42,110,111,74,64" hai2="132,123,79,16,48,31,21,89,81,58,68,73,112" hai3="27,80,117,104,44,55,34,17,49,46,30,7,33"/><W52/><G117/><T108/><D120/><U3/><E118/><V10/><F68/><W126/><G104/><T8/><D108/><U57/><E26/><V62/><F112/><W130/><G130/><T72/><D131/><U97/><E97/><V53/><F123/><W20/><G126/><T63/><D134/><U12/><E3/><V99/><F132/><W94/><G7/><T107/><D115/><U106/><E106/><V0/><F31/><W98/><G80/><T101/><D40/><U91/><E75/><V45/><F10/><W113/><G113/><T32/><D32/><U71/><E74/><V4/><F4/><W116/><G116/><T121/><D8/><U61/><E71/><V15/><F0/><W88/><G17/><T67/><D121/><U6/><REACH who="1" step="1"/><E66/><REACH who="1" ten="245,171,277,297" step="2"/><V128/><F128/><W109/><G109/><T86/><D107/><U95/><AGARI ba="0,1" hai="6,9,12,41,42,43,57,61,64,85,91,95,110,111" machi="95" ten="30,7900,0" yaku="1,1,2,1,0,1,52,1,53,0" doraHai="83" doraHaiUra="25" who="1" fromWho="1" sc="245,-20,171,89,277,-20,297,-39" /><INIT seed="4,0,0,5,1,83" ten="225,260,257,258" oya="0" hai0="49,58,25,10,86,2,20,125,12,7,119,17,39" hai1="124,56,1,77,126,15,71,27,3,130,57,29,53" hai2="82,75,28,65,132,70,116,134,73,43,90,19,98" hai3="5,16,18,92,96,118,114,94,37,99,13,112,121"/><T46/><D119/><U133/><E71/><V32/><F116/><W109/><G118/><T79/><D125/><N who="1" m="48235" /><E130/><V40/><F19/><W74/><G74/><N who="2" m="28169" /><F65/><W103/><G37/><T107/><D107/><U36/><E36/><V6/><F70/><W54/><G109/><T48/><D39/><U122/><E122/><V104/><F6/><W91/><G121/><T115/><D115/><N who="3" m="44073" /><G54/><N who="0" m="32071" /><D2/><U33/><E77/><V62/><F62/><W60/><G60/><T21/><D25/><U117/><E117/><V34/><F28/><W127/><G127/><T66/><D66/><U24/><E133/><N who="2" m="51307" /><F104/><W9/><AGARI ba="0,0" hai="5,9,13,16,18,91,92,94,96,99,103" m="44073" machi="9" ten="30,2000,0" yaku="15,1,54,1" doraHai="83" who="3" fromWho="3" sc="225,-10,260,-5,257,-5,258,20" /><INIT seed="5,0,0,1,0,37" ten="215,255,252,278" oya="1" hai0="85,40,56,36,43,15,104,111,32,49,113,44,102" hai1="8,119,130,4,64,71,65,68,67,14,57,132,59" hai2="10,31,114,53,120,18,60,105,11,24,23,20,80" hai3="92,75,39,91,46,118,101,27,7,47,34,128,83"/><U95/><E119/><V89/><F105/><W88/><G118/><T6/><D111/><U51/><E130/><V28/><F120/><W87/><G128/><T48/><D32/><U0/><E132/><V25/><F114/><W86/><G75/><T63/><D113/><U26/><E0/><V79/><F89/><W131/><G131/><T30/><D30/><U16/><E71/><V1/><F1/><W35/><G7/><T124/><D124/><U107/><E68/><V109/><F109/><W76/><G101/><T62/><D36/><U17/><E107/><V134/><F18/><N who="1" m="7273" /><E26/><V115/><F134/><W103/><G103/><T61/><D104/><U45/><E95/><V123/><F123/><W112/><G112/><T84/><D102/><U93/><E93/><V110/><F110/><W126/><G126/><T96/><D96/><U99/><E99/><V9/><F115/><W90/><G34/><T21/><D56/><U70/><E70/><V121/><F121/><W78/><G90/><T94/><D94/><U129/><E129/><V81/><F79/><W58/><G58/><AGARI ba="0,0" hai="9,10,11,20,23,24,25,28,31,53,58,60,80,81" machi="58" ten="40,2600,0" yaku="9,1,8,1" doraHai="37" who="2" fromWho="3" sc="215,0,255,0,252,26,278,-26" /><INIT seed="6,0,0,2,5,115" ten="215,255,278,252" oya="2" hai0="117,76,93,84,101,16,135,103,110,100,70,7,111" hai1="3,102,112,128,46,122,32,21,54,98,5,57,88" hai2="20,48,124,79,81,126,80,72,105,52,132,82,9" hai3="51,114,85,17,6,41,78,55,91,33,97,38,87"/><V129/><F129/><W10/><G33/><T59/><D70/><U109/><E109/><N who="0" m="41481" /><D16/><U65/><E32/><V36/><F36/><W90/><G38/><T53/><D53/><U49/><E112/><V62/><F132/><W130/><G41/><T34/><D59/><U120/><E128/><V24/><F105/><W107/><G17/><T86/><D7/><U27/><E3/><V35/><F62/><W106/><G130/><T2/><D2/><U69/><E69/><V15/><F35/><W113/><G6/><T116/><D34/><U12/><E12/><V127/><F9/><W94/><G10/><T30/><D30/><U77/><E5/><V95/><F95/><N who="3" m="54735" /><G55/><T50/><D50/><U64/><E21/><V28/><F15/><W61/><G61/><T45/><D45/><AGARI ba="0,0" hai="20,24,28,45,48,52,72,79,80,81,82,124,126,127" machi="45" ten="40,3900,0" yaku="18,1,54,1" doraHai="115" who="2" fromWho="0" sc="215,-39,255,0,278,39,252,0" owari="176,-32.4,255,5.5,317,41.7,252,-14.8" /></mjloggm>