<mjloggm ver="2.3"><GO type="225" lobby="0"/><UN n0="%E3%81%9F%E3%81%93%E2%98%86%E7%84%BC%E3%81%8D" n1="%E6%98%93%E5%88%A9%E8%96%A9%E4%BC%AF" n2="%74%61%6E%61%4B%61" n3="%E3%81%BF%E3%81%BF%E3%81%9A" dan="16,16,16,17" rate="2100.34,2156.15,2085.82,2220.57" sx="M,F,M,M"/><TAIKYOKU oya="0"/><INIT seed="0,0,0,5,3,3" ten="250,250,250,250" oya="0" hai0="56,4,18,66,31,85,122,79,46,70,59,129,30" hai1="133,134,25,49,71,120,74,9,37,60,57,126,123" hai2="86,106,87,17,107,103,132,10,13,0,76,127,121" hai3="100,80,114,53,39,84,21,95,65,83,77,45,112"/><T43/><D122/><N who="1" m="46635" /><E25/><V34/><F121/><W96/><G65/><T117/><D117/><U111/><E9/><V54/><F34/><W51/><G39/><T116/><D116/><U5/><E5/><V88/><F103/><W1/><G1/><T50/><D129/><U20/><E20/><V75/><F75/><W36/><G36/><T81/><D70/><U98/><E98/><V48/><F127/><W135/><G135/><N who="1" m="51722" /><E74/><V92/><F0/><W61/><G61/><N who="0" m="38183" /><D59/><U124/><E37/><V52/><F132/><W22/><G114/><T64/><D64/><N who="1" m="41351" /><E111/><V69/><F69/><W110/><G112/><T89/><D18/><U11/><E11/><V82/><REACH who="2" step="1"/><F54/><AGARI ba="0,0" hai="49,54,57,124,126" m="41351,51722,46635" machi="54" ten="40,5200,0" yaku="20,1,34,2" doraHai="3" who="1" fromWho="2" sc="250,0,250,52,250,-52,250,0" /><INIT seed="1,0,0,1,5,114" ten="250,302,198,250" oya="1" hai0="131,51,69,44,28,77,1,64,40,50,122,102,49" hai1="98,56,25,99,103,48,87,37,34,97,35,14,60" hai2="78,89,108,27,79,74,128,24,82,9,47,75,53" hai3="88,101,38,133,126,92,113,116,10,7,135,124,70"/><U62/><E37/><V76/><F108/><W11/><G113/><T45/><D1/><U73/><E73/><V43/><F128/><W100/><G70/><T95/><D28/><U134/><E134/><N who="3" m="51210" /><G38/><N who="0" m="21527" /><D95/><U96/><E87/><V105/><F105/><W4/><G116/><T6/><D102/><N who="3" m="39529" /><G11/><T125/><D77/><U123/><E123/><V115/><F115/><W15/><G7/><T58/><D6/><U83/><E83/><V65/><F75/><W120/><G120/><T67/><D122/><U41/><E14/><V63/><F74/><W59/><G59/><T33/><D33/><U118/><E118/><V81/><F81/><W93/><G93/><T16/><D16/><U110/><E110/><V127/><F9/><W57/><G57/><T84/><D84/><AGARI ba="0,0" hai="4,10,15,84,88,92,124,126" m="39529,51210" machi="84" ten="30,2000,0" yaku="20,1,54,1" doraHai="114" who="3" fromWho="0" sc="250,-20,302,0,198,0,250,20" /><INIT seed="2,0,0,3,5,42" ten="230,302,198,270" oya="2" hai0="32,0,40,107,18,73,55,19,61,133,84,15,7" hai1="12,48,69,62,46,101,41,59,81,65,38,31,77" hai2="121,30,131,80,4,112,116,88,51,76,114,37,103" hai3="21,64,113,71,111,67,50,10,52,124,24,66,54"/><V96/><F37/><W33/><G33/><T100/><D32/><U20/><E101/><V8/><F121/><W104/><G104/><T95/><D73/><U132/><E132/><V43/><F116/><W17/><G111/><T102/><D107/><U5/><E31/><V86/><F30/><W28/><G124/><T117/><D133/><U78/><E81/><V108/><F131/><W3/><G113/><T44/><D0/><U127/><E127/><V123/><F123/><W2/><G71/><T74/><D74/><U22/><E5/><V129/><F129/><W94/><G54/><T87/><D7/><U49/><E49/><V72/><F108/><W91/><G10/><T109/><D117/><U126/><E126/><V58/><F72/><W79/><G79/><N who="1" m="30218" /><E12/><N who="2" m="5127" /><F58/><W60/><G60/><T29/><D29/><U36/><E36/><V34/><F34/><W110/><G110/><T39/><D18/><U45/><E69/><V47/><F103/><W135/><G135/><T75/><D75/><U119/><E38/><V89/><F96/><W93/><G28/><T120/><D120/><U125/><E119/><V68/><F68/><W11/><G11/><T82/><D109/><U118/><E118/><V130/><F130/><W99/><REACH who="3" step="1"/><G94/><REACH who="3" ten="230,302,198,260" step="2"/><T25/><D95/><U56/><E125/><V70/><F70/><W134/><G134/><T14/><D61/><U35/><E35/><V63/><F63/><W115/><G115/><AGARI ba="0,1" hai="43,47,51,76,80,86,88,89,112,114,115" m="5127" machi="115" ten="30,5800,0" yaku="25,1,52,1,54,1" doraHai="42" who="2" fromWho="3" sc="230,0,302,0,198,68,260,-58" /><INIT seed="2,1,0,0,2,48" ten="230,302,266,202" oya="2" hai0="104,112,46,89,80,45,117,53,110,58,71,33,99" hai1="76,7,85,97,12,101,106,127,79,78,0,77,39" hai2="123,133,51,120,25,60,98,82,114,66,10,68,83" hai3="81,15,42,3,109,122,62,124,130,49,69,75,18"/><V14/><F114/><W5/><G122/><T107/><D71/><U59/><E0/><V1/><F1/><W47/><G109/><T108/><D33/><U92/><E39/><V16/><F133/><W17/><G130/><T84/><D112/><U129/><E129/><V40/><F98/><W30/><G30/><T103/><D107/><U100/><E7/><V132/><F132/><W34/><G34/><T55/><D117/><U95/><E12/><V24/><F83/><W111/><G111/><N who="0" m="42539" /><D58/><U125/><E59/><V105/><F105/><W91/><G124/><N who="1" m="47690" /><E101/><V113/><F113/><W116/><G116/><T8/><D8/><U37/><E37/><V119/><F119/><W61/><G69/><T73/><D73/><U67/><E67/><V64/><F66/><W102/><G102/><T28/><D28/><U93/><N who="1" m="19456" /><DORA hai="54" /><U6/><E6/><V22/><F25/><W44/><G75/><T11/><D11/><U86/><AGARI ba="1,0" hai="85,86,92,93,95,97,100,106" m="19456,47690" machi="86" ten="50,6400,0" yaku="18,1,34,2" doraHai="48,54" who="1" fromWho="1" sc="230,-17,302,67,266,-33,202,-17" /><INIT seed="3,0,0,1,1,55" ten="213,369,233,185" oya="3" hai0="120,86,93,58,21,76,116,4,82,69,103,56,42" hai1="90,30,28,127,41,117,105,97,67,121,54,62,38" hai2="9,84,15,26,114,78,46,27,47,59,109,130,131" hai3="66,87,29,10,52,74,53,17,57,22,48,115,106"/><W134/><G115/><T108/><D69/><U2/><E121/><V61/><F109/><W83/><G74/><T45/><D116/><U5/><E54/><N who="2" m="34039" /><F114/><W35/><G106/><T81/><D4/><U112/><E127/><V75/><F75/><W39/><G39/><T122/><D108/><U49/><E38/><V135/><F135/><W50/><G134/><T73/><D122/><U19/><E19/><N who="2" m="8687" /><F78/><W44/><G35/><T64/><D64/><U24/><E117/><V34/><F34/><W111/><G111/><T40/><D120/><U110/><E110/><V7/><F7/><W94/><G66/><T95/><D81/><U132/><E132/><V25/><F84/><W77/><G94/><N who="0" m="35851" /><D103/><U85/><E105/><V0/><F0/><W113/><G113/><T91/><D91/><U71/><E90/><V20/><F20/><W80/><G80/><T88/><D88/><U14/><E2/><V133/><F133/><W126/><G126/><T89/><D89/><U107/><E85/><V100/><F100/><W8/><REACH who="3" step="1"/><G29/><REACH who="3" ten="213,369,233,175" step="2"/><T128/><D73/><U65/><E30/><V101/><F101/><W102/><G102/><T119/><D119/><U63/><E112/><V70/><F70/><W43/><G43/><T51/><D40/><U118/><E118/><V37/><F37/><W12/><AGARI ba="0,1" hai="8,10,12,17,22,44,48,50,52,53,57,77,83,87" machi="12" ten="20,18000,2" yaku="1,1,0,1,7,1,8,1,52,1,54,1,53,0" doraHai="55" doraHaiUra="68" who="3" fromWho="3" sc="213,-60,369,-60,233,-60,175,190" owari="153,-34.7,309,10.9,173,-22.7,365,46.5" /></mjloggm>