<mjloggm ver="2.3"><GO type="225" lobby="0"/><UN n0="%E3%81%99%E3%81%84%E3%81%BE%E3%81%9B%E3%83%BC%E3%82%93" n1="%E5%91%A8%E6%9D%B1" n2="%E5%B8%86%E7%AB%8B%E5%A4%8F%E8%A1%A3" n3="%74%2E%6F%2E%6F%2E%73" dan="18,17,17,17" rate="2185.39,2153.66,2163.05,2090.61" sx="M,M,M,M"/><TAIKYOKU oya="0"/><INIT seed="0,0,0,2,2,66" ten="250,250,250,250" oya="0" hai0="55,52,7,99,68,82,53,56,123,114,58,115,96" hai1="125,59,103,119,130,35,94,88,70,3,65,5,109" hai2="31,60,73,92,75,29,14,77,10,38,132,63,113" hai3="46,13,97,122,18,23,64,19,61,131,100,12,89"/><T39/><D123/><U8/><E119/><V74/><F113/><W93/><G131/><T95/><D39/><U20/><E35/><V69/><F38/><W83/><G122/><T44/><D44/><U71/><E130/><V28/><F132/><W41/><G83/><T98/><D68/><U106/><E125/><V124/><F124/><W110/><G110/><T50/><D95/><U34/><E34/><V37/><F37/><W48/><G100/><T33/><D33/><U108/><E20/><V107/><F107/><W133/><G133/><T104/><D104/><U40/><E40/><V121/><F121/><W9/><G61/><T90/><D7/><U105/><E105/><V47/><F47/><W6/><G64/><T27/><D27/><U49/><E103/><V25/><F25/><W22/><REACH who="3" step="1"/><G6/><REACH who="3" ten="250,250,250,240" step="2"/><T51/><D55/><N who="1" m="32239" /><E65/><V32/><F32/><W84/><G84/><AGARI ba="0,1" hai="50,51,52,53,56,58,82,84,90,96,98,99,114,115" machi="84" ten="40,3900,0" yaku="9,1,54,1" doraHai="66" who="0" fromWho="3" sc="250,49,250,0,250,0,240,-39" /><INIT seed="0,1,0,5,2,62" ten="299,250,250,201" oya="0" hai0="125,81,132,94,55,37,102,76,6,21,3,2,23" hai1="85,9,101,80,77,53,84,25,96,119,87,5,38" hai2="92,122,97,36,28,48,99,41,17,43,90,30,60" hai3="34,40,109,58,22,129,69,79,61,98,73,8,46"/><T75/><D125/><U112/><E119/><V93/><F36/><W47/><G34/><T82/><D132/><U13/><E112/><V20/><F122/><W107/><G109/><T134/><D134/><U51/><E38/><V121/><F121/><W88/><G129/><T116/><D116/><U19/><E25/><V32/><F32/><W63/><G69/><T45/><D82/><U103/><E5/><V117/><F117/><W31/><G8/><N who="0" m="2135" /><D3/><U66/><E66/><V78/><F78/><W126/><G126/><T59/><D94/><U106/><REACH who="1" step="1"/><E101/><REACH who="1" ten="299,240,250,201" step="2"/><V95/><F30/><W70/><G31/><T10/><D102/><U54/><E54/><V127/><F28/><W18/><G40/><N who="0" m="22671" /><D10/><U57/><AGARI ba="1,1" hai="9,13,19,51,53,57,77,80,84,85,87,96,103,106" machi="57" ten="20,2700,0" yaku="1,1,0,1,7,1,53,0" doraHai="62" doraHaiUra="110" who="1" fromWho="1" sc="299,-14,240,40,250,-8,201,-8" /><INIT seed="1,0,0,3,2,9" ten="285,280,242,193" oya="1" hai0="39,23,24,74,46,126,65,88,67,76,106,102,78" hai1="45,135,8,134,44,34,112,82,35,36,55,132,47" hai2="32,4,61,116,115,72,16,130,120,30,114,7,104" hai3="94,43,71,10,75,12,38,92,11,15,1,19,77"/><U37/><E112/><N who="2" m="43051" /><F104/><W13/><G71/><T73/><D126/><U68/><E68/><V26/><F72/><W17/><G1/><T81/><D78/><U121/><E121/><V25/><F61/><W69/><G69/><T51/><D39/><N who="1" m="14923" /><E82/><V20/><F120/><W123/><G123/><T133/><D74/><U107/><E107/><V91/><F91/><W60/><G60/><T28/><D133/><U58/><E8/><V128/><F116/><W87/><G75/><T64/><D88/><U117/><E117/><V97/><F97/><W56/><G56/><T70/><D70/><U83/><E83/><V22/><F32/><N who="1" m="12329" /><E58/><V50/><F50/><AGARI ba="0,0" hai="44,45,47,50,55,132,134,135" m="12329,14923" machi="50" ten="40,2000,0" yaku="20,1" doraHai="9" who="1" fromWho="2" sc="285,0,280,20,242,-20,193,0" /><INIT seed="1,1,0,3,0,4" ten="285,300,222,193" oya="1" hai0="74,71,12,11,80,6,95,113,0,111,62,52,98" hai1="23,82,10,114,93,56,108,8,58,92,109,101,134" hai2="135,28,66,60,64,54,78,88,16,117,32,125,84" hai3="57,30,83,107,127,15,44,77,9,86,25,104,38"/><U3/><E114/><V128/><F117/><W14/><G127/><T118/><D113/><U130/><E130/><V53/><F125/><W67/><G15/><T96/><D118/><U46/><E134/><V37/><F37/><W24/><G24/><T33/><D33/><U120/><E120/><V55/><F128/><W51/><G38/><T27/><D111/><N who="1" m="42571" /><E3/><V112/><F135/><W22/><G57/><N who="1" m="22122" /><E46/><V17/><F112/><W49/><G67/><N who="2" m="25641" /><F32/><W21/><G21/><T133/><D133/><U89/><E23/><V20/><F78/><W100/><G100/><T123/><D123/><U126/><E126/><V81/><F60/><W102/><G102/><T105/><D62/><U63/><E63/><V1/><F1/><W110/><G110/><T124/><D0/><U70/><E70/><V132/><F132/><W79/><G79/><T41/><D71/><U68/><E68/><V39/><F39/><W75/><G75/><T48/><D74/><U43/><E43/><V131/><F131/><W121/><G121/><T103/><D41/><U65/><E65/><V5/><F5/><W99/><G99/><T91/><D124/><U69/><E69/><V72/><F72/><W36/><G36/><T106/><D98/><N who="1" m="59591" /><E82/><V61/><F61/><W35/><G35/><T2/><D2/><U7/><E7/><V40/><F40/><N who="3" m="24711" /><G51/><T115/><D115/><U59/><E59/><V116/><F116/><W26/><G26/><AGARI ba="1,0" hai="16,17,20,26,28,53,54,55,81,84,88" m="25641" machi="26" ten="30,3900,0" yaku="8,1,54,2" doraHai="4" who="2" fromWho="3" sc="285,0,300,0,222,42,193,-42" /><INIT seed="2,0,0,4,1,62" ten="285,300,264,151" oya="2" hai0="41,104,68,93,51,112,111,90,73,69,82,5,100" hai1="114,4,72,54,89,27,123,60,78,6,85,91,87" hai2="56,130,39,135,116,2,95,3,0,44,92,65,131" hai3="28,120,124,75,128,118,35,134,67,50,38,64,81"/><V18/><F116/><W133/><G38/><T12/><D112/><U20/><E114/><V79/><F79/><N who="3" m="44287" /><G118/><T55/><D111/><U121/><E72/><V132/><F18/><W17/><G120/><N who="1" m="46154" /><E78/><V84/><F44/><W101/><G101/><T49/><D41/><U26/><E54/><V22/><F22/><W16/><G50/><T107/><D51/><U115/><E60/><N who="2" m="38023" /><F39/><W52/><G52/><T113/><D113/><U66/><E66/><N who="3" m="25130" /><G128/><N who="2" m="49193" /><F84/><W36/><G36/><T21/><D73/><U108/><E115/><V86/><F95/><W80/><G80/><T31/><D82/><N who="1" m="49335" /><E108/><V9/><F9/><W70/><G70/><T117/><D117/><U33/><E33/><V13/><F13/><W30/><G124/><T29/><D69/><U47/><E47/><V105/><F105/><W96/><G96/><T94/><D68/><U102/><E102/><V76/><F76/><W122/><G122/><T57/><D107/><U48/><E48/><V77/><F77/><W1/><G1/><T19/><D104/><U88/><E91/><AGARI ba="0,0" hai="0,2,3,86,91,92,132,135" m="49193,38023" machi="91" ten="40,3900,0" yaku="19,1,52,1" doraHai="62" who="2" fromWho="1" sc="285,0,300,-39,264,39,151,0" /><INIT seed="2,1,0,1,2,4" ten="285,261,303,151" oya="2" hai0="89,87,46,33,81,82,93,60,8,11,44,70,19" hai1="88,17,23,10,86,107,53,27,116,131,51,29,129" hai2="80,99,112,130,79,65,32,124,134,24,111,2,49" hai3="125,47,101,108,5,48,114,14,110,109,7,52,22"/><V75/><F112/><W55/><G125/><T96/><D33/><U56/><E107/><V103/><F124/><W28/><G114/><T63/><D82/><U77/><E77/><V123/><F123/><W69/><G69/><T6/><D19/><U26/><E116/><V102/><F2/><W118/><G118/><T16/><D6/><U121/><E121/><V105/><F134/><W84/><G101/><T92/><D93/><U61/><E61/><N who="0" m="23625" /><D70/><U62/><E62/><V66/><F103/><W37/><G37/><T106/><D106/><U3/><E3/><V132/><F132/><W73/><G73/><T97/><D97/><U128/><E10/><N who="0" m="3625" /><D16/><U15/><REACH who="1" step="1"/><E29/><REACH who="1" ten="285,251,303,151" step="2"/><V117/><F117/><W21/><G28/><T42/><D42/><U74/><E74/><V76/><F75/><W31/><G31/><T1/><D1/><U115/><E115/><V30/><F30/><W18/><G22/><T25/><D25/><U120/><E120/><V85/><F24/><W119/><G119/><T41/><D41/><U38/><E38/><V94/><F105/><W58/><REACH who="3" step="1"/><G84/><REACH who="3" ten="285,251,303,141" step="2"/><T50/><D50/><AGARI ba="1,2" hai="5,7,14,18,21,47,48,50,52,55,58,108,109,110" machi="50" ten="40,8000,1" yaku="1,1,2,1,14,1,54,1,53,0" doraHai="4" doraHaiUra="113" who="3" fromWho="0" sc="285,-83,251,0,303,0,141,103" /><INIT seed="3,0,0,0,4,121" ten="202,251,303,244" oya="3" hai0="55,2,60,112,31,88,62,18,76,5,45,100,6" hai1="108,85,64,35,113,99,12,14,8,80,127,19,131" hai2="49,104,89,128,56,30,94,4,98,50,93,130,22" hai3="20,132,129,27,24,110,111,84,82,87,119,36,9"/><W17/><G119/><T21/><D112/><U53/><E113/><V114/><F114/><W66/><G36/><T81/><D31/><U116/><E35/><V123/><F104/><W135/><G66/><T29/><D29/><U73/><E73/><V38/><F38/><W97/><G129/><N who="2" m="49769" /><F4/><N who="0" m="1642" /><D100/><U1/><E1/><V32/><F32/><W96/><G9/><T58/><D76/><U71/><E116/><V91/><F123/><W52/><G52/><N who="0" m="33863" /><D2/><U44/><E131/><V65/><F22/><W115/><G115/><T54/><D62/><U109/><E71/><V105/><F105/><W101/><G27/><N who="0" m="14775" /><D45/><U47/><E47/><V107/><F30/><W86/><G82/><T23/><D23/><U78/><E44/><V43/><F107/><W59/><G59/><T72/><D72/><U103/><E64/><V90/><F65/><W70/><G101/><T3/><D3/><U118/><E118/><V61/><F61/><W37/><G37/><T11/><D11/><U67/><E67/><V77/><F77/><W42/><G70/><T15/><D15/><N who="1" m="7655" /><E53/><N who="2" m="31791" /><F50/><W79/><G79/><T40/><D40/><U134/><E14/><V133/><F43/><W68/><G42/><T7/><N who="0" m="1650" /><T57/><DORA hai="117" /><D57/><U41/><E12/><V83/><F83/><W13/><G13/><T10/><D10/><U26/><E41/><V16/><F16/><W69/><G69/><T124/><D124/><U48/><E127/><V33/><F33/><W39/><G39/><T28/><D28/><U92/><E78/><V120/><F94/><W102/><G68/><T106/><D106/><RYUUKYOKU ba="0,0" sc="202,30,251,-10,303,-10,244,-10" hai0="54,55,81,88" /><INIT seed="4,1,0,5,5,85" ten="232,241,293,234" oya="0" hai0="84,98,122,52,114,23,20,44,65,128,96,116,5" hai1="72,123,112,53,83,71,48,40,1,79,24,81,91" hai2="34,35,110,2,105,132,118,51,97,127,45,7,31" hai3="30,9,61,37,113,32,111,134,18,121,47,8,131"/><T58/><D116/><U29/><E123/><V109/><F118/><W33/><G111/><T43/><D122/><U15/><E1/><V39/><F51/><W108/><G108/><N who="2" m="41577" /><F127/><W82/><G121/><T130/><D114/><U100/><E71/><V86/><F86/><W135/><G113/><T69/><D5/><U103/><E40/><N who="2" m="22687" /><F31/><W25/><G131/><N who="0" m="50219" /><D65/><U76/><E15/><V133/><F97/><N who="0" m="37482" /><D84/><U60/><E112/><V117/><F105/><W14/><G82/><T115/><D69/><U10/><E83/><V21/><F21/><W12/><G61/><N who="0" m="36039" /><D115/><U119/><E119/><V129/><F129/><W73/><G73/><T94/><D94/><U19/><E72/><V4/><F4/><W124/><G124/><T0/><D0/><U62/><E81/><V125/><F125/><W46/><G37/><AGARI ba="1,0" hai="20,23,37,43,44" m="36039,37482,50219" machi="37" ten="30,2900,0" yaku="19,1,54,1" doraHai="85" who="0" fromWho="3" sc="232,32,241,0,293,0,234,-32" /><INIT seed="4,2,0,0,4,133" ten="264,241,293,202" oya="0" hai0="128,89,61,54,59,52,10,7,55,112,73,28,64" hai1="129,91,20,23,113,26,45,50,46,21,116,95,110" hai2="24,104,75,34,9,97,103,117,3,115,11,81,58" hai3="67,43,69,37,85,27,111,124,99,80,25,42,62"/><T22/><D112/><U132/><E116/><V107/><F115/><W70/><G111/><T4/><D128/><U77/><E110/><V131/><F131/><W122/><G122/><T19/><D73/><U74/><E129/><V135/><F135/><W49/><G37/><T30/><D89/><U63/><E132/><V47/><F117/><W92/><G70/><T108/><D108/><U48/><E113/><V18/><F107/><W32/><G124/><T126/><D126/><U2/><E2/><V14/><F58/><W0/><G0/><T83/><D83/><U82/><E63/><V87/><F75/><W5/><G5/><N who="0" m="2123" /><D10/><U29/><E48/><V12/><F3/><W68/><G68/><T100/><D100/><U13/><E13/><AGARI ba="2,0" hai="13,19,22,28,30,52,54,55,59,61,64" m="2123" machi="13" ten="30,2900,0" yaku="8,1,54,1" doraHai="133" who="0" fromWho="1" sc="264,35,241,-35,293,0,202,0" /><INIT seed="4,3,0,4,0,96" ten="299,206,293,202" oya="0" hai0="69,27,50,0,59,113,132,91,17,51,81,35,95" hai1="10,13,98,40,49,20,29,104,88,110,128,3,85" hai2="124,74,24,78,39,114,82,121,97,76,25,127,9" hai3="133,119,60,118,120,22,6,15,94,72,19,64,83"/><T63/><D0/><U57/><E110/><V33/><F114/><W56/><G133/><T99/><D113/><U32/><E128/><V7/><F121/><W77/><G120/><T65/><D132/><U48/><E3/><N who="2" m="255" /><F78/><W101/><REACH who="3" step="1"/><G6/><REACH who="3" ten="299,206,293,192" step="2"/><T53/><D35/><U123/><E32/><V68/><F33/><W131/><G131/><T79/><D69/><U103/><E123/><V106/><F68/><W126/><G126/><N who="2" m="48169" /><F39/><W4/><G4/><T61/><D51/><U2/><E49/><V28/><F28/><W52/><G52/><T135/><D135/><U117/><E29/><V108/><F108/><W36/><G36/><T92/><D50/><U80/><E48/><V75/><F75/><W93/><G93/><T112/><D95/><U67/><E40/><V18/><F18/><W47/><G47/><T1/><D112/><U5/><E57/><V34/><F34/><W23/><G23/><T42/><D42/><U31/><E31/><V116/><F116/><W16/><G16/><T129/><D129/><U11/><E20/><V8/><F8/><W73/><G73/><T54/><D17/><N who="1" m="8375" /><E117/><V55/><F55/><W125/><G125/><T26/><D54/><U21/><E21/><V134/><F134/><W43/><G43/><T122/><D122/><U45/><E45/><V130/><F130/><W86/><G86/><N who="0" m="48447" /><D1/><U37/><E37/><V14/><F14/><W30/><G30/><T71/><D71/><U102/><E67/><V109/><F109/><W89/><G89/><T90/><D91/><U105/><E105/><V70/><F70/><W58/><G58/><RYUUKYOKU ba="3,1" sc="299,0,206,0,293,0,192,0" hai0="26,27,53,59,61,63,65,90,92,99" hai1="2,5,11,80,85,88,98,102,103,104" hai2="24,25,74,76,82,97,106" hai3="15,19,22,56,60,64,72,77,83,94,101,118,119" /><INIT seed="4,4,1,2,2,85" ten="299,206,293,192" oya="0" hai0="37,110,65,108,39,56,36,53,57,106,80,38,25" hai1="96,82,73,49,120,127,100,84,58,10,131,95,94" hai2="60,28,68,51,55,52,2,3,128,31,18,43,101" hai3="118,78,41,75,9,24,59,61,79,71,133,19,104"/><T91/><D38/><U126/><E120/><V66/><F128/><W20/><G118/><T81/><D106/><U45/><E131/><V92/><F3/><W64/><G104/><T105/><D105/><U29/><E73/><V27/><F2/><W74/><G133/><T83/><D65/><U112/><E112/><V99/><F43/><W4/><G71/><T117/><D117/><U15/><E58/><N who="0" m="22633" /><D53/><U26/><E95/><V129/><F129/><W5/><G41/><T69/><D25/><U72/><E72/><V13/><F51/><W12/><G74/><T30/><D30/><U135/><E135/><V89/><F101/><W40/><G75/><T11/><D11/><U119/><E119/><V111/><F31/><W44/><REACH who="3" step="1"/><G4/><REACH who="3" ten="299,206,293,182" step="2"/><T22/><D69/><U109/><E109/><V34/><F111/><W23/><G23/><AGARI ba="4,2" hai="13,18,23,27,28,34,52,55,60,66,68,89,92,99" machi="23" ten="30,3900,0" yaku="7,1,52,1,54,1" doraHai="85" who="2" fromWho="3" sc="299,0,206,0,293,71,182,-51" owari="299,9.9,206,-19.4,364,46.4,131,-36.9" /></mjloggm>