<mjloggm ver="2.3"><GO type="225" lobby="0"/><UN n0="%E3%81%A1%E3%82%85%E3%81%86%E3%81%A9%E3%81%8F%E8%B1%A1%E3%81%95%E3%82%93" n1="%E3%83%B4%E3%83%A0%EF%BC%99%E3%81%A6" n2="%E6%9C%AA%E6%9D%A5%E5%B0%91%E5%B9%B4" n3="%6D%75%75%6D%75%72%61" dan="17,17,16,16" rate="2197.24,2199.23,2134.78,2114.66" sx="M,M,M,F"/><TAIKYOKU oya="0"/><INIT seed="0,0,0,5,3,130" ten="250,250,250,250" oya="0" hai0="81,100,13,26,95,6,106,63,28,122,83,49,103" hai1="59,96,115,65,30,40,3,46,116,48,50,88,117" hai2="4,66,39,10,21,62,17,32,53,108,102,55,43" hai3="18,112,129,92,15,77,72,54,68,104,78,52,31"/><T8/><D122/><U34/><E3/><V57/><F32/><W91/><G129/><T123/><D123/><U85/><E115/><V73/><F73/><W71/><G112/><T99/><D49/><U69/><E69/><V80/><F108/><W120/><G104/><T107/><D63/><U9/><E9/><V101/><F80/><W1/><G1/><T33/><REACH who="0" step="1"/><D95/><REACH who="0" ten="240,250,250,250" step="2"/><U74/><E50/><V67/><F39/><W0/><G92/><T42/><D42/><U111/><E40/><V14/><F43/><W27/><G120/><T23/><D23/><U93/><E48/><V24/><REACH who="2" step="1"/><F53/><REACH who="2" ten="240,250,240,250" step="2"/><W135/><G52/><T132/><D132/><U29/><E116/><V19/><F19/><W22/><G54/><T12/><D12/><U61/><E117/><V5/><F5/><W35/><G135/><T79/><D79/><U37/><E37/><V2/><F2/><W64/><G0/><T128/><D128/><U118/><E118/><V45/><F45/><W121/><G121/><T89/><D89/><U131/><E88/><V56/><F56/><W86/><G71/><T60/><D60/><U84/><E59/><V47/><F47/><W51/><G51/><T133/><D133/><U87/><E46/><V105/><F105/><W25/><G68/><T70/><D70/><U36/><E61/><V90/><F90/><W127/><G78/><T125/><D125/><U20/><E36/><V82/><F82/><W16/><G127/><T41/><D41/><U7/><E7/><V11/><F11/><W109/><G77/><T114/><D114/><U98/><E131/><RYUUKYOKU ba="0,2" sc="240,15,250,-15,240,15,250,-15" hai0="6,8,13,26,28,33,81,83,99,100,103,106,107" hai2="4,10,14,17,21,24,55,57,62,66,67,101,102" /><INIT seed="0,1,2,2,0,52" ten="255,235,255,235" oya="0" hai0="53,121,98,63,2,32,1,78,132,49,96,45,43" hai1="131,108,71,80,67,68,75,88,72,13,9,18,59" hai2="122,134,29,23,112,116,54,21,40,28,7,114,62" hai3="94,128,66,99,11,85,39,56,86,106,24,69,58"/><T126/><D121/><U60/><E108/><V4/><F122/><W81/><G39/><T3/><D32/><U74/><REACH who="1" step="1"/><E131/><REACH who="1" ten="255,225,255,235" step="2"/><V33/><F112/><W20/><G128/><T6/><D132/><U100/><E100/><V25/><F134/><W82/><G106/><T8/><D126/><U35/><E35/><V127/><F114/><W103/><G103/><T120/><D120/><U135/><E135/><V55/><F127/><W97/><G94/><T30/><D30/><U65/><E65/><V22/><F29/><W95/><G66/><T41/><D78/><U93/><E93/><V47/><F116/><W27/><G95/><T110/><D110/><U57/><E57/><V70/><F70/><W91/><G69/><T34/><D34/><U117/><E117/><V111/><F111/><W38/><G56/><T17/><D1/><U113/><E113/><V125/><F125/><W16/><G58/><N who="0" m="35279" /><D2/><U133/><E133/><V19/><F33/><W31/><G31/><T46/><D17/><U77/><E77/><V84/><F19/><W51/><G16/><T87/><D3/><U48/><E48/><N who="2" m="26727" /><F28/><W36/><G51/><N who="0" m="27055" /><D6/><N who="2" m="2090" /><F62/><W26/><G36/><T102/><D102/><U92/><E92/><V118/><F118/><W73/><G38/><T109/><D109/><U61/><E61/><V42/><F25/><W89/><G27/><T10/><D10/><U107/><E107/><V5/><F5/><W44/><G26/><T130/><D130/><U0/><E0/><V83/><F42/><W12/><G11/><T124/><D124/><U50/><E50/><V123/><F123/><RYUUKYOKU ba="1,3" sc="255,-15,225,15,255,15,235,-15" hai1="9,13,18,59,60,67,68,71,72,74,75,80,88" hai2="21,22,23,54,55,83,84" /><INIT seed="1,2,3,1,1,42" ten="240,240,270,220" oya="1" hai0="134,46,73,97,86,88,76,69,92,39,87,124,120" hai1="24,25,116,19,18,17,100,49,128,23,122,15,98" hai2="77,11,127,78,94,45,38,121,27,43,85,101,81" hai3="118,65,21,33,105,31,96,111,131,79,64,72,53"/><U13/><E116/><V107/><F121/><W22/><G118/><T119/><D119/><U34/><E122/><V55/><F127/><W0/><G33/><T12/><D120/><U3/><E3/><V57/><F107/><W70/><G0/><T28/><D69/><U41/><E128/><V90/><F11/><W102/><G131/><T30/><D124/><U10/><E34/><V40/><F40/><W58/><G70/><T130/><D130/><U95/><E18/><V82/><F27/><W103/><G111/><T133/><D39/><U63/><E63/><V99/><REACH who="2" step="1"/><F82/><REACH who="2" ten="240,240,260,220" step="2"/><W48/><G105/><T71/><D133/><U66/><E66/><V50/><AGARI ba="2,4" hai="38,43,45,50,55,57,77,78,81,85,90,94,99,101" machi="50" ten="20,12000,2" yaku="1,1,2,1,0,1,7,1,52,1,53,1" doraHai="42" doraHaiUra="89" who="2" fromWho="2" sc="240,-32,240,-62,260,166,220,-32" /><INIT seed="2,0,0,0,1,20" ten="208,178,426,188" oya="2" hai0="103,104,64,49,98,31,9,73,113,95,62,19,102" hai1="117,47,36,133,135,3,6,68,84,134,43,92,35" hai2="24,110,130,10,114,42,82,80,7,99,12,72,33" hai3="132,50,116,25,55,59,30,97,74,131,77,76,27"/><V71/><F114/><W63/><G116/><T29/><D113/><U39/><E117/><V61/><F130/><W37/><G131/><T57/><D73/><U119/><E119/><V26/><F110/><W17/><G37/><T125/><D125/><U106/><E106/><V15/><F33/><W1/><G1/><T32/><D32/><U91/><E35/><V66/><F42/><W8/><G132/><T53/><D104/><U108/><E68/><V79/><F99/><W41/><G74/><T128/><D103/><U121/><E121/><V22/><F82/><W44/><G97/><T78/><D78/><N who="3" m="30313" /><G30/><T45/><D128/><U129/><E129/><V5/><F22/><W126/><G126/><T86/><D86/><U100/><E100/><V105/><F105/><W123/><G123/><T87/><D87/><U118/><E118/><V101/><F101/><W115/><G115/><T70/><D70/><U67/><E67/><V56/><F71/><W28/><G28/><T120/><D120/><U51/><E108/><V60/><F60/><W127/><G127/><T4/><D19/><U14/><E3/><AGARI ba="0,0" hai="3,4,9,29,31,45,49,53,57,62,64,95,98,102" machi="3" ten="30,1000,0" yaku="7,1" doraHai="20" who="0" fromWho="1" sc="208,10,178,-10,426,0,188,0" /><INIT seed="3,0,0,1,3,102" ten="218,168,426,188" oya="3" hai0="34,7,90,112,21,11,58,121,119,18,127,47,81" hai1="71,6,57,32,93,17,38,5,68,44,113,49,106" hai2="4,104,89,39,22,45,101,77,61,1,105,87,41" hai3="16,110,111,35,25,122,98,83,79,59,109,43,29"/><W3/><G122/><T56/><D34/><U134/><E113/><V40/><F77/><W13/><G3/><T60/><D121/><U118/><E32/><V135/><F101/><W73/><G98/><T8/><D112/><U23/><E106/><V54/><F135/><W72/><G59/><T78/><D119/><U103/><E134/><V80/><F41/><W20/><G43/><T76/><D127/><U84/><E118/><V85/><F22/><W69/><G69/><T130/><D130/><U97/><E38/><V94/><F4/><N who="1" m="1641" /><E68/><V9/><F9/><N who="0" m="3658" /><D7/><U128/><E71/><V131/><F1/><W120/><G120/><T55/><D47/><U108/><E108/><V95/><F131/><W117/><G117/><T99/><D56/><U48/><E128/><V10/><F10/><W2/><G2/><T46/><D46/><U65/><E44/><V19/><F19/><W31/><G29/><T33/><D33/><U28/><E28/><V129/><F129/><W66/><G66/><T50/><D60/><N who="1" m="38031" /><E84/><AGARI ba="0,0" hai="13,16,20,25,31,35,72,73,79,83,84,109,110,111" machi="84" ten="40,7700,0" yaku="14,1,10,1,54,1" doraHai="102" who="3" fromWho="1" sc="218,0,168,-77,426,0,188,77" /><INIT seed="3,1,0,0,0,11" ten="218,91,426,265" oya="3" hai0="44,46,81,111,61,96,70,3,54,103,129,32,60" hai1="58,1,22,71,41,127,109,133,62,92,95,87,68" hai2="20,112,123,105,132,30,121,102,120,33,77,27,40" hai3="28,10,2,7,39,38,6,106,122,126,128,100,75"/><W110/><G122/><T82/><D3/><U25/><E1/><V42/><F112/><W80/><G128/><T48/><D129/><U99/><E109/><V15/><F132/><W91/><G126/><T98/><D111/><U114/><E133/><V101/><F77/><W29/><G7/><T84/><D32/><U49/><E127/><V76/><F76/><W24/><G110/><T119/><D119/><U17/><E114/><V131/><F131/><W5/><G5/><T104/><D96/><U79/><E68/><V0/><F0/><W26/><G91/><T12/><D70/><U34/><E34/><V130/><F130/><W45/><G39/><T135/><D135/><U78/><E71/><V74/><F74/><W113/><G113/><T8/><D46/><U63/><E63/><V53/><F53/><W67/><G67/><T36/><D36/><U117/><E117/><V116/><F116/><W89/><G89/><T59/><D84/><U94/><E99/><N who="2" m="61631" /><F102/><W18/><G80/><T65/><D61/><U83/><E78/><V69/><F69/><W86/><G86/><T43/><D65/><U52/><E41/><V47/><F47/><W19/><G45/><T56/><D56/><U55/><E55/><V73/><F73/><W9/><G75/><T134/><D134/><U115/><E115/><V118/><F118/><W107/><G38/><T90/><D90/><U21/><E21/><V88/><F88/><W50/><G2/><T72/><REACH who="0" step="1"/><D72/><REACH who="0" ten="208,91,426,265" step="2"/><U108/><REACH who="1" step="1"/><E108/><REACH who="1" ten="208,81,426,265" step="2"/><V14/><F33/><N who="3" m="20615" /><G100/><T57/><D57/><U97/><E97/><V64/><F64/><RYUUKYOKU ba="1,2" sc="208,10,81,10,426,10,265,-30" hai0="8,12,43,44,48,54,59,60,81,82,98,103,104" hai1="17,22,25,49,52,58,62,79,83,87,92,94,95" hai2="14,15,20,27,30,40,42,120,121,123" owari="218,-18.2,91,-40.9,456,55.6,235,3.5" /></mjloggm>