<mjloggm ver="2.3"><GO type="225" lobby="0"/><UN n0="%28%EF%BF%A3%E2%96%BD%EF%BF%A3%29%CE%B4%E2%8C%92%E3%83%BB" n1="%E3%81%82%E3%81%99%E3%81%AB%E3%82%83%E3%82%80" n2="%72%69%6F%75%63%68%61%6E" n3="%6D%75%75%6D%75%72%61" dan="16,16,17,17" rate="2129.68,2122.58,2160.19,2181.74" sx="M,F,M,F"/><TAIKYOKU oya="0"/><INIT seed="0,0,0,0,1,99" ten="250,250,250,250" oya="0" hai0="62,125,1,121,35,80,115,124,105,27,60,51,109" hai1="130,89,31,93,57,69,49,88,106,116,8,4,19" hai2="129,67,45,90,86,97,131,113,83,20,126,64,76" hai3="36,71,17,0,74,85,72,30,44,34,96,53,82"/><T33/><D115/><U18/><E69/><V117/><F113/><W120/><G71/><T118/><D118/><U119/><E106/><V11/><F117/><W42/><G0/><T13/><D1/><U103/><E130/><N who="2" m="49675" /><F126/><N who="0" m="48746" /><D121/><U65/><E31/><V77/><F11/><W37/><G120/><T5/><D105/><U122/><E122/><V79/><F45/><W87/><G37/><T114/><D114/><U10/><E65/><N who="2" m="25163" /><F20/><W12/><G30/><N who="0" m="19679" /><D35/><U26/><E26/><V127/><F127/><W101/><G34/><T6/><D109/><U59/><E4/><N who="0" m="1641" /><D13/><U40/><E40/><V21/><F21/><W133/><G53/><T134/><D134/><U70/><E70/><V14/><F14/><W91/><G133/><T94/><D94/><AGARI ba="0,0" hai="76,77,79,83,86,90,94,97" m="25163,49675" machi="94" ten="30,1000,0" yaku="19,1" doraHai="99" who="2" fromWho="0" sc="250,-10,250,0,250,10,250,0" /><INIT seed="1,0,0,1,5,12" ten="240,250,260,250" oya="1" hai0="71,1,22,63,75,111,117,10,30,2,8,84,28" hai1="98,37,44,78,115,59,107,36,23,105,13,134,69" hai2="110,125,64,83,121,108,135,128,76,58,49,100,97" hai3="114,73,53,16,41,51,62,126,99,118,86,32,90"/><U45/><E115/><V5/><F121/><W4/><G114/><T27/><D75/><U38/><E69/><V70/><F128/><W74/><G32/><T20/><D84/><U92/><E134/><V47/><F70/><W130/><G130/><T43/><D43/><U129/><E129/><V82/><F125/><W7/><G126/><T18/><D63/><U35/><E35/><V54/><F135/><W79/><G74/><T131/><D71/><U89/><E78/><V57/><F5/><W127/><G127/><T60/><D60/><U122/><E122/><V26/><F26/><W112/><G112/><T104/><D104/><U101/><E59/><V72/><F83/><W25/><G73/><T9/><D131/><U3/><E3/><N who="0" m="1033" /><D117/><U61/><E61/><V88/><F64/><W106/><G118/><T56/><D56/><U24/><E13/><V6/><F6/><W68/><G41/><T93/><D93/><U55/><E55/><V52/><F88/><W123/><G79/><T42/><D42/><U77/><E77/><V81/><F82/><W109/><G123/><T113/><D113/><U34/><E34/><V31/><F31/><N who="0" m="11818" /><D111/><N who="2" m="42538" /><F54/><W120/><G109/><T21/><AGARI ba="0,0" hai="8,9,10,18,20,21,22,27" m="11818,1033" machi="21" ten="40,12000,2" yaku="35,5,52,1" doraHai="12" who="0" fromWho="0" sc="240,120,250,-60,260,-30,250,-30" /><INIT seed="2,0,0,1,3,80" ten="360,190,230,220" oya="2" hai0="47,1,12,99,105,20,70,126,50,26,53,66,135" hai1="125,7,111,67,22,30,31,56,40,78,129,46,17" hai2="57,128,36,25,132,9,118,39,15,108,131,28,41" hai3="98,104,89,35,13,109,102,69,88,79,5,83,68"/><V134/><F118/><W101/><G35/><T59/><D1/><U110/><E129/><N who="2" m="49739" /><F41/><W49/><G109/><T37/><D126/><U71/><E125/><V64/><F108/><W130/><G130/><T33/><D135/><N who="2" m="51754" /><F64/><W120/><G120/><T81/><D33/><U116/><E7/><N who="2" m="3519" /><F57/><W73/><G101/><T112/><D59/><U34/><E56/><V27/><F27/><W74/><G74/><T16/><D66/><U100/><E116/><V75/><F75/><W124/><G124/><T86/><D70/><U97/><E67/><V76/><F76/><W87/><G49/><T62/><D62/><U115/><E78/><V10/><F10/><W44/><G44/><T121/><D26/><U6/><E71/><V11/><F11/><W61/><G68/><T72/><D72/><U42/><E46/><V133/><N who="2" m="51762" /><V123/><DORA hai="58" /><F123/><W8/><G69/><T84/><D121/><U29/><E110/><V24/><F24/><W85/><G61/><T90/><D50/><U93/><E111/><V60/><F60/><W19/><G5/><T23/><D47/><U117/><E117/><V45/><F45/><W106/><G106/><T18/><D105/><U51/><E6/><V96/><F96/><W94/><G104/><T77/><D99/><U3/><E3/><V95/><F95/><W2/><G2/><T91/><D37/><U113/><E34/><AGARI ba="0,0" hai="25,28,34,36,39" m="3519,51762,49739" machi="34" ten="40,3900,0" yaku="19,1,20,1" doraHai="80,58" who="2" fromWho="1" sc="360,0,190,-39,230,39,220,0" /><INIT seed="2,1,0,3,2,41" ten="360,151,269,220" oya="2" hai0="83,48,134,51,103,89,131,133,95,56,85,73,116" hai1="71,126,78,114,38,98,45,82,115,22,123,117,42" hai2="31,57,16,122,92,37,52,12,135,102,88,74,55" hai3="118,100,81,28,76,113,125,10,69,53,19,11,70"/><V49/><F122/><W121/><G118/><T36/><D116/><U107/><E117/><V39/><F74/><W5/><G121/><T109/><D109/><U46/><E123/><V130/><F130/><W58/><G125/><T84/><D73/><U68/><E126/><V62/><F135/><N who="0" m="51722" /><D36/><U124/><E124/><V35/><F102/><W97/><G28/><T129/><D103/><U79/><E22/><V65/><F35/><W75/><G113/><T30/><D30/><U25/><E25/><V59/><F31/><W23/><G70/><T20/><D20/><U72/><E79/><V13/><F65/><W33/><G69/><T54/><D48/><U127/><E127/><V9/><REACH who="2" step="1"/><F12/><REACH who="2" ten="360,151,259,220" step="2"/><W128/><G33/><T111/><D111/><U7/><E115/><V132/><F132/><W4/><G128/><T119/><D119/><U108/><E114/><V3/><F3/><W26/><G100/><T50/><D131/><U106/><E108/><V86/><AGARI ba="1,1" hai="9,13,16,37,39,49,52,55,57,59,62,86,88,92" machi="86" ten="20,18000,2" yaku="1,1,0,1,7,1,54,3,53,0" doraHai="41" doraHaiUra="110" who="2" fromWho="2" sc="360,-61,151,-61,259,193,220,-61" /><INIT seed="2,2,0,0,2,16" ten="299,90,452,159" oya="2" hai0="67,80,98,107,123,78,35,104,77,95,32,14,81" hai1="105,133,120,87,79,125,75,13,110,126,0,76,15" hai2="27,108,55,132,73,36,124,45,4,17,41,102,19" hai3="25,47,113,86,51,70,7,37,89,48,69,5,60"/><V34/><F73/><W106/><G106/><N who="0" m="40491" /><D14/><N who="1" m="5131" /><E105/><V103/><F124/><N who="1" m="47721" /><E75/><V130/><F130/><W23/><G113/><T128/><D67/><U114/><E114/><V65/><F132/><W68/><G37/><T118/><D35/><U92/><E133/><V43/><F108/><W63/><G7/><T84/><D32/><U117/><E92/><V121/><F4/><W82/><G5/><T12/><D12/><U44/><E87/><V85/><F121/><W26/><G26/><T64/><D64/><U46/><E120/><V91/><F65/><W22/><G48/><T131/><D123/><U30/><E30/><V119/><F119/><W93/><G93/><T2/><D2/><U101/><E101/><V115/><F115/><W6/><G6/><T18/><D18/><U61/><E61/><V111/><F111/><W56/><G63/><T52/><D52/><U116/><E110/><V129/><F55/><W74/><G74/><N who="0" m="43063" /><D118/><N who="1" m="45675" /><E0/><V109/><F41/><W88/><G60/><T59/><D59/><U3/><E3/><V8/><F43/><W24/><G56/><T49/><D49/><U135/><E135/><V31/><F109/><W53/><G70/><T122/><D122/><U99/><E99/><V72/><F45/><AGARI ba="2,0" hai="44,45,46,76,79" m="45675,47721,5131" machi="45" ten="40,5200,0" yaku="28,2,18,1" doraHai="16" who="1" fromWho="2" sc="299,0,90,58,452,-58,159,0" /><INIT seed="3,0,0,5,3,49" ten="299,148,394,159" oya="3" hai0="53,60,19,109,7,131,55,99,91,105,125,126,21" hai1="114,35,62,127,50,133,25,54,70,86,80,68,97" hai2="129,59,8,117,65,52,44,79,33,121,18,96,27" hai3="87,95,22,41,51,31,36,120,38,17,81,83,77"/><W13/><G120/><T124/><D109/><U61/><E114/><V128/><F117/><W111/><G111/><T75/><D75/><U45/><E68/><V58/><F121/><W29/><G83/><T16/><D131/><N who="2" m="50250" /><F79/><W106/><G106/><T93/><D105/><U119/><E119/><V12/><F65/><W71/><G71/><T39/><D39/><U24/><E133/><V110/><F110/><W103/><G36/><T10/><D60/><N who="1" m="23147" /><E70/><V46/><F96/><N who="3" m="59807" /><G38/><T135/><D135/><U28/><E35/><V6/><F59/><W40/><G40/><T122/><D122/><U74/><E74/><V37/><F37/><W34/><G34/><T104/><D104/><U101/><E127/><V26/><F33/><W78/><G78/><T11/><D11/><U118/><E118/><V115/><F115/><W89/><G77/><T9/><D9/><U30/><E97/><V56/><F56/><W107/><G107/><T132/><D132/><U73/><E73/><V134/><F134/><W48/><G41/><T85/><D99/><U3/><E101/><V15/><F44/><W42/><G42/><T92/><D92/><U76/><E3/><V69/><F46/><W123/><G123/><T102/><D102/><U82/><E82/><V108/><F69/><W23/><G23/><T90/><D90/><U32/><E32/><V112/><F112/><W64/><G64/><T100/><D100/><U5/><E5/><V0/><F108/><W113/><G113/><T4/><D4/><U116/><E116/><V57/><F0/><W20/><G20/><T130/><D126/><RYUUKYOKU ba="0,0" sc="299,-15,148,15,394,-15,159,15" hai1="24,25,28,30,45,50,54,76,80,86" hai3="13,17,22,29,31,48,51,81,87,89" /><INIT seed="3,1,0,5,1,75" ten="284,163,379,174" oya="3" hai0="135,16,122,25,131,101,74,116,4,66,62,127,27" hai1="17,57,44,5,9,14,81,40,47,46,67,129,107" hai2="26,22,55,118,1,102,10,112,87,43,106,37,90" hai3="8,79,60,34,6,86,95,134,78,29,61,48,121"/><W76/><G121/><T113/><D122/><U19/><E107/><V70/><F70/><W89/><G134/><T23/><D116/><U84/><E129/><V35/><F35/><W7/><G48/><T0/><D135/><U98/><E98/><V94/><F118/><W49/><G49/><T83/><D131/><U88/><E40/><V117/><F117/><W3/><REACH who="3" step="1"/><G7/><REACH who="3" ten="284,163,379,164" step="2"/><T119/><D119/><U54/><E67/><V21/><F112/><W28/><G28/><T126/><D113/><U50/><AGARI ba="1,1" hai="5,9,14,17,19,44,46,47,50,54,57,81,84,88" machi="50" ten="30,4000,0" yaku="0,1,8,1,54,1" doraHai="75" who="1" fromWho="1" sc="284,-11,163,53,379,-11,164,-21" owari="273,7.3,216,-18.4,368,46.8,143,-35.7" /></mjloggm>