<mjloggm ver="2.3"><GO type="225" lobby="0"/><UN n0="%E3%82%B2%E3%82%B9%E8%8C%82%E5%8B%9D" n1="%72%65%6E%6B%75%6E" n2="%E3%82%A2%E3%83%A1%E3%82%A2%E3%83%A9%E3%83%AC" n3="%E6%B4%BE%E9%81%A3%E3%81%AE%E3%82%B8%E3%83%A3%E3%83%83%E3%82%AF" dan="16,17,16,17" rate="2081.82,2250.70,2052.42,2240.07" sx="F,M,M,M"/><TAIKYOKU oya="0"/><INIT seed="0,0,0,0,3,10" ten="250,250,250,250" oya="0" hai0="78,66,104,2,46,36,56,15,76,63,7,28,80" hai1="13,70,4,118,87,73,59,132,126,115,53,65,125" hai2="44,9,90,124,84,22,41,105,127,47,38,24,89" hai3="82,52,75,39,35,18,29,42,67,71,74,61,100"/><T95/><D104/><U16/><E73/><V91/><F105/><W88/><G100/><T3/><D28/><U6/><E118/><V135/><F135/><W117/><G117/><T0/><D95/><U43/><E43/><V72/><F72/><W99/><G42/><T102/><D102/><U133/><E65/><V51/><F9/><W114/><G39/><T20/><D46/><U64/><E64/><V31/><REACH who="2" step="1"/><F84/><REACH who="2" ten="250,250,240,250" step="2"/><W32/><G74/><T40/><D3/><U57/><E87/><V37/><F37/><W60/><G75/><T79/><D2/><U94/><E115/><V108/><F108/><W92/><G114/><T129/><D0/><U109/><E109/><V27/><F27/><W69/><G82/><T93/><D36/><U120/><E94/><V121/><F121/><W128/><G128/><T96/><D93/><U17/><E120/><V81/><F81/><W85/><G85/><T58/><D80/><U97/><E97/><V21/><F21/><W1/><G1/><T119/><D129/><U77/><E77/><V26/><F26/><W111/><G111/><T54/><D96/><U86/><E86/><V45/><F45/><W30/><G99/><T123/><D123/><U49/><E132/><V12/><F12/><W83/><G83/><T23/><D76/><U106/><E106/><V50/><F50/><W131/><G131/><T14/><D78/><U103/><E133/><V122/><F122/><W5/><G92/><T113/><D79/><U55/><E13/><V110/><F110/><W68/><G35/><T112/><D113/><U11/><E49/><RYUUKYOKU ba="0,1" sc="250,-10,250,-10,240,30,250,-10" hai2="22,24,31,38,41,44,47,51,89,90,91,124,127" /><INIT seed="1,1,1,5,2,5" ten="240,240,270,240" oya="1" hai0="105,29,127,122,128,33,94,30,116,106,80,45,103" hai1="81,32,117,129,82,126,79,68,40,124,46,110,62" hai2="26,100,108,74,0,96,35,63,101,76,4,131,23" hai3="134,56,73,10,50,95,89,53,120,51,99,1,102"/><U111/><E32/><V114/><F108/><N who="1" m="41513" /><E117/><V97/><F131/><W18/><G120/><T28/><D116/><U77/><E129/><V37/><F37/><W20/><G73/><T9/><D128/><U6/><E6/><V25/><F114/><W90/><G134/><T71/><D122/><U34/><E34/><V92/><F63/><W61/><G1/><T78/><D71/><U70/><E81/><V55/><F55/><W75/><G75/><T48/><D127/><N who="1" m="48683" /><E62/><V93/><F35/><W13/><G20/><T12/><D33/><U57/><E57/><V59/><F23/><W64/><REACH who="3" step="1"/><G50/><REACH who="3" ten="240,240,270,230" step="2"/><T107/><D30/><U112/><E112/><V83/><REACH who="2" step="1"/><F59/><AGARI ba="1,2" hai="10,13,18,51,53,56,59,61,64,89,90,95,99,102" machi="59" ten="30,12000,2" yaku="1,1,2,1,7,1,8,1,52,1,53,2" doraHai="5" doraHaiUra="84" who="3" fromWho="2" sc="240,0,240,0,270,-123,230,143" /><INIT seed="2,0,0,2,2,106" ten="240,240,147,373" oya="2" hai0="111,87,5,117,59,9,8,41,51,129,56,118,71" hai1="82,17,47,102,44,84,93,90,103,127,28,52,13" hai2="48,42,39,77,76,109,22,33,120,107,108,43,86" hai3="95,32,14,130,112,62,46,113,70,104,72,124,66"/><V6/><F120/><W54/><G104/><T79/><D71/><U81/><E127/><V37/><F33/><W97/><G32/><T29/><D129/><U85/><E28/><V65/><F107/><W40/><G124/><T15/><D111/><N who="2" m="42570" /><F6/><W38/><G130/><T128/><D128/><U115/><E115/><N who="3" m="44106" /><G14/><T121/><D121/><U88/><E93/><V80/><F65/><W53/><G72/><T21/><D8/><N who="1" m="6311" /><E44/><N who="2" m="25623" /><F43/><W31/><G31/><T10/><D9/><U34/><E34/><V2/><F2/><W36/><G36/><N who="2" m="13897" /><F22/><W119/><G119/><N who="0" m="45579" /><D41/><U57/><E47/><V125/><F125/><W25/><G25/><N who="0" m="16559" /><D51/><AGARI ba="0,0" hai="51,52,57,81,82,84,85,88,90,102,103" m="6311" machi="51" ten="30,3900,0" yaku="8,1,54,2" doraHai="106" who="1" fromWho="0" sc="240,-39,240,39,147,0,373,0" /><INIT seed="3,0,0,0,2,88" ten="201,279,147,373" oya="3" hai0="103,96,20,68,71,99,132,107,27,64,33,128,54" hai1="2,6,123,67,78,61,8,63,42,114,94,31,89" hai2="60,13,45,23,130,127,16,109,40,59,43,106,56" hai3="92,19,48,35,105,36,52,112,32,100,84,51,126"/><W72/><G36/><T124/><D128/><U15/><E123/><V119/><F109/><W125/><G72/><T129/><D129/><U134/><E114/><V50/><F127/><W82/><G105/><T65/><D124/><U3/><E134/><V81/><F119/><W46/><G112/><T111/><D111/><U39/><E78/><V90/><F130/><W55/><G19/><T83/><D132/><U85/><E31/><V4/><F106/><W118/><G118/><T26/><D83/><U86/><E86/><V21/><F4/><W102/><G84/><T34/><D54/><U5/><E5/><V58/><F40/><W74/><G82/><T66/><D96/><U17/><E67/><V117/><F117/><W110/><G110/><T12/><D12/><U49/><E39/><V131/><F131/><W24/><G24/><T135/><D135/><U122/><E122/><V115/><F115/><W104/><G104/><T69/><D20/><U10/><E3/><V9/><REACH who="2" step="1"/><F60/><REACH who="2" ten="201,279,137,373" step="2"/><W133/><G133/><T29/><D29/><U79/><E61/><V98/><F98/><W120/><G126/><T87/><D68/><U91/><E63/><V53/><F53/><W25/><G52/><T57/><D69/><U80/><E42/><V47/><F47/><W1/><G46/><T121/><D71/><U77/><E6/><V93/><F93/><W95/><G55/><T116/><D116/><U38/><E94/><V18/><F18/><W97/><G97/><T101/><D99/><U70/><E70/><V37/><F37/><W113/><G125/><T41/><D107/><RYUUKYOKU ba="0,1" sc="201,-10,279,-10,137,30,373,-10" hai2="9,13,16,21,23,43,45,50,56,58,59,81,90" owari="191,-20.9,269,6.9,167,-33.3,373,47.3" /></mjloggm>