<mjloggm ver="2.3"><GO type="225" lobby="0"/><UN n0="%E3%81%88%E3%81%8C%E3%82%8F%E3%82%8A%E3%81%8A" n1="%E7%89%B9%E6%9D%B1%E3%81%AF%E4%B8%96%E7%95%8C%E3%82%92%E6%95%91%E3%81%86" n2="%70%68%65%6E%6F%6D%65" n3="%E3%81%95%E3%81%8D%E3%81%9F%E3%81%BE%E6%9E%97%E6%AA%8E" dan="16,16,17,16" rate="2086.74,2110.89,2192.94,2104.89" sx="M,M,M,M"/><TAIKYOKU oya="0"/><INIT seed="0,0,0,0,2,54" ten="250,250,250,250" oya="0" hai0="108,15,20,123,81,88,0,85,80,106,86,89,110" hai1="62,3,4,87,61,72,39,99,115,134,109,16,112" hai2="28,118,57,126,5,133,66,77,29,12,83,74,23" hai3="130,34,97,9,14,30,52,125,13,50,11,25,127"/><T90/><D123/><U40/><E72/><V37/><F126/><N who="3" m="48139" /><G97/><T111/><D0/><U65/><E109/><V113/><F113/><W21/><G130/><T121/><D121/><U31/><E31/><V135/><F37/><W2/><G2/><T116/><D116/><U67/><E134/><N who="2" m="51211" /><F118/><W101/><G101/><T102/><D20/><U58/><E87/><N who="0" m="33289" /><D15/><N who="3" m="5641" /><G34/><T94/><D106/><U76/><E76/><V10/><F23/><W33/><G33/><T22/><D22/><U96/><E40/><V117/><F117/><W45/><AGARI ba="0,0" hai="9,11,21,25,30,45,50,52" m="5641,48139" machi="45" ten="30,2000,0" yaku="18,1,54,1" doraHai="54" who="3" fromWho="3" sc="250,-10,250,-5,250,-5,250,20" /><INIT seed="1,0,0,4,1,133" ten="240,245,245,270" oya="1" hai0="110,107,44,58,23,21,5,95,38,108,27,47,39" hai1="99,111,106,32,87,40,9,128,10,30,130,6,72" hai2="123,105,29,61,113,88,49,51,92,85,28,132,124" hai3="60,25,22,31,63,2,64,82,7,54,71,135,12"/><U17/><E72/><V37/><F123/><W93/><G135/><T3/><D107/><U104/><E40/><V65/><F132/><W119/><G119/><T120/><D120/><U1/><E111/><N who="0" m="42537" /><D58/><U45/><E45/><N who="0" m="17481" /><D95/><U86/><E30/><V52/><F37/><N who="0" m="13834" /><D27/><U67/><E67/><V53/><F105/><N who="1" m="40553" /><E99/><V57/><F113/><W96/><G82/><T36/><D36/><U16/><E32/><V68/><REACH who="2" step="1"/><F124/><REACH who="2" ten="240,245,235,270" step="2"/><W69/><G69/><T117/><D117/><U89/><E130/><V81/><F81/><W55/><G71/><T97/><D97/><U116/><E128/><V134/><F134/><W101/><G96/><T33/><D33/><U35/><E35/><V90/><F90/><W100/><G93/><T46/><D46/><AGARI ba="0,1" hai="28,29,46,49,51,52,53,57,61,65,68,85,88,92" machi="46" ten="30,8000,1" yaku="1,1,7,1,54,2,53,1" doraHai="133" doraHaiUra="59" who="2" fromWho="0" sc="240,-80,245,0,235,90,270,0" /><INIT seed="2,0,0,1,4,22" ten="160,245,325,270" oya="2" hai0="16,21,89,52,127,121,28,120,60,27,43,84,112" hai1="9,49,33,73,39,134,23,4,37,129,25,96,126" hai2="124,48,75,0,17,57,45,19,18,130,42,115,54" hai3="114,58,107,32,36,128,132,77,6,56,133,94,91"/><V101/><F115/><W103/><G36/><T98/><D112/><U51/><E33/><V50/><F124/><W92/><G114/><T65/><D127/><U2/><E126/><V131/><F75/><W122/><G122/><T13/><D43/><U90/><E73/><V59/><F0/><W10/><G77/><T62/><D98/><U11/><E11/><V15/><F101/><W109/><G109/><T35/><D60/><U74/><E74/><V63/><REACH who="2" step="1"/><F15/><REACH who="2" ten="160,245,315,270" step="2"/><W79/><G103/><T5/><D5/><U97/><E2/><V12/><F12/><W83/><G6/><T110/><D110/><U95/><E4/><V76/><F76/><W3/><G79/><T53/><D120/><U34/><E90/><V64/><AGARI ba="0,1" hai="17,18,19,42,45,48,50,54,57,59,63,64,130,131" machi="64" ten="30,3000,0" yaku="1,1,0,1,53,0" doraHai="22" doraHaiUra="85" who="2" fromWho="2" sc="160,-10,245,-10,315,40,270,-10" /><INIT seed="2,1,0,4,0,6" ten="150,235,355,260" oya="2" hai0="1,86,2,48,111,33,101,125,40,66,115,17,102" hai1="14,123,10,29,129,126,82,95,109,64,92,67,106" hai2="99,22,43,80,117,105,76,81,97,89,61,37,56" hai3="28,8,35,112,88,70,54,30,122,83,72,85,134"/><V132/><F117/><W84/><G112/><T23/><D115/><U5/><E106/><V44/><F132/><W124/><G134/><T42/><D111/><U131/><E109/><V9/><F22/><W75/><G124/><T119/><D33/><U36/><E126/><V78/><F105/><W121/><G70/><T98/><D125/><U79/><E36/><V107/><F107/><W108/><G108/><T32/><D32/><U59/><E29/><V104/><F89/><W114/><G114/><T12/><D119/><U100/><E123/><V116/><F116/><W58/><G35/><T3/><D66/><N who="1" m="25131" /><E59/><V96/><F104/><W25/><G25/><T27/><D86/><N who="1" m="48479" /><E100/><V71/><F71/><W57/><G83/><T74/><D74/><U90/><E90/><V91/><F81/><W94/><G88/><T49/><D27/><U26/><E26/><V69/><F69/><W4/><G94/><T52/><D98/><U46/><E46/><V0/><F91/><W24/><G24/><T120/><D120/><U63/><E63/><V62/><F78/><W31/><G31/><T39/><D39/><U51/><E51/><V21/><F56/><W7/><G54/><T110/><D110/><U118/><E118/><V15/><F80/><W135/><G135/><T34/><D34/><U20/><E20/><V65/><F76/><W93/><G93/><T11/><D23/><U87/><E87/><V113/><F113/><W60/><G60/><T13/><D48/><U19/><E19/><N who="2" m="10495" /><F65/><W128/><G128/><AGARI ba="1,0" hai="5,10,14,92,95,128,129,131" m="48479,25131" machi="128" ten="30,2000,0" yaku="19,1,52,1" doraHai="6" who="1" fromWho="3" sc="150,0,235,23,355,0,260,-23" /><INIT seed="3,0,0,0,4,42" ten="150,258,355,237" oya="3" hai0="25,16,52,124,131,51,123,62,88,31,110,95,103" hai1="10,125,68,121,36,93,116,76,7,56,112,3,98" hai2="57,54,64,128,113,97,126,111,32,38,67,19,129" hai3="13,90,106,17,44,5,53,33,27,66,102,89,96"/><W108/><G5/><T63/><D123/><U8/><E68/><V132/><F113/><W60/><G108/><T115/><D110/><U81/><E112/><V55/><F126/><W92/><G106/><T39/><D115/><U15/><E121/><V120/><F120/><W122/><G122/><T46/><D124/><U119/><E36/><V24/><F38/><W11/><G33/><T59/><D131/><U40/><E40/><V9/><F132/><W86/><G27/><T130/><D130/><N who="2" m="50282" /><F55/><W87/><G87/><T117/><D117/><N who="1" m="45131" /><E56/><V12/><F97/><W45/><G53/><T28/><D39/><U109/><E109/><V6/><F111/><W91/><REACH who="3" step="1"/><G86/><REACH who="3" ten="150,258,355,227" step="2"/><N who="0" m="52631" /><D103/><U69/><E125/><V0/><F24/><W29/><G29/><N who="0" m="11339" /><D59/><AGARI ba="0,1" hai="11,13,17,44,45,59,60,66,89,90,91,92,96,102" machi="59" ten="40,12000,1" yaku="1,1,8,1,52,2,53,0" doraHai="42" doraHaiUra="134" who="3" fromWho="0" sc="150,-120,258,0,355,0,227,130" owari="30,-47.0,258,-14.2,355,15.5,357,45.7" /></mjloggm>