<mjloggm ver="2.3"><GO type="225" lobby="0"/><UN n0="%E6%AB%BB%E4%BA%95%E5%A5%8F" n1="%E3%81%AF%E3%82%88%E3%81%8A%E3%81%98%E3%81%95%E3%82%93" n2="%E5%B0%8F%E9%B3%A5%E9%81%8A%E7%B7%B4%E7%84%A1%32%31%E6%AD%B3" n3="%48%61%61%61%6C%61%6E%64" dan="17,17,16,18" rate="2207.29,2155.32,2156.16,2207.17" sx="M,M,F,M"/><TAIKYOKU oya="0"/><INIT seed="0,0,0,2,0,94" ten="250,250,250,250" oya="0" hai0="3,117,71,31,56,129,30,48,128,87,81,135,111" hai1="113,83,60,50,106,42,88,73,107,51,130,44,121" hai2="53,57,74,105,133,118,64,20,16,132,52,116,63" hai3="47,4,98,92,69,102,122,43,66,104,114,124,76"/><T70/><D3/><U78/><E121/><V10/><F74/><W12/><G114/><T72/><D72/><U39/><E113/><V95/><F105/><W109/><G122/><T125/><D117/><N who="2" m="45162" /><F95/><W79/><G109/><T77/><D135/><N who="2" m="51786" /><F10/><W1/><G104/><T35/><D125/><U25/><E130/><N who="0" m="50281" /><D111/><U8/><E106/><V103/><F103/><W115/><G124/><T101/><D101/><U86/><E107/><V131/><F131/><W7/><G115/><T67/><D35/><U46/><E25/><AGARI ba="0,0" hai="16,20,25,52,53,57,63,64" m="51786,45162" machi="25" ten="30,7700,0" yaku="12,1,20,1,54,2" doraHai="94" who="2" fromWho="1" sc="250,0,250,-77,250,77,250,0" /><INIT seed="1,0,0,3,5,97" ten="250,173,327,250" oya="1" hai0="62,11,31,132,4,123,77,13,96,23,126,60,93" hai1="19,134,82,67,1,81,101,46,106,30,94,85,52" hai2="95,107,29,92,42,25,49,55,12,2,36,128,112" hai3="7,64,56,84,9,6,17,20,114,47,125,65,79"/><U27/><E134/><V130/><F2/><W37/><G114/><T71/><D123/><U120/><E120/><V40/><F107/><W32/><G32/><T76/><D132/><U111/><E1/><V5/><F112/><W22/><G125/><T21/><D126/><U116/><E116/><V61/><F61/><N who="0" m="23658" /><D71/><U68/><E68/><V129/><F36/><W45/><G37/><T43/><D43/><N who="2" m="16426" /><F12/><N who="3" m="7311" /><G56/><T131/><D131/><U75/><E106/><V110/><F5/><N who="3" m="1547" /><G79/><N who="0" m="30283" /><D31/><U118/><E118/><V72/><F110/><W74/><G74/><T26/><D26/><U0/><E0/><V70/><F72/><W24/><G84/><T41/><D41/><U80/><E75/><V69/><F69/><W91/><G91/><AGARI ba="0,0" hai="4,11,13,21,23,91,93,96" m="30283,23658" machi="91" ten="30,1000,0" yaku="8,1" doraHai="97" who="0" fromWho="3" sc="250,10,173,0,327,0,250,-10" /><INIT seed="2,0,0,3,5,6" ten="260,173,327,240" oya="2" hai0="34,43,41,123,28,46,55,84,108,93,51,133,40" hai1="101,32,4,0,16,126,95,27,31,135,107,62,94" hai2="45,99,117,79,130,124,21,78,54,61,80,50,97" hai3="104,42,29,113,86,92,77,57,72,33,111,66,115"/><V36/><F124/><W47/><G104/><T82/><D123/><U38/><E126/><V114/><F114/><N who="3" m="43531" /><G111/><T53/><D133/><U19/><E135/><V12/><F36/><N who="3" m="21959" /><G72/><T74/><D74/><U69/><E38/><V100/><F61/><N who="3" m="38191" /><G92/><T96/><D108/><U2/><E94/><V22/><F117/><W129/><G129/><T121/><D121/><U9/><E0/><V18/><F130/><W7/><G7/><T89/><D34/><U24/><E95/><N who="2" m="58431" /><F99/><W20/><G33/><T11/><D28/><U5/><E4/><V37/><F37/><W35/><G35/><T23/><D23/><N who="2" m="8714" /><F80/><N who="3" m="47375" /><G20/><AGARI ba="0,0" hai="12,18,20,45,50,54,78,79" m="8714,58431" machi="20" ten="30,1500,0" yaku="8,1" doraHai="6" who="2" fromWho="3" sc="260,0,173,0,327,15,240,-15" /><INIT seed="2,1,0,4,0,117" ten="260,173,342,225" oya="2" hai0="126,21,16,24,90,12,9,65,88,37,50,121,10" hai1="32,60,124,87,71,134,19,35,39,13,85,130,58" hai2="26,77,36,82,20,93,72,41,92,56,102,98,107" hai3="69,57,30,99,54,103,1,28,43,4,62,34,6"/><V97/><F56/><W67/><G43/><T55/><D37/><U75/><E75/><V116/><F116/><W23/><G1/><T133/><D121/><U48/><E39/><V38/><F41/><W89/><G89/><N who="0" m="34411" /><D133/><U45/><E71/><V74/><F107/><N who="3" m="63999" /><G23/><N who="0" m="11655" /><D65/><U128/><E134/><V15/><F15/><W113/><G28/><N who="0" m="17423" /><D126/><U3/><E3/><V112/><F72/><W14/><G14/><T95/><D95/><U17/><E124/><V120/><F112/><W0/><G0/><T70/><D70/><U101/><E101/><V2/><F2/><W53/><G113/><T8/><D8/><U68/><E68/><V76/><F38/><W135/><G135/><T49/><D49/><U123/><E123/><V29/><F120/><W27/><G54/><T44/><AGARI ba="1,0" hai="9,10,44,50,55" m="17423,11655,34411" machi="44" ten="30,4000,0" yaku="8,1,54,2" doraHai="117" who="0" fromWho="0" sc="260,43,173,-11,342,-21,225,-11" /><INIT seed="3,0,0,3,3,90" ten="303,162,321,214" oya="3" hai0="92,130,17,21,31,40,13,72,126,70,111,131,44" hai1="133,112,121,20,76,91,103,28,68,46,127,9,100" hai2="52,7,15,3,34,67,56,65,54,60,116,63,117" hai3="95,88,11,120,115,57,59,51,108,14,81,6,19"/><W10/><G115/><T119/><D72/><U5/><E121/><V110/><F3/><W93/><G120/><T25/><D70/><U30/><E112/><V105/><F34/><W101/><G108/><T104/><D104/><U58/><E68/><V18/><F7/><W0/><G101/><T2/><D2/><U106/><E106/><V84/><F105/><W69/><G69/><T114/><D119/><U50/><E127/><V8/><F110/><W113/><G113/><T132/><D114/><U128/><E128/><N who="0" m="49193" /><D111/><U79/><E133/><V82/><F116/><W80/><G95/><T22/><D132/><U41/><E58/><N who="2" m="37015" /><F117/><W32/><G32/><T89/><D126/><U45/><E46/><V73/><F73/><W26/><G26/><T47/><D40/><U66/><E66/><V98/><F98/><AGARI ba="0,0" hai="13,17,21,22,25,31,44,47,89,92,98" m="49193" machi="98" ten="30,2000,0" yaku="19,1,52,1" doraHai="90" who="0" fromWho="2" sc="303,20,162,0,321,-20,214,0" owari="323,42.3,162,-33.8,301,10.1,214,-18.6" /></mjloggm>