<mjloggm ver="2.3"><GO type="225" lobby="0"/><UN n0="%E5%B0%8F%E9%B3%A5%E9%81%8A%E7%B7%B4%E7%84%A1%32%31%E6%AD%B3" n1="%E6%AF%9B%E8%8D%92%E3%82%8C%E3%83%BB%E3%82%B9%E3%83%9F%E3%82%B9" n2="%E3%82%B2%E3%82%B9%E8%8C%82%E5%8B%9D" n3="%E3%83%A9%E3%83%96%E3%83%AC%E3%83%BC" dan="16,16,16,18" rate="2161.06,2014.17,2053.26,2165.66" sx="F,F,F,M"/><TAIKYOKU oya="0"/><INIT seed="0,0,0,4,3,83" ten="250,250,250,250" oya="0" hai0="11,8,0,129,78,37,30,26,133,23,33,19,7" hai1="107,74,32,12,4,101,91,96,128,61,56,73,119" hai2="121,98,112,55,113,21,105,67,49,95,3,104,50" hai3="130,88,36,117,54,40,76,69,41,123,118,46,124"/><T89/><D129/><U120/><E119/><V45/><F3/><W87/><G130/><T102/><D133/><U100/><E128/><V1/><F1/><W71/><G76/><T97/><D8/><U52/><E120/><V60/><F121/><W82/><G123/><T116/><D116/><U75/><E32/><V109/><F109/><W63/><G41/><T35/><D37/><U99/><E91/><V68/><F21/><W90/><G124/><T24/><D78/><U85/><E85/><V39/><F39/><W2/><G2/><T84/><D35/><U64/><E12/><V106/><REACH who="2" step="1"/><F50/><REACH who="2" ten="250,250,240,250" step="2"/><W72/><G118/><T53/><D33/><U15/><E15/><V92/><F92/><W18/><G36/><T42/><D26/><U34/><E34/><V10/><F10/><W9/><G9/><T27/><D27/><U80/><E80/><V86/><F86/><W93/><G117/><T94/><D30/><U81/><E81/><V16/><F16/><W31/><G18/><T58/><D42/><U28/><E28/><V115/><F115/><W135/><G40/><T13/><D24/><U122/><E122/><V20/><F20/><W62/><G31/><T66/><D66/><U110/><E110/><V131/><F131/><W38/><G38/><T29/><D29/><U51/><E4/><V25/><F25/><W114/><G114/><T5/><D0/><U125/><E125/><V6/><F6/><W127/><G127/><T43/><D43/><U17/><E17/><V59/><F59/><W77/><G77/><T22/><D11/><U14/><E56/><RYUUKYOKU ba="0,1" sc="250,-10,250,-10,240,30,250,-10" hai2="45,49,55,60,67,68,95,98,104,105,106,112,113" /><INIT seed="1,1,1,2,4,33" ten="240,240,270,240" oya="1" hai0="118,52,133,98,44,18,89,84,42,35,58,0,116" hai1="111,70,79,26,49,77,117,130,57,115,107,128,5" hai2="85,28,38,46,34,95,7,112,126,135,50,69,16" hai3="93,4,29,109,19,110,122,61,120,103,132,134,41"/><U108/><E115/><V64/><F112/><W40/><G29/><T82/><D35/><U32/><E117/><V48/><F126/><W10/><G61/><T101/><D133/><N who="3" m="51305" /><G19/><T12/><D0/><U129/><E107/><V123/><F123/><N who="3" m="47147" /><G103/><T91/><D91/><U67/><E70/><V114/><F135/><W9/><G93/><T54/><D116/><U83/><E5/><V6/><F114/><W92/><G92/><N who="0" m="58567" /><D118/><U3/><E3/><V60/><F95/><W39/><G39/><T99/><D99/><U75/><E67/><V14/><F85/><W1/><G10/><N who="0" m="6423" /><D58/><U87/><E32/><V119/><F119/><W24/><G24/><T78/><D89/><U71/><E26/><V45/><F38/><W31/><G31/><T53/><D42/><AGARI ba="1,1" hai="1,4,9,40,41,42,109,110" m="47147,51305" machi="42" ten="40,2600,0" yaku="20,1,52,1" doraHai="33" who="3" fromWho="0" sc="240,-29,240,0,270,0,240,39" /><INIT seed="2,0,0,4,4,72" ten="211,240,270,279" oya="2" hai0="117,79,18,17,8,5,9,134,76,131,102,75,104" hai1="130,67,78,98,54,118,7,58,19,6,126,124,97" hai2="36,82,80,31,129,93,101,28,92,4,56,34,61" hai3="21,109,12,113,116,3,0,87,91,32,90,52,41"/><V105/><F129/><W77/><G116/><T43/><D131/><U1/><E118/><V96/><F36/><W83/><G32/><T107/><D117/><U106/><E130/><V115/><F115/><W46/><G113/><T100/><D43/><U70/><E70/><V14/><F4/><W95/><G109/><T39/><D5/><U68/><E68/><V112/><F112/><W16/><G91/><T122/><D75/><U51/><E67/><V63/><F14/><W132/><G132/><T53/><D53/><U114/><E114/><V2/><F2/><W94/><G94/><T119/><D119/><U47/><E78/><V11/><F11/><W10/><G21/><T13/><D13/><U65/><E19/><V33/><F56/><W59/><G46/><T103/><D103/><N who="1" m="62831" /><E98/><V62/><F105/><W25/><G25/><T128/><D128/><U66/><E66/><V29/><REACH who="2" step="1"/><F92/><REACH who="2" ten="211,240,260,279" step="2"/><W108/><G0/><T64/><D39/><U42/><E1/><V74/><F74/><W26/><G3/><T15/><D15/><U73/><E73/><V133/><F133/><W121/><G10/><T27/><D134/><U99/><E6/><V125/><F125/><W120/><G12/><T24/><REACH who="0" step="1"/><D64/><REACH who="0" ten="201,240,260,279" step="2"/><U123/><E65/><V49/><F49/><N who="3" m="31119" /><G108/><T84/><D84/><U85/><E7/><V69/><F69/><W38/><G87/><T30/><D30/><U86/><E85/><V110/><F110/><W60/><G38/><T89/><D89/><U50/><E86/><V135/><F135/><W35/><G90/><T23/><D23/><U44/><E50/><RYUUKYOKU ba="0,2" sc="201,15,240,-15,260,15,279,-15" hai0="8,9,17,18,24,27,76,79,100,102,104,107,122" hai2="28,29,31,33,34,61,62,63,80,82,93,96,101" /><INIT seed="2,1,2,5,0,83" ten="216,225,275,264" oya="2" hai0="82,63,11,37,20,30,46,84,57,39,89,90,94" hai1="77,55,91,29,116,25,130,104,111,18,109,97,14" hai2="13,81,59,121,56,42,102,19,125,26,122,38,75" hai3="23,80,5,31,52,103,76,21,93,53,35,45,6"/><V71/><F71/><W28/><G35/><T4/><D46/><U101/><E116/><V135/><F135/><W61/><G103/><T40/><D40/><U127/><E127/><V115/><F115/><W74/><G93/><T118/><D118/><U96/><E130/><V131/><F125/><W123/><G123/><T85/><D20/><U120/><E120/><V12/><F26/><W117/><G117/><T119/><D30/><U66/><E66/><V22/><F102/><W73/><G45/><T98/><D98/><U47/><E77/><V65/><F131/><W2/><G80/><T100/><D100/><U113/><E113/><V15/><F42/><W27/><G61/><T7/><D119/><U105/><E105/><V67/><F38/><W133/><G76/><T72/><D72/><U41/><E55/><V95/><F95/><W48/><G48/><T108/><D108/><N who="1" m="41547" /><E91/><V86/><F75/><W60/><G60/><T16/><D37/><N who="1" m="21935" /><E101/><V9/><F9/><W124/><G124/><T88/><D39/><U54/><E54/><V114/><F114/><W36/><G36/><T132/><D90/><U62/><E62/><V50/><F121/><W24/><G2/><T110/><D132/><AGARI ba="1,2" hai="5,6,21,23,24,27,28,31,52,53,73,74,132,133" machi="132" ten="25,3200,0" yaku="22,2,54,1" doraHai="83" who="3" fromWho="0" sc="216,-35,225,0,275,0,264,55" /><INIT seed="3,0,0,2,4,127" ten="181,225,275,319" oya="3" hai0="14,60,4,42,93,13,37,94,110,16,115,66,132" hai1="43,73,69,123,47,18,30,17,62,88,2,23,34" hai2="90,119,103,53,124,122,133,102,113,117,95,65,72" hai3="7,51,38,130,85,48,27,96,63,134,77,3,118"/><W92/><G118/><T97/><D115/><U28/><E123/><V86/><F65/><W52/><G38/><T6/><D110/><U57/><E69/><V104/><F53/><W10/><G134/><T12/><D132/><U50/><E73/><V40/><F40/><W105/><G105/><T0/><D42/><U39/><E2/><V83/><F133/><W11/><G11/><T56/><D37/><U81/><E34/><V101/><F122/><W129/><G85/><T98/><D0/><U61/><E39/><V89/><F113/><W24/><G77/><T29/><D29/><N who="1" m="11371" /><E57/><V54/><F54/><W70/><G63/><N who="1" m="24074" /><E23/><V32/><F32/><W45/><G51/><T22/><D4/><U109/><E109/><V44/><F44/><W8/><G8/><T125/><D6/><U49/><E50/><V46/><F46/><W5/><G70/><T100/><REACH who="0" step="1"/><D125/><REACH who="0" ten="171,225,275,319" step="2"/><U67/><E67/><V55/><F124/><W64/><G7/><T112/><D112/><U19/><E17/><V59/><F117/><W91/><G64/><T9/><D9/><U20/><E18/><V120/><F119/><W78/><G5/><T76/><D76/><U79/><E79/><V71/><F120/><W74/><G10/><T33/><D33/><U41/><E19/><V106/><F104/><W128/><G3/><T21/><D21/><U108/><E20/><V84/><F106/><W107/><G107/><T121/><D121/><U15/><E108/><V25/><F71/><W111/><G111/><T126/><D126/><U82/><E41/><V131/><F72/><W75/><G75/><RYUUKYOKU ba="0,1" sc="171,15,225,-15,275,-15,319,15" hai0="12,13,14,16,22,56,60,66,93,94,97,98,100" hai3="24,27,45,48,52,74,78,91,92,96,128,129,130" owari="186,-31.4,210,-19.0,260,6.0,344,44.4" /></mjloggm>