<mjloggm ver="2.3"><GO type="225" lobby="0"/><UN n0="%4E%49%4A%49%49%52%4F" n1="%E5%A4%96%E5%B7%9D%E7%AB%9C%E6%88%90" n2="%E7%82%8E%E3%81%AE%E3%83%88%E3%83%AC%E3%83%BC%E3%83%80%E3%83%BC" n3="%E3%81%86%E3%82%8C%E3%81%9F%E3%82%93%E6%9E%95" dan="16,16,16,16" rate="2197.46,2225.06,2136.77,2101.08" sx="M,M,M,F"/><TAIKYOKU oya="0"/><INIT seed="0,0,0,2,1,11" ten="250,250,250,250" oya="0" hai0="132,57,89,6,29,115,50,111,3,10,90,43,26" hai1="36,86,87,81,52,80,104,84,35,23,45,53,116" hai2="120,58,33,64,4,76,42,15,27,131,40,133,28" hai3="123,8,19,66,32,61,65,14,71,74,118,44,1"/><T96/><D115/><U109/><E116/><V48/><F120/><W112/><G112/><T97/><D132/><U38/><E35/><V69/><F133/><W75/><G118/><T47/><D111/><U91/><E104/><V72/><F131/><W31/><G123/><T129/><D129/><U25/><E109/><V94/><F69/><W88/><G1/><T134/><D134/><U135/><E135/><V114/><F114/><W62/><G44/><T85/><D57/><U55/><E45/><V54/><F64/><W101/><G101/><T119/><D119/><U34/><E34/><V117/><F117/><W39/><G39/><T126/><D126/><U113/><E113/><V7/><F7/><W106/><G106/><T83/><REACH who="0" step="1"/><D90/><REACH who="0" ten="240,250,250,250" step="2"/><U18/><REACH who="1" step="1"/><E84/><REACH who="1" ten="240,240,250,250" step="2"/><V77/><F72/><W63/><G75/><T122/><D122/><U102/><E102/><V99/><F77/><AGARI ba="0,2" hai="18,23,25,36,38,52,53,55,77,80,81,86,87,91" machi="77" ten="40,8000,1" yaku="1,1,54,1,53,2" doraHai="11" doraHaiUra="68" who="1" fromWho="2" sc="240,0,240,100,250,-80,250,0" /><INIT seed="1,0,0,0,2,78" ten="240,340,170,250" oya="1" hai0="31,53,131,88,14,69,73,125,4,127,20,50,32" hai1="22,130,63,111,89,101,100,95,65,129,109,8,6" hai2="108,68,124,83,2,106,29,41,44,19,132,38,66" hai3="42,126,80,62,47,94,122,134,128,10,28,37,90"/><U91/><E22/><V46/><F132/><W64/><G122/><T104/><D69/><U11/><E63/><V36/><F108/><N who="1" m="41545" /><E65/><V81/><F106/><W107/><G134/><T74/><D104/><U16/><E16/><V30/><F124/><N who="0" m="47690" /><D131/><N who="1" m="50187" /><E11/><V48/><F2/><W43/><G107/><T77/><D32/><U67/><E67/><V103/><F103/><N who="1" m="39497" /><E95/><V112/><F19/><W61/><G94/><T92/><D31/><U79/><E79/><V135/><F135/><W99/><G28/><T86/><D77/><U18/><E18/><V113/><F30/><W115/><G64/><T118/><D20/><U54/><E54/><V56/><F29/><W58/><G62/><T25/><D25/><U23/><E23/><V1/><F1/><AGARI ba="0,0" hai="1,6,8,89,91" m="39497,50187,41545" machi="1" ten="30,5800,0" yaku="14,1,10,1,19,1" doraHai="78" who="1" fromWho="2" sc="240,0,340,58,170,-58,250,0" /><INIT seed="1,1,0,2,4,74" ten="240,398,112,250" oya="1" hai0="2,98,15,126,23,6,75,122,120,11,69,108,57" hai1="18,119,36,17,4,81,45,131,71,64,110,105,115" hai2="85,90,70,21,130,62,29,127,135,12,123,84,13" hai3="103,43,125,118,10,16,99,49,25,114,56,97,134"/><U37/><E115/><V96/><F123/><N who="0" m="47146" /><D108/><U106/><E119/><V31/><F135/><W95/><G134/><T111/><D111/><U92/><E4/><V93/><F130/><W104/><G125/><T67/><D126/><U40/><E37/><V78/><F127/><W107/><G114/><T51/><D75/><U44/><E44/><V8/><F70/><W83/><G118/><T20/><D2/><U30/><E30/><V50/><F62/><W65/><G65/><T116/><D116/><U72/><E92/><V54/><F13/><W100/><G95/><T124/><D124/><U121/><E121/><V32/><F32/><W102/><G103/><T101/><D69/><U79/><E131/><V128/><F128/><W27/><G83/><T5/><D5/><U77/><E64/><V58/><F96/><W59/><G43/><T89/><D89/><U3/><E3/><V14/><F14/><W91/><G91/><T117/><D117/><U112/><E71/><V39/><F39/><W86/><G86/><T48/><D67/><U60/><E112/><V46/><F46/><W88/><G88/><T41/><D41/><U80/><E110/><V22/><F31/><W53/><G59/><T42/><D42/><U47/><E40/><V1/><F29/><W61/><G61/><T35/><D35/><U63/><E36/><V113/><F1/><W82/><G82/><T33/><D33/><U133/><E72/><V76/><F113/><W55/><G53/><N who="0" m="31935" /><D48/><U129/><E129/><V26/><F26/><W87/><G87/><T34/><D34/><U73/><E73/><RYUUKYOKU ba="1,0" sc="240,10,398,10,112,-30,250,10" hai0="6,11,15,20,23,98,101" hai1="17,18,45,47,60,63,77,79,80,81,105,106,133" hai3="10,16,25,27,49,55,56,97,99,100,102,104,107" /><INIT seed="1,2,0,4,5,84" ten="250,408,82,260" oya="1" hai0="90,61,66,109,54,110,103,65,118,111,86,20,108" hai1="131,93,44,49,125,7,56,100,42,92,3,27,53" hai2="29,94,24,113,68,104,31,107,133,17,50,135,35" hai3="55,64,59,95,78,33,67,114,115,69,99,34,30"/><U72/><E72/><V122/><F122/><W89/><G78/><T36/><N who="0" m="27648" /><DORA hai="83" /><T10/><D118/><U4/><E27/><V32/><F68/><W105/><G105/><T12/><D36/><U0/><E125/><V117/><F117/><W46/><G46/><T97/><D20/><U48/><E131/><V45/><F17/><W19/><G19/><N who="0" m="8599" /><D54/><U96/><REACH who="1" step="1"/><E92/><REACH who="1" ten="250,398,82,260" step="2"/><V8/><F94/><W119/><G95/><N who="0" m="54743" /><D61/><U11/><E11/><V91/><F8/><W81/><G119/><T60/><D60/><U51/><E51/><V132/><F107/><AGARI ba="2,1" hai="65,66,97,103,107" m="54743,8599,27648" machi="107" ten="60,7700,0" yaku="14,1,52,2" doraHai="84,83" who="0" fromWho="2" sc="250,93,398,0,82,-83,260,0" owari="343,14.3,398,49.8,-1,-50.1,260,-14.0" /></mjloggm>