<mjloggm ver="2.3"><GO type="225" lobby="0"/><UN n0="%E5%8D%A0%E3%81%84%E5%B8%AB%E8%A3%8F%E3%81%AA%E3%81%84%E3%81%97" n1="%E9%B4%A8%4E%45%47%49" n2="%E6%B8%A1%E5%A4%A9%E8%97%8D" n3="%73%73%6B%5F%66%72%65%65" dan="17,16,16,16" rate="2221.27,2101.71,2120.39,2174.22" sx="M,M,M,M"/><TAIKYOKU oya="0"/><INIT seed="0,0,0,4,2,9" ten="250,250,250,250" oya="0" hai0="12,29,82,107,34,103,27,105,123,53,130,72,97" hai1="133,129,92,16,127,75,19,110,131,24,1,58,117" hai2="78,71,10,57,46,39,38,0,122,79,99,76,93" hai3="49,32,25,42,28,44,106,119,111,86,118,132,88"/><T85/><D123/><U84/><E117/><V5/><F71/><W95/><G111/><T73/><D130/><N who="1" m="49675" /><E75/><V104/><F122/><W62/><G132/><T101/><D53/><U18/><E110/><V96/><F57/><W2/><G2/><T77/><REACH who="0" step="1"/><D12/><REACH who="0" ten="240,250,250,250" step="2"/><U135/><E1/><V115/><F115/><W74/><G74/><T90/><D90/><N who="1" m="53319" /><E127/><V120/><F120/><W40/><G40/><T65/><D65/><U89/><E89/><V20/><F78/><W47/><G119/><T35/><D35/><U112/><E112/><V114/><F114/><W4/><G118/><T83/><D83/><U14/><E24/><V59/><F79/><W100/><G42/><T69/><D69/><U87/><E58/><V48/><F76/><W7/><G44/><T36/><D36/><U50/><E50/><V51/><F59/><W91/><G47/><T66/><D66/><U98/><E14/><V55/><F51/><W94/><G49/><T6/><D6/><U102/><E87/><V15/><F38/><W8/><G62/><T52/><D52/><U108/><E108/><V68/><F39/><W21/><G32/><T17/><D17/><N who="1" m="4355" /><U61/><DORA hai="26" /><E61/><V11/><F68/><W3/><G3/><T80/><D80/><U33/><E33/><V125/><F48/><W63/><G63/><T128/><D128/><U109/><E109/><V45/><F0/><W124/><G124/><T13/><D13/><U43/><E43/><V41/><F41/><W54/><G54/><T31/><D31/><U70/><E70/><V60/><F125/><W22/><G28/><RYUUKYOKU ba="0,1" sc="240,15,250,15,250,-15,250,-15" hai0="27,29,34,72,73,77,82,85,97,101,103,105,107" hai1="98,102,133,135" /><INIT seed="0,1,1,2,2,53" ten="255,265,235,235" oya="0" hai0="17,108,18,79,33,88,5,20,65,61,123,110,50" hai1="75,102,8,23,63,105,107,98,127,15,91,83,40" hai2="22,34,129,124,101,111,128,42,114,113,35,52,51" hai3="99,9,0,81,69,28,86,30,104,95,32,36,109"/><T14/><D123/><U82/><E127/><V73/><F73/><W94/><G109/><N who="0" m="42091" /><D33/><U54/><E40/><V126/><F111/><W29/><G69/><T3/><D79/><U112/><E112/><N who="2" m="43115" /><F101/><W48/><G36/><T96/><D50/><U44/><E107/><V118/><F22/><W122/><G122/><T1/><D5/><U103/><E103/><V13/><F13/><W87/><G32/><T49/><D49/><U58/><E91/><V11/><F11/><W59/><G104/><T89/><D17/><U72/><E44/><N who="2" m="27751" /><F118/><W12/><G0/><N who="0" m="75" /><D96/><U78/><E23/><V121/><F121/><W57/><G99/><T64/><D64/><U130/><E75/><V26/><F35/><W97/><G97/><T84/><D84/><U31/><E31/><N who="2" m="19831" /><F42/><W119/><G87/><T24/><D14/><U85/><E72/><V21/><F21/><W37/><G119/><T76/><D76/><U133/><E85/><V16/><F16/><W6/><G37/><T46/><D46/><U131/><E78/><V68/><F68/><AGARI ba="1,1" hai="18,20,24,61,65,68,88,89" m="75,42091" machi="68" ten="30,5800,0" yaku="14,1,10,1,54,1" doraHai="53" who="0" fromWho="2" sc="255,71,265,0,235,-61,235,0" /><INIT seed="0,2,0,5,1,135" ten="326,265,174,235" oya="0" hai0="80,77,94,97,36,129,51,39,24,88,6,134,131" hai1="123,60,35,67,42,61,49,118,92,110,70,20,37" hai2="57,116,115,102,132,122,96,48,1,121,125,16,10" hai3="71,22,79,69,30,111,89,44,66,27,59,13,101"/><T73/><D134/><U93/><E35/><V29/><F132/><W52/><G111/><T21/><D6/><U85/><E118/><V104/><F115/><W34/><G101/><T55/><D131/><U38/><E123/><V40/><F116/><W15/><G79/><T119/><D129/><U3/><E3/><V98/><F29/><W7/><G66/><T53/><D119/><U18/><E110/><V87/><F1/><W47/><G71/><T64/><D64/><U50/><E60/><V76/><F98/><W12/><G69/><T46/><REACH who="0" step="1"/><D53/><REACH who="0" ten="316,265,174,235" step="2"/><U99/><E67/><V81/><F121/><W113/><G7/><T43/><D43/><U62/><E42/><V75/><F122/><W2/><G113/><T25/><D25/><U78/><E70/><V32/><F40/><W109/><G109/><T126/><D126/><U91/><E38/><V72/><F125/><W84/><G2/><T11/><D11/><U56/><E37/><V130/><F130/><W112/><G112/><T117/><D117/><U31/><E49/><V100/><F10/><W105/><G27/><T82/><D82/><U33/><E50/><V106/><F48/><W8/><G8/><T26/><D26/><U63/><E63/><V41/><F41/><W54/><G54/><T17/><AGARI ba="2,1" hai="17,21,24,36,39,46,51,55,73,77,80,88,94,97" machi="17" ten="20,7800,0" yaku="1,1,0,1,7,1,54,1,53,0" doraHai="135" doraHaiUra="124" who="0" fromWho="0" sc="316,94,265,-28,174,-28,235,-28" /><INIT seed="0,3,0,3,5,47" ten="410,237,146,207" oya="0" hai0="29,130,86,32,2,30,84,28,69,35,10,100,59" hai1="0,112,67,64,7,119,65,90,13,97,25,16,93" hai2="105,117,125,124,33,95,51,92,61,55,123,14,102" hai3="75,66,120,87,5,115,88,43,107,58,94,68,53"/><T22/><D69/><U111/><E119/><V40/><F123/><W128/><G115/><T4/><D130/><U71/><E112/><V3/><F3/><W19/><G120/><T78/><D100/><U20/><E111/><V60/><F33/><W83/><G128/><T121/><D121/><U48/><E0/><V9/><F40/><W98/><G43/><T81/><D22/><U70/><E7/><V54/><F105/><W12/><G5/><T26/><D35/><U110/><E110/><V34/><F34/><W72/><G66/><T50/><D84/><U103/><E48/><V89/><F102/><W27/><G68/><T74/><D74/><U1/><E1/><V114/><F114/><W73/><G27/><T44/><REACH who="0" step="1"/><D59/><REACH who="0" ten="400,237,146,207" step="2"/><U134/><E134/><V85/><F117/><W109/><G109/><T17/><D17/><U36/><E71/><V37/><F124/><W56/><G56/><T126/><D126/><U77/><E70/><V131/><F125/><W99/><G107/><T15/><D15/><U104/><E13/><V38/><F131/><W62/><REACH who="3" step="1"/><G83/><REACH who="3" ten="400,237,146,197" step="2"/><T46/><D46/><U108/><E108/><V132/><F95/><W52/><G52/><AGARI ba="3,2" hai="2,4,10,26,28,29,30,32,44,50,52,78,81,86" machi="52" ten="30,12000,1" yaku="1,1,7,1,52,1,54,1,53,1" doraHai="47" doraHaiUra="42" who="0" fromWho="3" sc="400,149,237,0,146,0,197,-129" /><INIT seed="0,4,0,0,3,105" ten="549,237,146,68" oya="0" hai0="63,125,122,70,78,129,90,60,19,27,100,128,116" hai1="16,49,42,118,51,33,52,44,13,62,109,82,114" hai2="25,120,135,89,69,26,34,74,115,1,123,117,8" hai3="119,96,65,127,110,71,98,79,38,113,7,36,40"/><T45/><D116/><U10/><E109/><V99/><F89/><W53/><G113/><T133/><D122/><U67/><E118/><V3/><F99/><W2/><G119/><T95/><D125/><U80/><E114/><V130/><F8/><W30/><G127/><T29/><D133/><U93/><E33/><V24/><F24/><W107/><G110/><T101/><D78/><U102/><E93/><V85/><F85/><W21/><G79/><T81/><D81/><U87/><E102/><V106/><F25/><W57/><G71/><T11/><D45/><U0/><E0/><V20/><F20/><W72/><G65/><T91/><D19/><U121/><E121/><V77/><F26/><W14/><G2/><T12/><D12/><U54/><E51/><V39/><F77/><W84/><G84/><T94/><D27/><U28/><E28/><V104/><F104/><W47/><G107/><T126/><D126/><U103/><E103/><V88/><F88/><W59/><G98/><T75/><D11/><U134/><E134/><V112/><F1/><W4/><G96/><T31/><D31/><U23/><BYE who="0" /><E23/><V61/><F61/><W73/><G30/><T37/><D37/><UN n0="%E5%8D%A0%E3%81%84%E5%B8%AB%E8%A3%8F%E3%81%AA%E3%81%84%E3%81%97" /><U9/><E9/><V41/><F41/><W48/><G36/><T76/><D76/><N who="1" m="46471" /><E82/><V43/><F120/><W97/><G97/><T86/><D29/><U92/><E92/><V50/><F50/><W66/><G21/><T64/><D86/><U83/><E83/><V17/><F123/><W108/><G14/><T124/><D124/><U58/><AGARI ba="4,0" hai="10,13,16,42,44,49,52,54,58,62,67" m="46471" machi="58" ten="30,4000,0" yaku="8,1,54,2" doraHai="105" who="1" fromWho="1" sc="549,-24,237,52,146,-14,68,-14" /><INIT seed="1,0,0,5,5,118" ten="525,289,132,54" oya="1" hai0="117,105,81,76,65,89,87,125,9,123,72,46,133" hai1="28,131,61,0,3,17,27,34,108,129,20,91,22" hai2="5,90,66,29,52,126,15,50,84,95,33,63,88" hai3="56,93,6,11,42,62,115,64,85,48,122,67,49"/><U69/><E61/><V37/><F126/><W47/><G115/><T135/><D117/><U116/><E69/><V94/><F37/><W55/><G122/><T130/><D125/><U16/><E91/><V132/><F132/><N who="0" m="50762" /><D105/><U71/><E71/><V79/><F79/><W36/><G93/><T25/><D130/><N who="1" m="49675" /><E116/><V99/><F33/><W119/><G85/><T82/><D65/><N who="3" m="25161" /><G11/><T74/><D46/><U1/><E108/><V75/><F75/><W44/><G6/><T68/><D72/><U40/><E40/><V59/><F29/><W7/><G7/><T2/><D68/><U92/><E92/><V77/><F77/><W73/><G73/><T86/><D74/><U106/><E106/><V83/><F15/><W124/><G124/><T32/><D89/><U110/><E110/><V35/><F35/><W113/><G113/><T41/><D41/><U19/><AGARI ba="0,0" hai="0,1,3,16,17,19,20,22,27,28,34" m="49675" machi="19" ten="40,12000,1" yaku="19,1,34,2,54,1" doraHai="118" who="1" fromWho="1" sc="525,-40,289,120,132,-40,54,-40" /><INIT seed="1,1,0,3,0,100" ten="485,409,92,14" oya="1" hai0="41,101,85,30,53,60,99,14,44,82,88,16,25" hai1="86,122,58,81,59,110,27,124,18,102,64,115,127" hai2="67,52,12,103,93,22,79,19,74,118,109,75,133" hai3="135,77,119,61,39,113,50,29,56,36,71,126,105"/><U3/><E122/><V1/><F109/><W57/><G113/><T13/><D60/><N who="1" m="37911" /><E3/><V8/><F118/><W78/><G126/><N who="1" m="48170" /><E110/><V97/><F133/><W35/><G135/><T11/><D53/><U84/><E115/><V95/><F67/><W89/><G119/><T65/><D65/><U72/><E102/><V111/><F111/><W31/><G89/><T123/><D123/><U47/><E47/><V4/><F79/><W92/><G71/><T48/><D13/><U132/><E132/><V112/><F112/><W107/><G92/><N who="0" m="58599" /><D25/><U129/><E129/><V26/><F93/><W55/><G50/><T20/><D30/><U10/><E59/><V28/><F52/><W5/><G55/><T6/><D20/><AGARI ba="1,0" hai="1,4,8,12,19,20,22,26,28,74,75,95,97,103" machi="20" ten="30,1000,0" yaku="7,1" doraHai="100" who="2" fromWho="0" sc="485,-13,409,0,92,13,14,0" /><INIT seed="2,0,0,4,1,91" ten="472,409,105,14" oya="2" hai0="44,89,57,129,122,70,2,16,56,71,61,128,7" hai1="101,66,131,9,85,15,59,84,4,31,21,99,125" hai2="111,67,8,72,114,17,52,107,119,24,106,82,12" hai3="65,14,13,94,32,74,120,112,1,43,22,69,26"/><V3/><F114/><W62/><G120/><T96/><D122/><U87/><E131/><N who="0" m="50249" /><D7/><U25/><E125/><V34/><F119/><W115/><G74/><T29/><D2/><U35/><E35/><V54/><F67/><W135/><G135/><T95/><D29/><U76/><E76/><V41/><F41/><W127/><G127/><T126/><D126/><U6/><E6/><V30/><F111/><W19/><G1/><T83/><D44/><U64/><REACH who="1" step="1"/><E59/><REACH who="1" ten="472,399,105,14" step="2"/><V110/><F110/><W20/><G32/><T92/><D56/><U90/><E90/><V78/><F3/><W123/><G123/><T51/><D57/><U132/><E132/><V42/><F78/><W81/><G81/><T45/><D83/><U23/><E23/><V75/><F82/><W77/><G77/><T40/><D70/><U38/><E38/><V60/><F75/><W109/><G109/><T117/><D71/><U27/><E27/><V10/><F72/><W93/><G43/><T68/><D68/><U49/><E49/><V39/><F42/><W102/><G102/><N who="0" m="60679" /><D117/><U50/><E50/><V37/><F37/><W134/><G134/><T100/><D100/><U55/><E55/><V47/><F39/><W0/><G0/><T79/><D79/><U103/><E103/><V105/><F54/><W124/><G124/><T53/><D53/><U28/><E28/><V88/><F30/><N who="3" m="17735" /><G13/><T121/><D121/><U5/><E5/><V104/><F12/><W73/><G73/><T113/><D40/><U36/><E36/><V11/><F34/><W58/><G69/><T46/><D89/><RYUUKYOKU ba="0,1" sc="472,-15,399,15,105,-15,14,15" hai1="4,9,15,21,25,31,64,66,84,85,87,99,101" hai3="14,19,22,58,62,65,93,94,112,115" /><INIT seed="3,1,1,5,1,112" ten="457,414,90,29" oya="3" hai0="116,27,125,90,13,132,55,130,77,22,129,39,96" hai1="100,73,57,26,124,52,10,45,121,128,114,94,8" hai2="86,126,123,78,69,83,76,49,122,93,36,107,54" hai3="44,15,43,28,58,40,61,65,68,31,84,134,99"/><W75/><G134/><T3/><D116/><U92/><E114/><V41/><F107/><W18/><G75/><T1/><D125/><U12/><E73/><V105/><F105/><W115/><G115/><T53/><D132/><U7/><E121/><N who="2" m="46091" /><F126/><W113/><G113/><T111/><D111/><U67/><E124/><V62/><F93/><W88/><G68/><T72/><D39/><U98/><E128/><N who="0" m="49257" /><D13/><U11/><E94/><V37/><F41/><N who="3" m="15947" /><G44/><T108/><D108/><U30/><E67/><N who="2" m="41207" /><F76/><W38/><G99/><T64/><D64/><U103/><E45/><AGARI ba="1,1" hai="36,37,45,49,54,78,83,86" m="41207,46091" machi="45" ten="30,1000,0" yaku="13,1" doraHai="112" who="2" fromWho="1" sc="457,0,414,-13,90,23,29,0" owari="457,55.7,401,20.1,113,-28.7,29,-47.1" /></mjloggm>