<mjloggm ver="2.3"><GO type="225" lobby="0"/><UN n0="%E3%81%8B%E3%82%8F%E3%81%A1%E3%82%83%E3%82%93%35%38" n1="%72%69%6F%75%63%68%61%6E" n2="%E5%B8%86%E7%AB%8B%E5%A4%8F%E8%A1%A3" n3="%61%69%73%79%6F" dan="16,16,16,17" rate="2161.57,2205.96,2049.73,2238.25" sx="M,M,M,M"/><TAIKYOKU oya="0"/><INIT seed="0,0,0,0,0,14" ten="250,250,250,250" oya="0" hai0="2,99,102,80,129,93,3,49,32,42,58,53,66" hai1="128,79,30,21,74,59,103,68,127,4,13,62,5" hai2="16,0,73,75,31,46,108,113,71,77,115,83,101" hai3="60,24,51,132,15,35,61,50,85,104,28,64,38"/><T97/><D32/><U41/><E127/><V95/><F108/><W135/><G38/><T120/><D120/><U111/><E111/><V131/><F131/><W92/><G104/><T27/><D129/><U98/><E128/><V45/><F0/><W81/><G92/><T89/><D42/><U91/><E68/><V26/><F71/><W65/><G15/><T126/><D126/><U110/><E110/><V18/><F75/><W69/><G61/><T7/><D7/><U70/><E70/><V19/><F115/><W94/><G94/><T23/><D66/><U134/><E134/><N who="3" m="51242" /><G65/><T20/><D20/><U117/><E117/><V114/><F114/><W84/><G84/><T116/><D116/><U118/><E118/><V22/><REACH who="2" step="1"/><F113/><REACH who="2" ten="250,250,240,250" step="2"/><W133/><G133/><T82/><D2/><U17/><E74/><V67/><F67/><W25/><G25/><T121/><D3/><U10/><E79/><AGARI ba="0,1" hai="24,28,35,50,51,60,64,69,79,81,85" m="51242" machi="79" ten="30,1000,0" yaku="20,1" doraHai="14" who="3" fromWho="1" sc="250,0,250,-10,240,0,250,20" /><INIT seed="1,0,0,5,1,33" ten="250,240,240,270" oya="1" hai0="104,94,122,78,132,46,109,106,47,91,26,74,7" hai1="63,81,9,6,135,128,100,120,31,75,36,53,113" hai2="39,59,99,42,101,44,17,111,71,96,103,20,125" hai3="61,80,21,37,112,130,107,25,98,116,114,73,11"/><U64/><E113/><V29/><F111/><W126/><G37/><T10/><D109/><U62/><E128/><V133/><F125/><W4/><G126/><T34/><D132/><U45/><E135/><V84/><F133/><W110/><G110/><T70/><D70/><U90/><E120/><V35/><F71/><W115/><G130/><T95/><D95/><U32/><E100/><V24/><F84/><W66/><G116/><T30/><D122/><U19/><E19/><V48/><F101/><W58/><G107/><T121/><D121/><U54/><E31/><V14/><F99/><W117/><G98/><T69/><D69/><U0/><E32/><V2/><F59/><W93/><G93/><T123/><D123/><U97/><E97/><V13/><F13/><W85/><G73/><T79/><D106/><U22/><E22/><V16/><F17/><W67/><G67/><T56/><D104/><U89/><E89/><V88/><F2/><W43/><G43/><T87/><D56/><N who="1" m="36935" /><E63/><V41/><F39/><W27/><G117/><T102/><D102/><U129/><E129/><V124/><F124/><W77/><REACH who="3" step="1"/><G21/><REACH who="3" ten="250,240,240,260" step="2"/><T52/><D74/><U15/><E75/><V23/><F42/><W5/><G5/><T118/><D118/><U65/><E65/><V134/><F134/><W108/><G108/><T131/><D131/><U105/><E105/><V8/><F103/><W38/><G38/><T18/><D7/><U92/><E92/><N who="2" m="56327" /><F35/><W12/><AGARI ba="0,1" hai="4,11,12,25,27,58,61,66,77,80,85,112,114,115" machi="12" ten="30,2000,0" yaku="1,1,0,1,53,0" doraHai="33" doraHaiUra="127" who="3" fromWho="3" sc="250,-5,240,-10,240,-5,260,30" /><INIT seed="2,0,0,0,1,24" ten="245,230,235,290" oya="2" hai0="16,74,1,15,43,116,37,29,100,35,106,2,32" hai1="67,125,87,76,83,34,61,19,132,127,49,12,18" hai2="59,30,58,81,124,66,92,4,133,117,75,122,102" hai3="45,56,50,13,41,38,42,64,94,129,31,8,33"/><V134/><F117/><W7/><G129/><T52/><D74/><U131/><E131/><V5/><F122/><W60/><G33/><T77/><D77/><U98/><E132/><N who="2" m="50795" /><F124/><N who="1" m="47689" /><E34/><V91/><F102/><W85/><G31/><T111/><D43/><U104/><E49/><V97/><F30/><W126/><G126/><T82/><D37/><U47/><E47/><V108/><F108/><W3/><G3/><T96/><D35/><U78/><E76/><N who="2" m="44191" /><F59/><W90/><G38/><T71/><D111/><U99/><E104/><V55/><F66/><W36/><G36/><T101/><D101/><U48/><E48/><AGARI ba="0,0" hai="4,5,48,55,58,91,92,97" m="44191,50795" machi="48" ten="30,1500,0" yaku="20,1" doraHai="24" who="2" fromWho="1" sc="245,0,230,-15,235,15,290,0" /><INIT seed="2,1,0,5,1,28" ten="245,215,250,290" oya="2" hai0="110,96,79,102,14,114,9,93,81,55,95,49,69" hai1="125,108,89,88,8,76,70,0,86,18,39,121,123" hai2="41,130,33,120,3,124,128,51,77,12,31,53,116" hai3="48,112,84,35,94,15,56,113,42,61,67,101,11"/><V82/><F3/><W90/><G35/><T106/><D69/><U32/><E108/><V57/><F116/><W117/><G117/><T5/><D110/><U133/><E125/><V118/><F118/><W109/><G109/><T23/><D114/><N who="3" m="44137" /><G101/><T30/><D30/><U4/><E133/><V29/><F120/><N who="1" m="46153" /><E70/><V98/><F124/><W104/><G104/><T131/><D23/><U19/><E39/><V91/><F41/><W122/><G122/><T63/><D63/><U66/><E66/><V25/><F31/><W21/><G21/><T34/><D131/><U24/><E76/><V74/><REACH who="2" step="1"/><F12/><REACH who="2" ten="245,215,240,290" step="2"/><W52/><G42/><T134/><D134/><U40/><E40/><V46/><F46/><W1/><G1/><T103/><D14/><U45/><E45/><V62/><F62/><W107/><G15/><T85/><D49/><U54/><E54/><V80/><F80/><W115/><G115/><T20/><D55/><U135/><E135/><V132/><F132/><W105/><G11/><T100/><D9/><U13/><E0/><V17/><F17/><N who="1" m="6153" /><E86/><V68/><F68/><AGARI ba="1,1" hai="48,52,56,61,67,68,84,90,94,105,107" m="44137" machi="68" ten="30,2000,0" yaku="11,1,54,1" doraHai="28" who="3" fromWho="2" sc="245,0,215,0,240,-23,290,33" /><INIT seed="3,0,0,2,3,49" ten="245,215,217,323" oya="3" hai0="96,9,45,59,31,78,92,107,64,131,70,63,55" hai1="3,133,84,101,46,54,23,77,17,99,113,80,95" hai2="132,12,61,52,102,35,15,115,20,0,127,40,135" hai3="18,30,98,60,106,5,39,53,34,11,26,124,85"/><W37/><G124/><T4/><D107/><U100/><E133/><N who="2" m="51275" /><F115/><W82/><G18/><T2/><D131/><U38/><E113/><V94/><F127/><W36/><G98/><T134/><D134/><U68/><E3/><V27/><F0/><W24/><G24/><T28/><D45/><U6/><E68/><V76/><F40/><W97/><G97/><T1/><D78/><U25/><E6/><V87/><F35/><W79/><G106/><T43/><D43/><U117/><E117/><V42/><F42/><W33/><G33/><T21/><D21/><U73/><E38/><V44/><F102/><N who="1" m="39529" /><E73/><V7/><F7/><W122/><G122/><T114/><D1/><U16/><E17/><N who="2" m="12687" /><F44/><W19/><G19/><T108/><D114/><U83/><E83/><N who="2" m="47591" /><F94/><W48/><G39/><T118/><D118/><U57/><E46/><V65/><F65/><W10/><G37/><T104/><D104/><U130/><E130/><V50/><F50/><W81/><G48/><T8/><D2/><U22/><E22/><V86/><F86/><W123/><G5/><T89/><D4/><U105/><E105/><V109/><F109/><W116/><G36/><T111/><D111/><U126/><E126/><V129/><F129/><W128/><G128/><T112/><D108/><U41/><E41/><V121/><F121/><W125/><G123/><T91/><D112/><U120/><E120/><V103/><F103/><W88/><G125/><T110/><D110/><U13/><E25/><V29/><F29/><N who="0" m="11338" /><D91/><N who="1" m="55807" /><E54/><V72/><F72/><N who="3" m="43239" /><G116/><T75/><D75/><U62/><E62/><V119/><F119/><RYUUKYOKU ba="0,0" sc="245,0,215,0,217,0,323,0" hai0="8,9,55,59,63,64,70,89,92,96" hai1="13,16,23,57,77,80,84" hai2="12,15,52,61" hai3="10,11,26,30,34,53,60,82,85,88" owari="245,4.5,215,-28.5,217,-18.3,323,42.3" /></mjloggm>