<mjloggm ver="2.3"><GO type="225" lobby="0"/><UN n0="%E7%A6%8F%E5%8E%9F%E9%81%A5%E3%81%A8%E7%B5%90%E5%A9%9A%E3%81%99%E3%82%8B" n1="%E8%BE%9B%E5%8F%A3%E3%82%AB%E3%83%AC%E3%83%BC%E3%83%A9%E3%82%A4%E3%82%B9" n2="%6D%75%75%6D%75%72%61" n3="%E7%89%B9%E6%9D%B1%E3%81%AF%E4%B8%96%E7%95%8C%E3%82%92%E6%95%91%E3%81%86" dan="17,16,16,16" rate="2129.24,2212.23,2141.51,2100.54" sx="M,M,F,M"/><TAIKYOKU oya="0"/><INIT seed="0,0,0,2,3,45" ten="250,250,250,250" oya="0" hai0="134,120,7,46,96,30,12,100,5,104,25,106,65" hai1="121,48,32,19,114,125,113,124,74,102,93,13,131" hai2="8,55,85,53,78,98,87,21,66,43,103,29,10" hai3="135,115,34,51,39,110,58,130,26,111,59,70,95"/><T77/><D120/><U41/><E121/><V35/><F35/><W33/><G39/><T112/><D112/><N who="1" m="43115" /><E74/><V42/><F66/><W54/><G115/><T123/><D123/><U61/><E32/><V91/><F78/><W128/><G70/><T127/><D134/><U92/><E61/><V67/><F67/><W69/><G69/><T11/><D127/><N who="1" m="48715" /><E102/><V15/><F103/><W63/><G135/><T57/><D77/><U88/><E131/><N who="3" m="50218" /><G95/><T129/><D129/><U83/><E41/><N who="2" m="15371" /><F98/><W94/><G94/><T60/><D46/><U1/><E1/><V108/><F108/><N who="3" m="41515" /><G26/><T36/><D36/><U62/><E48/><V20/><F29/><W75/><G75/><T80/><D104/><U0/><E62/><V4/><F10/><W109/><N who="3" m="41523" /><W2/><DORA hai="72" /><G2/><T116/><D106/><U31/><E31/><V56/><F87/><W49/><G49/><T47/><D30/><U27/><E27/><V133/><F133/><W16/><G16/><T105/><D25/><U89/><E0/><V90/><F85/><W38/><G38/><T68/><D105/><U37/><E37/><V122/><F122/><W119/><G119/><T52/><D116/><U99/><E93/><V86/><F86/><W6/><G34/><T84/><D68/><U97/><E97/><V23/><F55/><N who="3" m="34303" /><G33/><T76/><D96/><U132/><E132/><V17/><F17/><W22/><G22/><N who="2" m="5633" /><V64/><DORA hai="126" /><F64/><W107/><G107/><T82/><D65/><U117/><E19/><V9/><F9/><W50/><G50/><AGARI ba="0,0" hai="4,8,15,50,53,56,90,91" m="5633,15371" machi="50" ten="30,2000,0" yaku="8,1,52,1" doraHai="45,72,126" who="2" fromWho="3" sc="250,0,250,0,250,20,250,-20" /><INIT seed="1,0,0,4,5,111" ten="250,250,270,230" oya="1" hai0="27,83,135,54,8,96,60,89,129,118,9,13,130" hai1="10,123,44,3,50,76,80,58,14,30,131,56,35" hai2="121,7,69,90,45,100,22,12,127,55,37,101,67" hai3="23,21,33,97,46,106,53,40,115,82,94,71,99"/><U85/><E131/><N who="0" m="50185" /><D118/><U57/><E123/><V120/><F127/><W73/><G33/><T61/><D135/><U62/><E3/><V102/><F69/><W24/><G71/><T31/><D54/><U41/><E35/><V0/><F0/><W1/><G1/><T28/><D9/><U119/><E119/><V91/><F67/><W112/><G53/><T79/><D89/><U77/><E30/><N who="0" m="11305" /><D96/><U66/><REACH who="1" step="1"/><E76/><REACH who="1" ten="250,240,270,230" step="2"/><V93/><F121/><W39/><G115/><T88/><D79/><U20/><E20/><V65/><F120/><W107/><G112/><T5/><D27/><U134/><E134/><V29/><F22/><W36/><G23/><T16/><D5/><AGARI ba="0,1" hai="5,10,14,41,44,50,56,57,58,62,66,77,80,85" machi="5" ten="30,12000,1" yaku="1,1,7,1,25,2,8,1,53,0" doraHai="111" doraHaiUra="122" who="1" fromWho="0" sc="250,-120,240,130,270,0,230,0" /><INIT seed="1,1,0,4,4,81" ten="130,370,270,230" oya="1" hai0="4,65,104,72,19,117,5,97,94,83,121,96,56" hai1="102,62,124,55,131,42,106,69,84,128,86,39,32" hai2="64,52,33,66,107,130,63,67,78,10,11,46,21" hai3="115,25,26,114,1,79,88,47,95,87,29,133,76"/><U40/><E32/><V126/><F33/><W71/><G133/><T7/><D117/><U73/><E73/><V37/><F130/><N who="1" m="49705" /><E124/><V35/><F35/><W89/><G1/><T70/><D70/><U93/><E106/><V9/><F126/><W100/><G71/><T3/><D3/><U108/><E108/><V23/><F107/><W125/><G125/><T120/><D104/><U54/><E69/><V123/><F123/><N who="0" m="47178" /><D19/><U18/><E18/><V30/><F37/><W34/><G100/><T20/><D20/><N who="2" m="7754" /><F78/><W92/><G47/><T27/><D27/><U116/><E116/><V45/><F30/><W91/><G25/><T122/><N who="0" m="47186" /><T49/><DORA hai="51" /><D49/><U112/><E112/><V134/><F134/><W31/><G31/><T6/><N who="0" m="1024" /><DORA hai="57" /><T82/><D72/><U99/><E62/><V50/><F63/><W41/><G41/><N who="1" m="15978" /><E39/><V80/><F80/><N who="0" m="30762" /><D94/><U132/><E132/><V0/><F0/><W17/><G17/><T14/><D14/><U77/><E77/><V61/><F61/><AGARI ba="1,0" hai="56,61,65,96,97" m="30762,1024,47186" machi="61" ten="60,3900,0" yaku="13,1,52,1" doraHai="81,51,57" who="0" fromWho="2" sc="130,42,370,0,270,-42,230,0" /><INIT seed="2,0,0,4,2,101" ten="172,370,228,230" oya="2" hai0="31,118,84,26,44,99,94,56,25,69,72,73,11" hai1="127,120,37,82,18,104,102,66,80,81,106,79,29" hai2="88,67,45,13,103,51,57,17,98,40,93,63,68" hai3="64,50,20,4,23,131,111,10,36,35,113,119,95"/><V15/><F68/><W49/><G119/><T14/><D69/><U0/><E37/><V110/><F110/><W38/><G35/><T74/><D118/><U1/><E29/><V76/><F76/><W9/><G111/><T135/><D135/><U55/><E66/><V105/><REACH who="2" step="1"/><F17/><REACH who="2" ten="172,370,218,230" step="2"/><W42/><G113/><T2/><D74/><U16/><E16/><V78/><F78/><W96/><G4/><T124/><D73/><U7/><E79/><V115/><F115/><W89/><G38/><T39/><D72/><U19/><E19/><V27/><F27/><W22/><G36/><T133/><D26/><U97/><E18/><V108/><F108/><W116/><G116/><T71/><D71/><U70/><E70/><V60/><F60/><W6/><G6/><T53/><D39/><U83/><E7/><V62/><F62/><W41/><G10/><T114/><D114/><U87/><E120/><V54/><F54/><W86/><G9/><T58/><D11/><U32/><E55/><V75/><F75/><W100/><G64/><T90/><D53/><U125/><E125/><V132/><F132/><W91/><G41/><T46/><D124/><U24/><E127/><V112/><F112/><W28/><G42/><T107/><D133/><U129/><E24/><V12/><F12/><W134/><G134/><T48/><D25/><U8/><E8/><V92/><F92/><W109/><G109/><T34/><D14/><U43/><E43/><V130/><F130/><W77/><G131/><T122/><D122/><U30/><E129/><V65/><F65/><W33/><G95/><RYUUKYOKU ba="0,1" sc="172,-10,370,-10,218,30,230,-10" hai2="13,15,40,45,51,57,63,67,88,93,98,103,105" /><INIT seed="2,1,1,0,0,76" ten="162,360,248,220" oya="2" hai0="62,51,49,74,3,4,80,5,93,101,40,125,110" hai1="6,53,119,8,99,47,135,126,133,65,129,100,27" hai2="23,78,102,95,115,113,68,98,72,79,123,12,26" hai3="60,90,45,73,97,112,81,33,114,92,14,134,87"/><V111/><F68/><W107/><G33/><T34/><D34/><U18/><E119/><V106/><F123/><W121/><G121/><T43/><D110/><U1/><E129/><V77/><F111/><W128/><G128/><T35/><D35/><U116/><E126/><V52/><F72/><W7/><G134/><N who="1" m="51210" /><E65/><V24/><F106/><W67/><G73/><T16/><D3/><U41/><E53/><V56/><F12/><W61/><G107/><T59/><D125/><U108/><E108/><V103/><F103/><W130/><G130/><T32/><D32/><U0/><E116/><V109/><F109/><W82/><G45/><T29/><D29/><U64/><E64/><V104/><F104/><W22/><G61/><T66/><D93/><N who="1" m="58479" /><E18/><V20/><F113/><N who="3" m="43627" /><G97/><T9/><D101/><U30/><E30/><V85/><F85/><W127/><G127/><T131/><D131/><U11/><E27/><N who="2" m="10283" /><F115/><W57/><G22/><T88/><D74/><U75/><E75/><V46/><F46/><W96/><G96/><T86/><D43/><U15/><E11/><AGARI ba="1,1" hai="7,11,14,57,60,67,81,82,87,90,92" m="43627" machi="11" ten="30,3900,0" yaku="11,1,52,2" doraHai="76" who="3" fromWho="1" sc="162,0,360,-42,248,0,220,52" /><INIT seed="3,0,0,1,4,59" ten="162,318,248,272" oya="3" hai0="94,107,68,81,120,48,72,74,7,93,77,129,61" hai1="37,43,90,19,63,55,70,11,118,23,97,4,91" hai2="44,46,6,102,132,73,40,125,41,56,5,131,21" hai3="135,83,76,113,98,124,99,130,111,87,16,82,31"/><W1/><G113/><T15/><D120/><U50/><E118/><V12/><F73/><W39/><G39/><T109/><D109/><U119/><E119/><V106/><F125/><W123/><G123/><T2/><D2/><U127/><E127/><V75/><F75/><W115/><G124/><T58/><D107/><U67/><E37/><V49/><F131/><W17/><G115/><T79/><D68/><U96/><E43/><V121/><F121/><W26/><G130/><T33/><D33/><U128/><E97/><V45/><F132/><W66/><G135/><T24/><D24/><U92/><E128/><V13/><F106/><W34/><G1/><T84/><D129/><U30/><E30/><V78/><F102/><W10/><G111/><T3/><D3/><U112/><E112/><V62/><F78/><W80/><G66/><T100/><D48/><U52/><E91/><V105/><F105/><W86/><G80/><T122/><D122/><U108/><E50/><N who="2" m="26887" /><F46/><W116/><G116/><T28/><D28/><U69/><E69/><V9/><F21/><W117/><G117/><T88/><D74/><U47/><E47/><V54/><F13/><W60/><G60/><T53/><D72/><U95/><E95/><N who="0" m="36361" /><D100/><U14/><E108/><V42/><F42/><W134/><G134/><T101/><D101/><U35/><E35/><V103/><F103/><W126/><G126/><T27/><D27/><AGARI ba="0,0" hai="4,11,14,19,23,27,52,55,63,67,70,90,92,96" machi="27" ten="30,3900,0" yaku="7,1,52,1,54,1" doraHai="59" who="1" fromWho="0" sc="162,-39,318,39,248,0,272,0" owari="123,-37.7,357,45.7,248,-15.2,272,7.2" /></mjloggm>