<mjloggm ver="2.3"><GO type="225" lobby="0"/><UN n0="%E3%81%91%E3%83%BC%E3%81%9E%E3%81%88" n1="%72%69%6F%75%63%68%61%6E" n2="%73%75%7A%75%6D%65%33" n3="%6D%75%75%6D%75%72%61" dan="16,17,17,16" rate="2163.36,2279.02,2187.89,2139.95" sx="M,M,M,F"/><TAIKYOKU oya="0"/><INIT seed="0,0,0,0,2,89" ten="250,250,250,250" oya="0" hai0="45,97,72,87,38,54,68,4,67,11,57,106,126" hai1="73,129,75,125,41,98,127,103,3,33,76,51,96" hai2="79,13,21,117,124,1,108,101,50,62,49,132,94" hai3="123,82,9,31,58,36,44,116,112,70,39,74,119"/><T66/><D126/><N who="1" m="48139" /><E3/><V40/><F124/><W64/><G112/><T63/><D72/><N who="1" m="27723" /><E33/><V6/><F79/><W26/><G70/><T120/><D120/><U25/><E25/><V88/><F1/><W46/><G9/><T102/><D87/><U17/><E17/><V77/><F77/><W10/><G123/><T80/><D80/><U30/><E30/><V100/><F117/><W107/><G107/><T19/><D19/><U104/><E41/><V61/><F40/><W91/><G10/><T52/><D38/><U22/><E22/><V48/><F108/><W5/><G5/><T130/><D130/><U65/><E51/><V78/><F78/><W95/><G82/><T134/><D134/><U32/><E65/><V105/><F105/><W8/><G74/><T93/><D106/><N who="1" m="63847" /><E32/><V24/><F132/><W16/><G36/><T56/><D68/><U90/><E76/><V135/><F135/><W118/><G39/><T122/><D45/><U86/><E129/><V71/><F71/><W84/><G31/><T128/><D128/><U55/><E55/><V29/><F6/><W37/><G37/><T92/><D122/><U34/><E34/><V69/><F13/><N who="3" m="7207" /><G26/><T53/><D53/><U114/><E114/><V35/><F35/><W43/><G43/><T18/><D4/><U23/><E23/><V59/><F69/><W99/><G64/><N who="0" m="24619" /><D11/><U20/><E20/><V110/><F110/><W133/><G133/><T111/><D18/><U85/><E104/><V113/><F113/><W47/><G58/><T60/><D111/><U15/><E15/><V109/><F109/><RYUUKYOKU ba="0,0" sc="250,10,250,10,250,-30,250,10" hai0="52,54,56,57,60,63,92,93,97,102" hai1="85,86,90,98" hai3="44,46,47,84,91,95,99,116,118,119" /><INIT seed="0,1,0,0,4,7" ten="260,260,220,260" oya="0" hai0="81,33,104,67,113,12,56,125,59,96,87,43,58" hai1="37,22,124,21,90,68,127,128,79,89,120,61,110" hai2="40,112,72,13,117,111,57,28,77,30,115,98,46" hai3="38,29,44,54,31,105,41,83,69,35,121,109,51"/><T88/><D113/><U10/><E110/><V133/><F111/><W3/><G109/><T16/><D125/><N who="1" m="48203" /><E128/><V15/><F72/><W14/><G3/><T17/><D33/><U118/><E37/><V80/><F117/><W64/><G105/><T39/><D39/><U99/><E120/><V106/><F133/><W1/><G1/><T122/><D122/><U25/><E118/><V73/><F57/><N who="3" m="32991" /><G35/><T85/><D43/><U126/><N who="1" m="48211" /><U101/><DORA hai="78" /><E79/><V9/><F13/><W71/><G71/><T34/><D34/><U45/><E45/><V50/><F112/><W27/><G27/><T8/><D17/><N who="1" m="12463" /><E22/><V36/><F36/><W2/><G2/><T66/><REACH who="0" step="1"/><D87/><REACH who="0" ten="250,260,220,260" step="2"/><U97/><E10/><V55/><F115/><W86/><G121/><T131/><D131/><U129/><E129/><V20/><F20/><W11/><G29/><T52/><D52/><U130/><E130/><V134/><F55/><W42/><G31/><T102/><AGARI ba="1,1" hai="8,12,16,56,58,59,66,67,81,85,88,96,102,104" machi="102" ten="30,18000,2" yaku="1,1,0,1,52,2,54,2,53,1" doraHai="7,78" doraHaiUra="70,5" who="0" fromWho="0" sc="250,193,260,-61,220,-61,260,-61" /><INIT seed="0,2,0,5,0,89" ten="443,199,159,199" oya="0" hai0="44,68,70,58,103,98,28,95,117,100,56,113,11" hai1="31,65,52,14,57,22,135,105,15,130,51,48,64" hai2="111,109,88,84,114,23,83,101,12,73,25,32,38" hai3="40,26,35,7,43,50,72,39,46,76,55,93,1"/><T9/><D117/><U94/><E105/><V108/><F114/><W69/><G69/><T18/><D113/><U131/><E135/><V34/><F38/><W45/><G35/><T90/><D28/><U2/><E2/><V107/><F73/><W102/><G26/><T104/><D103/><U17/><E31/><V10/><F101/><W134/><G134/><T0/><D58/><U124/><E124/><V53/><F53/><W129/><G129/><N who="1" m="49162" /><E48/><V19/><REACH who="2" step="1"/><F107/><REACH who="2" ten="443,199,149,199" step="2"/><W33/><G55/><T4/><D100/><U106/><E106/><V42/><F42/><W30/><G102/><T85/><D104/><U81/><E81/><V21/><F21/><W62/><G33/><T6/><D11/><N who="1" m="6367" /><E94/><V132/><F132/><W27/><G93/><T74/><D95/><U80/><E80/><V86/><F86/><W96/><G96/><T78/><D98/><U112/><E112/><V29/><AGARI ba="2,1" hai="10,12,19,23,25,29,32,34,83,84,88,108,109,111" machi="29" ten="30,7900,0" yaku="1,1,0,1,14,1,54,1,53,0" doraHai="89" doraHaiUra="54" who="2" fromWho="2" sc="443,-41,199,-22,149,95,199,-22" /><INIT seed="1,0,0,0,3,69" ten="402,177,244,177" oya="1" hai0="35,110,6,113,17,117,134,56,131,96,71,81,109" hai1="72,119,85,61,103,83,12,100,80,11,43,38,88" hai2="53,28,98,94,5,77,135,74,82,18,130,22,86" hai3="115,62,73,15,122,123,84,66,63,33,92,14,102"/><U104/><E119/><V64/><F135/><W107/><G115/><T108/><D71/><U57/><E104/><V68/><F130/><W41/><G73/><T37/><D113/><U121/><E121/><V27/><F5/><W59/><G33/><T31/><D117/><U2/><E2/><V29/><F74/><W106/><G41/><T3/><D134/><U127/><E127/><V8/><F8/><W78/><G78/><T52/><D17/><U44/><E80/><V34/><F64/><W51/><G51/><N who="0" m="30751" /><D96/><U111/><E72/><V13/><F68/><W65/><G59/><T133/><D81/><U89/><E111/><V118/><F118/><W116/><G116/><T93/><D93/><U25/><E25/><V39/><F53/><W0/><G92/><T79/><D79/><U49/><E89/><V114/><F29/><W120/><G120/><T50/><D31/><U54/><REACH who="1" step="1"/><E38/><REACH who="1" ten="402,167,244,177" step="2"/><V30/><F114/><W20/><G0/><T97/><D37/><U26/><E26/><V125/><F125/><W1/><G1/><T76/><D3/><U7/><AGARI ba="0,1" hai="7,11,12,43,44,49,54,57,61,83,85,88,100,103" machi="7" ten="20,12000,1" yaku="1,1,0,1,7,1,8,1,54,1,53,0" doraHai="69" doraHaiUra="132" who="1" fromWho="1" sc="402,-40,167,130,244,-40,177,-40" /><INIT seed="1,1,0,2,0,3" ten="362,297,204,137" oya="1" hai0="40,18,58,12,52,1,36,88,21,57,121,125,118" hai1="72,56,22,107,2,134,32,71,104,96,35,38,75" hai2="110,93,26,11,131,65,124,49,24,112,66,82,9" hai3="130,109,45,86,67,117,53,34,60,80,14,98,90"/><U25/><E71/><V27/><F110/><W135/><G109/><T115/><D118/><U119/><E119/><V99/><F131/><W127/><G130/><T100/><D115/><U101/><E134/><V92/><F112/><W76/><G117/><T89/><D125/><U16/><E38/><V74/><F124/><W97/><G127/><T54/><D121/><U105/><E2/><V61/><F74/><W122/><G135/><T84/><D1/><U0/><E0/><V46/><F82/><W94/><G34/><T79/><D100/><U10/><E10/><N who="2" m="3595" /><F61/><W59/><G122/><T15/><D15/><U6/><E6/><V133/><F133/><W28/><G28/><T69/><D40/><U129/><E129/><V20/><F20/><W108/><G108/><T37/><D69/><U116/><E116/><V23/><F23/><W68/><G14/><T17/><D17/><U48/><E32/><V70/><F70/><W4/><G4/><T13/><D13/><U128/><E128/><V91/><F93/><W123/><G123/><T29/><D29/><U47/><E35/><V102/><F102/><W77/><G68/><T111/><D111/><U87/><E87/><V55/><AGARI ba="1,0" hai="24,26,27,46,49,55,65,66,91,92,99" m="3595" machi="55" ten="30,1100,0" yaku="8,1" doraHai="3" who="2" fromWho="2" sc="362,-4,297,-6,204,14,137,-4" /><INIT seed="2,0,0,2,2,8" ten="358,291,218,133" oya="2" hai0="17,69,18,102,65,47,50,113,4,105,83,34,127" hai1="56,96,81,12,87,115,76,100,133,64,23,21,63" hai2="6,79,9,22,45,37,15,5,122,3,123,99,101" hai3="92,125,130,66,90,132,46,73,84,129,131,20,54"/><V91/><F79/><W49/><G125/><T108/><D34/><U2/><E133/><V60/><F91/><W28/><G132/><T0/><D113/><U59/><E2/><V98/><F98/><W1/><G1/><T114/><D105/><U116/><E116/><V110/><F110/><W119/><G119/><T19/><D4/><U27/><E115/><V134/><F134/><W42/><G73/><T97/><D97/><U25/><E59/><V109/><F109/><W24/><REACH who="3" step="1"/><G66/><REACH who="3" ten="358,291,218,123" step="2"/><T14/><D65/><U128/><E128/><V43/><F60/><W89/><G89/><T85/><D0/><U94/><REACH who="1" step="1"/><E23/><REACH who="1" ten="358,281,218,123" step="2"/><V112/><F112/><W67/><G67/><T52/><D114/><U38/><E38/><V40/><F22/><W33/><G33/><T121/><D108/><U70/><E70/><V53/><F3/><W36/><G36/><T117/><D69/><U103/><E103/><V111/><F111/><W51/><G51/><T62/><D117/><U16/><AGARI ba="0,2" hai="12,16,21,25,27,56,63,64,76,81,87,94,96,100" machi="16" ten="30,8000,1" yaku="1,1,0,1,8,1,52,1,54,1,53,0" doraHai="8" doraHaiUra="71" who="1" fromWho="1" sc="358,-20,281,100,218,-40,123,-20" /><INIT seed="3,0,0,0,2,14" ten="338,381,178,103" oya="3" hai0="105,34,86,58,123,52,128,45,80,38,2,79,77" hai1="19,47,9,42,1,51,56,65,113,6,84,71,126" hai2="107,121,53,23,82,102,108,67,89,55,92,76,57" hai3="24,3,95,111,59,125,61,133,104,15,12,110,97"/><W22/><G3/><T25/><D123/><U134/><E113/><V10/><F121/><W72/><G72/><T96/><D128/><U18/><E126/><V0/><F108/><N who="3" m="41515" /><G104/><T106/><D2/><U68/><E134/><V93/><F107/><W94/><G125/><T35/><D79/><U100/><E100/><V74/><F102/><N who="3" m="60727" /><G95/><T37/><D96/><U44/><E84/><V43/><F93/><W66/><G133/><T91/><D38/><U124/><E124/><V87/><F43/><W48/><G48/><T129/><D129/><U11/><E47/><V62/><REACH who="2" step="1"/><F23/><REACH who="2" ten="338,381,168,103" step="2"/><W99/><G99/><T103/><D106/><U88/><E42/><V70/><F70/><W120/><G120/><T20/><D37/><U21/><E71/><V101/><F101/><W33/><G33/><T116/><D105/><U16/><E68/><V29/><F29/><AGARI ba="0,1" hai="12,15,22,24,29,59,61,66" m="60727,41515" machi="29" ten="30,5800,0" yaku="25,1,14,1,10,1" doraHai="14" who="3" fromWho="2" sc="338,0,381,0,168,-58,103,68" /><INIT seed="3,1,0,2,3,23" ten="338,381,110,171" oya="3" hai0="82,7,91,33,16,130,21,35,30,90,53,22,78" hai1="14,28,72,97,111,31,114,51,45,0,52,100,75" hai2="10,49,27,109,59,113,119,125,40,95,18,54,108" hai3="94,126,116,66,77,135,38,85,43,58,41,73,112"/><W102/><G112/><T133/><D130/><U81/><E114/><V71/><F113/><W36/><G116/><T65/><D133/><U99/><E0/><V105/><F105/><W96/><G126/><T92/><D7/><U70/><E70/><V8/><F119/><W24/><G73/><T120/><D65/><U42/><E111/><V67/><F125/><W69/><G69/><T29/><D35/><U93/><E14/><V11/><F40/><W62/><G135/><T86/><D33/><U124/><E124/><V4/><F4/><W48/><G48/><T103/><D120/><U132/><E132/><V63/><F95/><W74/><G74/><T3/><D3/><U32/><E32/><V128/><F128/><W110/><G38/><T6/><D6/><U106/><E42/><V127/><F127/><W55/><G110/><T88/><D53/><U117/><E117/><V57/><REACH who="2" step="1"/><F71/><REACH who="2" ten="338,381,100,171" step="2"/><N who="3" m="42455" /><G41/><T79/><D79/><U129/><E129/><V26/><F26/><W34/><G43/><T80/><D21/><U122/><E122/><V68/><F68/><W12/><G24/><N who="0" m="14407" /><D82/><U118/><E118/><V15/><F15/><W64/><G12/><T13/><D13/><U5/><E5/><V98/><F98/><AGARI ba="1,1" hai="29,30,78,80,86,88,90,91,92,98,103" m="14407" machi="98" ten="30,7700,0" yaku="8,1,52,1,54,2" doraHai="23" who="0" fromWho="2" sc="338,90,381,0,100,-80,171,0" owari="428,52.8,381,18.1,20,-48.0,171,-22.9" /></mjloggm>