<mjloggm ver="2.3"><GO type="225" lobby="0"/><UN n0="%E7%89%B9%E6%9D%B1%E3%81%AF%E4%B8%96%E7%95%8C%E3%82%92%E6%95%91%E3%81%86" n1="%E5%86%B7%E5%87%8D%E3%82%AE%E3%83%A7%E3%83%BC%E3%82%B6" n2="%6D%75%75%6D%75%72%61" n3="%E8%90%BD%E6%97%A5" dan="16,16,17,16" rate="2134.02,2128.84,2170.18,2070.10" sx="M,M,F,F"/><TAIKYOKU oya="0"/><INIT seed="0,0,0,2,0,102" ten="250,250,250,250" oya="0" hai0="47,99,44,65,82,40,63,8,6,74,5,18,79" hai1="88,21,24,1,43,23,15,52,104,19,107,86,66" hai2="22,94,101,92,132,77,95,89,38,45,33,97,112" hai3="11,28,60,84,36,96,2,59,111,118,54,110,134"/><T62/><D47/><U70/><E1/><V122/><F33/><W91/><G118/><T90/><D18/><U115/><E43/><V76/><F112/><W53/><G36/><T71/><D62/><U109/><E109/><N who="3" m="41482" /><G134/><T75/><D75/><U117/><E117/><V127/><F132/><W17/><G28/><T56/><D71/><U126/><E126/><V67/><F127/><W29/><G29/><T12/><D99/><U61/><E52/><V46/><F122/><W37/><G37/><T105/><D90/><U7/><E115/><V13/><F67/><N who="3" m="39327" /><G96/><T51/><REACH who="0" step="1"/><D5/><REACH who="0" ten="240,250,250,250" step="2"/><U124/><E124/><V10/><F97/><W135/><G135/><T106/><AGARI ba="0,1" hai="6,8,12,40,44,51,56,63,65,74,79,82,105,106" machi="106" ten="30,12000,1" yaku="1,1,2,1,0,1,52,2,53,0" doraHai="102" doraHaiUra="131" who="0" fromWho="0" sc="240,130,250,-40,250,-40,250,-40" /><INIT seed="0,1,0,4,0,1" ten="370,210,210,210" oya="0" hai0="126,100,69,88,20,134,63,115,2,120,11,41,89" hai1="80,6,56,129,4,116,91,130,135,49,103,17,33" hai2="65,118,55,74,16,10,133,114,76,124,97,32,121" hai3="22,50,31,14,68,95,70,46,72,43,112,7,34"/><T40/><D115/><U18/><E116/><V53/><F114/><W37/><G112/><T82/><D120/><U107/><E33/><V61/><F121/><W71/><G72/><T66/><D134/><U86/><E135/><V9/><F133/><W102/><G34/><T57/><D126/><U110/><E110/><V111/><F111/><W109/><G109/><T96/><D20/><U58/><E107/><V123/><F123/><W90/><G102/><T8/><D69/><U84/><E103/><V39/><F39/><W59/><G31/><T60/><D60/><U113/><E113/><V45/><F124/><W78/><G78/><T62/><D62/><U48/><E91/><V125/><F32/><W67/><G67/><T93/><D89/><U105/><E105/><V5/><F125/><W21/><G59/><T27/><D27/><U122/><E122/><V44/><F118/><W28/><G28/><T51/><D2/><U47/><E47/><N who="2" m="17995" /><F97/><W15/><G37/><T106/><D51/><U92/><REACH who="1" step="1"/><E92/><REACH who="1" ten="370,200,210,210" step="2"/><V101/><F101/><W132/><G132/><T127/><D127/><U128/><E128/><V119/><F119/><W85/><REACH who="3" step="1"/><G15/><REACH who="3" ten="370,200,210,200" step="2"/><T75/><D106/><U83/><AGARI ba="1,2" hai="4,6,17,18,48,49,56,58,80,83,84,86,129,130" machi="83" ten="25,12000,2" yaku="1,1,0,1,22,2,52,2,53,0" doraHai="1" doraHaiUra="35" who="1" fromWho="1" sc="370,-61,200,143,210,-31,200,-31" /><INIT seed="1,0,0,2,4,55" ten="309,343,179,169" oya="1" hai0="16,33,134,13,22,25,40,102,135,28,19,69,62" hai1="36,80,108,5,72,87,122,99,130,56,95,64,82" hai2="34,4,90,30,24,43,106,53,127,1,39,103,41" hai3="73,14,93,79,61,51,29,32,78,101,2,104,117"/><U81/><E122/><V124/><F90/><W35/><G2/><T27/><D40/><U85/><E72/><V54/><F4/><W66/><G104/><T92/><D102/><U45/><E130/><V100/><F1/><W12/><G117/><T84/><D92/><U63/><E108/><V67/><F67/><W113/><G113/><T111/><D84/><U86/><E5/><V0/><F0/><W52/><G29/><T109/><D62/><U98/><E98/><N who="2" m="61719" /><F103/><W131/><G131/><T11/><D69/><U10/><E10/><V74/><F74/><W18/><G14/><T89/><D89/><N who="1" m="55791" /><E36/><V59/><F53/><W123/><G123/><T70/><D70/><U44/><AGARI ba="0,0" hai="44,45,56,63,64,80,81,82,85,86,87" m="55791" machi="44" ten="40,3900,0" yaku="8,1,52,1" doraHai="55" who="1" fromWho="1" sc="309,-13,343,39,179,-13,169,-13" /><INIT seed="1,1,0,1,4,130" ten="296,382,166,156" oya="1" hai0="6,95,126,109,114,57,38,9,22,110,79,32,101" hai1="34,35,7,129,134,13,8,120,74,23,107,70,54" hai2="28,72,68,83,133,100,40,112,116,87,81,20,77" hai3="10,115,1,111,76,118,45,4,62,108,96,59,119"/><U124/><E107/><V123/><F116/><N who="3" m="44587" /><G115/><T43/><D32/><U94/><E74/><V37/><F112/><W31/><G31/><T66/><D114/><U132/><E120/><V51/><F123/><W53/><G76/><T48/><D79/><U58/><E129/><V47/><F68/><W127/><G127/><T18/><D38/><U52/><E70/><V98/><F133/><N who="1" m="51305" /><E124/><V122/><F122/><W5/><G5/><T80/><D43/><U105/><E105/><V128/><F128/><W2/><G2/><T97/><D126/><U125/><E125/><V106/><F28/><W73/><G73/><T55/><D66/><U113/><E113/><V14/><F14/><W93/><G45/><T90/><D80/><U0/><E94/><V12/><F81/><W11/><G11/><T24/><D101/><AGARI ba="1,0" hai="1,4,10,53,59,62,93,96,101,108,111" m="44587" machi="101" ten="30,1000,0" yaku="12,1" doraHai="130" who="3" fromWho="0" sc="296,-13,382,0,166,0,156,13" /><INIT seed="2,0,0,2,0,34" ten="283,382,166,169" oya="2" hai0="134,43,86,7,127,38,97,109,120,99,98,9,108" hai1="117,102,21,115,47,77,33,130,59,60,64,28,89" hai2="131,63,101,41,83,92,91,107,65,74,52,36,94" hai3="0,132,37,87,72,123,29,84,76,124,71,73,85"/><V95/><F131/><W79/><G29/><T18/><D120/><U3/><E115/><V23/><F36/><W80/><G37/><T78/><D134/><U27/><E117/><V20/><F41/><W42/><G42/><T69/><D69/><U55/><E130/><V54/><F107/><W96/><G71/><T11/><D127/><U16/><E3/><V114/><F101/><W45/><G45/><T68/><D68/><U129/><E102/><V46/><F114/><W66/><G66/><T125/><D125/><U30/><E77/><N who="3" m="29770" /><G0/><T118/><D118/><U53/><E129/><V62/><F74/><N who="3" m="28779" /><G124/><T44/><D18/><U50/><E89/><V22/><F46/><W31/><G31/><N who="1" m="11818" /><E33/><V57/><REACH who="2" step="1"/><F63/><REACH who="2" ten="283,382,156,169" step="2"/><W105/><G132/><T6/><D44/><U2/><E2/><V10/><F10/><W93/><G123/><T100/><D11/><U82/><E82/><V17/><F17/><W13/><G13/><T110/><D43/><AGARI ba="0,1" hai="16,21,27,43,47,50,53,55,59,60,64" m="11818" machi="43" ten="30,2000,0" yaku="8,1,54,1" doraHai="34" who="1" fromWho="0" sc="283,-20,382,30,156,0,169,0" /><INIT seed="3,0,0,0,4,119" ten="263,412,156,169" oya="3" hai0="133,96,19,113,25,97,47,68,46,1,100,39,4" hai1="117,111,66,54,31,45,0,21,18,124,36,51,58" hai2="134,115,81,60,114,85,57,22,40,52,86,131,16" hai3="74,116,84,44,56,26,75,42,41,50,3,12,104"/><W62/><G104/><T34/><D68/><U9/><E117/><V28/><F131/><W88/><G3/><T112/><D133/><U98/><E111/><V63/><F134/><W55/><G116/><T71/><D71/><U17/><E124/><V91/><F40/><W130/><G130/><T125/><D125/><U107/><E36/><V67/><F28/><W73/><G26/><T80/><D80/><U70/><E70/><V24/><F85/><W121/><G12/><T13/><D4/><U126/><E31/><V5/><F5/><W92/><REACH who="3" step="1"/><G121/><REACH who="3" ten="263,412,156,159" step="2"/><T106/><D1/><U2/><E2/><V72/><F72/><W79/><G79/><T103/><D25/><U110/><E0/><V27/><F27/><W129/><G129/><T132/><D132/><U8/><E126/><V128/><F128/><W48/><G48/><T105/><D34/><U37/><E51/><V123/><F123/><W101/><G101/><T35/><D35/><U78/><E78/><V120/><F120/><W118/><G118/><T33/><D33/><U83/><E37/><V23/><F23/><W32/><G32/><T82/><D39/><U6/><E21/><V11/><F11/><W69/><G69/><AGARI ba="0,1" hai="16,22,24,52,57,60,63,67,69,81,86,91,114,115" machi="69" ten="30,3900,0" yaku="7,1,54,2" doraHai="119" who="2" fromWho="3" sc="263,0,412,0,156,49,159,-39" owari="263,6.3,412,51.2,205,-19.5,120,-38.0" /></mjloggm>