<mjloggm ver="2.3"><GO type="225" lobby="0"/><UN n0="%E9%80%86%E9%80%A3%E5%B8%AF%E3%81%AE%E9%AC%BC" n1="%E3%80%93%E3%81%97%E3%83%BC%E3%82%89%E3%80%93" n2="%E3%81%A9%E3%82%93%E3%82%88%E3%81%8F%4D%6B%2E%32" n3="%E6%98%93%E5%88%A9%E8%96%A9%E4%BC%AF" dan="17,16,16,16" rate="2183.95,2147.89,2155.20,2040.48" sx="M,M,M,F"/><TAIKYOKU oya="0"/><INIT seed="0,0,0,5,5,24" ten="250,250,250,250" oya="0" hai0="102,29,77,118,46,134,44,66,2,15,103,1,14" hai1="68,130,133,54,58,124,9,7,56,26,121,108,79" hai2="84,53,95,34,8,89,80,116,120,129,0,4,128" hai3="90,22,57,75,72,101,105,23,93,19,61,20,104"/><T87/><D118/><U31/><E68/><V114/><F116/><W63/><G19/><T74/><D74/><U107/><E107/><V50/><F114/><W132/><G132/><T131/><D131/><N who="2" m="50250" /><F34/><W112/><G112/><T64/><D87/><U92/><E130/><V17/><F17/><W39/><G39/><T30/><REACH who="0" step="1"/><D77/><REACH who="0" ten="240,250,250,250" step="2"/><U123/><E79/><V6/><F120/><W12/><G75/><T91/><D91/><U25/><E123/><V40/><F40/><W51/><G72/><T88/><D88/><U37/><E121/><V5/><F80/><W42/><G90/><T81/><D81/><U78/><E78/><V125/><F125/><W106/><G42/><T36/><D36/><U49/><E37/><V99/><F84/><W43/><G43/><T45/><D45/><AGARI ba="0,1" hai="0,4,5,6,8,45,50,53,89,95,99" m="50250" machi="45" ten="30,1000,0" yaku="19,1" doraHai="24" who="2" fromWho="0" sc="240,-10,250,0,250,20,250,0" /><INIT seed="1,0,0,1,4,45" ten="230,250,270,250" oya="1" hai0="92,24,87,134,117,71,82,7,109,119,127,133,120" hai1="83,122,103,116,121,15,59,39,135,5,72,0,6" hai2="62,56,84,88,111,74,63,46,25,41,4,17,64" hai3="94,36,96,78,3,68,12,85,69,105,128,110,89"/><U42/><E116/><V113/><F74/><W44/><G3/><T90/><D71/><U53/><E135/><N who="0" m="51721" /><D7/><U27/><E103/><V77/><F77/><W114/><G114/><T10/><D10/><N who="1" m="2343" /><E15/><V49/><F113/><W43/><G110/><T11/><D11/><U65/><E27/><V79/><F79/><W16/><G128/><T48/><D109/><U107/><E65/><V38/><F111/><W51/><G36/><T67/><D120/><U52/><E107/><V23/><F4/><W73/><G73/><T28/><D67/><U126/><E6/><V102/><F102/><W75/><G75/><T98/><D48/><N who="1" m="31111" /><E53/><V19/><F63/><W29/><G29/><T30/><D30/><U132/><E126/><V40/><F40/><W58/><G58/><T60/><D127/><U100/><E100/><V106/><F106/><W91/><G78/><N who="0" m="46551" /><D60/><U70/><E70/><V125/><F125/><W93/><REACH who="3" step="1"/><G105/><REACH who="3" ten="230,250,270,240" step="2"/><T21/><AGARI ba="0,1" hai="21,24,28,90,92,98,117,119" m="46551,51721" machi="21" ten="30,1100,0" yaku="20,1" doraHai="45" who="0" fromWho="0" sc="230,21,250,-5,270,-3,240,-3" /><INIT seed="2,0,0,5,3,79" ten="251,245,267,237" oya="2" hai0="36,11,7,30,56,133,64,51,109,60,5,14,8" hai1="92,20,16,111,58,131,21,6,89,87,4,77,65" hai2="69,74,123,93,67,27,59,105,113,101,71,0,117" hai3="119,85,114,31,83,53,23,43,98,12,96,55,81"/><V120/><F105/><W63/><G119/><T94/><D109/><U106/><E106/><V50/><F0/><W3/><G3/><T62/><D133/><U75/><E111/><V61/><F74/><W110/><G110/><T73/><D36/><U39/><E39/><V48/><F113/><W18/><G114/><T104/><D104/><U91/><E131/><V57/><F117/><W2/><G2/><T47/><D73/><U97/><E77/><V37/><F27/><N who="3" m="16895" /><G43/><T34/><D94/><N who="1" m="56527" /><E75/><V102/><F93/><W99/><G85/><T107/><D107/><U24/><E21/><V17/><F17/><W80/><G63/><AGARI ba="0,0" hai="4,6,16,20,24,58,63,65,87,91,92" m="56527" machi="63" ten="30,2000,0" yaku="8,1,54,1" doraHai="79" who="1" fromWho="3" sc="251,0,245,20,267,0,237,-20" /><INIT seed="3,0,0,1,1,25" ten="251,265,267,217" oya="3" hai0="71,41,22,78,20,69,13,105,63,47,5,124,11" hai1="128,62,77,51,72,17,107,18,15,26,125,55,134" hai2="130,118,115,131,9,58,39,27,21,133,84,37,67" hai3="68,2,106,28,4,50,100,87,16,1,61,112,103"/><W34/><G112/><T44/><D124/><U114/><E107/><V6/><F115/><W54/><G87/><T79/><D105/><U23/><E114/><V127/><F118/><W117/><G117/><T91/><D91/><U92/><E125/><V32/><F32/><W86/><G86/><T89/><D89/><U59/><E134/><V60/><F127/><W111/><G111/><T74/><D47/><U108/><E108/><V38/><F84/><W98/><G103/><T29/><D29/><U121/><E121/><V46/><F133/><W83/><G83/><T45/><D44/><U3/><E3/><V88/><F88/><W36/><G36/><T35/><D35/><U81/><E92/><V113/><F46/><W76/><G76/><T102/><D102/><U66/><E128/><V110/><F110/><W7/><G16/><T120/><D120/><U75/><E75/><V52/><F67/><N who="3" m="41071" /><G54/><T129/><D129/><U43/><E43/><V19/><REACH who="2" step="1"/><F113/><REACH who="2" ten="251,265,257,217" step="2"/><W0/><G50/><T80/><D79/><U122/><E122/><V53/><F53/><W70/><G70/><T40/><D40/><U33/><E33/><V73/><F73/><W104/><G104/><T109/><D109/><U119/><E119/><V10/><F10/><W85/><G85/><T65/><REACH who="0" step="1"/><D71/><REACH who="0" ten="241,265,257,217" step="2"/><U95/><E77/><V30/><F30/><W48/><G48/><AGARI ba="0,2" hai="5,11,13,20,22,41,45,48,63,65,69,74,78,80" machi="48" ten="30,7700,0" yaku="1,1,2,1,7,1,53,1" doraHai="25" doraHaiUra="57" who="0" fromWho="3" sc="241,97,265,0,257,0,217,-77" owari="338,43.8,265,6.5,257,-14.3,140,-36.0" /></mjloggm>