<mjloggm ver="2.3"><GO type="225" lobby="0"/><UN n0="%E3%81%AF%E3%82%88%E3%81%8A%E3%81%98%E3%81%95%E3%82%93" n1="%33%74%72%65%65" n2="%E3%81%82%E3%81%99%E3%81%AB%E3%82%83%E3%82%80" n3="%E3%81%A1%E3%82%85%E3%81%86%E3%81%A9%E3%81%8F%E8%B1%A1%E3%81%95%E3%82%93" dan="16,17,16,17" rate="2134.41,2153.74,2050.18,2210.65" sx="M,F,F,M"/><TAIKYOKU oya="0"/><INIT seed="0,0,0,5,0,62" ten="250,250,250,250" oya="0" hai0="90,86,104,135,107,43,44,53,24,129,57,56,1" hai1="19,3,30,29,77,68,50,97,71,55,7,108,101" hai2="2,10,59,42,17,84,127,23,31,112,8,123,47" hai3="93,5,95,117,25,18,122,131,61,102,113,20,49"/><T46/><D1/><U21/><E108/><V28/><F123/><W126/><G113/><T125/><D125/><U79/><E71/><V119/><F112/><W87/><G117/><T11/><D129/><U96/><E68/><V39/><F127/><W51/><G126/><T40/><D135/><U12/><E3/><V81/><F119/><W13/><G131/><T0/><D24/><N who="1" m="16527" /><E7/><V109/><F109/><W114/><G114/><T133/><D133/><U52/><E30/><V89/><F59/><W32/><G122/><T111/><D111/><U94/><E96/><V115/><F115/><W130/><G130/><T134/><D134/><U22/><E55/><V105/><F105/><W58/><G95/><T38/><D11/><U80/><E80/><V67/><F8/><N who="3" m="4239" /><G32/><T128/><D0/><U9/><E9/><V85/><F10/><W91/><G102/><T27/><D27/><U34/><E34/><V132/><F2/><W35/><G35/><T41/><D128/><U103/><E103/><V92/><F132/><W73/><G73/><T45/><D38/><U65/><E65/><AGARI ba="0,0" hai="18,20,25,49,51,58,61,65,87,91,93" m="4239" machi="65" ten="30,2000,0" yaku="8,1,52,1" doraHai="62" who="3" fromWho="1" sc="250,0,250,-20,250,0,250,20" /><INIT seed="1,0,0,1,5,84" ten="250,230,250,270" oya="1" hai0="123,105,98,88,12,54,83,91,117,29,116,96,87" hai1="95,72,76,46,131,48,17,49,60,39,57,86,129" hai2="69,106,18,33,45,32,78,70,58,103,80,21,56" hai3="101,43,5,26,65,111,126,79,89,3,0,109,82"/><U74/><E39/><V112/><F112/><W38/><G101/><N who="0" m="62631" /><D12/><U51/><E46/><V30/><F103/><W85/><G65/><T41/><D29/><U59/><E17/><V1/><F106/><W52/><G126/><T121/><D54/><U134/><E134/><V124/><F124/><W22/><G43/><T115/><D41/><U25/><E25/><V64/><F1/><W47/><G38/><T135/><D115/><U71/><E71/><V34/><F30/><N who="3" m="17751" /><G79/><T10/><D10/><U24/><E24/><V110/><F110/><N who="3" m="41995" /><G5/><T20/><D20/><U77/><E49/><AGARI ba="0,0" hai="0,3,47,49,52,82,85,89" m="41995,17751" machi="49" ten="30,3900,0" yaku="14,1,52,1,54,1" doraHai="84" who="3" fromWho="1" sc="250,0,230,-39,250,0,270,39" /><INIT seed="2,0,0,2,4,85" ten="250,191,250,309" oya="2" hai0="96,22,66,28,101,63,42,4,45,55,122,99,77" hai1="10,87,110,111,70,75,56,1,61,12,39,92,13" hai2="38,30,133,34,79,17,48,86,19,60,14,11,73" hai3="114,93,113,57,35,41,21,31,105,130,84,29,18"/><V59/><F38/><W106/><G41/><T69/><D122/><U62/><E75/><V76/><F73/><W80/><G57/><T40/><D77/><U25/><E39/><V5/><F133/><W115/><G93/><T127/><D127/><U129/><E1/><V20/><F34/><W97/><G130/><T128/><D128/><U24/><E129/><V121/><F121/><W81/><G35/><T33/><D33/><U72/><E72/><V95/><F48/><W44/><G44/><T65/><D4/><U109/><E70/><V16/><F30/><N who="3" m="11275" /><G97/><T134/><D134/><U112/><E112/><V46/><F46/><W116/><G116/><T125/><D125/><U54/><E61/><V15/><F20/><W64/><G64/><T88/><D66/><U36/><E36/><V49/><F49/><W103/><G103/><T91/><D55/><U118/><E118/><V119/><F119/><W104/><G84/><T90/><D45/><U102/><E102/><V27/><F27/><AGARI ba="0,0" hai="18,21,27,80,81,104,105,106,113,114,115" m="11275" machi="27" ten="40,1300,0" yaku="11,1" doraHai="85" who="3" fromWho="2" sc="250,0,191,0,250,-13,309,13" /><INIT seed="3,0,0,0,1,132" ten="250,191,237,322" oya="3" hai0="46,74,102,48,84,133,121,135,89,38,36,103,45" hai1="64,43,108,106,54,119,60,123,80,93,72,65,92" hai2="95,56,29,79,69,4,31,109,98,9,59,112,88" hai3="66,7,2,82,28,53,120,61,100,67,41,76,0"/><W30/><G41/><N who="0" m="24623" /><D74/><U90/><E123/><V73/><F69/><W26/><G100/><N who="0" m="38443" /><D46/><U104/><E108/><V13/><F109/><W33/><G53/><T15/><D15/><U83/><E119/><V5/><F112/><W86/><G30/><N who="2" m="11273" /><F73/><W63/><G7/><N who="2" m="2633" /><F79/><W58/><G120/><T14/><D14/><U81/><E72/><V44/><F44/><W85/><G85/><T3/><D3/><U71/><E43/><V25/><F25/><W19/><G19/><AGARI ba="0,0" hai="9,13,19,56,59,88,95,98" m="2633,11273" machi="19" ten="30,2000,0" yaku="8,1,54,1" doraHai="132" who="2" fromWho="3" sc="250,0,191,0,237,20,322,-20" owari="250,-15.0,191,-30.9,257,5.7,302,40.2" /></mjloggm>