<mjloggm ver="2.3"><GO type="225" lobby="0"/><UN n0="%E3%82%BC%E3%83%AB%E3%83%80%E3%81%AE%E4%BC%9D%E8%AA%AC" n1="%E5%84%AA%40%41%42%43" n2="%50%65%74%65%72%50%61%6E" n3="%E3%81%B5%E3%81%98%E3%81%8B%E3%81%A4" dan="17,17,16,17" rate="2188.94,2167.15,2136.42,2206.89" sx="M,M,M,M"/><TAIKYOKU oya="0"/><INIT seed="0,0,0,3,2,78" ten="250,250,250,250" oya="0" hai0="134,0,47,130,71,43,52,115,21,45,39,97,81" hai1="109,116,76,8,90,72,112,53,60,118,103,87,9" hai2="126,135,15,29,121,23,1,93,37,31,2,68,92" hai3="124,131,132,88,125,51,129,22,25,14,59,33,84"/><T69/><D115/><U101/><E109/><V27/><F121/><W120/><G33/><T61/><D0/><U10/><E112/><V74/><F68/><W85/><G120/><T62/><D21/><U18/><E72/><V67/><F37/><W82/><G14/><T95/><D134/><U6/><E76/><V100/><F74/><W16/><G132/><T11/><D11/><U28/><E28/><V75/><F75/><W56/><G84/><T5/><D5/><U108/><E108/><V46/><F67/><W113/><G113/><T41/><D81/><U99/><E18/><V114/><F46/><W119/><G119/><T19/><D19/><U35/><E101/><V96/><F126/><N who="3" m="48747" /><G51/><N who="0" m="27055" /><D95/><U110/><E35/><V40/><F92/><W12/><G12/><T111/><D97/><U26/><E26/><V4/><F15/><W49/><G49/><N who="0" m="28735" /><D111/><U64/><E53/><V128/><F1/><W104/><G104/><T32/><D32/><U102/><E6/><V48/><F4/><W127/><G127/><T54/><D130/><AGARI ba="0,0" hai="16,22,25,56,59,82,85,88,129,130,131" m="48747" machi="130" ten="30,8000,1" yaku="19,1,18,1,52,1,54,2" doraHai="78" who="3" fromWho="0" sc="250,-80,250,0,250,0,250,80" /><INIT seed="1,0,0,5,4,0" ten="170,250,250,330" oya="1" hai0="26,68,62,16,83,90,64,67,66,14,49,109,1" hai1="56,79,18,51,45,116,119,89,2,129,40,127,122" hai2="25,87,58,12,52,22,106,98,81,27,31,75,70" hai3="99,92,134,61,7,131,42,101,107,54,118,74,95"/><U125/><E2/><V105/><F70/><W93/><G74/><T104/><D109/><U100/><E79/><V117/><F75/><W123/><G123/><T97/><D1/><U103/><E122/><V44/><F44/><W34/><G34/><T130/><D130/><U112/><E112/><V59/><F59/><W30/><G30/><T71/><D26/><U47/><E89/><V108/><F108/><W78/><G42/><T132/><D132/><U57/><E18/><V69/><F69/><W85/><G134/><T133/><D133/><U63/><E103/><V37/><F37/><W19/><G19/><T84/><D71/><U55/><E100/><V41/><F41/><W53/><G131/><T20/><D104/><U17/><E17/><V72/><F72/><W23/><G23/><T91/><REACH who="0" step="1"/><D49/><REACH who="0" ten="160,250,250,330" step="2"/><N who="1" m="26791" /><E129/><V135/><F135/><W126/><G107/><T88/><D88/><U111/><E111/><V120/><F105/><W35/><G118/><N who="1" m="45098" /><E57/><V77/><F106/><W82/><G101/><T3/><D3/><U76/><E76/><V115/><F117/><W10/><G78/><T128/><D128/><U6/><E6/><V8/><F77/><N who="3" m="46287" /><G7/><T124/><D124/><U24/><E24/><V43/><F27/><W94/><G126/><T121/><D121/><U80/><E127/><V65/><F120/><W48/><G99/><T9/><D9/><U60/><E125/><V96/><F96/><W36/><G10/><T38/><D38/><U13/><E56/><V21/><F58/><N who="3" m="35031" /><G36/><T86/><D86/><U39/><E39/><V32/><F87/><W114/><G114/><RYUUKYOKU ba="0,1" sc="160,30,250,-10,250,-10,330,-10" hai0="14,16,20,62,64,66,67,68,83,84,90,91,97" /><INIT seed="2,1,1,2,1,76" ten="190,240,240,320" oya="2" hai0="134,109,40,64,123,127,83,63,106,45,35,112,117" hai1="72,30,95,4,42,115,100,129,56,70,131,88,26" hai2="69,20,66,55,19,107,54,47,92,77,28,101,122" hai3="90,61,25,50,22,132,39,102,119,99,96,7,86"/><V60/><F122/><W14/><G119/><T53/><D123/><U24/><E70/><V57/><F107/><W6/><G39/><T78/><D112/><U74/><E115/><V105/><F105/><W51/><G61/><T16/><D117/><U81/><E100/><V113/><F28/><N who="3" m="17463" /><G132/><T48/><D134/><U10/><E56/><V65/><F113/><W89/><G102/><T116/><D116/><U62/><E62/><V13/><F77/><W27/><G27/><N who="1" m="10282" /><E81/><V94/><F69/><W21/><G21/><T31/><D31/><U97/><E42/><V52/><F47/><W5/><G14/><T124/><D35/><U8/><E8/><V58/><F101/><W32/><G32/><T2/><D106/><U36/><E36/><V125/><F125/><N who="0" m="48202" /><D2/><N who="1" m="279" /><E30/><V41/><F41/><W120/><G120/><T15/><D40/><U11/><E11/><V59/><F60/><W85/><G85/><N who="0" m="48375" /><D63/><U80/><E80/><V12/><F12/><W126/><G126/><T108/><D64/><AGARI ba="1,1" hai="13,19,20,52,54,55,57,58,59,64,65,66,92,94" machi="64" ten="40,3900,0" yaku="8,1,54,1" doraHai="76" who="2" fromWho="0" sc="190,-42,240,0,240,52,320,0" /><INIT seed="2,2,0,1,5,56" ten="148,240,292,320" oya="2" hai0="49,96,134,8,80,11,101,92,46,77,27,48,26" hai1="24,86,87,4,97,135,67,107,47,37,106,10,31" hai2="130,88,15,19,9,95,129,20,40,21,117,104,90" hai3="126,93,78,30,3,83,133,44,62,41,45,118,66"/><V58/><F104/><W94/><G118/><T52/><D134/><U69/><E135/><V29/><F117/><W64/><G126/><T55/><D8/><U1/><E86/><V100/><F40/><W120/><G3/><T119/><D11/><U122/><E87/><V108/><F108/><W84/><G120/><T125/><D125/><U124/><E122/><V35/><F35/><W68/><G64/><T16/><D119/><U51/><E124/><V103/><F90/><W39/><G133/><T110/><D110/><U123/><E123/><V50/><F129/><W131/><G131/><T57/><REACH who="0" step="1"/><D16/><REACH who="0" ten="138,240,292,320" step="2"/><U79/><E10/><V25/><F9/><W33/><G30/><T89/><D89/><U54/><E31/><V65/><F130/><W76/><G76/><T2/><D2/><U53/><E1/><V32/><F100/><W115/><G115/><T91/><D91/><U61/><E4/><V23/><F103/><W116/><G116/><T114/><D114/><U13/><E13/><V60/><F32/><W43/><G33/><T42/><D42/><U18/><E79/><V109/><F109/><W128/><G128/><T75/><AGARI ba="2,1" hai="26,27,46,48,49,52,55,57,75,77,80,92,96,101" machi="75" ten="20,5200,0" yaku="1,1,0,1,7,1,54,1,53,0" doraHai="56" doraHaiUra="28" who="0" fromWho="0" sc="138,68,240,-15,292,-28,320,-15" /><INIT seed="3,0,0,1,4,130" ten="206,225,264,305" oya="3" hai0="30,49,37,35,44,50,10,95,53,128,113,5,61" hai1="55,118,85,108,79,78,58,99,39,73,127,66,89" hai2="102,77,34,105,38,27,47,133,59,9,100,15,51" hai3="8,41,65,103,101,112,86,32,75,45,31,33,57"/><W70/><G112/><T115/><D128/><U6/><E39/><V120/><F38/><W96/><G75/><T18/><D18/><U22/><E108/><V68/><F68/><W121/><G121/><T106/><D106/><U122/><E122/><V64/><F77/><N who="1" m="29193" /><E73/><V126/><F126/><W69/><G101/><T4/><D37/><U124/><E6/><V24/><F24/><W72/><G86/><T84/><D61/><U91/><E66/><V125/><F27/><W134/><G72/><T36/><D36/><U129/><E129/><V26/><F26/><N who="3" m="18551" /><G33/><T123/><D123/><U62/><E118/><V74/><F34/><W29/><G57/><N who="0" m="32943" /><D35/><U97/><E22/><V20/><F20/><W1/><G29/><T81/><D30/><U92/><E91/><V107/><F74/><W83/><G83/><T90/><D81/><U2/><E2/><V48/><F105/><N who="3" m="63719" /><G65/><T116/><D116/><U114/><E114/><N who="0" m="43529" /><D10/><U19/><E19/><V117/><F9/><W3/><G8/><T11/><D11/><U14/><E14/><V12/><F12/><W7/><G3/><T82/><D82/><U52/><E55/><AGARI ba="0,0" hai="4,5,44,50,55,84,90,95" m="43529,32943" machi="55" ten="30,1000,0" yaku="11,1" doraHai="130" who="0" fromWho="1" sc="206,10,225,-10,264,0,305,0" owari="216,-18.4,215,-28.5,264,6.4,305,40.5" /></mjloggm>