<mjloggm ver="2.3"><GO type="225" lobby="0"/><UN n0="%4C%4F%4C%49%54%41" n1="%E3%82%B2%E3%82%B9%E8%8C%82%E5%8B%9D" n2="%E3%81%B5%E3%81%98%E3%81%8B%E3%81%A4" n3="%E3%81%92%E3%81%A3%E3%81%A1" dan="16,16,16,17" rate="2151.11,2092.85,2199.67,2222.98" sx="F,F,M,M"/><TAIKYOKU oya="0"/><INIT seed="0,0,0,0,3,34" ten="250,250,250,250" oya="0" hai0="12,11,39,14,18,113,49,19,104,128,131,46,70" hai1="15,99,80,122,129,43,3,93,40,89,7,123,17" hai2="25,9,88,110,118,6,125,115,108,102,106,58,81" hai3="79,75,98,87,83,31,62,28,63,4,59,77,100"/><T16/><D113/><U67/><E129/><N who="0" m="49737" /><D70/><U105/><E105/><V103/><F115/><W133/><G133/><T127/><D127/><U0/><E67/><V13/><F125/><W38/><G38/><T82/><D104/><U73/><E43/><V30/><F118/><W90/><G4/><N who="0" m="3175" /><D82/><U61/><E40/><V94/><F81/><W23/><G23/><N who="0" m="11735" /><D39/><U120/><E61/><V37/><F37/><W32/><G63/><T124/><D124/><U52/><E7/><V1/><F58/><W47/><G47/><T84/><D84/><U91/><E52/><AGARI ba="0,0" hai="16,19,46,49,52" m="11735,3175,49737" machi="52" ten="30,5800,0" yaku="19,1,54,2" doraHai="34" who="0" fromWho="1" sc="250,58,250,-58,250,0,250,0" /><INIT seed="0,1,0,0,2,41" ten="308,192,250,250" oya="0" hai0="86,43,20,31,40,23,64,92,78,38,121,116,21" hai1="24,11,34,19,15,129,74,101,30,58,97,80,57" hai2="90,1,120,66,117,25,107,76,123,7,9,113,63" hai3="54,130,6,12,119,115,75,127,26,88,102,73,52"/><T93/><D116/><U89/><E129/><V132/><F113/><W135/><G115/><T82/><D121/><U67/><E67/><V2/><F107/><W111/><G119/><T104/><D104/><U36/><E36/><V44/><F117/><W53/><G130/><T47/><D64/><U59/><E89/><V114/><F132/><W124/><G102/><T69/><D69/><U14/><E14/><V110/><F114/><W3/><G3/><T79/><D31/><U39/><E39/><V98/><F2/><W46/><G111/><T62/><D62/><U84/><E84/><V105/><F76/><W49/><G26/><T51/><REACH who="0" step="1"/><D78/><REACH who="0" ten="298,192,250,250" step="2"/><U29/><E30/><V95/><F105/><W60/><G60/><T133/><D133/><U77/><E57/><V106/><F106/><AGARI ba="1,1" hai="11,15,19,24,29,34,58,59,74,77,80,97,101,106" machi="106" ten="30,1000,0" yaku="7,1" doraHai="41" who="1" fromWho="2" sc="298,0,192,23,250,-13,250,0" /><INIT seed="1,0,0,3,5,109" ten="298,215,237,250" oya="1" hai0="122,113,4,20,72,66,47,34,46,111,30,58,25" hai1="64,41,95,103,92,65,114,105,44,87,120,106,127" hai2="39,112,57,1,17,49,119,91,77,48,54,23,15" hai3="21,67,8,51,45,50,71,116,99,42,125,52,133"/><U89/><E127/><V130/><F119/><W53/><G125/><T101/><D113/><U132/><E120/><V81/><F1/><W11/><G116/><T86/><D72/><U36/><E132/><V33/><F33/><W63/><G133/><T38/><D111/><U104/><E114/><V84/><F39/><W22/><G99/><T2/><D38/><U97/><AGARI ba="0,0" hai="36,41,44,64,65,87,89,92,95,97,103,104,105,106" machi="97" ten="40,2100,0" yaku="0,1" doraHai="109" who="1" fromWho="1" sc="298,-7,215,21,237,-7,250,-7" /><INIT seed="1,1,0,0,3,120" ten="291,236,230,243" oya="1" hai0="102,108,27,127,12,71,41,85,51,54,84,61,9" hai1="97,117,53,62,45,48,66,20,126,124,38,129,44" hai2="39,86,109,96,49,55,52,21,34,16,14,105,64" hai3="47,78,123,69,67,23,3,80,56,43,59,75,1"/><U134/><E97/><V111/><F39/><W128/><G123/><T0/><D0/><U46/><E20/><V24/><F64/><W50/><G128/><T30/><D127/><N who="1" m="48683" /><E117/><V57/><F86/><W91/><G69/><T115/><D115/><U130/><E134/><V40/><F40/><W17/><G91/><T58/><D102/><U77/><E77/><V8/><F34/><W25/><REACH who="3" step="1"/><G67/><REACH who="3" ten="291,236,230,233" step="2"/><T88/><D71/><N who="1" m="42455" /><E38/><V19/><F105/><W42/><G42/><T112/><D41/><U103/><E103/><V79/><F79/><W81/><G81/><T131/><D88/><U92/><E92/><V132/><F132/><W10/><G10/><T68/><D9/><U72/><E72/><V74/><F74/><W104/><G104/><T87/><D131/><AGARI ba="1,1" hai="44,45,46,48,53,129,130,131" m="42455,48683" machi="131" ten="30,11600,0" yaku="19,1,18,1,34,2" doraHai="120" who="1" fromWho="0" sc="291,-119,236,129,230,0,233,0" /><INIT seed="1,2,0,3,1,134" ten="172,365,230,233" oya="1" hai0="99,54,42,115,19,67,68,110,130,24,100,111,13" hai1="116,3,80,75,76,127,6,1,94,97,25,11,63" hai2="106,114,34,81,123,55,64,132,69,66,125,98,9" hai3="46,77,124,120,79,101,135,40,33,58,126,129,65"/><U57/><E127/><N who="3" m="48682" /><G135/><T47/><D115/><U52/><E116/><V61/><F132/><W84/><G129/><T56/><D130/><U91/><REACH who="1" step="1"/><E25/><REACH who="1" ten="172,355,230,233" step="2"/><V2/><F125/><W12/><G120/><T48/><D24/><U104/><E104/><V51/><F123/><W44/><G33/><T89/><D110/><U85/><E85/><V17/><F34/><W50/><G84/><T20/><D111/><U107/><E107/><V71/><F114/><W82/><G101/><T113/><D113/><U0/><AGARI ba="2,1" hai="0,1,3,6,11,52,57,63,75,76,80,91,94,97" machi="0" ten="20,7800,0" yaku="1,1,0,1,7,1,54,1,53,0" doraHai="134" doraHaiUra="41" who="1" fromWho="1" sc="172,-28,355,94,230,-28,233,-28" /><INIT seed="1,3,0,3,1,16" ten="144,449,202,205" oya="1" hai0="63,29,21,80,111,79,120,48,44,51,1,126,22" hai1="76,40,34,77,66,5,127,56,110,70,67,92,108" hai2="49,0,55,20,125,122,46,71,33,8,123,97,28" hai3="47,81,13,61,53,135,3,94,60,130,91,116,83"/><U58/><E34/><V17/><F71/><W106/><G3/><T131/><D1/><U104/><E104/><V82/><F125/><W87/><G135/><T2/><D2/><U99/><E5/><V24/><F97/><W78/><G106/><T117/><D117/><U41/><E99/><V113/><F113/><W129/><G116/><T4/><D4/><U74/><E92/><V88/><F0/><W27/><G13/><T54/><D111/><N who="1" m="42539" /><E74/><V39/><F39/><W32/><G47/><T69/><D131/><N who="3" m="50185" /><G53/><T96/><D126/><U31/><E31/><V7/><F7/><W103/><G103/><T35/><D120/><U57/><E127/><V84/><REACH who="2" step="1"/><F8/><REACH who="2" ten="144,449,192,205" step="2"/><W89/><G78/><N who="1" m="30314" /><E70/><V132/><F132/><W107/><G107/><T93/><D69/><U114/><E114/><V18/><F18/><W59/><G87/><T128/><D128/><U23/><E23/><V90/><F90/><W11/><G91/><T85/><D35/><U115/><E115/><V45/><F45/><W30/><G89/><N who="0" m="55343" /><D29/><U118/><E118/><V50/><F50/><W14/><G30/><T6/><D6/><U65/><AGARI ba="3,1" hai="40,41,56,57,58,65,66,67" m="30314,42539" machi="65" ten="40,12000,1" yaku="28,2,14,1,10,1" doraHai="16" who="1" fromWho="1" sc="144,-43,449,139,192,-43,205,-43" /><INIT seed="1,4,0,0,2,51" ten="101,588,149,162" oya="1" hai0="80,108,121,44,56,100,16,49,62,78,10,60,109" hai1="58,12,96,127,84,135,21,8,102,52,92,126,81" hai2="27,68,130,106,75,20,74,134,18,22,117,77,113" hai3="101,123,3,66,28,46,53,111,33,71,9,41,29"/><U91/><E135/><V31/><F117/><W128/><G123/><T70/><D121/><U125/><E21/><V99/><F134/><W94/><G111/><N who="0" m="42571" /><D100/><U25/><E25/><V69/><F113/><W115/><G115/><T32/><D32/><U50/><E12/><V40/><F130/><W90/><G101/><T26/><D70/><U36/><E36/><V30/><F40/><W114/><G114/><T54/><D56/><U48/><REACH who="1" step="1"/><E50/><REACH who="1" ten="101,578,149,162" step="2"/><V7/><F27/><W118/><G33/><T57/><D44/><U67/><E67/><V129/><F129/><W133/><G46/><T86/><D26/><U1/><E1/><V19/><F7/><W4/><G66/><T132/><D132/><U11/><AGARI ba="4,1" hai="8,11,48,52,58,81,84,91,92,96,102,125,126,127" machi="11" ten="40,18000,2" yaku="1,1,0,1,18,1,52,1,54,1,53,1" doraHai="51" doraHaiUra="97" who="1" fromWho="1" sc="101,-64,578,202,149,-64,162,-64" /><INIT seed="1,5,0,2,2,63" ten="37,780,85,98" oya="1" hai0="133,69,68,3,94,24,90,122,105,58,2,10,37" hai1="48,43,117,60,73,127,67,4,18,8,9,99,19" hai2="16,27,92,96,70,25,95,86,112,110,87,113,119" hai3="125,20,66,130,80,51,81,121,89,41,7,6,11"/><U13/><E127/><V126/><F70/><W114/><G114/><N who="2" m="44137" /><F119/><W128/><G121/><T82/><D105/><U1/><E73/><V29/><F126/><W72/><G125/><T88/><D37/><U39/><E117/><V22/><F110/><W21/><G89/><T53/><D133/><U76/><E76/><V28/><F28/><W56/><G41/><T36/><D36/><U17/><E39/><V14/><F27/><W75/><G51/><T54/><D122/><U32/><E32/><N who="2" m="20527" /><F92/><W131/><G56/><T123/><D123/><U85/><E85/><V57/><F57/><W101/><G131/><T103/><D24/><U71/><REACH who="1" step="1"/><E99/><REACH who="1" ten="37,770,85,98" step="2"/><V45/><F45/><AGARI ba="5,1" hai="1,4,8,9,13,17,18,19,43,45,48,60,67,71" machi="45" ten="40,7700,0" yaku="1,1,2,1,52,1,53,0" doraHai="63" doraHaiUra="132" who="1" fromWho="2" sc="37,0,770,102,85,-92,98,0" owari="37,-36.3,872,97.2,-7,-50.7,98,-10.2" /></mjloggm>