<mjloggm ver="2.3"><GO type="225" lobby="0"/><UN n0="%E3%81%B7%E3%82%8A%E3%82%93%E8%81%96%E4%BA%BA" n1="%E9%81%85%E5%88%BB%E3%81%AE%E3%83%97%E3%83%AA%E3%83%B3%E3%82%B9%E2%99%AA" n2="%E6%B1%9D%E6%9C%89%E4%BD%95%E7%96%91" n3="%E7%BD%AA%E5%88%91%E6%B3%95%E5%AE%9A%E4%B8%BB%E7%BE%A9" dan="16,16,16,16" rate="2144.47,2155.37,2102.22,2176.13" sx="M,F,M,M"/><TAIKYOKU oya="0"/><INIT seed="0,0,0,2,0,45" ten="250,250,250,250" oya="0" hai0="33,126,6,41,49,46,54,111,43,74,13,91,37" hai1="106,58,96,113,79,117,123,0,107,105,10,62,72" hai2="31,132,29,101,28,50,98,51,122,35,68,53,124" hai3="127,108,112,86,63,27,16,3,134,17,128,71,12"/><T120/><D74/><U80/><E117/><V133/><F122/><W87/><G112/><T39/><D33/><U94/><E123/><V130/><F35/><W73/><G73/><T116/><D120/><U135/><E113/><V32/><F32/><W38/><G3/><T42/><D116/><U102/><E135/><N who="2" m="51787" /><F124/><W15/><G38/><T92/><D126/><U75/><E75/><V23/><F68/><W100/><G134/><T67/><D67/><U89/><E10/><V44/><F130/><W129/><G127/><T11/><REACH who="0" step="1"/><D111/><REACH who="0" ten="240,250,250,250" step="2"/><U70/><E70/><V25/><F50/><W66/><G108/><T34/><D34/><U95/><E0/><V110/><F110/><W26/><G129/><T19/><D19/><U36/><E36/><V65/><F65/><W115/><G128/><T82/><D82/><U2/><E2/><V14/><F14/><W84/><G115/><T78/><D78/><U114/><E114/><V20/><F25/><W131/><G131/><T99/><AGARI ba="0,1" hai="6,11,13,37,39,41,42,43,46,49,54,91,92,99" machi="99" ten="30,6000,0" yaku="1,1,0,1,52,1,53,0" doraHai="45" doraHaiUra="18" who="0" fromWho="0" sc="240,70,250,-20,250,-20,250,-20" /><INIT seed="0,1,0,2,5,39" ten="310,230,230,230" oya="0" hai0="9,49,55,101,133,64,71,67,84,62,127,115,22" hai1="21,14,11,123,40,125,100,33,32,110,109,124,129" hai2="51,45,74,106,87,16,89,108,36,37,59,81,73" hai3="120,126,119,63,57,105,35,80,111,1,79,131,112"/><T70/><D115/><U15/><E100/><V29/><F106/><W98/><RYUUKYOKU type="yao9" ba="1,0" sc="310,0,230,0,230,0,230,0" hai3="1,35,57,63,79,80,98,105,111,112,119,120,126,131" /><INIT seed="0,2,0,5,4,45" ten="310,230,230,230" oya="0" hai0="34,8,82,121,29,0,72,112,132,107,63,2,50" hai1="98,18,41,64,87,22,24,118,97,99,93,70,61" hai2="108,119,109,30,1,77,38,86,122,96,21,100,69" hai3="106,12,32,73,43,60,134,115,47,90,120,51,4"/><T55/><D112/><U102/><E118/><V95/><F38/><W67/><G115/><T78/><D107/><U81/><REACH who="1" step="1"/><E41/><REACH who="1" ten="310,220,230,230" step="2"/><V39/><F119/><W11/><G43/><T133/><D133/><U114/><E114/><V66/><F109/><W31/><G134/><T94/><D132/><U71/><E71/><V76/><F108/><W104/><G120/><T91/><D121/><U75/><E75/><V83/><F122/><W124/><G73/><T135/><D135/><U65/><E65/><V42/><F66/><W48/><G67/><T113/><D113/><U7/><E7/><V33/><F69/><W40/><G4/><T92/><D2/><U84/><E84/><V3/><F3/><W9/><G40/><T15/><D0/><U80/><E80/><V116/><F1/><W6/><G6/><T27/><D91/><AGARI ba="2,1" hai="18,22,24,61,64,70,81,87,91,93,97,98,99,102" machi="91" ten="30,3900,0" yaku="1,1,7,1,53,1" doraHai="45" doraHaiUra="16" who="1" fromWho="0" sc="310,-45,220,55,230,0,230,0" /><INIT seed="1,0,0,2,3,15" ten="265,275,230,230" oya="1" hai0="92,122,100,118,124,20,84,97,52,98,46,111,41" hai1="47,120,4,74,106,94,18,57,128,105,87,83,29" hai2="67,65,28,0,127,3,119,73,82,61,44,76,114" hai3="36,66,99,10,22,55,62,60,27,78,53,113,43"/><U8/><E120/><V37/><F119/><W104/><G113/><T132/><D118/><U21/><E128/><V13/><F114/><W39/><G78/><T49/><D122/><U17/><E74/><V107/><F107/><W19/><G62/><T25/><D132/><U88/><E105/><V123/><F123/><W42/><G39/><T38/><D124/><U108/><E106/><V103/><F103/><W69/><G10/><T130/><D130/><U90/><E108/><V48/><F37/><W59/><G36/><T11/><D11/><U115/><E115/><V77/><F127/><W135/><G135/><T72/><D72/><U75/><E47/><V125/><F77/><W2/><G2/><T71/><D71/><U14/><E57/><V129/><F129/><W95/><G104/><T31/><D111/><U24/><E75/><V64/><F61/><W96/><G96/><AGARI ba="0,0" hai="4,8,14,17,18,21,24,29,83,87,88,90,94,96" machi="96" ten="30,12000,1" yaku="7,1,8,1,52,2,54,1" doraHai="15" who="1" fromWho="3" sc="265,0,275,120,230,0,230,-120" /><INIT seed="1,1,0,3,0,45" ten="265,395,230,110" oya="1" hai0="56,12,29,64,65,34,16,1,57,42,4,73,28" hai1="55,131,37,129,30,7,18,90,104,3,126,68,79" hai2="125,15,58,84,76,135,21,2,80,70,53,31,22" hai3="11,92,118,25,13,117,38,54,14,132,39,110,134"/><U46/><E68/><V109/><F2/><W0/><G92/><T66/><D73/><U115/><E115/><V75/><F70/><W74/><G74/><T27/><D29/><U127/><E104/><V88/><F109/><W86/><G86/><T78/><D78/><U35/><E79/><V51/><F125/><N who="1" m="47625" /><E90/><V124/><F124/><W24/><G54/><T130/><D42/><N who="1" m="22863" /><E18/><V93/><F135/><N who="3" m="51755" /><G110/><T103/><D103/><U101/><E55/><V60/><F31/><W41/><G41/><T10/><REACH who="0" step="1"/><D130/><REACH who="0" ten="255,395,230,110" step="2"/><U47/><E101/><V119/><F119/><N who="3" m="45579" /><G39/><T69/><D69/><U120/><E131/><V5/><REACH who="2" step="1"/><F60/><REACH who="2" ten="255,395,220,110" step="2"/><W114/><G114/><T94/><D94/><U61/><E129/><V85/><F85/><W71/><G71/><T43/><D43/><U95/><E61/><V33/><F33/><W107/><G107/><T32/><D32/><U96/><E35/><V82/><F82/><W97/><G97/><T100/><D100/><U36/><E96/><V67/><F67/><W128/><G128/><T113/><D113/><U48/><E95/><V123/><F123/><W50/><G38/><T8/><AGARI ba="1,2" hai="1,4,8,10,12,16,27,28,34,56,57,64,65,66" machi="8" ten="30,4000,0" yaku="1,1,0,1,54,1,53,0" doraHai="45" doraHaiUra="40" who="0" fromWho="0" sc="255,63,395,-21,220,-11,110,-11" /><INIT seed="2,0,0,3,3,133" ten="318,374,209,99" oya="2" hai0="32,120,123,36,31,2,45,62,40,44,112,135,4" hai1="88,122,102,63,107,42,66,65,50,8,25,134,67" hai2="111,15,12,92,117,61,20,128,64,27,49,100,47" hai3="118,69,76,99,113,0,33,131,34,125,24,110,54"/><V85/><F117/><W11/><G69/><T70/><D112/><U46/><E134/><V43/><F128/><W18/><G76/><T105/><D135/><U41/><E122/><V82/><F111/><W28/><G99/><T16/><D16/><U55/><E102/><V104/><F104/><W39/><G39/><T119/><D119/><U5/><E107/><V30/><F92/><W83/><G54/><T106/><D45/><U13/><E25/><V51/><F51/><W130/><G83/><T108/><D108/><U89/><E63/><V84/><F100/><W91/><G91/><AGARI ba="0,0" hai="5,8,13,41,42,46,50,55,65,66,67,88,89,91" machi="91" ten="40,2600,0" yaku="8,1,54,1" doraHai="133" who="1" fromWho="3" sc="318,0,374,26,209,0,99,-26" /><INIT seed="3,0,0,3,3,75" ten="318,400,209,73" oya="3" hai0="110,112,6,96,61,101,16,25,109,114,88,97,45" hai1="50,105,26,57,73,60,62,7,128,33,20,10,133" hai2="106,11,63,84,32,80,21,39,95,15,49,66,38" hai3="108,43,56,87,117,44,48,83,122,135,36,17,131"/><W40/><G117/><T59/><D6/><U100/><E73/><V51/><F106/><W19/><G122/><T2/><D2/><U8/><E33/><V124/><F32/><W93/><G131/><T79/><D79/><U1/><E128/><V76/><F124/><W104/><G104/><T125/><D45/><U0/><E133/><V46/><F21/><W130/><G130/><T42/><D42/><U34/><E34/><V98/><F39/><W4/><G135/><T92/><D125/><U24/><E100/><V70/><F38/><W85/><G108/><T9/><D97/><U52/><E105/><V64/><F64/><W89/><G4/><T126/><D101/><U121/><E26/><V3/><F3/><W68/><G68/><T18/><D9/><U54/><E121/><V72/><F72/><W71/><G71/><T119/><D119/><U35/><E35/><V94/><F98/><W37/><G37/><T29/><D29/><U78/><E78/><V28/><F28/><W102/><G102/><T12/><D12/><U90/><E90/><V120/><F120/><W115/><G115/><N who="0" m="44075" /><D126/><U53/><E8/><V91/><F91/><W67/><G67/><N who="0" m="39359" /><D25/><U74/><E74/><V41/><F51/><W65/><G43/><T132/><D132/><U69/><E1/><V30/><F30/><W107/><G107/><T129/><D129/><U123/><E123/><V27/><F27/><W127/><G127/><T77/><D77/><U47/><E69/><V103/><F103/><W113/><G113/><T5/><D5/><AGARI ba="0,0" hai="5,11,15,41,46,49,63,66,70,76,80,84,94,95" machi="5" ten="30,7700,0" yaku="7,1,25,2,52,1" doraHai="75" who="2" fromWho="0" sc="318,-77,400,0,209,77,73,0" owari="241,-15.9,400,50.0,286,8.6,73,-42.7" /></mjloggm>