<mjloggm ver="2.3"><GO type="225" lobby="0"/><UN n0="%E3%81%99%E3%81%84%E3%81%BE%E3%81%9B%E3%83%BC%E3%82%93" n1="%E5%8D%A0%E3%81%84%E5%B8%AB%E8%A3%8F%E3%81%AA%E3%81%84%E3%81%97" n2="%4B%2E%32%2E%4B%2E" n3="%E3%82%B2%E3%82%B9%E8%8C%82%E5%8B%9D" dan="16,16,17,16" rate="2210.78,2145.04,2164.85,2069.82" sx="M,M,M,F"/><TAIKYOKU oya="0"/><INIT seed="0,0,0,4,2,11" ten="250,250,250,250" oya="0" hai0="46,106,133,47,70,104,62,113,63,79,61,12,118" hai1="94,75,87,39,101,83,34,51,78,60,107,20,10" hai2="72,71,30,24,5,105,55,96,135,119,22,99,89" hai3="115,49,88,32,116,43,14,57,65,125,19,21,74"/><T90/><D113/><U132/><E34/><V52/><F71/><W59/><G115/><T26/><D118/><U4/><E39/><V91/><F119/><W86/><G116/><T85/><D70/><U66/><E132/><V92/><F135/><W67/><G125/><T40/><D133/><U23/><E51/><V117/><F117/><W16/><G74/><T127/><D79/><U53/><E53/><N who="2" m="20555" /><F72/><W111/><G111/><T68/><D68/><U28/><E28/><V58/><F58/><N who="3" m="22027" /><G32/><T124/><D26/><U95/><E95/><N who="2" m="56431" /><F105/><W128/><G128/><T123/><D123/><U29/><E29/><V6/><AGARI ba="0,0" hai="5,6,22,24,30,91,92,99" m="56431,20555" machi="6" ten="30,2000,0" yaku="8,1,54,1" doraHai="11" who="2" fromWho="2" sc="250,-10,250,-5,250,20,250,-5" /><INIT seed="1,0,0,0,5,69" ten="240,245,270,245" oya="1" hai0="110,106,35,16,58,81,36,100,40,3,77,95,83" hai1="97,44,47,56,67,37,63,114,9,125,62,4,72" hai2="26,57,5,101,42,32,29,109,8,28,39,51,105" hai3="129,120,19,90,10,132,108,27,91,65,116,70,61"/><U18/><E114/><V107/><F109/><W104/><G108/><T117/><D117/><U130/><E72/><V121/><F121/><W74/><G120/><T13/><D110/><U43/><E125/><V113/><F113/><W11/><G116/><T115/><D115/><U126/><E126/><V99/><F28/><W25/><G104/><T17/><D106/><U41/><E130/><V127/><F127/><W0/><G74/><T73/><D3/><U52/><E18/><V124/><F124/><W23/><G129/><T135/><D35/><U84/><E84/><V93/><F39/><W111/><G111/><T88/><D135/><U59/><E97/><V45/><REACH who="2" step="1"/><F57/><REACH who="2" ten="240,245,260,245" step="2"/><W24/><G132/><T134/><D134/><U118/><E118/><V94/><F94/><W75/><G75/><T122/><D122/><U112/><E112/><V34/><F34/><W22/><G27/><T119/><D119/><U46/><REACH who="1" step="1"/><E37/><REACH who="1" ten="240,235,260,245" step="2"/><V71/><F71/><W92/><G70/><T128/><D128/><U87/><E87/><V21/><F21/><W76/><G22/><T14/><D36/><U103/><E103/><V48/><F48/><W7/><G23/><T50/><D73/><U68/><E68/><V96/><F96/><W89/><G11/><T131/><D131/><U79/><E79/><V64/><F64/><W15/><G76/><T123/><D123/><U78/><E78/><V54/><F54/><W82/><G10/><T66/><D77/><U86/><E86/><V2/><AGARI ba="0,2" hai="2,5,8,26,29,32,42,45,51,93,99,101,105,107" machi="2" ten="20,2700,0" yaku="1,1,0,1,7,1,53,0" doraHai="69" doraHaiUra="60" who="2" fromWho="2" sc="240,-7,235,-13,260,47,245,-7" /><INIT seed="2,0,0,4,2,93" ten="233,222,307,238" oya="2" hai0="38,101,12,99,90,75,100,129,24,35,127,122,128" hai1="59,45,123,74,77,37,28,58,21,133,26,119,111" hai2="11,51,49,48,97,105,62,27,87,114,92,64,22" hai3="124,110,47,16,42,53,41,89,130,107,94,83,78"/><V6/><F114/><W60/><G110/><T15/><D122/><U69/><E119/><V33/><F33/><W106/><G124/><T8/><D38/><U132/><E69/><V57/><F105/><W126/><G126/><T55/><D75/><U76/><E111/><V30/><F87/><W39/><G130/><N who="0" m="50283" /><D127/><U29/><E123/><V96/><REACH who="2" step="1"/><F92/><REACH who="2" ten="233,222,297,238" step="2"/><W109/><G109/><T34/><D34/><U71/><E74/><V86/><F86/><W52/><G106/><T102/><D35/><U13/><E133/><V120/><F120/><W65/><G107/><T9/><D99/><U2/><E132/><V14/><AGARI ba="0,1" hai="6,11,14,22,27,30,48,49,51,57,62,64,96,97" machi="14" ten="30,18000,2" yaku="1,1,0,1,8,1,52,2,53,1" doraHai="93" doraHaiUra="19" who="2" fromWho="2" sc="233,-60,222,-60,297,190,238,-60" /><INIT seed="2,1,0,3,2,64" ten="173,162,487,178" oya="2" hai0="71,25,117,8,10,7,53,28,111,49,56,37,21" hai1="16,29,32,126,58,55,85,68,113,84,0,20,27" hai2="43,12,122,98,40,14,133,108,127,82,67,89,112" hai3="73,6,77,128,134,18,69,96,54,2,123,51,109"/><V88/><F112/><W83/><G109/><T74/><D111/><U59/><E113/><V132/><F108/><W124/><G123/><T13/><D74/><U33/><E33/><V101/><F122/><W119/><G119/><T110/><D110/><U38/><E38/><V36/><F127/><W78/><G124/><T92/><D37/><U91/><E126/><V105/><F67/><W22/><G77/><T103/><D117/><U125/><E125/><V17/><F12/><W100/><G128/><T116/><D116/><U66/><E0/><V41/><F36/><W75/><G134/><N who="2" m="51817" /><F82/><W60/><G6/><T52/><D71/><U30/><E32/><V48/><F48/><W57/><G2/><T31/><D10/><AGARI ba="1,0" hai="10,14,17,40,41,43,88,89,98,101,105" m="51817" machi="10" ten="30,2900,0" yaku="20,1,54,1" doraHai="64" who="2" fromWho="0" sc="173,-32,162,0,487,32,178,0" /><INIT seed="2,2,0,1,0,130" ten="141,162,519,178" oya="2" hai0="124,94,30,61,28,63,98,57,8,119,106,111,20" hai1="68,127,76,64,62,7,13,27,46,85,34,109,99" hai2="92,133,121,59,90,58,81,52,112,22,56,23,45" hai3="101,95,129,50,19,12,14,21,33,3,53,131,93"/><V11/><F133/><W54/><G3/><T5/><D111/><U16/><E109/><V9/><F81/><W66/><G66/><T31/><D124/><U116/><E116/><V122/><F112/><W71/><G71/><T15/><D106/><U128/><E128/><N who="3" m="49226" /><G33/><T75/><D75/><U74/><E74/><V49/><F121/><W4/><G101/><T60/><D119/><U84/><E127/><V47/><F47/><N who="3" m="27871" /><G54/><T117/><D117/><U91/><E7/><V115/><F115/><W113/><G113/><T105/><D105/><U36/><E76/><V24/><F22/><W118/><G118/><T40/><D40/><U73/><E73/><V42/><F42/><W48/><G48/><T125/><D125/><U65/><E65/><V103/><F103/><W88/><G88/><N who="0" m="55623" /><D20/><U1/><E1/><V70/><F70/><W77/><G77/><T41/><D41/><U82/><E34/><V26/><F23/><W79/><G79/><T83/><D83/><U2/><E2/><V67/><F67/><AGARI ba="2,0" hai="5,8,15,28,30,31,57,60,61,63,67" m="55623" machi="67" ten="30,2000,0" yaku="8,1,54,1" doraHai="130" who="0" fromWho="2" sc="141,26,162,0,519,-26,178,0" /><INIT seed="3,0,0,1,0,86" ten="167,162,493,178" oya="3" hai0="2,103,13,101,19,72,93,30,133,58,49,9,87" hai1="73,91,59,84,46,48,106,5,118,105,21,1,11" hai2="26,76,33,79,16,88,135,65,132,18,60,20,111" hai3="22,42,44,102,15,128,78,83,127,63,64,31,40"/><W95/><G127/><T85/><D72/><U114/><E114/><V17/><F33/><W29/><G128/><T12/><D133/><N who="2" m="51274" /><F111/><W126/><G126/><T53/><D2/><U100/><E73/><V117/><F117/><W122/><G122/><T14/><D30/><U67/><E118/><V51/><F51/><W50/><G40/><T107/><D107/><U92/><E100/><N who="0" m="38473" /><D93/><U4/><E4/><V6/><F6/><W98/><G15/><AGARI ba="0,0" hai="9,12,13,14,15,19,49,53,58,85,87" m="38473" machi="15" ten="30,1000,0" yaku="8,1" doraHai="86" who="0" fromWho="3" sc="167,10,162,0,493,0,178,-10" owari="177,-2.3,162,-33.8,493,59.3,168,-23.2" /></mjloggm>