<mjloggm ver="2.3"><GO type="225" lobby="0"/><UN n0="%E3%83%A9%E3%83%96%E3%83%AC%E3%83%BC" n1="%E3%81%82%E3%82%93%E3%81%AA%E3%81%A4" n2="%E3%82%A2%E3%83%BC%E3%83%A2%E3%83%AD%E3%83%BC%E3%83%B4%E3%82%A1" n3="%E4%B8%AD%E5%B9%B4%E3%81%AE%E5%8D%B1%E6%A9%9F" dan="18,16,16,16" rate="2229.16,2142.93,2133.74,2126.94" sx="M,M,M,M"/><TAIKYOKU oya="0"/><INIT seed="0,0,0,0,2,93" ten="250,250,250,250" oya="0" hai0="28,9,81,27,31,16,135,21,79,15,63,69,92" hai1="83,34,23,30,54,104,20,36,26,101,106,38,77" hai2="52,126,89,86,8,60,84,59,107,41,98,111,46" hai3="114,55,32,91,61,71,128,70,68,7,85,133,45"/><T108/><D135/><U67/><E106/><V1/><F111/><W116/><G114/><T119/><D119/><U24/><E67/><V124/><F1/><W17/><G116/><T125/><D125/><N who="2" m="48234" /><F8/><W127/><G127/><T95/><D108/><U74/><E34/><V132/><F132/><W122/><G133/><T50/><D31/><U112/><E112/><V117/><F117/><W82/><G122/><T87/><REACH who="0" step="1"/><D50/><REACH who="0" ten="240,250,250,250" step="2"/><U22/><E30/><V115/><F115/><W100/><G32/><T99/><D99/><U73/><E38/><N who="2" m="21815" /><F89/><W43/><G91/><T47/><D47/><U72/><E36/><V105/><F105/><W48/><G45/><T33/><D33/><U121/><E121/><V53/><F53/><W0/><G55/><T57/><D57/><U120/><E120/><V97/><F107/><W109/><G109/><T123/><D123/><U10/><E54/><V11/><F11/><W13/><G70/><T134/><D134/><U29/><E10/><V113/><F113/><W5/><G68/><T39/><D39/><U51/><E29/><V37/><F37/><W94/><G71/><T96/><D96/><AGARI ba="0,1" hai="52,59,60,84,86,96,97,98" m="21815,48234" machi="96" ten="30,8000,1" yaku="18,1,52,3,54,1" doraHai="93" who="2" fromWho="0" sc="240,-80,250,0,250,90,250,0" /><INIT seed="1,0,0,5,3,79" ten="160,250,340,250" oya="1" hai0="42,5,112,44,17,1,21,96,27,41,61,55,83" hai1="8,62,9,15,65,46,59,90,10,71,120,85,26" hai2="87,56,77,111,37,49,121,132,102,118,82,30,109" hai3="63,133,70,107,68,72,34,19,54,105,32,66,119"/><U36/><E120/><V88/><F121/><W117/><G54/><T131/><D112/><U98/><E98/><V114/><F118/><N who="3" m="45067" /><G19/><T80/><D131/><U47/><E36/><V57/><F132/><W116/><N who="3" m="45075" /><W16/><DORA hai="113" /><G133/><T4/><D96/><U33/><E71/><N who="3" m="27178" /><G72/><T58/><D1/><U11/><E26/><V45/><F114/><W2/><G2/><T69/><D69/><U13/><E33/><N who="3" m="12906" /><G16/><N who="0" m="12711" /><D44/><N who="1" m="16939" /><E8/><V20/><F45/><W106/><G63/><T78/><D17/><U67/><E67/><AGARI ba="0,0" hai="66,67,105,106,107" m="12906,27178,45075" machi="67" ten="60,16000,3" yaku="28,2,26,2,12,1,52,4" doraHai="79,113" who="3" fromWho="1" sc="160,0,250,-160,340,0,250,160" /><INIT seed="2,0,0,2,1,60" ten="160,90,340,410" oya="2" hai0="95,12,56,10,120,89,32,36,49,71,30,109,53" hai1="3,99,2,66,111,114,63,7,115,25,75,87,48" hai2="18,70,39,77,5,108,130,4,15,97,42,51,112" hai3="131,21,50,78,83,61,134,119,72,27,100,79,86"/><V17/><F112/><W98/><G119/><T110/><D120/><U11/><E75/><V57/><F130/><W125/><G131/><T33/><D36/><U113/><E111/><N who="0" m="42505" /><D71/><U106/><E87/><V105/><F108/><W101/><G125/><T73/><D73/><U19/><E48/><V14/><F70/><W127/><G127/><T133/><D133/><U96/><E2/><V0/><F39/><W74/><G134/><T129/><D30/><U40/><E40/><V124/><F124/><W94/><G100/><T24/><D24/><U38/><E38/><V135/><F135/><W1/><G1/><T52/><D53/><U37/><E37/><V43/><F0/><W22/><G79/><T90/><D90/><U67/><E63/><V8/><F77/><W62/><G74/><T85/><D129/><U45/><E45/><V132/><F132/><W88/><G50/><T76/><D76/><U35/><E19/><AGARI ba="0,0" hai="10,12,19,32,33,49,52,56,85,89,95" m="42505" machi="19" ten="30,2000,0" yaku="14,1,54,1" doraHai="60" who="0" fromWho="1" sc="160,20,90,-20,340,0,410,0" /><INIT seed="3,0,0,3,3,103" ten="180,70,340,410" oya="3" hai0="130,41,122,17,115,14,126,22,33,85,111,26,40" hai1="18,135,118,9,100,91,48,63,102,13,32,43,42" hai2="35,20,110,113,98,24,27,7,49,112,93,34,67" hai3="61,47,16,58,108,89,46,99,39,101,25,88,72"/><W121/><G72/><T128/><D122/><U56/><E135/><V83/><F110/><W127/><G121/><T107/><D111/><U87/><E118/><V132/><F132/><W95/><G127/><T104/><D126/><U11/><E32/><V55/><F7/><W78/><G78/><T123/><D123/><U60/><E43/><N who="0" m="16457" /><D115/><U120/><E120/><V59/><F35/><W21/><G108/><T96/><D96/><U3/><E3/><V81/><F34/><W31/><G31/><T86/><D86/><U129/><E129/><N who="0" m="49769" /><D85/><U5/><E9/><V64/><F112/><W36/><G36/><T57/><D57/><U79/><E18/><V4/><F4/><W109/><G39/><T12/><D12/><U119/><E119/><V125/><F113/><W62/><G62/><T45/><D45/><N who="3" m="16905" /><G109/><T75/><D75/><U52/><E79/><V82/><F125/><W133/><G133/><T28/><AGARI ba="0,0" hai="14,17,22,26,28,33,104,107" m="49769,16457" machi="28" ten="30,4000,0" yaku="19,1,52,2" doraHai="103" who="0" fromWho="0" sc="180,40,70,-10,340,-10,410,-20" owari="220,-18.0,60,-44.0,330,13.0,390,49.0" /></mjloggm>