<mjloggm ver="2.3"><GO type="225" lobby="0"/><UN n0="%E9%80%86%E9%80%A3%E5%B8%AF%E3%81%AE%E9%AC%BC" n1="%E3%83%A1%E3%82%AC%E3%83%87%E3%82%B8" n2="%E2%91%A3%E9%81%BF%E9%81%8A%E6%88%AF%E3%80%90%E6%9D%B1%E5%8D%97%E3%80%91" n3="%45%6C%79%73%69%75%6D" dan="16,16,16,18" rate="2144.42,2108.63,2131.87,2158.68" sx="M,F,M,F"/><TAIKYOKU oya="0"/><INIT seed="0,0,0,5,3,102" ten="250,250,250,250" oya="0" hai0="71,113,101,84,7,54,134,127,109,63,69,62,37" hai1="104,65,128,126,47,114,121,19,46,53,34,100,72" hai2="110,4,81,14,23,111,80,45,6,99,25,123,129" hai3="18,35,16,122,125,38,93,76,24,92,68,74,98"/><T51/><D113/><U32/><E121/><V28/><F123/><W97/><G122/><T56/><D134/><U83/><E126/><V61/><F129/><W48/><G125/><T119/><D127/><U30/><E128/><V21/><F45/><W73/><G48/><T94/><D119/><U117/><E117/><V57/><F6/><W17/><G68/><T39/><D7/><U77/><E65/><V20/><F111/><W13/><G13/><T70/><D109/><U116/><E116/><V79/><F110/><W33/><G18/><T135/><D135/><U82/><E114/><V55/><F99/><W27/><REACH who="3" step="1"/><G76/><REACH who="3" ten="250,250,250,240" step="2"/><T132/><D132/><U12/><E12/><V67/><F79/><W115/><G115/><T112/><D112/><U60/><E19/><V52/><F4/><W8/><G8/><T96/><D37/><AGARI ba="0,1" hai="16,17,24,27,33,35,37,38,73,74,92,93,97,98" machi="37" ten="25,6400,0" yaku="1,1,22,2,54,1,53,0" doraHai="102" doraHaiUra="58" who="3" fromWho="0" sc="250,-64,250,0,250,0,240,74" /><INIT seed="1,0,0,5,2,58" ten="186,250,250,314" oya="1" hai0="108,9,59,94,116,12,67,11,103,40,6,41,35" hai1="120,78,2,117,64,29,91,135,98,27,69,46,53" hai2="100,126,13,20,95,99,89,37,102,51,31,62,131" hai3="118,43,39,101,109,92,119,123,83,71,81,48,17"/><U18/><E117/><V49/><F37/><W107/><G123/><T96/><D108/><U21/><E120/><V104/><F131/><W45/><G109/><T1/><D116/><N who="3" m="44585" /><G71/><T133/><D35/><U88/><E2/><V87/><F126/><W85/><G107/><T22/><D133/><U93/><E78/><V127/><F127/><W65/><G65/><T32/><D32/><U124/><E124/><V16/><F31/><W132/><G132/><T97/><D22/><N who="1" m="15607" /><E69/><V42/><F42/><W47/><G17/><T33/><D33/><U28/><E64/><V61/><REACH who="2" step="1"/><F102/><REACH who="2" ten="186,250,240,314" step="2"/><W38/><G38/><T72/><D41/><U75/><E28/><V111/><F111/><W24/><G101/><T66/><D40/><U125/><E125/><V82/><F82/><W121/><G81/><T79/><D103/><N who="1" m="60879" /><E135/><V8/><F8/><W134/><G134/><T52/><D11/><U15/><E75/><V63/><AGARI ba="0,1" hai="13,16,20,49,51,61,62,63,87,89,95,99,100,104" machi="63" ten="30,12000,2" yaku="1,1,0,1,52,3,54,1,53,0" doraHai="58" doraHaiUra="77" who="2" fromWho="2" sc="186,-30,250,-60,240,130,314,-30" /><INIT seed="2,0,0,4,2,11" ten="156,190,370,284" oya="2" hai0="60,132,79,122,85,102,38,115,15,33,119,26,68" hai1="87,121,51,101,67,9,81,6,29,10,105,13,43" hai2="54,83,72,39,97,120,12,131,45,128,110,112,118" hai3="46,17,47,27,69,98,37,19,90,109,28,135,5"/><V8/><F120/><W123/><G69/><T129/><D115/><U48/><E121/><V0/><F112/><W106/><G123/><T95/><D122/><U111/><E111/><V62/><F0/><W113/><G113/><T63/><D119/><U52/><E67/><V35/><F118/><W41/><G47/><T40/><D132/><U134/><E134/><V124/><F110/><W89/><G89/><T53/><D129/><U103/><E105/><V80/><F35/><W31/><G31/><T25/><D53/><U127/><E29/><V30/><F39/><W44/><G44/><T16/><D79/><N who="1" m="46527" /><E127/><V84/><F72/><W65/><G65/><T71/><D85/><U116/><E116/><V125/><F30/><W107/><G107/><T94/><D38/><U55/><E9/><V18/><F97/><W88/><G98/><T32/><D40/><U36/><E43/><V57/><F45/><W42/><G46/><T70/><D102/><N who="1" m="38923" /><E36/><V82/><REACH who="2" step="1"/><F84/><REACH who="2" ten="156,190,360,284" step="2"/><W49/><G37/><T96/><D96/><U2/><E2/><V22/><F22/><W34/><G34/><T66/><D33/><U77/><E77/><V130/><AGARI ba="0,1" hai="8,12,18,54,57,62,80,82,83,124,125,128,130,131" machi="130" ten="40,18000,2" yaku="1,1,0,1,19,1,52,1,53,3" doraHai="11" doraHaiUra="76" who="2" fromWho="2" sc="156,-60,190,-60,360,190,284,-60" /><INIT seed="2,1,0,4,0,122" ten="96,130,550,224" oya="2" hai0="72,109,134,54,73,120,39,130,90,32,41,91,28" hai1="107,101,66,85,115,71,98,8,111,24,123,106,92" hai2="55,2,20,127,125,13,135,116,96,100,51,18,56" hai3="6,61,49,17,43,1,52,44,21,119,10,89,110"/><V102/><F116/><W74/><G110/><T131/><D120/><U78/><E115/><V45/><F2/><W118/><G74/><T79/><D54/><U99/><E123/><V117/><F117/><W29/><G29/><T114/><D114/><U48/><E111/><V47/><F135/><W46/><G89/><T62/><D134/><U42/><E71/><V19/><F102/><W94/><G94/><T69/><D109/><U76/><E66/><V112/><F112/><W93/><G93/><T0/><D0/><U34/><E8/><V9/><F125/><W95/><G95/><T37/><D28/><U15/><E15/><V65/><F65/><W7/><G7/><T5/><D5/><U58/><E85/><V64/><F64/><W26/><G61/><T103/><D32/><U126/><E126/><V124/><F127/><W82/><G82/><T86/><D103/><U3/><E106/><V23/><F124/><W60/><G60/><T133/><D133/><U83/><E83/><V38/><F38/><AGARI ba="1,0" hai="1,6,10,17,21,26,38,43,44,46,49,52,118,119" machi="38" ten="30,2000,0" yaku="7,1,54,1" doraHai="122" who="3" fromWho="2" sc="96,0,130,0,550,-23,224,23" /><INIT seed="3,0,0,3,2,79" ten="96,130,527,247" oya="3" hai0="113,109,88,36,16,23,92,7,20,47,120,119,54" hai1="42,25,80,75,77,124,73,39,105,81,27,12,91" hai2="104,58,99,3,18,122,41,106,123,24,118,30,0" hai3="19,86,115,76,13,66,121,43,97,61,22,87,69"/><W51/><G121/><N who="2" m="46089" /><F118/><W134/><G115/><T70/><D119/><U85/><E124/><V31/><F41/><W74/><G134/><T111/><D113/><U44/><E105/><N who="2" m="40555" /><F99/><W135/><G97/><T15/><D70/><U107/><E107/><V128/><F128/><W33/><G33/><T29/><D120/><U89/><E73/><V4/><F58/><W103/><G103/><T90/><D7/><U117/><E117/><V35/><F4/><W59/><G69/><T82/><D82/><U26/><REACH who="1" step="1"/><E12/><REACH who="1" ten="96,120,527,247" step="2"/><V11/><F31/><W50/><G74/><T83/><D83/><U78/><AGARI ba="0,1" hai="25,26,27,39,42,44,75,77,78,80,81,85,89,91" machi="78" ten="30,8000,1" yaku="1,1,2,1,0,1,52,2,53,0" doraHai="79" doraHaiUra="126" who="1" fromWho="1" sc="96,-20,120,90,527,-20,247,-40" owari="76,-42.4,210,1.0,507,60.7,207,-19.3" /></mjloggm>