<mjloggm ver="2.3"><GO type="225" lobby="0"/><UN n0="%E3%81%82%E3%81%84%E3%81%82%E3%81%8A%E3%81%84" n1="%6D%75%75%6D%75%72%61" n2="%E3%81%AF%E3%82%88%E3%81%8A%E3%81%98%E3%81%95%E3%82%93" n3="%72%69%6F%75%63%68%61%6E" dan="18,17,16,17" rate="2177.34,2242.99,2161.92,2269.04" sx="M,F,M,M"/><TAIKYOKU oya="0"/><INIT seed="0,0,0,3,0,92" ten="250,250,250,250" oya="0" hai0="129,76,88,51,64,38,127,102,78,44,131,111,16" hai1="69,58,12,116,96,106,41,3,60,0,23,113,119" hai2="22,55,74,54,133,56,31,81,59,75,83,90,72" hai3="48,29,57,73,46,32,19,20,94,82,6,104,117"/><T53/><D127/><U95/><E106/><V7/><F133/><W36/><G117/><T84/><D102/><U42/><E69/><V66/><F7/><W97/><G104/><T24/><D64/><U37/><E113/><V17/><F31/><W10/><G36/><T124/><D124/><U71/><E71/><V114/><F114/><W43/><G32/><T21/><D38/><U79/><E79/><V70/><F70/><W107/><G107/><T4/><D4/><U108/><E108/><V13/><F66/><W61/><G29/><T28/><D111/><U14/><E0/><V62/><REACH who="2" step="1"/><F90/><REACH who="2" ten="250,250,240,250" step="2"/><W86/><G6/><T123/><D123/><U125/><E119/><V63/><AGARI ba="0,1" hai="13,17,22,54,55,56,59,62,63,72,74,75,81,83" machi="63" ten="30,12000,2" yaku="1,1,2,1,0,1,9,1,53,3" doraHai="92" doraHaiUra="105" who="2" fromWho="2" sc="250,-60,250,-30,240,130,250,-30" /><INIT seed="1,0,0,1,3,10" ten="190,220,370,220" oya="1" hai0="117,75,67,47,135,60,42,101,121,113,45,94,25" hai1="51,106,18,124,8,50,11,95,17,32,5,14,59" hai2="118,103,123,6,58,15,74,38,72,2,56,43,80" hai3="88,129,73,1,82,107,55,99,4,71,122,92,130"/><U19/><E106/><V65/><F2/><W78/><G122/><T102/><D113/><U27/><E124/><V68/><F68/><W46/><G71/><T104/><D117/><U57/><E95/><V16/><F6/><W70/><G70/><T79/><D135/><U61/><E11/><V24/><F24/><W28/><G28/><T89/><D121/><U131/><E131/><N who="3" m="50186" /><G1/><T96/><D102/><U41/><E41/><V120/><F80/><W63/><G4/><T21/><D79/><U53/><REACH who="1" step="1"/><E59/><REACH who="1" ten="190,210,370,220" step="2"/><V128/><F43/><W44/><G107/><T83/><D42/><U40/><E40/><V119/><F58/><AGARI ba="0,1" hai="44,46,55,58,63,73,78,82,88,92,99" m="50186" machi="58" ten="30,2000,0" yaku="19,1,54,1" doraHai="10" who="3" fromWho="2" sc="190,0,210,0,370,-20,220,30" /><INIT seed="2,0,0,4,1,25" ten="190,210,350,250" oya="2" hai0="125,8,34,68,97,84,18,4,91,90,31,6,128" hai1="9,78,130,46,44,82,49,39,112,95,27,114,96" hai2="79,50,11,32,51,40,72,29,74,88,110,19,60" hai3="113,37,100,94,127,109,62,119,120,108,47,24,56"/><V122/><F122/><W5/><G119/><T43/><D68/><U80/><E130/><V81/><F74/><W98/><G120/><T75/><D75/><U107/><E107/><V57/><F110/><N who="3" m="42603" /><G127/><T134/><D125/><U16/><E39/><V70/><F70/><W48/><G113/><T52/><D128/><U83/><E78/><V92/><F40/><W42/><G5/><T2/><D4/><U35/><E35/><V53/><F32/><W22/><G48/><T3/><D3/><U63/><E63/><V45/><F29/><N who="3" m="17559" /><G56/><T93/><D134/><U17/><E46/><V102/><F102/><W66/><G62/><T69/><D69/><U7/><E7/><V86/><F45/><W10/><G10/><T58/><D43/><U30/><E9/><V133/><F133/><W15/><G15/><T101/><D18/><U111/><E111/><V116/><F116/><W85/><G85/><T21/><D34/><U54/><E112/><V105/><F105/><W14/><G14/><T117/><D117/><U103/><E114/><V61/><F51/><W26/><G26/><T121/><D121/><U55/><E54/><V76/><F79/><W38/><G37/><T41/><D41/><U33/><AGARI ba="0,0" hai="16,17,27,30,33,44,49,55,80,82,83,95,96,103" machi="33" ten="30,4000,0" yaku="0,1,52,1,54,1" doraHai="25" who="1" fromWho="1" sc="190,-10,210,40,350,-20,250,-10" /><INIT seed="3,0,0,4,5,103" ten="180,250,330,240" oya="3" hai0="74,9,82,62,135,95,128,44,14,6,69,89,81" hai1="61,22,57,90,26,17,29,16,41,73,25,48,30" hai2="110,127,60,119,98,21,86,45,13,64,109,51,7" hai3="70,91,92,2,104,67,132,23,75,43,94,101,78"/><W105/><G2/><T15/><D135/><U130/><E73/><V59/><F119/><W83/><G43/><T122/><D122/><U52/><E130/><V66/><F127/><W80/><G23/><T85/><D128/><U71/><E90/><V96/><F66/><W126/><G67/><T102/><D74/><U24/><E71/><V8/><F86/><N who="3" m="50631" /><G70/><T32/><D32/><U93/><E93/><N who="3" m="35946" /><G126/><T100/><D69/><U50/><E41/><N who="2" m="25007" /><F21/><W108/><G132/><T19/><D62/><U65/><E48/><V10/><F10/><W37/><G37/><T18/><D44/><N who="1" m="27719" /><E22/><V28/><F28/><AGARI ba="0,0" hai="16,17,24,25,26,28,29,30,57,61,65" m="27719" machi="28" ten="30,3900,0" yaku="8,1,54,2" doraHai="103" who="1" fromWho="2" sc="180,0,250,39,330,-39,240,0" /><INIT seed="4,0,0,2,3,58" ten="180,289,291,240" oya="0" hai0="49,18,65,93,29,92,44,79,129,113,48,73,94" hai1="66,53,121,71,135,122,61,51,97,106,134,119,39" hai2="34,60,2,55,108,67,40,117,85,56,28,76,116" hai3="41,20,37,6,127,30,14,104,17,109,33,0,68"/><T38/><D113/><U125/><E106/><V45/><F108/><W107/><G109/><T63/><D129/><U126/><E97/><V23/><F2/><W87/><G127/><N who="1" m="48650" /><E39/><V7/><F7/><W32/><G68/><T110/><D110/><U89/><E89/><V83/><F34/><W47/><G87/><T46/><D29/><U111/><E119/><N who="2" m="45643" /><F23/><W100/><G100/><T130/><D130/><U16/><E16/><V69/><F28/><W98/><G98/><T84/><D73/><U22/><E22/><V123/><F123/><N who="1" m="47113" /><E111/><V35/><F35/><W78/><G78/><T50/><D38/><U11/><E11/><V86/><F86/><W3/><G33/><T4/><D4/><U95/><E95/><V62/><F45/><AGARI ba="0,0" hai="45,51,53,61,66,71,134,135" m="47113,48650" machi="45" ten="30,7700,0" yaku="18,1,34,2,52,1" doraHai="58" who="1" fromWho="2" sc="180,0,289,77,291,-77,240,0" owari="180,-32.0,366,46.6,214,-18.6,240,4.0" /></mjloggm>