<mjloggm ver="2.3"><GO type="225" lobby="0"/><UN n0="%4E%55%44%41" n1="%48%61%61%61%6C%61%6E%64" n2="%E5%84%AA%40%41%42%43" n3="%6C%61%6D%62" dan="17,17,17,16" rate="2179.50,2155.01,2234.14,2158.09" sx="M,M,M,M"/><TAIKYOKU oya="0"/><INIT seed="0,0,0,4,3,129" ten="250,250,250,250" oya="0" hai0="116,49,22,8,31,51,66,62,76,36,59,130,86" hai1="67,16,90,126,70,80,3,12,14,1,87,5,85" hai2="114,7,109,111,96,40,132,6,55,88,102,39,72" hai3="17,50,100,110,134,123,117,71,91,122,82,79,81"/><T112/><D112/><U115/><E115/><V35/><F114/><W69/><G117/><T27/><D116/><U30/><E126/><V19/><F72/><W21/><G100/><T13/><D36/><U118/><E118/><V63/><F35/><W106/><G106/><T64/><D64/><U58/><E70/><V52/><F19/><W41/><G110/><N who="2" m="41993" /><F132/><W103/><G103/><T89/><D76/><U47/><E30/><V135/><F135/><W61/><G91/><T98/><D98/><U4/><E47/><N who="2" m="23967" /><F102/><W43/><G134/><T11/><D130/><U37/><E37/><V68/><F68/><W23/><G50/><N who="0" m="18955" /><D13/><U99/><E99/><V60/><F60/><W113/><G61/><T24/><D24/><U73/><E73/><V131/><F131/><W120/><G120/><T53/><D66/><U65/><E1/><V105/><F105/><W2/><G17/><T104/><D104/><U83/><E3/><V74/><F74/><W48/><G48/><T29/><D31/><U33/><E33/><V92/><F55/><W56/><G113/><T93/><AGARI ba="0,0" hai="8,11,22,27,29,53,59,62,86,89,93" m="18955" machi="93" ten="30,1500,0" yaku="8,1" doraHai="129" who="0" fromWho="0" sc="250,15,250,-5,250,-5,250,-5" /><INIT seed="0,1,0,5,4,7" ten="265,245,245,245" oya="0" hai0="75,103,84,65,32,1,74,52,54,94,39,127,46" hai1="70,67,89,105,24,87,45,115,41,104,72,80,123" hai2="38,119,0,51,129,28,134,135,131,14,9,35,13" hai3="18,6,133,66,82,5,15,26,88,64,44,76,63"/><T79/><D32/><U4/><E123/><V113/><F38/><W71/><G133/><N who="2" m="50697" /><F113/><W36/><G66/><T48/><D39/><U31/><E115/><V117/><F0/><W49/><G26/><T97/><D127/><U106/><E72/><V121/><F121/><W60/><G60/><T50/><D1/><U23/><E4/><N who="2" m="3239" /><F51/><W22/><G88/><T114/><D114/><U95/><E67/><V27/><F14/><W34/><G34/><T37/><D37/><U68/><REACH who="1" step="1"/><E80/><REACH who="1" ten="265,235,245,245" step="2"/><V111/><F111/><W130/><G5/><T98/><D65/><U107/><N who="1" m="26624" /><DORA hai="25" /><U81/><E81/><V61/><F61/><W83/><G6/><T40/><D75/><U47/><E47/><V90/><F90/><W99/><G82/><N who="0" m="47199" /><D74/><U100/><E100/><V43/><F43/><W78/><G83/><T102/><D48/><AGARI ba="1,1" hai="23,24,31,41,45,48,68,70,87,89,95" m="26624" machi="48" ten="70,4500,0" yaku="1,1,52,1,53,0" doraHai="7,25" doraHaiUra="11,92" who="1" fromWho="0" sc="265,-48,235,58,245,0,245,0" /><INIT seed="1,0,0,3,2,101" ten="217,293,245,245" oya="1" hai0="134,130,2,70,55,26,135,64,122,6,21,0,14" hai1="49,107,81,78,16,72,61,69,44,123,87,93,92" hai2="114,76,105,24,103,106,35,46,8,53,11,60,23" hai3="73,84,96,99,133,39,63,71,125,119,7,22,77"/><U10/><E123/><V104/><F35/><W110/><G39/><T12/><D55/><U31/><E107/><V97/><F76/><W117/><G73/><T111/><D64/><U33/><E33/><V9/><F114/><W102/><G110/><T126/><D70/><U37/><E37/><V42/><F53/><W52/><G125/><T115/><D115/><U47/><E31/><V17/><REACH who="2" step="1"/><F60/><REACH who="2" ten="217,293,235,245" step="2"/><W51/><G63/><T30/><D126/><U28/><E78/><V1/><F1/><N who="0" m="618" /><D122/><U68/><E61/><V109/><F109/><W18/><G77/><T40/><D111/><U20/><E72/><V34/><F34/><W48/><G52/><T3/><D40/><U65/><E65/><V121/><F121/><W56/><G117/><T74/><D74/><U13/><E44/><V90/><F90/><W131/><G119/><T95/><D130/><U67/><E67/><V118/><F118/><W98/><G131/><T75/><D75/><U19/><E47/><V79/><F79/><W112/><G112/><T128/><D128/><U120/><E120/><V58/><F58/><W113/><G56/><T94/><D3/><U80/><E68/><V41/><F41/><W91/><G71/><T88/><D88/><U86/><E69/><V43/><F43/><W32/><G91/><T132/><D6/><U45/><E45/><V54/><F54/><W116/><G7/><T66/><D66/><U5/><E5/><V4/><F4/><W59/><G116/><T25/><D25/><U15/><E80/><V83/><F83/><W62/><G113/><T27/><D27/><RYUUKYOKU ba="0,1" sc="217,15,293,-15,235,15,245,-15" hai0="12,14,21,26,30,94,95,132,134,135" hai2="8,9,11,17,23,24,42,46,97,103,104,105,106" /><INIT seed="2,1,1,5,1,125" ten="232,278,250,230" oya="2" hai0="71,37,31,48,121,64,41,24,112,40,67,77,76" hai1="90,47,114,92,87,130,7,20,32,116,93,113,88" hai2="9,25,134,118,61,45,63,51,43,49,62,99,126" hai3="5,44,4,127,11,42,59,60,79,108,22,82,52"/><V46/><F118/><W34/><G34/><T1/><D121/><U78/><E32/><V109/><F126/><W33/><G33/><T30/><D112/><U27/><E116/><V96/><F134/><W0/><G127/><T101/><D1/><U66/><E78/><V16/><F109/><W14/><G108/><T65/><D71/><U36/><E130/><V23/><REACH who="2" step="1"/><F9/><REACH who="2" ten="232,278,240,230" step="2"/><W18/><G0/><T117/><D117/><U68/><E113/><V73/><F73/><W106/><G106/><T83/><D65/><U26/><E66/><V28/><F28/><W10/><G10/><T38/><D31/><U111/><E114/><V55/><AGARI ba="1,2" hai="16,23,25,43,45,46,49,51,55,61,62,63,96,99" machi="55" ten="30,11700,0" yaku="1,1,0,1,8,1,54,1,53,0" doraHai="125" doraHaiUra="6" who="2" fromWho="2" sc="232,-40,278,-40,240,140,230,-40" /><INIT seed="2,2,0,3,1,70" ten="192,238,380,190" oya="2" hai0="61,122,4,46,66,104,16,22,58,49,19,113,44" hai1="32,115,29,0,20,128,11,33,56,74,69,67,127" hai2="3,42,72,83,7,59,123,116,100,89,108,17,55" hai3="111,93,53,71,99,124,81,30,12,8,106,34,26"/><V107/><F116/><W43/><G71/><T40/><D113/><U9/><E69/><V47/><F123/><W25/><G111/><T27/><D122/><U21/><E74/><V110/><F100/><W41/><G106/><T101/><D4/><N who="1" m="1159" /><E56/><V51/><F107/><W105/><G105/><T87/><D87/><U76/><E67/><V91/><F17/><W95/><G124/><T88/><D88/><U112/><E76/><N who="2" m="44423" /><F7/><W62/><G81/><T130/><D130/><U118/><E118/><V121/><F3/><W131/><G26/><T54/><D104/><U48/><E48/><N who="2" m="31207" /><F121/><W18/><G131/><T57/><D101/><U109/><E128/><V103/><F103/><W65/><G53/><T31/><REACH who="0" step="1"/><D46/><REACH who="0" ten="182,238,380,190" step="2"/><U6/><E112/><V75/><F75/><W23/><G95/><T102/><D102/><U85/><E115/><V2/><F2/><W79/><G79/><T63/><AGARI ba="2,1" hai="16,19,22,27,31,40,44,49,54,57,58,61,63,66" machi="63" ten="20,8000,1" yaku="1,1,0,1,7,1,8,1,54,1,53,0" doraHai="70" doraHaiUra="134" who="0" fromWho="0" sc="182,96,238,-22,380,-42,190,-22" /><INIT seed="3,0,0,5,2,33" ten="278,216,338,168" oya="3" hai0="45,77,28,48,22,13,111,90,134,53,102,120,125" hai1="92,35,84,0,115,58,37,113,114,87,82,59,47" hai2="86,6,96,26,105,40,27,55,21,36,124,91,107" hai3="117,1,122,4,104,9,103,112,132,110,3,133,129"/><W56/><G112/><T81/><D120/><U75/><E35/><V8/><F124/><W43/><G122/><T61/><D125/><U123/><E123/><V50/><F40/><W46/><G117/><T95/><D111/><U51/><E37/><V60/><F60/><W121/><G121/><T12/><D134/><N who="3" m="51817" /><G110/><T128/><D102/><U57/><E0/><N who="3" m="74" /><G129/><T131/><D61/><U68/><E68/><V76/><F76/><W10/><G4/><T23/><D128/><U32/><E32/><V20/><F6/><W80/><G56/><T101/><D101/><U5/><E5/><V7/><F7/><W73/><G104/><T108/><D108/><U38/><E38/><V2/><F36/><N who="3" m="21863" /><G103/><T16/><D131/><U78/><REACH who="1" step="1"/><E92/><REACH who="1" ten="278,206,338,168" step="2"/><N who="2" m="54391" /><F107/><W88/><G88/><T34/><D90/><U63/><E63/><V62/><F105/><W71/><G71/><T15/><D95/><U65/><E65/><V130/><F62/><W72/><G72/><T44/><D44/><U126/><E126/><V94/><F94/><W66/><G66/><T54/><D45/><U85/><E85/><V98/><F130/><W52/><G52/><AGARI ba="0,1" hai="47,51,52,57,58,59,75,78,82,84,87,113,114,115" machi="52" ten="50,3200,0" yaku="1,1,54,1,53,0" doraHai="33" doraHaiUra="39" who="1" fromWho="3" sc="278,0,206,42,338,0,168,-32" owari="278,7.8,248,-15.2,338,43.8,136,-36.4" /></mjloggm>