<mjloggm ver="2.3"><GO type="225" lobby="0"/><UN n0="%E3%82%BF%E3%83%BC%E3%83%90%E3%83%B3%E9%87%8E%E5%8F%A3" n1="%6D%61%74%69%67%75%73%61" n2="%E3%81%A8%E3%82%93%E3%81%A8%E3%81%93%E3%81%A8%E3%82%93" n3="%4C%4F%4C%49%54%41" dan="16,17,16,16" rate="2118.36,2235.80,2114.48,2157.51" sx="M,M,F,F"/><TAIKYOKU oya="0"/><INIT seed="0,0,0,4,5,41" ten="250,250,250,250" oya="0" hai0="84,79,64,117,91,20,15,21,59,81,106,61,133" hai1="37,44,112,13,24,66,54,104,63,22,17,65,73" hai2="119,75,26,30,39,97,89,107,116,86,96,123,7" hai3="9,36,74,129,45,56,122,68,28,58,60,93,132"/><T49/><D117/><N who="2" m="45130" /><F39/><W101/><G74/><T43/><D106/><U8/><E73/><V127/><F7/><W114/><G114/><T80/><D133/><U102/><E112/><V83/><F123/><W48/><G36/><T72/><REACH who="0" step="1"/><D15/><REACH who="0" ten="240,250,250,250" step="2"/><U29/><E104/><V128/><F107/><W57/><G132/><T134/><D134/><U103/><E37/><V77/><F128/><W14/><G129/><T105/><D105/><U10/><E10/><V113/><F113/><W98/><G122/><T2/><D2/><U6/><E6/><V33/><F127/><W118/><G118/><T46/><AGARI ba="0,1" hai="20,21,43,46,49,59,61,64,72,79,80,81,84,91" machi="46" ten="30,6000,0" yaku="1,1,0,1,52,1,53,0" doraHai="41" doraHaiUra="120" who="0" fromWho="0" sc="240,70,250,-20,250,-20,250,-20" /><INIT seed="0,1,0,2,4,31" ten="310,230,230,230" oya="0" hai0="15,29,6,9,56,112,122,91,113,82,59,47,118" hai1="26,54,65,105,120,3,87,81,134,55,116,88,0" hai2="7,28,78,68,70,48,27,75,10,106,12,45,32" hai3="111,117,77,52,14,98,119,49,37,18,17,20,64"/><T40/><D122/><U41/><E116/><V124/><F124/><W109/><G37/><T129/><D118/><U39/><E120/><V8/><F106/><W89/><G77/><T115/><D129/><U34/><E105/><V74/><F10/><W66/><G18/><T102/><D102/><U100/><E100/><V130/><F130/><W133/><G133/><T67/><D67/><N who="3" m="25641" /><G89/><T21/><D82/><U33/><E65/><V86/><F86/><W22/><G20/><T11/><D91/><U95/><E41/><V44/><F44/><N who="3" m="27687" /><G98/><T85/><D85/><U38/><E134/><V121/><F121/><W97/><G97/><T4/><D21/><U104/><E104/><V83/><REACH who="2" step="1"/><F74/><REACH who="2" ten="310,230,220,230" step="2"/><W93/><G93/><T79/><D112/><U103/><E95/><V53/><AGARI ba="1,1" hai="7,8,12,27,28,32,45,48,53,68,70,75,78,83" machi="53" ten="20,8000,1" yaku="1,1,2,1,0,1,7,1,52,1,53,0" doraHai="31" doraHaiUra="99" who="2" fromWho="2" sc="310,-41,230,-21,220,93,230,-21" /><INIT seed="1,0,0,5,1,45" ten="269,209,313,209" oya="1" hai0="15,56,78,19,104,50,83,21,69,117,10,105,43" hai1="31,82,133,132,111,110,93,64,1,27,55,118,89" hai2="57,123,18,91,9,6,61,90,130,109,4,49,2" hai3="42,67,40,12,88,68,135,58,80,0,8,103,14"/><U107/><E107/><V85/><F123/><W108/><G68/><T87/><D117/><U131/><E118/><V96/><F109/><N who="1" m="41481" /><E1/><V119/><F119/><W22/><G108/><T13/><D69/><U100/><E64/><V79/><F130/><W72/><G0/><T97/><D97/><U74/><E131/><V23/><F6/><W75/><G135/><N who="1" m="51786" /><E100/><V121/><F121/><W95/><G103/><T73/><D73/><U32/><E55/><V128/><F128/><W116/><G72/><T102/><D102/><U129/><E129/><V41/><F96/><W84/><G116/><T51/><D104/><U81/><E74/><V3/><F2/><W125/><G75/><T106/><D105/><U92/><E92/><V38/><F41/><W46/><G95/><T11/><D43/><U71/><E71/><V70/><F70/><W5/><G42/><T66/><D106/><U52/><E52/><V134/><F134/><W98/><G67/><T30/><D66/><U101/><E101/><V120/><F120/><W26/><G40/><T34/><D56/><U36/><E36/><V48/><F38/><W37/><G58/><T63/><D63/><U33/><E33/><V114/><F61/><W7/><G37/><T113/><D34/><U122/><E122/><V29/><F57/><W127/><G46/><T16/><D113/><U99/><AGARI ba="0,0" hai="27,31,32,81,82,89,93,99" m="51786,41481" machi="99" ten="30,6000,0" yaku="14,1,10,1,20,1" doraHai="45" who="1" fromWho="1" sc="269,-20,209,60,313,-20,209,-20" /><INIT seed="1,1,0,0,2,133" ten="249,269,293,189" oya="1" hai0="13,10,83,52,129,53,131,62,20,85,92,58,37" hai1="125,40,65,30,35,96,17,123,63,73,38,42,2" hai2="76,43,57,111,36,78,39,28,59,11,98,127,110" hai3="22,118,27,114,88,64,130,56,103,46,33,116,115"/><U16/><E73/><V66/><F28/><W69/><G69/><T49/><D37/><U106/><E2/><V124/><F98/><W29/><G130/><T74/><D74/><U68/><E123/><V126/><F11/><W100/><G46/><T14/><D92/><U104/><E104/><V5/><F5/><W0/><G0/><T134/><D134/><U31/><E31/><V4/><F4/><W94/><G33/><T117/><D20/><U112/><E112/><V34/><F34/><W55/><G64/><T120/><D117/><N who="3" m="45161" /><G103/><T51/><D120/><U32/><E32/><V99/><F99/><N who="3" m="57799" /><G100/><T61/><D61/><AGARI ba="1,0" hai="22,27,29,55,56,61,114,115" m="57799,45161" machi="61" ten="30,2000,0" yaku="12,1,54,1" doraHai="133" who="3" fromWho="0" sc="249,-23,269,0,293,0,189,23" /><INIT seed="2,0,0,0,2,123" ten="226,269,293,212" oya="2" hai0="74,31,0,134,27,124,62,52,107,8,95,4,26" hai1="49,39,122,87,57,16,76,23,53,22,71,133,1" hai2="114,30,127,14,94,81,65,34,17,106,75,131,54" hai3="64,98,32,117,104,38,10,60,80,125,21,91,7"/><V130/><F106/><W120/><G117/><T126/><D107/><U67/><E1/><V37/><F37/><W61/><G32/><T89/><D74/><U18/><E39/><V90/><F65/><W24/><G120/><T45/><D134/><U63/><E133/><V110/><F114/><W105/><G38/><T79/><D79/><U88/><E76/><V112/><F112/><W68/><G125/><N who="0" m="48235" /><D31/><U135/><E122/><V15/><F127/><W40/><G40/><T9/><BYE who="3" /><D8/><U2/><E2/><V85/><F110/><UN n3="%4C%4F%4C%49%54%41" /><W118/><G61/><T73/><D73/><U44/><E71/><V19/><F30/><W35/><G35/><T25/><D45/><U29/><E135/><V58/><F34/><W103/><G118/><T46/><D46/><U92/><E29/><V72/><F75/><W66/><G66/><T100/><D100/><U47/><E47/><V42/><F72/><W36/><G36/><T108/><D108/><U6/><E6/><V41/><F130/><W48/><G48/><T50/><D50/><U56/><E44/><V129/><F131/><W69/><G104/><T121/><D121/><U96/><E96/><N who="2" m="57431" /><F129/><W3/><G69/><T93/><D89/><U115/><E115/><V43/><F17/><AGARI ba="0,0" hai="16,17,18,22,23,49,53,56,57,63,67,87,88,92" machi="17" ten="40,5200,0" yaku="8,1,54,2" doraHai="123" who="1" fromWho="2" sc="226,0,269,52,293,-52,212,0" /><INIT seed="3,0,0,3,4,100" ten="226,321,241,212" oya="3" hai0="96,4,97,135,36,20,14,40,59,39,6,46,57" hai1="2,71,9,18,42,112,84,115,98,109,130,54,31" hai2="23,35,91,69,125,77,103,50,10,61,78,26,126" hai3="111,60,65,83,47,16,70,120,113,128,55,49,22"/><W64/><G113/><T17/><D135/><U66/><E42/><V81/><F35/><W51/><G120/><T101/><D36/><U107/><E31/><V52/><F103/><W108/><G128/><T7/><REACH who="0" step="1"/><D96/><REACH who="0" ten="216,321,241,212" step="2"/><U67/><E98/><V80/><F125/><W48/><G65/><T87/><D87/><U104/><E84/><V93/><F126/><W119/><G119/><T37/><D37/><U19/><E66/><V99/><F69/><W79/><G111/><T85/><D85/><U74/><E71/><V8/><F61/><W41/><G108/><T105/><AGARI ba="0,1" hai="4,6,7,14,17,20,39,40,46,57,59,97,101,105" machi="105" ten="30,4000,0" yaku="1,1,0,1,52,1,53,0" doraHai="100" doraHaiUra="82" who="0" fromWho="0" sc="216,50,321,-10,241,-10,212,-20" owari="266,6.6,311,41.1,231,-16.9,192,-30.8" /></mjloggm>