<mjloggm ver="2.3"><GO type="225" lobby="0"/><UN n0="%E3%83%94%E3%82%B3%E3%83%9E%E3%82%B9%E3%83%86%E3%82%A3%E3%83%95" n1="%E3%83%A9%E3%83%96%E3%83%AC%E3%83%BC" n2="%E3%83%8F%E3%82%AC%E3%82%BF%E3%82%AB%E3%81%AE%E3%81%88%E3%81%98%E3%81%8D" n3="%E3%81%99%E3%81%84%E3%81%BE%E3%81%9B%E3%83%BC%E3%82%93" dan="17,18,16,16" rate="2196.10,2253.43,2175.44,2097.36" sx="M,M,M,M"/><TAIKYOKU oya="0"/><INIT seed="0,0,0,0,2,87" ten="250,250,250,250" oya="0" hai0="22,88,28,99,30,27,112,4,105,118,21,43,123" hai1="48,24,111,131,67,57,95,117,63,94,132,47,121" hai2="116,46,9,6,49,104,68,36,127,2,114,29,125" hai3="120,78,106,23,1,12,38,82,135,20,3,109,39"/><T128/><D112/><U93/><E121/><V73/><F114/><W26/><G120/><T19/><D123/><U102/><E117/><V15/><F116/><W79/><G12/><T84/><D118/><U52/><E111/><V5/><F104/><W92/><G82/><T134/><D128/><U86/><E132/><V7/><F68/><W97/><G106/><T90/><D134/><U13/><E131/><V32/><F36/><W50/><G50/><T58/><D4/><U115/><E115/><V61/><F73/><W108/><G97/><T129/><D129/><U100/><E13/><V75/><F61/><W42/><G26/><N who="0" m="14655" /><D105/><U64/><E24/><N who="2" m="18471" /><F75/><W119/><G119/><T34/><D34/><U122/><E122/><V0/><F49/><W89/><G42/><T54/><D43/><U130/><E130/><V126/><F46/><W85/><G135/><T101/><D101/><N who="1" m="39019" /><E86/><V25/><F25/><W56/><G85/><T98/><D30/><U60/><E60/><V72/><F72/><W110/><G56/><T33/><D33/><U8/><E8/><V51/><F51/><W31/><G31/><T113/><D113/><U65/><AGARI ba="0,0" hai="47,48,52,57,63,64,65,67,93,94,95" m="39019" machi="65" ten="30,2000,0" yaku="8,1,54,1" doraHai="87" who="1" fromWho="1" sc="250,-10,250,20,250,-5,250,-5" /><INIT seed="1,0,0,3,3,99" ten="240,270,245,245" oya="1" hai0="93,104,75,31,39,121,67,41,118,92,117,54,112" hai1="86,47,26,32,6,96,71,4,70,105,126,46,59" hai2="49,0,33,50,16,12,62,72,58,52,14,125,64" hai3="88,5,63,76,45,25,44,109,17,89,28,19,94"/><U122/><E122/><V77/><F0/><W134/><G109/><T135/><D104/><U127/><E86/><V23/><F33/><W20/><G134/><T30/><D75/><U102/><E59/><V37/><F125/><N who="1" m="47625" /><E47/><N who="3" m="17994" /><G76/><T95/><D112/><U22/><E32/><V1/><F1/><W131/><G131/><T40/><D135/><U110/><E46/><V116/><F116/><N who="0" m="44650" /><D67/><U35/><E35/><V130/><F37/><W115/><G115/><T119/><N who="0" m="44658" /><T57/><DORA hai="98" /><D57/><U69/><E110/><V55/><F130/><W103/><G5/><T11/><D39/><U38/><E38/><V80/><REACH who="2" step="1"/><F14/><REACH who="2" ten="240,270,235,245" step="2"/><W128/><G128/><T60/><D121/><U53/><E53/><AGARI ba="0,1" hai="12,16,23,49,50,52,53,55,58,62,64,72,77,80" machi="53" ten="40,8000,1" yaku="1,1,2,1,54,2,53,0" doraHai="99,98" doraHaiUra="114,87" who="2" fromWho="1" sc="240,0,270,-80,235,90,245,0" /><INIT seed="2,0,0,0,2,42" ten="240,190,325,245" oya="2" hai0="77,102,107,89,122,105,24,50,72,83,21,126,54" hai1="8,91,113,29,28,120,99,79,132,124,65,125,17" hai2="41,108,38,12,20,135,14,97,111,51,18,66,16" hai3="26,32,74,33,53,81,23,67,15,73,3,63,75"/><V35/><F35/><W106/><G3/><T56/><D122/><U31/><E113/><V119/><F38/><W71/><G106/><T94/><D102/><U60/><E79/><V0/><F0/><W82/><G15/><T10/><D10/><U115/><E115/><V95/><F66/><W118/><G118/><T130/><D130/><U64/><E120/><V58/><F119/><W36/><G36/><T101/><D101/><U46/><E132/><V134/><F58/><W30/><REACH who="3" step="1"/><G53/><REACH who="3" ten="240,190,325,235" step="2"/><T133/><D133/><U37/><E8/><N who="2" m="6151" /><F135/><W68/><G68/><T110/><D110/><N who="2" m="42026" /><F134/><W84/><G84/><T92/><D107/><U7/><E37/><V85/><F85/><W27/><G27/><T45/><D105/><U2/><E2/><V121/><F121/><W19/><G19/><T40/><D24/><U88/><E17/><V55/><F55/><W13/><G13/><T34/><D54/><U104/><E7/><V22/><F18/><W44/><G44/><T61/><D45/><U93/><E46/><N who="2" m="26063" /><F14/><W4/><G4/><T80/><D56/><U78/><E65/><V59/><F59/><W48/><G48/><T76/><D50/><U49/><E49/><V116/><F116/><W47/><G47/><T109/><D109/><U1/><E1/><V5/><F5/><W87/><G87/><T62/><D62/><U52/><E52/><V9/><F9/><W86/><G86/><T131/><D61/><U6/><E6/><V69/><F69/><W11/><G11/><T98/><D40/><U103/><E64/><V25/><F25/><W100/><G100/><AGARI ba="0,1" hai="20,22,95,97,100" m="26063,42026,6151" machi="100" ten="30,12000,1" yaku="6,1,14,1,10,1,52,1,54,1" doraHai="42" who="2" fromWho="3" sc="240,0,190,0,325,130,235,-120" /><INIT seed="2,1,0,2,2,12" ten="240,190,455,115" oya="2" hai0="6,17,100,127,68,119,31,88,74,120,30,123,29" hai1="42,105,5,77,25,47,27,98,110,85,67,19,41" hai2="39,56,20,72,60,11,84,121,107,126,101,108,81" hai3="13,114,18,78,109,62,49,135,59,37,112,131,14"/><V57/><F121/><W82/><G37/><T51/><D74/><U58/><E110/><V90/><F39/><W102/><G109/><T91/><D68/><U3/><E3/><V104/><F72/><W87/><G131/><T34/><D34/><U10/><E105/><V96/><F126/><W70/><G135/><T50/><D127/><U113/><E113/><N who="3" m="43626" /><G102/><T94/><D6/><U132/><E98/><V75/><F75/><W86/><G70/><T69/><D69/><U32/><E32/><V44/><F44/><W63/><G13/><T64/><D64/><U116/><E116/><V122/><F122/><W26/><G26/><T71/><D71/><U130/><E132/><V65/><F11/><N who="3" m="6495" /><G87/><T45/><D119/><U43/><E5/><V103/><F108/><W38/><G38/><T24/><D120/><U106/><E106/><V133/><F133/><W83/><G83/><T80/><D80/><N who="1" m="47247" /><E130/><V92/><F103/><W128/><G128/><T111/><D111/><U125/><E125/><V40/><F104/><W15/><G15/><T53/><D123/><U21/><E27/><V35/><F101/><W54/><AGARI ba="1,0" hai="49,54,59,62,63,78,82,86" m="6495,43626" machi="54" ten="30,2000,0" yaku="11,1,52,1" doraHai="12" who="3" fromWho="3" sc="240,-6,190,-6,455,-11,115,23" /><INIT seed="3,0,0,1,0,37" ten="234,184,444,138" oya="3" hai0="17,128,89,31,44,3,132,134,10,53,87,20,135" hai1="16,106,115,13,27,75,129,55,127,111,97,98,35" hai2="133,72,14,61,114,41,101,105,18,23,46,0,21" hai3="65,126,118,83,24,70,60,50,78,69,7,100,26"/><W119/><G126/><T99/><D128/><U6/><E115/><V48/><F114/><W34/><G70/><T73/><D73/><U86/><E75/><V84/><F72/><W2/><G100/><T58/><D99/><U63/><E129/><V113/><F113/><W52/><G7/><T82/><D44/><U42/><E35/><V30/><F0/><W81/><G2/><T71/><D71/><U130/><E106/><V91/><F133/><W43/><G43/><T102/><D102/><U67/><E55/><V11/><F30/><W68/><G68/><T47/><D47/><U74/><E74/><V116/><F116/><W9/><G9/><T123/><D123/><U103/><E86/><V125/><F125/><W66/><G66/><T117/><D117/><N who="3" m="44553" /><G78/><T104/><D104/><U59/><E127/><V92/><F101/><W94/><G94/><T64/><D64/><U124/><E6/><V109/><F105/><W62/><G62/><N who="0" m="36175" /><D3/><U112/><E112/><V107/><F107/><W121/><G121/><T79/><D10/><U120/><E120/><V39/><F39/><W29/><G24/><N who="0" m="14351" /><D31/><U49/><E27/><V54/><F109/><W93/><G93/><T15/><D15/><U77/><E77/><AGARI ba="0,0" hai="77,79,82,87,89,132,134,135" m="14351,36175" machi="77" ten="30,1000,0" yaku="20,1" doraHai="37" who="0" fromWho="1" sc="234,10,184,-10,444,0,138,0" owari="244,4.4,174,-22.6,444,54.4,138,-36.2" /></mjloggm>