<mjloggm ver="2.3"><GO type="225" lobby="0"/><UN n0="%E3%81%93%E3%81%91%E6%A4%8D%E7%89%A9" n1="%47%68%6F%73%74%55%30" n2="%E7%89%B9%E6%9D%B1%E3%81%AF%E4%B8%96%E7%95%8C%E3%82%92%E6%95%91%E3%81%86" n3="%E3%81%AA%E3%82%81%E3%81%93%E9%9B%80%E5%A3%AB" dan="16,17,16,16" rate="2090.71,2129.36,2118.59,2046.59" sx="M,M,M,M"/><TAIKYOKU oya="0"/><INIT seed="0,0,0,2,3,118" ten="250,250,250,250" oya="0" hai0="75,15,28,71,105,117,64,65,9,47,31,133,16" hai1="30,59,80,89,34,42,14,22,127,107,56,46,37" hai2="44,66,19,2,126,79,25,93,6,122,73,116,13" hai3="36,1,41,10,91,76,111,92,24,23,39,69,17"/><T98/><D117/><U95/><E107/><V106/><F106/><W0/><G69/><T134/><D75/><U78/><E127/><V130/><F66/><N who="0" m="25706" /><D71/><U57/><E34/><V132/><F116/><W5/><G111/><T88/><D105/><U4/><E30/><N who="0" m="11305" /><D47/><U27/><E27/><V60/><F60/><W43/><G76/><T87/><D133/><U82/><E78/><V115/><F13/><W40/><REACH who="3" step="1"/><G0/><REACH who="3" ten="250,250,250,240" step="2"/><T70/><D70/><U3/><E3/><V38/><F79/><W62/><G62/><T135/><D134/><U21/><E80/><V29/><F2/><W55/><G55/><T81/><D135/><U8/><REACH who="1" step="1"/><E82/><REACH who="1" ten="250,240,250,240" step="2"/><V11/><F132/><W83/><G83/><T109/><D109/><U112/><E112/><V49/><F115/><W32/><G32/><T33/><D33/><U18/><E18/><V61/><F19/><W63/><G63/><T113/><D113/><U35/><E35/><V7/><F61/><W20/><G20/><T104/><D104/><U103/><E103/><V100/><F100/><W85/><AGARI ba="0,2" hai="1,5,10,17,23,24,36,39,40,41,43,85,91,92" machi="85" ten="30,2000,0" yaku="1,1,0,1,53,0" doraHai="118" doraHaiUra="110" who="3" fromWho="3" sc="250,-10,240,-5,250,-5,240,40" /><INIT seed="1,0,0,4,0,28" ten="240,235,245,280" oya="1" hai0="91,12,65,87,57,23,3,109,4,90,112,69,2" hai1="34,37,84,21,35,81,8,66,16,86,7,123,46" hai2="44,97,42,117,120,18,6,83,43,99,19,108,24" hai3="67,102,71,59,47,30,133,68,41,73,64,48,78"/><U124/><E123/><V113/><F120/><W32/><G102/><T5/><D69/><U127/><E66/><V60/><F117/><W128/><G67/><T76/><D112/><U70/><E70/><V80/><F113/><W11/><G133/><T25/><D109/><U85/><E81/><V54/><F6/><N who="0" m="2666" /><D12/><N who="1" m="5151" /><E37/><V131/><F108/><W55/><G11/><T15/><D15/><N who="1" m="9375" /><E46/><V20/><F60/><W101/><G101/><T51/><D3/><U121/><E121/><V94/><F44/><W129/><G78/><T82/><D2/><U132/><E132/><V103/><F83/><W38/><G73/><T88/><D65/><U79/><E79/><V36/><F80/><W52/><G55/><N who="0" m="31999" /><D76/><U77/><E77/><V134/><F36/><W58/><G58/><T98/><D98/><U39/><E39/><V119/><F99/><W107/><G107/><T0/><D0/><U110/><E110/><V72/><F72/><W56/><G56/><T17/><AGARI ba="0,0" hai="17,23,25,82,87,88,90,91" m="31999,2666" machi="17" ten="30,2000,0" yaku="8,1,54,1" doraHai="28" who="0" fromWho="0" sc="240,20,235,-10,245,-5,280,-5" /><INIT seed="2,0,0,5,5,74" ten="260,225,240,275" oya="2" hai0="42,92,47,49,129,81,19,59,44,40,3,64,127" hai1="5,119,56,18,37,80,106,93,85,118,91,26,14" hai2="63,6,22,113,105,25,94,99,120,24,76,51,70" hai3="77,20,134,88,58,132,87,107,125,2,109,54,79"/><V29/><F113/><W78/><G109/><T89/><D3/><U73/><E37/><V111/><F120/><W75/><G107/><T7/><D127/><U90/><E106/><V13/><F105/><W121/><G121/><T135/><D129/><U1/><E1/><V128/><F128/><W126/><G2/><T48/><D135/><N who="3" m="51753" /><G20/><T21/><D7/><U97/><E5/><V57/><F111/><W110/><G75/><T33/><D33/><U130/><E130/><V117/><F70/><W11/><G11/><T96/><D81/><U65/><E73/><V43/><F117/><W32/><G32/><T95/><D92/><U133/><E26/><V62/><F24/><W124/><G110/><T55/><D64/><U9/><REACH who="1" step="1"/><E133/><REACH who="1" ten="260,215,240,275" step="2"/><V116/><F116/><W27/><G27/><N who="0" m="14783" /><D42/><U86/><E86/><V61/><F43/><W53/><G58/><AGARI ba="0,1" hai="40,44,47,48,49,55,58,59,89,95,96" m="14783" machi="58" ten="30,1000,0" yaku="8,1" doraHai="74" who="0" fromWho="3" sc="260,20,215,0,240,0,275,-10" /><INIT seed="3,0,0,4,2,44" ten="280,215,240,265" oya="3" hai0="93,9,23,77,50,117,52,95,26,49,125,2,108" hai1="21,53,123,126,82,36,116,64,41,78,92,110,32" hai2="46,27,13,83,118,91,38,4,97,120,57,5,113" hai3="45,99,17,122,7,76,20,101,12,111,51,75,33"/><W24/><G122/><T105/><D105/><U98/><E123/><V80/><F120/><W132/><G132/><T128/><D117/><U6/><E32/><V86/><F118/><W16/><G111/><T73/><D108/><U42/><E116/><V30/><F113/><W65/><G33/><T40/><D125/><U96/><E110/><V63/><F97/><W107/><G65/><T131/><D77/><U94/><E126/><V81/><F38/><W85/><G75/><T31/><D73/><U48/><E36/><V127/><F127/><W130/><G130/><N who="0" m="49707" /><D40/><U68/><E6/><V35/><F46/><W72/><G7/><N who="0" m="1271" /><D50/><U109/><E109/><V58/><F5/><W39/><G72/><T70/><D70/><U88/><E21/><V121/><F121/><W67/><G67/><T59/><AGARI ba="0,0" hai="23,26,31,49,52,59,93,95" m="1271,49707" machi="59" ten="30,4000,0" yaku="19,1,52,1,54,1" doraHai="44" who="0" fromWho="0" sc="280,40,215,-10,240,-10,265,-20" owari="320,42.0,205,-29.5,230,-17.0,245,4.5" /></mjloggm>