<mjloggm ver="2.3"><GO type="225" lobby="0"/><UN n0="%E3%83%8F%E3%83%B3%E3%83%89%E3%83%A9%E3%83%BC%E3%83%BB%E3%83%AF%E3%83%B3" n1="%E3%81%BF%E3%81%BF%E3%81%9A" n2="%E3%81%B5%E3%81%98%E3%81%8B%E3%81%A4" n3="%77%72%77%72%77%72%77%72" dan="16,17,16,17" rate="2159.49,2243.08,2189.53,2231.75" sx="M,M,M,M"/><TAIKYOKU oya="0"/><INIT seed="0,0,0,2,4,5" ten="250,250,250,250" oya="0" hai0="79,11,64,82,87,80,94,81,95,9,63,20,121" hai1="27,21,72,51,111,70,106,33,22,58,113,119,124" hai2="77,135,116,102,67,30,43,45,134,74,71,128,114" hai3="91,133,105,36,39,56,38,1,19,0,52,18,12"/><T54/><D121/><U31/><E119/><V55/><F114/><W13/><G105/><T62/><D20/><U42/><E70/><V122/><F102/><W126/><G133/><N who="2" m="50697" /><F116/><W24/><G126/><T129/><D129/><U99/><E72/><V6/><F30/><W75/><G75/><T37/><D37/><U65/><E124/><V49/><F77/><W131/><G131/><T26/><D26/><U120/><E113/><V89/><F89/><W68/><G68/><T88/><D79/><U35/><E120/><V53/><F6/><W118/><G118/><T50/><D95/><U44/><E111/><V48/><F74/><W110/><G110/><T73/><D73/><U59/><E35/><V86/><F86/><W130/><G24/><T117/><D117/><U4/><E4/><V46/><F122/><W76/><G76/><T125/><D125/><U85/><E85/><V109/><F109/><W84/><G130/><T17/><D17/><U41/><E99/><V96/><F96/><W100/><G100/><T60/><D64/><U101/><E65/><V47/><F128/><W108/><G108/><T28/><D28/><U90/><E90/><V127/><F127/><W123/><G123/><T40/><D40/><N who="1" m="24967" /><E101/><V29/><F29/><W97/><G97/><T57/><AGARI ba="0,0" hai="9,11,50,54,57,60,62,63,80,81,82,87,88,94" machi="57" ten="30,12000,1" yaku="0,1,8,1,52,2,54,1" doraHai="5" who="0" fromWho="0" sc="250,120,250,-40,250,-40,250,-40" /><INIT seed="0,1,0,0,4,117" ten="370,210,210,210" oya="0" hai0="105,89,53,132,87,33,17,97,9,102,16,35,29" hai1="100,20,70,2,74,121,115,76,79,92,18,71,52" hai2="44,80,107,120,72,57,49,86,34,130,43,106,19" hai3="42,123,83,95,23,32,58,125,5,3,91,31,64"/><T56/><D132/><U124/><E2/><V4/><F130/><W50/><G32/><T82/><D29/><U109/><E121/><V131/><F34/><W104/><G104/><T15/><REACH who="0" step="1"/><D17/><REACH who="0" ten="360,210,210,210" step="2"/><U66/><E18/><V27/><F19/><W128/><G31/><T10/><D10/><U88/><E115/><V65/><F120/><W25/><G123/><T68/><D68/><U96/><E71/><V122/><F122/><W73/><G128/><T101/><D101/><U127/><E70/><V75/><F131/><W63/><G125/><T118/><D118/><U61/><E124/><V133/><F133/><W112/><G112/><T22/><D22/><U114/><E20/><V135/><F135/><W45/><G23/><T90/><D90/><U108/><E114/><V12/><F107/><W1/><G91/><T55/><D55/><U69/><E127/><V28/><F106/><W11/><G11/><T14/><D14/><U103/><E52/><V126/><F126/><W81/><G1/><T85/><D85/><N who="1" m="52239" /><E103/><V113/><F113/><W54/><G25/><T60/><AGARI ba="1,1" hai="9,15,16,33,35,53,56,60,82,87,89,97,102,105" machi="60" ten="20,7800,0" yaku="1,1,0,1,7,1,54,1,53,0" doraHai="117" doraHaiUra="41" who="0" fromWho="0" sc="360,91,210,-27,210,-27,210,-27" /><INIT seed="0,2,0,0,0,44" ten="451,183,183,183" oya="0" hai0="20,36,84,16,118,59,26,4,77,29,75,110,78" hai1="10,14,121,97,119,66,107,6,50,135,56,41,70" hai2="96,90,73,49,32,21,129,43,98,47,74,94,15" hai3="102,114,22,68,117,52,91,67,61,132,64,89,100"/><T2/><D118/><U53/><E119/><V104/><F129/><W123/><G117/><T112/><D112/><U40/><E121/><V17/><REACH who="2" step="1"/><F32/><REACH who="2" ten="451,183,173,183" step="2"/><W125/><G123/><T88/><D110/><U93/><E135/><V19/><F19/><W124/><G132/><T108/><D16/><U30/><E30/><V54/><F54/><W80/><G52/><T1/><D29/><U33/><E33/><V58/><F58/><W71/><G114/><T130/><D59/><U39/><E107/><V131/><F131/><W76/><G22/><T0/><D20/><U23/><E23/><V79/><F79/><W83/><G76/><T25/><D78/><U115/><E115/><V63/><F63/><AGARI ba="2,1" hai="61,63,64,67,68,71,80,83,89,91,100,102,124,125" machi="63" ten="25,1600,0" yaku="22,2" doraHai="44" who="3" fromWho="2" sc="451,0,183,0,173,-22,183,32" /><INIT seed="1,0,0,3,2,34" ten="451,183,151,215" oya="1" hai0="92,109,21,79,81,46,48,77,10,130,121,75,57" hai1="2,126,105,19,96,90,73,41,85,110,103,36,115" hai2="30,129,74,76,99,4,88,134,70,60,72,97,125" hai3="26,18,47,114,128,7,1,45,17,68,51,42,84"/><U118/><E115/><V31/><F4/><W58/><G114/><T80/><D109/><U123/><E118/><V135/><F125/><W78/><G68/><T52/><D130/><U69/><E123/><V49/><F49/><W43/><G128/><T64/><D121/><U59/><E69/><V133/><F129/><W87/><G58/><T65/><D10/><U14/><E126/><V9/><F9/><W94/><G1/><T124/><D124/><U71/><E71/><V93/><F76/><W53/><G7/><T111/><D111/><U22/><E110/><V131/><F99/><W113/><G113/><T91/><D21/><U101/><E101/><V54/><F131/><W39/><G78/><T20/><D20/><U12/><E73/><N who="2" m="28267" /><F54/><W55/><G26/><T5/><D5/><U104/><E104/><V6/><F6/><W38/><G94/><T29/><D29/><U40/><E2/><V119/><F119/><W98/><G98/><N who="0" m="57631" /><D75/><U127/><E127/><V35/><F35/><W28/><G51/><T100/><D65/><AGARI ba="0,0" hai="30,31,60,65,70,88,93,97,133,134,135" m="28267" machi="65" ten="40,2600,0" yaku="20,1,54,1" doraHai="34" who="2" fromWho="0" sc="451,-26,183,0,151,26,215,0" /><INIT seed="2,0,0,1,4,73" ten="425,183,177,215" oya="2" hai0="14,63,109,95,47,103,97,4,38,8,98,7,48" hai1="16,46,52,122,57,5,107,120,19,35,78,118,12" hai2="114,6,15,42,128,66,76,26,127,88,125,68,24" hai3="75,13,51,43,18,108,124,91,100,132,45,29,37"/><V77/><F114/><W44/><G108/><T22/><D38/><U10/><E118/><V99/><F128/><W90/><G75/><T69/><D109/><U71/><E71/><V94/><F42/><W11/><G132/><T82/><D82/><U135/><E135/><V92/><F66/><W56/><G124/><N who="2" m="47689" /><F68/><W30/><G56/><T3/><D98/><U81/><E107/><V116/><F116/><W133/><G100/><T110/><D110/><U79/><E46/><V61/><F61/><W20/><G133/><T121/><D121/><N who="1" m="46699" /><E35/><V55/><F55/><W83/><G20/><T62/><D22/><U21/><E81/><V59/><F59/><W17/><G17/><N who="1" m="6730" /><E21/><V93/><F93/><W126/><G126/><T85/><D69/><U65/><E65/><V70/><F70/><W113/><G113/><T80/><D95/><U41/><E41/><V25/><F94/><W36/><G36/><T27/><D63/><AGARI ba="0,0" hai="5,10,12,52,57,63,78,79" m="6730,46699" machi="63" ten="30,8000,1" yaku="13,1,52,2,54,2" doraHai="73" who="1" fromWho="0" sc="425,-80,183,80,177,0,215,0" /><INIT seed="3,0,0,5,1,30" ten="345,263,177,215" oya="3" hai0="29,35,95,72,71,78,80,7,28,46,90,54,52" hai1="103,23,45,5,105,15,110,8,87,131,11,34,60" hai2="26,67,4,102,66,18,96,129,61,135,132,98,38" hai3="83,133,14,76,55,104,47,77,43,33,128,70,44"/><W84/><G104/><T24/><D71/><U114/><E114/><V117/><F117/><W56/><G70/><T130/><D130/><U17/><E110/><V101/><F38/><W119/><G33/><T75/><D75/><U126/><E131/><V68/><F4/><W41/><G119/><T39/><D28/><U124/><E60/><V2/><F129/><W65/><G65/><N who="2" m="24585" /><F68/><W113/><G113/><T81/><D81/><U19/><E87/><V134/><F61/><W99/><G133/><N who="2" m="34049" /><V106/><DORA hai="116" /><F26/><W21/><G77/><T40/><D7/><U97/><E45/><N who="3" m="17482" /><G99/><AGARI ba="0,0" hai="24,29,35,39,40,46,52,54,72,78,80,90,95,99" machi="99" ten="30,3900,0" yaku="7,1,52,1,54,1" doraHai="30,116" who="0" fromWho="3" sc="345,39,263,0,177,0,215,-39" owari="384,48.4,263,6.3,177,-22.3,176,-32.4" /></mjloggm>