<mjloggm ver="2.3"><GO type="225" lobby="0"/><UN n0="%E3%83%81%E3%83%AF%E3%83%AF%E9%9A%8A%E9%95%B7" n1="%E5%A4%9C%E3%81%AE%E3%82%AC%E3%82%B9%E3%83%91%E3%83%BC%E3%83%AB" n2="%E6%9D%B1%E9%A2%A8%E3%81%AE%E3%81%8D%E3%82%83%E3%81%B7%E3%81%95%E3%82%93" n3="%61%6D%65%6B%69" dan="17,17,17,16" rate="2196.79,2186.28,2173.94,2091.07" sx="M,M,M,M"/><TAIKYOKU oya="0"/><INIT seed="0,0,0,1,5,38" ten="250,250,250,250" oya="0" hai0="109,104,101,120,99,66,78,0,37,72,15,105,43" hai1="31,64,90,17,56,45,86,118,29,97,22,102,75" hai2="14,117,68,63,41,28,122,40,126,21,26,100,87" hai3="93,49,119,79,115,51,69,16,134,58,106,91,125"/><T6/><D15/><U53/><E118/><V71/><F122/><W107/><G69/><T36/><D120/><U7/><E75/><V9/><F117/><W59/><G119/><T8/><D109/><U114/><E7/><V42/><F126/><W18/><G115/><T116/><D116/><U89/><E114/><V74/><F74/><W94/><G79/><T131/><D131/><U50/><E64/><V20/><F100/><W76/><G76/><T3/><D66/><U113/><E113/><V123/><F123/><W10/><G10/><T11/><D105/><U84/><E84/><V62/><F87/><W73/><G73/><T33/><D33/><U34/><E34/><V30/><F71/><W133/><REACH who="3" step="1"/><G91/><REACH who="3" ten="250,250,250,240" step="2"/><T70/><D70/><U108/><E90/><V110/><F68/><W85/><G85/><T96/><D78/><U82/><E108/><V61/><F110/><W67/><G67/><T60/><D72/><U13/><REACH who="1" step="1"/><E56/><REACH who="1" ten="250,240,250,240" step="2"/><V112/><F112/><W27/><G27/><T44/><D99/><U80/><E80/><V5/><REACH who="2" step="1"/><F26/><REACH who="2" ten="250,240,240,240" step="2"/><W2/><G2/><T4/><D0/><U1/><E1/><V54/><F54/><W35/><G35/><T48/><D3/><U103/><E103/><V83/><F83/><W121/><G121/><T129/><D101/><U77/><E77/><V57/><F57/><W47/><G47/><T128/><D44/><U19/><E19/><V135/><F135/><W24/><G24/><T81/><D81/><U124/><E124/><AGARI ba="0,3" hai="16,18,49,51,58,59,93,94,106,107,124,125,133,134" machi="124" ten="25,6400,0" yaku="1,1,22,2,54,1,53,0" doraHai="38" doraHaiUra="25" who="3" fromWho="1" sc="250,0,240,-64,240,0,240,94" /><INIT seed="1,0,0,3,3,63" ten="250,176,240,334" oya="1" hai0="7,27,85,13,49,77,125,52,59,56,128,45,57" hai1="119,21,97,76,40,93,34,87,120,82,103,17,70" hai2="75,8,31,47,110,74,118,112,90,51,19,92,73" hai3="3,11,115,18,134,67,6,25,71,131,100,4,36"/><U12/><E119/><V15/><F118/><W126/><G36/><T98/><D125/><U101/><E120/><V78/><F112/><W30/><G100/><T66/><D128/><U108/><E34/><V26/><F110/><W132/><G115/><T58/><D27/><U79/><E108/><V44/><F78/><W29/><G71/><T84/><D77/><U95/><E70/><V121/><F121/><W109/><G67/><T38/><D98/><U83/><E40/><V88/><F92/><W28/><G109/><T107/><D107/><U80/><REACH who="1" step="1"/><E79/><REACH who="1" ten="250,166,240,334" step="2"/><V106/><F106/><W14/><G131/><T60/><D38/><U54/><E54/><V130/><F130/><W117/><G117/><T89/><D89/><U20/><E20/><V91/><REACH who="2" step="1"/><F51/><REACH who="2" ten="250,166,230,334" step="2"/><W94/><G126/><T16/><REACH who="0" step="1"/><D7/><REACH who="0" ten="240,166,230,334" step="2"/><U41/><E41/><V43/><F43/><W5/><G6/><T50/><D50/><U113/><E113/><V53/><F53/><W127/><G5/><T116/><D116/><U102/><E102/><V69/><F69/><W1/><G127/><T24/><D24/><U61/><E61/><V55/><F55/><W37/><G4/><T104/><D104/><U62/><E62/><V129/><F129/><W111/><G25/><T0/><D0/><U122/><E122/><V86/><F86/><W96/><G111/><T65/><D65/><U72/><E72/><V10/><F10/><AGARI ba="0,3" hai="10,13,16,45,49,52,56,57,58,59,60,66,84,85" machi="10" ten="40,8000,1" yaku="1,1,8,1,52,1,54,2,53,0" doraHai="63" doraHaiUra="123" who="0" fromWho="2" sc="240,110,166,0,230,-80,334,0" /><INIT seed="2,0,0,5,4,110" ten="350,166,150,334" oya="2" hai0="120,30,77,39,68,109,15,2,57,65,59,115,127" hai1="14,58,1,100,4,111,47,69,40,62,125,60,17" hai2="66,98,90,78,116,91,99,52,119,38,13,31,76" hai3="8,105,107,19,101,63,43,33,9,117,5,10,54"/><V37/><F13/><W104/><G117/><T74/><D2/><U118/><E118/><V96/><F31/><W35/><G5/><T108/><D120/><U45/><E111/><N who="0" m="42569" /><D39/><U89/><E100/><V61/><F99/><W67/><G43/><T21/><D127/><U7/><E125/><V130/><F61/><W23/><G54/><T121/><D121/><U71/><E1/><V3/><F3/><W34/><G101/><T16/><D30/><U132/><E132/><V27/><F66/><W123/><G123/><T50/><D50/><U22/><E89/><V11/><F11/><W25/><G63/><N who="0" m="39999" /><D115/><U92/><E62/><V53/><REACH who="2" step="1"/><F27/><REACH who="2" ten="350,166,140,334" step="2"/><W83/><G67/><T129/><D15/><U94/><E60/><V51/><F51/><W85/><REACH who="3" step="1"/><G10/><REACH who="3" ten="350,166,140,324" step="2"/><T80/><D129/><AGARI ba="0,2" hai="37,38,52,53,76,78,90,91,96,98,116,119,129,130" machi="129" ten="25,9600,0" yaku="1,1,22,2,54,1,53,0" doraHai="110" doraHaiUra="131" who="2" fromWho="0" sc="350,-96,166,0,140,116,324,0" /><INIT seed="2,1,0,3,4,99" ten="254,166,256,324" oya="2" hai0="6,118,106,16,103,127,10,132,124,52,77,93,82" hai1="40,96,30,47,48,1,36,23,41,37,88,61,27" hai2="78,32,68,79,109,107,65,26,126,54,111,25,42" hai3="119,12,80,86,102,69,49,51,39,35,130,128,104"/><V0/><F0/><W75/><G39/><T92/><D118/><U85/><E1/><V97/><F42/><W84/><G35/><T110/><D110/><N who="2" m="41994" /><F54/><W55/><G69/><T33/><D33/><U71/><E41/><V94/><F107/><W28/><G28/><T8/><D132/><U121/><E121/><V115/><F115/><W24/><G24/><N who="2" m="9321" /><F32/><W9/><G119/><T53/><D106/><U38/><E71/><V5/><F5/><W113/><G113/><T81/><D6/><U122/><E122/><V46/><F46/><W95/><G104/><T29/><D53/><U63/><REACH who="1" step="1"/><E96/><REACH who="1" ten="254,156,256,324" step="2"/><V131/><F131/><W45/><G130/><T21/><D127/><U20/><E20/><V67/><F126/><W100/><G128/><T11/><D124/><U120/><E120/><V19/><F68/><W56/><G75/><T70/><D70/><U50/><E50/><V59/><F19/><N who="3" m="8591" /><G49/><T112/><D16/><U117/><E117/><V123/><F123/><W58/><G58/><T105/><D112/><U87/><E87/><V73/><F59/><W4/><G4/><T64/><D29/><U18/><E18/><V17/><F17/><W22/><G22/><T62/><D21/><U57/><E57/><V14/><F73/><W74/><G74/><T108/><D108/><U44/><E44/><V31/><F31/><W101/><G56/><T13/><D8/><U98/><E98/><V116/><F116/><W114/><G114/><T2/><D10/><U134/><E134/><V91/><F14/><W133/><G133/><T89/><D2/><U76/><E76/><AGARI ba="1,1" hai="65,67,76,78,79,91,94,97" m="9321,41994" machi="76" ten="30,5800,0" yaku="6,1,14,1,10,1" doraHai="99" who="2" fromWho="1" sc="254,0,156,-61,256,71,324,0" /><INIT seed="2,2,0,4,0,89" ten="254,95,327,324" oya="2" hai0="109,23,61,83,125,58,56,82,118,129,18,46,60" hai1="9,132,79,130,97,112,87,100,121,25,110,73,52" hai2="67,115,3,19,119,62,134,36,69,51,65,47,0" hai3="2,28,99,54,120,45,102,111,133,37,13,32,15"/><V131/><F119/><W10/><G120/><T76/><D118/><U106/><E112/><V66/><F115/><W114/><G114/><T75/><D109/><U68/><E68/><V14/><F134/><W113/><G113/><T22/><D125/><U86/><E132/><V78/><F78/><W135/><G111/><T103/><D129/><U17/><E110/><V1/><F131/><W48/><G37/><T71/><D71/><U116/><E130/><V92/><F36/><W50/><G2/><T94/><D46/><U96/><E116/><V6/><F6/><W44/><G28/><T43/><D43/><U41/><E121/><V74/><F74/><W42/><G15/><T38/><D38/><U34/><E41/><V16/><F19/><W85/><G85/><T24/><D83/><U123/><E123/><V127/><F127/><W108/><G32/><T49/><D23/><U88/><E97/><V104/><F104/><W128/><G128/><T107/><D107/><U33/><E73/><V7/><F7/><W4/><REACH who="3" step="1"/><G108/><REACH who="3" ten="254,95,327,314" step="2"/><T105/><D75/><U90/><E79/><V70/><F0/><W126/><G126/><T64/><D76/><U122/><E122/><V98/><F1/><W80/><G80/><T35/><D82/><U124/><E124/><V39/><F3/><W12/><G12/><T93/><D35/><U59/><E87/><V30/><F30/><W117/><G117/><T21/><D24/><U101/><E101/><N who="2" m="60615" /><F39/><W27/><G27/><T72/><D72/><U40/><E86/><V31/><F31/><W77/><G77/><T11/><D103/><RYUUKYOKU ba="2,1" sc="254,-10,95,-10,327,-10,314,30" hai3="4,10,13,42,44,45,48,50,54,99,102,133,135" /><INIT seed="3,3,1,4,3,65" ten="244,85,317,344" oya="3" hai0="120,134,54,25,58,47,115,87,85,48,114,124,93" hai1="20,96,39,30,50,60,130,118,132,81,90,22,94" hai2="26,73,57,103,128,21,67,82,68,34,9,59,46" hai3="119,76,15,131,38,104,62,75,8,51,3,31,111"/><W56/><G38/><T37/><D120/><U101/><E39/><V83/><F128/><W100/><G3/><T74/><D74/><U112/><E130/><V13/><F103/><W53/><G119/><T113/><D124/><U105/><E118/><V6/><F46/><W17/><G111/><T18/><D134/><U116/><E132/><V125/><F34/><W135/><G135/><T16/><D93/><U99/><E116/><V95/><F125/><W23/><G104/><T49/><D37/><U121/><E112/><V64/><F95/><W10/><G100/><T32/><D32/><U69/><E121/><V63/><F73/><W52/><G131/><T36/><D36/><U123/><E123/><V89/><F89/><W28/><G76/><T88/><D25/><U109/><E109/><V108/><F108/><W24/><G75/><T78/><D78/><U41/><E81/><N who="2" m="30731" /><F68/><W117/><G117/><T2/><D2/><U110/><E110/><V27/><F21/><N who="3" m="15375" /><G31/><T1/><D1/><U107/><E107/><V14/><F14/><W0/><G0/><T19/><REACH who="0" step="1"/><D88/><REACH who="0" ten="234,85,317,344" step="2"/><U91/><E91/><V70/><F70/><W61/><G61/><AGARI ba="3,2" hai="6,9,13,26,27,57,59,61,63,64,67" m="30731" machi="61" ten="30,1000,0" yaku="8,1" doraHai="65" who="2" fromWho="3" sc="234,0,85,0,317,39,344,-19" owari="234,-16.6,85,-41.5,356,45.6,325,12.5" /></mjloggm>