<mjloggm ver="2.3"><GO type="225" lobby="0"/><UN n0="%E3%81%97%E3%82%93%E3%81%97%E3%82%93%E3%81%97%E3%82%93" n1="%E4%B8%96%E7%95%8C%E3%81%AE%E4%BA%80%E4%BA%95" n2="%E5%AF%82%E5%AF%9E%E3%82%AE%E3%83%8D%E3%82%B9%E3%83%93%E3%83%BC%E3%83%AB" n3="%E6%97%A5%E6%9B%9C%E6%97%A5%E3%82%88%E3%82%8A%E3%81%AE%E4%BD%BF%E8%80%85" dan="16,17,16,18" rate="2084.71,2202.70,2126.13,2141.77" sx="F,M,M,M"/><TAIKYOKU oya="0"/><INIT seed="0,0,0,3,0,55" ten="250,250,250,250" oya="0" hai0="99,133,130,73,118,0,53,64,135,14,48,16,84" hai1="21,98,87,20,113,1,26,49,25,18,103,70,80" hai2="40,85,71,5,69,15,112,96,50,101,81,23,35" hai3="91,104,42,33,32,30,131,117,92,13,39,79,132"/><T134/><D73/><U19/><E70/><V24/><F112/><W27/><G117/><T60/><D118/><U3/><E113/><V66/><F35/><W102/><G131/><T82/><D0/><U100/><E49/><V105/><F66/><W89/><G132/><T10/><D99/><U56/><E103/><V59/><F15/><W111/><G111/><T46/><D130/><U12/><E12/><V90/><F5/><W125/><G125/><T108/><D108/><U67/><E67/><V122/><F122/><W74/><G42/><T124/><D124/><U77/><REACH who="1" step="1"/><E56/><REACH who="1" ten="250,240,250,250" step="2"/><V61/><F61/><W114/><G13/><T121/><D121/><U7/><E7/><V38/><F38/><W2/><G39/><T93/><D93/><AGARI ba="0,1" hai="1,3,18,19,20,21,25,26,77,80,87,93,98,100" machi="93" ten="30,3900,0" yaku="1,1,7,1,9,1,53,0" doraHai="55" doraHaiUra="43" who="1" fromWho="0" sc="250,-39,240,49,250,0,250,0" /><INIT seed="1,0,0,3,2,12" ten="211,289,250,250" oya="1" hai0="119,44,13,115,90,111,83,30,16,6,85,27,38" hai1="128,4,124,86,25,20,57,71,10,72,62,109,104" hai2="42,106,8,120,133,100,117,50,69,91,82,74,129" hai3="37,58,41,51,123,87,45,1,48,40,70,15,108"/><U11/><E71/><V5/><F117/><W112/><G1/><T55/><D119/><U79/><E72/><V134/><F120/><W110/><G87/><T9/><D115/><U113/><E113/><V93/><F69/><W80/><G80/><T54/><D111/><N who="3" m="42537" /><G15/><T32/><D38/><U125/><E128/><V43/><F129/><W39/><G112/><T95/><D44/><U65/><E104/><V35/><F35/><W78/><G78/><T122/><D122/><U67/><E67/><V105/><F82/><W49/><G123/><T24/><D24/><U88/><E79/><V102/><F74/><W118/><G118/><T107/><D107/><U19/><E109/><V18/><F91/><W52/><G70/><T66/><D66/><U130/><E130/><V7/><F93/><W76/><G76/><T29/><D29/><U103/><E103/><V131/><F131/><W60/><G40/><T17/><REACH who="0" step="1"/><D83/><REACH who="0" ten="201,289,250,250" step="2"/><N who="1" m="49247" /><E4/><V89/><F7/><W33/><G33/><T26/><D26/><U64/><E64/><V94/><F5/><W36/><AGARI ba="0,1" hai="36,37,39,41,45,48,49,51,52,58,60" m="42537" machi="36" ten="40,8000,1" yaku="14,1,34,2,54,1" doraHai="12" who="3" fromWho="3" sc="201,-20,289,-40,250,-20,250,90" /><INIT seed="2,0,0,1,0,92" ten="181,249,230,340" oya="2" hai0="125,38,6,50,101,41,73,116,60,107,65,80,103" hai1="94,59,53,128,13,20,7,77,87,42,132,4,102" hai2="82,129,35,120,90,74,28,52,17,24,106,63,91" hai3="97,68,83,10,16,11,66,40,57,9,69,8,64"/><V121/><F129/><W22/><G40/><T98/><D125/><U36/><E132/><V29/><F106/><W54/><G83/><T123/><D123/><U95/><E128/><V31/><F35/><W100/><G69/><T2/><D103/><U110/><E42/><V61/><F74/><W93/><G68/><T117/><D50/><N who="1" m="31159" /><E110/><V67/><F67/><W89/><G100/><T33/><D33/><U18/><E36/><V79/><F79/><W55/><G8/><N who="0" m="2135" /><D60/><U78/><E78/><V109/><F109/><W19/><G55/><T56/><D56/><U43/><E43/><V30/><F30/><W84/><G84/><T108/><D65/><N who="3" m="25193" /><G22/><T124/><D124/><U49/><E49/><AGARI ba="0,0" hai="9,10,11,16,19,49,54,57,89,93,97" m="25193" machi="49" ten="30,3900,0" yaku="8,1,52,1,54,1" doraHai="92" who="3" fromWho="1" sc="181,0,249,-39,230,0,340,39" /><INIT seed="3,0,0,0,2,83" ten="181,210,230,379" oya="3" hai0="127,38,110,9,18,32,1,115,111,66,50,112,87" hai1="130,36,8,45,59,67,33,103,57,61,113,40,49" hai2="82,10,90,48,62,125,124,55,128,13,47,4,29" hai3="91,80,35,81,53,5,52,70,84,121,0,98,133"/><W20/><G20/><T56/><D38/><U100/><E113/><N who="0" m="43593" /><D32/><U99/><E130/><V126/><F128/><W41/><G53/><N who="0" m="31799" /><D66/><U102/><E33/><V7/><F29/><W79/><G91/><T76/><D127/><U64/><E8/><V42/><F62/><W31/><G98/><T129/><D129/><U77/><E77/><V75/><F90/><W25/><G81/><N who="0" m="47527" /><D18/><U69/><E67/><V123/><F126/><W54/><G54/><T131/><D131/><U71/><E57/><V46/><F55/><W37/><G52/><T132/><D132/><U23/><E36/><V85/><F125/><W73/><G37/><T6/><D1/><U94/><REACH who="1" step="1"/><E23/><REACH who="1" ten="181,200,230,379" step="2"/><V26/><F124/><W30/><G35/><T58/><D58/><U107/><E107/><V12/><F10/><W88/><G79/><T43/><D43/><U122/><E122/><V134/><F42/><W89/><G41/><T17/><D6/><U22/><E22/><V34/><F4/><W16/><G5/><T116/><D116/><U108/><E108/><V14/><F7/><W118/><G121/><T51/><D51/><U27/><E27/><V39/><F48/><W2/><G25/><T117/><D117/><U96/><E96/><V3/><F26/><W119/><G118/><T95/><D95/><U63/><E63/><V105/><F123/><W109/><G119/><T78/><D78/><U106/><E106/><V72/><F105/><W93/><G109/><T92/><D92/><U120/><E120/><V104/><F104/><W44/><G93/><T60/><D60/><U74/><E74/><RYUUKYOKU ba="0,1" sc="181,15,200,15,230,-15,379,-15" hai0="9,17,110,111" hai1="40,45,49,59,61,64,69,71,94,99,100,102,103" owari="196,-30.4,215,1.5,215,-18.5,374,47.4" /></mjloggm>