<mjloggm ver="2.3"><GO type="225" lobby="0"/><UN n0="%E3%81%9F%E3%81%A3%E3%81%A1%E3%82%87" n1="%6D%75%75%6D%75%72%61" n2="%E3%81%82%E3%81%99%E3%81%AB%E3%82%83%E3%82%80" n3="%E3%81%B7%E3%82%8A%E3%82%93%E8%81%96%E4%BA%BA" dan="16,17,16,16" rate="2083.86,2178.47,2073.98,2105.81" sx="M,F,F,M"/><TAIKYOKU oya="0"/><INIT seed="0,0,0,1,2,113" ten="250,250,250,250" oya="0" hai0="135,38,32,129,47,74,110,114,53,17,125,61,29" hai1="81,91,5,121,20,50,66,65,57,28,49,124,103" hai2="71,87,134,104,46,90,107,35,111,1,127,9,16" hai3="92,126,122,120,93,100,68,99,37,133,51,64,45"/><T3/><RYUUKYOKU type="yao9" ba="0,0" sc="250,0,250,0,250,0,250,0" hai0="3,17,29,32,38,47,53,61,74,110,114,125,129,135" /><INIT seed="0,1,0,4,2,77" ten="250,250,250,250" oya="0" hai0="95,13,49,107,114,113,27,19,7,37,131,6,105" hai1="20,17,106,76,51,30,54,88,122,29,2,68,57" hai2="5,47,31,45,118,96,67,127,24,115,3,74,98" hai3="100,66,78,120,108,75,126,123,15,39,34,38,65"/><T116/><D116/><U109/><E122/><N who="3" m="46634" /><G34/><T83/><D37/><N who="3" m="13833" /><G100/><T102/><D131/><U101/><E109/><V103/><F74/><W93/><G108/><T124/><D124/><U128/><E68/><V40/><F127/><W28/><G28/><T35/><D49/><U129/><E2/><V55/><F115/><W130/><G126/><T73/><D95/><U119/><E76/><V61/><F118/><W46/><G46/><T60/><D60/><U23/><E119/><V59/><F3/><W79/><G79/><T11/><D102/><U133/><E133/><V90/><F5/><W112/><G112/><T64/><D105/><U44/><E44/><V50/><F103/><W63/><G93/><T110/><D107/><U10/><E29/><V84/><F45/><W22/><G22/><N who="0" m="11631" /><D6/><U81/><E101/><V62/><F62/><W91/><G91/><T53/><D110/><U43/><E106/><V25/><F40/><W8/><G63/><T80/><D113/><U94/><E43/><V21/><REACH who="2" step="1"/><F24/><REACH who="2" ten="250,250,240,250" step="2"/><W9/><G130/><T48/><D114/><U104/><E128/><V36/><F36/><W117/><G117/><T70/><D73/><U33/><E129/><V16/><F16/><N who="3" m="8295" /><G9/><T0/><D27/><U85/><E10/><V82/><AGARI ba="1,1" hai="21,25,31,47,50,55,59,61,67,82,84,90,96,98" machi="82" ten="20,12000,2" yaku="1,1,0,1,7,1,8,1,52,1,53,1" doraHai="77" doraHaiUra="26" who="2" fromWho="2" sc="250,-61,250,-31,240,133,250,-31" /><INIT seed="1,0,0,0,3,128" ten="189,219,373,219" oya="1" hai0="114,88,103,35,23,24,18,1,85,108,4,9,17" hai1="55,116,0,120,90,133,64,31,45,127,8,76,46" hai2="73,36,6,11,115,12,94,86,89,65,51,3,41" hai3="124,19,30,49,83,97,112,129,105,14,106,107,113"/><U100/><E116/><V56/><F73/><W2/><G2/><T28/><D114/><U13/><E120/><V81/><F115/><W54/><G30/><T74/><D74/><U27/><E0/><V130/><F130/><W77/><G129/><T102/><D108/><U61/><E127/><V92/><F36/><W68/><G68/><T67/><D67/><U135/><E76/><V48/><F3/><W58/><G124/><T71/><D71/><U5/><E90/><V121/><F121/><W59/><G58/><T82/><REACH who="0" step="1"/><D17/><REACH who="0" ten="179,219,373,219" step="2"/><U32/><E100/><V132/><F65/><W22/><REACH who="3" step="1"/><G97/><REACH who="3" ten="179,219,373,209" step="2"/><T40/><D40/><U109/><E109/><V62/><F41/><W78/><G78/><T72/><D72/><AGARI ba="0,2" hai="14,19,22,49,54,59,72,77,83,105,106,107,112,113" machi="72" ten="40,8000,1" yaku="1,1,53,3" doraHai="128" doraHaiUra="101" who="3" fromWho="0" sc="179,-80,219,0,373,0,209,100" /><INIT seed="2,0,0,5,1,66" ten="99,219,373,309" oya="2" hai0="87,30,113,126,61,105,97,13,9,94,14,70,133" hai1="96,88,135,77,4,40,21,92,31,27,25,18,44" hai2="69,63,26,15,52,104,36,132,106,123,68,6,121" hai3="122,109,117,112,35,65,59,55,103,80,22,89,124"/><V53/><F36/><W28/><G35/><T11/><D113/><U41/><E135/><V110/><F132/><W50/><G122/><T111/><D133/><U79/><E4/><V38/><F38/><W84/><G117/><T118/><D118/><U72/><E72/><V48/><F26/><W3/><G3/><T131/><D30/><U130/><E130/><V42/><F42/><W43/><G43/><T12/><D131/><U83/><E83/><V34/><F34/><W99/><G112/><T47/><D126/><U98/><E98/><V95/><F95/><W10/><G65/><T5/><D111/><U120/><E120/><V115/><F115/><W39/><G39/><T101/><D47/><U119/><E119/><V46/><F110/><W33/><G33/><T8/><D5/><U56/><E56/><N who="2" m="35207" /><F6/><W107/><G124/><T45/><D45/><U24/><E41/><N who="2" m="24655" /><F15/><W16/><G28/><T29/><D29/><U20/><REACH who="1" step="1"/><E25/><REACH who="1" ten="99,209,373,309" step="2"/><V74/><F74/><W129/><G129/><T78/><D105/><U128/><E128/><V7/><F7/><W1/><G109/><T127/><D127/><U57/><E57/><V116/><F104/><W64/><G1/><T19/><D78/><U0/><E0/><V81/><F106/><W73/><G73/><T75/><D75/><U51/><AGARI ba="0,1" hai="18,20,21,24,27,31,40,44,51,77,79,88,92,96" machi="51" ten="20,8000,1" yaku="1,1,0,1,7,1,8,1,54,1,53,0" doraHai="66" doraHaiUra="125" who="1" fromWho="1" sc="99,-20,209,90,373,-40,309,-20" /><INIT seed="3,0,0,0,2,49" ten="79,299,333,289" oya="3" hai0="15,2,108,83,131,11,127,85,86,91,39,62,24" hai1="80,73,109,9,120,97,42,64,60,45,77,81,12" hai2="51,135,113,76,95,67,117,124,54,123,33,103,119" hai3="40,133,90,0,102,22,31,126,36,29,44,98,106"/><W20/><G0/><T93/><D39/><U52/><E120/><V105/><F33/><W92/><G133/><T69/><D62/><U19/><E109/><V99/><F113/><W5/><G5/><T130/><D69/><U41/><E97/><V53/><F135/><W25/><G126/><T79/><D24/><U59/><E80/><V111/><F111/><W82/><G82/><T122/><D15/><U87/><E73/><V58/><F124/><W38/><G38/><T65/><D11/><U8/><E8/><V89/><F123/><W70/><G70/><T112/><D65/><U34/><E34/><V4/><F67/><W61/><G61/><T1/><D122/><U71/><E45/><V55/><F76/><W21/><REACH who="3" step="1"/><G31/><REACH who="3" ten="79,299,333,279" step="2"/><T66/><D108/><U78/><E77/><V16/><F4/><W63/><G63/><AGARI ba="0,1" hai="9,12,19,41,42,52,59,60,63,64,71,78,81,87" machi="63" ten="30,3900,0" yaku="7,1,52,1,54,1" doraHai="49" who="1" fromWho="3" sc="79,0,299,49,333,0,279,-39" owari="79,-42.1,348,44.8,333,13.3,240,-16.0" /></mjloggm>