<mjloggm ver="2.3"><GO type="225" lobby="0"/><UN n0="%6D%75%75%6D%75%72%61" n1="%E3%81%AF%E3%82%88%E3%81%8A%E3%81%98%E3%81%95%E3%82%93" n2="%E3%81%8A%E3%81%8B%E3%81%8F%E3%82%89" n3="%E3%81%BA%E3%82%93%E3%81%A1%E3%83%BC%E3%81%B4%E3%82%93%E3%81%A4%E3%82%82" dan="17,16,17,17" rate="2169.37,2154.28,2116.50,2209.27" sx="F,M,M,F"/><TAIKYOKU oya="0"/><INIT seed="0,0,0,5,3,25" ten="250,250,250,250" oya="0" hai0="101,96,113,80,112,116,122,92,134,54,47,35,38" hai1="44,83,22,129,75,37,79,3,64,53,91,108,61" hai2="34,100,36,97,27,30,18,118,111,76,17,70,57" hai3="24,81,23,105,128,90,107,49,89,62,8,48,29"/><T45/><D116/><U13/><E3/><V95/><F36/><W121/><G121/><T130/><D122/><U125/><E108/><V85/><F111/><W67/><G128/><T74/><D130/><U133/><E129/><V33/><F33/><W52/><G8/><T84/><D74/><U5/><E125/><V73/><F70/><W103/><G48/><T19/><D134/><U58/><E133/><V20/><F118/><W40/><G40/><T60/><D35/><U11/><E22/><V87/><F57/><W119/><G119/><T14/><D38/><U77/><E77/><V127/><F127/><W66/><G66/><T115/><D60/><U124/><E124/><V109/><F109/><W135/><G135/><T43/><D43/><U131/><E131/><V15/><REACH who="2" step="1"/><F17/><REACH who="2" ten="250,250,240,250" step="2"/><W132/><G132/><T110/><D110/><U6/><E58/><V26/><F26/><W86/><G24/><T59/><D115/><U42/><E64/><V123/><F123/><W98/><G67/><T0/><D113/><U28/><E37/><V7/><F7/><W69/><G69/><T39/><D39/><N who="1" m="21599" /><E5/><V102/><F102/><W16/><G103/><T56/><D56/><N who="1" m="34959" /><E28/><V12/><F12/><W51/><G29/><T104/><D112/><U41/><E13/><V31/><F31/><W10/><G62/><N who="0" m="36215" /><D0/><U65/><E65/><V50/><F50/><W4/><G51/><T68/><D68/><U78/><E6/><V126/><F126/><W120/><G120/><T88/><D104/><U117/><E117/><V63/><F63/><W93/><G105/><T2/><D2/><RYUUKYOKU ba="0,1" sc="250,15,250,-15,240,15,250,-15" hai0="14,19,45,47,80,84,88,92,96,101" hai2="15,18,20,27,30,34,73,76,85,87,95,97,100" /><INIT seed="0,1,1,2,4,49" ten="265,235,255,235" oya="0" hai0="79,8,135,109,122,38,3,12,13,93,20,61,21" hai1="33,86,63,1,78,90,119,116,99,2,26,114,41" hai2="5,64,102,133,39,9,66,56,120,98,132,54,126" hai3="84,62,28,110,32,52,4,30,67,72,53,128,0"/><T85/><D122/><U107/><E114/><V87/><F39/><W60/><G72/><T113/><D113/><U103/><E78/><V19/><F19/><W124/><G110/><T111/><D38/><U6/><E41/><V22/><F22/><W71/><G128/><T25/><D135/><N who="2" m="51786" /><F87/><W16/><G124/><T91/><D3/><U44/><E44/><V23/><F23/><W40/><G40/><T123/><D123/><U75/><E75/><V69/><F69/><W51/><G16/><N who="0" m="10247" /><D79/><U95/><E63/><N who="2" m="36247" /><F126/><W43/><G84/><T130/><D130/><U11/><REACH who="1" step="1"/><E1/><REACH who="1" ten="265,225,255,235" step="2"/><N who="2" m="175" /><F120/><W115/><G115/><T92/><D111/><U77/><E77/><V104/><AGARI ba="1,2" hai="64,66,98,102,104" m="175,36247,51786" machi="104" ten="30,2000,0" yaku="20,1,52,1" doraHai="49" who="2" fromWho="2" sc="265,-11,225,-6,255,43,235,-6" /><INIT seed="1,0,0,1,5,23" ten="254,219,298,229" oya="1" hai0="16,107,98,53,6,70,30,64,72,17,57,65,10" hai1="97,105,134,88,34,2,45,19,0,120,133,49,80" hai2="38,67,124,79,18,90,25,47,20,36,35,91,5" hai3="99,44,115,61,58,52,102,4,129,114,62,86,39"/><U56/><E120/><V41/><F124/><W31/><G129/><T119/><D72/><U60/><E34/><V71/><F36/><W131/><G131/><T108/><D108/><U1/><E19/><V111/><F111/><W7/><G86/><T66/><D70/><U96/><E105/><V29/><F79/><W81/><G81/><T82/><D119/><U40/><E80/><V33/><F5/><W135/><G135/><N who="1" m="51722" /><E88/><V92/><F90/><W78/><G78/><T100/><D82/><U24/><E24/><V116/><F116/><W13/><G62/><T127/><D30/><U132/><N who="1" m="51730" /><U94/><DORA hai="117" /><E94/><V104/><F104/><W101/><G31/><T75/><D75/><U123/><E123/><V14/><F35/><W77/><G77/><T87/><D87/><U103/><E103/><V106/><F106/><W125/><G125/><T112/><D112/><U95/><E95/><V11/><F71/><W21/><G102/><T12/><REACH who="0" step="1"/><D127/><REACH who="0" ten="244,219,298,229" step="2"/><U68/><E68/><V130/><F130/><W74/><G74/><T3/><D3/><N who="1" m="771" /><U51/><DORA hai="37" /><E51/><AGARI ba="0,1" hai="6,10,12,16,17,51,53,57,64,65,66,98,100,107" machi="51" ten="40,8000,1" yaku="1,1,54,1,53,3" doraHai="23,117,37" doraHaiUra="109,42,63" who="0" fromWho="1" sc="244,90,219,-80,298,0,229,0" /><INIT seed="2,0,0,2,1,75" ten="334,139,298,229" oya="2" hai0="110,38,3,64,13,20,129,29,94,55,93,113,111" hai1="71,24,82,134,87,7,132,46,99,50,116,91,97" hai2="115,5,54,88,104,44,31,85,81,61,59,131,76" hai3="102,22,45,65,121,128,117,35,52,40,106,74,80"/><V2/><F115/><W127/><G121/><T48/><D113/><U26/><E116/><V43/><F104/><W15/><G35/><T47/><D3/><U98/><E71/><V57/><F131/><W23/><G117/><T86/><D129/><U100/><E7/><V105/><F105/><W42/><G65/><T133/><D133/><U25/><E132/><V92/><F31/><W79/><G128/><T108/><D38/><U36/><E36/><V103/><F103/><W51/><G127/><T119/><D119/><U14/><E134/><V118/><F59/><W73/><G73/><T72/><D72/><U58/><E58/><V123/><F118/><W1/><G1/><T8/><D64/><U34/><E34/><V62/><F5/><W122/><G122/><T83/><D20/><U109/><E109/><V32/><F32/><W53/><G53/><T28/><D28/><U63/><E63/><N who="2" m="36279" /><F2/><W77/><G77/><N who="0" m="46447" /><D29/><U96/><N who="1" m="24576" /><DORA hai="0" /><U101/><REACH who="1" step="1"/><E14/><REACH who="1" ten="334,129,298,229" step="2"/><V56/><F56/><W78/><G106/><T27/><D27/><U84/><E84/><V12/><F12/><W30/><G15/><T19/><AGARI ba="0,1" hai="8,13,19,47,48,55,93,94,108,110,111" m="46447" machi="19" ten="30,2000,0" yaku="14,1,52,1" doraHai="75,0" who="0" fromWho="0" sc="334,30,129,-5,298,-10,229,-5" /><INIT seed="3,0,0,1,1,118" ten="364,124,288,224" oya="3" hai0="10,111,47,61,92,54,48,77,94,7,8,128,20" hai1="93,43,4,18,121,87,133,52,88,86,120,98,49" hai2="90,63,34,19,69,100,21,32,30,99,131,39,115" hai3="31,127,37,112,15,38,56,109,103,106,35,134,11"/><W59/><G112/><T82/><D111/><U23/><E133/><V96/><F39/><W45/><G134/><T85/><D128/><U28/><E28/><V123/><F131/><W104/><G109/><T71/><D71/><U53/><E4/><V46/><F46/><W9/><G31/><T105/><D105/><U33/><E33/><V125/><F125/><W75/><G45/><T79/><D79/><U40/><E53/><V73/><F73/><W119/><G15/><N who="0" m="5535" /><D10/><U13/><E87/><V116/><F116/><W107/><G107/><T5/><D5/><U68/><E98/><V132/><F30/><W24/><G103/><T17/><D61/><U117/><E68/><V67/><F115/><W95/><G95/><T22/><D22/><U74/><E74/><V55/><F55/><W78/><G78/><T114/><D114/><U3/><E3/><V124/><F123/><N who="1" m="47177" /><E117/><V101/><F90/><W2/><G2/><T14/><AGARI ba="0,0" hai="14,17,20,47,48,54,77,82,85,92,94" m="5535" machi="14" ten="30,1100,0" yaku="8,1" doraHai="118" who="0" fromWho="0" sc="364,11,124,-3,288,-3,224,-5" owari="375,47.5,121,-37.9,285,8.5,219,-18.1" /></mjloggm>