<mjloggm ver="2.3"><GO type="225" lobby="0"/><UN n0="%E3%81%82%E3%81%99%E3%81%AB%E3%82%83%E3%82%80" n1="%6D%75%75%6D%75%72%61" n2="%72%61%6B%33" n3="%E8%81%B7%E6%A5%AD%E3%80%81%E9%A2%A8%32" dan="16,16,18,16" rate="2175.42,2192.39,2235.63,2150.38" sx="F,F,M,M"/><TAIKYOKU oya="0"/><INIT seed="0,0,0,4,3,13" ten="250,250,250,250" oya="0" hai0="86,0,32,11,30,22,91,10,31,101,118,14,42" hai1="82,12,50,117,5,87,106,40,57,96,129,39,62" hai2="124,130,102,90,104,2,58,110,122,79,93,94,111" hai3="89,54,35,116,107,125,21,25,83,55,3,103,36"/><T17/><D101/><U51/><E117/><V109/><F2/><W84/><G116/><T99/><D42/><U127/><E129/><V113/><F58/><W92/><G125/><T7/><D99/><U135/><E127/><V41/><F41/><W119/><G35/><T26/><D118/><U1/><E1/><V105/><F124/><W65/><G36/><T29/><REACH who="0" step="1"/><D32/><REACH who="0" ten="240,250,250,250" step="2"/><U114/><E96/><N who="2" m="59663" /><F130/><W80/><G119/><T88/><D88/><U126/><E126/><V97/><F113/><W73/><G103/><T45/><D45/><U121/><E114/><V98/><F122/><W43/><G43/><T115/><D115/><U85/><E121/><V16/><F97/><W60/><G107/><N who="2" m="41033" /><F79/><W108/><G89/><T49/><D49/><U68/><E39/><V23/><F98/><W9/><G92/><AGARI ba="0,1" hai="0,7,10,11,14,17,22,26,29,30,31,86,91,92" machi="92" ten="30,5800,0" yaku="1,1,7,1,52,1,53,0" doraHai="13" doraHaiUra="132" who="0" fromWho="3" sc="240,68,250,0,250,0,250,-58" /><INIT seed="0,1,0,5,0,31" ten="308,250,250,192" oya="0" hai0="124,71,127,27,58,93,128,88,2,75,118,11,87" hai1="115,32,109,9,56,129,113,110,126,97,17,25,30" hai2="26,15,10,34,84,46,36,121,103,116,73,125,28" hai3="4,106,43,96,94,62,35,14,60,16,92,47,61"/><T44/><D71/><U66/><E126/><N who="0" m="48169" /><D118/><U19/><E129/><V135/><F73/><W122/><G122/><T86/><D75/><U130/><E130/><V90/><F125/><W6/><G106/><T100/><D100/><U40/><E40/><V91/><F135/><W98/><G35/><T81/><D128/><U23/><E97/><V54/><F121/><W49/><G98/><T78/><D44/><U7/><E66/><V5/><F116/><W29/><G29/><T52/><D27/><N who="1" m="14831" /><E19/><V95/><F103/><W107/><G107/><T22/><D22/><U120/><E56/><V104/><F104/><W123/><G123/><T41/><D41/><U8/><E8/><V65/><F65/><W51/><G51/><N who="0" m="31007" /><D11/><U3/><E120/><V83/><F36/><W13/><G13/><T131/><D131/><U82/><E82/><V102/><F102/><W63/><N who="3" m="15360" /><DORA hai="38" /><W21/><REACH who="3" step="1"/><G94/><REACH who="3" ten="308,250,250,182" step="2"/><T50/><D50/><U117/><E117/><V89/><F95/><W112/><G112/><AGARI ba="1,1" hai="3,7,9,25,30,32,109,110,112,113,115" m="14831" machi="112" ten="30,7700,0" yaku="11,1,34,2,52,1" doraHai="31,38" who="1" fromWho="3" sc="308,0,250,90,250,0,182,-80" /><INIT seed="1,0,0,0,2,86" ten="308,340,250,102" oya="1" hai0="119,52,75,130,121,127,44,48,76,56,65,28,89" hai1="25,29,92,62,50,23,122,63,85,67,103,24,8" hai2="114,99,49,26,104,109,22,73,129,79,36,110,3" hai3="118,83,98,74,59,69,39,133,15,90,96,81,78"/><U27/><E122/><V60/><F36/><W34/><G69/><T71/><D121/><U20/><E8/><V42/><F3/><W97/><G39/><T40/><D119/><U117/><E117/><V6/><F6/><W112/><G34/><T131/><D28/><U100/><E50/><V45/><F129/><N who="0" m="49162" /><D76/><U93/><E29/><V54/><F114/><W82/><G118/><T46/><D75/><U5/><E5/><V124/><F124/><W94/><G59/><T68/><D127/><U41/><E41/><V126/><F126/><W4/><G112/><T35/><D35/><U51/><E51/><V55/><F104/><W91/><G15/><T31/><D31/><U115/><E115/><V128/><F128/><W111/><G4/><T38/><D89/><N who="3" m="33801" /><G111/><T32/><D32/><U66/><E27/><V2/><F26/><W0/><G0/><T37/><D37/><U134/><REACH who="1" step="1"/><E85/><REACH who="1" ten="308,330,250,102" step="2"/><V53/><F110/><W57/><G133/><AGARI ba="0,1" hai="20,23,24,25,62,63,66,67,92,93,100,103,133,134" machi="133" ten="25,18000,2" yaku="1,1,2,1,22,2,53,2" doraHai="86" doraHaiUra="21" who="1" fromWho="3" sc="308,0,330,190,250,0,102,-180" owari="308,10.8,520,62.0,250,-15.0,-78,-57.8" /></mjloggm>