<mjloggm ver="2.3"><GO type="225" lobby="0"/><UN n0="%6D%75%75%6D%75%72%61" n1="%E3%81%99%E3%81%84%E3%81%BE%E3%81%9B%E3%83%BC%E3%82%93" n2="%E6%9A%87%E4%BA%BA%EF%BC%A0%E9%85%8D%E4%BF%A1%E5%9E%A2" n3="%4C%4F%4C%49%54%41" dan="17,16,17,16" rate="2189.48,2180.99,2172.23,2137.39" sx="F,M,F,F"/><TAIKYOKU oya="0"/><INIT seed="0,0,0,3,2,114" ten="250,250,250,250" oya="0" hai0="103,57,49,116,111,37,131,130,86,95,11,66,115" hai1="108,69,51,1,19,2,132,98,104,78,92,113,7" hai2="36,109,125,134,45,39,5,135,72,32,8,34,47" hai3="75,81,30,15,24,89,56,106,54,129,71,23,46"/><T120/><D115/><U13/><E104/><V20/><F72/><W61/><G106/><T42/><D120/><U80/><E69/><V21/><F8/><W88/><G129/><N who="0" m="49163" /><D37/><N who="2" m="14410" /><F5/><W48/><G71/><T27/><D116/><U22/><E113/><V100/><F100/><W102/><G102/><T74/><D74/><U17/><E132/><N who="2" m="50731" /><F109/><W76/><REACH who="3" step="1"/><G15/><REACH who="3" ten="250,250,250,240" step="2"/><T121/><D103/><U63/><E13/><V90/><F125/><W25/><G25/><T35/><D27/><U123/><E108/><V126/><F126/><W4/><G4/><T77/><D111/><U87/><E7/><V68/><F68/><W26/><G26/><T58/><D121/><U97/><E123/><V31/><F31/><W55/><AGARI ba="0,1" hai="23,24,30,46,48,54,55,56,61,75,76,81,88,89" machi="55" ten="20,5200,0" yaku="1,1,0,1,7,1,54,1,53,0" doraHai="114" doraHaiUra="91" who="3" fromWho="3" sc="250,-26,250,-13,250,-13,240,62" /><INIT seed="1,0,0,5,1,45" ten="224,237,237,302" oya="1" hai0="120,105,81,39,134,58,41,110,87,99,20,92,123" hai1="100,104,40,127,115,46,57,32,23,38,91,48,27" hai2="124,43,8,63,108,101,83,130,122,121,52,64,35" hai3="111,118,102,74,113,97,94,131,116,89,103,79,44"/><U88/><E115/><V132/><F35/><W51/><G113/><T78/><D105/><U73/><E127/><V109/><F124/><W95/><G111/><N who="2" m="42569" /><F132/><W93/><G131/><T13/><D110/><U53/><E73/><V70/><F130/><W76/><G94/><T4/><D134/><U30/><REACH who="1" step="1"/><E32/><REACH who="1" ten="224,227,237,302" step="2"/><V67/><F121/><W12/><G74/><T135/><D135/><U26/><E26/><V71/><F122/><W31/><G118/><T128/><D128/><U85/><E85/><V55/><F71/><W117/><G116/><T68/><D68/><U6/><E6/><V1/><F70/><W3/><G117/><T65/><D123/><U21/><E21/><V25/><F25/><W17/><G97/><AGARI ba="0,1" hai="23,27,30,38,40,46,48,53,57,88,91,97,100,104" machi="97" ten="40,7700,0" yaku="1,1,52,1,54,1,53,0" doraHai="45" doraHaiUra="9" who="1" fromWho="3" sc="224,0,227,87,237,0,302,-77" /><INIT seed="1,1,0,2,1,3" ten="224,314,237,225" oya="1" hai0="65,68,10,32,28,6,29,49,100,70,93,104,80" hai1="25,91,132,72,55,41,21,45,79,2,50,135,119" hai2="94,54,92,1,84,109,13,14,130,17,87,39,103" hai3="23,115,89,44,133,107,63,57,9,83,129,60,38"/><U75/><E119/><V43/><F1/><W11/><G115/><T124/><D104/><U18/><E2/><V95/><F109/><W71/><G107/><T59/><D124/><U134/><E79/><V66/><F130/><W113/><G113/><T88/><D100/><U12/><E91/><V108/><F108/><W58/><G71/><T27/><D29/><U16/><REACH who="1" step="1"/><E41/><REACH who="1" ten="224,304,237,225" step="2"/><V105/><F43/><W106/><G89/><T90/><D90/><U26/><E26/><V56/><F103/><W118/><G118/><T8/><D80/><U85/><E85/><V42/><F84/><W128/><G83/><T36/><D88/><U7/><E7/><V81/><F87/><W123/><G129/><T0/><D0/><U112/><E112/><V82/><F82/><W61/><G128/><T40/><D6/><U102/><E102/><V34/><F81/><W33/><G123/><T69/><D40/><U96/><E96/><V110/><F110/><W19/><G133/><T101/><D101/><U117/><E117/><V20/><F42/><W5/><G5/><T22/><D93/><U52/><E52/><V73/><F105/><W125/><G106/><T48/><D36/><U120/><E120/><V122/><F39/><W62/><G38/><T116/><D116/><U31/><E31/><V24/><F122/><W67/><G125/><T126/><D126/><U37/><E37/><V4/><F4/><W53/><G53/><T131/><D131/><U98/><E98/><V35/><F54/><W76/><G76/><T64/><D28/><U114/><E114/><V78/><F78/><RYUUKYOKU ba="1,1" sc="224,-10,304,30,237,-10,225,-10" hai1="12,16,18,21,25,45,50,55,72,75,132,134,135" /><INIT seed="1,2,1,1,0,23" ten="214,334,227,215" oya="1" hai0="115,35,109,69,42,74,84,46,29,113,2,114,122" hai1="125,64,32,96,55,83,70,39,61,38,128,65,41" hai2="45,91,102,43,47,56,53,116,63,49,75,86,7" hai3="50,15,20,132,135,129,40,117,18,66,105,54,57"/><U31/><E125/><V118/><F75/><W12/><G105/><T92/><D74/><U80/><E128/><V60/><F102/><W112/><G112/><T62/><D109/><U77/><E65/><V93/><F7/><W79/><G129/><T87/><D2/><U126/><E126/><V89/><F63/><W19/><G117/><T99/><D122/><U130/><E130/><V34/><F34/><W21/><G79/><T17/><D69/><U133/><E133/><N who="3" m="51274" /><G66/><T108/><D108/><U58/><E96/><V28/><F28/><W14/><G40/><T5/><D5/><U52/><E55/><V120/><F120/><W98/><G98/><T68/><D17/><AGARI ba="2,1" hai="12,14,15,17,18,19,20,21,50,54,57" m="51274" machi="17" ten="30,1000,0" yaku="20,1" doraHai="23" who="3" fromWho="0" sc="214,-16,334,0,227,0,215,26" /><INIT seed="2,0,0,4,1,99" ten="198,334,227,241" oya="2" hai0="60,126,72,55,89,75,14,114,129,118,112,70,79" hai1="130,43,87,103,32,54,38,135,52,1,47,26,61" hai2="134,88,23,82,13,12,105,83,100,5,120,48,0" hai3="28,57,39,113,107,16,131,101,117,3,51,64,92"/><V58/><F120/><W68/><G117/><T80/><D118/><U96/><E1/><V104/><F0/><W50/><G39/><T53/><D129/><U78/><E130/><V9/><F134/><W74/><G74/><T29/><D126/><U97/><E135/><V124/><F124/><W110/><G131/><T125/><D125/><U132/><E97/><V8/><F23/><W11/><G107/><T119/><D119/><U24/><E132/><V42/><F100/><W2/><G68/><T73/><D89/><U7/><E7/><V123/><F123/><W34/><G2/><T127/><D127/><U25/><E32/><V111/><F111/><W77/><G77/><T20/><D75/><U6/><E6/><V90/><F5/><W106/><G106/><T109/><D73/><U95/><E61/><V40/><REACH who="2" step="1"/><F58/><REACH who="2" ten="198,334,217,241" step="2"/><W22/><G57/><T128/><D109/><U69/><E69/><V30/><F30/><W102/><G28/><T67/><D128/><U94/><E103/><V62/><F62/><W93/><G110/><T15/><D29/><U4/><E4/><V108/><F108/><W21/><G102/><T31/><D31/><U17/><E17/><V86/><F86/><W45/><G101/><T76/><D20/><U27/><E87/><V44/><F44/><W121/><G121/><T33/><D33/><U49/><E47/><V10/><F10/><W116/><G34/><T65/><D60/><U59/><E59/><V85/><F85/><W133/><G116/><T19/><D72/><U115/><E96/><V36/><F36/><W71/><G133/><RYUUKYOKU ba="0,1" sc="198,-10,334,-10,217,30,241,-10" hai2="8,9,12,13,40,42,48,82,83,88,90,104,105" /><INIT seed="2,1,1,4,1,80" ten="188,324,247,231" oya="2" hai0="130,92,26,128,129,51,35,5,91,70,18,111,8" hai1="3,119,13,24,110,108,20,79,43,115,49,2,126" hai2="88,90,123,39,21,14,7,69,118,62,99,61,121" hai3="33,57,1,76,66,55,53,25,59,19,117,63,71"/><V4/><F39/><W120/><G1/><T135/><D70/><U60/><E115/><V31/><F118/><W94/><G117/><T95/><D111/><N who="1" m="42539" /><E119/><V125/><F125/><W105/><G105/><T98/><D135/><U122/><E126/><V34/><F34/><W83/><G120/><T107/><D107/><U72/><E122/><V109/><F109/><W9/><G33/><T116/><D116/><U87/><E72/><V96/><F69/><W15/><G94/><N who="0" m="56671" /><D51/><U58/><E13/><V78/><F14/><W97/><G97/><T106/><D106/><U42/><E49/><V112/><F21/><W23/><G59/><T64/><D64/><U127/><E127/><V102/><F31/><W44/><G44/><T134/><D134/><U12/><E12/><V113/><REACH who="2" step="1"/><F78/><REACH who="2" ten="188,324,237,231" step="2"/><W38/><G38/><T65/><D35/><U81/><E2/><V54/><F54/><W28/><REACH who="3" step="1"/><G71/><REACH who="3" ten="188,324,237,221" step="2"/><T100/><D130/><U6/><E3/><V86/><F86/><AGARI ba="1,3" hai="9,15,19,23,25,28,53,55,57,63,66,76,83,86" machi="86" ten="30,8000,1" yaku="1,1,2,1,7,1,8,1,52,1,53,0" doraHai="80" doraHaiUra="131" who="3" fromWho="2" sc="188,0,324,0,237,-83,221,113" /><INIT seed="3,0,0,4,3,110" ten="188,324,154,334" oya="3" hai0="21,46,125,5,69,82,120,93,94,41,42,36,107" hai1="130,34,14,63,86,102,114,89,53,45,115,18,7" hai2="104,15,55,31,87,8,98,80,19,39,124,79,108" hai3="75,43,70,78,96,11,65,133,129,95,27,135,9"/><W13/><G129/><T97/><D120/><U47/><E34/><V12/><F124/><W121/><G121/><T117/><D117/><U81/><E130/><V76/><F108/><W16/><G43/><T118/><D118/><U72/><E72/><V119/><F119/><W127/><G127/><T103/><D69/><U48/><E7/><V32/><F39/><W128/><G128/><T88/><D125/><U111/><E111/><V25/><F55/><W35/><G78/><T68/><D68/><U24/><E24/><V4/><F104/><W85/><G75/><T6/><D42/><U112/><E63/><V1/><F15/><W73/><G85/><T99/><D82/><U30/><E102/><V113/><F98/><W105/><G73/><T26/><D107/><U28/><REACH who="1" step="1"/><E47/><REACH who="1" ten="188,314,154,334" step="2"/><V40/><F40/><W57/><G70/><T44/><D46/><U51/><E51/><V17/><F17/><AGARI ba="0,1" hai="5,6,17,21,26,36,41,44,88,93,94,97,99,103" machi="17" ten="30,2000,0" yaku="7,1,54,1" doraHai="110" who="0" fromWho="2" sc="188,30,314,0,154,-20,334,0" owari="218,-18.2,314,11.4,134,-36.6,334,43.4" /></mjloggm>