<mjloggm ver="2.3"><GO type="225" lobby="0"/><UN n0="%72%61%6B%33" n1="%E3%81%B5%E3%81%98%E3%81%8B%E3%81%A4" n2="%72%69%6F%75%63%68%61%6E" n3="%E3%81%BF%E3%81%BF%E3%81%9A" dan="16,16,16,17" rate="2103.41,2220.93,2117.96,2252.72" sx="M,M,M,M"/><TAIKYOKU oya="0"/><INIT seed="0,0,0,1,5,91" ten="250,250,250,250" oya="0" hai0="46,38,101,62,104,47,88,23,58,42,122,32,18" hai1="13,33,53,17,27,131,77,3,57,19,34,48,66" hai2="132,72,100,4,99,56,89,70,24,15,60,90,96" hai3="114,93,52,37,45,95,5,126,103,74,41,16,97"/><T67/><D32/><U112/><E131/><V110/><F110/><W40/><G114/><T76/><D122/><U25/><E112/><V127/><F127/><W6/><G126/><T75/><D47/><U130/><E130/><V22/><F132/><W59/><G74/><T134/><D134/><U94/><E3/><V51/><F72/><W71/><G71/><T28/><D28/><U36/><E36/><V65/><F99/><W86/><G41/><T123/><D123/><U113/><E113/><V133/><F133/><W115/><G115/><T92/><D104/><U81/><E66/><V55/><F15/><W120/><G120/><T82/><D101/><U109/><E109/><V85/><F4/><W35/><G35/><T107/><D107/><U129/><E129/><V20/><F85/><W117/><G117/><T9/><D9/><U39/><E39/><V21/><REACH who="2" step="1"/><F24/><REACH who="2" ten="250,250,240,250" step="2"/><W61/><REACH who="3" step="1"/><G16/><REACH who="3" ten="250,250,240,240" step="2"/><T63/><D18/><U98/><E19/><V54/><F54/><W0/><G0/><T124/><D124/><U135/><E135/><V121/><F121/><W87/><G87/><T30/><D75/><U10/><E34/><V2/><F2/><W116/><G116/><T8/><D42/><U105/><E33/><V125/><F125/><W29/><G29/><T78/><D30/><U26/><E26/><V7/><F7/><W79/><G79/><T43/><D78/><U64/><E77/><V106/><AGARI ba="0,2" hai="20,21,22,51,55,56,60,65,70,89,90,96,100,106" machi="106" ten="30,2000,0" yaku="1,1,0,1,53,0" doraHai="91" doraHaiUra="14" who="2" fromWho="2" sc="250,-10,250,-5,240,40,240,-5" /><INIT seed="1,0,0,4,2,121" ten="240,245,280,235" oya="1" hai0="115,28,99,39,78,94,45,68,118,132,131,33,24" hai1="0,13,65,56,111,117,67,30,64,53,37,69,22" hai2="112,87,66,88,46,74,128,10,126,93,3,50,130" hai3="62,76,85,35,29,12,83,47,86,72,71,95,61"/><U54/><E117/><V20/><F126/><W63/><G71/><T107/><D118/><U92/><E0/><V34/><F34/><W36/><G12/><T98/><D115/><U51/><E37/><V41/><F112/><W75/><G36/><T17/><D131/><U73/><E73/><V15/><F74/><W120/><G47/><T105/><D132/><U135/><E135/><V6/><REACH who="2" step="1"/><F66/><REACH who="2" ten="240,245,270,235" step="2"/><W89/><REACH who="3" step="1"/><G120/><REACH who="3" ten="240,245,270,225" step="2"/><T52/><D39/><U96/><E69/><V42/><F42/><W18/><G18/><AGARI ba="0,2" hai="3,6,10,15,18,20,41,46,50,87,88,93,128,130" machi="18" ten="40,5200,0" yaku="1,1,54,1,53,1" doraHai="121" doraHaiUra="91" who="2" fromWho="3" sc="240,0,245,0,270,72,225,-52" /><INIT seed="2,0,0,5,1,94" ten="240,245,342,173" oya="2" hai0="49,36,3,82,40,105,65,88,53,95,119,23,75" hai1="118,133,127,117,81,124,116,86,132,131,78,80,2" hai2="91,123,129,20,135,39,22,100,106,102,17,31,128" hai3="60,96,83,5,120,87,13,26,98,107,9,4,74"/><V85/><F123/><W34/><G120/><T27/><D119/><U67/><E2/><V77/><F39/><W126/><G74/><T99/><D3/><U15/><E67/><V57/><F135/><N who="1" m="51785" /><E15/><V24/><F77/><W42/><G107/><T121/><D121/><U58/><E58/><V134/><F134/><W1/><G126/><N who="1" m="48170" /><E81/><N who="2" m="49583" /><F106/><W10/><G60/><T104/><D65/><U70/><E70/><V14/><F57/><W115/><G115/><T19/><D40/><U7/><E7/><V52/><F52/><W110/><G110/><T6/><D6/><U66/><E66/><V38/><F38/><W84/><G42/><T101/><D36/><U11/><E11/><V112/><F112/><W103/><G103/><T73/><D82/><U79/><E79/><V37/><F37/><W32/><G84/><T48/><D48/><U33/><E33/><V108/><F108/><W50/><G50/><T8/><D8/><U54/><E54/><V29/><F31/><W12/><G1/><T41/><D41/><U62/><E62/><V122/><F122/><W0/><G0/><T63/><D63/><U109/><E109/><V35/><F35/><W61/><G61/><T18/><D105/><U93/><E93/><V111/><F111/><W125/><G125/><T47/><D18/><U64/><E64/><V130/><AGARI ba="0,0" hai="14,17,20,22,24,29,100,102,128,129,130" m="49583" machi="130" ten="30,1500,0" yaku="19,1" doraHai="94" who="2" fromWho="2" sc="240,-5,245,-5,342,15,173,-5" /><INIT seed="2,1,0,0,1,108" ten="235,240,357,168" oya="2" hai0="66,94,10,50,33,49,61,41,95,14,96,15,123" hai1="43,114,65,85,118,39,46,54,29,82,55,128,119" hai2="4,38,44,72,133,101,7,105,99,106,81,56,117" hai3="69,9,63,115,92,98,32,62,116,132,36,91,52"/><V124/><F117/><W131/><G116/><T103/><D123/><U47/><E29/><V79/><F124/><W18/><G32/><T64/><D33/><U130/><E85/><V23/><F23/><W8/><BYE who="2" /><G36/><T76/><D76/><U74/><E82/><V20/><F20/><W107/><G131/><N who="1" m="50218" /><E74/><V75/><F75/><W77/><G132/><T2/><D2/><U58/><E65/><V126/><F126/><W97/><G77/><T110/><D110/><U104/><E104/><V90/><F90/><W73/><G73/><T59/><D66/><U100/><E100/><V19/><F19/><W134/><G134/><T22/><D41/><N who="1" m="22847" /><E114/><V25/><F25/><W88/><G69/><T26/><D95/><U111/><E111/><V45/><F45/><W120/><G120/><T27/><D27/><UN n2="%72%69%6F%75%63%68%61%6E" /><U51/><E55/><V135/><F135/><W60/><G115/><T71/><D71/><U12/><E12/><V57/><F133/><W93/><G107/><T122/><D122/><U87/><E87/><V34/><F106/><W37/><G37/><AGARI ba="1,0" hai="37,43,47,51,54,58,118,119" m="22847,50218" machi="37" ten="30,3900,0" yaku="19,1,34,2" doraHai="108" who="1" fromWho="3" sc="235,0,240,42,357,0,168,-42" /><INIT seed="3,0,0,4,3,135" ten="235,282,357,126" oya="3" hai0="18,81,100,74,93,128,62,112,117,61,54,17,30" hai1="37,72,29,108,73,71,8,36,114,127,66,16,2" hai2="79,122,103,3,111,55,38,63,50,58,131,134,75" hai3="7,0,89,23,32,25,86,115,26,24,33,69,129"/><W60/><G115/><T10/><D112/><U15/><E114/><V78/><F38/><W11/><G129/><T1/><D117/><U59/><E108/><V88/><F3/><W4/><G69/><T67/><D128/><U47/><E29/><V9/><F131/><W106/><G106/><T123/><D123/><U64/><E2/><V130/><F130/><W41/><G60/><T6/><D54/><U85/><E85/><V133/><F111/><W53/><G53/><T46/><D46/><U125/><E71/><V104/><F75/><N who="1" m="28745" /><E59/><V28/><F122/><W27/><G41/><T70/><D61/><U76/><E76/><V5/><F28/><N who="3" m="17439" /><G89/><T92/><D30/><U94/><E94/><V119/><F119/><W124/><G86/><T21/><D100/><U57/><E47/><V22/><F22/><W51/><G51/><T19/><D21/><U43/><E43/><V44/><F88/><W105/><G105/><T96/><D96/><U40/><E40/><V87/><F103/><W14/><G124/><N who="1" m="47690" /><E57/><V98/><F104/><W42/><G42/><T90/><D90/><U121/><E121/><V80/><F78/><W83/><G83/><T45/><D45/><U102/><E102/><V113/><F98/><W68/><G68/><T109/><D109/><U97/><E97/><V20/><F113/><W12/><G0/><T91/><D91/><U65/><AGARI ba="0,0" hai="8,15,16,36,37,64,65,66" m="47690,28745" machi="65" ten="40,8000,1" yaku="18,1,52,3,54,1" doraHai="135" who="1" fromWho="1" sc="235,-20,282,80,357,-20,126,-40" owari="215,-18.5,362,46.2,337,13.7,86,-41.4" /></mjloggm>