<mjloggm ver="2.3"><GO type="225" lobby="0"/><UN n0="%E3%81%95%E3%81%8D%E3%81%9F%E3%81%BE%E6%9E%97%E6%AA%8E" n1="%E3%81%9F%E3%81%93%E2%98%86%E7%84%BC%E3%81%8D" n2="%E3%81%BF%E3%81%BF%E3%81%9A" n3="%E3%81%A1%E3%82%85%E3%81%86%E3%81%A9%E3%81%8F%E8%B1%A1%E3%81%95%E3%82%93" dan="16,16,17,17" rate="2090.85,2092.90,2231.87,2187.72" sx="M,M,M,M"/><TAIKYOKU oya="0"/><INIT seed="0,0,0,3,5,106" ten="250,250,250,250" oya="0" hai0="32,10,92,52,1,35,37,121,20,68,55,3,58" hai1="2,125,36,56,21,83,109,39,88,47,51,44,117" hai2="54,86,70,107,119,14,85,133,93,118,82,67,50" hai3="19,57,104,69,29,49,134,12,103,41,132,130,100"/><T17/><D121/><U40/><E2/><V131/><F107/><W95/><G69/><T45/><D68/><U73/><E117/><N who="2" m="44555" /><F133/><N who="3" m="51307" /><G104/><T76/><D76/><U8/><E8/><V81/><F131/><W135/><G130/><T80/><D80/><N who="2" m="30826" /><F14/><W75/><G29/><T25/><D35/><U105/><E109/><V48/><F93/><W74/><N who="3" m="51315" /><W94/><DORA hai="6" /><G41/><T97/><D32/><U11/><E21/><V30/><F30/><W24/><G24/><T61/><D10/><U113/><E11/><V122/><F122/><W116/><G116/><T53/><D53/><U77/><E105/><V84/><F54/><N who="3" m="31951" /><G94/><T43/><REACH who="0" step="1"/><D55/><REACH who="0" ten="240,250,250,250" step="2"/><U99/><E77/><V108/><F108/><W27/><G27/><T7/><D7/><U65/><E83/><V114/><F114/><W60/><G60/><AGARI ba="0,1" hai="48,50,60,67,70,84,85,86" m="30826,44555" machi="60" ten="40,1300,0" yaku="12,1" doraHai="106,6" who="2" fromWho="3" sc="240,0,250,0,250,23,250,-13" /><INIT seed="1,0,0,4,2,75" ten="240,250,273,237" oya="1" hai0="90,85,81,22,57,37,132,4,48,86,44,6,102" hai1="50,42,117,129,101,113,67,19,66,114,128,1,125" hai2="54,21,94,34,111,14,11,46,68,98,27,131,76" hai3="2,33,7,9,106,95,65,127,23,103,45,77,88"/><U17/><E50/><N who="2" m="29015" /><F34/><W105/><G33/><T56/><D132/><U108/><E42/><V59/><F68/><W79/><G65/><N who="1" m="24586" /><E101/><V40/><F111/><W29/><G127/><T16/><D102/><U41/><E41/><V32/><F32/><W89/><G45/><T133/><D133/><U61/><E61/><V99/><F131/><N who="1" m="50249" /><E125/><V43/><F99/><W123/><G123/><T58/><D37/><U112/><E1/><V119/><F119/><W130/><G130/><T12/><REACH who="0" step="1"/><D85/><REACH who="0" ten="230,250,273,237" step="2"/><U83/><E117/><V93/><F98/><W78/><G103/><T70/><D70/><U52/><E108/><V39/><F39/><W53/><G105/><T109/><D109/><U28/><E28/><N who="2" m="17519" /><F94/><W91/><G106/><T13/><D13/><U96/><E96/><V120/><F93/><W134/><G134/><T25/><D25/><U92/><E92/><V30/><F120/><W124/><G124/><T122/><D122/><U107/><E107/><V60/><F30/><W18/><G29/><T116/><D116/><U82/><E52/><AGARI ba="0,1" hai="4,6,12,16,22,44,48,52,56,57,58,81,86,90" machi="52" ten="40,8000,1" yaku="1,1,8,1,54,2,53,1" doraHai="75" doraHaiUra="47" who="0" fromWho="1" sc="230,90,250,-80,273,0,237,0" /><INIT seed="2,0,0,4,4,15" ten="320,170,273,237" oya="2" hai0="130,98,33,81,41,1,116,104,19,128,8,23,114" hai1="127,44,113,63,16,38,134,97,34,100,85,78,46" hai2="123,118,121,79,119,27,77,59,10,109,40,92,21" hai3="73,72,68,6,55,60,36,82,13,5,42,87,4"/><V7/><F40/><W93/><G93/><T53/><D114/><U101/><E34/><V107/><F107/><W69/><G13/><T117/><D33/><U12/><E113/><V14/><F59/><W29/><G29/><T39/><D81/><N who="1" m="47287" /><E38/><V125/><F92/><W0/><G0/><T62/><D39/><U95/><E134/><V106/><F106/><W105/><G105/><T3/><D41/><U74/><E74/><V111/><F125/><W91/><G55/><T75/><D75/><U115/><E115/><V120/><F77/><W131/><G131/><N who="0" m="50219" /><D53/><U102/><E63/><V122/><N who="2" m="30720" /><DORA hai="49" /><V103/><F103/><N who="1" m="39497" /><E127/><V50/><F50/><W57/><G73/><T35/><D35/><U51/><E51/><V11/><F11/><AGARI ba="0,0" hai="11,12,16,44,46,95,97,102" m="39497,47287" machi="11" ten="30,3900,0" yaku="8,1,52,1,54,1" doraHai="15,49" who="1" fromWho="2" sc="320,0,170,39,273,-39,237,0" /><INIT seed="3,0,0,0,5,113" ten="320,209,234,237" oya="3" hai0="45,52,81,67,47,44,1,107,50,25,77,102,3" hai1="87,101,49,131,56,104,86,59,78,40,121,120,51" hai2="91,75,23,22,41,117,115,83,66,58,26,32,39" hai3="4,93,103,6,72,89,127,28,12,125,65,95,129"/><W35/><G72/><T130/><D130/><U74/><E101/><V111/><F115/><W29/><G129/><T99/><D67/><U116/><E131/><V55/><F66/><W16/><G65/><T24/><D3/><U2/><E40/><V19/><F117/><W21/><G103/><T70/><D70/><U71/><E78/><V110/><F39/><W5/><G93/><T100/><D100/><U42/><E42/><V126/><F41/><W108/><G108/><N who="2" m="41513" /><F126/><N who="3" m="48139" /><G35/><T57/><REACH who="0" step="1"/><D1/><REACH who="0" ten="310,209,234,237" step="2"/><U124/><E2/><V54/><F32/><W38/><G38/><T9/><D9/><U63/><E124/><V27/><F23/><W106/><G106/><T14/><D14/><U18/><E71/><V64/><F64/><W13/><G12/><T90/><D90/><U53/><E104/><V94/><F22/><W97/><AGARI ba="0,1" hai="4,5,6,13,16,21,28,29,89,95,97" m="48139" machi="97" ten="30,3000,0" yaku="18,1,54,1" doraHai="113" who="3" fromWho="3" sc="310,-10,209,-10,234,-10,237,40" /><INIT seed="3,1,0,3,1,72" ten="300,199,224,277" oya="3" hai0="64,32,113,7,112,61,62,121,11,22,89,108,78" hai1="25,14,52,63,125,93,132,133,105,134,56,126,19" hai2="1,41,59,79,58,131,92,21,35,122,83,5,68" hai3="104,87,49,127,107,24,65,67,86,50,103,100,109"/><W124/><REACH who="3" step="1"/><G24/><REACH who="3" ten="300,199,224,267" step="2"/><T80/><D121/><U54/><E105/><V82/><F122/><W119/><G119/><T20/><D32/><U2/><E2/><V10/><F35/><W129/><G129/><T66/><D113/><U29/><E93/><V85/><F131/><W55/><G55/><T76/><D112/><U117/><E117/><V111/><F92/><W130/><G130/><T28/><D28/><U94/><E94/><V53/><F53/><W70/><G70/><T46/><D66/><U91/><E91/><V3/><F68/><W88/><G88/><T45/><D64/><U81/><E81/><V18/><F83/><W74/><G74/><T6/><D89/><U106/><E106/><V95/><F1/><W30/><G30/><T12/><D80/><U75/><E75/><V69/><F69/><W115/><G115/><T38/><D12/><U8/><REACH who="1" step="1"/><E54/><REACH who="1" ten="300,189,224,267" step="2"/><V36/><F95/><W135/><G135/><T34/><D34/><AGARI ba="1,2" hai="8,14,19,25,29,34,52,56,63,125,126,132,133,134" machi="34" ten="40,8000,1" yaku="1,1,2,1,20,1,54,1,53,0" doraHai="72" doraHaiUra="71" who="1" fromWho="0" sc="300,-83,189,103,224,0,267,0" /><INIT seed="4,0,0,1,4,99" ten="217,292,224,267" oya="0" hai0="93,60,56,52,46,114,61,88,135,42,115,110,19" hai1="100,37,64,105,73,80,28,107,51,71,30,5,53" hai2="59,65,76,41,55,104,57,24,131,10,3,26,134" hai3="96,128,103,111,84,13,63,48,87,47,20,124,2"/><T35/><D35/><U17/><E37/><V74/><F41/><W66/><G111/><T6/><D110/><U133/><E5/><V16/><F131/><W4/><G2/><T82/><D135/><U69/><E17/><V45/><F104/><W50/><G50/><N who="0" m="26967" /><D6/><U85/><E73/><V29/><F134/><W102/><G124/><T86/><D19/><U89/><E107/><V122/><F122/><W40/><G128/><T32/><D32/><U70/><E64/><V95/><F76/><W54/><G40/><T125/><D125/><U78/><E78/><V83/><F83/><W38/><G38/><T109/><D109/><U91/><E91/><V22/><F74/><W27/><G4/><T81/><D61/><U7/><E7/><V118/><F118/><W39/><G13/><T31/><D31/><U113/><E113/><AGARI ba="0,0" hai="52,56,60,81,82,86,88,93,113,114,115" m="26967" machi="113" ten="30,5800,0" yaku="15,1,54,2" doraHai="99" who="0" fromWho="1" sc="217,58,292,-58,224,0,267,0" /><INIT seed="4,1,0,0,4,5" ten="275,234,224,267" oya="0" hai0="104,8,106,63,108,74,15,38,10,7,68,14,93" hai1="77,89,134,86,12,71,33,46,127,69,62,32,90" hai2="120,57,100,65,76,73,121,42,44,103,1,72,55" hai3="92,82,53,2,114,0,131,45,43,132,123,24,48"/><T4/><D74/><U39/><E77/><V11/><F65/><W101/><G114/><T126/><D126/><U56/><E32/><V17/><F73/><W20/><G132/><T70/><D108/><U94/><E33/><V133/><F133/><W85/><G131/><T51/><D51/><U26/><E26/><V58/><F100/><W22/><G22/><T29/><D29/><U84/><E127/><V125/><F103/><W18/><G123/><T30/><D30/><U6/><E46/><V59/><F55/><W21/><G21/><T75/><D75/><U41/><E41/><V87/><F87/><W110/><G110/><T81/><D81/><U98/><E98/><V50/><F125/><W112/><G112/><T80/><D80/><U128/><E39/><V34/><F34/><W97/><REACH who="3" step="1"/><G43/><REACH who="3" ten="275,234,224,257" step="2"/><T13/><D38/><U35/><E128/><V109/><F109/><W52/><G52/><T9/><D93/><U122/><E35/><V16/><F120/><W99/><G99/><T60/><D106/><U119/><E122/><V36/><F121/><W91/><AGARI ba="1,1" hai="0,2,18,20,24,45,48,53,82,85,91,92,97,101" machi="91" ten="20,2700,0" yaku="1,1,0,1,7,1,53,0" doraHai="5" doraHaiUra="3" who="3" fromWho="3" sc="275,-14,234,-8,224,-8,257,40" /><INIT seed="5,0,0,0,1,98" ten="261,226,216,297" oya="1" hai0="94,106,22,9,110,96,42,15,14,69,34,81,62" hai1="130,43,16,124,64,38,47,122,0,57,72,67,56" hai2="60,93,27,102,29,39,45,61,54,101,66,128,89" hai3="10,131,6,5,25,3,2,31,23,92,113,105,99"/><U32/><E72/><V134/><F128/><W120/><G120/><T107/><D110/><U65/><E0/><V4/><F134/><W1/><G131/><T40/><D34/><U84/><E32/><V85/><F4/><W82/><G105/><T118/><D118/><U135/><E130/><V116/><F116/><W48/><G113/><T18/><D107/><U59/><E122/><V104/><F104/><W78/><G48/><T117/><D106/><U50/><E135/><V7/><F7/><W20/><G20/><T37/><D37/><U53/><E124/><V13/><F13/><W119/><G5/><T88/><D117/><U58/><E84/><V115/><F115/><W44/><G44/><T112/><D112/><U97/><E97/><V55/><F39/><W30/><G30/><T133/><D133/><U36/><E16/><V109/><F109/><W127/><G127/><T11/><D22/><U76/><E76/><V132/><F132/><W79/><G119/><T114/><D114/><U74/><E74/><V19/><F19/><W77/><REACH who="3" step="1"/><G82/><REACH who="3" ten="261,226,216,287" step="2"/><T123/><D123/><U90/><E90/><AGARI ba="0,1" hai="1,2,3,6,10,23,25,31,77,78,79,90,92,99" machi="90" ten="40,2600,0" yaku="1,1,2,1,53,0" doraHai="98" doraHaiUra="41" who="3" fromWho="1" sc="261,0,226,-26,216,0,287,36" owari="261,6.1,200,-30.0,216,-18.4,323,42.3" /></mjloggm>