<mjloggm ver="2.3"><GO type="225" lobby="0"/><UN n0="%E5%B8%86%E7%AB%8B%E5%A4%8F%E8%A1%A3" n1="%E4%BA%BA%E9%96%93%E3%83%81%E3%83%A3%E3%83%BC%E3%83%8F%E3%83%B3" n2="%E5%A4%9C%E5%85%89%E5%A4%A9%E6%A5%BC" n3="%E9%AC%BC%E7%95%9C%E7%B1%B3%E5%85%B5" dan="16,16,17,17" rate="2148.74,2085.16,2167.09,2131.88" sx="M,M,M,M"/><TAIKYOKU oya="0"/><INIT seed="0,0,0,1,4,49" ten="250,250,250,250" oya="0" hai0="19,48,88,113,54,26,55,116,61,32,10,42,119" hai1="14,18,17,22,135,101,92,68,72,40,87,29,75" hai2="114,41,13,5,82,95,109,127,132,122,117,123,103" hai3="86,94,28,93,57,69,3,108,43,20,104,25,110"/><T126/><D113/><U52/><E135/><V16/><F114/><W37/><G69/><T67/><D126/><U46/><E68/><V64/><F127/><W78/><G104/><T73/><D73/><U98/><E29/><V102/><F64/><W59/><G3/><T39/><D32/><U58/><E87/><V112/><F112/><W31/><G37/><T60/><D39/><U24/><E46/><V83/><F5/><W0/><G0/><T15/><D119/><U44/><E44/><V77/><F41/><W97/><G43/><T125/><D125/><U96/><E96/><N who="2" m="59679" /><F103/><W121/><G121/><T27/><D116/><U84/><E84/><N who="2" m="48207" /><F83/><W105/><G105/><T7/><D42/><U81/><E81/><V129/><F117/><W51/><G94/><T33/><D33/><U128/><E128/><V21/><F129/><W66/><G93/><T56/><D7/><U115/><E40/><V12/><F12/><W36/><G36/><T124/><D124/><U74/><E115/><V1/><F1/><W111/><G97/><T99/><D99/><U107/><E107/><V50/><F132/><W30/><G66/><T9/><D88/><U90/><E101/><V35/><F35/><W120/><G120/><T79/><D79/><U47/><E47/><V23/><F123/><W80/><REACH who="3" step="1"/><G51/><REACH who="3" ten="250,250,250,240" step="2"/><T131/><D131/><U76/><E76/><V53/><F122/><W71/><G71/><T133/><D133/><U106/><E106/><V91/><F50/><W45/><G45/><T134/><D134/><U34/><E92/><V118/><F118/><W85/><G85/><RYUUKYOKU ba="0,1" sc="250,-10,250,-10,250,-10,240,30" hai3="20,25,28,30,31,57,59,78,80,86,108,110,111" /><INIT seed="1,1,1,4,1,115" ten="240,240,240,270" oya="1" hai0="2,29,131,129,26,123,85,82,54,34,1,60,116" hai1="118,91,88,65,83,53,56,107,22,37,10,7,133" hai2="55,72,57,36,103,132,71,114,28,122,127,46,102" hai3="27,128,44,21,52,9,76,112,134,90,99,98,80"/><U45/><E107/><V130/><F122/><W111/><G112/><T35/><D123/><U124/><E124/><V11/><F72/><W68/><G68/><T67/><D54/><U110/><E133/><V121/><F121/><W38/><G134/><T101/><D35/><U81/><E118/><V113/><F71/><W70/><G70/><N who="0" m="42343" /><D101/><U77/><E110/><V94/><F132/><W78/><G38/><T15/><D15/><N who="1" m="5599" /><E37/><V64/><F127/><W31/><G111/><T69/><D69/><U79/><E65/><V8/><F64/><W40/><G40/><T96/><D96/><U50/><E22/><V51/><F113/><W4/><G99/><T39/><D39/><U62/><E81/><V100/><F114/><W119/><G98/><T23/><D23/><U5/><E5/><V97/><F36/><W25/><G4/><T12/><D12/><U43/><E83/><V0/><F0/><W84/><G9/><N who="2" m="3657" /><F28/><W32/><G32/><T117/><D1/><U93/><E91/><N who="2" m="55519" /><F130/><N who="0" m="49674" /><D2/><U89/><E89/><AGARI ba="1,1" hai="26,29,34,82,85,89,116,117" m="49674,42343" machi="89" ten="30,3900,0" yaku="19,1,52,2" doraHai="115" who="0" fromWho="1" sc="240,52,240,-42,240,0,270,0" /><INIT seed="2,0,0,0,0,45" ten="292,198,240,270" oya="2" hai0="119,127,68,10,24,96,28,124,135,128,40,104,126" hai1="48,76,34,13,73,85,14,1,108,32,57,47,22" hai2="117,129,100,17,82,131,38,36,69,2,9,106,99" hai3="70,111,43,94,12,15,35,114,31,132,27,0,133"/><V46/><F117/><W87/><G70/><T21/><D119/><U16/><E73/><V102/><F69/><W20/><G43/><T80/><D128/><N who="2" m="49226" /><F100/><W54/><G94/><T64/><D135/><N who="3" m="51785" /><G87/><T29/><D40/><U58/><E1/><V79/><F46/><W116/><G54/><T78/><D10/><U33/><E108/><V101/><F101/><W109/><G116/><T105/><D29/><U63/><E14/><N who="3" m="5162" /><G114/><T60/><REACH who="0" step="1"/><D96/><REACH who="0" ten="282,198,240,270" step="2"/><U67/><E58/><V5/><F17/><N who="3" m="12687" /><G0/><T115/><D115/><U107/><E107/><V113/><F113/><W56/><G56/><T23/><D23/><U92/><E34/><V41/><F41/><W55/><G55/><T25/><D25/><AGARI ba="0,1" hai="25,31,35,109,111" m="12687,5162,51785" machi="25" ten="30,3900,0" yaku="20,1,34,2" doraHai="45" who="3" fromWho="0" sc="282,-39,198,0,240,0,270,49" /><INIT seed="3,0,0,4,0,26" ten="243,198,240,319" oya="3" hai0="93,113,94,105,101,68,67,50,126,66,28,11,115" hai1="80,52,112,99,60,110,83,81,104,23,47,55,118" hai2="7,69,131,16,51,63,132,45,8,91,100,36,2" hai3="3,53,86,57,102,31,129,64,25,124,6,35,5"/><W12/><G3/><T107/><D50/><U116/><E112/><N who="0" m="43081" /><D11/><U1/><E1/><V123/><F36/><W125/><G64/><N who="0" m="24619" /><D68/><U76/><E76/><V84/><F69/><W95/><G129/><T32/><D126/><U74/><E74/><V109/><F63/><W48/><G12/><T79/><D79/><U30/><E110/><V27/><F109/><W20/><G35/><T29/><D32/><U75/><E75/><V19/><F131/><W98/><G86/><T108/><D108/><U56/><E47/><V117/><F117/><N who="1" m="45161" /><E55/><V82/><F123/><W73/><G73/><T18/><D18/><U39/><E39/><V77/><F77/><W37/><G37/><T106/><D101/><N who="1" m="62527" /><E23/><V4/><F4/><W9/><G9/><T24/><D24/><U89/><E89/><V62/><F27/><W21/><G21/><T127/><D127/><AGARI ba="0,0" hai="5,6,20,25,31,48,53,57,95,98,102,124,125,127" machi="127" ten="40,3900,0" yaku="18,1,52,1" doraHai="26" who="3" fromWho="0" sc="243,-39,198,0,240,0,319,39" owari="204,-19.6,198,-30.2,240,4.0,358,45.8" /></mjloggm>