<mjloggm ver="2.3"><GO type="225" lobby="0"/><UN n0="%E3%81%8B%E3%82%8F%E3%81%A1%E3%82%83%E3%82%93%35%38" n1="%E3%81%99%E3%81%84%E3%81%BE%E3%81%9B%E3%83%BC%E3%82%93" n2="%E9%A2%A8%E3%81%A7%E9%B3%B4%E3%81%8F" n3="%72%69%6F%75%63%68%61%6E" dan="16,17,16,16" rate="2146.68,2236.06,2135.96,2123.03" sx="M,M,M,M"/><TAIKYOKU oya="0"/><INIT seed="0,0,0,0,5,85" ten="250,250,250,250" oya="0" hai0="108,14,9,80,45,3,95,18,57,113,56,106,84" hai1="78,46,119,25,75,118,112,5,50,97,67,99,73" hai2="132,98,24,105,37,83,129,94,58,41,66,35,1" hai3="69,71,133,49,4,117,33,53,122,10,55,109,128"/><T116/><D113/><U68/><E112/><V19/><F1/><W77/><G117/><T48/><D116/><U43/><E5/><V131/><F105/><W100/><G33/><T90/><D106/><U103/><E99/><V102/><F132/><W34/><G34/><T104/><D104/><U70/><E25/><V32/><F83/><W61/><G133/><T72/><D108/><U30/><E30/><V96/><F96/><W135/><G135/><T11/><D3/><U8/><E8/><V40/><F35/><W62/><G109/><T92/><D9/><U121/><E121/><V21/><F32/><W127/><G122/><T16/><D18/><U51/><E67/><V17/><F17/><W63/><G128/><N who="2" m="49225" /><F37/><W74/><G100/><T20/><D20/><U27/><E103/><V111/><F111/><W87/><G74/><T38/><D38/><U91/><E75/><V115/><F115/><W65/><G4/><T79/><REACH who="0" step="1"/><D92/><REACH who="0" ten="240,250,250,250" step="2"/><N who="1" m="56479" /><E119/><V23/><F23/><W76/><G10/><T12/><D12/><U28/><E118/><V81/><F81/><W134/><G134/><T6/><D6/><U60/><E28/><V36/><F36/><W44/><G71/><T126/><D126/><U52/><E70/><V89/><F102/><W29/><G29/><T7/><D7/><U123/><E68/><V42/><F19/><W124/><G127/><T114/><D114/><U22/><E123/><V59/><F21/><W2/><G124/><T31/><D31/><U26/><E22/><V82/><F82/><N who="3" m="47559" /><G2/><T120/><D120/><U107/><E107/><V54/><F94/><RYUUKYOKU ba="0,1" sc="240,30,250,-10,250,-10,250,-10" hai0="11,14,16,45,48,56,57,72,79,80,84,90,95" /><INIT seed="0,1,1,2,2,9" ten="270,240,240,240" oya="0" hai0="73,101,16,49,87,46,31,28,79,68,36,100,62" hai1="6,42,128,72,24,29,14,99,133,39,48,108,86" hai2="106,122,52,11,70,135,37,123,63,113,75,129,22" hai3="66,40,120,115,81,94,111,7,21,8,55,125,97"/><T54/><D73/><U131/><E72/><V33/><RYUUKYOKU type="yao9" ba="1,1" sc="270,0,240,0,240,0,240,0" hai2="11,22,33,37,52,63,70,75,106,113,122,123,129,135" /><INIT seed="0,2,1,3,4,64" ten="270,240,240,240" oya="0" hai0="112,99,77,37,42,67,84,75,121,108,29,16,119" hai1="23,133,90,54,51,128,35,95,30,5,25,65,122" hai2="7,116,125,66,78,102,45,22,19,118,34,74,18" hai3="33,89,105,12,87,39,21,107,13,50,111,101,26"/><T3/><D112/><U82/><E122/><V61/><F34/><W98/><G39/><T70/><D119/><N who="2" m="45610" /><F125/><W14/><G111/><T60/><D121/><U17/><E128/><V59/><F102/><W28/><G107/><T15/><D3/><U117/><E117/><V113/><F113/><W71/><G71/><T100/><D75/><U49/><E133/><V73/><F7/><W57/><G57/><T97/><D29/><U46/><E5/><V103/><F103/><W8/><G50/><T126/><D126/><U129/><E129/><V32/><F32/><W36/><G36/><T63/><D63/><U132/><E132/><V109/><F109/><W114/><G114/><T1/><D1/><U81/><E65/><V0/><F0/><W4/><REACH who="3" step="1"/><G33/><REACH who="3" ten="270,240,240,230" step="2"/><T58/><D108/><U135/><E51/><V24/><F45/><W9/><G9/><T20/><D58/><U52/><E135/><V80/><F73/><W43/><G43/><T62/><D62/><U92/><E35/><V11/><F11/><W69/><G69/><T38/><D42/><U76/><E46/><V72/><F74/><W10/><G10/><T104/><REACH who="0" step="1"/><D99/><REACH who="0" ten="260,240,240,230" step="2"/><U6/><E49/><V27/><F72/><W93/><AGARI ba="2,3" hai="4,8,12,13,14,21,26,28,87,89,93,98,101,105" machi="93" ten="20,2700,0" yaku="1,1,0,1,7,1,53,0" doraHai="64" doraHaiUra="41" who="3" fromWho="3" sc="260,-15,240,-9,240,-9,230,63" /><INIT seed="1,0,0,1,5,132" ten="245,231,231,293" oya="1" hai0="84,61,64,40,134,29,28,37,24,39,72,30,6" hai1="14,123,7,46,108,79,103,26,56,15,119,90,133" hai2="4,86,27,5,118,44,94,70,18,78,127,107,117" hai3="47,76,22,43,21,67,32,35,36,34,52,71,23"/><U63/><E119/><V101/><F70/><W2/><G2/><T38/><D72/><U82/><E123/><V88/><F127/><W11/><G76/><T110/><D134/><U60/><E133/><V20/><F78/><W58/><G11/><T12/><D110/><U114/><E114/><V85/><F85/><W1/><G1/><T3/><D3/><U25/><E103/><V122/><F122/><W65/><REACH who="3" step="1"/><G71/><REACH who="3" ten="245,231,231,283" step="2"/><T68/><D68/><U97/><E79/><V92/><F117/><W95/><G95/><T75/><D6/><U112/><E7/><V10/><F107/><W42/><G42/><T50/><D40/><U16/><E112/><V41/><F118/><W91/><G91/><T98/><D75/><U87/><E108/><V80/><F101/><W99/><G99/><T113/><D98/><U57/><E97/><V54/><F4/><W69/><G69/><T9/><D113/><U48/><E90/><V135/><F135/><W17/><G17/><T49/><D84/><U74/><E74/><V55/><F92/><W120/><G120/><T111/><D111/><U104/><E104/><V125/><F94/><W100/><G100/><T105/><D105/><U124/><E16/><V66/><F18/><W62/><AGARI ba="0,1" hai="21,22,23,32,34,35,36,43,47,52,58,62,65,67" machi="62" ten="40,5200,0" yaku="1,1,0,1,54,1,53,0" doraHai="132" doraHaiUra="116" who="3" fromWho="3" sc="245,-13,231,-26,231,-13,283,62" /><INIT seed="2,0,0,3,3,112" ten="232,205,218,345" oya="2" hai0="125,115,86,2,71,104,38,88,64,83,11,109,95" hai1="37,69,132,128,52,79,103,89,48,35,97,76,49" hai2="91,14,75,122,54,123,93,13,6,36,57,100,4" hai3="127,135,116,63,111,78,45,107,65,90,43,126,67"/><V99/><F36/><W84/><G116/><T101/><D115/><U105/><E37/><V94/><F75/><W26/><G111/><T81/><D38/><U85/><E35/><V29/><F29/><W56/><G135/><T70/><D109/><U119/><E119/><V0/><F0/><W117/><G117/><T50/><D50/><U40/><E69/><V106/><F106/><W110/><G110/><T28/><D28/><U21/><E132/><V20/><F122/><W15/><G107/><T27/><D27/><U9/><E9/><V96/><F123/><W133/><G78/><T46/><D46/><U39/><E39/><V32/><F32/><W44/><G43/><T62/><D71/><U73/><E73/><V1/><F1/><W80/><G67/><T3/><D3/><U113/><E113/><V25/><F25/><W124/><G133/><T92/><D104/><U23/><E40/><V22/><F14/><W134/><G134/><T8/><D8/><U87/><E49/><V5/><REACH who="2" step="1"/><F13/><REACH who="2" ten="232,205,208,345" step="2"/><W47/><G26/><T102/><D2/><U51/><E105/><V130/><F130/><W131/><G15/><T74/><D74/><U72/><E128/><AGARI ba="0,1" hai="44,45,47,56,63,65,80,84,90,124,126,127,128,131" machi="128" ten="50,1600,0" yaku="18,1" doraHai="112" who="3" fromWho="1" sc="232,0,205,-16,208,0,345,26" /><INIT seed="3,0,0,2,5,107" ten="232,189,208,371" oya="3" hai0="110,104,103,131,43,109,6,78,79,26,4,134,48" hai1="92,91,69,27,3,20,114,24,50,76,129,13,39" hai2="124,93,23,113,68,80,111,22,15,44,112,105,98" hai3="126,9,42,123,35,86,54,73,19,59,17,90,5"/><W125/><G123/><T85/><D134/><U63/><E114/><V97/><F68/><W40/><G73/><T83/><D131/><U84/><E39/><V60/><F111/><N who="0" m="42506" /><D79/><U64/><E3/><V10/><F124/><N who="3" m="47723" /><G35/><T36/><D36/><U65/><E129/><V21/><F105/><W52/><G17/><T88/><D26/><U12/><E65/><V120/><F120/><W66/><G19/><T71/><D71/><U106/><E106/><V82/><F97/><W37/><G66/><T14/><D14/><U1/><E1/><V81/><F44/><N who="3" m="23567" /><G42/><T11/><D11/><U47/><E27/><V135/><F135/><W57/><G54/><T56/><D103/><U99/><E24/><V38/><F38/><W61/><G52/><T74/><D104/><U58/><E69/><V96/><F96/><W102/><G61/><T62/><D48/><U53/><E20/><V133/><F60/><W122/><G102/><T95/><D43/><U100/><E100/><N who="2" m="60495" /><F133/><W49/><G49/><T8/><D8/><U72/><REACH who="1" step="1"/><E99/><REACH who="1" ten="232,179,208,371" step="2"/><V70/><F70/><W41/><G122/><T101/><D101/><U89/><E89/><V121/><F121/><W132/><G90/><T46/><D88/><U108/><E108/><V118/><F118/><W116/><G132/><T30/><D30/><U127/><E127/><V94/><F94/><W7/><G116/><T45/><D95/><U128/><E128/><V25/><F25/><W115/><G115/><T28/><D28/><U29/><E29/><V0/><F0/><W87/><G9/><T31/><D31/><U75/><E75/><RYUUKYOKU ba="0,1" sc="232,-15,179,15,208,15,371,-15" hai1="12,13,47,50,53,58,63,64,72,76,84,91,92" hai2="10,15,21,22,23,80,81,82,112,113" owari="217,-18.3,194,-30.6,223,2.3,366,46.6" /></mjloggm>