<mjloggm ver="2.3"><GO type="225" lobby="0"/><UN n0="%E3%81%99%E3%81%84%E3%81%BE%E3%81%9B%E3%83%BC%E3%82%93" n1="%73%6C%69%63%6B%33%31%39" n2="%E3%81%BF%E3%81%BF%E3%81%9A" n3="%E3%83%AC%E3%82%A4%E3%83%88%E3%83%B3%E5%87%86%E6%95%99%E6%8E%88" dan="17,16,16,19" rate="2249.87,2060.98,2165.59,2297.28" sx="M,M,M,M"/><TAIKYOKU oya="0"/><INIT seed="0,0,0,5,5,97" ten="250,250,250,250" oya="0" hai0="67,57,45,99,110,53,103,62,59,27,101,117,106" hai1="93,1,71,65,50,85,17,4,29,23,133,108,6" hai2="39,20,98,83,11,0,121,56,135,46,47,34,109" hai3="73,86,100,58,131,75,90,37,113,41,18,26,134"/><T95/><D117/><U10/><E71/><V3/><F34/><W80/><G113/><T118/><D118/><U88/><E65/><V16/><F121/><W119/><G119/><T77/><D110/><U64/><E64/><V92/><F109/><W19/><G131/><T104/><D77/><U61/><E61/><V115/><F115/><W22/><G134/><T28/><D45/><U48/><E108/><V9/><F135/><W12/><G58/><T44/><D44/><N who="2" m="16938" /><F0/><W68/><G68/><T15/><D15/><N who="1" m="9663" /><E4/><V30/><F3/><W78/><G41/><T123/><D123/><U60/><E60/><V111/><F30/><W91/><G37/><T82/><D82/><U124/><E133/><V5/><F5/><W31/><G18/><T112/><D112/><U55/><E55/><V69/><F69/><W120/><G120/><T32/><REACH who="0" step="1"/><D101/><REACH who="0" ten="240,250,250,250" step="2"/><U14/><E124/><V35/><F111/><W94/><G100/><T126/><D126/><U81/><E81/><V8/><F83/><W72/><REACH who="3" step="1"/><G91/><REACH who="3" ten="240,250,250,240" step="2"/><T33/><D33/><AGARI ba="0,2" hai="12,19,22,26,31,33,72,73,75,78,80,86,90,94" machi="33" ten="30,12000,2" yaku="1,1,2,1,7,1,53,3" doraHai="97" doraHaiUra="105" who="3" fromWho="0" sc="240,-120,250,0,250,0,240,140" /><INIT seed="1,0,0,0,5,70" ten="120,250,250,380" oya="1" hai0="31,96,89,3,69,1,57,99,24,86,72,131,93" hai1="133,101,12,132,108,35,59,112,116,53,74,94,76" hai2="118,122,111,36,66,10,121,64,30,91,100,40,90" hai3="105,42,56,45,128,23,102,54,22,43,85,52,48"/><U114/><E35/><V97/><F118/><W21/><G128/><T77/><D69/><U134/><E116/><V2/><F30/><W107/><G102/><T120/><D131/><U9/><E108/><V123/><F111/><W38/><G42/><T47/><D120/><U20/><E20/><V34/><F34/><W83/><REACH who="3" step="1"/><G54/><REACH who="3" ten="120,250,250,370" step="2"/><T113/><D113/><U37/><E114/><V88/><F40/><W26/><G26/><T28/><D24/><U135/><E112/><V4/><REACH who="2" step="1"/><F36/><REACH who="2" ten="120,250,240,370" step="2"/><W0/><G0/><T126/><D1/><U46/><E37/><V15/><F15/><W115/><G115/><T8/><D3/><U84/><E134/><V109/><F109/><W125/><G125/><T78/><D126/><U67/><E133/><V95/><AGARI ba="0,2" hai="2,4,10,64,66,88,90,91,95,97,100,121,122,123" machi="95" ten="40,12000,2" yaku="1,1,0,1,54,1,53,3" doraHai="70" doraHaiUra="87" who="2" fromWho="2" sc="120,-30,250,-60,240,140,370,-30" /><INIT seed="2,0,0,1,4,90" ten="90,190,380,340" oya="2" hai0="29,9,19,91,89,76,62,24,58,121,101,7,70" hai1="79,134,50,53,2,59,61,109,84,4,49,26,41" hai2="108,30,22,12,14,96,83,31,55,82,20,131,107" hai3="46,34,94,36,112,135,11,125,111,103,6,18,92"/><V3/><F3/><W74/><G111/><T47/><D121/><U64/><E109/><V71/><F71/><W104/><G135/><T23/><D70/><U116/><E116/><V110/><F131/><W87/><G34/><T0/><D76/><U100/><E134/><V42/><F96/><N who="3" m="61543" /><G87/><T102/><D47/><U60/><E100/><V54/><REACH who="2" step="1"/><F42/><REACH who="2" ten="90,190,370,340" step="2"/><N who="3" m="22855" /><G125/><T127/><D127/><U72/><E41/><V27/><F27/><W78/><G112/><T40/><D40/><U52/><E2/><V105/><AGARI ba="0,1" hai="12,14,20,22,30,31,54,55,82,83,105,107,108,110" machi="105" ten="25,9600,0" yaku="1,1,0,1,22,2,53,0" doraHai="90" doraHaiUra="56" who="2" fromWho="2" sc="90,-32,190,-32,370,106,340,-32" /><INIT seed="2,1,0,0,2,83" ten="58,158,476,308" oya="2" hai0="11,107,69,67,95,18,27,6,102,25,9,125,68" hai1="50,21,28,49,119,127,121,32,91,117,47,64,73" hai2="30,126,123,22,13,44,131,8,72,113,135,65,124" hai3="115,2,104,84,111,100,3,56,14,76,93,10,23"/><V51/><F72/><W17/><G111/><T103/><D107/><U24/><E73/><V81/><F113/><W105/><G115/><T116/><D125/><U63/><E127/><N who="2" m="48683" /><F123/><W53/><G104/><T87/><D67/><U122/><E32/><V133/><F65/><W112/><G112/><T43/><D43/><U1/><E1/><V97/><F97/><W60/><G105/><T36/><D95/><U99/><E99/><V108/><F81/><W31/><G100/><T70/><D6/><U94/><E119/><V15/><F108/><W80/><G93/><T5/><D5/><U39/><E117/><V19/><F51/><W134/><G134/><N who="2" m="51209" /><F44/><W130/><G80/><T62/><D116/><U85/><E39/><V66/><F66/><W33/><G76/><T88/><D36/><U38/><E38/><V132/><F132/><W118/><G118/><T52/><D70/><U40/><REACH who="1" step="1"/><E50/><REACH who="1" ten="58,148,476,308" step="2"/><V54/><F131/><W109/><G130/><T37/><D37/><U98/><E98/><V79/><F79/><W59/><G109/><T114/><D114/><U42/><E42/><V45/><F54/><W120/><G53/><T16/><D52/><U75/><E75/><V101/><F101/><W46/><G120/><T0/><D103/><U48/><E48/><V41/><F41/><W29/><G33/><T78/><D102/><U26/><E26/><N who="2" m="16727" /><F45/><W106/><G46/><T128/><D128/><U20/><E20/><V96/><F96/><W129/><G23/><T74/><D74/><U86/><E86/><V90/><F15/><W82/><G14/><N who="0" m="7247" /><D87/><U61/><E61/><RYUUKYOKU ba="1,1" sc="58,-15,148,15,476,15,308,-15" hai1="21,24,28,40,47,49,63,64,85,91,94,121,122" hai2="8,13,19,90" /><INIT seed="2,2,1,0,3,14" ten="43,163,491,293" oya="2" hai0="115,11,22,104,38,94,92,85,57,127,13,97,114" hai1="83,71,30,7,109,68,62,43,10,63,107,126,103" hai2="8,19,9,91,18,26,48,110,131,23,44,58,41" hai3="36,96,112,12,54,47,130,95,135,6,61,101,64"/><V134/><F131/><W42/><G130/><T25/><D38/><U20/><E43/><V29/><F134/><W70/><G135/><T34/><D34/><U21/><E109/><V99/><F110/><W113/><G6/><T28/><D127/><U32/><E126/><V111/><F111/><W129/><G129/><T15/><D104/><U124/><E124/><V69/><F69/><W39/><G39/><T59/><D115/><U123/><E123/><V65/><F99/><W105/><G95/><T1/><D1/><U17/><E83/><V66/><F91/><W76/><G12/><T45/><D45/><U98/><E63/><N who="2" m="38135" /><F66/><W52/><REACH who="3" step="1"/><G76/><REACH who="3" ten="43,163,491,283" step="2"/><T0/><D15/><U16/><E107/><V86/><F86/><W82/><G82/><T56/><D0/><U89/><E98/><V79/><F79/><W40/><G40/><T108/><D108/><U37/><E37/><V73/><F73/><W3/><G3/><T33/><D114/><AGARI ba="2,2" hai="36,42,47,52,54,61,64,70,96,101,105,112,113,114" machi="114" ten="40,5200,0" yaku="1,1,11,1,54,1,53,0" doraHai="14" doraHaiUra="77" who="3" fromWho="0" sc="43,-58,163,0,491,0,283,78" owari="-15,-51.5,163,-23.7,491,59.1,361,16.1" /></mjloggm>