<mjloggm ver="2.3"><GO type="225" lobby="0"/><UN n0="%E3%83%AB%E3%83%9B%E3%83%B3%E3%83%87%E3%82%A3%E3%82%A8" n1="%E3%83%97%E3%83%AC%E3%83%B4%E3%82%A1%E3%83%86%E3%82%A3" n2="%E3%81%86%E3%82%8B%E3%81%8A%E3%81%A1%E3%82%83" n3="%E3%81%BF%E3%81%BF%E3%81%9A" dan="17,16,16,16" rate="2165.09,2065.25,2061.84,2167.39" sx="M,F,F,M"/><TAIKYOKU oya="0"/><INIT seed="0,0,0,2,5,5" ten="250,250,250,250" oya="0" hai0="89,6,2,0,18,72,134,98,42,118,74,111,69" hai1="94,8,55,113,100,68,101,41,90,80,9,114,23" hai2="12,4,26,126,27,59,75,88,103,63,60,96,124" hai3="132,39,21,45,64,3,105,99,51,65,46,131,91"/><T38/><D118/><U71/><E41/><V20/><F75/><W56/><G3/><T106/><D89/><U78/><E23/><V1/><F1/><W13/><G131/><T117/><D18/><U31/><E31/><V108/><F108/><W14/><G132/><T86/><D86/><U24/><E24/><V11/><F27/><W79/><G79/><T95/><D95/><U7/><E7/><V62/><F88/><W81/><G105/><T125/><D117/><U52/><E90/><V119/><F119/><W107/><G107/><T10/><D0/><U76/><REACH who="1" step="1"/><E94/><REACH who="1" ten="250,240,250,250" step="2"/><N who="2" m="58775" /><F126/><W73/><G39/><T93/><D93/><U85/><E85/><V122/><F124/><W40/><G73/><T50/><D125/><U53/><E53/><N who="2" m="33903" /><F122/><W34/><G34/><T97/><D72/><U47/><E47/><V123/><F123/><W30/><G45/><T112/><D74/><U15/><E15/><V92/><F92/><N who="3" m="56735" /><G13/><T67/><D2/><U102/><E102/><V44/><F44/><W116/><G116/><T70/><D106/><U17/><E17/><AGARI ba="0,1" hai="4,11,12,17,20,26,62,63" m="33903,58775" machi="17" ten="30,2000,0" yaku="8,1,52,1" doraHai="5" who="2" fromWho="1" sc="250,0,240,-20,250,30,250,0" /><INIT seed="1,0,0,4,1,49" ten="250,220,280,250" oya="1" hai0="5,107,61,83,81,103,24,38,79,76,39,30,131" hai1="56,86,0,20,89,10,65,23,122,116,15,63,90" hai2="33,78,2,88,9,53,133,22,92,71,91,6,108" hai3="123,68,124,66,44,59,102,120,111,12,119,95,112"/><U99/><E122/><V14/><F33/><W82/><G112/><T94/><D131/><U52/><E116/><V48/><F71/><W62/><G119/><T69/><D5/><U67/><E0/><V54/><F108/><W36/><G111/><T4/><D4/><U113/><E113/><V132/><F78/><W117/><G82/><T35/><D94/><N who="1" m="56783" /><E10/><V135/><F48/><W109/><G109/><T84/><D83/><N who="1" m="49503" /><E15/><V128/><F128/><W64/><G117/><T110/><D79/><U115/><E115/><V34/><F34/><W45/><G12/><T19/><D19/><U57/><E67/><V27/><F2/><W127/><G95/><T75/><D84/><U32/><E32/><V134/><F134/><W96/><G96/><N who="0" m="61927" /><D110/><U73/><E73/><V98/><F91/><W80/><G102/><T100/><D100/><U87/><E87/><V51/><F51/><AGARI ba="0,0" hai="20,23,51,52,56,57,63,65" m="49503,56783" machi="51" ten="30,5800,0" yaku="8,1,52,1,54,1" doraHai="49" who="1" fromWho="2" sc="250,0,220,58,280,-58,250,0" /><INIT seed="1,1,0,5,2,81" ten="250,278,222,250" oya="1" hai0="8,0,60,69,28,49,109,80,7,91,107,78,86" hai1="38,27,50,98,74,121,122,11,127,9,30,100,129" hai2="70,67,126,6,115,17,120,15,82,94,112,113,2" hai3="130,71,89,75,54,31,92,29,58,87,125,43,35"/><U55/><E38/><V12/><F120/><W51/><G125/><T26/><D107/><U114/><E114/><V25/><F126/><W18/><G130/><T118/><D118/><U83/><E127/><V65/><F2/><W116/><G116/><T90/><D109/><U34/><E129/><V95/><F82/><W1/><G1/><T124/><D124/><U59/><E122/><V44/><F44/><W5/><G5/><T123/><D123/><U61/><E121/><V132/><F132/><W3/><G3/><T48/><D69/><U79/><REACH who="1" step="1"/><E61/><REACH who="1" ten="250,268,222,250" step="2"/><V68/><F112/><W93/><G71/><T128/><D128/><U73/><E73/><V33/><F68/><W20/><G75/><T133/><D60/><U105/><AGARI ba="1,1" hai="9,11,27,30,34,50,55,59,74,79,83,98,100,105" machi="105" ten="20,3900,0" yaku="1,1,0,1,7,1,53,0" doraHai="81" doraHaiUra="134" who="1" fromWho="1" sc="250,-14,268,52,222,-14,250,-14" /><INIT seed="1,2,0,1,5,29" ten="236,320,208,236" oya="1" hai0="59,60,126,25,2,117,135,113,47,124,134,13,115" hai1="98,38,58,11,84,114,1,106,96,70,119,35,31" hai2="122,40,116,81,86,82,5,20,97,91,24,127,103" hai3="73,89,28,132,9,78,129,17,53,99,55,49,88"/><U120/><E114/><N who="0" m="43529" /><D2/><U23/><E119/><V16/><F122/><W33/><G129/><T133/><D13/><U45/><E120/><V75/><F127/><N who="0" m="48682" /><D25/><U118/><E118/><V80/><F116/><W105/><G132/><T71/><D117/><U94/><E70/><V26/><F75/><W50/><G73/><T123/><D123/><U39/><E106/><V102/><F40/><W85/><G105/><T101/><D101/><N who="2" m="38410" /><F5/><W48/><G99/><T44/><D71/><U111/><E111/><V128/><F128/><W112/><G112/><T56/><D56/><U3/><E58/><V130/><F130/><W125/><G125/><T93/><D93/><U67/><E67/><AGARI ba="2,0" hai="44,47,59,60,67,133,134,135" m="48682,43529" machi="67" ten="40,8000,1" yaku="20,1,18,1,34,2" doraHai="29" who="0" fromWho="1" sc="236,86,320,-86,208,0,236,0" /><INIT seed="2,0,0,1,5,37" ten="322,234,208,236" oya="2" hai0="67,26,65,118,0,14,48,87,129,117,103,101,108" hai1="52,76,29,45,5,63,84,94,25,33,106,90,109" hai2="23,41,58,82,92,53,21,13,18,104,62,3,69" hai3="120,49,59,8,86,80,77,105,50,54,115,1,123"/><V98/><F104/><W79/><G115/><T36/><D36/><U43/><E106/><V39/><F3/><W122/><G105/><T28/><D0/><U4/><E109/><V24/><F69/><W83/><G49/><T68/><D108/><U73/><E73/><V40/><F82/><W91/><REACH who="3" step="1"/><G83/><REACH who="3" ten="322,234,208,226" step="2"/><T100/><D48/><U7/><E76/><V31/><F39/><W132/><G132/><T107/><D107/><U60/><REACH who="1" step="1"/><E52/><REACH who="1" ten="322,224,208,226" step="2"/><V15/><REACH who="2" step="1"/><F13/><REACH who="2" ten="322,224,198,226" step="2"/><W124/><G124/><T70/><D14/><U95/><E95/><V75/><F75/><W113/><G113/><T61/><D117/><U10/><E10/><V19/><F19/><W125/><G125/><T12/><D118/><U6/><N who="1" m="1024" /><DORA hai="55" /><U85/><E85/><V2/><F2/><W78/><G78/><T126/><D126/><U133/><E133/><V51/><F51/><AGARI ba="0,3" hai="25,29,33,43,45,51,60,63,84,90,94" m="1024" machi="51" ten="50,3200,0" yaku="1,1,52,1,53,0" doraHai="37,55" doraHaiUra="97,99" who="1" fromWho="2" sc="322,0,224,62,198,-32,226,0" /><INIT seed="3,0,0,0,4,104" ten="322,286,166,226" oya="3" hai0="116,87,34,68,73,33,106,95,113,81,97,96,131" hai1="23,57,28,90,72,126,27,115,66,70,65,92,98" hai2="111,63,44,52,79,20,29,127,6,133,64,121,77" hai3="89,129,67,59,18,48,38,26,32,2,41,118,39"/><W45/><G118/><T80/><D68/><U35/><E115/><V58/><F111/><W82/><G129/><T12/><D116/><U86/><E126/><V21/><F127/><W47/><G2/><T103/><D113/><U108/><E108/><V30/><F133/><W112/><G112/><T128/><D12/><U9/><E70/><V43/><F121/><W94/><G82/><T49/><D49/><U120/><E120/><V42/><F6/><W109/><G109/><T91/><D33/><U114/><E114/><V16/><F64/><W110/><G110/><T100/><D34/><U8/><E35/><V130/><F130/><N who="0" m="49706" /><D73/><U24/><E72/><V93/><F93/><AGARI ba="0,0" hai="80,81,87,91,93,95,96,97,100,103,106" m="49706" machi="93" ten="30,3900,0" yaku="19,1,34,2" doraHai="104" who="0" fromWho="2" sc="322,39,286,0,166,-39,226,0" owari="361,46.1,286,8.6,127,-37.3,226,-17.4" /></mjloggm>