<mjloggm ver="2.3"><GO type="225" lobby="0"/><UN n0="%E6%80%AA%E3%81%97%E3%81%99%E3%81%8E%E3%82%8B%E3%83%81%E3%83%BC" n1="%6D%75%75%6D%75%72%61" n2="%72%69%6F%75%63%68%61%6E" n3="%E3%83%AD%E3%83%83%E3%83%86%E9%9B%80%E7%90%83" dan="16,16,17,17" rate="2136.10,2194.37,2177.97,2259.07" sx="M,F,M,M"/><TAIKYOKU oya="0"/><INIT seed="0,0,0,5,4,89" ten="250,250,250,250" oya="0" hai0="112,118,131,47,27,85,66,45,102,46,105,21,84" hai1="116,13,72,71,38,86,7,51,104,2,9,78,14" hai2="127,111,96,81,126,17,0,92,129,101,69,35,62" hai3="76,61,77,82,87,73,93,134,133,68,130,58,32"/><T26/><D112/><U80/><E38/><V83/><F111/><W74/><G32/><T39/><D118/><U100/><E116/><V12/><F0/><W42/><G68/><T70/><D131/><U54/><E71/><V37/><F129/><W114/><G42/><T67/><D39/><U56/><REACH who="1" step="1"/><E72/><REACH who="1" ten="250,240,250,250" step="2"/><V1/><F37/><W79/><G130/><T64/><D70/><U4/><E4/><V75/><F75/><W110/><G74/><T30/><REACH who="0" step="1"/><D27/><REACH who="0" ten="240,240,250,250" step="2"/><U34/><E34/><V29/><F69/><W50/><G114/><T23/><D23/><U65/><E65/><V52/><F35/><W53/><G110/><T119/><D119/><U15/><E15/><V124/><F1/><W59/><G134/><T57/><D57/><U95/><E95/><V6/><F6/><W33/><G133/><T98/><AGARI ba="0,2" hai="21,26,30,45,46,47,64,66,67,84,85,98,102,105" machi="98" ten="40,3900,0" yaku="1,1,0,1,53,0" doraHai="89" doraHaiUra="121" who="0" fromWho="0" sc="240,59,240,-13,250,-13,250,-13" /><INIT seed="0,1,0,0,0,2" ten="299,227,237,237" oya="0" hai0="33,94,84,1,49,28,29,88,13,64,121,14,38" hai1="81,45,95,93,18,25,76,78,16,35,103,132,47" hai2="37,6,8,60,73,51,101,69,92,86,128,50,109" hai3="5,10,127,4,0,98,110,108,96,39,58,77,89"/><T3/><D38/><U43/><E132/><V79/><F37/><W85/><G39/><T68/><D121/><U44/><E35/><V53/><F109/><N who="3" m="42091" /><G127/><T114/><D114/><U67/><E43/><V11/><F128/><W74/><G74/><T27/><D29/><U75/><E78/><V65/><F73/><W72/><G72/><T80/><D49/><U24/><E67/><V66/><F65/><W82/><G58/><T71/><D80/><U23/><REACH who="1" step="1"/><E103/><REACH who="1" ten="299,217,237,237" step="2"/><V31/><F101/><W117/><G117/><T12/><REACH who="0" step="1"/><D64/><REACH who="0" ten="289,217,237,237" step="2"/><U9/><E9/><V46/><F11/><N who="3" m="2439" /><G77/><T134/><D134/><U63/><E63/><V59/><F79/><W111/><G111/><T105/><D105/><U129/><E129/><V70/><F60/><W48/><G48/><T61/><D61/><U42/><E42/><V116/><F50/><W123/><G123/><T122/><D122/><U97/><E97/><V90/><F116/><W20/><G20/><AGARI ba="1,2" hai="16,18,20,23,24,25,44,45,47,75,76,81,93,95" machi="20" ten="40,5200,0" yaku="1,1,9,1,54,1,53,0" doraHai="2" doraHaiUra="57" who="1" fromWho="3" sc="289,0,217,75,237,0,237,-55" /><INIT seed="1,0,0,0,3,135" ten="289,292,237,182" oya="1" hai0="92,50,78,125,13,104,9,56,110,122,94,130,59" hai1="119,105,30,37,29,86,80,4,68,10,5,111,131" hai2="83,65,70,106,11,0,2,39,40,72,33,35,101" hai3="115,113,6,85,100,61,74,31,107,25,3,48,91"/><U54/><E119/><V42/><F42/><W76/><G3/><N who="2" m="1065" /><F11/><W57/><G6/><T121/><D104/><U18/><E131/><V129/><F129/><W88/><G74/><T124/><D130/><U26/><E105/><V118/><F118/><W44/><G76/><T79/><D110/><U49/><E68/><V93/><F93/><N who="0" m="35946" /><D56/><U24/><E37/><V1/><N who="2" m="1073" /><V98/><DORA hai="60" /><F40/><W64/><G100/><T67/><D78/><U38/><E38/><V63/><F39/><W66/><G66/><T81/><D67/><U36/><E36/><V52/><F52/><W41/><G107/><T108/><D59/><U116/><E111/><V123/><F123/><W53/><G41/><T97/><D97/><U32/><E116/><V84/><F84/><W55/><G55/><T46/><D108/><U27/><E32/><V45/><F45/><W102/><G102/><T128/><D128/><U75/><E75/><V28/><F28/><W77/><G77/><AGARI ba="0,0" hai="33,35,63,65,70,72,77,83,98,101,106" m="1073" machi="77" ten="40,5200,0" yaku="33,2,52,1" doraHai="135,60" who="2" fromWho="3" sc="289,0,292,0,237,52,182,-52" /><INIT seed="2,0,0,4,0,1" ten="289,292,289,130" oya="2" hai0="39,108,92,125,82,87,69,124,117,37,80,75,66" hai1="13,4,76,64,45,115,42,131,5,100,33,68,114" hai2="38,122,127,132,86,129,21,56,59,35,36,32,30" hai3="14,98,43,102,17,50,16,53,55,90,88,18,28"/><V94/><F122/><W116/><G116/><T130/><D117/><U99/><E33/><V79/><F129/><W62/><G28/><T118/><D118/><U74/><E131/><V58/><F127/><N who="0" m="48714" /><D130/><U2/><E2/><V120/><F120/><W41/><G62/><N who="0" m="40151" /><D108/><U15/><E68/><V73/><F132/><W123/><G123/><T105/><D105/><U85/><E64/><V101/><F73/><W113/><G113/><T119/><D119/><U10/><E74/><V63/><F63/><W72/><G72/><T25/><D25/><U60/><E60/><V77/><F21/><W65/><G65/><T89/><D80/><U91/><E76/><AGARI ba="0,0" hai="37,39,75,76,82,87,89,92" m="40151,48714" machi="76" ten="30,1000,0" yaku="18,1" doraHai="1" who="0" fromWho="1" sc="289,10,292,-10,289,0,130,0" /><INIT seed="3,0,0,5,1,40" ten="299,282,289,130" oya="3" hai0="110,25,109,105,46,28,133,35,47,120,7,26,117" hai1="60,91,17,74,68,106,95,103,72,22,86,13,82" hai2="123,41,3,43,64,59,14,51,125,126,131,42,93" hai3="101,33,77,114,132,11,129,122,19,27,1,96,32"/><W97/><G114/><T18/><D117/><U102/><E106/><V135/><F3/><W30/><G122/><T9/><D120/><U87/><E72/><V24/><F123/><W62/><G129/><T81/><D105/><U50/><E74/><V8/><F131/><W107/><G132/><T15/><D81/><U29/><E29/><V48/><F135/><W12/><G77/><T20/><REACH who="0" step="1"/><D133/><REACH who="0" ten="289,282,289,130" step="2"/><U65/><REACH who="1" step="1"/><E50/><REACH who="1" ten="289,272,289,130" step="2"/><V76/><F48/><W104/><G1/><T84/><D84/><U10/><E10/><V75/><F51/><W79/><G79/><AGARI ba="0,2" hai="13,17,22,60,65,68,79,82,86,87,91,95,102,103" machi="79" ten="30,2000,0" yaku="1,1,7,1,53,0" doraHai="40" doraHaiUra="31" who="1" fromWho="3" sc="289,0,272,40,289,0,130,-20" owari="289,8.9,312,41.2,289,-11.1,110,-39.0" /></mjloggm>