<mjloggm ver="2.3"><GO type="225" lobby="0"/><UN n0="%72%69%6F%75%63%68%61%6E" n1="%E3%83%B4%E3%83%A0%EF%BC%99%E3%81%A6" n2="%73%7A%2E%64%31" n3="%47%32%E9%BE%8D%E9%96%80" dan="17,17,16,16" rate="2224.16,2247.43,2099.47,2098.35" sx="M,M,M,M"/><TAIKYOKU oya="0"/><INIT seed="0,0,0,2,5,22" ten="250,250,250,250" oya="0" hai0="21,19,29,48,129,75,51,25,32,92,131,99,110" hai1="12,31,8,47,1,117,70,119,4,60,28,11,56" hai2="16,105,69,130,82,65,54,112,9,55,81,116,71" hai3="121,3,33,84,115,43,53,0,49,68,126,132,34"/><T88/><D75/><U23/><E70/><V100/><F116/><W111/><G115/><T74/><D74/><U14/><E47/><V7/><F130/><N who="0" m="49674" /><D110/><U108/><E108/><V64/><F112/><W123/><G68/><T128/><N who="0" m="49682" /><T41/><DORA hai="83" /><D41/><U107/><E107/><V85/><F105/><W125/><G43/><T2/><D2/><N who="3" m="553" /><G132/><T76/><D76/><U57/><E1/><V127/><F100/><W39/><G39/><T52/><D52/><U91/><E91/><V35/><F127/><N who="3" m="48651" /><G111/><T63/><D63/><U90/><E90/><V38/><F38/><W87/><G33/><T114/><D114/><U13/><E117/><V134/><F35/><W124/><N who="3" m="48659" /><W40/><DORA hai="45" /><G34/><T18/><D18/><N who="1" m="10695" /><E119/><V72/><F16/><W46/><G40/><T135/><D135/><U98/><E60/><V120/><F134/><W106/><G106/><T10/><D10/><U37/><E37/><V27/><F9/><W62/><G62/><T103/><D103/><U59/><E11/><V89/><F55/><W97/><G97/><T20/><D32/><U104/><E8/><V79/><F54/><W67/><G67/><T73/><D73/><U94/><E104/><V80/><F64/><W24/><G24/><AGARI ba="0,0" hai="19,20,21,24,25,29,48,51,88,92,99" m="49682" machi="24" ten="40,18000,2" yaku="19,1,52,4,54,1" doraHai="22,83,45" who="0" fromWho="3" sc="250,180,250,0,250,0,250,-180" /><INIT seed="0,1,0,2,1,42" ten="430,250,250,70" oya="0" hai0="70,97,47,54,68,0,96,14,63,9,117,91,19" hai1="74,89,99,75,28,66,133,78,109,114,125,116,55" hai2="126,13,26,86,48,34,3,30,79,57,50,39,45" hai3="25,81,32,4,69,90,21,46,43,16,98,110,5"/><T85/><D117/><U67/><E116/><V93/><F126/><W102/><G110/><T94/><D0/><U53/><E109/><V31/><F31/><W27/><G69/><T41/><D54/><U101/><E125/><V118/><F118/><W7/><G32/><T51/><REACH who="0" step="1"/><D70/><REACH who="0" ten="420,250,250,70" step="2"/><U37/><E55/><V132/><F3/><W60/><G60/><T106/><D106/><U8/><E53/><V24/><F132/><W29/><G81/><T44/><D44/><U10/><E133/><V134/><F134/><W95/><G102/><T64/><AGARI ba="1,1" hai="9,14,19,41,47,51,63,64,68,85,91,94,96,97" machi="64" ten="30,6000,0" yaku="1,1,0,1,52,1,53,0" doraHai="42" doraHaiUra="107" who="0" fromWho="0" sc="420,73,250,-21,250,-21,70,-21" /><INIT seed="0,2,0,2,1,8" ten="493,229,229,49" oya="0" hai0="87,68,27,38,115,19,1,41,7,105,49,117,25" hai1="44,17,94,111,93,73,116,2,10,129,121,92,133" hai2="123,43,47,34,22,33,109,12,26,113,112,64,126" hai3="59,85,35,103,29,88,69,101,21,89,122,40,100"/><T84/><D115/><U132/><E116/><V114/><F123/><W56/><G69/><T58/><D117/><U36/><E121/><V37/><F126/><W23/><G122/><T83/><D105/><U75/><E111/><V39/><F109/><W53/><G35/><T55/><D68/><U78/><E129/><V60/><F39/><W67/><G40/><T9/><D87/><U20/><E2/><V77/><F77/><W15/><G29/><T108/><D108/><U110/><E10/><V63/><F12/><W16/><G23/><T118/><D118/><U42/><E78/><V14/><F14/><W134/><G134/><N who="1" m="51818" /><E110/><V99/><F99/><W61/><REACH who="3" step="1"/><G85/><REACH who="3" ten="493,229,229,39" step="2"/><T71/><D71/><U72/><E73/><V45/><F34/><W106/><G106/><T48/><D41/><U97/><E97/><V135/><F33/><W62/><AGARI ba="2,1" hai="15,16,21,53,56,59,61,62,67,88,89,100,101,103" machi="62" ten="30,12000,2" yaku="1,1,0,1,8,1,52,1,54,2,53,0" doraHai="8" doraHaiUra="76" who="3" fromWho="3" sc="493,-62,229,-32,229,-32,39,136" /><INIT seed="1,0,0,3,3,76" ten="431,197,197,175" oya="1" hai0="103,22,120,73,18,35,14,34,40,74,128,94,38" hai1="117,26,109,102,55,116,87,134,29,48,132,9,27" hai2="66,21,123,30,70,101,42,126,127,16,2,108,119" hai3="28,65,110,96,24,130,82,118,25,41,51,104,46"/><U97/><E9/><V37/><F123/><W89/><G110/><T135/><D120/><U98/><E109/><V113/><F119/><W1/><G118/><T62/><D128/><U53/><E87/><V5/><F108/><W77/><G1/><T54/><D135/><N who="1" m="51755" /><E98/><V64/><F101/><W6/><G130/><T33/><D38/><U99/><E97/><V12/><F30/><W39/><G6/><T47/><D103/><U84/><E84/><V121/><F121/><W11/><G11/><T92/><D74/><U131/><E131/><V59/><F113/><W60/><G39/><T15/><D73/><U3/><E3/><V79/><F79/><W81/><G77/><T90/><D90/><U107/><E26/><V105/><F105/><W114/><G114/><T10/><D94/><U85/><E85/><V4/><F2/><W68/><G24/><T115/><D92/><U52/><E48/><V133/><F133/><W122/><G122/><T0/><D115/><U112/><E112/><V23/><F23/><AGARI ba="0,0" hai="23,27,29,52,53,55,99,102,107,116,117" m="51755" machi="23" ten="30,2900,0" yaku="20,1,54,1" doraHai="76" who="1" fromWho="2" sc="431,0,197,29,197,-29,175,0" /><INIT seed="1,1,0,3,2,17" ten="431,226,168,175" oya="1" hai0="128,70,40,13,57,113,132,106,39,80,54,73,14" hai1="123,95,46,7,75,16,78,104,120,105,114,85,37" hai2="51,101,6,62,48,36,20,55,125,131,115,84,90" hai3="59,34,135,79,31,91,68,129,69,100,108,0,110"/><U66/><E114/><V45/><F131/><W58/><G0/><T60/><D113/><U25/><E7/><V3/><F115/><W72/><G129/><T111/><D128/><U4/><E4/><V92/><F125/><W38/><G38/><T124/><D124/><U88/><E66/><V121/><F121/><W41/><G41/><T64/><D111/><N who="3" m="42537" /><G100/><T89/><D132/><U24/><E24/><V18/><F101/><W63/><G135/><T23/><D106/><U15/><E25/><V22/><F3/><W118/><G118/><T133/><D133/><U130/><E130/><V27/><F6/><W81/><G58/><T19/><D13/><U98/><E104/><V8/><F8/><W9/><G9/><T112/><D112/><U109/><E109/><V1/><F1/><W77/><G77/><T116/><D116/><U21/><E46/><V10/><F10/><W33/><G91/><T107/><D107/><U83/><E37/><V35/><F35/><N who="3" m="13323" /><G31/><T44/><D89/><U32/><E32/><V65/><F36/><W93/><G93/><T11/><D11/><U127/><E127/><V47/><F27/><W50/><G50/><N who="0" m="30935" /><D80/><U28/><E28/><V12/><F12/><W71/><G71/><T42/><D40/><U122/><E123/><V29/><F29/><W134/><G134/><T103/><D103/><AGARI ba="1,0" hai="15,16,21,75,78,83,85,88,95,98,103,105,120,122" machi="103" ten="40,12000,1" yaku="24,2,52,1,54,2" doraHai="17" who="1" fromWho="0" sc="431,-123,226,123,168,0,175,0" /><INIT seed="1,2,0,3,1,28" ten="308,349,168,175" oya="1" hai0="98,55,46,121,66,11,75,60,17,13,21,111,49" hai1="80,0,38,116,79,120,128,112,15,19,43,102,12" hai2="82,32,18,134,95,99,1,52,37,9,45,92,105" hai3="122,20,97,57,107,76,48,91,101,115,42,67,50"/><U41/><E112/><V59/><F134/><W133/><G122/><T127/><D111/><U89/><E0/><V3/><F32/><W93/><G115/><T29/><D127/><U63/><E120/><V135/><F135/><W31/><G133/><T5/><D121/><U108/><E116/><V64/><F64/><W113/><G113/><T123/><D123/><U72/><E108/><V54/><F82/><W109/><G109/><T33/><D75/><U118/><E118/><V68/><F68/><W129/><G129/><T8/><D98/><U69/><E128/><V62/><F105/><W47/><G76/><T90/><D90/><U34/><E102/><V56/><F18/><W85/><G67/><T124/><D124/><U130/><E130/><V22/><F22/><W44/><G57/><T131/><D131/><U6/><E34/><V132/><F132/><W94/><G107/><T36/><D36/><U2/><E89/><V74/><F74/><W16/><G31/><T100/><D100/><U110/><E110/><V117/><F117/><W10/><G10/><T70/><REACH who="0" step="1"/><D5/><REACH who="0" ten="298,349,168,175" step="2"/><U119/><E6/><N who="2" m="1231" /><F99/><W96/><G97/><T14/><D14/><U7/><E12/><V103/><F103/><W58/><G101/><T84/><D84/><U23/><E38/><V39/><F3/><W24/><G96/><T4/><D4/><U106/><E119/><V86/><F37/><W25/><G85/><T40/><D40/><U65/><E106/><V35/><F86/><W71/><G42/><N who="1" m="15882" /><E7/><V26/><F39/><W104/><G104/><T53/><D53/><U87/><E87/><RYUUKYOKU ba="2,1" sc="298,15,349,15,168,-15,175,-15" hai0="8,11,13,17,21,29,33,46,49,55,60,66,70" hai1="2,15,19,23,63,65,69,72,79,80" /><INIT seed="1,3,1,0,2,113" ten="313,364,153,160" oya="1" hai0="73,110,128,91,49,87,7,14,50,35,39,42,15" hai1="8,58,101,72,122,27,127,5,84,77,34,43,83" hai2="129,133,130,78,18,37,23,6,62,67,116,0,22" hai3="97,108,40,88,61,126,4,32,51,107,125,33,74"/><U109/><E122/><V28/><F37/><W114/><G114/><T121/><D110/><U134/><E127/><N who="3" m="48650" /><G74/><T36/><D73/><U2/><E134/><V69/><F133/><W112/><G112/><T71/><D35/><U111/><E101/><V68/><F78/><W70/><G108/><N who="1" m="41546" /><E43/><V56/><F116/><W102/><G4/><T96/><D42/><U1/><E72/><V105/><F105/><W41/><G88/><T118/><D118/><U11/><E58/><V9/><F28/><W10/><G10/><N who="1" m="3626" /><E5/><V117/><F117/><W59/><G41/><T25/><D7/><U57/><E57/><V47/><F47/><N who="3" m="26087" /><G70/><T54/><D71/><U13/><E13/><V66/><F68/><W89/><G89/><T124/><D14/><U26/><E34/><V135/><F135/><W92/><G107/><T19/><D15/><U82/><E83/><V38/><F69/><W52/><AGARI ba="3,1" hai="32,33,52,59,61,92,97,102" m="26087,48650" machi="52" ten="30,2000,0" yaku="18,1,54,1" doraHai="113" who="3" fromWho="3" sc="313,-8,364,-13,153,-8,160,39" /><INIT seed="2,0,0,2,2,107" ten="305,351,145,199" oya="2" hai0="52,128,69,34,114,63,22,96,11,25,130,90,112" hai1="57,43,75,12,95,48,40,117,26,14,38,65,19" hai2="58,42,70,13,39,37,29,73,27,81,110,45,113" hai3="129,109,71,55,86,4,133,84,15,89,132,134,103"/><V66/><F113/><W124/><G109/><T60/><D34/><U46/><E117/><V35/><F58/><W92/><G71/><T53/><D11/><U5/><E75/><V80/><F80/><W32/><G32/><T122/><D122/><U18/><E5/><V83/><F83/><W6/><G124/><T116/><D116/><U50/><E38/><N who="2" m="21719" /><F13/><N who="1" m="5225" /><E26/><V108/><F66/><W30/><G30/><T49/><D96/><U31/><E31/><V8/><F8/><W79/><G103/><T94/><D69/><U131/><E131/><N who="0" m="50217" /><D114/><U111/><E111/><N who="2" m="42539" /><F70/><W2/><G2/><T16/><D112/><U91/><E65/><V9/><F9/><W104/><G15/><T24/><D24/><U44/><E57/><V56/><F56/><W36/><G129/><T82/><D82/><U1/><E1/><V121/><F121/><W3/><G3/><T78/><D78/><AGARI ba="0,0" hai="27,29,35,37,39,73,78,81" m="42539,21719" machi="78" ten="30,11600,0" yaku="14,1,10,1,23,1,52,1" doraHai="107" who="2" fromWho="0" sc="305,-116,351,0,145,116,199,0" /><INIT seed="2,1,0,4,5,58" ten="189,351,261,199" oya="2" hai0="60,8,75,106,82,85,43,84,47,68,112,52,99" hai1="89,23,53,0,9,135,15,107,83,20,98,71,88" hai2="19,74,130,27,18,96,127,105,46,42,119,94,24" hai3="6,76,131,113,108,56,128,17,38,2,64,50,125"/><V67/><F119/><W78/><G38/><T49/><D112/><U72/><E71/><V126/><F74/><W86/><G108/><T11/><D75/><U121/><E135/><V122/><F105/><W22/><G113/><T69/><D69/><U10/><E0/><V66/><F130/><N who="3" m="49707" /><G125/><N who="2" m="47625" /><F122/><W36/><G36/><T25/><D25/><N who="2" m="9802" /><F19/><W91/><G6/><T111/><D111/><U4/><E72/><V44/><F18/><W110/><G2/><T54/><D85/><N who="1" m="50239" /><E107/><V21/><F21/><W30/><G30/><T31/><D31/><U117/><E117/><V100/><F44/><W3/><G3/><T132/><D132/><U77/><E10/><N who="0" m="3625" /><D68/><U32/><E32/><V26/><N who="2" m="9810" /><V61/><DORA hai="33" /><F61/><N who="3" m="37927" /><G110/><T80/><D106/><U90/><E121/><V133/><F133/><W59/><G22/><T118/><D118/><U87/><E20/><V134/><F134/><W123/><G123/><T70/><D70/><U115/><E23/><V57/><F57/><W39/><G17/><T51/><D60/><U92/><E115/><V45/><F45/><W40/><G59/><N who="0" m="33167" /><D43/><U65/><E9/><V12/><F12/><W41/><G41/><T28/><D28/><U73/><E15/><V55/><F42/><W103/><G39/><T16/><D16/><U95/><E73/><V79/><F55/><W81/><G40/><T14/><D14/><U34/><E53/><V120/><F120/><W5/><G5/><T37/><D37/><U1/><E4/><V109/><F109/><W116/><G116/><T62/><D54/><U102/><E1/><V114/><F114/><RYUUKYOKU ba="1,0" sc="189,0,351,0,261,0,199,0" /><INIT seed="3,2,0,3,1,58" ten="189,351,261,199" oya="3" hai0="29,36,56,131,23,82,60,13,32,128,105,38,24" hai1="135,117,114,40,126,118,102,9,47,119,46,129,115" hai2="5,68,134,116,75,64,33,108,71,96,51,11,89" hai3="19,48,67,35,103,99,17,42,88,62,44,0,76"/><W90/><G0/><T86/><D105/><U73/><E73/><V92/><F116/><W22/><G35/><T53/><D13/><U10/><E126/><V94/><F134/><W70/><G76/><N who="0" m="46407" /><D32/><U18/><E135/><V107/><F108/><W124/><G124/><T104/><D104/><U122/><E129/><AGARI ba="2,0" hai="23,24,29,36,38,53,56,60,128,129,131" m="46407" machi="129" ten="30,2000,0" yaku="19,1,52,1" doraHai="58" who="0" fromWho="1" sc="189,26,351,-26,261,0,199,0" owari="215,-18.5,325,42.5,261,6.1,199,-30.1" /></mjloggm>