<mjloggm ver="2.3"><GO type="225" lobby="0"/><UN n0="%33%74%72%65%65" n1="%72%65%6E%6B%75%6E" n2="%E7%AC%B9%E9%A4%85" n3="%4C%4F%4C%49%54%41" dan="16,17,17,16" rate="2081.57,2205.23,2205.48,2168.10" sx="F,M,M,F"/><TAIKYOKU oya="0"/><INIT seed="0,0,0,0,4,98" ten="250,250,250,250" oya="0" hai0="64,63,0,95,30,126,118,77,27,116,108,41,28" hai1="83,22,57,86,38,82,101,128,58,89,24,91,90" hai2="97,61,70,9,78,74,131,113,34,93,132,51,105" hai3="11,1,32,115,35,60,44,125,112,52,8,94,16"/><T114/><D114/><U75/><E38/><V130/><F113/><W59/><G125/><T85/><D126/><U66/><E128/><N who="2" m="49195" /><F105/><W37/><G32/><T72/><D0/><U10/><E75/><V7/><F34/><W43/><G35/><T49/><D72/><U88/><E10/><V33/><F33/><W19/><G94/><T119/><D108/><U117/><E117/><V15/><F132/><W106/><G106/><T2/><D2/><U99/><E66/><N who="2" m="41295" /><F51/><W135/><G135/><T4/><D4/><U12/><E12/><V84/><F74/><W45/><G19/><T5/><D5/><U100/><E99/><V18/><F78/><W92/><G92/><T40/><D116/><U50/><E83/><V62/><F62/><W76/><G76/><T71/><D118/><U56/><E50/><V68/><F68/><W23/><G44/><T67/><D49/><U55/><E55/><V111/><F84/><W29/><G1/><T54/><D71/><U6/><E6/><V123/><F111/><W17/><G112/><T110/><D110/><U124/><E124/><V13/><F123/><W25/><REACH who="3" step="1"/><G115/><REACH who="3" ten="250,250,250,240" step="2"/><T80/><D119/><U42/><E42/><V39/><F18/><AGARI ba="0,1" hai="18,22,24,56,57,58,82,86,88,89,90,91,100,101" machi="18" ten="40,8000,1" yaku="8,1,52,2,54,1" doraHai="98" who="1" fromWho="2" sc="250,0,250,90,250,-80,240,0" /><INIT seed="1,0,0,0,5,8" ten="250,340,170,240" oya="1" hai0="83,11,24,80,113,25,61,39,60,84,34,70,13" hai1="0,42,19,133,33,56,20,6,105,125,66,12,4" hai2="122,88,74,106,44,101,114,26,5,134,132,23,57" hai3="51,79,16,45,78,76,48,49,46,99,71,119,104"/><U54/><E105/><V111/><F122/><W123/><G123/><T92/><D113/><U102/><E102/><V107/><F114/><W31/><G71/><T130/><D39/><U86/><E33/><V121/><F121/><W65/><G119/><T94/><D130/><U73/><E73/><V38/><F74/><W10/><G65/><T103/><D70/><U50/><E125/><V1/><F111/><W91/><G31/><T30/><D24/><U17/><E133/><N who="2" m="51307" /><F101/><W55/><G104/><T27/><D27/><N who="1" m="14735" /><E66/><V15/><F1/><W40/><G49/><T85/><D103/><U35/><E35/><V64/><F64/><W128/><G128/><T36/><D36/><U129/><E0/><V77/><F57/><W93/><REACH who="3" step="1"/><G78/><REACH who="3" ten="250,340,170,230" step="2"/><N who="0" m="46103" /><D30/><U18/><E50/><V32/><F77/><W29/><G29/><T90/><D34/><U81/><E129/><V67/><F32/><W109/><G109/><T68/><D68/><U110/><E110/><V53/><F67/><W87/><G87/><T58/><D85/><U14/><E86/><V75/><F75/><W116/><G116/><T47/><D60/><N who="1" m="35863" /><E81/><V120/><F120/><W21/><G21/><T22/><D22/><N who="1" m="11591" /><E42/><V112/><F112/><W124/><G124/><T115/><D115/><U43/><E43/><V89/><F106/><W69/><G69/><T131/><D131/><U117/><E117/><V100/><F107/><W95/><G95/><T62/><D94/><U82/><E82/><V127/><F127/><W2/><G2/><T28/><D83/><U59/><E59/><V72/><F72/><W3/><G3/><RYUUKYOKU ba="0,1" sc="250,-15,340,15,170,-15,230,15" hai1="4,6,14,19" hai3="10,16,40,45,46,48,51,55,76,79,91,93,99" /><INIT seed="1,1,1,3,2,48" ten="235,355,155,245" oya="1" hai0="114,37,76,93,67,25,112,1,17,9,89,135,68" hai1="125,54,5,12,123,10,103,11,117,46,7,79,107" hai2="3,55,99,31,118,15,116,50,71,32,14,122,134" hai3="105,27,132,88,6,95,120,52,128,113,80,34,39"/><U78/><E123/><V28/><F122/><W40/><G113/><T100/><D135/><U63/><E117/><V84/><F3/><W22/><G34/><T26/><D100/><U23/><E125/><V2/><F2/><W69/><G120/><T53/><D76/><U133/><E133/><V101/><F71/><W72/><G69/><T81/><D81/><U77/><E23/><V35/><F134/><W61/><G105/><T58/><D37/><U56/><E46/><V73/><F73/><W13/><G128/><T60/><D25/><U86/><E107/><V97/><F84/><W65/><G65/><T33/><D33/><U121/><E103/><V124/><F101/><W87/><G132/><T115/><D1/><U24/><E24/><V131/><F50/><W66/><G66/><T18/><D9/><U57/><E121/><V30/><F30/><N who="3" m="17783" /><G72/><T64/><D64/><U108/><E57/><V0/><F0/><W102/><G40/><T92/><D26/><U94/><E108/><V98/><F131/><W83/><G39/><T43/><D43/><U36/><E36/><V91/><F124/><W70/><G70/><T85/><REACH who="0" step="1"/><D92/><REACH who="0" ten="225,355,155,245" step="2"/><U29/><E29/><V106/><F31/><W45/><G102/><T51/><AGARI ba="1,2" hai="17,18,51,53,58,60,67,68,85,89,93,112,114,115" machi="51" ten="30,7900,0" yaku="1,1,2,1,0,1,52,1,53,0" doraHai="48" doraHaiUra="104" who="0" fromWho="0" sc="225,102,355,-40,155,-21,245,-21" /><INIT seed="2,0,0,1,2,134" ten="327,315,134,224" oya="2" hai0="19,63,125,25,73,24,64,98,109,95,107,26,29" hai1="103,52,79,48,97,12,91,89,106,93,76,123,105" hai2="132,83,112,119,68,39,87,10,96,82,94,84,16" hai3="17,30,4,13,28,34,81,69,65,36,8,88,60"/><V72/><F112/><W38/><G34/><T101/><D109/><U78/><E123/><V102/><F132/><W5/><G30/><T58/><D73/><U127/><E127/><V0/><F119/><W128/><G28/><T18/><D29/><U131/><E131/><V33/><F33/><W50/><G128/><T124/><REACH who="0" step="1"/><D107/><REACH who="0" ten="317,315,134,224" step="2"/><U104/><REACH who="1" step="1"/><E12/><REACH who="1" ten="317,305,134,224" step="2"/><N who="2" m="7191" /><F0/><W130/><G130/><T7/><D7/><U27/><E27/><V23/><F72/><W71/><G4/><T11/><D11/><U6/><E6/><V40/><F68/><W66/><G69/><T67/><D67/><U108/><E108/><V41/><F39/><W56/><G38/><T77/><D77/><U47/><AGARI ba="0,2" hai="47,48,52,76,78,79,89,91,93,97,103,104,105,106" machi="47" ten="40,8000,1" yaku="1,1,0,1,54,1,53,1" doraHai="134" doraHaiUra="46" who="1" fromWho="1" sc="317,-20,305,100,134,-40,224,-20" /><INIT seed="3,0,0,0,1,12" ten="297,405,94,204" oya="3" hai0="82,128,109,115,44,53,23,4,40,6,34,74,48" hai1="75,119,81,63,16,8,19,31,36,35,41,100,7" hai2="26,101,20,10,18,130,11,29,68,37,96,72,97" hai3="108,135,57,120,133,52,17,21,28,69,5,78,55"/><W121/><G69/><T45/><D34/><U39/><E119/><V79/><F37/><W15/><G78/><T62/><D109/><U65/><E100/><V129/><F68/><W14/><G108/><T77/><D128/><U30/><E39/><V0/><F97/><W107/><G107/><T24/><D115/><U106/><E106/><V132/><F132/><N who="3" m="50763" /><G28/><T85/><D74/><U99/><E99/><V102/><F102/><W71/><G71/><T38/><D62/><U118/><E118/><V95/><F29/><AGARI ba="0,0" hai="4,6,23,24,29,38,40,44,45,48,53,77,82,85" machi="29" ten="30,1000,0" yaku="7,1" doraHai="12" who="0" fromWho="2" sc="297,10,405,0,94,-10,204,0" owari="307,10.7,405,50.5,84,-41.6,204,-19.6" /></mjloggm>