<mjloggm ver="2.3"><GO type="225" lobby="0"/><UN n0="%E5%B0%8F%37%34" n1="%E5%8F%AF%E5%85%90%E9%82%A3%E7%94%B1%E5%A4%9A" n2="%E7%99%BD%E6%97%A5%E9%9B%AA%E8%8F%9C" n3="%E6%B8%A9%E2%98%85%E6%83%85%E2%98%85%E6%8E%AA%E2%98%85%E7%BD%AE" dan="16,17,16,17" rate="2161.23,2154.41,2138.86,2261.21" sx="M,F,M,M"/><TAIKYOKU oya="0"/><INIT seed="0,0,0,0,2,7" ten="250,250,250,250" oya="0" hai0="79,34,72,96,76,105,130,33,23,115,43,117,93" hai1="74,108,3,113,70,120,104,114,0,51,100,20,68" hai2="133,60,129,125,59,55,10,26,28,124,21,15,1" hai3="62,14,45,30,86,9,22,18,126,57,95,109,127"/><T44/><D117/><U71/><E20/><V24/><F129/><W91/><G109/><T42/><D115/><N who="1" m="44043" /><E51/><V40/><F133/><W2/><G45/><T69/><D130/><U27/><E27/><V92/><F1/><N who="1" m="585" /><E120/><V52/><F40/><W98/><G86/><T135/><D69/><U25/><E25/><V128/><F128/><W31/><G2/><T49/><D105/><U106/><E108/><V112/><F112/><W47/><G47/><T121/><D135/><U99/><E106/><V29/><F92/><W6/><G126/><N who="2" m="48745" /><F55/><W110/><G110/><T94/><D121/><U37/><E74/><V89/><F89/><W12/><REACH who="3" step="1"/><G127/><REACH who="3" ten="250,250,250,240" step="2"/><T84/><D72/><U67/><E37/><V39/><F39/><W35/><G35/><T118/><D34/><U13/><E13/><V56/><F15/><W58/><G58/><T50/><D33/><U111/><E111/><V64/><F59/><W81/><G81/><T46/><D23/><U32/><E32/><N who="2" m="20487" /><F64/><AGARI ba="0,1" hai="6,9,12,14,18,22,30,31,57,62,64,91,95,98" machi="64" ten="30,8000,1" yaku="1,1,7,1,8,1,52,1,53,1" doraHai="7" doraHaiUra="88" who="3" fromWho="2" sc="250,0,250,0,250,-80,240,90" /><AGARI ba="0,0" hai="64,67,68,70,71,99,100,104" m="585,44043" machi="64" ten="40,1300,0" yaku="11,1" doraHai="7" who="1" fromWho="2" sc="250,0,250,13,170,-13,330,0" /><INIT seed="1,0,0,0,4,94" ten="250,263,157,330" oya="1" hai0="99,131,105,57,0,10,80,88,113,68,67,135,20" hai1="26,14,93,84,127,82,32,100,12,102,78,128,52" hai2="62,132,47,60,112,122,46,117,109,33,118,21,58" hai3="116,23,8,6,42,97,72,31,39,95,51,96,106"/><U83/><E127/><V27/><F33/><W114/><G114/><T129/><D113/><U50/><E128/><N who="0" m="49225" /><D68/><U37/><E37/><V61/><F112/><W90/><G39/><T81/><D135/><U104/><E104/><V5/><F122/><W121/><G72/><T30/><D105/><U36/><E36/><V92/><F132/><W7/><G121/><T77/><D0/><U11/><E32/><V103/><F109/><W56/><G116/><T53/><D10/><U41/><E41/><V91/><F103/><W111/><G111/><T55/><D30/><U28/><E83/><V45/><F5/><N who="3" m="1547" /><G8/><T125/><D125/><U70/><E70/><V130/><F130/><W49/><G106/><T64/><D20/><N who="1" m="15431" /><E11/><V40/><F40/><W4/><G4/><T59/><D80/><U43/><E43/><V9/><F9/><W48/><G42/><T74/><D59/><N who="1" m="33175" /><E102/><V34/><F34/><W75/><G75/><T18/><D55/><U89/><E100/><V73/><F73/><W44/><G44/><T15/><D53/><U13/><E13/><V19/><REACH who="2" step="1"/><F58/><REACH who="2" ten="250,263,147,330" step="2"/><W124/><G56/><T133/><D57/><U87/><AGARI ba="0,1" hai="12,14,78,82,84,87,89,93" m="33175,15431" machi="87" ten="30,3000,0" yaku="8,1,54,1" doraHai="94" who="1" fromWho="1" sc="250,-10,263,40,147,-10,330,-10" /><INIT seed="1,1,0,4,3,126" ten="240,303,137,320" oya="1" hai0="131,41,8,36,88,21,77,33,40,100,99,59,69" hai1="13,68,98,45,14,48,70,54,113,81,52,80,74" hai2="78,130,62,29,32,53,96,129,9,125,101,119,86" hai3="39,112,4,82,27,3,42,0,135,26,30,90,15"/><U55/><E113/><V43/><F119/><W47/><G112/><T132/><D69/><U108/><E108/><V12/><F125/><W122/><G122/><T57/><D33/><U111/><E111/><V73/><F73/><W49/><G135/><T28/><D132/><U60/><E70/><V56/><F43/><W23/><G39/><T114/><D77/><U105/><E74/><V103/><F32/><W123/><G123/><T91/><D114/><U102/><E68/><V79/><F29/><W38/><G38/><T85/><D8/><U16/><E13/><V31/><F31/><W11/><REACH who="3" step="1"/><G27/><REACH who="3" ten="240,303,137,310" step="2"/><T22/><D36/><U107/><E107/><V24/><F24/><W7/><G7/><T2/><D28/><U51/><E60/><V37/><F37/><W116/><G116/><T128/><D2/><U118/><E118/><V58/><F101/><W61/><G61/><T134/><D134/><U35/><E35/><V1/><F1/><W76/><G76/><T104/><D104/><U120/><E120/><V67/><F79/><W89/><G89/><T94/><D100/><U18/><E51/><V63/><F78/><W97/><G97/><T127/><D99/><U117/><E117/><V65/><F86/><AGARI ba="1,1" hai="0,3,4,11,15,23,26,30,42,47,49,82,86,90" machi="86" ten="40,1300,0" yaku="1,1,53,0" doraHai="126" doraHaiUra="64" who="3" fromWho="2" sc="240,0,303,0,137,-16,310,26" /><INIT seed="2,0,0,4,5,39" ten="240,303,121,336" oya="2" hai0="9,51,61,26,101,2,0,107,49,112,77,57,127" hai1="123,36,129,62,22,27,88,90,100,59,12,103,56" hai2="115,50,81,122,82,70,34,75,52,133,121,78,93" hai3="119,117,83,33,94,89,48,3,6,18,55,19,131"/><V54/><F115/><W120/><G33/><T114/><D127/><U63/><E36/><V86/><F34/><W71/><G71/><T113/><D77/><U95/><E129/><V76/><F70/><W91/><G120/><T21/><D107/><U130/><E130/><V73/><F133/><W4/><G131/><T30/><D101/><U98/><E123/><V43/><F43/><W92/><G3/><T38/><D38/><U110/><E110/><V106/><F106/><W104/><G104/><T69/><D69/><U40/><E12/><V25/><F25/><W80/><G55/><T134/><D134/><U108/><E108/><V15/><F15/><W97/><G48/><T10/><D51/><U111/><E40/><V31/><F31/><W65/><REACH who="3" step="1"/><G97/><REACH who="3" ten="240,303,121,326" step="2"/><T11/><REACH who="0" step="1"/><D49/><REACH who="0" ten="230,303,121,326" step="2"/><U126/><E111/><V87/><REACH who="2" step="1"/><F50/><REACH who="2" ten="230,303,111,326" step="2"/><W5/><G5/><T68/><D68/><U72/><E126/><V1/><F1/><W45/><G45/><T37/><D37/><U53/><E59/><V60/><F60/><W96/><G96/><T47/><D47/><U135/><E63/><V44/><F44/><W41/><G41/><T32/><D32/><U102/><E135/><V109/><F109/><W74/><G74/><T14/><D14/><U46/><E72/><V16/><F16/><W116/><G116/><T67/><AGARI ba="0,3" hai="0,2,9,10,11,21,26,30,57,61,67,112,113,114" machi="67" ten="40,5200,0" yaku="1,1,0,1,53,1" doraHai="39" doraHaiUra="20" who="0" fromWho="0" sc="230,82,303,-13,111,-26,326,-13" /><INIT seed="3,0,0,5,4,75" ten="312,290,85,313" oya="3" hai0="129,1,23,117,62,97,55,17,111,72,37,77,21" hai1="110,82,70,26,36,96,107,87,8,2,44,121,3" hai2="48,102,133,118,68,106,98,84,45,128,120,115,4" hai3="51,103,122,42,91,30,60,16,33,88,24,92,6"/><W9/><G122/><T100/><D117/><U112/><E121/><V31/><F120/><W134/><G134/><T64/><D1/><U56/><E112/><V116/><F115/><W65/><G16/><T7/><D37/><U63/><E110/><V29/><F68/><W12/><G103/><T76/><D7/><U53/><E70/><V34/><F133/><W123/><G123/><T25/><D72/><U61/><E61/><V14/><F128/><W114/><G114/><T126/><D111/><U5/><E26/><V43/><F34/><W32/><G32/><T28/><D129/><U19/><E19/><V78/><F116/><W39/><G39/><T104/><D55/><U67/><E2/><V58/><F58/><W86/><G91/><T59/><D126/><U10/><E10/><V81/><REACH who="2" step="1"/><F118/><REACH who="2" ten="312,290,75,313" step="2"/><W127/><G127/><T85/><D59/><U11/><E67/><V135/><F135/><W71/><G71/><T89/><D64/><U57/><E57/><V101/><F101/><W119/><G119/><T52/><D100/><N who="1" m="62855" /><E3/><V83/><F83/><W54/><G65/><T50/><D104/><U49/><E5/><V22/><F22/><W35/><G35/><T109/><D21/><U41/><E63/><V20/><F20/><W105/><G105/><T13/><D62/><U124/><E124/><V108/><F108/><W132/><G132/><T18/><D109/><U27/><E27/><V74/><F74/><W130/><G130/><T131/><D131/><U94/><E82/><V79/><F79/><W0/><G60/><T90/><D76/><U73/><E73/><RYUUKYOKU ba="0,1" sc="312,-15,290,15,75,15,313,-15" hai1="8,11,36,41,44,49,53,56,87,94" hai2="4,14,29,31,43,45,48,78,81,84,98,102,106" owari="297,-10.3,315,41.5,90,-41.0,298,9.8" /></mjloggm>