<mjloggm ver="2.3"><GO type="225" lobby="0"/><UN n0="%77%72%77%72%77%72%77%72" n1="%E5%A4%9C%E3%81%AE%E3%82%AC%E3%82%B9%E3%83%91%E3%83%BC%E3%83%AB" n2="%6D%75%75%73%61%6E%6D%75" n3="%E3%81%BF%E3%81%BF%E3%81%9A" dan="17,16,16,18" rate="2189.06,2149.16,2074.51,2296.22" sx="M,M,F,M"/><TAIKYOKU oya="0"/><INIT seed="0,0,0,4,3,63" ten="250,250,250,250" oya="0" hai0="32,8,20,7,72,88,25,119,103,31,105,76,45" hai1="57,102,24,107,70,73,93,5,97,37,35,68,131" hai2="113,11,79,123,78,23,86,133,95,58,71,42,127" hai3="101,48,126,130,128,74,134,82,16,60,46,54,26"/><T28/><D119/><U89/><E131/><N who="3" m="50218" /><G126/><T47/><D105/><U13/><E37/><V110/><F71/><W98/><G134/><T83/><D103/><U55/><E73/><V36/><F123/><W10/><G74/><T51/><D45/><U53/><E53/><V18/><F113/><W109/><G109/><T21/><D31/><U43/><E43/><V96/><F110/><W112/><G112/><T62/><D62/><U75/><E75/><V115/><F115/><W125/><G125/><T1/><REACH who="0" step="1"/><D88/><REACH who="0" ten="240,250,250,250" step="2"/><U52/><E89/><V111/><F127/><W66/><G82/><T3/><D3/><U41/><E107/><V61/><F111/><W85/><G101/><T17/><D17/><U106/><E106/><V34/><F18/><W121/><G121/><T104/><D104/><U114/><E102/><V30/><F30/><W135/><G135/><T120/><D120/><U129/><E114/><V108/><F133/><W40/><G98/><T80/><D80/><U29/><E129/><V9/><F108/><W132/><G132/><T56/><D56/><U2/><E2/><V67/><F96/><W4/><G85/><T122/><D122/><U99/><E99/><V14/><F86/><W44/><G44/><T22/><D22/><U6/><E97/><V33/><F23/><N who="3" m="13671" /><G40/><AGARI ba="0,1" hai="1,7,8,20,21,25,28,32,40,47,51,72,76,83" machi="40" ten="30,2900,0" yaku="1,1,7,1,53,0" doraHai="63" doraHaiUra="64" who="0" fromWho="3" sc="240,39,250,0,250,0,250,-29" /><INIT seed="0,1,0,2,5,21" ten="279,250,250,221" oya="0" hai0="58,81,10,26,113,86,67,53,87,111,8,74,65" hai1="57,102,41,118,122,107,31,18,72,28,25,34,7" hai2="130,83,84,123,62,47,79,128,30,13,36,80,99" hai3="4,59,20,0,119,43,104,48,76,15,56,61,127"/><T64/><D113/><U11/><E118/><V35/><F123/><W105/><G119/><T38/><D38/><U23/><E72/><V124/><F124/><W55/><G127/><T96/><D111/><U125/><E125/><V132/><F132/><W112/><G112/><T6/><D74/><U108/><E108/><V98/><F62/><W19/><G76/><T70/><D70/><U5/><E122/><V131/><F13/><W45/><G0/><T97/><D87/><U121/><E121/><V69/><F80/><W73/><G73/><T66/><N who="0" m="16384" /><DORA hai="91" /><T100/><D26/><N who="1" m="18711" /><E102/><V2/><F2/><W90/><G4/><N who="1" m="1610" /><E41/><N who="2" m="22951" /><F69/><W75/><G75/><T33/><D33/><N who="1" m="20719" /><E57/><V27/><AGARI ba="1,0" hai="27,30,35,79,83,84,98,99,128,130,131" m="22951" machi="27" ten="40,2700,0" yaku="19,1,52,1" doraHai="21,91" who="2" fromWho="2" sc="279,-14,250,-8,250,30,221,-8" /><INIT seed="1,0,0,4,1,74" ten="265,242,280,213" oya="1" hai0="131,67,122,103,113,93,8,109,62,22,82,51,29" hai1="59,21,90,102,35,10,25,126,47,23,37,132,117" hai2="89,45,20,94,52,124,44,1,60,81,73,40,123" hai3="46,50,80,0,55,78,36,72,17,87,6,76,54"/><U3/><E117/><V88/><F123/><W119/><G119/><T115/><D109/><U32/><E126/><V49/><F1/><W83/><G17/><T58/><D122/><U85/><E132/><V75/><F124/><W24/><G24/><T133/><D133/><U34/><E102/><V100/><F100/><W77/><G36/><T14/><D131/><U53/><E37/><V125/><F125/><W12/><G0/><T38/><D38/><U5/><E47/><V28/><F89/><W15/><G6/><T13/><D82/><N who="3" m="31273" /><G72/><T116/><D116/><U69/><E69/><V65/><F44/><N who="3" m="27975" /><G87/><T99/><D51/><AGARI ba="0,0" hai="12,15,46,51,55,76,77,78" m="27975,31273" machi="51" ten="30,7700,0" yaku="8,1,52,3" doraHai="74" who="3" fromWho="0" sc="265,-77,242,0,280,0,213,77" /><INIT seed="2,0,0,0,1,57" ten="188,242,280,290" oya="2" hai0="49,91,97,102,117,100,75,115,24,31,134,44,39" hai1="107,128,13,94,32,82,29,70,72,38,83,121,16" hai2="43,114,76,80,12,35,69,90,23,123,30,129,81" hai3="54,96,1,67,56,37,50,122,88,95,48,125,106"/><V19/><F114/><W130/><G122/><T64/><D115/><U61/><E107/><V135/><F123/><W26/><G37/><T17/><D75/><U47/><E121/><V108/><F129/><W11/><G130/><T110/><D39/><U36/><E128/><V7/><F135/><W52/><G125/><T116/><D134/><U40/><E38/><V118/><F118/><N who="0" m="45674" /><D110/><U22/><E72/><V53/><F108/><W78/><G106/><T6/><D6/><U68/><E94/><V86/><F7/><W131/><G131/><T73/><D73/><U132/><E70/><V18/><F43/><W10/><G1/><T51/><D17/><U77/><E77/><V133/><F133/><W5/><G5/><T113/><D113/><U9/><E132/><V103/><F19/><W34/><G67/><T4/><D4/><U65/><REACH who="1" step="1"/><E9/><REACH who="1" ten="188,232,280,290" step="2"/><V101/><F69/><W3/><G78/><T89/><D102/><U60/><E60/><V105/><F101/><W27/><G3/><T71/><D100/><U21/><E21/><V119/><F103/><W14/><G34/><T66/><D71/><U112/><E112/><V124/><F105/><W59/><G10/><T84/><D97/><U126/><E126/><V99/><F124/><W46/><G11/><T2/><D91/><U41/><E41/><V104/><F119/><W42/><G14/><T0/><D0/><U87/><E87/><V92/><F104/><W58/><G42/><N who="0" m="24727" /><D2/><U63/><E63/><V98/><F98/><W85/><G96/><T25/><D89/><U93/><E93/><V62/><F92/><RYUUKYOKU ba="0,1" sc="188,-15,232,15,280,-15,290,15" hai1="13,16,22,29,32,36,40,47,61,65,68,82,83" hai3="26,27,46,48,50,52,54,56,58,59,85,88,95" /><INIT seed="3,1,1,4,1,6" ten="173,247,265,305" oya="3" hai0="78,65,74,10,122,56,54,49,14,129,41,35,93" hai1="37,73,101,126,76,9,59,67,36,28,117,27,68" hai2="131,38,31,97,123,34,64,135,130,15,7,18,23" hai3="85,45,105,94,24,2,84,116,21,52,96,3,43"/><W111/><G116/><T58/><D122/><U80/><E117/><V55/><F38/><N who="1" m="14953" /><E59/><V60/><F55/><W88/><G111/><T100/><D35/><N who="1" m="20895" /><E101/><V134/><F97/><W107/><G107/><T99/><D129/><N who="2" m="49162" /><F60/><W11/><G43/><T8/><D41/><U33/><E9/><N who="0" m="3689" /><D74/><U102/><E102/><V112/><F64/><W92/><G105/><T109/><D109/><U113/><E33/><V47/><F47/><W16/><G11/><T22/><D78/><U62/><E126/><V91/><F91/><N who="3" m="55327" /><G2/><T133/><D133/><N who="2" m="50698" /><F7/><W86/><G3/><T0/><D0/><U83/><E83/><V63/><F63/><W44/><G44/><N who="0" m="27943" /><D65/><U81/><E81/><V108/><F108/><W98/><G45/><T114/><D114/><AGARI ba="1,1" hai="62,67,68,73,76,80,113,114" m="20895,14953" machi="114" ten="30,1000,0" yaku="23,1" doraHai="6" who="1" fromWho="0" sc="173,-13,247,23,265,0,305,0" owari="160,-34.0,270,7.0,265,-13.5,305,40.5" /></mjloggm>