<mjloggm ver="2.3"><GO type="225" lobby="0"/><UN n0="%E9%97%98%E5%B0%86%E3%81%A0%E3%82%93%E3%81%A7%E3%81%83" n1="%E4%BF%BA%E3%81%A8%E5%A6%96%E5%A4%A2" n2="%6E%69%63%6F%6E%74%6F" n3="%E3%81%AF%E3%82%88%E3%81%8A%E3%81%98%E3%81%95%E3%82%93" dan="16,17,16,17" rate="2107.66,2191.01,2116.48,2189.97" sx="M,F,M,M"/><TAIKYOKU oya="0"/><INIT seed="0,0,0,0,1,92" ten="250,250,250,250" oya="0" hai0="35,22,76,65,83,100,45,51,130,49,37,105,117" hai1="73,111,89,75,3,81,86,5,29,32,128,23,90" hai2="58,124,108,2,95,79,114,30,16,123,121,116,6" hai3="26,102,118,12,133,63,113,55,91,38,8,77,82"/><T31/><D35/><U48/><E32/><V119/><F79/><W107/><G113/><T85/><D117/><N who="2" m="45130" /><F114/><W71/><G38/><T135/><D130/><U132/><E128/><V99/><F30/><W0/><G0/><T34/><D34/><U11/><E111/><V1/><F108/><W14/><G118/><T27/><D135/><U40/><E132/><V13/><F58/><W69/><G133/><T53/><D65/><U39/><E39/><V41/><F41/><W109/><G91/><T64/><D64/><U93/><E29/><V70/><F70/><W103/><G26/><T43/><REACH who="0" step="1"/><D53/><REACH who="0" ten="240,250,250,250" step="2"/><U98/><E23/><N who="2" m="11663" /><F124/><W19/><G109/><T104/><D104/><U10/><E11/><N who="2" m="2511" /><F2/><W96/><G69/><T59/><D59/><U122/><E122/><V84/><F84/><W33/><G71/><T25/><D25/><U61/><E3/><V125/><F125/><W60/><G33/><T44/><D44/><N who="1" m="25607" /><E10/><V24/><F24/><W17/><G8/><T106/><D106/><U131/><E131/><V112/><F112/><W21/><G107/><T46/><D46/><U18/><E75/><V134/><F134/><W87/><G21/><T36/><D36/><U78/><E73/><V15/><F15/><W80/><G87/><T129/><D129/><U94/><E86/><V47/><F47/><W120/><G120/><T88/><D88/><AGARI ba="0,1" hai="88,95,99,121,123" m="2511,11663,45130" machi="88" ten="30,7700,0" yaku="12,1,52,1,54,2" doraHai="92" who="2" fromWho="0" sc="240,-77,250,0,250,87,250,0" /><INIT seed="1,0,0,1,2,56" ten="163,250,337,250" oya="1" hai0="125,128,119,115,62,100,22,89,49,68,107,45,63" hai1="117,21,6,39,113,101,77,104,12,85,129,15,57" hai2="24,66,76,48,70,72,4,108,105,5,106,23,53" hai3="8,10,13,97,17,2,133,55,93,71,19,102,33"/><U112/><E117/><V84/><F108/><W118/><G118/><T130/><D119/><U92/><E39/><V41/><F72/><W75/><G133/><T42/><D115/><U109/><E109/><V60/><F41/><W99/><G75/><T122/><D68/><U110/><E110/><V37/><F37/><W9/><G71/><T29/><D125/><U43/><E43/><V44/><F76/><W78/><G33/><T74/><D74/><U103/><E104/><V135/><F135/><W51/><G78/><T80/><D100/><U116/><E116/><V126/><F126/><W46/><G2/><T3/><D3/><U35/><E35/><V96/><F84/><W79/><G79/><T94/><D80/><U59/><E129/><N who="0" m="49769" /><D107/><U36/><E36/><V30/><REACH who="2" step="1"/><F105/><REACH who="2" ten="163,250,327,250" step="2"/><W88/><G97/><N who="0" m="57551" /><D122/><U25/><E113/><V114/><F114/><W123/><G123/><T95/><D95/><U81/><E112/><V91/><F91/><W120/><G120/><T67/><D67/><U26/><E92/><V38/><F38/><W134/><G134/><T65/><D65/><U20/><E103/><AGARI ba="0,1" hai="4,5,23,24,30,44,48,53,60,66,70,96,103,106" machi="103" ten="40,5200,0" yaku="1,1,52,1,53,1" doraHai="56" doraHaiUra="58" who="2" fromWho="1" sc="163,0,250,-52,327,62,250,0" /><INIT seed="2,0,0,5,5,44" ten="163,198,389,250" oya="2" hai0="8,42,110,31,58,0,112,109,104,41,83,19,134" hai1="38,2,21,95,54,67,33,62,25,63,30,114,7" hai2="84,132,122,70,120,27,75,73,28,77,48,9,78" hai3="26,6,94,82,128,16,39,37,10,56,80,113,102"/><V69/><F132/><W4/><G128/><T50/><D112/><U115/><E38/><V53/><F9/><W32/><G113/><T22/><D104/><U85/><E62/><V52/><F84/><W46/><G56/><T79/><D31/><U14/><E54/><V36/><F36/><W99/><G37/><T15/><D134/><U105/><E105/><V49/><F27/><W96/><G99/><T119/><D119/><U135/><E135/><V61/><F61/><W111/><G111/><N who="0" m="42507" /><D8/><N who="1" m="2167" /><E85/><V57/><F57/><W127/><G127/><T5/><D5/><U20/><E95/><V18/><F18/><W130/><G130/><T88/><D0/><U103/><E103/><V17/><F17/><W59/><G59/><T131/><D131/><U55/><E55/><V89/><F28/><N who="3" m="19479" /><G16/><T13/><D13/><U107/><E107/><V100/><F100/><W3/><G4/><T65/><D65/><U91/><E67/><V125/><F125/><W117/><G117/><T11/><D11/><U23/><E63/><V29/><F29/><W76/><G76/><T129/><D129/><U45/><E91/><AGARI ba="0,0" hai="48,49,52,53,69,70,73,75,77,78,89,91,120,122" machi="91" ten="25,12000,1" yaku="22,2,52,2,54,1" doraHai="44" who="2" fromWho="1" sc="163,0,198,-120,389,120,250,0" /><INIT seed="2,1,0,0,0,37" ten="163,78,509,250" oya="2" hai0="28,72,47,12,24,3,4,63,68,2,39,78,0" hai1="132,56,75,86,133,117,66,17,52,42,73,120,81" hai2="115,85,49,9,111,26,96,43,8,58,54,60,122" hai3="29,57,65,1,22,110,35,34,14,104,70,82,98"/><V92/><F115/><W80/><G1/><T113/><D12/><U23/><E117/><V99/><F122/><W118/><G118/><T130/><D113/><U46/><E120/><V55/><F111/><W128/><G110/><T30/><D30/><U121/><E121/><V20/><F85/><W33/><G70/><T88/><D88/><N who="1" m="51279" /><E66/><V15/><F15/><W44/><G128/><T95/><D95/><U87/><E87/><V134/><F134/><N who="1" m="51817" /><E23/><V16/><F99/><W61/><G104/><T62/><D78/><U31/><E31/><V103/><F55/><W109/><G98/><T108/><D28/><U77/><E17/><V41/><F60/><W74/><G74/><T124/><D72/><U101/><E101/><V105/><F105/><W116/><G109/><T126/><D108/><U91/><E91/><V7/><F7/><W19/><G116/><T21/><D4/><U90/><E90/><V71/><F71/><W18/><G29/><T100/><D68/><U67/><E67/><V59/><F59/><W6/><G6/><T53/><D100/><U135/><N who="1" m="51825" /><U48/><DORA hai="84" /><E77/><V10/><AGARI ba="1,0" hai="8,9,10,16,20,26,41,43,49,54,58,92,96,103" machi="10" ten="30,12000,1" yaku="0,1,8,1,52,2,54,1" doraHai="37,84" who="2" fromWho="2" sc="163,-41,78,-41,509,123,250,-41" /><INIT seed="2,2,0,3,1,80" ten="122,37,632,209" oya="2" hai0="17,89,13,4,88,125,26,36,25,77,60,105,83" hai1="100,110,93,34,82,91,33,114,117,69,54,9,6" hai2="15,11,8,75,1,98,81,116,49,50,65,52,63" hai3="31,22,44,128,96,61,35,47,10,23,45,104,24"/><V76/><F116/><W2/><G128/><T57/><D105/><U19/><E117/><V92/><F1/><W12/><G2/><T122/><D36/><U64/><E114/><V72/><F72/><W132/><G132/><T40/><D40/><U39/><E110/><V129/><F129/><W71/><G71/><T56/><D56/><U74/><E39/><V41/><F41/><W29/><G61/><T119/><D122/><U3/><E64/><V59/><F15/><W78/><G78/><T108/><D108/><U5/><E69/><V67/><F67/><W85/><G85/><N who="0" m="48367" /><D4/><U32/><E82/><V43/><F43/><W66/><G66/><N who="0" m="39183" /><D125/><U118/><E74/><V94/><F94/><W134/><G134/><T37/><D37/><U135/><E135/><V131/><F131/><W14/><G31/><T127/><D127/><U113/><E118/><V87/><F75/><W97/><G14/><T42/><D42/><U99/><E113/><V106/><F106/><W123/><G123/><T126/><D126/><U62/><E5/><V130/><F130/><W58/><G58/><T103/><D103/><U30/><E62/><V79/><F79/><W120/><G120/><T51/><D51/><N who="2" m="19466" /><F65/><W21/><REACH who="3" step="1"/><G104/><REACH who="3" ten="122,37,632,199" step="2"/><T86/><D119/><U73/><E73/><V84/><F76/><W133/><G133/><T90/><D86/><N who="2" m="32810" /><F81/><W7/><AGARI ba="2,1" hai="7,10,12,21,22,23,24,29,35,44,45,47,96,97" machi="7" ten="30,4000,0" yaku="1,1,0,1,53,1" doraHai="80" doraHaiUra="27" who="3" fromWho="3" sc="122,-12,37,-12,632,-22,199,56" /><INIT seed="3,0,0,4,0,38" ten="110,25,610,255" oya="3" hai0="27,93,5,134,22,51,44,116,59,29,41,21,114" hai1="96,15,90,89,56,101,40,129,109,31,35,45,17" hai2="97,33,79,75,122,125,49,60,32,133,47,99,10" hai3="18,106,68,11,69,118,119,107,92,24,30,77,102"/><W121/><G77/><T110/><D116/><U81/><E109/><V13/><F122/><W8/><G121/><T37/><D110/><U19/><E129/><V65/><F133/><W74/><G74/><T128/><D134/><U23/><E35/><V132/><F132/><W16/><G92/><T9/><D128/><U94/><E31/><V72/><F125/><W84/><G84/><T124/><D124/><U126/><E126/><V105/><F105/><W113/><G30/><T12/><D114/><U6/><E6/><V64/><F64/><W50/><G50/><T80/><D80/><U62/><E19/><V131/><F131/><W117/><G102/><T28/><D93/><U14/><E14/><V87/><F75/><W58/><G58/><T98/><D98/><U108/><E81/><V63/><F63/><W39/><G39/><T86/><D86/><U20/><E20/><V61/><F61/><W42/><G24/><T7/><D7/><U0/><E0/><V36/><F36/><W91/><G91/><T26/><D59/><U112/><E112/><V82/><F72/><W43/><REACH who="3" step="1"/><G118/><REACH who="3" ten="110,25,610,245" step="2"/><T25/><D37/><U73/><E73/><V103/><F103/><W120/><G120/><T76/><D26/><U52/><E108/><V2/><F87/><W115/><AGARI ba="0,1" hai="8,11,16,18,42,43,68,69,106,107,113,115,117,119" machi="115" ten="25,18000,2" yaku="1,1,0,1,22,2,52,2,54,1,53,0" doraHai="38" doraHaiUra="55" who="3" fromWho="3" sc="110,-60,25,-60,610,-60,245,190" owari="50,-35.0,-35,-53.5,550,65.0,435,23.5" /></mjloggm>