<mjloggm ver="2.3"><GO type="225" lobby="0"/><UN n0="%E8%BE%9B%E5%8F%A3%E3%82%AB%E3%83%AC%E3%83%BC%E3%83%A9%E3%82%A4%E3%82%B9" n1="%E3%81%BE%E3%81%A8%E3%81%9F" n2="%E9%80%86%E9%80%A3%E5%B8%AF%E3%81%AE%E9%AC%BC" n3="%E3%82%A2%E3%83%BC%E3%83%A2%E3%83%AD%E3%83%BC%E3%83%B4%E3%82%A1" dan="17,16,16,16" rate="2222.80,2119.64,2115.60,2165.26" sx="M,M,M,M"/><TAIKYOKU oya="0"/><INIT seed="0,0,0,0,3,14" ten="250,250,250,250" oya="0" hai0="129,71,127,107,128,36,44,98,60,37,133,61,111" hai1="77,118,81,105,63,6,23,135,18,104,119,20,51" hai2="27,87,1,80,125,84,56,5,108,8,46,32,100" hai3="88,90,2,134,94,24,83,41,74,92,73,121,49"/><T26/><D107/><U106/><E135/><V30/><F125/><W76/><G2/><T43/><D98/><U120/><E120/><V16/><F108/><W15/><G134/><T112/><D133/><U11/><E23/><V58/><F100/><W86/><G121/><T48/><D26/><U79/><E51/><V95/><F46/><N who="3" m="25807" /><G74/><T115/><D127/><U97/><E97/><V116/><F116/><W7/><G73/><T117/><D117/><U40/><E40/><V21/><F95/><N who="3" m="36395" /><G24/><T28/><D28/><U126/><E77/><V78/><REACH who="2" step="1"/><F87/><REACH who="2" ten="250,250,240,250" step="2"/><W96/><G96/><T69/><D111/><U131/><E126/><V22/><F22/><W4/><G4/><T114/><D37/><U99/><E118/><V109/><F109/><W132/><G132/><T103/><D103/><U124/><E119/><V54/><F54/><W82/><G82/><T59/><D36/><U57/><E81/><V93/><F93/><W68/><G68/><N who="0" m="26187" /><D61/><U17/><E106/><V64/><F64/><AGARI ba="0,1" hai="43,44,48,59,60,64,112,114,115,128,129" m="26187" machi="64" ten="40,3900,0" yaku="34,2" doraHai="14" who="0" fromWho="2" sc="250,49,250,0,240,-39,250,0" /><INIT seed="0,1,0,4,3,8" ten="299,250,201,250" oya="0" hai0="133,76,118,101,117,31,21,106,70,61,65,87,52" hai1="83,71,53,104,25,103,89,0,56,51,121,94,1" hai2="58,122,18,29,72,37,120,96,68,39,17,99,124" hai3="13,9,112,77,85,100,32,111,63,92,48,128,80"/><T15/><D133/><U50/><E71/><V97/><F68/><W26/><G112/><T7/><D106/><U24/><E121/><V5/><F124/><W60/><G111/><T134/><D134/><U42/><E83/><V36/><F72/><W49/><G128/><T109/><D101/><U45/><E103/><V23/><F5/><N who="3" m="3247" /><G26/><T2/><D2/><U129/><E104/><V46/><F46/><W114/><G32/><T79/><D109/><U125/><E129/><V66/><F29/><W67/><G114/><T115/><D115/><U69/><E69/><V110/><F110/><W35/><G35/><T113/><D113/><U95/><E95/><V27/><REACH who="2" step="1"/><F17/><REACH who="2" ten="299,250,191,250" step="2"/><W16/><G16/><T86/><D31/><U22/><E125/><V47/><F47/><W135/><G135/><T59/><D117/><U105/><E45/><V75/><F75/><W44/><G67/><T131/><D118/><U43/><E0/><V3/><F3/><W19/><G19/><N who="0" m="10495" /><D70/><U130/><E1/><V116/><F116/><W6/><G6/><T64/><D7/><U108/><E130/><V84/><F84/><N who="0" m="32298" /><D131/><U11/><E108/><V127/><F127/><W93/><G44/><T12/><D65/><U55/><E43/><V74/><F74/><W4/><G4/><T98/><D64/><U30/><E42/><V126/><F126/><W123/><G123/><T41/><D41/><U132/><E30/><V57/><F57/><W10/><G85/><T81/><D59/><U33/><E132/><V78/><F78/><W62/><G77/><T88/><D79/><U73/><E56/><RYUUKYOKU ba="1,1" sc="299,-10,250,-10,191,30,250,-10" hai2="18,23,27,36,37,39,58,66,96,97,99,120,122" /><INIT seed="1,2,1,4,4,111" ten="289,240,221,240" oya="1" hai0="45,69,35,114,75,31,51,46,1,19,79,2,101" hai1="37,120,47,32,124,28,94,99,43,18,9,17,57" hai2="55,100,121,87,82,130,25,65,61,88,66,93,5" hai3="52,89,119,125,106,83,85,20,3,126,91,67,6"/><U54/><E120/><V36/><F130/><W34/><G34/><T96/><D69/><U68/><E68/><V72/><F36/><W108/><G108/><T59/><D35/><U0/><E124/><N who="3" m="47722" /><G119/><T90/><D31/><U134/><E134/><V131/><F131/><W49/><G106/><T22/><D90/><U135/><E135/><V117/><F117/><W122/><G122/><T118/><D118/><U73/><E73/><V115/><F121/><W38/><G38/><T76/><D114/><U95/><E0/><V7/><F115/><W113/><G67/><T132/><D132/><U23/><E9/><V80/><F25/><W77/><G20/><T53/><D2/><U14/><E18/><V26/><F26/><W78/><G91/><T133/><D1/><U74/><E74/><V104/><F104/><W30/><G30/><T102/><D133/><U48/><REACH who="1" step="1"/><E99/><REACH who="1" ten="289,230,221,240" step="2"/><V10/><F72/><W58/><G113/><T103/><D96/><U50/><E50/><V81/><F5/><W127/><G127/><T21/><D75/><U15/><E15/><V56/><REACH who="2" step="1"/><F100/><REACH who="2" ten="289,230,211,240" step="2"/><W24/><G24/><AGARI ba="2,3" hai="14,17,23,24,28,32,37,43,47,48,54,57,94,95" machi="24" ten="40,2000,0" yaku="1,1,53,0" doraHai="111" doraHaiUra="105" who="1" fromWho="3" sc="289,0,230,56,211,0,240,-26" /><INIT seed="1,3,0,3,1,5" ten="289,286,211,214" oya="1" hai0="12,48,83,72,8,87,6,20,86,21,134,68,106" hai1="35,54,33,90,107,37,104,55,96,39,71,135,95" hai2="65,75,108,70,18,19,11,110,115,16,43,73,97" hai3="40,62,94,49,78,15,80,36,117,50,103,9,82"/><U124/><E71/><V38/><F115/><W84/><G117/><T59/><D68/><U14/><E124/><V26/><F97/><N who="3" m="59831" /><G36/><T98/><D72/><U4/><E95/><V47/><F26/><W22/><G40/><T45/><D134/><U60/><E4/><V118/><F118/><W77/><G62/><T85/><D83/><N who="3" m="31785" /><G22/><T89/><D59/><U69/><E90/><V67/><F11/><W121/><G121/><T30/><D30/><U105/><E96/><V32/><F32/><W125/><G84/><T27/><D27/><U7/><E60/><V91/><F70/><W24/><G24/><T2/><D2/><U119/><E69/><V29/><F29/><W10/><G10/><T112/><D112/><U44/><E119/><V101/><F75/><W0/><G0/><T25/><D25/><U116/><E116/><V58/><F73/><W17/><G125/><T102/><REACH who="0" step="1"/><D89/><REACH who="0" ten="279,286,211,214" step="2"/><U1/><E35/><V52/><F91/><W66/><G66/><T46/><D46/><U28/><E1/><V93/><F67/><W3/><G3/><T34/><D34/><U100/><E44/><V130/><F65/><W129/><G129/><T74/><D74/><U132/><E33/><V13/><F130/><W51/><AGARI ba="3,1" hai="9,15,17,49,50,51,77,78" m="31785,59831" machi="51" ten="30,2000,0" yaku="8,1,52,1" doraHai="5" who="3" fromWho="3" sc="279,-8,286,-13,211,-8,214,39" /><INIT seed="2,0,0,1,1,85" ten="271,273,203,253" oya="2" hai0="118,133,59,135,104,38,86,97,29,74,42,63,77" hai1="92,107,130,44,54,125,32,22,2,21,80,69,99" hai2="55,123,131,96,108,12,71,24,115,88,60,132,111" hai3="36,41,98,28,48,103,116,128,53,33,56,67,58"/><V68/><F123/><W4/><G4/><T43/><D74/><U1/><E32/><V10/><F115/><W134/><G33/><T89/><D29/><U75/><E69/><V95/><F132/><N who="0" m="50762" /><D38/><U18/><E107/><V9/><F131/><W6/><G6/><T8/><D8/><U126/><E18/><V27/><F9/><W120/><G28/><T110/><D110/><N who="2" m="42026" /><F55/><W109/><G109/><T66/><D77/><U26/><E54/><V106/><F106/><W113/><G134/><T83/><D118/><U39/><E2/><V114/><F114/><W49/><G113/><T25/><D25/><N who="2" m="9802" /><F60/><W40/><G120/><T81/><D81/><U30/><E1/><V121/><F121/><W31/><G31/><T35/><D35/><U124/><E30/><V84/><F84/><W119/><G128/><T87/><D87/><U91/><E130/><V3/><F3/><W14/><G14/><T0/><D0/><U117/><E117/><V78/><F78/><W82/><G116/><T23/><D23/><U19/><E22/><V13/><F13/><W46/><G119/><T62/><D62/><U90/><E75/><V11/><F11/><W51/><G82/><T72/><D72/><U94/><E80/><V20/><F20/><W16/><G16/><AGARI ba="0,0" hai="10,12,16,68,71,88,95,96" m="9802,42026" machi="16" ten="30,12000,1" yaku="14,1,10,1,52,1,54,2" doraHai="85" who="2" fromWho="3" sc="271,0,273,0,203,120,253,-120" /><INIT seed="2,1,0,5,1,99" ten="271,273,323,133" oya="2" hai0="93,12,7,66,46,111,18,131,75,60,11,67,1" hai1="126,110,14,35,124,127,58,114,10,48,6,47,95" hai2="133,89,9,81,52,31,80,54,119,63,103,38,33" hai3="116,78,34,62,15,73,3,2,97,25,23,40,56"/><V36/><F119/><W59/><G116/><T100/><D111/><U49/><E114/><V21/><F133/><W79/><G34/><T61/><D131/><U98/><E35/><V65/><F33/><W101/><G15/><T118/><D118/><U0/><E110/><V134/><F134/><W68/><G40/><T32/><D32/><U16/><E58/><V132/><F9/><W43/><G43/><T102/><D75/><U83/><E83/><V29/><F89/><W115/><G68/><T77/><D77/><U28/><E28/><V37/><F132/><W84/><G73/><T24/><D93/><U128/><E47/><V70/><F31/><W135/><G135/><T64/><D46/><U90/><REACH who="1" step="1"/><E128/><REACH who="1" ten="271,263,323,133" step="2"/><V105/><F29/><W76/><G115/><T87/><D66/><U44/><E44/><V120/><F65/><W57/><G62/><T92/><D67/><U19/><E19/><V8/><F63/><W125/><G125/><T85/><D64/><U26/><E26/><V53/><F70/><W88/><G25/><T108/><D108/><U106/><E106/><V55/><F81/><W72/><G72/><T13/><D61/><U82/><E82/><V109/><F80/><W86/><G23/><AGARI ba="1,1" hai="0,6,10,14,16,23,48,49,90,95,98,124,126,127" machi="23" ten="40,5200,0" yaku="1,1,18,1,54,1,53,0" doraHai="99" doraHaiUra="51" who="1" fromWho="3" sc="271,0,263,65,323,0,133,-55" /><INIT seed="3,0,0,3,1,76" ten="271,328,323,78" oya="3" hai0="82,102,13,10,57,58,118,111,14,34,127,135,71" hai1="51,41,6,30,59,77,113,39,129,62,67,96,1" hai2="134,75,61,44,117,47,93,63,108,19,33,122,115" hai3="7,98,130,24,128,22,28,72,69,5,46,119,38"/><W35/><G119/><T123/><D111/><U12/><E1/><V55/><F117/><W132/><G69/><T40/><D118/><U43/><E39/><V106/><F106/><W21/><G72/><T97/><D123/><U68/><E129/><N who="3" m="49770" /><G98/><T20/><D34/><U91/><E30/><V4/><F33/><W107/><G107/><T109/><D109/><U100/><E91/><V81/><F4/><N who="3" m="1611" /><G46/><T54/><D71/><U94/><E77/><V36/><F47/><W79/><G79/><T87/><D127/><U64/><E113/><V16/><F115/><W104/><G104/><T95/><D135/><U83/><E68/><V84/><F134/><W133/><G38/><T101/><D40/><U15/><E43/><V8/><F36/><W120/><G120/><T124/><D124/><U103/><E41/><V29/><F75/><W18/><G35/><T2/><D102/><U48/><E59/><V3/><F108/><W126/><G126/><T9/><D58/><U114/><E96/><V65/><F44/><W42/><G42/><T90/><D57/><U25/><E103/><V17/><F3/><W37/><G37/><T49/><D2/><U92/><E100/><V53/><F122/><W73/><G73/><T52/><D101/><U86/><E114/><V88/><F84/><W31/><G31/><T110/><D87/><U0/><E86/><V74/><F29/><W11/><G11/><T50/><D97/><U45/><E0/><V27/><F8/><N who="0" m="3178" /><D110/><U89/><E45/><V23/><F74/><W32/><G32/><T78/><D78/><U60/><E6/><RYUUKYOKU ba="0,0" sc="271,-10,328,-10,323,-10,78,30" hai3="18,21,22,24,28,132,133" /><INIT seed="3,1,0,3,3,43" ten="261,318,313,108" oya="3" hai0="99,98,24,112,105,72,134,56,22,42,61,47,5" hai1="59,87,111,101,18,90,79,100,114,45,104,69,128" hai2="68,71,116,86,2,129,6,83,52,48,54,120,67" hai3="30,115,53,49,1,10,21,119,40,127,76,0,20"/><W13/><G115/><T94/><D72/><U102/><E69/><V117/><F120/><W7/><G119/><T133/><D105/><U77/><E114/><V65/><F129/><W121/><G121/><T32/><D32/><U130/><E104/><V46/><F2/><W88/><G127/><T11/><D112/><U55/><E45/><V96/><F6/><W82/><G40/><T58/><D133/><U125/><E111/><V84/><F96/><W37/><G37/><T35/><D35/><U3/><E3/><V26/><F26/><W60/><G60/><T74/><D74/><U122/><E122/><V63/><F86/><N who="3" m="48455" /><G1/><T17/><D134/><U50/><E125/><V118/><F54/><W39/><G39/><T28/><D28/><U57/><E57/><V33/><F33/><W110/><G0/><T4/><D11/><U16/><E128/><V15/><F15/><W31/><G110/><T124/><D58/><U108/><E108/><V9/><F9/><W8/><G8/><T70/><D70/><U36/><E36/><V51/><F51/><W131/><G131/><T93/><D124/><U109/><E109/><V14/><F14/><W107/><G107/><T132/><D132/><U95/><E130/><V85/><F83/><W103/><G103/><N who="0" m="60879" /><D56/><U123/><E123/><V12/><F12/><W80/><G21/><T126/><D61/><AGARI ba="1,0" hai="46,48,52,61,63,65,67,68,71,84,85,116,117,118" machi="61" ten="40,5200,0" yaku="9,1,52,1,54,1" doraHai="43" who="2" fromWho="0" sc="261,-55,318,0,313,55,108,0" owari="206,-19.4,318,11.8,368,46.8,108,-39.2" /></mjloggm>