<mjloggm ver="2.3"><GO type="225" lobby="0"/><UN n0="%72%69%6F%75%63%68%61%6E" n1="%6D%75%75%6D%75%72%61" n2="%E3%81%A1%E3%82%85%E3%81%86%E3%81%A9%E3%81%8F%E8%B1%A1%E3%81%95%E3%82%93" n3="%E9%80%86%E9%80%A3%E5%B8%AF%E3%81%AE%E9%AC%BC" dan="17,17,17,16" rate="2245.21,2223.48,2192.69,2152.88" sx="M,F,M,M"/><TAIKYOKU oya="0"/><INIT seed="0,0,0,2,1,22" ten="250,250,250,250" oya="0" hai0="104,49,83,86,20,76,95,42,94,134,41,45,115" hai1="59,116,28,56,80,58,127,2,97,111,74,133,19" hai2="16,65,88,36,102,113,3,108,1,6,43,46,26" hai3="121,39,105,66,100,73,99,55,5,61,135,10,81"/><T67/><D115/><U125/><E116/><V29/><F113/><W120/><G135/><T77/><D134/><U48/><E133/><V37/><F37/><W101/><G101/><T89/><D104/><U132/><E132/><V123/><F123/><W35/><G35/><T90/><D67/><U4/><E111/><V13/><F102/><W91/><G39/><T62/><D62/><U124/><E19/><V85/><F65/><W57/><G66/><T54/><D76/><N who="1" m="44055" /><E97/><V75/><F6/><W117/><G117/><T79/><D79/><U50/><E28/><V12/><F75/><W21/><G21/><T11/><D11/><AGARI ba="0,0" hai="2,4,11,48,50,56,58,59,124,125,127" m="44055" machi="11" ten="40,1300,0" yaku="18,1" doraHai="22" who="1" fromWho="0" sc="250,-13,250,13,250,0,250,0" /><INIT seed="1,0,0,5,3,72" ten="237,263,250,250" oya="1" hai0="109,86,38,15,62,135,59,73,58,118,110,6,126" hai1="36,24,17,12,10,20,104,129,48,22,14,25,8" hai2="128,132,18,52,63,11,127,21,7,19,99,88,79" hai3="68,97,117,131,114,34,16,71,35,92,43,123,66"/><U90/><E36/><V33/><F33/><W57/><G123/><T93/><D118/><U69/><E69/><V27/><F132/><W74/><G114/><T53/><D126/><U98/><E48/><V5/><F127/><W56/><G117/><T91/><D135/><U115/><E115/><V102/><F128/><W75/><G131/><T94/><D73/><U26/><E104/><V39/><F39/><W113/><G113/><T89/><D38/><U29/><E98/><V101/><F79/><W4/><G4/><N who="2" m="1609" /><F18/><W119/><G119/><T51/><D6/><N who="1" m="3095" /><E90/><V37/><F11/><W80/><G71/><T40/><D15/><N who="1" m="9279" /><E129/><V87/><F37/><W44/><G68/><T2/><D2/><U30/><E10/><V120/><F120/><W111/><G97/><T67/><REACH who="0" step="1"/><D40/><REACH who="0" ten="227,263,250,250" step="2"/><U134/><E134/><V95/><F87/><AGARI ba="0,1" hai="51,53,58,59,62,67,86,87,89,91,93,94,109,110" machi="87" ten="40,5200,0" yaku="1,1,2,1,9,1,53,0" doraHai="72" doraHaiUra="133" who="0" fromWho="2" sc="227,62,263,0,250,-52,250,0" /><INIT seed="2,0,0,2,1,109" ten="289,263,198,250" oya="2" hai0="103,83,101,71,110,130,52,64,47,105,34,132,31" hai1="125,24,96,117,2,5,91,23,4,28,116,100,40" hai2="89,97,119,27,66,0,38,12,63,86,90,135,56" hai3="15,123,59,45,65,113,22,126,131,20,51,73,70"/><V120/><F120/><W95/><G123/><T50/><D110/><U84/><E125/><V102/><F119/><W48/><G131/><T104/><D130/><U77/><E77/><V25/><F0/><W6/><G73/><T92/><D132/><U88/><E40/><V10/><F38/><W106/><G106/><T111/><D111/><U8/><E5/><N who="2" m="3151" /><F135/><W127/><G70/><T21/><D34/><U30/><E30/><V33/><F33/><W87/><G113/><T81/><D105/><U129/><E129/><V69/><F69/><W62/><G51/><T16/><D104/><U13/><E2/><V17/><F102/><N who="0" m="38922" /><D71/><U53/><E91/><V44/><F44/><W35/><G35/><T118/><D118/><U78/><E78/><V133/><F133/><W37/><G37/><T1/><D1/><U114/><E114/><V122/><F122/><W14/><G127/><T54/><D64/><U99/><E100/><V7/><F7/><W115/><G115/><T80/><D92/><U112/><E112/><V19/><F97/><W60/><G126/><T11/><D31/><U29/><E29/><V3/><F3/><W121/><G121/><T43/><D11/><U98/><REACH who="1" step="1"/><E53/><REACH who="1" ten="289,253,198,250" step="2"/><V82/><F89/><W128/><G128/><T32/><D32/><U85/><E85/><V46/><F46/><W9/><G87/><T94/><D94/><AGARI ba="0,1" hai="4,8,13,23,24,28,84,88,94,96,98,99,116,117" machi="94" ten="40,2600,0" yaku="1,1,54,1,53,0" doraHai="109" doraHaiUra="72" who="1" fromWho="0" sc="289,-26,253,36,198,0,250,0" /><INIT seed="3,0,0,3,1,7" ten="263,289,198,250" oya="3" hai0="131,80,51,65,9,111,68,25,18,31,66,57,61" hai1="114,24,44,130,119,97,1,54,35,60,99,38,40" hai2="85,135,19,72,124,42,120,67,11,5,100,125,2" hai3="77,32,121,23,88,116,93,0,21,62,123,48,26"/><W28/><G116/><T37/><D111/><U94/><E114/><V46/><F72/><W30/><G0/><T76/><D131/><U3/><E130/><V105/><F120/><W74/><G62/><T70/><D37/><U133/><E99/><N who="2" m="61599" /><F85/><W126/><G126/><N who="2" m="48745" /><F67/><W53/><G77/><T43/><D65/><U16/><E119/><V45/><F135/><W49/><G74/><T10/><D18/><U15/><E133/><V127/><N who="2" m="48753" /><V129/><DORA hai="27" /><F129/><W36/><G36/><T8/><D43/><U81/><E81/><V128/><F128/><W50/><G53/><T69/><D51/><U73/><E73/><V75/><F75/><W108/><G108/><T122/><D122/><U17/><E54/><V112/><F112/><W20/><REACH who="3" step="1"/><G30/><REACH who="3" ten="263,289,198,240" step="2"/><T13/><D76/><U12/><E60/><V29/><F42/><W90/><G90/><T59/><D61/><U98/><E3/><V55/><F55/><W107/><G107/><T58/><D66/><U110/><E1/><V106/><F106/><W87/><AGARI ba="0,1" hai="20,21,23,26,28,32,48,49,50,87,88,93,121,123" machi="87" ten="30,11700,0" yaku="1,1,0,1,52,1,54,1,53,0" doraHai="7,27" doraHaiUra="52,14" who="3" fromWho="3" sc="263,-39,289,-39,198,-39,240,127" owari="224,-17.6,250,5.0,159,-34.1,367,46.7" /></mjloggm>