<mjloggm ver="2.3"><GO type="225" lobby="0"/><UN n0="%E3%82%B3%E3%83%90%E3%83%AC%E3%82%A4" n1="%E3%82%BC%E3%83%AB%E3%83%80%E3%81%AE%E4%BC%9D%E8%AA%AC" n2="%E3%81%BF%E3%81%BF%E3%81%9A" n3="%E3%81%8B%E3%82%8F%E3%81%A1%E3%82%83%E3%82%93%35%38" dan="16,17,18,17" rate="2124.31,2231.93,2231.01,2205.66" sx="M,M,M,M"/><TAIKYOKU oya="0"/><INIT seed="0,0,0,3,2,29" ten="250,250,250,250" oya="0" hai0="60,68,99,16,17,71,101,95,61,6,69,9,22" hai1="89,62,118,112,70,11,40,134,80,28,67,47,127" hai2="53,4,10,55,128,2,7,103,122,90,120,56,30" hai3="74,66,26,125,59,31,107,39,130,77,20,18,126"/><T94/><D95/><U102/><E118/><V5/><F128/><W115/><G115/><T36/><D36/><U132/><E112/><V25/><F103/><W27/><G107/><T21/><D21/><U82/><E127/><N who="3" m="48650" /><G39/><T124/><D124/><U48/><E102/><V19/><F55/><W14/><G130/><T92/><D94/><U91/><E11/><V64/><F64/><W63/><G31/><T65/><D61/><U93/><E28/><V108/><F90/><N who="1" m="34313" /><E93/><V119/><F119/><W88/><G88/><T49/><D49/><U76/><E76/><V41/><F41/><W12/><G27/><T85/><D85/><U8/><E8/><V34/><F108/><W52/><G66/><T32/><D32/><U96/><E96/><V45/><F45/><W135/><G135/><AGARI ba="0,0" hai="40,47,48,62,67,70,80,82,132,134,135" m="34313" machi="135" ten="30,1000,0" yaku="20,1" doraHai="29" who="1" fromWho="3" sc="250,0,250,10,250,0,250,-10" /><INIT seed="1,0,0,1,1,88" ten="250,260,250,240" oya="1" hai0="35,111,94,101,60,10,44,46,48,28,112,67,37" hai1="65,74,58,83,59,15,117,51,128,93,52,113,14" hai2="18,68,125,129,34,97,45,23,71,21,119,6,103" hai3="11,20,99,104,102,89,110,56,78,24,30,135,80"/><U92/><E113/><V53/><F119/><W55/><G110/><T132/><D111/><U57/><E117/><V66/><F34/><W91/><G135/><T107/><D132/><U4/><E128/><V126/><F129/><W105/><G11/><T22/><D35/><U17/><E74/><V133/><F6/><W124/><G105/><T12/><D107/><U115/><E115/><V131/><F133/><W25/><G124/><N who="2" m="47721" /><F131/><W64/><G64/><T118/><D118/><U87/><E4/><V127/><N who="2" m="47729" /><V1/><DORA hai="109" /><F1/><W106/><G25/><T70/><D37/><U62/><E58/><V27/><F66/><W5/><G106/><T33/><D33/><U19/><E14/><N who="2" m="9431" /><F53/><W2/><G5/><T32/><D32/><U75/><E75/><V9/><F9/><W95/><G104/><T79/><D112/><U96/><E96/><V122/><F45/><W84/><REACH who="3" step="1"/><G2/><REACH who="3" ten="250,260,250,230" step="2"/><T39/><D67/><U86/><E19/><N who="2" m="12799" /><F122/><W72/><G72/><T40/><D70/><U73/><E73/><V50/><F50/><AGARI ba="0,1" hai="20,24,30,50,55,56,78,80,84,89,91,95,99,102" machi="50" ten="30,7700,0" yaku="1,1,7,1,8,1,52,1,53,0" doraHai="88,109" doraHaiUra="29,0" who="3" fromWho="2" sc="250,0,260,0,250,-77,230,87" /><INIT seed="2,0,0,1,0,107" ten="250,260,173,317" oya="2" hai0="116,43,66,48,14,15,78,93,127,30,111,102,104" hai1="65,83,115,96,130,60,54,68,122,13,86,19,100" hai2="72,129,6,106,2,87,90,133,81,70,22,52,17" hai3="57,109,44,119,99,117,26,45,124,64,80,29,128"/><V112/><F112/><W92/><G119/><T103/><D116/><U4/><E115/><V5/><F129/><W59/><G117/><T18/><D104/><U10/><E130/><V58/><F133/><W32/><G128/><T118/><D118/><U105/><E122/><V28/><F70/><W94/><G94/><T69/><D30/><U121/><E121/><V21/><F106/><W126/><G80/><T73/><D15/><U27/><E54/><V95/><F2/><W125/><G109/><T56/><D69/><U40/><E40/><V77/><F28/><W91/><G64/><T61/><D111/><U7/><E27/><V135/><F135/><W38/><G38/><T24/><D24/><U97/><E97/><V42/><F42/><W89/><G89/><AGARI ba="0,0" hai="4,7,10,13,19,60,65,68,83,86,89,96,100,105" machi="89" ten="30,1000,0" yaku="7,1" doraHai="107" who="1" fromWho="3" sc="250,0,260,10,173,0,317,-10" /><INIT seed="3,0,0,4,1,5" ten="250,270,173,307" oya="3" hai0="11,95,70,85,69,3,42,80,123,127,79,18,67" hai1="31,34,49,22,44,71,62,37,109,107,38,61,111" hai2="124,132,41,99,24,39,76,134,116,66,64,54,15" hai3="108,106,8,96,63,14,87,101,86,32,104,125,0"/><W84/><G32/><T48/><D123/><U73/><E73/><V75/><F116/><W2/><G106/><T68/><D127/><U102/><E22/><V25/><F124/><W91/><G125/><T17/><D67/><N who="2" m="25642" /><F99/><W93/><G108/><N who="1" m="41546" /><E102/><V89/><F89/><W130/><G63/><N who="1" m="24074" /><E107/><V27/><F54/><W103/><G103/><T122/><D122/><U6/><E6/><V98/><F98/><W20/><G20/><T19/><D95/><U47/><E31/><V36/><F41/><W23/><G23/><T56/><D3/><U51/><E71/><V53/><F53/><W119/><G119/><T100/><D100/><U59/><E59/><V65/><N who="2" m="25650" /><V90/><DORA hai="110" /><F90/><W126/><G126/><T133/><D133/><N who="2" m="51306" /><F15/><W113/><G0/><T1/><D1/><U13/><E13/><V9/><F9/><W30/><G2/><T16/><D56/><U43/><E34/><V57/><F57/><W77/><G101/><T135/><D135/><U88/><E88/><V46/><F46/><W10/><G10/><T33/><D33/><U81/><E81/><V115/><F115/><W129/><G113/><T40/><D48/><U112/><E112/><V45/><F45/><W97/><G97/><T78/><D78/><U60/><E60/><V94/><F94/><W29/><G77/><T28/><D42/><AGARI ba="0,0" hai="37,38,42,43,44,47,49,51" m="24074,41546" machi="42" ten="30,3900,0" yaku="14,1,34,2" doraHai="5,110" who="1" fromWho="0" sc="250,-39,270,39,173,0,307,0" owari="211,-18.9,309,40.9,173,-32.7,307,10.7" /></mjloggm>