<mjloggm ver="2.3"><GO type="225" lobby="0"/><UN n0="%4C%4F%4C%49%54%41" n1="%E3%81%B5%E3%81%98%E3%81%8B%E3%81%A4" n2="%E5%A4%9C%E5%85%89%E5%A4%A9%E6%A5%BC" n3="%E5%A4%9C%E3%81%AE%E3%82%AC%E3%82%B9%E3%83%91%E3%83%BC%E3%83%AB" dan="16,17,17,16" rate="2148.42,2211.05,2181.01,2192.32" sx="F,M,M,M"/><TAIKYOKU oya="0"/><INIT seed="0,0,0,2,4,85" ten="250,250,250,250" oya="0" hai0="33,123,114,134,49,94,133,46,78,55,1,62,19" hai1="42,93,45,100,18,9,47,95,5,88,61,109,29" hai2="69,119,50,48,63,7,37,58,11,89,105,54,132" hai3="84,27,4,98,74,121,13,90,135,92,36,124,108"/><T120/><D1/><U71/><E109/><V130/><F37/><W56/><G74/><T76/><D33/><U111/><E111/><V16/><F105/><W23/><G108/><T59/><D19/><U116/><E116/><V39/><F39/><W38/><G124/><T51/><D114/><U102/><E29/><V104/><F104/><W26/><G135/><N who="0" m="51723" /><D78/><U43/><E18/><V82/><F132/><W112/><G112/><T28/><D76/><U24/><E24/><V73/><F69/><W87/><G121/><T127/><D28/><U15/><E71/><V117/><F7/><W67/><G38/><T35/><D35/><U131/><E61/><V3/><F73/><W128/><G36/><T10/><D10/><U25/><E25/><V2/><F2/><W66/><G128/><T52/><D94/><U81/><E81/><V125/><F3/><W126/><G126/><T79/><D79/><U70/><E70/><V106/><F106/><W8/><G27/><T0/><D0/><U12/><E131/><V115/><F130/><W40/><G40/><N who="1" m="15402" /><E15/><N who="2" m="7295" /><F115/><W44/><G44/><N who="1" m="16970" /><E95/><V41/><F125/><W75/><G75/><T14/><D127/><U32/><E32/><V118/><F41/><W20/><G20/><T83/><D14/><U30/><E30/><V96/><F82/><W65/><G23/><T129/><D129/><U101/><E101/><V122/><F122/><N who="0" m="46634" /><D83/><U77/><E77/><V72/><F72/><W80/><G26/><T97/><D62/><U22/><E22/><V103/><F103/><N who="3" m="60871" /><G87/><AGARI ba="0,0" hai="5,9,12,87,88,93,100,102" m="16970,15402" machi="87" ten="30,3900,0" yaku="8,1,52,1,54,1" doraHai="85" who="1" fromWho="3" sc="250,0,250,39,250,0,250,-39" /><INIT seed="1,0,0,1,2,41" ten="250,289,250,211" oya="1" hai0="95,31,127,103,51,17,30,94,62,92,61,48,102" hai1="25,135,100,117,109,67,75,47,121,126,59,3,12" hai2="55,20,37,32,77,90,15,79,68,39,106,11,19" hai3="119,89,86,66,28,76,33,22,120,108,110,107,74"/><U27/><E121/><V83/><F32/><W71/><G120/><T69/><D69/><U113/><E117/><V9/><F106/><W87/><G119/><T82/><D82/><U2/><E100/><N who="0" m="38441" /><D17/><U21/><E59/><V0/><F39/><W4/><G107/><T10/><D10/><N who="2" m="3594" /><F37/><W44/><G33/><T35/><D127/><U123/><E67/><V29/><F0/><W14/><G74/><T111/><D111/><U99/><E75/><V1/><F1/><W112/><G112/><T96/><D96/><U34/><E99/><V38/><F38/><W23/><G4/><T5/><D5/><U54/><E109/><V36/><F36/><W24/><G110/><T53/><D35/><U131/><E34/><V85/><F29/><N who="0" m="10762" /><D53/><U101/><E101/><V18/><F68/><W80/><G108/><T58/><D58/><U125/><E123/><V129/><F19/><N who="3" m="10615" /><G71/><T81/><D81/><U93/><E113/><V133/><F55/><W49/><G66/><T45/><D45/><U46/><E54/><V132/><F83/><N who="3" m="49375" /><G49/><AGARI ba="0,0" hai="48,49,51,61,62,92,94,95" m="10762,38441" machi="49" ten="30,3900,0" yaku="28,2,8,1" doraHai="41" who="0" fromWho="3" sc="250,39,289,0,250,0,211,-39" /><INIT seed="2,0,0,3,4,85" ten="289,289,250,172" oya="2" hai0="124,17,51,19,32,42,107,67,102,45,59,128,65" hai1="53,63,58,52,0,105,76,21,23,119,86,80,115" hai2="6,97,22,110,43,99,73,14,3,82,121,7,116" hai3="34,68,111,66,79,108,57,8,10,62,123,55,89"/><V54/><F121/><W50/><G123/><T98/><D32/><U117/><E115/><V106/><F116/><W74/><G34/><T95/><D124/><U46/><E105/><V113/><F113/><W72/><G10/><T88/><D128/><U133/><E0/><V127/><F127/><W130/><G130/><T31/><D31/><U83/><E133/><V16/><F3/><W100/><G100/><T93/><D107/><U112/><E112/><V75/><F106/><W64/><G64/><N who="0" m="24651" /><D59/><N who="1" m="35303" /><E119/><V114/><F114/><W90/><G8/><T91/><D102/><U109/><E46/><V33/><F33/><W15/><G15/><T26/><D26/><U131/><E109/><N who="3" m="42058" /><G79/><T35/><D35/><U81/><E131/><V36/><F75/><AGARI ba="0,0" hai="50,55,57,62,66,68,72,74,75,89,90" m="42058" machi="75" ten="30,3900,0" yaku="14,1,52,2" doraHai="85" who="3" fromWho="2" sc="289,0,289,0,250,-39,172,39" /><INIT seed="3,0,0,2,4,28" ten="289,289,211,211" oya="3" hai0="115,99,43,78,131,15,35,14,80,68,67,116,91" hai1="109,71,36,53,29,18,9,83,75,48,97,61,102" hai2="130,103,49,5,46,123,60,82,113,125,50,37,51" hai3="47,112,19,120,118,72,2,126,101,86,85,135,4"/><W73/><G112/><T134/><D116/><U58/><E36/><V90/><F113/><W45/><G2/><T88/><D115/><U121/><E121/><V74/><F123/><W21/><G120/><T24/><D43/><U33/><E109/><V69/><F37/><W87/><G4/><T32/><D67/><N who="1" m="41455" /><E18/><V114/><F125/><W3/><G3/><T79/><D68/><U119/><E9/><V34/><F130/><W10/><G10/><T42/><D42/><U70/><E70/><V31/><F69/><W63/><G135/><T30/><D131/><U129/><E83/><V11/><F82/><W65/><G101/><T100/><D30/><U52/><E53/><V27/><F103/><W124/><G118/><T54/><D80/><U93/><E75/><V127/><F74/><W95/><G95/><T6/><D100/><U117/><E129/><V23/><F127/><N who="3" m="48683" /><G73/><T132/><D6/><U25/><E93/><V38/><F114/><W1/><G1/><T55/><D99/><U84/><E84/><N who="3" m="21506" /><W16/><DORA hai="56" /><G72/><T133/><D132/><U106/><AGARI ba="0,0" hai="25,29,33,48,52,58,97,102,106,117,119" m="41455" machi="106" ten="30,7900,0" yaku="25,1,52,2,54,1" doraHai="28,56" who="1" fromWho="1" sc="289,-20,289,79,211,-20,211,-39" owari="269,6.9,368,46.8,191,-20.9,172,-32.8" /></mjloggm>