<mjloggm ver="2.3"><GO type="225" lobby="0"/><UN n0="%E3%81%8B%E3%82%8F%E3%81%A1%E3%82%83%E3%82%93%35%38" n1="%E3%81%BF%E3%81%BF%E3%81%9A" n2="%E5%8F%AF%E5%85%90%E9%82%A3%E7%94%B1%E5%A4%9A" n3="%E5%A4%9C%E3%81%AE%E3%82%AC%E3%82%B9%E3%83%91%E3%83%BC%E3%83%AB" dan="16,16,17,16" rate="2174.67,2141.33,2134.32,2119.76" sx="M,M,F,M"/><TAIKYOKU oya="0"/><BYE who="2" /><UN n2="%E5%8F%AF%E5%85%90%E9%82%A3%E7%94%B1%E5%A4%9A" /><INIT seed="0,0,0,3,5,16" ten="250,250,250,250" oya="0" hai0="74,46,76,23,119,108,125,1,48,62,28,51,33" hai1="131,65,133,0,81,78,30,92,42,60,126,85,54" hai2="36,127,107,113,117,63,89,73,52,97,67,91,40" hai3="98,10,47,129,58,55,94,135,87,86,100,83,102"/><T115/><BYE who="2" /><D115/><UN n2="%E5%8F%AF%E5%85%90%E9%82%A3%E7%94%B1%E5%A4%9A" /><U114/><BYE who="2" /><E114/><V39/><F39/><W130/><G135/><UN n2="%E5%8F%AF%E5%85%90%E9%82%A3%E7%94%B1%E5%A4%9A" /><T90/><BYE who="2" /><D119/><U134/><E0/><UN n2="%E5%8F%AF%E5%85%90%E9%82%A3%E7%94%B1%E5%A4%9A" /><V120/><F120/><W82/><BYE who="2" /><G47/><T27/><D125/><U111/><E126/><V25/><F25/><W45/><G45/><T124/><D124/><U104/><E104/><V41/><F41/><W110/><G10/><T20/><D1/><U103/><E42/><V43/><F43/><W53/><G110/><T106/><D106/><U59/><E111/><V79/><F79/><W105/><G105/><T4/><D4/><U66/><E131/><V72/><F72/><W18/><G18/><T121/><D121/><U17/><E30/><V26/><F26/><W75/><G75/><T32/><D108/><U112/><E112/><V56/><F56/><W49/><G55/><T50/><D46/><U7/><E7/><V109/><F109/><W19/><G19/><T77/><D33/><U24/><E133/><V34/><F34/><W9/><G9/><T37/><D37/><U35/><E134/><V99/><F99/><W71/><G71/><T122/><D122/><U5/><E5/><V21/><F21/><N who="0" m="8266" /><D74/><U61/><E35/><V13/><F13/><W29/><G29/><T22/><N who="0" m="8274" /><T116/><DORA hai="70" /><D116/><U44/><E24/><V88/><F88/><W64/><G130/><T118/><D118/><U84/><E17/><V8/><F8/><W69/><G129/><T101/><D101/><U96/><E44/><V3/><F3/><W15/><G102/><T95/><D62/><N who="1" m="36215" /><E85/><N who="3" m="32266" /><G15/><T11/><D11/><U38/><E38/><RYUUKYOKU ba="0,0" sc="250,10,250,10,250,-30,250,10" hai0="27,28,32,48,50,51,76,77,90,95" hai1="60,61,65,66,78,81,84,92,96,103" hai3="49,53,58,64,69,82,83,94,98,100" /><INIT seed="0,1,0,3,0,75" ten="260,260,220,260" oya="0" hai0="15,96,100,53,0,77,91,44,19,9,134,8,121" hai1="48,14,74,122,95,16,115,92,57,50,133,3,97" hai2="110,58,126,40,4,10,7,38,30,73,11,116,125" hai3="69,94,108,25,67,131,70,17,72,49,80,89,63"/><T18/><D134/><U102/><E122/><V118/><F118/><W23/><G108/><T87/><D121/><U88/><E3/><V62/><F62/><W31/><G131/><T104/><D0/><U83/><E133/><V61/><F61/><W33/><G49/><T132/><D132/><U1/><E1/><V81/><F81/><W127/><G127/><T65/><D65/><U28/><E28/><V112/><F112/><W68/><G72/><T113/><D113/><U56/><E83/><V37/><F37/><W111/><G80/><T105/><D105/><U59/><E74/><V46/><F46/><W32/><G111/><T120/><D120/><U79/><E79/><V29/><F29/><W93/><G33/><T47/><D53/><U24/><E24/><V6/><F6/><W26/><REACH who="3" step="1"/><G94/><REACH who="3" ten="260,260,220,250" step="2"/><T34/><D34/><U54/><E115/><V71/><F71/><W51/><G51/><T66/><D104/><U2/><E50/><V106/><F106/><W27/><G27/><T98/><D47/><U124/><E124/><V13/><F13/><W82/><G82/><N who="0" m="49655" /><D44/><U52/><E2/><V119/><F119/><W86/><AGARI ba="1,1" hai="17,23,25,26,31,32,63,67,68,69,70,86,89,93" machi="86" ten="20,2700,0" yaku="1,1,0,1,7,1,53,0" doraHai="75" doraHaiUra="130" who="3" fromWho="3" sc="260,-14,260,-8,220,-8,250,40" /><INIT seed="1,0,0,0,5,27" ten="246,252,212,290" oya="1" hai0="106,9,119,126,87,104,3,61,100,53,124,28,96" hai1="102,64,36,90,16,99,125,62,134,0,107,48,2" hai2="114,86,69,24,79,11,109,34,31,110,95,22,1" hai3="10,76,26,111,112,117,65,101,51,32,128,5,35"/><U78/><E36/><V15/><F15/><W94/><G112/><T29/><D119/><U75/><E125/><N who="0" m="48233" /><D106/><U72/><E134/><V60/><F60/><W123/><G123/><T19/><D87/><U7/><E90/><V70/><F70/><W122/><G122/><T58/><D19/><U74/><E78/><V103/><F103/><W129/><G117/><T98/><D98/><U81/><E81/><V6/><F6/><AGARI ba="0,0" hai="3,6,9,28,29,53,58,61,96,100,104" m="48233" machi="6" ten="30,3900,0" yaku="18,1,52,2" doraHai="27" who="0" fromWho="2" sc="246,39,252,0,212,-39,290,0" /><INIT seed="2,0,0,0,2,38" ten="285,252,173,290" oya="2" hai0="24,96,13,17,4,126,41,122,6,107,39,87,53" hai1="45,116,5,112,16,73,119,105,48,110,50,132,10" hai2="93,30,115,20,64,108,32,29,40,68,118,26,65" hai3="1,23,131,135,19,74,14,114,89,95,36,85,62"/><V75/><F75/><W15/><G1/><T47/><D122/><U0/><E112/><V92/><F92/><W8/><G74/><T80/><D24/><U35/><E110/><V69/><F69/><W71/><G114/><T9/><D126/><U18/><E105/><V91/><F91/><W113/><G113/><T82/><D53/><U124/><E124/><V43/><F43/><W121/><G131/><T66/><D66/><U130/><E130/><V22/><F22/><W83/><G135/><T51/><D39/><U133/><E35/><V57/><F57/><W58/><G71/><T104/><D82/><U28/><E28/><V98/><F98/><W54/><G36/><T56/><D56/><U81/><E50/><V31/><F31/><W59/><G121/><T52/><D41/><N who="1" m="24623" /><E81/><V46/><F46/><W101/><G59/><T86/><D86/><U77/><E77/><V99/><F99/><W63/><G63/><T78/><REACH who="0" step="1"/><D104/><REACH who="0" ten="275,252,173,290" step="2"/><U37/><E37/><V127/><F127/><W79/><G83/><T76/><D76/><U129/><E73/><V94/><F94/><W34/><G79/><T33/><D33/><U11/><E129/><V67/><F67/><W55/><G34/><T2/><D2/><N who="1" m="311" /><E119/><V88/><F88/><W25/><G55/><T61/><D61/><U90/><E116/><V103/><F103/><AGARI ba="0,1" hai="4,6,9,13,17,47,51,52,78,80,87,96,103,107" machi="103" ten="40,5200,0" yaku="1,1,54,1,53,1" doraHai="38" doraHaiUra="100" who="0" fromWho="2" sc="275,62,252,0,173,-52,290,0" /><INIT seed="3,0,0,1,3,40" ten="337,252,121,290" oya="3" hai0="84,3,94,52,17,32,37,16,118,7,86,46,72" hai1="71,49,134,29,82,58,89,130,22,11,43,79,75" hai2="39,122,114,2,34,53,116,81,128,93,31,102,105" hai3="125,4,129,88,104,110,133,56,64,62,67,28,109"/><W57/><G104/><T74/><D32/><U78/><E71/><V83/><F83/><W13/><G125/><T63/><D118/><U91/><E130/><V61/><F61/><W69/><G129/><T12/><D3/><U90/><E134/><V23/><F23/><W51/><G133/><T96/><D72/><U135/><E135/><V48/><F48/><W45/><G28/><T60/><D74/><U115/><E115/><V92/><F92/><W97/><G69/><T87/><D37/><U25/><E79/><V59/><F59/><N who="3" m="22603" /><G62/><N who="0" m="23595" /><D7/><U77/><E77/><V47/><F47/><W108/><G4/><T68/><D68/><U123/><E123/><V5/><F5/><W113/><G13/><T18/><D52/><U103/><E103/><V10/><F10/><W127/><G127/><T24/><D46/><U54/><E11/><V19/><F19/><W26/><G26/><T1/><D1/><U80/><E80/><V50/><F50/><W38/><G38/><T76/><D24/><U121/><E121/><V111/><F111/><W73/><G73/><T85/><N who="0" m="21504" /><DORA hai="36" /><T117/><D117/><U14/><REACH who="1" step="1"/><E14/><REACH who="1" ten="337,242,121,290" step="2"/><V21/><F21/><W112/><G113/><T41/><D76/><U95/><E95/><V66/><F66/><W101/><G112/><T119/><D119/><U98/><E98/><V35/><F35/><W20/><G101/><T9/><D96/><U120/><E120/><V106/><F106/><W0/><G0/><T8/><D94/><U33/><E33/><V100/><F100/><W99/><G99/><T107/><D107/><U65/><E65/><RYUUKYOKU ba="0,1" sc="337,-10,242,30,121,-10,290,-10" hai1="22,25,29,43,49,54,58,75,78,82,89,90,91" owari="337,43.7,272,-12.8,111,-38.9,280,8.0" /></mjloggm>