<mjloggm ver="2.3"><GO type="225" lobby="0"/><UN n0="%E9%80%9F%E6%B0%B4%E5%87%9B%E9%A6%99" n1="%E3%81%8F%E3%82%8A%E3%83%94%E3%83%BC" n2="%62%6F%6E%6F%73%2E%2E" n3="%E3%81%8F%E3%81%BE%E3%81%96%E3%82%8F" dan="16,16,17,16" rate="2148.17,2122.72,2207.09,2061.60" sx="F,M,M,M"/><TAIKYOKU oya="0"/><INIT seed="0,0,0,1,0,73" ten="250,250,250,250" oya="0" hai0="79,88,103,86,118,4,7,122,127,63,59,40,98" hai1="31,81,72,52,68,17,70,26,82,61,128,96,54" hai2="27,18,77,30,53,10,121,24,134,64,102,95,58" hai3="80,20,66,37,44,16,89,91,135,14,99,92,47"/><T39/><D122/><U74/><E17/><V120/><F134/><W19/><G135/><T49/><D118/><U76/><E96/><V75/><F64/><W36/><G66/><T78/><D39/><U133/><E133/><V111/><F111/><W25/><G37/><T1/><D1/><U116/><E116/><V71/><F71/><W108/><G36/><T132/><D132/><U2/><E2/><V113/><F113/><W101/><G108/><T48/><D127/><U6/><E6/><N who="0" m="2089" /><D98/><U107/><E107/><V131/><F131/><W129/><G129/><T97/><D97/><U15/><E15/><V12/><F95/><W84/><REACH who="3" step="1"/><G101/><REACH who="3" ten="250,250,250,240" step="2"/><T117/><D103/><U45/><E128/><V41/><F102/><W115/><G115/><T110/><D110/><U65/><E70/><V130/><F130/><W34/><G34/><T85/><D117/><U83/><E74/><V94/><F121/><W22/><AGARI ba="0,1" hai="14,16,19,20,22,25,44,47,80,84,89,91,92,99" machi="22" ten="20,8000,1" yaku="1,1,0,1,7,1,8,1,54,1,53,0" doraHai="73" doraHaiUra="60" who="3" fromWho="3" sc="250,-40,250,-20,250,-20,240,90" /><INIT seed="1,0,0,3,2,8" ten="210,230,230,330" oya="1" hai0="106,111,37,122,73,83,126,54,33,125,74,25,63" hai1="18,56,109,70,131,84,108,3,22,65,10,23,17" hai2="38,90,58,86,119,89,2,12,39,32,81,64,99" hai3="95,113,128,130,116,79,30,45,133,135,91,104,6"/><U1/><E70/><V129/><F2/><N who="1" m="521" /><E56/><V7/><F119/><W77/><G113/><T85/><D37/><U78/><E65/><V121/><F32/><W59/><G116/><T80/><D106/><U123/><E84/><V51/><F121/><W15/><G30/><N who="0" m="19663" /><D122/><U4/><E78/><N who="3" m="29706" /><G104/><T27/><D27/><N who="1" m="14799" /><E131/><N who="3" m="50218" /><G59/><N who="0" m="35319" /><D80/><U44/><E44/><V69/><F69/><W134/><G45/><T88/><D111/><N who="1" m="42571" /><E123/><V55/><F64/><W67/><G67/><T57/><D57/><U53/><E53/><V11/><REACH who="2" step="1"/><F129/><REACH who="2" ten="210,230,220,330" step="2"/><W41/><G133/><T112/><D112/><U101/><E101/><V50/><F50/><W46/><G134/><T132/><D132/><U72/><E72/><V29/><F29/><W115/><G135/><T28/><D28/><U100/><E100/><V75/><F75/><W19/><G115/><T14/><D73/><U96/><E96/><V52/><F52/><W49/><G49/><T24/><D74/><U124/><E124/><V48/><F48/><W76/><G41/><T47/><D126/><U9/><E4/><V107/><F107/><W13/><G6/><T87/><D125/><U103/><E103/><V61/><F61/><W97/><G76/><T31/><D31/><U92/><E92/><AGARI ba="0,1" hai="7,11,12,38,39,51,55,58,81,86,89,90,92,99" machi="92" ten="40,2600,0" yaku="1,1,52,1,53,0" doraHai="8" doraHaiUra="117" who="2" fromWho="1" sc="210,0,230,-26,220,36,330,0" /><INIT seed="2,0,0,1,0,70" ten="210,204,256,330" oya="2" hai0="37,36,78,24,87,109,115,15,42,1,38,117,32" hai1="119,125,75,65,123,133,82,108,131,106,30,102,86" hai2="76,44,66,31,9,95,107,127,56,6,80,79,49" hai3="61,17,2,92,124,22,5,13,34,54,132,23,111"/><V16/><F107/><W35/><G124/><T73/><D115/><U58/><E119/><V20/><F127/><W7/><G111/><T60/><D15/><U8/><E125/><V50/><F31/><W104/><G104/><T19/><D19/><U52/><E108/><V72/><F79/><W41/><G41/><T122/><D109/><U134/><E131/><V48/><F95/><W71/><G132/><N who="1" m="50794" /><E123/><V53/><F66/><W57/><G71/><T97/><D122/><U129/><E129/><V81/><F81/><W120/><G120/><T116/><D1/><U77/><E30/><V83/><F83/><W110/><G2/><T105/><D60/><N who="1" m="35911" /><E65/><V27/><REACH who="2" step="1"/><F44/><REACH who="2" ten="210,204,246,330" step="2"/><W29/><G110/><T18/><D87/><U0/><E86/><V3/><AGARI ba="0,1" hai="3,6,9,16,20,27,48,49,50,53,56,72,76,80" machi="3" ten="20,12000,1" yaku="1,1,2,1,0,1,7,1,54,1,53,0" doraHai="70" doraHaiUra="99" who="2" fromWho="2" sc="210,-40,204,-40,246,130,330,-40" /><INIT seed="2,1,0,3,5,92" ten="170,164,376,290" oya="2" hai0="47,8,114,9,84,49,48,115,28,6,117,68,33" hai1="66,100,69,131,18,94,74,7,52,130,88,20,98" hai2="75,23,126,60,120,85,80,86,106,135,62,108,31" hai3="64,122,55,27,127,29,35,17,113,116,1,58,109"/><V63/><F120/><W16/><G116/><T30/><D68/><U77/><E7/><V4/><F106/><W73/><G122/><T107/><D107/><N who="1" m="63895" /><E66/><V67/><F126/><W39/><G73/><T44/><D84/><N who="1" m="52487" /><E69/><V134/><F108/><W89/><G39/><T119/><D6/><U57/><E18/><V105/><F105/><W5/><G64/><T83/><D83/><N who="1" m="45495" /><E20/><V38/><F38/><W95/><G5/><T104/><REACH who="0" step="1"/><D104/><REACH who="0" ten="160,164,376,290" step="2"/><U121/><E121/><V133/><F4/><W112/><G1/><T90/><D90/><U93/><E93/><V15/><F134/><W12/><G89/><T132/><D132/><U99/><E99/><V71/><F135/><W51/><G95/><T14/><D14/><U41/><E41/><V26/><F133/><W59/><G12/><T78/><D78/><U10/><E10/><V70/><F70/><W50/><G109/><T25/><D25/><U79/><E79/><V24/><F15/><W91/><G91/><T61/><D61/><AGARI ba="1,1" hai="52,57,61,130,131" m="45495,52487,63895" machi="61" ten="30,7700,0" yaku="24,1,52,1,54,2" doraHai="92" who="1" fromWho="0" sc="160,-80,164,90,376,0,290,0" /><INIT seed="3,0,0,0,4,92" ten="80,254,376,290" oya="3" hai0="33,46,13,40,93,90,106,126,11,24,70,60,37" hai1="111,9,16,77,100,4,115,25,55,59,124,108,78" hai2="104,22,96,128,35,76,122,53,131,73,80,26,21" hai3="88,7,74,101,69,97,49,87,112,15,48,62,134"/><W43/><G112/><T116/><D106/><U85/><E115/><V5/><F122/><W65/><G74/><T44/><D126/><U120/><E120/><V86/><F5/><W12/><G134/><T0/><D116/><U30/><E124/><V81/><F35/><W135/><G135/><T79/><D79/><U63/><E85/><V130/><F53/><W123/><G123/><T41/><D0/><U132/><E132/><V20/><F96/><W94/><G43/><T119/><D119/><U67/><E55/><V68/><F68/><W1/><G1/><T121/><D121/><U114/><E114/><V105/><F26/><W38/><G38/><T36/><D24/><U32/><E100/><V95/><F95/><W18/><G7/><T34/><D60/><U84/><E84/><V71/><F71/><W133/><G12/><T51/><D51/><U72/><E72/><V50/><F50/><W19/><G18/><T28/><D28/><U102/><E102/><V14/><F14/><W23/><REACH who="3" step="1"/><G133/><REACH who="3" ten="80,254,376,280" step="2"/><T57/><D57/><U127/><E127/><V107/><REACH who="2" step="1"/><F130/><REACH who="2" ten="80,254,366,280" step="2"/><W64/><G64/><T10/><D70/><U17/><E67/><V118/><F118/><W56/><G56/><T27/><D27/><U110/><E4/><V129/><F129/><W66/><G66/><T82/><D82/><AGARI ba="0,2" hai="15,19,23,48,49,62,65,69,82,87,88,94,97,101" machi="82" ten="30,11600,0" yaku="1,1,7,1,52,1,54,1,53,0" doraHai="92" doraHaiUra="6" who="3" fromWho="0" sc="80,-116,254,0,366,0,280,136" owari="-36,-53.6,254,-14.6,366,16.6,416,51.6" /></mjloggm>