<mjloggm ver="2.3"><GO type="225" lobby="0"/><UN n0="%E3%83%B4%E3%83%A0%EF%BC%99%E3%81%A6" n1="%73%61%6E%64%69%72%69%73" n2="%E3%81%A1%E3%82%85%E3%81%86%E3%81%A9%E3%81%8F%E8%B1%A1%E3%81%95%E3%82%93" n3="%E4%BF%BA%E3%81%A8%E5%A6%96%E5%A4%A2" dan="16,16,16,17" rate="2182.55,2125.12,2166.96,2203.60" sx="M,M,M,F"/><TAIKYOKU oya="0"/><INIT seed="0,0,0,3,0,88" ten="250,250,250,250" oya="0" hai0="94,62,67,92,71,38,5,51,108,32,6,16,134" hai1="3,47,112,95,34,0,89,91,57,85,14,13,55" hai2="15,119,44,24,10,9,123,120,72,130,126,104,118" hai3="103,25,65,46,115,41,58,70,83,2,75,4,27"/><T20/><D38/><U56/><E34/><V105/><F72/><W135/><G115/><T8/><D32/><U36/><E112/><V23/><F44/><W110/><G110/><T97/><D108/><U39/><E47/><V125/><F104/><W107/><G58/><N who="0" m="37335" /><D134/><U29/><E29/><N who="2" m="17567" /><F105/><W132/><G25/><N who="0" m="14471" /><D71/><U52/><REACH who="1" step="1"/><E85/><REACH who="1" ten="250,240,250,250" step="2"/><V63/><F130/><W87/><G132/><T22/><D97/><U35/><E35/><V50/><F120/><W61/><G135/><T42/><D22/><U40/><E40/><V80/><F123/><W86/><G41/><T45/><D8/><U76/><E76/><V124/><F9/><W121/><G121/><T99/><D99/><U98/><E98/><V37/><F118/><W1/><G75/><T73/><D73/><U68/><E68/><V129/><F119/><W127/><G70/><T64/><D64/><U102/><E102/><V30/><F129/><W109/><G103/><T60/><D60/><U114/><E114/><V59/><F30/><W93/><G61/><T131/><D131/><U18/><E18/><V106/><F63/><W33/><G65/><T81/><D5/><U53/><E53/><V74/><F10/><W7/><G33/><T122/><D6/><U90/><E90/><V78/><F125/><W19/><G127/><T69/><D69/><U117/><E117/><V12/><F126/><W17/><G4/><T21/><D122/><U48/><E48/><V111/><F124/><W43/><G7/><T133/><D133/><U100/><E100/><V96/><F111/><W116/><G109/><T26/><D42/><RYUUKYOKU ba="0,1" sc="250,-10,240,30,250,-10,250,-10" hai1="0,3,13,14,36,39,52,55,56,57,89,91,95" /><INIT seed="1,1,1,5,0,25" ten="240,270,240,240" oya="1" hai0="86,99,47,56,17,133,33,126,78,93,63,83,3" hai1="7,84,27,20,5,45,111,39,40,112,74,123,35" hai2="12,28,98,15,94,90,68,23,50,30,88,2,18" hai3="70,106,43,10,92,122,26,119,46,132,38,60,124"/><U64/><E112/><V42/><F68/><W57/><G122/><T128/><D3/><U6/><E123/><V72/><F2/><W108/><G106/><T115/><D115/><U117/><E117/><V61/><F72/><W67/><G119/><T16/><D126/><U48/><E74/><V62/><F12/><W29/><G124/><T97/><D133/><U116/><E116/><V125/><F125/><W82/><G132/><T58/><D128/><U21/><E111/><V11/><F90/><W9/><G108/><T36/><D33/><U121/><E121/><V89/><F89/><W73/><G92/><T55/><D97/><U113/><E113/><V104/><F104/><W49/><G82/><T13/><D58/><U135/><E135/><V22/><F22/><W77/><G77/><T52/><D13/><U4/><N who="1" m="1024" /><DORA hai="109" /><U79/><E64/><V75/><F75/><W31/><G73/><T100/><D36/><U120/><E39/><V32/><F32/><W59/><G59/><N who="0" m="35303" /><D47/><U81/><REACH who="1" step="1"/><E120/><REACH who="1" ten="240,260,240,240" step="2"/><V114/><F114/><W71/><G38/><T24/><D24/><U91/><E91/><V87/><F88/><W41/><G67/><T118/><D118/><U34/><E34/><V65/><F65/><W107/><G70/><T44/><D44/><U129/><E129/><V19/><F11/><W110/><G71/><T131/><D131/><U1/><E1/><V69/><F69/><W102/><G110/><T37/><D37/><U101/><E101/><V85/><F23/><W14/><G102/><T105/><D105/><U0/><E0/><V66/><F66/><RYUUKYOKU ba="1,2" sc="240,15,260,15,240,-15,240,-15" hai0="16,17,55,56,78,83,86,93,99,100" hai1="20,21,27,35,40,45,48,79,81,84" /><INIT seed="1,2,2,0,0,76" ten="255,275,225,225" oya="1" hai0="39,41,43,21,88,26,128,23,57,80,29,59,83" hai1="32,2,95,24,126,37,51,53,129,17,50,52,98" hai2="121,118,99,8,10,56,109,31,84,102,66,117,35" hai3="116,124,106,85,78,135,120,48,131,125,119,15,14"/><U91/><E37/><V7/><F121/><W11/><G120/><T44/><D128/><U127/><E2/><V18/><F109/><W40/><G106/><T3/><D3/><U20/><E129/><V4/><F18/><W58/><G131/><T87/><D41/><U132/><E132/><V36/><F36/><W25/><G135/><T79/><REACH who="0" step="1"/><D21/><REACH who="0" ten="245,275,225,225" step="2"/><U1/><E1/><V72/><F117/><W68/><G40/><T60/><D60/><U54/><REACH who="1" step="1"/><E32/><REACH who="1" ten="245,265,225,225" step="2"/><V22/><F35/><W100/><G119/><T47/><D47/><U96/><E96/><V112/><F99/><W111/><G116/><T104/><D104/><U89/><E89/><V42/><F118/><W108/><G111/><T33/><D33/><U93/><E93/><V110/><F110/><W34/><G108/><T27/><D27/><U133/><E133/><V61/><F112/><W55/><G34/><T105/><D105/><U113/><E113/><V6/><F102/><W103/><G103/><T70/><D70/><U46/><E46/><V101/><F101/><W45/><G100/><T63/><D63/><U13/><E13/><V123/><F61/><W38/><G25/><T65/><D65/><U82/><E82/><V130/><F66/><W0/><G68/><T92/><D92/><U97/><E97/><V114/><F130/><W49/><G14/><T107/><D107/><U28/><E28/><V90/><F31/><W67/><G0/><T94/><D94/><U62/><E62/><V64/><F90/><W71/><G71/><T122/><D122/><U19/><E19/><V69/><F64/><RYUUKYOKU ba="2,4" sc="245,15,265,15,225,-15,225,-15" hai0="23,26,29,39,43,44,57,59,79,80,83,87,88" hai1="17,20,24,50,51,52,53,54,91,95,98,126,127" /><INIT seed="1,3,4,1,0,72" ten="260,280,210,210" oya="1" hai0="31,58,87,90,119,80,38,97,16,112,1,66,94" hai1="42,20,130,4,104,68,117,96,29,84,128,135,19" hai2="114,121,69,24,35,3,120,78,113,125,118,34,22" hai3="101,75,124,115,102,55,126,26,133,50,30,81,103"/><U99/><E117/><V129/><F118/><W48/><G115/><N who="2" m="44041" /><F129/><N who="1" m="49769" /><E135/><V89/><F125/><N who="3" m="48235" /><G133/><T17/><D112/><U57/><E68/><V53/><F69/><W43/><G43/><T37/><D1/><U82/><E104/><V88/><F3/><W6/><G6/><T70/><D70/><U32/><E4/><V5/><F5/><W131/><G131/><T44/><D119/><U13/><E57/><V109/><F53/><W49/><G75/><T56/><D31/><U67/><E67/><V107/><F107/><W54/><G81/><T108/><D108/><U28/><E42/><V79/><F109/><W122/><G122/><N who="2" m="47209" /><F89/><W76/><G76/><N who="2" m="29225" /><F88/><W105/><G105/><T93/><D90/><N who="1" m="51479" /><E32/><AGARI ba="3,4" hai="26,30,32,48,49,50,54,55,101,102,103" m="48235" machi="32" ten="40,1300,0" yaku="18,1" doraHai="72" who="3" fromWho="1" sc="260,0,280,-22,210,0,210,62" /><INIT seed="2,0,0,4,2,48" ten="260,258,210,272" oya="2" hai0="111,44,63,81,3,114,28,93,85,99,12,97,69" hai1="21,76,10,56,112,49,75,9,109,11,87,60,27" hai2="88,26,38,29,18,116,102,98,36,1,80,107,37" hai3="127,33,43,106,101,47,31,122,4,77,42,34,17"/><V32/><F116/><W105/><G122/><T133/><D3/><U110/><E112/><V35/><F1/><W23/><G127/><T125/><D114/><U121/><E75/><V72/><F18/><W74/><G4/><T53/><D125/><U91/><E121/><V67/><F67/><W84/><G74/><T86/><D111/><U13/><E76/><V83/><F83/><W73/><G73/><T131/><D131/><U135/><E49/><V78/><REACH who="2" step="1"/><F88/><REACH who="2" ten="260,258,200,272" step="2"/><W41/><G17/><T52/><D81/><N who="1" m="49647" /><E110/><V15/><F15/><W2/><G2/><T103/><D12/><U59/><E109/><V8/><F8/><W118/><G118/><T65/><D65/><U120/><E120/><V46/><F46/><W39/><G47/><T115/><D44/><U95/><E13/><V130/><F130/><W132/><G77/><T70/><D115/><U128/><E128/><V14/><F14/><W40/><G39/><T64/><D64/><U82/><E82/><V94/><F94/><W19/><G19/><T134/><D93/><U92/><E59/><V113/><F113/><W89/><G89/><T90/><D90/><U50/><E56/><V45/><F45/><W24/><G106/><T117/><D117/><U30/><E95/><V71/><F71/><W57/><G105/><T25/><D70/><U54/><E92/><V51/><F51/><W61/><G57/><T108/><D69/><U96/><E50/><V5/><F5/><W124/><G124/><T20/><D108/><U123/><E123/><V68/><F68/><W119/><G119/><T104/><D104/><RYUUKYOKU ba="0,1" sc="260,-10,258,-10,200,30,272,-10" hai2="26,29,32,35,36,37,38,72,78,80,98,102,107" /><INIT seed="2,1,1,5,3,96" ten="250,248,230,262" oya="2" hai0="127,103,124,14,66,121,123,5,117,81,63,20,13" hai1="133,71,128,41,33,134,31,75,83,56,6,50,61" hai2="26,47,28,30,111,44,57,46,64,17,79,27,115" hai3="36,43,82,77,112,37,130,132,87,94,104,11,97"/><V125/><F115/><W93/><G112/><T113/><D117/><U8/><E128/><V76/><F125/><N who="0" m="48202" /><D113/><U51/><E71/><V12/><F111/><W21/><G130/><T39/><D39/><U102/><E41/><V45/><N who="2" m="11264" /><DORA hai="62" /><V119/><F119/><W54/><G132/><N who="1" m="50794" /><E102/><V106/><F106/><W73/><G54/><T80/><D103/><U99/><E99/><V7/><F7/><W68/><G68/><N who="0" m="42079" /><D14/><N who="1" m="5399" /><E31/><N who="2" m="11819" /><F57/><W67/><G43/><T95/><D5/><U89/><E33/><V118/><F118/><W16/><G37/><T2/><D2/><U114/><E114/><V65/><F26/><W52/><G36/><T23/><D121/><U60/><E60/><V92/><F92/><W48/><G93/><T69/><D69/><U116/><E116/><V18/><F27/><N who="3" m="14759" /><G104/><T90/><D123/><U85/><E75/><V22/><F17/><W15/><G73/><T42/><D42/><U101/><E101/><V129/><F129/><W72/><G72/><T55/><D13/><U108/><E108/><V10/><F10/><W24/><G24/><T122/><D122/><U70/><E70/><V135/><F135/><W38/><G38/><T107/><D107/><U110/><E110/><V9/><F9/><W126/><G126/><T59/><D20/><U84/><E84/><V120/><F120/><W98/><G94/><T58/><D23/><U29/><E29/><V49/><F49/><W34/><G34/><T4/><D4/><U25/><E25/><V105/><F105/><W19/><G11/><T3/><D95/><U53/><AGARI ba="1,1" hai="50,51,53,56,61,83,85,89" m="5399,50794" machi="53" ten="30,1100,0" yaku="20,1" doraHai="96,62" who="1" fromWho="1" sc="250,-4,248,24,230,-6,262,-4" /><INIT seed="3,0,0,4,5,67" ten="246,272,224,258" oya="3" hai0="19,134,26,74,108,101,46,88,0,24,16,86,117" hai1="116,49,95,2,58,3,72,32,131,70,37,48,23" hai2="87,35,4,11,76,15,82,77,33,123,83,68,20" hai3="135,21,107,8,97,63,115,125,56,45,43,120,69"/><W96/><G115/><T93/><D117/><U59/><E32/><V5/><F123/><W75/><G120/><T119/><D119/><U30/><E37/><V60/><F4/><W17/><G125/><T40/><D0/><U13/><E72/><V78/><F20/><W84/><G75/><T31/><D74/><U99/><E70/><V132/><F132/><W61/><G135/><T111/><D101/><U57/><E131/><V89/><REACH who="2" step="1"/><F82/><REACH who="2" ten="246,272,214,258" step="2"/><W53/><G21/><N who="0" m="15759" /><D134/><U22/><E22/><V18/><F18/><W64/><G17/><T128/><D128/><U121/><E121/><V9/><F9/><W39/><G8/><T38/><D26/><U129/><E129/><V36/><F36/><W100/><G96/><T113/><D113/><U73/><E23/><V106/><F106/><W52/><G84/><T51/><D38/><U28/><E73/><V65/><AGARI ba="0,1" hai="5,11,15,33,35,60,65,68,76,77,78,83,87,89" machi="65" ten="30,4000,0" yaku="1,1,0,1,52,1,53,0" doraHai="67" doraHaiUra="55" who="2" fromWho="2" sc="246,-10,272,-10,214,50,258,-20" /><INIT seed="4,0,0,5,0,84" ten="236,262,264,238" oya="0" hai0="15,94,112,36,93,49,12,28,91,92,123,117,128" hai1="38,119,7,6,47,75,63,109,88,65,34,58,89" hai2="133,76,40,10,48,129,3,126,25,110,26,85,62" hai3="111,61,57,100,16,39,108,131,46,56,24,60,80"/><T20/><D117/><U17/><E119/><V43/><F110/><W27/><G131/><T14/><D123/><U101/><E109/><V97/><F97/><W19/><G100/><T95/><D36/><U69/><E75/><V115/><F115/><W124/><G80/><T105/><D105/><U96/><E34/><V127/><F129/><W67/><G124/><N who="2" m="47657" /><F133/><W125/><G125/><T8/><D112/><U9/><E69/><V104/><F104/><W122/><G39/><T54/><D128/><U23/><E47/><N who="2" m="25703" /><F43/><W74/><G74/><T72/><D72/><U50/><E50/><V4/><F62/><W106/><G106/><T82/><D82/><AGARI ba="0,0" hai="3,4,10,25,26,76,82,85" m="25703,47657" machi="82" ten="30,1000,0" yaku="18,1" doraHai="84" who="2" fromWho="0" sc="236,-10,262,0,264,10,238,0" /><INIT seed="5,0,0,0,4,40" ten="226,262,274,238" oya="1" hai0="7,125,67,84,108,80,5,1,22,48,36,100,106" hai1="64,73,132,43,82,134,54,71,79,130,34,119,42" hai2="116,6,86,14,29,63,57,11,59,94,46,68,87" hai3="0,47,90,104,30,18,88,55,133,97,78,3,49"/><U122/><E122/><V12/><F116/><W121/><G121/><T28/><D108/><U20/><E119/><V91/><F29/><W112/><G112/><T33/><D33/><U39/><E130/><V93/><F68/><W105/><G78/><T95/><D36/><U16/><E34/><V27/><F27/><W99/><G18/><T76/><D125/><U23/><E23/><V50/><F12/><W120/><G120/><T53/><D106/><U83/><E54/><N who="2" m="30039" /><F63/><W98/><G30/><T35/><D67/><U110/><E83/><V13/><F14/><W25/><G25/><N who="0" m="16439" /><D35/><U127/><E127/><V118/><F118/><W124/><G133/><N who="1" m="51306" /><E110/><V21/><F21/><W9/><G124/><T96/><D1/><U65/><E71/><V117/><F117/><W38/><G38/><T107/><D107/><U126/><E126/><V31/><F31/><W37/><G37/><T103/><D103/><U52/><E52/><V85/><F93/><W56/><G105/><T4/><D4/><U111/><E111/><V123/><F123/><W51/><G104/><T114/><D114/><U61/><E61/><V10/><F11/><W81/><G9/><T62/><D62/><U135/><E135/><V101/><F101/><W45/><G81/><T17/><D17/><U113/><E113/><V44/><F44/><AGARI ba="0,0" hai="5,7,44,48,53,76,80,84,95,96,100" m="16439" machi="44" ten="30,2000,0" yaku="8,1,52,1" doraHai="40" who="0" fromWho="2" sc="226,20,262,0,274,-20,238,0" /><INIT seed="6,0,0,5,4,127" ten="246,262,254,238" oya="2" hai0="85,131,126,103,99,29,8,46,87,69,133,33,6" hai1="94,124,20,113,68,41,2,125,93,17,5,27,1" hai2="49,128,110,60,67,66,106,15,35,50,57,116,79" hai3="62,82,36,28,120,21,96,102,44,83,43,4,97"/><V74/><F35/><W38/><G120/><T53/><D69/><U86/><E68/><V56/><F116/><W104/><G4/><T54/><D126/><N who="1" m="48747" /><E41/><V71/><F106/><W129/><G129/><T32/><D133/><U107/><E107/><V16/><F128/><W48/><G62/><T111/><D111/><U78/><E113/><V31/><F31/><W39/><REACH who="3" step="1"/><G96/><REACH who="3" ten="246,262,254,228" step="2"/><T101/><D99/><U109/><E5/><V30/><F110/><W14/><G14/><T19/><D6/><U89/><E109/><V13/><F15/><W119/><G119/><T61/><D131/><U37/><E1/><V24/><F13/><W130/><G130/><T88/><D61/><U75/><E2/><V84/><F71/><W34/><G34/><T58/><D32/><U121/><E121/><V63/><F74/><W51/><G51/><T98/><D33/><U10/><E75/><V100/><F49/><W122/><G122/><T47/><D98/><U118/><E118/><V55/><F50/><W117/><G117/><T134/><D85/><U91/><E86/><V95/><F84/><W90/><G90/><T81/><D88/><N who="1" m="33867" /><E37/><V9/><F60/><W80/><G80/><T7/><D81/><U76/><E76/><V3/><F79/><W92/><G92/><T65/><D87/><U45/><E78/><V105/><F3/><W26/><AGARI ba="0,1" hai="21,26,28,36,38,39,43,44,48,82,83,97,102,104" machi="26" ten="40,2700,0" yaku="1,1,0,1,53,0" doraHai="127" doraHaiUra="123" who="3" fromWho="3" sc="246,-7,262,-7,254,-13,228,37" /><INIT seed="7,0,0,4,0,79" ten="239,255,241,265" oya="3" hai0="116,86,98,101,93,72,113,29,104,135,65,81,4" hai1="91,83,75,43,7,61,84,70,100,97,77,17,1" hai2="118,49,45,92,41,89,114,0,28,20,125,15,73" hai3="78,36,47,68,54,74,76,39,115,24,56,67,6"/><W23/><G115/><T66/><D116/><U96/><E43/><V110/><F118/><W8/><G74/><T87/><D113/><U12/><E7/><V121/><F110/><W131/><G131/><T99/><D135/><U123/><E1/><V117/><F117/><W19/><G68/><T80/><D72/><U9/><E123/><V59/><F0/><W25/><G25/><T40/><D4/><U58/><E100/><V34/><F34/><W102/><G102/><T60/><D40/><U109/><E70/><V26/><F73/><W82/><G67/><N who="0" m="25611" /><D104/><U48/><E48/><V38/><F114/><W14/><G47/><T85/><D60/><U107/><E107/><V126/><F121/><W94/><G94/><N who="0" m="58583" /><D29/><U63/><E63/><V10/><F38/><W51/><G76/><T35/><D35/><U128/><E109/><V112/><F112/><W11/><G39/><T13/><D13/><U50/><E50/><V119/><F59/><W127/><G36/><T124/><D124/><N who="2" m="47722" /><F119/><W52/><G127/><T44/><D44/><U32/><E32/><V55/><F41/><W21/><G54/><T42/><D42/><U69/><E69/><V16/><F92/><W122/><G122/><T64/><N who="0" m="25619" /><T46/><DORA hai="95" /><D46/><U106/><E106/><V22/><F10/><W108/><G108/><T129/><D129/><U120/><E128/><V18/><F28/><N who="3" m="17423" /><G6/><T57/><D57/><U5/><E5/><V130/><F130/><W134/><G134/><T3/><D3/><U88/><E120/><V111/><F111/><W33/><G33/><T31/><D31/><RYUUKYOKU ba="0,0" sc="239,10,255,-30,241,10,265,10" hai0="80,81,85,86,87,93,99" hai2="15,16,18,20,22,26,45,49,55,89" hai3="8,11,14,19,23,51,52,56,78,82" /><INIT seed="7,1,0,3,3,93" ten="249,225,251,275" oya="3" hai0="81,127,122,109,12,134,83,112,16,51,49,67,66" hai1="1,106,120,15,85,115,22,102,68,7,97,57,59" hai2="45,123,99,108,124,79,44,0,126,72,71,55,119" hai3="29,91,73,41,32,47,3,42,38,52,92,18,27"/><W9/><G73/><T84/><D109/><U125/><E120/><V82/><F108/><W130/><G130/><T69/><D122/><U11/><E115/><V58/><F123/><W20/><G38/><T101/><D112/><U48/><E125/><N who="2" m="48235" /><F71/><W110/><G110/><T34/><D34/><U24/><E68/><V100/><F119/><W40/><G3/><T129/><D129/><U75/><E75/><V39/><F0/><W28/><G9/><T103/><D134/><U128/><E128/><V121/><F39/><W133/><G32/><T37/><D37/><U13/><E85/><V2/><F2/><W64/><G64/><N who="0" m="24619" /><D83/><U50/><E50/><N who="0" m="18953" /><D69/><U70/><E70/><V114/><F114/><W56/><G47/><T23/><D127/><U89/><E89/><AGARI ba="1,0" hai="12,16,23,81,84,89,101,103" m="18953,24619" machi="89" ten="30,2000,0" yaku="8,1,54,1" doraHai="93" who="0" fromWho="1" sc="249,23,225,-23,251,0,275,0" owari="272,7.2,202,-29.8,251,-14.9,275,37.5" /></mjloggm>