<mjloggm ver="2.3"><GO type="225" lobby="0"/><UN n0="%E3%81%82%E3%81%99%E3%81%AB%E3%82%83%E3%82%80" n1="%E3%81%A8%E3%82%93%E3%81%A8%E3%81%93%E3%81%A8%E3%82%93" n2="%E5%A4%96%E5%B7%9D%E7%AB%9C%E6%88%90" n3="%6D%75%75%6D%75%72%61" dan="16,16,16,16" rate="2134.05,2097.52,2205.35,2142.36" sx="F,M,M,F"/><TAIKYOKU oya="0"/><INIT seed="0,0,0,0,0,3" ten="250,250,250,250" oya="0" hai0="31,75,24,19,32,37,105,1,54,9,99,121,40" hai1="120,92,49,27,65,73,93,89,62,4,132,56,29" hai2="59,38,45,133,72,96,84,82,66,41,104,25,109" hai3="117,98,88,129,135,78,15,101,53,102,97,35,79"/><T14/><D121/><U8/><E120/><V39/><F109/><W86/><G35/><T77/><D54/><U87/><E132/><V67/><F133/><W113/><G135/><T0/><D77/><N who="3" m="29193" /><G53/><T110/><D75/><U58/><E73/><V107/><F72/><W5/><G113/><T28/><D110/><U34/><E93/><V69/><F69/><W2/><G2/><T23/><D31/><U81/><E92/><V127/><F39/><W74/><G74/><T85/><D85/><U22/><E34/><V60/><F67/><W55/><G55/><T20/><D105/><U115/><E115/><V18/><F96/><N who="3" m="36971" /><G117/><T71/><D71/><U80/><E49/><V83/><F127/><W12/><G129/><T70/><D70/><U48/><E48/><V21/><F83/><N who="3" m="49247" /><G15/><T134/><D134/><U131/><E131/><V122/><F122/><W63/><G63/><T103/><D37/><U94/><REACH who="1" step="1"/><E56/><REACH who="1" ten="250,240,250,250" step="2"/><V90/><AGARI ba="0,1" hai="18,21,25,38,41,45,59,60,66,82,84,90,104,107" machi="90" ten="20,1500,0" yaku="0,1,7,1" doraHai="3" who="2" fromWho="2" sc="250,-7,240,-4,250,25,250,-4" /><INIT seed="1,0,0,1,4,63" ten="243,236,275,246" oya="1" hai0="61,99,5,46,52,129,20,107,118,49,33,132,126" hai1="75,28,32,36,83,80,108,93,125,25,121,4,71" hai2="6,8,97,17,94,21,131,66,37,96,79,123,34" hai3="109,38,64,53,84,16,70,95,23,39,113,115,67"/><U65/><E121/><V111/><F123/><W81/><G109/><T13/><D118/><U55/><E36/><V101/><F37/><W60/><G95/><T73/><D33/><U76/><E125/><V85/><F34/><W105/><G105/><T90/><D126/><U62/><E108/><V42/><F111/><W92/><G92/><N who="0" m="56727" /><D107/><U15/><E93/><V1/><F42/><W43/><G53/><T106/><D73/><U78/><E55/><V2/><F131/><W54/><G54/><T40/><D129/><U14/><REACH who="1" step="1"/><E4/><REACH who="1" ten="243,226,275,246" step="2"/><V103/><F6/><W29/><G39/><T134/><D106/><U100/><E100/><V50/><F103/><W45/><G67/><T82/><D5/><U77/><E77/><V9/><F66/><W91/><REACH who="3" step="1"/><G29/><REACH who="3" ten="243,226,275,236" step="2"/><T56/><D52/><U102/><E102/><V68/><F101/><W119/><G119/><T110/><D40/><U104/><E104/><V7/><F94/><W35/><G35/><T69/><D110/><U127/><E127/><V47/><F97/><W58/><G58/><T128/><D56/><U117/><E117/><V3/><F96/><W51/><G51/><T11/><D49/><U98/><E98/><V10/><F50/><W124/><G124/><T114/><D128/><U112/><E112/><V133/><F133/><W12/><AGARI ba="0,2" hai="12,16,23,38,43,45,60,64,70,81,84,91,113,115" machi="12" ten="20,12000,2" yaku="1,1,0,1,7,1,52,1,54,1,53,1" doraHai="63" doraHaiUra="57" who="3" fromWho="3" sc="243,-30,226,-60,275,-30,236,140" /><INIT seed="2,0,0,5,3,42" ten="213,166,245,376" oya="2" hai0="40,28,95,47,56,80,87,135,46,45,59,86,65" hai1="20,39,104,125,133,7,33,8,64,2,107,41,109" hai2="21,112,134,22,52,90,18,75,84,110,73,57,70" hai3="99,23,68,25,101,50,67,6,13,72,122,106,54"/><V34/><F34/><W11/><G122/><T103/><D135/><U32/><E20/><V24/><F112/><W131/><G131/><T94/><D40/><U81/><E109/><V111/><F70/><W85/><G72/><T117/><D117/><U15/><E15/><V37/><F37/><W61/><G85/><N who="0" m="32267" /><D28/><U129/><E125/><V126/><F22/><W53/><G50/><T114/><D114/><U96/><E133/><V31/><F31/><AGARI ba="0,0" hai="6,11,13,23,25,31,53,54,61,67,68,99,101,106" machi="31" ten="30,1000,0" yaku="7,1" doraHai="42" who="3" fromWho="2" sc="213,0,166,0,245,-10,376,10" /><INIT seed="3,0,0,5,1,106" ten="213,166,235,386" oya="3" hai0="99,120,103,46,89,98,13,90,45,54,66,5,50" hai1="77,92,122,16,73,7,111,104,72,68,133,30,34" hai2="43,119,51,38,93,59,42,2,102,71,64,85,33" hai3="97,114,60,88,76,105,57,32,4,81,94,37,83"/><W31/><G37/><T58/><D120/><U40/><E104/><V95/><F33/><W116/><G105/><T11/><D66/><U20/><E122/><V15/><F2/><W3/><G83/><T0/><D0/><U49/><E68/><V52/><F119/><W127/><G88/><N who="0" m="33899" /><D103/><U130/><E77/><V91/><F38/><W12/><G3/><T41/><D46/><U29/><E7/><V25/><F25/><W74/><G12/><T118/><D118/><U1/><E1/><V10/><F64/><W112/><G116/><T100/><D100/><U115/><E115/><V28/><F28/><W78/><G31/><T113/><D113/><U123/><E123/><V14/><F14/><W124/><G74/><T134/><D134/><U61/><E30/><V128/><F128/><W86/><G32/><T21/><D21/><U131/><E111/><V8/><F8/><W39/><G39/><T117/><D117/><U132/><E29/><V70/><F70/><W135/><G135/><N who="1" m="51786" /><E34/><V22/><F22/><W24/><G114/><T84/><D84/><U109/><E92/><V35/><F35/><W55/><G94/><T47/><D47/><N who="1" m="25831" /><E61/><AGARI ba="0,0" hai="5,11,13,41,45,50,54,58,61,98,99" m="33899" machi="61" ten="30,2000,0" yaku="8,1,54,1" doraHai="106" who="0" fromWho="1" sc="213,20,166,-20,235,0,386,0" owari="233,-16.7,146,-35.4,235,3.5,386,48.6" /></mjloggm>