<mjloggm ver="2.3"><GO type="225" lobby="0"/><UN n0="%E3%82%A2%E3%83%8A%E3%83%BC%E3%81%8D%E3%83%BC" n1="%E3%82%BC%E3%83%AB%E3%83%80%E3%81%AE%E4%BC%9D%E8%AA%AC" n2="%3E%5F%30%40%E6%9D%8F%E6%9D%8F%E8%BB%8D%E5%9C%98" n3="%77%72%77%72%77%72%77%72" dan="16,16,16,16" rate="2091.03,2187.84,2129.70,2080.76" sx="M,M,F,M"/><TAIKYOKU oya="0"/><INIT seed="0,0,0,4,3,14" ten="250,250,250,250" oya="0" hai0="92,4,41,118,102,127,121,80,81,37,56,125,18" hai1="77,43,40,112,19,82,123,10,114,3,12,52,90" hai2="30,0,98,17,50,75,2,129,29,23,32,25,110" hai3="95,117,39,101,21,6,36,58,84,38,97,65,42"/><T85/><D118/><U71/><E123/><V88/><F75/><W134/><G117/><T15/><D121/><U128/><E71/><V89/><F110/><W119/><G119/><T99/><D4/><U24/><E128/><V34/><F129/><W96/><G134/><T124/><D56/><U45/><E3/><V48/><F98/><W105/><G6/><T76/><D81/><U53/><E24/><V113/><F25/><W9/><G9/><T59/><D59/><U60/><E60/><V106/><F106/><W100/><G84/><T1/><D1/><U103/><E103/><V26/><F26/><W47/><REACH who="3" step="1"/><G21/><REACH who="3" ten="250,250,250,240" step="2"/><N who="0" m="11487" /><D41/><U109/><E109/><V74/><F23/><W111/><G111/><T104/><D37/><U64/><E43/><V13/><F74/><W135/><G135/><T120/><D120/><U51/><E112/><V79/><F113/><W11/><G11/><T57/><D57/><U5/><E114/><V115/><F115/><W83/><G83/><T108/><D108/><U7/><E7/><V27/><F27/><W126/><G126/><T35/><D35/><U78/><E5/><V8/><F8/><W66/><G66/><T72/><D72/><U16/><E64/><V86/><F86/><W67/><G67/><T20/><D20/><U130/><E130/><V61/><F13/><W94/><G94/><AGARI ba="0,1" hai="76,80,85,92,94,99,102,104,124,125,127" m="11487" machi="94" ten="30,2900,0" yaku="18,1,52,1" doraHai="14" who="0" fromWho="3" sc="250,39,250,0,250,0,240,-29" /><INIT seed="0,1,0,5,2,63" ten="289,250,250,211" oya="0" hai0="29,62,16,5,74,90,134,105,4,7,81,121,133" hai1="109,106,88,126,17,77,64,35,2,128,91,129,11" hai2="47,80,120,83,89,38,124,30,36,44,75,57,99" hai3="107,82,125,84,31,61,132,68,14,18,19,72,110"/><T96/><D121/><U6/><E106/><V87/><F120/><W112/><G112/><T108/><D29/><U42/><E35/><V15/><F124/><W24/><G110/><T54/><D108/><U114/><E109/><V122/><F122/><W46/><G125/><T10/><D74/><U53/><E126/><V103/><F30/><W71/><G132/><N who="0" m="50795" /><D81/><U50/><E114/><V0/><F0/><W28/><G72/><T70/><D90/><U41/><E77/><V13/><F75/><W100/><G46/><T3/><D16/><U102/><E102/><V115/><F115/><W43/><G43/><N who="1" m="16394" /><E17/><V95/><F38/><W111/><G111/><T39/><D39/><U21/><E21/><V48/><F36/><W101/><G19/><T55/><D55/><U131/><E64/><V58/><F47/><AGARI ba="1,0" hai="2,6,11,47,50,53,88,91,128,129,131" m="16394" machi="47" ten="30,2000,0" yaku="19,1,54,1" doraHai="63" who="1" fromWho="2" sc="289,0,250,23,250,-23,211,0" /><INIT seed="1,0,0,2,2,124" ten="289,273,227,211" oya="1" hai0="111,74,31,52,35,78,63,34,47,132,58,86,108" hai1="91,62,61,121,13,66,122,87,54,85,88,73,9" hai2="106,75,37,76,46,11,109,20,93,69,67,39,119" hai3="3,103,30,116,32,115,55,81,134,56,65,7,64"/><U6/><E73/><V135/><F106/><W26/><G115/><T99/><D74/><U79/><E79/><V113/><F119/><W33/><G116/><T110/><D132/><U100/><E100/><V38/><F135/><W96/><G134/><T117/><D117/><U101/><E101/><V22/><F113/><W130/><G32/><T12/><D31/><U89/><E54/><V105/><F105/><W125/><G125/><T95/><D12/><U120/><REACH who="1" step="1"/><E61/><REACH who="1" ten="289,263,227,211" step="2"/><V70/><F75/><W50/><G64/><T94/><D47/><U1/><E1/><V112/><F112/><W131/><G65/><T53/><D53/><U36/><E36/><V2/><F39/><W98/><G103/><N who="0" m="60919" /><D95/><U126/><E126/><V5/><F38/><W24/><G81/><AGARI ba="0,1" hai="34,35,52,58,63,78,81,86,108,110,111" m="60919" machi="81" ten="30,2000,0" yaku="14,1,54,1" doraHai="124" who="0" fromWho="3" sc="289,30,263,0,227,0,211,-20" /><INIT seed="2,0,0,0,4,43" ten="319,263,227,191" oya="2" hai0="16,27,57,84,64,11,14,67,55,25,80,38,127" hai1="46,134,123,18,62,76,59,131,1,63,101,113,40" hai2="107,85,109,102,6,49,36,12,87,35,103,66,99" hai3="112,30,41,17,20,52,88,58,28,92,124,100,69"/><V83/><F36/><W129/><G69/><T31/><D38/><U75/><E113/><V70/><F35/><W86/><G112/><T81/><D127/><U15/><E1/><V74/><F109/><W54/><G129/><T5/><D5/><U105/><E131/><V111/><F111/><W9/><G124/><T125/><D125/><U93/><E105/><V65/><F103/><W94/><G9/><T90/><D80/><U78/><E75/><V126/><F126/><W23/><G41/><T108/><D108/><U48/><E134/><V33/><F33/><W89/><G100/><T2/><D2/><U0/><E0/><V77/><F70/><W47/><G47/><T32/><D27/><U24/><E24/><V117/><F117/><W73/><G73/><T37/><D37/><U122/><E122/><V19/><F6/><W97/><G23/><T71/><D71/><U42/><E42/><V53/><F65/><W10/><G10/><T56/><D57/><U39/><E39/><V50/><F66/><W29/><REACH who="3" step="1"/><G58/><REACH who="3" ten="319,263,227,181" step="2"/><T72/><D72/><U114/><E114/><V115/><F115/><W104/><G104/><T91/><D90/><U106/><E106/><V116/><F116/><W22/><G22/><T118/><D118/><U130/><E130/><V51/><REACH who="2" step="1"/><F53/><REACH who="2" ten="319,263,217,181" step="2"/><W8/><G8/><AGARI ba="0,2" hai="8,12,19,49,50,51,74,77,83,85,87,99,102,107" machi="8" ten="40,3900,0" yaku="1,1,2,1,53,0" doraHai="43" doraHaiUra="120" who="2" fromWho="3" sc="319,0,263,0,217,59,181,-39" /><INIT seed="2,1,0,4,0,1" ten="319,263,276,142" oya="2" hai0="50,113,114,42,29,8,48,104,101,116,17,38,122" hai1="22,49,51,52,59,56,67,12,60,21,28,115,10" hai2="26,133,14,96,7,87,31,13,63,20,125,64,100" hai3="118,131,19,109,27,39,81,46,2,65,89,103,132"/><V93/><F125/><W95/><G118/><T75/><D116/><U78/><E115/><V126/><F126/><W127/><G127/><T83/><D122/><U128/><E128/><V86/><F133/><W15/><G2/><T88/><D29/><U25/><E78/><V3/><F3/><W71/><G131/><T47/><D114/><U111/><E111/><V5/><F13/><W53/><G109/><T117/><D117/><U98/><E98/><V106/><F106/><W84/><G132/><T45/><D113/><U102/><E102/><V80/><F14/><W23/><G65/><T90/><D17/><U99/><E99/><V91/><F87/><W76/><G71/><AGARI ba="1,0" hai="5,7,20,26,31,63,64,71,80,86,91,93,96,100" machi="71" ten="30,5800,0" yaku="7,1,52,2" doraHai="1" who="2" fromWho="3" sc="319,0,263,0,276,61,142,-61" /><INIT seed="2,2,0,3,3,43" ten="319,263,337,81" oya="2" hai0="120,80,14,44,95,1,112,33,34,109,84,17,2" hai1="55,130,4,107,46,69,123,79,89,21,114,110,8" hai2="90,113,23,52,103,111,117,70,63,31,35,45,83" hai3="74,42,18,73,9,97,96,7,58,3,11,100,27"/><V48/><F117/><W115/><G115/><T20/><D112/><U75/><E114/><V81/><F113/><W54/><G96/><T49/><D120/><U24/><E123/><V132/><F35/><W71/><G71/><T32/><D109/><U82/><E110/><V102/><F111/><W16/><G42/><T36/><D95/><U122/><E122/><V65/><F132/><W121/><G121/><T66/><D66/><U93/><E107/><V128/><F128/><W64/><G64/><T106/><D36/><U94/><E69/><V88/><F90/><W30/><G74/><T53/><REACH who="0" step="1"/><D106/><REACH who="0" ten="309,263,337,81" step="2"/><U77/><E94/><V134/><F134/><W126/><G126/><T105/><D105/><U135/><E93/><V116/><F116/><W124/><G124/><T22/><D22/><U92/><E92/><V26/><REACH who="2" step="1"/><F83/><REACH who="2" ten="309,263,327,81" step="2"/><W0/><G11/><T50/><D50/><U76/><E135/><V37/><F37/><W15/><G9/><T56/><D56/><U47/><E130/><V40/><F40/><W98/><G58/><T127/><D127/><U91/><E82/><V87/><AGARI ba="2,2" hai="23,26,31,45,48,52,63,65,70,81,87,88,102,103" machi="87" ten="30,18000,2" yaku="1,1,0,1,52,1,54,2,53,1" doraHai="43" doraHaiUra="59" who="2" fromWho="2" sc="309,-62,263,-62,327,206,81,-62" /><INIT seed="2,3,0,5,3,28" ten="247,201,533,19" oya="2" hai0="2,17,50,59,133,115,103,64,45,112,135,75,93" hai1="104,68,67,61,69,62,109,84,76,41,63,7,21" hai2="79,87,122,47,98,60,12,125,1,81,108,5,120" hai3="13,91,56,23,70,49,55,105,34,27,15,29,19"/><V111/><F125/><W126/><G126/><T16/><D75/><U20/><E104/><V72/><F1/><W30/><G105/><T11/><D2/><U40/><E7/><V92/><F47/><W88/><G70/><T86/><D11/><U134/><E109/><N who="2" m="42059" /><F60/><W22/><REACH who="3" step="1"/><G13/><REACH who="3" ten="247,201,533,9" step="2"/><T39/><D115/><U96/><E69/><V117/><F12/><W26/><AGARI ba="3,1" hai="15,19,22,23,26,27,29,30,34,49,55,56,88,91" machi="26" ten="30,8000,1" yaku="1,1,2,1,0,1,52,1,54,1,53,0" doraHai="28" doraHaiUra="113" who="3" fromWho="3" sc="247,-23,201,-23,533,-43,9,99" /><INIT seed="3,0,0,0,2,39" ten="224,178,490,108" oya="3" hai0="78,128,75,58,113,126,14,28,22,129,80,7,20" hai1="44,10,109,31,62,4,60,87,0,104,66,73,33" hai2="5,6,84,48,77,26,43,133,102,46,122,54,117" hai3="49,83,81,127,82,1,96,118,53,76,115,135,70"/><W27/><G115/><T131/><D113/><U97/><E73/><V25/><F117/><W90/><G118/><T37/><D126/><U130/><E109/><V114/><F114/><W12/><G1/><T29/><D37/><U111/><E111/><V2/><F133/><W15/><G135/><T100/><D100/><U17/><E130/><V38/><F122/><W120/><G70/><T57/><D57/><U63/><E87/><V11/><F5/><W71/><G71/><T18/><D58/><U99/><E44/><V112/><F112/><W94/><G127/><T89/><D89/><U9/><E66/><V119/><F102/><W50/><G120/><T23/><D7/><U30/><E104/><V61/><F119/><W134/><G134/><T105/><D105/><U69/><E69/><V42/><F61/><W92/><G76/><T91/><D91/><U64/><E64/><V124/><F124/><W103/><G27/><T93/><D93/><U86/><E86/><V74/><F84/><N who="3" m="52295" /><G49/><T56/><D56/><AGARI ba="0,0" hai="12,15,50,53,56,81,82,83,94,96,103" m="52295" machi="56" ten="30,1500,0" yaku="8,1" doraHai="39" who="3" fromWho="0" sc="224,-15,178,0,490,0,108,15" /><INIT seed="3,1,0,1,2,0" ten="209,178,490,123" oya="3" hai0="113,1,85,120,104,100,96,9,23,130,16,42,70" hai1="15,31,39,58,99,36,116,75,105,65,127,54,27" hai2="47,117,38,125,121,103,126,55,108,90,28,124,44" hai3="133,109,49,101,10,112,129,5,88,61,114,134,87"/><W131/><G101/><T98/><D120/><U63/><E75/><V72/><F117/><W43/><G61/><T74/><D74/><U30/><E116/><V92/><F121/><W80/><G43/><T81/><D70/><U41/><E127/><V7/><F72/><W26/><G26/><T111/><D111/><U79/><E79/><V82/><F108/><W132/><G49/><T59/><D130/><N who="3" m="49673" /><G109/><T3/><D113/><U21/><E31/><V68/><F28/><W57/><G57/><T94/><D42/><U2/><E2/><AGARI ba="1,0" hai="2,5,10,80,87,88,112,114,132,133,134" m="49673" machi="2" ten="40,12000,1" yaku="20,1,19,1,52,1,54,1" doraHai="0" who="3" fromWho="1" sc="209,0,178,-123,490,0,123,123" /><INIT seed="3,2,0,4,5,92" ten="209,55,490,246" oya="3" hai0="122,124,32,96,76,25,106,21,37,65,121,58,30" hai1="127,51,68,108,67,1,17,104,109,94,88,44,39" hai2="103,100,135,111,79,115,20,119,72,99,42,36,120" hai3="134,82,130,129,49,112,43,9,14,114,97,31,45"/><W75/><G31/><T8/><D37/><U56/><E127/><V74/><F119/><W28/><G28/><T132/><D124/><U78/><E1/><V6/><F115/><W55/><G134/><T118/><D118/><U22/><E104/><V64/><F120/><W5/><G55/><T87/><D132/><U93/><E93/><V77/><F6/><W12/><G12/><T117/><D117/><U13/><E78/><V81/><F64/><W125/><G125/><T60/><D32/><U50/><E68/><V47/><F111/><W107/><G82/><T110/><D110/><U0/><E0/><V70/><F70/><W7/><G7/><T3/><D3/><U90/><E90/><V59/><F135/><W11/><G11/><T86/><D8/><U33/><E33/><V101/><F59/><W48/><G48/><T16/><D30/><U15/><E15/><V95/><F20/><W18/><G18/><T23/><D21/><U131/><E131/><N who="3" m="50186" /><G75/><T57/><D58/><U10/><E10/><V24/><F24/><W66/><G66/><T116/><D116/><U73/><E73/><V27/><F27/><W128/><N who="3" m="50194" /><W35/><DORA hai="52" /><G35/><T98/><D106/><U34/><E34/><V84/><F72/><W123/><G123/><N who="0" m="47115" /><D76/><U69/><E39/><V53/><F53/><W102/><AGARI ba="2,0" hai="5,9,14,43,45,49,97,102,107,112,114" m="50194" machi="102" ten="40,3900,0" yaku="19,1,52,1" doraHai="92,52" who="3" fromWho="3" sc="209,-15,55,-15,490,-15,246,45" /><INIT seed="3,3,0,1,0,107" ten="194,40,475,291" oya="3" hai0="71,88,102,57,67,70,98,54,94,106,22,119,80" hai1="111,53,134,130,90,32,42,112,113,51,133,86,6" hai2="128,55,48,120,23,92,27,122,125,43,104,2,72" hai3="96,3,101,31,14,45,40,91,63,15,103,10,47"/><W74/><G31/><T35/><D119/><U5/><E32/><V132/><F104/><W78/><G63/><T76/><D35/><U87/><E42/><V121/><F2/><W129/><G129/><T97/><D67/><U99/><E51/><V46/><F72/><W58/><G58/><T66/><D22/><U49/><E49/><V83/><F128/><W50/><G45/><T127/><D66/><U18/><E130/><V81/><F125/><W110/><G110/><T26/><D26/><U21/><E21/><V85/><F132/><W16/><G3/><T100/><D100/><U11/><E99/><V62/><F62/><W13/><G91/><T117/><D117/><U116/><E90/><N who="2" m="53327" /><F43/><W0/><G0/><T93/><D106/><U37/><E116/><V1/><F1/><W61/><G61/><T114/><D114/><U34/><E34/><V82/><F81/><W25/><G25/><T8/><D8/><U84/><E111/><V19/><AGARI ba="3,0" hai="19,23,27,46,48,55,82,83,120,121,122" m="53327" machi="19" ten="30,1100,0" yaku="13,1" doraHai="107" who="2" fromWho="2" sc="194,-6,40,-6,475,20,291,-8" owari="188,-21.2,34,-46.6,495,59.5,283,8.3" /></mjloggm>