<mjloggm ver="2.3"><GO type="225" lobby="0"/><UN n0="%E3%83%B4%E3%83%A0%EF%BC%99%E3%81%A6" n1="%6D%75%75%6D%75%72%61" n2="%72%61%6B%33" n3="%45%6C%79%73%69%75%6D" dan="17,17,16,18" rate="2245.62,2186.89,2198.66,2177.37" sx="M,F,M,F"/><TAIKYOKU oya="0"/><INIT seed="0,0,0,2,4,121" ten="250,250,250,250" oya="0" hai0="102,119,133,94,33,65,16,117,44,130,72,23,6" hai1="60,40,26,111,24,77,3,107,62,9,12,89,71" hai2="57,0,82,68,8,31,18,52,103,15,49,91,21" hai3="53,95,20,35,32,105,4,134,131,85,50,132,100"/><T87/><D72/><U39/><E3/><V104/><F68/><W106/><G20/><T70/><D33/><N who="3" m="12873" /><G4/><T66/><D133/><N who="3" m="51305" /><G131/><T22/><D130/><U73/><E107/><V36/><F36/><W90/><G100/><T86/><D6/><U128/><E128/><V99/><F0/><W88/><G90/><T79/><D70/><U27/><E73/><V125/><F125/><W113/><G113/><T56/><D102/><U120/><E77/><V116/><F116/><W124/><G124/><T127/><D127/><U17/><E120/><V54/><F54/><W1/><G1/><T25/><D79/><U13/><E13/><V38/><F38/><W81/><G81/><T11/><D11/><U7/><E7/><V63/><F63/><W48/><G48/><T14/><D119/><U84/><E39/><V109/><F82/><W80/><G80/><T78/><D78/><U58/><E40/><V75/><F91/><W2/><G2/><T67/><D117/><U83/><E62/><V135/><F135/><W42/><G42/><T115/><D115/><U41/><E41/><V69/><F75/><W47/><AGARI ba="0,0" hai="47,50,53,85,88,95,105,106" m="51305,12873" machi="47" ten="30,2000,0" yaku="20,1,54,1" doraHai="121" who="3" fromWho="3" sc="250,-10,250,-5,250,-5,250,20" /><INIT seed="1,0,0,1,2,0" ten="240,245,245,270" oya="1" hai0="85,113,26,128,43,44,100,104,91,20,30,27,80" hai1="97,106,122,134,96,10,120,51,88,4,86,92,93" hai2="125,69,2,70,12,76,17,29,36,114,3,123,98" hai3="5,118,56,68,99,55,75,115,32,47,49,127,39"/><U108/><E134/><V15/><F123/><W78/><G32/><T59/><D113/><U54/><E108/><V124/><F36/><W42/><G115/><T121/><D121/><U22/><E106/><V24/><F114/><W126/><G118/><T131/><D59/><U61/><E61/><V37/><F37/><W102/><G68/><T38/><D104/><U25/><E86/><V31/><F98/><W57/><G57/><T130/><D27/><U33/><E33/><V117/><F24/><W62/><G62/><T6/><D100/><U71/><E71/><V111/><F17/><W83/><REACH who="3" step="1"/><G5/><AGARI ba="0,0" hai="5,6,20,26,30,38,43,44,80,85,91,128,130,131" machi="5" ten="40,5200,0" yaku="19,1,52,2" doraHai="0" who="0" fromWho="3" sc="240,52,245,0,245,0,270,-52" /><INIT seed="2,0,0,5,1,62" ten="292,245,245,218" oya="2" hai0="94,57,11,53,39,56,84,109,125,70,45,44,122" hai1="35,25,118,66,41,15,1,120,90,129,36,111,132" hai2="126,99,18,131,59,7,100,80,87,58,67,10,78" hai3="46,75,23,68,115,102,130,42,33,108,96,95,2"/><V26/><F126/><W17/><G33/><T37/><D11/><U19/><E118/><V89/><F131/><W27/><G130/><T0/><D0/><U79/><E1/><V116/><F116/><W3/><G108/><T64/><D84/><U119/><E119/><V40/><F40/><W93/><G75/><T16/><D16/><U52/><E129/><V54/><F67/><W98/><G68/><T134/><D94/><U31/><E111/><V76/><F58/><W106/><G106/><T91/><D91/><U14/><E132/><V29/><F18/><W112/><G46/><N who="0" m="18027" /><D109/><U104/><E36/><N who="0" m="13897" /><D134/><U24/><E41/><V97/><F10/><W50/><G50/><N who="0" m="30775" /><D57/><U117/><E104/><V20/><F7/><W133/><G133/><T61/><D125/><U65/><E117/><V5/><F5/><W51/><G42/><T55/><D55/><U73/><E52/><V105/><REACH who="2" step="1"/><F99/><REACH who="2" ten="292,245,235,218" step="2"/><W128/><G128/><T4/><D4/><U47/><E19/><V8/><F8/><W113/><REACH who="3" step="1"/><G51/><AGARI ba="0,1" hai="20,26,29,51,54,59,76,78,80,87,89,97,100,105" machi="51" ten="30,2900,0" yaku="1,1,7,1,53,0" doraHai="62" doraHaiUra="135" who="2" fromWho="3" sc="292,0,245,0,235,39,218,-29" /><INIT seed="2,1,0,0,5,127" ten="292,245,274,189" oya="2" hai0="64,89,60,17,105,132,15,45,43,101,95,100,24" hai1="130,1,117,36,53,3,91,6,50,68,86,22,51" hai2="113,120,29,112,39,10,108,18,54,88,82,13,25" hai3="99,75,104,40,42,111,114,87,83,21,109,135,38"/><V47/><F120/><W56/><G114/><T119/><D105/><U66/><E36/><V80/><F108/><N who="3" m="41547" /><G135/><T67/><D132/><U73/><E73/><V77/><F82/><W46/><G75/><T44/><D24/><U69/><E117/><V124/><F124/><W107/><G40/><T84/><D119/><U126/><E126/><V14/><F14/><W94/><G56/><N who="0" m="36871" /><D67/><U116/><E116/><V128/><F128/><W97/><G21/><N who="0" m="11455" /><D43/><U131/><E22/><V61/><F61/><W103/><G99/><T35/><D35/><U26/><E26/><V98/><F39/><W65/><G65/><T7/><D7/><U5/><E66/><V123/><F123/><W23/><G23/><T49/><D49/><N who="1" m="18443" /><E53/><V129/><F129/><N who="1" m="49161" /><E6/><V27/><F54/><W115/><G115/><T59/><D59/><U96/><E96/><V81/><F113/><W121/><G121/><T33/><D33/><U78/><E78/><AGARI ba="1,0" hai="38,42,46,78,83,87,94,97,103,104,107" m="41547" machi="78" ten="30,1000,0" yaku="14,1" doraHai="127" who="3" fromWho="1" sc="292,0,245,-13,274,0,189,13" /><INIT seed="3,0,0,2,1,128" ten="292,232,274,202" oya="3" hai0="32,25,71,131,125,18,67,65,40,122,15,51,133" hai1="127,45,89,117,109,79,92,64,120,5,46,47,2" hai2="38,39,98,96,121,80,56,50,52,21,134,53,29" hai3="60,100,83,104,33,57,86,106,97,115,35,17,34"/><W87/><G115/><T14/><D133/><U27/><E120/><V19/><F134/><W112/><G112/><T81/><D122/><U1/><E109/><V111/><F121/><W113/><G113/><T66/><D71/><U0/><E127/><V74/><F29/><W91/><G86/><T135/><D135/><U41/><E117/><V90/><F111/><W37/><G37/><T93/><D131/><U44/><E79/><V124/><F124/><W48/><G48/><T82/><D32/><U123/><E123/><V62/><F74/><W36/><G36/><T24/><D93/><U49/><E27/><N who="0" m="10313" /><D125/><U69/><E64/><V58/><F39/><W110/><G110/><T116/><D116/><U42/><E69/><V95/><F38/><W119/><G119/><T63/><D63/><U9/><REACH who="1" step="1"/><E42/><REACH who="1" ten="292,222,274,202" step="2"/><V85/><F80/><N who="0" m="30826" /><D18/><U20/><E20/><V77/><F77/><W30/><G17/><T23/><D23/><U4/><E4/><V88/><F90/><W12/><G12/><AGARI ba="0,1" hai="12,19,21,50,52,53,56,58,62,85,88,95,96,98" machi="12" ten="30,12000,2" yaku="7,1,25,2,8,1,54,2" doraHai="128" who="2" fromWho="3" sc="292,0,222,0,274,130,202,-120" owari="292,9.2,222,-17.8,404,50.4,82,-41.8" /></mjloggm>