<mjloggm ver="2.3"><GO type="225" lobby="0"/><UN n0="%E8%B6%85%E7%B4%9A%E9%B3%B3%E5%87%B0" n1="%74%2E%6F%2E%6F%2E%73" n2="%E3%82%B2%E3%82%B9%E8%8C%82%E5%8B%9D" n3="%E6%81%A5%E6%99%92%E3%81%97" dan="16,17,16,16" rate="2095.07,2112.82,2106.92,2180.66" sx="F,M,F,M"/><TAIKYOKU oya="0"/><INIT seed="0,0,0,1,4,56" ten="250,250,250,250" oya="0" hai0="43,119,39,5,102,31,131,41,117,34,78,110,93" hai1="15,107,98,109,58,70,74,135,94,79,127,99,128" hai2="17,106,130,24,84,90,38,35,69,48,118,67,122" hai3="10,108,105,14,26,73,57,54,11,30,61,125,13"/><T92/><D131/><U2/><E70/><V68/><F130/><W65/><G73/><T12/><D110/><U112/><E2/><V132/><F132/><W27/><G108/><T49/><D39/><U22/><E107/><V113/><F113/><W104/><G125/><T126/><D126/><U95/><E74/><V25/><F38/><W47/><G104/><T121/><D121/><U116/><E116/><V59/><F106/><W123/><G105/><T114/><D114/><U129/><E79/><V124/><F124/><W40/><G65/><T45/><D78/><U32/><E32/><V42/><F35/><W19/><G30/><T81/><D81/><U21/><E135/><V52/><F118/><W20/><G123/><T50/><D34/><U37/><E109/><V1/><F1/><W76/><G76/><T72/><D72/><U53/><E37/><V66/><F42/><W23/><G23/><T83/><D83/><U86/><E86/><V115/><F115/><W82/><G82/><T91/><D31/><U63/><E112/><V80/><F122/><W75/><G75/><T3/><D3/><U6/><E127/><V28/><F28/><W4/><G20/><T71/><D71/><U133/><E133/><V64/><REACH who="2" step="1"/><F25/><REACH who="2" ten="250,250,240,250" step="2"/><W51/><AGARI ba="0,1" hai="4,10,11,13,14,19,26,27,40,47,51,54,57,61" machi="51" ten="20,5200,0" yaku="0,1,7,1,8,1,52,1" doraHai="56" who="3" fromWho="3" sc="250,-26,250,-13,240,-13,250,62" /><INIT seed="1,0,0,0,3,102" ten="224,237,227,312" oya="1" hai0="103,12,90,3,81,71,63,64,10,100,9,30,62" hai1="16,122,89,87,114,93,53,7,5,33,41,61,45" hai2="60,82,28,32,19,22,108,105,95,31,44,99,88" hai3="83,55,118,56,123,34,48,74,17,129,110,85,27"/><U94/><E33/><V97/><F108/><W29/><G123/><T77/><D30/><U11/><E114/><V111/><F111/><W75/><G110/><T91/><D3/><U86/><E122/><V6/><F32/><W69/><G129/><T101/><D63/><U65/><E53/><V2/><F82/><W92/><G118/><T127/><D127/><U23/><E11/><V119/><F119/><W8/><G92/><T98/><D98/><U0/><E0/><V106/><F44/><W73/><G69/><T40/><D40/><U51/><E94/><V131/><F131/><W126/><G126/><T37/><D37/><U4/><E86/><V59/><F6/><W96/><G96/><T66/><D66/><U21/><E21/><V18/><F2/><W70/><G70/><T112/><D9/><U128/><E128/><V46/><F46/><W125/><G125/><T24/><D24/><U14/><REACH who="1" step="1"/><E4/><REACH who="1" ten="224,227,227,312" step="2"/><V78/><F22/><W109/><G109/><T120/><D112/><U117/><E117/><V115/><F115/><W49/><G73/><T20/><D20/><U13/><E13/><V104/><F99/><W58/><G8/><T43/><D120/><U130/><E130/><V107/><F106/><W84/><G84/><N who="0" m="48175" /><D43/><U57/><AGARI ba="0,1" hai="5,7,14,16,23,41,45,51,57,61,65,87,89,93" machi="57" ten="20,12000,1" yaku="1,1,0,1,7,1,8,1,54,1,53,0" doraHai="102" doraHaiUra="68" who="1" fromWho="1" sc="224,-40,227,130,227,-40,312,-40" /><INIT seed="1,1,0,0,1,41" ten="184,357,187,272" oya="1" hai0="51,103,36,37,71,32,106,133,116,104,39,75,57" hai1="16,80,20,118,67,64,93,109,56,11,10,128,18" hai2="81,15,48,120,126,43,88,13,131,19,7,73,34" hai3="55,135,12,76,21,68,0,97,2,101,62,98,115"/><U123/><E118/><V89/><F126/><W134/><G115/><T63/><D32/><U3/><E123/><V95/><F131/><W47/><G76/><T122/><D75/><U4/><E128/><V108/><F108/><W65/><G21/><T107/><D116/><U50/><E109/><V6/><F34/><W28/><G28/><T74/><D74/><U121/><E121/><V111/><F111/><W92/><G12/><T72/><D72/><U54/><E80/><V129/><F129/><W130/><G98/><T31/><D31/><U79/><E79/><V22/><F120/><W8/><G130/><T105/><D122/><U9/><E4/><V40/><F73/><W99/><G99/><T46/><D133/><N who="3" m="50697" /><G8/><T94/><D94/><U53/><E3/><V100/><F100/><W85/><G85/><T23/><D23/><U86/><E53/><V114/><F114/><W82/><G82/><T117/><D71/><U14/><E18/><N who="2" m="10575" /><F81/><W61/><G61/><T102/><N who="0" m="26624" /><DORA hai="127" /><T83/><D83/><U69/><E69/><V60/><F60/><W112/><G112/><T84/><D84/><U5/><E5/><N who="2" m="1547" /><F95/><W70/><G68/><T42/><REACH who="0" step="1"/><D117/><REACH who="0" ten="174,357,187,272" step="2"/><U110/><E110/><V29/><F29/><W44/><G2/><T26/><D26/><U78/><E78/><V33/><F33/><W91/><G0/><T45/><D45/><N who="3" m="17481" /><G101/><T24/><D24/><U124/><E124/><V30/><F30/><W132/><G132/><T77/><D77/><U125/><E125/><V119/><F119/><W27/><G27/><T17/><D17/><U58/><E16/><RYUUKYOKU ba="1,1" sc="174,15,357,-15,187,-15,272,15" hai0="36,37,39,42,46,51,57,63,102,103" hai3="55,62,65,70,91,92,97" /><INIT seed="2,2,1,5,1,18" ten="189,342,172,287" oya="2" hai0="55,7,128,30,82,77,121,3,96,38,99,41,8" hai1="4,84,0,26,67,89,64,79,65,15,113,123,118" hai2="83,90,56,95,73,16,117,70,68,133,54,2,48" hai3="135,98,116,60,46,93,112,101,24,91,111,85,51"/><V17/><F133/><W34/><G116/><T12/><D121/><U27/><E0/><V124/><F124/><W72/><G111/><T130/><D30/><U76/><E113/><V107/><F107/><W75/><G135/><T81/><D81/><U28/><E118/><V94/><F117/><W110/><G110/><T10/><D55/><U87/><E123/><V25/><F2/><W108/><G108/><T43/><D99/><U58/><E58/><V1/><F1/><W21/><G34/><T106/><D96/><U36/><E36/><V125/><F125/><W115/><G60/><T42/><D106/><U127/><E127/><V49/><F68/><W126/><G126/><T80/><D38/><U35/><E27/><V105/><F105/><W66/><G66/><T23/><D23/><N who="1" m="15455" /><E84/><N who="2" m="50463" /><F70/><W5/><G5/><T59/><D59/><U63/><E63/><N who="2" m="36247" /><F73/><W45/><G75/><T6/><REACH who="0" step="1"/><D80/><REACH who="0" ten="179,342,172,287" step="2"/><N who="1" m="49383" /><E35/><V119/><F119/><W19/><G112/><T14/><D14/><U31/><E31/><V114/><F114/><W131/><G115/><T71/><D71/><U129/><E65/><V32/><F32/><W69/><G69/><T120/><D120/><U47/><E67/><V13/><F25/><W74/><G46/><T62/><D62/><U53/><E64/><V78/><F13/><W22/><G24/><T52/><D52/><U92/><E53/><V40/><F40/><W9/><G98/><T97/><D97/><U44/><E44/><V134/><F134/><W61/><G45/><T88/><D88/><U37/><E47/><V102/><F102/><W86/><G101/><RYUUKYOKU ba="2,2" sc="179,30,342,-10,172,-10,287,-10" hai0="3,6,7,8,10,12,41,42,43,77,82,128,130" /><INIT seed="3,3,2,0,4,54" ten="209,332,162,277" oya="3" hai0="67,88,8,15,73,14,97,22,95,42,110,108,130" hai1="2,6,125,76,89,36,49,68,121,12,38,46,98" hai2="72,19,111,84,117,47,131,1,64,77,57,94,112" hai3="124,132,62,120,30,53,92,58,93,25,86,74,50"/><W21/><G74/><T122/><D122/><U128/><E68/><V18/><F111/><N who="0" m="42538" /><D73/><U48/><E2/><V109/><F109/><W96/><G120/><T17/><D67/><U71/><E71/><V59/><F131/><W24/><G124/><T103/><D42/><U129/><E76/><V16/><F1/><W116/><G132/><T37/><D37/><U82/><E121/><V105/><F105/><W104/><G116/><T20/><D130/><N who="1" m="50283" /><E49/><V135/><F112/><W101/><G86/><N who="0" m="52631" /><D15/><U51/><E51/><V9/><F117/><W90/><G90/><T107/><AGARI ba="3,2" hai="8,14,17,20,22,97,103,107" m="52631,42538" machi="107" ten="30,2000,0" yaku="14,1,54,1" doraHai="54" who="0" fromWho="0" sc="209,49,332,-8,162,-8,277,-13" owari="258,-14.2,324,42.4,154,-34.6,264,6.4" /></mjloggm>