<mjloggm ver="2.3"><GO type="225" lobby="0"/><UN n0="%72%65%6E%6B%75%6E" n1="%E7%B4%94%E6%BD%94%E3%83%94%E3%83%A9%E3%83%8B%E3%82%A2" n2="%47%48%4F%53%54" n3="%E3%81%BF%E3%81%BF%E3%81%9A" dan="17,16,18,17" rate="2221.09,2215.71,2262.24,2250.93" sx="M,M,M,M"/><TAIKYOKU oya="0"/><INIT seed="0,0,0,4,2,45" ten="250,250,250,250" oya="0" hai0="50,96,52,57,129,9,122,15,42,22,73,18,27" hai1="0,116,55,54,82,41,16,107,81,34,28,128,35" hai2="133,110,5,105,59,101,49,134,106,88,75,127,66" hai3="47,85,79,119,32,124,62,19,83,11,113,89,1"/><T39/><D129/><U80/><E0/><V76/><F110/><W130/><G113/><T67/><D73/><U78/><E116/><V120/><F120/><W72/><G119/><T7/><D122/><U68/><E68/><V108/><F108/><W118/><G118/><T12/><D67/><U115/><E115/><V20/><BYE who="1" /><F127/><W92/><G130/><T109/><D109/><U58/><E58/><V36/><F36/><W112/><G112/><T10/><D96/><U86/><E86/><V95/><F5/><UN n1="%E7%B4%94%E6%BD%94%E3%83%94%E3%83%A9%E3%83%8B%E3%82%A2" /><W114/><G114/><T65/><D65/><U56/><E56/><V23/><BYE who="1" /><F101/><W40/><G32/><T64/><D64/><U121/><E121/><V70/><F70/><W93/><G62/><T117/><D117/><U99/><E99/><N who="2" m="57831" /><F76/><UN n1="%E7%B4%94%E6%BD%94%E3%83%94%E3%83%A9%E3%83%8B%E3%82%A2" /><W91/><G124/><T132/><D132/><N who="2" m="50794" /><F75/><W31/><G1/><T104/><D104/><N who="2" m="40042" /><F66/><W77/><G79/><T111/><D111/><U48/><E78/><V98/><F98/><W100/><G100/><T6/><D42/><U74/><E41/><V29/><F29/><W3/><G31/><T46/><D57/><U131/><E28/><V61/><F61/><W60/><G60/><T94/><D94/><N who="3" m="36457" /><G72/><T84/><D84/><U102/><E74/><V44/><F59/><W43/><G3/><T71/><D71/><U135/><E135/><V25/><F25/><W63/><G63/><T2/><D2/><U4/><E131/><V87/><F87/><W30/><G30/><T26/><D26/><U53/><E128/><V37/><F37/><AGARI ba="0,0" hai="6,7,9,10,12,15,18,22,27,37,39,46,50,52" machi="37" ten="40,7700,0" yaku="9,1,52,1,54,1" doraHai="45" who="0" fromWho="2" sc="250,77,250,0,250,-77,250,0" /><INIT seed="0,1,0,2,0,36" ten="327,250,173,250" oya="0" hai0="20,108,16,24,99,78,59,42,32,2,115,6,126" hai1="39,31,69,85,3,123,15,103,10,37,117,22,51" hai2="74,112,54,109,81,84,7,87,8,114,124,73,105" hai3="132,76,14,119,66,64,128,41,113,120,11,107,82"/><T43/><D115/><N who="2" m="44074" /><F54/><W91/><G113/><T27/><D126/><U89/><E69/><V135/><F8/><W79/><G119/><T60/><D108/><U116/><E116/><V130/><BYE who="1" /><F7/><W53/><G107/><T122/><D122/><U21/><E21/><V71/><F71/><W48/><G120/><T102/><D78/><N who="3" m="29737" /><G132/><T28/><D6/><U38/><E38/><V93/><F135/><W9/><G41/><T68/><D2/><U0/><E0/><V67/><F124/><W47/><G128/><T18/><D18/><UN n1="%E7%B4%94%E6%BD%94%E3%83%94%E3%83%A9%E3%83%8B%E3%82%A2" /><U55/><E103/><V23/><F23/><W25/><G25/><T75/><D75/><N who="2" m="28682" /><F67/><N who="3" m="25643" /><G14/><T104/><D68/><U19/><E117/><V4/><F130/><W127/><G127/><T70/><D70/><U100/><E100/><V133/><F133/><W50/><G50/><T62/><D62/><U97/><E123/><V34/><F109/><W33/><G33/><T118/><D118/><U131/><E131/><V30/><F34/><W49/><G49/><T86/><D86/><AGARI ba="1,0" hai="9,11,47,48,53,82,86,91" m="25643,29737" machi="86" ten="30,1000,0" yaku="8,1" doraHai="36" who="3" fromWho="0" sc="327,-13,250,0,173,0,250,13" /><INIT seed="1,0,0,1,2,68" ten="314,250,173,263" oya="1" hai0="22,112,116,101,99,37,117,118,108,42,33,24,57" hai1="106,77,97,52,62,86,125,0,104,18,13,53,28" hai2="39,70,76,127,98,120,113,122,38,100,40,19,27" hai3="91,82,133,11,41,121,63,78,14,7,29,130,20"/><U54/><E0/><V102/><F70/><W49/><G121/><T96/><D112/><U123/><E123/><V1/><F1/><W66/><G130/><T21/><D108/><U47/><E125/><V65/><F113/><W126/><G126/><T103/><D57/><U35/><E35/><V95/><F127/><W92/><G133/><T93/><D33/><U17/><E28/><V129/><F129/><W115/><G115/><T90/><D90/><U64/><E47/><V109/><F109/><W67/><G29/><T5/><D5/><U56/><E97/><V81/><F65/><W107/><G107/><T36/><D42/><U59/><E59/><V88/><F120/><W15/><G20/><T43/><D43/><U89/><E77/><V50/><F122/><W46/><G15/><T48/><D48/><U75/><E75/><V132/><F132/><W111/><G63/><T23/><REACH who="0" step="1"/><D24/><REACH who="0" ten="304,250,173,263" step="2"/><U124/><E124/><V6/><F6/><W55/><G111/><T73/><D73/><U71/><E71/><V119/><F50/><W9/><G41/><T26/><D26/><U3/><E3/><V69/><F69/><W110/><G110/><T134/><D134/><U8/><REACH who="1" step="1"/><E17/><REACH who="1" ten="304,240,173,263" step="2"/><V74/><F40/><W45/><G45/><T72/><D72/><U58/><E58/><V30/><F19/><N who="3" m="8655" /><G78/><T114/><D114/><U128/><E128/><V105/><F76/><W61/><G46/><T44/><D44/><U10/><E10/><V83/><F74/><W34/><G11/><T131/><D131/><U4/><E4/><V84/><F102/><W32/><G7/><RYUUKYOKU ba="0,2" sc="304,15,240,15,173,-15,263,-15" hai0="21,22,23,36,37,93,96,99,101,103,116,117,118" hai1="8,13,18,52,53,54,56,62,64,86,89,104,106" /><INIT seed="1,1,2,1,4,30" ten="319,255,158,248" oya="1" hai0="34,92,59,106,23,123,74,102,133,21,39,101,113" hai1="130,24,8,127,111,43,7,44,103,63,107,42,56" hai2="49,108,15,117,1,129,87,52,112,65,48,18,3" hai3="10,86,72,128,119,114,73,116,19,96,6,25,62"/><U88/><E127/><V50/><F117/><N who="3" m="45131" /><G114/><T97/><D39/><U135/><E130/><V41/><F129/><W105/><G128/><T110/><D74/><U51/><E135/><V35/><F112/><W98/><G86/><T122/><D113/><U55/><E107/><V57/><F108/><W67/><G25/><T80/><D34/><U75/><E75/><N who="3" m="28746" /><G19/><T37/><D80/><U77/><E77/><V132/><F132/><W32/><G32/><T121/><D37/><U78/><E78/><V14/><F35/><W46/><G46/><T64/><D133/><U54/><E103/><V16/><F65/><W85/><G85/><T90/><D110/><U125/><E125/><V115/><F115/><W79/><G79/><T60/><D102/><U28/><E88/><V134/><F134/><W33/><G33/><T109/><REACH who="0" step="1"/><D109/><REACH who="0" ten="309,255,158,248" step="2"/><U36/><E36/><V31/><F87/><AGARI ba="1,3" hai="21,23,59,60,64,87,90,92,97,101,106,121,122,123" machi="87" ten="40,8000,1" yaku="1,1,2,1,13,1,53,1" doraHai="30" doraHaiUra="91" who="0" fromWho="2" sc="309,113,255,0,158,-83,248,0" /><INIT seed="2,0,0,1,5,98" ten="422,255,75,248" oya="2" hai0="31,18,76,73,6,103,116,63,113,28,96,90,132" hai1="79,134,9,17,102,62,20,109,70,10,75,1,94" hai2="105,2,37,83,112,50,124,91,57,54,106,89,92" hai3="68,101,131,8,60,35,135,133,19,65,36,48,47"/><V121/><F112/><W33/><G131/><T23/><D113/><U104/><E104/><V67/><F121/><W110/><G110/><T115/><D115/><U84/><E109/><V82/><F124/><W74/><G74/><T14/><D132/><N who="3" m="50761" /><G36/><T3/><D90/><U120/><E1/><V86/><F37/><W24/><G101/><T34/><D116/><U27/><E120/><V22/><F2/><W41/><G24/><N who="0" m="18791" /><D28/><U56/><E70/><V72/><F67/><W114/><G114/><T87/><D63/><U81/><E134/><V45/><F72/><W93/><G93/><T71/><D71/><U43/><E43/><V53/><F22/><W26/><G8/><N who="0" m="2143" /><D73/><U11/><E75/><V129/><F129/><W78/><G78/><T122/><D122/><U32/><E32/><V44/><F44/><W7/><G7/><T88/><D76/><U85/><E85/><V39/><F39/><W29/><G19/><T30/><D30/><U42/><E42/><V58/><F45/><W38/><G38/><T117/><D117/><U15/><E27/><V125/><F125/><W16/><G16/><T95/><D103/><U52/><E10/><V77/><F77/><W97/><G97/><AGARI ba="0,0" hai="14,18,23,87,88,95,96,97" m="2143,18791" machi="97" ten="30,2000,0" yaku="24,1,54,1" doraHai="98" who="0" fromWho="3" sc="422,20,255,0,75,0,248,-20" /><AGARI ba="0,0" hai="9,11,15,17,20,52,56,62,79,81,84,94,97,102" machi="97" ten="40,5200,0" yaku="8,1,52,1,54,1" doraHai="98" who="1" fromWho="3" sc="442,0,255,52,75,0,228,-52" /><INIT seed="3,0,0,0,3,62" ten="442,307,75,176" oya="3" hai0="47,23,48,94,67,49,24,31,44,77,104,55,86" hai1="78,68,17,101,63,5,123,135,80,124,75,15,46" hai2="16,122,126,43,45,19,134,114,52,60,89,92,14" hai3="13,37,93,59,91,118,57,130,39,11,34,128,111"/><W29/><G118/><T105/><D67/><U33/><E33/><V119/><F114/><W81/><G81/><T1/><D1/><U27/><E101/><V85/><F119/><W98/><G29/><T41/><REACH who="0" step="1"/><D94/><REACH who="0" ten="432,307,75,176" step="2"/><U36/><E123/><V70/><F122/><W102/><G34/><T51/><D51/><U6/><E46/><V25/><F126/><W2/><G2/><T95/><D95/><U116/><E80/><AGARI ba="0,1" hai="23,24,31,41,44,47,48,49,55,77,80,86,104,105" machi="80" ten="40,1300,0" yaku="1,1,53,0" doraHai="62" doraHaiUra="54" who="0" fromWho="1" sc="432,23,307,-13,75,0,176,0" owari="455,55.5,294,9.4,75,-42.5,176,-22.4" /></mjloggm>