<mjloggm ver="2.3"><GO type="225" lobby="0"/><UN n0="%73%6C%69%63%6B%33%31%39" n1="%73%61%6B%6F%EF%BC%A0%E6%9C%80" n2="%E5%AE%AE%E4%BF%9D%E9%B6%8F%E8%82%89" n3="%66%67%67%68%68%64%66" dan="16,16,16,16" rate="2173.02,2145.18,2117.94,2079.87" sx="M,M,M,M"/><TAIKYOKU oya="0"/><INIT seed="0,0,0,5,3,98" ten="250,250,250,250" oya="0" hai0="76,34,47,104,41,22,72,20,79,55,12,114,32" hai1="38,126,24,86,49,21,61,84,28,45,56,4,125" hai2="13,108,53,87,65,122,35,62,30,92,130,120,44" hai3="18,103,2,112,37,118,101,51,116,71,128,40,111"/><T127/><D114/><U80/><E38/><V60/><F108/><W95/><G112/><T107/><D55/><U64/><E4/><V131/><F35/><W132/><G71/><T14/><D47/><U96/><E96/><V106/><F30/><W133/><G37/><T90/><D90/><U39/><E39/><V100/><F106/><W74/><G74/><T69/><D69/><U117/><E117/><N who="3" m="45162" /><G2/><T115/><D72/><U27/><E27/><V50/><F13/><W3/><G3/><T26/><D26/><U97/><E80/><V110/><F110/><W134/><G111/><T9/><D9/><U93/><E125/><V59/><F87/><W102/><G128/><N who="2" m="49193" /><F92/><W78/><G78/><T88/><D88/><U10/><E10/><V105/><F100/><W1/><G1/><T52/><D52/><N who="1" m="29743" /><E126/><V48/><F105/><W94/><G18/><T15/><D15/><U33/><E33/><V17/><F17/><W25/><G25/><T57/><D115/><U43/><E43/><N who="2" m="24607" /><F62/><W6/><G6/><T29/><D127/><U83/><E83/><V77/><F77/><W135/><G132/><T70/><D32/><U36/><E36/><V91/><F91/><AGARI ba="0,0" hai="21,24,28,56,61,64,84,86,91,93,97" m="29743" machi="91" ten="30,2000,0" yaku="8,1,54,1" doraHai="98" who="1" fromWho="2" sc="250,0,250,20,250,-20,250,0" /><INIT seed="1,0,0,1,5,107" ten="250,270,230,250" oya="1" hai0="19,27,97,52,131,86,123,101,24,39,26,54,22" hai1="79,13,67,93,66,16,60,11,34,132,44,118,92" hai2="21,135,94,58,71,33,64,3,57,72,37,1,90" hai3="70,82,32,48,42,115,84,87,61,59,122,51,25"/><U53/><E118/><V31/><F33/><W30/><G122/><T85/><D39/><U18/><E132/><V126/><F37/><W36/><G115/><T62/><D131/><U17/><E34/><V65/><F135/><W108/><G70/><T38/><D38/><U80/><E44/><V124/><F31/><W8/><G108/><T129/><D129/><U98/><E53/><V77/><F21/><W105/><G105/><T47/><D123/><U128/><E128/><V6/><F71/><W76/><G8/><T74/><D74/><U95/><E98/><V9/><F1/><W68/><G68/><T78/><D62/><U81/><E60/><V75/><F77/><W100/><G100/><T10/><D10/><U49/><E49/><V14/><F3/><W89/><G42/><T112/><D112/><U106/><E106/><V55/><F58/><W103/><G103/><T2/><D2/><U91/><E91/><V7/><F7/><W73/><G84/><N who="0" m="32363" /><D78/><U20/><E17/><V29/><F29/><W56/><G36/><T104/><D47/><U117/><E117/><V113/><F113/><W41/><G41/><T102/><D102/><U35/><E35/><V130/><F130/><W125/><G56/><T0/><D0/><U88/><E88/><V69/><F69/><W46/><G46/><T99/><D99/><U23/><E11/><V120/><F120/><W110/><G76/><T63/><D63/><U109/><E109/><V116/><F116/><W43/><G110/><T119/><D119/><U50/><E79/><V114/><F114/><W121/><G121/><RYUUKYOKU ba="0,0" sc="250,30,270,-10,230,-10,250,-10" hai0="19,22,24,26,27,52,54,97,101,104" /><INIT seed="2,1,0,1,3,83" ten="280,260,220,240" oya="2" hai0="128,118,56,129,7,11,82,113,115,105,0,16,120" hai1="12,133,72,15,81,134,75,10,19,101,53,64,61" hai2="80,99,25,36,48,103,50,127,46,102,52,1,32" hai3="94,55,104,51,41,2,68,28,20,30,3,22,69"/><V71/><F1/><W23/><G104/><T109/><D105/><U89/><E101/><V54/><F71/><W77/><G41/><T132/><D120/><U37/><E37/><V78/><F36/><W66/><G77/><T125/><D109/><U110/><E110/><V14/><F127/><W33/><G94/><T98/><D125/><U112/><E53/><V88/><F14/><W8/><G33/><T18/><D98/><U91/><E112/><N who="0" m="43081" /><D56/><U92/><E81/><V106/><F103/><W5/><G2/><T79/><D132/><N who="1" m="50795" /><E15/><V84/><F25/><W130/><G130/><N who="0" m="50283" /><D118/><U35/><E35/><V24/><F24/><W58/><REACH who="3" step="1"/><G66/><REACH who="3" ten="280,260,220,230" step="2"/><T67/><D67/><U95/><E95/><V34/><REACH who="2" step="1"/><F78/><REACH who="2" ten="280,260,210,230" step="2"/><W116/><G116/><T45/><D45/><AGARI ba="1,2" hai="32,34,45,46,48,50,52,54,80,84,88,99,102,106" machi="45" ten="30,18000,2" yaku="1,1,2,1,7,1,9,1,52,1,54,2,53,0" doraHai="83" doraHaiUra="21" who="2" fromWho="0" sc="280,-183,260,0,210,203,230,0" /><INIT seed="2,2,0,3,3,61" ten="97,260,413,230" oya="2" hai0="6,33,38,51,26,10,5,35,101,127,34,106,58" hai1="57,117,39,21,88,23,36,94,104,98,102,83,91" hai2="130,55,99,116,92,121,132,16,37,46,60,110,24" hai3="15,85,123,133,45,68,54,82,125,65,40,3,25"/><V89/><F116/><W135/><G123/><T129/><D38/><U118/><E83/><V13/><F121/><W126/><G3/><N who="0" m="319" /><D51/><U14/><E91/><V77/><F130/><W103/><G103/><T111/><D58/><U41/><E21/><V84/><F132/><N who="3" m="50763" /><G54/><T52/><D52/><U114/><E114/><V66/><F110/><W105/><G105/><T50/><D50/><U134/><E134/><V75/><F75/><W112/><G112/><T29/><D101/><U73/><E73/><V2/><F2/><W109/><G109/><T71/><D71/><U131/><E131/><V12/><F37/><N who="3" m="21647" /><G15/><T120/><D106/><U95/><E39/><V42/><F42/><W76/><G25/><N who="0" m="18607" /><D120/><U78/><E78/><V62/><F46/><W79/><G79/><T20/><D111/><U18/><E104/><V0/><F0/><W72/><G85/><T31/><D129/><U44/><E57/><N who="2" m="37135" /><F62/><AGARI ba="2,0" hai="62,65,68,72,76,82,125,126" m="21647,50763" machi="62" ten="30,3900,0" yaku="20,1,23,1,52,1" doraHai="61" who="3" fromWho="2" sc="97,0,260,0,413,-45,230,45" /><INIT seed="3,0,0,3,5,8" ten="97,260,368,275" oya="3" hai0="31,120,121,96,52,50,23,3,89,58,111,71,66" hai1="90,134,98,21,59,15,40,124,33,83,62,122,115" hai2="80,86,61,76,116,92,5,70,113,38,106,44,51" hai3="118,135,73,55,7,88,131,12,57,85,102,11,127"/><W35/><G118/><T130/><D3/><U60/><E115/><V119/><F106/><W81/><G131/><T2/><D2/><U72/><E122/><V34/><F113/><W10/><G135/><T64/><D31/><U37/><E33/><V6/><F38/><W69/><G69/><T79/><D79/><U94/><E134/><V117/><F34/><W47/><G35/><T18/><D130/><U4/><E124/><V54/><F92/><W77/><G127/><T0/><D0/><U29/><E72/><V105/><F105/><W49/><G102/><T45/><D96/><U87/><E40/><V63/><F70/><W30/><G30/><T84/><D111/><U104/><E37/><V132/><F132/><W68/><G68/><T9/><D71/><U53/><E104/><V19/><F19/><W93/><REACH who="3" step="1"/><G10/><REACH who="3" ten="97,260,368,265" step="2"/><T82/><D23/><U133/><E133/><V32/><F32/><W74/><G74/><T39/><D39/><U46/><E29/><V22/><F22/><W114/><G114/><T129/><D129/><U67/><E21/><V95/><F117/><W25/><G25/><T17/><D17/><U36/><E4/><V128/><F128/><W123/><G123/><T65/><REACH who="0" step="1"/><D58/><AGARI ba="0,1" hai="7,11,12,47,49,55,57,58,73,77,81,85,88,93" machi="58" ten="40,7700,0" yaku="1,1,52,1,54,1,53,0" doraHai="8" doraHaiUra="126" who="3" fromWho="0" sc="97,-77,260,0,368,0,265,87" /><INIT seed="3,1,0,2,3,19" ten="20,260,368,352" oya="3" hai0="64,14,65,86,55,57,31,96,52,93,6,77,95" hai1="44,34,118,109,135,45,7,35,1,125,46,87,28" hai2="84,60,51,83,18,127,75,115,47,98,4,17,10" hai3="100,123,120,16,72,21,5,70,91,39,92,41,113"/><W101/><G113/><T131/><D131/><U56/><E109/><V12/><F115/><W134/><G70/><T94/><D31/><U54/><E125/><V2/><F75/><W61/><G72/><T15/><D96/><U20/><E135/><V106/><F127/><W89/><G134/><T119/><D119/><U97/><E118/><V128/><F128/><W133/><G133/><T71/><D71/><U116/><E116/><V90/><F60/><W124/><G124/><T36/><D36/><U40/><E40/><V121/><F121/><W112/><G112/><T108/><D108/><U38/><E38/><V107/><F98/><W103/><G5/><T11/><D77/><U50/><E7/><V114/><F17/><W85/><G61/><T117/><D117/><U74/><E1/><V43/><F114/><W0/><G0/><T80/><D80/><U99/><E74/><V81/><F83/><W68/><G68/><T110/><D110/><U62/><E87/><V130/><F130/><W111/><G111/><T30/><D30/><U24/><E34/><V59/><F59/><W126/><G126/><T132/><D132/><U88/><E35/><V78/><F90/><W32/><G32/><T13/><D86/><U26/><E26/><V23/><AGARI ba="1,0" hai="2,4,10,12,18,23,43,47,51,78,81,84,106,107" machi="23" ten="20,2700,0" yaku="0,1,7,1,52,1" doraHai="19" who="2" fromWho="2" sc="20,-8,260,-8,368,30,352,-14" owari="12,-48.8,252,-14.8,398,49.8,338,13.8" /></mjloggm>