<mjloggm ver="2.3"><GO type="225" lobby="0"/><UN n0="%E3%81%82%E3%81%B9%E3%81%99%E3%81%91" n1="%E3%81%99%E3%81%84%E3%81%BE%E3%81%9B%E3%83%BC%E3%82%93" n2="%72%69%6F%75%63%68%61%6E" n3="%E3%83%97%E3%83%AC%E3%83%B4%E3%82%A1%E3%83%86%E3%82%A3" dan="16,17,16,16" rate="2108.44,2245.31,2162.03,2053.62" sx="M,M,M,F"/><TAIKYOKU oya="0"/><INIT seed="0,0,0,3,2,116" ten="250,250,250,250" oya="0" hai0="78,25,16,48,21,38,44,24,58,117,76,51,59" hai1="115,6,29,70,45,42,37,41,53,128,123,96,0" hai2="35,8,80,27,22,56,72,4,120,131,50,33,23" hai3="133,67,112,77,43,12,110,20,60,124,64,31,134"/><T104/><D117/><U105/><E128/><V122/><F50/><W69/><G112/><T100/><D38/><U109/><E115/><V98/><F56/><N who="0" m="21546" /><D104/><U62/><E42/><V111/><F98/><W125/><G77/><N who="0" m="29803" /><D100/><U39/><E39/><V90/><F90/><W135/><G43/><N who="0" m="24607" /><D51/><U65/><E109/><V68/><F80/><W46/><G46/><T127/><D127/><N who="3" m="48713" /><G110/><T30/><D30/><U85/><E29/><N who="2" m="17655" /><F68/><N who="3" m="41991" /><G31/><T1/><D1/><U114/><E114/><V102/><F102/><W3/><G3/><T52/><D52/><U130/><E53/><V49/><F49/><W11/><G20/><T10/><D10/><N who="1" m="2375" /><E85/><V32/><F111/><W9/><G12/><AGARI ba="0,0" hai="12,16,21,24,25" m="24607,29803,21546" machi="12" ten="30,2900,0" yaku="8,1,54,1" doraHai="116" who="0" fromWho="3" sc="250,29,250,0,250,0,250,-29" /><INIT seed="0,1,0,0,2,122" ten="279,250,250,221" oya="0" hai0="41,85,67,132,23,118,101,51,91,14,130,57,96" hai1="127,103,123,43,77,112,110,44,20,66,128,17,78" hai2="79,28,33,54,102,70,42,114,63,13,126,94,120" hai3="16,62,134,89,18,131,29,113,105,50,90,74,39"/><T64/><D118/><U7/><E123/><V4/><F120/><W61/><G113/><T45/><D132/><U87/><E112/><V68/><F126/><W116/><G116/><T88/><D130/><U119/><E119/><V125/><F125/><W55/><G131/><T27/><D14/><U109/><E127/><V135/><F135/><W11/><G134/><T76/><D76/><U115/><E115/><V35/><F114/><W72/><G39/><T24/><D57/><U26/><E128/><V22/><F42/><W8/><G105/><T117/><D27/><U111/><E66/><V100/><F79/><N who="1" m="30217" /><E87/><V6/><F94/><W92/><G29/><T121/><D91/><U83/><E103/><N who="2" m="39467" /><F28/><W107/><G107/><T56/><D56/><U47/><E83/><V129/><F129/><W58/><G92/><N who="0" m="58503" /><D117/><U82/><E82/><V124/><F124/><W71/><G58/><T98/><D121/><U25/><E7/><N who="2" m="2603" /><F13/><W73/><G73/><T84/><D98/><U34/><E43/><V0/><F0/><W59/><G59/><T46/><D85/><U30/><AGARI ba="1,0" hai="17,20,25,26,30,34,44,47,109,110,111" m="30217" machi="30" ten="40,8000,1" yaku="14,1,52,3" doraHai="122" who="1" fromWho="1" sc="279,-41,250,83,250,-21,221,-21" /><INIT seed="1,0,0,4,1,76" ten="238,333,229,200" oya="1" hai0="104,70,67,111,4,21,58,61,48,74,86,91,57" hai1="65,129,101,117,114,130,2,88,118,51,59,83,98" hai2="71,121,93,127,37,102,9,66,35,41,38,25,53" hai3="28,132,24,82,62,44,80,124,46,43,13,77,110"/><U8/><E114/><V107/><F121/><W1/><G1/><T36/><D74/><U49/><E2/><V12/><F127/><W19/><G110/><T17/><D104/><U99/><E8/><V94/><F53/><W123/><G123/><T84/><D36/><U89/><E65/><V60/><F41/><W133/><G124/><T92/><D111/><U73/><E59/><V34/><F94/><W16/><G62/><N who="0" m="38351" /><D48/><U56/><E56/><V116/><F93/><W31/><G77/><T75/><D75/><U68/><E73/><V69/><F71/><W97/><G97/><N who="0" m="57503" /><D4/><U20/><E101/><V30/><F34/><W3/><G3/><T108/><D108/><U40/><E40/><V96/><REACH who="2" step="1"/><F116/><REACH who="2" ten="238,333,219,200" step="2"/><W112/><G43/><T0/><D70/><U42/><E42/><V7/><AGARI ba="0,1" hai="7,9,12,25,30,35,37,38,60,66,69,96,102,107" machi="7" ten="20,12000,2" yaku="1,1,2,1,0,1,7,1,25,2,53,0" doraHai="76" doraHaiUra="119" who="2" fromWho="2" sc="238,-30,333,-60,219,130,200,-30" /><INIT seed="2,0,0,1,1,24" ten="208,273,349,170" oya="2" hai0="45,40,82,55,133,125,56,49,100,27,106,92,116" hai1="54,129,58,32,41,131,38,135,75,44,26,8,46" hai2="59,35,93,110,77,22,124,88,94,9,81,25,123" hai3="111,60,68,12,53,50,48,109,96,86,64,101,47"/><V107/><F123/><W3/><G3/><T71/><D106/><U80/><E135/><V83/><F35/><W11/><G50/><T76/><D133/><U39/><E8/><V42/><F107/><W85/><G111/><T69/><D125/><U118/><E118/><V43/><F124/><W1/><G1/><T127/><D127/><U104/><E104/><V114/><F114/><W130/><G130/><T99/><D27/><U132/><E132/><V134/><F134/><W4/><REACH who="3" step="1"/><G109/><REACH who="3" ten="208,273,349,160" step="2"/><T65/><D116/><U120/><E131/><V108/><F110/><W16/><G16/><T103/><D103/><U18/><E18/><V98/><F108/><W62/><G62/><T97/><D97/><U87/><E129/><V84/><F42/><W102/><G102/><T17/><D17/><U91/><E41/><V14/><F43/><W52/><G52/><T122/><D65/><U19/><E19/><N who="2" m="8655" /><F98/><W66/><G66/><T74/><D122/><U78/><E120/><V117/><F117/><W126/><G126/><T34/><D34/><U70/><E32/><V0/><F0/><W29/><G29/><T23/><D23/><U121/><E121/><V7/><F7/><W73/><G73/><T33/><D33/><U61/><E75/><V31/><F59/><W79/><G79/><T13/><D13/><U112/><E58/><V6/><F6/><W63/><G63/><AGARI ba="0,1" hai="40,45,49,55,56,63,69,71,74,76,82,92,99,100" machi="63" ten="30,1000,0" yaku="7,1" doraHai="24" who="0" fromWho="3" sc="208,20,273,0,349,0,160,-10" /><INIT seed="3,0,0,4,1,10" ten="228,273,349,150" oya="3" hai0="131,94,61,7,20,39,87,74,19,99,127,125,83" hai1="8,115,135,118,36,4,91,112,77,16,122,21,70" hai2="54,100,47,51,64,134,111,27,26,18,92,73,120" hai3="67,9,62,42,48,116,33,96,114,37,78,93,65"/><W49/><G114/><T117/><D117/><U107/><E70/><V56/><F73/><W123/><G116/><T88/><D131/><U1/><E36/><V52/><F111/><W86/><G123/><T23/><D39/><U95/><E107/><V128/><F120/><W2/><G33/><T30/><D7/><U108/><E122/><V5/><F128/><W75/><G67/><T38/><D38/><U82/><E135/><V12/><F134/><W132/><G132/><T57/><D74/><U6/><E6/><V124/><F5/><N who="3" m="1207" /><G86/><T32/><D32/><U55/><E55/><V109/><F124/><N who="0" m="47690" /><D19/><U133/><E133/><V101/><F64/><W90/><G62/><T105/><D30/><U34/><E34/><V60/><F109/><W129/><G65/><N who="0" m="39087" /><D105/><U28/><E28/><V59/><F59/><W80/><G129/><T46/><D46/><AGARI ba="0,0" hai="37,42,46,48,49,75,78,80,90,93,96" m="1207" machi="46" ten="30,1500,0" yaku="25,1" doraHai="10" who="3" fromWho="0" sc="228,-15,273,0,349,0,150,15" /><INIT seed="3,1,0,0,4,84" ten="213,273,349,165" oya="3" hai0="30,14,82,15,27,91,41,51,73,108,121,117,98" hai1="95,29,48,35,20,67,56,28,38,97,18,80,120" hai2="42,129,119,59,55,16,113,63,39,60,133,102,110" hai3="89,49,52,2,68,9,112,81,61,62,132,135,127"/><W11/><G112/><T25/><D108/><U101/><E38/><V126/><F113/><W6/><G11/><T128/><D117/><U23/><E120/><V77/><F119/><W70/><G127/><T86/><D128/><U22/><E35/><V123/><F110/><W21/><G21/><N who="1" m="8298" /><E80/><V45/><F123/><W4/><G4/><T31/><D98/><U111/><E111/><V7/><F126/><W93/><G81/><T26/><D73/><U36/><E36/><V85/><F129/><W130/><G130/><T58/><D121/><U57/><E48/><N who="2" m="26679" /><F133/><N who="3" m="51275" /><G68/><T105/><D105/><U17/><E17/><V134/><F134/><W13/><G70/><T47/><D58/><N who="1" m="22635" /><E67/><V118/><F118/><W44/><G2/><T54/><D41/><U106/><E106/><V100/><F7/><W19/><G6/><T0/><D0/><U83/><E83/><N who="2" m="47343" /><F39/><W10/><G10/><T131/><D131/><U1/><E1/><V72/><F72/><W79/><G79/><T87/><D82/><U115/><E115/><V34/><F34/><W69/><G69/><T76/><D76/><U12/><AGARI ba="1,0" hai="12,18,23,28,29,95,97,101" m="22635,8298" machi="12" ten="30,1100,0" yaku="8,1" doraHai="84" who="1" fromWho="1" sc="213,-4,273,14,349,-4,165,-6" owari="209,-19.1,287,8.7,345,44.5,159,-34.1" /></mjloggm>