<mjloggm ver="2.3"><GO type="225" lobby="0"/><UN n0="%E6%B4%BE%E9%81%A3%E3%81%AE%E3%82%B8%E3%83%A3%E3%83%83%E3%82%AF" n1="%E3%81%BF%E3%81%BF%E3%81%9A" n2="%72%65%6E%6B%75%6E" n3="%47%68%6F%73%74%55%30" dan="17,17,17,17" rate="2191.75,2307.99,2197.28,2148.26" sx="M,M,M,M"/><TAIKYOKU oya="0"/><INIT seed="0,0,0,1,1,118" ten="250,250,250,250" oya="0" hai0="121,77,30,78,120,57,20,19,99,25,6,43,50" hai1="75,65,89,46,47,42,56,66,93,14,16,68,128" hai2="60,130,104,106,116,62,101,7,98,38,135,72,86" hai3="103,15,79,114,54,107,124,92,100,112,94,113,22"/><T24/><D6/><U115/><E75/><V1/><F116/><W0/><G0/><T63/><D99/><U34/><E34/><V71/><F86/><W96/><G54/><T35/><D43/><U81/><E68/><V23/><F23/><W91/><G15/><T108/><D50/><U53/><E81/><V11/><F130/><W3/><G22/><T49/><D49/><N who="1" m="30767" /><E128/><V21/><F21/><W52/><G52/><T59/><D59/><U85/><E115/><V84/><F84/><N who="3" m="52327" /><G3/><T44/><D44/><N who="1" m="16939" /><E42/><V74/><F135/><W70/><G70/><T127/><D127/><U31/><E31/><V88/><F88/><N who="3" m="55367" /><G124/><T87/><D108/><U58/><E58/><V28/><F28/><W27/><G27/><T123/><REACH who="0" step="1"/><D87/><REACH who="0" ten="240,250,250,250" step="2"/><U48/><E48/><V102/><F71/><W51/><G51/><T83/><D83/><U90/><E90/><V36/><F62/><W12/><G112/><T97/><D97/><U134/><E134/><V110/><F60/><W95/><G113/><T73/><D73/><U126/><E126/><V61/><F61/><W4/><G114/><T131/><D131/><U33/><E33/><V117/><F110/><W45/><G45/><T64/><AGARI ba="0,1" hai="19,20,24,25,30,35,57,63,64,77,78,120,121,123" machi="64" ten="30,12000,1" yaku="1,1,0,1,52,3,53,0" doraHai="118" doraHaiUra="109" who="0" fromWho="0" sc="240,130,250,-40,250,-40,250,-40" /><INIT seed="0,1,0,4,0,69" ten="370,210,210,210" oya="0" hai0="13,44,43,57,118,87,48,53,103,110,66,83,86" hai1="20,63,100,62,46,121,114,74,92,125,119,131,117" hai2="67,22,15,56,7,39,124,91,89,31,107,33,81" hai3="47,34,102,129,21,61,18,26,27,128,16,2,17"/><T123/><D118/><U37/><E121/><V85/><F107/><W115/><G115/><T109/><D123/><U58/><E74/><V8/><F124/><W52/><G2/><T68/><D103/><U101/><E125/><V65/><F33/><W130/><G102/><T30/><D30/><U90/><E114/><V126/><F39/><W88/><G34/><T9/><D66/><N who="2" m="25098" /><F126/><W78/><G78/><T38/><D68/><U71/><E71/><V32/><F32/><W5/><G5/><N who="0" m="3247" /><D83/><U0/><E131/><V134/><F134/><W12/><G26/><T19/><D19/><U6/><E0/><V1/><F1/><W99/><G12/><T104/><D104/><U49/><E6/><V135/><F56/><N who="3" m="34951" /><G47/><T4/><D4/><U36/><E117/><V40/><F40/><W60/><G60/><T112/><D112/><U50/><E119/><V41/><F41/><W55/><G55/><T116/><D116/><U95/><E58/><V54/><F54/><W14/><G14/><T51/><D51/><U76/><E46/><V133/><F133/><W24/><G24/><T82/><D82/><U106/><E106/><V113/><F113/><W73/><G73/><T108/><AGARI ba="1,0" hai="38,43,44,48,53,57,86,87,108,109,110" m="3247" machi="108" ten="30,6000,0" yaku="14,1,10,1,52,1" doraHai="69" who="0" fromWho="0" sc="370,63,210,-21,210,-21,210,-21" /><INIT seed="0,2,0,2,3,32" ten="433,189,189,189" oya="0" hai0="72,36,112,76,118,56,130,14,129,47,79,61,85" hai1="0,49,21,124,64,121,55,114,92,23,104,135,5" hai2="82,98,3,17,45,11,134,40,9,37,109,81,29" hai3="10,127,107,16,123,108,12,101,75,100,13,78,6"/><T59/><D112/><U86/><E104/><V43/><F109/><W125/><G108/><T116/><D72/><U126/><E121/><V46/><F134/><W1/><G123/><T41/><D14/><U106/><E106/><V103/><F29/><W22/><G12/><T35/><D35/><U67/><E114/><V102/><F17/><W91/><G91/><T39/><D85/><U65/><E135/><V119/><F119/><W133/><G133/><T53/><D76/><U97/><E86/><V62/><F62/><W80/><REACH who="3" step="1"/><G107/><REACH who="3" ten="433,189,189,179" step="2"/><T111/><D111/><U68/><E124/><AGARI ba="2,1" hai="1,6,10,13,16,22,75,78,80,100,101,124,125,127" machi="124" ten="40,8000,1" yaku="1,1,2,1,18,1,52,1,54,1,53,0" doraHai="32" doraHaiUra="20" who="3" fromWho="1" sc="433,0,189,-86,189,0,179,96" /><INIT seed="1,0,0,5,1,90" ten="433,103,189,275" oya="1" hai0="33,80,79,107,27,101,85,4,49,21,63,120,1" hai1="29,100,75,44,32,0,131,28,112,65,113,67,38" hai2="50,53,110,69,70,116,133,25,132,6,77,3,71" hai3="82,121,5,98,58,83,17,129,18,103,88,23,134"/><U13/><E0/><V46/><F116/><W105/><G121/><T73/><D33/><U10/><E75/><V62/><F77/><W72/><G129/><T2/><D73/><U19/><E131/><V122/><F25/><W12/><G134/><N who="2" m="51817" /><F6/><W7/><G72/><T119/><D119/><U81/><E81/><V24/><F24/><W96/><G58/><T97/><D120/><U92/><E112/><V47/><F3/><W11/><G7/><T95/><D49/><U84/><E113/><V123/><F110/><W36/><G36/><T22/><D22/><U31/><E32/><V52/><F47/><W43/><G43/><T51/><D51/><U109/><E109/><V9/><F9/><W94/><G17/><T42/><D42/><U26/><E26/><AGARI ba="0,0" hai="5,11,12,18,23,26,82,83,88,94,96,98,103,105" machi="26" ten="30,3900,0" yaku="7,1,52,1,54,1" doraHai="90" who="3" fromWho="1" sc="433,0,103,-39,189,0,275,39" /><INIT seed="2,0,0,0,3,62" ten="433,64,189,314" oya="2" hai0="23,82,32,61,16,132,83,1,44,129,76,130,24" hai1="28,22,17,18,57,91,72,0,131,4,64,3,84" hai2="35,47,122,39,134,99,108,26,33,111,119,101,100" hai3="10,8,52,74,127,38,77,123,106,53,118,27,19"/><V85/><F119/><W34/><G118/><T6/><D132/><U21/><E72/><V133/><F122/><W117/><G106/><T5/><D44/><U79/><E79/><V128/><F128/><N who="0" m="49258" /><D32/><U31/><E131/><V55/><F85/><W110/><G110/><N who="2" m="42025" /><F55/><W15/><G38/><T49/><D49/><U97/><E97/><V63/><F63/><W96/><G96/><T94/><D94/><U11/><E57/><V95/><F100/><W50/><G123/><T114/><D114/><U58/><E58/><V54/><F54/><W9/><G53/><T75/><D1/><U59/><E59/><V7/><F7/><N who="0" m="2570" /><D82/><U46/><E46/><V121/><F121/><W107/><G117/><T102/><D61/><U88/><E4/><V41/><F33/><W20/><G34/><T71/><D102/><U60/><E60/><V81/><F81/><W125/><G74/><T112/><D112/><U25/><E11/><V45/><F45/><W68/><G52/><T67/><D71/><U92/><E84/><V89/><F101/><W29/><G50/><T105/><D105/><U93/><REACH who="1" step="1"/><E25/><REACH who="1" ten="433,54,189,314" step="2"/><V113/><F113/><W120/><G120/><T90/><D90/><U116/><E116/><V104/><F104/><W73/><G107/><T70/><D70/><U66/><AGARI ba="0,1" hai="0,3,17,18,21,22,28,31,64,66,88,91,92,93" machi="66" ten="25,12000,2" yaku="1,1,0,1,22,2,52,2,54,1,53,0" doraHai="62" doraHaiUra="42" who="1" fromWho="1" sc="433,-30,54,130,189,-60,314,-30" /><INIT seed="3,0,0,2,2,13" ten="403,184,129,284" oya="3" hai0="14,83,12,7,46,81,41,28,132,121,127,128,35" hai1="38,27,8,74,113,123,94,56,23,59,103,40,96" hai2="119,79,21,33,131,90,125,129,49,100,99,84,95" hai3="62,106,75,0,97,20,24,52,4,112,114,88,3"/><W76/><G75/><T5/><D121/><U57/><E123/><V16/><F33/><W117/><G76/><T98/><D127/><U111/><E111/><V104/><F125/><W86/><G117/><T78/><D128/><U110/><E110/><V70/><F70/><W64/><G106/><T36/><D132/><U32/><E113/><V39/><F39/><W55/><G97/><T73/><D81/><U19/><E74/><V134/><F119/><W92/><G112/><T44/><D44/><U60/><E32/><V91/><F134/><W63/><G114/><T42/><D42/><U10/><REACH who="1" step="1"/><E60/><REACH who="1" ten="403,174,129,284" step="2"/><V116/><F116/><W54/><G63/><T72/><D72/><U102/><E102/><V61/><F61/><W71/><REACH who="3" step="1"/><G4/><REACH who="3" ten="403,174,129,274" step="2"/><T1/><D98/><U29/><E29/><AGARI ba="0,2" hai="0,3,20,24,29,52,54,55,62,64,71,86,88,92" machi="29" ten="40,12000,1" yaku="1,1,2,1,54,2,53,1" doraHai="13" doraHaiUra="67" who="3" fromWho="1" sc="403,0,174,-120,129,0,274,140" owari="403,20.3,54,-44.6,129,-27.1,414,51.4" /></mjloggm>