<mjloggm ver="2.3"><GO type="225" lobby="0"/><UN n0="%E3%83%A9%E3%83%BC%E3%83%A1%E3%83%B3%E4%BA%94%E9%83%8E" n1="%E3%81%82%E3%81%99%E3%81%AB%E3%82%83%E3%82%80" n2="%E3%82%BC%E3%83%AB%E3%83%80%E3%81%AE%E4%BC%9D%E8%AA%AC" n3="%E6%98%93%E5%88%A9%E8%96%A9%E4%BC%AF" dan="16,16,16,16" rate="2050.81,2029.88,2144.18,2120.59" sx="M,F,M,F"/><TAIKYOKU oya="0"/><INIT seed="0,0,0,3,0,16" ten="250,250,250,250" oya="0" hai0="59,51,118,25,58,9,53,39,7,83,93,1,41" hai1="21,50,108,100,131,19,66,85,84,109,78,24,111" hai2="33,75,102,29,82,31,120,17,71,114,103,56,69" hai3="3,124,74,15,49,80,96,2,35,73,125,133,99"/><T68/><D68/><U70/><E131/><V113/><F56/><W92/><G35/><T132/><D132/><U37/><E37/><V23/><F120/><W8/><G49/><T97/><D118/><U6/><E6/><V130/><F130/><W44/><G44/><T112/><D112/><U13/><E100/><V72/><F17/><W48/><G48/><T127/><D127/><N who="3" m="48713" /><G96/><T18/><D83/><U42/><E78/><V40/><F82/><W77/><G74/><T46/><D59/><U47/><REACH who="1" step="1"/><E24/><REACH who="1" ten="250,240,250,250" step="2"/><V10/><F102/><N who="3" m="60775" /><G133/><T22/><D39/><U60/><AGARI ba="0,1" hai="13,19,21,42,47,50,60,66,70,84,85,108,109,111" machi="60" ten="40,8000,1" yaku="1,1,0,1,14,1,52,1,53,0" doraHai="16" doraHaiUra="28" who="1" fromWho="1" sc="250,-40,240,90,250,-20,250,-20" /><INIT seed="1,0,0,1,4,122" ten="210,330,230,230" oya="1" hai0="17,9,0,94,71,29,31,21,74,88,118,115,28" hai1="50,125,13,92,25,26,48,46,61,79,55,12,109" hai2="45,102,3,89,52,44,53,73,128,116,49,39,1" hai3="8,83,10,113,78,24,101,57,87,34,68,80,43"/><U112/><E112/><V123/><F123/><W4/><G68/><T90/><D115/><U100/><E125/><V19/><F116/><W51/><G113/><T33/><D118/><U40/><E79/><V77/><F128/><W70/><G70/><T108/><D71/><U120/><E120/><V124/><F124/><W130/><G101/><T85/><D74/><U5/><E61/><V58/><F102/><W131/><G10/><T42/><D42/><U18/><E5/><V111/><F111/><W38/><G38/><T84/><D108/><U16/><E109/><V76/><F89/><W93/><G93/><T67/><D67/><U110/><E110/><V47/><F19/><N who="1" m="7209" /><E92/><V86/><F73/><W59/><G83/><T106/><D106/><U81/><E81/><V36/><F86/><W103/><G103/><T6/><D33/><U66/><E66/><V54/><F58/><N who="3" m="22027" /><G24/><N who="1" m="9322" /><E100/><V37/><F49/><W119/><G34/><T132/><D132/><U7/><E7/><V95/><F95/><W91/><G91/><T11/><D6/><U32/><E32/><V135/><F135/><W30/><G119/><T27/><REACH who="0" step="1"/><D0/><AGARI ba="0,0" hai="0,1,3,36,37,39,44,45,47,52,53,54,76,77" machi="0" ten="50,8000,1" yaku="29,2,28,2,54,1" doraHai="122" who="2" fromWho="0" sc="210,-80,330,0,230,80,230,0" /><INIT seed="2,0,0,0,5,76" ten="130,330,310,230" oya="2" hai0="58,61,21,126,108,75,91,107,27,100,123,1,122" hai1="112,118,95,62,69,16,74,84,41,24,37,11,110" hai2="127,10,90,38,40,51,72,8,30,93,82,67,4" hai3="77,103,98,20,34,129,109,87,22,111,104,114,117"/><V36/><F127/><W88/><G34/><T46/><D126/><U97/><E74/><V78/><F30/><W113/><G22/><T73/><D1/><U6/><E110/><N who="3" m="41994" /><G20/><T101/><D108/><U68/><E112/><N who="3" m="43114" /><G129/><T57/><D46/><U70/><E118/><V23/><F23/><W48/><G48/><T25/><D21/><U43/><E24/><V121/><F121/><W13/><G13/><T44/><D44/><U128/><E128/><V9/><F4/><W19/><G19/><T33/><D61/><U81/><E16/><V120/><F120/><W125/><G125/><T29/><D29/><U96/><E62/><V83/><F67/><W94/><G77/><T115/><D115/><U85/><E11/><V135/><F51/><W105/><G117/><T49/><D49/><U79/><E6/><V18/><F18/><W56/><G56/><T64/><D64/><U102/><E37/><V50/><F38/><W2/><G2/><T28/><D28/><U66/><E66/><V86/><F36/><W5/><G5/><T65/><D65/><U130/><E130/><V52/><F40/><W132/><G132/><T12/><D12/><U15/><E15/><V47/><REACH who="2" step="1"/><F135/><REACH who="2" ten="130,330,300,230" step="2"/><W131/><G131/><T106/><D33/><U124/><E124/><V39/><F39/><W26/><G26/><T63/><D63/><U31/><E31/><V7/><F7/><W32/><G32/><T134/><D134/><U42/><E42/><V14/><F14/><W89/><G89/><AGARI ba="0,1" hai="25,27,57,58,73,75,89,91,100,101,106,107,122,123" machi="89" ten="25,1600,0" yaku="22,2" doraHai="76" who="0" fromWho="3" sc="130,26,330,0,300,0,230,-16" /><INIT seed="3,0,0,2,5,46" ten="156,330,300,214" oya="3" hai0="26,129,116,114,60,31,42,108,58,135,77,13,104" hai1="15,5,99,39,69,103,110,49,62,131,118,80,72" hai2="101,65,84,83,120,54,64,9,11,59,124,0,75" hai3="63,96,1,28,97,43,94,3,78,52,119,33,55"/><W47/><G119/><T91/><D116/><U73/><E110/><V88/><F124/><W132/><G132/><T100/><D108/><U2/><E39/><V125/><F125/><W27/><G78/><T71/><D135/><U53/><E2/><V23/><F120/><W6/><G97/><T122/><D129/><U76/><E131/><V22/><F75/><W109/><G109/><T128/><D128/><U82/><E118/><V61/><F101/><W95/><G95/><T44/><D122/><U106/><E5/><V37/><F37/><W79/><G79/><T18/><D114/><U112/><E15/><V117/><F117/><W51/><G6/><T21/><D77/><U68/><E82/><V4/><F11/><W107/><G107/><T56/><D91/><U16/><E112/><V36/><F36/><W93/><G93/><T20/><D71/><U127/><E127/><V32/><F32/><W121/><G121/><T34/><D34/><U38/><E38/><V115/><F115/><W25/><G25/><T10/><D10/><U113/><E113/><V133/><F133/><W14/><G14/><T50/><REACH who="0" step="1"/><D60/><REACH who="0" ten="146,330,300,214" step="2"/><U66/><E68/><V92/><F23/><W8/><G63/><T74/><D74/><U24/><E72/><V81/><F22/><W29/><G8/><T67/><D67/><U90/><E73/><V105/><F64/><W30/><G33/><T40/><D40/><U17/><E62/><V35/><F35/><W130/><G130/><T102/><D102/><U12/><E103/><V111/><F111/><W85/><G43/><T41/><D41/><RYUUKYOKU ba="0,1" sc="146,30,330,-10,300,-10,214,-10" hai0="13,18,20,21,26,31,42,44,50,56,58,100,104" owari="176,-32.4,330,43.0,290,9.0,204,-19.6" /></mjloggm>