<mjloggm ver="2.3"><GO type="225" lobby="0"/><UN n0="%E3%82%B7%E3%83%B3%E5%A4%AA%E6%9C%97" n1="%E3%81%86%E3%81%86%E3%82%84%61%62" n2="%E9%80%86%E9%80%A3%E5%B8%AF%E3%81%AE%E9%AC%BC" n3="%E9%B3%B3%E6%9D%B1%E3%81%AE%E3%81%86%E3%81%95%E3%81%8E%E3%81%95%E3%82%93" dan="16,16,16,16" rate="2147.83,2052.27,2156.15,2089.44" sx="M,M,M,M"/><TAIKYOKU oya="0"/><INIT seed="0,0,0,4,0,123" ten="250,250,250,250" oya="0" hai0="24,1,106,16,84,55,83,37,97,54,76,65,127" hai1="22,112,132,100,88,118,102,0,56,90,57,125,27" hai2="67,61,66,86,72,87,39,101,128,59,26,3,98" hai3="68,47,110,44,105,69,130,80,109,6,9,14,70"/><T91/><D37/><U73/><E0/><V62/><F128/><W40/><G130/><T120/><D120/><U78/><E118/><V23/><F72/><W41/><G105/><T111/><D127/><U131/><E125/><V94/><F3/><W96/><G96/><T45/><D1/><U20/><E131/><V89/><F39/><W52/><G52/><T116/><D116/><U34/><E34/><V63/><F87/><W126/><G126/><T48/><D65/><U31/><E73/><V35/><F35/><W117/><G117/><T92/><D106/><U25/><E78/><V129/><F67/><W4/><G80/><T12/><D24/><U58/><E132/><V29/><REACH who="2" step="1"/><F129/><REACH who="2" ten="250,250,240,250" step="2"/><W93/><G93/><AGARI ba="0,1" hai="23,26,29,59,61,62,63,66,86,89,93,94,98,101" machi="93" ten="30,12000,2" yaku="1,1,2,1,7,1,25,2,8,1,53,1" doraHai="123" doraHaiUra="85" who="2" fromWho="3" sc="250,0,250,0,240,130,250,-120" /><INIT seed="1,0,0,3,1,54" ten="250,250,370,130" oya="1" hai0="73,126,109,135,119,1,61,58,5,12,18,104,4" hai1="94,47,121,103,105,41,6,9,108,63,118,43,72" hai2="17,127,60,125,27,99,81,48,24,42,112,106,7" hai3="117,36,57,129,85,32,50,33,78,88,65,91,49"/><U66/><E118/><V77/><F112/><W93/><G129/><T132/><D104/><U39/><E121/><V107/><F7/><W89/><G36/><T55/><D119/><U28/><E72/><V120/><F120/><W46/><G117/><T71/><D109/><U67/><E105/><V44/><F60/><W0/><G0/><T97/><D126/><N who="2" m="48138" /><F107/><W21/><G32/><T31/><D73/><U15/><E108/><V19/><F27/><W52/><G33/><T116/><D116/><U8/><E28/><V10/><F10/><W83/><G21/><T20/><D1/><U11/><E66/><V56/><F24/><W92/><REACH who="3" step="1"/><G65/><REACH who="3" ten="250,250,370,120" step="2"/><T114/><D114/><U80/><E67/><V62/><F106/><W128/><G128/><T75/><D20/><U98/><E6/><V115/><F115/><W35/><G35/><T74/><D5/><U16/><E63/><V110/><F110/><W69/><G69/><T86/><D4/><U87/><REACH who="1" step="1"/><E43/><AGARI ba="0,1" hai="43,46,49,50,52,57,78,83,85,88,89,91,92,93" machi="43" ten="40,8000,1" yaku="1,1,8,1,52,1,54,2,53,0" doraHai="54" doraHaiUra="14" who="3" fromWho="1" sc="250,0,250,-80,370,0,120,90" /><INIT seed="2,0,0,0,5,122" ten="250,170,370,210" oya="2" hai0="96,31,64,107,108,27,52,113,65,131,11,9,22" hai1="80,84,125,3,124,79,13,77,87,91,119,19,26" hai2="16,83,93,118,109,105,111,89,6,24,71,123,101" hai3="78,62,56,92,116,112,135,114,82,51,63,81,5"/><V121/><F71/><W88/><G116/><T110/><D113/><N who="3" m="43625" /><G135/><T90/><D131/><U36/><E3/><V99/><F118/><W106/><G106/><T67/><D52/><U44/><E119/><V104/><F6/><W30/><G30/><T94/><REACH who="0" step="1"/><D107/><REACH who="0" ten="240,170,370,210" step="2"/><U115/><E115/><V43/><F105/><W7/><G62/><T42/><D42/><U50/><E36/><V41/><F41/><W47/><G51/><T130/><D130/><U97/><E125/><V35/><F43/><W32/><G63/><T74/><D74/><U15/><E124/><V68/><F104/><W54/><G54/><T39/><D39/><U0/><E50/><V95/><F123/><W10/><G47/><T38/><D38/><U134/><E44/><V28/><F121/><W102/><G5/><T86/><D86/><U53/><E53/><V55/><F55/><W75/><G7/><T73/><D73/><U70/><E134/><V8/><F99/><W127/><G75/><T69/><D69/><U59/><E70/><V133/><F68/><W1/><G127/><T128/><D128/><U40/><E97/><V76/><F133/><W2/><G56/><T46/><D46/><U98/><E59/><V66/><F66/><W117/><G117/><T132/><D132/><U4/><E98/><V58/><F58/><W37/><G37/><T61/><D61/><U20/><E84/><V34/><F101/><W57/><G102/><T129/><D129/><U45/><E45/><V17/><F35/><W14/><G32/><T21/><D21/><U120/><E40/><V126/><F34/><RYUUKYOKU ba="0,1" sc="240,30,170,-10,370,-10,210,-10" hai0="9,11,22,27,31,64,65,67,90,94,96,108,110" /><INIT seed="3,1,1,3,5,30" ten="270,160,360,200" oya="3" hai0="64,125,71,90,5,88,105,104,78,10,94,68,33" hai1="73,61,41,38,0,81,120,106,60,119,113,25,87" hai2="24,58,55,63,47,36,108,128,109,111,122,4,39" hai3="107,89,91,37,110,123,21,69,48,101,6,92,95"/><W1/><G123/><T20/><D33/><U8/><E120/><V86/><F122/><W32/><G37/><T7/><D78/><U26/><E113/><V129/><F4/><W59/><G69/><T66/><D20/><U85/><E119/><V52/><F24/><W31/><G32/><T132/><D94/><U103/><E73/><V116/><F116/><W23/><G107/><T2/><D10/><U14/><E0/><V75/><F75/><W17/><G101/><T114/><D2/><U80/><E41/><V9/><F9/><W53/><G31/><T77/><D77/><U133/><E38/><N who="2" m="14379" /><F86/><N who="3" m="52279" /><G110/><T79/><D79/><U46/><E46/><V134/><F134/><W50/><G6/><T57/><D57/><U99/><E133/><V97/><F97/><N who="3" m="57599" /><G1/><T82/><D132/><U102/><E8/><V13/><F13/><N who="3" m="9391" /><G23/><T3/><D3/><U28/><E99/><V16/><F16/><W98/><G98/><T84/><D114/><U65/><E14/><V11/><F11/><W100/><G100/><T12/><D12/><U45/><E28/><V124/><F124/><W117/><G117/><T112/><D125/><U44/><REACH who="1" step="1"/><E65/><REACH who="1" ten="270,150,360,200" step="2"/><V127/><F127/><W72/><G72/><T42/><D66/><U40/><E40/><V18/><F18/><W130/><G130/><T74/><D64/><U15/><E15/><V56/><F129/><W115/><G115/><T126/><D74/><U49/><E49/><AGARI ba="1,2" hai="48,49,50,53,59" m="9391,57599,52279" machi="49" ten="30,2900,0" yaku="25,1,8,1" doraHai="30" who="3" fromWho="1" sc="270,0,150,-32,360,0,200,52" /><INIT seed="3,2,0,0,4,129" ten="270,118,360,252" oya="3" hai0="73,1,31,11,37,96,84,57,23,21,16,10,32" hai1="125,24,63,39,14,114,105,70,90,3,80,69,121" hai2="113,101,86,22,79,60,89,91,51,119,99,62,42" hai3="55,109,47,111,9,93,92,78,102,66,53,65,38"/><W123/><G123/><T87/><D37/><U54/><E39/><V33/><F33/><W20/><G78/><T50/><D73/><U120/><E3/><V75/><F119/><W17/><G9/><N who="0" m="3083" /><D1/><U100/><E105/><V41/><F113/><W27/><G55/><N who="0" m="31991" /><D32/><U26/><E100/><V134/><F134/><W52/><G53/><T4/><D4/><U112/><E14/><V64/><F22/><W67/><G102/><T61/><D61/><U56/><E125/><V116/><F62/><W133/><G133/><T13/><D96/><U74/><E74/><V15/><F116/><W127/><G127/><T128/><D128/><U130/><E130/><V83/><F15/><W44/><G38/><T72/><D72/><U77/><E77/><V48/><F41/><W95/><REACH who="3" step="1"/><G52/><REACH who="3" ten="270,118,360,242" step="2"/><T43/><D43/><U103/><E54/><V108/><F42/><W117/><G117/><T18/><D31/><U30/><E103/><V115/><F48/><W98/><G98/><T132/><D132/><U36/><E30/><V34/><F51/><W46/><AGARI ba="2,1" hai="17,20,27,44,46,47,65,66,67,92,93,95,109,111" machi="46" ten="40,12000,1" yaku="1,1,0,1,29,2,53,0" doraHai="129" doraHaiUra="131" who="3" fromWho="3" sc="270,-42,118,-42,360,-42,242,136" owari="228,-17.2,76,-42.4,318,11.8,378,47.8" /></mjloggm>