<mjloggm ver="2.3"><GO type="225" lobby="0"/><UN n0="%E3%81%AF%E3%82%88%E3%81%8A%E3%81%98%E3%81%95%E3%82%93" n1="%E3%82%BC%E3%83%AB%E3%83%80%E3%81%AE%E4%BC%9D%E8%AA%AC" n2="%E4%B8%8B%E6%AE%B5%E3%83%81%E3%82%A7%E3%83%AA%E3%83%BC" n3="%E5%80%89%E6%A9%8B%EF%BC%A0%E4%BA%8B%E5%8B%99" dan="16,16,16,16" rate="2167.57,2114.50,2153.31,2084.58" sx="M,M,M,M"/><TAIKYOKU oya="0"/><INIT seed="0,0,0,1,4,16" ten="250,250,250,250" oya="0" hai0="124,18,78,7,76,85,64,66,103,107,19,11,92" hai1="25,88,54,58,48,65,100,86,68,9,95,125,35" hai2="36,8,57,70,96,39,128,105,81,112,80,135,120" hai3="101,71,45,115,84,42,47,82,37,104,89,111,106"/><T114/><D114/><U31/><E125/><V134/><F112/><W30/><G115/><T87/><D124/><U69/><E65/><N who="0" m="25193" /><D107/><U52/><E100/><N who="2" m="62599" /><F70/><W56/><G71/><T55/><D7/><U43/><E43/><V119/><F120/><W110/><G30/><T13/><D55/><U4/><REACH who="1" step="1"/><E54/><REACH who="1" ten="250,240,250,250" step="2"/><V1/><F119/><W46/><G101/><T29/><D103/><U40/><E40/><V79/><F36/><W132/><G42/><T113/><D113/><U51/><E51/><V97/><F39/><W59/><G37/><T117/><D117/><U63/><E63/><V75/><F134/><W14/><G132/><T83/><D29/><U73/><E73/><V91/><F135/><W6/><G106/><T62/><D62/><U90/><E90/><V122/><F91/><W41/><G104/><T34/><D34/><U50/><E50/><V53/><F53/><W94/><G41/><T102/><D102/><U60/><E60/><V133/><F75/><W67/><G67/><T12/><D76/><U0/><AGARI ba="0,1" hai="0,4,9,25,31,35,48,52,58,68,69,86,88,95" machi="0" ten="20,12000,2" yaku="1,1,0,1,7,1,54,2,53,1" doraHai="16" doraHaiUra="5" who="1" fromWho="1" sc="250,-60,240,130,250,-30,250,-30" /><INIT seed="1,0,0,4,1,88" ten="190,370,220,220" oya="1" hai0="115,4,72,123,50,18,63,75,37,6,11,106,82" hai1="60,27,114,124,45,17,105,41,15,26,134,42,80" hai2="51,133,61,36,122,83,53,96,118,54,125,55,2" hai3="120,16,32,100,8,49,9,84,109,113,7,34,77"/><U43/><E114/><V112/><F2/><W10/><G120/><T129/><D115/><U95/><E105/><V131/><F112/><W67/><G113/><T19/><D37/><U46/><E124/><V28/><F122/><W1/><G67/><T12/><D123/><U71/><E134/><V126/><F118/><W56/><G109/><T85/><D106/><U132/><E132/><V59/><F133/><W5/><G100/><T0/><D129/><U70/><E80/><V21/><F36/><W98/><G98/><T31/><D31/><U52/><E71/><V116/><F116/><W13/><G84/><T102/><D102/><U110/><E110/><V91/><F131/><W33/><G77/><T101/><D101/><U128/><E128/><V103/><F91/><W14/><G49/><T25/><D63/><U57/><E70/><V74/><F83/><W89/><G89/><T90/><D50/><U39/><E95/><N who="2" m="58783" /><F74/><W93/><G56/><T22/><REACH who="0" step="1"/><D6/><REACH who="0" ten="180,370,220,220" step="2"/><U68/><E39/><V108/><F108/><W64/><G64/><T104/><D104/><U66/><E66/><N who="2" m="39231" /><F51/><W58/><G58/><T35/><D35/><U79/><E68/><V99/><F126/><W23/><G93/><T76/><D76/><U40/><E79/><V30/><F125/><W78/><G78/><T29/><D29/><U69/><E69/><V87/><F30/><W130/><G130/><T48/><D48/><N who="1" m="26663" /><E46/><V20/><F28/><W73/><G73/><T135/><D135/><U121/><E121/><V81/><F53/><W86/><G86/><T119/><D119/><U127/><E127/><RYUUKYOKU ba="0,1" sc="180,10,370,10,220,-30,220,10" hai0="0,4,11,12,18,19,22,25,72,75,82,85,90" hai1="15,17,26,27,41,42,43,52,57,60" hai3="1,5,7,8,9,10,13,14,16,23,32,33,34" /><INIT seed="1,1,1,3,4,54" ten="190,380,190,230" oya="1" hai0="59,134,60,96,4,124,89,92,133,70,95,121,62" hai1="9,1,135,97,51,50,107,35,129,42,56,30,14" hai2="13,11,68,15,123,109,90,94,6,58,111,130,78" hai3="113,8,53,125,63,85,122,65,64,7,86,69,22"/><U106/><E1/><V61/><F123/><W79/><G122/><T41/><D121/><U45/><E135/><N who="0" m="51721" /><D124/><U83/><E129/><V100/><F130/><W10/><G113/><T52/><D41/><U77/><E35/><V57/><F100/><W120/><G120/><T72/><D72/><U55/><E30/><V116/><F116/><W88/><G125/><T23/><D4/><U87/><REACH who="1" step="1"/><E97/><REACH who="1" ten="190,370,190,230" step="2"/><V73/><F13/><W3/><G3/><T27/><D70/><U114/><E114/><V126/><F126/><W21/><G69/><T82/><D82/><U19/><AGARI ba="1,2" hai="9,14,19,42,45,50,51,55,56,77,83,87,106,107" machi="19" ten="20,12000,1" yaku="1,1,0,1,7,1,52,1,53,1" doraHai="54" doraHaiUra="36" who="1" fromWho="1" sc="190,-41,370,143,190,-41,230,-41" /><INIT seed="1,2,0,5,0,54" ten="149,513,149,189" oya="1" hai0="70,88,91,129,39,127,96,51,69,71,100,23,3" hai1="125,73,67,33,8,38,45,122,22,2,124,52,12" hai2="75,42,126,16,95,41,55,89,93,108,10,72,11" hai3="5,80,133,68,102,44,81,28,132,66,29,13,92"/><U77/><E33/><V27/><F126/><N who="1" m="48745" /><E122/><V84/><F108/><W36/><G68/><T79/><D39/><U76/><E73/><V30/><F75/><W85/><G66/><T40/><D127/><U83/><E67/><V104/><F104/><W49/><G36/><T9/><D129/><U130/><E130/><V128/><F72/><W7/><G102/><T119/><D119/><U107/><E107/><V98/><F128/><W26/><G92/><T48/><D79/><U74/><E76/><V109/><F109/><W24/><G49/><T123/><D123/><U4/><E38/><V103/><F55/><W31/><G44/><T101/><D23/><U32/><E32/><V56/><F56/><W20/><G85/><T111/><D111/><U59/><E45/><V134/><F134/><N who="3" m="51819" /><G81/><T25/><D71/><U86/><E74/><V18/><F30/><N who="3" m="11883" /><G80/><T112/><D40/><N who="2" m="15466" /><F27/><N who="3" m="10283" /><G31/><T65/><D25/><U94/><E94/><V60/><F60/><W63/><G63/><T99/><D65/><U117/><E59/><V115/><F115/><W105/><G105/><T90/><D112/><U43/><E43/><V21/><F21/><W37/><G37/><T97/><D70/><U135/><E135/><V131/><F131/><W116/><G116/><T114/><D114/><U47/><E117/><V50/><F50/><N who="0" m="18986" /><D69/><U78/><E22/><V53/><F53/><W57/><G57/><T46/><D46/><U64/><E64/><V14/><F10/><W118/><G118/><T62/><D62/><U106/><E106/><V19/><AGARI ba="2,0" hai="11,14,16,18,19,84,89,93,95,98,103" m="15466" machi="19" ten="30,2000,0" yaku="8,1,54,1" doraHai="54" who="2" fromWho="2" sc="149,-7,513,-12,149,26,189,-7" /><INIT seed="2,0,0,2,5,132" ten="142,501,175,182" oya="2" hai0="103,119,36,133,47,6,116,19,84,83,111,122,88" hai1="56,14,113,31,109,29,79,32,78,63,89,105,77" hai2="85,100,50,71,3,40,21,15,123,99,131,48,120" hai3="121,54,30,129,112,13,90,115,27,18,55,61,93"/><V28/><F3/><W80/><G121/><T42/><D122/><U92/><E113/><N who="3" m="43594" /><G129/><T10/><D133/><U45/><E105/><V82/><F71/><W22/><G80/><T24/><D111/><U108/><E45/><N who="2" m="25639" /><F123/><W38/><G38/><T60/><D103/><U106/><E106/><V135/><F120/><W62/><G62/><T94/><D60/><U125/><E32/><V104/><F104/><W52/><G61/><T127/><D83/><U72/><E72/><V118/><F118/><N who="0" m="45098" /><D24/><U17/><E108/><V70/><F70/><W57/><G57/><T91/><D91/><U37/><E37/><V87/><F135/><W102/><G102/><T126/><D19/><U43/><E43/><V59/><F131/><W96/><G54/><T107/><D107/><U110/><E110/><V67/><F67/><W65/><G65/><T7/><D7/><U23/><E109/><V66/><F66/><W1/><G1/><AGARI ba="0,0" hai="1,6,10,36,42,47,84,88,94,126,127" m="45098" machi="1" ten="30,7700,0" yaku="12,1,52,2,54,1" doraHai="132" who="0" fromWho="3" sc="142,77,501,0,175,0,182,-77" /><INIT seed="3,0,0,2,5,48" ten="219,501,175,105" oya="3" hai0="84,63,72,54,17,108,134,51,52,13,11,37,59" hai1="45,71,67,68,111,16,124,102,103,127,34,55,50" hai2="61,76,83,123,107,41,85,32,49,133,116,22,35" hai3="73,94,64,98,96,28,56,86,33,23,125,40,12"/><W18/><G73/><T46/><D72/><U3/><E3/><V36/><F116/><W20/><G125/><N who="1" m="48202" /><E111/><V44/><F107/><W69/><G69/><N who="1" m="26698" /><E34/><V25/><F133/><W0/><G0/><T5/><D134/><U87/><E67/><V115/><F115/><W60/><G33/><T100/><D108/><U53/><E87/><V27/><F123/><W89/><REACH who="3" step="1"/><G40/><REACH who="3" ten="219,501,175,95" step="2"/><T1/><D1/><U90/><E90/><V4/><F35/><W82/><G82/><T92/><D100/><N who="1" m="38443" /><E16/><V114/><F32/><W19/><G19/><T119/><D119/><U110/><E110/><V130/><F114/><W91/><G91/><N who="0" m="53351" /><D37/><U117/><E117/><V58/><F41/><AGARI ba="0,1" hai="41,45,50,53,55" m="38443,26698,48202" machi="41" ten="30,3900,0" yaku="18,1,52,2" doraHai="48" who="1" fromWho="2" sc="219,0,501,49,175,-39,95,0" owari="219,1.9,550,65.0,136,-26.4,95,-40.5" /></mjloggm>