<mjloggm ver="2.3"><GO type="225" lobby="0"/><UN n0="%E6%98%93%E5%88%A9%E8%96%A9%E4%BC%AF" n1="%E3%81%AF%E3%82%88%E3%81%8A%E3%81%98%E3%81%95%E3%82%93" n2="%E3%81%A9%E3%82%8F%E3%82%93%E3%81%94" n3="%72%69%6F%75%63%68%61%6E" dan="16,17,16,16" rate="2053.63,2209.88,2069.61,2137.45" sx="F,M,M,M"/><TAIKYOKU oya="0"/><INIT seed="0,0,0,0,2,82" ten="250,250,250,250" oya="0" hai0="30,117,97,62,60,112,87,80,69,128,74,125,22" hai1="102,88,132,35,14,40,98,28,25,58,47,31,94" hai2="45,33,53,135,92,89,75,12,64,2,78,20,67" hai3="110,55,13,6,48,93,52,131,4,113,36,16,70"/><T21/><D112/><U68/><E132/><V57/><F33/><W49/><G113/><T8/><D117/><U109/><E109/><V126/><F2/><W65/><G110/><T0/><D74/><U116/><E68/><V10/><F135/><W100/><G36/><T63/><D69/><U23/><E116/><V42/><F126/><W19/><G131/><T15/><D0/><U9/><E58/><V27/><F78/><W103/><G70/><T134/><D125/><U115/><E115/><V11/><F75/><W121/><G121/><T118/><D128/><U104/><E31/><N who="2" m="17895" /><F45/><N who="3" m="27663" /><G65/><N who="2" m="25161" /><F12/><W119/><G119/><T81/><D30/><U5/><E35/><V85/><F42/><W3/><G3/><T71/><D71/><U108/><E108/><V66/><N who="2" m="25169" /><V99/><DORA hai="24" /><F99/><N who="3" m="59503" /><G103/><T95/><D134/><U39/><REACH who="1" step="1"/><E88/><REACH who="1" ten="250,240,250,250" step="2"/><V122/><F122/><W44/><G19/><T107/><D118/><U34/><E34/><V96/><F96/><W41/><G16/><T43/><D97/><U79/><E79/><V46/><F46/><W37/><G44/><T26/><D80/><U105/><AGARI ba="0,1" hai="5,9,14,23,25,28,39,40,47,94,98,102,104,105" machi="105" ten="30,4000,0" yaku="1,1,0,1,52,1,53,0" doraHai="82,24" doraHaiUra="86,56" who="1" fromWho="1" sc="250,-20,240,50,250,-10,250,-10" /><INIT seed="1,0,0,5,2,66" ten="230,290,240,240" oya="1" hai0="75,32,126,74,134,34,129,127,125,16,23,121,79" hai1="10,12,17,42,106,44,9,14,33,62,71,49,103" hai2="21,119,99,118,36,90,68,95,59,28,29,39,64" hai3="31,51,72,102,107,117,65,132,7,110,55,128,3"/><U97/><E33/><N who="0" m="12905" /><D79/><U116/><E116/><V111/><F111/><W40/><G72/><N who="0" m="27691" /><D129/><U105/><E106/><V0/><F0/><W26/><G132/><T27/><D121/><U19/><E62/><V67/><F59/><W108/><G117/><T133/><AGARI ba="0,0" hai="16,23,27,125,126,127,133,134" m="27691,12905" machi="133" ten="50,3200,0" yaku="18,1,54,1" doraHai="66" who="0" fromWho="0" sc="230,32,290,-16,240,-8,240,-8" /><INIT seed="2,0,0,4,4,89" ten="262,274,232,232" oya="2" hai0="111,43,96,70,68,74,101,120,105,53,85,26,97" hai1="81,15,49,4,124,0,40,94,92,64,30,125,33" hai2="130,38,48,19,108,78,104,13,75,25,21,131,99" hai3="129,121,132,100,7,102,8,126,24,117,46,83,12"/><V82/><F38/><W60/><G117/><T84/><D74/><U116/><E0/><V87/><F108/><W29/><G121/><T14/><D120/><U6/><E116/><V69/><F69/><W3/><G129/><T27/><D43/><U71/><E64/><V17/><F75/><W28/><G126/><N who="1" m="48746" /><E71/><V98/><F48/><W50/><G132/><T61/><D14/><U56/><E81/><V77/><F77/><W119/><G119/><T110/><D53/><N who="1" m="31791" /><E40/><V9/><REACH who="2" step="1"/><F104/><REACH who="2" ten="262,274,222,232" step="2"/><W18/><G50/><T39/><D39/><U65/><E65/><V113/><F113/><W52/><G60/><T34/><D70/><U80/><E80/><V79/><F79/><W2/><G83/><T73/><D73/><U127/><E127/><V16/><F16/><W135/><G18/><T118/><D118/><U103/><E4/><V115/><F115/><W32/><G135/><T112/><D112/><U51/><E51/><V57/><F57/><W59/><G46/><T44/><D44/><U45/><E45/><V63/><F63/><W93/><G59/><T37/><D37/><U54/><E54/><V1/><F1/><W123/><G52/><T122/><D68/><U88/><E6/><V91/><F91/><W109/><G109/><T36/><D36/><U5/><E88/><V47/><F47/><W10/><G2/><T31/><D61/><U55/><E55/><V128/><AGARI ba="0,1" hai="9,13,17,19,21,25,78,82,87,98,99,128,130,131" machi="128" ten="30,6000,0" yaku="1,1,0,1,19,1,53,0" doraHai="89" doraHaiUra="67" who="2" fromWho="2" sc="262,-20,274,-20,222,70,232,-20" /><INIT seed="2,1,0,5,5,95" ten="242,254,292,212" oya="2" hai0="29,103,83,18,42,113,64,66,62,121,84,12,14" hai1="96,93,4,79,115,109,87,82,100,13,68,8,72" hai2="126,134,17,107,48,39,116,43,128,25,31,40,81" hai3="90,78,30,70,50,73,33,65,19,110,75,129,106"/><V102/><F116/><W54/><G110/><T77/><D121/><U85/><E109/><V89/><F39/><W114/><G129/><T36/><D113/><U91/><E68/><V2/><F128/><W63/><G114/><T52/><D29/><U35/><E115/><V88/><F2/><W133/><G133/><T131/><D131/><U105/><REACH who="1" step="1"/><E35/><REACH who="1" ten="242,244,292,212" step="2"/><V37/><F134/><W61/><G33/><T122/><D122/><U23/><E23/><V135/><F135/><W10/><G70/><T112/><D112/><U16/><E16/><V71/><F17/><W38/><G19/><T119/><D18/><U20/><E20/><V104/><F71/><W57/><G30/><T59/><D119/><U80/><E80/><V120/><F81/><W124/><G10/><T69/><D69/><U6/><E6/><V108/><F31/><W94/><G124/><T49/><D36/><U132/><E132/><V76/><F37/><W67/><G38/><T125/><D125/><U99/><AGARI ba="1,1" hai="4,8,13,72,79,82,85,87,91,93,96,99,100,105" machi="99" ten="20,8000,1" yaku="1,1,0,1,7,1,52,2,53,0" doraHai="95" doraHaiUra="127" who="1" fromWho="1" sc="242,-21,244,93,292,-41,212,-21" /><INIT seed="3,0,0,4,5,14" ten="221,337,251,191" oya="3" hai0="32,64,9,101,43,1,17,93,105,44,67,15,77" hai1="53,26,116,74,125,73,0,42,120,89,16,98,33" hai2="79,85,45,106,12,132,13,7,81,2,112,109,117" hai3="75,31,47,62,134,124,49,103,129,113,35,82,20"/><W114/><G35/><T52/><D105/><U111/><E0/><V100/><F112/><W115/><G129/><T30/><D77/><U122/><E42/><V29/><F109/><W133/><G124/><T102/><D1/><U28/><E111/><V19/><F117/><W126/><G126/><T121/><D121/><U86/><E125/><V71/><F71/><W127/><G127/><T70/><D32/><U87/><E116/><V128/><F29/><W38/><G38/><T108/><D30/><U84/><E53/><V36/><F128/><W131/><G131/><T104/><D104/><U88/><E16/><V95/><F106/><W4/><G4/><T76/><D76/><U50/><E50/><V61/><F2/><W54/><G103/><T34/><D34/><U57/><E57/><V25/><F7/><W41/><G75/><T96/><D70/><U18/><E18/><V119/><F119/><W10/><G10/><T40/><D102/><U118/><E118/><V130/><F36/><W59/><REACH who="3" step="1"/><G82/><REACH who="3" ten="221,337,251,181" step="2"/><T8/><D8/><U11/><E11/><N who="2" m="6559" /><F130/><W78/><G78/><T135/><D108/><U110/><E110/><V72/><F72/><W69/><G69/><T6/><D6/><U27/><E73/><V22/><F79/><W107/><G107/><T56/><D135/><U90/><E74/><V24/><F132/><W23/><G23/><T91/><D101/><U66/><E122/><V92/><F100/><W60/><G60/><N who="0" m="35847" /><D43/><U123/><E120/><V55/><F81/><W51/><G51/><AGARI ba="0,1" hai="9,15,17,40,44,51,64,67,91,93,96" m="35847" machi="51" ten="30,3900,0" yaku="8,1,52,1,54,1" doraHai="14" who="0" fromWho="3" sc="221,49,337,0,251,0,181,-39" owari="270,7.0,337,43.7,251,-14.9,142,-35.8" /></mjloggm>