<mjloggm ver="2.3"><GO type="225" lobby="0"/><UN n0="%E4%BF%BA%E3%81%A8%E5%A6%96%E5%A4%A2" n1="%E3%81%8B%E3%82%8F%E3%81%A1%E3%82%83%E3%82%93%35%38" n2="%E4%BA%AE%E6%B5%81%E6%89%93%E8%80%85" n3="%E3%82%BC%E3%83%AB%E3%83%80%E3%81%AE%E4%BC%9D%E8%AA%AC" dan="17,17,16,18" rate="2216.51,2221.94,2085.29,2217.48" sx="F,M,F,M"/><TAIKYOKU oya="0"/><INIT seed="0,0,0,0,2,35" ten="250,250,250,250" oya="0" hai0="114,19,68,87,72,54,6,62,42,134,126,112,46" hai1="71,23,30,100,44,96,10,58,12,90,84,56,94" hai2="29,26,52,91,3,66,16,50,73,9,14,53,120" hai3="103,40,45,74,57,8,119,37,131,86,85,111,121"/><T113/><D72/><U28/><E71/><V32/><F120/><W22/><G119/><T33/><D134/><U125/><E125/><V78/><F66/><W132/><G121/><T24/><D126/><U1/><E1/><V34/><F34/><W41/><G132/><T21/><D33/><U129/><E129/><V89/><F3/><W0/><G131/><T80/><D6/><U108/><E108/><V92/><F92/><W75/><G111/><T64/><D54/><U79/><E79/><V102/><F102/><W67/><G103/><T110/><D110/><U133/><E44/><V51/><F51/><W82/><G22/><T2/><D2/><U38/><E38/><V69/><F69/><W98/><G98/><T39/><REACH who="0" step="1"/><D112/><REACH who="0" ten="240,250,250,250" step="2"/><U77/><E133/><V31/><F53/><W60/><G74/><T55/><D55/><U107/><E77/><AGARI ba="0,1" hai="19,21,24,39,42,46,62,64,68,77,80,87,113,114" machi="77" ten="30,5800,0" yaku="1,1,7,1,53,1" doraHai="35" doraHaiUra="70" who="0" fromWho="1" sc="240,68,250,-58,250,0,250,0" /><INIT seed="0,1,0,0,1,95" ten="308,192,250,250" oya="0" hai0="48,132,126,121,66,62,20,25,76,13,46,85,68" hai1="80,120,105,134,101,51,19,82,41,118,34,26,16" hai2="8,93,10,64,0,131,106,90,2,50,3,14,45" hai3="114,59,129,5,52,99,55,107,75,22,128,122,7"/><T123/><D132/><U30/><E120/><V6/><F106/><W33/><G33/><T67/><D126/><U135/><E118/><V31/><F131/><N who="3" m="50251" /><G114/><T53/><D13/><U1/><E1/><V32/><F64/><W37/><G122/><T77/><D66/><U115/><E115/><V94/><F94/><W79/><G37/><T43/><D76/><U47/><E82/><V38/><F38/><W21/><G79/><T112/><D112/><U23/><E80/><V133/><F133/><N who="1" m="50697" /><E34/><V102/><F102/><N who="3" m="62943" /><G75/><T36/><D85/><U11/><E11/><V109/><F109/><W86/><G86/><T91/><D91/><U28/><E28/><V27/><F8/><W125/><G125/><T127/><D77/><U73/><E73/><V116/><F116/><W42/><G42/><T60/><D60/><U97/><AGARI ba="1,0" hai="16,19,23,26,30,41,47,51,97,101,105" m="50697" machi="97" ten="30,4000,0" yaku="20,1,52,1,54,1" doraHai="95" who="1" fromWho="1" sc="308,-21,192,43,250,-11,250,-11" /><INIT seed="1,0,0,5,3,43" ten="287,235,239,239" oya="1" hai0="36,9,131,65,31,95,46,33,78,88,119,61,4" hai1="89,114,64,91,100,27,105,84,42,72,113,30,52" hai2="24,51,34,67,99,48,74,79,28,117,68,69,106" hai3="40,60,102,29,125,126,127,86,66,121,118,120,8"/><U26/><E72/><V77/><F117/><W19/><G29/><T71/><D119/><U45/><E64/><V11/><F68/><W110/><G118/><T87/><D131/><U44/><E105/><V14/><F51/><W54/><G102/><T76/><D31/><U41/><E100/><N who="2" m="62751" /><F48/><W92/><G110/><T115/><D33/><U116/><E116/><V124/><F124/><W6/><G40/><T12/><D115/><U3/><E3/><V82/><F82/><W49/><G19/><T85/><D36/><U13/><E13/><V63/><F74/><W20/><G20/><T135/><D135/><U104/><E104/><V75/><F75/><W55/><G92/><T35/><D35/><U132/><E30/><V94/><F94/><W109/><G86/><T16/><D85/><U83/><E84/><V130/><F130/><W62/><G109/><T18/><REACH who="0" step="1"/><D46/><REACH who="0" ten="277,235,239,239" step="2"/><U10/><E132/><V1/><F1/><W59/><G125/><T128/><D128/><U112/><E112/><V58/><F69/><W96/><G126/><T39/><D39/><U97/><E83/><V32/><F32/><W101/><G127/><T25/><D25/><U73/><E73/><V103/><F34/><W5/><G121/><T47/><D47/><U21/><E113/><V122/><F24/><W23/><G120/><T107/><D107/><U38/><E114/><V108/><F28/><W2/><G2/><T0/><D0/><U53/><E38/><V123/><F122/><W70/><G70/><T37/><D37/><U80/><E80/><V133/><F123/><W81/><G81/><RYUUKYOKU ba="0,1" sc="277,30,235,-10,239,-10,239,-10" hai0="4,9,12,16,18,61,65,71,76,78,87,88,95" /><INIT seed="2,1,1,3,5,38" ten="307,225,229,229" oya="2" hai0="74,21,107,35,64,25,133,23,99,6,132,81,89" hai1="33,125,50,83,103,11,10,113,115,109,3,54,24" hai2="15,134,42,18,39,77,117,19,20,4,37,135,84" hai3="90,26,69,8,91,44,9,58,123,66,17,68,114"/><V120/><F117/><W28/><G123/><T45/><D35/><U111/><E103/><V61/><F4/><W16/><G114/><N who="1" m="43530" /><E83/><N who="2" m="47215" /><F120/><W110/><G110/><N who="1" m="41994" /><E3/><V121/><F121/><W94/><G69/><T105/><D6/><U71/><E71/><V46/><F61/><N who="3" m="38199" /><G68/><T76/><D21/><U40/><E40/><V119/><F119/><W1/><G1/><T12/><D12/><U108/><N who="1" m="42002" /><U122/><DORA hai="47" /><E122/><V53/><F53/><W52/><G28/><T34/><D34/><U22/><E125/><V97/><F18/><N who="3" m="7275" /><G26/><T14/><D25/><U82/><E33/><V75/><F75/><W131/><G131/><T129/><D129/><U59/><E82/><V48/><F97/><N who="3" m="57559" /><G91/><T13/><D89/><U60/><E60/><V130/><F130/><W30/><G30/><AGARI ba="1,1" hai="10,11,22,24,30,50,54,59" m="42002,43530" machi="30" ten="40,2600,0" yaku="14,1,52,1" doraHai="38,47" who="1" fromWho="3" sc="307,0,225,39,229,0,229,-29" /><INIT seed="3,0,0,2,3,73" ten="307,264,229,200" oya="3" hai0="37,56,7,99,49,38,44,132,66,85,11,41,69" hai1="72,75,95,131,82,118,103,112,39,27,0,130,40" hai2="43,14,97,46,10,63,42,35,88,134,3,24,16" hai3="52,64,67,121,13,107,113,126,101,70,106,53,48"/><W18/><G113/><T105/><D69/><U86/><E0/><V84/><F134/><W135/><G121/><T25/><D132/><U90/><E39/><V124/><F124/><W62/><G135/><T127/><D127/><U80/><E40/><V58/><F3/><W91/><G126/><T34/><D85/><U96/><E27/><V78/><F78/><W68/><G91/><T8/><D8/><U129/><E112/><V117/><F46/><W51/><G101/><T133/><D99/><U26/><E26/><V30/><F97/><W19/><G62/><T109/><D105/><N who="1" m="63719" /><E118/><V93/><REACH who="2" step="1"/><F117/><REACH who="2" ten="307,264,219,200" step="2"/><W111/><REACH who="3" step="1"/><G13/><REACH who="3" ten="307,264,219,190" step="2"/><T115/><D133/><U29/><E130/><V79/><F79/><W60/><G60/><T98/><D115/><U23/><E131/><V122/><F122/><W15/><G15/><T57/><D25/><U89/><E129/><V55/><AGARI ba="0,2" hai="10,14,16,24,30,35,42,43,55,58,63,84,88,93" machi="55" ten="20,12000,2" yaku="1,1,0,1,7,1,54,2,53,1" doraHai="73" doraHaiUra="21" who="2" fromWho="2" sc="307,-30,264,-30,219,140,190,-60" owari="277,7.7,234,-16.6,359,45.9,130,-37.0" /></mjloggm>