<mjloggm ver="2.3"><GO type="225" lobby="0"/><UN n0="%48%61%61%61%6C%61%6E%64" n1="%E5%8D%A0%E3%81%84%E5%B8%AB%E8%A3%8F%E3%81%AA%E3%81%84%E3%81%97" n2="%77%72%77%72%77%72%77%72" n3="%72%65%6E%6B%75%6E" dan="18,16,16,17" rate="2224.52,2174.67,2223.72,2230.93" sx="M,M,M,M"/><TAIKYOKU oya="0"/><INIT seed="0,0,0,1,2,85" ten="250,250,250,250" oya="0" hai0="128,12,119,16,113,19,49,57,69,129,124,1,21" hai1="95,43,50,77,60,67,17,88,75,20,0,133,59" hai2="86,23,58,103,44,63,55,125,135,38,51,134,132" hai3="22,3,5,80,39,93,42,54,74,56,106,114,111"/><T13/><D113/><U9/><E133/><V121/><F103/><W26/><G106/><T122/><D119/><U64/><E75/><V94/><F121/><W53/><G114/><T7/><D69/><U92/><E77/><V24/><F125/><W30/><G111/><T33/><D122/><U18/><E95/><V27/><F38/><W131/><G131/><N who="0" m="50251" /><D33/><U31/><E64/><V62/><F62/><W84/><G74/><T45/><D124/><U99/><E0/><V126/><F126/><W117/><G117/><T98/><D57/><U32/><E32/><V72/><F72/><W34/><G34/><T89/><D7/><U91/><E9/><V11/><F11/><W52/><G93/><N who="0" m="56623" /><D1/><U90/><E31/><V123/><F123/><W82/><BYE who="2" /><G5/><T104/><D104/><U127/><E127/><V118/><F118/><W79/><G3/><T70/><D70/><U97/><E97/><V105/><F105/><W73/><G56/><T110/><D110/><U36/><E36/><V2/><F2/><W61/><G61/><T87/><D87/><U107/><E107/><V100/><F100/><W29/><G84/><T83/><D83/><U116/><E116/><V4/><F4/><W76/><G82/><T37/><D37/><U66/><E66/><UN n2="%77%72%77%72%77%72%77%72" /><V68/><F68/><W96/><G96/><T40/><D19/><N who="1" m="7179" /><E20/><V28/><F23/><W102/><G102/><T78/><D78/><U14/><E14/><AGARI ba="0,0" hai="12,13,14,16,21,40,45,49" m="56623,50251" machi="14" ten="30,5800,0" yaku="19,1,52,1,54,1" doraHai="85" who="0" fromWho="1" sc="250,58,250,-58,250,0,250,0" /><INIT seed="0,1,0,3,3,22" ten="308,192,250,250" oya="0" hai0="18,75,14,61,30,33,2,13,12,99,31,47,69" hai1="62,16,120,118,7,93,128,59,50,68,58,88,126" hai2="116,67,0,56,132,86,65,111,45,134,54,123,34" hai3="104,122,60,94,74,19,37,135,63,53,4,8,119"/><T109/><D2/><U91/><E118/><V39/><F123/><W87/><G104/><T102/><D75/><U77/><E120/><V124/><F0/><W36/><G74/><T28/><D47/><U106/><E106/><V43/><F34/><W49/><G122/><T133/><D133/><N who="2" m="51306" /><F86/><W85/><G119/><T83/><D83/><U92/><E126/><V113/><F116/><W9/><G135/><T114/><D114/><U24/><E7/><V27/><F27/><W11/><G4/><T41/><D41/><U48/><E128/><V101/><F101/><W15/><G37/><T129/><D129/><U40/><E77/><V46/><F113/><W71/><G36/><T125/><D125/><U100/><E100/><V110/><F46/><N who="3" m="27831" /><G71/><T6/><D6/><U81/><E68/><V26/><F26/><W70/><G70/><T21/><D33/><U117/><E117/><V96/><F96/><W107/><G107/><T103/><D99/><N who="1" m="57735" /><E81/><V20/><F20/><N who="3" m="11391" /><G85/><T32/><D32/><U52/><E40/><V51/><F124/><W38/><G38/><T42/><D42/><U97/><E59/><V64/><AGARI ba="1,0" hai="39,43,45,51,54,56,64,65,67,110,111" m="51306" machi="64" ten="40,5200,0" yaku="20,1,34,2" doraHai="22" who="2" fromWho="2" sc="308,-27,192,-14,250,55,250,-14" /><INIT seed="1,0,0,0,4,76" ten="281,178,305,236" oya="1" hai0="41,30,132,91,39,47,59,116,35,20,40,17,88" hai1="130,58,86,64,102,113,28,43,45,111,82,5,123" hai2="69,37,90,60,19,120,25,118,109,18,106,36,67" hai3="3,66,103,68,61,92,56,7,2,49,75,4,8"/><U29/><E113/><V117/><F120/><W12/><G75/><T80/><D116/><U126/><E123/><V133/><F106/><W14/><G68/><T99/><D132/><U96/><E126/><V87/><F133/><W94/><G49/><T95/><D40/><U105/><E130/><V24/><F109/><W15/><REACH who="3" step="1"/><G103/><REACH who="3" ten="281,178,305,226" step="2"/><T122/><D122/><U119/><E119/><V100/><F118/><W72/><G72/><T65/><D39/><U110/><E5/><V6/><F100/><W79/><G79/><T127/><D127/><U55/><E64/><V97/><F6/><W78/><G78/><T128/><D65/><U125/><E125/><V85/><F36/><W108/><G108/><N who="1" m="41514" /><E55/><V21/><F67/><W73/><G73/><T131/><D128/><U42/><E58/><V129/><F129/><W74/><G74/><T63/><D59/><U52/><E52/><V134/><F117/><W10/><AGARI ba="0,1" hai="2,3,4,7,8,10,12,14,15,56,61,66,92,94" machi="10" ten="30,4000,0" yaku="1,1,0,1,9,1,53,0" doraHai="76" doraHaiUra="101" who="3" fromWho="3" sc="281,-10,178,-20,305,-10,226,50" /><INIT seed="2,0,0,1,3,74" ten="271,158,295,276" oya="2" hai0="102,128,78,107,103,39,89,21,52,27,50,95,91" hai1="22,54,70,100,106,46,67,119,98,84,20,81,124" hai2="34,130,83,28,0,112,86,51,9,42,63,76,92" hai3="135,19,64,26,3,116,69,1,61,134,60,65,131"/><V75/><F112/><W85/><G116/><T117/><D117/><U58/><E119/><V17/><F130/><W132/><G131/><T110/><D128/><U37/><E124/><V30/><F63/><W5/><G5/><T93/><D39/><U101/><E101/><N who="0" m="38409" /><D107/><U53/><E70/><V120/><F34/><W8/><G85/><T35/><D35/><U2/><E2/><V127/><F127/><W111/><G111/><T123/><D123/><U44/><E67/><V114/><F114/><W109/><G109/><T10/><D10/><U31/><E37/><V133/><F133/><W129/><G129/><T32/><D32/><U45/><E31/><V47/><F120/><W23/><REACH who="3" step="1"/><G8/><REACH who="3" ten="271,158,295,266" step="2"/><T49/><D110/><U59/><E59/><AGARI ba="0,1" hai="1,3,19,23,26,59,60,61,64,65,69,132,134,135" machi="59" ten="40,8000,1" yaku="1,1,2,1,20,1,53,1" doraHai="74" doraHaiUra="18" who="3" fromWho="1" sc="271,0,158,-80,295,0,266,90" /><INIT seed="3,0,0,4,2,111" ten="271,78,295,356" oya="3" hai0="38,25,118,10,103,49,117,66,71,15,87,80,126" hai1="102,17,73,88,67,81,33,82,36,97,59,55,37" hai2="77,30,58,115,89,7,65,101,99,93,95,78,8" hai3="108,23,47,35,26,4,112,107,2,109,43,119,51"/><W21/><G107/><T34/><D38/><U32/><E73/><V1/><F115/><W113/><G119/><T69/><D126/><U50/><E37/><V122/><F122/><W124/><G124/><T123/><D123/><U105/><E36/><V41/><F41/><W42/><G35/><T61/><D69/><U57/><E32/><V24/><F65/><W6/><G26/><T18/><D103/><U45/><E33/><V62/><F58/><W0/><G51/><T100/><D100/><U92/><E105/><V19/><F62/><W74/><G47/><T31/><REACH who="0" step="1"/><D49/><REACH who="0" ten="261,78,295,356" step="2"/><U3/><E3/><V46/><F46/><W90/><G90/><AGARI ba="0,1" hai="10,15,18,25,31,34,61,66,71,80,87,90,117,118" machi="90" ten="30,3900,0" yaku="1,1,2,1,7,1,53,0" doraHai="111" doraHaiUra="125" who="0" fromWho="3" sc="261,49,78,0,295,0,356,-39" owari="310,11.0,78,-42.2,295,-10.5,317,41.7" /></mjloggm>