<mjloggm ver="2.3"><GO type="225" lobby="0"/><UN n0="%E9%B3%B3%E6%9D%B1%E3%81%AE%E3%81%86%E3%81%95%E3%81%8E%E3%81%95%E3%82%93" n1="%73%6C%69%63%6B%33%31%39" n2="%E9%9B%80%E6%A5%B5%E3%81%AE%E3%81%B8" n3="%74%61%6B%75%61%6B%61" dan="16,16,16,16" rate="2245.95,2200.62,2102.04,2174.63" sx="M,M,M,M"/><TAIKYOKU oya="0"/><INIT seed="0,0,0,0,0,48" ten="250,250,250,250" oya="0" hai0="82,91,107,132,73,135,60,6,112,29,77,87,69" hai1="27,64,106,38,115,40,111,96,103,70,11,65,110" hai2="95,124,2,101,127,52,119,130,105,4,104,109,85" hai3="26,128,117,51,89,45,63,56,81,131,57,31,46"/><T121/><D112/><U14/><E115/><V0/><F109/><N who="1" m="41481" /><E70/><V19/><F130/><N who="3" m="49707" /><G117/><T62/><D121/><U93/><E27/><V71/><F71/><W37/><G81/><T126/><D126/><N who="2" m="48170" /><F19/><W123/><G89/><T21/><D107/><N who="2" m="41034" /><F4/><W108/><G108/><T16/><D6/><N who="1" m="3447" /><E106/><V68/><F68/><W102/><G102/><T39/><D39/><U122/><E122/><V1/><F119/><W5/><G5/><T78/><D29/><U84/><E84/><V125/><N who="2" m="48178" /><V50/><DORA hai="12" /><F85/><W42/><G123/><T129/><D129/><U75/><E75/><V74/><F74/><W15/><G15/><N who="0" m="9375" /><D73/><U59/><E59/><N who="2" m="33175" /><F2/><W34/><G63/><N who="0" m="24107" /><D69/><U17/><E17/><V133/><F133/><AGARI ba="0,0" hai="77,78,82,87,91,132,133,135" m="24107,9375" machi="133" ten="30,5800,0" yaku="20,1,52,1,54,1" doraHai="48,12" who="0" fromWho="2" sc="250,58,250,0,250,-58,250,0" /><INIT seed="0,1,0,5,0,13" ten="308,250,192,250" oya="0" hai0="68,48,112,65,24,51,59,40,18,74,98,127,86" hai1="47,78,71,62,100,113,129,105,131,103,9,41,44" hai2="80,97,60,56,135,102,16,85,123,133,77,130,69" hai3="20,84,46,89,128,49,95,75,35,76,111,132,87"/><T10/><D112/><U114/><E78/><V117/><F123/><W72/><G35/><T96/><D74/><U33/><E33/><V0/><F69/><W83/><G111/><T27/><D68/><U91/><E91/><V8/><F130/><N who="1" m="49673" /><E9/><V39/><F39/><W6/><G128/><T120/><D127/><U115/><E105/><V30/><F30/><W93/><G132/><T22/><D120/><U52/><E100/><V12/><F0/><W122/><G122/><T36/><D36/><N who="1" m="21543" /><E103/><V110/><F117/><W29/><G6/><T38/><D38/><U11/><E11/><V99/><F110/><W58/><G58/><T50/><D40/><U43/><E43/><V3/><F3/><W119/><G119/><T107/><D107/><U37/><E37/><V88/><F77/><W124/><G124/><T104/><D104/><U7/><E7/><V126/><F126/><W53/><REACH who="3" step="1"/><G95/><REACH who="3" ten="308,250,192,240" step="2"/><T63/><D10/><U57/><E71/><V19/><F133/><W5/><G5/><T79/><D24/><AGARI ba="1,1" hai="20,24,29,46,49,53,72,75,76,83,84,87,89,93" machi="24" ten="40,1300,0" yaku="1,1,53,0" doraHai="13" doraHaiUra="92" who="3" fromWho="0" sc="308,-16,250,0,192,0,240,26" /><INIT seed="1,0,0,4,0,12" ten="292,250,192,266" oya="1" hai0="73,35,38,69,109,62,75,66,130,126,49,27,43" hai1="68,133,117,61,124,9,58,84,18,86,25,79,103" hai2="93,116,76,20,45,44,105,59,100,32,41,50,4" hai3="132,51,96,26,99,101,83,23,15,121,71,104,37"/><U94/><E117/><V5/><F32/><W46/><G121/><T22/><D109/><U24/><E68/><V98/><F116/><W92/><G132/><T14/><D130/><U72/><E133/><V29/><F105/><W113/><G113/><T118/><D118/><U34/><E124/><V47/><F76/><W123/><G123/><T57/><D35/><U74/><E74/><V6/><REACH who="2" step="1"/><F59/><REACH who="2" ten="292,250,182,266" step="2"/><W70/><G104/><T17/><D126/><U107/><E107/><V55/><F55/><W88/><G71/><T129/><D129/><U102/><E79/><V77/><F77/><W31/><G70/><T2/><D69/><U39/><E34/><V127/><F127/><W81/><G37/><T91/><D57/><U131/><E39/><V65/><F65/><W7/><G46/><T48/><D66/><U122/><E131/><V8/><F8/><W110/><G110/><T89/><D38/><U1/><E9/><V85/><F85/><W21/><G96/><T13/><D75/><U95/><E72/><V112/><F112/><W87/><G87/><T19/><D73/><U40/><E86/><V120/><F120/><W125/><G125/><T63/><D43/><U67/><E84/><V119/><F119/><W114/><G114/><T97/><D97/><U108/><E40/><V3/><F3/><W54/><G54/><T128/><D128/><U28/><E1/><V82/><F82/><W30/><G83/><T135/><D2/><U115/><E115/><V33/><F33/><W106/><G81/><T53/><D135/><U90/><E122/><V60/><F60/><RYUUKYOKU ba="0,1" sc="292,-10,250,-10,182,30,266,-10" hai2="4,5,6,20,29,41,44,45,47,50,93,98,100" /><INIT seed="2,1,1,2,5,40" ten="282,240,212,256" oya="2" hai0="116,7,114,133,99,20,131,112,82,39,72,44,35" hai1="12,15,87,59,21,98,78,66,125,134,60,115,124" hai2="94,41,100,121,71,5,47,83,62,69,107,43,126" hai3="135,29,3,118,84,111,75,70,113,1,88,101,68"/><V91/><F121/><W0/><G118/><T109/><D35/><U117/><E117/><V34/><F34/><W38/><G75/><T11/><D116/><U53/><E115/><V19/><F126/><N who="1" m="48745" /><E134/><V129/><F129/><W103/><G113/><T42/><D109/><U25/><E98/><V18/><F43/><W81/><G111/><T105/><D131/><U2/><E2/><V92/><F5/><W24/><G38/><T56/><D20/><U108/><E108/><V48/><F107/><W74/><G74/><T33/><D56/><U32/><E32/><V90/><F100/><W63/><G135/><T73/><D73/><U67/><E87/><V132/><F83/><W104/><G104/><T6/><D6/><U10/><E78/><V97/><F132/><W22/><REACH who="3" step="1"/><G70/><REACH who="3" ten="282,240,212,246" step="2"/><T14/><D133/><U128/><E128/><V86/><REACH who="2" step="1"/><F69/><REACH who="2" ten="282,240,202,246" step="2"/><W30/><G30/><T93/><D105/><U119/><E119/><V120/><F120/><W77/><G77/><T36/><D114/><U96/><E96/><V16/><F16/><W89/><G89/><T76/><D112/><U127/><E127/><V26/><F26/><W27/><G27/><T23/><D99/><U55/><E25/><V54/><F54/><W122/><G122/><T57/><D76/><U65/><E55/><V31/><F31/><W52/><G52/><T106/><D106/><U13/><E53/><V46/><F46/><W123/><G123/><T64/><D44/><U8/><E59/><V130/><F130/><W61/><G61/><T37/><D57/><U9/><E60/><V58/><F58/><RYUUKYOKU ba="1,3" sc="282,-30,240,10,202,10,246,10" hai1="8,9,10,12,13,15,21,65,66,67" hai2="18,19,41,47,48,62,71,86,90,91,92,94,97" hai3="0,1,3,22,24,29,63,68,81,84,88,101,103" /><INIT seed="2,2,3,3,3,34" ten="252,250,212,256" oya="2" hai0="75,132,55,100,50,92,96,119,65,35,131,36,102" hai1="7,49,129,78,47,45,128,123,89,110,88,38,134" hai2="72,59,97,70,93,85,86,0,74,121,20,82,18" hai3="33,8,120,81,124,11,42,84,6,54,31,79,40"/><V76/><F70/><W106/><G120/><T64/><D36/><U15/><E123/><V83/><F121/><W103/><G124/><T21/><D35/><U73/><E110/><V46/><F0/><W32/><G54/><T66/><D131/><N who="1" m="50251" /><E134/><V95/><F46/><W30/><G32/><T56/><D75/><U91/><E38/><V1/><F1/><W39/><G33/><T17/><D119/><U10/><E49/><V118/><F118/><W125/><G125/><T4/><D4/><U41/><E41/><V13/><F59/><W16/><G103/><N who="0" m="60807" /><D132/><U112/><E112/><V126/><F126/><W51/><G106/><T77/><D77/><U105/><E105/><V12/><F12/><AGARI ba="2,3" hai="12,17,21,50,55,56,64,65,66,100,102" m="60807" machi="12" ten="30,1000,0" yaku="8,1" doraHai="34" who="0" fromWho="2" sc="252,46,250,0,212,-16,256,0" /><INIT seed="3,0,0,1,0,61" ten="298,250,196,256" oya="3" hai0="83,116,112,135,29,134,14,70,47,52,27,17,82" hai1="23,129,30,118,97,16,40,108,107,94,74,34,13" hai2="111,110,53,36,100,10,0,1,60,85,11,41,39" hai3="126,90,128,5,103,6,44,69,32,19,55,92,101"/><W102/><G69/><T124/><D116/><U96/><E74/><V127/><F85/><W115/><G115/><T123/><D123/><U117/><E108/><N who="2" m="41515" /><F41/><W62/><G32/><N who="0" m="20543" /><D70/><U79/><E79/><V130/><F100/><W86/><G126/><T72/><D72/><U87/><E129/><V84/><F84/><W89/><G128/><T77/><D77/><U95/><E40/><V67/><F53/><W65/><G19/><T46/><D124/><U33/><E87/><V15/><F130/><W35/><G35/><N who="1" m="13322" /><E30/><V25/><F25/><W113/><G113/><T24/><D24/><U4/><E4/><N who="2" m="1287" /><F1/><W38/><G90/><T73/><D73/><U2/><E2/><V31/><F31/><W50/><REACH who="3" step="1"/><G38/><REACH who="3" ten="298,250,196,246" step="2"/><T20/><D112/><U106/><E118/><V132/><F127/><W57/><AGARI ba="0,1" hai="5,6,44,50,55,57,62,65,86,89,92,101,102,103" machi="57" ten="30,18000,2" yaku="1,1,2,1,0,1,8,1,52,1,53,1" doraHai="61" doraHaiUra="81" who="3" fromWho="3" sc="298,-60,250,-60,196,-60,246,190" owari="238,3.8,190,-21.0,136,-36.4,436,53.6" /></mjloggm>