<mjloggm ver="2.3"><GO type="225" lobby="0"/><UN n0="%68%6F%72%69%30%39%30%31" n1="%E3%81%9F%E3%81%8C%E3%82%84%E3%81%99" n2="%E3%81%AA%E3%81%A1%30%39%32%37" n3="%E3%81%8B%E3%82%8F%E3%81%A1%E3%82%83%E3%82%93%35%38" dan="16,17,16,16" rate="2048.56,2160.99,2072.58,2151.31" sx="M,M,M,M"/><TAIKYOKU oya="0"/><INIT seed="0,0,0,3,3,6" ten="250,250,250,250" oya="0" hai0="125,93,76,11,122,19,52,37,14,88,53,99,82" hai1="62,20,70,106,44,124,97,68,39,59,0,7,58" hai2="31,94,1,84,55,135,74,90,28,5,56,113,51" hai3="21,38,15,23,114,92,134,130,27,34,50,77,26"/><T103/><D122/><U105/><E20/><V4/><F113/><W3/><G38/><T129/><D37/><U80/><E124/><V65/><F135/><W64/><G114/><T133/><D125/><U98/><E80/><V119/><F74/><W24/><G3/><T18/><D133/><U72/><E72/><V60/><F119/><W48/><G34/><T32/><D32/><U17/><E17/><V118/><F118/><W47/><G134/><T81/><D129/><U69/><E39/><V40/><F40/><W16/><G130/><T8/><D76/><U73/><E73/><V91/><F91/><W131/><G131/><T29/><D29/><U67/><E44/><V25/><F1/><W33/><G33/><T45/><D103/><U10/><REACH who="1" step="1"/><E59/><REACH who="1" ten="250,240,250,250" step="2"/><V42/><F42/><W66/><G23/><T95/><D95/><U61/><E61/><V46/><F28/><W116/><G116/><T41/><D81/><U78/><E78/><V49/><F49/><N who="3" m="19051" /><G77/><T75/><D82/><U110/><E110/><V71/><F71/><W85/><G47/><T36/><D75/><U83/><E83/><V121/><F121/><W107/><G107/><AGARI ba="0,1" hai="0,7,10,58,62,67,68,69,70,97,98,105,106,107" machi="107" ten="50,3200,0" yaku="1,1,52,1,53,0" doraHai="6" doraHaiUra="9" who="1" fromWho="3" sc="250,0,240,42,250,0,250,-32" /><INIT seed="1,0,0,4,1,80" ten="250,282,250,218" oya="1" hai0="111,23,27,9,0,134,67,135,105,20,118,51,15" hai1="92,126,16,131,12,91,19,65,34,89,109,60,79" hai2="54,98,32,14,112,102,39,124,77,58,55,76,3" hai3="29,125,2,123,121,49,50,28,128,99,63,7,44"/><U52/><E34/><V88/><F124/><W93/><G125/><T73/><D105/><U46/><E126/><V129/><F3/><W106/><G106/><T31/><D73/><U119/><E119/><V104/><F129/><W6/><G128/><T1/><D67/><U36/><E131/><V5/><F32/><W83/><G123/><T114/><D118/><U26/><E79/><V47/><F112/><W133/><G121/><T72/><D72/><U107/><E107/><V30/><F30/><N who="3" m="11883" /><G2/><T97/><D97/><U42/><E109/><V48/><F39/><W45/><G63/><T10/><D51/><N who="3" m="19465" /><G83/><T24/><D111/><U57/><E91/><V116/><F116/><W22/><G22/><T35/><D114/><U69/><E26/><V84/><F58/><W4/><G133/><N who="0" m="50699" /><D10/><U86/><E12/><V100/><F100/><AGARI ba="0,0" hai="4,6,7,44,45,93,99,100" m="19465,11883" machi="100" ten="30,1000,0" yaku="8,1" doraHai="80" who="3" fromWho="2" sc="250,0,282,0,250,-10,218,10" /><INIT seed="2,0,0,0,2,17" ten="250,282,240,228" oya="2" hai0="117,0,116,124,98,66,73,21,105,2,10,99,19" hai1="50,71,76,119,97,12,68,115,11,112,62,8,92" hai2="1,87,26,30,72,47,85,53,36,78,31,22,111" hai3="102,128,27,134,25,133,18,114,101,54,123,94,55"/><V35/><F1/><W58/><G123/><T84/><D73/><U86/><E50/><V110/><F72/><W108/><G108/><N who="2" m="41513" /><F78/><W88/><G128/><T89/><D66/><U16/><E119/><N who="0" m="45641" /><D124/><U104/><E104/><V64/><F64/><W46/><G46/><T45/><D45/><U6/><E86/><N who="2" m="32779" /><F53/><N who="3" m="19979" /><G58/><T42/><D42/><U127/><E76/><V82/><F82/><W63/><G63/><T15/><D105/><U32/><E62/><V77/><F77/><W107/><G107/><T37/><D37/><U14/><E127/><V95/><F95/><W65/><G65/><T20/><D2/><U118/><E118/><V80/><F80/><W129/><G129/><T7/><D21/><U70/><REACH who="1" step="1"/><E32/><REACH who="1" ten="250,272,240,228" step="2"/><V13/><F35/><W34/><G34/><T122/><D122/><U48/><E48/><V39/><F39/><W61/><G61/><T69/><D69/><U81/><E81/><AGARI ba="0,1" hai="0,7,10,15,19,20,81,84,89,98,99" m="45641" machi="81" ten="30,2000,0" yaku="12,1,52,1" doraHai="17" who="0" fromWho="1" sc="250,30,272,-20,240,0,228,0" /><INIT seed="3,0,0,5,0,48" ten="280,252,240,228" oya="3" hai0="56,94,126,5,128,18,30,103,96,21,113,90,20" hai1="130,100,19,13,14,93,107,43,84,111,54,110,79" hai2="91,98,1,0,67,135,44,89,58,122,101,71,78" hai3="27,45,38,66,42,31,133,41,114,105,120,59,99"/><W32/><G114/><T86/><D113/><U69/><E69/><V81/><F135/><W9/><G120/><T55/><D128/><U123/><E123/><V92/><F71/><W39/><G133/><T52/><D126/><U83/><E130/><V25/><F122/><W53/><G9/><T23/><D5/><U97/><E43/><V102/><F1/><W104/><G66/><T34/><D34/><U131/><E131/><V61/><F0/><W22/><G32/><T76/><D76/><U35/><E35/><V47/><F101/><W106/><G42/><T116/><D116/><U40/><E40/><V118/><F118/><W63/><REACH who="3" step="1"/><G99/><REACH who="3" ten="280,252,240,218" step="2"/><T73/><D23/><U3/><E97/><V33/><F33/><W119/><G119/><T112/><D21/><U127/><E127/><V72/><REACH who="2" step="1"/><F25/><REACH who="2" ten="280,252,230,218" step="2"/><W26/><G26/><T6/><D112/><U68/><E111/><V28/><F28/><W2/><G2/><T129/><D30/><U36/><E110/><V80/><F80/><W17/><G17/><T29/><D29/><U4/><E19/><V117/><F117/><W132/><G132/><T85/><D129/><U51/><E83/><V82/><F82/><W74/><G74/><T134/><D73/><U16/><E16/><V64/><F64/><W12/><G12/><N who="0" m="9287" /><D134/><U108/><E108/><V8/><F8/><W57/><G57/><T70/><D70/><U125/><E125/><V65/><F65/><W10/><G10/><T37/><D56/><N who="1" m="32863" /><E68/><V60/><F60/><W77/><G77/><T46/><D6/><U75/><E4/><V62/><F62/><RYUUKYOKU ba="0,2" sc="280,-15,252,-15,230,15,218,15" hai2="44,47,58,61,67,72,78,81,89,91,92,98,102" hai3="22,27,31,38,39,41,45,53,59,63,104,105,106" /><INIT seed="3,1,2,3,4,105" ten="265,237,245,233" oya="3" hai0="12,135,107,1,4,83,114,78,15,61,98,66,22" hai1="125,17,81,52,75,25,30,6,10,56,9,119,47" hai2="39,127,44,62,122,68,101,94,7,42,27,96,2" hai3="126,49,64,5,91,34,74,69,79,50,35,73,131"/><W20/><G5/><T29/><D1/><U59/><E17/><V108/><F108/><W133/><G79/><T76/><D76/><U109/><E109/><V13/><F127/><W28/><G91/><T116/><D116/><U130/><E125/><V77/><F122/><W8/><G126/><T70/><D4/><U85/><E75/><N who="3" m="28682" /><G8/><T121/><D121/><U51/><E130/><V103/><F77/><W80/><G80/><T11/><D11/><U93/><E93/><V63/><F101/><W106/><G106/><T72/><D114/><U132/><E132/><V112/><F112/><W88/><G88/><T21/><D135/><U65/><E119/><V128/><F128/><W100/><G100/><T117/><D117/><U53/><E65/><V41/><F13/><W14/><G133/><T40/><D40/><U97/><E97/><V0/><F42/><W115/><G131/><T26/><REACH who="0" step="1"/><D21/><REACH who="0" ten="255,237,245,233" step="2"/><N who="1" m="15663" /><E6/><V18/><F7/><W124/><G124/><T102/><AGARI ba="1,3" hai="12,15,22,26,29,61,66,70,72,78,83,98,102,107" machi="102" ten="30,4000,0" yaku="1,1,0,1,52,1,53,0" doraHai="105" doraHaiUra="82" who="0" fromWho="0" sc="255,73,237,-11,245,-11,233,-21" owari="328,42.8,226,-17.4,234,3.4,212,-28.8" /></mjloggm>