<mjloggm ver="2.3"><GO type="225" lobby="0"/><UN n0="%4C%4F%4C%49%54%41" n1="%63%68%78%62%64" n2="%77%72%77%72%77%72%77%72" n3="%E3%81%BE%E3%81%8B%E3%81%B7%E3%82%93" dan="16,16,16,16" rate="2182.12,2147.29,2122.33,2085.30" sx="F,M,M,M"/><TAIKYOKU oya="0"/><INIT seed="0,0,0,4,3,49" ten="250,250,250,250" oya="0" hai0="76,128,40,9,2,90,78,114,124,70,87,92,12" hai1="10,0,27,57,82,120,48,13,129,15,73,91,67" hai2="32,3,112,126,54,59,65,1,116,69,108,134,31" hai3="66,102,5,127,130,60,94,85,53,105,61,29,135"/><T71/><D114/><U50/><E120/><V132/><F112/><W55/><G105/><T97/><D2/><U34/><E129/><V24/><F108/><W77/><G130/><T39/><D124/><U111/><E0/><V104/><F126/><W98/><G127/><T8/><D128/><U84/><E73/><V30/><F104/><W16/><G135/><N who="2" m="51753" /><F116/><W99/><G5/><T62/><D39/><U100/><E100/><V101/><F101/><W117/><G117/><T122/><D40/><U123/><E123/><V113/><F113/><W46/><G29/><T18/><D122/><U107/><E13/><V7/><F7/><W21/><G99/><T88/><D8/><U86/><E107/><V45/><F45/><W38/><G38/><T51/><D51/><U41/><E111/><V14/><F14/><N who="3" m="9367" /><G46/><T75/><D75/><U28/><E41/><V133/><N who="2" m="51761" /><V17/><DORA hai="37" /><F17/><W106/><G106/><T20/><D9/><U36/><E36/><V63/><F31/><W95/><G66/><T4/><D4/><U23/><E34/><V79/><F79/><W115/><G115/><T131/><D131/><U118/><E118/><V72/><F72/><W68/><G68/><T47/><D47/><U80/><E67/><V81/><F81/><N who="3" m="47279" /><G94/><N who="0" m="56519" /><D70/><U19/><REACH who="1" step="1"/><E57/><REACH who="1" ten="250,240,250,250" step="2"/><V121/><F121/><W89/><G102/><T74/><D74/><U83/><E83/><V58/><F59/><W52/><AGARI ba="0,1" hai="52,53,55,60,61,89,95,98" m="47279,9367" machi="52" ten="30,12000,2" yaku="8,1,52,3,54,2" doraHai="49,37" who="3" fromWho="3" sc="250,-60,240,-30,250,-30,250,130" /><INIT seed="1,0,0,5,4,132" ten="190,210,220,380" oya="1" hai0="52,23,13,65,126,59,56,128,83,72,1,98,117" hai1="19,33,77,35,85,34,127,16,27,68,39,7,129" hai2="114,86,30,21,118,80,89,25,130,26,120,119,115" hai3="20,8,24,134,93,36,110,82,107,78,97,9,124"/><U69/><E39/><V54/><F120/><W37/><G107/><T90/><D117/><U101/><E101/><V62/><F130/><W18/><G134/><T51/><D1/><U121/><E121/><V131/><F131/><W79/><G110/><T53/><D128/><U32/><E129/><V104/><F104/><W22/><G124/><T95/><D65/><U102/><E102/><V112/><REACH who="2" step="1"/><F26/><REACH who="2" ten="190,210,210,380" step="2"/><W10/><G22/><T63/><D126/><U73/><E127/><V105/><F105/><W49/><G20/><T84/><D72/><U66/><E27/><V43/><F43/><W96/><G24/><T58/><D59/><AGARI ba="0,1" hai="21,25,30,54,59,62,80,86,89,112,114,115,118,119" machi="59" ten="40,2600,0" yaku="1,1,11,1,53,0" doraHai="132" doraHaiUra="31" who="2" fromWho="0" sc="190,-26,210,0,210,36,380,0" /><INIT seed="2,0,0,2,1,98" ten="164,210,246,380" oya="2" hai0="10,57,133,90,112,100,25,31,74,93,65,124,102" hai1="54,44,103,68,13,101,46,43,40,127,83,53,118" hai2="73,62,76,121,86,56,14,115,77,109,51,2,64" hai3="67,110,55,45,80,4,41,63,122,3,15,79,5"/><V85/><F115/><W87/><G122/><T32/><D112/><U19/><E68/><V60/><F2/><W97/><G110/><T70/><D70/><U69/><E69/><V42/><F121/><W29/><G3/><T106/><D106/><U132/><E118/><V113/><F113/><W34/><G55/><N who="1" m="21002" /><E132/><V114/><F109/><W95/><G29/><T26/><D74/><U108/><E108/><V12/><F114/><W39/><G34/><T17/><D124/><U27/><E27/><N who="0" m="10249" /><D32/><U111/><E127/><V120/><F120/><W52/><G15/><N who="2" m="5673" /><F73/><W129/><G129/><T135/><D31/><U16/><E83/><V30/><F30/><W9/><G9/><T92/><D17/><N who="1" m="6731" /><E13/><V58/><F51/><N who="3" m="28783" /><G39/><T47/><D10/><U7/><E7/><V71/><F42/><N who="1" m="15913" /><E111/><V38/><F38/><W61/><G41/><T117/><D117/><U126/><E126/><V104/><F71/><W66/><G66/><T119/><D119/><U22/><E22/><V99/><F104/><W84/><G67/><T24/><N who="0" m="10257" /><T11/><DORA hai="21" /><D11/><U75/><E75/><V49/><F64/><W1/><G1/><T130/><D47/><AGARI ba="0,0" hai="44,46,47,101,103" m="15913,6731,21002" machi="47" ten="30,12000,2" yaku="28,2,8,1,52,2,54,1" doraHai="98,21" who="1" fromWho="0" sc="164,-120,210,120,246,0,380,0" /><INIT seed="3,0,0,1,3,70" ten="44,330,246,380" oya="3" hai0="22,49,71,104,32,53,87,77,84,69,65,96,27" hai1="79,3,116,38,24,15,25,130,33,75,0,113,63" hai2="131,103,111,117,106,56,51,123,128,37,122,112,95" hai3="45,73,31,36,66,114,86,109,83,134,11,60,43"/><W82/><G114/><T1/><D1/><U98/><E113/><V58/><F95/><W52/><G134/><T7/><D7/><U120/><E120/><N who="2" m="46123" /><F103/><W9/><G109/><T10/><D10/><U12/><E98/><V61/><F106/><W67/><G31/><T85/><D22/><U62/><E130/><N who="2" m="49707" /><F112/><W89/><G52/><T94/><D94/><U92/><E92/><V39/><F111/><W4/><G67/><T72/><D96/><U18/><E18/><V93/><F93/><W81/><G73/><T76/><D53/><U55/><E55/><N who="2" m="31871" /><F117/><W127/><G127/><T99/><D99/><U30/><E116/><V6/><F6/><W46/><G46/><T8/><D8/><U21/><E21/><V44/><F44/><W13/><G11/><T2/><D2/><U57/><E75/><V78/><F78/><W40/><G40/><T35/><D72/><U105/><E79/><V135/><F135/><W133/><G133/><T121/><D121/><U42/><E105/><V16/><F16/><W50/><G82/><T17/><D17/><U68/><E30/><V80/><F80/><W107/><G83/><T54/><D54/><AGARI ba="0,0" hai="37,39,54,58,61" m="31871,49707,46123" machi="54" ten="30,12000,2" yaku="13,1,19,1,34,2,52,2" doraHai="70" who="2" fromWho="0" sc="44,-120,330,0,246,120,380,0" owari="-76,-57.6,330,-7.0,366,16.6,380,48.0" /></mjloggm>