<mjloggm ver="2.3"><GO type="225" lobby="0"/><UN n0="%E5%A4%9C%E3%81%AE%E3%82%AC%E3%82%B9%E3%83%91%E3%83%BC%E3%83%AB" n1="%E6%B8%A9%E2%98%85%E6%83%85%E2%98%85%E6%8E%AA%E2%98%85%E7%BD%AE" n2="%E3%82%B2%E3%82%B9%E8%8C%82%E5%8B%9D" n3="%E6%9D%B1%E9%A2%A8%E3%81%AE%E3%81%8D%E3%82%83%E3%81%B7%E3%81%95%E3%82%93" dan="16,17,16,16" rate="2110.71,2228.69,2089.65,2222.76" sx="M,M,F,M"/><TAIKYOKU oya="0"/><INIT seed="0,0,0,0,2,127" ten="250,250,250,250" oya="0" hai0="2,39,96,66,119,135,0,76,57,13,63,18,113" hai1="35,5,53,105,47,118,55,107,109,32,17,62,28" hai2="45,6,23,25,131,65,91,122,111,97,51,78,59" hai3="87,80,120,37,121,7,30,1,14,41,22,8,27"/><T31/><D113/><U108/><E118/><V68/><F68/><W99/><G99/><T36/><D119/><U86/><E5/><V132/><F122/><N who="3" m="47211" /><G41/><T115/><D115/><U67/><E17/><V19/><F6/><W112/><G37/><T110/><D135/><U116/><E116/><V15/><F132/><W49/><G49/><T46/><D31/><U12/><E12/><V72/><F72/><W29/><G112/><T21/><D76/><U3/><E3/><V26/><F78/><N who="3" m="46487" /><G29/><T126/><D126/><U104/><E86/><V20/><F111/><N who="1" m="42569" /><E28/><V83/><F23/><W50/><G50/><T79/><D110/><U129/><E47/><V43/><F97/><W92/><G92/><T123/><D123/><U98/><E98/><V9/><F20/><W33/><G22/><T56/><D96/><U75/><E75/><V117/><F117/><W106/><G106/><T133/><D133/><U54/><E129/><V42/><F43/><W88/><G88/><T60/><D46/><U103/><E103/><V74/><F74/><W52/><G1/><T125/><D125/><U11/><E11/><V95/><F83/><W84/><G84/><T128/><D2/><U40/><E40/><V16/><F19/><W69/><G69/><AGARI ba="0,0" hai="32,35,53,54,55,62,67,69,104,105,107" m="42569" machi="69" ten="40,1300,0" yaku="14,1" doraHai="127" who="1" fromWho="3" sc="250,0,250,13,250,0,250,-13" /><INIT seed="1,0,0,3,1,50" ten="250,263,250,237" oya="1" hai0="38,95,91,78,92,122,66,93,113,124,3,48,22" hai1="40,37,67,110,53,70,80,25,34,71,36,17,132" hai2="134,111,7,11,58,51,31,59,88,108,44,109,49" hai3="5,100,131,102,18,77,8,79,6,20,76,85,101"/><U84/><E132/><V86/><F134/><W57/><G131/><T60/><D38/><U62/><E110/><V117/><F117/><W106/><G106/><T73/><D113/><U96/><E71/><V74/><F74/><W89/><G57/><N who="2" m="21513" /><F31/><W116/><G8/><T128/><D3/><U112/><E112/><V123/><F123/><W118/><G118/><T14/><D128/><U24/><E34/><V26/><F26/><W119/><G119/><T19/><D122/><U135/><E135/><V94/><F44/><W1/><G1/><AGARI ba="0,0" hai="1,7,11,49,51,86,88,94,108,109,111" m="21513" machi="1" ten="30,2000,0" yaku="14,1,54,1" doraHai="50" who="2" fromWho="3" sc="250,0,263,0,250,20,237,-20" /><INIT seed="2,0,0,0,2,95" ten="250,263,270,217" oya="2" hai0="126,61,130,116,122,112,10,32,106,20,55,88,125" hai1="22,15,90,6,28,129,47,93,0,85,68,14,41" hai2="124,94,46,77,128,21,100,134,118,103,34,56,73" hai3="81,57,98,89,91,7,27,83,92,36,38,63,59"/><V111/><F118/><W8/><G36/><T31/><D112/><U19/><E68/><V109/><F34/><W104/><G104/><T52/><D32/><U105/><E129/><V23/><F46/><W113/><G38/><T96/><D122/><U117/><E105/><V12/><F128/><W97/><G27/><N who="0" m="16871" /><D130/><U58/><E117/><V3/><F3/><W102/><G113/><T18/><D116/><U51/><E0/><V107/><F107/><W44/><G44/><T65/><D18/><U119/><E119/><V82/><F134/><W9/><G102/><N who="0" m="62791" /><D88/><N who="3" m="33865" /><G92/><T48/><D10/><N who="3" m="4201" /><G7/><T74/><D48/><U131/><E131/><V115/><F115/><W42/><G42/><T76/><D74/><U39/><E39/><V101/><F73/><W43/><G43/><T127/><D76/><U16/><E6/><V72/><F72/><W121/><G121/><T24/><D24/><U84/><E28/><V35/><F77/><W2/><G2/><T33/><D33/><U69/><E69/><AGARI ba="0,0" hai="52,55,61,65,69,125,126,127" m="62791,16871" machi="69" ten="30,3900,0" yaku="18,1,52,1,54,1" doraHai="95" who="0" fromWho="1" sc="250,39,263,-39,270,0,217,0" /><INIT seed="3,0,0,2,4,98" ten="289,224,270,217" oya="3" hai0="60,41,27,20,104,109,81,39,1,135,112,18,40" hai1="3,78,126,10,94,52,23,19,92,54,127,9,133" hai2="95,97,69,13,55,15,28,53,56,75,63,0,36" hai3="12,132,22,90,38,34,111,64,24,99,8,42,7"/><W121/><G121/><T32/><D1/><U125/><E133/><V102/><F69/><W44/><G132/><T110/><D135/><U124/><N who="1" m="31744" /><DORA hai="84" /><U73/><E78/><V57/><F0/><W11/><G34/><T106/><D112/><U91/><E73/><V89/><F36/><W74/><G74/><T82/><D32/><U68/><E94/><N who="2" m="58679" /><F28/><W107/><G64/><T5/><D5/><N who="1" m="1215" /><E10/><V48/><F75/><W49/><G11/><T6/><D6/><U72/><E68/><V46/><F46/><W65/><G65/><T25/><D39/><U108/><E72/><V134/><F134/><W114/><G114/><T66/><D66/><U47/><E47/><V43/><F43/><W96/><G111/><T26/><D41/><U86/><E108/><V103/><F103/><W115/><G115/><T70/><D40/><U58/><E58/><V85/><AGARI ba="0,0" hai="13,15,48,53,55,56,57,63,85,89,95" m="58679" machi="85" ten="30,4000,0" yaku="8,1,52,2" doraHai="98,84" who="2" fromWho="2" sc="289,-10,224,-10,270,40,217,-20" owari="279,7.9,214,-18.6,310,41.0,197,-30.3" /></mjloggm>