<mjloggm ver="2.3"><GO type="225" lobby="0"/><UN n0="%E3%81%B5%E3%81%98%E3%81%8B%E3%81%A4" n1="%E3%81%82%E3%81%99%E3%81%AB%E3%82%83%E3%82%80" n2="%E8%BE%9B%E5%8F%A3%E3%82%AB%E3%83%AC%E3%83%BC%E3%83%A9%E3%82%A4%E3%82%B9" n3="%E3%83%A9%E3%83%BC%E3%83%A1%E3%83%B3%E4%BA%94%E9%83%8E" dan="16,16,17,16" rate="2152.86,2100.43,2233.45,2098.01" sx="M,F,M,M"/><TAIKYOKU oya="0"/><INIT seed="0,0,0,1,5,124" ten="250,250,250,250" oya="0" hai0="108,117,34,43,99,42,130,110,75,52,70,15,11" hai1="103,7,35,25,122,40,81,4,33,53,82,36,12" hai2="21,129,57,92,76,109,128,65,54,112,29,6,114" hai3="14,49,0,18,46,60,69,97,106,79,126,102,88"/><T28/><D117/><U16/><E122/><V85/><F65/><W84/><G126/><T94/><D70/><U26/><E103/><V86/><F6/><W91/><G0/><T105/><D75/><U123/><E123/><V120/><F120/><W127/><G127/><T68/><D105/><U96/><E96/><V95/><F109/><N who="0" m="42090" /><D68/><U93/><E93/><N who="2" m="35915" /><F21/><W83/><G60/><T104/><D104/><U50/><E40/><V113/><F29/><W101/><G101/><N who="0" m="60663" /><D130/><N who="2" m="50282" /><F76/><W58/><G69/><T39/><D52/><U38/><E53/><V125/><F125/><W3/><G58/><T132/><D132/><U63/><E63/><AGARI ba="0,0" hai="54,57,63,85,86,112,113,114" m="50282,35915" machi="63" ten="40,8000,1" yaku="19,1,52,3" doraHai="124" who="2" fromWho="1" sc="250,0,250,-80,250,80,250,0" /><INIT seed="1,0,0,3,1,46" ten="250,170,330,250" oya="1" hai0="56,54,5,131,68,11,124,72,55,85,37,47,93" hai1="76,33,49,42,17,114,40,0,65,15,130,128,41" hai2="99,36,4,6,109,57,81,98,8,73,62,61,44" hai3="78,90,107,101,20,3,134,25,39,94,26,22,34"/><U79/><E0/><N who="2" m="7" /><F6/><W82/><G3/><T16/><D124/><U51/><E33/><V135/><F62/><W48/><G39/><T43/><D131/><N who="1" m="50219" /><E65/><V9/><F9/><W45/><G134/><T13/><D72/><U102/><E102/><V104/><F104/><W21/><G34/><T28/><D68/><U123/><E114/><V1/><F1/><W111/><G111/><T108/><D108/><U95/><E95/><V58/><F58/><W103/><G107/><T113/><D113/><U24/><E24/><V12/><F12/><W126/><G126/><T35/><D35/><U63/><E63/><V118/><F109/><W71/><G71/><T133/><D28/><U125/><E123/><V116/><F135/><W89/><G103/><T119/><D119/><U120/><E120/><V92/><F92/><W91/><G101/><T96/><D133/><U105/><E105/><V88/><F61/><W64/><G94/><T87/><D5/><U100/><E100/><V18/><F118/><W53/><REACH who="3" step="1"/><G64/><REACH who="3" ten="250,170,330,240" step="2"/><T14/><D93/><U110/><E110/><V32/><F116/><W83/><G83/><T52/><D37/><U59/><E125/><V31/><F36/><W84/><AGARI ba="0,1" hai="20,21,22,25,26,45,48,53,78,82,84,89,90,91" machi="84" ten="30,7900,0" yaku="1,1,0,1,8,1,52,1,53,0" doraHai="46" doraHaiUra="27" who="3" fromWho="3" sc="250,-20,170,-39,330,-20,240,89" /><INIT seed="2,0,0,4,5,25" ten="230,131,310,329" oya="2" hai0="80,83,134,75,117,35,16,116,38,129,106,11,65" hai1="28,17,66,41,2,27,20,26,43,59,126,1,19" hai2="60,93,91,128,21,77,98,125,121,105,18,30,70" hai3="101,54,123,120,88,119,13,112,23,63,47,109,87"/><V14/><F121/><W34/><G119/><N who="0" m="45643" /><D38/><U68/><E68/><V115/><F115/><W82/><G34/><T69/><D106/><U12/><E126/><V61/><F125/><W55/><G112/><T64/><D35/><N who="1" m="20887" /><E59/><V9/><F128/><W3/><G109/><T15/><D129/><U76/><E66/><N who="0" m="25705" /><D134/><U67/><E67/><V96/><F70/><W53/><G3/><N who="1" m="1034" /><E76/><V22/><F77/><W50/><G101/><T56/><D69/><U57/><E57/><V131/><F131/><W85/><G123/><T5/><D75/><U118/><E43/><V94/><F105/><W31/><G120/><T51/><D5/><U122/><E41/><V102/><F30/><W133/><G31/><T48/><D56/><U40/><E40/><V32/><F32/><W71/><G71/><T4/><D4/><U97/><E97/><V8/><F22/><W84/><G54/><T130/><D130/><U107/><E107/><V29/><F29/><W0/><G23/><T110/><D110/><U39/><E39/><V74/><F74/><W135/><G55/><T86/><D83/><U24/><E122/><V73/><F73/><W52/><G53/><T103/><D103/><U7/><E118/><V10/><AGARI ba="0,0" hai="8,9,10,14,18,21,60,61,91,93,94,96,98,102" machi="10" ten="30,3000,0" yaku="0,1,8,1" doraHai="25" who="2" fromWho="2" sc="230,-10,131,-10,310,30,329,-10" /><INIT seed="2,1,0,2,3,72" ten="220,121,340,319" oya="2" hai0="13,40,65,129,64,18,95,111,110,15,8,37,100" hai1="92,114,45,131,3,90,36,82,28,9,89,76,91" hai2="134,68,4,99,55,32,75,51,128,71,48,0,93" hai3="39,30,125,116,10,132,121,108,33,74,20,7,84"/><V11/><F75/><W130/><RYUUKYOKU type="yao9" ba="1,0" sc="220,0,121,0,340,0,319,0" hai3="7,10,20,30,33,39,74,84,108,116,121,125,130,132" /><INIT seed="2,2,0,2,3,29" ten="220,121,340,319" oya="2" hai0="24,127,55,122,95,14,91,105,59,134,48,1,97" hai1="26,119,3,101,4,83,113,106,21,62,20,28,109" hai2="129,125,63,118,135,73,96,103,35,52,54,25,82" hai3="47,67,100,104,31,78,130,70,12,132,116,10,99"/><V27/><F118/><W64/><G116/><T61/><D127/><U44/><E109/><V9/><F125/><W107/><G130/><T88/><D134/><U43/><E113/><V126/><F126/><W84/><G132/><T56/><D122/><U102/><E119/><V30/><F135/><W37/><G107/><T74/><D74/><U60/><E20/><V33/><F129/><W131/><G131/><T42/><D105/><U90/><E3/><V58/><F9/><W16/><G31/><T45/><D1/><U39/><E4/><V92/><F25/><W50/><G37/><T69/><D69/><U15/><E106/><V80/><F73/><W5/><G70/><T0/><D0/><U133/><E133/><V89/><F35/><W115/><G115/><T36/><D24/><U87/><E62/><V72/><F72/><W121/><G121/><T123/><D123/><U68/><E68/><V34/><F34/><W111/><G111/><T76/><D14/><U19/><REACH who="1" step="1"/><E60/><REACH who="1" ten="220,111,340,319" step="2"/><V41/><F63/><W7/><G7/><T8/><D61/><U49/><E49/><V75/><F33/><W71/><G71/><T66/><D48/><U114/><E114/><V81/><F30/><W23/><G5/><T85/><D36/><U93/><E93/><V79/><F92/><N who="3" m="58471" /><G23/><T110/><D95/><U112/><E112/><V6/><F6/><W57/><G104/><T94/><D94/><U98/><E98/><V108/><F96/><W38/><G38/><T120/><D97/><U11/><AGARI ba="2,1" hai="11,15,19,21,26,28,39,43,44,83,87,90,101,102" machi="11" ten="20,2700,0" yaku="1,1,0,1,7,1,53,0" doraHai="29" doraHaiUra="128" who="1" fromWho="1" sc="220,-9,111,43,340,-15,319,-9" /><INIT seed="3,0,0,0,3,55" ten="211,154,325,310" oya="3" hai0="29,0,33,53,18,101,15,125,22,95,94,35,88" hai1="49,121,63,34,48,42,116,45,123,44,47,43,20" hai2="92,31,39,127,4,109,26,74,122,67,126,24,113" hai3="6,2,82,66,40,79,106,98,85,59,21,130,90"/><W131/><G40/><N who="1" m="15402" /><E20/><V60/><F39/><W89/><G21/><T14/><D125/><N who="2" m="47626" /><F74/><W73/><G6/><T112/><D112/><U71/><E34/><V12/><F109/><W70/><G70/><T81/><D0/><U11/><E11/><N who="2" m="4199" /><F113/><W27/><G2/><T25/><D14/><U117/><E71/><V1/><F1/><W9/><G27/><T110/><D110/><U13/><E13/><V68/><F122/><N who="1" m="46601" /><E63/><V28/><F92/><N who="3" m="54319" /><G9/><N who="0" m="6511" /><D35/><U134/><E134/><V105/><F105/><W129/><G90/><T132/><D33/><U77/><E77/><V128/><F26/><W69/><G69/><T107/><D107/><U96/><E96/><V37/><F37/><W65/><G59/><T19/><D132/><U38/><E38/><V75/><F24/><W32/><G32/><T84/><D29/><N who="2" m="11338" /><F75/><W86/><G86/><T97/><D81/><U46/><N who="1" m="11264" /><DORA hai="16" /><U93/><E93/><V124/><F124/><W23/><G23/><T57/><D22/><U64/><E64/><V36/><F36/><W102/><AGARI ba="0,0" hai="65,66,73,79,82,98,102,106,129,130,131" m="54319" machi="102" ten="40,3900,0" yaku="24,1,19,1" doraHai="55,16" who="3" fromWho="3" sc="211,-13,154,-13,325,-13,310,39" owari="198,-20.2,141,-35.9,312,11.2,349,44.9" /></mjloggm>