<mjloggm ver="2.3"><GO type="225" lobby="0"/><UN n0="%4C%4F%4C%49%54%41" n1="%E6%9D%B1%E9%A2%A8%E3%81%AE%E3%81%8D%E3%82%83%E3%81%B7%E3%81%95%E3%82%93" n2="%72%61%6B%33" n3="%48%61%61%61%6C%61%6E%64" dan="16,16,16,18" rate="2197.79,2128.31,2076.32,2191.27" sx="F,M,M,M"/><TAIKYOKU oya="0"/><INIT seed="0,0,0,2,4,24" ten="250,250,250,250" oya="0" hai0="2,75,74,101,131,71,73,135,102,124,69,118,113" hai1="103,70,41,53,46,26,91,95,94,132,49,14,89" hai2="63,62,86,87,99,93,122,19,100,61,3,107,12" hai3="47,78,79,66,83,119,5,33,96,6,57,110,65"/><T37/><D113/><U35/><E70/><N who="0" m="26633" /><D118/><U17/><E132/><V72/><F122/><W0/><G119/><T39/><D2/><U50/><E103/><N who="0" m="39433" /><D135/><U32/><E94/><V127/><F3/><W112/><G0/><T82/><D82/><U64/><E64/><V109/><F109/><W11/><G110/><T10/><D10/><U15/><E15/><V4/><F127/><W126/><G126/><T1/><D1/><U114/><E114/><V88/><F72/><W134/><G134/><T43/><D124/><U117/><E117/><V45/><F45/><W59/><G112/><T123/><D43/><U25/><E32/><V129/><F129/><W76/><G33/><T85/><D85/><U115/><E115/><V90/><F4/><N who="3" m="1643" /><G11/><T54/><D54/><U67/><E67/><N who="3" m="25610" /><G83/><T38/><D123/><U51/><E35/><V80/><REACH who="2" step="1"/><F62/><REACH who="2" ten="250,250,240,250" step="2"/><W111/><G111/><T48/><D48/><U56/><E50/><V92/><F92/><W13/><G47/><T98/><D131/><U105/><E105/><V36/><F36/><W23/><G96/><AGARI ba="0,1" hai="37,38,39,73,74,75,96,98" m="39433,26633" machi="96" ten="50,4800,0" yaku="28,2" doraHai="24" who="0" fromWho="3" sc="250,58,250,0,240,0,250,-48" /><INIT seed="0,1,0,2,2,4" ten="308,250,240,202" oya="0" hai0="74,66,12,40,134,97,49,83,59,77,72,68,101" hai1="17,39,125,119,55,75,53,41,19,45,93,121,106" hai2="113,18,33,56,130,47,0,103,22,124,82,21,73" hai3="2,102,64,35,78,14,107,8,99,112,117,104,91"/><T79/><D68/><U6/><E106/><V61/><F33/><W133/><G112/><T88/><D134/><U52/><E75/><V3/><F113/><W36/><G117/><T87/><D66/><U48/><E121/><V29/><F124/><W50/><G36/><T24/><D24/><U30/><E30/><V38/><F130/><W43/><G35/><T44/><D59/><U65/><E65/><V108/><F108/><W16/><G133/><T67/><D67/><U32/><E32/><V27/><F103/><W63/><G78/><T62/><D62/><U51/><E125/><V71/><F71/><W76/><G76/><T98/><D98/><U94/><E6/><V86/><F73/><W7/><G91/><T132/><D74/><U126/><E119/><V135/><F135/><W23/><G104/><T110/><D72/><U69/><E69/><V60/><F60/><W128/><G128/><T122/><D122/><U46/><E126/><V54/><F47/><W28/><G28/><T90/><D79/><U80/><E80/><V114/><F38/><W25/><G50/><T111/><D12/><U42/><E39/><V109/><F109/><N who="0" m="41482" /><D132/><U129/><E129/><V131/><F131/><W37/><G14/><T20/><D20/><U15/><E17/><V95/><F114/><W89/><G64/><T70/><D70/><U13/><E15/><N who="2" m="9439" /><F3/><W57/><G63/><T9/><D9/><AGARI ba="1,0" hai="9,13,19,41,42,45,46,48,51,52,53,55,93,94" machi="9" ten="40,8000,1" yaku="9,1,8,1,52,1,54,1" doraHai="4" who="1" fromWho="0" sc="308,-83,250,83,240,0,202,0" /><INIT seed="1,0,0,2,5,54" ten="225,333,240,202" oya="1" hai0="84,31,14,22,36,81,99,57,42,32,130,74,83" hai1="26,123,96,97,12,101,128,9,72,78,17,93,109" hai2="118,70,75,27,124,59,85,66,103,50,79,120,38" hai3="52,20,131,68,106,111,110,132,56,41,63,133,51"/><U48/><E123/><V47/><F120/><W10/><G106/><T91/><D32/><U134/><E128/><V77/><F118/><W119/><G10/><T58/><D130/><U1/><E134/><N who="3" m="51818" /><G131/><T53/><D36/><U127/><E109/><N who="3" m="41482" /><G20/><T23/><D42/><U69/><E127/><V6/><F124/><W11/><G11/><T15/><D99/><U44/><E69/><V102/><F75/><W46/><G68/><T104/><D104/><U45/><E1/><V95/><F6/><W117/><AGARI ba="0,0" hai="41,46,51,52,56,63,117,119" m="41482,51818" machi="117" ten="40,12000,2" yaku="20,1,14,1,34,2,52,1,54,1" doraHai="54" who="3" fromWho="3" sc="225,-30,333,-60,240,-30,202,120" /><INIT seed="2,0,0,4,2,81" ten="195,273,210,322" oya="2" hai0="115,37,112,63,12,53,57,95,121,45,100,36,2" hai1="103,55,73,105,109,58,0,128,27,107,14,76,3" hai2="75,83,65,42,111,59,114,131,5,82,61,106,17" hai3="123,67,43,124,51,78,119,28,96,66,16,15,74"/><V116/><F114/><W98/><G119/><T1/><D121/><U77/><E27/><V68/><F116/><W6/><G123/><T127/><D127/><U25/><E25/><V49/><F106/><W86/><G74/><T9/><D1/><U4/><E14/><V8/><F131/><W26/><G6/><T90/><D2/><U132/><E128/><V87/><F111/><W117/><G117/><T79/><D100/><U10/><E0/><V113/><F113/><W20/><G124/><T80/><D37/><U118/><E118/><V52/><F17/><W71/><G43/><T72/><D45/><U23/><E23/><V39/><F75/><W30/><G51/><T34/><D36/><U22/><E22/><V32/><F32/><W135/><G135/><T64/><D64/><N who="3" m="24617" /><G71/><T120/><D34/><U13/><E3/><N who="2" m="63" /><F87/><W54/><G54/><T7/><REACH who="0" step="1"/><D120/><REACH who="0" ten="185,273,210,322" step="2"/><U29/><E109/><V89/><F89/><W40/><G40/><T70/><D70/><U44/><E103/><V48/><F48/><W19/><G78/><T129/><D129/><U93/><E44/><AGARI ba="0,1" hai="39,42,44,49,52,59,61,65,68,82,83" m="63" machi="44" ten="30,2900,0" yaku="24,1,54,1" doraHai="81" who="2" fromWho="1" sc="185,0,273,-29,210,39,322,0" /><INIT seed="2,1,0,2,1,109" ten="185,244,249,322" oya="2" hai0="38,123,27,66,93,104,133,52,59,125,79,68,129" hai1="91,43,16,37,74,12,103,10,23,85,54,120,98" hai2="100,90,53,28,32,130,0,39,108,81,80,84,76" hai3="82,118,121,11,101,1,26,88,49,17,44,106,113"/><V122/><F122/><W46/><G121/><T18/><D123/><U35/><E74/><V56/><F108/><W15/><G118/><T111/><D111/><U71/><E35/><V29/><F39/><W6/><G113/><T13/><D104/><U124/><E71/><V64/><F0/><W99/><G26/><T86/><D38/><U110/><E124/><V92/><F130/><W115/><G115/><T25/><D125/><U31/><E120/><V57/><F32/><W65/><G65/><T77/><D133/><U96/><E110/><V55/><F64/><W42/><G44/><T9/><D129/><U116/><E116/><V48/><F100/><W134/><G134/><T67/><D68/><U87/><E43/><V22/><F22/><W63/><G63/><T94/><D66/><U14/><E37/><V36/><F36/><W5/><REACH who="3" step="1"/><G1/><REACH who="3" ten="185,244,249,312" step="2"/><T135/><D67/><U128/><E128/><V8/><F56/><W105/><G105/><T40/><D135/><U24/><E14/><V83/><F55/><W132/><G132/><T127/><D127/><U62/><E54/><V73/><F57/><W58/><G58/><T97/><D40/><U70/><E62/><V47/><F53/><W61/><G61/><N who="0" m="36071" /><D25/><U30/><E70/><V51/><F47/><W33/><G33/><T119/><D119/><U20/><E24/><V112/><F112/><W75/><G75/><T4/><D27/><U95/><E30/><V107/><F28/><W45/><G45/><T60/><D60/><U131/><E31/><V117/><F29/><W69/><G69/><T19/><D13/><RYUUKYOKU ba="1,1" sc="185,-10,244,-10,249,-10,312,30" hai3="5,6,11,15,17,42,46,49,82,88,99,101,106" /><INIT seed="3,2,1,4,4,78" ten="175,234,239,342" oya="3" hai0="58,69,10,130,97,75,105,76,115,1,2,38,55" hai1="49,95,31,41,67,109,127,32,8,57,21,134,81" hai2="23,0,114,19,77,84,54,92,91,118,88,86,34" hai3="30,37,104,133,82,13,56,101,4,50,94,3,71"/><W72/><G37/><T46/><D69/><U122/><E32/><V73/><F34/><W29/><G71/><T119/><D119/><U132/><E122/><V45/><F118/><W128/><G3/><T12/><D130/><U85/><E95/><V5/><F114/><W90/><G104/><T121/><D121/><U11/><E109/><V6/><F0/><W123/><G101/><T111/><D111/><U26/><E127/><V39/><F77/><W14/><G133/><N who="1" m="51306" /><E41/><V124/><F73/><W44/><G72/><T68/><D68/><U87/><E87/><V83/><F124/><W98/><G94/><T15/><D115/><U52/><E67/><V28/><F28/><W113/><G29/><T74/><D74/><U61/><E61/><V100/><F100/><W129/><G30/><T59/><D105/><U47/><E47/><V120/><F120/><W116/><G44/><T135/><D135/><U65/><E65/><V43/><REACH who="2" step="1"/><F54/><REACH who="2" ten="175,234,229,342" step="2"/><N who="3" m="31831" /><G116/><T117/><D117/><U110/><E110/><V93/><F93/><W51/><G123/><T63/><D75/><U17/><E31/><V53/><F53/><W79/><G113/><T9/><D1/><U107/><E107/><V62/><F62/><W25/><G129/><T18/><D2/><U27/><E27/><AGARI ba="2,2" hai="5,6,19,23,27,39,43,45,83,84,86,88,91,92" machi="27" ten="30,8000,1" yaku="1,1,7,1,52,1,54,1,53,1" doraHai="78" doraHaiUra="42" who="2" fromWho="1" sc="175,0,234,-86,229,106,342,0" owari="175,-22.5,148,-35.2,335,13.5,342,44.2" /></mjloggm>