<mjloggm ver="2.3"><GO type="225" lobby="0"/><UN n0="%E6%B2%A1%E7%94%B7" n1="%E3%82%AD%E3%83%AA%E3%83%B3%E3%82%AD%E3%83%AA%E3%83%B3" n2="%E5%A4%96%E5%B7%9D%E7%AB%9C%E6%88%90" n3="%72%69%6F%75%63%68%61%6E" dan="16,16,16,17" rate="2068.26,2061.85,2179.93,2239.47" sx="M,M,M,M"/><TAIKYOKU oya="0"/><INIT seed="0,0,0,0,4,58" ten="250,250,250,250" oya="0" hai0="120,87,94,85,29,135,65,83,38,115,12,80,26" hai1="131,27,117,52,86,132,31,100,78,24,13,56,67" hai2="133,25,17,41,76,53,39,124,66,71,116,89,110" hai3="1,5,36,122,50,98,102,79,134,20,48,54,119"/><T9/><D115/><U30/><E117/><V10/><F116/><W130/><G130/><T18/><D135/><U51/><E132/><V68/><F133/><W96/><G134/><T109/><D120/><U43/><E43/><V73/><F76/><W64/><G119/><T104/><D104/><U37/><E37/><V118/><F73/><W61/><G36/><T33/><D38/><U28/><E100/><V57/><F89/><W60/><G122/><T3/><D109/><U15/><E67/><V19/><F71/><W34/><G34/><T75/><D75/><U121/><E121/><V23/><F110/><W0/><G79/><T47/><D47/><U90/><E78/><V92/><F92/><W97/><G102/><T8/><D65/><U108/><E108/><V42/><F118/><W40/><G20/><T21/><D94/><N who="1" m="54615" /><E131/><V81/><F81/><W45/><G5/><N who="0" m="1087" /><D9/><U103/><E103/><V101/><F101/><W69/><REACH who="3" step="1"/><G60/><REACH who="3" ten="250,250,250,240" step="2"/><T22/><D21/><U111/><E111/><V11/><F39/><W32/><G32/><T123/><D123/><U128/><E128/><V35/><F35/><W2/><G2/><T70/><D70/><U59/><E59/><AGARI ba="0,1" hai="0,1,40,45,48,50,54,59,61,64,69,96,97,98" machi="59" ten="40,2600,0" yaku="1,1,52,1,53,0" doraHai="58" doraHaiUra="6" who="3" fromWho="1" sc="250,0,250,-26,250,0,240,36" /><INIT seed="1,0,0,2,2,63" ten="250,224,250,276" oya="1" hai0="43,65,127,81,62,70,25,85,89,109,133,44,39" hai1="34,28,114,78,23,50,99,105,121,132,15,52,91" hai2="22,129,2,71,13,5,86,111,118,12,124,96,122" hai3="128,112,46,73,80,67,36,102,135,27,74,90,4"/><U32/><E121/><V37/><F86/><W20/><G112/><T55/><D109/><U1/><E1/><V131/><F96/><W126/><G126/><T42/><D133/><U79/><E132/><V103/><F103/><W108/><G135/><T11/><D127/><U87/><E32/><V82/><F82/><W47/><G108/><T60/><D25/><U56/><E105/><V41/><F41/><W10/><G128/><N who="2" m="49225" /><F37/><W24/><G102/><T29/><D29/><U83/><E34/><V21/><F71/><W33/><G33/><T76/><D11/><U88/><E114/><V104/><F104/><W69/><G24/><T84/><D43/><U8/><E23/><N who="2" m="8715" /><F124/><W123/><G123/><T107/><D107/><U30/><E79/><V9/><F122/><W0/><G36/><T66/><D55/><U18/><E99/><V92/><F92/><W48/><G46/><T64/><REACH who="0" step="1"/><D70/><REACH who="0" ten="240,224,250,276" step="2"/><U35/><E35/><V97/><F111/><W31/><G69/><T61/><D61/><U119/><E119/><V17/><F118/><W7/><G31/><AGARI ba="0,1" hai="8,15,18,28,30,31,50,52,56,78,83,87,88,91" machi="31" ten="40,7700,0" yaku="8,1,54,2" doraHai="63" who="1" fromWho="3" sc="240,0,224,87,250,0,276,-77" /><INIT seed="1,1,0,3,1,1" ten="240,311,250,199" oya="1" hai0="47,11,94,12,90,68,14,104,36,3,86,58,80" hai1="92,27,128,125,98,19,66,122,97,131,41,91,85" hai2="9,56,21,87,127,22,5,102,77,17,35,62,83" hai3="55,78,31,82,64,108,130,23,89,72,63,33,42"/><U111/><E122/><V79/><F127/><W18/><G108/><T65/><D104/><U73/><E73/><V4/><F35/><W57/><G130/><N who="1" m="49706" /><E41/><V114/><F79/><W30/><G33/><T25/><D68/><U95/><E125/><V15/><F102/><W112/><G112/><T29/><D36/><U113/><E113/><V32/><F32/><W88/><G42/><T123/><D47/><U59/><E111/><V99/><F99/><W93/><G64/><T67/><D123/><U135/><E135/><V52/><F114/><W69/><G69/><T40/><D40/><U132/><E132/><V81/><F81/><W13/><REACH who="3" step="1"/><G89/><REACH who="3" ten="240,311,250,189" step="2"/><T50/><D67/><U24/><E66/><V115/><F115/><W49/><G49/><T134/><D50/><U71/><E71/><V117/><F117/><W118/><G118/><T74/><D65/><U7/><E91/><V8/><REACH who="2" step="1"/><F17/><REACH who="2" ten="240,311,240,189" step="2"/><W75/><G75/><T105/><D74/><U116/><E19/><V0/><AGARI ba="1,2" hai="0,4,5,8,9,15,21,22,52,56,62,77,83,87" machi="0" ten="20,12000,2" yaku="1,1,2,1,0,1,7,1,52,2,54,1,53,0" doraHai="1" doraHaiUra="119" who="2" fromWho="2" sc="240,-31,311,-61,240,143,189,-31" /><INIT seed="2,0,0,0,1,67" ten="209,250,383,158" oya="2" hai0="66,28,84,17,53,19,15,97,132,96,117,92,43" hai1="29,57,89,103,73,90,106,37,83,116,114,58,113" hai2="112,9,93,38,69,87,20,119,71,76,10,108,102" hai3="64,62,79,72,74,123,131,126,118,40,111,80,18"/><V47/><F112/><W134/><G118/><T35/><D117/><U26/><E116/><V129/><F119/><W6/><G123/><T46/><D132/><U51/><E37/><V44/><F20/><W0/><G126/><T8/><D53/><U104/><E73/><V55/><F129/><W23/><G131/><T32/><D28/><U12/><E12/><V120/><F120/><W50/><G134/><T25/><D84/><U109/><E109/><V115/><F115/><W121/><G111/><T81/><D81/><U68/><E68/><V60/><F102/><W33/><G33/><T2/><D2/><U54/><E114/><V52/><F93/><W86/><G121/><T14/><D66/><U27/><E113/><V30/><F30/><W130/><G130/><T5/><D25/><U22/><E27/><V133/><F87/><W21/><G21/><T128/><D97/><U100/><E104/><V39/><F60/><W98/><G98/><T78/><D78/><U107/><E107/><V4/><F76/><W135/><G135/><T49/><D5/><U63/><E106/><V88/><F4/><W94/><G94/><T16/><D128/><U59/><E83/><V31/><F31/><W11/><G50/><T65/><D65/><U105/><E105/><V3/><F133/><W48/><G48/><T45/><D45/><N who="1" m="28015" /><E63/><V99/><F3/><W70/><REACH who="3" step="1"/><G40/><REACH who="3" ten="209,250,383,148" step="2"/><T124/><D124/><U85/><E85/><V91/><F99/><W122/><G122/><T13/><REACH who="0" step="1"/><D8/><REACH who="0" ten="199,250,383,148" step="2"/><U24/><E24/><AGARI ba="0,2" hai="0,6,11,18,23,24,62,64,70,72,74,79,80,86" machi="24" ten="30,3900,0" yaku="1,1,7,1,52,1,53,0" doraHai="67" doraHaiUra="41" who="3" fromWho="1" sc="199,0,250,-39,383,0,148,59" /><INIT seed="3,0,0,5,2,125" ten="199,211,383,207" oya="3" hai0="45,52,84,50,54,15,5,46,21,101,28,81,14" hai1="6,7,128,4,42,134,133,115,70,83,53,27,18" hai2="91,29,102,69,112,130,75,97,30,40,98,93,87" hai3="86,44,22,63,1,17,20,119,31,0,13,48,99"/><W33/><G119/><T79/><D101/><U96/><E70/><V129/><F69/><W25/><G99/><T34/><D34/><U107/><E115/><V116/><F112/><W58/><G86/><T108/><D108/><U61/><E42/><V94/><F116/><W80/><G80/><T100/><D100/><U131/><E83/><V120/><F75/><W59/><G33/><T92/><D92/><U10/><E96/><V55/><F120/><W114/><G114/><T56/><D5/><U9/><E107/><V2/><F2/><W88/><G88/><T104/><D104/><U110/><E110/><V38/><F55/><W127/><G127/><T39/><D39/><U41/><E41/><V65/><F65/><W74/><G74/><T126/><D126/><U64/><E64/><V111/><F111/><W71/><G71/><T82/><D82/><U76/><E76/><V62/><F62/><W122/><G122/><T105/><D105/><U85/><E85/><V24/><F87/><W23/><G59/><T95/><D95/><U36/><E36/><V73/><F73/><W43/><REACH who="3" step="1"/><G22/><REACH who="3" ten="199,211,383,197" step="2"/><T78/><D78/><U135/><E9/><V117/><F117/><W32/><G32/><T8/><D8/><U60/><E10/><V123/><F123/><W35/><G35/><T90/><D79/><U12/><E134/><V51/><F91/><W89/><G89/><T68/><D68/><U37/><E135/><V16/><F98/><W66/><AGARI ba="0,1" hai="0,1,13,17,20,23,25,31,43,44,48,58,63,66" machi="66" ten="20,3900,0" yaku="1,1,0,1,7,1,53,0" doraHai="125" doraHaiUra="118" who="3" fromWho="3" sc="199,-13,211,-13,383,-13,197,49" /><INIT seed="3,1,0,5,0,21" ten="186,198,370,246" oya="3" hai0="57,104,117,60,119,87,59,85,132,105,71,84,31" hai1="0,46,94,49,64,3,98,134,1,115,121,66,77" hai2="10,55,2,50,23,86,20,41,26,44,33,16,80" hai3="81,11,124,14,82,120,40,122,63,25,51,36,99"/><W56/><G36/><T129/><D71/><U61/><E121/><V22/><F33/><W109/><G124/><T34/><D129/><U27/><E115/><V95/><F2/><W75/><G109/><T79/><D79/><U19/><E77/><N who="2" m="46351" /><F95/><W97/><G122/><T6/><D6/><U42/><E134/><V47/><F10/><W72/><G120/><T17/><D17/><U100/><E61/><V126/><F126/><W52/><G72/><T68/><D68/><U28/><REACH who="1" step="1"/><E19/><REACH who="1" ten="186,188,370,246" step="2"/><V43/><F43/><W128/><G128/><T62/><D132/><U83/><E83/><V38/><F38/><W135/><G135/><T89/><D89/><U93/><E93/><V65/><F65/><W69/><G82/><T48/><D48/><U7/><E7/><V54/><F41/><W53/><G40/><T110/><D110/><U15/><E15/><V32/><F32/><AGARI ba="1,1" hai="0,1,3,27,28,32,42,46,49,64,66,94,98,100" machi="32" ten="40,5200,0" yaku="1,1,52,1,53,1" doraHai="21" doraHaiUra="92" who="1" fromWho="2" sc="186,0,188,65,370,-55,246,0" owari="186,-31.4,253,5.3,315,41.5,246,-15.4" /></mjloggm>