<mjloggm ver="2.3"><GO type="225" lobby="0"/><UN n0="%E4%B8%96%E7%95%8C%E9%81%BA%E7%94%A3%E6%A3%AE%E5%B1%B1%E8%8C%82%E5%92%8C" n1="%E5%8D%A0%E3%81%84%E5%B8%AB%E8%A3%8F%E3%81%AA%E3%81%84%E3%81%97" n2="%E3%81%8B%E3%82%8F%E3%81%A1%E3%82%83%E3%82%93%35%38" n3="%6B%75%7A%75%6E" dan="17,17,16,17" rate="2140.06,2181.45,2165.64,2168.73" sx="M,M,M,M"/><TAIKYOKU oya="0"/><INIT seed="0,0,0,4,2,79" ten="250,250,250,250" oya="0" hai0="133,121,31,80,93,18,84,89,105,96,117,99,66" hai1="3,72,128,91,35,85,30,100,15,57,110,78,98" hai2="124,68,132,86,71,5,0,134,90,94,53,63,32" hai3="70,88,47,2,116,76,130,14,67,29,37,127,42"/><T74/><D117/><U45/><E3/><V23/><F23/><W50/><BYE who="2" /><G2/><T51/><D121/><U49/><E110/><V123/><F123/><W131/><G127/><T20/><D133/><U119/><E119/><V16/><F16/><W103/><G103/><UN n2="%E3%81%8B%E3%82%8F%E3%81%A1%E3%82%83%E3%82%93%35%38" /><T38/><D38/><U13/><E128/><N who="3" m="49194" /><G29/><T24/><D66/><U97/><E30/><V104/><F104/><W108/><G116/><T11/><D105/><U21/><E35/><V129/><F32/><W62/><G76/><T73/><D99/><U22/><E78/><V26/><F129/><W102/><G102/><T43/><D51/><U25/><E72/><V118/><F118/><W122/><G122/><T46/><D46/><U33/><E57/><N who="2" m="35247" /><F124/><W95/><G14/><T69/><D43/><U12/><E33/><V114/><F26/><W17/><G17/><T61/><D31/><N who="1" m="17839" /><E22/><V27/><F27/><W59/><G108/><T75/><D11/><U40/><E100/><V58/><F114/><W44/><G70/><N who="2" m="26665" /><F5/><W111/><G111/><T7/><D7/><U8/><E8/><V77/><F0/><W36/><G44/><T48/><D69/><U92/><AGARI ba="0,0" hai="12,13,15,40,45,49,85,91,92,97,98" m="17839" machi="92" ten="30,1100,0" yaku="8,1" doraHai="79" who="1" fromWho="1" sc="250,-5,250,11,250,-3,250,-3" /><INIT seed="1,0,0,2,2,19" ten="245,261,247,247" oya="1" hai0="110,33,7,29,15,59,66,111,50,36,9,88,112" hai1="118,35,79,131,53,108,127,44,98,92,134,100,84" hai2="4,70,122,38,94,90,25,107,26,60,76,83,2" hai3="51,95,16,113,93,63,21,124,37,89,104,18,78"/><U24/><E118/><V129/><F107/><W119/><G113/><T5/><D36/><U135/><E127/><V64/><F122/><W47/><G104/><T77/><D112/><U91/><E131/><V28/><F38/><W73/><G124/><T125/><D125/><U75/><E44/><V48/><F129/><W10/><G119/><T133/><D77/><U1/><E1/><V32/><F4/><W61/><G95/><T87/><D133/><N who="1" m="50699" /><E53/><V27/><F2/><W62/><G37/><T0/><D5/><U128/><E24/><V20/><F48/><W109/><G109/><T3/><D0/><U80/><E35/><V56/><F70/><W117/><G117/><T42/><D3/><U14/><E14/><V12/><F12/><N who="3" m="7191" /><G73/><T17/><D42/><U65/><E65/><V99/><REACH who="2" step="1"/><F32/><REACH who="2" ten="245,261,237,247" step="2"/><W106/><G106/><T69/><D111/><U34/><E34/><V39/><F39/><W11/><G11/><T132/><D110/><U46/><E108/><V71/><F71/><W30/><G51/><T45/><D69/><U97/><E128/><V114/><F114/><W85/><G47/><T116/><D132/><U115/><E46/><V96/><F96/><W67/><G62/><N who="0" m="38239" /><D116/><U57/><E115/><V101/><F101/><W86/><G63/><T13/><D50/><U6/><E6/><V68/><F68/><W43/><G61/><T41/><D45/><U74/><E57/><V130/><F130/><W81/><G43/><T23/><D41/><U58/><E58/><V120/><F120/><W31/><G67/><T121/><D33/><U126/><E126/><RYUUKYOKU ba="0,1" sc="245,-30,261,10,237,10,247,10" hai1="74,75,79,80,84,91,92,97,98,100" hai2="20,25,26,27,28,56,60,64,76,83,90,94,99" hai3="18,21,30,31,78,81,85,86,89,93" /><INIT seed="1,1,1,1,1,61" ten="215,271,247,257" oya="1" hai0="48,17,108,80,131,28,9,86,54,106,38,82,129" hai1="91,94,46,75,64,107,104,6,88,118,126,57,69" hai2="125,71,112,25,22,117,32,93,14,58,77,37,87" hai3="113,26,96,41,103,78,52,62,128,81,7,84,123"/><U31/><E118/><V74/><F71/><W3/><G123/><T121/><D38/><U98/><E75/><V70/><F70/><W10/><G128/><N who="0" m="49227" /><D106/><U18/><E126/><V67/><F37/><W51/><G113/><T23/><D121/><U53/><E6/><V36/><F36/><W120/><G120/><T63/><D108/><U115/><E115/><V102/><F32/><W12/><G26/><N who="0" m="16479" /><D63/><N who="1" m="37999" /><E69/><V8/><F74/><W124/><G124/><T43/><D43/><U111/><E111/><V110/><F110/><W92/><G41/><T97/><D97/><U116/><E116/><V15/><F117/><W30/><G30/><T1/><D86/><U16/><E31/><N who="2" m="17847" /><F125/><W11/><G62/><T101/><D101/><N who="1" m="60631" /><E107/><V95/><F112/><W59/><REACH who="3" step="1"/><G11/><REACH who="3" ten="215,271,247,247" step="2"/><T20/><D9/><U85/><E104/><V114/><F8/><W49/><G49/><T72/><D48/><N who="1" m="28823" /><E91/><V42/><F42/><W19/><G19/><T39/><D17/><U55/><E55/><V5/><F114/><W99/><G99/><T21/><D54/><U76/><E76/><V2/><F77/><W60/><G60/><T34/><D39/><U66/><E66/><V33/><F67/><W119/><G119/><T44/><D34/><U109/><E109/><V47/><F33/><W90/><G90/><T13/><D21/><U79/><E79/><V40/><F40/><W27/><G27/><T134/><D20/><U132/><E132/><V29/><F29/><W35/><G35/><T135/><D134/><U73/><E73/><V100/><F100/><W56/><G56/><T105/><D135/><RYUUKYOKU ba="1,2" sc="215,-15,271,15,247,-15,247,15" hai1="16,18,85,88" hai3="3,7,10,12,51,52,59,78,81,84,92,96,103" /><INIT seed="1,2,2,1,1,37" ten="200,286,232,262" oya="1" hai0="50,109,29,24,16,73,125,101,65,10,98,71,34" hai1="6,134,60,58,2,124,41,27,95,115,93,119,72" hai2="127,99,126,31,0,52,131,135,33,35,102,39,67" hai3="49,26,94,87,11,36,64,79,118,13,12,84,133"/><U91/><BYE who="0" /><E115/><V38/><F135/><W132/><G36/><N who="2" m="13865" /><F131/><UN n0="%E4%B8%96%E7%95%8C%E9%81%BA%E7%94%A3%E6%A3%AE%E5%B1%B1%E8%8C%82%E5%92%8C" /><W123/><G123/><T129/><D129/><U45/><E119/><V76/><F0/><W130/><G130/><T22/><D73/><U32/><E134/><N who="3" m="51818" /><G118/><T108/><D125/><N who="2" m="47626" /><F31/><W104/><G104/><N who="0" m="63543" /><D50/><N who="1" m="26927" /><E72/><V105/><F67/><W111/><G111/><N who="0" m="42571" /><D10/><U90/><E2/><V117/><F117/><W103/><G64/><T8/><D8/><U44/><E32/><N who="2" m="12363" /><F52/><W43/><G26/><N who="0" m="18743" /><D65/><N who="1" m="39063" /><E124/><V55/><F55/><W92/><G11/><T83/><D83/><U28/><E27/><V61/><F76/><W54/><G79/><T89/><D89/><N who="1" m="33803" /><E28/><V113/><F61/><W4/><G13/><T120/><D120/><U66/><E66/><V18/><F113/><W114/><G12/><T17/><D17/><AGARI ba="2,2" hai="17,18,99,102,105" m="12363,47626,13865" machi="17" ten="40,1300,0" yaku="18,1" doraHai="37" who="2" fromWho="0" sc="200,-19,286,0,232,39,262,0" /><INIT seed="2,0,0,4,4,70" ten="181,286,271,262" oya="2" hai0="65,86,23,108,132,88,102,30,37,131,106,80,43" hai1="38,17,24,95,47,126,48,57,77,75,13,94,134" hai2="109,60,32,104,5,2,92,52,11,105,76,118,64" hai3="79,12,61,16,110,44,97,63,129,15,25,123,1"/><V26/><F118/><W6/><G123/><T81/><D108/><U35/><E134/><V71/><F109/><W72/><G110/><T127/><D132/><U36/><E126/><V53/><F76/><W29/><G129/><T85/><D131/><U90/><E75/><V125/><F125/><W74/><G74/><T113/><D113/><U73/><E73/><V117/><F117/><W67/><G1/><T14/><D127/><U119/><E77/><V83/><F83/><W89/><G72/><T7/><D65/><U33/><E94/><V39/><F39/><W20/><G79/><T93/><D86/><N who="1" m="52695" /><E47/><V46/><F92/><N who="3" m="56463" /><G44/><T21/><D106/><U120/><E120/><V9/><F9/><N who="3" m="4151" /><G67/><T50/><D37/><N who="1" m="14443" /><E24/><V40/><F40/><W34/><G34/><T122/><D122/><U135/><E135/><V124/><F124/><W0/><G0/><T51/><D43/><U18/><E18/><V100/><F46/><W98/><G98/><N who="0" m="59727" /><D80/><U68/><E68/><V54/><REACH who="2" step="1"/><F100/><REACH who="2" ten="181,286,261,262" step="2"/><W99/><G99/><T27/><D7/><U107/><E119/><V42/><F42/><W114/><G114/><T121/><D121/><U87/><E87/><V55/><N who="2" m="13312" /><DORA hai="130" /><V101/><F101/><W4/><G4/><T116/><D116/><U19/><E107/><V59/><F59/><W103/><G103/><T112/><D112/><U84/><E57/><V91/><F91/><W78/><G78/><T8/><D8/><N who="1" m="6311" /><E84/><V115/><F115/><W10/><AGARI ba="0,1" hai="10,15,16,20,25,29,61,63" m="4151,56463" machi="10" ten="30,2000,0" yaku="8,1,54,1" doraHai="70,130" who="3" fromWho="3" sc="181,-5,286,-5,261,-10,262,30" /><INIT seed="3,0,0,5,5,91" ten="176,281,251,292" oya="3" hai0="2,11,95,130,17,64,107,76,133,65,42,131,0" hai1="99,53,122,71,36,87,30,62,70,73,13,123,72" hai2="63,20,115,92,29,24,61,69,32,88,6,106,14" hai3="25,60,85,55,27,110,37,83,125,3,116,113,58"/><W102/><G113/><T8/><D107/><U40/><E30/><V66/><F106/><W101/><G116/><T108/><D42/><U114/><E114/><V127/><F115/><W52/><G3/><N who="0" m="1067" /><D76/><U98/><E13/><V38/><F38/><W117/><G117/><T59/><D108/><U94/><E87/><V9/><F127/><W84/><G37/><T51/><D133/><U79/><E36/><V93/><F63/><W31/><G125/><T50/><D17/><U135/><E62/><V134/><F134/><W96/><G110/><T74/><D74/><U111/><E111/><V33/><REACH who="2" step="1"/><F93/><REACH who="2" ten="176,281,241,292" step="2"/><N who="3" m="58511" /><G102/><T16/><D95/><U45/><E94/><V1/><F1/><W57/><G31/><T132/><D132/><U109/><E135/><V89/><F89/><N who="3" m="51359" /><G85/><AGARI ba="0,1" hai="6,9,14,20,24,29,32,33,61,66,69,85,88,92" machi="85" ten="30,7700,0" yaku="1,1,7,1,52,1,54,1,53,0" doraHai="91" doraHaiUra="126" who="2" fromWho="3" sc="176,0,281,0,241,87,292,-77" owari="176,-32.4,281,8.1,328,42.8,215,-18.5" /></mjloggm>