<mjloggm ver="2.3"><GO type="225" lobby="0"/><UN n0="%73%75%7A%75%6D%65%33" n1="%E3%82%82%E3%81%90%E3%82%89" n2="%E5%B0%8F%E9%B3%A5%E9%81%8A%E7%B7%B4%E7%84%A1%32%31%E6%AD%B3" n3="%70%65%6E%74%6F%6C%61" dan="18,17,16,16" rate="2255.74,2231.51,2119.65,2129.39" sx="M,M,F,M"/><TAIKYOKU oya="0"/><INIT seed="0,0,0,3,2,110" ten="250,250,250,250" oya="0" hai0="64,6,24,75,30,56,104,115,22,20,102,42,61" hai1="53,107,68,81,118,18,129,133,101,97,72,3,54" hai2="60,37,39,95,62,11,112,63,122,65,123,25,78" hai3="58,105,119,59,80,69,125,48,124,49,92,90,57"/><T19/><D75/><U33/><E118/><V99/><F65/><W12/><G105/><T86/><D42/><U73/><E3/><V117/><F117/><W96/><G69/><T74/><D74/><U40/><E129/><V76/><F11/><W108/><G119/><T28/><D6/><U2/><E2/><V4/><F4/><W127/><G108/><T109/><D109/><U43/><E68/><V120/><F25/><W23/><G80/><T106/><D30/><U82/><E33/><V66/><F66/><W52/><G49/><T21/><D21/><U14/><E133/><V113/><F95/><W13/><REACH who="3" step="1"/><G23/><REACH who="3" ten="250,250,250,240" step="2"/><T87/><D106/><U128/><E81/><V83/><F83/><W34/><G34/><T51/><D51/><U41/><E73/><V16/><F99/><W93/><G93/><T55/><D104/><U77/><REACH who="1" step="1"/><E128/><REACH who="1" ten="250,240,250,240" step="2"/><V47/><F122/><W36/><G36/><T5/><D28/><U31/><E31/><V0/><F37/><W85/><G85/><T94/><D86/><U46/><E46/><AGARI ba="0,2" hai="12,13,46,48,52,57,58,59,90,92,96,124,125,127" machi="46" ten="50,6400,0" yaku="1,1,18,1,54,1,53,0" doraHai="110" doraHaiUra="79" who="3" fromWho="1" sc="250,0,240,-64,250,0,240,84" /><INIT seed="1,0,0,1,4,61" ten="250,176,250,324" oya="1" hai0="111,65,110,119,77,0,83,71,68,48,121,126,6" hai1="10,22,134,73,90,69,42,50,31,103,12,127,54" hai2="76,53,59,100,19,55,47,56,52,2,78,112,9" hai3="87,85,18,39,135,3,67,20,107,21,60,122,51"/><U41/><E73/><V34/><F34/><W102/><G39/><T28/><D119/><U97/><E69/><V91/><F100/><W123/><G3/><T46/><D126/><U62/><E127/><V131/><F131/><W108/><G21/><T125/><D125/><U7/><E134/><V24/><F112/><W74/><G74/><T101/><D121/><U25/><E90/><V4/><F47/><W17/><G17/><T38/><D38/><U84/><E84/><V129/><F129/><W95/><G51/><T1/><D28/><U32/><E62/><V113/><F113/><W40/><G40/><T92/><D92/><U23/><E23/><V89/><F19/><W45/><G45/><T43/><D101/><U30/><E30/><V66/><F24/><W35/><G107/><T118/><D118/><U94/><REACH who="1" step="1"/><E32/><REACH who="1" ten="250,166,250,324" step="2"/><V72/><F72/><W27/><G35/><T29/><D29/><U99/><E99/><V93/><F91/><W14/><G87/><T26/><D71/><U98/><E98/><V80/><F89/><W63/><G63/><T109/><D68/><U16/><E16/><V37/><F78/><W64/><G135/><T15/><D77/><U115/><E115/><V70/><F76/><W79/><G79/><T132/><D132/><U130/><E130/><V75/><F70/><W116/><G85/><T86/><D86/><U44/><AGARI ba="0,1" hai="7,10,12,22,25,31,41,42,44,50,54,94,97,103" machi="44" ten="20,12000,1" yaku="1,1,0,1,7,1,8,1,53,1" doraHai="61" doraHaiUra="8" who="1" fromWho="1" sc="250,-40,166,130,250,-40,324,-40" /><INIT seed="1,1,0,4,3,69" ten="210,296,210,284" oya="1" hai0="129,49,43,109,16,131,25,72,113,9,91,95,99" hai1="104,78,67,18,37,20,100,50,45,5,42,13,88" hai2="62,63,96,107,112,66,94,76,47,39,115,71,33" hai3="32,87,120,36,35,0,56,24,116,64,84,55,82"/><U51/><E67/><V119/><F119/><W65/><G120/><T85/><D113/><N who="2" m="43594" /><F107/><W29/><G0/><T128/><D72/><U90/><E78/><V3/><F3/><W40/><G35/><T30/><D109/><U58/><E5/><V23/><F33/><W19/><G19/><T124/><D124/><U17/><E17/><V130/><F76/><W97/><G97/><T81/><D49/><U103/><E104/><V48/><F23/><W89/><G87/><T59/><D59/><U2/><E2/><V14/><F14/><W68/><G68/><T26/><D43/><U125/><E125/><V98/><F62/><W70/><G70/><T117/><D117/><U11/><E20/><V135/><F135/><W22/><G32/><T123/><D123/><U110/><E110/><V80/><F80/><W134/><G134/><T86/><D30/><U61/><E103/><V122/><F122/><W7/><G7/><T118/><D118/><U10/><E100/><V74/><F74/><W106/><G106/><T57/><D57/><U126/><E126/><V83/><F71/><W77/><G77/><N who="0" m="46255" /><D99/><U31/><E31/><V73/><F98/><W21/><G21/><T127/><D127/><U54/><REACH who="1" step="1"/><E10/><REACH who="1" ten="210,286,210,284" step="2"/><V121/><F121/><W53/><G116/><T92/><D9/><U105/><E105/><V44/><F73/><W34/><G34/><T38/><D16/><U93/><E93/><V101/><F94/><W27/><G65/><T60/><D92/><U12/><E12/><V41/><F66/><W114/><G114/><T111/><D111/><U1/><E1/><RYUUKYOKU ba="1,1" sc="210,-10,286,30,210,-10,284,-10" hai1="11,13,18,37,42,45,50,51,54,58,61,88,90" /><INIT seed="1,2,1,3,3,126" ten="200,316,200,274" oya="1" hai0="71,18,44,69,57,133,54,56,131,68,25,24,5" hai1="88,86,105,75,90,53,17,127,20,113,118,128,16" hai2="8,58,115,9,21,99,96,37,83,67,116,32,125" hai3="92,89,13,10,34,22,0,129,123,31,114,93,19"/><U11/><E118/><V15/><F116/><W135/><G123/><T42/><D5/><U28/><E113/><V35/><F37/><W7/><G114/><T30/><D133/><U33/><E75/><V97/><F115/><W108/><G135/><T91/><D91/><U110/><E127/><V2/><F125/><W100/><G100/><T104/><D104/><U107/><E33/><V122/><F83/><W119/><G119/><T51/><D131/><U12/><E28/><V47/><F47/><W49/><G93/><T55/><D18/><U41/><E128/><V64/><F2/><W46/><G108/><T14/><D14/><U103/><E103/><V38/><F38/><W106/><G106/><T101/><D101/><U61/><E41/><V94/><F94/><W130/><G31/><T132/><D132/><U79/><E110/><V76/><F15/><W73/><G34/><T85/><D85/><U59/><E79/><V102/><F122/><W82/><G82/><T111/><D111/><U43/><E43/><V65/><F102/><W124/><G73/><T80/><D80/><U66/><E66/><V40/><F40/><W27/><G0/><T36/><REACH who="0" step="1"/><D30/><REACH who="0" ten="190,316,200,274" step="2"/><U50/><E90/><V87/><F76/><W121/><G124/><T70/><N who="0" m="17408" /><DORA hai="78" /><T45/><D45/><U23/><E107/><V4/><F4/><W62/><G121/><T1/><D1/><U112/><E105/><V26/><F87/><N who="3" m="52287" /><G130/><T98/><D98/><U48/><E112/><V117/><F117/><W134/><G134/><T74/><D74/><U6/><E86/><V95/><F99/><RYUUKYOKU ba="2,2" sc="190,30,316,-10,200,-10,274,-10" hai0="24,25,36,42,44,51,54,55,56,57" /><INIT seed="2,3,2,0,5,109" ten="220,306,190,264" oya="2" hai0="17,20,101,23,6,133,26,107,111,99,55,124,127" hai1="16,1,56,98,53,31,11,121,10,54,14,116,120" hai2="84,128,7,83,39,114,117,48,60,123,74,25,82" hai3="47,70,36,92,96,108,4,38,130,102,8,105,30"/><V46/><F117/><W126/><G108/><T67/><D111/><U33/><E116/><V49/><F123/><N who="1" m="47177" /><E98/><V63/><F128/><W59/><G30/><T115/><D115/><U35/><E31/><V5/><F39/><W94/><G70/><T89/><D133/><U85/><E85/><V0/><F25/><W80/><G59/><T119/><D119/><U57/><E57/><V129/><F74/><W42/><G36/><T93/><D67/><U95/><E95/><V110/><F129/><W77/><G126/><N who="0" m="48171" /><D6/><N who="1" m="1359" /><E54/><V13/><F110/><W122/><G122/><T65/><D65/><U118/><E118/><V90/><F0/><N who="3" m="7" /><G130/><T62/><D55/><U52/><E53/><V97/><F13/><W32/><G32/><T76/><D76/><U19/><E19/><V81/><F97/><W66/><G66/><T2/><D2/><U29/><E29/><V12/><F12/><W28/><G28/><T34/><D34/><U21/><E21/><V64/><F64/><W113/><G113/><T125/><N who="0" m="48179" /><T87/><DORA hai="106" /><D23/><U100/><E100/><V75/><F114/><W86/><G105/><T78/><D78/><U51/><AGARI ba="3,2" hai="11,14,16,33,35,51,52,56" m="1359,47177" machi="51" ten="30,4000,0" yaku="13,1,54,2" doraHai="109,106" who="1" fromWho="1" sc="220,-13,306,69,190,-23,264,-13" /><INIT seed="3,0,0,1,0,89" ten="207,375,167,251" oya="3" hai0="54,0,124,55,94,116,30,69,1,130,88,45,86" hai1="71,135,118,38,13,107,119,3,24,53,23,115,84" hai2="76,96,129,59,80,32,95,73,85,4,123,111,133" hai3="74,48,103,121,92,35,10,17,9,42,37,46,8"/><W44/><G35/><T72/><D116/><N who="1" m="44587" /><E3/><V99/><F111/><W75/><G121/><T127/><D69/><U22/><E38/><V64/><F32/><W78/><G78/><T16/><D130/><U97/><E71/><V126/><F129/><W11/><G17/><T101/><D72/><U43/><E135/><V29/><F29/><W134/><G134/><T91/><D30/><U83/><E43/><V70/><F70/><W28/><G28/><T51/><D101/><U20/><E115/><V27/><F133/><W52/><N who="3" m="2048" /><DORA hai="132" /><W63/><REACH who="3" step="1"/><G63/><REACH who="3" ten="207,375,167,241" step="2"/><T87/><D16/><U77/><E24/><V34/><F27/><W2/><G2/><T93/><D0/><U15/><E23/><V58/><F34/><W31/><G31/><T110/><D1/><U14/><E22/><V120/><F123/><W114/><G114/><T36/><D110/><U60/><E20/><V5/><F120/><W128/><G128/><T90/><D127/><U39/><E15/><V47/><F126/><W82/><G82/><T79/><D124/><U26/><E26/><V81/><F81/><W25/><G25/><T105/><D79/><U106/><E14/><V117/><F76/><W104/><G104/><T7/><D105/><U66/><E13/><V40/><F80/><W122/><G122/><T41/><D7/><U131/><E107/><V98/><F4/><W113/><G113/><T6/><D6/><U56/><E131/><V49/><F5/><W102/><G102/><T65/><D91/><U18/><E18/><V67/><F117/><W100/><G100/><T125/><D125/><RYUUKYOKU ba="0,1" sc="207,-10,375,-10,167,-10,241,30" hai3="37,42,44,46,48,52,74,75,92,103" /><INIT seed="3,1,1,4,3,33" ten="197,365,157,271" oya="3" hai0="78,92,17,113,43,31,81,25,97,10,2,79,84" hai1="127,16,121,8,39,102,45,13,19,35,89,12,95" hai2="96,57,111,50,120,23,46,74,83,24,110,18,47" hai3="112,37,128,5,28,126,104,27,72,62,123,109,3"/><W76/><RYUUKYOKU type="yao9" ba="1,1" sc="197,0,365,0,157,0,271,0" hai3="3,5,27,28,37,62,72,76,104,109,112,123,126,128" /><INIT seed="3,2,1,5,3,111" ten="197,365,157,271" oya="3" hai0="18,129,126,51,119,95,41,57,134,82,135,44,112" hai1="60,47,133,91,54,125,106,25,7,26,39,76,38" hai2="75,37,35,107,49,100,34,4,67,131,103,50,0" hai3="99,122,27,70,105,120,110,2,73,8,128,17,66"/><W48/><G48/><T98/><D119/><U5/><E106/><V52/><F37/><W40/><G40/><T130/><D82/><U115/><E115/><V97/><F75/><W74/><G17/><T113/><D18/><U6/><E125/><V55/><F67/><W90/><G90/><N who="0" m="55671" /><D126/><U64/><E76/><V29/><F131/><N who="0" m="50186" /><D57/><U114/><E7/><V20/><F103/><N who="3" m="62719" /><G27/><T31/><D31/><U11/><E25/><V24/><F4/><N who="3" m="1047" /><G128/><T16/><D16/><U68/><E54/><V59/><REACH who="2" step="1"/><F0/><REACH who="2" ten="197,365,147,271" step="2"/><W72/><G110/><T81/><D81/><U63/><E39/><V23/><F23/><W46/><G46/><AGARI ba="2,2" hai="20,24,29,34,35,46,49,50,52,55,59,97,100,107" machi="46" ten="30,3900,0" yaku="1,1,7,1,54,1,53,0" doraHai="111" doraHaiUra="3" who="2" fromWho="3" sc="197,0,365,0,147,65,271,-45" owari="197,-30.3,365,46.5,212,-18.8,226,2.6" /></mjloggm>