<mjloggm ver="2.3"><GO type="225" lobby="0"/><UN n0="%E3%82%BD%E3%83%83%E3%82%AF%E3%82%B9%E2%99%AA" n1="%E5%8D%A0%E3%81%84%E5%B8%AB%E8%A3%8F%E3%81%AA%E3%81%84%E3%81%97" n2="%E6%A1%9C%E8%8A%B1%E9%96%83%E3%80%85" n3="%E3%82%B3%E3%83%90%E3%83%AC%E3%82%A4" dan="16,17,17,16" rate="2041.67,2198.75,2185.68,2202.36" sx="M,M,M,M"/><TAIKYOKU oya="0"/><INIT seed="0,0,0,5,4,32" ten="250,250,250,250" oya="0" hai0="55,128,13,4,66,42,109,107,133,101,22,11,102" hai1="23,117,79,106,52,19,72,81,45,123,26,51,41" hai2="10,34,58,28,111,126,59,37,47,8,125,89,36" hai3="5,20,104,61,38,25,121,44,9,110,94,40,33"/><T97/><D128/><U122/><E117/><V64/><F89/><W24/><G104/><T14/><D133/><U49/><REACH who="1" step="1"/><E106/><REACH who="1" ten="250,240,250,250" step="2"/><V35/><F126/><W135/><G121/><T29/><D109/><U62/><E62/><V119/><F125/><W131/><G110/><T93/><D107/><U69/><E69/><V103/><F119/><W1/><G135/><T46/><D66/><U54/><E54/><V83/><F64/><W17/><G131/><T16/><D55/><U70/><E70/><V0/><F111/><W3/><G61/><T74/><D74/><U30/><E30/><V132/><F28/><W18/><G94/><T114/><D29/><U53/><E53/><V127/><F127/><W99/><G33/><T134/><D134/><U43/><E43/><V80/><F132/><W82/><G82/><T39/><REACH who="0" step="1"/><D114/><REACH who="0" ten="240,240,250,250" step="2"/><U63/><E63/><V2/><F47/><AGARI ba="0,2" hai="19,23,26,41,45,47,49,51,52,72,79,81,122,123" machi="47" ten="30,3900,0" yaku="1,1,7,1,54,1,53,0" doraHai="32" doraHaiUra="68" who="1" fromWho="2" sc="240,0,240,59,250,-39,250,0" /><INIT seed="1,0,0,2,3,58" ten="240,299,211,250" oya="1" hai0="1,68,65,42,62,135,32,48,72,122,91,116,112" hai1="18,22,86,51,117,83,132,130,119,29,90,127,95" hai2="89,26,50,64,100,52,3,69,125,15,33,44,49" hai3="17,5,13,57,46,85,88,20,78,40,30,56,55"/><U109/><E130/><V77/><F3/><W106/><G106/><T53/><D72/><U9/><E132/><V11/><F125/><W128/><G128/><T10/><D116/><U93/><E127/><V81/><F100/><W80/><G30/><T104/><D112/><U75/><E75/><V118/><F118/><W82/><G5/><T134/><D104/><U121/><E121/><V7/><F89/><W133/><G133/><N who="0" m="50699" /><D122/><U123/><E123/><V102/><F102/><W115/><G115/><T45/><D32/><U2/><E109/><V97/><F97/><W4/><G4/><N who="0" m="1295" /><D91/><U94/><E2/><V108/><F50/><W103/><G103/><T126/><D126/><U36/><E36/><V60/><F108/><W31/><G31/><T111/><D111/><U14/><E29/><V61/><F26/><W0/><G0/><T131/><D131/><U28/><E28/><V47/><F61/><W87/><REACH who="3" step="1"/><G55/><AGARI ba="0,0" hai="42,45,48,53,55,62,65,68" m="1295,50699" machi="55" ten="30,2000,0" yaku="20,1,52,1" doraHai="58" who="0" fromWho="3" sc="240,20,299,0,211,0,250,-20" /><INIT seed="2,0,0,2,4,96" ten="260,299,211,230" oya="2" hai0="113,54,9,98,132,39,13,86,70,108,65,11,35" hai1="29,3,100,118,49,109,44,1,22,42,124,120,131" hai2="45,128,112,92,53,119,25,76,122,104,101,16,46" hai3="43,58,88,10,17,26,20,61,52,91,0,116,27"/><V51/><F112/><W38/><G116/><T127/><D113/><U97/><E118/><V31/><F119/><W105/><G105/><T55/><D39/><U102/><E120/><V82/><F122/><W64/><G38/><T40/><D35/><U15/><E109/><V32/><F128/><W6/><G43/><T84/><D40/><U94/><E131/><V107/><F46/><W135/><G135/><T89/><D132/><U66/><E124/><V79/><F79/><W72/><G72/><T87/><D127/><U14/><E66/><V81/><F81/><W57/><REACH who="3" step="1"/><G26/><REACH who="3" ten="260,299,211,220" step="2"/><T48/><D108/><U50/><E42/><V59/><F45/><W130/><G130/><T63/><D48/><AGARI ba="0,1" hai="0,6,10,17,20,27,48,52,57,58,61,64,88,91" machi="48" ten="30,7700,0" yaku="1,1,7,1,54,2,53,0" doraHai="96" doraHaiUra="73" who="3" fromWho="0" sc="260,-77,299,0,211,0,220,87" /><INIT seed="3,0,0,5,4,105" ten="183,299,211,307" oya="3" hai0="115,3,133,2,117,12,57,4,18,16,86,102,47" hai1="111,118,19,63,56,32,76,114,45,8,40,82,121" hai2="94,119,97,91,89,128,48,80,74,71,122,124,55" hai3="66,134,53,30,28,20,101,120,50,73,54,125,0"/><W127/><G0/><T49/><D117/><U42/><E121/><V51/><F119/><W6/><G73/><T22/><D133/><U39/><E32/><V131/><F71/><W132/><G6/><T59/><D115/><U10/><E118/><V11/><F122/><W88/><G120/><T92/><D4/><U58/><E114/><V64/><F64/><W43/><G66/><T17/><D3/><U41/><E111/><V14/><F124/><N who="3" m="47691" /><G101/><T72/><D2/><U135/><E135/><N who="3" m="51754" /><G43/><N who="0" m="24831" /><D72/><U112/><E112/><V52/><F74/><W104/><G104/><T9/><D102/><U95/><E41/><V61/><F55/><N who="3" m="21003" /><G50/><T5/><D22/><U84/><E40/><V34/><F61/><W68/><G68/><T98/><D98/><U77/><E63/><V100/><F51/><W103/><G103/><T87/><D92/><U106/><E95/><V31/><F48/><W69/><G69/><T27/><D27/><U33/><E106/><V116/><F116/><W93/><G20/><T110/><D110/><U90/><E42/><V99/><F52/><W81/><G81/><T108/><D108/><U126/><E82/><V1/><F1/><W36/><G36/><T15/><D15/><U79/><E39/><V21/><F21/><W37/><G37/><T44/><D44/><U70/><E45/><V96/><F80/><W25/><G25/><T85/><AGARI ba="0,0" hai="5,9,12,16,17,18,57,59,85,86,87" m="24831" machi="85" ten="30,2000,0" yaku="8,1,54,1" doraHai="105" who="0" fromWho="0" sc="183,20,299,-5,211,-5,307,-10" /><INIT seed="4,0,0,2,3,32" ten="203,294,206,297" oya="0" hai0="50,6,39,111,107,124,11,30,17,51,8,121,81" hai1="20,105,72,130,53,25,37,86,91,70,59,71,64" hai2="33,97,18,132,74,89,68,0,47,75,127,126,40" hai3="3,120,82,21,54,2,5,29,19,123,42,102,4"/><T55/><D121/><N who="3" m="46665" /><G102/><T52/><D39/><U114/><E72/><V88/><F18/><W66/><G66/><T108/><D107/><U65/><E37/><V104/><F33/><W62/><G42/><T135/><D30/><U63/><E105/><V36/><F68/><W129/><G29/><T92/><D92/><U34/><E34/><V7/><F89/><W103/><G103/><T118/><D118/><U83/><E130/><V131/><F132/><W110/><G82/><T90/><D135/><U77/><E114/><V122/><F131/><W109/><G129/><T12/><D124/><N who="2" m="47658" /><F122/><W31/><G31/><T46/><D90/><U41/><E41/><V69/><F69/><W24/><G5/><T84/><D84/><N who="1" m="48239" /><E70/><V99/><F88/><W78/><G78/><T67/><D81/><N who="1" m="49615" /><E71/><V113/><F113/><W9/><G3/><T93/><D93/><U45/><E45/><V49/><F104/><W60/><G54/><T94/><D94/><U112/><E112/><V106/><F106/><W10/><G10/><T125/><D125/><U61/><E61/><AGARI ba="0,0" hai="2,4,9,19,21,24,60,61,62,109,110" m="46665" machi="61" ten="30,2000,0" yaku="13,1,52,1" doraHai="32" who="3" fromWho="1" sc="203,0,294,-20,206,0,297,20" owari="203,-29.7,274,7.4,206,-19.4,317,41.7" /></mjloggm>