<mjloggm ver="2.3"><GO type="225" lobby="0"/><UN n0="%70%68%65%6E%6F%6D%65" n1="%E5%84%AA%40%41%42%43" n2="%E3%81%BF%E3%81%BF%E3%81%9A" n3="%72%69%6F%75%63%68%61%6E" dan="16,17,17,17" rate="2143.20,2241.86,2180.83,2267.81" sx="M,M,M,M"/><TAIKYOKU oya="0"/><INIT seed="0,0,0,5,5,23" ten="250,250,250,250" oya="0" hai0="111,20,114,88,43,62,87,24,65,92,11,86,82" hai1="44,56,39,85,75,28,6,104,129,125,3,77,89" hai2="66,64,98,35,13,117,14,96,67,68,110,122,132" hai3="21,41,105,84,18,97,106,135,93,126,109,19,51"/><T16/><D114/><U78/><E104/><V36/><F122/><W83/><G109/><T29/><D111/><U49/><E129/><V38/><F110/><W99/><G126/><T73/><D73/><U9/><E125/><V116/><F35/><W34/><G34/><T134/><D134/><U76/><E39/><N who="2" m="14891" /><F68/><W131/><G135/><T27/><D43/><U7/><E7/><V72/><F72/><W121/><G131/><T108/><D108/><U70/><E70/><V47/><F47/><W90/><G121/><T8/><D62/><U0/><E0/><V1/><F1/><W71/><G71/><T101/><D65/><U48/><E75/><V25/><F25/><W133/><G133/><T46/><D46/><U52/><E28/><V12/><F132/><W100/><G21/><N who="0" m="15503" /><D101/><U55/><REACH who="1" step="1"/><E76/><AGARI ba="0,0" hai="8,11,16,20,27,76,82,86,87,88,92" m="15503" machi="76" ten="30,12000,1" yaku="8,1,52,2,54,2" doraHai="23" who="0" fromWho="1" sc="250,120,250,-120,250,0,250,0" /><INIT seed="0,1,0,5,1,119" ten="370,130,250,250" oya="0" hai0="65,68,56,104,23,97,63,48,46,66,78,102,15" hai1="55,77,38,7,34,57,135,29,9,82,84,96,21" hai2="45,61,28,91,105,40,95,117,67,47,18,93,80" hai3="17,101,44,59,81,128,25,53,20,86,120,58,100"/><T35/><D78/><U6/><E135/><V22/><F105/><W64/><G128/><T87/><D35/><U125/><E125/><V33/><F33/><W12/><G120/><T85/><D65/><U4/><E34/><V88/><F28/><W74/><G74/><T73/><D73/><U5/><E38/><V112/><F112/><W123/><G123/><T92/><D68/><U121/><E121/><V71/><F117/><W134/><G134/><T43/><REACH who="0" step="1"/><D104/><REACH who="0" ten="360,130,250,250" step="2"/><U132/><E132/><V131/><F131/><W109/><G64/><T1/><D1/><U54/><E77/><V52/><F71/><W83/><G109/><T60/><D60/><U122/><E122/><V39/><F67/><W62/><G62/><T130/><D130/><U27/><E4/><V36/><F61/><W110/><G110/><T118/><D118/><U99/><E5/><V111/><F111/><W26/><G26/><T124/><D124/><U89/><E6/><V0/><F0/><W114/><G25/><T79/><D79/><U32/><E32/><V49/><F39/><W37/><G114/><T24/><D24/><U31/><E29/><V103/><F36/><W106/><G37/><T69/><D69/><U108/><E108/><V51/><F51/><N who="3" m="28903" /><G106/><T41/><D41/><U115/><E115/><V50/><F50/><W19/><G19/><AGARI ba="1,1" hai="15,19,23,43,46,48,56,63,66,85,87,92,97,102" machi="19" ten="40,7700,0" yaku="1,1,8,1,53,1" doraHai="119" doraHaiUra="98" who="0" fromWho="3" sc="360,90,130,0,250,0,250,-80" /><INIT seed="0,2,0,5,2,23" ten="450,130,250,170" oya="0" hai0="40,39,20,2,15,73,56,42,48,129,46,10,7" hai1="50,101,132,108,133,16,80,78,85,74,24,35,33" hai2="113,6,8,22,12,123,107,135,47,92,29,100,9" hai3="71,68,55,36,43,41,119,102,53,127,110,38,79"/><T115/><D115/><U58/><E108/><V5/><F107/><W81/><G102/><T17/><D129/><U103/><E74/><V112/><F47/><W31/><G119/><T120/><D120/><U95/><E35/><V75/><F75/><W60/><G31/><T44/><D73/><U77/><E77/><V26/><F123/><W86/><G110/><T18/><D56/><U89/><E33/><V37/><F37/><N who="3" m="14443" /><G86/><T61/><D61/><U49/><E103/><V51/><F51/><W63/><G81/><T30/><REACH who="0" step="1"/><D2/><REACH who="0" ten="440,130,250,170" step="2"/><U99/><E132/><V93/><F135/><W106/><G127/><T114/><D114/><U87/><E133/><V84/><F113/><W45/><G106/><T69/><D69/><N who="3" m="26697" /><G79/><T1/><D1/><U105/><E58/><V122/><F112/><W97/><G97/><T83/><D83/><N who="1" m="47351" /><E105/><V126/><F122/><W82/><G82/><T54/><D54/><N who="3" m="20489" /><G41/><T118/><D118/><U128/><E128/><V32/><F126/><W104/><G104/><T90/><D90/><U76/><E76/><V124/><F124/><W14/><G14/><T111/><D111/><U70/><E70/><V134/><F134/><W121/><G121/><T125/><D125/><U34/><E34/><V98/><F32/><W65/><G65/><T130/><D130/><U94/><E80/><V52/><F52/><W131/><G131/><T4/><D4/><N who="2" m="1642" /><F12/><W64/><G64/><T117/><D117/><U21/><AGARI ba="2,1" hai="16,21,24,49,50,87,89,94,95,99,101" m="47351" machi="21" ten="30,4000,0" yaku="8,1,52,1,54,1" doraHai="23" who="1" fromWho="1" sc="440,-22,130,56,250,-12,170,-12" /><INIT seed="1,0,0,1,5,34" ten="418,186,238,158" oya="1" hai0="37,3,131,30,100,121,38,61,93,122,79,22,25" hai1="36,41,57,71,4,2,89,16,109,91,85,1,23" hai2="129,97,75,48,65,31,110,128,67,18,82,94,83" hai3="95,56,55,33,118,5,70,127,105,66,76,59,49"/><U50/><E71/><V19/><F31/><W14/><G105/><T53/><D3/><U125/><E4/><V10/><F110/><W102/><G127/><T8/><D79/><U111/><E125/><V80/><F75/><W0/><G118/><T108/><D8/><U39/><E36/><V134/><F48/><W114/><G114/><T73/><D73/><U81/><E39/><V115/><F134/><W101/><G33/><T107/><D107/><U51/><E91/><V126/><F115/><W7/><G70/><T46/><D108/><N who="1" m="41547" /><E50/><V78/><F78/><W77/><G0/><N who="1" m="106" /><E57/><V112/><F112/><W11/><G5/><T106/><D38/><U86/><E86/><V124/><F126/><W62/><REACH who="3" step="1"/><G102/><REACH who="3" ten="418,186,238,148" step="2"/><T88/><D100/><U123/><E123/><V87/><F124/><W54/><G54/><T74/><D53/><U104/><E104/><V113/><F113/><W47/><G47/><T29/><D106/><U130/><E130/><V69/><F69/><W84/><G84/><N who="0" m="52359" /><D131/><U58/><E41/><V98/><F129/><W6/><G6/><T17/><D74/><U15/><E58/><V92/><F128/><W35/><G35/><T32/><D32/><U60/><E51/><V116/><F87/><W52/><G52/><T135/><D121/><U96/><E96/><AGARI ba="0,1" hai="7,11,14,49,55,56,59,62,66,76,77,95,96,101" machi="96" ten="40,5200,0" yaku="1,1,8,1,53,1" doraHai="34" doraHaiUra="90" who="3" fromWho="1" sc="418,0,186,-52,238,0,148,62" /><INIT seed="2,0,0,4,4,108" ten="418,134,238,210" oya="2" hai0="109,74,39,110,68,50,65,47,24,77,34,105,63" hai1="1,79,6,64,32,33,132,3,124,111,0,81,130" hai2="133,114,11,60,99,85,86,61,103,56,52,92,104" hai3="135,27,7,127,12,67,59,78,49,57,25,16,87"/><V26/><F133/><W54/><G127/><T80/><D105/><U55/><E132/><V98/><F114/><W41/><G135/><T84/><D84/><U66/><E124/><V5/><F26/><W97/><G41/><N who="0" m="22975" /><D50/><U48/><E111/><V18/><F18/><W28/><G7/><T53/><D53/><U134/><E134/><V117/><F61/><N who="3" m="38319" /><G97/><T29/><AGARI ba="0,0" hai="24,29,34,63,65,68,74,77,80,109,110" m="22975" machi="29" ten="30,1100,0" yaku="23,1" doraHai="108" who="0" fromWho="0" sc="418,11,134,-3,238,-5,210,-3" /><INIT seed="3,0,0,2,3,109" ten="429,131,233,207" oya="3" hai0="13,133,3,86,10,125,119,78,54,80,24,95,50" hai1="79,25,66,34,121,4,70,126,21,31,98,68,37" hai2="101,61,85,102,45,46,97,15,76,113,22,28,106" hai3="100,9,6,26,93,114,2,112,128,77,41,131,32"/><W72/><G41/><T90/><D119/><U29/><E121/><V38/><F113/><N who="3" m="43627" /><G93/><T111/><D111/><U47/><E126/><V135/><F38/><W5/><G100/><T105/><D125/><U52/><E79/><V124/><F102/><W118/><G118/><T48/><D105/><U120/><E4/><V132/><F124/><W123/><G123/><T20/><D54/><U56/><E120/><V92/><F92/><W91/><G91/><T96/><D3/><U43/><E98/><V30/><F61/><W19/><G6/><N who="0" m="3287" /><D133/><U58/><E58/><V62/><F132/><W94/><G94/><T116/><D116/><U8/><E8/><V103/><F135/><W67/><G67/><T71/><D71/><U0/><E0/><V16/><F62/><W110/><G110/><T7/><D7/><U75/><E75/><V39/><F39/><W60/><G60/><T130/><D50/><U49/><E66/><V84/><F103/><W63/><G63/><T129/><D48/><U14/><REACH who="1" step="1"/><E31/><REACH who="1" ten="429,121,233,207" step="2"/><V36/><F97/><W11/><G11/><T104/><D104/><U69/><E69/><V107/><F106/><W74/><G77/><T44/><D95/><U108/><E108/><V42/><F76/><W99/><G99/><T87/><D96/><U27/><E27/><V17/><F107/><W23/><G72/><T117/><D44/><U35/><E35/><V51/><F101/><W122/><G74/><T57/><D57/><U82/><E82/><V64/><F64/><W59/><G122/><T115/><D115/><U88/><E88/><V89/><F89/><RYUUKYOKU ba="0,1" sc="429,-10,121,30,233,-10,207,-10" hai1="14,21,25,29,34,37,43,47,49,52,56,68,70" owari="429,52.9,151,-34.9,223,2.3,197,-20.3" /></mjloggm>