<mjloggm ver="2.3"><GO type="225" lobby="0"/><UN n0="%E6%9D%B1%E9%A2%A8%E3%81%AE%E3%81%8D%E3%82%83%E3%81%B7%E3%81%95%E3%82%93" n1="%4C%4F%4C%49%54%41" n2="%E3%82%BC%E3%83%AB%E3%83%80%E3%81%AE%E4%BC%9D%E8%AA%AC" n3="%E3%81%AA%E3%82%81%E3%81%93%E9%9B%80%E5%A3%AB" dan="17,16,18,16" rate="2179.48,2197.17,2221.13,2061.83" sx="M,F,M,M"/><TAIKYOKU oya="0"/><INIT seed="0,0,0,1,3,1" ten="250,250,250,250" oya="0" hai0="95,100,102,47,69,30,117,31,106,135,25,110,62" hai1="32,107,65,10,134,94,83,22,0,36,92,12,82" hai2="101,17,98,54,90,75,55,34,14,114,18,88,13" hai3="84,19,11,9,49,131,116,53,72,108,45,33,37"/><T3/><D117/><U2/><E32/><V78/><F34/><W73/><G116/><T61/><D47/><U16/><E36/><V8/><F114/><W80/><G33/><T27/><D3/><U35/><E107/><V105/><F78/><W67/><G37/><T112/><D106/><U97/><E134/><V20/><F75/><W124/><G108/><T4/><D95/><U46/><E46/><V133/><F133/><W41/><G41/><T77/><D135/><U26/><E65/><V6/><F55/><W127/><G131/><T91/><D77/><U63/><E63/><V40/><F40/><W79/><G67/><T56/><D56/><U50/><E50/><V132/><F132/><W122/><G11/><T51/><D51/><U87/><E94/><V81/><F81/><W119/><G122/><T130/><D91/><U121/><E121/><V39/><F39/><W125/><G119/><T96/><D96/><U23/><E23/><V129/><F129/><W42/><G42/><T48/><D48/><U93/><E93/><V113/><F113/><W126/><N who="3" m="31744" /><DORA hai="59" /><W85/><G85/><T57/><D57/><U109/><E109/><V58/><F17/><W38/><G38/><T28/><D110/><U64/><E64/><V68/><F68/><W21/><G21/><T29/><D112/><U111/><E111/><V66/><F66/><W15/><AGARI ba="0,0" hai="9,15,19,45,49,53,72,73,79,80,84" m="31744" machi="15" ten="60,4000,0" yaku="0,1,18,1" doraHai="1,59" who="3" fromWho="3" sc="250,-20,250,-10,250,-10,250,40" /><INIT seed="1,0,0,2,3,128" ten="230,240,240,290" oya="1" hai0="75,34,61,53,58,62,68,31,18,106,124,49,125" hai1="26,38,117,59,126,80,130,71,96,43,118,121,102" hai2="129,6,87,119,48,88,74,133,107,82,70,27,63" hai3="86,11,72,115,64,99,111,32,105,123,8,55,41"/><U5/><E71/><V65/><F119/><W45/><G72/><T116/><D75/><U90/><E121/><V51/><F129/><W127/><G32/><T39/><D106/><U52/><E130/><V83/><F107/><W113/><G123/><T2/><D2/><U79/><E126/><N who="0" m="48745" /><D34/><U22/><E90/><V69/><F133/><W19/><G64/><N who="0" m="40975" /><D31/><U56/><E5/><V42/><F69/><W0/><G11/><T35/><D18/><U17/><E56/><V25/><F6/><W36/><G19/><T112/><D35/><U91/><E91/><V109/><F109/><W14/><G14/><T100/><D100/><U7/><E7/><V4/><F4/><W81/><G8/><T23/><D23/><U122/><E122/><V94/><F82/><W40/><G111/><T114/><D116/><U104/><E38/><V84/><F74/><W50/><G36/><T30/><D30/><U131/><E43/><V101/><F42/><W37/><G40/><T120/><D120/><U44/><E44/><V132/><F101/><N who="3" m="62655" /><G0/><T15/><D39/><U1/><E1/><V66/><F66/><W110/><G110/><T3/><D3/><U78/><E131/><V67/><F67/><W29/><G127/><T73/><D73/><N who="1" m="43087" /><E79/><N who="2" m="46207" /><F132/><W33/><G41/><T13/><D13/><U9/><E9/><V95/><F95/><W135/><G135/><T97/><D15/><U89/><E89/><V20/><F20/><W98/><G37/><T103/><D62/><N who="1" m="36199" /><E118/><V60/><F60/><W21/><G33/><T77/><D77/><U134/><E117/><V12/><F12/><RYUUKYOKU ba="0,0" sc="230,10,240,10,240,10,290,-30" hai0="49,53,58,97,103,112,114" hai1="17,22,26,96,102,104,134" hai2="25,27,48,51,63,65,70,87,88,94" /><INIT seed="1,1,0,4,1,9" ten="240,250,250,260" oya="1" hai0="25,131,116,102,28,124,3,73,83,132,39,62,125" hai1="65,18,89,44,99,53,94,69,110,26,60,11,123" hai2="71,107,81,51,4,30,119,38,79,7,72,21,56" hai3="98,93,126,84,92,108,43,46,20,130,82,50,129"/><U57/><E123/><V10/><F119/><W47/><G108/><T66/><D116/><U6/><E110/><V90/><F71/><W80/><G126/><N who="0" m="48747" /><D102/><U85/><E44/><V45/><F107/><W36/><G20/><T133/><D39/><U122/><E122/><V54/><F90/><W135/><G135/><N who="0" m="51787" /><D73/><U101/><E26/><V70/><F70/><W15/><G93/><T49/><D83/><U106/><E18/><V104/><F104/><W64/><G64/><T29/><D3/><U55/><REACH who="1" step="1"/><E69/><REACH who="1" ten="240,240,250,260" step="2"/><V76/><F45/><W113/><G47/><T40/><D25/><U87/><E87/><V42/><F72/><W59/><G84/><T13/><D13/><AGARI ba="1,1" hai="6,11,13,53,55,57,60,65,85,89,94,99,101,106" machi="13" ten="30,5800,0" yaku="1,1,7,1,52,1,53,0" doraHai="9" doraHaiUra="105" who="1" fromWho="0" sc="240,-61,240,71,250,0,260,0" /><INIT seed="1,2,0,5,5,82" ten="179,311,250,260" oya="1" hai0="77,88,30,63,36,22,109,107,46,4,31,102,37" hai1="114,15,123,18,40,58,25,83,44,35,28,13,38" hai2="55,54,80,7,20,3,97,60,26,69,47,0,5" hai3="135,89,118,87,50,39,34,52,11,14,95,65,76"/><U91/><E114/><V101/><F0/><W133/><G34/><T122/><D122/><U131/><E123/><V93/><F3/><W1/><G1/><T21/><D109/><U10/><E131/><V127/><F127/><W86/><G65/><T129/><D129/><U125/><E125/><V134/><F134/><N who="3" m="51211" /><G39/><T66/><D4/><U112/><E112/><V19/><F69/><W53/><G118/><T45/><D77/><U24/><E24/><V130/><F130/><W67/><G67/><T71/><D102/><U72/><E58/><N who="2" m="34903" /><F80/><N who="3" m="47367" /><G50/><AGARI ba="2,0" hai="5,7,19,20,26,47,50,55,93,97,101" m="34903" machi="50" ten="30,1000,0" yaku="8,1" doraHai="82" who="2" fromWho="3" sc="179,0,311,0,250,16,260,-16" /><INIT seed="2,0,0,3,0,16" ten="179,311,266,244" oya="2" hai0="126,114,32,127,75,56,50,109,6,12,73,69,17" hai1="102,120,119,44,52,36,57,104,26,135,33,41,83" hai2="31,47,71,53,99,121,87,49,28,51,107,2,112" hai3="98,63,108,4,38,40,24,35,82,18,105,89,62"/><V128/><F112/><W59/><G108/><T133/><D69/><U66/><E119/><V78/><F2/><W124/><G124/><T92/><D114/><U29/><E135/><V117/><F117/><W77/><G4/><T67/><D32/><U88/><E120/><V116/><F116/><W60/><G40/><T113/><D113/><U90/><E66/><V81/><F71/><W39/><G35/><T54/><D133/><U25/><E25/><V85/><F121/><W76/><G105/><T79/><D109/><U42/><E42/><V103/><F128/><W7/><G7/><T84/><D6/><U91/><E102/><V95/><F107/><W13/><G24/><T74/><D67/><U80/><REACH who="1" step="1"/><E104/><REACH who="1" ten="179,301,266,244" step="2"/><V43/><REACH who="2" step="1"/><F87/><REACH who="2" ten="179,301,256,244" step="2"/><N who="3" m="50423" /><G98/><T15/><D15/><U61/><AGARI ba="0,2" hai="26,29,33,36,41,44,52,57,61,80,83,88,90,91" machi="61" ten="30,7900,0" yaku="1,1,0,1,54,2,53,0" doraHai="16" doraHaiUra="10" who="1" fromWho="1" sc="179,-20,301,99,256,-39,244,-20" /><INIT seed="3,0,0,1,1,108" ten="159,400,217,224" oya="3" hai0="19,53,9,49,55,44,17,57,118,92,30,74,84" hai1="99,76,90,116,47,91,119,15,128,60,77,52,16" hai2="32,50,134,83,46,25,1,33,41,109,94,78,112" hai3="12,104,43,63,72,61,117,95,85,97,23,10,98"/><W28/><G72/><T123/><D74/><U70/><E128/><V114/><F1/><W20/><G117/><N who="1" m="45130" /><E47/><V121/><F109/><W105/><G43/><T107/><D107/><U59/><E70/><V4/><F94/><W29/><G95/><T69/><D69/><U111/><E111/><V110/><F110/><W5/><G85/><T124/><D124/><U40/><E40/><V22/><F4/><W100/><G5/><T14/><D118/><U71/><E71/><V38/><F50/><W120/><G12/><T96/><D123/><U87/><E99/><V130/><F130/><W56/><G56/><T103/><D30/><U64/><E64/><V129/><F129/><W8/><REACH who="3" step="1"/><G100/><REACH who="3" ten="159,400,217,214" step="2"/><T18/><REACH who="0" step="1"/><D84/><REACH who="0" ten="149,400,217,214" step="2"/><U125/><E87/><V86/><F86/><W13/><G13/><T65/><D65/><U127/><E59/><V75/><F75/><W89/><G89/><T7/><D7/><U54/><E91/><V42/><F121/><AGARI ba="0,2" hai="8,10,20,23,28,29,61,63,97,98,104,105,120,121" machi="121" ten="25,4800,0" yaku="1,1,22,2,53,0" doraHai="108" doraHaiUra="36" who="3" fromWho="2" sc="149,0,400,0,217,-48,214,68" /><INIT seed="3,1,0,1,1,40" ten="149,400,169,282" oya="3" hai0="81,58,5,133,57,73,106,109,92,91,103,119,134" hai1="105,42,55,78,108,12,126,67,48,111,20,26,35" hai2="135,104,93,2,32,112,86,98,69,84,95,49,129" hai3="44,60,110,124,38,83,56,46,128,10,82,17,65"/><W85/><G38/><T13/><D5/><U24/><E105/><V132/><F112/><W102/><G128/><T21/><D13/><U120/><E120/><V114/><F114/><W74/><G124/><T75/><D21/><U19/><E126/><V88/><F129/><W99/><G74/><T47/><D119/><U127/><E127/><V25/><F69/><W101/><G83/><T22/><D22/><U96/><E35/><V71/><F71/><W80/><G80/><T68/><D68/><U33/><E33/><V4/><F104/><W66/><G66/><T94/><D109/><N who="1" m="42059" /><E67/><V123/><F123/><W121/><G121/><T53/><D106/><U41/><E96/><V28/><F49/><W54/><G65/><T90/><D103/><N who="3" m="39433" /><G99/><T43/><D81/><U59/><E78/><V9/><F98/><W31/><G31/><T52/><D43/><AGARI ba="1,0" hai="12,19,20,24,26,41,42,43,48,55,59" m="42059" machi="43" ten="30,1000,0" yaku="14,1" doraHai="40" who="1" fromWho="0" sc="149,-13,400,13,169,0,282,0" owari="136,-36.4,413,51.3,169,-23.1,282,8.2" /></mjloggm>