<mjloggm ver="2.3"><GO type="225" lobby="0"/><UN n0="%43%68%65" n1="%E3%81%AF%E3%82%88%E3%81%8A%E3%81%98%E3%81%95%E3%82%93" n2="%E3%81%AA%E3%81%A1%30%39%32%37" n3="%E3%83%A9%E3%83%BC%E3%83%A1%E3%83%B3%E4%BA%94%E9%83%8E" dan="16,17,16,16" rate="2170.36,2186.78,2087.68,2047.48" sx="M,M,M,M"/><TAIKYOKU oya="0"/><INIT seed="0,0,0,5,1,71" ten="250,250,250,250" oya="0" hai0="45,83,62,103,84,10,55,123,91,58,18,128,116" hai1="7,135,94,6,12,59,100,34,82,48,108,38,72" hai2="69,61,90,76,110,57,50,125,23,33,20,16,47" hai3="115,31,46,122,26,106,32,52,35,119,99,101,113"/><T85/><D116/><U60/><E34/><V121/><F121/><W44/><G119/><T95/><D123/><U126/><E108/><V78/><F110/><W49/><G122/><T102/><D128/><U68/><E126/><V89/><F33/><W88/><G35/><T30/><D30/><U117/><E117/><V129/><F69/><W11/><G11/><T63/><D63/><U77/><E135/><V42/><F129/><W43/><REACH who="3" step="1"/><G88/><REACH who="3" ten="250,250,250,240" step="2"/><N who="2" m="33897" /><F125/><W65/><G65/><T111/><D111/><U67/><E67/><N who="2" m="39343" /><F23/><W28/><G28/><T92/><D10/><U1/><E1/><V2/><F2/><W79/><G79/><T74/><D91/><U81/><E77/><V36/><F36/><AGARI ba="0,1" hai="26,31,32,36,43,44,46,49,52,99,101,106,113,115" machi="36" ten="30,7700,0" yaku="1,1,7,1,52,1,54,1,53,0" doraHai="71" doraHaiUra="17" who="3" fromWho="2" sc="250,0,250,0,250,-77,240,87" /><INIT seed="1,0,0,2,0,45" ten="250,250,173,327" oya="1" hai0="80,83,31,96,103,26,69,66,14,131,50,64,127" hai1="125,30,100,91,113,54,94,47,38,21,79,67,61" hai2="6,63,8,107,75,90,92,120,16,110,128,18,2" hai3="57,55,42,74,76,49,39,129,44,84,62,133,22"/><U86/><E113/><V104/><F120/><W11/><G74/><T10/><D131/><U98/><E125/><V4/><F110/><W9/><G129/><T108/><D108/><U111/><E111/><V19/><F128/><W0/><G133/><T43/><D127/><U17/><E30/><V23/><F75/><W52/><G0/><T95/><D69/><U118/><E118/><V13/><F6/><W33/><G33/><T121/><D121/><U99/><E79/><V25/><F63/><W132/><G132/><T71/><D71/><U109/><E109/><V37/><F37/><W77/><G22/><T32/><D83/><U40/><E54/><N who="3" m="20522" /><G39/><T1/><D80/><U53/><E53/><V117/><F117/><W15/><G84/><T123/><D1/><U126/><E126/><V51/><F51/><W65/><G9/><T28/><D28/><U87/><E87/><V112/><F112/><W102/><G102/><T36/><D36/><U130/><E130/><V7/><F104/><W20/><G20/><T27/><D27/><U124/><E124/><V93/><F107/><W3/><G3/><T78/><D78/><U73/><E73/><V135/><F135/><W89/><G89/><T29/><D29/><U59/><REACH who="1" step="1"/><E100/><REACH who="1" ten="250,240,173,327" step="2"/><V60/><F60/><W122/><G122/><T134/><D134/><U12/><AGARI ba="0,1" hai="12,17,21,38,40,47,59,61,67,86,91,94,98,99" machi="12" ten="20,7800,0" yaku="1,1,2,1,0,1,7,1,53,0" doraHai="45" doraHaiUra="97" who="1" fromWho="1" sc="250,-26,240,88,173,-26,327,-26" /><INIT seed="1,1,0,3,4,128" ten="224,328,147,301" oya="1" hai0="90,55,30,112,70,18,81,121,24,129,76,27,15" hai1="97,29,86,50,37,3,109,80,107,62,100,68,104" hai2="13,56,58,82,36,71,105,130,119,20,28,49,38" hai3="75,16,88,0,69,34,85,124,17,106,43,32,67"/><U114/><E37/><V25/><F130/><W53/><G106/><T87/><D129/><U7/><E114/><V98/><F119/><W127/><G75/><T77/><D112/><U122/><E122/><V57/><F71/><W19/><G0/><T42/><D121/><U73/><E109/><V117/><F117/><W101/><G101/><T21/><D70/><U6/><E104/><V8/><F49/><W64/><G43/><T103/><D103/><U115/><E115/><V113/><F113/><W2/><G2/><T72/><D42/><U10/><E7/><V94/><F105/><W9/><G53/><T110/><D110/><U12/><E29/><V5/><REACH who="2" step="1"/><F82/><REACH who="2" ten="224,328,137,301" step="2"/><N who="3" m="49207" /><G69/><T61/><D81/><U59/><E50/><V23/><F23/><W47/><G34/><T91/><D21/><U48/><E48/><V63/><F63/><W26/><G32/><T96/><D61/><U78/><E68/><V123/><F123/><W51/><G127/><T11/><D11/><U54/><E62/><V102/><AGARI ba="1,1" hai="5,8,13,20,25,28,36,38,56,57,58,94,98,102" machi="102" ten="30,2000,0" yaku="1,1,0,1,53,0" doraHai="128" doraHaiUra="41" who="2" fromWho="2" sc="224,-6,328,-11,137,33,301,-6" /><INIT seed="2,0,0,1,2,111" ten="218,317,170,295" oya="2" hai0="121,39,74,22,10,53,54,11,101,25,35,80,13" hai1="127,100,89,40,117,87,5,48,41,135,123,97,130" hai2="75,4,108,69,95,12,96,84,73,70,113,104,0" hai3="109,29,56,83,66,60,30,71,34,92,91,94,2"/><V102/><F113/><W133/><G2/><T76/><D121/><U98/><E117/><V45/><F108/><W88/><G109/><T64/><D35/><U85/><E123/><V23/><F0/><W86/><G133/><T122/><D122/><U132/><E5/><V107/><F45/><W44/><G71/><T112/><D39/><U129/><E127/><V38/><F38/><W78/><G34/><T18/><D112/><U81/><E48/><V134/><F134/><N who="1" m="51241" /><E85/><V62/><F62/><W42/><G91/><T116/><D116/><U8/><E8/><V106/><F84/><N who="3" m="48247" /><G94/><T52/><D101/><U32/><E32/><V58/><F75/><W51/><AGARI ba="0,0" hai="29,30,42,44,51,56,60,66,86,88,92" m="48247" machi="51" ten="30,2000,0" yaku="8,1,54,1" doraHai="111" who="3" fromWho="3" sc="218,-5,317,-5,170,-10,295,20" /><INIT seed="3,0,0,5,2,60" ten="213,312,160,315" oya="3" hai0="83,64,5,26,114,34,116,106,122,62,127,115,126" hai1="51,66,92,103,110,44,35,15,72,112,63,131,43" hai2="132,119,31,78,40,57,121,49,130,23,65,117,7" hai3="74,85,111,76,68,71,81,41,28,27,73,125,88"/><W32/><G125/><N who="0" m="47627" /><D116/><U82/><E112/><N who="0" m="43049" /><D122/><U113/><E113/><V120/><F7/><W77/><G111/><T94/><D106/><U22/><E35/><V18/><F78/><W107/><G107/><T39/><D39/><U123/><E123/><N who="2" m="47179" /><F31/><W12/><G76/><T124/><N who="0" m="47635" /><T42/><DORA hai="52" /><D42/><U3/><E3/><V105/><F105/><W53/><G73/><T54/><D54/><U8/><E110/><V128/><F132/><W135/><G135/><T89/><D83/><U129/><E22/><V48/><F40/><W104/><G104/><T55/><D55/><U16/><E82/><V100/><F100/><W96/><G53/><T30/><D5/><U79/><E72/><V11/><F11/><W95/><G41/><T25/><D30/><U86/><E79/><V24/><F48/><W87/><G12/><T6/><D6/><U59/><E103/><V29/><F49/><W97/><G97/><N who="0" m="57551" /><D34/><U20/><E8/><V36/><F36/><W19/><G19/><T2/><D2/><U75/><E75/><V50/><F50/><W4/><G4/><T1/><D1/><U47/><E44/><V0/><F0/><W69/><AGARI ba="0,0" hai="27,28,32,68,69,71,74,77,81,85,87,88,95,96" machi="69" ten="30,3000,0" yaku="0,1,54,1" doraHai="60,52" who="3" fromWho="3" sc="213,-10,312,-10,160,-10,315,30" owari="203,-19.7,302,10.2,150,-35.0,345,44.5" /></mjloggm>