<mjloggm ver="2.3"><GO type="225" lobby="0"/><UN n0="%6B%79%6F%6E%6B%6F%31%31" n1="%E3%82%82%E3%81%90%E3%82%89" n2="%E6%98%93%E5%88%A9%E8%96%A9%E4%BC%AF" n3="%E4%B8%89%E5%86%A0%E7%8E%8B%E3%83%BB%E5%B1%B1%E7%94%B0%E5%93%B2%E4%BA%BA" dan="17,16,16,16" rate="2218.91,2223.03,2085.86,2151.20" sx="M,M,F,M"/><TAIKYOKU oya="0"/><INIT seed="0,0,0,3,3,63" ten="250,250,250,250" oya="0" hai0="114,17,69,104,38,2,135,43,57,126,1,75,129" hai1="77,72,4,35,25,74,92,30,49,10,50,12,67" hai2="55,44,53,97,110,34,101,116,65,119,106,84,66" hai3="7,39,58,96,130,86,16,8,46,98,111,90,59"/><T52/><RYUUKYOKU type="yao9" ba="0,0" sc="250,0,250,0,250,0,250,0" hai0="1,2,17,38,43,52,57,69,75,104,114,126,129,135" /><INIT seed="0,1,0,0,1,55" ten="250,250,250,250" oya="0" hai0="84,4,36,106,7,48,113,41,98,3,17,122,22" hai1="30,43,102,49,94,24,110,71,86,132,104,100,87" hai2="62,88,133,117,92,107,21,81,91,52,77,26,118" hai3="129,82,121,42,54,89,31,65,79,72,60,114,83"/><T45/><D122/><U130/><E71/><V19/><F107/><W67/><G114/><T0/><D113/><U46/><E110/><V8/><F133/><W131/><G121/><T119/><D119/><N who="2" m="45578" /><F92/><W39/><G31/><T78/><D36/><U109/><E109/><V13/><F77/><W96/><G54/><T85/><D0/><U23/><E132/><V124/><F81/><W1/><G1/><T51/><D51/><U75/><E75/><V80/><F80/><W29/><G29/><T103/><D78/><U59/><E130/><V38/><F38/><W34/><G34/><T73/><D73/><U135/><E135/><V63/><F124/><W116/><G116/><T15/><REACH who="0" step="1"/><D3/><REACH who="0" ten="240,250,250,250" step="2"/><U50/><E50/><V99/><F99/><W90/><G96/><T101/><D101/><U127/><E102/><V76/><F76/><W11/><G79/><T70/><D70/><U108/><E108/><V18/><F63/><W64/><G60/><T2/><D2/><U105/><E100/><V66/><F66/><W10/><G65/><T58/><D58/><AGARI ba="1,1" hai="8,13,18,19,21,26,52,58,62,88,91" m="45578" machi="58" ten="30,7700,0" yaku="12,1,52,1,54,2" doraHai="55" who="2" fromWho="0" sc="240,-80,250,0,250,90,250,0" /><INIT seed="1,0,0,0,1,109" ten="160,250,340,250" oya="1" hai0="68,42,82,107,51,47,92,36,50,98,89,65,7" hai1="129,14,115,86,58,71,60,78,75,31,52,43,69" hai2="85,21,84,83,106,40,4,94,16,2,91,126,49" hai3="64,32,17,122,34,30,24,39,23,8,108,127,100"/><U44/><E129/><V11/><F126/><W56/><G39/><T77/><D107/><U112/><E75/><V116/><F116/><W38/><G38/><T123/><D123/><U90/><E78/><V26/><F106/><W18/><G122/><T111/><D111/><U128/><E31/><V101/><F101/><W55/><G108/><T79/><D79/><U132/><E14/><V22/><F22/><W57/><G127/><T3/><D65/><U12/><E12/><V73/><F73/><W74/><G74/><T119/><D68/><N who="1" m="26187" /><E86/><V80/><REACH who="2" step="1"/><F84/><REACH who="2" ten="160,250,330,250" step="2"/><W63/><G23/><T133/><D119/><U81/><E128/><V53/><F53/><W118/><G55/><T54/><D133/><U67/><E132/><V102/><F102/><W130/><G100/><T46/><D77/><U121/><E90/><V0/><F0/><W20/><G118/><T131/><D131/><U5/><E121/><V29/><F29/><W105/><G105/><T1/><D1/><U87/><E52/><V103/><F103/><W37/><G130/><T104/><D104/><U99/><E87/><V95/><F95/><W19/><G30/><T27/><D82/><U124/><E124/><V28/><F28/><W76/><G20/><T9/><D54/><U113/><E81/><V33/><F33/><W48/><G32/><T25/><D47/><AGARI ba="0,1" hai="2,4,11,16,21,26,40,47,49,80,83,85,91,94" machi="47" ten="40,2600,0" yaku="1,1,54,1,53,0" doraHai="109" doraHaiUra="120" who="2" fromWho="0" sc="160,-26,250,0,330,36,250,0" /><INIT seed="2,0,0,0,0,121" ten="134,250,366,250" oya="2" hai0="59,29,54,39,96,45,61,76,125,53,17,48,27" hai1="88,113,23,129,68,132,57,104,97,63,109,117,15" hai2="131,80,92,46,99,128,115,86,72,107,0,41,58" hai3="42,122,65,60,19,35,75,40,24,2,8,91,64"/><V133/><F115/><W47/><G122/><T100/><D125/><U13/><E117/><V114/><F114/><W16/><G75/><T134/><D134/><U30/><E113/><V18/><F0/><W111/><G111/><T74/><D39/><U43/><E132/><V127/><F127/><W87/><G42/><T1/><D1/><U81/><E129/><V55/><F133/><W69/><G64/><T22/><D74/><U37/><E68/><V20/><F107/><W73/><G73/><T103/><D76/><U5/><E109/><V3/><F3/><W50/><G35/><T79/><D79/><U78/><E43/><V105/><F105/><W89/><G24/><T67/><D17/><U102/><E37/><V77/><F72/><W126/><G91/><T116/><D116/><U4/><E78/><V110/><F110/><W106/><G106/><T6/><D6/><U130/><E130/><V94/><F99/><W118/><G118/><T83/><D83/><U33/><E33/><V32/><F32/><W82/><REACH who="3" step="1"/><G126/><REACH who="3" ten="134,250,366,240" step="2"/><T25/><D25/><N who="1" m="16703" /><E104/><V119/><F119/><W9/><G9/><T26/><D26/><U31/><E102/><V62/><F128/><W135/><G135/><T98/><D103/><U12/><E31/><V84/><F131/><W21/><G21/><T101/><D100/><U120/><E120/><V85/><F77/><W38/><G38/><T124/><D124/><U28/><E28/><V123/><F123/><W10/><G10/><T112/><D112/><U11/><E11/><V66/><F20/><W7/><AGARI ba="0,1" hai="2,7,8,16,19,40,47,50,60,65,69,82,87,89" machi="7" ten="30,4000,0" yaku="1,1,0,1,54,1,53,0" doraHai="121" doraHaiUra="90" who="3" fromWho="3" sc="134,-10,250,-10,366,-20,240,50" /><INIT seed="3,0,0,4,5,98" ten="124,240,346,290" oya="3" hai0="58,1,111,79,81,87,103,12,76,73,50,123,9" hai1="85,28,102,99,83,40,5,93,48,23,124,45,88" hai2="77,107,110,41,10,82,106,20,108,25,89,19,94" hai3="96,127,49,7,2,22,135,17,57,115,121,62,43"/><W37/><G115/><T15/><D111/><N who="2" m="42538" /><F41/><W6/><G121/><T114/><D114/><U0/><E0/><V118/><F118/><W119/><G119/><T35/><D35/><U30/><E124/><V109/><F109/><W51/><G135/><T133/><D133/><U66/><E5/><V14/><F94/><W55/><G127/><T125/><D125/><U3/><E3/><V32/><F89/><W104/><G37/><T101/><D1/><U46/><E66/><V47/><F47/><W59/><G2/><T130/><D130/><U29/><REACH who="1" step="1"/><E46/><REACH who="1" ten="124,230,346,290" step="2"/><V113/><F113/><W91/><G43/><T132/><D132/><U69/><E69/><V56/><F56/><W61/><G6/><T68/><D68/><U100/><E100/><N who="0" m="38473" /><D123/><U24/><AGARI ba="0,1" hai="23,24,28,29,30,40,45,48,83,85,88,93,99,102" machi="24" ten="30,8000,1" yaku="1,1,0,1,8,1,52,1,54,1,53,0" doraHai="98" doraHaiUra="52" who="1" fromWho="1" sc="124,-20,230,90,346,-20,290,-40" owari="104,-39.6,320,12.0,326,42.6,250,-15.0" /></mjloggm>