<mjloggm ver="2.3"><GO type="225" lobby="0"/><UN n0="%E7%B4%94%E6%BD%94%E3%83%94%E3%83%A9%E3%83%8B%E3%82%A2" n1="%E7%B4%AB%E3%81%AE%E9%8F%A1" n2="%E3%82%AD%E3%83%AA%E3%83%B3%E3%82%AD%E3%83%AA%E3%83%B3" n3="%E8%81%B7%E6%A5%AD%E3%80%81%E9%A2%A8%32" dan="16,16,16,16" rate="2151.74,2037.79,2053.15,2115.07" sx="M,M,M,M"/><TAIKYOKU oya="0"/><INIT seed="0,0,0,1,4,55" ten="250,250,250,250" oya="0" hai0="82,69,113,88,81,66,33,123,0,91,54,70,10" hai1="100,60,42,78,102,108,62,57,6,73,79,121,104" hai2="126,128,52,15,135,119,65,19,28,23,72,133,85" hai3="50,106,117,27,76,109,21,56,47,105,48,86,14"/><T53/><D33/><U112/><E121/><V11/><F72/><W22/><G117/><T97/><D0/><U92/><E104/><V4/><F119/><W29/><G109/><T2/><D2/><U12/><E108/><V83/><F28/><W7/><G105/><T36/><D36/><U39/><E112/><V25/><F65/><W75/><G75/><T17/><D66/><U77/><E73/><V45/><F126/><W89/><G106/><T95/><D97/><U8/><E62/><V114/><F128/><W84/><G76/><T68/><D68/><U3/><E3/><V71/><F71/><W107/><G107/><T129/><D10/><U74/><E74/><V20/><F20/><W87/><G89/><T99/><D99/><U58/><E92/><V101/><F101/><W24/><G7/><T64/><D64/><U96/><E96/><V30/><F4/><W16/><G56/><N who="1" m="21610" /><E39/><V63/><F114/><W134/><G134/><T40/><D95/><U130/><E130/><V34/><F34/><W49/><REACH who="3" step="1"/><G27/><REACH who="3" ten="250,250,250,240" step="2"/><T5/><D129/><U9/><E60/><V43/><F133/><W18/><G18/><T44/><D17/><N who="1" m="8327" /><E42/><AGARI ba="0,1" hai="14,16,21,22,24,29,42,47,48,49,50,84,86,87" machi="42" ten="40,8000,1" yaku="1,1,8,1,54,1,53,1" doraHai="55" doraHaiUra="37" who="3" fromWho="1" sc="250,0,250,-80,250,0,240,90" /><INIT seed="1,0,0,0,3,71" ten="250,170,250,330" oya="1" hai0="122,31,105,0,99,127,114,118,94,107,8,20,61" hai1="50,32,13,128,113,84,124,73,18,59,24,27,57" hai2="67,41,75,72,96,58,17,125,10,48,39,82,9" hai3="88,55,28,15,135,76,97,123,54,120,87,89,110"/><U23/><E73/><V3/><F3/><W45/><G110/><T2/><D118/><U83/><E113/><V90/><F67/><W102/><G135/><T132/><D114/><U85/><E124/><V14/><F125/><W74/><G28/><T12/><D122/><U63/><E128/><V42/><F75/><W6/><G74/><T46/><D46/><U49/><E59/><V60/><F72/><W56/><G45/><T16/><D132/><U111/><E111/><V117/><F48/><N who="1" m="18537" /><E32/><V26/><F26/><N who="1" m="9769" /><E83/><V108/><F108/><W29/><G120/><T129/><D31/><U7/><E7/><V92/><F82/><N who="3" m="47559" /><G29/><T22/><D2/><U40/><E40/><V62/><F117/><W77/><G123/><T79/><D0/><U25/><N who="1" m="9777" /><U36/><DORA hai="100" /><E36/><V101/><F39/><W133/><G56/><T21/><D127/><U106/><E106/><V134/><F134/><W30/><G6/><T130/><D79/><U115/><E115/><V34/><F34/><W93/><G77/><T70/><D70/><U78/><E78/><V51/><F42/><W38/><G38/><T44/><D44/><U64/><AGARI ba="0,0" hai="13,18,23,57,63,64,84,85" m="9777,18537" machi="64" ten="40,2100,0" yaku="8,1" doraHai="71,100" who="1" fromWho="1" sc="250,-7,170,21,250,-7,330,-7" /><INIT seed="1,1,0,3,0,95" ten="243,191,243,323" oya="1" hai0="72,113,57,39,68,119,82,27,123,131,94,37,114" hai1="118,111,31,65,101,24,7,122,25,22,56,128,69" hai2="71,34,53,2,112,132,30,110,66,79,49,107,54" hai3="108,89,17,85,70,96,11,61,3,35,20,84,55"/><U4/><E118/><V5/><F107/><W102/><G108/><T14/><D68/><U125/><E122/><V117/><F71/><W41/><G35/><T28/><D57/><U46/><E69/><V74/><F66/><W26/><G41/><T9/><D131/><U99/><E128/><V78/><F54/><W50/><G70/><T115/><D119/><U0/><E111/><V63/><F63/><W58/><G3/><T135/><D135/><U48/><E125/><V44/><F112/><W18/><G11/><T13/><D82/><U120/><E120/><V12/><F74/><W104/><G85/><T21/><D72/><U121/><E121/><V129/><F129/><W19/><REACH who="3" step="1"/><G61/><REACH who="3" ten="243,191,243,313" step="2"/><T103/><D123/><U10/><E0/><V92/><F110/><W67/><G67/><T90/><D9/><U60/><E10/><V42/><F2/><W130/><G130/><T43/><D43/><N who="1" m="24671" /><E25/><V52/><F117/><W80/><AGARI ba="1,1" hai="17,18,19,20,26,50,55,58,80,84,89,96,102,104" machi="80" ten="20,5200,0" yaku="1,1,0,1,7,1,52,1,53,0" doraHai="95" doraHaiUra="33" who="3" fromWho="3" sc="243,-14,191,-27,243,-14,313,65" /><INIT seed="2,0,0,3,5,122" ten="229,164,229,378" oya="2" hai0="82,102,1,48,3,125,32,89,59,41,63,114,19" hai1="97,100,40,108,116,118,56,37,117,61,68,0,49" hai2="93,113,120,15,24,38,110,76,81,112,124,22,80" hai3="134,66,128,54,88,44,129,36,92,84,77,99,12"/><V45/><F120/><W127/><G134/><T133/><D32/><U106/><E0/><V35/><F35/><W132/><G132/><T25/><D102/><U78/><E78/><V57/><F93/><W28/><G127/><T7/><D125/><U126/><E126/><V50/><F80/><N who="3" m="47119" /><G28/><T131/><D7/><U71/><E37/><V14/><F57/><W39/><G66/><T109/><D114/><U72/><E72/><V86/><F38/><W27/><G12/><T34/><D131/><N who="3" m="50249" /><G27/><T83/><D41/><U10/><E10/><V11/><F124/><W58/><G44/><T47/><D47/><U85/><E85/><V18/><F110/><W94/><G92/><T104/><D109/><U17/><E17/><V103/><F103/><W21/><G21/><T33/><D104/><U67/><REACH who="1" step="1"/><E108/><REACH who="1" ten="229,154,229,378" step="2"/><V98/><F98/><W105/><G36/><T29/><D19/><U130/><E130/><V96/><F96/><W95/><G39/><T70/><D1/><U20/><E20/><V31/><REACH who="2" step="1"/><F15/><REACH who="2" ten="229,154,219,378" step="2"/><W65/><G99/><T74/><D3/><U135/><E135/><V52/><AGARI ba="0,2" hai="11,14,18,22,24,31,45,50,52,76,81,86,112,113" machi="52" ten="20,12000,1" yaku="1,1,2,1,0,1,7,1,54,1,53,0" doraHai="122" doraHaiUra="55" who="2" fromWho="2" sc="229,-40,154,-40,219,140,378,-40" /><INIT seed="2,1,0,2,3,44" ten="189,114,359,338" oya="2" hai0="95,133,131,99,85,48,125,100,112,49,55,107,105" hai1="5,98,26,12,102,87,47,13,10,123,33,46,120" hai2="92,91,88,1,122,67,42,16,20,71,70,73,23" hai3="58,62,50,0,132,113,11,126,57,36,17,18,53"/><V60/><F73/><W69/><G36/><T19/><D112/><U124/><E124/><V2/><F23/><W43/><G113/><T32/><D125/><U114/><E114/><V52/><F91/><W45/><G126/><T80/><D131/><U25/><E87/><V135/><F42/><W51/><G132/><T41/><D133/><U35/><E98/><V84/><F70/><W109/><G109/><T21/><D32/><N who="1" m="12363" /><E102/><V82/><F122/><N who="1" m="46633" /><E47/><V24/><F135/><W106/><G106/><T75/><D41/><U3/><E46/><V66/><F66/><W37/><G69/><T119/><D55/><U101/><E101/><V103/><F103/><W74/><G74/><T38/><D38/><U94/><E94/><V30/><F92/><W4/><G37/><T7/><D119/><U68/><E68/><V108/><F108/><W8/><G8/><T96/><D96/><U9/><E3/><V15/><F52/><AGARI ba="1,0" hai="0,4,11,17,18,43,45,50,51,52,53,57,58,62" machi="52" ten="30,7700,0" yaku="7,1,52,2,54,1" doraHai="44" who="3" fromWho="2" sc="189,0,114,0,359,-80,338,80" /><INIT seed="3,0,0,0,4,22" ten="189,114,279,418" oya="3" hai0="122,7,51,50,17,131,55,46,107,114,43,89,87" hai1="82,25,40,35,117,116,96,9,10,73,119,18,48" hai2="129,64,74,70,86,16,37,60,3,62,128,134,32" hai3="2,53,0,69,120,27,26,133,101,65,44,63,105"/><W42/><G120/><T56/><D122/><U68/><E68/><V24/><F74/><W28/><G27/><T59/><D107/><U12/><E96/><V76/><F37/><W88/><G133/><T67/><D131/><N who="2" m="50250" /><F134/><W6/><G6/><T80/><D114/><U29/><E9/><V113/><F3/><W106/><G53/><T125/><D125/><U103/><E103/><V81/><F32/><N who="3" m="20503" /><G88/><T5/><D17/><U23/><E35/><V130/><N who="2" m="50258" /><V135/><DORA hai="13" /><F135/><W104/><G101/><T95/><D80/><U93/><E93/><V30/><F62/><AGARI ba="0,0" hai="5,7,43,46,50,51,55,56,59,62,67,87,89,95" machi="62" ten="40,1300,0" yaku="8,1" doraHai="22,13" who="0" fromWho="2" sc="189,13,114,0,279,-13,418,0" owari="202,-19.8,114,-38.6,266,6.6,418,51.8" /></mjloggm>