<mjloggm ver="2.3"><GO type="225" lobby="0"/><UN n0="%E5%B8%86%E7%AB%8B%E5%A4%8F%E8%A1%A3" n1="%E3%81%8F%E3%81%BE%E3%81%96%E3%82%8F" n2="%E9%80%9F%E6%B0%B4%E5%87%9B%E9%A6%99" n3="%33%74%72%65%65" dan="17,16,16,17" rate="2134.97,2006.57,2166.06,2228.94" sx="M,M,F,F"/><TAIKYOKU oya="0"/><INIT seed="0,0,0,0,3,96" ten="250,250,250,250" oya="0" hai0="38,41,43,111,4,83,14,40,1,19,80,20,57" hai1="122,2,0,88,100,48,119,129,55,68,108,75,74" hai2="11,37,114,64,116,132,35,5,31,125,118,6,112" hai3="73,91,18,82,76,44,131,110,58,89,9,53,49"/><T127/><D127/><U12/><E119/><N who="2" m="45611" /><F64/><W81/><G110/><T97/><D111/><U66/><E122/><V92/><F92/><W13/><G131/><T21/><D38/><U50/><E108/><V94/><F94/><W106/><G106/><T65/><D1/><U135/><E135/><V7/><F37/><W24/><G24/><T29/><D4/><U51/><E129/><V26/><F132/><W90/><REACH who="3" step="1"/><G58/><REACH who="3" ten="250,250,250,240" step="2"/><T98/><D57/><U105/><E105/><V22/><F125/><W59/><G59/><T69/><D69/><U87/><E68/><V101/><F101/><W56/><G56/><T124/><D124/><U36/><E100/><V45/><F45/><W67/><G67/><T42/><D65/><U86/><E66/><V15/><F35/><W16/><G16/><AGARI ba="0,1" hai="5,6,7,11,15,16,22,26,31,112,114" m="45611" machi="16" ten="30,7700,0" yaku="12,1,34,2,54,1" doraHai="96" who="2" fromWho="3" sc="250,0,250,0,250,87,240,-77" /><INIT seed="1,0,0,0,4,23" ten="250,250,337,163" oya="1" hai0="63,51,71,101,113,48,56,96,115,88,129,34,60" hai1="135,6,104,107,19,74,126,75,24,5,122,20,4" hai2="44,69,81,45,116,110,84,105,132,61,82,36,111" hai3="94,21,3,14,28,47,35,62,37,121,38,83,1"/><U13/><E122/><V39/><F105/><W32/><G121/><T76/><D129/><U2/><E126/><V26/><F116/><W87/><G94/><T114/><D76/><U98/><E135/><V70/><F61/><W91/><G62/><T90/><D34/><U118/><E118/><V72/><F84/><W52/><G35/><T16/><D51/><U43/><E43/><V89/><F89/><W79/><G79/><T99/><D48/><U106/><E2/><V59/><F59/><W17/><G37/><T68/><D16/><U0/><E0/><V97/><F97/><W120/><G120/><T100/><D113/><U131/><E131/><V125/><F125/><W78/><G78/><T93/><D56/><U31/><REACH who="1" step="1"/><E98/><REACH who="1" ten="250,240,337,163" step="2"/><V22/><F132/><W12/><G12/><T85/><D85/><U18/><E18/><V7/><F7/><W33/><G38/><T119/><D119/><U86/><E86/><V57/><F36/><W64/><G1/><T25/><REACH who="0" step="1"/><D93/><REACH who="0" ten="240,240,337,163" step="2"/><U41/><E41/><V42/><F42/><W40/><G40/><T27/><AGARI ba="0,2" hai="25,27,60,63,68,71,88,90,96,99,100,101,114,115" machi="27" ten="25,16000,3" yaku="1,1,2,1,0,1,22,2,52,2,54,1,53,0" doraHai="23" doraHaiUra="103" who="0" fromWho="0" sc="240,180,240,-80,337,-40,163,-40" /><INIT seed="2,0,0,5,3,20" ten="420,160,297,123" oya="2" hai0="64,10,132,86,47,41,128,135,2,56,16,107,121" hai1="59,109,0,88,122,79,124,65,45,24,29,113,52" hai2="63,42,130,123,80,127,119,93,112,106,120,99,66" hai3="22,51,68,101,126,30,18,54,7,40,48,71,105"/><V78/><F42/><W3/><G126/><T38/><D107/><U75/><E113/><V25/><F119/><W46/><G30/><T116/><D121/><U97/><E109/><V74/><F112/><W36/><G36/><T133/><D116/><U32/><E124/><V39/><F39/><W117/><G117/><T31/><D128/><U118/><E118/><V43/><F43/><W131/><G131/><T8/><D31/><U60/><E0/><V110/><F110/><W11/><G101/><T34/><D34/><U21/><E122/><V95/><F130/><W61/><G61/><N who="0" m="37927" /><D2/><U84/><E75/><V35/><F93/><W14/><REACH who="3" step="1"/><G105/><REACH who="3" ten="420,160,297,113" step="2"/><T125/><D125/><U19/><E60/><V28/><F127/><W26/><G26/><T15/><D86/><U115/><E84/><V81/><F106/><W104/><G104/><T77/><D77/><U33/><E29/><V76/><F76/><W9/><G9/><AGARI ba="0,1" hai="8,9,10,15,16,38,41,47,132,133,135" m="37927" machi="9" ten="30,2000,0" yaku="20,1,54,1" doraHai="20" who="0" fromWho="3" sc="420,30,160,0,297,0,113,-20" /><INIT seed="3,0,0,1,5,43" ten="450,160,297,93" oya="3" hai0="76,99,29,9,40,1,58,15,134,19,53,114,89" hai1="100,41,59,54,87,78,42,81,61,14,30,57,127" hai2="118,38,129,94,2,3,86,83,92,80,121,91,103" hai3="135,123,65,11,105,102,79,6,36,56,133,132,70"/><W115/><G115/><T20/><D134/><N who="3" m="34305" /><W35/><DORA hai="27" /><G123/><T49/><D114/><U7/><E127/><V120/><F38/><W74/><G36/><T44/><D1/><U104/><E104/><V97/><F118/><W101/><G105/><T23/><D76/><U22/><E100/><V93/><F2/><N who="3" m="471" /><G70/><T106/><D29/><U12/><E59/><V32/><F3/><W10/><G10/><T46/><D46/><U109/><E109/><V125/><F125/><W119/><G119/><T126/><D126/><U130/><E130/><V77/><F32/><W67/><G35/><T51/><D106/><U52/><E54/><V88/><F129/><W33/><G33/><T84/><D99/><U47/><E41/><V113/><F113/><W85/><G74/><T82/><AGARI ba="0,0" hai="9,15,19,20,23,40,44,49,51,53,58,82,84,89" machi="82" ten="20,5200,0" yaku="0,1,7,1,8,1,52,1" doraHai="43,27" who="0" fromWho="0" sc="450,52,160,-13,297,-13,93,-26" owari="502,60.2,147,-25.3,284,8.4,67,-43.3" /></mjloggm>