<mjloggm ver="2.3"><GO type="225" lobby="0"/><UN n0="%E4%BA%95%E5%B8%AF" n1="%68%6F%72%69%30%39%30%31" n2="%E9%AD%9A%E8%B0%B7%E4%BE%91%E7%BE%8E" n3="%E3%81%BE%E3%81%A8%E3%81%9F" dan="16,16,17,16" rate="2082.73,2108.74,2135.85,2098.55" sx="M,F,M,M"/><TAIKYOKU oya="0"/><INIT seed="0,0,0,2,4,82" ten="250,250,250,250" oya="0" hai0="0,73,51,46,23,28,61,81,104,106,41,33,107" hai1="122,54,16,76,4,125,66,38,94,100,123,130,90" hai2="75,34,36,30,112,60,103,20,72,105,50,98,84" hai3="15,120,57,3,79,69,22,80,13,49,27,21,2"/><T127/><D33/><U95/><E38/><V32/><F112/><W59/><G69/><T1/><D127/><U134/><E66/><V93/><F36/><W53/><G120/><T40/><D40/><U113/><E4/><V45/><F60/><W64/><G2/><T97/><D97/><U110/><E113/><V8/><F20/><W78/><G3/><T42/><D42/><U25/><E76/><V35/><F30/><W19/><G78/><T6/><D61/><U31/><E125/><V55/><REACH who="2" step="1"/><F8/><REACH who="2" ten="250,250,240,250" step="2"/><W58/><G64/><T85/><D23/><U14/><E31/><V71/><F71/><W52/><G22/><T5/><D28/><U47/><E123/><V63/><F63/><W26/><G26/><T67/><D67/><U17/><E25/><V11/><F11/><W43/><G27/><T133/><D133/><U116/><E122/><V62/><F62/><W129/><G21/><T44/><D0/><U56/><E134/><V70/><F70/><W117/><G49/><T77/><D1/><U91/><E130/><V119/><F119/><W29/><G117/><T121/><D121/><U12/><E116/><V128/><F128/><W115/><G29/><T48/><D73/><U101/><E110/><V132/><F132/><W102/><G129/><T131/><D131/><U92/><E17/><V10/><F10/><W87/><G19/><T74/><D74/><U114/><E16/><V39/><F39/><W83/><G115/><T135/><D135/><U89/><E114/><V7/><F7/><N who="0" m="2570" /><D51/><U86/><E12/><V24/><F24/><W111/><G13/><RYUUKYOKU ba="0,1" sc="250,15,250,-15,240,15,250,-15" hai0="41,44,46,48,77,81,85,104,106,107" hai2="32,34,35,45,50,55,72,75,84,93,98,103,105" /><INIT seed="0,1,1,1,2,80" ten="265,235,255,235" oya="0" hai0="77,130,71,91,90,72,108,85,106,18,53,84,58" hai1="64,109,93,60,101,33,81,10,16,22,59,124,15" hai2="38,135,8,76,46,112,47,23,121,114,48,5,62" hai3="37,61,40,128,6,0,75,88,111,96,95,69,26"/><T55/><D71/><U56/><E124/><V17/><F121/><W73/><G111/><T98/><D108/><U11/><E109/><V104/><F135/><W3/><G128/><T117/><D117/><U92/><E33/><V134/><F134/><W86/><G26/><T1/><D130/><U34/><E34/><V127/><F104/><W66/><G96/><T49/><D1/><U4/><E11/><V12/><F127/><W74/><REACH who="3" step="1"/><G6/><REACH who="3" ten="265,235,255,225" step="2"/><T65/><D98/><U99/><E81/><V19/><F5/><W67/><G67/><T41/><D65/><U105/><REACH who="1" step="1"/><E56/><REACH who="1" ten="265,225,255,225" step="2"/><V31/><F112/><W107/><G107/><T35/><D106/><U102/><E102/><V44/><F114/><W43/><G43/><T9/><D41/><U79/><E79/><V27/><F76/><W115/><G115/><T120/><D77/><U36/><E36/><V125/><F38/><W110/><G110/><T21/><D58/><U7/><E7/><V118/><F125/><W42/><G42/><T13/><D120/><U87/><E87/><V20/><F44/><AGARI ba="1,3" hai="0,3,37,40,44,61,66,69,73,74,75,86,88,95" machi="44" ten="40,5200,0" yaku="1,1,52,1,54,1,53,0" doraHai="80" doraHaiUra="126" who="3" fromWho="2" sc="265,0,225,0,255,-55,225,85" /><INIT seed="1,0,0,3,2,61" ten="265,225,200,310" oya="1" hai0="3,88,7,123,114,38,80,118,65,23,10,8,49" hai1="0,36,20,130,85,70,16,27,105,132,47,102,72" hai2="40,110,56,108,74,117,60,86,42,45,98,17,59" hai3="21,95,129,13,26,134,93,89,82,119,75,66,2"/><U120/><E120/><V116/><F74/><W44/><G2/><T35/><D35/><U73/><E70/><V100/><F86/><W92/><G134/><T52/><D38/><U1/><E132/><V30/><F30/><W62/><G129/><T133/><D114/><U94/><E105/><V53/><F17/><W4/><G44/><T104/><D104/><U31/><E130/><V128/><F98/><W99/><G75/><T67/><D118/><U39/><E47/><V79/><F79/><W124/><G82/><T29/><D123/><U33/><E1/><V14/><F14/><W90/><G124/><T126/><D126/><U28/><E28/><V81/><F81/><W131/><G119/><N who="2" m="45641" /><F100/><W77/><G77/><T127/><D127/><U84/><E0/><V55/><F128/><W64/><G62/><T12/><D133/><U50/><E85/><V11/><F11/><N who="0" m="4138" /><D7/><U54/><E73/><V68/><F68/><W125/><G125/><T122/><D122/><U103/><E72/><V106/><F106/><W25/><G4/><T18/><D29/><U76/><E103/><V107/><F107/><W15/><G131/><T34/><D34/><U9/><E102/><V97/><F97/><N who="3" m="57487" /><G93/><T121/><D121/><U96/><E96/><V48/><F42/><W19/><G13/><T51/><D3/><U83/><E94/><V46/><F46/><W87/><G99/><T22/><D80/><U43/><E43/><V69/><F69/><W135/><G135/><T78/><D78/><U5/><E5/><V57/><F40/><W101/><G101/><T112/><D12/><RYUUKYOKU ba="0,0" sc="265,-15,225,-15,200,15,310,15" hai2="45,48,53,55,56,57,59,60,108,110" hai3="15,19,21,25,26,64,66,87,90,95" /><INIT seed="2,1,0,1,3,119" ten="250,210,215,325" oya="2" hai0="111,67,87,106,70,64,93,118,42,126,113,1,112" hai1="54,124,46,95,35,23,62,122,55,58,48,14,77" hai2="13,39,88,125,43,3,91,96,83,116,28,114,97" hai3="76,82,2,127,102,38,74,36,105,90,104,63,99"/><V4/><F116/><W57/><G2/><T132/><D118/><U53/><E35/><V10/><F114/><W29/><G127/><T107/><D1/><U103/><E124/><V100/><F125/><W66/><G105/><T75/><D75/><U25/><E77/><V6/><F28/><W49/><G29/><T19/><D19/><U0/><E0/><V98/><F100/><W101/><G101/><T47/><D42/><U11/><E122/><V34/><F34/><W15/><G49/><T109/><D47/><U80/><E80/><V51/><F39/><W40/><G40/><T117/><D117/><U131/><E131/><V21/><F21/><W78/><G78/><T45/><D45/><U33/><E33/><V18/><F3/><W9/><G90/><N who="2" m="34345" /><F83/><W134/><G134/><T73/><D73/><U123/><E123/><V81/><F81/><W92/><G104/><T41/><D126/><U50/><E103/><V86/><F86/><W12/><G12/><T22/><D87/><U8/><E95/><V128/><F128/><W85/><G74/><T17/><D93/><U71/><E71/><V32/><F32/><W130/><G130/><T52/><D70/><U60/><E58/><V120/><F120/><W68/><G68/><T69/><D69/><U30/><E46/><AGARI ba="1,0" hai="4,6,10,13,18,43,46,51,96,97,98" m="34345" machi="46" ten="30,2900,0" yaku="8,1,54,1" doraHai="119" who="2" fromWho="1" sc="250,0,210,-32,215,32,325,0" /><INIT seed="2,2,0,5,5,126" ten="250,178,247,325" oya="2" hai0="29,127,102,106,43,11,78,23,79,111,17,112,91" hai1="15,66,67,104,84,107,34,20,5,13,97,55,6" hai2="90,48,121,82,98,56,38,109,103,14,108,9,133" hai3="117,45,2,12,32,30,99,16,100,37,54,36,1"/><V110/><F121/><W77/><G77/><T75/><D112/><U88/><E34/><V83/><F133/><W129/><G30/><T130/><D75/><U64/><E55/><N who="2" m="31847" /><F90/><W85/><G32/><T21/><D106/><U95/><E107/><N who="2" m="63991" /><F38/><W74/><G74/><T7/><D102/><U25/><E104/><V89/><F89/><W93/><G36/><T125/><D91/><U96/><E13/><V18/><AGARI ba="2,0" hai="9,14,18,82,83,108,109,110" m="63991,31847" machi="18" ten="30,3000,0" yaku="14,1,10,1" doraHai="126" who="2" fromWho="2" sc="250,-12,178,-12,247,36,325,-12" /><INIT seed="2,3,0,2,5,60" ten="238,166,283,313" oya="2" hai0="90,115,68,105,113,117,132,123,133,128,118,79,120" hai1="80,8,1,100,112,99,39,32,88,62,19,21,25" hai2="82,85,101,130,63,11,61,96,33,58,12,27,84" hai3="17,4,43,77,106,56,7,51,42,41,40,23,26"/><V35/><F130/><W89/><G106/><T87/><D68/><U48/><E39/><V111/><F111/><W107/><G107/><T29/><D79/><U13/><E112/><N who="0" m="43081" /><D29/><U73/><E48/><V104/><F63/><W5/><G77/><T20/><D20/><U131/><E131/><V135/><F135/><N who="0" m="51786" /><D105/><U53/><E53/><V98/><F98/><W126/><G126/><T66/><D66/><U59/><E73/><V37/><F85/><W45/><G89/><T31/><D31/><U78/><E78/><V76/><F27/><W46/><G56/><T14/><D14/><U94/><E1/><V72/><F72/><W67/><REACH who="3" step="1"/><G67/><REACH who="3" ten="238,166,283,303" step="2"/><T24/><D128/><U47/><E47/><AGARI ba="3,1" hai="4,5,7,17,23,26,40,41,42,43,45,46,47,51" machi="47" ten="40,5200,0" yaku="1,1,2,1,8,1,53,0" doraHai="60" doraHaiUra="92" who="3" fromWho="1" sc="238,0,166,-61,283,0,303,71" /><INIT seed="3,0,0,2,2,1" ten="238,105,283,374" oya="3" hai0="87,27,107,48,59,42,94,32,134,5,81,73,122" hai1="56,6,3,38,47,10,36,26,114,8,75,119,113" hai2="85,19,43,103,95,111,79,126,80,127,33,18,65" hai3="91,118,72,29,102,58,125,20,130,17,120,116,108"/><W53/><G72/><T22/><D122/><U45/><E75/><V135/><F111/><W16/><G120/><T4/><D107/><U23/><E56/><V93/><F135/><W104/><G104/><T54/><D32/><U13/><E119/><V109/><F109/><W57/><G102/><T112/><D112/><U105/><E105/><V25/><F43/><W84/><G130/><T110/><D110/><U78/><E78/><V15/><F65/><W64/><G58/><T21/><D134/><U88/><E10/><N who="2" m="6519" /><F103/><W76/><G64/><T86/><D42/><U2/><E8/><V92/><F19/><W132/><G17/><T24/><D94/><U11/><E11/><V7/><F25/><N who="0" m="9802" /><D73/><U28/><E26/><V96/><F33/><W60/><G16/><T128/><D128/><U62/><E23/><N who="0" m="8713" /><D87/><U49/><E13/><V115/><F115/><W40/><G84/><T37/><D37/><U83/><E83/><V39/><F39/><W30/><G40/><T61/><D61/><U74/><E74/><V34/><F34/><W31/><G60/><T0/><D0/><U106/><E62/><V98/><F98/><W82/><G108/><T90/><AGARI ba="0,0" hai="4,5,48,54,59,81,86,90" m="8713,9802" machi="90" ten="30,4000,0" yaku="8,1,52,2" doraHai="1" who="0" fromWho="0" sc="238,40,105,-10,283,-10,374,-20" owari="278,7.8,95,-40.5,273,-12.7,354,45.4" /></mjloggm>