<mjloggm ver="2.3"><GO type="225" lobby="0"/><UN n0="%E3%82%8C%E3%81%99%E3%81%93" n1="%E5%B8%86%E7%AB%8B%E5%A4%8F%E8%A1%A3" n2="%74%2E%6F%2E%6F%2E%73" n3="%6D%75%75%73%61%6E%6D%75" dan="17,17,17,16" rate="2199.97,2161.95,2098.99,2082.84" sx="F,M,M,F"/><TAIKYOKU oya="0"/><INIT seed="0,0,0,4,5,26" ten="250,250,250,250" oya="0" hai0="17,2,72,61,63,125,99,91,10,27,15,79,111" hai1="31,34,55,117,103,110,135,85,11,53,118,44,115" hai2="97,49,76,92,9,100,75,114,84,19,87,57,88" hai3="39,81,51,96,71,36,40,43,3,70,21,41,124"/><T120/><D120/><U113/><E103/><V131/><F131/><W28/><G96/><T66/><D125/><U4/><E85/><V6/><F114/><N who="1" m="43529" /><E44/><V106/><F19/><W130/><G21/><T56/><D2/><N who="1" m="407" /><E110/><V8/><F84/><W1/><G28/><T33/><D111/><U5/><E135/><V65/><F6/><W119/><G3/><T45/><D45/><U0/><E55/><N who="2" m="31983" /><F65/><W108/><G1/><T86/><D99/><U16/><E53/><V80/><AGARI ba="0,0" hai="8,9,75,76,80,87,88,92,97,100,106" m="31983" machi="80" ten="30,2000,0" yaku="24,1,54,1" doraHai="26" who="2" fromWho="2" sc="250,-10,250,-5,250,20,250,-5" /><INIT seed="1,0,0,5,0,27" ten="240,245,270,245" oya="1" hai0="101,106,99,93,134,86,20,81,49,50,15,82,89" hai1="70,25,80,121,67,123,73,116,24,117,120,124,114" hai2="28,26,33,21,131,113,62,130,76,0,88,127,3" hai3="23,122,5,47,109,90,56,53,39,19,118,55,119"/><U111/><E70/><V42/><F76/><W129/><G122/><T87/><D134/><U6/><E67/><V32/><F42/><N who="3" m="23007" /><G109/><T115/><D115/><U2/><E73/><V102/><F102/><W45/><G129/><N who="2" m="49161" /><F62/><W61/><G5/><T125/><D125/><U1/><E80/><V104/><F104/><W9/><G9/><T44/><D106/><U63/><E63/><V7/><F127/><W83/><G19/><N who="0" m="10367" /><D44/><U37/><E37/><V57/><F57/><N who="3" m="34991" /><G23/><T72/><D72/><U112/><E124/><V100/><F100/><W46/><G90/><AGARI ba="0,0" hai="49,50,81,82,86,87,89,90,93,99,101" m="10367" machi="90" ten="30,1000,0" yaku="8,1" doraHai="27" who="0" fromWho="3" sc="240,10,245,0,270,0,245,-10" /><INIT seed="2,0,0,4,4,96" ten="250,245,270,235" oya="2" hai0="9,12,92,126,127,130,32,45,64,116,74,47,88" hai1="115,133,125,124,30,39,63,129,98,103,89,86,57" hai2="99,11,120,36,61,50,128,8,102,49,107,72,85" hai3="69,26,123,122,68,70,16,23,80,40,91,82,56"/><V33/><F120/><W53/><G40/><T135/><D135/><U121/><E115/><V81/><F33/><W21/><G122/><T83/><D32/><U38/><E121/><V10/><F36/><W76/><G123/><T37/><D130/><U97/><E97/><V113/><F113/><W1/><G1/><T6/><D116/><U100/><E30/><V108/><F128/><W131/><G131/><T90/><D64/><N who="1" m="39023" /><E133/><V60/><F72/><W43/><G43/><T118/><D118/><U14/><E14/><V117/><F117/><W84/><G23/><T111/><D111/><U104/><E129/><V18/><F18/><W62/><REACH who="3" step="1"/><G70/><REACH who="3" ten="250,245,270,225" step="2"/><T44/><D37/><U7/><E39/><V79/><F108/><W67/><G67/><T20/><D20/><U73/><E38/><V58/><REACH who="2" step="1"/><F61/><REACH who="2" ten="250,245,260,225" step="2"/><W25/><G25/><T95/><D127/><U65/><E125/><V22/><F22/><W34/><G34/><T87/><D126/><U13/><E124/><V29/><F29/><W17/><G17/><T0/><D74/><AGARI ba="0,2" hai="16,21,26,53,56,62,68,69,74,76,80,82,84,91" machi="74" ten="30,3900,0" yaku="1,1,7,1,54,1,53,0" doraHai="96" doraHaiUra="109" who="3" fromWho="0" sc="250,-39,245,0,260,0,225,59" /><INIT seed="3,0,0,1,4,70" ten="211,245,260,284" oya="3" hai0="58,23,115,54,56,52,98,6,27,15,114,92,95" hai1="90,91,132,122,111,0,121,69,89,97,108,34,79" hai2="76,5,40,26,11,3,119,75,9,73,109,30,60" hai3="71,117,68,13,124,17,59,29,125,8,105,39,101"/><W55/><G117/><T67/><D67/><U93/><E69/><V31/><F119/><W46/><G29/><N who="0" m="17663" /><D6/><U84/><E34/><V102/><F109/><N who="1" m="42057" /><E132/><V53/><F102/><W94/><G105/><T100/><D15/><U2/><E2/><V78/><F40/><N who="3" m="22815" /><G101/><T85/><D115/><U38/><E38/><V88/><F60/><N who="3" m="35967" /><G94/><N who="0" m="58455" /><D114/><U47/><E47/><V64/><F64/><W21/><G8/><T25/><D25/><U36/><E36/><V77/><F53/><N who="0" m="20586" /><D95/><U61/><E61/><V41/><F26/><W33/><G33/><T66/><D66/><U1/><E1/><V118/><F118/><W20/><G21/><T35/><D35/><U130/><E0/><V99/><F73/><W37/><G37/><T127/><D127/><AGARI ba="0,0" hai="13,17,20,68,71,124,125,127" m="35967,22815" machi="127" ten="30,2900,0" yaku="18,1,52,1" doraHai="70" who="3" fromWho="0" sc="211,-29,245,0,260,0,284,29" owari="182,-31.8,245,-15.5,260,6.0,313,41.3" /></mjloggm>