<mjloggm ver="2.3"><GO type="225" lobby="0"/><UN n0="%E6%81%AC%E6%B7%A1%E5%AF%82%E5%AF%9E" n1="%33%74%72%65%65" n2="%E3%81%B7%E3%82%8A%E3%82%93%E8%81%96%E4%BA%BA" n3="%E3%83%AD%E3%83%83%E3%83%86%E9%9B%80%E7%90%83" dan="16,17,16,17" rate="2124.10,2132.42,2142.68,2194.94" sx="M,F,M,M"/><TAIKYOKU oya="0"/><INIT seed="0,0,0,2,3,22" ten="250,250,250,250" oya="0" hai0="108,61,103,42,63,57,10,112,97,1,33,121,134" hai1="78,44,9,41,104,28,116,67,84,2,85,58,88" hai2="8,70,109,102,21,76,91,106,124,34,101,110,32" hai3="94,49,90,50,115,56,55,111,105,12,113,69,92"/><T25/><D121/><U52/><E116/><V95/><F70/><W122/><G105/><T7/><D112/><U135/><E104/><V125/><F8/><W3/><G3/><T46/><D134/><U45/><E135/><V123/><F123/><W60/><G122/><T53/><D108/><N who="2" m="41578" /><F76/><W117/><G117/><T72/><D72/><U20/><E67/><V89/><F21/><W11/><G94/><T131/><D63/><U24/><E41/><V107/><F34/><W118/><G118/><T77/><D77/><U15/><E78/><V48/><F48/><W73/><G73/><T0/><D0/><U80/><E84/><V82/><F32/><W47/><G111/><T30/><D131/><U75/><E75/><V13/><F13/><W54/><G69/><T14/><D1/><U65/><E65/><V71/><F71/><W87/><REACH who="3" step="1"/><G50/><REACH who="3" ten="250,250,250,240" step="2"/><T27/><D103/><N who="2" m="39434" /><F106/><W17/><AGARI ba="0,1" hai="11,12,17,47,49,54,55,56,60,87,90,92,113,115" machi="17" ten="20,2700,0" yaku="1,1,0,1,7,1,53,0" doraHai="22" doraHaiUra="132" who="3" fromWho="3" sc="250,-13,250,-7,250,-7,240,37" /><INIT seed="1,0,0,0,1,2" ten="237,243,243,277" oya="1" hai0="106,8,133,0,80,59,34,87,117,103,121,23,42" hai1="56,47,50,108,81,31,91,86,76,4,36,18,35" hai2="107,75,126,78,9,65,123,13,14,132,69,82,131" hai3="22,71,52,67,118,73,46,112,84,120,29,119,40"/><U66/><E108/><V68/><F123/><W54/><G73/><T95/><D121/><U45/><E36/><V49/><F107/><W124/><G120/><T99/><D117/><N who="3" m="44553" /><G84/><T30/><D34/><U100/><E100/><V90/><F69/><W62/><G124/><T25/><D133/><U130/><E130/><V93/><F14/><W17/><G29/><T11/><D0/><U48/><E18/><V77/><F77/><W105/><G105/><T57/><D42/><U37/><E37/><V111/><F111/><W43/><G43/><T98/><D98/><U128/><E128/><V127/><F131/><W15/><G112/><T6/><D106/><U109/><E109/><V104/><F104/><W64/><G64/><T39/><D39/><AGARI ba="0,0" hai="15,17,22,39,40,46,52,54,62,67,71" m="44553" machi="39" ten="30,2000,0" yaku="12,1,54,1" doraHai="2" who="3" fromWho="0" sc="237,-20,243,0,243,0,277,20" /><INIT seed="2,0,0,1,5,92" ten="217,243,243,297" oya="2" hai0="131,116,122,59,5,57,97,42,73,100,93,80,12" hai1="44,71,70,11,109,113,29,77,33,34,63,32,87" hai2="30,17,53,0,81,26,6,31,24,124,40,2,69" hai3="18,96,48,20,99,119,68,50,104,66,36,120,89"/><V82/><F69/><W46/><G119/><T102/><D116/><U84/><E113/><V103/><F40/><N who="3" m="24647" /><G104/><T65/><D122/><U67/><E109/><V134/><F134/><W111/><G36/><T106/><D131/><U129/><E129/><V37/><F37/><W27/><G68/><T14/><D42/><U61/><E44/><V91/><F17/><W86/><G66/><T10/><D65/><U128/><E128/><V52/><F91/><W41/><G111/><T121/><D121/><U108/><E108/><V43/><F43/><W58/><G120/><T75/><D14/><U130/><E130/><V107/><F6/><W22/><G20/><T62/><D62/><U3/><E29/><V74/><F103/><W133/><G133/><T117/><D117/><U49/><E77/><V51/><F51/><W19/><G18/><T127/><D127/><U45/><E63/><V28/><F107/><W64/><G64/><T76/><REACH who="0" step="1"/><D73/><REACH who="0" ten="207,243,243,297" step="2"/><U60/><E60/><V1/><F74/><W135/><G135/><T105/><D105/><U56/><E71/><V110/><F110/><W115/><G115/><T126/><D126/><U35/><E70/><V21/><F124/><W85/><G41/><T95/><D95/><U79/><E67/><V114/><F114/><W118/><G118/><T132/><D132/><U72/><E72/><V83/><REACH who="2" step="1"/><F21/><REACH who="2" ten="207,243,233,297" step="2"/><W8/><G22/><T7/><D7/><N who="1" m="1535" /><E33/><V54/><AGARI ba="0,2" hai="0,1,2,24,26,28,30,31,52,53,54,81,82,83" machi="54" ten="50,48000,5" yakuman="40" doraHai="92" doraHaiUra="9" who="2" fromWho="2" sc="207,-160,243,-160,233,500,297,-160" /><INIT seed="2,1,0,4,0,64" ten="47,83,733,137" oya="2" hai0="38,94,113,67,28,42,103,88,26,5,91,125,123" hai1="56,39,78,44,12,107,2,126,31,121,11,8,6" hai2="114,73,97,60,89,70,3,120,135,51,84,133,52" hai3="25,22,37,49,68,111,23,74,131,24,108,63,96"/><V58/><F3/><W13/><G37/><T50/><D123/><U112/><E112/><V122/><F73/><W9/><G74/><T104/><D38/><U48/><E126/><V65/><F97/><W124/><G124/><T32/><D113/><U47/><E121/><N who="2" m="46699" /><F89/><W17/><G131/><T18/><D104/><U90/><E107/><V27/><F84/><W101/><G49/><T69/><D5/><U82/><E90/><V109/><F27/><N who="3" m="10315" /><G63/><T57/><D18/><U46/><E31/><V83/><F83/><W30/><G68/><T85/><D125/><U14/><E39/><V61/><F114/><W134/><G134/><N who="2" m="51209" /><F61/><W35/><G35/><T59/><D91/><U110/><E2/><V128/><F109/><N who="3" m="42059" /><G30/><T40/><D103/><U53/><E110/><V130/><AGARI ba="1,0" hai="51,52,58,60,65,70,128,130" m="51209,46699" machi="130" ten="40,12000,1" yaku="20,1,34,2,52,1,54,1" doraHai="64" who="2" fromWho="2" sc="47,-41,83,-41,733,123,137,-41" /><INIT seed="2,2,0,1,4,3" ten="6,42,856,96" oya="2" hai0="99,105,131,83,101,69,57,128,1,88,95,125,61" hai1="104,85,90,127,63,68,32,49,129,56,13,31,122" hai2="119,65,40,36,46,39,6,77,18,111,29,21,108" hai3="4,76,97,120,86,115,30,22,48,96,133,43,64"/><V79/><F65/><W59/><G133/><T25/><D69/><U109/><E104/><V112/><F112/><W41/><G4/><T130/><D1/><U20/><E109/><N who="2" m="42059" /><F29/><W87/><G87/><N who="0" m="50303" /><D25/><U28/><E32/><V51/><F6/><W24/><G120/><T91/><D125/><U72/><E127/><V89/><F89/><W134/><G134/><T7/><D7/><U50/><E90/><V58/><F119/><W27/><G27/><T0/><D0/><U23/><E28/><V93/><F93/><W55/><G64/><N who="0" m="38959" /><D91/><U84/><E31/><V14/><F58/><W80/><G115/><T75/><D75/><U53/><E72/><V102/><F102/><W78/><G78/><AGARI ba="2,0" hai="14,18,21,36,39,40,46,51,77,78,79" m="42059" machi="78" ten="30,2900,0" yaku="14,1,10,1" doraHai="3" who="2" fromWho="3" sc="6,0,42,0,856,35,96,-35" /><INIT seed="2,3,0,5,0,85" ten="6,42,891,61" oya="2" hai0="25,34,9,103,126,26,44,71,82,5,98,50,110" hai1="10,31,32,45,17,15,96,47,134,29,8,36,92" hai2="0,3,90,59,12,87,39,124,49,63,48,23,105" hai3="115,120,128,79,2,22,131,61,111,53,114,62,33"/><V129/><F39/><W69/><G33/><T89/><D34/><U108/><E108/><V19/><F105/><W72/><G120/><T102/><D71/><U65/><E134/><V84/><F129/><N who="3" m="49739" /><G2/><T135/><D110/><U30/><E65/><V117/><F117/><W67/><G111/><T28/><D135/><U113/><E113/><N who="3" m="43018" /><G22/><N who="0" m="15415" /><D26/><U18/><E36/><V93/><F124/><W64/><G53/><N who="0" m="29895" /><D126/><U130/><E32/><V122/><F122/><W100/><G100/><T13/><D82/><U106/><E106/><V58/><F58/><N who="3" m="36919" /><G79/><T74/><D74/><AGARI ba="3,0" hai="62,67,69,72,74" m="36919,43018,49739" machi="74" ten="30,2000,0" yaku="19,1,11,1" doraHai="85" who="3" fromWho="0" sc="6,-29,42,0,891,0,61,29" owari="-23,-52.3,42,-35.8,891,99.1,90,-11.0" /></mjloggm>