<mjloggm ver="2.3"><GO type="225" lobby="0"/><UN n0="%48%61%61%61%6C%61%6E%64" n1="%45%6C%79%73%69%75%6D" n2="%E6%A1%9C%E8%8A%B1%E9%96%83%E3%80%85" n3="%73%69%72%6F%75%74" dan="17,17,18,16" rate="2230.09,2094.84,2254.02,2128.35" sx="M,F,M,M"/><TAIKYOKU oya="0"/><INIT seed="0,0,0,4,1,135" ten="250,250,250,250" oya="0" hai0="116,44,127,22,94,38,109,74,12,15,92,91,32" hai1="77,50,18,89,27,64,110,16,102,125,113,14,3" hai2="47,9,78,33,49,60,104,23,62,8,51,121,65" hai3="56,0,122,20,46,21,17,59,95,118,81,42,107"/><T39/><D116/><U97/><E3/><V48/><F33/><W66/><G107/><T35/><D74/><U70/><E110/><V37/><F104/><W29/><G118/><T105/><D105/><U75/><E113/><V87/><F121/><W126/><G0/><T123/><D123/><U114/><E114/><V45/><F23/><W52/><G122/><T6/><D109/><U28/><E89/><V79/><F87/><W90/><G126/><T4/><D22/><U72/><E50/><V55/><F51/><N who="3" m="27095" /><G81/><T100/><D91/><U30/><E77/><N who="2" m="29195" /><F37/><W10/><G29/><T128/><D128/><U25/><E64/><V80/><F80/><W68/><G68/><T36/><D36/><U88/><E70/><V83/><F83/><W76/><G76/><T31/><D31/><U86/><E125/><V130/><F130/><W69/><G69/><T115/><D115/><U58/><E75/><V93/><F93/><W5/><G5/><T53/><D44/><U82/><E72/><V13/><F65/><W11/><G59/><T112/><D112/><U63/><E58/><V120/><F120/><W133/><G66/><T2/><D2/><U108/><E28/><V73/><F73/><W103/><G103/><T71/><D71/><U134/><E30/><V40/><F8/><N who="3" m="3115" /><G17/><AGARI ba="0,0" hai="9,13,17,40,45,47,48,49,55,60,62" m="29195" machi="17" ten="30,1000,0" yaku="8,1" doraHai="135" who="2" fromWho="3" sc="250,0,250,0,250,10,250,-10" /><INIT seed="1,0,0,3,3,44" ten="250,250,260,240" oya="1" hai0="9,99,30,100,91,98,119,87,39,124,101,48,92" hai1="11,113,126,3,14,115,32,0,69,125,49,19,2" hai2="41,67,12,64,75,36,121,46,10,57,74,109,27" hai3="71,35,120,123,15,117,127,18,1,6,5,61,89"/><U105/><E69/><V23/><F121/><N who="3" m="46667" /><G71/><T114/><D114/><N who="1" m="43531" /><E105/><V128/><F109/><W22/><G61/><T59/><D39/><U55/><E55/><V13/><F128/><W103/><G103/><T34/><D119/><U29/><E49/><V129/><F13/><W84/><G84/><T60/><D124/><N who="1" m="47723" /><E29/><V20/><F129/><W8/><G89/><T28/><D48/><U78/><E78/><V37/><F37/><W85/><G85/><T38/><D38/><U26/><E26/><V16/><F23/><W79/><G79/><T33/><D30/><U56/><E56/><V43/><F43/><W63/><G63/><T131/><D28/><U21/><E32/><V47/><F47/><W31/><G127/><T50/><D131/><U66/><E66/><V77/><F57/><W111/><G117/><T17/><D50/><U45/><E45/><V65/><REACH who="2" step="1"/><F77/><REACH who="2" ten="250,250,250,240" step="2"/><W86/><G111/><T97/><D33/><U104/><E104/><V58/><F58/><W102/><G35/><T135/><D34/><U70/><E70/><V81/><F81/><W130/><G130/><T132/><D59/><U112/><E112/><V93/><F93/><W25/><G1/><T94/><D94/><U82/><E82/><V90/><F90/><W95/><G102/><N who="0" m="39531" /><D60/><U40/><E40/><V53/><F53/><W73/><G95/><T106/><D106/><U133/><E21/><V116/><F116/><W51/><G22/><T80/><D92/><U122/><E122/><V52/><F52/><W42/><G42/><T88/><D91/><U83/><E83/><V134/><F134/><AGARI ba="0,1" hai="0,2,3,11,14,19,133,134" m="47723,43531" machi="134" ten="40,12000,1" yaku="6,1,18,1,34,2" doraHai="44" who="1" fromWho="2" sc="250,0,250,130,250,-120,240,0" /><INIT seed="1,1,0,2,5,99" ten="250,380,130,240" oya="1" hai0="116,55,105,6,91,5,123,127,47,17,8,48,38" hai1="41,124,62,21,103,13,23,35,67,122,110,70,66" hai2="54,65,132,108,58,76,82,107,19,106,3,109,73" hai3="87,74,29,72,112,59,120,11,14,40,128,49,64"/><U51/><E35/><V84/><F3/><W125/><G112/><T33/><D116/><U52/><E122/><V1/><F1/><W130/><G120/><T134/><D123/><U34/><E34/><V75/><F65/><W28/><G87/><T27/><D127/><U18/><E67/><V90/><F19/><W43/><G125/><T68/><D68/><U20/><E124/><V135/><F54/><N who="3" m="32207" /><G64/><T126/><D126/><U115/><E115/><V42/><F58/><W56/><G56/><T119/><D119/><U102/><E41/><N who="3" m="15946" /><G74/><N who="2" m="28169" /><F76/><W26/><G72/><T46/><D38/><U96/><E110/><N who="2" m="42603" /><F42/><W57/><G57/><T50/><D55/><U104/><E52/><V98/><F98/><W44/><G44/><T97/><D46/><U25/><E51/><V131/><F131/><N who="3" m="50219" /><G26/><T69/><D47/><U63/><E63/><V89/><F89/><W37/><G37/><T93/><D48/><U80/><E25/><V77/><F77/><W78/><G78/><T4/><D50/><U10/><E62/><V71/><F71/><W94/><G14/><N who="0" m="7367" /><D69/><U60/><E70/><V121/><F121/><W53/><G11/><T100/><D27/><U16/><E10/><V39/><F39/><W83/><G53/><T117/><D117/><U2/><E2/><V22/><F22/><W36/><G36/><T118/><D33/><U79/><E21/><V113/><F113/><W129/><G28/><T111/><D118/><U92/><E66/><V9/><F9/><W95/><G29/><T81/><D111/><U12/><E60/><V61/><F61/><W15/><G129/><RYUUKYOKU ba="1,0" sc="250,-10,380,-10,130,30,240,-10" hai2="82,84,90,106,107,132,135" /><INIT seed="2,2,0,0,4,36" ten="240,370,160,230" oya="2" hai0="45,74,88,3,108,71,8,54,30,44,28,15,110" hai1="1,68,18,17,43,32,93,132,125,99,67,133,53" hai2="27,124,77,50,41,120,90,112,48,80,92,23,19" hai3="96,69,121,0,61,65,91,21,35,116,25,111,78"/><V129/><F112/><W83/><G116/><T42/><D3/><U70/><E1/><V134/><F120/><W105/><G121/><T34/><D71/><U10/><E32/><V12/><F124/><W66/><G66/><T33/><D74/><U86/><E86/><V73/><F129/><W14/><G14/><T13/><D54/><U4/><E125/><V37/><F134/><W76/><G0/><T122/><D122/><U118/><E53/><V58/><F58/><W95/><G111/><N who="0" m="42539" /><D45/><U85/><E85/><V52/><F27/><W94/><G35/><N who="0" m="13323" /><D88/><U26/><E67/><V123/><F123/><W57/><G69/><T113/><D113/><U109/><E68/><V49/><F52/><W29/><G83/><T128/><D128/><U39/><E70/><V62/><F62/><W56/><G56/><T6/><D15/><U81/><E132/><V84/><REACH who="2" step="1"/><F37/><AGARI ba="2,0" hai="6,8,13,28,30,37,42,44" m="13323,42539" machi="37" ten="30,2000,0" yaku="14,1,52,1" doraHai="36" who="0" fromWho="2" sc="240,26,370,0,160,-26,230,0" /><INIT seed="3,0,0,4,4,94" ten="266,370,134,230" oya="3" hai0="90,66,134,17,62,14,98,74,42,88,41,108,115" hai1="47,63,126,34,49,15,36,96,37,70,133,86,99" hai2="130,30,64,125,27,56,28,13,25,54,69,124,1" hai3="84,107,52,105,121,120,89,33,5,72,129,57,32"/><W6/><G72/><T2/><D2/><U100/><E34/><N who="3" m="13418" /><G84/><T3/><D3/><U123/><E123/><N who="3" m="47178" /><G57/><N who="0" m="37199" /><D74/><U113/><E86/><V83/><F69/><W76/><G89/><N who="0" m="34411" /><D108/><U10/><E37/><V45/><F64/><W109/><G76/><T29/><D134/><U65/><E36/><V106/><F13/><W23/><G52/><T119/><D119/><U46/><E49/><V80/><F130/><W4/><G23/><T117/><D117/><U31/><E63/><V127/><F1/><W16/><G16/><T77/><D77/><U59/><E59/><V48/><F56/><W116/><G116/><T68/><D68/><U24/><E65/><V9/><F9/><W122/><G122/><T38/><D17/><U60/><E10/><V112/><F112/><W50/><G50/><T20/><D115/><U58/><E113/><V135/><F135/><W132/><G132/><T97/><D38/><U8/><E133/><V35/><F106/><N who="3" m="40459" /><G109/><T101/><D14/><U11/><E15/><V7/><F7/><W53/><G53/><T0/><D0/><U21/><E8/><V75/><F75/><W111/><G111/><T118/><D118/><U114/><E11/><V18/><REACH who="2" step="1"/><F18/><REACH who="2" ten="266,370,124,230" step="2"/><W73/><G73/><T51/><D51/><U81/><E114/><V39/><F39/><W102/><G129/><T87/><D20/><AGARI ba="0,1" hai="20,25,27,28,30,35,45,48,54,80,83,124,125,127" machi="20" ten="40,2600,0" yaku="1,1,18,1,53,0" doraHai="94" doraHaiUra="55" who="2" fromWho="0" sc="266,-26,370,0,124,36,230,0" owari="240,4.0,370,47.0,160,-34.0,230,-17.0" /></mjloggm>