<mjloggm ver="2.3"><GO type="225" lobby="0"/><UN n0="%6D%75%75%6D%75%72%61" n1="%E5%84%AA%40%41%42%43" n2="%E3%82%82%E3%81%90%E3%82%89" n3="%E6%80%AA%E3%81%97%E3%81%99%E3%81%8E%E3%82%8B%E3%83%81%E3%83%BC" dan="16,17,17,16" rate="2198.79,2264.91,2213.61,2130.19" sx="F,M,M,M"/><TAIKYOKU oya="0"/><INIT seed="0,0,0,3,4,124" ten="250,250,250,250" oya="0" hai0="67,68,8,108,56,83,58,30,116,9,14,114,69" hai1="12,76,80,46,17,6,53,63,13,89,65,106,2" hai2="78,92,86,3,100,126,60,21,123,62,125,109,34" hai3="94,130,98,112,23,113,118,29,99,28,0,37,103"/><T93/><D114/><U32/><E106/><V87/><F34/><W88/><G118/><T39/><D116/><U131/><E32/><V135/><F3/><W31/><G37/><T121/><D121/><U134/><E134/><V117/><F117/><W54/><G0/><T35/><D39/><U27/><E2/><V24/><F123/><W84/><G130/><T129/><D129/><U115/><E115/><V43/><F135/><W74/><G74/><T96/><D108/><U42/><E53/><V36/><F109/><W77/><G77/><T66/><D83/><U22/><E89/><V111/><F111/><W47/><G23/><T33/><D96/><U64/><E131/><V132/><F132/><W110/><G99/><T79/><D79/><U59/><E64/><V4/><F4/><W41/><G110/><T25/><D93/><U16/><E17/><V45/><F78/><W20/><G20/><T95/><D95/><U73/><REACH who="1" step="1"/><E6/><REACH who="1" ten="250,240,250,250" step="2"/><V70/><F126/><W51/><REACH who="3" step="1"/><G54/><REACH who="3" ten="250,240,250,240" step="2"/><T75/><D33/><U107/><E107/><AGARI ba="0,2" hai="28,29,31,41,47,51,84,88,94,98,103,107,112,113" machi="107" ten="40,5200,0" yaku="1,1,2,1,54,1,53,0" doraHai="124" doraHaiUra="48" who="3" fromWho="1" sc="250,0,240,-52,250,0,240,72" /><INIT seed="1,0,0,4,2,83" ten="250,188,250,312" oya="1" hai0="97,7,60,128,2,100,93,135,37,45,3,50,91" hai1="31,103,114,24,42,118,64,29,68,127,99,54,30" hai2="87,56,10,44,121,20,116,132,126,36,38,106,14" hai3="120,110,71,88,94,57,117,124,25,15,8,102,109"/><U52/><E114/><V62/><F121/><W107/><G71/><T53/><D128/><U51/><E118/><V123/><F123/><W43/><G120/><T80/><D135/><U13/><E127/><V61/><F116/><W32/><G124/><T5/><D37/><U134/><E134/><V59/><F126/><W72/><G72/><T75/><D60/><U18/><E42/><V27/><F106/><W74/><G74/><T133/><D133/><U115/><E115/><V101/><F101/><W58/><G43/><T129/><D129/><U34/><E54/><V77/><F132/><W95/><G107/><T76/><REACH who="0" step="1"/><D100/><REACH who="0" ten="240,188,250,312" step="2"/><U112/><E112/><V111/><F38/><W130/><G117/><T79/><D79/><U4/><E68/><V113/><F62/><W48/><G130/><T47/><D47/><U55/><E64/><V69/><F44/><W9/><G102/><T65/><D65/><U19/><E34/><V96/><F36/><W81/><G32/><T108/><D108/><U46/><E55/><V6/><F111/><W17/><G109/><T104/><D104/><U98/><E103/><V16/><F113/><W35/><G110/><T26/><D26/><U90/><E90/><V23/><F69/><W33/><G25/><T66/><D66/><U105/><E105/><V22/><F59/><W70/><G70/><T131/><D131/><U1/><E24/><V78/><F78/><W89/><G33/><T84/><D84/><U92/><E99/><V21/><F96/><W39/><G35/><T125/><D125/><U0/><E98/><V85/><F77/><RYUUKYOKU ba="0,1" sc="240,15,188,-15,250,15,312,-15" hai0="2,3,5,7,45,50,53,75,76,80,91,93,97" hai2="6,10,14,16,20,21,22,23,27,56,61,85,87" /><INIT seed="2,1,1,1,0,128" ten="255,173,265,297" oya="2" hai0="125,87,108,116,93,4,111,23,22,105,32,88,16" hai1="109,50,102,66,90,6,39,134,120,49,91,53,0" hai2="41,84,27,46,5,61,19,18,101,115,100,54,60" hai3="113,20,62,29,9,26,67,96,35,24,103,133,63"/><V68/><F115/><W117/><G133/><T107/><D32/><U72/><E39/><V92/><F5/><W123/><G123/><T47/><D125/><U95/><E72/><V131/><F131/><W75/><G113/><T135/><D135/><U110/><E134/><V3/><F3/><W59/><G117/><T69/><D116/><U52/><E120/><V126/><F126/><W11/><G63/><N who="2" m="24137" /><F41/><W40/><G40/><T76/><D69/><U114/><E66/><V8/><F68/><W112/><G75/><T64/><D64/><U79/><E79/><V78/><F8/><W25/><G112/><T10/><D47/><U129/><E114/><V122/><F122/><W77/><G77/><T15/><D76/><U2/><E129/><V1/><F1/><N who="1" m="617" /><E6/><V42/><F42/><W127/><G24/><N who="0" m="14407" /><D23/><U43/><E43/><V124/><F124/><W85/><G127/><T73/><D73/><U44/><E102/><N who="2" m="39531" /><F27/><W36/><G36/><T45/><D45/><U37/><E37/><V12/><F12/><W17/><G85/><T13/><D13/><U98/><E98/><V28/><F28/><W33/><REACH who="3" step="1"/><G33/><REACH who="3" ten="255,173,265,287" step="2"/><T65/><D65/><U99/><E99/><V97/><F84/><W119/><G119/><T7/><D7/><U56/><E95/><AGARI ba="1,2" hai="9,11,17,20,25,26,29,35,59,62,67,95,96,103" machi="95" ten="30,3900,0" yaku="1,1,7,1,53,1" doraHai="128" doraHaiUra="94" who="3" fromWho="1" sc="255,0,173,-42,265,0,287,62" /><INIT seed="3,0,0,3,4,97" ten="255,131,265,349" oya="3" hai0="28,47,3,123,105,88,13,25,83,100,39,56,64" hai1="98,61,95,14,30,24,40,60,36,65,20,129,70" hai2="59,77,45,48,46,32,124,113,22,107,62,5,89" hai3="29,104,101,18,31,118,94,103,15,92,10,121,80"/><W49/><G104/><T86/><D3/><U19/><E129/><V84/><F32/><W132/><G118/><T79/><D123/><U0/><E0/><V6/><F113/><W135/><G121/><T53/><D13/><U110/><E110/><V21/><F107/><W43/><G80/><T44/><D39/><U93/><E36/><V67/><F77/><W130/><G130/><T131/><D131/><U72/><E72/><V26/><F124/><W96/><G94/><T52/><D64/><U27/><E40/><V4/><F46/><N who="3" m="25823" /><G103/><T115/><D79/><U125/><E125/><V1/><F1/><W17/><G17/><T111/><D115/><U109/><E109/><V58/><F58/><W23/><G23/><T7/><D7/><U11/><E61/><V8/><F8/><W117/><G117/><T34/><D111/><U133/><E133/><AGARI ba="0,0" hai="10,15,18,29,31,92,96,101,132,133,135" m="25823" machi="133" ten="30,2900,0" yaku="20,1,52,1" doraHai="97" who="3" fromWho="1" sc="255,0,131,-29,265,0,349,29" owari="255,-14.5,102,-39.8,265,6.5,378,47.8" /></mjloggm>