<mjloggm ver="2.3"><GO type="225" lobby="0"/><UN n0="%E3%81%8B%E3%82%8F%E3%81%A1%E3%82%83%E3%82%93%35%38" n1="%EF%BC%AE%EF%BC%A1%EF%BC%AF%33%33%39" n2="%6B%75%7A%75%6E" n3="%E3%82%BC%E3%83%AB%E3%83%80%E3%81%AE%E4%BC%9D%E8%AA%AC" dan="17,17,17,18" rate="2244.21,2136.52,2186.47,2226.79" sx="M,M,M,M"/><TAIKYOKU oya="0"/><INIT seed="0,0,0,2,1,31" ten="250,250,250,250" oya="0" hai0="42,49,65,118,68,77,45,10,25,113,122,129,88" hai1="62,132,119,104,107,134,15,39,64,69,36,22,92" hai2="30,112,20,32,87,28,81,128,38,76,72,127,7" hai3="67,75,47,95,56,16,114,133,89,61,106,98,108"/><T34/><D122/><U1/><E1/><V124/><F112/><W125/><G114/><T59/><D118/><U91/><E119/><V102/><F38/><W78/><G108/><T27/><D113/><U0/><E0/><V55/><F128/><W43/><G125/><T63/><D129/><U51/><E51/><V123/><F123/><W73/><G133/><N who="1" m="51306" /><E22/><V97/><F7/><W5/><G5/><T86/><D77/><U135/><N who="1" m="51314" /><U41/><DORA hai="99" /><E15/><V120/><F120/><W101/><G78/><T79/><D79/><U57/><E69/><V82/><F82/><W90/><G90/><T109/><D109/><U3/><E3/><V50/><F87/><W12/><G89/><T74/><D74/><U70/><E70/><V13/><F13/><W80/><G106/><N who="1" m="40490" /><E41/><V21/><F20/><W60/><G80/><T111/><D111/><U17/><E17/><V100/><F21/><W8/><REACH who="3" step="1"/><G61/><REACH who="3" ten="250,250,250,240" step="2"/><T110/><D110/><U54/><E64/><V103/><F127/><W117/><G117/><T93/><D65/><U58/><E58/><V6/><F6/><W35/><G35/><T9/><D68/><U53/><E53/><V130/><F32/><W94/><G94/><T66/><REACH who="0" step="1"/><D34/><REACH who="0" ten="240,250,250,240" step="2"/><U23/><E23/><V46/><F124/><W40/><G40/><T52/><D52/><U33/><E33/><V83/><F130/><W11/><G11/><AGARI ba="0,2" hai="9,10,11,25,27,42,45,49,59,63,66,86,88,93" machi="11" ten="40,7700,0" yaku="1,1,8,1,54,1,53,0" doraHai="31,99" doraHaiUra="18,131" who="0" fromWho="3" sc="240,97,250,0,250,0,240,-77" /><INIT seed="0,1,0,0,3,107" ten="337,250,250,163" oya="0" hai0="108,79,130,75,63,17,76,125,128,58,6,96,89" hai1="117,119,15,111,60,24,132,48,62,126,70,101,71" hai2="47,2,87,38,41,105,77,91,1,37,11,74,61" hai3="94,121,72,3,112,103,25,104,35,14,44,31,134"/><T39/><D39/><U26/><E101/><V27/><F105/><W20/><G112/><T59/><D6/><U90/><E15/><V0/><F37/><W54/><G3/><T97/><D125/><U92/><E48/><V50/><F50/><W46/><G104/><T55/><D108/><U114/><E111/><V81/><F27/><W57/><G134/><T120/><D120/><U118/><E132/><V22/><F22/><W52/><G121/><T113/><D113/><U109/><E109/><V33/><F33/><W21/><G72/><T86/><D17/><U131/><E126/><V122/><F61/><N who="3" m="36007" /><G35/><T51/><D96/><U49/><E49/><V127/><F127/><W4/><G54/><T32/><D97/><U53/><E114/><V116/><F116/><W99/><G20/><T135/><D32/><U80/><E53/><V10/><REACH who="2" step="1"/><F122/><REACH who="2" ten="337,250,240,163" step="2"/><W19/><G31/><T88/><D135/><U29/><E29/><V85/><F85/><W82/><G82/><AGARI ba="1,1" hai="0,1,2,10,11,38,41,47,74,77,81,82,87,91" machi="82" ten="40,2600,0" yaku="1,1,52,1,53,0" doraHai="107" doraHaiUra="123" who="2" fromWho="3" sc="337,0,250,0,240,39,163,-29" /><INIT seed="1,0,0,0,1,54" ten="337,250,279,134" oya="1" hai0="65,12,66,96,7,20,68,37,71,128,53,109,51" hai1="5,114,89,29,120,83,14,50,28,85,60,33,70" hai2="76,134,75,122,18,77,52,13,103,15,46,127,80" hai3="11,10,67,87,44,125,69,119,86,126,27,93,39"/><U32/><E114/><V0/><F122/><W94/><G39/><T45/><D96/><U98/><E120/><V124/><F0/><W135/><G27/><T8/><D37/><U78/><E32/><V133/><F103/><W59/><G44/><T9/><D20/><U121/><E33/><V22/><F76/><W111/><G69/><T79/><D79/><U1/><E1/><V92/><F92/><W47/><G47/><T25/><D25/><U16/><E5/><V40/><F15/><W116/><G67/><T132/><D45/><U2/><E2/><V100/><F100/><W26/><G26/><T49/><D53/><U63/><E70/><V113/><F113/><W118/><G111/><T73/><D12/><U99/><E50/><N who="2" m="28759" /><F40/><W106/><G106/><T74/><D7/><U108/><E121/><V115/><F115/><W64/><G64/><T97/><D97/><N who="1" m="36875" /><E78/><V110/><F110/><W48/><G48/><T36/><D109/><U30/><E108/><V41/><F41/><W112/><G112/><T23/><D36/><U21/><AGARI ba="0,0" hai="14,16,21,28,29,30,60,63,83,85,89" m="36875" machi="21" ten="30,3000,0" yaku="8,1,54,1" doraHai="54" who="1" fromWho="1" sc="337,-10,250,30,279,-10,134,-10" /><INIT seed="1,1,0,2,1,124" ten="327,280,269,124" oya="1" hai0="99,48,49,43,19,51,64,1,129,38,101,82,41" hai1="133,98,85,115,97,16,132,88,92,111,127,79,130" hai2="6,60,75,17,0,23,107,14,94,69,91,110,70" hai3="55,120,10,122,33,112,63,59,108,116,2,45,121"/><U11/><E115/><V5/><F110/><W86/><G33/><T40/><D1/><U7/><E127/><V31/><F75/><W66/><G2/><T119/><D119/><U103/><E111/><V87/><F107/><W113/><G10/><T117/><D117/><U83/><E7/><V134/><F134/><N who="1" m="51817" /><E11/><V100/><F100/><W78/><G78/><T29/><D29/><U93/><E16/><V46/><F46/><W72/><G86/><T53/><D38/><U65/><E65/><V77/><F77/><W114/><G72/><T26/><D64/><U20/><E20/><V71/><F31/><W90/><G90/><T9/><D26/><U67/><E67/><V80/><F80/><W73/><G73/><T95/><D19/><U106/><E106/><V13/><F0/><W28/><G28/><T52/><D9/><U74/><E74/><V102/><F14/><W68/><G116/><T3/><D3/><U96/><E96/><V36/><F36/><W125/><G125/><T84/><D99/><U135/><E135/><V105/><F6/><W24/><G24/><T81/><D84/><U58/><E58/><V27/><F5/><W18/><G18/><T39/><D39/><U47/><E47/><V54/><F27/><W4/><G4/><T35/><D35/><U57/><E57/><N who="2" m="34871" /><F105/><W32/><G32/><T126/><D126/><U131/><AGARI ba="1,0" hai="79,83,85,88,92,93,97,98,103,130,131" m="51817" machi="131" ten="30,18000,2" yaku="20,1,34,2,52,2,54,1" doraHai="124" who="1" fromWho="1" sc="327,-61,280,183,269,-61,124,-61" /><INIT seed="1,2,0,4,1,22" ten="266,463,208,63" oya="1" hai0="93,6,128,88,91,89,50,25,110,48,77,67,109" hai1="10,32,28,57,90,101,65,80,104,62,63,76,52" hai2="47,126,5,111,102,124,30,116,53,3,43,105,18" hai3="125,129,74,113,9,14,133,115,134,55,37,114,83"/><U103/><E104/><V11/><F116/><W60/><G74/><T40/><D77/><U108/><E90/><V106/><F53/><W120/><G83/><T34/><D6/><U2/><E108/><N who="0" m="41577" /><D67/><U119/><E119/><V13/><F111/><W31/><G37/><T86/><D128/><U23/><E32/><V95/><F95/><W58/><G120/><T51/><D40/><U123/><E123/><V39/><F30/><AGARI ba="2,0" hai="25,30,34,48,50,51,86,88,89,91,93" m="41577" machi="30" ten="30,3900,0" yaku="14,1,52,1,54,1" doraHai="22" who="0" fromWho="2" sc="266,45,463,0,208,-45,63,0" /><INIT seed="2,0,0,0,1,74" ten="311,463,163,63" oya="2" hai0="13,57,22,119,115,29,37,16,78,35,130,80,20" hai1="134,65,19,67,129,48,97,128,5,49,111,104,126" hai2="56,72,1,114,121,135,83,30,9,103,24,28,60" hai3="68,26,101,94,87,127,3,7,131,76,46,89,110"/><V43/><F114/><W79/><G68/><T44/><D115/><U52/><E5/><V123/><F135/><W15/><G3/><T40/><D130/><N who="1" m="50283" /><E134/><V92/><F43/><W55/><G131/><T118/><D57/><U96/><E49/><V71/><F71/><W25/><G110/><T38/><D35/><U12/><E111/><V109/><F30/><W117/><G127/><T85/><REACH who="0" step="1"/><D38/><REACH who="0" ten="301,463,163,63" step="2"/><U93/><E126/><V59/><F59/><W32/><G32/><T91/><D91/><U133/><E133/><V77/><F109/><W34/><G34/><T10/><D10/><U18/><E67/><N who="2" m="39303" /><F9/><N who="3" m="4543" /><G117/><T81/><D81/><U54/><E65/><V21/><F1/><W53/><G101/><T84/><D84/><U23/><E23/><V82/><F83/><W112/><G112/><T47/><D47/><U50/><E97/><AGARI ba="0,1" hai="21,24,28,72,77,82,92,97,103,121,123" m="39303" machi="97" ten="30,2900,0" yaku="25,1,52,1" doraHai="74" who="2" fromWho="1" sc="301,0,463,-29,163,39,63,0" /><INIT seed="2,1,0,2,2,105" ten="301,434,202,63" oya="2" hai0="127,102,115,121,9,3,78,70,119,45,83,103,74" hai1="26,93,114,14,57,131,120,32,92,53,117,60,33" hai2="123,75,20,61,94,10,47,27,97,124,96,90,22" hai3="99,113,18,52,48,23,89,25,106,51,29,91,35"/><V112/><F112/><W104/><G113/><T125/><D70/><U128/><E114/><V42/><F123/><W95/><G51/><T56/><D115/><U88/><E117/><V66/><F124/><N who="0" m="47690" /><D56/><U100/><E120/><V84/><F10/><W24/><REACH who="3" step="1"/><G91/><REACH who="3" ten="301,434,202,53" step="2"/><T87/><D121/><U116/><E88/><V54/><F42/><W86/><G86/><T69/><D119/><U46/><E116/><V37/><F37/><W110/><G110/><T58/><D87/><U39/><E39/><V34/><F47/><AGARI ba="1,1" hai="18,23,24,25,29,35,47,48,52,89,95,99,104,106" machi="47" ten="30,7700,0" yaku="1,1,7,1,54,1,53,1" doraHai="105" doraHaiUra="41" who="3" fromWho="2" sc="301,0,434,0,202,-80,53,90" /><INIT seed="3,0,0,2,1,58" ten="301,434,122,143" oya="3" hai0="114,92,18,83,52,89,2,64,21,86,123,46,130" hai1="35,97,14,26,74,117,120,105,100,95,38,43,57" hai2="104,133,113,111,65,69,62,122,41,67,27,4,1" hai3="36,22,70,76,116,0,98,90,131,54,3,85,107"/><W81/><G116/><T17/><D123/><U101/><E120/><V91/><F122/><W53/><G70/><T78/><D130/><U61/><E74/><V127/><F113/><W110/><G36/><T13/><D2/><U88/><E117/><V42/><F111/><W29/><G131/><T94/><D114/><U30/><E38/><V125/><F104/><W73/><G110/><T66/><D18/><U12/><E43/><N who="2" m="16395" /><F91/><W68/><G68/><T87/><D92/><U75/><E75/><V19/><F27/><N who="3" m="16631" /><G0/><T115/><D115/><U82/><E82/><V84/><F84/><W55/><G55/><T25/><D25/><U134/><E134/><V34/><F34/><W11/><G11/><T93/><D93/><U39/><E39/><V23/><F133/><W79/><G79/><T47/><D47/><U109/><E109/><V15/><F65/><W20/><G20/><T118/><D118/><U96/><E101/><V63/><F63/><W16/><G16/><T126/><D126/><N who="2" m="48138" /><F1/><W31/><G3/><T45/><D45/><U9/><E9/><V48/><F48/><AGARI ba="0,0" hai="13,17,21,46,48,52,64,66,78,83,86,87,89,94" machi="48" ten="40,2600,0" yaku="8,1,54,1" doraHai="58" who="0" fromWho="2" sc="301,26,434,0,122,-26,143,0" owari="327,12.7,434,53.4,96,-40.4,143,-25.7" /></mjloggm>