<mjloggm ver="2.3"><GO type="225" lobby="0"/><UN n0="%E3%81%82%E3%82%93%E3%81%AA%E3%81%A4" n1="%E3%81%8F%E3%82%8A%E3%83%94%E3%83%BC" n2="%47%48%4F%53%54" n3="%E7%B4%94%E6%BD%94%E3%83%94%E3%83%A9%E3%83%8B%E3%82%A2" dan="16,16,17,16" rate="2131.07,2082.87,2213.74,2103.54" sx="M,M,M,M"/><TAIKYOKU oya="0"/><INIT seed="0,0,0,1,0,107" ten="250,250,250,250" oya="0" hai0="120,90,116,119,84,32,10,110,74,61,118,128,55" hai1="92,87,18,108,100,132,75,86,73,14,117,27,9" hai2="88,99,97,122,68,102,49,115,81,42,33,41,111" hai3="0,39,131,45,96,38,5,8,65,30,44,23,12"/><T50/><D120/><U35/><E117/><V79/><F122/><W64/><G131/><T77/><D32/><U26/><E108/><V129/><F115/><W57/><G96/><T127/><D128/><U98/><E132/><V46/><F129/><W62/><G64/><T113/><D113/><U71/><E71/><V112/><F111/><W31/><G0/><T60/><D110/><U121/><E121/><V19/><F112/><W3/><G3/><T133/><D10/><U53/><E53/><V20/><F68/><W52/><G65/><T2/><D2/><U89/><E87/><V94/><F33/><W66/><G66/><T82/><D127/><U76/><E76/><V106/><F42/><W54/><G54/><T25/><D25/><U114/><E114/><V72/><F19/><W4/><G4/><T125/><D125/><U93/><REACH who="1" step="1"/><E27/><REACH who="1" ten="250,240,250,250" step="2"/><V11/><REACH who="2" step="1"/><F20/><REACH who="2" ten="250,240,240,250" step="2"/><W13/><G23/><T59/><REACH who="0" step="1"/><D133/><REACH who="0" ten="240,240,240,250" step="2"/><U17/><E17/><V36/><F36/><W29/><G39/><T7/><D7/><U6/><E6/><V126/><F126/><W83/><G38/><T103/><D103/><U101/><E101/><V16/><F16/><W109/><G109/><T24/><D24/><U34/><E34/><V47/><F47/><W28/><G44/><T56/><D56/><U91/><E91/><V37/><F37/><W105/><G45/><T1/><D1/><U85/><E85/><V130/><F130/><W69/><G5/><T95/><AGARI ba="0,3" hai="50,55,59,60,61,74,77,82,84,90,95,116,118,119" machi="95" ten="30,6000,0" yaku="1,1,0,1,52,1,53,0" doraHai="107" doraHaiUra="43" who="0" fromWho="0" sc="240,90,240,-20,240,-20,250,-20" /><INIT seed="0,1,0,0,1,12" ten="330,220,220,230" oya="0" hai0="65,130,77,118,15,113,8,74,6,36,93,108,78" hai1="110,53,71,41,131,91,49,120,98,16,21,121,24" hai2="48,112,102,9,14,73,0,55,83,25,51,58,94" hai3="88,95,3,43,34,79,125,32,46,76,114,82,19"/><T103/><D113/><U75/><E75/><V22/><F112/><W56/><G3/><T100/><D118/><U116/><E116/><V119/><F0/><W97/><G125/><T20/><D36/><U26/><E71/><V68/><F68/><W11/><G56/><T126/><D74/><U92/><E110/><V129/><F129/><W18/><G114/><T44/><D130/><U50/><E131/><V52/><F73/><W59/><G59/><T85/><D65/><U132/><E132/><V64/><F83/><W104/><G104/><T72/><D72/><U29/><E41/><V117/><F64/><W7/><G32/><T45/><D126/><U128/><E128/><V17/><F94/><W38/><G34/><T86/><D20/><U5/><E5/><V123/><F102/><N who="0" m="38954" /><D108/><U115/><E115/><V40/><F40/><W124/><G124/><T80/><D93/><U4/><E4/><V62/><F123/><W30/><G30/><T69/><D69/><U106/><E106/><V63/><F119/><W1/><G79/><N who="0" m="30219" /><D80/><U99/><E99/><V133/><F133/><W101/><G101/><T27/><D27/><U10/><E120/><V13/><F117/><W89/><G89/><T42/><D42/><U37/><E37/><V111/><F111/><W66/><G66/><T54/><D54/><U90/><E53/><V135/><F135/><W28/><G28/><T84/><AGARI ba="1,0" hai="6,8,15,44,45,84,85,86" m="30219,38954" machi="84" ten="30,1500,0" yaku="8,1" doraHai="12" who="0" fromWho="0" sc="330,18,220,-6,220,-6,230,-6" /><INIT seed="0,2,0,3,2,96" ten="348,214,214,224" oya="0" hai0="110,54,84,31,18,63,130,67,126,35,55,94,135" hai1="49,12,33,64,118,109,39,21,133,59,99,90,115" hai2="91,119,19,116,85,121,75,107,105,93,7,30,43" hai3="77,44,76,131,128,56,11,32,16,51,82,83,66"/><T72/><D72/><U89/><E118/><N who="2" m="45099" /><F121/><W103/><G32/><T6/><D130/><N who="3" m="49705" /><G66/><T97/><D135/><U88/><E39/><V86/><F75/><W125/><G56/><T95/><D6/><U74/><E33/><V17/><F30/><W62/><G62/><T29/><D126/><U27/><E74/><V13/><F43/><N who="3" m="24991" /><G125/><T104/><D67/><U123/><E109/><V60/><F60/><W25/><G103/><T81/><D63/><N who="1" m="38015" /><E115/><V113/><F113/><W65/><G65/><T106/><D35/><U111/><E111/><V2/><F2/><W42/><G42/><T9/><D110/><U26/><E133/><V117/><N who="2" m="45107" /><V87/><DORA hai="78" /><F7/><W101/><G101/><T80/><D54/><U79/><E123/><V22/><F19/><W47/><G47/><T134/><D18/><N who="1" m="10439" /><E79/><N who="3" m="30282" /><G11/><T61/><D9/><U120/><E120/><V4/><F4/><W52/><G52/><T3/><D55/><U40/><E99/><AGARI ba="2,0" hai="13,17,22,85,86,87,91,93,99,105,107" m="45107" machi="99" ten="40,1300,0" yaku="12,1" doraHai="96,78" who="2" fromWho="1" sc="348,0,214,-19,214,19,224,0" /><INIT seed="1,0,0,4,2,86" ten="348,195,233,224" oya="1" hai0="96,46,135,101,115,98,63,131,26,74,99,89,109" hai1="3,85,15,108,9,87,30,14,8,103,83,38,41" hai2="105,44,64,100,75,34,94,23,132,66,58,43,88" hai3="10,54,50,19,29,55,95,76,16,52,37,1,68"/><U113/><E113/><V36/><F34/><W65/><G37/><T51/><D115/><U17/><E3/><V84/><F75/><W11/><G29/><T110/><D74/><U111/><E30/><V81/><F132/><W97/><G76/><T62/><D135/><U6/><E103/><V12/><F105/><W31/><G31/><T73/><D73/><U127/><E127/><V20/><F58/><W40/><G65/><T130/><D101/><U60/><E60/><N who="0" m="23081" /><D89/><U35/><E35/><V67/><REACH who="2" step="1"/><F12/><REACH who="2" ten="348,195,223,224" step="2"/><W39/><G68/><T53/><D26/><U28/><E28/><V71/><F71/><W24/><G24/><T104/><D104/><U79/><REACH who="1" step="1"/><E87/><REACH who="1" ten="348,185,223,224" step="2"/><V18/><F18/><N who="3" m="6699" /><G1/><T69/><D131/><U0/><E0/><V32/><F32/><W25/><G25/><T118/><D130/><U82/><E82/><V92/><F92/><W112/><G112/><T72/><D72/><U33/><E33/><V22/><F22/><W59/><G11/><T57/><D110/><U13/><E13/><V116/><F116/><W93/><G93/><T121/><D109/><U77/><E77/><V45/><F45/><AGARI ba="0,2" hai="6,8,9,14,15,17,38,41,45,79,83,85,108,111" machi="45" ten="40,7700,0" yaku="1,1,53,2" doraHai="86" doraHaiUra="123" who="1" fromWho="2" sc="348,0,185,97,223,-77,224,0" /><INIT seed="1,1,0,4,0,106" ten="348,282,146,224" oya="1" hai0="30,116,23,104,76,18,4,6,129,34,127,130,134" hai1="52,75,88,91,26,70,64,82,21,78,24,28,56" hai2="122,55,118,86,25,109,111,68,37,60,123,90,128" hai3="11,16,47,74,67,35,77,133,58,1,72,135,101"/><U102/><E102/><V14/><F25/><W9/><G35/><T132/><D116/><U108/><E108/><N who="2" m="41547" /><F14/><N who="3" m="7247" /><G77/><T10/><D104/><U15/><E15/><V46/><F90/><W43/><G101/><T119/><D119/><U103/><E103/><V89/><F89/><W62/><G1/><N who="0" m="271" /><D6/><U94/><E26/><V33/><F86/><W83/><G83/><T59/><D76/><U38/><E38/><V13/><F13/><W53/><G53/><T5/><D59/><U63/><E94/><V105/><F105/><W85/><G85/><T2/><D30/><U36/><E36/><V112/><F33/><W93/><G93/><T66/><D34/><U120/><E120/><N who="2" m="46123" /><F118/><W48/><G11/><N who="0" m="2487" /><D127/><U22/><E21/><V8/><F8/><W69/><G69/><T57/><D23/><U44/><E44/><V117/><F117/><W114/><G114/><T0/><D0/><U40/><E40/><N who="2" m="22799" /><F112/><W121/><G121/><T39/><D39/><U87/><E87/><V100/><F100/><W71/><G71/><T51/><D18/><U41/><E41/><V125/><F125/><W17/><G17/><T12/><D12/><U45/><E45/><V50/><F128/><W27/><G27/><T126/><D126/><U61/><AGARI ba="1,0" hai="22,24,28,52,56,61,63,64,70,75,78,82,88,91" machi="61" ten="20,12000,1" yaku="0,1,7,1,52,1,54,2" doraHai="106" who="1" fromWho="1" sc="348,-41,282,123,146,-41,224,-41" /><INIT seed="1,2,0,0,5,76" ten="307,405,105,183" oya="1" hai0="88,30,44,126,43,42,20,19,8,37,125,24,7" hai1="120,75,61,18,117,116,65,85,78,95,84,109,89" hai2="2,74,47,1,0,121,31,128,16,104,25,72,102" hai3="9,77,87,106,118,81,55,115,34,135,80,41,62"/><U67/><E120/><V13/><F121/><W79/><G115/><T49/><D30/><U134/><E134/><V14/><F128/><W90/><G135/><T23/><D23/><U107/><E75/><V133/><F133/><W60/><G34/><T82/><D43/><U73/><E73/><V29/><F47/><W35/><G35/><T38/><D38/><U123/><E123/><V5/><F102/><W99/><G41/><T132/><D37/><U127/><E127/><N who="0" m="48649" /><D132/><U22/><E107/><V93/><F93/><W69/><G69/><T57/><D57/><U40/><E40/><V52/><F104/><W15/><G118/><T27/><D27/><U103/><E103/><V45/><F74/><W54/><G106/><T51/><D51/><U91/><E78/><V12/><F72/><W96/><G87/><N who="1" m="33354" /><E61/><V50/><REACH who="2" step="1"/><F5/><REACH who="2" ten="307,405,95,183" step="2"/><W59/><G62/><T6/><D7/><U101/><E95/><V21/><AGARI ba="2,1" hai="0,1,2,12,13,14,16,21,25,29,31,45,50,52" machi="21" ten="40,8000,1" yaku="1,1,2,1,0,1,54,2,53,0" doraHai="76" doraHaiUra="70" who="2" fromWho="2" sc="307,-22,405,-42,95,96,183,-22" /><INIT seed="2,0,0,4,4,31" ten="285,363,191,161" oya="2" hai0="84,11,89,110,32,99,37,98,124,121,3,109,48" hai1="126,86,52,76,87,50,82,66,39,117,26,6,131" hai2="79,119,118,77,133,30,33,9,4,5,132,100,75" hai3="14,127,57,13,112,134,106,18,60,95,63,94,80"/><V53/><F100/><W7/><G106/><T54/><D37/><U55/><E39/><V111/><F75/><W83/><G112/><T17/><D121/><U8/><E117/><N who="2" m="44555" /><F53/><W29/><G29/><T61/><D61/><U35/><E131/><V129/><F129/><W25/><G25/><T91/><D91/><U78/><E126/><V22/><F111/><N who="0" m="42506" /><D32/><U105/><E105/><V59/><F59/><W10/><G127/><T51/><D51/><U23/><E66/><V93/><F93/><W88/><G95/><N who="0" m="54695" /><D124/><U62/><E50/><V65/><F65/><W41/><G41/><T104/><D104/><U69/><E62/><V45/><F45/><W128/><G134/><N who="2" m="51817" /><F22/><W40/><G40/><T0/><D54/><U24/><E23/><V36/><F36/><W81/><G128/><T130/><D48/><U42/><E42/><V73/><F73/><W1/><G63/><T90/><D130/><U58/><E58/><V28/><F28/><W49/><G49/><T125/><D125/><U113/><E55/><V120/><F120/><W96/><REACH who="3" step="1"/><G18/><REACH who="3" ten="285,363,191,151" step="2"/><T20/><D17/><U43/><E43/><V67/><F67/><AGARI ba="0,1" hai="1,7,10,13,14,57,60,67,80,81,83,88,94,96" machi="67" ten="40,5200,0" yaku="1,1,2,1,54,1,53,0" doraHai="31" doraHaiUra="19" who="3" fromWho="2" sc="285,0,363,0,191,-52,151,62" /><INIT seed="3,0,0,2,4,126" ten="285,363,139,213" oya="3" hai0="6,133,3,62,50,11,46,12,98,125,0,27,118" hai1="65,79,60,70,34,87,63,83,135,74,51,107,31" hai2="69,28,49,44,85,1,84,131,45,9,41,67,75" hai3="73,101,110,23,10,111,127,30,18,102,100,36,123"/><W86/><G127/><T90/><D118/><U129/><E63/><V37/><F75/><W134/><G36/><T35/><D125/><U106/><E51/><V68/><F28/><W112/><G73/><T122/><D122/><U116/><E87/><V128/><F1/><W59/><G123/><T97/><D133/><U92/><E92/><V66/><F9/><W42/><G134/><T81/><D98/><U71/><E71/><N who="2" m="27211" /><F85/><W61/><G42/><T14/><D62/><U93/><E129/><N who="2" m="49739" /><F84/><W40/><G40/><AGARI ba="0,0" hai="37,40,41,44,45,49,66,67" m="49739,27211" machi="40" ten="30,12000,2" yaku="19,1,34,2,52,3" doraHai="126" who="2" fromWho="3" sc="285,0,363,0,139,120,213,-120" owari="285,8.5,363,46.3,259,-14.1,93,-40.7" /></mjloggm>