<mjloggm ver="2.3"><GO type="225" lobby="0"/><UN n0="%E5%A4%96%E5%B7%9D%E7%AB%9C%E6%88%90" n1="%73%73%6B%5F%66%72%65%65" n2="%33%74%72%65%65" n3="%61%6D%65%6B%69" dan="16,17,16,16" rate="2096.76,2179.33,2125.04,2085.94" sx="M,M,F,M"/><TAIKYOKU oya="0"/><INIT seed="0,0,0,5,0,129" ten="250,250,250,250" oya="0" hai0="74,115,94,107,42,6,118,88,132,17,15,134,69" hai1="110,130,76,106,116,61,120,68,64,34,43,124,5" hai2="114,79,102,40,8,133,87,80,97,65,78,72,70" hai3="123,13,20,77,7,38,50,85,117,135,56,3,62"/><T10/><D115/><U24/><E116/><V37/><F114/><W104/><G38/><T59/><D118/><U36/><E120/><V54/><F133/><N who="0" m="51306" /><D69/><U109/><E124/><V22/><F54/><W91/><G123/><T75/><D107/><U49/><E130/><V63/><F22/><W52/><G104/><T31/><D31/><U127/><E127/><V100/><F78/><W103/><G135/><T0/><D42/><U1/><E106/><V44/><F97/><W83/><G117/><T2/><D59/><U57/><E57/><V89/><REACH who="2" step="1"/><F8/><REACH who="2" ten="250,250,240,250" step="2"/><W28/><G77/><T21/><D0/><U41/><E1/><V30/><F30/><W113/><G3/><T16/><D17/><U101/><E109/><V66/><F66/><W121/><G113/><T9/><D10/><U131/><E64/><V105/><F105/><W112/><G112/><T46/><D46/><U122/><E110/><V111/><F111/><W51/><G121/><T73/><D75/><U11/><E122/><V12/><F12/><W71/><G28/><T26/><D2/><U86/><E11/><V90/><F90/><W14/><G14/><T95/><D95/><AGARI ba="0,1" hai="37,40,44,63,65,70,72,79,80,87,89,95,100,102" machi="95" ten="30,2000,0" yaku="1,1,7,1,53,0" doraHai="129" doraHaiUra="92" who="2" fromWho="0" sc="250,-20,250,0,240,30,250,0" /><INIT seed="1,0,0,4,3,21" ten="230,250,270,250" oya="1" hai0="6,1,12,54,30,73,14,55,19,111,89,135,96" hai1="83,39,41,68,115,112,124,45,93,29,13,50,109" hai2="99,108,49,26,104,59,110,38,28,97,100,10,65" hai3="46,48,20,130,60,18,61,118,67,81,71,82,0"/><U131/><E131/><V36/><F97/><W122/><G122/><T116/><D116/><U25/><E124/><V44/><F10/><W84/><G0/><T113/><D73/><U3/><E3/><V27/><F65/><W101/><G130/><T125/><D113/><U23/><E109/><N who="2" m="42091" /><F59/><W103/><G61/><T74/><D74/><U107/><E107/><V34/><F26/><W31/><G31/><T58/><D55/><AGARI ba="0,0" hai="27,28,34,36,38,44,49,55,99,100,104" m="42091" machi="55" ten="30,2000,0" yaku="14,1,52,1" doraHai="21" who="2" fromWho="0" sc="230,-20,250,0,270,20,250,0" /><INIT seed="2,0,0,1,4,54" ten="210,250,290,250" oya="2" hai0="78,124,31,21,69,18,130,87,133,57,59,131,113" hai1="28,111,5,9,20,17,24,132,135,23,46,84,79" hai2="63,109,81,22,32,90,65,134,94,99,58,71,44" hai3="127,103,62,36,45,52,75,7,34,53,125,37,93"/><V98/><F32/><W89/><G75/><T112/><D69/><U27/><E46/><V41/><F134/><N who="1" m="51241" /><E84/><N who="2" m="50447" /><F71/><W129/><G34/><T68/><D68/><U67/><E67/><V61/><F109/><W101/><G7/><T118/><D118/><U104/><E79/><V42/><F44/><W43/><G37/><T77/><D31/><U66/><E66/><V123/><F123/><W73/><G73/><T88/><D133/><U30/><E104/><V33/><F33/><W2/><G2/><T15/><D124/><N who="3" m="47689" /><G129/><N who="0" m="49163" /><D78/><U26/><E111/><V11/><F11/><W4/><G4/><T97/><D97/><N who="2" m="36874" /><F63/><W29/><G29/><N who="1" m="11370" /><E23/><V74/><F74/><W110/><G110/><T82/><D77/><U35/><E35/><V6/><F22/><W114/><G114/><AGARI ba="0,0" hai="15,18,21,57,59,82,87,88,112,113,114" m="49163" machi="114" ten="30,7700,0" yaku="19,1,52,2,54,1" doraHai="54" who="0" fromWho="3" sc="210,77,250,0,290,0,250,-77" /><INIT seed="3,0,0,3,1,115" ten="287,250,290,173" oya="3" hai0="86,65,28,97,54,78,55,122,25,49,98,94,11" hai1="3,56,9,5,38,106,112,42,63,60,77,23,125" hai2="15,18,128,58,123,84,72,22,74,73,100,41,83" hai3="113,79,70,69,40,96,101,133,110,12,33,4,20"/><W61/><G33/><T121/><D98/><U118/><E112/><V50/><F128/><W29/><G113/><T47/><D65/><U87/><E106/><V36/><F123/><W16/><G133/><T124/><D124/><U26/><E125/><V31/><F100/><W130/><G130/><T0/><D55/><U24/><E118/><V52/><F31/><W51/><G110/><T134/><D134/><U59/><E42/><V107/><F107/><W120/><G120/><T35/><D86/><U2/><E38/><V75/><F75/><W95/><G29/><T30/><D78/><U129/><E129/><V91/><F41/><W103/><G103/><T108/><D30/><U45/><E45/><V126/><F36/><W43/><G79/><T17/><D108/><U131/><E131/><V68/><F126/><W82/><G82/><T19/><D19/><U99/><E99/><V102/><F102/><W105/><G105/><T46/><D46/><U48/><E48/><V111/><F111/><W135/><G135/><T32/><D32/><U88/><E77/><N who="2" m="44455" /><F68/><W90/><G51/><T6/><REACH who="0" step="1"/><D17/><REACH who="0" ten="277,250,290,173" step="2"/><U7/><E87/><V39/><F39/><W66/><G70/><T89/><AGARI ba="0,1" hai="0,6,11,25,28,35,47,49,54,89,94,97,121,122" machi="89" ten="20,5200,0" yaku="1,1,2,1,0,1,7,1,53,0" doraHai="115" doraHaiUra="81" who="0" fromWho="0" sc="277,62,250,-13,290,-13,173,-26" owari="339,43.9,237,-16.3,277,7.7,147,-35.3" /></mjloggm>