<mjloggm ver="2.3"><GO type="225" lobby="0"/><UN n0="%E3%81%BE%E3%81%A8%E3%81%9F" n1="%E4%B8%AD%E5%B9%B4%E3%81%AE%E5%8D%B1%E6%A9%9F" n2="%4E%49%4A%49%49%52%4F" n3="%E6%80%AA%E3%81%97%E3%81%99%E3%81%8E%E3%82%8B%E3%83%81%E3%83%BC" dan="16,16,16,16" rate="2174.42,2132.94,2157.88,2149.87" sx="M,M,M,M"/><TAIKYOKU oya="0"/><INIT seed="0,0,0,3,2,68" ten="250,250,250,250" oya="0" hai0="59,31,6,63,102,34,17,111,131,104,2,55,1" hai1="113,44,4,99,93,129,9,87,91,73,48,3,89" hai2="115,103,67,112,123,45,85,109,58,15,95,57,126" hai3="11,62,46,16,5,19,72,77,82,53,98,33,40"/><T130/><D111/><U27/><E129/><N who="0" m="49161" /><D6/><U69/><E69/><V124/><F109/><W49/><G33/><T119/><D119/><U86/><E73/><V52/><F123/><W39/><G98/><N who="0" m="61527" /><D17/><U51/><E113/><V132/><F132/><W127/><G62/><T118/><D118/><U29/><E91/><V36/><F15/><W106/><G127/><N who="2" m="48681" /><F85/><W37/><G106/><T75/><D75/><U96/><E87/><V128/><F95/><W12/><REACH who="3" step="1"/><G37/><REACH who="3" ten="250,250,250,240" step="2"/><T107/><D107/><U26/><E51/><N who="2" m="28783" /><F36/><W50/><G50/><T116/><D116/><U21/><REACH who="1" step="1"/><E27/><AGARI ba="0,1" hai="1,2,27,31,34,55,59,63" m="61527,49161" machi="27" ten="30,1500,0" yaku="19,1" doraHai="68" who="0" fromWho="1" sc="250,25,250,-15,250,0,240,0" /><INIT seed="0,1,0,5,3,28" ten="275,235,250,240" oya="0" hai0="70,125,124,106,102,107,101,89,68,81,17,13,51" hai1="26,60,105,104,59,52,41,54,9,114,32,3,111" hai2="0,21,129,84,65,43,123,1,37,5,71,46,130" hai3="20,72,97,29,64,77,112,76,27,94,117,22,33"/><T122/><D122/><U49/><E111/><V18/><F123/><W108/><G112/><T100/><D51/><U16/><E114/><V42/><F42/><W85/><G117/><T99/><D81/><U6/><E41/><V38/><F38/><W116/><G72/><T96/><D89/><U103/><E103/><V57/><F71/><W14/><G108/><T135/><D102/><U127/><E127/><N who="0" m="48713" /><D135/><U113/><E113/><V118/><F118/><W36/><G36/><T83/><D83/><U2/><E2/><V86/><F5/><W98/><G116/><T31/><D31/><U110/><E110/><V48/><F1/><W23/><G14/><T30/><D30/><U53/><E32/><V69/><F0/><W15/><G15/><T58/><D58/><U109/><E109/><V95/><F95/><W61/><G85/><T39/><D39/><U80/><E80/><V128/><F69/><W134/><G134/><T66/><D66/><U40/><E40/><V115/><F115/><W88/><REACH who="3" step="1"/><G97/><REACH who="3" ten="275,235,250,230" step="2"/><T8/><AGARI ba="1,1" hai="8,13,17,68,70,96,99,100,101,106,107" m="48713" machi="8" ten="30,1500,0" yaku="18,1" doraHai="28" who="0" fromWho="0" sc="275,28,235,-6,250,-6,230,-6" /><INIT seed="0,2,0,0,4,23" ten="303,229,244,224" oya="0" hai0="77,1,69,43,113,29,71,128,12,52,119,107,124" hai1="108,72,37,44,33,127,17,50,15,73,84,21,68" hai2="40,134,102,90,92,10,83,80,85,59,6,54,94" hai3="28,131,62,78,25,53,110,76,38,99,45,98,60"/><T2/><D113/><U4/><E108/><V65/><F134/><W8/><G110/><T117/><D124/><U112/><E127/><V9/><F40/><W26/><G131/><T135/><D107/><U22/><E33/><V39/><F39/><W120/><G120/><T49/><D43/><U20/><E37/><V105/><F105/><W88/><G38/><T7/><D29/><U115/><E68/><V93/><F65/><W81/><G8/><N who="2" m="3177" /><F6/><W34/><G34/><T129/><D12/><U61/><E4/><V11/><N who="2" m="3185" /><V57/><DORA hai="41" /><F102/><W126/><G28/><T35/><D35/><U103/><E103/><V111/><F111/><W75/><G126/><T89/><D7/><U46/><E61/><N who="3" m="23658" /><G75/><T51/><D135/><U18/><E15/><V132/><F132/><W130/><G130/><T64/><D64/><U66/><E66/><V63/><F59/><W67/><G67/><T104/><D104/><U32/><E32/><V0/><F0/><W96/><G88/><T79/><D52/><U42/><E46/><V87/><F83/><W122/><G122/><T5/><D5/><U16/><REACH who="1" step="1"/><E84/><AGARI ba="2,0" hai="54,57,63,80,84,85,87,90,92,93,94" m="3185" machi="84" ten="40,1300,0" yaku="8,1" doraHai="23,41" who="2" fromWho="1" sc="303,0,229,-19,244,19,224,0" /><INIT seed="1,0,0,1,3,1" ten="303,210,263,224" oya="1" hai0="127,58,111,101,77,12,5,48,51,3,45,98,84" hai1="87,18,29,86,128,85,7,130,80,65,69,78,76" hai2="104,56,113,124,129,64,53,102,125,97,11,132,90" hai3="39,133,16,103,4,68,50,27,131,19,2,43,9"/><U117/><E117/><V40/><F113/><W82/><G68/><T120/><D111/><U121/><E29/><V59/><F40/><W26/><G133/><T60/><D3/><U72/><E121/><V115/><F115/><W34/><G131/><N who="1" m="50218" /><E18/><V6/><F129/><W21/><G103/><T13/><D48/><U110/><E69/><V67/><F90/><W114/><G114/><T46/><D46/><U17/><E17/><V57/><F53/><W96/><G96/><T47/><D47/><U22/><E22/><V62/><F132/><W93/><G93/><T8/><D120/><U70/><E70/><V49/><F49/><W106/><G106/><T32/><D32/><U107/><E65/><V73/><F73/><W31/><G82/><T134/><D13/><U10/><E107/><V38/><F38/><W94/><G94/><T105/><D134/><U37/><E37/><V122/><F122/><W92/><G92/><T61/><D127/><N who="2" m="48714" /><F64/><W99/><G99/><T100/><D100/><U95/><E95/><V108/><F108/><W135/><G135/><T52/><D45/><U74/><E110/><V119/><F119/><W25/><G39/><T0/><D105/><U89/><E89/><V41/><F41/><W123/><G123/><T109/><D109/><U63/><E63/><V24/><F24/><N who="3" m="14375" /><G19/><T116/><D116/><U23/><E23/><V35/><F35/><W88/><G88/><T79/><D101/><U55/><E55/><V91/><F91/><W126/><G126/><T33/><D33/><U118/><E118/><V71/><F71/><W20/><G34/><RYUUKYOKU ba="0,0" sc="303,-15,210,-15,263,15,224,15" hai2="6,11,56,57,59,62,67,97,102,104" hai3="2,4,9,20,25,26,27,31,43,50" /><INIT seed="2,1,0,2,1,72" ten="288,195,278,239" oya="2" hai0="24,13,81,48,92,9,17,124,85,65,117,37,45" hai1="60,75,76,87,119,6,41,50,64,123,61,25,2" hai2="14,44,121,134,38,42,94,125,132,56,131,4,63" hai3="105,116,82,111,113,27,80,84,66,114,110,79,127"/><V49/><F121/><W102/><G116/><T58/><D124/><U118/><E75/><V103/><F125/><W108/><G127/><T77/><D117/><U122/><E118/><V20/><F131/><W88/><G66/><T0/><D37/><U29/><E119/><V46/><F103/><W1/><G27/><T15/><D0/><U55/><E41/><V86/><F94/><W18/><G18/><T73/><D73/><U43/><E43/><N who="2" m="22647" /><F86/><N who="3" m="48415" /><G1/><T78/><D24/><U23/><E2/><V74/><F74/><W68/><G68/><T28/><D28/><U32/><E32/><V95/><F95/><W62/><G62/><N who="0" m="38103" /><D92/><U10/><E64/><N who="2" m="39015" /><F20/><W93/><G93/><T31/><D31/><U91/><E123/><V30/><F30/><W129/><G129/><T90/><D15/><N who="1" m="5591" /><E122/><V19/><F19/><W97/><AGARI ba="1,0" hai="82,84,88,97,102,105,108,110,111,113,114" m="48415" machi="97" ten="40,8000,1" yaku="14,1,34,2,52,1,54,1" doraHai="72" who="3" fromWho="3" sc="288,-21,195,-21,278,-41,239,83" /><INIT seed="3,0,0,5,5,126" ten="267,174,237,322" oya="3" hai0="124,43,104,128,32,16,24,75,36,113,103,21,47" hai1="57,17,114,106,87,107,51,39,130,73,31,72,90" hai2="122,55,133,74,92,15,83,65,45,132,101,111,58" hai3="105,129,46,97,12,25,29,62,7,63,10,61,95"/><W53/><G129/><T48/><D124/><U38/><E31/><V82/><F111/><W80/><G105/><N who="1" m="39946" /><E17/><V70/><F122/><W41/><G80/><T77/><D128/><U112/><E51/><V81/><F45/><W3/><G3/><T27/><D113/><N who="1" m="43627" /><E57/><V135/><F15/><W67/><G53/><T93/><D104/><U102/><E87/><V100/><F65/><W35/><G67/><T88/><D103/><N who="2" m="39498" /><F70/><W85/><G85/><T59/><D59/><U78/><E102/><V96/><F74/><N who="1" m="28777" /><E78/><V131/><F131/><W109/><G63/><T64/><D48/><U66/><E66/><V110/><F110/><W40/><G109/><T79/><D64/><U0/><E130/><V6/><F6/><W5/><G5/><T30/><REACH who="0" step="1"/><D75/><REACH who="0" ten="257,174,237,322" step="2"/><U50/><E50/><V123/><F58/><W4/><G62/><T13/><D13/><U69/><E90/><V28/><F132/><W8/><G61/><T118/><D118/><U26/><E26/><V120/><F133/><W44/><G46/><T18/><D18/><U76/><E76/><V86/><F135/><W119/><G44/><T19/><D19/><U2/><E69/><V108/><F108/><W121/><G12/><T34/><D34/><U89/><E89/><V127/><F123/><W98/><G121/><T42/><D42/><U22/><E22/><V20/><F120/><W115/><G41/><T71/><D71/><U52/><E52/><V134/><F55/><W56/><G40/><T116/><D116/><U117/><E117/><V84/><F20/><W94/><G119/><T11/><D11/><RYUUKYOKU ba="0,1" sc="257,15,174,15,237,-15,322,-15" hai0="16,21,24,27,30,32,36,43,47,77,79,88,93" hai1="0,2,38,39" owari="272,7.2,189,-31.1,222,-17.8,317,41.7" /></mjloggm>